4096 6442
353 449 465 514 691

1606 451 2030 515 NICEPHORI
2073 450 2510 514 BLEMMIDE

3640 451 3760 514 692

1551 587 1927 648 SYNOPSIS
1975 589 2067 648 CA
2079 586 2278 646 PITIS
2322 585 2571 647 PRIMI.

1614 684 1768 736 QUOD
1815 685 1920 728 EST
1962 684 2036 727 ΠΒ
2081 683 2499 728 DEFINITIONE.

357 775 416 834 1.
445 773 845 854 Homonymia
878 773 1156 835 vocabuli
1182 772 1378 835 Graeci
1400 779 1529 855 ὅρου
1568 784 1622 834 et
1649 774 2122 855 signiﬁcatorum
2151 774 2537 855 enumeratio.
2561 807 2636 819 —
2670 777 2728 833 2.
2769 774 2898 855 Quo
2920 773 3255 853 signiﬁcato
3283 772 3378 835 hic
3404 776 3757 854 accipiatur.

435 890 511 900 —
541 858 599 914 3.
635 853 920 936 Deﬁnitio
949 855 1308 936 deﬁnitionis
1337 853 1467 914 cum
1497 853 1888 936 explicati0ne
1916 853 2176 933 ejusdem
2209 853 2420 936 logica.
2461 889 2533 936 -έ
2564 857 2603 936 1
2637 855 2832 936 Quare
2859 853 3358 936 deﬁni'tio__oratio
3392 853 3754 936 deﬁniatur.

433 940 495 997 5.
534 933 731 1010 Quare
753 937 1001 996 concisa.
1032 970 1104 979 -—
1135 937 1195 993 6.
1231 935 1425 1009 Quare
1452 933 1800 1014 adjiciatur,
1836 945 2109 994 naturam
2140 934 2415 1011 subjecta:
2445 935 2536 993 rei
2561 933 2985 1015 declarans.-—
3013 939 3074 993 ’7.
3122 934 3318 994 Virtus
3353 933 3751 1015 deﬁnitionis,

434 1017 595 1096 quod
609 1035 738 1076 cum
759 1016 998 1095 deﬁnito
1020 1024 1418 1090 convertatur;
1446 1035 1574 1094 quae
1599 1018 1775 1076 etiam
1796 1015 2064 1093 exemplo
2083 1015 2436 1094 deﬁnitionis
2465 1015 2714 1096 hominis
2743 1014 3294 1096 declaratur,quam
3327 1014 3524 1076 Graeci
3547 1027 3760 1076 veteres

435 1095 626 1156 adhuc
653 1098 896 1174 gentiles
927 1105 1325 1176 usurparunt;
1353 1115 1484 1175 quae
1509 1117 1580 1156 ea:
1609 1115 1808 1155 eorum
1839 1096 2117 1176 sententia
2159 1115 2269 1174 per
2307 1095 2589 1176 singulas,
2607 1095 2934 1174 particulas
2959 1095 3398 1176 eaplicatur.—
3430 1098 3490 1156 8.
3539 1097 3760 1156 Vitium

439 1176 820 1256 deﬁnitionis,
855 1174 1089 1256 quando
1119 1196 1236 1235 non
1267 1174 1631 1236 convertitur
1679 1196 1808 1235 cum
1857 1175 2121 1256 deﬁnito,
2158 1174 2318 1254 quod
2342 1175 2417 1253 ﬁt
2443 1174 2670 1234 duabus
2717 1194 2791 1235 ex
2836 1178 3026 1235 causis
3046 1195 3070 1249 ,·
3100 1175 3192 1234 vel
3217 1195 3291 1256 ρας
3317 1176 3619 1236 additione
3670 1177 3765 1236 vel

432 1257 829 1317 subtractione
853 1255 1198 1337 dictionum,
1230 1275 1484 1336 quarum
1515 1257 1620 1316 illa
1650 1257 1952 1335 defectum,
1988 1255 2109 1337 hac
2135 1274 2442 1337 excessum
2470 1274 2667 1314 rerum
2714 1266 3014 1315 causatur.
3053 1289 3125 1299 -
3155 1259 3214 1316 9.
3252 1255 3588 1337 Occupatio.
3635 1276 3760 1336 qua

434 1338 595 1397 docet
623 1357 754 1417 quae
783 1336 1011 1417 additio
1041 1334 1401 1417 deﬁnitionis
1431 1334 1856 1396 conversionem
1883 1336 2172 1417 impediat
2199 1345 2256 1394 et
2279 1334 2442 1417 quod
2459 1337 2847 1417 propriorum
2879 1355 2949 1396 ac
2980 1334 3463 1416 inseparabili'um
3494 1334 3761 1397 acciden-

435 1419 578 1476 tium
607 1415 830 1478 additio
861 1415 1214 1494 deﬁnitionis
1243 1436 1672 1497 conversionem
1710 1437 1824 1474 non
1855 1415 2143 1489 destruat,
2189 1415 2290 1475 sed
2335 1426 2558 1497 tantum
2611 1415 2946 1497 brevitatem
2997 1415 3181 1497 vitiat,
3231 1426 3289 1475 et
3327 1417 3490 1497 quod
3531 1418 3640 1477 liac
3683 1419 3761 1477 de

429 1517 606 1558 causa
636 1499 698 1578 in
728 1498 1094 1578 deﬁnitiones
1127 1506 1354 1578 tantum
1382 1496 1798 1577 descriptorias
1827 1505 2236 1578 assuman_tur._
2254 1530 2336 1578 _—
2371 1499 2464 1556 10.
2499 1495 2758 1578 Proprie
2785 1495 2942 1578 dicta
2971 1504 3026 1578 et
3053 1494 3758 1578 deﬁnitio—descripturia

431 1577 578 1658 quid
607 1575 913 1658 differant.
947 1612 1026 1622 —
1056 1581 1152 1638 11.
1189 1576 1473 1654 Deﬁnitio
1523 1575 1912 1656 descriptoria
1942 1596 2050 1658 cur
2079 1576 2164 1658 ita
2195 1575 2374 1658 dicta.
2410 1609 2485 1621 —
2518 1579 2616 1636 12.
2654 1576 2802 1658 Usus
2831 1576 3256 1658 descriptionis.
3279 1612 3367 1658 7—
3395 1581 3492 1638 l3.

3585 1579 3760 1658 eﬁni—

433 1654 609 1740 tionis
636 1654 1036 1740 descriptoriae
1065 1677 1220 1718 usus.
1256 1662 1461 1740 --_l§.
1494 1654 1910 1740 Deﬁnitionem
1942 1655 2390 1740 descriptoriam
2419 1675 2552 1740 non
2568 1655 2763 1740 eodem
2792 1654 3026 1740 semper
3046 1654 3216 1740 modo
3244 1657 3401 1737 ﬁeri.
3434 1692 3513 1740 τ-
3544 1654 3623 1720 15
3649 1658 3759 1718 ln-

428 1739 610 1819 scitia’
637 1759 774 1808 esse,
808 1734 938 1798 cum
966 1745 1283 1819 suppetunt
1312 1734 2026 1819 diﬂ'erent’iaeessentiales,
2061 1734 2352 1819 usurpare
2379 1734 2795 1819 accidentales,
2845 1734 2920 1798 et'
2938 1734 3265 1797 describere
3294 1738 3458 1819 quod
3494 1741 3763 1819 potuerit

433 1818 691 1897 deﬁniri,
721 1820 842 1879 nisi
865 1816 1338 1898 imperfectorum
1367 1816 1524 1898 ratio
1547 1819 1625 1878 sit
1651 1816 1939 1898 habenda.
1973 1852 2050 1861 —
2075 1819 2177 1898 16.
2202 1816 2596 1898 Deﬁnitiones
2625 1819 2798 1878 etiam
2853 1827 2992 1877 sunt
3026 1836 3107 1898 ex,
3137 1816 3398 1879 materia
3422 1816 3645 1898 forma.
3679 1854 3760 1865 —

436 1901 532 1958 1⁸7.
567 1899 748 1960 Sunii
773 1900 906 1959 item
935 1896 1010 1959 ἐπ’
1036 1896 1298 1976 subjecto
1326 1908 1383 1958 et
1409 1897 1548 1975 ﬁne.
1579 1931 1656 1944 —
1685 1899 1804 1958 ιε’.
1843 1897 2024 1958 Sumi
2046 1896 2293 1976 denique
2322 1916 2395 1957 ea:
2420 1897 2674 1976 subjecto
2703 1898 2843 1968 solo,
2879 1906 2938 1958 et
2963 1916 3037 1957 ex
3064 1897 3183 1976 ﬁne
3209 1898 3352 1968 solo,
3376 1896 3507 1960 cum
3537 1899 3760 1961 alteru-

433 1989 592 2038 trum
618 1979 869 2060 sufﬁcit,
898 1981 1244 2059 plerumque
1270 1987 1461 2038 tamen
1492 1999 1621 2039 cum
1650 1996 1878 2060 genere.
1913 1979 2128 2060 τῌ19.
2180 1977 2251 2060 In
2297 1977 2643 2060 huiusmodi
2674 1980 2858 2060 etiam
2908 1977 3349 2060 deﬁnitionibus
3401 1980 3556 2060 (quas
3604 1979 3760 2041 alias

435 2060 694 2141 causales
720 2057 1020 2139 dicuntur)
1049 2057 1311 2141 reperiri
1333 2079 1462 2140 qum
1488 2057 1800 2141 generibus
1824 2068 1883 2118 et
1908 2057 2261 2141 dzﬂ‘erentiis
2289 2057 2763 2141 constituentibus
2783 2059 2909 2141 sint
2928 2057 3209 2141 analoga,
3235 2061 3355 2121 sive
3375 2057 3762 2141 prOportione

433 2138 798 2219 respondeat.
835 2174 912 2185 —
938 2137 1037 2201 20.
1072 2137 1200 2202 Cur
1229 2137 1449 2218 ὁριᾶμοὶ
1490 2137 1630 2218 quos
1665 2138 1882 2219 Latine
1896 2138 2262 2219 deﬁnitio-nes
2289 2137 2610 2219 reddimus,
2639 2141 2724 2198 ita
2761 2138 2976 2219 Graecas
3002 2137 3166 2198 dicti.
3195 2175 3270 2185 —
3299 2137 3400 2201 21'.
3428 2137 3570 2201 Alia
3599 2151 3756 2202 ratio

433 2216 542 2302 cur
568 2230 622 2279 et
653 2227 871 2302 ὁρισμοὶ
910 2231 964 2302 et
993 2227 1132 2302 ὅροι,
1167 2221 1230 2281 ἀί
1257 2216 1733 2302 esi-deﬁnitiones
1761 2229 1813 2277 et
1841 2218 1987 2297 ﬁnes

2131 2216 2350 2302 Crat-is
2377 2217 2647 2302 dicti._—
2678 2218 3124 2302 22ξὶ⁹πογραιρή
3167 2240 3298 2302 quae
3340 2220 3625 2302 Latitinis
3673 2231 3765 2281 est

432 2297 740 2382 descriptio
772 2297 876 2360 cur
908 2297 1114 2361 Gracis
1141 2303 1229 2361 ita
1259 2297 1443 2372 dicta,
1475 2299 1582 2382 ubi
1601 2300 1776 2359 etiam
1809 2303 2076 2382 ἀναλογία
2104 2298 2484 2382 deﬁnitionis,
2518 2297 2929 2382 descriptionis
2957 2297 3019 2382 et
3042 2297 3436 2382 descriptoriae
3463 2300 3762 2381 deﬁnitio-

433 2382 527 2440 nis
554 2376 915 2462 enucleatur.
950 2416 1027 2426 —-
1055 2383 1154 2441 ‘23.
1187 2382 1509 2462 Annotatio
1541 2379 1610 2440 de
1635 2379 1883 2462 proprio
1915 2376 2074 2458 quod
2103 2376 2719 2462 i'n'deﬁni'ti'onibuset
2742 2376 3241 2460 descriptionibus
3256 2376 3606 2462 differentia
3649 2401 3758 2442 ra-

435 2463 645 2523 tionem
675 2461 911 2534 habent,
947 2463 1062 2522 sive
1085 2460 1408 2522 essentialis
1435 2462 1554 2520 sive
1582 2459 1936 2532 adventitiw,
1966 2467 2147 2537 prout
2173 2460 2455 2518 nimirum
2483 2460 2671 2538 fuerit
2694 2459 3032 2540 proprium.

930 2623 1063 2680 5-6
1103 2622 1333 2677 CAPUT
1373 2622 1416 2675 Ι.

949 2712 1024 2766 De
1046 2711 1391 2781 deﬁnitione.

434 2799 476 2852 ι.
510 2797 669 2861 Quod
703 2797 915 2853 Graecis
947 2795 1077 2872 ὅρος
1111 2803 1219 2861 est,
1266 2797 1484 2852 dicitur
1531 2797 1768 2868 quidem
1819 2797 1992 2852 etiam

353 2885 543 2941 limes.
578 2887 687 2941 Sed
721 2891 779 2941 et
809 2903 943 2941 cum
976 2887 1512 2958 principium,5tum
1564 2886 1689 2958 ipse
1737 2885 1872 2940 ﬁnis
1917 2885 1997 2940 rei

351 2974 683 3030 dicitur.Sic
715 2974 872 3030 enim
905 2975 1242 3030 universum
1274 2975 1429 3046 quod
1463 2974 1855 3029 extremitates
1894 2973 1997 3029 ha-

349 3065 465 3132 bet,
499 3062 823 3138 ὡρισμένον,
866 3064 924 3118 id
963 3069 1052 3118 est
1093 3063 1474 3118 terminatum
1507 3067 1764 3131 vocatur,
1797 3068 1998 3134 quate-

348 3169 459 3207 nus
500 3153 896 3208 extremitates
945 3151 1140 3208 habet.
1193 3151 1392 3216 Quoad
1446 3151 1552 3207 hoc
1600 3151 1996 3224 signiﬁcatum

352 3241 531 3297 etiam
561 3240 906 3297 Aristoteles
946 3238 1094 3314 ὅρον,
1146 3241 1204 3295 id
1258 3247 1366 3307 est,
1400 3241 1721 3295 terminum
1753 3239 1994 3309 vocavit,

349 3330 408 3385 in
434 3347 607 3401 quem
630 3329 946 3402 propositio
979 3329 1508 3385 resolvitur.Veluti
1531 3328 1606 3384 sit
1639 3328 1956 3401 propositio
1980 3345 1993 3383 :

352 3418 470 3473 Rex
517 3417 1007 3490 philosophatur:
1041 3415 1184 3491 ὅροι,
1225 3418 1282 3473 id
1314 3423 1402 3473 est
1439 3418 1674 3472 termini
1725 3420 1764 3472 7
1820 3417 1999 3488 hujus

351 3507 769 3579 propositionis
800 3511 958 3576 sunt,
990 3505 1053 3560 τὸ
1102 3523 1198 3562 rex
1240 3511 1296 3562 et
1333 3505 1395 3559 τὸ
1428 3505 1890 3578 philosophatur.
1935 3507 1996 3560 In

355 3595 478 3650 haec
506 3596 682 3666 enim,
734 3601 798 3652 ut
845 3595 904 3652 in
953 3596 1191 3652 ultimas
1235 3596 1630 3651 extremitates
1679 3595 2001 3667 propositio

360 3683 798 3752 resolvitur,neo
829 3685 952 3740 ﬁeri
984 3690 1174 3758 potest
1205 3689 1268 3740 ut
1298 3684 1576 3740 resolutio
1609 3684 1853 3739 ulterius
1878 3701 2001 3756 pro-

361 3773 549 3828 cedat.
582 3775 1085 3839 Quemadmodum
1117 3775 1273 3830 enim
1306 3774 1424 3829 haec
1453 3773 1894 3845 compositionis
1943 3773 2001 3827 in

361 3861 756 3934 propositione
778 3863 1172 3935 principia,sic
1195 3868 1250 3918 et
1274 3862 1647 3919 resolutionis
1670 3863 1816 3918 ﬁnes
1843 3866 2000 3918 sunt.

360 3951 430 4005 Et
458 3967 592 4008 vero
624 3968 756 4006 cum
793 3952 1142 4023 principium
1192 3958 1319 4007 tum
1374 3951 1526 4022 ﬁnis,
1561 3951 1784 4026 πέρατα,
1818 3951 1874 4005 id
1917 3955 2005 4007 est

359 4039 750 4096 extremitates
779 4040 1074 4097 dicuntur.
1097 4042 1158 4095 1n
1191 4041 1344 4112 quod
1377 4041 1532 4095 enim
1565 4039 1787 4112 aliquid
1815 4039 2004 4094 evadit

360 4133 418 4184 et
445 4127 680 4196 desinit,
713 4129 1051 4184 extremitas
1081 4135 1188 4184 est.
1225 4130 1384 4184 Unde
1424 4129 1542 4184 illis
1567 4129 1806 4200 quidem
1838 4129 1936 4200 qui
1971 4145 2004 4183 a

359 4216 645 4289 principio
675 4219 745 4273 ad
778 4219 954 4273 ﬁnem
989 4224 1149 4288 eunt,
1185 4218 1350 4286 ﬁnis;
1383 4218 1482 4288 qui
1515 4236 1548 4273 a
1581 4218 1694 4272 ﬁne
1739 4219 1809 4273 ad
1842 4217 2003 4290 prin-

360 4306 962 4378 cipium,principium
995 4307 1329 4363 extremitas
1371 4307 1842 4377 deprehenditur.
1892 4308 2001 4362 Sed

359 4402 415 4451 et
440 4396 624 4451 ambas
657 4397 1052 4452 extremitates
1084 4397 1238 4468 quod
1284 4397 1607 4452 secundum
1640 4412 1737 4451 eas
1771 4413 1858 4450 res
1887 4401 2001 4452 ter-

359 4484 581 4540 minata
629 4485 724 4549 sit,
776 4485 1008 4540 termini
1071 4484 1544 4540 denominantur.
1597 4484 1820 4540 Dicitur
1875 4482 2000 4557 ὅρος

359 4574 535 4628 etiam
567 4577 755 4628 status
785 4573 1111 4628 rhetoricus
1141 4579 1197 4627 et
1226 4579 1419 4644 caput,
1444 4573 1600 4643 quod
1631 4573 1832 4627 eodem
1866 4590 2000 4627 cum

368 4668 524 4718 statu
556 4663 714 4718 venit
728 4661 1048 4728 nomine,et
1068 4663 1411 4734 dogmatum
1444 4679 1543 4716 seu
1569 4662 2003 4717 sententiarum

357 4751 829 4824 comprehensio;
880 4759 936 4806 et
984 4752 1178 4807 omnis
1239 4751 1298 4805 in
1357 4767 1652 4806 summam
1705 4755 2001 4805 contracta

2030 2623 2085 2685 Α

2754 2623 3007 2672 ΚΕΦΑΛ.
3045 2620 3124 2674 Α’.

2781 2707 2909 2782 Περὶ
2941 2706 3090 2782 ὅρου.

2180 2795 2223 2847 α’
2276 2797 2436 2868 Ὅρος
2495 2792 2709 2868 λέγεται
2774 2795 2866 2867 μὲν
2921 2796 3009 2850 καὶ
3064 2797 3126 2851 τὸ
3193 2799 3492 2872 ὁροθέσιον·
3545 2797 3758 2874 λέγεται

2109 2880 2166 2936 δὲ
2212 2883 2300 2936 καὶ
2352 2886 2386 2952 ἡ
2437 2883 2584 2959 ἀρχὴ
2641 2888 2738 2937 τοῦ
2794 2883 3113 2961 πράγματος
3169 2887 3258 2940 καὶ
3317 2889 3378 2942 τὸ
3415 2886 3573 2948 τέλος
3603 2887 3758 2942 αὐτό.

2109 2971 2263 3025 Οὕτω
2320 2971 2422 3047 γάρ
2475 2972 2538 3026 τὸ
2598 2978 2698 3026 πᾶν
2747 2972 2810 3027 τὸ
2859 2974 3260 3049 πεπερασμένον
3311 2975 3613 3051 ὡρισμένον
3667 2997 3762 3030 χα-

2109 3057 2304 3131 λεῖται,
2336 3061 2467 3114 καθὸ
2518 3062 2864 3136 πεπέρασται.
2921 3063 3064 3117 Κατὰ
3107 3068 3267 3118 τοῦτο
3312 3065 3375 3118 τὸ
3415 3064 3757 3137 σημαινόμε-

2107 3170 2192 3203 νον
2227 3150 2316 3203 xui
2368 3150 2749 3222 Ἀριστοτέλης
2801 3151 2926 3227 ὅρον
2979 3151 3250 3223 έκᾶλεσεν,
3303 3152 3376 3215 εἷς
3424 3151 3482 3208 ὃν
3528 3154 3758 3210 ἀναλύε-

2107 3258 2192 3292 ται
2242 3241 2276 3306 ἡ
2329 3237 2608 3314 πρότασις.
2661 3241 2785 3294 Οἷον
2834 3237 2973 3294 ἔστῶ
3024 3240 3300 3316 πρότασις,
3353 3239 3611 3304 Βασιλεὺς
3672 3264 3759 3319 φι-

2112 3327 2384 3404 λοσοφεῖ·
2445 3326 2563 3402 ὅροι
2636 3335 2736 3397 τῆς
2814 3329 3126 3402 προτάσεως
3197 3329 3399 3401 ταύτης
3477 3329 3577 3384 εἶσὶ
3611 3376 3626 3401 ,
3695 3333 3759 3385 τὸ

2116 3414 2390 3490 βασιλεὺς,
2420 3417 2509 3470 καὶ
2551 3417 2614 3470 τὸ
2661 3415 2970 3495 φιλοσοφεῖ.
3023 3418 3118 3480 Εἰς
3164 3423 3332 3474 ταῦτα
3378 3421 3480 3494 γὰρ
3531 3417 3762 3475 ἀναλύε-

2109 3526 2196 3558 ται
2253 3507 2287 3574 ἡ
2347 3504 2632 3578 πρότασις,
2680 3505 2860 3582 ὥσπερ
2913 3506 2989 3569 εἷς
3043 3507 3330 3562 τελευταῖα
3385 3509 3608 3585 πέρατα,
3669 3509 3762 3563 καὶ

2112 3593 2211 3648 οὐκ
2265 3590 2372 3652 ἔστι
2429 3591 2648 3648 δυνατὺν
2697 3596 2998 3672 περαιτέρω
3068 3597 3350 3672 προελθεῖν
3410 3599 3507 3666 τὴν
3559 3597 3761 3653 ἀνάλυ-

2114 3703 2214 3735 σιν.
2268 3686 2470 3758 Ὥσπερ
2518 3684 2618 3758 γὰρ
2671 3683 2837 3760 ἀρχαὶ
2884 3689 3050 3739 ταῦτα
3096 3692 3198 3754 τῆς
3247 3685 3297 3740 ἐν
3348 3688 3601 3762 προτάσει
3642 3708 3764 3741 συν-

2112 3772 2328 3840 θέσεως,
2371 3771 2514 3825 οὕτω
2543 3773 2633 3826 καὶ
2661 3772 2794 3842 τέλη
2843 3775 3101 3849 τυγχάνει
3140 3781 3240 3844 τῆς
3293 3775 3620 3836 ἀναλύσεως.
3663 3777 3764 3830 Καὶ

2113 3863 2148 3929 ἡ
2209 3861 2354 3936 ἀρχὴ
2416 3857 2473 3914 δὲ
2536 3859 2625 3914 καὶ
2678 3861 2741 3916 τὸ
2791 3859 2950 3924 τέλος
3003 3863 3206 3939 πέρατα
3265 3862 3532 3939 λέγονται.
3587 3864 3761 3940 Πέρας

2114 3950 2217 4024 γάρ
2277 3948 2383 4002 ἐστι
2442 3949 2504 4003 τὸ
2562 3949 2879 4023 κατάντημα
2913 3995 2924 4006 .
2984 3953 3137 4006 Ὅθεν
3196 3958 3311 4015 τοῖς
3387 3954 3480 4026 μὲν
3551 3952 3611 4008 ἐκ
3663 3954 3765 4023 τῆς

2114 4039 2291 4114 ἀρχῆς
2322 4039 2458 4114 πρὸς
2500 4039 2562 4093 τὸ
2604 4039 2762 4100 τέλος
2815 4040 2953 4094 ἰοῦσι
3004 4041 3067 4095 τὸ
3115 4038 3274 4103 τέλος
3320 4042 3485 4118 πέρας
3521 4043 3761 4116 εὑρίσκε’

2110 4147 2218 4196 ται,
2251 4132 2366 4188 τοῖς
2398 4123 2444 4180 δ’
2476 4127 2535 4181 ἐκ
2579 4132 2674 4180 τοῦ
2720 4127 2914 4190 τέλους
2963 4130 3096 4204 πρὸς
3143 4131 3242 4198 τὴν
3293 4129 3472 4207 ἀρχὴν
3502 4133 3536 4200 ἡ
3587 4131 3760 4208 ἀρχή.

2112 4215 2209 4268 Καὶ
2245 4213 2409 4286 ἄμφω
2447 4213 2506 4270 δὲ
2550 4217 2616 4270 τά
2664 4217 2886 4292 πέρατα,
2943 4215 3032 4272 διὰ
3078 4219 3140 4272 τὸ
3188 4221 3304 4274 κατ’
3353 4219 3486 4274 αὐτὰ
3537 4219 3764 4296 ὡρίσθαι

2109 4304 2172 4357 τὸ
2223 4310 2480 4378 πρᾶγμα,
2537 4305 2653 4379 ὅροι
2704 4309 3184 4379 κατονομάζονται.
3233 4309 3453 4384 Λέγεται
3497 4308 3626 4384 ὅρος
3674 4309 3762 4364 καὶ

2112 4396 2294 4454 στάσις
2355 4393 2643 4470 ῥητορική,
2695 4395 2782 4449 καὶ
2831 4395 3122 4473 κεφαλαιον
3185 4402 3253 4470 τῇ
3311 4397 3486 4452 στάσει
3547 4400 3762 4471 ὁμωνυ-

2116 4487 2271 4554 μοῦν,
2305 4484 2393 4536 καὶ
2452 4480 2737 4558 δογμάτων
2798 4483 3117 4560 περίληψις.
3168 4486 3265 4540 Καὶ
3304 4493 3408 4547 πᾶς
3461 4485 3629 4561 λόγος
3672 4508 3760 4542 κε-

2113 4568 2430 4648 φαλαιώδης
2481 4572 2570 4626 καὶ
2623 4571 2946 4635 εὐσύνοπτος
3003 4573 3129 4648 ὅρος
3186 4573 3450 4630 καλεῖται.
3509 4577 3766 4630 Τάττεται

2113 4657 2170 4712 δέ
2213 4659 2339 4735 ὅρος
2397 4660 2485 4714 καὶ
2536 4662 2597 4714 τὸ
2655 4661 2852 4737 ὁρίζειν
2910 4663 3000 4716 καὶ
3057 4662 3144 4717 ἐπὶ
3193 4663 3486 4741 ἀσφαλείας
3533 4665 3625 4718 καὶ
3674 4666 3760 4740 βε-

2112 4743 2414 4810 ὅαιώσεως.

359 4839 657 4910 oculisque
684 4840 950 4910 subjecta
997 4836 1345 4913 οπειῐὶο,ὅρος
1368 4841 1642 4908 ζνοοοιωι.
1667 4839 1778 4895 Sed
1823 4844 1879 4894 et
1923 4841 1994 4894 ad

2116 4843 2234 4894 stur
2279 4839 2454 4894 etiam
2487 4836 2613 4912 ὅρος
2643 4845 2699 4894 et
2729 4841 2957 4914 ὀρισζειν
3010 4859 3112 4913 pro
3161 4842 3471 4899 securitate
3518 4849 3576 4899 et
3625 4861 3762 4900 cau-

361 4927 514 4983 tione
540 4944 672 4983 cum
704 4929 958 4984 indicem
992 4929 1073 4983 rei
1101 4928 1360 4983 obnoxia:
1387 4933 1444 4983 et
1473 4927 1865 5000 oppignoratae
1897 4928 2129 4984 damus.

429 5018 482 5070 2.
538 5019 782 5089 Insuper
834 5023 1028 5074 autem
1078 5022 1286 5089 praeter
1337 5016 1458 5072 haec
1509 5017 1724 5072 dicitur
1770 5014 1895 5090 ὅρος
1947 5024 2000 5072 et

2190 5017 2254 5091 β’.
2289 5018 2402 5071 Ἔτι
2437 5013 2494 5070 δὲ
2543 5019 2688 5093 παρὰ
2735 5023 2901 5072 ταῦτα
2949 5015 3164 5092 λέγεται
3213 5018 3338 5093 ὅρος
3385 5020 3474 5073 καὶ
3533 5019 3763 5092 ὁρισμὸς

362 5102 559 5179 ὁρίζειν
593 5105 650 5160 id
691 5107 844 5176 quod
898 5106 1120 5161 Latinis
1146 5113 1236 5162 est
1261 5106 1396 5161 finis
1427 5110 1484 5161 et
1513 5107 1698 5160 ﬁnitio
1749 5123 1848 5162 seu
1900 5107 2005 5160 de-

362 5194 856 5260 ﬁnitio,nimirum
888 5211 956 5249 ex
986 5211 1192 5266 genere
1222 5201 1279 5250 et
1308 5196 1801 5250 constituentibus
1835 5196 2004 5250 diffe-

361 5283 564 5337 rentiis
593 5287 693 5336 aut
721 5281 938 5338 talibus
960 5300 1083 5353 quae
1116 5283 1208 5339 his
1239 5283 1480 5354 analoga
1511 5288 1648 5339 sunt
1677 5284 1724 5339 8
1755 5283 2004 5339 conflata

360 5370 629 5434 oratio,et
657 5387 782 5440 qua
816 5370 894 5424 rei
920 5371 1311 5426 substantiam
1345 5373 1548 5443 paucis
1579 5373 1869 5443 Signiﬁcat
1893 5391 1905 5427 :
1933 5374 2002 5427 de

359 5476 476 5530 qua
510 5475 665 5513 nunc
695 5458 883 5512 dicere
915 5458 1082 5514 nobis
1114 5465 1202 5514 est
1234 5461 1780 5532 pr0positum.Nam
1813 5467 1869 5516 et
1902 5477 2002 5515 no-

359 5565 488 5602 men
524 5548 760 5616 quidem
801 5545 975 5601 etiam
1024 5564 1102 5602 rei
1153 5549 1567 5616 substantiam,
1603 5550 1702 5604 sed
1734 5550 1999 5621 obscure,

357 5637 617 5691 deﬁnitio
651 5639 867 5702 autem,
901 5640 1096 5706 aperte
1127 5635 1435 5707 signiﬁcat,
1466 5654 1642 5708 quam
1689 5638 1866 5693 etiam
1917 5638 2000 5693 sic

356 5725 668 5795 BXplicant.

424 5814 477 5866 3.
512 5812 783 5868 Deﬁnitio
815 5815 904 5866 est
933 5811 1115 5867 oratio
1146 5811 1400 5881 concisa,
1437 5817 1702 5868 naturam
1735 5814 1813 5869 rei
1858 5816 1996 5870 sub-

349 5903 518 5973 jectae
547 5901 886 5969 declarans;
920 5900 981 5954 τὸ
1013 5902 1196 5958 oratio
1220 5901 1387 5974 proin
1418 5906 1483 5958 ut
1511 5918 1696 5975 genus
1728 5919 2003 5976 assump-

2115 5105 2142 5158 ὁ
2173 5103 2232 5158 ἐκ
2259 5104 2446 5180 γένους
2477 5105 2567 5159 καὶ
2616 5112 2941 5160 συστατικῶν
2997 5104 3293 5184 διαφορῶν,
3342 5109 3376 5177 ἢ
3407 5113 3515 5162 τῶν
3562 5108 3762 5163 ἀναλο-

2111 5193 2355 5268 γούντων
2411 5195 2596 5257 αὐτοῖς
2675 5195 3019 5271 συγκείμενος
3094 5194 3261 5269 λόγος
3326 5196 3415 5250 καὶ
3475 5197 3759 5270 σημαίνων

2114 5281 2294 5336 οὐσίαν
2359 5282 2681 5358 πράγματος
2742 5282 2794 5337 έν
2851 5282 3043 5358 ὀλίγῳ·
3104 5283 3226 5359 περὶ
3285 5284 3346 5338 οὗ
3404 5289 3495 5339 νῦν
3544 5286 3762 5361 πρόκει-

2110 5391 2196 5424 ται
2261 5370 2433 5446 λέγειν
2495 5374 2661 5444 ἡμᾶς.
2710 5372 2974 5444 Σημαίνει
3040 5372 3133 5444 μὲν
3188 5372 3293 5447 γὰρ
3348 5375 3437 5427 καὶ
3481 5374 3541 5427 τὸ
3589 5369 3762 5446 ὄνομα

2111 5460 2434 5534 πράγματος
2465 5459 2668 5531 οὐσίαν,
2719 5459 2866 5516 ἀλλᾶ
2918 5459 3185 5522 σκιωδῶς·
3221 5463 3248 5515 ὁ
3294 5459 3351 5517 δὲ
3399 5463 3628 5539 ὁρισμὸς
3659 5485 3760 5542 φα-

2109 5554 2302 5625 νερῶς·
2337 5551 2395 5604 ὃν
2426 5551 2515 5604 καὶ
2547 5547 2895 5604 ἀποδιδόασιν
2925 5550 3117 5613 οὕτως.

2181 5817 2248 5890 γ’,
2282 5817 2441 5890 Ὅρος
2474 5814 2581 5869 ἐστὶ
2631 5815 2795 5890 λόγος
2847 5819 3134 5890 σύντομος,
3187 5815 3494 5888 δηλωτικὸς
3521 5825 3623 5888 τῆς
3655 5819 3753 5897 φύ-

2109 5925 2242 5967 σεως
2272 5909 2369 5961 τοῦ
2403 5904 2759 5980 ὑποκειμένου
2803 5907 3141 5984 πράγματος.
3193 5907 3264 5963 Τὸ
3313 5907 3408 5982 μὲν
3448 5907 3541 5963 οὗν
3582 5905 3755 5986 λόγος
