4096 6448
283 418 415 484 693

1684 415 2033 480 EPITOME
2074 413 2379 480 LOGICA.

3570 415 3687 478 694

283 550 366 615 ὡς
407 550 557 631 γένος
605 548 859 627 εἷ’ληπται
885 573 897 588 ·
954 551 1019 609 τὸ
1062 549 1121 608 δὲ
1165 550 1451 627 σύντομος,
1482 550 1571 608 καὶ
1627 551 1690 607 τὸ
1739 549 1920 622 δηλω-

2038 556 2164 609 tum
2191 557 2324 609 est:
2361 556 2419 609 at
2444 550 2506 607 τὸ
2537 552 2769 610 concisa
2790 555 2847 610 et
2872 549 2936 608 τὸ
2966 549 3271 610 declarans
3301 554 3573 610 naturam
3604 552 3686 611 rei

277 640 433 703 τικὸς
487 649 588 712 τῆς
644 642 852 721 φύσεως
918 647 1015 698 τοῦ
1075 643 1426 717 ὑποκειμένου
1482 642 1823 719 πράγματος,
1855 641 1928 703 ὡς

282 727 544 809 διαφοραὶ
575 731 903 788 συστατικαί.

359 816 424 877 δ’.
469 820 645 897 Λόγος
689 820 869 876 τοίνυν
921 819 1131 896 εἴρηται
1162 823 1190 876 ὁ
1239 821 1463 898 ὁρισμὸς
1509 821 1646 897 πρὸς
1694 817 1930 875 ἀντιδια-

283 907 491 978 στολὴν
538 913 636 964 τοῦ
684 909 980 983 ὀνόματος·
1033 910 1116 965 ὅτι
1162 910 1226 965 τὸ
1278 911 1370 983 μὲν
1419 904 1594 982 ὄνομα
1634 908 1728 963 κᾶν
1781 910 1928 963 ὁπω-

278 1002 411 1052 σοῦν
456 998 695 1073 σημαίνῃ
747 999 902 1077 φύσιν
954 999 1274 1076 πράγματος
1331 1000 1418 1054 καὶ
1476 999 1624 1071 αὐτὸ,
1657 998 1783 1055 ἀλλ’
1840 995 1931 1052 οὗν

280 1085 348 1141 ἐκ
379 1092 503 1160 μιᾶς
534 1086 823 1158 συνέστηκε
848 1086 1044 1159 λέξεως
1066 1110 1078 1123 ο
1112 1089 1140 1143 ὁ
1172 1086 1229 1144 δὲ
1255 1088 1419 1165 λόγος
1474 1088 1533 1144 ἐκ
1578 1086 1674 1144 δύο
1733 1085 1926 1158 λέξεων

276 1175 346 1230 τὸ
373 1173 682 1252 ἐλάχιστον.

356 1267 413 1322 ε’.
450 1265 729 1340 Σύντομος
762 1264 839 1339 δὲ,
873 1264 961 1321 διά
1004 1288 1063 1322 τε
1108 1265 1234 1329 τοὺς
1293 1265 1497 1329 ἄλλους
1560 1265 1796 1342 μακροὺς
1837 1268 1926 1323 καὶ

273 1352 409 1416 τοὺς
458 1352 767 1426 διεξοδικῶς
816 1355 940 1433 περὶ
990 1356 1200 1435 φύσεως
1238 1357 1568 1432 πραγμάτων
1626 1352 1927 1430 διαλαμϐά-

273 1465 302 1497 ν
310 1463 470 1506 οντας
479 1487 491 1500 ο

352 1534 419 1596 ς’.
454 1531 600 1587 Ἐπεὶ
632 1530 689 1588 δέ
740 1532 839 1588 εἰσι
891 1533 1046 1609 λόγοι
1105 1533 1360 1608 σύντομοι
1409 1536 1496 1590 καὶ
1548 1535 1646 1590 οὐκ
1693 1536 1823 1591 εἰσὶν
1869 1537 1925 1590 οἱ

272 1625 516 1676 τοιοῦτοι
577 1621 819 1698 ὁρισμοὶ,
879 1621 1035 1701 φύσιν
1086 1621 1406 1699 πράγματος
1471 1625 1546 1698 μὴ
1607 1622 1921 1697 δηλοῦντες,

275 1712 372 1764 οἷα
402 1711 492 1765 καὶ
530 1711 598 1765 τὰ
648 1710 1038 1790 ἀποφθέγματα
1060 1731 1073 1744 ·
1104 1712 1188 1784 τὸ,
1222 1712 1392 1767 Γνῶθι
1441 1715 1651 1785 σαυτὸν,
1681 1714 1764 1785 τὸ,
1799 1716 1925 1786 Μη-

275 1796 366 1854 δὲν
392 1798 545 1875 ἄγαν,
576 1798 666 1853 καὶ
696 1799 763 1854 τά
790 1804 1038 1854 τοιαῦτα·
1090 1796 1179 1854 διὰ
1206 1804 1366 1855 τοῦτο
1396 1801 1691 1875 προσετέθη
1733 1803 1797 1857 τὸ
1830 1799 1924 1872 δη-

276 1887 516 1950 λωτικὸς
541 1894 642 1957 τῆς
671 1887 883 1966 φύσεως
911 1892 1009 1942 τοῦ
1041 1889 1400 1962 ὑποκειμένου
1440 1891 1779 1967 πράγματος.

352 1982 400 2045 ζ.
462 1977 657 2054 ’Δρετή
718 1973 776 2031 δὲ
829 1981 927 2032 τοῦ
985 1978 1217 2053 ὁρισμοῦ
1275 1977 1385 2033 ἐστι
1439 1979 1502 2033 τὸ
1560 1979 1919 2058 ἀντιστρέφειν

271 2066 413 2139 πρὸς
472 2066 533 2121 τὸ
590 2065 820 2142 ὁριστὸν,
855 2067 966 2121 οἷον
1023 2067 1099 2129 ὡς
1147 2066 1199 2121 έν
1239 2064 1625 2144 ὑποδείγματι·
1681 2068 1770 2123 τὸν
1832 2066 1922 2124 ἄν·

271 2156 491 2231 θρωπον
525 2153 795 2231 ὁρίζονται
846 2159 980 2225 ζῶον
1032 2154 1256 2232 λογικὸν
1293 2157 1486 2228 θνητὸν
1522 2162 1618 2212 νοῦ
1666 2159 1756 2213 καὶ
1806 2158 1920 2213 ἐπι-

271 2246 494 2316 στήμης
553 2238 813 2301 δεκτικόν.
876 2242 974 2299 Καὶ
1052 2249 1188 2314 ζῶον
1270 2246 1364 2318 μὲν
1439 2245 1685 2323 λέγουσιν
1764 2247 1919 2302 αὐτὸν

268 2331 606 2409 χωρίζοντες
636 2332 742 2388 ἀπό
768 2354 828 2388 τε
853 2339 961 2388 τῶν
1017 2333 1264 2409 ἀψύχων,
1295 2336 1383 2389 καὶ
1434 2335 1538 2390 ἀπὸ
1584 2340 1690 2390 τῶν
1741 2341 1919 2414 φυτῶν

269 2421 363 2477 καὶ
390 2426 500 2476 τῶν
534 2412 849 2499 ζωοφύτων.
882 2423 1031 2477 Ἐπεὶ
1065 2420 1123 2477 δέ
1148 2424 1211 2477 τὸ
1252 2427 1387 2493 ζῶον
1434 2424 1590 2497 γένος
1649 2412 1763 2479 ἐστὶί
1814 2431 1923 2480 τῶν

270 2509 510 2586 λογικῶν
539 2531 597 2565 τε
626 2510 778 2580 ζώων
828 2532 887 2565 τε
933 2511 1022 2565 καὶ
1071 2510 1311 2586 ἀλόγων,
1344 2509 1434 2565 διὰ
1486 2516 1645 2567 τοῦτο
1698 2533 1921 2588 προστι-

269 2598 422 2654 θέασι
473 2599 561 2654 καὶ
604 2600 664 2654 τὸ
710 2596 958 2675 λογικὸν,
1009 2597 1312 2662 διιστῶντες
1358 2601 1449 2655 τὸν
1503 2599 1783 2676 ἄνθρωπον
1814 2607 1918 2656 τῶν

266 2684 491 2761 ἀλόγων
527 2688 701 2757 ζώων.
737 2687 887 2742 Ἐπεὶ
940 2685 998 2743 δέ
1043 2688 1132 2742 καὶ
1179 2688 1308 2751 τοὺς
1359 2688 1622 2766 ἀγγέλους
1674 2696 1783 2760 ζῶα
1830 2690 1921 2747 λέ-

266 2797 429 2851 γουσι
490 2775 708 2852 λογικὰ,
767 2777 905 2853 πρὸς
963 2773 1019 2831 δὲ
1069 2776 1253 2831 καὶτὰ
1283 2776 1504 2854 οὐράνια
1532 2779 1778 2852 σώματα,
1812 2785 1923 2849 ζῶα

267 2865 473 2939 λογικά
517 2865 889 2942 τερατεύονται
916 2884 930 2898 ⁸
986 2863 1077 2921 διὰ
1121 2870 1281 2921 τοῦτο
1333 2866 1674 2939 προστιθέασι
1720 2868 1810 2923 καὶ
1860 2870 1921 2923 τὸ

268 2954 487 3024 θνητὸν,
539 2953 646 3009 ἀπὸ
693 2959 799 3009 τῶν
851 2954 1154 3030 εἰρημένων
1198 2956 1290 3010 τὸν
1332 2952 1610 3030 ἄνθρωπον
1680 2955 1922 3015 διαστέλ-

264 3040 479 3106 λοντες.
514 3041 689 3100 Ἀλλὰ
731 3042 823 3097 καὶ
877 3042 1089 3119 νύμφας
1149 3042 1493 3121 μακραίωνας
1541 3045 1673 3100 εἶναι
1727 3046 1918 3119 μυθεύ-

267 3151 419 3186 ονται
497 3134 608 3200 ζῶα
686 3128 887 3205 λογικά
961 3131 1050 3186 καὶ
1131 3127 1422 3207 μακρόϐια,
1497 3132 1649 3207 ὅμως
1738 3135 1920 3208 μέντοι

261 3219 453 3291 θνητά,
510 3218 571 3274 ἐκ
629 3217 859 3297 φύσεως,
915 3219 1042 3275 ἀλλ’
1099 3220 1198 3275 οὐκ
1270 3221 1330 3277 ἐκ
1403 3225 1688 3297 μαθήσεως
1751 3227 1917 3301 γινώ-

263 3288 461 3363 σκοντα
510 3288 653 3369 τοὺς.
682 3288 970 3383 τεχνικούς
1026 3329 1084 3364 τε
1141 3308 1340 3385 λόγους
1390 3288 1516 3373 τοὺς
1575 3288 1919 3386 ἐπιστηιμονι-
1949 3288 1994 3357 C

262 3394 419 3458 κούς.
471 3396 689 3451 Τούτων
739 3393 830 3451 οὖν
881 3398 1209 3475 ἀφιστῶντες
1265 3396 1359 3454 τὸν
1425 3396 1707 3475 ἄνθρωπον
1751 3423 1920 3479 προσ-

262 3484 472 3539 τιθέασι
532 3488 611 3557 τῷ
667 3482 782 3561 ὅρῳ
839 3483 1004 3540 αὐτοῦ
1057 3487 1148 3541 καὶ
1193 3486 1256 3541 τὸ
1313 3491 1409 3542 νοῦ
1462 3488 1553 3543 καὶ
1611 3487 1920 3564 ἐπιστήμης

264 3570 539 3630 δεκτικόν.
590 3574 771 3629 Ἔστιν
832 3571 922 3629 οὖν
984 3574 1143 3637 οὗτος
1200 3577 1228 3630 ὁ
1289 3574 1417 3651 ὅρος
1475 3578 1536 3633 ἐκ
1589 3579 1778 3655 γένους
1829 3581 1922 3653 μέν

261 3668 365 3717 τοῦ
406 3664 574 3735 ζώου,
607 3662 666 3717 ἐκ
716 3659 775 3717 δὲ
824 3669 1154 3719 συστατικῶν
1200 3662 1473 3744 διαφορῶν
1517 3672 1612 3721 τοῦ
1657 3689 1715 3723 τε
1763 3667 1918 3743 λογι-

262 3757 367 3808 κοῦ
425 3751 517 3806 καὶ
571 3756 669 3807 τοῦ
723 3757 953 3822 θνητοῦο
986 3753 1073 3808 καὶ
1125 3754 1187 3808 τὸ
1232 3759 1327 3809 νοῦ
1368 3775 1427 3810 τε
1473 3755 1563 3810 καὶ
1612 3756 1918 3831 ἐπιστήμης

267 3839 517 3897 δεκτικὸν
594 3837 733 3895 ἴδιον
792 3840 852 3896 ὃν
902 3846 1000 3896 τοῦ
1058 3842 1378 3917 ἀνθρώπου·
1437 3850 1726 3919 συστατικῇ
1780 3844 1921 3902 ἔοικε

266 3928 505 4008 διαφορᾷ
538 3926 627 3983 διὰ
664 3929 729 3984 τὸ
782 3926 1061 3993 ούσιωδῶς
1111 3937 1388 4007 προσεῖναι
1447 3932 1612 4006 αὐτῷ.
1642 3934 1762 3989 Εἰσὶ
1816 3936 1919 4011 γὰρ

261 4019 359 4074 καὶ
409 4014 653 4087 ούσιώδη
684 4014 819 4091 ἴδια,
851 4017 886 4072 ἅ
927 4039 1067 4080 τινες
1127 4016 1387 4098 διαφορὰς
1448 4020 1747 4094 μονοειδεῖς
1798 4023 1920 4079 ὀνο-

270 4108 557 4182 μάζουσιν.
617 4107 980 4184 Ἀντιστρέφει
1054 4108 1234 4163 τοίνυν
1289 4110 1318 4163 ὁ
1363 4107 1634 4181 δηλωθεὶς
1692 4112 1919 4187 ὁρισμὸς

260 4196 403 4273 πρὸς
461 4193 525 4250 τὰ
583 4195 814 4272 ὁριστόν.
874 4195 973 4251 Καὶ
1025 4197 1126 4273 γὰρ
1186 4194 1240 4252 εἷ’
1288 4219 1340 4253 τι
1395 4195 1694 4275 ἅνθρωπος,
1750 4206 1911 4256 τοῦτο

266 4290 409 4355 ζῶον
452 4282 678 4359 λογικὸν
733 4285 924 4356 θνητὸν
979 4289 1072 4339 νοῦ
1128 4286 1218 4341 καὶ
1277 4286 1583 4361 ἐπιστήμης
1647 4286 1910 4363 δεκτικὸν,

260 4373 355 4428 καὶ
406 4369 461 4429 εἷ’
520 4394 571 4428 τι
630 4377 771 4442 ζῶον
828 4371 1052 4449 λογικὸν
1113 4375 1305 4445 θνητὸν
1337 4381 1431 4430 νοῦ
1485 4378 1575 4431 καὶ
1610 4377 1918 4451 ἐπιστήμης

267 4460 537 4534 δεκτικὸν,
592 4466 753 4516 τοῦτο
814 4457 1094 4539 ἅνθρωπός
1163 4462 1324 4518 ἐστιν.
1381 4466 1573 4541 Ἀρετὴ
1655 4468 1747 4540 μὲν
1826 4467 1917 4522 οὗν

266 4556 365 4606 τοῦ
421 4552 656 4627 ὁρισμοῦ
705 4550 767 4604 τὸ
827 4550 1187 4630 ἀντιστρέφειν
1236 4553 1372 4627 πρὸς
1428 4553 1489 4607 τὸ
1549 4555 1797 4631 ὁριστόν·
1829 4579 1920 4612 κα-

260 4640 354 4695 κία
386 4636 447 4695 δὲ
474 4639 539 4694 τὸ
574 4640 650 4713 μὴ
676 4638 1065 4717 ἀντίστρέφειν.

339 4819 411 4889 η’.
442 4816 652 4873 Γίνεται
711 4814 769 4872 δέ
818 4816 883 4872 τὸ
940 4818 1017 4890 μὴ
1079 4816 1504 4898 ἀντιστρέφεινῆ
1537 4817 1627 4876 διὰ
1680 4824 1916 4895 προσθή-

264 4929 374 4977 κην
428 4906 649 4978 λέξεων,
683 4903 719 4975 ἤ
764 4904 834 4960 δι’
884 4905 1180 4985 ἀφαίρεσιν.
1215 4907 1313 4962 Καὶ
1361 4909 1390 4963 ὁ
1438 4910 1530 4982 μὲν
1570 4914 1676 4964 τῶν
1723 4908 1917 4982 λέξεων

266 4995 617 5069 πλεονασμὸς
687 4990 934 5069 ἔλλειψιν
986 5000 1093 5051 τῶν
1150 5000 1485 5073 πραγμάτων
1532 4997 1832 5073 ἐργάζεται,
1882 5004 1917 5072 ἡ

264 5084 325 5143 δὲ
356 5082 605 5159 ἔλλειψις
634 5088 741 5139 τῶν
770 5081 966 5155 λέξεων
1012 5090 1119 5140 τῶν
1168 5086 1502 5161 πραγμάτων
1552 5087 1915 5163 πλεονασμόν,

262 5175 368 5230 Καὶ
416 5173 591 5235 οὕτως
646 5173 1028 5251 ἀμφοτέρωθεν
1060 5170 1121 5229 ἔκ
1173 5195 1232 5229 τε
1285 5179 1381 5230 τοῦ
1427 5173 1772 5249 πλεονασμοῦ
1827 5168 1917 5232 καὶ

263 5270 365 5334 τῆς
410 5260 710 5337 ἐλλείψεως
756 5259 955 5331 ἀτελὴς
1003 5263 1032 5317 ὁ
1082 5261 1207 5339 ὅρος
1241 5261 1402 5321 ἐστίν.
1433 5264 1497 5319 Εἰ
1523 5264 1626 5340 γὰρ
1681 5263 1768 5319 ἐπὶ
1818 5270 1917 5321 τοῦ

263 5352 404 5408 κατὰ
446 5351 543 5406 τὸν
594 5347 879 5428 ἄνθρωπον
924 5352 1156 5428 ὁρισμοῦ
1212 5350 1512 5414 πλεονάσας
1558 5374 1640 5415 τις
1676 5358 1792 5416 ταῖς
1825 5352 1915 5409 λέ-

265 5442 405 5513 ξεσιν
439 5437 573 5516 ἐρεῖ,
604 5438 925 5515 Ἄνθρωπός
977 5438 1086 5494 ἐστι
1134 5445 1267 5510 ζῶον
1314 5440 1532 5518 λογικὸν
1579 5442 1770 5513 θνητὸν
1821 5447 1918 5496 νοῦ

259 5529 353 5585 καὶ
385 5527 698 5602 ἐπιστήμης
739 5525 981 5584 δεκτικὸν
1034 5530 1414 5607 γραμματικόν
1442 5548 1454 5561 ·
1516 5528 1761 5605 ἔλλειψιν
1808 5536 1912 5585 τῶν

262 5617 599 5695 πραγμάτων
654 5616 921 5688 ἐποίησεν.
984 5618 1058 5672 Ού
1113 5621 1311 5681 πάντας
1368 5619 1472 5695 γὰρ
1529 5618 1657 5681 τοὺς
1713 5619 1916 5694 ἀνθρώ-

259 5728 397 5769 πους
425 5710 507 5780 τῷ
537 5704 652 5784 ὅρῳ
684 5701 1097 5781 ἐμπεριέλαϐεν,
1129 5704 1275 5763 ἀλλὰ
1326 5707 1522 5781 μόνους
1566 5706 1692 5769 τοὺς
1740 5727 1914 5784 γραμ-

1953 1922 2003 1988 Β

2041 644 2340 715 subjecta,
2372 649 2437 700 ut
2465 643 2802 700 differentiae
2831 641 3270 700 constituentes.

2110 824 2163 877 4.
2194 822 2462 878 Definitio
2521 823 2702 896 igitur
2730 823 2916 880 oratio
2946 823 3102 879 dicta
3131 826 3239 894 est,
3271 828 3337 879 ut
3367 840 3400 879 a
3449 822 3686 881 nomine

2040 911 2703 985 contradistingueretur
2727 931 2741 982 ;
2769 914 2924 985 quod
2955 930 3072 969 non
3102 911 3236 969 licet
3251 929 3462 969 nomen
3488 913 3683 984 ipsum

2040 1001 2216 1055 etiam
2249 1016 2484 1072 quoquo
2516 1002 2688 1056 modo
2720 1009 2990 1058 naturam
3025 1003 3105 1058 rei
3133 1001 3440 1074 signiﬁcet,
3469 1018 3538 1058 ex
3566 1019 3686 1059 una

2039 1092 2231 1144 tamen
2264 1089 2515 1145 dictione
2537 1094 2766 1146 constat
2790 1107 2802 1144 :
2827 1091 3011 1147 oratio
3032 1096 3229 1146 autem
3260 1107 3329 1146 ex
3357 1090 3588 1147 duabus
3609 1091 3682 1147 ad

2039 1178 2353 1234 minimum
2386 1178 2742 1236 dictionibus
2772 1180 3099 1236 conﬁcitur.

2106 1269 2161 1323 5.
2214 1267 2457 1323 Concisa
2487 1285 2657 1339 porro
2689 1271 2746 1323 et
2772 1274 3008 1341 propter
3049 1269 3193 1325 alias
3229 1267 3438 1342 longae
3466 1269 3684 1326 oratio-

2037 1371 2162 1424 nes,
2194 1360 2251 1412 et
2279 1373 2378 1412 eas
2409 1374 2535 1429 quae
2587 1358 2726 1413 fusas
2773 1356 3160 1430 pluribusque
3206 1358 3555 1432 ambagibus
3612 1359 3683 1416 de

2037 1461 2231 1500 rerum
2263 1450 2472 1501 natura
2499 1445 2848 1519 disceptant.

2104 1536 2158 1589 6.
2194 1535 2675 1607 Quandoquidem
2706 1541 2902 1592 autem
2932 1536 3174 1593 concisas
3197 1541 3337 1593 sunt
3365 1537 3678 1610 orationes,

2035 1627 2093 1679 et
2120 1640 2235 1679 non
2267 1627 2465 1680 tamen
2515 1624 2891 1693 diﬁnitiones,
2946 1626 3161 1699 quippe
3209 1642 3336 1696 quae
3367 1626 3449 1682 rei
3507 1631 3683 1684 natu.

2034 1729 2158 1767 ram
2191 1729 2307 1769 non
2330 1714 2719 1782 declarant,ut
2735 1719 2874 1770 sunt
2892 1714 3474 1789 apophthegmata,r6
3496 1716 3681 1773 Nosce

2033 1801 2376 1873 teipsumxcb
2398 1802 2480 1860 Ne
2501 1802 2641 1875 quid
2666 1802 2925 1869 nimis,et
2947 1803 3354 1875 hujuscemodi
3376 1823 3390 1862 :
3415 1808 3680 1878 propter-

2034 1906 2102 1946 ea
2131 1891 2426 1962 adjectum
2450 1890 2626 1963 est,rt
2649 1896 2921 1947 naturam
2945 1893 3218 1965 subjectae
3243 1894 3324 1949 rei
3348 1892 3675 1950 declarans.

2099 1979 2527 2036 9.Deﬁnitionis
2557 1998 2728 2053 porro
2757 1982 2944 2039 virtus
2974 1987 3063 2037 est
3092 1982 3348 2039 converti
3378 1998 3512 2038 cum
3534 1983 3677 2039 deﬁ-

2033 2067 2174 2134 nito,
2207 2069 2443 2125 velutin
2474 2069 2738 2142 exemplo
2772 2087 2784 2126 :
2818 2071 2867 2127 9
2901 2070 3198 2127 hominem
3226 2071 3517 2127 deﬁniunt
3545 2072 3676 2128 ani-

2034 2157 2148 2213 mal
2180 2158 2461 2214 rationale
2491 2158 3158 2232 mortale,intelligentiaa
3191 2164 3248 2216 et
3302 2160 3556 2216 scientias
3580 2177 3676 2217 ca-

2031 2263 2162 2318 pax.
2197 2248 2266 2303 Et
2295 2247 2511 2304 animal
2545 2247 2780 2320 quidem
2811 2249 3013 2304 dicunt
3040 2266 3175 2305 eum
3216 2265 3350 2304 cum
3380 2250 3454 2305 ab
3485 2250 3675 2305 inani-

2033 2336 2300 2401 mis,tum
2332 2354 2367 2392 a
2396 2336 2611 2409 plantis
2637 2340 2690 2392 et
2713 2336 3280 2409 plantanimantibus
3309 2342 3670 2411 separantes.

2031 2424 2315 2488 Quoniam
2347 2431 2541 2481 autem
2565 2425 2782 2481 animal
2806 2430 2865 2482 et
2892 2426 3352 2497 rationalium,et
3375 2428 3676 2484 irrationa-

2031 2512 2174 2569 lium
2207 2514 2552 2570 animalium
2583 2531 2767 2588 genus
2796 2519 2905 2582 est,
2954 2521 3261 2588 propterea
3287 2517 3462 2572 etiam
3495 2516 3673 2573 ratio-

2032 2601 2163 2658 nale
2192 2608 2516 2676 apponunt,
2547 2604 2847 2660 hominem
2878 2605 2950 2660 ab
2983 2604 3420 2662 irrationalibus
3449 2605 3675 2663 anima-

2029 2691 2186 2747 libus
2215 2692 2576 2749 dirimentes.
2608 2694 2678 2748 Et
2706 2694 2844 2766 quia
2872 2693 3111 2767 angelos
3159 2694 3438 2751 animalia
3472 2695 3679 2752 dicunt

2031 2782 2374 2851 rationalia,
2434 2786 2491 2838 et
2552 2784 2794 2855 insuper
2864 2784 3039 2839 etiam
3119 2800 3364 2857 corpora
3420 2784 3677 2841 coelestia

2032 2870 2309 2925 animalia
2365 2888 2493 2927 esse
2550 2871 2861 2927 rationalia
2918 2872 3193 2944 ﬁngunt;
3254 2875 3562 2944 propterea
3618 2875 3677 2928 et

2028 2957 2090 3011 τὸ
2148 2959 2391 3015 mortale
2441 2978 2477 3016 a
2504 2960 2678 3016 dictis
2727 2959 3026 3016 hominem
3067 2960 3495 3034 distinguentes
3524 2962 3674 3034 adji-

2030 3048 2210 3104 ciunt.
2241 3049 2353 3105 Sed
2384 3053 2443 3105 et
2494 3049 2784 3121 longaevas
2842 3048 3132 3122 nymphas
3178 3066 3308 3105 esse
3334 3048 3676 3107 fabulantur

2029 3137 2308 3194 animalia
2338 3137 2646 3194 rationalia
2672 3143 2730 3194 et
2755 3137 2989 3211 longam
3018 3137 3195 3195 vitam
3228 3137 3480 3212 agentia,
3511 3156 3673 3196 mor-

2030 3226 2171 3282 talia
2190 3231 2387 3283 tamen
2408 3226 2794 3283 nihilominus
2814 3244 2829 3297 ;
2848 3230 3202 3293 natura,non
3222 3244 3290 3283 ex
3303 3227 3671 3285 institutione

2031 3332 2235 3371 omnes
2257 3315 2467 3371 artium
2490 3320 2547 3372 et
2566 3315 2943 3372 scientiarum
2972 3315 3224 3372 rationes
3240 3317 3668 3390 cognoscentia.

2029 3404 2110 3459 Ab
2131 3403 2226 3460 his
2245 3403 2428 3476 igitur
2445 3406 2822 3477 sejungentes
2863 3403 3161 3460 hominem
3197 3404 3522 3461 deﬁnitioni
3543 3405 3672 3475 ejus

2031 3492 2317 3564 adjiciunt
2338 3491 2513 3548 etiam
2544 3490 2604 3545 τὸ
2635 3491 3030 3565 intelligentia
3061 3496 3120 3549 et
3162 3492 3416 3549 scientiae
3464 3509 3669 3567 capax.

2031 3580 2300 3637 Deﬁnitio
2323 3597 2458 3653 ergo
2489 3581 2611 3636 haec
2641 3598 2710 3637 ex
2737 3597 2948 3655 genere
2976 3581 3237 3653 quidem,
3289 3581 3570 3652 animali;
3603 3600 3672 3639 ex

2028 3668 2367 3724 diﬂerentiis
2396 3672 2587 3725 autem
2621 3668 3116 3726 constituentibus
3144 3668 3407 3725 rationali
3429 3675 3488 3726 et
3514 3686 3671 3727 mor-

2028 3756 2131 3812 tali
2162 3763 2408 3813 constat.
2437 3758 2546 3813 Sed
2569 3762 2627 3813 et
2662 3757 2725 3810 τὸ
2783 3757 3178 3831 intelligentiae
3207 3763 3265 3814 et
3293 3758 3550 3815 scientias
3581 3777 3672 3816 ca-

2029 3847 2323 3917 pax,quod
2344 3846 2603 3901 hominis
2624 3851 2713 3902 est
2733 3847 3057 3920 proprium,
3081 3847 3458 3904 constituenti
3479 3848 3673 3906 simile

2029 3939 2120 3989 est
2149 3934 2507 3999 differentiae,
2542 3940 2847 4007 propterea
2875 3936 3032 4007 quod
3083 3936 3472 3993 essentialiter
3507 3939 3674 3994 adest

2028 4022 2101 4078 ei.
2136 4024 2238 4078 ιθ
2263 4024 2413 4079 Sunt
2445 4023 2601 4078 enim
2650 4023 2823 4079 etiam
2873 4023 3209 4080 essentialia
3238 4024 3492 4098 propria,
3542 4042 3670 4098 quas

2030 4110 2207 4182 aliqui
2263 4111 2622 4167 differentias
2656 4110 2982 4178 monoides,
3005 4112 3063 4167 id
3094 4116 3202 4182 est,
3252 4113 3430 4170 unius
3458 4114 3669 4186 speciei

2031 4199 2359 4256 nominant.
2378 4200 2744 4256 Convertitur
2770 4217 2908 4273 ergo
2935 4199 3227 4257 declarata
3251 4202 3513 4258 deﬁnitio
3532 4219 3669 4259 cum

2027 4289 2285 4346 deﬁnito.
2316 4289 2375 4345 Si
2405 4290 2547 4361 quid
2578 4290 2737 4345 enim
2767 4289 2940 4345 homo
2971 4293 3080 4358 est,
3108 4289 3216 4345 hoc
3246 4290 3463 4347 animal
3489 4291 3666 4347 ratio-

2031 4377 2162 4433 nale
2194 4378 2458 4445 mortale,
2492 4377 2887 4451 intelligeutiae
2917 4382 2975 4433 et
3023 4378 3279 4434 scientias
3322 4395 3503 4451 capax
3530 4384 3619 4436 est
3651 4398 3665 4448 ;

2031 4467 2249 4522 animal
2280 4466 2586 4533 rationale,
2613 4466 2877 4534 mortale,
2900 4466 3301 4538 intelligentiae
3329 4471 3386 4523 et
3413 4468 3670 4525 scientias

2031 4572 2233 4627 capax,
2287 4555 2397 4611 hoc
2453 4555 2628 4611 homo
2686 4560 2794 4611 est.
2855 4555 3223 4611 Deﬁnitionis
3280 4555 3460 4628 igitur
3484 4556 3670 4613 virtus

1946 4657 1994 4721 D
2030 4649 2121 4701 est
2150 4660 2283 4700 cum
2311 4644 2551 4701 deﬁnito
2580 4644 2838 4701 converti
2869 4661 2882 4711 ;
2928 4644 3138 4699 vitium
3157 4660 3291 4700 vero
3321 4647 3411 4700 est
3439 4644 3666 4717 (deﬁni-

2024 4732 2224 4805 tionis)
2254 4749 2370 4788 non
2397 4733 2653 4788 converti
2683 4733 2840 4805 (cum
2872 4732 3152 4800 deﬁnito).

2093 4823 2148 4875 8.
2200 4822 2400 4878 Evenit
2454 4826 2649 4877 autem
2712 4826 2777 4877 ut
2835 4837 2948 4877 non
2998 4824 3365 4876 convertatur
3400 4825 3504 4877 aut
3535 4838 3667 4895 pro-

2031 4915 2159 4982 pter
2188 4910 2507 4965 dictionum
2541 4909 2901 4965 additionem
2958 4913 3061 4964 aut
3109 4912 3342 4980 propter
3372 4909 3670 4966 substrac-

2030 4999 2268 5053 tionem.
2303 5000 2372 5053 Et
2401 4998 2729 5053 dictionum
2785 4997 3019 5069 quidem
3065 4996 3473 5065 redundantia,
3505 4998 3669 5055 defe-

2029 5091 2188 5142 ctum
2221 5104 2416 5142 rerum
2449 5086 2646 5153 efﬁcit,
2679 5091 2737 5142 et
2765 5087 2850 5142 sic
2879 5090 3126 5157 utraque
3156 5101 3226 5140 ex
3254 5090 3578 5158 parte,cum
3601 5105 3671 5144 ex

2027 5177 2416 5232 redundantia
2434 5180 2559 5231 tum
2581 5193 2650 5232 ex
2669 5176 2899 5231 defectu
2924 5174 3263 5246 imperfecta
3277 5178 3367 5230 est
3385 5174 3667 5233 definitio.

2028 5266 2087 5321 Si
2119 5264 2251 5336 quis
2282 5264 2437 5319 enim
2468 5264 2528 5319 in
2551 5263 2889 5334 deﬁnitione
2919 5262 3179 5319 hominis
3208 5263 3545 5321 redundans
3587 5263 3671 5320 di-

2027 5353 2317 5408 ctionibus
2348 5352 2575 5425 inquiat
2607 5353 2822 5408 :Homo
2844 5356 2935 5408 est
2964 5351 3180 5407 animal
3212 5351 3671 5421 rationale,mor-

2025 5441 2158 5510 tale,
2192 5441 2590 5515 intelligentiae
2612 5446 2670 5497 et
2700 5440 2957 5496 scientiae
2989 5442 3667 5513 capax,grammaticum:

2025 5530 2315 5585 defectum
2350 5549 2542 5587 rerum
2568 5529 3033 5601 admisit.Neque
3053 5529 3206 5584 enim
3240 5529 3291 5584 si
3323 5529 3462 5602 quid
3494 5529 3669 5587 homo

2025 5623 2133 5690 est,
2164 5620 2274 5674 hoc
2323 5618 2540 5675 animal
2595 5617 2897 5683 rationale,
2947 5617 3214 5687 mortale,
3271 5618 3672 5690 intelligentim

2024 5712 2081 5764 et
2113 5707 2365 5765 scientias
2422 5725 2624 5781 capax,
2675 5706 3127 5781 grammaticum
3170 5710 3278 5762 est.
3341 5707 3442 5763 Sin
3473 5711 3668 5764 autem
