4096 6444
378 416 498 498 6‘95
1629 420 2052 505 NIGEPHOHI
2096 440 2535 503 BLEMMIDE
3660 434 3784 504 696

383 586 591 626 rursus
622 570 977 629 dictionibus
1007 573 1220 646 aliquis
1248 574 1525 632 deﬁciens
1548 575 1810 649 inquiat:
1837 576 2018 632 Homo

2143 574 2420 646 ματικούς.
2473 572 2569 628 Καὶ
2622 571 2675 628 εἷ’
2712 595 2767 628 τι
2818 572 2913 647 μὲν
2965 577 3103 643 ζῶον
3154 568 3375 649 λογικὸν
3430 570 3623 641 θνητὸν
3683 574 3785 624 νοῦ

376 665 468 714 est
496 659 711 715 animal
741 661 1043 728 rationale,
1077 663 1340 735 mortale,
1374 668 1469 720 ‘ll
1507 666 1830 721 secundum
1869 669 2018 720 Grae-

2143 663 2221 717 ιιαὶ
2295 662 2603 735 ἐπιστήμης
2669 661 2910 718 δεκτικὸν
2986 663 3387 739 γραμματικὸν,
3452 665 3614 715 τοῦτο
3688 660 3782 714 καὶ

379 748 615 803 canicas
646 766 833 822 nugas
863 752 1038 807 rebus
1068 753 1407 809 abundavit.
1430 754 1586 816 Quas
1615 755 1771 810 enim
1796 754 1883 809 bas
1904 754 2018 811 lon-

2143 750 2437 826 ἴνθρωπος.
2471 752 2544 805 Οὐ
2576 754 2674 828 ρὴν
2705 751 2764 807 δὲ
2809 752 2900 807 καὶ
2954 753 3331 827 ἀντιστρέφει·
3393 747 3521 806 οὑδὲ
3572 749 3675 825 γὰρ
3733 745 3793 803 εἴ

384 853 571 910 gzsvas
602 839 893 911 nymphas
922 840 1321 910 introducunt,
1355 861 1474 899 una
1521 860 1653 899 cum
1685 843 2018 899 hominibus

2143 863 2183 896 ιι
2243 840 2548 916 ἅνθρωπος,
2595 846 2756 897 τοῦτο
2813 846 2949 911 ζῶον
3008 839 3232 916 λογικὸν
3290 841 3481 911 θνητὸν
3539 843 3634 893 νοῦ
3689 838 3785 893 καὶ

380 927 715 998 complexus
745 931 854 983 est.
914 930 983 984 Et
1032 930 1226 1002 siquid
1258 933 1529 1004 equidem
1571 932 1747 988 homo
1775 938 1887 998 est,
1918 932 2018 988 hoc

2143 930 2445 1001 ἐπιστήμης
2503 927 2744 985 δεκτικὸν
2809 930 3212 1005 γραμματικόν.
3272 929 3336 984 Εἰ
3386 926 3444 983 δέ
3499 949 3563 1003 γε
3612 926 3781 982 πάλιν

378 1016 595 1071 animal
641 1017 927 1073 rationale
967 1020 1209 1076 mortale
1255 1026 1345 1077 est
1393 1038 1406 1075 :
1454 1038 1569 1078 non
1601 1026 1797 1076 autem
1827 1021 2018 1092 siquid

2143 1016 2391 1092 ἐλλείψας
2419 1024 2540 1081 ταῖς
2572 1017 2773 1092 λέξεσιν
2808 1017 2952 1073 εἴποι
2979 1040 3084 1091 τις,
3118 1017 3440 1095 ’Δνθρωπός
3477 1016 3590 1073 ἐστι
3642 1021 3783 1085 ζῶον

377 1104 593 1160 animal
628 1106 910 1162 rationale
933 1108 1178 1165 mortale
1209 1115 1318 1181 est,
1350 1111 1460 1167 hoc
1484 1112 1610 1181 jam
1640 1110 1816 1166 etiam
1851 1110 2018 1165 homo

2143 1106 2353 1182 λογικὸν
2432 1108 2651 1178 θνητὸν,
2710 1107 3003 1163 ἐπλέονασε
3078 1109 3215 1162 κατὰ
3284 1108 3375 1161 τὸν
3454 1104 3784 1175 Ἑλληνικὸν

379 1198 489 1249 est.
2135 1194 2299 1258 ὕθλον
2357 1201 2474 1257 τοῖς
2526 1198 2830 1272 πράγμασι.
2890 1197 2989 1250 Καὶ
3046 1216 3109 1259 ας
3166 1195 3268 1272 γὰρ
3340 1195 3496 1258 οὗτος
3569 1196 3788 1273 νύμφας

374 1280 575 1356 εἰσάγει
639 1284 1001 1358 μακραίωνας,
1032 1292 1148 1348 τοῖς
1199 1286 1502 1361 ἀνθρώποις
1560 1281 1978 1361 συμπεριὲλαϐε.
2014 1283 2113 1338 Καὶ
2172 1282 2225 1338 εἷ’
2264 1306 2315 1338 τι
2372 1285 2467 1357 μὲν
2525 1282 2831 1360 ἄνθρωπος,
2878 1289 3040 1340 τοῦτο
3101 1289 3236 1353 ζῶον
3281 1283 3506 1360 λογικὸν
3564 1285 3785 1353 θνητὸν,

377 1369 475 1423 οὐκ
504 1370 549 1424 εἰ
577 1393 629 1425 τι
661 1370 718 1426 δὲ
749 1377 883 1440 ζῶον
918 1374 1136 1450 λογικὸν
1172 1376 1387 1445 θνητὸν,
1418 1381 1580 1430 τοῦτο
1608 1373 1716 1445 ἤδη
1750 1376 1837 1430 καὶ
1872 1376 2179 1450 ἄνθρωπος.

2205 1499 2266 1550 θ’.
2298 1498 2489 1553 ’ἰστέον
2524 1495 2581 1552 δὲ
2611 1496 2692 1553 δτί
2723 1497 2899 1570 ἐκείνη
2932 1502 2967 1568 ἠ
3008 1501 3292 1575 προσθήκη
3341 1500 3440 1567 τὴν
3498 1502 3596 1552 τοῦ
3653 1495 3788 1573 ὅρου

375 1590 595 1646 additio
625 1592 1061 1647 conversionem
1119 1591 1473 1648 deﬁnitionis
1530 1591 1854 1664 prohibeat,
1895 1607 2018 1661 qua:

2143 1584 2337 1640 κωλύει
2411 1587 2794 1664 ἀντιστροφὴν,
2853 1591 2888 1657 ἡ
2948 1590 3294 1663 προστιθεῖσα
3376 1586 3542 1659 αὐτῷ,
3597 1586 3632 1640 ’ἀ
3706 1588 3788 1659 μή

376 1679 577 1749 adjicit
604 1680 715 1751 ipsi
749 1697 817 1734 ea
847 1697 979 1751 quae
1018 1680 1075 1735 in
1107 1681 1383 1736 omnibus
1436 1680 1695 1736 definitis
1744 1698 1858 1735 non
1891 1696 2018 1752 spe-

2143 1677 2460 1750 θεωροῦνται
2493 1676 2546 1731 ἐν
2591 1683 2721 1731 πᾶσι
2765 1683 2883 1739 τοῖς
2940 1678 3199 1750 ὁριστοῖς.
3236 1676 3384 1730 Ἐπεί
3441 1675 3528 1730 τοί
3584 1696 3648 1750 γε
3693 1666 3791 1728 καὶ

378 1768 922 1834 ctantur.0uoniam
954 1769 1233 1824 nimirum
1258 1774 1316 1824 et
1334 1771 1703 1842 pr0priorum
1734 1773 1792 1824 et
1820 1785 2018 1825 eorum

2143 1769 2237 1819 τῶν
2297 1762 2450 1819 ἰδίων
2508 1766 2598 1820 καὶ
2644 1771 2751 1819 τῖον
2802 1765 2854 1821 ἐν
2907 1771 3036 1820 πᾶσι
3081 1771 3201 1827 τοῖς
3252 1766 3356 1820 ὑπὸ
3383 1764 3449 1819 τὸ
3474 1763 3605 1819 αὐτὸ
3635 1761 3790 1825 εἶδος

381 1857 796 1925 accidentium,
841 1875 968 1929 quae
997 1858 1058 1913 in
1090 1858 1364 1913 omnibus
1404 1858 1721 1914 individuis
1750 1862 2018 1929 spectan-

2143 1853 2361 1926 ὶτόμοις
2413 1855 2802 1931 θεωρουμένων
2855 1848 3282 1927 συμϐεϐηκότων
3331 1855 3619 1929 προσθήκη
3675 1854 3783 1922 τὴν

380 1950 497 2016 tur,
529 1946 746 2002 additio
806 1928 1240 2003 conversionem
1300 1964 1414 2003 non
1456 1948 1744 2019 prohibet,
1776 1947 1875 2002 sed
1909 1962 2018 2001 non

2143 1928 2533 2020 iV‘ttO'tPO?1“jV'
2567 1942 2630 1997 οὐ
2704 1940 2947 1997 κωλύει·
3005 1941 3419 2018 περιττολογίαν
3488 1938 3547 1995 δὲ
3610 1940 3791 2013 μόνην

379 2035 770 2090 necessariam
818 2036 1103 2090 duntaxat
1145 2035 1424 2091 orationis
1455 2035 1681 2107 copiam
1717 2035 1882 2090 aﬁ‘ert
1915 2053 1928 2089 :
1971 2042 2018 2090 el

2143 2030 2372 2104 ἐμποιεῖ,
2423 2031 2704 2086 κάντεῦθεν
2752 2032 2852 2101 τὴν
2905 2030 3196 2104 συντομίαν
3241 2034 3338 2085 τοῦ
3393 2029 3524 2106 ὅρου
3572 2050 3791 2104 περιαιο

380 2123 589 2177 exinde
641 2122 996 2179 deﬁnitionis
1025 2124 1365 2180 brevitatem
1397 2123 1568 2179 tollit.
1615 2125 1676 2179 Si
1704 2125 1836 2196 quis
1866 2124 2018 2180 enim

2143 2126 2236 2195 ρεῖ,
2272 2120 2369 2174 Καὶ
2397 2121 2498 2196 γὰρ
2531 2118 2584 2174 εἷ’
2601 2142 2686 2183 τις
2738 2125 2817 2192 τῷ
2862 2125 2960 2175 τοῦ
3009 2120 3298 2196 ἀνθρώπου
3352 2118 3467 2195 ὅρῳ
3512 2118 3576 2173 τὸ
3622 2116 3791 2194 γελα-

377 2209 636 2266 hominis
666 2211 991 2266 deﬁnitioni
1016 2211 1079 2265 τὸ
1127 2212 1346 2268 risibile
1374 2218 1430 2269 et
1458 2218 1715 2269 erectum
1748 2213 2018 2269 incedens

2143 2210 2314 2264 στικὸν
2362 2212 2655 2286 προσθήσει
2706 2210 2796 2264 καὶ
2842 2209 2905 2265 τὸ
2956 2208 3539 2286 ὀρθοπεριπατητικὸν,
3572 2207 3633 2261 οὐ
3681 2228 3792 2262 πα-

376 2298 1013 2372 adjiciat,nequaquam
1044 2300 1285 2358 violabit
1313 2303 1771 2358 conversionem.
1799 2302 1858 2358 Si
1883 2302 2018 2373 quid

2143 2294 2404 2373 ραϐλάψει
2478 2301 2578 2368 την
2654 2299 3010 2377 ἀντιστροφὴν
3091 2295 3370 2371 οὐδαμῶς.
3426 2297 3495 2352 Εἴ
3564 2318 3616 2351 τι
3682 2299 3793 2373 γὰρ

381 2387 540 2445 enim
600 2388 820 2445 animal
877 2390 1177 2456 rationale,
1220 2391 1485 2460 mortale,
1544 2390 1915 2463 inteligentiaa
1971 2395 2018 2446 el

2143 2393 2275 2458 ζῶον
2334 2387 2558 2464 λογικὸν
2617 2390 2811 2459 θνητὸν
2881 2393 2974 2443 νοῦ
3030 2389 3121 2443 καὶ
3177 2387 3485 2461 ἐπιστήμης
3542 2383 3793 2442 δεκτικὸν

378 2476 632 2532 scientiae
684 2494 885 2550 capax,
944 2478 1187 2545 risibile,
1241 2484 1497 2535 erectum
1555 2479 1878 2534 incedens:
1918 2479 2018 2534 hoc

2143 2477 2451 2552 γελαστικὸν
2556 2477 3135 2553 ὀρθοπεριπατητικὸν,
3211 2481 3373 2531 τοῦτο
3459 2473 3789 2550 ἄνθρωπος’

378 2565 557 2620 etiam
604 2566 781 2622 homo
827 2572 937 2623 est.
971 2569 1037 2622 Et
1067 2568 1115 2622 si
1148 2567 1287 2639 quid
1320 2568 1513 2635 homo,
1548 2568 1656 2623 hoc
1683 2566 1900 2623 animal
1934 2584 2018 2621 ra-

2143 2566 2224 2620 mi
2253 2564 2305 2620 εἷ’
2344 2588 2395 2621 τι
2437 2564 2740 2643 ἄνθρωπος,
2770 2571 2932 2621 τοῦτο
2985 2571 3121 2636 ζῶον
3172 2564 3395 2641 λογικὸν
3443 2563 3637 2633 θνητόν
3691 2567 3795 2617 νοῦ

389 2653 626 2722 tionale,
675 2655 938 2723 mortale,
996 2655 1391 2728 intelligentiae
1421 2661 1479 2712 et
1533 2656 1785 2711 scientia:
1824 2673 2018 2727 capax,

2143 2655 2223 2708 mi
2295 2654 2604 2728 ἐπιστήμης
2684 2652 2951 2722 δεκτικὸν,
3007 2654 3351 2730 γελαστικὸν,
3420 2652 3791 2728 ὀρθοπεριπα-

390 2742 631 2810 risibile,
665 2748 923 2800 erectum
967 2743 1243 2801 incedens
1275 2749 1383 2801 est.
1413 2747 1485 2801 At
1521 2745 1755 2818 propria
1782 2748 1839 2800 et
1868 2747 2018 2801 inse-

2143 2743 2377 2813 τητικόν.
2455 2738 2975 2821 Παραλαμϐάνονται
3064 2740 3121 2797 δὲ
3193 2744 3261 2797 τιὶ
3354 2739 3465 2796 ἴδια
3557 2741 3647 2796 καὶ
3721 2741 3795 2795 τὰ

442 1502 497 1554 9.
526 1502 812 1556 Caeterum
843 1506 901 1557 et
921 1502 1030 1557 hoc
1062 1502 1364 1557 sciendum
1384 1507 1474 1558 est
1499 1504 1652 1574 quod
1683 1502 1783 1557 illa
1803 1502 2023 1573 (modo)

388 2832 675 2904 parabilia
694 2833 1018 2890 accidentia
1037 2834 1097 2890 in
1122 2835 1491 2891 deﬁnitiones
1512 2835 1922 2906 descriptorias
1939 2851 2029 2890 as-

388 2926 725 2977 sumuntur.

455 3047 557 3103 12
590 3046 676 3101 10.
736 3047 938 3103 Diﬂ'ert
993 3052 1188 3103 autem
1247 3048 1481 3121 pr0prie
1519 3048 1674 3104 dicta
1702 3047 1965 3103 definitio
1995 3065 2030 3103 a

384 3134 723 3191 deﬁnitione
753 3136 1134 3208 descriptoria
1162 3155 1175 3205 ;
1206 3138 1360 3209 quod
1391 3137 1624 3209 proprie
1644 3137 1802 3193 dicta
1821 3136 2025 3193 defini-

382 3223 466 3279 tio
496 3240 565 3279 ex
622 3240 832 3296 genere
871 3230 929 3280 et
976 3226 1322 3282 differentiis
1351 3227 1588 3282 omnino
1618 3226 2028 3283 essentialibus

2138 2833 2423 2909 ἀχώριστα
2465 2827 2849 2907 συμϐεϐηκότα
2896 2832 2973 2895 εἰς
3024 2830 3151 2894 τοὺς
3218 2828 3623 2909 ὑπογραφικοὺς
3670 2830 3795 2904 ὁρι-

2138 2920 2329 2994 σμούς.

2211 3048 2262 3102 ι’.
2296 3048 2542 3125 Διαφέρει
2600 3044 2659 3102 δὲ
2717 3048 2745 3101 6
2802 3046 3005 3123 κυρίως
3054 3046 3282 3121 ὁρισμὸς
3347 3047 3444 3099 τοῦ
3494 3043 3799 3121 ὗπογραφι-

2136 3140 2236 3189 κοῦ
2289 3136 2559 3209 ὁρισμοῦ·
2622 3136 2704 3191 ὅτι
2733 3137 2762 3190 6
2814 3136 2909 3209 μὲν
2954 3134 3157 3209 κυρίως
3205 3132 3434 3209 ὁρισμὸς
3493 3131 3553 3187 ὲκ
3598 3132 3797 3206 γένους

2139 3223 2408 3300 σύγκειται
2465 3226 2555 3280 καὶ
2615 3222 2884 3302 διαφορῶν
2936 3228 3043 3279 τῶν
3098 3221 3244 3277 δλων
3277 3217 3597 3276 οὐσιωδῶν·
3648 3221 3679 3274 6
3733 3218 3800 3276 δὲ

382 3316 631 3379 constat,
682 3314 1062 3386 descriptoria
1109 3320 1303 3371 autem
1333 3332 1402 3370 ex
1440 3331 1647 3388 genere
1678 3320 1734 3371 et
1762 3316 2018 3372 differen-

2143 3298 2505 3390 ὑπογραφικὸς
2536 3314 2596 3368 ἐκ
2641 3298 2833 3388 γένους
2882 3311 2969 3367 καὶ
3019 3308 3316 3389 διαφορῶν,
3344 3313 3508 3364 τινῶν
3558 3309 3655 3381 μὲν
3701 3306 3797 3363 06-

384 3401 485 3457 tiis
517 3401 647 3458 aliis
675 3403 1114 3472 essentialibus,
1145 3403 1276 3460 aliis
1306 3404 1783 3461 accidentalibus.

459 3536 545 3589 11.
579 3536 665 3591 Ob
686 3535 794 3592 hoc
823 3537 981 3593 enim
1002 3537 1194 3609 ipsum
1219 3537 1397 3594 etiam
1425 3539 1807 3611 descriptoria
1829 3540 2030 3596 defini-

383 3623 467 3677 tio
496 3623 891 3697 dicitur,quod
914 3642 978 3681 ex
1001 3632 1165 3699 porte
1184 3628 1421 3699 quidem
1444 3645 1576 3683 cum
1596 3628 2031 3698 deﬁnitione,ex

386 3717 550 3782 parte
567 3729 699 3769 vero
720 3730 852 3770 cum
875 3715 1263 3788 descriptione
1282 3717 2027 3790 communicat.Descriptio

386 3800 543 3857 enim
574 3806 631 3856 et
650 3818 718 3857 ex
746 3819 955 3875 genere
985 3808 1041 3859 et
1063 3805 1311 3877 propriis
1342 3811 1399 3861 et
1425 3806 1917 3878 inseparabilibus
1939 3826 2029 3863 ac-

385 3887 714 3945 cidentibus
746 3895 1064 3960 constat,ut
1105 3893 1291 3964 siquis
1340 3894 1495 3949 dicat
1523 3911 1535 3948 :
1572 3895 1752 3951 Homo
1784 3900 1874 3951 est
1901 3897 2025 3951 ani-

383 3977 500 4033 mal
532 3978 1035 4046 risibile,erectum
1066 3982 1362 4053 incedens,
1398 3982 1528 4038 latis
1557 3985 1852 4055 unguibus
1881 4002 2024 4056 prae-

379 4067 592 4138 ditum,
628 4074 798 4124 utens
856 4071 1147 4126 manibus.
1210 4072 1543 4143 Composita
1570 4072 1726 4128 enim
1784 4078 1869 4129 est
1902 4073 2024 4130 haec

380 4157 691 4229 descriptio
765 4174 834 4213 ex
906 4176 1114 4230 genere
1191 4160 1481 4227 animalis,
1555 4167 1612 4216 et
1680 4162 2023 4220 differentiis

377 4245 694 4302 essentiam
752 4248 1267 4319 consequentibus,
1313 4248 1555 4305 risibilis
1586 4252 1739 4322 quod
1771 4256 1862 4306 est
1890 4268 2022 4322 pro-

376 4334 593 4406 prium,
624 4339 751 4390 tum
784 4334 915 4391 aliis
944 4354 1068 4406 quas
1126 4342 1266 4392 sunt
1312 4338 1729 4410 inseparabilis
1755 4340 2022 4395 acciden-

375 4424 479 4479 tia.

450 4539 537 4593 12.
563 4539 742 4595 Usum
765 4544 962 4595 autem
986 4540 1162 4595 habet
1191 4541 1766 4614 descriptio,quando
1789 4559 1881 4598 res
1903 4559 2016 4598 non

376 4627 552 4684 habet
579 4628 921 4685 essentiales
950 4629 1324 4685 differentias.

449 4753 533 4809 13.
584 4754 696 4809 Sed
754 4758 811 4808 et
840 4754 1223 4826 descriptoria
1250 4755 1511 4812 deﬁnitio
1556 4756 1719 4813 utilis
1748 4760 1838 4812 est
1882 4775 2015 4813 cum

374 4859 467 4898 res
504 4842 681 4897 habet
709 4842 1047 4898 essentiales
1077 4843 1315 4915 quidem
1346 4844 1725 4911 differentias,
1748 4847 1849 4902 sed
1902 4864 2018 4903 non

370 4936 567 4986 tamen
600 4932 1112 5004 sufﬁcientes,qua
1130 4933 1317 5004 ipsam
1340 4935 1654 5005 perfectam
1681 4935 2011 5007 exhibeant,

370 5023 436 5073 ut
462 5019 522 5073 in
550 5020 883 5075 definitione
904 5019 1323 5091 equi.Dicimus
1345 5022 1523 5088 enim,
1550 5027 1747 5094 Equus
1775 5028 1862 5078 est
1885 5024 2011 5078 ani-

367 5107 488 5163 mal
516 5107 872 5163 irrationale.
906 5110 972 5163 Et
1000 5108 1063 5162 16
1096 5108 1431 5165 irrationale
1479 5112 1713 5184 quidem
1766 5113 1868 5167 13
1924 5117 2011 5168 est

365 5196 695 5253 differentia
722 5198 1094 5263 essentialis;
1146 5200 1246 5254 sed
1297 5200 1435 5270 quia
1480 5203 1549 5256 ab
1581 5202 1855 5258 omnibus
1884 5202 2008 5256 ani-

363 5284 619 5341 malibus
636 5301 854 5357 equum
878 5302 1148 5357 separare
1164 5303 1278 5343 non
1295 5290 1686 5361 potest,etiam
1711 5290 2007 5362 proprium

361 5375 698 5445 adjicimus,
730 5375 883 5446 quod
916 5378 1005 5429 est
1032 5374 1332 5431 binniendi
1365 5378 1639 5433 facultate
1676 5379 2004 5450 praeditum.

360 5467 471 5523 Sed
504 5471 560 5521 et
591 5465 772 5536 aliqui
820 5462 1062 5535 majoris
1092 5466 1523 5537 perspicuitatis
1554 5469 1742 5540 gratia
1768 5467 1831 5520 τὸ
1863 5485 2005 5540 qua-

358 5560 595 5627 drupes,
632 5555 783 5624 quod
819 5557 909 5607 est
953 5552 1339 5625 inseparabile
1370 5556 1660 5621 accidens,
1693 5558 2000 5627 adjiciunt.

358 5650 443 5705 sic
474 5648 729 5701 dicentes
758 5659 769 5698 :
808 5643 1005 5713 Equus
1036 5642 1359 5698 estanimal
1380 5643 1715 5700 irrationale
1747 5648 2003 5717 quadru-

357 5752 460 5813 pes
490 5733 795 5793 hinniendi
824 5731 1099 5789 facultate
1128 5732 1455 5805 praeditum.

2136 3399 2370 3473 σιωδῶν,
2400 3407 2559 3457 τινῶν
2587 3400 2645 3457 δὲ
2674 3398 3045 3456 ἐπουσιωδῶν.

2219 3539 2304 3591 ια’.
2340 3536 2438 3591 Διὰ
2472 3541 2633 3591 τοῦτο
2692 3537 2796 3610 γὰρ
2845 3534 2933 3590 καὶ
2987 3531 3362 3611 ὖπογραφικὸς
3411 3532 3641 3607 ὁρισμὸς
3693 3528 3788 3585 λέ-

2133 3649 2305 3706 γεται,
2357 3626 2439 3682 ὅτι
2499 3626 2634 3680 κατᾶ
2692 3626 2745 3680 τὶ
2797 3624 2890 3698 μὲν
2944 3626 3196 3678 κοινωνεῖ
3238 3626 3318 3692 τῷ
3371 3620 3605 3696 ὁρισμῷ,
3651 3619 3795 3674 κατᾶ

2132 3703 2202 3773 τὰ
2245 3718 2298 3772 τὶ
2349 3714 2406 3770 δὲ
2445 3720 2514 3789 τῇ
2566 3715 2872 3791 ὑπογραφῇ.
2906 3711 3006 3767 Καὶ
3060 3712 3165 3786 γὰρ
3205 3711 3239 3779 ἡ
3273 3708 3556 3785 ὑπογραφὴ
3615 3703 3675 3762 ἔκ
3727 3727 3792 3762 τε

2134 3804 2324 3883 γένους
2355 3805 2443 3860 καὶ
2477 3801 2627 3858 ἰδίων
2668 3802 2758 3857 καὶ
2807 3795 3232 3875 συμϐεϐηκότων
3284 3796 3607 3874 ἀχωρίστων
3659 3816 3787 3850 συν-

2138 3897 2373 3952 ίσταταιο
2425 3894 2498 3955 ὡς
2546 3891 2671 3947 ὅταν
2733 3888 2877 3945 εἴποι
2931 3910 3036 3959 τις,
3096 3885 3423 3963 ’Ἄνθρωπός
3484 3884 3594 3940 ἐστι
3645 3887 3783 3952 ζῶον

2133 3984 2473 4062 γελαστικὸν,
2524 3978 3106 4057 ὀρθοπεριπατητικὸν,
3152 3974 3573 4049 πλατυώνυχον,
3624 3971 3789 4062 χερσὶ

2132 4059 2444 4151 χρώμενον.
2506 4070 2741 4139 Συνέστη
2820 4068 2925 4144 γὰρ
2982 4069 3017 4137 ἡ
3074 4064 3303 4135 τοιαύτη
3367 4062 3658 4151 ὑπογραφή
3731 4059 3793 4114 ἐκ,

2133 4149 2325 4240 γένους
2372 4166 2470 4217 τοῦ
2522 4161 2685 4231 ζώου,
2716 4159 2806 4213 καὶ
2857 4156 3127 4234 διαφορῶν
3181 4149 3558 4223 έπουσιωδῶν,
3586 4154 3685 4206 τοῦ
3731 4170 3793 4204 τε

2132 4239 2457 4329 γελαστικοῦ
2516 4248 2648 4324 ὅπερ
2701 4246 2840 4302 ἐστὶν
2899 4243 3060 4318 ἴδιον,
3095 4245 3184 4299 καὶ
3244 4247 3355 4299 τῶν
3418 4239 3603 4296 ἄλλων
3653 4239 3791 4314 ἅπερ

2131 4339 2234 4395 εἰσὶ
2260 4331 2645 4412 συμϐεϐηκότα
2674 4335 2974 4411 ἀχώριστα.

2204 4544 2291 4619 ιβ’.
2325 4544 2483 4617 Ἔχει
2534 4538 2592 4595 δὲ
2634 4539 2697 4594 τὸ
2745 4540 3026 4615 χρήσιμον
3075 4538 3111 4606 ἡ
3165 4533 3475 4610 ὑπογραφὴ,
3516 4530 3642 4586 ὅταν
3689 4528 3793 4585 οὐκ

2049 4660 2097 4725 D
2129 4630 2231 4707 ἔχῃ
2257 4631 2322 4686 16
2352 4637 2578 4707 πρᾶγμα
2606 4625 2888 4689 οὐσιώδεις
2918 4623 3199 4704 διαφοράς.

2202 4757 2288 4830 ιγ’.
2335 4756 2618 4830 Χρήσιμος
2694 4750 2753 4807 δὲ
2822 4751 2912 4805 καὶ
2989 4752 3017 4806 ὁ
3090 4748 3455 4826 ὑπογραφικὸς
3530 4749 3783 4824 ὁρισμὸς,

2129 4844 2254 4899 ὅταν
2316 4841 2417 4919 ἔχῃ
2478 4842 2572 4915 μὲν
2629 4843 2692 4897 τὸ
2750 4845 2975 4917 πρᾶγμα
3048 4835 3333 4899 οὐσιώδεις
3387 4834 3667 4915 διαφορὰς,
3720 4838 3783 4894 οὗ

2128 4934 2235 5006 μὴν
2338 4930 2606 5006 ἀρκούσας
2697 4930 2773 4992 εἰς
2864 4931 2926 4983 τὸ
3027 4925 3338 4990 ἀνελλιπῖὺς
3439 4930 3783 5001 παραστῆσαι

2121 5021 2282 5077 αὐτό’
2333 5021 2411 5082 ὡς
2470 5020 2557 5076 ἐπὶ
2616 5025 2715 5075 τοῦ
2768 5018 2898 5095 ὅρου
2952 5022 3051 5072 τοῦ
3102 5015 3298 5072 ἵππου.
3359 5016 3604 5091 Λέγομεν
3656 5017 3782 5093 γὰρ,

2119 5113 2313 5172 Ἵππος
2345 5110 2452 5164 ἐστῖ
2488 5114 2625 5178 ζῶον
2657 5106 2855 5184 ἄλογον
2883 5130 2895 5141 ·
2954 5107 3044 5161 καὶ
3103 5107 3165 5160 16
3210 5106 3304 5180 μὲν
3341 5101 3543 5179 ἄλογον
3580 5104 3786 5160 οὖσιὼ·

2121 5196 2221 5271 δης
2252 5197 2482 5276 διαφορά
2514 5218 2660 5252 εστιν
2685 5216 2698 5230 ·
2741 5194 2868 5253 ἀλλ’
2898 5192 3084 5265 ἐπειδὴ
3114 5199 3221 5250 τῶν
3254 5193 3403 5249 ὅλων
3451 5193 3604 5262 ζώων
3651 5213 3777 5269 χω-

2122 5288 2264 5364 ρίσαι
2320 5288 2411 5341 τὸν
2456 5285 2628 5341 ’ίππον
2683 5285 2744 5340 οὐ
2814 5283 3056 5352 δύναται,
3113 5281 3512 5358 προστιθέαμεν
3562 5282 3651 5336 καὶ
3705 5283 3770 5336 τὸ

2119 5375 2278 5444 ἴδιον,
2313 5375 2443 5451 ὅπερ
2505 5375 2615 5430 ἐστὶ
2653 5374 2716 5429 τὸ
2763 5373 3200 5450 χρεμετιστικόν.
3228 5373 3379 5434 Τινὲς
3435 5368 3493 5426 δὲ
3544 5367 3635 5424 διὰ
3673 5390 3773 5425 σα-

2116 5468 2337 5545 φήνειαν
2368 5463 2598 5519 πλείονα
2642 5463 2731 5517 καὶ
2778 5463 2840 5517 τὸ
2884 5462 3199 5538 τετράπουν,
3234 5460 3369 5538 ὅπερ
3422 5458 3562 5515 ἐστὶν
3614 5458 3780 5534 ἀχώ-

2116 5577 2295 5632 ριστον
2381 5548 2764 5626 συμϐεϐηκὸς,
2858 5553 3251 5627 προστιθέασιν,
3344 5549 3487 5604 οὕτω
3576 5546 3782 5623 λέγον-

2110 5666 2236 5707 τες·
2289 5646 2484 5704 Ἵππος
2533 5641 2641 5696 ἐστὶ
2693 5646 2829 5710 ζῶον
2896 5641 3094 5717 ἄλογον
3152 5640 3454 5716 τετράπουν
3510 5654 3778 5712 χρεμετι-

2111 5755 2170 5789 στ
2180 5733 2290 5788 ικόν
2303 5778 2316 5790 .
