4096 6448
364 437 482 500 6971

441 569 526 630 ιδ’.
564 569 638 626 Ού
693 569 920 629 πάντοτε
976 568 1033 628 δὲ
1081 572 1108 626 ὁ
1168 572 1532 651 ὑπογραφικὸς
1594 572 1820 648 ὁρισμὸς
1879 578 2009 628 πᾶσι
2038 575 2093 641 Α

363 666 567 736 χρᾶται
595 667 714 724 τοῖς
745 659 1026 717 ούσιώδεσι
1066 662 1155 716 καὶ
1204 658 1385 717 ἔκτοτε
1428 667 1544 723 τοῖς
1604 659 2005 732 ἐπουσιώδεσιν,

365 749 513 806 ἀλλά
560 750 652 805 καὶ
712 757 808 823 μιᾷ
858 750 996 824 μόνῃ
1051 749 1321 812 πολλάκις
1391 749 1724 826 ἀρκούμενος
1811 750 2006 805 ούσιώ-

368 835 448 894 δει
535 838 809 918 διαφορᾷ,
887 839 950 894 τὸ
1037 838 1226 894 λοιπὸν
1314 838 1364 909 ἐξ
1448 836 1792 895 έπουσιωδῶν
1879 860 2012 912 συμ-

363 925 602 1005 πληροῖ.

409 1056 412 1058 ’
443 1047 518 1098 ιε’.
562 1049 840 1123 Διαφορῶν
873 1043 930 1100 δὲ
960 1045 1132 1100 ούσῶν
1165 1042 1442 1100 ούσιωδῶν
1471 1045 1744 1120 ἀρχουσῶν
1797 1043 1874 1106 εἷς
1920 1044 2012 1098 τὸν

363 1133 633 1207 ὁρισμὸν,
686 1134 751 1190 τὸ
819 1129 1259 1209 παραλαμϐάνειν
1335 1131 1683 1195 έπουσιώδεις
1757 1133 2009 1210 ἀτεχνίας

363 1221 526 1277 ἐστίν.
555 1223 828 1286 Ὡσαύτως
885 1223 973 1278 καὶ
1027 1223 1092 1278 τὸ
1148 1220 1217 1276 δι’
1268 1223 1589 1300 ὑπογραφῆς
1636 1221 1893 1277 δεικνύειν
1948 1223 2011 1276 τὸ

360 1313 603 1388 πεφυκὸς
663 1309 940 1387 δειχθῆναι
1001 1309 1071 1366 δι’
1126 1312 1385 1386 ὁρισμοῦ·
1444 1310 1590 1380 πλὴν
1651 1311 1696 1366 εἰ
1763 1313 1836 1384 μή
1893 1331 2009 1372 πως

360 1401 504 1471 πρὸς
531 1400 742 1463 ἀτελεῖς
786 1401 879 1455 τὸν
937 1398 1102 1475 λόγον
1160 1399 1488 1473 ποιούμενός
1541 1400 1739 1472 τις,ού
1796 1398 2010 1456 δύναται

358 1489 427 1543 τὸ
469 1495 692 1565 πρᾶγμα
748 1495 931 1568 σαφῶς
960 1489 1144 1552 αὐτοῖς
1177 1489 1237 1544 ἐκ
1270 1494 1377 1545 τῶν
1428 1487 1708 1544 ούσιωδῶν
1763 1491 1852 1544 καὶ
1915 1489 2012 1561 μό-

361 1599 471 1633 νων
521 1586 857 1652 παραστῆσαι
917 1576 1210 1656 διαφορῶν.
1263 1579 1393 1634 Τότε
1449 1580 1552 1654 γὰρ
1611 1580 1698 1633 καὶ
1755 1577 2011 1657 διαφορὰς

363 1665 742 1738 ἐπουσιώδεις,
785 1666 874 1722 διὰ
901 1667 1030 1730 τοὺς
1059 1668 1195 1743 πρὸς
1227 1667 1320 1729 οὓς
1352 1669 1380 1722 ὁ
1413 1667 1602 1743 λόγος,
1635 1667 1710 1730 εἷς
1744 1665 2011 1746 διασάφη-

364 1778 450 1810 σιν
482 1755 711 1812 πλείονα
738 1757 1140 1832 παραλήψεται.

443 1874 528 1936 ις’.
562 1867 1026 1946 Λαμϐάνονταιοὶ
1082 1871 1302 1948 ὁρισμοὶ
1361 1872 1449 1927 καὶ
1508 1873 1558 1946 ἐξ
1619 1871 1758 1943 ὕλης
1814 1872 1904 1927 καὶ
1959 1872 2009 1944 ἐξ

1714 438 2064 503 EPITOME
2105 437 2408 504 LOGICA.

3643 433 3761 496 698

2197 576 2281 630 14.
2340 575 2464 631 Non
2524 591 2756 647 semper
2807 577 3005 630 autem
3060 569 3441 645 descriptoria
3497 567 3759 626 deﬁnitio

2119 665 2391 721 omnibus
2419 665 2604 721 utitur
2628 664 3038 721 essentialibus
3069 660 3457 733 (differentiis)
3510 664 3567 715 et
3621 658 3756 714 hinc

2117 754 2434 810 essentiam
2461 755 2865 827 sequentibus,
2897 755 3016 809 sive
3048 751 3418 819 adventitiis;
3454 751 3554 806 sed
3606 747 3758 820 saepe

2117 845 2292 900 etiam
2323 861 2440 899 una
2468 844 2591 900 sola
2638 844 3011 914 acquiescens
3061 840 3359 898 essentiali
3408 838 3756 904 differentia,

2120 933 2274 1004 quod
2306 932 2596 1003 reliquum
2626 938 2714 988 est
2733 949 2803 988 ex
2832 931 3167 987 adventitiis
3198 927 3469 1002 complet.

2192 1048 2276 1102 15.
2326 1049 2567 1112 Quando
2622 1065 2756 1104 vero
2810 1045 3152 1102 essentiales
3204 1042 3539 1099 differentiae
3589 1041 3756 1098 sufﬁ-

2119 1135 2282 1192 ciunt
2313 1137 2384 1192 ad
2416 1136 2834 1202 deﬁnitionem,
2867 1134 3110 1190 inscitiae
3143 1137 3231 1189 est
3277 1129 3622 1188 adventitias
3672 1146 3759 1185 as-

2119 1242 2389 1294 sumere;
2437 1228 2640 1281 eodem
2687 1226 2858 1281 modo
2914 1229 2971 1281 et
3017 1222 3407 1294 descriptione
3454 1220 3758 1276 ostendere

2119 1314 2274 1385 quod
2305 1313 2642 1370 deﬁnitione
2671 1313 2898 1370 ostendi
2929 1316 3156 1385 potest;
3191 1310 3306 1366 nisi
3339 1309 3474 1382 quis
3523 1309 3594 1364 ad
3648 1308 3757 1364 im-

2119 1403 2406 1475 perfectos
2437 1419 2765 1459 sermonem
2798 1402 3016 1458 faciens
3045 1417 3159 1456 non
3202 1399 3388 1472 possit
3427 1397 3544 1453 illis
3573 1414 3640 1452 ex
3669 1413 3758 1452 es-

2120 1491 2468 1547 sentialibus
2499 1496 2556 1547 et
2585 1491 2725 1547 solis
2754 1490 3094 1547 differentiis
3156 1488 3465 1544 manifesto
3515 1502 3634 1542 rem
3685 1485 3759 1540 ob

2121 1579 2318 1636 oculos
2349 1598 2580 1652 ponere.
2615 1583 2777 1635 Tunc
2805 1579 2962 1635 enim
2993 1579 3168 1634 etiam
3201 1575 3545 1632 adventitias
3601 1574 3760 1629 diﬁ‘e—

2121 1669 2337 1724 rentias
2385 1674 2618 1741 propter
2647 1686 2747 1726 eos
2777 1669 2848 1724 ad
2893 1685 3042 1739 quos
3087 1683 3277 1723 sermo
3330 1666 3419 1729 ﬁt,
3467 1663 3753 1720 uberioris

2119 1756 2546 1829 explanationis
2575 1759 2764 1831 gratia
2795 1762 3075 1814 assumet.

2193 1874 2278 1928 16.
2314 1875 2643 1930 Sumuntur
2670 1873 3042 1929 deﬁnitiones
3068 1875 3127 1928 et
3174 1887 3242 1926 ex
3289 1869 3536 1926 materia
3581 1872 3639 1924 et
3685 1884 3755 1922 ex

359 1958 564 2022 εἴδους.
599 1963 743 2032 Οἷον,
774 1959 1016 2038 Ἀνδριάς
1069 1960 1208 2016 ἐστιν
1257 1960 1315 2015 έκ
1371 1959 1586 2037 χαλκοῦ
1641 1961 2005 2034 πεποιημένος

2126 1963 2323 2033 Forma,
2356 1963 2562 2020 veluti:
2598 1965 2804 2019 Statua
2831 1967 2921 2018 est
2949 1979 3018 2018 ex
3047 1978 3156 2016 mre
3177 1961 3330 2016 facta
3356 1958 3463 2014 viri
3504 1957 3758 2030 speciem

357 2047 558 2125 ἀνδρὸς
609 2047 748 2112 εἶδος
795 2049 1090 2128 ἐμφαίνων.
1117 2047 1255 2119 Ὕλη
1311 2050 1403 2122 μὲν
1441 2049 1532 2105 οὖν
1562 2050 1700 2104 ἐστιν
1744 2051 1771 2104 ὁ
1802 2049 2009 2125 χαλκὸς

355 2138 456 2193 καὶ
506 2138 766 2214 ἀναλογεῖ
809 2143 888 2210 τῷ
932 2139 1114 2214 γένει·
1172 2139 1235 2193 τὸ
1283 2136 1342 2193 δὲ
1379 2137 1570 2215 ἀνδρὸς
1620 2136 1760 2201 εἶδος
1813 2137 2006 2215 ἐμφαί-

356 2249 496 2299 νων,
521 2225 661 2289 εἶδος
715 2225 791 2301 ὂν,
840 2231 958 2289 ταῖς
1007 2224 1289 2306 διαφοραῖς
1339 2227 1596 2304 ἀναλογεῖ
1644 2234 1762 2290 ταῖς
1817 2249 2007 2282 συστα-

353 2337 491 2370 τικα
501 2337 562 2378 ις.

440 2433 523 2502 ιζ’.
554 2427 932 2506 Λαμϐάνονται
979 2431 1070 2486 καὶ
1121 2431 1174 2502 ἐξ
1223 2433 1582 2506 ὑποκειμένου
1647 2435 1735 2487 καὶ
1791 2431 2006 2493 τέλους.

354 2521 744 2594 ’Υποκείμενον
806 2523 899 2594 μὲν
960 2518 1051 2575 οὖν
1108 2521 1242 2590 ἐστι,
1292 2521 1414 2596 περὶ
1462 2522 1492 2576 ’ὀ
1533 2522 1596 2576 τὸ
1651 2521 1862 2594 ὁριστὸν
1910 2542 2006 2575 κα-

353 2610 666 2686 ταγίνεται·
723 2608 883 2672 τέλος
941 2608 1020 2680 δὲ,
1079 2610 1141 2665 οὗ
1199 2611 1537 2687 στοχάζεται.
1601 2613 1724 2664 Οἷον
1772 2612 2004 2686 ’ἰατρική

358 2699 481 2756 ἐστι
534 2699 701 2776 τέχνη
761 2699 884 2774 περὶ
942 2700 1010 2754 τὰ
1064 2699 1366 2776 ἀνθρώπεια
1439 2701 1666 2773 σώματα
1723 2720 2006 2776 καταγινο-

367 2789 532 2863 μένη,
606 2788 782 2866 ὑγείας
863 2790 1274 2865 περιποιητική.
1333 2788 1686 2862 Ὑποκείμενα
1760 2789 1864 2864 γὰρ
1939 2792 2006 2862 τῇ

363 2879 586 2954 ἰατρικῇ
648 2878 718 2932 τὰ
763 2878 1069 2954 ἀνθρώπεια
1115 2879 1341 2950 σώματα
1373 2893 1389 2910 ⁸
1437 2877 1596 2940 τέλος
1649 2875 1707 2932 δὲ
1750 2879 1813 2933 τὸ
1861 2898 2009 2954 περι-

361 2969 638 3022 ποιεῖσθαι
697 2966 879 3029 αύτοῖς
934 2968 1034 3036 τὴν
1082 2967 1279 3043 ὑγίειαν
1330 2967 1485 3036 καὶῆ
1518 2972 1790 3043 παροῦσαν
1824 2965 2008 3046 διαφυ-

358 3053 601 3125 λάττειν,
628 3058 662 3124 ἢ
699 3057 933 3110 ἀποῦσαν
967 3053 1366 3110 ἀνακαλεῖσθαι.

440 3172 529 3239 ιη’.
579 3165 959 3243 Λαμϐάνονται
1016 3171 1105 3225 καὶ
1165 3170 1215 3241 ἐξ
1274 3171 1628 3245 ὑποκειμένου
1693 3172 1860 3245 μόνου
1916 3173 2006 3228 καὶ

356 3259 421 3315 ἐκ
449 3259 641 3321 τέλους
676 3259 866 3332 μόνου,
899 3258 1022 3314 ὅταν
1069 3259 1128 3314 ἐκ
1183 3261 1406 3336 θατέρου
1460 3261 1665 3316 τούτων
1717 3259 1936 3317 δυνατὸν

355 3313 425 3419 δη
435 3313 656 3404 λεὼ..
676 3313 763 3402 ’ξι
810 3313 1057 3423 πρᾶγμα.
1103 3313 1208 3419 ’εέ
1247 3313 1433 3404 5.1....
1441 3313 1631 3422 μέν..
1663 3313 1844 3423 μένὀἰᾆ’
1859 3313 1871 3317 ⁷
1885 3313 2002 3426 δέ,ἱί
2033 3313 2076 3382 C

353 3439 515 3510 σμὸς,
547 3438 623 3499 ὡς
653 3435 742 3492 ὅτε
772 3437 915 3512 λέγει
947 3458 1054 3508 τις,
1101 3436 1462 3512 Ὑαλουργική
1525 3437 1634 3492 ἐστι
1689 3439 1868 3514 τέχνη⁴
1913 3453 2006 3494 xa-

349 3527 681 3602 ταγινομένη
734 3526 857 3599 περὶ
907 3527 1007 3594 τήν
1055 3524 1248 3581 ὕαλον·
1305 3525 1365 3581 ἐκ
1416 3524 1474 3581 δὲ
1520 3531 1617 3581 τοῦ
1665 3525 1857 3590 τέλους
1901 3528 2000 3602 μό-

349 3637 477 3686 νου,
531 3615 606 3677 ὡς
664 3615 750 3685 τὸ,
793 3616 1094 3691 Μαγειρική
1154 3614 1263 3669 ἐστι
1329 3613 1497 3690 τέχνη
1547 3613 1852 3689 ἐδεσμάτων
1911 3638 2003 3672 κα-

351 3705 748 3775 τασκευαστική
759 3745 770 3756 .

431 3819 520 3884 ιθ’.
551 3824 882 3896 Θεωρτῦνται
940 3817 998 3874 δὲ
1051 3819 1141 3874 καὶ
1200 3818 1252 3874 έν
1310 3825 1426 3882 τοῖς
1475 3822 1748 3884 τοιούτοις
1809 3821 1998 3876 ἅπασιν

350 3911 611 3984 ὁρισμοῖς
636 3909 704 3963 τὰ
748 3907 950 3986 γένεσιν
1001 3907 1370 3984 ἀναλογοῦντα
1415 3910 1504 3964 καὶ
1555 3907 1838 3988 διαφοραῖς
1882 3917 2002 3972 ταῖς

347 4003 722 4059 συστατικαῖς·
782 3996 962 4072 ὥσπερ
1020 3997 1115 4052 κάν
1171 3997 1290 4059 τοῖς
1342 4003 1630 4074 προσεχῶς
1691 3998 2002 4074 εἰρημένοις

347 4088 388 4156 ἠ
421 4087 591 4161 τέχνη
650 4086 743 4159 μὲν
803 4086 876 4148 ὡς
923 4085 1076 4160 γένος
1124 4084 1286 4158 ἐστὶν,
1320 4087 1394 4149 ὡς
1437 4084 1686 4164 διαφοραὶ
1721 4085 1778 4142 δὲ
1807 4108 1995 4142 συστα-

343 4174 496 4230 τικαὶ
524 4175 594 4230 τὰ
623 4172 811 4232 λοιπά.

419 4369 488 4425 κ’.
519 4367 629 4437 Τήν
656 4367 852 4438 κλῆσιν
891 4365 938 4423 δ’
976 4365 1194 4444 ἔχουσιν
1227 4370 1278 4423 οἱ
1311 4369 1532 4445 ὁρισμοὶ
1587 4370 1646 4425 έκ
1697 4378 2001 4450 μεταφορᾶς

342 4462 456 4512 τῶν
485 4465 587 4527 τῆς
615 4464 718 4534 γῆς
766 4458 1055 4533 ὁροθεσίων
1079 4480 1092 4492 ο
1138 4459 1213 4520 ὡς
1255 4459 1358 4534 γὰρ
1390 4456 1459 4513 δι’
1497 4458 1710 4515 ἐκείνων
1763 4461 1996 4536 χωρίζε-

345 4568 438 4601 ται
466 4547 534 4601 τὰ
565 4545 750 4622 χωρία
771 4545 863 4600 ἀπ’
890 4544 1180 4617 ἀλλήλων,
1213 4547 1355 4602 οὕτω
1409 4548 1498 4602 καὶ
1557 4545 1646 4603 διὰ
1687 4555 1794 4604 τῶν
1855 4551 2000 4626 ὁρισ-

352 4639 473 4710 μῶν
506 4636 597 4690 ἀπ’
627 4631 894 4705 ἀλλήλων
920 4635 988 4690 τὰ
1014 4636 1309 4710 πράγματα
1339 4633 1690 4711 διακρίνεται.

421 4842 520 4898 κα’.
559 4840 824 4916 Λέγονται
882 4836 940 4894 δὲ
993 4839 1084 4893 καὶ
1142 4839 1363 4916 ὁρισμοὶ
1409 4840 1499 4895 καὶ
1553 4839 1673 4917 ὅροι
1719 4840 1808 4897 διά
1851 4865 1912 4898 τε
1937 4845 2000 4900 τὸ

344 4929 683 5006 περιορίζειν
759 4928 848 4984 καὶ
913 4927 1264 5003 περικλείειν,
1311 4928 1400 4984 καὶ
1446 4928 1590 4985 οὕτω
1655 4927 2002 5008 διαχωρίζειν

346 5018 401 5093 ἐξ
435 5016 714 5089 ἀλλήλων
745 5017 814 5073 τὰ
841 5018 1045 5094 ὁριστὰ,
1075 5017 1165 5072 καὶ
1197 5015 1286 5072 διὰ
1313 5017 1376 5073 τὸ
1407 5017 1636 5094 εύόρατα
1682 5020 1772 5074 καὶ
1823 5020 2004 5076 εὐσύν-

351 5129 492 5164 οπτα
549 5108 643 5162 καὶ
691 5110 836 5185 σαφῆ
891 5112 1067 5162 ποιεῖν
1125 5108 1194 5161 τὰ
1247 5108 1558 5183 πράγματα.
1613 5107 1850 5178 Δηλοῦσι
1904 5113 1998 5183 μὲν

339 5199 451 5274 γὰρ
510 5197 601 5252 καὶ
651 5199 720 5252 τὰ
769 5196 1010 5270 ὀνόματα
1058 5195 1239 5273 φύσεις
1266 5199 1621 5272 πραγμάτων,
1653 5198 1728 5260 ὡς
1771 5197 1995 5277 ἔφημεν.

341 5288 440 5342 Διὸ
487 5286 580 5341 καί
622 5307 766 5348 τινες
796 5285 957 5362 ὅρους
1011 5283 1466 5359 συνεσταλμένους
1510 5291 1677 5342 ταῦτα
1729 5285 1992 5359 κεκλήκα-

341 5396 451 5444 σιν,
487 5375 670 5450 ὥσπερ
705 5373 796 5429 οὖν
832 5373 1075 5448 ὀνόματα
1103 5372 1467 5448 ἐξηπλωμένα
1512 5373 1639 5436 τοὺς
1693 5375 1954 5450 ὁρισμούς
1982 5399 1993 5412 ο

337 5466 490 5533 πλὴν
537 5465 567 5519 ὃ
615 5461 846 5534 δηλοῦσι
891 5464 959 5519 τὰ
1018 5463 1280 5536 ὀνόματα,
1311 5468 1596 5526 σκοτεινῶς
1636 5484 1702 5519 τε
1740 5466 1829 5519 καὶ
1875 5467 1998 5520 ἀσα-

338 5559 457 5632 φῶς
505 5554 596 5608 καὶ
647 5551 972 5627 ἀδιακρίτως
1006 5550 1212 5622 δηλοῦν
1246 5552 1546 5629 πεφύκασιν
1575 5572 1588 5584 °
1651 5555 1702 5607 οἱ
1764 5552 1820 5607 δὲ
1876 5553 1992 5628 ὅροι

337 5646 588 5720 καθαρῶς
643 5644 734 5698 καὶ
787 5646 966 5721 σαφῶς
1013 5641 1101 5698 καὶ
1153 5639 1600 5718 διακεκριμένως,
1637 5639 1726 5696 διὰ
1761 5644 1825 5697 τὸ
1855 5651 1994 5719 χρῆ-

339 5735 461 5788 σθαι
537 5729 824 5810 διαφοραῖς
893 5732 984 5787 καὶ
1057 5730 1276 5792 ταύταις
1351 5728 1657 5804 ούσιώδεσι,
1717 5733 1992 5788 τουτέστιν

2029 4684 2076 4748 D

2074 4795 2077 4797 _
2108 4729 2502 4785 mediantibus
2531 4729 2972 4784 deﬁnitionibus
3001 4728 3432 4784 discernuntur.

2117 2054 2219 2107 ’14
2252 2057 2695 2125 repraesentans.
2727 2052 2964 2107 Materia
2993 2050 3234 2122 proinde
3263 2048 3501 2121 quidem
3541 2051 3630 2103 est
3659 2064 3759 2114 aes,

2118 2146 2176 2197 et
2202 2142 2400 2214 generi
2449 2141 2819 2214 proportione
2866 2140 3198 2213 respondet.
3242 2143 3317 2193 At
3359 2133 3422 2190 τὰ
3469 2136 3576 2191 viri
3627 2151 3760 2208 spe-

2117 2230 2265 2287 ciem
2321 2236 2765 2302 repraesentans,
2828 2247 2961 2286 cum
3019 2230 3207 2286 forma
3263 2227 3358 2294 sit,
3417 2225 3759 2281 differentiis

2118 2320 2608 2377 constituentibus
2638 2325 2726 2376 est
2758 2320 3092 2392 analogum.

2191 2435 2275 2489 17.
2309 2435 2643 2490 Sumuntur
2668 2434 2842 2490 etiam
2875 2450 2941 2489 ex
2971 2433 3234 2504 subjecto
3263 2436 3320 2488 et
3366 2432 3500 2488 ﬁne.
3549 2432 3755 2502 Subje-

2118 2527 2278 2578 ctum
2309 2525 2546 2595 quidem
2577 2527 2683 2590 est,
2719 2523 2873 2578 circa
2895 2523 3049 2594 quod
3071 2521 3378 2578 deﬁnitum
3395 2525 3752 2594 occupatur;

2118 2611 2253 2667 ﬁnis
2281 2617 2477 2668 autem
2510 2629 2625 2684 quo
2650 2611 2920 2668 collineat
2949 2627 3053 2666 seu
3074 2610 3329 2682 respicit,
3355 2615 3445 2666 ut:
3469 2609 3756 2666 Medicina

2117 2706 2207 2757 est
2235 2718 2331 2756 ars
2363 2718 2490 2770 quae
2521 2701 2671 2756 circa
2704 2701 2962 2755 humana
2990 2703 3586 2772 corporauccupatur,
3609 2713 3755 2770 quo-

2117 2807 2246 2846 rum
2298 2791 2606 2846 sanitatem
2663 2791 2892 2846 asserit.
2945 2790 3238 2845 Medicinae
3287 2790 3443 2844 enim
3493 2788 3756 2857 subjecta

2116 2884 2256 2935 sunt
2284 2879 2544 2935 humana
2571 2895 2814 2951 corpora
2839 2904 2852 2945 ;
2885 2879 3020 2934 ﬁnis
3050 2882 3247 2933 autem
3279 2881 3387 2943 est,
3443 2877 3754 2932 sanitatem

2114 2969 2260 3041 ipsis
2289 2985 2569 3034 asserere,
2593 2973 2650 3024 et
2669 2967 2755 3024 vel
2781 2972 3122 3040 praesentem
3145 2981 3504 3034 conservare,
3526 2965 3614 3022 vel
3646 2966 3753 3020 ab-

2115 3062 2337 3114 sentem
2371 3073 2654 3112 revocare.

2185 3174 2272 3228 18.
2297 3173 2626 3228 Sumuntur
2655 3173 2831 3228 etiam
2862 3187 2929 3226 ex
2953 3171 3211 3240 subjecto
3233 3170 3358 3227 salo
3379 3173 3436 3226 et
3458 3170 3570 3226 ﬁne
3603 3171 3751 3238 solo,

2115 3279 2248 3319 cum
2281 3279 2349 3317 ex
2370 3263 2578 3318 horum
2607 3261 2787 3316 altero
2814 3277 2904 3316 res
2941 3259 3222 3315 declarari
3246 3264 3452 3348 potest.
3485 3260 3753 3316 Deﬁnitio

2118 3368 2187 3407 ex
2217 3352 2478 3423 subjecto
2510 3350 2632 3406 solo
2664 3355 2776 3417 est,
2808 3354 2872 3405 ut
2900 3365 3034 3405 cum
3058 3349 3208 3404 dicit
3236 3349 3468 3421 aliquis,
3502 3348 3753 3404 Vitraria

2113 3444 2202 3497 est
2231 3457 2326 3495 ars
2347 3456 2474 3511 quae
2505 3440 2660 3495 circa
2686 3439 2900 3494 vitrum
2931 3442 3268 3510 occupatur.
3303 3439 3385 3492 Ex
3416 3438 3530 3493 ﬁne
3558 3442 3752 3494 autem

2112 3527 2257 3599 solo,
2283 3533 2344 3584 ut
2376 3527 2652 3584 Culiniari
2683 3544 2786 3584 seu
2815 3526 3160 3598 coquinaria
3189 3531 3279 3582 est
3312 3544 3408 3582 ars
3433 3544 3560 3598 quae
3593 3527 3752 3584 cibos

2111 3621 2373 3690 apparat.

2184 3823 2271 3878 19.
2303 3822 2649 3894 Spectantur
2675 3838 2810 3878 vero
2838 3822 3016 3877 etiam
3057 3822 3115 3876 in
3170 3822 3576 3894 hujuscemodi
3627 3841 3751 3880 om-

2111 3911 2285 3967 nibus
2313 3911 2770 3982 deﬁnitionibus,
2801 3928 2925 3984 quaa
2956 3911 3268 3983 generibus
3311 3918 3368 3968 et
3411 3913 3753 3969 differentiis

2111 3999 2604 4055 constituentibus
2626 4004 2766 4054 sunt
2781 3998 3560 4071 analogze,quemadmodum
3575 4000 3750 4056 etiam

2115 4088 2170 4143 in
2204 4088 2320 4143 illis
2350 4104 2477 4160 quae
2511 4089 2681 4144 modo
2706 4092 2838 4143 ante
2871 4087 3036 4144 dictae
3067 4093 3226 4156 sunt,
3258 4106 3353 4145 ars
3397 4089 3635 4160 quidem
3685 4095 3752 4145 ut

2109 4194 2336 4250 genus;
2369 4182 2573 4233 caetera
2619 4182 2813 4234 autem
2847 4181 3006 4244 sunt,
3037 4181 3103 4232 ut
3131 4177 3551 4234 constituentes
3585 4178 3748 4234 diﬁ'e-

2108 4267 2328 4322 rentia.

2181 4375 2271 4429 20.
2302 4373 2768 4447 Appellationem
2799 4373 2988 4429 sortiti
3046 4378 3187 4429 sunt
3231 4372 3472 4448 ὁρισμοὶ,
3532 4374 3589 4429 id
3637 4379 3747 4444 est,

2110 4463 2476 4519 deﬁnitiones
2508 4464 2604 4519 15
2657 4480 2726 4518 ex
2781 4461 3162 4518 translatione
3219 4467 3384 4517 terrze
3433 4460 3746 4536 ὁροθεσίων,

2107 4553 2165 4608 id
2185 4557 2277 4608 est
2305 4551 2584 4607 limitum.
2618 4551 3121 4618 Quemadmodum
3153 4550 3308 4606 enim
3340 4567 3441 4622 per
3456 4551 3562 4608 hos
3585 4552 3749 4606 fundi

2110 4658 2145 4697 a
2173 4658 2236 4697 se
2259 4641 2502 4718 invicem
2530 4644 2898 4712 separantur,
2931 4640 3016 4695 sic
3037 4639 3214 4695 etiam
3237 4655 3330 4695 res
3354 4656 3388 4694 a
3417 4655 3480 4694 se
3498 4640 3747 4696 invicem

2181 4845 2270 4900 21.
2304 4845 2585 4900 Dicuntur
2622 4848 2819 4900 autem
2877 4844 3051 4900 etiam
3096 4843 3318 4915 ὁρισμοὶ
3362 4842 3452 4897 καὶ
3497 4841 3638 4918 ὅροι,
3690 4846 3748 4900 id

2111 4937 2201 4988 est
2229 4933 2599 4988 deﬁnitiones
2627 4937 2685 4988 et
2739 4932 2906 4999 ﬁnes,
2966 4932 3120 5004 quod
3169 4932 3629 5005 circumquaque
3680 4935 3748 4989 ﬁ-

2113 5021 2280 5077 niant
2311 5025 2368 5077 et
2398 5021 2653 5093 undique
2683 5020 2978 5088 claudant,
3014 5039 3080 5076 ac
3111 5022 3193 5077 sic
3225 5039 3259 5077 a
3289 5039 3349 5078 se
3380 5023 3628 5079 invicem
3658 5024 3751 5080 de-

2110 5111 2276 5166 ﬁnita
2306 5111 2688 5182 disseparent,
2738 5111 3012 5183 quodque
3041 5127 3133 5166 res
3161 5113 3421 5184 aspectui
3452 5113 3652 5169 obvias
3693 5119 3749 5170 et

2108 5200 2453 5272 perspicuas
2485 5200 2944 5271 manifestasque
2975 5200 3211 5256 faciant.
3245 5200 3388 5256 Nam
3421 5207 3480 5258 et
3511 5202 3750 5259 nomina

2107 5289 2346 5360 quidem
2379 5289 2553 5344 etiam
2585 5293 2826 5344 naturas
2856 5305 3072 5355 rerum,
3134 5291 3198 5346 u't
3239 5290 3517 5358 diximus,
3566 5292 3747 5364 expli-

2107 5381 2244 5432 cant
2276 5393 2288 5432 :
2332 5382 2688 5450 quapropter
2719 5377 2896 5433 etiam
2927 5377 3057 5449 ipsa
3085 5378 3268 5450 aliqui
3290 5384 3620 5436 contractas
3649 5383 3746 5437 de-

2105 5466 2399 5522 ﬁnitiones
2428 5471 2748 5534 vocarunt;
2801 5469 3298 5539 quemadmodum
3355 5469 3742 5537 deﬁnitiones,

2105 5553 2390 5627 explicata
2420 5555 2676 5611 nomina.
2709 5555 3125 5611 Verumtamen
3161 5558 3216 5612 id
3251 5559 3406 5630 qncd
3448 5558 3746 5616 declarant

2103 5643 2361 5712 nomina,
2395 5645 2640 5701 obscure
2668 5649 2726 5700 et
2754 5646 3114 5701 inevidentcr
3160 5647 3594 5721 indiscretoque
3637 5650 3743 5705 de-

2103 5733 2323 5790 clarare
2353 5733 2542 5790 solent
2573 5752 2586 5791 :
2621 5734 2988 5791 deﬁnitiones
3018 5739 3221 5792 contra
3249 5752 3393 5811 pure
3423 5741 3480 5792 et
3507 5738 3737 5798 eviden-
