4096 6436
362 412 480 475 ’101
1712 406 1992 471 ΕΡῙΤΟΜ

2114 403 2416 468 LOGICA.
3647 395 3766 462 702

356 584 446 596 _
466 551 525 610 5.
557 549 622 611 A'
643 551 776 612 totis
806 550 868 611 in
890 556 1110 631 partes,
1137 565 1290 631 quas
1309 543 1521 608 dividit
1548 542 1612 604 in
1639 541 1931 631 simitares
1958 550 2012 631 et
2038 537 2506 631 dissimilares,et
2530 532 3132 631 utrasque‘descr'ibit.
3167 569 3246 631 :-
3264 533 3325 627 6.
3388 530 3485 595 Ab
3529 540 3767 631 unouet

354 635 440 697 ad
464 650 664 691 unum.
691 667 768 676 —
795 637 854 692 7.
890 614 940 693 Ἀ
972 614 1110 690 voce
1126 614 1480 710 Iiomonyma
1505 645 1605 686 seu
1633 625 1934 711 aequivoca
1955 621 2017 711 in
2039 638 2152 711 sua
2177 619 2552 711 signiﬁcata.
2578 653 2655 662 —
2683 614 2745 710 8’ζ
2769 618 2854 711 Ἀ
2873 707 2881 711 _
2898 614 3245 711 substantia
3292 617 3354 676 in
3388 614 3761 711 accidentia.

462 714 522 773 9.
555 711 652 773 Ab
682 710 1074 773 accidentibus
1103 711 1166 770 in
1193 694 1664 769 substantias—
1692 694 1806 764 '19
1839 707 1933 765 10.
1967 699 2064 761 Ab
2095 694 2494 760 accidentibus
2527 700 2585 758 in
2613 697 3051 759 accidentia.——
3084 695 3398 758 H.Censet
3425 714 3499 756 ea:
3528 694 3617 755 Iu's
3637 704 3764 756 octo

348 794 538 857 modis
561 802 680 853 tres
709 801 937 854 tantum
967 811 1081 852 esse
1103 789 1346 872 prOprie
1373 785 1688 872 dividendi
1704 781 2192 872 modos,r_eliquos
2213 781 2448 872 abusive
2475 781 2558 872 sic
2576 777 2718 872 .
2751 815 2830 824 —
2854 778 3291 872 12.0stendit,a
3317 777 3503 872 specie
3527 775 3766 872 in‘indi-

353 855 533 936 vidua
559 893 676 933 non
705 893 819 934 esse
847 855 1340 942 divisionbmised
1361 867 1855 949 enumerationem
1883 855 2114 949 saltem,
2145 861 2312 949 quid
2335 863 2464 940 ipsa
2493 859 2733 949 inﬁnita
2755 870 2918 949 sunt.
2953 895 3029 949 —-_—
3055 862 3148 920 13.
3186 855 3309 949 Nec
3337 855 3413 916 ab
3441 855 3762 949 accidenti-

351 933 599 1017 busnesse
627 954 689 1013 in
712 933 1074 1015 substantias
1103 933 1572 1032 divisionem,_sed
1596 965 1711 1008 esse
1732 964 1858 1032 eam
1900 942 2099 1032 potius
2127 933 2655 1032 dhsubstantiajin
2701 939 3282 1032 alia8_sub81t}{ltia_§-
3332 973 3426 1032 ,ἦ
3477 939 3574 1032 14·
3636 933 3762 996 Nec

349 1056 390 1097 α
417 1016 750 1098 substantia
780 1037 840 1095 in
871 1033 1218 1102 accidentia,
1250 1029 1353 1090 sed
1377 1016 1581 1090 saltem
1612 1046 1649 1086 a
1669 1016 1999 1085 substantia
2027 1023 2091 1081 in
2120 1018 2271 1108 alias
2297 1020 2662 1108 substantias
2685 1020 2933 1108 vicissim
2963 1019 3291 1108 accidentia
3319 1016 3612 1108 habentes.
3633 1105 3641 1108 _
3661 1051 3757 1108 .—

350 1119 450 1176 15.
485 1117 608 1178 Nec
636 1114 711 1174 ab
741 1114 1140 1177 accidentibus
1170 1097 1232 1170 in
1260 1108 1612 1177 accidentia,
1656 1105 1754 1166 sed
1784 1105 1877 1189 vel
1908 1123 1944 1164 a
1971 1118 2180 1180 genere
2209 1103 2271 1189 in
2299 1104 2530 1184 species,
2566 1098 2662 1189 vei
2676 1101 3082 1189 ansubstantz'a
3096 1101 3157 1158 in
3185 1097 3336 1189 alias
3383 1097 3752 1189 substantias.

345 1231 429 1243 —-
460 1201 560 1260 16.
597 1193 719 1258 Nec
749 1198 810 1256 in
841 1196 959 1255 illis
987 1213 1115 1275 qua
1143 1191 1218 1253 ab
1247 1210 1362 1251 uno
1391 1199 1450 1250 et
1474 1186 1558 1275 ad
1580 1205 1770 1275 unum
1790 1185 2072 1275 dicuntur
2101 1181 2262 1275 quod
2287 1179 2995 1275 eornmﬂutiinﬁnitorum
3024 1181 3101 1275 s‘it
3130 1187 3379 1275 tantum”
3403 1179 3751 1275 enuntiatio.

349 1313 428 1325 __
597 1256 849 1348 Divisio,
879 1256 1200 1336 subdivisio
1229 1281 1284 1332 et
1310 1268 1700 1351 superdivisio
1730 1256 2130 1351 (ἐπιδιαίρεσιςδ
2188 1263 2338 1343 quid
2356 1256 2721 1351 Adiﬂ"e_runt,_
2747 1273 2804 1322 et
2856 1259 3093 1351 quando
3151 1257 3278 1351 haec
3331 1258 3475 1351 ﬁeri
3526 1256 3755 1351 debeat.

345 1397 428 1408 —
461 1337 554 1422 ί
597 1337 790 1421 Causa
820 1337 1008 1438 quare
1047 1353 1345 1438 ea:_eod_em
1373 1337 1584 1431 'genere
1610 1337 1772 1438 seetse
1789 1337 1992 1438 species

2114 1337 2310 1432 ian-tur
2341 1337 3074 1438 ᾇνξῶειέιάντιδιαιρόύμςενα..
3099 1375 3176 1384 -
3332 1337 3339 1339 ἡ
3552 1337 3768 1429 ᾳρρειέ

353 1416 926 1504 lationisvcausafé
965 1440 1062 1496 20.
1100 1433 1258 1510 Quid
1281 1416 1501 1512 nat‘itra
1543 1429 1734 1512 prius.
1793 1416 1891 1512 —'—-A
1928 1426 2027 1484 21.
2082 1423 2157 1512 in
2212 1423 2508 1502 speciebus
2533 1424 2729 1512 _intef.
2764 1416 2824 1483 se
2867 1416 3094 1512 collatis
3149 1429 3205 1511 et
3261 1416 3602 1512 individuis
3637 1435 3756 1477 non

968 1535 1086 1597 qna
1212 1531 1390 1574 causa
1421 1496 1992 1600 ίίίφιᾶντιδιαιρούμεν

2114 1496 2360 1565 icantur.
2395 1539 2474 1548 ——
2528 1506 2625 1564 22.
2661 1500 2784 1563 Nec
2812 1502 3001 1580 magis
3029 1509 3086 1562 et
3114 1500 3304 1559 minus
3361 1500 3421 1558 in
3477 1496 3597 1558 illis
3644 1516 3760 1558 esse

345 1622 509 1664 secus
539 1621 720 1684 quam
741 1587 814 1660 'in
842 1587 934 1660 his
962 1587 1092 1678 qua
1113 1594 1188 1657 ab
1217 1613 1334 1656 uno
1363 1601 1418 1653 et
1445 1590 1527 1652 ad
1549 1608 1733 1650 unum
1761 1587 2072 1646 dicuntur.

984 1787 1244 1838 ΚΕΦΑΛ.
1286 1780 1359 1834 Β’.

923 1871 1055 1948 Περὶ
1096 1868 1433 1945 διαιρέσεως.

423 1967 490 2021 α’.
537 1970 646 2019 Πᾶν
701 1969 927 2040 πρᾶγμα
963 1961 998 2030 ἢ
1056 1957 1320 2035 διαιρετόν
1380 1955 1522 2012 ἐστιν
1581 1953 1617 2022 ἢ
1675 1950 2000 2028 ἀδιαίρετον.

348 2055 424 2109 Τὸ
485 2051 542 2108 δε
609 2050 876 2128 διαιρετὸν
931 2051 966 2118 ἢ
1018 2050 1134 2104 καθ’
1193 2047 1322 2102 αὑτὸ
1404 2042 1711 2118 διαιρεῖται,
1767 2040 1802 2109 ἢ
1869 2041 2003 2094 κατὰ

359 2137 734 2216 συμϐεϐηκός.
766 2141 868 2196 Καὶ
930 2141 993 2194 τὸ
1052 2139 1146 2211 μὲν
1205 2137 1322 2200 καθ’
1369 2133 1499 2189 αὑτὸ
1556 2129 1932 2205 διαιρούμενον
1965 2130 2000 2198 ἢ

359 2233 436 2293 ὡς
493 2238 722 2306 πρᾶγμα
780 2227 1065 2302 διαιρεῖται
1105 2227 1140 2295 ἢ
1201 2226 1276 2288 ὡς
1330 2225 1506 2302 φωνή.
1541 2221 1639 2276 Καὶ
1685 2219 1730 2273 εἰ
1783 2219 1876 2291 μὲν
1928 2222 2003 2280 ὦς

356 2326 607 2396 πρᾶγμα,
649 2317 854 2395 γίνεται
901 2317 1004 2372 ἀπὸ
1055 2316 1243 2392 γένους
1300 2313 1376 2375 εἷς
1426 2308 1541 2381 εἷ¹δη
1601 2307 1879 2384 διαίρεσις,
1912 2306 2002 2360 καὶ

353 2412 461 2465 ἀπὸ
492 2407 668 2472 εἴδους
701 2409 776 2471 εἰς
827 2407 1024 2480 ἄτομα,
1059 2404 1149 2460 καὶ
1197 2404 1302 2458 ἀπὸ
1362 2400 1506 2457 ὅλων
1569 2401 1643 2462 εἷς
1707 2399 1867 2477 μέρη,
1909 2399 1999 2454 καὶ

350 2499 442 2578 ἀφ’
498 2500 614 2561 ένὸς
662 2497 752 2553 καὶ
809 2498 943 2573 πρὸς
1019 2491 1097 2550 ἓν.
1153 2497 1329 2549 Ταῦτα
1399 2493 1502 2566 γὰρ
1579 2490 1655 2552 ὡς
1712 2490 2002 2578 πράγματα

350 2586 711 2665 διαιροῦνται.
773 2586 837 2642 Εἰ
886 2584 944 2640 δὲ
995 2585 1069 2646 ὡς
1147 2583 1324 2661 φωνὴ,
1381 2580 1585 2656 γίνεται
1643 2581 1678 2648 ἡ
1741 2577 1999 2654 διαίρεσις

348 2676 458 2731 ἀπὸ
515 2674 814 2750 ὁμωνύμου
877 2679 1063 2752 φωνῆς
1104 2672 1178 2734 εἷς
1233 2668 1463 2748 διάφορα
1508 2667 1902 2742 σημαινόμενα.
1931 2669 2000 2722 Τὸ

352 2767 450 2840 μὶν
511 2766 603 2820 οῦν
663 2765 782 2828 καθ’
830 2763 960 2818 αὑτὸ
1011 2760 1411 2834 διαιρούμενον,
1441 2761 1698 2831 τοιαύτην
1756 2756 2000 2835 ἐπιδέχε-

347 2875 438 2909 ται
467 2855 569 2923 τήν
603 2852 857 2927 διαίρεσιν
884 2871 897 2884 ·
957 2852 1021 2906 τὸ
1054 2849 1111 2906 δὲ
1151 2852 1286 2906 κατὰ
1332 2844 1679 2922 συμϐεϐηκὸς
1704 2850 1739 2918 ἢ
1775 2850 1850 2911 ὡς
1893 2849 1999 2904 ἀπὸ

347 2941 535 3005 οὐσίας
598 2941 674 3003 εἰς
732 2936 1118 3015 συμϐεϐηκότα
1172 2938 1290 3015 ἔχει
1342 2940 1440 3008 τὴν
1493 2936 1771 3012 διαίρεσιν,
1826 2940 1860 3007 ἢ
1923 2938 1999 3000 ὡς

347 3032 456 3086 ἀπὸ
487 3026 914 3105 συμϐεϐηκότων
968 3030 1044 3093 εἰς
1090 3029 1294 3098 οὐσίας,
1325 3029 1360 3096 ἢ
1412 3028 1517 3082 ἀπὸ
1567 3022 1994 3101 συμϐεϐηκότων

2028 1772 2085 1838 Α

2750 1787 2980 1845 CAPUT
3020 1787 3095 1842 II.

2720 1879 2793 1934 De
2819 1877 3160 1932 divisionem.

2184 1968 2233 2021 1.
2266 1966 2472 2023 Omnis
2503 1983 2595 2022 res
2622 1965 2712 2022 vel
2759 1966 2940 2023 dividi
2999 1969 3191 2037 potest
3246 1963 3333 2020 vel
3391 1980 3506 2018 non
3564 1966 3757 2035 potest

2112 2055 2312 2110 dividi.
2342 2056 2477 2119 Qum
2506 2059 2700 2111 autem
2724 2055 2900 2110 dividi
2931 2059 3125 2126 potest
3168 2060 3268 2110 aut
3311 2053 3636 2110 secundum
3695 2068 3758 2108 se

2111 2143 2390 2199 dividitur
2411 2148 2512 2199 aut
2540 2145 2865 2200 secundum
2893 2144 3184 2200 accidens.
3245 2145 3347 2200 20
3397 2142 3463 2198 Et
3518 2141 3754 2213 quidem

2113 2249 2238 2304 quae
2268 2234 2590 2288 secundum
2622 2251 2684 2289 se
2701 2233 2999 2300 dividitur,
3032 2238 3134 2288 aut
3163 2237 3230 2287 ut
3259 2249 3351 2288 res
3385 2236 3486 2287 aut
3517 2236 3583 2286 ut
3646 2247 3757 2287 vox

2110 2321 2412 2377 dividitur.
2463 2322 2533 2377 Et
2588 2322 2878 2394 siquidem
2927 2327 2991 2377 ut
3047 2339 3140 2378 res
3188 2321 3488 2389 dividitur,
3548 2320 3754 2376 divisio

2111 2409 2177 2464 ﬁt
2204 2427 2238 2465 a
2268 2427 2477 2482 genere
2506 2410 2563 2466 in
2592 2410 2816 2483 species
2845 2415 2900 2467 et
2922 2428 2955 2465 a
2983 2411 3174 2484 specie
3209 2411 3269 2465 in
3317 2410 3638 2476 individua,
3696 2413 3754 2464 et

2111 2514 2144 2553 a
2166 2498 2302 2554 totis
2323 2499 2380 2553 in
2413 2503 2628 2571 partes,
2661 2504 2717 2555 et
2747 2500 2818 2555 ab
2859 2516 2976 2554 uno
3005 2504 3062 2555 et
3091 2500 3162 2555 ad
3195 2515 3401 2555 unum.
3435 2502 3566 2554 Haec
3594 2497 3750 2554 enim

2110 2591 2176 2641 ut
2259 2603 2350 2642 res
2406 2586 2771 2644 dividuntur.
2821 2589 2921 2644 Sin
3001 2605 3134 2645 vero
3191 2593 3255 2643 ut
3309 2604 3416 2644 vox
3475 2587 3755 2644 dividitur

2110 2692 2144 2730 a
2217 2691 2352 2731 voce
2407 2675 2762 2749 homonyma
2835 2679 3031 2750 (quam
3094 2677 3448 2748 aequivocam
3521 2676 3752 2749 vocant)

2096 2763 2169 2818 -in
2229 2763 2457 2820 diversa
2511 2766 2842 2838 signiﬁcata
2907 2767 2972 2822 ﬁt
3026 2765 3258 2822 divisio.
3339 2767 3501 2832 Quod
3573 2765 3756 2838 igitur

2109 2855 2434 2909 secundum
2496 2871 2559 2911 se
2626 2855 2928 2922 dividitur,
2995 2855 3334 2927 hujusmodi
3408 2854 3753 2911 divisionem

2107 2942 2378 3014 suscipit.
2438 2945 2601 3010 Quod
2649 2947 2845 3000 autem
2896 2945 3218 3001 secundum
3279 2944 3548 3000 accidens
3605 2943 3753 2999 divi-

2107 3031 2266 3085 ditur
2295 3030 2378 3086 vel
2411 3035 2537 3088 uta
2585 3033 2920 3089 substantia
2947 3033 3007 3088 in
3039 3033 3380 3101 accidentia,
3423 3032 3512 3088 vel
3559 3037 3624 3088 ut
3678 3033 3751 3089 ab

345 3118 426 3182 είς
465 3113 866 3192 συμϐεϐηκότα.
901 3123 1077 3174 Ταῦτα
1131 3118 1235 3193 γὰρ
1293 3115 1463 3172 πάντα
1525 3117 1660 3172 κατά
1715 3111 1992 3189 συμϐεϐη-

2114 3119 2507 3176 accidentibus
2535 3121 2594 3176 in
2624 3122 3005 3190 substantias,
3036 3121 3123 3178 vel
3155 3127 3222 3178 ut
3251 3122 3324 3178 ab
3353 3121 3751 3179 accidentibus

344 3207 442 3272 κός
476 3208 631 3266 εἰσιν.

423 3389 490 3463 β’.
543 3389 810 3444 Ἐντεῦθεν
858 3386 1038 3442 τοίνυν
1089 3387 1366 3461 φαίνονται
1425 3386 1620 3463 τρόποι
1681 3383 1997 3462 διαιρετικοὶ

346 3475 516 3533 ὀκτώ.

416 3565 482 3639 γ’.
514 3564 576 3617 Ὀ
606 3561 711 3618 ἀπὸ
740 3565 924 3640 γένους
957 3563 1032 3626 εἰς
1075 3560 1191 3633 εἷ’δη
1219 3581 1231 3594 ·
1277 3565 1391 3618 οἷον
1417 3564 1480 3618 τὸ
1529 3567 1663 3633 ζῶον
1711 3561 1997 3640 διαιρεῖται

343 3652 424 3716 εἷς
460 3651 682 3728 λογικὸν
713 3653 804 3708 καὶ
837 3651 1062 3728 ἄλογον.

417 3739 481 3796 δ’.
513 3743 572 3795 Ὁ
597 3742 702 3797 ἀπὸ
733 3739 910 3804 εἷ’δους
949 3742 1026 3804 εἷς
1075 3743 1271 3815 ἄτομα,
1320 3743 1432 3796 οἷον
1467 3743 1495 3796 ὁ
1534 3738 1816 3817 ἅνθρωπος
1861 3740 1996 3797 διαι-

345 3835 518 3907 ρεῖται
550 3831 628 3894 εἰς
659 3832 862 3906 Πέτρον
889 3829 979 3886 καί
1008 3831 1249 3899 Παῦλον,
1279 3831 1368 3886 καὶ
1407 3830 1534 3894 τοὺς
1578 3830 1806 3894 λοιποὺς
1863 3835 1998 3887 κατὰ

347 3921 518 3996 μέρος
551 3919 890 3996 ἀνθρώπους.

418 4010 478 4064 ε’.
510 4010 568 4062 Ὀ
593 4008 700 4063 ἀπὸ
730 4005 874 4063 ὅλων
907 4008 985 4071 εἰς
1019 4008 1180 4082 μέρη,
1207 4009 1514 4086 ὁμοιομερῆ
1538 4030 1598 4064 τε
1620 4009 1710 4065 καὶ
1742 4009 1997 4084 ἀνομοιο-

347 4104 512 4174 μερῆ.
547 4097 646 4152 Καὶ
678 4098 986 4175 ὁμοιομερῆ
1023 4099 1117 4171 μὲν
1153 4097 1400 4172 λέγονται
1457 4100 1525 4154 τὰ
1581 4096 1849 4175 δεχόμενα
1905 4101 1994 4156 καὶ

333 4188 401 4241 τὸ
432 4185 610 4260 ὄνομα
637 4186 727 4241 καὶ
756 4187 846 4242 τὸν
881 4185 1006 4261 ὅρον
1032 4191 1128 4242 τοῦ
1159 4187 1294 4243 ὅλου
1323 4208 1382 4242 τε
1428 4187 1518 4242 καὶ
1554 4186 1818 4260 ἀλλήλων
1849 4208 1861 4220 ⁸
1915 4190 1990 4252 ὡς

342 4273 472 4329 ὅταν
527 4276 784 4347 τέμωμεν
855 4277 955 4344 τήν
1011 4274 1180 4348 σάρκα
1237 4275 1314 4337 είς
1364 4275 1577 4339 πολλὰς
1622 4279 1838 4348 σάρκας.
1895 4278 1990 4332 Καὶ

341 4365 448 4438 γὰρ
493 4361 718 4418 ἕκαστον
768 4367 876 4418 τῶν
927 4369 1104 4440 μερῶν
1165 4364 1291 4441 σὰρξ
1343 4363 1579 4440 λέγεται,
1604 4367 1694 4421 καὶ
1741 4368 1831 4421 τὸν
1880 4369 1991 4442 ὁρι-

343 4453 482 4525 σμὸν
514 4458 613 4521 τῆς
641 4452 837 4528 σαρκὸς
885 4449 1215 4528 ἐπιδέχεται.
1245 4455 1397 4526 Αἷμα
1437 4455 1538 4529 γάρ
1589 4455 1700 4510 ἐστι
1747 4458 1989 4532 πεπηγὸς

344 4541 450 4596 ὑπὸ
477 4540 708 4619 φύσεως.
735 4542 1140 4617 Ἀνομοιομερῆ
1175 4539 1233 4597 δέ
1273 4542 1374 4597 εἶσι
1419 4544 1488 4597 τὰ
1534 4546 1672 4616 μήτε
1723 4544 1989 4618 ὀνόματος

348 4632 487 4703 μήτε
543 4631 775 4705 ὁρισμοῦ
830 4635 1196 4686 κοινωνοῦντα
1225 4631 1259 4700 ἢ
1313 4636 1394 4704 τῷ
1443 4630 1577 4705 ὅλῳ,
1611 4631 1648 4703 ἤ
1679 4631 1986 4705 ἀλλήλοις

342 4719 418 4781 ὡς
477 4717 602 4773 ὅταν
658 4715 928 4792 διέλωμεν
981 4721 1071 4775 τὸν
1131 4719 1329 4797 Πέτρον
1389 4721 1464 4784 εἷς
1504 4721 1768 4800 κεφαλὴν,
1798 4729 1988 4801 χεῖρας

340 4807 432 4862 καὶ
488 4804 694 4869 πόδαςο
756 4805 912 4863 οὐδὲν
968 4809 1070 4885 γὰρ
1129 4808 1189 4864 ἐκ
1237 4809 1468 4880 τούτων,
1502 4809 1625 4866 οὕτε
1681 4813 1742 4867 τὸ
1790 4807 1985 4886 ὄνομα,

341 4894 468 4952 οῦτε
495 4896 586 4952 τὸν
627 4897 853 4971 ὁρισμὸν
903 4895 1213 4974 ἐπιδέχεται
1240 4903 1338 4954 τοῦ
1386 4897 1518 4954 ὅλου
1548 4898 1586 4970 ἤ
1615 4905 1724 4956 τῶν
1776 4900 1984 4959 λοιπῶν

345 4989 547 5058 μερῶν.

412 5075 478 5139 ς’.
508 5080 563 5130 '0
593 5076 683 5150 ἀφ’
714 5077 830 5138 ένὸς
862 5077 952 5130 καὶ
981 5077 1116 5152 πρὸς
1165 5073 1218 5132 ’ἑν
1247 5095 1258 5106 ·
1311 5078 1399 5154 ἀφ’
1447 5077 1564 5141 ένὸς
1613 5080 1726 5152 μὶν,
1760 5081 1836 5144 ὡς
1882 5082 1987 5137 ἀπὸ

335 5171 438 5234 τῆς
500 5165 769 5241 ἰατρικῆς,
815 5165 1051 5241 ἰατρικὸν
1112 5161 1350 5241 βιϐλίον,
1391 5165 1627 5240 ἰατρικὸν
1686 5168 1982 5245 ἐργαλεῖον.

337 5248 525 5310 Ταῦτα
569 5254 673 5330 γὰρ
732 5255 821 5332 ἀφ’
878 5254 996 5319 ἑνός
1057 5254 1212 5325 εἰσιν,
1271 5253 1490 5332 ἐπείπερ
1541 5257 1644 5312 ἀπὸ
1706 5265 1832 5332 μιᾶς
1883 5267 1983 5331 τῆς

338 5341 590 5417 ἰατρικῆς
665 5341 1094 5418 ὠνομάσθησαν·
1153 5345 1288 5420 πρὸς
1336 5344 1391 5400 ’ἐν
1457 5342 1515 5400 δὲ
1591 5346 1668 5410 ὡς
1750 5349 1981 5424 ὑγιεινὸν

336 5433 640 5509 φάρμακον,
674 5432 906 5508 ὑγιεινὸν
959 5433 1174 5509 βρῶμα.
1216 5433 1358 5509 Πρὸς
1414 5433 1470 5488 ’ἐν
1531 5436 1634 5511 γὰρ
1697 5436 1980 5513 βλέπουσι,

333 5521 432 5590 τὴν
470 5520 697 5596 ὑγίειαν.

406 5610 468 5679 ζ’.
501 5610 559 5664 Ὀ
601 5609 710 5664 ἀπὸ
758 5608 1060 5685 ὁμωνύμου
1116 5619 1301 5689 φωνῆς
1347 5613 1422 5677 εἰς
1456 5611 1687 5693 διάφορα
1714 5617 1978 5690 σημαινό-

336 5717 490 5770 μενα,
520 5695 626 5752 εἴτε
684 5696 787 5752 ὅλα
838 5697 945 5754 εἴτε
1001 5700 1138 5777 μέρη
1169 5720 1180 5732 ·
1235 5701 1336 5756 ὅλα
1381 5703 1475 5774 μὲν
1507 5705 1581 5766 ὡς
1614 5703 1737 5759 ὅταν
1769 5708 1804 5775 ἡ
1835 5705 1978 5760 κύων

331 5789 484 5865 φωνή
537 5785 811 5864 διαιρῆται
870 5786 946 5850 εἴς
994 5810 1052 5844 τε
1098 5790 1188 5846 τὸν
1239 5791 1477 5869 ἀστρῷον
1518 5793 1670 5866 κύνα,
1720 5796 1811 5851 τὸν
1854 5815 1978 5874 χερ-

2108 3207 2168 3263 in
2201 3209 2522 3266 accidentia
2549 3210 2892 3267 divisionem
2923 3210 3116 3268 habet.
3149 3211 3372 3284 Quippe
3401 3210 3523 3267 haec
3554 3211 3754 3268 omnia

2109 3302 2247 3353 sunt
2267 3299 2594 3354 secundum
2629 3299 2919 3357 accidens.

2175 3386 2231 3440 2.
2263 3385 2408 3442 Hinc
2440 3386 2619 3459 igitur
2647 3391 2775 3444 octo
2805 3387 3100 3444 dividendi
3121 3387 3280 3444 modi
3301 3387 3590 3444 oriuntur.

2176 3565 2230 3619 3.
2267 3570 2544 3637 Agenere
2573 3565 2633 3620 in
2692 3567 2937 3639 species,
2992 3566 3152 3623 velut
3203 3565 3422 3624 animal
3477 3566 3755 3624 dividitur

2105 3652 2164 3708 in
2198 3653 2479 3710 rationale
2507 3658 2564 3709 et
2592 3654 2948 3711 irrationale.

2176 3744 2230 3797 4.
2257 3747 2304 3796 Α
2336 3743 2530 3814 specie
2559 3743 2620 3799 in
2669 3743 2991 3816 individua,
3039 3745 3200 3801 velut
3255 3745 3430 3802 homo
3473 3745 3754 3802 dividitur

2106 3829 2166 3885 in
2186 3835 2421 3886 Petrum
2454 3836 2512 3887 et
2541 3831 2787 3888 Paulum
2818 3838 2878 3889 et
2901 3838 3139 3890 caeteros
3156 3833 3538 3907 particulares
3568 3833 3752 3890 homi-

2109 3937 2235 3977 nes.

2173 4017 2227 4071 5.
2261 4021 2308 4070 Α
2340 4017 2480 4073 totis
2509 4018 2569 4074 in
2601 4024 2796 4091 partes
2845 4037 2978 4077 cum
3024 4020 3334 4086 similares,
3393 4026 3520 4078 tum
3576 4022 3750 4080 dissi-

2107 4113 2362 4170 milares.
2395 4118 2463 4169 Et
2493 4116 2788 4173 similares
2819 4119 3060 4190 quidem
3091 4119 3388 4190 dicuntur,
3419 4137 3546 4191 quae
3605 4121 3748 4176 reci-

2106 4203 2277 4274 piunt
2297 4208 2354 4259 et
2385 4221 2598 4260 nomen
2617 4211 2675 4261 et
2705 4206 3104 4263 deﬁnitionem
3136 4225 3270 4264 cum
3298 4210 3482 4264 totius
3505 4214 3632 4264 tum
3655 4210 3748 4265 sui

2099 4290 2348 4347 invicem
2382 4310 2396 4359 ;
2433 4298 2499 4348 ut
2520 4311 2653 4350 cum
2686 4311 2919 4350 carnem
2945 4295 3006 4351 in
3049 4295 3262 4352 multas
3284 4314 3486 4353 carnes
3545 4313 3747 4354 secue.

2102 4380 2308 4437 rimus.
2342 4381 2622 4446 Qualibet
2651 4384 2808 4439 enim
2843 4386 2937 4441 21
2974 4385 3227 4457 partium
3249 4389 3307 4441 et
3344 4403 3477 4441 caro
3512 4386 3744 4454 dicitur,

2022 4505 2064 4572 Ο
2107 4475 2164 4524 et
2193 4469 2591 4526 deﬁnitionem
2626 4473 2821 4528 carnis
2877 4473 3102 4546 recipit.
3152 4474 3406 4547 Sanguis
3467 4475 3622 4531 enim
3658 4479 3748 4530 est

2100 4576 2135 4613 a
2158 4563 2367 4614 natura
2388 4565 2714 4617 concretus.
2746 4561 3138 4618 Dissimilares
3165 4568 3358 4618 autem
3400 4568 3558 4628 sunt,
3617 4581 3745 4636 qua:

2100 4663 2289 4720 neque
2320 4648 2560 4704 nomine
2591 4665 2783 4722 neque
2811 4649 3148 4706 deﬁnitione
3179 4650 3266 4706 vel
3299 4668 3434 4706 cum
3491 4656 3612 4708 toto
3654 4651 3743 4708 vel

2101 4751 2300 4790 secum
2355 4735 2602 4793 invicem
2653 4739 3134 4805 communicant;
3198 4743 3263 4794 ut
3317 4755 3451 4794 cum
3509 4738 3742 4798 Petrum

2097 4823 2158 4878 in
2191 4829 2389 4896 caput,
2423 4842 2636 4882 manus
2667 4832 2724 4882 et
2752 4827 2928 4899 pedes
2958 4827 3351 4884 diviserimus.
3383 4828 3556 4884 Nulla
3584 4829 3742 4885 enim

2097 4928 2166 4968 ex
2192 4911 2285 4968 bis
2316 4930 2505 4985 neque
2526 4931 2739 4970 nomen
2772 4931 2961 4986 neque
2990 4915 3392 4972 deﬁnitionem
3421 4918 3601 4974 totius
3647 4923 3745 4974 aut

2097 5005 2436 5057 ceterarum
2467 5002 2723 5074 partium
2755 5003 3022 5075 suscipit.

2166 5091 2221 5144 6.
2254 5090 2340 5144 Ab
2372 5107 2489 5146 uno
2521 5096 2578 5147 et
2605 5093 2679 5147 ad
2713 5108 2919 5147 unum.
2951 5094 3039 5148 Ab
3099 5109 3213 5148 uno
3274 5093 3536 5165 quidem,
3587 5101 3651 5152 ut
3704 5114 3738 5153 a

2095 5177 2387 5234 medicina
2417 5180 2681 5236 medicus
2712 5179 2880 5247 liber,
2907 5181 3143 5236 olﬁcina
3172 5182 3555 5240 medica.Haac
3584 5185 3740 5242 enim

2095 5267 2168 5322 ab
2219 5284 2335 5323 uno
2391 5274 2552 5340 sunt,
2611 5270 3087 5341 quandoquidem
3143 5271 3215 5327 ab
3275 5289 3393 5328 una
3455 5274 3744 5331 medicina

2094 5355 2396 5413 nominata
2416 5362 2573 5413 sunt.
2605 5358 2690 5413 Ad
2725 5374 2910 5414 unum
2941 5374 3093 5426 vero,
3125 5363 3190 5414 ut
3217 5358 3450 5417 salubre
3479 5361 3743 5419 medica-

2094 5450 2386 5513 mentum,
2415 5445 2672 5503 salubris
2703 5447 2890 5504 cibus.
2923 5448 3010 5503 Ad
3042 5464 3227 5504 unum
3253 5449 3433 5521 enim,
3488 5449 3740 5510 salutem

2093 5549 2196 5590 seu
2230 5534 2542 5591 sanitatem
2566 5536 2908 5608 respiciunt.

2159 5623 2214 5676 7.
2263 5625 2309 5677 A
2335 5641 2474 5680 voce
2504 5623 2860 5698 homonyma
2888 5625 2944 5680 in
2979 5626 3207 5683 diversa
3235 5627 3583 5700 signiﬁcata,
3618 5629 3740 5687 sive

2090 5716 2212 5767 tota
2243 5712 2361 5768 sive
2387 5719 2580 5784 partes
2613 5732 2628 5782 ;
2661 5719 2784 5770 tota
2807 5716 3064 5786 quidem,
3099 5722 3165 5772 ut
3221 5733 3353 5772 cum
3412 5733 3519 5773 vox
3575 5719 3737 5775 canis

2090 5800 2370 5858 dividitur
2397 5806 2454 5858 et
2477 5802 2536 5860 in
2570 5802 2864 5861 sidereum
2897 5808 2956 5862 et
2983 5807 3318 5864 terrestrem
3340 5808 3397 5864 et
3435 5806 3734 5871 marinum
