4096 6476
345 404 470 473 ’103

1587 409 2014 474 ΝΙΟΕΡΗΟΒΙ
2054 409 2498 474 ΒΒΕΜΜῙΒΕ

3621 401 3752 474 7M

350 560 572 601 canem.
609 542 805 601 Partes
855 549 1051 602 autem
1108 549 1174 601 ut
1231 560 1362 601 cum
1425 542 1681 618 γλώσσης
1728 545 1988 617 (linguae)

2141 551 2253 598 τῖον
2280 545 2369 599 καὶ
2399 547 2490 599 τὸν
2520 543 2807 608 θαλάσσιον
2833 562 2847 576 ·
2903 547 3070 599 ταῦτα
3099 543 3206 620 γὰρ
3265 540 3372 600 ὅλα
3417 541 3540 598 εἰσί.
3589 543 3740 618 Μέρη

349 651 562 690 nomen
598 635 667 689 de
698 635 1142 706 extremitate,id
1167 641 1276 701 est,
1311 634 1554 706 lingula,
1612 635 1988 690 calceamenti

347 729 404 779 et
431 725 502 778 de
529 724 975 787 extremitate,id
1009 729 1115 794 est,
1146 723 1374 796 lingula
1402 725 1553 779 tibia:
1585 743 1598 792 ;
1645 729 1703 779 et
1762 725 1832 778 de
1890 741 1991 794 gu-

349 813 589 868 statoria
622 812 967 868 animalium
1003 813 1285 885 particula
1314 814 1574 879 effertur,
1609 830 1737 886 quas
1797 818 1991 885 partes

347 918 464 957 non
495 906 613 956 tota
642 907 801 956 sunt.

419 991 474 1044 8.
505 992 551 1045 A
580 991 910 1047 substantia
939 992 996 1046 in
1029 992 1442 1058 accidentia,ut
1472 1007 1606 1046 cum
1632 990 1953 1046 dixerimus
1977 1008 1990 1044 :

357 1079 670 1135 Hominum
703 1081 798 1136 alii
832 1081 970 1148 albi,
1011 1081 1107 1137 alii
1141 1081 1290 1153 nigri
1321 1085 1477 1135 sunt.

425 1261 525 1316 22
553 1260 607 1314 9.
630 1263 714 1315 Ab
745 1260 1142 1315 accidentibus
1173 1261 1231 1314 in
1284 1259 1666 1324 substantias,
1719 1263 1782 1313 ut
1824 1256 1994 1312 Albo-

357 1365 486 1404 rum
515 1348 628 1403 alia
649 1349 929 1415 animata,
962 1349 1078 1404 alia
1109 1350 1433 1404 inanimata
1456 1353 1611 1403 sunt.

429 1440 513 1492 10.
548 1439 632 1492 Ab
663 1438 1061 1493 accidentibus
1094 1438 1150 1492 in
1198 1437 1537 1500 accidentia,
1602 1441 1662 1491 ut
1717 1436 1995 1490 Alborum

357 1526 472 1581 alia
515 1527 721 1591 calida,
755 1527 868 1582 alia
903 1527 1112 1598 frigida
1142 1533 1300 1595 sunt,
1333 1526 1520 1581 calida
1551 1526 1811 1597 quidem,
1846 1529 1909 1578 ut
1937 1524 1995 1578 in

355 1617 510 1671 calce
543 1616 669 1671 viva
697 1636 720 1681 ;
761 1616 968 1688 frigida
1001 1632 1150 1684 vero,
1195 1620 1257 1670 ut
1287 1616 1346 1670 in
1379 1615 1506 1670 nive
1540 1616 1756 1684 (videre
1787 1615 1917 1684 est).

431 1785 852 1841 11.Sciendum
885 1790 1078 1840 autem
1127 1786 1283 1857 quod
1341 1785 1498 1839 modi
1544 1783 1803 1838 divisorii
1865 1800 1996 1855 pro-

2101 630 2157 686 ἃ
2188 634 2264 694 ὡς
2294 633 2417 688 ὅταν
2449 636 2511 688 τὸ
2541 637 2639 701 τῆς
2668 632 2922 707 γλώττης
2955 630 3130 705 ὄνομα
3178 635 3406 711 φέρηται
3453 634 3589 687 κατὰ
3645 636 3742 687 τοῦ

2101 719 2267 797 ἄκρου
2325 727 2420 776 τοῦ
2482 720 2853 794 ὑποδήματος,
2883 727 2980 776 τοῦ
3037 720 3202 797 ἄκρου
3259 727 3356 776 τοῦ
3413 720 3604 792 αὐλοῦ,
3653 720 3745 776 καί

2099 816 2196 865 τοῦ
2252 817 2536 886 γευστικοῦ
2599 811 2794 887 μορίου
2847 815 2955 866 τῶν
3013 813 3204 881 ζώων·
3269 813 3422 866 ἅτινα
3468 813 3606 887 μέρη
3639 810 3744 864 εῗσὶ

2103 901 2192 956 καὶ
2223 901 2332 977 οὐχ
2370 899 2493 957 ὅλα.

2173 992 2243 1059 η’.
2278 991 2334 1043 Ὀ
2368 991 2472 1044 ἀπὸ
2502 989 2686 1051 οὐσίας
2717 990 2792 1051 είς
2826 984 3228 1062 συμϐεϐηκότα,
3261 989 3338 1050 ὡς
3396 987 3519 1044 ὅταν
3580 987 3747 1043 εἴπω-

2107 1099 2230 1152 μεν·
2280 1085 2393 1134 Τῶν
2445 1080 2740 1154 ἀνθρώπων
2790 1081 2842 1133 o't
2898 1080 2992 1152 μέν
3042 1079 3143 1132 εἰσι
3203 1077 3410 1147 λευκοὶ,
3441 1079 3495 1132 οἱ
3543 1075 3600 1133 δὲ
3659 1078 3750 1150 μὲ-

2105 1168 2200 1223 λαν
2210 1189 2282 1230 ες.

2173 1259 2234 1310 θ’.
2270 1258 2326 1310 '0
2355 1257 2460 1311 ἀπὸ
2491 1251 2914 1330 συμϐεϐηκότων
2967 1257 3043 1317 εἷς
3088 1255 3293 1326 οὐσίας,
3326 1255 3402 1317 ὡς
3453 1259 3567 1310 Τῶν
3631 1253 3753 1309 λευ-

2103 1352 2213 1401 κῶν
2244 1347 2311 1400 τὰ
2335 1347 2429 1418 μὶν
2463 1345 2705 1421 ἔμψυχα,
2736 1347 2804 1400 τὰ
2832 1343 2890 1400 δὲ
2923 1343 3125 1420 ἄψυχα.

2180 1438 2228 1491 ι’.
2262 1437 2318 1488 '0
2370 1436 2473 1489 ἀπὸ
2529 1429 2956 1506 συμϐεϐηκότων
3013 1433 3090 1495 είς
3148 1427 3553 1505 συμϐεϐηκότα,
3613 1433 3752 1502 οἷον,

2104 1529 2220 1578 Τῶν
2257 1523 2460 1579 λευκῶν
2491 1527 2558 1579 τὰ
2590 1525 2683 1596 μὲν
2714 1524 2905 1598 θερμὰ,
2935 1525 3002 1576 τὰ
3053 1520 3110 1576 δὲ
3159 1525 3352 1597 ψυχρά
3376 1541 3388 1552 ·
3421 1521 3594 1595 θερμᾶ
3657 1521 3757 1591 μὶν

2107 1615 2182 1676 ὡς
2241 1613 2328 1669 ἐπὶ
2384 1616 2481 1682 τῆς
2540 1609 2818 1684 ἀσϐέστου,
2851 1614 3039 1687 ψυχρὰ
3093 1609 3151 1666 δὲ
3208 1611 3282 1672 ὡς
3336 1609 3422 1665 ἐπὶ
3471 1617 3571 1678 τῆς
3628 1609 3755 1683 χιό-

2105 1725 2220 1765 νος.

2182 1794 2267 1847 ια’.
2302 1792 2496 1849 Ἰστέον
2535 1789 2582 1846 δ’
2620 1791 2703 1846 ὅτι
2748 1791 2954 1867 κυρίως
3003 1787 3320 1864 διαιρετικοί
3364 1787 3557 1864 τρόποι
3605 1793 3758 1862 τρεῖς

359 1875 484 1947 prie
514 1874 633 1930 sint
651 1879 771 1929 tres
803 1893 815 1929 :
851 1891 885 1929 a
915 1890 1124 1946 genere
1153 1873 1213 1928 in
1244 1875 1487 1946 species,
1523 1890 1556 1928 a
1585 1873 1723 1927 totis
1754 1873 1810 1926 in
1874 1889 1998 1943 par-

510 1969 553 1982 _.
824 1963 948 1982 ιη
1348 1963 1557 1982 μμ--
1625 1961 1944 1982 ,εξ-,οημ
1986 1977 1998 1982 ,

2141 1882 2239 1936 ίσιν
2266 1900 2278 1912 °
2315 1882 2343 1935 6
2373 1881 2478 1935 ἀπὸ
2509 1881 2701 1956 γένους
2731 1879 2804 1942 εἲς
2855 1877 2994 1950 εἴδη,
3028 1880 3056 1934 6
3087 1878 3194 1933 ἀπὸ
3251 1877 3396 1932 ὅλων
3451 1876 3527 1939 εἰς
3590 1878 3757 1952 μέρη,

360 1968 468 2029 tes,
501 1969 560 2018 et
589 1982 624 2019 a
659 1980 794 2018 voce
823 1963 1177 2035 homonyma
1232 1964 1288 2017 in
1339 1963 1566 2018 diversa
1622 1961 1953 2033 significata
1986 1977 1998 2016 :

361 2053 550 2110 ceteri
584 2057 777 2108 autem
815 2053 970 2108 modi
1005 2053 1192 2125 magis
1223 2053 1462 2107 abusive
1519 2051 1779 2106 divisorii
1813 2051 2001 2106 nomi-

364 2147 602 2197 nuntur.

436 2232 522 2285 12.
548 2237 592 2283 Α
625 2230 929 2302 speciebus
958 2231 1113 2285 enim
1136 2229 1194 2283 in
1227 2228 1529 2284 individua
1556 2244 1671 2284 non
1719 2230 1810 2283 est
1864 2227 2006 2281 divi-

363 2320 474 2387 sio,
505 2320 605 2374 sed
633 2320 1016 2374 enumeratio.
1052 2319 1356 2374 Individua
1383 2317 1540 2373 enim
1584 2334 1717 2372 cum
1775 2315 2006 2371 infinita

365 2408 503 2474 sint,
538 2407 807 2464 divisioni
831 2407 1040 2478 subjici
1067 2424 1180 2462 non
1214 2411 1479 2478 possunt.

439 2501 524 2554 13.
557 2499 665 2554 Sed
720 2514 823 2554 nec
871 2498 944 2552 ab
991 2497 1389 2553 accidentibus
1428 2497 1487 2550 in
1533 2494 1894 2551 substantias
1943 2495 2009 2549 fit

365 2587 591 2644 divisio.
627 2588 773 2653 Quid
807 2586 962 2641 enim
995 2586 1134 2642 dicit
1171 2585 1437 2640 alborum
1469 2583 1583 2640 alia
1611 2581 2009 2645 animata,alia

367 2676 688 2732 inanimata
707 2692 856 2741 esse,
899 2676 1062 2747 quasi
1094 2693 1127 2729 a
1156 2675 1496 2746 corporibus
1519 2689 1645 2744 quis
1677 2671 2005 2727 albedinem

365 2771 728 2837 receperunt,
748 2783 874 2837 quae
905 2764 1244 2821 substantiae
1275 2767 1433 2832 sunt,
1481 2761 1822 2816 divisionem
1876 2759 2008 2816 efﬁ-

365 2855 465 2912 cit.
497 2855 695 2927 Neque
741 2854 896 2909 enim
965 2853 1236 2908 accidens
1293 2853 1353 2906 in
1408 2849 1769 2906 substantias
1825 2847 2007 2904 dividi

367 2947 577 3016 potest,
610 2943 752 3016 quia
780 2943 934 3014 quod
958 2946 1022 2998 ut
1037 2958 1130 2997 res
1160 2940 1460 3006 dividitur,
1501 2938 1559 2993 in
1619 2936 1837 2993 similia
1884 2935 2010 2991 vult

367 3032 566 3104 dividi,
598 3049 714 3088 non
743 3031 803 3086 in
830 3029 1164 3087 dissimilia.

441 3123 531 3176 14.
573 3121 772 3193 Neque
798 3137 932 3176 vero
961 3120 1137 3175 etiam
1171 3135 1205 3174 a
1233 3115 1560 3172 substantia
1591 3114 1650 3169 in
1691 3112 2012 3169 accidentia

368 3211 434 3266 ﬁt
463 3210 894 3265 divisio.Dicere
921 3208 1100 3274 enim,
1132 3206 1438 3262 hominum
1461 3204 1606 3260 alios
1647 3220 1776 3259 esse
1823 3201 2008 3269 albos,

2111 1973 2199 2026 καὶ
2233 1973 2262 2025 6
2318 1971 2423 2025 ἀπὸ
2482 1969 2782 2042 ὁμωνύμου
2840 1974 3025 2045 φωνῆς
3086 1967 3164 2028 εἰς
3221 1963 3450 2044 διάφορα
3489 1965 3760 2036 σημαινό-

2115 2081 2274 2133 μεναο
2327 2060 2379 2115 οἱ
2420 2057 2477 2114 δὲ
2509 2056 2892 2134 ἅλλοιτρόποι
2939 2056 3517 2132 καταχρηστικώτερον
3562 2051 3765 2128 διαιρε-

2109 2149 2253 2204 τικοὶ
2283 2149 2662 2220 ὀνομάζονται.

2187 2240 2278 2314 ιβ’.
2312 2239 2447 2292 Ἀπὸ
2477 2238 2579 2312 γὰρ
2612 2233 2766 2291 εἱδῶν
2801 2235 2877 2296 εἰς
2909 2232 3086 2306 ἄτομα
3132 2231 3388 2308 διαίρεσις
3447 2231 3546 2286 οὐκ
3597 2229 3765 2302 ἔστιν,

2115 2325 2241 2383 ἀλλ’
2275 2326 2664 2400 ἀπαρίθμησις.
2707 2326 2937 2396 Ἀπειρα
2963 2325 3067 2397 γὰρ
3110 2317 3236 2375 ὄντα
3280 2321 3347 2375 τὰ
3394 2318 3572 2393 ἄτομα
3621 2316 3765 2372 διαι-

2116 2417 2255 2491 ρέσει
2285 2409 2770 2484 καθυποϐληθῆναι
2804 2412 2866 2466 οὐ
2899 2409 3132 2466 δύναται.

2190 2506 2276 2580 ιγ’.
2341 2502 2497 2559 Ἀλλ’
2555 2500 2680 2556 οὐδὲ
2745 2499 2850 2556 ἀπὸ
2927 2494 3354 2572 συμϐεϐηκότων
3424 2496 3499 2558 είς
3578 2495 3768 2558 οὐσίας

2115 2592 2320 2670 γίνεται
2355 2592 2632 2666 διαίρεσις.
2666 2592 2723 2644 '0
2751 2592 2857 2666 γὰρ
2889 2588 3087 2663 λέγων,
3120 2587 3204 2642 ὅτι
3257 2591 3366 2642 τῶν
3428 2586 3632 2642 λευκῶν
3696 2586 3776 2639 τὰ

2121 2683 2214 2756 μὲν
2267 2679 2510 2758 ἔμψυχα,
2548 2681 2616 2734 τὰ
2662 2677 2720 2734 δὲ
2766 2679 2972 2754 ἄψυχα,
3000 2678 3074 2740 ὡς
3127 2677 3232 2731 ἀπὸ
3290 2677 3558 2748 σωμάτων
3592 2670 3772 2729 ἐπιδε-

2119 2769 2390 2846 δεγμένων
2464 2769 2765 2839 λευκότητα
2820 2771 3055 2822 ποιεῖται
3112 2767 3213 2834 τὴν
3274 2762 3552 2840 διαίρεσιν,
3612 2764 3771 2817 ἅτινα

2118 2859 2293 2915 οὐσίαι
2354 2859 2506 2916 εἰσίν,
2539 2855 2675 2912 Οὐδὲ
2733 2856 2836 2932 γὰρ
2897 2854 3114 2910 δύναται
3169 2855 3232 2908 τὸ
3283 2847 3627 2926 συμϐεϐηκὸς
3687 2851 3767 2912 εἰς

2119 2949 2302 3010 οὐσίας
2364 2947 2721 3023 διαιρεθῆναι,
2747 2944 2831 3000 ὅτι
2888 2945 2951 3000 τὸ
3009 2941 3386 3018 διαιρούμενον
3432 2943 3509 3004 ὡς
3538 2946 3771 3016 πρᾶγμα

2119 3039 2195 3100 εἷς
2229 3038 2397 3112 ὅμοια
2426 3035 2571 3092 Θέλει
2605 3034 2947 3111 διαιρεῖσθαι,
2980 3033 3042 3088 οὐ
3076 3035 3183 3106 μὴν
3208 3033 3287 3094 εἷς
3315 3031 3567 3104 ἀνόμοια.

2194 3125 2274 3182 ιδ’.
2310 3123 2443 3181 Οὔτε
2501 3124 2558 3180 δὲ
2614 3126 2718 3180 ἀπὸ
2777 3124 2962 3185 οὐσίας
3017 3123 3092 3184 εἷς
3125 3116 3510 3195 συμϐεϐηκότα
3565 3119 3772 3194 γίνεται

2121 3216 2400 3292 διαίρεσις.
2445 3216 2516 3270 Τὸ
2563 3216 2663 3291 γὰρ
2715 3212 2894 3287 λέγειν
2945 3212 3026 3266 ὅτι
3074 3216 3182 3265 τῶν
3234 3211 3530 3284 ἀνθρώπων
3577 3210 3629 3262 οἱ
3674 3207 3779 3281 μὲν

370 3299 516 3356 alios
537 3301 758 3372 nigros,
790 3315 901 3353 non
937 3303 1026 3352 est
1051 3297 1264 3352 divisio
1288 3313 1322 3350 a
1373 3293 1708 3350 substantia
1753 3292 1813 3346 in
1858 3291 2009 3346 acci-

2141 3307 2225 3360 ιίσι
2281 3305 2486 3375 λευκοὶ,
2520 3289 2586 3358 οἶν
2632 3289 2690 3358 δὲ
2751 3300 2995 3375 μέλανες,
3046 3299 3145 3354 οὐκ
3185 3295 3294 3354 ἔστι
3348 3295 3608 3372 διαίρεσις
3665 3297 3778 3350 ἀπὸ

308 3425 321 3435 ς
371 3387 587 3457 dentia,
617 3389 718 3444 sed
770 3405 804 3442 a
829 3386 1163 3442 substantia
1191 3385 1250 3440 in
1287 3383 1659 3440 substantias
1690 3397 1815 3454 quae
1846 3379 2018 3435 vicis-

374 3479 486 3534 sim
519 3478 735 3534 habent
783 3476 1125 3532 accidentia.
1181 3477 1242 3529 In
1301 3474 1569 3529 homines
1616 3472 1771 3528 enim
1819 3470 2020 3542 nigros

374 3572 433 3622 et
462 3567 568 3624 28
585 3567 751 3623 albos
779 3567 931 3622 facta
958 3570 1048 3620 est
1077 3563 1306 3631 divisio,
1341 3563 1441 3635 qui
1465 3565 1603 3618 sunt
1653 3559 2017 3616 substantiae.

454 3746 542 3802 15.
574 3745 685 3801 Sed
726 3759 831 3800 nec
889 3744 961 3798 ab
1020 3741 1419 3798 accidentibus
1462 3740 1522 3795 in
1581 3739 1907 3795 accidentia
1954 3737 2022 3792 ﬁt

383 3833 613 3890 divisio.
637 3832 783 3888 Nam
798 3832 885 3887 vel
909 3849 943 3886 a
971 3847 1179 3905 genere
1208 3831 1266 3884 in
1289 3829 1513 3903 species
1545 3833 1634 3885 est
1661 3829 1796 3884 talis
1815 3826 2023 3882 divisio

383 3926 449 3977 ut
509 3938 640 3977 cum
697 3921 947 3976 colorem
1006 3921 1066 3974 in
1119 3919 1315 3974 album
1363 3923 1420 3973 et
1465 3917 1700 3990 nigrum
1776 3915 2025 3971 divisam

386 4009 568 4081 (color
593 4009 748 4065 enim
778 4008 894 4064 albi
923 4012 982 4064 et
1011 4007 1160 4080 nigri
1187 4023 1376 4080 genus
1397 4007 1526 4077 est),
1561 4005 1646 4061 vel
1679 4022 1713 4061 a
1751 4005 2026 4061 substan-

386 4101 471 4155 tia
501 4100 559 4154 in
601 4097 979 4155 substantias.
1010 4097 1204 4152 Dicere
1227 4096 1384 4151 enim
1404 4095 1669 4150 alborum
1684 4093 1800 4149 alia
1819 4093 2026 4162 calida,

385 4188 502 4245 alia
531 4186 741 4261 frigida
771 4185 1068 4253 esse,nihil
1115 4184 1270 4240 aliud
1305 4189 1597 4256 est,quam
1629 4182 1785 4254 quod
1825 4197 2028 4253 corpo-

385 4295 520 4334 rum
551 4277 820 4332 albedine
840 4275 1215 4347 praeditorum
1275 4273 1387 4328 alia
1443 4271 1692 4328 calorem
1749 4270 2025 4335 habeant,

386 4367 504 4423 alia
533 4367 738 4439 frigus.
774 4366 907 4437 Ipsa
925 4363 1080 4420 enim
1103 4379 1204 4435 per
1231 4379 1292 4418 se
1322 4361 1525 4418 albedo
1585 4376 1714 4432 quas
1761 4358 2031 4413 accidens

386 4461 694 4527 est,neque
710 4453 898 4511 calida
923 4468 1110 4524 neque
1141 4451 1352 4523 [rigida
1382 4448 1772 4520 est,quoniam
1803 4446 2033 4501 nullum

386 4545 655 4602 accidens
687 4543 784 4600 alii
809 4541 1095 4598 accidenti
1127 4541 1200 4596 ad
1242 4539 1639 4595 exsistentiam
1703 4536 2033 4607 subjectum

2128 3394 2314 3456 οὐσίας
2344 3394 2419 3455 εἷς
2453 3387 2858 3466 συμϐεϐηκότα,
2891 3388 3036 3444 ἀλλὰ
3075 3389 3179 3443 ἀπὸ
3210 3387 3395 3449 οὐσίας
3452 3386 3532 3448 εἷς
3590 3384 3780 3447 οὐσίας

2127 3481 2292 3538 πάλιν
2355 3482 2590 3558 ἐχούσας
2659 3475 3062 3553 συμϐεϐηκότα.
3115 3477 3207 3539 Εἰς
3282 3476 3597 3552 ἀνθρώπους
3677 3475 3793 3550 γὰρ

2135 3571 2374 3648 μέλανας
2438 3571 2528 3626 καὶ
2585 3568 2813 3631 λευκοὺς
2882 3568 3091 3643 ἐγένετο
3147 3569 3182 3636 ἡ
3243 3564 3525 3642 διαίρεσις,
3587 3561 3792 3624 οἵτινες

2134 3661 2310 3717 οὐσίαι
2343 3659 2495 3717 εἰσίν.

2209 3752 2285 3806 ιε’.
2319 3747 2478 3804 Ἀλλ’
2509 3744 2621 3802 οὐδ’
2652 3746 2758 3802 ἀπὸ
2798 3739 3225 3818 συμϐεϐηκότων
3275 3743 3352 3805 εἷς
3401 3737 3796 3816 συμϐεϐηκότα

2134 3840 2335 3916 γίνεται
2369 3837 2647 3913 διαίρεσις.
2683 3838 2752 3891 Ἢ
2781 3836 2885 3911 γὰρ
2917 3836 3022 3889 ἀπο
3050 3834 3242 3910 γένους
3279 3831 3355 3892 εἷς
3405 3827 3522 3902 εἷ”δη
3575 3829 3714 3884 ἐστὶν
3750 3831 3790 3899 ἡ

2132 3927 2358 3998 τοιαύτη
2392 3925 2676 4001 διαίρεσις⁶
2711 3925 2786 3986 ὡς
2818 3924 2941 3979 ὅταν
2976 3923 3050 3984 εἲς
3085 3920 3277 3976 λευκὸν
3308 3917 3399 3976 καί
3447 3919 3615 3993 μέλαν
3649 3916 3792 3972 διαξι-

2138 4019 2290 4094 ρήσω
2319 4017 2382 4070 τὸ
2413 4019 2644 4092 χρῶμα·
2677 4013 2830 4089 γένος
2859 4013 2959 4088 γάρ
2995 4010 3106 4066 ἐστι
3133 4011 3196 4065 τὸ
3224 4013 3435 4086 χρῶμα
3462 4012 3560 4063 τοῦ
3591 4005 3793 4062 λευκοῦ

2137 4107 2226 4161 καὶ
2255 4109 2352 4161 τοῦ
2387 4102 2618 4179 μέλανος
2643 4124 2655 4136 ·
2683 4103 2717 4170 ἢ
2753 4101 2856 4155 ἀπὸ
2884 4099 3068 4162 οὐσίας
3103 4099 3179 4160 εἰς
3209 4096 3415 4159 οὐσίας.
3449 4096 3523 4150 Τὸ
3570 4096 3672 4171 γὰρ
3705 4094 3798 4150 λέ-

2139 4215 2278 4270 γειν,
2310 4193 2392 4248 ὅτι
2448 4197 2555 4247 τῶν
2612 4190 2819 4244 λευκῶν
2873 4190 2942 4244 τὰ
2985 4187 3078 4262 μέν
3112 4186 3214 4242 εἱσι
3243 4187 3438 4262 Θερμὰ,
3467 4184 3536 4238 τὰ
3584 4181 3641 4238 δὲ
3688 4187 3796 4257 ψυ-

2142 4285 2273 4359 χρὰ,
2302 4279 2454 4336 οὐδὲν
2489 4278 2630 4336 ἄλλο
2657 4280 2820 4347 ἐστὶν,
2851 4279 2888 4347 ἢ
2921 4276 3004 4332 ὅτι
3044 4281 3150 4330 τῶν
3201 4273 3468 4347 σωμάτων
3515 4276 3623 4327 τῶν
3676 4272 3797 4326 ἐπι-

2145 4357 2480 4447 δίεδεγμένων
2514 4367 2814 4436 λευκότητα
2838 4368 2906 4422 τὰ
2949 4367 3042 4438 μὶν
3096 4361 3210 4441 ἔχει
3269 4361 3601 4437 θερμότητα,
3629 4360 3696 4414 τὰ
3737 4357 3801 4415 δὲ

2146 4460 2490 4536 ψυχρότητα.
2523 4459 2622 4512 Καὶ
2679 4457 2783 4532 γὰρ
2843 4454 2975 4524 αὐτή
3036 4454 3154 4507 καθ’
3205 4453 3398 4520 έαυτήν
3428 4453 3463 4519 ἡ
3497 4447 3789 4520 λευκότης,

2302 4550 2411 4604 ἐστὶ
2443 4541 2814 4620 συμϐεϐηκὸς,
2849 4541 2972 4599 οὐτε
2999 4544 3172 4620 θερμή
3225 4540 3386 4611 ἐστιν,
3413 4535 3536 4595 οὕτε
3582 4537 3790 4614 ψυχρά.

386 4640 476 4692 est
507 4635 640 4703 ;sed
663 4633 788 4690 sola
819 4631 1150 4688 substantia
1186 4629 1461 4686 omnibus
1508 4625 1927 4691 accidentibus,
1973 4640 2010 4678 u

2144 4641 2296 4696 Ἐπεὶ
2355 4639 2456 4693 οὐκ
2521 4634 2629 4691 ἔστι
2687 4655 2741 4688 τι
2796 4628 3143 4708 συμϐεϐηκὸς
3200 4628 3366 4718 ἑτέρῳ
3423 4622 3799 4700 συμϐεϐηκότι

391 4724 512 4780 haec
543 4724 684 4792 sint,
736 4721 1070 4793 subjicitur.

467 5011 548 5064 l6.
575 5009 772 5081 Neque
793 5023 926 5062 vero
959 5005 1020 5060 in
1041 5003 1160 5059 illis
1185 5019 1312 5075 quaa
1341 5001 1414 5057 ab
1446 5016 1563 5056 uno
1613 5003 1670 5055 et
1720 4998 1792 5054 ad
1848 5013 2033 5053 unum

389 5103 528 5155 sunt
559 5095 764 5152 divisio
795 5092 1218 5166 spectatur,sed
1251 5087 1789 5146 enumeratio.Nam
1819 5090 1874 5142 et
1913 5086 2034 5141 hinc

390 5187 621 5244 inﬁnita
651 5189 790 5242 sunt
825 5189 882 5238 et
909 5181 1322 5252 comprehendi
1356 5196 1471 5234 non
1514 5181 1782 5249 possunt,
1832 5191 2033 5248 quem-

395 5277 714 5335 admodum
748 5288 888 5328 sane
929 5273 1105 5326 etiam
1142 5269 1467 5324 individua.
1493 5267 1692 5322 Dicere
1721 5264 1874 5321 enim
1933 5281 2032 5335 po-

385 5371 503 5426 test
527 5365 763 5436 aliquis,
798 5361 1014 5416 librum
1039 5358 1329 5414 medicum
1374 5362 1430 5423 et
1476 5373 1578 5410 vas
1629 5354 1921 5410 medicum
1979 5355 2037 5408 et

387 5456 772 5530 emplastrum
807 5449 1185 5512 medicum,et
1214 5447 1444 5501 inﬁnita
1467 5445 1825 5502 alia.Eodem
1859 5443 2034 5498 modo

389 5548 625 5606 salubre
653 5543 876 5610 vinum,
910 5538 1204 5596 salubrem
1229 5536 1482 5606 diaetam,
1516 5535 1810 5590 salubrem
1842 5547 2033 5588 aerem

387 5645 444 5698 et
474 5630 837 5708 hujusmodi.

463 5729 551 5790 17.
585 5723 903 5786 Sciendum
934 5721 1130 5776 autem
1162 5714 1317 5790 quod
1349 5712 1576 5784 divisio,
1591 5709 1874 5770 addivisio
1930 5725 2033 5767 seu

2141 4727 2281 4805 πρὸς
2338 4727 2561 4803 ὕπαρξιν
2623 4723 3021 4797 ὑποκείμενον·
3081 4720 3218 4795 μόνη
3283 4715 3404 4787 δὲὴ
3455 4715 3611 4771 οὐσία
3663 4721 3800 4805 πᾶσι

2139 4803 2259 4881 τοῖς
2339 4811 2711 4890 συμϐεϐηκόσι
2784 4813 2922 4889 πρὸς
2995 4813 3058 4866 τὸ
3130 4810 3265 4865 εἶναι
3330 4810 3498 4862 ταῦτα
3574 4803 3794 4860 ὑπόκει-

2141 4929 2251 4964 ται.

2218 4997 2299 5060 ις’.
2333 4992 2467 5050 Οῧτε
2497 4992 2555 5049 δὲ
2584 4994 2636 5048 ἐν
2662 4997 2779 5053 τοῖς
2811 4990 2900 5068 ἀφ’
2931 4988 3047 5051 ἑνὸς
3074 4986 3165 5042 καὶ
3211 4986 3349 5064 πρὸς
3401 4984 3455 5040 ἓν
3510 4986 3792 5059 θεωρεῖται

2143 5084 2424 5160 διαίρεσις,
2501 5081 2627 5138 ἀλλ’
2705 5079 3094 5156 ἀπαρίθμησις.
3185 5074 3439 5160 ’Δόριστα
3513 5073 3618 5147 γὰρ
3691 5071 3794 5160 Δκαὶ

2141 5156 2308 5229 ταῦτα
2364 5171 2454 5227 καὶ
2513 5167 2878 5246 ἀπερίληπτα,
2912 5165 3092 5240 ὥσπερ
3125 5161 3192 5231 δὴ
3251 5160 3342 5216 καὶ
3401 5157 3598 5233 ἄτομα.
3635 5156 3799 5212 Δύνα-

2139 5284 2229 5318 ται
2278 5261 2380 5338 γὰρ
2439 5244 2736 5319 εἰπεῖνττις
2796 5255 3032 5330 ἰατρικὸν
3106 5244 3343 5328 βιϐλίον,
3403 5248 3502 5338 καὶ,
3552 5248 3791 5338 ἰατρικὸν

2144 5334 2360 5422 σκεῦος,
2387 5348 2627 5424 ἰατρικὸν
2661 5343 3028 5420 ἕμπλαστρον,
3060 5341 3150 5396 καὶ
3186 5338 3332 5395 ἄλλα
3374 5336 3568 5412 μυρία·
3621 5334 3796 5390 ὡσαύ-

2143 5461 2249 5501 τως
2301 5437 2534 5513 ὑγιεινὸν
2587 5436 2756 5507 οἶνον,
2792 5433 3029 5508 ὑγιεινὴν
3085 5427 3316 5500 δίαιταν,
3345 5424 3579 5502 ὑγιεινὸν
3637 5424 3789 5500 ἀέρα,

2141 5530 2231 5584 καὶ
2258 5530 2326 5582 τὰ
2350 5530 2596 5583 τοιαῦτα.

2219 5707 2301 5775 ιζ’.
2360 5704 2554 5761 Ἰστέον
2617 5699 2675 5757 δὲ
2740 5699 2823 5755 ὅτι
2882 5697 3162 5776 διαίρεσις,
3219 5693 3598 5772 ἐπιδιαίρεσις,
3653 5688 3794 5746 κατᾶ
