4096 6472
339 465 449 537 705

1668 461 2022 525 :EPITOME
2065 462 2344 529 LOGICA
2358 506 2374 523 .

3608 462 3726 527 706

333 602 489 653 τοῦτο
529 596 1205 678 διαφέρουσιν’ἀλλή)ων,
1254 596 1438 654 καθότι
1486 596 1522 664 ἢ
1579 595 1672 667 μὲν
1723 591 2008 670 διαίρεσις,

2126 595 2474 675 uperdivisio
2503 600 2562 653 et
2592 576 2914 653 subdivisio
2940 598 3270 655 secundum
3292 596 3400 653 hoc
3424 595 3722 652 differunt.

339 687 565 763 πρώτως
602 689 789 762 τέμνει
835 690 899 745 τὸ
951 695 1197 765 πρᾶγμαδ
1246 690 1283 757 ἡ
1334 683 1391 741 δὲ
1439 681 1792 759 έπιδιαὶρεσις
1840 681 1977 737 κατὰ

339 773 583 852 δευτέραν
614 772 881 849 ἐπιϐολὴν
921 779 1105 853 τέμνει
1141 778 1205 833 τὸ
1252 774 1383 832 αὐτὸ
1424 777 1671 850 πρᾶγμα*
1722 774 1758 842 ἡ
1812 768 1870 826 δέ
1916 790 1981 846 γε

342 854 701 943 ὑποδιαίρεσις
742 864 798 922 ’ὲν
842 871 951 924 τῶν
1001 866 1307 942 τμημάτων
1355 856 1751 940 παραλαϐοῦσα
1794 862 1980 935 τέμνει

338 954 467 1011 αὐτό
497 977 510 990 ·
543 958 692 1011 οἷον
744 957 802 1011 ‘0
860 953 1142 1031 ἄνθρωπος
1201 951 1486 1030 διαιρεῖται
1545 950 1622 1014 εἷς
1680 948 1835 1027 ἄρσεν
1891 949 1981 1019 καὶ

341 1042 499 1113 θῆλυ·
529 1048 691 1100 τοῦτο
736 1041 1025 1122 ηδιαίρεσιςο
1067 1042 1169 1099 καὶ
1216 1041 1380 1098 πάλιν
1429 1042 1486 1095 '0
1515 1036 1798 1115 ἄνθρωπος
1842 1036 1981 1093 διαι-

344 1137 510 1208 ρεῖται
573 1132 649 1195 εἷς
706 1134 891 1209 ψυχὴν
945 1132 1036 1188 καὶ
1103 1135 1262 1205 σῶμα
1293 1150 1306 1163 ⁸
1363 1133 1524 1186 τοῦτο
1582 1125 1931 1205 έπιδιαίρεσις
1964 1170 1983 1199 ,

342 1219 463 1289 ἥτις
510 1219 634 1275 τότε
688 1218 850 1293 μόνον
901 1216 1108 1294 ὀφείλει
1154 1218 1411 1294 γίνεσθαι,
1463 1215 1552 1272 ὅτε
1598 1217 1716 1271 καθ’
1761 1211 1982 1270 ἕκαστον

342 1313 453 1364 τῶν
481 1310 789 1384 τμημάτων
820 1315 920 1380 τῆς
966 1308 1190 1384 πρώτης
1235 1304 1566 1383 διαιρέσεως,
1613 1306 1682 1360 τὰ
1726 1311 1826 1374 τῆς
1867 1300 1986 1361 δευ-

339 1399 499 1474 τέρας
548 1395 900 1472 διαιρέσεως,
946 1395 1119 1452 εἴτουν
1165 1393 1612 1472 έπιδιαιρέσεως,
1661 1394 1986 1469 θεωροῦνται

340 1487 410 1541 τὰ
454 1487 727 1560 ,τμήματα
760 1531 774 1544 .
830 1482 974 1544 Ἰδοὺ
1029 1485 1134 1562 γὰρ
1195 1482 1248 1539 έν
1301 1488 1382 1557 τῷ
1439 1478 1621 1560 ἄρῥενι
1672 1481 1762 1537 καὶ
1821 1482 1873 1537 ἐν
1907 1485 1989 1554 τῷ

343 1573 504 1645 θήλει
528 1577 809 1651 θεωρεῖται
851 1575 1005 1650 ψυχή
1056 1573 1147 1630 καὶ
1194 1576 1372 1647 σῶμα.
1404 1574 1563 1628 Ὅταν
1602 1568 1673 1627 δὲ
1712 1570 1877 1626 εἰπὼν
1905 1568 1988 1625 δτι

343 1667 381 1734 ἡ
441 1664 597 1719 οὐσία
654 1661 937 1740 διαιρείται
996 1662 1075 1726 εἷς
1132 1667 1292 1736 σῶμα
1348 1661 1440 1717 καὶ
1495 1660 1807 1734 ἀσώματον,
1855 1658 1990 1715 εῗθπω

343 1751 536 1824 πάλιν,
563 1751 646 1808 ὅτι
674 1750 739 1808 τὸ
770 1756 929 1826 σιῖιμα
958 1749 1243 1828 διαιρεῖται
1294 1750 1370 1815 εἷς
1420 1746 1667 1827 ἔμψυχον
1715 1753 1806 1805 καί
1854 1750 1989 1823 ἄψυ-

346 1863 474 1919 χον,
494 1840 741 1913 «ἐποίησα
759 1838 1149 1918 ὑποδιαίρεσιν.

2088 688 2376 755 quatenus
2406 684 2614 740 divisio
2645 685 2884 757 quidem
2916 701 3039 740 rem
3098 684 3377 757 primario
3400 685 3502 741 24
3534 690 3727 747 secat;

2086 772 2370 829 addivisio
2383 773 2561 829 altero
2574 789 2850 847 aggressu
2866 774 3130 830 eamdem
3145 789 3265 829 rem
3282 774 3489 829 dividit
3503 799 3519 843 ς
3533 774 3730 830 subdi-

2088 860 2234 918 visio
2246 862 2498 934 denique
2509 880 2691 919 unum
2708 863 3037 919 membrum
3051 879 3187 919 assu
3198 866 3424 935 mptum
3440 864 3690 936 partitur
3712 880 3726 918 :

2091 951 2251 1006 velut
2277 951 2460 1007 Homo
2518 950 2800 1007 dividitur
2826 951 2887 1006 in
2919 968 3142 1008 marem
3173 958 3231 1008 et
3262 952 3561 1008 feminam.
3607 957 3727 1009 Hoc

2081 1038 2298 1095 divisio
2342 1044 2450 1095 est.
2483 1040 2550 1095 Et
2579 1056 2782 1095 rursus
2818 1041 2996 1096 Homo
3046 1039 3327 1096 dividitur
3366 1041 3425 1096 in
3462 1040 3728 1097 animam

2092 1132 2150 1183 et
2178 1144 2429 1200 corpus;
2461 1128 2570 1184 hoc
2599 1127 2879 1185 addivisio
2910 1133 3017 1195 est,
3050 1146 3177 1201 quae
3207 1133 3334 1185 tum
3377 1130 3552 1186 modo
3609 1131 3735 1187 fieri

2094 1216 2287 1284 debet,
2317 1232 2453 1272 cum
2481 1217 2539 1272 in
2570 1216 2829 1288 quolibet
2861 1217 3060 1289 primae
3089 1218 3394 1274 divisionis
3444 1219 3732 1286 membro,

2097 1305 2362 1361 membra
2391 1297 2745 1361 secunda'rize
2772 1304 3095 1373 divisionis,
3159 1306 3282 1362 sive
3349 1307 3739 1364 addivisionis

2097 1394 2540 1449 considerantur
2559 1399 2616 1450 et
2643 1398 3002 1467 spectantur.
3058 1396 3202 1451 Ecce
3246 1395 3403 1452 enim
3461 1396 3520 1451 in
3579 1412 3739 1452 mare

2096 1486 2155 1539 et
2181 1482 2239 1537 in
2272 1482 2488 1539 femina
2515 1500 2652 1540 cum
2683 1484 2881 1540 anima
2909 1488 3037 1540 tum
3079 1500 3290 1556 corpus
3335 1485 3744 1542 consideratur

2097 1574 2340 1637 Quando
2369 1576 2565 1628 autem
2595 1572 2851 1644 primum
2878 1573 3074 1628 dixero
3105 1574 3499 1630 substantiam
3562 1574 3743 1630 dividi

2097 1660 2158 1717 in
2189 1678 2401 1734 corpus
2421 1665 2479 1717 et
2506 1661 2562 1717 in
2596 1661 3001 1733 incorporeum
3030 1665 3089 1718 et
3101 1662 3292 1718 denuo
3317 1663 3504 1720 dicam
3530 1680 3742 1736 corpus
3838 1708 3839 1713 η

2099 1750 2161 1806 in
2192 1754 2515 1806 animatum
2547 1754 2605 1807 et
2634 1751 3024 1807 inanimatum
3048 1750 3246 1823 dividi,
3278 1752 3741 1809 subdivisionem

2103 1839 2288 1895 effeci.

422 1959 515 2029 ιη’.
548 1958 810 2033 Λέγονται
858 1954 916 2012 δὲ
955 1956 1024 2012 τὰ
1051 1955 1112 2011 ἐκ
1153 1958 1252 2009 τοῦ
1299 1953 1464 2009 αὐτοῦ
1509 1954 1693 2031 γένους
1721 1953 1994 2027 τμηθέντα

2173 1955 2259 2009 18.
2292 1954 2579 2010 Dicuntur
2607 1971 2779 2026 porro
2808 1955 3034 2026 species
3065 1972 3193 2027 qua
3225 1973 3294 2012 ex
3325 1958 3525 2013 eodem
3572 1974 3741 2027 gene-

351 2041 468 2116 εἴδη
502 2042 946 2122 ἆτιδιαιρούμενα
993 2045 1069 2107 ὡς
1118 2042 1382 2108 ἀντίθεσιν
1430 2063 1553 2099 τινα
1592 2043 1730 2117 πρὸς
1774 2039 2000 2112 ἄλληλα

2124 2059 2166 2099 ’θ
2196 2048 2365 2099 sextae
2396 2048 2535 2100 sunt
2562 2040 2701 2115 (εἳδη
2735 2040 3248 2119 ἀντιδιαιρούμενα),
3284 2044 3343 2099 id
3375 2051 3463 2101 est
3522 2047 3746 2118 species

352 2133 603 2213 φέροντα,
660 2133 757 2189 κᾶν
814 2133 875 2191 ἐκ
916 2138 1017 2188 τοῦ
1072 2132 1237 2187 αὖτοῦ
1294 2132 1395 2187 εἷεν
1451 2131 1542 2186 καὶ
1593 2130 1731 2193 ἑνός’
1783 2133 1897 2185 οἷον
1936 2130 1999 2184 τὸ

355 2228 517 2297 σῶμα
566 2222 656 2278 καὶ
717 2223 782 2277 τὸ
828 2222 1114 2295 ἀσώματον
1167 2220 1227 2277 ἐκ
1265 2222 1368 2290 τῆς
1417 2219 1601 2283 οὐσίας
1645 2217 1998 2296 διαιρεθέντα,

352 2312 446 2368 καὶ
480 2312 779 2387 μετέχοντα
822 2317 925 2382 τῆς
976 2310 1160 2372 οὐσίας
1209 2308 1424 2380 ἐπίσης,
1476 2309 1798 2365 ἀντίκεινται
1847 2309 1999 2363 θάτε-

357 2421 452 2478 ρον
507 2398 717 2476 θατέρῳ
771 2399 908 2457 κατὰ
958 2400 1055 2462 τὰς
1111 2395 1393 2461 οὐσιώδεις
1449 2395 1747 2476 διαφοράς·
1791 2398 1854 2453 τὸ
1906 2397 2000 2471 μὲν

358 2490 467 2565 γὰρ
520 2494 691 2565 τριχῆ
751 2485 1051 2545 διαστατόν.
1108 2488 1172 2543 τὸ
1229 2485 1287 2542 δὲ
1341 2491 1439 2542 τοῦ
1492 2494 1661 2563 τριχῆ
1722 2484 2001 2543 διαστατὸν

361 2574 499 2632 εἶναι
549 2575 741 2654 πόρῥω
798 2576 1094 2648 καθέστηκε
1127 2618 1139 2631 .
1199 2575 1296 2631 Καὶ
1374 2575 1462 2631 έπὶ
1516 2580 1624 2631 τῶν
1702 2572 1888 2635 ἄλλων
1947 2576 2004 2630 ὁ-

364 2664 562 2740 μοίως.

436 2952 518 3005 ιθ’.
553 2949 814 3026 Λέγοιντο
863 2946 909 3005 δ’
957 2949 1019 3006 ἂν
1070 2947 1562 3027 ἀντιδιαιροόμενα,
1611 2949 1703 3006 καὶ
1750 2950 1825 3012 ὡς
1876 2951 2010 3025 ὁμο-

358 3041 542 3114 τίμως
578 3038 873 3115 μετέχοντα
915 3043 1015 3094 τοῦ
1066 3037 1258 3113 μένους
1303 3038 1353 3112 ἐξ
1384 3039 1447 3093 οὗ
1495 3036 1774 3116 διῄρηται,
1813 3039 1903 3093 καὶ
1934 3040 2011 3103 ὡς

364 3128 426 3182 ἂν
470 3124 616 3183 εἴποι
668 3148 752 3190 τις
809 3122 935 3183 ὄντα
982 3124 1432 3205 ’ἱσυδιαιροόμενα
1485 3129 1576 3182 καὶ
1623 3126 1741 3183 ἀντὶ
1786 3128 2014 3205 θατέρου

366 3218 591 3293 θάτερον
647 3216 786 3271 κατὰ
834 3216 899 3271 τὸ
948 3212 1307 3293 ἲσοδιαιρετον
1360 3213 1707 3292 λογιζόμενα.
1766 3215 1866 3270 Καὶ
1910 3218 2014 3292 γὰρ

2107 2132 2506 2189 contradivisae
2531 2138 2595 2188 ut
2624 2149 2751 2204 quae
2782 2137 3049 2188 mutuam
3081 2134 3513 2205 'oppositionem
3546 2152 3748 2193 secum

2105 2222 2362 2293 trahant,
2423 2223 2657 2278 tametsi
2716 2239 2785 2278 ex
2841 2238 2956 2277 uno
3014 2226 3072 2277 et
3107 2223 3309 2278 eodem
3352 2223 3511 2279 sint:
3545 2225 3747 2295 veluti,

2109 2327 2321 2382 corpus
2376 2315 2434 2366 et
2486 2310 2892 2382 incorporeum
2949 2310 3136 2365 divisa
3188 2327 3258 2365 ex
3312 2312 3641 2369 substantia
3695 2319 3754 2370 et

2112 2399 2470 2456 subtantiam
2503 2414 2572 2453 ex
2591 2414 2754 2470 aequo
2775 2397 3188 2469 participantia
3220 2400 3410 2470 quoad
3470 2402 3750 2459 essentia-

2112 2488 2199 2545 les
2228 2487 2586 2544 differentias
2629 2486 2742 2543 sibi
2798 2492 3198 2558 opponuntur,
3257 2487 3503 2545 alterum
3562 2490 3750 2549 alteri.

2114 2577 2263 2633 Illud
2293 2577 2451 2633 enim
2479 2577 2593 2632 tria
2647 2575 3015 2632 dimensione
3062 2579 3340 2645 constat;
3391 2577 3501 2634 hoc
3557 2585 3753 2637 autem

2116 2667 2189 2723 ab
2219 2682 2287 2722 eo
2317 2671 2383 2721 ut
2410 2665 2698 2721 trifariam
2748 2664 2807 2719 in
2861 2664 3256 2721 dimensiones
3311 2671 3523 2737 pateat.
3583 2668 3756 2742 longe

2118 2758 2409 2810 remotum
2438 2756 2546 2809 est.
2574 2753 2647 2809 Et
2676 2752 2737 2807 in
2768 2751 2898 2808 aliis
2927 2750 3185 2808 similem
3216 2753 3274 2808 in
3307 2756 3547 2812 modum
3576 2773 3667 2814 res
3692 2774 3758 2815 se

2117 2843 2312 2899 habet.

2191 2951 2287 3007 25
2318 2949 2406 3006 19.
2439 2949 2547 3005 Sed
2577 2953 2634 3005 et
2662 2948 2777 3004 dici
2835 2953 3053 3020 queant
3106 2944 3223 3017 εἷ’δη
3285 2946 3759 3027 ἀντιδιαιρούμενα

2121 3042 2179 3094 et
2207 3038 2359 3110 quod
2384 3037 2510 3110 pari
2539 3037 2778 3094 honoris
2832 3038 3019 3110 gradu
3073 3039 3421 3112 participent
3474 3057 3663 3113 genus
3691 3060 3761 3098 ex

2123 3145 2239 3201 quo
2271 3126 2466 3182 divisa
2495 3130 2635 3182 sunt
2664 3132 2722 3182 et
2746 3128 2901 3198 quod
2935 3127 3072 3195 sint,
3105 3127 3273 3199 quasi
3306 3128 3463 3185 dicat
3518 3130 3751 3204 aliquis.

2126 3211 2582 3288 ἷσοδιαιρούμενα,
2642 3214 2701 3270 id
2756 3219 2867 3285 est,
2926 3215 3227 3287 aequaliter
3298 3216 3357 3272 in
3415 3217 3760 3277 divisionem

367 3304 422 3361 έν
474 3304 693 3368 τούτοις
740 3304 840 3360 οὐκ
885 3302 996 3359 ἔστι
1043 3305 1106 3360 τὸ
1168 3301 1380 3379 μᾶλλον
1419 3305 1510 3360 καὶ
1558 3307 1719 3373 ἧττον
1783 3305 2008 3381 μετέχον

2124 3305 2422 3361 venientes
2450 3309 2509 3359 et
2537 3302 2685 3359 tales
2715 3302 2978 3375 qualium
3008 3302 3189 3360 altera
3228 3309 3293 3361 ut
3340 3305 3522 3364 altera
3567 3311 3760 3380 quoad

361 3398 466 3450 τοῦ
492 3392 699 3471 γένους·
760 3390 890 3450 οὔτε
932 3395 1034 3471 γὰρ
1080 3395 1143 3449 τὸ
1190 3398 1351 3468 σῶμα
1391 3390 1645 3471 τυγχάνει
1684 3392 1841 3449 οὐσία
1874 3393 2011 3468 μᾶλ-

369 3484 468 3540 λον
492 3488 592 3540 τοῦ
617 3483 934 3558 ἀσωμάτου,
978 3478 1103 3541 οὔτε
1145 3483 1209 3538 τὸ
1255 3483 1544 3556 ἀσώματον
1596 3481 1752 3539 οὐσία
1800 3481 2012 3557 μᾶλλον

363 3576 469 3630 τοῦ
516 3573 798 3647 σώματος·
840 3572 946 3643 ,καὶ
1001 3571 1092 3629 ἐπὶ
1147 3575 1256 3627 τῶν
1308 3569 1498 3629 ἄλλων
1546 3572 1829 3635 ὡσαύτως.
1882 3567 2017 3628 Οὔτε

369 3659 429 3717 δὲ
476 3662 547 3719 ,τὸ
615 3661 769 3737 φύσει
842 3661 1106 3739 πρότερον
1167 3660 1219 3718 ἐν
1297 3665 1417 3724 τοῖς
1487 3658 2017 3738 ἀντιδιαιρυυμένοις

370 3749 674 3827 εὑρίσκεται
704 3769 718 3783 ’
778 3750 916 3807 κατὰ
969 3749 1172 3813 πάντας
1254 3751 1361 3826 γὰρ
1414 3748 1542 3813 τοὺς
1614 3749 1851 3828 τρόπους
1906 3755 2013 3806 τῶν

364 3837 685 3917 διαιρέσεων
735 3836 949 3895 ἄπεστιν
1002 3838 1063 3895 ἐκ
1113 3843 1221 3893 τῶν
1268 3837 1574 3914 τμημάτων
1619 3839 1683 3895 τό
1711 3860 1771 3895 τε
1803 3837 2015 3914 μᾶλλον

369 3928 462 3984 καὶ
492 3931 655 3998 ἧττον
689 3929 779 3983 καὶ
818 3928 885 3984 τὸ
921 3927 1074 4007 φύσει
1118 3926 1405 4005 πρότερον,
1453 3927 1600 3999 πλὴν
1631 3932 1739 3984 τῶν
1783 3929 1873 4008 ἀφ’
1902 3928 2016 3992 ἑνὸς

370 4017 466 4073 καὶ
493 4014 631 4095 πρός
660 4013 739 4072 ἓν.

2126 3393 2435 3450 divisionis
2464 3390 2856 3466 aequalitatem
2889 3396 3208 3465 reputetur.
3242 3395 3308 3449 In
3340 3394 3431 3451 his
3459 3396 3615 3452 enim
3644 3415 3762 3455 non

2123 3486 2213 3539 est
2250 3482 2428 3554 quod,
2473 3497 2659 3554 genus
2706 3480 3013 3552 participet
3063 3482 3253 3554 magis
3280 3486 3339 3538 et
3377 3485 3596 3543 minus.
3646 3490 3764 3543 Nec

2123 3571 2282 3629 enim
2297 3569 2712 3643 corpus‘magis
2723 3573 2814 3626 est
2825 3570 3157 3627 substantia
3170 3568 3763 3647 quamincorporeum

2125 3676 2231 3719 nec
2248 3660 2654 3731 incorporeum
2668 3659 2854 3731 magis
2865 3660 3296 3718 estsubstantia
3321 3679 3499 3734 quam
3516 3681 3763 3737 corpus.

2126 3751 2197 3806 Et
2220 3750 2281 3805 in
2330 3748 2463 3806 aliis
2515 3748 2720 3804 eodem
2763 3749 2937 3804 modo
2962 3765 3056 3805 res
3085 3766 3150 3805 se
3170 3749 3366 3808 habet.
3402 3753 3603 3826 Neque
3633 3770 3767 3811 vero

2125 3840 2301 3896 etiam
2355 3837 2511 3910 quod
2559 3841 2769 3892 natura
2797 3836 2961 3909 prius
2985 3841 3075 3893 est
3104 3837 3156 3891 ἐν
3185 3842 3301 3900 τοῖς
3332 3837 3767 3917 ἀντιδιαιρουμὲς

2123 3947 2260 3994 νοις,
2292 3927 2352 3982 id
2375 3929 2464 3982 est
2491 3925 2552 3980 in
2582 3925 2656 3982 iis
2684 3942 2812 3997 quae
2841 3942 2873 3982 e
2900 3926 3153 4000 regione,
3173 3928 3603 4003 siveaequaliter
3632 3932 3774 3988 divi-

2127 4014 2746 4089 dantur,reperitur.1n
2758 4015 3033 4072 omnibus
3048 4016 3202 4072 enim
3215 4018 3566 4077 divisionum
3581 4023 3713 4078 mod
3723 4022 3773 4078 is

374 4124 513 4165 cum
564 4105 630 4175 τὸ
677 4106 868 4182 magis
889 4110 947 4163 et
975 4105 1173 4163 minus
1200 4109 1329 4163 tum
1350 4104 1414 4160 τὰ
1446 4110 1659 4163 natura
1688 4106 1853 4180 prius
1883 4123 1917 4162 a
1946 4105 2248 4175 membris,
2281 4104 2535 4177 exceptis
2565 4120 2767 4160 eorum
2798 4120 2925 4176 quae
2961 4105 3032 4161 ab
3064 4122 3180 4162 uno
3211 4110 3269 4163 et
3291 4108 3363 4163 ad
3395 4125 3581 4165 unum
3610 4110 3775 4183 (sunt

376 4195 795 4270 dicunturque)
824 4194 997 4269 longe
1019 4199 1322 4265 remotum
1353 4199 1465 4253 est.

449 4311 518 4367 κ’.
548 4309 719 4366 φύσει
746 4307 810 4367 δὲ
851 4308 1116 4387 πρότερον
1166 4307 1382 4387 λέγεται
1411 4310 1487 4366 ιτὸ
1533 4313 1882 4382 συναναιροῦν
1932 4309 2023 4365 καὶ

381 4401 461 4473 μὴ
516 4398 1004 4477 συναναιροόμενον
1036 4420 1049 4434 ο
1108 4399 1199 4453 καὶ
1258 4397 1735 4478 συνεισφερόμενον
1800 4398 1892 4453 καὶ
1949 4400 2026 4472 μὴ

377 4488 748 4567 συνεισφέρον,
804 4487 921 4543 οἷον
974 4486 1039 4542 τὸ
1070 4491 1207 4556 ζῶον
1268 4485 1419 4565 φύσει
1474 4485 1736 4565 πρότερον
1795 4491 1894 4543 τοῦ
1945 4488 2033 4542 ἆν-

378 4577 622 4653 θρώπου,
678 4574 820 4632 διότι
875 4575 1260 4651 ἀναιρούμενον
1320 4580 1625 4653 συναναιρεῖ
1674 4575 1767 4630 τόν
1825 4577 2032 4651 ἄνθρω-

2203 4312 2294 4365 20.
2330 4309 2549 4366 Natura
2579 4312 2773 4365 autem
2805 4310 2968 4382 prius
2998 4309 3232 4381 dicitur,
3265 4328 3400 4369 cum
3423 4313 3574 4385 quod
3598 4313 3776 4369 simul

2137 4398 2388 4455 alterum
2410 4397 2541 4453 tolit
2568 4413 2674 4453 nec
2697 4399 2768 4453 ab
2798 4396 2897 4454 illo
2927 4398 3104 4454 simul
3149 4398 3407 4470 tollitur;
3463 4406 3590 4457 tum
3621 4402 3777 4475 quod

2142 4487 2314 4544 simul
2347 4487 2597 4543 infertur
2626 4486 2696 4542 ab
2719 4485 2919 4555 altero,
2954 4504 3059 4542 nec
3090 4488 3266 4544 infert
3287 4488 3534 4545 alterum
3560 4507 3573 4544 :
3598 4489 3778 4546 veluti

2145 4575 2363 4633 animal
2396 4580 2606 4631 natura
2630 4575 2790 4646 prius
2838 4580 2927 4631 est
2955 4575 3212 4648 homine,
3268 4582 3576 4650 propterea
3624 4579 3778 4651 quod

380 4637 484 4722 οιτον
518 4708 530 4721 .
593 4637 736 4736 (alios
780 4666 882 4743 γὰρ
943 4637 1018 4739 μῆ
1075 4637 1230 4728 ὄντος
1264 4711 1281 4739 ,
1339 4662 1469 4720 οὐδὲ
1525 4637 1812 4740 ἀνθρωπος
1867 4637 2008 4720 ἔσται

2146 4680 2281 4720 cum
2327 4663 2570 4733 tollitur,
2617 4637 2915 4720 hominem
2982 4637 3212 4720 secum,
3241 4637 3396 4722 tollit
3444 4637 3682 4740 (quipp‘e
3731 4666 3781 4722 si

381 4754 859 4834 συνεισφερόμενον
920 4751 979 4809 δὲ
1024 4753 1086 4809 οὐ
1144 4753 1472 4830 συνεισφέρει
1517 4773 1530 4787 ο
1591 4753 1706 4808 ἐπεὶ
1764 4752 2035 4831 συνεισφέ-

384 4864 530 4919 ρεται
590 4844 683 4918 μὲν
737 4848 817 4917 τῷ
870 4843 1141 4919 ἀνθρώπῳ
1196 4843 1507 4918 (ἀνθρώπου
1572 4844 1675 4920 γὰρ
1727 4837 1880 4906 ὄντος
1946 4841 2035 4899 καὶ

387 4932 523 5004 ζῶόν
578 4931 720 4988 ἐστιν
776 4932 830 5004 ἐξ
893 4933 1177 5009 ἀνάγκης),
1236 4931 1299 4987 οὐ
1355 4932 1649 5010 συνειφέρει
1698 4929 1757 4988 δὲ
1802 4933 1893 4988 τὸν
1944 4929 2032 4987 ἄν-

383 5024 603 5099 θρωπον
638 5065 653 5080 .
702 5023 854 5078 Ζώου
910 5004 1023 5099 γὰρ
1065 5004 1221 5085 ὄντος
1281 5004 1381 5077 οὐδέ
1432 5004 1691 5092 ἤδη-καὶ
1747 5022 2032 5098 ἄνθρωπος

384 5108 557 5184 ἔσται,
582 5111 716 5170 ἀλλ’
744 5110 913 5175 ἵππος
957 5112 1148 5188 τοχὸν,
1194 5107 1231 5180 ἤ
1285 5111 1415 5187 βοῦς
1459 5107 1498 5180 ἤ
1541 5108 1709 5182 κύων,
1739 5107 1777 5180 ἤ
1810 5108 1951 5165 ἄλλο
1982 5131 2033 5164 τι

389 5206 554 5272 ζὼν.
587 5200 751 5257 Φύσει
799 5205 931 5277 γοῦν
976 5199 1239 5277 πρότερόν
1282 5199 1392 5255 ἐστι
1440 5199 1504 5255 τὸ
1531 5198 1687 5275 γένος
1709 5202 1808 5254 τοῦ
1835 5194 2031 5271 εἴδους,

386 5290 480 5347 καὶ
504 5290 573 5346 τὸ
603 5287 746 5352 εἶδος
766 5294 874 5346 τῶν
905 5288 1148 5363 ἀτόμων.
1702 5298 1707 5301 ’

454 5577 561 5633 κα’.
594 5576 678 5630 Ἐν
712 5572 770 5630 82;
810 5579 929 5639 τοῖς
961 5570 1154 5631 εἷ”δεσιν
1184 5571 1221 5645 ἤ
1265 5577 1383 5636 τοῖς
1434 5570 1660 5646 ἀτόμοις
1708 5568 1771 5626 οὗ
1818 5570 2035 5647 θεωρεῖ-

379 5686 471 5722 ται
504 5666 568 5720 τὸ
597 5664 752 5743 φύσει
779 5665 1064 5743 πρότερον.
1098 5664 1171 5719 Οὐ
1200 5664 1306 5740 γὰρ
1335 5668 1397 5717 τὸ
1428 5661 1649 5736 λογικὸν
1699 5659 1851 5738 φύσει
1896 5660 2031 5736 πρό-

382 5774 542 5834 τερον
572 5757 671 5809 τοῦ
712 5752 913 5833 ἀλόγου
960 5753 1097 5830 (ἐπεὶ
1145 5748 1270 5809 οὐδὲ
1312 5754 1626 5828 σνναναιρεῖ,
1672 5745 1797 5805 οὐδὲ
1833 5769 2036 5805 συνεισ-

2147 4771 2261 4810 non
2293 4758 2381 4808 est
2409 4751 2648 4824 animal,
2671 4769 2859 4824 neque
2888 4752 3063 4810 homo
3081 4753 3209 4827 erit)
3234 4773 3247 4824 ;
3270 4755 3371 4812 26
3420 4772 3554 4812 cum
3585 4761 3782 4812 autem

2146 4842 2323 4899 simul
2353 4842 2622 4912 infertur,
2652 4858 2767 4897 non
2807 4841 2984 4897 simul
3033 4842 3244 4913 infert;
3306 4845 3783 4921 quandoquidem

2144 4929 2323 4987 simul
2353 4930 2591 5003 quidem
2619 4946 2751 4985 cum
2784 4929 3020 4987 homine
3050 4931 3300 4988 infertur
3337 4933 3596 5006 (homine
3626 4934 3785 4991 enim

2143 5020 2459 5076 exsistente
2487 5022 2546 5074 et
2598 5018 2815 5075 animal
2863 5024 2951 5076 est
3005 5021 3382 5094 necessario),
3434 5038 3549 5079 non
3589 5027 3786 5079 tamen

2145 5108 2321 5165 simul
2345 5108 2520 5164 infert
2538 5107 3131 5179 hominem._Animali
3153 5109 3310 5166 enim
3330 5111 3646 5168 exsistente
3672 5128 3788 5168 non

2143 5198 2411 5271 protinus
2469 5196 2644 5252 etiam
2697 5196 2871 5252 homo
2900 5198 3031 5267 erit,
3051 5199 3153 5254 sed
3185 5215 3374 5272 equus
3394 5200 3651 5257 fortasse
3688 5204 3792 5257 aut

2144 5287 2271 5355 bos,
2304 5291 2405 5342 aut
2435 5285 2618 5355 canis,
2650 5290 2751 5341 aut
2779 5284 2936 5342 aliud
2987 5286 3223 5360 aliquod
3275 5289 3516 5353 animal,
3571 5291 3793 5348 Natura

2144 5375 2386 5449 proinde
2416 5373 2576 5445 prius
2606 5376 2694 5429 est
2721 5389 2905 5447 genus
2935 5375 3149 5448 specie,
3181 5381 3239 5434 et
3294 5378 3516 5451 species
3582 5377 3790 5436 indivi-

2142 5464 2298 5521 duis.

2210 5572 2301 5626 21.
2358 5570 2416 5626 [n
2460 5570 2765 5643 speciebus
2812 5575 3007 5628 autem
3060 5573 3144 5630 vel
3185 5574 3499 5633 individuis
3530 5576 3586 5632 id
3638 5576 3792 5648 quod

2144 5669 2353 5717 natura
2382 5660 2546 5732 prius
2577 5666 2683 5715 est.
2717 5678 2831 5715 non
2864 5666 3179 5732 spectatur.
3231 5665 3355 5721 Non
3410 5667 3567 5722 enim
3618 5666 3793 5721 ratio-

2141 5749 2271 5807 nale
2303 5754 2514 5806 natura
2540 5748 2704 5823 prius
2734 5754 2825 5807 est
2853 5766 3032 5824 quam
3054 5751 3387 5812 irrationale
3407 5771 3509 5817 seu
3554 5755 3795 5814 brutum
