4096 6428
289 457 404 517 709

287 677 416 750 Περὶ
442 675 659 762 πείρας,
689 674 1243 762 ἐμπειρίαςὶτέχνης,
1274 672 1366 759 καὲ
1396 673 1707 762 ἐπιστήμης
1730 691 1742 703 ·
1798 671 1849 727 ἐν
1883 673 1928 744 ᾧ

571 746 661 800 καὶ
691 743 813 820 περὶ
845 743 950 800 τῶν
981 743 1264 818 δυνάμεων
1295 748 1396 815 τῆς
1427 743 1636 820 ψυχῆς.

362 855 426 911 α’.
455 855 516 908 Ἣ
561 856 760 928 γνῶσις
806 853 841 920 ἢ
895 853 1018 906 ἄνευ
1067 850 1236 927 λόγου
1284 851 1445 923 ἐστιν,
1475 851 1509 920 ἢ
1559 850 1691 924 μετᾶ
1725 848 1928 925 Λόγου·

288 943 379 998 καὶ
410 943 445 1012 ἢ
481 943 675 1019 μερική
711 941 874 1009 ἐστιν,
904 941 940 1010 ἢ
972 939 1236 1004 καθόλου.

369 1033 435 1107 β’.
467 1033 529 1086 Ἦ
577 1031 672 1103 μὲν
723 1029 813 1084 οὖν
863 1031 981 1085 ἄνευ
1029 1029 1195 1106 λόγου
1244 1033 1443 1104 γνῶσις
1474 1031 1509 1099 ἠ
1546 1028 1742 1104 μερικῆ
1789 1031 1937 1081 ποιεῖ

290 1122 392 1190 τὴν
426 1125 613 1196 πεῖραν
640 1139 653 1152 ο
699 1119 788 1174 καὶ
818 1115 956 1174 ἔστιν
991 1121 1026 1188 ἡ
1059 1124 1220 1194 πεῖρα
1269 1117 1386 1180 ἐνὸς
1434 1116 1753 1194 πράγματος
1805 1114 1938 1171 ἄλο-

291 1231 389 1287 γος
417 1213 651 1285 γνῶσιςο
699 1210 817 1262 οἷον
858 1206 982 1263 ὅταν
1025 1229 1107 1270 τις
1155 1207 1212 1262 ’ἐν
1266 1207 1430 1280 μόνον
1481 1207 1740 1282 γινώσκοι
1804 1205 1940 1280 βοή·

295 1311 468 1373 θημα,
499 1299 589 1353 καὶ
635 1295 813 1370 τούτῳ
861 1301 1069 1374 χρῷτο,
1097 1298 1196 1366 τὴν
1246 1295 1417 1351 αἰτίαν
1466 1296 1670 1372 ἀγνοῶν
1726 1294 1845 1348 καθ’
1874 1293 1941 1362 ἣν

295 1387 502 1466 ὠφελεῖ
529 1386 592 1442 τὸ
619 1390 866 1442 τοιοῦτον
904 1386 1185 1462 βοήθημα.

369 1484 437 1552 γ’.
468 1477 530 1532 Ἦ
563 1473 621 1530 δὲ
668 1475 790 1530 ἄνευ
839 1474 1004 1550 λόγου
1045 1479 1242 1550 γνῶσις
1283 1476 1317 1544 ἡ
1365 1472 1601 1537 καθόλου
1649 1476 1797 1526 ποιεῖ
1840 1471 1939 1538 τήν

299 1566 619 1640 ἐμπειρίαν⁶
671 1565 760 1619 καὶ
809 1560 946 1618 ἔστιν
998 1562 1252 1638 ἐμπειρία
1297 1565 1332 1632 ἡ
1363 1567 1472 1616 τῶν
1521 1559 1758 1625 καθόλου
1805 1563 1943 1635 γνῶ-

297 1677 382 1718 σις
440 1651 680 1729 ἄλογος⁶
742 1651 920 1730 ὥσπερ
980 1653 1067 1708 ἐπὶ
1121 1657 1229 1708 τῶν
1291 1651 1621 1728 ἐμπειρικῶν
1704 1649 1941 1725 ἰατρῶν·

299 1745 450 1799 οὗτοι
507 1744 612 1818 γὰρ
664 1740 850 1797 πολλᾶ
911 1742 1004 1815 μὲν
1064 1741 1387 1818 γινώσκουσι
1450 1741 1798 1816 βοηθήματα,
1845 1737 1942 1805 τὴν

299 1833 473 1888 αἰτίαν
527 1829 585 1886 δὲ
629 1833 726 1900 τῆς
779 1829 1034 1907 βοηθείας
1080 1829 1254 1885 αὐτῶν
1305 1829 1371 1884 ού
1401 1829 1778 1905 γινώσκουσιν.
1814 1828 1944 1898 Ἐμ-

1641 453 1986 515 ΕΡΙΤΟΜΕ
2029 455 2332 516 LOGICA.

918 589 1172 642 ΚΕΦΑΛ.
1216 587 1286 641 Ιν.
1955 589 2008 655 Α

3561 461 3683 519 710

2667 587 2896 644 CAPUT
2955 589 3049 644 Ill.

2047 681 2115 732 Οι
2164 685 2556 748 experimento,
2588 679 2950 750 experientia,
2996 683 3113 733 arte
3159 683 3209 734 et
3254 681 3536 747 scientia;
3589 682 3687 738 ubi

2427 751 2593 804 etiam
2641 750 2707 804 de
2749 751 2961 806 animae
3003 752 3288 821 polentiis.

2113 855 2296 910 301.
2330 855 2544 910 Notitia
2573 854 2660 910 vel
2705 856 2832 911 sine
2873 857 3095 912 ratione
3147 863 3236 912 est
3279 858 3366 914 vel
3417 876 3552 916 cum
3596 878 3684 917 ra—

2044 942 2218 1008 tione,
2252 948 2456 1015 estque
2485 943 2572 998 vel
2605 943 2972 1015 particularis
3001 945 3089 1002 vel
3137 947 3506 1004 universalis.

2114 1032 2168 1084 2.
2203 1033 2339 1096 Quae
2369 1032 2605 1103 quidem
2635 1031 2814 1104 igitur
2851 1034 2976 1089 sine
3022 1035 3244 1092 ratione
3291 1041 3380 1092 est
3427 1039 3685 1110 particu-

2046 1118 2187 1174 laris
2228 1119 2453 1186 notitia,
2484 1121 2943 1192 experimentum
2997 1123 3170 1193 facit;
3222 1130 3279 1182 et
3327 1131 3418 1182 est
3461 1127 3684 1200 experi-

2048 1212 2313 1263 mentum
2345 1208 2520 1264 unius
2570 1209 2653 1264 rei
2697 1211 2901 1265 notitia
2933 1213 3173 1269 rationis
3200 1230 3424 1286 expers,
3458 1220 3524 1271 ut
3553 1233 3686 1273 cum

2050 1295 2180 1368 quis
2200 1313 2382 1352 unum
2402 1296 2591 1353 solum
2615 1297 2773 1353 novit
2794 1301 3118 1358 remedium
3136 1319 3318 1376 eoque
3339 1305 3546 1377 utitur,
3560 1323 3692 1364 cau-

2051 1403 2178 1442 sam
2197 1385 2472 1458 ignorans
2496 1391 2732 1459 propter
2750 1404 2928 1460 quam
2945 1389 3058 1446 tale
3079 1393 3402 1450 remedium
3427 1395 3504 1450 sit
3524 1397 3688 1453 utile.

2123 1477 2174 1528 3.
2212 1475 2346 1538 Quae
2379 1479 2573 1530 autem
2607 1476 2733 1531 sine
2764 1478 2986 1533 ratione
3030 1486 3118 1535 est
3167 1482 3512 1540 universalis
3541 1487 3689 1542 noti-

2051 1566 2153 1631 tia,
2205 1564 2619 1636 experientiam
2677 1567 3000 1622 constituit.
3052 1569 3268 1641 Estque
3315 1573 3694 1644 experientia,

2054 1644 2475 1700 universalium
2505 1645 2712 1702 notitia
2741 1647 2984 1703 rationis
3017 1664 3240 1721 expers,
3267 1657 3331 1706 ut
3361 1652 3418 1707 in
3452 1654 3694 1711 medicis

2056 1733 2154 1806 qui
2204 1734 2466 1805 empirici
2515 1735 2809 1804 dicuntur,
2857 1741 3161 1810 propterea
3207 1741 3490 1798 nimirum
3538 1745 3690 1815 quod

2056 1822 2410 1894 experientia
2456 1824 2738 1896 nitantur,
2788 1826 2981 1883 videre
3029 1833 3136 1884 est.
3187 1830 3257 1884 Hi
3305 1831 3462 1888 enim
3511 1833 3696 1890 multa

299 1922 484 1998 πειρία
539 1920 718 1976 τοίνυν
777 1919 886 1975 ἐστὶ
949 1922 1139 1993 μνήμη
1201 1919 1289 1975 καὶ
1333 1921 1569 2020 τήρησις
1600 1915 1802 2020 ἄλογος
1832 1920 1940 2020 τῶν

2086 1911 2294 1983 [uidem
2327 1918 2543 1967 norunt
2573 1915 2848 1986 remedia,
2881 1917 2980 1970 sed
3017 1934 3254 1974 causam
3290 1937 3468 1992 quare
3490 1923 3698 1991 juvent

299 2009 572 2072 πολλάκις
627 2008 716 2063 καὶ
762 2007 1018 2069 ὡσαύτως
1050 2006 1341 2083 ὀφθέντων.
1373 2008 1430 2059 Ὀ
1469 2006 1572 2082 γὰρ
1629 2004 1944 2080 ἐμπειρικὸς

304 2100 487 2174 ἰατρὸς
538 2097 588 2152 ἐν
643 2099 835 2171 μνήμῃ
893 2096 1138 2171 κατέχων
1188 2096 1276 2150 καὶ
1318 2100 1501 2172 τηρῶν
1557 2095 1624 2148 τά
1679 2090 1950 2152 πολλάκις

301 2188 393 2244 καὶ
425 2187 682 2249 ὡσαύτως
717 2185 946 2264 ὀφθέντα
995 2185 1195 2258 ἰάματα
1243 2186 1510 2260 κέχρηται
1559 2182 1811 2243 τούτοις·
1860 2180 1952 2234 τὸν

303 2279 410 2354 γὰρ
443 2276 608 2352 λόγον
637 2278 737 2344 τῆς
772 2274 961 2336 ἰάσεως
990 2273 1094 2328 οὐκ
1122 2270 1302 2336 εἰδώς.

2055 2001 2184 2072 ipsa
2213 2005 2269 2054 et
2301 2000 2466 2056 utilia
2495 2003 2633 2073 sint,
2668 2003 2953 2075 ignorant.
2991 2006 3092 2061 Est
3134 2007 3314 2080 igitur
3343 2011 3696 2081 experientia

2061 2091 2342 2145 memoria
2370 2094 2426 2145 et
2456 2092 2779 2148 observatio
2811 2111 3012 2150 eorum
3044 2113 3172 2166 quae
3199 2114 3352 2169 saepe
3393 2104 3450 2154 et
3492 2100 3696 2156 eodem

2059 2179 2232 2234 modo
2261 2178 2386 2234 visa
2415 2184 2574 2234 sunt.
2609 2181 2755 2236 Nam
2805 2185 3067 2239 medicus
3107 2185 3445 2258 empiricus,
3480 2187 3538 2243 id
3588 2193 3696 2260 est,

2062 2268 2160 2340 qui
2191 2268 2544 2339 experientia
2574 2270 2800 2336 nititur,
2823 2289 2956 2328 cum
2989 2275 3272 2331 memoria
3292 2281 3486 2333 teneat
3513 2283 3570 2332 et
3598 2279 3699 2334 ob-

307 2373 498 2425 servet
527 2366 958 2422 medicamenta
986 2381 1112 2436 quas
1151 2364 1262 2420 sibi
1305 2379 1458 2436 saepe
1506 2368 1564 2419 et
1608 2363 1810 2418 eodem
1856 2358 2028 2414 modo
2069 2356 2476 2412 animadversa
2521 2363 2682 2425 sunt,
2736 2359 2920 2416 utitur
2967 2361 3102 2434 illis,
3133 2367 3365 2422 tametsi
3414 2367 3701 2424 rationem

305 2473 491 2531 quare
526 2459 757 2523 sanent,
790 2471 905 2510 non
954 2453 1261 2526 intelligat.

379 2540 442 2599 δ’.
491 2543 555 2597 Ἡ
607 2539 664 2596 δὲ
714 2542 848 2615 μετὰ
905 2541 1075 2617 λόγου
1153 2542 1347 2616 μερική
1405 2544 1604 2615 γνῶσις
1660 2539 1862 2612 τέχνης
1914 2536 1949 2604 ἢ

305 2632 617 2706 ἐπιστήμης
669 2631 831 2708 μέρος
880 2635 1061 2685 ποιεῖ’
1113 2630 1316 2706 τέχνης
1370 2629 1488 2702 μὲν,
1539 2628 1584 2683 εἰ
1632 2628 1693 2682 τὸ
1744 2625 1955 2681 ὑποκεί-

307 2743 471 2795 μενον
555 2720 807 2794 τρεπτὸν,
869 2719 1178 2793 ἐπιστήμης
1239 2716 1316 2792 δὲ,
1379 2718 1424 2773 εἰ
1479 2717 1542 2772 τὸ
1603 2715 1954 2788 ὑποκείμενον

303 2808 574 2887 ἄτρεπτον
586 2854 598 2866 .

383 2907 438 2957 ε’.
473 2901 535 2954 Ἡ
585 2896 642 2954 δὲ
688 2895 926 2953 καθόλου
967 2897 1102 2972 μετὰ
1147 2896 1317 2973 λόγου
1363 2900 1564 2974 γνῶσις
1609 2893 1818 2950 τελείαν
1866 2893 1960 2948 τέ-

308 3010 454 3066 χνην
485 2990 522 3059 ἢ
563 2987 771 3044 τελείαν
824 2987 1131 3060 ἐπιστήμην
1176 2992 1354 3043 ποιεῖ·
1408 2987 1608 3062 τέχνην
1657 2984 1775 3057 μὲν,
1809 2979 1958 3059 εἶίπερ

315 3078 433 3155 ἔχει
498 3079 566 3133 τά
640 3076 966 3150 ὑποκείμενα
1037 3077 1239 3151 τρεπτά
1292 3097 1352 3130 τε
1403 3075 1493 3129 καὶ
1553 3073 1855 3143 ἀλλοιωτὰ,
1915 3071 1959 3126 εἰ

316 3165 364 3222 δ’
394 3165 630 3244 ἄτρεπτα
658 3164 748 3222 καῖ
778 3163 1144 3238 ἀναλλοίωτα,
1174 3165 1503 3238 ἐπιστήμην.

391 3436 457 3500 ς’.
489 3434 666 3510 Τέχνη
699 3435 800 3511 γὰρ
852 3433 942 3489 καὶ
1001 3432 1276 3506 ἐπιστήμη
1335 3433 1470 3487 κατὰ
1513 3431 1582 3487 τὰ
1637 3429 1968 3505 ὑποκείμενα

318 3522 687 3601 διαφέρουσιν.
719 3524 869 3578 Ἔστι
923 3523 1017 3596 μὲν
1065 3523 1156 3578 οὖν
1187 3524 1222 3592 ἡ
1252 3522 1422 3597 τέχνη
1472 3524 1672 3596 γνῶσις
1720 3524 1827 3576 τῶν
1877 3541 1970 3575 κα-

318 3613 492 3680 θόλου
526 3613 659 3687 μετά
687 3611 855 3689 λόγου
881 3612 1084 3689 τρεπτά
1109 3611 1178 3666 τὰ
1209 3610 1538 3684 ὑποκείμενα
1565 3607 1786 3686 ἔχουσα.

398 3704 462 3773 ζ’.
495 3703 565 3757 Ἢ
610 3700 800 3771 πάλιν,
828 3701 996 3777 τέχνη
1047 3699 1158 3756 ἐστὶ
1209 3699 1459 3773 σύστημα
1506 3698 1566 3754 ἐκ
1607 3698 1966 3773 καταλήψεων

319 3790 842 3869 ἐγγεγυμνασμένων
889 3789 1025 3868 πρός
1080 3812 1132 3845 τι
1183 3788 1342 3852 τέλος
1398 3786 1698 3866 εὔχρηστον
1754 3793 1860 3843 τῶν
1916 3788 1966 3843 ἐν

317 3887 402 3954 τῷ
437 3879 564 3958 βίῳ.
598 3879 860 3952 Σύστημα
892 3879 984 3944 μὲν
1031 3877 1122 3934 οὖν
1177 3877 1237 3934 ἐκ
1285 3877 1667 3952 καταλήψεων,
1696 3878 1968 3934 τουτέστιν

325 3969 602 4048 ἄθροισμα
657 3969 708 4040 ἐξ
767 3968 1113 4046 ἐφευρέσεων,
1158 3964 1390 4043 εἴρηται,
1447 3968 1586 4041 πρὸς
1633 3964 1972 4022 ἀντιδιαστο-

329 4059 439 4130 λήν
512 4059 613 4129 τῆς
685 4058 874 4134 πείρας
957 4056 1307 4133 ὑπαρχούσης
1387 4056 1642 4132 γνώσεως
1720 4063 1972 4133 μερικῆς,

329 4148 843 4226 ἐγγεγτμνασμένων
931 4143 1031 4218 δὲ,
1113 4143 1239 4216 ἤτοι
1333 4143 1826 4219 δεδοκμασμένων,
1887 4143 1978 4201 διὰ

329 4241 434 4309 τὴν
496 4237 776 4313 ἐμπειρίαν
836 4233 1098 4310 ἀδόκιμον
1149 4233 1308 4290 οὖσαν
1359 4229 1580 4312 τριϐήν.
1611 4235 1682 4290 Τὸ
1739 4233 1816 4308 δὲ,
1839 4235 1976 4309 πρός

327 4350 384 4384 τι
408 4325 572 4390 τέλος
609 4323 909 4403 εὔχρηστον
953 4329 1060 4380 τῶν
1111 4323 1164 4379 ἐν
1197 4329 1276 4396 τῷ
1322 4323 1447 4399 βίῳ,
1469 4325 1840 4400 προστέθειται
1892 4322 1981 4380 διὰ

330 4420 430 4480 τὰς
506 4415 921 4492 ματαιοτεχνίας
991 4413 1080 4469 καὶ
1146 4413 1521 4488 κακοτεχνίας,
1578 4411 1773 4476 α’ίτινες
1857 4411 1982 4468 οὐδὲ

333 4508 524 4582 τέχναι
583 4505 737 4561 εἰσίν.
796 4505 858 4558 Ἡ
911 4503 1016 4580 γὰρ
1078 4501 1463 4577 ματαιοτεχνία
1519 4498 1641 4557 οὔτε
1717 4501 1979 4581 ὠφέλειαν

334 4595 463 4652 οὔτε
525 4589 738 4672 βλάϐην
794 4592 1026 4670 εἰσφέρει
1075 4596 1155 4664 τῷ
1206 4590 1330 4668 βίῳ,
1385 4591 1460 4653 ὡς
1518 4593 1553 4660 ἡ
1603 4587 1982 4667 νευροϐατικὴ,

2134 2535 2186 2590 4.
2221 2539 2395 2591 Porro
2427 2537 2796 2608 particularis
2844 2557 2977 2596 cum
3029 2543 3250 2600 ratione
3299 2545 3525 2612 notitia,
3558 2548 3703 2602 artis

2064 2623 2150 2678 vel
2181 2623 2432 2679 scientiae
2465 2630 2687 2697 partem
2719 2628 2895 2684 efficit
2926 2646 2939 2685 :
2992 2631 3134 2686 artis
3175 2633 3436 2706 quidem,
3467 2635 3515 2690 si
3563 2635 3702 2691 sub-

2056 2713 2284 2783 jectum
2339 2713 2416 2768 sit
2463 2715 2761 2788 mutabile,
2795 2719 3048 2775 scientiae
3091 2737 3243 2790 vero,
3277 2722 3324 2778 si
3374 2724 3704 2796 subjectum

2065 2801 2452 2858 immutabile.

2139 2891 2233 2946 an
2286 2892 2340 2946 5.
2392 2891 2744 2950 Universalis
2801 2913 2931 2954 vero
2985 2917 3119 2956 cum
3186 2903 3410 2959 ratione
3469 2903 3704 2974 notitia,

2069 2981 2376 3052 perfectam
2408 2986 2590 3037 artem
2622 2988 2724 3039 aut
2764 2987 3076 3058 perfectam
3123 2992 3429 3048 scientiam
3479 2993 3657 3049 efﬁcit
3687 3009 3700 3050 :

2071 3073 2256 3125 artem
2287 3070 2546 3142 quidem,
2579 3072 2870 3144 siquidem
2903 3077 3166 3150 subjecta
3193 3080 3369 3137 habet
3399 3081 3708 3138 mutationi

2073 3161 2130 3213 et
2175 3156 2499 3215 alterationi
2551 3162 2836 3233 obnoxia;
2887 3166 3192 3225 scientiam
3232 3187 3386 3240 vero,
3420 3172 3470 3227 si
3514 3176 3708 3228 muta-

1998 3288 2042 3356 Ο
2075 3245 2254 3303 tionis
2299 3253 2358 3305 et
2402 3249 2764 3309 alterationis
2818 3257 3191 3327 experientia.
3241 3260 3464 3334 Quippe
3510 3278 3606 3318 ars
3654 3266 3713 3318 et

2079 3336 2324 3394 scientia
2353 3340 2542 3411 quoad
2586 3342 2852 3414 subjecta
2880 3346 3174 3404 differunt.

2143 3427 2197 3482 6.
2233 3426 2419 3491 Quare
2466 3446 2562 3485 ars
2610 3432 2846 3503 quidem
2894 3440 2984 3491 est
3030 3437 3236 3495 notitia
3293 3440 3711 3497 universalium

2075 3531 2209 3571 cum
2241 3517 2462 3574 ratione
2491 3521 2822 3591 conjuncta,
2847 3522 3069 3582 habens
3098 3527 3362 3599 subjecta
3382 3529 3710 3586 mutabilia.

2145 3696 2201 3750 7.
2232 3695 2335 3752 Vel
2376 3714 2608 3754 rursum
2645 3717 2658 3755 :
2710 3717 2805 3757 ars
2851 3708 2940 3760 est
2981 3705 3317 3762 constitutio
3347 3723 3416 3764 ex
3443 3709 3716 3765 observa-

2081 3785 2339 3841 tionibus
2368 3793 2423 3842 et
2448 3789 2936 3861 praeceptionibus
2965 3795 3373 3854 exercitatione
3391 3797 3718 3870 deprehen-

2079 3874 2162 3930 sis
2207 3875 2278 3930 ad
2329 3875 2532 3932 utilem
2580 3877 2838 3950 aliquam
2877 3898 3073 3938 rerum
3113 3883 3505 3942 humanarum
3539 3886 3717 3944 finem

2080 3964 2511 4036 pertinentibus
2568 3967 2838 4026 conﬂata.
2893 3972 3238 4030 Constitutio
3297 3976 3538 4047 proinde
3597 3977 3721 4048 qui-

2081 4049 2215 4106 dem
2246 4067 2314 4106 ex
2338 4052 2840 4114 observationibus
2862 4064 2919 4115 et
2947 4062 3453 4136 praeceptionibus,
3478 4064 3588 4121 hoc
3609 4070 3720 4133 est,

2085 4139 2348 4196 collectio
2371 4158 2473 4198 seu
2499 4146 2798 4215 congeries
2818 4164 2888 4203 ex
2907 4149 3417 4209 adinventionibus
3439 4153 3594 4209 dicta
3611 4160 3720 4223 est,

2085 4233 2151 4285 ut
2181 4229 2252 4285 ab
2282 4231 2675 4302 experimento
2706 4238 3386 4311 contradistingueretur,
3411 4243 3563 4315 quod
3593 4261 3723 4316 par-

2086 4319 2352 4376 ticularis
2383 4322 2590 4378 notitia
2616 4328 2745 4394 est;
2784 4327 2886 4382 sed
2915 4330 3320 4387 exercitatione
3347 4331 3726 4405 deprehensis

2091 4409 2210 4466 sive
2238 4411 2516 4482 probatis,
2549 4419 2784 4486 propter
2813 4417 3251 4491 experientiam,
3274 4437 3400 4492 quae
3431 4421 3726 4494 probatio-

2094 4499 2185 4555 nis
2216 4517 2421 4572 expers
2452 4505 2540 4557 est
2569 4504 2900 4560 exercitatio
2933 4523 3034 4562 seu
3067 4525 3231 4564 usus.
3267 4509 3524 4582 Denique
3551 4509 3614 4563 τὸ
3656 4511 3729 4566 ad

2094 4588 2298 4645 utilem
2321 4588 2574 4662 aliquem
2607 4608 2798 4648 rerum
2824 4593 3217 4652 humanarum
3241 4598 3415 4654 finem
3447 4599 3734 4670 pertinen-

335 4686 426 4742 καὶ
459 4687 495 4754 ἡ
525 4665 947 4752 κοντοπαικτική
973 4704 984 4716 ·
1043 4683 1079 4752 ἡ
1131 4665 1299 4756 δέ-γε
1347 4680 1672 4755 κακοτεχνία
1699 4665 1860 4757 -πρὸς
1908 4685 1965 4752 τᾷ

2093 4678 2250 4734 tibus
2281 4679 2595 4752 (conﬂata),
2628 4682 2918 4753 adjectum
2963 4689 3052 4740 est
3098 4692 3333 4759 prepter
3363 4665 3549 4744 malas
3580 4693 3734 4744 artes

343 4771 514 4848 μηδὲν
544 4771 773 4851 ὠφελεῖν
818 4771 908 4826 καὶ
956 4769 1182 4847 βλάπτει
1231 4770 1322 4825 τὸν
1385 4769 1524 4844 βίον,
1557 4769 1632 4831 ὡς
1663 4771 1696 4838 ἡ
1727 4771 1981 4844 γοητική.

413 4871 485 4934 η’.
532 4864 709 4938 Τέχνη
767 4859 932 4916 πάλιν
992 4859 1130 4914 ἐστὶν
1189 4856 1296 4932 ἕξις
1356 4855 1466 4929 ὁδῷ
1517 4855 1804 4932 βαδίζουσα
1856 4862 1988 4932 μετά

341 4951 657 5032 φαντασίας.
708 4949 1028 5026 Πρόσκειται
1076 4948 1138 5003 τὸ
1201 4948 1334 5021 μετά
1403 4946 1692 5026 φαντασίας
1750 4943 1839 5001 διὰ
1887 4948 1984 5015 τήν

342 5043 533 5122 φύσιν
567 5039 671 5114 ἕξις
727 5037 830 5115 γάρ
882 5038 966 5101 τίς
1017 5037 1127 5093 ἐστι
1173 5037 1262 5092 καὶ
1288 5039 1323 5106 ἡ
1357 5037 1534 5114 φύσις,
1569 5036 1645 5097 ὡς
1683 5032 1884 5112 ἔχουσα
1927 5037 1990 5089 τὸ

344 5131 482 5186 εἶναι
516 5129 567 5184 ἐν
624 5130 704 5191 οἷς
758 5128 938 5183 ἐστιν’
992 5129 1106 5181 οἷον
1165 5125 1216 5181 ἐν
1269 5125 1415 5197 ζώῳ,
1447 5124 1498 5179 ἐν
1545 5129 1713 5203 φυτῷ,
1743 5123 1793 5178 ἐν
1852 5123 1990 5195 λίθῳ

342 5220 436 5276 καὶ
464 5225 580 5280 τοῖς
613 5218 832 5279 λοιποῖς
863 5239 875 5250 ο
933 5213 1135 5292 βαδίζει
1169 5213 1226 5270 δὲ
1250 5215 1339 5269 καὶ
1389 5211 1518 5286 ὁδῷ,
1567 5213 1810 5268 τουτέστι
1859 5214 1993 5267 κατὰ

341 5309 490 5382 τάξιν
570 5307 923 5383 προέρχεται,
979 5305 1068 5360 καὶ
1139 5303 1314 5358 πάντα
1384 5304 1519 5357 κατὰ
1593 5299 1754 5378 λόγον
1824 5306 1990 5372 ποιεῖ,

342 5397 473 5455 ἀλλ’
507 5397 570 5452 ού
632 5397 766 5470 μετὰ
822 5394 1134 5472 φαντασίας,
1182 5391 1362 5468 ὥσπερ
1419 5393 1454 5461 ἡ
1501 5390 1693 5466 τέχνη.
1729 5388 1864 5445 Οὐδὲ
1891 5391 1992 5467 γὰρ

342 5485 713 5566 προδιατυποῖ
778 5483 828 5539 ἐν
911 5484 1073 5558 ἑαυτῇ
1146 5483 1176 5537 ’ὁ
1250 5480 1503 5557 βούλεται
1583 5481 1992 5536 κατασκευάσαι.

344 5577 584 5653 Ἀλογος
649 5574 751 5650 γάρ
829 5573 991 5630 ἐστιν.
1051 5569 1190 5627 Δλλ’
1245 5572 1272 5625 ὁ
1327 5570 1578 5646 τεχνίτης
1654 5569 1997 5645 κεχρημένος

341 5670 425 5740 τῷ
457 5665 636 5740 λόγῳ,
669 5664 828 5733 ἡνίκα
864 5684 916 5718 τι
953 5661 1206 5738 βούλεται
1239 5667 1487 5730 ποιῆσαι,
1519 5658 1780 5736 πρότερον
1816 5656 1996 5713 διατυ-

348 5762 448 5817 ποῖ
492 5757 555 5812 τὸ
604 5757 848 5810 τοιοῦτον
895 5751 948 5808 ἐν
995 5753 1188 5826 ἑαυτῷ,
1218 5749 1308 5807 καὶ
1365 5749 1461 5816 εἶθ’
1493 5747 1666 5813 οὕτως
1723 5747 1997 5808 ἀποτελεί.

2095 4771 2152 4822 et
2188 4784 2368 4822 vanas
2413 4773 2584 4834 artes,
2619 4786 2744 4841 quae
2795 4789 2866 4826 ne
2916 4773 3152 4844 quidem
3184 4781 3337 4831 artes
3369 4777 3738 4849 (simpliciter

2097 4856 2178 4910 ita
2207 4856 2394 4927 dictae)
2425 4862 2585 4912 sunt.
2616 4859 2760 4914 Nam
2793 4861 2893 4917 θαι
2925 4879 3070 4917 vana
3101 4881 3196 4919 ars
3239 4881 3344 4920 nec
3375 4865 3738 4921 emolumen-

2098 4949 2246 5015 tum,
2272 4961 2376 5000 nec
2408 4946 2826 5004 detrimentum
2854 4951 3015 5006 affert
3040 4953 3190 5020 vitae,
3214 4958 3279 5008 ut
3309 4954 3741 5010 funambulato-

2099 5033 2184 5090 ria
2215 5039 2269 5088 et
2298 5035 2708 5092 contolusoria.
2748 5044 2816 5093 At
2851 5039 3005 5095 mala
3034 5059 3130 5098 ars
3160 5048 3547 5115 praeterquam
3579 5045 3735 5116 quod

2101 5123 2246 5178 nihil
2279 5126 2630 5194 commodat,
2655 5126 2820 5182 obest
2847 5129 3022 5184 etiam
3053 5131 3205 5198 vitaz,
3239 5137 3302 5186 ut
3331 5133 3738 5190 incantatoria.

2171 5213 2226 5266 8.
2263 5213 2486 5269 Rursus
2519 5231 2614 5270 ars
2654 5220 2742 5270 est
2788 5216 3023 5272 habitus
3055 5221 3255 5291 (certa)
3284 5221 3377 5276 via
3424 5223 3746 5294 procedens

2103 5317 2236 5357 cum
2268 5301 2706 5376 imaginatione.
2738 5305 3041 5375 Adjectum
3075 5311 3164 5363 est
3190 5308 3252 5362 τὸ
3297 5326 3429 5365 cum
3463 5311 3746 5383 imagina-

2103 5392 2260 5448 tione
2291 5397 2526 5465 propter
2554 5400 2848 5451 naturam.
2867 5395 3013 5452 Nam
3043 5402 3098 5454 et
3127 5403 3358 5468 natura,
3382 5399 3621 5472 quidam
3651 5400 3751 5456 ha-

2105 5481 2268 5537 bitus
2297 5486 2403 5550 est,
2427 5486 2489 5538 ut
2522 5499 2650 5554 quae
2682 5483 2893 5540 habeat
2921 5485 3041 5541 sive
3072 5487 3360 5544 contineat
3391 5505 3522 5546 esse
3551 5505 3748 5545 rerum

2106 5571 2165 5624 in
2189 5571 2404 5642 quibus
2435 5576 2558 5627 est:
2599 5577 2660 5626 ut
2689 5573 2742 5627 in
2769 5575 3033 5644 animali,
3057 5576 3113 5631 in
3147 5577 3366 5649 planta,
3390 5579 3450 5633 in
3484 5579 3675 5651 lapide
3696 5584 3752 5634 et

2109 5663 2352 5717 caeteris.
2386 5662 2652 5718 Procedit
2680 5669 2872 5719 autem
2915 5667 3087 5722 etiam
3137 5673 3296 5723 certa
3340 5668 3454 5738 via,
3487 5669 3594 5723 hoc
3643 5673 3750 5738 est,

2109 5749 2312 5806 ordine
2343 5751 2732 5824 progreditur,
2765 5758 2822 5809 et
2867 5755 3066 5811 omnia
3107 5756 3434 5814 secundum
3463 5756 3752 5818 rationem
