4096 6420
452 423 565 481 711

1702 414 2122 477 NICEPHORI
2164 413 2599 479 BLEMMIDE

3728 423 3846 483 7‘12

450 554 608 622 facit,
663 552 765 607 sed
821 566 936 606 non
993 554 1190 604 tamen
1235 565 1369 604 cum
1417 547 1834 620 imaginatione
1882 545 2381 618 quemadmodum
2433 563 2549 602 ars.
2602 546 2802 620 Neque
2851 548 3010 605 enim
3059 549 3223 621 prius
3269 551 3470 607 animo
3527 552 3587 608 in
3644 553 3845 626 seipsa

447 641 699 713 concipit
743 640 892 712 quod
941 637 1066 693 vult
1117 643 1470 700 construere,
1527 636 1743 709 quippe
1790 635 2034 692 rationis
2080 651 2286 708 expers
2336 639 2460 700 est;
2511 636 2613 693 sed
2660 637 2867 694 artifex
2910 638 3011 709 qui
3071 639 3292 696 ratione
3351 641 3556 711 utitur,
3607 643 3845 716 quando

450 729 670 803 aliquid
717 727 944 784 efﬁcere
988 725 1133 793 vult,
1186 726 1347 798 prius
1396 727 1453 782 id
1503 727 1657 798 apud
1714 726 1973 797 seipsum
2024 725 2221 780 animo
2270 724 2544 797 concipit,
2594 730 2651 782 et
2698 726 2782 783 sic
2829 727 3039 783 deinde
3089 728 3335 800 perﬁcit.

517 821 572 875 9.
603 823 733 875 Jam
764 833 895 873 vero
917 816 1164 873 scientia
1183 820 1274 872 est
1302 814 1631 872 infallibilis
1660 821 1719 872 et
1750 815 2080 871 immutabi-

2273 813 2336 865 θ’.
2367 813 2674 886 Ἐπιστήμη
2727 811 2786 868 δέ
2838 813 2977 869 ἐστιν
3009 816 3043 883 ἡ
3092 819 3202 869 τῶν
3258 813 3495 871 καθόλου
3551 815 3851 882 ἄπταιστος

446 909 522 966 lis
552 905 966 964 universalium
998 904 1223 960 notitia.
1258 904 1336 959 Ea
1371 904 1527 960 enim
1568 921 1695 976 quae
1726 919 2088 976 cognoscun-

449 1002 546 1053 tur
573 993 959 1053 infallibiliter
986 992 1304 1065 cognoscit,
1338 996 1644 1065 propterea
1673 991 1829 1062 quod
1879 995 2089 1046 natura

445 1102 648 1144 eorum
675 1083 866 1140 ﬂuxus
886 1087 943 1138 et
963 1080 1328 1138 alterationis
1349 1097 1553 1153 expers
1582 1084 1691 1136 est.
1713 1079 1909 1151 Neque
1927 1077 2086 1136 enim

444 1172 888 1248 particularium
927 1174 1518 1241 temperamentorum
1563 1169 1944 1241 proprietates
1989 1184 2085 1222 ex-

445 1262 648 1335 quirit,
679 1265 745 1316 ut
790 1258 1100 1325 medicina,
1133 1258 1234 1314 sed
1274 1258 1345 1314 de
1377 1256 1687 1314 universali
1718 1257 1819 1313 88
1851 1255 2089 1311 homine

446 1357 503 1408 et
539 1351 610 1407 de
654 1348 971 1406 universali
1014 1363 1165 1420 equo
1207 1351 1265 1403 et
1309 1346 1605 1403 similibus
1634 1363 1762 1419 qua:
1791 1344 1994 1400 eodem
2025 1360 2088 1400 se

445 1454 677 1513 semper
724 1438 897 1495 modo
946 1436 1186 1504 habent,
1237 1436 1541 1507 disceptet.
1591 1437 1699 1491 Ars
1744 1450 1879 1490 vero
1936 1435 2089 1489 circa

446 1530 602 1585 ﬂuxa
626 1532 684 1584 et
712 1544 828 1583 non
858 1525 1060 1583 eodem
1093 1524 1266 1581 modo
1295 1540 1528 1597 semper
1567 1540 1630 1579 se
1659 1521 1936 1579 habentia
1961 1538 2088 1577 ver-

444 1622 627 1677 satur.
660 1618 798 1682 Quae
826 1614 985 1671 enim
1014 1613 1150 1670 huic
1180 1613 1445 1684 subjecta
1472 1617 1614 1669 sunt
1642 1616 1797 1668 ﬂuxa
1843 1616 1902 1666 et
1948 1609 2087 1667 alte-

443 1704 654 1763 rationi
702 1703 953 1761 obnoxia
998 1706 1183 1758 sunt:
1236 1701 1736 1774 quemadmodum
1784 1698 2085 1756 medicine

442 1795 705 1851 humana
750 1808 1010 1862 corpora.
1066 1790 1234 1846 Unde
1279 1790 1454 1846 etiam
1514 1789 1726 1846 medici
1783 1793 1893 1856 est,
1950 1804 2085 1842 cum

444 1882 616 1939 alicui
647 1880 1054 1954 purgationem
1086 1883 1415 1952 opportuno
1456 1877 1618 1933 dedit
1665 1883 1947 1949 tempore,
1980 1895 2086 1934 su-

443 1973 566 2029 bito
596 1975 793 2027 autem
823 1974 952 2026 tum
982 1967 1220 2024 habitus
1249 1967 1508 2038 corporis
1539 1971 1800 2023 mutatus
1845 1971 1903 2022 et
1947 1966 2087 2023 hinc

444 2062 775 2133 subjectum
806 2059 1116 2116 alteratum
1149 2062 1260 2123 est,
1291 2057 1448 2128 quod
1492 2056 1934 2121 detrimentum,
1968 2071 2082 2110 non

2196 904 2393 975 γνῶσις
2452 900 2541 955 καὶ
2618 901 3032 973 ἀμετακίνητος.
3094 901 3427 966 Ἀπταίστως
3677 907 3846 981 γινώ-

2197 1009 2310 1044 σκει
2339 991 2407 1045 τὰ
2437 990 2835 1064 γινωσκόμενα,
2867 987 2958 1046 διὰ
2982 992 3047 1046 τὸ
3090 991 3265 1047 αὐτῶν
3312 990 3602 1069 ἄρῥευστόν
3646 1014 3709 1051 τε
3750 995 3848 1051 καὶ

2197 1075 2594 1136 ἀναλλοίωτον.
2626 1076 2761 1133 Οὐδὲ
2788 1079 2890 1156 γὰρ
2922 1078 3148 1149 ἰξιτάζει
3176 1084 3282 1136 τῶν
3333 1080 3421 1137 ἰπὶ
3468 1082 3670 1158 μὲρους
3713 1084 3845 1159 κρά-

2197 1186 2331 1221 σεων
2363 1166 2459 1228 τὰς
2504 1163 2778 1237 ἰδιότητας
2827 1166 3009 1242 ὥσπερ
3038 1171 3073 1237 ὴ
3108 1168 3346 1245 ἰατρικὴ,
3378 1168 3524 1225 ἀλλὰ
3574 1170 3699 1248 περί
3747 1177 3844 1227 τοῦ

2195 1254 2432 1311 καθόλου
2496 1255 2783 1331 ἀνθρώπου
2856 1252 3214 1330 διαλαμϐάνει
3281 1260 3371 1314 καὶ
3432 1263 3532 1314 τοῦ
3603 1260 3844 1324 καθόλου

2190 1340 2367 1398 ’ίππυυ
2422 1343 2512 1399 καὶ
2554 1349 2663 1399 τῶν
2713 1345 2945 1419 ὁμοίων,
2977 1346 3130 1402 ἅτινα
3176 1346 3261 1401 ἀεὶ
3293 1346 3554 1410 ὡσαύτως
3585 1344 3842 1425 ἔχουσιν·

2196 1435 2231 1503 ἡ
2262 1431 2325 1488 δὲ
2374 1432 2540 1509 τέχνη
2590 1435 2715 1511 περὶ
2760 1435 2827 1489 τὰ
2874 1434 3088 1512 ῥευστὰ,
3120 1434 3209 1491 καὶ
3254 1436 3324 1490 τὰ
3363 1436 3442 1508 μὴ
3469 1436 3552 1491 ἀεὶ
3582 1436 3845 1500 ὡσαύτως

2197 1517 2397 1596 ἔχοντα
2473 1523 2830 1599 καταγίνεται.
2912 1525 2988 1578 Τὰ
3061 1524 3166 1600 γὰρ
3258 1524 3589 1597 ὑποκείμενα
3680 1526 3850 1600 ταύτῃ

2197 1609 2390 1685 ῥευστά
2444 1610 2546 1665 εἱσι
2604 1612 2694 1667 καὶ
2769 1609 3083 1667 ἀλλοιωτά-
3143 1612 3323 1677 καθὼς
3374 1616 3444 1687 τῇ
3506 1612 3721 1689 ἰατρικῇ
3780 1615 3851 1671 τὰ

2195 1699 2506 1775 ἀνθρώπεια
2568 1701 2817 1775 σώματα.
2866 1703 3021 1765 Ὅθεν
3079 1701 3171 1758 καὶ
3246 1705 3344 1758 τοῦ
3421 1701 3607 1778 ἰατροῦ
3678 1703 3846 1775 ἔστιν,

2196 1785 2285 1843 ὅτε
2341 1783 2528 1851 δόντος
2574 1790 2682 1845 τινὶ
2725 1790 3014 1863 καθάρσιον
3066 1787 3119 1845 ἑν
3176 1794 3353 1864 καιρῷ
3411 1786 3611 1859 δὲοντι,
3640 1788 3845 1869 αἴφνης

2195 1873 2254 1930 δὲ
2298 1877 2595 1952 τραπέντος
2648 1881 2944 1948 τηνικαῦτα
2995 1882 3091 1934 τοῦ
3145 1880 3585 1951 καταστήματος,
3618 1879 3845 1936 κάντεῦ-

2195 1966 2281 2019 θεν
2339 1963 2740 2028 ἀλλοιωθέντος
2794 1970 2891 2020 τοῦ
2944 1966 3325 2040 ὑποκειμένου,
3361 1962 3543 2043 βλάϐη
3593 1970 3686 2024 καὶ
3743 1969 3849 2024 οὐκ

2195 2052 2432 2131 ὠφέλεια
2486 2059 2565 2126 τῷ
2608 2055 2882 2129 καθαρσίῳ
2930 2054 3362 2129 ἐπηκολούθησε,
3408 2056 3501 2113 καὶ
3550 2059 3773 2134 γέγονεν
3808 2061 3848 2129 ἡ

444 2150 906 2207 emolumentum
993 2147 1398 2220 purgationem
1485 2146 1562 2200 sit
1646 2148 1951 2214 secutum,
2027 2147 2080 2200 et

593 2238 627 2252 ..
714 2238 726 2250 .
797 2238 819 2252 ..
924 2242 933 2252 .
1016 2236 1051 2252 ..
1309 2251 1318 2252 ,
1886 2232 2080 2252 μμ--

2200 2142 2467 2218 Ξιποτυχία
2491 2149 2591 2211 τῆς
2627 2144 2816 2205 ἰάσεως
2846 2142 2910 2199 οὗ
2940 2144 3087 2220 παρὰ
3113 2144 3207 2200 τὸν
3242 2143 3404 2220 λόγον
3451 2153 3555 2216 τῆς
3610 2146 3847 2223 τέχνης,

2204 2230 2288 2252 οη
2315 2232 2328 2247 .
2489 2233 2502 2248 .
2578 2232 2592 2252 κ
2801 2233 2815 2251 .
2954 2237 2981 2248 -
3050 2234 3064 2252 .
3291 2233 3303 2252 ι
3534 2235 3550 2252 ς
3615 2234 3701 2252 ,η

441 2238 763 2297 sanationis
793 2236 1091 2292 frustratio
1136 2252 1250 2291 non
1298 2251 1368 2290 ex
1418 2234 1559 2289 artis
1607 2233 1850 2299 ratione,
1882 2232 1983 2288 sed
2014 2247 2080 2287 ex

2200 2230 2338 2286 ἀλλὰ
2366 2233 2510 2309 παρὰ
2538 2232 2601 2287 τὸ
2628 2233 2853 2305 τρεπτὸν
2885 2237 2986 2288 τοῦ
3045 2233 3404 2308 ὑποκειμένου
3460 2235 3552 2291 καὶ
3603 2234 3855 2292 ἀλλοιω-

439 2327 707 2385 mutabili
757 2331 816 2384 et
860 2324 1148 2382 alterabili
1198 2323 1444 2394 subjecti
1496 2326 1707 2378 natura
1753 2320 2078 2392 contigerit.

440 2418 571 2473 Haec
619 2420 814 2472 autem
863 2414 1264 2485 subjectorum
1296 2409 1652 2468 instabilitas
1694 2411 1751 2465 in
1802 2409 2080 2465 omnibus

439 2507 618 2563 etiam
652 2505 876 2562 artibus
910 2502 1332 2559 consideratur.

512 2596 596 2651 10.
629 2593 794 2650 Unde
841 2592 1017 2649 etiam
1066 2588 1366 2662 ἐπιστήμη,
1419 2606 1547 2662 qua
1594 2589 1861 2660 subjecta
1907 2587 2081 2644 habet

435 2682 693 2754 stabilia,
739 2682 826 2739 sic
873 2679 1176 2737 nominata
1225 2685 1315 2735 est
1361 2678 1572 2735 Graacis
1621 2677 1778 2749 quod
1831 2694 1935 2733 nos
1988 2673 2077 2729 ἐπὶ

434 2772 635 2844 στάσιν,
666 2771 774 2827 hoc
805 2770 993 2827 estad
1035 2774 1253 2826 statum
1294 2768 1581 2835 deducat;
1632 2768 1772 2822 dum
1821 2767 1894 2822 ab
1943 2766 2075 2822 infi-

434 2862 652 2918 nitione
715 2864 773 2918 et
838 2857 1229 2916 mutabilitate
1295 2856 1740 2929 particularium
1816 2855 2073 2912 abducit.

434 2953 657 3023 Quippe
687 2947 987 3021 ἐπιστήμη,
1019 2948 1127 3004 hoc
1173 2951 1264 3002 est
1289 2946 1559 3009 scientia,
1591 2945 1745 3000 circa
1776 2944 2074 3000 universa-

429 3040 509 3096 lia
537 3045 595 3096 et
624 3055 867 3096 casuum
899 3037 1199 3094 varietatis
1230 3036 1490 3108 expertia
1515 3038 1799 3089 versatur.

504 3131 589 3184 11.
623 3132 903 3184 Caeterum
951 3130 1009 3182 et
1053 3125 1161 3182 hoc
1208 3123 1677 3197 cognoscendum
1726 3126 1837 3188 est,
1869 3125 2072 3192 poten-

429 3218 644 3274 tiarum
676 3218 888 3273 animae
916 3214 1061 3271 alias
1094 3214 1333 3286 quidem
1364 3228 1495 3269 esse
1522 3209 1893 3282 vegetativas,
1928 3208 2074 3265 alias

429 3322 562 3362 vero
609 3304 814 3361 vitales
862 3307 922 3360 et
968 3302 1334 3376 appetitivas,
1366 3300 1512 3357 alias
1564 3299 1815 3370 denique
1861 3313 2072 3370 cogno-

428 3398 677 3451 scentes.

501 3484 605 3539 84
635 3484 722 3539 12.
757 3482 825 3537 Et
854 3480 1092 3553 quidem
1123 3479 1455 3552 vegetative
1486 3483 1647 3544 sunt,
1680 3482 1738 3533 et
1780 3476 1978 3532 nutrix
2015 3479 2073 3531 et

2187 2319 2303 2375 τόν,
2332 2325 2502 2375 Τοῦτο
2544 2318 2604 2376 δὲ
2648 2322 2711 2376 τὸ
2757 2322 2983 2376 ἄστατον
3025 2326 3134 2377 τῶν
3190 2323 3565 2397 ὑποκειμένων
3610 2324 3700 2380 καὶ
3750 2324 3850 2381 ἐπὶ

2188 2413 2373 2463 πασῶν
2405 2411 2684 2485 θεωρεῖται
2712 2414 2945 2486 τεχνῶν.

2262 2588 2312 2642 ι’.
2343 2588 2497 2642 Ὅθεν
2554 2589 2589 2656 ἡ
2644 2588 2712 2643 τὰ
2768 2586 3093 2661 ὑποκείμενα
3157 2585 3360 2665 ἔχουσα
3422 2590 3662 2663 στάσιμα
3716 2589 3843 2646 ἑπι-

2187 2677 2369 2749 στήμη
2430 2675 2763 2750 ὠνόμασται,
2797 2673 2887 2732 διὰ
2939 2678 3002 2732 τὸ
3053 2676 3142 2733 ἐπὶ
3188 2680 3373 2734 στάσιν
3420 2678 3511 2734 καὶ
3550 2678 3683 2756 ὅρον
3729 2685 3845 2736 τῶν

2187 2764 2519 2840 πραγμάτων
2580 2761 2725 2841 ἄγειν
2784 2767 2955 2838 ἡμᾶς,
3010 2773 3111 2836 τῆς
3168 2766 3447 2843 ἀοριστίας
3505 2769 3597 2824 καὶ
3680 2790 3848 2841 μετα-

2186 2847 2364 2923 ϐολῆς
2391 2857 2499 2908 τῶν
2548 2851 2636 2908 ἐπὶ
2690 2852 2892 2929 μέρους
2941 2853 3244 2931 ἀπάγουσα.
3278 2856 3341 2911 Ἡ
3396 2857 3501 2934 γὰρ
3559 2856 3843 2933 ἐπιστήμη

2184 2940 2307 3017 περὶ
2336 2941 2403 2996 τὰ
2427 2939 2667 3005 καθόλου
2695 2942 2784 2997 καὶ
2817 2943 3178 3015 ἀμετάπτωτα
3204 2944 3563 3020 καταγίνεται.

2259 3126 2340 3173 ια’.
2372 3125 2462 3175 Δεῖ
2500 3118 2558 3175 δὲ
2606 3121 2696 3175 καὶ
2742 3125 2903 3177 τοᾱο
2954 3122 3362 3198 γινώςκειν,ὅτι
3409 3128 3519 3180 τῶν
3576 3127 3836 3201 ψυχικῶν

2184 3205 2462 3281 δυνάμεων
2495 3208 2550 3263 αἱ
2591 3210 2684 3283 μὲν
2717 3209 2816 3264 εἰσι
2851 3212 3067 3288 φυτικαὶ
3111 3213 3167 3266 αἱ
3198 3209 3256 3267 δὲ
3308 3213 3528 3282 ζωτικαὶ
3575 3212 3664 3267 καὶ
3715 3213 3843 3289 ὀρε-

2182 3297 2386 3369 κτικαὶ,
2413 3298 2468 3352 αἱ
2499 3295 2557 3353 δὲ
2588 3298 2904 3373 γνωστικαί.

2258 3477 2346 3552 ιβ’.
2378 3475 2477 3530 Καὶ
2526 3478 2744 3555 φυτικαὶ
2782 3476 2889 3551 μὲν
2932 3477 3064 3534 εἰσιν
3096 3475 3133 3547 ἦ
3180 3499 3241 3534 τε
3286 3480 3551 3554 θρεπτική
3600 3479 3692 3535 καὶ
3738 3480 3844 3536 αὖ·

430 3572 660 3629 auctrix
686 3576 744 3627 et
772 3551 1124 3643 generatrix,
1155 3551 1361 3624 vitales
1391 3571 1607 3633 autem,
1640 3571 1698 3621 et
1726 3564 2073 3638 appetitivaa,

2200 3570 2379 3637 Ξητικη
2455 3551 2549 3620 καί
2622 3567 2935 3642 γεννητική,
2994 3566 3221 3636 ζωτικαὶ
3408 3568 3499 3627 καὶ
3561 3568 3845 3645 ὀρικτικαὶ

431 3661 702 3716 voluntas
751 3665 809 3716 et
854 3658 1084 3724 electio,
1115 3657 1204 3713 ira
1244 3673 1347 3712 seu
1389 3656 1678 3712 irascendi
1709 3654 1987 3727 potentia,
2020 3658 2078 3710 et

431 3748 746 3822 cupiditas,
778 3763 881 3804 seu
929 3746 1203 3820 cupiendi
1236 3744 1504 3801 facultas.

501 3839 588 3895 13.
640 3838 709 3895 Et
769 3834 1040 3892 voluntas
1105 3834 1344 3906 quidem
1410 3838 1530 3902 est,
1598 3832 1903 3888 rationalis
1970 3848 2075 3904 po-

433 3928 620 3984 tentia
674 3926 709 3979 :‘
738 3923 979 3980 rationis
1031 3928 1225 3980 autem
1275 3927 1537 3994 expertes
1589 3922 1856 3995 potentias
1913 3925 2071 3990 sunt,

431 4014 725 4090 cupiditas
770 4017 828 4069 et
872 4012 978 4069 ira.
1012 4011 1225 4069 Electio
1274 4011 1523 4084 denique
1568 4011 1834 4081 utrisque
1887 4008 2074 4065 ambi-

433 4106 537 4178 git,
605 4101 727 4161 sive
790 4118 924 4158 cum
993 4100 1257 4172 utrisque
1318 4099 1732 4155 communicat.
1791 4097 2073 4154 Voluntas

432 4194 589 4250 enim
616 4191 855 4265 quidem
876 4189 1082 4246 animas
1107 4187 1410 4245 rationalis
1436 4192 1525 4243 est
1546 4187 1757 4259 ipsius,
1783 4190 2074 4258 quatenus

431 4300 534 4356 per
582 4297 645 4338 se
693 4279 1098 4340 consideratur
1142 4283 1199 4334 et
1243 4278 1315 4333 ad
1366 4276 1556 4332 solum
1606 4277 1823 4331 bonum
1878 4279 2072 4331 exten-

432 4373 635 4428 ditur:
687 4368 890 4426 electio
949 4372 1144 4424 autem
1202 4366 1391 4439 ipsius
1440 4369 1549 4435 est,
1601 4369 1888 4436 quatenus
1938 4381 2074 4420 cum

432 4458 755 4517 irrationali
787 4462 999 4514 natura
1037 4455 1311 4528 c0pulata
1358 4458 1488 4521 est;
1539 4457 1597 4509 et
1643 4452 1788 4509 alias
1835 4453 2074 4525 quidem

2189 3652 2454 3729 βούλησις
2484 3653 2575 3708 καὶ
2594 3654 2932 3730 προαίρεσις,
2967 3655 3141 3729 θυμὸς
3169 3656 3259 3711 καὶ
3291 3650 3574 3730 ἐπιθυμία.

2259 3838 2341 3907 ιγ’.
2374 3830 2472 3885 Καὶ
2503 3834 2537 3901 ἡ
2571 3832 2665 3905 μὶν
2703 3829 2968 3908 βούλησις
2998 3830 3229 3907 δύναμίς
3251 3834 3361 3890 ἐστι
3385 3833 3580 3912 λογική
3600 3858 3613 3870 '
3643 3833 3843 3914 ἄλογοι

2185 3916 2243 3974 δὲ
2301 3917 2618 3994 δυνάμειςή
2650 3920 2913 3994 ἐπιθυμία
2968 3922 3058 3977 καὶ
3108 3923 3137 3977 ὁ
3190 3923 3384 3996 θυμός.
3418 3925 3480 3981 Ἦ
3534 3921 3599 3981 δὶ
3644 3927 3847 4002 προαί-

2185 4030 2327 4085 ρεσις
2389 4008 2831 4087 ἐπαμφοτερίζει.
2889 4012 2950 4067 Ἡ
3024 4011 3119 4084 μὶν
3186 4013 3287 4089 γὰρ
3350 4010 3618 4088 βούλησις
3667 4014 3843 4086 αὐτῆς

2181 4100 2300 4163 καθ’
2332 4099 2497 4169 αὑτήν
2526 4099 2636 4155 ἐστι
2667 4106 2767 4169 τῆς
2818 4097 3051 4175 λογικῆς
3093 4104 3305 4177 ψυχῆς,
3334 4101 3424 4158 καὶ
3474 4102 3616 4178 πρὸς
3672 4104 3845 4177 μόνον

2180 4188 2244 4242 τὸ
2271 4186 2466 4263 ἆγαθὸν
2507 4187 2884 4245 ἀποτείνεται·
2933 4192 2969 4259 ἡ
3015 4185 3073 4244 δὲ
3122 4190 3436 4266 προαίρεσις
3480 4198 3585 4261 τῆς
3627 4213 3842 4267 συμπε,

2182 4275 2499 4351 πλεγμένης
2542 4276 2651 4332 ἐστὶ
2698 4281 2766 4350 τῇ
2819 4276 3022 4353 ἀλόγῳ.
3074 4279 3183 4335 Καὶ
3225 4281 3360 4337 ποτε
3409 4281 3504 4354 μὲν
3554 4282 3694 4357 πρὸς
3738 4287 3843 4342 τοῦ

2184 4364 2356 4439 λόγου
2386 4364 2614 4440 γίνεται,
2645 4367 2779 4421 ποτε
2808 4362 2868 4421 δὲ
2894 4366 3032 4441 πρὸς
3081 4373 3184 4437 τῆς
3237 4367 3489 4444 ἀλογίας,
3519 4370 3613 4426 καὶ
3667 4372 3843 4448 αἱρεῖ-

2182 4474 2271 4509 ται
2299 4451 2426 4508 τόδε
2455 4454 2561 4529 πρὸ
2589 4452 2767 4526 τοῦδε,
2801 4452 2885 4509 διὸ
2914 4454 3004 4510 καὶ
3033 4456 3350 4532 προαίρεσις
3382 4456 3619 4535 λέγεται.

429 4551 499 4607 ad
532 4549 840 4619 rationem,
871 4545 1018 4603 alias
1049 4550 1244 4602 autem
1284 4544 1354 4600 ad
1395 4544 1631 4600 brutam
1680 4548 1950 4599 naturam
2001 4561 2065 4601 se
2110 4544 2380 4617 explicat,
2429 4549 2487 4599 et
2532 4544 2641 4601 hoc
2689 4562 2803 4618 prae
2852 4544 2952 4602 illo
3001 4545 3254 4619 αἱρεῖται,
3309 4548 3418 4605 hoc
3467 4554 3559 4607 est
3608 4550 3848 4624 ample-

426 4641 603 4696 ctitur
648 4655 746 4694 seu
797 4636 878 4709 (si
926 4636 1007 4691 ita
1055 4635 1248 4690 dicere
1298 4632 1497 4704 liceat)
1549 4630 1707 4705 legit,
1759 4638 2114 4705 quapropter
2159 4634 2337 4691 etiam
2383 4631 2697 4709 προαίρεσις
2746 4634 2857 4691 hoc
2904 4639 2994 4691 est
3039 4633 3243 4692 electio
3289 4637 3524 4694 dicitur.

503 4729 588 4784 14.
620 4729 1049 4799 Cognosccntes
1078 4722 1330 4795 denique
1367 4721 1575 4777 animm
1607 4725 1746 4775 sunt
1775 4722 2066 4792 potentiae,
2095 4726 2143 4790 D

2252 4718 2333 4777 ιδ’.
2366 4721 2663 4776 Γνωστικαὶ
2713 4718 2771 4776 δὲ
2816 4729 2915 4792 τῆς
2966 4725 3155 4798 ψυχῆς
3214 4720 3469 4799 δυνάμεις
3525 4726 3627 4782 εἰσὶ
3687 4732 3818 4790 νοῦς

430 4833 620 4884 mens,
664 4815 907 4880 dianaaa,
959 4812 1175 4885 opinio,
1224 4810 1564 4884 imaginatio
1613 4813 1669 4865 et
1718 4825 1967 4879 sensus;
2018 4817 2075 4867 et

2200 4810 2407 4881 Ξιάνοια,
2468 4807 2614 4881 δόξα,
2656 4812 2920 4889 φαντασία
3112 4791 3408 4883 αἴσθησις·
3464 4816 3555 4870 καὶ
3613 4791 3843 4893 λογικαί

431 4932 501 4972 ex
546 4914 640 4970 his
689 4912 927 4986 quidem
972 4909 1286 4967 rationales
1326 4913 1484 4976 sunt,
1517 4924 1685 4963 mens
1733 4912 1790 4963 et
1827 4907 2074 4978 dianma,

432 5002 677 5061 rationis
697 5006 889 5058 autem
917 5005 1183 5074 expertes
1205 5003 1362 5066 sunt,
1386 4997 1728 5070 imaginatio
1758 5000 1816 5053 et
1845 5013 2074 5053 sensus.

504 5137 591 5191 15.
651 5135 858 5208 Opinio
913 5134 1165 5207 denique
1224 5132 1427 5189 medias
1487 5136 1708 5188 natura:
1763 5135 1871 5187 est.
1929 5129 2076 5185 Nam

433 5240 490 5291 et
537 5250 670 5290 cum
722 5233 945 5289 ratione
1000 5237 1057 5287 et
1104 5233 1232 5288 sine
1279 5230 1502 5286 ratione
1544 5233 1653 5285 est.
1683 5231 1764 5285 Ac
1811 5229 1938 5285 sine
1980 5245 2078 5285 ra-

433 5325 590 5379 tione
612 5321 847 5394 quidem
872 5325 1105 5393 quando
1133 5338 1225 5376 ros
1254 5321 1379 5376 sine
1401 5336 1579 5375 causa
1599 5317 1906 5390 opinatur:
1940 5334 2075 5372 cum

438 5421 658 5477 ratione
687 5420 784 5476 85
818 5436 972 5484 vero,
1005 5419 1240 5490 quando
1287 5435 1354 5473 ex
1402 5434 1578 5472 causa
1625 5416 1821 5487 aliqua
1865 5416 2076 5471 rationi

439 5522 832 5573 consentanea
862 5517 931 5571 ad
964 5515 1320 5587 opinandum
1356 5513 1740 5586 provehatur:
1774 5512 1931 5568 velut
1959 5514 2079 5585 opi-

435 5613 611 5664 natur
630 5606 843 5678 aliquis
867 5605 1124 5661 animam
1150 5602 1489 5659 rationalem
1510 5618 1637 5658 esse
1657 5600 2075 5671 immortalem,

432 5704 599 5765 nulla
640 5705 713 5762 ad
762 5703 871 5762 hoc
915 5720 1095 5760 causa
1135 5701 1472 5758 adductus:
1525 5715 1596 5756 en
1645 5697 1769 5754 haec
1815 5702 1905 5755 est
1951 5699 2079 5755 sine

2191 4898 2283 4972 μὶν
2323 4898 2531 4953 τούτων
2561 4904 2687 4962 νοῦς
2712 4899 2800 4954 καὶ
2833 4896 3045 4956 διάνοια
3067 4920 3080 4933 ⁸
3115 4900 3314 4979 ἄλογοι
3342 4901 3401 4960 δὲ
3430 4906 3694 4980 φαντασία
3748 4908 3842 4962 καὶ

2188 4984 2343 5057 αἶ’σθη
2352 5008 2433 5049 σις
2443 5031 2457 5045 .

2260 5078 2337 5133 ιε’.
2370 5078 2432 5130 Ἡ
2491 5073 2549 5131 δὲ
2609 5072 2737 5147 δόξα
2796 5075 3232 5156 ἐπαμφοτερίζει.
3284 5078 3493 5137 Γίνεται
3569 5083 3676 5160 γὰρ
3746 5082 3842 5139 καὶ

2191 5165 2325 5239 μετά
2382 5163 2547 5240 λόγου
2603 5164 2692 5219 καὶ
2751 5162 2869 5219 ἄνευ
2925 5164 3112 5242 λόγου.
3148 5167 3246 5222 Καὶ
3306 5170 3427 5224 ἄνευ
3486 5167 3656 5247 λόγου
3719 5172 3839 5244 μὲν,

2185 5253 2310 5309 ὅταν
2349 5253 2526 5330 χωρὶς
2563 5252 2739 5316 αἰτίας
2790 5251 2986 5329 δοξάζῃ
3012 5256 3080 5310 τὰ
3111 5258 3403 5333 πράγματα
3428 5280 3441 5293 η
3497 5261 3635 5332 μετὰ
3663 5257 3844 5336 λόγου

2187 5340 2244 5397 δὲ
2273 5341 2397 5397 ὅταν
2434 5341 2485 5412 ἐξ
2516 5340 2693 5405 αἰτίας
2726 5341 2953 5419 εὐλόγου
2983 5344 3127 5406 τινὸς
3161 5344 3236 5407 είς
3283 5347 3346 5401 τὸ
3393 5344 3611 5418 δοξάσαι
3659 5346 3844 5424 προά-

2185 5451 2376 5508 γηται·
2440 5432 2551 5486 οἷον
2586 5428 2792 5501 δοξάζει
2822 5453 2907 5494 τις
2934 5433 3035 5501 τήν
3070 5432 3299 5509 λογικὴν
3331 5438 3518 5512 ψυχην
3577 5437 3844 5501 ἀθάνατον

2191 5521 2346 5589 εἶναι,
2383 5520 2459 5592 μὴ
2489 5515 2548 5574 ἔκ
2576 5540 2722 5581 τινος
2752 5519 2929 5582 αἰτίας
2959 5520 3036 5583 εἷς
3063 5526 3225 5578 τοῦτο
3258 5521 3454 5597 ἐλθὼν,
3487 5522 3608 5580 ἷδου
3639 5524 3848 5602 ἄλογος

2188 5612 2224 5680 ἡ
2259 5607 2403 5680 δόξα.
2439 5607 2653 5678 Δοξάζει
2684 5608 2850 5663 πάλιν
2883 5607 3055 5673 ἄλλος
3085 5612 3182 5681 τὴν
3226 5612 3393 5683 αὐτὴν
3439 5616 3625 5692 ψυχὴν
3679 5615 3850 5691 ὑπάρ-

2190 5718 2310 5776 χειν
2344 5698 2626 5771 ἀθάνατον,
2656 5695 2782 5753 ἀλλ’
2813 5697 2873 5753 ἐκ
2910 5703 3007 5754 τοῦ
3056 5700 3189 5756 εἶναι
3240 5701 3407 5775 αὐτὴν
3463 5702 3845 5783 αὐτοκίνητον,
