4096 6426
214 441 335 499 713
666 516 677 527 ἢ
1575 437 1921 498 EPITOME
1964 436 2272 497 LOGIGA.
3496 437 3615 494 714

211 568 405 623 ταυτὸν
462 565 507 621 δ’
553 568 743 638 εἰπεῖν,
790 567 1200 643 αὐτενέργητον’
1259 568 1321 622 τὸ
1389 564 1445 621 δὲ
1502 567 1828 637 αὐτοκίνητοι

1996 567 2187 623 atione
2216 567 2429 639 opinio.
2458 568 2681 621 Rursus
2710 565 2861 621 alius
2890 568 3162 639 opinatur
3189 567 3454 622 eamdem
3489 552 3612 622 ani-

214 655 542 725 ἀεικίνητον·
590 657 652 711 τὸ
704 653 762 710 δὲ
817 654 1118 725 ἀεικίνητον
1190 656 1470 720 ἀθάνατον·
1528 653 1644 711 ἰδοὺ
1725 676 1831 728 μετέ

1996 673 2124 710 nam
2156 672 2283 712 esse
2335 654 2747 719 immortalem,
2782 656 2882 710 sed
2915 655 3117 711 exinde
3166 656 3321 726 quod
3355 673 3389 711 a
3418 655 3613 727 seipsa

216 742 385 819 λόγου
430 741 574 817 δόξα,
622 742 744 813 ἥτις
793 743 904 798 ἐστὶ
953 744 1016 798 τὸ
1078 744 1442 820 συμπέρασμα
1488 748 1597 798 τῶν
1652 744 1828 820 προτά

1991 750 2289 811 moveatur,
2332 744 2450 800 sive
2498 745 2652 815 quod
2684 744 2839 798 idem
2871 748 2978 811 est,
3011 762 3045 799 a
3076 744 3272 816 seipsa
3318 749 3608 815 operetur.

219 854 377 888 σεων.
861 828 875 840 “
1970 832 2133 895 Quod
2189 838 2380 887 autem
2414 850 2448 887 a
2479 833 2672 905 seipso
2722 837 3004 899 movetur,
3047 849 3278 905 semper
3328 837 3608 888 movetur.

218 923 382 988 Quod
456 939 690 996 semper
764 927 1047 995 movetur,
1125 926 1214 979 est
1292 922 1635 980 immortale.
1711 923 1851 978 Ecce
1926 936 2060 976 cum
2136 923 2377 991 ratione,
2452 938 2578 993 qua
2651 921 3115 994 propositionum
3207 925 3296 977 est
3373 920 3614 977 conclu-

220 1028 330 1067 810.

295 1105 378 1161 ις’.
427 1093 690 1168 Αἴσθησις
757 1095 815 1152 δέ
876 1097 1014 1153 ἐστιν
1059 1101 1095 1168 ἡ
1150 1103 1248 1153 τοῦ
1322 1096 1585 1173 παρόντος
1666 1100 1863 1173 μερικὴ

2048 1097 2134 1151 16.
2169 1097 2389 1152 Sensus
2439 1101 2635 1152 autem
2666 1102 2755 1153 est
2784 1099 3087 1170 praesentis
3121 1099 3197 1154 rei
3247 1098 3454 1154 notitia
3482 1116 3613 1171 par-

218 1192 441 1263 γνῶσις.
485 1191 593 1241 Τοῦ
659 1186 924 1262 παρόντος
986 1188 1088 1263 γὰρ
1156 1182 1609 1259 ἀντιλαμϐάνεται
1689 1188 1724 1254 ἡ
1782 1185 1835 1239 αἶ

1997 1183 2257 1241 icularis.
2288 1189 2507 1242 Sensus
2536 1185 2690 1240 enim
2724 1186 2780 1240 id
2812 1187 2965 1258 quod
2997 1204 3251 1259 przesens
3281 1190 3370 1242 est
3408 1204 3614 1261 appre-

220 1277 433 1344 σθησις·
468 1276 581 1330 οἷον
734 1273 941 1350 ὅρασις,
972 1275 1018 1329 εἲ
1073 1277 1147 1349 μὴ
1191 1271 1377 1349 ὄψεταί
1418 1296 1494 1346 τι,
1528 1274 1589 1329 οὐ
1651 1272 1837 1328 δύνατα

1997 1274 2181 1329 lendit
2214 1291 2226 1330 :
2260 1274 2435 1329 veluti
2465 1275 2625 1330 visus
2656 1274 2768 1329 nisi
2796 1276 2988 1331 videat
3026 1276 3267 1347 aliquid,
3301 1292 3614 1349 cognosce-

217 1369 427 1439 γνῶναι
457 1363 606 1420 αὐτό.
642 1364 739 1419 Καὶ
770 1363 856 1419 ἐπὶ
885 1367 992 1419 τῶν
1021 1361 1207 1419 ἄλλων
1240 1363 1475 1437 ὁμοίως.

1999 1378 2037 1417 ’ϐ
2067 1362 2121 1417 id
2177 1380 2289 1419 non
2324 1368 2529 1435 potest.
2580 1364 2647 1417 Et
2675 1363 2928 1418 similem
2982 1365 3042 1419 in
3094 1365 3332 1420 modum
3381 1366 3438 1419 in
3486 1365 3616 1421 aliis

1976 1452 2249 1506 sensibus
2281 1469 2372 1508 res
2402 1469 2463 1507 se
2490 1452 2688 1507 habet.

300 1545 381 1610 ιζ’.
413 1540 686 1596 Φαντασία
732 1539 790 1596 δέ
827 1541 965 1597 ἐστιν
999 1545 1034 1612 ἡ
1066 1546 1160 1597 τοῦ
1202 1541 1433 1603 ἀπόντος
1484 1542 1679 1618 μερική
1728 1545 1868 1617 γνῶ-

2049 1541 2134 1594 17.
2168 1541 2509 1613 Imaginatio
2540 1546 2629 1597 est
2656 1541 2913 1597 absentis
2944 1541 3022 1597 rei
3056 1542 3260 1597 notitia
3291 1539 3617 1613 particula-

220 1650 329 1692 σις·
362 1628 437 1691 ὡς
467 1627 591 1684 ὅταν
622 1629 754 1704 χθὲς
796 1625 923 1683 ἰδὼν
966 1626 1245 1706 ἄνθρωπον
1295 1630 1535 1704 σήμερον
1586 1630 1837 1705 φαντασθί

1998 1627 2079 1697 'is,
2111 1632 2176 1683 ut
2204 1645 2338 1684 cum
2395 1629 2519 1684 heri
2549 1629 2921 1701 conspicatus
2950 1630 3248 1685 hominem
3279 1630 3450 1685 hodie
3482 1645 3615 1685 eum

217 1718 408 1787 αὐτὸν,
438 1714 606 1793 ἤγουν
640 1716 971 1789 ἀναπολήσω
999 1719 1089 1773 τὸν
1118 1723 1385 1773 τοιοῦτον.

1975 1716 2334 1789 imaginatus
2363 1717 2545 1785 fuero,
2576 1717 2685 1773 hoc
2714 1722 2822 1782 est,
2853 1718 3142 1788 ejusmodi
3172 1717 3481 1774 recoluero.

300 1806 392 1875 ιη’.
423 1809 562 1860 Νοῦν
617 1802 676 1859 δὲ
728 1805 1027 1875 παθητικὸν
1081 1805 1109 1859 6
1147 1802 1532 1879 Ἀριστοτέλης
1585 1805 1685 1872 τὴν
1739 1824 1866 1881 φαν-

2050 1805 2137 1860 18.
2175 1804 2511 1861 Aristoteles
2558 1810 2753 1861 autem
2802 1806 3301 1879 imaginationem,
3362 1809 3616 1861 mentem

216 1893 410 1949 τασίαν
458 1894 726 1967 ὠνόμασε·
777 1898 901 1949 νοῦν
963 1893 1081 1967 μὲν,
1131 1893 1205 1955 ὡς
1281 1890 1427 1947 ἔνδον
1473 1891 1524 1947 ἐν
1586 1893 1748 1966 ἑαυτῇ
1804 1912 1833 1945 τ

2002 1894 2293 1949 iatientem
2325 1894 2684 1951 nominavit:
2716 1899 2974 1951 mentem
3003 1895 3242 1967 quidem
3274 1896 3427 1967 quod
3460 1895 3619 1949 intus

220 1983 465 2059 γνωστὸν
506 1952 761 2059 ἔχδυσαν,
791 1983 879 2038 καὶ
916 1952 1085 2057 τάύτη
1134 1952 1485 2060 διαφέρουσαν
1532 1988 1632 2051 τῆς
1682 1952 1836 2051 αίσθή

2004 2000 2038 2036 n
2072 1982 2265 2054 seipse
2291 1982 2502 2038 habeat
2532 1983 2588 2037 id
2622 1985 2775 2055 quod
2810 1952 3082 2057 cognosci
3112 1952 3395 2056 potest,et
3422 1983 3616 2039 hacte-

220 2090 383 2135 σεως·
445 2071 529 2128 ὅτι
586 2073 721 2148 ἅπερ
780 2074 815 2141 ἡ
867 2068 1111 2140 αἶ’σθησις
1170 2069 1269 2141 ἔξω
1324 2070 1547 2144 κείμενα
1596 2070 1837 2145 γινώσκει

2006 2088 2094 2127 Ius
2123 2087 2362 2128 asensu
2411 2072 2657 2142 differat,
2713 2074 2867 2144 quod
2914 2090 2983 2129 ea
3030 2090 3157 2145 qua
3207 2089 3416 2129 sensus
3463 2076 3623 2128 extra

222 2157 461 2234 δεομένη
529 2159 744 2222 πάντως
811 2162 909 2229 τῆς
971 2158 1185 2214 ἐκείνων
1254 2158 1548 2236 παρουσίας
1619 2158 1755 2232 πρὸς
1809 2178 1838 2211 τ

2004 2160 2173 2215 iosita
2219 2160 2482 2233 cognocit
2510 2161 2812 2232 requirens
2842 2161 3079 2217 omnino
3119 2178 3320 2217 eorum
3371 2178 3621 2233 prasen-

222 2248 511 2325 ἐνεργῆσαι
578 2249 702 2325 περὶ
751 2248 906 2319 αὐτὰ,
952 2247 1159 2303 τούτων
1208 2249 1244 2317 ἡ
1295 2246 1551 2326 φαντασία
1606 2245 1734 2308 τοὺς
1785 2244 1839 2298 τί

2001 2250 2122 2303 ,ἱαω
2155 2250 2255 2304 36
2287 2254 2352 2304 ut
2379 2255 2649 2321 operetur
2675 2250 2826 2305 circa
2856 2250 3220 2322 ipsa,horum
3253 2251 3469 2306 formas
3500 2265 3618 2305 me-

219 2358 362 2399 πους
432 2334 521 2391 διὰ
581 2341 689 2391 τῶν
775 2336 1075 2405 αἰσθήσεων
1155 2334 1568 2409 ἀπομαξαμένη,
1631 2330 1747 2409 ἔχει
1818 2332 1836 2387 ἐ

2002 2337 2275 2393 liantibus
2317 2337 2589 2394 sensibus
2618 2339 2910 2394 abstersas
2941 2340 3004 2394 in
3032 2340 3226 2412 seipsa
3272 2340 3448 2394 habet
3475 2340 3619 2394 ima-

220 2426 393 2499 ὲαυτῇ
421 2425 512 2480 καὶ
543 2423 775 2480 δύναται
818 2419 1176 2500 προϐάλλειν,
1213 2425 1287 2498 μὴ
1344 2421 1574 2497 δεομένη
1623 2428 1728 2477 τῶν
1772 2420 1837 2495 ἔξι

2006 2426 2222 2495 ginatio,
2280 2430 2337 2480 et
2387 2443 2723 2499 promovere
2775 2432 2983 2498 potest,
3035 2433 3099 2483 ut
3152 2428 3224 2483 iis
3281 2445 3406 2499 quas
3464 2432 3623 2483 extra

219 2514 514 2588 κειμένων.
548 2514 643 2569 Διὸ
685 2514 781 2569 κάν
829 2518 941 2574 τοῖς
990 2512 1177 2575 ὕπνοις
1229 2514 1432 2590 ἐνεργεῖ
1474 2513 1536 2567 τὸ
1591 2532 1836 2589 φανταστι

2002 2514 2173 2568 )osita
2221 2518 2378 2581 sunt,
2412 2532 2528 2570 non
2577 2532 2725 2586 opus
2773 2515 3003 2573 habeat.
3036 2522 3397 2589 Quapropter
3445 2517 3619 2571 etiam

218 2604 346 2677 κὸν,
397 2604 760 2678 άνενεργήτων
833 2605 1104 2675 μενουσῶν
1176 2605 1284 2655 τῶν
1358 2602 1676 2672 αἰσθήσεων.
1734 2604 1835 2655 Νοῦ

2009 2603 2358 2675 maginativa
2408 2604 2466 2657 in
2518 2605 2742 2660 somnis
2788 2612 3060 2677 operatur
3109 2607 3381 2662 sensibus
3444 2606 3619 2662 etiam

224 2693 327 2766 μὲν
377 2690 468 2747 οὖν
511 2689 600 2746 διὰ
643 2696 809 2746 ταῦτα
853 2691 952 2759 τὴν
1006 2690 1287 2768 φαντασίαν
1343 2690 1589 2745 ἐκάλεσεν
1640 2690 1668 2743 ὁ
1701 2686 1841 2743 Φιλό

2004 2692 2335 2764 »ρεταιίοῐιὶε
2384 2692 2719 2764 expertibus
2750 2694 3143 2751 manentibus.
3176 2696 3293 2751 Hac
3342 2694 3523 2767 igitur
3550 2695 3621 2750 de

223 2802 418 2858 σοφος,
467 2780 766 2850 παθητικὸν
817 2776 893 2849 δὲ,
940 2777 1077 2834 διότι
1131 2779 1265 2852 μετὰ
1305 2783 1573 2856 μερισμοῦ
1621 2779 1840 2854 γινώσκε

2001 2798 2161 2837 :ausa
2187 2781 2665 2853 imaginationem
2695 2782 3081 2855 Philosophus
3104 2789 3357 2840 mentem
3377 2784 3618 2840 vocavit.

220 2871 319 2945 (τὰ
373 2870 690 2947 πράγματα)
740 2868 829 2923 καὶ
906 2865 1232 2930 διαστάσεως
1287 2866 1347 2923 ἐκ
1406 2872 1514 2923 τῶν
1574 2867 1837 2938 αἶ’σθήσεω

2004 2871 2305 2926 ?atientem
2360 2876 2576 2939 autem,
2609 2873 2763 2943 quod
2816 2888 2950 2927 cum
2999 2873 3308 2944 partitione
3337 2880 3393 2929 et
3437 2873 3621 2928 inter-

226 2959 516 3037 ἀρχομένη
560 2978 620 3013 τε
667 2958 757 3012 καὶ
805 2957 1159 3030 συνισταμένη
1218 2957 1307 3011 καὶ
1353 2961 1421 3031 τῇ
1478 2957 1691 3032 χρονίῳ
1757 2953 1843 3010 δια

2001 2959 2133 3015 ωηο
2185 2959 2321 3032 (res)
2350 2960 2667 3032 cognoscit,
2715 2965 2780 3014 ut
2828 2977 2953 3033 quae
2985 2979 3019 3016 a
3046 2962 3317 3017 sensibus
3363 2967 3419 3017 et
3469 2962 3618 3016 inci-

227 3047 479 3122 λυομένη
511 3044 785 3108 πολλάκις
812 3046 1045 3118 ἀπουσίᾳ
1071 3050 1179 3100 τῶν
1208 3045 1500 3116 αἲσθητῶν.

2003 3049 2105 3104 iiat
2134 3054 2190 3104 et
2218 3049 2517 3117 consistat,
2550 3053 2608 3104 et
2636 3065 2785 3121 saepe
2814 3049 2989 3122 longa
3011 3050 3379 3107 sensibilium
3411 3052 3620 3107 absen-

1984 3138 2067 3193 tia
2093 3136 2465 3193 dissolvatur.

307 3228 387 3280 ιθ⁹.
443 3224 591 3280 Ἐπεὶ
668 3222 760 3279 οὖν
844 3221 997 3279 οὐδὲν
1070 3228 1173 3278 τῶν
1250 3222 1469 3279 ἐνταῦθα
1540 3224 1874 3299 πραγμάτων

2060 3227 2145 3281 19.
2175 3226 2462 3291 Quoniam
2511 3225 2692 3297 igitur
2721 3225 2866 3281 nihil
2914 3243 3109 3283 rerum
3160 3229 3314 3299 apud
3346 3247 3452 3286 nos
3501 3230 3626 3285 sine

225 3316 410 3393 χωρὶς
457 3313 745 3392 φαοτασίας
791 3311 1052 3387 ἰσχύομεν
1100 3317 1261 3385 νοεῖν,
1293 3312 1391 3367 οὐκ
1442 3312 1655 3380 ἀπαθὴς
1695 3309 1753 3367 δὲ
1779 3332 1842 3366 κα

2013 3314 2403 3387 maginatione
2450 3314 2770 3386 intelligere
2796 3315 3077 3385 valemus,
3110 3317 3232 3373 haec
3274 3324 3467 3375 autem
3498 3336 3630 3390 pas-

231 3406 491 3475 θὲπηκεν
559 3402 715 3472 αὕτη·
764 3399 1003 3457 διαλύσει
1058 3399 1115 3456 δὲ
1177 3401 1473 3472 ὑπόκειται,
1514 3403 1690 3462 καθὼς
1746 3397 1846 3479 ἔφη

2013 3405 2171 3460 ιίοοὶε
2220 3420 2425 3475 expers
2471 3420 2585 3458 non
2617 3408 2727 3470 est,
2778 3405 2878 3460 sed
2935 3405 3331 3475 dissolutioni,
3365 3412 3429 3463 ut
3477 3409 3630 3464 dixi-

235 3515 360 3568 μεν,
416 3492 506 3547 καὶ
548 3494 719 3569 φθορᾷ
774 3488 863 3546 διὰ
912 3495 1074 3546 τοῦτο
1118 3492 1218 3560 τῆς
1254 3490 1542 3569 φαντασίας
1592 3491 1852 3567 φθειρομέ

2013 3510 2146 3564 nus,
2178 3491 2655 3563 corruptionique
2686 3493 2949 3564 subjecta
2978 3499 3067 3549 est
3099 3513 3111 3549 :
3145 3500 3451 3568 propterea
3496 3512 3630 3552 cum

226 3605 354 3655 νης,
410 3583 511 3651 τήν
578 3584 685 3635 τῶν
754 3579 1107 3654 ἐγνωσμένων
1167 3579 1450 3654 πάσχομεν
1507 3578 1706 3650 λήθην.
1768 3578 1843 3634 ἐπε

2018 3580 2331 3651 maginatio
2363 3580 2776 3652 corrumpitur,
2808 3598 3009 3636 eorum
3042 3599 3168 3654 quae
3201 3584 3370 3640 nobis
3400 3586 3635 3658 cognita

230 3669 729 3746 συμπεπλεγμένην
785 3672 855 3743 τῇ
922 3668 1181 3746 φαντασίᾳ
1242 3670 1340 3737 τήν
1410 3667 1596 3738 νόησιν
1658 3663 1847 3743 ἔχομεν

2015 3674 2151 3739 ιυηι,
2209 3668 2561 3724 oblivionem
2632 3670 2915 3740 patimur,
2967 3673 3441 3744 quandoquidem
3499 3692 3632 3731 cum

229 3765 391 3825 ’Ὁθεν
423 3759 515 3814 καὶ
546 3758 613 3813 τὰ
641 3760 891 3831 νοήματα
919 3758 1216 3830 παθήματα
1262 3756 1471 3833 λέγεται
1523 3764 1622 3826 τῆς
1674 3759 1846 3832 ψυχῆι

2017 3757 2411 3830 maginatione
2438 3759 2808 3829 conjunctam
2840 3759 3294 3817 intellectionem
3325 3764 3630 3821 habemus.

233 3850 344 3925 οὐχ
374 3847 459 3904 ὅτι
488 3846 754 3923 πάσχειή
799 3844 999 3921 λογικὴ
1045 3848 1223 3922 ψυχὴ,
1256 3843 1381 3901 ἀλλ’
1430 3844 1514 3900 ὅτι
1561 3847 1738 3922 χωρὶς
1787 3868 1850 3901 το

2014 3848 2154 3903 Jnde
2210 3846 2386 3903 etiam
2445 3852 2757 3919 conceptus
2800 3848 3011 3905 mentis
3068 3851 3373 3922 passiones
3424 3854 3631 3909 animas

232 3941 548 4009 παθητικοῦ
599 3940 715 4009 νοῦ,
764 3934 1006 3991 τουτέστι
1070 3942 1172 4005 τῆς
1220 3935 1528 4014 φαντασίας,
1577 3933 1728 3990 οὐδὲν
1786 3934 1849 3991 πέ

2014 3937 2305 4004 licuntur;
2366 3952 2482 3991 non
2538 3937 2693 4007 quod
2749 3937 2948 3993 anima
3002 3939 3300 3996 rationalis
3356 3942 3631 4014 patiatur,

238 4048 378 4107 φυιιε
404 4031 514 4082 τῶν
547 4024 599 4081 ἐν
628 4029 708 4099 τῷ
734 4023 929 4099 κόσμῳ
958 4030 1121 4080 νοεῖν.

2018 4025 2094 4082 ιεά
2126 4025 2281 4096 quod
2330 4024 2456 4079 sine
2484 4029 2678 4080 mente
2723 4026 2996 4097 patiente,
3029 4027 3138 4085 hoc
3182 4035 3272 4086 est
3302 4031 3431 4087 sine
3477 4032 3635 4088 ima-

1994 4112 2464 4189 ginatione,nibil
2493 4129 2688 4169 rerum
2719 4116 3154 4174 mundanarum
3185 4118 3505 4192 intelligere
3533 4136 3637 4193 per

1994 4206 2265 4260 naturam
2294 4200 2448 4274 potis
2476 4200 2572 4258 sit.

314 4297 382 4351 κ’.
426 4294 640 4349 Διάνοια
700 4289 758 4348 δέ
804 4290 914 4347 ἐστι
955 4291 1231 4365 γνωστική
1292 4293 1397 4344 τῶν
1455 4289 1695 4354 καθόλου
1757 4293 1892 4364 μετά

2064 4293 2155 4347 20.
2187 4291 2317 4347 Jam
2365 4308 2499 4346 vero
2547 4291 2775 4349 dianaaa
2820 4294 3226 4365 (ratiocinatio,
3258 4314 3359 4353 seu
3410 4298 3634 4355 discur-

242 4384 418 4461 λόγου
456 4379 708 4456 δύναμις,
739 4379 839 4436 οὐκ
883 4378 1114 4456 ἀθρόως,
1146 4376 1292 4433 ἀλλὰ
1339 4376 1428 4433 διά
1468 4400 1612 4441 τινος
1662 4377 1856 4453 μεθόδο

2026 4381 2124 4454 .us)
2156 4381 2251 4435 37
2287 4384 2377 4436 est
2422 4381 2700 4453 potentia,
2735 4399 2861 4454 quae
2909 4399 3045 4439 cum
3076 4385 3297 4443 ratione
3346 4389 3643 4460 cognoscit

242 4465 744 4545 καταλαμϐάνουσα
764 4469 829 4524 τὸ
857 4469 1122 4545 γνωστόν.

2027 4468 2358 4524 universalia
2382 4485 2397 4535 ;
2420 4484 2546 4540 qua:
2578 4486 2693 4525 non
2723 4471 3052 4538 confestim,
3077 4474 3178 4530 sed
3211 4477 3644 4548 compendiaria

2004 4555 2258 4627 quadam
2309 4555 2404 4612 via
2427 4561 2485 4611 et
2536 4557 2780 4626 ratione,
2814 4559 2873 4613 id
2912 4560 3067 4631 quod
3115 4565 3384 4635 cognosci
3432 4568 3642 4637 potest,

1927 4679 1975 4745 Ι)
2006 4644 2407 4745 apprehendit.

321 4744 424 4794 ια’.
456 4733 713 4791 Καλεῖται
761 4729 819 4787 δὲ
860 4734 897 4801 ὴ
943 4728 1153 4787 διάνοια
1215 4732 1305 4787 καὶ
1354 4729 1580 4807 δυνάμει
1635 4738 1759 4797 νοῦς
1811 4728 1938 4789 διά⁴

2076 4735 2166 4788 21.
2198 4734 2449 4790 Vocatur
2504 4740 2699 4791 autem
2756 4736 2985 4793 diancea
3040 4737 3215 4795 etiam
3271 4757 3438 4797 mens
3484 4746 3644 4815 pote-

247 4827 315 4883 τὸ
348 4822 857 4899 συνεπαίρεσθαιτῷ
896 4818 1136 4895 ἐνεργείᾳ
1181 4825 1278 4893 νῷ,
1326 4822 1567 4877 τουτέστι
1628 4819 1716 4877 διὰ
1772 4820 1864 4877 συλ

2031 4826 2178 4890 ιιαιθ,
2221 4823 2375 4894 quod
2424 4822 2601 4878 simul
2633 4824 2911 4881 evehatur
2941 4826 3014 4881 ad
3045 4833 3299 4884 mentem
3350 4834 3504 4902 actu,
3538 4830 3648 4887 hoc

249 4915 543 4990 λογισμῶν
589 4909 867 4987 ἀνάγεσθαι
913 4909 1049 4985 πρὸς
1097 4910 1232 4986 ἅπερ
1281 4908 1480 4973 ἁπλαῖς
1539 4905 1823 4973 ἐπιϐολαῖς

2029 4914 2115 4981 ist,
2149 4910 2221 4965 ad
2271 4926 2339 4966 ea
2368 4927 2471 4983 per
2516 4911 2887 4985 syllogismos
2931 4915 3275 4985 adducatur,
3328 4936 3458 4990 quae
3506 4920 3646 4975 sim-

249 5001 499 5079 ὲνεργείᾳ
524 5003 637 5054 νοεῖ
664 5002 809 5060 νοῦς.

2007 4998 2258 5072 plicibus
2288 4998 2777 5071 applicationibus
2810 5019 2974 5058 mens
3004 5009 3137 5061 actu
3167 5005 3457 5079 intelligit.

324 5093 433 5168 xﬂ'.
466 5092 529 5145 Ἡ
585 5085 796 5143 διάνοια
848 5086 1027 5142 τοίνυν
1086 5087 1115 5141 6
1171 5084 1395 5160 δυνάμει
1462 5092 1585 5151 νοῦς
1659 5093 1902 5165 συνεργεῖ

2077 5088 2168 5144 22.
2230 5086 2456 5143 Dianaaa
2529 5089 2731 5161 igitur,
2790 5107 2956 5147 mens
3015 5098 3318 5164 potestate,
3376 5097 3448 5151 ad
3519 5097 3650 5153 ofﬁ-

250 5182 395 5258 πρὸς
446 5180 510 5234 τὸ
553 5175 694 5248 δέον,
724 5176 814 5231 καὶ
865 5176 1055 5251 βοηθεῖ
1099 5175 1187 5231 καὶ
1227 5182 1344 5238 ταῖς
1379 5175 1680 5251 ὀρεκτικαῖς
1740 5174 1867 5231 δυνά

2037 5176 2167 5232 :ium
2224 5181 2584 5248 cooperatur,
2644 5194 2930 5251 opemque
2989 5181 3097 5236 fert
3152 5183 3327 5238 etiam
3385 5186 3654 5257 appetiti-

259 5290 388 5347 μεσι
430 5271 529 5337 τῆς
575 5270 784 5341 ψυχῆς,
814 5265 905 5320 καὶ
953 5265 1087 5339 πρὸς
1126 5265 1190 5320 τὸ
1221 5262 1605 5341 λελογισμένον
1666 5264 1874 5339 ἀλόγου

2038 5267 2097 5322 'is
2144 5266 2353 5322 animas
2410 5268 2707 5339 potentiis,
2751 5269 3028 5343 ipsasque
3080 5288 3214 5328 cum
3262 5274 3507 5330 rationis
3554 5292 3655 5331 ex-

255 5359 422 5420 οῦσας
470 5356 631 5417 αὐτὰς
678 5352 883 5429 ὁδηγεῖ.
918 5352 1295 5426 Συνεπαίρεται
1357 5352 1415 5409 δὲ
1470 5354 1559 5409 καὶ
1615 5359 1696 5427 τῷ
1754 5355 1869 5431 ἐνερ

2040 5359 2203 5411 iertes
2250 5355 2387 5425 sint,
2420 5356 2490 5410 ad
2524 5356 2762 5412 rationis
2814 5359 3217 5435 magisterium
3259 5362 3512 5418 deducit.
3547 5364 3657 5420 Sed

253 5447 386 5527 γείᾳ
439 5450 518 5517 νῷ
564 5444 700 5521 πρὸς
750 5445 849 5513 τὴν
903 5447 1011 5497 τῶν
1075 5437 1242 5497 ὄντων
1319 5442 1620 5519 ἀναγομένη
1679 5448 1870 5519 γνῶσιν

2047 5442 2191 5498 imul
2239 5442 2415 5498 etiam
2469 5445 2540 5498 ad
2586 5450 2840 5500 mentem
2889 5453 3020 5502 actu
3069 5449 3353 5517 evehitur,
3399 5453 3539 5507 dum
3588 5453 3659 5509 ad

254 5541 335 5601 ὡς
368 5534 601 5609 εἴρηται.
633 5532 727 5588 Διὸ
753 5536 881 5609 γοῦν
914 5530 974 5586 ἐκ
1020 5536 1117 5586 τοῦ
1175 5530 1399 5593 ἀτελοῦς
1451 5530 1538 5586 ἐπὶ
1586 5532 1649 5587 τὸ
1694 5531 1871 5587 τέλειο

2040 5548 2215 5587 norum
2246 5548 2371 5603 qua":
2399 5537 2540 5587 sunt
2568 5533 2929 5604 notitiam,ut
2960 5538 3178 5593 dictum
3212 5541 3657 5606 est,adducitur.

253 5625 529 5705 πρόεισιν,
558 5619 729 5696 ἤγουν
789 5619 849 5675 ἐκ
892 5624 989 5675 τοῦ
1057 5617 1276 5693 δυνάμει
1333 5620 1470 5697 πρὸς
1528 5621 1590 5676 τὸ
1650 5620 1870 5697 ἐνεργείᾳ

2047 5621 2133 5675 lac
2206 5620 2277 5677 de
2334 5636 2512 5677 causa
2585 5623 2762 5679 etiam
2818 5624 2996 5696 hujus
3072 5629 3350 5699 operatio,
3410 5629 3519 5685 hoc
3575 5635 3664 5686 est

256 5717 362 5776 Διά
417 5717 581 5770 τοῦτο
627 5709 783 5778 καΞὴ
828 5708 1028 5778 ταύτης
1089 5707 1325 5785 ἐνέργεια
1391 5706 1563 5764 ε’ίτουν
1623 5711 1659 5782 ἡ
1717 5709 1873 5782 νόησι

2044 5708 2355 5779 ntellectio,
2389 5712 2584 5785 passio
2632 5711 2865 5781 dicitur,
2921 5716 2992 5772 ad
3042 5716 3475 5774 distinctionem
3526 5735 3660 5792 ope-

548 5840 815 5907 ΡΑτιιοι..
863 5839 974 5901 Gs.
1021 5837 1247 5901 CXLII.

3303 5844 3378 5907 23
