4096 6444
538 440 655 498 715
1798 428 2151 495 NICEPBO]

2274 426 2701 491 BLEMMIDE
3804 446 3907 509 7i6

532 569 775 625 rationis
849 569 1084 636 mentis,
1145 584 1273 640 qua
1325 567 1519 640 seipsa
1576 568 1828 641 perfecta
1880 570 1937 622 et
2010 579 2151 619 men:

2290 558 2459 620 πάθος
2525 556 2740 635 λέγεται
2792 564 2928 639 πρὸς
2986 562 3250 639 διάκρισιν
3320 575 3422 639 τῆς
3495 569 3755 647 ἐνεργείας
3825 580 3909 631 τοῦ

533 662 668 714 actu
713 662 973 725 vocatur,
1006 661 1071 712 ut
1099 673 1226 728 qua:
1270 673 1404 713 cum
1434 656 1690 713 essentia
1734 661 2151 711 concurrenten

2286 650 2403 715 νοῦ,
2464 652 2562 701 τοῦ
2620 648 2949 714 αὐτοτελοῦς
2994 652 3335 728 καλουμένου
3389 658 3478 712 καὶ
3533 658 3764 736 ἐνεργείᾳ
3810 669 3911 734 νοῦ,

530 745 742 802 habeat
784 745 1206 817 operationem,
1233 750 1289 801 et
1316 762 1452 801 cum
1482 761 1552 802 ea
1578 762 1706 819 qum
1749 747 2036 817 potestate
2064 745 2175 808 est,

530 833 983 907 impermistam,
1024 838 1083 889 et
1110 834 1183 891 ob
1231 833 1291 889 id
1342 833 1635 906 passionis
1684 849 1927 907 prorsus
1973 846 2177 903 expers

531 922 628 978 sit.

595 1011 693 1067 23.
733 1012 933 1069 Diﬂ‘ert
962 1016 1157 1068 autem
1188 1012 1416 1067 dianma
1446 1012 1518 1067 ab
1549 1010 1840 1083 opinione,
1872 1025 1999 1081 quae
2039 1024 2173 1063 cum

529 1101 753 1158 ratione
780 1108 891 1173 est,
922 1102 1076 1173 quod
1125 1101 1321 1174 opinio
1353 1101 1590 1173 quidem
1622 1116 1755 1155 cum
1786 1099 2007 1155 ratione
2039 1113 2171 1169 pro-

525 1190 884 1262 positionum
933 1194 1043 1260 est,
1077 1194 1143 1245 ut
1170 1190 1392 1246 dictum
1423 1194 1531 1257 est,
1578 1187 1874 1245 conclusio
1900 1206 1912 1253 ;
1944 1187 2175 1242 dianma

525 1282 720 1335 autem
768 1279 1196 1352 propositiones
1243 1284 1403 1334 extra
1432 1277 1884 1334 controversiam
1933 1275 2034 1331 38
2068 1291 2171 1347 po-

524 1368 668 1424 sitas
735 1369 1028 1441 accipiens
1083 1369 1400 1442 quesitum
1476 1369 1805 1424 confirmat.
1864 1365 2172 1438 Accipiens

523 1457 681 1513 enim
712 1456 822 1514 hoc
871 1458 1025 1531 apud
1056 1475 1261 1515 omnes
1291 1458 1352 1513 in
1382 1457 1652 1514 confesso
1702 1456 1982 1529 positum,
2013 1455 2168 1527 quod

524 1545 723 1603 anima
751 1563 786 1603 a
813 1563 876 1604 se
925 1551 1241 1614 moveatur,
1294 1546 1567 1619 quodque
1595 1546 1654 1601 id
1703 1545 1857 1617 quod
1889 1561 1924 1600 a
1951 1560 2014 1600 se
2045 1560 2168 1599 mo-

519 1638 690 1690 vetur
719 1650 952 1707 semper
988 1640 1310 1698 moveatur.
1342 1640 1399 1691 et
1427 1635 1583 1706 quod
1639 1634 1893 1705 denique
1923 1632 1981 1687 id
2011 1632 2170 1703 quod

520 1739 752 1795 semper
806 1728 1089 1793 movetur,
1145 1723 1476 1780 immortale
1531 1724 1626 1793 sit,
1670 1722 1978 1778 confirmat
2034 1721 2171 1776 hinc

519 1811 780 1867 animam
810 1812 1205 1869 immortalem
1236 1828 1367 1869 esse
1400 1830 1412 1868 :
1443 1816 1501 1868 et
1530 1812 1616 1869 sic
1645 1827 1715 1867 ex
1758 1809 2168 1882 hujuscemodi

517 1900 958 1958 confirmatione
1006 1901 1301 1957 concludit
1330 1900 1550 1973 Opinio,
1582 1916 1710 1973 qua
1766 1915 1900 1954 cum
1944 1898 2168 1954 ratione
2196 1926 2246 1992 B

518 1991 635 2056 est,
664 1990 823 2060 quod
853 1990 1052 2046 anima
1076 1988 1431 2046 immortalis
1462 1990 1558 2045 sit.

586 2077 677 2132 24.
711 2077 875 2133 Men‘s
904 2077 1155 2150 denique
1185 2076 1439 2150 simplici
1478 2076 1886 2149 applicatione,
1935 2075 2043 2132 hoc
2069 2079 2162 2131 est

518 2166 843 2236 confestim,
875 2166 1003 2222 sine
1029 2171 1310 2239 tempore,
1344 2165 1554 2222 melius
1584 2182 1763 2238 quam
1793 2182 1897 2237 per
1923 2167 2160 2221 demon-

516 2254 863 2311 strationem
911 2255 1111 2311 omnia
1138 2271 1267 2327 quas
1297 2255 1409 2311 sub
1438 2255 1628 2327 ipsam
1676 2254 1911 2322 cadunt,
1944 2252 2157 2308 intelli-

514 2343 719 2416 gibilia
764 2343 1067 2415 nimirum,
1098 2346 1414 2417 cognoscit.
1463 2348 1648 2409 Quam
1696 2359 1838 2399 sane
1886 2342 2157 2398 notitiam

513 2433 804 2489 sinceram
858 2437 915 2489 et
969 2432 1398 2504 impermistam
1473 2432 1558 2487 illi
1613 2432 1833 2488 habent
1896 2431 1997 2504 qui
2053 2446 2158 2503 per

510 2523 799 2578 actionem
828 2525 886 2579 et
912 2521 1465 2594 contemplationem
1508 2521 1581 2577 a'd
1612 2537 1910 2577 summum
1936 2534 2156 2593 purga-

509 2610 691 2667 tionis
718 2615 776 2667 et
798 2610 1053 2667 scientias
1085 2609 1382 2683 fastigium
1413 2614 1819 2683 pervenerunt.

578 2700 667 2756 25.
703 2701 830 2756 Haec
859 2716 994 2757 cum
1024 2700 1109 2758 ita
1137 2716 1265 2757 sese
1293 2699 1567 2768 habeant,
1597 2714 1666 2755 ex
1695 2715 1873 2755 sensu
1911 2698 2150 2771 quidem

509 2789 973 2863 experimentum
1024 2790 1289 2862 emergit.
1342 2790 1404 2844 Id
1459 2789 1615 2845 enim
1672 2787 2044 2861 particularis
2094 2792 2154 2844 et

508 2879 732 2936 ratione
761 2878 1046 2935 destituta
1072 2883 1162 2935 est
1188 2877 1413 2935 notitia.

575 2969 667 3024 26.
700 2973 777 3023 At
817 2983 954 3024 vero
983 2968 1341 3040 experientia
1390 2971 1447 3023 et
1487 2983 1557 3023 ex
1585 2966 1859 3039 opinione
1908 2966 2151 3023 rationis

506 3060 758 3129 experte,
790 3061 848 3113 et
893 3073 963 3112 ex
992 3072 1170 3114 sensu
1215 3060 1275 3112 et
1317 3054 1735 3129 imaginatione
1789 3056 1965 3111 simul
2014 3072 2148 3128 pro—

507 3146 663 3203 venit
693 3164 707 3203 :
740 3151 798 3203 et
838 3162 974 3202 cum
1006 3145 1244 3218 quidem
1292 3161 1362 3201 ex
1390 3162 1567 3201 sensu
1601 3149 1660 3201 et
1708 3144 2147 3217 imaginatione,

506 3232 761 3307 αύτοψία,
818 3234 928 3291 hoc
1002 3239 1113 3302 est,
1168 3234 1298 3307 ipsa
1359 3234 1442 3289 rei
1514 3233 1799 3306 inspectio
1859 3250 1872 3287 :
1934 3234 2146 3291 etenim

2287 733 2362 789 ὡς
2412 739 2482 809 τῇ
2531 736 2685 827 οὐσία
2732 737 3035 815 σύνδρομον
3080 745 3178 812 τήν
3221 745 3488 822 ἐνέργειαν
3519 733 3762 824 ἔχοντος,
3791 733 3904 827 ἀμιέ

2285 830 2357 898 γῆ
2387 845 2446 879 τε
2474 830 2570 880 τοῦ
2601 824 2826 902 δυνάμει
2847 830 2936 886 καὶ
2968 829 3058 886 διά
3083 837 3245 889 τοῦτο
3275 836 3555 900 παντελῶς
3583 838 3782 911 ἀπαθῆ.

2352 1006 2454 1078 κγ’.
2516 1007 2762 1084 Διαφέρει
2818 1006 2876 1064 δὲ
2932 1007 3144 1066 διάνοια
3195 1015 3294 1082 τῆς
3354 1016 3488 1087 μετὰ
3538 1014 3702 1091 λόγου
3742 1015 3901 1093 δόξης·

2283 1090 2365 1145 ὅτι
2397 1095 2431 1162 ἡ
2485 1096 2581 1167 μὲν
2637 1099 2772 1169 μετὰ
2823 1096 2994 1173 λόγου
3052 1098 3179 1170 δόξα
3236 1090 3899 1178 σομπέρασμάῗέστιν,νὼς

2283 1178 2512 1256 εἷ’ρηται,
2561 1189 2666 1239 τῶν
2723 1187 3051 1261 προτάσεων⁸
3111 1192 3147 1259 ἡ
3202 1186 3259 1245 δὲ
3314 1189 3525 1247 διάνοια
3578 1190 3899 1267 λαμϐάνουσα

2278 1270 2375 1331 τάς
2469 1275 2756 1347 προτάσεις
2852 1275 3301 1352 ὁμολογουμένας
3400 1286 3775 1353 κατασκευάζει
3847 1287 3898 1341 τὸ

2283 1360 2634 1432 ζητούμενον.
2696 1359 3062 1436 Λαμϐάνουσα
3112 1369 3217 1443 γάρ
3269 1368 3714 1446 ὁμολογούμενον
3768 1373 3895 1444 δτιή

2279 1449 2432 1521 ψυχή
2495 1447 2849 1521 αὐτοκίνητός
2908 1452 3042 1527 ἐστι,
3101 1455 3191 1509 καὶ
3267 1456 3349 1511 ὅτι
3424 1459 3488 1512 τὸ
3572 1460 3898 1532 αὐτοκίνητον

2280 1534 2603 1611 ἀεικίνητον,
2661 1540 2752 1595 καὶ
2807 1542 2889 1597 ὅτι
2944 1543 3008 1597 τὸ
3064 1543 3367 1616 ἀεικίνητον
3426 1546 3704 1622 ἀθάνατον,
3757 1571 3898 1606 κατα-

2278 1628 2518 1695 σκευάζει
2579 1627 2816 1694 ἐντεῦθεν
2872 1631 3134 1695 ἀθάνατον
3182 1635 3282 1703 τήν
3338 1638 3546 1712 ψυχηνο
3605 1639 3695 1693 καὶ
3750 1639 3899 1701 οὕτως

2279 1712 2338 1768 ἐκ
2366 1718 2464 1784 τῆς
2492 1719 2751 1789 τοιαύτης
2783 1730 3116 1792 κατασκευῆς
3154 1726 3189 1793 ἡ
3224 1726 3357 1797 μετὰ
3403 1726 3575 1802 Λόγου
3614 1725 3738 1799 δόξα
3782 1750 3898 1803 συμ-

2277 1805 2535 1880 περαίνει,
2567 1807 2649 1863 ὅτι
2681 1811 2716 1877 ἠ
2750 1812 2903 1886 ψυχὴ
2947 1811 3177 1888 ὑπάρχει
3214 1814 3495 1877 ἀθάνατος.

2337 2069 2417 2126 κδ’
2425 2117 2437 2129 .
2470 2073 2527 2126 Ὁ
2558 2070 2615 2128 δὲ
2655 2080 2779 2137 νοῦς
2838 2077 2988 2151 άπλῇ
3035 2074 3348 2155 προσϐολῇ,
3377 2081 3654 2138 τουτέστιν
3694 2083 3887 2156 εὐθέως,

2267 2159 2540 2235 άχρόνως,
2609 2166 2931 2239 κρειττόνως
2999 2169 3033 2236 ἣ
3091 2168 3227 2224 κατὰ
3291 2167 3564 2241 ἀπόδειξιν
3627 2172 3793 2229 πάντα
3832 2174 3889 2228 τὰ

2269 2250 2637 2306 ὑποπίπτοντα
2684 2253 2830 2326 αὖτῷ
2876 2257 3152 2329 γινώσκει,
3208 2258 3276 2312 τά
3325 2260 3495 2330 νοητὰ
3552 2258 3782 2333 δηλαδηο
3833 2263 3889 2335 ᾖν

2267 2336 2333 2407 δὴ
2383 2344 2580 2414 γνῶσιν
2631 2340 2822 2397 ἐκεῖνοι
2870 2340 3090 2419 ἔχουσιν
3132 2345 3399 2425 ἀκραιφνῆ
3450 2369 3509 2404 τε
3564 2350 3655 2405 καὶ
3712 2351 3885 2424 ἀμιγῆ,

2264 2426 2460 2491 οἵτινες
2509 2427 2597 2485 διὰ
2644 2432 2886 2508 πράξεως
2935 2434 3024 2489 καὶ
3074 2435 3302 2511 θεωρίας
3370 2437 3445 2500 εἷς
3508 2435 3674 2516 ἄκρον
3716 2439 3887 2515 καθάρ-

2262 2539 2399 2580 σεως
2429 2519 2518 2574 καὶ
2548 2519 2858 2594 ἐπιστήμης
2887 2522 3163 2601 ἀφίκοντο.

2331 2703 2423 2754 κε’.
2455 2696 2668 2754 Τούτων
2701 2699 2875 2762 οὕτως
2905 2699 3169 2777 ἐχόντων,
3210 2701 3271 2757 ἐκ
3313 2705 3407 2778 μὲν
3453 2710 3559 2774 τῆς
3609 2705 3881 2776 αἰσθήσεως

2263 2782 2519 2860 ἐγείρεται
2572 2789 2607 2856 ἡ
2653 2793 2834 2865 πεῖρα·
2889 2790 2980 2844 καὶ
3025 2789 3130 2865 γὰρ
3181 2790 3315 2862 αὕτη
3370 2795 3567 2869 μερική
3619 2792 3725 2849 ἔστι
3766 2798 3882 2869 γνῶο

2260 2893 2341 2935 σις
2372 2874 2460 2929 καὶ
2493 2872 2716 2952 ἄλογος.

2328 2965 2428 3027 κς’.
2459 2965 2522 3018 Ἡ
2555 2962 2612 3019 δὶ
2651 2964 2676 3021 ἐ
2710 2961 2966 3041 ἓμπειρία
3016 2964 3155 3024 ἔκτε
3188 2975 3293 3039 τῆς
3340 2967 3461 3025 ἄνευ
3521 2967 3691 3047 λόγου
3745 2969 3883 3044 δόξης

2259 3047 2497 3127 ἔρχεται,
2529 3053 2618 3108 καὶ
2650 3053 2710 3109 ἐκ
2754 3062 2856 3125 τῆς
2906 3056 3209 3127 αἰσθήσεως
3258 3059 3348 3113 καὶ
3399 3060 3692 3137 φαντασίας
3737 3060 3877 3133 ὁμοῦ·

2257 3141 2347 3195 καὶ
2392 3141 2481 3196 ὅτε
2527 3144 2621 3214 μὲν
2696 3143 2755 3198 ἐκ
2797 3152 2898 3214 τῆς
2964 3145 3266 3216 αἰσθήσεως
3308 3148 3398 3202 καὶ
3441 3150 3541 3218 τῆς
3601 3149 3878 3226 φαντασίας,

2260 3229 2488 3304 αὐτοψία
2516 3230 2781 3287 καλεῖται’
2829 3234 2919 3289 καὶ
2967 3235 3072 3310 γὰρ
3119 3234 3391 3307 αὐτόπτης
3449 3236 3740 3313 γενόμενος
3787 3241 3876 3291 τῶν

505 3325 844 3397 empiricus,
875 3324 984 3380 hoc
1030 3327 1140 3393 est,
1171 3323 1272 3394 qui
1319 3322 1675 3395 experientia
1704 3323 1932 3390 nititur,
1966 3323 2148 3379 medi-

2274 3294 2631 3393 Βοηθημάτων
2691 3324 2719 3377 ὁ
2789 3294 3103 3400 ἐμπειριικδς
3180 3294 3389 3402 ἰατρὸς,
3443 3294 3535 3381 καὶ
3586 3294 3876 3402 Ιβασανίσας

507 3430 633 3486 cus,
665 3430 801 3469 cum
847 3413 948 3469 89
979 3412 1103 3485 ipse
1132 3412 1392 3468 remedia
1432 3411 1660 3478 viderit,
1692 3416 1749 3467 et
1800 3412 2000 3467 eadem
2051 3428 2154 3484 per

506 3519 747 3559 sensum
778 3501 1452 3575 probaverit,eorumque
1482 3501 1848 3573 operationes
1878 3517 1981 3572 per
2006 3500 2152 3557 ima-

504 3592 862 3665 ginationem
910 3591 970 3646 in
1002 3591 1195 3663 seipso
1242 3590 1558 3663 collegerit,
1586 3589 1836 3662 singulis
1878 3589 1997 3645 illis
2049 3606 2153 3662 per

505 3680 866 3737 occasionem
897 3679 970 3735 ad
1025 3680 1354 3735 curationes
1385 3678 1611 3747 utitur;
1643 3680 1878 3750 quando
1916 3695 2052 3734 vero
2081 3695 2149 3735 ex

504 3768 776 3841 opinione
801 3768 1044 3825 rationis
1073 3772 1303 3841 experte
1334 3767 1557 3840 proruit
1602 3766 1974 3839 experientia,
2005 3772 2147 3823 tunc

502 3854 763 3915 historia
792 3863 1052 3927 vocatur,
1083 3863 1148 3913 ut
1193 3874 1329 3913 cum
1357 3857 1457 3929 qui
1488 3857 1804 3912 arbitratur
1845 3855 1991 3913 tales
2038 3858 2144 3912 ali-

502 3964 650 4019 quas
679 3963 808 4004 esse
854 3947 1064 4003 horum
1104 3946 1496 4002 remediorum
1546 3951 1806 4011 naturas,
1838 3962 1973 4001 cum
2018 3947 2143 4018 ipse

501 4053 571 4093 ea
599 4037 863 4093 nondum
910 4040 1182 4109 expertus
1214 4035 1410 4104 fuerit,
1444 4034 1545 4091 sed
1593 4035 1666 4090 ab
1697 4034 1827 4091 aliis
1857 4035 2142 4092 audiverit

498 4134 556 4184 et
579 4127 664 4183 sic
692 4126 966 4199 opinatus
996 4125 1189 4182 fuerit.

566 4217 657 4271 27.
685 4220 766 4271 Ex
812 4216 1085 4287 opinione
1110 4219 1308 4272 autem
1341 4230 1475 4270 cum
1523 4214 1747 4269 ratione
1778 4218 1836 4270 et
1884 4214 2134 4283 dianaaa,

494 4321 591 4363 ars
621 4304 898 4378 exsurgit.
930 4309 1077 4360 Nam
1106 4309 1163 4360 et
1192 4303 1330 4371 haec,
1366 4303 1607 4375 perinde
1637 4306 1703 4357 ut
1731 4303 2135 4375 ipsm,univer-

495 4394 642 4451 salia
670 4411 805 4451 cum
837 4394 1061 4449 ratione
1090 4392 1407 4466 cognoscit.

560 4485 652 4541 28.
683 4483 934 4539 Scientia
953 4483 1204 4554 denique
1232 4487 1361 4538 tum
1381 4497 1450 4537 ex
1469 4481 1848 4549 dianoca,tum
1878 4497 1947 4537 ex
1976 4499 2134 4539 men-

490 4580 548 4630 te
574 4579 904 4647 generatur.
932 4577 1014 4627 Ac
1044 4589 1113 4628 ea
1143 4571 1377 4643 quidem
1410 4570 1715 4643 principia,
1737 4586 1863 4642 quae
1895 4572 2134 4627 demon-

2259 3408 2393 3463 αὖτά
2440 3407 2529 3465 διὰ
2573 3418 2675 3481 τῆς
2731 3411 3047 3485 αἰσθήσεως,
3098 3412 3189 3469 καὶ
3246 3416 3557 3492 συναγαγὼν
3616 3415 3668 3471 ἐν
3722 3416 3873 3484 ἑαυτῷ

2260 3495 2349 3552 διὰ
2374 3506 2474 3568 τῆς
2506 3500 2788 3578 φαντασίας
2834 3503 2928 3565 τὰς
2979 3502 3243 3579 ἐνεργείας
3293 3503 3493 3576 αὐτῶν,
3525 3511 3721 3581 χρᾶται
3759 3502 3874 3558 κατά

2257 3587 2479 3664 καιροὺς
2528 3590 2603 3643 ἑνὶ
2671 3591 2878 3664 ἑκάστῳ
2937 3592 3072 3666 πρὸς
3138 3592 3235 3653 τὰς
3286 3590 3474 3647 ἰάσεις*
3540 3594 3700 3648 ὁπότε
3743 3589 3784 3647 δ’
3824 3588 3871 3645 ἔκ

2254 3682 2346 3747 τῆ,
2376 3674 2579 3753 ἀλόγου
2637 3676 2800 3751 δόξης
2844 3682 2879 3749 ἡ
2935 3678 3192 3757 ἐμπειρία
3249 3681 3414 3756 ὁρμᾷ,
3472 3681 3600 3737 τότε
3655 3680 3871 3737 καλεῖται

2258 3764 2487 3842 ἱστορία,
2518 3767 2592 3829 ὡς
2624 3765 2747 3822 ὅταν
2784 3789 2870 3830 τις
2919 3767 3120 3843 νομίσῃ
3171 3770 3272 3831 τὰς
3328 3769 3511 3847 φύσεις
3567 3768 3732 3827 τῶνδε
3778 3772 3869 3823 τῶν

2257 3856 2625 3930 βοηθημάτων
2704 3854 2920 3912 τοιάσδε
2981 3857 3130 3920 τινὰς
3215 3857 3346 3913 εἶναι
3434 3860 3511 3932 μὴ
3593 3856 3873 3936 πειρασθεὲς

2251 3943 2429 4018 αὐτὸς,
2461 3942 2587 3999 ἀλλ’
2617 3945 2708 4000 ἀπ’
2738 3943 2923 4001 ἄλλων
2954 3945 3186 4009 ἀκούσας
3216 3947 3305 4002 καὶ
3336 3947 3480 4002 οὕτω
3509 3945 3742 4021 δοξάσας.

2315 4214 2412 4282 κζ’.
2448 4214 2541 4268 Ἐκ
2569 4209 2627 4267 δὲ
2653 4219 2752 4281 τῆς
2790 4213 2922 4286 μετὰ
2954 4212 3123 4287 λόγου
3154 4209 3313 4284 δόξης
3354 4213 3444 4268 καὶ
3491 4222 3595 4284 τῆς
3653 4211 3860 4271 διανοίας

2244 4302 2279 4370 ή
2311 4300 2474 4377 τέχνη
2516 4301 2809 4355 ἀνίσταται.
2843 4301 2941 4355 Καὶ
2982 4302 3083 4378 γὰρ
3132 4302 3221 4356 καὶ
3268 4302 3400 4372 αὕτη
3454 4303 3674 4365 ταύταις
3717 4299 3853 4375 ὁμοί-

2243 4410 2317 4452 ως
2349 4391 2413 4443 τά
2442 4388 2683 4453 καθόλου
2719 4390 2851 4462 μετὰ
2880 4387 3051 4465 λόγου
3079 4390 3354 4464 γινώσκει.

2310 4486 2415 4550 κη’.
2447 4480 2507 4534 Ἠ
2541 4476 2598 4532 δὲ
2629 4477 2903 4551 ἐπιστήμη
2961 4484 3207 4553 γεννᾶται
3267 4477 3325 4534 ἔκ
3378 4500 3437 4534 τε
3493 4487 3594 4551 σῆς
3648 4476 3855 4535 διανοίας

2239 4568 2328 4623 καὶ
2376 4572 2473 4622 τοῦ
2526 4572 2641 4623 νοῦ.
2675 4567 2774 4622 Καὶ
2817 4568 2913 4629 τὰς
2965 4567 3058 4640 μὲν
3109 4564 3369 4640 δεομένας
3417 4566 3734 4640 ἀποδείξεων
3781 4566 3853 4639 ἀρ·

491 4662 871 4719 strationibus
913 4661 1197 4732 indigent,
1231 4658 1406 4716 veluti
1436 4659 1591 4731 quod
1624 4664 1904 4731 punctum
1935 4665 2130 4732 partes

2274 4658 2364 4734 ίὰς,
2393 4658 2505 4711 οἷον
2553 4656 2634 4711 ὅτι
2678 4655 2741 4710 τὸ
2792 4661 3018 4729 σημεῖον
3082 4656 3278 4732 ἀμερὲς
3331 4656 3421 4711 καὶ
3458 4658 3526 4713 τὰ
3553 4652 3851 4724 τοιαῦτα,ἐκ

489 4768 604 4808 non
633 4752 865 4818 habeat,
897 4755 954 4807 et
981 4749 1217 4818 similia,
1248 4765 1317 4804 ex
1346 4748 1576 4803 dianma
1602 4748 1831 4821 accipit,
1862 4748 1963 4803 illa
1996 4766 2130 4806 vero

490 4856 616 4913 quae
655 4841 811 4913 apud
859 4855 1062 4896 omnes
1092 4837 1154 4893 in
1185 4837 1450 4894 confesso
1490 4842 1630 4893 sunt
1659 4842 1717 4892 et
1763 4838 2126 4894 demonstra-

487 4929 746 4985 tionibus
774 4946 890 4985 non
941 4928 1227 5001 indigent,
1257 4930 1323 4981 ut
1352 4926 1504 4997 quod
1535 4925 1689 4982 Deus
1718 4925 1929 4998 bonus,
1959 4931 2019 4982 et
2047 4927 2127 4982 si-

487 5017 670 5087 milia,
703 5034 774 5073 ex
801 5022 1015 5073 mente.

554 5107 645 5161 29.
676 5105 880 5162 Diﬂ‘ert
904 5104 1084 5178 igitur
1103 5104 1279 5160 etiam
1312 5103 1503 5175 quoad
1534 5102 1643 5159 hoc
1671 5119 1766 5159 ars
1795 5120 1829 5159 a
1858 5103 2120 5169 scientia,

486 5195 644 5267 quod
693 5211 790 5251 ars
819 5194 1056 5265 quidem
1096 5197 1154 5250 et
1182 5210 1252 5249 ex
1279 5193 1550 5265 opinione
1599 5193 1842 5249 rationis
1890 5193 2121 5265 partici-

483 5300 556 5358 pe
611 5286 669 5339 et
722 5299 791 5339 ex
843 5284 1093 5357 dianma,
1121 5283 1365 5341 scientia
1419 5288 1614 5339 autem
1668 5297 1737 5339 ex
1792 5283 2020 5340 diancea
2065 5287 2123 5341 et

483 5377 677 5431 mente
705 5372 969 5447 emergit.

2240 4754 2339 4817 τῆς
2398 4743 2636 4807 διανοίας
2701 4739 2991 4818 λαμϐάνει,
3040 4745 3137 4807 τὰς
3196 4742 3244 4799 δ’
3300 4745 3736 4823 ὁμολογουμένας
3779 4739 3850 4796 καὶ

2237 4832 2500 4897 άνενδεεῖς
2550 4831 2895 4904 ἀποδείξεων,
2929 4834 3041 4890 οἷον
3087 4833 3169 4888 ὅτι
3203 4835 3231 4888 ὁ
3261 4833 3390 4896 Θεὸς
3438 4834 3637 4911 ἀγαθὸς
3683 4832 3763 4889 καὶ
3798 4828 3849 4882 τὰ

2237 4924 2423 4998 ὅμοια,
2455 4924 2515 4980 ἐκ
2542 4928 2639 4979 τοῦ
2668 4928 2779 4981 νοῦ.

2302 5104 2397 5158 κθ’.
2451 5102 2696 5182 Διαφέρει
2739 5105 2866 5179 γοῦν
2914 5101 3005 5156 καὶ
3050 5101 3185 5156 κατὰ
3220 5105 3382 5157 τοῦτο
3425 5103 3593 5178 τέχνη
3652 5095 3841 5182 ἐπιπῆ·

2234 5214 2366 5266 μης,
2399 5192 2480 5247 ὅτι
2512 5195 2547 5262 ἡ
2594 5192 2685 5266 μὶν
2716 5193 2884 5266 τέχνη
2921 5189 2981 5245 ἔκ
3029 5211 3086 5245 τε
3138 5192 3238 5259 τῆς
3301 5192 3434 5264 μετὰ
3485 5190 3654 5268 λόγου
3704 5181 3840 5255 δόξης

2228 5280 2317 5337 καί
2364 5289 2463 5352 τῆς
2512 5279 2744 5344 διανοίας
2795 5279 3079 5357 ἐγείρεται,
3128 5282 3163 5351 ἡ
3211 5278 3269 5336 δὲ
3328 5280 3598 5355 ἐπισνήμη
3658 5276 3711 5334 ἐκ
3757 5277 3840 5340 τῆς

2229 5370 2470 5435 διανοίας
2496 5370 2587 5426 καὶ
2616 5374 2714 5426 τοῦ
2741 5374 2863 5427 νοῦ.
