4096 6434
307 445 424 504 ³721

1673 424 2021 512 EPITOME
2071 453 2368 515 LOGICA.

3601 452 3718 513 722
3740 454 3743 459 Γ

382 583 448 653 γ’.
482 575 674 653 Τρίτος
704 574 830 653 ὅρος
863 577 891 632 6
924 575 1122 653 λέγων,
1157 578 1238 635 ὅτι
1271 576 1567 658 φιλοσοφία
1606 580 1715 635 ἐστὶ
1763 580 1959 654 μελέτη

2147 589 2201 643 3.
2235 587 2427 644 Tertia
2476 586 2735 643 deﬁnitio
2782 590 2891 654 est,
2920 603 3047 659 qum
3093 584 3253 655 dicit,
3286 583 3716 660 philosophiam

314 665 565 738 θανάτου,
624 665 886 738 δηλονότι
934 673 1030 722 τοῦ
1077 674 1480 745 προαιρετικοῦ.
1533 668 1667 725 Οὐδὲ
1703 672 1803 747 γὰρ
1839 671 1967 745 βοό-

311 753 469 811 λεται
498 757 526 811 ὁ
560 755 858 835 φιλόσοφος
908 758 1031 832 περὶ
1080 765 1182 826 τῆς
1230 759 1551 833 ἀναιρέσεως
1601 760 1763 814 αὑτοῦ
1809 760 1970 833 μελε-

310 850 428 915 τᾷν.
490 845 644 900 Οὕτω
719 848 821 923 γὰρ
880 845 937 900 ἂν
1010 846 1138 910 τοὺς
1192 846 1616 924 δημιουργικοὺς
1680 849 1969 926 ἀνατρέποι

311 934 542 1007 νόμους’
597 931 653 991 εἷ’
688 957 750 1011 γε
800 937 829 990 6
884 936 978 1008 μὲν
1030 934 1371 1014 δημιουργὸς
1432 935 1688 1008 συνέδησε
1727 943 1805 1010 τῷ
1856 939 1969 992 σώ-

316 1044 444 1096 ματι
474 1025 574 1092 τὴν
604 1026 809 1099 ψυχὴν,
841 1026 869 1079 6
903 1022 961 1079 δὲ
1013 1024 1267 1100 βούλεται
1315 1027 1406 1081 τὸν
1437 1031 1683 1082 τοιοῦτον
1717 1026 1963 1082 ἀναλύειν

310 1110 511 1185 δεσμὸν
568 1115 715 1189 παρὰ
770 1116 868 1183 τῆν
919 1119 1016 1170 τοῦ
1074 1113 1432 1186 συνδήσαντος
1490 1114 1754 1172 κέλευσιν.
1808 1113 1964 1171 Ἀλλ’

310 1201 427 1256 ἐπεὶ
478 1199 630 1272 διττή
681 1200 820 1257 ἐστιν
869 1205 904 1272 ἡ
965 1205 1076 1272 ζωὴ
1128 1203 1239 1277 (καὶ
1286 1204 1388 1281 γὰρ
1432 1207 1467 1273 ἡ
1522 1205 1615 1278 μὲν
1664 1206 1894 1282 φυσικὴ,
1925 1207 1961 1274 ἡ

310 1289 370 1346 δὲ
396 1293 778 1367 προαιρετικήο
831 1291 921 1346 καὶ
970 1294 1169 1370 φυσικὴ
1227 1295 1321 1366 μὲν
1369 1296 1404 1363 ἡ
1448 1293 1699 1371 συνάφεια
1726 1301 1826 1363 τῆς
1859 1297 1964 1367 ψυ-

308 1389 423 1458 χῆς
449 1381 539 1436 καὶ
571 1385 670 1436 τοῦ
700 1382 1100 1454 σώματος,καθ⁹
1153 1382 1219 1450 ἢν
1269 1383 1372 1437 ὑπὸ
1418 1385 1516 1451 τῆς
1549 1382 1807 1459 προνοίας
1846 1381 1964 1437 ἐτά-

307 1480 529 1546 χθημεν
587 1473 705 1544 ζῇν,
765 1476 883 1533 καθ’
942 1471 1009 1538 ἣν
1065 1469 1129 1524 τὸ
1187 1474 1349 1543 σῶμα
1395 1467 1585 1543 δεσμεῖ
1611 1471 1710 1539 τῆν
1758 1473 1959 1546 ψυχήν·

309 1559 668 1634 προαιρετική
729 1554 786 1612 δὲ
843 1559 1002 1632 (ζωὴ)
1057 1560 1093 1627 ἡ
1151 1560 1287 1634 πρὸς
1330 1558 1394 1613 τὸ
1443 1564 1603 1632 σῶμα
1660 1560 1965 1632 συμπάθεια

306 1646 553 1722 καὶπερὶ
601 1646 697 1708 τὰς
745 1643 945 1716 ἡδονὰς
995 1645 1252 1722 ἀσχολία,
1300 1648 1419 1711 καθ’
1467 1648 1535 1716 ἣν
1582 1650 1617 1716 ἡ
1656 1649 1807 1723 ψυχὴ
1841 1648 1963 1702 ἑαυ-

312 1736 416 1804 τήν
470 1732 659 1808 δεσμεῖ
703 1735 792 1789 καὶ
841 1733 1303 1808 προσπατταλεύει
1350 1740 1430 1808 τῷ
1477 1737 1731 1810 σώματι)·
1783 1734 1960 1799 διττὸς

307 1823 626 1898 γινώσκεται
680 1819 736 1877 δὲ
784 1823 812 1876 ὁ
855 1822 1097 1897 θάνατος,
1150 1825 1373 1902 φυσικὸς
1420 1825 1510 1879 καὶ
1558 1825 1958 1902 προαιρετικός.

306 1910 408 1965 Καὶ
441 1912 663 1989 φυσικὸς
697 1912 789 1985 μὲν
841 1908 951 1967 ἔστι
997 1913 1221 1976 θάνατος
1254 1915 1282 1967 6
1309 1918 1407 1969 τοῦ
1456 1914 1709 1988 σώματος
1751 1911 1958 1989 διαχω-
1989 1954 2037 2020 Β

451 2002 468 2020 κ
546 1999 561 2020 ’
620 2001 635 2019 \
728 2007 757 2019 ἡ
856 2005 866 2020 Ι
966 2008 995 2020 ~
1173 2004 1219 2020 Δὶ
1266 2004 1287 2019 '1
1386 2004 1411 2020 Ν
1561 2001 1586 2020 ν
1628 2015 1642 2020 -

306 2002 507 2076 ρισμὸς
537 1999 644 2055 ἀπὸ
691 2007 790 2070 τῆς
843 2005 1049 2077 ψυχῆς,
1100 2004 1219 2057 καθ’
1266 2004 1324 2057 ’ὸν
1378 2004 1515 2066 ἅπας
1556 2001 1839 2080 ἅνθρωπος
1869 2025 1958 2058 τε-

307 2085 493 2159 λευτᾷ·
537 2087 921 2166 προαιρετικὸς
972 2088 1029 2145 δὲ
1075 2088 1301 2154 Θάνατος
1343 2094 1377 2161 ἡ
1409 2093 1526 2146 κατ’
1566 2093 1760 2168 ἀρετὴν
1795 2093 1959 2166 ὑπάρ-

305 2196 397 2252 χει
450 2180 586 2248 ζωή·
645 2179 765 2242 καθ’
808 2180 874 2248 ἣν
926 2180 953 2233 6
984 2177 1201 2250 ἀληθὴς
1249 2178 1548 2259 φιλόσοφος
1598 2182 1823 2258 χωρίζει
1869 2183 1957 2236 καὶ

305 2266 418 2342 πρὸ
464 2271 563 2321 τοῦ
608 2272 837 2345 φυσικοῦ
893 2270 1120 2324 θανάτου
1165 2271 1264 2337 τὴν
1324 2272 1509 2346 ψυχὴν
1559 2270 1618 2325 ἐκ
1642 2275 1741 2326 τοῦ
1772 2272 1957 2342 σώμα-

305 2375 398 2409 τος
458 2356 717 2431 νέκρωσιν
776 2356 1215 2433 ἀπεργαζόμενος
1267 2362 1377 2413 τῶν
1436 2362 1638 2414 παθῶν·
1689 2361 1823 2434 (καὶ)
1870 2358 1960 2414 διὰ

301 2452 405 2514 τῆς
433 2443 692 2514 τοιαύτης
739 2447 1050 2521 νεκρώσεως
1087 2450 1166 2519 τῷ
1213 2446 1404 2503 ἀπαθεῖ
1447 2449 1584 2503 κατᾶ
1626 2449 1689 2503 τὸ
1738 2447 1958 2504 δυνατὸν

305 2532 695 2607 ὁμοιούμενος.
756 2535 906 2588 Ἔστι
965 2532 1022 2589 δὲ
1076 2535 1164 2590 καὶ
1221 2536 1526 2613 κοινότερον
1576 2538 1699 2614 περὶ
1732 2546 1831 2607 τῆς
1858 2543 1956 2593 τοῦ

307 2621 539 2677 θανάτου
592 2622 826 2695 μελέτης
872 2623 1038 2677 εἰπεῖν
1076 2640 1089 2653 ·
1140 2623 1326 2702 ὅτιπερ
1377 2627 1405 2680 6
1443 2627 1541 2695 τήν
1584 2626 1819 2691 ἐντεῦθεν
1869 2628 1954 2682 ἐκ·

309 2708 514 2784 δημίαν
571 2710 623 2766 ἐν
671 2715 749 2783 νῷ
792 2710 966 2789 φέρων
1017 2709 1307 2776 διαπαντὸς
1351 2715 1440 2770 καὶ
1491 2714 1776 2790 μελέτημα
1827 2718 1954 2772 ταύ-

309 2820 414 2871 της
476 2800 757 2873 τιθέμενος
832 2799 1094 2874 ἔμμονον,
1152 2802 1366 2859 πάντων
1431 2804 1791 2884 φιλοσοφήσει
1845 2811 1952 2861 τῶν

306 2894 638 2962 σωματικῶν
667 2890 768 2959 τήν
818 2887 1166 2965 ἀπαλλαγὴν,
1215 2891 1305 2947 καὶ
1337 2891 1436 2948 ὅσα
1479 2896 1577 2963 τὴν
1609 2896 1792 2971 ψυχὴν
1830 2895 1955 2971 βελ-

301 2984 417 3034 τιοῖ
445 2983 789 3055 κατορθῶσαι
823 2976 1133 3048 σπουδάσει,
1182 2980 1271 3036 καὶ
1316 2984 1415 3052 τὴν
1466 2983 1660 3059 ἀρετὴν
1697 2984 1785 3039 καὶ
1818 3006 1953 3058 συμ-

305 3067 741 3141 πολιτευομένην
790 3068 879 3122 καὶ
946 3066 1281 3142 συνέκδημον
1345 3074 1621 3143 κτήσεται,
1677 3078 1783 3127 τῶν
1843 3073 1955 3128 ἐπι-

304 3158 492 3231 κήρων
519 3154 990 3231 ἆνταλλαξάμενος
1023 3156 1090 3211 τὰ
1116 3157 1328 3216 αἰώνια.

378 3420 441 3479 δ’.
474 3423 737 3501 Τέταρτος
769 3423 894 3500 ὅρος
927 3425 1065 3482 ἐστὶν
1099 3426 1128 3480 6
1161 3425 1331 3503 λέγων
1366 3425 1447 3480 ὅτι
1479 3426 1773 3506 φιλοσοφία
1810 3427 1948 3484 ἐστὶν

304 3512 575 3587 ὁμοίωσις
605 3518 722 3586 Θεῷ
749 3514 885 3571 κατᾶ
911 3516 976 3570 τὸ
1005 3513 1226 3571 δυνατὸν
1257 3514 1548 3592 ἀνθρώπῳ.

380 3712 437 3766 ε’.
474 3708 626 3765 Ἐπεὶ
654 3711 755 3787 γὰρ
785 3711 814 3765 6
845 3711 973 3774 Θεὸς
1023 3709 1204 3775 διττας
1252 3708 1366 3788 ἔχει
1399 3714 1495 3775 τὰς
1547 3710 1811 3790 ἐνεργείας
1859 3715 1953 3776 τὰς

314 3799 408 3872 μὲν
458 3799 763 3874 γνωστικάς
816 3804 924 3855 τῶν
970 3795 1167 3874 ὄντων,
1216 3802 1331 3856 καθ’
1380 3800 1440 3863 ἃς
1489 3802 1656 3856 πάντα
1702 3802 1957 3875 γινώσκει

308 3886 398 3942 καὶ
452 3889 560 3964 πρὸ
612 3888 874 3962 γενέσεως
925 3889 1123 3944 αὐτῶν·
1177 3890 1271 3951 τὰς
1319 3887 1377 3945 δὲ
1430 3891 1794 3965 προνοητικὰς
1847 3894 1954 3945 τῶν

307 3973 763 4051 καταδεεστέρων,
810 3979 929 4042 καθ’
958 3976 1018 4041 ἃς
1066 3983 1376 4055 προνοεῖται
1424 3983 1522 4033 τοῦ
1568 3978 1776 4052 κόσμου
1819 4000 1957 4033 παν-

306 4065 421 4127 τός·
474 4064 622 4121 ἀλλὰ
675 4063 741 4135 δὴ
786 4066 876 4121 καὶ
924 4068 953 4122 ὁ
1002 4066 1298 4145 φιλόσοφος
1358 4071 1466 4121 τῶν
1516 4062 1681 4121 ὄντων
1742 4065 1958 4123 σπεύδει

313 4156 531 4210 πάντων
586 4154 715 4210 εἶναι
763 4156 1046 4232 θεωρητής
1093 4157 1184 4211 καὶ
1205 4157 1304 4226 τήν
1331 4160 1439 4212 τῶν
1482 4154 1625 4211 ὅλων
1659 4154 1812 4234 φύσιν
1847 4156 1959 4212 ἐπί-

314 4246 557 4299 στασθαι·
606 4250 916 4321 προνοεῖται
968 4242 1025 4300 δὲ
1070 4243 1161 4300 καί
1201 4250 1307 4300 τῶν
1355 4243 1777 4321 καταδεεστέρων
1806 4266 1818 4279 ’
1871 4243 1960 4301 διὰ

318 4334 414 4406 μὲν
439 4339 542 4401 τῆς
573 4334 916 4409 θεωρητικῆς
945 4334 1012 4388 τὰ
1056 4333 1303 4410 δόγματα
1350 4331 1614 4389 διδάσκων
1669 4341 1768 4404 τῆς
1817 4332 1957 4404 ἀλη-

313 4421 478 4494 θείας,
533 4418 623 4476 διὰ
672 4419 730 4476 δὲ
773 4428 874 4492 τῆς
913 4430 1217 4499 πρακτικῆς
1258 4420 1368 4493 ¹ἤθη
1421 4423 1695 4499 ῥυθμίζων
1740 4424 1828 4478 καὶ
1869 4445 1958 4478 νο-

317 4511 558 4584 μοθετῶν
606 4510 676 4564 τὰ
723 4507 910 4565 δέοντα
949 4511 1039 4565 καὶ
1091 4508 1321 4581 δικάζων
1362 4510 1452 4565 καὶ
1480 4511 1731 4566 παντοίαν
1783 4509 1958 4582 ἄλλην

2077 694 2207 732 esse
2240 676 2677 732 meditationem
2712 676 2939 747 mortis,
2975 674 3238 731 electitiae
3285 675 3562 731 nimirum
3614 692 3717 731 seu

2078 765 2437 821 voluntariis.
2472 766 2670 837 Neque
2701 764 2857 821 enim
2888 764 2999 820 hoc
3029 763 3417 838 philosophus
3446 763 3720 820 meditari

2074 854 2220 925 vult,
2241 854 2533 926 quomodo
2553 854 2663 909 sibi
2687 853 2799 926 ipsi
2821 869 3034 908 manus
3053 853 3265 909 inferat
3282 852 3389 925 (sic
3410 853 3565 908 enim
3588 869 3722 908 con-

2077 943 2302 998 dititias
2330 942 2486 1014 leges
2517 947 2836 1010 everteret;
2865 942 3155 1014 siquidem
3187 941 3452 997 conditor
3480 940 3720 1013 quidem

2076 1032 2333 1087 animam
2366 1049 2500 1086 cum
2518 1048 2756 1103 corpore
2778 1030 3085 1104 copulavit,
3103 1030 3202 1086 ille
3222 1034 3417 1086 autem
3444 1030 3721 1101 hujusce-

2076 1121 2234 1176 modi
2265 1121 2534 1194 copulam
2558 1120 2791 1192 injussu
2814 1122 2942 1191 ejus
2968 1119 3067 1192 qui
3090 1118 3385 1191 copulavit
3404 1118 3720 1175 dissolvere

2075 1210 2420 1282 praesumit).
2451 1209 2559 1265 Sed
2592 1208 2870 1281 quoniam
2901 1209 3022 1264 vitu
3051 1208 3267 1279 duplex
3294 1213 3384 1264 est
3419 1208 3532 1281 (est
3561 1207 3718 1264 enim

2074 1299 2188 1355 alia
2218 1299 2453 1371 quidem
2485 1298 2788 1367 naturalis,
2822 1297 2937 1354 alia
2963 1314 3097 1354 vero
3128 1296 3371 1353 electiva
3397 1314 3411 1366 ;
3462 1300 3519 1353 et
3547 1301 3717 1353 natu-

2074 1389 2215 1445 ralis
2248 1390 2345 1447 45
2377 1389 2638 1461 quidem,
2671 1387 2950 1444 connexio
2981 1386 3191 1443 animae
3221 1390 3277 1443 et
3318 1386 3597 1458 corporis,
3627 1403 3716 1443 se-

2074 1478 2333 1533 cundum
2360 1495 2539 1550 quam
2572 1495 2605 1533 a
2634 1477 2830 1532 divina
2859 1477 3220 1549 providentia
3248 1475 3477 1532 vivendi
3515 1475 3718 1548 dispo-

2073 1567 2344 1623 sitionem
2395 1567 2751 1640 accepimus,
2783 1583 2902 1638 qua
2949 1582 3161 1637 corpus
3207 1564 3352 1637 ligat
3399 1565 3662 1620 animam
3700 1583 3715 1634 ;

2072 1656 2324 1713 electitia
2352 1673 2506 1723 vero,
2540 1656 2873 1727 conjunctio
2899 1671 3003 1711 seu
3042 1653 3399 1711 consortium
3420 1670 3555 1709 cum
3580 1670 3710 1709 cor-

2071 1763 2210 1818 pore
2251 1751 2307 1802 et
2356 1745 2509 1802 circa
2558 1745 2888 1817 voluptates
2933 1743 3254 1816 occupatio,
3299 1758 3416 1815 qua
3462 1742 3716 1815 seipsam

2071 1835 2270 1892 anima
2297 1834 2462 1908 ligat,
2493 1838 2551 1890 et
2575 1833 2800 1907 corpori
2831 1832 3077 1906 afﬁgit):
3110 1830 3324 1904 duplex
3353 1829 3528 1887 etiam
3560 1848 3719 1888 mors

2071 1942 2199 1981 esse
2228 1924 2619 1997 cognoscitur,
2653 1921 2939 1979 naturalis
2969 1925 3027 1977 et
3055 1920 3315 1977 electiva.
3335 1924 3405 1975 Et
3432 1919 3717 1976 naturalis

2068 1996 2317 2084 quidem
2353 2028 2513 2067 mors
2558 2014 2646 2067 est
2692 2008 3075 2082 disseparatio
3123 2008 3333 2064 anima;
3382 2025 3417 2064 θ.
3454 1996 3716 2079 corpore,

2068 2102 2389 2157 secundum
2423 2116 2603 2171 quam
2633 2099 2827 2155 omnis
2847 2098 3023 2154 homo
3047 2096 3292 2166 decedit,
3312 2095 3561 2152 electitia
3578 2111 3712 2154 vero

2069 2206 2227 2246 mors
2258 2190 2585 2245 secundum
2614 2188 2888 2244 virtutem
2934 2185 3057 2242 vita
3084 2185 3349 2253 exsistit;
3385 2185 3710 2241 secundum

2067 2296 2245 2352 quam
2277 2295 2447 2335 verus
2479 2276 2863 2351 philosophus
2893 2275 3069 2332 etiam
3100 2278 3234 2330 ante
3258 2278 3507 2330 mortem
3538 2278 3709 2330 natu-

2066 2366 2248 2422 ralem
2282 2369 2515 2438 separat
2542 2364 2797 2420 animam
2829 2380 2863 2419 a
2893 2378 3152 2434 corpore,
3183 2362 3322 2416 dum
3364 2361 3707 2433 passionum

2067 2455 2578 2510 mortiﬁcationem
2611 2457 2904 2525 operatur,
2936 2457 2993 2508 et
3019 2450 3429 2523 hujuscemodi
3459 2450 3710 2505 mortiﬁ-

2066 2544 2292 2600 catione
2322 2547 2544 2599 naturae
2574 2539 2950 2613 impassibili,
2982 2544 3269 2613 quantum
3301 2539 3429 2610 ejus
3458 2539 3583 2594 ﬁeri
3613 2554 3712 2611 p0-

2065 2638 2200 2704 test,
2235 2632 2447 2688 similis
2478 2632 2751 2687 efﬁcitur.
2787 2631 2897 2686 Sed
2929 2628 3065 2684 licet
3111 2629 3288 2684 etiam
3337 2629 3709 2684 communius

2065 2724 2136 2778 de
2161 2721 2539 2777 meditatione
2569 2720 2775 2776 mortis
2804 2719 3091 2774 disserere
3125 2736 3137 2774 :
3188 2718 3340 2789 quod
3370 2718 3471 2789 qui
3501 2733 3572 2773 ex
3598 2716 3710 2773 hoc

2064 2812 2283 2867 mundo
2315 2810 2638 2866 discessum
2669 2812 2863 2864 mente
2891 2823 3122 2879 semper
3166 2805 3501 2862 circumfert
3550 2809 3608 2862 et
3637 2806 3699 2861 in

2064 2904 2367 2956 constante
2396 2899 2575 2970 hujus
2604 2897 2983 2953 meditatione
3008 2898 3291 2964 versatur,
3322 2894 3374 2950 is
3401 2894 3702 2951 liberatio-

2064 3006 2196 3045 nem
2247 2990 2319 3045 ab
2367 2987 2640 3044 omnibus
2688 2985 3085 3057 corporalibus
3127 2982 3618 3041 commentabitur
3645 2987 3703 3040 et

2063 3095 2427 3152 quaecunque
2457 3077 2722 3133 animum
2770 3074 3069 3131 meliorem
3114 3073 3397 3140 efﬁciunt,
3428 3088 3705 3145 peragere

2064 3168 2345 3235 studebit,
2376 3166 2769 3237 virtutemque
2799 3181 2934 3220 cum
2973 3164 3033 3219 in
3081 3160 3382 3236 republica
3408 3159 3703 3230 comitem,

2061 3262 2189 3314 tum
2221 3257 2283 3312 in
2314 3254 2781 3330 peregrinatione
2812 3253 3031 3310 sociam
3053 3251 3312 3322 habebit,
3340 3249 3574 3307 caducis
3600 3250 3704 3306 46

1982 3321 2025 3388 (ἶ
2063 3350 2120 3402 et
2143 3321 2334 3401 fluxis-
2351 3321 2717 3417 provaeternis
2740 3339 3108 3415 permutatis.

2134 3436 2188 3492 4.
2239 3434 2459 3499 Quarta
2514 3431 2772 3489 deﬁnitio
2819 3434 2914 3488 est
2959 3447 3086 3503 quaa
3131 3430 3232 3499 ait,
3271 3429 3704 3503 philosophiam

2065 3539 2192 3580 esse
2223 3522 2674 3579 similitudinem
2703 3536 2839 3578 cum
2869 3524 3008 3590 Deo,
3039 3523 3261 3593 quanta
3304 3520 3365 3575 in
3404 3518 3704 3576 hominem

2064 3613 2270 3669 cadere
2295 3614 2505 3684 potest.

2134 3720 2190 3775 5.
2223 3718 2508 3785 Quoniam
2540 3716 2696 3773 enim
2726 3715 2879 3771 Deus
2911 3714 3087 3771 habet
3127 3713 3392 3786 duplices
3421 3712 3708 3786 operatio-

2065 3824 2208 3876 nes;
2241 3807 2386 3862 alias
2414 3804 2647 3877 quidem
2697 3803 2912 3877 quibus
2954 3802 3255 3875 cognoscit
3289 3800 3466 3871 entia,
3500 3817 3707 3858 secun-

2067 3896 2209 3951 dum
2266 3911 2415 3966 quas
2471 3893 2669 3949 omnia
2715 3891 2892 3948 etiam
2950 3896 3086 3947 ante
3135 3895 3331 3947 ortum
3385 3906 3561 3947 suum
3613 3906 3709 3947 co-

2066 3984 2333 4058 gnoscit;
2367 3983 2512 4039 alias
2531 3998 2684 4052 vero,
2718 3981 2935 4053 quibus
2977 3996 3296 4053 egenarum
3345 3995 3540 4035 rerum
3572 3995 3711 4051 pro-

2066 4072 2386 4129 videntiam
2412 4072 2589 4128 habet
2616 4070 2942 4127 secundum
2973 4086 3122 4142 quas
3167 4069 3274 4125 toti
3318 4068 3538 4124 mundo
3576 4084 3710 4139 pro-

2068 4161 2263 4234 spicit,
2278 4162 2405 4233 jam
2436 4176 2572 4216 vero
2598 4159 2774 4216 etiam
2798 4157 3184 4231 philosophus
3205 4173 3406 4213 eorum
3426 4173 3553 4229 quis
3573 4159 3714 4212 sunt

2065 4249 2491 4322 contemplator
2517 4265 2666 4317 esse,
2694 4252 2751 4304 et
2774 4264 2970 4305 rerum
3000 4246 3405 4303 universarum
3438 4250 3709 4301 naturam

2070 4340 2219 4395 scire
2249 4339 2548 4394 contendit
2572 4355 2586 4407 ;
2619 4336 2760 4409 quin
2780 4341 2837 4392 et
2856 4351 3173 4409 egenarum
3202 4350 3395 4391 rerum
3426 4333 3712 4389 rationem

2068 4433 2127 4484 et
2185 4444 2385 4483 curam
2436 4427 2631 4495 habet,
2682 4426 2916 4498 quando
2972 4422 3432 4495 contemplativa
3469 4421 3711 4493 quidem

2070 4514 2499 4588 (philosophiae)
2528 4514 2830 4585 beneﬁcio,
2865 4514 3142 4586 dogmata
3169 4529 3272 4568 seu
3303 4512 3534 4567 decreta
3561 4510 3710 4566 veri-

309 4598 641 4671 ποιούμενος
692 4595 1005 4672 ἐπιμέλειαν
1056 4604 1154 4654 τοῦ
1201 4599 1539 4662 συνοίσοντος
1574 4619 1587 4632 ο
1647 4599 1868 4662 εἲκότως
1921 4603 1956 4670 ἡ

376 4686 398 4703 ς
561 4686 574 4703 Ι
644 4683 668 4703 ᾗ
705 4687 720 4703 ς
822 4691 849 4702 ~
952 4694 981 4703 Α
1020 4692 1048 4703 ~
1098 4688 1112 4703 1
1182 4688 1194 4703 Ι
1363 4689 1375 4703 ο
1472 4688 1483 4703 1

2073 4605 2207 4660 tatis
2240 4605 2445 4673 docet;
2481 4603 2679 4659 activae
2709 4606 2903 4659 autem
2936 4616 3127 4657 mores
3158 4601 3229 4656 ad
3260 4598 3713 4656 concinnitatem

313 4686 610 4765 φιλοσοφία
641 4683 730 4742 διὰ
754 4691 922 4742 ταῦτα
945 4692 1061 4761 Θεῷ
1093 4688 1326 4764 ὑπάρχει
1356 4688 1640 4762 ὁμοίωσις.

2073 4694 2416 4760 conformat,
2448 4696 2506 4747 et
2554 4693 2625 4748 de
2654 4690 2863 4747 ofﬁciis
2906 4690 3069 4763 leges
3111 4686 3463 4761 promulgat,
3495 4691 3554 4742 et
3582 4703 3715 4743 sen-

308 4744 538 4833 tentias.
574 4777 737 4848 dicit,
768 4780 844 4849 let
871 4778 932 4833 in
979 4744 1471 4850 qdamvishaliam
1523 4744 1811 4850 profuturi
1858 4744 2906 4853 curam'etndiligentiam
2941 4744 3306 4850 V:Ueapropter
3346 4744 3720 4848 philosophia

306 4867 440 4938 jure
470 4865 796 4922 similitudo
827 4883 961 4923 cum
992 4867 1109 4923 Deo
1138 4867 1384 4924 exsistit.

384 4971 449 5035 ς’.
510 4969 834 5047 Πρόσκειται
906 4969 965 5027 δὲ
1010 4972 1074 5027 τὸ
1143 4974 1276 5027 κατὰ
1328 4973 1392 5027 τὸ
1459 4971 1680 5027 δυνατὸν
1755 4972 1960 5045 ἀνθρώ-

313 5081 403 5133 πῳ
460 5058 668 5130 καλῶς,
727 5059 843 5114 ἐπεὶ
896 5064 1004 5116 τῶν
1066 5062 1316 5137 γνώσεων
1380 5062 1471 5117 καί
1524 5066 1631 5115 τῶν
1693 5064 1961 5136 προνοιῶν

310 5147 578 5223 πάμπολυ
627 5147 691 5204 τὰ
750 5147 1028 5228 διάφορον.
1085 5152 1177 5205 Ὧν
1234 5150 1338 5227 γὰρ
1387 5151 1442 5205 αἱ
1489 5150 1663 5205 οὐσίαι
1713 5146 1961 5225 διάφοροι

315 5238 404 5292 καὶ
460 5238 579 5292 καθ’
635 5236 760 5293 ὅσον
795 5285 809 5311 ,
865 5238 1073 5294 τούτων
1146 5239 1236 5295 καὶ
1308 5241 1365 5293 αἱ
1436 5237 1773 5307 τελειότητες
1829 5239 1965 5293 κατά

314 5330 571 5383 τοσοῦτον
621 5325 891 5406 διάφοροι.
933 5328 1020 5390 Τίς
1052 5327 1109 5384 δὲ
1156 5328 1433 5405 σύγκρισις
1483 5327 1692 5407 φύσεως
1740 5328 1965 5400 πάμπαν

314 5422 552 5493 τρεπτῆς
598 5416 686 5472 καὶ
733 5416 958 5492 ῥευστῆς
989 5419 1126 5494 πρὸς
1170 5420 1271 5487 τήν
1307 5418 1568 5495 μακαρίαν
1621 5416 1827 5486 ἐκείνην
1869 5414 1962 5469 οὖ-

316 5504 429 5560 σίαν
501 5505 592 5560 καὶ
666 5505 994 5561 παντάπασιν
1073 5507 1403 5584 ἐξῃρημένην
1481 5507 1689 5576 ἁπάσης
1759 5509 1963 5583 φθορᾶς

317 5593 404 5649 καὶ
448 5601 659 5671 τροπῆς
717 5596 817 5664 τὴν
874 5594 1043 5650 πάντα
1088 5600 1212 5651 νοῦν
1268 5598 1343 5669 μὴ
1395 5595 1559 5669 μόνον
1610 5594 1964 5669 ἀνθρώπινον,

320 5679 468 5738 ἀλλὰ
512 5683 601 5738 καὶ
678 5682 964 5761 ἀγγελικὸν
1006 5683 1059 5747 ἐς
1110 5685 1392 5760 ἀπειράκις
1438 5682 1658 5760 ἄπειρον
1710 5675 1962 5756 ὑπερϐαί-

317 5792 504 5827 νουσαν
539 5792 554 5844 ;

2114 4977 2195 5047 76.
2226 4976 2378 5032 Bene
2407 4977 2603 5032 autem
2634 4975 2927 5047 adjectum
2956 4975 3294 5045 est,quanta
3321 4971 3384 5026 in
3412 4969 3715 5026 hominem

2071 5066 2279 5121 cadere
2308 5069 2535 5137 potest;
2570 5063 2862 5136 siquidem
2891 5062 3234 5119 notitiarum
3256 5063 3314 5117 et
3332 5058 3718 5133 providentia-

2072 5170 2203 5209 rum
2236 5169 2451 5226 magna
2479 5156 2570 5208 est
2599 5150 2926 5207 diversitas.
2959 5151 3219 5215 Quorum
3249 5147 3406 5203 enim
3435 5144 3717 5201 substan-

2073 5243 2155 5297 tia
2186 5246 2324 5298 sunt
2355 5241 2596 5296 diversae
2626 5244 2683 5296 et
2711 5240 2772 5294 in
2803 5244 3091 5311 quantum
3140 5240 3280 5292 sunt
3316 5235 3579 5301 diversae,
3610 5232 3717 5289 ho-

2071 5347 2204 5385 rum
2232 5329 2404 5386 etiam
2433 5329 2815 5401 perfectiones
2827 5329 2922 5383 47
2952 5328 3009 5381 in
3041 5330 3272 5382 tantum
3296 5328 3434 5380 sunt
3453 5322 3713 5379 diversae.

2071 5418 2245 5490 Atqui
2277 5436 2404 5490 qua:
2436 5417 2791 5489 comparatio
2812 5421 2904 5472 est
2926 5422 3145 5472 natura
3178 5431 3280 5487 per
3306 5412 3504 5470 omnia
3528 5415 3716 5466 muta-

2071 5508 2206 5564 bilis
2257 5508 2531 5578 ﬂuxuque
2580 5523 2712 5561 cum
2761 5506 2931 5561 beata
2977 5505 3078 5559 illa
3124 5501 3455 5559 substantia
3482 5514 3609 5572 qua
3640 5498 3714 5553 ab

2074 5596 2232 5652 omni
2265 5597 2632 5667 corruptione
2663 5600 2720 5650 et
2750 5594 3070 5650 mutatione
3100 5594 3367 5663 exempta
3415 5594 3525 5653 est,
3557 5604 3713 5660 qum-

2074 5703 2188 5757 que
2209 5702 2442 5741 omnem
2465 5702 2581 5740 non
2606 5684 2777 5739 modo
2800 5683 3150 5754 humanum,
3173 5681 3275 5737 sed
3299 5678 3477 5737 etiam
3497 5674 3716 5749 angeli-

2075 5791 2206 5831 cum
2230 5774 2587 5832 intellectum
2610 5773 2671 5829 in
2693 5772 2973 5830 inﬁnities
2990 5771 3285 5828 inﬁnitum
3306 5762 3712 5824 tranScendit?
