4096 6450
457 405 578 464 723

1706 403 2128 466 NICEPHOBI
2172 402 2609 465 BLEMMIDE

3744 399 3851 458 724

533 541 586 591 7.
620 536 834 602 Quinta
863 536 1122 592 deﬁnitio
1152 541 1260 606 est,
1294 553 1420 608 quae
1452 537 1879 610 philosophiam
1913 543 2096 592 artem
2129 543 2183 607 Α

2287 541 2344 603 ζ’.
2382 535 2632 607 Πέμπτος
2681 532 2910 608 ὁρισμός
2948 532 2976 585 6
3006 531 3106 599 τὴν
3156 527 3480 608 φιλοσοφίαν
3526 527 3730 605 τέχνην
3774 550 3848 584 τε·

463 626 676 682 artium
709 631 767 680 et
797 626 1102 680 scientiam
1133 626 1507 681 scientiarum
1539 628 1774 681 definit:
1808 643 1940 681 cum
1974 643 2100 681 om-

2212 629 2357 698 χνῶν
2424 625 2514 678 καὶ
2582 623 2892 694 ἐπιστήμην
2949 620 3261 692 ἐπιστημῶν
3321 619 3695 693 ὁριζόμενος,
3747 617 3849 674 ἐπεὶ

463 733 566 770 nes
595 721 749 769 artes
782 719 838 769 et
870 713 1121 769 scientia:
1164 731 1272 770 sua
1320 715 1607 786 principia
1655 733 1688 769 a
1734 714 2104 787 philosophia
2210 738 2214 746 ι

2228 720 2374 767 τᾶσαι
2431 715 2614 788 τέχναι
2676 711 2765 766 καὶ
2825 710 3118 781 ἐπιστῆμαι
3177 709 3324 782 παρὰ
3373 711 3474 776 τῆς
3540 705 3849 785 φιλοσοφίας

461 803 773 874 accipiant,
849 803 1143 875 siquidem
1221 803 1344 858 hanc
1403 803 1806 859 universorum
1864 810 2106 860 naturas

462 892 594 948 scit.

533 981 768 1035 8.Sexta
797 984 852 1035 et
881 980 1088 1036 ultima
1117 981 1375 1037 definitio
1405 986 1646 1053 est,quaa
1676 980 2106 1053 philosophiam

463 1086 592 1126 esse
623 1069 762 1124 dicit
789 1085 1046 1124 amorem
1081 1071 1404 1142 sapientiae,
1439 1070 1546 1126 hoc
1579 1075 1685 1142 est,
1719 1071 1816 1126 Dei
1849 1071 2106 1126 dilectio-

465 1174 620 1214 nem.
652 1159 778 1230 lpse
809 1159 964 1214 enim
997 1165 1085 1214 est
1112 1157 1425 1230 αὐτόσοφία,
1455 1159 1562 1214 hoc
1589 1165 1698 1229 est,
1727 1160 1856 1231 ipsa
1885 1161 2111 1231 sapien-

465 1249 587 1312 tia;
631 1247 847 1317 quique
879 1253 1038 1302 amat
1071 1247 1266 1319 ipsum
1310 1253 1366 1303 et
1416 1253 1700 1318 quantum
1751 1248 1871 1302 fieri
1922 1252 2112 1320 potest

469 1335 958 1407 contemplatione
999 1340 1056 1392 et
1084 1337 1310 1391 actione
1353 1353 1485 1391 cum
1535 1337 1662 1408 ipso
1715 1337 2108 1409 congreditur,

469 1423 568 1480 ille
597 1424 827 1496 proprie
875 1419 1195 1499 φιλοσόφος,
1227 1425 1336 1480 hoc
1387 1429 1494 1493 est,
1549 1425 1849 1497 sapientiae
1907 1442 2112 1480 amans

471 1531 575 1569 seu
602 1513 907 1568 studiosus
935 1514 1260 1569 vocabitur.

541 1602 597 1655 9.
626 1600 822 1658 Prima
863 1602 1100 1673 quidem
1152 1602 1330 1674 igitur
1374 1602 1661 1658 dictarum
1706 1602 2111 1658 definitionum

475 1694 532 1745 et
560 1691 818 1746 secunda
846 1695 903 1744 et
927 1695 1088 1745 sexta
1117 1690 1450 1763 Pythagora:
1495 1691 1690 1747 Samio
1739 1697 1984 1764 acceptae
2032 1694 2113 1748 fe-

477 1783 688 1834 runtur
719 1795 732 1833 :
763 1778 936 1834 tertia
965 1795 1096 1834 vero
1119 1783 1176 1834 et
1203 1784 1413 1852 quarta
1431 1779 1654 1835 Platoni
1681 1798 1694 1848 ;
1728 1781 1936 1852 quinta
1960 1781 2115 1837 deni-

481 1883 596 1940 que
624 1867 942 1923 Aristoteli.

2216 797 2554 874 λαμϐάνουσι
2608 800 2701 862 τὰς
2756 799 2951 876 ἀρχὰς,
3010 795 3062 852 εἷ’
3113 819 3172 874 γε
3227 801 3332 852 τῶν
3381 794 3532 852 ὅλων
3595 795 3729 866 αὕτη
3765 798 3850 858 τὰς

2215 891 2396 967 φύσεις
2428 889 2723 945 ἐπίσταται.

2286 981 2355 1050 η’.
2385 981 2576 1040 Ἕκτος
2627 979 2716 1032 καὶ
2761 976 3070 1038 τελευταῖός
3115 975 3254 1031 ἐστιν
3304 975 3539 1049 ὁρισμὸς
3588 975 3616 1028 6
3646 975 3742 1043 τὴν
3773 995 3849 1051 φι-

2218 1067 2476 1145 λοσοφίαν
2521 1067 2648 1122 εἶναι
2700 1065 2872 1142 λέγων
2923 1066 3104 1144 φιλίαν
3147 1063 3360 1142 σοφίας,
3406 1062 3690 1118 τουτέστιν
3739 1063 3854 1138 ἀγά-

2216 1179 2324 1226 πην
2376 1162 2528 1212 Θεοῦ.
2584 1155 2753 1217 Αὐτὸς
2802 1155 2901 1230 γάρ
2935 1153 3073 1209 ἐστιν
3123 1157 3159 1224 ἡ
3209 1153 3528 1232 αὐτοσοφία·
3582 1153 3674 1207 καὶ
3719 1153 3746 1205 6
3782 1174 3856 1228 φι-

2220 1245 2328 1301 λῶν
2390 1245 2548 1300 αὐτὸν
2586 1292 2600 1314 ,
2647 1245 2735 1300 καὶ
2783 1246 2917 1300 κατᾶ
2967 1246 3028 1299 τὸ
3081 1241 3298 1299 δυνατὸν
3346 1240 3436 1296 διὰ
3493 1241 3730 1318 θεωρίας
3777 1241 3855 1296 καὶ

2217 1335 2459 1410 πράξεως
2519 1334 2664 1406 αὐτῷ
2718 1336 2889 1388 συνὼν
2924 1379 2938 1403 ,
2999 1332 3201 1394 ἐκεῖνος
3261 1333 3319 1387 ἂν
3373 1331 3584 1407 κυρίως
3638 1328 3855 1399 κληθείη

2220 1422 2540 1500 φιλόσοφος.

2291 1514 2352 1566 θ’.
2410 1518 2464 1564 '0
2525 1513 2619 1585 μέν
2678 1513 2770 1566 οὖν
2829 1514 3044 1586 πρῶτος
3087 1514 3194 1564 τῶν
3253 1507 3558 1585 εἷρημὲνων
3630 1507 3854 1582 ὁρισμῶν

2219 1603 2310 1656 καὶ
2341 1603 2369 1655 6
2402 1599 2669 1677 δεύτερος,
2719 1600 2868 1656 καὶὸ
2913 1597 3090 1670 ἕκτος,
3123 1598 3198 1660 εἷς
3246 1593 3574 1674 Πυὸαγόραν
3623 1597 3716 1651 τὸν
3767 1593 3857 1648 Σά-

2226 1711 2350 1763 μιον
2379 1691 2754 1766 ἀναφέρονται,
2789 1690 2818 1743 6
2846 1688 3028 1764 τρίτος
3079 1685 3137 1742 δὲ
3183 1687 3273 1742 καὶ
3304 1688 3332 1742 6
3360 1685 3624 1760 τέταρτος
3672 1682 3745 1745 είς
3778 1683 3856 1738 τὸν

2226 1780 2487 1835 Πλάτωνα
2520 1799 2532 1812 ·
2594 1781 2623 1834 6
2677 1776 2734 1833 δέ
2803 1799 2866 1853 γε
2942 1777 3189 1851 πέμπτος
3267 1775 3341 1838 εἷς
3400 1775 3497 1830 τὸν
3573 1771 3859 1850 Ἀριστοτέ-

2147 1856 2195 1920 Β
2227 1867 2353 1937 λην.

1412 2051 1619 2122 Σχῆμα
1645 2046 1836 2124 κεφαλ.
1870 2044 1932 2105 δ’.
1965 2047 2111 2111 Τίνες
2143 2049 2195 2103 οἱ
2222 2055 2324 2118 τῆς
2353 2047 2674 2126 φιλοσοφίας
2705 2047 2946 2123 ὁρισμοί.

535 2370 782 2447 Ὁρισμοὶ
819 2331 1137 2450 φιλοσοφίας
1216 2207 1244 2607 ἔ

1319 2553 1614 2632 φιλοσοφία
1640 2555 1747 2610 ἐστὶ
1779 2579 1835 2634 φι

1320 2195 1614 2275 φιλοσοφία
1787 2203 1986 2274 γνῶσις
2012 2205 2118 2275 τῷν
2153 2196 2320 2254 ὄντων

1319 2258 1613 2347 φιλοσοφία
1784 2258 1984 2347 ἦνῷσις
2013 2273 2170 2347 θείων
2197 2293 2255 2326 τε
2285 2258 2388 2326 καί
2405 2271 2760 2347 ἀνθρωπίνων
2791 2268 3148 2344 πραγμάτων·

1319 2341 1613 2418 φιλοσοφία
1647 2341 1760 2418 έστμὶ
1798 2341 1998 2418 μελέτη
2031 2341 2280 2406 θανάτου·

1319 2411 1612 2489 φιλοσοφία
1643 2411 2082 2489 έστξνομοίωσις
2114 2420 2230 2486 Θεῷ
2259 2413 2394 2489 κατὰ
2420 2415 2483 2468 τὸ
2514 2411 2734 2489 δυνατον
2768 2414 3055 2489 ἀνθρώπιν’

1319 2483 1616 2560 φιλοσοφία
1646 2483 1755 2538 ἐστὶ
1784 2483 1953 2559 τέ’κνη
1986 2506 2042 2540 τε
2090 2483 2316 2540 νῶνκαὶ
2348 2485 2662 2559 ἐπιστημῶν
2696 2483 2994 2557 ἐπιστήμη·

1319 2553 1614 2612 Φιλοσοφία
1640 2555 1747 2610 έστὶ
1779 2505 1936 2612 φιλία
1965 2506 2126 2612 σοεέία
2157 2557 2362 2612 σοφίας·

1887 2558 1936 2611 ία
1965 2557 2126 2634 σοφία
2157 2557 2362 2634 σοφίας·

2353 2201 2391 2271 ᾗ
2419 2194 2546 2255 ὄντα
2576 2199 2708 2254 ἐστι·

1373 2863 1473 2919 48
1508 2862 1713 2920 Tabula
1740 2864 1936 2934 capitis
1965 2864 2017 2931 4,
2048 2863 2122 2919 De
2146 2862 2506 2936 philosophiae
2531 2861 2961 2932 deﬁnitionibus.

467 3129 849 3202 Philosophiae
887 3129 1172 3185 deﬁnitio-
1245 2996 1281 3412 ἒ

661 3219 766 3258 nes
797 3203 942 3274 (sex)
978 3219 990 3256 :

661 3219 766 3258 nes
797 3203 942 3274 (sex)
978 3219 990 3256 :

1355 2987 1727 3059 philosophia
1755 2991 1844 3044 est
1874 2987 2080 3043 notitia
2105 2987 2329 3042 entium
2360 2990 2647 3057 quatenus
2676 2985 2836 3041 entia
2861 2988 3020 3041 sunt.

1355 3058 1723 3130 philosophia
1755 3064 1844 3114 est
1875 3059 2082 3114 notitia
2111 3075 2244 3114 cum
2273 3059 2603 3113 divinarum
2634 3062 2760 3112 tum
2793 3060 3187 3112 humanarum
3217 3071 3434 3112 rerum.

1355 3129 1841 3202 philosophia'est
1871 3131 2170 3202 meditatio
2201 3130 2425 3186 mortis.

1353 3199 1724 3273 philosophia
1754 3207 1844 3256 est
1876 3201 2202 3257 similitudo
2231 3219 2364 3256 cum
2402 3203 2764 3273 Deolquanta
2794 3200 2851 3273 in
2882 3199 3180 3254 hominem
3213 3199 3418 3255 cadere
3448 3203 3662 3271 potest.

1353 3271 1724 3344 philosophia
1752 3278 1840 3328 est
1869 3289 1964 3328 ars
1995 3273 2210 3329 artium
2241 3278 2299 3328 et
2328 3271 2575 3329 scientia
2601 3271 2979 3327 scientiarum
3469 3295 3474 3300 ·

1354 3343 1724 3416 philosophia
1751 3349 1840 3400 est
1867 3361 2031 3400 amor
2061 3344 2380 3416 sapientia.

1772 3669 2116 3728 SYNOPSIS
2163 3672 2437 3728 CAPITIS
2476 3673 2545 3743 ν,

1437 3786 1591 3833 QUOD
1629 3786 1731 3826 EST
1768 3787 1840 3825 DE
1876 3786 2163 3827 CONCBPTU
2205 3787 2432 3835 MBNTIS,
2476 3786 2581 3826 SIU
2622 3785 2883 3826 NOTIONE.

468 3891 519 3945 1.
562 3889 859 3966 Ἐπίνοιαν,
921 3893 987 3947 id
1017 3897 1094 3948 est
1133 3896 1409 3948 notionem
1437 3910 1528 3948 seu
1558 3899 1870 3966 conceptum
1897 3897 2115 3960 mentis,
2152 3897 2214 3964 bi,

2228 3896 2417 3950 rariam
2443 3893 2686 3965 distingu

2691 3897 2750 3949 it.
2783 3926 2849 3934 —
2896 3893 2951 3948 2.
2995 3895 3168 3949 Prius
3195 3891 3569 3965 signiﬁcatum
3597 3891 3712 3965 ejus
3725 3897 3844 3965 cum

539 3965 867 4033 etymologia
893 3967 1136 4035 exponit.
1171 3996 1240 4006 -—
1270 3966 1322 4018 3.
1357 3966 1614 4036 Exemplo
1644 3958 1991 4020 id'declarat.
2025 3958 2176 4021 -’4.
2210 3958 2356 4022 idem
2386 3975 2438 4021 et
2461 3958 2635 4021 altera
2663 3966 2913 4036 exemplo
2940 3966 3202 4036 explicat.
3234 3958 3302 4005 5-
3323 3958 3379 4019 5.
3412 3965 3570 4021 Idem
3595 3958 3844 4032 εἶμὶβεῦ

538 4035 707 4120 tivam
725 4040 784 4120 iet
809 4037 1096 4120 proprium
1126 4040 1178 4090 et
1203 4035 1660 4120 principaieesse
1684 4038 1929 4120 ostendit.
1973 4070 2041 4078 —
2068 4039 2123 4092 6.
2159 4039 2434 4094 Posterius
2462 4035 2832 4109 signiﬁcatum
2860 4035 3098 4092 recenset
3125 4045 3178 4092 et
3206 4037 3472 4108 exemptis
3497 4035 3754 4091 declarat.
3781 4054 3842 4066 --

531 4106 585 4161 7.
619 4104 829 4160 Nudam
860 4104 1098 4160 ἐπίνοιαν
1132 4125 1166 4161 ιι
1202 4104 1502 4178 phantasia
1529 4109 1836 4180 distinguit.

1124 4382 1354 4439 CAPUT
1384 4383 1446 4438 V.

975 4471 1051 4525 De
1079 4475 1342 4542 conceptu
1368 4474 1588 4527 mentis.

529 4559 628 4614 49
663 4559 714 4616 1.
746 4559 1072 4631 Conceptus
1108 4561 1324 4616 mentis
1356 4559 1568 4631 duplex
1600 4560 1831 4616 dicitur.

531 4651 587 4701 2.
625 4647 790 4704 Unus
823 4648 1083 4719 quidem,
1117 4650 1220 4719 qui
1267 4649 1345 4704 sit
1393 4649 1558 4720 quasi
1605 4667 1782 4720 supra
1812 4666 1934 4704 rem
1964 4650 2113 4705 facta

468 4736 788 4807 speculatio
838 4741 893 4792 et
940 4738 1235 4809 cogitatio,
1287 4755 1413 4808 quaa
1462 4757 1496 4793 a
1547 4744 1757 4793 natura
1802 4739 2113 4809 conjuncta

467 4825 793 4896 disseparet
823 4832 879 4881 et
936 4832 1253 4898 utrumque
1297 4829 1406 4883 sub
1453 4827 1686 4899 propria
1729 4828 2113 4883 subsistentia

466 4915 776 4984 concipiat.

540 5002 592 5057 3.
628 5001 802 5057 Velut
834 5002 1012 5059 simul
1045 5004 1242 5060 anima
1273 5009 1329 5060 et
1357 5021 1571 5076 corpus
1601 5011 1740 5060 sunt
1769 5005 2021 5070 condita,
2055 5009 2112 5060 et

465 5106 533 5148 ex
564 5091 829 5162 utrisque
861 5109 1068 5157 unum,
1101 5092 1278 5149 homo
1317 5094 1556 5161 scilicet,
1589 5095 1808 5149 factum
1857 5098 1962 5149 est.
1997 5094 2105 5149 Sed

461 5180 679 5234 mentis
711 5185 1030 5251 conceptus
1061 5181 1356 5236 hominem
1390 5183 1448 5236 in
1492 5182 1748 5238 animam
1797 5187 1852 5237 et
1899 5199 2108 5254 corpus

459 5269 640 5323 etiam
673 5273 806 5324 ante
836 5268 1068 5324 illorum
1106 5287 1136 5324 a
1169 5289 1231 5325 se
1261 5272 1508 5327 invicem
1551 5273 1929 5327 secretionem
1963 5272 2105 5326 divi-

455 5357 563 5418 dit,
599 5357 956 5427 aninamque
987 5375 1020 5412 a
1051 5375 1289 5429 corpore
1321 5361 1586 5426 seorsim,
1619 5367 1675 5416 et
1705 5378 1914 5432 corpus
1947 5379 2106 5416 seor-

450 5447 565 5503 sim
599 5446 670 5501 ab
699 5445 896 5501 anima
919 5447 1199 5519 concipit;
1227 5456 1528 5520 propterea
1550 5450 1700 5520 quod
1725 5451 1847 5504 haec
1870 5451 2104 5520 quidem

455 5537 791 5592 substantia
823 5541 913 5589 est
944 5535 1315 5602 immortalis,
1350 5543 1402 5592 et
1439 5539 1659 5605 corpori
1696 5541 1823 5593 vitae
1872 5557 2049 5594 causa
2091 5557 2103 5594 :

447 5625 595 5680 illud
634 5639 830 5679 aufem
865 5624 1135 5679 mortalis
1169 5630 1408 5692 natura,
1445 5644 1555 5680 non
1590 5627 1814 5683 habens
1846 5645 1878 5682 a
1910 5630 2102 5700 seipso

2842 4388 3100 4440 ΚΕΦΑΔ.
3152 4385 3227 4441 E'.

2818 4509 2948 4584 Περὶ
2995 4507 3250 4570 ἐπινοίας,

2291 4634 2353 4686 α’.
2389 4635 2548 4702 Διττὴ
2584 4631 2794 4709 λέγεται
2824 4636 2858 4702 ἡ
2894 4631 3117 4688 ἐπίνοια.

2297 4724 2359 4796 β’.
2392 4728 2447 4776 Ἠ
2498 4724 2590 4795 μὲν
2639 4725 2752 4777 οἷον
2805 4721 3016 4777 ἐπίνοιά
3059 4743 3142 4784 τις
3191 4721 3321 4778 οὖσα
3364 4720 3452 4776 καὶ
3502 4713 3830 4788 ἐπενθύμησις

2217 4811 2282 4863 τὰ
2314 4810 2371 4864 ἐκ
2397 4819 2494 4879 τῆς
2539 4811 2746 4888 φύσεως
2790 4811 3103 4884 συνημμένα
3151 4808 3556 4886 διαχωρίζουσα
3585 4806 3669 4868 καὶ
3719 4797 3831 4854 ἴδεθ’

2216 4901 2490 4962 συστάτως
2520 4899 2803 4956 έπινοοῦσα
2827 4899 3095 4976 ἑκάτερον.

2287 5096 2356 5170 γ’.
2393 5097 2516 5149 Οἷον
2578 5097 2689 5168 ἅμα
2743 5097 2896 5170 ψυχὴ
2955 5097 3046 5150 καὶ
3102 5099 3262 5168 σῶμα
3312 5092 3825 5170 δεδημιούργηνταιν

2215 5183 2304 5237 καὶ
2361 5183 2414 5238 ἓν
2465 5184 2515 5254 ἐξ
2568 5185 2886 5261 ἀμφοτέρων
2947 5185 2974 5239 6
3024 5182 3308 5258 ἄνθρωπος
3354 5186 3594 5260 γέγονεν.
3626 5172 3824 5239 ’Δλλ’ἣ

2216 5278 2374 5344 σῶμα
2430 5273 2519 5326 καὶ
2575 5274 2682 5349 πρὸ
2735 5280 2835 5342 τῆς
2897 5274 2985 5327 ἀπ’
3023 5271 3286 5343 ἀλλήλων
3336 5267 3510 5332 αὐτῶν
3542 5266 3826 5349 διακρίσεως

2213 5361 2300 5415 καὶ
2356 5363 2453 5430 τὴν
2514 5363 2697 5436 ψυχὴν
2757 5361 2932 5437 χωρὶς
2959 5367 3056 5416 τοῦ
3087 5363 3337 5434 σώματος
3370 5360 3590 5432 ἐπινοεῖ,
3643 5353 3723 5412 καὶ
3763 5346 3816 5402 τὸ

2214 5454 2372 5522 σῶμα
2425 5450 2599 5525 χωρὶς
2645 5457 2743 5519 τῆς
2791 5453 2997 5524 ψυχῆς·
3049 5447 3137 5505 διὰ
3185 5451 3248 5506 τὸ
3293 5452 3392 5520 τήν
3446 5451 3540 5524 μὲν
3583 5445 3815 5525 debet???

2215 5539 2347 5592 εἶναι
2409 5538 2588 5593 οὐσίαν
2646 5540 2734 5594 καὶ
2795 5544 2939 5608 ζωῆς
3005 5539 3177 5596 αἰτίαν
3236 5544 3314 5612 τῷ
3369 5543 3624 5613 σώματι,
3669 5529 3726 5587 τὸ
3772 5521 3820 5578 δὲ

2213 5634 2414 5697 Ονητῆς
2465 5626 2670 5704 φύσεως
2715 5627 2814 5682 οὐκ
2859 5628 2946 5705 ἀφ’
2996 5629 3185 5682 ἑαυτοῦ
3231 5626 3294 5682 τὸ
3327 5627 3421 5703 ζῇν
3456 5627 3598 5705 ἕχον,
3627 5614 3818 5678 missu

448 5717 603 5787 quod
636 5716 714 5770 vix
735 5717 794 5786 it,
828 5717 884 5769 et
915 5731 1041 5786 quae
1072 5712 1188 5770 alia
1219 5713 1482 5787 utrisque
1511 5715 1740 5772 diversa
1787 5718 2090 5774 accedunt.
2125 5701 2170 5766 D
2203 5717 2214 5770 ἐ

2228 5714 2346 5772 ίλλα
2377 5701 2648 5792 πρόσεισιν
2682 5701 2950 5793 ἓκατέροίς
2989 5713 3240 5795 διάφορα.
