4096 6466
291 430 413 491 725

364 558 426 617 δ’.
460 559 632 617 Πάλιν
684 560 826 634 ὁμοῦ
868 561 932 618 τὸ
977 566 1137 635 σῶμα
1183 563 1364 619 καὶτὸ
1410 569 1615 641 χρῶμα
1644 566 1936 645 πεφύκασιν
1972 572 2024 635 Α

292 650 450 706 εἶναι*
503 652 594 706 καὶ
651 649 753 707 οὐκ
805 648 918 705 ἔστι
979 656 1140 726 σῶμα
1196 654 1495 729 χρώματος
1550 664 1937 731 χωρισθῆναι,

287 739 413 794 οὔτε
442 744 647 815 χρῶμα
691 742 788 794 τοῦ
843 739 1201 813 ὑποκειμένου
1246 743 1498 816 σώματος
1531 743 1783 821 ἄμοιρον·
1812 739 1941 800 ἀλλ’

287 828 339 902 ἐξ
375 827 640 899 ἀλλήλων
680 832 848 882 ταῦτα
1026 829 1237 886 ἐπίνοια
1284 828 1704 910 διαχωρίζουσα,
1735 834 1798 888 τὸ
1848 853 1935 888 κε-

284 918 613 994 χρωσμένον
666 916 819 993 φύσει
868 920 1027 989 σῶμα
1086 919 1393 989 συνίστησιν
1442 920 1493 974 ἐν
1548 923 1711 995 ἑαυτῇ
1765 941 1936 993 μεμο-

280 1006 552 1079 νωμένον,
601 1002 953 1079 ἐστερημένον
996 1010 1094 1060 τοῦ
1142 1008 1440 1083 χρώματος
1486 1009 1575 1064 καὶ
1626 1009 1690 1064 τὸ
1733 1014 1937 1086 χρῶμα

284 1093 452 1151 πάλιν
488 1092 598 1166 ἰδίᾳ
627 1093 954 1170 διῃρημένον
983 1100 1083 1149 τοῦ
1113 1097 1386 1169 σώματος.

357 1186 415 1242 ε’,
442 1184 543 1239 Καὶ
573 1182 707 1253 αὕτη
747 1181 839 1255 μὲν
873 1182 908 1251 ἡ
940 1184 1175 1259 πρώτως
1206 1186 1295 1240 καὶ
1327 1186 1526 1261 κυρίως
1558 1186 1789 1243 ἐπίνοια.

352 1360 418 1424 ς’.
478 1361 538 1417 Ἡ
595 1357 653 1415 δὲ
707 1360 876 1431 λοιπὴ
939 1362 1076 1438 ψιλή
1137 1361 1347 1418 ἐπίνοια
1407 1363 1751 1438 ὀνομάζεται,
1808 1366 1931 1435 ἥτις

282 1446 526 1511 διανοίας
575 1447 805 1526 ὑπάρχει
855 1451 1201 1525 ἀνάπλασμα.
1252 1453 1327 1507 Τὰ
1375 1453 1479 1528 γὰρ
1531 1451 1759 1526 μηδαμῆ
1819 1476 1933 1527 μη-

286 1535 476 1611 δαμῶς
528 1532 656 1594 ὅντα
702 1540 779 1602 ὡς
808 1534 937 1594 ὄντα
984 1539 1279 1618 λογίζεται’
1326 1546 1601 1614 πτερωτὸν
1651 1539 1928 1618 ἄνθρωπον

284 1631 606 1696 συνιοτῶσα,
656 1629 745 1683 καὶ
791 1628 1060 1703 σκύμνους
1107 1629 1341 1685 λεόντων
1388 1626 1647 1692 ἕλκοντας
1677 1629 1927 1708 ἄροτρον,

279 1716 372 1771 καὶ
414 1715 612 1771 πλοῖον
665 1716 925 1793 ἐναέριον,
970 1719 1061 1773 καὶ
1105 1715 1262 1794 ἕτερα
1306 1718 1683 1795 παραπλήσια,
1731 1720 1821 1775 καὶ
1871 1720 1930 1776 ἐκ

274 1809 385 1860 τῶν
418 1802 563 1860 ὅλων
619 1802 677 1860 δὲ
729 1805 864 1881 μέρη
920 1802 1273 1880 λαμϐάνουσα
1323 1807 1413 1862 καὶ
1462 1814 1763 1871 συντιθεῖσα
1813 1811 1927 1881 μετ’

1650 433 1996 497 EPITOME
2045 430 2318 495 LOGICA
2331 477 2345 492 .

3571 420 3694 482 726

2126 567 2178 621 4.
2212 566 2437 622 Rursus
2477 562 2648 621 simul
2682 566 2739 618 et
2766 578 2979 634 corpus
3008 564 3069 617 et
3094 557 3252 615 color
3296 572 3426 614 esse
3453 571 3694 614 consue-

2049 660 2256 710 verunt
2283 672 2296 721 ;
2330 670 2434 710 nec
2465 658 2654 725 potest
2671 668 2883 724 corpus
2913 667 2947 705 ιι
2974 649 3163 705 colore
3185 652 3519 719 separatum
3540 661 3691 711 esse,

2048 761 2154 800 nec
2184 743 2341 799 color
2370 744 2633 814 subjecto
2663 757 2903 814 corpore
2921 755 3127 796 vacare
3155 741 3365 810 potest.
3388 737 3500 793 Sed
3533 753 3692 791 meno

2044 832 2124 888 tis
2153 837 2469 904 conceptus
2489 832 2602 887 ista
2631 848 2666 886 a
2694 847 2756 887 se
2784 829 3027 884 invicem
3059 827 3453 899 disseparans,
3478 840 3691 898 corpus

2048 922 2199 993 quod
2236 927 2448 979 natura
2476 920 2798 976 coloratum
2827 924 2937 988 est,
2968 917 3028 972 in
3057 916 3248 989 seipso
3279 913 3604 971 solitarium
3634 917 3692 969 et

2046 1008 2234 1065 colore
2262 1010 2551 1082 privatum
2581 1028 2594 1077 ;
2623 1014 2680 1064 et
2708 1024 2917 1064 rursus
2948 1007 3198 1063 colorem
3247 1021 3282 1060 a
3325 1019 3565 1076 corpore
3594 1001 3687 1058 di-

2043 1098 2233 1154 visum
2265 1098 2567 1171 sigillatim
2599 1096 2925 1154 constituit.

2110 1187 2165 1242 5.
2198 1191 2267 1242 Et
2297 1187 2389 1243 hic
2420 1186 2658 1259 quidem
2694 1184 2970 1259 primario
3007 1187 3064 1240 et
3109 1181 3341 1256 proprie
3367 1183 3684 1254 conceptus

2041 1291 2174 1331 men
2184 1275 2256 1332 tis
2286 1274 2521 1331 dicitur.

2108 1365 2163 1419 6.
2208 1363 2316 1430 Qui
2360 1367 2552 1420 autem
2610 1368 2818 1435 praeter
2862 1362 3021 1418 hunc
3068 1364 3178 1429 est,
3231 1361 3427 1416 nudus
3471 1357 3686 1415 mentis

2039 1458 2355 1526 conceptus
2407 1452 2765 1518 nominatur,
2811 1451 2910 1523 qui
2942 1452 3044 1510 50
3075 1450 3313 1506 dianoeaa
3343 1449 3683 1522 ﬁgmentum

2038 1543 2287 1599 exsistit.
2324 1545 2458 1608 Quae
2483 1541 2639 1598 enim
2671 1540 2832 1597 nullo
2863 1541 3033 1597 modo
3063 1539 3294 1611 uspiam
3322 1541 3482 1603 sunt,
3515 1537 3682 1610 quasi

2038 1632 2178 1699 sint,
2213 1631 2437 1687 ratione
2484 1631 2739 1703 concipit
2770 1646 2784 1685 :
2831 1630 3068 1702 quando
3113 1627 3410 1684 hominem
3438 1625 3679 1696 alatum,

2036 1724 2095 1776 et
2125 1720 2349 1776 catulos
2374 1720 2608 1776 leonum
2639 1720 2938 1776 trahentes
2985 1722 3267 1785 aratrum,
3299 1722 3357 1773 et
3383 1715 3679 1789 navigium

2036 1810 2191 1880 quod
2221 1809 2281 1864 in
2313 1826 2443 1865 aere
2474 1810 2712 1878 feratur,
2745 1812 2803 1864 et
2832 1808 2945 1864 alia
2974 1807 3067 1864 his
3095 1806 3331 1874 similia,
3355 1804 3675 1862 constituit.

275 1891 549 1963 ἀλλήλων
611 1893 805 1972 ὑφιστᾷ
860 1895 928 1948 τὰ
982 1894 1154 1965 πάντη
1212 1894 1540 1968 ἀνύπαρκτα,
1598 1901 1851 1951 Τοιοῦτον
1897 1898 1925 1951 ὁ

2055 1899 2145 1955 Sed
2176 1903 2234 1955 et
2261 1915 2330 1954 ex
2358 1898 2496 1954 totis
2528 1905 2721 1971 partes
2772 1896 3086 1970 accipiens,
3117 1901 3176 1953 et
3204 1912 3401 1952 secum
3430 1894 3677 1950 invicem

272 1981 589 2058 κένταυρος,
625 1977 799 2037 εἷ’τουν
831 1983 1247 2058 ἱππάνθρωπος.
1277 1988 1383 2039 τῶν
1417 1978 1586 2039 ὄντων
1620 1981 1772 2040 οὐδὲν
1797 1984 1924 2041 ἀλλ’

2055 2004 2410 2060 :omponens,
2446 2005 2512 2043 ea
2542 2004 2669 2059 quae
2716 1985 2937 2042 nullam
2969 2002 3208 2058 prorsus
3253 1984 3472 2041 habent
3498 1982 3677 2040 exsis-

272 2069 309 2140 ἦ
345 2070 512 2143 μόνον
538 2068 702 2144 ψιλὸν
735 2070 1025 2146 ἐπινόημα.

2055 2078 2296 2147 entiam,
2329 2076 2628 2150 supponit.
2663 2075 2802 2132 Tale
2848 2075 2990 2147 quid
3036 2078 3127 2130 est
3171 2074 3516 2141 Centaurus,
3552 2071 3674 2128 sive

266 2160 355 2233 (ut
381 2161 464 2217 ita
494 2161 699 2217 Latine
728 2162 1019 2231 dicamus)
1046 2162 1335 2235 equhomo
1383 2163 1498 2220 heu
1529 2163 1893 2238 homequus;
1943 2167 2099 2237 quod
2154 2165 2303 2221 nihil
2354 2170 2444 2221 est
2492 2164 2741 2232 entium,
2792 2165 2894 2220 sed
2926 2164 3213 2220 duntaxat
3259 2163 3486 2218 nudum
3514 2176 3672 2218 com-

270 2253 562 2306 mentum.
1934 2276 1937 2277 '

342 2341 402 2407 ζ’.
467 2337 716 2415 Διαφέρει
778 2334 836 2392 δὲ
892 2345 992 2408 τῆς
1049 2338 1338 2417 φαντασίας
1398 2341 1432 2408 ἡ
1495 2337 1634 2414 ψιλὴ
1691 2339 1920 2413 ἐπίνοια,

269 2424 353 2480 ὅτι
411 2428 447 2495 ἡ
504 2427 596 2499 μὲν
658 2427 919 2505 φαντασία
975 2432 1084 2482 τῶν
1139 2422 1308 2483 ὄντων
1369 2428 1508 2483 ἐστὶν
1566 2429 1925 2500 ἀναπόλησις.

272 2514 399 2570 ὅταν
450 2536 532 2578 τις
572 2517 637 2570 τὸ
687 2516 878 2592 ὁραθὲν
935 2516 1179 2592 ἀναπολῇ
1230 2518 1318 2572 καὶ
1369 2519 1718 2596 φαντάζηται.
1752 2520 1813 2574 Ἡ
1869 2517 1927 2574 δὲ

266 2602 408 2678 ψιλή
459 2602 672 2659 ἐπίνοια
702 2608 812 2659 τῶν
868 2602 1142 2679 μηδαμῶς
1188 2601 1357 2661 ὄντων
1410 2607 1521 2662 ἐστὶ
1575 2605 1924 2681 διατύπωσις,

263 2693 473 2768 γένεσιν
507 2689 712 2769 ἔχουσα
738 2693 838 2762 τήν
880 2692 1197 2768 ἐνθύμησιν,
1241 2697 1341 2766 τήν
1374 2693 1431 2751 δὲ
1485 2695 1685 2767 λήθην,
1714 2697 1923 2771 τελείαν

267 2784 496 2859 φθοράν.

2104 2345 2159 2399 7.
2194 2344 2394 2400 Diﬂ'ert
2421 2346 2613 2399 autem
2646 2343 2717 2398 ab
2766 2342 3182 2414 imaginatione
3227 2341 3423 2397 nudus
3464 2338 3679 2397 mentis

2037 2437 2379 2505 conceptus,
2411 2433 2565 2504 quod
2600 2432 2938 2505 imaginatio
2961 2432 3201 2503 quidem
3228 2434 3319 2486 est
3347 2429 3569 2486 entium
3600 2444 3682 2484 re-

2035 2522 2258 2594 petitio,
2293 2522 2533 2593 quando
2564 2522 2696 2593 quis
2728 2520 2882 2592 quod
2913 2519 3024 2575 sibi
3055 2521 3244 2576 visum
3276 2524 3366 2575 est
3393 2517 3597 2575 recolit
3624 2520 3681 2573 et

2033 2610 2435 2683 imaginatur;
2467 2610 2567 2666 sed
2612 2610 2809 2665 nudus
2852 2609 3067 2666 mentis
3115 2611 3432 2680 conceptus
3478 2622 3679 2664 earum

2036 2716 2164 2772 quae
2195 2716 2438 2772 prorsus
2468 2716 2583 2755 non
2614 2697 3157 2770 suntconformatio
3182 2715 3196 2766 ;
3229 2714 3360 2770 quas
3378 2713 3483 2769 pro
3512 2711 3682 2770 gene-

2035 2788 2260 2845 ratione
2284 2788 2715 2862 cogitationem,
2747 2803 2852 2860 pro
2890 2786 3144 2859 perfecta
3172 2785 3546 2859 corruptione
3574 2787 3676 2842 ob-

2033 2877 2306 2934 livionem
2334 2877 2529 2934 habet.

1474 3032 1681 3102 Σχῆμα
1708 3025 1902 3106 κεφαλ.
1935 3029 1994 3100 ε’,
2026 3028 2158 3104 Περὶ
2188 3027 2449 3090 ἐπινοίας.

1032 3135 1052 3231 ί
1128 3151 1165 3219 ἡ
1224 3148 1318 3221 μὶν
1380 3148 1594 3231 ἐπίνοια
1646 3151 1727 3231 τίς
1777 3152 1912 3231 ἐστι,
1968 3154 2037 3231 τᾴ
2083 3152 2149 3231 ἐτι
2189 3150 2403 3231 φύσεως
2458 3150 2780 3231 συνημμένα
2807 3147 3212 3231 διαχωρίζουσα
3256 3149 3346 3231 καὶ
3378 3146 3680 3231 ἰδιοσυστά-

1236 3221 1665 3301 τωςρπιχοοῠσα
1698 3219 1965 3301 ἑκάτερον,
1998 3225 2073 3287 ὡς
2100 3219 2506 3298 τὸν’ἄνθρωπον
2540 3219 2813 3298 ἐδιψυχῆς
2841 3219 2936 3277 καῖ
2977 3219 3253 3295 σώματος,
3291 3221 3416 3291 ¹ἥτις
3464 3219 3678 3296 λέγεται

1131 3365 1167 3432 ἡ
1201 3292 1440 3441 δέἳξιῗ-ἒς
1460 3314 1690 3439 ἐετζῖκῗύῗια,
1721 3366 1789 3421 τὰ
1824 3363 2054 3441 μηδαμῆ
2093 3363 2364 3441 μηδαμῶς
2413 3361 2542 3420 ὄντα
2587 3368 2905 3438 συνιστῶσα,
2958 3364 3071 3419 οῖον
3118 3363 3315 3419 πλοῖον
3352 3361 3609 3441 ἐναέριον,
3639 3360 3677 3430 ἤ

497 3292 559 3347 Ἦ
592 3290 805 3347 ἐπίνοια
1026 3178 1054 3347 5

1026 3331 1054 3525 φ
1131 3365 1167 3432 ἡ
1201 3331 1439 3438 δέἶιῖιἙΐ
1460 3331 1593 3419 ἕτξέᾆ

1238 3434 1593 3515 τραγέλαφος.

1325 3646 1420 3743 51
1472 3688 1689 3745 Tabula
1714 3690 1913 3761 capiti:
1939 3689 1994 3758 5,
2026 3690 2102 3745 De
2130 3690 2389 3760 conceptu
2413 3687 2634 3743 mentis.

1128 3783 1275 3839 alius
1320 3785 1547 3855 quidem
1595 3802 1764 3858 supra
1806 3802 1925 3842 rem
1982 3788 2126 3843 facta
2184 3786 2493 3858 speculatio
2522 3799 2644 3858 quae
2673 3800 2707 3838 a
2743 3786 2944 3858 natura
2998 3782 3309 3858 conjuncta
3360 3781 3596 3858 dirimit,
3628 3791 3682 3840 et

1202 3854 1507 3929 utrumque
1537 3857 1641 3913 sub
1666 3854 1944 3927 peculiari
1985 3854 2274 3929 hyposla’si
2319 3873 2417 3914 seu
2466 3854 3153 3929 subsistentiaconcipit,
3187 3862 3249 3910 ut
3296 3854 3586 3910 hominem
3611 3872 3680 3912 ex

1199 3926 1394 4007 anima
1418 3926 1475 3984 et
1500 3926 1737 4012 corpore
1768 3948 1782 3985 :
1813 3930 1911 4012 qui
1940 3926 2174 4012 proprie.
2192 3937 2499 4012 conceptus
2524 3927 2731 3984 mentis
2754 3926 2996 4008 dicitur;

1126 3998 1274 4054 alius
1304 4013 1434 4055 vero
1465 3996 1651 4056 nudus
1689 3996 1897 4057 mentis
1940 3996 2272 4072 conceptus,
2303 3996 2401 4071 qui
2445 4016 2570 4071 quae
2598 3997 2863 4072 nuspiam
2910 4010 3138 4072 prorsus
3186 4003 3343 4072 sunt”
3366 3996 3679 4072 constituit,

1112 4108 1118 4116 -
1202 4076 1264 4125 ut
1292 4077 1425 4126 sunt
1451 4072 1742 4143 navigium
1771 4073 1920 4143 quod
1965 4073 2028 4129 in
2076 4067 2205 4129 aere
2251 4067 2484 4142 feratur,
2517 4074 2616 4126 aut
2664 4067 3046 4140 tragelaphus,
3078 4068 3240 4139 quasi
3289 4067 3444 4126 dicas
3493 4068 3679 4125 hirco-

1197 4156 1414 4198 cervus.

308 3964 635 4034 Conceptus
668 3964 875 4020 mentis
904 3970 985 4021 est

1535 4346 1910 4411 SYNOPSIS
1955 4348 2265 4410 CAPITIS
2309 4349 2413 4423 Vl,

1625 4470 1785 4524 QUOD
1828 4472 1941 4517 BST
1983 4472 2061 4517 ΠΒ
2104 4471 2338 4517 SECTIS.

276 4586 329 4641 1.
364 4583 586 4660 Sectam
609 4583 1050 4660 philosophica»:
1068 4584 1294 4660 deﬁnit.
1327 4617 1394 4628 —
1421 4590 1477 4641 2.
1505 4586 1885 4657 Deﬁnitionem
1931 4590 2187 4660 explicat,
2216 4597 2267 4644 et
2294 4590 2475 4658 primo
2498 4586 2717 4660 quidem
2740 4585 3042 4660 rationem
3056 4657 3065 4660 _
3083 4580 3280 4660 reddit,
3312 4596 3481 4660 quare
3507 4580 3682 4660 dicat,

354 4655 502 4728 quod
530 4655 581 4710 .ςί
608 4653 854 4731 uirorum
880 4674 993 4731 non
1018 4659 1131 4713 viri
1143 4653 1374 4731 ίορξηίο,
1405 4660 1508 4714 ubi
1534 4653 1657 4714 eam
1679 4663 1849 4715 etiam
1878 4676 1913 4715 a
1940 4653 2080 4716 thesi
2107 4653 2417 4731 distinguit,
2448 4653 2615 4731 quam
2641 4656 2849 4731 itidem
2874 4654 3085 4731 definit.
3116 4683 3187 4731 7—-
3214 4653 3268 4708 3.
3302 4653 3413 4731 Cur
3438 4653 3684 4731 urbano-

358 4724 489 4782 rum
516 4743 611 4784 seu
640 4728 1002 4802 elegantium.
1034 4760 1111 4802 -ί
1130 4724 1344 4798 4Ῐ6ιιν,
1362 4724 1522 4786 inter
1547 4746 1604 4785 se
1633 4734 1859 4802 quidem
1887 4724 2358 4799 consentientium,
2389 4724 2479 4786 sed
2515 4730 2583 4785 ab
2612 4729 2744 4802 aliis
2792 4725 3246 4781 dissentientium.
3277 4726 3431 4802 —.5.
3449 4724 3680 4802 _Sectam

360 4807 572 4876 septem‘
592 4796 769 4876 modis
791 4799 903 4876 dici
928 4801 1180 4876 ostendit.
1212 4796 1364 4876 —_Q.
1397 4802 1474 4876 Al)
1502 4796 1737 4876 auctore.
1770 4833 1839 4843 -—-
1867 4804 1921 4858 7.
1956 4805 1993 4876 ᾼ
2022 4806 2211 4876 patria
2237 4796 2371 4876 ejus.
2406 4833 2473 4842 —
2503 4802 2557 4855 8.
2588 4800 2788 4876 4_loco_
2808 4812 3219 4876 congressum.
3241 4826 3311 4834 —
3336 4796 3391 4851 9.
3421 4796 3463 4852 Α
3491 4811 3684 4852 censu-

358 4867 433 4926 ra
456 4872 519 4926 in
540 4870 842 4943 judicando
870 4871 1140 4928 adhibita.
1172 4903 1242 4913 —
1273 4872 1372 4930 52
1404 4874 1490 4928 10.
1521 4875 1562 4928 Α
1588 4877 1755 4931 modo
1782 4867 2119 4930 vivendif—
2148 4876 2235 4930 11.
2259 4867 2305 4930 Ἀ
2335 4875 2463 4945 ﬁne.
2492 4902 2564 4913 —
2594 4872 2679 4927 12.
2714 4869 2801 4925 Ab
2829 4867 3102 4924 accidente
3130 4867 3346 4938 aliqua.

920 5129 1175 5186 ΚΕΦΑΛ.
1232 5148 1283 5191 ς.

2679 5129 2912 5187 CAPUT
2948 5130 3044 5185 VI.

888 5216 1022 5292 Περὶ
1048 5216 1326 5292 αἱρέσεων.

2728 5219 2801 5275 De
2828 5218 3003 5275 sectis.

354 5306 425 5360 α’.
459 5306 525 5360 Ἦ
548 5303 685 5361 κατὰ
712 5303 1037 5383 φιλοσοφίαν
1068 5303 1270 5382 αἵρεσίς
1303 5306 1441 5362 ἐστιν
1471 5305 1676 5382 ἀνδρῶν
1708 5308 1931 5364 ἀστείων

2116 5310 2168 5364 1.
2203 5309 2372 5365 Secta
2400 5308 2726 5364 secundum
2742 5306 3175 5380 philosophiam
3196 5308 3288 5363 est
3314 5304 3569 5362 virorum
3599 5320 3693 5359 ur-

288 5392 441 5468 δόξα,
472 5392 610 5469 πρὸς
640 5394 860 5458 ἑαυτοὺς
897 5396 991 5469 μὲν
1045 5394 1501 5474 συμφωνούντων,
1540 5398 1676 5474 πρὸς
1721 5397 1934 5475 ἑτέρους

2055 5400 2329 5453 banorum
2375 5413 2574 5453 secum
2604 5396 2751 5469 ipsis
2798 5395 3031 5466 quidem
3080 5393 3590 5459 consentientium,
3617 5392 3689 5449 ab

284 5480 344 5539 δὲ
376 5480 811 5561 διαφωνούντων.

2055 5486 2176 5542 aliis
2204 5502 2337 5542 vero
2375 5485 2848 5542 dissentientium
2878 5484 3095 5556 opinio.

362 5571 429 5647 β’.
467 5567 703 5647 Ἀνδρῶν
754 5567 963 5647 εἷ’ρηται
1012 5567 1101 5625 καὶ
1145 5568 1273 5645 οὐχὶ
1306 5568 1516 5648 ἀνδρὸς,
1558 5571 1743 5643 ἐπειδή
1773 5576 1808 5643 ἡ
1839 5578 1935 5629 τοῦ

2113 5580 2167 5631 2.
2199 5576 2470 5631 Virorum
2500 5574 2717 5629 dictum
2750 5578 2856 5643 est,
2889 5577 2946 5628 et
2991 5590 3107 5629 non
3135 5573 3249 5628 viri
3277 5594 3291 5641 ς
3323 5568 3690 5645 quandoqui-

284 5658 406 5722 ἐνὸς
454 5657 647 5735 ἀνδρὸς
694 5657 820 5733 δόξα
866 5656 1068 5736 α’ίρεσιν
1121 5658 1183 5714 ού
1230 5666 1396 5733 ποιεῖ,
1451 5661 1597 5717 ἀλλὰ
1648 5662 1811 5721 θέσιν.
1844 5665 1935 5719 Θὲ-

2055 5666 2177 5720 dem
2214 5665 2389 5720 unius
2419 5664 2525 5719 viri
2559 5662 2754 5735 opinio
2773 5665 2991 5719 sectam
3023 5680 3140 5719 non
3173 5661 3332 5731 facit,
3354 5661 3455 5718 sed
3470 5658 3686 5715 thesin.

287 5769 371 5811 σις
432 5746 538 5825 γάρ
592 5747 705 5804 ἐστι
752 5744 1055 5823 παράδοξος
1132 5744 1406 5822 ὑπόληψις
1468 5750 1603 5823 (καὶ)
1661 5749 1771 5813 ἐνὸς
1827 5755 1933 5805 τῶν

2055 5754 2193 5813 Nam
2225 5754 2409 5810 thesis
2438 5757 2527 5810 est
2576 5755 2782 5824 preter
2810 5750 3096 5821 (omnium
3126 5749 3457 5823 opinionem
3499 5745 3693 5803 existi-
