4096 6474
451 443 571 501 727

1702 437 2124 502 NICEPHORI
2166 435 2607 500 BLEMMIDIE

3728 440 3833 501 728

456 573 639 630 matio
669 572 845 628 unius
867 571 1117 644 alicujus
1136 590 1337 630 eorum
1357 574 1458 646 qui
1479 574 1539 630 in
1566 573 1936 646 philosophia
1957 576 2096 628 sunt

2246 570 2341 623 ατὰ
2387 569 2710 646 φιλοσοφίαν
2758 569 3073 646 γνωρίμων,
3125 569 3200 632 ὡς
3249 571 3284 639 ἡ
3337 574 3434 625 τοῦ
3480 570 3831 646 Ἡρακλείτου,

457 662 736 725 celebres,
771 665 836 716 ut
869 661 1163 728 Heracliti,
1196 664 1348 733 quod
1399 663 1596 718 omnia
1625 668 2009 727 moveantur;
2042 665 2099 715 et

457 750 843 817 Parmenidis,
860 751 1013 821 quod
1033 768 1136 805 ens
1154 751 1233 806 sit
1265 768 1449 806 unum
1478 751 1849 807 etimmobile
1873 769 1886 817 ;
1910 755 1968 805 et
1987 760 2100 804 An-

460 839 755 905 tisthenis,
799 840 954 911 quod
1008 856 1123 895 non
1173 840 1343 896 liceat
1388 842 1803 896 contradicere.
1856 840 2101 895 Proinde

460 929 559 1001 qui
593 934 809 984 sectam
843 929 1220 995 constituant,
1252 928 1423 985 multi
1454 934 1610 984 sunt.

532 1018 583 1071 3.
618 1018 834 1072 Verum
888 1017 1061 1072 etiam
1112 1006 1345 1085 urbani,
1377 1018 1485 1073 hoc
1524 1023 1634 1083 est,
1666 1035 1797 1073 cum
1853 1017 2102 1087 alicujus

461 1106 826 1162 auctoritatis
872 1110 1000 1161 tum
1049 1107 1240 1175 docti;
1276 1108 1323 1161 si
1383 1108 1534 1163 enim
1583 1107 1851 1180 vulgares
1898 1107 2020 1162 sint
2049 1110 2107 1162 et

463 1195 738 1269 gregarii,
782 1196 1075 1267 quomodo
1121 1196 1180 1250 in
1221 1196 1592 1268 philosophia
1628 1202 1847 1252 sectam
1889 1195 2107 1251 consti-

458 1285 670 1340 tuent?

531 1376 582 1429 4.
618 1374 879 1445 Denique
926 1378 1145 1429 certam
1177 1378 1347 1429 sectae
1397 1379 1595 1430 notam
1648 1374 1767 1443 dat,
1800 1373 2104 1430 consensio

464 1478 599 1517 cum
632 1462 1019 1518 dissensione.
1055 1463 1158 1526 Qui
1204 1463 1359 1517 enim
1390 1469 1448 1518 et
1496 1479 1693 1518 secum
1744 1463 2014 1529 invicem,
2047 1467 2106 1517 et

465 1567 598 1606 cum
632 1550 763 1607 aliis
794 1552 1188 1621 consentiunt,
1222 1556 1439 1607 sectam
1484 1569 1599 1607 non
1631 1551 1911 1607 efﬁciunt.
1944 1551 2105 1615 Quod

464 1640 621 1695 enim
654 1641 726 1694 ab
756 1640 1031 1695 omnibus
1051 1640 1408 1695 unanimiter
1428 1646 1810 1706 asseveratur,
1844 1657 2105 1695 commu-

466 1729 558 1785 nis
589 1730 746 1785 notio
777 1733 904 1785 est:
940 1734 1001 1783 ut
1032 1730 1183 1801 quod
1220 1730 1373 1785 Deus
1404 1730 1592 1785 bonus
1640 1729 1737 1794 sit,
1768 1734 1825 1784 et
1856 1730 1941 1785 sol
1972 1729 2105 1784 illu-

466 1818 730 1873 minandi
758 1818 1090 1874 facultatem
1121 1818 1350 1875 habeat.

535 1908 590 1962 5.
626 1906 909 1963 Caeterum
940 1911 1107 1963 sectae
1157 1907 1215 1962 in
1248 1907 1620 1979 philosophia
1666 1912 1889 1980 septem
1916 1908 2107 1964 modis
2136 1941 2186 2007 B

469 1997 779 2053 nominatae
810 2001 970 2052 sunt.

542 2087 644 2145 53
673 2088 727 2141 6.
761 2085 863 2141 Vel
893 2085 1048 2141 enim
1082 2085 1155 2141 ab
1185 2086 1310 2157 ipso
1359 2088 1527 2141 sectae
1558 2085 1839 2158 principe,
1890 2090 1954 2141 ut
1983 2085 2109 2142 Pla-

470 2171 650 2229 tonici
680 2178 738 2228 et
761 2172 1135 2228 Aristotelici.

541 2265 596 2315 7.
627 2260 729 2315 Vel
763 2278 798 2315 a
846 2261 1034 2332 patria
1064 2263 1191 2332 ejus
1239 2263 1336 2333 qui
1386 2268 1553 2319 sectae
1605 2264 1877 2337 princeps
1905 2269 2015 2334 est,
2047 2268 2113 2319 ut

471 2350 761 2422 Cyrenaici
810 2355 1048 2422 propter
1092 2350 1452 2423 Aristippum
1500 2355 1874 2426 Cyrenmum;
1908 2358 1963 2409 et
1992 2354 2110 2410 Me-

470 2440 648 2512 garici
681 2444 915 2511 propter
944 2438 1235 2495 Euclidem
1267 2442 1683 2512 Megarensem.

539 2531 593 2584 8.
625 2529 726 2584 Vel
761 2547 794 2584 a
824 2529 947 2584 loco
979 2529 1038 2583 in
1072 2545 1187 2600 quo
1237 2547 1583 2601 congressus
1612 2532 2015 2595 instituebant,
2049 2537 2114 2586 ut

468 2618 636 2675 stoici
669 2622 903 2689 propter
920 2618 1139 2672 variam
1173 2619 1231 2671 in
1254 2620 1442 2673 Attica
1473 2620 1613 2689 (sive
1642 2620 2111 2689 Athenis)stoam

466 2711 595 2778 (seu
627 2707 958 2779 porticum).

537 2799 591 2852 9.
623 2796 724 2852 Vel
755 2813 789 2851 a
819 2813 1065 2852 censura
1111 2813 1289 2868 quam
1338 2797 1397 2851 in
1430 2797 1897 2869 philosophando
1946 2798 2111 2853 adhi-

468 2887 743 2952 buerunt,
776 2891 842 2940 ut
872 2885 1151 2956 ephectici
1182 2885 1313 2957 (hoc
1344 2891 1451 2955 cst,
1476 2886 1573 2958 qui
1593 2887 1989 2941 assensionem
2024 2886 2110 2940 in-

466 2976 786 3042 hibebant).
818 2974 888 3029 Hi
919 2974 1075 3029 enim
1107 2991 1241 3029 cum
1275 2975 1653 3046 opinarentur
1672 2974 1813 3029 nihil
1850 2992 2112 3047 compre-

472 3064 649 3120 hendi
680 3078 871 3134 posse,
905 3063 1367 3134 propositionum
1402 3063 1719 3119 solutiones
1750 3063 2110 3120 inhibebant.

545 3154 630 3206 10.
664 3150 765 3206 Vel
798 3168 831 3205 a
863 3152 1036 3206 modo
1064 3151 1215 3217 vitae,
1253 3157 1317 3205 ut
1346 3152 1552 3223 cynici.
1585 3153 1681 3223 qui
1714 3152 2115 3207 indifferenter

472 3258 683 3296 canum
716 3241 902 3295 instar
947 3240 1233 3305 vivebant,
1270 3240 1486 3310 quique
1535 3240 1914 3311 philosophiae
1965 3243 2110 3313 dog-

2209 657 2290 712 ὅτι
2323 659 2495 713 πάντα
2522 665 2764 713 κινεῖται·
2816 660 2905 713 καὶ
2953 662 2988 729 ἡ
3019 664 3112 714 τοῦ
3165 656 3527 735 Παρμενίδου,
3570 659 3649 715 ὅτι
3694 662 3745 716 ἓν
3781 664 3834 717 τὸ

2210 748 2267 802 ’ὀν
2326 749 2415 803 καὶ
2475 749 2748 818 ἀκίνητον·
2808 748 2897 802 καὶ
2953 751 2987 818 ἡ
3040 754 3137 803 τοῦ
3184 747 3576 821 Ἀντισθένους,
3625 749 3703 804 ὅτι
3752 751 3837 806 οὐκ

2212 836 2351 891 ἔστιν
2384 835 2700 912 ἀντιλέγειν.
2748 835 2959 893 Πολλοὶ
3004 842 3294 914 τοιγαροῦν
3324 838 3454 892 εἰσιν
3489 839 3544 891 oi.
3574 844 3836 895 συνιστῶν-

2208 946 2294 987 τες
2322 927 2420 995 τήν
2453 926 2673 1003 α’ίρεσιν.

2281 1017 2345 1090 γ’.
2378 1013 2552 1071 Ἀλλά
2607 1016 2697 1071 καὶ
2756 1017 2978 1084 ἀστεῖοι,
3034 1015 3277 1071 τουτέστι
3333 1014 3615 1091 ἀξιόλογοί
3668 1038 3724 1072 τε
3763 1019 3837 1073 καὶ

2212 1102 2596 1176 ἐπιστήμονες.
2648 1103 2713 1159 El
2759 1105 2861 1180 γάρ
2910 1104 3104 1159 είκαῖοι
3132 1103 3223 1159 καὶ
3274 1101 3543 1181 ἀγελαῖοι,
3579 1103 3768 1181 αἵρεσιν
3798 1106 3841 1162 ἐν

2212 1190 2514 1269 φιλοσοφίᾳ
2540 1197 2657 1255 πῶς
2688 1195 3012 1263 ποιήσονται
3052 1213 3066 1262 ;

2287 1365 2349 1426 δ’.
2402 1369 2794 1445 Χαρακτηρίζει
2844 1366 2901 1425 δὲ
2946 1370 3047 1438 τὴν
3114 1367 3314 1445 α’ίρεσιν
3368 1371 3659 1448 συμφωνία
3729 1370 3844 1442 μετὰ

2216 1453 2525 1534 διαφωνίας.
2571 1459 2635 1511 Ol.
2681 1459 2783 1533 γὰρ
2830 1457 2920 1513 καὶ
2979 1458 3115 1533 πρὸς
3175 1457 3394 1521 ἑαυτοὺς
3445 1462 3842 1537 συμφωνοῦντες

2214 1546 2303 1600 καὶ
2358 1546 2494 1622 πρὸς
2551 1546 2677 1609 τοὺς
2733 1545 2938 1609 ἄλλους
2998 1546 3197 1624 α’ίρεσιν
3234 1548 3296 1602 οὐ
3348 1553 3589 1606 ποιοῦσι.
3636 1548 3704 1602 Τὸ
3754 1548 3842 1623 γάρ

2214 1634 2361 1710 παρὰ
2406 1635 2619 1690 πάντων
2670 1635 3118 1711 ὁμολογούμενον
3149 1638 3306 1706 κοινή
3340 1634 3516 1691 ἔννοιά
3555 1635 3713 1691 ἐστιν·
3744 1637 3841 1691 οἷον

2216 1721 2299 1777 δτι
2331 1724 2360 1777 ὁ
2389 1724 2520 1787 Θεὸς
2551 1726 2767 1800 ἀγαθὸς,
2798 1726 2888 1779 καὶ
2918 1726 2946 1779 ὁ
2976 1724 3138 1794 ἥλιος
3170 1726 3518 1803 φωτιστικός.

2290 1905 2346 1959 ε’.
2400 1903 2800 1977 Ὠνομάσθησαν
2851 1902 2909 1960 δὲ
2956 1906 3012 1960 αἱ
3060 1906 3196 1960 κατὰ
3251 1903 3579 1983 φιλοσοφίαν
3636 1905 3843 1982 αἱρέσεις

2216 1996 2352 2048 κατά
2368 1994 2604 2070 τρόπους
2638 1993 2790 2053 ἑπτά.

2293 2084 2355 2147 ς’.
2405 2084 2474 2137 Ἦ
2521 2084 2625 2158 γὰρ
2674 2083 2765 2138 ἀπ’
2808 2083 2970 2139 αὐτοῦ
3017 2089 3116 2139 τοῦ
3160 2085 3538 2162 αἳρεσιάρχου,
3588 2085 3661 2147 ὡς
3717 2084 3847 2140 Πλα-

2218 2194 2324 2227 των
2337 2172 2440 2227 ικοὶ
2470 2172 2560 2227 καὶ
2590 2172 3039 2249 Ἀριστοτελικοί.

2295 2263 2355 2331 ζ’.
2388 2263 2457 2317 Ἢ
2509 2262 2618 2317 ἀπὸ
2660 2269 2759 2332 τῆς
2807 2260 3065 2338 πατρίδος
3115 2268 3214 2318 τοῦ
3261 2264 3637 2340 αἱρεσιάρχου,
3686 2264 3755 2326 ὡς
3804 2264 3847 2319 oi

2221 2351 2573 2428 Κυρηναϊκοὶ,
2627 2348 2715 2406 διὰ
2760 2352 2851 2406 τὸν
2899 2358 3201 2428 Κυρηταῖον
3253 2353 3626 2429 Ἀρίστιππον.
3675 2354 3766 2409 Καὶ
3804 2353 3848 2407 οἱ

2222 2440 2523 2515 Μεγαρικοὶ
2554 2437 2624 2494 δι’
2659 2438 2951 2511 Εὐκλείδην
2981 2439 3073 2495 τὸν
3108 2441 3367 2518 Μεγαρέα.

2293 2532 2362 2600 η’.
2398 2532 2463 2585 ’Ἠ
2497 2530 2600 2583 ἀπὸ
2625 2534 2721 2583 τοῦ
2769 2529 2962 2595 τόπου,
2996 2529 3045 2585 ἐν
3095 2531 3141 2602 ᾧ
3165 2532 3261 2593 τὰς
3289 2531 3576 2594 συνουσίας
3623 2531 3845 2586 ἐποιοῦν-

2220 2641 2304 2691 το,
2364 2620 2436 2680 ὡς
2502 2620 2554 2672 οἱ
2610 2619 2854 2689 στωϊκοὶ,
2916 2617 3004 2673 διὰ
3059 2620 3156 2688 τὴν
3216 2619 3267 2674 ἐν
3328 2621 3557 2695 Ἀττικῇ
3612 2620 3844 2689 ποικίλην

2222 2709 2399 2766 στοάν.

2293 2798 2354 2852 θ’.
2382 2798 2451 2851 Ἢ
2505 2796 2611 2851 ἀπὸ
2664 2803 2764 2865 τῆς
2824 2795 2875 2850 ἐν
2928 2801 3008 2868 τῷ
3055 2794 3371 2876 φιλοσοφεῖν
3420 2796 3756 2873 ἐπικρίσεως,
3784 2798 3848 2858 ὡς

2225 2888 2277 2941 οἱ
2334 2886 2647 2963 ἐφεκτικοί.
2706 2884 2864 2940 Οὗτοι
2939 2886 3043 2961 γάρ
3120 2886 3496 2961 ἀκαταληψίαν
3570 2886 3849 2959 δοξάζοντες

2224 2974 2444 3050 ἐπεῖχον
2476 2976 2569 3037 τὰς
2608 2972 2788 3036 λύσεις
2817 2979 2924 3029 τῶν
2952 2977 3281 3043 προτάσεων.

2298 3156 2346 3207 ι’.
2381 3155 2447 3209 Ἣ
2478 3152 2585 3207 ἀπὸ
2612 3158 2710 3207 τοῦ
2751 3152 2954 3229 τρόπου
2997 3160 3098 3222 τῆς
3151 3155 3317 3226 ζωῆς,
3368 3152 3553 3229 ὥσπερ
3587 3155 3637 3208 οἱ
3667 3150 3851 3207 κυνικοὶ

2231 3246 2423 3310 ζῶντες
2473 3240 2779 3320 ἀδιαφόρως
2831 3239 2984 3313 δίκην
3032 3246 3229 3296 κυνῶνι
3276 3243 3345 3296 τά
3390 3263 3449 3297 τε
3503 3240 3740 3318 δόγματα
3763 3242 3848 3307 τῆς

472 3335 630 3385 mata
691 3328 1067 3394 muniebant,
1128 3328 1448 3399 eademque
1517 3329 2114 3385 demonstrationibus

2246 3329 2555 3409 ριλοσοφίας
2610 3305 2996 3407 φρουροῦντες,
3044 3331 3134 3385 καὶ
3194 3305 3638 3407 ὑπερμαχοῦντες
3699 3329 3847 3384 αὐτῶν

470 3418 944 3491 propugnabant,
977 3421 1034 3471 et
1080 3416 1299 3471 amicos
1348 3417 1421 3471 ab
1473 3416 1699 3482 alienis,
1746 3417 1856 3473 hoc
1903 3423 2010 3486 est,
2044 3419 2117 3474 ad

473 3505 1012 3580 philosophandum
1044 3510 1211 3577 aptos
1241 3506 1314 3560 ab
1344 3506 1559 3577 ineptis
1589 3508 1659 3561 ad
1693 3507 1749 3561 id
1784 3506 2000 3577 ipsum,
2025 3524 2116 3563 se-

477 3596 812 3660 cernebant,
846 3599 903 3648 et
930 3593 1061 3649 illos
1114 3593 1348 3663 quidem
1393 3595 1667 3651 benevole
1696 3597 2117 3669 suscipiebant,

472 3684 579 3740 hos
610 3699 743 3738 vero
775 3683 954 3739 libere
975 3687 1033 3738 et
1062 3682 1254 3755 palam
1285 3683 1809 3755 reprehendebant,
1832 3691 1888 3740 et
1917 3686 2115 3759 procul

476 3773 548 3828 ab
583 3771 871 3828 auditorio
900 3772 1225 3844 exigebant.

546 3951 631 4005 11.
662 3949 766 4003 Vel
799 3966 833 4004 a
862 3949 997 4016 fine,
1030 3954 1093 4004 ut
1139 3949 1470 4021 voluptarii,
1504 3950 1605 4022 qui
1659 3951 1832 4006 ﬁnem
1870 3952 2123 4024 philoso-

476 4038 627 4110 phiae
657 4054 784 4093 esse
833 4037 1105 4092 dicebant
1153 4038 1506 4108 voluptatem
1543 4056 1670 4109 qua:
1715 4056 1781 4094 ex
1837 4042 2038 4096 notitia
2069 4046 2126 4097 et

477 4123 726 4192 ἀπαθεία,
776 4125 884 4181 hoc
931 4131 1040 4191 est,
1075 4127 1363 4182 vacuitate
1412 4128 1774 4199 passionum,
1807 4134 1865 4183 et
1912 4131 2127 4185 adduc-

475 4216 638 4270 tione
670 4216 740 4270 ad
775 4215 1034 4270 divinum
1078 4232 1317 4281 numen,
1352 4216 1505 4287 quod
1554 4218 1820 4272 omnium
1852 4224 2123 4290 expeten-

476 4304 685 4359 dorum
718 4304 973 4375 primum
1006 4308 1113 4370 est,
1144 4303 1480 4375 percipitur.

548 4393 651 4448 b4
685 4394 769 4447 12.
801 4391 905 4447 Vel
940 4392 1010 4447 ab
1056 4392 1350 4448 accidente
1377 4393 1595 4464 aliquo,
1627 4398 1695 4449 ut
1741 4395 2126 4467 peripatetici,

477 4482 580 4553 qui
612 4481 695 4536 sic
727 4479 1001 4553 appellati
1043 4485 1203 4548 sunt,
1238 4482 1390 4552 quod
1444 4483 1768 4538 secundum
1800 4485 2123 4556 peripalon,

473 4571 582 4626 hoc
612 4577 699 4625 est
731 4570 1287 4633 dcambulationem,
1313 4588 1452 4625 suos
1482 4587 1833 4643 congressus
1860 4573 2122 4629 institue-

475 4663 605 4715 rent
636 4677 648 4714 :
686 4663 749 4713 ut
779 4675 895 4713 una
926 4675 1059 4713 cum
1092 4659 1289 4714 anima
1317 4676 1528 4730 corpus
1558 4666 1938 4716 exerceretur.

2151 4620 2200 4685 D

2227 3418 2317 3475 διὰ
2360 3425 2468 3474 τῶν
2512 3417 2859 3492 ἀποδείξεων,
2910 3418 3000 3473 καὶ
3048 3418 3172 3481 τοὺς
3221 3417 3416 3495 φίλους
3466 3420 3528 3475 ἐκ
3561 3424 3667 3475 τῶν
3699 3416 3848 3473 ἀλλο·

2224 3508 2410 3585 τρίων,
2460 3506 2629 3583 ἤγουν
2675 3507 2804 3570 τοὺς
2850 3508 2988 3584 πρὸς
3043 3508 3104 3562 τὸ
3161 3505 3485 3587 φιλοσοφνῖν
3539 3505 3851 3577 ἐπιτηδείους

2228 3597 2288 3653 ἐκ
2340 3602 2447 3652 τῶν
2506 3594 2895 3667 ἀνεπιτηδείων
2950 3597 3085 3673 πρὸς
3144 3596 3273 3651 αὐτὸ
3331 3594 3729 3674 διπκρίνοντες·
3773 3593 3849 3649 καὶ

2225 3686 2354 3749 τοὺς
2416 3687 2509 3758 μὶν
2570 3685 2809 3759 εὐμενῶς
2842 3683 3151 3761 δεχόμενοι,
3184 3684 3311 3748 τοὺς
3369 3683 3426 3741 δὲ
3486 3686 3618 3761 μετά
3658 3683 3847 3761 παρῥη·

2229 3776 2344 3837 σίας
2404 3774 2725 3851 ἐλέγχοντες
2782 3773 2871 3830 καὶ
2923 3779 3021 3829 τοῦ
3093 3772 3361 3848 ὁμακοίου
3423 3775 3631 3852 μακράν
3687 3770 3850 3829 ἐκδιώ-

2228 3884 2436 3926 κοντες.

2305 3954 2389 4007 ια’.
2427 3954 2497 4009 Ἢ
2553 3952 2661 4007 ἀπὸ
2704 3957 2802 4008 τοῦ
2842 3952 3059 4024 τέλους,
3109 3950 3289 4027 ὥσπερ
3339 3954 3392 4008 οἱ
3420 3952 3688 4024 ἡδονικοὶ,
3714 3949 3852 4008 τέλος

2230 4048 2331 4111 τῆς
2391 4040 2711 4120 φιλοσοφίας
2758 4039 3009 4117 λέγοντες
3069 4041 3200 4096 εἶναι
3256 4044 3356 4110 τὴν
3406 4040 3633 4113 ἡδονὴν,
3681 4041 3770 4120 τὴν
3805 4036 3854 4092 ἐκ

2232 4122 2488 4196 γνώσεως
2535 4122 2625 4177 καὶ
2675 4122 2933 4185 ἀπαθείας
2978 4121 3068 4176 καὶ
3110 4130 3209 4191 τῆς
3258 4121 3393 4199 πρὸς
3442 4124 3507 4178 τὸ
3554 4128 3702 4179 Θεῖον
3744 4119 3853 4174 ἀνα-

2230 4217 2437 4287 γωγῆς,
2468 4211 2531 4265 τὸ
2562 4214 2777 4286 πρῶτον
2810 4216 2914 4265 τῶν
2949 4209 3167 4289 ἐφετῶν.

2309 4391 2398 4466 ιβ’.
2432 4392 2501 4444 Ἢ
2532 4390 2638 4445 ἀπό
2678 4412 2826 4453 τινος
2873 4385 3306 4464 συμϐεϐηκότος,
3357 4390 3430 4453 ὡς
3481 4390 3535 4445 οἱ
3579 4404 3851 4463 περιπατη-

2232 4479 2399 4547 τικοὶ,
2457 4477 2747 4550 κληθέντες
2802 4478 2944 4534 οὕτω
2996 4477 3085 4534 διὰ
3122 4479 3188 4534 τὸ
3232 4479 3330 4542 τὰς
3378 4476 3656 4538 συνουσίας
3701 4474 3852 4527 ποιεῖ-

2235 4569 2351 4622 σθαι
2410 4570 2546 4623 κατὰ
2599 4570 2917 4645 περίπατον
2977 4568 3053 4631 ὡς
3112 4567 3171 4623 ἂν
3228 4569 3341 4641 ἅμα
3381 4571 3450 4641 τῇ
3489 4568 3641 4641 ψυχῇ
3681 4556 3853 4616 καὶτὸ

2235 4665 2393 4729 σῶμα
2421 4657 2771 4732 γυμνάζοιτο.
