4096 6420
447 386 565 457 Ἰ3ί

1695 404 1743 463 Ν
1749 400 2115 465 ICEPHORI
2161 399 2596 464 BLEMMIDE

3705 402 3806 465 732

451 532 794 602 separabilia
824 550 957 591 cum
989 535 1389 605 subsistentia,
1423 542 1549 593 tum
1584 538 1794 595 mentis
1825 539 2078 601 notione,

2197 553 2275 588 σει
2330 534 2419 587 καὶ
2468 538 2537 607 τῇ
2594 533 2826 606 ἐπινοίᾳ,
2883 534 3046 588 ὁποῖα
3099 535 3167 590 τὰ
3221 537 3417 615 φυσικὰ
3473 536 3723 611 σώματα·
3774 536 3803 606 ἦ

451 625 649 696 qualia
686 630 825 680 sunt
852 643 1094 698 corpora
1122 627 1448 695 naturalia;
1503 633 1603 683 aut
1632 629 1915 699 (prorsus)
1947 634 2086 684 sunt

442 730 475 769 a
507 716 605 771 57
642 716 879 770 materis
909 717 1260 788 separabilia
1288 723 1344 772 et
1373 718 1756 774 subsistentia
1783 723 1840 774 et
1872 718 2083 773 mentis

434 804 710 872 notione;
743 809 809 859 ut
849 821 973 875 quae
1024 822 1203 877 supra
1231 811 1504 862 naturam
1538 812 1677 862 sunt
1723 813 1780 863 et
1808 808 2079 880 incorpo-

439 908 558 958 rea,
591 897 692 948 aut
735 894 947 964 partim
1001 895 1238 966 quidem
1293 896 1705 967 inseparabilis
1753 913 1785 951 a
1815 898 2076 961 materia,

434 982 651 1054 partim
701 999 835 1037 vero
888 983 1259 1055 separabilia,
1302 990 1366 1039 ut
1414 1002 1543 1056 quae
1597 986 1833 1057 quidem
1887 986 2077 1056 quoad

429 1069 874 1126 subsistentiam
925 1071 983 1125 in
1035 1073 1298 1138 materia,
1330 1074 1518 1144 quoad
1572 1074 1789 1129 mentis
1818 1091 1949 1129 vero
1980 1091 2079 1129 no-

421 1158 670 1227 tionem,
719 1160 977 1215 materim
1025 1161 1279 1233 expertia
1334 1168 1495 1228 sunt,
1541 1162 1700 1217 velut
1746 1163 1973 1218 numeri
2020 1168 2076 1217 et

426 1246 645 1319 ﬁgurae.
696 1247 894 1322 Neque
938 1251 1093 1305 enim
1148 1268 1430 1305 numerus
1478 1252 1774 1319 denarius,
1825 1253 2071 1324 exempli

430 1338 638 1409 gratia,
697 1344 798 1393 aut
852 1339 1213 1411 triangulum
1261 1342 1385 1396 sine
1455 1341 1698 1397 materia
1754 1343 2072 1398 subsistere

430 1431 657 1498 potest;
694 1429 792 1483 sed
824 1428 911 1483 vel
961 1430 1017 1483 in
1068 1428 1261 1500 lignis,
1293 1429 1381 1484 vel
1412 1429 1469 1484 in
1522 1430 1839 1501 lapidibus,
1873 1430 1960 1484 vel
2010 1430 2069 1486 in

424 1514 555 1571 aliis
586 1517 940 1587 quibusdam
974 1517 1376 1574 materialibus
1427 1519 1829 1575 exsistentiam
1864 1517 2071 1575 habeat

422 1621 705 1660 numerus
735 1606 997 1676 quidem,
1018 1607 1209 1677 quoad
1243 1607 1677 1673 discretionem,
1698 1608 1887 1679 ﬁgura
1910 1624 2066 1674 vero,

422 1694 608 1763 quoad
643 1694 1110 1750 continuitatem.
1145 1696 1388 1762 Quando
1420 1696 1576 1752 enim
1609 1695 1824 1768 aliquis
1854 1697 2066 1767 imagi-
2115 1704 2121 1708 '

424 1786 600 1838 natur
628 1787 685 1839 et
712 1783 872 1855 ipsos
904 1801 1181 1840 numeros
1210 1784 1297 1840 vel
1354 1786 1574 1857 figuras
1605 1802 1706 1856 per
1735 1802 1797 1840 se
1828 1785 2063 1851 recolit;

425 1873 923 1943 quemadmodum
956 1889 1087 1928 cera
1117 1890 1243 1945 qua:
1276 1874 1534 1945 sigillum
1567 1875 1851 1947 abstergit
1879 1880 1937 1930 et
1967 1891 2062 1930 ex-

430 1960 650 2033 primit,
684 1961 830 2016 nihil
870 1963 942 2017 de
989 1962 1183 2035 lapide
1233 1964 1554 2035 signatorio
1604 1966 1834 2019 aufert:
1869 1965 2067 2020 eodem

432 2051 605 2105 modo
637 2054 695 2105 et
731 2050 826 2105 hic
875 2050 1019 2106 nihil
1066 2055 1192 2107 tum
1248 2053 1319 2107 de
1368 2052 1614 2108 materia
1658 2053 1938 2123 absumit,
1969 2055 2070 2109 sed

431 2137 586 2194 solas
617 2138 837 2209 ﬁguras
868 2144 926 2195 et
978 2156 1255 2196 numeros
1302 2141 1428 2197 sine
1456 2142 1701 2197 materia
1753 2143 1811 2197 in
1842 2143 2072 2198 dianma

425 2226 698 2298 exprimit
727 2231 783 2283 et
814 2227 1057 2301 efﬁngit.

492 2317 545 2371 5.
606 2316 889 2380 Quoniam
951 2335 1089 2391 ergo
1150 2318 1609 2391 contemplativa:
1664 2319 2069 2392 (philosophias

425 2405 598 2477 parti)
629 2406 825 2461 omnia
855 2406 1012 2462 entia
1056 2408 1126 2463 ad
1176 2408 1565 2478 cognitionem
1615 2409 1880 2480 subjecta
1908 2413 2065 2478 sunt,

425 2493 683 2566 triplicia
728 2502 923 2551 autem
972 2500 1111 2551 sunt
1139 2496 1296 2552 entia
1328 2514 1340 2551 :
1375 2496 1553 2566 hujus
1600 2498 1787 2565 gratia
1830 2502 1887 2552 et
1931 2513 2067 2551 con-

427 2581 776 2654 templativa:
806 2584 1212 2657 (philosophiae
1254 2585 1411 2657 pars)
1440 2585 1498 2639 in
1532 2584 1644 2640 tria
1672 2590 1820 2653 (tres
1852 2586 2070 2658 partes)

427 2669 727 2728 dividitur.
760 2673 829 2728 Et
870 2672 1229 2746 physiologia
1258 2674 1496 2745 quidem
1546 2673 1690 2729 circa
1724 2692 1791 2731 ea
1820 2691 2069 2746 occupa-

428 2762 526 2815 tur
567 2761 670 2818 58
718 2778 846 2833 quae
894 2780 1135 2835 prorsus
1186 2768 1325 2819 sunt
1369 2764 1429 2818 in
1479 2764 1746 2829 materia,
1775 2762 2069 2835 theologia

2194 624 2517 695 (παντελῶς)
2547 630 2646 691 τῆς
2697 623 2834 694 ὕλης
2884 625 3131 699 χωριστὰ
3176 625 3264 680 καὶ
3312 630 3379 700 τῇ
3431 626 3806 682 ὑποστάσεικαί

2192 716 2258 785 τῇ
2294 711 2524 783 ἐπινοίᾳ,
2584 714 2671 767 οἷα
2720 714 2787 766 τὰ
2839 714 2970 788 ὑπὲρ
3017 714 3169 791 φύσιν
3221 718 3317 788 (τε)
3349 715 3439 770 καὶ
3483 714 3801 788 ambitu-mi]

2189 803 2325 855 κατὰ
2368 801 2421 855 τὶ
2473 802 2566 874 μὲν
2618 802 2900 877 ἀχώριστά
2943 809 3041 871 τῆς
3089 802 3245 873 ὕλης,
3274 806 3408 860 κατὰ
3455 805 3510 859 τὶ
3555 802 3612 860 δὲ
3650 825 3803 881 χωρι-

2189 891 2305 943 στά·
2357 892 2492 945 κατὰ
2536 892 2631 963 μὶν
2680 893 2779 959 τὴν
2834 892 3124 946 ὑπόστασιν
3185 891 3345 949 ἔνυλα
3395 890 3541 962 ὄντα,
3598 896 3724 950 κατὰ
3756 892 3805 950 δὲ

2184 979 2285 1047 τὴν
2336 978 2571 1033 ἐπίνοιαν
2625 979 2799 1035 ἆϋλα’
2856 980 3037 1058 ὥσπερ
3086 983 3137 1035 οἱ
3190 983 3410 1058 ἀριθμοὶ
3461 984 3550 1039 καὶ
3589 986 3653 1039 τὰ
3680 987 3803 1060 σχή-

2189 1089 2350 1141 ματα.
2384 1066 2520 1124 Οὐδὲ
2564 1071 2667 1145 γὰρ
2700 1071 2729 1123 ὁ
2761 1066 2888 1124 δέκα
2928 1066 3100 1145 τυχὸν
3144 1070 3398 1147 ἀριθμὸς,
3445 1070 3482 1141 ἧ
3530 1073 3593 1127 τὸ
3634 1073 3809 1147 τρίγω-

2184 1179 2273 1211 νον
2308 1155 2428 1212 ἄνευ
2455 1157 2595 1228 ὕλης
2644 1159 2942 1228 ὑποστῆναι
2996 1157 3238 1217 δύναται.
3271 1158 3427 1217 Ἀλλ’
3456 1159 3493 1229 ἤ
3526 1160 3578 1216 ἐν
3623 1162 3807 1233 ξύλοις,

2182 1244 2218 1314 ἤ
2252 1246 2303 1300 ἐν
2338 1245 2535 1314 λίθοις,
2586 1244 2702 1316 ἤέν
2756 1269 2893 1302 τισιν
2947 1246 3141 1311 ἄλλοις
3197 1248 3411 1312 ὑλιχοῖς
3461 1252 3562 1319 τήν
3607 1250 3806 1326 ὕπαρξιν

2182 1332 2422 1411 ἔχουσιν·
2457 1336 2486 1389 ὁ
2523 1336 2616 1408 μέν
2659 1336 2889 1412 ἀριθμὸς
2933 1339 3069 1391 κατὰ
3118 1335 3422 1413 διορισμὸν,
3469 1339 3533 1393 τὸ
3583 1336 3638 1394 δὲ
3686 1348 3808 1416 σχῆ-

2183 1445 2258 1495 μα
2312 1424 2448 1479 κατὰ
2504 1426 2780 1501 συνέχειαν
2838 1430 2907 1499 τῇ
2960 1427 3142 1497 μέντοι
3196 1427 3401 1499 ἐπινοίᾳ
3448 1425 3689 1483 δύνανται
3723 1436 3810 1498 τῆς

2179 1512 2315 1583 ὕλης
2379 1514 2757 1589 χωρίζεσθαι.
2817 1515 2921 1570 Καὶ
2974 1515 3077 1590 γὰρ
3153 1515 3313 1584 ἡνίκα
3367 1536 3450 1577 τις
3516 1517 3808 1594 φαντάζεται

2176 1601 2264 1656 καὶ
2320 1601 2585 1658 ἀναπολεῖ
2634 1602 2762 1664 τοὺς
2821 1602 3083 1676 ἀριθμοὺς
3140 1602 3335 1665 αὐτοὺς
3384 1604 3502 1659 καθ’
3559 1603 3805 1675 ἑαυτοὺς,

2175 1687 2212 1759 ἤ
2260 1691 2327 1743 τὰ
2383 1692 2663 1767 σχήματα,
2718 1692 2895 1752 καθὼς
2955 1691 3185 1767 ὁκηρὸς
3237 1690 3677 1765 ἀναματτόμενος
3719 1693 3805 1761 τήν

2175 1774 2471 1854 σσραγῖδα,
2532 1776 2685 1833 οὐδέν
2737 1800 2789 1833 τι
2844 1784 2942 1833 τοῦ
2996 1780 3423 1858 σφραγιστηρίου
3482 1782 3805 1859 ἀφαιρεῖται·

2173 1867 2264 1921 τὸν
2298 1867 2457 1922 αὐτὸν
2484 1868 2685 1943 τρόπον
2717 1868 2807 1923 καὶ
2838 1866 2995 1931 οὗτος
3028 1866 3181 1923 οὐδέν
3212 1890 3265 1923 τι
3294 1876 3396 1939 τῆς
3428 1868 3567 1939 ὕλης
3618 1864 3810 1942 λαμϐά-

2180 1976 2259 2011 νει
2304 1956 2447 2029 τότε,
2506 1956 2641 2029 μόνα
2686 1954 2745 2012 δὲ
2794 1958 2860 2011 τά
2918 1959 3179 2032 σχήματα
3235 1959 3325 2013 καὶ
3380 1957 3513 2020 τοὺς
3562 1958 3811 2034 ἀριθμοὺς

2180 2042 2365 2107 ἀΰλως
2396 2044 2449 2100 ἐν
2479 2049 2547 2119 τῇ
2580 2043 2795 2116 διανοίᾳ
2825 2043 3095 2102 διατυποῖ.

2249 2314 2305 2369 ε’.
2354 2312 2502 2367 Ἐπεὶ
2549 2317 2680 2387 γοῦν
2732 2317 2811 2384 τῷ
2855 2313 3175 2388 Θεωρητικῷ
3215 2314 3389 2367 πάντα
3432 2313 3503 2367 τὰ
3532 2308 3657 2368 ὄντα
3692 2313 3812 2389 πρὸς

2176 2407 2372 2477 γνῶσιν
2418 2401 2715 2471 ὑπόκειται,
2767 2404 2833 2456 τὰ
2877 2398 2935 2456 δὲ
2980 2397 3112 2456 ὄντα
3156 2403 3363 2477 τριττά’
3414 2401 3614 2457 τούτου
3667 2403 3811 2477 χάριν

2176 2491 2266 2546 καὶ
2320 2492 2383 2546 τὸ
2437 2491 2767 2563 θεωρητικὸν
2823 2490 2898 2551 είς
2952 2489 3075 2566 τρία
3122 2488 3429 2565 διαιρεῖται.
3483 2491 3583 2545 Καὶ
3627 2492 3689 2545 τὸ
3728 2491 3808 2563 μὲν

2178 2580 2560 2658 φυσιολογικὸν
2607 2580 2732 2655 περὶ
2780 2579 2845 2633 τὰ
2900 2580 3072 2649 πάντη
3126 2576 3289 2633 ἔνυλα
3341 2580 3715 2654 καταγίνεται,
3755 2578 3810 2631 τὸ

2178 2665 2236 2724 δὲ
2282 2667 2595 2744 θεολογικὸν
2641 2667 2764 2743 περὶ
2811 2667 2878 2723 τὰ
2925 2669 3099 2739 πάντη
3156 2665 3316 2722 ἄϋλα·
3368 2669 3430 2723 τὸ
3466 2665 3524 2723 δέ
3559 2689 3621 2743 γε
3653 2669 3810 2742 μαθη-

2182 2759 2406 2833 ματικὸν
2439 2757 2565 2833 περὶ
2591 2758 2660 2812 τά
2692 2757 2988 2832 μετέχοντα
3015 2756 3104 2812 καὶ
3133 2755 3272 2826 ὕλης
3302 2755 3391 2811 καὶ
3430 2754 3645 2818 ἆϋλίας.

419 2864 556 2905 vero
586 2850 740 2906 circa
767 2868 835 2907 ea
864 2868 991 2924 quas
1020 2868 1124 2924 per
1154 2852 1354 2908 omnia
1384 2853 1628 2908 materia
1656 2856 1797 2909 sunt
1818 2851 2077 2925 expertia
2107 2867 2121 2906 :
2156 2848 2568 2905 mathematica
2607 2848 2863 2920 denique
2890 2847 3046 2905 circa
3086 2863 3156 2904 ea
3184 2863 3315 2919 qua
3341 2851 3399 2903 et
3430 2847 3737 2904 materiam
3762 2850 3813 2900 et

425 2937 926 2997 immortalitatem
960 2940 1330 3015 participant.

501 3029 555 3081 6.
587 3027 659 3083 Et
695 3028 886 3102 prima
940 3030 1177 3101 quidem
1208 3029 1400 3102 quoad
1432 3046 1538 3086 nos
1582 3033 1670 3084 est
1713 3027 2075 3101 physiologia

437 3119 505 3171 ut
532 3133 659 3189 quas
691 3117 861 3173 nobis
892 3119 992 3191 qui
1039 3118 1098 3174 in
1130 3120 1374 3175 materia
1417 3136 1649 3187 sumus,
1680 3118 2032 3189 propinquet
2058 3136 2071 3184 ;

435 3207 712 3275 secunda,
744 3208 1159 3264 mathematica
1188 3225 1316 3280 quae
1348 3207 1523 3264 veluti
1559 3208 1889 3279 coniunctio
1919 3223 2074 3279 qum-

2255 3027 2319 3089 ς’.
2370 3024 2468 3080 Καὶ
2517 3028 2734 3101 πρῶτον
2788 3025 2881 3096 μὲν
2935 3019 3045 3077 ἔστι
3095 3024 3230 3098 πρὸς
3280 3024 3429 3096 ἡμᾶς
3470 3023 3535 3078 τὸ
3582 3020 3819 3102 φυσιολο-

2183 3114 2360 3190 γιχὸν,
2418 3115 2495 3177 ὡς
2551 3112 2856 3184 πλησιάζον
2909 3117 3026 3173 τοῖς
3072 3108 3283 3174 ἐνύλοις
3330 3115 3504 3185 ἡμῖν’
3564 3109 3817 3186 δεύτερον,

2183 3204 2246 3259 τὸ
2298 3203 2696 3278 μαθηματικὸν,
2744 3201 2860 3257 οἷόν
2908 3221 2991 3262 τις
3039 3197 3336 3273 σύνδεσμος
3384 3201 3648 3279 ὑπάρχων
3692 3198 3816 3269 ὕλης

432 3295 568 3351 dam
598 3270 707 3351 est-
731 3296 985 3352 materiaa
1031 3301 1087 3352 et
1131 3270 1592 3353 immortalitatis
1626 3315 1638 3352 :
1671 3270 1841 3352 tartia
1891 3270 1955 3351 et
1984 3296 2071 3351 ul-

2196 3292 2274 3347 ιιαὶ
2334 3290 2544 3353 άϋλίαςο
2600 3290 2780 3366 τρίτον
2837 3289 2926 3344 καὶ
2982 3287 3292 3344 τελευταῖον
3348 3290 3411 3345 τὸ
3470 3288 3813 3366 θεολογικὸν,

434 3382 581 3440 tima
608 3389 697 3441 est
725 3384 1038 3460 theologia,
1070 3402 1197 3458 qua
1228 3386 1485 3442 materiae
1516 3403 1616 3457 per
1647 3385 1844 3441 omnia
1868 3389 1958 3441 est
1985 3402 2077 3442 ex-

431 3489 585 3545 pers.

503 3563 559 3616 7.
609 3562 979 3636 Physiologia
1028 3565 1229 3637 igitur,
1293 3566 1449 3636 quod
1497 3564 1650 3620 circa
1695 3568 1969 3620 naturam
2018 3568 2077 3620 et

436 3650 836 3722 corruptibilia
889 3658 1222 3725 occupetur,
1277 3660 1584 3726 propterea
1644 3654 1728 3709 sic
1775 3652 2077 3709 nominata

437 3742 527 3794 cst
559 3758 571 3794 :
604 3739 895 3813 theologia
922 3758 1075 3811 vero,
1107 3742 1262 3813 quod
1285 3742 1437 3797 circa
1467 3742 1663 3797 divina
1691 3747 1750 3798 et
1779 3743 2076 3813 incorrup-

434 3827 625 3883 tibilia
651 3834 936 3899 versetur,
966 3835 1169 3886 vocata
1195 3836 1285 3887 est
1312 3831 1622 3903 theologia.
1658 3831 1941 3897 Quoniam
1971 3848 2075 3885 au-

434 3920 555 3972 tem
587 3933 690 3989 per
718 3918 1191 3975 mathematicam
1222 3936 1291 3975 ex
1321 3919 1453 3975 aliis
1480 3920 1593 3975 alia
1622 3919 1927 3985 discimus,
1958 3925 2016 3975 et
2044 3936 2079 3974 a

436 4005 711 4062 sensibus
740 4021 807 4061 ea
837 4023 962 4078 quea
993 4025 1172 4079 supra
1200 4024 1438 4064 sensum
1471 4012 1629 4075 sunt,
1662 4009 1988 4078 edocemur,
2024 4014 2080 4062 et

438 4109 541 4165 per
568 4092 719 4149 hanc
745 4094 922 4150 veluti
954 4096 1208 4168 quodam
1242 4102 1416 4168 ponte
1455 4101 1512 4153 et
1559 4096 1718 4153 scala
1746 4101 1976 4152 utentes
2006 4098 2078 4151 ad

441 4181 1000 4240 immaterialitatem
1030 4201 1100 4240 ex
1132 4185 1373 4241 materia
1399 4186 1890 4253 transcendimus,
1923 4190 1981 4241 et
2009 4186 2081 4241 ab

444 4269 774 4327 humilibus
817 4273 1185 4344 terrenisque
1230 4274 1301 4329 ad
1333 4273 1642 4329 sublimem
1686 4278 1743 4329 et
1793 4272 2081 4329 caalestem

449 4360 1000 4433 contemplationem
1034 4362 1478 4430 transferimur;
1507 4367 1812 4435 eapropter
1838 4362 1967 4434 ipsa
1995 4367 2086 4418 est

446 4449 860 4506 mathematica
900 4455 1255 4522 nuncupata.
1305 4450 1582 4507 Mathesis
1612 4451 1767 4506 enim
1816 4468 1918 4506 seu
1950 4451 2083 4506 doc-

444 4538 599 4594 trina
629 4543 718 4595 est
749 4556 863 4595 non
895 4540 1261 4613 cognitorum
1314 4540 1697 4612 apprehensio
1727 4544 1783 4597 et
1810 4539 1987 4596 veluti
2018 4556 2088 4595 ex

444 4626 810 4702 ignoratione
839 4629 910 4684 ad
942 4630 1331 4702 cognitionem
1362 4629 1762 4701 transpositio.

519 4736 618 4793 59
651 4737 704 4791 8.
738 4735 867 4792 Haec
895 4736 1309 4793 mathematica
1336 4737 1395 4791 in
1427 4736 1877 4804 arithmeticam,
1906 4736 2089 4792 musi-

451 4840 604 4889 cam,
634 4825 1045 4897 geometricam
1077 4830 1133 4881 et
1181 4825 1597 4881 astronomiam
1630 4825 1927 4880 dividitur.
1961 4826 2091 4881 Ete-

448 4913 571 4968 nim
618 4914 771 4969 circa
827 4920 1112 4986 quantum
1161 4919 1494 4986 occupatur.
1538 4916 1832 4981 Quantum
1891 4919 2087 4970 autem

451 5000 610 5056 aliud
642 5003 877 5073 quidem
902 5007 991 5058 est
1017 5003 1385 5067 continuum,
1408 5002 1564 5059 aliud
1600 5019 1732 5058 vero
1750 5003 2089 5059 discretum.

449 5090 521 5146 Et
550 5091 890 5145 continuum
944 5092 1181 5163 quidem
1212 5096 1300 5148 est
1347 5093 1517 5163 cujus
1564 5096 1757 5164 partes
1795 5092 2093 5148 communi

452 5178 706 5249 quodam
738 5178 987 5235 termino
1020 5181 1476 5252 conjunguntur,
1507 5179 1686 5236 veluti
1707 5179 1879 5235 linea.

528 5284 582 5338 9.
619 5283 834 5341 Omnes
866 5285 1018 5340 enim
1053 5292 1246 5356 partes
1277 5286 1436 5342 illius
1458 5287 1784 5357 conjunctae
1814 5291 1954 5342 sunt
1984 5287 2096 5343 sibi

461 5373 706 5429 invicem
740 5376 805 5427 ut
851 5374 1083 5444 punctis
1112 5392 1237 5447 qua
1290 5378 1430 5430 sunt
1456 5377 1517 5430 in
1550 5376 1677 5448 ipsa
1704 5375 1851 5431 nihil
1901 5393 1935 5432 a
1961 5393 2098 5432 con-

455 5461 762 5534 junctione
792 5462 1206 5533 impediantur.
1230 5464 1507 5519 Punctum
1532 5464 1687 5518 enim
1711 5465 1864 5535 quod
1895 5464 2100 5519 media;

463 5550 667 5622 partis,
701 5550 889 5615 lineae,
920 5551 1167 5623 exempli
1199 5552 1408 5623 gratia,
1437 5553 1773 5607 extremitas
1819 5558 1932 5618 est,
1964 5552 2099 5607 reli-

453 5657 580 5713 quae
635 5641 838 5697 media:-
871 5641 1051 5714 partis
1084 5641 1142 5696 in
1172 5640 1279 5695 hac
1309 5644 1397 5699 est
1438 5640 1809 5711 principium.
1870 5641 2100 5698 Discre-

444 5736 571 5805 tum
624 5735 819 5788 autem
876 5735 1160 5803 quantum
1210 5732 1317 5797 est,
1372 5729 1529 5800 quod
1586 5732 1780 5801 partes
1839 5747 1977 5787 suas
2028 5730 2100 5787 ad

2182 3381 2457 3457 ἀμέτοχον
2490 3381 2549 3436 ’ὀν
2578 3386 2679 3450 τῆς
2708 3378 2847 3450 ὕλης
2875 3377 3203 3435 παντάπασι.

2256 3563 2317 3628 ζ’.
2367 3558 2437 3612 Τὸ
2490 3558 2585 3631 μὲν
2635 3556 2725 3611 οὗν
2772 3556 3179 3635 φυσιολογικὸν,
3224 3555 3300 3617 ὡς
3350 3554 3477 3632 περὶ
3518 3557 3588 3612 τὰ
3636 3552 3817 3634 φυσικὰ

2183 3647 2603 3722 καταγινόμενον
2653 3645 2743 3700 καὶ
2792 3646 3019 3724 φθαρτὰ,
3072 3642 3161 3700 διὰ
3205 3645 3354 3709 τοῦθ’
3401 3644 3579 3708 οὕτως
3610 3644 3816 3717 ὠνόμα-

2184 3759 2323 3793 σται.
2354 3737 2424 3791 Τὸ
2465 3734 2523 3791 δὲ
2568 3733 2904 3811 θεολογικὸν,
2939 3734 3013 3797 ὡς
3063 3733 3187 3810 περῖ
3222 3735 3289 3789 τὰ
3336 3735 3452 3788 θεῖα
3501 3734 3590 3790 καὶ
3633 3733 3821 3812 ἄφθαθ-

2182 3848 2268 3898 τα,
2300 3825 2560 3895 κέκληται
2592 3822 2929 3899 θεολογικόν.
2962 3822 3112 3877 Ἐπεὶ
3157 3819 3215 3877 δὲ
3265 3819 3353 3877 διὰ
3379 3826 3477 3877 τοῦ
3528 3835 3819 3896 μαθηματν

2184 3919 2284 3971 κοῦ
2315 3914 2366 3985 ἐξ
2398 3912 2582 3968 ἄλλων
2637 3911 2781 3967 ἄλλα
2834 3912 3193 3985 μανθάνομεν,
3244 3910 3334 3965 καὶ
3366 3912 3471 3965 ἀπὸ
3511 3917 3616 3967 τῶν
3649 3911 3827 3978 αἰσθη-

2188 4008 2295 4059 τῶν
2347 4004 2414 4057 τὰ
2446 4003 2576 4078 ὑπὲρ
2630 3998 2879 4071 αἴσθησιν
2940 3997 3324 4073 διδασκόμεθα,
3383 4000 3470 4054 καὶ
3526 4000 3690 4056 οἱονεί
3731 4016 3824 4053 τινι

2186 4091 2392 4171 γεφύρᾳ
2437 4091 2526 4146 καὶ
2560 4089 2801 4163 ,κλίματι
2851 4089 3132 4166 χρώμενοι
3173 4087 3373 4162 τούτῳ,
3424 4090 3563 4164 πρὸς
3610 4089 3706 4157 τὴν
3741 4085 3823 4140 ἀϋ-

2191 4182 2310 4239 λίαν
2374 4181 2433 4237 ἐκ
2478 4188 2580 4249 τῆς
2637 4178 2775 4250 ὕλης
2823 4176 2894 4233 δι’
2939 4178 3103 4233 αὐτοῦ
3158 4172 3573 4252 μεταϐαίνομεν,
3615 4176 3703 4232 καὶ
3731 4173 3824 4229 ἀπὸ

2189 4276 2297 4326 τῶν
2329 4268 2633 4347 χθαμαλῶν
2663 4267 2753 4323 καὶ
2779 4266 2982 4343 γηΐνων
3030 4267 3166 4343 πρὸς
3215 4265 3441 4343 Θεωρίαν
3496 4264 3712 4342 ὑψηλὴν
3746 4283 3827 4336 με·

2190 4358 2511 4432 τατιθέμεθα
2564 4357 2654 4412 καὶ
2712 4356 2961 4433 οὐράνιον
2995 4401 3013 4429 ,
3074 4353 3165 4410 διὰ
3230 4359 3392 4411 τοῦτο
3461 4352 3828 4429 μαθηματικὸν

2193 4447 2325 4503 αὐτὸ
2380 4445 2862 4523 προσηγόρευται.
2921 4446 3165 4513 Μάθησις
3242 4446 3347 4521 γάρ
3425 4443 3537 4499 ἐστι
3593 4448 3698 4499 τῶν
3757 4440 3824 4514 μὴ

2195 4535 2543 4613 ἐγνωσμένων
2596 4533 2905 4608 κατάληψις
2942 4579 2958 4603 ,
3013 4533 3102 4587 καὶ
3162 4535 3276 4588 οἷον
3331 4532 3382 4603 ἐξ
3436 4532 3709 4609 ἀγνωσίας
3759 4527 3828 4588 εἷς

2113 4630 2160 4695 D
2189 4630 2387 4702 γνῶσιν
2418 4624 2719 4697 μετάθεσις.

2271 4734 2345 4802 η’.
2393 4735 2561 4786 Τοῦτο
2615 4732 2679 4786 τὸ
2740 4731 3116 4805 μαθηματικὸν
3167 4725 3450 4806 διαιρεῖται
3502 4728 3579 4791 εἷς
3611 4728 3829 4804 ἀριθμη-

2199 4821 2379 4891 τικὴν,
2445 4821 2732 4893 μουσικὴν,
2792 4819 3125 4896 γεωμετρίαν
3182 4816 3269 4873 καὶ
3320 4817 3699 4893 ἀστρονομίαν·
3749 4809 3830 4867 καὶ

2202 4910 2306 4986 γὰρ
2363 4909 2488 4986 περὶ
2544 4909 2710 4964 ποσὸν
2762 4909 2984 4986 γίνεται·
3042 4912 3140 4964 τοῦ
3172 4904 3230 4962 δὲ
3283 4910 3455 4961 ποσοῦ
3501 4907 3564 4961 τὸ
3598 4906 3689 4981 μὲν
3732 4899 3829 4957 ἔστι

2204 4997 2447 5074 συνεχὲς,
2503 4996 2567 5051 τὸ
2625 4993 2683 5050 δὲ
2732 4993 3110 5073 διωρισμένον.
3163 4993 3264 5049 Καὶ
3312 4994 3535 5071 συνεχὲς
3587 4994 3678 5067 μὲν
3711 4986 3831 5058 ἔστι,

2206 5107 2268 5141 ου
2297 5087 2365 5141 τὰ
2396 5083 2561 5163 μόρια
2606 5085 2743 5161 πρὸς
2796 5106 2917 5141 τινα
2944 5084 3120 5140 κοινὸν
3172 5081 3297 5158 ὅρον
3344 5082 3615 5153 συνάπτει,
3665 5075 3829 5143 οἷονὴ

2205 5176 2461 5250 γραμμήν

2281 5283 2323 5344 θ’
2357 5324 2373 5338 .
2430 5279 2529 5335 Καὶ
2589 5279 2693 5354 γὰρ
2747 5280 2923 5334 πάντα
2974 5279 3043 5335 τὰ
3102 5278 3237 5355 μέρη
3297 5277 3466 5349 αὐτῆς
3530 5272 3833 5350 συνημμένα

2211 5370 2352 5427 ἐστὶν
2386 5368 2682 5440 ἀλλήλοις,
2717 5370 2792 5441 μή
2825 5368 2971 5441 παρὰ
2995 5372 3104 5423 τῶν
3136 5366 3188 5423 ἐν
3221 5366 3359 5442 αὐτῇ
3392 5367 3629 5442 σημείων
3683 5360 3832 5435 διειρ-

2210 5460 2418 5535 γόμενα
2469 5460 2569 5526 τὴν
2628 5459 2933 5536 συνάφειαν.
2990 5458 3061 5512 Τὸ
3115 5456 3215 5533 γὰρ
3275 5462 3543 5530 σημεῖον,
3601 5456 3630 5508 ὃ
3682 5451 3832 5526 πέρας

2213 5548 2449 5604 ἐστὶτοῦ
2484 5546 2719 5619 ἡμίσους
2769 5546 2963 5622 μέρους
3007 5546 3175 5621 τυχὸν
3222 5552 3321 5615 τῆς
3367 5550 3651 5622 γραμμῆς,
3699 5536 3831 5614 ἀρχὴ

2212 5642 2309 5692 τοῦ
2376 5635 2583 5692 λοιποῦ
2658 5635 2890 5710 ἡμίσους
2969 5635 3166 5711 μέρους
3236 5635 3437 5706 ταύτης
3511 5632 3833 5700 καθέστηκε.

2215 5724 2581 5803 Διωρισμένον
2639 5722 2697 5780 δὲ
2750 5724 2915 5781 ποσόν
2972 5724 3166 5797 ἐστι,’ὀ
3217 5726 3286 5780 τά
3345 5723 3511 5801 μόρια
3554 5720 3686 5797 πρὸς
3728 5731 3838 5770 τινα
