4096 6406
314 406 434 470 733

1670 409 2018 474 EPITOME
2060 410 2366 474 LOGIGA.

3598 411 3716 472 734

316 538 503 593 καινὸν
539 535 666 614 ὅρον
699 537 759 595 οὐ
796 536 1068 594 σανάπτει’
1104 540 1216 594 οἷον
1251 541 1278 595 6
1310 539 1556 614 ἀριθμός·
1611 541 1670 595 οὗ
1718 543 1820 617 γέίρ
1865 547 1956 597 τοῦ

2075 560 2449 600 communem
2475 543 2794 600 terminum
2820 562 2932 602 non
2956 544 3275 617 conjungit,
3299 541 3478 600 veluti
3510 561 3714 600 nume-

316 624 370 700 ’ἓξ
399 629 570 703 τυχὸν
598 629 661 682 τὸ
709 628 880 702 ¹ἥμισυ
936 629 1100 703 μέρος
1145 627 1271 699 ἤτοι
1316 630 1384 685 τὰ
1432 630 1575 704 τρία,
1607 633 1781 686 κοινὸν
1834 631 1956 704 ὅρον

320 712 438 792 ἔχει
468 717 589 771 τινὰ
623 719 755 786 μετὰ
782 723 878 772 τοῦ
919 717 1117 774 λοιποῦ
1164 719 1400 792 ἡμίσους
1448 717 1570 788 ἤτοι
1617 725 1722 773 τῶν
1775 719 1957 774 ἄλλων

312 810 502 880 τριῶν,
551 807 685 882 πρὸς
728 807 786 861 ’ὀν
833 805 956 882 ὅρον
1005 813 1171 862 ταῦτα
1229 806 1296 876 δὴ
1339 810 1406 862 τὰ
1464 809 1602 885 μέρη
1654 810 1958 886 συναφθεῖεν

324 891 406 949 ἄν·
456 893 604 950 ἀλλὰ
643 901 760 958 ταῖς
814 897 1031 970 μονάσιν
1082 899 1170 952 ἀπ’
1220 895 1484 968 ἀλλήλων
1554 899 1758 953 ἅπαντα
1822 897 1959 971 μέρη

317 983 519 1047 παντὸς
581 985 816 1060 ἀριθμοῦ
884 983 1263 1060 διακέκρινται.
1313 991 1415 1040 Τοῦ
1485 987 1578 1058 μὲν
1627 983 1716 1040 οὖν
1773 983 1962 1060 διωρι-

317 1073 521 1145 σμένου
571 1078 761 1145 ποσοῦ,
803 1075 864 1128 τὸ
911 1076 1004 1147 μὲν
1034 1072 1144 1128 ἔστι
1201 1076 1317 1128 καθ’
1375 1075 1527 1147 αὐτὸ,
1588 1076 1700 1129 οἷον
1748 1076 1809 1129 τὸ
1868 1072 1961 1151 ἅρ-

315 1182 455 1230 τιον,
504 1163 568 1217 τὸ
620 1164 890 1238 περιττὸν,
938 1164 1000 1218 τὸ
1064 1162 1293 1235 τέλειον,
1349 1163 1435 1218 καὶ
1494 1163 1560 1218 τὰ
1614 1169 1854 1218 τοιαῦτα’
1902 1164 1964 1217 τὸ

319 1247 378 1304 δὲ
407 1252 596 1326 σχέσιν
626 1247 752 1326 ἔχον
800 1253 936 1327 πρὸς
980 1251 1118 1307 ἄλλο
1164 1274 1238 1324 τι,
1273 1254 1386 1308 οἷον
1438 1250 1739 1321 διπλάσιον,
1770 1253 1963 1325 ἥμισυ,

319 1344 527 1411 μεῖζον,
576 1337 818 1411 ἔλαττον,
870 1339 1158 1416 ἐπίτριτον,
1209 1341 1492 1414 ἡμιόλιον,
1525 1341 1613 1396 καὶ
1658 1344 1726 1396 τά
1773 1341 1962 1414 ὅμοια.

314 1435 420 1483 Τοῦ
471 1427 528 1484 δὲ
574 1434 834 1505 συνεχοῦς
892 1435 1065 1485 ποσοῦ
1127 1432 1189 1486 τὸ
1247 1432 1339 1504 μὲν
1391 1425 1529 1486 ἔστιν
1579 1431 1629 1486 ἐν
1683 1436 1818 1505 μονῇ
1876 1431 1965 1486 καὶ

317 1519 525 1590 στάσει,
555 1519 616 1574 τὸ
649 1516 694 1573 δ’
715 1519 766 1573 ἐν
800 1522 1007 1591 κινήσει
1036 1519 1127 1574 καὶ
1157 1526 1442 1597 περιφορᾷ.

391 1792 439 1838 ι’.
472 1785 535 1841 Ἡ
578 1783 757 1839 τοίνυν
820 1785 1153 1859 ἀριθμητική
1220 1787 1562 1862 καταγίνεται
1618 1789 1744 1863 περὶ
1795 1787 1963 1843 ποσόν

2069 650 2190 688 rus.
2249 634 2446 704 Neque
2502 635 2656 690 enim
2717 635 2950 701 senarii,
3008 634 3253 706 exempli
3312 634 3516 706 gratia,
3571 651 3706 706 pars

2070 723 2330 791 dimidia,
2390 723 2507 778 sive
2574 724 2884 790 ternarius,
2949 741 3320 779 communem
3389 724 3703 794 quemdam

2068 812 2385 867 terminum
2415 812 2591 868 habet
2621 830 2754 868 cum
2787 814 3007 884 reliquo
3039 812 3304 881 dimidio,
3333 813 3451 868 sive
3481 815 3704 868 caeteris

2069 899 2260 954 tribus
2306 917 2419 971 quo
2468 901 2716 956 termino
2768 901 2854 956 hae
2903 901 3124 957 scilicet
3159 906 3351 972 partes
3382 902 3706 971 conjunctae

2073 993 2269 1044 essent
2297 1007 2310 1056 ;
2347 991 2444 1044 sed
2481 991 2806 1046 unitatibus
2846 1008 2879 1045 a
2918 1008 2979 1046 se
3010 991 3257 1046 invicem
3289 1007 3492 1045 omnes
3523 994 3718 1060 partes

2073 1078 2267 1133 omnis
2317 1079 2545 1133 numeri
2595 1080 2855 1134 discreta:
2905 1084 3060 1135 sunt.
3097 1081 3460 1151 Quapropter
3496 1077 3714 1133 discre-

2074 1170 2202 1221 tum
2234 1167 2467 1237 quidem
2501 1172 2781 1237 quantum
2815 1168 2971 1222 aliud
3004 1173 3094 1222 est
3124 1185 3226 1239 per
3267 1185 3348 1237 se,
3380 1167 3555 1222 veluti
3588 1183 3712 1238 par,

2077 1255 2284 1325 impar,
2312 1257 2650 1325 perfectum,
2677 1261 2880 1327 etquae
2904 1261 3044 1312 sunt
3068 1257 3248 1327 hujus
3268 1256 3529 1328 generis:
3558 1254 3714 1310 aliud

2074 1361 2206 1399 vero
2239 1345 2600 1400 aﬂectionem
2636 1363 2736 1399 seu
2781 1351 3106 1416 respectum
3159 1345 3336 1400 habet
3386 1346 3458 1400 ad
3515 1344 3713 1411 aliud;

2075 1433 2250 1488 veluti
2272 1433 2538 1504 duplum,
2555 1434 2886 1502 dimidium,
2908 1436 3122 1504 majus,
3142 1434 3357 1500 minus,
3373 1435 3476 1488 60
3493 1433 3715 1504 sesqui-

2076 1521 2333 1589 tertium,
2350 1522 2820 1592 sesquialterum,
2837 1527 2893 1577 et
2908 1522 3500 1579 similia.Continuum
3520 1526 3714 1577 autem

2077 1614 2364 1681 quantum
2397 1611 2553 1665 aliud
2587 1615 2676 1666 est
2705 1610 2764 1665 in
2796 1612 3098 1667 mansione
3137 1616 3195 1667 et
3237 1615 3414 1679 statu,
3446 1609 3603 1666 aliud
3653 1609 3713 1664 in

2077 1705 2239 1754 motu
2270 1705 2324 1754 et
2359 1700 2752 1756 conversione.

2147 1790 2232 1843 10.
2265 1789 2648 1844 Arithmetica
2698 1789 2934 1861 quidem
2984 1790 3162 1862 igitur
3216 1789 3367 1844 circa
3424 1793 3711 1861 quantum

317 1871 673 1948 διωρισμένον
726 1876 841 1929 καθ’
891 1876 1066 1947 ἑαυτὸ,
1114 1879 1149 1946 ἡ
1201 1873 1258 1931 δὲ
1323 1877 1555 1950 μουσική
1606 1877 1729 1951 περὶ
1795 1879 1956 1932 ποσὸν

318 1960 342 1980 α
562 1963 572 1980 .
718 1963 732 1980 ς
897 1965 907 1980 ,
1052 1972 1089 1980 --
1133 1964 1148 1980 ς
1193 1962 1218 1980 ν
1391 1967 1405 1980 .
1518 1966 1534 1980 ε
1635 1965 1649 1980 .
1727 1977 1737 1980 _
1938 1967 1950 1980 .

2074 1877 2391 1933 discretum
2446 1895 2547 1949 per
2595 1895 2656 1934 se
2709 1883 3045 1949 occupatur,
3097 1879 3321 1934 musica
3367 1895 3500 1933 vero
3560 1878 3713 1933 circa

313 1960 668 2039 διωρισμένον
715 1963 767 2019 ἐν
815 1965 1016 2040 σχέσει.
1051 1964 1151 2020 Καὶ
1190 1962 1331 2020 ἔστιν
1381 1967 1416 2034 ἡ
1479 1966 1572 2038 μὲν
1624 1965 1959 2042 ἀριθμητικὴ

311 2057 513 2128 γνῶσις
560 2057 732 2108 ποσοῦ
782 2050 1145 2130 διωρισμένου
1200 2056 1314 2110 καθ’
1344 2053 1495 2123 αὐτὸ,
1526 2058 1560 2124 ἡ
1614 2053 1672 2110 δὲ
1727 2057 1961 2127 μουσικὴ

313 2147 515 2212 γνῶσις
593 2146 766 2197 ποσοῦ
828 2140 1189 2218 διωρισμένου
1246 2143 1298 2197 ἐν
1354 2143 1556 2219 σχέσει.
1613 2145 1675 2199 Ἡ
1746 2166 1958 2219 γεωμε-

311 2230 436 2307 τρία
509 2231 847 2306 καταγίνεται
929 2232 1052 2307 περὶ
1131 2232 1295 2286 ποσὸν
1377 2233 1597 2308 συνεχὲς
1683 2233 1962 2303 ἀκίνητον,

315 2321 504 2375 ὁποῖον
554 2322 590 2390 ἡ
640 2323 733 2394 γῆ.
783 2320 883 2374 Καὶ
931 2317 1068 2376 ἔστιν
1116 2323 1151 2390 ἡ
1184 2341 1491 2397 γεωμετρὲα
1534 2327 1732 2397 γνῶσις
1790 2328 1964 2377 ποσοῦ

317 2413 578 2483 συνεχοῦς
646 2408 922 2481 ἀκινήτου,
968 2412 1003 2479 ἡ
1071 2407 1130 2463 δὲ
1199 2409 1530 2484 ἀστρονομία
1599 2409 1721 2485 περὶ
1796 2412 1960 2466 ποσὸν

315 2498 538 2572 συνεχὲς
612 2497 933 2568 ἀεικίνητον,
1008 2498 1196 2552 ὁποῖον
1256 2499 1284 2552 6
1341 2497 1587 2573 οὐρανός.
1652 2499 1750 2553 Καὶ
1826 2498 1966 2555 ἔστιν

315 2589 352 2656 ἠ
381 2586 717 2662 ἀστρονομία
745 2591 944 2661 γνῶσις
972 2591 1144 2641 ποσοῦ
1175 2592 1430 2664 συνεχοῦς
1465 2588 1790 2658 ἀεικινήτου.

390 2783 459 2820 ια.
489 2766 665 2818 Ταῦτα
721 2763 814 2837 μὲν
865 2764 988 2841 περὶ
1044 2767 1142 2818 τοῦ
1205 2767 1306 2833 τῆς
1373 2763 1706 2842 φιλοσοφίας
1760 2776 1964 2839 θεωρη-

310 2872 489 2910 τικου.

383 2959 472 3034 ιβ’.
505 2958 576 3012 Τὸ
607 2955 665 3012 δὲ
702 2959 994 3034 πρακτικὸν
1049 2955 1334 3033 διαιρεῖται
1383 2957 1458 3020 εἷς
1500 2959 1711 3031 ἠθικὸν,
1745 2959 1959 3014 οἰκονο-

309 3048 468 3120 μικὸν
517 3048 606 3102 καὶ
666 3046 970 3102 πολιτικόν.
1015 3047 1114 3102 Καὶ
1163 3049 1352 3116 ἠθικὸς
1403 3048 1496 3120 μὲν
1558 3044 1671 3103 ἔστι
1736 3047 1959 3123 φιλόσο-

305 3157 407 3214 φος
437 3138 465 3190 6
492 3137 560 3191 τὰ
590 3137 781 3191 ἑαυτοῦ
809 3135 919 3207 ἤθη
951 3135 1041 3190 καὶ
1091 3134 1264 3192 ἄλλου
1316 3136 1591 3212 ῥυθμίζειν
1645 3135 1955 3210 δυνάμενος.

305 3226 656 3298 οἱκονομικὸς
706 3223 763 3280 δὲ
801 3226 829 3280 6
874 3224 964 3280 καὶ
1012 3225 1158 3280 οἶκον
1207 3223 1334 3279 ὅλον
1382 3224 1712 3281 έκπαιδεύειν
1773 3225 1956 3288 καλῶς

305 3285 679 3388 ἐπιστάμενος.
710 3316 766 3368 Ὀ
815 3311 873 3369 δέ
917 3335 981 3389 γε
1023 3313 1183 3370 πόλιν
1229 3314 1266 3383 ἣ
1315 3315 1403 3368 καὶ
1450 3315 1640 3378 πόλεις
1698 3285 1956 3391 διεξάγων
1988 3285 2030 3351 C

304 3402 395 3459 καὶ
427 3398 792 3479 διακυϐερνῶν
825 3402 1060 3480 ἀρίστως
1089 3400 1400 3466 πολιτικός.

375 3581 460 3656 ιγ’.
492 3581 860 3656 Κατορθοῦται
907 3577 965 3634 δὲ
1011 3580 1074 3634 τὸ
1122 3586 1224 3635 πᾶν
1276 3580 1568 3654 πρακτικὸν
1621 3577 1710 3634 διά
1754 3601 1813 3634 τε
1858 3584 1957 3636 τοῦ

299 3671 660 3742 νομοθετικοῦ
729 3669 819 3724 καὶ
881 3667 1211 3726 δικαστικοῦ.
1262 3668 1359 3723 Καὶ
1428 3670 1533 3744 γάρ
1588 3675 1877 3742 νομοθετεῖ
1931 3671 1960 3724 6

298 3758 596 3833 πρακτικὸς
627 3755 924 3836 φιλόσοφος
970 3757 1060 3812 καὶ
1109 3756 1270 3812 πόλει
1319 3759 1408 3811 καὶ
1462 3755 1596 3829 οἴκῳ
1635 3758 1724 3810 καὶ
1780 3770 1956 3830 μαθη-

296 3852 366 3920 τῇ
399 3846 486 3901 καὶ
532 3847 706 3918 ἑαυτῷ
754 3847 820 3901 τὰ
864 3847 1195 3902 συνοίσοντα.
1227 3845 1498 3906 Ὡσαύτως
1551 3845 1608 3900 δὲ
1654 3845 1743 3900 καὶ
1805 3843 1955 3900 δικά-

301 3942 401 4008 ζει,
461 3934 589 3998 τοὺς
658 3936 752 4008 μὲν
820 3934 1006 3997 καλῶς
1095 3934 1426 4012 πράττοντας
1491 3939 1602 3989 τῶν
1676 3934 1958 4010 ἀγομένων

300 4025 533 4080 ἐπαινῶν
583 4024 672 4079 καὶ
737 4030 934 4097 τιμῶν,
995 4025 1082 4079 καὶ
1153 4029 1256 4079 τῶν
1337 4029 1733 4100 προσηκουσῶν
1797 4024 1959 4097 ἀμοι-

307 4109 420 4168 ϐῶν
467 4113 649 4183 ἀξιῶν,
697 4112 823 4174 τοὺς
877 4111 934 4168 δὲ
977 4119 1157 4175 κακῶς
1226 4111 1469 4189 ἐλέγχων
1529 4113 1617 4166 καὶ
1682 4110 1955 4190 φαυλίζων

309 4203 403 4256 καὶ
461 4201 896 4277 τιμωρούμενος.
943 4200 1148 4256 Γίνεται
1204 4199 1262 4256 δὲ
1332 4203 1421 4256 καὶ
1478 4202 1649 4272 ἑαυτῷ
1706 4199 1958 4269 δικαστὴς

303 4292 333 4346 6
385 4289 708 4370 φιλόσοφος,
757 4290 847 4344 καὶ
892 4289 1144 4364 τέρπεται
1207 4291 1300 4363 μὲν
1359 4291 1610 4366 πράττων
1667 4291 1733 4344 τὰ
1784 4290 1960 4366 ἀγαθά

295 4380 387 4434 καὶ
463 4385 584 4442 ταῖς
656 4380 867 4454 ἀρεταῖς
942 4377 1268 4450 ένηδύνεται·
1348 4374 1694 4455 παραϐαίνων
1779 4376 1836 4434 δέ
1901 4400 1955 4435 τι

306 4473 417 4524 τῶν
481 4466 710 4523 δεόντων
773 4470 978 4541 πενθεῖ,
1044 4467 1133 4522 καὶ
1208 4468 1393 4523 ἑαυτὸν
1473 4465 1793 4538 ἐπιπλήττει
1865 4469 1955 4522 καὶ

301 4555 593 4635 διόρθωσιν
616 4561 724 4611 τῶν
759 4555 1112 4634 ἐσφαλμένων
1144 4555 1442 4633 ἐργάζεται.

397 4662 435 4684 θ’
487 4667 551 4684 ei"
824 4663 834 4682 Ι
988 4668 1075 4684 ,,~
1173 4663 1220 4684 ,I
1510 4661 1611 4684 ,\,I
1704 4661 1714 4682 Ι

397 4662 435 4682 ‘l
487 4667 509 4684 υ
824 4663 834 4682 Ι
1049 4668 1075 4677 ’ν
1209 4663 1220 4684 7
1704 4661 1714 4682 Ι

371 4675 456 4722 ιὸ.
511 4673 690 4740 Ωσπερ
749 4684 927 4718 τοινυν
980 4683 1078 4717 του
1153 4683 1405 4735 σωματος
1464 4661 1744 4724 τελείωσις
1806 4661 1946 4718 ἐστιν
1981 4650 2027 4714 D

301 4757 336 4823 ἡ
371 4753 608 4829 ἰατρική·
644 4752 786 4807 οὕτω
817 4749 884 4820 δὴ
933 4759 1032 4821 τῆς
1079 4755 1265 4826 ψυχῆς
1303 4754 1337 4820 ἡ
1384 4748 1681 4829 φιλοσοφία
1726 4751 1948 4807 τελείω-

306 4864 412 4913 σις,
491 4842 705 4918 ἰατρική
780 4840 1156 4917 γινωσκομένη
1231 4844 1434 4916 ψυχῆς.
1497 4838 1642 4894 Ἐπεί
1722 4837 1779 4894 δὲ
1849 4847 1950 4909 τῆς

293 4934 479 5007 ψυχῆς
535 4932 598 4985 τὸ
659 4931 752 5004 μὲν
803 4928 942 4984 ἔστιν
1017 4929 1314 5004 ὀρεκτικὸν,
1360 4929 1422 4983 τὸ
1508 4925 1565 4982 δὲ
1623 4928 1940 5003 γνωστικόν·

289 5021 382 5076 καὶ
426 5021 490 5076 τὸ
543 5021 636 5094 μὲν
690 5017 913 5095 ἄλογον,
946 5019 1009 5074 τὸ
1055 5016 1111 5073 δὲ
1164 5015 1407 5094 λογικόν⁴
1439 5018 1528 5072 καὶ
1557 5023 1654 5071 τοῦ
1714 5038 1947 5092 γνωστι-

289 5115 392 5165 κοῦ
437 5131 497 5164 τε
540 5108 630 5165 καὶ
680 5107 904 5184 λογικοῦ
955 5109 1017 5162 τὸ
1062 5107 1155 5180 μὲν
1204 5111 1492 5182 συνεργοῦν
1541 5110 1619 5178 τῷ
1651 5106 1933 5182 ὁρεκτικῷ,

291 5201 408 5262 οἷος
440 5199 468 5253 6
501 5195 722 5273 δυνάμει
770 5201 918 5267 νοῦς,
949 5199 985 5266 ἡ
1039 5194 1270 5265 διάνοια,
1316 5195 1378 5250 τὸ
1428 5192 1486 5250 δὲ
1532 5195 1804 5271 χωριστὸν
1855 5196 1944 5250 καὶ

288 5287 621 5365 ἐξῃρημένον
680 5287 1034 5355 παντάπασιν,
1069 5287 1180 5347 οἷος
1215 5285 1243 5338 6
1298 5285 1412 5339 κατ’
1466 5283 1732 5360 ἐνέργειαν
1791 5289 1940 5346 νοῦςο

287 5378 416 5434 ὅσον
468 5378 562 5451 μὲν
613 5382 713 5445 τῆς
762 5372 1085 5453 φιλοσοφίας
1125 5372 1470 5430 τελειωτικόν
1521 5371 1631 5428 ἐστι
1679 5376 1775 5426 τοῦ
1822 5372 1941 5448 ὀρε-

287 5471 479 5524 κτικοῦ
526 5468 626 5534 τῆς
681 5466 888 5540 ψυχῆς,
937 5463 1026 5518 καὶ
1077 5462 1241 5518 αὐτοῦ
1293 5460 1360 5531 δὴ
1411 5459 1632 5534 δυνάμει
1681 5465 1797 5532 νοῦ,
1842 5467 1940 5515 τοῦ

288 5559 678 5631 συνεργοῦντος
733 5558 813 5626 τῷ
889 5553 1169 5630 ὀρεκτικῷ,
1227 5556 1388 5606 τοῦτο
1444 5549 1758 5625 πρακτικὸν,
1821 5549 1938 5603 ὀνο-

293 5644 518 5719 μάζεται
568 5643 691 5720 περὶ
746 5642 935 5719 πρᾶξιν
1003 5639 1416 5718 ἠσχολημένον,
1465 5639 1553 5694 καὶ
1601 5637 1758 5700 τέλος
1806 5636 1931 5714 ἔχον

285 5737 386 5806 τὴν
436 5731 640 5810 α’ίρεσιν
685 5731 771 5788 καὶ
833 5729 1092 5804 έπίτευξιν
1136 5734 1231 5788 τοῦ
1278 5729 1503 5805 ἀγαθοῦ·
1553 5726 1677 5791 ὅσον
1734 5725 1792 5784 δὲ
1835 5731 1932 5782 τοῦ

2074 1970 2360 2038 quantum
2393 1967 2712 2022 discretum
2756 1969 2816 2022 in
2866 1972 3154 2039 respectu.
3188 1968 3406 2039 Estque
3435 1966 3712 2022 arithme-

2072 2056 2190 2110 tica
2217 2055 2454 2126 quidem
2487 2056 2694 2112 notitia
2725 2057 2927 2126 quanti
2961 2056 3194 2112 discreti
3234 2072 3336 2128 per
3373 2073 3436 2112 se
3486 2055 3716 2111 musica

2072 2159 2205 2199 vero
2245 2144 2451 2199 notitia
2497 2145 2704 2214 quanti
2753 2146 2987 2201 discreti
3041 2145 3098 2200 in
3149 2149 3435 2218 respectu.
3469 2144 3712 2200 Geome—

2073 2233 2185 2288 tria
2207 2233 2360 2288 circa
2376 2239 2661 2304 quantum
2687 2235 3031 2290 continuum
3053 2234 3351 2290 immobile
3373 2239 3713 2307 occupatur,

2075 2322 2246 2394 quale
2285 2326 2439 2378 terra
2488 2328 2596 2379 est.
2631 2325 2845 2395 Estque
2891 2325 3206 2394 geometria
3252 2323 3458 2379 notitia
3510 2322 3714 2394 quanti

2073 2411 2334 2466 continui
2365 2412 2704 2467 immobilis.
2739 2413 3108 2468 Astronomia
3153 2429 3289 2468 vero
3332 2413 3486 2467 circa
3524 2429 3714 2484 quan-

2072 2507 2199 2558 tum
2259 2501 2602 2556 continuum
2652 2518 2883 2574 semper
2939 2501 3151 2557 mobile
3207 2506 3494 2566 versatur,
3545 2500 3716 2571 quale

2073 2590 2283 2646 coelum
2316 2593 2423 2645 est.
2456 2590 2675 2661 Estque
2706 2591 3065 2646 astronomia
3095 2589 3305 2645 notitia
3342 2589 3545 2660 quanti
3577 2605 3712 2644 con-

2071 2679 2222 2734 tinui
2255 2679 2410 2751 quod
2441 2695 2673 2750 semper
2703 2683 2981 2734 movetur.

2144 2771 2230 2826 11.
2261 2773 2393 2824 Hac
2438 2769 2672 2839 quidem
2725 2769 2796 2824 de
2849 2767 3298 2840 contemplativa
3335 2766 3715 2840 philosophias

2072 2862 2257 2930 parte.

2145 2966 2231 3018 12.
2269 2969 2436 3020 Porro
2470 2965 2659 3020 activa
2689 2963 3091 3036 (philosophiae
3123 2963 3280 3036 pars)
3328 2964 3389 3018 in
3437 2962 3711 3033 ethicam,

2071 3054 2480 3109 aaconomicam
2540 3057 2596 3108 et
2654 3053 2947 3124 politicam
2997 3051 3300 3108 dividitur.
3355 3053 3425 3107 Et
3480 3051 3706 3106 ethicus

2069 3143 2194 3212 (seu
2227 3141 2483 3214 moralis)
2515 3142 2750 3213 quidem
2785 3141 3168 3213 phi1050phus
3199 3145 3306 3208 est,
3340 3142 3442 3212 qui
3474 3158 3611 3196 suos
3649 3144 3708 3196 et

2071 3229 2309 3286 alterius
2342 3248 2532 3286 mores
2564 3230 2844 3286 concinne
2875 3231 3237 3285 conformare
3273 3235 3462 3302 potest
3493 3246 3506 3284 :
3557 3246 3702 3285 seco-

2069 3320 2338 3375 nomicus
2387 3323 2582 3375 autem
2632 3319 2733 3391 qui
2781 3319 2955 3374 etiam
3003 3323 3185 3374 totam
3235 3320 3474 3374 domum
3528 3319 3706 3391 probe

2068 3407 2228 3464 novit
2257 3408 2487 3464 erudire
2521 3425 2534 3463 :
2570 3408 2844 3480 politicus
2873 3407 3125 3479 denique
3154 3409 3255 3480 qui
3286 3408 3575 3463 civitatem
3605 3411 3708 3462 aut

2069 3497 2242 3552 etiam
2275 3497 2539 3553 civitates
2568 3497 2768 3568 dirigit
2795 3501 2851 3552 et
2879 3497 3166 3569 gubernat
3193 3498 3429 3569 optime.

2142 3587 2227 3640 13.
2271 3586 2487 3641 Omnes
2540 3589 2735 3640 autem
2793 3585 2973 3640 totius
3031 3585 3226 3640 activae
3283 3583 3708 3657 (philosophiae)

2071 3675 2164 3732 οι
2211 3679 2408 3745 partes
2458 3674 2778 3745 implentur
2824 3691 2926 3745 per
2972 3673 3167 3745 legum
3228 3674 3597 3729 ferendarum
3656 3677 3710 3728 et

2060 3763 2420 3833 judiciorum
2454 3763 2733 3817 officium.
2776 3762 3012 3817 Activus
3042 3764 3198 3817 enim
3230 3762 3616 3835 philosophus
3653 3765 3709 3816 et

2069 3851 2284 3907 civitati
2317 3857 2373 3906 et
2404 3851 2603 3906 domui
2635 3856 2691 3906 et
2721 3851 3008 3923 discipulo
3040 3858 3097 3906 et
3126 3853 3238 3907 sibi
3268 3852 3380 3922 ipsi
3410 3851 3480 3906 de
3512 3852 3708 3922 profu-

2065 3941 2215 3996 turis
2247 3940 2403 4012 leges
2434 3941 2563 3995 fert.
2598 3940 2812 3994 Eodem
2855 3941 3026 3995 modo
3071 3940 3245 3995 etiam
3287 3941 3532 4010 judicat,
3567 3939 3706 3994 dum

2066 4029 2437 4085 subditorum
2466 4033 2619 4084 recte
2641 4029 2879 4100 quidem
2912 4033 3146 4100 agentes
3177 4028 3378 4084 laudat
3407 4033 3463 4084 ct
3491 4028 3710 4084 honore

2067 4122 2125 4173 et
2154 4118 2632 4173 convenientibus
2665 4117 2922 4189 praemiis
2943 4117 3258 4189 dignatur;
3294 4116 3444 4172 male
3464 4133 3595 4172 vero
3625 4117 3709 4188 (se

2067 4207 2355 4279 gerentes)
2383 4205 2776 4278 reprehendit,
2805 4205 3049 4278 negligit
3075 4211 3130 4260 et
3159 4206 3346 4277 punit.
3372 4206 3482 4262 Sed
3512 4210 3568 4261 et
3597 4206 3708 4261 sibi

2065 4295 2179 4368 ipsi
2211 4295 2386 4351 etiam
2421 4294 2806 4366 philosophus
2846 4294 2913 4348 ﬁt
2954 4295 3154 4365 judex,
3188 4299 3243 4348 et
3289 4295 3440 4350 bona
3469 4294 3707 4365 quidem

2066 4399 2245 4456 agens
2267 4383 2594 4439 oblectatur
2623 4388 2679 4437 et
2708 4383 2764 4436 in
2798 4381 3112 4437 virtutibus
3133 4383 3486 4453 voluptatem
3518 4382 3704 4453 capit;

2051 4473 2164 4528 sed
2216 4471 2437 4543 aliquid
2478 4471 2802 4526 officiorum
2833 4471 3291 4542 transgrediens,
3323 4471 3498 4542 dolet,
3530 4486 3707 4541 seque

2064 4561 2260 4633 ipsum
2286 4560 2557 4632 castigat,
2581 4565 2639 4614 et
2665 4559 2939 4631 lapsuum
2967 4560 3380 4614 correctionem
3403 4557 3704 4614 allaborat.

2132 4667 2222 4720 14.
2257 4665 2761 4731 Quemadmodum
2797 4665 2976 4736 igitur
3008 4665 3300 4719 medicina
3327 4663 3585 4734 corporis
3616 4668 3706 4719 est

2067 4754 2366 4826 perfectio,
2421 4754 2504 4808 ita
2561 4771 2701 4808 sane
2753 4754 2960 4807 animae
3017 4753 3288 4824 perfectio
3337 4751 3708 4824 philosophia

2061 4847 2171 4912 est,
2233 4861 2358 4912 quae
2415 4841 2622 4896 animae
2672 4842 2963 4896 medicina
3017 4842 3372 4913 agnoscitur.
3418 4842 3702 4906 Quoniam

2060 4935 2255 4986 autem
2288 4931 2496 4985 animae
2528 4947 2662 5001 pars
2693 4930 2807 4984 alia
2850 4934 2938 4985 est
2983 4946 3108 5000 quae
3153 4930 3394 5002 appetit,
3428 4930 3544 4985 alia
3572 4947 3702 5002 qua:

2059 5020 2398 5092 cognoscit;
2452 5024 2510 5073 et
2559 5035 2765 5073 rursus
2813 5018 2992 5088 hujus
3039 5017 3154 5074 alia
3191 5019 3426 5090 quidem
3460 5019 3704 5075 rationis

2057 5107 2371 5180 particeps,
2405 5108 2520 5162 alia
2569 5106 2810 5161 rationis
2860 5123 3064 5177 expers
3107 5111 3238 5176 est;
3292 5124 3543 5179 cumque
3575 5108 3702 5178 ejus

2055 5213 2182 5268 quae
2214 5195 2528 5266 cognoscit,
2562 5211 2805 5266 quaeque
2851 5195 3094 5251 rationis
3123 5195 3412 5268 particeps
3443 5199 3550 5267 est,
3585 5213 3702 5250 una

2055 5285 2291 5356 quidem
2351 5288 2692 5356 coeperetur
2739 5284 3036 5354 appetenti
3087 5285 3307 5356 (parti),
3361 5283 3552 5355 qualis
3611 5289 3700 5340 est

2053 5390 2218 5428 mens
2267 5378 2570 5444 potestate,
2621 5371 2750 5443 ipsa
2801 5373 3065 5439 dianosa;
3117 5376 3299 5427 altera
3349 5388 3482 5428 vero
3525 5389 3697 5444 sepa-

2050 5462 2252 5519 rabilis
2299 5467 2356 5517 et
2402 5478 2642 5533 prorsus
2691 5467 2961 5531 exempta
3007 5461 3103 5528 sit,
3145 5461 3335 5533 qualis
3384 5467 3473 5516 est
3527 5478 3693 5516 mens

2049 5558 2180 5606 actu
2210 5569 2222 5618 ;
2275 5556 2494 5622 quanta
2531 5549 2768 5622 quidem
2800 5549 3180 5622 phiIOSOphize
3213 5567 3348 5621 pars
3379 5551 3480 5606 62
3513 5567 3694 5621 appe-

2045 5645 2264 5696 tentem
2297 5640 2503 5695 animze
2537 5643 2782 5710 partem,
2817 5643 2874 5694 et
2923 5639 3109 5710 ipsam
3166 5639 3387 5694 scilicet
3437 5644 3692 5694 mentem

2040 5733 2356 5808 potestate,
2424 5745 2549 5801 quae
2616 5727 2911 5802 appetenti
3003 5731 3381 5802 cooperatur,
3440 5727 3688 5802 perﬁcit,
