4096 6476
350 456 474 515 737
1706 449 2054 514 EPITOME
2099 455 2407 515 LOGICA.
3643 455 3761 514 738

423 584 548 642 dem
575 585 785 655 deﬁnit.
820 616 887 625 ——
930 585 986 638 6.
1040 584 1277 658 [ndicat
1302 599 1405 640 cur
1452 584 1907 658 inmsuperiorum
1950 584 2369 658 deﬁnitionibus
2415 586 2615 658 ubique
2658 584 2973 658 adjiciatur,
3003 584 3064 637 τὸ
3108 587 3403 642 secundum
3439 604 3657 644 nomen.
3691 619 3760 629 —~

426 662 477 711 7.
512 658 657 729 Quid
686 660 747 712 in
776 658 896 713 illis
920 656 1386 729 ratioAsigniﬁcet.
1420 687 1487 697 —
1516 656 1569 709 8.
1605 656 1748 724 Quid
1776 657 2020 729 essentiaz
2046 672 2240 729 nomen
2271 656 2533 713 declaret;
2566 688 2635 697 ——
2662 656 2729 711 9.
2761 656 2899 724 Quid
2941 672 3138 711 nomen
3180 658 3522 729 philosophis
3569 665 3623 715 et
3672 661 3762 715 hic

422 734 475 785 et
524 726 681 801 alibi,
716 743 859 801 saepe
906 726 1194 801 signiﬁcet,
1235 727 1482 801 quodque
1525 729 1691 782 etiam
1736 728 1899 782 verba
1944 730 1996 781 et
2037 728 2401 801 Aaiigﬂpartes
2455 730 2725 783 orationis
2775 730 3141 797 homonymms
3180 726 3426 785 nomina
3475 731 3751 787 dicantur.

425 831 493 874 -_-
524 801 622 874 10.
643 800 764 874 Tria
792 798 1175 874 inaequivocis
1205 798 1513 874 quaerenda
1554 814 1688 864 esse,
1732 807 1783 874 et
1833 815 1949 869 quae
1994 799 2108 853 sint
2157 799 2277 874 illa.
2310 830 2377 842 —
2409 801 2494 874 11.
2528 802 2609 874 Eat
2638 807 2839 871 quarta
2868 802 3099 874 syaygia
3129 807 3257 855 sunt
3290 804 3601 867 multivoca,
3634 818 3762 874 quae

422 871 702 928 describit.
734 872 939 945 —712._
985 871 1403 945 Denominativa
1449 871 1596 945 inter
1641 871 1875 925 univoca
1926 874 1986 945 et
2028 872 2308 939 aequivoca
2347 873 2527 945 medio
2568 873 2678 945 loco
2707 872 3005 945 constituta
3034 880 3182 945 sunt,
3217 875 3393 944 magis
3421 882 3602 929 tamen
3632 871 3757 945 pro-

414 945 694 1028 pinquant
716 943 984 1028 univocis,
1015 943 1144 1028 quia
1172 942 1432 1025 majorem
1461 942 1659 1028 [iacent
1687 941 2323 1028 communz'tatemguam
2360 943 2754 1028 diﬂ‘erentiam.
2786 971 2856 981 ——
2899 942 2996 998 05
3041 942 3139 1028 ¹13.
3188 941 3326 1028 Ρρῇ
3351 941 3762 1028 occupationem

421 1013 570 1070 docet
597 1013 730 1086 quid
755 1013 1161 1086 denominativa
1188 1015 1576 1086 requirant‘et
1620 1014 2019 1086 aquivocorum
2049 1014 2239 1086 etiam
2288 1016 2406 1086 octo
2454 1014 2724 1086 requisita
2769 1017 3074 1086 enumerat.
3110 1045 3174 1086 τ
3225 1015 3310 1069 14.
3357 1013 3591 1085 Singula
3635 1018 3760 1071 sin-

419 1086 568 1157 gulis
602 1083 876 1157 exemplis
920 1084 1183 1157 declarat.
1222 1083 1297 1157 -ιγ
1337 1086 1423 1140 15.
1471 1083 1755 1157 Concludit
1802 1083 2240 1157 dissertationem
2290 1083 2354 1137 de
2400 1085 2717 1156 aquwocis.
2770 1114 2839 1124 —-
2892 1085 2977 1138 16.
3032 1085 3183 1140 Redit
3230 1086 3300 1141 ad
3348 1083 3759 1143 denominativa

430 1154 560 1229 qua
585 1154 805 1226 deﬁnit.
836 1185 907 1196 --
946 1156 1041 1229 17.
1085 1156 1321 1225 Exponit
1366 1154 1629 1229 quomodo
1681 1156 1742 1210 in
1788 1154 2104 1229 deﬁnitione
2152 1170 2257 1229 v0.1:
2303 1154 2475 1210 casus
2499 1157 2836 1229 accipiatur.
2869 1184 2939 1196 -ο
2982 1156 3068 1210 18.
3102 1157 3345 1223 Quatuor
3371 1162 3635 1229 requisita
3663 1160 3757 1214 de-

428 1225 903 1284 nominativorum
927 1228 1197 1297 assignat,
1230 1225 1459 1300 quorum
1486 1228 1536 1281 si
1591 1243 1766 1281 unum
1779 1225 1961 1300 desit,
1981 1240 2093 1300 non
2136 1227 2209 1281 sit
2251 1242 2439 1300 verum
2476 1226 2965 1289 denominativum,
2996 1232 3057 1281 ut
3104 1230 3375 1299 exemptis
3404 1225 3760 1300 manifestum

422 1301 581 1370 facit.
612 1330 683 1342 --—
730 1299 815 1354 19.
846 1296 1100 1353 Primum
1144 1296 1471 1370 exemplum
1501 1300 1564 1352 in
1610 1313 1712 1368 quo
1759 1296 1905 1352 deest
1944 1298 2177 1370 tertium
2215 1299 2545 1368 requisitum
2572 1300 2934 1370 communitas
2964 1301 3065 1353 rei.
3099 1330 3166 1339 —
3195 1296 3286 1353 20'.
3320 1296 3645 1369 Secundum,
3694 1304 3758 1356 in

458 1386 528 1446 uo
555 1370 697 1427 deest
725 1373 980 1446 quartum
999 1367 1352 1446 requisitum,
1384 1367 1699 1446 diﬂerentia
1727 1370 1828 1446 rei.
1863 1400 1930 1409 —
1958 1369 2046 1423 21.
2080 1367 2371 1446 Occasione
2398 1368 2622 1446 secundi
2647 1369 2884 1446 exempti
2913 1371 3299 1446 etymologiam
3326 1372 3575 1446 vocabuli
3595 1367 3755 1446 παρ-

458 1387 528 1425 uo
555 1387 697 1427 aeest
725 1387 980 1441 quartum
1005 1387 1352 1441 requisitum,
1384 1387 1699 1440 aznerenna
1727 1387 1828 1423 rei.
1863 1400 1930 1409 —
1958 1387 2046 1423 ιι.
2080 1387 2371 1424 uccaszone
2398 1387 2620 1424 secunai
2647 1387 2881 1439 exempti
2913 1387 3299 1441 erymowgtam
3326 1387 3573 1428 vocaouu
3617 1390 3751 1446 παρ-

423 1387 572 1523 ἕὲνος
601 1443 973 1523 enucleat.‘—-_
993 1443 1085 1496 22.
1118 1441 1356 1523 Tertium
1394 1441 1457 1495 in
1493 1457 1598 1523 quo
1626 1439 1971 1523 desideratur
1995 1441 2249 1523 primum
2277 1442 2640 1523 requisitum,
2658 1441 3313 1523 nominis-communitas.
3350 1474 3422 1523 —-_
3450 1445 3538 1523 2_3.
3574 1444 3751 1523 Quar:

424 1518 642 1640 tum,da
687 1529 790 1585 quo
831 1512 1318 1638 abestlsecundum
1352 1510 1703 1584 requisitum,
1739 1512 1981 1567 nominis
2020 1510 2359 1583 differentia.
2386 1543 2452 1553 —
2482 1512 2569 1566 24.
2603 1512 3146 1568 Denominativorum
3186 1516 3236 1568 et
3264 1510 3655 1571 vocabulorum
3688 1517 3757 1571 ab

424 1601 536 1640 uno
596 1586 858 1640 iscrimen
884 1600 979 1640 evo
1004 1585 1104 1640 vit.

423 1601 536 1641 uno
559 1585 858 1641 discrimen
884 1585 1104 1643 evolvit.

2738 1824 3157 1917 CAPUT'VHL

2112 1966 2188 2020 De
2214 1966 2870 2040 univocis,deversivocis
2917 1976 2972 2021 et
3016 1967 3266 2036 diversis,
3298 1969 3584 2040 wquivocis
3623 1972 3756 2027 item

2255 2041 2307 2093 et
2333 2038 2643 2093 multivocis
2668 2042 2719 2093 et
2746 2038 3190 2095 denominativis.

991 1859 1369 1914 KE¢AA.H2
2036 1871 2090 1939 Α

356 1966 487 2053 Περὶ
586 1963 918 2053 συνωνύμων
967 2013 983 2037 ,
1040 1964 1413 2053 κὲτεριριύμων
1451 2009 1465 2033 ,
1568 1963 1673 2053 καὶἱ
1759 1962 2003 2053 ὲτὲρωνν,

428 2033 757 2111 ὦμωνύμων
805 2033 897 2090 ⁷τε
966 2033 1055 2091 καὶ
1121 2033 1523 2109 πολυωνύμων,
1583 2034 1675 2089 καὶ
1750 2033 2002 2110 παρωνύ-

432 2131 547 2181 μων
558 2153 571 2167 .

427 2254 491 2290 α.
527 2235 789 2287 Ἕκαστον
814 2234 921 2286 τῶν
964 2226 1133 2286 ὄντων
1186 2229 1239 2286 ἐν
1293 2229 1488 2303 κόσμῳ
1541 2229 1631 2284 καὶ
1676 2226 1731 2283 ἓν
1787 2228 1841 2283 τί
1897 2226 2007 2282 ἐστι

353 2322 445 2378 καὶ
494 2319 696 2376 πολλά·
752 2322 864 2375 οἷον
923 2322 951 2376 ὁ
1001 2318 1283 2397 ἄνθρωπος
1330 2319 1419 2373 καὶ
1468 2314 1523 2373 ἓν
1575 2316 1673 2392 (τί)
1718 2316 1825 2372 ἐστι
1875 2316 2008 2370 καΟὸ

355 2410 664 2488 ἄνθρωπος,
719 2408 813 2465 καί
865 2407 1052 2465 πολλὰ
1107 2410 1237 2465 καθὸ
1288 2412 1448 2481 ζῶον,
1505 2407 1595 2461 καὶ
1648 2406 1868 2483 λογικὸν
1919 2405 2008 2459 καὶ

353 2500 575 2571 θνητὸν,
646 2499 738 2554 καὶ
811 2503 907 2554 νοῦ
981 2499 1071 2553 καὶ
1149 2497 1458 2570 ἐπιστήμης
1534 2492 1798 2552 δεκτικόν.
1859 2492 2008 2548 Ἐπεὶ

358 2587 451 2645 οὖν
508 2585 730 2644 ἕκαστον
788 2592 896 2643 τῶν
952 2583 1121 2643 ὄντων
1180 2586 1232 2641 ἐν
1291 2585 1501 2659 κόσμῳ,
1539 2586 1628 2639 καὶ
1683 2580 1738 2638 ἓν
1793 2583 1846 2638 τί
1900 2582 2007 2637 ἐστι

356 2676 688 2751 καὶπολλὰ,
720 2678 801 2732 ὡσ
849 2677 944 2750 μὶν
992 2676 1048 2731 ἓν
1092 2675 1354 2747 δηλοῦται
1405 2675 1507 2729 ὑπὸ
1562 2678 1660 2729 τοῦ
1717 2672 2006 2745 ὀνόματος,

361 2770 439 2830 ὡς
500 2764 558 2822 δὲ
613 2764 799 2823 πολλά
854 2764 1118 2837 δηλοῦται
1177 2765 1281 2820 ὐπὸ
1347 2768 1445 2818 τοῦ
1518 2764 1775 2838 ὁρισμοῦ,
1825 2763 1859 2831 ἢ
1911 2768 2010 2830 τῆς

365 2857 710 2931 ὑπογραφῆς.
742 2854 842 2910 Καὶ
871 2854 972 2931 γὰρ
1014 2856 1041 2909 6
1090 2851 1394 2929 ἄνθρωπος,
1424 2850 1477 2907 ἓν
1527 2849 1600 2906 ὢν
1656 2850 1745 2905 καὶ
1802 2847 2007 2919 πολλὰ,

360 2945 442 3006 ὡς
476 2946 569 3017 μὲν
600 2943 657 2998 ’ὲν
691 2944 793 2999 ὑπὸ
847 2950 949 3012 τῆς
1008 2944 1287 3014 ἅνθρωπος
1336 2939 1598 3011 δηλοῦται
1649 2946 1854 3017 φωνῆς,
1885 2938 2009 3007 ἥτις

363 3031 574 3088 ἁπλοῦν
631 3032 769 3087 ἐστιν
830 3028 1022 3105 ὄνομα·
1090 3032 1164 3093 ὡς
1211 3028 1269 3085 δὲ
1323 3027 1530 3096 πολλὰ,
1582 3028 1683 3083 ὑπὸ
1733 3032 1830 3082 τοῦ
1880 3026 2010 3101 ὅρου

360 3127 460 3177 τοῖ’)
494 3118 774 3198 λέγοντος,
811 3126 946 3191 ζῶον
995 3120 1240 3195 λογικὸν,
1274 3118 1492 3189 θνητὸν,
1526 3122 1620 3171 νοῦ
1659 3114 1747 3171 καί
1796 3115 2012 3185 ἐπιστή-

368 3232 479 3285 μης
537 3208 796 3266 δεκτικόν·
838 3210 915 3297 ’ὸς-
954 3206 1020 3278 δή
1083 3208 1208 3283 ὅρος
1269 3207 1434 3283 λόγος
1495 3207 1724 3282 ὑπάρχει
1782 3209 1889 3259 τῶν
1938 3205 2089 3297 ὦνΒ

366 3295 483 3374 ἔχει
518 3300 546 3353 6
578 3295 862 3372 ἅνθρωπος
891 3293 1115 3352 ἕκαστον
1148 3297 1389 3367 ἐπεξιών.

441 3389 505 3463 β’.
566 3390 838 3442 Ἔστωσαν
918 3384 1007 3440 οὖν
1085 3383 1180 3440 δύο
1253 3385 1375 3440 τινὰ
1458 3385 1746 3458 πράγματα
1817 3382 1851 3450 ἢ
1920 3380 2009 3434 καὶ

362 3477 563 3548 πλείω,
620 3476 711 3530 καὶ
765 3480 931 3530 ταῦτα
981 3475 1016 3543 ἣ
1071 3473 1159 3528 καὶ
1218 3474 1352 3528 κατᾶ
1396 3470 1457 3526 τὸ
1510 3466 1684 3543 ὄνομα
1731 3471 1820 3524 καὶ
1877 3469 2012 3523 κατὰ

361 3567 452 3620 τὸν
509 3563 673 3640 λόγον
720 3563 1145 3619 κοινωνείτωσαν
1192 3559 1488 3632 ἀλλήλοις·
1540 3561 1573 3629 ἣ
1618 3560 1707 3614 καὶ
1756 3559 1870 3613 κατ’
1904 3555 2009 3629 ἅμ-

364 3676 451 3732 φω
496 3651 914 3730 διαφερέτωσαν
945 3653 979 3721 ἢ
1019 3651 1152 3726 (καὶ)
1199 3650 1335 3705 κατὰ
1395 3650 1488 3723 μὲν
1544 3649 1607 3704 τὸ
1665 3644 1839 3720 ὄνομα
1893 3667 2009 3701 κοι-

361 3742 724 3814 νωνείτωσαν,
755 3741 891 3796 κατὰ
948 3737 1007 3795 δὲ
1058 3738 1151 3795 τόν
1208 3739 1373 3814 λόγον
1434 3735 1845 3816 διαφερέτωσαν·
1878 3736 1912 3803 ἢ
1950 3735 2011 3788 τὸ

365 3830 654 3900 ἀνάπαλιν,
690 3831 826 3885 κατὰ
884 3830 976 3903 μὲν
1036 3829 1126 3883 τὸν
1166 3827 1330 3903 λόγον
1388 3826 1835 3893 κοινωνείτωσαν,
1877 3822 2013 3877 κατὰ

364 3917 425 3975 δὲ
469 3919 533 3974 τὸ
586 3913 762 3992 ὄνομα
810 3916 1228 3995 διαφερέτωσαν,
1276 3916 1350 3978 ὡς
1414 3914 1547 3972 εἶναι
1600 3912 1859 3989 τέσσαρας
1915 3913 2009 3974 τὰς

368 4005 654 4086 διαφοράς.

437 4103 504 4171 γ’.
539 4096 605 4151 Εἰ
650 4096 744 4169 μὲν
804 4093 896 4149 οὖν
950 4095 1040 4149 καὶ
1092 4095 1208 4149 κατ’
1266 4094 1432 4171 ἄμφω
1477 4096 1819 4161 κοινωνοῦσι,
1878 4090 2014 4144 κατὰ

359 4186 425 4240 τὸ
482 4180 655 4258 ὄνομά
720 4206 886 4263 φημι,
942 4183 1031 4238 καὶ
1099 4183 1274 4256 (κατὰ)
1330 4183 1422 4237 τὸν
1498 4179 1664 4256 λόγον
1722 4179 2013 4235 καλοῦνται

363 4275 672 4347 συνώνυμα,
730 4272 924 4328 ὡσανεὶ
1006 4268 1358 4346 μεταδιδόντα
1431 4268 1702 4341 ἀλλήλοις
1769 4268 1858 4323 σὺν
1934 4272 2012 4340 τῷ

365 4362 597 4436 ὀνόματι
657 4363 748 4417 καὶ
803 4366 902 4416 τοῦ
958 4360 1145 4436 λόγου·
1207 4361 1495 4433 συνώνυμα
1563 4358 1664 4434 γάρ
1724 4357 1877 4430 εἰσιν,
1936 4358 2010 4411 ὧν

360 4452 425 4508 τό
480 4473 537 4507 τε
583 4447 759 4524 ὄνομα
802 4450 980 4505 κοινὸν
1028 4450 1118 4504 καὶ
1159 4451 1186 4504 ὁ
1215 4450 1351 4504 κατὰ
1395 4443 1639 4520 τοῦνομα
1695 4446 1857 4523 λόγος
1910 4453 2010 4515 τῆς

366 4540 554 4603 οὐσίας
609 4542 638 4596 6
694 4539 876 4612 αὐτὸς,
931 4541 1042 4594 οἷον
1106 4542 1261 4608 ζῶον,
1308 4536 1338 4591 6'
1392 4558 1452 4592 τε
1498 4537 1777 4612 ἄνθρωπος
1835 4535 1925 4590 καὶ
1983 4535 2011 4589 6

369 4632 499 4707 βοῦς
550 4629 686 4684 κατὰ
725 4628 787 4683 τὸ
839 4632 975 4697 ζῶον
1029 4622 1204 4700 ὄνομα
1249 4627 1536 4699 συνώνυμα
1590 4620 1735 4681 ὄντα·
1767 4625 1857 4679 καὶ
1912 4624 2012 4700 γὰρ

364 4719 534 4795 ἄμφω
599 4719 691 4772 καὶ
765 4721 876 4786 ζῶα
948 4715 1460 4792 προσαγορεύονται,
1518 4714 1607 4770 καὶ
1693 4714 1784 4769 τὸν
1861 4712 2019 4768 αὐτὸν

364 4804 712 4881 ἐπιδέχονται
778 4804 962 4880 λόγον,
1019 4806 1153 4868 καθὸ
1218 4809 1347 4873 ζῶα·
1408 4801 1517 4858 ἔστι
1589 4804 1691 4878 γὰρ
1771 4801 2018 4879 ἑκάτερον

368 4895 528 4951 ουσία
556 4893 830 4971 ἔμψυχος,
863 4894 1176 4964 αἰσθητικὴ,
1213 4888 1570 4966 μεταϐατική.

440 5071 503 5130 δ’.
532 5072 595 5127 Εἰ
622 5069 689 5141 δὴ
720 5071 858 5126 κατὰ
886 5070 946 5125 τὸ
998 5064 1194 5142 ὄνομα,
1224 5069 1314 5124 καὶ
1363 5070 1499 5124 κατὰ
1542 5068 1632 5123 τὸν
1684 5068 1850 5142 λόγον
1902 5064 2019 5121 δια-

367 5163 644 5241 φέρουσιν,
682 5160 728 5215 εἰ
791 5161 884 5233 μὲν
946 5157 1162 5235 ἔχουσιν
1215 5157 1270 5214 ἓν
1333 5156 1708 5231 ὑποκείμενον,
1770 5157 2016 5232 λέγονται

368 5252 705 5325 ἕτερώνυμα,
753 5248 929 5324 ὥςπερ
986 5243 1238 5309 ἀνάϐασις
1305 5246 1392 5302 καὶ
1449 5242 1762 5309 κατάϐασις.
1814 5247 2016 5321 Ἔχου-

369 5361 420 5395 σι
478 5341 583 5415 γᾶρ
639 5338 695 5395 ’ἐν
754 5337 1105 5411 ὑποκείμενον
1162 5337 1261 5405 τὴν
1339 5334 1603 5409 κλίμακα·
1665 5335 1871 5409 ὁμοίως
1929 5332 2018 5389 καὶ

366 5430 585 5506 σπέρμα
660 5428 752 5483 καὶ
833 5426 1059 5502 καρπός.
1126 5430 1463 5503 Θεωροῦνται
1547 5425 1649 5501 γὰρ
1734 5424 1855 5498 περὶ
1926 5424 2017 5477 τὸν

363 5519 525 5575 αὐτὸν
585 5517 842 5587 σῖτον,’ὀς
900 5516 1034 5592 πρὸς
1099 5515 1191 5588 μὲν
1251 5516 1312 5569 τὸ
1370 5514 1502 5569 εἶναι
1561 5514 1650 5569 καὶ
1697 5512 2019 5587 ἀπηρτίσθαι

361 5605 583 5683 λέγεται
636 5605 866 5679 καρπὸς,
918 5605 1055 5679 πρὸς
1114 5601 1172 5658 δὲ
1206 5604 1269 5659 τὸ
1304 5603 1525 5677 μέλλειν
1584 5604 1674 5659 καὶ
1732 5602 2020 5678 πεφυκέναι

360 5694 577 5772 λέγεται
636 5692 967 5770 σπέρμα.Εἷ
1026 5689 1083 5746 δὲ
1142 5688 1373 5770 διάφορα
1426 5688 1614 5768 ἔχουσι
1674 5692 1742 5746 τὰ
1800 5688 2019 5745 ὑποκεί-

361 5805 519 5863 μενα,
555 5784 801 5860 λέγονται
856 5778 1032 5857 ἕτερα,
1095 5781 1209 5836 οἷον
1286 5782 1572 5858 ἄνθρωπος
1645 5780 1733 5838 καὶ
1817 5778 2015 5854 τἱπτιος,

2191 2236 2241 2287 1.
2273 2234 2527 2299 Quodvis
2558 2250 2759 2290 eorum
2791 2251 2918 2306 quae
2949 2239 3090 2290 sunt
3120 2235 3177 2289 in
3210 2236 3430 2292 mundo
3473 2242 3530 2292 et
3573 2255 3759 2293 unum

2117 2320 2338 2392 aliquid
2368 2327 2426 2377 et
2456 2322 2642 2378 multa
2669 2328 2793 2377 est:
2824 2321 2982 2377 velut
3010 2323 3184 2379 homo
3205 2329 3263 2379 et
3293 2342 3474 2380 unum
3498 2326 3639 2397 quid
3670 2332 3761 2383 est

2118 2414 2409 2481 quatenus
2427 2411 2624 2482 homo,
2647 2415 2704 2466 et
2725 2410 2930 2476 multa,
2946 2416 3235 2482 quatenus
3257 2413 3494 2480 animal,
3511 2419 3569 2470 et
3589 2416 3762 2471 ratio-

2119 2498 2249 2553 nale
2280 2504 2335 2553 et
2366 2499 2607 2554 mortale
2632 2500 2733 2554 66
2759 2487 3238 2572 et'intelligentize
3271 2502 3641 2575 scientiaeque
3672 2521 3759 2560 ca-

2118 2588 2539 2658 pax.Quoniam
2557 2588 2992 2660 igiturquodvis
3003 2605 3204 2643 eorum
3218 2607 3341 2660 quae
3359 2596 3500 2647 sunt
3516 2592 3574 2646 in
3595 2608 3760 2647 mun-

2120 2677 2213 2743 do,
2230 2680 2287 2731 et
2309 2693 2492 2731 unum
2515 2676 2736 2748 aliquid
2760 2681 2817 2732 et
2838 2676 3024 2732 multa
3042 2682 3157 2733 est:
3183 2684 3247 2734 ut
3267 2696 3449 2735 unum
3468 2681 3701 2749 quidem
3725 2699 3760 2736 a

2119 2764 2354 2819 nomine
2384 2764 2732 2830 declaratur,
2767 2776 2831 2819 ut
2867 2764 3054 2820 multa
3090 2770 3287 2822 autem
3338 2784 3372 2822 a
3417 2768 3758 2825 definitione

2120 2870 2221 2907 seu
2264 2853 2650 2924 descriptione
2678 2853 3027 2908 declaratur.
3062 2855 3243 2910 Homo
3290 2855 3445 2910 enim
3497 2873 3631 2912 cum
3681 2859 3760 2912 sit

2121 2958 2301 2996 unum
2326 2946 2381 2997 et
2404 2940 2607 3009 multa,
2633 2947 2698 2997 ut
2717 2959 2901 2997 unum
2926 2942 3163 3014 quidem
3188 2960 3221 2998 a
3250 2960 3384 2999 voce
3405 2944 3756 3015 declaratur,

2119 3047 2248 3101 quae
2278 3030 2524 3102 simplex
2555 3047 2765 3086 nomen
2796 3036 2885 3087 est
2913 3048 2924 3085 :
2973 3036 3039 3086 ut
3070 3032 3256 3086 multa
3284 3049 3439 3099 vero,
3468 3051 3502 3087 a
3550 3035 3758 3089 deﬁni-

2121 3119 2276 3173 tione
2306 3137 2431 3189 quze
2462 3118 2601 3173 dicit
2633 3136 2644 3173 ε
2700 3118 2915 3175 animal
2949 3119 3251 3187 rationale,
3287 3122 3552 3189 mortale,
3586 3123 3757 3178 intel-

2117 3206 2367 3278 ligentia:
2414 3212 2471 3262 et
2517 3207 2771 3263 scientia;
2802 3225 3000 3280 capax.
3035 3210 3171 3274 Quae
3201 3226 3340 3265 sane
3372 3210 3631 3267 definitio
3663 3214 3754 3267 est

2119 3296 2301 3351 oratio
2330 3296 2562 3368 singula
2592 3313 2718 3367 quae
2750 3296 2924 3351 habet
2953 3297 3128 3352 homo
3160 3313 3536 3370 persequens.

2188 3389 2240 3438 2.
2277 3384 2407 3439 Sint
2434 3385 2610 3454 igitur
2632 3386 2760 3441 duas
2781 3386 3069 3457 quaepiam
3102 3403 3193 3441 res
3221 3386 3310 3442 vel
3333 3387 3505 3444 etiam
3532 3390 3753 3461 plures,

2119 3478 2175 3529 et
2220 3474 2307 3528 ha;
2352 3473 2440 3529 vel
2484 3475 2808 3529 secundum
2840 3492 3049 3530 nomen
3090 3480 3147 3530 et
3174 3476 3571 3532 definitionem
3602 3479 3759 3534 inter

2120 3580 2181 3618 se
2245 3562 2723 3631 communicent;
2790 3562 2879 3617 vel
2936 3564 3111 3618 etiam
3180 3565 3371 3635 quoad
3439 3570 3757 3638 utrumque

2119 3650 2422 3718 differant;
2476 3650 2565 3705 vel
2614 3652 2803 3721 quoad
2861 3668 3072 3707 nomen
3126 3653 3357 3723 quidem
3421 3655 3757 3710 communi-

2121 3744 2269 3805 cent,
2337 3739 2525 3808 quoad
2593 3739 2990 3795 deﬁnitionem
3031 3745 3227 3797 autem
3294 3742 3607 3811 differant;
3668 3745 3758 3801 vel

2119 3831 2320 3883 contra
2361 3828 2549 3898 quoad
2599 3828 2997 3885 deﬁnitionem
3035 3830 3270 3900 quidem
3301 3832 3755 3905 communicent,

2118 3917 2308 3987 quoad
2361 3932 2573 3971 nomen
2620 3920 2817 3972 autem
2867 3918 3157 3990 differant,
3207 3924 3272 3974 ut
3329 3925 3582 3991 quatuor
3638 3922 3759 3977 sint

2122 4005 2476 4061 differentia.

2190 4095 2239 4149 3.
2276 4094 2435 4157 Quod
2467 4094 2759 4165 siquidem
2790 4094 2971 4167 igitur
3000 4097 3190 4167 quoad
3233 4098 3408 4153 etiam
3440 4102 3759 4171 utrumque

2121 4183 2572 4250 communicent,
2606 4184 2796 4255 quoad
2828 4200 3041 4240 nomen
3079 4186 3315 4255 inquam
3364 4190 3421 4241 et
3462 4187 3759 4243 deﬁnitio-

2122 4289 2277 4342 nem,
2310 4272 2555 4327 univoca
2582 4277 2883 4342 vocantur,
2919 4277 2982 4328 ut
3010 4289 3139 4344 quae
3170 4275 3283 4329 sibi
3325 4275 3573 4331 invicem
3622 4292 3759 4331 cum

2121 4362 2357 4417 nomine
2413 4360 2588 4416 etiam
2644 4361 3043 4417 deﬁnitionem
3102 4362 3463 4434 impertiant.
3507 4364 3760 4421 Univoca

2121 4450 2277 4507 enim
2308 4456 2466 4519 sunt,
2500 4468 2748 4523 quorum
2799 4455 2854 4505 et
2902 4468 3111 4506 nomen
3146 4469 3455 4509 commune
3508 4458 3565 4509 et
3614 4453 3760 4509 ratio

2125 4540 2389 4595 essentia:
2421 4540 2742 4594 secundum
2776 4540 2869 4594 67
2907 4556 3117 4595 nomen
3150 4543 3352 4596 eadem
3379 4556 3393 4595 :
3428 4540 3602 4596 veluti
3634 4542 3760 4596 ani-

2127 4627 2244 4683 mal
2291 4631 2380 4682 est
2427 4632 2484 4683 et
2529 4627 2703 4682 homo
2751 4632 2807 4682 et
2848 4628 2974 4698 bos,
3017 4645 3143 4699 quas
3191 4629 3513 4684 secundum
3546 4646 3760 4686 nomen

2128 4715 2343 4772 animal
2404 4715 2647 4771 univoca
2702 4721 2859 4771 sunt.
2917 4719 3104 4772 Ambo
3162 4717 3317 4771 enim
3376 4723 3434 4773 et
3483 4718 3765 4774 animalia

2126 4804 2510 4877 appellantur,
2545 4810 2601 4860 et
2629 4806 2893 4860 eamdem
2924 4812 3214 4876 quatenus
3247 4806 3526 4863 animalia
3553 4807 3762 4862 defini-

2125 4895 2345 4949 tionem
2378 4894 2724 4965 suscipiunt.
2758 4894 3079 4966 Utrumque
3108 4895 3263 4950 enim
3302 4899 3393 4951 est
3429 4896 3764 4953 substantia

2127 4980 2407 5051 animata,
2439 4982 2717 5053 sentiens,
2752 4982 3133 5054 progressiva.

2197 5072 2249 5125 4.
2280 5071 2378 5127 Sin
2409 5087 2542 5125 vero
2574 5072 2765 5141 quoad
2800 5087 3009 5126 nomen
3042 5076 3098 5127 et
3140 5073 3333 5145 quoad
3364 5073 3764 5130 definitionem

2128 5161 2416 5227 differant,
2432 5159 2721 5232 siquidem
2746 5178 2927 5215 unum
2950 5161 3204 5216 habeant
3220 5163 3570 5234 subjectum,
3586 5163 3768 5219 diver-

2132 5248 2324 5304 sivoca
2370 5248 2663 5315 dicuntur,
2699 5249 3195 5321 quemadmodum
3244 5251 3508 5307 ascensio
3556 5256 3613 5307 et
3670 5253 3767 5308 de-

2132 5336 2378 5392 scensio.
2412 5336 2604 5391 Unum
2653 5338 2807 5393 enim
2858 5338 3211 5409 subjectum,
3263 5339 3482 5396 scalam
3531 5340 3767 5398 habent.

2131 5423 2319 5481 Simili
2352 5424 2575 5479 ratione
2622 5429 2678 5480 et
2724 5441 2923 5481 semen
2977 5430 3034 5481 et
3083 5427 3326 5483 fructus.
3362 5430 3421 5483 In
3464 5446 3579 5484 uno
3610 5429 3767 5485 enim

2128 5514 2320 5570 tritico
2351 5514 2817 5582 considerantur,
2850 5516 3002 5586 quod
3052 5533 3120 5572 ea
3163 5518 3389 5573 ratione
3426 5534 3542 5589 qua
3573 5522 3680 5588 est,
3714 5522 3771 5574 et

2129 5602 2449 5676 perfectum
2482 5606 2591 5667 est,
2627 5603 2850 5658 fructus
2895 5603 3150 5673 dicitur;
3201 5622 3319 5676 qua
3368 5605 3589 5662 ratione
3635 5622 3769 5662 vero

2130 5692 2390 5747 futurum
2415 5695 2521 5756 est,
2546 5695 2603 5746 et
2632 5690 2789 5747 aliud
2822 5710 2922 5765 per
2952 5698 3219 5748 naturam
3244 5694 3364 5749 ﬁeri
3389 5699 3601 5765 potest,
3624 5695 3766 5748 dici-

2128 5786 2224 5838 tur
2271 5797 2491 5838 semen.
2524 5781 2627 5838 Sin
2675 5798 2809 5839 vero
2857 5782 3182 5840 differentia
3225 5782 3488 5856 subjecta
3516 5782 3770 5847 habeant
