4096 6434
420 465 539 526 739

1671 460 2094 524 NICEPHORI
2139 457 2578 522 BLEMMIDB

3698 465 3804 524 740

413 595 646 650 diversa
675 593 950 648 dicuntur
984 613 996 647 :
1046 593 1204 648 velut
1234 594 1407 649 homo
1439 598 1494 648 et
1522 610 1732 665 equus,
1768 610 1882 649 non
1915 608 2056 664 qua-

2183 590 2234 644 >ύ
2291 592 2422 654 καθὸ
2493 597 2603 660 ζῶα
2659 596 2814 666 (κατά
2885 597 3046 646 τοῦτο
3120 593 3222 667 γὰρ
3309 590 3593 664 συνώνυμᾶ
3643 591 3804 666 εἶσιν),

417 689 590 740 tenus
619 682 895 737 animalia
915 683 1127 753 (quoad
1157 682 1262 736 hoc
1289 683 1446 736 enim
1478 690 1615 738 sunt
1647 682 1932 748 univoca),
1959 685 2054 737 sed

415 776 704 843 quatenus
758 770 932 825 homo
991 774 1047 824 et
1107 786 1294 842 equus
1325 776 1485 829 sunt.
1520 769 1856 825 Differentia
1900 770 2057 825 enim

413 860 630 915 habent
659 859 916 928 nomina,
951 860 1051 914 sed
1103 865 1158 914 et
1208 860 1542 915 differentes
1595 861 1785 931 quoad
1821 860 2060 914 nomina

413 949 784 1004 definitiones
816 949 1098 1019 (habent).
1131 948 1315 1004 Homo
1346 950 1503 1003 enim
1536 953 1826 1020 quatenus
1860 948 2058 1014 homo,

414 1042 504 1093 est
570 1036 789 1092 animal
848 1036 1148 1104 rationale,
1214 1039 1478 1104 mortale,
1539 1037 1936 1110 intelligentiae
2004 1042 2062 1091 et

410 1126 669 1182 scientia:
699 1143 898 1198 capax.
935 1127 1132 1198 Equus
1164 1131 1380 1196 autem,
1407 1132 1699 1198 quatenus
1731 1143 1938 1197 equus,
1970 1130 2061 1181 est

405 1214 621 1270 animal
658 1215 1014 1283 irrationale,
1049 1216 1407 1287 quadrupes,
1447 1215 1752 1270 hinniendi
1785 1214 2060 1270 facultate

409 1304 507 1359 68
542 1305 871 1374 praeditum.
907 1305 1015 1358 Sed
1063 1309 1120 1359 et
1165 1304 1491 1360 differentia
1521 1305 1785 1374 subjecta
1816 1304 2056 1358 habent.

409 1393 538 1448 Alia
569 1392 723 1448 enim
756 1392 1012 1448 hominis
1043 1397 1130 1448 est
1160 1394 1510 1460 substantia,
1543 1399 1600 1448 et
1641 1393 1756 1448 alia
1795 1396 1883 1447 est
1914 1392 2055 1447 sub-

414 1483 631 1538 stantia
659 1482 814 1554 equi.
847 1482 1132 1536 Dicuntur
1178 1487 1377 1538 autem
1409 1483 1766 1538 diversivoca
1796 1481 2054 1553 quidem,

414 1586 664 1640 quorum
705 1574 761 1624 et
799 1587 1011 1625 nomen
1042 1570 1335 1625 diversum
1367 1575 1476 1639 est,
1509 1575 1566 1626 et
1613 1570 1876 1626 essentia:
1908 1570 2055 1624 ratio

413 1659 740 1714 secundum
773 1675 984 1713 nomen
1015 1659 1244 1714 diversa
1280 1663 1388 1726 est,
1421 1675 1556 1713 cum
1608 1675 1791 1713 unum
1824 1659 2053 1728 subjec-

2170 677 2315 733 ἀλλὰ
2362 681 2490 736 καθὸ
2540 682 2819 753 ἅνθρωπος
2870 681 2958 735 καὶ
3013 679 3207 743 ἵππος.
3241 681 3480 757 Διάφορα
3528 681 3630 756 γὰρ
3661 679 3805 756 ἔχου.

2170 789 2219 822 σι
2269 769 2358 823 καὶ
2409 769 2474 823 τὰ
2532 769 2771 842 ὀνόματα
2819 770 2908 824 καὶ
2969 768 3188 845 λόγους.
3217 770 3273 823 Ὀ
3325 769 3418 841 μὲν
3469 768 3569 844 γὰρ
3617 770 3809 845 ἅνθρω-

2169 879 2268 920 πος
2418 860 2701 933 ἅνθρωπος
2762 859 2897 928 ζῶόν
2951 858 3060 914 ἐστι
3140 858 3392 932 λογικὸν,
3447 858 3663 928 θνητὸν,
3717 862 3804 912 νοῦ

2168 947 2258 1000 καὶ
2317 945 2625 1018 ἐπιστήμης
2686 946 2950 1002 δεκτικόν·
3001 949 3030 1002 ὁ
3081 945 3138 1001 δὲ
3189 945 3360 1007 τίππος
3388 944 3618 1017 ᾗῖππος
3680 951 3804 1014 ζῶον

2169 1031 2389 1110 ἄλογον,
2446 1037 2762 1111 τετράπουν,
2821 1035 3256 1112 χρεμετιστικόν.
3319 1033 3494 1090 Ἀλλᾶ
3579 1034 3674 1091 καὶ
3750 1036 3810 1089 τὰ

2171 1122 2496 1196 ὑποκείμενα
2569 1121 2818 1202 διάφορα·
2883 1122 3028 1194 ἄλλη
3105 1124 3208 1197 γὰρ
3267 1125 3301 1192 ἡ
3361 1121 3519 1177 οὐσία
3571 1126 3668 1177 τοῦ
3726 1124 3806 1178 ἆν-

2169 1213 2389 1287 θρώπου
2444 1212 2533 1266 καὶ
2592 1212 2738 1281 ἄλλη
2796 1215 2831 1280 ἡ
2866 1211 3020 1266 οὐσία
3073 1216 3172 1266 τοῦ
3222 1209 3420 1266 Ἵππου.
3482 1211 3706 1283 Λέγεται
3760 1208 3811 1265 δὲ

2167 1301 2476 1375 ἑτερώνυμα
2537 1303 2628 1373 μὲν
2689 1302 2762 1354 ὧν
2818 1297 2881 1355 τό
2934 1321 2994 1354 τε
3048 1295 3221 1372 ὄνομα
3269 1297 3455 1373 ἕτερον
3507 1299 3597 1353 καὶ
3631 1299 3658 1352 ὁ
3689 1299 3812 1353 κατᾶ

2162 1386 2403 1460 τοῦνομα
2463 1387 2627 1464 λόγος
2690 1391 2790 1458 τῆς
2837 1388 3021 1451 οὐσίας
3093 1385 3277 1464 ἕτερος
3339 1386 3395 1443 ’ἐν
3469 1386 3708 1462 ἐχόντων
3758 1388 3812 1441 τὸ

2167 1477 2537 1550 ὑποκείμενον·
2569 1475 2726 1552 ἕτερα
2775 1474 2852 1546 δὲ,
2887 1478 2961 1532 ὧν
3010 1477 3073 1532 τό
3121 1497 3178 1532 τε
3235 1473 3410 1551 ὄνομα
3463 1472 3672 1550 ἕτερον,
3729 1476 3810 1531 καί

2166 1568 2194 1620 6
2241 1569 2377 1620 κατὰ
2431 1565 2672 1639 τοῦνομα
2731 1567 2892 1642 λόγος
2939 1569 3037 1635 τῆς
3096 1566 3280 1629 οὐσίας
3338 1563 3523 1641 ἕτερος
3587 1563 3814 1642 διάφορα

2165 1653 2232 1728 ἐχ
2238 1654 2404 1708 όντων
2435 1656 2501 1709 τὰ
2533 1655 2877 1728 ὑποκείμενα.

413 1751 540 1802 tum
590 1748 880 1815 habeant;
937 1747 1164 1803 diversa
1213 1764 1369 1813 vero,
1423 1763 1672 1818 quorum
1720 1750 1776 1802 et
1828 1761 2040 1802 nomen
2091 1745 2388 1801 diversum
2439 1750 2496 1801 et
2543 1746 2698 1817 quad
2729 1761 2941 1801 nomen
2973 1745 3241 1802 essentia
3271 1745 3417 1802 ratio
3447 1745 3682 1801 diversa
3709 1749 3793 1801 est

413 1852 546 1890 cum
595 1835 921 1890 differentia
963 1837 1225 1907 subjecta
1267 1837 1539 1891 habeant.

481 1925 533 1978 5.
567 1924 626 1979 Si
656 1941 826 1994 porro
857 1925 1046 1995 quoad
1081 1941 1289 1978 nomen
1323 1924 1559 1995 quidem
1592 1924 2046 1990 communicent,
2078 1931 2126 1997 B

411 2014 598 2083 quoad
668 2013 1065 2068 definitionem
1135 2018 1331 2068 autem
1399 2013 1689 2078 differant,
1763 2013 2057 2084 mquivoca

414 2108 848 2174 nuncupantur.
881 2103 1186 2172 quuivoca
1234 2103 1389 2157 enim
1443 2108 1600 2171 sunt,
1643 2119 1893 2173 quorum
1947 2119 2053 2156 no-

413 2209 546 2248 men
578 2192 770 2247 solum
803 2209 1133 2258 commune,
1166 2193 1266 2247 sed
1317 2193 1507 2263 quoad
1542 2209 1755 2246 nomen
1787 2191 2054 2246 essentiae

414 2281 562 2336 ratio
594 2281 822 2336 diversa
861 2286 948 2334 est
982 2295 994 2334 :
1051 2281 1550 2351 quemadmodum
1583 2281 1696 2335 duo
1726 2282 1950 2350 Ajaces.
1991 2280 2054 2333 Hi

413 2369 568 2424 enim
591 2386 774 2424 unum
799 2369 1036 2440 quidem
1061 2385 1372 2424 commune
1404 2385 1614 2424 nomen
1640 2368 1874 2432 habent,
1900 2369 2056 2439 quod

413 2461 502 2513 est
551 2459 732 2528 Ajax;
786 2458 885 2512 sed
936 2457 1128 2528 quoad
1161 2457 1360 2528 Ajacis
1389 2473 1622 2523 nomen,
1655 2457 2055 2512 definitionem

410 2563 527 2602 non
579 2545 844 2601 eamdem
877 2545 1162 2615 (habent).
1194 2545 1353 2600 Alter
1409 2545 1567 2600 enim
1617 2562 1818 2600 eorum
1866 2553 1956 2600 est
2007 2545 2058 2600 is

409 2635 550 2705 Ajax
575 2635 674 2706 qui
697 2634 1028 2689 Telamonis
1060 2633 1236 2700 filius,
1261 2639 1317 2688 et
1346 2650 1416 2688 ex
1444 2633 1738 2689 Salamine
1770 2634 2058 2689 oriundus

414 2722 544 2792 fuit,
572 2727 627 2778 et
649 2722 930 2795 singulari
954 2723 1270 2778 certamine
1293 2739 1426 2777 cum
1449 2722 1688 2778 Hectore
1711 2723 2054 2777 decertavit:

414 2812 559 2867 alter
603 2816 692 2867 est
740 2813 791 2867 is
843 2813 1010 2883 Ajax,
1044 2813 1141 2881 qui
1173 2812 1316 2867 Oilei
1349 2812 1525 2877 ﬁlius,
1561 2813 1777 2867 Locrus
1810 2816 1866 2866 et
1897 2811 2057 2883 pedi-

415 2901 527 2956 bus
557 2899 706 2955 celer
737 2901 865 2967 fuit,
899 2906 955 2955 et
985 2900 1177 2971 siquid
1217 2899 1374 2955 aliud
1406 2900 1598 2956 habet.

485 2990 537 3044 6.
581 2990 734 3045 Bene
781 2993 979 3044 autem
1029 2990 1241 3059 ubique
1292 2988 1566 3057 adjicitur
1611 2987 1672 3040 τὸ
1731 2988 2056 3043 secundum

417 3095 649 3134 nomen.
681 3077 988 3148 rEquivoca
1016 3079 1172 3133 enim
1204 3078 1395 3149 quoad
1445 3076 1602 3131 aliud
1654 3077 1876 3148 aliquid
1926 3076 2058 3130 uni-

416 3185 552 3222 voca
602 3167 1149 3239 deprehendantur;
1204 3171 1260 3220 et
1309 3165 1571 3235 univooa,
1621 3166 1926 3235 aaquivoca.
1978 3171 2058 3220 Ac

415 3257 514 3310 ϐε)
548 3257 607 3310 in
656 3255 788 3310 aliis
842 3255 1020 3310 simili
1076 3255 1297 3310 ratione
1343 3259 1746 3326 comparatum
1777 3259 1884 3310 est.
1916 3253 2059 3310 Vide

415 3346 572 3399 enim
603 3349 660 3399 et
691 3345 806 3400 duo
831 3346 1034 3415 Ajaces
1061 3348 1350 3415 quatenus
1383 3345 1618 3414 quidem
1640 3345 1849 3414 Ajaces
1879 3343 2057 3414 aequi-

416 3435 538 3489 voci
572 3437 746 3489 sunt:
792 3437 1080 3503 quatenus
1113 3437 1308 3488 autem
1340 3432 1630 3500 homines,
1663 3432 1891 3488 univoci
1926 3436 2066 3487 sunt

423 3523 643 3594 uﬁque.

485 3615 540 3666 7.
575 3617 752 3666 Porro
783 3611 950 3678 ratio,
985 3611 1203 3666 scilicet
1234 3613 1521 3681 essentiae,
1556 3612 1614 3666 in
1665 3609 1758 3666 his
1788 3609 2064 3666 omnibus

417 3705 475 3757 et
503 3702 574 3755 de
603 3700 940 3756 definitione
970 3704 1028 3755 et
1070 3700 1140 3754 de
1171 3700 1562 3772 descriptione
1591 3700 1747 3754 dicta
1775 3705 1882 3755 est.

488 3791 541 3844 8.
576 3789 852 3844 Essentiae
903 3794 1099 3844 autem
1157 3806 1367 3844 nomen
1427 3788 1489 3842 τὸ
1543 3789 1887 3860 simpliciter
1935 3804 2064 3844 esse

420 3877 698 3932 declarat.
755 3877 982 3932 Etenim
1041 3879 1154 3932 duo
1202 3879 1769 3950 Aiaces,-quatenus
1825 3881 2064 3948 uterque

423 3968 564 4037 Ajax
593 3971 701 4031 est,
734 3965 1018 4021 hactenus
1051 3966 1452 4021 definitionem
1484 3967 1771 4022 diversam
1805 3967 2062 4035 habent;

424 4055 616 4128 quoad
667 4072 798 4110 vero
848 4061 1142 4124 naturam,
1189 4073 1365 4110 unam
1417 4061 1474 4110 et
1526 4057 1790 4112 eamdem
1826 4055 2060 4112 habent.

493 4145 548 4199 9.
582 4145 895 4199 Sciendum
928 4149 1123 4198 autem
1167 4149 1223 4199 et
1272 4143 1401 4213 hoc,
1434 4144 1811 4216 philosophos
1853 4162 2064 4200 nomen

423 4235 494 4290 de
525 4233 685 4288 omni
717 4233 1104 4304 significativa
1135 4249 1271 4288 voce
1317 4233 1594 4305 accipere.
1629 4235 1790 4300 Quod
1838 4235 1886 4289 si
1936 4234 2065 4300 hoc,

424 4324 606 4396 igitur
634 4327 690 4378 et
715 4323 885 4377 verba
920 4327 1090 4377 erunt
1120 4322 1412 4394 aequivoca
1447 4340 1458 4376 :
1509 4320 1666 4377 velut
1711 4322 1772 4374 τὸ
1818 4321 1940 4396 ἐρῶ.
1976 4323 2064 4378 Si-

422 4413 664 4485 gnificat
693 4411 848 4467 enim
895 4416 950 4466 et
991 4412 1192 4480 dicam,
1227 4417 1284 4466 et
1313 4413 1623 4467 amantium
1650 4413 1814 4468 modo
1846 4414 2066 4483 affectus

419 4519 561 4558 sum.
614 4503 681 4556 Et
741 4500 801 4556 in
861 4500 994 4556 aliis
1049 4517 1182 4556 vero
1241 4501 1417 4556 etiam
1468 4501 1746 4558 orationis
1803 4502 2068 4573 partibus

422 4590 937 4664 aequivocationem
969 4589 1182 4661 aliquis
1227 4589 1498 4645 inveniet.

496 4700 580 4752 10.
615 4698 752 4752 Tria
800 4702 995 4752 autem
1051 4697 1108 4751 in
1164 4697 1473 4768 mquivocis
1523 4698 1835 4768 quaerenda
1875 4702 2014 4753 sunt
2050 4717 2063 4754 :
2095 4663 2142 4728 D

422 4803 564 4842 num
600 4786 677 4841 sit
722 4803 752 4840 e
809 4803 1050 4840 numero
1083 4786 1508 4856 mquivocorum
1542 4786 1598 4840 id
1631 4788 1701 4841 de
1731 4803 1842 4856 quo
1875 4803 2065 4843 sermo

423 4880 548 4943 est;
599 4879 656 4930 et
685 4879 826 4946 quot
857 4876 927 4930 de
958 4875 1304 4946 significatis
1336 4892 1546 4930 nomen
1579 4875 1866 4946 ejusmodi
1899 4893 2065 4931 usur-

423 4967 593 5034 petur
624 4981 636 5030 ;
672 4967 729 5018 et
759 4980 870 5033 quo
903 4965 972 5018 de
1003 4964 1462 5035 signiﬁcatorum
1496 4981 1688 5020 sermo
1721 4964 1815 5020 sit.

495 5070 581 5123 11.
613 5073 898 5123 Caeterum
951 5070 998 5125 si
1045 5071 1232 5140 quoad
1277 5070 1672 5126 definitionem
1706 5071 1940 5140 quidem
1973 5088 2065 5127 res

422 5157 881 5226 communicent,
907 5159 1094 5228 quoad
1128 5175 1337 5214 nomen
1372 5163 1565 5214 autem
1596 5159 1884 5230 differant,
1910 5160 2064 5214 mul-

420 5247 614 5303 tivoca
643 5245 941 5313 dicuntur,
975 5265 1180 5320 nempe
1209 5250 1439 5318 quando
1471 5250 1670 5304 eadem
1715 5265 1807 5304 res
1864 5249 2065 5305 multis

419 5335 759 5392 nominibus
791 5335 1135 5406 appellatur,
1163 5337 1320 5392 velut
1350 5337 1528 5404 ensis,
1556 5337 1784 5408 spatha,
1811 5337 2062 5410 gladius,

423 5426 521 5480 70
553 5424 795 5480 framea.
831 5425 960 5480 Haec
1007 5426 1162 5480 enim
1216 5427 1414 5482 omnia
1456 5443 1631 5481 unam
1664 5427 2062 5483 deﬁnitionem

419 5513 757 5585 suscipiunt
789 5530 801 5567 :
846 5514 1062 5586 quippe
1093 5516 1308 5570 ferrum
1341 5515 1614 5585 utrinque
1647 5515 1907 5571 incidens
1939 5521 2064 5585 (seu

418 5604 659 5675 anceps)
706 5609 860 5657 sunt.
898 5605 1165 5658 Definitio
1213 5609 1407 5658 autem
1461 5604 1905 5660 multivocorum
1956 5611 2063 5674 est,

419 5693 677 5769 plurima
709 5693 945 5747 nomina
977 5712 1101 5764 qua)
1135 5696 1204 5747 de
1239 5711 1352 5747 una
1393 5710 1450 5747 re
1483 5694 1778 5748 dicuntur.

494 5785 578 5844 12.
612 5786 790 5841 Porro
823 5788 963 5842 sunt
992 5783 1167 5840 etiam
1207 5783 1469 5854 quaedam
1517 5783 1709 5838 medio
1754 5783 1877 5840 loco
1928 5802 2064 5842 con-

2229 1927 2283 1977 ε’.
2318 1920 2384 1974 Εἴ
2440 1918 2498 1974 δὲ
2555 1923 2690 1975 κατὰ
2749 1922 2843 1993 μὲν
2894 1919 2957 1976 τὸ
3015 1917 3187 1994 ὄνομα
3267 1925 3613 1992 κοινωνοῦσι,
3687 1919 3814 1975 κατᾶ

2166 2006 2223 2063 δὲ
2250 2011 2339 2064 τὸν
2373 2008 2538 2084 λόγον
2591 2007 2924 2087 διαφέρουσι,
2977 2009 3264 2065 καλοῦνται
3324 2011 3622 2083 ὁμώνυμα.
3656 2012 3818 2082 Ὁμώ-

2165 2119 2307 2170 νυμα
2359 2099 2459 2175 γάρ
2519 2099 2673 2166 εἰσιν,
2709 2101 2780 2153 ὧν
2841 2095 3016 2172 ὄνομα
3066 2099 3228 2172 μόνον
3290 2099 3492 2165 κοινὸν,
3527 2099 3555 2151 ὁ
3590 2095 3649 2153 δὲ
3686 2099 3816 2152 κατὰ

2163 2185 2402 2260 τω’3νομα
2458 2187 2624 2262 λόγος
2681 2195 2780 2257 τῆς
2850 2187 3034 2249 οὐσίας
3091 2185 3295 2263 ἕτερος
3359 2186 3542 2262 ὥσπερ
3605 2188 3660 2241 οἱ
3724 2184 3812 2240 δύο

2168 2276 2409 2339 Αἷάντες.
2443 2277 2602 2331 Οὗτοι
2634 2278 2738 2354 γὰρ
2793 2276 2847 2332 ἓν
2906 2277 2998 2351 μὲν
3055 2272 3225 2349 ὄνομα
3269 2277 3450 2331 κοινὸν
3511 2271 3701 2352 ἔχουσι
3754 2275 3810 2329 τὸ

2169 2363 2322 2434 Αἷάς,
2380 2367 2470 2419 τὸν
2527 2363 2584 2419 δὲ
2639 2366 2773 2420 κατὰ
2827 2365 2890 2419 τὸ
2951 2362 3082 2426 Δῖἀς
3139 2359 3304 2439 λόγον
3361 2363 3423 2419 οὐ
3480 2363 3574 2418 τὸν
3634 2364 3810 2422 αὐτόν.

2166 2457 2221 2508 '0
2283 2457 2376 2527 μὲν
2437 2455 2539 2530 γάρ
2598 2452 2736 2508 ἐστιν
2791 2452 2923 2516 Αἴας
2957 2455 2984 2508 ὁ
3026 2458 3123 2508 τοῦ
3169 2451 3491 2526 Τελαμῶνος
3554 2454 3671 2516 υἱὸς
3702 2453 3730 2507 6
3760 2453 3816 2507 έκ

2169 2542 2501 2618 Σαλαμῖνος,
2533 2544 2561 2597 ὁ
2619 2546 3012 2619 μονομαχήσας
3067 2547 3146 2614 τῷ
3199 2545 3441 2618 Ἕκτορι·
3475 2543 3504 2596 6
3569 2540 3629 2597 δὲ
3685 2539 3812 2604 Αἴας

2168 2635 2196 2687 6
2225 2639 2320 2687 τοῦ
2377 2631 2600 2694 Ὀϊλέως
2659 2633 2793 2705 υἱὸς,
2827 2633 2855 2686 6
2887 2633 3116 2708 Λοκρὸς,
3148 2632 3176 2686 ὁ
3206 2631 3332 2694 τοὺς
3389 2626 3564 2694 πόδας
3619 2631 3807 2708 ταχὺς,

2167 2723 2255 2776 καὶ
2286 2719 2339 2776 εἷ’
2361 2742 2413 2776 τι
2443 2718 2624 2797 ἕτερον
2660 2719 2797 2796 ἔχει.

2241 2997 2304 3052 ς’.
2356 2988 2676 3063 Πρόσκειται
2737 2985 2794 3042 δὲ
2848 2989 2911 3042 τὸ
2967 2988 3102 3042 κατὰ
3156 2985 3398 3060 τοῦνομα
3443 2985 3633 3049 καλῶς
3697 3006 3817 3040 παν-

2166 3083 2361 3153 ταχοῦ.
2423 3079 2547 3132 Κατ’
2605 3073 2744 3131 ἄλλο
2800 3079 2901 3153 γάρ
2949 3098 3003 3131 τι
3057 3076 3124 3130 τὰ
3192 3077 3466 3149 ὁμώνυμα
3535 3077 3818 3148 συνώνυμα

2171 3167 2565 3243 εὑρεθήσονται,
2596 3166 2685 3220 καὶ
2727 3165 2795 3220 τὰ
2842 3165 3147 3237 συνώνυμα.
3199 3164 3287 3219 καὶ
3337 3163 3423 3218 ἐπὶ
3469 3168 3580 3218 τῶν
3637 3163 3814 3220 ἄλλων

2090 3295 2132 3362 C
2173 3257 2399 3329 ὁμοίως.
2460 3251 2595 3309 Ἰδοὺ
2653 3255 2756 3330 γὰρ
2813 3254 2902 3308 καὶ
2961 3254 3013 3309 οἱ
3070 3252 3169 3308 δύο
3229 3251 3454 3315 Λῗαντες
3532 3254 3668 3317 καθὸ
3727 3252 3815 3325 μὲν

2183 3350 2197 3362 Δ
2222 3345 2242 3362 Ἣ
2447 3346 2459 3362 ι
2540 3345 2550 3362 Ι
2717 3343 2728 3362 Ι
2814 3343 2828 3362 9
3029 3344 3081 3362 Δὶ
3153 3339 3194 3362 δῖ
3272 3343 3294 3359 ν
3332 3342 3358 3362 Α
3665 3340 3676 3360 Ῐ
3806 3361 3809 3362 ,

2168 3345 2388 3406 Αἴαντες
2441 3343 2728 3418 ὁμώνυμοί
2786 3343 2909 3416 εἶσι,
2958 3344 3090 3399 καθὸ
3149 3339 3206 3398 δὲ
3267 3342 3544 3418 ἄνθρωποι
3606 3340 3816 3402 πάντως

2173 3455 2262 3488 συν
2272 3434 2500 3506 ώνυμοι.

2246 3617 2302 3680 ζ’.
2336 3613 2391 3665 '0
2459 3609 2516 3666 δὲ
2574 3609 2740 3685 λόγος
2797 3608 2848 3665 ἐν
2907 3610 3122 3672 τούτοις
3192 3611 3352 3664 ἅπασι
3409 3611 3549 3664 κατά
3605 3631 3667 3666 τε
3725 3611 3817 3663 τοῦ

2172 3702 2403 3776 ὁρισμοῦ
2435 3700 2523 3754 καὶ
2551 3706 2650 3768 τῆς
2682 3699 2997 3776 ὑπογραφῆς
3030 3696 3260 3774 εἷ’ρηται.

2242 3796 2312 3860 η’,
2345 3790 2415 3842 Τὸ
2464 3786 2520 3842 δὲ
2561 3794 2660 3856 τῆς
2690 3787 2874 3849 οὐσίας
2906 3782 3080 3859 ὄνομα
3109 3788 3171 3841 τὸ
3205 3785 3413 3855 ἁπλῶς,
3447 3787 3578 3841 εἶναι
3632 3785 3816 3857 δηλοῖ.

2172 3879 2234 3932 Οἱ
2281 3879 2384 3952 γὰρ
2435 3875 2529 3932 δύο
2577 3874 2800 3938 Αἷάντες
2855 3876 2983 3930 καθό
3026 3876 3157 3930 εἰσιν
3213 3872 3347 3938 Ai’ac
3387 3875 3658 3952 ἑκάτεροι,
3689 3876 3820 3930 κατὰ

2170 3972 2331 4021 τοῦτο
2361 3967 2452 4020 τὸν
2505 3963 2671 4040 λόγον
2723 3963 2942 4040 ἔχουσιν
2990 3960 3192 4039 ἕτερον,
3225 3967 3360 4019 κατὰ
3407 3962 3465 4019 δὲ
3506 3967 3609 4034 τὴν
3671 3965 3822 4043 φύσιν

2170 4054 2264 4111 ἕνα
2290 4055 2378 4110 καὶ
2407 4056 2498 4109 τὸν
2525 4053 2707 4110 αυτόν.

2245 4147 2305 4199 0'.
2339 4145 2453 4219 Χρή
2506 4143 2564 4198 δὲ
2614 4144 2916 4219 γινώσκειν,
2952 4141 3034 4198 ὅτι
3083 4143 3145 4198 τὸ
3193 4139 3368 4216 ὄνομα
3420 4144 3471 4197 οἱ
3530 4141 3819 4221 φιλόσοφοι

2172 4234 2259 4289 καὶ
2312 4235 2445 4288 κατὰ
2491 4234 2666 4302 πάσης
2713 4240 2897 4310 φωνῆς
2963 4240 3304 4306 σημαντικῆς
3362 4226 3818 4305 έκλαμϐάνουσιν.

2174 4324 2237 4379 Εἰ
2275 4328 2457 4393 τοῦτο,
2486 4322 2663 4376 τοίνυν
2711 4321 2800 4376 καὶ
2851 4321 3070 4397 ῥήματα
3120 4323 3390 4396 ὁμώνυμα
3438 4317 3679 4392 ἔσονται,
3711 4323 3820 4376 οἷον

2172 4413 2235 4468 τὸ
2286 4413 2408 4486 ἐρῶ.
2443 4414 2595 4466 Ἔστι
2642 4412 2745 4486 γὰρ
2793 4413 2854 4466 τὸ
2900 4409 3060 4482 λέξω,
3101 4412 3192 4466 καὶ
3240 4411 3301 4466 τὸ
3352 4411 3630 4488 ἐρωτικῶς
3691 4410 3821 4486 ἔχω.

2175 4502 2272 4556 Καὶ
2324 4502 2403 4579 ἐφ’
2449 4497 2646 4577 ἓτερων
2702 4498 2760 4554 δὲ
2822 4505 2919 4555 τοῦ
2995 4499 3165 4576 λόγου
3245 4505 3418 4574 μερῶν
3498 4501 3817 4575 ὁμωνυμίαν

2175 4592 2388 4666 εὑρήσει
2418 4612 2524 4653 τις.

2252 4700 2299 4754 ι’.
2333 4696 2465 4772 Τρία
2497 4694 2554 4752 δὲ
2585 4693 2668 4750 δεῖ
2696 4695 2783 4750 ἐπὶ
2837 4700 2944 4750 τῶν
2995 4695 3307 4769 ὁμωνύμων
3361 4701 3562 4766 ζητεῖν·
3617 4696 3664 4751 εἷ
3714 4695 3818 4750 ἔστι

2173 4788 2280 4838 τῶν
2333 4783 2642 4856 ὁμωνύμων
2695 4785 2758 4838 τὸ
2811 4783 2933 4858 περὶ
2993 4784 3054 4837 οὗ
3104 4784 3131 4837 ὁ
3173 4778 3357 4858 λόγος·
3390 4785 3480 4838 καὶ
3527 4785 3668 4840 κατά
3722 4784 3816 4838 πό-

2175 4895 2280 4927 σων
2331 4871 2747 4945 σημαινομένων
2792 4874 2855 4926 τὸ
2899 4877 3146 4927 τοιοῦτον
3216 4868 3391 4946 ὄνομα
3442 4873 3683 4950 φέρεται·
3734 4871 3818 4927 καὶ

2174 4962 2296 5038 περὶ
2329 4961 2490 5015 ποίου
2518 4965 2624 5016 τῶν
2660 4962 3071 5035 σημαινομένων
3106 4962 3134 5016 ὁ
3167 4960 3335 5037 λόγος
3371 4961 3534 5018 ἐστίν.

2249 5077 2333 5126 ια’.
2393 5069 2451 5122 Εἰ
2512 5066 2569 5122 δὲ
2623 5068 2759 5122 κατὰ
2838 5069 2930 5140 μὶν
2986 5069 3075 5122 τὸν
3155 5066 3322 5144 λόγον
3380 5074 3704 5124 κοινωνοῦσι
3759 5069 3820 5122 τὰ

2174 5160 2486 5234 πράγματα,
2520 5158 2654 5211 κατά
2701 5154 2759 5210 δὲ
2807 5158 2870 5211 τὸ
2929 5153 3105 5230 ὄνομα
3161 5155 3490 5236 διαφέρουσι,
3533 5157 3820 5213 πολυώνυ-

2180 5269 2252 5321 μα
2299 5248 2567 5322 λέγονται,
2599 5243 2766 5321 ἤγουν
2835 5244 2959 5300 ὅταν
3007 5247 3071 5300 τὸ
3128 5245 3257 5301 αὐτὸ
3305 5253 3533 5322 πρᾶγμα
3587 5245 3822 5305 πολλοῖς

2172 5336 2403 5406 καλῆται
2477 5335 2756 5407 ὀνόμασιν,
2818 5336 2927 5389 οἷον
3005 5336 3296 5413 φάσγανον,
3376 5338 3576 5406 σπάθη,
3650 5336 3815 5412 ξίφος,

2176 5429 2293 5503 ἄορ,
2345 5428 2477 5479 Ἕνα
2523 5425 2624 5499 γὰρ
2674 5422 2839 5496 λόγον
2891 5423 3230 5500 ἐπιδέχονται
3274 5431 3440 5480 ταῦτα
3486 5425 3676 5481 πάντα.
3728 5424 3817 5478 Σί-

2176 5515 2342 5592 δηρος
2389 5516 2488 5589 γὰρ
2539 5514 2801 5590 ἀμφήκης
2854 5513 3004 5568 εἰσίν.
3057 5521 3210 5569 ’Ἐστι
3264 5513 3321 5569 δὲ
3369 5517 3396 5569 6
3442 5519 3548 5570 τῶν
3603 5511 3817 5568 πολυω-

2174 5605 2358 5678 νύμων
2412 5602 2576 5677 λόγος
2633 5601 2862 5656 πλεῖστα
2922 5603 3161 5675 ὀνόματα
3217 5606 3331 5658 καθ’
3382 5605 3498 5666 ἑνὸς
3550 5603 3818 5679 λεγόμενα

2175 5694 2515 5771 πράγματος.

2252 5784 2340 5859 ιβ’.
2373 5781 2492 5837 Εἰσὶ
2554 5777 2611 5836 δὲ
2666 5779 2754 5834 καί
2809 5801 2930 5835 τινα
2982 5781 3176 5854 μεταξὺ
3225 5786 3329 5837 τῶν
3363 5781 3674 5857 ὁμωνύμων
3728 5777 3813 5834 καὶ
