4096 6490
335 451 451 509 ’741

1691 443 2036 507 EPITOME
2080 443 2383 507 LOGICA.
2428 424 2439 505 ξ

3618 453 3737 511 742

334 598 445 633 των
502 577 856 651 συνωνύμων,
913 581 1277 633 κοινωνοῦντα
1340 577 1431 631 καὶ
1510 574 1828 654 διαφέροντα
1898 580 1978 647 τῷ

2108 577 2297 632 stituta
2317 577 2469 632 inter
2488 577 2775 648 aequivoca
2803 581 2861 633 et
2885 578 3127 635 univoca
3148 596 3274 652 quae
3296 582 3736 639 communicant

329 687 397 723 τε
426 666 652 741 ὀνόματι
692 668 782 722 καὶ
810 671 889 739 τῷ
935 668 1073 722 κατὰ
1116 662 1360 738 τοῦνομα
1414 663 1588 739 λόγῳ
1621 663 1985 734 πλησιάζουσι

336 752 398 810 δὲ
450 760 619 811 ταῦτα
689 755 901 830 μᾶλλον
973 761 1091 819 τοῖς
1163 754 1524 827 συνωνύμοις·
1581 753 1805 808 πΛείονα
1879 754 1982 829 γὰρ

336 842 529 921 ἔχουσι
577 846 676 916 τὴν
736 846 1039 917 κοινωνίαν,
1094 844 1129 913 ἢ
1189 845 1290 913 τήν
1351 841 1632 920 διαφορὰν,
1678 844 1823 917 ἅπερ
1888 863 1985 896 κα-

337 932 562 990 λοῦνται
621 934 943 1010 παρώνυμα,
985 934 1061 996 ὡς
1118 933 1222 988 ἀπό
1279 953 1439 987 τινων
1497 930 1986 1009 παρωνομασμένα·

338 1024 456 1077 οἷον
524 1023 630 1077 ἀπὸ
683 1030 785 1093 τῆς
845 1029 1232 1100 γραμματικῆς
1289 1021 1691 1098 γραμματικὸς,
1733 1020 1823 1075 καὶ
1882 1019 1987 1074 ἀπὸ

335 1119 441 1182 τῆς
489 1119 754 1185 μουσικῆς
794 1112 822 1166 ὁ
872 1112 1154 1185 μουσικός.
1191 1111 1288 1168 Καὶ
1335 1112 1438 1186 γὰρ
1485 1115 1563 1182 τῷ
1601 1108 1829 1182 ὀνόματι
1875 1130 1989 1163 κοι-

336 1205 569 1256 νωνοῦσι
626 1200 717 1256 καὶ
785 1199 1118 1279 διαφέρουσι,
1171 1203 1246 1273 μὴ
1303 1201 1403 1268 τὴν
1467 1199 1634 1267 αὐτὴν
1693 1197 1986 1268 κατάληξιν

338 1287 540 1365 ἔχοντα
587 1294 684 1345 τοῦ
733 1289 1023 1364 ὀνόματοςο
1071 1289 1161 1344 καὶ
1208 1292 1288 1361 τῷ
1333 1288 1470 1343 κατᾶ
1531 1284 1775 1361 τοῦνομα
1842 1285 1991 1362 λόγῳ

337 1383 663 1434 κοινωνοῦσι
693 1377 856 1434 πάλιν
883 1378 973 1433 καὶ
1005 1376 1366 1457 διαφέρουσιν.

2095 671 2152 721 et
2197 666 2474 720 differunt
2516 682 2650 721 cum
2701 667 2958 735 nomine,
2989 672 3117 723 tum
3167 670 3505 726 definitione
3547 673 3738 743 quoad

2096 771 2346 822 nomen;
2380 755 2568 827 magis
2614 760 2810 811 tamen
2844 757 2915 811 ad
2942 757 3187 813 univoca
3228 760 3513 815 accedunt
3541 762 3741 831 (quam

2096 844 2655 916 mquivoca),quippe
2687 844 2817 917 plus
2847 847 3288 902 communitatis
3320 848 3541 905 habent
3562 866 3745 921 quam

2098 932 2472 999 differentiae;
2506 950 2631 1005 quae
2663 934 3097 990 denominativa
3136 942 3436 1004 vocantur,
3471 940 3637 1010 quasi
3670 941 3742 995 ab

2099 1020 2393 1092 aliquibus
2440 1021 2833 1093 denominata,
2865 1022 3024 1078 velut
3055 1041 3089 1079 a
3126 1027 3507 1096 grammatica
3552 1044 3744 1101 gram-

2099 1110 2369 1175 maticus,
2402 1126 2435 1164 a
2464 1110 2689 1166 musica
2745 1111 3023 1167 musicus.
3055 1114 3269 1168 Partim
3302 1116 3462 1171 enim
3505 1117 3740 1174 nomine

2100 1203 2157 1254 et
2186 1198 2622 1254 communicant
2642 1207 2697 1254 et
2727 1200 3095 1268 differunt,ut
3123 1218 3249 1273 quze
3269 1206 3532 1261 eamdem
3557 1207 3742 1262 nomi-

2102 1288 2195 1343 nis
2241 1288 2713 1344 terminationem
2761 1306 2875 1344 non
2925 1290 3222 1345 habeant:
3265 1293 3479 1362 partim
3528 1295 3741 1351 iterum

2099 1375 2439 1431 deﬁnitione
2460 1377 2652 1448 quoad
2672 1393 2881 1432 nomen
2906 1378 3345 1435 communicant
3365 1385 3421 1436 et
3440 1381 3646 1438 ditferu
3658 1388 3744 1449 nt,

339 1467 744 1525 Grammatice.
795 1469 952 1525 enim
983 1473 1041 1524 et
1095 1467 1326 1525 musica
1378 1471 1519 1523 sunt
1546 1466 1766 1523 notitias
1798 1483 1811 1520 :
1844 1465 2269 1539 grammaticus
2324 1469 2519 1521 autem
2577 1470 2635 1521 et
2690 1466 2950 1522 musicus
3008 1468 3369 1542 substantiae,
3420 1469 3479 1525 in
3529 1472 3745 1543 quibus

340 1560 491 1613 sunt
520 1556 762 1613 notitias.

416 1666 468 1721 ιγ
496 1648 543 1699 Η
578 1644 671 1717 μὲν
712 1643 813 1720 γὰρ
861 1644 1220 1721 γραμματικὴ
1266 1642 1356 1698 καὶ
1387 1645 1423 1712 ἠ
1460 1643 1693 1716 μουσική
1754 1641 1981 1717 γνώσεις

2167 1643 2253 1697 13.
2287 1641 2681 1698 Grammatice
2709 1647 2902 1699 autem
2933 1643 3227 1713 mulier,et
3255 1647 3482 1704 musica
3505 1650 3734 1718 mulier,

338 1730 493 1788 εἷσίν·
546 1733 574 1787 ὁ
627 1729 686 1787 δὲ
729 1732 1110 1808 γραμματικὸς
1159 1733 1247 1786 καὶ
1298 1733 1326 1786 ὁ
1379 1731 1636 1804 μουσικὸς
1695 1729 1892 1800 οὐσίαι,
1938 1728 1992 1783 ἐν

338 1822 428 1883 αῖς
476 1822 531 1875 αἱ
578 1821 825 1895 γνώσεις,
858 1822 921 1875 Ἡ
964 1821 1318 1897 γραμματική
1368 1818 1425 1875 δὲ
1471 1820 1631 1894 γυνὴ,
1664 1819 1754 1873 καὶ
1783 1822 1819 1888 ἡ
1858 1839 1991 1892 μου-

340 1911 473 1980 σικὴ
533 1910 672 1984 γυνὴ
735 1908 836 1964 οὐκ
889 1909 989 1964 εἰσί
1037 1909 1362 1985 παρώνυμα,
1394 1907 1518 1964 ἀλλ’
1552 1908 1840 1981 ὁμώνυμα.
1871 1908 1987 1982 Χρή

338 1999 449 2075 γὰρ
509 1997 597 2053 ἐπὶ
657 1998 750 2071 μὲν
812 2002 917 2052 τῶν
975 1996 1320 2074 παρωνύμιον
1379 1997 1430 2067 ἐξ
1488 1995 1727 2071 ἀνάγκης
1777 1993 1991 2071 παρηλ-

340 2086 551 2164 λάχθαι
610 2088 706 2157 τὴν
765 2085 1058 2158 κατάληξιν
1116 2092 1213 2142 τοῦ
1283 2087 1570 2160 ὀνόματος,
1633 2084 1719 2139 ἐπὶ
1772 2081 1830 2138 δὲ
1883 2088 1989 2139 τῶν

341 2175 655 2251 ὁμωνύμων
725 2177 987 2246 σώζεσθαι
1055 2175 1191 2231 κατὰ
1243 2176 1417 2231 πάντα
1470 2176 1532 2229 τὸ
1590 2168 1765 2247 ὄνομα
1821 2172 1992 2246 ἀπαρ-

339 2263 635 2321 άλλακτον·
702 2265 778 2339 μὴ
856 2264 1020 2338 μόνον
1093 2265 1229 2320 κατὰ
1297 2265 1397 2333 τὴν
1473 2260 1789 2333 κατάληξιν,
1850 2259 1995 2316 ἀλλὰ

341 2353 605 2409 καὶκατὰ
642 2355 705 2408 16
750 2358 981 2428 πνεῦμα,
1036 2353 1126 2408 καὶ
1174 2354 1311 2409 κατὰ
1349 2352 1442 2407 τὸν
1485 2352 1675 2422 τόπον,
1714 2350 1803 2405 καὶ
1860 2349 1996 2404 κατὰ

339 2443 448 2510 τήν
500 2446 728 2514 πτῶσιν,
775 2441 865 2497 καὶ
920 2442 1055 2497 κατά
1101 2443 1200 2511 τήν
1258 2441 1492 2519 γραφὴν,
1551 2439 1641 2495 καὶ
1692 2439 1830 2494 κατὰ
1900 2439 1991 2492 τὸν

341 2531 597 2607 ἀριθμὸν,
631 2530 719 2586 καὶ
773 2531 909 2587 κατὰ
952 2529 1015 2585 τὸ
1064 2529 1241 2606 γένος,
1273 2530 1364 2586 καὶ
1415 2530 1552 2584 κατὰ
1578 2528 1641 2583 τὸ
1668 2550 1765 2584 του
1824 2525 1993 2602 λόγου

346 2618 536 2696 μέρος,
566 2618 822 2674 καὶκατὰ
848 2621 947 2689 τὴν
978 2621 1275 2690 συνήθειαν.

425 2706 505 2767 ιδ’.
536 2709 609 2763 Τὸ
632 2707 739 2785 γὰρ
766 2710 902 2779 οἷος,
935 2706 1296 2782 δασυνόμενον
1334 2706 1426 2779 μὲν
1462 2704 1629 2777 δηλοῖ
1674 2705 1738 2760 τὸ
1786 2707 1991 2778 ὁποῖος,

341 2796 681 2872 ψιλούμενον
715 2795 791 2870 δὲ,
820 2798 884 2852 16
939 2797 1122 2871 μόνος.
1154 2797 1254 2851 Καὶ
1297 2798 1332 2866 ἡ
1375 2799 1473 2851 τοῦ
1517 2794 1822 2868 πνεύματος
1879 2792 1993 2849 δια-

342 2887 491 2965 φορά
546 2886 773 2963 χωρίζει
827 2890 932 2941 τῶν
995 2884 1308 2960 ὁμωνύμων
1368 2883 1518 2941 αὐτό.
1552 2882 1708 2941 Ἀλλ’
1756 2881 1881 2939 οὐδὲ
1932 2885 1995 2939 τὸ

342 2977 566 3051 ¹Ἄργος,
623 2976 713 3030 καὶ
762 2975 825 3030 τὸ
877 2974 1066 3051 ἀργὸς,
1117 2972 1386 3048 ὁμώνυμά
1441 2973 1542 3028 εἶσι
1598 2971 1688 3028 διὰ
1740 2974 1839 3043 τὴν
1897 2977 1994 3027 τοῦ

341 3065 508 3121 τόνου
557 3063 836 3142 διαφοράν.
893 3064 963 3119 Τὸ
1025 3064 1117 3138 μὲν
1191 3065 1292 3140 γὰρ
1349 3064 1552 3139 Ἀργος
1624 3063 1996 3137 παροξυτόνως

347 3152 528 3225 δηλοῖ
571 3154 664 3209 τὸν
724 3155 928 3230 ’Δργον
981 3153 1039 3208 ὃν
1098 3153 1391 3208 ἀὸὲκτεινεν
1444 3154 1471 3207 ὁ
1501 3153 1727 3228 Ἑρμῆς,
1759 3151 1848 3207 καὶ
1906 3150 2023 3206 ἄλ-ν

347 3242 465 3300 λων
501 3242 762 3316 ὀνόματαο
790 3243 854 3297 τὸ
884 3239 942 3297 δὲ
973 3241 1140 3318 ἀργὸς
1189 3240 1457 3312 ὀξυτόνως
1508 3238 1674 3310 δηλοῖ
1717 3240 1810 3295 τὸν
1864 3241 1994 3317 βρα-

348 3330 447 3388 δὺν
514 3333 607 3387 καὶ
691 3329 907 3388 λευκόν.
966 3330 1036 3385 T6
1112 3328 1333 3401 ἐλάτης,
1394 3326 1643 3407 διαφέρον
1717 3330 1852 3385 κατᾶ
1900 3331 1998 3397 τήν

346 3425 580 3495 πτῶσιν,
631 3419 730 3475 ούκ
774 3416 913 3476 ἔστιν
964 3420 1280 3494 ὁμώνυμον.
1320 3421 1445 3474 Ὅτε
1489 3420 1590 3495 γὰρ
1637 3418 1737 3487 τὴν
1798 3416 1995 3489 ἐλάτην

348 3507 521 3580 δηλοῖ
558 3511 649 3564 τὸν
702 3508 957 3585 ἡνίοχον,
992 3507 1167 3563 εὐθεῖά
1198 3508 1359 3563 ἐστιν·
1393 3506 1481 3563 ὅτε
1538 3504 1595 3562 δὲ
1649 3509 1748 3576 τὴν
1798 3506 1995 3577 ἐλάτην

344 3598 412 3655 16
468 3595 708 3675 δένδρον,
739 3599 945 3674 γενικήο
979 3596 1199 3652 ἐνταῦθα
1255 3593 1313 3651 δὲ
1352 3597 1489 3650 κατὰ
1533 3596 1597 3650 16
1646 3594 1803 3671 γένος
1860 3595 1999 3651 ἐστὶν

346 3691 385 3758 ἡ
416 3685 666 3765 διαφορὼ
719 3687 783 3741 τὸ
828 3686 1007 3741 καινὸν
1037 3686 1126 3741 καὶ
1156 3685 1293 3739 κατὰ
1328 3685 1426 3753 τήν
1474 3685 1685 3762 γραφὴν
1747 3682 1997 3764 διαφέρον

349 3775 455 3831 οὐκ
498 3773 639 3829 ἔστιν
686 3775 1002 3847 ὁμώνυμον·
1071 3771 1402 3847 φιλούμενον
1462 3774 1562 3849 γὰρ
1621 3772 1876 3846 σημαίνει
1933 3771 1998 3827 τὸ

354 3863 582 3939 μάταιον
615 3864 706 3919 καὶ
750 3864 813 3918 τὸ
859 3867 1083 3941 κοῦφον,
1116 3860 1593 3940 διφθογγιζόμενον
1651 3860 1728 3934 δὲ,
1770 3862 1832 3916 τὸ
1880 3862 1996 3917 νέον

350 3954 445 4008 καὶ
512 3953 575 4007 τὸ
646 3949 969 4027 παράδοξον.
1028 3952 1099 4005 Τὸ
1184 3949 1358 4019 εἶπον,
1416 3950 1529 4005 ἐπεὶ
1614 3948 1852 4029 διαφέρει
1920 3955 2001 4023 τῷ

350 4042 573 4119 ἀριθμῷ
617 4041 709 4095 καὶ
755 4041 946 4101 ἑνικῶς
1006 4040 1099 4113 μὲν
1149 4037 1316 4109 δηλοῖ
1355 4039 1419 4093 τὸ
1466 4039 1616 4094 εἶπον
1675 4038 1800 4115 ἐγὼ,
1849 4037 1999 4110 πλη-

352 4132 618 4192 θυντικῶς
676 4126 733 4184 δὲ
785 4130 848 4185 τὸ
905 4128 1053 4184 εἶπον
1110 4125 1308 4206 ἕτεροι,
1340 4128 1439 4182 Διά
1493 4132 1653 4183 τοῦτο
1715 4128 1814 4183 οὐκ
1860 4124 1997 4183 ἔστιν

354 4218 674 4293 ὁμώνυμον.
733 4217 804 4272 Τὸ
876 4216 1041 4295 φάρος
1112 4216 1201 4272 ὅτε
1271 4213 1511 4294 διαφέρει
1564 4216 1627 4271 τὸ
1681 4217 1834 4293 γένος
1903 4216 2003 4271 οὐκ

355 4307 499 4363 ἔστιν
578 4307 895 4380 ὁμώνυμον.
976 4306 1300 4382 Ἀρσενικῶς
1370 4305 1463 4378 μὲν
1544 4305 1644 4381 γὰρ
1726 4305 1856 4360 αὐτὸ
1937 4305 2001 4360 τὸ

2099 1748 2215 1787 non
2241 1735 2382 1786 sunt
2411 1731 2864 1799 denominativa,
2897 1733 2997 1788 sed
3025 1733 3334 1805 aaquivoca.
3379 1736 3443 1791 In
3476 1738 3740 1794 denomi-

2099 1820 2311 1875 nativis
2366 1821 2523 1875 enim
2576 1820 2902 1876 necessario
2962 1823 3432 1879 terminationem
3480 1827 3739 1883 nominis

2102 1914 2386 1964 mutatam
2440 1924 2569 1964 esse
2594 1914 2838 1981 oportet,
2872 1914 2929 1965 et
2958 1911 3018 1964 in
3063 1913 3371 1984 aequivocis
3424 1930 3635 1971 nomen
3668 1916 3738 1970 ab

2101 1996 2507 2052 immutatione
2550 1998 2812 2053 immune
2842 1999 3169 2054 conservari
3205 2002 3296 2055 71
3332 2008 3594 2073 oportet;
3630 2020 3744 2059 non

2102 2087 2428 2141 secundum
2457 2086 2927 2143 terminationem
2979 2088 3284 2155 duntaxat,
3318 2090 3420 2145 sed
3452 2091 3628 2146 etiam
3658 2109 3747 2148 se-

2103 2176 2359 2230 cundum
2416 2174 2712 2247 spiritum,
2743 2180 2800 2230 et
2829 2177 3155 2231 secundum
3186 2181 3411 2247 tonum,
3444 2184 3498 2234 et
3540 2196 3747 2235 secun-

2102 2264 2244 2319 dum
2276 2268 2564 2331 casum,et
2593 2264 2916 2319 secundum
2948 2264 3393 2337 scripturam,et
3421 2269 3745 2326 secundum

2104 2369 2435 2418 numerum,
2467 2357 2524 2408 et
2560 2354 2881 2409 secundum
2913 2369 3121 2425 genus,
3152 2359 3209 2410 et
3236 2358 3558 2413 secundum
3608 2376 3745 2430 par-

2102 2445 2220 2498 tem
2251 2441 2553 2511 orationis,
2580 2446 2636 2498 et
2664 2443 2987 2498 secundum
3019 2445 3519 2502 consuetudinem.

2174 2707 2261 2762 44,
2292 2707 2519 2762 Etenim
2552 2696 2948 2779 (nomen)ioioc
2973 2725 3177 2780 aspero
3212 2710 3423 2782 spiritu
3452 2713 3747 2783 affectum,

2103 2797 2319 2866 qualis;
2352 2796 2466 2851 leni
2515 2796 2845 2868 praeditum,
2875 2798 3022 2853 solus
3068 2798 3343 2855 declarat.
3374 2803 3562 2874 Atque
3615 2803 3745 2875 (ita)

2105 2885 2345 2957 spiritus
2394 2884 2720 2940 differentia
2771 2886 2966 2958 ipsum
3014 2889 3084 2942 ab
3135 2888 3448 2959 {equivocis
3494 2896 3746 2963 separat.

2102 2974 2209 3028 Sed
2242 2990 2429 3044 neque
2450 2978 2649 3047 ’Ἄργος
2681 2978 2739 3029 et
2765 2972 2927 3048 ἀργός
2959 2980 3192 3047 propter
3211 2977 3333 3032 toni
3354 2978 3744 3039 differentiam

2106 3068 2243 3118 sunt
2291 3062 2605 3134 zequivoca.
2638 3064 2864 3118 Etenim
2916 3063 2979 3118 16
3007 3064 3239 3139 Ἄργος,
3276 3071 3415 3122 tono
3446 3067 3505 3123 in
3555 3071 3747 3141 priore

2105 3151 2328 3224 syllaba
2355 3152 2947 3225 affectum,significat
2972 3154 3192 3225 Argum
3223 3171 3397 3226 quem
3427 3160 3746 3217 Mercurius

2106 3239 2398 3295 interfecit
2427 3244 2483 3295 et
2525 3239 2774 3296 aliorum
2806 3241 3044 3298 nomina
3076 3260 3089 3297 :
3126 3247 3185 3298 at
3212 3241 3379 3317 ἀργός
3410 3250 3547 3302 tono
3579 3253 3749 3304 acuto

2106 3328 2167 3383 in
2201 3328 2409 3384 ultima
2459 3329 2752 3397 affectum,
2784 3331 3018 3386 tardum
3052 3335 3109 3386 et
3136 3332 3336 3388 album
3368 3333 3648 3392 declarat.
3682 3337 3752 3391 1‘6

2107 3415 2305 3486 ἐλάτης
2336 3418 2491 3488 quod
2523 3432 2662 3474 casu
2695 3418 3027 3485 differt,non
3058 3425 3148 3475 est
3174 3421 3755 3492 zequivocum.Quan-

2107 3507 2181 3562 do
2202 3506 2357 3562 enim
2385 3506 2648 3578 aurigam
2671 3507 3294 3580 declarat,agitatorem
3318 3510 3758 3585 (nimirum)f‘re-

2108 3612 2186 3651 na
2208 3600 2524 3663 tenentem,
2559 3600 2751 3651 rectus
2782 3600 2870 3651 est
2899 3597 3265 3667 (nominandi
3298 3602 3492 3673 causa)
3528 3619 3539 3657 :
3572 3619 3754 3674 quan-

2109 3685 2182 3740 do
2212 3689 2408 3739 autem
2459 3684 2730 3754 abietem,
2762 3686 3048 3757 arborem,
3082 3686 3357 3759 gignendi
3392 3695 3480 3746 est
3512 3691 3750 3764 (casus).

2107 3773 2209 3828 Hic
2241 3778 2434 3828 autem
2485 3773 2703 3845 (etiam)
2735 3774 2923 3845 quoad
2956 3790 3142 3846 genus
3173 3781 3263 3831 est
3307 3778 3653 3836 differentia.
3680 3780 3752 3835 T6

2107 3860 2283 3914 καινὸν
2317 3861 2471 3932 quod
2520 3862 2699 3916 etiam
2730 3863 3020 3933 scriptura
3048 3864 3262 3931 differt,
3295 3883 3410 3922 non
3448 3873 3543 3924 est
3569 3870 3752 3942 aequi-

2108 3966 2336 4005 vocum.
2367 3950 2512 4005 Cum
2567 3950 2723 4005 enim
2764 3967 2868 4022 per
2897 3970 2921 4003 ε
2952 3951 3249 4020 scribitur,
3282 3972 3497 4012 vanum
3546 3962 3603 4013 et
3631 3958 3755 4014 leve

2109 4038 2450 4111 significat;
2505 4055 2638 4094 cum
2686 4038 3047 4112 diphthongo
3097 4041 3387 4115 signatur,
3437 4063 3651 4102 novum
3700 4051 3759 4103 et

2111 4129 2266 4201 quod
2298 4132 2506 4200 praeter
2552 4128 2884 4200 opinionem
2920 4131 3018 4186 72
3050 4134 3155 4186 est.
3188 4129 3256 4184 T6
3290 4130 3438 4186 εἶπον
3475 4134 3612 4205 quia
3639 4153 3755 4190 nu-

2110 4234 2269 4273 mero
2302 4217 2512 4283 differt,
2545 4221 2602 4272 et
2630 4217 3006 4289 singulariter
3034 4219 3271 4290 quidem
3304 4222 3616 4295 significat,
3631 4227 3753 4294 Ego

2109 4306 2232 4362 disci
2249 4322 2270 4368 ;
2300 4305 2602 4377 pluraliter
2632 4311 2848 4372 autem,
2880 4308 2997 4362 Alii
3023 4307 3289 4364 diwerunt
3310 4328 3332 4371 ;
3364 4311 3472 4366 hac
3497 4312 3568 4368 de
3614 4329 3750 4368 cau-

352 4397 561 4471 κτίσμα
619 4393 803 4468 δηλοῖ,
863 4393 1117 4466 θηλυκῶς
1177 4391 1234 4448 δὲ
1287 4394 1386 4462 τὴν
1461 4392 1646 4449 πόλιν·
1708 4391 1995 4470 οὐδετέρως

2108 4411 2176 4450 sa
2205 4411 2321 4451 non
2367 4399 2457 4450 est
2485 4395 2864 4465 aequivocum.
2894 4394 2963 4448 T6
3014 4396 3183 4472 φάρος
3213 4398 3353 4469 quia
3398 4415 3609 4471 genere
3640 4401 3752 4455 dif-

356 4484 418 4541 δὲ
471 4485 535 4539 16
591 4484 826 4559 ἱμάτιον.
902 4484 972 4538 Τὸ
1047 4481 1194 4560 ἔχεις
1273 4484 1421 4559 μέρει
1494 4481 1664 4558 λόγου
1739 4480 1997 4561 διαφέρει.

355 4574 460 4630 Καὶ
539 4572 628 4629 ὅτε
705 4575 796 4648 μὲν
876 4572 1051 4646 ὄνομά
1125 4571 1256 4642 ἐστι,
1307 4572 1462 4648 γένος
1516 4568 1690 4647 ὄφεων
1747 4570 2001 4646 σημαίνει

355 4663 761 4737 πληθυντικῶς,
818 4661 907 4717 ὅτε
983 4659 1040 4716 δὲ
1121 4660 1291 4738 ῥῆμα,
1352 4659 1440 4715 ἐπὶ
1505 4658 1756 4736 δευτέρου
1829 4680 2002 4737 προσ-

357 4755 517 4808 ώπου
571 4753 634 4807 16
696 4752 974 4822 κέκτησαι·
1037 4747 1121 4805 διὸ
1188 4748 1279 4804 καί
1352 4756 1454 4819 τῆς
1522 4749 1839 4824 ὁμωνυμίας
1900 4748 2004 4818 ἐξέ-

354 4861 507 4898 πεσε.
561 4841 631 4894 T6
689 4841 855 4915 ἅρμα,
914 4838 1161 4910 συνηθείᾳ
1233 4838 1327 4912 μὲν
1385 4835 1683 4912 Ἑλληνικῇ
1739 4838 2002 4911 ταττόμε-

354 4951 454 4986 νον
498 4928 586 4984 ἐπὶ
632 4932 731 4984 τοῦ
780 4930 1010 4983 ἱππικοῦ
1042 4927 1288 5002 ζεύγους,
1320 4925 1406 4981 ἐπὶ
1435 4930 1544 4981 τῶν
1574 4925 1759 4982 ὅπλων
1818 4925 1875 4982 δὲ
1924 4931 2005 4999 τῷ

352 5024 469 5075 τῶν
551 5018 832 5091 Ῥωμαίων
914 5016 1020 5072 ἔθει
1113 5015 1427 5095 φερόμενον,
1504 5020 1612 5072 τῶν
1697 5015 2006 5090 ὁμωνύμων

357 5109 474 5178 ἀπη
485 5104 839 5182 λλοτρίωται.

2110 4482 2242 4548 fert,
2274 4498 2390 4538 non
2420 4487 2509 4537 est
2546 4482 2925 4553 aequivocum.
2959 4484 3278 4540 Masculino
3307 4486 3463 4543 enim
3512 4488 3749 4553 quidem

2109 4586 2320 4643 genere
2372 4570 2562 4643 ipsam
2608 4576 2962 4627 structuram
2996 4578 3116 4639 (seu
3172 4574 3750 4647 turrim);f‘eminino

2111 4661 2540 4726 autem,urbem
2567 4687 2581 4728 -,
2614 4665 2819 4716 neutro
2848 4660 3096 4732 denique
3124 4664 3536 4720 vestimentum
3567 4666 3754 4723 decla-

2110 4753 2219 4806 rat.
2269 4748 2338 4801 T6
2388 4743 2534 4822 ἔχεις
2584 4753 2746 4819 parte
2813 4749 3094 4805 orationis
3141 4751 3350 4808 differt.
3400 4753 3466 4807 Et
3514 4757 3750 4826 quando

2112 4837 2347 4910 quidem
2363 4852 2570 4892 nomen
2598 4841 2686 4892 est
2716 4854 2960 4892 numero
3005 4838 3402 4897 multitudinis
3426 4857 3612 4914 genus
3634 4860 3752 4899 ser-

2112 4930 2355 4999 pentum
2402 4924 2658 4980 declarat
2690 4942 2701 4980 :
2735 4926 2968 4997 quando
3000 4944 3132 4983 vero
3175 4929 3416 4985 verbum
3449 4936 3538 4987 est
3565 4932 3625 4986 in
3657 4950 3752 4989 εον

2112 5015 2306 5071 cunda
2360 5030 2625 5085 persona,
2656 5013 2718 5066 16
2775 5015 2934 5069 habes
2989 5015 3113 5083 (seu
3167 5017 3430 5087 possides)
3488 5020 3749 5078 denotat.

2115 5102 2361 5159 Proinde
2406 5102 2581 5157 etiam
2636 5103 2707 5157 ab
2756 5103 3205 5174 aequivocatione
3235 5107 3463 5163 excidit.
3495 5108 3564 5161 T6
3605 5109 3754 5184 ἅρμα

357 5197 842 5271 quandoquidem
913 5197 1110 5254 Grmca
1169 5196 1592 5253 consuetudine
1667 5214 1770 5269 pro
1818 5197 1964 5269 jugo
2039 5191 2296 5267 equestri
2372 5190 2628 5263 ponitur,
2688 5191 3084 5249 Romanorum
3158 5201 3356 5251 autem
3412 5214 3572 5254 more
3649 5216 3754 5271 pro

358 5286 553 5346 armis
580 5286 888 5358 profertur,
920 5287 993 5342 ab
1024 5285 1335 5357 aquivocis
1363 5284 1674 5341 liberatum
1702 5288 1810 5341 est.

439 5380 516 5431 ιε’.
547 5378 788 5429 Τοσαῦτα
812 5374 937 5452 περὶ
966 5378 1072 5430 τῶν
1106 5371 1436 5447 ὁμωνύμων.

441 5468 522 5527 ις’.
573 5464 648 5517 Τὰ
693 5460 752 5518 δὲ
807 5463 1109 5539 παρώνυμα
1168 5461 1565 5538 ὑπογράφουσιν
1619 5458 1813 5522 υῦτωςο
1863 5479 2001 5536 παρ-

357 5551 560 5626 ώνυμά
604 5550 757 5625 εἰσιν,
812 5550 911 5608 ὅσα
967 5550 1071 5607 ἀπό
1136 5570 1278 5612 τινος
1333 5547 1669 5628 ἀποφέροντα
1721 5552 1790 5622 τῇ
1850 5548 2005 5603 πτώη

354 5661 466 5715 σει,
503 5640 604 5710 τὴν
657 5641 794 5697 κατὰ
835 5638 1076 5716 τοῦνομα
1117 5629 1483 5716 προσηγορίαν
1535 5633 1673 5715 ἔχει.
1725 5637 1849 5692 Οἶον
1899 5637 2004 5692 ἀπὸ

351 5736 465 5800 τῆς
518 5731 965 5807 γραμματικῆςὸ
1002 5728 1405 5807 γραμματικὸς,
1459 5729 1548 5784 καὶ
1602 5728 1708 5783 ἀπὸ
1761 5733 1859 5798 τῆς
1916 5727 2004 5781 ἀν-

358 5817 547 5899 δρείας
578 5820 608 5878 ὁ
631 5816 895 5900 ἀνδρεῖος.

2187 5370 2273 5426 45.
2306 5373 2373 5423 Et
2400 5372 2630 5424 tantum
2664 5369 2900 5440 quidem
2932 5371 3003 5427 de
3030 5372 3357 5444 aequivocis.

2186 5461 2272 5514 16.
2305 5457 2746 5514 Denominativa
2792 5464 2988 5515 autem
3019 5464 3103 5516 sic
3145 5463 3483 5519 describunt
3514 5480 3527 5519 :
3561 5465 3752 5523 Deno-

2114 5547 2391 5604 minativa
2413 5550 2552 5602 sunt
2573 5563 2700 5619 quae
2730 5548 2802 5603 ab
2828 5549 3024 5621 aliquo
3047 5550 3373 5608 differentia
3392 5556 3750 5626 casu,quoad

2114 5653 2327 5693 nomen
2359 5634 2803 5708 appellationem
2853 5638 3091 5707 habent,
3122 5640 3281 5696 velut
3309 5658 3343 5696 a
3371 5643 3753 5714 grammatica

2113 5725 2533 5800 grammaticus
2562 5731 2618 5782 et
2642 5744 2676 5783 a
2706 5727 3041 5788 fortitudine
3069 5730 3253 5788 fortis.
