4096 6442
491 418 610 477 ’743

488 643 725 695 vocatur
748 634 1017 690 dictionis
1046 632 1354 687 terminus.

560 729 645 782 18.
678 725 935 789 Quatuor
980 728 1174 777 autem
1206 720 1556 790 quibusdam
1603 719 1947 790 (requisitis)
1976 736 2125 791 opus

485 821 574 873 est
620 820 686 870 ut
728 810 1186 870 demonstrativa
1235 810 1332 865 73
1383 810 1565 863 ﬁant:
1596 810 2021 863 communitate
2067 814 2125 864 et

484 903 812 961 differentia
861 900 1117 958 nominis
1146 905 1203 955 et
1230 898 1650 954 communitate
1680 896 2123 970 diﬂerentiaque

484 1010 565 1049 r81
573 1036 586 1047 .

555 1083 641 1136 19.
674 1079 839 1136 Unde
882 1078 945 1131 τὸ
975 1076 1224 1134 Helenus
1273 1080 1330 1131 et
1359 1074 1574 1130 Helena
1605 1091 1718 1130 non
1750 1079 1889 1130 sunt
1937 1074 2120 1129 deno-

484 1170 782 1227 minativa.
834 1167 1327 1224 Communitatem
1376 1162 1531 1219 enim
1583 1163 1820 1235 quidem
1850 1167 1907 1218 et
1955 1163 2118 1217 diffe-

485 1259 729 1316 rentiam
777 1256 1033 1313 nominis
1076 1255 1329 1323 habent;
1362 1253 1444 1309 rei
1497 1257 1693 1307 autem
1731 1252 2120 1307 communita-

482 1353 601 1405 tem
626 1364 740 1403 non
772 1342 1266 1401 habent.Helenus
1296 1342 1452 1397 enim
1481 1339 1581 1412 qui
1612 1357 1679 1395 ex
1709 1341 1884 1410 Troja
1908 1340 2123 1410 (oriun-

481 1438 616 1509 dus)
668 1433 1013 1501 Priamides,
1044 1436 1201 1487 vates
1234 1431 1363 1500 fuit,
1414 1429 1565 1484 alius
1608 1433 1715 1483 est.
1749 1432 2120 1499 Rursumque

483 1526 596 1583 alia
641 1529 732 1581 est
783 1522 995 1579 Helena
1047 1521 1289 1577 Lacaena
1332 1518 1495 1574 Leda:
1546 1533 1616 1573 ex
1659 1517 1927 1589 Tyndaro
1978 1516 2117 1582 filia,

481 1632 608 1689 quas
638 1613 1004 1670 inﬁnitarum
1028 1609 1429 1666 calamitatum
1453 1606 1775 1679 Phrygibus
1804 1611 1862 1661 et
1887 1605 2119 1661 Achivis

479 1720 657 1761 causa
703 1702 848 1769 fuit;
880 1715 986 1756 nec
1014 1703 1079 1755 ut
1106 1715 1142 1755 a
1168 1697 1411 1754 scientia
1457 1696 1647 1753 sciens
1674 1695 1759 1751 ita
1783 1696 1855 1751 ab
1902 1693 2120 1752 Helena

478 1792 736 1849 Helenus
760 1789 1036 1863 (dicitur).

547 1882 637 1937 20.
669 1880 780 1936 Sed
829 1894 1017 1951 neque
1054 1877 1230 1933 etiam
1278 1874 1541 1949 παρθένος
1592 1878 1650 1929 et
1691 1874 1983 1949 παρθενική
2019 1874 2116 1929 de-

481 1970 838 2027 nominativa
858 1967 1084 2024 sunt.ln
1114 1966 1208 2021 his
1228 1965 1385 2021 enim
1410 1965 1493 2020 rei
1520 1980 1635 2020 non
1660 1969 1749 2020 est
1770 1963 2115 2019 differentia.

478 2062 638 2117 Idem
662 2058 818 2115 enim
847 2057 1022 2113 etiam
1053 2055 1233 2111 ambae
1264 2053 1547 2109 dictiones
1577 2052 1929 2126 signiﬁcant.

544 2150 636 2206 21.
669 2144 935 2222 Παρθένος
987 2148 1181 2200 autem
1212 2143 1293 2215 (id
1322 2146 1413 2199 est
1440 2143 1622 2214 virgo)
1656 2142 1820 2197 nobis
1861 2141 2118 2213 (Gracis)

477 2256 546 2295 ex
574 2255 640 2295 eo
692 2237 845 2309 quod
889 2233 1034 2306 παρὰ
1086 2236 1219 2303 Θεῷ,
1255 2232 1311 2288 id
1360 2236 1448 2287 est
1493 2229 1724 2299 πλησίον
1780 2234 1913 2284 Θεοῦ
1962 2230 2118 2302 apud

476 2327 795 2395 Deum,hoc
824 2329 914 2381 est
944 2339 1122 2397 prope
1155 2327 1335 2377 Deum
1365 2321 1461 2389 sit,
1484 2324 1718 2392 propter
1747 2320 2117 2376 sanctitatem

477 2418 631 2472 dicta
660 2421 770 2485 est,
801 2413 1091 2486 siquidem
1122 2425 1225 2483 per
1252 2410 1450 2466 omnia
1479 2410 1638 2481 virgo
1679 2408 1774 2475 sit,
1805 2410 2118 2481 animaque

476 2507 652 2562 etiam
683 2520 816 2561 cum
846 2516 1081 2573 corpore
1110 2499 1500 2572 virginitatem
1527 2502 1732 2554 servet.

546 2595 636 2649 22.
669 2593 865 2664 Neque
893 2606 1027 2646 vero
1057 2589 1244 2643 virtus
1274 2592 1331 2644 et
1361 2588 1444 2643 vir
1475 2589 1660 2643 bonus
1687 2588 2119 2647 denominativa

478 2686 636 2741 sunt.
670 2681 757 2737 Ab
787 2679 882 2736 his
908 2679 1061 2735 enim
1095 2680 1259 2734 abest
1290 2676 1544 2733 nominis
1575 2678 1928 2734 communio.

543 2861 632 2916 23.
683 2860 881 2931 Neque
925 2855 1186 2912 vicissim
1235 2854 1462 2910 musica
1509 2854 1719 2910 mulier
1763 2860 1819 2909 et
1874 2856 2118 2911 scientia

475 2950 702 3007 musica
748 2952 888 3003 sunt
917 2944 1368 3011 denominativa,
1402 2949 1706 3015 propterea
1760 2946 1911 3015 quod
1946 2945 2114 3000 ditl‘e-

476 3038 724 3094 rentiam
758 3038 855 3091 74
884 3033 1142 3106 aliquam
1173 3032 1428 3088 nominis
1462 3048 1573 3086 non
1606 3031 1880 3088 habeant.

543 3128 635 3181 24.
667 3125 954 3181 Diﬂ'erunt
1001 3126 1197 3178 autem
1228 3120 1657 3176 denominativa
1699 3122 1771 3176 ab
1821 3120 1938 3177 illis
1987 3139 2113 3193 qua:

471 3216 543 3271 ab
575 3231 691 3271 uno
720 3211 1175 3283 dicuntur,quod
1206 3209 1636 3265 denominativa
1666 3210 1965 3267 continent
1993 3228 2060 3267 ea
2080 3229 2114 3267 a

2151 1923 2198 1988 B

1740 409 2159 471 NIGEPHORI
2204 407 2642 472 BLEMMlDzE
3747 416 3847 477 ἰιι

564 551 648 603 17.
682 550 742 604 ln
775 547 882 602 hac
920 542 1483 601 denominativorum
1512 541 1901 614 descriptione
1952 558 2123 598 casus
2152 545 2209 610 Α

2310 541 2389 609 ιζ’.
2424 541 2509 597 Ἐν
2576 540 2743 615 ταύτῃ
2815 547 2885 616 τῇ
2960 548 3066 597 τῶν
3160 543 3501 620 παρωνύμιον
3581 545 3841 624 ὑπογραφῇ

2233 632 2435 690 πτῶσις
2463 629 2708 685 καλεῖται
2739 630 2905 707 πέρας
2935 639 3036 701 τῆς
3070 631 3283 704 λέξεως.

2307 725 2394 788 ιη’.
2442 721 2718 796 Τεσσαρων
2790 718 2847 775 δέ
2900 743 3061 777 τινων
3129 721 3308 798 χρεία,
3353 721 3445 778 ἵνα
3503 724 3741 798 γίνωνται
3788 725 3844 779 τὰ

2231 808 2552 878 παρώνυμα·
2604 809 2887 871 κοινωνίας
2957 810 3046 864 καὶ
3116 808 3374 888 διαφορᾶς
3453 811 3712 885 ὀνόματος
3770 813 3843 868 καὶ

2231 894 2515 957 κοινωνίας
2545 895 2631 949 καὶ
2667 894 2925 975 διαφορᾶς
2956 900 3296 974 πράγματος.

2305 1073 2387 1133 ιθ’.
2417 1074 2569 1127 Ὅθεν
2600 1074 2663 1128 τὸ
2692 1073 2917 1137 Ἕλενος
2947 1076 3037 1130 καὶ
3068 1074 3260 1146 Ἑλένη
3292 1078 3596 1151 παρώνυμα
3624 1076 3718 1132 οὐκ
3739 1076 3844 1133 εἶσί.

2230 1161 2519 1215 Κοινωνίαν
2572 1162 2668 1235 μὲν
2716 1164 2820 1237 γὰρ
2877 1163 2966 1218 καὶ
3026 1162 3283 1243 διαφορὰν
3338 1161 3601 1239 ὀνόματος
3658 1160 3844 1242 ἔχουσι·

2229 1248 2547 1324 πράγματος
2598 1248 2655 1305 δὲ
2709 1252 2989 1307 κοινωνίαν
3050 1253 3149 1308 οὐκ
3204 1250 3444 1329 ἔχουσιν.
3503 1256 3560 1307 Ὀ
3613 1254 3702 1327 μὶν
3755 1255 3844 1329 γὰρ

2228 1334 2451 1400 Ἕλενος
2501 1340 2529 1393 6
2577 1338 2636 1393 ἐκ
2683 1340 2878 1416 Τροίας
2909 1342 2937 1395 6
2969 1339 3276 1418 Πριαμίδης
3307 1342 3336 1395 6
3370 1343 3622 1415 μαντικὸς
3663 1338 3845 1418 ἕτερος·

2230 1423 2374 1496 ἄλλη
2428 1424 2486 1482 δὲ
2528 1427 2691 1483 πάλιν
2744 1432 2779 1497 ἡ
2824 1428 3030 1501 Ἐληνη
3073 1434 3108 1500 ἠ
3143 1430 3400 1503 Λάκαινα,
3431 1433 3466 1501 ἡ
3524 1438 3624 1500 τῆς
3680 1427 3847 1501 Λήδης

2229 1512 2290 1569 ἐκ
2316 1514 2597 1590 Τυνδάρεω
2628 1523 2775 1589 παῖς,
2806 1521 2841 1587 ἡ
2879 1520 3085 1595 μυρίων
3131 1525 3427 1598 συμφορῶν
3476 1520 3672 1595 Φρυξὶν
3720 1519 3847 1574 αἰτία

2227 1603 2315 1657 καὶ
2373 1605 2642 1680 Ἀχιοιοῖς·
2697 1608 2786 1661 καὶ
2844 1608 2950 1683 οὐχ
3005 1608 3081 1671 ὡς
3136 1607 3188 1679 ἐξ
3246 1608 3844 1682 ἐπισῆμηςὸέπιστή-

2232 1714 2368 1765 μων,
2400 1692 2460 1748 ἐκ
2485 1702 2586 1764 τῆς
2617 1693 2836 1766 Ἑλένης
2870 1697 2898 1750 6
2930 1696 3177 1759 Ἕλενος.

2295 1877 2359 1928 κ’.
2395 1870 2550 1928 Ἀλλ’
2595 1870 2721 1928 οὐδὲ
2766 1875 2827 1929 τὸ
2883 1876 3175 1951 παρθενική
3240 1876 3330 1930 καὶ
3404 1877 3671 1950 παρθένος
3726 1894 3846 1950 παρ-

2228 1960 2436 2033 ώνυμα.
2502 1962 2824 2038 Πράγματος
2889 1963 2990 2039 γὰρ
3041 1962 3092 2017 έν
3149 1963 3365 2026 τούτοις
3432 1963 3534 2019 οὐκ
3589 1960 3694 2018 ἔστι
3748 1961 3847 2020 δια-

2227 2051 2382 2125 φορά·
2415 2051 2577 2104 ταυτὸ
2605 2052 2706 2127 γὰρ
2737 2052 2792 2106 αἱ
2823 2052 2993 2124 λέξεις
3022 2057 3114 2107 καῖ
3145 2050 3309 2131 ἄμφω
3340 2052 3685 2125 σημαίνουσι.

2297 2140 2360 2191 κ’.
2420 2139 2687 2214 Παρθένος
2743 2137 2789 2193 δ’
2843 2142 2977 2212 ἡμῖν
3053 2139 3113 2194 ἐκ
3185 2145 3283 2195 τοῦ
3340 2141 3484 2217 παρὰ
3542 2146 3659 2213 Θεῷ
3709 2141 3847 2213 εἶναι,

2223 2227 2465 2281 τουτέστι
2496 2226 2730 2298 πλησίον
2772 2234 2926 2299 Θεοῦ,
2960 2226 3049 2283 διὰ
3092 2231 3190 2298 τὴν
3242 2229 3455 2306 ἁγνείαν
3515 2228 3851 2305 ἠτυμολογῆ-

2224 2335 2332 2369 ται·
2388 2314 2495 2391 εἷ’γε
2551 2318 2614 2371 τὸ
2671 2317 2799 2373 ὅλον
2857 2319 3117 2395 παρθένος
3191 2318 3275 2389 εἴη
3351 2319 3440 2375 καὶ
3512 2327 3613 2390 τῆς
3687 2326 3849 2395 ψυχῆς

2225 2406 2652 2479 παρθενευούσης
2688 2408 2821 2480 μετά
2849 2412 2944 2462 τοῦ
2976 2408 3250 2480 σώματος.

2296 2583 2398 2657 κβ’.
2433 2581 2565 2638 Οὔτε
2624 2581 2681 2639 δὲ
2735 2585 2797 2639 τὸ
2846 2586 3006 2659 ἀρετὴ
3055 2585 3143 2639 καὶ
3194 2582 3486 2648 σπουδαῖος
3545 2587 3846 2663 παρώνυμα.

2226 2672 2323 2725 Καὶ
2380 2673 2483 2749 γὰρ
2536 2671 2751 2727 ἄπεστιν
2802 2673 2861 2729 έκ
2905 2673 3111 2728 τούτων
3144 2676 3179 2743 ἡ
3210 2673 3467 2729 κοινωνία
3512 2679 3612 2730 τοῦ
3671 2673 3848 2747 ὀνόμα-

2221 2782 2338 2823 τος.

2294 2858 2396 2925 κγ’.
2432 2848 2555 2906 Οῦτ’
2601 2850 2665 2905 αὖ
2720 2854 2950 2924 μουσική
3000 2855 3158 2928 γυνὴ,
3208 2853 3298 2907 καὶ
3351 2853 3587 2926 μουσική
3645 2852 3845 2922 ἐπιστή-

2228 2961 2302 3012 μη
2360 2941 2681 3016 παρώνυμα·
2743 2938 2832 2995 διὰ
2879 2942 2942 2995 τὸ
3003 2943 3078 3014 μὴ
3138 2942 3424 3011 κεκτῆσθαί
3493 2963 3617 2997 τινα
3683 2939 3849 3019 διαφο-

2225 3031 2316 3103 ρὰν
2347 3035 2444 3083 τοῦ
2479 3029 2784 3102 ὀνόματως.

2290 3117 2355 3173 κδ
2378 3163 2390 3175 .
2424 3119 2743 3196 Διαφέρουσι
2776 3116 2833 3173 δὲ
2858 3118 2926 3173 τὰ
2953 3120 3255 3193 παρώνυμα
3277 3124 3383 3174 τῶν
3417 3120 3506 3198 ἀφ’
3532 3120 3668 3181 ἑνός·
3691 3118 3768 3174 δτι
3791 3118 3851 3171 τὰ

2226 3210 2318 3282 μὲν
2386 3210 2686 3283 παρώνυμα
2759 3208 3072 3283 περιέχουσι
3137 3209 3204 3263 τὰ
3268 3208 3358 3286 ἀφ’
3412 3209 3485 3263 ὧν
3542 3205 3847 3282 παρωνομά-

472 3304 687 3377 quibus
701 3301 1130 3358 denominativa
1141 3304 1279 3355 sunt
1293 3299 1561 3370 :quemad
1571 3299 1812 3354 modum
1827 3316 2114 3371 gramma-
2144 3294 2151 3342 l

2243 3310 2445 3367 τθησαν,
2497 3297 2570 3359 ὡς
2624 3298 2651 3351 ὃ
2707 3298 3083 3372 γραμματικὸς
3156 3299 3254 3365 τὴν
3311 3283 3716 3373 γραμματικὴν,
3769 3294 3846 3350 καὶ

470 3393 621 3449 ticus
667 3390 1111 3463 grammaticam
1144 3388 1739 3459 etjustusjustitiam
1787 3389 2104 3444 continent.

467 3483 540 3537 At
569 3498 695 3553 quae
742 3480 814 3535 ab
845 3496 961 3534 uno
1009 3481 1168 3542 sunt,
1202 3494 1315 3532 non
1349 3477 1545 3531 etiam.
1586 3477 1784 3549 Neque
1831 3478 1989 3534 enim
2021 3480 2108 3533 in-

473 3574 872 3625 strumentum
901 3567 1191 3623 medicum
1226 3565 1574 3621 medicinam
1616 3567 1890 3633 continet,
1923 3584 2112 3639 neque

465 3657 614 3714 liber
642 3656 1055 3728 grammaticus
1083 3654 1526 3727 grammaticam
1552 3673 1565 3723 ;
1599 3655 1874 3727 quoniam
1907 3656 1963 3710 id
1987 3657 2111 3728 qui-

469 3747 604 3802 dem
635 3762 704 3802 οι
749 3746 942 3818 seipso
974 3745 1320 3810 mederetur,
1354 3744 1447 3799 hic
1496 3748 1693 3800 autem
1742 3744 2020 3800 scriberet
2056 3750 2114 3801 et

466 3835 704 3908 legeret.
775 3888 783 3895 .

471 4039 678 4109 Σχῆμα
742 4030 914 4110 κεφαλ
950 4076 962 4088 .
1041 4031 1110 4100 η’,
1189 4028 1319 4104 Περὶ
1394 4026 1770 4101 συνωνύμων,

1832 4027 2202 4104 έτερωνύμων.
2229 4072 2243 4098 ,

2219 3388 2247 3441 ὁ
2276 3384 2480 3449 δίκαιος
2525 3386 2623 3455 τὴν
2670 3384 3033 3457 δικαιοσύνην·
3082 3387 3149 3440 τὰ
3197 3383 3255 3440 δὲ
3293 3387 3381 3465 ἀφ’
3435 3388 3553 3450 ἑνὸς
3615 3386 3711 3443 οὐκ
3758 3382 3844 3440 ἔτι.

2218 3475 2354 3530 Οὐδὲ
2407 3477 2508 3551 γὰρ
2566 3473 2810 3550 περιέχει
2867 3475 2929 3528 τὸ
2986 3475 3226 3546 ἱατρικὸν
3288 3473 3571 3550 ἐργαλεῖον
3624 3476 3719 3543 τήν
3775 3473 3846 3527 ἰα-

2217 3566 2425 3641 τρικὴν,
2476 3561 2600 3618 οὐδὲ
2664 3563 2726 3618 τὸ
2801 3566 3175 3639 γρσμματικὸν
3240 3559 3453 3639 βιϐλίον
3532 3565 3633 3633 τὴν
3690 3582 3846 3639 γραμ-

2225 3655 2477 3728 ματικήν*
2512 3651 2626 3707 ἐπεὶ
2682 3654 2745 3707 τὸ
2806 3654 2898 3726 μὲν
2959 3654 3017 3708 ἂν
3075 3654 3311 3730 ἶάτρευεν
3364 3652 3414 3724 ἐξ
3464 3654 3678 3727 ἑαυτοῦ,
3708 3651 3764 3707 τὸ
3804 3648 3846 3705 δ’

2222 3739 2419 3820 ἔγραφε
2447 3742 2537 3797 καὶ
2568 3742 2906 3818 ἀνεγίνωσκε.

2324 4028 2518 4103 ἑτέρων
2588 4028 2897 4102 ὁμωνύμων
2970 4050 3030 4084 τε
3103 4029 3193 4085 καὶ
3266 4028 3692 4105 πολυωνύμων,
3766 4029 3844 4085 καὶ

1985 4099 2349 4176 παρωνύμων.

1236 4253 1261 4304 /
1385 4242 1475 4318 καὶ
1504 4240 1906 4318 κατάᾐτοῦνομα
1934 4243 2187 4318 καὶ-κατὰ
2214 4243 2304 4297 τὸν
2339 4240 2499 4318 λόγον
2531 4246 2879 4318 κοινωνοῦσιο
2907 4243 2995 4298 καί
3035 4243 3138 4298 εἰσι
3185 4245 3484 4318 συνώνυμα,
3531 4246 3646 4300 οῖον
3698 4246 3846 4314 ζῶον,

1425 4313 1455 4367 6'
1481 4335 1540 4368 τε
1571 4309 1859 4390 ἅνθρωπος
1895 4314 1985 4368 καὶ
2019 4314 2045 4368 ὁ
2082 4316 2212 4390 βοῦς
2240 4315 2375 4369 κατὰ
2401 4309 2465 4368 τὸ
2499 4318 2635 4382 ζωον
2669 4309 2862 4387 ὄνομα.

1389 4546 1524 4601 κατὰ
1551 4546 1641 4600 τὸν
1671 4543 1836 4621 λόγον
1852 4543 1859 4547 ’
1882 4543 2061 4624 διαφέ-

1318 4476 1353 4544 ﬁ
1385 4474 1473 4529 καὶ
1502 4475 1640 4547 κατὰ
1671 4472 1942 4547 τοῦνομα,
1973 4473 2061 4547 καὶ

1392 4480 1473 4529 καὶ
1505 4480 1640 4529 κατὰ
1682 4480 1942 4547 τοῦνομα,
1973 4480 2061 4529 καὶ

1392 4546 1524 4601 κατὰ
1551 4546 1641 4600 τὸν
1671 4543 1836 4621 λόγον
1882 4480 2105 4713 Staph:

1392 4638 1598 4693 ρουσιν,

706 4687 810 4743 Δύο
844 4688 965 4744 τινὰ

2086 4453 2102 4518 ί
2162 4436 2199 4509 ἤ
2247 4438 2603 4518 ξὲν-Δέχουσινι
2642 4438 3018 4518 ὑποκείμενον,
3074 4440 3163 4495 καί
3219 4440 3349 4496 εἰσιν
3406 4441 3734 4518 ἑτερώνυμα,
3781 4437 3845 4498 ὡς

2236 4505 2487 4572 ἀνάϐασις
2519 4509 2608 4565 καὶ
2637 4505 2949 4573 κατάϐασιςο

2162 4578 2200 4651 ἤ
2233 4580 2483 4660 διαφορὰ,
2515 4581 2604 4636 καὶ
2626 4581 2767 4660 Finano
2798 4579 2973 4656 ἕτερα,
2996 4582 3070 4645 ὡς
3094 4582 3379 4659 ἄνθρωπος
3407 4583 3496 4638 καὶ
3516 4581 3707 4655 ἳππος,
3728 4579 3842 4637 καθὸ

2238 4654 2297 4708 ἄν
2306 4651 2522 4730 θρωπος
2553 4652 2642 4708 καὶ
2668 4651 2861 4715 ἵππος·

1319 4775 1355 4847 ἤ
1386 4777 1522 4854 κατὰ
1554 4778 1737 4854 μὲν-τὸ
1768 4772 1941 4854 ὄνομα
1969 4778 2478 4854 κοινωνοῦσα-κατὰ
2507 4774 2564 4832 δὲ
2591 4779 2680 4833 τὸν
2712 4775 2880 4854 λόγον
2913 4776 3226 4854 διαφέρουσι
3254 4778 3345 4834 καὶ
3394 4776 3523 4834 εῗσιν
3572 4778 3840 4852 ὁμώνυμα·

1427 4850 1500 4910 ὡς
1531 4840 1583 4903 οἱ
1613 4846 1709 4903 δύο
1740 4840 1963 4921 Αἴαντες
1991 4850 2128 4903 κατὰ
2154 4849 2218 4904 τὸ
2250 4840 2383 4912 Δίάς
2415 4844 2608 4921 ὄνομα*
2709 4916 2734 4921 Α.
2798 4840 2808 4854 ’
2916 4917 2929 4921 _
3017 4840 3027 4857 ⁸

1319 4916 1355 4989 ἤ
1388 4920 1649 5009 κξτᾶνμέν
1680 4921 1770 5009 τον
1803 4918 1964 5009 λόγον
1996 4925 2333 4994 κοινωνοῦσι,
2365 4916 2587 4976 καταδὲ
2612 4922 2675 4976 τὸ
2698 4916 2881 4994 ὄνομα
2910 4917 3220 4998 διαφέρουσι
3250 4921 3340 4977 καί
3370 4920 3471 4976 εἶσι
3502 4918 3841 4991 πολυώνυμα,

1428 4992 1509 5045 ὡσ
1533 4992 1652 5078 ἄορ,
1685 4992 2151 5078 ξίφοςκμάχαιρα·

1325 5061 1362 5133 ἤ
1392 5058 1709 5140 κοινωνοῦσι
1740 5058 2172 5140 καῖ’διαῴέρόυσι
2202 5062 2293 5140 καὶ
2333 5063 2468 5140 κατὰ
2511 5059 2769 5140 τοῦνομα-
2798 5061 2889 5118 καί
2934 5064 3069 5119 κατὰ
3110 5058 3353 5137 τοῦνομα
3404 5063 3589 5140 λόγον,
3621 5063 3707 5119 καὶ
3753 5058 3841 5113 εἶσι

1428 5135 1751 5212 παρώνυμα,
1786 5135 1860 5197 ὡς
1890 5135 2268 5211 γραμματικὸς
2296 5135 2385 5190 καὶ
2415 5136 2792 5211 γραμματική.
