4096 6484
320 462 441 520 745
1682 455 2027 542 EPITQME
2072 454 2381 515 LOGICA.
3607 454 3726 514 746

495 589 704 647 Tabula
731 590 938 661 capitis
962 588 1016 656 8,
1048 586 1115 643 de
1142 587 1409 655 univocis,
1442 586 1823 651 (lz'versivocis,
1854 585 2103 655 diversis,
2132 587 2423 656 .‘quiivbcis
2452 587 2580 642 item
2608 589 2660 641 et
2686 586 2994 642 multivocis
3021 589 3071 641 et
3102 585 3552 643 denominativis.

1179 715 1264 770 vel
1295 722 1349 770 et
1378 713 1566 785 quoad
1595 727 1808 785 nomen
1838 718 1892 767 et
1920 711 2104 781 quoad
2132 710 2523 785 deﬁnitionem
2564 711 2991 785 communicant
3020 712 3071 766 ei
3112 718 3247 767 sunt
3277 712 3545 782 univoca;
3580 713 3728 771 velut

1247 780 1463 841 anim—al
1493 783 1620 857 (est)
1651 790 1706 839 et
1734 783 1905 838 homo
1932 780 1988 837 et
2020 787 2119 837 bos
2147 782 2328 851 quoad
2365 798 2577 839 nomen
2605 780 2840 839 animal.

2030 923 2117 979 vel
2158 938 2334 979 unum
2384 922 2593 979 habent
2639 923 2959 994 subjectum
3008 932 3062 981 et
3109 931 3242 980 sunt
3297 925 3642 984 diversivoca
3669 934 3730 983 ut

2100 997 2360 1050 ascensio
2389 1000 2443 1049 et
2470 996 2786 1062 descensio,

2031 1064 2119 1140 vel
2148 1064 2463 1121 diﬂ‘erentia
2501 1067 2774 1138 (subjecta
2829 1065 3060 1140 habent)
3090 1074 3144 1123 et
3200 1070 3339 1123 sunt
3391 1069 3639 1140 diversa,
3669 1077 3730 1129 ut

2103 1136 2273 1193 homo
2302 1145 2357 1192 et
2388 1136 2565 1207 equus
2593 1136 2871 1210 quatenus
2901 1136 3071 1194 homo
3101 1146 3155 1193 et
3184 1155 3379 1211 equus.

1177 963 1267 1020 vel
1333 963 1512 1033 quoad
1546 974 1796 1033 _n_omen
1869 965 1924 1017 et

1291 1030 1432 1089 uoad
1530 1030 1921 1088 deﬁnitionem

1291 1051 1432 1089 uoao
1530 1051 1691 1088 uenn:

1249 1051 1519 1162 ﬂiﬂ‘erunt
1548 1120 1561 1159 :
1593 1106 1691 1173 (et)

465 1209 563 1266 τε
598 1210 717 1267 Duo
752 1209 940 1281 aliqua

1179 1282 1266 1339 vel
1316 1281 1630 1338 secundum
1675 1294 1887 1337 nomen
1945 1277 2175 1348 quidem
2227 1279 2672 1350 communicant,
2721 1279 3035 1337 secundum
3091 1281 3482 1339 definitionem
3537 1290 3728 1341 autem

1251 1353 1542 1425 diﬂ‘erunt,
1572 1359 1629 1425 et
1655 1360 1788 1425 sunt
1815 1351 2106 1425 aequlvoca
2138 1366 2150 1405 :
2184 1356 2245 1406 ut
2271 1350 2398 1406 dico
2440 1351 2641 1421 Ajaces
2671 1352 2855 1422 quoad
2887 1366 3098 1407 nomen
3126 1353 3338 1425 Ajacis,

1179 1423 1273 1483 vel
1301 1427 1481 1496 quoad
1527 1422 1921 1497 deﬁnitionem
1966 1422 2195 1497 quidem
2241 1425 2688 1497 communicant,
2717 1425 2897 1494 quoad
2947 1422 3391 1483 nomen'aulem
3439 1425 3729 1497 differunt,

1254 1504 1299 1548 ul
1318 1493 1466 1551 ‘sunt
1495 1495 1817 1560 multivoca,
1851 1501 1910 1550 ut
1939 1495 2112 1564 ensis,
2142 1493 2383 1564 gladius,
2415 1495 2714 1549 machaera.

1183 1569 1269 1623 vel
1314 1567 1743 1638 communicant
1785 1571 1841 1620 et
1893 1562 2165 1620 differunt
2214 1562 2373 1638 cum
2405 1566 2585 1638 quoad
2617 1580 2854 1638 nomen
2911 1572 3031 1622 tum
3086 1567 3272 1638 quoad
3331 1566 3732 1624 deﬁnitionem

1254 1638 1568 1694 secundum
1616 1637 1675 1692 id
1722 1651 1953 1703 nomen,
1986 1642 2041 1691 et
2095 1643 2227 1692 sunt
2281 1636 2701 1692 denominative
2759 1644 2819 1692 ut
2872 1636 3279 1707 grammaticus
3330 1644 3386 1694 et
3440 1654 3732 1710 gramma-

1255 1710 1385 1765 lica.

1278 1725 1385 1767 lca.

1526 1911 1631 1966 πο
1674 1904 2056 1969 SYNOPSIS
2099 1904 2402 1965 CAPITIS
2447 1905 2550 1979 1x,

1491 2020 1648 2072 QUOD
1692 2019 1803 2064 EST
1855 2018 1933 2063 ΠΒ
1984 2018 2247 2070 QUINQUE
2300 2017 2574 2063 VOCIBUS.

322 2119 387 2178 1.
429 2115 1006 2202 Methododiuisiora
1028 2139 1141 2202 per
1196 2117 1512 2202 divisiones
1569 2128 1625 2179 et
1667 2115 2090 2202 subdivisiones
2148 2116 2300 2202 uocas
2344 2134 2651 2202 numerum
2698 2118 2983 2202 quinque-
3004 2118 3204 2202 uocum
3224 2119 3453 2202 erudite
3483 2118 3735 2200 colligit.

412 2232 494 2245 --
519 2201 581 2282 ἓ.
616 2197 959 2282 Subdiuisio
990 2197 1219 2282 prima.
1253 2234 1329 2244 ——
1359 2202 1419 2260 3.
1456 2198 1756 2282 Secunda.
1793 2232 1865 2241 -
1894 2201 1955 2257 4.
1996 2197 2219 2282 Tertia.
2250 2231 2329 2282 —7
2356 2199 2416 2257 5.
2456 2197 2815 2282 0aa_r_ta._:
2844 2200 2906 2259 6.
2941 2197 3182 2282 Quinta.
3213 2235 3290 2244 —
3318 2205 3382 2261 7.
3417 2197 3638 2282 Segrtai
3658 2235 3736 2282 ῖ-

409 2282 473 2343 8.
508 2278 801 2359 Septima.
837 2313 913 2325 —
938 2276 1010 2342 9:
1034 2278 1275 2343 Octava.
1311 2314 1388 2324 —
1421 2283 1495 2339 10
1530 2279 1684 2339 Hinc
1710 2296 2017 2359 numerum
2048 2276 2391 2359 quinarium
2425 2276 2905 2359 praedicabilium
2935 2278 3195 2359 conﬁcit.
3227 2314 3304 2327 -—
3337 2283 3433 2341 11.
3471 2279 3738 2341 Ostendit

411 2356 605 2441 quare
627 2377 810 2441 genus
830 2360 1129 2440 prmeedat
1150 2359 1568 2441 differentiam.
1592 2393 1671 2441 -έ
1701 2356 2025 2441 lBLQuare
2054 2356 2389 2441 differentia
2411 2358 2777 2441 spec_zem._-5
2807 2360 2904 2417 lii.
2935 2356 3127 2441 Quare
3152 2362 3367 2441 species
3389 2361 3731 2441 proprium.

410 2436 497 2521 ;—_
523 2436 855 2521 14.οωνέ
878 2441 1191 2521 proprium
1214 2436 1509 2521 accidens.
1534 2475 1611 2521 έ
1643 2440 1742 2499 15.
1779 2437 1975 2512 Quare
1996 2438 2311 2521 proprium
2339 2438 2589 2521 essentth
2618 2436 2966 2521 adjunctum
2995 2436 3296 2501 accidente
3324 2436 3735 2502 etiam—melius

411 2519 671 2600 adeoque
696 2520 867 2600 prius
878 2516 1003 2579 sit:
1023 2555 1101 2565 —
1129 2523 1227 2580 16.
1259 2520 1353 2581 Et
1375 2519 1639 2583 accidens
1662 2527 1952 2600 postremo
1981 2519 2374 2600 constituatur
2404 2516 2548 2578 loco.
2568 2552 2658 2600 ‘—
2694 2524 2786 2579 17.
2823 2518 3093 2599 Quinque
3125 2539 3328 2581 vocum
3370 2539 3471 2580 seu
3506 2521 3732 2600 pradi-

414 2597 706 2663 cubilium
722 2599 1090 2681 collationem
1130 2601 1398 2681 instituit.
1432 2634 1510 2644 -—
1541 2597 1853 2681 18._Docet
1889 2598 2204 2681 proprium
2231 2615 2357 2681 esse
2403 2608 2492 2681 ut_
2507 2597 2833 2681 plurimum
2864 2597 3447 2681 Enodcn52854_sallem,
3479 2597 3740 2681 reperiri

416 2688 609 2741 tamen
635 2680 811 2740 etiam
840 2680 1060 2740 alicubi
1084 2680 1405 2753 essentiale,
1439 2690 1505 2740 ut
1534 2681 1596 2738 in
1625 2679 1856 2738 homine
1885 2676 2283 2758 intelligentia
2310 2686 2365 2737 et
2402 2676 2657 2758 scisntiae
2686 2697 2900 2758 capax.
2933 2714 3012 2758 έ-
3044 2681 3140 2738 19.
3176 2679 3403 2741 Probat
3424 2686 3488 2741 τὸ
3519 2676 3739 2742 rzszbile

413 2779 534 2823 esse
553 2761 867 2840 proprium
896 2759 1146 2821 hominis
1186 2763 1512 2828 ἐπουσιῶδες
1554 2760 1787 2819 saltem.
1822 2792 1898 2804 —-
1928 2758 2026 2817 20.
2059 2756 2301 2817 Judicat
2330 2757 2509 2840 etiam
2532 2756 2784 2840 prppria
2817 2759 2880 2818 in
2921 2757 3360 2838 deﬁnitionibus
3386 2762 3626 2821 assumi.
3658 2795 3738 2806 —

412 2842 490 2903 31
507 2886 521 2899 .
553 2836 752 2901 Manet
778 2840 1015 2902 interim
1043 2850 1109 2901 ut
1134 2840 1431 2902 essentiale
1460 2841 1782 2900 ἐπουσιώὸει
1815 2841 2200 2918 praeferatur.
2233 2872 2311 2881 —-
2339 2839 2437 2899 22.
2473 2836 2547 2897 In
2575 2836 2806 2918 defectu
2837 2836 3030 2899 tamen
3058 2840 3381 2900 essentialis
3405 2848 3462 2900 et
3490 2867 3550 2901 το
3582 2846 3736 2901 ἐπου-

413 2923 613 2999 σιῶδες
636 2918 1005 2981 adhibeatur.
1042 2956 1115 2968 -
1144 2922 1245 2981 23.
1281 2919 1477 2997 Quare
1508 2918 1681 2979 bruta
1704 2920 2022 2999 proprium

2119 2921 2378 2987 madidae;
2407 2918 2637 2995 saltem,
2666 2918 2838 2979 homo
2883 2928 2941 2979 et
2982 2920 3279 2981 essentiale
3325 2928 3383 2981 et
3409 2923 3736 2989 ἐπουσιῶδες

413 2998 649 3064 habeat.

972 3160 1231 3217 ΚΕΦΑΛ.
1282 3161 1354 3215 Θ’.
2015 3161 2072 3225 Α
2456 3197 2459 3200 ν

2015 3161 2072 3225 Α
2456 3197 2459 3200 ν
2736 3158 2969 3215 CAPUT
3003 3159 3095 3215 IX.

810 3247 941 3323 Περὶ
967 3251 1076 3302 τῶν
1108 3246 1268 3303 πέντε
1296 3252 1512 3327 φωνῶν.

2610 3252 2690 3303 De
2719 3249 2957 3320 quinque
2981 3249 3220 3304 vocibus.

408 3373 479 3430 α’.
529 3377 595 3429 Ἡ
647 3372 801 3450 φωνὴ
850 3369 887 3441 ἤ
945 3368 1196 3449 ἔναρθρός
1254 3371 1401 3429 ἔστιν.
1441 3375 1485 3441 ἢ.
1524 3373 1788 3449 ἄναρθρος
1823 3416 1836 3429 .
1885 3370 1987 3426 Καὶ

2172 3370 2264 3424 77
2315 3370 2364 3424 1.
2396 3369 2519 3426 Vox
2568 3374 2671 3427 aut
2726 3371 3035 3428 articulate
3073 3377 3165 3429 est
3186 3376 3289 3429 aut
3343 3373 3735 3431 inarticulata.

326 3461 464 3538 περὶ
527 3461 621 3535 μὲν
685 3468 789 3531 τῆς
841 3460 1106 3538 ἀνάρθρου
1171 3469 1387 3540 φωνῆς,
1449 3461 1668 3538 ἐπείπερ
1746 3460 1847 3515 οὐκ
1901 3457 1943 3534 ἔγ

2120 3458 2168 3513 Εἰ
2186 3460 2259 3514 de
2278 3458 2652 3516 inarticulata
2669 3460 2908 3532 quidem
2930 3478 3090 3528 voce,
3114 3462 3591 3534 quandoquidem
3615 3462 3737 3519 haec

327 3550 661 3629 γράμματος
687 3548 846 3621 αὕτη,
878 3544 1044 3626 λόγος
1073 3546 1272 3613 οὐδείς.

2098 3546 2273 3602 scribi
2306 3564 2421 3603 non
2454 3552 2661 3620 potest,
2693 3548 2897 3604 nullus
2927 3565 3140 3606 sermo.

414 3639 484 3717 β’.
539 3639 604 3697 Ἣ
673 3635 719 3693 δ’
781 3632 1042 3715 ἔναρθρος
1112 3639 1267 3716 φωνή
1334 3637 1426 3693 καὶ
1494 3638 1874 3715 ἐγγράμματος
1950 3636 1986 3706 ἥ

2164 3639 2217 3691 2.
2253 3635 2577 3692 Articulata
2600 3642 2795 3694 autem
2821 3654 2933 3694 vox
2960 3655 3088 3710 quae
3115 3639 3292 3695 etiam
3317 3641 3495 3697 scribi
3520 3648 3738 3715 potest,

333 3729 652 3802 σημαντική
731 3726 870 3783 ἐστιν
902 3771 921 3796 ,
978 3728 1013 3797 ἣ
1087 3726 1301 3800 ἄσημος
1334 3750 1357 3781 .·
1407 3728 1655 3801 Ἀσημος
1732 3727 1826 3800 μὲν
1895 3723 1950 3781 οὗ

2118 3729 2202 3780 rut
2221 3725 2603 3797 significativa
2625 3732 2735 3795 est,
2758 3731 2859 3783 aut
2879 3743 2995 3783 non
3016 3727 3421 3803 signiﬁeatiya.
3445 3731 3592 3803 Ergo
3620 3748 3735 3789 non

336 3818 487 3874 ἐστιν
532 3818 569 3886 ἡ
624 3816 699 3888 μὴ
751 3812 999 3885 δηλοῦσά
1044 3837 1094 3871 τι
1145 3821 1369 3893 πρᾶγμα
1403 3861 1415 3874 .
1465 3815 1729 3887 Τοιαύτην
1776 3814 1953 3888 ἄσημα

2119 3814 2484 3885 ιὶεῑιίίὶοιιῐὶνει
2504 3815 2736 3886 quidem
2769 3820 2879 3886 est,
2904 3832 3030 3888 quea
3064 3834 3184 3873 rem
3212 3817 3473 3891 aliquam
3494 3837 3610 3877 non
3640 3821 3736 3877 de-

341 3903 541 3984 ἔφασάν
597 3925 740 3967 τινες
796 3904 931 3960 εἶναι
1006 3905 1070 3959 τὸ
1125 3903 1342 3981 βλίτυρι
1397 3903 1488 3960 καὶ
1536 3906 1601 3960 τὸ
1658 3902 1943 3978 σκινδαψός

2120 3900 2298 3958 ilarat.
2334 3902 2634 3973 Ejusmodi
2682 3919 2798 3959 non
2844 3904 3291 3977 significativam
3330 3923 3529 3964 vocem
3561 3908 3737 3981 aliqui

339 3993 467 4063 ἥτις
516 3993 673 4073 φωνὴ
720 3992 811 4048 καὶ
858 3990 1267 4069 ἀκατηγόρητος
1317 3991 1557 4068 λέγεται,
1604 3993 1679 4056 ὠς
1728 3995 1807 4066 μὴ
1856 4014 1954 4048 κατ

2130 3992 2374 4047 lixerunt
2399 4008 2530 4047 esse
2555 3991 2619 4045 τὸ
2651 3991 2846 4064 blityri
2877 3998 2934 4048 et
2960 3992 3022 4047 τὸ
3053 3993 3404 4067 scindapsus
3435 4021 3449 4063 ;
3480 4014 3610 4069 quas
3639 4015 3747 4055 vox

340 4102 493 4144 τινος
540 4082 862 4159 πράγματος
922 4081 1316 4158 ἆγορευομὲνη,
1372 4080 1615 4137 τουτέστι
1673 4080 1947 4158 λεγομένη

2131 4080 2278 4136 tiam
2310 4084 2722 4153 acategoretos,
2747 4082 2917 4153 quasi
2949 4083 3135 4154 dicas,
3162 4084 3636 4156 impraedicabilis
3666 4087 3748 4142 di-

345 4171 669 4244 Σημαντικὴ
723 4167 782 4225 δὲ
835 4170 926 4226 καὶ
988 4172 1337 4247 κατηγορική
1386 4173 1539 4249 φωνή
1598 4169 1741 4226 ἐστιν
1797 4173 1833 4241 ἡ
1894 4192 1959 4243 ση

2140 4170 2277 4235 itur,
2306 4173 2369 4224 ut
2396 4186 2524 4241 quae
2556 4171 2629 4226 de
2659 4188 2720 4226 re
2750 4170 2947 4242 aliqua
2978 4189 3094 4227 non
3124 4174 3491 4245 praedicetur,
3521 4175 3630 4232 hoc
3660 4181 3749 4233 est

348 4260 621 4335 μαίνουσα.
670 4263 900 4336 πρᾶγμα
932 4279 945 4294 ’
1005 4260 1118 4314 οἷον
1176 4264 1313 4329 ζῶον
1350 4306 1364 4328 ,
1421 4261 1728 4337 ἅνθρωπος,
1788 4258 1941 4324 λίθος

2134 4257 2350 4313 licetur.
2387 4258 2781 4330 Signiﬁcativa
2811 4264 3007 4316 autem
3038 4264 3096 4316 et
3130 4261 3497 4333 praedicativa
3525 4280 3633 4321 vox
3661 4268 3751 4320 est

342 4351 469 4421 ἥτις
501 4348 715 4426 λέγεται
742 4349 832 4404 καὶ
883 4346 1072 4411 ἁπλῶς
1118 4350 1476 4425 κατηγορικὴ,
1509 4349 1586 4412 ὡς
1622 4348 1953 4424 ἁγορευομὲν

2135 4364 2234 4417 [usa
2256 4363 2380 4402 rem
2402 4347 2727 4420 signiﬁcat:
2753 4348 2912 4404 velut
2930 4349 3170 4417 animal,
3196 4349 3391 4419 homo,
3417 4351 3601 4424 lapis:
3624 4369 3752 4425 quas

343 4440 438 4496 καὶ
470 4438 742 4516 λεγομένη
773 4439 911 4493 κατὰ
936 4436 1260 4515 πράγματος
1293 4440 1562 4494 ὁπωσοῦν.

2136 4436 2284 4490 tiam
2315 4435 2661 4508 simpliciter
2692 4437 3058 4508 praedicativa
3080 4438 3313 4507 dicitur,
3338 4444 3403 4496 ut
3431 4457 3560 4513 quae
3589 4442 3662 4497 de
3691 4459 3753 4498 re

2029 4530 2074 4594 Β
2105 4541 2341 4598 quoquo
2373 4525 2546 4580 modo
2575 4525 2922 4597 praedicetur
2949 4531 3007 4583 et
3040 4526 3287 4583 dicatur.

421 4616 492 4691 γ’.
524 4612 675 4686 Αὕτη
723 4613 951 4688 (τοίνυν)
1000 4616 1036 4684 ἡ
1087 4611 1279 4677 ἅπλῶς
1325 4614 1660 4690 κατηγορικὴ
1728 4612 1996 4691 λεγομένη

2182 4614 2236 4670 3.
2271 4613 2400 4669 Haec
2431 4613 2653 4686 (igitur)
2683 4630 2810 4686 quae
2843 4615 3187 4687 simpliciter
3206 4616 3576 4690 praedicativa
3603 4619 3753 4692 (vox)

348 4704 553 4783 (φωνὴ)
613 4703 648 4772 ἢ
709 4705 901 4781 μερική
963 4700 1103 4758 ἐστιν
1138 4745 1153 4771 ,
1210 4703 1245 4772 ἢ
1300 4700 1538 4767 καθόλου
1573 4744 1585 4757 .
1644 4704 1743 4757 Καὶ
1803 4723 1962 4779 μερικ

2143 4702 2350 4770 licitur,
2369 4698 2475 4757 aut
2499 4703 2865 4774 particularis
2887 4708 2994 4772 est,
3020 4710 3121 4760 aut
3142 4705 3513 4763 universalis.
3541 4708 3612 4763 Et
3632 4725 3760 4780 par-

352 4793 455 4867 μὲν
512 4788 651 4848 ἔστιν
719 4795 754 4862 ἡ
816 4791 903 4847 ἐπὶ
957 4796 1065 4847 τῶν
1138 4791 1357 4865 ἀτόμων
1412 4786 1950 4868 παραλαμϐανομὲνη

2139 4790 2376 4847 icularis
2406 4790 2641 4862 quidem
2673 4798 2780 4858 est,
2811 4809 2939 4863 quas
2964 4793 3037 4848 de
3066 4793 3384 4850 individuis
3414 4796 3756 4867 assumitur,

347 4880 480 4957 περὶ
537 4881 611 4937 ὧν
669 4879 734 4936 οὐ
792 4875 1254 4954 διαλαμϐάνουσιν
1310 4881 1367 4934 οἱ
1421 4878 1734 4958 φιλόσοφοι,
1796 4876 1886 4934 διὰ
1940 4899 1964 4933 τ

2145 4882 2186 4934 le
2212 4878 2429 4950 quibus
2458 4878 2791 4951 philosophi
2820 4896 2938 4936 non
2959 4880 3259 4937 disserunt
3279 4887 3587 4956 propterea
3605 4885 3762 4957 quod

352 4971 557 5044 ἄπειρα
587 4969 851 5046 ὑπάρχειν
883 4968 1038 5028 αὐτά.

2116 4967 2247 5039 ipsa
2288 4966 2522 5022 inﬁnita
2570 4968 2874 5023 exsistant.

430 5054 494 5112 δ’.
551 5063 613 5115 Ἡ
687 5055 745 5113 δὲ
799 5056 988 5120 ἁπλῶς
1059 5058 1394 5134 κατηγορική
1467 5054 1700 5113 καθόλου
1763 5058 1916 5134 φωνή
1975 5056 2010 5125 ἣ

2189 5056 2241 5110 4.
2276 5056 2356 5110 Ea
2408 5059 2607 5110 autem
2656 5073 2784 5128 quae
2828 5057 3178 5130 simpliciter
3220 5060 3586 5132 praedicativa
3635 5062 3764 5118 uni-

351 5143 642 5209 οὐσιωδῶς
699 5151 1077 5223 κατηγορεῖται
1137 5147 1210 5201 ὧν
1267 5151 1646 5222 κατηγορεῖται
1672 5193 1685 5217 ,
1754 5146 1789 5215 ἢ
1846 5144 1968 5199 ἐποι.

2154 5144 2358 5200 ersalis
2402 5161 2512 5199 vox
2559 5150 2666 5212 est,
2717 5151 2819 5201 aut
2864 5147 3256 5203 essentialiter
3301 5150 3650 5221 praedicatur
3697 5151 3768 5206 de

351 5232 598 5299 σιωδῶς,
2121 5233 2337 5305 quibus
2385 5233 2755 5306 praedicatur,
2805 5241 2906 5290 aut
2961 5237 3022 5291 in
3073 5238 3317 5294 modum
3357 5239 3768 5310 adjunctorum

2122 5322 2411 5378 essentiae.

446 5416 501 5470 ε’.
537 5413 634 5469 Καὶ
693 5414 738 5469 εἷ
788 5414 883 5489 μὲν
928 5411 1212 5476 οὗσιωδῶς
1259 5417 1662 5491 κατηγορεῖται,
1695 5412 1730 5481 ἢ
1777 5411 2014 5475 πολλαῖς

2191 5413 2246 5466 5.
2295 5412 2364 5467 Et
2419 5411 2709 5483 siquidem
2767 5413 3157 5471 essentialiter
3224 5417 3599 5489 praedicatur,
3668 5422 3772 5475 aut

354 5502 582 5583 φύσεσιν
616 5503 865 5579 ἁρμόζει,
898 5504 934 5573 ἢ
974 5507 1089 5577 μιᾷ.

2126 5498 2330 5555 multis
2359 5501 2586 5555 naturis
2616 5502 2909 5575 congruit,
2940 5509 3043 5558 aut
3086 5503 3202 5559 uni.

448 5594 514 5656 ς’.
544 5592 645 5647 Καὶ
693 5592 739 5647 εἰ
791 5593 884 5667 μὲν
933 5590 1173 5654 πολλαῖς
1220 5590 1436 5670 φύσεσιν
1490 5590 1738 5668 ἁρμόζει,
1770 5590 1807 5661 ἢ
1857 5589 1908 5644 ἐν
1938 5596 2019 5664 τῷ

2197 5591 2251 5645 6.
2288 5590 2386 5645 78
2433 5589 2504 5644 Et
2548 5606 2682 5645 cum
2712 5592 2950 5662 quidem
2982 5592 3184 5650 multis
3223 5595 3452 5651 naturis
3481 5596 3775 5668 congruit,

353 5681 417 5740 τί
448 5680 561 5737 ἐστι
586 5686 969 5758 κατηγορεῖται
1017 5680 1108 5736 καὶ
1154 5685 1303 5735 ποιεῖ
1346 5680 1523 5757 γένος,
1554 5681 1590 5753 ἢ
1621 5678 1673 5738 ἐν
1698 5684 1779 5754 τῷ
1826 5679 1970 5737 ὀποῖι

2162 5682 2232 5734 ut
2259 5676 2321 5734 in
2349 5677 2488 5751 quid
2517 5682 2607 5735 est
2635 5680 3006 5753 praedicatur,
3029 5686 3090 5739 et
3117 5682 3296 5740 efﬁcit
3318 5699 3507 5758 genus
3537 5703 3549 5743 :
3585 5689 3689 5742 aut
3718 5686 3779 5744 in

352 5770 418 5837 τί
447 5770 584 5849 Cm,
615 5769 706 5828 καὶ
735 5775 886 5827 ποιεῖ
907 5771 1006 5843 τὴν
1040 5766 1321 5853 διαφοράν.

2132 5766 2304 5851 quale
2334 5766 2476 5847 quid
2507 5770 2617 5836 est,
2650 5772 2708 5829 et
2735 5768 2876 5832 facit
2908 5769 3316 5834 differentiam.

658 5899 930 5971 PATIOL.
977 5900 1088 5970 Gn.
1135 5898 1370 5970 CXLII.
3425 5902 3504 5969 at
