4096 6466
448 489 568 552 747
1697 485 2117 551 NIGEPHORI
2163 487 2601 549 BLEMMIDxE
3722 484 3832 545 748

516 623 573 679 7.
603 622 700 677 Sin
731 626 927 678 autem
957 622 1059 678 uni
1098 626 1316 679 natura
1359 621 1650 694 congruit,
1682 626 1784 677 aut
1828 621 1888 676 in
1942 619 2072 693 quid

2272 620 2330 687 ζ’.
2366 619 2430 674 Εἰ
2461 615 2520 673 δὲ
2552 623 2651 691 μιᾷ
2696 618 2851 696 φύσει
2898 616 3150 692 ἁρμόζει,
3195 617 3231 685 ἢ
3259 614 3312 671 ἐν
3358 620 3440 688 τῷ
3480 615 3531 670 τί
3572 615 3682 670 im
3712 637 3831 672 κατ-

447 715 539 767 est
568 711 916 783 pradicatur
944 715 1001 767 et
1029 712 1284 784 speciem
1314 710 1486 767 facit:
1522 714 1625 767 aut
1653 710 1712 766 in
1743 710 1918 781 quale
1947 709 2088 782 quid

448 803 558 866 est,
591 802 648 856 et
687 798 827 856 facit
855 801 1158 872 proprium
1189 799 1517 856 essentiale.

515 914 570 968 8.
606 919 670 969 Et
714 914 796 971 ita
844 915 1083 988 quidem
1129 931 1192 970 se
1236 914 1410 970 habet
1448 932 1556 971 vox
1586 913 1933 970 universalis
1964 930 2089 984 qua

446 1002 836 1059 essentialiter
867 1003 1231 1076 pradicatur.
1255 1005 1389 1069 Qua
1411 1008 1609 1058 autem
1642 1005 1700 1057 in
1728 1003 1969 1058 modum
1992 1001 2091 1056 ad-

2198 713 2481 782 ηγορεῖται
2514 707 2604 761 καὶ
2646 710 2796 761 ποιεῖ
2843 706 2907 762 τὸ
2955 703 3117 767 εἶδος·
3148 702 3184 774 ἤ
3217 704 3269 759 ἐν
3313 708 3393 777 τῷ
3434 703 3622 760 ὁποῖόν
3651 703 3705 759 τί
3733 704 3833 760 ἐστι

2199 797 2289 851 καὶ
2318 801 2467 852 ποιεῖ
2493 794 2556 851 τὰ
2587 792 2842 857 οὐσιῶδες
2876 792 3036 851 ἴδιον.

2270 915 2340 983 η’.
2400 912 2500 967 Καὶ
2575 911 2718 967 οὕτω
2795 913 2889 983 μὲν
2954 912 2989 980 ἡ
3051 908 3333 972 οὐσιωδῶς
3391 908 3828 986 κατηγορουμένη

2198 1000 2434 1057 καθόλου
2485 1003 2661 1077 φωνή.
2710 1001 2771 1055 Ἠ
2819 996 2866 1054 δ’
2916 995 3264 1060 ἒπουσιωὸῶς
3310 997 3761 1073 κατηγορουμὲνη
3799 998 3830 1067 ἥ

438 1093 780 1163 junctorum
798 1092 1066 1149 essentia
1086 1092 1454 1164 pradicatur,
1470 1092 1599 1163 ipsa
1614 1108 1846 1163 quoque
1863 1095 1966 1147 aut
1987 1107 2064 1145 un

2204 1095 2301 1164 μιᾷ
2349 1091 2499 1168 φύσει
2555 1089 2782 1167 ἁρμόζει
2829 1089 2919 1143 καὶ
2971 1089 3103 1156 αὕτη
3236 1084 3492 1149 πολλαῖς.
3526 1085 3627 1141 Καὶ
3671 1086 3715 1141 εἷ
3747 1087 3830 1160 μὲν

446 1185 673 1237 natura
700 1181 989 1254 congruit,
1025 1186 1127 1237 aut
1157 1180 1383 1237 multis.
1405 1181 1475 1235 Et
1504 1181 1554 1236 si
1586 1180 1826 1252 quidem
1863 1179 1962 1236 uni
1993 1195 2092 1234 na-

443 1275 587 1325 tura
606 1270 892 1342 congruit,
918 1269 1220 1341 proprium
1248 1270 1386 1325 facit
1417 1270 1509 1340 adj
1520 1274 1760 1326 unctum
1784 1268 2049 1325 essentia
2074 1286 2087 1325 :

444 1362 673 1415 constat
694 1358 911 1431 quippe
938 1359 1011 1414 de
1037 1374 1127 1426 eo,
1150 1360 1304 1430 quod
1328 1360 1503 1415 etiam
1534 1359 1593 1413 in
1628 1357 1799 1430 quale
1830 1357 1969 1431 quid
2001 1362 2092 1413 est

444 1447 808 1520 pradicetur.
826 1448 888 1502 ln
915 1447 988 1503 iis
1007 1449 1165 1503 enim
1188 1463 1318 1519 qua
1337 1447 1606 1504 essentia
1628 1448 1904 1519 adjuncta
1927 1453 2086 1514 sunt,

443 1535 639 1610 ipsum
659 1536 801 1609 quid
822 1540 912 1593 est
934 1535 1164 1592 nullum
1189 1534 1384 1592 locum
1408 1536 1602 1592 habet.
1628 1536 1687 1591 Si
1713 1542 1910 1593 autem
1942 1535 2090 1592 mul-

442 1625 521 1681 tis
550 1625 778 1681 naturis
809 1625 1097 1698 congruit,
1128 1624 1308 1681 efﬁcit
1343 1624 1633 1681 accidens.

512 1741 567 1795 9.
595 1740 664 1795 Et
704 1740 752 1796 si
793 1739 1032 1811 quidem
1063 1740 1122 1796 in
1154 1739 1268 1796 tale
1300 1740 1441 1812 quid
1471 1746 1562 1796 est
1591 1740 1960 1813 pradicatur,
1994 1741 2085 1796 in-

441 1827 767 1901 separabile
805 1828 941 1884 facit
977 1829 1266 1885 accidens.
1297 1829 1395 1883 Sin
1445 1844 1599 1895 vero,
1633 1829 1927 1900 quomodo
1980 1827 2083 1884 ali-

440 1918 582 1990 quid
614 1934 677 1974 se
704 1917 935 1986 habeat,
968 1916 1293 1990 separabile
1325 1917 1464 1973 facit
1505 1918 1797 1974 accidens.

513 2061 598 2116 10.
648 2060 795 2116 Hinc
849 2060 1028 2133 igitur
1076 2076 1247 2116 voces
1312 2059 1672 2117 universales
1738 2059 2084 2132 simpliciter

443 2148 845 2223 pradicativa,
877 2149 996 2205 sive
1044 2149 1443 2222 significativa
1489 2150 1749 2221 quinque
1791 2149 2080 2221 colligun-

438 2241 538 2295 tur
565 2256 578 2293 :
627 2254 834 2311 genus,
867 2237 1210 2308 differentia,
1241 2238 1485 2310 species,
1518 2238 1820 2310 proprium
1849 2242 1907 2294 et
1937 2238 2081 2294 acci-

439 2325 605 2384 dens.
638 2331 706 2382 Et
733 2327 804 2382 de
848 2325 941 2383 his
971 2327 1125 2398 apud
1157 2325 1536 2399 philosophos
1568 2343 1759 2382 sermo
1791 2330 1899 2382 est.

512 2470 610 2525 79
641 2470 728 2525 11.
761 2468 957 2526 Genus
988 2469 1224 2542 quidem
1253 2469 1433 2541 igitur
1471 2468 1635 2541 prius
1677 2474 1765 2525 est
1806 2470 2079 2525 differen-

434 2557 538 2627 tia,
562 2557 702 2630 quia
729 2557 1086 2614 differentias
1115 2557 1395 2614 continet.
1420 2558 1648 2615 Etenim
1678 2557 1917 2627 animal,
1941 2574 2076 2614 cum

435 2662 622 2721 genus
653 2647 751 2719 sit,
783 2646 1067 2704 rationale
1118 2650 1176 2704 et
1220 2646 1557 2704 irrationale
1601 2647 1660 2702 in
1707 2647 1898 2720 seipso
1938 2663 2073 2703 con-

433 2735 600 2794 tinet.

508 2853 595 2925 12.
629 2850 959 2909 Diﬁ'erentia
1003 2855 1201 2908 autem
1250 2851 1523 2924 pracedit
1567 2851 1846 2923 speciem,
1888 2868 2074 2924 quan-

436 2941 748 3013 doquidem
780 2941 972 3014 specie
1011 2944 1101 2996 est
1145 2939 1547 2996 universalior.
1582 2940 1885 2997 Rationale
1914 2941 2073 2997 enim

434 3029 672 3087 homine
696 3036 785 3087 est
812 3027 1220 3086 universalius.
1242 3029 1367 3084 Non
1397 3029 1556 3086 enim
1585 3032 1656 3085 de
1686 3029 1922 3087 homine
1946 3034 2075 3085 tan-

434 3122 584 3189 tum,
613 3120 716 3176 sed
745 3120 921 3175 etiam
952 3118 1024 3174 de
1052 3117 1259 3191 angelo
1288 3118 1545 3175 effertur.

509 3298 596 3355 13.
628 3296 863 3370 Species
897 3300 1093 3353 autem
1147 3297 1419 3367 pracedit
1456 3297 1779 3370 proprium,
1811 3298 2075 3369 quando-

2205 1183 2302 1251 μιᾷ
2349 1177 2501 1254 φύσει
2552 1177 2800 1253 ἁρμόζει,
2851 1182 3000 1231 ποιεῖ
3040 1177 3104 1230 τὸ
3157 1172 3484 1238 ἑπουσιῶδες
3532 1172 3698 1230 ἴδιον·
3747 1173 3832 1245 δῆ-

2203 1266 2299 1321 λον
2344 1266 2391 1322 δ’
2438 1266 2520 1322 ὅτι
2574 1267 2663 1321 καὶ
2716 1266 2767 1321 ἐν
2816 1271 2895 1339 τῷ
2943 1265 3132 1321 ὁποῖόν
3176 1264 3229 1319 τί
3284 1263 3394 1319 ἐστι
3438 1270 3831 1341 κατηγορεῖται.

2203 1357 2322 1411 Ἐπὶ
2368 1356 2470 1433 γὰρ
2517 1360 2624 1411 τῶν
2674 1351 3021 1410 ἐπουσιωδῶν
3075 1351 3329 1427 οὐδεμίαν
3380 1354 3570 1431 χώραν
3622 1348 3736 1430 ἔχει
3777 1354 3833 1408 τὸ

2197 1444 2250 1498 τί
2297 1444 2459 1503 ἐστιν.
2510 1444 2573 1499 Et
2622 1442 2680 1500 δὲ
2726 1442 2964 1506 πολλαῖς
3014 1442 3229 1520 φύσεσιν
3280 1442 3540 1517 ἁρμόζει,
3592 1448 3740 1498 ποιεῖ
3777 1443 3833 1497 τὸ

2200 1527 2546 1606 συμϐεϐηκός
2557 1576 2569 1590 .

2265 1739 2329 1794 θ’.
2360 1738 2459 1792 Καὶ
2499 1737 2545 1791 εἰ
2596 1738 2690 1810 μὲν
2737 1736 2788 1791 ἐν
2836 1741 2915 1809 τῷ
2964 1732 3153 1792 ὁποῖόν
3191 1735 3245 1791 τί
3294 1734 3403 1791 ἔστι
3433 1739 3830 1811 κατηγορεῖται,

2192 1831 2341 1881 ποιεῖ
2367 1826 2430 1881 τὸ
2461 1826 2768 1902 ἀχώριστον
2799 1820 3166 1898 συμϐεϐηκός.
3198 1824 3262 1879 Εἰ
3296 1822 3342 1879 δ’
3373 1823 3424 1879 ἐν
3454 1828 3537 1895 τῷ
3565 1827 3687 1886 πῶς
3715 1820 3831 1898 ἕχον

2193 1914 2328 1988 ἐστὶ,
2358 1920 2508 1969 ποιεῖ
2534 1913 2597 1969 τὸ
2628 1914 2901 1991 χωριστὸν
2935 1908 3300 1988 συμϐεϐηκός.

2266 2060 2295 2112 ι’
2328 2104 2341 2115 .
2404 2057 2731 2134 Συνάγονται
2807 2057 2987 2113 τοίνυν
3055 2056 3291 2111 ἐντεῦθεν
3365 2054 3613 2119 καθόλου
3677 2052 3835 2133 φωναῖ

2188 2148 2542 2223 κατηγορικαί
2601 2145 2791 2209 ἁπλῶς
2844 2145 2969 2216 ἤτοι
3028 2145 3356 2219 σημαντικαὶ
3410 2143 3591 2199 πέντε’
3653 2142 3832 2219 γὲνος,

2190 2234 2439 2315 διαφορὰ,
2502 2234 2665 2307 εἶδος,
2726 2233 2858 2291 ἴδιον
2919 2235 3008 2290 καὶ
3068 2229 3414 2308 συμϐεϐηκός
3449 2256 3461 2267 ·
3523 2233 3666 2307 (καὶ)
3719 2233 3834 2308 περὶ

2185 2326 2392 2380 τούτων
2420 2325 2565 2401 παρᾶ
2591 2331 2707 2388 τοῖς
2740 2323 3063 2403 φιλοσόφοις
3092 2324 3121 2378 ὁ
3152 2321 3341 2398 λόγος.

2261 2471 2344 2527 ια’.
2391 2470 2462 2524 Τὸ
2512 2469 2608 2543 μὲν
2659 2466 2750 2523 οὖν
2805 2469 2960 2545 γένος
3009 2466 3322 2544 προτερεύει
3367 2472 3469 2536 τῆς
3521 2462 3786 2543 διαφορᾶς
3815 2509 3828 2535 ,

2186 2558 2267 2613 ὅτι
2324 2558 2660 2635 περιεκτικόν
2719 2557 2830 2613 ἐστι
2868 2562 2973 2613 τῶν
3029 2554 3334 2635 διαφορῶν.
3389 2557 3459 2610 Τὸ
3509 2555 3623 2631 γὰρ
3678 2558 3827 2623 ζῶον,

2184 2649 2335 2722 γένος
2389 2648 2448 2703 ’ὸν
2482 2691 2497 2717 ,
2553 2647 2796 2723 περιέχει
2873 2646 2925 2701 ἐν
2982 2646 3155 2717 ἑαυτῷ
3224 2645 3287 2700 τὸ
3345 2642 3569 2720 λογικὸν
3629 2642 3718 2697 καὶ
3769 2640 3827 2696 τὸ

2185 2735 2408 2812 ἄλογον.

2258 2854 2348 2929 ιβ’.
2406 2854 2468 2907 Ἦ
2527 2850 2759 2930 διαφορα
2814 2850 2872 2907 δὲ
2922 2850 3235 2927 πρπερεύει
3279 2853 3379 2905 τοῦ
3436 2846 3660 2921 εἴδους,
3719 2845 3823 2902 ἐπεὶ

2183 2940 2588 3018 καθολικωτὲρα
2640 2945 2737 2995 τοῦ
2794 2937 2971 3002 εἷ’δους
3026 2939 3156 2997 ἐστί.
3206 2938 3304 2993 Καὶ
3355 2939 3460 3015 γὰρ
3510 2938 3575 2993 τὸ
3614 2935 3823 3012 λογικὸν

2182 3029 2611 3105 καθολικώτερόν
2658 3029 2768 3085 ἐστι
2815 3033 2913 3085 τοῦ
2956 3028 3243 3105 ἀνθρώπου
3277 3069 3290 3081 .
3343 3028 3575 3102 Φέρεται
3620 3026 3722 3102 γὰρ
3769 3021 3825 3079 οὐ

2184 3121 2318 3175 κατὰ
2364 3124 2463 3175 τοῦ
2509 3119 2798 3196 ἀνθρώπου
2847 3118 3035 3193 μόνον,
3084 3115 3231 3172 ἀλλὰ
3273 3115 3363 3171 καὶ
3409 3116 3551 3170 κατᾶ
3597 3119 3695 3169 τοῦ
3741 3114 3825 3189 ἆγ-

2183 3206 2372 3373 ﬂ???
2399 3297 2469 3351 Τὸ
2516 3294 2574 3351 δὲ
2621 3293 2763 3359 εἶδος
2812 3293 3123 3372 προτερεύει
3170 3298 3269 3350 τοῦ
3318 3290 3478 3348 ἰδίου·
3535 3291 3724 3361 ἐπειδὴ
3767 3290 3824 3345 τὸ

437 3385 677 3461 quidem
706 3386 929 3457 species
967 3384 1204 3458 quidem
1254 3385 1539 3441 duntaxat
1588 3385 1918 3443 essentialis
1964 3392 2072 3456 est,

2197 3388 2285 3460 μὲν
2318 3383 2460 3448 εἶδος
2495 3387 2657 3459 μόνον
2690 3382 2948 3447 οὐσιῶδες
2998 3383 3130 3456 ἐστι,
3178 3383 3242 3438 τὸ
3273 3380 3332 3438 δὲ
3360 3379 3499 3437 ἴδιον
3548 3382 3642 3437 καὶ
3673 3380 3821 3436 ἐπου-

433 3475 739 3548 proprium
781 3491 914 3531 vero
957 3476 1133 3530 etiam
1170 3474 1436 3531 essentia
1464 3475 1830 3546 adjunctum.
1865 3476 2072 3531 Essen-

2197 3471 2413 3537 τιῶδες.
2458 3477 2534 3528 Τὰ
2581 3471 2818 3544 οὐσιώδη
2870 3470 2927 3528 δὲ
2974 3471 3063 3527 καὶ
3108 3467 3456 3526 ἐπουσιωδῶν
3507 3471 3819 3544 τιμιώτερα.

434 3564 594 3622 tialia
621 3568 815 3620 autem
847 3564 1140 3635 adjunctis
1178 3565 1444 3619 essentia
1494 3564 1866 3619 honoratiore
1913 3570 2072 3621 sunt.

2197 3567 2355 3618 Γαῦτα
2399 3565 2503 3639 γὰρ
2551 3562 2790 3639 παρόντα
2836 3562 2931 3636 μὶν
2991 3561 3225 3631 σώζουσι
3279 3560 3343 3615 τὸ
3402 3557 3570 3631 εἶδος,
3630 3557 3823 3613 ἀπόντα

434 3652 543 3710 Illa
561 3653 716 3709 enim
740 3669 873 3709 cum
896 3654 1113 3709 adsunt
1132 3652 1392 3725 quidem,
1420 3652 1673 3724 speciem
1695 3658 2071 3723 conservant;

2197 3649 2241 3707 Ξὶ
2289 3652 2592 3729 φθείρουσιν
2636 3646 2787 3708 αὐτό.
2834 3652 2909 3705 Τὰ
2955 3647 3013 3705 δὲ
3060 3646 3367 3719 ἐπουσιώδη
3421 3645 3548 3703 οὔτε
3595 3646 3824 3723 παρόντα

434 3758 568 3798 cum
618 3758 751 3797 vero
808 3742 1045 3810 absunt,
1086 3746 1471 3814 corrumpunt
1507 3758 1657 3797 eam.
1690 3745 1762 3797 At
1809 3743 2072 3799 essentia

2197 3742 2466 3813 τώζουσιν,
2502 3737 2626 3796 οὔτε
2677 3739 2883 3795 ἀπόντα
2934 3738 3231 3818 φθείρουσι.
3264 3737 3364 3792 Καὶ
3412 3734 3604 3799 ἄλλως
3657 3734 3714 3791 δὲ
3750 3733 3823 3790 δεῖ

434 3830 731 3901 adjuncta,
762 3845 953 3902 neque
992 3846 1126 3885 cum
1173 3830 1411 3896 adsunt,
1461 3836 1843 3897 conservant;
1884 3848 2072 3904 neque

2197 3830 2442 3906 πρότερον
2504 3829 2634 3885 εἶναι
2692 3829 2754 3884 τὸ
2813 3825 2957 3890 εἶδος
3013 3826 3103 3882 καὶ
3158 3826 3335 3889 οὕτως
3384 3845 3529 3902 εχειν
3579 3825 3645 3881 τὸ
3692 3821 3820 3879 ἴδιον

434 3935 569 3975 cum
598 3918 834 3983 absunt,
877 3923 1259 3990 corrumpunt
1311 3918 1634 3991 (speciem).
1667 3919 1735 3975 Et
1781 3937 1913 3976 vero
1960 3920 2072 3978 alio

2184 3917 2374 3975 εἴδεσιν
2408 3917 2603 3981 ἄλλοις
2632 3918 2948 3991 ἆμὲθεκτον.

432 4008 607 4065 modo
656 4006 907 4080 speciem
954 4011 1181 4080 oportet
1226 4009 1476 4079 priorem
1524 4023 1653 4065 esse
1698 4012 1757 4064 et
1805 4010 1888 4065 sic
1934 4009 2149 4068 habere
2196 4011 2498 4084 proprium
2538 4010 2696 4083 quod
2739 4008 2870 4066 aliis
2914 4007 3222 4081 speciebus
3261 4007 3340 4064 sit
3365 4004 3820 4063 incommunica-

433 4098 568 4156 bile.

504 4207 593 4261 14.
626 4203 931 4278 Proprium
963 4208 1158 4261 autem
1190 4203 1487 4261 accidente
1515 4205 1677 4277 prius
1709 4210 1797 4262 est
1830 4223 1843 4262 :
1891 4223 2074 4279 quan-

432 4294 743 4366 doquidem
767 4294 1037 4350 accidens
1055 4298 1284 4349 tantum
1305 4295 1570 4349 essentia
1595 4294 1688 4364 adj
1697 4300 1939 4350 unctum
1961 4300 2069 4367 est,

430 4385 733 4458 proprium
763 4388 957 4440 autem
1006 4388 1065 4439 et
1111 4382 1423 4439 essentiale
1465 4389 1521 4439 et
1563 4384 1829 4440 essentia
1859 4385 2070 4456 adjun-

428 4480 587 4531 ctum
618 4478 726 4531 est.

498 4565 584 4620 15.
621 4563 731 4620 Sed
772 4561 966 4636 ipsum
1014 4562 1191 4618 etiam
1247 4562 1515 4618 essentia
1558 4562 1903 4631 adjunctum
1936 4580 2069 4635 pro-

423 4652 619 4726 prium
652 4652 949 4708 accidente
977 4656 1067 4707 est
1098 4650 1459 4707 honoratius.
1486 4651 1636 4706 Illud
1661 4652 1816 4707 enim
1850 4652 2070 4708 anima-

2256 4202 2337 4260 ιδ’.
2390 4205 2463 4260 Τὸ
2521 4202 2578 4260 δὲ
2635 4202 2773 4259 ἴδιον
2831 4202 3146 4279 προτερεύει
3208 4206 3307 4257 τοῦ
3363 4195 3773 4276 συμϐεϐηκότος
3804 4217 3816 4231 ·

2181 4292 2367 4364 ἐπειδὴ
2426 4290 2489 4350 τό
2550 4295 2644 4368 μὶν
2701 4288 3048 4367 συμϐεϐηκὸς
3101 4290 3265 4365 μόνον
3316 4288 3647 4355 ὲπουσιῶδὲς
3693 4290 3817 4360 ἐστι,

2176 4385 2239 4440 τὸ
2269 4382 2327 4439 δὲ
2358 4381 2493 4439 ἴδιον
2520 4384 2609 4438 καὶ
2640 4380 2898 4445 οὐσιῶδες
2928 4381 3018 4437 καὶ
3050 4377 3397 4443 ἐπουσιῶδες.

2252 4563 2328 4620 ιε’.
2364 4560 2539 4619 Ἀλλὰ
2569 4560 2625 4617 δὲ
2655 4561 2785 4617 αὐτὸ
2828 4561 2893 4616 τὸ
2940 4557 3267 4622 ἐπουσιῶδες
3316 4557 3454 4616 ἴδιον
3494 4560 3813 4636 τιμιώτερόν

2177 4651 2286 4706 ἐστι
2354 4656 2452 4706 τοῦ
2505 4646 2914 4726 συμϐεϐηκότος
2947 4691 2960 4703 .
3018 4649 3088 4703 Τὸ
3150 4649 3243 4723 μὶν
3311 4650 3411 4726 γὰρ
3469 4652 3682 4726 ψυχική
3736 4649 3810 4711 τίς

424 4741 499 4798 lis
527 4741 793 4815 quadam
827 4739 1076 4797 facultas
1105 4739 1207 4796 80
1238 4744 1328 4796 est
1364 4756 1491 4811 qua
1523 4740 1770 4795 interius
1801 4740 2064 4797 conside-

2197 4761 2287 4795 ,στι
2343 4737 2567 4814 δύναμις
2622 4738 2773 4802 ἐντὸς
2829 4739 3177 4814 θεωρουμὲνη
3229 4737 3319 4793 καὶ
3366 4739 3428 4793 τὸ
3477 4736 3621 4802 εἶδος
3653 4759 3812 4816 χαρα-

424 4835 587 4887 ratur
626 4834 684 4887 et
725 4830 979 4902 speciem
1010 4829 1278 4903 designat
1320 4845 1424 4884 seu
1457 4834 1614 4885 certa
1642 4829 1896 4900 quadam
1933 4834 2068 4885 nota

422 4919 684 4993 insignit.
708 4919 825 4975 Soli
851 4919 1008 4975 enim
1036 4918 1248 4991 speciei
1275 4922 1331 4974 et
1353 4918 1513 4974 omni
1542 4923 1598 4973 et
1626 4934 1860 4990 semper
1878 4919 2062 4975 inest:

423 5008 580 5065 unde
606 5008 780 5064 etiam
813 5007 1186 5063 convertitur.
1219 5007 1279 5063 Si
1331 5008 1472 5078 quid
1520 5007 1675 5061 enim
1725 5006 1899 5062 homo
1949 5012 2059 5075 est,

382 5154 391 5161 ,
421 5095 644 5153 risibile
673 5102 762 5152 est
794 5113 806 5152 :
855 5103 913 5152 et
950 5095 1001 5151 si
1040 5095 1181 5167 quid
1213 5094 1435 5151 risibile
1464 5099 1572 5166 est,
1604 5094 1780 5151 homo
1811 5100 1917 5152 est.
1950 5102 2061 5151 Ac-

420 5186 622 5243 cidens
652 5191 846 5241 autem
876 5184 1237 5240 extrinsecus
1266 5186 1420 5240 circa
1461 5201 1693 5256 corpus,
1724 5191 1782 5240 et
1830 5184 1887 5239 in
1932 5185 2063 5256 ipsa

416 5275 607 5349 magis
639 5279 729 5331 est
760 5274 1086 5346 superficie,
1120 5289 1226 5329 nec
1255 5273 1431 5329 etiam
1474 5273 1584 5329 soli
1624 5272 1838 5346 speciei
1885 5273 2057 5342 inest,

413 5371 479 5423 ut
506 5382 634 5422 eam
657 5364 730 5421 ab
761 5363 893 5419 aliis
919 5362 1225 5434 speciebus
1248 5362 1559 5418 discernat.
1583 5362 1814 5418 Etenim
1836 5379 2058 5435 cygnus

411 5455 651 5530 quidem
709 5451 877 5507 albus
934 5454 1042 5517 est,
1094 5452 1194 5506 sed
1255 5467 1369 5505 non
1427 5453 1602 5507 etiam
1653 5453 2053 5507 convertitur:

408 5540 888 5618 quandoquidem
921 5556 1037 5594 non
1069 5540 1116 5594 si
1149 5539 1290 5611 quid
1320 5538 1542 5607 album,
1575 5539 1683 5595 hoc
1721 5541 1848 5611 jam
1880 5539 2053 5596 etiam

406 5651 631 5709 cygnus
678 5636 784 5688 cst.
821 5629 1004 5686 Multa
1043 5627 1197 5683 enim
1238 5634 1447 5699 prater
1476 5645 1728 5703 cygnum
1779 5629 2056 5684 animalia

405 5723 661 5782 volatilia
672 5720 1083 5795 conspeximus
1097 5717 1231 5774 alba
1244 5719 1500 5791 etmagis
1514 5720 1571 5774 in
1587 5719 1706 5774 oris
1721 5718 2052 5775 maritimis.

405 5815 517 5877 Sed
548 5819 607 5875 et
636 5814 737 5872 nix
761 5815 819 5872 et
845 5825 1098 5889 gypsum
1128 5812 1186 5868 et
1214 5805 1330 5867 alia
1359 5806 1545 5865 multa
1573 5825 1701 5882 qua
1733 5808 1866 5869 alba
1894 5812 2053 5880 sunt,

2174 4827 2521 4906 κτηρίζουσα.
2569 4829 2739 4902 Μόνῳ
2791 4827 2894 4903 γὰρ
2947 4826 3179 4903 ὑπάρχει
3225 4832 3305 4900 τῷ
3354 4824 3481 4883 εἴδει
3527 4830 3618 4883 καὶ
3666 4828 3812 4883 παντὶ

2175 4918 2265 4973 καὶ
2322 4917 2423 4972 ἀεί·
2484 4917 2601 4973 ὅθεν
2660 4916 2749 4973 καὶ
2804 4915 3155 4993 ἀντιστρέφει.
3214 4916 3311 4971 Καὶ
3369 4917 3470 4993 γὰρ
3530 4915 3584 4972 εἷ’
3621 4940 3674 4973 τι
3725 4918 3807 4971 ἄν·

2173 5008 2412 5082 θρωπος,
2468 5002 2805 5083 γελαστικόν·
2865 5005 2956 5060 καὶ
3018 5002 3070 5059 εἷ’
3111 5024 3164 5059 τι
3218 5004 3561 5080 γελαστικὸν,
3609 5004 3807 5083 ἄνθρω-

2172 5117 2295 5158 πος,
2352 5096 2422 5150 Τὸ
2480 5094 2539 5150 δὲ
2587 5089 2932 5168 συμϐεϐηκὸς
2987 5093 3137 5155 ἐκτός
3202 5093 3311 5148 ἐστι
3364 5095 3488 5170 περὶ
3533 5095 3597 5150 τὸ
3641 5099 3804 5167 σῶμα,

2172 5184 2261 5238 καὶ
2316 5184 2453 5259 πρὸς
2512 5183 2679 5253 αὐτὴν
2743 5179 2955 5255 μᾶλλον
2999 5184 3098 5251 τήν
3157 5181 3494 5260 ἐπιφάνειαν,
3549 5184 3639 5238 καὶ
3693 5179 3807 5239 οὐδὲ

2177 5272 2324 5345 μόνῳ
2380 5276 2460 5344 τῷ
2517 5269 2647 5327 εἷ’δει
2698 5268 2961 5347 ὑπάρχει,
3017 5267 3098 5324 ’i'vz
3155 5268 3458 5348 διαχωρίσῃ
3519 5270 3649 5327 αὐτὸ
3705 5275 3801 5326 τῶν

2173 5359 2357 5416 ἄλλων
2418 5357 2598 5418 εἱδῶν.
2657 5359 2754 5414 Καὶ
2810 5361 2910 5435 γὰρ
2971 5356 3163 5421 λευκὸς
3214 5359 3308 5432 μὶν
3343 5360 3371 5414 ὁ
3422 5359 3612 5423 κύκνος
3653 5359 3799 5429 ἐστὶν,

2170 5448 2232 5504 οὐ
2293 5451 2398 5523 μὴν
2461 5446 2518 5504 δὲ
2574 5449 2663 5503 καὶ
2720 5446 3068 5526 ἀντιστρέφει·
3120 5446 3338 5524 ἐπείπερ
3370 5447 3470 5503 οὐκ
3519 5446 3571 5504 εἷ’
3603 5471 3655 5504 τι
3686 5447 3799 5503 λευ-

2167 5538 2285 5605 κὸν,
2339 5541 2501 5592 τοῦτο
2549 5534 2655 5608 ἤδη
2711 5536 2801 5590 καὶ
2857 5536 3069 5599 κύκνος.
3131 5534 3325 5591 Πολλὰ
3376 5539 3480 5614 γὰρ
3525 5539 3667 5612 παρὰ
3716 5536 3798 5589 τὸν

2168 5625 2361 5682 κύκνον
2411 5626 2586 5696 πτηνᾶ
2636 5629 2745 5694 ζῶα
2790 5622 3106 5699 κατείδομεν
3158 5624 3324 5680 λευκὰ
3368 5628 3457 5681 καὶ
3515 5625 3721 5700 μᾶλλον
3751 5623 3796 5678 ἐν

2162 5722 2277 5778 τοῖς
2336 5714 2638 5791 αἰγιαλοῖς.
2690 5713 2870 5769 Ἀλλὰ
2921 5715 3010 5768 καὶ
3054 5717 3089 5783 ἡ
3150 5715 3314 5790 χιὼν,
3363 5716 3453 5770 καὶ
3503 5719 3537 5785 ἡ
3573 5714 3795 5785 τίτανος,

2165 5805 2255 5862 καὶ
2313 5802 2459 5862 ἄλλά
2512 5801 2700 5860 πολλά
2757 5801 2922 5859 λευκὰ
2978 5800 3125 5880 ὄντα,
3175 5801 3274 5860 οὐκ
3319 5802 3422 5859 εἰσί
3465 5803 3670 5864 κύκνοι.
3707 5800 3798 5857 Καί

4010 5946 4040 6333 ,
