4096 6490
260 522 374 586 749

1622 530 1965 593 ΕΡΙἸῸΜΕ
2010 530 2287 591 LOGICA
2305 577 2317 591 .

3545 539 3664 601 750

252 656 385 711 κατά
410 661 605 711 τοῦτον
638 655 730 712 οὖν
752 660 842 712 τὸν
894 656 1055 735 λόγον
1098 654 1322 722 εἰκότως
1360 660 1450 715 καὶ
1480 662 1541 715 τὸ
1572 658 1889 722 ὲπουσιῶδες

2013 664 2179 736 cygni
2207 682 2318 718 non
2365 670 2522 719 sunt.
2577 667 2643 720 Et
2683 667 2873 737 quoad
2929 666 3079 721 hanc
3134 668 3315 740 igitur
3370 671 3655 729 rationem

255 742 388 801 ἴδιον
418 745 772 821 προτέτακται
803 751 900 802 τοῦ
929 743 1364 821 συμϐεϐηκότος.

324 924 406 988 ις’,
484 924 553 978 Τὸ
639 920 696 979 δὲ
782 919 1130 998 συμϐεϐηκὸς
1207 926 1307 995 την
1387 925 1625 1002 ἐσχάτην
1704 924 1906 1003 εἷ’ληχε

250 1012 341 1083 ταξ
349 1032 411 1066 ιν.

323 1118 403 1186 ιζ’.
435 1118 505 1172 Τὸ
568 1118 660 1192 μὲν
720 1116 812 1174 οὗν
869 1119 1041 1196 γένος,
1098 1123 1134 1189 ἡ
1195 1118 1427 1199 διαφορᾶ
1479 1121 1570 1175 καὶ
1620 1121 1683 1176 τὸ
1734 1119 1901 1193 εἶδος,

249 1202 487 1276 οὐσιώδη
534 1204 765 1263 πάντοτὲ
814 1207 937 1280 εἶσι,
986 1208 1050 1263 τὸ
1082 1204 1139 1263 δὲ
1186 1203 1534 1281 συμϐεϐηκὸς
1568 1207 1900 1273 ἐπουσιῶδες

249 1292 347 1353 ἀεί.
378 1295 448 1349 Τὸ
478 1292 536 1350 δὲ
564 1316 626 1370 γε
657 1293 795 1351 ἴδιον
822 1295 1261 1377 ἐπαμφοτερίζει.

320 1475 391 1544 ιη’
425 1518 438 1531 .
492 1474 592 1530 Καὶ
642 1475 710 1531 τὰ
763 1473 951 1532 πολλά
1010 1476 1104 1550 μὲν
1177 1474 1507 1541 ἐπουσιῶδές
1563 1476 1749 1533 ἐστιν-⁸
1812 1478 1899 1533 εὑ-

245 1560 481 1639 ρίσκεται
514 1561 573 1618 δέ
617 1585 723 1619 που
766 1566 857 1620 καὶ
907 1563 1186 1628 οὐσιῶδες’
1242 1567 1357 1621 οἷον
1408 1566 1460 1621 ἐν
1506 1570 1585 1639 τῷ
1627 1567 1900 1644 ἀνθρώπῳ

246 1648 307 1704 τδ
355 1655 451 1705 νοῦ
501 1651 592 1706 καὶ
645 1652 955 1726 ἐπιστήμης
1007 1652 1270 1712 δεκτικόν.
1324 1654 1396 1708 Οὐ
1444 1655 1547 1731 γάρ
1598 1655 1706 1710 ἐστι
1736 1660 1897 1711 τοῦτο

242 1736 492 1817 διαφορά.
545 1742 690 1796 Κατᾶ
739 1737 1009 1797 πλειόνων
1059 1744 1161 1818 γὰρ
1216 1740 1393 1813 εἰδῶν,
1446 1742 1507 1798 οὐ
1555 1745 1674 1807 καθ’
1716 1744 1830 1807 ἑνὸς
1860 1746 1895 1814 ἡ

244 1824 494 1906 διαφορά.
553 1830 623 1884 Τὸ
676 1827 734 1885 δὲ
789 1835 885 1886 νοῦ
941 1830 1032 1886 καί
1088 1831 1399 1905 ἐπιστήμης
1451 1829 1690 1887 δεκτικὸν
1744 1830 1897 1895 ἰδίως

245 1915 395 1990 μόνῳ
420 1922 501 1990 τῷ
550 1919 824 1995 ἀνθρώπῳ
881 1919 1116 1997 ὑπάρχει
1151 1939 1163 1951 ·
1200 1920 1366 1993 μόνος
1412 1921 1514 1998 γὰρ
1548 1922 1576 1976 ὁ
1615 1918 1898 1997 ἅνθρωπος

2014 755 2316 824 proprium
2353 755 2529 810 etiam
2562 755 2826 811 essentia:
2857 756 3201 827 adjunctum
3225 759 3506 815 accidenti
3521 779 3659 832 pra-

2014 842 2272 912 positum
2304 848 2416 898 est.

2086 932 2173 985 16.
2206 933 2489 989 Accidens
2521 940 2717 990 autem
2749 940 3109 1005 postremum
3160 936 3424 993 ordinem
3483 941 3655 995 sorti-

2011 1023 2137 1075 tum
2171 1026 2279 1076 est.

2085 1127 2171 1181 17.
2204 1126 2375 1183 Proin
2434 1144 2620 1200 genus
2679 1128 2916 1201 quidem
2964 1131 3290 1187 diﬂ'erentia
3321 1139 3378 1188 et
3432 1135 3655 1204 species

2012 1231 2245 1287 semper
2267 1221 2407 1271 sunt
2436 1216 2802 1287 essentialia;
2835 1219 3106 1275 accidens
3134 1237 3267 1276 vero
3298 1238 3531 1295 semper
3563 1240 3653 1279 es-

2011 1303 2210 1360 sentia:
2238 1321 2252 1373 ;
2285 1305 2632 1376 adjunctum
2663 1311 2789 1362 est:
2822 1307 3125 1380 proprium
3157 1309 3406 1382 denique
3435 1312 3652 1368 utrius-

2011 1409 2125 1465 que
2156 1396 2374 1449 naturae
2396 1397 2486 1450 est
2505 1393 2819 1467 particeps.

2083 1483 2169 1538 18.
2202 1483 2271 1538 Et
2300 1483 2536 1556 quidem
2571 1488 2639 1539 ut
2675 1482 2992 1555 plurimum
3026 1486 3366 1555 adjunctum
3417 1491 3506 1543 est
3559 1505 3652 1544 es-

2010 1572 2561 1645 sentiae;reperitur
2598 1579 2793 1629 autem
2826 1573 3039 1629 alicubi
3087 1574 3261 1630 etiam
3318 1576 3646 1645 essentiale,

2009 1661 2166 1716 velut
2195 1662 2255 1716 in
2285 1662 2522 1717 homine
2575 1660 2972 1734 intelligentiae
3038 1667 3095 1718 et
3135 1662 3390 1719 scientiae
3449 1681 3636 1737 capax

2013 1749 2106 1805 81
2145 1750 2259 1805 Nec
2289 1751 2448 1805 enim
2490 1750 2596 1805 hoc
2617 1750 2941 1805 ditl'erentia
2970 1755 3075 1807 est.
3108 1750 3445 1807 Diﬁ'erentia
3475 1770 3647 1808 nam-

2009 1846 2122 1902 que
2151 1830 2223 1885 de
2251 1829 2521 1901 pluribus
2552 1830 2877 1902 speciebus,
2912 1848 3026 1886 non
3080 1833 3152 1887 de
3183 1849 3300 1886 una
3349 1833 3647 1905 (praedica-

2004 1919 2144 1989 tur).
2179 1918 2434 1991 Atqui'tb
2465 1919 2859 1991 intelligentiae
2891 1924 2949 1975 et
2977 1920 3231 1976 scientias
3277 1938 3457 1994 capax
3513 1939 3645 1995 pro-

241 2001 455 2080 δέχεται
482 2007 574 2061 τὸν
627 2006 849 2084 θύραθεν
890 2013 1015 2063 νοῦν
1059 2011 1151 2064 τὸν
1196 2008 1257 2063 ἐκ
1297 2016 1397 2078 τῆς
1452 2011 1765 2082 μαθήσεως,
1805 2009 1889 2065 καῖ

2013 2007 2131 2080 prie
2157 2006 2265 2063 soli
2296 2007 2519 2063 homini
2550 2007 2721 2063 inest.
2771 2007 2942 2064 Solus
2993 2010 3151 2064 enim
3200 2009 3374 2065 homo
3430 2009 3643 2067 intelli-

240 2094 402 2167 μόνος
426 2095 523 2158 τὰς
556 2094 864 2171 ἐπιστήμας
896 2094 1224 2153 διδάσκεται.

315 2275 397 2331 ιθ’.
454 2274 677 2350 Λέγεται
742 2271 799 2329 δὲ
847 2272 1105 2337 οὐσιῶδες
1154 2277 1289 2349 (και)
1338 2276 1401 2330 τὸ
1446 2280 1691 2330 τοιοῦτον
1742 2272 1894 2365 ἴδιον,

236 2361 322 2417 δ’τι
381 2363 473 2419 καὶ
527 2364 721 2439 ,παρὸν
792 2365 951 2433 σώζει
1006 2364 1070 2418 τὸ
1132 2362 1297 2426 εἶδος·
1360 2365 1389 2418 ὁ
1446 2366 1548 2441 γάρ
1610 2361 1897 2441 ἄνθρωπος

231 2455 395 2505 τοῦτο
438 2449 570 2506 ὅλον
616 2450 729 2508 ἐστὶ
783 2457 919 2521 ζῶον
976 2451 1222 2529 λογικὸν,
1273 2453 1493 2523 θνητὸν,
1538 2457 1635 2507 νοῦ
1665 2453 1755 2508 καὶ
1787 2453 1898 2509 ἐπι-

233 2541 456 2611 στήμης
516 2537 758 2596 δεκτικόν
795 2558 807 2570 ·
867 2540 957 2595 καὶ
1015 2540 1150 2595 ἀπὸν
1211 2541 1418 2619 φθείρει
1452 2585 1463 2598 .
1525 2540 1589 2595 Εἰ
1662 2542 1737 2613 μή
1795 2542 1897 2617 γὰρ

236 2627 475 2703 ὑπάρχει
533 2632 630 2683 νοῦ
688 2629 779 2684 καὶ
855 2628 1162 2702 ἐπιστήμης
1221 2628 1464 2685 δεκτικὸν
1499 2676 1512 2701 ,
1574 2629 1674 2684 οὐκ
1749 2626 1895 2700 ἔσταί

233 2712 552 2792 ἅνθρωπος.
603 2717 752 2772 Ἐπεὶ
803 2722 934 2793 γοῦν
981 2719 1043 2774 τὸ
1082 2723 1177 2773 νοῦ
1223 2718 1311 2774 καὶ
1357 2719 1668 2791 ὲπιστήμης
1719 2716 1893 2773 δεκτι-

229 2804 327 2858 κὸν
379 2804 471 2860 καὶ
516 2805 685 2880 παρὸν
740 2805 901 2875 σώζει
943 2807 1035 2862 τὸν
1087 2804 1392 2883 ἄνθρωπον,
1439 2807 1528 2861 καὶ
1578 2807 1712 2861 ἀπὸν
1746 2806 1894 2885 φθεί-

234 2912 314 2969 ρει
349 2939 366 2962 ,
428 2890 641 2969 λέγεται
704 2891 762 2949 δὲ
817 2896 907 2949 καὶ
970 2896 1092 2958 καθ’
1148 2894 1263 2958 ἐνὸς
1323 2892 1500 2957 εἴδους
1575 2895 1739 2968 μόνου
1796 2901 1894 2951 τοῦ

236 2980 578 3057 ἀνθρωπείου
626 2983 715 3037 καὶ
756 2981 808 3037 ἐν
859 2988 937 3055 τῷ
986 2983 1175 3038 ὁποῖόν
1226 2984 1281 3038 τί
1327 2983 1436 3039 ἐστι
1488 2990 1890 3060 κατηγορεῖται·

237 3065 330 3124 διὰ
355 3074 528 3124 ταῦτα
557 3067 818 3134 οὐσιῶδες
850 3068 987 3126 ἴδιον
1020 3068 1250 3148 εἷ’ρηται.

306 3250 375 3307 κ’.
408 3249 479 3304 Τὸ
509 3245 568 3303 δὲ
614 3245 932 3322 γελαστικὸν
978 3245 1119 3303 ἴδιον
1161 3252 1258 3303 τοῦ
1309 3248 1596 3325 ἀνθρώπου
1625 3248 1891 3305 ἐπουσιῶ-

233 3334 326 3400 δὲς
384 3335 516 3395 ἐστι.
576 3337 754 3414 Παρὸν
819 3337 913 3410 μἐν
973 3338 1077 3412 γὰρ
1137 3335 1198 3390 οὐ
1256 3337 1454 3406 σώζειο
1514 3338 1603 3393 καὶ
1664 3339 1767 3415 γὰρ
1826 3337 1888 3393 οὐ

231 3429 524 3502 χρῄζομεν
577 3431 674 3481 τοῦ
749 3424 1072 3501 γελαπικοῢ
1128 3425 1263 3498 πρὸς
1333 3423 1732 3503 συμπλήρωσιν
1784 3433 1885 3498 τῆς

228 3514 446 3593 φύσεως
503 3516 686 3588 ἡμῶν·
761 3518 858 3569 τοῦ
908 3511 966 3568 δέ
1038 3534 1099 3590 γε
1152 3517 1248 3568 νοῦ
1294 3514 1384 3568 καὶ
1435 3513 1744 3588 ἐπιστήμης
1803 3512 1887 3570 δε-

224 3608 424 3659 κτικοῦ
484 3603 766 3680 χρῄζομεν
827 3601 916 3658 διὰ
969 3604 1069 3672 τὴν
1141 3598 1329 3673 ἔξωθεν
1382 3607 1577 3678 γνῶσιν
1648 3603 1736 3658 καὶ
1792 3605 1887 3668 τὰς

224 3692 564 3765 ἐπιστήμας,
618 3692 694 3754 ὡς
750 3689 979 3766 εἴρηται·
1042 3691 1175 3746 ἀπὸν
1223 3688 1281 3745 δὲ
1326 3690 1491 3746 πάλιν
1534 3693 1597 3748 τὸ
1639 3696 1888 3747 τοιοῦτον

222 3778 565 3844 ἐπουσιῶδες
622 3778 760 3835 ἴδιον
812 3781 875 3835 οὐ
933 3780 1157 3859 φθείρει.
1216 3778 1441 3835 Δύναται
1497 3780 1600 3856 γὰρ
1656 3781 1746 3836 καὶ
1809 3781 1884 3855 μὴ

222 3868 376 3946 ἔχων
432 3872 496 3926 τὸ
544 3868 865 3946 γελαστικὸν
918 3870 948 3925 ὁ
996 3870 1277 3945 ἄνθρωπος
1328 3866 1480 3924 οὐδὲν
1531 3872 1692 3938 ἦττον
1754 3871 1885 3925 εἶναι

220 3961 537 4037 ἄνθρωπος’
592 3960 667 4033 μή
723 3956 867 4034 ἔχων
914 3955 972 4012 δὲ
1015 3958 1106 4013 καὶ
1158 3958 1221 4012 τὸ
1275 3957 1367 4011 νοῦ
1422 3958 1512 4012 καὶ
1577 3956 1884 4030 ἐπιστήμης

218 4047 477 4104 δεκτικὸν
525 4048 589 4103 οὐ
640 4045 861 4103 δύναται
907 4048 1038 4101 εἶναι
1098 4043 1404 4120 ἅνθρωπος,
1468 4048 1608 4120 μήτε
1662 4052 1885 4121 γνῶσιν,

222 4140 377 4210 μήτε
408 4136 717 4211 ἐπιστήμην
752 4133 1046 4210 δυνάμενος
1079 4131 1343 4208 δέξασθαι.

298 4403 408 4460 κα’.
472 4396 990 4476 Παραλαμϐάνονται
1074 4399 1131 4457 δὲ
1183 4401 1272 4456 καὶ
1336 4402 1404 4457 τά
1476 4397 1587 4456 ἴδια
1659 4401 1711 4456 ἐν
1766 4408 1881 4465 τοῖς

210 4493 512 4569 ὁρισμοῖς,
544 4491 1012 4567 χαρακτηριστικὰ
1034 4489 1376 4565 τυγχάνοντα
1402 4493 1509 4544 τῶν
1542 4487 1721 4548 εἶὸῶν.

308 4670 420 4746 κβ’.
452 4669 552 4725 Καὶ
585 4667 722 4724 ὅπου
760 4670 853 4743 μὲν
888 4666 1028 4724 ἔστιν
1080 4668 1336 4730 οὐσιῶδες
1384 4666 1544 4741 ἴδιον,
1574 4674 1671 4724 τοῦ
1718 4669 1878 4726 ἐπου-

2010 2094 2289 2165 gentiam,
2323 2113 2449 2168 quae
2484 2097 2805 2152 forinsecus
2829 2114 2899 2152 eu
2931 2097 3297 2154 institutione
3342 2102 3451 2164 est,
3509 2099 3650 2154 reci-

2012 2184 2115 2256 pit,
2144 2189 2201 2240 et
2232 2184 2392 2241 solus
2423 2184 2698 2240 scientias
2728 2185 2987 2241 docetur.

2081 2274 2164 2329 19.
2195 2273 2413 2329 Dicitur
2438 2278 2634 2329 autem
2663 2273 2889 2347 (etiam)
2937 2274 3048 2329 hoc
3089 2275 3389 2347 proprium
3446 2292 3645 2331 essen-

2006 2362 2141 2418 tiale
2175 2382 2187 2419 :
2221 2363 2376 2435 quod
2406 2367 2607 2417 etcum
2637 2363 2821 2431 adest,
2852 2368 3155 2418 conservat
3170 2364 3422 2434 speciem
3445 2364 3644 2431 (homo

2007 2453 2160 2505 enim
2194 2456 2403 2517 totum,
2437 2451 2544 2506 hoc
2599 2456 2690 2506 est
2742 2451 2959 2506 animal
3016 2451 3315 2523 rationale,
3373 2452 3640 2522 mortale,

2008 2539 2443 2612 intellingentim
2475 2546 2533 2596 et
2554 2540 2807 2596 scientia
2825 2544 3113 2612 capax),et
3142 2556 3275 2595 cum
3308 2544 3490 2616 abest,
3510 2558 3639 2597 eor-

2008 2629 2221 2700 rumpi.
2255 2628 2374 2683 Nisi
2407 2630 2563 2684 enim
2596 2628 2993 2700 intelligentiae
3033 2634 3089 2683 et
3144 2630 3405 2684 sciencias
3460 2647 3642 2702 capax

2009 2718 2267 2784 exsistat,
2301 2735 2414 2772 non
2445 2718 2554 2773 erit
2584 2717 2777 2773 homo.
2807 2719 3088 2783 Quoniam
3136 2718 3314 2789 igitur
3341 2717 3402 2771 τὸ
3432 2718 3640 2774 intelli-

2005 2805 2214 2875 gentiae
2244 2812 2301 2860 et
2330 2806 2588 2861 scientiaa
2619 2823 2799 2877 capax
2815 2810 2870 2861 et
2899 2823 3033 2862 cum
3090 2807 3273 2876 adest,
3335 2812 3641 2863 conservat

2004 2892 2325 2961 hominem,
2361 2898 2419 2950 et
2451 2911 2583 2950 cum
2621 2895 2804 2959 abest,
2835 2895 3178 2967 corrumpit,
3208 2897 3279 2951 de
3311 2914 3426 2951 una
3441 2900 3636 2952 autem

2004 2982 2181 3037 etiam
2215 2984 2339 3039 sola
2370 2984 2629 3038 humana
2662 2983 2853 3055 specie
2883 2984 3099 3039 dicitur
3125 2989 3180 3040 et
3208 2984 3267 3039 in
3299 2982 3469 3056 quale
3501 2984 3640 3055 quid

2003 3066 2093 3117 est
2124 3063 2517 3134 praedicatur:
2574 3068 2913 3135 prepterera
2970 3063 3280 3120 essentiale
3342 3064 3642 3136 proprium

2001 3150 2221 3206 dictum
2253 3157 2360 3208 est.

2070 3241 2159 3295 20.
2198 3240 2439 3297 Risibile
2468 3245 2664 3296 autem
2696 3240 2997 3314 proprium
3046 3241 3301 3297 hominis
3332 3245 3421 3297 est
3449 3256 3642 3297 essen-

1996 3326 2090 3383 tia:
2136 3330 2500 3401 adjunctum.
2534 3330 2677 3385 Cum
2708 3330 2864 3384 enim
2893 3332 3058 3386 adest
3078 3330 3336 3401 quidem,
3371 3347 3485 3385 non
3505 3347 3638 3385 con-

2002 3424 2193 3479 servat
2222 3417 2472 3490 speclem
2501 3419 2712 3489 (neque
2743 3416 2899 3472 enim
2932 3417 3264 3489 indigemus
3323 3416 3531 3473 risibili
3563 3419 3635 3472 ad

1999 3508 2446 3581 completionem
2480 3511 2699 3561 naturae
2732 3511 2964 3561 nostra.
2997 3508 3069 3560 At
3098 3507 3224 3576 ejus
3255 3507 3408 3576 quod
3434 3511 3521 3562 est
3541 3506 3634 3560 in-

1998 3596 2330 3670 telligentiae
2362 3601 2420 3650 et
2470 3594 2723 3649 scientiae
2776 3610 2957 3666 capax
3014 3594 3346 3665 indigemus
3404 3599 3639 3666 propter

1998 3689 2362 3745 extrincecus
2395 3682 2844 3756 (advenientem)
2876 3683 3142 3737 notitiam
3174 3687 3229 3737 et
3259 3683 3551 3749 scientias,
3576 3686 3642 3738 ut

1997 3776 2215 3832 dictum
2248 3773 2356 3844 est)
2387 3797 2401 3839 ;
2434 3772 2534 3827 82
2565 3770 2777 3825 iterum
2809 3775 3005 3825 autem
3032 3786 3164 3825 cum
3197 3772 3363 3826 abest
3380 3771 3639 3842 ejusmo-

1997 3865 2055 3919 di
2079 3863 2377 3935 proprium
2415 3858 2682 3916 essentia;
2732 3859 3096 3929 adjunctum,
3151 3875 3268 3914 non
3321 3859 3643 3930 corrumpit

1997 3952 2319 4025 (speciem).
2354 3955 2554 4005 l'otest
2582 3948 2740 4003 enim
2772 3947 2967 4015 homo,
2999 3947 3227 4003 etiamsi
3257 3964 3371 4003 non
3429 3947 3642 4004 habeat

1993 4040 2056 4094 τὸ
2087 4039 2333 4106 risibile,
2361 4036 2747 4094 nihilominus
2776 4052 2905 4091 esse
2933 4036 3128 4091 homo.
3161 4039 3229 4090 At
3261 4038 3311 4091 si
3339 4034 3400 4089 τὸ
3422 4034 3638 4092 intelli-

1993 4129 2203 4202 gentia)
2234 4133 2292 4184 et
2316 4126 2570 4183 scientiae
2619 4142 2800 4196 capax
2855 4142 2970 4179 non
3011 4124 3242 4193 habeat,
3281 4141 3396 4180 non
3445 4129 3636 4196 potest

1993 4234 2122 4275 esse
2151 4217 2422 4285 homo,ut
2449 4215 2551 4287 qui
2581 4230 2769 4286 neque
2801 4213 3069 4269 notitiam
3101 4229 3288 4286 neque
3328 4213 3630 4270 scientiam

1993 4308 2249 4379 recipere
2277 4303 2484 4378 possit.

2060 4396 2126 4449 21
2161 4395 2749 4462 Assumuuturpcrro
2779 4389 2952 4445 etiam
2986 4390 3218 4462 propria
3249 4391 3306 4444 in
3340 4389 3629 4445 definitio-

1992 4485 2168 4540 nibus
2200 4486 2265 4537 ut
2291 4498 2419 4553 qua
2452 4481 2674 4553 species
2704 4483 2860 4536 certo
2900 4477 3096 4550 aliquo
3153 4479 3487 4535 charactere
3526 4496 3629 4536 seu

1992 4581 2129 4629 nota
2149 4570 2504 4644 insigniendi
2532 4571 2649 4624 vim
2683 4568 2955 4624 habeant.

2060 4664 2149 4717 22.
2181 4664 2261 4716 Ac
2289 4659 2388 4715 ubi
2437 4658 2673 4730 quidem
2730 4655 3040 4713 essentiale
3069 4661 3158 4711 est
3206 4654 3527 4728 proprium,
3577 4656 3630 4712 ei

207 4745 468 4819 σιώδους
542 4757 889 4833 προκρίνεται
962 4757 1402 4834 (χαρακτηρίζειν
1488 4758 1588 4833 γὰρ
1669 4757 1879 4831 μᾶλλον

2013 4751 2146 4824 [uod
2168 4748 2432 4804 essentia
2446 4747 2516 4801 ad
2515 4747 2793 4817 junctum
2807 4750 2899 4800 est
2909 4745 3215 4816 praefertur
3232 4745 3443 4816 (magis
3471 4745 3629 4801 enim

208 4845 526 4919 δύναται),
580 4845 670 4900 καὶ
729 4846 807 4908 εἰς
858 4847 950 4902 τὸν
1009 4847 1233 4920 ὁρισμὸν
1291 4850 1452 4902 τοῦτο
1519 4843 1879 4923 παραλαμϐά-

200 4956 376 4991 νεται
413 4953 425 4964 ·
486 4933 667 5010 ὥσπερ
737 4933 825 4989 ἐπὶ
897 4939 993 4990 τοῦ
1046 4934 1329 5011 ἀνθρώπου
1364 4979 1377 4992 .
1436 4934 1675 5011 Λὲγομεν
1729 4936 1829 5011 γὰρ
1864 4980 1879 5005 ,

203 5023 550 5099 νΑνθρωπός
627 5023 741 5078 ἐστι
797 5027 935 5079 υῶον
997 5022 1217 5097 λογικὸν
1255 5065 1269 5091 ,
1328 5024 1520 5093 θνητὸν
1554 5070 1569 5095 ,
1630 5028 1726 5077 νοῦ
1789 5025 1878 5079 καὶ

202 5114 546 5186 ἐπιστήμης
579 5108 845 5167 δεκτικόνο
884 5111 972 5167 καὶ
1005 5111 1067 5166 οὐ
1098 5110 1327 5188 λὲγομεν
1361 5110 1697 5187 γελαστικόν.

304 5301 411 5368 κγ’.
462 5296 635 5346 Ὅπου
689 5288 748 5346 δὲ
806 5288 1065 5352 οὐσιῶδες
1116 5287 1256 5344 ἴδιον
1307 5289 1415 5366 οὐχ
1467 5289 1786 5366 εὐρίσκεται,
1817 5291 1879 5345 τὸ

199 5378 563 5443 ἐπουσιῶδες
611 5380 903 5457 εἰσάγεται,
957 5380 1033 5443 ὡς
1083 5378 1168 5433 ἐπὶ
1214 5382 1312 5434 τοῦ
1354 5376 1529 5433 ἵππου
1559 5421 1571 5434 .
1632 5378 1875 5455 Λέγομεν

194 5474 348 5552 γὰρ,
404 5472 602 5530 Ἵππος
654 5467 766 5523 ἐστὶ
836 5472 972 5537 ζῶον
1022 5466 1239 5543 ἄλογον,
1287 5469 1580 5545 τετράπουν
1615 5514 1628 5539 ,
1679 5487 1880 5544 χρεμε-

194 5557 490 5618 τιστικόν.
551 5558 648 5612 Καὶ
701 5555 811 5612 ἔστι
856 5557 920 5612 τὸ
976 5556 1386 5633 χρεμετιστικὸν
1435 5552 1570 5611 ξ’διον
1614 5556 1876 5611 ἐπουσιῶ-

197 5651 309 5712 ὂες
338 5652 446 5705 τοῦ
468 5645 666 5705 ἵππου.

296 5844 415 5907 κδ’.
447 5850 536 5903 Ἐν
600 5844 695 5923 μὶν
753 5840 845 5900 οὖν
900 5846 1017 5906 τοῖς
1077 5838 1270 5905 ἄλλοις
1329 5841 1490 5913 ζώοις
1548 5837 1877 5908 ἐπουσιῶδες

1993 4840 2214 4912 species
2245 4837 2575 4892 charactere
2598 4834 2878 4906 insignire
2901 4838 3131 4905 potest),
3163 4833 3410 4905 ideoque
3440 4833 3496 4887 in
3530 4838 3627 4889 des

1993 4928 2316 4983 finitionem
2348 4922 2668 4980 assumitur
2702 4939 2714 4976 :
2751 4922 3246 4994 quemadmodum
3279 4922 3335 4975 in
3370 4921 3626 4978 homine.

1990 5017 2247 5070 Dicimus
2270 5012 2637 5068 enim.Homo
2666 5016 2757 5067 est
2786 5010 3002 5066 animal
3033 5010 3334 5075 rationale,
3361 5012 3625 5084 mortale,

1990 5102 2387 5176 intelligentiae
2417 5105 2475 5155 et
2503 5099 2758 5155 scientiae
2797 5116 2978 5171 capax
3006 5116 3019 5153 :
3048 5115 3154 5154 nec
3194 5098 3446 5153 dicimus
3499 5100 3627 5155 risi-

1989 5193 2123 5249 bile.

2056 5282 2147 5336 23.
2180 5280 2286 5335 Ubi
2318 5284 2513 5333 autem
2547 5276 2857 5333 essentiale
2896 5276 3195 5349 proprium
3237 5294 3351 5332 non
3411 5277 3624 5349 reperi-

1988 5376 2102 5437 tur,
2136 5370 2195 5424 id
2228 5368 2381 5440 quod
2417 5367 2681 5422 essentia:
2714 5367 3057 5437 adiunctum
3091 5373 3200 5431 est,
3224 5366 3624 5437 substituitur,

1990 5467 2055 5514 ut
2085 5461 2141 5513 in
2174 5474 2345 5529 equo.
2379 5456 2639 5511 Dicimus
2667 5455 2845 5509 enim.
2883 5455 3079 5525 Equus
3108 5461 3196 5509 est
3224 5455 3438 5509 animal
3481 5454 3623 5509 irra-

1986 5546 2220 5617 tionale,
2253 5545 2609 5617 quadrupes,
2643 5543 2944 5598 hinniendi
2991 5545 3263 5598 facultate
3292 5543 3621 5613 praeditum.

1985 5637 2204 5707 Estque
2221 5633 2283 5687 τὸ
2316 5633 2621 5688 hinniendi
2654 5632 2988 5687 facultatem
3023 5632 3264 5699 habens,
3323 5630 3624 5704 proprium

1986 5725 2143 5798 quod
2173 5726 2439 5780 essentiae
2470 5722 2604 5794 equi
2639 5722 2981 5792 adjunctum
3009 5726 3116 5778 est.

2054 5832 2145 5890 24.
2181 5830 2380 5905 Itaque
2399 5829 2459 5886 in
2473 5827 2694 5887 caeteris
2707 5827 2944 5904 quidem
2958 5826 3310 5885 animalibus
3321 5826 3623 5903 proprium
