4096 6432
281 406 402 470 ’153

1644 407 1996 473 EPITOME
2041 409 2350 474 LOGICA.

357 543 606 627 speciem
625 543 1107 626 specialissimam
1126 563 1366 606 suorum
1384 542 1832 627 individuorum
1854 562 2037 622 genus
2056 563 2173 604 non
2204 565 2337 618 esse,
2370 544 2473 606 sed
2484 546 2686 607 saltem
2707 547 2972 627 speciem.
3003 578 3080 588 —
3113 542 3210 604 17.
3233 538 3663 627 Declaratindz

3583 405 3700 467 ’754

357 624 540 686 vidua
568 623 811 707 suarum
831 628 1151 707 specierum
1185 629 1432 706 itemque
1479 626 1688 707 species
1726 643 1963 684 suorum
2019 643 2298 707 generum
2330 636 2382 687 et
2441 628 2675 688 omnino
2704 623 3045 688 subaltcrna
3071 640 3285 707 genera
3326 623 3696 707 supeniorum

358 723 538 789 usque
672 701 1012 785 supremum
1041 708 1302 788 adeoque
1323 701 1538 789 omnia
1560 705 1852 789 inferiora
1877 701 2272 789 superiorum,
2294 717 2350 767 et
2374 718 2648 789 nomenet
2663 707 3057 789 deﬁnitionem
3072 701 3356 789 recipere,
3396 701 3691 789 sedsupe-

356 781 527 847 ridra
559 781 910 866 inferiorum
936 807 1054 848 non
1089 781 1246 848 item.
1268 821 1347 868 7—
1373 788 1469 846 18.
1497 781 1734 868 Species
1764 787 1898 868 item
1932 781 2087 844 inter
2112 805 2171 845 se
2188 788 2441 868 invicem
2473 781 3151 868 collatasnequenomine
3179 781 3361 864 neque
3399 781 3694 863 deﬁnitio-

357 885 430 927 ne
450 865 902 929 communicare.
921 903 998 912 —
1017 871 1113 930 19.
1151 867 1276 930 Sed
1293 865 1614 928 communis
1631 866 1860 945 generis
1872 874 1925 925 et
1940 884 2144 925 nomen
2157 865 2558 948 deﬁnitionem
2591 887 2672 929 ex
2700 865 2872 949 aequo
2897 868 3184 945 accipere.

920 1209 1172 1263 ΚΕΦΑΛ.
1219 1210 1276 1260 Ρ.

384 1295 515 1371 Περὶ
544 1295 736 1370 γένους
768 1295 857 1350 καὶ
891 1292 1092 1366 εἷ’δους,
1125 1294 1176 1349 ἐν
1209 1295 1254 1367 ᾧ
1282 1294 1372 1348 καὶ
1405 1294 1530 1370 περὶ
1560 1294 1821 1370 σχέσεως.

347 1387 414 1442 α’.
461 1386 535 1441 Τὰ
588 1385 965 1458 σημαινόμενα
1013 1389 1110 1439 τοῦ
1165 1384 1351 1460 γένους
1407 1385 1637 1458 ὑπάρχει
1678 1380 1926 1458 διάφορα.

275 1474 434 1537 Γένος
492 1473 596 1549 γὰρ
673 1473 888 1549 λέγεται
964 1473 1054 1528 καὶ
1110 1475 1144 1542 ἡ
1206 1471 1430 1527 ἑκάστου
1503 1474 1603 1540 τῆς
1671 1471 1930 1546 γενέσεως

274 1562 452 1638 ἀρχὴ,
503 1560 609 1617 εἴτε
647 1561 753 1616 άπὸ
798 1565 896 1616 τοῦ
954 1559 1222 1630 τεκόντος,
1275 1557 1381 1614 εἶτε
1424 1560 1528 1614 ἀπὸ
1583 1566 1682 1626 τῆς
1738 1558 1927 1631 πατρί-

276 1649 394 1714 δος’
456 1652 561 1706 άπὸ
617 1653 712 1725 μὲν
761 1655 857 1705 τοῦ
903 1649 1178 1720 τεκόντος,
1225 1650 1302 1711 ὡς
1352 1647 1474 1703 ὅταν
1533 1644 1789 1719 εἷ’πωμεν,
1836 1647 1926 1701 τὸν

277 1738 484 1795 Ἰούδαν
546 1740 606 1794 ἐκ
654 1744 750 1794 τοῦ
809 1736 1028 1813 Ἰσραὴλ
1117 1736 1261 1814 ἔχειν
1316 1737 1380 1792 τὸ
1421 1736 1575 1812 γένος
1632 1736 1666 1804 ἢ
1727 1734 1784 1789 ἐκ
1832 1741 1928 1790 τοῦ

277 1824 550 1906 ’Δϐραάμ.
582 1829 718 1884 Ἀπὸ
771 1826 828 1883 δὲ
872 1835 974 1898 τῆς
1017 1825 1298 1904 πατρίδος,
1350 1826 1425 1888 ὡς
1499 1824 1624 1880 ὅταν
1675 1822 1922 1900 λέγωμεν

275 1920 369 1974 τὸν
433 1919 644 1975 Παῦλον
702 1917 914 1994 Ταρσέα
970 1917 1102 1972 εἶναι
1158 1917 1222 1972 τὸ
1275 1915 1446 1992 γένος.
1481 1917 1626 1971 Ἐκεῖ
1673 1913 1765 1986 μὲν
1825 1915 1924 1990 γὰρ

273 2011 338 2066 τὸ
395 2009 548 2086 γένος
596 2005 768 2062 εἷίτουν
820 2010 855 2076 ἡ
907 2007 1056 2083 ἁρχὴ
1120 2013 1222 2076 τῆς
1278 2005 1535 2081 γενέσεως
1592 2003 1620 2057 ὸ
1678 1997 1928 2077 ’Δϐραὰμ

277 2101 366 2156 καὶ
419 2100 448 2154 ὁ
490 2095 734 2173 Ἰσραὴλ,
796 2096 1014 2152 ἐνταῦθα
1071 2093 1128 2150 δὲ
1183 2092 1346 2150 πάλιν
1421 2095 1576 2170 γένος
1632 2093 1722 2147 καὶ
1779 2093 1924 2167 ἀρχὴ

277 2187 541 2265 γενέσεως
590 2191 626 2257 ἡ
683 2186 910 2262 Ταρσός.
970 2187 1133 2254 Διττη
1187 2185 1365 2240 τοίνυν
1424 2186 1458 2253 ἡ
1516 2190 1615 2252 τῆς
1669 2182 1928 2257 γενέσεως

278 2279 452 2354 ἀρχὴ,
486 2279 684 2356 φυσική
741 2297 800 2331 τε
852 2276 942 2330 καὶ
988 2277 1211 2344 τοπικήο
1264 2274 1462 2351 φυσικὴ
1517 2271 1610 2345 μὲν
1659 2274 1694 2340 ἡ
1745 2269 1805 2326 ἐκ
1831 2274 1928 2325 τοῦ

276 2367 552 2438 τεκόντος,
583 2365 784 2434 τοπική
821 2362 878 2420 δὲ
908 2367 944 2434 ἡ
976 2363 1036 2418 ἐκ
1060 2371 1162 2433 τῆς
1191 2362 1474 2439 πατρίδος.

354 2457 421 2532 β’.
456 2457 682 2530 Λέγεται
739 2455 892 2530 γένος
956 2454 1046 2507 καὶ
1105 2453 1234 2508 αὐτὸ
1279 2451 1343 2506 τὸ
1398 2450 1610 2520 πλῆθος
1654 2453 1761 2504 τῶν
1825 2449 1930 2503 ἀπὸ

1955 1214 2012 1270 Α

2689 1207 2927 1264 CAPUT
2967 1207 3034 1263 X.

2250 1296 2322 1351 De
2349 1312 2550 1365 genere
2578 1301 2630 1352 et
2655 1299 2849 1368 specie,
2880 1299 2976 1352 ubi
3003 1299 3175 1353 etiam
3202 1296 3267 1354 de
3295 1298 3472 1352 schesi

2114 1385 2162 1438 1.
2197 1385 2535 1457 Signiﬁcata
2566 1387 2794 1458 generis
2845 1387 3077 1441 diversa
3103 1391 3261 1442 sunt.
3297 1387 3494 1443 Genus
3525 1385 3681 1442 enim

2040 1472 2260 1528 dicitur
2311 1474 2488 1530 etiam
2538 1475 2927 1548 generationis
2956 1477 3242 1547 cujusque
3304 1475 3680 1547 principium.

2040 1561 2159 1617 sive
2189 1563 2262 1618 ab
2295 1580 2360 1619 eo
2393 1564 2491 1635 qui
2523 1565 2747 1637 genuit,
2780 1564 2899 1620 sive
2930 1582 2963 1620 a
2991 1564 3196 1638 patria.
3230 1565 3314 1620 Ab
3345 1581 3412 1620 eo
3445 1563 3681 1636 quidem

2038 1651 2139 1721 qui
2169 1653 2391 1723 genuit.
2419 1659 2484 1708 ut
2503 1670 2634 1709 cum
2658 1653 2998 1723 dixerimus,
3021 1654 3238 1710 Judam
3260 1653 3471 1708 habere
3491 1669 3680 1724 genus

2037 1756 2105 1794 ex
2135 1739 2308 1796 Israel
2344 1746 2445 1796 aut
2493 1759 2560 1797 ex
2589 1743 2906 1798 Abraham.
2954 1744 3000 1797 A
3031 1742 3218 1813 patria
3263 1758 3417 1809 vero,
3451 1747 3516 1796 ut
3543 1757 3677 1798 cum

2038 1829 2290 1885 dicimus
2309 1829 2554 1886 Paulum
2577 1848 2786 1903 genere
2808 1832 3154 1886 Tarsensem
3173 1847 3320 1886 esse.
3343 1831 3568 1886 Etenim
3595 1830 3676 1885 ibi

2036 1918 2271 1989 quidem
2318 1936 2503 1992 genus
2551 1922 2670 1976 sive
2727 1919 3119 1992 generationis
3174 1920 3528 1992 principium
3585 1925 3676 1976 est

2034 2007 2324 2063 Abraham
2358 2013 2414 2064 et
2445 2009 2641 2076 Israel,
2677 2008 2768 2064 hic
2815 2012 3009 2065 autem
3056 2026 3293 2065 rursum
3327 2010 3546 2066 Tarsus
3576 2026 3672 2083 ge-

2035 2112 2148 2151 nus
2177 2101 2235 2151 et
2265 2097 2618 2169 principium
2666 2097 3060 2170 generationis
3106 2101 3213 2154 est.
3246 2098 3468 2171 Duplex
3495 2098 3677 2171 igitur

2035 2186 2428 2256 generationis
2467 2191 2556 2242 est
2603 2187 2980 2259 principium,
3031 2186 3299 2242 naturale
3345 2191 3402 2242 et
3458 2187 3676 2256 locale;

2036 2274 2304 2330 naturale
2333 2276 2570 2347 quidem
2620 2277 2775 2348 quod
2825 2294 2860 2332 a
2913 2276 3192 2348 genitore,
3241 2275 3422 2332 locale
3459 2277 3614 2348 quod
3645 2294 3680 2332 a

2037 2364 2226 2434 patria
2257 2369 2364 2419 est.

2108 2454 2162 2506 2.
2200 2453 2423 2508 Dicitur
2451 2470 2638 2526 genus
2657 2455 2835 2510 etiam
2862 2454 2988 2526 ipsa
3009 2453 3325 2510 multitudo
3346 2469 3548 2510 eorum
3578 2455 3681 2526 qui

283 2551 410 2618 μιᾶς
481 2545 682 2620 ἀρχῆς,
739 2544 872 2606 καθὸ
950 2543 1190 2619 σχέσεως
1266 2539 1452 2617 ἔχουσι
1527 2539 1664 2616 πρός
1722 2559 1780 2592 τε
1832 2539 1926 2606 τὴν

2051 2541 2112 2596 ab
2146 2557 2260 2595 uno
2307 2547 2444 2596 sunt
2502 2542 2812 2614 principio,
2861 2546 3151 2613 quatenus
3201 2547 3258 2597 et
3301 2543 3371 2598 ad
3422 2542 3680 2615 primum

279 2635 509 2711 πρώτην
547 2633 726 2709 ἀρχὴν
783 2630 872 2686 καὶ
919 2632 1054 2706 πρὸς
1110 2628 1394 2700 ἀλλήλους
1445 2627 1658 2688 αὐτούς·
1692 2627 1766 2688 ὡς
1807 2624 1929 2680 ὅταν

280 2722 535 2796 λέγωμεν
589 2722 652 2776 τὸ
700 2720 855 2795 γένος
904 2724 1012 2774 τῶν
1059 2717 1355 2775 Ἰουδαίων.
1408 2717 1505 2772 Καὶ
1552 2717 1652 2792 γὰρ
1698 2717 1748 2768 οἱ
1798 2716 1931 2769 Ἰου-

282 2809 432 2866 δαῖοι
491 2808 676 2885 σχέσιν
726 2807 913 2884 ἔχουσι
965 2808 1055 2863 καὶ
1107 2808 1243 2883 πρὸς
1307 2808 1407 2875 τήν
1467 2806 1690 2882 πρώτην
1752 2803 1929 2880 ἀρχὴν

277 2907 380 2969 τῆς
437 2899 720 2974 γενέσεως,
751 2897 924 2974 ἤγουν
954 2898 1047 2953 τὸν
1104 2887 1330 2966 Ἰούδαν,
1363 2895 1413 2968 ἐξ
1473 2895 1534 2950 οὗ
1585 2891 1930 2969 κατάγονται,

277 2990 370 3044 καὶ
400 2990 537 3065 πρὸς
569 2985 854 3058 ἀλλήλους
881 2988 982 3056 τὴν
1009 2993 1110 3056 τῆς
1142 2985 1468 3062 συγγενείας.

348 3079 421 3154 γ’.
453 3074 796 3148 Ἐκλήθησαν
831 3074 889 3131 δὲ
915 3077 1150 3153 πρώτως
1195 3075 1285 3130 καὶ
1334 3071 1534 3148 κυρίως
1592 3073 1643 3126 οἱ
1677 3068 1929 3126 Ἰουδαῖοι

279 3169 332 3223 οἱ
386 3167 445 3222 ἐκ
487 3171 586 3222 τοῦ
627 3163 806 3221 Ἰούδα
853 3166 989 3220 κατὰ
1035 3165 1319 3238 ἀποτομὴν
1366 3167 1472 3218 τῶν
1520 3162 1623 3216 άπὸ
1669 3164 1776 3214 τῶν
1830 3156 1928 3216 ἄλ-

278 3255 396 3312 λων
455 3253 809 3328 κεκλημένων
867 3259 1059 3329 γενῶν,
1108 3251 1277 3328 ἤγουν
1336 3255 1442 3305 τῶν
1512 3253 1774 3317 Λευϊτῶν,
1821 3253 1928 3302 τῶν

274 3349 639 3418 Βενιαμιτῶν,
669 3344 758 3398 καὶ
815 3348 920 3398 τῶν
955 3341 1163 3398 λοιπῶν
1217 3339 1422 3420 φυλῶνο
1473 3338 1692 3414 ὕστερον
1735 3334 1792 3391 δὲ
1841 3338 1930 3390 καὶ

273 3437 340 3492 τὸ
393 3435 530 3490 ἅπαν
590 3431 740 3498 ἔθνος
795 3437 901 3487 τῶν
971 3427 1234 3508 Ἐϐραίων
1301 3426 1555 3485 Ἰουδαῖοι
1625 3423 1930 3498 κατονομά-

281 3531 463 3594 ζονται
514 3520 604 3577 διὰ
648 3523 711 3577 τὸ
755 3527 854 3591 τῆς
902 3519 1078 3577 Ἰούδα
1117 3519 1296 3599 φυλῆς
1345 3517 1614 3590 ἐπίσημον
1654 3515 1744 3570 καὶ
1779 3515 1931 3590 βασι-

277 3612 310 3667 λ
323 3611 437 3668 ικόν
448 3655 462 3668 .

353 3699 420 3759 δ’.
454 3698 678 3762 ’Δλλως
737 3698 795 3755 δὲ
852 3699 1067 3775 λέγεναι
1125 3693 1300 3775 γένος,
1353 3699 1398 3769 ᾦ
1458 3696 1807 3750 ὑποτάσσεται
1865 3691 1930 3745 τὸ

280 3789 447 3863 εἶδος,
500 3791 620 3853 καθ’
650 3789 953 3863 ὁμοιότητα
1005 3793 1111 3843 τῶν
1166 3785 1468 3860 εἰρημένων
1526 3788 1718 3858 γενῶν.
1753 3781 1926 3856 Ἀρχή

269 3901 330 3935 τε
375 3879 476 3956 γάρ
528 3878 638 3934 ἐστι
694 3880 756 3933 τὸ
803 3881 1050 3933 τοιοῦτον
1104 3876 1252 3952 γένος
1311 3879 1418 3929 τῶν
1481 3874 1564 3950 ὑφ’
1613 3871 1791 3942 ἑαυτὸ,
1839 3866 1929 3924 καὶ

273 3967 522 4044 περιέχει
555 3967 644 4022 καὶ
674 3973 776 4022 πᾶν
806 3965 868 4021 τὸ
893 3964 1110 4036 πλῆθος
1137 3969 1243 4020 τῶν
1276 3963 1366 4018 ὐπ’
1396 3961 1544 4018 αὐτό.

351 4147 409 4202 ε’.
443 4149 659 4222 Τριχῶς
685 4141 775 4199 οὖν
807 4148 903 4198 του
929 4144 1116 4219 γένους
1148 4141 1466 4216 λεγομένου,
1499 4141 1622 4217 περὶ
1652 4143 1748 4195 τοῦ
1804 4139 1923 4216 τρί-

274 4257 380 4291 του
449 4240 566 4296 τοῖς
624 4230 947 4311 φιλοσόφοις
1003 4233 1031 4285 ὁ
1090 4230 1252 4306 λόγος
1310 4231 1339 4285 ’ὀ
1387 4229 1477 4284 καὶ
1529 4230 1926 4306 ὑπογράφοντες

276 4324 523 4399 λέγουσι⁸
588 4323 742 4383 Γένος
800 4322 910 4376 ἐστὶ
966 4321 1029 4375 τὸ
1079 4319 1215 4374 κατὰ
1282 4317 1551 4373 πλειόνων
1621 4318 1710 4372 καὶ
1769 4314 1924 4395 διαφ-

278 4413 489 4489 ρόντων
524 4415 604 4484 τῷ
636 4407 764 4466 εἷ’δει
796 4409 848 4464 ἐν
879 4414 958 4481 τῷ
984 4409 1037 4464 τί
1069 4408 1181 4464 ἐστι
1216 4406 1710 4484 κατηγορούμενον.

352 4503 418 4565 ς’.
453 4501 554 4555 Καὶ
603 4501 665 4554 τὸ
713 4497 855 4561 εἶδος
903 4497 961 4553 δὲ
999 4498 1108 4574 οὐχ
1151 4495 1206 4552 ἓν
1253 4519 1304 4552 τι
1339 4495 1522 4566 δηλοῖ·
1558 4495 1768 4572 λέγεται
1824 4497 1925 4572 γάρ

274 4590 344 4646 τὸ
396 4588 537 4652 εἶδος
578 4587 668 4643 καὶ
726 4587 812 4643 ἐπὶ
843 4595 940 4658 τῆς
990 4588 1214 4642 ἑκάστου
1239 4593 1476 4662 μορφῆς,
1508 4586 1642 4649 καθὸ
1700 4583 1929 4661 λέγομεν

272 4675 504 4740 εὐειδεῖς
582 4677 898 4753 ἀνθρώπους
973 4675 1061 4732 καὶ
1137 4672 1416 4737 δνσειδεῖς’
1469 4675 1582 4729 οἷον
1647 4675 1675 4728 ὁ
1734 4673 1926 4750 Νιρεὺς

273 4765 515 4838 εὐειδὴς,
552 4766 580 4820 ὁ
629 4765 888 4842 Θερσίτης
939 4761 996 4820 δὲ
1043 4761 1311 4835 δνσειδής.
1359 4763 1458 4818 Καὶ
1513 4763 1574 4818 τὸ
1634 4760 1773 4824 εἶδος
1831 4768 1928 4816 τοῦ

272 4852 600 4930 ἀνδριάντος
630 4851 858 4911 τοιόνδε.

356 4945 416 5012 ζ’.
449 4941 679 5017 Λέγεται
711 4939 854 5004 εἶδος
884 4939 973 4996 καὶ
1015 4940 1079 4996 τὸ
1125 4939 1456 5013 τασσόμενον
1509 4939 1611 4994 ὑπὸ
1650 4941 1714 4994 τὸ
1770 4940 1928 5014 γένος

273 5033 371 5090 καὶ
430 5031 490 5087 οὗ
551 5036 928 5107 κατηγορεῖται
981 5031 1045 5084 τὸ
1102 5030 1256 5105 γένος
1301 5029 1353 5084 ἐν
1401 5033 1479 5101 τῷ
1521 5029 1572 5083 τί
1618 5030 1747 5085 ἐστι.
1799 5025 1928 5101 Περὶ

268 5119 476 5177 τούτου
505 5126 625 5181 τοῖς
651 5118 974 5197 φιλοσόφοις
1007 5120 1034 5173 ὁ
1067 5117 1251 5194 λόγος.

355 5211 426 5279 η’.
457 5207 610 5264 Ἐπεί
643 5206 699 5263 δὲ
730 5209 784 5263 εὸ
813 5208 962 5284 γένος
995 5205 1342 5270 ἀποδιδόντες
1372 5211 1470 5262 τοῦ
1527 5204 1704 5270 εἷ’δους
1761 5206 1928 5280 ἐμνή-

2047 2629 2398 2702 principium
2431 2639 2487 2686 et
2535 2631 2607 2686 ad
2657 2648 2719 2686 se
2766 2631 3012 2687 invicem
3066 2633 3161 2687 87
3199 2631 3428 2687 schesin
3460 2649 3562 2688 seu
3593 2649 3681 2688 re-

2042 2722 2306 2790 spectum
2355 2718 2612 2775 habent:
2669 2724 2735 2775 ut
2765 2736 2898 2775 cum
2955 2736 3139 2791 genus
3167 2720 3504 2776 Judeeorum
3534 2719 3682 2776 dici-

2043 2823 2198 2874 mus,
2228 2807 2412 2862 Judaei
2445 2809 2602 2864 enim
2633 2813 2689 2864 et
2719 2809 2792 2864 ad
2822 2809 3080 2880 primum
3111 2808 3464 2881 principium
3492 2814 3677 2876 ortus,

2042 2913 2251 2968 nempe
2276 2897 2307 2952 J
2316 2899 2516 2963 udam,
2543 2916 2576 2954 a
2599 2914 2712 2969 quo
2735 2899 3106 2954 deducuntur
3130 2918 3146 2967 ς
3173 2903 3229 2954 et
3254 2898 3325 2954 ad
3349 2915 3410 2954 se
3429 2897 3678 2956 invicem

2042 2985 2274 3042 schesin
2307 2985 2544 3053 habent,
2593 3004 2722 3042 eam
2757 3005 2883 3060 quae
2915 2988 2974 3042 in
3013 2987 3359 3060 cognatione
3387 2987 3674 3044 consistit.

2111 3076 2164 3129 3.
2199 3075 2479 3130 Caeterum
2513 3075 2702 3148 primo
2731 3081 2789 3131 et
2827 3076 3057 3149 preprie
3083 3075 3272 3132 Judaei
3301 3076 3486 3132 vocati
3516 3081 3674 3146 sunt,

2042 3163 2141 3235 qui
2163 3179 2232 3218 ex
2250 3163 2280 3219 J
2289 3166 2403 3221 uda
2423 3169 2583 3235 sunt,
2607 3169 2672 3220 ut
2693 3167 3141 3238 sejungerentur
3161 3183 3195 3220 a
3213 3165 3526 3238 generibus
3548 3183 3676 3238 qum

2041 3253 2113 3308 ab
2145 3253 2274 3310 aliis
2306 3253 2679 3310 denominata
2725 3259 2882 3321 sunt,
2913 3271 2946 3309 a
2976 3253 3206 3318 Levitis,
3248 3253 3677 3328 Benjaminitis,

2040 3345 2097 3396 et
2125 3345 2348 3398 caeteris
2405 3344 2678 3399 tribulus.
2735 3343 2948 3398 Deinde
2998 3359 3132 3398 vero
3179 3341 3356 3398 etiam
3407 3342 3680 3399 universa

2040 3448 2182 3504 gens
2215 3433 2584 3488 Hebraeorum
2615 3431 2797 3488 Judaei
2829 3431 3222 3504 cognominati
3252 3435 3409 3498 sunt,
3444 3435 3681 3504 propter

2039 3529 2230 3585 tribus
2259 3529 2291 3585 J
2298 3529 2412 3584 uda
2441 3529 2836 3586 celebritatem
2867 3533 2925 3585 et
2954 3529 3320 3602 dignitatem.

2109 3709 2163 3761 4.
2197 3706 2322 3762 Alio
2355 3712 2550 3762 autem
2584 3708 2758 3762 modo
2780 3707 2995 3763 dicitur
3017 3723 3222 3780 genus,
3246 3707 3340 3762 cui
3369 3707 3678 3779 subjicitur

2042 3795 2438 3867 species,forte
2450 3797 2776 3851 secundum
2795 3795 3239 3851 similitudinem
3253 3812 3532 3869 generum
3545 3812 3674 3868 qua:

2039 3884 2199 3940 dicta
2219 3889 2377 3940 sunt.
2409 3884 2710 3955 Ejusmodi
2737 3885 2893 3940 enim
2923 3900 3112 3956 genus
3131 3889 3190 3940 et
3213 3885 3565 3956 principium
3586 3892 3676 3942 est

2039 3989 2242 4028 eorum
2275 3989 2406 4046 quas
2426 3974 2536 4028 sub
2567 3990 2630 4029 se
2651 3977 2808 4041 sunt,
2831 3977 2889 4028 et
2909 3973 3240 4029 universam
3271 3972 3449 4029 etiam
3482 3973 3677 4030 multi-

2032 4061 2299 4117 tudinem
2331 4063 2590 4118 continet
2619 4078 2821 4118 eorum
2852 4079 2978 4134 quae
3009 4062 3118 4118 sub
3145 4062 3273 4134 ipso
3299 4065 3456 4118 sunt.

2103 4153 2159 4206 5.
2191 4154 2334 4206 Cum
2383 4150 2562 4224 igitur
2611 4166 2796 4223 genus
2845 4150 3035 4206 tribus
3088 4149 3279 4205 modis
3324 4149 3572 4221 dicatur,
3603 4151 3675 4206 de

2034 4241 2205 4298 tertio
2237 4241 2388 4310 apud
2449 4239 2826 4311 philosophos
2882 4255 3073 4295 sermo
3130 4242 3238 4309 est,
3296 4239 3452 4309 quod
3495 4237 3673 4296 etiam

2035 4329 2432 4384 describentes
2463 4329 2702 4384 dicunt:
2737 4327 2934 4383 Genus
2964 4331 3053 4382 est
3094 4327 3250 4398 quod
3283 4326 3352 4380 de
3386 4326 3588 4382 multis
3619 4332 3678 4382 et

2033 4416 2434 4472 differentibus
2463 4416 2653 4488 specie
2685 4415 2740 4470 in
2774 4415 2912 4486 quid
2945 4418 3033 4470 est
3062 4415 3429 4486 praedicatur.

2106 4508 2158 4558 6.
2193 4506 2263 4560 Et
2284 4519 2420 4560 vero
2438 4503 2614 4559 etiam
2630 4503 2855 4576 species
2881 4519 2996 4558 non
3019 4518 3204 4557 unum
3231 4502 3450 4573 aliquid
3483 4501 3673 4559 decla-

2037 4598 2146 4648 rat.
2182 4593 2408 4649 Etenim
2452 4593 2674 4664 species
2707 4592 2883 4647 etiam
2912 4592 2984 4647 de
3031 4592 3316 4662 cujusque
3361 4591 3444 4647 rei
3489 4593 3676 4648 forma

2037 4682 2273 4752 dicitur,
2326 4686 2614 4752 quatenus
2662 4681 2946 4736 formosos
2984 4683 3040 4734 et
3085 4679 3373 4734 deformes
3403 4678 3673 4736 homines

2037 4770 2310 4834 dicimus,
2339 4767 2516 4823 Veluti
2537 4768 2743 4823 Nireus
2764 4767 2865 4823 88
2893 4767 3204 4834 formosus,
3229 4765 3554 4822 Thersister
3573 4784 3672 4823 au-

2037 4863 2152 4914 tem
2186 4856 2502 4913 deformis:
2538 4860 2594 4911 et
2623 4857 2810 4911 forma
2837 4859 3064 4924 statuae,
3093 4853 3209 4910 tale
3249 4851 3386 4926 quid
3419 4858 3526 4912 est.

2106 4947 2160 4998 7.
2196 4945 2418 5000 Dicitur
2447 4943 2671 4998 soecies
2717 4943 2892 4999 etiam
2938 4943 3093 5014 quod
3125 4943 3235 4999 sub
3265 4957 3476 5014 genere
3503 4943 3675 5001 collo-

2039 5040 2205 5089 catur
2235 5039 2292 5088 et
2322 5033 2394 5088 de
2423 5049 2538 5104 quo
2586 5049 2770 5105 genus
2801 5032 2861 5086 in
2891 5033 3031 5103 quid
3079 5037 3169 5088 est
3195 5033 3565 5104 praedicatur.
3597 5038 3677 5090 De

2039 5124 2149 5178 hoc
2182 5121 2548 5194 philosophis
2577 5137 2768 5176 sermo
2798 5125 2908 5176 est.

2109 5212 2162 5266 8.
2225 5210 2510 5276 Quoniam
2569 5214 2764 5264 autem
2821 5225 3007 5281 genus
3064 5210 3405 5267 deﬁnientes
3463 5211 3680 5283 speciei

273 5307 513 5372 σθημεν,
549 5296 809 5360 εἰπόντες·
845 5298 1004 5358 Γένος
1059 5295 1168 5350 ἐστὶ
1218 5297 1282 5351 τὸ
1330 5298 1465 5351 κατά
1513 5295 1781 5351 πλειόνων
1840 5299 1926 5351 καὶ

2051 5298 2400 5356 mentionem
2423 5297 2687 5364 fecimus,
2715 5314 2848 5353 cum
2872 5297 3128 5354 diximus
3152 5318 3165 5369 ;
3190 5300 3386 5356 Genus
3407 5305 3496 5356 est
3524 5300 3681 5372 quod

275 5387 647 5466 διαφερόντων
693 5391 771 5458 τῷ
814 5382 942 5440 εἴδει
997 5385 1048 5440 ἐν
1096 5389 1174 5457 τῷ
1236 5384 1288 5439 τί
1345 5384 1455 5440 ἐστι
1511 5383 1922 5460 κατηγορούμε-

271 5499 393 5548 νον,
433 5476 524 5530 καὶ
577 5475 640 5529 τὸ
695 5471 835 5536 εἶδος
893 5475 1318 5552 ὑπογράφοντες,
1367 5473 1456 5528 καὶ
1509 5473 1630 5547 περί
1684 5478 1782 5528 τοῦ
1836 5474 1922 5550 γέ-

270 5574 405 5628 νους
462 5559 928 5637 διαλαμϐάνομεν·
977 5560 1134 5625 Είδός
1185 5562 1316 5636 ἐστι,
1367 5561 1640 5637 λέγοντες,
1686 5564 1748 5618 τὸ
1796 5585 1920 5618 τασ-

268 5652 506 5727 σόμενον
562 5649 668 5707 ὑπὸ
710 5653 772 5707 τὸ
817 5651 971 5728 γένος
1016 5651 1103 5705 καὶ
1153 5651 1214 5705 οὗ
1263 5657 1646 5726 κατηγορεῖται
1673 5653 1736 5707 τὸ
1768 5651 1924 5727 γένος

269 5745 328 5800 έν
380 5745 462 5816 τῷ
490 5741 544 5798 τί
604 5733 733 5797 ἔστι·
789 5742 901 5817 χρή
960 5738 1263 5817 γιδώσκειν,
1316 5739 1398 5794 δτι
1445 5736 1680 5816 καθάπερ
1737 5741 1788 5796 ἐν
1845 5749 1924 5815 τῷ

2033 5391 2105 5446 de
2136 5388 2404 5460 pluribus
2427 5392 2484 5442 et
2500 5385 2902 5442 differentibus
2925 5385 2983 5441 in
3017 5388 3172 5458 quod
3196 5392 3285 5443 est
3308 5388 3677 5460 predicatur,

2033 5476 2405 5550 speciemque
2435 5474 2829 5530 describentes
2877 5475 3054 5531 etiam
3087 5476 3157 5531 de
3196 5492 3406 5549 genere
3437 5476 3677 5533 disseri-

2034 5584 2166 5622 mus
2200 5583 2212 5634 ;
2248 5564 2546 5620 dicentes:
2592 5563 2824 5634 Species
2871 5570 2960 5620 est
2988 5582 3116 5637 quae
3170 5565 3280 5621 sub
3310 5582 3519 5639 genere
3549 5583 3675 5622 co.-

2033 5655 2275 5719 locatur,
2309 5658 2366 5708 et
2395 5654 2466 5707 de
2495 5669 2610 5724 qua
2639 5669 2824 5725 genus
2855 5653 2912 5707 in
2965 5653 3104 5725 quid
3157 5657 3245 5710 est
3284 5653 3668 5726 praedicatur;

2034 5743 2337 5800 sciendum
2368 5746 2457 5798 est
2483 5739 2636 5812 quod
2669 5743 3163 5813 quemadmodum
3219 5759 3278 5797 1n
3309 5743 3570 5799 oratione
3599 5743 3671 5798 de
