4096 6468
397 373 514 432 755

1649 373 1696 432 Ν
1706 369 2072 433 ICEPHORI
2114 367 2552 431 BLEMMIDIE

3679 363 3798 426 756

395 510 562 577 patre
589 505 764 562 etiam
811 504 967 562 ﬁlius
1013 504 1315 562 inducitur
1361 511 1418 561 et
1461 505 1718 561 viclssim
1768 510 1934 576 pater
1970 506 2029 560 in

2188 498 2268 575 ερὶ
2322 503 2418 555 τοῦ
2469 499 2671 575 πατρὸς
2732 496 2886 574 λόγῳ
2940 495 3032 554 καί
3061 496 3090 553 6
3121 496 3237 561 υἱὸς
3295 495 3681 572 συνεισάγεται,
3710 496 3799 549 καὶ

397 595 657 650 oratione
688 596 757 650 de
788 594 904 650 filio
936 595 1124 667 (pater
1154 596 1306 651 enim
1349 602 1438 650 est
1488 599 1585 667 qui
1620 596 1806 650 lilium
1839 597 2036 665 habet,

398 688 456 739 et
507 683 665 739 ﬁlius
708 683 805 755 qui
857 688 1077 755 patrem
1128 683 1346 753 habet),
1398 687 1601 742 eodem
1646 687 1819 741 modo
1863 685 2038 740 etiam

403 774 463 829 in
486 774 743 830 oratione
773 774 844 829 de
874 790 1082 846 genere
1114 775 1290 831 etiam
1327 777 1570 847 species,
1601 782 1658 832 et
1687 778 1745 832 in
1779 776 2041 831 oratione

404 863 476 918 de
504 863 694 935 specie
726 878 911 934 genus
965 862 1231 918 infertur.
1277 864 1472 920 Genus
1511 865 1666 920 enim
1711 865 1921 936 speciei
1953 868 2044 919 est

404 968 610 1026 genus,
642 956 698 1006 et
728 952 953 1024 species
982 954 1211 1023 generis
1235 958 1325 1008 est
1346 954 1568 1026 species
1612 950 1861 1009 'Scbesin
1886 952 2041 1009 enim

403 1041 474 1096 ad
509 1057 572 1096 se
601 1040 850 1096 invicem
883 1041 1210 1097 naturalem
1243 1042 1481 1098 habent.

472 1149 525 1203 9.
558 1149 818 1212 Quatuor
846 1152 1040 1203 autem
1073 1148 1261 1204 modis
1292 1149 1514 1205 schesis
1544 1150 1795 1205 dicitur:
1831 1154 1931 1205 aut
1961 1167 2046 1206 se-

406 1236 666 1292 cundum
698 1242 902 1302 artem,
932 1241 995 1292 ut
1015 1239 1279 1310 magistri
1312 1238 1685 1310 etdiscipuli,
1707 1243 1809 1293 aut
1838 1256 2047 1294 secun-

408 1327 546 1382 dum
583 1327 897 1392 fortunam,
932 1332 994 1381 ut
1025 1328 1243 1382 domini
1288 1332 1344 1382 et
1374 1328 1543 1393 servi,
1596 1334 1697 1384 aut
1722 1329 2045 1383 secundum

409 1416 773 1479 electionem,
807 1422 872 1471 ut
917 1416 1087 1471 amici
1141 1418 1211 1471 ad
1265 1417 1542 1488 amicum,
1573 1423 1677 1472 aut
1727 1417 2049 1473 secundum

413 1509 707 1574 naturam,
742 1511 806 1559 ut
836 1506 1017 1577 patris
1046 1511 1105 1561 et
1136 1505 1261 1573 filii,
1294 1512 1350 1562 et
1379 1508 1607 1578 generis
1639 1524 1703 1562 ac
1743 1507 1977 1577 speciei.

492 1595 575 1648 10.
602 1594 701 1649 89
725 1595 1225 1658 Quemadmodum
1254 1595 1410 1650 enim
1440 1596 1606 1650 Pater
1624 1595 1727 1650 lilii
1747 1601 2051 1662 estcausa,

422 1683 579 1739 [ilius
608 1688 803 1738 autem
834 1684 905 1750 (si
939 1683 1020 1738 ita
1050 1683 1220 1739 liceat
1271 1684 1453 1756 loqui)
1480 1691 1756 1741 causatus
1785 1702 1889 1741 seu
1920 1685 2052 1740 effe-

419 1778 550 1829 ctus
578 1789 593 1840 ;
627 1772 710 1828 sic
736 1773 910 1827 etiam
942 1788 1153 1844 genera
1176 1775 1542 1845 propriarum
1569 1775 1893 1847 specierum
1926 1791 2058 1830 cau-

418 1880 516 1932 sae,
549 1863 773 1934 species
803 1866 995 1916 autem
1028 1872 1267 1917 causata
1298 1879 1399 1917 seu
1432 1865 1637 1919 effecta
1666 1869 1822 1918 sunt.

490 1951 576 2006 11.
609 1951 1112 2017 Quemadmodum
1137 1955 1332 2006 autem
1359 1952 1587 2023 primus
1618 1953 1815 2019 homo,
1849 1969 2057 2025 nempe

415 2038 623 2106 Adam,
674 2044 839 2110 pater
888 2039 1125 2110 quidem
1175 2038 1408 2107 dicitur,
1442 2047 1678 2113 propter
1718 2042 1871 2114 quod
1907 2040 2056 2097 ﬁlios

421 2127 663 2195 habuit;
699 2127 856 2183 filius
882 2132 1079 2183 autem
1112 2145 1226 2182 non
1254 2129 1491 2200 dicitur,
1524 2145 1655 2184 cum
1690 2135 1913 2202 patrem
1941 2147 2056 2185 non

419 2216 693 2272 habuerit
716 2233 729 2271 :
754 2216 891 2271 Abel
917 2233 1051 2271 vero
1075 2216 1230 2272 ﬁlius
1253 2218 1487 2289 quidem
1511 2219 2059 2292 dicitur,pr0pterea

423 2306 578 2377 quod
610 2323 643 2360 a
663 2310 825 2377 patre
851 2306 1036 2361 Adam
1086 2309 1319 2377 genitus
1351 2312 1479 2375 est;
1525 2313 1687 2379 pater
1715 2314 1910 2364 autem
1943 2326 2057 2364 non

424 2394 641 2449 dicitur
670 2395 1143 2467 quandoquidem
1168 2394 1353 2450 tilium
1388 2413 1502 2451 non
1533 2396 1774 2469 genuit;
1802 2398 1937 2453 Seth
1962 2399 2060 2455 de-

427 2485 604 2555 nique
634 2489 690 2538 et
738 2489 900 2555 pater
947 2483 1163 2539 dicitur
1207 2489 1265 2539 et
1310 2484 1504 2552 ﬁlius;
1538 2491 1704 2558 pater
1730 2487 1966 2558 quidem
1998 2492 2064 2543 ut

426 2573 524 2644 qui
556 2572 743 2627 ﬁlium
796 2574 1099 2644 genuerit;
1156 2573 1312 2629 ﬁlius
1368 2591 1500 2629 vero
1550 2581 1612 2629 ut
1670 2575 1771 2647 qui
1802 2592 1871 2631 ex
1902 2581 2062 2648 patre

420 2662 603 2717 Adam
638 2662 714 2717 sit
758 2660 1026 2732 genitus:
1061 2661 1143 2716 ita
1174 2678 1315 2717 sane
1367 2662 1540 2718 etiam
1574 2663 1632 2718 in
1664 2665 1975 2737 generibus
2007 2671 2066 2720 et

426 2750 729 2822 speciebus
759 2748 1190 2820 deprehendere
1221 2750 1275 2804 id
1310 2749 1461 2805 licet.

498 2841 583 2893 12.
605 2839 755 2894 Sunt
774 2838 928 2893 enim
958 2838 1148 2909 prima
1168 2840 1432 2909 quaedam
1457 2844 1515 2894 et
1532 2857 1808 2912 suprema
1832 2859 2061 2911 genera,

427 2945 554 2999 qua?
584 2944 763 2999 supra
792 2943 855 2982 se
884 2926 1039 2982 aliud
1073 2943 1257 2998 genus
1288 2945 1404 2982 non
1434 2927 1671 2984 habent.
1705 2929 1834 2985 Haec
1863 2948 2067 2987 vocan-

427 3023 526 3072 tur
571 3016 1034 3087 generalissima.
1086 3016 1282 3072 Genus
1332 3016 1489 3071 enim
1533 3018 2066 3088 generalissimum,

432 3106 586 3178 quod
619 3122 752 3159 cum
785 3121 969 3176 genus
996 3104 1075 3159 sit
1104 3121 1219 3159 non
1242 3105 1594 3176 estspecies,
1620 3111 1676 3161 et
1705 3124 1884 3178 supra
1913 3110 2065 3180 quod

433 3194 591 3251 aliud
624 3193 856 3265 aliquod
889 3194 1307 3249 transcendens
1338 3209 1523 3266 genus
1552 3212 1666 3249 non
1700 3196 1889 3251 fuerit.
1924 3198 2072 3253 Sunt

2149 589 2178 643 6
2226 590 2405 665 πατὴρ
2455 588 2618 643 πάλιν
2679 586 2730 643 έν
2790 592 2869 659 τῷ
2925 587 3050 664 περὶ
3101 591 3199 642 τοῦ
3259 587 3403 658 υἱοῦ,
3463 585 3649 659 πατὴρ
3704 583 3800 661 γάρ

2149 676 2289 731 ἐστιν
2337 678 2365 730 6
2413 673 2581 753 ἔχων,
2613 677 2751 747 υἱὸν,
2797 676 2886 731 καὶ
2918 677 2945 730 6
2987 676 3105 738 υἱὸς
3153 677 3181 731 6
3230 670 3376 751 ἔχων
3424 673 3653 749 πατέρα’
3712 673 3797 727 τὸν

2150 765 2309 820 αὐτὸν
2335 765 2536 840 τρόπον
2565 765 2660 819 κάν
2688 769 2768 836 τῷ
2795 764 2921 841 περὶ
2969 765 3157 841 γένους
3217 761 3372 838 λόγῳ
3421 761 3510 817 καὶ
3568 763 3634 816 τὸ
3665 759 3801 823 εἶδος

2153 853 2474 932 εἰσφέρεται,
2534 853 2628 908 κᾶν
2687 857 2768 925 τῷ
2817 852 2942 929 περὶ
3002 850 3178 915 εἴδους
3233 852 3298 907 τὸ
3352 850 3523 928 γένος.
3582 850 3655 904 Τὸ
3703 850 3802 925 γὰρ

2152 941 2305 1016 γένος
2349 939 2523 1004 εἴδους
2571 941 2682 997 ἐστὶ
2729 942 2907 1016 γένος,
2960 941 3050 996 καὶ
3106 940 3169 995 τὸ
3224 939 3367 1002 εἶδος
3416 940 3614 1015 γένους
3674 937 3807 993 ἐστὶν

2155 1028 2319 1093 εἶδος.
2356 1029 2553 1107 Σχέσιν
2586 1031 2691 1106 γὰρ
2723 1026 2912 1105 ἔχουσι
2943 1029 3082 1102 πρὸς
3112 1026 3336 1100 ἄλληλα
3375 1030 3631 1107 φυσικήν.

2227 1138 2290 1194 θ’.
2341 1138 2563 1212 Λέγεται
2619 1135 2677 1191 δὲ
2735 1139 2770 1206 ἡ
2830 1137 3015 1212 σχέσις
3078 1139 3379 1211 τετραχῶς·
3442 1134 3477 1202 ἢ
3529 1133 3671 1188 κατὰ
3725 1132 3806 1188 τέ-

2156 1245 2315 1301 χνην,
2404 1225 2584 1301 ὥσπερ
2669 1222 2997 1280 διδασκάλου
3079 1224 3167 1279 καὶ
3256 1226 3521 1297 μαθητοῦ“
3586 1221 3624 1290 ἢ
3684 1222 3812 1276 κατὰ

2155 1312 2353 1388 τύχην,
2385 1314 2461 1376 ὡς
2520 1310 2780 1368 δεσπότου
2827 1312 2916 1367 καὶ
2959 1310 3181 1367 δούλου·
3215 1313 3251 1380 ἢ
3283 1312 3420 1366 κατὰ
3475 1309 3810 1385 προαίρεσιν,

2159 1402 2234 1464 ὡς
2284 1402 2446 1479 φίλου
2492 1402 2630 1478 πρὸς
2678 1401 2860 1480 φίλον·
2895 1403 2929 1471 ἢ
2961 1403 3098 1456 κατὰ
3129 1401 3308 1478 φύσιν,
3339 1400 3415 1462 ὡς
3469 1400 3680 1474 πατρὸς
3729 1398 3814 1452 καὶ

2161 1492 2303 1563 υἱοῦ,
2334 1491 2424 1546 καὶ
2453 1491 2635 1566 γένους
2666 1492 2758 1545 καὶ
2792 1488 2992 1552 εἶ’δους.

2241 1581 2290 1638 ι’.
2323 1584 2525 1655 ’Ὠσπερ
2573 1581 2674 1655 γὰρ
2707 1581 2736 1634 6
2766 1580 2945 1655 πατὴρ
2994 1573 3164 1639 αἴτιός
3224 1577 3333 1633 ἐστι
3379 1581 3477 1631 τοῦ
3526 1577 3674 1643 υἱοῦ,
3701 1576 3729 1629 6
3761 1572 3813 1629 δὲ

2163 1669 2279 1731 υἱὸς
2319 1667 2576 1730 αἰτιατός’
2625 1668 2769 1723 οὕτω
2814 1668 2905 1722 καὶ
2946 1667 3014 1721 τὰ
3057 1666 3186 1743 γένη
3233 1671 3341 1721 τῶν
3389 1664 3610 1721 οἰκείων
3664 1661 3812 1719 εἱδῶν

2164 1755 2309 1812 αἴτιά
2339 1757 2463 1827 εἱσι,
2492 1756 2560 1811 τὰ
2589 1753 2647 1811 δὲ
2678 1753 2795 1826 εἶ’δη
2829 1754 3059 1811 αἰτιατά.

2237 1937 2322 1990 ια’.
2354 1937 2555 2011 Ὥσπερ
2605 1931 2664 1988 δὲ
2692 1935 2721 1988 6
2750 1936 2968 2007 πρῶτος
3020 1929 3321 2007 ἅνθρωπος,
3350 1929 3520 2007 ἤγουν
3555 1931 3585 1985 6
3622 1927 3817 2002 ’Δδὰμ,

2164 2025 2344 2099 πατὴρ
2395 2024 2489 2096 μὲν
2543 2021 2777 2099 λέγεται,
2830 2018 2967 2076 διότι
3036 2016 3193 2096 ἔσχεν
3244 2019 3416 2082 υἱούς·
3470 2020 3589 2080 υἱὸς
3652 2014 3709 2071 δὲ
3759 2016 3817 2071 οὐ

2168 2111 2375 2188 λέγεται
2405 2110 2609 2186 πατέρα
2643 2112 2718 2184 μὴ
2752 2110 2925 2186 σχών·
2978 2111 3006 2164 ὁ
3053 2106 3112 2164 δὲ
3161 2103 3335 2164 Ἀϐελ
3394 2108 3512 2169 υἱὸς
3575 2106 3671 2179 μὶν
3732 2104 3817 2161 λέ-

2165 2221 2335 2277 γεται,
2378 2198 2517 2256 διότι
2546 2199 2860 2277 γεγέννηται
2906 2198 3054 2274 παρᾶ
3093 2199 3297 2275 πατρὸς
3352 2200 3450 2251 τοῦ
3503 2192 3707 2267 Ἀδάμ·
3760 2193 3818 2247 οὗ

2170 2286 2383 2364 λέγεται
2426 2286 2483 2343 δὲ
2512 2290 2713 2364 πατὴρ,
2748 2286 2965 2364 ἐπείπερ
3015 2287 3130 2340 υἱὸν
3181 2284 3281 2340 οὐκ
3322 2284 3626 2360 ἐγέννησεν⁵
3687 2284 3716 2338 6
3767 2279 3821 2337 δέ

2167 2380 2270 2454 (γε)
2328 2379 2443 2446 Σὴθ
2502 2377 2590 2432 καὶ
2649 2378 2829 2452 πατὴρ
2879 2374 3090 2452 λέγεται
3143 2374 3234 2429 καὶ
3289 2375 3424 2446 υἱὸς,
3486 2373 3672 2447 πατὴρ
3732 2371 3818 2445 μὶν

2170 2468 2244 2528 ὡς
2289 2468 2549 2542 γεννήσας
2601 2466 2715 2521 υἱὸν
2764 2466 2855 2520 τὸν
2911 2465 3099 2536 Ἐσὼς,
3132 2464 3248 2525 υἱὸς
3309 2459 3491 2536 δὶ,ώς
3548 2461 3819 2536 γεννηθεὶς

2169 2555 2230 2610 ὲκ
2284 2559 2381 2610 τοῦ
2437 2555 2643 2629 πατρὸς
2695 2558 2793 2609 τοῦ
2848 2550 3043 2625 ’Δδάμ·
3096 2552 3240 2607 οὕτω
3299 2548 3367 2621 δὴ
3424 2550 3515 2606 καὶ
3575 2549 3666 2605 ἐπὶ
3721 2553 3819 2604 τῶν

2171 2648 2342 2720 γενῶν
2374 2646 2464 2698 καὶ
2491 2648 2599 2698 τῶν
2633 2640 2790 2698 εἱδῶν
2822 2640 2963 2698 ἔστιν
2997 2641 3189 2718 εὑρεῖν.

2249 2825 2339 2900 ιβ’.
2373 2822 2488 2879 Εἱσί
2548 2824 2653 2899 γάρ
2709 2841 2831 2877 τινα
2885 2821 3013 2897 γένη
3072 2821 3353 2897 πρώτιστα
3408 2817 3501 2873 καὶ
3562 2819 3820 2888 ἀνώτατα,

2179 2915 2256 2987 μὴ
2319 2912 2518 2989 ἔχοντα
2566 2910 2745 2966 ἐπάνω
2804 2909 2979 2966 αὐτῶν
3030 2905 3216 2986 ἕτερον
3272 2906 3448 2983 γένος·
3509 2910 3681 2961 ταῦτα
3734 2924 3821 2960 κα-

2177 3000 2397 3057 λοῦνται
2457 3001 2792 3075 γενικώτατα
2876 2999 3029 3074 γένη.
3090 2997 3449 3053 Γενικώτατον
3510 2995 3617 3071 γὰρ
3677 2994 3824 3070 γένος

2179 3090 2345 3161 ἐστὶν,
2378 3091 2407 3145 ’ὀ
2457 3090 2613 3165 γένος
2644 3089 2702 3144 ’ὀν
2737 3087 2837 3143 οὐκ
2865 3084 3004 3142 ἔστιν
3057 3083 3220 3155 εἶδος,
3248 3085 3337 3140 καὶ
3387 3084 3521 3159 ὑπὲρ
3554 3084 3584 3138 '6
3620 3081 3719 3138 οὐκ
3771 3080 3826 3135 ἂν

2180 3176 2262 3250 εἵη
2316 3176 2457 3233 ἄλλο
2504 3199 2555 3232 τι
2604 3171 3007 3246 έπαναϐεϐηκὸς
3060 3175 3235 3252 γένος.
3287 3172 3407 3229 Εἰσὶ
3466 3170 3527 3227 δὲ
3573 3171 3665 3226 καί
3719 3170 3827 3224 τὶνα

433 3289 626 3344 autem
660 3246 836 3340 etiam
882 3283 1102 3355 species
1151 3246 1414 3354 quaadajm
1466 3282 1685 3338 ultimae
1724 3290 1779 3339 et
1808 3286 2063 3358 infinitae,

2184 3265 2299 3337 εἷ’δη
2335 3266 2536 3343 ἔσχατα
2563 3265 2651 3321 καί
2690 3266 2990 3335 κατώτατα,
3029 3264 3105 3337 μή
3152 3261 3351 3339 ἔχοντα
3395 3258 3557 3338 ἕτερα
3608 3257 3747 3330 εἴδη,
3778 3257 3825 3328 ἐξ

435 3393 559 3446 quin
590 3374 733 3428 alias
765 3372 985 3443 species
1026 3389 1136 3425 non
1187 3372 1427 3439 habent,
1478 3388 1603 3443 quae
1653 3389 1721 3428 ex
1750 3373 1893 3445 ipsis
1922 3374 2070 3432 divi-

434 3464 667 3518 dantur.
701 3461 795 3516 l-Iae
836 3465 1118 3515 vocantur
1166 3460 1388 3532 species
1437 3460 1894 3533 specialissimae.
1929 3464 2071 3536 Spe-

433 3552 550 3607 cies
580 3552 682 3606 90
712 3548 1135 3620 specialissima
1155 3553 1262 3615 est,
1288 3566 1415 3621 quae
1439 3567 1571 3605 cum
1596 3551 1819 3622 species
1852 3552 1928 3607 sit
1958 3570 2073 3609 non

432 3645 523 3696 est
551 3655 773 3710 genus:
808 3642 865 3691 et
912 3653 1088 3707 quam
1141 3654 1273 3692 cum
1328 3638 1550 3710 species
1600 3639 1697 3709 sit,
1748 3640 1805 3695 in
1848 3643 2073 3712 species

433 3726 687 3798 amplius
716 3724 971 3781 dividere
1003 3742 1116 3780 non
1150 3742 1502 3796 possumus:
1550 3727 1651 3799 (et)
1684 3746 1810 3798 quas
1843 3730 1913 3784 de
1944 3729 2073 3801 plu-

434 3814 600 3869 ribus
629 3830 694 3868 ac
725 3812 1123 3869 differentibus
1174 3830 1417 3869 numero
1463 3815 1523 3869 in
1575 3816 1714 3887 quid
1747 3821 1837 3872 est
1866 3818 2072 3889 praedi-

436 3907 619 3959 catur.
654 3902 804 3956 Sunt
834 3906 1025 3956 autem
1059 3901 1277 3973 (etiam)
1316 3902 1430 3957 alia
1458 3908 1850 3960 extremorum
1883 3907 2077 3963 media

438 4008 565 4062 quae
597 3989 797 4044 eadem
832 3989 1053 4059 species
1073 3995 1211 4044 sunt
1239 3996 1293 4045 et
1324 4007 1575 4063 genera;
1601 3995 2071 4051 antecedentium

440 4079 675 4151 quidem
709 4078 950 4149 species.
986 4081 1461 4151 consequentium
1493 4088 1689 4137 autem
1720 4099 1952 4155 genera.

512 4169 599 4222 13.
624 4167 909 4221 Dicuntur
932 4183 1060 4221 vero
1083 4167 1204 4222 hinc
1228 4170 1438 4233 media,
1462 4185 1673 4239 genera
1696 4170 2032 4228 subalterna
2060 4191 2074 4241 ;

442 4273 556 4311 non
608 4257 760 4328 quod
812 4256 882 4310 de
940 4257 1198 4326 quolibet
1255 4258 1557 4327 quodlibet
1604 4260 1897 4329 efferatur,
1922 4262 2077 4331 ejus-

439 4346 689 4416 demque
718 4344 871 4399 idem
923 4345 999 4399 sit
1047 4352 1103 4399 et
1139 4362 1324 4417 genus
1370 4351 1426 4401 et
1473 4348 1734 4418 species;
1789 4350 1889 4403 sed
1921 4351 2075 4420 quod

437 4450 621 4506 genus
652 4435 762 4489 sub
794 4434 905 4489 alio
923 4451 1130 4507 genere
1153 4435 1337 4500 ﬁniat,
1362 4442 1419 4491 et
1449 4453 1654 4492 rursus
1682 4437 1787 4493 hoc
1811 4439 1921 4492 sub
1943 4438 2074 4509 alio,

436 4539 502 4578 ac
533 4523 685 4578 inter
717 4539 779 4578 se
834 4522 1077 4578 invicem
1128 4540 1438 4580 commune
1491 4524 1763 4595 habeant,
1810 4532 1873 4580 ut
1903 4526 2074 4581 veluti

437 4611 659 4683 species
689 4612 1104 4682 subjiciantur,
1138 4614 1407 4683 quamvis
1439 4614 1557 4669 sint
1585 4631 1818 4687 genera.

510 4720 594 4772 14.
630 4718 821 4774 Veluti
846 4719 1180 4774 substantia
1208 4720 1463 4792 primum
1494 4725 1550 4774 et
1572 4721 2079 4793 generalissimum

438 4812 524 4862 est
552 4824 757 4879 genus.
791 4808 906 4862 Sub
937 4808 1291 4874 substantia,
1339 4825 1570 4878 corpus.
1603 4809 1897 4865 Dividitur
1926 4811 2081 4866 enim

440 4895 771 4951 substantia
803 4896 861 4950 in
894 4913 1105 4967 corpus
1138 4902 1194 4952 et
1230 4897 1657 4969 incorporeum.
1693 4898 1814 4954 Sub
1844 4913 2082 4971 corpore

441 4984 766 5038 animatum
817 5002 1049 5055 corpus.
1100 4985 1326 5042 Rursus
1356 4986 1466 5041 sub
1498 4986 1607 5041 hoc
1637 4987 1896 5043 sentiens
1926 5005 1939 5055 ;
1973 4988 2081 5043 sub

440 5089 555 5143 quo
587 5071 842 5126 animal:
878 5075 988 5128 sub
1011 5073 1251 5129 animali
1274 5092 1427 5135 vero.
1451 5075 1667 5130 animal
1694 5076 1915 5131 ratione
1945 5093 2085 5147 prae-

437 5161 649 5227 ditum,
683 5162 793 5216 sub
825 5178 938 5232 quo
971 5163 1195 5220 Petrus.
1223 5164 1462 5230 Paulus,
1495 5168 1550 5218 et
1581 5163 1791 5236 reliqui
1826 5165 2080 5236 particu—

434 5248 587 5305 lares
617 5250 907 5317 homines,
938 5252 1039 5321 qui
1087 5269 1291 5306 omnes
1333 5253 1633 5307 individua
1678 5253 2077 5308 nominantur.

430 5339 772 5395 Substantia
804 5339 1038 5410 quidem
1071 5341 1248 5412 igitur
1276 5357 1464 5413 genus
1485 5348 1596 5407 est,
1621 5347 1685 5396 ut
1714 5342 1935 5397 dictum
1968 5349 2080 5407 est,

429 5427 964 5501 generalissimum,
989 5430 1143 5500 quod
1171 5446 1280 5484 non
1304 5430 1518 5486 habeat
1533 5429 1689 5486 aliud
1714 5448 1899 5505 genus
1923 5432 2077 5504 quod

431 5518 619 5589 ipsam
653 5518 1073 5573 transcendant
1103 5535 1116 5572 :
1151 5519 1324 5573 homo
1369 5520 1465 5574 91
1503 5526 1699 5575 autem
1734 5520 1960 5591 species
1991 5525 2083 5576 est

434 5607 882 5680 specialissima,
903 5608 1056 5679 quod
1083 5606 1256 5663 aliam
1286 5609 1536 5680 speciem
1561 5625 1690 5681 qua:
1723 5609 1874 5664 infra
1895 5625 1957 5664 se
1988 5610 2083 5663 de-

434 5700 694 5764 scendat,
730 5714 841 5753 non
875 5697 1107 5763 habeat,
1140 5713 1267 5768 quae
1316 5714 1484 5768 porro
1515 5699 1709 5753 media
1739 5705 1878 5754 sunt
1929 5699 2082 5754 inter

2181 3357 2355 3412 αὐτῶν
2426 3353 2797 3430 διαιρούμενα.
2854 3358 3029 3409 Ταῦτα
3104 3352 3427 3425 ὀνομάζεται
3514 3347 3828 3405 εἶδικώτατα

2183 3443 2323 3516 εἷ’δη.
2399 3442 2760 3501 Εἶδικώτατον
2818 3443 2919 3519 γὰρ
2976 3439 3118 3504 εἶδός
3178 3440 3340 3511 ἐστιν,
3381 3439 3517 3516 ὅπερ
3576 3436 3717 3500 εἶδος
3773 3436 3827 3491 ὃν

2183 3534 2283 3590 οὐκ
2338 3533 2445 3589 ἔστι
2502 3533 2679 3608 γένος·
2711 3532 2801 3587 καὶ
2852 3533 2882 3587 ’ὀ
2931 3528 3073 3593 εἶδος
3129 3529 3186 3585 ὃν
3245 3529 3344 3584 οὐκ
3399 3528 3459 3584 ἂν
3521 3526 3831 3600 διελοίμεθα

2185 3623 2260 3686 εἰς
2293 3621 2408 3694 εἷ’δη
2470 3618 2569 3691 ἔτι,
2763 3621 2826 3676 τὸ
2856 3621 2992 3676 κατὰ
3021 3617 3289 3675 πλειόνων
3326 3618 3418 3674 καὶ
3470 3615 3827 3696 διαφερόντων

2183 3717 2261 3785 τῷ
2310 3714 2525 3787 ἀριθμῷ
2567 3709 2618 3765 έν
2667 3713 2748 3782 τῷ
2787 3709 2840 3763 τί
2901 3708 3013 3764 ἐστι
3071 3706 3571 3785 κατηγορούμενον.
3607 3706 3725 3762 Εἷσὶ
3779 3701 3831 3759 δὲ

2184 3801 2317 3875 (καὶ)
2348 3798 2491 3856 ἄλλα
2531 3800 2667 3872 μέσα
2692 3820 2801 3854 των
2835 3795 3012 3874 ἄχρων
3048 3794 3164 3866 εἴδη
3221 3795 3311 3851 καὶ
3374 3794 3504 3871 γένη
3555 3795 3624 3850 τὰ
3677 3793 3819 3850 αὐτὰ·

2186 3888 2302 3960 εἶ’δη
2341 3890 2433 3964 μὲν
2462 3893 2570 3944 τῶν
2623 3888 2729 3963 πρὸ
2778 3886 2971 3959 αὐτῶν,
3006 3887 3137 3961 γένη
3196 3885 3287 3940 καὶ
3340 3888 3448 3939 τῶν
3512 3885 3629 3958 μετ’
3683 3881 3824 3938 αὐτὰ.

2260 4172 2346 4246 ιγ’.
2393 4170 2617 4243 Λέγεται
2678 4167 2736 4224 δὲ
2791 4173 2958 4224 ταῦτα
3014 4168 3080 4222 τὰ
3136 4167 3271 4241 μέσα
3325 4167 3454 4243 γένη
3517 4163 3824 4236 ὑπάλληλα·

2187 4259 2294 4335 οὐχ
2343 4257 2427 4313 ὅτι
2466 4255 2689 4313 ἕκαστον
2723 4257 2803 4336 ἐφ’
2830 4255 3050 4313 ἕκαστον
3105 4258 3317 4334 φέρεται
3374 4255 3464 4310 καὶ
3519 4261 3620 4311 τοῦ
3674 4254 3827 4308 αὐτοῦ

2184 4349 2247 4403 τὸ
2274 4347 2403 4402 αὐτὸ
2435 4347 2592 4421 γένος
2647 4347 2737 4401 καὶ
2797 4343 2937 4408 εἶδός
2997 4345 3161 4400 ἐστιν·
3222 4342 3346 4400 ἀλλ’
3397 4343 3480 4399 δτι
3541 4343 3697 4419 γένος
3747 4342 3826 4396 ὑπ’

2188 4436 2327 4493 ἄλλο
2369 4437 2525 4509 γένος
2582 4434 2750 4506 τελεῖ,
2811 4434 3031 4489 κάκεῖνο
3091 4433 3177 4512 ὑφ’
3232 4430 3437 4510 ἓτερον,
3469 4434 3561 4488 καὶ
3621 4429 3824 4509 ἔχουσιν

2188 4523 2411 4595 ἄλληλα
2492 4525 2671 4579 κοινὸν
2731 4525 2792 4579 τὸ
2853 4524 3170 4586 ὑποκεῖσθαι
3242 4523 3317 4585 ὡς
3387 4518 3503 4593 ε’ἷδη
3560 4522 3652 4578 καὶ
3703 4520 3822 4597 γένη

2112 4614 2156 4676 D
2189 4611 2335 4670 ὄντα.

2266 4717 2347 4777 ιδ’,
2381 4720 2505 4774 Οἴον
2537 4721 2572 4788 ἡ
2608 4717 2763 4773 οὐσία
2818 4717 3120 4795 πρώτιστόν
3181 4716 3291 4772 ἐστι
3351 4715 3510 4791 γένος
3550 4716 3642 4772 καὶ
3699 4734 3826 4791 γενι-

2190 4810 2453 4866 κώτατον.
2485 4808 2614 4862 Ὑπὸ
2651 4807 2797 4883 (γὰρ)
2847 4808 2946 4877 τήν
3008 4806 3191 4861 οὐσίαν
3248 4807 3311 4860 τὸ
3367 4810 3545 4879 σῶμα.
3609 4807 3827 4880 Διαιρεῖ-

2188 4899 2471 4973 ταιγὰρὴ
2518 4895 2675 4951 οὐσία
2721 4896 2798 4958 εἰς
2842 4900 3002 4968 σῶμα
3056 4896 3146 4950 καὶ
3205 4896 3511 4968 ἀσώματον.
3563 4894 3691 4948 Ὑπὸ
3736 4888 3827 4966 (δὲ)

2189 4987 2251 5041 τὸ
2317 4991 2475 5058 σῶμα
2529 4986 2592 5040 τὸ
2649 4981 2899 5060 ἔμψυχον
2969 4988 3150 5057 σῶμα’
3223 4984 3312 5038 ὑπ’
3359 4982 3488 5037 σῦτὸ
3562 4981 3721 5037 πάλιν
3769 4979 3825 5033 τὸ

2192 5073 2525 5144 αἰσθητικόν*
2563 5073 2650 5151 ὑφ’
2681 5074 2709 5127 ὃ
2742 5074 2804 5127 τὸ
2839 5076 2998 5141 ζῶον
3034 5073 3136 5127 ὑπὸ
3168 5070 3230 5125 τὸ
3264 5075 3403 5140 ζῶον
3459 5067 3516 5125 δὲ
3569 5071 3633 5126 τὸ
3690 5068 3827 5143 λογιε

2189 5164 2281 5218 κὸν
2332 5168 2493 5231 ζῶον,
2536 5162 2565 5215 6
2615 5159 2915 5235 ἅνθρωπος·
2980 5160 3064 5237 ὑφ’
3095 5159 3123 5214 ’ὀ
3173 5160 3201 5213 6
3255 5158 3478 5236 Πέτρος,
3539 5159 3568 5213 6
3625 5154 3825 5215 Παῦλος

2189 5253 2279 5308 καὶ
2339 5254 2391 5307 οἱ
2437 5250 2623 5307 λοιποὶ
2662 5251 2798 5305 κατᾶ
2844 5245 3008 5325 μέρος
3065 5245 3362 5324 ἄνθρωποι,
3396 5246 3589 5310 οἵτινες
3646 5243 3823 5317 ὀνομά-

2193 5348 2377 5411 ζονται
2405 5340 2600 5401 πάντες
2632 5339 2826 5412 ἄτομα.
2861 5339 2923 5392 Ἥ
2984 5337 3079 5410 μὲν
3137 5335 3228 5391 οὗν
3279 5336 3435 5391 οὐσία
3488 5333 3640 5415 γε’νος
3673 5332 3820 5398 ἐστὶν,

2190 5431 2263 5492 ὡς
2333 5425 2562 5504 εἶ’ρηται,
2630 5426 3011 5502 γενικώτατον,
3066 5422 3154 5480 διὰ
3196 5424 3259 5479 τὸ
3322 5426 3398 5497 μὴ
3456 5420 3600 5502 ἔχειν
3655 5420 3817 5497 ἕτερον

2188 5518 2339 5594 γένος
2394 5517 2594 5586 ταύτην
2650 5508 3072 5585 ἐπαναϐεϐηκός·
3133 5515 3161 5566 6
3221 5510 3279 5567 δὲ
3337 5510 3616 5586 ἄνθρωπος
3693 5506 3817 5567 εἶδός

2190 5606 2326 5661 ἐστιν
2360 5602 2733 5671 εἰδικώτατον,
2765 5600 2853 5657 διὰ
2881 5602 2944 5656 τὸ
2981 5603 3057 5677 μὴ
3089 5598 3234 5677 ἔχειν
3283 5597 3465 5677 ἕτερον
3517 5599 3658 5662 εἶδος
3699 5598 3815 5653 ὑπο·

2192 5690 2445 5765 ϐεϐηκός·
2477 5693 2539 5747 τὸ
2589 5689 2647 5747 δὲ
2706 5691 2866 5765 μέσον
2913 5698 3018 5761 τῆς
3071 5690 3255 5753 οὐσίας
3284 5689 3499 5746 καὶτοῦ
3529 5689 3814 5766 ἀνθρώπου,
