4096 6478
270 381 368 442 787
1611 369 1963 437 EPITOME
2005 371 2311 436 LOGICA.

1423 508 1528 560 τῶν
1593 506 1705 579 μετ’
1762 502 1892 560 αὐτά

2012 505 2397 562 substantiam
2428 509 2485 564 et
2514 505 2834 576 hominem,
2861 506 3062 564 eadem
3094 510 3151 564 et
3178 522 3389 581 genera
3418 513 3557 564 sunt
3586 511 3644 565 et

279 509 357 566 καὶ
403 506 519 585 γένη
578 502 667 560 καὶ
727 500 843 576 εἴδη
901 502 1003 561 εἶσὶ
1055 505 1121 560 τὰ
1179 503 1312 561 αὑτά
1354 523 1367 538 °

279 597 411 674 γένη,
457 599 558 651 τῶν
607 595 713 671 πρὸ
762 593 935 650 αὐτῶν
988 590 1129 666 εἷ’δη.
1176 595 1246 649 Τὸ
1294 594 1395 668 γὰρ
1445 598 1601 669 σῶμα
1646 597 1744 663 τῆς
1800 593 1891 665 μὲν

283 686 444 748 οὐσίας
493 682 654 754 εἶδος,
702 689 799 740 τοῦ
848 682 905 740 δὲ
953 684 1207 760 ἐμψύχου
1256 688 1508 757 σώματος
1555 683 1706 758 γένος
1735 703 1746 714 ⁸
1781 681 1894 757 ἔχει

278 777 368 852 γὰρ
396 775 452 829 τὸ
483 773 670 836 ἁπλῶς
718 779 877 847 σῶμα
924 773 1246 849 τεταγμένον
1299 774 1383 851 ὑφ’
1433 774 1588 828 ἑαυτὸ
1632 773 1695 827 τὸ
1726 769 1895 844 ἔμψυ-

277 886 366 941 χον
397 867 563 935 σῶμα.
595 867 762 917 Τοῦτο
812 860 878 932 δὴ
927 864 989 918 τὸ
1037 859 1284 938 ἔμψυχον
1337 859 1477 923 εἶδος
1529 862 1619 934 μὲν
1663 854 1774 914 ἔστι
1802 863 1896 913 τοῦ

275 959 528 1026 σώματος,
583 953 734 1028 γένος
793 950 850 1007 δὲ
902 957 998 1008 τοῦ
1056 952 1406 1021 αἰσθητικοῦ’
1465 951 1528 1005 τὸ
1587 949 1895 1018 αἰσθητικὸν

273 1039 400 1103 εἶδος
434 1041 523 1113 μὲν
550 1045 646 1095 τοῦ
701 1040 975 1117 ἐμψύχου,
1026 1040 1182 1116 γένος
1228 1037 1285 1095 δὲ
1333 1044 1430 1094 τοῦ
1463 1040 1632 1108 ζώουο
1664 1037 1728 1092 τὸ
1761 1041 1895 1106 ζῶον

299 1128 407 1192 ἴδος
438 1131 528 1204 μὶν
581 1133 677 1184 τοῦ
727 1130 1064 1200 αἰσθητικοῦ,
1112 1131 1269 1204 γένος
1320 1127 1378 1183 δὲ
1422 1132 1518 1182 τοῦ
1550 1127 1794 1202 λογικοῦ
1835 1127 1898 1180 τὸ

270 1217 320 1274 δὲ
347 1218 560 1294 λογικὸν
613 1222 773 1288 ζῶον,
825 1220 853 1273 6
903 1220 1205 1293 ἅνθρωπος,
1257 1216 1398 1278 εἶδος
1450 1218 1543 1290 μὲν
1592 1220 1688 1271 τοῦ
1732 1216 1894 1286 ζώου,

267 1309 427 1365 οὐκέτι
459 1305 514 1362 δὲ
541 1308 694 1382 γένος
722 1312 819 1362 τοῦ
870 1306 1096 1383 Πέτρου,
1128 1306 1218 1361 καὶ
1263 1312 1362 1362 τοῦ
1393 1305 1633 1376 Παύλου,
1667 1305 1758 1360 καὶ
1787 1308 1894 1358 τῶν

264 1397 457 1455 λοιπῶν
484 1396 729 1470 ἀτόμων,
763 1395 890 1453 ἀλλ’
919 1394 1061 1458 εἶδός
1095 1395 1202 1450 ἐστι
1234 1395 1323 1451 καὶ
1353 1395 1548 1451 αὐτῶν.

331 1666 404 1720 ιε’.
437 1668 540 1718 Τοῦ
577 1663 671 1736 μὲν
725 1661 816 1717 οὖν
865 1663 1028 1731 ζώου,
1075 1661 1218 1725 εἶδος
1270 1661 1504 1738 λέγεται,
1549 1659 1686 1717 διότι
1715 1663 1894 1738 περιέ-

263 1775 404 1830 χεται
435 1754 522 1809 ὑπ’
568 1752 755 1823 αὑτοῦ,
805 1756 912 1806 τῶν
965 1749 1023 1806 δὲ
1068 1751 1286 1824 ἀτόμων
1338 1750 1500 1822 εἶδος,
1531 1750 1614 1805 ὅτι
1652 1751 1897 1827 περιέχει

262 1843 397 1897 αὐτά.

324 1933 398 1994 ις’.
458 1929 522 1985 Εἰ
576 1930 680 2006 γὰρ
737 1930 803 1999 ἦν
868 1929 1022 2006 γένος
1081 1932 1189 1984 τῶν
1247 1928 1464 2002 ἀτόμων
1512 1929 1540 1982 ὁ
1592 1925 1892 2004 ἅνθρωπος,

257 2017 362 2090 εἷ’δη
416 2019 474 2074 ἂν
535 2019 793 2095 ὑπῆρχον
846 2020 914 2073 τὰ
961 2019 1158 2092 ἄτομα.
1191 2023 1301 2072 Πᾶν
1345 2019 1444 2094 γὰρ
1485 2018 1637 2092 γένος
1667 2017 1741 2078 εἷς
1775 2015 1891 2088 εἷ’δη

254 2106 548 2185 διαιρεῖται·
613 2109 681 2162 τὰ
736 2104 794 2162 δὲ
851 2105 967 2178 εἷ’δη
1022 2106 1327 2180 τεμνόμενα
1381 2103 1723 2180 μεταδιδόασι
1764 2107 1896 2179 (καὶ)

251 2203 355 2260 τοῖς
397 2197 448 2268 ἐξ
497 2197 678 2252 αὐτῶν
727 2197 818 2251 καὶ
859 2201 956 2251 τοῦ
1014 2195 1282 2268 ὀνόματος
1323 2194 1412 2249 καὶ
1461 2199 1559 2249 τοῦ
1613 2195 1845 2270 ὁρισμοῦ
1879 2237 1891 2249 .

251 2290 396 2342 Ὥστε
423 2286 510 2341 καὶ
545 2287 576 2340 ὁ
613 2286 844 2362 Πέτρος,
878 2285 952 2347 εἷς
986 2286 1169 2360 ψυχήν
1211 2283 1301 2338 καὶ
1353 2287 1512 2357 σῶμα
1541 2283 1893 2357 τεμνόμενος,

253 2373 520 2448 μετεδίδου
587 2374 652 2430 ἂν
707 2381 825 2437 τοῖς
886 2374 938 2444 ἐξ
993 2373 1157 2428 αὑτοῦ
1205 2372 1294 2428 καὶ
1340 2378 1438 2427 τοῦ
1486 2373 1754 2446 ὀνόματος
1803 2375 1893 2428 καὶ

247 2468 334 2520 τοῦ
390 2466 666 2541 ὁρισμοῦ·
725 2465 815 2518 καὶ
873 2466 939 2532 ἦν
997 2459 1168 2524 οὕτως
1228 2464 1263 2531 ἡ
1320 2466 1418 2516 τοῦ
1475 2461 1680 2538 Πέτρου
1738 2464 1891 2538 ψυχὴ

247 2553 458 2629 Πέτρος’
518 2553 618 2607 καὶ
671 2553 734 2607 τὸ
794 2555 954 2626 σῶμα
1008 2549 1172 2606 πάλιν
1235 2552 1458 2626 Πέτρος·
1518 2551 1608 2605 καὶ
1653 2551 1743 2606 τὸν
1796 2555 1893 2606 τοῦ

246 2642 441 2716 Πέτρου
490 2640 648 2717 ὅρον,
699 2640 844 2697 ἀλλὰ
893 2638 958 2710 δὴ
1008 2639 1097 2694 καὶ
1149 2641 1240 2695 τὸν
1287 2644 1383 2694 τοῦ
1431 2641 1712 2716 ἀνθρώπου
1751 2641 1895 2717 παρά

247 2731 402 2806 μέρος
474 2729 817 2805 ἐκληροῦντο
886 2728 1186 2807 ἀμφότεροι
1221 2769 1234 2782 .
1296 2733 1401 2783 Νῦν
1469 2726 1527 2783 δὲ
1578 2733 1738 2784 τοῦτο
1796 2728 1896 2783 οὐκ

247 2815 398 2872 ἔστιν.
461 2818 563 2872 οὐκ
623 2817 726 2892 ἄρα
779 2815 932 2893 γένος
989 2817 1017 2872 6
1074 2817 1374 2892 ἄνθρωπος,
1433 2815 1560 2872 ἀλλ’
1616 2814 1755 2879 εἶδος
1815 2817 1892 2880 εἷς

245 2904 415 2978 ἄτομα
442 2904 853 2984 διαιρούμενον.

311 2997 386 3064 ιζ’.
417 2997 608 3051 Πάντα
655 2991 712 3049 δὲ
750 2993 818 3049 τά
863 2996 1041 3068 ἄτομα
1086 2993 1175 3049 καὶ
1223 2995 1286 3049 τὸ
1327 2989 1503 3067 ὄνομα
1532 2993 1738 3049 καὶτὸν
1772 2995 1886 3069 ὁρι-

244 3084 369 3157 σμὸν
423 3089 539 3140 τῶν
628 3083 842 3138 οἰκείων
902 3081 1058 3138 εἰδῶν
1128 3081 1436 3145 ἀνελλιπῶς
1496 3081 1888 3158 ἐπιδέχονται,

246 3172 302 3227 οὗ
357 3175 464 3246 μὴν
517 3171 674 3230 ἀλλὰ
727 3173 815 3227 καὶ
875 3172 1046 3227 αὐτῶν
1095 3178 1201 3227 τῶν
1249 3177 1438 3248 γενῶν.
1501 3172 1771 3234 Ὡσαύτως
1830 3170 1888 3228 δὲ

239 3261 318 3315 καὶ
365 3263 433 3317 τὰ
486 3260 610 3332 εἴδη
669 3265 774 3316 τῶν
825 3265 1020 3336 γενῶν,
1067 3259 1156 3315 καὶ
1203 3261 1271 3314 τὰ
1300 3258 1597 3331 ὑπάλληλα
1624 3261 1747 3335 γένη
1778 3265 1884 3314 τῶν
1919 3233 1962 3300 C

242 3349 485 3427 ἀνωτέρω
545 3355 724 3426 γενῶν
781 3346 888 3412 ἕως
943 3354 1040 3404 τοῦ
1093 3349 1491 3425 γενικωτάτου’
1550 3349 1640 3403 καὶ
1700 3348 1888 3410 ἁπλῶς

239 3437 421 3510 εἰπεῖν,
478 3441 548 3494 τὰ
597 3439 695 3512 μὲν
744 3439 995 3494 ὑποκάτω
1048 3433 1388 3510 λαμϐάνουσι
1436 3441 1543 3492 τῶν
1595 3435 1705 3492 ἅνω
1749 3439 1888 3492 πάν-

239 3548 339 3582 των
367 3527 688 3590 ἀνελλιπῶς
727 3527 815 3582 καὶ
864 3527 930 3606 τὰ
970 3527 1211 3600 ὀνόματα
1238 3527 1327 3582 καὶ
1355 3526 1481 3588 τοὺς
1513 3525 1795 3603 ὁρισμούς·
1826 3528 1894 3581 τὰ

243 3615 413 3673 ἐπάνω
444 3623 557 3673 τῶν
596 3616 856 3672 ὑποκάτω
885 3613 998 3671 οὐδ’
1027 3617 1294 3673 ὁπωσοῦν.

311 3708 397 3775 ιη’.
449 3705 618 3762 Ἀλλ’
680 3703 804 3760 οὐδὲ
849 3704 917 3760 τὰ
972 3701 1087 3775 εἷ’δη
1139 3707 1492 3758 κοινωνοῦσιν
1532 3701 1889 3774 ἀλλήλοις,ἢ

239 3796 367 3850 κατά
421 3794 558 3858 τοὺς
617 3793 802 3870 ὅρους,
859 3795 894 3863 ἢ
953 3795 1089 3848 κατά
1141 3793 1209 3848 τὰ
1257 3791 1514 3865 ὀνόματα.
1560 3793 1659 3847 Καὶ
1709 3794 1812 3868 γὰρ
1863 3794 1890 3847 6

241 3883 520 3959 ἅνθρωπος
574 3879 773 3938 οὔποτ’
816 3881 874 3936 ἂν
920 3879 1092 3944 ⁹ίππος
1139 3878 1395 3953 κληθείη,
1446 3880 1481 3949 ἥ
1533 3881 1561 3935 6
1599 3877 1771 3943 τίππος
1811 3877 1892 3935 ἅν-

239 3972 471 4048 θρωπος.
528 3969 674 4027 Οὔτε
717 3968 774 4026 δὲ
803 3971 830 4024 ὁ
875 3974 974 4025 τοῦ
1015 3967 1189 4024 ’ίππου
1233 3967 1358 4044 ὅρος
1409 3968 1632 4045 ἁρμόσει
1683 3973 1761 4041 τῷ
1800 3969 1891 4024 ἀν-

240 4061 460 4134 θρώπῳ,
493 4061 531 4130 ἢ
568 4062 598 4115 6
625 4064 726 4115 τοῦ
759 4059 1046 4134 ἀνθρώπου
1093 4063 1172 4129 τῷ
1211 4055 1389 4130 ἵππῳ.
1430 4057 1528 4111 Τὸν
1560 4059 1662 4132 γὰρ
1695 4055 1892 4134 ἄνθρω-

237 4169 333 4203 πον
391 4147 575 4212 οὐδεὶς
612 4151 750 4204 εἶναι
808 4148 938 4226 φαίη
996 4147 1055 4202 ἂν
1118 4152 1252 4216 ζῶον
1309 4143 1529 4222 ἄλογον,
1573 4148 1889 4222 τετράπουν,

237 4239 682 4313 χρεμετιστικόν·
733 4237 770 4307 ἢ
818 4238 910 4292 τὸν
950 4235 1140 4307 ἵππον,
1197 4239 1332 4306 ζῶον
1385 4234 1628 4310 λογικὸν,
1674 4237 1888 4308 θνητὸν,

236 4332 325 4382 νοῦ
353 4328 446 4383 καὶ
480 4327 806 4400 ἐπιστήμης
837 4323 1098 4381 δεκτικόν.

303 4419 385 4480 ιθ’.
446 4422 561 4473 Τοῦ
618 4413 680 4471 δὲ
735 4419 922 4470 κοινοῦ
980 4415 1170 4490 γένους
1217 4413 1307 4467 καὶ
1351 4414 1412 4467 τὸ
1461 4407 1635 4484 ὄνομα
1679 4413 1769 4466 καὶ
1799 4414 1888 4467 τὸν

235 4502 356 4576 ὅρον
417 4506 486 4560 τὰ
547 4503 673 4575 εἷ’δη
734 4503 925 4573 ἐπίσης
980 4498 1370 4576 λαμϐάνουσιν·
1430 4501 1493 4555 οὐ
1539 4501 1602 4555 τὸ
1652 4501 1747 4574 μὲν
1784 4507 1892 4557 τῶν

3523 376 3643 439 ’758

2007 596 2227 667 species
2282 613 2293 652 :
2349 597 2831 669 consequentium
2889 613 3122 670 genera,
3173 598 3642 655 antecedentium

2008 687 2248 757 species.
2282 687 2506 759 Corpus
2537 689 2692 742 enim
2741 687 3083 744 substantiae
3118 688 3354 759 quidem
3388 689 3640 760 species;

2008 778 2249 833 animati
2309 781 2499 832 autem
2565 777 2821 848 corporis
2884 793 3070 849 genus
3127 781 3235 833 est.
3292 777 3647 850 Simpliciter

2009 866 2162 922 enim
2195 883 2406 938 corpus
2439 866 2548 921 sibi
2589 867 2916 937 subjectum
2962 866 3136 922 habet
3165 866 3488 923 animatum
3519 884 3644 923 cor-

2008 973 2138 1028 pus.
2164 957 2282 1012 Hoc
2312 973 2480 1027 porro
2503 955 2829 1010 animatum
2852 955 3110 1027 corporis
3132 956 3367 1028 quidem
3401 957 3642 1030 species,

2008 1045 2314 1101 sentientis
2353 1061 2486 1100 vero
2536 1061 2722 1116 genus
2769 1048 2875 1100 est.
2909 1045 3177 1100 Sentiens
3223 1045 3466 1100 animati
3516 1046 3645 1118 qui-

2009 1133 2138 1188 dem
2172 1132 2415 1204 species,
2449 1133 2550 1187 sed
2591 1132 2860 1188 animalis
2889 1149 3074 1204 genus
3105 1137 3212 1189 est.
3245 1133 3480 1189 Animal
3514 1149 3645 1191 sen-

2006 1221 2207 1276 tientis
2237 1221 2474 1291 quidem
2517 1221 2760 1292 species,
2793 1221 3016 1277 ratione
3046 1225 3239 1278 autem
3288 1222 3511 1294 praediti
3542 1239 3647 1296 ge-

2007 1327 2120 1366 nus
2151 1315 2258 1365 est.
2293 1310 2556 1382 Denique
2585 1311 2807 1366 ratione
2831 1311 3142 1381 praditum
3181 1310 3417 1376 animal,
3450 1311 3646 1378 homo,

2006 1399 2232 1470 species
2262 1399 2500 1470 quidem
2530 1397 2822 1469 animalis,
2849 1399 2951 1455 sed
2983 1415 3098 1453 non
3131 1398 3384 1470 amplius
3409 1399 3564 1456 Petri
3593 1404 3651 1457 et

2011 1487 2174 1543 Pauli
2214 1492 2270 1543 et
2315 1486 2674 1560 reliquorum
2721 1487 3156 1542 individuorum
3186 1503 3372 1560 genus
3402 1493 3514 1560 est,
3545 1489 3646 1546 sed

2009 1577 2183 1632 etiam
2215 1576 2554 1632 earumdem
2587 1579 2676 1631 est
2705 1575 2945 1647 species.

2082 1666 2169 1722 15.
2199 1665 2372 1721 Proin
2407 1664 2680 1720 animalis
2711 1664 2947 1736 quidem
2991 1665 3214 1737 species
3243 1664 3476 1735 dicitur,
3511 1665 3651 1738 quia

2008 1754 2344 1811 continetur
2398 1755 2468 1810 ab
2518 1771 2618 1822 eo;
2675 1753 3111 1810 individuorum
3159 1758 3354 1811 autem
3403 1754 3646 1827 species,

1927 1870 1974 1936 Β
2009 1843 2150 1914 quia
2179 1843 2435 1936 continet
2460 1842 2608 1936 ipsa.

2078 1932 2165 1987 16.
2203 1931 2264 1986 Si
2305 1931 2464 1986 enim
2508 1930 2682 1986 homo
2739 1929 3172 1986 individuorum
3231 1947 3418 2004 genus
3473 1935 3648 2002 esset,

2005 2020 2310 2075 individua
2365 2020 2590 2091 species
2648 2023 2862 2075 essent.
2896 2018 3080 2074 Omne
3136 2019 3293 2075 enim
3349 2037 3536 2092 genus
3590 2021 3651 2076 in

2006 2109 2230 2181 species
2287 2107 2594 2174 dividitur;
2646 2108 2869 2179 species
2922 2113 3117 2164 autem
3167 2125 3300 2165 cum
3359 2113 3650 2181 secantur,

2005 2199 2106 2254 92
2138 2198 2231 2253 his
2262 2214 2389 2270 quae
2419 2213 2489 2252 ex
2544 2197 2689 2268 ipsis
2721 2201 2862 2252 sunt
2890 2201 2948 2252 et
2999 2213 3213 2254 nomen
3251 2201 3308 2254 et
3354 2198 3650 2254 deﬁnitio-

2004 2303 2138 2343 nem
2167 2285 2531 2357 impertiunt.
2567 2287 2756 2350 Quare
2795 2285 2996 2341 Petrus
3045 2287 3146 2357 qui
3195 2285 3256 2342 in
3303 2286 3562 2343 animam
3591 2291 3651 2344 et

2003 2392 2215 2446 corpus
2246 2378 2496 2443 secatur,
2529 2373 2623 2429 his
2655 2391 2778 2441 quae
2829 2391 2897 2429 ex
2950 2391 3012 2429 se
3060 2380 3200 2430 sunt
3245 2382 3302 2431 et
3349 2392 3561 2432 nomen
3593 2380 3651 2432 et

2003 2464 2402 2521 deﬁnitionem
2451 2463 2820 2535 impertiret:
2865 2468 2923 2519 et
2971 2464 3055 2518 sic
3103 2464 3300 2520 anima
3347 2464 3497 2520 Petri
3545 2465 3648 2522 Pe-

2001 2557 2151 2618 trus,
2203 2558 2258 2608 et
2313 2569 2549 2608 rursum
2613 2568 2827 2624 corpus
2883 2553 3089 2608 Petrus
3146 2557 3300 2610 esset
3333 2569 3346 2608 :
3379 2557 3436 2610 et
3490 2555 3645 2611 Petri

2004 2641 2440 2708 deﬁnitionem,
2497 2641 2639 2712 quin
2697 2647 2754 2696 et
2811 2641 3068 2697 hominis
3124 2641 3424 2715 sigillatim
3480 2645 3644 2698 utra-

2002 2747 2116 2802 que
2146 2731 2492 2802 acciperent.
2524 2731 2698 2802 Atqui
2747 2730 2855 2785 hoc
2902 2747 3017 2786 non
3046 2735 3163 2798 est;
3198 2748 3314 2786 non
3361 2747 3497 2804 ergo
3545 2730 3644 2788 ho-

2001 2836 2097 2876 mo
2127 2835 2312 2891 genus
2342 2823 2449 2891 est,
2481 2819 2582 2876 sed
2623 2819 2846 2890 species
2878 2835 3006 2890 quae
3057 2820 3116 2874 in
3165 2819 3465 2876 individua
3494 2820 3642 2877 divi-

2003 2908 2180 2963 ditur.

2072 2997 2159 3050 17.
2193 2995 2402 3052 Omnia
2437 3000 2630 3052 autem
2680 2995 2981 3052 individua
3009 2999 3065 3052 et
3093 3012 3304 3052 nomen
3335 3001 3391 3052 et
3437 2998 3641 3055 deﬁni-

2000 3085 2219 3140 tionem
2240 3084 2610 3156 propriarum
2642 3083 2988 3155 specierum,
3013 3085 3154 3157 quin
3180 3089 3236 3141 et
3255 3085 3518 3157 ipsorum
3549 3103 3644 3157 ge-

1999 3190 2206 3228 nerum
2227 3173 2351 3228 sine
2369 3174 2596 3228 defectu
2614 3173 2923 3245 recipiunt.
2940 3174 3151 3229 Eodem
3164 3191 3298 3230 vero
3316 3175 3488 3248 modo
3502 3180 3645 3232 sunt

2001 3261 2225 3335 species
2257 3279 2535 3335 generum
2566 3266 2624 3318 et
2651 3278 2865 3334 genera
2905 3262 3245 3318 subalterna
3273 3264 3642 3335 superiorum

2001 3368 2282 3424 generum
2318 3368 2502 3422 usque
2531 3352 2602 3406 ad
2625 3350 3156 3422 generalissimum.
3190 3352 3256 3407 Et
3286 3356 3350 3407 ut
3369 3352 3645 3425 simplici-

2001 3445 2092 3496 ter
2119 3441 2332 3505 dicam,
2365 3439 2640 3495 inferiora
2669 3439 2906 3510 quidem
2956 3440 3326 3512 superiorum
3377 3441 3642 3498 omnium

2002 3533 2059 3584 et
2089 3528 2329 3584 nomina
2359 3532 2416 3584 et
2443 3527 2810 3584 deﬁnitiones
2849 3529 3070 3600 absque
3109 3529 3464 3585 detractione
3490 3530 3640 3586 acci-

2001 3616 2174 3688 piunt
2206 3632 2219 3669 2
2254 3615 2557 3686 superiora
2584 3620 2781 3670 autem
2810 3615 3152 3671 inferiorum
3183 3615 3342 3672 nulio
3375 3617 3566 3673 modo.

2075 3703 2160 3757 18.
2195 3703 2305 3759 Sed
2360 3720 2546 3774 neque
2592 3719 2873 3775 generum
2929 3704 3151 3776 species
3207 3705 3643 3762 communicant

2000 3791 2270 3859 invicem,
2294 3790 2380 3846 vel
2414 3792 2602 3862 quoad
2636 3791 3024 3861 deﬁnitiones,
3046 3791 3134 3848 vel
3165 3795 3353 3865 quoad
3381 3795 3639 3851 nomina.

2000 3881 2311 3952 Nunquam
2343 3880 2499 3935 enim
2539 3880 2714 3935 homo
2753 3897 2938 3952 equus
2968 3882 3290 3954 vocabitur,
3327 3887 3428 3939 aut
3458 3890 3644 3956 equu‘s

2000 3970 2197 4025 homo.
2229 3969 2427 4040 Neque
2455 3985 2588 4025 vero
2619 3970 2790 4024 etiam
2827 3970 2962 4041 equi
2993 3971 3252 4026 deﬁnitio
3283 3971 3505 4028 homini
3539 3977 3642 4029 aut

1999 4058 2257 4115 hominis
2287 4075 2437 4130 equo
2466 4062 2770 4130 eongruet.
2796 4061 2976 4114 Nemo
3006 4058 3162 4114 enim
3193 4059 3491 4116 hominem
3525 4060 3641 4116 ani-

2002 4147 2120 4204 mal
2177 4145 2540 4216 irrationale,
2600 4147 2954 4217 quadrupes,
3010 4146 3313 4202 hinniendi
3367 4147 3642 4204 facultate

2003 4235 2349 4309 praeditum;
2381 4238 2483 4289 aut
2526 4251 2743 4305 equum
2793 4233 3012 4290 animal
3043 4234 3345 4303 rationale,
3380 4236 3642 4304 mortale,

2001 4324 2400 4397 intelligentiae
2430 4329 2487 4379 et
2516 4323 2772 4380 scientiae
2805 4340 2986 4395 capax
3015 4323 3240 4379 dixerit.

2074 4416 2162 4470 19.
2194 4413 2296 4468 93
2326 4416 2562 4468 At’vero
2617 4410 2946 4467 communis
2997 4412 3228 4484 generis
3257 4416 3314 4467 et
3343 4429 3554 4469 nomen
3588 4419 3646 4471 et

2002 4502 2398 4560 deﬁnitionem
2435 4499 2656 4572 species
2705 4517 2774 4556 ex
2815 4517 2978 4571 aequo
3009 4500 3328 4573 accipiunt;
3363 4519 3476 4558 non
3527 4519 3646 4560 una

236 4591 386 4649 εἰδῶν
421 4594 674 4668 μᾶλλον,
723 4593 787 4649 τὸ
837 4591 894 4648 δὲ
939 4596 1122 4661 ἧττον·
1172 4591 1262 4646 καὶ
1292 4591 1394 4666 γὰρ
1435 4590 1462 4644 6
1494 4587 1776 4664 ἅνθρωπος
1805 4592 1892 4646 καὶ

2012 4593 2245 4666 quidem
2292 4591 2616 4662 specierum
2672 4589 2879 4662 magis,
2929 4589 3109 4644 altera
3156 4590 3368 4645 minus.
3403 4591 3548 4646 Nam
3587 4597 3645 4648 et

236 4681 482 4758 ὁῖππος,
515 4683 709 4739 κοινὸν
752 4684 910 4759 γένος
958 4679 1178 4758 ἔχοντες
1219 4680 1283 4734 τὸ
1334 4683 1494 4748 ζῶον,
1533 4678 1623 4733 καὶ
1658 4683 1769 4747 ζῶα
1795 4702 1891 4734 κα-

234 4769 454 4828 λοῦνται
504 4775 682 4846 ὁμοῦ,
730 4772 818 4827 καὶ
871 4771 1076 4844 ὁμοίως
1131 4769 1221 4824 τὸν
1271 4773 1368 4824 τοῦ
1418 4767 1558 4836 ζώου
1607 4769 1890 4839 κέκτηνται

238 4860 487 4937 ὁρισμόν.
549 4862 660 4917 Καὶ
715 4863 882 4940 ἄμφω
929 4861 1032 4935 γὰρ
1081 4857 1255 4914 οὐσίαι
1306 4856 1436 4911 εἰσὶν
1485 4854 1747 4931 ἔμψυχοι,
1805 4858 1890 4912 αἶ-

233 4953 482 5022 σθητικαὶ
515 4951 614 5007 καὶ
655 4945 1025 5024 μεταϐατικαί.

2003 4682 2179 4739 homo
2210 4686 2266 4736 et
2295 4696 2483 4751 equus
2516 4694 2646 4734 cum
2679 4694 2867 4750 genus
2897 4678 3151 4733 habeant
3177 4695 3487 4736 commune
3518 4681 3642 4736 ani-

2004 4769 2142 4840 mal,
2173 4773 2230 4824 et
2259 4767 2437 4824 simul
2487 4766 2764 4821 animalia
2803 4770 3083 4822 vocantur
3110 4771 3166 4822 et
3191 4767 3371 4822 simili
3420 4769 3646 4826 ratione

2002 4856 2400 4914 deﬁnitionem
2429 4853 2704 4910 animaiis
2745 4853 3030 4909 obtinent.
3064 4855 3252 4910 Ambo
3299 4855 3456 4912 enim
3504 4862 3645 4915 sunt

2002 4943 2346 5002 substantiae.
2381 4942 2671 5013 animatae,
2705 4942 3041 5011 sentientes,
3074 4945 3471 5016 progressivaa.

958 5131 1167 5201 Σχῆμα
1195 5123 1387 5203 κεφαλ.
1424 5124 1475 5196 ι’,
1508 5121 1639 5198 Περὶ
1670 5121 1855 5197 γένους
1886 5121 1978 5176 καὶ
2008 5117 2205 5191 εἴδους,
2239 5117 2290 5174 ἐν
2323 5118 2368 5191 ᾦ
2397 5118 2487 5173 καὶ
2511 5117 2635 5193 περὶ
2665 5116 2920 5191 σχέσεως.

1412 5403 1447 5468 ἡ
1479 5399 1705 5453 ἑκάστου
1736 5402 1836 5466 τῆς
1867 5394 2116 5471 γενέσεως
2148 5393 2292 5469 ἀρχή

641 5489 715 5544 Τὸ
746 5490 902 5568 γένος

2583 5285 2619 5355 ἢ
2670 5287 2892 5358 φυσικὴ,
2933 5283 3105 5341 εἶτουν
3161 5288 3266 5344 ἀπὸ
3305 5295 3407 5345 τοῦ
3454 5292 3644 5350 τεκόν-

2652 5357 2745 5418 τος
2778 5357 2860 5447 ὡς
2885 5359 3240 5449 Ἰσραηλῖται;

2661 5427 3090 5510 ἔοκιτξή,εἷ⁵τρύν
3141 5431 3248 5487 ἀπὸ
3302 5439 3404 5502 τῆς
3455 5436 3643 5510 πατρί-

2657 5497 2767 5570 δος,
2794 5495 2885 5562 ὡς
2900 5495 3149 5571 Θηϐαῖοι.

1411 5603 1446 5672 ἢ
1479 5601 1585 5695 ἀπνὸ
1614 5605 1744 5695 μιᾶς
1764 5599 2036 5690 νσχέσεως,
2063 5599 2149 5695 ὡτξ
2165 5593 2511 5673 Ἡρακλεῖδαι
2539 5596 2627 5651 καὶ
2653 5594 2905 5653 Ἰουδαῖοι

1411 5667 1500 5729 καὶ
1531 5675 1578 5746 ᾧ
1609 5667 1962 5730 ὑποτάσσεται
1983 5667 2046 5726 τὸ
2073 5667 2233 5730 εἶδοςέ
