4096 6432
321 409 422 472 ’161

1647 406 1996 472 ΕΡῙΤΟΜΕ
2038 406 2345 473 LOGICA.

3567 403 3688 468 ’762

322 540 448 618 ρίοις
492 537 542 594 ἐν
587 542 702 600 τοῖς
747 536 1000 603 πολλοῖς·
1043 542 1108 596 τὸ
1155 537 1214 596 δὲ
1258 540 1308 614 ἐξ
1369 541 1542 597 αὐτῶν
1596 540 1936 620 καταληφθὲν

2086 543 2272 613 mltis,
2296 561 2422 616 quas
2445 543 2696 616 denique
2725 559 2793 600 ex
2821 542 2905 600 eis
2937 537 3299 616 deprehensa
3325 537 3685 595 immateria-

321 630 405 686 καὶ
457 629 585 683 κατὰ
649 623 885 683 διάνοιαν
945 629 1127 691 ἆΰλως
1195 631 1426 686 ὑποστὰν
1487 630 1574 686 ἐπὶ
1629 636 1746 694 τοῖς
1807 631 1943 687 πολ-

325 716 453 778 λοῖς.

387 803 442 861 δ’.
477 804 654 868 Οὕτως
687 802 776 860 οὖν
803 805 892 860 καὶ
938 808 1006 862 τὰ
1052 807 1183 882 γένη
1234 808 1326 863 καὶ
1379 810 1446 863 τὰ
1493 807 1610 878 εἴδη
1669 830 1775 885 προ
1832 813 1939 864 τῶν

321 893 528 950 πολλῶν
563 895 653 966 μέν
716 893 846 949 εἰσιν
879 894 930 950 ἐν
962 900 1040 968 τῷ
1070 893 1415 973 δημιουργῷ,
1449 897 1582 952 κατὰ
1609 897 1734 959 τοὺς
1777 918 1941 968 ποιη-

318 981 487 1043 τικοὺς
537 981 755 1057 λόγους·
817 982 868 1038 ἐν
922 989 1002 1056 τῷ
1051 989 1165 1057 Θεῷ
1209 986 1310 1061 γὰρ
1341 986 1393 1040 oi.
1423 985 1726 1042 οὐσιοποιοὶ
1784 985 1943 1060 λόγοι

318 1075 416 1127 τῶν
489 1065 650 1125 ὅντων
730 1073 942 1136 ἕνιαίως
1013 1077 1470 1152 προϋφεστήκασι·
1525 1077 1640 1130 καθ’
1705 1074 1798 1136 οὓς
1854 1073 1946 1129 λό-

319 1181 458 1235 γους,
489 1159 516 1214 ὁ
548 1160 864 1236 ὑπερούσιος
909 1165 978 1218 τὰ
1018 1158 1143 1218 ὄντα
1185 1163 1357 1218 πάντα
1402 1163 1492 1219 καὶ
1539 1165 1816 1241 προώρισε
1855 1163 1944 1218 καὶ

317 1250 612 1325 παρήγαγεν
623 1295 634 1307 .

383 1447 435 1500 ι’.
480 1447 854 1524 Ὑφεστηκέναι
924 1447 982 1504 δὲ
1058 1452 1309 1526 λέγονται
1377 1453 1445 1506 τὰ
1513 1453 1642 1526 γένη
1713 1452 1802 1506 καὶ
1880 1445 1949 1507 τὰ

317 1533 425 1606 εἴδη
481 1535 531 1590 ἐν
584 1543 703 1598 τοῖς
774 1535 1033 1612 πολλοῖς,
1094 1537 1231 1594 διότι
1291 1541 1343 1595 ἐν
1401 1547 1515 1602 τοῖς
1589 1543 1725 1596 κατὰ
1782 1543 1946 1618 μέρος

315 1625 610 1699 ἀνθρώποις
664 1627 729 1682 τὸ
784 1631 881 1681 τοῦ
935 1628 1227 1704 ἀνθρώπου
1307 1627 1448 1692 εἶδός
1505 1631 1635 1703 ἐστι,
1687 1632 1776 1686 καὶ
1832 1637 1950 1693 τοῖς

313 1715 441 1769 κατὰ
497 1713 664 1789 μέρος
734 1713 928 1779 ἵπποις
988 1719 1052 1772 τὸ
1108 1722 1205 1772 τοῦ
1271 1717 1446 1773 ’ίππου
1530 1717 1695 1782 εἶδος·
1752 1720 1804 1775 ἐν
1859 1721 1950 1774 ἀν-

316 1803 543 1878 θρώποις
575 1801 637 1859 δὲ
664 1805 755 1861 καὶ
780 1803 974 1869 ἵπποις
1004 1805 1094 1862 καὶ
1142 1813 1257 1870 Ιτοῖς
1317 1807 1511 1872 ἄλλοις
1573 1809 1734 1878 ζώοις
1769 1810 1833 1864 τὸ
1863 1811 1950 1886 γέ-

2049 633 2181 690 liter
2208 634 2268 689 in
2300 635 2527 690 dianosa
2557 631 2849 702 subsistit,
2878 635 3012 706 post
3040 630 3223 688 multa
3251 627 3489 686 dicitur.

2122 815 2176 870 4.
2209 813 2303 870 Sic
2332 813 2514 885 igitur
2533 818 2589 868 et
2615 827 2824 882 genera
2843 815 2902 867 et
2937 808 3159 881 species
3185 811 3317 863 ante
3347 805 3533 862 multa
3561 804 3690 877 qui-

2052 903 2185 959 dem
2230 907 2367 958 sunt
2396 903 2454 957 in
2485 902 2804 968 conditore,
2835 899 3023 972 quoad
3073 897 3392 954 efficientes
3436 894 3691 950 rationes

2053 993 2180 1064 (seu
2238 992 2496 1062 formas).
2533 991 2592 1046 In
2651 991 2766 1046 Deo
2823 991 2979 1064 enim
3035 987 3420 1044 essentiantes
3476 985 3563 1056 (ut
3610 983 3693 1038 ita

2056 1081 2270 1152 dicam)
2302 1081 2556 1136 rationes
2587 1081 2810 1136 entium
2843 1077 3020 1134 simul
3051 1081 3107 1133 et
3145 1074 3518 1148 singulariter
3546 1088 3690 1143 prae-

2055 1169 2462 1240 substiterunt,
2484 1171 2807 1225 secundum
2841 1184 2986 1240 quas
3016 1166 3272 1222 rationes
3302 1164 3352 1219 is
3383 1162 3484 1234 qui
3515 1177 3696 1233 supra

2055 1259 2370 1315 essentiam
2403 1259 2573 1332 longe
2610 1273 2843 1314 omnem
2891 1261 3122 1312 evectus
3169 1259 3279 1320 est,
3309 1251 3509 1308 omnia
3537 1249 3696 1306 entia

2055 1351 2112 1403 et
2140 1347 2517 1420 pradeﬁnivit
2541 1349 2599 1403 et
2625 1346 2913 1418 produxit.

2127 1455 2180 1508 5.
2214 1454 2546 1510 Subsistere
2575 1457 2769 1509 autem
2801 1467 3014 1526 genera
3053 1453 3109 1506 et
3149 1448 3369 1522 species
3399 1447 3458 1502 in
3491 1444 3695 1500 multis

2059 1545 2354 1613 dicuntur,
2387 1543 2535 1611 quod
2597 1543 2655 1597 in
2705 1543 2804 1598 97
2853 1539 3304 1613 particularibus
3357 1533 3694 1592 hominibus

2061 1634 2284 1706 species
2326 1631 2602 1698 hominis,
2631 1635 2687 1687 et
2729 1632 2788 1685 in
2841 1628 3296 1702 particularibus
3343 1623 3509 1696 equis
3557 1639 3696 1696 spe-

2060 1724 2176 1778 cies
2203 1722 2339 1792 equi
2395 1721 2620 1776 est:in
2680 1719 3018 1776 hominibus
3049 1722 3242 1773 autem
3302 1719 3359 1771 et
3415 1712 3583 1785 equis
3640 1717 3699 1768 et

2061 1812 2190 1868 aliis
2222 1805 2579 1866 animalibus
2625 1809 2948 1880 specierum
2997 1806 3287 1878 ejusmodi
3319 1819 3504 1878 genus
3535 1817 3696 1873 repe-

315 1912 400 1955 νος
460 1893 760 1968 εὑρίσκεται
816 1900 921 1950 τῶν
981 1896 1243 1952 τοιούτων
1303 1894 1480 1968 εἰδῶν,
1539 1897 1672 1975 ὅπερ
1726 1897 1833 1954 ἐστὶ
1890 1899 1953 1954 τὸ

2086 1901 2210 1955 'itur
2239 1901 2392 1972 quod
2426 1905 2515 1955 est
2560 1896 2806 1965 animal;
2839 1903 2897 1952 et
2944 1897 3002 1950 in
3051 1893 3403 1950 animalibus
3437 1888 3613 1947 simul
3645 1892 3701 1944 et

320 1986 462 2050 ζῶον·
495 1983 596 2037 κάν
648 1989 767 2046 τοῖς
813 1985 976 2054 ζώοις
1027 1986 1169 2058 ὁμοῦ
1222 1987 1312 2041 καὶ
1360 1992 1476 2049 τοῖς
1537 1989 1835 2066 ζωοφύτοις
1892 1989 1954 2042 τὸ

317 2068 746 2147 καθολικώτερον
790 2071 942 2149 γένος
985 2075 1048 2128 τὸ
1095 2071 1405 2145 αἰσθητικὸν
1473 2074 1784 2146 ἐξετάζεται·
1844 2097 1959 2131 συν-

318 2159 584 2235 αχθέντων
643 2158 701 2215 δὲ
752 2161 842 2216 καὶ
902 2166 1009 2218 τῶν
1076 2169 1279 2240 φυτῶν,
1329 2170 1609 2241 θεωρεῖται
1663 2166 1726 2221 τὸ
1783 2165 1957 2240 ἐμψυ-

316 2267 428 2324 χον.
462 2249 522 2305 Εἰ
557 2248 620 2304 εὶ
650 2249 742 2304 σὺν
781 2256 898 2314 τοῖς
947 2252 1223 2328 ἐμψύχοις
1272 2253 1443 2318 ἐθέλει
1502 2276 1585 2317 τις
1645 2254 1954 2311 ἐπισκοπεῖν

313 2337 398 2391 καὶ
441 2337 506 2393 τᾶ
551 2339 766 2414 ἄψυχα,
797 2340 863 2396 τὸ
910 2346 1069 2413 σῶμα
1115 2341 1330 2413 σύμπαν
1375 2343 1683 2416 κατόψεται.
1718 2342 1957 2418 Συνδρα·

318 2432 522 2499 μουσῶν
575 2425 640 2482 δὲ
684 2433 800 2489 τοῖς
846 2425 1158 2505 εἰρημένοις
1215 2436 1321 2485 τῶν
1373 2432 1674 2505 ἀσωμάτων
1735 2433 1957 2501 οὐσιῶν,

311 2517 369 2571 τὸ
396 2522 616 2592 πρῶτον
649 2522 805 2592 γένος
849 2523 1087 2594 φανεῖται
1128 2519 1217 2573 καὶ
1265 2522 1648 2595 γενικώτατον,
1679 2523 1769 2577 καὶ
1815 2522 1958 2578 οὕτω

317 2606 405 2678 μὶν
463 2605 514 2660 ἐν
583 2611 704 2668 τοῖς
779 2605 1014 2669 πολλοῖς
1091 2609 1352 2686 ὑφέστηκε
1423 2610 1491 2664 τὰ
1559 2607 1675 2680 εἶ’δη
1749 2611 1838 2666 καὶ
1893 2611 1960 2666 τὰ

314 2694 438 2768 γένη
451 2735 462 2749 .

384 2784 444 2846 ς’.
479 2779 818 2839 Καταλαϐὼν
853 2783 909 2840 δέ
937 2807 1020 2848 τις
1073 2785 1132 2840 ἐκ
1183 2791 1290 2842 τῶν
1351 2790 1486 2843 κατὰ
1544 2789 1707 2863 μέρος
1759 2790 1963 2866 ἀνθρώ-

531 2875 545 2894 \
668 2873 682 2893 θ
730 2878 757 2888 α’
903 2876 915 2895 Ι
1104 2877 1117 2893 \
1228 2877 1242 2893 τ
1662 2878 1677 2896 τ

316 2893 426 2927 πων
486 2895 590 2942 την
624 2895 798 2928 αυτων
852 2896 1028 2952 φυσιν,
1059 2897 1158 2945 την
1218 2877 1626 2952 ανθρωπότητα,
1659 2899 1718 2934 εκ
1744 2876 1800 2934 δὲ
1852 2884 1959 2934 τῶν

317 2963 446 3017 κατὰ
507 2964 680 3038 μέρος
721 2961 907 3018 ἵππων
961 2963 1130 3034 αὐτὴν
1185 2966 1285 3034 τὴν
1347 2967 1641 3038 ἱππότητα,
1671 2965 1760 3022 καὶ
1821 2968 1963 3024 οὕτω

316 3048 403 3105 τὸν
457 3051 704 3107 καθόλου
746 3051 1025 3128 ἄνθρωπον
1071 3051 1160 3108 καὶ
1208 3055 1300 3109 τὸν
1355 3055 1594 3119 καθόλου
1635 3055 1804 3111 ἵππον
1845 3057 1963 3112 ἐπιν-

318 3142 536 3210 νοήσας·
590 3140 783 3195 καὶτὸ
811 3135 1219 3212 καθόλουζῶον
1270 3143 1329 3198 ἐκ
1371 3149 1479 3199 τῶν
1537 3145 1834 3209 καθέκαστα
1885 3149 1966 3217 τῷ

321 3226 465 3304 λόγῳ
495 3230 838 3305 συναγαγών·
880 3232 969 3286 καὶ
1014 3232 1074 3286 τὸ
1119 3231 1358 3296 καθόλου
1402 3233 1732 3302 αἰσθητικὸν,
1763 3235 1853 3289 καὶ
1905 3236 1966 3288 τὸ

2065 1987 2635 2061 plantanimantibus
2667 2002 2852 2059 genus
2869 1983 3256 2040 universalius
3287 1982 3438 2054 quod
3461 1982 3550 2036 est
3571 1995 3699 2034 sen-

2065 2077 2216 2134 tiens
2264 2077 2622 2150 exquiritur;
2658 2076 2728 2130 ad
2781 2091 2906 2146 quas
2955 2071 3211 2129 collectis
3261 2071 3436 2126 etiam
3484 2065 3702 2140 plantis

2066 2167 2389 2222 animatum
2421 2168 2734 2238 spectatur.
2767 2163 2928 2227 Quod
2969 2163 3016 2218 si
3063 2161 3194 2233 quis
3245 2176 3376 2215 cum
3431 2155 3703 2214 animatis

2065 2257 2239 2311 etiam
2273 2256 2594 2310 inanimata
2623 2254 2864 2324 insuper
2889 2251 3256 2307 considerare
3285 2247 3440 2314 velit,
3472 2246 3704 2302 univer-

2067 2361 2198 2403 sum
2231 2362 2441 2417 corpus
2471 2344 2763 2416 inspiciet.
2789 2341 2848 2399 Si
2880 2341 3130 2412 denique
3161 2356 3294 2394 cum
3324 2337 3494 2394 dictis
3525 2336 3703 2392 etiam

2067 2437 2417 2508 incorporeas
2468 2432 2812 2488 substantiae
2871 2429 3288 2493 concurrerint,
3343 2427 3602 2499 primum
3650 2428 3708 2479 et

2067 2521 2575 2596 generalissimum
2609 2537 2792 2593 genus
2823 2519 3104 2592 aparebit.
3136 2520 3322 2588 Atque
3351 2515 3433 2572 sic
3463 2515 3522 2569 in
3554 2512 3705 2569 mul-

2067 2614 2144 2669 tis
2174 2612 2406 2684 quidem
2441 2627 2653 2684 genera
2682 2617 2739 2665 et
2769 2608 2991 2680 species
3020 2605 3374 2662 subsistunt.

2138 2791 2192 2846 7.
2225 2790 2399 2845 Perro
2430 2789 2476 2843 si
2511 2787 2643 2860 quis
2665 2803 2732 2842 ex
2762 2783 3211 2858 particularibus
3245 2781 3582 2838 hominibus
3612 2797 3710 2835 na—

2071 2885 2262 2935 turam
2295 2878 2656 2942 eorumdem,
2691 2875 3118 2947 anthropoteta,
3149 2873 3205 2927 id
3253 2875 3344 2927 est
3372 2869 3708 2926 humanita-

2070 2973 2188 3025 tem
2213 2971 2301 3040 (ut
2331 2967 2499 3022 nobis
2528 2967 2610 3021 ita
2641 2965 2964 3021 secundum
2986 2965 3244 3018 Graecum
3277 2961 3466 3015 dicere
3495 2958 3709 3029 liceat),

2073 3062 2130 3114 et
2158 3075 2225 3113 ex
2255 3057 2423 3129 equis
2467 3053 2919 3127 particularibus
2959 3053 3148 3123 ipsam
3181 3049 3500 3120 hippoteta,
3534 3047 3591 3101 id
3624 3049 3714 3102 est

2073 3147 2388 3219 equitatem
2433 3141 2968 3215 comprehenderit;
3002 3145 3178 3212 atque
3210 3139 3293 3193 sic
3323 3133 3715 3192 universalem

2077 3235 2374 3290 hominem
2406 3238 2462 3288 et
2490 3230 2878 3288 universalem
2898 3244 3115 3301 equum
3139 3230 3334 3282 mente
3356 3222 3715 3294 conceperit;

321 3281 459 3304 "'IT
504 3281 808 3305 ""‘|"|"'
883 3281 967 3286 ""'
1026 3281 1071 3286 "
1122 3281 1354 3296 ”“’⁷ν⁷’“”“
1404 3281 1732 3302 “”⁷’”Ι““’“⁷⁷,
1765 3281 1853 3289 ’⁷⁷⁷⁷
1917 3281 1964 3288 *ν

318 3317 550 3374 καθόλου
607 3314 879 3395 ἔμψυχον,
926 3319 1014 3374 καὶ
1078 3321 1142 3376 τὸ
1195 3321 1432 3377 καθόλου
1487 3327 1664 3396 σῶμα,
1723 3324 1812 3378 καί
1866 3324 1964 3391 τὴν

2086 3281 2374 3290 ⁵⁴“’⁵⁵¹“⁸⁴“¹’⁵⁶“
2409 3281 2461 3288 ’⁷⁷
2496 3281 2875 3288 ’““·’“”””““““““⁷
2906 3281 3069 3301 "1""’
3102 3281 3145 3282 ί·
3536 3281 3554 3294 ι
3702 3281 3713 3291 υ

2086 3329 2136 3380 st
2174 3322 2490 3396 (praeterea)
2535 3318 2861 3376 universale
2919 3313 3136 3372 animal
3193 3331 3260 3370 ex
3320 3310 3718 3385 singularibus

318 3406 768 3478 καθολικωτάτην
825 3408 1008 3462 οὐσίαν
1058 3408 1109 3479 ἐξ
1162 3407 1405 3465 ἁπάντων
1475 3409 1965 3487 συλλογισάμενος,

321 3495 624 3557 ὁτοιοῦτος
653 3496 705 3550 ἐν
735 3500 803 3571 τῇ
837 3497 1026 3552 ἑαυτοῦ
1071 3496 1279 3569 διανοίᾳ
1323 3501 1391 3554 τὰ
1436 3501 1566 3574 γένη
1607 3502 1696 3554 καὶ
1732 3502 1800 3555 τὰ
1851 3498 1966 3570 εἷ’δη

319 3582 500 3647 ὰΰλως
549 3584 849 3656 ὑπέστησεν
911 3579 999 3641 ἐπὶ
1047 3593 1164 3650 τοῖς
1216 3586 1473 3655 πολλοῖς,
1532 3591 1774 3645 τουτέστι
1840 3590 1972 3663 μετά

321 3672 387 3728 τὰ
410 3672 609 3730 πολλὰ
629 3668 720 3728 καὶ
753 3675 1135 3751 ὁστιρογινῶς.

395 3943 454 4008 ζ’.
489 3938 688 3995 ’ἰστέον
724 3934 782 3995 δὲ
810 3936 892 3995 ὅτι
945 3943 1118 3996 πάντα
1170 3941 1264 4015 μὲν
1311 3944 1378 3997 τὰ
1425 3943 1550 4018 γένη
1615 3942 1971 4021 λεχθήσονται

324 4025 411 4081 ἐπὶ
440 4034 562 4091 τοῖς
597 4026 857 4099 πολλοῖς,
891 4027 953 4084 ού
982 4029 1151 4085 πάντα
1181 4027 1238 4084 δὲ
1281 4032 1349 4086 τὰ
1395 4030 1535 4102 εἶ’δη.
1566 4034 1635 4088 Τὸ
1689 4035 1790 4110 γὰρ
1845 4033 1902 4089 ὃν
1935 4037 1971 4104 ἢ

323 4116 410 4170 καὶ
467 4123 538 4192 τῇ
604 4116 755 4195 φύσει
814 4119 905 4172 καὶ
951 4123 1020 4192 τῇ
1075 4120 1269 4194 γνώσει
1338 4124 1741 4195 πεπερασμένον
1812 4123 1972 4178 ἐστίν·

321 4205 358 4272 ἢ
409 4201 537 4262 οὐδὲ
585 4210 657 4280 τῇ
704 4205 858 4284 φύσει
905 4204 1032 4262 οὐδὲ
1083 4212 1152 4281 τῇ
1200 4209 1416 4283 γνώσει·
1469 4210 1504 4279 ἢ
1553 4213 1620 4283 τῇ
1671 4210 1822 4289 φύσει
1881 4213 1973 4286 μὲν

324 4295 681 4369 πεπέρασται,
728 4297 799 4370 τῇ
863 4297 1053 4372 γνώσει
1107 4295 1165 4351 δὲ
1209 4297 1272 4352 οὗ
1316 4298 1662 4374 πεπέρασται·
1711 4298 1864 4355 οὐδὲν
1920 4299 1976 4356 δέ

323 4383 429 4438 πού
483 4383 600 4440 ἐστι
643 4388 712 4450 τῆ
766 4385 960 4461 γνώσει
1026 4388 1451 4461 πεπερασμένον,
1501 4383 1720 4463 ἄπειρον
1787 4387 1846 4442 ὃν
1908 4393 1976 4462 τῇ

375 4471 390 4492 Ι

326 4491 500 4548 φυσει.

395 4579 468 4649 η’.
515 4577 736 4633 Τούτων
794 4579 967 4642 οὕτως
1040 4580 1302 4656 ἐχόντων,
1348 4585 1416 4638 τὰ
1488 4584 1579 4658 μὲν
1647 4586 1980 4660 γενικώτατα

2079 3413 2302 3468 ratione
2331 3409 2660 3482 collegerit;
2713 3412 2770 3463 et
2817 3403 3145 3460 universale
3191 3402 3469 3471 sentiens,
3497 3405 3554 3455 et
3582 3400 3720 3454 uni-

2077 3500 2299 3558 versale
2344 3499 2691 3562 animatum,
2743 3501 2800 3551 et
2843 3493 3168 3550 universale
3223 3505 3456 3562 corpus,
3484 3492 3541 3545 et
3588 3487 3718 3542 uni-

2082 3588 2534 3646 versalissimam
2567 3583 2957 3641 substantiam
2985 3598 3054 3637 ex
3076 3581 3351 3636 omnibus
3383 3577 3720 3650 complexus

2080 3675 2182 3734 98
2213 3677 2405 3743 fuerit,
2437 3675 2574 3731 talis
2621 3675 2682 3729 in
2731 3673 2960 3728 dianoea
2999 3687 3108 3726 sua
3135 3683 3348 3741 genera
3395 3670 3453 3722 et
3498 3667 3721 3739 species

2080 3765 2546 3822 immaterialiter
2565 3763 2650 3817 ἐπι
2681 3767 2798 3822 τοῖς
2827 3756 3086 3826 πολλοῖς,
3107 3759 3220 3815 hoc
3239 3762 3348 3829 est,
3375 3760 3507 3828 post
3536 3753 3724 3810 multa

2082 3861 2140 3913 et
2168 3853 2538 3928 generatione
2569 3851 2886 3929 posteriore
2916 3847 3238 3906 constituit.

2152 3947 2208 3999 7.
2241 3940 2554 3999 Sciendum
2599 3946 2794 3996 autem
2824 3939 3024 3996 omnia
3071 3936 3308 4010 quidem
3356 3949 3586 4007 genera,
3621 3931 3723 3988 sed

2085 4049 2200 4090 non
2226 4047 2430 4089 omnes
2452 4030 2694 4102 species,
2720 4032 2851 4101 post
2878 4026 3063 4082 multa
3082 4025 3194 4081 dici
3216 4040 3405 4097 posse.
3431 4019 3545 4078 Ens
3567 4017 3723 4076 enim

2085 4123 2173 4178 vel
2203 4129 2261 4178 et
2291 4125 2500 4176 natura
2518 4124 2576 4174 et
2607 4118 2934 4191 cognitione
2957 4115 3336 4172 terminatum
3364 4116 3480 4179 est;
3511 4105 3600 4165 vel
3633 4125 3728 4164 ne-

2088 4227 2199 4284 que
2229 4215 2439 4266 natura
2467 4221 2657 4280 neque
2686 4206 3018 4279 cognitione
3053 4221 3065 4258 :
3098 4202 3185 4259 vel
3230 4206 3440 4257 natura
3489 4199 3725 4270 quidem

2086 4301 2465 4358 terminatum
2495 4303 2604 4366 est,
2631 4295 2957 4368 cognitione
2984 4299 3179 4348 autem
3206 4290 3578 4346 terminatum
3612 4301 3726 4341 non

2087 4397 2206 4458 est;
2249 4389 2395 4444 nihil
2443 4393 2638 4443 autem
2690 4385 2922 4458 uspiam
2975 4380 3300 4454 cognitione
3347 4376 3726 4434 terminatum

2088 4485 2195 4547 est,
2229 4479 2380 4550 quod
2417 4482 2621 4532 natura
2649 4475 2945 4529 inﬁnitum
2973 4472 3070 4526 sit.

2157 4587 2211 4640 8.
2246 4584 2380 4649 Quae
2413 4599 2545 4639 cum
2583 4581 2668 4637 ita
2714 4597 2775 4636 se
2821 4577 3094 4647 habeant,
3127 4573 3568 4649 generalissima
3596 4570 3724 4642 qui-

327 4646 457 4742 γένη
489 4669 585 4722 καὶ
631 4669 699 4724 τὰ
748 4668 1042 4743 ὑπάλληλα
1069 4646 1180 4728 ’καὶ
1229 4646 1380 4752 φύσει
1426 4646 1516 4730 καὶ
1563 4646 1762 4750 γνώσει
1817 4677 1964 4732 πεπέ·

2089 4673 2222 4728 dem
2255 4677 2313 4726 et
2341 4668 2680 4726 subalterna
2706 4682 2920 4740 genera
2961 4646 3092 4720 cum
3130 4646 3340 4718 natura
3367 4666 3496 4717 tum
3526 4658 3726 4731 cogni-

319 4772 542 4829 ρασται.
606 4759 743 4814 Δέκα
772 4759 914 4836 ςγάρ
985 4758 1086 4816 εἰσι
1153 4761 1222 4816 τὰ
1283 4762 1410 4837 γένη
1486 4763 1554 4818 τὰ
1626 4766 1976 4840 γενικώτατα·

332 4843 616 4923 ὡρισμένα
640 4845 698 4903 δέ
724 4866 786 4924 γε
816 4849 906 4903 καὶ
935 4849 1002 4904 τὰ
1034 4845 1349 4921 ὑπάλληλα.

401 5028 464 5083 θ’.
497 5031 570 5085 Τὸ
614 5028 672 5086 δὲ
718 5037 823 5087 τῶν
868 5032 1087 5106 ἀτόμων
1137 5030 1350 5101 πλῆθος
1399 5028 1520 5087 οὔτε
1562 5036 1630 5106 τῇ
1681 5031 1833 5111 φύσει
1865 5029 1993 5109 οἰῖτε

330 5120 399 5190 τῇ
431 5121 627 5194 γνώσει
676 5123 1075 5196 πεπερασμένον
1132 5122 1294 5178 ἐστίν.
1345 5120 1456 5175 Ἀεὶ
1504 5122 1603 5196 γὰρ
1651 5121 1851 5197 γίνεται
1899 5143 1993 5186 κα)

332 5201 411 5260 ἀεὶ
444 5204 740 5286 φθείρεται,
771 5211 860 5265 καὶ
893 5207 1017 5266 οὔτε
1055 5207 1220 5286 πέρας
1268 5209 1370 5264 ὑπὸ
1421 5213 1521 5277 τῆς
1577 5207 1785 5286 φύσεως
1835 5207 1988 5281 εῗλη-

335 5313 452 5372 φιν,
485 5291 610 5353 οὔτε
636 5297 699 5353 τὸ
729 5298 956 5374 γεγονὸς
997 5300 1254 5372 στάσιμον
1305 5295 1539 5374 ὑπάρχει
1581 5293 1670 5351 καὶ
1734 5297 1987 5372 μόνιμον.

334 5382 407 5440 τὸ
438 5383 497 5441 δε
523 5385 770 5442 τοιοῦτον
801 5387 918 5450 πῶς
947 5392 1015 5462 τῇ
1047 5389 1242 5463 γνώσει
1273 5383 1738 5465 περιληφθήσεται
1764 5407 1777 5455 ;

417 5569 466 5621 ι’.
499 5570 577 5623 Τὰ
623 5566 681 5624 δὲ
730 5566 1050 5625 εῗδικώτατα
1097 5564 1212 5637 ε’ἰὸη
1261 5570 1330 5640 τῇ
1403 5565 1496 5639 μὲν
1557 5563 1706 5642 φύσει
1756 5563 1990 5639 πεπέρα-

346 5677 488 5730 σται,
536 5663 603 5732 τῇ
674 5658 872 5734 γνώσει
940 5654 997 5712 δέ
1062 5656 1192 5711 εἰσιν
1242 5653 1602 5731 ἀπερίληπτα.
1659 5649 1849 5707 [Ιολλά
1889 5651 1989 5727 γὰρ

346 5747 482 5819 ἡμῖν
536 5742 779 5824 ἄγνωστα
816 5749 924 5801 τῶν
972 5744 1234 5800 τοιούτων
1294 5741 1470 5814 εἰδῶν,
1529 5742 1564 5811 ἢ
1621 5739 1672 5796 ἐν
1733 5739 1987 5816 ἐρημίαις

1297 6347 1312 6354 ›
1329 6349 1630 6378 ..ἢκ-ιηνσιάιη-εο-ἰᾸ-ιδ
1649 6355 1670 6372 .I
1781 6369 1794 6371 -Δ

2091 4763 2249 4818 tione
2305 4759 2619 4815 terminata
2675 4760 2833 4812 sunt.
2863 4753 3070 4810 Decem
3129 4751 3284 4808 enim
3316 4755 3456 4807 sunt
3517 4764 3732 4821 genera

2091 4848 2559 4923 generalissima;
2593 4844 2761 4900 {inita
2799 4848 2992 4899 autem
3025 4845 3164 4897 sunt
3193 4841 3337 4912 quin
3381 4839 3558 4895 etiam
3590 4836 3728 4892 sub-

2093 4937 2319 4994 alterna
2345 4951 2576 5009 genera.

2164 5026 2219 5081 9.
2252 5030 2324 5081 At
2352 5023 2786 5080 individuorum
2819 5019 3130 5076 multitudo
3172 5035 3357 5090 neque
3398 5020 3606 5072 natura
3636 5031 3735 5070 ne-

2098 5133 2212 5188 que
2241 5111 2570 5187 cognitione
2622 5111 2936 5166 terminata
2972 5113 3078 5165 est.
3113 5106 3354 5180 Semper
3397 5106 3551 5160 enim
3601 5120 3735 5159 cum

2099 5207 2451 5278 generantur
2492 5204 2616 5257 tum
2666 5202 3142 5271 corrumpuntur,
3191 5202 3248 5252 et
3293 5212 3402 5251 noc
3448 5211 3482 5249 a
3529 5197 3740 5249 natura

2097 5294 2415 5351 terminum
2451 5292 2816 5362 acceperunt,
2843 5303 2949 5343 nec
2980 5303 3113 5342 cum
3136 5289 3408 5360 generata
3437 5286 3596 5349 sunt,
3627 5287 3740 5337 sta-

2099 5383 2241 5440 bilia
2270 5382 2562 5438 exsistunt
2590 5387 2645 5434 et
2674 5380 3037 5450 permanent.
3069 5377 3141 5431 At
3173 5373 3326 5448 quod
3351 5369 3466 5428 tale
3496 5375 3604 5439 est,
3636 5368 3738 5442 qui

2098 5473 2428 5545 cognitione
2455 5467 2978 5540 comprehendetur
2991 5465 3020 5519 ‘?

2171 5562 2256 5617 10.
2289 5561 2420 5616 Jam
2450 5574 2582 5614 vero
2613 5554 3048 5628 specialissimae
3099 5551 3322 5624 species
3370 5553 3579 5605 natura
3605 5547 3736 5619 qui-

2100 5653 2233 5707 dem
2262 5648 2583 5705 terminatae
2616 5645 3116 5716 sunt,cognitione
3137 5647 3331 5696 autem
3355 5642 3493 5695 sunt
3513 5637 3734 5693 incom-

2099 5736 2536 5811 prehensibiles.
2562 5734 2753 5791 Multae
2783 5734 2937 5788 enim
2981 5748 3050 5787 ex
3093 5728 3376 5801 ejusmodi
3431 5724 3735 5802 speciebus
