4096 6472
356 389 472 450 ’763
1608 399 2029 464 NlCEPHORI
2072 402 2507 465 BLEMMIDE
3630 406 3744 468 764

355 525 665 600 incognita
696 530 796 584 99
829 535 965 586 sunt
997 533 1186 599 nobis,
1217 552 1351 592 cum
1382 536 1470 591 vel
1517 541 1574 595 in
1628 542 1873 597 desertis
1906 543 1993 598 in-

2131 531 2353 600 ὶϐάτοις,
2418 537 2451 604 ἢ
2523 536 2573 590 ἐν
2630 534 2920 606 σπηλαίοις
2985 531 3109 592 ὄντα
3179 535 3268 594 καὶ
3326 537 3421 606 τήν
3479 538 3743 616 ἡμετέραν

359 619 610 674 accessis
639 620 722 675 vel
756 620 814 676 in
847 622 1143 694 speluncis
1172 625 1290 681 sint
1311 633 1685 702 nostramque
1716 635 1991 699 cognitio-

359 723 490 762 nem
529 709 826 780 etfugiant.

432 799 516 854 11.
540 800 835 863 Quatenus
857 803 1037 877 igitur
1058 807 1290 877 quidem
1315 827 1518 868 omnes
1540 815 1763 885 species
1788 822 1995 872 natura

357 890 680 944 terminatas
729 897 885 960 sunt,
928 895 1145 964 quievit
1195 899 1348 954 Deus
1396 901 1468 956 ab
1517 905 1789 973 operibus
1841 909 1992 973 suis;

358 979 643 1034 diversam
675 981 829 1036 enim
881 985 953 1040 ab
1002 985 1118 1042 illis
1168 1005 1315 1059 quas
1365 993 1643 1060 condidit,
1675 1012 1787 1049 non
1839 996 1992 1052 facit.

358 1069 652 1132 Quatenus
685 1076 878 1127 autem
923 1073 1225 1132 individua
1270 1080 1459 1136 adhuc
1489 1090 1857 1154 generantur,
1892 1103 1996 1141 nec

359 1163 633 1213 anatura
680 1160 888 1216 horum
939 1166 1230 1234 generatio
1280 1169 1470 1224 adhuc
1516 1175 1828 1228 terminata
1876 1180 1993 1242 est;

359 1249 529 1301 Pater
558 1247 788 1302 Domini
823 1267 1007 1318 usque
1055 1253 1110 1307 in
1166 1272 1418 1324 praesens
1467 1266 1757 1331 operatur,
1791 1264 1996 1319 Filius-

363 1352 475 1405 que
505 1343 779 1407 operatur
811 1358 822 1395 :
859 1341 999 1410 quin
1031 1347 1088 1398 et
1115 1343 1300 1415 liquet
1339 1351 1490 1418 quod
1539 1351 1866 1408 Paracletus
1897 1355 1996 1426 qui

361 1424 539 1480 simul
590 1427 788 1482 omnia
837 1431 1113 1499 condidit,
1147 1433 1322 1489 simul
1378 1443 1647 1509 operetur
1691 1447 1747 1496 et
1794 1424 1998 1498 hrec—et

363 1515 787 1586 providentiam
819 1523 876 1573 et
905 1519 1401 1592 dispensationem
1432 1532 1489 1582 et
1520 1530 1828 1587 mirabilia.

435 1606 520 1659 12.
553 1606 728 1662 Porro
751 1609 903 1662 haud
931 1611 1319 1680 ignorandum
1345 1621 1451 1686 est,
1481 1620 1632 1688 quod
1654 1620 1814 1676 Plato
1837 1623 2000 1694 quin-

362 1710 474 1765 que
498 1695 651 1750 dicat
670 1697 892 1751 entium
917 1714 1161 1770 genera:
1186 1704 1996 1778 substantiam,identitatem,

363 1783 1028 1851 diversitatem,motum
1081 1796 1138 1844 et
1186 1795 1435 1860 statum;
1472 1797 1859 1855 substantiam
1911 1802 1998 1856 in-

2105 631 2299 698 γνῶσιν
2331 622 2790 701 διαδιδράσκοντα.

2181 807 2266 862 ια’.
2295 805 2432 860 Καθὸ
2485 807 2576 878 μέν
2628 805 2718 860 οὖν
2770 807 2941 862 πάντα
2986 807 3053 862 τὰ
3101 805 3218 876 εἶ’δη
3267 811 3336 880 τῇ
3382 807 3533 885 φύσει
3585 808 3745 862 πεπέ-

2107 913 2315 968 ρασται,
2347 896 2672 950 κατέπαυσεν
2723 897 2750 950 ό
2801 898 2930 958 Θεὸς
2978 895 3083 950 ἀπὸ
3131 896 3341 951 πάντων
3397 901 3504 951 τῶν
3574 895 3744 972 ἔργων

2106 983 2288 1038 αὐτοῦ·
2341 985 2575 1060 ἑτεροῖον
2625 987 2728 1059 γάρ
2781 987 2853 1039 ὧν
2902 985 3150 1056 ἐποίησεν
3202 985 3263 1040 οὐ
3311 992 3476 1040 ποιεῖ·
3523 987 3655 1049 καθὸ
3695 983 3751 1041 δέ

2104 1073 2171 1128 τά
2218 1072 2392 1145 ἄτομα
2440 1075 2640 1149 γίνεται
2687 1073 2786 1146 ἔτι,
2825 1075 2914 1129 καὶ
2963 1072 3116 1129 οὔπω
3163 1075 3490 1151 πεπέρασται
3548 1074 3752 1129 τούτων

2107 1166 2141 1232 ἡ
2172 1164 2371 1238 γένεσις
2406 1163 2507 1217 ὑπὸ
2535 1164 2762 1241 φύσεως·
2807 1165 2835 1217 6
2873 1165 3057 1237 Πατὴρ
3087 1169 3184 1218 τοῦ
3232 1163 3432 1240 Κυρίου
3479 1161 3584 1226 ἓως
3637 1162 3752 1236 ἄρτι

2110 1252 2404 1326 ἐργάζεται,
2436 1253 2525 1307 καὶ
2574 1255 2600 1307 6
2634 1254 2754 1313 Υἱὸς
2802 1253 3101 1327 ἐργάζεται·
3155 1251 3327 1322 δῆλον
3381 1251 3428 1306 δ’
3473 1253 3555 1307 ὅτι
3606 1253 3751 1308 καὶὸ

2109 1343 2555 1416 συμπαντουργὸς
2651 1341 3007 1417 Παράκλητος
3107 1343 3501 1418 συνεργάζεται,
3591 1343 3756 1396 ταῦτά

2105 1452 2164 1484 τε
2193 1431 2405 1492 καὶτὰς
2438 1432 2694 1504 προνοίας
2734 1430 2820 1486 καῖ
2868 1432 2962 1492 τὰς
3019 1430 3334 1503 οἰκονομίας
3381 1431 3469 1485 καὶ
3514 1432 3582 1485 τὰ
3632 1443 3754 1494 θαυ-

2113 1522 2294 1592 μάσια.

2183 1611 2271 1684 ιβ’.
2307 1611 2422 1684 Χρὴ
2472 1608 2528 1664 δέ
2579 1611 2858 1685 γινώσκειν
2930 1610 3007 1672 ὡς
3055 1609 3084 1662 6
3125 1607 3354 1664 Πλάτων
3407 1610 3565 1664 πέντε
3629 1608 3753 1684 γένη

2109 1703 2214 1754 τῶν
2275 1695 2443 1753 ὄντων
2523 1699 2705 1775 φησίν·
2777 1699 2980 1769 οὐσίαν,
3053 1699 3372 1768 ταυτότητά,
3446 1698 3754 1774 ἑτερότητα,

2111 1787 2319 1858 κίνησιν
2363 1788 2452 1843 καὶ
2496 1790 2700 1843 στάσιν·
2755 1787 2934 1843 οὐσίαν
2984 1787 3156 1863 λέγων
3205 1789 3306 1855 τήν
3356 1787 3544 1849 ἁπλῶς
3589 1787 3756 1858 ὕπαρ-

365 1872 573 1942 quiens
602 1890 730 1929 eam
762 1892 892 1946 quae
923 1876 1269 1949 simpliciter
1305 1887 1395 1938 est
1439 1885 1803 1944 exsistentia:
1839 1890 2000 1945 iden-

2131 1886 2208 1946 ξιν,
2253 1877 2554 1946 ταυτότητά
2618 1880 2715 1946 τήν
2774 1876 3073 1945 κοινωνίαν,
3130 1877 3419 1953 ἑτερότητα
3483 1878 3584 1945 τὴν
3645 1873 3756 1931 δια-

363 1962 612 2030 titatem,
629 1968 1134 2034 communitatem;
1159 1971 1998 2044 diversitatem,diﬂerentiam;

366 2056 616 2119 motum,
675 2058 901 2122 actum;
963 2061 1181 2113 statum
1239 2077 1372 2116 cum
1431 2066 1707 2135 quietem,
1753 2067 1859 2123 hoc
1917 2074 2005 2123 est

364 2139 542 2208 hujus
572 2140 822 2213 alicujus
854 2150 1048 2200 motus
1078 2149 1484 2222 abjectionem,
1507 2159 1631 2209 tum
1664 2155 1722 2210 in
1755 2174 1819 2213 eo
1850 2160 2003 2229 quod

369 2228 589 2300 aliquid
649 2236 928 2301 movetur,
990 2239 1384 2308 mansionem;
1445 2245 1767 2300 secundum
1827 2264 2000 2318 quam

366 2319 540 2373 etiam
585 2319 726 2375 ccelo
775 2325 832 2376 et
879 2323 1089 2380 divinis
1143 2332 1363 2384 statum
1423 2332 1656 2400 tribuit;
1687 2335 1744 2389 in
1802 2337 2003 2392 eodem

368 2409 525 2463 enim
557 2425 787 2479 semper
817 2415 1032 2468 moveri
1076 2420 1293 2472 statum
1335 2420 1629 2478 declarare
1658 2424 1818 2479 dicit.
1853 2429 2004 2492 Quo-

369 2496 525 2550 niam
556 2496 736 2568 igitur
775 2498 831 2553 in
866 2502 1139 2558 omnibus
1182 2506 1415 2562 entibus
1444 2513 1500 2563 et
1527 2513 1867 2569 exsistentia
1897 2520 2002 2581 est,

369 2589 426 2640 et
466 2587 856 2643 communitas
906 2589 1345 2666 diti'erentiaque
1395 2599 1549 2654 100
1597 2606 1822 2669 mutua,
1857 2606 2007 2658 actio

369 2673 508 2729 item
557 2679 616 2730 et
663 2680 850 2732 status
901 2681 1146 2737 actionis
1192 2685 1662 2760 qualiscunque:
1698 2693 1824 2748 ideo
1871 2694 2012 2749 talia

371 2763 594 2819 entium
623 2781 835 2836 genera
866 2770 1180 2840 appellant,
1214 2776 1366 2846 quod
1401 2777 1460 2832 in
1492 2779 1696 2835 multis
1728 2797 1855 2853 quae
1885 2783 2010 2854 qui-

373 2853 506 2908 dem
545 2858 703 2924 sunt,
735 2861 1088 2928 spectentur.

447 2943 532 2998 13.
567 2944 904 3001 Aristoteles
937 2953 1130 3005 autem
1172 2952 1227 3007 in
1272 2954 1530 3027 physicis
1561 2958 1795 3029 quidem
1827 2965 2009 3017 mate-

378 3031 524 3087 riam
557 3033 719 3105 ponit
747 3052 850 3106 pro
879 3053 1118 3109 genere;
1151 3040 1208 3095 in
1240 3041 1426 3115 logica
1449 3051 1644 3103 autem
1671 3052 2014 3107 tractatione

376 3120 573 3177 decem
627 3125 1094 3194 praedicamenta,
1134 3146 1346 3202 genera
1393 3137 1835 3204 generalissima
1883 3157 2013 3212 pro-

375 3212 610 3266 nuntiat
642 3229 654 3265 :
690 3215 1106 3277 substantiam.
1143 3225 1450 3290 quantum,
1484 3226 1676 3295 quale,
1729 3229 1799 3282 ad
1851 3230 2014 3301 quid,

375 3298 496 3367 ubi,
531 3303 784 3372 quando,
819 3320 1008 3376 agere,
1043 3307 1182 3377 pati,
1216 3309 1447 3371 habere.
1483 3314 1660 3370 situm
1692 3333 1841 3372 esse.

448 3390 535 3444 14.
568 3390 786 3447 Horum
820 3395 1064 3464 quodvis
1103 3400 1160 3452 et
1203 3401 1426 3470 species
1474 3404 1929 3474 specialissimas
1959 3412 2016 3464 et

375 3493 589 3550 genera
618 3480 958 3538 subalterna
981 3484 1176 3541 habet.

450 3569 534 3622 15.
567 3569 650 3624 Ex
679 3572 982 3640 speciebus
1013 3579 1209 3630 autem
1239 3580 1679 3650 specialissimis
1709 3587 2012 3643 confertim

378 3655 439 3710 in
467 3656 770 3714 individua
791 3661 856 3715 ﬁt
878 3661 1111 3732 divisio;
1147 3681 1270 3736 quae
1299 3685 1403 3724 nec
1423 3670 1628 3728 divisio
1651 3678 1740 3730 est
1763 3676 2012 3748 proprie,

379 3745 480 3800 sed
510 3748 891 3804 enumeratio.
916 3753 1102 3816 Quare
1132 3754 1302 3813 etiam
1335 3759 1512 3832 aliqui
1545 3745 1776 3834 species
1796 3745 2016 3835 specia-

379 3833 640 3890 lissimas
697 3853 908 3908 genera
963 3840 1264 3901 individua
1318 3850 1698 3908 nominarunt
1747 3872 1760 3910 :
1807 3871 2019 3926 genera

382 3923 641 4013 quidem,
657 3929 808 3996 quod
833 3933 1330 4001 comprehendant
1350 3945 1541 4008 partes
1566 3942 1676 3997 sibi
1701 3923 2016 4013 subiectas,

379 4011 684 4069 individua
702 4032 853 4084 vero,
883 4021 1036 4088 quod
1058 4021 1234 4077 dividi
1257 4041 1368 4080 non
1389 4029 1842 4098 possint.Genus
1863 4033 2016 4088 enim

384 4103 540 4172 quod
572 4102 853 4159 dividitur
880 4110 1206 4166 necessario
1238 4113 1298 4169 in
1326 4117 1549 4186 species
1579 4119 1874 4177 dividitur.

457 4191 544 4247 16.
577 4193 946 4251 Individuum
978 4202 1172 4255 autem
1214 4208 1466 4273 quatuor
1493 4207 1787 4278 signiﬁcat
1819 4227 1831 4264 :
1865 4213 2020 4282 quod

383 4279 563 4334 dividi
594 4298 709 4337 non
755 4287 964 4355 potest,
989 4293 1277 4357 quatenus
1326 4299 1518 4364 partes
1569 4314 1684 4352 non
1730 4279 1926 4364 habet,
1958 4307 2024 4355 ut

383 4373 665 4440 punctum
697 4377 754 4426 et
784 4391 939 4430 nunc
969 4380 1026 4431 et
1063 4379 1278 4449 unitas,
1315 4399 1442 4452 quae
1473 4385 1646 4440 etiam
1677 4389 2022 4458 quantitatis

382 4459 636 4529 expertia
667 4460 972 4531 dicuntur;
1027 4469 1179 4536 quod
1223 4470 1536 4527 difﬁculter
1581 4476 1761 4530 secari
1813 4481 2021 4548 potest,

382 4552 449 4603 ut
477 4549 717 4605 adamas
749 4550 927 4624 lapis;
960 4557 1212 4625 speciem
1259 4561 1744 4632 specialissimam
1777 4568 1927 4637 quod
1963 4567 2022 4622 in

2112 1967 2302 2045 φορὰν,
2352 1966 2563 2037 κίνησιν
2627 1969 2727 2035 τὴν
2786 1966 3074 2042 ἐνέργειαν,
3135 1968 3314 2022 στάσιν
3354 1969 3452 2037 τήν
3512 1987 3572 2021 τε
3632 1967 3756 2042 ἠρε-

2117 2056 2261 2127 μίαν,
2302 2053 2472 2130 ἤγουν
2535 2056 2633 2123 τήν
2699 2050 2981 2124 ἀποϐολὴν
3047 2058 3146 2124 τῆς
3207 2053 3422 2110 τοιᾶσδε
3475 2057 3762 2124 κινήσεως,

2112 2143 2199 2197 καὶ
2231 2145 2330 2212 τὴν
2362 2143 2519 2216 έντῷ
2570 2147 2829 2198 κινεῖσθαι
2888 2146 3078 2217 μονὴν,
3111 2145 3228 2208 καθ’
3275 2146 3340 2213 ἣν
3396 2144 3486 2197 καὶ
3533 2149 3618 2215 τῷ
3675 2143 3762 2198 οὖ-

2115 2236 2257 2306 ρανῷ
2287 2231 2376 2286 καὶ
2422 2238 2538 2294 τοῖς
2596 2232 2760 2296 θείοις
2811 2229 2998 2287 δίδωσι
3053 2233 3254 2287 στάσιν·
3306 2233 3369 2286 τὸ
3417 2232 3518 2306 γὰρ
3576 2231 3662 2286 ἀεὶ
3719 2231 3768 2285 έν

2114 2326 2192 2392 τῷ
2241 2321 2386 2393 αὖτῷ
2432 2328 2692 2384 κινεῖσθαι
2746 2323 2924 2376 στάσιν
2976 2321 3124 2396 λέγει
3176 2319 3400 2392 δηλοῦν.
3452 2321 3603 2374 Ἐπεὶ
3655 2321 3764 2375 τοί-

2113 2433 2201 2464 νυν
2261 2411 2310 2464 έν
2377 2417 2492 2473 τοῖς
2559 2411 2677 2465 οὖσι
2747 2411 2836 2464 καὶ
2905 2411 3126 2486 ὕπαρξις
3189 2410 3296 2464 ἐστι
3363 2409 3452 2463 καὶ
3509 2409 3765 2463 κοινωνία

2114 2501 2250 2576 πρὸς
2312 2498 2534 2570 ἄλληλα
2589 2501 2677 2554 καὶ
2738 2497 2988 2577 διαφορὰ,
3032 2499 3267 2575 ἐνέργειά
3323 2520 3380 2553 τε
3437 2499 3525 2552 καὶ
3582 2499 3766 2558 στάσις

2115 2597 2214 2658 τῆς
2249 2589 2510 2666 ἐνεργείας
2564 2591 2843 2644 ὁποιαοῦν·
2895 2586 2983 2642 διὰ
3036 2593 3196 2642 τοῦτο
3245 2588 3311 2642 τὰ
3368 2591 3593 2641 τοιαῦτα
3643 2586 3763 2660 γένη

2119 2678 2373 2751 ὀνομάζει
2409 2684 2515 2733 τῶν
2549 2674 2714 2733 ὅντων
2748 2678 2820 2740 ὡς
2850 2675 3084 2739 πολλοῖς
3115 2683 3229 2738 τοῖς
3260 2697 3322 2751 γε
3370 2675 3516 2730 οὖσιν
3577 2674 3765 2728 ένθεω-

2122 2767 2376 2844 ρούμενα.

2199 2949 2278 3024 ιγ’.
2314 2948 2371 3001 Ὁ
2419 2944 2477 3001 δὲ
2525 2943 2910 3022 Ἀριστοτέλης
2958 2943 3008 2998 ἐν
3065 2944 3159 3017 μὲν
3202 2946 3318 3002 τοῖς
3366 2946 3614 3018 φυσικοῖς
3669 2942 3766 3008 τήν

2123 3036 2261 3108 ὕλην
2319 3037 2519 3100 τίθεται
2577 3036 2751 3112 γένος·
2813 3034 2864 3088 ἐν
2921 3032 2977 3089 δὲ
3031 3037 3098 3108 τῇ
3155 3033 3350 3108 λογικῇ
3427 3030 3769 3108 πραγματείᾳ

2121 3127 2218 3189 τὰς
2278 3124 2404 3181 δέκα
2476 3124 2806 3201 κατηγορίας
2879 3124 3006 3199 γένη
3084 3120 3234 3196 λέγει
3290 3121 3356 3175 τά
3412 3121 3766 3194 γενικώτατα·

2127 3216 2326 3288 οὐσίαν,
2376 3216 2564 3286 ποσὸν,
2622 3214 2802 3281 ποιὸν,
2860 3213 2994 3288 πρὸς
3049 3212 3122 3282 τί,
3177 3215 3302 3280 ποῦ,
3360 3209 3512 3279 πότε,
3572 3214 3766 3281 ποιεῖν,

2127 3303 2375 3380 πάσχειν,
2409 3301 2577 3380 ἔχειν,
2607 3308 2832 3366 κεῖσθαι,

2223 3392 2258 3403 ιι-
2312 3400 2348 3403 -
2399 3393 2410 3403 ι
2557 3389 2580 3403 ιι
2827 3387 2851 3403 ν
3069 3389 3083 3403 ε
3164 3385 3213 3403 9h
3299 3387 3309 3403 ι
3531 3382 3580 3402 us
3753 3384 3768 3403 ι

2200 3392 2279 3450 ιδί.
2312 3393 2524 3448 Τούτων
2554 3389 2772 3447 ἕκαστον
2826 3387 2940 3466 ἔχει
2996 3389 3087 3444 καὶ
3135 3385 3456 3442 εἶδικώτατα
3501 3385 3618 3455 εἷ’δη
3682 3385 3769 3440 καὶ

2126 3481 2608 3574 ὑπάλληλαΑγένηο
2683 3566 2726 3574 Α
2890 3570 2899 3574 _
3076 3564 3161 3574 ,μ
3291 3564 3359 3574 η,
3495 3563 3508 3574 .
3599 3562 3624 3574 υ

2198 3575 2274 3626 ιε’.
2310 3573 2402 3626 Ἐκ
2428 3569 2485 3626 δέ
2512 3573 2619 3625 τῶν
2653 3566 3016 3624 εἶδικωτάτων
3046 3564 3202 3622 εἰδῶν
3254 3564 3407 3626 εὐθὺς
3467 3563 3545 3625 εἷς
3594 3562 3773 3635 ἄτομα

2123 3661 2320 3738 γίνεται
2361 3663 2394 3730 ἡ
2428 3657 2706 3735 διαίρεσις·
2740 3658 2860 3727 ἥτις
2899 3655 3024 3712 οὐδὲ
3074 3653 3333 3731 διαίρεσίς
3383 3652 3494 3708 ἐστι
3543 3649 3767 3726 κυρίως,

2125 3750 2251 3806 ἀλλ’
2283 3748 2672 3826 ἆπαρίθμησις.
2707 3748 2799 3802 Διὸ
2830 3745 2919 3801 καί
2947 3766 3088 3806 τινες
3138 3743 3272 3798 αὐτὰ
3323 3741 3391 3797 τὰ
3448 3738 3772 3796 εἷδικώτατα

2127 3837 2244 3910 εἷ’δη
2297 3838 2425 3914 γένη
2487 3837 2772 3910 ὠνόμασαν
2824 3834 3018 3907 ἄτομα·
3069 3834 3194 3908 γένη
3253 3831 3344 3904 μὶν
3404 3829 3480 3891 ὡς
3536 3826 3771 3904 περιλη-

2128 3929 2292 3983 πτικᾶ
2319 3932 2425 3982 τῶν
2461 3927 2548 3981 ὑπ’
2578 3925 2712 3980 αὐτὰ
2745 3928 2944 3998 μερῶν·
3001 3921 3179 3993 ἄτομα
3228 3918 3286 3975 δὲ
3342 3919 3417 3980 ὡς
3476 3915 3770 3993 ἀδιαίρετα.

2127 4019 2198 4072 Τὸ
2222 4017 2326 4092 γὰρ
2360 4015 2735 4091 διαιρούμενον
2785 4013 2938 4089 γένος
2983 4011 3059 4073 εἷς
3107 4007 3223 4079 εἷ’δη
3273 4007 3558 4082 διαιρεῖται
3610 4007 3771 4081 ἀναγ-

2127 4105 2318 4168 καίως.
2531 4159 2552 4180 ο
2850 4192 2864 4202 ι
3136 4189 3146 4202 ⁹
3413 4186 3426 4202 κ
3481 4186 3494 4198 ι
3509 4183 3533 4202 5

2204 4197 2288 4259 ις’.
2323 4193 2584 4266 Σημαίνει
2633 4190 2693 4248 δὲ
2738 4193 2800 4246 τὸ
2845 4192 3046 4263 ἄτομον
3095 4189 3343 4265 τέσσαρα·
3374 4186 3436 4241 τὸ
3471 4183 3771 4260 ἀδιαίρετον

2129 4285 2261 4348 καθὸ
2312 4284 2525 4360 ἀμερὲς,
2570 4282 2643 4344 ὡς
2691 4285 2726 4350 ἡ
2778 4281 3004 4355 στιγμή,
3054 4280 3144 4334 καὶ
3190 4278 3253 4332 τὸ
3298 4281 3408 4348 νῦν,
3450 4274 3541 4329 καὶ
3585 4277 3620 4342 ἡ
3676 4293 3772 4346 μο-

2075 4397 2078 4400 λ
2130 4375 2244 4444 νὰς,
2296 4375 2447 4427 ἅτινα
2492 4372 2580 4426 καὶ
2631 4372 2804 4425 ἄποσα
2855 4368 3089 4444 λέγεται·
3142 4368 3204 4422 τὸ
3244 4364 3571 4438 δόστμητον,
3622 4363 3699 4424 ὡς
3747 4361 3773 4415 6

2133 4461 2363 4535 ἀδάμας,
2398 4460 2570 4525 λίθος·
2616 4462 2676 4514 τὸ
2708 4457 3051 4514 εἰδικώτατον
3084 4453 3225 4518 εἶδος
3259 4453 3349 4554 διά
3399 4453 3461 4507 τὸ
3480 4453 3596 4554 ,1μή
3643 4450 3771 4552 τέμὶ

2131 4553 2307 4606 νεσθαι
2371 4550 2446 4612 είς
2501 4546 2657 4623 ἕτερα
2723 4545 2861 4618 εἴδη·
2922 4547 3011 4602 καὶ
3069 4547 3131 4600 τὸ
3205 4543 3404 4620 κυρίως
3474 4541 3698 4613 ἄτομον,
3746 4541 3772 4592 ὃ

384 4636 530 4693 alias
572 4639 796 4710 species
845 4659 959 4698 non
1009 4627 1338 4712 dividatur;
1368 4652 1516 4707 101
1570 4657 1626 4709 et
1674 4627 1905 4726 proprie
1936 4657 2009 4710 in-

2133 4640 2374 4713 τέμνεται
2430 4640 2546 4712 μὲν,
2581 4638 2642 4693 οὗ
2690 4639 2852 4707 ⁴οώζξει
2899 4634 2957 4691 δὲ
3001 4635 3134 4708 μετὰ
3181 4634 3279 4702 τὴν
3324 4633 3512 4726 τομὴν.
3551 4630 3617 4726 τό
3642 4627 3774 4726 πρό·

385 4726 583 4783 sectile
614 4744 715 4784 seu
761 4729 1151 4799 individuum,
1183 4739 1335 4808 quod
1370 4745 1604 4796 secatur
1631 4743 1890 4813 quidem,
1923 4747 2022 4801 sed

384 4815 634 4886 priorem
666 4820 917 4890 speciem
953 4828 1088 4893 post
1131 4827 1449 4884 sectionem
1500 4847 1612 4885 non
1644 4838 1838 4889 servat
1867 4851 1881 4889 :
1914 4835 2028 4890 vel-

384 4903 468 4957 uti
501 4904 702 4961 Petrus
746 4914 977 4964 secatur
1006 4911 1243 4982 quidem
1292 4913 1352 4970 in
1403 4916 1658 4973 animam
1692 4923 1749 4974 et
1776 4937 2024 4992 corpus;

384 4992 483 5046 sed
517 5009 704 5064 neque
734 4996 929 5053 anima
958 5015 1060 5070 per
1088 5018 1149 5056 se
1179 5004 1468 5074 perfectus
1499 5007 1700 5063 Petrus
1735 5015 1824 5065 est
1852 5011 2024 5082 (quo-

384 5079 544 5135 niam
577 5097 682 5137 nec
711 5082 886 5140 homo
917 5088 1207 5158 perfectus
1236 5094 1366 5164 est),
1401 5112 1590 5165 neque
1621 5112 1853 5169 corpus.

457 5169 542 5222 17.
575 5169 655 5225 De
695 5170 804 5227 hoc
853 5173 1152 5233 individuo
1201 5182 1355 5253 apud
1405 5183 1783 5256 philosophos
1831 5203 2024 5244 sermo

385 5259 494 5323 est,
529 5258 680 5327 quod
715 5258 797 5314 ita
818 5261 1104 5320 deﬁniunt
1133 5283 1146 5320 :
1182 5267 1554 5326 Individuum
1587 5277 1675 5327 est
1704 5274 1856 5346 quod
1888 5291 2025 5330 con-

383 5347 501 5400 stat
537 5361 607 5400 ex
643 5348 1122 5418 proprietatibus,
1155 5371 1405 5425 quarum
1456 5361 1756 5432 congeries
1806 5361 1863 5416 in
1914 5361 2025 5418 alio

383 5449 686 5506 nunquam
719 5437 1096 5509 conspicitur.

2133 4749 2284 4804 τερον
2327 4725 2487 4790 εἶδος·
2535 4729 2647 4782 οἷον
2694 4728 2722 4781 6
2771 4721 2972 4802 Πέτρος
3017 4725 3263 4798 τέμνεται
3325 4722 3432 4821 μὲν,
3469 4719 3548 4821 εἷς

2133 4817 2222 4872 καὶ
2271 4821 2450 4888 σῶμα,
2490 4815 2614 4872 ἀλλ’
2666 4813 2788 4870 οὔτε
2825 4817 2860 4883 ἡ
2911 4815 3063 4889 ψυχὴ
3111 4817 3227 4875 καθ’
3273 4811 3483 4911 ἑαυτήν,
3511 4807 3623 4862 ἐστι
3681 4807 3775 4911 [3e5-

2131 4926 2261 4981 τρος
2287 4905 2520 4977 τέλειος,
2554 4903 2668 4959 ἐπεὶ
2699 4901 2824 4959 οὐδὲ
2862 4904 3144 4978 ἄνθρωπος
3200 4897 3412 4961 τέλειός
3466 4896 3628 4970 ἐστιν,
3658 4896 3776 4950 οὕτε

2131 4995 2193 5050 τὸ
2224 5000 2400 5067 σῶμα.

2211 5180 2288 5244 ιζ’.
2350 5173 2480 5248 Περὶ
2535 5172 2731 5228 τούτου
2780 5176 2875 5226 τοῦ
2933 5165 3140 5244 ἀτόμου
3194 5173 3309 5230 τοῖς
3369 5164 3692 5246 φιλοσόφοις
3747 5163 3773 5215 6

2135 5264 2322 5338 λόγος·
2391 5263 2522 5338 ὅπερ
2589 5258 2938 5316 ἀποδιδόασιν
3004 5259 3196 5321 οὕτως·
3248 5255 3486 5328 ’Ἄτομόν
3556 5255 3665 5310 ἐστι
3712 5253 3771 5308 τὸ

2135 5355 2185 5429 ἐξ
2236 5352 2524 5425 ίδιοτήτων
2591 5350 2959 5428 συγκείμενον,
3010 5351 3083 5404 ὧν
3127 5348 3190 5404 τὸ
3238 5347 3508 5423 ἄθροισμα
3564 5344 3663 5400 οὐκ
3715 5342 3770 5396 ἃν

2136 5443 2328 5522 ὀφθείη
2362 5443 2449 5498 ἐπὶ
2481 5443 2666 5518 ἑτέρου
2695 5439 2845 5497 ποτέ.

4015 8 4023 274 ί

4015 313 4023 422 ί
