4096 6424
329 440 438 502 769

1665 433 2010 496 EPITOME
2055 433 2360 498 LOGICA.

3585 439 3703 499 7.70

327 566 704 645 ηγορούμενον.
753 567 1126 644 Ἐρωτώμενοι
1183 568 1283 642 γὰρ
1339 567 1391 620 τί
1450 567 1586 621 ἐστιν
1639 568 1942 643 ἅνθρωπος,

2089 574 2152 625 ιει
2180 571 2544 642 pradicatur.
2579 569 2634 623 Si
2663 569 2820 624 enim
2862 568 3290 641 interrogamur
3320 571 3453 638 quid
3487 571 3562 626 sit
3592 572 3702 628 ho-

326 658 523 718 οἷκείως
555 657 610 710 ἂν
647 656 895 731 λέγοιμεν
926 655 1006 710 ὅτι
1039 660 1193 724 ζῶον·
1225 657 1629 730 πυνθανομένου
1692 654 1747 711 δέ
1802 677 1949 716 τινος

325 747 500 802 ὁποῖόν
530 767 580 798 τι
614 749 748 814 ζῶον
778 747 806 799 ὁ
838 742 1139 819 ἅνθρωπος,
1165 744 1286 800 τότε
1327 744 1492 800 πάλιν
1547 745 1761 806 οἰκείως
1811 742 1950 800 ἔστιν

322 838 502 906 εἷπεῖν,
537 833 615 889 ὅτι
644 831 871 910 λογικόν
883 879 894 891 .

386 1013 858 1092 ε’.Ὑπογράφουσι
911 1010 968 1068 δὲ
1011 1014 1107 1076 τὰς
1159 1012 1410 1076 τοιαύτας
1470 1013 1560 1068 καὶ
1612 1013 1774 1068 οὕτω·
1828 1021 1954 1068 Δια-

321 1101 451 1179 φορά
480 1100 587 1154 ἐστι
615 1101 676 1155 τὸ
720 1101 979 1176 χωρίζειν
1031 1101 1270 1178 πεφυκὸς
1312 1100 1374 1156 τὰ
1427 1102 1528 1157 ὑπὸ
1573 1102 1636 1156 τὸ
1683 1101 1812 1156 αὐτὸ
1860 1101 1959 1175 γέ-

318 1211 426 1251 νος.
475 1191 545 1242 Τὸ
603 1189 704 1266 γὰρ
763 1187 985 1265 λογικὸν
1053 1191 1140 1245 καὶ
1194 1193 1256 1245 τὸ
1323 1189 1520 1267 ἄλογον
1588 1191 1814 1266 χωρίζει
1863 1189 1954 1244 τὸν

319 1274 586 1352 ἄνθρωπον
613 1279 703 1331 καὶ
733 1279 824 1332 τὸν
846 1275 1045 1350 ἵππον,
1080 1280 1182 1333 ὑπὸ
1211 1279 1274 1334 τὸ
1323 1278 1452 1334 αὐτὸ
1509 1280 1668 1354 γένος
1724 1274 1851 1333 ὄντα
1895 1279 1958 1332 τὸ

319 1370 470 1438 ζῶον.

382 1474 443 1535 ς’.
505 1471 676 1528 Πάλιν
737 1471 968 1552 διαφορά
1029 1475 1194 1543 ἐστιν,
1253 1473 1363 1546 ὅτῳ
1420 1471 1662 1550 διαφέρει
1715 1471 1957 1530 ἕκαστον.

312 1562 634 1637 Ἄνθρωπος
699 1563 800 1638 γὰρ
848 1563 939 1618 καὶ
990 1561 1160 1626 ἵππος
1222 1564 1356 1618 κατᾶ
1416 1564 1510 1634 μὲν
1573 1565 1634 1617 τὸ
1683 1564 1838 1640 γένος
1898 1563 1960 1617 οὐ

312 1646 600 1725 διενήνοχε
654 1652 792 1724 (ζῶα
847 1651 948 1728 γὰρ
1023 1651 1111 1706 καὶ
1177 1651 1500 1729 ἀμφότερα)·
1561 1653 1697 1707 κατὰ
1753 1649 1810 1706 δὲ
1866 1652 1960 1713 τὰς

310 1735 596 1816 διαφορὰς,
629 1736 753 1808 ἤτοι
802 1741 940 1796 κατὰ
985 1741 1048 1795 τὸ
1107 1739 1322 1815 λογικὸν
1373 1740 1463 1796 καὶ
1511 1741 1572 1795 τὸ
1620 1737 1840 1818 άλογον,
1873 1741 1965 1796 ἀπ’

308 1824 578 1898 ἀλλήλων
611 1825 883 1899 διέστηκε.

2063 675 2176 723 mo,
2210 659 2616 714 convenienter
2664 659 2936 724 dicimus,
2980 660 3134 729 quod
3185 659 3401 718 animal
3450 660 3573 714 sit:
3608 662 3699 717 sin

2062 753 2254 802 autem
2305 747 2630 802 sciscitetur
2687 747 2922 818 aliquis,
2956 746 3124 818 quale
3183 749 3319 819 quid
3383 754 3472 804 est
3527 749 3703 805 homo

2063 835 2301 905 animal,
2334 841 2472 890 tunc
2502 837 2712 890 iterum
2759 839 2890 906 apte
2920 836 3108 891 dicere
3152 835 3304 904 licet,
3339 838 3495 910 quod
3529 839 3702 896 ratio-

2065 924 2215 978 nale.

2132 1013 2188 1066 5.
2235 1015 2410 1066 Porro
2471 1011 2876 1082 hujuscemodi
2936 1013 3336 1083 (differentias)
3388 1019 3566 1070 ettam
3620 1016 3704 1072 sic

2066 1099 2454 1155 describunt:
2498 1101 2829 1155 Differentia
2871 1106 2960 1156 est
3007 1102 3160 1172 quod
3210 1102 3536 1159 naturalem
3585 1105 3704 1164 vim

2066 1188 2242 1244 habet
2272 1189 2579 1260 separandi
2626 1205 2693 1243 ea
2719 1205 2845 1260 qua
2882 1195 3021 1244 sunt
3068 1192 3176 1246 sub
3225 1191 3427 1246 eodem
3475 1209 3705 1264 genere.

2068 1275 2292 1331 Etenim
2343 1277 2622 1331 rationale
2649 1281 2708 1331 et
2748 1277 3079 1332 irrationale
3128 1286 3358 1349 separat
3409 1280 3704 1337 hominem

2068 1369 2124 1420 et
2154 1381 2369 1436 equum
2402 1365 2499 1436 qui
2530 1367 2638 1420 sub
2669 1366 2869 1420 eodem
2913 1371 3051 1421 sunt
3077 1383 3306 1438 genere,
3337 1369 3599 1424 animali.

2138 1472 2193 1525 6.
2229 1471 2453 1527 Rursus
2501 1471 2826 1528 differentia
2879 1478 2970 1527 est
3018 1491 3131 1544 quo
3192 1477 3438 1545 quodvis
3495 1477 3704 1534 differt.

2071 1561 2254 1615 Homo
2285 1561 2441 1616 enim
2472 1566 2528 1616 et
2547 1578 2732 1633 equus
2766 1563 3088 1616 secundum
3112 1579 3300 1634 genus
3325 1565 3560 1635 quidem
3592 1584 3708 1623 non

2071 1649 2348 1705 differunt
2375 1650 2570 1719 (ambo
2600 1651 2756 1705 enim
2788 1655 2965 1706 etiam
2998 1651 3273 1708 animalia
3302 1656 3486 1723 sunt),
3511 1672 3712 1711 secun-

2071 1739 2212 1794 dum
2243 1740 2392 1793 ποτ
2427 1738 2785 1794 differentias
2814 1744 3032 1802 autem,
3059 1740 3177 1796 sive
3209 1743 3400 1812 quoad
3431 1743 3711 1804 rationale

2074 1832 2132 1882 et
2162 1826 2518 1898 irrationale,
2547 1827 2833 1884 dissident
2862 1846 2896 1883 a
2924 1846 2986 1884 se
3018 1829 3284 1885 invicem.

383 1935 444 2003 ζ’.
494 1933 762 2010 Λέγονται
811 1932 870 1990 δὲ
919 1937 974 1990 αὶ
1022 1932 1288 1992 ἰδιαίτατα
1343 1935 1596 2014 διαφοραὶ
1645 1935 1963 2011 διαιρετικαὶ

2141 1937 2196 1989 7.
2230 1935 2515 1990 Dicuntur
2544 1939 2740 1990 autem
2771 1935 3106 1990 differentia
3147 1938 3547 2008 pr0priissime
3579 1957 3712 1996 cum

304 2019 391 2077 κᾶὶ
457 2024 790 2080 συστατικαί·
841 2021 1178 2099 διαιρετικαὶ
1232 2027 1326 2098 μὲν
1379 2030 1484 2080 τῶν
1532 2030 1726 2100 γενῶν,
1771 2048 1962 2082 συστα-

309 2112 452 2166 τικαὶ
502 2109 568 2168 δὲ
629 2118 734 2168 τῶν
785 2111 964 2170 εῗδῶν.
1013 2115 1086 2168 Τὸ
1132 2115 1235 2190 γὰρ
1289 2119 1447 2187 σῶμα
1500 2114 1590 2169 καὶ
1631 2115 1695 2170 τὸ
1742 2115 1963 2189 ἀσώμα-

307 2221 398 2255 τον
457 2199 735 2278 διαιροῦσι
791 2205 890 2272 τὴν
945 2202 1148 2258 οὐσίαν·
1207 2205 1270 2258 τὸ
1329 2201 1386 2258 δὲ
1442 2202 1691 2279 ἔμψυχον
1758 2206 1846 2259 καὶ
1905 2206 1965 2259 τὸ

306 2285 520 2365 ἄψυχον
601 2288 870 2364 διαιροῦσι
917 2293 981 2347 τὸ
1037 2296 1214 2366 σῶμα·
1260 2293 1349 2346 καὶ
1394 2295 1457 2347 τὸ
1513 2293 1825 2363 αἰσθητικὸν
1876 2294 1964 2347 καὶ

305 2379 366 2432 τὸ
413 2378 746 2450 ἀναίσθητον
794 2377 1060 2456 διαιροῦσι
1106 2382 1166 2434 τὸ
1215 2378 1486 2456 ἔμψυχον·
1546 2381 1636 2436 καὶ
1691 2383 1754 2436 τὸ
1806 2402 1964 2454 μετα-

307 2460 535 2523 ϐατικὸν
592 2468 683 2523 καὶ
723 2467 786 2524 τὰ
831 2464 1169 2542 ἀμετάϐατον
1217 2467 1485 2544 διαιροῦσι
1526 2471 1589 2524 τὸ
1632 2469 1962 2540 αἰσθητικόν.

303 2559 480 2612 Ταῦτα
519 2561 660 2633 γοῦν
701 2560 769 2612 τὰ
814 2562 920 2612 τῶν
982 2563 1152 2634 γενῶν
1219 2555 1514 2635 διαιρετικά
1575 2559 1812 2634 γίνονται
1874 2581 1964 2612 συ-

306 2647 538 2704 στατικά
574 2651 681 2702 τῶν
736 2643 914 2701 εἰδῶν·
961 2648 1024 2703 τὸ
1067 2649 1168 2723 γὰρ
1218 2645 1488 2723 ἔμψυχον,
1535 2648 1624 2703 καὶ
1671 2649 1733 2702 τὸ
1781 2647 1969 2718 αἶ’σθη-

303 2735 453 2790 τικὸν
535 2737 635 2791 καὶ
715 2737 779 2791 τὸ
866 2731 1220 2810 μεταϐατικὸν
1306 2742 1588 2793 συνιστῶσι
1667 2739 1729 2791 τὸ
1808 2741 1965 2806 ζῶον.

302 2827 452 2879 Ζῶον
507 2823 621 2900 γάρ
669 2823 810 2880 ἐστιν
863 2824 1020 2880 οὐσία
1068 2823 1316 2902 ἔμψυχος
1377 2825 1688 2896 αἰσθητικὴ,
1743 2820 1969 2899 μεταϐα-

303 2915 456 2984 τική.
515 2914 596 2968 Τὸ
645 2912 916 2991 ἔμψυχον,
972 2917 1036 2970 τὸ
1105 2915 1436 2987 αἰσθητικὸν,
1487 2917 1550 2970 τὸ
1607 2910 1966 2988 ἀμετάϐατον,

305 3007 605 3056 συνιστῶσι
672 3005 734 3058 τὸ
797 3003 1090 3081 ζωόφυτον.
1151 3006 1302 3062 Ἐστι
1381 3005 1484 3080 γὰρ
1559 3005 1622 3059 τὸ
1694 3005 1966 3082 ζωόφυτον

305 3090 465 3146 οὐσία
532 3090 811 3168 ἔμψυχος,
872 3093 1180 3164 αἰσθητικὴ,
1233 3089 1589 3168 ἅμετάϐατος.
1648 3095 1717 3148 Τὸ
1794 3093 1966 3166 ἔμψυ-

304 3199 410 3255 χον
474 3178 539 3235 δὲ
604 3183 737 3255 μετὰ
788 3186 886 3237 τοῦ
940 3183 1264 3254 ἀναισθήτου
1320 3184 1382 3237 τὸ
1440 3184 1601 3259 φυτὸν
1660 3188 1967 3254 συνιστῶσι,

301 3271 394 3326 καὶ
475 3269 598 3327 ἔστι
676 3273 782 3345 (τὸ)
839 3272 1003 3349 φυτὸν
1080 3271 1235 3327 οὐσία
1301 3267 1571 3348 ἔμψυχος,
1625 3272 1967 3342 ἀναίσθητος.

304 3364 347 3414 Κ
390 3359 406 3380 ‘
457 3358 518 3415 ἓτ
725 3360 779 3416 ’λ
1207 3360 1268 3378 ““”
1925 3363 1938 3380 ⁸

351 3379 407 3414 αι
523 3380 626 3436 ερα
669 3381 744 3416 πα
790 3382 833 3416 ιν
896 3361 1091 3438 ἑτέρων
1151 3361 1312 3417 εἶοων
1365 3361 1597 3438 γίνονται
1659 3383 1968 3433 συστατικα,

300 3447 586 3527 πρότερον
617 3444 746 3504 ὄντα
772 3454 940 3526 γενῶν
963 3449 1282 3528 διαιρετικά.

379 3557 454 3627 η’.
504 3555 660 3611 Διότι
711 3561 839 3633 γοῦν
887 3558 942 3612 αἱ
992 3555 1309 3634 διαιρετικαὶ
1359 3562 1466 3612 τῶν
1511 3562 1681 3634 γενῶν
1721 3556 1970 3638 διαφοραὶ

301 3645 560 3720 γίνονται
594 3647 904 3701 συστατικαὶ
949 3650 1055 3702 τῶν
1117 3644 1294 3719 εἰδῶν,
1328 3648 1468 3721 ὁμοῦ
1525 3655 1688 3704 πᾶσαι
1745 3645 1973 3718 κέκλην-

302 3754 397 3788 ται
429 3733 732 3790 εἰδοποιοί.

375 3843 443 3898 0’.
481 3843 662 3897 Αὗται
702 3840 759 3898 δὲ
802 3843 856 3897 αἱ
905 3840 1155 3921 διαφοραὶ
1206 3841 1458 3917 λέγονται
1507 3843 1640 3898 εἶναι
1691 3845 1759 3897 τὰ
1802 3842 1972 3898 ὑπάλ-

307 3929 469 4001 ληλα
509 3933 674 4007 γένη,
729 3930 1162 4006 ἀπαραλλάκτως
1196 3928 1253 3985 δὲ
1302 3930 1400 3986 οὐκ
1448 3931 1601 4003 εἰσὶν,
1634 3929 1757 3986 ἀλλ’
1795 3931 1974 4007 ὥσπερ

302 4020 518 4095 Θερμὸν
598 4019 686 4074 καὶ
762 4019 998 4096 ψυχρόν.
1060 4021 1446 4092 Ὀνομάζονται
1521 4020 1614 4093 μὲν
1675 4020 1763 4075 καὶ
1820 4021 1974 4076 αὗται

309 4109 480 4181 μόναι
556 4109 613 4162 αἱ
680 4107 989 4178 ποιότητες,
1037 4111 1072 4178 ἡ
1135 4109 1406 4186 θερμότης
1479 4107 1736 4179 δηλονότι
1791 4109 1880 4164 καὶ
1939 4112 1974 4178 ἡ

302 4197 637 4274 ψυχρότης·
670 4197 960 4253 καλοῦνται
994 4195 1051 4252 δὲ
1107 4198 1249 4252 οὕτω
1303 4199 1393 4253 καὶ
1437 4200 1506 4254 τὰ
1549 4203 1656 4254 τῶν
1714 4198 1974 4253 τοιούτων

304 4289 639 4358 ποιοτήτων
694 4285 992 4362 μετέχοντα
1057 4287 1302 4360 σώματα,
1359 4284 1531 4363 ἤγουν
1585 4287 1648 4342 τὸ
1705 4291 1864 4360 σῶμα
1916 4288 1978 4342 τὸ

303 4373 443 4452 ἔχον
509 4375 568 4429 ἐν
630 4375 804 4446 ἑαυτῷ
857 4376 956 4444 τήν
1038 4375 1349 4452 θερμότητα
1423 4375 1669 4431 καλεῖται
1757 4377 1976 4452 θερμὸν,

305 4465 402 4519 καὶ
461 4465 534 4519 τὸ
591 4465 690 4533 τὴν
751 4463 1076 4540 ψνχρότητα
1132 4463 1462 4537 κεκτημένον
1521 4464 1752 4541 ψυχρόν.
1805 4467 1875 4519 Τὸ
1935 4463 1981 4520 δ’

304 4553 448 4610 αὐτὸ
487 4553 631 4608 κάπὶ
685 4557 794 4608 τῶν
828 4551 1016 4608 ἄλλων
1063 4555 1372 4624 ποιοτήτων
1404 4575 1463 4608 τε
1522 4555 1614 4608 καὶ
1666 4554 1978 4628 πεποιωμέ-

305 4665 422 4698 νων
454 4641 736 4716 σωμάτων
770 4639 910 4696 ἔστιν
943 4642 1136 4718 εὑρεῖν.

388 4757 443 4806 ι’.
487 4747 652 4803 Οὕτω
709 4745 775 4818 δὴ
825 4748 936 4823 (καὶ
995 4753 1154 4822 σῶμα
1208 4747 1322 4822 καὶ)
1377 4749 1686 4822 ἀσώματον,
1733 4748 1979 4826 ἔμψυχόν

323 4860 388 4894 τε
459 4839 563 4893 καὶ
623 4838 853 4913 ἄψυχον,
911 4837 999 4891 καὶ
1076 4838 1388 4908 αἰσθητικὸν
1449 4837 1538 4891 καὶ
1596 4836 1836 4913 λογικὸν,
1896 4837 1985 4891 καὶ

305 4925 507 4983 τᾶλλα
573 4925 802 4998 ὁμοίως.
864 4925 1123 5001 Λέγονται
1178 4926 1272 4998 μὲν
1330 4927 1419 4980 καὶ
1499 4926 1654 4980 αὗται
1729 4926 1885 4999 μόναι
1931 4926 1985 4979 αἱ

309 5016 647 5086 ποιότητες·
700 5017 736 5084 ἡ
807 5014 1154 5088 σωματότης,
1201 5017 1234 5084 ἡ
1287 5013 1668 5087 ἀσωματότης,
1721 5017 1755 5084 ἡ
1815 5013 1984 5088 ἐμψυ-

308 5105 528 5183 χότης,
586 5107 620 5174 ἡ
698 5103 1004 5179 ἀψυχότης,
1063 5106 1096 5172 ἡ
1158 5103 1562 5174 αἰσθητικότης,
1610 5106 1644 5173 ἡ
1701 5102 1989 5179 λογικότης

307 5197 407 5252 καὶ
483 5194 578 5248 ἐπὶ
630 5197 738 5248 τῶν
799 5191 1006 5246 λοιπῶν
1067 5191 1344 5254 ὡσαύτως·
1405 5190 1657 5267 λέγονται
1713 5189 1759 5246 δ’
1817 5191 1989 5253 οὕτως

306 5286 408 5342 καὶ
464 5284 527 5338 αἱ
581 5282 755 5336 οὐσίαι
810 5282 864 5336 αἱ
909 5281 1002 5342 τὰς
1050 5279 1303 5342 τοιαύτας
1352 5279 1402 5336 ἐν
1459 5281 1672 5342 ἑαυταῖς
1721 5279 1988 5353 κεκτημέ-

308 5397 404 5429 ναι
438 5371 771 5441 ποιότητας.
805 5375 977 5442 Σῶμα
1010 5370 1102 5442 μὲν
1149 5372 1183 5438 ἡ
1235 5371 1332 5439 τὴν
1389 5369 1750 5442 σωματότητα
1797 5389 1989 5438 κεκτη-

314 5465 468 5538 μένη
545 5459 714 5513 οὐσία·
767 5459 1053 5531 ἀσώματον
1104 5455 1161 5513 δὲ
1203 5461 1238 5527 ἡ
1289 5460 1388 5527 τὴν
1436 5457 1853 5530 ἀσωματότητα·
1900 5457 1990 5511 καὶ

310 5555 350 5621 ἡ
394 5551 502 5623 μὲν
559 5549 656 5615 τὴν
702 5545 1060 5620 ἐμψυχότητα
1111 5539 1315 5620 ἔχουσα
1362 5542 1636 5628 ἔμψυχον·
1685 5547 1720 5613 ἡ
1780 5543 1837 5598 δὲ
1889 5544 1988 5611 τήν

313 5636 668 5716 ἀψυχότητα
720 5637 953 5711 ἁψυχον·
986 5636 1020 5704 ἡ
1068 5631 1125 5690 δὲ
1179 5633 1276 5702 τὴν
1329 5633 1756 5705 αἰσθητικότητα
1806 5633 1993 5704 αἰσθη-

314 5727 509 5790 τικόν*
549 5725 633 5783 καὶ
665 5726 698 5796 ἡ
731 5725 829 5795 τὴν
861 5721 1196 5802 λογικόοητα
1227 5719 1468 5802 λογικόν.

2075 2025 2415 2080 constituva
2462 2028 2588 2078 tum
2629 2024 2919 2088 divisiva;
2967 2024 3222 2079 divisiva
3255 2025 3493 2097 quidem
3541 2045 3715 2100 gene-

2075 2130 2229 2176 rum,
2287 2112 2625 2169 constituva
2686 2129 2818 2168 vero
2873 2113 3220 2185 specierum.
3278 2115 3499 2186 Corpus
3559 2118 3714 2173 enim

2074 2208 2133 2256 et
2161 2202 2563 2273 incorporeum
2610 2201 2998 2257 substantiam
3047 2203 3335 2272 dividunt,
3359 2211 3416 2260 et
3461 2207 3716 2263 sentiens

2076 2307 2405 2362 sensusque
2447 2307 2651 2362 expers
2692 2290 3015 2346 animatum
3048 2291 3333 2359 dividunt,
3365 2299 3420 2348 et
3451 2311 3715 2367 progres-

2077 2381 2264 2436 sivum
2299 2380 2839 2451 progressionisque
2882 2397 3088 2451 expers
3137 2383 3396 2437 sentiens
3427 2383 3713 2440 dividunt.

2077 2469 2207 2524 Hac
2260 2468 2484 2523 scilicet
2535 2485 2661 2539 qua
2711 2485 2925 2540 genera
2971 2470 3260 2537 dividunt,
3295 2471 3517 2542 species
3559 2474 3718 2545 ipsas

2079 2558 2461 2613 constituunt.
2497 2557 2840 2612 Animatum
2873 2558 3028 2612 enim
3079 2564 3136 2613 et
3180 2560 3439 2616 sentiens
3482 2568 3537 2617 et
3585 2580 3742 2634 prox

2078 2647 2403 2718 gressivum
2450 2647 2816 2702 constituunt
2864 2646 3102 2702 animal.
3147 2647 3376 2703 Animal
3424 2650 3579 2706 enim
3629 2656 3719 2708 est

2079 2735 2408 2791 substantia
2477 2735 2750 2800 animata,
2810 2737 3088 2803 sentiens,
3144 2738 3530 2808 progressiva.
3575 2739 3720 2795 Ani-

2081 2830 2340 2893 matum,
2401 2825 2659 2879 sentiens
2716 2825 3142 2896 progressionis
3195 2843 3432 2898 expers,
3503 2829 3716 2884 consti-

2077 2918 2253 2969 tuunt
2283 2911 2686 2984 plantanimal.
2724 2911 3110 2968 Plantanimal
3143 2915 3298 2970 enim
3329 2921 3418 2971 est
3449 2918 3720 2974 substan-

2078 3003 2162 3058 tia
2210 3003 2491 3070 animata,
2524 3001 2800 3072 sentiens,
2851 3003 3276 3074 progressionis
3323 3020 3546 3076 expers.
3577 3008 3718 3062 Ani-

2080 3099 2303 3146 matum
2356 3097 2549 3146 autem
2601 3107 2733 3145 cum
2782 3107 2849 3146 eo
2898 3091 3052 3161 quod
3111 3108 3322 3148 sensus
3377 3111 3580 3166 expers
3632 3101 3722 3153 est

2080 3180 2340 3253 plantam
2374 3179 2695 3236 constituit.
2727 3179 2945 3251 Estque
2975 3179 3174 3252 planta
3220 3181 3550 3239 substantia
3592 3185 3716 3240 ani-

2082 3274 2259 3336 mata,
2293 3285 2501 3325 sensus
2541 3285 2765 3340 expers.
2797 3269 2865 3323 Et
2905 3285 3108 3324 rursus
3139 3269 3254 3326 alia
3301 3269 3448 3327 alias
3495 3273 3720 3345 species

2080 3358 2465 3428 constituunt,
2499 3374 2632 3414 cum
2664 3357 2828 3430 prius
2857 3373 3071 3429 genera
3100 3359 3421 3416 diviserint.

2150 3557 2204 3610 8.
2237 3558 2548 3626 Propterea
2585 3553 2764 3626 igitur
2792 3555 2944 3626 quod
2997 3554 3252 3610 divisiva
3299 3571 3578 3629 generum
3610 3558 3722 3614 dif-

2081 3644 2336 3700 ferentia
2367 3643 2690 3714 specierum
2733 3644 3115 3698 constitutiva
3149 3645 3504 3715 efficiuntur,
3536 3649 3721 3719 speci-

2082 3734 2202 3788 ﬁca
2231 3731 2407 3788 simul
2436 3748 2638 3788 omnes
2667 3736 2878 3787 vocata
2913 3736 3069 3789 sunt.

2152 3841 2204 3894 9.
2239 3839 2338 3894 Ha
2368 3839 2586 3911 (porro)
2619 3837 2955 3893 differentia
2985 3840 3260 3896 dicuntur
3289 3858 3418 3898 esse
3449 3844 3601 3900 108
3631 3860 3728 3917 ge-

2085 3945 2224 3984 nera
2253 3927 2610 3992 subalterna,
2643 3926 3156 3984 indiscriminatim
3190 3934 3384 3986 tamen
3421 3949 3534 3987 non
3565 3938 3724 4004 sunt,

2085 4018 2186 4073 sed
2218 4017 2371 4072 sicut
2400 4015 2657 4071 calidum
2707 4021 2765 4072 et
2814 4016 3093 4090 frigidum
3126 4023 3210 4088 (se
3241 4019 3499 4088 habent).
3528 4023 3727 4078 Nomi-

2085 4109 2302 4162 nantur
2328 4105 2562 4176 quidem
2595 4105 2722 4175 (sic)
2755 4109 2812 4160 et
2841 4105 2927 4159 ha
2975 4106 3111 4161 sola
3159 4107 3489 4178 qualitates,
3523 4110 3729 4167 calidi-

2085 4199 2177 4250 tas
2205 4194 2471 4249 videlicet
2500 4198 2558 4249 et
2600 4193 2890 4266 frigiditas
2922 4211 2935 4249 :
2974 4196 3075 4250 sed
3127 4204 3408 4252 vocantur
3437 4199 3522 4254 sic
3552 4201 3728 4256 etiam

2088 4300 2348 4356 corpora,
2399 4299 2525 4354 qua
2573 4282 2916 4352 hujusmodi
2965 4283 3278 4354 qualitates
3331 4287 3728 4359 participant:

2087 4388 2296 4443 nempe
2327 4388 2538 4443 corpus
2577 4372 2731 4443 quod
2781 4372 2840 4426 in
2893 4371 3083 4443 seipso
3129 4372 3484 4430 caliditatem
3533 4377 3731 4444 habet,

2090 4462 2347 4518 calidum
2376 4465 2636 4525 vocatur,
2668 4465 2724 4515 et
2754 4461 2908 4532 quod
2947 4460 3324 4533 frigiditatem
3357 4464 3600 4532 obtinet,
3630 4465 3733 4521 fri-

2089 4551 2314 4626 gidum.
2350 4551 2625 4621 Idemque
2672 4550 2847 4604 etiam
2893 4550 2952 4603 in
2985 4549 3116 4605 aliis
3162 4555 3220 4605 et
3267 4551 3649 4624 qualitatibus
3679 4558 3736 4610 et

2092 4640 2373 4712 qualitate
2403 4638 2661 4711 praditis
2691 4637 3034 4710 corporibus
3063 4639 3494 4710 deprehendere
3523 4642 3679 4699 licet.

2163 4746 2250 4799 10.
2283 4743 2373 4798 Sic
2403 4760 2542 4798 sane
2571 4743 2747 4798 etiam
2791 4749 2849 4799 et
2896 4761 3108 4816 corpus
3139 4745 3526 4820 (corporeum)
3557 4752 3614 4804 et
3644 4749 3733 4806 in-

2096 4849 2436 4905 corporeum
2470 4837 2526 4887 et
2558 4832 2884 4888 animatum
2917 4834 3443 4906 inanimatumque,
3472 4843 3529 4892 et
3559 4839 3740 4895 sensi-

2096 4924 2280 4981 tivum
2311 4926 2368 4976 et
2397 4920 2697 4987 rationale,
2721 4926 2778 4976 et
2825 4921 2940 4976 alia
2977 4923 3266 4978 similiter.
3300 4924 3587 4982 Dicuntur
3614 4927 3741 4999 qui-

2097 5014 2227 5068 dem
2245 5014 2302 5066 et
2316 5009 2406 5065 ha
2423 5009 2556 5066 sola
2574 5009 2910 5080 qualitates;
2933 5011 3389 5085 corporeitas(ut
3405 5014 3485 5070 ita
3499 5016 3738 5087 dicam),

2098 5098 2538 5171 incorporeitas,
2581 5097 2938 5163 animatitas,
2989 5100 3409 5174 inanimatitas,
3450 5104 3740 5160 sensitivi-

2098 5194 2209 5256 tas,
2235 5186 2718 5257 rationalitas(ve1
2756 5204 3054 5259 corporea,
3081 5190 3436 5262 incorporea,
3462 5193 3742 5261 animata,

2099 5277 2443 5341 inanimata,
2469 5275 2749 5341 sentiens,
2782 5275 3082 5332 rationalis
3114 5278 3385 5350 qualitas)
3415 5298 3427 5336 :
3453 5284 3512 5336 et
3539 5283 3742 5340 eodem

2102 5366 2272 5421 modo
2306 5365 2361 5420 in
2395 5363 2526 5419 aliis
2560 5381 2621 5420 se
2653 5381 2746 5420 res
2777 5364 2983 5427 habet;
3017 5368 3115 5421 sed
3149 5369 3424 5424 dicuntur
3453 5371 3627 5426 etiam
3659 5371 3744 5428 sic

2101 5453 2442 5510 substantia
2473 5470 2600 5524 qua
2641 5453 3052 5524 hujuscemodi
3085 5457 3144 5510 in
3193 5457 3402 5530 seipsis
3432 5459 3746 5530 qualitates

2102 5544 2366 5600 obtinent
2399 5559 2411 5596 :
2447 5557 2660 5613 corpus
2714 5542 2972 5613 quidem,
2995 5544 3328 5601 substantia
3365 5565 3491 5618 qua
3541 5565 3744 5621 corpo-

2103 5633 2365 5688 reitatem
2396 5631 2649 5696 obtinet;
2698 5631 3104 5705 incorporeum
3135 5640 3352 5704 autem,
3381 5653 3506 5709 qua
3555 5638 3745 5700 incor-

2103 5720 2472 5798 poreitatem;
2509 5723 2565 5776 et
2608 5736 2735 5793 qua
2785 5721 3023 5796 quidem
3075 5724 3495 5783 animatitatem
3546 5725 3742 5800 habet,
