4096 6472
379 459 491 520 771

1631 457 2054 521 NiCEPHORI
2098 456 2536 522 BLEMMIDIE

3664 467 3781 528 7'72

379 593 886 664 animatum;qua
907 590 1567 661 veroinanimatitatem,
1592 591 2014 648 inanimatam:
2067 593 2212 647 I90
2243 609 2370 664 qua
2413 594 2879 665 sensitivitatem,
2918 597 3301 666 sensitivum;
3353 615 3478 672 qua
3532 601 3780 658 rationa-

379 681 603 736 litatem
637 680 938 736 rationale.

449 789 534 845 11.
567 787 662 842 Ha
694 787 871 858 igitur
910 786 1219 858 qualitates
1269 804 1370 858 per
1418 804 1478 841 se
1527 787 1765 858 quidem
1800 786 2012 854 (consi-
2044 780 2097 845 A

374 879 606 946 derata)
647 878 982 932 differentia
1033 882 1217 932 sunt:
1263 877 1604 931 substantia
1652 881 1846 932 autem
1895 892 2021 946 qua

373 965 684 1036 qualitates
715 965 1006 1035 ejusmodi
1039 965 1410 1036 participant,
1435 965 1782 1020 subalterna
1809 981 2022 1035 genera

371 1054 680 1120 exsistunt,
705 1054 1018 1124 (quomodo
1050 1053 1208 1108 enim
1251 1053 1396 1108 alias
1446 1053 1647 1109 eadem
1707 1060 1764 1109 et
1809 1069 2020 1125 genera

371 1143 590 1198 fuerint
617 1149 673 1198 et
703 1141 1106 1212 differentia?)
1141 1146 1196 1196 et
1227 1146 1290 1196 ut
1321 1141 1657 1196 differentia
1690 1142 1926 1213 quidem
1959 1142 2017 1195 in

370 1232 541 1304 quale
571 1231 711 1302 quid
759 1235 868 1298 est,
894 1237 958 1285 ut
987 1247 1199 1303 genera
1230 1247 1364 1286 vero
1395 1229 1454 1284 in
1487 1231 1628 1301 quid
1679 1235 1768 1286 est
1817 1231 1994 1302 pradi

373 1322 682 1376 cabuntur.

442 1410 526 1463 12.
563 1409 723 1474 Quod
773 1407 818 1462 si
863 1412 1058 1462 autem
1091 1407 1267 1462 etiam
1317 1424 1488 1462 omne
1535 1423 1720 1477 genus
1753 1407 1906 1477 quod
1956 1407 2014 1462 in

368 1497 588 1568 species
619 1497 918 1566 dividitur,
953 1513 1053 1568 per
1095 1496 1450 1550 differentias
1498 1497 1777 1551 divisivas
1807 1496 2012 1550 dividi-

370 1593 494 1652 tur;
528 1585 794 1640 omnium
835 1591 1031 1639 autem
1073 1601 1358 1639 consensu
1392 1590 1450 1639 et
1479 1585 1844 1640 confessione
1874 1587 2013 1640 sub-

370 1674 597 1730 stantia
630 1674 854 1744 species
887 1679 1026 1728 sunt
1063 1690 1274 1745 corpus
1318 1679 1374 1728 et
1425 1675 1829 1744 incorporeum
1865 1691 1878 1728 :
1913 1690 2015 1744 per

370 1762 570 1834 quales
601 1761 954 1818 differentias
986 1763 1044 1817 in
1077 1762 1184 1817 has
1229 1761 1562 1816 substantia
1608 1761 1884 1816 dividitur
1913 1767 2014 1816 aut

369 1851 659 1906 dividetur
691 1851 800 1904 nisi
835 1866 936 1921 per
966 1851 1152 1921 ipsam
1186 1855 1241 1904 et
1271 1850 1714 1920 corporeitatem
1740 1855 1797 1904 et
1828 1851 2012 1905 incor-

367 1939 751 2011 poreitatem?
786 1940 1010 1994 Rursus
1032 1945 1224 1994 autem
1253 1955 1464 2009 corpus
1493 1937 1549 1992 in
1585 1939 1847 2008 pr0prias
1879 1955 2009 2011 spe-

367 2029 506 2096 cies,
538 2027 861 2083 animatum
912 2033 970 2082 et
1019 2027 1432 2094 inanimatum,
1465 2028 1758 2098 quomodo
1809 2028 2010 2098 utique

366 2117 661 2172 secabitur
687 2133 860 2186 quam
893 2114 1112 2170 scilicet
1144 2131 1244 2186 per
1273 2115 1695 2169 animatitatcm
1729 2120 1786 2170 et
1818 2117 2010 2170 inani-
2043 2152 2088 2216 Β

368 2205 732 2260 matitatem?
761 2205 1000 2269 Quando
1025 2204 1178 2257 enim
1204 2204 1595 2258 substantiam
1632 2206 1688 2258 in
1724 2221 1935 2275 corpus
1957 2210 2010 2260 et

365 2293 772 2365 incorporeum
795 2293 974 2347 dividi
1005 2292 1281 2359 dicimus,
1305 2293 1363 2346 in
1389 2293 1776 2348 substantiam
1810 2311 2008 2364 corpo-

367 2388 553 2438 ratam
586 2391 642 2437 et
671 2399 786 2437 non
831 2385 1194 2452 corporatam
1247 2381 1590 2452 simpliciter
1619 2383 2008 2437 substantiam

365 2471 548 2525 dividi
583 2471 1036 2542 pronuntiamus
1069 2487 1082 2523 :
1117 2471 1394 2540 quoniam
1437 2486 1647 2541 corpus
1681 2475 1851 2525 antea
1881 2472 2009 2541 qui-

365 2560 498 2614 dem
531 2558 861 2613 substantia
907 2565 1135 2612 tantum
1187 2563 1329 2625 erat,
1381 2565 1763 2630 posteaquam
1814 2567 2008 2614 autem

366 2652 497 2702 actu
523 2645 967 2718 corporeitatem
991 2647 1146 2700 no
1168 2645 1341 2700 etiam
1365 2646 1706 2718 assumpsit,
1734 2648 2009 2702 substan-

364 2734 446 2790 tia
475 2751 748 2806 corporea
779 2734 998 2789 factum
1031 2739 1139 2789 est.
1174 2735 1508 2805 Eodemque
1539 2735 1710 2790 modo
1745 2736 2008 2808 incorpo-

365 2840 526 2878 reum
559 2823 1003 2894 incorporeitate
1033 2829 1290 2896 accepta,
1317 2823 1645 2878 substantia
1674 2824 2010 2897 incorporea

366 2913 583 2966 factum
615 2917 722 2966 est.
759 2913 868 2967 Sed
902 2917 957 2966 et
986 2912 1312 2966 animatum
1346 2918 1516 2966 antea
1558 2918 1682 2967 erat
1725 2913 2008 2985 simplici-

369 3005 456 3056 ter
485 3017 718 3072 corpus,
766 3001 876 3056 hoc
925 3006 1013 3055 est
1056 3001 1388 3056 substantia
1431 3017 1732 3072 corporea;
1783 3008 2008 3073 postea-

371 3105 548 3161 quam
609 3096 806 3144 autem
863 3088 1249 3144 animatitatis
1295 3089 1587 3161 particeps
1633 3094 1723 3144 est
1770 3092 2008 3160 factum,

368 3195 581 3250 corpus
605 3177 930 3234 animatum
961 3178 1230 3233 effectum
1264 3182 1370 3234 est.

441 3267 528 3322 13.
560 3266 799 3330 Quando
850 3266 1032 3338 igitur
1061 3266 1406 3322 divisionem
1456 3267 1715 3338 corporis
1765 3269 2010 3325 facimus

368 3356 428 3411 in
478 3355 803 3411 animatum
863 3360 917 3411 et
975 3355 1390 3422 inanimatum,
1423 3372 1634 3426 corpus
1692 3357 2008 3414 subaudire

366 3449 609 3518 oportet,
645 3451 708 3499 ut
737 3461 948 3516 corpus
994 3443 1052 3498 in
1107 3460 1314 3515 corpus
1368 3445 1690 3499 animatum
1726 3451 1780 3500 et
1812 3446 2005 3501 inani-

2201 771 2285 826 ια’.
2319 770 2484 824 Αὗται
2520 772 2614 842 μὲν
2661 770 2751 825 οὖν)
2803 774 2920 836 καθ’
2971 773 3160 836 ἑαυτὰς
3213 775 3268 829 αἰ
3316 776 3604 846 ποιότητές
3651 777 3780 832 εἰσιν

2131 859 2186 911 αἱ
2225 855 2496 936 διαφοραί·
2544 861 2598 913 αἱ
2631 857 2688 914 δὲ
2722 863 3046 937 μετέχουσαι
3095 868 3202 917 τῶν
3248 863 3510 920 τοιούτων
3561 868 3785 936 ποιοτή-

2127 966 2235 998 των
2294 945 2470 1001 ούσίαι
2535 949 2602 1001 τὰ
2661 947 2957 1018 ὑπάλληλα
3005 954 3130 1024 γένη
3192 954 3572 1028 τυγχάνουσιν.
3635 954 3782 1009 Ἐπεὶ

2130 1037 2246 1094 πῶς
2307 1033 2365 1088 ἂν
2421 1036 2484 1089 τὰ
2545 1036 2678 1091 αὐτὰ
2728 1038 2816 1092 καὶ
2874 1038 3002 1113 γένη
3065 1038 3273 1095 ἔσοιντο
3333 1042 3423 1096 καὶ
3491 1040 3780 1118 διαφοραί;

2129 1122 2225 1176 Καὶ
2282 1123 2354 1184 ὡς
2403 1121 2655 1203 διαφοραὶ
2715 1127 2834 1199 μὲν,
2879 1126 2931 1182 ἐν
2978 1134 3056 1200 τῷ
3105 1130 3293 1184 ὁποῖόν
3339 1131 3392 1186 τί
3446 1132 3556 1186 ἐστι
3613 1154 3780 1203 κατη-

2126 1214 2428 1285 γορηθεῖεν,
2458 1215 2534 1276 ὡς
2565 1215 2692 1290 γένη
2728 1213 2774 1270 δ’
2806 1215 2872 1270 αὖ
2901 1216 2954 1272 ἑν
2983 1223 3062 1290 τῷ
3089 1218 3141 1272 τί
3173 1219 3338 1277 ἐστιν.

2199 1392 2285 1466 ιβ’.
2320 1392 2383 1445 Εἰ
2442 1389 2499 1446 δὲ
2555 1393 2642 1446 καὶ
2701 1399 2803 1447 πᾶν
2862 1396 3014 1470 γένος
3076 1397 3154 1458 εἷς
3213 1395 3333 1468 εἴδη
3397 1396 3777 1474 διαιρούμενον

2125 1477 2214 1533 διὰ
2276 1485 2384 1535 τῶν
2449 1479 2787 1556 διαιρετικὼν
2849 1482 3137 1560 διαιρεῖται
3178 1484 3494 1564 διαιφορῶν·
3549 1486 3665 1558 εἴδη
3723 1487 3781 1545 δὲ

2121 1576 2219 1637 τῆς
2277 1569 2459 1632 οὐσίας
2519 1571 2920 1646 ὁμολογοῦνται
2993 1575 3127 1628 εἶναι
3185 1576 3246 1630 τὸ
3307 1582 3467 1649 σῶμα
3523 1579 3616 1634 καὶ
3671 1580 3777 1654 (τὸ)

2122 1657 2426 1730 ἀσώματον·
2488 1657 2575 1714 διὰ
2630 1661 2802 1716 ποίων
2869 1659 3138 1740 διαφορῶν
3191 1664 3266 1727 εἰς
3324 1670 3492 1720 ταῦτα
3534 1670 3570 1736 ἠ
3623 1668 3782 1724 οὐσία

2123 1743 2404 1822 διαιρεῖται
2454 1750 2488 1816 ἢ
2541 1746 2952 1825 διαιρεθήσεται,
3000 1751 3044 1806 εἰ
3107 1755 3181 1825 μη
3243 1751 3313 1808 δι’
3371 1755 3535 1824 αὐτῆς
3591 1778 3778 1830 σωμα-

2120 1835 2349 1905 τότητός
2406 1857 2464 1891 τε
2520 1838 2608 1892 καὶ
2675 1842 2819 1912 (τῆς)
2879 1841 3443 1912 ἀσωματότητοςςτὸ
3503 1841 3559 1898 δὲ
3615 1849 3775 1919 σῶμα

2119 1922 2282 1978 πάλιν
2335 1925 2412 1987 εἰς
2455 1926 2522 1980 τὰ
2569 1927 2744 1982 οἶκεῗα
2794 1926 2872 1982 ε’ῗδ
3006 1931 3020 1950 ‘
3063 1927 3087 1949 ”
3501 1933 3514 1952 “
3545 1935 3599 1967 τ’
3647 1932 3670 1950 ”

2610 1972 2619 1980 .
2698 1971 2708 1981 .
2828 1974 2835 1981 .
2877 1952 2934 1999 η,
2965 1951 3028 1984 το
3062 1932 3310 2006 εμὼυχόν
3340 1954 3398 1987 τε
3427 1954 3516 1987 και
3557 1955 3607 1988 ιο
3640 1939 3774 2009 alim-

2119 2033 2241 2088 χον,
2275 2019 2392 2076 πῶς
2435 2015 2536 2088 ἄρα
2583 2019 2945 2089 τμηθήσεται,
2976 2019 3010 2087 ἢ
3059 2019 3274 2082 πάντως
3327 2018 3414 2075 διὰ
3459 2029 3562 2092 τῆς
3605 2022 3776 2098 ἐμψυ-

2119 2102 2357 2176 χότητος
2386 2104 2474 2158 καὶ
2506 2104 2856 2180 ἀψυχότητος
2885 2126 2897 2174 ;
2930 2109 3054 2162 Ὅτε
3103 2109 3206 2184 γὰρ
3258 2107 3488 2184 λέγομεν
3527 2113 3628 2180 τήν
3687 2111 3774 2166 ού-

2122 2191 2233 2244 σίαν
2273 2190 2585 2266 διαιρεῖσθαι
2637 2194 2714 2256 εἰς
2763 2200 2922 2268 σῶμα
2973 2198 3060 2251 καὶ
3113 2199 3425 2270 ἀσώματον,
3459 2199 3534 2262 εἷς
3586 2201 3771 2256 οὐσίαν

2124 2282 2592 2354 σεσωματωμένην
2622 2283 2711 2337 καὶ
2769 2285 2843 2355 μὴ
2897 2286 3521 2360 σεσωματωμ.ένην,τήν
3579 2289 3770 2354 ἁπλῶς

2124 2369 2302 2422 οὐσίαν
2362 2366 2681 2445 διαιρεῖσθαί
2749 2394 2944 2449 φαμεν·
3004 2374 3117 2429 ἐπεὶ
3175 2377 3237 2430 τὸ
3293 2382 3452 2450 σῶμα
3507 2379 3770 2455 πρότερον

2121 2459 2187 2526 ἦν
2221 2457 2374 2512 οὐσία
2405 2459 2591 2533 μόνον,
2627 2459 2858 2537 ἐνεργείᾳ
2907 2460 2963 2516 δὲ
3012 2458 3179 2518 λαϐὸν
3239 2466 3327 2519 καὶ
3385 2468 3530 2539 (τήν)
3583 2489 3770 2541 σωμα-

2118 2547 2338 2619 τὸτητα,
2417 2547 2628 2624 γέγονεν
2721 2549 2876 2604 ούσία
2951 2550 3279 2625 ένσώματος.
3361 2555 3630 2618 Ὡσαύτως
3715 2555 3772 2612 δὲ

2117 2636 2205 2689 καὶ
2254 2637 2314 2690 τὸ
2362 2637 2645 2710 ἀσώματον
2699 2635 2982 2712 δεξάμενον
3030 2643 3126 2709 την
3160 2643 3556 2715 ἀσωματότητα
3614 2645 3771 2700 ούσία

2122 2725 2350 2800 ὑπῆρξεν
2432 2725 2737 2798 ἀσώματος.
2799 2729 2895 2782 Καὶ
2951 2730 3012 2783 τὸ
3083 2728 3328 2808 ἔμψυχον
3392 2729 3448 2786 δὲ
3503 2733 3767 2811 πρότερον

2118 2813 2183 2882 ἦν
2239 2811 2426 2876 ἁπλῶς
2495 2819 2670 2887 σῶμα,
2725 2815 2994 2871 τουτέστιν
3060 2818 3214 2873 οὐσία
3285 2819 3614 2894 ἐνσώματος·
3671 2845 3766 2896 με·

2117 2903 2316 2977 τασχὸν
2373 2900 2430 2956 δὲ
2493 2903 2579 2958 καὶ
2651 2912 2751 2974 τῆς
2825 2905 3233 2982 έμψυχότητος,
3294 2914 3454 2983 σῶμα
3517 2909 3768 2988 ἔμψυχον

2119 2990 2498 3050 ἐκτετέλεσται.

2194 3261 2274 3334 ιγ’,
2308 3263 2431 3314 Ὅτε
2497 3267 2625 3338 γοῦν
2692 3269 2786 3318 τοῦ
2853 3266 3103 3338 σώματος
3183 3268 3279 3336 τὴν
3360 3265 3618 3343 διαίρεσιν
3689 3271 3762 3333 εἷς

2117 3343 2366 3424 ἔμψυχον
2416 3357 2675 3424 ποιοῦμεν
2726 3353 2815 3408 καὶ
2867 3355 3098 3430 ἄψυχον,
3149 3357 3260 3431 χρὴ
3327 3359 3758 3433 προσυπακούειν

2116 3437 2176 3490 τὸ
2207 3442 2383 3510 σῶμα·
2413 3437 2504 3493 ’ἕνα
2563 3438 2834 3514 διαιρῆται
2880 3443 2940 3497 τὸ
2989 3448 3149 3516 σῶμα
3197 3444 3274 3506 εἷς
3325 3442 3574 3523 ἔμψυχον
3608 3453 3763 3522 σῶμα

366 3513 1175 3605 Πῖεῐυωόοιιρυε-ᾱίνὶᾶιιῑυιν.
1208 3513 1417 3604 Sicque
1461 3534 1634 3588 etiam
1669 3534 1726 3590 in
1759 3534 1889 3589 aliis
1919 3540 2007 3592 est

2128 3526 2205 3579 ui
2265 3527 2472 3602 ἄψυχον
2524 3534 2698 3603 σῶμα.
2747 3531 2900 3586 Οὕτω
2945 3529 3010 3601 δὴ
3064 3533 3195 3586 κάπὶ
3246 3539 3352 3588 τῶν
3387 3533 3573 3591 ἄλλων
3605 3559 3764 3609 ποιη-

365 3623 727 3689 faciendum;
765 3627 828 3676 ut
873 3629 931 3677 et
973 3621 1307 3676 differentia
1339 3627 1395 3676 et
1422 3639 1635 3694 genera
1665 3624 2006 3696 speciesque

365 3711 491 3766 sine
520 3711 860 3765 confusione
890 3716 1304 3765 conserventur
1332 3710 1389 3765 id
1421 3712 1574 3782 quod
1609 3717 1766 3767 sunt.

437 3800 522 3853 14.
557 3799 638 3853 De
677 3798 970 3853 essentiali
1005 3799 1242 3870 quidem
1292 3799 1468 3870 igitur
1498 3800 1842 3868 differentia,
1877 3819 2003 3873 qua

363 3888 543 3943 etiam
592 3888 994 3960 propriissime
1042 3888 1364 3942 differentia
1397 3896 1654 3960 vocatur,
1689 3890 1808 3945 hac
1852 3891 2004 3946 dicta

364 3977 503 4031 sint.

433 4067 520 4121 15.
563 4071 635 4120 At
688 4081 821 4121 vero
877 4065 1205 4120 differentia
1265 4065 1528 4122 essentia
1585 4068 1860 4138 adjuncta
1916 4075 2004 4125 est

257 4167 278 4176 ‘
359 4155 555 4227 ipsum
589 4155 878 4210 accidens.

432 4244 517 4299 16.
551 4242 839 4298 Dividitur
869 4248 1063 4298 autem
1111 4243 1228 4297 hac
1259 4248 1315 4298 et
1344 4243 1402 4297 in
1433 4245 1824 4301 communiter
1852 4251 1910 4302 et
1941 4247 2000 4302 in

355 4332 584 4406 proprie
619 4332 880 4405 (dictam)
911 4331 1322 4387 differentiam.

426 4423 513 4477 17.
547 4422 614 4477 Et
644 4421 1034 4477 communiter
1062 4420 1300 4491 quidem
1334 4421 1530 4493 (dicta)
1562 4422 1885 4478 differentia
1913 4429 2001 4480 est

355 4510 622 4567 accidens
661 4509 1006 4582 separabile,
1039 4510 1194 4580 quod
1240 4509 1415 4565 etiam
1466 4511 1523 4565 in
1580 4528 1646 4566 eo
1707 4514 2000 4582 quomodo

355 4599 573 4671 aliquid
607 4617 669 4654 se
699 4599 928 4663 habeat,
955 4598 1319 4670 pradicatur.
1352 4598 1589 4671 Proprie
1619 4605 1815 4655 autem
1847 4601 2004 4658 dicta

354 4688 679 4744 differentia
699 4693 789 4742 est
818 4686 1211 4758 inseparabile
1234 4688 1522 4753 accidens,
1547 4689 1700 4758 quod
1735 4688 1907 4744 etiam
1939 4690 1998 4745 in

354 4776 526 4847 quale
555 4777 698 4848 quid
725 4782 812 4831 est
844 4776 1076 4831 dicitur.
1105 4775 1435 4830 Accidentis
1468 4778 1615 4831 Ill
1652 4776 1806 4832 enim
1840 4776 1998 4833 aliud

355 4866 701 4937 separabile,
732 4864 891 4920 aliud
923 4864 1310 4937 inseparabile
1340 4869 1448 4920 est.

426 4956 511 5008 18.
546 4953 744 5017 Quoad
773 4954 955 5026 igitur
976 4954 1212 5025 quidem
1238 4954 1563 5025 separabile
1591 4955 1860 5011 accidens
1893 4956 1998 5010 dif-

355 5041 467 5097 fert
494 5042 859 5096 individuum
891 5043 962 5097 ab
996 5042 1108 5097 alio
1139 5042 1438 5098 individuo
1465 5049 1521 5098 et
1551 5061 1584 5098 a
1615 5044 1805 5115 seipso
1834 5062 1847 5100 :
1883 5044 1997 5100 vel-

354 5131 440 5186 uti
474 5131 636 5186 sedet
686 5131 908 5196 Petrus,
942 5132 1206 5186 ambulat
1249 5133 1466 5187 Paulus
1501 5133 1756 5205 :quippe
1805 5135 1996 5205 quoad

354 5220 555 5276 sedere
584 5226 640 5275 et
670 5218 968 5275 ambulare
998 5225 1205 5276 Petrus
1255 5229 1310 5276 et
1349 5221 1565 5276 Paulus
1597 5238 1631 5277 a
1659 5238 1722 5277 se
1753 5222 1995 5277 invicem

353 5309 583 5364 differre
625 5309 920 5363 dicuntur.
953 5310 1248 5380 Contingit
1280 5315 1473 5365 autem
1516 5311 1717 5366 sedere
1752 5311 1997 5366 Paulum

352 5403 409 5454 et
438 5397 674 5453 Petrum
721 5397 1050 5464 ambulare;
1084 5403 1141 5453 et
1192 5398 1274 5453 sic
1325 5401 1395 5454 ab
1440 5397 1560 5454 illis
1609 5399 1995 5456 differentiam

350 5488 637 5559 ejusmodi
692 5485 969 5557 separari,
1012 5491 1068 5542 et
1121 5491 1432 5558 utrumque
1490 5488 1664 5543 etiam
1725 5505 1826 5559 pro
1886 5489 1996 5545 alio

352 5579 631 5650 accipere.
666 5577 887 5631 Rursus
919 5574 1286 5629 individuum
1320 5594 1352 5630 a
1382 5576 1574 5648 seipso
1612 5577 1820 5641 differt,
1854 5579 1994 5633 dum

350 5667 663 5742 aliquando
691 5664 929 5738 quidem
961 5665 1141 5735 sedet,
1177 5663 1491 5736 aliquando
1523 5670 1717 5722 autem
1749 5670 1865 5721 stat
1894 5671 1995 5722 aut

349 5757 641 5828 ambulat;
674 5761 730 5813 et
768 5753 1085 5828 aliquando
1139 5752 1376 5827 quidem
1409 5752 1645 5824 dormit,
1681 5753 1994 5826 aliquando

2114 3614 2253 3668 τέον’
2289 3616 2363 3677 ὡς
2396 3615 2453 3670 ἂν
2481 3618 2570 3672 καὶ
2602 3621 2655 3673 αἱ
2687 3617 2937 3698 διαφοραὶ
2989 3622 3079 3676 καὶ
3126 3623 3193 3676 τὰ
3238 3622 3364 3699 γένη
3396 3623 3484 3680 καί
3531 3627 3597 3680 τὰ
3643 3625 3758 3696 εἷ’δη

2116 3705 2391 3772 σώζωνται
2423 3706 2747 3782 ἀσυγχύτως
2779 3708 2910 3785 ὅπερ
2945 3709 3064 3764 εἶσί.

2188 3790 2269 3846 ιδ’.
2307 3794 2434 3868 Περὶ
2494 3795 2588 3868 μὲν
2645 3795 2734 3850 οὖν
2795 3806 2892 3867 τῆς
2955 3797 3254 3862 οὐσιώδους
3303 3799 3582 3881 διαφορᾶς,
3641 3805 3761 3873 ἥτις

2113 3881 2200 3934 καὶ
2265 3879 2529 3938 ἰδιαίτατα
2593 3885 2836 3941 καλεῖται
2896 3885 3147 3966 διαφορὰ,
3195 3879 3429 3946 τοσαῦτα
3505 3893 3756 3969 εἰρήσθω.

2188 4069 2262 4119 ιε’.
2296 4063 2357 4116 Ἡ
2406 4059 2451 4116 δ’
2499 4060 2838 4133 ἐπουσιώδης
2905 4062 3134 4144 διαφορὰ
3178 4066 3306 4122 αὐτό
3358 4067 3469 4123 ἐστι
3517 4069 3578 4123 τὸ
3623 4090 3756 4142 συμ-

2114 4145 2369 4222 ϐεϐηκός.
2769 4220 2775 4225 _

2220 4245 2618 4304 ις¹.Διαιςεῖται
2677 4239 2722 4295 δ’
2772 4241 2907 4312 αὕτη
2959 4240 3034 4305 εἴς
3081 4265 3138 4299 τε
3183 4246 3282 4314 τήν
3323 4251 3520 4308 κοινῶς
3567 4244 3748 4324 διαφο-

2111 4330 2228 4402 ρὰν,
2261 4329 2348 4383 καὶ
2381 4329 2455 4390 εἰς
2485 4330 2580 4398 τὴν
2617 4327 2769 4393 ἰδίως
2801 4328 3084 4408 διαφοράν.

2184 4423 2264 4487 ιζ’.
2301 4418 2397 4472 Καὶ
2453 4423 2649 4480 κοινῶς
2720 4421 2813 4492 μὲν
2892 4417 3123 4498 διαφορά
3183 4420 3293 4477 ἐστι
3360 4423 3423 4478 τὸ
3482 4425 3748 4499 χωριστὸν

2110 4502 2476 4579 στμϐεϐηκὸς,
2509 4509 2537 4562 ὃ
2567 4508 2656 4562 καὶ
2698 4507 2746 4562 ἐν
2798 4513 2874 4580 τῷ
2920 4514 3038 4571 πῶς
3089 4506 3214 4586 ἔχον
3262 4511 3372 4565 ἐστὶ
3429 4518 3748 4588 κατηγορεῖ-

2106 4614 2213 4650 ται’
2269 4593 2422 4657 ἰδίως
2468 4593 2526 4650 δὲ
2575 4593 2808 4674 διαφορὰ
2855 4599 2915 4652 τὸ
2965 4598 3272 4673 ἀχώριστον
3323 4595 3691 4673 συμϐεϐηκύςο
3723 4601 3750 4655 ὃ

2108 4684 2196 4738 καὶ
2253 4683 2304 4738 ἐν
2363 4689 2444 4757 τῷ
2501 4686 2689 4740 ὁποῖόν
2748 4686 2800 4740 τί
2848 4685 2955 4741 ἐστι
3007 4686 3238 4763 λέγεται.
3272 4694 3378 4743 Τοῦ
3407 4691 3508 4765 γὰρ
3561 4685 3750 4763 συμϐε-

2109 4768 2340 4844 ϐηκότος
2373 4774 2434 4828 τὸ
2469 4775 2561 4846 μὲν
2598 4772 2706 4829 ἔστι
2739 4776 3032 4851 χωριστὸν,
3063 4778 3126 4831 τὸ
3158 4773 3214 4831 δὲ
3243 4777 3573 4854 ἀχώριστον.

2181 4960 2266 5022 ιη’,
2302 4952 2445 5006 Κατὰ
2513 4952 2605 5025 μὲν
2658 4949 2747 5006 οὖν
2797 4953 2858 5006 τὸ
2908 4956 3184 5030 χωριστὸν
3240 4950 3586 5029 συμϐεϐηκὸς
3637 4953 3744 5010 δια-

2107 5041 2254 5120 φέρει
2301 5042 2500 5113 ἄτομον
2552 5039 2734 5116 ἑτέρου
2803 5041 3009 5114 ἀτόμου
3058 5044 3144 5098 καὶ
3215 5045 3423 5099 ἑαυτοῦ·
3474 5047 3588 5098 οἷον
3656 5045 3744 5098 κὰ-

2109 5142 2266 5199 θηται
2317 5130 2540 5205 Πέτρος,
2596 5126 2799 5205 βαδίζει
2861 5130 3096 5194 Παῦλος.
3148 5134 3292 5187 Κατὰ
3356 5137 3481 5210 γοῦν
3551 5135 3612 5189 τὸ
3658 5154 3745 5188 κα-

2107 5220 2298 5288 θῆσθαι
2347 5219 2438 5273 καὶ
2485 5219 2548 5272 τὸ
2604 5216 2838 5293 βαδίζειν
2890 5219 3155 5291 ἀλλήλων
3201 5221 3449 5297 λέγονται
3481 5220 3740 5301 διαφέρειν

2109 5311 2136 5363 ὁ
2185 5308 2386 5384 Πέτρος
2443 5307 2531 5361 καὶ
2563 5309 2591 5361 ὁ
2623 5306 2859 5370 Παῦλος.
2895 5307 3200 5386 Ἐνδέχεται
3250 5309 3307 5366 δὲ
3354 5314 3611 5381 καθῆσθαι
3659 5312 3739 5365 τὸν

2107 5396 2320 5451 Παῦλον
2371 5396 2460 5450 καὶ
2524 5393 2754 5472 βαδίζειν
2818 5398 2906 5450 τὸν
2963 5398 3183 5473 Πέτρον,
3231 5400 3322 5454 καὶ
3379 5400 3522 5455 οὕτω
3572 5419 3741 5476 χωρι-

2106 5492 2292 5554 σθῆναι
2352 5485 2526 5540 αύτῶν
2588 5487 2687 5554 τὴν
2747 5485 2998 5557 τοιαύτην
3057 5485 3339 5565 διαφορὰν,
3396 5490 3484 5544 καὶ
3565 5483 3738 5544 λαϐεῖν

2107 5573 2284 5643 ἄλλην
2318 5573 2427 5627 ἀντ’
2475 5571 2651 5642 ἄλλης
2695 5574 2964 5646 ἑκάτερον.
3016 5575 3187 5631 Πάλιν
3246 5574 3483 5655 διαφέρει
3545 5575 3736 5650 ἄτομον

2105 5663 2296 5718 ἑαυτοῦ
2353 5663 2405 5717 ἐν
2461 5667 2538 5734 τῷ
2595 5663 2727 5718 ποτὲ
2787 5663 2879 5738 μὲν
2936 5665 3218 5739 καθῆσθαι,
3257 5668 3390 5722 ποτὶ
3439 5664 3486 5721 δ’
3539 5666 3736 5722 ἑστάναι

2102 5752 2139 5826 ἢ
2195 5748 2453 5834 βαδίὶειν·
2507 5751 2596 5808 καὶ
2646 5752 2778 5809 ποτὲ
2837 5752 2931 5828 μὲν
2979 5751 3274 5830 καθεύδειν,
3305 5754 3437 5811 ποτὶ
3484 5751 3531 5810 δ’
3590 5752 3738 5830 ἐγρη-
