4096 6450
288 478 391 540 T13

1632 469 1980 532 EPITOME
2022 466 2328 530 LOGICA.

3553 478 3673 538 774

302 606 517 684 γορὲναι·
566 602 656 659 καὶ
714 604 802 658 ὁτὲ
860 604 954 676 μὲν
1003 607 1196 669 νοσεῖν,
1243 603 1332 657 ὁτὲ
1388 599 1446 657 δὲ
1503 600 1780 676 ὑγιαίνειν’
1832 598 1923 652 καὶ

2049 616 2169 655 vero
2212 599 2438 672 vigilat;
2470 606 2526 657 et
2572 602 2717 658 alias
2766 603 3003 675 quidem
3053 610 3310 678 agrotat,
3344 606 3489 664 alias
3536 624 3671 665 vero

301 701 382 751 νῦν
455 695 544 766 μὲν
625 693 843 765 νεάζειν,
918 688 1101 748 ἔκτοτε
1176 689 1232 745 δὲ
1309 688 1684 767 γεγηρακέναι.
1749 692 1924 742 Ταῦτα

301 787 419 860 γοῦν
462 781 643 837 καὶτὰ
671 778 1026 857 παραπλήσια
1081 779 1331 856 λέγονται
1390 783 1588 839 κοινῶς
1648 775 1921 854 διαφοραὶ,

297 872 380 927 καὶ
406 870 647 948 χωριστὰ
677 863 1082 943 συμϐεϐηκότα.

365 979 441 1042 ιθ’.
473 977 615 1032 Κατά
668 973 725 1031 δὲ
795 977 853 1031 τὸ
923 977 1229 1052 ἀχώριστον
1312 969 1658 1049 συμϐεϐηκὸς
1734 973 1925 1027 ἑαυτοῦ

299 1068 385 1142 μὲν
435 1066 494 1121 ού
544 1063 781 1144 διαφέρει
832 1066 894 1121 τὸ
943 1063 1168 1139 ἄτομον,
1221 1066 1404 1142 ἑτερου
1454 1062 1510 1119 δὲ
1568 1062 1775 1137 ἀτόμου
1815 1059 1928 1117 δια-

296 1158 452 1235 φέρει,
491 1157 638 1227 Οῖον,
690 1156 841 1210 Ἔστι
892 1175 974 1217 τις
1034 1154 1216 1227 σιμός·
1272 1152 1530 1209 ἀδύνατον
1585 1158 1925 1228 χωρισθῆναι

293 1244 448 1301 αὑτοῦ
492 1244 592 1327 τήν
638 1243 926 1315 σιμότητα·
961 1240 1198 1321 διαφέρει
1249 1239 1307 1297 δὲ
1356 1242 1512 1304 οὗτος
1554 1245 1651 1297 τοῦ
1695 1244 1924 1317 γρυποῦ.

293 1331 557 1394 Ὡσαύτως
603 1331 694 1387 καὶ
733 1333 760 1385 6
801 1329 1040 1407 γλαυκὸς
1103 1331 1194 1386 καὶ
1242 1332 1270 1385 6
1318 1328 1461 1406 ἔχων
1512 1330 1565 1385 ἐν
1618 1329 1926 1404 τραύματος

289 1419 686 1498 ἐαιρῥωμένην
763 1420 960 1489 οὐλὴν,
1015 1421 1216 1479 ἑαυτῶν
1287 1422 1380 1494 μὲν
1440 1418 1503 1475 ού
1561 1417 1925 1496 διαφέρουσιν,

290 1506 469 1565 ἄλλων
501 1505 562 1564 δὲ
591 1506 951 1587 διαφέρουσιν.

351 1694 415 1745 κ’.
466 1688 623 1742 ’Έσυι
676 1683 734 1741 δὲ
774 1689 810 1756 ἡ
860 1686 1115 1761 σιμότης,
1165 1688 1200 1756 ἡ
1251 1685 1583 1761 γλαυκότης,
1632 1687 1667 1755 ἡ
1741 1683 1793 1738 ἐν
1851 1687 1930 1756 τῷ

281 1775 503 1841 Αἰθίοπι
567 1774 797 1848 μελανία
852 1775 942 1830 καὶ
980 1777 1015 1844 ἡ
1057 1775 1110 1829 ἐν
1135 1778 1215 1846 τῷ
1267 1772 1481 1850 κόρακι,
1510 1774 1600 1828 καὶ
1647 1776 1682 1843 ἡ
1742 1772 1793 1827 ἐν
1849 1776 1929 1845 τῷ

283 1864 461 1938 κύκνῳ
565 1864 850 1937 λευκότης,
936 1863 1026 1918 καὶ
1110 1864 1175 1918 τὰ
1250 1868 1474 1918 τοιαῦτα
1546 1856 1930 1935 συμϐεϐηκότα

2034 705 2246 743 sanum
2296 693 2414 757 est;
2464 695 2521 745 et
2577 708 2733 746 nunc
2790 692 3025 763 quidem
3077 695 3425 763 juvenescit,
3461 697 3673 754 abhinc

2032 793 2164 832 vero
2196 779 2466 834 senescit.
2501 779 2630 834 Hac
2662 780 2903 852 proinde
2933 786 2991 836 et
3035 781 3126 839 his
3156 782 3372 841 similia
3399 786 3675 843 dicuntur

2034 866 2421 922 communiter
2460 868 2795 923 differentia
2840 874 2898 924 et
2937 871 3287 942 separabilia
3328 875 3670 932 accidentia.

2107 972 2189 1026 19.
2225 972 2424 1036 Quoad
2452 978 2647 1029 autem
2675 974 2944 1031 accidens
2974 976 3363 1051 inseparabile
3394 997 3426 1036 a
3454 997 3518 1038 se
3546 982 3672 1053 ipso

2035 1061 2272 1132 quidem
2313 1079 2428 1116 non
2477 1062 2669 1118 differt
2698 1065 3087 1132 individuum,
3120 1067 3313 1123 differt
3352 1074 3549 1126 autem
3598 1073 3671 1128 ab

2035 1149 2147 1204 alio
2177 1149 2497 1205 individuo.
2532 1151 2745 1215 Veluti,
2779 1154 2990 1224 aliquis
3033 1155 3220 1211 simus
3263 1163 3370 1224 est,
3402 1158 3524 1215 fieri
3558 1177 3672 1216 non

2034 1243 2229 1310 potest
2259 1243 2322 1293 ut
2350 1239 2422 1293 ab
2470 1256 2535 1294 eo
2583 1241 2811 1296 simitas
2861 1249 3208 1314 separetur:
3244 1245 3433 1302 differt
3479 1253 3672 1305 autem

2036 1326 2131 1382 hic
2156 1326 2227 1382 ab
2275 1344 2341 1383 eo
2390 1328 2491 1399 qui
2551 1329 2777 1385 adunco
2837 1348 2979 1387 naso
3038 1340 3145 1388 est.
3180 1334 3463 1392 Similiter
3490 1343 3547 1392 et
3571 1339 3673 1410 qui

2035 1415 2238 1471 casios
2293 1416 2469 1472 habet
2522 1416 2743 1486 oculos,
2786 1423 2843 1474 et
2885 1420 2984 1491 qui
3019 1420 3343 1479 cicatricem
3401 1424 3578 1482 habet
3606 1444 3675 1483 ex

2035 1504 2272 1560 vulnere
2290 1505 2459 1577 quasi
2482 1505 2628 1562 callo
2650 1508 2986 1576 obductam,
3007 1526 3040 1564 a
3060 1511 3267 1582 seipsis
3289 1513 3527 1584 quidem
3555 1533 3671 1572 non

2037 1592 2334 1660 differunt,
2365 1594 2437 1649 ab
2468 1593 2599 1650 aliis
2628 1599 2825 1651 autem
2858 1596 3152 1652 differunt.

2107 1683 2261 1739 H2
2291 1683 2380 1736 20.
2413 1682 2563 1739 Sunt
2584 1687 2776 1740 autem
2800 1685 3026 1742 simitas
3057 1692 3112 1743 et
3132 1689 3338 1746 casius
3368 1691 3671 1749 oculorum

2037 1770 2214 1837 color,
2247 1771 2485 1844 nigredo
2518 1774 2575 1828 in
2619 1773 2883 1845 {Ethiope
2927 1780 2984 1830 et
3033 1775 3091 1830 in
3142 1793 3331 1849 corvo,
3364 1784 3421 1836 et
3468 1780 3674 1840 albedo

2035 1860 2096 1915 in
2148 1877 2331 1933 cygno
2376 1865 2433 1916 et
2478 1861 2907 1934 hujuscemodi,
2940 1865 3263 1923 accidentia
3309 1869 3673 1942 inseparabi-

283 1954 585 2029 ἀχώριστα·
646 1954 779 2017 καθὸ
837 1952 899 2008 οὐ
954 1949 1174 2008 δύναται
1228 1953 1567 2028 χωρισθῆναι
1622 1971 1927 2027 πραγματι-

2049 1951 2157 2005 lia:
2192 1951 2485 2021 quomodo
2534 1950 2724 2022 reipsa
2753 1953 3010 2024 separari
3044 1972 3156 2009 non
3208 1965 3454 2027 possunt
3481 1962 3554 2015 ab
3586 1961 3671 2016 in-

280 2046 390 2104 κῶς
457 2047 568 2098 τῶν
649 2042 700 2097 ἐν
780 2043 865 2104 οἷς
942 2041 1159 2114 ἀτόμων
1234 2040 1355 2096 εἰσί·
1414 2041 1529 2095 κατ’
1587 2038 1822 2095 ἐπίνοιαν
1873 2038 1931 2094 δὲ

2049 2038 2292 2094 dividuis
2320 2038 2380 2093 in
2411 2038 2627 2110 quibus
2665 2046 2822 2111 sunt,
2856 2043 3124 2112 quamvis
3155 2051 3211 2100 et
3239 2048 3369 2118 ipsa
3398 2064 3674 2120 separan-

279 2131 617 2207 χωρίζονται
674 2131 764 2186 καὶ
817 2130 952 2186 αὐτὰ
1022 2135 1128 2186 τῶν
1204 2130 1560 2205 πραγμάτων,
1620 2131 1717 2199 τὴν
1773 2128 1927 2207 φύσιν

281 2222 357 2294 μὴ
384 2219 789 2295 λυμαινόμενα.

347 2316 446 2364 κα¹.
510 2310 615 2365 Διὰ
666 2313 827 2364 τοῦτο
882 2308 1080 2371 παντὸς
1153 2302 1565 2382 συμϐεϐηκότος
1621 2307 1932 2383 ἀχωρίστου

277 2398 366 2453 καὶ
417 2402 705 2474 χωριστοῦ
746 2396 930 2460 κοινὰς
977 2399 1006 2452 6
1051 2395 1216 2473 λόγος
1257 2395 1414 2460 οὗτός
1473 2396 1604 2452 ἐστι*
1646 2390 1934 2469 Συμϐεϐη-

277 2486 371 2549 κός
422 2486 593 2559 ἐστιν,
625 2487 655 2542 ὃ
704 2486 906 2562 γίνεται
956 2486 1046 2541 καὶ
1094 2485 1404 2562 ἀπογίνεται
1451 2486 1627 2562 χωρὶς
1682 2492 1780 2556 τῆς
1835 2489 1933 2540 τοῦ

280 2575 647 2650 ὑποκειμένου
704 2577 926 2655 φθορᾶς.
978 2575 1076 2630 Καὶ
1143 2573 1331 2647 πάλιν,
1378 2569 1732 2649 συμϐεϐηκός
1794 2573 1934 2629 ἐστιν

276 2665 307 2720 ’ὀ
364 2662 649 2742 ἐνδέχεται
731 2669 811 2738 τῷ
881 2663 1027 2736 αὐτῷ
1100 2663 1361 2741 ὑπάρχειν
1418 2665 1453 2733 ἣ
1512 2664 1587 2736 μὴ
1649 2664 1930 2739 ὑπάρχειν.

277 2750 597 2831 Ἐνδέχεται
663 2755 768 2830 γὰρ
843 2753 1119 2830 ἄνθρωπον
1183 2753 1273 2808 καὶ
1327 2753 1589 2821 καθῆσθαι
1643 2752 1733 2807 καὶ
1787 2751 1936 2806 ἑστά-

275 2863 363 2897 ναι
410 2843 506 2898 καὶ
564 2839 803 2918 βαδίζειν
854 2841 943 2897 καὶ
990 2842 1125 2896 εῖναι
1170 2841 1328 2915 σιμὸν
1381 2840 1471 2896 καὶ
1524 2841 1598 2915 μὴ
1645 2840 1795 2895 εἶναι’
1844 2840 1934 2895 καὶ

272 2931 692 3008 ἀπογινομὲνης
720 2937 821 3001 τῆς
851 2930 1247 3006 γλαυκότητος,
1279 2926 1431 2985 οὐδὲν
1476 2932 1636 2998 ἧττον
1670 2930 1699 2984 ὁ
1731 2930 1933 3005 ἄνθρω-

273 3041 378 3083 πος
433 3021 617 3094 μένει.
667 3018 892 3075 Δύναται
943 3016 1000 3074 δὲ
1058 3018 1148 3075 καὶ
1200 3018 1392 3081 κύκνος
1441 3019 1789 3089 ἐπινοηθῆναι
1841 3016 1935 3091 μὲ-

272 3108 395 3183 λας,
426 3109 523 3164 καὶ
580 3111 611 3164 6
657 3107 822 3185 κόραξ
869 3106 1085 3181 λευκὸς,
1115 3108 1204 3163 καὶ
1255 3105 1452 3183 Αἰθίοψ
1498 3103 1793 3163 ἀποϐαλὼν
1833 3108 1933 3176 τὴν

271 3199 495 3274 χροιάν.
548 3196 655 3252 Καὶ
720 3200 886 3252 ταῦτα
945 3196 1114 3252 πάντα
1169 3196 1409 3274 γενέσθαι
1488 3194 1702 3252 δύναται
1759 3197 1937 3274 χωρὶς

266 3293 371 3358 τῆς
404 3291 507 3343 τοῦ
543 3286 908 3361 ὑποκειμένου
939 3287 1157 3365 φθορᾶς.

2038 2132 2135 2182 tur
2163 2127 2344 2182 animi
2375 2128 2609 2184 notione
2628 2146 2731 2185 seu
2763 2138 3065 2203 conceptu,
3086 2137 3150 2188 ut
3182 2151 3372 2192 rerum
3403 2143 3673 2195 naturam

2041 2232 2157 2271 non
2190 2215 2537 2272 labefaciunt
2564 2218 2689 2289 (seu
2720 2222 3141 2293 corrumpant).

2110 2306 2200 2361 21.
2231 2306 2591 2379 Quapropter
2622 2307 2812 2363 omnis
2842 2309 3158 2366 accidentis
3190 2312 3592 2386 inseparabilis
3622 2321 3680 2374 et

2041 2394 2385 2466 separabilis
2415 2399 2504 2450 est
2538 2396 2660 2451 hac
2702 2398 3032 2454 communis
3062 2400 3320 2457 definitio
3353 2420 3364 2457 :
3399 2406 3679 2463 Accidens

2042 2484 2314 2554 estquod
2366 2485 2528 2539 adest
2556 2490 2614 2540 et
2651 2486 2815 2540 abest
2858 2485 3012 2542 circa
3057 2489 3303 2559 subjecti
3352 2495 3678 2566 corruptio-

2042 2588 2194 2627 nem.
2250 2573 2318 2627 Et
2374 2590 2578 2628 rursus
2629 2590 2642 2627 :
2699 2574 2982 2631 Accidens
3039 2582 3129 2633 est
3183 2581 3336 2651 quod
3395 2585 3682 2657 contingit

2042 2662 2229 2716 eidem
2261 2661 2451 2717 inesse
2481 2668 2583 2717 aut
2622 2680 2737 2718 non
2783 2665 2993 2721 inesse.
3028 2667 3323 2740 Contingit
3371 2672 3526 2727 enim
3574 2673 3680 2731 ho-

2044 2749 2260 2806 minem
2291 2755 2349 2806 et
2379 2752 2574 2807 sedere
2602 2757 2659 2807 et
2701 2756 2854 2808 stare
2900 2758 2956 2809 et
3002 2755 3325 2824 ambulare,
3357 2765 3413 2815 et
3441 2778 3568 2818 esse
3600 2763 3679 2818 si-

2042 2854 2205 2894 mum
2239 2857 2304 2894 ac
2335 2856 2446 2894 non
2481 2855 2637 2907 esse;
2670 2846 2728 2895 et
2757 2840 2996 2898 absente
3043 2845 3210 2900 casio
3253 2847 3554 2905 oculorum
3585 2868 3681 2907 co-

2043 2927 2162 2983 lore
2195 2927 2576 2983 nihilominus
2627 2928 2799 2984 homo
2849 2935 3070 3000 manet;
3106 2934 3207 2988 sed
3238 2939 3295 2989 et
3322 2952 3542 3008 cygnus
3585 2957 3680 2996 co-

2044 3016 2212 3089 gitari
2272 3023 2459 3089 potest
2512 3017 2697 3090 niger,
2729 3022 2785 3073 et
2842 3035 3049 3075 corvus
3106 3021 3296 3091 albus,
3327 3035 3381 3080 et
3436 3026 3680 3101 Ethiops

2044 3105 2233 3162 colore
2282 3106 2535 3178 abjecto;
2586 3111 2947 3178 possuntque
2979 3109 3098 3165 hac
3126 3112 3324 3168 omnia
3371 3114 3497 3171 sine
3540 3117 3679 3173 sub-

2036 3196 2180 3267 jecti
2210 3196 2579 3268 corruptione
2616 3196 2762 3251 fieri.

488 3379 718 3453 Τριχῶς
745 3344 860 3431 ⁸οὖν
908 3344 1006 3445 της
1044 3344 1311 3453 ’διαφορᾶς
1360 3372 1687 3450 λεγομένης,
1738 3379 1932 3438 κοινῶς

2117 3374 2207 3428 22.
2265 3374 2408 3429 Cum
2464 3373 2645 3445 igitur
2694 3374 3000 3446 tripliciter
3054 3378 3379 3437 differentia
3435 3382 3685 3453 dicatur,

267 3466 363 3521 καὶ
416 3462 584 3527 ἰδίως
654 3464 743 3520 καὶ
803 3461 1089 3533 ἰδιαίτατα,
1144 3469 1288 3519 πᾶσα
1338 3465 1430 3536 μὲν
1485 3460 1717 3542 διαφορά
1765 3463 1940 3541 ἑτερό-

266 3574 370 3624 της
413 3555 478 3609 τὲ
530 3554 651 3609 ἐστι
695 3552 785 3608 καὶ
834 3552 1067 3628 ἑτεροῖόν
1098 3574 1151 3607 τι
1178 3558 1327 3607 ποιεῖ
1371 3554 1770 3629 προσγινομὲνη
1811 3552 1934 3610 τινί.

268 3640 432 3700 Ἀλλ’
454 3644 514 3698 αἱ
552 3642 653 3717 μὲν
679 3646 875 3704 κοινῶς
906 3642 994 3697 καὶ
1024 3639 1177 3703 ἰδίως
1208 3639 1461 3720 διαφοραὶ
1494 3639 1722 3697 ἀλλοῖον
1754 3646 1939 3696 ποιοῦ-

266 3751 371 3787 σιν·
402 3733 461 3787 αἱ
498 3730 563 3787 δὲ
590 3728 861 3785 ἰδιαίτατα
890 3729 1052 3787 ἄλλο·
1085 3727 1284 3793 αἶ’τινὲς
1316 3730 1447 3785 εἰσιν
1496 3730 1799 3807 ἀγώριστοι
1846 3730 1935 3785 καὶ

262 3823 386 3878 κατ’
436 3821 619 3891 αὐτὴν
663 3822 762 3888 τήν
813 3818 1064 3874 ἐπίνοιαν.
1117 3817 1253 3874 Οὐδὲ
1298 3819 1399 3896 γὰρ
1453 3817 1593 3874 ἔστιν
1653 3818 1938 3889 ἐπινοῆσαι

262 3916 407 3979 ζῶον
454 3910 817 3979 ἀναίσθητον,
849 3911 883 3978 ἣ
925 3909 1200 3984 ἄνθρωπον
1261 3907 1481 3985 ἄλογον,
1515 3909 1549 3976 ἢ
1589 3906 1759 3963 ἵππον
1812 3908 1940 3963 ἀλο-

260 3999 390 4076 γίας
421 3999 850 4076 κεχωρισμένον
863 4042 874 4054 .

2048 3463 2438 3517 communiter
2494 3468 2551 3517 et
2608 3464 2838 3534 proprie
2893 3470 2951 3519 et
3007 3468 3436 3539 propriissime,
3495 3474 3686 3530 omnis

2046 3550 2311 3622 equidem
2346 3552 2671 3607 differentia
2699 3557 2789 3607 est
2818 3554 2906 3625 (ut
2953 3554 3035 3610 ita
3077 3556 3291 3628 dicam)
3322 3560 3600 3629 alteritas,
3632 3567 3689 3619 et

2046 3639 2268 3695 varium
2301 3639 2523 3711 aliquid
2562 3640 2739 3696 efﬁcit
2787 3658 2920 3698 cum
2969 3646 3309 3718 adjungitur
3355 3648 3548 3719 alicui,
3585 3653 3685 3708 sed

2047 3746 2175 3800 qua
2224 3729 2461 3800 quidem
2522 3731 2910 3788 communiter
2946 3739 3004 3788 et
3045 3736 3275 3807 proprie
3330 3743 3469 3793 sunt
3521 3741 3684 3797 diffe-

2047 3816 2268 3882 rentiae,
2301 3818 2616 3885 diversum,
2659 3821 2812 3875 H3
2862 3838 2988 3892 qua
3037 3829 3230 3879 autem
3284 3828 3687 3898 propriissime

2048 3912 2208 3975 sunt,
2262 3905 2422 3961 aliud
2477 3906 2773 3977 efficiunt;
2836 3926 2960 3981 qua
3017 3912 3190 3967 etiam
3251 3917 3444 3986 quoad
3496 3918 3687 3990 ipsam

2047 3995 2228 4053 animi
2287 3994 2581 4050 notionem
2630 4002 2767 4052 sunt
2807 3997 3245 4071 inseparabiles.
3281 4003 3479 4076 Neque
3529 4008 3687 4063 enim

260 4091 499 4148 animal
533 4105 755 4146 sensus
793 4104 998 4161 expers
1054 4092 1155 4144 aut
1210 4087 1504 4144 hominem
1558 4088 1944 4145 ratiocinandi
1998 4085 2271 4144 facultate
2319 4084 2687 4153 destitutum,
2720 4091 2822 4142 aut
2849 4102 3067 4159 equum
3098 4106 3133 4146 a
3160 4090 3402 4149 rationis
3457 4102 3689 4169 experte

261 4180 627 4236 conditione
654 4181 988 4250 separatum
1016 4175 1153 4233 licet
1180 4177 1377 4233 animo
1407 4176 1729 4251 concipere.

158 4768 161 4771 -
255 4726 410 4799 εἷ’δη.
473 4726 553 4785 Αἰ
620 4723 677 4781 δὲ
732 4724 959 4781 ἀλλοῖον
1015 4729 1267 4780 ποιοῦσαι
1311 4725 1448 4781 κατὰ
1494 4721 1843 4800 συμϐεϐηκός
1883 4727 1943 4782 τὲ

334 4286 448 4359 κγ’.
520 4279 702 4339 Αὗται
765 4281 857 4355 μὲν
917 4278 1008 4336 οὖν
1063 4282 1119 4335 αἱ
1184 4278 1323 4336 ἄλλο
1376 4284 1628 4336 ποιοῦσαι
1689 4279 1942 4361 διαφοραὶ

256 4374 385 4437 καθ’
448 4369 659 4433 ἑαυτάς
714 4371 775 4425 τέ
831 4368 953 4442 εἷ’σι,
1010 4369 1100 4425 καὶ
1156 4369 1219 4424 τὸ
1278 4368 1493 4443 μᾶλλον
1546 4370 1636 4425 καὶ
1679 4371 1741 4426 τὸ
1779 4373 1939 4440 ἧττον

256 4461 363 4518 οὐκ
393 4458 789 4537 ἐπιδέχονται.
842 4454 977 4514 Οὔτε
1021 4458 1125 4536 γὰρ
1171 4459 1233 4513 τὸ
1279 4459 1434 4534 γένος
1484 4457 1696 4533 μᾶλλον
1726 4460 1815 4514 καὶ
1845 4462 1941 4530 ἦτ-

254 4572 358 4606 τον
410 4553 815 4626 κατηγορεῖται
865 4548 927 4603 οὗ
975 4546 1034 4602 ἂν
1083 4544 1166 4618 εἴη
1216 4547 1397 4623 γένος,
1447 4545 1571 4603 οὔτε
1617 4549 1671 4602 αἱ
1717 4554 1815 4603 τοῦ
1851 4547 1939 4626 γε·

253 4660 389 4702 νους
453 4637 749 4717 διαφοραὶ,
807 4638 923 4692 καθ’
980 4636 1039 4699 ἃς
1096 4633 1382 4711 διαιρεῖται
1431 4637 1494 4692 τὸ
1546 4636 1700 4713 γένος
1753 4638 1829 4700 εἰς
1876 4639 1944 4693 τὰ

2118 4281 2208 4336 23.
2243 4282 2339 4337 Ha
2371 4280 2609 4353 quidem
2660 4281 2839 4354 igitur
2876 4282 3214 4341 differentia
3244 4304 3371 4359 qua
3420 4288 3578 4345 aliud
3609 4290 3691 4348 fa-

2050 4371 2211 4426 ciunt
2241 4387 2373 4425 cum
2405 4387 2506 4442 per
2537 4386 2600 4426 se
2628 4376 2786 4441 sunt,
2822 4377 2948 4427 tum
2996 4374 3184 4447 magis
3231 4380 3289 4432 et
3342 4377 3540 4434 minus
3572 4397 3689 4437 non

2051 4460 2361 4533 recipiunt.
2393 4459 2591 4533 Neque
2622 4460 2777 4515 enim
2805 4477 2988 4533 genus
3020 4462 3206 4535 magis
3236 4470 3293 4519 et
3325 4465 3518 4523 minus
3550 4485 3693 4540 pra-

2051 4549 2279 4604 dicatur
2306 4548 2376 4604 de
2407 4565 2473 4605 eo
2505 4551 2673 4620 cujus
2703 4554 2791 4604 est
2837 4566 3054 4621 genus;
3109 4568 3308 4624 nequa
3355 4554 3690 4613 differentia

2051 4638 2281 4711 generis
2312 4639 2635 4693 secundum
2664 4656 2812 4711 quas
2840 4655 3026 4711 genus
3054 4638 3113 4695 in
3137 4641 3360 4712 species
3389 4643 3688 4702 dividitur.

2052 4727 2187 4791 Qua
2219 4743 2350 4782 vero
2401 4726 2559 4781 aliud
2613 4727 2833 4782 faciunt
2880 4743 3011 4782 cum
3063 4745 3165 4799 per
3211 4729 3480 4787 accidens
3527 4739 3688 4806 sunt,

253 4819 391 4891 εἰσι,
458 4816 563 4871 καὶ
628 4814 981 4870 ἐπιτείνονται
1029 4814 1119 4868 καὶ
1181 4812 1412 4869 ἀνίενται
1470 4816 1704 4870 ἅπασαι.
1764 4817 1932 4887 Κάθη·

2055 4820 2177 4870 tum
2237 4832 2437 4871 omnes
2492 4815 2878 4870 intenduntur
2924 4820 2981 4871 et
3032 4818 3430 4875 remittuntur.
3462 4821 3691 4880 Etenim

253 4926 351 4961 ται
383 4905 502 4982 γάρ
558 4925 652 4966 τις
704 4901 868 4959 πλέον
920 4904 1126 4978 ἑτέρου,
1173 4901 1264 4958 καί
1313 4901 1484 4965 ἄλλος
1529 4901 1704 4959 ἄλλου
1738 4902 1932 4980 βαδίζει

2053 4903 2266 4975 aliquis
2293 4902 2425 4975 plus
2457 4904 2620 4958 sedet
2649 4901 2783 4973 alio,
2815 4908 2872 4958 et
2913 4903 3064 4959 alius
3096 4905 3208 4961 alio
3239 4907 3371 4978 plus
3403 4911 3688 4981 ambulat,

251 4993 466 5051 πλέον·
536 4992 637 5049 καὶ
684 4996 847 5065 σιμοῦ
896 4991 1197 5068 σιμώτερός
1242 4990 1352 5047 ἐστί
1403 5013 1509 5063 τις,
1560 4993 1647 5047 καὶ
1700 4993 1932 5068 γλαυκοῐ

2053 4998 2110 5047 et
2139 4994 2287 5048 simo
2318 4992 2532 5063 aliquis
2580 4997 2669 5048 est
2708 4991 2897 5064 magis
2928 4992 3137 5063 simus,
3167 5000 3225 5051 et
3268 4998 3436 5054 casio
3480 4999 3694 5072 aliquis

255 5083 688 5160 γλαυκότερος.

2056 5082 2244 5153 magis
2272 5084 2361 5136 est
2388 5080 2614 5135 casius.

335 5171 448 5231 κδ’.
517 5168 771 5227 Οὐδεμία
828 5168 885 5225 δὲ
938 5174 1045 5225 τῶν
1108 5174 1305 5232 κοινῶς
1363 5167 1400 5239 ἤ
1461 5167 1615 5233 ἰδίως
1673 5168 1932 5250 διαφορῶι

2123 5171 2213 5223 24.
2246 5169 2417 5223 Nulla
2445 5174 2640 5225 autem
2670 5171 3059 5226 communiter
3088 5176 3190 5227 aut
3226 5176 3455 5246 proprie
3481 5177 3692 5249 (dicta-

257 5259 531 5316 συντελεῖ
582 5260 724 5336 πρὸς
775 5261 868 5315 τὸν
923 5259 1147 5335 ὁρισμόν
1183 5304 1195 5317 .
1252 5260 1646 5338 Ὑπογράφουσι
1700 5261 1802 5336 γὰρ
1858 5258 1932 5315 αὖ·

2055 5259 2210 5323 rum)
2242 5258 2700 5313 differentiarum
2754 5259 2825 5313 ad
2875 5259 3273 5318 definitionem
3323 5268 3563 5322 confert.
3598 5266 3694 5322 Ha

251 5371 349 5407 ται
381 5350 460 5406 τὰ
491 5346 822 5425 πράγματα,
874 5348 936 5404 οὐ
989 5350 1096 5423 μὴν
1145 5349 1233 5403 καὶ
1264 5346 1559 5420 ὁρίζουσιν.
1593 5350 1659 5403 Δί
1691 5346 1749 5403 δὲ
1789 5346 1932 5404 ἰδιαί,

2054 5348 2209 5403 enim
2243 5347 2582 5403 describunt
2610 5348 2851 5419 quidem
2902 5365 3015 5415 res,
3046 5352 3146 5405 sed
3180 5368 3295 5407 non
3328 5354 3504 5410 etiam
3552 5356 3695 5412 deﬂ-

250 5460 402 5496 τατα
456 5436 729 5516 διαιροραί
775 5438 1092 5515 πράγματος
1142 5438 1366 5493 ἑκάστου
1416 5435 1805 5515 συμπληροῦσι
1854 5438 1932 5493 τὸι

2054 5436 2245 5492 niunt.
2275 5435 2682 5507 Propriissime
2718 5441 2913 5493 autem
2946 5438 3158 5511 (dicta)
3187 5441 3521 5499 differentia
3553 5446 3694 5502 defi-

253 5527 538 5607 ὁρισμόν.

2057 5525 2337 5581 nitiouem
2368 5523 2662 5597 complent
2692 5527 2979 5598 cujusque
3012 5527 3112 5583 rei.

331 5619 438 5675 κε’.
478 5621 809 5690 Ἀναγκαῖον
861 5614 918 5672 δὲ
966 5613 1183 5685 εἰδέναι,
1232 5613 1314 5670 ὅτι
1363 5617 1463 5689 (τε)
1506 5616 1568 5671 τὸ
1620 5622 1721 5685 τῆς
1764 5615 1932 5669 οὐσίας

2123 5616 2213 5669 ‘25.
2246 5614 2649 5669 Necessarium
2700 5631 2870 5686 porro
2902 5616 3048 5671 scitu
3090 5622 3198 5683 est,
3231 5622 3382 5687 quod
3430 5623 3693 5679 essentia

254 5704 449 5781 ὄνομα
523 5703 629 5759 καὶ
678 5703 762 5760 ἐπὶ
813 5709 908 5775 τῆς
966 5705 1154 5767 ἁπλῶς
1216 5703 1489 5781 ὑπάρξεως
1550 5704 1720 5760 ἐνίοτε
1762 5705 1932 5758 τάττε-

2057 5720 2268 5759 nomen
2300 5720 2719 5775 nonnunquam
2752 5704 2927 5760 etiam
2952 5707 3020 5760 de
3045 5708 3389 5778 simpliciter
3418 5712 3696 5768 exsistan-

253 5817 373 5868 ται,
415 5795 520 5853 καὶ
577 5790 666 5848 ὅτι
696 5815 757 5851 το
806 5789 1153 5869 συμϐεϐηκὸς
1195 5790 1363 5864 δηλοῖ
1398 5814 1531 5849 ποτε
1580 5794 1642 5850 τὸ
1688 5790 1932 5850 οὐσιῶδες

2054 5792 2135 5849 tia
2165 5792 2538 5863 adhibeatur;
2571 5796 2628 5850 et
2674 5793 2830 5866 quod
2879 5794 3148 5853 accidens
3194 5796 3507 5870 aliquando
3547 5801 3692 5859 114
