4096 6448
446 491 562 552 775

1696 479 2111 542 NICEPHOHI
2159 479 2596 541 BLEMMIDIE

3710 479 3812 543 776

445 627 676 683 denotet
724 620 1024 694 proprium
1057 617 1384 686 essentiale,
1419 624 1482 672 ut
1533 616 1687 687 quod
1738 614 1961 671 accidat
2005 613 2082 667 rei
2116 611 2202 684 Αέ

2213 608 2358 683 Ῠδιον9
2418 612 2491 673 ὡς
2553 606 2848 684 συμϐαῖνον
2906 612 2993 666 καὶ
3054 611 3345 688 συντρέχον
3401 616 3478 683 τῷ
3522 611 3812 687 πράγματι·

447 720 503 770 et
531 730 665 768 cum
708 713 835 782 ipsa
881 712 1206 765 concurrat.
1238 707 1497 762 Dicimus
1553 706 1710 762 enim
1768 704 2085 759 essentiam

448 801 656 858 coloris
708 803 1012 871 propterea
1067 797 1221 868 quod
1281 801 1338 851 et
1392 794 1659 850 accidens
1718 793 1775 847 in
1843 807 2086 848 numero

448 891 670 946 entium
708 888 1019 951 consistat,
1069 893 1126 941 et
1171 886 1363 955 ipsum
1413 882 1825 955 quoquomodo
1873 881 1970 935 sit.
2021 883 2087 934 Et

446 979 658 1034 iterum
688 977 937 1031 dicimus
968 975 1400 1030 conclusionem
1425 970 1918 1044 propositionibus
1942 968 2087 1025 acci-

422 1068 611 1135 dere;
644 1065 753 1121 hoc
803 1069 891 1119 est
940 1062 1284 1119 naturaliter
1327 1067 1384 1117 et
1433 1059 1822 1117 essentialiter
1869 1058 1941 1113 ad
1989 1074 2087 1113 eas

447 1153 748 1226 consequi.

517 1244 607 1299 26.
645 1241 864 1297 Dicitur
911 1243 1103 1294 autem
1154 1236 1444 1310 ejusmodi
1497 1235 1787 1298 accidens,
1820 1233 1928 1289 hoc
1979 1236 2085 1303 est,

449 1331 762 1389 essentiale
792 1328 1090 1400 proprium
1113 1328 1388 1397 quodque
1418 1324 1656 1380 omnino
1682 1327 1770 1378 est
1798 1322 2090 1393 insepara-

449 1421 564 1476 bile
594 1420 784 1492 quoad
818 1419 1005 1488 ipsam
1036 1417 1212 1470 etiam
1253 1414 1436 1469 animi
1467 1413 1784 1480 notionem,
1818 1410 2005 1483 primo
2034 1413 2090 1464 et

450 1527 552 1582 per
584 1525 643 1565 se
674 1509 864 1563 inesse
895 1505 1005 1571 rei;
1040 1509 1104 1558 ut
1133 1503 1380 1574 corpori,
1405 1508 1599 1574 patere
1627 1503 1685 1555 in
1719 1506 1836 1556 tres
1866 1500 2089 1554 dimen-

453 1601 674 1666 siones;
736 1596 924 1668 primo
983 1593 1242 1666 quidem,
1289 1592 1428 1664 quia
1481 1592 1531 1646 ei
1587 1590 1692 1646 soli
1752 1589 2090 1645 immediate

451 1690 634 1756 inest;
669 1703 770 1758 per
798 1701 859 1740 se
888 1688 1105 1750 autem,
1137 1681 1276 1753 quia
1302 1678 1711 1736 essentialiter.

522 1780 611 1833 2'7.
644 1776 769 1831 Non
801 1777 999 1829 autem
1047 1771 1241 1841 siquid
1290 1786 1393 1841 per
1422 1786 1504 1834 se,
1537 1769 1645 1824 hoc
1693 1767 1869 1823 etiam
1902 1766 2089 1839 primo

453 1867 628 1939 (inest
659 1864 785 1935 rei).
821 1861 1021 1918 Latius
1050 1859 1205 1914 enim
1239 1862 1395 1931 patet
1438 1857 1592 1930 quod
1625 1872 1726 1928 per
1756 1873 1817 1912 se
1842 1856 1995 1912 inest
2023 1873 2089 1912 eo

453 1956 607 2028 quod
641 1954 828 2027 primo
857 1951 1027 2005 inest.
1053 1949 1276 2004 Etenim
1304 1945 1522 2002 animal
1552 1947 1706 2018 quod
1738 1945 1960 2003 homini
1990 1961 2093 2018 per

454 2062 517 2101 se
545 2048 602 2099 et
639 2039 1025 2098 essentialiter
1075 2039 1248 2104 inest,
1283 2053 1396 2090 non
1446 2037 1597 2091 inest
1648 2035 1821 2090 etiam
1880 2034 2086 2107 primo.

453 2131 688 2188 Animal
719 2129 873 2185 enim
905 2133 1013 2192 est,
1049 2127 1097 2181 si
1132 2125 1306 2180 homo
1340 2141 1453 2179 non
1487 2129 1594 2180 est.
1625 2126 1697 2178 At
1727 2123 1945 2195 aliquid
1979 2129 2096 2178 tres

457 2221 852 2277 dimensiones
902 2216 1124 2271 habens
1167 2231 1281 2269 non
1329 2219 1436 2280 est,
1470 2212 1519 2268 si
1567 2229 1774 2282 corpus
1827 2230 1939 2267 non
1991 2211 2094 2279 sit;

457 2326 564 2370 nec
589 2306 985 2380 intelligentiae
1033 2309 1089 2359 et
1135 2301 1388 2357 scientiae
1425 2317 1625 2372 capax,
1659 2302 1708 2356 si
1755 2301 1929 2356 homo
1981 2317 2095 2356 non

459 2401 536 2456 sit
568 2415 580 2452 :
615 2413 717 2452 nec
749 2393 1068 2459 conclusio,
1102 2392 1150 2446 si
1195 2389 1618 2462 propositiones
1652 2407 1767 2444 non
1799 2389 1956 2444 sint:
1993 2405 2095 2444 nec

458 2485 741 2552 deﬁnitio,
774 2500 907 2539 cum
934 2483 1094 2538 abest
1127 2480 1455 2535 deﬁnitum.

529 2577 618 2631 28.
654 2577 1015 2646 Quapropter
1055 2570 1232 2625 etiam
1272 2568 1642 2624 deﬁnitiones
1691 2572 1748 2623 et
1797 2569 1983 2640 primo
2015 2568 2099 2621 in-

460 2671 600 2723 sunt
641 2662 917 2725 deﬁnitis,
950 2665 1006 2716 et
1061 2656 1466 2725 essentialiter,
1518 2657 1808 2729 siquidem
1867 2658 2097 2729 proprie

462 2753 829 2812 deﬁnitiones
861 2753 1018 2806 sunt.

533 2844 682 2899 115
717 2842 804 2895 29.
837 2841 920 2894 Ex
950 2838 1042 2892 his
1074 2837 1292 2909 (igitur)
1324 2853 1450 2908 quae
1483 2851 1583 2907 per
1611 2851 1673 2890 se
1703 2839 1762 2890 et
1791 2835 1979 2906 primo
2009 2835 2097 2890 in-

462 2938 602 2990 sunt
628 2928 1047 2986 demonstratio
1079 2925 1308 2997 proprie
1339 2925 1493 2980 dicta
1522 2924 1799 2978 efﬁcitur:
1835 2940 1939 2978 nec
1968 2941 2100 2980 vero

464 3040 531 3080 ex
574 3018 993 3085 accidentibus,
1024 3015 1111 3071 vel
1160 3032 1228 3069 ex
1275 3013 1367 3068 his
1414 3030 1541 3084 quae
1583 3013 1818 3084 quidem
1869 3029 1971 3085 per
2017 3029 2098 3078 se,

464 3129 579 3169 non
608 3116 804 3166 tamen
834 3107 1024 3180 primo
1057 3106 1228 3160 rebus
1259 3103 1483 3160 insunt.

2123 1993 2170 2057 Β

2197 701 2433 774 Λέγομεν
2483 702 2588 776 γὰρ
2634 704 2733 770 τήν
2778 701 2960 758 οὐσίαν
3018 707 3114 756 τοῦ
3163 703 3488 777 χρώματος,
3537 699 3623 756 διὰ
3664 703 3722 756 τὸ
3772 703 3815 757 ἐν

2194 794 2306 850 τοῖς
2341 787 2462 842 οὖσι
2510 789 2762 865 τετάχθαι
2813 791 2901 844 καὶ
2947 791 3008 844 τὸ
3059 785 3406 862 συμϐεϐηκὸς
3455 790 3543 845 καὶ
3593 791 3816 846 ὁπωσοῦν

2196 879 2328 931 εἶναι
2387 877 2515 932 αὐτὸ
2548 923 2559 935 .
2621 878 2719 932 Καὶ
2799 878 2962 935 πάλιν
3043 877 3274 954 λὲγομεν
3347 875 3653 952 συμϐαίνειν
3718 886 3820 944 ταῖς

2195 967 2482 1042 προτάσεσι
2555 968 2618 1022 τὸ
2696 969 3057 1044 συμπέρασμα
3119 1013 3132 1037 ,
3212 969 3456 1024 τουτέστι
3534 971 3820 1024 συνέπεσθαι

2197 1060 2435 1132 φυσικῶς
2467 1077 2524 1111 τε
2551 1056 2639 1110 καὶ
2673 1054 2973 1118 οὐσιωδῶς.

2266 1235 2365 1297 κς’.
2422 1234 2644 1309 Λέγεται
2704 1233 2761 1290 δὲ
2805 1236 2869 1290 τὸ
2921 1239 3167 1291 τοιοῦτον
3226 1231 3572 1309 συμϐεϐηκὸς
3600 1282 3614 1307 ,
3669 1236 3821 1294 εἴτουν

2195 1323 2256 1376 τὸ
2288 1320 2565 1392 οὐσιῶδες,
2601 1320 2734 1378 ἴδιον
2781 1325 2871 1378 καὶ
2917 1325 3088 1393 πάντη
3139 1325 3449 1401 ἀχώριστον
3485 1327 3573 1380 καὶ
3605 1333 3714 1381 κατ’
3742 1328 3822 1381 αὖ·

2195 1414 2294 1481 τὴν
2342 1413 2441 1479 τὴν
2490 1412 2750 1483 ἐπίνοιαν,
2810 1415 3044 1488 πρώτως
3094 1414 3182 1468 καὶ
3233 1416 3347 1470 καθ’
3394 1416 3526 1470 αὑτὸ
3581 1415 3824 1492 ὑπάρχειν

2195 1506 2275 1572 τῷ
2324 1501 2622 1576 πράγματι·
2681 1503 2753 1563 ὡς
2801 1507 2881 1574 τῷ
2931 1505 3163 1574 σώματι,
3205 1504 3270 1557 τὸ
3315 1511 3484 1580 τριχῆ
3537 1501 3824 1559 διαστατόν·

2197 1591 2432 1664 πρώτως
2479 1591 2595 1662 μὲν,
2647 1591 2731 1644 ὅτι
2777 1591 2924 1662 αὖτῷ
2969 1592 3120 1664 μόνῳ
3172 1592 3401 1668 ὑπάρχει
3454 1592 3688 1666 ἀμέσως·
3727 1595 3826 1649 καθ’

2198 1680 2353 1736 ἑαυτὸ
2385 1676 2460 1749 δὲ,
2493 1679 2573 1733 ὅτι
2606 1677 2905 1742 οὐσιωδῶς.

2269 1770 2334 1826 κ’,
2393 1767 2503 1822 Οὐκ
2561 1767 2609 1823 εἶ’
2663 1790 2718 1822 τι
2773 1765 2830 1823 δὲ
2883 1771 2998 1824 καθ’
3054 1769 3205 1841 αὐτὸ,
3252 1775 3414 1825 τοῦτο
3461 1771 3553 1826 καὶ
3593 1772 3830 1845 πρώτως.

2201 1858 2322 1913 Ἐπί
2377 1857 2543 1913 πλέον
2604 1860 2708 1935 γάρ
2763 1874 2858 1919 τοῦ
2914 1860 3148 1935 πρώτως
3187 1861 3248 1915 τὸ
3295 1863 3414 1916 καθ’
3464 1861 3615 1916 αὑτό.
3647 1862 3715 1918 Τὸ
3741 1861 3832 1936 γὰρ

2203 1951 2337 2015 ζῶον
2401 1947 2646 2022 ὑπάρχον
2702 1953 2782 2020 τῷ
2837 1949 3110 2025 ἀνθρώπῳ
3163 1951 3277 2004 καθ’
3337 1950 3466 2004 αὑτὸ
3514 1951 3606 2005 καὶ
3659 1951 3835 2010 aucto)-

2201 2033 2328 2106 δὼς,
2390 2035 2497 2111 οὐχ
2573 2037 2803 2112 ὑπάρχει
2861 2038 2949 2092 καὶ
3007 2039 3272 2113 πρώτως.
3335 2040 3487 2094 Ἐστι
3548 2041 3656 2116 γὰρ
3710 2045 3834 2109 ζῶον

2206 2125 2492 2198 ἀνθρώπου
2529 2127 2603 2197 μὴ
2655 2122 2828 2188 ὄντος.
2877 2132 3052 2202 Τριχῆ
3103 2125 3158 2181 δέ
3205 2149 3258 2182 τι
3311 2125 3619 2202 ὃιαστατὸν,
3662 2130 3832 2203 σώμα-

2203 2234 2297 2275 τος
2347 2215 2421 2284 μή
2483 2209 2656 2285 ὄντος,
2708 2215 2808 2269 οὐκ
2867 2215 3028 2270 ἔστιν’
3072 2215 3194 2272 οὔτε
3246 2221 3340 2271 νοῦ
3392 2218 3484 2271 καὶ
3542 2217 3836 2291 ἐπιστήμης

2206 2299 2471 2370 δεκτικὸν,
2517 2303 2808 2379 ἀνθρώπου
2872 2307 2948 2376 μὴ
3000 2301 3157 2367 ὄντος
3193 2327 3206 2340 ·
3267 2303 3392 2360 οὔτε
3439 2308 3795 2383 συμπέρασμα
3823 2351 3835 2374 ,

2205 2391 2512 2467 προτάσεων
2577 2393 2654 2465 μὴ
2709 2393 2904 2449 οὐσῶν·
2964 2392 3088 2450 οὔτε
3145 2396 3368 2470 ὁρισμὸς
3393 2443 3405 2467 ,
3467 2395 3700 2460 ἀπόντος
3753 2401 3841 2451 τοῦ

2206 2481 2441 2554 ὁριστοῦ.

2275 2571 2380 2639 κη’.
2441 2571 2535 2624 Διὸ
2591 2571 2679 2624 καὶ
2738 2571 2789 2624 οἱ
2848 2571 3068 2645 ὁρισμοὶ
3127 2571 3215 2626 καὶ
3267 2575 3498 2647 πρώτως
3548 2574 3839 2650 ὑπάρχουσι

2204 2663 2320 2718 τοῖς
2367 2659 2627 2733 ὁριστοῐς,
2679 2658 2768 2714 καὶ
2816 2658 3120 2729 αὐσιωδῶς,
3173 2658 3226 2715 εἷ’
3247 2681 3307 2736 γε
3335 2661 3536 2735 κυρίως
3583 2663 3715 2718 εἰσὶν
3745 2664 3843 2741 ὁρι-

2208 2745 2358 2819 σμοί.

2277 2838 2372 2894 κθ’.
2423 2843 2515 2892 Ἐκ
2561 2837 2769 2893 τούτων
2807 2838 2947 2910 (οὖν)
2983 2842 3090 2894 τῶν
3133 2839 3250 2902 καθ’
3304 2839 3438 2896 αὐτὰ
3485 2839 3578 2894 καί
3625 2843 3845 2917 πρώτως

2208 2928 2242 2993 ἡ
2304 2925 2506 2999 κυρίως
2546 2924 2817 2996 ἀπόδειξις
2875 2925 3097 3002 γίνεταυ
3159 2925 3280 2982 οὔτε
3339 2925 3397 2983 δὲ
3453 2928 3513 2984 ἐκ
3559 2936 3669 2986 τῶν
3722 2952 3844 3003 συμ-

2209 3008 2542 3086 ϐεϐηκότων,
2575 3011 2686 3070 οὔτ’
2719 3014 2779 3070 ἐκ
2801 3020 2910 3071 τῶν
2948 3017 3063 3070 καθ’
3097 3016 3230 3071 αὑτὰ
3263 3018 3380 3091 μὲν,
3431 3018 3505 3091 μὴ
3538 3021 3768 3092 πρώτως
3799 3017 3846 3073 δὲ

2209 3107 2323 3164 τοῖς
2353 3101 2665 3178 πράγμασιν
2702 3103 3080 3178 ὑπαρχόντων.

1354 3259 1561 3327 Σχῆμα
1589 3250 1781 3330 κεφαλ.
1818 3253 1908 3327 ιβ’,
1943 3252 2069 3328 Περὶ
2101 3251 2358 3330 διαφορᾶς
2389 3253 2479 3309 καὶ
2519 3250 2942 3331 συγϐεϐηκότος.

1417 3381 1454 3446 ἢ
1487 3381 1780 3449 casinam,
1810 3381 1826 3430 ἦ

726 3481 790 3532 Ἥ
820 3473 1049 3552 διαφορά
1338 3381 1368 3613 ἓ
1420 3513 1454 3581 ἢ
1488 3509 1826 3582 ἐπουσιώδης

1421 3656 1636 3727 κρινῶς,

1421 3656 1594 3709 κοινῶ

703 3742 766 3794 Ἥ
799 3736 886 3793 δια
929 3758 956 3790 ο
998 3735 1029 3788 ἆ
1426 3723 1594 3796 ἰδίως,

889 3759 923 3816 φ
962 3756 989 3810 ρ
1342 3655 1365 3874 3
1425 3795 1594 3851 ἷδιαίτ‹

1425 3797 1706 3853 ἰδιαίτατα.

679 3959 794 4009 Τῶν
829 3950 1100 4028 διαφορῶν
1345 3906 1365 4040 ἓ

1426 4087 1478 4139 αἱ
1514 4085 1607 4157 μὲν
1633 4084 1922 4160 χωρισταὶ,

1458 4171 1623 4228 ιη’
1700 4174 1711 4191 ’

1423 4194 1455 4227 α
1511 4187 1568 4228 οε
1599 4193 1923 4249 αχωριστοι.

676 4172 791 4222 Τῶν
827 4163 1096 4242 διαφορῶν
1343 4089 1367 4299 3

1417 3377 1454 3446 ἢ
1487 3375 1780 3449 οὐσιώδης,
1810 3376 1933 3447 ἥτις
1963 3375 2207 3433 καλεῖται
2241 3375 2528 3454 ἰδιαίτατα,
2558 3380 2633 3443 ὡς
2654 3381 2717 3435 τὸ
2748 3379 2991 3455 λοιίικόνο

2589 3479 2624 3546 ἢ
2657 3484 2873 3550 κ-οινῶς,
2905 3481 2979 3541 ὡς
3008 3482 3072 3534 τὸ
3101 3482 3383 3550 καθῆσθαι·

2589 3488 2624 3546 ἢ
2657 3488 2873 3548 κοινῶς,
2905 3488 2979 3541 ὡς
3008 3488 3072 3534 τὸ
3101 3488 3361 3550 καθῆσθαι

2508 3488 2529 3621 ί
2588 3551 2622 3620 ἢ
2658 3548 2831 3620 ἰδίως,
2863 3552 2937 3613 ὡς
2971 3552 3033 3606 τὸ
3066 3551 3364 3629 φαλακρόν.

1426 3907 1478 3995 αξι
1511 3902 1780 3995 μὲνηᾶλλυο
1810 3909 2080 3995 ποιοῦσιν,
2109 3906 2275 3992 ὡςητὸ
2303 3905 2546 3995 λοχιξον·

1422 3978 1476 4030 αἱ
1509 3973 1566 4032 δὲ
1593 3973 1840 4047 ἀλλοῖον,
1874 3977 1947 4039 ὡς
1978 3978 2044 4032 τὰ
2069 3973 2261 4039 κοινῶς
2291 3973 2565 4040 καῖ’ἰδίως
2595 3973 2999 4052 συμϐεϐηκότα.

2595 4160 2651 4214 αἱ
2686 4158 2778 4230 μὲν
2811 4160 2926 4213 κατ’
2959 4158 3110 4230 αὐτᾼὸ,

2595 4162 2651 4214 αἱ
2725 4162 2778 4214 ὲν
2811 4162 2926 4213 κατ’
2959 4162 3110 4230 αὐτό,

2515 4162 2536 4302 ί
2595 4231 2650 4284 αἱ
2682 4179 2739 4286 ἐξ
2763 4231 2896 4284 κατὰ
2925 4224 3298 4302 συμϐεϐηκός.

1477 4437 1680 4492 Tabula
1709 4438 1902 4507 capitis
1934 4437 2019 4503 12,
2055 4437 2127 4491 De
2154 4435 2466 4507 differentia
2493 4445 2544 4492 ει
2574 4436 2867 4494 accidente.

1319 4571 1417 4618 aut
1444 4562 1781 4630 essentialis,
1813 4577 1937 4630 quae
1964 4567 2195 4617 vocatur
2222 4560 2611 4631 propriissime
2641 4560 3024 4632 (differentia),
3058 4569 3118 4617 ut
3148 4561 3446 4630 rationale;

2171 4710 2266 4758 aut
2295 4705 2693 4771 communiter,
2727 4709 2786 4760 ut
2814 4703 3026 4769 sedere,

596 4683 921 4743 Diﬁerentia
951 4678 1076 4752 (est)
1217 4565 1254 4875 ἓ

2171 4780 2267 4830 aut
2297 4775 2542 4848 proprie,
2576 4783 2635 4831 ut
2661 4775 2904 4832 calvum.

1320 4751 1416 4798 aut
1457 4741 1715 4798 essentia)
1759 4741 2025 4810 adjuncta
2069 4711 2095 4862 ἑ

2080 4935 2277 4990 Aliter.

1857 5115 1864 5120 .
2080 5061 2098 5130 ί
2176 5061 2576 5130 communiter,

762 5133 1311 5206 Diﬁ'erentia(lribus
1340 5135 1525 5192 modis
1555 5135 1782 5202 dicitur)
1857 5115 1864 5120 ’
2077 5051 2103 5291 ἓ

2180 5220 2422 5274 propriis

2180 5204 2586 5274 propriissime.

1329 5349 1456 5406 aliae
1485 5350 1699 5406 faciunt
1729 5349 1904 5415 aliud,
1937 5354 1999 5404 ut
2029 5347 2322 5414 rationale,

1228 5355 1254 5503 ί
1328 5422 1454 5477 aliae
1484 5422 1791 5489 diversum,
1821 5431 1880 5476 ut
1911 5420 2289 5477 communiter
2317 5441 2322 5470 ι

625 5399 1076 5457 Diﬂ‘erentiarum
1228 5399 1248 5490 ξ
1328 5399 1454 5477 Eii;
1484 5399 2202 5489 ξιῖἓὲῐξιὶιῖι’,“ἷιῖ⁷αἷ›ἱιὶιίι“ιίἱιῖ

2213 5399 2298 5475 ίὲί
2309 5399 2372 5474 ἐι
2395 5419 2624 5490 proprie
2650 5417 2982 5475 accidentia.

2184 5561 2307 5617 aliae
2338 5578 2437 5632 per
2467 5577 2545 5628 se,

1333 5598 1456 5654 alia
1491 5600 1830 5669 separabiles
2089 5567 2111 5708 ί
2184 5567 2313 5691 iii:
2338 5578 2437 5706 sgi-
2465 5577 2753 5690 zgcidsns.

520 5687 972 5745 Diﬂbrentiarum
1014 5686 1189 5761 (sunt)
1231 5570 1257 5886 3

1337 5812 1462 5871 alia
1494 5813 1919 5885 inseparabiles.
