4096 6478
439 477 561 536 779

1692 463 2107 526 NICEPHORI
2156 465 2592 525 BLEMMIDE

3719 471 3829 532 780

439 607 696 662 ditorum
754 603 1208 659 intellectionem
1270 601 1601 674 participat,
1663 605 1728 654 ut
1793 598 1893 670 qui
1958 602 2075 651 ter-
2108 593 2200 672 Α]

2233 600 2426 668 ογικῶν
2477 598 2740 668 νοήσεως,
2791 595 3028 672 ἐπίγειος
3079 598 3152 652 ὢν
3201 600 3291 654 καὶ
3340 599 3610 676 οὐράνιος,
3642 603 3829 672 θνητὸς

441 711 618 750 renus
676 692 750 749 sit
817 697 874 748 et
939 691 1207 755 ccelestis,
1269 689 1532 746 mortalis
1600 694 1655 743 et
1711 685 2079 751 immortalis,

439 782 688 839 visibilis
741 786 797 837 et
844 780 1273 853 intelligibilis),
1324 785 1610 848 quatenus
1659 777 1897 848 quidem
1947 791 2079 829 cum

443 871 687 928 rationis
727 869 1062 942 expertibus
1103 871 1519 933 communicat,
1555 866 1853 939 prOprium
1909 865 2083 920 etiam

443 962 639 1030 habet,
670 958 734 1013 τὸ
783 961 856 1015 ad
905 960 1214 1014 ridendum
1262 965 1464 1029 aptum
1499 974 1646 1012 esse.
1680 956 1905 1026 Quippe
1937 955 2083 1024 apti-

445 1050 590 1106 tudo
657 1050 731 1104 ad
797 1048 1105 1103 ridendum
1174 1047 1421 1102 facultas
1486 1053 1574 1100 est
1639 1051 1849 1099 animae
1916 1043 2088 1097 ratio-

447 1155 518 1194 ne
571 1138 824 1193 carentis
881 1153 1007 1208 quae
1059 1153 1159 1208 per
1210 1134 1508 1190 musculos
1539 1140 1851 1204 cperatur;
1886 1147 2089 1202 quem-

448 1226 766 1282 admodum
788 1226 963 1280 etiam
986 1224 1288 1279 hinniendi
1318 1223 1582 1294 aptitudo
1605 1227 1661 1276 et
1682 1220 1899 1276 similia
1921 1238 1934 1287 ;
1955 1236 2093 1289 qua-

2191 684 2280 737 καὶ
2331 683 2605 755 ἀθάνατος,
2639 686 2829 761 ὁρατὸς
2874 686 2962 741 καί
3016 689 3348 762 νεούμενος),
3380 691 3514 744 καθὸ
3577 691 3672 763 μὶν
3731 713 3833 746 κοι-

2191 777 2352 826 νωνεῖ
2407 779 2520 834 τοῖς
2579 771 2822 849 ἀλόγοις,
2857 773 2970 852 ἔχει
3029 776 3118 830 καὶ
3172 778 3235 832 τὸ
3289 777 3625 854 γελαστικόν.
3694 783 3834 836 Ἔστι

2193 862 2293 936 γὰρ
2335 862 2397 915 τὸ
2425 861 2740 937 γελαστικὸν
2788 861 3018 938 δύναμις
3057 873 3156 935 τῆς
3205 867 3411 944 ἀλόγου
3458 871 3645 945 ψυχῆς
3701 867 3832 946 ἐνερ-

2197 949 2434 1023 γουμένη
2496 947 2586 1004 διὰ
2638 957 2744 1006 τῶν
2799 958 2969 1025 μυῶν·
3029 955 3105 1016 ὡς
3156 955 3246 1009 καὶ
3301 957 3364 1011 τὸ
3430 959 3834 1032 χρεμετιστικὸν

2198 1039 2286 1093 καὶ
2333 1042 2400 1093 τὰ
2444 1045 2686 1094 τοιαῦτα’
2719 1043 2850 1096 καθὸ
2899 1039 2955 1096 δὲ
3000 1048 3115 1105 τοῖς
3166 1041 3411 1120 λογικοῖς
3468 1051 3739 1118 κοινωνεῖ,
3784 1046 3836 1102 τὰ

2199 1131 2294 1182 vo?»
2350 1129 2438 1181 καὶ
2500 1128 2806 1202 ἐπιστήμης
2870 1127 3110 1187 δεκτικὸν
3167 1132 3422 1203 κέκτηται
3479 1131 3640 1190 ἴδιον
3689 1139 3834 1191 τοῦτο

2203 1213 2260 1270 δὲ
2285 1223 2385 1285 τῆς
2417 1215 2646 1292 λογικῆς
2676 1222 2866 1294 ψυχῆς
2897 1218 3007 1274 ἐστι
3038 1217 3288 1294 δύναμις·

444 1321 619 1374 tenus
645 1331 780 1371 vero
810 1331 945 1370 cum
977 1313 1197 1369 ratione
1229 1313 1485 1384 praeditis
1517 1311 1929 1378 communicat,
1959 1307 2021 1362 τὸ
2052 1306 2451 1379 intelligentia
2501 1314 2558 1364 et
2607 1309 2862 1365 scientia:
2911 1327 3092 1383 capax
3139 1328 3244 1384 pro
3291 1313 3526 1386 proprio
3576 1313 3836 1371 obtinet:

445 1404 600 1461 119
631 1405 783 1474 quod
813 1403 1021 1459 animae
1055 1404 1276 1458 ratione
1308 1401 1562 1474 praedita;
1601 1400 1850 1456 facultas
1893 1391 2015 1454 est.

522 1494 608 1549 12.
642 1493 823 1549 Homo
857 1493 1038 1564 igitur
1067 1491 1300 1563 singula
1330 1490 1508 1546 habet
1544 1490 1782 1561 pr0pria
1830 1504 2093 1543 commu-

450 1583 626 1639 nibus
657 1580 908 1653 singulis
939 1579 1359 1637 convenientia.

524 1672 612 1726 13.
652 1673 931 1726 Caaterum
991 1670 1167 1725 etiam
1224 1683 1535 1723 commune
1601 1671 1852 1738 quatuor
1907 1665 2097 1721 modis

457 1760 692 1817 dicitur.

530 1849 618 1904 14.
649 1848 750 1904 Vel
803 1847 959 1904 enim
1005 1847 1064 1902 id
1114 1848 1266 1916 quod
1317 1847 1377 1901 in
1426 1851 1619 1918 partes
1668 1849 1860 1917 potest
1898 1844 2098 1911 dividi,

459 1943 526 1995 ut
553 1953 692 2010 ager
720 1937 1072 1993 communis.

533 2027 620 2083 15.
652 2025 757 2081 Vel
802 2025 861 2080 id
905 2025 1056 2095 quod
1087 2025 1231 2079 citra
1261 2024 1606 2079 divisionem
1637 2024 1697 2078 in
1729 2039 2102 2078 communem
2133 2027 2180 2090 B

462 2131 638 2173 usum
659 2114 984 2171 assumitur
1007 2115 1086 2184 (et
1107 2113 1462 2182 adhibetur),
1483 2117 1550 2166 ut
1580 2129 1734 2166 unus
1755 2128 1978 2178 servus,
2005 2114 2104 2166 aut

462 2222 620 2262 unus
647 2220 834 2276 equus
865 2204 1222 2258 diversorum
1258 2201 1652 2256 dominorum.

535 2294 623 2350 16.
663 2292 767 2348 Vel
814 2291 872 2346 id
931 2291 1083 2361 quod
1139 2291 1198 2345 in
1251 2291 1746 2362 prmoccupatione
1799 2288 2102 2361 proprium

461 2382 732 2448 efﬁcitur,
762 2381 1049 2452 quomodo
1080 2380 1241 2435 locus
1272 2380 1368 2449 qui
1410 2379 1468 2433 in
1516 2379 1740 2434 theatro
1772 2377 2104 2432 communis

463 2475 574 2539 est,
601 2471 666 2526 fit
696 2470 966 2542 proprius
997 2470 1124 2540 ejus
1155 2469 1252 2539 qui
1289 2467 1712 2540 praeoccupavit
1741 2467 1959 2538 ipsum.

542 2561 623 2616 l7.
655 2559 758 2615 Vel
791 2559 945 2630 quod
975 2558 1034 2613 in
1067 2574 1230 2628 inquo
1262 2557 1667 2628 participatur,
1698 2560 1762 2610 ut
1802 2572 1912 2610 vox
1955 2571 2105 2626 prae-

466 2649 649 2707 conis.

540 2739 628 2794 18.
660 2737 858 2804 Quoad
889 2737 999 2791 hoc
1031 2735 1424 2808 signiﬁcatum
1455 2738 1513 2789 et
1557 2734 1801 2789 materia
1833 2733 2107 2789 omnibus

467 2845 591 2901 qua:
617 2832 756 2884 sunt
779 2826 1109 2883 communis
1130 2831 1236 2894 est,
1259 2832 1314 2881 et
1344 2842 1558 2897 genera
1578 2831 1749 2895 atque
1771 2825 2108 2880 differentiae

468 2917 772 2990 speciebus
801 2917 930 2988 ipsa
958 2914 1445 2987 participantibus
1476 2914 1813 2969 communia
1839 2931 1850 2968 :
1886 2913 2105 2969 animal

469 3007 760 3064 universis
809 3004 1166 3060 animalibus
1213 3021 1523 3058 commune
1571 3008 1678 3067 est,
1725 3008 1781 3057 et
1829 3002 2110 3058 rationale

469 3097 758 3154 universis
782 3094 1188 3160 rationalibus,
1212 3099 1267 3149 et
1298 3092 1632 3148 irrationale
1659 3093 1944 3148 universis
1970 3094 2110 3148 irra-

465 3185 784 3242 tionalibus
819 3200 832 3238 2
887 3187 945 3239 et
975 3183 1058 3238 sic
1091 3183 1150 3236 in
1183 3181 1314 3237 aliis
1344 3181 1755 3237 convenienter
1786 3198 1847 3236 se
1879 3199 1970 3237 res
1999 3182 2107 3236 ha-

464 3275 583 3330 bet.
617 3273 816 3340 Quoad
846 3271 956 3327 hoc
987 3271 1382 3343 significatum
1416 3271 1591 3325 etiam
1631 3271 1690 3324 in
1736 3270 2108 3342 homonymis

2279 1485 2366 1560 ιβ’.
2401 1486 2556 1561 Ἔχει
2585 1486 2760 1541 τοίνυν
2795 1487 2824 1541 ὁ
2865 1484 3149 1563 ἅνθρωπος
3201 1484 3418 1544 ἕκαστον
3470 1486 3610 1545 ἴδιον
3656 1487 3843 1546 κατάλ-

2206 1570 2380 1642 ληλον
2415 1573 2622 1645 ἑκάστῳ
2653 1578 2840 1646 κοινῷ.

2281 1664 2368 1736 ιγ’.
2400 1663 2622 1736 Λέγεται
2655 1660 2712 1719 δὲ
2735 1664 2824 1719 καὶ
2854 1665 2918 1720 τὸ
2947 1665 3128 1721 κοινὸν
3159 1672 3460 1743 τετραχῶς.

2284 1837 2368 1895 ιδ’.
2401 1842 2469 1894 Ἦ
2499 1842 2601 1916 γὰρ
2630 1843 2694 1896 τὸ
2727 1843 2802 1906 εἰς
2861 1843 2999 1920 μέρη
3059 1842 3348 1921 διαιρετὸν,
3383 1847 3459 1908 ὡς
3519 1845 3685 1924 ἀγρὸς
3741 1867 3848 1901 κοι-

2211 1929 2322 1990 νός.

2287 2021 2364 2075 ιε’.
2397 2019 2464 2073 Ἢ
2513 2020 2574 2074 τὸ
2633 2018 2948 2096 ἀδιαιρέτως
3009 2022 3058 2078 ἐν
3120 2027 3314 2099 χρήσει
3365 2028 3523 2099 κοινῇ
3578 2019 3851 2098 λαμϐανό-

2216 2129 2396 2180 μενον,
2429 2109 2502 2169 ὡς
2535 2111 2608 2170 εἷς
2651 2106 2870 2179 δοῦλος,
2902 2114 2936 2180 ἢ
2989 2113 3064 2174 εἷς
3102 2111 3295 2182 ἵππος,
3347 2111 3621 2170 δεσποτῶν
3679 2111 3856 2191 διαφό-

2215 2219 2346 2274 paw.

2288 2295 2369 2350 ις’.
2403 2289 2471 2341 Ἥ
2527 2288 2589 2342 τὸ
2643 2287 2694 2342 ἐν
2761 2289 3171 2364 προκαταλήψει
3233 2288 3695 2366 ίδιοποιούμενον,
3730 2292 3857 2354 ὡςὸ

2216 2376 2266 2430 ἐν
2301 2379 2507 2450 θεάτρῳ
2544 2377 2711 2439 τόπος
2762 2377 2944 2440 κοινὸς
3001 2376 3096 2451 ὢν,
3129 2377 3269 2442 ἴδιος
3317 2381 3520 2456 γίνεται
3568 2385 3667 2436 τοῦ
3727 2400 3860 2457 προ-

2215 2461 2618 2529 καταλαϐόντος
2649 2467 2808 2521 αὐτόν
2819 2513 2831 2524 .

2292 2556 2371 2623 ιζ’.
2405 2556 2470 2608 Ἢ
2503 2556 2565 2610 τὸ
2595 2553 2786 2625 ἐπίσης
2823 2556 3210 2633 μετεχόμενον,
3239 2558 3313 2619 ὡς
3345 2561 3380 2627 ἡ
3422 2559 3576 2632 φωνὴ
3623 2563 3726 2614 τοῦ
3772 2559 3863 2628 κή-

2219 2664 2400 2718 ρυκος.

2293 2740 2381 2803 ιη’.
2415 2733 2558 2788 Κατά
2613 2738 2773 2788 τοῦτο
2827 2734 2890 2788 τὸ
2948 2736 3408 2809 σημαινόμενονῆ
3457 2757 3517 2791 τε
3565 2735 3674 2806 ὕλη
3737 2742 3859 2790 πᾶσι

2216 2827 2333 2882 τοῖς
2363 2819 2480 2875 οὖσι
2511 2824 2690 2890 κοινὴ,
2723 2821 2907 2876 καὶτὰ
2963 2823 3093 2899 γένη
3146 2824 3237 2878 καὶ
3284 2827 3338 2878 αἱ
3398 2821 3650 2902 διαφοραὶ
3715 2825 3864 2881 κοινᾶ

2217 2916 2332 2973 τοῖς
2392 2910 2566 2965 αὐτῶν
2630 2910 2948 2987 μετέχουσιν
2987 2909 3170 2968 εἷ’δεσι·
3227 2915 3291 2968 τὸ
3341 2917 3476 2984 ζῶον
3537 2911 3695 2977 ὅλοις
3753 2919 3864 2974 τοῖς

2222 3000 2380 3069 ζώοις
2411 3001 2616 3071 κοινὸν,
2645 3001 2734 3055 καὶ
2762 3001 2824 3056 τὸ
2853 2998 3072 3078 λογικὸν
3110 3000 3261 3064 ὅλοις
3309 3008 3427 3065 τοῖς
3472 3002 3745 3079 λογικοῖς,
3781 3001 3865 3057 καὶ

2215 3095 2330 3150 τοῖς
2361 3088 2587 3164 ἀλόγοις
2615 3090 2677 3144 τὸ
2708 3088 2930 3165 ἄλογονο
2962 3091 3051 3145 καὶ
3078 3091 3164 3146 ἐπὶ
3203 3097 3308 3146 τῶν
3359 3089 3545 3147 ἄλλων
3597 3090 3864 3168 ἁρμοζόν-

2216 3199 2343 3240 τως.
2405 3179 2550 3232 Κατά
2603 3179 2666 3232 τὸ
2722 3184 2968 3234 τοιοῦτον
3027 3185 3123 3234 τοῦ
3180 3186 3366 3235 κοινοῦ
3432 3179 3865 3255 σημαινόμενον,

2217 3268 2305 3322 καὶ
2337 3266 2423 3320 ἐπὶ
2454 3271 2562 3321 τῶν
2606 3268 2916 3340 ὁμωνύμων
2961 3269 3024 3323 τὸ
3082 3265 3256 3342 ὄνομα
3308 3266 3471 3343 μόνον
3521 3270 3730 3325 κοινόν
3783 3267 3867 3324 ἐπὶ

467 3361 821 3435 (ωιιιιὶνοοίε)
844 3376 1056 3416 nomen
1079 3360 1270 3415 solum
1292 3377 1639 3427 commune;
1677 3359 1734 3414 in
1766 3361 2105 3432 synonymis
2138 3395 2180 3460 ρ

2233 3355 2277 3411 Ξὲ
2303 3361 2408 3410 τῶν
2471 3357 2796 3428 συνωνύμων
2835 3357 2898 3412 τό
2944 3377 3002 3412 τε
3039 3353 3214 3431 ὄνομα
3257 3359 3347 3413 καὶ
3381 3359 3409 3412 ὁ
3439 3358 3576 3414 κατᾶ
3627 3355 3872 3429 τοῦνομα

2233 3445 2286 3460 ..
2461 3451 2522 3460 ..η
2665 3443 2706 3460 μ
2889 3447 2901 3460 .
3032 3449 3045 3460 .
3109 3447 3123 3460 .
3280 3446 3337 3460 ς.
3388 3453 3410 3460 _
3481 3458 3490 3460 μ
3665 3447 3680 3460 ,

467 3451 775 3523 (univocis)
806 3456 865 3507 et
894 3467 1102 3506 nomen
1131 3457 1188 3505 et
1218 3451 1407 3522 quoad
1441 3466 1651 3504 nomen
1676 3450 1935 3505 definitio
1959 3467 2110 3506 com-

471 3541 670 3597 munis
699 3545 807 3596 est.
833 3541 902 3594 Et
932 3544 1021 3595 est
1050 3555 1382 3608 commune,
1415 3539 1566 3608 quod
1602 3539 1659 3592 in
1695 3538 1899 3594 multis
1930 3541 2116 3596 consi-

474 3631 729 3697 deratur,
763 3633 862 3685 aut
891 3629 962 3684 de
993 3628 1194 3683 multis
1226 3628 1592 3700 praedicatur.

546 3720 703 3775 120
735 3719 819 3773 19.
853 3719 938 3772 Ad
987 3721 1310 3773 extremum
1359 3716 1638 3772 Platonici
1672 3717 1975 3788 proprium
2007 3718 2117 3772 tri-

478 3809 591 3864 bus
637 3807 824 3864 modis
870 3806 1199 3877 accipiunt;
1253 3823 1286 3860 a
1334 3808 1832 3878 coagmentatione
1863 3807 2117 3878 partium

479 3895 1040 3964 instrumentalium,
1075 3900 1139 3950 ut
1169 3896 1364 3966 biceps
1394 3895 1824 3966 amphisbaenas,
1859 3895 1930 3950 ab
1961 3900 2116 3964 actu,

481 3988 547 4041 ut
576 3985 810 4056 oblique
839 3984 1150 4040 ambulans
1181 4001 1388 4040 cancro
1422 4002 1434 4037 :
1489 4002 1522 4039 a
1571 3983 1850 4054 potentia,
1885 3989 1949 4038 ut
1998 3984 2120 4056 igni

479 4073 688 4128 urendi
721 4073 983 4129 facultas.
1008 4074 1235 4128 Etenim
1267 4073 1420 4145 ignis
1452 4073 1642 4144 magis
1669 4089 1845 4144 quam
1872 4073 2119 4144 quodvis

479 4161 640 4218 aliud
669 4178 880 4234 corpus
912 4166 1104 4235 potest
1133 4177 1319 4218 urere.

2225 3445 2406 3520 λόγος.
2461 3451 2612 3500 ’Ἐστι
2661 3443 2718 3499 δὲ
2761 3447 2939 3502 κοινὸν
2992 3449 3055 3501 τὸ
3105 3447 3158 3503 ἐν
3202 3446 3437 3509 πολλοῖς
3473 3447 3869 3524 θεωρούμενον,

2223 3535 2257 3602 ἢ
2288 3534 2350 3588 τὸ
2378 3530 2604 3588 πολλῶν
2636 3534 3132 3610 κατηγορούμενον,

2301 3712 2380 3768 ιο’.
2413 3709 2570 3766 Τὸδὲ
2628 3709 2762 3766 ἴδιον
2818 3713 2868 3766 οἳ
2927 3711 3271 3768 Πλατωνικοὶ
3325 3719 3536 3792 τριχῶς
3598 3708 3878 3787 ἐκλαμϐά-

2225 3821 2426 3854 νονται·
2484 3801 2587 3855 ἀπὸ
2643 3808 2744 3870 τῆς
2807 3799 3240 3878 διοργανώσεως,
3265 3803 3338 3864 ὡς
3366 3803 3428 3858 τὸ
3460 3801 3756 3882 δικέφαλον
3810 3803 3875 3873 τῇ

2227 3885 2576 3968 ἀμφισϐαίνῃ·
2634 3891 2737 3944 ἀπὸ
2778 3897 2876 3960 τῆς
2926 3891 3207 3967 ἐνεργείας,
3259 3892 3333 3955 ὡς
3381 3893 3443 3947 τὸ
3504 3887 3882 3963 Λοξοϐαδιστι-

2227 3982 2318 4035 κὸν
2353 3985 2429 4051 νῷ
2456 3979 2712 4054 καρκίνῳο
2766 3981 2869 4034 ἀπὸ
2927 3987 3026 4050 τῆς
3085 3978 3388 4054 δυνάμεως,
3421 3982 3499 4044 ὡς
3537 3981 3600 4036 τὸ
3655 4000 3875 4036 καυστι-

2227 4071 2319 4124 κὸν
2372 4073 2450 4141 τῷ
2505 4069 2654 4145 πυρί.
2715 4069 2939 4124 Δύναται
2997 4071 3101 4146 γὰρ
3161 4069 3292 4147 ὑπὲρ
3349 4076 3451 4126 πᾶν
3501 4067 3684 4146 ἕτερον
3720 4073 3877 4142 σῶμα

2227 4160 2394 4215 καίειν
2425 4159 2488 4214 τὸ
2518 4163 2645 4234 πῦρ.

1399 4391 1604 4459 Σχῆμα
1631 4383 1824 4462 κεφαλ.
1852 4389 1934 4459 ιγ’,
1967 4383 2091 4460 περὶ
2125 4381 2286 4454 ἰδίου,
2317 4383 2368 4438 ἐν
2401 4381 2448 4455 ᾧ
2472 4383 2562 4438 καὶ
2589 4383 2713 4457 περὶ
2742 4388 2949 4443 κοινοῦ.

678 4727 746 4781 Τὸ
776 4723 911 4780 ἴδιον
1219 4587 1253 4954 Ξ

673 5098 743 5152 Τὸ
771 5099 948 5152 κοινὸν

1426 4865 1555 4922 ἐστι.

479 5342 547 5395 Τὸ
578 5338 713 5395 ἴδιον
749 5339 1177 5415 ἐκλαμϐάνουσιν
1215 5312 1245 5523 {

566 5413 619 5467 οἱ
651 5411 989 5469 Πλατωνικοὶ

566 5413 619 5467 οἱ
651 5411 989 5469 Πλατωνικοὶ

1328 4582 1356 4656 id
1386 4581 1544 4656 παντὶ
1581 4581 1673 4656 μεν
1709 4581 1961 4656 ὑπάρχει,
1998 4583 2073 4656 μὴ
2111 4579 2258 4656 μόνῳ
2291 4578 2367 4656 δὲ,
2402 4580 2474 4656 ᾡς
2502 4585 2580 4652 τῷ
2609 4580 2878 4656 ἀνθρώπῳ
2905 4581 2968 4636 τὸ
2999 4579 3209 4636 δίπουν·

1326 4653 1354 4728 _'<_‘>
1392 4652 1562 4728 μόνῳ,
1584 4650 1659 4728 ὀύ
1690 4650 1973 4728 παντ-ίΓώ-εῑ
2000 4650 2066 4728 τρ
2090 4650 2372 4728 φαλακρὸν
2400 4651 2435 4720 ἤ
2469 4650 2870 4728 γραμματικόν·

1387 4721 1652 4816 μόνῳκαξ
1684 4725 1864 4790 παντὶ,
1898 4723 1996 4810 ούκ
2017 4721 2210 4814 fisi-8?
2245 4721 2318 4785 ὤς
2349 4728 2428 4813 τῶ
2457 4721 2728 4816 ἇνΘρ-ώπῳ
2757 4728 2820 4779 τὸ
2849 4722 3197 4816 ποχλιοῦσθαι·

1324 4795 1331 4810 ⁷
1819 4799 1835 4816 \
2017 4814 2034 4816 ,γ
2316 4799 2342 4810 θ’
2423 4815 2428 4816 ,
2465 4797 2518 4816 ﬂ-
2590 4815 2601 4816 γ
2751 4798 2779 4809 ~
3114 4797 3128 4816 κ

1322 4795 1349 4848 ὃ
1564 4794 1652 4848 καὶ
1682 4799 1836 4849 παντῖ
1867 4794 1956 4848 καὶ
2005 4795 2103 4850 ἀεί·
2156 4795 2232 4856 ὠς
2277 4799 2356 4867 τῷ
2399 4791 2667 4869 ἆνθρώπῳ
2700 4791 2792 4866 ’τῷ
2847 4792 3187 4870 γελαστικὸν,
3247 4797 3276 4849 ὃ
3332 4796 3422 4850 καὶ
3477 4794 3676 4871 κυρίως
3736 4791 3864 4848 ἴδιόν

1317 4992 1379 5066 το
1411 4990 1486 5066 εἰς
1520 4991 1657 5066 μέρη
1692 4988 1976 5066 διαιρετὸν,
2012 4989 2086 5052 ὠς
2117 4990 2285 5066 ἀγρὸς
2314 4991 2515 5066 κοινός-⁸

1317 5061 1378 5136 τό
1413 5058 1816 5136 ᾁδιοὶίρέτως-ἐν
1844 5058 2040 5136 χρήσει
2069 5058 2226 5136 κοινῇ
2260 5058 2697 5136 λαμϐανόμενον,
2725 5062 2799 5136 ὠς
2830 5063 2902 5124 εἷς
2935 5061 3134 5136 δοῦλος
3164 5062 3260 5118 δύο
3293 5061 3585 5120 δεσποτῶν.

1316 5135 1378 5210 το
1411 5133 1460 5210 ξν
1488 5131 1900 5210 προκαταλήψει
1935 5131 2392 5210 ἰδιοποιούμενον,
2426 5131 2558 5196 ὡςὸ
2593 5133 2642 5188 ἐν
2677 5131 2883 5210 θεάτρῳ
2911 5135 3099 5196 τόπος·

1316 5203 1378 5259 τὰ
1410 5203 1602 5276 ἐπίσῄς
1639 5203 2025 5279 μετεχόμενον,
2059 5205 2133 5266 ὡς
2165 5203 2387 5282 ή-φωνῆ
2413 5211 2507 5260 τοῦ
2537 5209 2774 5282 κήρυκος
2801 5203 2918 5267 τοῖς
2949 5206 3222 5261 ἀκούουσι.

1315 5311 1418 5390 eine
1446 5319 1545 5380 τῆς
1579 5308 2008 5390 διοργαινώσεως,
2035 5311 2117 5390 ῶς
2147 5310 2210 5390 τὸ
2227 5308 2528 5390 ’,δικέφαλον
2558 5315 2626 5390 τῇ
2659 5305 3006 5390 ἀμφισῦαίνῃ·

1317 5383 1418 5460 ᾀπᾲ
1446 5367 1546 5450 rvi;
1579 5367 1860 5460 ἐνεργείας,
1894 5383 1966 5460 die
2089 5367 2528 5460 λοξοὸαδιστικὸν
2560 5367 2927 5460 τῶ.κ“αρκίνῳ’

1314 5453 1419 5508 ἀπὸ
1448 5461 1546 5523 τῆς
1577 5451 1875 5528 δυνάμεως,
1909 5453 1982 5516 ὠς
2013 5455 2075 5508 τὸ
2103 5451 2385 5509 καυστικὸν
2412 5458 2492 5526 τῷ
2519 5451 2671 5531 πυρί.
