4096 6466
394 393 510 454 783

1646 378 2068 440 NICEPHORI
2113 376 2548 438 BLEMMIDIE

3644 384 3736 443 784

392 528 640 598 hociest,
674 525 745 580 ad
778 521 1036 578 hominis
1065 523 1122 574 et
1151 517 1287 590 equi
1319 516 1593 588 speciem,
1623 513 2027 569 ascenderunt.

2150 505 2383 562 καθόλου
2455 505 2618 561 ἵππον
2676 505 2794 562 ἀνέδ
3051 528 3081 542 .-
3119 507 3200 546 ..ν’
3383 505 3396 519 ‘
3451 505 3465 524 ι
3559 507 3571 526 ε
3649 509 3668 530 γ

2741 551 2763 562 -
2801 527 2993 582 ραμον,
3063 527 3322 563 ιουιεστιν
3379 527 3468 562 επι
3526 528 3579 562 το
3627 507 3738 574 ειδος

392 623 512 674 Hoc
534 619 726 671 autem
754 612 931 667 etiam
961 611 1021 664 in
1054 608 1182 663 aliis
1208 604 1659 678 particularibus
1681 601 2036 658 animalibus

397 719 532 763 cum
563 703 838 760 fecissent
866 700 936 754 ab
977 698 1070 752 his
1121 713 1246 768 quae
1286 693 1594 749 mutationi
1625 695 1680 748 et
1709 691 2034 746 alterationi

398 799 540 852 sunt
570 790 817 848 obnoxia
846 790 916 845 ad
956 805 1023 842 ea
1053 803 1178 858 qua:
1211 784 1556 839 mutationis
1587 789 1644 836 et
1674 778 2036 836 alterationis

398 891 539 941 sunt
567 880 842 954 eXpertia,
876 877 1254 932 transierunt.
1294 871 1672 927 Particularia
1715 871 1871 924 enim
1905 869 2034 940 qui-

397 975 532 1031 dem
563 971 870 1028 mutationi
901 973 957 1024 et
994 963 1320 1022 alterationi
1353 967 1491 1017 sunt
1533 961 1687 1016 I24
1737 958 1986 1014 obnoxia
2020 975 2032 1012 :

396 1061 824 1122 universalibus
855 1062 1050 1115 autem
1083 1053 1349 1110 convenit
1385 1057 1451 1106 ut
1499 1050 1701 1104 eodem
1755 1048 1925 1102 modo
1975 1064 2036 1103 se

395 1169 628 1227 semper
643 1145 1210 1212 habeant.Quoniam
1225 1159 1294 1197 au
1304 1146 1418 1196 tem
1432 1140 1610 1194 etiam
1629 1135 2034 1208 hujuscemodi

391 1225 614 1317 species
655 1257 772 1296 non
819 1252 1024 1294 omnes
1065 1235 1291 1290 diancea
1333 1233 1580 1302 possunt
1619 1225 2034 1298 comprehendi

393 1316 802 1406 (multaajenim
832 1342 1034 1384 earum
1065 1325 1409 1395 ignorantur
1439 1337 1472 1373 a
1502 1316 1716 1386 nobis),
1743 1317 2035 1370 universa-

390 1422 534 1478 liore
565 1419 679 1476 alio
709 1417 988 1489 inquisito
1010 1411 1225 1470 animal
1259 1413 1615 1482 repererunt.
1644 1406 1853 1462 Eodem
1887 1421 2030 1476 pra:-

389 1514 547 1567 terea
577 1508 750 1564 modo
782 1502 1233 1579 particularibus
1265 1499 1478 1571 plantis
1521 1497 1592 1552 ad
1643 1494 2030 1551 universalem

391 1599 650 1671 plantam
683 1601 742 1652 et
771 1591 1293 1667 plantanimalibus
1324 1589 1394 1642 ad
1444 1583 1826 1658 plantanimal
1857 1581 2029 1638 colle-

391 1688 541 1756 ctis;
592 1686 790 1742 omnia
834 1684 974 1753 haec,
1025 1679 1263 1744 animal,
1305 1677 1587 1750 plantam,
1621 1671 2026 1746 plantanimal,

392 1777 648 1832 animato
679 1772 1169 1830 constrinxerunt.
1203 1767 1314 1823 Sed
1361 1770 1418 1820 et
1467 1761 2030 1836 porrofinanimatas

390 1869 632 1921 naturas
674 1859 1069 1932 contemplati,
1102 1857 1349 1928 lignum,
1382 1853 1658 1925 lapidem,
1698 1851 1916 1904 ferrum
1971 1851 2028 1902 et

391 1951 607 2010 similia
634 1977 650 2019 ;
679 1950 773 2004 his
803 1945 1126 2004 universale
1145 1944 1535 2000 inanimatum
1561 1939 2026 1996 constituerunt:

391 2045 448 2097 et
475 2041 586 2096 hoc
615 2055 750 2095 cum
782 2037 1036 2094 animato
1077 2050 1179 2106 per
1229 2049 1440 2104 corpus
1484 2028 1850 2100 colligarunt.
1885 2026 2032 2090 Quia

392 2135 590 2186 autem
611 2128 787 2184 etiam
815 2144 882 2182 an
893 2125 1086 2198 gelum
1110 2129 1166 2179 et
1186 2123 1443 2178 animam
1465 2136 1592 2175 esse
1611 2120 2028 2190 cognoverunt,

391 2236 518 2292 quae
550 2217 806 2289 corporis
839 2220 1108 2271 naturam
1143 2229 1255 2267 non
1297 2209 1651 2283 participant
1694 2206 1825 2279 (hoc
1872 2205 2027 2260 enim

390 2308 450 2364 in
482 2312 677 2380 partes
705 2309 794 2362 est
821 2303 1146 2369 dividuum,
1171 2307 1228 2356 et
1255 2306 1374 2355 tres
1401 2295 1794 2353 dimensiones
1816 2295 2025 2349 habet:

389 2395 493 2452 illa
520 2411 654 2451 vero
686 2393 938 2466 partium
971 2407 1211 2464 prorsus
1241 2393 1375 2444 sunt
1407 2385 1664 2458 expertia
1701 2389 1758 2440 et
1805 2381 2027 2438 nullam

390 2483 816 2540 dimensionem
838 2481 1119 2545 obtinent,
1144 2495 1258 2534 non
1278 2475 1730 2548 longitudinem,
1759 2489 1875 2528 non
1905 2470 2031 2526 lati-

389 2573 679 2639 tudinem,
703 2588 819 2627 non
842 2567 1348 2643 profunditatem),
1375 2583 1476 2637 per
1496 2562 1887 2620 substantiam
1909 2577 2030 2616 cor-

390 2679 504 2736 pus
533 2677 668 2718 cum
697 2661 1037 2731 incorporeo
1068 2658 1400 2725 univerunt,
1424 2655 1684 2724 adeoque
1708 2651 1856 2708 I25
1889 2649 2029 2705 sub-

391 2752 613 2810 stantia
640 2750 850 2806 horum
877 2748 1141 2804 omnium
1163 2763 1289 2818 qua:
1323 2761 1421 2816 per
1453 2759 1515 2799 se
1545 2742 1852 2810 exsistunt,
1877 2755 2032 2796 com-

391 2857 572 2897 mune
601 2856 785 2913 genus
815 2841 969 2894 facta
998 2841 1106 2892 est.

463 2932 517 2984 5.
552 2930 836 2994 Quoniam
889 2931 1082 2983 autem
1133 2940 1226 2980 res
1273 2922 1540 2996 quaedam
1590 2921 1650 2976 in
1702 2916 2033 2976 substantia

395 3022 535 3074 sunt
561 3035 664 3073 nec
704 3017 764 3072 in
808 3015 1019 3088 seipsis
1048 3013 1443 3070 exsistentiam
1475 3011 1713 3077 habent,
1744 3009 1827 3063 ita
1855 3008 2031 3063 etiam

392 3108 464 3163 de
493 3106 587 3163 his
617 3105 1140 3162 considerationem
1174 3104 1580 3173 susceperunt.

461 3215 516 3268 6.
549 3213 674 3269 Duo
705 3213 975 3284 quaedam
1029 3215 1086 3266 et
1132 3210 1244 3265 tria
1292 3214 1349 3264 et
1394 3208 1592 3263 decem
1624 3210 1682 3261 et
1708 3205 1911 3277 viginti
1943 3205 2034 3259 in-

389 3307 562 3359 venta
591 3304 663 3358 ad
695 3318 1006 3357 numerum
1032 3319 1044 3356 :
1080 3316 1362 3372 magnum
1389 3302 1582 3352 autem
1614 3300 1672 3351 et
1702 3311 1946 3366 parvum
1976 3297 2034 3349 et

389 3408 515 3464 qua:
545 3396 685 3448 sunt
713 3391 894 3461 hujus
914 3389 1164 3462 generis,
1188 3389 1257 3444 ad
1293 3386 1760 3460 magnitudinem
1785 3384 2030 3438 reduxe-

387 3485 565 3536 runt:
600 3496 913 3536 numerum
945 3479 1196 3550 denique
1226 3481 1283 3533 et
1312 3474 1778 3547 magnitudinem
1813 3477 2030 3544 quanto

388 3569 975 3642 comprehenderunt.
998 3573 1152 3622 Duas
1182 3566 1425 3639 proinde
1447 3562 1896 3620 communitates
1926 3561 2028 3616 ha-

387 3658 662 3724 buerunt,
694 3674 823 3730 quae
853 3656 1071 3712 multas
1101 3673 1193 3711 res
1223 3653 1607 3718 continerent,
1635 3651 2028 3708 substantiam

387 3746 651 3817 (scilicet)
681 3751 738 3800 et
767 3747 1176 3818 quantitatem.

457 3836 513 3892 7.
545 3835 773 3891 Rursus
821 3834 1042 3905 aliquid
1087 3833 1285 3890 album
1335 3839 1442 3901 est,
1497 3834 1753 3904 nigrum,
1806 3830 2030 3886 fulvum

391 3923 680 3997 (gilvum),
711 3924 832 3979 haec
864 3925 974 3980 sub
1005 3923 1194 3979 colore
1224 3926 1656 3979 coacervarunt.
1688 3925 1900 3992 Estque
1932 3918 2027 3975 ali-

390 4013 531 4085 quid
565 4011 754 4085 dulce,
786 4029 1074 4080 amarum,
1107 4012 1383 4077 calidum,
1419 4011 1695 4082 frigidum
1731 4028 1742 4065 :
1788 4009 1906 4064 haec
1936 4027 2028 4065 sa-

389 4118 464 4158 ne
490 4107 548 4157 et
567 4101 818 4158 colorem
851 4107 908 4157 et
936 4110 1088 4157 artes
1118 4108 1175 4156 et
1204 4100 1477 4156 scientias
1499 4116 1616 4154 una
1638 4099 2027 4154 communita-

388 4195 467 4258 te,
493 4190 771 4263 qualitate
793 4190 1396 4261 circumscripserunt.
1427 4190 1526 4244 Est
1547 4193 1742 4243 autem
1775 4188 2028 4259 qualitas

387 4297 422 4336 a
467 4297 585 4352 qua
631 4281 786 4352 quod
840 4280 1030 4351 ipsam
1084 4278 1414 4350 participat,
1446 4277 1895 4343 denominative,
1927 4284 2029 4333 aut

385 4368 498 4424 alio
527 4385 764 4441 quoquo
795 4369 967 4424 modo
997 4368 1445 4434 denominatur;
1480 4371 1545 4421 ut
1584 4383 1618 4421 a
1647 4366 2029 4438 grammatica

383 4457 823 4529 grammaticus,
857 4474 892 4512 a
930 4456 1140 4512 virtute
1171 4459 1256 4511 vir
1289 4456 1494 4511 bonus.

448 4547 503 4602 8.
538 4547 685 4611 Quia
731 4563 865 4602 vero
913 4562 1082 4618 porro
1133 4551 1190 4600 et
1235 4545 1505 4599 dextrum
1553 4548 1643 4599 est
1694 4543 1915 4615 aliquid
1969 4549 2026 4600 et

2143 601 2239 649 τοῦ
2272 597 2557 672 ἀνθρώπου
2606 596 2694 650 καὶ
2746 595 2833 650 ἐπὶ
2879 597 2942 651 τὸ
2993 592 3133 658 εἶδος
3180 593 3495 652 τοῦτίππου.
3532 601 3672 653 Τοῦτο
3695 596 3742 656 δὲ

2145 684 2274 739 κάπὶ
2305 690 2411 739 τῶν
2465 684 2650 740 ἄλλων
2713 686 2864 754 ζώων
2920 684 3280 754 πεποιηκότες
3335 690 3440 739 τῶν
3503 692 3739 763 μερικῶν,

2145 773 2250 828 ἀπὸ
2297 779 2403 828 τῶν
2455 779 2698 851 τρεπτῶν
2731 774 2820 829 καὶ
2868 773 3191 830 ἀλλοιωτῶν
3245 769 3537 848 μετέϐησαν
3580 774 3653 831 ἐπὶ
3689 779 3744 833 τὰ

2146 861 2380 938 ἄτρεπτά
2435 884 2493 918 τε
2549 863 2639 918 καί
2697 862 3062 920 ἀναλλοίωτα.
3120 865 3330 939 Τρεπτὰ
3385 863 3480 936 μὲν
3535 865 3626 941 γὰρ
3675 867 3745 922 καὶ

2145 949 2426 1007 ἀλλοιωτὰ
2457 952 2689 1028 ὑπάρχει
2738 953 2805 1007 τὰ
2847 951 3060 1028 μερικᾶ,
3106 957 3222 1015 τοῖς
3255 948 3313 1007 δὲ
3348 949 3578 1008 καθόλου
3601 953 3655 1009 τὸ
3681 954 3746 1011 ἀεὶ

2144 1039 2402 1102 ὡσαύτως
2457 1037 2606 1117 ἔχειν
2665 1040 2803 1096 ἐστίν
2833 1086 2846 1098 .
2910 1041 3056 1096 Ἐπεὶ
3113 1038 3171 1096 δὲ
3224 1042 3313 1096 καὶ
3370 1045 3477 1096 τῶν
3527 1042 3750 1099 τοιούτων

2145 1126 2300 1183 εἰδῶν
2335 1129 2433 1184 οὒκ
2465 1127 2604 1185 ἔστιν
2638 1133 2844 1185 ἅπαντα
2889 1134 2958 1204 τῇ
3005 1127 3215 1200 διανοίᾳ
3243 1129 3553 1204 περιληπτά
3577 1129 3753 1204 (πολλὰ

2141 1218 2241 1292 γὰρ
2292 1217 2462 1272 αὐτῶν
2514 1219 2783 1295 ἀγνοεῖται
2831 1221 3012 1292 ἡμῖν),
3059 1219 3122 1274 τὸ
3169 1218 3594 1294 καθολικώτερον
3631 1217 3756 1283 αὖθις

2146 1310 2470 1378 ζητήσαντες
2531 1307 2684 1383 εὖρον
2738 1309 2802 1363 τὸ
2883 1313 3018 1378 ζῶον
3056 1352 3068 1364 .
3131 1308 3401 1370 Ὡσαύτως
3459 1304 3518 1362 δὲ
3574 1308 3654 1364 καὶ
3700 1310 3755 1365 τὰ

2139 1397 2276 1450 κατά
2335 1397 2496 1472 μέρος
2561 1399 2699 1475 φυτὰ
2770 1398 2904 1473 πρὸς
2962 1399 3025 1452 τὸ
3099 1395 3332 1452 καθόλου
3406 1397 3759 1472 συναγαγόντες

2141 1485 2325 1561 φυτὸν,
2385 1486 2474 1540 καὶ
2532 1486 2671 1562 πρὸς
2723 1486 2785 1541 τὸ
2849 1485 3122 1565 ζωόιρυτον
3180 1486 3247 1541 τὰ
3306 1485 3568 1564 ζωόφυτα·
3613 1490 3756 1542 ταῦτα

2139 1574 2330 1645 πάντα,
2360 1577 2423 1629 τὸ
2456 1580 2615 1646 ζῶον,
2645 1576 2708 1631 τὸ
2756 1576 2943 1654 φυτὸν,
2990 1577 3053 1630 τὸ
3103 1575 3401 1653 ζωόφυτον,
3427 1579 3508 1647 τῷ
3549 1573 3759 1652 ἐμψύχῳ

2140 1659 2430 1731 συνέδησαν
2467 1709 2480 1721 .
2532 1666 2912 1740 Θεωρήσαντες
2961 1661 3019 1718 δὲ
3064 1664 3153 1719 καὶ
3201 1664 3341 1738 (τὰς)
3389 1663 3629 1741 ἀψύχους
3674 1665 3758 1742 φύ-

2140 1771 2269 1822 σεις,
2299 1752 2362 1805 τὸ
2389 1750 2572 1824 ξύλον,
2602 1753 2694 1806 τὸν
2750 1751 2920 1824 λίθον,
2969 1753 3061 1807 τὸν
3113 1749 3337 1827 σίδηρον
3386 1751 3478 1807 καὶ
3505 1753 3572 1807 τὰ
3596 1751 3763 1826 ὅμοια,

2135 1839 2198 1893 τὸ
2249 1836 2488 1895 καθόλου
2544 1838 2756 1916 ἄψυχον
2828 1839 2898 1896 δι’
2952 1841 3125 1896 αὐτῶν
3205 1843 3590 1912 συνεστήσαντο
3622 1864 3634 1876 ·
3687 1841 3764 1896 καὶ

2137 1932 2297 1983 τοῦτο
2337 1931 2470 2002 μετὰ
2515 1934 2612 1984 τοῦ
2662 1929 2915 2006 ἐμψύχου
2963 1933 3201 2004 συνῆψαν
3244 1927 3333 1985 διὰ
3372 1933 3474 1986 τοῦ
3517 1931 3770 2003 σώματος.

2140 2019 2256 2070 Ὅτι
2314 2014 2372 2072 δὲ
2438 2018 2527 2072 καὶ
2577 2015 2806 2095 ἄγγελον
2860 2017 3094 2095 ἔγνωσαν
3156 2018 3287 2073 εἶναι
3336 2019 3425 2073 καὶ
3473 2021 3672 2096 ψυχὴν,
3717 2019 3770 2074 ού

2143 2107 2358 2181 μετέχει
2414 2105 2471 2162 δὲ
2517 2111 2684 2162 ταῦτα
2712 2111 2812 2177 τῆς
2859 2113 2955 2162 τοῦ
3004 2108 3258 2181 σώματος
3309 2107 3521 2184 φύσεως
3572 2109 3654 2180 (τὸ
3686 2109 3768 2182 μὲν

2136 2195 2236 2270 γὰρ
2300 2197 2569 2269 μεριστὸν,
2632 2197 2719 2252 καὶ
2792 2201 2938 2271 τρεῖς
2995 2192 3122 2273 ἔχον
3201 2194 3503 2259 διαστάσεις
3538 2215 3550 2227 ·
3608 2197 3673 2251 τὰ
3720 2193 3770 2251 δὲ

2137 2283 2418 2347 παντελῶς
2475 2285 2650 2362 ἀμερῆ
2679 2330 2692 2355 ,
2747 2285 2834 2341 καὶ
2898 2282 3165 2359 μηδεμίαν
3214 2287 3521 2359 κεκτημένα
3575 2283 3772 2341 διάστα-

2138 2391 2240 2427 σιν·
2276 2372 2337 2428 οὐ
2371 2381 2568 2447 μῆκος,
2603 2373 2664 2428 ού
2709 2374 2936 2448 πλάτος,
2989 2373 3051 2429 ού
3107 2374 3315 2451 βάθος),
3349 2372 3441 2429 διὰ
3467 2381 3572 2445 τῆς
3603 2374 3775 2436 οὐσίας

2136 2462 2350 2531 ἧνωσαν
2390 2467 2470 2535 τῷ
2516 2463 2727 2536 σώματι
2776 2464 2841 2519 τὸ
2887 2464 3199 2538 ἀσώματον,
3244 2463 3333 2518 καὶ
3379 2463 3576 2541 γέγονε
3619 2465 3655 2534 ἡ
3696 2462 3775 2518 οὖ-

2139 2549 2227 2604 σία
2271 2551 2482 2607 πάντων
2533 2552 2739 2607 τούτων
2792 2551 3179 2629 αύθυπάρκτων
3235 2547 3404 2608 ὄντων
3461 2551 3625 2628 γένος
3679 2573 3782 2608 κοι-

2136 2639 2246 2698 νόν.

2212 2928 2269 2983 ε’.
2319 2925 2467 2982 Ἐπεὶ
2529 2923 2588 2982 δέ
2639 2947 2763 2981 τινα
2813 2930 2922 2982 τῶν
2981 2928 3314 3003 πραγμάτων
3374 2926 3427 2982 ἐν
3487 2931 3562 3002 τῇ
3625 2927 3791 3001 οὐσίᾳ,

2145 3015 2221 3087 μή
2257 3015 2440 3088 μέντοι
2471 3014 2522 3070 έν
2555 3015 2765 3077 ἑαυτοῖς
2790 3015 2890 3084 τήν
2941 3014 3160 3092 ὕπαρξιν
3213 3011 3461 3091 ἔχουσιν,
3519 3015 3668 3073 οὕτω
3711 3015 3794 3071 καὶ

2141 3103 2264 3180 περὶ
2292 3103 2499 3159 τούτων
2530 3103 2839 3178 ἐσκέψαντο.

2216 3219 2280 3274 ς’.
2312 3209 2416 3266 Δύο
2445 3212 2566 3266 τινὰ
2604 3211 2693 3266 καὶ
2743 3213 2886 3288 τρία,
2930 3213 3019 3266 καὶ
3069 3207 3196 3266 δέκα
3241 3213 3333 3266 καὶ
3381 3209 3598 3268 εἴκοσιν
3642 3213 3796 3290 εὑρη-

2143 3299 2316 3372 κότες,
2350 3299 2618 3377 ἀνήγαγον
2673 3300 2759 3356 ἐπὶ
2805 3300 2898 3356 τὸν
2951 3300 3204 3377 ἀριθμόν·
3263 3301 3406 3376 μέγα
3459 3299 3524 3357 δὲ
3575 3303 3671 3358 καὶ
3724 3323 3803 3376 μι-

2139 3390 2265 3465 κρὸν
2323 3389 2412 3444 καὶ
2461 3392 2529 3445 τὰ
2579 3394 2802 3445 τοιαῦτα
2859 3388 2947 3444 ἐπὶ
2999 3390 3063 3444 τὸ
3120 3389 3360 3465 μέγεθος·
3420 3391 3523 3446 τὸν
3570 3391 3799 3469 ἀριθμὸν

2141 3475 2198 3533 δὲ
2225 3478 2314 3532 καὶ
2347 3477 2571 3554 μέγεθος
2613 3472 2937 3552 περιέλαϐον
2981 3482 3062 3550 τῷ
3100 3481 3271 3550 ποσῷ.
3307 3477 3412 3534 Δύο
3465 3500 3612 3555 γουν
3647 3478 3806 3556 ἔσχον

2139 3567 2459 3638 κοινότητας
2488 3567 2828 3643 περιεκτικὰς
2848 3565 3183 3643 πραγμάτων
3206 3565 3462 3639 πολλῶν,
3485 3570 3598 3639 τὴν
3625 3568 3805 3624 οὐσίαν

2137 3657 2226 3711 καὶ
2257 3657 2319 3711 τὸ
2348 3656 2537 3714 ποσόν.

2213 3837 2271 3904 ζ’.
2307 3833 2478 3890 Πάλιν
2510 3831 2619 3890 ἔστι
2649 3855 2704 3890 τι
2735 3834 2947 3907 λευκὸν,
3004 3833 3193 3908 μέλαν,
3243 3835 3461 3912 κιρῥόν·
3505 3841 3695 3894 ταῦτα
3723 3836 3821 3893 ὑπὸ

2136 3925 2199 3978 τὸ
2228 3928 2434 4000 χρῶμα
2483 3925 2862 3999 συνήθροισαν.
2914 3926 3066 3979 Ἔστι
3117 3921 3175 3979 δέ
3222 3945 3274 3978 τι
3320 3923 3537 4000 γλυκὺ,
3596 3926 3818 4002 πικρὸν,

2139 4012 2361 4088 θερμὸν,
2409 4012 2620 4088 ψυχρόν
2652 4031 2665 4045 ·
2695 4016 2863 4068 ταῦτα
2912 4009 2978 4080 δὴ
3028 4011 3118 4067 καί
3164 4013 3227 4068 τὸ
3275 4017 3525 4089 χρῶμα,
3585 4013 3686 4070 καὶ
3735 4015 3826 4075 τὰς

2135 4101 2354 4176 τέχνας,
2401 4101 2621 4163 καὶτὰς
2669 4099 2976 4173 ἐπιστήμας
3028 4105 3126 4173 μιᾷ
3170 4099 3458 4172 κοινότητι
3517 4104 3824 4179 περιέγρα-

2136 4193 2262 4264 ψαν,
2319 4195 2398 4262 τῷ
2446 4195 2608 4263 ποιῷ.
2660 4191 2823 4244 Ποιὸν
2882 4187 2940 4244 δέ
2991 4189 3153 4262 ἐστιν,
3205 4190 3292 4268 ἀφ’
3325 4189 3389 4244 οὗ
3441 4191 3828 4266 παρωνύμως

2141 4278 2460 4352 ὀνομάζεται
2491 4279 2554 4334 τὸ
2589 4280 2840 4354 μετέχον,
2871 4279 2906 4347 ἢ
2940 4278 3186 4334 ὁπωσοῦν
3221 4276 3411 4340 ἄλλως
3470 4279 3582 4334 ἀπ’
3635 4279 3826 4336 αὐτοῦ·

2136 4367 2210 4430 ὡς
2243 4367 2346 4422 ἀπὸ
2376 4374 2476 4437 τῆς
2507 4374 2891 4444 γραμματικῆς
2921 4368 2950 4422 ὁ
2979 4367 3386 4442 γραμματικὸς,
3431 4369 3544 4423 καὶ
3579 4368 3702 4425 ἀπὸ
3730 4374 3830 4437 τῆς

2136 4457 2328 4530 ἀρετῆς
2360 4458 2388 4512 ὁ
2420 4454 2732 4519 σπουδαῖος.

2205 4553 2272 4615 η’.
2330 4549 2446 4600 Ὅτι
2505 4543 2562 4600 δὲ
2619 4547 2708 4600 καὶ
2761 4544 2928 4619 δεξιὸν
2989 4543 3100 4600 ἔστι
3145 4566 3196 4599 τι
3227 4544 3316 4600 καὶ
3363 4546 3718 4625 ἀριστερὸν,
3747 4543 3834 4601 καὶ

377 4637 708 4706 sinistrum,
748 4642 806 4692 et
835 4635 1082 4707 duplum
1114 4639 1171 4690 et
1201 4634 1511 4689 dimidium
1546 4651 1558 4689 :
1618 4632 1757 4689 talia
1787 4634 1838 4689 ei
1871 4635 2024 4706 quod

2150 4633 2416 4690 Ξιπλάσιον
2476 4635 2565 4689 καὶ
2615 4637 2803 4708 ἣμισυ·
2862 4635 2930 4689 τὰ
2980 4632 3202 4688 τοιαῦτα
3251 4638 3331 4705 τῷ
3378 4635 3548 4711 πρός
3605 4658 3666 4692 τι
3710 4635 3838 4690 ἁπέ-

377 4730 465 4780 est
493 4726 565 4781 ad
597 4725 817 4798 aliquid
845 4725 1259 4780 attribuerunt.
1285 4723 1433 4778 Sunt
1453 4727 1646 4778 autem
1681 4723 1751 4777 ad
1777 4721 2018 4794 aliquid,

378 4811 618 4870 alterius
648 4815 718 4869 ad
750 4813 1001 4870 alterum
1033 4813 1188 4869 I26
1219 4812 1502 4867 habitudo
1547 4829 1647 4867 seu
1697 4817 2018 4884 respectus.

449 4919 502 4971 9.
536 4917 749 4973 Iterum
781 4918 1003 4990 aliquid
1033 4918 1121 4975 e'st
1150 4919 1208 4973 in
1241 4922 1455 4985 mente,
1488 4918 1546 4972 in
1589 4918 1732 4984 foro,
1765 4919 1824 4972 in
1857 4919 2018 4974 thea-

378 5009 507 5059 to:
539 5004 678 5060 talia
709 5009 1116 5062 communitati
1144 5009 1240 5060 τοῦ
1273 5007 1371 5061 ubi
1407 5006 1796 5078 adaptarunt;
1828 5006 1890 5059 τὸ
1922 5007 2021 5062 ubi

381 5097 574 5148 autem
607 5093 713 5148 loci
744 5097 1126 5151 exhibitivnm
1157 5102 1245 5152 est
1276 5113 1290 5150 :
1323 5103 1576 5167 suntque
1605 5101 1690 5151 tot
1721 5096 1880 5152 illius
1911 5097 2018 5153 dif-

381 5182 635 5236 ferentia:
667 5191 806 5253 quot
835 5184 943 5240 loci
978 5204 990 5241 ε
1049 5203 1307 5254 sursum,
1341 5186 1618 5240 deorsum
1653 5203 1665 5240 :
1727 5186 2016 5256 dextrum,

380 5269 689 5325 sinistrum
723 5288 734 5326 :
787 5281 941 5340 ante,
975 5279 1124 5346 post.

450 5360 536 5414 10.
570 5358 699 5415 Jam
729 5379 861 5416 vero
892 5363 1037 5431 heri,
1067 5368 1124 5418 et
1175 5363 1460 5434 praeterito
1511 5381 1682 5433 anno,
1715 5370 1770 5420 et
1820 5365 2012 5438 hodie,

376 5452 433 5503 et
461 5464 610 5518 cras,
642 5453 698 5504 et
727 5456 1012 5522 quotquot
1041 5457 1178 5506 sunt
1210 5452 1384 5521 hujus
1417 5453 1645 5522 generis
1676 5455 1746 5508 ad
1781 5455 2015 5525 quando

373 5535 773 5608 collegerunt;
830 5539 936 5594 hoc
985 5545 1182 5595 autem
1236 5541 1513 5610 temporis
1562 5542 2013 5613 signiﬁcativum

372 5631 480 5682 est.
514 5628 778 5700 Suntque
826 5630 1163 5684 dilferentia:
1209 5631 1304 5680 τοῦ
1361 5630 1615 5698 quando,
1648 5635 1790 5701 quot
1839 5633 2012 5688 etiam

371 5716 649 5790 temporis
696 5725 854 5787 sunt,
902 5735 1177 5794 praesens,
1211 5718 1590 5792 praeteritum,
1623 5725 1680 5776 et
1725 5722 2012 5780 futurum.

2130 4744 2337 4797 νειμαν.
2368 4727 2518 4779 ’Ἐστι
2546 4721 2605 4779 δὲ
2646 4725 2714 4779 τὰ
2742 4724 2878 4802 πρός
2917 4745 2970 4778 τι
3016 4721 3204 4799 σχέσις
3252 4723 3452 4800 ἑτέρου
3511 4727 3678 4801 πρὸς
3728 4721 3839 4780 ἓτε-

2132 4833 2222 4887 ρον
2235 4859 2246 4870 .

2200 4921 2261 4975 θ’.
2294 4918 2464 4974 Πάλιν
2493 4917 2602 4976 ἔστι
2632 4940 2682 4974 τι
2716 4919 2766 4974 έν
2795 4923 2892 4992 νῷ,
2927 4920 2979 4975 ἐν
3007 4919 3198 4996 ἀγορᾷ,
3231 4918 3281 4972 έν
3315 4919 3590 4997 θεάτρῳ,
3623 4925 3709 4997 τῇ
3749 4920 3842 4975 τοῦ

2128 5012 2234 5062 ποῦ
2286 5009 2562 5079 κοινότητι
2627 5009 2694 5064 τὰ
2743 5013 2967 5064 τοιαῦτα
3019 5009 3445 5083 προσήρμοσαν.
3509 5009 3733 5066 Τόπον
3793 5005 3846 5061 δὲ

2127 5099 2518 5173 παραστατικὸν
2579 5099 2810 5175 ὑπάρχει
2864 5097 2927 5152 τὸ
2982 5101 3088 5152 ποῦ
3121 5117 3132 5130 ·
3195 5093 3464 5175 διαφοραὶ
3533 5095 3609 5154 δὲ
3673 5097 3843 5154 αὐτοῦ

2127 5186 2248 5242 ὅσαι
2305 5186 2394 5244 καὶ
2441 5190 2538 5242 τοῦ
2591 5187 2784 5242 τόπουο
2847 5182 2976 5256 ἄνω,
3030 5185 3199 5254 κάτω,
3259 5182 3434 5257 δεξιὰ,
3514 5186 3845 5265 ἀριστερὰ,

2128 5270 2450 5350 ἔμπροσθεν,
2476 5273 2715 5330 ὄπισθεν.

2202 5366 2250 5420 ι’.
2284 5363 2354 5418 Τὸ
2385 5359 2441 5417 δὲ
2469 5363 2598 5438 χθὲς
2645 5363 2733 5417 καὶ
2783 5363 2971 5439 πέρυσι
3021 5365 3112 5418 καὶ
3143 5365 3410 5437 σήμερον,
3472 5365 3589 5419 καὶ
3627 5362 3850 5442 αὔριον,

2125 5454 2214 5507 καὶ
2273 5452 2370 5506 ὅσα
2421 5455 2664 5523 τοιαῦτα,
2727 5451 2810 5506 ἐπὶ
2868 5457 2964 5507 τοῦ
3023 5452 3156 5507 πότε
3211 5451 3589 5526 συνήγαγον·
3661 5453 3735 5509 τὸ
3798 5448 3853 5506 δὶ

2128 5542 2468 5618 ἐστιχρόνου
2516 5542 2867 5613 σημαντικόν.
2924 5540 3182 5620 Διαφοραὶ
3233 5536 3290 5593 δὲ
3334 5543 3452 5593 τοῦ
3505 5541 3698 5614 πότε,
3734 5541 3857 5598 ὅσαι

2123 5633 2212 5686 καὶ
2268 5635 2364 5686 τοῦ
2407 5627 2631 5707 χρόνουο
2683 5628 2943 5704 ἐνεστὼς,
2990 5626 3392 5709 παρεληλυθὼς
3424 5670 3456 5699 ,
3526 5630 3643 5686 καὶ
3717 5629 3856 5707 μέλ·

2125 5719 2257 5780 λων.
