4096 6418
314 571 430 632 785

1683 569 2032 633 EPITOME
2077 569 2382 632 LOGICA.

3600 564 3719 626 ’786

385 700 470 755 ια’.
503 699 572 756 Τὸ
629 694 689 755 δέ
741 698 1075 770 τύπτειν,τὸ
1133 697 1460 775 θερμαίνειν,
1490 700 1554 754 τὸ
1611 699 1805 776 ψύχειν
1863 701 1952 755 καὶ

2141 704 2226 758 11.
2259 705 2332 758 At
2376 701 2437 755 τὸ
2463 702 2784 772 verberare,
2817 702 2878 754 τὸ
2928 699 3262 766 calefacere,
3294 696 3357 752 τὸ
3408 697 3714 770 refrigare,

307 791 375 846 τὰ
427 793 670 862 τοιαῦτα,
717 786 885 865 ⁴ἤγουν
939 786 1316 866 παραπλήσια,
1375 788 1426 843 ἰν
1477 793 1556 861 τῷ
1609 794 1785 844 ποιεῖν
1842 788 1955 853 ἔθε-

311 900 426 935 σαν.

384 970 476 1046 ιβ’.
505 971 708 1045 ’Ὠσπερ
766 965 831 1023 αὖ
880 967 932 1023 έν
985 969 1362 1046 τῷπάσχειν,
1409 969 1472 1023 τὸ
1526 967 1838 1039 τύπτεσθαι,
1894 968 1957 1022 τὸ

310 1057 712 1135 θερμαίνεσθαι,
741 1059 804 1113 τὸ
829 1056 1116 1134 ψύχεσθαι,
1142 1058 1231 1112 καὶ
1261 1057 1328 1113 τὰ
1357 1055 1543 1131 ὅμοια.

385 1148 470 1222 ιγ’.
502 1149 655 1206 Ἔστι
687 1145 746 1202 δὶ
789 1153 963 1203 ποιεῖν
1022 1147 1115 1220 μὶν
1163 1147 1228 1201 τὸ
1276 1144 1403 1222 δρᾷν
1449 1146 1573 1223 περί
1616 1168 1692 1216 τι,
1723 1148 1953 1222 πάσχειν

308 1234 367 1292 δὲ
395 1236 457 1293 τὸ
490 1237 576 1316 ὑφ’
606 1235 790 1314 ἐτέρου
820 1235 1192 1294 ἀλλοιοῦσθαι.

381 1322 465 1384 ιδ’.
498 1324 668 1382 Πάλιν
715 1322 901 1396 ἐπειδή
957 1324 1068 1381 ἐστι
1122 1327 1184 1381 τὸ
1243 1322 1608 1397 ὑποδεδέσθαι,
1659 1325 1951 1395 ὡπλίσθαι,

308 1411 598 1473 δακτύλιον
643 1419 851 1494 φορεῖν,
880 1414 948 1471 τὰ
993 1413 1209 1472 ἐοικότα
1254 1415 1428 1471 πάντα
1469 1420 1636 1470 ταῦτα
1680 1419 1760 1487 τῷ
1805 1411 1952 1491 ἔχειν

308 1500 628 1560 δεδώκασιν.
686 1503 840 1559 Ἐστι
889 1501 948 1558 δὲ
1002 1503 1063 1558 τὸ
1116 1500 1262 1580 ἔχειν
1322 1502 1507 1565 ούσίας
1581 1503 1703 1579 περὶ
1773 1502 1954 1558 οὐσίαν

306 1591 603 1670 περίθεσις.

381 1682 458 1737 ιε’.
491 1681 562 1737 Τὸ
622 1678 679 1737 δὲ
735 1679 969 1753 ἑστάναι,
1021 1681 1109 1737 καὶ
1165 1681 1490 1753 ἀνακεῖσθαι,
1523 1682 1613 1736 καὶ
1668 1683 1949 1753 καθῆσθαι,

307 1768 446 1845 γένιι
476 1774 645 1842 κοινῷ
671 1774 752 1842 τῷ
778 1772 984 1826 κεῖσθαι
1018 1770 1298 1841 ὑπέταξαν.

381 1866 465 1924 ις’.
499 1861 712 1915 Κεῖσθαι
745 1856 803 1915 δέ
831 1858 969 1916 ἐστιν
1001 1863 1037 1929 ἡ
1083 1857 1268 1916 τοιάδε
1324 1860 1468 1922 θέσις
1520 1864 1618 1914 τοῦ
1675 1861 1951 1934 σώματος.

2068 796 2126 848 et
2172 791 2605 863 hujuscemodi,
2631 791 2741 846 hoc
2770 795 2878 859 est,
2911 794 3178 862 cognata,
3210 788 3271 844 in
3299 791 3378 859 τῷ
3423 803 3595 860 agere
3624 803 3716 843 re-

2066 886 2409 955 posuerunt.

2138 973 2222 1026 12.
2253 972 2756 1036 Quemadmodum
2802 969 3060 1026 vicissim
3094 969 3153 1024 in
3182 971 3260 1039 τῷ
3313 967 3454 1040 pati,
3484 965 3548 1020 τὸ
3579 982 3710 1023 ver-

2065 1059 2275 1127 berari,
2306 1059 2369 1112 τὸ
2401 1059 2667 1127 caleﬁeri,
2698 1059 2761 1112 τὸ
2790 1059 3139 1130 refrigerari,
3172 1062 3231 1113 et
3259 1056 3496 1112 similia.

2137 1149 2221 1204 13.
2258 1149 2359 1204 Est
2389 1153 2584 1204 autem
2637 1164 2805 1221 agere
2835 1147 3072 1219 quidem
3123 1145 3349 1218 operari
3392 1144 3546 1200 circa
3606 1143 3711 1200 ali-

2064 1237 2204 1306 quid
2239 1256 2252 1293 :
2287 1237 2405 1309 pati
2435 1254 2568 1292 vero
2600 1242 2689 1292 est
2717 1236 2948 1292 alterari
2980 1237 3050 1292 ab
3085 1235 3218 1291 alio.

2136 1327 2222 1382 14.
2257 1327 2482 1381 Rursus
2513 1325 2785 1396 quoniam
2809 1329 2899 1380 est
2920 1325 3238 1380 calceatum
3261 1326 3710 1390 esse,armatum

2060 1430 2208 1482 esse,
2243 1414 2528 1470 annulum
2582 1419 2830 1487 gestare,
2864 1414 3061 1469 omnia
3088 1413 3182 1470 his
3211 1413 3611 1469 convenientia
3635 1411 3715 1467 τῶ

2061 1505 2275 1560 habere
2318 1504 2729 1559 attribuerunt.
2760 1504 2977 1574 Estque
3016 1503 3077 1556 τὸ
3108 1503 3322 1559 habere
3369 1501 3713 1559 substantia:

2061 1594 2215 1649 circa
2253 1592 2644 1649 substantiam
2679 1592 2910 1665 positio.

2135 1683 2220 1738 15.
2255 1684 2327 1736 At
2355 1681 2416 1735 τὸ
2447 1685 2620 1749 stare,
2653 1686 2710 1737 et
2733 1682 2923 1752 jacere
2952 1681 3358 1754 (recumbere),
3387 1685 3445 1736 et
3491 1680 3715 1750 sedere,

2063 1772 2360 1829 communi
2389 1772 2587 1843 generi
2619 1773 2774 1842 quod
2805 1778 2894 1826 est
2923 1771 3104 1826 situm
3136 1787 3265 1826 esse
3316 1769 3710 1840 subjecerunt.

2133 1863 2219 1917 16.
2253 1862 2355 1916 Est
2375 1865 2568 1916 autem
2597 1859 2661 1914 τὸ
2692 1861 2873 1915 situm
2903 1875 3031 1915 esse
3060 1863 3216 1915 certo
3243 1859 3498 1930 quodam
3538 1858 3710 1914 modo

2062 1951 2269 2007 aﬂ‘ecta
2298 1950 2530 2023 positio.

380 2038 463 2109 ιζ’.
495 2037 561 2145 1:31
604 2038 699 2112 μὲν
739 2038 842 2115 γὰρ
891 2035 1047 2116 ὄρθια
1086 2039 1156 2094 τὰ
1204 2037 1344 2114 μέλη
1396 2039 1571 2094 πάντα
1619 2038 1774 2111 εἰσὶν,
1803 2037 1952 2094 έστά-

2133 2041 2284 2097 127
2329 2041 2416 2095 17.
2473 2039 2530 2094 Si
2582 2038 2738 2094 enim
2787 2038 3053 2093 membra
3101 2037 3301 2094 omnia
3346 2039 3502 2093 recta
3548 2040 3709 2102 sunt,

2099 2133 2111 2145 .
2329 2129 2339 2140 .
2544 2128 2555 2139 .
2771 2127 2782 2138 .
2841 2144 2852 2145 ,
3191 2125 3572 2145 .-μη--.-μ
3649 2125 3705 2145 η,

304 2148 391 2183 ναι
467 2124 701 2204 λέγεταυ
776 2127 822 2184 εί
890 2125 936 2182 δ’
1013 2127 1177 2184 ὕπτια
1251 2129 1446 2200 πάντα,
1504 2129 1809 2192 ἀνακεῖσθαι
1866 2127 1954 2183 καὶ

301 2216 696 2274 ἇνακεκλίσθαι.
730 2217 798 2272 Εἴ
834 2214 892 2272 δὲ
932 2219 1000 2272 τὰ
1048 2218 1144 2290 μὲν
1189 2215 1522 2294 ὀρθιάζοντα,
1550 2219 1619 2272 τὰ
1667 2214 1714 2271 δ’
1763 2217 1957 2272 ὑπτιά-

305 2305 465 2375 ζοντά
493 2326 631 2376 πως,
663 2307 800 2376 καθῆ
809 2317 949 2370 σθαι.

377 2395 606 2466 ιη’.Τοῐ’›
655 2393 713 2450 δὲ
759 2400 967 2459 κεῖσθαι
1015 2395 1084 2450 τὰ
1139 2395 1235 2468 μὲν
1291 2394 1444 2473 φύσει
1498 2396 1736 2471 μετέχει,
1771 2395 1844 2457 ὡς
1892 2395 1959 2450 τὰ

300 2483 534 2562 τέσσαρα
565 2490 831 2561 στοιχεῖα,
865 2483 917 2540 έν
947 2488 1066 2546 τοῖς
1118 2481 1279 2546 ἰδίοις
1325 2481 1607 2560 ἱδρυμένα,
1637 2485 1727 2540 καὶ
1779 2485 1806 2539 ὁ
1865 2483 1956 2539 ού-

304 2573 466 2649 ρανὸς
493 2575 593 2643 τήν
625 2573 883 2630 ἀνωτάτω
940 2573 1130 2650 χώραν
1192 2574 1424 2650 ἐπέχων·
1482 2574 1550 2628 τὰ
1599 2571 1656 2628 δὲ
1687 2573 1849 2644 θέσει,
1883 2574 1957 2636 ὡς

310 2658 641 2737 ἀνδριάντες,
671 2662 761 2718 καὶ
813 2660 1012 2727 κίονες,
1043 2662 1137 2718 καὶ
1195 2663 1358 2732 σκεύη
1416 2663 1506 2718 καὶ
1555 2661 1703 2725 ὅλως
1732 2663 1799 2718 τὰ
1825 2663 1962 2718 κατὰ

309 2751 511 2827 τέχνην
540 2751 664 2806 τινὰ
689 2751 728 2820 ἢ
759 2749 948 2828 χρείαν
978 2750 1249 2824 τιθέμενα.

389 2929 470 2988 ιθ’.
503 2930 621 2985 Ἔτι
672 2929 740 2984 τὰ
788 2930 882 3003 μὶν
943 2928 995 2985 έν
1048 2927 1226 2986 στάσει
1274 2925 1393 3006 ἔχει
1443 2931 1543 2999 τήν
1594 2928 1756 3002 θέσιν,
1803 2930 1877 2992 ὡς
1922 2933 1956 2999 ἡ

311 3023 410 3092 γῆ·
439 3017 507 3073 τὰ
536 3015 585 3073 δ’
609 3016 662 3074 έν
688 3020 921 3089 κινήσει,
949 3018 1023 3081 ὡς
1051 3019 1120 3074 τὰ
1149 3015 1372 3091 οὐράνια
1400 3020 1648 3092 σώματα.

378 3107 595 3163 κ’.Ἐτι
637 3107 706 3162 τὰ
757 3108 851 3181 μὲν
895 3105 1151 3182 διαμέσον
1201 3105 1318 3184 ἔχει
1373 3107 1436 3162 τὸ
1501 3112 1729 3176 κεῖσθαι,
1762 3108 1836 3170 ὡς
1892 3109 1959 3163 τὰ

307 3200 558 3273 στοιχεῖα
585 3198 675 3252 καὶ
726 3195 972 3272 ούρανός·
1003 3196 1071 3252 τὰ
1118 3195 1166 3252 δ’
1212 3195 1496 3274 ἔγχρονον,
1529 3197 1603 3259 ὡς
1650 3197 1718 3252 τὰ
1766 3195 1817 3252 ἐν
1863 3198 1954 3271 μέ-

306 3305 390 3361 ρει
419 3284 627 3363 χρόνου
660 3286 960 3364 ὑφεστῶτα.

375 3375 477 3432 κα’.
511 3373 666 3430 Οὕτω
699 3375 794 3448 μὲν
828 3373 918 3431 οὖν
952 3375 1003 3430 οἱ
1035 3374 1326 3454 φιλόσοφοι
1365 3377 1464 3438 τὰς
1518 3374 1769 3438 τοιαύτας
1831 3372 1956 3432 δέκα

301 3464 666 3540 γενικωτάτας
697 3463 906 3542 ἐξεῦρον
939 3465 1278 3535 κοινότητας.

372 3553 477 3630 κβ’.
506 3555 770 3610 Ἕκαστον
826 3551 885 3609 δὲ
939 3557 1048 3609 τῶν
1103 3555 1240 3609 κατὰ
1297 3551 1568 3628 μηδεμίαν
1631 3552 1954 3625 συμπλοκὴν

301 3640 612 3718 λεγομένων
640 3641 770 3698 αὐτὸ
812 3643 931 3708 καθ’
982 3641 1112 3698 αὐτὸ
1170 3647 1398 3719 πρᾶγμα
1458 3643 1552 3715 μὲν
1608 3641 1660 3714 ἐξ
1720 3644 1954 3720 ἀνάγκης

299 3728 492 3802 δηλοῖ,
517 3727 718 3805 ψεῦδος
768 3728 892 3802 δὲῆ
948 3730 1206 3803 ἀλήθειαν
1268 3729 1541 3805 οὐδαμῶςο
1573 3735 1642 3806 τῇ
1703 3729 1760 3787 δὲ
1814 3733 1952 3809 πρὸς

300 3817 530 3890 ἄλληλα
575 3819 782 3875 τούτων
837 3818 1133 3894 συμπλοκῇ
1163 3821 1200 3890 ἢ
1232 3819 1480 3893 ἀλήθεια,
1510 3817 1547 3890 ἥ
1579 3818 1774 3895 ψεῦδος
1823 3820 1950 3876 ἀκο-

300 3908 513 3973 λουθεῖ.
560 3914 656 3964 “Av
738 3909 832 3978 μὲν
900 3909 1001 3985 γὰρ
1077 3907 1235 3981 εἷ’πω,
1305 3906 1612 3986 ἄνθρωπος,
1666 3906 1702 3979 ἤ
1755 3906 1948 3982 ἵππος,

294 3994 336 4066 ἤ
375 3995 584 4073 τρέχει,
636 3993 674 4066 ἤ
715 3994 948 4052 ἵσταται·
999 4003 1231 4074 πρᾶγμα
1281 3998 1375 4071 μὲν
1430 3997 1679 4072 σημαίνω
1738 3995 1947 4067 ἁπλῶς,

294 4084 402 4140 οὐκ
458 4083 714 4155 ἀληθεύω
772 4083 849 4157 δὲ,
884 4083 1010 4142 οὑδὲ
1061 4083 1352 4160 ψεύδομαι·
1393 4085 1480 4141 ἐὰν
1530 4083 1589 4141 δὲ
1642 4085 1950 4160 συμπλέξας

291 4173 426 4251 ἐρῶ,
485 4171 768 4251 ἅνθρωπος
850 4175 1055 4253 τρέχει,
1116 4172 1152 4245 ἤ
1202 4173 1372 4238 ’ίππος
1421 4173 1657 4246 ἵσταται,
1727 4175 1840 4230 τότ’
1896 4174 1948 4246 ἐξ

289 4263 533 4340 ἀνάγκης
562 4260 600 4333 ἤ
631 4262 890 4334 ἀληθεύω
919 4261 956 4333 ἤ
983 4261 1275 4338 ψεύδομαι.

365 4441 467 4516 κγ’.
525 4442 601 4496 Τὰ
653 4442 748 4515 μὶν
801 4440 893 4497 οὖν
950 4445 1143 4518 πρῶτα
1205 4442 1294 4498 καὶ
1370 4440 1592 4519 δεύτερα
1659 4442 1943 4518 πρόσωπα,

285 4527 387 4585 διὰ
432 4529 495 4584 τὸ
551 4528 685 4586 εἶναι
746 4529 1044 4608 ὡρισμένα,
1087 4531 1161 4592 ὡς
1215 4532 1278 4586 τὸ
1327 4531 1512 4608 τρέχω
1570 4533 1660 4587 καὶ
1704 4532 1944 4608 τρέχεις,

282 4617 760 4694 συμπεπλεγμένα
805 4618 907 4674 εἶσὶ
949 4624 1028 4692 τῷ
1075 4620 1488 4694 σημαινομένῳ·
1533 4620 1600 4676 τὰ
1655 4618 1711 4676 δὲ
1765 4621 1942 4698 τρίτα,

2064 2133 2259 2197 stare;
2293 2129 2344 2185 si
2400 2128 2598 2184 omnia
2654 2127 2886 2200 supina,
2937 2128 3132 2198 jacere
3188 2125 3595 2198 (accumbere).
3649 2125 3710 2181 Si

2066 2219 2332 2291 quaedam
2389 2230 2602 2288 erecta,
2661 2217 2929 2288 quaedam
2967 2217 3244 2289 resupina
3299 2220 3459 2287 sunt,
3512 2215 3712 2271 sedere

2065 2308 2296 2364 dicitur.

2139 2399 2226 2453 18.
2253 2399 2429 2453 Porro
2444 2396 2506 2451 τὸ
2533 2396 2712 2452 situm
2739 2411 2866 2452 esse
2888 2397 3156 2468 quaedam
3183 2399 3392 2451 natura
3431 2394 3714 2467 quodam-

2068 2488 2241 2544 modo
2271 2487 2642 2559 participant,
2674 2490 2740 2541 ut
2768 2490 3020 2557 quatuor
3048 2485 3334 2541 elementa
3361 2483 3422 2539 in
3459 2483 3712 2556 propriis

2066 2576 2208 2633 locis
2258 2576 2557 2644 collocata,
2591 2579 2646 2630 et
2675 2576 2887 2631 coelum
2918 2575 3072 2646 quod
3115 2568 3476 2647 superiorem
3530 2573 3714 2646 regio-

2069 2683 2203 2722 nem
2231 2665 2492 2733 obtinet;
2528 2665 2792 2736 quaedam
2847 2663 3156 2737 positione,
3188 2668 3254 2719 ut
3283 2667 3486 2719 statuae
3533 2666 3590 2718 et
3619 2679 3713 2718 co-

2069 2756 2302 2824 lumnae,
2336 2759 2394 2811 et
2454 2753 2860 2826 supellectilia,
2891 2757 2949 2809 et
2992 2753 3052 2808 in
3100 2754 3442 2809 universum
3489 2769 3558 2808 ea
3585 2768 3712 2824 quea

2069 2845 2393 2901 secundum
2423 2847 2605 2900 artem
2637 2848 2739 2899 aut
2765 2860 2941 2899 usum
2977 2845 3296 2914 ponuntur.

2141 2934 2227 2989 19.
2258 2935 2540 2989 Praterea
2564 2932 2678 2988 alia
2701 2933 2759 2988 in
2783 2937 2938 2988 statu
2963 2933 3143 2987 situm
3172 2931 3482 2997 habent,ut
3507 2932 3664 2986 terra
3693 2946 3708 2984 :

2069 3023 2183 3079 alia
2211 3024 2271 3078 in
2305 3027 2486 3090 motu,
2520 3026 2586 3078 ut
2617 3039 2858 3094 corpora
2887 3020 3163 3077 coelestia.

2137 3114 2226 3167 20.
2261 3113 2506 3184 Insuper
2535 3111 2648 3166 alia
2678 3111 2914 3184 quidem
2946 3110 3165 3166 habent
3193 3109 3374 3165 situm
3417 3124 3546 3164 esse
3575 3124 3710 3181 per-

2067 3218 2332 3269 manens,
2351 3204 2414 3256 ut
2437 3199 2723 3256 elementa
2752 3205 2810 3255 et
2839 3199 3047 3255 ccelum
3081 3217 3093 3254 :
3122 3198 3237 3254 alia
3264 3198 3710 3271 temporarium,

2068 3295 2133 3346 ut
2164 3308 2291 3362 quae
2322 3289 2382 3345 in
2410 3296 2572 3362 parte
2602 3291 2883 3361 temporis
2914 3289 3264 3344 subsistunt.

2133 3381 2224 3435 21.
2278 3379 2372 3436 Sic
2419 3379 2655 3451 quidem
2702 3379 2881 3450 igitur
2926 3376 3258 3450 philosophi
3302 3376 3711 3448 hujuscemodi

1984 3449 2027 3517 (ἶ
2067 3470 2266 3525 decem
2297 3468 2769 3541 generalissimas
2801 3467 3252 3522 communitates
3282 3465 3648 3522 invenerunt.

2133 3559 2225 3614 22.
2257 3558 2432 3614 Porro
2465 3557 2710 3629 quodvis
2739 3573 2942 3612 eorum
2974 3573 3101 3628 quae
3132 3555 3278 3611 citra
3296 3571 3530 3612 omnem
3559 3572 3712 3611 com-

2065 3646 2390 3718 plexionem
2447 3647 2742 3713 dicuntur,
2783 3646 2979 3718 ipsum
3040 3645 3230 3717 seipso
3288 3661 3410 3700 rem
3469 3645 3708 3718 quidem

2065 3736 2412 3802 necessario,
2447 3735 2762 3790 falsitatem
2811 3738 3009 3789 autem
3038 3733 3126 3790 vel
3155 3734 3455 3789 veritatem
3487 3750 3708 3806 nequa-

2063 3841 2238 3896 quam
2273 3824 2527 3880 declarat
2549 3842 2561 3890 ;
2583 3824 2682 3880 sed
2715 3827 2984 3878 mutuam
3015 3839 3214 3879 eorum
3247 3821 3706 3894 complexionem

2058 3913 2148 3969 vel
2175 3913 2387 3969 veritas
2408 3913 2494 3968 vel
2527 3912 2750 3968 falsitas
2771 3912 3252 3968 comitatur.Cum
3284 3911 3441 3968 enim
3466 3911 3704 3984 quidem

2060 4002 2276 4069 dixero,
2309 4002 2484 4056 homo
2537 4006 2639 4056 aut
2665 4018 2872 4072 equus,
2905 4005 3006 4057 aut
3053 4001 3250 4066 currit,
3281 4005 3385 4056 aut
3413 4004 3549 4067 stat,
3581 4017 3703 4057 rem

2059 4091 2295 4162 quidem
2325 4089 2670 4161 simpliciter
2695 4090 2962 4162 signiﬁco
2987 4109 3000 4158 ;
3027 4107 3142 4145 non
3172 4095 3368 4146 autem
3392 4107 3594 4146 verum
3616 4090 3704 4146 vel

2059 4179 2274 4235 falsum
2304 4179 2454 4234 dico.
2486 4180 2726 4243 Quando
2758 4183 2953 4234 autem
2984 4178 3382 4250 complexione
3431 4179 3585 4236 I28
3616 4179 3701 4234 fa-

2058 4272 2153 4323 cta
2180 4267 2331 4339 dico,
2357 4267 2532 4323 homo
2582 4268 2782 4339 currit,
2813 4272 2914 4323 aut
2943 4284 3130 4340 equus
3163 4271 3297 4334 stat,
3325 4271 3452 4323 tum
3501 4283 3701 4324 neces-

2056 4357 2210 4413 sario
2242 4361 2343 4412 aut
2369 4373 2571 4412 verum
2599 4361 2700 4413 aut
2728 4357 2944 4413 falsum
2974 4357 3122 4412 dico.

2125 4447 2214 4501 23.
2250 4445 2454 4501 Prima
2508 4446 2745 4518 quidem
2773 4447 2952 4519 igitur
3004 4451 3061 4501 et
3099 4446 3366 4502 secundae
3414 4462 3696 4517 personae,

2054 4539 2360 4606 propterea
2407 4536 2563 4607 quod
2595 4535 2844 4590 deﬁnitae
2891 4536 3032 4602 sint,
3064 4540 3131 4590 ut
3169 4551 3337 4590 curro
3383 4538 3440 4590 et
3486 4534 3695 4604 curris,

2054 4623 2381 4697 signiﬁcato
2411 4623 2707 4695 complexe
2736 4629 2910 4692 sunt;
2943 4624 3125 4679 tertiae
3156 4628 3348 4679 autem
3394 4626 3700 4696 propterea

282 4705 384 4762 διὰ
429 4706 494 4761 τὸ
545 4705 677 4762 εἶναι
738 4708 982 4780 ἀόριστα,
1018 4710 1153 4782 μετὰ
1205 4713 1314 4764 τῶν
1373 4707 1562 4764 ἁπλῶν
1614 4695 1938 4786 ἐτάχθησαν.

2084 4695 2195 4785 [uia
2223 4712 2465 4768 inﬁnitae
2496 4717 2795 4777 sunt,cum
2818 4711 3187 4784 simplicibus
3217 4695 3507 4770 collocatae
3530 4717 3692 4768 sunt.

1371 4910 1581 4981 Σχῆμα
1606 4904 1799 4983 κεφαλ.
1836 4903 1919 4976 ιδ’,
1951 4904 2076 4982 περὶ
2103 4909 2210 4961 τῶν
2242 4909 2610 4981 κατηγοριῶν.

1139 5043 1272 5192 ﬁci
1303 5047 1397 5122 μὶν
1427 5052 1681 5127 προφορᾷ
1708 5048 1839 5104 εἰσιν
1869 5046 2038 5120 ἁπλᾶ,
2067 5051 2147 5175 “ut?
2175 5046 2234 5102 δὲ
2264 5049 2603 5122 σημαινομέν

1206 5141 1275 5192 τῃ
1309 5121 1417 5192 μὴν
1444 5125 1696 5192 προφορᾷ
1723 5120 1966 5192 σύνθετα,
1996 5124 2077 5192 τῷ
2140 5119 2167 5173 ὲ
2197 5121 2587 5192 σημαινομένῳ

1206 5119 1275 5194 τῇ
1306 5119 1417 5193 μὴν
1444 5119 1696 5198 προφορᾷ
1723 5120 1966 5192 σύνθετα,
1996 5119 2077 5193 τῷ
2109 5119 2167 5175 δὲ

316 5364 403 5420 Τὰ
433 5361 709 5441 λεγόμενα
734 5366 824 5421 καὶ
854 5361 983 5422 ὄντα

1137 5540 1174 5612 ἤ
1205 5540 1296 5598 καὶ
1341 5545 1410 5617 τῇ
1467 5548 1720 5622 προ-φορᾷ
1771 5541 1861 5622 καὶ
1906 5547 1987 5616 τῷ

1280 5611 1666 5689 σημαινο’μένῴ
1696 5611 1844 5670 ἅπλᾶ

2686 5049 2926 5137 σύνθετα,
2957 5051 3034 5137 ῶς
3063 5053 3126 5108 τὸ
3155 5053 3360 5137 τρέχω·

2197 5119 2587 5193 σημαινομένῳ
2619 5119 2785 5193 ἁπλᾶ,
2819 5119 2977 5184 ὠςνοὶ
3009 5119 3249 5200 ὁρισμόί.

2097 5260 2274 5340 οὐσία,
2307 5262 2382 5340 ῶς
2405 5259 2711 5340 ἇίνλθρωπος,
2747 5264 2896 5340 βοῦςο

2095 5330 2285 5410 ποσρν,
2313 5333 2389 5410 ᾠς
2411 5330 2650 5410 δίπηχυ·

2095 5402 2280 5480 ποι-ὸν,
2305 5402 2625 5480 ὠς-λευκδν,
2662 5404 2850 5480 μέλαν·

2095 5475 2232 5554 πρρς
2259 5475 2440 5554 ξτιλώς
2469 5475 2672 5554 πατὴρ,
2703 5478 2841 5541 υἱός·

2095 5546 2223 5637 ποῦ,
2256 5547 2308 5602 έν
2323 5546 2558 5637 ,λυκείιγν

2094 5617 2248 5696 πότε,
2279 5620 2430 5696 χθὲς,
2458 5617 2670 5696 πέρυσι·

2095 5690 2294 5768 ποιεῖν,
2305 5690 2542 5768 ’ψύχεινξ
2566 5693 2895 5768 θερμαίνειν·

2095 5760 2347 5843 πάσχειν,
2381 5760 2776 5843 θερμαίνεσθαι,
2809 5766 3094 5843 ψύχεσθαι·

2096 5831 2266 5922 ἔχειν,
2299 5831 2666 5922 ὑποδεδέσθαι·

2094 5908 2322 5978 κεῖσθαι,
2347 5908 2632 5980 καθῆσθαι.
