4096 6470
2176 50 2307 59 ""‘*""
2359 55 2378 60 ἰι
2514 48 2715 57 λθ⁴⁷⁴“”’“-⁶ν“
2740 50 2757 55 θ
2780 48 2835 56 ν⁷
2894 52 2905 53 ί
2940 50 2955 53 ”“
2970 48 2989 55 -’
3085 51 3088 54 ’
3227 49 3230 52 ’
3261 49 3524 63 Αιδης-*φονον

334 541 453 602 ’189

1691 540 2039 605 EPITOVlE
2083 541 2387 604 LOGICA.

3613 547 3734 611 790

389 673 456 748 γ’.
489 671 638 745 Πρὸς
682 671 912 747 ῧππρξιν
965 673 1059 748 μὲν
1109 672 1202 729 οὖν
1251 674 1530 731 ὑπόκειται
1571 677 1604 745 ἡ
1647 674 1801 730 οὐσία
1857 679 1963 734 τοῖς

2156 675 2207 728 3.
2243 675 2324 729 Ad
2359 675 2756 732 exsistentiam
2787 676 3023 748 quidem
3056 677 3234 750 igitur
3271 678 3602 736 substantia
3629 698 3729 737 ac-

323 755 716 835 συμϐεϐηκόσι.
750 767 925 819 Ταῦτα
975 765 1079 840 γὰρ
1138 764 1189 819 ἐν
1246 769 1314 838 τῇ
1367 763 1522 836 οὐσίᾳ
1552 763 1667 841 ἔχει
1692 767 1755 819 τὸ
1815 763 1968 819 εἶναι’

317 851 408 906 καὶ
465 849 577 906 ἔστι
635 851 774 925 μόνη
829 856 866 922 ἡ
919 853 1074 909 ούσία
1128 855 1265 930 πρὸς
1322 853 1543 930 ὕπαρξιν
1596 853 1969 927 ὑποκείμενον.

392 1044 455 1104 δ’.
487 1048 634 1126 Πρὸς
665 1048 992 1126 κατηγορίαν
1046 1047 1104 1105 δὲ
1155 1049 1462 1106 ὑπόκεινται
1507 1051 1575 1106 τὰ
1622 1050 1800 1122 ἄτομα
1852 1053 1972 1111 ¹τοῖς

322 1137 544 1201 οἰκείοις
622 1137 784 1195 εἷ’δεσί
853 1159 912 1196 τε
983 1139 1074 1195 καὶ
1149 1141 1338 1217 γένεσι·
1407 1141 1497 1195 καὶ
1563 1140 1630 1194 τὰ
1684 1137 1800 1208 εἷ’δη
1853 1143 1969 1199 τοῖς

321 1229 523 1284 ἑαυτῶν
555 1229 764 1303 γένεσιν
793 1225 898 1292 ἕως
930 1234 1027 1285 τοῦ
1057 1229 1434 1306 γενικωτάτου.

391 1337 450 1393 ε’.
493 1337 621 1396 Οῖον
683 1337 712 1392 6
768 1335 972 1413 Πέτρος
1030 1336 1312 1414 ἅνθρωπός
1364 1337 1525 1394 ἐστιν.
1584 1335 1887 1393 Ύπόκειται
1943 1336 1971 1390 6

318 1422 522 1502 Πέτρος
583 1423 807 1480 ἐνταῦθα
859 1430 938 1498 τῷ
990 1425 1260 1499 ἀνθρώπῳ
1313 1426 1452 1501 πρὸς
1497 1423 1849 1500 κατηγορίαν,
1881 1423 1970 1479 καὶ

317 1513 537 1590 λέγεται
597 1515 626 1569 6
671 1514 954 1591 ἄνθρωπος
1011 1516 1130 1580 καθ’
1189 1515 1546 1588 ὑποκειμένου
1594 1519 1689 1569 τοῦ
1740 1513 1966 1589 Πέτρου·

317 1603 436 1659 imi
477 1604 506 1659 6
549 1603 754 1680 Πέτρος
804 1603 1160 1678 ὑποκείμενόν
1207 1603 1337 1659 ἐστι·
1385 1602 1857 1680 κατηγορούμενον
1914 1599 1971 1656 δὲ

317 1693 347 1747 ὁ
380 1689 681 1769 ἄνθρωπος.
734 1692 907 1748 Πάλιν
955 1694 1018 1749 τὸ
1069 1698 1206 1763 ζῶον
1268 1693 1422 1750 οὐσία
1478 1691 1639 1748 ἐστίν·
1693 1691 1970 1747 ὑπόκειται

312 1782 379 1838 16
411 1785 548 1852 ζῶον
600 1782 718 1838 καθ’
763 1781 1120 1855 ὑποκειμένου
1166 1786 1264 1837 τοῦ
1312 1783 1476 1854 ζώου,
1505 1780 1748 1837 τουτέστι
1794 1801 1968 1851 κατη-

314 1868 672 1947 γορούμενον,
707 1871 744 1940 ἡ
776 1869 950 1927 οὐσία.

389 1978 451 2041 ς’.
486 1977 648 2041 Ἔνθα
703 1977 796 2050 μὲν
857 1974 948 2032 οὖν
1005 1980 1041 2047 ἡ
1089 1979 1225 2033 κατά
1277 1972 1533 2052 πρόθεσις
1580 1975 1842 2055 φαίνεται,
1872 1976 1961 2030 καὶ

314 2066 453 2125 κατὰ
499 2066 722 2140 γενικὴν
769 2070 973 2121 πτῶσιν
1041 2064 1275 2122 τελεῖται
1331 2069 1367 2136 ἡ
1433 2066 1693 2139 σύνταξις·
1745 2065 1855 2120 ἐκεῖ
1902 2065 1963 2120 τὸ

315 2157 456 2232 πρὸς
510 2155 837 2231 κατηγορίαν
898 2150 1378 2232 παραλαμϐάνεται
1467 2155 1835 2227 ὑποκείμενον,
1889 2155 1964 2216 ὡς

316 2244 442 2302 ὅταν
477 2240 720 2319 εἷ’πωμεν.
771 2248 879 2299 τῶν
934 2239 1104 2300 ὄντων
1160 2245 1228 2299 τὰ
1277 2244 1371 2317 μὶν
1428 2245 1545 2308 καθ’
1607 2241 1965 2316 ὑποκειμένου

317 2333 556 2410 λέγεται.
607 2334 707 2387 Διὰ
755 2337 916 2388 τοῦτο
974 2333 1077 2409 γὰρ
1130 2332 1342 2406 τίθεμεν
1399 2332 1578 2388 καὶτὸ
1618 2331 1850 2409 λέγεται,
1876 2331 1965 2387 ’ίνα

310 2423 406 2477 καὶ
463 2420 700 2486 ἐντεῦθεν
757 2422 820 2477 τὸ
894 2423 1031 2498 πρὸς
1090 2421 1418 2498 κατηγορίαν
1472 2423 1682 2498 γνωσθῇ
1745 2421 1965 2477 ὑποκεί-

317 2531 501 2584 μενον.
552 2511 622 2566 T6
669 2511 771 2588 γὰρ
820 2509 1038 2587 λέγεται
1083 2511 1172 2566 καὶ
1217 2511 1280 2566 τὸ
1335 2516 1713 2587 κατηγορεῖται
1771 2510 1960 2565 ταυτόν

313 2598 478 2656 ἐστιν.
538 2601 702 2656 ’Ένθα
759 2596 817 2654 δὲ
872 2602 907 2668 ἡ
969 2599 1020 2654 ἐν
1080 2599 1328 2676 πρόθεσις
1393 2600 1602 2674 ὁρᾶται,
1661 2598 1749 2654 καὶ
1830 2600 1965 2654 κατὰ

315 2685 541 2758 δοτικὴν
591 2689 796 2743 πτῶσιν
874 2686 1072 2762 γίνεται
1130 2689 1168 2757 ἡ
1227 2685 1486 2757 σύνταξις·
1546 2685 1655 2742 ἐκεῖ
1707 2687 1770 2742 τὸ
1826 2687 1961 2762 πρὸς

313 2776 538 2853 ὕπαρξιν
599 2776 738 2832 ἐστιν
821 2775 1195 2850 ὑποκείμενον,
1240 2775 1314 2837 ὡς
1391 2775 1515 2831 ὅταν
1574 2773 1832 2849 εἴπωμεν·
1889 2777 1964 2830 Τὰ

312 2862 372 2924 ὑὶ
428 2865 771 2939 ὑποκειμένῳ
828 2863 957 2920 ἐστί.
1015 2865 1118 2920 Διὰ
1183 2869 1345 2920 τοῦτο
1416 2865 1519 2940 γὰρ
1592 2864 1681 2918 καὶ
1741 2864 1803 2918 16
1851 2863 1961 2918 ἐστὶ

311 2949 710 3027 τιθὲαμεν,⁸ίνα
745 2953 834 3008 καὶ
886 2953 1119 3010 ἐντεῦθεν
1159 2954 1221 3009 τὸ
1276 2953 1412 3029 πρὸς
1469 2952 1688 3030 ὕπαρξιν
1746 2955 1961 3029 γνωσθῇ

317 3041 698 3116 ὑποκείμενον·
750 3041 1024 3119 ὑπάρξεως
1077 3044 1182 3118 γὰρ
1233 3043 1625 3118 παραστατικὸν
1679 3043 1743 3098 τὸ
1796 3037 1958 3098 ἔστιν.

391 3327 451 3402 ζ’.
483 3328 644 3384 Ὅταν
677 3323 768 3382 οὖν
801 3323 1052 3403 λὲγωμεν
1084 3325 1169 3383 ὅτι
1214 3330 1323 3382 τῶν
1370 3321 1538 3383 ὄντων
1588 3329 1662 3382 τὰ.
1704 3329 1798 3402 μὶν
1853 3329 1967 3383 καθ’

2083 763 2410 820 cidentibus
2457 766 2718 837 subjecta
2765 771 2871 821 est.
2919 771 3049 821 Haec
3100 767 3256 822 enim
3287 767 3347 822 in
3399 769 3729 827 substantia

2084 868 2211 908 esse
2258 854 2513 922 habent;
2546 861 2749 926 estque
2780 855 2904 911 sola
2935 857 3265 912 substantia
3289 857 3621 928 subjectum
3652 861 3726 917 ad

2083 943 2503 998 exsistentiam.

2152 1048 2204 1104 4.
2260 1049 2344 1104 Ad
2412 1050 2707 1122 praedicati
2751 1068 2919 1106 onem
2950 1052 3402 1109 veroindividua
3473 1053 3727 1127 propriis

2081 1139 2384 1206 speciebus
2438 1144 2495 1193 et
2525 1140 2836 1212 generibus
2887 1142 3152 1210 subjecta
3207 1146 3364 1210 sunt,
3397 1147 3456 1198 et
3503 1144 3728 1217 species

2081 1227 2172 1281 sui
2204 1227 2516 1300 generibus
2549 1246 2735 1300 usque
2767 1231 2838 1284 ad
2870 1230 3401 1301 generalissimum.

2149 1335 2202 1388 5.
2235 1334 2430 1389 Veluti
2462 1335 2666 1391 Petrus
2697 1337 2871 1391 homo
2898 1341 3002 1392 est.
3039 1338 3140 1393 Hic
3169 1339 3371 1394 Petrus
3397 1339 3620 1395 homini
3652 1342 3724 1397 ad

2080 1424 2552 1494 praedicationem
2585 1427 2886 1496 subjectus
2917 1432 3027 1490 est,
3059 1431 3118 1482 et
3147 1428 3322 1483 homo
3353 1429 3422 1483 de
3459 1431 3725 1500 subjecto

2080 1512 2248 1567 Petro
2297 1513 2510 1568 dicitur
2543 1532 2554 1569 :
2589 1516 3067 1586 quandoquidem
3099 1516 3303 1571 Petrus
3343 1518 3672 1588 subjectum
3705 1537 3720 1575 :

2079 1600 2275 1670 homo,
2310 1603 2688 1673 praedicatum
2740 1609 2847 1659 est.
2904 1604 3132 1659 Rursus
3175 1604 3391 1660 animal
3443 1610 3531 1662 est
3581 1609 3722 1662 sub-

2077 1691 2332 1758 stantia;
2365 1691 2584 1746 animal
2631 1692 2962 1764 subjectum
2997 1698 3088 1748 est
3119 1710 3130 1749 :
3165 1693 3236 1748 de
3279 1694 3561 1765 subjecto,
3594 1696 3718 1752 ani-

2077 1779 2240 1848 mali,
2271 1779 2380 1836 hoc
2410 1784 2499 1836 est
2529 1780 2906 1852 praedicatum
2939 1783 3270 1839 substantia
3300 1788 3407 1839 est.

2143 1977 2197 2029 6.
2229 1975 2338 2031 Ubi
2357 1975 2537 2049 igitur
2559 1977 2889 2048 praepositio
2910 1977 3044 2031 κατά
3064 1978 3177 2050 (de)
3199 1981 3512 2050 spectatur,
3545 1982 3603 2035 et
3633 1979 3726 2053 (in.

1994 2046 2042 2112 Β
2072 2063 2266 2120 Graco
2317 2046 2579 2137 qu'idemj
2624 2046 2763 2122 casu
2812 2046 3080 2138 genitivo
3116 2046 3198 2137 (in
3230 2046 3452 2124 -Latino
3499 2046 3713 2125 autem

2075 2152 2326 2209 ablativo
2357 2154 2517 2227 casu)
2549 2156 2900 2211 constructio
2933 2155 3246 2227 perﬁcitur,
3271 2157 3352 2212 ibi
3377 2158 3714 2228 subjectum

2074 2242 2147 2298 ad
2196 2244 2665 2315 praedicationem
2713 2245 3080 2299 assumitur:
3124 2249 3190 2300 ut
3233 2262 3367 2301 cum
3416 2245 3714 2302 dicimus:

2075 2332 2287 2386 Eorum
2319 2349 2446 2404 qua
2477 2338 2618 2388 sunt
2647 2333 2761 2388 alia
2789 2334 3024 2404 quidem
3047 2334 3118 2388 de
3141 2333 3402 2404 subjecto
3422 2334 3716 2390 dicuntur.

2074 2420 2383 2493 Propterea
2431 2422 2585 2477 enim
2637 2423 2811 2477 etiam
2858 2421 2922 2474 16
2963 2423 3256 2489 dicuntur,
3309 2421 3605 2494 ponimus,
3655 2427 3724 2480 ut

2072 2509 2160 2564 vel
2192 2509 2327 2564 hinc
2360 2512 2691 2581 subjectum
2724 2513 2794 2566 ad
2845 2511 3311 2582 praedicationem
3345 2517 3718 2584 agnoscatur.

2075 2598 2232 2653 Idem
2287 2599 2443 2654 enim
2475 2604 2616 2655 sunt
2660 2599 2723 2652 16
2753 2599 3028 2655 dicuntur
3071 2605 3128 2655 et
3170 2600 3578 2672 praedicantur.
3613 2601 3730 2658 Ubi.

2072 2690 2270 2742 autem
2320 2689 2648 2761 prapositio
2680 2686 2731 2741 ἐν
2783 2689 2885 2760 (in)
2918 2689 3275 2760 conspicitur
3302 2693 3359 2745 et
3387 2691 3470 2760 (in
3526 2691 3724 2747 Graeco

2072 2776 2312 2846 quidem
2343 2794 2482 2834 casu
2513 2778 2727 2846 dativo,
2755 2778 2814 2832 in
2849 2778 3053 2833 Latino
3083 2782 3278 2834 autem
3319 2778 3538 2834 iterum
3565 2780 3728 2837 182

2071 2865 2322 2921 ablativo
2350 2884 2489 2922 casu
2521 2867 2584 2921 ﬁt
2615 2867 3014 2938 constructio),
3048 2867 3127 2922 ibi
3167 2867 3496 2938 subjectum
3527 2872 3616 2924 est
3643 2869 3718 2925 ad

2072 2955 2475 3011 exsistentiam
2502 2960 2600 3025 ;ut
2631 2973 2763 3011 cum
2795 2957 3085 3012 dicimus:
3117 2956 3244 3010 Alia
3272 2972 3404 3012 vero
3433 2956 3494 3012 in
3524 2958 3711 3029 subje-

2071 3048 2164 3099 cto
2195 3049 2353 3100 sunt.
2400 3049 2708 3116 Propterea
2737 3045 2893 3101 enim
2937 3045 3111 3100 etiam
3140 3042 3202 3098 16
3233 3049 3374 3100 sunt
3419 3044 3716 3118 ponimus,

2074 3137 2142 3188 ut
2171 3138 2229 3189 et
2256 3134 2394 3190 hinc
2423 3135 2752 3206 subjectum
2772 3135 2843 3189 ad
2874 3133 3273 3189 exsistentiam
3297 3139 3713 3206 cognoscatur;

2073 3241 2212 3281 nam
2238 3223 2302 3278 16
2334 3227 2476 3280 sunt
2521 3223 2872 3279 exsistentiae
2903 3222 3470 3294 repraesentationem
3519 3223 3715 3280 habet.

2143 3335 2199 3387 7.
2233 3331 2378 3387 Cum
2427 3347 2563 3403 ergo
2594 3329 2844 3385 dicimus
2883 3345 3108 3399 eorum,
3142 3346 3270 3400 quae
3318 3333 3457 3386 sunt
3503 3329 3618 3386 alia
3646 3330 3718 3386 de

315 3417 682 3490 ὑποκειμένου
739 3415 978 3490 λέγεται,
1007 3416 1075 3473 τὰ
1104 3413 1162 3472 δὲ
1207 3416 1269 3471 οὗ
1318 3416 1532 3491 λέγεται
1584 3418 1702 3473 καθ’
1759 3417 1963 3474 ὑποκει-

2083 3422 2343 3492 subjecto
2374 3419 2510 3484 dici,
2546 3419 2661 3474 alia
2689 3420 2760 3474 de
2782 3419 3043 3490 subjecto
3073 3435 3189 3474 non
3215 3418 3466 3488 dici,hoc
3487 3435 3720 3476 asseve-

315 3507 503 3580 μένου,
532 3504 696 3561 τοῦτό
753 3525 950 3582 φαμεν·
999 3504 1082 3561 ὅτι
1138 3509 1246 3561 τῶν
1308 3500 1472 3561 ὄντων
1529 3507 1596 3561 τὰ
1652 3505 1745 3579 μὲν
1801 3528 1962 3562 τινων

307 3597 762 3672 κατηγοροῦνται,
791 3595 860 3648 τὰ
889 3593 947 3650 δὲ
976 3593 1493 3670 06.xaz1nyopoiiv1at
1530 3616 1714 3653 τινων.

380 3709 453 3776 ηῗ.
484 3705 647 3759 ’Όταν
695 3699 754 3757 δὲ
812 3699 1062 3775 λέγωμεν
1127 3699 1210 3756 ὅτι
1263 3705 1372 3757 τῶν
1430 3703 1548 3766 καθ’
1607 3697 1964 3775 ὑποκειμένου

307 3791 622 3870 λεγομὲνων
661 3788 730 3846 τὰ
785 3791 880 3864 μὲν
934 3788 984 3844 ἐν
1046 3787 1388 3863 ὑποκειμένῳ
1432 3789 1531 3845 οὐκ
1579 3786 1804 3860 ἔστι,τᾶ
1834 3789 1880 3845 δ’
1911 3790 1962 3845 ἐν

308 3879 659 3954 ὑποκειμένῳ
715 3878 848 3950 ἐστὶ,
880 3877 1042 3934 τοῦτό
1100 3899 1295 3954 φαμεν,
1329 3877 1412 3934 ὅτι
1469 3884 1576 3934 τῶν
1633 3900 1966 3956 κατηγορου-

310 3971 491 4046 μένων
539 3967 623 4025 τὰ.
667 3968 761 4042 μὲν
813 3967 865 4023 ἐν
916 3967 1125 4044 ὲτὲροις
1181 3967 1284 4022 οὐκ
1338 3964 1526 4043 ἔχουσι
1580 3970 1680 4038 τὴν
1742 3967 1962 4045 ὕπαρξιν

302 4057 509 4134 (οὐσίαι
581 4057 683 4134 γάρ
761 4057 892 4112 εἷ’σιν
969 4054 1317 4131 αὑθύπαρκτα
1386 4058 1684 4133 πράγματα
1736 4058 1824 4114 καὶ
1887 4060 1962 4132 μή

308 4146 540 4224 δεόμενα
609 4147 805 4223 ἑτέρων
863 4146 998 4221 πρὸς
1072 4145 1366 4219 σύστασιν),
1425 4147 1492 4200 τὰ
1549 4143 1593 4200 δ’
1652 4145 1703 4200 ἐν
1760 4145 1962 4223 ἑτέροις

305 4235 500 4314 ἔχουσι
555 4236 620 4291 16
679 4235 836 4308 εἶναι,
895 4228 1297 4308 Συμϐεϐηκότα
1352 4236 1455 4309 γάρ
1513 4234 1636 4306 εἰσι,
1673 4237 1748 4308 μὴ
1808 4234 1963 4290 δυνά-

311 4345 448 4399 μενα.
501 4325 618 4380 καθ’
677 4325 838 4379 ἑαυτὰ
909 4323 1067 4394 εἶναι,
1124 4320 1252 4377 ἀλλ’
1311 4323 1363 4378 ἐν
1420 4329 1539 4385 ταῖς
1600 4322 1806 4386 οὐσίαις
1862 4325 1960 4392 τήν

305 4413 532 4492 ὕπαρξιν
565 4411 784 4490 ἔχοντα.

379 4523 445 4586 θ’.
476 4519 678 4583 Mdvch
733 4520 826 4592 μὶν
887 4517 981 4574 οὖν
1037 4520 1154 4584 γαθ’
1202 4519 1562 4593 ὑποκειμένου
1617 4517 1829 4596 λέγεται
1875 4519 1964 4575 καί

306 4609 420 4686 οὐχ
476 4607 808 4683 ὑποκείμενα
860 4609 928 4663 τὰ
972 4607 1210 4664 καθόλου
1282 4611 1390 4662 τῶν
1475 4610 1806 4686 πραγμάτων
1871 4610 1961 4664 καὶ

307 4698 660 4777 γενικώτατα.
737 4701 911 4752 Ταῦτα
975 4698 1080 4774 γὰρ
1153 4702 1579 4773 κατηγοροῦνται
1655 4698 1840 4772 μόνον,
1900 4697 1962 4753 ού

2075 3527 2276 3566 ramus
2307 3525 2509 3564 eorum
2541 3525 2666 3579 quae
2698 3511 2836 3562 sunt
2867 3506 2980 3562 alia
3000 3506 3718 3579 praedicaridealiquibus‘,

2075 3597 2190 3654 alia
2219 3614 2334 3653 non
2365 3596 2664 3668 pradicari
2697 3597 2768 3651 de
2798 3595 3115 3666 aliquibus.

2145 3706 2199 3759 8.
2232 3704 2378 3759 Cum
2428 3720 2562 3759 vero
2610 3702 2881 3770 dicimus,
2915 3717 3117 3757 eorum
3165 3718 3292 3774 quas
3340 3702 3413 3758 de
3459 3703 3723 3775 subjecto

2075 3793 2370 3863 dicuntur,
2402 3792 2517 3848 alia
2544 3791 2604 3846 in
2635 3791 2895 3862 subjecto
2925 3789 3194 3857 esse,a1ia
3222 3791 3282 3844 in
3313 3790 3574 3862 subjecto
3600 3808 3716 3848 non

2074 3897 2203 3938 esse
2237 3881 2393 3935 :ohoc
2423 3880 2895 3952 pronuntiamus,
2920 3894 3120 3934 eorum
3150 3895 3278 3950 quaa
3308 3879 3717 3951 praedicantur,

2074 3969 2274 4026 aliain
2324 3969 2458 4025 aliis
2490 3986 2605 4024 non
2655 3969 2868 4024 habere
2896 3968 3297 4024 exsistentiam
3349 3969 3718 4040 (substantia!

2073 4059 2230 4115 enim
2261 4063 2404 4114 sunt
2448 4075 2542 4114 res
2571 4074 2673 4130 per
2702 4075 2763 4112 se
2813 4057 3160 4113 exsistentes
3211 4073 3316 4112 nec
3346 4056 3595 4114 aliorum
3644 4060 3718 4115 ad

2073 4148 2166 4204 sui
2195 4147 2673 4203 constitutionem
2721 4145 3095 4217 indigentes),
3129 4143 3244 4200 alia
3291 4145 3349 4200 in
3409 4145 3538 4203 aliis
3590 4163 3718 4204 esse

2072 4237 2305 4292 habere.
2337 4235 2674 4291 Accidentia
2715 4235 2870 4290 enim
2906 4239 3046 4290 sunt
3072 4251 3198 4306 quae
3230 4250 3333 4306 per
3361 4250 3423 4290 se
3447 4251 3575 4291 esse
3603 4251 3718 4292 non

2073 4318 2341 4396 possunt,
2375 4326 2476 4380 sed
2508 4323 2566 4379 in
2600 4323 2949 4380 substantiis
2978 4323 3378 4379 exsistentiam
3409 4322 3645 4380 habent.

2141 4522 2195 4575 9.
2225 4521 2479 4576 Tantum
2513 4518 2692 4590 igitur
2720 4518 2792 4574 de
2821 4518 3083 4587 subjecto
3113 4515 3390 4572 dicuntur
3436 4521 3494 4573 et
3519 4518 3719 4590 subje-

2072 4613 2164 4665 cta
2196 4626 2311 4665 non
2329 4613 2488 4673 sunt,
2522 4625 2614 4663 res
2645 4605 2999 4663 universales
3028 4609 3086 4661 et
3113 4604 3586 4677 generalissimaa.
3620 4607 3716 4662 Has

2071 4699 2228 4755 enim
2277 4697 2664 4770 pradicantur
2707 4700 2958 4764 tantum,
2992 4711 3097 4750 nec
3124 4711 3256 4749 vero
3307 4695 3484 4752 etiam
3529 4695 3714 4766 subji-

311 4789 426 4862 μὴν
483 4785 574 4842 καὶ
632 4785 960 4842 ὑπόκεινται.
993 4784 1067 4840 Οὐ
1123 4787 1238 4840 καθ’
1287 4787 1640 4860 ὑποκειμένου
1699 4786 1758 4842 δέ
1805 4787 1956 4860 εἰσιν,

2083 4787 2324 4844 :iuntur.
2355 4786 2477 4841 Non
2507 4790 2700 4840 autem
2731 4786 2803 4839 de
2833 4784 3092 4853 subjecto
3125 4786 3286 4851 sunt,
3317 4783 3418 4838 sed
3450 4783 3717 4856 subjecta

307 4874 440 4932 ἀλλ’
497 4874 822 4949 ὑποκείμενα
900 4870 1096 4948 μόνως,
1157 4872 1416 4945 δηλονότι
1470 4875 1537 4929 τὰ
1593 4876 1790 4950 μερικά
1854 4881 1962 4931 τῶν

307 4963 650 5041 πραγμάτων
732 4964 824 5020 καὶ
889 4961 1088 5037 ἄτομα,
1147 4960 1237 5018 διὰ
1293 4964 1356 5018 τὸ
1414 4965 1490 5037 μή
1541 4966 1959 5040 κατηγορεῖσθαι

307 5073 496 5112 τινων.
553 5053 725 5127 Ὀμοῦ
782 5049 841 5108 δὲ
884 5058 1002 5116 καθ’
1075 5049 1433 5125 ὑποκειμένου
1487 5073 1548 5106 τε
1602 5053 1692 5107 καὶ
1750 5053 1962 5108 ὑποκεί-

315 5161 455 5217 μενα
480 5140 692 5218 λέγεται
735 5142 802 5196 τὰ
848 5138 1171 5196 εἰδικώτατα
1217 5136 1334 5209 εἷ’δη
1393 5141 1483 5195 καὶ
1538 5141 1607 5196 τὰ
1664 5140 1962 5212 ὑπάλληλα

307 5230 468 5306 γὲν-η’
502 5230 579 5293 ὡς
611 5227 800 5287 ἄλλων
847 5231 939 5304 μὶν
999 5225 1129 5285 ὄντα
1171 5228 1579 5306 καθολικώτερα
1624 5231 1714 5285 καὶ
1772 5228 1958 5286 ἄλλων

305 5317 376 5376 αὖ
428 5320 786 5396 μερικώτερα·
819 5320 910 5375 καὶ
947 5324 1064 5381 τοῖς
1124 5319 1219 5392 μὲν
1276 5317 1456 5373 ἐπάνω
1521 5318 1695 5373 αὐτῶν
1745 5319 1959 5374 ὑποκεί-

313 5429 464 5485 μενα,
488 5412 597 5465 τῶν
627 5406 673 5464 δ’
705 5409 960 5465 ὑποκάτω
991 5406 1459 5484 κατηγορούμενα.

382 5518 435 5574 ι’.
471 5513 649 5586 Δῆλον
694 5516 934 5581 ἐντεῦθεν
993 5516 1066 5578 ὡς
1122 5515 1240 5580 καθ’
1298 5515 1678 5589 ὑποκειμένου,
1717 5517 1806 5572 καὶ
1864 5516 1962 5572 οὐκ

307 5607 366 5664 ἰν
415 5603 760 5681 ὑποκειμένῳ
808 5604 948 5661 ἐστὶν
979 5607 1016 5675 ἡ
1047 5602 1458 5682 καθολικωτὲρα
1514 5603 1687 5662 οὐσία.
1721 5605 1794 5661 Ού
1841 5607 1960 5670 καθ’

313 5695 699 5771 ὑποκειμένου,
765 5694 856 5751 καὶ
929 5692 1028 5752 οὐκ
1096 5691 1148 5749 ἐν
1226 5693 1589 5768 ὑποκειμένῳ,
1646 5697 1680 5765 ἡ
1765 5695 1958 5770 μερική

318 5784 475 5842 οὐσία
525 5783 617 5840 καὶ
665 5779 888 5857 ἄτομος.
920 5783 1048 5847 Καθ’
1081 5782 1463 5854 ὑποκειμένου,
1505 5782 1593 5836 καὶ
1653 5783 1704 5837 ἐν
1751 5783 1962 5836 ὑποκει-

321 5875 490 5953 μὺνῳ,
548 5875 612 5932 16
668 5871 957 5930 καθολικὸν
1024 5865 1390 5946 συμϐεϐηκός.
1450 5870 1524 5926 Οὐ
1574 5872 1691 5926 καθ’
1744 5871 1959 5924 ὑποκει-

2069 4881 2322 4942 tantum,
2353 4891 2446 4930 res
2496 4879 2636 4945 puta
2682 4871 3060 4944 particulares
3108 4875 3166 4926 et
3216 4870 3548 4940 individuis,
3580 4889 3713 4945 pro-

2071 4970 2268 5037 pterea
2313 4965 2468 5034 quod
2500 4965 2570 5018 de
2620 4961 2914 5032 aliquibus
2945 4977 3061 5014 non
3113 4960 3267 5015 138
3300 4960 3711 5030 prasdicantur.

2068 5053 2252 5108 Simul
2302 5057 2494 5108 autem
2521 5056 2578 5107 et
2630 5052 2701 5106 de
2728 5051 2989 5120 subjecto
3020 5052 3077 5104 et
3125 5049 3389 5118 subjecta
3438 5049 3715 5106 dicuntur

2068 5141 2292 5214 species
2326 5139 2746 5212 specialissima
2776 5142 2832 5192 et
2860 5135 3198 5193 subalterna
3225 5153 3459 5210 genera,
3492 5143 3557 5195 ut
3586 5156 3714 5213 qua:

2071 5232 2191 5286 sint
2232 5229 2362 5284 aliis
2411 5228 2646 5300 quidem
2700 5225 3119 5281 universaliora
3170 5231 3228 5282 et
3274 5226 3534 5284 vicissim
3585 5229 3715 5286 aliis

2069 5317 2444 5391 particularia
2493 5336 2506 5385 ;
2569 5321 2628 5372 et
2683 5316 3051 5387 superiorum
3112 5314 3349 5387 quidem
3429 5316 3714 5389 subjecta,

2071 5407 2412 5464 inferiorum
2444 5410 2637 5462 autem
2665 5403 2994 5477 pradicata.

2143 5513 2230 5568 40.
2265 5512 2429 5568 Unde
2482 5512 2857 5567 manifestum
2901 5515 2990 5567 est
3037 5511 3106 5566 de
3136 5510 3400 5582 subjecto
3444 5511 3604 5585 (dici)
3661 5517 3720 5569 et

2070 5619 2185 5658 non
2216 5618 2343 5657 esse
2391 5602 2451 5656 in
2482 5602 2746 5673 subjecto
2777 5599 3164 5656 substantiam
3214 5599 3711 5658 universaliorem.

2067 5693 2193 5748 Non
2224 5691 2296 5746 de
2343 5691 2604 5762 subjecto
2643 5689 2802 5759 (dici)
2852 5693 2908 5743 et
2956 5705 3072 5744 non
3121 5689 3180 5743 in
3227 5689 3491 5760 subjecto
3538 5691 3712 5764 (esse)

2068 5779 2480 5852 particularem
2527 5785 2585 5834 et
2611 5778 2974 5834 individuam
3007 5777 3417 5835 substantiam.
3453 5780 3530 5834 De
3567 5779 3711 5836 sub-

2062 5871 2216 5941 jecto
2265 5869 2428 5941 (dici)
2461 5873 2518 5925 et
2561 5869 2621 5925 in
2651 5867 2913 5938 subjecto
2963 5865 3133 5938 (esse)
3184 5866 3508 5923 universale
3555 5869 3707 5924 acci-
