4096 6444
441 490 558 554 791

1691 489 2111 552 NICEPHORI
2157 489 2599 552 BLEMMIDE

3717 493 3818 554 792

443 624 609 682 dens.
641 622 766 680 Non
815 623 886 680 de
916 623 1178 694 subjecto
1228 622 1388 695 (dici)
1418 622 1560 678 etin
1611 623 1873 694 subjecto
1913 623 2086 692 (esse)

2237 621 2368 677 ιένου
2429 622 2515 677 καὶ
2577 621 2628 677 ἐν
2710 621 3051 693 ὑποκειμένῳ
3107 619 3171 675 τὸ
3233 617 3448 695 μερικὸν
3504 619 3591 676 καὶ
3638 618 3818 695 ἄτομον

443 712 796 787 particulare
821 716 877 768 et
902 712 1269 768 individuum
1303 713 1593 768 accidens.

516 803 602 859 41.
637 802 860 865 Quibus
883 801 964 856 ita
990 801 1283 856 distinctis
1323 817 1426 856 ens
1448 807 1549 856 aut
1572 802 1629 856 in
1675 803 1938 873 subjecto
1985 807 2095 870 est,

446 895 548 949 aut
578 908 695 947 non
747 896 837 946 est
869 891 926 945 in
957 891 1239 962 subjecto.
1272 891 1433 957 Quod
1467 891 1512 946 si
1562 892 1798 962 quidem
1830 892 2009 963 igitur
2037 892 2095 946 in

446 981 712 1053 subjecto
743 997 859 1036 non
891 979 1482 1048 fuerit,substantiam
1515 980 1728 1046 efﬁcit;
1755 982 1844 1035 sin
1867 981 1924 1035 in
1958 982 2096 1036 sub-

439 1070 596 1142 jecto
642 1073 750 1137 est,
783 1072 884 1124 aut
915 1085 1028 1124 non
1079 1073 1169 1123 est
1199 1085 1300 1140 per
1343 1086 1425 1137 se,
1458 1074 1561 1124 aut
1607 1075 1695 1124 est
1726 1087 1826 1139 per
1874 1087 1954 1125 se.
1987 1072 2095 1125 Sed

447 1157 741 1231 siquidem
773 1174 873 1230 per
905 1174 966 1212 se
996 1162 1105 1222 est,
1137 1162 1236 1212 aut
1270 1159 1327 1212 in
1361 1166 1552 1228 partes
1584 1174 1697 1212 non
1732 1158 2011 1212 dividitur
2039 1163 2096 1214 et

453 1251 746 1320 quantum
798 1245 1012 1313 efﬁcit;
1048 1250 1148 1300 aut
1199 1246 1257 1300 in
1313 1251 1506 1317 partes
1551 1264 1665 1300 non
1710 1247 2008 1314 dividitur,
2042 1253 2100 1302 et

449 1335 621 1410 quale
669 1334 991 1391 constituit.
1026 1336 1186 1400 Quod
1213 1334 1262 1390 si
1293 1351 1425 1389 vero
1458 1352 1560 1406 per
1610 1352 1671 1389 se
1701 1353 1814 1390 non
1857 1341 1964 1402 est,
1999 1341 2099 1390 aut

447 1425 729 1481 habitudo
758 1428 988 1480 tantum
1020 1428 1128 1488 est,
1161 1427 1217 1478 et
1248 1424 1429 1478 efﬁcit
1458 1441 1525 1478 ea
1552 1441 1678 1495 quae
1710 1431 1848 1478 sunt
1879 1426 1946 1479 ad
1982 1423 2094 1479 ali-

450 1513 722 1586 quid.aut
751 1513 1075 1568 secundum
1103 1511 1349 1568 aliorum
1383 1512 1788 1568 habitudinem
1822 1513 2095 1584 intelligi-

446 1607 546 1660 tur
572 1607 628 1658 et
656 1619 756 1658 sex
784 1601 1010 1672 reliqua
1040 1602 1489 1672 praedicamenta
1541 1603 1736 1657 efﬁcit.
1773 1602 2097 1657 Pulcherri-

450 1707 616 1748 mum
686 1691 844 1746 enim
901 1697 958 1746 et
1035 1691 1292 1762 primum
1351 1691 1505 1746 184
1579 1692 2097 1763 praedicamentum

449 1781 814 1848 substantiae,
842 1795 976 1835 cum
1006 1785 1224 1851 quanto
1257 1780 1580 1851 quidem,~:6
1609 1781 1706 1835 ubi
1738 1787 1795 1835 et
1823 1781 2079 1851 quando:

2203 706 2548 783 συμϐεϐηκός
2565 754 2575 764 .

2282 808 2363 855 ια’.
2397 799 2608 854 Τούτων
2670 799 2812 855 οὕτω
2862 797 3310 875 διακεκριμένων,
3341 799 3402 852 τὸ
3449 795 3573 866 ὃνῆ
3617 797 3664 852 έν
3712 799 3821 855 ὑπο-

2205 888 2438 961 κειμένῳ
2481 889 2644 956 ἐστὶν,
2674 889 2708 958 ἢ
2743 889 2842 944 οὐκ
2881 889 2930 943 ἐν
2966 889 3329 961 ὑποκειμένῳ.
3363 886 3426 942 Ei
3482 889 3574 958 μὲν
3622 885 3705 941 οὖν
3759 891 3820 959 μὴ

2206 977 2257 1030 έν
2321 978 2655 1050 ὑποκειμένῳ
2710 976 2946 1048 εἶή,τὴν
3007 977 3188 1031 οὐσίαν
3249 981 3413 1030 ποιεῖ’
3451 976 3497 1030 εἰ
3555 974 3599 1030 δ’
3638 977 3684 1030 ὲν
3711 977 3821 1032 ὑπο-

2205 1066 2460 1138 κειμένῳ.
2501 1063 2538 1134 ἤ
2579 1067 2639 1121 οὐ
2689 1068 2805 1130 καθ’
2857 1065 2985 1120 αὐτό
3028 1066 3192 1131 ἐστιν,
3222 1063 3258 1134 ἤ
3316 1066 3433 1127 καθ’
3492 1064 3638 1121 αὑτό.
3690 1063 3822 1120 Ἀλλ’

2208 1155 2251 1208 εἰ
2288 1157 2379 1226 μὲν
2407 1157 2521 1210 καθ’
2566 1157 2716 1225 αὑτὸ,
2739 1154 2774 1224 ἤ
2811 1155 3061 1228 μεριστόν
3095 1154 3207 1209 ἐστι
3253 1155 3341 1208 καὶ
3375 1158 3523 1209 ποιεῖ
3559 1155 3618 1207 τὸ
3662 1155 3822 1227 ποσὸν,

2205 1243 2239 1312 ἢ
2275 1244 2560 1318 ἀμέριστον
2592 1245 2680 1299 καὶ
2738 1250 2885 1298 ποιεῖ
2925 1245 2986 1298 τὸ
3034 1244 3208 1298 ποιόν.
3243 1244 3306 1298 Εἰ
3339 1241 3384 1297 δ’
3416 1243 3478 1298 οὐ
3535 1245 3649 1307 καθ’
3699 1245 3823 1310 αὑτὸ,

2206 1333 2450 1407 ἢσχέσις
2505 1333 2666 1406 μόνον
2729 1334 2839 1386 ἐστὶ
2895 1333 2984 1387 καὶ
3038 1338 3186 1386 ποιεῖ
3230 1334 3296 1386 τά
3354 1332 3490 1408 πρός
3543 1333 3678 1402 τι,ἢ
3715 1332 3828 1387 κατὰ

2208 1423 2390 1496 σχέσιν
2452 1420 2637 1476 ἄλλων
2693 1429 2916 1492 νοεῖται,
2974 1422 3063 1476 καὶ
3147 1427 3296 1476 ποιεῖ
3367 1423 3462 1482 τὰς
3552 1421 3736 1482 λοιπὰς
3784 1421 3828 1492 ’ἐξ

2206 1510 2552 1586 κατηγορίας.
2587 1516 2646 1566 Ἡ
2674 1511 2774 1586 γάρ
2820 1510 3090 1580 καλλίστη
3141 1511 3228 1565 καὶ
3283 1511 3474 1586 πρώτη
3531 1513 3634 1563 τῶν
3687 1529 3831 1578 κατη-

2207 1604 2408 1675 γοριῶν
2441 1599 2596 1654 ούσία
2630 1602 2761 1672 μετὰ
2796 1601 2887 1672 μὲν
2918 1603 3016 1655 τοῦ
3066 1603 3237 1654 ποσοῦ
3279 1604 3442 1673 γεννᾷ
3488 1599 3547 1652 τὸ
3604 1602 3702 1652 ποῖ)
3747 1601 3832 1652 καὶ

2206 1690 2267 1742 τὸ
2322 1689 2472 1743 πότε’
2535 1692 2667 1762 μετὰ
2721 1687 2777 1744 δὲ
2830 1694 2926 1743 τοῦ
2975 1693 3137 1743 ποιοῦ
3195 1689 3256 1743 τὸ
3312 1693 3488 1742 ποιεῖν
3518 1686 3607 1742 καί
3634 1688 3692 1741 τὸ
3742 1686 3828 1741 πά-

2209 1796 2380 1852 σχειν”
2420 1778 2552 1850 μετᾶ
2582 1775 2639 1833 δὲ
2661 1784 2757 1832 τοῦ
2789 1778 2924 1852 πρός
2955 1799 3010 1832 τι
3049 1778 3112 1832 τὸ
3157 1774 3302 1852 ἔχειν
3367 1778 3460 1831 καὶ
3518 1777 3577 1830 τὸ
3629 1778 3834 1830 κεῖσθαιο

453 1887 589 1928 cum
639 1868 799 1942 quali
847 1873 1066 1938 autem,
1097 1868 1160 1920 τὸ
1213 1885 1382 1940 agere
1413 1873 1468 1924 et
1522 1869 1681 1941 pati;
1718 1886 1851 1924 cum
1901 1870 1973 1926 iis
2005 1869 2256 1941 denique
2306 1886 2432 1941 qua:
2464 1874 2600 1924 sunt
2646 1872 2717 1925 ad
2762 1868 3007 1940 aliquid,
3041 1868 3102 1921 τὸ
3151 1867 3366 1924 habere
3396 1872 3454 1923 et
3499 1867 3674 1923 situm
3720 1883 3835 1924 esse

453 1959 744 2033 producit.

528 2065 614 2122 12.
649 2068 838 2135 Atque
888 2064 1008 2120 haec
1039 2068 1178 2119 sunt
1225 2064 1425 2119 decem
1475 2063 1944 2136 praedicamenta,
1978 2083 2105 2137 quae
2136 2068 2182 2132 B

455 2153 656 2210 omnia
685 2157 825 2208 sunt
853 2151 1165 2224 simplicia.

529 2243 616 2298 13.
648 2241 771 2298 Etsi
801 2242 957 2297 enim
989 2242 1323 2297 substantia
1353 2258 1486 2296 cum
1520 2243 1753 2312 quando
1786 2243 2020 2314 quidem
2045 2243 2107 2295 τὸ

457 2331 560 2388 ubi
591 2335 648 2386 et
693 2329 757 2384 τὸ
789 2331 1021 2402 quando
1048 2356 1062 2397 ;
1095 2347 1226 2385 cum
1279 2331 1437 2402 quali
1487 2348 1621 2386 vero
1649 2331 1710 2384 τὸ
1743 2349 1914 2404 agere
1963 2337 2021 2388 et
2047 2331 2109 2384 τὸ

458 2421 619 2492 pati;
660 2435 795 2475 cum
847 2419 922 2475 iis
971 2419 1222 2491 denique
1269 2436 1396 2491 quis
1444 2425 1583 2475 sunt
1634 2421 1702 2476 ad
1756 2421 2002 2492 aliquid.
2049 2422 2110 2473 τὸ

460 2511 676 2568 habere
705 2513 764 2563 et
814 2508 992 2564 situm
1023 2524 1152 2563 esse
1199 2507 1412 2562 dicitur
1442 2525 1842 2580 progenerare.
1895 2511 2111 2564 Praedi-

463 2601 867 2655 camentorum
897 2597 1127 2652 nullum
1157 2601 1246 2651 est
1283 2597 1691 2668 compositum.
1727 2597 1923 2668 Neque
1953 2599 2111 2652 enim

465 2687 528 2742 in
558 2685 684 2741 loco
713 2701 842 2741 esse
891 2690 992 2740 aut
1021 2685 1079 2739 in
1111 2689 1373 2756 tempore
1403 2702 1550 2752 esse,
1585 2690 1687 2740 aut
1714 2686 1827 2741 tale
1869 2686 2111 2758 aliquid,

467 2775 987 2850 praedicamentum
1023 2789 1151 2830 esse
1180 2775 1635 2846 (compositum).
1670 2775 1985 2846 Eapropter
2015 2775 2118 2848 igi-

467 2867 567 2920 tur
623 2863 820 2935 aliqua
886 2863 1336 2934 praedicamenta
1395 2863 1734 2918 nominibus
1811 2865 2116 2919 inﬁnitivis

466 2957 808 3025 nuncupata
845 2956 1020 3019 sunt;
1053 2950 1116 3004 τὸ
1145 2968 1314 3024 agere
1346 2955 1400 3006 et
1427 2953 1544 3023 pati
1576 2956 1632 3006 et
1662 2952 1838 3008 situm
1888 2970 2013 3008 esse
2045 2968 2118 3008 ne

467 3057 751 3114 personas
774 3041 1126 3097 assumendo
1157 3039 1641 3112 compositionem
1665 3040 1921 3112 aliquam
1951 3042 2118 3096 indu-

475 3134 692 3188 cerent.

543 3220 626 3274 14.
660 3218 872 3276 Omnia
901 3218 1066 3290 proin
1099 3217 1549 3290 praedicamenta
1579 3218 1875 3291 simplices
1899 3225 1956 3274 et
1988 3221 2117 3275 uni-

468 3307 726 3364 versales
754 3323 924 3364 voces
971 3311 1128 3376 sunt,
1164 3325 1289 3379 quae
1334 3307 1630 3378 simplices
1658 3313 1715 3363 et
1762 3309 2120 3364 universales

469 3413 563 3454 res
594 3412 698 3470 per
727 3397 950 3453 medios
997 3395 1291 3468 simplices
1317 3400 1374 3451 et
1403 3397 1757 3452 universales
1806 3403 2120 3471 conceptus

2288 2064 2376 2137 ιβ’.
2411 2063 2508 2118 Καὶ
2557 2063 2710 2118 αὗταί
2757 2063 2886 2118 εἰσιν
2941 2063 2995 2117 αἱ
3039 2060 3165 2118 δέκα
3213 2060 3556 2138 κατηγορίαι·
3589 2067 3740 2117 πᾶσαι
3791 2057 3838 2115 δὲ

2218 2154 2545 2228 τυγχάνουσι
2580 2152 2769 2208 ἁπλαῖ.

2294 2243 2379 2315 ιγ’.
2435 2241 2536 2296 Κᾶν
2596 2243 2698 2316 γάρ
2766 2243 3055 2318 ἀπογεννᾷν
3115 2242 3150 2309 ἡ
3213 2239 3367 2295 οὐσία
3426 2239 3669 2316 λέγηται,
3727 2239 3843 2310 μετὰ

2223 2331 2316 2401 μὲν
2375 2335 2471 2385 τοῦ
2526 2335 2698 2385 ποσοῦ
2753 2331 2816 2384 τὸ
2873 2335 2978 2385 ποῦ
3037 2327 3217 2384 καίτὸ
3270 2329 3420 2384 πότε·
3481 2331 3613 2402 μετὰ
3660 2325 3713 2383 δὲ
3761 2332 3842 2382 τοῦ

2220 2424 2400 2491 ποιοῦ,
2438 2420 2498 2473 τὸ
2538 2425 2711 2474 ποιεῖν
2746 2420 2833 2474 καὶ
2881 2421 2944 2474 τὸ
2987 2420 3239 2495 πάσχειν·
3295 2419 3428 2491 μετά
3482 2416 3539 2473 δὲ
3575 2423 3676 2472 τῶν
3729 2415 3843 2492 πρός

2219 2530 2292 2579 τι,
2323 2508 2384 2562 τὸ
2415 2506 2558 2584 ἔχειν
2590 2507 2679 2563 καί
2717 2508 2778 2563 τὸ
2807 2510 3032 2563 κεῖσθαι.
3080 2506 3235 2564 Ἀλλ’
3266 2505 3497 2580 οὐδεμία
3551 2511 3652 2561 τῶν
3698 2527 3843 2574 κατη-

2222 2602 2420 2672 γοριῶν
2479 2597 2728 2662 σύνθετός
2788 2597 2948 2654 ἐστιν.
3001 2594 3137 2651 Οὐδὲ
3181 2598 3284 2672 γάρ
3339 2596 3643 2671 κατηγορία
3692 2594 3751 2649 τὸ
3801 2592 3843 2647 έν

2221 2686 2375 2758 τόπῳ
2431 2687 2650 2758 εἴναι,ἤ
2707 2687 2770 2740 τὸ
2828 2686 2878 2740 ἐν
2939 2685 3126 2761 χρόνῳ
3167 2684 3321 2755 εἶναι,
3365 2685 3399 2753 ἢ
3464 2683 3603 2740 ἄλλο
3658 2704 3706 2736 τι
3757 2686 3846 2737 τῶν

2225 2774 2507 2832 τοιούτων.
2564 2777 2660 2830 Διά
2733 2780 2892 2830 τοῦτο
2951 2775 3040 2828 καὶ
3122 2773 3379 2846 ὀνόμασιν
3469 2770 3846 2849 άπαρεμφάτοις

2226 2869 2330 2918 τῶν
2413 2869 2755 2940 κατηγοριῶν
2832 2885 2976 2926 τινες
3059 2863 3472 2934 ὠνομάσθησαν
3550 2863 3612 2916 τὸ
3694 2865 3842 2914 ποιεῖν

2229 2951 2441 3023 δηλαδὴ
2474 2953 2561 3007 καὶ
2590 2955 2652 3008 τὸ
2682 2955 2910 3029 πάσχειν
2957 2953 3044 3007 καὶ
3093 2952 3153 3007 τὸ
3198 2950 3343 3028 ἔχειν
3390 2951 3482 3006 καὶ
3530 2951 3592 3005 τὸ
3642 2954 3844 3012 κεῖσθαι·

2222 3040 2315 3096 ’ίνα
2357 3043 2432 3115 μὴ
2481 3047 2560 3114 τῷ
2607 3042 2922 3118 ἐφέλκεσθαι
2969 3041 3234 3116 πρόσωπα
3281 3039 3519 3105 σύνθεσίν
3564 3061 3680 3094 τινα
3724 3038 3846 3094 εἱσα-

2229 3131 2467 3206 γάγωσιν
2482 3174 2494 3188 .

2307 3218 2386 3277 ιδ’.
2439 3226 2608 3276 Πᾶσαι
2657 3221 2836 3274 τοίνυν
2888 3221 2942 3274 αἱ
2991 3219 3312 3295 κατηγορίαι
3360 3216 3535 3274 ἁπλαῖ
3575 3217 3661 3272 καὶ
3707 3216 3850 3270 καθο-

2234 3309 2381 3364 λικαὶ
2440 3310 2611 3386 φωναί
2671 3310 2824 3376 εἰσιν,
2875 3307 3024 3364 ἁπλᾶ
3068 3309 3157 3362 καὶ
3203 3307 3471 3363 καθολικά
3527 3306 3855 3380 σημαίνουσαι

2232 3398 2525 3474 πράγματα
2566 3396 2654 3453 διὰ
2705 3398 2878 3471 μέσων
2933 3395 3122 3452 ἁπλῶν
3171 3397 3260 3452 καὶ
3306 3397 3616 3461 καθολικῶν
3673 3393 3856 3466 νοημά-

470 3483 827 3558 signiﬁcant.

2237 3508 2365 3542 των.

545 3591 630 3645 15.
667 3590 955 3647 Diﬂ‘erunt
983 3595 1177 3646 autem
1208 3610 1242 3647 a
1271 3593 1532 3664 quinque
1561 3593 1984 3665 vocibus,quod
2008 3594 2130 3650 haec

475 3678 713 3752 quidem
763 3680 1209 3752 praedicamenta
1250 3681 1320 3736 de
1370 3682 1544 3737 rebus
1595 3683 1944 3737 naturaliter
1991 3684 2131 3739 effe-

476 3772 692 3824 runtur
737 3769 879 3824 dum
912 3786 1108 3825 rerum
1159 3775 1401 3826 naturas
1449 3771 1786 3842 signiﬁcant
1829 3791 1842 3839 ;
1878 3777 2131 3843 suntque

474 3872 644 3912 voces
673 3861 1015 3913 naturarum
1051 3859 1454 3928 praedicativaz,
1477 3859 1598 3914 sive
1627 3866 1944 3932 conceptus
1975 3862 2128 3917 135

476 3943 578 4018 qui
608 3945 680 4000 de
708 3946 885 4000 rebus
917 3947 1260 4002 naturaliter
1289 3948 1584 4002 dicuntur.
1613 3953 1924 4021 Pr0pterea
1954 3955 2129 4006 etiam

478 4033 932 4106 praedicamenta
962 4037 1193 4107 prOprie
1241 4042 1444 4092 vocata
1473 4043 1630 4092 sunt.
1666 4038 1934 4110 Quinque
1965 4057 2130 4095 voces

478 4122 756 4178 dicuntur
785 4123 1056 4194 equidem
1089 4130 1146 4178 et
1174 4125 1313 4196 ipsae
1347 4125 1691 4196 simpliciter
1733 4127 2132 4198 praedicativaa,

479 4216 772 4284 quatenus
805 4212 1204 4284 signiﬁcativae
1254 4219 1429 4280 sunt;
1463 4219 1859 4272 verumtamen
1893 4221 2131 4271 naturas

479 4317 676 4357 rerum
709 4317 823 4355 non
876 4301 1228 4372 signiﬁcant,
1263 4320 1445 4372 neiue
1493 4304 1563 4358 de
1601 4319 1795 4358 rerum
1847 4305 2131 4360 exsisten-

477 4389 562 4444 tia
588 4389 932 4445 eil‘eruntur.
968 4390 1036 4444 Et
1086 4395 1392 4463 propterea
1421 4392 1652 4464 proprie
1683 4409 1797 4447 non
1845 4394 2130 4464 obtinent,

479 4481 546 4534 ut
573 4478 966 4550 praedicativaa
1017 4495 1206 4546 voces,
1241 4481 1337 4536 sed
1375 4480 1720 4552 simpliciter
1769 4499 1935 4537 voces
1967 4483 2085 4538 sint
2117 4502 2129 4537 :

481 4571 799 4639 conceptus
831 4569 1113 4623 nimirum
1145 4569 1518 4640 signiﬁcativi
1542 4571 1640 4642 qui
1674 4571 1732 4624 in
1759 4573 2134 4643 conceptibus

479 4656 953 4724 considerantur,
990 4657 1077 4712 his
1109 4658 1206 4729 qui
1241 4659 1310 4713 de
1340 4674 1535 4713 rerum
1566 4659 1807 4714 entitate
1837 4659 2131 4715 dicuntur.

483 4747 850 4817 Quapropter
880 4745 1193 4802 rationales
1223 4747 1417 4818 potius
1451 4748 1868 4819 fuerint,quam
1919 4750 2130 4821 praedi-

490 4834 686 4890 cativae
718 4835 949 4906 (voces).
2167 4837 2214 4902 D

555 4923 642 4976 16.
674 4925 1179 4986 Quemadmodum
1233 4925 1388 4979 enim
1421 4925 1480 4980 in
1534 4927 1766 4982 entibus
1820 4933 2133 5000 conceptus

481 5010 712 5081 proprie
744 5012 1092 5080 praedicativi
1127 5014 1502 5069 inveniuntur
1523 5015 1682 5086 (nam
1713 5021 1770 5071 et
1799 5017 2133 5073 substantia

482 5097 840 5168 conspicitur
890 5099 948 5154 in
983 5102 1158 5156 rebus
1210 5107 1266 5157 et
1294 5109 1578 5175 quantum
1629 5109 1686 5159 et
1716 5104 1886 5176 quale
1917 5112 1972 5161 et
2023 5123 2130 5160 cae-

480 5188 630 5252 tera)
650 5187 921 5242 eumdem
955 5190 1025 5243 ad
1059 5192 1297 5245 modum
1335 5193 1389 5246 in
1423 5193 1711 5263 ejusmodi
1746 5195 2131 5264 pradicativis

483 5274 889 5346 conceptibus.
937 5278 1249 5333 rationales
1298 5279 1381 5334 hae
1434 5299 1600 5337 voces
1666 5283 2128 5338 considerantur.

482 5361 629 5417 Nam
660 5367 717 5416 et
743 5361 803 5415 in
836 5364 1167 5419 substantia
1198 5383 1383 5437 genus
1416 5374 1471 5422 et
1502 5372 1724 5439 species
1754 5375 1811 5425 et
1856 5371 2132 5425 differen-

2313 3595 2389 3650 ιε’.
2424 3594 2742 3671 Διαφέρουσι
2804 3590 2861 3647 δὲ
2932 3597 3039 3647 τῶν
3111 3591 3264 3648 πέντε
3316 3597 3538 3669 φωνῶν,
3597 3589 3678 3646 ὅτι
3728 3586 3861 3644 αὗται

2243 3683 2336 3755 μὲν
2387 3683 2441 3736 αἱ
2489 3682 2812 3757 κατηγορίαι
2861 3682 2994 3737 κατὰ
3053 3681 3386 3758 πραγμάτων
3443 3681 3690 3759 φέρονται
3733 3697 3864 3755 φυσι-

2239 3776 2371 3841 κῶς,
2451 3770 2634 3848 φύσεις
2735 3772 3066 3846 πραγμάτων
3141 3771 3523 3843 σημαίνουσαι·
3609 3768 3696 3823 καὶ
3774 3763 3857 3818 εἰσὶ

2240 3861 2410 3937 φωναὶ
2460 3859 2812 3934 κατηγορικαὶ
2869 3859 3102 3936 φύσεων,
3139 3856 3264 3927 ἤτοι
3323 3856 3480 3933 λόγοι
3539 3858 3671 3912 κατὰ
3722 3873 3866 3930 πραγ-

2244 3951 2423 4022 μάτων
2495 3948 2781 4022 λεγόμενοι
2834 3954 3092 4026 φυσικῶς.
3146 3949 3242 4003 Διὰ
3305 3951 3467 4001 τοῦτο
3516 3946 3605 4000 καὶ
3661 3960 3868 4017 κατηγοι

2243 4039 2351 4114 ρίαι
2402 4037 2602 4112 κυρίως
2655 4036 2984 4107 ἐκλήθησαν.
3018 4038 3086 4091 A't
3135 4034 3192 4091 δὲ
3217 4037 3373 4090 πέντε
3417 4035 3588 4112 φωναὶ
3642 4031 3863 4107 λέγονται

2245 4127 2336 4199 μὶν
2395 4127 2484 4180 καὶ
2536 4127 2689 4180 αὗται
2747 4126 3101 4201 κατηγορικαὶ
3157 4123 3367 4195 ἁπλῶς,
3405 4125 3482 4186 ὡς
3541 4116 3860 4194 σημαντικαί³

2243 4215 2303 4269 οὐ
2379 4217 2484 4288 μὴν
2538 4214 2722 4292 φύσεις
2772 4214 3107 4289 πραγμάτων
3158 4213 3540 4286 σημαίνουσιν,
3581 4209 3700 4266 οὐδὲ
3750 4205 3863 4262 κατᾶ

2241 4305 2574 4379 πραγμάτων
2656 4302 2930 4376 ὑπάρξεως
2991 4304 3259 4380 φέρονται.
3349 4303 3446 4355 Καὶ
3526 4300 3658 4354 κατὰ
3726 4300 3861 4350 τοῦτο

2243 4391 2367 4446 οὐδὲ
2423 4392 2622 4468 κυρίως
2686 4391 2875 4466 ἔχουσι
2932 4391 2994 4446 τὸ
3058 4388 3412 4468 κατηγορικαί
3487 4389 3621 4443 εἶναι
3692 4382 3860 4464 φωναὶ,

2245 4479 2368 4535 ἀλλ’
2402 4479 2592 4542 ἁπλῶς
2649 4480 2840 4558 φωναί·
2898 4480 3050 4556 λόγοι
3107 4476 3363 4547 δηλονότι
3425 4473 3741 4551 σημαντικοί
3781 4474 3861 4538 τῆς

2243 4570 2376 4624 κατὰ
2458 4568 2791 4644 πραγμάτων
2901 4568 3210 4639 όντότητος,
3296 4565 3612 4643 λεγομένοις
3704 4561 3861 4637 λόγοις

2245 4657 2682 4733 ἐνῆεωρούμενοι.
2746 4659 2836 4713 Διὸ
2885 4657 2974 4712 καὶ
3041 4657 3258 4732 λογικαὶ
3339 4653 3552 4728 μᾶλλον
3625 4653 3722 4708 εἶεν
3792 4647 3860 4716 ἂν,

2243 4749 2276 4816 ἢ
2311 4745 2686 4822 κατηγορικαί.

2321 4928 2404 4989 ις’.
2440 4925 2687 5000 Καθάπερ
2752 4925 2853 5001 γὰρ
2903 4924 2954 4978 έν
2995 4930 3109 4986 τοῖς
3170 4921 3314 4978 οὖσιν
3370 4924 3423 4977 οἱ
3470 4920 3670 4998 κυρίως
3721 4935 3858 4981 κατη-

2243 5014 2454 5092 γορικοὶ
2513 5013 2671 5089 λόγοι
2732 5013 3065 5088 εὐρίσκονται
3127 5013 3236 5085 (καὶ
3291 5010 3445 5066 ούσία
3485 5011 3585 5086 γὰρ
3642 5007 3855 5081 ἐνορᾶται

2242 5111 2356 5166 τοῖς
2397 5104 2679 5177 πράγμασι
2720 5102 2809 5155 καὶ
2857 5103 3020 5155 ποσὸν
3071 5102 3160 5156 καὶ
3202 5101 3357 5156 ποιὸν
3405 5100 3494 5155 καὶ
3552 5099 3618 5154 τὰ
3672 5090 3854 5158 λοιπὰ),

2240 5195 2374 5248 κατά
2404 5194 2492 5246 τὸν
2527 5190 2685 5247 αὐτὸν
2716 5190 2914 5265 τρόπον
2950 5189 3003 5245 έτ
3034 5196 3147 5252 τοῖς
3175 5189 3442 5251 τοιούτοις
3483 5185 3856 5262 κατηγορικῶς,

2243 5284 2295 5335 αἱ
2346 5280 2565 5355 λογικαὶ
2616 5279 2767 5333 αὗται
2821 5283 3146 5354 θεωροῦνται
3194 5278 3386 5356 φωναί.
3427 5277 3526 5332 Καὶ
3579 5275 3719 5351 γένος
3771 5267 3856 5356 γὰρ

2243 5352 2551 5447 ἐμφαίνεται
2611 5372 2678 5441 τῇ
2737 5366 2892 5437 οὐσίᾳ
2932 5352 3036 5422 καὶ
3105 5352 3245 5428 εἶδος
3322 5367 3408 5422 καὶ
3491 5361 3713 5440 διαφορὰ
3783 5352 3856 5447 113-

483 5451 566 5506 tia
622 5454 679 5505 et
735 5452 1059 5522 proprium,
1091 5458 1148 5506 et
1209 5455 1478 5509 accidens
1514 5457 1569 5510 in
1622 5458 1750 5529 ipsa
1808 5459 2132 5514 consistens

482 5538 866 5610 conspicitur.
902 5539 968 5593 Et
1015 5539 1073 5593 in
1107 5547 1442 5596 caeterorum
1473 5561 1605 5598 vero
1656 5546 2130 5614 praedicamento-

480 5643 612 5683 rum
645 5627 907 5698 quolibet
936 5633 993 5682 et
1023 5644 1208 5698 genus
1239 5629 1696 5699 deprehenditur
1725 5638 1783 5687 et
1827 5635 2048 5704 species
2078 5642 2134 5692 et

482 5715 893 5784 diﬂ'erentia,et
921 5716 1226 5788 proprium
1250 5723 1306 5772 et
1336 5719 1604 5773 accidens
1625 5722 1780 5791 quod
1817 5738 1917 5793 per
1941 5723 2131 5795 ipsum

481 5810 671 5863 totum
703 5809 982 5878 penetret.

2245 5457 2401 5528 ἴδιον,
2459 5458 2547 5510 καὶ
2611 5451 2957 5529 συμϐεϐηκὸς
3015 5455 3065 5510 ἐν
3123 5456 3258 5529 αὐτῇ
3336 5453 3725 5526 συνιστάμενον.
3773 5440 3856 5500 Καὶ

2241 5554 2344 5602 τῶν
2402 5545 2609 5601 λοιπῶν
2671 5543 2729 5600 δὶ
2783 5549 3123 5620 κατηγοριῶν
3178 5551 3274 5618 μιᾷ
3352 5544 3541 5616 ἑκάστῃ
3590 5539 3675 5595 καὶ
3723 5535 3855 5620 γένος

2241 5636 2555 5715 ἐμφαίνεται
2609 5635 2698 5689 καὶ
2763 5617 2947 5705 εἶδος,
2983 5617 3071 5688 καὶ
3130 5617 3361 5711 διαφορὰ
3430 5633 3520 5688 καὶ
3588 5626 3720 5684 ἴδιον
3777 5617 3854 5677 καὶ

2242 5720 2592 5798 συμϐεϐηκὸς
2626 5721 2696 5778 δι’
2727 5723 2894 5792 αὐτῆς
2925 5720 3056 5785 ὅλος
3088 5726 3330 5798 χωροῦν.

3681 6236 4032 6412 ,Α
