4096 6432
309 491 437 552 793

1677 494 2027 558 EPITOME
2070 496 2375 559 LOGICA.
2410 570 2412 573 ι

3605 489 3721 552 ’194

386 623 470 692 ιζ’.
502 627 676 680 Πᾶσαι
722 619 781 680 δὲ
828 623 881 680 αἱ
930 623 1252 702 κατηγορίαι
1303 626 1634 700 γενικώτατα
1674 628 1801 702 γένη
1839 625 1955 698 εἰσὶ,

2152 632 2236 685 17.
2270 633 2447 685 Porro
2469 629 2665 686 omnia
2684 627 3133 702 pradicamenta
3155 628 3295 682 sunt
3322 624 3478 682 186
3508 639 3723 697 genera

313 709 405 767 διὰ
430 712 494 768 τὸ
531 715 606 786 μὴ
640 709 785 788 ἔχειν
814 711 994 769 ἐπάνω
1025 714 1200 769 αὐτῶν
1252 712 1391 770 ἄλλο
1421 736 1472 768 τι
1517 716 1674 791 γένος
1708 710 1968 771 ἐπαναϐε-

315 796 506 871 ϐηκός.

389 892 480 960 ιη’.
536 890 640 946 Κᾶν
689 892 793 968 γὰρ
846 892 905 947 ἐκ
949 898 1045 947 τοῦ
1090 892 1248 956 ὄντος
1297 891 1647 967 διαιροῦνται,
1704 893 1830 950 ἀλλ’
1873 893 1972 948 ούκ

317 977 457 1032 ἔστιν
487 979 661 1034 αὐτῶν
689 980 841 1056 γένος
872 983 934 1036 τὸ
965 977 1054 1037 ὅν.

391 1087 472 1148 ιθ’.
506 1087 576 1140 Τὸ
606 1086 712 1162 γὰρ
752 1089 909 1162 γένος
959 1089 1020 1143 ού
1075 1089 1236 1162 μόνον
1284 1095 1381 1144 τοῦ
1433 1089 1704 1163 ὀνόματος
1756 1087 1970 1163 μεταδί-

317 1170 453 1229 δωσι
501 1180 616 1236 τοῖς
669 1176 892 1239 οἰκείοις
943 1175 1154 1250 εἷ’δεσιν,
1203 1177 1348 1236 ἀλλά
1392 1181 1480 1234 καὶ
1530 1179 1663 1234 ὅλου
1714 1184 1810 1233 τοῦ
1861 1179 1972 1253 ὁρι-

315 1267 478 1336 σμοῦ.
532 1265 602 1319 Τὸ
657 1261 714 1320 δὲ
759 1266 818 1320 ὃν
879 1263 1256 1343 διαιρούμενον
1309 1268 1384 1330 εῗς
1432 1269 1529 1330 τὰς
1581 1266 1708 1323 δέκα
1739 1289 1973 1344 κατηγο-

315 1351 456 1427 ρίας,
513 1357 612 1407 τοῦ
673 1354 766 1426 μὲν
829 1354 1098 1429 ὀνόματος
1159 1357 1343 1420 αὑταῖς
1407 1355 1766 1431 μεταδίδωσιν
1810 1377 1821 1389 ·
1875 1362 1972 1412 τοῦ

314 1439 486 1516 λόγου
528 1441 585 1497 δὲ
625 1441 838 1498 τελείου
887 1466 946 1521 γε
996 1443 1245 1520 οὐδεμιᾷο
1289 1447 1353 1501 τὸ
1381 1447 1482 1524 γὰρ
1532 1448 1589 1502 ’ὀν
1623 1443 1798 1510 αὕτως
1834 1447 1975 1502 ὑπο·

311 1531 630 1607 γράφουσιν.
663 1534 754 1588 Ὄν
789 1533 930 1588 ἐστιν
964 1531 1001 1603 η’
1049 1535 1424 1612 αὐθύπαρκτον
1474 1542 1706 1613 πρᾶγμα
1751 1537 1840 1592 καὶ
1893 1540 1968 1610 μή

313 1616 570 1692 δεόμενον
650 1620 832 1694 ἑτέρου
891 1623 1026 1699 πρὸς
1083 1623 1330 1679 σύστασιν
1381 1647 1392 1659 ·
1451 1622 1488 1694 ἤ
1559 1626 1622 1680 τὸ
1702 1627 1778 1698 μὴ
1855 1615 1973 1690 καθ’

311 1709 469 1764 ἑαυτὸ
501 1706 796 1783 δυνάμενον
826 1713 984 1779 εἶναι,
1016 1711 1142 1768 ἀλλ’
1175 1711 1227 1768 ἐν
1274 1715 1442 1790 ἑτέρῳ
1485 1709 1615 1789 ἔχον
1661 1717 1761 1784 τὴν
1804 1715 1970 1792 ὕπαρ-

311 1798 412 1869 ξιν.
449 1800 513 1854 Ἣ
544 1796 602 1854 δὲ
629 1801 820 1876 πρώτη
869 1805 976 1856 τῶν
1004 1809 1347 1880 κατηγοριῶν
1404 1803 1558 1858 οὐσία
1585 1805 1677 1858 τὸν
1723 1809 1972 1860 τοιοῦτον

311 1886 442 1943 δ’λον
476 1887 638 1965 λόγον
672 1890 770 1944 οὐκ
801 1888 1130 1967 ἐπιδέχεταιο
1166 1891 1312 1947 ἀλλά
1355 1893 1417 1948 τὸ
1466 1892 1520 1947 ’ὲν
1576 1893 1740 1968 μέρος
1782 1894 1968 1949 αὐτοῦ·

2079 720 2542 792 generalissima,
2571 721 2721 791 quod
2758 735 2936 791 supra
2962 733 3024 773 se
3071 733 3186 773 non
3235 715 3488 771 habeant
3534 730 3720 786 genus

2080 809 2236 864 aliud
2270 808 2504 880 aliquod
2539 808 2830 879 superius.

2151 900 2238 952 18.
2271 898 2388 952 Etsi
2417 898 2574 953 enim
2606 914 2673 952 ex
2697 900 2827 952 ente
2855 895 3216 961 dividuntur,
3241 897 3438 948 tamen
3469 907 3574 948 ens
3603 909 3717 949 non

2080 991 2170 1042 est
2199 1003 2384 1058 genus
2415 1003 2638 1042 eorum.

2152 1093 2238 1146 19.
2272 1093 2497 1148 Etenim
2549 1109 2733 1166 genus
2783 1109 2897 1147 non
2945 1095 3176 1146 tantum
3221 1104 3433 1144 nomen
3464 1087 3719 1161 prepriis

2081 1181 2406 1253 speciebus,
2441 1183 2539 1237 sed
2573 1183 2745 1237 etiam
2776 1186 2959 1236 totam
2992 1178 3390 1235 definitionem
3437 1177 3716 1248 impertit.

2081 1271 2196 1325 Ens
2227 1287 2357 1326 vero
2390 1272 2544 1342 quod
2575 1270 2635 1326 in
2680 1271 2878 1325 decem
2928 1267 3375 1342 praedicamenta
3417 1265 3719 1332 dividitur,

2082 1375 2292 1414 nomen
2326 1359 2700 1433 quidem_eis,
2735 1359 3126 1414 deﬁnitionem
3158 1361 3374 1421 autem,
3409 1356 3720 1427 perfectam

2081 1449 2385 1516 nimirum,
2419 1447 2564 1503 nulli
2595 1448 2892 1520 impertit;
2925 1448 3014 1502 six
3043 1446 3198 1502 enim
3228 1463 3333 1502 ens
3364 1445 3718 1500 describunt.

2080 1537 2198 1593 Ens
2228 1543 2315 1593 est
2344 1537 2430 1593 vel
2471 1555 2561 1593 res
2593 1555 2694 1610 per
2725 1554 2786 1592 se
2816 1536 3101 1592 exsistens
3131 1539 3187 1592 et
3216 1534 3329 1590 alia
3359 1535 3430 1589 ad
3461 1533 3553 1589 sui
3584 1549 3719 1588 con-

2081 1625 2445 1681 stitutionem
2471 1643 2585 1682 non
2618 1626 2884 1698 indigens
2911 1644 2924 1693 ;
2952 1625 3040 1681 vel
3068 1641 3194 1696 qua
3225 1640 3328 1696 per
3357 1639 3418 1678 se
3446 1637 3574 1678 esse
3603 1639 3720 1677 non

2082 1719 2288 1786 potest,
2323 1716 2422 1770 sed
2473 1716 2530 1770 in
2581 1715 2698 1770 alia
2744 1715 2920 1771 habet
2967 1712 3390 1770 exsistentiam.
3421 1711 3555 1766 Jam
3585 1726 3719 1766 vero

2079 1804 2336 1875 primum
2377 1804 2892 1876 przsdicamentum
2941 1803 3273 1859 substantia
3321 1800 3717 1856 definitionem

2078 1894 2369 1964 ejusmodi
2397 1898 2581 1950 totam
2612 1911 2728 1949 non
2749 1893 2970 1966 recipit,
2991 1894 3090 1948 sed
3116 1908 3292 1947 unam
3312 1889 3472 1946 illius
3494 1891 3719 1962 partem

311 1975 412 2031 Καὶ
466 1977 569 2054 γὰρ
620 1977 772 2033 οὐσία
821 1979 933 2034 ἐστὶ
980 1986 1208 2057 πρᾶγμα
1257 1981 1651 2058 αὐθύπαρκτον,
1705 1984 1780 2054 μή
1839 1981 1955 2038 δεό-

2076 1982 2421 2054 (duntaxat).
2455 1982 2679 2038 Etenim
2711 1983 3042 2038 substantia
3071 1985 3160 2037 est
3201 1995 3294 2036 res
3325 1996 3428 2051 per
3471 1992 3534 2033 se
3573 1977 3720 2033 exsi-

315 2087 475 2138 μενον
505 2066 688 2140 ἑτέρου
718 2068 853 2142 πρὸς
900 2067 1171 2141 σύστασιν,
1215 2069 1304 2125 καὶ
1346 2069 1499 2126 οὐδὲν
1549 2069 1738 2128 πλέον.
1781 2071 1959 2128 Ἀλλὰ

308 2155 400 2208 καὶ
477 2157 531 2210 αἱ
593 2155 782 2211 λοιπαὶ
840 2157 1158 2234 κατηγορίαι
1236 2155 1581 2234 συμϐεϐηκὸς
1643 2159 1837 2235 οὖσαι,
1894 2163 1956 2216 τὸ

309 2241 505 2300 λοιπὸν
543 2244 706 2321 μέρος
737 2241 1078 2319 λαμϐάνουσι
1127 2255 1224 2317 τῆς
1270 2254 1368 2303 τοῦ
1417 2245 1570 2312 ὄντος
1617 2252 1952 2328 ὑπογραφῆς,

302 2333 397 2387 καὶ
449 2333 556 2410 οὐχ
610 2333 747 2404 ὅλην
799 2335 898 2403 τήν
952 2335 1290 2414 ὑπογραφὴν,
1341 2335 1466 2392 ούδὶ
1513 2337 1688 2395 αὗται.
1741 2334 1953 2411 Συμϐε-

306 2416 479 2493 ϐηκὸς
511 2421 614 2500 γάρ
646 2422 754 2478 ἐστι
785 2429 1027 2500 πρᾶγμα,
1057 2427 1132 2499 μὴ
1160 2426 1278 2490 καθ’
1301 2427 1454 2481 ἑαυτὸ
1477 2424 1770 2500 δυνάμενον
1802 2428 1953 2500 εἶναι,

300 2509 430 2567 ἀλλ’
461 2511 514 2567 έν
548 2513 714 2586 ἑτέρῳ
744 2511 874 2589 ἔχον
909 2515 1005 2582 τὴν
1046 2513 1290 2589 ὕπαρξιν.
1326 2517 1484 2571 Ὥστε
1534 2517 1633 2572 οὐκ
1663 2515 1773 2572 ἔστι
1803 2517 1957 2593 γένος

301 2604 414 2655 τῶν
446 2606 788 2677 κατηγοριῶν
814 2603 877 2658 τὸ
908 2597 986 2658 ὅν.

377 2779 441 2831 κ’.
475 2780 593 2835 Ἔτι
645 2785 746 2835 πᾶν
794 2779 946 2856 γένος
997 2779 1374 2857 διαιρούμενον
1425 2785 1501 2847 εἷς
1551 2783 1668 2856 ε⁸ίδη
1713 2788 1789 2858 μή
1823 2784 1958 2841 εἷ’δι-

302 2867 543 2937 κώτατα,
595 2865 693 2923 δύο
744 2867 781 2939 ἤ
811 2870 934 2946 τρία
983 2865 1097 2948 ἔχει
1155 2872 1221 2926 τὰ
1269 2872 1320 2943 ἐξ
1372 2873 1535 2928 αὐτοῦ
1585 2872 1956 2951 διαιρούμενα,

300 2951 343 3023 ἤ
394 2955 484 3011 καὶ
542 2958 676 3012 κατᾶ
732 2980 796 3013 το
854 2959 1076 3014 σπάνιον
1133 2961 1380 3038 τέσσαρα.
1438 2968 1542 3018 Τοῦ
1601 2961 1657 3018 δὲ
1711 2960 1865 3027 ὄντος
1921 2969 1956 3035 ἡ

309 3041 570 3121 διαίρεσις
615 3046 781 3124 μέχρι
832 3045 958 3104 δέκα
1014 3051 1385 3127 προχωροῦσά
1431 3073 1590 3108 τινων
1653 3055 1727 3127 μὴ
1789 3050 1956 3111 ὄντων

309 3131 677 3190 εἷδικωτάτων
713 3134 892 3210 εἰδῶν,
942 3138 1167 3202 εἰκότως
1212 3138 1325 3195 οὐδ’
1374 3140 1480 3196 ἀπὸ
1517 3143 1704 3217 γένους
1735 3144 1812 3207 εἰς
1841 3142 1956 3214 εἶ’δη

314 3222 448 3280 ἐστί.
476 3225 548 3278 Τὸ
577 3221 635 3279 δὲ
669 3226 745 3298 μὴ
779 3226 911 3280 εἶναι
961 3228 1057 3289 τὰς
1105 3229 1436 3305 κατηγορίας
1484 3229 1803 3287 εἶδικώτατα
1841 3231 1956 3305 εἷ’δη

311 3311 633 3387 παρίσταται
663 3319 846 3392 σαφῶς
878 3315 936 3370 ἐκ
962 3321 1060 3372 τοῦ
1091 3314 1236 3394 ἔχειν
1282 3319 1477 3382 ταύτας
1528 3322 1613 3399 ὑφ’
1643 3323 1834 3386 ἑαυτὰς
1871 3325 1959 3379 καὶ

312 3399 637 3457 εἷδικώτατα
668 3400 810 3475 εἷ’δη,
840 3405 930 3459 καὶ
957 3405 1084 3480 γένη
1118 3405 1434 3479 ὑπάλληλα.

371 3671 472 3725 κα’.
527 3671 792 3726 Ἐντεῦθεν
852 3669 1109 3742 δηλονότι
1165 3671 1290 3730 οὐδὲ
1334 3675 1397 3730 τὸ
1449 3671 1795 3750 συμϐεϐηκός
1845 3677 1956 3734 ἐστι

297 3757 454 3833 γένος
525 3761 632 3815 τῶν
692 3759 837 3816 ἐννέα
907 3768 1248 3839 κατηγοριῶν
1285 3811 1298 3836 ,
1361 3764 1406 3818 εἰ
1464 3766 1552 3820 καὶ
1626 3763 1955 3838 μεταδίδωσι

294 3847 518 3910 ταύταις
576 3847 664 3903 καὶ
721 3853 818 3904 τοῦ
876 3849 1148 3923 ὀνόματος
1206 3851 1294 3906 καὶ
1352 3857 1449 3907 τοῦ
1499 3851 1669 3928 λόγου
1715 3853 1950 3911 τελείου.

298 3938 505 4012 ’Ὠσπερ
559 3938 661 4013 γάρ
712 3959 766 3992 τι
821 3939 976 4014 γένος
1031 3941 1181 4016 φωνὴ
1240 3939 1298 3994 ὃν
1349 3938 1572 4016 λογική,
1629 3940 1953 4015 μεταδίδωσι

297 4031 416 4087 ταῖς
479 4023 605 4082 δέκα
657 4027 1012 4102 κατηγορίαις
1073 4029 1162 4083 καὶ
1219 4034 1315 4084 τοῦ
1389 4029 1659 4104 ὀνόματος
1709 4032 1799 4086 καὶ
1854 4038 1953 4088 τοῦ

301 4113 472 4190 λόγου
519 4115 684 4170 αὑτοῦ
730 4115 840 4190 (καί
895 4118 997 4193 γὰρ
1056 4117 1250 4187 ἑκάστη
1309 4123 1416 4174 τῶν
1474 4125 1818 4196 κατηγοριῶν
1863 4122 1952 4176 καὶ

297 4204 455 4279 γένος
514 4203 751 4279 λέγεται,
800 4205 889 4261 καὶ
947 4207 1083 4261 κατὰ
1129 4205 1397 4262 πλειόνων
1447 4209 1536 4263 καὶ
1587 4206 1951 4286 διαφερόντων

294 4297 374 4364 τῷ
421 4290 555 4348 εἶ’δει
585 4337 604 4362 ,
653 4293 704 4348 ἐν
733 4299 813 4366 τῷ
860 4295 913 4350 τί
963 4294 1073 4350 ἐστι
1122 4301 1551 4372 κατηγορεῖται),
1601 4299 1737 4353 κατὰ
1763 4305 1954 4355 τοῦτον

291 4381 382 4436 τὸν
418 4379 586 4457 λόγον
641 4383 729 4437 καὶ
766 4383 829 4439 τὸ
875 4378 1223 4457 συμϐεϐηκὸς
1276 4384 1603 4458 μεταδίδωσι
1633 4392 1756 4450 ταῖς
1805 4388 1953 4445 ἐννέα

291 4469 670 4546 κατηγορίαις,
703 4471 791 4526 καὶ
838 4477 936 4527 τοῦ
983 4472 1253 4546 ὀνόματος
1300 4473 1462 4529 αὑτοῦ
1501 4475 1721 4545 καὶτῆς
1748 4477 1950 4540 οἰκείας

294 4558 638 4636 ὑπογραφῆς,
694 4562 770 4633 μὴ
821 4561 878 4615 ’ὸν
925 4561 1077 4636 γένος
1105 4567 1216 4616 τῶν
1248 4569 1616 4640 κατηγοριῶν,
1651 4567 1816 4634 Φωνὴ
1847 4567 1950 4642 γάρ

293 4646 402 4703 ἐστι
434 4649 525 4702 καὶ
555 4649 686 4704 αύτὸ
716 4649 910 4726 λογική
921 4694 935 4720 ,
973 4649 1071 4724 μία
1098 4655 1208 4705 τῶν
1236 4653 1398 4707 πέντε
1427 4657 1645 4728 φωνῶν.

363 4755 470 4831 κβ’.
503 4752 675 4812 Πάλιν
709 4755 762 4811 ἐν
790 4757 872 4818 οἷς
899 4758 961 4812 τὸ
990 4761 1208 4832 πρῶτον
1257 4759 1347 4812 καὶ
1374 4760 1437 4814 τὸ
1491 4757 1741 4837 δεύτερον
1775 4761 1955 4841 φύσει,

290 4842 501 4899 τούτων
559 4845 619 4899 τὸ
665 4849 862 4908 κοινῶς
916 4847 1389 4924 κατηγορούμενον
1445 4849 1599 4924 γένος
1655 4849 1754 4906 οὐκ
1800 4846 1940 4906 ἔστιν

289 4928 442 5006 (οὑδὲ
471 4933 575 5008 γὰρ
605 4932 658 4988 έν
689 4937 806 4995 τοῖς
858 4931 1020 4990 εἷ’δεσι
1069 4939 1166 4990 τοῦ
1215 4935 1379 4992 αὐτοῦ
1425 4939 1614 5012 γένους
1661 4941 1942 5016 Θεωρεῖται

287 5021 352 5076 τὸ
410 5019 564 5097 φύσει
620 5021 881 5098 πρότερόν
937 5043 995 5076 τε
1048 5023 1137 5078 καὶ
1195 5023 1437 5102 ὕστερον)
1473 5070 1486 5084 .
1551 5029 1635 5083 Ἐν
1714 5025 1772 5083 δὲ
1825 5035 1942 5092 ταῖς

292 5109 666 5195 κατηγορίαιςΔ
726 5113 1006 5187 Θεωρεῖται
1063 5113 1194 5168 αύτό
1229 5133 1242 5146 ο
1303 5115 1456 5193 φύσει
1531 5117 1634 5193 γὰρ
1708 5120 1944 5195 προτέρα

290 5203 401 5254 τῶν
461 5193 888 5272 συμϐεϐηκότων
946 5203 982 5271 ἡ
1035 5199 1188 5256 οὐσία
1229 5202 1340 5258 ἐστί
1375 5247 1389 5260 .
1450 5204 1643 5268 Οὐσίας
1699 5208 1801 5284 γὰρ

291 5283 486 5357 οὔσης,
517 5286 569 5341 ἐν
599 5287 706 5342 τίνι
760 5288 927 5364 σχοίη
961 5288 1020 5344 ἂν
1069 5292 1168 5360 τὴν
1203 5290 1425 5369 ὕπαρξιν
1457 5293 1519 5349 τὸ
1552 5283 1898 5368 συμϐεϐηκός
1928 5317 1940 5367 ;

286 5370 719 5450 Συμϐεϐηκότος
777 5375 834 5432 δὲ
893 5379 969 5452 μὴ
1026 5374 1209 5452 ὄντος,
1273 5379 1417 5436 ἔσται
1472 5382 1646 5438 οὐσία.
1709 5390 1944 5462 Πρᾶγμα

280 5466 386 5542 γάρ
440 5463 580 5520 ἐστιν
640 5465 1014 5543 αὗθύπαρκτον
1069 5467 1201 5540 αὕτη
1234 5516 1248 5542 ,
1314 5471 1390 5544 μὴ
1452 5469 1706 5545 δεόμενον
1760 5473 1943 5552 ἐτέρου

282 5554 419 5631 πρὸς
479 5553 728 5611 σύστασιν
767 5599 778 5612 .
839 5558 998 5612 Ὥστε
1052 5559 1087 5628 ἡ
1148 5557 1304 5614 ούσία
1357 5567 1664 5637 συναναιρεῖ
1735 5563 1822 5618 καὶ
1881 5563 1942 5619 οὑ

283 5647 730 5719 συναναιρεῖται,
779 5647 869 5701 καὶ
921 5648 1318 5726 συνεισφέρεται
1373 5650 1464 5705 καὶ
1521 5650 1586 5706 οὗ
1642 5651 1888 5729 συνεισφέ
1918 5685 1940 5696 -

285 5752 364 5809 ρει
398 5779 410 5790 .
471 5734 648 5788 Ὅπου
704 5733 808 5810 γὰρ
863 5729 1208 5809 συμϐεϐηκὸς
1240 5783 1254 5809 ,
1325 5737 1626 5813 ἀναγκαίως
1686 5737 1798 5795 ἐκεῖ
1852 5734 1943 5796 καὶ

286 5821 442 5878 οὗσία
499 5821 552 5878 ἐν
603 5824 642 5898 ἦ
691 5821 802 5878 ἔστι
850 5825 956 5902 (τὸ)
1007 5819 1374 5900 συμϐεϐηκός.
1426 5826 1498 5880 Οὐ
1551 5829 1657 5901 μὴν
1710 5823 1834 5884 ἔνθα
1884 5851 1945 5906 γε

2067 2075 2230 2127 stens
2258 2088 2373 2128 non
2399 2072 2668 2144 indigens
2700 2071 2815 2128 alia
2845 2073 2916 2127 ad
2971 2071 3062 2127 sui
3110 2067 3626 2134 constitutionem;
3661 2071 3717 2121 et

2067 2161 2212 2216 nihil
2271 2167 2362 2216 est
2415 2161 2687 2234 amplius.
2721 2161 2826 2216 Sed
2887 2165 2944 2216 et
3000 2158 3226 2232 reliqua
3267 2157 3717 2230 praedicamenta

2068 2267 2194 2323 quas
2256 2254 2395 2306 sunt
2449 2251 2742 2320 accidens,
2775 2249 3061 2321 reliquam
3091 2251 3314 2320 partem
3370 2263 3438 2301 ex
3496 2243 3714 2300 descri-

2065 2340 2264 2412 ptione
2293 2339 2443 2395 entis
2473 2339 2768 2411 accipiunt
2797 2339 3055 2410 quidem,
3089 2338 3190 2392 sed
3223 2353 3295 2392 ne
3323 2335 3444 2391 haec
3475 2333 3712 2408 quidem

2064 2432 2245 2484 totam
2279 2429 2729 2502 descriptionem
2754 2428 3090 2484 admittunt.
3119 2426 3402 2482 Accidens
3434 2423 3591 2480 enim
3622 2427 3714 2478 est

2065 2534 2158 2574 res
2185 2535 2315 2590 quea
2344 2535 2447 2590 per
2475 2535 2536 2574 se
2569 2534 2696 2574 esse
2728 2535 2844 2573 non
2875 2521 3086 2589 potest,
3119 2517 3221 2573 sed
3267 2515 3327 2570 in
3379 2513 3493 2570 alia
3539 2513 3710 2568 habet

2064 2608 2487 2664 exsistentiam.
2522 2611 2708 2675 Quare
2737 2625 2840 2662 ens
2887 2607 3473 2678 pmdicamentorum
3522 2618 3707 2676 genus

2066 2713 2181 2752 non
2212 2701 2320 2752 est.

2135 2787 2226 2842 20.
2260 2787 2541 2842 Praeterea
2570 2804 2743 2844 omne
2770 2803 2956 2860 genus
2987 2785 3142 2858 quod
3198 2784 3255 2840 in
3306 2782 3527 2857 species
3557 2782 3710 2839 187

2068 2893 2183 2932 non
2215 2875 2673 2947 specialissimas
2704 2875 3002 2945 dividitur,
3031 2875 3180 2929 duas
3223 2877 3325 2928 aut
3374 2877 3494 2928 tres
3537 2871 3715 2927 habet

2070 2981 2198 3037 qua;
2228 2981 2296 3019 ex
2327 2982 2389 3020 se
2435 2965 2816 3032 dividuntur;
2869 2968 2989 3029 aut,
3022 2963 3177 3035 quod
3228 2962 3404 3018 etiam
3455 2977 3587 3016 raro
3627 2960 3711 3030 fit,

2069 3057 2302 3124 quatur.
2337 3054 2484 3124 Ergo
2515 3053 2665 3109 entis
2695 3053 2901 3108 divisio
2924 3068 3060 3107 cum
3092 3052 3164 3106 ad
3194 3051 3392 3106 decem
3423 3049 3710 3122 quaedam,

2069 3159 2196 3214 quas
2255 3159 2369 3197 non
2431 3146 2570 3197 sunt
2621 3141 2844 3213 species
2900 3139 3355 3212 specialissimas,
3389 3138 3710 3210 procedat;

2071 3231 2275 3286 merito
2304 3247 2490 3302 neque
2520 3230 2751 3302 generis
2781 3229 2842 3285 in
2882 3229 3105 3302 species
3155 3233 3244 3285 est
3287 3227 3516 3284 divisio.
3550 3227 3712 3290 Quod

2071 3324 2266 3374 autem
2315 3319 2765 3390 praedicamenta
2820 3317 3257 3389 specialissimze
3316 3317 3536 3388 species
3593 3332 3710 3370 non

2069 3408 2210 3478 sint,
2242 3408 2553 3464 manifesto
2585 3425 2686 3480 per
2713 3408 2770 3463 id
2803 3407 3148 3475 ostenditur,
3174 3407 3329 3478 quod
3353 3406 3474 3462 hac
3506 3404 3617 3461 sub
3649 3422 3712 3461 se

2068 3500 2126 3553 et
2185 3497 2407 3570 species
2457 3496 2914 3570 specialissimas
2971 3499 3028 3551 et
3093 3511 3308 3567 genera
3375 3493 3712 3551 subalterna

2068 3585 2344 3642 habeant.

2134 3677 2225 3730 2i.
2259 3675 2404 3731 Hinc
2435 3675 2716 3732 nimirum
2748 3692 2939 3748 neque
2969 3674 3237 3731 accidens
3269 3678 3359 3729 est
3387 3689 3572 3746 genus
3605 3689 3707 3730 no-

2064 3779 2192 3818 vem
2226 3764 2828 3835 praedicamentorum,
2859 3765 3092 3820 tametsi
3145 3763 3239 3819 his
3288 3767 3346 3818 et
3391 3779 3604 3818 nomen
3653 3766 3711 3818 et

2066 3853 2466 3908 deﬁnitionem
2508 3854 2819 3925 perfectam
2859 3853 3140 3926 impertit.
3202 3852 3708 3918 Quemadmodum

2063 3941 2220 3996 enim
2239 3957 2424 4013 genus
2451 3943 2605 4014 quod
2628 3947 2717 3998 est
2739 3960 2847 3998 vox
2867 3942 3054 4014 logica
3075 3943 3272 3998 decem
3298 3941 3711 4014 praedicamen-

2063 4030 2142 4085 tis
2171 4037 2228 4085 et
2255 4046 2464 4086 nomen
2487 4035 2542 4087 et
2572 4031 2969 4087 deﬁnitionem
3001 4047 3168 4086 suam
3192 4030 3453 4103 impertit
3471 4029 3707 4099 (etenim

2064 4119 2364 4190 quodlibet
2394 4121 2911 4192 pradicamentum
2941 4123 2999 4175 et
3044 4136 3229 4193 genus
3279 4119 3492 4175 dicitur
3534 4122 3591 4173 et
3639 4119 3709 4174 de

2062 4206 2330 4279 pluribus
2363 4209 2768 4265 differentibus
2799 4208 2989 4280 specie
3019 4209 3080 4264 in
3110 4209 3249 4280 quid
3299 4213 3388 4264 est
3434 4207 3706 4280 praedica-

2061 4297 2201 4366 tur),
2243 4298 2444 4352 eadem
2495 4298 2718 4354 ratione
2763 4303 2821 4354 et
2863 4298 3132 4354 accidens
3175 4314 3382 4353 novem
3432 4297 3704 4369 praedica-

2061 4386 2276 4440 mentis
2307 4391 2365 4441 et
2391 4403 2602 4442 nomen
2636 4404 2810 4442 suum
2841 4391 2899 4442 et
2926 4387 3222 4459 prepriam
3254 4385 3702 4457 descriptionem

2062 4473 2345 4546 impertit,
2387 4479 2451 4530 ut
2478 4493 2590 4530 non
2635 4477 2711 4531 sit
2753 4492 2939 4548 genus
2972 4474 3572 4547 praedicamentorum.
3605 4475 3706 4530 Et-

2064 4563 2219 4618 enim
2254 4569 2311 4618 et
2347 4563 2543 4636 ipsum
2594 4570 2682 4619 est
2727 4581 2836 4618 vox
2882 4564 3089 4636 logica,
3122 4581 3241 4619 una
3277 4563 3605 4635 (nimirum)
3637 4579 3705 4618 ex

2062 4652 2326 4725 quinque
2352 4654 2614 4709 vocibus.

1989 4747 2036 4812 D
2137 4762 2227 4817 22.
2261 4761 2488 4818 Rursus
2532 4762 2590 4817 in
2641 4761 2856 4834 quibus
2903 4763 2995 4816 est
3023 4759 3366 4832 primarium
3397 4762 3454 4815 et
3491 4775 3702 4815 secun-

2058 4849 2291 4906 darium
2323 4855 2553 4918 natura,
2587 4851 2708 4906 hac
2737 4866 2922 4922 genus
2953 4850 3106 4921 quod
3147 4850 3219 4904 de
3250 4849 3395 4920 ipsis
3433 4865 3697 4904 commu-

2053 4938 2206 4994 niter
2259 4939 2624 5010 praedicetur,
2668 4939 2822 4995 188
2883 4955 2997 4994 non
3057 4938 3276 4994 habent
3305 4940 3516 5009 (neque
3545 4937 3702 4993 enim

2053 5028 2114 5082 in
2166 5028 2473 5100 speciebus
2520 5029 2786 5097 ejusdem
2834 5027 3064 5099 generis
3105 5025 3267 5099 prius
3314 5031 3370 5082 et
3411 5027 3700 5098 posterius

2057 5117 2460 5188 conspicitur).
2517 5116 2692 5188 Atqui
2747 5117 2806 5170 in
2864 5116 3330 5189 praedicamentis
3383 5115 3443 5171 id
3500 5116 3698 5189 ipsum

2054 5205 2576 5273 animadvertitur;
2631 5206 2847 5262 etenim
2915 5205 3246 5261 substantia
3299 5205 3699 5261 accidentibus

2051 5299 2264 5350 natura
2294 5294 2451 5366 prior
2477 5295 2716 5350 est.Nisi
2747 5294 2903 5350 enim
2935 5294 3267 5351 substantia
3297 5294 3697 5351 accidentibus

2053 5408 2310 5464 quonam
2362 5391 2630 5448 accidens
2678 5409 2846 5447 suam
2893 5392 3260 5448 existentiam
3309 5391 3592 5448 haberet?
3623 5391 3697 5448 Ut

2053 5485 2250 5536 autem
2282 5479 2454 5538 etiam
2485 5481 2751 5537 accidens
2784 5497 2899 5537 non
2933 5482 3027 5551 sit,
3061 5481 3392 5537 substantia
3439 5481 3568 5536 erit.
3600 5484 3694 5536 Et-

2052 5569 2207 5625 enim
2238 5569 2359 5625 hmc
2389 5586 2480 5625 res
2509 5575 2599 5626 est
2629 5588 2730 5642 per
2777 5588 2840 5626 se
2883 5571 3169 5626 exsistens
3199 5571 3272 5625 ad
3321 5570 3694 5625 constitutio-

2052 5675 2186 5714 nem
2205 5659 2321 5714 alia
2337 5675 2453 5714 non
2474 5659 2764 5732 indigens.
2781 5661 3146 5731 Quapropter
3165 5658 3495 5714 substantia
3515 5657 3693 5714 simul

2050 5747 2221 5818 tollit,
2255 5764 2360 5804 nec
2391 5747 2568 5804 simul
2599 5747 2858 5817 tollitur;
2891 5753 2948 5804 et
2976 5747 3152 5804 simul
3185 5748 3448 5818 infertur,
3482 5761 3587 5802 nec
3620 5746 3694 5802 si-

2055 5835 2180 5893 mul
2208 5837 2404 5895 infert.
2436 5837 2542 5895 Ubi
2590 5838 2745 5895 enim
2775 5837 3043 5896 accidens
3095 5841 3183 5894 est
3227 5837 3308 5891 ibi
3357 5834 3688 5891 necessarie
