4096 6472
471 545 589 610 799

472 771 623 826 stius
671 774 834 844 quid,
880 779 1180 848 praedicari
1229 781 1300 837 de
1345 798 1410 837 eo
1464 800 1578 839 non
1630 788 1851 855 potest;
1903 779 2121 837 animal

471 859 627 916 enim
660 865 918 920 continet
942 866 1272 925 hominem:
1300 871 1474 927 homo
1499 878 1696 929 autem
1723 890 1836 929 non
1860 873 2121 928 continet

469 950 710 1007 animal.
744 955 940 1027 Neque
972 958 1127 1013 enim
1161 959 1323 1016 solus
1355 961 1531 1017 homo
1578 968 1667 1018 est
1699 964 1850 1018 I48
1883 959 2120 1026 animal,

474 1039 574 1094 sed
609 1042 785 1098 etiam
818 1045 991 1100 bruta
1020 1047 1322 1105 animalia.
1346 1054 1531 1123 Atque
1554 1052 1634 1107 ita
1655 1052 1893 1124 quidem
1918 1051 2127 1123 prandi-

475 1130 623 1186 catio
651 1131 715 1186 ﬁt
745 1150 871 1204 quas
903 1134 1079 1192 latius
1111 1139 1182 1192 ad
1217 1139 1547 1206 subjectum
1570 1158 1631 1196 se
1661 1142 1871 1207 habet;
1906 1157 2121 1212 nequa-

477 1234 652 1290 quam
711 1228 905 1278 autem
966 1225 1053 1291 (ﬁt
1091 1227 1447 1299 praedicatio)
1507 1246 1634 1301 qua;
1691 1229 2000 1302 angustius
2058 1244 2120 1285 se

475 1307 685 1364 habeat
716 1311 809 1383 (ad
838 1314 1217 1388 subjectum).

545 1398 597 1453 3.
632 1399 720 1454 Fit
750 1405 944 1457 autem
978 1403 1295 1476 aliquando
1327 1409 1657 1478 praedicatio
1707 1409 1882 1465 etiam
1925 1427 2115 1481 aequa-

474 1486 607 1542 liter
635 1493 721 1555 (se
751 1489 974 1548 habens
998 1495 1068 1548 ad
1099 1497 1471 1569 subjectum),
1507 1504 1568 1554 ut
1613 1499 1672 1554 in
1717 1499 2022 1571 speciebus
2061 1505 2119 1554 et

475 1577 748 1649 propriis,
780 1580 838 1633 in
873 1581 1311 1640 definitionibus
1338 1591 1393 1640 et
1423 1587 1698 1642 definitis.
1733 1587 1902 1642 Velut
1935 1605 1946 1642 :
1981 1587 2115 1643 0m-

475 1664 568 1718 nis
599 1665 774 1721 homo
803 1672 892 1724 est
921 1675 1095 1741 aptus
1125 1673 1196 1727 ad
1231 1673 1535 1730 ridendum
1559 1693 1572 1742 ;
1606 1681 1680 1740 et,
1705 1676 1887 1731 Omne
1913 1681 2114 1747 aptum

475 1753 545 1808 ad
583 1754 893 1812 ridendum
925 1763 1014 1813 est
1045 1759 1238 1817 homo.
1272 1762 1578 1829 Similiter,
1598 1765 1802 1820 Omnis
1824 1765 1997 1820 homo
2026 1771 2116 1821 est

477 1842 695 1898 animal
740 1845 984 1902 rationis
1031 1850 1345 1923 particeps,
1398 1852 1663 1918 mortale,
1715 1853 2114 1927 intelligentia-.-

473 1935 530 1988 et
559 1932 811 1988 scientias
841 1952 1041 2008 capax.
1077 1939 1162 2008 Et,
1191 1939 1374 1996 Omne
1403 1941 1618 1997 animal
1662 1943 1904 1998 rationis
1935 1944 2112 2015 parti-

474 2035 630 2093 ceps,
664 2023 928 2096 mortale,
959 2025 1358 2100 intelligentia
1387 2036 1444 2086 et
1481 2032 1736 2087 scientia:
1783 2049 1986 2105 capax,
2027 2038 2116 2089 est

474 2110 670 2166 homo.
704 2117 895 2185 Atque
941 2115 1062 2170 haec
1105 2134 1231 2188 quae
1275 2119 1576 2191 aequaliter
1604 2138 1666 2177 se
1709 2121 1944 2188 habent,
1977 2138 2114 2179 con-

471 2200 764 2256 vertibilis
817 2207 875 2258 et
925 2205 1279 2278 reciprocam
1324 2210 1792 2281 pradicationem
1843 2211 2118 2267 habentia

475 2287 770 2346 dicuntur.

545 2379 597 2433 4.
631 2379 942 2438 Sciendum
991 2388 1081 2440 est
1126 2389 1321 2442 autem
1373 2389 1528 2460 quod
1571 2406 1704 2446 cum
1751 2389 1996 2446 alterum
2048 2391 2119 2446 de

478 2465 658 2524 altero
691 2473 756 2524 ut
783 2471 855 2525 de
884 2471 1170 2544 subjecto,
1219 2475 1326 2531 hoc
1369 2481 1477 2548 est,
1531 2478 1926 2534 essentialiter
1973 2495 2118 2551 prae-

469 2555 715 2625 dicatur,
749 2576 1108 2634 quaecunque
1154 2565 1226 2619 de
1265 2567 1574 2637 prmdicato
1606 2568 2003 2624 essentialiter
2030 2568 2118 2623 di-

473 2651 710 2715 cuntur,
742 2648 862 2703 haec
891 2650 1066 2706 etiam
1097 2653 1168 2708 de
1200 2655 1464 2726 subjecto
1495 2657 1683 2712 efferri
1717 2658 1962 2729 possint.

544 2735 600 2790 5.
629 2736 774 2792 Cum
806 2738 962 2795 enim
994 2741 1207 2813 duplex
1238 2744 1313 2799 sit
1343 2745 1697 2818 praadicatio,
1733 2763 1849 2801 una
1878 2747 1950 2802 de
1981 2747 2121 2802 sub-

474 2825 653 2896 jecto,
684 2826 866 2882 altera
894 2829 952 2884 in
984 2832 1267 2903 subjecto.

551 2915 606 2968 6.
640 2919 718 2971 De
747 2917 1008 2989 subjecto
1029 2924 1136 2988 est,
1161 2939 1295 2977 cum
1328 2923 1749 2981 universaliora
1770 2926 1840 2981 de
1871 2925 2124 2997 particu-

482 2999 796 3061 larioribus
825 3009 1214 3079 praedicantur
1244 3013 1632 3070 essentialiter
1660 3020 1716 3070 et
1745 3016 1935 3086 quoad
1969 3030 2127 3080 rem;

1719 556 2139 620 NlCEPI-IORI
2183 555 2620 620 BLEMMIDA£

473 681 590 738 mal
621 686 710 738 est
739 682 932 740 homo.
973 687 1116 744 Cum
1149 689 1307 746 enim
1337 690 1511 747 homo
1550 692 1628 747 sit
1655 691 1894 748 animali
1926 706 2109 764 angu-

2240 689 2507 762 ἱνθρωπός
2565 690 2704 746 ἐστιν
2742 737 2753 748 .

3714 574 3810 637 800

2817 693 2931 748 Ἐπ’
3010 691 3231 749 ἔλαττον
3301 696 3405 772 γὰρ
3479 703 3568 754 τοῦ
3634 703 3816 770 ζώουὸ

2233 775 2510 853 ἄνθρωπος
2563 777 2636 835 ὢν
2696 781 2757 837 ού
2816 780 3029 838 δύναται
3086 787 3518 860 κατηγορηθῆνσι
3572 789 3730 845 αὐτοῦ’
3769 796 3816 850 τὸ

2235 866 2329 938 μὲν
2359 868 2459 942 γὰρ
2495 874 2630 938 ζῶον
2677 871 2920 946 περιέχει
2971 874 3060 928 τὸν
3108 871 3410 949 ἄνθρωπον·
3443 875 3470 929 ὁ
3503 873 3556 931 δὲ
3585 875 3817 955 ἄνθρωπος

2231 955 2293 1009 οὐ
2326 957 2568 1033 περιέχει
2617 960 2678 1013 τὸ
2738 965 2897 1029 ζῶον.
2960 960 3096 1016 Οὐδὲ
3148 964 3248 1039 γὰρ
3312 963 3470 1035 μόνος
3508 965 3534 1019 ὁ
3582 967 3819 1043 ἅνθρωπός

2231 1043 2339 1099 έστι
2374 1051 2532 1117 ζῶον,
2581 1046 2724 1103 ἀλλὰ
2770 1051 2857 1104 καὶ
2904 1052 2972 1105 τὰ
3022 1049 3195 1128 ἄλογα
3244 1056 3372 1121 ζῶα.
3427 1053 3521 1110 Καὶ
3563 1055 3716 1118 οὕτως
3752 1058 3818 1113 έπὶ

2228 1130 2395 1188 πλέον
2448 1135 2541 1206 μὲν
2570 1136 2773 1210 γίνεται
2818 1140 3142 1214 κατηγορία·
3192 1140 3274 1195 ἐπ’
3324 1138 3540 1196 ἔλαττον
3589 1141 3642 1199 δέ
3686 1143 3822 1201 οὖδα-

2235 1243 2372 1294 μως.

2306 1401 2370 1475 γ’.
2406 1401 2609 1458 Γίνεται
2655 1401 2711 1460 δέ
2761 1426 2894 1462 ποτε
2939 1407 3028 1462 καὶ
3079 1406 3273 1480 ἐπίσης
3320 1409 3633 1486 κατηγορία·
3671 1410 3735 1474 ὡς
3759 1411 3827 1468 ἐπὶ

2224 1493 2331 1543 τῶν
2394 1488 2552 1546 εἰδῶν
2612 1515 2669 1548 τε
2723 1495 2812 1550 καὶ
2870 1501 2976 1550 τῶν
3026 1493 3202 1569 ἰδίων,
3255 1496 3343 1553 έπὶ
3388 1504 3494 1554 τῶν
3541 1499 3756 1574 ὁρισμῶν
3779 1503 3827 1556 τὸ

2222 1577 2312 1632 καὶ
2358 1583 2466 1634 τῶν
2518 1581 2777 1657 ὁριστῶν.
2830 1586 2956 1640 Οῖον
2989 1632 3003 1657 ,
3054 1592 3164 1648 Πᾶς
3227 1588 3505 1664 ἄνθρωπος
3557 1586 3827 1663 γελαστικόν

2226 1665 2357 1721 ἐστι⁸
2390 1669 2500 1738 καὶ,
2534 1676 2644 1725 Πᾶν
2692 1672 3007 1749 γελαστικὸν
3061 1673 3343 1751 ἄνθρωπός
3393 1675 3565 1732 ἐστιν.
3612 1677 3826 1750 Ὁμοίως.

2225 1762 2335 1817 Hic
2393 1759 2676 1833 ἅνθρωπος
2729 1767 2864 1831 ζῶον
2926 1763 3169 1840 λογικὸν,
3229 1766 3446 1836 θνητὸν,
3506 1769 3594 1820 νοῦ
3642 1766 3720 1820 καὶ
3762 1765 3831 1821 ἐπὶ

2224 1847 2442 1918 στῆμης
2473 1845 2715 1905 δεκτικόν
2752 1851 2888 1910 ἐστι.
2922 1853 3043 1924 Καὶ,
3077 1861 3187 1909 Πᾶν
3217 1859 3352 1924 ζῶον
3398 1853 3633 1930 λογικὸν,
3671 1855 3830 1925 θνητὸν

2220 1937 2317 1987 νοῦ
2374 1937 2462 1990 καὶ
2513 1936 2825 2012 ἐπιστήμης
2883 1939 3150 2010 δεκτικὸν,
3209 1943 3492 2020 ἄνθρωπός
3541 1943 3836 1999 έστι.’1ἀῦτα

2223 2016 2280 2075 δὲ
2315 2024 2383 2078 τὰ
2443 2023 2632 2097 ἐπίσης
2676 2028 3110 2109 ἀντιστρέφοντα,
3168 2031 3257 2086 καὶ
3306 2016 3837 2107 ἆντικατηγορούμενα

2226 2109 2461 2186 λέγεται.

2310 2380 2370 2441 δ’.
2429 2386 2546 2461 Χρὴ
2608 2384 2666 2442 δὲ
2719 2389 3000 2463 γινώσκειν
3033 2433 3050 2456 ,
3101 2387 3176 2451 ὠς
3235 2388 3359 2444 ὅταν
3435 2385 3618 2465 ἓτερον
3690 2388 3840 2462 έτέρον

2228 2481 2596 2550 κατηγορῆται
2645 2475 2722 2538 ὠς
2776 2479 2892 2531 καθ’
2951 2476 3349 2550 ὑποκειμένου,
3406 2479 3718 2546 τουτέστιν,
3769 2474 3843 2530 ού-

2230 2559 2464 2634 σιωδῶς,
2523 2563 2619 2620 ὅτα
2673 2566 2808 2621 κατὰ
2855 2571 2952 2621 τοῦ
3006 2566 3484 2644 κατηγορουμένου
3531 2565 3734 2641 λέγεται
3774 2563 3844 2618 οὖ-

2230 2650 2466 2720 σιωδῶς,
2499 2659 2667 2709 ταῦτα
2711 2655 2801 2710 καὶ
2847 2657 2980 2710 κατᾶ
3032 2661 3127 2710 τοῦ
3175 2655 3536 2729 ὑποκειμένου
3565 2656 3844 2732 ῥηθήσεται.

2310 2742 2366 2798 ε’.
2400 2749 2592 2812 Διττῆς
2623 2745 2723 2819 γὰρ
2772 2741 2938 2816 οὔσης
2966 2751 3068 2815 τῆς
3098 2745 3457 2822 κατηγορίας,
3488 2752 3589 2815 τῆς
3640 2745 3726 2818 μέν
3752 2743 3846 2796 καθ’

2233 2828 2613 2904 ὑποκειμένου,
2641 2840 2740 2902 τῆς
2771 2831 2816 2888 δ’
2844 2833 2894 2889 έν
2927 2834 3291 2909 ὑποκειμένῳ.

2318 2921 2382 2983 ς’.
2443 2927 2568 2985 Καθ’
2620 2923 2976 2996 ὑποκειμένου
3032 2924 3126 2996 μέν
3181 2925 3342 2994 ἐστιν,
3403 2925 3496 2982 ὅτε
3547 2924 3615 2981 τὰ
3662 2920 3852 2978 καθολι-

2237 3010 2450 3084 κώτερα
2503 3017 2927 3087 κατηγοροῦνται
2981 3018 3089 3069 τῶν
3169 3017 3549 3092 μερικωτέρων
3608 3007 3855 3070 ούσιωδῶς

483 3096 560 3160 et,
593 3098 659 3150 ut
686 3100 875 3151 totum
907 3099 1119 3169 dicam,
1155 3101 1396 3158 univoce
1429 3121 1442 3158 :
1487 3104 1722 3176 quando
1770 3103 2036 3160 videlicet
2073 3091 2122 3160 el

2240 3098 2327 3151 καὶ
2385 3105 2799 3174 πραγματικῶς,
2860 3103 2951 3158 καὶ
3006 3103 3070 3159 τὸ
3128 3102 3256 3159 δΑον
3309 3105 3480 3160 εἰπεῖν
3534 3099 3854 3172 συνωνύμως·

483 3183 794 3254 praedicata
851 3191 908 3240 et
965 3188 1231 3259 subjecta
1287 3191 1359 3245 ad
1417 3193 1572 3248 144
1631 3210 1814 3248 unum
1857 3193 2122 3265 idemque

2240 3187 2405 3243 ὁπότε
2434 3185 2672 3258 δηλαδὴ,
2706 3191 2794 3246 καὶ
2833 3192 2900 3246 τὰ
2949 3193 3398 3270 κατηγορούμενα
3439 3195 3535 3250 καὶ
3574 3198 3642 3249 τᾶ
3670 3186 3859 3247 ὑποκεί-

483 3287 796 3329 commune
835 3291 1023 3347 genus
1053 3279 1423 3347 referuntur;
1454 3281 1614 3337 verbi
1646 3299 1824 3338 causa
1869 3283 1939 3338 ad
1993 3284 2132 3339 sub-

2247 3297 2396 3350 μενα,
2455 3279 2541 3356 ὑφ’
2593 3278 2648 3334 ἓν
2688 3281 2777 3334 καὶ
2824 3281 2887 3335 τὸ
2936 3281 3066 3338 αύτό
3109 3282 3264 3358 γένος
3292 3283 3474 3339 κοινὸν
3519 3281 3861 3361 ἀναφέρονται,

484 3363 782 3432 stantiam,
808 3369 908 3419 aut
929 3371 1242 3437 quantum,
1267 3374 1368 3423 aut
1389 3369 1624 3442 aliquod
1650 3371 1809 3427 aliud
1835 3388 1903 3427 ex
1933 3373 2122 3428 decem

2244 3367 2348 3421 ὑπὸ
2393 3368 2491 3435 τήν
2544 3367 2724 3423 ούσίαν
2769 3371 2962 3446 τυχὸν,
3009 3367 3048 3440 ἤ
3092 3373 3153 3427 τὸ
3201 3373 3392 3440 ποσὸν,
3420 3369 3464 3442 ἤ
3515 3369 3658 3427 ἄλλο
3698 3368 3860 3424 τιτῶν

483 3451 946 3523 generalissimis
982 3457 1316 3527 generibus.
1351 3459 1512 3514 Tunc
1560 3460 1716 3516 enim
1763 3477 2122 3533 quaecunque

2240 3452 2366 3511 δέκα
2411 3457 2780 3532 γενικωτάτων
2829 3465 3014 3535 γενῶν.
3062 3460 3194 3516 Τότε
3235 3463 3338 3538 γὰρ
3387 3459 3492 3517 ὅσα
3543 3459 3686 3522 τινὸς
3724 3477 3865 3524 κατη-

485 3539 556 3594 de
586 3539 784 3612 aliquo
815 3544 1222 3614 pradicantur,
1256 3552 1322 3602 ut
1347 3548 1487 3617 dixi,
1521 3549 1696 3605 etiam
1741 3550 1812 3606 de
1860 3551 2124 3622 subjecto

485 3626 645 3684 illius
675 3631 1110 3702 praedicabuntu
1120 3652 1164 3688 r.

555 3737 609 3792 7.
641 3736 814 3793 Velut
842 3739 1015 3796 homo
1047 3743 1395 3813 praedicatur
1417 3745 1806 3804 essentialiter
1835 3747 1906 3804 de
1934 3751 2122 3816 Petro,

487 3829 545 3881 et
568 3843 701 3883 vero
732 3828 802 3884 de
827 3829 1061 3886 homine
1091 3832 1309 3888 animal
1357 3834 1742 3892 essentialiter
1781 3837 2128 3908 pradicatur

487 3915 726 3984 (etenim
756 3918 928 3973 ambo
957 3919 1017 3974 in
1052 3936 1168 3976 uno
1195 3922 1641 3993 praedicamento
1673 3931 1812 3981 sunt
1849 3927 2123 3982 substan-

487 4004 626 4077 tiae),
660 4006 825 4077 proin
866 4007 1039 4063 etiam
1089 4010 1160 4064 de
1205 4014 1374 4066 Petro
1422 4013 1640 4068 animal
1693 4015 2123 4085 praedicabitur.

487 4093 713 4150 Etenim
747 4095 951 4152 Petrus
981 4102 1069 4154 est
1097 4099 1272 4156 homo
1306 4118 1319 4157 :
1372 4103 1472 4156 sed
1523 4103 1698 4158 etiam
1749 4102 1968 4158 animal
2014 4108 2123 4159 est.

486 4183 739 4239 Rursum
770 4184 839 4240 de
869 4185 1127 4258 quinque
1157 4189 1508 4261 praedicatur
1536 4208 1817 4247 numerus
1846 4192 2126 4248 essentia-

483 4271 638 4339 liter,
669 4277 727 4329 et
757 4273 827 4329 de
861 4291 1102 4332 numero
1133 4278 1450 4334 discretum
1483 4281 1654 4335 etiam
1708 4281 1903 4353 ipsum
1934 4298 2130 4337 essen-

484 4361 701 4420 tialiter
730 4365 1096 4437 praedicatur.
1112 4367 1338 4422 Etenim
1369 4369 1540 4424 ambo
1570 4369 1746 4424 etiam
1775 4370 1884 4426 sub
1906 4375 2126 4443 quanto

486 4458 671 4521 sunt;
731 4470 866 4527 ergo
922 4455 1100 4510 etiam
1151 4457 1223 4511 de
1278 4458 1539 4529 quinque
1594 4457 1913 4514 discretum
1981 4477 2125 4532 pra-

485 4541 794 4600 dicabitur.
835 4544 1061 4600 Etenim
1105 4545 1366 4618 quinque
1395 4551 1453 4602 et
1473 4564 1756 4603 numerus
1804 4553 1861 4604 et
1909 4549 2125 4604 discre-

485 4638 614 4689 tum
665 4638 772 4690 est.
805 4634 875 4689 Et
931 4634 1054 4690 hinc
1096 4634 1330 4707 quidem
1375 4636 1445 4692 de
1491 4636 1751 4707 subjecto
1801 4641 1890 4693 est
1918 4638 2124 4710 pradi-

484 4723 653 4779 catio.

2232 3550 2548 3622 γοροῦνται,
2577 3548 2757 3612 καθὼς
2790 3544 3034 3622 εἷ’πομεν,
3066 3550 3158 3606 καὶ
3186 3553 3282 3604 τοῦ
3329 3548 3695 3624 ὑποκειμένου
3734 3545 3859 3614 αύτῷ

2233 3637 2751 3712 κατηγορηθήσοντα
2761 3659 2797 3695 ι.

2315 3744 2375 3812 ζ’.
2421 3742 2546 3798 Οἶον
2595 3745 2624 3798 ὁ
2673 3742 2955 3821 ἅνθρωπος
3005 3743 3284 3807 οὐσιωδῶς
3349 3749 3730 3822 κατηγορεῖται
3781 3741 3863 3794 τοῦ

2235 3830 2461 3907 Πέτρου,
2513 3831 2601 3885 καὶ
2643 3836 2741 3886 τοῦ
2791 3832 3074 3908 ἀνθρώπου
3108 3829 3154 3887 δ’
3186 3830 3471 3897 ούσιωδῶς
3508 3833 3866 3907 κατηγορεῖται

2233 3921 2295 3974 τὸ
2328 3924 2463 3988 ζῶον
2515 3920 2644 3993 (ὑπὸ
2697 3921 2820 3994 μίαν
2869 3922 2971 3998 γὰρ
3020 3921 3352 3998 κατηγορίαν
3404 3923 3510 3992 τὴν
3563 3919 3741 3976 οὐσίαν
3787 3915 3863 3970 καὶ

2236 4008 2556 4087 ἀμφότερα),
2601 4008 2690 4064 καὶ
2736 4013 2833 4064 τοῦ
2882 4011 3090 4086 Πέτρου
3134 4010 3313 4066 τοίνυν
3345 4011 3408 4066 τὸ
3462 4016 3602 4081 ζῶον
3650 4026 3866 4080 κατηγο-

2237 4100 2531 4174 ρηθήσεται
2567 4141 2578 4154 .
2633 4103 2688 4152 Ὁ
2727 4100 2830 4174 γὰρ
2888 4098 3090 4176 Πέτρος
3151 4098 3433 4177 ἅνθρωπός
3497 4099 3640 4156 ἐστιν
3673 4119 3685 4132 ο
3740 4093 3866 4150 ἀλλὰ

2233 4187 2324 4242 καὶ
2359 4187 2494 4256 ζῶόν
2529 4186 2660 4244 ἐστι.
2694 4186 2866 4243 Πάλιν
2911 4193 3013 4244 τοῦ
3059 4189 3220 4245 πέντε
3264 4195 3657 4266 κατηγορεῖται
3687 4185 3868 4241 ούσιω-

2237 4273 2345 4338 δῶς
2401 4278 2430 4331 ὁ
2489 4276 2740 4350 ἀριθμός·
2800 4277 2888 4332 καὶ
2947 4281 3044 4333 τοῦ
3102 4278 3340 4354 ἀριθμοῦ
3385 4281 3771 4354 κατηγορεῖται
3813 4271 3866 4325 τὸ

2237 4362 2597 4438 διωρισμένον
2654 4363 2933 4427 οὗσιωδῶς
2990 4365 3079 4422 καὶ
3131 4365 3293 4423 αὐτό.
3343 4366 3448 4426 Καὶ
3498 4368 3603 4444 γὰρ
3665 4364 3766 4422 ὐπὸ
3814 4358 3867 4416 τὸ

2236 4455 2399 4509 ποσὸν
2430 4455 2519 4509 καὶ
2551 4454 2850 4532 ἀμφότερα,
2899 4455 2990 4510 καὶ
3036 4460 3134 4511 τοῦ
3183 4457 3342 4512 πέντε
3384 4461 3517 4532 γοῦν
3567 4471 3866 4530 κατηγορη-

2235 4544 2451 4613 θήσεται
2508 4543 2572 4598 τὸ
2630 4541 3008 4619 διωρισμένον.
3067 4545 3124 4598 '0
3170 4543 3274 4620 γὰρ
3326 4543 3486 4600 πέντε
3531 4544 3624 4600 καὶ
3656 4537 3867 4617 ἀριθμός

2235 4631 2367 4705 ἐστι,
2422 4633 2510 4687 καὶ
2569 4630 2925 4709 διωρισμένον
2969 4632 3118 4688 έστί.
3177 4634 3277 4688 Καὶ
3328 4633 3462 4704 αὕτη
3527 4635 3624 4708 μὲν
3684 4635 3720 4702 ἡ
3766 4627 3866 4684 καθ’

2234 4721 2590 4795 ὑποκειμένου
2618 4723 2935 4799 κατηγορία.

554 4813 608 4867 8.
637 4813 976 4870 Praedicatio
1007 4817 1205 4869 autem
1235 4813 1294 4869 in
1319 4815 1582 4886 subjecto
1603 4819 1710 4886 est,
1737 4831 1873 4871 cum
1904 4816 2122 4888 aliquid

2316 4818 2385 4881 η’.
2421 4813 2505 4866 Ἐν
2559 4811 2899 4885 ὑποκειμένῳ
2945 4808 3003 4867 δὲ
3058 4811 3362 4888 κατηγορία
3407 4809 3551 4867 ἐστὶν
3596 4809 3722 4866 ὅταν
3751 4805 3871 4863 κατά

486 4900 558 4957 de
605 4900 798 4972 aliquo
848 4903 908 4957 in
957 4903 1197 4958 modum
1243 4903 1507 4959 essentia
1555 4905 1968 4975 adjunctorum
1999 4907 2126 4976 (seu

485 4989 942 5062 accidentaliter)
970 4991 1219 5060 dicitur;
1250 4993 1483 5063 quando
1512 4991 1794 5048 nimirum
1843 4994 2021 5049 etiam
2051 4995 2124 5050 ad

488 5093 673 5132 unum
723 5082 779 5132 et
820 5079 974 5134 idem
1029 5097 1339 5138 commune
1391 5098 1580 5155 genus
1637 5082 2012 5154 praedicatum
2069 5089 2127 5139 et

485 5167 817 5236 subjectum
847 5185 962 5224 non
993 5170 1342 5226 referuntur.

556 5255 611 5309 9.
644 5255 770 5312 Non
802 5257 957 5312 enim
991 5261 1148 5328 tunc,
1183 5276 1546 5333 quaecunque
1594 5261 1664 5317 de
1711 5262 1974 5332 subjecto
2008 5263 2126 5319 sive

485 5343 874 5401 essentialiter
903 5345 1023 5400 sive
1069 5347 1500 5404 accidentaliter
1543 5351 1839 5422 dicuntur,
1871 5352 2021 5409 145
2059 5367 2126 5408 ea

477 5435 605 5506 jam
637 5432 814 5488 etiam
845 5433 916 5488 de
948 5434 1210 5505 subjecto
1241 5436 1573 5492 efferantur.

559 5538 848 5594 10.Veluti
869 5539 940 5595 de
961 5556 1143 5613 cygno
1164 5543 1512 5612 praedicatur
1533 5544 1732 5602 album
1755 5546 2127 5603 accidentali-

484 5631 592 5693 ter,
625 5628 697 5682 de
727 5627 858 5683 albo
889 5633 1082 5684 autem
1115 5629 1272 5684 color
1299 5632 1702 5692 essentialiter.
1715 5636 1948 5708 Cygnus
1969 5636 2126 5692 enim

485 5718 546 5773 in
569 5716 903 5772 substantia
922 5721 1011 5772 est
1033 5735 1046 5784 ;
1079 5722 1138 5772 at
1157 5718 1355 5774 album
1377 5724 1434 5775 et
1452 5721 1608 5776 color
1637 5725 1746 5779 sub
1773 5724 2128 5796 quali.Color

483 5806 667 5880 igitur
687 5823 805 5862 non
827 5807 1040 5864 dicitur
1060 5809 1130 5864 de
1147 5825 1361 5882 cygno:
1382 5827 1518 5866 nam
1541 5819 1848 5884 cygnus,et
1867 5830 2123 5885 cerussa,

483 5905 542 5956 et
571 5915 819 5975 gypsum
841 5906 897 5957 et
922 5901 1022 5958 nix
1051 5899 1181 5959 alba
1202 5900 1437 5973 quidem
1460 5907 1618 5972 sunt,
1642 5902 1742 5958 sed
1771 5902 1991 5960 colores
2011 5921 2126 5959 non

2233 4920 2376 4962 τινος
2415 4899 2641 4975 λέγηταί
2670 4921 2723 4955 τι
2764 4897 3138 4964 έπουσιωδῶςο
3185 4900 3386 4957 ὁπόταν
3437 4897 3704 4970 δηλονότι
3754 4891 3868 4972 μηδ’

2238 4989 2322 5066 ὑφ’
2377 4988 2430 5044 ἓν
2487 4988 2577 5044 καί
2632 4991 2694 5045 τὸ
2748 4988 2878 5046 αὐτὸ
2934 4991 3091 5058 γένος
3151 4990 3326 5045 κοινὸν
3391 4987 3751 5066 ἀναφέρονται
3816 4983 3869 5037 τὸ

2233 5079 2710 5155 κατηγορούμενον
2742 5079 2832 5134 καὶ
2861 5079 2923 5135 τὸ
2949 5077 3324 5152 ὑποκείμενον.

2315 5260 2380 5323 θ’.
2409 5257 2542 5312 Τότε
2597 5258 2698 5334 γὰρ
2757 5256 2866 5332 οὐχ
2921 5255 3020 5311 ὅσα
3066 5255 3204 5311 κατὰ
3246 5259 3349 5311 τοῦ
3398 5254 3873 5334 κατηγορουμένου

2235 5346 2469 5424 λέγεται,
2520 5343 2628 5402 εἷ’τε
2675 5341 2977 5415 ούσιωδῶς,
3028 5341 3135 5400 εἴτε
3165 5341 3537 5417 έπουσιωδῶς,
3577 5347 3748 5400 ταῦτα
3773 5338 3872 5411 ἤδη

2232 5435 2323 5492 καὶ
2352 5437 2488 5491 κατὰ
2514 5440 2612 5490 τοῦ
2643 5433 3002 5508 ὑποκειμένου
3034 5432 3348 5511 ῥηθήσεται.

2316 5545 2367 5603 ι’.
2394 5545 2517 5599 Οἴον
2553 5546 2650 5597 τοῦ
2697 5541 2896 5598 κύκνου
2953 5545 3336 5618 κατηγορεῖται
3373 5540 3437 5597 τὸ
3479 5537 3677 5597 λευκόν
3724 5538 3874 5594 ἐπου-

2235 5630 2467 5695 σιωδῶς·
2510 5635 2608 5688 τοῦ
2638 5629 2697 5687 δὶ
2743 5629 2940 5686 λευκοῦ
2986 5632 3050 5687 τὸ
3095 5634 3302 5708 χρῶμα
3344 5626 3652 5693 ούσιωδῶς.
3683 5629 3740 5684 '0
3784 5626 3872 5702 μὲν

2231 5723 2334 5801 γὰρ
2383 5722 2578 5784 κύκνος
2621 5720 2730 5778 ὑπὸ
2771 5721 2872 5792 τήν
2920 5719 3105 5778 οὐσίαν
3143 5718 3276 5778 ἐστί·
3323 5720 3390 5776 τὸ
3433 5716 3492 5778 δὶ
3544 5717 3738 5776 λευκὸν
3789 5713 3877 5772 καὶ

2233 5813 2296 5867 τὸ
2343 5817 2550 5889 χρῶμα
2593 5811 2699 5868 ὐπὸ
2743 5811 2808 5866 τὸ
2853 5810 3033 5869 ποιόν.
3081 5808 3155 5865 Ού
3183 5808 3366 5866 τοίνυν
3411 5807 3476 5866 τὰ
3513 5811 3720 5886 χρῶμα
3745 5805 3876 5862 κατᾶ

2234 5906 2331 5957 τοῦ
2398 5901 2595 5958 κύκνου
2673 5901 2966 5980 ῥηθήσεται
3005 5919 3019 5935 ·
3075 5901 3104 5955 ὁ
3179 5900 3282 5979 γὰρ
3357 5898 3609 5970 κύκνος,
3655 5895 3746 5954 καὶ
3814 5893 3877 5950 τὶ
