4096 6478
252 401 333 466 801
1533 406 1878 468 EPITOME
1921 408 2197 469 LOGICA
2215 451 2231 469 .
3460 421 3578 482 802

250 532 492 608 ψιμμίθιον,
524 533 612 588 καὶ
643 533 678 602 ἡ
707 529 918 595 τίτανος
965 530 1054 587 καὶ
1084 534 1119 602 ἡ
1151 534 1291 608 χιὼν
1346 532 1512 590 λευκά
1547 537 1641 609 μὲν
1699 538 1821 592 εἰσι⁸
1852 551 1871 608 λ

1995 545 2094 597 unt.
2131 543 2358 599 Rursus
2385 544 2455 600 de
2475 543 2712 602 homine
2727 546 2946 604 animal
2977 550 3579 626 essentialiterpradi-

249 624 453 701 χρώματα
498 619 557 678 δὲ
585 621 685 678 οὐκ
730 621 851 678 εἶσί.
899 621 1072 678 Πάλιν
1117 627 1214 677 τοῦ
1266 622 1551 699 ἀνθρώπου
1595 648 1827 702 κατηγο-

1995 635 2102 686 itur
2123 649 2136 700 ;
2173 631 2242 687 de
2263 633 2500 688 animali
2517 639 2710 690 autem
2729 636 3098 709 trisyllabum
3119 619 3576 714 accidentaliter;

250 718 378 789 ρεῖται
401 713 450 767 τὸ
481 717 616 781 ζῶον
646 708 945 773 οὐσιωδῶς·
979 715 1074 766 τοῦ
1119 708 1177 767 δὲ
1226 713 1368 781 ζώου
1403 715 1465 768 τὸ
1496 711 1824 771 δισύλλαϐον

1995 736 2104 774 imo
2117 721 2270 775 enim
2286 727 2342 776 et
2353 721 2569 777 animal
2583 724 2690 778 sub
2706 708 3578 802 substantiasunt:trisyllabum

247 798 573 863 ἐπουσιωδῶςο
634 801 662 855 ὁ
720 800 813 873 μὲν
872 799 974 874 γὰρ
1031 798 1346 876 ἅνθρωπος,
1403 803 1493 857 κιοὶ
1546 804 1609 859 τὸ
1667 809 1826 874 ζῶον,

1995 813 2132 863 item
2165 810 2273 864 sub
2305 815 2521 880 quanto
2549 817 2654 866 est.
2688 812 2812 867 Non
2845 815 3022 886 igitur
3037 817 3210 872 etiam
3244 798 3579 878 de-bomine

245 890 326 947 ὐπὸ
348 892 426 960 τὴν
452 889 632 945 οὐσίαν
666 889 786 945 εἶσί·
817 891 880 945 τὸ
931 886 989 944 δὲ
1037 886 1366 945 δισύλλαὸον
1402 892 1506 946 ὑπὸ
1549 894 1612 947 τὸ
1639 894 1826 950 ποσόν.

1995 896 2303 968 isyllabum
2350 899 2803 969 praedicabitur;
2853 904 3068 960 etenim
3125 906 3301 962 homo
3362 910 3580 966 animal

243 979 302 1035 Οὐ
323 975 468 1035 τοίνυν
513 978 603 1034 καὶ
647 982 746 1033 τοῦ
793 979 1080 1055 ἀνθρώπου
1107 979 1170 1033 τὸ
1220 975 1550 1036 δισύλλαϐον
1599 1002 1833 1057 κατηγο-

1995 985 2180 1040 iidem
2227 991 2337 1050 est,
2370 989 2470 1042 sed
2520 1006 2634 1043 non
2682 994 2771 1044 est
2821 991 3208 1064 trisyllabum.
3245 998 3459 1053 Iterum
3511 1001 3581 1056 de

241 1069 514 1155 ρηθήςετᾳι·
555 1067 668 1155 κκαὶ
727 1067 830 1155 γὰρ
890 1067 918 1122 ὁ
975 1067 1255 1155 ἅνθρωπος
1314 1072 1450 1137 ζῶον
1515 1071 1607 1142 μέν
1669 1069 1828 1142 ἐστι,

1995 1078 2175 1128 )crate
2207 1074 2639 1131 accidentalitor
2659 1078 2874 1134 dicitur
2895 1081 3313 1155 philosophum
3338 1103 3351 1154 ;
3386 1087 3486 1142 sed
3511 1089 3584 1144 de

239 1150 513 1212 δισύλλαϐον
549 1153 607 1211 δὲ
652 1155 752 1211 οὐκ
798 1152 933 1213 ἔστι.
983 1154 1154 1212 Πάλιν
1200 1158 1337 1211 κατὰ
1380 1162 1478 1212 τοῦ
1510 1158 1832 1235 Σωκράτους

1995 1161 2287 1233 ailosopho
2321 1164 2821 1236 quadrisyllabum
2854 1150 3032 1224 simili
3063 1150 3286 1229 ratione
3315 1150 3582 1232 acciden-

239 1243 536 1308 ἑπουσιωδῶς
587 1245 801 1321 λέγεται
848 1246 911 1300 τὸ
967 1241 1277 1323 σιλόσοφον·
1323 1249 1457 1302 κατά
1505 1245 1562 1302 δὲ
1612 1253 1707 1303 τοῦ
1746 1271 1834 1328 φι-

1995 1248 2136 1305 ιΙὶῐθι-
2177 1251 2426 1320 dicitur;
2461 1253 2724 1310 Socrates
2771 1257 2926 1312 enim
2956 1261 3068 1314 sub
3119 1263 3451 1320 substantia
3483 1284 3496 1321 :
3527 1271 3587 1322 at

239 1334 435 1413 λοσόφου
489 1333 696 1407 ὁμοίως
744 1331 1095 1396 ὲπουσιωδῶς
1149 1335 1214 1389 τὸ
1268 1332 1703 1423 τετρασύλλαϐον
1732 1356 1744 1368 ’
1806 1338 1834 1391 ὁ

1995 1340 2356 1412 biloscphum
2387 1343 2496 1398 sub
2528 1343 2685 1414 quali
2716 1350 2805 1401 est
2836 1363 2848 1400 :
2884 1349 3387 1423 quadrisyllabum
3419 1355 3586 1412 deni-

241 1425 318 1498 μὶν
359 1423 446 1500 γὰρ
490 1423 788 1500 Σωκράτης
840 1422 942 1478 ὑπὸ
988 1424 1087 1516 την
1134 1423 1317 1479 οὐσίαν
1349 1424 1574 1516 earth-:6
1619 1422 1677 1480 δὲ
1707 1425 1836 1503 φιλό

1995 1445 2062 1484 ue
2090 1430 2199 1485 sub
2248 1435 2488 1502 quanto.
2521 1432 2631 1488 Sed
2663 1451 2778 1490 non
2826 1435 3001 1491 etiam
3053 1422 3140 1494 de
3168 1440 3400 1498 Socrate
3444 1461 3587 1516 qua-

237 1532 372 1590 σοφον
421 1511 518 1566 ὑπὸ
561 1512 624 1566 τὸ
678 1510 855 1566 ποιόνο
913 1511 978 1566 τὸ
1035 1508 1092 1565 δὲ
1136 1507 1573 1588 τετρασύλλαϐον
1626 1514 1728 1568 ὑπὸ
1774 1516 1837 1568 τὸ

1995 1517 2329 1591 risyllabum
2380 1520 2626 1576 dicetur.
2687 1523 2953 1580 Socrates
3007 1528 3163 1582 enim
3212 1507 3587 1600 quidem-est

234 1600 390 1657 ποσόν.
433 1597 590 1656 Ἀλλ’
636 1599 764 1676 οὐχί
811 1600 899 1655 καὶ
949 1601 1084 1655 κατὰ
1127 1605 1224 1655 τοῦ
1274 1601 1598 1676 Σωκράτους
1647 1601 1836 1678 ῥηθείη

1995 1606 2354 1679 bilosopbus,
2386 1611 2486 1664 sed
2522 1628 2636 1666 non
2667 1611 2842 1668 etiam
2874 1597 3373 1689 quadrisyllabum
3407 1625 3513 1677 est.

234 1689 287 1746 ἄν
319 1691 373 1746 τὸ
395 1683 846 1766 τετρασύλλαϐον.
874 1688 1189 1767 Φιλόσοφος
1223 1691 1315 1763 μὲν
1346 1689 1447 1766 γάρ
1479 1690 1618 1745 ἐστιν
1653 1692 1680 1745 ὁ
1714 1694 2028 1768 Σωκράτης,
2064 1694 2124 1748 οὐ
2160 1697 2266 1767 μὴν
2300 1693 2357 1750 δὲ
2383 1698 2474 1751 καὶ
2501 1683 2956 1773 τετρασύλλαϐον.

304 1781 377 1837 ια’.
404 1781 598 1855 ’Ὠσπερ
631 1775 689 1833 δὲ
717 1779 948 1834 πάντοτε
993 1782 1062 1852 τῇ
1114 1779 1233 1842 καθ’
1284 1779 1648 1853 ὑποκειμένου
1679 1801 1841 1852 κατη-

2021 1786 2108 1840 11.
2170 1788 2673 1851 Quemadmodum
2733 1791 2887 1846 enim
2944 1793 3003 1848 in
3058 1797 3463 1866 praedicatione
3521 1802 3592 1858 de

229 1869 370 1946 γορίᾳ
392 1867 690 1946 ἐμφαίνεται
723 1867 788 1922 τὸ
836 1867 1178 1939 συνώνυμον,
1209 1865 1383 1930 οὕτως
1428 1872 1498 1942 τῇ
1531 1867 1584 1922 ἐν
1618 1869 1840 1924 ὑποκει-
1870 1898 1871 1901 η

1995 1875 2213 1944 ubjecto
2247 1876 2556 1932 univocum
2579 1894 2808 1951 semper
2835 1865 3221 1954 conspicitur:
3243 1887 3326 1942 sic
3355 1887 3415 1942 in
3448 1905 3590 1960 prae-

232 1957 360 2032 μένῳ
387 1955 653 2012 οὐδέποτεο
688 1954 816 2012 ἀλλ’
845 1955 935 2010 ὀτὲ
990 1955 1084 2029 μὲν
1122 1956 1186 2010 τὸ
1233 1956 1549 2030 ὁμώνυμον·
1593 1957 1667 2019 ὠς
1718 1958 1841 2013 ὅταν

1999 1963 2244 2019 icatione
2276 1964 2332 2019 in
2382 1967 2646 2037 subjecto
2694 1969 3020 2040 (nunquam
3073 1954 3590 2048 deprehendit-ur);

230 2045 339 2120 εἴπῃ
385 2067 461 2109 τις
515 2043 679 2117 τήνδε
729 2046 828 2114 τὴν
886 2050 1113 2120 γυναῖκα
1174 2047 1437 2118 μουσικὴν
1496 2047 1531 2115 ἢ
1591 2067 1846 2122 γραμμα-

1995 2051 2058 2106 ed
2088 2051 2382 2108 interdum
2416 2054 2653 2126 quidem
2685 2059 3069 2128 equivocum,
3104 2043 3168 2117 ut
3217 2080 3348 2119 cum
3380 2043 3594 2138 aliquis

227 2135 409 2204 τικήν·
465 2135 554 2189 ὁτὲ
611 2130 668 2188 δὲ
718 2133 783 2188 τὸ
839 2135 1165 2209 παρώνυμον
1203 2153 1216 2166 ·
1276 2133 1351 2197 ὠς
1408 2133 1531 2190 ὅταν
1590 2135 1694 2190 ἀπὸ
1745 2143 1847 2204 τῆς

2001 2157 2108 2195 anc
2139 2141 2444 2197 mulierem
2476 2144 2758 2200 musicam
2792 2155 2892 2202 aut
2928 2152 3374 2219 grammaticam
3407 2130 3550 2211 dicit
3581 2173 3595 2211 :

231 2221 528 2300 φιλοσοφίας
585 2221 938 2297 παρονομάσῃ
994 2243 1079 2284 τις
1132 2222 1226 2277 τὸν
1288 2223 1643 2313 Ἀριστοτέλη
1689 2223 1847 2303 φιλό-

2003 2245 2381 2300 onnunquam
2412 2247 2544 2285 vero
2575 2232 3120 2305 demonstrativum,
3155 2242 3219 2292 ut
3247 2255 3380 2295 cum
3411 2259 3446 2296 a
3475 2241 3601 2313 phi-

233 2329 400 2389 σοφονο
453 2311 586 2366 ποτὲ
642 2308 708 2364 αὗ
765 2312 825 2365 τὸ
883 2311 1264 2385 ἓτερώνυμον·
1315 2311 1391 2374 ὠς
1450 2311 1572 2368 ὅταν
1641 2314 1701 2368 ἐκ
1751 2319 1852 2382 τῆς

1995 2317 2226 2389 )sopbia
2269 2320 2423 2374 148
2465 2320 2831 2378 Aristotelem
2883 2323 3094 2396 aliquis
3144 2308 3604 2386 denominaiierit

231 2401 409 2475 ἀρετῆς
436 2395 727 2454 σπουδαῖον
776 2401 868 2454 τὸν
917 2398 1211 2475 Σωκράτην
1261 2399 1462 2474 καλέσῃ
1511 2421 1616 2463 τις.
1648 2401 1718 2454 Τὸ
1748 2400 1852 2476 γὰρ

1995 2406 2375 2478 .bilosopbum
2404 2425 2417 2472 ;
2449 2409 2744 2465 interdum
2777 2395 3028 2484 denique
3059 2415 3503 2487 diversivocum,
3538 2424 3605 2475 ut

233 2487 458 2566 ἐνάρετον
529 2487 582 2543 ἐν
657 2491 727 2562 τῇ
798 2492 897 2543 τοῦ
971 2487 1340 2563 Ἑλληνισμοῦ
1412 2490 1666 2562 συνηθείᾳ
1749 2489 1856 2566 οὐχ

1999 2513 2098 2551 um
2130 2496 2342 2568 aliquis
2374 2498 2670 2554 Socratem
2721 2516 2752 2554 a
2782 2501 2994 2557 virtute
3041 2503 3230 2560 virum
3261 2506 3482 2564 bonum
3515 2508 3603 2564 di-

233 2576 458 2655 εὕρηται.

304 2861 388 2938 ιβ’.
435 2858 600 2916 Οὐσία
648 2857 708 2915 δὲ
735 2858 824 2916 καὶ
882 2857 1136 2923 οὐσιῶδες
1187 2858 1527 2940 διαφέρουσιν
1568 2861 1856 2933 ἀλλήλων·

221 2949 472 3012 ὡσαύτως
503 2943 850 3024 συμϐεϐηκός
871 2969 930 3004 τε
958 2950 1046 3005 καὶ
1077 2947 1425 3014 ἐπουσιῶδες.

303 3130 390 3204 ιγ’.
423 3129 485 3184 Ἥ
531 3128 625 3202 μὲν
674 3128 778 3203 γὰρ
826 3126 981 3182 οὐσία
1027 3130 1251 3204 πρᾶγμά
1301 3129 1438 3185 ἐστιν
1470 3129 1862 3208 αὐθύπαρκτον,

222 3219 300 3292 μὴ
359 3215 614 3292 δεόμενον
672 3217 858 3292 ἑτέρου
913 3218 1049 3291 πρὸς
1112 3217 1382 3276 σύστασιν.
1430 3221 1500 3274 Τὸ
1558 3217 1615 3274 δὲ
1664 3215 1864 3294 συμϐε-

218 3301 396 3376 ϐηκὸς
445 3305 675 3382 πρᾶγμά
731 3305 870 3361 ἐστιν
926 3305 977 3361 έν
1032 3309 1100 3381 τῇ
1153 3307 1309 3380 οὐσίᾳ
1357 3308 1624 3384 ὑπάρχον,
1669 3310 1743 3383 μή
1794 3309 1868 3372 ὠς

222 3394 415 3471 μέρος,
447 3395 538 3451 καὶ
575 3396 650 3470 μή
685 3391 979 3468 δυνάμενον
1011 3395 1143 3451 εἶναι
1171 3398 1270 3466 τῆς
1299 3395 1481 3459 οὐσίας
1513 3398 1711 3475 χωρίς.

307 3499 392 3561 ιδ’.
448 3501 520 3556 Τὸ
569 3499 828 3565 οὐσιῶδες
877 3499 935 3556 δὲ
980 3503 1069 3557 καὶ
1123 3501 1450 3566 ἐπουσιῶδες
1496 3505 1690 3581 τρόποι
1739 3505 1868 3560 εἰσὶν

215 3591 507 3668 ὑπάρξεώς
561 3611 721 3646 τινων
778 3586 833 3645 ἔν
887 3611 1016 3648 τισι.
1076 3592 1180 3647 Καὶ
1235 3593 1298 3647 τὸ
1359 3592 1452 3666 μὲν
1512 3590 1771 3656 οὐσιῶδες
1807 3594 1871 3650 τὸ

209 3679 423 3736 οἰκεῖον
493 3680 583 3735 καὶ
658 3681 881 3758 γνήσιον
955 3683 1052 3735 τοῦ
1128 3679 1526 3758 ἐνυπάρχοντος
1581 3681 1871 3757 παρίστησι

205 3770 545 3846 πράγματος
599 3769 735 3844 πρὸς
794 3769 966 3824 ἐκεῖνο
1023 3769 1069 3842 ᾧ
1127 3767 1441 3847 ἐνυπάρχει,
1490 3770 1561 3825 Τὸ
1611 3768 1667 3826 δὲ
1720 3771 1874 3826 ἐπου-

201 3855 414 3921 σιῶδες
465 3859 529 3913 τὸ
576 3855 870 3936 ἀλλότριον
919 3855 1086 3929 δηλοῖ
1128 3857 1217 3913 καὶ
1247 3858 1308 3913 τὸ
1355 3858 1687 3917 ἐπείσακτον.
1719 3863 1871 3924 Ὅθεν

199 3947 298 4004 καὶ
333 3946 393 4002 ἐν
426 3948 626 4009 πάσαις
654 3952 780 4012 ταῖς
827 3947 1182 4024 κατηγορίαις
1233 3947 1297 4002 τὸ
1328 3945 1583 4011 οὐσιῶδές
1615 3970 1673 4005 τε
1696 3949 1785 4004 καὶ
1812 3950 1875 4004 τὸ

198 4033 552 4099 ἐπουσιῶδες
579 4031 943 4111 λαμϐάνεσθαι
977 4033 1215 4096 δύναται.

295 4234 384 4291 ιε’.
421 4233 493 4287 Τὸ
526 4229 569 4287 δ’
598 4230 651 4286 ἔν
700 4253 808 4286 τινι
858 4230 1074 4307 λέγεται
1124 4229 1450 4308 ἒνδεκαχῶς”
1501 4231 1575 4296 ὠς
1627 4235 1778 4308 γένος
1828 4235 1880 4290 ἐν

197 4318 374 4377 εἴδει·
435 4322 551 4376 οἷον
597 4322 661 4376 τὸ
711 4325 846 4390 ζῶον
897 4319 950 4376 έν
999 4324 1078 4392 τῷ
1129 4320 1419 4398 ἀνθρώπῳ.
1469 4321 1538 4376 Τὸ
1586 4322 1689 4398 γὰρ
1727 4323 1880 4399 γένος

194 4409 568 4488 ἐξῃρημένην
618 4406 746 4485 ἔχον
791 4411 891 4478 τὴν
953 4409 1199 4486 ὕπαρξιν,
1258 4408 1386 4465 ὅλον
1437 4409 1488 4464 ἐν
1542 4409 1748 4485 ἑκάστῳ
1798 4413 1884 4487 γί-

184 4519 362 4554 νεται
421 4503 534 4554 τῶν
586 4496 766 4570 εἰδῶν,
818 4498 908 4554 καὶ
956 4499 1135 4554 κοινὸν
1171 4504 1288 4561 τοῖς
1337 4496 1528 4554 εἷ’δεσιν
1582 4502 1744 4554 ἅπασι
1793 4501 1883 4555 καὶ

189 4584 399 4643 ἰδικὸν
464 4588 541 4642 ἑνὶ
596 4587 804 4660 ἑκάστῳ
857 4583 984 4644 εἴδει
1046 4585 1178 4643 ἐστί.
1239 4588 1427 4651 Καθὼς
1485 4589 1519 4658 ἡ
1578 4590 1732 4666 φωνή
1787 4593 1883 4644 τοῦ

176 4679 469 4751 κήρυκος
527 4681 643 4739 τοῖς
702 4675 988 4745 ἀκούουσι,
1040 4675 1129 4730 καὶ
1177 4677 1212 4744 ή
1263 4673 1367 4746 ὕλη
1416 4682 1534 4738 τοῖς
1584 4676 1634 4731 ἐν
1666 4677 1878 4751 κόσμῳ,

172 4763 287 4819 καὶ
323 4765 402 4819 τὸ
432 4768 535 4819 τοῦ
563 4763 768 4820 κύκλου
808 4765 1026 4841 κέντρον
1071 4768 1190 4826 ταῖς
1239 4762 1289 4834 ἐξ
1339 4763 1502 4820 αὐτοῦ
1545 4762 1609 4836 δὴ
1640 4770 1736 4821 τοῦ
1764 4769 1883 4822 κέν-

170 4872 342 4930 τρου
413 4851 756 4930 ἆρχομέναις
809 4852 1056 4915 εὐθείαις⁸
1117 4851 1192 4914 ὠς
1249 4850 1390 4916 εἶδος
1449 4853 1501 4909 έν
1557 4856 1718 4931 γένει,
1767 4858 1880 4911 οἷον

176 4943 215 4997 ὁ
254 4939 586 5016 ἄνθρωπος
635 4941 688 4997 ἐν
735 4947 816 5014 τῷ
867 4942 1013 5015 ζώῳ.
1061 4941 1383 5019 Περιέχεται
1410 4944 1512 5020 γὰρ
1544 4945 1572 4998 ὁ
1603 4942 1884 5021 ἄνθρωπος

170 5028 241 5085 ἓν
280 5035 388 5104 τῷ
428 5031 582 5104 ζώῳ,
606 5031 696 5086 καὶ
727 5037 831 5086 πᾶν
863 5029 1004 5093 εἶδος
1037 5030 1088 5086 έν
1118 5035 1198 5102 τῷ
1228 5031 1415 5104 οἰκείῳ
1445 5033 1610 5108 γένει,
1639 5033 1714 5096 ὠς
1755 5033 1883 5090 ὅλον

169 5119 240 5176 ἐν
289 5121 536 5197 μέρεσι,
577 5119 816 5198 καθάπερ
865 5121 893 5174 ὁ
950 5122 1246 5194 Σωκράτης
1293 5119 1344 5175 ἐν
1393 5126 1511 5185 τοῖς
1565 5123 1754 5179 ἑαυτοῦ
1790 5125 1884 5198 μέ-

169 5227 356 5284 ρεσι,
433 5207 650 5287 κεφαλῇ
685 5257 699 5281 ,
752 5211 932 5288 χερσὶ,
984 5209 1133 5282 ποσὶ,
1191 5209 1278 5264 καὶ
1328 5216 1446 5274 τοῖς
1504 5208 1696 5276 ἄλλοις
1731 5233 1745 5246 ο
1797 5213 1886 5268 καὶ

163 5301 382 5353 τοῦτο
451 5295 499 5352 δ’
544 5295 601 5353 ἓν
647 5298 786 5353 τισίν
828 5298 961 5371 ἐστι,
1010 5298 1100 5353 καὶ
1152 5298 1252 5353 οὐκ
1296 5297 1350 5353 ἓν
1393 5320 1521 5358 τινι.
1553 5302 1778 5376 Λέγεται
1830 5301 1888 5358 δὲ

165 5387 393 5464 μέρος
445 5387 542 5460 μὲν
574 5385 730 5443 ὅλου’
768 5385 899 5443 ὅλον
955 5385 1014 5442 δὲ
1055 5391 1233 5464 μερῶν
1276 5384 1549 5462 οὐδαμῶς,
1599 5387 1725 5445 ἀλλ’
1760 5389 1890 5447 ὅλον

157 5474 229 5531 ἒν
321 5477 573 5553 μέρεσιν
607 5519 621 5534 .
680 5478 768 5539 Ὧς
831 5477 992 5554 μέρος
1051 5475 1104 5531 έν
1164 5474 1317 5549 ὅλῳ·
1379 5476 1613 5554 καθάπερ
1675 5481 1798 5557 χεὶρ
1851 5482 1886 5551 ἧ

149 5569 342 5628 ποῦς
417 5563 481 5621 ἐν
534 5567 831 5642 Σωκράτει.
863 5568 952 5629 Ὧς
999 5563 1139 5628 εἶδος
1189 5565 1242 5620 ἐν
1289 5564 1415 5640 ὕλῃ·
1447 5569 1585 5631 καθὰ
1629 5569 1692 5623 τὸ
1748 5568 1888 5632 εἶδος

145 5659 281 5709 τοῦ
326 5651 681 5726 ἀνδριάντος
731 5655 782 5711 έν
832 5654 1186 5731 τῷξ.χαλκῷ,
1233 5655 1321 5710 καὶ
1350 5656 1413 5710 τὸ
1461 5662 1686 5730 σημεῖον
1739 5658 1790 5713 ἐν
1820 5663 1889 5732 τῇ

149 5747 500 5826 γραμμῇο
558 5741 822 5802 εἷ’δοποιεῖ
867 5745 970 5824 γὰρ
1030 5745 1116 5802 καὶ
1172 5745 1235 5802 τὸ
1291 5750 1517 5822 σημεῖον
1582 5748 1682 5819 τὴν
1736 5767 1892 5805 7:51:6-

1963 2585 2129 2640 xerit.
2180 2585 2405 2640 Etenim
2454 2586 2514 2641 in
2562 2587 2767 2644 Graecis
2813 2588 3028 2662 linguas
3069 2595 3488 2654 consuetudine
3542 2597 3605 2652 τὸ

1967 2671 2207 2746 ἐναρετον
2241 2674 2328 2746 (ut
2355 2675 2532 2732 etiam
2564 2676 2623 2731 in
2656 2676 2858 2734 Latina
2885 2678 3088 2752 lingua
3115 2682 3465 2758 virtuosum)
3489 2704 3606 2744 non

1969 2765 2276 2836 reperitur.

2042 2854 2127 2909 12.
2159 2853 2446 2909 Dili‘erunt
2491 2860 2686 2912 autem
2736 2858 2887 2913 inter
2916 2875 2978 2914 se
3022 2861 3354 2918 substantia
3379 2867 3437 2919 et
3468 2866 3608 2921 sub-

1971 2941 2260 3010 stantiale,
2289 2942 2563 3000 similiter
2593 2945 2860 3003 accidens
2881 2952 2938 3003 et
2966 2951 3235 3007 essentia
3263 2953 3609 3024 adjunctum

1972 3034 2097 3101 (seu
2127 3031 2526 3101 accidentale).

2048 3120 2132 3176 13.
2161 3121 2500 3178 Substantia
2529 3123 2685 3180 enim
2719 3125 2954 3197 quidem
2977 3143 3068 3184 res
3099 3132 3187 3185 est
3215 3146 3318 3202 per
3346 3148 3407 3189 se
3437 3133 3616 3190 exsis-

1974 3214 2104 3266 teus
2132 3227 2249 3265 non
2278 3211 2550 3284 indigens
2597 3211 2709 3269 alia
2738 3215 2810 3270 ad
2861 3217 2952 3271 sui
2983 3218 3479 3276 constitutionem.
3512 3227 3618 3278 Ac-

1978 3298 2176 3354 cidens
2224 3303 2418 3354 autem
2460 3315 2552 3354 res
2599 3306 2708 3370 est,
2740 3318 2865 3372 quae
2896 3304 2955 3360 in
3009 3306 3342 3363 substantia
3389 3327 3502 3365 non
3553 3314 3618 3366 ut

1978 3405 2114 3459 pars
2142 3388 2388 3456 exsistit,
2413 3405 2518 3444 nec
2547 3390 2790 3446 seorsim
2823 3409 2855 3447 a
2885 3393 3219 3451 substantia
3247 3413 3375 3454 esse
3405 3403 3614 3471 potest.

2051 3494 2138 3548 14.
2171 3493 2562 3550 Substantiale
2592 3500 2787 3552 autem
2818 3503 2876 3554 et
2909 3501 3262 3559 accidentale
3292 3505 3448 3561 modi
3480 3511 3620 3562 sunt

1981 3583 2330 3639 exsistentia:
2361 3582 2693 3654 aliquorum
2742 3586 2802 3641 in
2835 3587 3150 3660 aliquibus.
3186 3592 3257 3646 Et
3306 3595 3621 3651 essentiale

1983 3671 2220 3744 quidem
2255 3673 2667 3744 proprietatem
2700 3681 2756 3729 et
2792 3693 3129 3748 germanam
3161 3682 3620 3740 convenientiam

1983 3760 2065 3817 rei
2095 3761 2492 3816 inexsistentis
2522 3762 2796 3832 declarat,
2831 3767 2901 3820 ad
2937 3766 3096 3822 illam
3127 3769 3187 3824 in
3224 3787 3341 3839 qua
3370 3772 3618 3828 exsistit-

1982 3849 2350 3906 Accidentale
2379 3853 2574 3905 autem
2606 3850 2863 3908 alienum
2880 3859 2936 3910 et
2952 3856 3334 3915 adventitium
3365 3861 3621 3917 denotat.

1985 3941 2170 4005 Quare
2199 3939 2371 3994 etiam
2408 3939 2467 3994 in
2499 3940 2774 3998 omnibus
2824 3944 3288 4015 praedicamentis
3336 3952 3394 4004 et
3423 3966 3624 4006 essen-

1984 4029 2120 4085 tiale
2149 4035 2208 4084 et
2253 4029 2517 4085 essentia;
2570 4031 2915 4101 adjunctum
2964 4034 3090 4104 (seu
3122 4037 3498 4112 accidentale)
3528 4057 3622 4097 ac-

1987 4118 2034 4173 ci
2043 4118 2101 4190 pi
2130 4121 2340 4190 potest.

2062 4227 2146 4281 15.
2182 4226 2462 4282 Caeterum
2495 4229 2649 4300 quod
2677 4234 2764 4284 est
2791 4229 2850 4284 in
2881 4229 3097 4302 aliquo,
3131 4233 3404 4291 undecim
3435 4235 3628 4291 modis

1990 4315 2242 4384 dicitur;
2275 4321 2342 4371 ut
2387 4333 2572 4388 genus
2620 4318 2678 4372 in
2729 4319 2938 4390 specie,
2970 4320 3128 4375 velut
3175 4321 3394 4379 animal
3441 4324 3501 4379 in
3530 4324 3626 4380 ho-

1993 4405 2168 4460 mine.
2202 4407 2351 4460 147
2385 4409 2578 4462 Genus
2610 4406 2766 4462 enim
2813 4425 2948 4463 cum
2989 4425 3058 4464 ex
3106 4412 3494 4468 abstractione
3522 4412 3626 4469 ha-

1992 4495 2128 4550 beat
2172 4495 2592 4561 exsistentiam,
2622 4500 2812 4552 totum
2842 4501 2931 4552 est
2969 4498 3027 4552 in
3075 4499 3279 4570 quavis
3329 4501 3540 4572 specie,
3572 4505 3630 4558 et

1994 4584 2271 4640 omnibus
2319 4585 2622 4656 speciebus
2670 4602 2979 4641 commune
3035 4591 3094 4642 et
3148 4589 3358 4660 cuique
3415 4589 3630 4661 speciei

1991 4673 2291 4746 proprium
2339 4679 2470 4729 est:
2507 4673 3010 4738 Quemadmodum
3057 4693 3164 4731 vox
3212 4677 3490 4749 praeconis
3522 4695 3626 4734 au-

1993 4762 2308 4830 dientibus,
2342 4769 2398 4818 et
2445 4764 2688 4818 materia
2732 4763 2804 4820 iis
2835 4781 2959 4836 quas
3009 4764 3068 4820 in
3119 4767 3336 4820 mundo
3383 4771 3541 4834 sunt,
3573 4772 3632 4824 et

1994 4855 2258 4907 centrum
2309 4850 2507 4906 circuli
2561 4853 2734 4907 rectis
2761 4869 2884 4923 qua
2937 4868 3004 4907 ex
3031 4869 3096 4907 eo
3136 4852 3380 4924 (scilicet
3409 4856 3628 4928 centro)

1992 4940 2320 5012 incipiunt;
2373 4944 2437 4994 ut
2483 4941 2702 5011 species
2749 4941 2807 4995 in
2850 4957 3079 5013 genere,
3111 4940 3288 4997 veluti
3340 4943 3514 5000 homo
3568 4945 3629 5000 in

1995 5028 2254 5084 animali.
2281 5028 2621 5084 Continetur
2648 5029 2802 5085 enim
2826 5031 2999 5085 homo
3019 5031 3078 5085 in
3103 5032 3340 5087 animali
3361 5037 3418 5088 et
3439 5034 3632 5090 omnis

1996 5119 2217 5190 species
2264 5118 2322 5172 in
2376 5119 2604 5190 proprio
2651 5135 2893 5191 genere;
2927 5125 2992 5174 ut
3036 5125 3219 5175 "tolum
3259 5121 3320 5176 in
3367 5124 3633 5194 partibus

1997 5207 2491 5278 quemadmodum
2540 5208 2803 5264 Socrates
2855 5209 2913 5263 in
2945 5209 3067 5265 suis
3113 5211 3396 5282 partibus,
3425 5212 3632 5284 capite,

1998 5297 2265 5369 pedibus,
2299 5297 2570 5352 manibus
2618 5303 2674 5352 et
2703 5297 2833 5354 aliis
2862 5317 2875 5367 ;
2908 5303 2965 5354 et
2994 5316 3125 5355 vero
3167 5299 3285 5355 haec
3333 5301 3392 5355 in
3423 5300 3635 5373 aliqui-

1999 5387 2109 5441 bus
2139 5391 2230 5441 est
2258 5391 2314 5442 et
2342 5403 2457 5441 non
2508 5387 2564 5441 in
2599 5387 2815 5459 aliquo.
2847 5391 2926 5444 Ac
2973 5389 3189 5444 dicitur
3233 5406 3369 5460 pars
3397 5391 3636 5461 quidem

2000 5475 2181 5531 totius
2214 5493 2227 5530 :
2261 5478 2453 5529 totum
2485 5479 2682 5531 autem
2713 5476 2969 5548 partium
2993 5494 3386 5550 nequaquam,
3419 5480 3519 5534 sed
3549 5483 3636 5536 to-

1999 5567 2123 5618 tum
2158 5564 2214 5616 in
2250 5562 2533 5634 partibus.
2567 5562 2640 5618 Ut
2672 5581 2806 5636 pars
2848 5566 2904 5620 in
2937 5570 3058 5621 toto
3094 5585 3104 5621 :
3141 5567 3636 5638 quemadmodum

2002 5665 2213 5705 manus
2245 5654 2346 5704 aut
2374 5665 2477 5720 pes
2519 5649 2577 5705 in
2609 5654 2860 5708 Socrate.
2895 5651 2966 5708 Ut
3013 5653 3199 5708 forma
3237 5653 3296 5708 in
3345 5654 3588 5710 materia
3622 5673 3635 5712 :

2004 5740 2500 5818 quemadmodum
2532 5740 2720 5800 forma
2766 5746 2972 5802 statua:
3014 5743 3074 5803 in
3104 5760 3236 5817 aare,
3268 5746 3325 5802 et
3353 5747 3636 5820 punctum
