4096 6484
322 472 443 533 805

1681 466 2027 530 EPITOME
2072 468 2380 531 LOGICA.

3609 472 3729 536 806

320 605 484 680 γένει,
532 600 626 658 καί
681 607 827 658 ποιεῖ
896 604 963 657 τά
1040 604 1295 677 ὁμογενῆ·
1357 603 1468 656 οἷον
1528 598 1807 677 ἄνθρωπος
1874 602 1996 673 καὶ¹

2111 620 2212 659 ere
2243 609 2300 660 et
2328 604 2465 659 facit
2493 604 2853 676 homogenea
2882 604 3032 676 (quae
3063 610 3203 660 sunt
3253 607 3517 677 ejusdem
3551 625 3730 682 gene-

317 692 513 755 ’ίπποςο
572 697 739 747 ταῦτα
793 693 898 768 γὰρ
948 691 1004 747 ἓν
1059 692 1147 746 καὶ
1194 689 1385 746 ταυτὸν
1442 691 1596 766 γένος
1656 689 1845 766 ἔχουσι
1903 692 1967 744 τὸ

2111 693 2201 761 is),
2236 699 2298 747 ut
2328 694 2502 748 homo
2533 698 2590 748 et
2618 711 2839 764 equus;
2872 695 3087 748 etenim
3114 695 3234 749 haec
3270 713 3449 751 unum
3484 702 3540 751 et
3569 699 3727 755 idem

326 787 481 852 ζῶον.
516 784 584 837 Ἦ
611 786 690 853 τῷ
720 778 871 849 εἷ’δει,
901 781 991 836 καὶ
1020 786 1170 836 ποιεῖ
1197 780 1263 835 τὰ
1300 778 1559 853 ὁμοειδῆ
1606 782 1717 835 οἷον
1766 779 1969 855 Πέτρος

2111 799 2264 848 ;enus
2312 782 2546 849 habent,
2582 782 2818 836 animal.
2854 784 2965 837 Aut
3013 785 3223 854 specie,
3252 790 3307 840 et
3339 786 3473 841 facit
3503 786 3729 843 homoi-

322 872 413 926 καὶ
456 870 688 932 Παῦλος·
741 871 958 933 τούτοις
1006 870 1107 947 γὰρ
1153 869 1208 925 ’ὲν
1258 870 1349 924 καὶ
1395 870 1586 924 ταυτὸν
1625 867 1767 930 εἶδος
1801 868 1969 944 ὑπάρ-

323 981 413 1038 χει
446 962 475 1016 ὁ
505 959 809 1033 ἄνθρωπος.
839 961 908 1015 ’Ἠ
937 964 1017 1032 τῷ
1054 960 1292 1036 ἀριθμῷ,
1324 960 1415 1013 καὶ
1460 964 1608 1014 ποιεῖ
1654 959 1716 1012 τὸ
1770 955 1970 1029 ἄτομον

324 1049 440 1104 καθ’
493 1050 622 1104 αὐτὸ
683 1048 997 1123 νοούμενον,
1044 1054 1151 1104 τῶν
1208 1048 1417 1104 λοιπῶν
1466 1048 1682 1120 ἀτόμων
1738 1067 1974 1121 κεχωρι-

327 1138 543 1212 σμένον·
578 1139 690 1193 οἷον
720 1140 1038 1214 Σωκράτης.
1069 1140 1161 1193 Ἓν
1192 1139 1297 1214 γὰρ
1338 1137 1573 1214 ὑπάρχει
1617 1135 1708 1191 καὶ
1758 1135 1973 1204 ταυτὸν,

331 1225 376 1281 εἰ
429 1227 521 1283 καὶ
577 1224 859 1289 πλείστοις
918 1223 1045 1288 ἴσως
1100 1224 1325 1281 καλοῖτο
1372 1226 1621 1299 ὀνόμασι·
1657 1224 1975 1300 Σωκράτης.

333 1314 716 1394 Σωφρονίσκου
764 1316 902 1388 υἱὸς,
954 1314 1272 1392 φιλόσοφος.
1304 1315 1375 1370 Τὸ
1418 1311 1466 1369 δ’
1512 1314 1642 1369 αὐτὸ
1692 1312 1824 1368 κάπὶ
1869 1316 1976 1366 τῶν

334 1402 490 1468 ἰδίως
546 1404 855 1480 λεγομένων
913 1403 1295 1478 πολυωνύμων
1354 1403 1517 1459 ἐστίν.
1585 1405 1675 1459 Ἓν
1733 1402 1833 1477 γὰρ
1891 1401 1980 1455 καὶ

329 1495 522 1550 ταυτὸν
583 1493 816 1571 ὑπάρχει
870 1498 953 1565 τῷ
1008 1494 1245 1567 ἀριθμῷ,
1268 1493 1333 1548 τὸ
1386 1492 1562 1570 ξίφος,
1600 1493 1690 1546 καὶ
1737 1491 1802 1544 τὸ
1857 1490 1979 1563 ἄορ,

332 1584 422 1639 καὶ
450 1585 488 1654 ἡ
518 1584 723 1656 σπάθη,
752 1582 844 1639 καὶ
870 1583 936 1638 τὸ
967 1586 1260 1661 φάσγανον.

411 1780 479 1855 β’.
511 1781 757 1857 ⁶Οσαχῶς
804 1777 862 1834 δὶ
911 1779 1121 1856 λέγεται
1161 1780 1223 1833 τὸ
1268 1777 1323 1832 ἓν
1368 1777 1457 1832 καὶ
1481 1775 1693 1849 ταυτὸν,
1725 1793 1985 1830 τοσαυτα-

338 1873 455 1944 χῶς
512 1868 603 1923 καὶ
647 1868 713 1923 τὸ
760 1864 963 1942 ἕτερον.
994 1869 1064 1921 Ἣ
1090 1868 1192 1943 γὰρ
1220 1871 1300 1938 τῷ
1328 1864 1471 1941 γένει
1501 1865 1591 1919 καὶ
1618 1869 1779 1919 τοῦτο
1834 1862 1985 1938 λέγε-

2082 872 2189 925 dea
2212 873 2361 942 (quas
2392 875 2531 924 sunt
2560 871 2823 940 ejusdem
2857 870 3129 941 speciei):
3166 879 3230 926 ut
3263 877 3463 928 Petrus
3496 881 3551 929 et
3580 876 3727 931 Pau-

2083 959 2175 1013 lus
2202 980 2216 1023 ς
2252 958 2457 1013 horum
2492 959 2646 1013 enim
2675 976 2791 1013 una
2823 964 2878 1013 et
2908 960 3110 1015 eadem
3146 966 3235 1015 est
3267 963 3510 1033 species,
3533 964 3724 1021 home.

2084 1050 2197 1102 Aut
2226 1064 2489 1113 numero,
2522 1054 2579 1101 et
2612 1047 2747 1101 facit
2796 1046 3189 1120 individuum,
3224 1052 3375 1121 quod
3411 1069 3513 1123 per
3541 1070 3604 1109 se
3635 1055 3729 1109 in-

2086 1135 2368 1207 telligitur
2422 1153 2455 1189 a
2513 1135 2752 1206 reliquis
2801 1136 3119 1193 individuis
3165 1145 3520 1212 separatum,
3574 1142 3731 1199 velut

2088 1225 2373 1280 Socrates.
2398 1224 2623 1279 Etenim
2656 1242 2838 1279 unum
2869 1230 2928 1279 et
2957 1226 3111 1280 idem
3142 1232 3231 1282 est
3259 1228 3571 1302 (numero),
3594 1231 3731 1288 licet

2090 1312 2361 1385 plurimis
2398 1312 2545 1367 forte
2576 1312 2909 1368 nominibus
2947 1318 3217 1370 vocetur:
3250 1319 3398 1374 ’151
3432 1320 3727 1390 ίεοοιοοιεε,

2091 1400 2465 1473 Sophronisci
2496 1400 2672 1466 filius,
2706 1400 3109 1473 philosophus.
3142 1408 3332 1476 Atque
3364 1406 3729 1476 idem;etiam

2091 1492 2150 1545 in
2179 1490 2273 1546 his
2303 1507 2430 1561 quae
2461 1491 2690 1561 proprie
2723 1489 3037 1546 multivoca
3058 1492 3353 1563 dicuntur,
3370 1501 3479 1551 est.
3504 1498 3731 1556 Etenim

2092 1596 2278 1635 unum
2309 1584 2367 1634 et
2390 1577 2545 1634 idem
2577 1594 2820 1634 numero
2865 1584 3004 1634 sunt
3034 1598 3255 1650 mucro,
3289 1584 3469 1655 ensis,
3500 1587 3731 1659 spatha,

2093 1667 2345 1739 gladius.

2163 1775 2219 1829 2.
2252 1776 2400 1838 Quot
2442 1779 2635 1830 autem
2670 1776 2861 1831 modis
2905 1793 3091 1833 unum
3120 1783 3177 1834 et
3205 1779 3361 1837 idem
3390 1782 3624 1851 dicitur,
3654 1790 3742 1843 tot

2096 1863 2287 1918 modis
2318 1864 2493 1918 etiam
2533 1863 2829 1920 diversum
2862 1866 3091 1923 dicitur.
3124 1867 3271 1924 Nam
3301 1875 3358 1925 et
3390 1871 3498 1928 hoc
3527 1873 3617 1929 vel
3648 1892 3747 1947 ge-

338 1977 449 2026 ται,
479 1957 569 2011 καὶ
599 1961 747 2012 ποιεῖ
773 1958 841 2011 τὰ
868 1957 1178 2032 ἑτερογενῆ.
1215 1956 1327 2009 οἷον
1364 1959 1497 2023 ζῶον
1547 1953 1636 2007 καὶ
1686 1953 1983 2046 ἐπιστήμη·

2111 1969 2232 2008 aere
2276 1952 2507 2019 dicitur,
2550 1958 2607 2007 et
2653 1954 2829 2009 efficit
2879 1954 3261 2028 heterogensa
3290 1960 3443 2031 (quae
3489 1968 3627 2018 sunt
3655 1966 3747 2019 di-

340 2050 439 2101 τοῦ
491 2046 584 2119 μὲν
632 2046 732 2121 γὰρ
774 2046 921 2114 ζώου
965 2046 1122 2121 γένος
1149 2046 1186 2113 ἠ
1220 2042 1394 2115 οὐσία,
1424 2050 1524 2112 τῆς
1575 2042 1881 2115 ἐπιστήμης
1935 2037 1992 2093 δὲ

343 2136 406 2189 τὸ
432 2134 614 2191 ποιόν.
646 2136 714 2190 Ἥ
739 2139 822 2207 τῷ
854 2132 1005 2206 εἴδει,
1035 2133 1127 2189 καὶ
1146 2137 1295 2188 ποιεῖ
1318 2133 1387 2187 τὰ
1415 2128 1710 2208 ἓτεροειδῆ·
1745 2132 1859 2185 οἷον
1893 2128 1990 2182 ’ίπ-

345 2244 448 2287 πος
504 2224 595 2279 καὶ
657 2224 805 2299 βοῦς·
840 2220 981 2278 ἄλλο
1036 2224 1142 2299 γὰρ
1202 2219 1344 2283 εἶδος
1378 2219 1575 2291 ἵππου,
1605 2220 1696 2274 καὶ
1727 2216 1868 2273 ἄλλο
1895 2221 1993 2272 τοῦ

350 2313 495 2388 βοὸς,
529 2311 575 2366 εἰ
602 2313 693 2367 καὶ
723 2310 877 2386 γένος
907 2311 1008 2366 οὑκ
1035 2308 1177 2366 ἄλλο
1206 2309 1296 2365 καὶ
1336 2306 1497 2367 ἄλλο.
1525 2310 1594 2363 Ἢ
1644 2312 1723 2380 τῷ
1780 2308 1995 2383 ἀριθμῷ

343 2400 433 2455 καὶ
481 2405 629 2455 ποιεῖ
676 2400 785 2474 (τὰ)
840 2398 1035 2473 ἅτομα’
1092 2398 1181 2454 καὶ
1241 2399 1344 2475 γὰρ
1400 2403 1479 2470 τῷ
1534 2397 1749 2471 ἀριθμῷ
1806 2394 1993 2473 διαφέ-

347 2510 547 2565 ρουσιν,
617 2488 714 2544 ὅσα
771 2493 839 2563 τῇ
907 2486 1186 2564 συνδρομῇ
1240 2492 1348 2542 τῶν
1410 2481 1835 2559 συμϐεϐηκότων
1893 2487 1991 2553 τὴν

348 2576 595 2649 ἰδιότητα
622 2586 724 2649 τῆς
755 2576 897 2641 ἰδίας
928 2578 1268 2639 ὑποστάσεως
1300 2576 1669 2655 ἀφωρίσαντο.

421 2759 489 2833 γ’.
546 2760 721 2812 Ταῦτα
798 2755 858 2812 δὲ
923 2754 1175 2831 λέγονται
1250 2755 1338 2810 καὶ
1416 2754 1859 2831 έτεροϋπόστατα,
1920 2752 1996 2814 ὡς

352 2845 629 2923 ἐσχηκότα
652 2848 751 2915 τὴν
795 2846 893 2900 ἀνὰ
945 2846 1108 2919 μέρος
1156 2846 1272 2899 καθ’
1319 2845 1481 2898 ἑαυτά
1526 2843 1770 2919 ὕπαρξιν.
1804 2842 1997 2913 Τούτῳ

352 2936 455 3012 γὰρ
511 2934 601 2990 καὶ
654 2939 763 2991 τῶν
813 2934 1234 3008 ὁμοΰποστάτων
1296 2931 1694 3008 διενηνόχασιν.
1728 2932 1999 3005 Ὁμοϋπό-

358 3042 522 3079 στατα
567 3022 671 3101 γάρ
733 3022 884 3093 εἰσιν,
936 3021 1060 3077 ὅταν
1116 3019 1212 3077 δύο
1281 3024 1463 3100 φύσεις
1522 3021 1573 3076 έν
1634 3026 1731 3095 μιᾷ
1775 3021 2001 3076 ὑποστά-

356 3133 436 3169 σει
496 3115 759 3184 ἑνωθῶσι,
798 3112 888 3168 καὶ
941 3112 1063 3185 μίαν
1117 3116 1323 3187 σχῶσιν
1385 3110 1672 3167 ὑπόστασιν
1729 3110 2002 3181 σύνθετον,

355 3201 445 3257 καὶ
475 3201 531 3258 ἓν
559 3202 873 3277 πρόσωπον·
907 3201 982 3264 ὡς
1012 3201 1166 3276 ψυχὴ
1198 3200 1286 3256 καὶ
1317 3204 1494 3275 σῶμα.

426 3378 491 3439 δ’.
521 3380 702 3436 Πάντα
734 3381 826 3453 μὶν
861 3378 953 3435 οὗν
998 3381 1068 3435 τὰ
1095 3377 1324 3453 ὁμοειδῆ
1377 3378 1428 3450 ἐξ
1478 3377 1715 3455 ἀνάγκης
1763 3379 1863 3433 εἰσὶ
1909 3377 1998 3433 καὶ

354 3470 615 3546 ὁμογενῆ*
668 3469 730 3524 οὗ
792 3470 965 3524 πάντα
1023 3466 1080 3523 δὶ
1136 3470 1203 3523 τὰ
1253 3469 1491 3544 ὁμογενῆ
1552 3466 1853 3543 ἀναγκαίως
1910 3472 1999 3522 καί

350 3555 605 3632 ὁμοειδῆ.
656 3557 839 3620 Οὕτως
886 3558 975 3613 καὶ
1024 3559 1303 3634 ἑτερογενῆ
1376 3557 1472 3630 μὶν
1534 3555 1997 3632 ὁμολογουμένως

346 3650 525 3702 πάντα
553 3645 847 3723 ὲτεροειδῆο
884 3648 945 3703 οὐ
999 3648 1173 3702 πάντα
1222 3645 1279 3702 δὲ
1324 3648 1392 3701 τὰ
1432 3643 1702 3723 έτεροειδῆ
1752 3643 1861 3715 ἤδη
1911 3644 1999 3699 καὶ

348 3737 663 3813 ἑτερογενῆ.
694 3736 793 3791 Καὶ
842 3736 912 3791 τὰ
971 3737 1065 3809 μὶν
1118 3741 1197 3808 τῷ
1243 3735 1385 3811 γένει
1442 3732 1599 3812 ’έτερα
1643 3735 1842 3807 καὶτῷ
1872 3731 1999 3788 εἷ’δει

350 3826 445 3881 καὶ
509 3829 589 3898 τῷ
647 3825 863 3903 ἀριθμῷ
922 3822 1254 3903 διαφέρουσιο
1312 3826 1379 3880 τὰ
1430 3822 1487 3879 δὲ
1540 3830 1619 3896 τῷ
1662 3821 1790 3879 εἷ’δει
1846 3820 2001 3897 ἕτερα

348 3918 435 3986 τῷ
468 3915 562 3987 μὲν
589 3914 807 3990 ἀριθμῷ
857 3912 1221 3993 διαφέρουσιν,
1255 3913 1318 3968 οὐ
1381 3916 1486 3986 μὴν
1533 3911 1590 3967 δὲ
1646 3912 1727 3967 ἀεὶ
1781 3912 1871 3967 καὶ
1926 3916 2005 3983 τῷ

351 4002 515 4079 γένει.
578 4001 710 4059 Οὔτε
760 4001 816 4058 δὲ
870 4009 948 4075 τῷ
1008 4004 1224 4081 ἀριθμῷ
1283 4001 1601 4081 διαφέροντα
1657 4002 1708 4073 ἐξ
1768 4002 2002 4077 ἀνάγκης

352 4094 449 4147 καὶ
476 4096 557 4165 τῷ
593 4088 745 4167 εἴδει,
775 4093 866 4148 καὶ
895 4097 975 4165 τῷ
1006 4093 1149 4168 γένει
1177 4089 1333 4167 ἕτερά
1362 4091 1523 4147 ἐστιν.

428 4362 489 4419 ε’.
519 4357 822 4437 Ἑτεροειδῆ
875 4358 933 4415 δὲ
978 4359 1209 4436 λέγοιντ’
1257 4360 1317 4415 ἂν
1381 4360 1617 4433 μάλιστα
1664 4362 1733 4415 τὰ
1786 4361 1846 4415 ἐκ
1889 4356 2006 4414 δια-

350 4450 541 4530 φόρων
584 4446 946 4505 εἱδικωτάτων
992 4447 1149 4506 εἰδῶν
1202 4447 1398 4523 ἄτομα.
1446 4451 1693 4526 Καθάπερ
1748 4450 1852 4525 γὰρ
1888 4456 2007 4503 Σω-

349 4541 563 4615 κράτης
607 4539 697 4595 καὶ
729 4536 958 4595 Πλάτων
1015 4537 1244 4613 ὁμοειδῆ
1278 4540 1388 4608 (καὶ
1445 4536 1610 4617 ἄμφω
1657 4538 1758 4615 γὰρ
1806 4536 2010 4615 ἄνθρω-

347 4633 476 4699 ποι)
501 4629 593 4682 τὸν
652 4627 812 4683 αὐτὸν
869 4628 1071 4705 τρόπον
1132 4630 1382 4705 Πήγασος
1434 4629 1525 4683 καὶ
1573 4622 1863 4705 Κέρϐερος,
1897 4629 2007 4683 ἑτε-

2098 2041 2249 2096 versi
2301 2041 2572 2113 generis),
2606 2042 2763 2097 velut
2810 2044 3027 2099 animal
3059 2051 3115 2100 et
3158 2048 3439 2118 scientia;
3474 2052 3749 2109 animalis

2100 2129 2254 2185 enim
2272 2145 2457 2201 genus
2479 2136 2567 2185 est
2588 2131 2917 2187 substantia
2940 2150 2952 2199 ;
2978 2136 3231 2190 scientiae
3253 2141 3447 2194 autem
3470 2140 3741 2211 qualitas.

2100 2222 2216 2273 Aut
2240 2219 2451 2290 specie,
2484 2224 2541 2273 et
2588 2221 2725 2274 facit
2776 2221 3282 2296 heteroidea(quaa
3320 2232 3460 2282 sunt
3505 2229 3743 2287 diverse

2102 2308 2368 2379 species),
2398 2307 2555 2363 velut
2583 2325 2770 2379 equus
2801 2315 2859 2365 et
2889 2312 2993 2366 bos
3022 2329 3039 2379 ;
3070 2313 3182 2369 alia
3214 2315 3370 2371 enim
3402 2318 3625 2389 species
3655 2325 3746 2376 est

2102 2396 2258 2467 equi,
2292 2397 2425 2459 alia,
2447 2397 2877 2464 bovis,tametsi
2910 2417 3095 2473 genus
3117 2420 3232 2458 non
3265 2413 3353 2459 est
3382 2407 3540 2463 aliud
3572 2414 3747 2481 atque

2105 2484 2284 2540 aliud.
2315 2487 2430 2540 Aut
2459 2502 2723 2557 numero,
2758 2492 2814 2542 et
2845 2488 2983 2543 facit
3013 2490 3351 2561 individua;
3385 2498 3602 2553 etenim
3636 2516 3750 2554 nu-

2104 2590 2265 2629 mero
2304 2574 2580 2629 differunt
2627 2591 2992 2647 quaecunque
3023 2580 3410 2639 accidentium
3460 2601 3749 2645 concursu

2105 2662 2417 2735 peculiaris
2448 2662 2825 2735 hypostaseos
2864 2668 3277 2738 proprietatem
3309 2681 3674 2744 separarunt.

2176 2754 2228 2806 3.
2264 2752 2549 2807 Dicuntur
2600 2758 2795 2808 autem
2845 2754 2965 2809 haec
2995 2758 3169 2813 etiam
3216 2759 3742 2835 heterohyposlata,

2107 2842 2263 2914 quod
2295 2841 2538 2896 seorsim
2566 2840 2820 2898 habeant
2867 2860 2970 2915 per
2999 2862 3060 2900 se
3090 2849 3507 2907 exsistentiam.
3543 2852 3605 2908 In
3637 2854 3746 2910 hoc

2107 2932 2260 2986 enim
2294 2929 2468 2985 etiam
2495 2931 2566 2985 ab
2598 2930 2714 2986 illis
2743 2931 3039 3005 differunt,
3071 2952 3196 3007 quae
3226 2944 3367 2995 sunt
3393 2940 3751 3016 homohypo-

2111 3024 2281 3076 stata.
2316 3019 2538 3075 Etenim
2569 3020 3057 3094 homohypostata
3085 3031 3241 3095 sunt,
3262 3045 3396 3085 cum
3424 3031 3552 3086 dum
3584 3043 3754 3090 natu-

2110 3126 2185 3164 ra:
2216 3109 2275 3163 in
2309 3126 2426 3164 una
2455 3108 2753 3181 hypostasi
2784 3112 2957 3167 unitas
2989 3114 3224 3182 fuerint,
3255 3121 3313 3172 et
3345 3135 3523 3176 unam
3568 3121 3749 3195 hypo-

2112 3198 2295 3254 stasin
2324 3198 2709 3270 compositam
2743 3217 3037 3274 unamque
3057 3220 3367 3277 personam
3397 3207 3711 3268 habuerint
3735 3231 3748 3284 ;

2113 3291 2179 3343 ut
2209 3287 2403 3343 anima
2431 3290 2487 3342 et
2516 3304 2747 3360 corpus.

2032 3351 2074 3417 (ἶ
2185 3377 2236 3431 4.
2269 3376 2477 3431 Omnia
2523 3351 2704 3449 igitur
2731 3378 3040 3436 homoidea
3088 3384 3320 3455 quidem
3372 3392 3514 3445 sunt
3550 3406 3750 3448 neces-

2110 3466 2262 3522 sario
2294 3467 2448 3522 ⁸152
2480 3466 2658 3521 etiam
2706 3467 3064 3541 homogenea
3098 3490 3112 3527 :
3144 3489 3261 3529 non
3310 3480 3503 3533 autem
3553 3481 3751 3537 omnia

2110 3556 2489 3626 homogenea,
2524 3560 2849 3613 necessario
2897 3561 3075 3615 etiam
3117 3568 3258 3619 sunt
3303 3565 3630 3624 homoidea.
3662 3574 3751 3624 Ita

2111 3646 2286 3700 etiam
2319 3644 2699 3718 heterogenea
2719 3648 2953 3717 quidem
2981 3652 3179 3707 omnia
3208 3656 3471 3711 omnium
3503 3674 3753 3715 consen-

2111 3751 2181 3789 su
2214 3740 2353 3789 sunt
2403 3733 2732 3789 heteroidea
2765 3752 2777 3791 :
2814 3752 2929 3791 non
2966 3743 3161 3795 autem
3212 3743 3408 3800 omnia
3454 3745 3755 3805 heteroida

2076 3894 2081 3899 ι
2113 3827 2252 3877 sunt
2273 3824 2399 3894 jam
2430 3823 2603 3877 etiam
2623 3822 3024 3897 heterogenea.
3045 3829 3113 3884 Et
3134 3846 3259 3901 quas
3277 3834 3514 3904 quidem
3545 3852 3754 3909 genere

2112 3912 2339 3967 diversa
2386 3917 2543 3983 sunt,
2577 3914 2751 3968 etiam
2803 3917 2993 3987 specie
3038 3924 3095 3973 et
3144 3936 3387 3978 numero
3429 3924 3748 3984 differunt:

2115 4018 2241 4073 quae
2274 4005 2467 4057 autem
2498 4004 2688 4074 specie
2737 4004 2965 4061 diversa
3011 4013 3167 4077 sunt,
3203 4027 3443 4069 numero
3492 4016 3751 4086 quidem,

2115 4107 2231 4146 non
2262 4107 2495 4163 semper
2527 4096 2723 4147 autem
2754 4094 2931 4149 etiam
2979 4112 3186 4169 genere
3225 4100 3521 4159 differunt.
3552 4104 3752 4177 Neque

2114 4196 2247 4235 vero
2293 4196 2535 4235 numero
2583 4180 2927 4253 differentia,
2960 4188 3289 4243 necessario
3334 4190 3511 4247 etiam
3559 4195 3750 4265 specie

2115 4272 2172 4324 et
2198 4284 2406 4341 genere
2433 4269 2663 4325 diversa
2690 4276 2847 4327 sunt.

2185 4358 2239 4412 5.
2272 4356 2611 4414 Heteroidea
2658 4366 2853 4416 autem
2884 4363 3138 4420 maxime
3186 4366 3299 4421 dici
3344 4370 3572 4440 possint
3609 4373 3758 4428 indi-

2117 4447 2293 4502 vidua
2322 4464 2448 4519 quin
2478 4453 2619 4503 sunt
2656 4465 2725 4504 ex
2753 4450 3157 4510 differentibus
3198 4457 3503 4527 speciebus
3533 4461 3757 4533 specia-

2117 4535 2383 4592 lissimis.
2439 4538 2942 4602 Quemadmodum
2973 4541 3129 4597 enim
3177 4544 3440 4601 Socrates
3488 4550 3545 4602 et
3594 4547 3758 4605 Plato

2120 4630 2261 4682 sunt
2291 4626 2598 4682 homoidea
2625 4627 2817 4697 (ambo
2857 4629 3013 4684 enim
3045 4636 3182 4687 sunt
3212 4632 3522 4706 homines),
3555 4638 3761 4693 eodem

351 4712 569 4794 ροειδῆ.
598 4716 699 4772 Τὸν
753 4717 848 4790 μὲν
902 4717 1005 4791 γὰρ
1067 4714 1237 4771 ’ίππον
1289 4715 1539 4792 λέγουσιν
1583 4716 1716 4771 εἶναι
1759 4717 1851 4771 τὸν
1891 4718 1996 4787 Πή-

2117 4717 2289 4771 modo
2317 4716 2573 4787 Pegasus
2613 4720 2672 4771 et
2700 4716 2984 4773 Cerberus
3035 4728 3174 4775 sunt
3202 4721 3552 4781 heteroidea.
3584 4725 3761 4783 Illum

346 4824 540 4883 γασον,
568 4806 661 4861 τὸν
694 4802 752 4860 δὲ
772 4805 907 4860 κύνα
934 4805 1027 4860 τὸν
1060 4800 1349 4882 Κέρϐερον.

431 4914 500 4975 ς’.
530 4915 645 4967 Τῶν
680 4911 1005 4989 ἑτερογενῶν
1041 4908 1099 4967 δὲ
1125 4913 1214 4967 καὶ
1262 4913 1336 4985 μὴ
1396 4909 1693 4981 ὑπάλληλά
1744 4912 2011 4987 τεταγμέ-

351 5022 467 5055 νων
494 4996 672 5077 ⁴ἕτεραι
701 5005 781 5073 τῷ
812 4998 940 5055 εἷ’δει
972 5002 1062 5055 καὶ
1110 5002 1163 5055 αἱ
1220 4998 1494 5079 διαφοραί·
1557 5002 1670 5055 οἷον
1730 5002 1871 5069 ζὼου
1922 5002 2011 5055 καὶ

356 5091 695 5163 ἱπιστήμης.
728 5089 932 5146 ’Ἄλλαι
965 5091 1069 5167 γὰρ
1101 5088 1351 5170 διαιροραὶ
1379 5094 1477 5144 τοῦ
1524 5090 1664 5159 ζώου
1711 5090 1799 5143 καὶ
1845 5088 2009 5145 ἄλλαι

354 5180 464 5248 τῆς
493 5177 824 5251 ἂπιστήμης.
858 5182 963 5235 Τοῦ
1000 5181 1093 5253 μὲν
1126 5180 1230 5255 γάρ
1283 5180 1422 5248 ζώου
1473 5179 1780 5233 συστατικαὶ
1822 5176 2007 5256 διαφο-

358 5268 474 5345 ραὶ,
531 5266 595 5323 τὰ
653 5264 929 5345 ἔμψυχον,
982 5270 1045 5323 τὸ
1121 5269 1452 5341 αἰσθητικὸν,
1510 5269 1572 5323 τὸ
1633 5263 2005 5341 μεταϐατικόν·

356 5355 684 5431 διαιρετικαὶ
712 5358 777 5413 τὸ
810 5358 1057 5432 λογικὸν,
1087 5358 1151 5413 τὸ
1183 5356 1404 5433 ἄλογον,
1435 5356 1497 5410 τὸ
1544 5357 1726 5429 πεζὸν,
1757 5358 1820 5411 τὸ
1867 5378 2007 5427 πτη-

350 5445 474 5517 νὸν,
505 5446 569 5500 τὸ
599 5440 842 5523 ἔνυδρον,
874 5447 963 5503 καὶ
993 5444 1166 5523 ἕτερα.
1199 5452 1307 5516 Τῆς
1356 5444 1415 5501 δὲ
1463 5446 1770 5519 ἐπιστήμης
1817 5466 2007 5501 συστα-

349 5535 503 5591 τικαὶ
565 5535 659 5608 μὲν
716 5536 779 5591 τὸ
833 5541 952 5599 τοῖς
1010 5536 1254 5613 λογικοῖς
1313 5533 1638 5612 ἐνυπάρχειν
1704 5536 1885 5607 ζώοις,
1946 5536 2008 5589 τὸ

352 5618 835 5698 δυσμετάϐλητον,
908 5628 973 5680 τὸ
1054 5624 1350 5680 ἄπτπιστον
1424 5628 1532 5679 τῶν
1612 5620 2003 5696 ὑποκειμένων·

353 5711 679 5787 διαιρετικαὶ
753 5710 810 5768 δὲ
876 5714 938 5768 τὸ
999 5714 1353 5790 θεωρητικὸν,
1410 5712 1475 5767 τὸ
1541 5710 1855 5789 πρακτικόν·
1914 5710 2004 5764 καὶ

354 5797 514 5866 an;
565 5801 632 5858 τὸ
683 5801 1054 5883 γεωμετρικόν
1100 5821 1161 5860 τε
1214 5801 1304 5859 καὶ
1362 5798 1754 5882 ἄστρονεμικδν
1803 5797 1891 5855 καί
1940 5800 2007 5855 τὰ

2122 4805 2279 4859 enim
2312 4820 2546 4875 equum,
2580 4803 2737 4859 hunc
2767 4821 2969 4861 canem
2999 4823 3127 4862 esse
3155 4810 3365 4865 ferunt.

2190 4913 2243 4966 6.
2276 4915 2552 4966 Caeterum
2583 4910 3119 4983 heterogeneorum,
3154 4915 3262 4971 hoc
3291 4922 3398 4987 est,
3428 4919 3537 4974 sub
3570 4921 3763 4976 diver-

2121 5001 2203 5057 sis
2234 5001 2546 5072 generibus
2594 5001 2996 5057 exsistentium
3044 5008 3101 5058 et
3150 5021 3264 5060 non
3319 5007 3764 5065 subalternatim

2120 5092 2462 5164 positorum,
2495 5090 2733 5145 diversae
2760 5091 2933 5145 etiam
2967 5098 3105 5147 sunt
3135 5095 3326 5166 specie
3371 5096 3712 5154 differentias
3745 5115 3758 5154 :

2117 5180 2277 5235 velut
2324 5179 2593 5234 animalis
2641 5184 2699 5233 et
2749 5180 3023 5234 scientiae.
3082 5182 3217 5237 Alias
3268 5186 3423 5241 enim
3469 5188 3760 5257 animalis,

2122 5269 2243 5325 alia:
2272 5270 2524 5323 scientias
2554 5273 2692 5322 sunt
2731 5268 3085 5326 dill‘erentiee.
3119 5274 3403 5331 Animalis
3434 5277 3590 5332 enim
3623 5294 3760 5332 con-

2120 5359 2401 5413 situentes
2459 5356 2797 5410 differentia:
2854 5363 3013 5425 sunt,
3074 5361 3417 5430 animatum,
3479 5365 3761 5433 sentiens,

2118 5446 2583 5517 progressivum:
2618 5444 3218 5513 dividentes,rationis
3249 5452 3558 5525 particeps,
3582 5454 3762 5509 ratio-

2117 5535 2207 5589 nis
2230 5548 2453 5604 expers,
2476 5531 2770 5603 gradiens,
2794 5533 2948 5589 153
2968 5534 3220 5605 volatile,
3243 5538 3520 5610 aquatile,
3546 5544 3601 5595 et
3623 5539 3758 5595 alia.

2115 5622 2379 5677 Scientiae
2427 5624 2643 5684 autem,
2679 5622 3098 5679 constituentes
3129 5626 3367 5697 quidem
3401 5628 3763 5701 differentia)

2113 5715 2272 5779 sunt,
2305 5708 2657 5765 animalibus
2703 5710 2926 5767 ratione
2956 5714 3213 5784 praeditis
3264 5716 3478 5783 inesse,
3511 5715 3763 5771 difﬁcul-

2112 5806 2203 5858 ter
2256 5798 2495 5870 mutari,
2553 5813 2673 5855 non
2717 5798 2978 5857 excidero
3026 5803 3306 5876 subjectis
3358 5821 3373 5863 :
3432 5804 3760 5863 dividentes
