4096 6466
393 437 511 500 807

1639 438 2060 499 NICEPHORI
2108 439 2545 502 BLEMMIDIE

3643 447 3746 508 808

395 590 550 640 vero,
596 571 1131 643 contemplativum,
1164 571 1454 637 activum;
1487 570 1772 626 etiterum
1800 585 2017 642 geome-

2141 575 2383 626 τοιαῦτα.
2417 569 2515 624 Καὶ
2568 568 2669 646 γὰρ
2727 571 2792 637 ἧς
2851 567 3177 644 κατηγορίας
3228 567 3456 646 ὑπάρχει
3496 571 3555 626 τὸ
3591 574 3743 648 γένος,

387 663 598 718 tricum
649 666 706 715 et
754 659 1232 726 astronomicum,
1266 663 1322 714 et
1369 657 1602 714 similia.
1649 660 1829 730 Cujus
1875 660 2029 714 enim

387 747 822 824 praedicamenti
853 764 1062 820 genus,
1095 747 1253 802 illius
1301 747 1474 802 etiam
1508 747 1732 819 species
1762 753 1850 802 est
1881 764 1894 802 :
1931 750 2027 803 sed

389 845 447 895 et
476 839 882 895 convenientes
900 837 1255 892 differentia.
1283 836 1809 908 Heterogeneorum
1831 836 2028 908 igitur,

2143 657 2345 730 ἐκείνης
2394 661 2482 714 καὶ
2530 660 2593 714 τὸ
2641 655 2802 718 εἶδος·
2854 655 3199 727 κατάλληλοι
3248 655 3305 712 δὲ
3353 660 3440 712 καὶ
3487 661 3537 715 αἱ
3584 659 3745 740 διαφο-

2143 747 2248 820 ραί.
2281 752 2395 802 Τῶν
2449 747 2628 802 τοίνυν
2686 747 3005 821 ἑτερογενῶν
3056 742 3233 821 ἕτεραι
3289 750 3367 817 τῷ
3425 744 3547 802 εἷ’δει
3574 752 3654 805 καὶ
3702 753 3747 806 αἱ

2142 834 2392 914 διαφοραὶ
2419 837 2473 891 αἱ
2504 833 2813 890 συστατικαί
2842 855 2901 888 τε
2930 833 3019 888 καὶ
3053 835 3107 888 αἱ
3135 832 3469 910 διαιρετιγαί.

387 928 498 983 hoc
526 931 633 994 est,
667 943 866 982 eorum
899 942 1022 995 quae
1056 925 1164 980 sub
1194 925 1440 979 diversis
1469 926 1780 997 generibus
1809 925 2118 996 exsistunt,
2150 927 2390 983 diversae
2417 933 2556 983 sunt
2585 925 2760 981 etiam
2793 925 2982 994 specie
3029 924 3367 979 differentiae
3399 941 3526 981 cum
3557 929 3747 984 consti-

385 1022 617 1073 tuentes
646 1019 772 1070 tum
805 1015 1148 1069 dividentes.

453 1125 510 1180 7.
545 1129 758 1180 Eorum
808 1128 1024 1190 autem,
1057 1138 1184 1194 qua
1236 1121 1681 1178 subalternatim
1730 1127 2027 1194 ponuntur

383 1213 709 1271 dividentes
758 1212 994 1284 quidem
1044 1228 1158 1266 non
1211 1227 1441 1282 semper
1486 1215 1625 1266 sunt
1667 1211 1903 1266 eadem.
1963 1211 2025 1266 Si

381 1302 538 1358 enim
583 1317 796 1373 corpus
849 1299 1142 1356 dividatur
1189 1300 1248 1353 in
1280 1299 1604 1354 animatum
1651 1304 1707 1354 et
1735 1299 2022 1355 inanima-

383 1397 534 1456 tum,
567 1389 889 1459 non,etiam
923 1388 1250 1443 animatum
1279 1387 1492 1442 iterum
1523 1387 1581 1441 in
1611 1387 1937 1442 animatum
1969 1391 2026 1442 et

381 1477 1130 1547 inanimatumidividetur,
1162 1477 1263 1532 sed
1311 1477 1370 1530 in
1415 1475 1672 1532 sentiens
1719 1480 1778 1531 et
1815 1493 2024 1532 sensus

382 1585 585 1642 expers
619 1585 632 1623 :
667 1567 895 1638 eritque
923 1567 1098 1621 etiam
1132 1582 1344 1637 corpus
1374 1565 1630 1620 divisum
1675 1566 1732 1620 in
1764 1565 2022 1620 sentiens

380 1664 437 1714 et
485 1673 693 1712 sensus
744 1671 969 1727 expers.
1020 1655 1248 1710 Rursus
1306 1654 1549 1709 animati
1607 1659 1663 1709 et
1716 1654 2022 1709 sentientis

383 1760 727 1802 communes
787 1743 1122 1799 differentia
1166 1743 1490 1798 dividentes
1535 1742 1912 1815 reperientur,
1966 1748 2021 1798 et

383 1834 626 1890 rationis
692 1833 984 1905 particeps
1062 1838 1119 1887 et
1193 1832 1438 1886 rationis
1522 1849 1744 1904 expers.
1830 1837 2021 1904 Atque

386 1924 470 1978 sic
519 1938 798 1994 generum
848 1919 1294 1976 subalternatim
1328 1921 1650 1992 positorum
1683 1921 2020 1976 differentia:

383 2012 706 2068 dividentes
734 2010 880 2066 alias
912 2010 1148 2081 quidem
1171 2010 1408 2075 eaedem,
1443 2009 1588 2064 alias
1618 2027 1750 2066 vero
1782 2027 1893 2066 non
1917 2026 2022 2065 eae-

380 2101 514 2156 dem
566 2103 756 2156 erunt.
816 2098 888 2155 Ut
944 2103 1139 2153 autem
1207 2099 1625 2154 constituentes
1683 2098 2020 2154 differentiae

379 2190 537 2246 164
567 2205 798 2260 semper
815 2188 932 2243 sint
961 2188 1199 2255 eaedem,
1219 2186 1364 2242 nihil
1397 2193 1484 2243 est
1513 2187 1668 2258 quod
1695 2187 2016 2260 prohibeat.

376 2285 521 2334 Cum
559 2278 714 2334 enim
764 2275 1209 2332 subalternatim
1259 2276 1449 2348 posita
1497 2276 1615 2332 sint
1663 2276 2020 2349 homogenea

381 2367 666 2439 (ejusdem
721 2364 988 2436 generis),
1058 2368 1116 2420 et
1190 2366 1434 2420 univoca
1488 2365 1587 2420 fiat
1661 2366 2017 2436 praedicatio,

377 2461 667 2529 quotquot
694 2453 989 2528 praedicati
1040 2458 1179 2509 sunt
1220 2454 1576 2521 differentia,
1609 2470 1812 2509 omnes
1842 2454 2017 2510 etiam

377 2545 627 2618 subjecti
657 2549 846 2601 erunt.
990 2615 992 2617 ν

449 2637 502 2691 8.
535 2634 695 2690 Scire
738 2639 932 2689 autem
980 2636 1206 2705 oportet
1252 2633 1405 2704 quod
1456 2633 1641 2688 sancti
1693 2637 1892 2688 Patres
1922 2647 2015 2687 ea-

377 2725 510 2780 dem
567 2723 770 2778 dicunt
825 2721 1186 2793 homogenea
1230 2725 1287 2775 et
1337 2719 1664 2788 homoidea,
1715 2719 2020 2775 homousia

381 2810 824 2886 (coessentialia)
865 2809 1152 2876 videlicet,
1185 2808 1530 2881 hypostases
1577 2809 1857 2866 nimirum
1888 2825 2016 2881 qua:

381 2901 493 2956 sub
524 2901 725 2957 eadem
759 2899 950 2972 specie
977 2903 1136 2953 sunt.

445 2991 501 3044 9.
557 2989 732 3062 Atqui
810 2988 1143 3061 hypostasis
1194 2988 1308 3042 duo
1387 2987 1696 3059 significat.
1759 2988 2019 3044 Declarat

379 3081 533 3136 enim
563 3084 620 3135 et
667 3077 1014 3150 simpliciter
1061 3076 1484 3139 exsistentiam.
1521 3082 1809 3148 quatenus
1839 3079 2016 3133 etiam

381 3168 555 3240 aliqui
588 3185 657 3223 ex
685 3167 955 3222 Patribus
989 3183 1199 3221 nomen
1220 3165 1554 3237 hypostasis
1587 3167 1657 3220 ad
1689 3165 2018 3238 signiﬁcan-

381 3259 515 3314 dam
547 3262 818 3312 naturam
845 3259 1313 3327 assumpserunt.
1347 3254 1592 3309 Denotat
1620 3259 1795 3310 etiam
1817 3255 2018 3310 indivi-

2209 1123 2270 1189 ζ’.
2303 1125 2419 1175 Τῶν
2471 1117 2527 1174 δέ
2575 1141 2637 1194 γε
2695 1118 2990 1188 ὑπάλληλά
3043 1118 3408 1193 τεταγμένων,
3461 1117 3748 1196 διαιρετικαὶ

2139 1211 2234 1282 μὶν
2291 1209 2351 1264 οὐ
2409 1209 2638 1264 πάντοτε
2694 1211 2749 1263 αἱ
2806 1208 2977 1263 αὐταί.
3021 1212 3127 1263 Τοῦ
3178 1210 3282 1284 γὰρ
3331 1208 3580 1282 σώματος
3633 1207 3751 1265 διαι-

2136 1299 2405 1373 ρουμένου
2463 1297 2538 1360 εἷς
2591 1296 2839 1373 ἔμψυχον
2887 1303 3046 1371 σῶμα
3098 1297 3186 1352 καὶ
3243 1295 3478 1373 ἄψυχον,
3530 1298 3587 1352 ού
3629 1296 3748 1354 διαι-

2135 1389 2412 1463 ρεθήσεται
2461 1388 2547 1442 καὶ
2596 1389 2660 1441 τὸ
2718 1385 2968 1462 ἔμψυχον
3030 1385 3103 1448 εἷς
3164 1384 3414 1463 ἔμψυχον
3473 1386 3627 1442 πάλιν
3677 1389 3753 1443 καὶ

2134 1475 2369 1552 ἄψυχον,
2415 1475 2541 1531 ἀλλ’
2586 1477 2661 1538 εἷς
2720 1476 3033 1546 αἰσθητικὸν
3084 1475 3173 1530 καὶ
3233 1475 3570 1546 ἀναίσθητον
3627 1474 3751 1531 ἔσται

2133 1563 2191 1620 δὲ
2219 1566 2308 1620 καὶ
2337 1566 2400 1620 τὸ
2431 1570 2590 1637 σῶμα
2629 1563 2954 1641 διῃρημένον
3006 1565 3082 1626 εἷς
3133 1563 3446 1634 αἰσθητικὸν
3493 1564 3579 1619 xui
3623 1565 3754 1620 ἀναί-

2132 1657 2346 1725 σθητον.
2387 1653 2554 1709 Πάλιν
2585 1657 2681 1708 τοῦ
2728 1653 2980 1730 ἐμψύχου
3040 1653 3128 1708 καὶ
3178 1658 3276 1708 τοῦ
3332 1654 3640 1724 αἰσθητικοῦ
3669 1655 3753 1728 (εἷς

2132 1741 2352 1818 λογικὸν
2408 1743 2495 1797 καὶ
2555 1740 2778 1818 ἄλογον)
2840 1743 3218 1818 εὑρεθήσονται
3278 1744 3452 1796 κοιναὶ
3525 1741 3756 1821 διαφοραὶ

2132 1829 2471 1906 διαιρετικαὶ,
2526 1831 2590 1886 τὸ
2651 1830 2870 1905 λογικόν
2917 1852 2975 1885 τε
3032 1831 3123 1884 καὶ
3180 1829 3396 1907 ἄλογον.
3451 1831 3547 1886 Καὶ
3601 1830 3756 1893 οὕτως

2129 1917 2337 1976 ἔσονται
2397 1925 2504 1974 τῶν
2571 1917 2867 1989 ὑπάλληλα
2917 1925 3084 1995 γενῶν
3145 1917 3396 1997 διαφοραὶ
3459 1917 3757 1997 διαιρετικαὶ

2127 2011 2258 2064 ποτε
2292 2011 2385 2082 μὲν
2427 2009 2480 2063 αἱ
2512 2008 2686 2079 αὐταὶ,
2718 2009 2850 2064 ποτὲ
2882 2006 2928 2063 δ’
2957 2007 3065 2083 οὐχ
3116 2010 3169 2062 u't
3217 2009 3390 2067 αὗταί.
3426 2010 3529 2072 Τὰς
3579 2007 3634 2063 δὲ
3678 2030 3755 2064 συ-

2128 2100 2378 2160 στατικὰς
2429 2097 2561 2153 εἶναι
2611 2097 2839 2152 πάντοτε
2883 2099 2980 2160 τὰς
3024 2097 3185 2159 αὑτὰς
3237 2098 3300 2152 τὸ
3347 2097 3562 2154 κωλύον
3594 2095 3756 2155 οὐδέν.

2126 2189 2435 2262 Ὁμογενῶν
2495 2187 2598 2261 γὰρ
2647 2181 2812 2240 ὄντων
2870 2191 2977 2241 τῶν
3036 2185 3354 2256 ὑπάλληλα,
3384 2189 3479 2241 xui
3538 2185 3757 2242 συνωνύ-

2130 2298 2234 2348 μιχ)
2290 2277 2584 2350 γενομένης
2635 2283 2734 2345 τῆς
2790 2275 3140 2352 κατηγορίας,
3197 2274 3315 2330 ὅσαι
3371 2280 3473 2330 τοῦ
3540 2297 3760 2351 κατηγο·

2127 2365 2395 2440 ρουμένου
2456 2362 2705 2442 διαφοραί
2765 2364 2888 2433 εἰσι,
2939 2370 3102 2418 πᾶσαι
3156 2361 3211 2418 δὲ
3261 2369 3357 2418 του
3419 2365 3762 2438 ὑποκειμένου

2127 2451 2356 2511 ἔσονται.

2196 2634 2267 2702 η’.
2299 2634 2414 2708 Χρὴ
2465 2629 2522 2687 δὲ
2568 2633 2852 2706 γινώσκειν
2917 2631 2989 2692 ὡς
3037 2633 3090 2686 οἱ
3138 2636 3271 2695 θεῖοι
3331 2634 3568 2708 Πατέρες
3640 2634 3764 2706 ὁμο-

2124 2727 2251 2796 γενῆ
2284 2719 2371 2775 καί
2403 2717 2636 2793 ὁμοειδῆ
2663 2721 2730 2775 τὰ
2777 2719 2910 2774 αὐτὰ
2958 2717 3198 2796 λέγουσι,
3231 2721 3298 2775 τὰ
3353 2721 3628 2794 ὁμοούσια
3683 2717 3769 2791 δη-

2127 2807 2289 2880 λαδὴ,
2369 2809 2536 2884 ἤγουν
2615 2811 2709 2871 τὰς
2791 2809 2891 2862 ὑπὸ
2961 2809 3022 2862 τὸ
3097 2808 3228 2864 αὐτὸ
3308 2807 3456 2865 εἶδος
3544 2810 3766 2865 ὑποστά-

2126 2918 2257 2958 σεις.

2195 2988 2258 3044 θ’.
2289 2987 2352 3041 Ἡ
2382 2983 2428 3040 δ’
2470 2986 2756 3048 ὑπόστασις
2818 2983 2913 3040 δύο
2971 2984 3243 3060 σημαίνει.
3294 2985 3481 3056 Δηλοῖ
3531 2987 3632 3064 γὰρ
3685 2987 3768 3040 καὶ

2122 3076 2221 3144 τὴν
2256 3073 2446 3137 ἁπλῶς
2479 3074 2726 3150 ὕπαρξιν,
2757 3073 2887 3129 καθὸ
2918 3074 3008 3129 καί
3053 3096 3195 3137 τινες
3227 3079 3331 3130 τῶν
3385 3076 3669 3152 Πατέρων,
3700 3076 3769 3136 ὡς

2125 3160 2432 3232 δηλωτικὸν
2477 3163 2685 3241 φύσεως
2739 3162 3104 3241 παρειλήφασι
3157 3165 3220 3218 τὸ
3275 3170 3373 3234 τῆς
3433 3163 3770 3225 ὑποστάσεως

2125 3247 2320 3324 ὄνομα.
2356 3250 2530 3321 Δηλοῖ
2557 3253 2646 3307 καὶ
2691 3253 2754 3306 τὸ
2799 3250 3004 3324 ἄτομον
3035 3253 3064 3306 ’ὀ
3095 3253 3183 3307 καὶ
3231 3253 3433 3329 κυρίως
3490 3253 3775 3314 ὑπόστασις

381 3349 586 3416 duum,
617 3345 769 3417 quod
801 3345 976 3400 etiam
1007 3343 1237 3416 proprie
1259 3342 1589 3414 hypostasis
1619 3343 1852 3411 dicitur,
1886 3361 2015 3415 pro-

2137 3339 2367 3416 λέγεται,
2411 3340 2498 3396 διὰ
2551 3342 2613 3396 τὸ
2669 3343 2786 3405 καθ’
2832 3341 2962 3396 αὑτὸ
3023 3341 3303 3420 ὑφεστάναι
3353 3347 3773 3418 πραγματικῶς.

381 3440 579 3508 pterea
608 3435 760 3505 quod
792 3450 895 3505 per
922 3449 984 3488 se
1015 3447 1211 3488 revera
1241 3431 1541 3487 subsistat.
1577 3432 1842 3488 Essentia
1860 3433 2014 3488 enim

383 3525 638 3596 acceptis
669 3521 1068 3578 accidentibus
1100 3521 1159 3576 in
1208 3520 1527 3575 individuis
1559 3521 1751 3593 reipsa
1792 3521 2015 3578 subsis-

379 3615 471 3670 tit.

455 3703 542 3757 10.
576 3703 646 3757 Et
673 3718 806 3756 vero
838 3702 1262 3772 anhypostaton
1293 3699 1407 3754 duo
1441 3698 1750 3772 significat.
1783 3701 1928 3756 Nam
1961 3705 2017 3758 et

377 3793 438 3847 id
488 3789 844 3862 (signiﬁcat),
891 3789 1042 3858 quod
1093 3787 1252 3842 nullo
1301 3788 1474 3842 modo
1522 3787 1750 3860 uspiam
1799 3794 1926 3845 est:
1959 3795 2017 3846 et

379 3881 651 3936 accidens
697 3882 760 3933 ut
787 3878 938 3948 quod
987 3877 1282 3948 pr0priam
1326 3877 1665 3949 hypostasin
1715 3877 1833 3933 sive
1865 3879 2012 3934 exsi-

378 3968 655 4024 stentiam
689 3983 803 4022 non
835 3966 1069 4030 habeat,
1105 3965 1204 4020 sed
1237 3965 1293 4019 in
1345 3966 1677 4020 substantia
1707 3967 2010 4024 subsistat.

451 4077 536 4130 11.
585 4073 1019 4146 Enhypostaton
1072 4076 1268 4127 autem
1325 4071 1618 4127 interdum
1667 4073 1899 4143 quidem
1954 4075 2013 4129 id

375 4164 531 4237 quod
565 4162 908 4236 simpliciter
936 4160 1164 4216 exsistit
1214 4160 1504 4228 declarat;
1545 4177 1657 4231 quo
1687 4163 2012 4234 signiﬁcato

372 4270 489 4310 non
519 4256 748 4308 tantum
779 4250 1123 4322 simpliciter
1150 4249 1500 4321 substantia,
1532 4251 1633 4305 sed
1663 4251 1836 4305 etiam
1869 4252 2015 4307 acci-

373 4344 518 4399 dens
547 4341 970 4414 enhypostaton
1014 4338 1248 4403 dicitur,
1282 4339 1430 4395 I55
1469 4355 1600 4393 cum
1635 4340 1822 4412 magis
1855 4340 2011 4396 hete-

371 4432 788 4503 rohypostaton
822 4428 900 4500 (id
932 4426 1117 4495 est,in
1149 4427 1261 4481 alio
1291 4427 1514 4482 habens
1547 4427 2014 4498 subsistentiam)

371 4519 484 4575 sit:
521 4518 820 4574 interdum
869 4520 1063 4571 autem
1093 4515 1268 4570 etiam
1316 4515 1686 4570 individuum
1738 4516 2011 4572 declarat.

371 4609 481 4664 Sed
504 4612 702 4662 tamen
726 4622 829 4661 nec
849 4605 1046 4677 ipsum
1070 4603 1300 4676 proprie
1331 4604 1752 4677 enhypostaton
1779 4610 1888 4674 est,
1912 4608 2013 4661 sed

2127 3432 2212 3484 Ἐν
2265 3430 2367 3505 γὰρ
2417 3434 2535 3492 τοῖς
2592 3429 2815 3502 ἀτόμοις
2873 3433 2906 3499 ἡ
2969 3429 3120 3484 ούσία
3177 3429 3414 3506 ἐνεργείᾳ
3493 3430 3774 3510 ὑφέστηκε,

2124 3514 2510 3595 προσλαϐοῦσα
2538 3520 2606 3572 τὰ
2635 3514 3034 3592 συμϐεϐηκότα.

2216 3701 2226 3717 Ι
2363 3699 2376 3716 \
2448 3699 2462 3718 κ
2514 3698 2527 3717 9
2904 3695 2927 3714 κ
3047 3697 3060 3716 Ῐ
3300 3698 3311 3718 Ι
3510 3699 3522 3720 Ι
3723 3698 3736 3716 \

2197 3722 2245 3752 ι.
2279 3705 2378 3753 Και
2408 3719 2471 3754 το
2503 3698 2865 3752 ανυπόστατον
2901 3699 2957 3753 οὶ
3002 3695 3098 3752 δυο
3139 3719 3414 3771 σημαινει,
3451 3705 3524 3754 To
3569 3720 3630 3754 τε
3676 3717 3772 3772 γαρ

2128 3787 2358 3861 μηδαμῆ
2413 3785 2684 3860 μηδαμῶς
2741 3786 2820 3859 ὃν,
2879 3787 2968 3841 καὶ
3021 3787 3084 3841 τὸ
3141 3781 3517 3860 συμϐεϐηκὸς,
3572 3789 3649 3850 ὡς
3701 3787 3773 3858 μὴ

2124 3876 2248 3953 ἔχον
2313 3875 2447 3930 ἰδίαν
2513 3875 2824 3945 ὑπόστασιν,
2876 3874 3046 3931 εἷετουν
3106 3875 3351 3950 ὕπαρξιν,
3403 3876 3539 3932 ἀλλ’
3601 3875 3655 3932 έν
3708 3879 3774 3949 τῇ

2122 3966 2276 4037 οὐσίᾳ
2305 3965 2624 4044 ὑφεστηκός.

2196 4076 2280 4131 ια’,
2311 4073 2381 4128 Τὸ
2415 4070 2472 4127 δὲ
2520 4071 2873 4128 ἐνυπόστατον
2923 4073 3055 4127 ποτε
3106 4074 3199 4146 μὶν
3247 4074 3310 4127 τὸ
3357 4073 3559 4132 ἁπλῶς
3611 4073 3780 4149 ὕπαρ-

2122 4182 2222 4238 χον
2257 4159 2440 4232 δηλοῖ,
2472 4162 2604 4224 καθὸ
2650 4159 3051 4234 σημαινόμενον
3103 4161 3164 4215 ού
3216 4160 3379 4233 μόνον
3431 4163 3538 4230 τήν
3590 4159 3782 4222 ἁπλῶς

2123 4251 2330 4319 οὐσίαν,
2371 4248 2517 4306 ἀλλὰ
2554 4250 2643 4304 καὶ
2695 4250 2756 4304 τὸ
2800 4244 3145 4321 συμϐεϐηκὸς
3193 4249 3563 4305 ένυπόστατον
3627 4249 3785 4325 λέγο-

2126 4361 2244 4413 μεν,
2277 4339 2728 4415 έτεροϋπόστατον
2783 4337 2992 4410 μᾶλλον
3046 4339 3311 4414 ὑπάρχον’
3372 4340 3512 4394 ποτε
3578 4337 3639 4394 δὲ
3699 4338 3790 4410 δη-

2123 4427 2215 4482 λοῖ
2243 4427 2330 4482 καὶ
2360 4428 2423 4482 τὸ
2450 4424 2680 4500 ἄτομον.
2720 4424 2844 4481 Οὐδ’
2876 4425 3004 4481 αὐτὸ
3052 4424 3110 4480 δὲ
3165 4426 3365 4502 κυρίως
3416 4427 3792 4484 ἐνυπόστατόν

2123 4516 2285 4587 ἐστιν,
2346 4514 2472 4570 ἀλλ’
2533 4515 2841 4576 ὑπόστασις.
2920 4515 3130 4590 Κυρίως
3217 4517 3320 4592 γὰρ
3415 4515 3787 4573 ἐνυπόστατόν

2124 4606 2264 4660 ἐστιν
2300 4606 2334 4674 ἢ
2367 4606 2429 4660 τὸ
2485 4607 2603 4669 καθ’
2632 4604 2762 4659 αὐτὸ
2823 4605 2915 4680 μὲν
2982 4606 3057 4678 μή
3119 4606 3508 4682 ὑφιστάμενον,
3547 4607 3682 4663 ἀλλ’
3740 4604 3790 4660 ἐν

370 4695 721 4769 hypostasis.
743 4694 977 4765 Proprie
998 4695 1154 4749 enim
1174 4693 1597 4766 enhypostaton
1619 4699 1729 4760 est,
1749 4695 1838 4750 vel
1861 4695 2013 4766 quod

2137 4700 2238 4757 ταῖς
2273 4692 2589 4749 ὑποστάσεσι
2640 4693 3031 4769 θεωρούμενον,
3066 4693 3245 4770 ὥσπερ
3297 4695 3357 4748 τὸ
3407 4691 3585 4766 εἶδος,
3620 4693 3790 4772 ἤγουν

371 4801 472 4857 per
501 4802 562 4840 se
589 4785 823 4854 quidem
874 4799 990 4838 non
1041 4782 1334 4847 subsistit,
1359 4783 1460 4837 sed
1509 4783 1567 4837 in
1600 4782 2014 4854 bypostasibus

372 4873 793 4937 consideratur,
820 4876 880 4926 ut
915 4870 1156 4942 species,
1186 4886 1395 4943 nempe
1421 4875 1633 4926 natura
1662 4872 2012 4943 (communis

373 4960 608 5027 scilicet,
643 4961 855 5015 etenim
905 4966 1114 5014 natura
1163 4959 1471 5014 hominum
1521 4976 1636 5014 non
1687 4961 2009 5016 secundum

372 5049 650 5120 seipsam,
684 5049 784 5104 sed
832 5049 891 5102 in
939 5048 1392 5119 particularibus
1445 5049 1783 5104 hominibus
1815 5050 2010 5105 subsi-

371 5136 516 5206 stit),
550 5137 636 5191 vel
669 5137 824 5207 quod
877 5153 1011 5191 cum
1044 5135 1223 5192 altero
1274 5138 1530 5208 quodam
1561 5137 1862 5192 differente
1919 5154 2007 5192 se-

371 5224 628 5279 cundum
662 5225 1051 5278 substantiam
1082 5226 1457 5297 congreditur
1481 5225 1550 5281 ad
1585 5242 1761 5280 unam
1784 5243 2008 5298 compo-

2122 4786 2156 4852 ἡ
2191 4785 2368 4861 φύσις·
2423 4783 2513 4837 xui
2569 4784 2670 4858 γὰρ
2725 4787 2831 4836 τῶν
2887 4782 3184 4858 ἀνθρώπων
3330 4783 3497 4860 φύσις
3562 4783 3630 4839 οὐ
3676 4784 3794 4847 καθ’

2124 4874 2340 4944 ἑαυτὴν,
2373 4870 2500 4927 ἀλλ’
2529 4871 2580 4926 ἐν
2610 4876 2728 4933 τοῖς
2774 4871 2908 4926 κατᾶ
2969 4872 3132 4947 μέρος
3183 4871 3499 4948 ἀνθρώποις
3560 4874 3796 4949 ὑφέστηο

2120 4981 2230 5016 κεν·
2284 4962 2319 5030 ἢ
2368 4961 2430 5015 τὸ
2491 4960 2887 5035 συνερχόμενον
2945 4961 3111 5036 έτέρῳ
3165 4961 3272 5015 τινὶ
3332 4957 3597 5039 διαφόρῳ
3659 4963 3796 5018 κατά

2118 5051 2217 5118 τὴν
2252 5049 2436 5104 οὐσίαν
2480 5050 2555 5111 εἷς
2610 5055 2735 5122 μιᾶς
2787 5048 3129 5112 ὑποστάσεως
3179 5051 3426 5104 συνθέτου
3484 5049 3793 5127 ἐκπλήρω-

2119 5150 2218 5192 σιν·
2255 5139 2328 5199 ὡς
2360 5141 2394 5207 ἡ
2429 5140 2579 5214 ψυχή
2641 5137 2736 5193 xui
2789 5138 2850 5192 τὸ
2907 5143 3067 5212 σῶμα
3123 5139 3437 5194 συνελθόντα
3503 5138 3798 5212 ἀλλήλοις

2115 5227 2206 5282 τόν
2237 5248 2354 5282 τινα
2385 5225 2663 5302 ἄνθρωπον
2692 5227 3037 5284 ἀπετέλεσαν.

372 5314 550 5370 sitam
584 5313 946 5385 hypostasim
977 5313 1912 5385 complendam.Quemadmodum
1946 5317 2143 5374 anima
2171 5322 2230 5374 et
2260 5335 2472 5389 corpus
2502 5335 2699 5374 secum
2728 5319 2975 5374 invicem
3006 5335 3322 5390 congressa
3351 5319 3517 5375 hunc
3531 5319 3802 5392 aliquem

374 5402 674 5458 hominem
709 5400 1101 5457 absolverunt.

444 5493 530 5546 12.
564 5491 696 5546 Haec
726 5492 965 5562 quidem
1016 5490 1198 5561 igitur
1225 5491 1609 5563 enhypostata
1657 5493 1768 5549 dici
1817 5495 2017 5564 quive-

373 5580 529 5647 rint;
564 5580 719 5650 quod
773 5583 964 5634 autem
997 5595 1065 5633 ex
1112 5577 1227 5632 illis
1277 5582 1664 5651 compositum
1695 5587 1803 5650 est,
1835 5583 2014 5656 hypo-

373 5670 569 5725 stasis.
605 5669 712 5724 Sed
747 5673 804 5724 et
833 5684 900 5724 ea
947 5673 1153 5722 natura
1180 5684 1306 5738 quae
1335 5670 1405 5724 ab
1455 5670 1567 5726 alia
1596 5672 1892 5743 hypostasi
1924 5689 2016 5728 as-

373 5763 610 5834 sumpta
637 5757 697 5816 in
720 5757 849 5832 ipsa
869 5757 1267 5817 exsistentiam
1288 5757 1485 5828 habet,
1503 5764 1559 5817 et
1579 5758 1722 5833 haec,
1746 5762 2013 5837 inquam,

527 6217 1614 6378 ..κῆ’-ιι
774 6267 934 6376 γ
1473 6315 1778 6384 ,μην

2200 5495 2288 5569 ιβ’.
2322 5495 2396 5547 Τὰ
2456 5495 2550 5565 μὲν
2609 5491 2700 5547 οὖν
2758 5493 3080 5550 ἐνυπόστατα
3129 5495 3369 5572 λεχθεῖεν
3421 5493 3512 5550 ἂν·
3569 5498 3640 5552 τὸ
3675 5494 3723 5552 δ’
3754 5495 3806 5566 ἐξ

2126 5582 2298 5637 αὐτῶν
2390 5579 2654 5652 ἀλλήλων
2741 5585 3140 5658 συντεθειμένον
3230 5585 3547 5646 ὑπόστασις,
3618 5584 3806 5641 Ἀλλὰ

2124 5671 2213 5726 καὶ
2295 5671 2381 5749 ὑφ’
2435 5669 2616 5744 ἑτέρας
2696 5671 3038 5735 ὑποστάσεως
3092 5673 3515 5751 προσληφθεῖσα
3609 5673 3803 5750 φύσις,

2125 5760 2214 5818 καὶ
2245 5758 2298 5817 έν
2327 5759 2463 5838 αὐτῇ
2512 5757 2780 5839 ἐσχηκυῖα
2819 5762 2916 5832 τὴν
2979 5761 3200 5838 ὕπαρξιν
3249 5762 3337 5819 καὶ
3393 5761 3539 5834 αὕτη
3605 5760 3805 5834 καλῶς

4001 5507 4010 5550 1
