4096 6468
489 492 606 560 8M
1738 489 2157 551 NICEPHORI
2202 487 2643 550 BLEMMIDE
3737 492 3834 558 811

559 627 613 680 2.
652 625 770 682 Uno
800 624 1038 698 quidem
1083 624 1256 680 modo
1287 641 1320 680 a
1348 627 1626 694 tempore,
1677 639 1790 694 quo
1823 623 1980 678 aliud
2014 621 2127 677 alio
2159 643 2176 691 Α

2318 617 2970 694 β’Καθ’ἓνα““-ό
3132 617 3362 651 ’“”·τ’
3493 616 3587 672 όν
3756 625 3825 642 ’"

2371 663 2383 675 .
2734 639 2828 691 μεν
2886 638 2939 692 .ρ
2976 637 3075 673 πον
3122 639 3229 672 απο
3284 638 3367 671 ιο)
3417 636 3487 694 χρ
3522 639 3626 692 νου,
3669 625 3753 678 καθ
3810 646 3833 679 o

489 713 792 787 antiquius
823 716 880 769 et
935 713 1221 768 vetustius
1252 713 1524 768 dicimus.
1580 711 1907 782 Usurpatur
1933 717 2106 766 auten

2243 704 2601 784 πρεσϐύτερον
2651 708 2739 763 καί
2795 705 3151 782 παλαιότερον
3207 704 3390 782 ἕτερον
3453 707 3624 782 ἑτέρου
3675 711 3833 788 φαμέν,

489 803 789 873 antiquius
813 801 1048 874 quidem
1067 802 1298 873 proprie
1319 802 1377 856 in
1401 801 1857 868 animatis,l58
1882 801 2106 856 maximi

2241 800 2492 852 Τάττεται
2549 796 2605 852 δὲ
2660 798 2722 853 τὸ
2783 799 2877 869 μὲν
2934 791 3294 872 πρεσϐύτερον
3366 796 3560 870 κυρίως
3632 796 3833 854 ἐπὶτῶν

490 893 550 960 in
581 890 955 948 hominibus:
981 891 1040 946 in
1060 890 1402 946 inanimatis
1432 895 1626 946 autem
1658 890 1756 961 (et)
1797 890 1975 944 simul
2008 907 2102 945 om

2244 886 2506 964 ἐμψύχων
2563 887 2653 941 καὶ
2715 884 2950 958 μάλιστα
3005 885 3086 940 ἐπ’
3147 885 3466 960 ἀνθρώπων,
3522 885 3604 940 ἐπὶ
3654 884 3705 941 δὲ
3751 892 3835 942 τῶν

491 980 667 1037 nibus
695 979 1005 1036 vetustius.
1065 979 1438 1035 Manifestum
1497 982 1691 1034 autem
1735 983 1823 1034 est
1870 984 2108 1050 oporterl

2243 976 2469 1051 ἀψύχων
2505 976 2638 1049 (καὶ)
2670 977 2810 1049 ὁμοῦ
2841 975 3054 1030 πάντων
3102 975 3164 1030 τὸ
3211 972 3588 1049 παλαιότερον.
3620 974 3774 1045 Δῆλον
3802 974 3839 1031 δ’

491 1086 626 1124 cum
677 1069 789 1124 alio
838 1068 1230 1124 conferentem
1283 1068 1465 1123 facere
1513 1068 1996 1140 compartionem,
2063 1085 2108 1122 ω

2242 1064 2327 1119 ὅτι
2373 1066 2510 1140 πρὸς
2564 1063 2745 1140 ἕτερον
2800 1067 2910 1140 χρή
2958 1058 3380 1137 παραϐάλλοντα
3434 1065 3654 1120 πάντοτε
3697 1071 3841 1120 ποιεῖ-

489 1159 624 1231 quis
654 1158 848 1230 seipse
878 1157 1201 1214 secundum
1216 1155 1538 1228 juvenilem
1561 1161 1809 1227 aetatem,
1833 1173 1959 1228 qua
1991 1163 2106 1212 tem

2241 1156 2359 1209 σθαι
2414 1155 2512 1222 τὴν
2575 1153 2879 1229 σύγκρισιν,
2931 1150 3024 1206 ἵνα
3079 1154 3152 1226 μή
3211 1173 3294 1214 τις
3350 1152 3538 1207 ἑαυτοῦ
3591 1155 3714 1209 κατὰ
3759 1155 3838 1222 τὴν

489 1263 630 1330 pore
683 1247 844 1319 prior
890 1251 998 1318 est,
1030 1246 1327 1318 antiquior
1347 1245 1470 1317 (seu
1494 1245 1710 1315 senior)
1741 1245 2106 1318 deprehenda

2241 1242 2358 1297 νέαν
2415 1241 2635 1311 ἡλικίαν
2673 1288 2686 1312 ,
2738 1242 2812 1302 ὡς
2887 1245 2964 1312 τῷ
3037 1241 3222 1316 χρόνῳ
3275 1241 3538 1316 προτέραν
3570 1287 3584 1312 ,
3638 1241 3844 1318 εὐρεθείη

488 1326 606 1392 tur.

2240 1326 2625 1406 πρεσϐύτερος.
3305 1387 3307 1390 .

559 1423 614 1482 3.
645 1423 770 1480 Alio
800 1423 974 1482 modo
1004 1422 1168 1496 prius
1199 1422 1434 1488 dicitur,
1466 1423 1620 1494 quod
1677 1423 1998 1477 secundum
2027 1439 2129 1478 na-

2311 1429 2374 1495 γ’·
2425 1416 2754 1496 Καθ’ἓτερον
2787 1413 2985 1495 τρόπον
3039 1416 3250 1492 λέγεται
3306 1418 3592 1494 πρότερον,
3636 1420 3694 1474 τὸ
3735 1422 3848 1476 κατᾶ

487 1516 684 1582 turam
715 1517 822 1571 est.
871 1517 972 1572 Est
1017 1517 1213 1567 autem
1270 1516 1483 1566 natura
1532 1509 1695 1582 prius
1751 1511 1903 1580 quod
1953 1511 2104 1565 simu

2242 1509 2418 1587 φύσιν.
2479 1508 2643 1562 Φύσει
2694 1505 2751 1562 δὲ
2806 1507 3067 1582 πρότερόν
3125 1507 3235 1562 ἐστι
3290 1508 3354 1562 τὸ
3400 1512 3735 1582 συναναιροῦν
3776 1509 3847 1564 καὶ

487 1601 641 1658 tollit
668 1607 726 1657 et
745 1599 921 1656 simul
945 1616 1060 1655 non
1090 1598 1344 1666 tollitur;
1377 1599 1834 1670 quodquejuxta
1863 1599 2104 1654 infertur

2245 1598 2321 1670 μὴ
2390 1597 2870 1673 συναναιρούμενον
2904 1641 2918 1665 ,
2973 1595 3061 1650 καὶ
3137 1597 3576 1673 συνειιρερόμενον
3652 1596 3735 1650 καὶ
3788 1598 3849 1669 μὴ

489 1684 595 1747 nec
634 1691 806 1762 juxta
859 1689 1052 1745 infert.
1087 1688 1258 1743 Velut
1297 1704 1481 1742 unum
1514 1687 1676 1759 prius
1733 1694 1825 1743 est
1878 1688 2106 1743 duobus

2242 1685 2611 1761 συνεισφέρον.
2670 1687 2793 1739 Οἷον
2843 1685 2902 1738 τὸ
2963 1684 3015 1738 ἐν
3069 1685 3330 1761 πρότερον
3389 1684 3543 1762 φύσει
3598 1689 3700 1739 τῶν
3752 1681 3848 1740 δύο.

486 1778 718 1835 Etenim
750 1777 1048 1834 sublatum
1081 1793 1281 1833 secum
1309 1776 1464 1832 tollit
1490 1777 1628 1832 duo.
1663 1777 1720 1830 Si
1753 1776 1909 1832 enim
1946 1793 2103 1831 unun

2243 1775 2337 1828 Καὶ
2388 1776 2494 1850 γὰρ
2542 1773 2949 1850 ἀναιρούμενον,
2996 1779 3300 1849 συναναιρεῖ
3343 1775 3408 1828 τὰ
3455 1773 3577 1832 δύο.
3608 1775 3695 1843 Μὴ
3724 1771 3854 1835 ὄντος

487 1885 606 1925 non
635 1867 1031 1939 sit,quomodo
1061 1866 1176 1921 duo
1202 1865 1421 1920 erunt?
1452 1865 1511 1919 Si
1544 1870 1738 1920 autem
1761 1865 1876 1920 duo
1901 1864 2104 1920 sublat:

2240 1865 2342 1938 γὰρ
2393 1863 2529 1932 ἐνὸς,
2581 1867 2699 1924 πῶς
2749 1860 2954 1916 ἔσονται
3005 1859 3100 1917 δύο
3142 1867 3291 1932 ςτῶν
3345 1860 3442 1918 δύο
3490 1860 3536 1916 δ’
3590 1863 3857 1936 ἀναιρεθέν-

488 1957 724 2026 fuerint,
758 1972 874 2012 non
897 1957 1068 2026 juxta
1089 1971 1272 2009 unum
1303 1953 1544 2009 tollitur.
1597 1952 1787 2008 Unum
1832 1955 1987 2008 enim
2019 1960 2105 2009 est

2240 1973 2368 2022 των,
2431 1951 2492 2006 οὗ
2543 1957 2930 2026 συναναιρεῖται
2980 1951 3041 2006 τὸ
3091 1949 3166 2007 ἔν.
3216 1953 3369 2008 Ἐστι
3413 1953 3518 2028 γὰρ
3548 1951 3627 2025 ἓν,
3677 1949 3765 2006 δύο
3793 1952 3857 2023 μὴ

486 2046 536 2102 si
566 2047 681 2102 duo
706 2062 823 2102 non
855 2045 990 2100 sint.
1027 2044 1255 2098 Rursus
1284 2060 1420 2098 cum
1451 2043 1682 2098 duobus
1735 2059 1917 2097 unum
1953 2043 2103 2100 simu

2241 2037 2408 2096 ὄντων
2443 2084 2455 2096 .
2518 2039 2689 2096 Πάλιν
2756 2046 2871 2102 τοῖς
2934 2041 3028 2113 μὲν
3088 2037 3182 2094 δύο
3235 2040 3636 2118 συνεισφέρεται
3689 2042 3746 2094 τὸ
3794 2037 3856 2093 ἓν·

484 2135 753 2191 infertur.
786 2131 895 2190 Ubi
934 2133 1092 2188 enim
1142 2133 1278 2203 duo,
1312 2132 1392 2186 ibi
1437 2131 1611 2187 etiam
1643 2148 1827 2186 unum
1859 2137 1965 2187 est.
1998 2132 2096 2186 Ete

2239 2126 2362 2193 ἔνθα
2388 2131 2488 2204 γὰρ
2535 2127 2651 2201 δύο,
2703 2129 2812 2184 ἐκεῖ
2855 2129 2944 2184 καὶ
2992 2131 3054 2184 τὸ
3083 2126 3159 2184 (ἐν’
3191 2129 3247 2183 ’ὲν
3297 2130 3401 2205 γὰρ
3449 2129 3544 2184 καὶ
3572 2129 3628 2183 ’ἐν
3671 2128 3734 2183 τὰ
3759 2125 3855 2182 δόθ’

484 2223 606 2281 nim
639 2225 754 2279 duo
784 2226 924 2279 sunt
953 2238 1138 2277 unum
1187 2226 1244 2276 et
1273 2238 1480 2275 unum.
1531 2221 1656 2276 Non
1707 2225 1901 2276 autem
1947 2237 2101 2275 unun

2242 2219 2300 2273 οὐ
2359 2219 2688 2296 συνεισφέρει
2747 2216 2804 2272 δὲ
2857 2219 2920 2273 τὸ
2965 2215 3020 2273 ἓν
3079 2219 3144 2273 τὰ
3200 2216 3317 2273 δόθ’
3380 2219 3499 2281 ἑνὸς
3553 2219 3658 2294 γὰρ
3705 2214 3859 2289 ὄντος,

483 2311 661 2369 simul
691 2312 866 2368 infert
893 2312 1030 2366 duo.
1089 2309 1280 2365 Unum
1311 2309 1468 2364 enim
1519 2310 1568 2363 si
1629 2309 1724 2376 sit,
1759 2325 1873 2363 non
1905 2314 1996 2364 est
2035 2322 2100 2364 ne

2245 2307 2336 2361 οὐκ
2390 2308 2679 2381 ἀναγκαῖον
2726 2307 2860 2361 εἶναι
2906 2308 2994 2362 καὶ
3045 2306 3161 2364 δύο.
3208 2309 3352 2362 Κατά
3399 2312 3594 2362 τοῦτον
3642 2309 3729 2361 τὸν
3759 2306 3862 2382 τρό-

482 2417 644 2458 cesso
673 2401 849 2458 etiam
879 2400 994 2455 duo
1023 2415 1171 2455 esse.
1205 2402 1322 2454 Hoc
1367 2399 1540 2454 modo
1591 2415 1806 2470 genera
1835 2398 1959 2453 suis
1993 2413 2094 2470 spe

2247 2417 2336 2450 πον
2366 2397 2432 2450 τὰ
2477 2396 2606 2471 γένη
2657 2397 2893 2472 πρότερα
2941 2400 3046 2450 τῶν
3094 2396 3306 2450 οἰκείων
3338 2393 3524 2469 ετίδῶν,
3557 2396 3740 2451 καὶτὰ
3767 2393 3864 2464 εἴδη

481 2491 682 2546 ciebus
712 2489 909 2562 priora
963 2492 1103 2544 sunt
1132 2493 1190 2543 et
1236 2488 1459 2559 species
1511 2486 1828 2542 individuis
1861 2487 2025 2554 suis;
2069 2504 2098 2542 c

2247 2490 2340 2539 τῶν
2374 2485 2616 2558 ἀτόμων,
2637 2486 2726 2538 καί
2759 2483 2947 2546 ἁπλῶς
2978 2486 3043 2539 τὰ
3073 2483 3483 2559 καθολικώτερα
3514 2490 3626 2542 τῶν
3656 2485 3753 2540 ὐπὸ
3779 2486 3864 2552 τήν

481 2579 828 2652 simpliciter
855 2575 1274 2634 universaliora
1332 2575 1872 2648 particularioribus
1904 2592 2032 2647 quae
2065 2576 2098 2630 i1

1565 2575 1872 2631 larioribus
1904 2592 2032 2647 qua}
2065 2576 2123 2630 in
2234 2573 2400 2643 αὐτὴν
2423 2574 2753 2650 κατηγορίαν
2786 2573 3182 2650 μερικωτέρων.

481 2668 684 2725 eodem
717 2667 1164 2741 pradicamento
1194 2669 1351 2720 sunt.

551 2757 604 2814 4.
639 2757 872 2813 Tertius
903 2755 1114 2811 modus
1143 2758 1232 2809 est
1259 2753 1332 2822 is,
1364 2753 1464 2826 qui
1495 2758 1586 2809 est
1615 2754 1936 2809 secundum
1969 2752 2122 2807 ordi-

2304 2749 2366 2806 δ.
2401 2751 2590 2827 Τρίτος
2634 2752 2835 2826 τρόπος
2888 2753 2915 2806 6
2961 2753 3097 2807 κατᾶ
3142 2751 3309 2825 τάξιν,
3359 2753 3433 2814 ὡς
3476 2754 3546 2809 τὸ
3599 2752 3871 2830 προοίμιον

480 2861 638 2916 nem,
695 2849 762 2900 ut
815 2843 1117 2899 exordium
1151 2841 1481 2897 narratione
1527 2841 1688 2910 prius
1725 2845 1832 2910 est,
1865 2845 1921 2894 et
1953 2839 2097 2895 mile:

2256 2840 2492 2916 πρότερον
2549 2849 2649 2910 τῆς
2706 2838 3015 2917 διηγήσεως
3051 2885 3066 2910 ,
3116 2841 3206 2896 καὶ
3264 2842 3294 2895 6
3367 2843 3720 2918 στρατιώτης
3793 2843 3873 2895 τοῦ

480 2933 629 2989 duce
656 2933 967 2990 exercitus.

936 2948 967 2987 ι.
2233 2934 2553 3005 στρατηγοῦ.

548 3021 603 3086 5,
664 3022 918 3086 Quartus
976 3022 1065 3075 est
1094 3018 1195 3089 qui
1225 3017 1378 3076 I59
1420 3017 1745 3075 secundum
1775 3017 2120 3090 dignitatem

2302 3020 2357 3072 ε’.
2386 3017 2646 3095 Τέταρτος
2695 3019 2723 3072 6
2773 3020 2889 3073 κατ’
2940 3017 3104 3089 ὀξίαν·
3160 3019 3237 3081 ὡς
3292 3019 3320 3073 ὀ
3372 3020 3569 3096 ἄρχων
3625 3017 3875 3095 πρότερος

477 3115 586 3178 est,
610 3115 673 3164 ut
704 3108 975 3180 princeps
1003 3107 1160 3179 prior
1179 3111 1269 3162 est
1289 3107 1837 3178 subdito,dignitate
1858 3105 2094 3162 videlice

2264 3111 2325 3160 οῦ
2354 3107 2688 3182 ἀρχομένου,
2719 3112 2787 3182 τῇ
2821 3106 2941 3179 ἀξίᾳ
2989 3105 3250 3178 δηλονότι
3299 3108 3390 3163 καὶ
3437 3113 3512 3184 τῇ
3565 3112 3733 3184 τιμῇ.
3763 3109 3881 3162 Τοῦ-

477 3203 535 3254 et
568 3198 806 3254 honore.
853 3201 1020 3251 Hunc
1051 3197 1291 3252 modum
1342 3196 1681 3250 Aristoteles
1733 3212 1848 3250 non
1892 3195 2094 3266 recipit

2261 3217 2317 3250 ον
2369 3197 2461 3250 τὸτ
2504 3197 2704 3272 τρόπον
2734 3199 2761 3251 6
2821 3196 3225 3272 Ἀριστοτέλης.
3285 3197 3347 3252 οὐ
3397 3195 3654 3274 δέχεται.
3705 3197 3878 3265 Τίθησι

476 3286 582 3343 Pro
611 3303 677 3343 eo
708 3291 903 3342 autem
935 3285 1099 3358 ponit
1141 3283 1310 3339 illum
1359 3284 1457 3355 qui
1507 3284 1828 3338 secundum
1880 3301 2093 3339 causan

2265 3287 2276 3304 ’
2306 3285 2584 3340 ἀντάὐτοῦ
2629 3287 2720 3340 τὸν
2752 3286 2888 3340 κατᾶ
2915 3287 2978 3340 τὸ
3026 3283 3216 3341 αἷίτιον·
3271 3289 3406 3358 οἷον,
3441 3289 3639 3343 Ἔστιν
3693 3283 3882 3362 ἄνθρω-

474 3380 584 3448 est,
615 3375 794 3446 velut,
828 3374 1010 3432 Homo
1041 3378 1164 3442 est;
1199 3377 1258 3429 et
1285 3372 1539 3428 dicimus
1579 3372 1752 3427 etiam
1785 3390 1888 3429 nos
1917 3389 2091 3428 verau

2262 3394 2346 3443 ‘oc,
2379 3375 2468 3428 καὶ
2518 3373 2751 3450 λέγομεν
2779 3376 2869 3429 καὶ
2918 3378 3081 3448 ἡμεῖς
3130 3375 3313 3445 ἀληθῆ
3368 3376 3567 3453 λόγον,
3622 3377 3709 3432 ὅτι
3756 3359 3879 3430 ἔστιν

473 3481 604 3522 esse
632 3464 975 3532 orationem,
1009 3462 1165 3534 quod
1195 3461 1274 3518 sit
1301 3461 1496 3517 homo.
1551 3463 1738 3527 Quare
1767 3477 1895 3516 esse
1929 3461 2086 3517 homi

2266 3465 2526 3538 νθρωπος.
2559 3464 2628 3518 Τὸ
2669 3464 2798 3519 εἶναι
2832 3469 2961 3540 γοῦν
3010 3465 3290 3540 ἄνθρωπον
3340 3463 3520 3521 αἶ’τιον
3556 3466 3769 3543 γίνεται
3797 3467 3883 3519 τοῦ

473 3569 609 3609 nem
640 3569 816 3608 causa
845 3558 934 3606 est
962 3567 1108 3607 verae
1138 3550 1316 3620 hujus
1346 3549 1626 3606 orationis
1657 3567 1783 3621 quae
1815 3556 1903 3604 est
1957 3567 2090 3622 quoc

2269 3551 2397 3626 όγου
2426 3552 2621 3607 τούτου
2667 3558 2762 3607 τοῦ
2806 3552 3068 3624 ἀληθοῦς,
3121 3558 3239 3626 τοῦ,
3269 3553 3352 3609 ὅτι
3384 3551 3534 3609 ἔστιν
3583 3557 3886 3630 ἅνθρωπος.

474 3642 650 3698 homo
678 3641 771 3698 sit.
804 3641 1004 3704 Quoad
1034 3641 1141 3695 hoc
1168 3639 1567 3711 significatum
1599 3639 1827 3694 Patrem
1857 3639 1958 3710 qui
1990 3639 2091 3694 sini

2271 3641 2369 3694 ατὰ
2395 3645 2555 3696 τοῦτο
2614 3642 2674 3695 τὸ
2733 3641 3130 3714 σημαινόμενον
3189 3640 3428 3717 λέγομεν
3493 3645 3594 3698 τὸν
3651 3642 3880 3717 ἄναρχον

475 3731 760 3805 principio
773 3729 1145 3802 est,primum
1159 3728 1820 3801 etmajoremUnigenito
1839 3729 2090 3784 dicimus

2278 3730 2436 3805 ατέρα
2465 3734 2677 3805 πρῶτον
2711 3730 2798 3784 καὶ
2836 3729 3051 3802 μείζονα
3079 3735 3176 3785 τοῦ
3206 3737 3578 3805 Μονογενοῦς,
3616 3733 3696 3794 ὡς
3729 3731 3889 3786 αἴτιον

475 3821 631 3892 quod
661 3819 1011 3874 exsistentiaa
1032 3818 1192 3873 illius
1217 3834 1395 3872 causa
1419 3819 1496 3872 sit
1526 3817 1933 3874 essentialiter.

1538 3817 1933 3874 assentialiter.
2221 3825 2322 3886 τῆς
2354 3817 2516 3872 αὐτοῦ
2550 3818 2823 3893 ὑπάρξεως
2857 3815 3155 3880 οὐσιωδῶς.

541 3926 596 3981 6.
629 3925 927 3996 Adjiciunt
956 3923 1137 3995 aliqui
1161 3923 1348 3979 modis
1381 3924 1590 3994 prioris
1611 3940 1743 3978 eum
1779 3923 1878 3994 qui
1901 3940 2114 3978 secun-

2293 3926 2354 3987 ς’.
2415 3924 2765 4000 Προστιθέασί
2817 3946 2957 3986 τινες
3002 3931 3117 3987 τοῖς
3162 3925 3387 4001 τρόποις
3441 3931 3553 3981 τοῦ
3618 3926 3891 4002 προτέρου

471 4015 614 4070 dum
637 4015 930 4069 notionem
951 4013 1162 4069 mentis
1182 4017 1269 4068 est
1291 4029 1304 4067 :
1339 4011 1496 4067 velut
1517 4012 1856 4068 aediﬁcaturi
1876 4029 2088 4066 murun

2278 4036 2308 4065 ~
2359 4015 2474 4068 κατ’
2523 4013 2776 4068 ἐπίνοιαν·
2830 4015 2906 4076 ὡς
2955 4013 3078 4068 ὅταν
3137 4013 3470 4088 βουλόμενοι
3537 4035 3747 4092 τοιχον
3795 4011 3895 4070 δεί-

471 4103 920 4158 fundamentuin
943 4101 1224 4172 jacimus,
1251 4100 1638 4171 dicimusque,
1671 4102 1807 4171 quia
1839 4101 2000 4171 prius
2023 4117 2086 4155 co

2281 4105 2421 4156 ισθαι
2504 4102 2756 4175 Θεμέλιον
2843 4097 3276 4176 καταϐάλλωμεν
3335 4123 3346 4135 ·
3409 4102 3508 4158 καί
3597 4104 3842 4181 λέγομεν
3886 4146 3898 4170 ,

469 4193 722 4265 gitantes
743 4209 979 4247 murum
1012 4195 1245 4262 propter
1276 4207 1511 4244 murum
1547 4190 1999 4246 fundamentum
2023 4193 2086 4262 ja

2282 4192 2367 4246 πεὶ
2401 4192 2663 4268 πρότερον
2691 4193 2782 4246 τὸν
2830 4198 3022 4268 τοῖχον
3071 4191 3451 4262 ἐπινοήσαντες
3506 4191 3607 4248 διὰ
3659 4193 3758 4249 τόν
3789 4197 3899 4248 τοῖ-

468 4282 921 4348 cimus,murum
946 4281 1327 4335 fundamento
1349 4278 1599 4350 priorem
1624 4295 1770 4333 esse.
1797 4280 2076 4334 Reducitu

2284 4304 2320 4333 »ν
2365 4279 2620 4353 τιθέμεθα
2664 4281 2756 4334 τὸν
2807 4279 3082 4354 θεμέλιον,
3143 4281 3171 4333 6
3223 4286 3418 4357 τοῖχος
3450 4281 3578 4338 ἐστι
3635 4283 3901 4360 πρότερος

468 4375 665 4427 autem
689 4369 900 4425 modus
928 4368 1022 4424 hic
1045 4369 1115 4424 ad
1140 4384 1274 4423 eum
1298 4367 1397 4438 qui
1420 4367 1740 4422 secundum
1766 4368 2085 4439 dignitaten

2286 4373 2315 4421 ῦ
2347 4368 2629 4442 θεμελίου.
2666 4369 2961 4444 Συνάγεται
3013 4365 3059 4423 δ’
3099 4369 3255 4432 οὗτος
3298 4370 3325 4423 6
3378 4370 3602 4445 τρόπος
3652 4377 3740 4444 τῷ
3795 4370 3903 4426 κατ’

467 4464 574 4530 est,
635 4475 750 4531 quo
797 4457 856 4512 id
886 4457 1041 4530 quod
1074 4457 1286 4512 melius
1316 4462 1373 4512 et
1411 4455 1757 4512 honoratius
1787 4462 1894 4524 est,
1948 4457 2076 4528 priu

2290 4458 2404 4511 ίαν·
2463 4458 2579 4511 καθ’
2632 4458 2689 4512 ’ὀν
2742 4459 2804 4512 τὸ
2867 4457 3080 4533 βέλτιον
3137 4457 3226 4512 καὶ
3281 4459 3638 4536 τιμιώτερον
3689 4460 3904 4537 λέγεται

468 4549 703 4606 dicitur.
732 4548 800 4603 Et
839 4546 1334 4620 quemadmodum
1366 4546 1524 4616 prior
1552 4545 1858 4616 dignitate,
1909 4546 2085 4600 ordini

2284 4546 2504 4622 ›ότερον.
2558 4547 2655 4601 Καὶ
2716 4545 2896 4621 ὥσπερ
2956 4547 2982 4601 ὁ
3040 4553 3155 4601 κατ’
3203 4546 3349 4617 ἀξίαν
3401 4548 3704 4627 πρότερος
3757 4550 3901 4605 ὕστε-

464 4637 751 4710 posterior
789 4635 1248 4708 deprehenditur
1271 4635 1513 4706 (etenim
1546 4634 1807 4705 principe
1836 4633 1996 4705 prius
2026 4651 2081 4690 es

2291 4657 2314 4698 ς
2374 4637 2668 4712 εὑρίσκεται
2723 4638 2860 4692 κατά
2912 4637 3057 4706 τάξιν
3117 4637 3168 4710 (6
3229 4638 3332 4712 γὰρ
3364 4639 3571 4714 ἅρχων
3636 4641 3903 4719 πρότερόν

464 4726 764 4790 subditus,
787 4729 844 4780 et
872 4724 1164 4797 posterius
1195 4723 1465 4796 princeps
1497 4722 1894 4794 constituitur)
1929 4722 2081 4777 simil

2283 4746 2356 4778 τιν
2413 4725 2720 4800 ἀρχόμενος
2780 4725 2870 4779 καὶ
2943 4724 3162 4800 ὕστερον
3235 4726 3420 4802 ἄρχων
3487 4728 3900 4803 καθίσταται)·

464 4816 638 4871 modo
667 4813 843 4870 etiam
875 4814 932 4868 id
965 4815 1120 4884 quod
1153 4812 1389 4868 notione
1422 4812 1636 4867 mentis
1668 4811 1830 4883 prius
1863 4816 1974 4879 est,
2007 4829 2078 4882 po

2288 4813 2651 4889 ιουτοτρόπως
2701 4815 2789 4868 καὶ
2837 4814 2901 4868 τὸ
2947 4815 3063 4868 κατ’
3111 4813 3347 4869 ἐπίνοιαν
3397 4817 3702 4895 πρότερον
3762 4819 3905 4874 ὕστε-

466 4904 678 4959 sterius
708 4901 1032 4958 absolvitur
1059 4907 1116 4957 et
1149 4900 1468 4973 perﬁcitur.

2220 4923 2311 4976 ρον
2339 4901 2683 4977 ἀπαρτίζεται
2716 4901 2804 4956 καὶ
2834 4901 3159 4959 τελειοῦται.

533 5008 589 5062 7.
625 5010 773 5072 Quot
801 5013 994 5064 autem
1026 5008 1217 5064 modis
1250 5007 1436 5080 prius,
1488 5011 1568 5062 tot
1596 5006 1771 5061 etiam
1816 5007 1957 5062 £60
1988 5023 2109 5060 mo-

2291 5015 2347 5078 ζ’.
2397 5010 2643 5085 Ὁσαχῶς
2692 5006 2749 5064 δὲ
2794 5010 2857 5063 τὸ
2905 5009 3204 5086 πρότερον,
3256 5017 3646 5088 τοσαυταχῶς
3707 5016 3807 5070 καί
3852 5013 3907 5067 τὸ

467 5094 557 5150 dis
588 5097 877 5166 posterius
906 5098 1186 5169 (dicitur),
1223 5099 1270 5153 si
1303 5095 1565 5169 apposite
1613 5101 1670 5150 et
1698 5095 2084 5150 conveniente:

2287 5118 2455 5174 τερον,
2481 5102 2775 5175 προσφυῶς
2817 5103 2936 5160 τοῖς
2975 5098 3201 5174 τρόποις
3234 5098 3323 5153 καὶ
3375 5099 3799 5175 καταλλήλως
3828 5124 3904 5178 γι·

467 5185 658 5239 modis
693 5185 901 5254 prioris
936 5187 1035 5240 ﬁat
1062 5188 1369 5258 oppositio.

1327 5203 1369 5242 ).
2215 5187 2448 5260 νομένης
2477 5194 2576 5256 τῆς
2608 5186 2944 5250 ἀντιθέσεως.

535 5275 590 5326 8.
623 5271 897 5328 Dividunt
927 5281 1120 5330 autem
1177 5275 1339 5346 prius
1370 5280 1425 5330 et
1453 5273 1746 5346 posterius
1776 5275 2104 5329 secundum

2290 5279 2354 5346 η’.
2391 5281 2663 5352 Διαιροῦσι
2714 5274 2771 5331 δὲ
2817 5276 2880 5330 τὸ
2937 5276 3196 5353 πρότερον
3254 5277 3346 5332 καὶ
3395 5276 3652 5354 ὕστερον
3708 5284 3808 5338 καὶ
3853 5281 3907 5335 τὸ

464 5361 657 5434 magis
690 5365 747 5416 et
776 5361 993 5428 minus,
1029 5373 1088 5417 ut
1115 5381 1184 5418 ea
1212 5381 1338 5434 qua
1371 5365 1442 5420 ab
1470 5381 1604 5420 uno.

2218 5363 2432 5437 μᾶλλον
2467 5364 2554 5419 καὶ
2585 5365 2648 5418 τὸ
2677 5366 2859 5435 ἦττον,
2891 5364 3068 5437 ὣσηερ
3097 5367 3163 5419 τὰ
3195 5367 3282 5443 ἀφ’
3312 5367 3445 5429 ἑνός.

532 5452 588 5506 9.
619 5449 809 5507 Simul
841 5467 1010 5522 porro
1043 5468 1156 5505 uno
1189 5452 1422 5521 quidem
1448 5453 1620 5508 modo
1653 5457 1811 5521 sunt,
1847 5467 2098 5522 quorum

2293 5457 2346 5517 θ’.
2379 5457 2531 5525 ’Ἅμα
2578 5450 2637 5506 δέ
2687 5451 2798 5506 ἐστι
2849 5456 2965 5517 καθ’
3013 5451 3106 5508 ἕνα
3157 5457 3252 5528 μὲν
3291 5455 3656 5531 τρόπον,.ὦν
3695 5465 3734 5531 ἡ
3769 5461 3910 5537 γένε.

462 5539 759 5613 generatio
789 5543 878 5594 est
909 5539 965 5592 in
997 5539 1198 5594 eodem
1235 5546 1512 5611 tempore,
1550 5545 1613 5594 ut
1647 5556 1779 5596 cum
1829 5557 1945 5596 uno
1980 5556 2073 5594 mo

2328 5543 2378 5596 ἐν
2407 5547 2485 5613 τῷ
2534 5541 2680 5612 αὐτῷ
2729 5539 2935 5616 χρόνῳ·
2990 5543 3064 5604 ὡς
3110 5543 3233 5598 ὅταν
3284 5543 3334 5598 ἐν
3389 5551 3496 5618 μ.ιᾷ
3553 5548 3725 5626 ῥοπῇ
3774 5551 3917 5626 τύχῃ

460 5633 662 5686 mento
691 5629 837 5684 duos
867 5629 1030 5684 nasci
1052 5627 1377 5701 contigerit.
1403 5627 1502 5683 Hic
1533 5630 1740 5685 modus
1773 5630 1962 5702 primo
1985 5645 2077 5685 mo

2301 5634 2528 5702 νηθῆναι
2589 5627 2682 5683 δύο
2738 5629 2908 5693 τινάς·
2969 5631 3124 5693 οὗτος
3182 5634 3209 5687 6
3264 5635 3467 5709 τρόπος
3540 5642 3635 5709 τῷ
3700 5640 3914 5717 πρώτῳ

460 5719 534 5778 do
563 5717 776 5794 prioris
806 5716 908 5792 qui
935 5721 1026 5774 est
1056 5734 1085 5775 ε
1119 5721 1380 5791 tempore
1409 5718 1745 5790 opponitur.

2302 5721 2399 5794 ὶπῳ
2452 5723 2548 5775 τοῦ
2606 5718 2873 5796 πρότερον)
2929 5720 3238 5796 ἀντίκειται,
3294 5727 3372 5796 τῷ
3427 5722 3558 5781 ἀπὸ
3616 5716 3919 5807 τοῦχρό·

2210 5831 2326 5870 νου.
