4096 6504
263 527 366 602 sis
1606 513 1955 598 EPITOME
1998 536 2302 597 LOGICA.

325 670 367 724 ι’.
397 670 514 724 Καθ’
556 669 737 744 ἕτερον
781 667 985 744 τρόπον
1023 669 1138 742 ἅμα.
1184 666 1435 742 λέγονται
1484 665 1552 720 τὰ
1594 668 1729 720 κατά
1777 665 1873 743 φύ-
1907 670 1963 735 Α

262 779 331 812 σιν
352 759 454 831 ἅμα
492 758 822 834 ὑπάρχοντα.
874 761 1050 813 Ταῦτα
1092 755 1150 811 δε
1198 755 1308 810 ἔστι
1357 757 1423 810 τά
1469 760 1891 830 συναναιροῦντα

259 847 336 901 καὶ
389 845 872 923 συναναιρούμενα,
920 844 1371 925 συνεισφερόμενά
1422 866 1480 898 τε
1536 845 1626 898 καὶ
1685 865 1886 898 συνεισ-

261 936 482 1013 φέρονταο
537 937 651 990 οἷον
700 935 767 990 τά
806 935 943 1011 πρός
999 957 1072 991 τι.
1106 935 1273 997 Οὗτος
1331 931 1389 988 δὲ
1433 934 1460 987 6
1489 932 1688 1008 τρόπος
1741 931 1886 986 ἀντί-

257 1019 408 1079 κειται
458 1029 543 1096 τῷ,
583 1029 682 1079 τοῦ
729 1023 997 1101 προτέρου
1047 1021 1299 1099 δευτέρου
1355 1022 1569 1098 τρόπῳ,
1629 1026 1707 1093 τῷ
1753 1021 1890 1075 κατά

257 1113 412 1191 φύσιν·
471 1112 560 1168 καί
611 1135 672 1189 γε
725 1117 806 1185 τῷ
859 1112 1095 1186 πέμπτῳ
1150 1117 1228 1184 τῷ
1277 1112 1414 1166 κατὰ
1459 1111 1521 1166 τὸ
1575 1107 1768 1165 αἷῆιον.
1800 1111 1887 1181 Τῷ

258 1200 466 1279 δευτέρῳ
526 1204 619 1276 μὲν
681 1203 770 1257 οὸν
828 1208 944 1266 καθ’
999 1202 1124 1256 ὅσον
1182 1201 1537 1278 ἀντιστρέφει,
1595 1198 1885 1254 ἀντίκειται

254 1291 325 1363 τῷ
355 1293 421 1364 μὴ
462 1291 892 1367 ἀντιστρέφοντιο
942 1295 1021 1363 τῷ
1072 1289 1308 1363 πέμπτῳ
1367 1287 1411 1343 δ’
1458 1287 1632 1358 αὖθις,
1684 1287 1719 1356 ἢ
1777 1288 1883 1360 μὴν

255 1379 491 1454 τετάρτῳ,
522 1380 639 1434 καθ’
671 1378 794 1434 ὅσον
823 1378 922 1434 οὐκ
970 1376 1081 1433 ἔστι
1131 1380 1353 1452 θάτερον
1405 1373 1575 1431 αἷίτιον
1622 1380 1718 1431 τοῦ
1770 1375 1887 1431 λοι-

256 1471 367 1522 ποῦ.
396 1471 627 1522 Τοιαῦτα
655 1469 758 1545 γὰρ
807 1468 874 1522 τὰ
920 1466 1056 1543 πρός
1100 1487 1176 1537 τι,
1207 1465 1342 1530 καθὸ
1389 1465 1526 1538 πρός
1575 1487 1647 1519 τι.
1683 1465 1754 1518 Τὸ
1783 1465 1884 1540 γὰρ

255 1559 418 1634 πατὴρ
447 1557 537 1612 καὶ
591 1558 708 1619 υἱὸς
755 1558 867 1630 ἅμα
916 1556 1027 1611 ἐστὶ
1074 1555 1164 1610 καὶ
1213 1553 1491 1631 οὐδέτερον
1544 1551 1740 1623 αἰτιον,
1771 1554 1887 1607 κατ’

253 1645 371 1701 αὐτὸ
421 1647 620 1720 (τοῦτο,
681 1647 744 1699 τὸ
803 1646 984 1721 πατὴρ
1039 1644 1130 1700 καὶ
1187 1643 1347 1717 υἱός)’
1403 1640 1617 1716 μᾶλλον
1665 1642 1758 1714 μὲν
1793 1638 1883 1695 οῦν

251 1733 408 1790 αἴτιον
466 1735 719 1810 ἑκατέρου
767 1733 1014 1810 ἑκάτερόν
1067 1734 1200 1790 ἐστι.
1261 1731 1439 1790 Λῖετιον
1499 1733 1602 1808 γάρ
1659 1735 1756 1785 τοῦ
1787 1751 1885 1784 πα-

249 1825 367 1900 τέρα
411 1824 542 1879 εἶναι
596 1823 658 1878 τὸ
705 1824 820 1878 υἱὸν
874 1823 1029 1879 εἶναι’
1081 1824 1170 1878 καὶ
1218 1827 1315 1877 τοῦ
1367 1822 1482 1876 υἱὸν
1527 1821 1752 1875 εἶναιτὸ
1784 1841 1886 1874 πα-

247 1914 368 1990 τέρα
412 1911 563 1969 εἶναι.
619 1913 724 1967 Κᾶν
787 1911 974 1974 ἄλλως
1027 1909 1201 1974 αἷίτιος
1257 1918 1359 1981 τῆς
1412 1915 1510 1965 τοῦ
1559 1911 1678 1964 υἱοῦ
1713 1909 1884 1983 ὑπάρ-

250 2002 426 2072 ξεωςὸ
481 2003 685 2077 πατὴρ,
747 2001 807 2055 οὗ
866 2002 974 2074 μὴν
1028 2007 1131 2070 τῆς
1180 2005 1276 2054 τοῦ
1323 1998 1525 2075 πατρὸς
1575 2000 1604 2053 ὁ
1654 1998 1790 2060 υἱός.
1824 1998 1881 2052 '0
1911 2040 1958 2104 B

253 2092 339 2164 μὲν
381 2091 477 2168 γὰρ
523 2091 704 2167 πατὴρ
745 2089 1046 2165 ἐγέννησεν,
1097 2090 1126 2143 6
1156 2087 1213 2144 δὲ
1261 2089 1376 2151 υἱὸς
1428 2087 1688 2163 ἐγεννήθη
1719 2132 1731 2144 .
1783 2085 1881 2140 Καὶ

249 2181 452 2255 γέγονεν
482 2180 510 2234 6
540 2180 654 2242 υἱὸς
687 2178 747 2234 ἐκ
790 2200 885 2233 του
934 2179 1160 2254 πατρὸς’
1209 2177 1271 2232 οὐ
1332 2179 1438 2250 μὴν
1472 2175 1530 2232 ἐκ
1573 2181 1670 2230 τοῦ
1703 2176 1822 2230 υἱοῦ
1853 2177 1881 2228 6

249 2271 441 2345 πατήρ.

318 2464 618 2541 ιαίΤρίτον
650 2468 747 2520 τοῦ
777 2465 890 2537 ἅμα
934 2461 1360 2538 σημαινόμενον,
1412 2462 1481 2516 τὰ
1530 2458 1876 2535 όντιδιαιροόο

244 2573 372 2628 μενα
424 2550 567 2624 εἷ’δη⁸
625 2554 702 2616 ὡς
754 2551 878 2608 ὅταν
936 2550 1268 2628 διαιροῦντες
1323 2552 1386 2607 τὸ
1437 2556 1574 2620 ζῶον
1618 2551 1694 2612 εἰς
1726 2548 1878 2624 λογι-

239 2644 330 2700 κὸν
378 2643 465 2699 καὶ
512 2642 734 2720 ἄλογον,
787 2644 901 2716 ἅμα
949 2641 1177 2719 λέγομεν
1227 2642 1359 2697 εἶναι
1405 2642 1468 2696 τὸ
1519 2638 1738 2716 λογικὸν
1790 2638 1880 2692 καὶ

233 2735 298 2788 τὸ
347 2732 566 2809 ἄλογον·
615 2731 705 2786 καὶ
754 2731 817 2787 οὐ
862 2732 926 2787 τὸ
979 2732 1072 2804 μὲν
1126 2730 1408 2808 πρότερον,
1459 2731 1521 2784 τὸ
1552 2726 1597 2783 δ’
1636 2728 1878 2804 ὕστερον.

233 2821 549 2878 ’Δντίκειται
610 2817 668 2876 δὲ
720 2825 828 2875 τῶν
880 2817 1394 2895 ἀντιδιαιρουμένων
1450 2819 1478 2872 6
1545 2817 1746 2892 τρόπος
1803 2821 1882 2888 τῷ

232 2909 400 2986 τρίτῳ
425 2909 613 2986 τρόπῳ
641 2913 737 2964 τοῦ
783 2907 1051 2984 προτέρου
1095 2913 1174 2980 τῷ
1201 2908 1337 2962 κατά
1378 2906 1547 2977 τάξιν.
1578 2905 1882 2979 Ἰσόστοιχα

233 3000 338 3075 γᾶρ
391 2999 459 3055 τὰ
507 2995 1017 3073 ἀντιδιαιρούμενα,
1075 2995 1164 3050 καὶ
1220 2997 1319 3065 τὴν
1381 2995 1546 3064 αὐτὴν
1605 2992 1878 3065 ἀλλήλοις

234 3085 434 3163 ἔχοντα
457 3087 601 3159 τάξιν
615 3132 628 3145 .

306 3267 394 3342 ιβ’.
427 3270 589 3321 Δοκεῖ
634 3263 692 3321 δέ
739 3285 792 3319 τι
838 3285 934 3319 του
979 3263 1092 3335 ἅμα
1136 3261 1226 3317 καὶ
1268 3266 1347 3334 τῷ
1393 3281 1492 3316 κατ
1540 3261 1688 3331 ἀξίαν
1737 3260 1880 3315 ἀντι-

225 3356 436 3412 κεῖσθαι
464 3354 654 3431 τρόπῳ
680 3359 780 3410 τοῦ
809 3351 1096 3429 προτέρου.
1141 3356 1308 3406 Γοῦτο
1359 3348 1405 3405 δ’
1436 3350 1494 3404 ἂν
1551 3347 1632 3420 εἴη
1664 3350 1728 3404 τὸ
1761 3350 1876 3403 ἰσά-

223 3443 343 3518 ξιόν
370 3465 432 3500 τε
458 3445 550 3500 καὶ
581 3444 873 3518 ὁμότιμον.

3526 519 3646 599 814

2069 670 2153 725 10.
2201 668 2327 726 Alio
2359 671 2531 727 modo
2582 671 2759 727 simul
2789 672 3087 736 dicuntur,
3139 687 3267 743 qua:
3314 673 3642 728 secundum

1998 765 2268 814 naturam
2301 760 2476 815 simul
2510 762 2818 816 exsistunt.
2853 765 2982 815 Haec
3014 765 3208 816 autem
3241 765 3380 815 sunt
3407 777 3492 830 ea,
3518 778 3640 830 quae

1989 848 2160 916 juxta
2190 847 2404 903 tollunt
2436 853 2492 904 et
2513 851 2682 919 juxta.
2710 849 3020 917 tolluntur,
3066 866 3312 921 quaeque
3350 851 3522 919 juxta
3551 849 3638 904 in-

1999 937 2267 991 feruntur
2294 942 2352 992 et
2383 939 2553 1009 juxta
2601 939 2878 994 inferunt.
2930 938 3105 994 Velut
3134 955 3201 993 ea
3233 955 3358 1010 qua:
3391 942 3534 992 sunt
3566 938 3639 992 ad

1998 1024 2238 1096 aliquid.
2273 1026 2374 1080 Hic
2406 1032 2602 1082 autem
2627 1028 2838 1084 modus
2861 1027 3175 1099 opponitur
3195 1028 3454 1083 secundo
3487 1027 3640 1098 prio-

1997 1113 2077 1169 ris
2110 1115 2280 1170 modo
2311 1116 2411 1187 qui
2444 1121 2532 1172 est
2562 1117 2886 1172 secundum
2934 1121 3226 1182 naturam,
3276 1116 3418 1187 quin
3460 1116 3637 1170 etiam

1998 1205 2200 1276 quinto
2227 1205 2326 1276 qui
2356 1210 2446 1261 est
2477 1207 2799 1262 secundum
2823 1223 3060 1261 causam
3087 1223 3099 1260 :
3126 1205 3636 1276 secundquuidem

1996 1294 2096 1364 qui
2128 1312 2243 1350 non
2275 1296 2630 1350 convertitur
2649 1295 2963 1368 opponitur
2989 1295 3048 1349 in
3081 1299 3367 1366 quantum
3401 1310 3637 1350 conver-

1994 1381 2171 1450 titur;
2206 1400 2442 1438 rursum
2473 1401 2606 1439 vero
2636 1389 2842 1455 quarto
2874 1389 2975 1438 aut
3002 1383 3177 1439 etiam
3208 1383 3434 1454 quinto,
3492 1399 3636 1454 qua-

1994 1473 2168 1525 tenus
2199 1470 2448 1526 alterum
2479 1489 2594 1526 non
2627 1476 2714 1526 est
2753 1487 2930 1526 causa
2971 1471 3230 1527 alterius.
3291 1471 3455 1526 Talia
3478 1470 3636 1525 enim

1996 1563 2287 1630 suntquae
2313 1564 2450 1615 sunt
2475 1560 2546 1615 ad
2571 1560 2789 1631 aliquid
2813 1564 3106 1631 quatenus
3139 1563 3278 1615 sunt
3296 1560 3368 1614 ad
3389 1558 3634 1630 aliquid.

1995 1651 2166 1703 Pater
2194 1649 2349 1704 enim
2374 1654 2431 1704 et
2460 1649 2616 1704 ﬁlius
2640 1653 2778 1704 sunt
2795 1648 3054 1715 simul,et
3075 1653 3279 1704 neuter
3308 1648 3634 1703 secundum

1995 1741 2104 1799 hoc
2154 1741 2350 1815 ipsum
2397 1740 2575 1812 (quod
2625 1743 2788 1810 pater
2815 1743 2872 1793 et
2923 1739 3081 1794 ﬁlius
3113 1738 3269 1809 sunt)
3321 1740 3633 1793 causaest.

1997 1831 2393 1904 Magisligitur
2422 1829 2698 1885 alteruter
2718 1827 3059 1883 alterutrius
3089 1844 3265 1882 causa
3294 1826 3635 1882 est.Etenim

1993 1924 2120 1995 ejus
2152 1921 2306 1993 quod
2336 1922 2426 1975 est
2456 1921 2680 1990 patrem
2712 1933 2841 1972 esse
2871 1932 3051 1971 causa
3095 1921 3205 1983 est,
3257 1931 3385 1970 esse
3417 1915 3628 1979 ﬁlium,

1994 2013 2141 2069 161
2177 2014 2235 2065 et
2271 2008 2586 2080 ejusthuod
2617 2010 2707 2061 est
2754 2021 2881 2061 esse
2933 2004 3120 2059 ﬁlium
3171 2020 3348 2059 causa
3388 2006 3477 2057 est
3505 2017 3635 2057 esse

1993 2105 2263 2175 patrem:
2298 2096 2532 2153 tametsi
2586 2095 2732 2151 alias
2781 2099 2946 2166 pater
3001 2093 3317 2148 existentiae
3369 2091 3474 2145 ﬁlii
3529 2106 3634 2145 nec

1995 2189 2176 2262 patris
2207 2185 2602 2260 (exsistentiaa)
2639 2184 2797 2238 ﬁlius
2824 2199 3001 2238 causa
3029 2182 3313 2247 est,Pater
3342 2183 3498 2235 enim
3538 2195 3633 2250 ge-

1994 2279 2122 2335 nuit
2149 2297 2162 2348 ;
2196 2277 2354 2332 ﬁlius
2386 2280 2583 2331 autem
2613 2274 2846 2346 genitus
2877 2277 2968 2327 est
3019 2289 3032 2326 :
3059 2275 3115 2326 et
3143 2287 3211 2326 ex
3256 2274 3420 2342 patre
3470 2268 3629 2323 ﬁlius

1990 2386 2106 2424 non
2136 2384 2204 2423 ex
2233 2366 2353 2422 ﬁlio
2385 2369 2551 2436 pater
2577 2366 2667 2418 est
2695 2366 2889 2417 natus.

2065 2459 2152 2512 11.
2184 2457 2445 2511 Tertium
2479 2455 2629 2524 (ejus
2661 2450 2816 2524 quod
2858 2449 3094 2520 dicitur)
3125 2446 3302 2506 simul
3333 2446 3636 2518 signiﬁca-

1992 2550 2117 2602 tum
2151 2547 2290 2601 sunt
2320 2543 2542 2616 species
2573 2559 2603 2597 e
2633 2541 2867 2613 regione
2891 2539 3088 2593 divisae
3119 2563 3132 2605 ;
3164 2542 3230 2593 ut
3259 2553 3394 2592 cum
3415 2534 3633 2591 animal

1992 2635 2317 2691 dividentes
2348 2633 2408 2688 in
2441 2631 2684 2686 rationis
2706 2629 2995 2702 particeps
3024 2631 3082 2683 et
3110 2626 3353 2682 rationis
3384 2640 3589 2696 expers
3617 2642 3630 2693 ;

1992 2724 2234 2781 rationis
2265 2722 2556 2795 particeps
2586 2724 2644 2775 et
2674 2717 2914 2773 rationis
2944 2731 3148 2788 expers
3180 2713 3357 2770 simul
3387 2730 3515 2769 esse
3547 2713 3632 2768 di-

1991 2814 2202 2881 cimus,
2236 2829 2339 2867 nec
2371 2810 2514 2865 illud
2573 2808 2755 2881 prius,
2790 2807 2898 2862 hoc
2942 2805 3252 2878 posterius.
3307 2801 3634 2874 Opponitur

1990 2908 2185 2958 autem
2215 2901 2309 2956 hic
2337 2917 2368 2955 e
2395 2899 2629 2972 regione
2665 2897 2982 2952 divisorum
3013 2895 3224 2949 modus
3257 2892 3424 2947 tertio
3458 2890 3630 2945 modo

1989 2991 2202 3065 prioris
2223 2991 2322 3062 qui
2345 2989 2669 3044 secundum
2698 2985 2963 3041 ordinem
2989 2981 3329 3039 est.Etenim
3361 2979 3628 3050 ejusdem

1989 3080 2160 3137 seriei
2191 3083 2331 3136 sunt
2358 3081 2415 3134 et
2441 3077 2713 3133 eumdem
2742 3076 2896 3130 inter
2925 3090 2986 3128 se
3019 3072 3267 3128 invicem
3298 3070 3515 3126 habent
3544 3084 3632 3124 or-

1989 3171 2186 3227 dinem
2218 3185 2342 3240 quze
2377 3183 2406 3224 e
2437 3166 2672 3238 regione
2695 3164 3062 3220 dividuntur.

2061 3261 2146 3315 12.
2180 3259 2425 3314 Videtur
2462 3259 2658 3312 autem
2691 3252 2947 3326 amplius
2977 3251 3175 3322 aliqud
3234 3249 3328 3321 (de
3358 3264 3423 3304 eo
3473 3247 3628 3317 quod

1990 3349 2225 3419 dicitur)
2257 3345 2456 3415 simul,
2492 3343 2704 3416 opponi
2762 3342 2812 3396 ei
2844 3341 3016 3396 modo
3047 3339 3256 3411 prioris
3287 3336 3387 3408 qui
3419 3351 3633 3391 secun-

1908 3406 1952 3473 Ο
1991 3440 2133 3494 dum
2163 3406 2506 3508 dignitatem
2530 3406 2656 3490 est:
2682 3430 2971 3501 fueritque
2993 3406 3103 3484 hoc
3119 3427 3178 3482 id
3203 3406 3360 3499 quod
3389 3422 3633 3495 aequalis

1989 3526 2292 3598 dignitatis
2321 3528 2380 3581 et
2409 3522 2673 3594 ejusdem
2699 3519 2940 3575 honoris
2969 3521 3076 3573 est.

961 3716 1170 3786 Σχῆμα
1197 3706 1390 3785 κεφαλ.
1427 3729 1504 3780 ιη,
1535 3707 1660 3784 περὶ
1689 3705 1956 3783 προτέρου
1985 3704 2074 3759 καὶ
2107 3703 2329 3778 ὑστέρου
2358 3700 2448 3756 καὶ
2479 3699 2602 3774 περὶ
2631 3701 2729 3752 τοῦ
2760 3697 2890 3770 ἅμα.

1084 3861 1148 3936 τῦ
1176 3861 1311 3915 κατά
1330 3859 1556 3936 -χρόνονζ

1079 3934 1145 4008 τὸ
1173 3935 1242 4006 τῇ
1275 3930 1427 4008 φύεὲξ
1453 3930 1737 4008 πρότερρν

209 4045 292 4100 Τὸ
325 4041 592 4121 πρότερον
623 4041 715 4098 καὶ
755 4039 973 4116 ὕστερον

1083 4148 1146 4202 τὸ
1173 4149 1311 4202 κατὰ
1335 4143 1398 4201 τὸ
1426 4143 1620 4216 αἵτιον,
1653 4145 1728 4206 ὡς

1229 4217 1368 4273 ἐστὶν
1401 4215 1707 4293 ἅνθρωπος.

1090 4341 1158 4429 τᾷ
1184 4341 1319 4435 κατά
1349 4339 1585 4435 χρόνον,⁷
1605 4361 1723 4435 οιον
1751 4339 1797 4393 εἰ

395 4416 466 4470 ’Δ
475 4435 550 4489 μα
581 4413 815 4490 λέγεται.
984 4345 1012 4554 ἓ

1901 4639 1970 4650 --ι

1084 4005 1146 4058 τὸ
1177 3994 1310 4058 κᾶτά
1335 3994 1506 4076 τάξιν,
1537 3994 1707 4076 ὡς’τδ
1731 4000 2027 4076 προοίμιον
2045 4003 2158 4076 ,τῆς
2188 3994 2516 4076 διηγήσεως

1085 4076 1146 4130 τὸ
1177 4077 1294 4129 κατ’
1324 4067 1501 4145 ἀξίάν,
1526 4075 1601 4136 ὡς
1633 4075 1661 4128 6
1692 4074 1755 4147 ἄρ
1776 4067 1784 4076 ’
1805 4094 1876 4126 ων
1906 4067 2003 4125 τοῦ
2035 4067 2360 4158 ἀρχομένου·

1085 4148 1146 4198 τὸ
1173 4149 1311 4198 κατὰ
1335 4147 1398 4198 τὸ
1427 4143 1620 4198 αἵτιον-
1653 4145 1728 4198 ὡς
1757 4093 1820 4198 ἔξ)
1871 4143 2007 4198 εἶναι
2056 4151 2334 4198 ἀνθρωπον
2380 4140 2478 4192 τοῦ
2524 4133 2764 4198 ἀληθοῦς
2812 4134 2938 4198 περὶ
2990 4133 3153 4188 αὐτοῦ
3201 4132 3371 4198 λόγου
3421 4132 3519 4184 τοῦ
3549 4124 3579 4182 ὅ

1757 4129 1820 4199 τὸ
1871 4143 2007 4198 εἶναι
2056 4129 2334 4215 ἀνδρὶυπον
2380 4140 2478 4192 τοῦ
2524 4133 2764 4206 ἀληθοῦς
2812 4134 2938 4211 περὶ
2990 4133 3153 4188 αὐτοῦ
3201 4132 3371 4207 λόγου
3421 4132 3519 4184 τοῦ
3549 4129 3632 4182 ὅτι

1862 4339 2122 4408 εννηθῶσι
2156 4333 2252 4390 δύο
2281 4334 2423 4395 τινὲς
2453 4332 2588 4386 κατά
2616 4332 2706 4386 τὸν
2741 4330 2897 4386 αὐτὸν
2932 4330 3154 4406 χρόνον·

1090 4359 1158 4397 τα
1184 4359 1319 4396 κατα
1349 4359 1572 4435 χρονον,
1605 4361 1718 4395 οιον
1751 4360 1797 4393 ει
1825 4359 1983 4466 law?)

1089 4415 1158 4491 τᾲ
1177 4413 1522 4491 διατὰλφυσιν,
1554 4412 1630 4475 ὠς
1657 4413 1726 4491 τςὶ
1751 4430 1824 4485 πρ
1837 4431 1889 4491 ne;
1916 4431 1989 4491 τι·

1090 4485 1158 4540 τὰ
1185 4470 1658 4560 ἀντιδιᾏιιροόμενα
1686 4482 1746 4538 έοι
1773 4470 2061 4538 τοῦ-αὐτοῦ
2089 4480 2298 4556 γένους,
2329 4477 2406 4538 ὡς
2434 4477 2497 4530 τὸ
2529 4474 2752 4549 λογικὸν
2782 4472 2871 4528 καὶ
2902 4470 3126 4547 ἄλογον.

976 4754 1183 4812 Tabula
1210 4757 1409 4828 caqitz’s
1439 4755 1528 4827 18,
1553 4754 1618 4811 de
1645 4753 1830 4826 priore
1855 4754 1909 4808 et
1932 4750 2228 4822 posteriore
2255 4756 2306 4805 et
2334 4764 2394 4805 eo
2422 4746 2567 4820 quod
2592 4752 2674 4802 est
2699 4741 2893 4799 simul.

1098 4901 1252 4971 quod
1279 4899 1596 4955 secundum
1625 4904 1849 4968 tempus
1878 4901 1988 4964 est;

1099 4971 1248 5042 quod
1278 4977 1479 5026 natura
1506 4978 1618 5037 est;

230 5040 282 5095 1
297 5038 416 5095 02
442 5035 602 5101 Prius
623 5047 677 5097 et
694 5039 974 5112 posterius

485 5114 734 5188 (dicitur)

1176 5258 1247 5312 sit
1281 5255 1470 5312 homo.

1104 5411 1230 5451 qua:
1260 5411 1327 5436 θυι

1177 5452 1327 5520 rint;

1107 5539 1229 5594 qua:
1260 5538 1327 5578 ὅθι

1107 5610 1234 5668 qua
1264 5610 1327 5650 ex

1179 5666 1327 5723 tioni:

367 5525 562 5584 Simul
591 5525 860 5582 dicuntur

1179 5666 1350 5723 tionis
1378 5680 1599 5737 expers.

1101 5031 1250 5114 quod
1281 5049 1365 5098 est
1389 5031 1700 5114 secundum
1726 5039 2005 5114 ordinem,
2042 5043 2102 5092 ut
2130 5034 2425 5114 exordium
2453 5031 2806 5114 narratione;

1101 5103 1248 5184 quod
1276 5113 1594 5170 secundum
1623 5111 1957 5182 dignitatem
1985 5103 2088 5176 est,
2120 5115 2180 5162 ut
2210 5106 2472 5184 princeps
2500 5103 2758 5177 subdito;

1103 5163 1251 5256 quod
1277 5163 1594 5256 36666666
1625 5163 2228 5249 attgsﬁ'eﬁgm'essé
2249 5163 2542 5234 hominem
2561 5189 2709 5232 verae
2739 5163 2810 5226 de
2840 5169 2961 5239 ipso
2991 5166 3266 5224 orationis
3296 5166 3464 5236 hujus
3497 5163 3649 5235 quod

1104 5396 1230 5451 quae
1259 5379 1573 5436 secundum
1605 5385 1825 5448 tempus
1881 5379 2034 5443 sunt,
2066 5373 2242 5432 veluti
2271 5371 2318 5428 si
2363 5372 2473 5427 duo
2525 5367 2700 5439 aliqui
2740 5367 2939 5424 eodem
2991 5373 3244 5436 tempore
3298 5362 3474 5434 geniti
3529 5361 3652 5416 fue-

1107 5539 1229 5594 quaa
1260 5511 1574 5579 secundum
1603 5527 1866 5576 naturam
1899 5524 2049 5594 sunt,
2085 5523 2143 5572 ut
2173 5531 2296 5594 quae
2323 5520 2452 5594 sunt
2480 5513 2550 5594 _a_d
2584 5511 2821 5594 aliquid,

1107 5579 1234 5668 cinae
1264 5610 1334 5668 ex
1364 5594 1562 5650 eodem
1591 5607 1794 5664 genere
1843 5590 1995 5646 velut
2034 5579 2071 5645 e
2113 5579 2342 5658 regione
2382 5579 2728 5655 dividuntur,
2764 5587 2825 5638 ut
2855 5580 3088 5638 rationis
3135 5579 3414 5652 particeps
3462 5582 3515 5633 et
3566 5591 3655 5630 ra-
