4096 6466
460 513 580 577 815

1715 502 2139 589 NICEPHORI
2184 502 2621 567 BLEMMIDJE

3721 513 3817 572 816

1742 680 2083 738 SYNOPSIS
2129 680 2409 737 CAPITIS
2447 682 2591 751 XIX,

1768 787 1922 833 QUOD
1960 786 2060 826 EST
2097 787 2169 825 DE
2205 787 2575 828 BUBSTANTIA.

470 898 522 955 1.
554 890 927 963 Homonymia
955 889 1284 963 substansiae
1305 905 1325 948 .·
1353 885 1624 963 ejusdemq

1630 902 1698 942 ue
1726 887 1785 959 in
1801 956 1814 959 _
1838 887 2023 943 altera
2073 886 2476 957 signiﬁcatione
2530 887 2821 958 descriptio
2844 891 2895 944 et
2947 904 3078 943 eum
3104 889 3391 945 accidente
3416 891 3752 959 comparatio.
3776 922 3831 932 --

538 968 595 1022 2.
629 956 833 1022 Divisio
861 962 1200 1017 substantiae.
1222 988 1302 1033 ,τ
1348 956 1401 1013 3.
1454 956 1688 1033 Planta
1714 956 2059 1033 deﬁnitioea;
2097 956 2307 1033 tradita
2353 961 2623 1033 divisione
2665 956 3039 1027 constituitur,
3075 966 3125 1015 et
3151 976 3249 1032 per
3272 969 3457 1033 partes
3483 956 3746 1031 probatur.
3773 992 3828 1004 -—~

540 1040 593 1095 4.
644 1033 925 1093 Animalis
970 1034 1103 1087 item
1149 1030 1391 1103 ποθέει
1429 1030 1852 1103 plantanimatis
1891 1028 2235 1103 definitiones
2264 1031 2393 1086 inde
2437 1031 2797 1100 colliguntur.
2850 1062 2917 1072 —
2945 1033 3001 1086 5.
3032 1028 3285 1103 Iternque'
3301 1028 3559 1088 hominis.
3592 1033 3726 1087 -6.
3752 1034 3828 1088 ln-

542 1107 770 1187 dinidua
792 1121 890 1187 seu
912 1103 1234 1187 ‘bqpostases
1263 1102 1331 1157 ab
1360 1102 1654 1187 Aristotele
1694 1102 2081 1187 propriissime
2110 1103 2166 1185 in
2186 1103 2399 1187 'prirno’
2410 1105 2733 1187 et
2759 1102 3097 1187 substantias
3119 1102 3414 1187 Eppellari.
3446 1134 3514 1144 —
3540 1104 3832 1187 .Altorum

542 1181 659 1237 alia
710 1177 1004 1241 sententia,
1061 1176 1157 1247 qui
1203 1173 1323 1230 haec
1375 1172 1563 1242 elogia
1618 1174 1946 1247 substantia
1999 1172 2276 1242 speciebus
2300 1173 2509 1247 inﬁmis
2555 1175 2841 1247 tribuunt.
2880 1205 2949 1215 —
3013 1175 3067 1228 8.
3112 1172 3363 1247 Speciem,
3406 1174 3823 1247 spectatissimum

544 1266 713 1381 gauatre
756 1249 937 1319 aliqui
983 1246 1352 1303 substantiam
1400 1249 1451 1299 et
1490 1249 1751 1300 naturam
1794 1251 1846 1299 et
1890 1246 2135 1312 formam
2177 1246 2541 1316 appellarint.
2591 1276 2659 1286 -—
2703 1246 2759 1300 9.
2811 1246 3093 1313 Quatenus
3121 1246 3238 1301 illis
3268 1246 3562 1302 individua
3605 1249 3707 1302 sint
3728 1247 3832 1302 sub-

605 1339 642 1381 n
668 1337 760 1381 ιε.

1093 1547 1325 1605 CAPUT
1363 1546 1508 1602 XIX.

2864 1552 3118 1604 ΚΕΦΑΔ.
3151 1548 3251 1603 ΙΘ’.

1085 1639 1161 1693 De
1187 1637 1509 1693 substantia.

553 1751 605 1806 1.
640 1746 908 1805 Essentia
952 1744 1246 1819 significat
1300 1743 1541 1815 quidem
1586 1741 1902 1813 aliquando
1949 1741 2126 1797 etiam

482 1835 829 1909 simpliciter
868 1832 1291 1899 exsistentiam,
1338 1848 1472 1887 cum
1522 1829 1699 1886 etiam
1729 1830 1799 1885 de
1849 1830 2127 1887 omnibus

483 1924 720 1981 entibus
758 1923 1041 1989 effertur;
1101 1920 1301 1992 prapie
1358 1923 1555 1974 autem
1607 1919 2124 1991 praedicamentum

484 2012 886 2070 accidentibus
919 2008 1373 2066 contradivisum
1405 2007 1701 2075 declarat;
1735 2008 1891 2078 quod
1926 2012 2015 2062 est
2036 2023 2128 2062 res

487 2116 591 2175 per
619 2118 681 2157 se
728 2101 1039 2170 exsistens,
1088 2115 1202 2153 non
1250 2098 1521 2169 indigens
1565 2096 1681 2152 alia
1728 2101 1793 2153 ut
1839 2096 1935 2151 sit.
1985 2095 2130 2151 Huic

486 2191 643 2249 enim
669 2190 845 2247 etiam
874 2189 1071 2262 ipsum
1099 2204 1204 2243 ens
1234 2186 1424 2259 primo
1453 2187 1724 2242 convenit
1750 2211 1764 2253 ;
1814 2189 1944 2257 post
1975 2185 2129 2240 hanc

486 2295 622 2337 vero
653 2278 1073 2335 accidentibus.

560 2368 616 2422 2.
651 2367 781 2423 Haec
809 2366 1142 2423 substantia
1170 2364 1228 2419 in
1261 2380 1474 2437 corpus
1521 2369 1579 2419 et
1608 2363 2012 2435 incorpereum
2040 2363 2132 2418 di-

488 2456 728 2526 viditur,
767 2471 979 2528 corpus
1008 2454 1069 2509 in
1099 2453 1425 2510 animatum
1456 2456 1513 2508 et
1539 2452 1931 2508 inanimatam
1958 2478 1972 2520 ;
2004 2453 2128 2507 ani-

497 2549 724 2601 matum
755 2544 814 2599 in
845 2543 1101 2600 sentiens
1131 2546 1187 2599 et
1240 2558 1450 2598 sensus
1502 2558 1706 2614 expers
1739 2561 1752 2597 :
1788 2542 2044 2597 sentiens
2073 2540 2132 2595 in

492 2634 929 2707 progressivum
959 2635 1018 2688 et
1054 2630 1478 2706 progressionis
1527 2647 1731 2704 expers
1766 2649 1778 2685 :
1813 2630 2132 2703 progressi-

485 2739 623 2779 vum
653 2723 713 2778 in
743 2720 1022 2778 rationale
1059 2724 1116 2777 et
1146 2718 1479 2775 irrationale
1507 2737 1521 2787 ;
1553 2719 1835 2775 rationale
1867 2719 2133 2791 quidem,

484 2811 783 2869 hominem
810 2828 825 2879 ;
857 2808 1190 2866 irrationale
1221 2813 1653 2881 autem,pra3ter
1683 2808 1978 2864 hominem
2006 2807 2135 2864 ani-

483 2899 682 2957 malis.

550 2988 603 3044 3.
636 2987 845 3043 Planta
873 2986 1112 3059 quidem
1145 2985 1325 3058 igitur
1362 2987 1451 3040 est
1503 2983 1833 3040 substantia
1862 2983 2126 3039 animata

479 3094 690 3137 sensus
718 3093 923 3150 expers
957 3095 970 3132 :
1004 3075 1350 3143 substantia,
1379 3075 1518 3147 quia
1548 3074 1677 3145 ipsa
1706 3073 1906 3145 planta
1940 3090 2043 3145 per
2063 3088 2125 3128 se

480 3172 592 3235 est,
624 3184 729 3223 nec
762 3167 938 3222 habet
966 3181 1094 3221 esse
1141 3164 1199 3219 in
1233 3163 1369 3230 alio,
1420 3164 1521 3219 sed
1574 3162 1688 3219 alia
1717 3162 1874 3217 164
1926 3161 2125 3233 potius

480 3256 543 3313 in
572 3257 702 3329 ipsa
728 3255 1097 3312 existentiam
1118 3254 1355 3310 habent.
1381 3252 1633 3307 Evistitit
1663 3250 1818 3306 enim
1838 3252 1896 3307 in
1928 3249 2127 3323 planta

483 3348 541 3402 et
570 3351 856 3418 quantum
888 3343 1123 3415 (etenim
1154 3340 1413 3397 bicubita
1443 3341 1587 3396 forte
1617 3339 1705 3395 vel
1733 3339 2011 3394 tricubita
2039 3343 2129 3394 est

376 3442 383 3448 ‘
485 3433 610 3490 haec
640 3432 885 3506 planta),
909 3436 964 3488 et
990 3429 1160 3503 quale
1190 3429 1429 3503 (etenim
1452 3429 1621 3501 nigra
1646 3428 1734 3484 vel
1756 3427 1890 3483 alba
1918 3430 2047 3499 est),
2071 3430 2129 3483 et

490 3524 560 3579 ad
593 3521 813 3595 aliquid
848 3522 1059 3594 (major
1086 3519 1243 3575 enim
1274 3522 1364 3575 est
1392 3517 1506 3574 alia
1534 3516 1752 3590 planta,
1785 3521 1843 3574 et
1874 3516 1989 3572 alia
2041 3516 2124 3571 vi-

487 3612 691 3670 cissim
724 3609 964 3682 minor),
985 3614 1043 3666 et
1071 3608 1170 3664 ubi
1200 3608 1282 3679 (in
1314 3607 1439 3664 loco
1467 3608 1622 3664 enim
1655 3607 1785 3679 est),
1816 3611 1874 3663 et
1893 3606 2125 3678 quando

488 3700 626 3774 quia
653 3701 830 3756 etiam
861 3700 920 3754 in
970 3699 1275 3771 tempore),
1319 3702 1377 3753 et
1423 3713 1591 3770 agere
1641 3696 1831 3768 (floret
1881 3696 2036 3751 enim
2071 3698 2128 3750 et

484 3790 739 3846 fructum
770 3788 923 3860 fert),
955 3792 1013 3843 et
1040 3788 1157 3860 pati
1188 3787 1443 3860 (secatur
1472 3786 1627 3842 enim
1661 3787 1804 3841 forte
1835 3790 1935 3840 aut
1966 3784 2127 3839 refri-

482 3884 721 3953 geretur
750 3882 852 3933 aut
880 3876 1114 3949 caleﬁt),
1128 3880 1185 3931 et
1213 3876 1394 3931 situm
1427 3892 1554 3931 esse
1583 3876 1722 3947 (stat
1750 3874 1906 3929 enim
1938 3878 2127 3929 erecta

483 3971 586 4024 aut
611 3967 683 4023 ad
712 3971 927 4022 terram
960 3965 1281 4037 inclinata),
1314 3969 1371 4019 et
1391 3964 1603 4020 habere
1639 3981 1650 4019 :
1685 3964 1796 4019 erit
1826 3963 1978 4018 enim
2020 3964 2126 4017 tor-

482 4060 640 4113 tasse
669 4054 1103 4111 munimentum
1134 4052 1368 4125 aliquod
1410 4052 1619 4125 plantae
1651 4053 1906 4108 radicem
1940 4051 2125 4123 ipsius

483 4144 915 4218 quodammodo
967 4148 1067 4198 aut
1116 4142 1373 4214 stipitem
1440 4143 1750 4214 attingens.
1811 4142 1895 4196 Ita
1948 4140 2125 4213 igitur

484 4234 685 4307 planta
712 4238 803 4289 est
830 4231 1454 4288 substantia.Animata
1474 4235 1667 4286 autem
1701 4230 1839 4302 quia
1870 4230 2125 4285 nutritur

2877 1636 3005 1711 Περὶ
3038 1636 3244 1699 οὐσίας.

2306 1743 2369 1797 α’.
2412 1742 2474 1795 Ἡ
2533 1741 2688 1797 οὐσία
2735 1742 2990 1817 σημαίνει
3053 1744 3148 1815 μὲν
3206 1743 3338 1797 ποτὶ
3394 1743 3484 1798 καὶ
3532 1744 3628 1812 τήν
3686 1740 3843 1805 ἁπλῶς

2236 1829 2480 1905 ὕπαρξιν,
2541 1828 2631 1885 ὅτε
2678 1832 2769 1886 καὶ
2823 1833 2959 1886 κατὰ
3015 1831 3229 1886 πάντων
3276 1835 3383 1885 τῶν
3429 1826 3600 1886 ὄντων
3645 1832 3846 1908 φέρεταιο

2236 1918 2436 1994 κυρίως
2495 1916 2552 1973 δὲ
2597 1920 2696 1988 τὴν
2749 1917 3257 1997 ἀντιδιαιρουμένην
3315 1925 3431 1981 τοῖς
3488 1914 3847 1993 συμϐεϐηκόσι,

2234 2007 2563 2084 κατηγορίαν
2621 2006 2821 2079 δηλοῖ,
2878 2007 3002 2079 ἥτις
3060 2008 3171 2064 ἐστὶ
3228 2015 3458 2085 πρᾶγμα
3514 2008 3851 2084 αὗθύπαρκτον

2242 2098 2318 2168 μὴ
2370 2094 2620 2169 δεόμενον
2671 2096 2853 2173 ἑτέρου
2909 2098 3046 2175 πρὸς
3103 2099 3375 2156 σύστασιν.
3426 2097 3602 2171 Ταύτῃ
3646 2098 3741 2171 γὰρ
3778 2096 3851 2150 καὶ

2238 2187 2300 2240 τὸ
2345 2187 2402 2239 ὃν
2452 2187 2677 2262 πάρεστι
2717 2192 2924 2261 πρώτῃ·
2981 2187 3115 2259 μετᾶ
3167 2185 3366 2256 ταύτην
3422 2183 3480 2240 δὲ
3537 2191 3653 2248 τοῖς
3681 2179 3852 2257 συμόε-

2240 2270 2466 2344 ὄηκόσιν
2478 2318 2490 2331 .

2316 2365 2380 2439 β’.
2445 2363 2590 2434 Αὕτη
2647 2366 2682 2434 η
2714 2364 2866 2419 οὐσία
2922 2361 3207 2439 διαιρεῖται
3266 2363 3344 2426 είς
3392 2369 3554 2437 σῶμα
3608 2364 3696 2419 καὶ
3732 2352 3857 2417 Δἀσώ-

2245 2472 2433 2525 ματον·
2489 2454 2552 2507 τὸ
2608 2457 2767 2526 σῶμα
2822 2453 2896 2514 εἰς
2947 2450 3194 2529 ἔμψυχον
3254 2454 3345 2508 καὶ
3394 2450 3609 2529 ἄψυχον
3666 2452 3725 2507 τὸ
3776 2448 3856 2523 ἔμ-

2241 2545 2418 2617 ψυχον
2489 2542 2564 2604 εἰς
2621 2542 2931 2611 αἰσθητικὸν
2985 2542 3074 2598 καὶ
3132 2542 3475 2613 ἀναίσθητον·
3534 2543 3599 2596 τὸ
3648 2541 3862 2610 αίσθητι·

2241 2631 2333 2685 κὸν
2392 2630 2467 2693 εἷς
2529 2625 2883 2705 μεταϐατικὸν
2942 2631 3033 2687 καὶ
3091 2626 3425 2705 ἀμετάϐατον
3463 2650 3478 2663 ·
3539 2633 3603 2686 τὸ
3664 2624 3864 2704 μεταϐα-

2240 2720 2389 2775 τικὸν
2448 2719 2524 2783 είς
2589 2718 2811 2795 λογικόν
2871 2721 2961 2775 καὶ
3019 2719 3221 2796 ἄλογον
3260 2742 3273 2753 ·
3335 2720 3557 2797 λογικὸν
3638 2720 3729 2792 μὶν
3792 2717 3866 2772 τὸν

2244 2810 2525 2883 ἄνθρωπον
2561 2856 2575 2882 ,
2655 2808 2859 2885 ἄλογον
2939 2806 2997 2865 δὲ
3024 2854 3040 2879 ,
3090 2812 3157 2865 τὰ
3230 2810 3375 2887 παρὰ
3442 2810 3538 2865 τὸν
3613 2811 3865 2882 ἄνθρωπον

2246 2902 2379 2966 ζῶα.

2302 2988 2369 3061 γ’.
2403 2986 2568 3041 Οὐσία
2627 2987 2719 3061 μὲν
2772 2985 2863 3043 οὖν
2914 2984 3168 3063 ἔμψυχος
3214 2986 3540 3058 ἀναίσθητος
3593 2987 3657 3041 τὸ
3703 2981 3870 3064 φυτόν·

2235 3074 2408 3148 οὐσία,
2469 3074 2685 3150 ἐπείπερ
2743 3075 2872 3131 αὐτὸ
2925 3077 3045 3131 καθ’
3103 3075 3233 3130 αὑτό
3295 3075 3407 3130 ἐστι
3450 3076 3516 3130 τὸ
3559 3075 3743 3154 φυτὸν,
3787 3070 3861 3127 καὶ

2233 3163 2332 3219 οὐχ
2361 3163 2412 3218 ἐν
2465 3164 2670 3241 ἑτέροις
2719 3160 2835 3240 ἔχει
2880 3165 2943 3219 τὸ
2993 3164 3148 3219 εἶναι’
3200 3162 3327 3220 ἀλλ’
3373 3161 3535 3239 ἕτερα
3590 3162 3795 3239 μᾶλλον
3822 3161 3867 3214 ὲν

2233 3251 2379 3325 αὐτῷ
2433 3254 2533 3323 τὴν
2603 3253 2825 3330 ὕπαρξιν
2884 3251 3102 3330 ἔχουσιν
3141 3299 3155 3312 .
3203 3254 3462 3331 Ὑπάρχει
3524 3255 3634 3331 γὰρ
3701 3252 3751 3308 ἐν
3800 3253 3868 3323 τῷ

2234 3347 2384 3420 φυτῷ
2430 3342 2520 3397 καὶ
2568 3343 2733 3397 ποσὸν
2782 3340 3016 3419 (δίπηχυ
3060 3342 3163 3420 γάρ
3215 3341 3355 3397 ἐστιν
3408 3340 3545 3406 ἴσως
3587 3343 3625 3412 ἢ
3656 3342 3874 3418 τρίπηχυ

2230 3431 2383 3486 τοοτὶ
2454 3431 2518 3486 τὸ
2590 3431 2776 3511 φυτόν)
2809 3478 2820 3488 .
2878 3431 2969 3486 καὶ
3041 3432 3197 3486 ποιὸν
3272 3429 3485 3505 (μὲλαν
3564 3432 3672 3509 γὰρ
3750 3429 3873 3484 ἐστιν

2233 3520 2268 3589 ἢ
2331 3519 2571 3594 λευκὸν)
2626 3519 2715 3575 καὶ
2774 3519 2912 3595 πρός
2963 3540 3015 3574 τι
3069 3524 3302 3593 (μεῖζον
3383 3520 3489 3596 γάρ
3568 3519 3710 3575 ἐστιν
3784 3516 3877 3572 ἑτέ-

2236 3629 2332 3685 ρου
2372 3613 2562 3687 φυτοῦ,
2618 3609 2709 3663 καὶ
2770 3606 2945 3664 ἄλλου
2996 3607 3161 3663 πάλιν
3225 3608 3596 3684 μικρότερον)·
3648 3607 3736 3664 καί
3784 3625 3874 3661 που

2233 3698 2308 3768 (ἐν
2338 3697 2521 3769 ,τόπῳ
2575 3699 2678 3772 γάρ
2735 3696 2869 3770 ἐστι)
2925 3697 3015 3752 καί
3073 3717 3228 3769 πκτε,
3278 3694 3416 3753 διότι
3465 3699 3562 3753 καὶ
3596 3698 3650 3753 ἐν
3683 3695 3875 3773 χρόνῳ·

2233 3786 2322 3840 καὶ
2378 3791 2552 3840 ποιεῖν
2599 3786 2771 3859 (ἀνθεῖ
2820 3787 2923 3861 γὰρ
2982 3786 3017 3855 ἢ
3074 3789 3454 3863 καρποφορεῖγ
3523 3787 3618 3842 καὶ
3663 3785 3876 3859 πάσχειν

2232 3876 2501 3948 (τέμνεται
2554 3875 2655 3950 γὰρ
2705 3874 2897 3951 τυχὸν,
2949 3875 2986 3943 ἢ
3018 3874 3273 3951 ψύχεται,
3304 3876 3340 3943 ἢ
3375 3875 3773 3951 θερμαίνεται)·
3804 3871 3881 3927 καὶ

2232 3965 2438 4018 κεῖσθαι
2496 3961 2728 4034 (ἵσταται
2783 3964 2887 4038 γὰρ
2940 3964 2975 4032 ἢ
3039 3958 3243 4039 ὄρθιον,
3297 3963 3333 4032 ἢ
3393 3964 3534 4039 πρὸς
3582 3971 3690 4040 γῆν
3731 3981 3883 4017 νενευ-

2231 4052 2376 4125 κός)⁸
2429 4052 2518 4107 καὶ
2578 4048 2746 4126 ἔχειν·
2811 4050 2958 4106 ἔσται
3011 4052 3116 4128 γὰρ
3167 4049 3299 4114 ἴσως
3344 4052 3435 4107 καί
3487 4074 3546 4108 τι
3611 4052 3886 4129 θρίγγωμα

2230 4146 2311 4214 τῷ
2343 4146 2493 4213 φυτῷ
2519 4148 2618 4211 τῆς
2648 4140 2814 4196 αὐτοῦ
2845 4162 2965 4204 πως
2996 4140 3153 4218 ῥίζης
3182 4142 3221 4211 ἢ
3245 4146 3342 4196 τοῦ
3393 4141 3704 4219 στελέχους
3738 4138 3884 4196 amt

2237 4251 2417 4303 μενον.
2477 4229 2631 4285 Οὕτω
2696 4230 2792 4303 μὲν
2844 4228 2936 4284 οὖν
2996 4230 3152 4285 οὐσία
3198 4229 3309 4286 ἐστὶ
3365 4231 3429 4285 τὸ
3480 4230 3679 4309 φυτόν*
3724 4226 3885 4305 ἔμψυ-

485 4289 822 4395 ἑίήαιιεθῑυι·
849 4326 906 4378 et
934 4320 1125 4377 simile
1171 4320 1282 4376 sibi
1316 4324 1574 4392 generat.
1606 4289 1775 4389 Atqui
1807 4319 2015 4374 animae
2036 4318 2122 4374 fa-

2239 4289 2247 4303 .
2696 4289 2706 4303 .
3492 4289 3503 4309 .
3754 4289 3765 4305 .
3807 4289 3816 4303 .

2239 4338 2334 4394 χον
2368 4316 2445 4392 δὲ,
2497 4316 2634 4374 διότι
2678 4320 2925 4397 τρέφεται
2973 4319 3061 4374 καὶ
3102 4316 3333 4392 αὔξεται,
3366 4321 3455 4374 καὶ
3484 4325 3661 4395 γεννᾷ
3707 4318 3882 4392 ὅμοιον

483 4412 733 4469 oultates
758 4415 900 4467 sunt
930 4427 943 4465 :
978 4409 1195 4479 nutrix,
1256 4409 1481 4464 auctrix
1510 4412 1568 4464 et
1608 4407 1938 4479 generatrix
1968 4408 2121 4480 (vis).

482 4502 593 4567 Qui
649 4506 844 4557 autem
901 4498 1104 4572 planta
1160 4503 1249 4554 est
1302 4497 1579 4562 animata,
1612 4498 1892 4553 nimirum
1948 4497 2122 4552 etiam

479 4594 785 4663 corporata
814 4594 923 4652 est.
952 4594 1174 4660 Corpus
1229 4587 1384 4643 enim
1438 4586 1761 4642 animatum
1814 4586 1869 4640 id
1912 4586 2127 4641 dicitur

478 4680 635 4753 quod
666 4679 841 4736 habet
870 4678 1151 4734 animam.
1183 4676 1308 4732 Non
1335 4681 1532 4732 autem
1556 4680 1645 4732 est
1673 4676 2006 4747 oppositum
2032 4675 2127 4730 de-

478 4769 758 4836 ﬁnitioni,
791 4772 1164 4841 corporatum
1190 4784 1204 4832 ;
1238 4770 1302 4821 ut
1329 4766 1482 4836 quod
1514 4765 1708 4820 animo
1738 4764 2126 4820 subaudiatur

480 4863 538 4915 et
564 4857 1058 4930 subintelligatur.
1093 4856 1177 4911 Ita
1203 4855 1382 4928 igitur
1410 4853 1615 4926 planta
1648 4854 1825 4909 etiam
1859 4854 2124 4909 animata

480 4950 589 5002 est.
619 4949 691 5002 At
720 4963 927 5003 sensus
960 4962 1164 5017 expers
1210 4948 1318 5015 est,
1351 4943 1446 5015 qui
1481 4942 1641 4998 nullo
1689 4943 1942 5014 quinque
1992 4958 2122 4997 sen-

480 5050 657 5090 suum
687 5035 924 5107 regitur,
958 5050 1074 5089 non
1101 5033 1251 5103 visu,
1283 5049 1399 5087 non
1444 5030 1668 5102 auditu,
1719 5048 1835 5087 non
1884 5029 2119 5099 olfactu,

481 5137 598 5177 non
628 5128 826 5193 gustu,
855 5122 1009 5178 105
1041 5139 1158 5177 non
1188 5125 1369 5186 tactu,
1403 5120 1776 5176 Manifestum
1807 5125 2002 5176 autem
2033 5124 2122 5175 es‘t

417 5196 427 5209 ’
481 5210 635 5280 quod
664 5208 840 5266 etiam
886 5211 1307 5282 progressionis
1338 5211 1417 5266 sit
1465 5225 1694 5281 expers.
1752 5208 1892 5264 Dico
1924 5215 2117 5264 autem

481 5298 910 5372 progressionis
954 5314 1176 5368 expers,
1224 5300 1375 5369 quod
1409 5298 1749 5355 facultatem
1780 5298 1851 5353 de
1905 5298 2028 5353 loco
2057 5297 2117 5352 in

478 5388 671 5444 locum
703 5386 1112 5459 progrediendi
1142 5386 1203 5440 in
1233 5404 1295 5442 se
1323 5404 1438 5443 non
1473 5388 1647 5443 habet
1680 5406 1692 5456 ;
1738 5388 2115 5459 quemadmo-

477 5476 621 5532 dum
650 5474 1084 5547 progressivum
1114 5474 1173 5528 id
1218 5475 1369 5543 quod
1418 5476 1663 5533 interius
1722 5494 1756 5532 a
1786 5477 1981 5549 seipse
2027 5493 2118 5533 se-

476 5565 737 5622 cundum
768 5562 966 5619 locum
999 5563 1215 5619 moveri
1247 5567 1455 5634 potest.

2235 4409 2423 4481 ἑαυτῷ.
2476 4409 2739 4482 Δυνάμεις
2787 4405 2845 4463 δὲ
2891 4411 3078 4485 ψυχῆς
3128 4409 3190 4463 τὸ
3235 4409 3550 4486 θρεπτικὸν,
3603 4410 3700 4465 καὶ
3740 4406 3883 4476 αὐξη-

2231 4498 2403 4567 τικὸν,
2449 4498 2539 4552 καὶ
2586 4498 2921 4572 γεννητικόν.
2971 4497 3119 4553 Ἐπεὶ
3168 4495 3226 4553 δὲ
3272 4496 3528 4574 ἔμψυχον
3580 4500 3649 4554 τὸ
3714 4496 3883 4576 φυτὸν,

2233 4583 2493 4655 δηλονότι
2539 4587 2628 4641 καὶ
2691 4585 3158 4660 σεσωματωμένον
3212 4585 3372 4643 ἐστίν.
3431 4589 3739 4663 Ἐμψυχον
3796 4584 3883 4659 γὰρ

2234 4674 2446 4751 λέγεται
2492 4677 2554 4730 τὸ
2597 4679 2756 4748 σῶμα
2801 4676 2865 4731 τὸ
2912 4671 3042 4752 ἕχον
3094 4677 3278 4751 ψυχήν
3317 4720 3329 4733 .
3387 4675 3461 4730 Οὐ
3516 4676 3884 4753 προσ-τέθειται

2233 4760 2291 4818 δὲ
2318 4765 2378 4819 τὸ
2426 4765 2893 4838 σεσωματωμένον
2945 4769 3023 4837 τῷ
3072 4763 3207 4839 ὅρῳ,
3259 4764 3333 4827 ὡς
3360 4769 3439 4837 τῷ
3487 4764 3746 4844 ἐμψύχῳ
3783 4782 3886 4818 συν-

2231 4849 2635 4926 υπακουόμενόν
2692 4873 2752 4908 τε
2808 4853 2897 4907 καὶ
2959 4853 3370 4928 συννοούμενον.
3427 4853 3594 4910 Οὕτω
3663 4856 3761 4929 μὲν
3812 4850 3887 4906 καὶ

2231 4939 2482 5018 ἔμψυχον
2530 4943 2593 4997 τὸ
2637 4941 2822 5021 φυτόν·
2875 4941 3191 5014 ἀναίσθητον
3254 4940 3330 5014 δὲ,
3391 4940 3480 4997 διὰ
3528 4944 3599 4998 τὸ
3658 4941 3887 5017 μηδεμιᾷ

2231 5027 2548 5086 διοικεῖσθαι
2604 5036 2716 5086 τῶν
2776 5026 2931 5085 πέντε
2985 5032 3303 5103 αἰσθήσεων·
3364 5032 3470 5108 οὐχ
3528 5033 3748 5110 ὁράσει,
3805 5029 3888 5085 οὐκ

2229 5118 2389 5194 ἀκοῇ,
2448 5120 2547 5175 οὐκ
2599 5119 2880 5197 ὀσφρήσει,
2933 5119 2995 5175 οὐ
3043 5120 3244 5196 γεύσει,
3300 5119 3409 5196 οὐχ
3456 5122 3601 5197 ἁφῇ.
3639 5120 3819 5192 Δῆλον
3848 5115 3886 5170 δ’

2229 5207 2310 5262 δτι
2370 5208 2460 5263 καὶ
2515 5203 2884 5280 ἀμετάὸατον.
2946 5204 3317 5283 Ἀμετάϐατον
3371 5208 3428 5265 δὲ
3480 5232 3642 5288 φημι
3704 5210 3767 5265 τὸ
3822 5207 3885 5282 μὴ

2228 5293 2356 5373 ἔχον
2406 5296 2457 5351 ἐν
2519 5298 2691 5370 ἑαυτῷ
2748 5295 2973 5371 δύναμιν
3041 5293 3402 5371 μεταϐατικὴν
3462 5297 3527 5352 ἐκ
3597 5300 3777 5354 τόπου
3824 5295 3886 5353 εἷς

2224 5385 2390 5441 τόπον
2422 5404 2435 5418 ’
2496 5385 2674 5462 ὥσπερ
2738 5382 3090 5459 μεταϐατικὸν
3149 5386 3213 5442 τὸ
3274 5384 3485 5443 ἔνδοθεν
3548 5388 3651 5468 ἀφ’
3714 5388 3888 5444 ἑαυτοῦ

2225 5478 2487 5531 κινεῖσθαι
2515 5476 2650 5530 κατὰ
2677 5475 2844 5531 τόπον
2878 5474 3195 5551 δυνάμενον,

542 5653 595 5709 4.
629 5652 835 5708 Planta
864 5651 1043 5725 igitur
1089 5657 1179 5707 est
1226 5653 1558 5709 substantia
1605 5656 1864 5710 animata
1912 5671 2123 5712 sensus

2302 5652 2365 5711 δ’.
2415 5655 2565 5708 Ἐστι
2621 5654 2713 5727 μὲν
2766 5651 2858 5708 οὖν
2906 5655 2968 5709 τὸ
3010 5654 3173 5733 φυτόν
3228 5654 3383 5710 οὐσία
3429 5652 3706 5732 ἔμψυχος
3752 5652 3888 5710 ἀναί-

468 5757 694 5815 expers.
723 5743 798 5798 At
827 5738 1047 5796 animal
1075 5744 1132 5797 et
1162 5738 1543 5813 plantanimal
1578 5742 1754 5799 simul
1799 5747 1940 5800 sunt
1969 5746 2110 5801 sub-

2223 5745 2444 5815 σθητος·
2493 5741 2649 5798 οὐσία
2698 5739 2743 5798 δ’
2792 5739 3044 5819 ἔμψυχος
3103 5744 3392 5819 αἰσθητικῃ
3447 5743 3518 5798 τὸ
3575 5748 3724 5814 ζῶον
3763 5743 3891 5818 ὁμοῦ

473 5829 692 5892 stantia
719 5830 982 5891 animata
1036 5829 1318 5888 sentiens.
1352 5829 1425 5888 Ut
1451 5829 1631 5905 igitur
1671 5849 1705 5890 a
1761 5850 1823 5891 se
1865 5832 2112 5891 invicem

2239 5834 2310 5889 ιαὶ
2365 5831 2677 5913 ζωόφυτον.
2730 5836 2843 5888 Ἵνα
2889 5837 3019 5911 γοῦν
3088 5834 3176 5889 ἀπ’
3227 5831 3494 5907 ἀλλήλων
3559 5838 3741 5891 ταῦτα
3790 5830 3892 5887 δια-
