4096 6430
255 479 374 546 817

1628 485 1978 565 EPITOME
2022 486 2327 549 LOGICA.

3554 492 3677 556 818

252 612 489 700 κριθείη,
520 613 840 694 προσθέτεον
890 621 972 693 τῷ
1022 619 1115 694 μὲν
1166 616 1280 697 ὅρῳ
1322 626 1420 679 τοῦ
1473 623 1615 694 ζώου
1651 621 1714 678 τὸ
1749 640 1905 695 μετα-

2020 619 2511 690 discernerentur,
2543 623 2958 695 apponendum
3005 624 3094 680 est
3122 621 3394 682 animalis
3431 623 3671 700 quidem

254 698 499 776 ὄατικὸν,
545 710 624 779 τῷ
680 704 738 762 δὲ
782 713 880 763 τοῦ
940 711 1223 789 ζωοφύτου
1277 713 1339 767 τὸ
1383 709 1743 787 ἀμετάϐατον.
1800 715 1906 765 Με-

250 789 564 864 ταϐατικὸν,
616 793 675 851 δὲ
722 796 951 874 λὲγομεν
999 800 1063 854 τὸ
1115 805 1274 874 ζῶον,
1327 802 1418 857 καὶ
1473 803 1580 879 οὐχ
1608 801 1798 862 ἁπλῶς
1823 797 1907 853 κί-

253 905 411 954 νησιν
474 880 602 962 ἔχον
639 903 653 917 ⁶
713 885 932 963 ἐπείπερ
990 887 1049 943 ἐκ
1103 895 1209 945 τῶν
1266 889 1411 946 ὅλων
1488 893 1751 962 κινήσεων
1809 889 1909 956 τήν

255 969 548 1046 μετᾴϐασιν
608 972 727 1051 ἔχει
785 975 1011 1033 πλείονα
1065 980 1212 1055 παρὰ
1265 980 1327 1034 τὸ
1388 980 1682 1059 ζωόφυτον,
1742 977 1909 1056 ἤγουν

247 1063 350 1131 τήν
383 1063 520 1118 κατά
565 1064 732 1119 τόπον
781 1061 1111 1138 μεταϐολήν.
1164 1073 1314 1124 Πᾶσα
1355 1070 1459 1145 γὰρ
1510 1067 1652 1139 ἄλλη
1696 1068 1907 1138 κίνησις

247 1151 340 1207 καὶ
367 1155 447 1223 τῷ
497 1152 763 1231 ζωοφύτῳ
802 1151 974 1210 ἔνεστι
1019 1157 1110 1210 καὶ
1157 1155 1305 1230 αὐτῷ
1331 1162 1410 1230 τῷ
1459 1163 1628 1237 φυτῷ.
1664 1158 1905 1214 Γίνονται

244 1240 352 1315 γὰρ
410 1241 503 1296 καὶ
558 1246 750 1314 ταῦτα,
806 1243 896 1298 καὶ
957 1244 1285 1323 φθείρονται,
1344 1248 1434 1301 καὶ
1495 1245 1761 1319 αὔξονται,
1816 1249 1905 1302 καὶ

256 1333 561 1403 μειοῦνται,
617 1331 707 1388 καὶ
766 1329 1157 1408 ἀλλοιοῦνται,
1215 1336 1610 1412 θερμαινόμενα
1661 1337 1751 1391 καὶ
1804 1340 1904 1410 ψυ-

246 1416 487 1494 χόμενα,
519 1420 610 1474 καὶ
640 1422 756 1476 καθ’
785 1417 943 1499 ἕτερα
992 1422 1137 1494 πάθη
1192 1421 1424 1503 διάφορα
1468 1427 1568 1495 τὴν
1606 1423 1900 1481 ἀλλοίωσιν

247 1506 589 1581 ὑπομένοντα
636 1512 706 1583 τῇ
754 1509 928 1583 οἰκείᾳ
983 1511 1137 1590 φύσει
1194 1513 1563 1586 καταλλήλως
1623 1516 1901 1591 ἑκάτερον·

243 1596 402 1651 Ἔστι
458 1598 552 1669 μὲν
611 1596 704 1653 οὖν
758 1600 822 1654 τὸ
883 1595 1018 1669 ζδον
1082 1601 1236 1658 οὐσία
1294 1600 1544 1679 ἔμψυχος
1612 1603 1902 1675 αἰσθητικὴ

246 1680 610 1758 μεταϐατικήο
655 1688 718 1743 τὸ
758 1685 816 1742 δὲ
867 1688 1142 1767 ζωόφυτον
1194 1688 1350 1744 οὐσία
1407 1687 1657 1766 ἔμψυχος
1716 1691 1901 1762 αἰσθη-

240 1776 372 1843 τική
435 1771 774 1847 ἁμετάόατος
801 1820 814 1834 .
870 1779 972 1832 Καὶ
1028 1779 1166 1833 κατὰ
1219 1779 1325 1852 μὴν
1376 1779 1475 1848 τήν
1536 1781 1766 1849 άτιτικὴν
1825 1778 1904 1834 αἶ’-

244 1875 438 1934 σθησιν
465 1864 530 1918 τὸ
565 1864 841 1944 ζωόφυτον
871 1866 1190 1922 πλεονεκτεῖ
1217 1871 1313 1922 τοῦ
1364 1872 1553 1946 φυτοῦ.
1598 1870 1696 1923 Διὰ
1745 1868 1803 1925 δὲ
1839 1871 1903 1924 τὸ

246 1952 326 2024 μὴ
361 1948 724 2025 μεταϐαίνειν,
775 1954 1071 2031 ὁστερεῖται
1114 1959 1209 2010 τοῦ
1263 1956 1426 2025 ζώου·
1473 1958 1564 2011 καὶ
1612 1957 1754 2013 οὕτω
1805 1959 1900 2032 μὲν
1933 1992 1980 2057 Β

246 2037 270 2057 ,Ι
431 2042 445 2057 \
487 2046 549 2057 μιν
725 2043 739 2057 ι
811 2043 824 2057 \
868 2049 895 2057 μ
960 2044 971 2057 ι

240 2037 363 2116 ἔχει
391 2042 455 2097 τὸ
487 2046 623 2112 ζῶον
650 2043 742 2098 καὶ
770 2043 834 2098 τὸ
867 2044 1163 2122 ζωόφυτον.

316 2350 371 2402 ε’.
404 2349 460 2399 '0
508 2343 566 2400 δὲ
614 2346 901 2420 ἄνθρωπος
953 2346 1090 2416 ζῶόν
1142 2347 1251 2402 ἐστι
1301 2348 1552 2425 λογικὸν,
1598 2346 1769 2424 ἤγουν
1817 2349 1904 2404 οὐ·

239 2434 336 2489 σία
366 2432 639 2510 ἔμψυχος,
693 2435 1007 2507 αἰσθητικὴ,
1063 2431 1416 2510 μεταϐατικῄ
1472 2435 1695 2513 λογική.
1748 2437 1905 2494 Ἀλλ’

242 2522 293 2577 εἰ
329 2523 424 2597 μὲν
456 2522 629 2586 οὕτως
659 2524 687 2578 ὁ
732 2528 830 2579 τοῦ
878 2524 1163 2600 ἀνθρώπου
1209 2526 1436 2602 ὁρισμὸς
1469 2524 1780 2597 ἀπεδίδοτο,
1813 2526 1903 2583 λε-

240 2610 457 2687 γόντων
500 2615 693 2686 ἡμῶν,
753 2613 1073 2691 Ἄνθρωπός
1118 2614 1255 2669 ἐστιν
1306 2614 1461 2670 οὐσία
1503 2614 1776 2692 ἔμψυχος,
1822 2617 1905 2671 αἷ-

246 2702 505 2771 σθητικὴ,
541 2697 895 2775 μεταϐατική,
934 2700 1129 2779 λογική
1166 2723 1179 2736 ⁸
1232 2704 1331 2759 οὐκ
1360 2704 1419 2759 ἂν
1449 2710 1529 2777 τῷ
1555 2710 1652 2760 τοῦ
1696 2706 1904 2782 ἀνθρώ-

245 2810 359 2843 που
417 2790 631 2866 ὁρισμῷ
685 2792 1002 2868 προσέκειτο
1059 2790 1122 2847 τὰ
1181 2794 1398 2867 θνητὸν,
1449 2793 1523 2856 ὡς
1566 2798 1634 2868 τῇ
1667 2795 1906 2870 ἐμψύχῳ

245 2877 410 2950 οὐσίᾳ
464 2879 929 2956 συνεισαγόμενον.
992 2887 1101 2936 Πᾶν
1157 2883 1261 2956 γὰρ
1320 2881 1568 2958 ἔμψυχον
1632 2883 1720 2938 καὶ
1783 2896 1908 2954 θνη-

245 2966 364 3036 τὸν,
425 2965 606 3042 ὥσπερ
661 2968 752 3023 καὶ
808 2974 912 3023 πᾶν
975 2968 1238 3043 σύνθετον,
1297 2968 1590 3029 διαλυτόν.
1656 2970 1907 3033 Σύνθεσις

250 3057 359 3132 γὰρ
418 3056 564 3133 ἀρχὴ
628 3058 839 3132 μάχης,
902 3059 1057 3134 μάχη
1120 3055 1177 3113 δὲ
1227 3056 1577 3133 διαστάσεως,
1632 3059 1907 3123 διάστασις

245 3142 311 3200 δὲ
348 3143 579 3208 λύσεως.
635 3146 783 3201 Ἐπεὶ
828 3144 887 3202 δὲ
930 3148 993 3202 τὸ
1032 3146 1206 3209 οὕτως
1257 3149 1524 3224 ὁρίζεσθαι
1577 3146 1906 3226 ἀδολεσχίας

252 3232 369 3289 ἐστὶ
418 3236 493 3307 μή
548 3235 864 3308 πρεπούσης
912 3240 1030 3298 τοῖς
1079 3237 1352 3312 ὁρισμοῖς,
1384 3237 1457 3310 (τί
1503 3239 1604 3314 γὰρ
1651 3237 1703 3292 ἐν
1733 3236 1903 3314 ὅροις,

2020 709 2367 782 deﬁnitioni,
2399 711 2873 784 progressivum;
2910 711 3344 784 plantanimalis
3373 731 3673 790 vero,pro-

2019 798 2340 871 gressionis
2370 816 2596 870 expers.
2630 800 2894 857 Dicimus
2923 805 3119 857 autem
3150 801 3369 859 animal
3402 820 3674 878 progres-

2019 888 2241 943 sionem
2274 893 2331 943 et
2363 905 2476 943 non
2509 889 2857 960 simpliciter
2886 894 3111 946 motum
3142 891 3671 966 habens,quando-

2018 977 2250 1048 quidem
2284 995 2353 1033 ex
2381 979 2658 1035 omnibus
2688 980 2946 1036 motibus
2975 981 3468 1054 progressionem,
3491 982 3549 1039 id
3582 988 3675 1042 est

2020 1067 2403 1123 mutationem
2452 1069 2777 1123 secundum
2824 1069 3041 1141 locum,
3087 1086 3205 1141 pra
3260 1069 3668 1143 plantanimali

2019 1160 2391 1226 superantem
2448 1156 2644 1212 habet.
2677 1156 2882 1212 Omnis
2938 1158 3095 1213 enim
3152 1157 3303 1214 alius
3361 1163 3558 1216 motus
3612 1165 3671 1217 et

2016 1242 2423 1314 plantanimali
2471 1248 2529 1299 et
2579 1245 2690 1316 ipsi
2738 1244 2949 1317 plantaa
2995 1246 3168 1303 inest.
3219 1246 3366 1303 Nam
3416 1251 3475 1304 et
3545 1247 3670 1305 hac

2016 1331 2306 1402 oriuntur,
2337 1336 2397 1388 et
2441 1332 2734 1402 occidunt,
2768 1336 2825 1389 et
2870 1338 3181 1407 augentur,
3213 1339 3270 1390 et
3312 1340 3584 1393 crescunt
3610 1341 3669 1394 et

2014 1420 2451 1488 diminuuntur,
2477 1427 2535 1477 et
2562 1421 2904 1488 alterantur,
2931 1424 3073 1478 dum
3106 1423 3467 1491 caleﬁunt,et
3497 1425 3664 1482 refri-

2013 1518 2291 1581 gerantur
2317 1514 2376 1565 et
2401 1511 2724 1566 secundum
2772 1510 2916 1567 alias
2946 1511 3207 1569 diversas
3246 1513 3551 1585 passiones
3579 1516 3664 1571 al-

2012 1599 2360 1654 terationem
2394 1599 2708 1670 sustinent,
2740 1604 3058 1672 utrumque
3083 1605 3256 1673 prout
3292 1605 3513 1671 natura
3543 1621 3664 1661 suae

2014 1687 2298 1743 convenit.
2316 1686 2545 1742 Animal
2569 1688 2749 1759 igitur
2768 1693 2858 1744 est
2876 1690 3033 1745 166
3059 1690 3390 1747 substantia
3408 1687 3669 1751 animata

2014 1776 2273 1832 sentiens
2320 1778 2704 1849 progressiva.
2738 1776 3126 1834 Plantanimal
3180 1783 3375 1836 autem
3404 1784 3495 1837 est
3521 1783 3664 1839 sub-

2013 1865 2230 1920 stantia
2259 1865 2520 1921 animata
2561 1866 2841 1933 sentiens,
2874 1868 3302 1941 progressionis
3339 1885 3562 1942 expers.
3597 1870 3667 1928 Et

2013 1954 2339 2010 secundum
2390 1955 2667 2028 tangendi
2698 1955 2938 2026 quidem
2985 1973 3224 2013 sensum
3273 1957 3662 2031 plantanimal

2011 2042 2146 2116 plus
2175 2043 2353 2100 habet
2396 2060 2576 2116 quam
2608 2044 2844 2116 planta;
2879 2047 2982 2103 sed
3010 2051 3318 2121 propterea
3347 2036 3659 2121 quodnon

2011 2133 2404 2206 progreditur,
2453 2133 2652 2191 minus
2694 2135 2871 2192 habet
2937 2152 3115 2209 quam
3167 2136 3407 2195 animal.
3459 2137 3529 2195 Et
3578 2139 3664 2197 sic

2016 2221 2256 2293 quidem
2284 2221 2462 2279 habet
2488 2239 2553 2280 se
2579 2224 2797 2281 animal
2825 2228 2883 2281 et
2905 2224 3312 2298 plantanimal.

2084 2350 2141 2405 5.
2175 2352 2362 2404 Homo
2393 2353 2588 2405 autem
2619 2352 2710 2405 est
2741 2349 2961 2406 animal
2993 2351 3297 2420 rationale,
3327 2352 3388 2409 id
3416 2354 3671 2422 est,sub-

2013 2436 2236 2491 stantia
2285 2436 2570 2503 animata,
2603 2436 2885 2506 sentiens,
2918 2439 3305 2511 progressiva,
3347 2439 3669 2498 rationalis.

2014 2525 2124 2581 Sed
2159 2524 2207 2579 si
2243 2524 2326 2580 ita
2374 2526 2614 2596 quidem
2645 2525 2902 2582 hominis
2934 2526 3195 2583 deﬁnitio
3244 2527 3667 2602 assignantur,

2014 2618 2081 2669 ut
2109 2614 2439 2670 diceremus
2475 2632 2487 2670 :
2522 2618 2709 2670 Homo
2735 2619 2823 2670 est
2851 2615 3182 2672 substantia
3220 2617 3499 2685 animata,
3532 2635 3665 2675 sen-

2012 2701 2184 2769 tiens,
2221 2703 2607 2775 progressiva,
2641 2703 2947 2759 rationalis
2981 2721 2994 2759 :
3029 2720 3146 2760 non
3177 2705 3527 2777 adjiceretur
3553 2707 3667 2764 uti-

2015 2808 2127 2863 que
2158 2791 2485 2846 deﬁnitioni
2533 2791 2790 2847 hominis
2820 2791 2883 2845 τὸ
2915 2793 3180 2860 mortale,
3212 2798 3278 2849 ut
3324 2797 3478 2866 quod
3527 2812 3664 2854 cum

2015 2879 2274 2936 animata
2319 2880 2649 2936 substantia
2700 2881 2877 2936 simul
2908 2881 3238 2939 inferretur.
3271 2883 3456 2940 Omne
3505 2885 3663 2941 enim

2015 2969 2339 3024 animatum
2364 2969 2539 3024 etiam
2564 2969 2808 3025 mortale
2827 2974 2918 3026 est
2940 2972 3465 3042 ;quemadmodum
3482 2974 3661 3030 etiam

2015 3074 2188 3113 omne
2210 3057 2605 3131 compositum
2634 3059 2875 3115 dissolvi
2908 3061 3474 3133 potest.Compositio
3502 3062 3662 3119 enim

2016 3164 2453 3220 pugnae,pugna
2480 3148 3225 3223 diremptionis,diremptio
3244 3148 3554 3208 solutionis
3573 3155 3667 3209 est

2015 3236 2396 3309 principium.
2428 3237 2575 3301 Quia
2602 3241 2794 3292 autem
2829 3239 2913 3294 sic
2941 3238 3182 3294 deﬁnire
3211 3239 3548 3311 nugationis
3576 3245 3668 3298 est

247 3321 440 3398 λόγοις
473 3322 797 3397 σμντόμοις,
826 3326 938 3400 χρή
989 3323 1344 3399 πολυλογεῖν,
1377 3326 1489 3381 ἐνὸν
1542 3332 1641 3400 μιᾷ
1670 3326 1808 3397 λέξει
1839 3329 1905 3381 τὰ

2018 3324 2454 3394 deﬁnitionibus
2485 3342 2601 3380 non
2627 3326 3042 3390 convenientis,
3074 3329 3203 3396 (cur
3230 3328 3388 3383 enim
3426 3328 3485 3384 in
3514 3328 3664 3385 deﬁ-

240 3410 483 3467 πλεῖστα
510 3407 827 3489 περιλαϐεῖν
871 3412 961 3467 καὶ
1006 3411 1095 3468 διὰ
1143 3419 1238 3468 τνῦ
1280 3419 1415 3484 ζῶον
1468 3414 1637 3469 εἰπεῖν
1679 3417 1777 3484 τὴν
1812 3413 1901 3470 οὒ-

238 3500 365 3555 σίαν
414 3497 684 3571 δηλῶσαι,
733 3501 823 3556 καὶ
872 3502 934 3556 τὸ
974 3498 1248 3578 ἔμψυχον,
1298 3504 1389 3558 καὶ
1431 3501 1494 3558 τὰ
1552 3505 1862 3574 αἰσθητικὸν
1890 3551 1903 3575 ,

239 3587 341 3643 καὶ
375 3589 439 3643 τὸ
492 3585 851 3662 μεταϐατικόν
884 3612 919 3668 φ
954 3595 974 3661 )
1002 3588 1094 3645 διὰ
1138 3596 1301 3646 τοῦτο
1351 3596 1487 3661 ζῶον
1531 3589 1784 3668 λέγοντες
1814 3593 1904 3647 τὸν

238 3677 537 3755 ἄνθρωπον
589 3677 832 3754 λογικὸν,
881 3680 1237 3754 προστίθεμεν
1285 3685 1366 3753 τῷ
1415 3680 1528 3757 ὅρῳ
1556 3683 1645 3737 καὶ
1685 3683 1748 3737 τὸ
1779 3694 1905 3752 θνη-

234 3765 365 3823 τόν.
399 3764 575 3837 Δηλοῖ
598 3767 701 3843 γὰρ
749 3768 812 3822 τὸ
858 3772 954 3823 τοῦ
995 3769 1137 3837 ζώου
1189 3768 1363 3841 ὄνομα
1414 3771 1502 3824 καὶ
1534 3770 1625 3825 τὸν
1675 3769 1904 3847 ἄγγελον

234 3855 326 3917 ὡς
386 3859 532 3926 ζωῆς
593 3857 898 3934 μετέχοντα
951 3856 1040 3912 καὶ
1070 3857 1252 3930 αὐτόν,
1284 3857 1449 3913 εἶκαὶ
1492 3865 1593 3929 τῆς
1645 3860 1906 3914 ἀθανάτου

233 3944 341 4002 καὶ
390 3945 523 4021 ὑπὲρ
574 3943 842 4016 αἶ’σθησιν·
894 3947 954 4012 ’ὸς
1006 3944 1073 4017 δὴ
1123 3948 1213 4002 καὶ
1266 3946 1494 4022 λογικός
1548 3948 1680 4019 ἐστι,
1735 3949 1825 4003 καὶ
1869 3951 1904 4017 ἡ

232 4033 551 4109 λογικότης
613 4034 778 4090 αὐτοῦ
849 4034 1029 4105 πάσης
1091 4035 1318 4111 ἀλογίας
1375 4037 1705 4114 ἀνεπιμιγὴς
1740 4084 1755 4110 ,
1817 4039 1905 4093 καὶ

232 4123 478 4197 πάμπαν
535 4122 852 4197 ἀμέθεκτος.
892 4125 1005 4179 Ἵνα
1051 4128 1182 4199 γοῦν
1246 4127 1429 4198 μήτις,
1488 4125 1698 4180 ἀκούων
1764 4130 1900 4196 ζῶον

228 4210 499 4287 λογικὸν,
561 4208 811 4287 ὑπολάϐῃ
866 4212 1033 4290 τυχὸν
1092 4213 1183 4268 τὸν
1242 4211 1471 4289 ἄγγελον
1522 4212 1794 4290 λέγεσθαι,
1842 4216 1905 4269 τὸ

233 4301 448 4372 θνητὸν
498 4300 801 4378 ἐπεισήχθη
851 4306 931 4374 τῷ
982 4301 1096 4376 ὅρῳ
1146 4299 1235 4356 διὰ
1264 4305 1553 4380 σαφήνειαν
1598 4299 1808 4374 ἔξωθεν·
1843 4303 1906 4358 οὐ

236 4392 363 4467 μὴν
425 4390 533 4445 ἀπὸ
586 4394 687 4459 τῆς
727 4391 865 4446 κατά
915 4391 1014 4460 τὴν
1075 4389 1254 4446 οὐσίαν
1302 4399 1484 4465 τομῆς
1531 4392 1621 4446 καὶ
1667 4390 1906 4447 ὑποδιαι-

232 4480 469 4557 ρέσεως.
499 4477 636 4534 Οὐδὲ
684 4480 789 4555 γάρ
841 4477 981 4535 ἐστιν
1030 4478 1160 4534 αὐτὸ
1205 4480 1268 4535 τὸ
1301 4484 1464 4549 ζῶον,
1506 4483 1776 4551 τουτέστι,
1805 4482 1903 4551 τὴν

232 4566 435 4624 οὐσίαν
478 4569 580 4638 τὴν
636 4567 911 4644 ἔμψυχον,
961 4569 1061 4637 τήν
1111 4568 1432 4639 αἰσθητικὴν
1480 4569 1570 4624 καὶ
1624 4565 1908 4643 μεταϐατι-

229 4659 376 4728 ιὴν,
437 4656 513 4718 εἰς
561 4654 784 4734 λογικὸν
841 4657 930 4711 καὶ
990 4655 1188 4735 ἄλογον
1240 4655 1638 4735 διαιρήσαντας,
1697 4657 1909 4716 ὁποδιε-

2018 3414 2341 3470 nitionibus
2372 3432 2499 3485 quae
2531 3420 2669 3471 sunt
2698 3415 2939 3471 concisse
2961 3416 3253 3472 orationes
3275 3416 3462 3473 multa
3489 3419 3665 3475 verba

1992 3508 2280 3573 -0porteat
2329 3504 2534 3569 facere,
2568 3520 2701 3559 cum
2733 3522 2850 3559 una
2878 3503 3128 3561 dictione
3169 3505 3665 3577 comprehendere

2017 3590 2187 3647 liceat
2216 3609 2395 3664 quam
2445 3592 2718 3664 plurima,
2751 3598 2807 3648 et
2838 3592 3082 3649 dicendo
3112 3594 3331 3650 animal
3368 3595 3666 3654 declarare

2016 3686 2074 3736 et
2104 3682 2498 3737 substantiam
2530 3688 2587 3736 et
2615 3681 2939 3737 animatum
2961 3688 3018 3738 et
3039 3684 3295 3740 sentiens
3320 3689 3377 3739 et
3405 3701 3670 3758 progres-

2016 3770 2207 3825 sivum
2232 3770 2282 3842 ?)
2313 3775 2623 3842 eapropter
2669 3771 3117 3842 pronuntiantes
3160 3772 3457 3828 hominem
3510 3775 3662 3831 167

2016 3857 2231 3915 animal
2264 3858 2544 3915 rationale
2574 3859 2899 3916 deﬁnitioni
2928 3860 3102 3916 etiam
3132 3858 3196 3914 τὸ
3226 3860 3474 3918 mortale
3502 3862 3658 3935 adji-

2015 3946 2450 4004 cimus.Nomen
2483 3948 2638 4004 enim
2669 3948 2941 4004 animalis
2973 3948 3149 4005 etiam
3178 3949 3453 4023 angelum
3475 3951 3664 4009 decla-

2015 4042 2124 4101 rat,
2156 4040 2222 4091 ut
2272 4036 2371 4109 qui
2414 4041 2469 4092 et
2510 4037 2635 4109 ipse
2692 4038 2807 4093 vita
2853 4039 3266 4105 communicet,
3320 4056 3657 4114 quanquam

2013 4123 2334 4180 immortali
2383 4141 2741 4196 sensumque
2770 4130 3124 4197 superante,-
3154 4131 3220 4181 ut
3264 4128 3365 4199 qui
3398 4132 3457 4183 et
3485 4128 3667 4185 ratio-

2015 4213 2166 4269 nalis
2196 4213 2274 4268 sit
2324 4217 2382 4269 et
2411 4214 2581 4284 cujus
2613 4214 2701 4286 (ut
2750 4214 2832 4269 ita
2857 4214 3071 4283 dicam)
3118 4215 3482 4273 rationalitas
3526 4234 3663 4274 cum

2016 4301 2461 4358 irrationalitate
2510 4302 2670 4359 omni
2703 4302 3071 4375 impermista
3108 4305 3187 4360 sit
3214 4310 3271 4361 et
3314 4304 3460 4360 nihil
3488 4306 3661 4379 quid-

2017 4408 2193 4463 quam
2226 4391 2561 4448 commercii
2592 4391 2922 4466 habens.Ne
2952 4392 3086 4465 quis
3113 4409 3250 4466 ergo
3280 4394 3524 4450 audiens
3545 4395 3665 4451 ani-

2016 4455 2136 4534 mal
2167 4478 2451 4534 rationale
2501 4455 2796 4535 existimet
2825 4455 3072 4537 fortasse
3116 4455 3390 4554 angelum
3434 4482 3571 4551 dici,
3597 4482 3661 4537 τὸ

2020 4567 2264 4623 mortale
2310 4567 2633 4624 deﬁnitioni
2689 4567 2993 4641 (hominis)
3040 4569 3526 4642 superinductum
3572 4576 3666 4628 est

2016 4657 2385 4712 extrinsecus
2420 4674 2432 4712 :
2466 4674 2580 4713 non
2625 4653 2858 4711 veroex
2911 4657 3253 4713 substantiae
3304 4658 3559 4715 sectione
3606 4664 3666 4717 et

230 4745 365 4803 λεῖν
425 4743 577 4808 αὖθις
630 4730 693 4801 τὸ
772 4738 997 4822 λογιὸιὸν
1060 4730 1136 4808 εἷς
1195 4730 1389 4817 θνητὸν
1446 4748 1537 4802 καὶ
1592 4747 1851 4812 ἀθάνατον
1888 4795 1901 4806 .

2016 4745 2433 4801 subdivisione.
2475 4746 2675 4817 Neque
2722 4745 2878 4800 enim
2924 4761 3059 4800 cum
3106 4745 3344 4811 animal,
3391 4746 3502 4802 hoc
3549 4752 3661 4818 est,

228 4833 403 4890 Οὕτω
450 4836 555 4911 γὰρ
602 4836 950 4905 ποιήσαντες,
1000 4835 1034 4903 ἢ
1080 4832 1171 4889 τὸν
1221 4833 1546 4905 Ἑλληνικὸν
1594 4836 1761 4901 ὕθΛον
1815 4859 1905 4891 συ-

232 4926 553 4998 στήσομεν,
596 4924 688 4979 καὶ
742 4925 811 4979 τὰ
867 4924 1091 4999 οὐράνια
1146 4924 1371 4998 σώματα
1431 4929 1542 4994 ζῶα
1598 4926 1907 4999 τερατευσά-

236 5014 389 5088 μεθα
421 5057 436 5083 ,
484 5012 575 5068 καὶ
632 5012 786 5068 αὐτοὶ
847 5012 937 5068 καὶ
1014 5009 1211 5088 λογικὰ
1264 5013 1353 5068 καὶ
1412 5012 1642 5068 ἀθάνατα
1697 5015 1733 5083 ἢ
1781 5014 1908 5076 τοὺς

235 5100 520 5179 ἆγγὲλοσς
579 5106 690 5171 ζῶα
747 5100 985 5163 εἰπόντες
1041 5100 1306 5173 ἀθάνατα,
1367 5098 1657 5175 δοξάσομεν
1715 5102 1909 5165 αὐτοὺς

235 5190 543 5267 ἐμψύχους
592 5211 652 5246 τε
697 5191 788 5246 καὶ
838 5189 1203 5260 αἷσθητικούς·
1251 5188 1297 5244 εἰ
1343 5195 1505 5246 τοῦτο
1536 5188 1709 5246 δὲκαὶ
1741 5212 1907 5246 σεσω-

240 5280 615 5355 ματωμένους
668 5279 759 5335 καὶ
818 5279 961 5334 οὕτω
1019 5278 1308 5341 ἀθανάτους
1367 5278 1766 5355 ὁμολογοῦντες
1810 5280 1907 5336 αὐ-

230 5369 405 5437 τοὺς,
461 5369 774 5425 τούναντίον
839 5364 1051 5442 μᾶλλον
1113 5366 1343 5438 θνητοὺς
1402 5367 1534 5422 εἶναι
1588 5367 1909 5424 κατασκευά-

238 5479 420 5533 σομεν
453 5457 506 5530 ἐξ
538 5460 611 5513 ὧν
661 5457 918 5533 λὲγομεν.
961 5455 1133 5511 Πάλιν
1183 5453 1332 5533 εἴπερ
1362 5457 1422 5511 ἐκ
1452 5461 1549 5512 τοῦ
1581 5453 1783 5527 θνητοῦ
1813 5459 1904 5513 τὸν

239 5547 540 5625 ἄνθρωπον
600 5543 900 5620 διέλοιμεν,
957 5546 1049 5601 καὶ
1103 5545 1194 5599 τὸν
1250 5546 1402 5621 βοῦν,
1452 5546 1541 5601 καὶ
1570 5546 1662 5601 τὸν
1715 5544 1905 5619 ἵππον,

239 5637 342 5692 καὶ
378 5636 446 5692 τὰ
476 5634 649 5691 λοιπὰ
696 5639 825 5705 ζῶα·
877 5640 982 5690 πᾶν
1030 5633 1093 5689 τὸ
1122 5635 1317 5708 θνητὸν
1366 5630 1510 5690 ἔσται
1560 5635 1650 5690 καὶ
1684 5633 1905 5710 λογικόν

242 5726 346 5801 (τὰ
399 5725 501 5803 γὰρ
561 5724 743 5780 ἐπάνω
796 5729 903 5779 τῶν
964 5722 1217 5779 ὑποκάτω
1263 5728 1735 5800 κατηγοροῦνταιγ
1787 5724 1909 5779 κάν-

246 5816 434 5870 τιῦθεν
496 5812 726 5892 ἁρμόσει
774 5811 864 5869 καί
919 5818 1037 5876 τοῖς
1092 5812 1313 5891 ἀλόγοις
1358 5813 1422 5868 τὸ
1478 5812 1722 5891 λογικόν·
1776 5812 1907 5891 ὅπερ

2019 4835 2411 4890 substantiam
2435 4833 2754 4890 animatam
2779 4834 3125 4889 sentientem
3148 4838 3204 4889 et
3232 4835 3661 4908 progressivam

2017 4923 2075 4978 in
2110 4922 2391 4978 rationale
2421 4930 2479 4977 et
2508 4921 2843 4977 irrationale
2868 4921 3259 4988 diviserimus,
3293 4921 3429 4979 licet
3443 4923 3660 4982 iterum

2016 5013 2303 5069 rationale
2331 5012 2391 5067 in
2423 5012 2667 5067 mortale
2698 5016 2755 5066 et
2783 5009 3113 5065 immortale
3151 5010 3539 5070 subdividere.
3568 5014 3665 5071 Sic

2018 5101 2173 5156 enim
2206 5101 2257 5158 si
2287 5099 2616 5168 fecerimus,
2633 5104 2733 5155 aut
2760 5098 3119 5155 Graecanicas
3146 5115 3336 5173 nugas
3364 5117 3664 5160 commen-

2018 5190 2291 5245 dabimus
2321 5193 2380 5245 et
2427 5204 2670 5260 corpora
2697 5185 2954 5242 scelestis
2982 5186 3314 5261 prodigiose
3341 5189 3662 5247 afﬁrmabi-

2017 5295 2152 5335 mus
2182 5279 2293 5350 ipsi
2318 5293 2550 5350 quoque
2575 5274 2854 5332 animalia
2874 5275 3182 5333 rationalia
3199 5282 3257 5335 et
3286 5278 3664 5349 immortalia,

2017 5372 2119 5425 aut
2144 5368 2192 5423 si
2216 5366 2454 5438 angelos
2482 5364 2802 5420 dixerimus
2823 5363 3100 5422 animalia
3120 5365 3664 5441 immortalia,ipsos

2018 5473 2148 5511 cum
2182 5456 2470 5511 animatos
2500 5461 2624 5510 tum
2661 5453 2978 5511 sentientes
3016 5455 3393 5526 opinabimur
3427 5473 3440 5512 :
3474 5456 3524 5512 si
3557 5457 3665 5515 hoc

2018 5550 2075 5600 et
2104 5549 2438 5615 corporatos
2472 5560 2485 5598 :
2518 5549 2575 5600 et
2605 5544 2689 5598 sic
2718 5545 2857 5599 dum
2891 5558 2990 5600 eos
3035 5544 3398 5602 immortales
3428 5546 3664 5617 proﬁte-

2019 5651 2173 5697 mur.
2204 5650 2235 5689 e
2264 5638 2467 5689 contra
2518 5634 2712 5704 potius
2744 5632 3018 5689 mortales
3065 5650 3194 5689 esse
3224 5635 3444 5691 nostris
3491 5634 3665 5692 dictis

2017 5722 2519 5778 conﬁrmabimus.
2555 5723 2781 5778 Rursus
2809 5722 2859 5776 si
2890 5738 2959 5777 ex
2987 5722 3219 5778 mortali
3250 5723 3550 5780 hominem
3580 5723 3665 5780 di-

2017 5812 2329 5883 viserimus
2360 5813 2513 5870 I68
2545 5817 2603 5869 et
2630 5812 2837 5869 bovem
2870 5814 2928 5866 et
2955 5826 3173 5883 equum
3204 5816 3261 5868 et
3290 5815 3495 5870 cetera
3532 5812 3660 5870 ani-
