4096 6428
376 445 495 504 819
1633 434 2056 497 NICEPHORI
2107 433 2546 496 BLEMMlDzE
3674 433 3802 508 820

384 577 597 644 malia;
631 591 802 630 omne
852 573 1096 629 mortale
1141 573 1250 628 erit
1279 573 1454 627 etiam
1503 569 1786 626 rationale
1839 569 2074 640 (supe-,

2191 565 2288 618 ττὶν
2323 565 2689 623 ἀτοπώτατον.
2737 567 3081 640 Τμηθήσεται
3129 569 3258 641 γοῦν
3301 563 3366 619 τὸ
3404 561 3624 641 λογικὸν
3661 567 3798 633 ζῶον

389 669 543 722 riora
576 665 728 719 enim
763 665 833 717 de
883 663 1261 717 inferioribus
1292 661 1787 734 praedicabuntur)
1823 676 1836 713 :
1871 662 2043 726 atque

2191 652 2336 724 ὐθὺς,
2389 654 2561 710 εἶτουν
2613 658 2641 711 6
2699 658 3007 730 ἄνθρωπος,
3066 655 3143 716 εἰς
3198 655 3266 709 τά
3322 651 3498 727 ἄτομα
3554 646 3805 730 Πέτρον,

391 756 528 811 hinc
550 755 725 810 etiam
755 751 1253 807 irrationabilibus
1272 745 2040 817 rationaleconveniet,quod

2191 741 2369 798 ίαῦλον
2400 746 2488 800 καὶ
2519 748 2613 807 τὰς
2646 744 2842 807 λοιπὰς
2876 745 3213 805 ὑποστάσεις.

396 861 536 899 sane
582 847 669 897 est
717 841 1233 897 absurdissimum.
1286 841 1588 896 Secabitur
1628 855 1766 912 ergo
1815 832 2098 891 rationale
2152 833 2368 890 animal
2418 836 2538 892 sive
2585 838 2762 893 homo
2815 841 2969 892 recta
2996 837 3118 907 (seu
3170 832 3527 907 immediate)
3558 833 3617 890 in
3650 833 3807 890 indi-

397 933 575 987 vidua
609 949 620 985 :
657 932 911 998 Petrum,
948 928 1192 984 Paulum
1225 934 1280 984 et
1310 929 1565 1000 reliquas
1597 928 1962 1000 hypostases.

469 1024 522 1076 6.
556 1024 710 1085 Quas
742 1019 932 1090 inquit
982 1018 1326 1074 Aristoteles
1357 1019 1471 1073 dici
1505 1017 1865 1074 substantias
1917 1031 2047 1085 pro-

400 1111 696 1185 priissime
744 1113 798 1164 et
850 1109 1037 1180 primo
1085 1113 1142 1162 et
1200 1108 1469 1162 maxime.
1523 1107 1823 1162 Individua
1891 1103 2049 1158 enim

402 1203 666 1268 respectu
701 1214 902 1252 eorum
936 1196 1036 1268 qui
1068 1196 1377 1251 sensibiles
1408 1201 1548 1251 sunt
1571 1194 1788 1266 (etiam)
1822 1192 2051 1264 proprie

405 1287 746 1344 substantiae
770 1303 898 1341 esse
914 1285 1185 1339 videntur
1198 1289 1501 1356 propterea
1523 1285 1675 1355 quod
1701 1282 2054 1337 sensibiliter

405 1377 712 1433 exsistant.
753 1376 821 1429 Et
852 1374 1040 1445 primo
1073 1374 1594 1446 apprehenduntur
1625 1391 1635 1426 :
1670 1371 1883 1427 etenim
1931 1371 2056 1424 dia—

407 1483 535 1521 nma
585 1467 787 1519 nostra
818 1480 918 1533 per
946 1462 1249 1518 sensibilia
1291 1462 1627 1533 provehitur
1656 1462 1727 1517 ad
1779 1459 2055 1531 intelligi—

408 1555 568 1610 bilia.
600 1555 671 1609 Et
719 1553 972 1607 maxime
1019 1551 1364 1607 substantiae
1413 1567 1542 1606 esse
1594 1553 1892 1622 apparent,
1926 1565 2057 1620 pro-

411 1649 609 1716 pterea
668 1643 822 1713 quod
888 1641 945 1695 in
1005 1641 1217 1712 seipsis
1278 1645 1408 1695 actu
1466 1641 1684 1695 habent
1738 1637 2062 1694 accidentia

413 1731 772 1788 exsistentia.
802 1734 995 1801 Atque
1036 1729 1214 1784 talem
1246 1729 1483 1800 quidem
1513 1727 1726 1800 vulgus
1754 1726 2061 1782 hominum

414 1822 485 1877 de
513 1820 631 1874 illis
663 1819 994 1890 opinionem
1021 1819 1216 1874 habet.

2229 1018 2290 1074 ς’.
2355 1015 2458 1074 "Ac
2532 1035 2693 1091 φησιν
2755 1014 2783 1067 6
2855 1011 3238 1085 Ἀριστοτέλης
3314 1010 3498 1073 οὐσίας
3555 1008 3811 1086 λέγεσθαι

2158 1101 2464 1177 κυριώτατά
2530 1123 2588 1157 τε
2639 1102 2728 1157 καὶ
2801 1101 3033 1177 πρώτως
3087 1100 3176 1155 καὶ
3238 1091 3520 1174 μάλιστα.
3577 1101 3655 1154 Τὰ
3710 1101 3812 1175 γὰρ

2161 1188 2338 1262 ἄτομα
2392 1192 2529 1268 πρὸς
2580 1191 2709 1254 τοὺς
2767 1189 3058 1261 αἰσθητοὺς
3117 1190 3249 1264 (καὶ)
3307 1180 3512 1266 κυρίως
3561 1185 3814 1244 δοκοῦσιν

2163 1279 2337 1333 οὐσίαι
2397 1278 2667 1354 λέγεσθαι,
2731 1277 2820 1334 διὰ
2889 1280 2951 1334 τὸ
3020 1279 3292 1349 αἰσθητῶς
3351 1277 3615 1353 ὑπάρχειν
3652 1323 3667 1349 ,
3725 1279 3818 1333 καὶ

2163 1369 2397 1444 πρώτως
2426 1364 2952 1442 καταλαμϐάνονται.
3006 1370 3104 1424 Διά
3148 1371 3254 1422 τῶν
3304 1367 3574 1437 αἰσθητῶν
3630 1368 3734 1442 γὰρ
3781 1370 3817 1436 ἢ

2168 1456 2379 1513 διάνοια
2405 1461 2565 1531 ἡμῶν
2620 1459 2872 1533 ἀνάγεται
2920 1457 3058 1534 πρὸς
3107 1455 3174 1512 τὰ
3213 1455 3402 1527 νοητά.
3447 1455 3548 1511 Καὶ
3581 1453 3823 1529 μάλιστα

2169 1547 2440 1624 φαίνονται
2527 1547 2702 1602 οὐσίαι
2781 1547 2910 1602 εἶναι
2961 1591 2975 1615 ,
3053 1544 3142 1600 διὰ
3207 1546 3272 1599 τὸ
3353 1544 3597 1622 ἐνεργείᾳ
3672 1540 3824 1619 ἔχειν

2170 1636 2221 1691 ἐν
2284 1638 2493 1698 ἑαυταῖς
2549 1637 2615 1690 τὰ
2671 1631 3055 1708 συμϐεϐηκότα
3124 1634 3441 1712 ὑπάρχοντα
3475 1678 3486 1694 ,
3546 1633 3645 1692 Καὶ
3721 1632 3813 1690 οὕ-

2169 1747 2248 1780 τω
2309 1725 2404 1798 μὶν
2465 1727 2492 1779 ὁ
2549 1725 2724 1787 πολύς
2783 1727 3066 1799 ἄνθρωπος
3123 1723 3238 1801 ἔχει
3294 1721 3455 1797 δόξης
3533 1723 3658 1798 περὶ
3730 1721 3823 1778 αὐ-

2170 1834 2278 1868 των
2289 1858 2303 1872 ο

515 1867 631 1874 -----
665 1867 994 1890 -r----__--_--
1023 1867 1216 1874 ---μη

485 1910 540 1964 7.
575 1908 680 1971 Qui
712 1925 845 1962 vero
877 1908 1208 1962 accuratius
1240 1911 1297 1962 et
1339 1907 1675 1978 diligentius
1707 1907 1778 1962 de
1809 1907 1899 1961 his
1927 1923 2064 1961 con-

2254 1905 2312 1972 ζ’.
2371 1904 2434 1956 Οἱ
2492 1901 2539 1957 δ’
2570 1902 3041 1980 ἐξεταστικώτερον
3100 1901 3223 1977 περὶ
3277 1900 3484 1958 τούτων
3537 1896 3827 1973 διασκεψά-

420 1999 756 2055 siderarunt
788 1996 1191 2068 propriissime
1221 1995 1755 2067 (principalissime)
1787 2001 1844 2051 et
1881 1995 2069 2067 primo

420 2092 477 2144 et
508 2086 758 2142 maxime
790 2084 1151 2140 substantias
1181 2101 1308 2155 quae
1334 2102 1529 2140 revera
1559 2085 1699 2140 sint.
1733 2103 1846 2140 non
1879 2086 2069 2140 dican-

420 2181 536 2246 tur,
594 2174 814 2245 species
865 2173 1320 2244 specialissimas
1370 2175 1824 2246 pronuntiarunt
1876 2192 1888 2229 :
1936 2191 2074 2246 pro-

423 2264 719 2337 priissime
752 2263 988 2334 quidem
1023 2264 1179 2334 quod
1234 2263 1680 2333 intelligibiliter
1709 2264 1993 2318 exsistant
2021 2267 2078 2317 et

425 2369 664 2409 sensum
695 2351 1123 2406 transcendant
1155 2351 1567 2422 (intelligibilia
1596 2353 1748 2407 169
1776 2352 1932 2407 enim
1961 2368 2076 2406 me-

423 2441 572 2496 liora
600 2445 658 2495 et
681 2440 869 2511 magis
901 2442 1138 2512 propria
1169 2440 1572 2510 sensibilibus)
1599 2459 1610 2508 ;
1636 2441 1824 2512 primo
1856 2445 2076 2502 autem.

430 2535 495 2586 ut
542 2546 669 2601 quae
723 2530 910 2600 primo
973 2546 1176 2584 omnes
1230 2529 1588 2584 differentias
1636 2529 1974 2584 essentiales
2026 2533 2082 2584 et

432 2619 668 2692 propria
733 2618 1033 2688 recipiant,
1095 2623 1151 2672 et
1206 2619 1326 2673 haec
1386 2619 1583 2674 omnia
1661 2622 2083 2690 consequenter

435 2707 753 2763 individuis
813 2724 845 2760 a
901 2723 962 2761 se
1021 2706 1359 2776 impertiant
1411 2712 1500 2776 (ex
1553 2706 1865 2762 universali
1925 2706 2080 2762 enim

436 2796 673 2851 homine
701 2801 758 2850 et
790 2800 992 2850 Petrus
1023 2795 1197 2850 homo
1227 2795 1523 2863 dicitur,et
1549 2794 1769 2850 animal
1803 2793 2085 2850 rationale

437 2885 683 2940 mortale
729 2884 1126 2956 intelligentiae
1157 2889 1212 2938 et
1251 2884 1502 2938 scientiae
1553 2885 1754 2954 capax)
1787 2901 1798 2939 :
1835 2885 2085 2939 maxime

435 2973 706 3044 denique,
732 2977 797 3027 ut
828 2989 953 3043 quis
987 2972 1348 3028 alterationis
1378 2977 1640 3044 expertes
1671 2978 1728 3026 et
1759 2972 2000 3028 stabiles
2029 2976 2085 3027 et

436 3078 669 3134 semper
699 3061 835 3127 sint,
871 3078 1004 3116 cum
1051 3061 1355 3116 individua
1385 3062 1709 3116 alterentur
1737 3067 1794 3116 et
1837 3061 2082 3116 instabi-

435 3152 514 3207 lia
545 3151 682 3218 sint,
718 3154 774 3205 et
804 3150 948 3205 alias
978 3149 1094 3206 alia
1122 3155 1476 3223 generentur
1504 3157 1562 3206 et
1608 3154 2079 3222 corrumpantur.

506 3240 732 3295 8.Unde
761 3240 934 3294 etiam
968 3239 1051 3293 illi
1083 3240 1183 3311 qui
1214 3256 1408 3295 veram
1441 3239 1872 3312 philosophiam
1893 3239 2078 3310 inqui~
2109 3230 2154 3299 C

440 3329 724 3397 siverunt,
754 3343 1234 3399 unamquamque
1265 3327 1590 3398 specierum
1634 3327 2090 3399 specialissima-

442 3434 572 3472 rum
633 3416 1025 3472 substantiam
1084 3421 1141 3471 et
1203 3422 1472 3472 naturam
1504 3415 1681 3472 simul
1731 3421 1786 3471 et
1840 3417 2087 3473 formam

442 3509 772 3572 vocarunt;
835 3505 1247 3572 substantiam,
1309 3509 1373 3560 ut
1429 3522 1560 3577 qua:
1615 3521 1846 3577 semper
1901 3506 1978 3560 sit
2035 3510 2092 3562 et

447 3611 749 3665 nunquam
783 3600 1225 3666 corrumpatur:
1251 3599 1615 3666 naturam,ut
1645 3611 1774 3666 quae
1801 3595 2090 3667 germinet

443 3687 568 3757 (seu
618 3685 918 3754 producat)
950 3684 1315 3756 hypostases,
1355 3690 1413 3740 et
1461 3684 1814 3756 principium
1845 3689 1902 3740 et
1947 3702 2088 3740 cau-

441 3791 538 3828 sas
585 3780 641 3827 et
682 3773 768 3828 vis
820 3773 1203 3828 immutabilis
1255 3775 1528 3828 omnibus
1579 3775 1688 3829 sub
1737 3791 1798 3829 se
1851 3779 2086 3830 conten-

440 3862 517 3918 tis
575 3862 996 3934 hypostasibus
1063 3863 1326 3925 exsistat,
1385 3867 1443 3918 et
1499 3863 1656 3917 hunc
1712 3863 1770 3916 in
1849 3864 2089 3918 modum

439 3952 657 4006 moveri
690 3951 872 4005 cuivis
923 3950 1155 4005 illarum
1193 3952 1447 4023 prebeat
1479 3969 1491 4005 ι
1525 3953 1772 4006 formam
1814 3952 2087 4023 denique,

439 4040 594 4111 quod
629 4039 962 4110 speciﬁcata
992 4041 1068 4094 sit
1096 4045 1154 4095 et
1203 4042 1451 4095 formata
1482 4041 1896 4096 essentialibus
1920 4042 2083 4097 ditl‘e-

437 4129 644 4184 rentiis
695 4132 751 4183 et
805 4129 1055 4199 propriis
1105 4145 1280 4200 quam
1349 4129 1790 4200 perfectissime,
1847 4133 1905 4184 et
1951 4131 2080 4186 uni-

433 4234 631 4273 versas
663 4217 1016 4272 formaturas
1053 4233 1152 4272 seu
1187 4218 1552 4274 characteres
1582 4235 1784 4274 eorum
1815 4235 1942 4290 quae
1974 4221 2082 4274 sub

431 4307 561 4379 ipsa
593 4311 751 4377 sunt,
787 4306 1262 4378 comprehendat.

500 4399 553 4452 9.
590 4396 896 4452 Individua
942 4399 1158 4467 autem,
1189 4399 1666 4475 I70'quatenus
1717 4404 1913 4470 partes
1946 4406 2084 4456 sunt

429 4485 919 4555 substantiarum,
977 4490 1218 4540 eatenus
1269 4486 1443 4541 etiam
1515 4488 1858 4542 substantiae
1914 4505 2081 4544 voca-

2183 2014 2333 2066 μενοι
2405 1994 2712 2067 κυριώτατα
2785 1993 2874 2047 καὶ
2949 1992 3182 2068 πρώτως
3259 1991 3350 2045 καὶ
3421 1989 3660 2063 μάλιστα
3715 1989 3834 2044 κατ’

2181 2081 2438 2152 ἀλήθειαν
2493 2081 2676 2143 οὐσίας
2735 2078 2895 2143 οὔσας
2955 2067 3015 2135 οὐ
3071 2078 3369 2158 λεγομένας
3413 2067 3481 2134 τά
3509 2076 3835 2134 εἰδικώτατα

2187 2169 2378 2248 ἔφασαν
2439 2168 2581 2240 εἶ’δη·
2635 2172 2943 2246 κυριώτατα
3004 2169 3121 2243 μὶν,
3183 2167 3274 2224 διὰ
3317 2169 3379 2224 τὸ
3417 2172 3631 2238 νοητῶς
3664 2168 3836 2240 ὑπάρ-

2187 2281 2305 2335 χειν
2360 2260 2450 2313 καὶ
2511 2255 2846 2336 ὑπερϐαίνειν
2921 2260 3019 2328 τήν
3080 2255 3324 2328 αἰσθησιν
3361 2301 3374 2314 .
3433 2256 3673 2333 Κρείττω
3734 2256 3837 2331 γὰρ

2186 2348 2274 2404 καί
2305 2350 2608 2425 κυριώτερα
2652 2354 2760 2404 τῶν
2811 2349 3080 2418 αἰσθητῶν
3124 2347 3192 2401 τὰ
3237 2347 3426 2417 νοητά.
3477 2346 3722 2422 Πρώτως
3762 2342 3838 2418 δὲ,

2189 2439 2264 2500 ὡς
2313 2439 2550 2514 πρώτως
2611 2436 2999 2513 ἐπιδεδεγμένα
3045 2436 3219 2498 πάσας
3266 2437 3362 2495 τὰς
3407 2432 3692 2496 οὐσιώδεις
3724 2431 3840 2490 δια-

2189 2527 2356 2606 φορὰς
2411 2529 2499 2582 καὶ
2549 2529 2615 2581 τὰ
2669 2525 2799 2596 ἴδια,
2832 2526 2922 2582 καὶ
2977 2525 3182 2581 τούτων
3219 2524 3433 2579 πάντων
3487 2520 3843 2597 μεταδιδόντα

2187 2622 2303 2678 τοῖς
2335 2612 2559 2689 ἀτόμοις
2613 2616 2845 2691 ὑστέρως
2893 2615 2982 2692 ἀφ’
3029 2616 3253 2669 ἑαυτῶν.
3305 2614 3398 2669 Ἐκ
3439 2612 3543 2688 γὰρ
3588 2615 3688 2667 τοῦ
3745 2631 3839 2665 κα-

2190 2705 2356 2762 θόλου
2414 2705 2697 2780 ἀνθρώπου
2754 2705 2843 2760 καὶ
2898 2706 2925 2759 ὁ
2984 2704 3184 2779 Πὲτρος
3243 2701 3524 2776 ἄνθρωπος
3583 2700 3841 2776 λέγεται,

2190 2795 2280 2850 καὶ
2315 2799 2449 2864 ζῶον
2501 2792 2723 2869 λογικὸν
2773 2794 2987 2864 Θνητὸν,
3037 2797 3132 2847 νοῦ
3179 2793 3268 2846 καὶ
3318 2791 3628 2862 ἐπιστήμης
3673 2787 3844 2844 δεκτι-

2191 2884 2306 2939 κόν·
2365 2882 2601 2956 μάλιστα
2659 2881 2716 2938 δὲ
2774 2883 2848 2944 ὡς
2915 2881 3254 2937 ἐναλλοίωτα
3305 2880 3395 2934 καὶ
3458 2879 3690 2950 στάσιμα
3757 2877 3844 2933 καὶ

2195 2973 2276 3028 ἀεὶ
2334 2972 2462 3027 ὅντα
2519 2977 2624 3028 τῶν
2681 2971 2901 3045 ἀτόμων
2960 2969 3232 3031 παντοίως
3288 2966 3705 3040 ἀλλοιουμὲνων
3760 2968 3845 3022 καὶ

2193 3061 2568 3118 ἀπατούντων
2604 3108 2620 3133 ,
2675 3060 2766 3114 καὶ
2843 3058 3046 3116 ἄλλοτε
3101 3057 3287 3114 ἄλλων
3362 3057 3696 3134 γιγνομὲνων
3761 3056 3847 3112 καὶ

2604 3108 2620 3133 9

2195 3149 2584 3226 φθειρομένων.

2262 3241 2333 3309 η’.
2367 3241 2521 3303 Ὅθεν
2571 3239 2660 3292 καὶ
2711 3239 2763 3292 οἰ
2811 3239 2912 3307 τήν
2964 3235 3144 3308 ἀληθῆ
3197 3233 3523 3314 φιλοσοφίαν
3585 3237 3850 3306 ζητήσαν-

2198 3348 2285 3389 τες
2340 3326 2394 3382 ’ἐν
2455 3323 2678 3381 ἕκαστον
2725 3331 2832 3380 τῶν
2893 3323 3254 3380 εἷδικωτάτων
3309 3321 3467 3378 εἰδῶν
3527 3322 3711 3378 οὐσίαν
3759 3321 3848 3378 καὶ

2200 3417 2354 3494 φύσιν
2417 3413 2670 3470 ἐκάλεσαν
2727 3416 2868 3487 ὁμοῦ
2914 3405 3014 3468 ’καὶ
3075 3415 3308 3490 μορφήν·
3367 3409 3573 3482 οὐσίαν,
3633 3411 3709 3473 ὡς
3762 3409 3851 3466 οὗ-

2199 3527 2291 3560 σαν
2326 3506 2429 3577 ἀεὶ,
2459 3504 2548 3560 καὶ
2597 3501 2872 3577 μηδέποτε
2923 3501 3303 3581 ιρθειρομιξνην⁸
3356 3499 3534 3579 φύσιν,
3576 3501 3652 3562 ὡς
3681 3498 3850 3578 φύου-

2200 3616 2292 3650 σαν
2339 3596 2434 3656 τᾶς
2485 3594 2823 3665 ὑποστάσεις,
2875 3593 2964 3647 καὶ
3013 3592 3192 3668 ἀρχὴν
3241 3590 3329 3646 καὶ
3377 3590 3550 3646 αἰτίαν
3608 3590 3698 3644 καὶ
3761 3587 3851 3644 δύ-

2196 3706 2354 3757 ναμιν
2415 3678 2798 3757 ἀμετάϐλητον
2855 3683 3052 3743 πάσαις
3106 3685 3226 3742 ταῖς
3274 3679 3364 3734 ὐπ’
3413 3678 3578 3748 αὐτὴν
3612 3677 3849 3733 ὑποστά-

2199 3794 2338 3830 σεσιν
2389 3771 2758 3848 ὑπάρχουσαν,
2814 3771 2903 3826 καὶ
2952 3771 3014 3824 τὸ
3060 3770 3318 3824 κινεῖσθαι
3364 3765 3592 3823 τοιῶσδε
3638 3767 3852 3823 τούτων

2197 3864 2391 3936 ἑκάστῃ
2449 3862 2812 3938 παρέχουσαν·
2873 3860 3086 3936 μορφὴν
3121 3856 3197 3930 δὲ,
3257 3855 3345 3912 διὰ
3387 3859 3450 3912 τὸ
3499 3854 3852 3932 εἷ’δοποιηθῆ-

2195 3973 2280 4006 ναι
2341 3951 2431 4006 καὶ
2479 3953 2832 4028 μορφωθῆναι
2889 3954 3007 4010 ταῖς
3067 3945 3352 4002 οὐσιώδεσι
3401 3944 3706 4024 διαφοραῖς,
3759 3946 3851 4001 καὶ

2195 4047 2311 4101 τοῖς
2345 4037 2505 4102 ἰδίοις
2554 4040 2629 4101 ὡς
2685 4037 3052 4110 ἐντελὲστατα,
3083 4037 3172 4091 καὶ
3216 4042 3322 4091 τῶν
3355 4034 3499 4090 ὅλων
3537 4034 3848 4113 μορφωμά-

2194 4152 2303 4184 των
2335 4132 2440 4184 τῶν
2477 4129 2563 4184 ὑπ’
2610 4127 2801 4200 αὐτὴν,
2843 4124 2969 4195 ἤτοι
2998 4130 3105 4180 τῶν
3152 4126 3513 4201 χαρακτήρων
3548 4124 3683 4179 εἶναι
3713 4121 3850 4178 συλ-

2195 4219 2486 4290 ληπτικήν.

2267 4400 2332 4455 θ’.
2363 4399 2440 4452 Τὰ
2470 4394 2514 4450 δ’
2545 4393 2723 4466 ἄτομα
2765 4394 2898 4457 καθὸ
2944 4393 3082 4469 μέρη
3134 4392 3352 4463 οὐσιῶν,
3385 4391 3522 4446 κατά
3565 4394 3728 4446 τοῦτο
3761 4391 3852 4447 καὶ

2195 4485 2371 4540 οὐσίαι
2409 4485 2801 4553 κληθήσονται.
2835 4482 2932 4536 Καὶ
2971 4481 3200 4537 Πλάτων
3232 4483 3336 4557 γὰρ
3365 4480 3491 4542 τοὺς
3519 4481 3656 4535 κατά
3687 4480 3852 4557 μέρος

430 4577 671 4630 buntur.
702 4575 846 4630 Nam
878 4580 935 4630 et
967 4575 1127 4630 Plato
1172 4575 1441 4631 homines
1473 4577 1853 4648 particulares
1885 4578 2074 4632 homi-

2195 4575 2517 4651 ἀνθρώπους
2549 4574 2836 4649 ἀνθρώπου
2887 4570 3127 4646 κέρματά
3157 4589 3340 4649 φησιν·
3376 4569 3492 4625 ὅθεν
3524 4569 3616 4624 καὶ
3644 4569 3854 4642 Πέτρος

431 4666 523 4720 nis
572 4665 758 4719 frusta
808 4665 933 4736 (seu
984 4663 1322 4736 particulas)
1372 4682 1499 4720 esse
1551 4665 1768 4738 inquit.
1823 4666 1980 4722 Unde
2025 4673 2082 4722 et

427 4755 632 4810 Petrus
673 4754 908 4826 quidem
959 4758 1049 4809 est
1082 4754 1432 4821 substantia,
1465 4759 1521 4809 et
1557 4755 1775 4810 Paulus
1823 4761 1912 4811 est
1943 4757 2080 4812 sub-

429 4844 781 4900 stantia.Sed
809 4843 1042 4915 utrique
1069 4843 1242 4899 etiam
1267 4844 1530 4914 ejusdem
1555 4849 1692 4900 sunt
1715 4845 2079 4904 substantiae.

2201 4665 2295 4737 μὲν
2325 4663 2480 4717 οὐσία
2509 4661 2641 4733 ἐστὶ,
2689 4661 2778 4716 καὶ
2828 4659 3044 4722 Παῦλος
3091 4659 3247 4714 οὐσία
3292 4657 3457 4728 ἐστὶν,
3507 4657 3632 4714 ἀλλ’
3664 4657 3853 4720 οὐσίας

2197 4759 2321 4826 μιᾶς
2350 4751 2439 4807 καὶ
2465 4750 2786 4830 ἀμφότεροι.

1652 5065 1859 5134 Σχῆμα
1893 5060 2086 5138 κεφαλ.
2127 5062 2208 5129 ιϐ’,
2239 5060 2361 5136 περὶ
2395 5057 2598 5118 οὐσίας.

700 5239 744 5287 Η
777 5233 931 5288 οὐσία
1198 5205 1216 5345 ἓ
1276 5203 1310 5271 ἡ
1345 5198 1533 5264 ἅπλῶς
1566 5201 1810 5295 ὕπαρξις·

1276 5274 1476 5345 κυρίως
1510 5273 1567 5329 δὲ
1597 5278 1631 5345 ἡ
1663 5273 1810 5330 αντιδ

1276 5267 1476 5348 κυρίως
1510 5273 1567 5329 δὲ
1597 5278 1631 5345 ἡ
1663 5267 2142 5352 ἀν’τιδιαιρουμένη
2175 5280 2292 5337 τοῖς
2321 5267 2714 5346 συμϐεϐηκόσι.
