4108 6430
333 416 452 480 823

335 638 394 692 in
430 638 628 710 aliquo
661 639 738 692 sit
767 655 882 691 non
906 642 970 691 ut
992 655 1148 709 pars,
1172 637 1536 709 impossibile
1557 644 1645 693 est
1675 654 1804 693 esse
1833 653 1982 692 seor-

338 727 451 782 sim
487 727 559 781 ab
590 744 656 782 eo
687 728 746 781 in
779 744 891 798 quo
923 731 1030 796 est,
1065 729 1417 798 quandoque
1448 728 1519 782 ab
1550 745 1615 782 eo
1659 727 1717 780 in
1750 743 1864 797 quo
1894 730 1984 781 est

338 816 687 888 cogitatione
717 833 817 870 seu
855 816 1085 871 notione
1113 817 1325 871 mentis
1352 822 1685 888 separatum
1717 833 1831 870 non
1864 831 1984 870 cor-

339 904 562 975 rumpit
589 905 806 976 ipsum.
841 905 958 960 Hoc
990 910 1186 960 autem
1219 911 1308 960 est
1350 905 1642 961 accidens.
1673 904 1845 960 Omni
1877 905 1984 976 igi-

335 997 432 1049 tur
462 993 693 1065 proprie
723 993 961 1064 quidem
995 994 1161 1048 dictze
1195 994 1534 1050 substantia:
1565 994 1841 1066 competit
1868 1009 1984 1048 non

335 1099 464 1139 esse
495 1083 555 1137 in
585 1083 870 1154 subjecto.

408 1173 460 1226 4.
493 1177 618 1227 Non
651 1172 760 1227 soli
789 1177 986 1227 tamen
1018 1173 1493 1240 substantiae,sed
1519 1173 1692 1228 etiam
1716 1173 1987 1235 substan-

336 1260 462 1316 tiali
493 1261 852 1316 differentiae.
876 1263 1102 1316 Etenim
1130 1267 1185 1316 et
1215 1262 1336 1316 haec
1357 1279 1471 1316 non
1493 1266 1581 1317 est
1611 1263 1668 1317 in
1700 1263 1982 1331 subjecto.

338 1351 532 1422 Neque
581 1349 738 1404 enim
784 1350 843 1404 in
897 1350 1133 1404 homine
1181 1350 1486 1417 rationale,
1523 1355 1585 1406 ut
1631 1351 1688 1405 in
1724 1351 1988 1420 subjecto

338 1439 582 1508 exsistit,
613 1440 712 1494 sed
746 1443 810 1492 ut
840 1455 994 1510 pars.
1028 1440 1082 1492 Si
1118 1441 1274 1494 enim
1326 1445 1391 1494 ut
1440 1440 1498 1493 in
1547 1440 1807 1510 subjecto
1837 1439 1984 1494 exsi-

342 1533 540 1596 steret,
574 1528 697 1582 ﬁeri
730 1530 927 1598 posset
963 1533 1026 1581 ut
1055 1528 1126 1581 ah
1160 1528 1397 1583 homine
1427 1530 1990 1600 separaretur,l14

340 1621 399 1674 et
425 1617 598 1672 homo
629 1615 1015 1671 nihilominus
1063 1617 1236 1671 homo
1269 1623 1548 1673 maneret.
1582 1617 1747 1672 Nunc
1781 1610 1989 1672 autem

339 1705 450 1761 hoc
481 1723 593 1760 non
621 1709 731 1760 est.
767 1706 827 1760 Si
859 1707 1016 1760 enim
1045 1705 1326 1761 rationale
1368 1708 1439 1761 ab
1467 1706 1702 1762 homine
1729 1708 1988 1762 ablatum

342 1795 535 1862 fuerit,
569 1794 965 1865 corrumpitur
994 1795 1192 1850 homo.

1585 412 2006 476 NlCEPHOBl
2052 410 2490 472 BLEMMIDJE

403 550 458 604 3.
494 551 555 604 In
590 548 851 618 subjecto
899 552 1092 603 autem
1142 548 1309 620 (esse)
1361 548 1594 611 dicitur,
1647 549 1801 620 quod
1843 563 1974 601 cum
2007 549 2061 611 Α

3616 407 3740 470 824

2162 545 2228 618 γ’.
2289 544 2374 598 Ἐν
2428 543 2766 616 ὑποκειμένῳ
2819 540 2876 597 δὶ
2933 541 3170 618 λέγεται,
3228 542 3258 596 ’ὁ
3289 538 3340 596 ἔν
3388 562 3495 596 τινι
3541 541 3616 612 μὴ
3663 541 3743 602 ὡς

2095 635 2261 704 μέρος
2341 632 2584 707 ὑπάρχον
2618 679 2633 704 ,
2692 630 2948 686 ἀδύνατον
3007 631 3182 707 χωρὶς
3241 631 3375 686 εἶναι
3432 635 3529 685 τοῦ
3589 630 3639 684 έν
3694 630 3744 701 ᾧ

2091 721 2220 776 ἐστι’
2267 721 2356 776 καὶ
2405 723 2433 776 ὃ
2478 726 2574 776 τοῦ
2628 721 2678 776 ἐν
2714 723 2759 792 ᾧ
2793 720 2932 776 ἐστιν
2982 720 3193 791 ἐπινοίᾳ
3239 719 3636 796 χωριζόμενον,
3678 718 3742 774 οὗ

2093 811 2297 888 φθείρει
2331 807 2480 866 αὐτό.
2511 815 2679 865 Τοῦτο
2711 808 2767 865 δέ
2817 809 2926 864 ἐστι
2955 811 3016 865 τὸ
3058 806 3428 883 συμϐεϐηκός.
3462 810 3612 882 Πάοῃ
3646 809 3744 881 μὲν

2094 901 2184 954 οὗν
2215 905 2284 974 τῇ
2315 901 2519 976 κυρίως
2566 899 2721 971 οὐσίᾳ
2767 899 3021 974 πρόσεστι
3067 901 3128 954 τὸ
3162 899 3256 971 μὲν
3304 897 3354 953 έν
3400 897 3742 970 ὑποκείμένῳ

2095 990 2250 1047 εἶναι.

2168 1168 2228 1226 δ’.
2265 1169 2337 1224 Οὐ
2372 1169 2506 1242 μόνῃ
2537 1166 2596 1223 δὲ
2623 1172 2691 1242 τῇ
2723 1167 2894 1239 οὐσίᾳ,
2931 1167 3076 1224 ἀλλὰ
3115 1167 3204 1221 καὶ
3232 1171 3300 1241 τῇ
3343 1165 3593 1222 οὑσιώδει
3626 1165 3744 1222 δια-

2097 1265 2255 1338 φορᾷ·
2305 1258 2395 1313 καὶ
2448 1258 2581 1326 αὕτη
2633 1257 2735 1333 γὰρ
2777 1257 2875 1311 οὑκ
2917 1257 2968 1312 ἐν
3022 1257 3359 1329 ὑποκειμένῳ
3402 1257 3561 1312 ἐστίν.
3606 1255 3745 1311 Οὑδὶ

2097 1351 2200 1424 γὰρ
2259 1349 2332 1409 ὡς
2393 1347 2443 1402 ἐν
2521 1347 2862 1420 ὑποκειμένῳ
2919 1347 3151 1422 ὑπάρχει
3215 1351 3295 1418 τῷ
3355 1347 3624 1422 ἀνθρώπῳ
3680 1349 3744 1402 τὸ

2099 1437 2348 1512 λογικὸν,
2399 1434 2525 1492 ἀλλ’
2575 1436 2650 1498 ὡς
2703 1435 2886 1511 μέρος.
2937 1435 3002 1490 Εἴ
3045 1436 3146 1512 γὰρ
3201 1436 3276 1497 ὡς
3327 1435 3379 1490 ἐν
3405 1435 3746 1509 ὑποκειμένῳ

2101 1528 2337 1602 ὑπῆρχε,
2397 1524 2615 1580 δυνατὸν
2680 1528 2744 1592 ἦν
2803 1525 2861 1579 ἂν
2922 1525 3246 1600 χωρίζεσθαι
3303 1529 3400 1579 τοῦ
3459 1525 3746 1600 ἀνθρώπου

2099 1617 2186 1670 καὶ
2271 1613 2437 1688 μηδὲν
2516 1617 2677 1682 ἦττον
2760 1612 3043 1688 ἄνθρωπον
3125 1614 3298 1685 μένειν
3372 1611 3463 1668 τόν
3543 1611 3748 1689 ἅνθρω-

2100 1727 2226 1761 πον.
2258 1709 2364 1758 Νῦν
2413 1702 2470 1758 δὲ
2515 1708 2675 1758 τοῦτο
2721 1703 2819 1757 οὐκ
2848 1700 3011 1758 ἔστιν.
3045 1703 3106 1758 Εἰ
3156 1702 3259 1778 γὰρ
3309 1702 3618 1780 ἀφαιρεθείη
3648 1708 3747 1758 τοῦ

2103 1796 2389 1870 ἀνθρώπου
2415 1795 2477 1848 τὸ
2508 1791 2747 1868 λογικὸν,
2782 1793 2809 1846 6
2836 1789 3118 1867 ἄνθρωπος
3144 1791 3436 1870 φθείρεται.

414 1902 468 1956 5.
500 1902 820 1956 Commune
849 1905 938 1957 est
968 1901 1311 1958 substantias
1344 1907 1402 1958 et
1431 1902 1770 1958 differentiae
1816 1902 1990 1958 etiam

2174 1903 2230 1956 ε’.
2263 1902 2450 1955 Κοινὸν
2498 1899 2676 1960 οὐσίας
2719 1898 2809 1952 καὶ
2859 1896 3117 1976 διαφορᾶς
3172 1898 3261 1952 καὶ
3308 1899 3372 1953 τὸ
3414 1898 3744 1972 συνωνύμως

345 1990 457 2046 hoc
493 2008 505 2046 :
550 1990 792 2045 univoce
822 1990 937 2045 dici
966 2007 1328 2063 quaecunque
1357 1996 1497 2047 sunt
1543 1993 1652 2048 sub
1688 1992 1853 2064 ipsis.
1891 1993 1991 2047 Pe-

348 2083 476 2136 trus
507 2079 663 2134 enim
703 2079 876 2134 etiam
928 2096 1138 2136 nomen
1186 2085 1243 2136 et
1292 2081 1690 2136 definitionem
1738 2081 1994 2137 nominis

352 2169 578 2241 recipit.

419 2258 474 2312 6.
518 2258 587 2312 Et
640 2274 775 2312 vero
833 2258 1115 2314 rationale
1165 2263 1404 2314 vocatur
1460 2259 1591 2331 ipsa
1646 2260 1990 2328 differentia,

352 2347 464 2402 hoc
518 2350 625 2412 est,
678 2347 801 2402 haec
864 2347 1248 2403 rationalitas.
1310 2350 1421 2404 Sed
1494 2354 1550 2404 et
1625 2349 1827 2406 Petrus
1896 2367 1992 2406 vo-

350 2441 515 2491 catur
538 2435 820 2491 rationale
851 2442 1141 2507 quatenus
1171 2444 1260 2492 est
1291 2437 1506 2492 animal
1539 2437 1992 2494 rationalitatem

351 2524 729 2596 participans.
760 2525 882 2579 Etsi
914 2531 1110 2580 autem
1142 2527 1318 2581 etiam
1370 2527 1768 2582 definitionem
1819 2528 1991 2584 ratio-

349 2611 610 2668 nalitatis
643 2613 850 2667 Petrus
881 2613 1162 2669 invariate
1211 2633 1325 2669 non
1376 2615 1579 2686 recipit
1609 2616 1994 2688 (rationalitas

349 2701 504 2756 enim
537 2701 774 2772 quidem
807 2707 896 2757 est
925 2702 1172 2758 facultas
1206 2705 1407 2758 utendi
1461 2704 1682 2759 ratione
1716 2723 1727 2760 :
1792 2705 1994 2762 Petrus

349 2794 546 2846 autem
576 2797 665 2845 est
695 2791 911 2845 animal
946 2793 1096 2863 quod
1134 2793 1319 2847 utitur
1350 2793 1616 2865 ratione),
1651 2812 1766 2850 non
1795 2798 1991 2851 tamen

349 2884 439 2934 est
497 2878 852 2935 mirandum.
899 2881 1123 2935 Dicitur
1170 2881 1328 2936 enim
1379 2883 1689 2938 univocum
1735 2887 1792 2939 et
1837 2885 1992 2956 quod

352 2985 564 3024 nomen
623 2986 690 3024 ac
747 2970 1148 3025 definitionem
1209 2971 1488 3043 impertit.
1546 2972 1768 3026 Dicitur
1823 2989 1993 3044 porro

351 3057 528 3113 etiam
577 3057 634 3112 id
685 3059 835 3129 quod
885 3062 1115 3113 tantum
1157 3059 1228 3114 ad
1268 3060 1666 3116 exsistentiam
1699 3062 1992 3116 conducit.

352 3147 438 3202 Ita
467 3147 623 3202 enim
649 3147 825 3202 etiam
853 3147 1192 3211 Aristoteles
1220 3150 1478 3204 animam
1524 3150 1593 3204 de
1623 3149 1861 3204 animali
1895 3150 1993 3204 uni

350 3251 487 3291 voce
518 3237 818 3308 praedicari
851 3237 1061 3308 inquit,
1087 3237 1360 3307 quoniam
1393 3238 1462 3293 ad
1495 3238 1681 3310 ipsius
1711 3239 1992 3295 exsistan-

350 3326 497 3381 tiam
530 3327 752 3380 confert
784 3343 796 3380 :
841 3327 1077 3382 tametsi
1110 3343 1296 3398 neque
1330 3345 1538 3383 nomen
1569 3345 1756 3400 neque
1787 3329 1991 3384 defini-

352 3414 573 3469 tionem
605 3415 847 3469 animali
879 3415 1196 3486 impertiat.
1221 3417 1577 3471 Praadicatur
1605 3420 1799 3473 autem
1831 3418 1995 3472 diffe-

354 3503 542 3558 rentia
573 3504 815 3559 univoce
847 3505 916 3559 de
950 3504 1018 3559 iis
1046 3521 1174 3576 quae
1206 3506 1314 3560 sub
1349 3506 1478 3578 ipsa
1507 3510 1665 3561 sunt.

423 3611 477 3664 7.
511 3611 579 3664 Et
627 3611 816 3678 quoad
865 3611 1014 3666 hanc
1062 3613 1345 3668 rationem
1394 3613 1722 3669 differentia
1768 3613 1997 3671 etiamsi

355 3697 610 3770 qualitas
641 3715 768 3754 esse
815 3706 1076 3771 apparet,
1108 3717 1225 3754 non
1273 3705 1466 3757 tamen
1520 3704 1668 3760 I75
1722 3707 1811 3758 est
1855 3703 1997 3758 sim-

355 3785 586 3858 pliciter
612 3787 884 3857 qualitas,
919 3789 1020 3843 sed
1054 3789 1303 3860 qualitas
1334 3791 1666 3846 essentialis
1689 3809 1815 3863 quas
1838 3791 2000 3847 nulla

358 3875 707 3946 cogitatione
735 3878 808 3930 ab
840 3893 905 3931 eo
942 3878 996 3931 in
1030 3896 1144 3948 quo
1175 3884 1263 3934 est
1293 3880 1547 3950 separari
1582 3885 1790 3951 potest,
1822 3880 1999 3937 veluti

359 3964 742 4019 rationalitas.
770 3965 1291 4022 Considerantibus
1313 3969 1468 4022 enim
1493 3986 1618 4024 eam
1639 3970 1806 4024 nobis
1838 3975 1998 4026 ante-

357 4069 535 4124 quam
569 4069 699 4106 cum
735 4054 968 4108 animali
1004 4056 1379 4126 congreditur
1406 4062 1461 4112 et
1492 4057 1789 4113 hominem
1828 4059 2000 4130 perfi-

352 4146 448 4209 cit,
503 4143 649 4196 forte
701 4141 828 4197 sola
879 4148 936 4197 et
995 4145 1152 4198 nuda
1211 4145 1462 4215 qualitas
1509 4146 1754 4218 intelligi
1802 4153 1998 4218 queat,

351 4248 696 4303 quanquam
756 4237 877 4285 tum
941 4234 1117 4287 etiam
1196 4250 1471 4305 magnam
1546 4236 1662 4289 vim
1737 4235 1997 4306 habens;

350 4325 734 4392 posteaquam
768 4325 960 4374 autem
997 4337 1130 4374 cum
1164 4321 1404 4376 animali
1449 4338 1761 4394 congressa
1804 4327 1912 4386 est.
1945 4328 2002 4378 et

350 4410 651 4465 hominem
684 4410 894 4473 effecit,
920 4414 1046 4464 tum
1071 4412 1309 4480 sane(ut
1333 4411 1410 4465 ita
1427 4411 1661 4478 dicam),
1687 4412 1742 4465 in
1765 4411 2000 4468 homine

349 4499 746 4555 substantiata
779 4498 923 4568 (sive
953 4497 1012 4552 in
1046 4498 1307 4554 hominis
1339 4499 1730 4554 substantiam
1762 4517 1998 4555 conver-

351 4588 438 4658 sa)
470 4593 598 4654 est;
633 4604 737 4642 nec
769 4587 943 4641 homo
976 4587 1297 4658 quidquam
1330 4587 1484 4642 aliud
1520 4592 1610 4643 est
1654 4605 1832 4658 quam
1874 4590 1998 4644 ani-

2105 1990 2350 2066 λέγεσθαι
2426 1991 2599 2044 πάντα
2671 1989 2735 2042 τὰ
2805 1988 2892 2042 ὑπ’
2963 1986 3136 2042 αὐτῶν
3173 2030 3186 2044 .
3253 1989 3309 2042 Ὀ
3378 1987 3580 2064 Πέτρος
3639 1989 3746 2065 γὰρ

2102 2079 2193 2134 καὶ
2224 2080 2286 2134 τὸ
2319 2075 2494 2153 ὄνομα
2537 2082 2636 2132 τοῦ
2685 2078 2971 2151 ἀνθρώπου
3018 2076 3107 2132 καὶ
3145 2078 3236 2132 τὸν
3287 2078 3513 2152 ὁρισμὸν
3565 2075 3746 2133 ἐπιδέ-

2101 2189 2280 2245 χεται.

2179 2260 2238 2327 ζ’.
2289 2259 2387 2312 Καὶ
2451 2257 2668 2333 λογικὸν
2733 2254 2791 2310 δὲ
2845 2253 3088 2311 καλεῖται
3154 2257 3248 2329 μὶν
3296 2256 3386 2311 καὶ
3416 2259 3452 2326 ἡ
3493 2253 3747 2334 διαφορὰ,

2103 2349 2376 2402 τουτέστιν
2439 2350 2473 2415 ἡ
2528 2345 2820 2422 λογικότης
2887 2345 3021 2414 αὕτη
3059 2365 3072 2378 ’
3130 2344 3375 2401 καλεῖται
3437 2343 3494 2401 δὲ
3572 2346 3663 2400 καὶ
3721 2348 3750 2400 6

2107 2438 2310 2513 Πέτρος
2358 2435 2606 2511 λογικὸν,
2651 2436 2781 2490 καθὸ
2833 2440 2967 2504 ζῶον
3016 2435 3243 2510 μετέχον
3302 2442 3402 2504 τῆς
3458 2433 3751 2511 λογικότη-

2102 2548 2214 2588 τος.
2276 2527 2337 2580 Εἰ
2371 2524 2428 2580 δὶ
2485 2524 2573 2580 καὶ
2631 2525 2722 2578 τὸν
2783 2523 2908 2599 ὅρον
2965 2527 3065 2592 τῆς
3109 2519 3464 2600 λογικότητος
3513 2524 3756 2601 ἀπαραλ-

2106 2616 2319 2678 λάκτως
2374 2617 2402 2670 6
2459 2616 2659 2691 Πέτρος
2737 2613 2835 2668 οὐκ
2909 2611 3214 2689 ἐπιδέχεται
3276 2613 3593 2689 (λογικότης
3656 2615 3752 2687 μὲν

2103 2708 2203 2781 γάρ
2236 2704 2342 2760 ἐστι
2376 2702 2604 2777 δύναμις
2654 2706 2908 2779 χρήσεως
2959 2700 3149 2777 λόγου·
3183 2704 3212 2758 ὃ
3253 2700 3308 2757 δὲ
3360 2703 3562 2778 Πέτρος
3615 2703 3754 2772 ζῶόν

2105 2794 2214 2849 ἐστι
2265 2795 2550 2870 χρώμενον
2595 2791 2792 2867 λόγῳ)·
2839 2793 3140 2864 θαυμαστὸν
3193 2789 3367 2849 οὐδέν.
3422 2793 3750 2865 Συνώνυμον

2101 2885 2202 2958 γάρ
2253 2881 2468 2957 λέγεται
2521 2882 2612 2955 μὲν
2661 2881 2750 2936 καὶ
2794 2879 2925 2957 ὅπερ
2970 2880 3235 2956 όνοματός
3280 2901 3340 2935 τε
3379 2881 3469 2935 καὶ
3519 2883 3752 2956 ὁρισμοῦ

2109 2969 2476 3044 μεταδίδωσι.
2540 2971 2761 3044 Λέγεται
2824 2967 2881 3024 δὲ
2934 2968 3023 3024 καί
3089 2970 3220 3046 ὅπερ
3285 2969 3531 3025 συντελεῖ
3587 2969 3751 3042 μόνον

2103 3061 2238 3134 πρὸς
2297 3059 2547 3133 ὕπαρξιν.
2611 3059 2764 3112 Οὕτω
2820 3059 2920 3134 γὰρ
2977 3059 3065 3113 καὶ
3125 3060 3153 3112 6
3211 3056 3594 3132 Ἀριστοτέλης
3646 3060 3746 3126 τήν

2104 3150 2288 3224 ψυχὴν
2345 3146 2676 3220 συνωνύμως
2725 3153 3144 3222 κατηγορεῖσθαι
3200 3153 3297 3202 τοῦ
3358 3149 3499 3218 ζώου
3559 3148 3748 3227 φησίνο

2105 3235 2290 3306 ἐπειδὴ
2339 3237 2476 3312 πρὸς
2521 3238 2619 3304 τήν
2664 3236 2884 3312 ὕπαρξιν
2933 3236 3094 3291 αὑνοῦ
3145 3233 3406 3292 συντελεῦ
3457 3236 3552 3291 κᾶν
3607 3238 3748 3310 μήτε

2102 3332 2198 3383 τοῦ
2229 3325 2498 3399 ἀνόματος
2535 3323 2849 3399 μεταδιδοίη
2893 3331 2972 3398 τῷ
3016 3327 3162 3398 ζώῳ,
3199 3329 3337 3399 μήτε
3362 3330 3461 3381 τοῦ
3492 3328 3746 3402 ὁρισμοῦ.

2104 3413 2204 3487 Εἵη
2241 3414 2285 3470 δ’
2314 3416 2373 3470 ἂν
2406 3414 2736 3489 συνωνύμως
2767 3411 3213 3491 κατηγορουμένη
3243 3421 3350 3470 τῶν
3386 3417 3474 3471 ὑπ’
3518 3415 3682 3484 αὐτὴν
3711 3417 3748 3484 ἡ

2106 3504 2357 3583 διαφορά.

2180 3613 2239 3680 ζ’.
2300 3611 2396 3667 Καὶ
2454 3611 2590 3666 κατὰ
2643 3615 2833 3666 τοῦτον
2891 3612 2982 3666 τὸν
3042 3610 3208 3686 λόγον
3263 3615 3298 3680 ἡ
3376 3608 3608 3688 διαφορᾶ
3659 3610 3756 3665 κᾶν

2107 3700 2335 3771 ποιότης
2389 3700 2636 3778 φαίνηται
2699 3701 2874 3773 εἶναι,
2932 3700 3058 3756 ἀλλ’
3114 3700 3221 3777 οὑχ
3277 3697 3469 3763 ἁπλῶς
3524 3699 3755 3769 ποιότης

2108 3789 2266 3861 έςτὶν,
2318 3787 2446 3844 ἀλλ’
2495 3787 2766 3860 ούσιώδης
2807 3789 3054 3861 ποιότης,
3113 3787 3356 3863 μηδεμιᾷ
3408 3789 3622 3860 ἐπινοίᾳ
3660 3786 3753 3843 δυ-

2106 3878 2306 3951 ναμένη
2357 3878 2684 3954 χωρίζεσθαι
2732 3879 2830 3933 τοῦ
2881 3877 2932 3933 ἐν
2977 3881 3024 3951 ᾧ
3072 3876 3233 3934 ἐστιν’
3285 3881 3399 3933 οἷον
3447 3881 3482 3948 ἡ
3529 3875 3754 3952 λογικό-

2105 3989 2228 4037 της.
2271 3969 2382 4040 Πρὸ
2429 3968 2522 4040 μὲν
2567 3969 2667 4044 γὰρ
2717 3972 2814 4022 τοῦ
2858 3966 3129 4022 συνελθεῖν
3172 3972 3251 4039 τῷ
3302 3969 3426 4040 ζώῳ
3475 3967 3564 4021 καὶ
3614 3968 3747 4021 ἀπο-

2105 4054 2321 4110 τελέσαι
2350 4054 2441 4110 τὸν
2489 4053 2740 4130 ἄθρωπον
2790 4059 3081 4110 σκοποῦσιν
3135 4058 3291 4129 ἡμῖν,
3323 4052 3455 4117 ἴσως
3496 4054 3556 4110 ἂν
3610 4050 3747 4128 μόνη

2107 4143 2336 4214 ποιότης
2387 4144 2608 4215 νοηθείη
2647 4189 2660 4213 ,
2715 4142 2863 4212 πλὴν
2928 4144 3018 4198 καὶ
3064 4144 3187 4199 τότε
3239 4143 3484 4218 μεγάλην
3549 4141 3754 4220 ἔχουσα

2109 4231 2354 4305 δύναμινθ
2406 4235 2734 4296 συνελθοῦσα
2781 4231 2838 4288 δὲ
2881 4238 2962 4306 τῷ
3017 4234 3159 4306 ζώῳ,
3209 4233 3298 4287 καὶ
3335 4233 3427 4288 τὸν
3475 4234 3754 4310 ἄνθρωπον

2110 4321 2446 4393 έκτελέσασα,
2500 4321 2754 4377 οὐσίωται
2789 4320 2854 4391 δὴ
2905 4322 2955 4378 έν
3007 4327 3084 4394 τῷ
3135 4323 3418 4396 ἀνθρώπῳ,
3469 4322 3558 4376 καὶ
3598 4319 3750 4377 οὐδὲν

2110 4410 2249 4466 ἄλλο
2296 4411 2405 4466 ἐστὶ
2447 4413 2562 4466 κατ’
2615 4411 2795 4466 οὐσίαν
2847 4413 2875 4466 6
2923 4409 3270 4487 ἄνθρωπος-ἢ
3307 4416 3440 4481 ζῶον
3493 4411 3627 4485 μετὰ
3663 4411 3757 4467 λο-

2106 4500 2416 4575 γικότητος,
2466 4501 2614 4555 Ἐπεὶ
2674 4505 2804 4576 γοῦν
2863 4504 2896 4570 ἡ
2959 4499 3248 4575 λογικότης
3295 4501 3603 4577 ἀχώριστος
3657 4505 3755 4555 τοῦ

2107 4589 2414 4665 ἀνθρώπου,
2464 4611 2636 4659 παντη
2688 4591 2775 4644 καὶ
2827 4591 2943 4645 κατ’
2980 4589 3145 4661 αὐτήν
3195 4589 3304 4644 ἐστι
3349 4590 3449 4658 τὴν
3491 4589 3756 4645 ἐπίνοιαν·

355 4677 473 4732 mal
507 4695 638 4731 cum
674 4676 1082 4732 rationalitate.
1118 4677 1260 4732 Cum
1313 4678 1491 4747 igitur
1538 4677 1898 4732 rationalitas
1928 4678 1994 4731 ah

2111 4679 2136 4731 6
2169 4675 2224 4732 δὲ
2259 4679 2534 4753 ἄνθρωπος
2581 4685 2967 4755 κατηγορεῖται
3014 4684 3111 4734 τοῦ
3152 4679 3357 4754 Πέτρου
3401 4678 3750 4752 συνωνύμως

356 4765 594 4822 homine
624 4767 862 4821 omnino
896 4765 1070 4820 etiam
1103 4768 1292 4836 quoad
1326 4766 1514 4836 ipsam
1547 4767 1760 4821 mentis
1808 4765 2001 4820 notio-

356 4871 491 4910 nem
549 4857 674 4926 (seu
733 4855 1167 4928 cogitationem)
1209 4855 1284 4910 sit
1340 4855 1768 4925 inseparabilis,
1826 4855 1999 4910 homo

357 4949 552 4998 autem
598 4945 668 4998 de
719 4945 881 5001 Petro
933 4943 1174 4999 univoce
1222 4945 1587 5015 przedicetur,
1637 4949 1695 5000 et
1743 4943 2000 4999 hominis

355 5030 718 5086 rationalitas
751 5034 819 5088 de
853 5033 1016 5088 Petro
1050 5033 1292 5088 univoce
1333 5033 1576 5088 dicetur.
1611 5033 1998 5100 Quemadmo-

353 5121 496 5176 dum
528 5120 683 5175 enim
717 5122 941 5192 species
970 5123 1321 5194 przedicatur
1351 5124 1420 5177 de
1452 5122 1669 5194 aliquo,
1704 5123 1786 5176 ita
1823 5123 1894 5176 de
1932 5139 1998 5176 eo

353 5226 490 5266 cum
521 5209 714 5281 specie
744 5227 940 5265 revera
972 5213 1384 5281 praedicabitur
1430 5213 1605 5266 etiam
1651 5211 1994 5266 differentia.

351 5297 580 5354 Etenim
613 5298 823 5370 speciei
857 5305 942 5354 est
973 5301 1390 5371 cognatissima
1429 5307 1486 5356 et
1529 5303 1767 5356 omnino
1815 5301 1885 5354 ab
1932 5317 2000 5354 ea

349 5389 584 5460 seiungi
617 5387 840 5458 nequit,
873 5393 930 5442 et
947 5389 1071 5443 sine
1098 5389 1226 5458 ipsa
1241 5391 1462 5460 species
1485 5408 1555 5446 ne
1577 5391 1733 5446 brevi
1758 5391 1995 5462 quidem

348 5484 646 5535 momento
679 5476 1005 5532 subsistere
1035 5482 1245 5548 potest.

419 5569 472 5621 8.
508 5565 793 5620 Primario
825 5566 1007 5636 igitur
1035 5565 1377 5620 substantiae
1408 5572 1463 5621 et
1492 5568 1829 5623 differentia
1859 5584 1994 5622 con-

345 5657 506 5712 venit
557 5655 755 5710 oznnia
802 5656 872 5709 ab
933 5654 1015 5709 eis
1076 5653 1314 5707 univoce
1373 5657 1694 5725 praedicari.
1745 5659 1817 5711 At
1863 5674 1996 5712 vero

347 5746 528 5803 etiam
561 5748 617 5800 in
651 5744 1052 5800 accidentibus
1085 5744 1236 5798 I76
1267 5759 1480 5816 genera
1515 5746 1584 5798 de
1625 5745 1750 5800 suis
1780 5745 1996 5815 specie-

2108 4766 2197 4820 καὶ
2228 4770 2261 4835 ἡ
2293 4773 2390 4822 τοῦ
2421 4769 2707 4844 ἀνθρώπου
2753 4767 3044 4843 λογικότης
3095 4765 3196 4844 ἄρα
3237 4767 3568 4842 συνωνύμως
3618 4769 3756 4822 κατὰ

2109 4860 2204 4908 τοῦ
2237 4855 2440 4930 Πέτρου
2475 4856 2792 4932 ῥηθήσεται.
2811 4860 3012 4932 ’Ὠσπερ
3038 4857 3142 4932 γὰρ
3170 4857 3232 4912 τὸ
3265 4854 3404 4918 εἶδος
3433 4863 3754 4932 κατηγορεῖ-

2107 4965 2193 4998 ται
2223 4947 2390 5017 τινὸς,
2419 4946 2591 5008 οὕτως
2623 4946 2786 5001 αὐτοῦ
2829 4953 3320 5021 συγκατηγορεῖται
3366 4951 3447 5018 τῷ
3494 4943 3622 5002 εἷ’δει
3661 4946 3752 5001 καὶ

2109 5035 2143 5101 ἡ
2192 5031 2437 5111 διαφορά.
2495 5038 2882 5112 Συμφυεστάτη
2927 5035 3029 5112 γὰρ
3077 5036 3307 5111 ὑπάρχει
3359 5040 3439 5107 τῷ
3488 5033 3615 5091 εἴδει
3663 5036 3754 5090 καὶ

2108 5124 2384 5185 παντελῶς
2416 5124 2579 5179 αὑτοῦ
2617 5122 2998 5197 ἀδιάσπαστος,
3047 5125 3137 5179 καὶ
3168 5126 3345 5201 χωρὶς
3392 5125 3560 5195 αὐτῆς
3593 5123 3752 5181 οὖδα-

2112 5214 2229 5280 μῶς
2257 5210 2320 5264 τὸ
2351 5209 2493 5272 εἶδος
2526 5210 2842 5288 ὑφέστηκεν,
2876 5209 2999 5267 οὐδὲ
3026 5213 3160 5287 πρὸς
3197 5213 3396 5289 βραχύ.

2177 5565 2248 5631 η’.
2282 5562 2522 5637 Πρώτως
2571 5563 2662 5631 μὲν
2715 5558 2805 5614 οῦν
2855 5567 2955 5630 τῆς
3002 5561 3183 5625 οὐσίας
3223 5563 3312 5618 καὶ
3355 5570 3453 5632 τῆς
3492 5560 3752 5640 διαφορᾶς

2107 5653 2214 5707 ἐστι
2273 5647 2333 5706 τὸ
2390 5649 2716 5721 συνωνύμως
2774 5648 3015 5724 λέγεσθαι
3070 5652 3243 5706 πάντα
3301 5653 3368 5706 τά
3414 5653 3505 5706 ἀπ’
3553 5650 3748 5707 αὐτῶν.

2109 5743 2211 5796 Κάν
2267 5747 2380 5802 τοῖς
2430 5734 2797 5814 συμϐεϐηκόσι
2858 5737 2914 5793 δὲ
2969 5740 3035 5794 τά
3090 5739 3216 5817 γένη
3265 5746 3372 5797 τῶν
3424 5740 3637 5796 οἰκείων
3682 5740 3753 5796 εἷ’-
