4108 6476
385 497 500 563 825

1737 499 2088 564 EPITOME
2129 501 2440 565 LOGICA.

3679 490 3798 558 826

381 629 514 704 δῶν,
549 631 639 687 καὶ
695 631 764 687 τὰ
820 628 936 703 εἷ’δη
993 635 1102 687 τῶν
1158 630 1372 688 οῗκείων
1429 630 1668 706 ἀτόμων,
1701 633 1789 688 καὶ
1836 630 2027 695 ἁπλῶς

2156 652 2272 701 ωε,
2314 640 2371 691 et
2419 635 2645 708 species
2697 635 2768 692 de
2817 633 2942 691 suis
2986 630 3325 698 individuis,
3359 635 3418 687 et
3447 629 3793 703 simpliciter

378 722 447 776 τὰ
529 720 712 776 ἐπάνω
794 725 902 776 τῶν
1009 721 1286 793 ὑποκάτω,
1377 721 1708 795 συνωνύμως
1805 742 2038 797 κατηγο-

386 815 625 887 ροῦνται.

457 901 520 964 θ’.
552 903 672 954 Ὅτι
730 901 820 955 καὶ
880 897 1162 962 οὐσιωδῶς
1215 900 1472 973 πρόσεστι
1527 905 1597 974 τῇ
1631 899 1805 972 οὐσίᾳ,
1835 899 1924 955 καῖ
1979 901 2041 954 τὸ

391 987 566 1063 μηδὲν
609 989 844 1044 ἐναντίον
894 989 1024 1044 εἶναι
1075 989 1230 1064 αὐτῇ.
1259 991 1334 1044 Τὰ
1387 991 1488 1066 γάρ
1549 989 1776 1063 ἐναντία,
1809 989 1931 1066 περί
1987 1010 2038 1043 τι

393 1078 750 1152 ὑποκείμενον
815 1080 1106 1154 μάχονται·
1173 1078 1263 1133 καὶ
1331 1077 1545 1134 σπεύδει
1592 1077 1796 1133 τούτων
1870 1077 2043 1133 ἑκάτε-

389 1187 480 1243 ρον
535 1174 752 1236 νικῆσαι
790 1168 854 1222 τὸ
882 1164 1065 1243 ἕτερον
1112 1165 1260 1230 ὅπως
1299 1168 1358 1222 ἂν
1398 1173 1494 1222 τοῦ
1553 1167 1907 1240 ὑποκειμένου
1950 1166 2041 1242 γέ-

385 1277 546 1326 νηται
577 1255 856 1333 ἐγκρατές.
889 1254 1026 1311 Οὐδέ
1081 1257 1182 1332 γὰρ
1235 1256 1412 1333 ἰσχύει
1468 1257 1531 1311 τὸ
1587 1257 1938 1330 ὑποκείμενον
1994 1256 2045 1312 ἐν

384 1349 464 1418 τῷ
520 1345 665 1417 αὐτῷ
716 1350 830 1417 νῦν,
885 1346 956 1401 τὰ
1011 1345 1220 1401 ἐναντία
1299 1343 1539 1416 δέξασθαι
1598 1344 1821 1408 ὑλικῶς.
1885 1348 2045 1401 ’Ὠστε

381 1434 632 1490 τάναντία
688 1426 795 1490 τῶν
859 1434 909 1489 ἐν
972 1434 1312 1508 ὑποκειμένῳ
1360 1435 1522 1490 ἐστιν·
1563 1439 1599 1505 ἡ
1661 1433 1717 1491 δέ
1773 1458 1833 1511 γε
1889 1435 2044 1491 οὐσία

380 1528 490 1579 τῶν
547 1522 598 1578 ἐν
661 1524 1006 1597 ὑποκειμένῳ
1064 1526 1138 1598 μὴ
1199 1522 1351 1592 οὖσα,
1410 1524 1646 1580 ἐναντίον
1707 1522 1810 1598 ἔξει
1864 1523 2040 1580 οὐδέν·

381 1610 520 1668 Οὐδὲ
574 1613 674 1689 γὰρ
737 1612 974 1668 ἐναντίον
1030 1617 1100 1687 τῇ
1159 1613 1313 1685 οὐσίᾳ
1369 1613 1486 1682 θείη
1521 1635 1604 1676 τις
1637 1613 1696 1669 ἃν
1726 1615 1790 1668 τὸ
1825 1616 1899 1687 μή
1959 1608 2038 1689 ὅνς

379 1704 445 1756 Ὀ
499 1679 601 1778 γὰρ
647 1679 919 1775 ὀὐδαμῶς
979 1679 1303 1780 ὑφέστηκεν,
1360 1679 1616 1776 οὐδεμίαν
1674 1679 2042 1778 σχέσιν-ἔχει

382 1790 522 1868 πρὸς
575 1787 783 1866 ἕτερον.
817 1791 878 1846 Εἰ
941 1788 999 1846 δὲ
1052 1793 1118 1846 τὸ
1181 1795 1288 1867 πῦρ
1343 1791 1432 1846 καὶ
1490 1793 1551 1846 τὸ
1592 1790 1738 1868 ὕδωρ
1770 1791 2040 1862 ἀλλήλοις

384 1879 597 1935 ἐναντία
656 1877 824 1935 δοκεῖ·
880 1877 1006 1936 ἀλλ’
1062 1879 1124 1934 οὐ
1197 1881 1328 1934 καθὸ
1407 1879 1582 1934 οὐσίαι
1639 1881 1703 1935 τὸ
1771 1881 2040 1935 ἐναντιοῦ-

386 1971 507 2024 σθαι
608 1968 884 2046 φέρουσιν,
979 1967 1103 2024 ἀλλ’
1306 1969 1638 2024 πεποίωνται
1722 1967 2118 2074 ἈντίκειταιΒ

431 2060 445 2074 ς
611 2057 625 2074 κ
711 2060 736 2074 ..
857 2058 871 2074 η
1026 2062 1056 2073 ..
1127 2060 1138 2074 .
1272 2063 1300 2073 ..
1469 2058 1483 2074 κ
1608 2059 1623 2074 ε
1720 2058 1741 2074 .
1825 2059 1839 2074 κ
2000 2063 2027 2074 η

385 2060 488 2134 γὰρ
571 2057 635 2112 τὸ
710 2058 908 2135 θερμὸν

391 2145 556 2222 ὑγρῷ·

989 2062 1068 2129 τῷ
1114 2060 1333 2134 ψυχρῷ,
1397 2058 1485 2113 καὶ
1569 2059 1632 2113 τὸ
1717 2058 1876 2131 ξηρὸν
1961 2063 2040 2131 τῷ

460 2419 510 2468 ι’.
544 2411 645 2469 Καὶ
672 2410 868 2474 ἄλλοις
902 2409 960 2467 δὲ
1004 2411 1240 2474 πολλοῖς
1291 2413 1401 2468 ἐστι
1444 2413 1507 2468 τὸ
1561 2411 1728 2487 μηδὲν
1774 2412 1918 2490 ἔχειν
1961 2413 2040 2468 ἐν-

385 2500 586 2557 αντίονο
630 2501 706 2563 ὡς
761 2507 880 2564 τοῖς
948 2503 1220 2579 σχήμασι,
1251 2502 1340 2556 καὶ
1391 2507 1498 2556 τῶν
1558 2501 1870 2579 χρωμάτων
1924 2509 2038 2566 τοῖς

386 2591 593 2664 μέσοις⁶
653 2595 734 2662 τῷ
783 2590 1010 2666 ἐρυθρῷ,
1073 2595 1152 2662 τῷ
1201 2594 1394 2664 ξανθῷ,
1453 2595 1531 2663 τῷ
1587 2596 1733 2669 φαιῷ
1778 2591 1866 2646 καὶ
1925 2598 2038 2654 τοῖς

380 2678 618 2751 ὁμοίοις·
657 2679 747 2734 καὶ
805 2685 923 2742 τοῖς
982 2680 1387 2758 ἀφωρισμένοις
1443 2684 1658 2742 ποσοῖς.
1692 2679 1802 2735 Οὐκ
1849 2679 1958 2736 ἔστι
1992 2678 2039 2735 δ’

380 2767 561 2830 αὐτοῖς
615 2768 876 2839 ἐναντίον,
932 2768 1028 2823 ’ίνα
1089 2770 1162 2841 μὴ
1228 2765 1416 2830 ἄδικος
1475 2771 1510 2838 ἡ
1569 2767 1724 2846 φύσις
1773 2768 2036 2844 εὑρεθείη,

379 2855 567 2912 πολλὰ
595 2856 807 2912 ἐναντία
838 2857 913 2912 ἐνὶ
943 2857 1286 2927 ἀντιτάξασα.

458 2965 543 3021 ια’.
606 2963 987 3042 Ἀφωρισμένα
1046 2961 1104 3020 δὲ
1157 2965 1302 3019 ποσὰ
1359 2963 1595 3040 λέγεται,
1655 2963 1854 3039 ὅσαπερ
1905 2967 2035 3042 ὡρι-

387 3054 588 3126 σμένην
639 3055 760 3107 τινά
800 3052 1079 3123 ποσότητα
1118 3051 1358 3129 ἔχουσιν,
1392 3054 1466 3116 ὡς
1518 3051 1633 3125 δύο,
1687 3054 1862 3125 πέντε,
1915 3052 2039 3110 δέκα

389 3143 478 3197 καὶ
551 3140 784 3218 δίπηχυ,
839 3141 1182 3218 πεντάπηχυ,
1240 3139 1544 3218 δεκάπηχυ,
1603 3143 1691 3197 καὶ
1747 3145 1815 3198 τὰ
1866 3165 2036 3220 παρα-

390 3229 621 3301 πλήσια,
682 3229 772 3285 καὶ
835 3231 909 3304 μή
966 3233 1036 3303 τῇ
1094 3229 1230 3306 πρὸς
1286 3226 1468 3306 ἕτερον
1535 3229 1716 3306 σχέσιν
1768 3225 2036 3307 λέγονται,

382 3319 620 3395 καθάπερ
706 3319 769 3374 τὸ
858 3319 998 3394 μέγα
1053 3319 1144 3373 καὶ
1206 3319 1421 3394 μικρὸν,
1480 3321 1570 3374 καὶ
1631 3321 1692 3374 τὸ
1747 3319 1890 3375 πολὺ
1947 3319 2036 3376 καὶ

386 3405 452 3462 ὄλ
463 3406 597 3482 ίγον.

457 3515 546 3590 ιβ’.
582 3513 724 3590 Πρός
753 3535 807 3568 τι
844 3515 948 3589 γὰρ
994 3517 1182 3585 ταῦτα,
1210 3513 1300 3568 καὶ
1354 3514 1416 3569 οὐ
1468 3515 1630 3586 ποσὰ,
1661 3515 1751 3570 καὶ
1809 3514 2033 3571 ἀντίκει-

377 3623 466 3657 ται
497 3599 793 3673 ἀλλήλοις,
827 3600 936 3676 οὐχ
979 3602 1054 3662 ὡς
1111 3599 1340 3675 ἐναντία,
1375 3599 1498 3658 ἀλλ’
1546 3602 1621 3664 ὡς
1671 3602 1806 3679 πρός
1852 3625 1925 3660 τι.
1963 3604 2032 3658 Τὸ

380 3692 486 3767 γὰρ
555 3690 690 3767 μέγα
745 3690 881 3766 πρὸς
937 3691 1128 3766 μικρὸν
1172 3688 1390 3766 λέγεται
1448 3690 1601 3768 μέγα,
1635 3691 1724 3746 καὶ
1762 3693 1824 3747 τὸ
1888 3692 2032 3749 πολὺ

377 3780 518 3856 πρὸς
551 3778 740 3855 ὀλίγον
794 3777 1012 3855 λέγεται
1060 3777 1226 3836 πολύ.
1262 3780 1366 3836 Καὶ
1424 3777 1572 3856 εἷ’περ
1633 3779 1772 3835 ἐστὶν
1823 3781 2034 3837 ἐναντία

377 3869 446 3924 τὰ
491 3873 732 3937 τοιαῦτα,
765 3867 880 3923 ἐπεὶ
929 3868 994 3924 τὸ
1043 3868 1174 3924 αὐτὸ
1218 3868 1308 3923 καὶ
1363 3865 1416 3923 ἓν
1477 3867 1694 3924 δύναται
1753 3870 1884 3925 εἶναι
1942 3873 2032 3926 καὶ

383 3958 521 4034 μέγα
574 3957 663 4012 καὶ
726 3957 936 4032 μικρὸν,
969 3957 1060 4012 καὶ
1108 3956 1255 4012 πολὺ
1310 3958 1400 4012 καὶ
1457 3955 1645 4032 ὀλίγον
1697 3960 1832 4036 πρὸς
1890 3959 2031 4018 ἄλλο

377 4048 470 4104 καὶ
501 4045 640 4103 ἄλλο
666 4041 1249 4121 παραλαμϐανόμενον·
1285 4044 1478 4102 ἔσοιντ’
1527 4046 1585 4102 ἂν
1647 4047 1700 4102 ἐν
1769 4049 1847 4103 ἑνὶ
1905 4050 2032 4105 ὑπο-

376 4134 614 4209 κειμένῳ
678 4135 934 4191 τάναντία
994 4135 1132 4191 κατὰ
1179 4135 1396 4204 ταυτὸν,
1428 4136 1464 4204 ἢ
1522 4134 1736 4210 μᾶλλον
1792 4138 2033 4193 ἐναντίον

377 4222 557 4280 ἔσοιτο
598 4225 790 4279 ἑαυτοῦ
818 4225 880 4279 τὸ
911 4223 1062 4282 αὐτό.

453 4409 542 4480 ιγ’.
577 4402 800 4479 Λέγεται
851 4399 909 4457 δέ
959 4424 1093 4458 ποτε
1139 4424 1229 4458 και
1260 4404 1324 4458 τὸ
1365 4403 1502 4478 μέγα
1541 4403 1631 4458 καὶ
1681 4401 1826 4458 πολὺ
1868 4403 2031 4479 ἀσχέ-

373 4514 486 4555 τως
521 4492 610 4548 ἐπὶ
670 4491 926 4568 ἀορίστου
978 4496 1148 4547 ποσοῦ
1198 4487 1636 4566 λαμϐανόμενον
1673 4493 1747 4555 ὡς
1781 4491 2032 4568 λέγομεν,

373 4588 462 4644 Ὦς
520 4580 667 4638 πολὺ
723 4578 786 4636 τὸ
839 4577 1055 4650 πλῆθος
1105 4587 1204 4650 τῆς
1261 4580 1642 4656 χρηστότητός
1692 4603 1807 4652 σου,
1849 4581 2030 4658 Κύριε,

375 4671 467 4726 καὶ
499 4669 583 4727 ὅτι
610 4671 674 4726 τὸ
705 4667 856 4731 ἔλεός
886 4690 983 4724 σου
1018 4667 1155 4746 μέγα
1185 4668 1268 4724 ἐπ’
1301 4669 1426 4743 ἐμέί

454 4848 540 4907 ιδ’.
585 4849 846 4924 Πρόσεστι
889 4852 959 4922 τῇ
1012 4847 1166 4918 οὐσίᾳ
1213 4847 1303 4902 καὶ
1350 4849 1413 4902 τὸ
1463 4849 1538 4921 μή
1583 4845 1923 4924 ἐπιδέχεσθαι
1979 4850 2042 4904 τὸ

381 4937 598 5014 μᾶλλον
633 4938 726 4993 καὶ
759 4938 824 4993 τὸ
858 4940 1023 5007 ἧττον
1067 4937 1205 4992 κατὰ
1229 4937 1296 4992 τὰ
1326 4937 1520 5007 ἑαυτῆς
1565 4936 1744 5010 ἄτομα
1803 4935 2038 5009 δηλαδήο

377 5030 492 5085 οἷον
527 5027 751 5084 ἕκαστον
780 5031 890 5082 τῶν
925 5029 1024 5097 τῆς
1055 5025 1238 5088 οὐσίας
1299 5021 1516 5100 ἀτόμων
1550 5026 1611 5081 οὐ
1643 5023 1859 5102 λέγεται
1905 5026 2042 5101 μᾶλ-

376 5116 474 5174 λον
531 5117 622 5173 καὶ
677 5120 863 5186 ἧττον,
924 5116 1098 5172 ἐκεῖνο
1148 5114 1282 5193 ὅπερ
1341 5115 1672 5188 ὠνόμασται.
1724 5116 1781 5170 Ὁ
1837 5117 2041 5191 Πέτρος

373 5206 476 5284 γὰρ
505 5206 596 5262 καὶ
629 5207 658 5260 ὁ
699 5204 919 5268 Παῦλος
971 5205 1160 5269 οὐσίας
1217 5205 1369 5268 ὐντες
1423 5206 1620 5279 ἄτομα,
1654 5205 2042 5279 ὠνομάσθησαν

374 5293 658 5372 ἄνθρωποι
738 5295 874 5350 κατᾶ
932 5296 996 5350 τὸ
1053 5292 1198 5357 εἶδος
1234 5295 1298 5350 τὸ
1349 5295 1706 5370 ἀνθρώπειον,
1765 5296 1811 5368 ᾧ
1859 5293 2038 5371 περιέ-

372 5404 568 5460 χονται
599 5385 692 5440 καὶ
726 5384 790 5439 οὐ
827 5382 1076 5462 λέγονται
1139 5381 1351 5458 μᾶλλον
1405 5384 1494 5439 καὶ
1547 5385 1710 5454 ἦττον
1742 5381 2036 5460 ἄνθρωποι.

374 5471 512 5529 Οὔτε
566 5475 668 5550 γὰρ
701 5475 730 5528 ὁ
770 5472 976 5550 Πέτρος
1037 5471 1250 5548 μᾶλλον
1309 5475 1590 5550 ἅνθρωπος
1652 5471 1886 5550 λέγεται,
1919 5475 1953 5542 ἢ
2011 5474 2040 5528 ὁ

385 5563 604 5624 Παῦλος
671 5565 833 5632 ἧττον
907 5564 1214 5640 ἅνθρωπος·
1266 5561 1304 5632 ἤ
1360 5584 1444 5625 τις
1505 5563 1694 5617 ἑαυτοῦ
1751 5563 1883 5617 ποτὶ
1944 5561 2038 5633 μὲν

389 5650 604 5725 μᾶλλον
667 5651 973 5725 ἄνθρωπος,
1017 5652 1150 5707 ποτὲ
1204 5649 1261 5707 δὲ
1314 5654 1475 5721 ἦττον
1537 5650 1839 5728 ἄνθρωπος.
1871 5655 2038 5704 Τοῦτο

379 5740 468 5795 καὶ
500 5739 590 5796 ἐπὶ
618 5744 727 5796 τῶν
765 5738 972 5812 τίππων,
1008 5741 1098 5796 καὶ
1129 5740 1218 5797 ἐπὶ
1275 5745 1382 5796 τῶν
1445 5739 1636 5810 λίθων,
1668 5740 1758 5796 καὶ
1787 5745 1893 5795 τῶν
1924 5738 2039 5794 λοι-

382 5834 495 5885 πῶν
524 5836 628 5902 τῆς
660 5828 844 5893 οὐσίας
876 5829 1117 5904 ἀτόμων.

2151 725 2454 797 superiora
2484 725 2555 780 de
2593 723 2968 781 inferioribus
2998 722 3243 778 univoce
3272 721 3684 794 pradicantur.

2219 905 2273 958 9.
2305 908 2588 959 Praterea
2641 904 2814 958 etiam
2867 900 3258 958 essentialiter
3313 898 3590 972 competit
3647 899 3794 956 sub-

2151 993 2376 1048 stantiae
2407 997 2464 1048 et
2496 992 2625 1060 hoc,
2659 991 2805 1048 nihil
2839 991 2891 1048 ei
2922 989 3279 1047 contrarium
3312 1005 3458 1045 esse.
3489 987 3791 1044 Contraria

2150 1082 2306 1137 enim
2338 1081 2490 1137 circa
2520 1081 2755 1153 aliquod
2790 1082 3117 1152 subjectum
3151 1082 3450 1151 pugnant;
3493 1081 3551 1134 et
3577 1077 3789 1134 horum

2153 1174 2467 1243 utrumque
2499 1171 2798 1226 contendit
2829 1185 3105 1242 superare
3136 1167 3406 1238 alterum,
3438 1171 3505 1222 ut
3529 1166 3790 1237 subjecto

2152 1260 2428 1332 potiatur.
2477 1261 2676 1330 Neque
2729 1260 2884 1316 enim
2938 1259 3268 1328 subjectum
3317 1257 3377 1311 in
3429 1256 3631 1311 eodem
3665 1271 3789 1311 mo-

2155 1353 2351 1405 mento
2381 1349 2673 1405 contraria
2701 1366 2770 1405 ex
2797 1353 2918 1404 toto
2950 1348 3203 1419 recipere
3235 1345 3406 1402 valet.
3438 1345 3626 1409 Quare
3657 1361 3794 1400 con-

2151 1439 2333 1494 traria
2354 1455 2422 1494 ex
2443 1455 2642 1494 eorum
2665 1442 2805 1493 sunt
2834 1453 3076 1493 numero
3098 1453 3223 1508 quae
3254 1434 3315 1490 in
3346 1434 3608 1505 subjecto
3631 1437 3794 1489 sunt.

2152 1531 2228 1581 At
2258 1527 2589 1582 substantia
2621 1543 2746 1598 quas
2778 1528 2837 1581 in
2869 1542 3069 1582 eorum
3102 1540 3347 1580 numero
3379 1540 3495 1578 non
3525 1525 3634 1587 est,
3665 1538 3793 1595 qua

2151 1614 2212 1670 in
2263 1617 2525 1686 subjecto
2571 1620 2729 1682 sunt,
2761 1615 2907 1671 nihil
2937 1614 3175 1670 habebit
3205 1617 3559 1670 contrarum.
3593 1611 3794 1685 Neque

2153 1704 2310 1760 enim
2337 1703 2552 1777 aliquis
2573 1722 2687 1760 non
2710 1721 2813 1760 ens
2835 1703 3193 1761 contrarium
3216 1700 3557 1758 substantias
3589 1717 3794 1774 posue-

2153 1792 2245 1849 rit.
2279 1793 2440 1857 Quod
2490 1794 2647 1849 enim
2699 1809 3070 1865 nequaquam
3121 1791 3412 1858 subsistit,
3445 1789 3669 1846 nullam
3719 1791 3790 1845 ad

2152 1882 2402 1938 alterum
2455 1882 2678 1938 obtinet
2723 1882 2956 1938 schesin
3011 1882 3138 1954 (seu
3190 1879 3638 1950 habitudinem).
3670 1879 3794 1936 Etsi

2151 1976 2346 2028 autem
2385 1971 2540 2043 ignis
2594 1976 2650 2027 et
2701 1988 2855 2042 aqua
2901 1971 3014 2027 sibi
3059 1970 3309 2026 invicem
3347 1968 3638 2025 contraria
3667 1985 3797 2024 esse

2146 2061 2437 2131 videntur,
2462 2077 2578 2116 non
2609 2065 2807 2116 tamen
2831 2064 3123 2131 quatenus
3154 2057 3494 2115 substantia:
3519 2060 3659 2114 sunt
3686 2057 3797 2113 hoc

2145 2150 2366 2206 habent
2418 2154 2486 2205 ut
2541 2149 2990 2221 contrarientur,
3043 2149 3142 2205 sed
3194 2151 3484 2221 quatenus
3541 2146 3792 2220 qualita-

2146 2239 2310 2295 tibus
2375 2243 2518 2295 sunt
2582 2239 2841 2312 praedita.
2901 2237 3169 2294 Calidum
3228 2236 3386 2293 enim
3443 2236 3676 2310 frigido,
3736 2241 3796 2292 et

2147 2328 2372 2385 siccum
2403 2328 2649 2384 humido
2680 2327 3013 2401 opponitur.

2220 2419 2309 2472 10.
2341 2421 2412 2471 Ει
2438 2434 2574 2473 vero
2595 2417 2770 2473 etiam
2793 2416 2924 2472 aliis
2951 2415 3156 2473 multis
3187 2415 3465 2486 competit
3493 2415 3621 2488 hoc,
3644 2414 3794 2471 nihil

2147 2506 2362 2562 habere
2392 2507 2772 2576 contrarium,
2804 2510 2870 2561 ut
2919 2506 3123 2578 ﬁguris
3153 2509 3210 2560 et
3239 2503 3447 2560 mediis
3477 2503 3790 2572 coloribus,

2148 2595 2346 2659 rubro,
2372 2595 2539 2663 ﬂavo,
2563 2595 2724 2650 fusco
2747 2600 2805 2650 et
2827 2594 3153 2662 similibus;
3177 2598 3235 2650 et
3255 2593 3512 2649 definitis
3534 2593 3789 2664 quantis.
3837 2591 3840 2594 ’

2147 2685 2270 2739 Non
2323 2688 2410 2739 est
2463 2688 2658 2740 autem
2710 2684 2794 2740 eis
2843 2683 3226 2750 contrarium,
3265 2684 3416 2738 177
3469 2699 3541 2738 ne
3589 2686 3797 2738 natura

2148 2772 2623 2844 deprehendatur
2655 2773 2877 2845 injusta
2906 2788 3054 2840 esse,
3079 2789 3205 2844 quae
3232 2772 3335 2826 uni
3364 2770 3552 2827 multa
3574 2774 3798 2827 contra-

2147 2862 2235 2916 ria
2266 2862 2560 2932 objecerit.

2220 2969 2307 3023 11.
2339 2967 2589 3023 Deﬁnita
2635 2985 2805 3040 porro
2851 2972 3072 3041 quanta
3101 2967 3396 3037 dicuntur,
3430 2982 3794 3038 quaecunque

2149 3056 2410 3128 aliquam
2468 3057 2696 3112 finitam
2757 3057 3143 3130 quantitatem
3211 3055 3458 3122 habent,
3517 3059 3583 3110 ut
3644 3055 3792 3122 duo,

2148 3149 2430 3218 quinque,
2481 3147 2701 3218 decem,
2759 3151 2814 3202 et
2861 3145 3208 3215 bicubitum,
3241 3143 3790 3216 quinquecubitum,

2149 3234 2539 3290 decicubitum
2590 3240 2647 3290 et
2693 3233 2950 3302 similia;
3004 3251 3110 3290 nec
3158 3233 3269 3306 (ex)
3321 3232 3667 3289 habitudine
3713 3233 3786 3288 ad

2151 3323 2401 3380 alterum
2425 3324 2721 3392 dicuntur,
2745 3324 3244 3396 quemadmodum
3274 3338 3557 3395 magnum
3578 3325 3634 3377 et
3661 3337 3794 3393 par-

2148 3430 2306 3481 vum,
2340 3417 2396 3468 et
2425 3413 2677 3469 multum
2707 3417 2764 3469 et
2805 3429 3078 3486 paucum.

2215 3522 2302 3576 12.
2335 3521 2565 3576 Etenim
2598 3520 2718 3576 hac
2750 3521 2822 3577 ad
2864 3519 3087 3592 aliquid
3135 3523 3192 3575 et
3235 3536 3352 3575 non
3383 3520 3601 3590 quanta
3629 3521 3788 3584 sunt,

2143 3613 2200 3667 et
2231 3615 2608 3681 opponuntur
2637 3608 2748 3665 sibi
2781 3609 3026 3665 invicem
3070 3625 3186 3664 non
3231 3612 3296 3662 ut
3347 3606 3656 3673 contraria,
3688 3606 3788 3662 sed

2144 3702 2208 3754 ut
2235 3715 2302 3754 ea
2332 3716 2458 3770 qua:
2489 3703 2629 3755 sunt
2658 3699 2730 3754 ad
2774 3697 3016 3769 aliquid.
3051 3699 3329 3770 Magnum
3361 3695 3517 3751 enim
3551 3695 3623 3751 ad
3656 3712 3789 3766 par-

2140 3804 2278 3844 vum
2302 3789 2516 3843 dicitur
2536 3804 2840 3860 magnum,
2855 3791 2911 3844 et
2935 3786 3187 3843 multum
3206 3787 3278 3841 ad
3301 3800 3556 3858 pauoum
3572 3783 3789 3840 dicitur

2143 3875 2417 3932 multum.
2450 3880 2520 3932 Et
2573 3875 2860 3948 siquidem
2909 3874 3053 3932 talia
3093 3879 3289 3932 essent
3319 3873 3627 3942 contraria,
3658 3871 3789 3944 qui-

2143 3981 2328 4020 unum
2359 3969 2416 4021 et
2443 3965 2598 4020 idem
2629 3969 2823 4038 potest
2853 3980 2982 4020 esse
3012 3967 3070 4020 et
3100 3979 3382 4035 magnum
3421 3965 3478 4018 et
3521 3977 3787 4035 parvum,

2141 4058 2198 4109 et
2228 4053 2482 4108 multum
2522 4058 2580 4109 et
2618 4070 2893 4126 paucum,
2925 4069 3059 4108 cum
3110 4052 3182 4108 ad
3230 4050 3390 4108 aliud
3429 4055 3600 4122 atque
3628 4049 3789 4106 aliud

2142 4142 2503 4210 assumitur;
2537 4142 2595 4196 in
2627 4158 2746 4197 uno
2768 4141 3028 4210 subjecto
3056 4139 3236 4196 simul
3257 4139 3547 4196 contraria
3566 4138 3787 4206 forent;

2142 4235 2243 4286 aut
2273 4231 2470 4302 potius
2501 4231 2657 4286 idem
2700 4232 2792 4286 sui
2830 4230 3022 4302 ipsius
3052 4231 3200 4286 foret
3228 4227 3583 4286 contrarium
3614 4227 3788 4298 (quod

2143 4325 2460 4391 utrumque
2490 4321 2813 4376 absurdum
2845 4324 2976 4388 est).

2216 4410 2304 4464 13.
2339 4409 2564 4464 Dicitur
2596 4413 2790 4465 autem
2824 4408 2996 4464 etiam
3046 4407 3356 4479 aliquando
3402 4410 3460 4461 et
3510 4419 3792 4476 magnum

2143 4502 2202 4554 et
2230 4496 2483 4552 multum
2518 4497 2645 4552 sine
2680 4496 3022 4552 habitudine
3053 4500 3178 4566 (seu
3213 4495 3500 4566 absolute)
3522 4505 3654 4549 cum
3688 4509 3792 4564 pro

2143 4590 2360 4658 quanto
2381 4585 2614 4641 infinito
2639 4585 2962 4657 accipitur;
2997 4589 3062 4640 ut
3084 4585 3332 4640 dicimus
3358 4600 3372 4639 :
3401 4585 3586 4650 Quam
3609 4580 3794 4638 multa

2145 4678 2236 4731 est
2260 4675 2624 4732 abundantia
2646 4674 2922 4731 bonitatis
2946 4679 3078 4742 tuas,
3105 4673 3366 4743 Domine,
3390 4677 3447 4729 et
3475 4687 3686 4743 magna
3706 4673 3795 4726 est

2063 4746 2111 4809 D
2145 4768 2250 4820 tua
2277 4781 2416 4837 erga
2447 4781 2540 4820 me
2572 4763 2990 4820 misericordia.

2233 4855 2319 4908 l7
2329 4853 2376 4908 8
2411 4854 2497 4908 14.
2534 4852 2818 4924 Competit
2844 4851 3184 4908 substantia:
3227 4854 3285 4906 et
3332 4848 3459 4916 hoc,
3492 4864 3608 4904 non
3647 4847 3794 4903 reci-

2152 4959 2286 5013 pere
2308 4943 2497 5014 magis
2518 4947 2575 4997 et
2599 4942 2816 5011 minus,
2841 4942 3028 5011 quoad
3052 4957 3159 4996 sua
3179 4938 3444 4995 videlicet
3468 4937 3790 4993 individua.

2150 5031 2342 5087 Veluti
2375 5031 2619 5101 quodvis
2651 5029 2992 5086 substantiae
3023 5028 3457 5084 individuorum
3489 5043 3604 5082 non
3645 5027 3795 5082 dici-

2150 5124 2250 5175 tur
2303 5119 2492 5192 magis
2543 5123 2599 5174 et
2653 5119 2851 5174 minus
2899 5117 3042 5172 illud
3091 5117 3242 5189 quod
3282 5115 3648 5172 nominatum
3678 5119 3788 5172 est.

2151 5209 2378 5264 Etenim
2409 5209 2615 5264 Petrus
2663 5212 2722 5262 et
2763 5206 2976 5262 Paulus
3006 5223 3142 5261 cum
3175 5205 3476 5261 individua
3503 5203 3622 5262 sint
3651 5204 3791 5260 sub-

2149 5297 2399 5366 stantiae,
2435 5296 2702 5352 homines
2732 5295 3019 5350 nominati
3049 5299 3189 5351 sunt
3225 5294 3549 5351 secundum
3581 5292 3790 5349 huma-

2150 5403 2283 5442 nam
2317 5385 2592 5457 speciem,
2615 5401 2729 5457 qua
2759 5385 3134 5440 continentur
3154 5400 3259 5440 nec
3291 5385 3477 5456 magis
3508 5387 3564 5438 et
3593 5381 3792 5438 minus

2148 5475 2415 5530 homines
2439 5475 2735 5529 dicuntur.
2761 5474 2957 5546 Neque
2983 5474 3138 5529 enim
3163 5473 3366 5528 Petrus
3398 5471 3586 5544 magis
3618 5470 3792 5526 homo

2147 5563 2382 5629 dicitur,
2404 5567 2505 5619 aut
2528 5563 2747 5620 Paulus
2778 5563 2976 5619 minus
3008 5563 3203 5631 homo,
3226 5568 3328 5618 aut
3357 5560 3568 5632 aliquis
3597 5560 3791 5632 seipso

2148 5651 2291 5708 alias
2344 5653 2535 5725 magis
2582 5652 2776 5720 homo,
2824 5651 2970 5708 alias
3016 5669 3149 5708 vero
3204 5653 3400 5706 minus
3446 5650 3641 5706 homo.
3674 5647 3791 5704 Hoc

2146 5741 2325 5796 etiam
2356 5742 2427 5797 de
2456 5742 2620 5814 equis
2660 5747 2717 5797 et
2759 5741 3054 5815 lapidibus
3102 5746 3159 5797 et
3199 5738 3419 5795 caeteris
3446 5735 3789 5795 substantiae

2149 5830 2468 5889 individuis
2500 5831 2584 5888 sic
2615 5830 3018 5905 accipiendum
3049 5835 3156 5888 est.
