4108 6448
341 462 462 528 827
1595 465 2017 530 NICEPHORJ
2059 465 2497 529 BLEMMIDE
3624 468 3746 532 838

419 599 504 656 15.
537 598 1014 671 Quandoquidem
1061 616 1205 657 sane
1261 598 1606 674 simpliciter
1650 600 1982 658 substantia

2167 600 2245 655 ιε’.
2280 600 2428 654 Ἐπεί
2478 600 2563 655 τοί
2608 621 2671 676 γε
2715 600 2906 664 ἁπλῶς
2946 603 2982 671 ἡ
3015 600 3169 656 οὐσία
3216 600 3353 656 κατὰ
3405 601 3468 656 τὸ
3531 601 3741 674 μᾶλλον

343 689 666 745 secundum
696 689 888 761 magis
933 694 993 746 et
1040 690 1238 747 minus
1281 690 1394 746 dici
1438 696 1648 762 queat;
1683 695 1988 762 propterea

342 778 498 848 quod
517 777 631 833 alia
647 778 980 835 substantia
999 779 1188 852 magis
1209 779 1561 847 substantia,
1577 783 1634 834 et
1655 777 1770 834 alia
1786 779 1984 835 minus

345 867 739 940 cognoscitur.

418 957 505 1012 16.
563 955 757 1014 Veluti
813 957 1068 1014 materias
1125 975 1328 1031 expers
1383 963 1441 1014 et
1506 959 1988 1032 supramundana

345 1045 696 1113 substantia,
721 1062 894 1118 quam
927 1047 1050 1103 haec
1080 1048 1382 1104 mundana
1410 1054 1466 1105 et
1495 1048 1818 1105 materialis
1847 1064 1984 1104 con-

345 1150 522 1193 sensu
551 1135 818 1192 omnium
864 1136 1054 1209 magis
1098 1142 1187 1193 est
1232 1138 1582 1194 substantia.
1617 1138 1800 1211 Magis
1828 1137 1984 1194 enim

345 1240 473 1282 esse
500 1224 811 1296 (convenit)
843 1224 962 1282 illis
991 1243 1118 1296 quis
1146 1225 1206 1282 in
1237 1231 1395 1283 statu
1427 1231 1569 1284 sunt
1598 1232 1832 1300 propter
1861 1242 1986 1281 ma-

342 1313 502 1371 terie
531 1313 902 1383 vacuitatem,
935 1332 1110 1387 quam
1141 1314 1259 1372 illis
1287 1333 1414 1387 quis
1445 1321 1583 1372 sunt
1624 1317 1682 1371 in
1725 1314 1987 1372 instabili

347 1402 506 1461 ﬂuxu
539 1403 817 1460 materiis.

419 1493 505 1548 17.
538 1493 765 1549 Rursus
797 1497 992 1550 autem
1036 1494 1166 1566 ipsa
1212 1494 1456 1551 materia
1503 1512 1642 1552 sane
1692 1501 1749 1552 et
1800 1496 1988 1552 forma

346 1586 626 1654 apparent
653 1599 783 1638 esse
811 1583 1009 1639 minus
1039 1584 1378 1640 substantias
1415 1601 1588 1656 quam
1634 1600 1702 1640 ea
1747 1603 1872 1656 quae
1919 1602 1989 1642 ex

345 1671 493 1741 ipsis
521 1672 845 1744 composita
871 1677 982 1740 est,
1009 1677 1315 1745 propterea
1342 1675 1496 1745 quod
1528 1691 1711 1746 neque
1742 1675 1989 1730 materia

346 1775 452 1833 per
479 1776 563 1831 se,
595 1777 780 1832 neque
809 1761 998 1817 forma
1029 1778 1131 1834 per
1158 1779 1221 1818 se
1250 1763 1565 1835 perfectam
1596 1763 1810 1819 habeat
1840 1761 1988 1816 ὁντό-

344 1867 503 1917 τητα,
535 1849 704 1920 quasi
733 1849 896 1906 dicas
924 1851 1250 1921 entitatem,
1291 1867 1394 1907 seu
1444 1852 1801 1922 conjunctim
1851 1868 1986 1923 pos-

345 1937 466 1996 sint
493 1938 853 1995 considerari
885 1941 1212 1995 secundum
1241 1940 1643 1996 exsistentiam
1674 1959 1688 2009 ;
1745 1945 1803 1996 et
1832 1942 1986 1996 119
2017 1976 2066 2041 Β

346 2031 654 2101 propterea
681 2031 912 2085 tantum
950 2029 1104 2100 quod
1135 2029 1478 2086 substantia
1507 2029 1796 2086 elementa
1827 2034 1986 2098 sunt,

348 2132 561 2175 nomen
605 2116 950 2174 substantia
979 2117 1347 2189 participant.

420 2207 509 2262 18.
545 2207 737 2278 Ipsius
767 2210 962 2263 autem
992 2206 1250 2263 vicissim
1282 2208 1614 2280 composita:
1647 2208 1990 2265 substantia

349 2294 692 2351 Aristoteles
719 2294 1021 2351 individua
1051 2296 1241 2369 magis
1269 2312 1400 2353 esse
1435 2297 1576 2353 dicit
1605 2297 1987 2369 substantias,

347 2387 408 2442 et
434 2384 660 2457 species
691 2385 890 2440 minus
920 2384 1318 2454 substantias;
1359 2390 1417 2441 et
1446 2385 1538 2441 his
1568 2386 1760 2442 adhuc
1790 2387 1990 2443 minus

347 2473 524 2546 (ipsa)
553 2489 786 2547 genera,
819 2475 892 2530 de
922 2491 1034 2546 quo
1069 2475 1197 2546 jam
1227 2479 1361 2531 ante
1391 2474 1668 2531 diximus.

421 2580 507 2635 19.
539 2581 817 2636 Convenit
845 2580 1022 2636 etiam
1053 2582 1250 2653 ipsum
1281 2582 1536 2654 recipere
1567 2583 1755 2656 magis
1784 2587 1840 2638 et
1879 2583 1990 2638 mi-

349 2685 463 2726 nus
513 2670 702 2741 quoad
753 2669 973 2724 dictum
1024 2671 1265 2726 modum
1314 2671 1590 2727 omnibus
1630 2672 1843 2742 quibus
1873 2689 1989 2727 non

349 2758 563 2814 habere
593 2756 812 2830 aliquid
855 2757 1232 2814 contrarium.
1267 2759 1414 2814 Nam
1454 2758 1642 2831 magis
1689 2764 1747 2816 et
1793 2760 1990 2816 minus

348 2846 440 2902 via
469 2851 556 2903 est
584 2847 657 2902 ad
689 2847 997 2903 contraria.
1033 2847 1204 2903 Velut
1231 2848 1291 2902 in
1322 2849 1643 2905 mutatione
1682 2866 1750 2904 ex
1783 2849 1991 2920 frigido

352 2936 412 2992 in
442 2935 696 2992 calidum
728 2936 784 2992 id
815 2937 968 3007 quod
999 2941 1172 2993 antea
1200 2937 1478 3009 frigidum
1517 2942 1640 2994 erat
1683 2939 1749 2993 ﬁt
1795 2939 1992 2994 minus

354 3025 678 3098 frigidum;
729 3029 786 3081 et
831 3030 972 3080 tunc
1028 3025 1549 3097 quomodocunque
1598 3026 1878 3095 calidum,
1927 3028 1994 3082 fit

353 3114 564 3170 deinde
593 3113 782 3186 magis
826 3114 1103 3170 calidum.

420 3221 512 3275 20.
559 3219 812 3274 Maxime
867 3223 1062 3274 autem
1129 3221 1431 3292 proprium
1497 3225 1586 3277 est
1651 3222 1993 3278 substantia

2093 688 2180 742 καὶ
2211 693 2373 757 ἦττον
2422 688 2644 764 λεχθείη
2707 690 2767 746 ἂν
2823 689 2913 745 διὰ
2963 691 3026 746 τὸ
3074 689 3257 745 οὐσίαν
3317 688 3499 761 ἄλλης
3555 689 3743 753 οὐσίας

2097 776 2310 849 μᾶλλον
2343 777 2553 849 οὐσίαν,
2582 780 2672 833 καὶ
2704 779 2885 856 ἑτέρας
2913 783 3075 849 ἦττον
3105 781 3480 855 γινώσκεσθαι.

2169 964 2253 1020 ις’.
2294 959 2421 1012 Οἴον
2451 960 2486 1026 ἡ
2525 958 2618 1031 μὲν
2671 958 2839 1021 ἂϋλος
2893 958 3049 1013 οὐσία
3094 959 3183 1012 καὶ
3233 957 3595 1034 ὑπερκόσμιος
3639 964 3745 1026 τῆς

2094 1043 2386 1120 ἐγκοσμίω.»
2440 1046 2644 1116 ταύτης
2699 1048 2788 1102 καὶ
2846 1045 3060 1117 ὑλικῆς,
3117 1046 3575 1121 ὁμολογουμένως
3630 1045 3744 1101 ἐστὶ

2098 1131 2309 1204 μᾶλλον
2369 1135 2541 1192 οὐσία.
2601 1134 2826 1191 Μᾶλλον
2884 1137 2986 1210 γὰρ
3043 1137 3105 1190 τὸ
3162 1135 3296 1190 εἶναι
3343 1140 3461 1197 τοῖς
3515 1135 3568 1189 ἐν
3623 1134 3746 1188 στά-

2094 1243 2171 1277 σει
2225 1220 2316 1278 διὰ
2383 1225 2483 1292 τήν
2543 1224 2758 1293 ἆϋλίαν,
2809 1227 2845 1294 ἣ
2897 1230 3013 1286 τοῖς
3070 1223 3122 1280 ἐν
3161 1224 3376 1296 ἀστάτῳ
3431 1231 3533 1293 τῆς
3603 1221 3746 1293 ὕλης

2097 1332 2221 1387 ροῃ.

2170 1496 2250 1560 ιζ’.
2281 1492 2433 1561 Αὕτη
2493 1491 2551 1548 δι
2599 1492 2763 1548 πάλιν
2797 1497 2831 1563 ἡ
2863 1490 2993 1564 ὅλη,
3024 1494 3264 1568 καθάπερ
3323 1489 3392 1559 δὴ
3449 1492 3540 1546 καὶ
3575 1491 3639 1546 τὸ
3669 1510 3746 1545 ει-

2097 1581 2212 1650 δος,
2242 1586 2404 1652 ἧττον
2439 1581 2615 1637 οὐσίαι
2655 1589 2755 1651 τῆς
2815 1581 2866 1653 ἐξ
2919 1581 3094 1637 αὐτῶν
3151 1579 3563 1653 συντιθειμένης
3619 1579 3742 1657 γαί-

2095 1693 2277 1728 νονται
2303 1672 2437 1726 εἶναι
2469 1669 2647 1726 διὰτὸ
2682 1673 2820 1744 μήτε
2863 1672 2962 1739 τὴν
3013 1670 3152 1740 ὅλην
3207 1670 3324 1724 καθ’
3371 1669 3566 1738 αὐτὴν,
3626 1671 3740 1741 μή-

2093 1783 2152 1817 τε
2179 1762 2242 1816 τὸ
2288 1758 2430 1822 εἶδος
2485 1761 2600 1815 καθ’
2651 1761 2808 1814 ἑαυτὸ
2855 1758 3067 1822 τελείας
3128 1758 3375 1834 μετέχειν
3425 1758 3742 1828 ὀντότητος,

2097 1849 2242 1906 ἀλλὰ
2270 1849 2364 1905 σὺν
2398 1848 2673 1920 ἀλλήλοις
2703 1846 2954 1904 δύνασθαι
3001 1849 3317 1924 θεωρεῖσθαι
3374 1848 3740 1921 ὑπαρκτικῶς·

2095 1940 2185 1995 καὶ
2217 1939 2351 2003 καθὸ
2385 1939 2548 2012 μόνον
2581 1938 2764 2001 οὐσίας
2811 1943 3054 2014 στοχεῖα,
3087 1938 3224 1994 κατὰ
3270 1942 3433 1993 τοῦτο
3488 1941 3585 1991 τοῦ
3642 1943 3746 2005 τῆς

2098 2029 2282 2091 οὐσίας
2316 2027 2560 2104 μετέχειν
2594 2027 2883 2101 ὀνόματος.

2173 2209 2264 2277 ιη’.
2293 2206 2474 2276 Αὐτῆς
2505 2204 2562 2261 δὲ
2591 2205 2756 2261 πάλιν
2785 2213 2888 2275 τῆς
2919 2206 3168 2261 συνθέτου
3214 2204 3398 2266 οὐσίας
3444 2204 3512 2258 τὰ
3567 2204 3745 2277 ἄτομα

2099 2297 2128 2351 ὁ
2158 2293 2549 2372 Ἀριστοτέλης
2587 2293 2799 2367 μᾶλλον
2836 2293 3020 2357 οὐσίας
3050 2294 3204 2372 φησὶ,
3231 2293 3321 2348 καὶ
3369 2296 3530 2362 ἦττον
3563 2292 3748 2354 οὐσίας

2096 2385 2164 2440 τὰ
2219 2381 2359 2456 εἴδη,
2400 2384 2491 2438 καὶ
2543 2384 2750 2439 τούτων
2803 2387 2964 2452 ἧττον
3014 2380 3090 2438 ἔτι
3136 2383 3205 2438 τὰ
3256 2381 3407 2458 γένη.
3458 2381 3557 2436 Καὶ
3624 2380 3747 2456 περὶ

2097 2473 2292 2530 τούτου
2321 2473 2611 2550 φθάσαντες
2643 2469 2888 2546 εἴπομεν.

2173 2582 2253 2638 ιθ’.
2285 2580 2545 2656 Πρόσεστι
2603 2580 2666 2634 τὸ
2727 2579 2802 2652 μὴ
2861 2576 3204 2654 ἐπιδέχεσθαι
3259 2577 3322 2632 τὸ
3381 2574 3594 2650 μᾶλλον
3652 2576 3742 2630 καὶ

2099 2674 2280 2741 ἧττον,
2312 2668 2448 2725 κατᾶ
2502 2667 2596 2723 τὸν
2643 2667 2930 2744 εἰρημένον
2977 2665 3200 2740 τρόπον,
3231 2666 3320 2721 καὶ
3377 2671 3537 2720 πᾶσιν
3567 2666 3653 2726 οἷς
3681 2663 3744 2719 τὸ

2105 2760 2181 2834 μὴ
2247 2757 2394 2835 ἔχειν
2461 2780 2516 2813 τι
2563 2756 2818 2814 ἐναντίον.
2874 2757 2945 2811 Τὸ
2999 2756 3102 2832 γὰρ
3165 2752 3376 2826 μᾶλλον
3432 2755 3521 2809 καὶ
3578 2755 3740 2822 ἧττον

2101 2847 2227 2911 ὁδός
2285 2849 2423 2902 ἐστιν
2489 2846 2574 2902 ἐπὶ
2631 2845 2899 2901 τᾶναντίιν
2958 2847 3074 2900 οἷον
3114 2843 3200 2899 ἐπὶ
3255 2851 3359 2913 τῆς
3413 2842 3470 2898 ἐκ
3527 2845 3744 2918 ψυχροῦ

2105 2933 2418 3012 μεταϐολῆς
2476 2936 2554 2998 εἷς
2598 2935 2820 3010 θερμὸν,
2866 2937 3028 3003 ἦττον
3084 2933 3295 3008 ψυχρὸν
3347 2933 3550 3005 γίνεται
3609 2931 3743 3006 πρό-

2099 3048 2253 3103 τερον
2310 3027 2374 3082 τὸ
2431 3025 2662 3101 ψυχρὸν,
2718 3023 2808 3079 καὶ
2861 3023 2986 3078 τότε
3054 3024 3253 3099 θερμὸν
3309 3023 3578 3091 ὁπωσοῦν,
3634 3020 3747 3075 εἶτα

2106 3115 2318 3191 μᾶλλον
2350 3115 2571 3191 θερμόν.

2173 3230 2236 3281 κ’.
2268 3220 2435 3278 ’Ἱδιον
2466 3219 2522 3276 δὲ
2557 3220 2792 3293 μάλιστα
2818 3222 2916 3288 τῆς
2966 3218 3219 3274 συνθέτου
3268 3216 3453 3279 οὐσίας
3503 3218 3567 3271 τὸ
3621 3213 3745 3270 ἕκα-

354 3310 689 3382 οοωροεὶιω
744 3308 876 3375 hoc,
921 3311 1378 3381 unumquodque
1425 3310 1615 3382 ipsius
1663 3311 1992 3368 individuo-

2114 3333 2226 3368 πον
2282 3317 2388 3367 τῶν
2448 3312 2640 3380 ἑαυτῆς
2699 3309 2918 3382 ἀτόμων
2969 3308 3290 3364 ὑποπίπτειν
3349 3327 3407 3362 τε
3448 3304 3626 3376 δείξει,
3659 3305 3748 3360 καὶ

2150 3399 2194 3409 ,Α
2387 3398 2404 3409 ι
2431 3401 2441 3409 ι
2551 3401 2572 3409 Α
2765 3397 2778 3409 a
2940 3397 2952 3409 a
3062 3397 3076 3409 ι
3185 3397 3197 3409 α
3345 3399 3372 3409 ην
3576 3389 3607 3409 ⁸
3656 3400 3664 3409 ι
3693 3394 3710 3409 \

354 3415 486 3454 rum
534 3402 592 3454 et
643 3397 753 3452 sub
806 3398 1201 3454 ostensionem
1251 3400 1456 3455 cadere
1509 3404 1562 3455 et
1609 3399 1719 3456 hoc
1772 3399 1991 3471 aliquid

356 3485 490 3555 dici,
513 3491 572 3542 et
598 3487 786 3558 quoad
818 3487 910 3543 sui
943 3489 1325 3544 mutationem
1355 3505 1527 3560 posse
1545 3489 1834 3545 contraria
1861 3507 1994 3546 sus-

356 3575 548 3648 cipere
604 3575 862 3632 alterius.
915 3576 1062 3632 Fieri
1122 3577 1278 3632 enim
1338 3595 1452 3633 non
1512 3583 1703 3650 potest
1758 3583 1824 3634 ut
1877 3581 1994 3634 duo

356 3663 648 3721 contraria
692 3663 753 3720 in
799 3664 1004 3720 eodem
1049 3666 1310 3737 subjecto
1353 3666 1528 3722 simul
1561 3667 1900 3724 consistant.
1933 3668 1994 3724 Si

356 3753 514 3810 enim
544 3753 832 3809 contraria
874 3759 1014 3810 sunt
1055 3755 1394 3821 accidentia,
1424 3756 1683 3813 vicissim
1732 3757 1791 3812 in
1841 3758 1995 3812 indi-

355 3841 547 3899 viduis
578 3842 732 3899 180
761 3843 1103 3899 substantiae
1135 3845 1469 3916 composita:
1501 3851 1633 3901 actu
1665 3847 1994 3903 considera-

355 3931 599 3989 buntur.

427 4021 519 4075 21.
550 4019 891 4092 Quanquam
939 4038 1055 4077 non
1107 4022 1308 4078 omnia
1354 4023 1415 4078 in
1465 4024 1624 4078 omni
1672 4024 1990 4080 individuo.

358 4109 554 4181 Neque
582 4109 740 4165 enim
769 4109 923 4182 ignis
962 4115 1028 4165 ut
1073 4115 1308 4166 maneat
1334 4111 1510 4184 ignis,
1543 4130 1800 4184 unquam
1832 4114 1995 4186 frigi-

357 4199 470 4254 dus
498 4198 624 4255 ﬁeri
655 4203 847 4269 queat,
878 4202 981 4254 aut
1007 4216 1159 4270 aqua
1197 4199 1371 4255 sicca.
1404 4201 1550 4255 Nam
1597 4201 1750 4274 ignis
1796 4203 1996 4258 calidi-

357 4292 451 4344 tas
479 4291 538 4343 et
567 4305 727 4359 aqua:
759 4288 1083 4344 bumiditas
1114 4304 1231 4345 non
1261 4289 1608 4362 simpliciter
1636 4290 1728 4346 his
1756 4291 2000 4362 qualita-

358 4381 471 4446 tes,
528 4377 630 4434 sed
687 4376 1028 4434 essentiales
1080 4384 1220 4433 sunt
1267 4378 1624 4449 differentia,
1684 4380 1996 4436 essentiam

359 4465 718 4539 complentes
743 4483 757 4535 ;
789 4482 896 4521 nec
919 4465 1074 4539 ignis
1105 4471 1164 4522 et
1191 4483 1344 4539 aqua
1369 4469 1663 4523 manentia
1687 4486 1812 4539 qua:
1838 4473 2000 4537 sunt,

360 4554 434 4611 ab
491 4554 609 4611 illis
665 4571 793 4626 qum
843 4556 1168 4611 secundum
1217 4556 1534 4612 essentiam
1591 4556 1831 4624 habent,
1881 4558 2000 4615 ullo

362 4646 536 4702 modo
567 4644 847 4702 dimoveri
878 4648 1128 4717 possunt
1153 4645 1242 4700 vel
1273 4645 1449 4701 etiam
1479 4644 1607 4702 sola
1635 4647 1850 4703 mentis
1895 4665 1998 4704 no-

358 4734 537 4792 tione.

428 4827 520 4880 22.
561 4823 663 4880 Illa
708 4823 865 4880 enim
912 4822 1126 4895 quibus
1177 4827 1388 4879 natura
1435 4827 1492 4879 et
1539 4824 2003 4896 inseparabiliter

361 4911 609 4969 alterum
639 4913 1067 4970 contrariorum
1118 4929 1232 4967 non
1283 4912 1455 4984 inest,
1501 4917 1814 4984 utrumque
1864 4930 2002 4970 con-

361 5000 674 5057 trariorum
726 5018 827 5072 per
871 5002 1028 5058 vices
1065 5000 1364 5074 suscipere
1393 5007 1662 5074 possunt.
1697 5002 2005 5075 Propterea

361 5089 536 5148 etiam
593 5105 800 5146 corvus
855 5091 1208 5164 cogitabitur
1262 5091 1409 5147 forte
1464 5090 1654 5160 albus,
1702 5093 1854 5163 quod
1911 5093 2000 5147 ni-

361 5195 532 5253 grum
588 5178 641 5234 ei
688 5195 804 5234 non
852 5185 1144 5251 competat
1191 5180 1597 5249 essentialiter,
1629 5186 1762 5237 actu
1805 5187 2000 5238 tamen

360 5273 422 5326 et
467 5284 666 5324 revera
710 5284 1013 5338 nunquam
1061 5269 1231 5325 albus
1281 5271 1473 5338 fuerit,
1508 5274 1813 5344 propterea
1849 5272 1999 5342 quod

359 5362 417 5416 et
480 5356 619 5414 huic
685 5356 920 5428 nigrum
987 5358 1093 5414 etsi
1161 5375 1276 5413 non
1344 5358 1751 5426 essentialiter,
1802 5366 2000 5418 tamen

360 5449 476 5505 alio
534 5446 708 5503 modo
762 5445 934 5513 inest,
986 5451 1054 5501 ut
1108 5448 1366 5518 separari
1415 5465 1529 5503 non
1584 5448 1790 5521 possit.
1839 5449 2000 5522 Ignis

358 5538 595 5612 quidem
624 5536 807 5609 igitur
852 5535 1118 5608 frigidus,
1149 5542 1253 5590 aut
1281 5553 1429 5606 aqua
1455 5539 1610 5593 sicca
1651 5555 1724 5594 ne
1763 5538 1998 5608 quidem

357 5627 730 5700 cogitabitur.
789 5628 930 5680 Cum
989 5629 1186 5680 autem
1241 5624 1396 5696 ignis
1453 5625 1701 5682 humida
1756 5627 2002 5683 materia

358 5716 638 5784 nutritur,
672 5714 954 5771 humidus
1000 5711 1128 5784 erit,
1162 5713 1352 5782 quoad
1401 5730 1684 5782 sensum;
1716 5716 1999 5785 quem-ad-

2031 4707 2079 4771 D

2100 3399 2226 3456 τόδε
2278 3421 2332 3455 τι
2387 3398 2634 3474 λέγεσθαι
2691 3397 2781 3452 καὶ
2828 3397 2964 3452 κατὰ
3016 3397 3116 3464 τήν
3185 3397 3376 3451 ἑαυτοῦ
3439 3389 3745 3468 μεταϐολὴν

2101 3495 2208 3545 τῶν
2255 3487 2506 3544 ἐναντίων
2562 3487 2694 3541 εἶναι
2742 3483 2992 3554 δεκτικήν
3037 3484 3184 3559 παρὰ
3235 3485 3419 3560 μέρος.
3463 3480 3747 3540 Ἀδύνατον

2103 3579 2206 3655 γὰρ
2262 3577 2314 3632 ἐν
2368 3580 2446 3648 τῷ
2502 3575 2648 3646 αὐτῷ
2705 3575 3044 3647 ὑποκειμένῳ
3093 3570 3188 3628 δύο
3237 3571 3447 3629 ἐναντία
3494 3577 3747 3640 συστῆναι

2101 3669 2238 3722 κατὰ
2290 3665 2504 3721 ταυτόν.
2565 3664 2629 3719 Εἰ
2683 3663 2785 3739 γὰρ
2841 3662 3092 3718 τάναντία
3165 3656 3550 3735 συμϐεϐηκότα
3616 3658 3747 3727 ἐστὶ,

2103 3757 2251 3832 παρὰ
2310 3757 2474 3831 μέρος
2534 3753 2585 3809 έν
2642 3758 2759 3815 τοῖς
2815 3751 3042 3825 ἀτόμοις
3100 3754 3198 3820 τῆς
3255 3751 3505 3814 συνθέτου
3564 3748 3748 3809 οὐσίας

2105 3845 2340 3923 ἐνεργείᾳ
2371 3845 2796 3916 θεωρηθήσεται.

2176 4031 2277 4080 κα’.
2303 4023 2457 4090 Πλὴν
2489 4021 2589 4076 οὐκ
2619 4019 2670 4076 ἐν
2704 4019 2862 4075 παντὶ
2895 4019 3087 4092 ἀτόμῳ
3124 4018 3189 4072 τὰ
3241 4018 3432 4073 πάντα.
3467 4013 3604 4071 οὐδὲ
3651 4014 3756 4090 γὰρ

2105 4115 2168 4168 τὸ
2195 4117 2301 4188 πῦρ
2333 4111 2531 4186 γένοιτ’
2564 4106 2622 4164 ἄν
2652 4129 2785 4164 ποτε
2813 4107 3045 4184 ψυχρὸν,
3083 4106 3241 4180 μένον
3284 4110 3412 4179 1:69-
3443 4107 3478 4173 ἣ
3507 4105 3569 4159 τὸ
3603 4101 3756 4178 ὕδωρ

2105 4201 2290 4278 ξηρόν·
2324 4202 2385 4255 Ἡ
2432 4200 2531 4275 γὰρ
2588 4203 2684 4253 τοῦ
2743 4197 2914 4273 πυρὸς
2943 4191 3237 4273 θερμότης,
3265 4194 3419 4262 καὶὴ
3477 4197 3574 4248 τοῦ
3628 4191 3754 4248 ὕδα-

2106 4313 2197 4353 τος
2258 4290 2513 4366 ὑγρότης,
2575 4287 2683 4362 οὐχ
2741 4285 2929 4348 ἁπλῶς
2984 4285 3275 4355 ποιότητες
3328 4283 3545 4346 τούτοις
3603 4281 3754 4337 εἰσίν.

2107 4377 2235 4435 ἀλλ’
2265 4374 2546 4438 οὐσιώδεις
2595 4373 2871 4453 διαφοραὶ,
2904 4371 3360 4447 συμπληρωτικαῖ
3412 4379 3512 4441 τῆς
3573 4370 3754 4432 οὐσίας

2109 4467 2303 4523 αὐτῶν
2354 4466 2443 4520 καὶ
2505 4464 2604 4519 οὐκ
2661 4464 2721 4518 ἂν
2783 4463 3013 4536 μένοντα
3060 4463 3124 4517 τὸ
3181 4466 3287 4538 πῦρ
3342 4460 3433 4516 καὶ
3488 4461 3552 4516 τὸ
3607 4459 3753 4533 ὕδωρ

2111 4558 2244 4633 ἅπερ
2278 4555 2409 4628 ἐστὶ,
2439 4559 2546 4610 τῶν
2603 4555 2719 4608 κατ’
2779 4551 2960 4608 οὐσίαν
3015 4551 3198 4614 αὐτοῖς
3259 4549 3613 4628 ὑπαρχόντων
3669 4548 3756 4604 ἐκ-

2113 4651 2287 4701 σταῖεν
2317 4645 2482 4706 ὅλωςο
2517 4640 2643 4697 οὐδὲ
2670 4641 2806 4697 κατὰ
2838 4641 3008 4716 μόνην
3041 4640 3302 4697 ἐπίνοιαν.

2182 4825 2287 4900 κβ’.
2320 4823 2413 4885 Οἷς
2471 4820 2573 4898 γὰρ
2635 4821 2710 4894 μὴ
2779 4818 2930 4896 φύσει
2985 4817 3076 4875 καὶ
3133 4816 3460 4896 ἀχωρίστως
3531 4815 3753 4892 θάτερον

2113 4913 2344 4989 ὑπάρχει
2375 4915 2484 4966 τῶν
2537 4909 2814 4981 ἐναντίων,
2846 4909 2996 4964 ταῦθ’
3041 4906 3302 4984 ἑκατέρων
3353 4911 3459 4962 τῶν
3501 4905 3756 4962 ἐναντίων

2109 5003 2257 5078 παρὰ
2291 5001 2454 5077 μέρος
2505 4999 2615 5055 ἐστὶ
2675 4997 2911 5055 δεκτικά.
2959 4999 3058 5054 Διὸ
3103 4996 3198 5052 καὶ
3242 4997 3270 5051 ὁ
3317 4995 3486 5072 κόραξι
3534 4994 3755 5066 ἐπινοη-

2111 5094 2330 5163 θήσεται
2367 5089 2460 5161 μὶν
2489 5085 2617 5151 ἴσως
2647 5087 2840 5151 λευκὸς
2891 5083 2980 5142 διὰ
3017 5087 3084 5142 τὸ
3134 5086 3210 5160 μὴ
3259 5083 3540 5147 οὐσιωδῶς
3593 5103 3762 5162 προσ-

2111 5187 2245 5237 εῖναι
2293 5180 2356 5234 τὸ
2408 5176 2579 5252 μέλαν
2631 5178 2797 5248 αὐτῷ’
2846 5179 3235 5254 πραγματικῶς
3291 5173 3349 5231 δὲ
3407 5174 3604 5236 λευκὸς
3661 5173 3762 5230 οὐκ

2111 5268 2172 5325 ἄν
2204 5287 2338 5324 ποτε
2384 5267 2617 5343 γένοιτο,
2650 5264 2788 5321 διότι
2845 5266 2936 5320 καὶ
2991 5263 3176 5337 τούτῳ
3215 5265 3276 5321 τὸ
3341 5261 3531 5337 μέλαν,
3564 5263 3613 5319 οἱ
3667 5261 3757 5320 καὶ

2115 5359 2192 5432 μὴ
2238 5354 2540 5428 οὐσιωδῶς,
2574 5355 2699 5411 ἀλλ’
2759 5352 2946 5417 ἄλλως
2992 5353 3226 5429 ὑπάρχει
3277 5353 3605 5430 ἀχώριστον.
3645 5357 3760 5408 Ψυ-

2108 5446 2245 5524 χρὸν
2279 5448 2373 5520 μὶν
2403 5443 2494 5510 οὖν
2523 5446 2588 5501 τὸ
2635 5448 2764 5520 πῦρ,
2793 5445 2829 5513 ἣ
2852 5439 3093 5518 τὸεῦδωρ
3360 5439 3474 5497 οὐδ’
3529 5441 3756 5512 ὶπινοη-

2108 5537 2348 5606 θήσεται·
2385 5535 2526 5610 ὑγρᾷ
2549 5532 2607 5589 δὲ
2632 5534 2962 5611 τρεψάμενον
2994 5531 3098 5607 ὕλῃ
3139 5532 3212 5587 τὸ
3246 5536 3354 5606 πῦρ
3402 5530 3547 5587 ἔσται
3599 5529 3760 5607 ὑγρὸν

2109 5627 2183 5686 ὡς
2245 5625 2383 5701 πρὸς
2439 5620 2703 5692 αἷᾎθησιν·
2737 5619 3040 5698 ὥσπερξκαὶ
3072 5621 3177 5677 ὑπὸ
3226 5617 3518 5698 πυρώδους
3575 5617 3761 5683 οὐσίας

2111 5713 2403 5789 θερμανθὶν
2429 5713 2494 5767 τὸ
2524 5708 2691 5787 ὕδωρ,
2724 5710 2952 5786 θερμόν.

357 5808 598 5872 modum
628 5807 806 5864 etiam
836 5821 986 5878 aqua
1016 5819 1142 5876 qua
1172 5802 1247 5858 ab
1279 5801 1466 5874 ignita
1497 5802 1831 5859 substantia
1859 5803 2136 5862 calelacta
2171 5809 2282 5873 est,
2315 5803 2521 5861 calida.
