4108 6434
359 446 477 514 829

1708 445 2058 510 EPITOME
2099 445 2408 512 LOGICA.

3635 441 3758 513 830

431 578 530 655 κγ’·
564 577 774 650 Δέξεται
825 575 881 635 δὲ
922 577 985 633 τὸ
1013 582 1120 654 πῦρ
1165 579 1257 634 καὶ
1287 580 1385 649 τήν
1435 578 1522 635 ἐπὶ
1549 579 1616 635 τὰ
1643 579 1789 634 κάτω
1831 578 2000 656 φορὰν

2180 579 2268 634 23.
2305 576 2564 648 Recipiet
2594 580 2786 632 autem
2846 575 3000 649 ignis
3031 578 3086 632 et
3117 577 3341 634 motum
3378 575 3452 631 ad
3479 575 3758 638 inferiora

365 665 676 739 ὠθούμενον
728 664 817 722 διὰ
863 675 962 738 τῆς
1007 667 1324 742 ἐκθλίψεως,
1385 670 1458 732 ὡς
1511 669 1539 724 ὁ
1597 667 1869 742 κεραυνός⁹
1921 667 2011 721 καὶ

364 757 426 812 τὸ
482 754 628 832 ὕδωρ
687 754 826 831 ὁλκῇ
884 757 1190 830 πνεύματος
1245 758 1440 814 έσεῖται
1497 758 1764 834 μετέωρον
1801 804 1814 828 ,
1879 755 2012 811 κάπὶ

365 851 470 913 τῶν
503 844 688 901 ἄλλων
721 846 928 924 ὁμοίως
954 847 1202 904 τάναντία
1245 849 1666 923 θεωρηθήσεται·
1703 845 1838 902 κατά
1864 866 1924 922 γε
1951 846 2013 900 τὸ

369 934 574 1013 πεφυκό
581 957 606 998 ς
615 978 628 992 .

436 1041 518 1098 κδ’
595 1043 670 1098 Τὰ
728 1040 775 1098 δ’
827 1043 888 1099 οὐ
942 1043 954 1064 ’
1159 1045 1170 1065 ’
1381 1045 1426 1099 ὡ
1662 1041 1690 1099 δ
1753 1045 1784 1098 ὰ
1943 1047 1970 1058 ”’

523 1085 536 1097 .
895 1065 1050 1120 ρανια
1104 1065 1331 1117 σωματα
1433 1066 1458 1107 ς
1521 1065 1658 1117 μονα
1698 1065 1750 1098 ικ
1790 1091 1803 1115 ,
1852 1065 2010 1098 τινων

373 1131 481 1207 οὑχ
514 1131 849 1207 ὑπάρχουσιν
895 1131 1090 1206 ἄτομα.
1142 1131 1279 1188 Νῧτε
1325 1135 1428 1208 γὰρ
1474 1133 1648 1208 γένος,
1699 1131 1822 1188 οὔτε
1870 1130 2012 1194 εἶδός

368 1221 508 1276 ἐστιν
567 1220 618 1275 ἐν
678 1222 883 1284 αὐτοῖς.
942 1222 1042 1277 Καὶ
1096 1220 1185 1277 διὰ
1237 1228 1397 1278 τοῦτο
1449 1222 1700 1278 τάναντία
1757 1222 1856 1277 οὐκ
1903 1221 2016 1277 ἐπιδ

373 1307 648 1386 δέχονται.

442 1401 535 1453 κε’.
569 1398 795 1456 Μᾶλλον
847 1399 894 1455 δ’
940 1398 991 1455 ἐν
1037 1403 1105 1475 τῇ
1151 1398 1491 1480 κυκλοφορίᾳ
1534 1401 1599 1457 τὸ
1638 1401 1769 1458 εἶναι
1801 1398 2013 1478 ἔχοντα,

374 1487 473 1543 οὔκ
501 1487 561 1543 ἂν
596 1487 776 1564 ἔχοιέν
798 1509 920 1544 τινα
945 1493 1043 1544 τοῦ
1069 1489 1311 1544 ἐναντίου
1341 1488 1687 1566 παραδοχήν.

443 1669 544 1731 κς’.
602 1667 667 1723 Εἰ
726 1670 800 1741 μή
855 1690 940 1731 τις
995 1664 1137 1742 λάϐῃ
1195 1669 1290 1731 τὰς
1356 1669 1724 1743 ἀντικειμενας
1780 1673 2017 1742 κινήσεις

375 1756 430 1813 έν
483 1756 753 1827 πλάνησιν
784 1803 796 1816 .
859 1757 1020 1812 Οὗτοι
1087 1758 1189 1835 γὰρ
1261 1758 1509 1838 φέρονται
1580 1761 1672 1833 μὲν
1699 1807 1714 1831 ,
1767 1760 1856 1816 καὶ
1915 1761 2020 1816 ἀπὸ

377 1842 597 1918 δυσμῶν
675 1847 751 1909 εἰς
826 1846 1085 1909 ἀνατνλὰς
1157 1847 1356 1903 οἰκείαν
1435 1849 1602 1925 φοράν
1648 1870 1661 1883 ο
1717 1850 2019 1927 συμφέρον-

2121 683 2256 723 cum
2287 667 2434 724 181
2472 683 2573 738 per
2608 665 2914 722 elisionem
2961 665 3326 738 propellitur.
3378 670 3444 720 ut
3497 665 3720 722 fulmen
3745 707 3759 734 ,

2120 760 2179 813 et
2209 773 2358 827 aqua
2405 755 2558 811 venti
2605 754 2887 811 tractione
2933 754 3206 810 sublimis
3252 753 3361 810 erit
3393 771 3406 809 :
3441 757 3494 811 et
3523 754 3584 810 in
3633 753 3763 810 aliis

2123 845 2394 901 similiter
2423 845 2713 901 contraria
2744 861 2847 915 pro
2878 843 3130 899 naturali
3159 843 3465 908 ,habilitate
3499 843 3763 900 conside-

2121 936 2432 992 rabuntur.

2191 1044 2282 1100 211.
2316 1043 2487 1115 Atqui
2544 1059 2785 1115 corpora
2837 1040 3094 1097 ccclestia
3148 1045 3215 1096 ut
3272 1039 3612 1112 singularia,
3646 1056 3762 1096 non

2123 1137 2263 1188 sunt
2292 1132 2618 1203 aliquorum
2649 1131 2972 1186 individua.
3019 1131 3213 1202 Neque
3257 1130 3415 1185 enim
3453 1146 3638 1203 genus
3668 1146 3765 1184 ne-

2124 1240 2234 1295 que
2279 1221 2502 1294 species
2549 1224 2639 1277 est
2681 1220 2741 1276 in
2781 1219 2916 1276 illis.
2964 1221 3036 1276 Et
3063 1223 3368 1292 propterea
3397 1235 3512 1275 non
3579 1218 3764 1275 susci-

2124 1313 2294 1385 piunt
2321 1310 2629 1367 contraria.

2194 1403 2281 1457 25.
2316 1401 2425 1457 Sed
2459 1400 2652 1472 potius
2707 1399 2849 1455 dum
2905 1399 2967 1454 in
3022 1397 3292 1453 circulari
3349 1402 3509 1454 motu
3538 1398 3602 1452 τὸ
3638 1414 3767 1455 esse

2129 1491 2363 1556 habent,
2395 1488 2670 1546 contrarii
2721 1487 2978 1559 aliquam
3028 1487 3460 1559 susceptionem
3509 1504 3624 1544 non
3665 1489 3766 1544 ad-

2130 1580 2392 1635 mittunt.

2199 1671 2288 1724 26.
2324 1668 2447 1726 Nisi
2479 1668 2610 1740 quis
2653 1668 2951 1740 oppositos
3001 1667 3059 1739 in
3109 1665 3364 1738 planetis
3393 1669 3588 1723 motus
3615 1665 3771 1723 acci-

2130 1759 2274 1831 piat.
2307 1758 2376 1812 Hi
2409 1757 2565 1814 enim
2595 1757 2770 1814 etiam
2827 1757 2900 1812 ab
2957 1755 3262 1812 occasibus
3293 1756 3364 1811 ad
3411 1759 3575 1812 ortus
3609 1758 3772 1812 motu

2133 1847 2367 1918 proprio
2397 1850 2704 1903 moventur
2738 1863 2751 1901 :
2786 1844 2965 1902 simul
3015 1848 3210 1900 autem
3257 1843 3434 1900 etiam
3475 1859 3610 1900 cum
3642 1845 3774 1900 uni-

372 1955 460 1990 ται
490 1932 550 1990 δὲ
577 1935 668 1990 καὶ
715 1939 796 2007 τῷ
840 1935 1002 1990 παντὶ
1049 1936 1185 2012 πρὸς
1226 1933 1434 2009 δυσμὰς
1477 1936 1528 2008 ἐξ
1576 1937 1873 2007 ἀνατολῶν,
1903 1959 2020 1993 συν-

2143 1952 2299 1992 verso
2330 1935 2411 2007 (id
2441 1938 2549 2001 est,
2582 1934 2769 2006 primo
2820 1933 3042 2005 mobili)
3075 1948 3143 1988 ex
3189 1932 3416 1988 ortibus
3442 1931 3503 1987 in
3532 1948 3775 1989 occasus

376 2021 536 2086 όδους
578 2045 638 2078 τε
684 2029 966 2080 ποιοῦνται
1017 2023 1108 2079 καὶ
1151 2023 1470 2088 ἀποστάσεις
1514 2027 1603 2081 καὶ
1644 2029 2029 2102 ταπεινώματα

376 2112 468 2168 καὶ
529 2113 831 2187 ὑψώματα,
889 2113 980 2168 καὶ
1039 2111 1429 2190 προποδίζουσι
1486 2116 1575 2171 καὶ
1623 2114 2026 2192 ἀναποδίζουσι,

379 2203 469 2258 καὶ
532 2201 769 2278 βορείοις
833 2203 923 2257 καὶ
979 2202 1183 2265 νοτίοις
1251 2209 1348 2258 τοῦ
1411 2203 1679 2274 ζωδιακοῦ
1733 2203 2028 2276 πελάζουσι

385 2289 590 2366 μέρεσν
640 2295 737 2345 τοῦ
784 2291 952 2360 ἡλίου
1005 2291 1172 2364 μόνου
1220 2294 1450 2348 πάντοτε
1494 2295 1592 2363 τήν
1646 2296 1814 2367 μέσην
1871 2317 2029 2374 (pepo-

385 2381 549 2452 μένου
579 2379 670 2434 καὶ
703 2377 958 2449 ὁμαλῶς.
995 2387 1057 2438 Ἡ
1090 2379 1148 2436 δὲ
1195 2380 1422 2455 σελήνη,
1454 2382 1543 2437 καὶ
1590 2383 1862 2447 ποικίλως
1911 2391 2031 2447 τοῖς

381 2473 688 2547 φωτισμοῖς
732 2489 792 2522 τε
838 2469 926 2524 καὶ
979 2476 1306 2543 σκοτασμοῖς
1358 2471 1752 2547 σχηματίζεται
1801 2473 1892 2528 καὶ
1944 2474 2028 2529 τέ-

382 2557 529 2614 λειον
576 2557 918 2634 ἀμαυροῦται
979 2558 1150 2632 μόνης
1203 2563 1308 2614 τῶν
1369 2557 1512 2615 ὅλων
1594 2568 1696 2630 τῆς
1755 2561 2032 2626 ἀπλανοῦς

381 2646 610 2724 σφαίρας
673 2643 943 2720 μηδεμίαν
989 2644 1388 2722 ἐπιδεχομένης
1440 2648 1804 2722 ἐναντιότητα,
1856 2651 1902 2705 εἰ
1953 2653 2028 2725 μή

380 2757 469 2790 πω
528 2733 673 2810 λέγει
730 2756 813 2797 τις
870 2735 1182 2812 καινοτέρας
1241 2735 1615 2807 ἐναντιότητας
1651 2783 1664 2808 ,
1722 2741 1820 2810 τήν
1877 2741 1925 2794 τ’
1979 2740 2030 2811 ἐξ

383 2821 662 2879 ἀνατολῶν
714 2824 791 2885 εἷς
841 2821 1047 2899 δυσμὰς
1109 2826 1276 2904 φορὰν
1321 2828 1456 2882 κατὰ
1501 2828 1563 2881 τὸ
1604 2829 1735 2905 ὑπὲρ
1784 2836 1884 2905 γῆν
1939 2827 2029 2884 λε-

383 2912 615 2988 γόμενον
662 2911 1042 2992 ἡμισφαίριον,
1101 2915 1190 2970 καὶ
1246 2917 1345 2984 τήν
1403 2915 1463 2971 ἐκ
1516 2913 1731 2990 δυσμῶν
1786 2918 1863 2980 εἷς
1902 2919 2027 2973 ἀνα-

383 3000 552 3064 τολὰς
578 3003 716 3056 κατὰ
739 3002 803 3057 τὸ
853 3000 1044 3058 δοκοῦν
1095 3005 1198 3059 ὑπὸ
1227 3007 1352 3079 γῆν,
1404 3003 1493 3059 διὰ
1519 3008 1616 3074 τῆς
1645 3012 1770 3079 μιᾶς
1797 3007 1886 3061 καὶ
1928 3014 2031 3077 τῆς

388 3090 559 3159 αὐτῆς
636 3087 1044 3170 κυκλοφορικῆς
1097 3092 1524 3166 ἀπαρτιζομένας
1599 3096 1886 3168 κινήσεως,
1942 3096 2032 3152 καὶ

385 3179 548 3253 ξένως
577 3180 669 3234 καὶ
701 3184 1020 3253 θαυμαστῶς
1051 3179 1426 3252 συλληπτικὰς
1453 3181 1719 3254 ἀλλήλων
1750 3180 1912 3247 οὔσας
1941 3186 2030 3240 καὶ

384 3266 806 3329 συντελεστικάς.
1471 3266 1475 3269 ’

449 3532 542 3604 κξ’.
577 3532 758 3590 Ἀλλὰ
784 3538 951 3590 ταῦτα
983 3535 1077 3608 μὲν
1112 3534 1200 3591 ἐπὶ
1227 3541 1508 3594 τοσοῦτον.

446 3628 551 3691 κη’.
585 3622 838 3678 Φαίνεται
888 3621 948 3679 δὲ
984 3623 1074 3679 καί
1117 3625 1145 3679 6
1177 3623 1343 3701 λόγος
1379 3626 1468 3682 καὶ
1499 3630 1534 3698 ἡ
1567 3625 1694 3700 δόξα
1739 3633 1846 3685 τῶν
1880 3629 2027 3686 ἐναν-

376 3708 506 3766 τίων
540 3711 670 3766 εἶναί
715 3733 832 3774 πως
870 3709 1105 3768 δεκτικά.
1152 3714 1253 3769 Καὶ
1285 3716 1314 3769 6
1360 3716 1454 3788 μὶν
1505 3713 1669 3792 λόγος
1701 3715 1896 3788 δηλοῖς
1933 3719 2025 3774 τὸν

376 3799 708 3877 προφορικὸν
753 3800 842 3855 καὶ
890 3797 1002 3857 ἔστι
1051 3804 1236 3858 ποσόν·
1266 3806 1300 3872 ἡ
1335 3801 1462 3874 δόξα
1492 3802 1548 3859 δὲ
1591 3805 1756 3880 λόγος
1788 3805 2026 3862 ἐνδιάθε-

373 3909 467 3950 τος
499 3885 654 3957 οὗσα,
683 3890 927 3945 τάττεται
961 3891 1064 3946 ὑπὸ
1091 3893 1154 3946 τὸ
1182 3892 1362 3951 ποιόν,
1397 3899 1626 3948 Δοκοῦσι
1657 3892 1715 3949 δὲ
1742 3894 1830 3950 καί
1859 3894 2024 3974 ἄμφω

377 3976 664 4054 τυγχάνειν
705 3981 814 4033 τῶν
865 3978 1137 4051 ἐναντίων,
1188 3981 1264 4044 ὡς
1318 3979 1551 4058 εἷ’ρηται,
1598 3980 1848 4039 δεκτικά,
1902 3986 2021 4040 Ἐὰν

377 4067 479 4141 γὰρ
535 4068 849 4141 καθημένου
895 4073 992 4138 τοῦ
1055 4072 1378 4146 Σωκράτους
1445 4071 1581 4146 λέγῃ
1634 4094 1716 4134 τις
1771 4072 1927 4128 αὐτὸν
1983 4076 2018 4144 ἢ

376 4151 572 4230 δοξάζῃ
625 4158 908 4229 καθῆσθαι,
973 4156 1265 4228 ἀληθεύει·
1323 4158 1520 4214 τούτου
1577 4160 1624 4215 δ’
1681 4161 2019 4233 ἀναστάντος,

372 4240 644 4317 ψεύδεται.

439 4423 541 4486 κθ’.
571 4419 730 4477 ’Δλλ’
782 4422 890 4499 ούχ
937 4423 1081 4479 οὕτω
1124 4427 1192 4480 τὰ
1219 4432 1321 4496 τῆς
1370 4425 1553 4489 οὐσίας
1598 4425 1776 4501 ἄτομα
1806 4426 2021 4484 δεκτικᾶ

367 4514 473 4565 τῶν
524 4509 772 4566 ἐναντίων
826 4512 1088 4588 ὑπάρχειν
1141 4513 1381 4588 ἐλέγετο·
1432 4517 1568 4570 κατὰ
1615 4513 1673 4570 δὲ
1708 4517 1805 4585 τήν
1861 4539 2020 4591 μετα-

2137 2028 2464 2091 moventur,
2512 2027 2570 2080 et
2618 2024 3062 2093 conjunctiones
3097 2026 3154 2077 et
3201 2037 3489 2089 recessus,
3539 2028 3595 2077 et
3622 2022 3776 2093 deje-

2139 2115 2360 2170 ctiones
2389 2118 2446 2169 et
2471 2111 2854 2169 exaltationes
2900 2111 3178 2178 subeunt,
3229 2115 3287 2166 et
3313 2111 3637 2182 procedunt
3663 2109 3773 2181 (di-

2139 2203 2325 2276 recti),
2367 2206 2424 2259 et
2486 2202 2877 2270 retrocedunt,
2928 2205 2985 2256 et
3032 2198 3470 2271 aquilonaribus
3515 2198 3779 2256 australi-

2141 2293 2363 2364 busque
2389 2292 2616 2348 Zodiaci
2648 2291 2913 2363 partibus
2958 2290 3388 2363 propinquant;
3429 2293 3659 2344 tantum
3691 2288 3777 2345 sol

2140 2385 2418 2455 perpetuo
2461 2382 2521 2436 in
2571 2382 2763 2437 medio
2807 2379 3033 2436 Zodiaci
3083 2382 3140 2434 et
3187 2377 3483 2451 aequaliter
3547 2394 3778 2436 movea-

2141 2476 2281 2526 tur:
2325 2469 2466 2526 luna
2511 2474 2705 2527 autem
2763 2475 2821 2526 et
2863 2471 3020 2528 varie
3063 2488 3198 2528 cum
3247 2468 3780 2526 illuminationibus

2141 2564 2268 2615 tum
2299 2560 2808 2616 obscurationibus
2838 2561 3143 2632 figuratur,
3175 2569 3232 2617 et
3273 2561 3508 2617 tandem
3540 2575 3779 2632 prorsus

2142 2648 2478 2717 evanescit;
2533 2653 2599 2704 ut
2645 2649 2770 2706 sola
2817 2650 2970 2704 inter
3009 2666 3212 2705 omnes
3241 2650 3510 2704 inerrans
3556 2647 3783 2720 sphaera

2142 2737 2362 2792 nullam
2395 2739 2864 2794 contrarietatem
2917 2739 3177 2810 recipiat,
3211 2738 3322 2793 nisi
3354 2737 3485 2810 quis
3515 2737 3781 2794 noviores

2141 2827 2568 2884 contrarietatis
2599 2828 2756 2883 dicat
2783 2845 2916 2884 cum
2947 2827 3226 2883 lationem
3275 2826 3437 2882 illam
3469 2843 3596 2898 quae
3627 2826 3781 2884 182

2141 2932 2209 2972 ex
2229 2917 2456 2974 ortibus
2485 2923 2575 2974 est
2595 2923 2652 2972 et
2673 2934 2914 2974 occasus
2946 2917 3270 2975 secundum
3298 2915 3779 2988 hemispherium

2140 3006 2294 3075 quod
2325 3023 2506 3078 supra
2535 3012 2749 3062 terram
2791 3007 3024 3072 dicitur,
3054 3010 3182 3061 tum
3213 3022 3342 3061 eam
3371 3022 3496 3076 qua
3525 3021 3594 3060 ex
3623 3020 3783 3060 occa-

2142 3095 2306 3150 sibus
2336 3101 2425 3151 est
2465 3097 2524 3151 in
2565 3101 2727 3152 ortus
2779 3097 3103 3152 secundum
3152 3095 3209 3149 id
3261 3095 3416 3167 quod
3469 3093 3578 3152 sub
3626 3097 3782 3150 terra

2137 3183 2369 3240 videtur
2396 3185 2939 3258 (bemisphmrium),
2969 3202 3094 3257 quas
3127 3201 3246 3240 una
3274 3188 3330 3240 et
3359 3183 3561 3240 eadem
3587 3183 3778 3239 circu-

2057 3307 2100 3376 C
2139 3273 2249 3330 lari
2301 3275 2556 3331 motione
2613 3274 3011 3344 absolvuntur,
3060 3278 3118 3330 et
3171 3271 3452 3345 singulari
3521 3272 3777 3328 admira-

2138 3363 2355 3435 bilique
2413 3365 2586 3420 modo
2645 3379 2709 3420 se
2739 3369 2945 3420 mutuo
3003 3362 3473 3434 complectuntur
3499 3365 3558 3417 et
3601 3361 3776 3432 perﬁ-

2137 3453 2322 3509 ciunt.

2206 3545 2296 3598 27.
2331 3543 2441 3599 Sed
2471 3543 2541 3598 de
2566 3543 2658 3599 his
2687 3542 2920 3614 quidem
2952 3542 3012 3597 in
3047 3545 3297 3597 tantum.

2205 3634 2295 3689 28.
2343 3633 2628 3688 Videntur
2676 3637 2872 3688 autem
2902 3635 2960 3688 et
2988 3631 3172 3687 oratio
3203 3635 3259 3686 et
3288 3629 3505 3702 opinio,
3548 3632 3775 3686 contra-

2135 3723 2223 3779 ria
2253 3721 2681 3794 quodammodo
2722 3721 2979 3793 recipere
3008 3736 3199 3792 posse.
3232 3719 3300 3775 Et
3328 3718 3512 3775 oratio
3541 3717 3776 3790 quidem

2135 3811 2486 3882 prolatitiam
2522 3810 2796 3874 declarat,
2840 3815 2898 3864 et
2944 3814 3034 3864 est
3077 3808 3372 3880 quantitas
3403 3823 3417 3862 :
3451 3806 3648 3878 opinio
3677 3823 3779 3861 au-

2133 3903 2252 3954 tem
2283 3915 2416 3953 cum
2447 3900 2525 3954 sit
2553 3899 2735 3954 oratio
2767 3899 3015 3968 interna,
3070 3897 3179 3952 sub
3226 3896 3506 3969 qualitate
3546 3895 3775 3967 reponi-

2132 3991 2248 4042 tur.
2280 3987 2563 4042 Videntur
2591 3992 2784 4043 autem
2841 3993 3107 4058 utraque,
3137 3991 3202 4041 ut
3247 3986 3469 4041 dictum
3498 3988 3607 4056 est,
3637 3999 3776 4040 con-

2133 4075 2311 4131 traria
2340 4076 2635 4148 suscipere
2665 4091 2858 4148 posse.
2909 4076 3054 4131 Cum
3083 4075 3239 4132 enim
3271 4074 3511 4132 sedente
3541 4074 3776 4130 Socrate

2132 4164 2272 4220 dicit
2303 4170 2404 4220 aut
2435 4166 2712 4238 opinatur
2760 4163 2972 4237 aliquis
3012 4165 3214 4227 sedere
3240 4162 3459 4237 ipsum,
3482 4167 3609 4220 tum
3641 4176 3774 4218 vere

2131 4253 2273 4309 dicit
2304 4255 2428 4326 (aut
2481 4253 2821 4326 opinatur);
2873 4258 3186 4327 postquam
3243 4256 3439 4310 autem
3497 4251 3772 4320 surrexit,

2129 4343 2427 4400 mentitur.
2509 4334 2512 4336 ⁷

2199 4432 2288 4488 29.
2320 4433 2535 4490 Verum
2568 4432 2722 4488 haud
2755 4431 2838 4488 ita
2874 4431 3176 4488 individua
3205 4428 3544 4487 substantiae
3577 4445 3772 4501 posse-

2130 4521 2422 4577 contraria
2451 4521 2747 4593 suscipere
2777 4521 3139 4589 dicebantur,
3173 4519 3272 4575 sed
3303 4517 3492 4589 quoad
3524 4515 3618 4572 sui
3647 4532 3771 4571 mu-

369 4594 545 4671 6ολήν
579 4600 803 4656 ἑαυτῶν.
835 4605 889 4654 ‘0
919 4600 1084 4686 λόγος
1133 4599 1192 4657 δὲ
1238 4603 1326 4657 καὶ
1358 4606 1392 4675 ἡ
1428 4602 1554 4675 δόξα
1605 4606 1853 4678 μένουσιν
1887 4605 2018 4684 ὅπερ

2143 4610 2629 4667 ;ationem.0ratio
2651 4614 2845 4666 autem
2871 4613 2929 4665 et
2958 4609 3153 4682 Opinio
3176 4612 3414 4664 manent
3431 4607 3584 4679 quod
3607 4609 3765 4672 sunt,

368 4687 493 4761 εἶσὶ,
523 4693 622 4744 τοῦ
652 4691 972 4769 πράγματος
1008 4686 1469 4766 μεταϐάλλοντος.

439 4793 507 4852 λ’.
542 4793 772 4859 ’Ἄλλως
801 4817 862 4853 τε
889 4794 1017 4858 οὐδὲ
1061 4797 1313 4858 τάναντία
1362 4798 1528 4876 λόγος
1558 4801 1594 4870 ἢ
1628 4799 1754 4874 δόξα
1797 4799 2015 4858 δύναται

367 4880 636 4964 δέξασθαι.
671 4884 879 4963 Πάσχει
925 4887 1029 4961 γὰρ
1080 4887 1143 4942 τὸ
1187 4887 1442 4948 τάναντία
1481 4888 1796 4966 δεχόμενον.
1827 4892 1892 4948 Ἥ
1914 4891 2014 4968 γὰρ

364 4971 443 5043 εἰς
471 4973 734 5030 τάναντία.
771 4969 1052 5048 μεταϐολὴ
1093 4977 1264 5053 πάθος
1315 4977 1474 5033 ἐστίν·
1509 4981 1544 5048 ἡ
1584 4976 1712 5052 δόξα
1763 4977 1820 5036 δὲ
1866 4980 1954 5036 καὶ
1986 4981 2016 5036 6

365 5059 532 5140 λόγος
562 5061 790 5142 ἀκίνητα
822 5063 970 5139 μένει
999 5065 1092 5122 καὶ
1121 5061 1496 5142 ἀμετάϐλητα.

432 5239 538 5298 λα’.
589 5239 818 5299 Μᾶλλον
865 5240 924 5297 δὲ
973 5241 1141 5298 εἰπεῖν
1193 5241 1318 5300 οὐδὲ
1367 5245 1535 5318 μένει,
1586 5243 1714 5300 ἀλλ’
1769 5246 1883 5320 ἅμα
1934 5252 2015 5320 τῷ

361 5327 683 5414 δοξασαῇναι
739 5331 803 5408 τὸ
858 5336 1084 5414 πρᾶγμα
1138 5334 1174 5402 ἡ
1235 5331 1362 5405 δόξα
1409 5333 1697 5403 πέπαυται,
1754 5334 1845 5392 καί
1901 5338 2015 5410 ἅμα

359 5423 440 5494 τῷ
471 5419 756 5499 ῥηθῆναιὸ
787 5419 954 5496 λόγος
999 5417 1275 5499 ἔφθαρται.
1327 5422 1427 5479 Καὶ
1479 5421 1649 5487 ἄλλος
1699 5425 1793 5498 μὲν
1847 5424 2012 5502 λόγος

362 5511 392 5578 6
436 5508 604 5568 εἰπὼν
647 5511 712 5567 τὸ
760 5509 1024 5586 πρότερον
1077 5510 1168 5566 τὸν
1219 5513 1515 5588 Σωκράτην
1565 5515 1876 5585 καθῆσθαι,
1922 5515 2012 5570 καὶ

351 5597 581 5670 ξλλοςὸ
616 5600 730 5674 μετ’
784 5597 986 5657 ἐκεῖνον
1028 5599 1265 5677 λεχθείς.
1310 5602 1380 5657 Τὸ
1430 5599 1477 5655 δ’
1506 5600 1636 5657 αὐτὸ
1664 5601 1753 5658 καί
1795 5602 1883 5658 ἐπὶ
1911 5606 2011 5673 τῆς

360 5683 547 5760 δόξης.

425 5775 540 5854 λβ’.
572 5781 644 5859 ’ξ
669 5773 795 5858 οὐδὶ
815 5773 1095 5855 τῆς,
1119 5775 1229 5852 ἐστὶ
1250 5779 1311 5835 τὸ
1333 5776 1614 5850 ἀληθεύειν
1646 5781 1683 5852 ἢ
1705 5778 2009 5858 ψεύδεσθαι,

2048 4678 2095 4742 Ῑ)
2125 4715 2188 4756 re
2217 4705 2447 4755 tantum
2479 4699 2860 4756 mutationem
2892 4678 3199 4754 sub—eunte.

2195 4807 2282 4860 30.
2321 4805 2499 4867 Aliter
2526 4806 2704 4862 etiam
2735 4805 2920 4862 oratio
2949 4809 3005 4861 et
3023 4803 3216 4876 opinio
3249 4819 3321 4861 ne
3349 4802 3588 4874 quidem
3627 4819 3766 4859 con.-

2126 4894 2632 4966 trariaﬂsuscipere
2661 4894 3102 4967 possunt.Quod
3131 4893 3287 4948 enim
3317 4892 3612 4950 contraria
3639 4910 3767 4950 sus-

2125 4983 2282 5056 cipit,
2318 4985 2556 5056 patitur.
2618 4983 2863 5040 Mutatio
2921 4983 3077 5038 enim
3133 4983 3194 5037 in
3249 4981 3540 5039 contraria
3567 4983 3766 5054 passio

2124 5076 2232 5129 est.
2265 5073 2338 5128 At
2366 5072 2562 5145 opinio
2609 5076 2669 5128 et
2697 5071 2879 5128 oratio
2922 5071 3078 5128 188
3109 5074 3304 5130 motus
3335 5074 3394 5128 et
3420 5070 3766 5129 mutationis

2124 5165 2391 5233 expertes
2421 5165 2679 5220 manent.

2193 5251 2284 5305 31.
2330 5249 2478 5316 Quin
2529 5251 2743 5306 rectius
2793 5248 3079 5321 loquendo
3127 5265 3312 5322 neque
3355 5253 3634 5318 manent;
3667 5249 3766 5306 sed

2124 5338 2306 5402 simul
2333 5356 2397 5394 ac
2426 5355 2548 5396 rem
2598 5339 2821 5412 opinati
2871 5356 3101 5407 sumus,
3145 5337 3396 5397 cessavit
3439 5338 3678 5410 opinio;
3711 5341 3770 5394 et

2123 5425 2300 5483 simul
2331 5443 2399 5483 ac
2429 5427 2588 5482 dicta
2615 5431 2705 5484 est
2734 5428 2937 5499 oratio,
2971 5432 3244 5498 corrupta
3273 5431 3385 5486 est.
3408 5428 3480 5486 Et
3507 5426 3621 5485 alia
3646 5427 3771 5498 qui-

2123 5516 2256 5572 dem
2285 5516 2582 5586 oratio'est
2609 5533 2736 5588 quae
2762 5518 2928 5589 prius
2956 5519 3103 5574 dixit
3131 5519 3426 5576 Socretem
3456 5517 3679 5582 sedere,
3711 5519 3770 5572 et

2122 5603 2238 5662 alia
2265 5622 2397 5677 quas
2424 5611 2558 5678 post
2584 5606 2748 5664 illam
2779 5608 2935 5665 dicta
2964 5609 3240 5664 est.ldem
3269 5613 3465 5664 autem
3496 5604 3674 5662 etiam
3693 5604 3764 5660 de

2120 5693 2400 5766 Opinione
2426 5695 2816 5754 sentiendum.

2192 5784 2281 5839 32.
2331 5786 2446 5850 Aut
2475 5801 2550 5844 an
2578 5802 2762 5858 neque
2789 5786 3082 5859 opinionis
3128 5792 3219 5844 est
3265 5799 3462 5842 veram
3516 5796 3647 5840 esse
3673 5782 3762 5839 vel
