4108 6452
337 481 455 544 833

1695 472 2044 539 EPITOME
2088 474 2394 540 LOGICA.

3620 485 3742 550 834

331 611 468 668 κατὰ
517 604 814 681 συλλαϐὰς,
873 609 1012 683 πρὸς
1069 605 1260 663 οὐδένα
1314 601 1494 663 κοινόν
1551 606 1676 685 ὅρον
1732 606 1855 685 ἔχοι
1912 607 1970 662 ἂν

2116 626 2193 666 [es
2211 611 2463 667 utetiam
2485 612 2809 669 secundum
2826 613 3080 686 syllabas
3096 614 3485 684 dividatur,ad
3504 618 3735 677 nullum

330 702 396 756 τὰ
450 699 624 755 οἰκεῖα
683 699 818 774 μέρη
907 696 1278 770 συναπτόμενά
1333 718 1390 752 τε
1445 697 1535 752 καὶ
1594 698 1974 772 συνενούμενα.

330 789 430 845 Διᾶ
479 793 642 843 τοῦτο
693 791 822 864 γοῦν
884 788 1111 864 ἀριθμὸς
1143 787 1233 842 καὶ
1274 785 1436 862 λόγος
1493 785 1823 862 διωρισμένα
1878 807 1976 841 κα-

333 877 555 934 λοῦνται
585 878 746 949 ποσὰ,
779 874 867 931 διὰ
893 878 958 931 τὸ
986 875 1206 931 ἕκαστον
1255 876 1428 930 αὐτῶν
1485 874 1630 950 ἔχειν
1684 876 1751 930 τὰ
1803 875 1979 930 οἷκεῖα

338 969 476 1042 μέρη
545 968 634 1022 ἀπ’
700 964 965 1037 ἀλλήλων
1053 964 1429 1040 διακεκριμένα
1498 965 1586 1019 καὶ
1651 963 1978 1040 διακεχωρι-

337 1057 527 1131 σμένα.

410 1143 471 1203 δ’.
515 1153 728 1221 Συνεχῆ
784 1142 841 1200 δὲ
897 1145 1038 1200 ποσά
1086 1145 1196 1200 ἐστι
1245 1145 1308 1199 τὸ
1355 1149 1534 1217 σῶμα,
1584 1147 1620 1213 ἡ
1680 1143 1980 1222 ἐπιφάνεια,

336 1235 426 1289 καὶ
455 1238 490 1304 ἡ
519 1236 774 1312 γραμμὴ,
810 1236 838 1288 ὁ
865 1230 1034 1296 τόπος
1061 1255 1119 1288 τε
1155 1232 1246 1288 καί
1276 1235 1304 1288 ὁ
1334 1233 1555 1309 χρόνος.

411 1348 467 1400 ε’.
498 1342 595 1396 Ἀν
621 1340 802 1396 τοίνυν
835 1340 1058 1396 ἑκάστου
1112 1339 1320 1395 τούτων
1371 1340 1439 1394 τά
1499 1339 1636 1414 μέρη
1692 1361 1776 1401 τις
1824 1338 1984 1409 ἐκζη-

336 1430 484 1504 τοίη,
546 1428 764 1504 δυνάμει
823 1433 990 1485 ταῦτα
1041 1427 1262 1505 διαιρῶν
1338 1430 1426 1483 καὶ
1514 1429 1984 1502 ἐπισκεπτόμενος,

339 1519 612 1591 ἀλλήλοις
667 1521 878 1595 εὑρήσει
937 1518 1254 1592 συνημμένα
1303 1518 1392 1572 καὶ
1452 1515 1753 1594 ἀδιάκριτα.
1784 1517 1858 1571 Τὰ
1891 1517 1982 1590 μὲν

336 1609 437 1685 γάρ
484 1613 583 1664 τοῦ
633 1609 887 1682 σώματος
959 1606 1122 1681 μόρια
1188 1605 1468 1684 ἐπιφανείᾳ
1532 1605 1873 1676 συνάπτεται,
1923 1604 1990 1658 τὰ

339 1695 397 1753 δὲ
423 1705 524 1768 τῆς
556 1696 866 1774 ἐπιφανείας
906 1700 1157 1772 γραμμῇ⁶
1191 1695 1406 1769 σημείῳ
1456 1693 1512 1749 δὲ
1559 1695 1626 1749 τὰ
1669 1697 1767 1764 τῆς
1814 1713 1988 1770 γραμ-

343 1794 473 1861 μῆς·
525 1787 615 1841 καὶ
671 1786 739 1840 τὰ
782 1790 879 1840 τοῦ
926 1785 1097 1840 τόπου
1156 1782 1213 1840 δὲ
1268 1786 1404 1860 μέρη
1455 1787 1686 1860 γραμμῇ
1738 1783 1988 1838 συνάπτει

337 1877 474 1952 πρὸς
530 1873 774 1945 ἄλληλα.
809 1875 1127 1952 Ἐπιφάνεια
1167 1874 1268 1949 γάρ
1326 1874 1407 1936 τίς
1467 1871 1576 1927 ἐστι
1618 1873 1706 1927 καὶ
1739 1874 1767 1926 ὁ
1800 1871 1988 1942 τόπος,

338 1966 506 2041 πέρας
559 1965 820 2041 ὑπάρχων
873 1967 970 2018 τοῦ
1012 1963 1388 2038 περιέχοντος,
1444 1963 1576 2026 καθὸ
1628 1962 1871 2038 περιέχει
1927 1961 1991 2014 τὸ

339 2053 758 2130 περιεχόμενονσ
792 2049 964 2128 ἤγουν
1015 2049 1175 2113 τέλος
1216 2057 1313 2106 τοῦ
1361 2050 1713 2127 περιέχοντός
1749 2072 1822 2120 τι,
1863 2049 1994 2104 καθὸ

338 2141 498 2204 τέλος
556 2143 800 2219 περιέχει
855 2143 918 2196 τὸ
971 2141 1256 2217 περιέχον,
1310 2140 1483 2195 έκεῖνο
1538 2141 1602 2194 τὸ
1655 2145 1879 2216 πρᾶγμα
1931 2140 1994 2192 τὸ

343 2231 732 2308 περιεχόμενον
796 2231 880 2284 ὑπ’
939 2229 1102 2284 αὐτοῦ
1168 2226 1235 2298 δὴ
1307 2235 1402 2284 τοῦ
1466 2229 1843 2305 περιέχοντος.
1891 2232 1996 2282 Τοῦ

344 2321 550 2398 χρόνου
639 2317 695 2374 δὲ
771 2317 1176 2396 διαιρουμένου,
1251 2318 1326 2380 εἰς
1408 2316 1829 2394 παρεληλυθότα
1906 2319 1996 2372 καὶ

351 2407 645 2485 μέλλοντα,
677 2411 929 2463 συνάπτει
960 2409 1027 2462 τὰ
1061 2409 1198 2482 μέρη
1229 2407 1424 2462 τούτου
1452 2408 1517 2462 τὸ
1562 2412 1677 2464 νῦν.

417 2519 482 2581 ς’,
521 2519 584 2570 Ὃ
643 2513 701 2570 δέ
757 2515 870 2570 έστι
928 2521 1155 2588 σημεῖον
1213 2515 1264 2569 ἐν
1324 2518 1582 2591 γραμμῇ,
1613 2519 1774 2569 τοῦτο
1836 2513 1999 2588 μονὰς

346 2605 399 2661 ἐν
431 2606 672 2680 ἀριθμῷ,
703 2604 794 2659 καὶ
823 2605 874 2659 έν
907 2604 1096 2681 χρόνῳ
1124 2604 1188 2659 τὸ
1217 2608 1328 2660 νῦν.
1361 2605 1573 2660 Ἀποσα
1609 2603 1713 2680 γὰρ
1760 2603 1827 2658 τά
1878 2602 2001 2679 τρία

349 2695 670 2770 καὶάμερῆ.
706 2691 927 2763 ’Δλλ’ἡ
981 2694 1075 2767 μὲν
1139 2693 1326 2767 μονὰς,
1363 2693 1408 2746 εἷ
1466 2693 1554 2748 καὶ
1613 2692 1841 2768 ἀριθμὸς
1905 2689 2004 2746 οὒκ

354 2782 516 2854 ἔστιν,
578 2782 730 2856 ὅμως
811 2783 1016 2858 γίνεται
1081 2781 1244 2859 μέρος
1299 2787 1396 2837 τοῦ
1454 2783 1706 2858 ἀριθμοῦ.
1765 2781 1857 2836 Διὸ
1913 2780 2003 2836 καὶ

348 2871 773 2949 προστιθεμένη,
821 2868 965 2943 αὔξει
1022 2871 1204 2929 αὐτόν.
1250 2873 1306 2925 Ὀ
1354 2871 1453 2948 γὰρ
1503 2871 1736 2948 ἀριθμὸς
1796 2870 1856 2925 ἐκ
1905 2892 2003 2944 μο-

351 2959 525 3017 νάδων
597 2961 829 3037 ὑπάρχει
897 2961 1267 3036 συγκείμενος”
1321 2961 1436 3016 ἐπεὶ
1503 2961 1592 3015 καὶ
1648 2960 1845 3036 σωρεία
1904 2981 2003 3033 μο-

352 3048 527 3105 νάδων
578 3049 704 3107 ἐστί.
738 3052 809 3104 Τὸ
859 3047 915 3104 δὶ
966 3055 1192 3124 σημεῖον
1242 3053 1310 3124 τῇ
1358 3054 1589 3126 γραμμῇ
1646 3049 2006 3126 προστιθέμε-

355 3161 443 3194 νον
496 3138 595 3194 οὗκ
650 3135 794 3212 αὔξει
848 3138 1034 3210 αὐτην·
1094 3138 1176 3194 ὅτι
1234 3137 1362 3212 μηδ’
1428 3139 1487 3193 ἐκ
1558 3139 1798 3212 σημείων
1856 3139 2006 3193 συνέ-

358 3250 551 3300 στηκεν
602 3231 638 3299 ἡ
689 3231 941 3305 γραμμή.
975 3228 1072 3283 Καὶ
1102 3229 1167 3284 τὸ
1209 3233 1301 3283 νῦν
1360 3226 1416 3282 ’δὲ
1459 3227 1874 3302 προστιθέμενον
1929 3231 2010 3298 τῷ

361 3317 572 3395 χρόνῳ,
623 3315 880 3391 οὐδεμίαν
930 3317 1148 3389 αὔξησιν
1216 3314 1458 3388 δίδωσιν,
1504 3315 1584 3371 ὅτι
1644 3312 1784 3390 μηδὲ
1847 3315 2006 3392 μέρος

364 3407 534 3480 αὐτῷ,
571 3404 711 3481 μηδὲ
738 3406 801 3462 τὸ
829 3406 1019 3482 τυχόν.

437 3591 494 3654 ζ’.
529 3582 703 3642 Ἀλλᾶ
740 3582 808 3654 δὴ
848 3585 938 3640 καὶ
972 3586 1007 3654 ἠ
1041 3585 1274 3661 γραμμή
1319 3585 1714 3660 προστιθεμένη
1772 3587 1841 3658 τῇ
1899 3583 2012 3639 ἐπι-

359 3673 551 3748 φανείᾳ
628 3673 726 3728 οὐκ
791 3671 934 3745 αὔξει
983 3673 1171 3744 αὐτήν·
1238 3672 1352 3728 ἐπεὶ
1436 3673 1624 3750 μόριον
1701 3671 1800 3728 οὐκ
1869 3669 2006 3727 ἔστιν

357 3763 526 3832 αὐτῆς
569 3760 694 3818 οὐδὲ
733 3761 1119 3838 τούλάχιστον.
1151 3764 1214 3817 Ἡ
1267 3763 1362 3836 μὶν
1403 3763 1504 3838 γὰρ
1564 3761 1843 3840 ἐπιφάνεια
1903 3764 2006 3835 μῆ-

354 3873 450 3914 κος
510 3851 628 3928 ἔχει
685 3852 774 3907 καὶ
836 3851 1065 3914 πλάτος·
1128 3855 1163 3921 ἡ
1229 3853 1459 3928 γραμμὴ
1512 3849 1569 3905 δὲ
1636 3850 1808 3925 μῆκός
1866 3849 2004 3905 ἐστιν

360 3940 614 4004 ἀπλατές.
670 3941 824 3997 Οὕτω
894 3939 952 3996 δὲ
999 3943 1087 3997 γαὶ
1142 3942 1205 3996 τὸ
1265 3946 1425 4016 σῶμα
1487 3946 1633 4018 τρεῖς
1706 3938 2004 4002 διαστάσεις

355 4028 506 4108 ἕχον,
562 4039 762 4106 μῆκος,
807 4029 1040 4093 πλάτοες
1088 4030 1177 4086 καὶ
1230 4029 1411 4106 βάθος,
1439 4027 1608 4085 εἷίεουν
1668 4031 1872 4105 πάχος,
1904 4030 2004 4085 ὑπὸ

358 4129 458 4190 τῆς
490 4120 799 4199 ἐπιφανείας
832 4120 932 4175 οὐκ
962 4116 1192 4190 αὔξεται.

425 4217 494 4281 η’.
529 4210 592 4264 Εἰ
625 4207 684 4264 δὲ
711 4210 773 4264 τὸ
822 4214 980 4283 σῶμα
1032 4207 1188 4263 οὐσία
1234 4207 1368 4280 ἐστὶ,
1400 4208 1616 4284 λέγεται
1665 4205 1724 4263 δὲ
1763 4209 1852 4262 καὶ
1898 4229 2007 4263 πο-

357 4299 471 4370 σὸν,
522 4295 673 4354 οὐδὲν
746 4297 1074 4372 θαυμαστόν.
1147 4297 1384 4352 Καθόσον
1459 4298 1551 4371 μὲν
1628 4298 1729 4373 γὰρ
1790 4296 2004 4352 ὑποκεί-

360 4389 516 4462 μενόν
551 4387 682 4461 ἐστι,
713 4388 802 4443 καὶ
852 4387 1015 4443 ταυτὸ
1062 4387 1152 4442 καὶ
1197 4386 1252 4441 ἓν
1302 4389 1459 4460 μένον
1504 4391 1584 4460 τῷ
1629 4387 1867 4463 ἀριθμῷ,
1896 4391 2001 4442 τῶν

357 4477 606 4533 ἐναντίων
665 4477 776 4532 ἐστὶ
833 4474 1094 4535 δεκτικὸν.
1157 4475 1572 4554 ἀναμφιλέκτως
1640 4475 1796 4530 οὐσία
1869 4473 2001 4532 ἐστί.

356 4567 581 4622 καθόσον
615 4564 673 4622 δὲ
716 4573 884 4644 τριχῆ
937 4563 1238 4637 διαστατὸν,
1271 4565 1361 4620 καὶ
1421 4566 1726 4640 μετρεῖσθαι
1779 4563 2000 4643 πέφυκε,

359 4657 496 4712 κατὰ
523 4661 686 4712 τοῦτο
723 4655 885 4729 μόνον
921 4655 1152 4732 ὑπάρχει
1182 4655 1372 4712 ποσόν.

429 4838 492 4893 θ’.
525 4836 596 4890 Τὸ
644 4836 862 4911 συνεχὲς
915 4832 979 4898 δὲ,
1019 4839 1116 4890 τοῦ
1177 4837 1350 4889 ποσοῦ
1407 4833 1496 4889 καὶ
1539 4834 1601 4889 τὸ
1646 4831 2002 4907 διωρισμένον

359 4925 455 4980 κᾶν
515 4929 595 4998 τῷ
641 4924 835 4998 κόσμῳ
893 4925 1174 5000 θεωρεῖται
1229 4923 1405 4979 παντί’
1437 4927 1535 4978 τοῦ
1592 4923 1686 4996 μὲν
1746 4927 2003 4999 συνεχοῦς

358 5017 394 5084 ἡ
427 5014 582 5093 φύσις
618 5014 741 5085 ¹ἥτις
789 5011 1034 5069 καλεῖται
1087 5011 1308 5090 μέγεθος
1357 5014 1402 5084 ᾧ
1449 5009 1741 5066 ἀκολουθεῖ
1790 5013 1854 5066 τὸ
1901 5033 2005 5082 πη-

360 5103 536 5176 λίκον,
568 5105 684 5158 καθ’
711 5101 902 5159 ἕνωσιν
934 5103 1022 5158 καὶ
1069 5101 1474 5179 ἀλληλουχίανο
1521 5106 1620 5157 τοῦ
1669 5100 1725 5156 δὲ
1783 5100 2002 5178 διωρισ-

365 5192 526 5266 μένου
570 5192 695 5262 ἥτις
742 5193 988 5248 καλεῖται
1029 5190 1264 5262 πλῆθος,
1313 5192 1358 5264 ᾦ
1406 5191 1698 5255 ἀκολουθεῖ
1722 5191 1784 5245 τὸ
1812 5191 2003 5259 ποσὸν,

359 5283 498 5338 κατά
554 5281 780 5358 σωρείαν
853 5282 943 5336 καὶ
1027 5279 1336 5357 παράθεσιν.
1379 5281 1477 5335 Καὶ
1556 5280 1692 5335 κατά
1751 5281 1844 5353 μὲν
1902 5280 2003 5349 τὴν

355 5375 455 5426 τοῦ
490 5371 745 5446 μεγέθους
795 5369 977 5425 οὐσίαν
1027 5371 1103 5431 εἷς
1150 5369 1178 5422 ὁ
1224 5368 1430 5442 κόσμος
1473 5367 1584 5422 ἐστί
1628 5388 1688 5422 τε
1730 5369 1818 5422 καὶ
1865 5373 2007 5422 νοεῖ-

355 5480 445 5515 ται
502 5460 785 5538 σφαιρικὸς
851 5459 942 5513 καὶ
996 5458 1360 5536 συμπεφυκὼς
1431 5458 1623 5528 ἑαυτῷ,
1689 5453 2008 5530 διατεταμέ-

355 5570 448 5612 νος
490 5569 552 5604 τε
598 5548 689 5603 καὶ
748 5546 1298 5623 ἀλληλουχούμενος.
1350 5545 1494 5600 Κατὰ
1543 5543 1600 5600 δὲ
1662 5546 1725 5600 τὸ
1789 5542 2005 5615 πλῆθος

355 5636 392 5708 ἥ
439 5659 500 5694 τε
547 5636 790 5707 σύνταξις
845 5637 1124 5714 θεωρεῖται
1175 5636 1265 5690 καὶ
1321 5637 1357 5704 ἡ
1427 5629 1813 5709 διακόσμησις,
1854 5635 1888 5706 ἠ
1949 5635 2009 5689 ἐκ

387 5724 591 5782 οσῶνδε
649 5727 775 5804 φέρε
835 5727 1002 5782 εἷ’πεῖν
1071 5723 1358 5801 στοιχείων
1403 5722 1492 5778 καὶ
1543 5724 1695 5793 ζώων
1745 5726 1778 5792 ἢ
1825 5730 2003 5802 φυτῶν

358 5817 448 5872 καὶ
480 5817 867 5887 έναντιοτήτων
898 5817 932 5886 ἢ
960 5816 1304 5890 ὁμοιοτητων
1329 5812 1503 5869 τόσων
1530 5813 1620 5868 καὶ
1650 5813 1843 5873 τόσων.

2085 715 2458 755 communem
2504 703 2826 758 terminum
2875 719 3014 759 suae
3062 709 3257 776 partes
3301 707 3644 777 conjunctae
3676 713 3736 765 et

2086 789 2348 844 counilas
2400 791 2594 846 habet.
2639 792 2879 863 Propter
2935 792 3044 848 hoc
3099 793 3282 866 igitur
3339 813 3622 853 numerus
3678 803 3736 854 et

2088 878 2272 932 oratio
2303 879 2552 934 discreta
2580 885 2795 950 quanta
2824 887 3107 937 vocantur
3136 884 3291 954 quod
3323 883 3472 939 I87
3506 891 3734 942 utrum-

2088 965 2174 1020 vis
2204 983 2404 1020 earum
2437 983 2561 1022 ase
2608 968 2854 1024 invicem
2903 969 3186 1027 discretas
3239 976 3296 1027 et
3343 973 3739 1046 disseparatas

2091 1058 2282 1126 partes
2315 1054 2510 1111 habet.

2163 1144 2213 1198 4.
2248 1143 2536 1200 Continua
2585 1149 2779 1201 autem
2811 1152 3032 1218 quanta
3061 1152 3220 1219 sunt,
3254 1165 3486 1222 corpus,
3534 1168 3738 1224 super-

2093 1232 2254 1288 ficies
2285 1237 2342 1288 et
2372 1233 2544 1304 linea,
2578 1234 2856 1308 locusque
2886 1241 2943 1291 et
2971 1242 3222 1310 tempus.

2161 1341 2216 1396 5.
2249 1339 2394 1396 Cum
2425 1357 2560 1414 ergo
2591 1343 2875 1414 cujusque
2905 1343 3113 1400 harum
3147 1349 3338 1418 partes
3368 1347 3614 1420 inquirit
3639 1350 3742 1406 ali-

2095 1430 2228 1502 quis
2259 1435 2316 1484 et
2362 1445 2459 1485 eas
2491 1432 2749 1501 potentia
2800 1431 3006 1488 dividit
3041 1434 3506 1508 consideratque,
3540 1454 3738 1495 secum

2094 1518 2345 1574 invicem
2393 1535 2683 1576 connexus
2713 1526 2769 1576 et
2798 1521 3168 1590 indiscretas,
3209 1523 3482 1592 inveniet.
3513 1528 3741 1585 Etenim

2098 1608 2358 1680 corporis
2426 1608 2662 1679 quidem
2739 1614 2933 1681 partes
3017 1612 3347 1684 superﬁcie,
3413 1616 3745 1687 superﬁciei

2097 1712 2232 1752 vero
2285 1695 2457 1762 linea,
2508 1696 2672 1752 linem
2722 1698 2972 1770 denique
3019 1707 3232 1771 puncto
3284 1703 3744 1776 conjunguntur.

2100 1786 2169 1842 Et
2196 1801 2331 1840 vero
2363 1784 2474 1840 loci
2505 1785 2681 1841 etiam
2718 1792 2912 1858 partes
2961 1787 3115 1844 linea
3145 1791 3452 1863 conjungit
3483 1794 3554 1849 ad
3601 1793 3752 1850 invi-

2100 1892 2247 1930 cem.
2282 1875 2428 1930 Nam
2481 1879 2538 1931 et
2564 1875 2728 1932 locus
2783 1882 2871 1932 est
2909 1879 3175 1950 quaedam
3225 1882 3586 1954 superﬁcies,
3617 1902 3751 1941 cum

2101 1965 2180 2020 sit
2209 1964 2545 2020 extremitas
2575 1965 2928 2022 continentis
2960 1968 3261 2040 (corporis)
3297 1977 3586 2041 quatenus
3617 1990 3752 2030 con-

2103 2052 2249 2108 tinet
2277 2058 2613 2110 contentum
2649 2072 2662 2109 :
2699 2055 2808 2110 hoc
2837 2060 2946 2123 est,
2979 2057 3112 2112 ﬁnis
3142 2058 3496 2118 continentis
3527 2061 3749 2134 aliquid

2106 2159 2220 2214 quo
2254 2142 2368 2197 fine
2419 2143 2724 2200 continens
2756 2147 3014 2200 continet
3042 2162 3165 2202 rem
3213 2147 3374 2204 illam
3407 2166 3532 2222 qua:
3565 2153 3755 2208 conti-

2106 2237 2279 2288 netur
2334 2232 2408 2287 ab
2465 2233 2591 2304 ipso
2647 2233 2912 2289 videlicet
2967 2235 3312 2293 continente.
3372 2237 3518 2294 Cum
3578 2257 3750 2312 porro

2105 2324 2339 2393 tempus
2369 2321 2649 2377 dividitur
2675 2322 2735 2377 in
2768 2325 3125 2395 praeteritum
3157 2329 3213 2380 et
3253 2325 3539 2397 futurum,
3572 2329 3751 2402 hujus

2107 2414 2302 2481 partes
2334 2427 2491 2466 nunc
2521 2411 2846 2484 conjungit.

2179 2519 2231 2572 6.
2265 2518 2428 2581 Quod
2460 2521 2652 2573 autem
2685 2523 2969 2590 punctum
2999 2525 3089 2576 est
3117 2520 3176 2577 in
3211 2521 3389 2591 linea,
3422 2523 3531 2581 hoc
3560 2526 3761 2582 unitas

2110 2609 2167 2660 et
2194 2605 2253 2660 in
2306 2623 2548 2662 numero
2579 2611 2636 2662 et
2687 2625 2842 2663 nunc
2871 2609 2930 2663 in
2976 2611 3255 2681 tempore.
3286 2610 3415 2668 Haec
3445 2613 3601 2669 enim
3653 2614 3762 2671 tria

2113 2695 2455 2767 quantitatis
2502 2700 2559 2751 et
2591 2697 2848 2768 partium
2897 2702 3160 2770 expertes
3207 2706 3367 2756 sunt.
3401 2701 3513 2757 Sed
3563 2702 3758 2761 unitas

2113 2784 2372 2855 quidem,
2423 2784 2530 2840 etsi
2579 2802 2694 2840 non
2742 2789 2830 2841 est
2877 2803 3179 2854 numerus,
3230 2789 3618 2848 nihilominus
3665 2797 3755 2848 ta-

2114 2889 2248 2928 men
2279 2889 2414 2944 pars
2462 2874 2528 2928 ﬁt
2557 2874 2807 2930 numeri.
2842 2875 3029 2938 Quare
3058 2876 3234 2932 etiam
3265 2894 3398 2933 cum
3442 2880 3758 2952 apponitur

2115 2970 2286 3034 auget
2333 2978 2662 3018 numerum.
2696 2963 2989 3020 Numerus
3018 2965 3174 3020 enim
3206 2982 3274 3022 ex
3317 2967 3642 3026 unitatibus
3671 2975 3760 3026 est

2117 3050 2496 3122 compositus,
2547 3052 3022 3124 quandoquidem
3054 3054 3206 3109 188
3237 3056 3412 3111 etiam
3463 3059 3758 3115 unitatum

2118 3139 2435 3212 congeries.
2467 3139 2754 3196 Punctum
2808 3144 3006 3197 autem
3049 3159 3183 3197 cum
3212 3142 3377 3199 lineae
3425 3145 3761 3218 apponitur,

2120 3245 2232 3284 non
2265 3234 2438 3300 auget
2467 3245 2596 3284 eam
2626 3229 2761 3298 quia
2780 3246 2968 3302 neque
2997 3248 3064 3288 ex
3085 3232 3320 3304 punctis
3341 3239 3567 3290 constat
3588 3235 3760 3292 linea.

2121 3319 2190 3372 Et
2216 3334 2351 3374 vero
2401 3318 2576 3373 etiam
2607 3335 2764 3374 nunc
2794 3335 2928 3374 cum
2976 3321 3290 3392 apponitur
3332 3324 3602 3396 tempori,
3631 3325 3762 3380 nul-

2121 3406 2237 3462 lam
2269 3407 2319 3462 ei
2368 3408 2698 3464 auctionem
2729 3413 2984 3481 prastat,
3016 3410 3157 3481 quia
3208 3428 3396 3484 neque
3427 3430 3561 3484 pars
3600 3413 3762 3470 illius

2120 3500 2207 3552 est
2237 3500 2646 3570 quotacunque
2676 3497 2872 3554 etiam.

2186 3588 2240 3640 7.
2269 3586 2380 3642 Sed
2411 3591 2467 3642 et
2512 3586 2667 3642 linea
2703 3587 2907 3659 utique
2953 3589 3222 3661 apposita
3267 3591 3597 3662 superﬁciei
3645 3609 3762 3650 non

2119 3679 2294 3747 auget
2339 3692 2489 3745 eam,
2522 3675 2661 3747 quia
2702 3692 2816 3731 non
2866 3683 2955 3732 est
3001 3695 3136 3750 pars
3189 3677 3348 3735 illius
3397 3695 3468 3736 ne
3517 3681 3766 3738 minima

2118 3763 2375 3836 quidem.
2430 3763 2781 3836 Superﬁcies
2810 3765 2966 3822 enim
3015 3766 3190 3840 habet
3229 3767 3658 3842 longitudinem
3708 3776 3767 3828 et

2113 3851 2486 3908 latitudinem
2521 3870 2534 3908 :
2567 3853 2720 3910 linea
2750 3859 2946 3911 autem
2977 3861 3066 3911 est
3093 3855 3395 3927 longitudo
3433 3857 3765 3917 latitudinis

2112 3957 2335 4012 expers.
2369 3941 2463 3997 Sic
2513 3947 2707 3999 autem
2738 3944 2914 4000 etiam
2963 3961 3174 4017 corpus
3223 3945 3447 4004 habens
3501 3952 3618 4005 tres
3668 3950 3762 4005 di-

2113 4029 2466 4096 mensiones,
2515 4029 2964 4104 longitudinem,
3010 4032 3381 4090 latitudinem
3409 4041 3466 4093 et
3510 4039 3762 4109 profun-

2113 4118 2356 4176 ditatem
2387 4120 2509 4175 sive
2552 4121 2899 4189 crassitiem,
2932 4140 2964 4178 a
2993 4123 3302 4195 superficie
3332 4142 3447 4180 non
3491 4131 3760 4199 augetur.

2182 4207 2236 4262 8.
2283 4207 2404 4264 Etsi
2460 4224 2592 4264 vero
2646 4225 2856 4282 corpus
2914 4211 3246 4268 substantia
3301 4218 3409 4282 est,
3467 4219 3524 4270 et
3581 4215 3758 4272 etiam

2114 4301 2400 4369 quantum
2449 4297 2681 4367 dicitur,
2718 4316 2831 4354 non
2860 4303 2949 4355 est
2978 4299 3333 4357 mirandum.
3369 4303 3428 4358 In
3469 4307 3758 4374 quantum

2113 4387 2270 4442 enim
2323 4390 2413 4442 est
2463 4389 2810 4458 subjectum,
2845 4392 2902 4444 et
2949 4406 3134 4444 unum
3184 4389 3460 4462 idemque
3509 4408 3754 4450 numero

2113 4491 2361 4532 manens
2409 4477 2698 4532 contraria
2743 4477 3038 4550 suscipere
3085 4483 3294 4550 potest,
3358 4479 3483 4536 sine
3531 4486 3762 4537 contra-

2112 4565 2366 4620 dictione
2413 4566 2745 4621 substantia
2784 4571 2874 4622 est
2906 4584 2919 4622 :
2950 4566 3011 4621 in
3059 4573 3348 4640 quantum
3396 4573 3593 4626 autem
3642 4575 3764 4628 tres

2115 4653 2512 4710 dimensiones
2542 4653 2738 4722 habet,
2768 4659 2826 4710 et
2857 4657 3183 4712 mensurari
3215 4673 3318 4728 per
3356 4661 3628 4713 naturam
3657 4675 3760 4730 po-

2032 4732 2080 4797 D
2112 4747 2250 4812 test,
2280 4743 2471 4814 quoad
2502 4741 2611 4798 hoc
2641 4741 2855 4810 solum,
2889 4747 3176 4816 quantum
3205 4744 3452 4800 exsistit.

2182 4831 2235 4884 9.
2269 4830 2344 4887 Ut
2387 4848 2521 4887 vero
2570 4831 2913 4887 continuum
2966 4838 3024 4888 et
3048 4833 3368 4889 discretum
3418 4835 3488 4890 de
3536 4840 3757 4907 quanto

2114 4920 2289 4976 etiam
2339 4921 2397 4976 in
2429 4921 2698 4976 universo
2748 4921 2967 4976 mundo
3015 4921 3464 4979 consideratur:
3497 4924 3761 4981 continui

2115 5009 2352 5081 quidem
2401 5014 2612 5066 natura
2641 5027 2767 5082 quas
2796 5014 3035 5065 vocatur
3065 5012 3408 5083 magnitudo
3457 5029 3636 5083 quam
3669 5030 3765 5070 se-

2114 5098 2316 5170 quitur
2359 5099 2740 5170 (quantum):
2793 5099 3117 5155 secundum
3168 5099 3321 5156 189
3377 5102 3657 5158 unionem
3706 5106 3764 5159 et

2115 5191 2381 5242 mutuam
2439 5187 2943 5258 complexionem;
3004 5189 3241 5246 discreti
3297 5194 3492 5246 autem
3552 5197 3764 5249 natura

2115 5292 2242 5348 quae
2295 5281 2534 5331 vocatur
2580 5275 2916 5342 multitudo,
2959 5294 3137 5350 quam
3184 5284 3450 5350 sequitur
3474 5278 3537 5333 τὸ
3588 5281 3757 5336 ποσὸν

2115 5366 2381 5437 (quotum
2428 5363 2516 5419 vel
2545 5369 2733 5436 quot),
2765 5367 3088 5422 secundum
3120 5368 3448 5440 congeriem
3477 5373 3535 5424 et
3579 5387 3760 5442 appo-

2115 5453 2409 5509 sitionem.
2441 5453 2511 5506 Et
2559 5455 2751 5525 quoad
2784 5454 3021 5526 quidem
3079 5457 3506 5530 magnitudinis
3559 5474 3757 5516 essen-

2114 5542 2258 5597 tiam
2289 5557 2424 5596 cum
2453 5558 2608 5597 unus
2638 5547 2728 5598 est
2759 5545 3039 5616 mundus,
3071 5549 3199 5602 tum
3240 5547 3526 5602 rotundus
3555 5551 3614 5603 et
3643 5547 3757 5604 sibi

2116 5633 2424 5698 connatus,
2456 5630 2864 5705 distentusque
2893 5639 2952 5690 et
2980 5634 3090 5690 sibi
3123 5639 3327 5691 mutuo
3360 5635 3655 5693 cohaerens
3677 5636 3764 5692 in-

2116 5720 2451 5793 telligitur:
2509 5726 2567 5776 at
2623 5725 2947 5778 secundum
3009 5723 3442 5780 multitudinem
3500 5728 3557 5778 et
3617 5725 3757 5780 ordo

2117 5813 2245 5886 (seu
2295 5811 2672 5884 constructio)
2705 5818 2762 5870 et
2794 5831 2926 5870 cum
2957 5817 3166 5870 ornatu
3209 5811 3535 5885 dispositio,
3577 5828 3646 5868 ex
3675 5817 3761 5872 tot
