4108 6452
1594 469 2011 544 NIGEPHORI
2061 479 2498 543 BLEMMIDAS

3623 477 3744 542 836

345 619 503 676 verbi
552 618 738 691 gratia
782 615 1088 672 elementis
1154 619 1211 670 et
1267 613 1625 670 animalibus
1673 617 1774 671 aut
1818 614 2035 687 plantis
2080 616 2139 670 et
2193 612 2706 670 contrarietatibus
2763 615 2864 669 aut
2894 604 3392 668 similitudinibus
3421 613 3509 670 tot
3532 617 3589 667 et
3617 603 3738 669 tam

347 707 554 765 multis
584 705 1008 762 consideratur.

418 798 505 852 10.
538 796 817 852 Praeterea
843 797 1317 849 enumeratorum
1347 796 1698 864 quantorum
1732 791 1848 848 alia
1877 792 1975 849 ha-

2170 792 2220 846 ι’.
2252 791 2372 846 Ἔτι
2411 795 2519 845 τῶν
2578 787 3046 866 ἀπηριθμημένων
3105 792 3288 858 ποσῶν
3342 790 3408 842 τὰ
3468 788 3563 860 μὶν
3625 785 3743 864 ἔχει

341 886 484 942 bent
528 884 876 957 positionem
928 882 1181 955 partium
1219 881 1372 938 inter
1418 898 1480 937 se
1528 888 1817 946 mutuam,
1872 882 1975 936 alia

2096 880 2234 933 Θέσιν
2278 883 2385 934 τῶν
2437 878 2489 934 ἐν
2540 879 2723 941 αὐτοῖς
2765 877 2970 955 μορίων
3003 878 3138 953 πρὸς
3171 874 3419 947 ἄλληλα,
3444 876 3512 931 τὰ
3542 874 3588 930 δ’
3643 873 3742 931 οὐκ

339 991 457 1030 non
489 973 727 1030 habent.
763 972 1118 1028 Positionem
1150 987 1285 1043 ergo
1317 976 1584 1025 mutuam
1616 970 1833 1025 habent
1861 986 1975 1041 par

2096 963 2233 1041 ἔχει.
2265 966 2417 1021 Θέσιν
2455 966 2550 1039 μὶν
2581 963 2716 1040 (οὖν)
2755 963 2870 1041 ἔχει
2901 967 3037 1039 πρὸς
3069 962 3294 1034 ἄλληλα
3321 964 3388 1018 τὰ
3420 963 3584 1038 μόρια
3638 969 3742 1032 τῆς

340 1069 430 1120 tes
461 1062 647 1134 linea,
667 1061 1165 1134 quemadmodum
1197 1076 1337 1115 sane
1367 1060 1542 1114 etiam
1574 1059 1902 1131 superﬁciei
1929 1063 1975 1114 et

2096 1062 2378 1130 γραμμῆς,
2413 1054 2591 1126 ὥσπερ
2643 1052 2709 1122 δὴ
2763 1053 2852 1108 καὶ
2899 1061 2998 1123 τῆς
3050 1052 3358 1131 ἐπιφανείας
3406 1053 3494 1106 καὶ
3542 1053 3609 1107 τὰ
3637 1056 3736 1106 τοῦ

335 1151 598 1224 corporis
645 1155 702 1206 et
749 1150 880 1206 loci.
935 1149 1059 1206 Non
1106 1153 1302 1203 autem
1360 1147 1574 1203 habent
1635 1147 1975 1219 positionem

2096 1144 2369 1215 σώματος,
2418 1143 2506 1198 καὶ
2561 1147 2659 1197 τοῦ
2714 1143 2904 1197 τόπου.
2954 1141 3104 1197 Θέσιν
3162 1138 3220 1196 δὲ
3278 1141 3377 1196 οὐκ
3427 1137 3540 1216 ἔχει
3600 1143 3738 1217 πρὸς

337 1245 606 1296 mutuam
639 1243 834 1312 partes
863 1235 1617 1308 numeri,quemadmodum
1649 1238 1824 1290 etiam
1854 1251 1982 1290 ora-

335 1329 513 1384 tionis
544 1334 602 1384 et
651 1327 932 1400 temporis
963 1331 1178 1398 parte.
1213 1325 1311 1380 Hae
1341 1324 1499 1380 enim
1545 1324 1810 1380 ordinem
1856 1323 1982 1395 qui-

335 1419 468 1474 dem
497 1417 736 1484 habent,
769 1433 896 1488 quae
925 1416 1116 1488 prima
1143 1419 1201 1470 et
1230 1431 1353 1484 quas
1407 1414 1667 1468 secunda
1694 1431 1708 1480 ;
1742 1413 1981 1485 positio«

338 1523 472 1562 nem
504 1511 699 1562 autem
730 1521 844 1560 non
876 1504 1113 1560 habent.

410 1597 496 1651 11.
531 1594 676 1650 Nam
707 1594 837 1664 eius
868 1594 1021 1664 quod
1074 1597 1162 1648 est
1191 1591 1538 1664 positionem
1579 1590 1812 1660 habere,
1843 1588 1980 1645 cha-

335 1683 734 1740 racteristicon
777 1686 866 1738 est
913 1686 1108 1753 partes
1155 1681 1436 1736 contineri
1483 1685 1542 1736 et
1588 1695 1926 1751 permanere
1963 1696 1978 1747 ;

335 1789 586 1844 quorum
642 1771 880 1844 quidem
929 1775 1204 1826 neutrum
1251 1769 1430 1825 habet
1475 1769 1698 1835 oratio;
1746 1774 1980 1839 tempus

329 1877 464 1918 vero
522 1861 675 1917 190
723 1859 1070 1916 continuum
1120 1859 1358 1930 quidem
1393 1862 1500 1925 est,
1525 1857 1625 1912 sed
1669 1858 1798 1928 ejus
1846 1873 1980 1929 par-

328 1953 419 2005 tes
453 1967 568 2006 non
616 1952 978 2022 permanent.
1012 1947 1236 2019 Quippe
1283 1952 1516 2018 tempus
1555 1961 1838 2001 numerus
1889 1949 1980 2000 est

333 2043 548 2094 motus.
595 2039 665 2093 Et
709 2038 838 2108 ejus
876 2037 1113 2108 quidem
1168 2035 1524 2108 praeteritum
1577 2034 1977 2107 prmterﬂuxit,

2093 1229 2317 1301 ἄλληλα
2343 1232 2410 1287 τὰ
2441 1231 2606 1308 μόρια
2632 1233 2730 1286 τοῦ
2760 1231 3013 1307 ἀριθμοῦ,
3048 1229 3227 1305 ὥσπερ
3275 1227 3342 1298 δὴ
3404 1229 3492 1283 καὶ
3522 1231 3589 1284 τὰ
3641 1233 3738 1284 τοῦ

2091 1317 2284 1394 λόγου,
2332 1320 2422 1375 καὶ
2485 1321 2554 1374 τὰ
2617 1324 2715 1374 τοῦ
2773 1319 2998 1395 χρόνου.
3047 1323 3224 1373 Ταῦτα
3280 1321 3382 1394 γὰρ
3439 1316 3583 1388 τάξιν
3644 1320 3739 1391 μὶν

2091 1405 2229 1485 ἔχει,
2285 1408 2340 1464 τί
2395 1413 2608 1484 πρῶτον
2690 1410 2779 1464 καὶ
2852 1409 2905 1464 τί
2985 1407 3253 1484 δεύτερον·
3313 1407 3455 1462 θὲσιν
3536 1405 3582 1461 δ’
3641 1408 3740 1463 οὐκ

2091 1494 2228 1575 ἔχει.

2162 1589 2247 1642 ια’.
2281 1588 2351 1642 Τὸ
2405 1588 2508 1664 γὰρ
2549 1588 2690 1642 Θέσιν
2743 1586 2888 1663 ἔχειν
2935 1583 3428 1663 χαρακτηριστικόν
3475 1586 3584 1641 ἐστι
3642 1591 3738 1641 του

2087 1677 2153 1730 τὰ
2212 1675 2378 1751 μόρια
2431 1676 2748 1752 συνέχεσθαί
2803 1697 2862 1730 τε
2915 1674 3004 1729 καί
3060 1676 3368 1748 ὑπομένειν.
3418 1677 3512 1728 Ὧν
3565 1676 3594 1729 ὁ
3641 1676 3736 1748 μὲν

2089 1764 2252 1840 λόγος
2308 1763 2586 1839 οὐδέτερον
2656 1761 2791 1841 ἔχει·
2844 1766 2873 1818 ὁ
2923 1761 2980 1819 δὲ
3041 1765 3242 1840 χρόνος
3323 1766 3558 1840 συνεχὴς
3641 1765 3737 1837 μὲν

2089 1851 2252 1922 ἔστιν,
2280 1853 2386 1930 οὐχ
2443 1853 2699 1927 ὑπομένει
2758 1851 2804 1908 δ’
2861 1852 3024 1908 αὐτοῦ
3073 1853 3138 1908 τὰ
3185 1852 3369 1929 μόρια.
3400 1851 3606 1929 Χρόνος
3637 1852 3738 1928 γάρ

2089 1941 2227 1997 ἐστιν
2287 1944 2517 2017 ἀριθμὸς
2574 1945 2858 2014 κινήσεως.
2909 1943 3009 1997 Καὶ
3065 1943 3128 1997 τὸ
3185 1943 3280 2014 μὲν
3352 1941 3736 2019 παρεληλυθὸς

2088 2030 2251 2086 αὐτοῦ
2298 2029 2588 2108 διὲῤῥευσεί
2638 2031 2702 2086 τὸ
2747 2029 2805 2086 δὲ
2860 2030 3064 2104 μὲλλον
3117 2029 3270 2086 οὔπω
3319 2029 3482 2086 ἔστιν.
3522 2031 3628 2086 Επὶ
3679 2029 3738 2086 δὲ

337 2127 602 2183 futurum
651 2132 849 2182 autem
878 2127 1141 2181 nondum
1171 2131 1278 2181 est.
1309 2125 1485 2195 Atqui
1515 2126 1572 2179 in
1616 2139 1859 2179 numero
1891 2123 1975 2176 in-

673 2231 677 2232 ,
727 2214 823 2232 ⁸]οι
908 2214 1000 2232 11!,
1075 2231 1086 2232 γ
1143 2215 1211 2232 εηγ
1284 2212 1742 2232 __s,m,_A-2____-
1807 2210 1975 2232 L-L-A

2096 2125 2181 2176 τοῦ
2207 2121 2440 2196 ἀριθμοῦ
2471 2116 2802 2194 συμϐεϐήκει
2833 2120 2897 2175 τὰ
2944 2119 3231 2177 ἀνάπαλιν.
3264 2121 3436 2183 Οὗτος
3480 2123 3581 2196 γὰρ
3635 2141 3736 2195 μο-

2131 2212 2181 2232 υ
2270 2210 2289 2232 ε
2377 2207 2459 2232 ειη-
2538 2215 2602 2232 κ-.
2740 2211 2817 2232 η,
2968 2209 3104 2232 α---
3185 2217 3275 2232 κ...
3341 2207 3390 2232 εχ
3465 2227 3485 2232 Α

333 2232 570 2272 versum
623 2214 850 2271 accidit.
906 2214 1008 2269 Hic
1064 2215 1222 2268 enim
1283 2212 1751 2284 permansionem
1807 2210 1981 2267 habet

335 2305 572 2377 quidem
625 2305 878 2380 partium
908 2319 1172 2371 suarum,
1205 2301 1587 2358 continuitntc
1636 2306 1829 2357 autem
1860 2299 1976 2373 pri-

334 2397 507 2450 vatus
536 2399 644 2450 est.

406 2483 490 2538 12.
542 2487 720 2538 Porro
771 2481 954 2554 aliqui
1004 2481 1178 2537 etiam
1216 2501 1222 2506 ί
1255 2479 1487 2552 pondus
1536 2478 1645 2552 (vel
1694 2479 1744 2534 si
1793 2477 1978 2534 mavis

332 2575 559 2629 staterae
607 2571 870 2642 examen)
897 2572 1005 2626 sub
1037 2574 1256 2642 quanto
1279 2568 1584 2637 collocant,
1617 2573 1674 2624 et
1703 2567 1974 2623 fortassis

332 2660 558 2732 absque
585 2659 927 2716 errore.Nec
955 2660 1113 2715 enim
1145 2659 1375 2730 pondus
1404 2656 1658 2730 gravitas
1689 2661 1747 2712 et
1775 2655 1979 2712 levitas

331 2753 440 2820 est,
475 2755 540 2805 ut
568 2749 808 2820 quidam
840 2749 1127 2804 instantes
1155 2749 1378 2814 dicunt,
1410 2752 1476 2800 ut
1503 2751 1659 2802 esset
1687 2745 1974 2818 qualitas:

333 2838 434 2894 sed
497 2837 797 2911 gravitatis
845 2843 903 2893 et
948 2837 1197 2892 levitatis
1247 2853 1524 2892 mensura
1569 2841 1680 2891 est.
1740 2835 1809 2890 Et
1859 2835 1978 2889 haec

335 2927 572 2999 quidem
603 2928 703 2983 ita.

408 3018 492 3071 13.
527 3017 752 3072 Dicitur
778 3021 976 3072 autem
1007 3015 1182 3072 etiam
1214 3020 1501 3087 quantum
1532 3014 1856 3070 secundum
1889 3029 1979 3068 ac-

330 3107 546 3174 cidens,
576 3111 642 3160 ut
671 3105 926 3161 multum
958 3104 1179 3170 album,
1201 3109 1260 3160 et
1287 3103 1462 3176 longa
1493 3103 1724 3172 actio,et
1753 3102 1976 3157 multus

329 3201 543 3252 motus.
588 3194 802 3250 Album
855 3194 1012 3249 enim
1061 3197 1366 3266 propterea
1415 3192 1571 3264 quod
1619 3191 1805 3247 multa
1847 3191 1974 3263 (seu

329 3287 566 3357 magna)
597 3283 674 3339 sit
705 3281 1046 3353 superﬁcies
1075 3283 1135 3336 in
1169 3297 1286 3353 qua
1313 3285 1424 3350 est,
1449 3279 1700 3334 multum
1733 3278 1972 3346 dicitur;

330 3378 396 3429 ut
425 3374 574 3429 actio
624 3372 799 3445 longa
829 3375 1063 3444 propter
1090 3376 1324 3441 tempus
1356 3387 1368 3425 :
1403 3373 1460 3425 et
1490 3373 1683 3423 motus
1731 3366 1975 3433 multus,

334 3478 467 3517 cum
499 3465 736 3534 propter
763 3465 997 3532 tempus
1025 3464 1153 3514 tum
1184 3462 1422 3531 propter
1448 3457 1663 3513 locum.

404 3552 492 3608 14.
526 3550 805 3606 Convenit
851 3552 1069 3622 quanto
1101 3565 1216 3603 non
1256 3546 1511 3618 recipere
1540 3545 1731 3617 magis
1760 3549 1819 3601 et
1867 3544 1976 3599 mi-
2005 3536 2050 3603 C

332 3657 464 3711 nus,
496 3643 554 3694 et
581 3656 698 3696 non
728 3639 940 3694 habere
969 3636 1350 3694 contrarium.

401 3749 486 3802 15.
521 3745 645 3802 Nisi
674 3746 807 3818 quis
835 3747 989 3802 circa
1016 3744 1210 3801 locum
1258 3759 1386 3800 esse
1413 3741 1568 3799 dicat
1595 3742 1974 3799 contrarieta-

324 3840 444 3891 tem
473 3837 696 3908 quanti,
725 3835 883 3891 velut
913 3851 1150 3891 sursum
1180 3838 1239 3889 et
1267 3833 1562 3889 deorsum.
1595 3832 1705 3888 Sed
1731 3847 1970 3888 sursum

324 3929 382 3980 et
409 3925 686 3980 deorsum
718 3925 767 3980 si
820 3924 1054 3996 quidem
1088 3923 1278 3994 quoad
1311 3921 1714 3978 habitudinem
1759 3922 1830 3976 ad
1864 3937 1970 3977 nos

324 4013 616 4084 dicantur,
651 4029 720 4068 ex
766 4029 968 4068 eorum
1011 4013 1158 4067 191
1197 4019 1332 4067 sunt
1381 4027 1622 4066 numero
1662 4027 1786 4080 quae
1834 4015 1971 4066 sunt

325 4101 398 4158 ad
455 4101 671 4174 aliquid
704 4101 930 4171 (lunam
981 4101 1138 4156 enim
1171 4100 1358 4170 quoad
1402 4117 1508 4155 nos
1538 4115 1774 4155 sursum
1825 4098 1969 4154 dici-

325 4206 479 4262 mus,
513 4207 638 4262 que
689 4195 883 4245 tamen
929 4189 1204 4245 omnibus
1252 4186 1502 4258 planetis
1551 4186 1681 4241 aliis
1731 4185 1970 4240 inferior

322 4279 590 4352 exsistit),
625 4281 716 4335 sin
747 4278 934 4349 quoad
967 4283 1236 4332 naturam
1269 4273 1620 4340 dicanturm}
1653 4290 1891 4330 sursum
1913 4278 1970 4329 et

323 4369 618 4441 deorsum,
651 4368 1085 4442 predicamenti
1116 4366 1214 4421 ubi
1245 4369 1404 4432 sunt,
1429 4368 1495 4418 ut
1526 4380 1658 4418 cum
1692 4363 1964 4430 dicimus,

319 4457 517 4530 ignem
548 4457 785 4530 quidem
816 4472 1074 4525 sursum,
1098 4461 1312 4511 terram
1344 4470 1478 4510 vero
1509 4454 1784 4510 deorsum
1815 4467 1962 4508 esse.

389 4549 475 4603 16.
509 4547 716 4604 Visum
767 4552 856 4602 est
896 4550 1094 4602 autem
1143 4543 1436 4614 aliquibus
1465 4542 1616 4613 quod
1665 4547 1722 4598 et
1770 4548 1967 4598 motus

318 4640 604 4707 quantum
653 4637 749 4691 sit.
775 4635 992 4690 Verum
1024 4638 1218 4690 motus
1248 4650 1363 4689 non
1396 4637 1486 4688 est
1521 4635 1829 4703 quantum,
1863 4631 1964 4688 sed

321 4726 380 4780 in
412 4731 628 4796 quanto
675 4725 1116 4792 consideratur;
1147 4721 1642 4793 quemadmodum
1691 4720 1864 4777 etiam
1904 4723 1964 4778 in

326 4815 658 4870 substantia
685 4819 744 4870 et
770 4814 831 4869 in
863 4812 1018 4884 quali
1050 4819 1107 4869 et
1140 4815 1198 4868 in
1231 4812 1353 4867 ubi.
1385 4812 1447 4866 In
1478 4811 1810 4868 substantia
1839 4811 1964 4882 qui-

2087 2212 2183 2278 νὴν
2230 2210 2324 2283 μὶν
2375 2207 2488 2286 ἔχει
2531 2215 2639 2265 τῶν
2691 2211 2895 2286 μορίων
2944 2209 3131 2278 αὐτοῦ,
3178 2217 3280 2280 τῆς
3338 2207 3396 2265 δὲ
3455 2211 3736 2286 συνεχείας

2086 2297 2168 2352 Ec;
2185 2300 2385 2373 ἔρηται.

2161 2478 2250 2552 ιβ’.
2280 2477 2521 2541 Τίθενταί
2569 2499 2711 2541 τινες
2754 2477 2843 2532 καὶ
2885 2479 2983 2547 τήν
3035 2477 3208 2553 ῥοπὴν
3261 2477 3364 2532 ὑπὸ
3415 2477 3479 2532 τὸ
3539 2476 3731 2531 ποσόν·

2083 2565 2173 2620 καὶ
2221 2563 2353 2628 ἴσως
2404 2565 2466 2621 οὐ
2517 2564 2822 2644 σφαλερῶς.
2870 2565 2945 2620 Οὐ
2995 2567 3098 2643 γάρ
3149 2565 3284 2621 ἐστιν
3316 2569 3352 2636 ὴ
3392 2566 3535 2642 ῥοπὴ
3572 2565 3738 2642 βαρύ-

2082 2675 2180 2724 της
2235 2655 2326 2709 καὶ
2382 2655 2677 2732 κουφότης,
2736 2653 2810 2716 ὥς
2865 2673 3005 2716 τινες
3063 2654 3399 2727 ἐνιστάμενοι
3451 2653 3734 2729 λέγουσιν,

2078 2743 2152 2797 τίν’
2177 2743 2214 2817 ᾖ
2245 2743 2499 2814 ποιότης,
2527 2743 2673 2800 ἀλλὰ
2706 2744 2899 2821 μέτρον
2960 2744 3263 2820 βαρύτητος
3310 2745 3400 2799 καὶ
3454 2743 3729 2822 κουφότη-

2081 2853 2197 2895 τος.
2229 2838 2405 2888 Ταῦτα
2437 2835 2531 2906 μὲν
2567 2833 2763 2896 οὕτως.

2159 3014 2240 3088 ιγ’.
2273 3012 2494 3088 Λὲγεται
2529 3010 2585 3067 δὲ
2614 3012 2703 3066 καὶ
2733 3011 2868 3066 κατὰ
2886 3007 3230 3085 συμϐεϐηκὸς
3263 3012 3452 3067 ποσόψ
3481 3013 3556 3074 ὡς
3584 3010 3728 3069 πολῦ

2085 3101 2296 3171 λευκὸν,
2338 3100 2432 3155 καί
2476 3103 2654 3178 μακρᾶ
2699 3102 2888 3177 πρᾶξις
2919 3103 3008 3156 καὶ
3038 3101 3248 3170 κίνησις
3275 3099 3486 3173 πολλή.
3519 3102 3598 3158 Τὸ
3630 3101 3723 3174 μὶν

2081 3191 2181 3267 γὰρ
2231 3189 2442 3262 λευκὸν,
2475 3188 2564 3246 διὰ
2606 3192 2670 3246 τὸ
2716 3189 2935 3260 πολλὴν
2970 3191 3103 3246 εἶναι
3132 3192 3234 3260 τὴν
3266 3189 3576 3270 ἆπιφάνειαν
3609 3189 3661 3245 ἐν

2082 3279 2213 3354 ἐστι,
2255 3275 2471 3356 λέγεται
2528 3277 2618 3334 διὰ
2667 3285 2828 3335 τοῦτο
2883 3279 3048 3335 πολύ·
3099 3282 3135 3349 ἡ
3185 3277 3243 3335 δὲ
3297 3280 3491 3356 πρᾶξις
3551 3279 3730 3355 μασιρᾶ

2083 3365 2173 3423 διὰ
2190 3370 2281 3424 τὸν
2313 3368 2536 3446 χρόνον·
2568 3369 2657 3423 καὶ
2687 3371 2723 3438 ἠ
2754 3369 2967 3440 κίνησις
2998 3367 3186 3439 πολλή
3221 3367 3310 3424 διά
3357 3388 3416 3425 τε
3460 3369 3550 3424 τὸν
3591 3368 3728 3444 χρό-

2081 3479 2195 3531 νον,
2228 3459 2316 3513 καὶ
2349 3457 2439 3513 διὰ
2465 3459 2558 3514 τὸν
2588 3457 2777 3514 τόπον.

2162 3545 2247 3604 ιδ’.
2306 3547 2567 3624 Πρόσεστι
2623 3553 2702 3621 τῷ
2757 3553 2910 3620 ποσῷ
2979 3549 3042 3604 τὸ
3119 3549 3196 3622 μὴ
3268 3543 3614 3624 ἐπιδέχεσθαι
3666 3545 3727 3601 τὸ

2085 3634 2298 3711 μᾶλλον
2329 3637 2418 3693 καὶ
2444 3640 2632 3709 ἧττον,
2660 3635 2750 3692 καὶ
2778 3637 2842 3692 τὸ
2878 3635 3046 3712 μηδὲν
3075 3633 3222 3713 ἔχειν
3256 3636 3515 3695 ἐναντίον.

2155 3744 2233 3800 ιε’.
2265 3742 2329 3799 Εἰ
2390 3747 2465 3817 μή
2525 3765 2610 3807 τις
2669 3745 2818 3822 λέγοι
2877 3746 3000 3822 περί
3055 3746 3147 3800 τὸν
3209 3743 3375 3800 τόπον
3437 3744 3570 3800 εἶναι
3626 3745 3726 3812 τὴν

2081 3831 2428 3904 ἐναντιότητα
2470 3835 2569 3889 τοῦ
2615 3838 2808 3908 ποσοῦ,
2840 3835 2916 3897 ὡς
2962 3835 3026 3889 τὸ
3076 3831 3187 3889 ἄνω
3216 3835 3305 3889 καὶ
3337 3833 3506 3890 κάτω.
3549 3830 3725 3889 Ἀλλᾶ

2075 3923 2139 3977 τὸ
2167 3921 2277 3977 ἄνω
2314 3923 2404 3977 καὶ
2433 3923 2601 3996 κάτω,
2631 3924 2675 3978 εἰ
2721 3924 2815 3996 μὶν
2865 3925 3002 3979 κατὰ
3046 3925 3146 3993 τήν
3197 3925 3335 4001 πρὸς
3391 3926 3540 3998 ἡμᾶς
3598 3920 3723 3998 σχε-

2079 4033 2181 4084 σιν,
2216 4010 2481 4088 λέγοιντο,
2513 4018 2622 4068 τῶν
2678 4014 2814 4089 πρός
2868 4013 2920 4068 τί
2980 4013 3112 4069 ἐστι’
3167 4015 3268 4084 τὴν
3326 4015 3428 4089 γὰρ
3489 4011 3717 4083 σελήνην

2077 4102 2212 4172 πρὸς
2245 4104 2390 4175 ἡμᾶς
2435 4099 2546 4156 ἅνω
2603 4103 2793 4180 φαμὶν,
2825 4102 3117 4179 κατωτέρω
3169 4108 3276 4158 τῶν
3337 4101 3522 4158 ἄλλων
3583 4100 3718 4156 πλα-

2074 4193 2250 4260 νήτων
2309 4190 2524 4246 πάντων
2585 4191 2951 4268 ὑπάρχουσαν·
3021 4193 3067 4247 εἰ
3126 4190 3184 4247 δὶ
3237 4192 3374 4268 πρὸς
3426 4192 3525 4260 τήν
3567 4191 3716 4269 φύσιν

2078 4277 2327 4354 λέγοιντο
2355 4280 2418 4333 τὸ
2453 4277 2564 4334 ἅνω
2621 4281 2710 4335 καὶ
2765 4281 2828 4335 τὸ
2878 4283 3046 4352 κάτω,
3077 4287 3181 4350 τῆς
3240 4284 3346 4335 ποῖ’)
3392 4277 3718 4356 κατηγορίας

2075 4367 2234 4423 ἐστίν·
2269 4369 2346 4431 ὡς
2377 4367 2501 4424 ὅταν
2534 4367 2806 4444 λέγωμεν,
2837 4371 2900 4424 τὸ
2933 4370 3030 4444 μὶν
3078 4374 3186 4446 πῦρ
3245 4369 3377 4425 εἶναι
3437 4367 3569 4437 ἄνω,
3626 4368 3722 4436 τὴν

2077 4455 2134 4513 δὲ
2163 4463 2266 4533 γῆν
2298 4457 2464 4513 κάτω.

2151 4549 2233 4611 ις’.
2263 4544 2454 4617 Ἔδοξε
2504 4545 2562 4602 δὲ
2616 4567 2724 4602 τισι
2781 4548 2872 4603 καὶ
2926 4550 3027 4618 τὴν
3081 4548 3291 4619 κίνησιν
3339 4548 3476 4602 εἶναι
3531 4545 3721 4602 ποσόν.

2075 4634 2231 4692 ’Δλλ’
2261 4635 2360 4691 οὐκ
2390 4631 2501 4690 ἔστι
2531 4637 2697 4690 ποσὸν
2731 4639 2764 4706 ἡ
2797 4637 3030 4711 κίνησις,
3058 4637 3111 4692 ἐν
3160 4641 3241 4710 τῷ
3285 4640 3440 4708 ποσῷ
3489 4633 3546 4691 δὶ
3591 4637 3722 4689 θεω-

2076 4730 2245 4802 ρεῖται
2300 4726 2536 4801 καθάπερ
2594 4725 2683 4780 καὶ
2740 4725 2790 4781 ἐν
2843 4729 2912 4800 τῇ
2971 4726 3126 4799 οὐσίᾳ
3181 4727 3271 4782 καὶ
3329 4725 3380 4781 ἐν
3433 4729 3514 4798 τῷ
3561 4728 3720 4796 ποιῷ,

2074 4815 2164 4869 καὶ
2216 4818 2296 4885 τῷ
2347 4818 2473 4871 ποῦ.
2508 4815 2592 4868 Ἐν
2659 4815 2750 4887 μὶν
2808 4819 2877 4888 τῇ
2937 4814 3109 4887 οὐσίᾳ,
3159 4815 3236 4877 ὡς
3284 4817 3320 4886 ἡ
3376 4809 3581 4890 γένεσις
3636 4812 3723 4868 καὶ

325 4903 480 4973 dem,
514 4908 581 4959 ut
607 4904 905 4976 generatio
954 4909 1012 4958 et
1036 4902 1330 4974 corruptio
1360 4901 1715 4972 (quanquam
1745 4900 1836 4956 has
1874 4917 1972 4973 po-

2096 4904 2268 4981 ρθορά.
2302 4898 2610 4958 Μεταϐολαὶ
2663 4901 2721 4958 δὲ
2775 4901 2986 4976 μᾶλλον
3034 4904 3210 4977 αὗται,
3243 4905 3481 4974 κινήσεις
3527 4900 3586 4958 δὲ
3634 4900 3722 4956 λέ-

323 4991 441 5047 tius
489 4994 843 5049 mutationes
873 4999 1012 5049 sunt
1039 4996 1098 5048 et
1129 4996 1324 5047 motus
1373 4991 1611 5046 abusive
1651 4990 1964 5057 dicuntur;

323 5080 425 5135 sed
455 5079 516 5136 in
565 5087 780 5152 quanto
829 5091 882 5139 et
911 5081 1067 5152 quali
1115 5087 1169 5138 et
1219 5081 1340 5150 ubi,
1383 5079 1612 5152 proprie
1661 5085 1855 5134 motus
1885 5079 1970 5134 in-

317 5170 678 5238 veniuntur).
712 5173 775 5226 In
828 5177 1044 5242 quanto
1073 5172 1538 5236 incrementum;
1571 5169 1631 5224 in
1671 5168 1851 5239 quali,
1884 5167 1970 5224 al-

319 5259 568 5330 teratio;
603 5260 661 5315 in
694 5261 796 5316 ubi
826 5261 1096 5331 denique,
1130 5258 1375 5316 mutatio
1418 5259 1744 5316 secundum
1775 5257 1968 5314 locum

321 5364 446 5419 quae
480 5347 618 5404 latio
646 5353 906 5405 vocatur.

398 5457 484 5512 17.
519 5454 808 5512 Dividitur
857 5461 1054 5512 autem
1097 5455 1219 5511 haec
1248 5461 1306 5511 et
1351 5455 1410 5510 in
1459 5456 1802 5514 circularem
1852 5473 1971 5512 mo-

2076 5013 2260 5068 γονται
2315 4994 2788 5068 καταχρηστικῶς·
2846 4993 2898 5048 ἐν
2974 4998 3053 5066 τῷ
3117 4995 3272 5065 ποσῷ
3349 4989 3425 5060 δὲ,
3485 4992 3577 5047 καὶ
3649 4989 3748 5061 τῷ⁷

2077 5086 2241 5154 ποιῷ,
2271 5082 2361 5136 καὶ
2409 5086 2488 5153 τῷ
2544 5086 2668 5153 ποῦ,
2702 5082 2906 5158 κυρίως
2963 5085 3204 5154 κινήσεις
3263 5081 3623 5157 εὑρίσκονταιο
3674 5079 3723 5134 ἐν

2077 5175 2157 5242 τῷ
2211 5174 2365 5242 ποσῷ
2437 5171 2531 5243 μὲν
2595 5168 2815 5242 αὔξησις
2877 5171 2967 5226 καὶ
3031 5171 3273 5246 μείωσις⁶
3336 5169 3387 5225 ὲν
3448 5175 3527 5242 τῷ
3584 5171 3728 5240 ποιῷ

2080 5256 2138 5314 δὲ
2165 5256 2488 5321 ἀλλοίωσις·
2521 5259 2572 5314 ἐν
2599 5262 2678 5331 τῷ
2731 5265 2839 5316 ποῦ
2888 5259 2946 5317 δὲ
3001 5264 3036 5331 ἡ
3080 5261 3219 5316 κατὰ
3269 5259 3438 5315 τόπον
3497 5252 3723 5334 μεταεό-

2081 5348 2175 5420 λὴ,
2207 5347 2331 5417 ἥτις
2360 5346 2609 5403 καλεῖται
2639 5348 2799 5426 φορά.

2156 5457 2234 5525 ιζ’.
2271 5460 2560 5530 Διαιρεῖται
2605 5452 2652 5509 δ’
2691 5455 2825 5527 αὕτη
2860 5454 2936 5513 εἴς
2979 5479 3039 5512 τε
3092 5459 3189 5526 τήν
3250 5454 3440 5527 κύκλῳ
3495 5453 3723 5524 κίνησιν,

325 5551 476 5615 tum,
507 5563 680 5617 quem
730 5544 1168 5602 circulationem
1198 5559 1495 5613 vocamus,
1529 5550 1586 5600 et
1634 5547 1692 5600 in
1742 5552 1969 5602 motum

2096 5546 2140 5614 ἦν
2187 5543 2461 5616 καλοῦμεν
2508 5546 2825 5621 περιφορὰν,
2857 5547 2948 5600 καὶ
2998 5546 3074 5608 εἷς
3113 5547 3210 5614 τήν
3245 5544 3328 5600 ἐπ’
3359 5542 3588 5604 εὐθείας.
3620 5540 3732 5610 Τῆς,

325 5637 652 5694 secundum
701 5639 920 5692 rectam
950 5633 1186 5689 lineam.
1222 5633 1413 5688 Motus
1460 5638 1655 5690 autem
1701 5636 1826 5704 ejus
1872 5637 1971 5706 qui

2096 5634 2166 5689 ἐπ’
2192 5633 2398 5697 εὐθείας
2428 5629 2491 5686 δὲ’
2513 5635 2777 5703 κινήσεως
2827 5632 3080 5714 διαφοραί
3139 5635 3270 5691 εἰσιν
3326 5630 3402 5704 ἓξο
3435 5635 3468 5701 ἡ
3530 5630 3636 5686 ἐπὶ
3666 5630 3730 5684 τὸ

321 5731 411 5783 est
439 5727 764 5785 secundum
795 5730 1015 5782 rectam
1045 5721 1392 5788 lineam,sex
1421 5726 1560 5777 sunt
1587 5723 1921 5780 differentiae
1956 5744 1969 5782 :

2096 5721 2212 5796 ἱνω,
2244 5725 2280 5792 ἠ
2313 5721 2398 5776 ἐπὶ
2456 5722 2518 5776 τὸ
2567 5723 2733 5795 κάτω,
2766 5724 2800 5793 ἡ
2835 5724 2923 5779 ἐπὶ
2969 5726 3062 5795 re:
3085 5721 3210 5798 ἔσω,
3239 5724 3486 5780 τουτέστι
3522 5722 3582 5776 τὸ
3633 5717 3725 5793 ἔμ-

320 5817 420 5892 qui
468 5832 707 5876 sursum
753 5819 865 5888 est,
897 5814 999 5888 qui
1046 5811 1322 5870 deorsum
1369 5814 1494 5881 est;
1527 5811 1624 5883 qui
1672 5813 1744 5868 ad
1794 5813 1968 5886 intra,

2096 5823 2332 5894 τροσθεν,
2363 5812 2398 5886 ἡ
2459 5810 2566 5868 ἐπὶ
2602 5812 2665 5868 τὸ
2722 5811 2845 5886 ἔξω,
2876 5813 3119 5870 τουτέστι
3177 5813 3238 5870 τὸ
3297 5809 3535 5882 ὄπισθεν’,
3567 5811 3601 5884 ἠ
3637 5807 3726 5864 ἐπὶ
