4108 6446
337 457 458 520 83.7

1695 451 2042 519 EPI’I‘OME
2087 453 2396 520 LOGICA.

335 589 404 643 τὰ
431 585 694 658 δεξιὰκαὶ
725 590 760 657 ἡ
792 587 881 645 ἐπὶ
908 589 977 642 τὰ
1003 587 1274 664 ἀριστερά.
1305 589 1376 643 Τὸ
1417 589 1518 665 γὰρ
1569 587 1655 644 ἐπὶ
1703 589 1768 645 τὸ
1824 589 1991 662 μέσον·

2121 607 2212 646 ιοο
2240 596 2350 659 est,
2380 594 2440 649 in
2471 593 2820 649 anteriorem
2869 595 3093 664 partem
3124 597 3234 663 est,
3265 599 3322 648 et
3351 591 3452 664 qui
3484 593 3555 648 ad
3584 596 3750 648 extra

339 677 430 732 καὶ
461 677 550 732 ἐπὶ
577 677 642 732 τὸ
687 676 834 732 κάτω
886 679 1145 733 κιλεῖσθαι
1203 678 1338 733 κατὰ
1388 679 1480 733 τὸν
1539 678 1742 752 κόσμον
1797 679 1991 734 ταυτόν

345 765 506 822 ἐστιν.
541 767 699 822 Ὅθεν
746 766 879 839 μετά
926 773 1030 836 τῆς
1083 773 1384 845 περιφορᾶς
1441 768 1576 823 ἑπτὰ
1627 769 1850 823 τοπικαί
1906 789 1990 822 κι-

342 857 524 926 νήσεις
556 854 712 912 εἰσίν.

427 1123 517 1190 ιη’.
555 1121 701 1177 Ἐπεὶ
747 1121 924 1177 τοίνυν
970 1122 1034 1178 τὸ
1085 1117 1426 1196 μεταϐάλλον
1458 1123 1494 1191 ἢ
1525 1123 1642 1178 καθ’
1683 1123 1840 1178 ἑαυτὸ
1899 1141 1994 1196 με·

350 1205 637 1281 ταϐάλλει,
670 1210 706 1279 ἢ
763 1213 898 1266 κατά
951 1232 1005 1266 τι
1059 1216 1165 1266 τῶν
1227 1211 1278 1266 ἐν
1335 1211 1544 1283 αὐτῷ-ἢ
1586 1212 1709 1288 περὶ
1765 1211 1915 1266 αὐτό·
1948 1211 1993 1266 εί

354 1301 448 1373 μὲν
503 1299 622 1354 καω
652 1299 810 1354 ἑαυτὸ
869 1293 1220 1373 μεταϐάλλει,
1259 1305 1408 1356 ποιεῖ
1461 1299 1662 1376 γένεσιν
1716 1301 1805 1356 καὶ
1866 1302 1994 1378 φθο-

345 1390 458 1464 ράν*
519 1390 570 1442 εἷ
626 1385 684 1444 δὲ
730 1387 868 1444 κατά
910 1409 964 1442 τι
1008 1393 1114 1444 τῶν
1161 1388 1212 1445 ἐν
1273 1388 1438 1462 αὐτῷ,
1498 1388 1546 1444 εἷ
1597 1389 1690 1462 μὲν
1742 1389 1878 1444 κατὰ
1930 1389 1995 1444 τὸ

347 1478 539 1550 ποσὸν,
594 1482 743 1533 ποιεῖ
796 1475 1014 1548 αὔξησιν
1061 1479 1151 1534 καὶ
1230 1478 1473 1552 μείωσιν·
1533 1478 1580 1532 εἰ
1635 1475 1694 1533 δὲ
1744 1480 1882 1534 κατὰ
1933 1479 1997 1533 τὸ

349 1567 530 1637 ποιὸν,
561 1571 709 1622 ποιεῖ
739 1563 1062 1622 ἀλλοίωσιν·
1095 1566 1234 1622 κατὰ
1261 1565 1319 1622 δὲ
1359 1567 1423 1621 τὸ
1469 1568 1594 1641 περὶ
1641 1565 1785 1622 αὐτὸ
1835 1586 1995 1639 μετα-

349 1651 557 1712 ϐάλλον
585 1660 734 1711 ποιεῖ
761 1656 858 1724 τὴν
884 1655 1019 1710 κατὰ
1063 1655 1228 1712 τόπον
1282 1649 1613 1728 μεταϐολήν.
1647 1657 1704 1710 Ὀ
1754 1656 1856 1732 γὰρ
1902 1655 1996 1710 τό·

345 1765 448 1807 πος
503 1739 615 1798 οὔτ’
643 1742 774 1799 αὐτό
836 1742 946 1798 ἐστι
1001 1744 1064 1798 τὸ
1118 1744 1457 1818 κινούμενον,
1489 1739 1614 1800 οὔτε
1664 1765 1716 1799 τι
1772 1748 1880 1798 τῶν
1943 1743 1995 1799 ἐν

345 1832 511 1904 αὐτῷ·
571 1830 726 1888 ἀλλὰ.
773 1837 891 1899 τοῖς
950 1833 1284 1906 κινουμένοις
1341 1833 1659 1910 παρέπεται,
1717 1831 1807 1887 καὶ
1872 1830 1997 1908 περὶ

348 1922 416 1978 τὰ
451 1919 742 1993 κινούμενα
771 1920 930 1975 ἐστιν.

2101 686 2208 748 est,
2243 681 2350 737 hoc
2397 687 2486 738 est
2514 682 2574 736 in
2605 682 2987 753 posteriorem
3027 686 3251 752 partem
3280 700 3293 749 ;
3327 683 3481 738 192
3531 682 3750 754 quique

2103 769 2174 824 ad
2207 770 2469 826 dextram
2516 776 2573 826 et
2601 771 2901 827 sinistram
2948 774 3056 826 est.
3088 771 3234 826 Nam
3279 771 3352 826 ad
3409 771 3666 826 medium
3694 773 3755 826 et

2104 857 2372 914 deorsum
2423 860 3018 926 moveri,secundum
3077 859 3366 915 mundum
3423 860 3579 915 idem
3639 861 3748 915 est.

2104 946 2267 1002 Unde
2333 964 2468 1003 cum
2523 947 2896 1003 circulatione
2965 952 3189 1020 septem
3263 947 3477 1005 locales
3553 952 3750 1004 motus

2103 1039 2263 1090 sunt.

2176 1126 2262 1180 18.
2311 1124 2596 1188 Quoniam
2650 1126 2830 1198 igitur
2881 1127 3035 1198 quod
3087 1129 3369 1199 mutatur,
3412 1131 3513 1182 aut
3558 1127 3751 1199 quoad

2105 1213 2363 1285 seipsum
2397 1217 2678 1281 mutatur,
2702 1219 2806 1269 aut
2836 1215 3026 1286 quoad
3058 1214 3276 1287 aliquid
3307 1232 3510 1271 eorum
3539 1231 3664 1286 qua)
3687 1215 3746 1270 in

2104 1303 2233 1374 ipso
2264 1307 2418 1373 sunt,
2443 1307 2546 1357 aut
2571 1304 2759 1374 quoad
2792 1303 3009 1374 aliquid
3041 1320 3243 1359 eorum
3277 1318 3405 1374 qum
3434 1309 3574 1360 sunt
3592 1305 3752 1360 circa

2103 1390 2300 1462 ipsum
2335 1407 2348 1446 :
2383 1391 2434 1446 si
2465 1391 2699 1460 quidem
2731 1391 2922 1463 quoad
2955 1391 3216 1463 seipsum
3257 1397 3542 1463 mutatur,
3573 1408 3748 1465 gene-

2107 1478 2391 1535 rationem
2441 1479 2620 1535 effioit
2647 1485 2703 1536 et
2749 1480 3220 1552 corruptionem;
3254 1480 3346 1536 sin
3377 1497 3512 1536 vero
3557 1481 3749 1550 quoad

2107 1566 2329 1638 aliquid
2372 1585 2572 1624 eorum
2604 1585 2728 1638 quas
2760 1573 2900 1624 sunt
2930 1569 2989 1623 in
3027 1569 3176 1640 ipso,
3210 1586 3344 1624 cum
3392 1569 3629 1640 quidem
3659 1578 3751 1626 se?»

2107 1657 2368 1712 cundum
2419 1660 2726 1728 quantum,
2758 1657 3182 1713 incrementum
3231 1663 3288 1728 e_t
3317 1659 3752 1715 decrementum

2107 1745 2284 1801 efﬁcit
2313 1764 2326 1813 ;
2359 1718 2494 1800 cum
2524 1718 2725 1802 autem,
2769 1747 3092 1802 secundum
3124 1718 3316 1819 quare,
3351 1747 3752 1804 alterationem

2106 1833 2456 1901 constituit;
2515 1834 2607 1890 sin
2663 1834 2916 1907 denique
2971 1837 3234 1891 mutatur
3288 1836 3476 1906 quoad
3535 1836 3751 1908 aliquid

2110 1921 2263 1978 circa
2310 1923 2526 1994 ipsum,
2579 1923 2964 1979 mutationem
3025 1923 3088 1978 in
3133 1923 3258 1980 loco
3310 1925 3508 1981 efﬁcit.
3565 1927 3753 1982 Locus

354 2011 514 2068 enim
564 2027 754 2082 neque
794 2010 990 2083 ipsum
1022 2015 1111 2068 est
1156 2011 1308 2082 quod
1339 2013 1622 2076 movetur,
1657 2026 1843 2081 neque
1891 2009 2114 2082 aliquid
2150 2027 2352 2066 eorum
2401 2027 2524 2081 quaa
2575 2016 2716 2066 sunt
2762 2011 2821 2066 in
2869 2013 2996 2083 ipso
3025 2037 3039 2080 ;
3072 2013 3173 2068 sed
3227 2030 3294 2068 ea
3342 2030 3466 2083 quae
3517 2030 3753 2069 moven-

352 2105 453 2156 tur
481 2100 885 2172 subsequitur,
917 2105 974 2155 et
1005 2099 1160 2156 circa
1187 2116 1257 2155 ea
1284 2115 1412 2170 quas
1441 2103 1768 2170 moventur,
1801 2103 1908 2154 est.

423 2207 506 2260 ιθ’.
539 2205 794 2260 Ἐνταῦθα
851 2201 910 2259 δὲ
945 2203 1154 2274 κίνησιν
1215 2203 1450 2279 λάγομεν
1512 2203 1575 2257 οὐ
1628 2205 1728 2272 τήν
1786 2204 1997 2278 νοερὰν,

2176 2206 2266 2260 49.
2296 2206 2520 2261 Motum
2571 2211 2766 2262 autem
2799 2206 2893 2261 hic
2945 2206 3198 2262 dicimus
3228 2222 3344 2262 non
3390 2206 3756 2264 intellectus-

348 2293 410 2348 οὐ
445 2295 545 2363 τὴν
597 2294 839 2368 ψυχικήν
871 2292 1244 2364 αὐτοκίνητον,
1279 2290 1428 2347 ἀλλὰ
1472 2294 1572 2361 τὴν
1618 2294 1850 2370 φυσικὴν
1911 2290 2000 2346 καὶ

351 2382 695 2455 σωματικὴν,
727 2381 847 2450 ἥτις
880 2379 1094 2457 λέγεται
1124 2383 1326 2454 κυρίως
1362 2376 1662 2455 μεταϐολή.

423 2567 488 2618 κ’.
523 2559 670 2615 Ἐπεὶ
731 2556 789 2614 δὲ
842 2560 940 2628 τὴν
999 2558 1202 2634 γένεσιν
1275 2559 1365 2614 καὶ
1432 2560 1630 2636 φθορὰν
1694 2553 2001 2633 μεταϐολὰς

352 2649 488 2706 εἶναι
546 2647 784 2722 μᾶλλον,
813 2647 939 2704 ἀλλ’
988 2647 1049 2702 οὔ
1107 2649 1346 2719 κινήσεις
1404 2646 1699 2726 φθάσαντες
1755 2645 2000 2721 εἴπομενθ

352 2738 415 2794 οὗ
475 2739 593 2815 χρὴ.
635 2738 872 2814 ἀγνοεῖν,
921 2736 1005 2792 ὅτι
1059 2737 1130 2792 τὸν
1154 2737 1496 2810 κινούμενον,
1553 2736 1786 2813 ἐνεργείᾳ
1824 2738 1881 2792 ὃν
1913 2735 2006 2790 καὶ

357 2825 649 2900 ὑπομένον,
696 2825 840 2880 οὕτω
887 2831 1134 2881 κινεῖται’
1183 2825 1247 2881 τὸ
1280 2823 1337 2881 δὲ
1371 2827 1445 2899 μή
1498 2827 1555 2880 ὃν
1589 2824 1842 2902 ἐνεργείᾳ,
1879 2823 2011 2900 μηδ’

357 2915 628 2990 ὑπομένον
686 2913 812 2971 οὐδὲ
864 2921 1090 2971 κινεῖται
1121 2958 1133 2970 .
1193 2914 1342 2971 Ἐπεὶ
1397 2920 1525 2991 γοῦν
1577 2918 1612 2985 ἡ
1679 2914 1884 2991 γένεσις
1947 2915 2008 2970 ἐκ

353 3010 452 3060 τοῦ
486 3006 562 3077 μὴ
593 3000 750 3067 ὄντος
792 3003 933 3058 ἐστὶν
986 3004 1062 3066 εἷς
1088 3005 1151 3059 τὸ
1203 3005 1337 3060 εἶναι
1387 2999 1687 3078 μεταϐολὴ,
1722 3001 1812 3059 διὰ
1843 3009 2006 3060 τοῦτο

351 3094 570 3165 κίνησις
618 3092 723 3149 οὔκ
763 3089 896 3150 ἔστι.
946 3094 1018 3150 Τὸ
1063 3094 1165 3170 γὰρ
1225 3095 1300 3166 μὴ
1352 3091 1409 3148 ὃν
1443 3093 1504 3148 οὗ
1552 3099 1799 3149 κινεῖται.
1833 3092 2004 3149 Πάλιν

353 3183 471 3239 ἐπεὶ
513 3185 564 3252 ήε
607 3183 808 3261 φθορὰ·
841 3181 902 3237 ἐκ
955 3187 1054 3237 τοῦ
1112 3177 1266 3244 ὄντος
1321 3182 1456 3238 ἐστὶν
1517 3182 1592 3245 εἷς
1636 3183 1700 3237 τὸ
1755 3183 1829 3254 μὴ
1872 3182 2004 3236 εἶναι

358 3267 661 3346 μεταϐολὴ,
713 3269 801 3326 διὰ
844 3275 1006 3327 τοῦτο
1050 3271 1262 3343 κίνησις
1312 3271 1410 3326 οὐκ
1455 3270 1585 3326 ἔστι·
1625 3273 1698 3344 μή
1741 3272 1847 3347 γὰρ
1881 3272 2012 3326 ὑπαί

359 3363 518 3435 μένον
544 3359 702 3416 τδγόν
730 3360 868 3416 κατὰ
911 3362 1014 3430 τήν
1061 3359 1318 3431 τοιαύτην
1369 3355 1702 3433 μεταϐολὴν,
1733 3357 1880 3415 ἀλλὰ
1905 3366 2006 3429 τῆς

354 3449 566 3512 οἰκείας.
619 3449 828 3527 φύσεως
887 3447 1146 3504 ἔκπιπτον
1206 3447 1294 3503 καί
1344 3446 1724 3523 διαλυόμενον,
1783 3451 1900 3510 πῶς
1943 3448 2004 3503 ἃν

350 3537 556 3616 κυρίως
581 3541 843 3594 κινεῖσθαι
874 3537 1094 3614 λὲγοιτο
1126 3558 1141 3608 ;

420 3629 523 3684 κα’.
557 3626 668 3698 Τὴν
718 3625 764 3682 δέ
809 3625 1110 3682 ἀλλοίωσίν
1154 3646 1295 3688 τινες
1346 3625 1446 3681 οὐκ
1489 3626 1631 3689 εἶδος

357 3738 492 3780 me
542 3711 764 3795 ἔφασαν,
808 3715 956 3772 ἀλλὰ
999 3720 1115 3778 τοῖς
1165 3714 1388 3777 λοιποῖς
1430 3715 1632 3786 ταύτης
1683 3717 2006 3788 συμπίπτειν

364 3804 546 3863 εἴδεσι.
606 3805 794 3861 τοῦτο·
833 3802 882 3860 δ’
929 3804 1027 3860 οὐκ
1071 3801 1206 3859 ἔστι.
1267 3805 1516 3859 Δυνατὸν
1551 3801 1654 3881 γὰρ
1712 3803 2013 3860 ἀλλοίωσιν

361 3895 595 3970 γίνεσθαι
620 3895 811 3970 χωρὶς.
853 3892 1028 3949 ἄλλου
1073 3895 1224 3955 τινὸς·
1264 3891 1441 3955 εἴδους
1488 3895 1776 3964 κινήσεως.
1805 3893 1877 3948 Τὸ
1907 3894 2014 3970 γὰρ

360 3985 498 4040 κατὰ
553 3984 727 4044 πάθος
781 3982 1106 4056 κινούμενον
1163 3982 1263 4037 οὐκ
1319 3982 1604 4057 ἀναγκαίον
1647 3979 1752 4052 ἤδη
1805 3982 1893 4037 καὶ
1923 3980 2014 4036 αῦ-

361 4074 562 4145 ξεσθαι,
594 4074 630 4142 ἢ
688 4073 984 4145 μειοῦσθαι·
1035 4068 1162 4126 δῦτε
1201 4069 1258 4125 δὲ
1311 4070 1374 4125 τὸ
1425 4070 1719 4143 αὐξόμενον
1757 4071 1791 4140 ἤ
1829 4069 2013 4144 μειούο

367 4183 524 4236 μενον
586 4164 834 4217 ὁπωσοῦν
911 4160 1114 4237 ἀνάγκη
1179 4160 1269 4214 καὶ
1325 4158 1681 4222 ἀλλοιοῦσθαι
1715 4206 1730 4232 ,
1788 4159 1852 4213 τὸ
1909 4158 2012 4234 γὰρ

361 4249 700 4328 τετράγωνον
760 4245 973 4322 αὔξεται
1027 4249 1118 4322 μὲν
1178 4247 1548 4323 περιτεθὲντος
1605 4247 1750 4320 αὐτῷ
1793 4248 2014 4324 γνώμο-

363 4361 477 4413 νος,
528 4338 627 4394 οὐκ
674 4335 997 4393 ἀλλοιοῦται
1045 4334 1103 4392 δὲ
1148 4337 1316 4411 (μένει
1367 4336 1472 4414 γὰρ
1498 4337 1588 4391 καὶ
1642 4334 1792 4399 αὖθις
1825 4336 2014 4413 τετρά-

363 4430 584 4504 γωνον),
629 4429 722 4482 καὶ
765 4431 864 4484 τοῦ
911 4427 1197 4502 γνώμονος
1248 4426 1708 4502 περιαιρεθέντος,
1771 4429 2014 4498 μειοῦται

365 4518 456 4573 καὶ
513 4517 661 4591 μένει
709 4515 875 4572 πάλιν
923 4515 1272 4593 τετράγωνον.
1306 4515 1403 4569 Καὶ
1436 4515 1464 4569 ὁ
1503 4515 1648 4577 οἶνος
1694 4513 2015 4570 ἀλλοιοῦται

369 4608 497 4680 μήτ’
546 4605 859 4679 αὐξόμενος,
913 4607 1051 4679 μήτε
1103 4603 1444 4678 μειούμενος.
1485 4605 1645 4660 Ὥστε
1690 4607 1725 4674 ἡ
1779 4601 2018 4659 ἀλλοίω-

365 4716 448 4758 σις
481 4692 700 4750 δύναται
723 4696 1039 4770 θεωρεῖσθαι
1057 4694 1174 4749 κατ’
1207 4692 1425 4764 ἑαυτὴν,
1450 4693 1652 4769 ἀμιγὴς
1681 4697 1798 4754 ταῖς
1821 4691 2017 4755 ἄλλαις

364 4787 629 4855 κινήσεσι.

436 4874 540 4948 κβ’.
603 4873 753 4948 Πάσῃ
810 4871 868 4928 δὲ
923 4875 1134 4944 κινήσει
1190 4872 1282 4928 καὶ
1322 4874 1526 4949 ἠρεμια
1570 4892 1652 4933 τις
1701 4870 2012 4929 ἀντίκειται.

2111 2292 2247 2364 lem,
2281 2310 2397 2349 non
2429 2294 2639 2349 animae
2678 2293 2847 2350 illum
2878 2311 2990 2365 quo
3019 2294 3241 2351 scimus
3271 2294 3448 2350 etiam
3495 2295 3758 2352 rationa-

2110 2382 2224 2438 lem
2256 2382 2513 2460 animam
2546 2400 2581 2438 a
2608 2383 2802 2455 seipsa
2832 2384 3046 2439 moveri
3077 2398 3270 2456 posse,
3294 2385 3396 2439 sed
3429 2385 3756 2442 naturalem

2111 2476 2169 2526 et
2197 2487 2538 2543 corporeum
2572 2472 2672 2544 qui
2701 2472 2932 2545 proprie
2960 2473 3206 2528 mutatio
3235 2473 3468 2529 dicitur.

2181 2561 2271 2615 20.
2305 2561 2591 2624 Quoniam
2633 2566 2828 2618 autem
2860 2562 3296 2634 generationem
3322 2568 3380 2619 et
3430 2563 3755 2636 corruptio-

2114 2665 2248 2705 nem
2281 2649 2632 2706 mutationes
2660 2650 2857 2722 potius
2901 2667 3028 2707 esse
3059 2654 3118 2707 et
3146 2667 3264 2708 non
3295 2651 3604 2720 motiones,
3627 2653 3755 2724 jam

2113 2743 2247 2793 ante
2297 2739 2552 2795 diximus
2602 2756 2616 2794 :
2671 2741 3060 2810 ignorandum
3131 2740 3288 2796 haud
3335 2745 3442 2809 est,
3497 2741 3552 2797 id
3604 2739 3760 2797 198

2115 2827 2270 2898 quod
2327 2832 2610 2897 movetur,
2653 2844 2784 2882 cum
2835 2833 2966 2884 actu
3016 2830 3093 2884 sit
3139 2835 3196 2885 et
3243 2834 3600 2901 permaneat,
3635 2847 3760 2886 mo-

2112 2916 2232 2969 veri
2265 2931 2277 2970 :
2311 2916 2462 2986 quod
2513 2920 2706 2971 autem
2739 2933 2856 2971 non
2886 2917 2962 2972 sit
2992 2921 3123 2972 actu
3173 2933 3358 2988 neque
3397 2922 3757 2990 permaneat,

2115 3021 2187 3059 ne
2225 3006 2441 3059 moveri
2493 3004 2748 3074 quidem.
2797 3005 3082 3068 Quoniam
3138 3006 3316 3079 igitur
3365 3007 3660 3079 generatio
3692 3024 3761 3062 ex

2116 3109 2232 3148 non
2279 3098 2411 3148 ente
2467 3094 2538 3148 ad
2588 3109 2716 3149 esse
2763 3098 2852 3151 est
2899 3094 3161 3164 mutatio,
3213 3100 3517 3167 propterea
3564 3099 3760 3150 motus

2116 3199 2231 3238 non
2280 3186 2389 3238 est.
2435 3182 2579 3238 Cum
2627 3182 2784 3238 enim
2833 3198 2936 3239 ens
2983 3184 3044 3238 in
3097 3183 3385 3255 ejusmodi
3433 3183 3757 3240 mutatione

2116 3287 2232 3325 non
2281 3274 2530 3341 maneat,
2563 3271 2662 3326 sed
2695 3287 2726 3326 a
2757 3270 2992 3344 propria
3041 3275 3251 3328 natura
3278 3273 3503 3329 excidat
3532 3276 3589 3330 et
3633 3271 3758 3328 dis-

2115 3357 2399 3429 solvatur,
2430 3360 2720 3430 quomodo
2744 3359 2974 3433 proprie
3004 3361 3220 3418 moveri
3250 3360 3522 3417 dicetur?

1679 3627 1813 3683 εἶναι
1854 3627 2003 3698 κινή-

2187 3627 2277 3680 21.
2311 3626 2592 3682 Caeterum
2640 3625 2822 3698 aliqui
2850 3627 3254 3683 alterationem
3304 3645 3419 3684 non
3459 3644 3586 3684 esse
3630 3643 3760 3700 spe-

2119 3715 2266 3771 ciem
2297 3719 2491 3771 motus
2519 3714 2810 3783 dixerunt,
2843 3716 2945 3771 sed
2977 3733 3111 3771 cum
3143 3715 3382 3787 reliquis
3413 3717 3593 3789 hujus
3629 3734 3761 3790 spe-

2119 3805 2318 3860 ciebus
2347 3803 2689 3860 coincidere.
2722 3803 2885 3867 Quod
2914 3821 3030 3861 non
3061 3810 3164 3861 est.
3186 3805 3335 3861 Fieri
3364 3806 3519 3862 enim
3551 3810 3762 3879 potest,

2122 3899 2186 3949 ut
2214 3894 2317 3948 ﬁat
2344 3891 2610 3950 alteratio
2641 3893 2886 3949 seorsim
2919 3894 2990 3948 ab
3020 3893 3132 3950 alia
3161 3894 3356 3966 aliqua
3403 3901 3600 3950 motus
3631 3911 3763 3968 spe-

2122 3982 2226 4038 cie.
2261 3983 2423 4048 Quod
2453 3981 2608 4038 enim
2641 3984 2964 4039 secundum
2996 3983 3350 4054 passionem,
3384 4001 3499 4040 non
3531 4000 3768 4040 necesse

2121 4076 2211 4128 est
2231 4072 2360 4142 jam
2414 4072 2592 4128 etiam
2624 4072 2822 4144 augeri
2852 4077 2910 4128 et
2939 4072 3144 4128 minui.
3182 4073 3374 4144 Neque
3426 4090 3560 4129 vero
3590 4073 3777 4129 etiam

2123 4161 2274 4230 quod
2306 4165 2555 4233 augetur
2581 4164 2638 4215 et
2666 4161 2956 4216 minuitur
2981 4163 3392 4234 quoquomodo
3423 4177 3660 4218 necesse
3682 4168 3776 4217 est

2123 4251 2299 4306 etiam
2350 4248 2600 4305 alterari.
2631 4249 2989 4312 Quadratum
3040 4251 3196 4306 enim
3245 4256 3492 4323 augetur
3535 4251 3772 4321 quidem

2124 4338 2537 4410 circumposito
2585 4338 2637 4394 ei
2703 4355 3011 4411 gnomone,
3062 4357 3179 4395 non
3226 4341 3506 4396 alteratur
3549 4344 3764 4395 tamen.

2125 4429 2319 4483 Manet
2349 4427 2507 4483 enim
2539 4427 2730 4483 adhuc
2760 4429 2936 4484 etiam
2975 4429 3349 4500 quadratum.
3383 4429 3450 4484 Et
3477 4443 3766 4502 gnomone

2125 4517 2320 4574 ablato
2367 4517 2654 4572 minuitur
2683 4521 2739 4572 et
2789 4523 2984 4573 manet
3025 4519 3237 4574 iterum
3281 4519 3633 4590 quadratum
3663 4541 3680 4585 ;
3709 4519 3776 4572 et'

2125 4607 2327 4663 vinum
2370 4606 2647 4662 alteratur
2691 4610 2757 4661 ut
2804 4623 2909 4662 nec
2955 4613 3240 4680 augeatur
3287 4624 3390 4663 nec
3440 4607 3764 4662 minuatur.

2127 4699 2314 4762 Quare
2343 4695 2607 4752 alteratio
2655 4712 2760 4768 per
2783 4697 3039 4768 seipsam
3070 4696 3426 4752 considerari
3461 4697 3672 4768 potest,
3704 4697 3778 4750 ut“

2127 4785 2258 4842 aliis
2289 4784 2544 4840 motibus
2577 4784 2942 4856 impermista
2973 4785 3070 4841 sit.

2195 4875 2286 4928 22.
2320 4873 2489 4929 Omni
2523 4878 2718 4929 autem
2751 4873 2934 4929 motui
2963 4874 3140 4928 etiam
3167 4873 3331 4943 quies
3359 4872 3556 4946 aliqua
3583 4887 3770 4945 oppo-

364 4965 444 5035 Τῇ
475 4960 665 5025 ἁπλῶς
695 4947 904 5033 κινήσει
935 4965 970 5032 ἡ
1003 4960 1193 5024 ἁπλῶς
1243 4947 1467 5038 ἠρεμία,
1523 4959 1696 5015 εἴτουν
1743 4960 2003 5034 ἀκινησία

2126 4964 2330 5033 nitur;
2385 4963 2541 5017 184
2588 4962 2770 5018 motui
2819 4961 3165 5034 simpliciter
3210 4963 3375 5032 quies
3425 4960 3774 5034 simpliciter

365 5052 401 5120 ἢ
434 5071 493 5105 τε
520 5051 628 5125 πρὸ
655 5057 754 5121 τῆς
777 5053 1066 5125 κινήσεως,
1097 5051 1186 5106 καὶ
1217 5053 1251 5121 ἡ
1288 5051 1422 5124 μετὰ
1462 5051 1566 5120 τὴν
1602 5049 1834 5120 κίνησιν.
1863 5049 2016 5124 Τάχα

369 5137 429 5194 δὲ
457 5141 546 5195 καὶ
577 5140 628 5194 ἐν
662 5139 798 5214 αὐτῇ
828 5143 898 5214 τῇ
927 5143 1158 5211 κινήσει.

437 5249 537 5323 κγ’.
573 5247 720 5302 Ἐπεὶ
753 5248 857 5325 γὰρ
895 5253 1040 5302 πᾶσα
1086 5247 1300 5315 κίνησις
1329 5245 1418 5300 καὶ
1453 5239 1730 5318 μεταϐολὴ
1765 5241 1824 5299 ἔκ
1868 5265 2012 5308 τινος

365 5333 442 5398 εἴς
472 5357 524 5391 τι
555 5336 778 5412 γίνεται,
835 5337 946 5392 οἷον
1003 5335 1088 5390 ἐπὶ
1140 5334 1420 5411 γενέσεως,
1471 5333 1530 5388 ix
1575 5337 1682 5388 τῶν
1723 5333 2011 5409 στοιχείων

367 5425 446 5488 εἰς
499 5425 563 5481 τὸ
619 5425 864 5489 σύνθετον
919 5429 1096 5499 σῶμα·
1157 5423 1246 5479 ἐπὶ
1304 5421 1362 5479 δὲ
1396 5429 1499 5492 τῆς
1548 5424 1771 5499 φθορᾶς,
1829 5421 1887 5477 ἐκ
1913 5427 2018 5477 τοῦ

362 5515 618 5587 σώματος
664 5512 816 5578 αὖθις
864 5515 941 5577 εἷς
987 5515 1055 5569 τὰ
1101 5518 1366 5588 στοιχεῖα·
1398 5511 1530 5566 κάπὶ
1583 5511 1677 5584 μὲν
1715 5518 1816 5581 τῆς
1847 5509 2008 5582 αὐξήέ

363 5625 498 5666 σεως
560 5602 620 5658 ἐκ
674 5607 771 5658 τοῦ
827 5602 1110 5666 ἐλαττονος
1162 5603 1238 5666 εἷς
1293 5603 1356 5658 τὸ
1417 5605 1618 5675 μεῖζον·
1670 5599 1756 5654 ἐπὶ
1805 5597 1862 5654 δὲ
1907 5607 2008 5671 τῆς

366 5694 643 5768 μειώσεως
693 5690 930 5766 ἔμπαλιν
988 5694 1046 5748 ἐκ
1099 5696 1194 5748 τοῦ
1249 5692 1494 5766 μείζονος
1543 5689 1616 5752 εἷς
1668 5691 1730 5744 τὸ
1757 5686 2003 5748 ἓλαττοψ

365 5781 452 5839 ἰπὶ
483 5780 540 5838 δὲ
567 5786 669 5857 τῇς
719 5780 1069 5847 ἀλλοιώσεως
1118 5783 1176 5838 ἐκ
1211 5786 1317 5838 τῶν
1367 5777 1746 5853 ἀντικειμένων
1774 5781 2004 5854 ποιοτή-

2124 5053 2244 5109 sive
2266 5051 2730 5119 immobilitas,et
2749 5067 2874 5122 ques
2887 5055 3022 5106 ante
3035 5057 3260 5106 motum
3286 5057 3343 5107 et
3363 5067 3488 5124 quae
3503 5055 3634 5124 post
3647 5066 3771 5107 mo-

2123 5146 2250 5197 tum
2273 5144 2392 5208 est;
2417 5141 2561 5195 forte
2582 5144 2774 5194 autem
2801 5139 2974 5194 etiam
2997 5156 3067 5195 ea
3086 5156 3213 5212 quae
3236 5145 3326 5196 est
3342 5140 3401 5195 in
3425 5139 3553 5212 ipso
3579 5143 3770 5195 motu.

2191 5248 2282 5304 23.
2315 5246 2598 5310 Quoniam
2650 5245 2830 5317 igitur
2857 5247 3051 5302 omnis
3096 5251 3290 5304 motus
3320 5253 3379 5304 et-
3423 5247 3670 5303 mutatio
3698 5262 3773 5302 ex

2123 5337 2318 5410 aliquo
2369 5335 2434 5390 ﬁt
2459 5335 2516 5388 in
2565 5333 2828 5405 aliquid;
2859 5333 3017 5390 velut
3045 5335 3105 5390 in
3143 5337 3514 5408 generatione
3545 5353 3614 5392 ex
3659 5334 3772 5392 ele-

2122 5426 2336 5483 mentis
2366 5425 2425 5479 in
2471 5439 2683 5494 corpus
2722 5425 3111 5496 compositum
3142 5445 3155 5494 ;
3189 5426 3249 5481 in
3299 5425 3670 5498 corruptione
3701 5441 3771 5480 ex

2120 5531 2357 5587 corpore
2422 5512 2634 5568 iterum
2682 5513 2741 5567 in
2787 5511 3072 5570 elementa
3116 5532 3131 5583 ;
3177 5521 3234 5570 et
3279 5515 3339 5570 in
3409 5516 3768 5571 incremento

2119 5603 2358 5676 quidem
2407 5617 2476 5658 ex
2506 5600 2718 5656 minori
2749 5602 2818 5656 ad
2871 5604 3104 5673 majus;
3137 5605 3193 5659 in
3229 5605 3599 5660 decremento
3630 5619 3764 5658 vero

2118 5712 2186 5751 ex
2219 5693 2422 5763 majori
2456 5693 2527 5746 ad
2559 5691 2756 5745 minus
2783 5717 2796 5756 ;
2827 5691 2885 5746 in
2919 5693 3262 5748 alteratione
3294 5711 3463 5765 porro
3495 5709 3564 5746 ex
3593 5708 3768 5763 oppo-

2117 5784 2248 5844 sitis
2278 5779 2658 5855 qualitatibus
2687 5781 2746 5836 in
2778 5782 3076 5855 oppositas
3107 5782 3440 5856 qualitates,
3474 5787 3538 5835 ut
3565 5795 3634 5836 ex
3670 5795 3769 5837 ca-
