4108 6442
454 457 577 518 839

1706 452 2129 515 NICEPHORI
2172 451 2616 514 BLEMMIDE

3727 455 3838 520 840

457 587 581 644 lore
610 588 670 643 in
698 589 884 660 frigus
932 592 988 643 et
1016 604 1085 643 ex
1113 587 1280 660 nigro
1312 586 1371 641 in
1401 585 1599 641 album
1637 605 1649 642 :
1682 586 1742 640 in
1776 586 2098 641 mutatione

2212 604 2316 637 των
2376 585 2451 645 είς
2517 584 2610 647 τάς
2667 584 3058 658 ἀντικειμένας,
3118 586 3193 647 ὡς
3262 585 3322 640 ἐκ
3389 585 3715 662 θερμότητος
3768 587 3836 650 εἷς

459 677 710 749 denique
741 677 1067 731 secundum
1098 675 1293 731 locum
1325 693 1394 730 ex
1420 676 1704 747 oppositis
1735 675 1877 731 locis
1908 676 1968 730 in
2000 693 2101 746 op—

456 765 665 836 posita,
719 765 827 820 hoc
857 769 966 834 est,
1000 781 1068 820 ex
1107 781 1172 819 eo
1205 765 1304 835 qui
1361 781 1597 819 sursum
1630 770 1738 833 est,
1787 765 2101 831 deorsum;

456 858 513 909 et
541 871 609 909 ex
636 870 702 910 eo
752 853 852 925 qui
885 854 1154 909 deorsum
1204 859 1314 921 est,
1347 870 1586 909 sursum
1617 871 1629 922 ;
1661 860 1719 908 et
1758 855 1816 908 in
1865 853 1997 908 aliis
2025 853 2104 907 si-

456 942 672 998 militer
700 959 763 998 se
793 959 884 998 res
917 942 1114 998 habet.

520 1031 612 1086 24.
647 1036 737 1087 Ha
784 1033 1062 1103 quoniam
1093 1031 1175 1086 ita
1227 1048 1290 1088 se
1339 1032 1576 1100 habent,
1636 1037 1924 1104 quatenus
1973 1032 2103 1102 qui-

453 1120 587 1176 dem
618 1124 814 1176 motus
860 1135 928 1175 ex
962 1119 1156 1192 aliquo
1189 1126 1296 1191 est,
1327 1121 1509 1192 quieti
1559 1120 1916 1176 antecedenti
1950 1121 2103 1175 dice-

453 1213 554 1264 tur
598 1209 810 1281 opponi
837 1227 851 1277 ;
886 1213 1176 1280 quatenus
1201 1215 1396 1264 autem
1427 1216 1517 1265 est
1565 1210 1623 1264 in
1655 1210 1893 1281 aliquid,
1925 1209 2103 1281 quieti

455 1299 829 1368 consequenti
855 1315 871 1365 ;
902 1304 1195 1369 quatenus
1227 1297 1476 1368 denique
1506 1315 1620 1354 non
1652 1300 1950 1371 perﬁcitur
1979 1301 2105 1356 sine

453 1387 844 1460 tempore,sed
875 1387 1054 1443 etiam
1085 1403 1212 1459 qua:
1244 1388 1474 1442 videtur
1502 1388 1934 1445 confectissima
1963 1393 2106 1460 (ma-

461 1477 731 1547 ximeque
778 1476 1107 1547 subitanea)
1139 1477 1386 1533 mutatio
1427 1483 1484 1533 et
1528 1478 1814 1533 concretio
1846 1477 2015 1534 lactis
2044 1479 2102 1534 in

458 1570 721 1638 tempore
751 1565 817 1620 ﬁt
847 1583 860 1620 :
894 1565 1215 1620 secundum
1247 1565 1356 1620 hoc
1383 1566 1557 1622 habet
1586 1567 1731 1623 forte
1759 1567 1936 1622 etiam
1967 1584 2105 1622 con-

461 1658 804 1726 sequentem
834 1659 891 1708 et
918 1653 1348 1725 intelligibilem
1381 1653 1636 1726 aliquam
1670 1655 1942 1725 quietem,
1962 1657 2104 1711 dum

459 1743 610 1800 195
646 1759 714 1798 ex
741 1742 1084 1798 remissione
1114 1742 1184 1797 ad
1230 1743 1610 1798 intentionem
1641 1745 1920 1815 procedit,
1953 1750 2008 1800 et
2036 1763 2106 1801 ex

457 1849 524 1888 eo
553 1833 706 1904 quod
727 1837 815 1887 est
845 1832 1041 1886 minus
1059 1832 1129 1886 ad
1161 1832 1219 1886 id
1251 1832 1404 1903 quod
1431 1833 1620 1904 magis
1638 1837 1726 1887 est
1746 1833 2102 1905 provehitur,

2211 673 2532 748 ψυχρότητα
2566 722 2580 746 ,
2639 674 2742 729 κάκ
2800 673 3032 747 μέλανος
3099 675 3173 737 εἷς
3233 674 3442 730 λευκόνο
3502 674 3588 730 ἐπὶ
3640 673 3694 730 δὲ
3743 683 3834 745 τῆς

2211 763 2345 816 κατά
2392 763 2558 817 τόπον
2619 759 2924 835 μεταϐολῆς
2984 764 3042 817 ἐκ
3090 769 3193 818 τῶν
3243 764 3625 836 ἀντικειμένων
3669 764 3832 818 τόπων

2212 851 2288 911 εἰς
2318 850 2446 912 τοὺς
2476 851 2891 924 ἀντικειμένους,
2914 850 3080 927 ἤγουν
3110 850 3308 906 ἄνωθεν
3332 853 3479 906 κάτω
3501 852 3590 906 καὶ
3618 852 3833 908 κάτωθεν

2214 938 2342 993 ἅνω·
2379 939 2510 994 κᾶπί
2536 945 2641 995 τῶν
2673 939 2857 996 ἄλλων
2890 941 3123 1015 ὁμοίως.

2283 1025 2379 1083 κδ’.
2437 1031 2585 1086 Ἐπεὶ
2630 1031 2776 1084 ταῦθ’
2825 1030 2999 1092 οὕτως
3037 1028 3173 1105 ἔχει,
3219 1028 3350 1083 καθὸ
3402 1030 3492 1102 μὲν
3546 1027 3605 1084 ἔκ
3639 1033 3832 1099 τινοςή

2211 1118 2420 1187 κίνησις
2466 1123 2534 1192 τῇ
2584 1120 2690 1194 πρὸ
2741 1119 2907 1188 αὐτῆς
2936 1118 3141 1193 ἠρεμίᾳ
3185 1118 3385 1195 λέγοιτ’
3413 1118 3472 1172 ἂν
3504 1117 3834 1173 ἀντικεῖσθαι·

2213 1208 2345 1261 καθὸ
2375 1204 2432 1263 δὲ
2480 1206 2556 1268 εῗς
2601 1227 2676 1278 τι,
2727 1213 2796 1281 τῇ
2849 1210 2963 1280 μετ’
2994 1207 3180 1277 αὐτήν·
3215 1209 3349 1271 καθὸ
3381 1204 3426 1262 δ’
3457 1207 3557 1262 οὔκ
3601 1207 3836 1282 ἀχρόνως

2214 1295 2560 1369 ἐπιτελεῖται,
2609 1295 2751 1351 ἀλΑὸ
2799 1297 2888 1351 καὶ
2937 1299 2971 1366 ἡ
3026 1295 3255 1351 δοκοῦσα
3310 1296 3642 1372 ἀΘρουστάτη
3697 1317 3838 1369 μετα-

2213 1380 2378 1457 ϐολή,
2427 1385 2501 1447 ὡς
2545 1387 2579 1455 ἡ
2619 1388 2779 1458 πῆξις
2835 1390 2932 1440 τοῦ
2976 1385 3272 1460 γάλακτος,
3308 1386 3358 1440 ἐν
3412 1385 3600 1461 χρόνῳ
3628 1387 3834 1461 γίνεται·

2210 1475 2348 1529 κατὰ
2391 1479 2552 1530 τοῦτο
2605 1477 2941 1548 συνεπομένη
2994 1473 3110 1551 ἔχει
3165 1475 3309 1550 τάχα
3353 1474 3443 1528 καὶ
3489 1474 3716 1550 ἠρεμίαν
3760 1495 3835 1529 νο-

2215 1562 2448 1636 ουμένην
2503 1565 2624 1618 τινα
2681 1563 2732 1635 ἐξ
2793 1565 3026 1642 ὑφέσεως
3069 1564 3147 1627 είς
3195 1564 3432 1620 ἐπίτασιν
3466 1560 3834 1638 προοδεύουσα,

2212 1652 2314 1707 κάκ
2358 1658 2456 1708 τοῦ
2500 1654 2663 1722 ἧττον
2710 1653 2786 1715 εἷς
2832 1655 2896 1709 τὸ
2947 1653 3158 1727 μᾶλλον
3207 1653 3504 1730 φερομένη,
3551 1652 3737 1727 μέχρις
3782 1652 3832 1705 ἂν

2214 1743 2388 1816 φθάσῃ
2441 1741 2643 1804 τελέως
2695 1741 2824 1797 αὐτὸ
2883 1740 2949 1811 δὴ
3006 1744 3069 1798 τὸ
3115 1742 3451 1815 κατάντημα·
3506 1742 3601 1796 κάν
3646 1763 3702 1796 τε
3743 1745 3837 1796 τῶν

2215 1828 2391 1906 ἄκρων
2430 1828 2511 1901 εἴη
2554 1835 2737 1903 τοῦτο,
2768 1829 2864 1886 κᾶν
2910 1852 2969 1886 τε
3008 1837 3116 1886 τῶν
3140 1831 3356 1904 μεταξύ.
3404 1836 3557 1886 ’Ἐστι
3608 1830 3704 1906 γάρ
3748 1830 3832 1884 κᾶν

456 1923 642 1977 donec
671 1920 868 1992 ipsum
898 1919 1147 1991 perfecte
1177 1921 1353 1975 tinem
1385 1925 1729 1990 assequatur
1761 1937 1773 1974 :
1806 1921 1927 1976 sive
1957 1923 2008 1978 is
2037 1938 2102 1977 ex

2212 1925 2324 1981 τοῖς
2382 1919 2576 1993 μεταξὺ
2628 1919 2718 1975 καί
2771 1919 2954 1997 ὕφεσις
3003 1921 3092 1975 καὶ
3145 1920 3405 1992 ἐπίτασις,
3455 1920 3548 1974 καὶ
3593 1920 3654 1974 τὸ
3681 1919 3827 1988 ἧττον

457 2010 732 2066 extremis
787 2009 907 2064 sive
963 2025 1032 2064 ex
1088 2009 1453 2064 intermediis
1535 2010 1730 2065 fuerit.
1792 2011 1893 2066 Est
1946 2011 2102 2066 enim

2212 2009 2298 2063 καὶ
2344 2009 2408 2063 τὸ
2470 2008 2706 2081 μᾶλλον.
2771 2010 2868 2064 Καὶ
2918 2007 3053 2086 ἄκρα
3103 2011 3220 2082 μὶν,
3270 2011 3382 2064 οἷον
3430 2010 3496 2064 τὸ
3540 2009 3729 2084 θερμὸν
3758 2007 3834 2062 καὶ

457 2099 634 2154 etiam
665 2098 725 2153 in
757 2097 1122 2153 intermediis
1151 2103 1208 2152 et
1239 2097 1506 2154 remissio
1534 2104 1591 2153 et
1617 2099 1886 2163 intentio,
1908 2105 1966 2155 et
1992 2100 2102 2154 mi-

2212 2099 2270 2152 τὸ
2327 2093 2559 2173 ψυχρόν
2620 2099 2682 2152 τὸ
2742 2098 2836 2171 μὶν
2896 2099 2969 2160 ὡς
3022 2103 3198 2170 καῖον,
3254 2099 3316 2152 τὸ
3372 2095 3430 2153 δὲ
3489 2099 3562 2159 ὡς
3611 2101 3831 2173 νεκροῦψ

459 2205 572 2243 nus
600 2192 657 2243 et
686 2187 894 2259 magis.
928 2187 998 2241 Et
1025 2191 1283 2242 extrema
1309 2187 1544 2256 quidem
1570 2192 1727 2257 sunt,
1757 2188 1932 2243 veluti
1960 2189 2103 2244 cali-

2214 2187 2408 2260 μεταξὺ
2451 2185 2508 2242 δί
2551 2190 2758 2242 τούτων
2808 2187 3015 2265 ὑφέσεις
3067 2188 3165 2242 οὒκ
3214 2186 3398 2263 ὀλίγαι
3437 2188 3528 2241 καὶ
3560 2185 3833 2248 ἐπιτάσεις.

457 2277 598 2333 dum
649 2282 707 2332 et
755 2274 1246 2348 frigidum;illud
1291 2275 1525 2347 quidem
1558 2281 1621 2331 ut
1669 2277 1944 2350 adurens,
1994 2277 2102 2334 hoc

2212 2280 2284 2349 Τῇ
2323 2277 2414 2347 μὲν
2465 2274 2556 2330 οὖν
2599 2274 2787 2338 ἁπλῶς
2833 2277 3103 2346 κινήσειή
3138 2273 3326 2338 ἁπλῶς
3373 2276 3577 2350 ἠρεμία
3622 2275 3834 2331 ἀντίκει-

457 2371 653 2422 autem
684 2370 750 2421 ut
777 2381 1048 2422 enecans.
1083 2368 1158 2420 At
1186 2364 1338 2420 inter
1365 2363 1487 2420 haec
1519 2382 1635 2421 non
1665 2383 1861 2438 paucis
1894 2367 2100 2423 remis-

457 2455 652 2512 siones
682 2458 742 2510 et
771 2453 1124 2510 intentiones
1155 2458 1313 2508 sunt.
1338 2454 1486 2527 Ergo
1517 2455 1702 2510 motui
1732 2454 2099 2528 simpliciter,

454 2543 803 2617 simpliciter
831 2542 997 2615 quies
1027 2544 1360 2615 opponitur.

520 2635 612 2689 25.
656 2635 727 2688 At
769 2631 1170 2705 singularibus
1218 2632 1477 2688 motibus
1524 2632 1853 2705 singulares
1905 2639 2100 2690 motus

455 2726 513 2778 et
537 2722 864 2795 singulares
897 2720 1121 2793 quietes
1147 2721 1552 2777 convenienter
1577 2726 1971 2794 opponuntur.

521 2900 612 2956 26.
661 2899 1031 2956 Generationi
1099 2899 1332 2969 quidem
1385 2905 1448 2954 ut
1494 2900 1852 2972 generationi
1899 2917 2096 2957 corru-

451 2990 670 3062 ptio,ut
699 2991 881 3044 motui
913 2987 1302 3060 autem,quies
1333 2989 1658 3044 secundum
1688 2989 1855 3044 illum
1881 3007 1896 3044 :
1919 2991 2100 3045 incre-

449 3084 645 3134 mento
693 3079 1130 3134 decrementum
1158 3101 1172 3144 ;
1205 3080 1262 3131 et
1291 3077 1616 3132 secundum
1660 3078 2097 3134 decrementum

448 3168 616 3241 quies
644 3168 855 3240 (neque
883 3166 1038 3222 enim
1061 3166 1120 3221 in
1152 3165 1448 3221 inﬁnitum
1472 3171 1720 3239 augetur
1738 3168 1894 3239 quod
1928 3185 2099 3242 auge-

448 3265 562 3324 tur,
595 3261 698 3312 aut
727 3271 961 3329 semper
1007 3254 1295 3310 minuitur
1323 3255 1475 3324 quod
1520 3255 1867 3328 minuitur);
1903 3263 2093 3313 muta-

448 3345 592 3400 tioni
646 3345 970 3400 secundum
1024 3342 1238 3413 locum,
1279 3348 1345 3398 ut
1397 3345 1582 3400 motui
1636 3345 1897 3416 quidem,
1929 3325 2168 3416 quiesc

451 3434 776 3490 secundum
824 3432 1059 3500 locum;
1093 3435 1153 3487 at
1180 3436 1244 3486 ut
1295 3432 1604 3488 mutationi
1654 3435 1979 3490 secundum
2009 3435 2093 3491 lo-

450 3539 585 3578 cum
635 3521 882 3577 mutatio
909 3522 968 3575 in
1015 3521 1371 3576 contrarium
1422 3521 1636 3591 locum,
1668 3523 1828 3579 velut
1869 3524 1920 3580 ei
1968 3541 2094 3597 qua

448 3617 538 3668 est
566 3612 625 3666 in
671 3611 948 3666 inferiora
977 3610 1131 3665 196
1178 3609 1282 3665 illa
1312 3627 1439 3682 qua
1489 3617 1578 3667 est
1630 3612 1701 3668 ad
1752 3615 2093 3685 superiora;

445 3701 498 3756 ei
530 3717 657 3772 quae
688 3704 776 3755 est
805 3699 877 3754 ad
908 3699 1171 3755 dextram
1204 3697 1434 3770 illaque
1494 3704 1586 3756 est
1633 3701 1706 3756 ad
1746 3700 2049 3758 sinistram
2077 3722 2090 3772 ;

443 3790 496 3844 ei
559 3806 685 3861 ques
743 3793 831 3844 est
879 3789 950 3843 ad
1009 3787 1306 3853 interiora,
1367 3789 1475 3844 hoc
1545 3793 1634 3844 est
1691 3791 1764 3846 ad
1838 3793 2092 3848 anterio-

445 3894 528 3946 ra,
561 3877 662 3933 illa
692 3893 821 3948 quis
872 3882 963 3931 est
991 3876 1061 3930 ad
1114 3877 1421 3944 exteriora,
1452 3878 1562 3934 hoc
1614 3884 1703 3935 est
1750 3882 2090 3954 posteriora,

446 3972 506 4023 et
560 3984 590 4022 e
650 3971 869 4022 contra.
902 3964 1022 4020 Soli
1080 3971 1274 4021 autem
1329 3966 1545 4022 caelesti
1601 3969 1784 4024 motui
1834 3988 1948 4026 non
2006 3977 2096 4027 est

447 4057 776 4113 contrarius
807 4054 1017 4125 aliquis
1047 4055 1382 4125 motus,nisi
1409 4055 1540 4126 quis
1567 4073 1664 4112 eas
1697 4075 1822 4129 quae
1852 4065 1990 4114 sunt
2020 4060 2094 4114 ab

449 4146 677 4202 ortibus
706 4145 766 4200 in
797 4161 1039 4200 occasus
1069 4149 1125 4199 et
1154 4145 1366 4198 iterum
1398 4147 1470 4199 ab
1507 4147 1809 4202 occasibus
1841 4148 1899 4201 in
1931 4152 2094 4204 ortus

447 4235 717 4308 periodos
760 4233 1020 4307 sphaere,
1053 4233 1373 4288 contrarios
1413 4250 1541 4289 esse
1589 4239 1784 4291 motus
1833 4237 2095 4295 evincere

447 4324 712 4381 voluerit.
760 4323 830 4377 Et
876 4322 1140 4378 alteratio
1187 4337 1320 4376 vero
1366 4328 1430 4377 ut
1477 4324 1724 4378 mutatio
1769 4327 2092 4382 secundum

447 4413 620 4486 quale
663 4412 1016 4468 contrariam
1082 4411 1318 4465 habebit
1367 4412 1773 4484 mutationem,
1824 4431 1949 4486 qua:
2005 4421 2095 4472 est

443 4504 505 4560 in
539 4502 730 4576 qualis
777 4501 1160 4565 contrarium,
1193 4504 1258 4554 ut
1285 4499 1578 4556 dealbatio
1632 4503 2090 4574 denigrationem

443 4597 503 4650 et
529 4591 852 4665 frigefactio
873 4588 1312 4645 calefactionem
1339 4594 1435 4656 ;ut
1466 4595 1660 4646 motus
1683 4597 1878 4647 autem
1909 4593 2091 4665 quieti

445 4681 770 4738 secundum
801 4677 975 4752 quale
1002 4678 1478 4734 contrariabitur.

2207 2386 2316 2422 ται.

2277 2635 2351 2687 κε’
2385 2676 2397 2689 .
2458 2638 2585 2694 Ταῖς
2645 2630 2702 2687 δὲ
2757 2633 3055 2696 καθέκαστα
3109 2634 3380 2702 κινήσεσιν
3440 2633 3499 2686 αἱ
3557 2632 3832 2686 καθέκαστα

2206 2725 2468 2794 κινήσεις,
2498 2722 2587 2776 καὶ
2639 2723 2694 2776 αἱ
2741 2719 3038 2776 καθόκαστα
3086 2721 3314 2794 ήρεμίαι
3361 2719 3723 2791 καταλλήλως
3753 2719 3831 2774 ἂν·

2202 2812 2482 2869 τίκεινται.

2274 2903 2373 2970 κζ’,
2404 2905 2480 2974 Τῇ
2529 2899 2749 2976 γενέσει,
2799 2901 2873 2962 ὡς
2924 2901 3018 2973 μὲν
3066 2901 3286 2975 γενέσει,
3334 2902 3369 2970 ἡ
3430 2898 3623 2976 φθορά·
3666 2899 3737 2959 ὡς
3781 2894 3831 2950 δὲ

2203 2993 2431 3059 κινήσει.
2482 2991 2516 3059 ἡ
2548 2992 2663 3044 κατ’
2715 2989 2879 3057 αὐτὴν
2940 2988 3164 3063 ἠρεμία·
3217 2993 3286 3063 τῇ
3345 2988 3565 3059 αὐξήσει
3613 2986 3829 3060 ἡμείω-

2205 3099 2307 3151 σις,
2357 3079 2447 3133 καὶ
2495 3081 2529 3148 ἠ
2571 3081 2688 3132 κατ’
2736 3075 2953 3150 αὔξησιν
3004 3078 3226 3154 ἠρεμία.
3259 3075 3396 3132 Οὐδὶ
3447 3077 3550 3154 γὰρ
3591 3075 3663 3138 εἲς
3693 3073 3828 3129 ἄπει-

2205 3187 2297 3243 ρον
2329 3165 2539 3238 αὔξεται
2584 3168 2648 3223 τὸ
2694 3167 3009 3240 αὐξόμενον,
3044 3167 3078 3235 ἢ
3110 3167 3173 3221 τὸ
3227 3164 3552 3240 μειούμενον
3605 3168 3828 3240 μειοῦται

2205 3255 2307 3311 ἀεί·
2360 3261 2428 3330 τῇ
2485 3258 2622 3311 κατᾶ
2675 3255 2841 3310 τόπον
2896 3251 3198 3329 μεταϐολῇ,
3256 3255 3332 3318 ὡς
3379 3257 3478 3328 μὲν
3541 3251 3826 3325 κινήσει,ἠ

2203 3346 2340 3401 κατᾶ
2378 3345 2542 3400 τόπον
2593 3344 2812 3420 ἠρεμία·
2864 3345 2941 3407 ὡς
2989 3341 3048 3399 δὲ
3092 3344 3227 3400 κατὰ
3271 3345 3438 3399 τόπον
3487 3337 3828 3417 μεταδολῇ,ἠ

2205 3435 2280 3496 εἷς
2321 3435 2414 3490 τὸν
2470 3434 2837 3508 ἀντικείμενον
2886 3432 3054 3488 τόπον
3104 3428 3408 3507 μεταϐολή·
3461 3434 3596 3505 οἷον,
3640 3434 3706 3505 τῇ
3754 3427 3830 3482 ἐπὶ

2201 3525 2268 3578 τὰ
2321 3523 2467 3579 κάτω
2515 3524 2550 3593 ἠ
2602 3521 2690 3578 ἐπὶ
2735 3522 2803 3577 τὰ
2847 3518 2978 3576 ἅνω·
3039 3521 3129 3576 καὶ
3178 3524 3248 3595 τῇ
3279 3519 3368 3576 ἐπὶ
3415 3522 3486 3576 τὰ
3528 3519 3636 3574 ἄνω
3681 3520 3712 3588 ἠ
3753 3513 3828 3573 ἐπὶ

2201 3612 2269 3666 τὰ
2321 3611 2487 3667 κάτω·
2544 3615 2615 3685 τῇ
2673 3610 2748 3674 είς
2810 3609 3041 3686 δεξιὰρῆ
3103 3610 3178 3672 είς
3224 3610 3499 3686 ἀριστερὰ,
3552 3603 3828 3680 καὶτῇεῒς

2205 3701 2457 3778 ἀριστερὰ
2502 3702 2537 3771 ἠ
2598 3699 2675 3762 είς
2726 3697 2891 3770 δεξιά·
2953 3703 3023 3774 τῇ
3081 3698 3168 3754 ἐπὶ
3218 3699 3284 3753 τὰ
3330 3697 3460 3773 ἔσω,
3507 3696 3736 3754 τουτέστι
3769 3693 3828 3748 τὰ

2204 3789 2521 3867 ἔμπροσθεν,
2564 3791 2599 3860 ἠ
2651 3789 2738 3846 ἐπὶ
2785 3790 2851 3843 τὰ
2907 3786 3028 3860 ἔξω,
3085 3788 3152 3843 τὰ
3206 3783 3442 3843 ὄπισθεν·
3500 3787 3588 3844 καὶ
3643 3786 3825 3840 ἀνάπα-

2205 3879 2312 3938 λιν.
2366 3879 2516 3954 Μόνῃ
2566 3876 2624 3934 δὲ
2676 3882 2745 3952 τῇ
2795 3877 3026 3955 οὐρανίῳ
3071 3879 3276 3949 κινήσει
3323 3875 3426 3933 οὐκ
3473 3874 3609 3932 ἔστιν
3640 3870 3829 3930 ἐναντία

2199 3990 2284 4031 τις
2312 3969 2544 4040 κίνησις,
2577 3967 2622 4022 εί
2674 3969 2749 4040 μή
2799 3989 2882 4022 τις
2931 3965 3027 4029 τὰς
3076 3965 3128 4037 ἐξ
3179 3963 3469 4021 ἀνατολῶν
3498 3965 3574 4027 είς
3614 3959 3821 4035 δυσμὰς,

2200 4059 2290 4112 καὶ
2321 4057 2484 4112 πάλιν
2542 4056 2602 4111 ἐκ
2655 4053 2874 4129 δυσμῶν
2950 4055 3024 4117 εἷς
3083 4056 3344 4116 ἀνατολὰς
3402 4051 3686 4131 περιόδους
3737 4055 3827 4117 τῆς

2203 4147 2429 4225 σφαίρας
2481 4145 2720 4208 ἐναντίας
2779 4145 2912 4200 εἶναι
2967 4148 3207 4215 κινήσεις
3270 4145 3538 4219 βιάσοιτο.
3596 4143 3689 4196 Καὶ
3741 4137 3827 4193 ἀλ-

2203 4235 2426 4296 λοίωσις
2483 4232 2559 4306 δὲ,
2621 4233 2695 4295 ὠς
2747 4234 2842 4306 μὲν
2896 4229 3175 4306 μεταϐολὴ
3224 4232 3360 4285 κατᾶ
3400 4233 3464 4286 τὸ
3492 4227 3668 4301 ποιᾶν,
3699 4227 3828 4280 ἐναν-

2198 4325 2315 4380 τίαν
2372 4321 2475 4395 ’έξει
2530 4324 2631 4392 τὴν
2689 4323 2767 4385 εἷς
2812 4321 3124 4377 τοὺναντίον
3162 4325 3258 4375 τοῦ
3307 4325 3473 4376 ποιοῦ
3519 4312 3824 4394 μεταϐολήν·

2202 4415 2276 4476 ὡς
2307 4415 2342 4482 ἠ
2395 4412 2678 4474 λεύκανσις
2709 4413 2808 4481 τήν
2862 4409 3118 4486 μέλανσιν
3174 4410 3262 4464 καὶ
3311 4411 3346 4480 ἡ
3395 4409 3550 4484 ψύξις
3577 4408 3671 4475 τήν
3720 4404 3827 4475 θέρ-

2205 4522 2412 4577 μανσιν’
2463 4502 2539 4563 ὡς
2584 4501 2796 4570 κίνησις
2843 4498 2901 4556 δὲ
2943 4501 3079 4576 πρὸς
3125 4501 3224 4568 τήν
3273 4499 3409 4554 κατὰ
3449 4499 3511 4552 τὸ
3539 4495 3690 4551 ποιὸν
3719 4493 3828 4567 ἠρε-

2205 4591 2327 4665 μίαν
2360 4590 2827 4662 ἐναντιωθήσεται.

514 4771 605 4826 27.
639 4770 720 4826 De
767 4773 928 4825 motu
959 4771 1154 4822 autem
1202 4771 1259 4822 et
1289 4767 1360 4822 de
1390 4768 1586 4839 quiete
1626 4770 1965 4841 posterioris
2012 4771 2082 4828 li-
2113 4778 2121 4844 ]

2261 4775 2357 4840 κζ’.
2407 4768 2538 4844 Περὶ
2577 4770 2840 4840 κινήσεως
2905 4764 2963 4822 δὲ
3008 4767 3098 4822 καὶ
3141 4763 3374 4840 ἠρεμίας
3434 4758 3819 4835 ἐξεταστικώτε-

445 4859 535 4914 bri
569 4858 824 4914 secundo
846 4861 904 4914 et
931 4856 1134 4927 quinto
1163 4855 1453 4926 capitibus
1472 4859 1805 4914 accuratius
1834 4876 2088 4917 comme-

448 4947 790 5003 morabitur.

2201 4880 2291 4937 ρον
2325 4857 2376 4912 ἐν
2405 4861 2484 4929 τῷ
2540 4854 2774 4932 δευτέρῳ
2826 4851 3030 4932 βιϐλίῳ
3072 4855 3207 4910 κατὰ
3258 4856 3320 4909 τὸ
3376 4851 3626 4928 τέταρτον
3673 4844 3821 4922 κεφά-

2201 4949 2376 5020 λαιον,
2409 4945 2498 5001 καί
2525 4965 2587 5022 γε
2610 4947 2673 5000 τὸ
2701 4945 2949 5020 πέμπτον
2983 4945 3484 5018 ὑπομνησθήσεται.

1298 5062 1504 5135 Σχῆμα
1533 5060 1725 5139 κεφαλ.
1758 5063 1861 5131 κα’,
1893 5063 2018 5139 περὶ
2051 5068 2237 5120 ποιοῦ·
2271 5063 2322 5118 ἐν
2356 5063 2402 5135 ᾧ
2432 5061 2521 5116 καὶ
2553 5061 2677 5138 περὶ
2707 5063 2991 5132 κινήσεως.

695 5238 716 5257 ν
1219 5172 1244 5382 3
1301 5171 1524 5252 σξιγμή,

718 5242 904 5291 Δποσα
1299 5261 1410 5310 νυν,
1426 5311 1436 5328 Ι

1305 5330 1494 5382 μονας.

1305 5311 1471 5382 μονάς
1481 5354 1494 5366 .

2157 5405 2234 5476 sui)
2245 5422 2338 5476 es.

1202 5435 1233 5654 ς
1299 5505 1364 5558 τὸ
1417 5506 1509 5578 μὲν
1572 5508 1794 5584 συνεγὶς
1844 5506 1872 5562 ὅ
1933 5435 2077 5654 ἐστιὲ
2155 5435 2457 5551 attagena

1536 5578 1784 5654 μέγεθοςο
2153 5547 2410 5654 3515??"

664 5634 768 5687 Τοῦ
796 5633 969 5687 ποσοῦ
1200 5565 1227 5688 ξ
1536 5565 1784 5654 μέγεθῖκ.
2050 5565 2077 5688 δ
2153 5565 2410 5688 ξςςτςὲη,

2159 5689 2386 5764 χρόνος.

1198 5655 1224 5844 2
2053 5655 2076 5754 ί
2159 5655 2386 5764 ςιὲἒὲζέἒ.

1209 5856 1232 5903 χ
1300 5797 1362 5855 τὸ
1395 5795 1453 5856 δὲ
1482 5796 1857 5932 διωρισὲιιένον,
1881 5802 1909 5858 ὃ
1933 5800 2068 5949 ἐστιὲ
2156 5803 2407 5878 ἀριθμὸς,

1546 5891 1586 5930 π
1627 5877 1661 5946 ἧ
1701 5891 1760 5938 ος
2155 5870 2340 5949 λόγος.

1546 5870 1760 5946 πλῆθος
1840 5870 1852 5876 ’
2046 5870 2068 5949 ζ
2155 5870 2340 5957 λόγος.
