4108 6448
244 490 359 551 845

1615 488 1963 550 EPITOME
2009 488 2286 550 LOGIGA
2301 532 2314 547 .

3529 493 3649 553 846

313 621 380 695 γ’.
410 623 706 692 ’Διαιρεῖται
760 617 819 674 δὲ
863 621 897 688 ἡ
948 618 1179 689 ποιότης
1227 618 1302 680 είς
1350 615 1457 689 ἕξιν
1513 618 1602 673 καὶ
1652 616 1884 681 διάθεσιν

2071 620 2123 673 3.
2158 620 2418 683 Qualitas
2448 638 2579 676 vero
2611 620 2890 677 dividitur
2918 622 2976 677 in
3006 621 3272 678 habitum
3302 626 3359 678 et
3402 623 3649 697 disposi-

244 708 317 771 είς
367 705 594 780 δύναμιν
640 708 729 763 καὶ
778 706 1098 781 ἀδυναμίαν·
1150 708 1226 769 εἰς
1281 709 1451 769 πάθος
1514 707 1602 762 καὶ
1669 710 1894 777 παθητι-

243 799 341 867 κήν
376 796 664 866 ποιότητα·
699 797 789 851 καὶ
820 797 895 858 εἰς
920 804 1117 872 σχῆμα
1144 796 1234 852 καὶ
1271 798 1508 875 μορφήν.

316 901 379 960 δ’.
411 903 614 975 ’Ἐξεως
649 903 743 977 μὶν
794 901 885 959 οὖν
935 904 1025 958 καὶ
1075 901 1360 966 διαθέσεως
1412 897 1590 976 ὄνομα
1632 903 1811 957 κοινὸν
1860 904 1894 970 ἡ

248 989 501 1055 διάθεσις.
542 997 840 1068 Διαιρεῖται
884 993 989 1069 γὰρ
1034 994 1069 1061 ἠ
1103 989 1337 1056 διάθεσις
1390 988 1466 1053 εἴς
1513 1010 1572 1045 τε
1616 992 1716 1061 τήν
1765 988 1896 1061 ἕξιν,

245 1082 334 1137 καὶ
399 1082 497 1152 τὴν
554 1080 873 1155 ὁμωνύμως
938 1084 1018 1153 τῷ
1078 1085 1247 1153 κοινῷ
1311 1078 1658 1154 καλουμένην
1720 1077 1896 1144 διάθε-

254 1192 358 1230 σιν.

319 1260 376 1315 ε’.
412 1257 481 1315 Δῖ
509 1258 600 1314 καὶ
633 1256 980 1338 διαφέρουσιν
1027 1256 1318 1329 ἀλλήλων,
1357 1263 1437 1330 τῷ
1476 1259 1574 1327 τὴν
1625 1258 1743 1331 μὲν,
1773 1255 1900 1326 ⁵ἤτοι

248 1350 348 1419 τήν
394 1345 500 1421 ἕξιν
553 1346 926 1424 πολυχρόνιον
977 1348 1066 1403 καὶ
1116 1345 1427 1417 δυσκίνητον
1474 1347 1629 1416 εἶναι,
1671 1348 1769 1415 τήν
1822 1343 1898 1415 δὲ,

246 1439 345 1507 τὴν
388 1435 645 1509 διάθεσιν,
684 1436 1067 1514 ὀλιγοχρόνιον
1112 1435 1202 1492 καί
1248 1434 1548 1506 εὒκίνητονο
1581 1438 1617 1505 ἡ
1653 1436 1745 1509 μὲν
1798 1437 1901 1512 γὰρ

250 1525 485 1592 διάθεσις
528 1529 672 1585 ,οἷον
735 1523 843 1597 ἕξις
894 1526 1035 1581 ἐστὶν
1103 1527 1335 1601 άπαγής’
1384 1528 1419 1596 ἡ
1476 1523 1523 1579 δ’
1568 1522 1676 1595 ἕξις
1726 1546 1902 1594 πεπη-

251 1621 381 1692 γυῖα
410 1613 668 1688 διάθεσις,
699 1615 790 1671 καὶ
822 1612 1254 1690 δυσμόχλευτος.

323 1888 390 1946 ς’.
442 1882 588 1952 ’ἷΕξις
634 1885 920 1957 τοιγαροῦν
981 1880 1091 1935 ἐστι
1140 1878 1373 1950 ποιότης
1431 1876 1902 1949 δυσαπάλλακτος,

2004 708 2241 774 tionem,
2269 708 2325 762 in
2351 709 2669 779 potentiam
2702 714 2758 765 et
2786 711 3276 782 impotentiam,in
3308 713 3644 784 passionem

2003 802 2059 851 et
2091 796 2425 869 passibilem
2454 798 2879 869 qualitatem,et
2906 801 2965 853 in
2993 799 3243 872 ﬁguram
3274 818 3341 856 ac
3371 802 3643 859 formam.

2074 905 2127 957 4.
2162 904 2474 974 Dispositio
2522 904 2688 976 proin
2747 905 2983 977 quidem
3039 907 3276 963 habitus
3305 912 3362 964 ct
3391 908 3646 980 disposi-

2006 990 2185 1046 tionis
2215 1008 2527 1047 commune
2557 1009 2770 1050 nomen
2801 998 2909 1050 est.
2945 994 3234 1051 Dividitur
3262 996 3419 1053 enim
3450 999 3647 1070 dispo-

2008 1079 2141 1135 sitio
2173 1084 2230 1134 et
2257 1081 2318 1135 in
2349 1080 2617 1136 habitum
2647 1087 2703 1138 et
2732 1083 2792 1137 in
2823 1084 3273 1155 dispositionem
3304 1103 3431 1158 quae
3461 1087 3650 1158 equi-

2006 1185 2143 1224 voce
2174 1186 2310 1224 cum
2339 1171 2636 1226 communi
2666 1172 2970 1244 dispositio
2999 1179 3254 1229 vocatur.

2081 1258 2233 1314 302
2265 1259 2318 1312 5.
2353 1261 2486 1324 Quae
2518 1259 2693 1314 etiam
2725 1278 2759 1315 a
2788 1278 2850 1316 se
2887 1260 3135 1317 invicem
3165 1262 3461 1332 differunt,
3488 1265 3644 1336 quod

2009 1345 2107 1401 ille
2148 1346 2404 1416 quidem,
2445 1347 2564 1403 sive
2606 1348 2843 1404 habitus
2891 1350 3209 1407 diuturnus
3262 1352 3339 1407 sit
3388 1357 3445 1407 et
3489 1353 3644 1408 difﬁ-

2012 1436 2196 1490 culter
2225 1437 2478 1491 amoveri
2509 1437 2728 1509 possit;
2763 1438 2883 1494 hasc
2921 1444 3117 1495 autem
3171 1439 3292 1496 sive
3320 1441 3646 1512 dispositio,

2012 1523 2204 1597 exigui
2234 1524 2311 1580 sit
2339 1525 2620 1597 temporis
2648 1531 2704 1582 et
2732 1526 2899 1582 facile
2928 1529 3180 1584 amoveri
3211 1530 3415 1601 possit.
3453 1530 3659 1602 Dispo-

2013 1613 2148 1669 sitio
2178 1613 2335 1668 enim
2367 1613 2603 1685 quidem
2660 1619 2751 1671 est
2792 1616 3029 1672 habitus
3076 1616 3233 1673 velut
3282 1618 3520 1675 habitus
3566 1623 3657 1677 est

2012 1718 2128 1757 non
2160 1702 2367 1757 ﬁrmus
2398 1702 2675 1771 habitus;
2708 1704 2944 1760 habitus
2989 1722 3143 1773 vero,
3202 1712 3293 1763 est
3347 1708 3654 1779 dispositio

2015 1791 2245 1846 ﬁrmata
2274 1796 2331 1845 et
2368 1807 2495 1862 quae
2527 1791 2841 1848 difﬁculter
2870 1794 3097 1849 extrudi
3125 1800 3321 1867 queat.

2082 1878 2393 1934 6.Habitus
2422 1879 2663 1951 proinde
2693 1881 2947 1951 qualitas
2970 1888 3059 1938 est
3074 1900 3201 1955 qua
3222 1884 3533 1942 difﬁculter
3550 1886 3656 1942 im-

251 1969 577 2038 τελειωτικὴ
629 1971 744 2043 μὲν,
785 1970 861 2032 ὡς
908 1968 1185 2041 ἐπιστήμη
1237 1967 1327 2022 καὶ
1377 1969 1563 2043 ἀρετὴ,
1596 1967 1685 2022 καὶ
1736 1966 1904 2045 ἀσφα-

2028 1967 2232 2022 nutari
2264 1969 2793 2039 potest,perﬁciens
2825 1975 2925 2025 aut
2953 1972 3133 2027 etiam
3166 1973 3492 2045 depravans
3522 1976 3661 2031 sub-

256 2057 362 2127 λὴς
442 2057 632 2134 ὑγίεια*
691 2059 969 2126 κακωτικὴ
1038 2055 1116 2129 δὲ,
1150 2056 1225 2118 ὡς
1285 2057 1312 2110 ὁ
1371 2056 1578 2118 ἑκτικὸς
1651 2056 1901 2130 πυρετός.

256 2145 461 2202 Αὐτίκα
508 2148 611 2224 γὰρ
654 2149 689 2217 ἡ
739 2146 1013 2219 ἐπιστήμη
1071 2145 1171 2200 οὐκ
1218 2144 1274 2200 ἂν
1331 2140 1669 2216 ἀποϐληθείη
1728 2145 1903 2221 χωρῖς

263 2234 509 2311 μεγάλης
579 2230 910 2308 μεταϐολῆς,
960 2233 1055 2297 εἴθ’
1106 2235 1207 2290 ὑπὸ
1253 2233 1411 2289 νόσου
1456 2234 1757 2310 γεγονυίας,
1809 2230 1905 2288 εἴθ’

255 2324 359 2380 ὑπὸ
391 2328 648 2399 συνεχοῦς
695 2323 981 2400 ῥᾳθυμίας,
1013 2321 1106 2378 εἴθ’
1156 2323 1258 2377 ὑπό
1304 2344 1451 2385 τινος
1500 2320 1675 2378 ἄλλοι)
1717 2321 1906 2377 τοιού-

253 2433 349 2467 του
393 2412 590 2471 αἰτίου,
620 2413 720 2467 Τὸν
766 2412 925 2467 αὐτὸν
975 2407 1175 2486 τρόπον
1220 2410 1309 2465 καὶ
1343 2411 1529 2489 ἀρετὴ,
1562 2410 1902 2488 σωφροσύνη,

253 2498 596 2571 δικαιοσύνη,
643 2501 733 2556 καὶ
777 2499 922 2570 ἄλλη
974 2505 1137 2573 πᾶσα,
1176 2498 1275 2554 οὐκ
1321 2497 1459 2554 ἔστιν
1501 2495 1905 2569 εύαπόϐλητος,

252 2586 368 2645 οὐδ’
411 2588 714 2660 εὐκίνητος.
773 2588 1045 2651 Ὡσαύτως
1104 2588 1194 2642 καὶ
1224 2590 1259 2657 ἡ
1296 2586 1527 2661 μόνιμος
1589 2587 1763 2662 ὑγίεια
1812 2586 1905 2640 καὶ

249 2681 286 2747 ἡ
317 2676 519 2751 πολλῷ
548 2678 738 2753 χρόνῳ
770 2677 935 2733 οἱονεὶ
966 2676 1356 2755 πεφυσιωμὲνη
1391 2675 1565 2737 νόσος.

328 2947 390 3015 ζ’.
432 2944 674 3010 Διάθεσις
715 2942 773 2999 δέ
803 2943 942 2998 ἐστιν
973 2946 1009 3013 ἡ
1052 2943 1129 3005 εἰς
1174 2939 1280 3014 ἕξιν
1327 2939 1475 3011 ὁδὸς,
1508 2943 1543 3010 ἢ
1575 2940 1665 2995 καὶ
1712 2938 1801 2996 διὰ
1845 2942 1906 2995 τὸ

259 3038 432 3109 μήπω
462 3034 643 3089 στάσιν
676 3032 964 3109 ἐσχηκέναι
1003 3036 1111 3087 τῶν
1162 3031 1458 3101 εὐκινήτων
1507 3029 1619 3085 ἐστὶ
1660 3029 1750 3084 καὶ
1797 3033 1903 3083 τῶν

254 3120 700 3197 εὐμεταϐλήτων’
754 3122 831 3183 ὡς
876 3124 912 3190 ἡ
964 3120 1252 3191 ἐπίκτητος
1318 3118 1491 3196 θέρμη
1565 3119 1654 3174 καὶ
1729 3117 1906 3192 ψύξις,

255 3212 348 3268 καὶ
374 3215 413 3283 ἡ
445 3206 699 3274 ἀϐέϐαιος
732 3210 882 3286 ὑγεία
903 3209 993 3265 καὶ
1025 3212 1060 3280 ἡ
1085 3209 1264 3273 νόσος.

2004 2057 2251 2126 jectum.
2289 2056 2593 2113 Perﬁciens
2628 2059 2959 2129 quidem,ut
3006 2061 3252 2117 scientia
3308 2067 3366 2118 et
3392 2064 3580 2120 virtus
3606 2068 3666 2120 et

2013 2150 2292 2200 constans
2321 2146 2564 2212 sanitas,
2596 2147 2921 2219 depravans
2952 2155 3174 2217 autem,
3227 2156 3295 2207 ut
3342 2152 3520 2208 febris
3558 2153 3662 2209 he-

2014 2233 2181 2289 ctica.
2212 2231 2410 2306 Neque
2439 2235 2596 2290 enim
2622 2236 2866 2292 scientia
2894 2237 3092 2295 statim
3121 2239 3295 2311 abjici
3320 2244 3512 2313 potest
3541 2242 3667 2298 sine

2016 2338 2229 2393 magna
2258 2316 2602 2392 mutatione,
2635 2324 2755 2380 sive
2786 2342 2819 2380 a
2850 2327 3053 2382 morbo
3094 2333 3222 2384 orta
3252 2329 3446 2396 fuerit,
3481 2330 3602 2385 sive
3631 2348 3665 2387 a

2014 2408 2295 2464 continua
2350 2409 2600 2482 ignavia,
2635 2411 2755 2466 sive
2805 2413 2875 2467 ab
2908 2411 3021 2468 alia
3075 2413 3274 2486 aliqua
3298 2431 3478 2471 causa
3505 2417 3665 2488 ejus-

2014 2497 2264 2553 cemodi.
2292 2499 2574 2554 Eumdem
2610 2500 2681 2554 ad
2715 2502 2958 2555 modum
2988 2502 3163 2557 etiam
3196 2505 3405 2573 virtus,
3440 2510 3665 2577 tempe-

2016 2586 2224 2652 rantia,
2251 2587 2501 2656 justitia,
2536 2591 2595 2642 et
2624 2587 2840 2659 quaevis
2897 2588 3029 2661 alia,
3086 2608 3200 2646 non
3251 2597 3441 2664 potest
3500 2593 3668 2650 facile

2014 2675 2188 2746 abjici
2221 2679 2323 2729 aut
2353 2677 2659 2731 removeri.
2712 2676 2917 2732 Itidem
2975 2683 3034 2733 et
3080 2680 3310 2736 stabilis
3357 2682 3581 2739 sanitas
3609 2686 3669 2738 et

2018 2765 2278 2833 morbus,
2312 2764 2413 2835 qui
2445 2763 2619 2836 longo
2650 2769 2911 2837 tempore
2939 2766 3117 2823 veluti
3149 2770 3437 2827 naturalis
3468 2771 3661 2827 factus

2016 2856 2122 2909 est.

2083 2942 2139 2995 7.
2198 2940 2514 3013 Dispositio
2565 2946 2759 2998 autem
2812 2948 2902 2999 est
2941 2946 3034 3000 via
3081 2947 3152 3001 ad
3184 2946 3475 3016 habitum,
3535 2966 3664 3021 qum

2016 3030 2191 3085 etiam
2218 3036 2527 3102 propterea
2547 3033 2702 3102 quod
2726 3036 2947 3089 statum
2972 3052 3086 3090 non
3118 3036 3328 3108 adepta
3358 3037 3663 3104 sit,earum

2015 3125 2201 3175 estex
2232 3136 2474 3175 numero
2506 3137 2635 3192 qua:
2680 3121 2848 3177 facile
2889 3124 3109 3179 moveri
3157 3130 3214 3181 et
3259 3127 3474 3182 mutari
3527 3144 3664 3199 pos-

2016 3212 2154 3264 sunt
2185 3226 2198 3262 :
2234 3212 2299 3263 ut
2325 3207 2651 3279 acquisitus
2671 3210 2828 3266 calor
2845 3216 2903 3267 et
2933 3211 3137 3285 frigus,
3155 3218 3213 3269 et
3240 3214 3477 3272 inﬁrma
3505 3216 3666 3273 vale-

2019 3297 2158 3353 tudo
2191 3298 2569 3370 morbusque.

333 3390 405 3460 η’.
456 3392 676 3465 Ἕτερον
723 3384 864 3450 εἶδος
912 3387 1228 3458 ποιότητος,
1280 3383 1507 3458 δύναμις
1574 3384 1662 3440 καὶ
1717 3382 1908 3439 ἀδυνα-

2092 3387 2246 3441 308
2275 3387 2329 3440 8.
2362 3362 2485 3443 Alia
2526 3388 2748 3459 species
2797 3388 3100 3461 qualitatis
3146 3390 3277 3464 (est)
3321 3393 3580 3465 potentia
3608 3398 3666 3451 et

268 3478 394 3625 μεθ’..
429 3566 663 3639 Δύναμιν
692 3563 842 3641 δέγὲ
889 3585 1061 3643 φαμεν
1114 3563 1175 3618 οὐ
1220 3565 1319 3632 τήν
1366 3564 1552 3631 κοινὴν
1604 3560 1910 3632 ἐπιτηδειόι

260 3677 423 3727 τητα,
453 3657 570 3710 καθ’
597 3656 659 3724 ἣν
698 3654 835 3729 πρὸς
882 3654 1053 3715 πάσας
1095 3653 1203 3715 τὰς
1238 3653 1435 3727 τέχνας
1486 3648 1712 3724 δύναμιν
1762 3647 1909 3725 ἔχειν

258 3745 457 3808 πάντες
507 3742 786 3820 ἄνθρωποι
836 3742 1082 3819 λέγονται
1133 3742 1381 3819 φυσικὴν,
1426 3738 1573 3795 ἀλλὰ
1616 3740 1713 3809 τὴν
1762 3737 1912 3801 ἰδίως

261 3838 568 3911 προσοῦσαν
602 3831 821 3911 εὐφυίαν
873 3831 1078 3904 ἑκάστῳ
1130 3830 1239 3885 τινὶ
1297 3830 1433 3904 πρὸς
1488 3826 1614 3884 τόδε
1666 3846 1739 3883 τι“
1790 3826 1912 3898 ἤτις

264 3920 457 4002 εὐφυΐα
517 3921 607 3977 καὶ
673 3920 808 3990 αὐτὴ
872 3925 1107 3998 φυσικῶς
1189 3924 1468 3995 προσεῖναι
1527 3916 1761 3993 λέγεται.
1811 3917 1910 3972 Καὶ

262 4015 302 4081 ἡ
344 4017 536 4088 κρᾶσις
599 4011 702 4087 γὰρ
770 4008 926 4089 φύσις
973 4007 1290 4082 ὀνομάζεται
1345 4009 1562 4083 μερική.
1614 4006 1759 4061 Κατὰ
1810 4008 1909 4075 τὴν

264 4099 523 4171 τοιαύτην
583 4096 810 4173 δύναμιν
862 4101 960 4169 τήν
1041 4098 1127 4153 ἐπὶ
1200 4097 1395 4173 μέρους
1464 4094 1692 4172 λέγομέν
1765 4116 1912 4158 τινας

268 4188 581 4262 πυκτικοὺς,
639 4188 675 4257 ἢ
734 4184 1056 4261 δρομικοὺς,
1114 4187 1149 4256 ἢ
1213 4183 1500 4261 ὑγιεινοὺς,
1552 4185 1585 4253 ἣ
1633 4181 1911 4246 νοσώδεις

264 4284 347 4351 τῷ
376 4278 503 4340 τοὺς
539 4278 633 4352 μὲν
682 4275 829 4353 ἔχειν
891 4276 1143 4355 ἀφορμὰς
1198 4275 1425 4354 φυσικὰς
1482 4273 1558 4335 εἰς
1614 4274 1678 4327 τὸ
1728 4271 1914 4336 καλῶς

264 4367 553 4439 ἐξασκῆσαι
595 4368 695 4436 τὴν
738 4367 1026 4436 πυκτικήν,
1073 4365 1202 4427 τοὺς
1251 4361 1312 4420 δὲ
1364 4361 1528 4419 πάλιν
1563 4364 1660 4432 τὴν
1718 4360 1912 4439 δρομι-

262 4459 388 4529 κήνο
438 4456 528 4510 καὶ
579 4454 704 4517 τοὺς
764 4456 858 4528 μὲν
920 4455 1208 4525 κεκτῆσθαι
1269 4450 1495 4524 δύναμιν
1555 4452 1806 4529 φυσικὴν,
1840 4451 1913 4513 εἷς

260 4547 326 4603 τὸ
363 4546 438 4618 μή
474 4543 705 4621 πάσχειν
737 4540 934 4619 ῥᾳδίως
980 4544 1086 4599 ὑπὸ
1134 4547 1241 4597 τῶν
1287 4540 1565 4617 τυχόντων
1613 4541 1702 4595 καὶ
1750 4561 1917 4616 παρα-

264 4629 619 4692 ϐλάπτεσθαι·
661 4631 791 4695 τοὺς
840 4630 897 4688 δὲ
943 4639 1046 4703 τῆς
1089 4630 1347 4702 τοιαύτης
1403 4629 1717 4705 ἐστερῆσθαι
1759 4628 1916 4684 δυνά-

2018 3474 2383 3548 impotentia.

2088 3565 2143 3619 9.
2174 3562 2499 3619 Potentiam
2532 3570 2725 3620 autem
2754 3564 3006 3622 dicimus
3026 3567 3231 3640 utique
3250 3586 3367 3625 non
3398 3587 3661 3627 commu-

2021 3668 2155 3707 nem
2187 3652 2595 3724 aptitudinem,
2637 3670 2752 3720 qua
2782 3655 2851 3709 ad
2885 3672 3087 3712 omnes
3140 3661 3292 3714 artes
3340 3660 3662 3730 potentiam

2020 3740 2349 3796 naturalem
2383 3740 2597 3796 habere
2627 3758 2832 3799 omnes
2862 3743 3132 3801 homines
3172 3747 3452 3805 dicuntur
3485 3767 3499 3818 ;
3562 3750 3662 3806 sed

2021 3847 2148 3886 eam
2181 3835 2399 3885 natura:
2442 3832 2761 3886 bonitatem
2811 3835 2888 3903 (et
2916 3834 3197 3907 indolem)
3251 3854 3379 3909 quae
3428 3839 3659 3911 proprie

2021 3918 2273 3991 singulis
2296 3919 2367 3973 ad
2398 3918 2505 3973 hoc
2536 3918 2730 3990 alquid
2762 3921 2946 3989 adest,
2996 3940 3122 3994 quae
3164 3931 3386 3981 naturae
3433 3928 3664 3984 bonitas

2022 4008 2102 4078 (et
2130 4006 2376 4078 indoles)
2430 4007 2606 4062 etiam
2637 4008 2770 4080 ipsa
2798 4011 3144 4067 naturaliter
3194 4015 3399 4071 adesse
3428 4016 3659 4074 dicitur.

2022 4097 2167 4153 Nam
2190 4102 2247 4151 et
2275 4096 2470 4168 ipsum
2501 4101 3032 4168 temperamentum
3053 4102 3423 4172 particularis
3454 4109 3663 4160 natura

2024 4184 2367 4257 appellatur.
2399 4185 2731 4241 Secundum
2764 4188 3055 4258 ejusmodi
3102 4192 3513 4262 particularem
3555 4210 3663 4265 po-

2023 4274 2267 4330 tentiam
2306 4274 2559 4329 dicimus
2590 4274 2817 4347 aliquos
2860 4277 3155 4350 pugilares
3208 4285 3334 4348 (seu
3378 4285 3543 4353 aptos
3591 4282 3663 4337 ad

2026 4362 2376 4435 pugilatum)
2408 4370 2509 4418 aut
2528 4380 2795 4420 cursores
2825 4365 2951 4437 (seu
2986 4372 3152 4438 aptos
3186 4370 3257 4424 ad
3288 4371 3667 4444 currendum)

2025 4457 2127 4508 aut
2155 4451 2413 4507 valentes
2441 4453 2566 4524 (seu
2590 4453 2812 4509 salubri
2844 4456 3127 4528 corpore),
3179 4462 3279 4513 aut
3305 4457 3667 4516 valetudina-

2028 4542 2184 4609 rios;
2232 4547 2539 4614 propterea
2586 4543 2743 4613 quod
2810 4542 2904 4598 alii
2956 4545 3193 4616 quidem
3238 4547 3527 4603 naturalia
3569 4548 3671 4605 ha-

2031 4632 2207 4687 beant
2254 4630 2522 4686 subsidia
2550 4632 2621 4686 ad
2652 4631 2797 4688 bene
2845 4635 3227 4690 exercendam
3258 4636 3671 4708 pugilatoriam

270 4746 439 4799 μεως.
473 4722 627 4778 Οὕτω
675 4720 886 4797 λέγεται
944 4722 1034 4777 καὶ
1094 4722 1155 4775 τὸ
1204 4718 1467 4796 σκληρὸν,
1499 4719 1589 4773 καὶ
1635 4719 1698 4773 τὸ
1750 4716 1908 4792 μάλα·

2028 4724 2276 4789 (artem),
2309 4719 2405 4775 alii
2437 4736 2569 4775 vero
2618 4721 2689 4774 ad
2734 4721 3078 4790 cursoriam,
3130 4726 3403 4796 quodque
3435 4725 3532 4781 alii
3564 4743 3672 4781 na-

263 4813 384 4870 κόν·
416 4813 479 4869 τὸ
511 4813 605 4885 μὲν
640 4809 867 4884 δύναμιν
901 4808 1047 4886 ἔχειν
1076 4815 1174 4865 τοῦ
1229 4811 1304 4883 μή
1358 4807 1640 4881 τέμνεσθαι
1691 4806 1914 4885 ῥᾳδίως·

264 4904 331 4960 τὸ
362 4900 420 4957 δὲ
453 4899 696 4975 μαλακὸν
728 4899 867 4972 πρὸς
893 4903 1055 4955 τοῦτο
1088 4896 1383 4953 ἀδυνατεῖν.

2026 4809 2276 4864 turalem
2299 4809 2555 4864 habeant
2584 4811 2997 4880 potentiam,ut
3028 4829 3144 4867 non
3187 4814 3352 4868 facile
3374 4815 3675 4885 patiantur

2035 4902 2137 4952 aut
2166 4897 2453 4952 laedantur
2482 4915 2516 4952 a
2545 4897 2922 4968 quibuslibet,
2984 4899 3080 4955 alii
3134 4906 3331 4957 autem
3382 4902 3677 4974 ejusmodi

271 4993 540 5068 potentia
569 4990 778 5063 privati
808 4991 947 5047 sint.
983 4992 1069 5047 Ita
1100 4989 1278 5045 etiam
1310 4989 1525 5044 durum
1557 4991 1616 5042 et
1646 4986 1820 5043 molle
1848 4986 2084 5055 dicitur,
2113 4986 2260 5041 illud
2288 4986 2525 5058 quidem
2556 4988 2875 5057 potentiam
2905 4988 3119 5045 habere
3151 4996 3215 5045 ut
3245 5008 3361 5047 non
3393 4992 3561 5048 facile
3592 5009 3680 5049 se-

270 5086 476 5151 cetur;
508 5080 619 5135 hoc
648 5083 865 5151 autem,
901 5078 1074 5135 molle
1103 5077 1427 5150 (nimirum)
1460 5077 1531 5131 ad
1563 5076 1621 5130 id
1652 5075 1995 5147 impotentia
2019 5075 2302 5132 laborare.

352 5187 404 5242 ι’.
453 5184 644 5260 Τρίτον
696 5181 838 5246 εἶδος
882 5183 1197 5255 ποιότητος,
1231 5183 1505 5251 παθητική
1558 5180 1785 5251 ποιότης
1835 5181 1925 5235 καὶ

268 5275 467 5344 πάθος,
518 5273 552 5329 ἃ
600 5273 688 5328 καὶ
749 5270 1090 5350 διαφέρουσιν
1146 5269 1432 5342 ἀλλήλων⁶
1495 5274 1575 5342 τῷ
1647 5270 1745 5337 τήν
1831 5270 1925 5342 μὲν

270 5362 583 5433 παθητικὴν
626 5360 894 5432 ποιότητα
935 5358 1359 5435 συνεζευγμένην
1411 5358 1543 5413 εἶναι
1596 5357 1752 5413 πάθει
1801 5359 1925 5431 τινὶ,

268 5455 335 5510 τὸ
382 5449 439 5508 δὲ
485 5451 656 5512 πάθος
704 5447 827 5505 ὁδὸν
885 5450 1019 5506 εἶναι
1089 5450 1226 5527 πρὸς
1291 5450 1390 5517 τὴν
1454 5445 1709 5517 τοιαύτην
1772 5448 1928 5503 ποιό-

268 5561 429 5613 τητα·
476 5539 565 5594 καὶ
608 5539 709 5608 τήν
774 5539 869 5611 μὶν
924 5538 976 5593 ἐν
1023 5544 1102 5612 τῷ
1149 5537 1421 5614 γεγονέναι
1473 5537 1534 5590 τὸ
1584 5536 1712 5590 εἶναι
1763 5532 1928 5612 ἔχειν,

2107 5185 2191 5237 10.
2226 5182 2421 5239 Tertia
2449 5182 2671 5254 species
2703 5183 3007 5253 qualitatis
3057 5188 3189 5258 (est)
3234 5188 3533 5260 passibilis
3578 5205 3682 5245 seu

2037 5273 2268 5344 passiva
2296 5273 2451 5326 304
2506 5271 2591 5326 vel
2625 5272 2821 5343 potius
2868 5275 3161 5344 passiﬁca,
3194 5278 3242 5332 si
3277 5278 3359 5333 ita
3388 5279 3580 5333 dicere
3608 5276 3687 5331 1i-

2037 5365 2209 5428 ceret)
2241 5359 2494 5431 qualitas
2524 5366 2581 5415 et
2610 5360 2825 5431 passio,
2881 5378 3007 5433 quae
3055 5365 3233 5420 etiam
3265 5383 3299 5420 a
3348 5383 3410 5421 se
3440 5367 3686 5422 invicem

2039 5450 2314 5505 differunt
2341 5449 2399 5503 in
2433 5465 2520 5513 eo,
2553 5451 2708 5521 quod
2741 5452 3038 5521 passibilis
3070 5454 3326 5525 qualitas
3375 5457 3692 5525 conjuncta

2038 5543 2129 5595 est
2160 5537 2418 5610 passioni
2452 5538 2624 5594 alicui
2661 5557 2673 5607 ;
2729 5541 2923 5610 passio
2956 5548 3151 5599 autem
3182 5545 3273 5600 via
3302 5549 3391 5601 est
3420 5546 3489 5600 ad
3536 5546 3693 5615 ejus-

265 5633 334 5689 τὸ
378 5627 424 5685 δ’
455 5627 507 5684 ἓν
539 5631 620 5698 τῷ
666 5626 928 5702 γίνεσθαι.
957 5629 1019 5682 Ἣ
1073 5629 1166 5702 μὲν
1226 5626 1318 5682 οὗν
1364 5626 1640 5695 παθητικὴ
1700 5626 1908 5696 ποιότηη

2040 5628 2200 5683 modi
2252 5627 2595 5700 qualitatem
2629 5633 2684 5682 et
2715 5631 2867 5700 quod
2902 5629 3020 5686 haec
3052 5633 3290 5704 quidem
3346 5634 3404 5688 in
3438 5649 3506 5688 ea
3537 5633 3693 5704 quod

271 5717 381 5792 ἕξει
412 5714 689 5792 ἀναλογεῖ,
721 5712 947 5772 διαθέσει
979 5714 1036 5772 δέ
1059 5737 1119 5793 γε
1146 5716 1209 5770 τὸ
1234 5714 1428 5776 πάθος.

2041 5716 2191 5772 facta
2247 5716 2492 5784 sit;illa
2552 5717 2609 5772 in
2664 5720 2819 5788 quod
2876 5720 2999 5789 ﬁat,
3060 5740 3188 5779 esse
3250 5722 3450 5778 habet.
3496 5720 3695 5779 Passi-

270 5809 412 5872 bilis
437 5806 683 5883 proinde
704 5806 957 5882 qualitas
979 5806 1244 5877 habitui;
1277 5811 1340 5864 at
1368 5821 1501 5863 vero
1531 5804 1901 5879 dispositioni
1934 5806 2129 5881 passio
2160 5806 2533 5880 proportione
2564 5808 2899 5879 respondet.
