4108 6458
503 512 616 570 847

503 729 678 786 matis
711 733 774 784 ut
813 729 1047 784 habitus
1078 734 1133 784 et
1162 729 1487 800 dispositio,
1514 729 1612 784 sed
1645 729 1820 783 etiam
1853 729 1910 783 in
1954 729 2141 784 inani-

503 818 697 874 matis.

576 927 659 980 12.
714 924 883 980 Proin
928 924 1225 996 passibilis
1264 924 1497 994 quidem
1548 924 1802 996 qualitas
1850 925 1906 978 in
1952 924 2140 978 inani-

502 1015 675 1070 matis
729 1013 938 1085 triplex
992 1018 1100 1070 est.
1160 1016 1267 1068 Aut
1321 1015 1474 1068 enim
1537 1032 1569 1068 a
1613 1015 1881 1085 passione
1909 1031 2022 1068 non
2055 1017 2143 1068 est

501 1108 626 1159 orta
658 1104 916 1174 quidem,
969 1103 1300 1174 passionem
1347 1108 1542 1157 autem
1590 1103 1763 1157 infert
1810 1103 2023 1168 nobis;
2078 1106 2143 1154 ut

501 1192 656 1248 calor
688 1193 860 1263 ignis.
915 1192 1015 1245 Hic
1058 1192 1212 1246 enim
1247 1193 1318 1246 ab
1353 1193 1550 1262 aliqua
1593 1192 1864 1262 passione
1907 1209 2022 1245 non
2054 1196 2142 1245 est

501 1288 684 1351 ortus,
735 1281 1214 1352 quandoquidem
1260 1280 1606 1335 naturaliter
1649 1286 1705 1335 et
1752 1279 2143 1335 essentialiter

500 1370 619 1441 igni
655 1372 839 1435 inest;
875 1369 1042 1423 nobis
1075 1374 1267 1423 tamen
1303 1370 1637 1439 passionem
1671 1368 2136 1432 a1fert,calorem.

499 1465 615 1514 Aut
643 1459 820 1514 etiam
850 1475 883 1512 a
921 1458 1192 1528 passione
1243 1462 1332 1512 est
1363 1462 1488 1512 orta
1538 1462 1590 1511 et
1622 1457 1911 1528 passionis
1964 1473 2141 1511 causa

499 1549 564 1603 ﬁt
605 1547 1102 1620 quemadmodum
1149 1547 1299 1617 juris
1347 1545 1627 1601 esculenti
1681 1546 1956 1600 suavitas.
1989 1550 2141 1599 Haec-

424 1707 430 1712 δ
498 1638 656 1693 enim
697 1641 753 1692 et
784 1653 815 1692 a
846 1637 1113 1708 passione
1145 1635 1500 1692 condimenti
1539 1642 1666 1690 orta
1695 1640 1782 1690 est
1812 1640 1868 1690 et
1900 1640 2138 1707 gustum

498 1727 639 1781 dum
673 1727 799 1797 ejus
849 1726 912 1778 ﬁt
963 1725 1250 1796 particeps
1293 1725 1576 1779 suavitate
1625 1724 1822 1778 afﬁcit.
1859 1729 1972 1778 Aut
2014 1730 2140 1778 orta

497 1815 737 1886 quidem
767 1819 854 1869 est
884 1832 916 1868 a
948 1813 1576 1885 passione,passionem
1605 1818 1798 1867 autem
1825 1812 2134 1880 nobis,non

496 1904 911 1959 communicat.
947 1903 1450 1966 Quemadmodum
1509 1902 1726 1956 colores
1788 1917 1848 1956 se
1897 1901 2130 1956 habent.

1750 509 2170 569 NlCEPHORI
2216 507 2652 568 BLEMMIDxE

576 643 656 696 11.
690 643 1036 712 Spectantur
1066 643 1260 695 autem
1293 640 1464 694 ambo
1495 655 1609 694 non
1660 643 1889 695 tantum
1923 640 1982 694 in
2015 639 2138 694 ani-
2169 649 2223 706 Α

2245 1905 2342 1967 τῆς
2437 1901 2698 1974 κράσεως,
2783 1899 2843 1953 οὗ

3760 506 3859 566 818

2328 639 2410 693 ια’.
2463 640 2797 710 Θεωροῦνται
2853 633 2897 688 δ’
2930 635 3115 712 ἄμφω,
3160 635 3235 706 μὴ
3291 634 3452 706 μόνον
3498 633 3547 689 ἐν
3597 632 3858 711 ἐμψύχοις,

2251 726 2429 801 ὥσπερ
2461 729 2495 795 ἡ
2526 723 2632 797 ἕξις
2691 725 2780 778 καὶ
2812 727 2846 793 ἡ
2898 721 3154 794 διάθεσις,
3190 721 3334 778 ἀλλὰ
3389 725 3476 778 καὶ
3532 722 3581 777 ἐν
3630 724 3855 800 ἀψύχοις.

2327 923 2411 997 ιβ’.
2446 923 2507 977 Ἣ
2542 923 2636 993 μὲν
2666 919 2756 975 οῦν
2791 920 2841 974 ἐν
2874 920 3109 996 ἀψύχοις
3138 922 3412 989 παθητική
3447 919 3670 988 ποιότης
3716 920 3856 996 ὑπάρ-

2251 1030 2340 1084 χει
2369 1012 2580 1085 τριττή.
2617 1011 2684 1064 Ἦ
2715 1011 2817 1085 γὰρ
2858 1009 2964 1063 ἀπὸ
2994 1009 3193 1070 πάθους
3233 1010 3325 1080 μὶν
3378 1008 3477 1063 οὒκ
3517 1008 3735 1084 ἐγένετο,
3773 1011 3857 1063 πά-

2251 1111 2341 1162 θος
2373 1097 2417 1153 δ⁹
2447 1102 2582 1171 ἡμῖν
2619 1098 2855 1172 ἐμποιεῖ’
2891 1099 2964 1159 ὡς
2993 1101 3026 1168 ἡ
3059 1103 3154 1153 τοῦ
3202 1100 3373 1175 πυρὸς
3419 1098 3703 1172 θερμότηςο
3745 1097 3856 1168 αὕτη

2250 1189 2353 1262 γάρ
2414 1188 2517 1242 ἀπό
2573 1209 2721 1249 τινος
2780 1187 2878 1241 ούκ
2931 1188 3140 1261 ἐγένετο
3197 1188 3423 1250 πάθους·
3482 1186 3596 1242 ἐπεὶ
3654 1191 3858 1263 φυσικῶς

2248 1277 2336 1330 καὶ
2370 1275 2644 1338 ούσιωδῶς
2697 1274 2859 1331 ἔνεστι
2908 1281 2987 1348 τῷ
3043 1277 3190 1349 πυρί·
3253 1277 3398 1354 φέρει
3429 1274 3475 1331 δ’
3531 1280 3661 1348 ἡμῖν
3715 1276 3858 1339 πάθος

2247 1367 2346 1432 τήν
2389 1367 2699 1441 θέρμανσιν⁸
2749 1367 2783 1434 ἢ
2829 1366 2916 1419 καὶ
2967 1365 3070 1419 ἀπὸ
3134 1367 3338 1428 πάθους
3389 1365 3598 1440 γὲγονε,
3645 1366 3726 1420 καὶ
3775 1364 3858 1419 πά-

2249 1457 2372 1514 θους
2430 1454 2573 1508 αἰτία
2629 1454 2851 1527 γίνεται·
2910 1455 3212 1529 καθάπερὴ
3261 1459 3358 1508 τοῦ
3418 1459 3605 1526 ζωμοῦ
3661 1451 3858 1523 ἡδύτης·

2248 1542 2382 1610 αὕτη
2433 1543 2536 1617 γὰρ
2588 1542 2676 1596 καὶ
2726 1543 2830 1596 ἀπὸ
2888 1543 3091 1603 πάθους
3148 1550 3248 1611 τῆς
3321 1543 3606 1618 καρυκείας
3660 1541 3858 1618 ἐγένετο,

2248 1633 2334 1685 καὶ
2393 1633 2490 1700 τήν
2543 1636 2722 1706 γεῦσιν
2775 1629 2959 1700 ἡδύνει
3023 1632 3390 1707 μετεχομένη·
3545 1633 3728 1707 γέγονε
3781 1633 3857 1704 μὲν

2248 1720 2353 1774 ἀπὸ
2392 1720 2618 1793 πάθους,
2677 1721 2738 1774 ού
2800 1718 3122 1793 μεταδίδωσι
3184 1718 3240 1776 δὶ
3298 1725 3395 1775 τοῦ
3463 1720 3660 1782 πάθους
3729 1723 3856 1792 ἡμῖν·

2249 1811 2321 1870 ὡς
2353 1807 2465 1884 ἔχει
2496 1812 2562 1863 τά
2606 1811 2897 1886 χρώματα.
2930 1810 3027 1864 Καὶ
3087 1811 3187 1885 γὰρ
3241 1809 3300 1864 ἑκ
3352 1811 3554 1871 πάθους
3608 1809 3856 1884 γεγονότα,

2937 1899 3378 1976 συγχρωματίζει

3497 1900 3699 1959 ἑαυτοῖς
3787 1896 3860 1951 καὶ

494 1995 638 2050 Cum
669 1997 824 2049 enim
855 2008 923 2046 ex
953 1992 1224 2063 passione
1254 1991 1784 2062 contemperatione
1807 1991 1954 2047 805
1980 1991 2137 2045 vide-
2168 2010 2215 2074 B
2248 1989 2416 2060 ἡμᾶς.

497 2081 633 2138 licet
663 2081 796 2136 facti
825 2081 964 2150 sint,
999 2098 1111 2135 non
1145 2098 1262 2134 una
1292 2097 1491 2134 secum
1513 2080 1687 2134 etiam
1718 2096 1824 2134 nos
1854 2079 2133 2134 colorant.

571 2208 654 2261 13.
689 2207 808 2261 Etsi
837 2223 969 2261 vero
1000 2207 1176 2260 abum
1211 2205 1426 2258 dicitur
1464 2206 1799 2276 disgregare
1837 2210 1894 2259 et
1924 2204 2137 2258 diffun-

496 2298 631 2352 dere
661 2297 850 2350 visum
885 2313 896 2348 :
934 2296 1165 2365 nigrum
1197 2311 1546 2365 congregare
1577 2299 1630 2348 et
1674 2294 1942 2364 colligere
1975 2311 1988 2348 :
2024 2311 2135 2347 non

498 2390 695 2441 tamen
722 2385 1055 2456 passionem
1096 2383 1318 2438 faciunt
1364 2382 1875 2436 denominativam.
1927 2382 2138 2435 Album

499 2491 618 2530 non
648 2473 918 2539 dealbat;
976 2472 1210 2543 nigrum
1263 2489 1376 2526 non
1408 2471 1674 2542 denigrat
1707 2488 1718 2526 :
1754 2472 2140 2541 quemadmo-

499 2564 640 2618 dum
699 2562 851 2634 ignis
901 2561 1162 2616 calefacit
1218 2565 1273 2615 et
1302 2560 1413 2615 mel
1477 2560 1672 2614 dulcat
1704 2577 1804 2614 seu
1837 2559 2142 2614 dulcedine

499 2652 716 2717 afﬁcit;
751 2668 883 2706 cum
915 2649 1010 2705 ille
1065 2650 1300 2720 quidem
1360 2649 1604 2716 calidus,
1663 2648 1772 2703 hoc
1810 2665 1942 2704 vero
1974 2647 2142 2703 dulce

500 2741 598 2796 sit.
633 2741 728 2796 Sic
757 2739 938 2812 igitur
980 2740 1038 2793 in
1098 2738 1438 2794 inanimatis
1486 2737 1800 2808 qualitates
1832 2737 2141 2808 passibiles

500 2835 859 2902 spectantur.

571 2938 656 2990 14.
689 2937 749 2991 In
782 2935 1056 2990 animatis
1104 2938 1321 3004 autem,
1372 2939 1474 2988 aut
1503 2934 1826 2989 secundum
1861 2934 2139 3010 animam,

501 3029 601 3081 aut
653 3024 975 3079 secundum
1029 3039 1240 3094 corpus
1289 3022 1856 3078 animadvertuntur.
1924 3024 2144 3078 Secun-

501 3115 642 3169 dum
693 3130 922 3185 corpus,
982 3117 1046 3166 ut
1097 3112 1336 3183 nigredo
1396 3129 1521 3182 quae
1581 3112 1924 3167 naturaliter
1979 3113 2145 3168 adest

501 3202 866 3272 fEthiopibus
889 3205 947 3255 et
968 3201 1153 3254 corvis
1184 3201 1342 3269 (nam
1375 3205 1431 3254 et
1453 3200 1570 3253 bzsc
1601 3217 1829 3272 quoque
1855 3217 1924 3256 ex
1952 3201 2145 3272 aliqua

501 3292 818 3346 humorum
877 3289 1294 3360 temperatione
1352 3290 1503 3343 facta
1552 3295 1692 3355 est;
1765 3292 2144 3360 quemadmo-

2321 2205 2404 2278 ιγ’,
2438 2203 2500 2258 Εἰ
2535 2200 2591 2257 δὶ
2621 2203 2680 2256 τὸ
2714 2201 2902 2257 λευκὸν
2936 2201 3149 2276 λέγεται
3183 2200 3466 2278 διακρίνειν
3518 2202 3607 2256 καὶ
3653 2199 3858 2276 διαχέειν

2246 2295 2344 2360 τὴν
2423 2287 2564 2364 ὄψιν,
2626 2291 2921 2366 συγκρίνειν
3003 2288 3059 2345 δὲ
3133 2291 3220 2345 καὶ
3274 2291 3524 2366 συνάγὸιν
3578 2292 3638 2345 τὸ
3698 2287 3859 2362 μέλαν·

2250 2380 2375 2436 ἀλλ’
2401 2380 2461 2435 οὐ
2493 2385 2708 2434 ποιοῦσι
2757 2379 2925 2441 πάθος
2985 2381 3339 2455 παρώνυμον·
3394 2379 3455 2433 ού
3516 2378 3767 2434 λευκαίνει
3813 2379 3862 2431 τὸ

2251 2469 2465 2538 λευκὸν,
2516 2469 2576 2523 ού
2639 2466 2884 2540 μελαίντι
2941 2469 3003 2522 τὸ
3073 2466 3262 2539 μέλαν’
3308 2469 3446 2522 καθὰ
3505 2469 3566 2523 τὸ
3614 2473 3713 2541 πῦρ
3764 2468 3862 2540 θερ-

2253 2559 2452 2630 μαίνει,
2484 2558 2665 2612 καὶτὸ
2708 2556 2832 2629 μέλι
2881 2555 3182 2632 γλυκαίνει’
3231 2558 3293 2612 τὸ
3347 2558 3439 2629 μὶν
3484 2559 3677 2634 θερμὸν
3718 2555 3862 2630 ὑπάρ-

2250 2667 2378 2722 χον,
2414 2648 2476 2701 τὸ
2535 2643 2591 2700 δὲ
2657 2644 2852 2719 γλυκύ.
2913 2645 3066 2700 Οὕτω
3129 2646 3222 2717 μὶν
3283 2647 3374 2700 οὖν
3436 2645 3489 2701 ἐν
3547 2647 3769 2721 ἀψύχοις
3819 2643 3865 2696 αἱ

2249 2737 2540 2806 παθητικαὶ
2573 2739 2897 2810 θεωροῦνται
2924 2735 3234 2804 ποιότητες.

2324 2932 2408 2988 ιδ’.
2441 2933 2528 2986 Ἐν
2579 2928 2636 2986 δὲ
2670 2936 2788 2993 τοῖς
2837 2930 3110 3006 ἐμψύχοις
3160 2933 3195 3000 ἢ
3244 2930 3379 2985 κατὰ
3434 2932 3621 3006 ψυχὴν
3673 2931 3706 2998 ἢ
3755 2927 3868 2982 κατὰ

2251 3027 2410 3095 σῶμα
2449 3021 2822 3097 γινώσκονται.
2876 3021 3018 3074 Κατὰ
3064 3024 3224 3092 σῶμα
3276 3020 3390 3092 μὲν,
3425 3020 3503 3081 ὡς
3564 3022 3597 3088 ἡ
3659 3021 3868 3095 φυσικῶς

2251 3115 2524 3187 προσοῦσα
2556 3107 2782 3182 μελανία
2809 3113 2925 3170 τοῖς
2976 3108 3193 3181 Αἰθίοψι
3244 3108 3332 3162 καὶ
3381 3114 3496 3170 τοῖς
3552 3107 3750 3183 κόραξι·
3795 3105 3868 3159 καὶ

2253 3200 2386 3270 αὕτη
2430 3201 2530 3275 γὰρ
2583 3198 2642 3252 ἐκ
2695 3203 2858 3259 ποιᾶς
2940 3197 3181 3272 κράσεως
3235 3199 3425 3273 γέγονε
3501 3203 3606 3251 τῶν
3677 3199 3870 3272 χυμῶν,

2255 3289 2433 3363 ὥσπερ
2489 3287 2577 3341 καὶ
2634 3289 2668 3355 ἡ
2729 3286 2788 3340 ἐκ
2841 3293 3066 3361 γενετῆς
3123 3286 3380 3361 ὠχρότης
3432 3287 3526 3341 καὶ
3588 3284 3874 3363 ἐρυθρότηςς

502 3381 641 3435 dum
673 3385 731 3433 et
759 3378 1102 3450 congenitus
1146 3376 1333 3448 pallor
1391 3383 1446 3431 et
1502 3379 1738 3444 rubedo,
1797 3380 2141 3446 secundum,

2260 3379 2370 3433 καθ’
2401 3360 2463 3438 ἃς
2494 3375 2694 3452 ὠχρίαι
2726 3375 2814 3428 καὶ
2859 3360 3106 3451 νέρυθρίαι
3166 3360 3458 3446 κέκληνταί
3517 3360 3672 3437 τινες·
3724 3376 3756 3442 ἣ
3802 3360 3878 3425 καῖ

503 3487 628 3541 quae
686 3468 862 3538 aliqui
919 3472 974 3521 et
1030 3465 1230 3538 pallidi
1277 3473 1334 3520 et
1381 3468 1515 3520 rufﬁ
1572 3467 1754 3521 vocati
1798 3468 1981 3536 sunt),
2043 3473 2144 3523 aut

502 3558 674 3613 etiam
705 3556 787 3610 illi
821 3555 1067 3628 pallores
1102 3556 1159 3608 in
1192 3556 1546 3626 nigredines,
1596 3573 1722 3626 qua:
1755 3563 1989 3628 propter
2018 3557 2143 3611 lon-

503 3663 642 3718 gum
675 3645 966 3708 morbum,
1002 3649 1099 3697 aut
1144 3643 1586 3698 continuitatem
1637 3645 1964 3700 adustionis
2015 3664 2141 3718 per-

503 3739 806 3790 manentes
857 3738 912 3789 et
968 3732 1281 3788 difﬁculter
1329 3732 1570 3788 mobiles
1622 3734 1787 3787 ﬁunt.
1834 3735 2144 3791 Passibiles

502 3829 691 3878 autem
727 3824 1050 3878 secundum
1086 3823 1342 3876 animam
1375 3824 1686 3894 qualitates
1709 3828 1866 3893 sunt,
1903 3832 1966 3877 ut
1996 3825 2146 3879 insa-

505 3912 602 3966 nia
632 3916 688 3965 et
718 3911 1020 3965 iracundia
1073 3920 1128 3964 et
1177 3927 1538 3981 quaecunque
1571 3910 1695 3964 alia
1726 3913 2144 3968 commotiones

2253 3464 2371 3519 ὅσαι
2414 3462 2503 3518 διὰ
2549 3463 2702 3517 νόσον
2739 3465 2964 3538 μακρὰν,
2996 3465 3030 3532 ἣ
3058 3465 3336 3540 συνέχειαν
3388 3465 3686 3537 καύματος,
3718 3458 3875 3535 ὠχρό-

2253 3574 2408 3624 τητες
2444 3553 2532 3606 καὶ
2583 3550 2944 3624 μελανότητες
3004 3551 3379 3625 παραμόνιμοι
3437 3554 3530 3606 καὶ
3591 3549 3872 3617 δυσκίνητοι

2253 3642 2510 3718 γίνονται.
2546 3641 2844 3711 Παθητικαὶ
2901 3638 2958 3695 δὲ
3014 3641 3148 3695 κατὰ
3203 3643 3389 3716 ψυχὴν
3420 3641 3729 3710 ποιότητες,
3756 3636 3872 3703 ὡςὴ

2259 3730 2418 3804 μανία
2471 3731 2560 3785 καὶ
2617 3732 2652 3798 ἡ
2717 3730 2878 3806 ὀργὴ,
2939 3729 3026 3784 καὶ
3085 3729 3202 3784 ὅσαι
3265 3728 3429 3785 ἄλλαι
3495 3729 3756 3788 ἐκστάσεις
3810 3724 3874 3795 μὴ

2255 3825 2510 3899 φυσικῶς,
2567 3818 2694 3874 ἀλλ’
2747 3818 2850 3873 ἀπό
2905 3839 3065 3872 τινων
3130 3818 3552 3891 συμπτωμάτων
3610 3815 3866 3893 γεγένηται

2255 3907 2701 3964 δυσαπάλλακτοι
2734 3905 2912 3976 οὖσαι,
2943 3909 2977 3976 ἢ
3011 3906 3102 3962 καί
3131 3906 3276 3968 ὅλως
3309 3907 3588 3977 ἀκίνητος.

504 4000 719 4056 mentis
745 4018 859 4054 non
892 3999 1239 4054 naturaliter
1268 4001 1368 4054 sed
1403 4016 1435 4053 a
1465 4000 1817 4070 quibusdam
1855 4003 2091 4057 casibus
2121 4006 2261 4057 orta
2292 4004 2449 4065 sunt,
2483 4016 2616 4054 cum
2665 3998 2982 4054 difﬁculter
3028 3999 3242 4054 mutari
3296 3997 3548 4070 possint,
3597 3996 3679 4054 vel
3731 3994 3881 4052 etiam

505 4107 748 4161 prorsus
777 4088 1054 4143 dimoveri
1089 4093 1400 4158 nequeant.

577 4198 730 4252 306
764 4197 844 4251 15.
890 4195 1198 4250 Passiones
1232 4199 1424 4250 autem
1457 4195 1757 4265 dicuntur,
1789 4214 2151 4269 quacunque

507 4291 564 4340 et
596 4285 761 4340 facile
791 4284 1192 4339 dissolvuntur
1221 4288 1277 4338 et
1306 4283 1416 4338 cito
1446 4288 1773 4339 mutantur.

579 4393 664 4446 12.
724 4392 792 4446 Et
858 4392 918 4444 in
979 4388 1321 4444 inanimatis
1378 4389 1615 4460 quidem
1674 4392 2028 4447 adventitius
2086 4392 2146 4446 in

505 4498 655 4552 aqua
687 4480 863 4546 calor,
923 4480 1117 4550 passio
1148 4484 1234 4533 est
1287 4495 1298 4532 :
1361 4484 1424 4533 ut
1455 4478 1512 4532 in
1569 4478 1842 4535 animatis
1873 4496 2025 4548 vero,
2061 4498 2149 4536 se-

503 4571 763 4626 cundum
797 4570 1054 4624 animam
1102 4569 1361 4639 quidem,
1397 4571 1460 4622 ut
1507 4569 1591 4622 ira
1623 4569 1882 4638 fortuita,
1915 4570 2070 4624 velut
2100 4571 2149 4626 si

503 4659 633 4730 quis
667 4659 852 4713 iratus
885 4658 1055 4712 fuerit
1086 4662 1319 4728 propter
1359 4656 1581 4728 aliquid
1643 4675 1844 4712 eorum
1878 4676 2007 4729 quae
2036 4658 2149 4731 ipsi

502 4750 758 4804 absurda
788 4749 912 4803 visa
941 4752 1078 4802 sunt
1112 4747 1404 4802 incitatus.
1433 4747 1654 4801 Etenim
1688 4749 1801 4801 cito
1833 4747 2045 4802 iterum
2077 4748 2149 4802 ad

2333 4198 2409 4251 ιε’.
2460 4194 2611 4264 Πάθη
2659 4191 2716 4247 δὲ
2773 4193 3044 4268 λέγονται,
3082 4191 3253 4248 ὁπόσα
3303 4190 3506 4268 ῥᾳδίως
3553 4212 3610 4246 τε
3663 4185 3879 4245 διαλύον-

2257 4306 2343 4338 ται
2377 4284 2465 4338 καὶ
2495 4282 2638 4358 ταχὺ
2675 4277 3103 4355 μεταϐάλλουσι.

2336 4393 2418 4455 ις’.
2471 4390 2569 4445 Καὶ
2617 4390 2693 4451 ὡς
2741 4390 2834 4462 μὲν
2889 4389 2941 4444 ἐν
2999 4389 3234 4466 ἀψύχοις
3283 4391 3316 4458 ἠ
3371 4389 3422 4444 ἐν
3474 4386 3628 4444 ὕδατι
3687 4384 3879 4448 ἐπίκτη-

2260 4500 2349 4541 τος
2383 4478 2556 4554 Θέρμη
2589 4479 2763 4540 πάθος
2823 4477 2985 4533 ἐστίν·
3019 4479 3094 4540 ὡς
3127 4475 3173 4532 δ’
3204 4477 3255 4532 ἐν
3313 4476 3594 4554 ἐμψύχοις
3647 4474 3773 4530 κατᾶ
3803 4469 3878 4543 μὲν

2259 4569 2442 4642 ψυχὴν
2475 4570 2509 4636 ἡ
2542 4569 2677 4622 κατά
2703 4588 2823 4621 τινα
2859 4567 3036 4643 τύχην
3088 4567 3243 4643 ὀργή”
3302 4567 3413 4621 οἷον
3476 4565 3626 4642 εἷ’περ
3682 4583 3760 4624 τις
3811 4558 3884 4632 ὁρ·

2258 4657 2488 4732 γισθείη,
2543 4653 2633 4710 διά
2684 4678 2734 4711 τι
2783 4661 2891 4711 τῶν
2959 4656 3104 4728 αὐτῷ
3149 4653 3414 4726 δοξάντων
3478 4655 3689 4710 ἀτόπων
3740 4667 3882 4724 παρο-

2260 4745 2484 4818 ξυνθείς.
2518 4743 2688 4799 Πάλιν
2719 4748 2822 4820 γὰρ
2853 4744 3066 4821 ταχέως
3121 4745 3196 4807 εἷς
3255 4747 3354 4814 τήν
3414 4743 3679 4820 προτέραν
3721 4738 3877 4818 φθάνει

502 4839 754 4908 priorem
807 4853 867 4890 se
918 4836 1122 4906 recipit
1171 4839 1428 4901 statum;
1465 4835 1617 4889 unde
1674 4852 1776 4889 nec
1827 4835 2002 4890 etiam
2048 4837 2144 4906 qui

2260 4836 2592 4890 κατάστασιν.
2624 4838 2776 4897 Ὅθεν
2837 4831 2951 4889 οὐδ’
3005 4832 3227 4910 ὀργίλος
3271 4835 3298 4888 ὁ
3327 4838 3579 4894 τοιοῦτος
3637 4829 3873 4885 καλεῖται’

503 4927 792 4995 ejusmodi
874 4931 962 4980 est
1030 4925 1346 4979 iracundus
1432 4929 1691 4993 vocatur,
1777 4925 1876 4979 sed
1962 4925 2146 4980 iratus

503 5014 686 5068 fuisse
743 5013 974 5069 dicitur.
1052 5016 1124 5068 At
1181 5014 1504 5068 secundum
1572 5029 1782 5084 corpus
1840 5014 2147 5082 passiones

505 5103 801 5168 dicuntur,
833 5107 889 5156 et
918 5103 1106 5174 pallor
1135 5105 1206 5158 ob
1239 5108 1460 5158 metum
1493 5107 1548 5156 et
1578 5102 1757 5157 robur
1781 5102 1854 5158 ob
1881 5119 2151 5158 verecun-

504 5191 683 5246 diam.

575 5297 891 5353 17.Etenim
923 5296 1108 5367 pallor
1126 5298 1373 5367 quidem
1407 5299 1478 5352 ob
1511 5302 1735 5352 metum
1767 5297 1833 5352 ﬁt
1865 5298 2149 5368 sanguine

499 5389 571 5444 ad
595 5404 693 5442 cor
718 5390 779 5440 ut
799 5388 866 5440 ad
892 5387 1191 5457 proprium
1227 5403 1398 5440 suum
1435 5393 1769 5442 recurrente
1792 5387 2146 5458 principium

498 5483 554 5533 et
587 5494 701 5530 non
735 5475 988 5546 amplius
1034 5479 1348 5545 apparente
1382 5476 1436 5527 in
1472 5476 1796 5546 superficie.
1823 5477 1982 5541 Quod
2015 5493 2148 5531 con-

493 5567 670 5639 tingit
696 5567 870 5620 etiam
905 5564 1022 5617 illis
1053 5563 1152 5633 qui
1186 5563 1329 5617 alias
1360 5565 1646 5634 sanguine
1682 5565 1948 5620 exhausti
1984 5570 2140 5620 sunt.

495 5658 601 5723 Qui
634 5659 829 5710 autem
861 5657 1097 5723 propter
1149 5651 1431 5722 pudorem
1483 5653 1680 5718 robur,
1713 5652 1975 5707 oboritur
2005 5672 2143 5709 san-

496 5748 675 5821 guine
707 5763 740 5800 a
770 5744 940 5800 corde
972 5743 1040 5798 ad
1102 5741 1468 5812 superﬁciem
1511 5741 1833 5812 prodeunte
1863 5748 1919 5796 et
1969 5745 2146 5799 veluti

499 5839 838 5897 obstruente
888 5832 1060 5907 (parti
1118 5829 1347 5900 animm}
1395 5828 1724 5903 principali,
1761 5833 2148 5905 tenebrasque

2258 4923 2383 4978 ἀλλ’
2414 4924 2495 4977 ὅτι
2527 4923 2772 4999 ὠργίσθη
2825 4924 3061 4999 λέγεται.
3099 4925 3242 4978 Κατὰ
3301 4928 3461 4996 σῶμα
3521 4920 3579 4977 δὲ
3628 4922 3765 4987 πάθη
3812 4912 3881 4970 λέ-

2259 5034 2443 5087 γονται
2472 5012 2509 5082 ἤ
2550 5034 2608 5068 τε
2648 5011 2736 5068 διὰ
2777 5008 2944 5091 φόϐον
2997 5012 3286 5088 ὠχρίασις,
3318 5013 3406 5068 καὶ
3437 5015 3472 5082 ἡ
3505 5009 3576 5066 δι’
3607 5006 3738 5064 αίδὼ
3779 5003 3877 5078 ἐρυ-

2261 5101 2492 5175 θρίασις.

2335 5300 2417 5367 ιζ’.
2449 5299 2512 5354 Ἠ
2545 5300 2610 5371 μὶ
2664 5298 2763 5374 γὰρ
2827 5296 2917 5352 διὰ
2981 5292 3162 5376 φόϐον
3226 5297 3497 5373 ὠχρίασις
3554 5295 3750 5371 γίνεται
3802 5287 3880 5342 τοῦ

2260 5382 2486 5459 αἶ’ματος
2521 5385 2607 5440 ἐπὶ
2650 5387 2749 5454 τὴν
2799 5375 3018 5458 καρδίαν
3068 5387 3140 5447 ὡς
3195 5384 3282 5439 ἐπὶ
3325 5387 3423 5453 τὴν
3473 5383 3670 5439 οἰκείαν
3726 5375 3878 5452 ἀρχὴν

2259 5474 2666 5549 ἀνατρέχοντος,
2720 5476 2808 5528 καὶ
2862 5473 3053 5546 μηκέτι
3101 5479 3169 5548 τῇ
3223 5473 3506 5552 ἐπιφανείᾳ
3557 5460 3881 5548 διαφαινομέ-

2258 5585 2374 5632 νου,
2428 5562 2558 5638 δπερ
2612 5559 2892 5634 συμϐαίνει
2941 5563 3030 5616 καὶ
3083 5569 3199 5624 τοῖς
3248 5561 3436 5624 ἄλλως
3485 5560 3714 5634 α’ίματος
3757 5569 3883 5606 κεκε⁸

2257 5653 2543 5725 νωμένοις·
2596 5653 2630 5720 ἡ
2678 5648 2735 5705 δὲ
2784 5649 2851 5706 δι’
2899 5651 3162 5727 αἰσχύνην
3211 5649 3516 5727 ἐρυθρίασις
3567 5648 3760 5723 γίνεται
3803 5639 3883 5694 τοῦ

2257 5741 2485 5814 α’ίματος
2517 5740 2621 5794 ἀπὸ
2649 5742 2746 5809 τῆς
2775 5738 2997 5816 καρδίας
3047 5739 3132 5794 ἐπὶ
3184 5742 3282 5809 τὴν
3333 5738 3637 5817 ἐπιφάνειαν
3689 5728 3883 5817 προϊόνῖ-

2254 5853 2369 5901 τος,
2426 5831 2515 5886 καὶ
2571 5829 2749 5905 ὥσπερ
2809 5829 3262 5907 ἐπιπροσθοῦντος
3311 5834 3389 5903 τῷ
3441 5825 3765 5902 ἡγεμονικῷ,
3804 5813 3879 5873 καὶ
