4108 6466
288 429 405 490 849

1644 434 1991 496 EPITOME
2037 437 2341 498 LOGICA.

3573 437 3690 501 850

286 557 699 620 ἐπισκοτοῦντος
782 564 860 631 τῷ
947 559 1220 615 ὁπενθόντι
1304 561 1440 616 κατὰ
1513 564 1609 632 τὴν
1693 561 1929 619 διάνοιαν

2057 568 2384 625 effundente
2412 570 2802 641 subingressae
2833 569 3161 625 secundum
3193 574 3450 626 mentem
3497 573 3686 643 turpi-

284 648 502 724 αίσχρῷ
533 647 601 703 δι’
633 645 792 705 αὶδώ.

359 757 452 826 ιη’.
486 756 624 810 Φασὶ
655 760 782 832 γοῦν
816 754 898 810 ὅτι
928 757 1019 810 καὶ
1049 759 1424 828 κισσουμὲνοις
1464 757 1612 834 εἴπερ
1656 761 1711 813 αἱ
1751 764 1934 813 τοιαῦ-

281 866 372 900 ται
401 845 646 920 γένοιντο
706 843 1026 919 συνδρομαὶ,
1061 843 1130 899 δι’
1161 845 1336 909 αἶ’τίας
1397 847 1586 909 ὁποίας
1646 846 1710 918 δή
1768 869 1935 919 τινας,

283 938 510 990 τοιαῦτα
566 934 762 1011 φυσικά
815 934 1058 1008 γίνεσθαι
1116 935 1408 1011 χρώματα.
1470 935 1568 991 Καί
1636 959 1720 998 τις
1797 939 1934 1011 γυνὴ

283 1021 504 1098 λέγεται
553 1027 631 1094 τῷ
685 1026 857 1099 καιρῷ
910 1023 1008 1090 τῆς
1069 1021 1397 1096 συλλήψεως
1449 1022 1684 1079 Αἰθίοπα
1740 1046 1934 1102 φαντα-

288 1115 469 1168 σθεῖσα
517 1110 650 1186 (καὶ)
695 1113 822 1185 μήτ’
869 1110 1068 1184 Αἰθίοψ
1118 1112 1269 1185 οὖσα,
1308 1115 1435 1185 μήτ’
1479 1114 1698 1171 Αἰθίοπι
1747 1135 1934 1189 συγγι-

285 1223 347 1259 νο
357 1203 514 1276 μὲνη,
544 1206 714 1255 τεκεῖν
743 1199 996 1258 Αἰθίοπα.

364 1381 446 1443 ιθ’.
478 1377 664 1433 Τοίνυν
706 1381 742 1448 ἠ
795 1375 884 1432 διὰ
927 1373 1092 1457 φόϐον
1138 1379 1424 1456 ὠχρίασις,
1454 1381 1546 1435 καὶ
1596 1382 1631 1450 ἡ
1683 1378 1752 1435 δι’
1799 1377 1934 1435 αίδὼ

286 1467 617 1543 ἐρυθρίασις,
647 1469 793 1538 πάθη
847 1467 1092 1544 λέγονται
1155 1466 1243 1522 διὰ
1294 1469 1356 1523 τὸ
1416 1468 1688 1539 εὐκίνητόν
1742 1491 1800 1524 τε
1845 1470 1934 1524 καὶ

286 1552 689 1627 εὖαπόόλητον.
720 1558 812 1611 Διὸ
844 1555 969 1612 οὐδὲ
997 1556 1048 1628 ἐξ
1087 1557 1260 1613 αὐτῶν
1318 1557 1665 1635 παρωνύμως
1721 1557 1932 1634 ὠχρίας

282 1647 319 1714 ἣ
348 1645 594 1722 ἐρυθρίας
625 1645 853 1702 καλοῦσι
882 1645 1009 1709 τοὺς
1037 1647 1368 1722 πάσχοντας.

355 1824 420 1878 κ’.
454 1823 716 1900 Τέταρτον
779 1821 920 1885 εἶδος
965 1823 1284 1895 ποιότητος,
1327 1830 1520 1900 σχῆμα
1573 1823 1662 1879 καὶ
1720 1827 1756 1893 ἡ
1809 1823 1932 1900 περὶ

2043 657 2234 712 tudini
2276 664 2512 731 propter
2539 657 2975 714 verecundiam.

2116 766 2203 819 18.
2236 767 2415 821 Aiunt
2444 767 2625 838 igitur
2655 771 2713 822 et
2742 767 2814 820 iis
2847 767 2945 837 qui
2977 766 3407 837 concipiuntur,
3444 766 3493 820 si
3538 767 3684 823 tales

2045 853 2550 926 qualibuscumque
2572 856 2642 910 de
2671 856 2863 910 causis
2886 856 3298 911 concursiones
3321 855 3683 929 (humorum)

2045 943 2329 1008 eveniant,
2351 945 2498 1000 207
2524 943 2813 1013 ejusmodi
2844 943 3064 998 colores
3095 943 3390 998 naturales
3420 945 3680 1001 evadere.

2044 1031 2112 1085 Et
2171 1031 2380 1086 mulier
2434 1033 2699 1104 quaedam
2769 1049 2900 1087 cum
2969 1037 3229 1103 tempore
3285 1033 3683 1104 conceptionis

2042 1120 2366 1191 [Ethiopem
2389 1121 2709 1193 imaginata
2729 1121 2935 1177 fuisset
2955 1126 3011 1176 et
3033 1138 3220 1192 neque
3241 1122 3506 1194 [Ethiops
3529 1128 3684 1179 esset

2043 1225 2232 1281 neque
2262 1225 2393 1266 cum
2422 1210 2685 1281 IEthiope
2715 1210 3210 1280 commisceretur,
3236 1211 3559 1284 Ethiopem
3590 1228 3687 1284 pe-

2042 1297 2264 1369 perisse
2293 1299 2521 1353 dicitur.

2116 1387 2199 1442 19.
2235 1388 2380 1459 Ergo
2411 1388 2598 1460 pallor
2627 1388 2698 1443 ob
2733 1393 2953 1443 metum
2994 1394 3050 1444 et
3096 1389 3274 1444 rubor
3304 1390 3376 1444 ob
3407 1406 3680 1446 verecun-

2043 1476 2220 1547 diam,
2256 1483 2557 1548 propterea
2588 1479 2744 1549 quod
2776 1476 2942 1532 facile
2973 1483 3030 1533 et
3058 1482 3402 1533 amoventur
3431 1482 3488 1534 et
3516 1478 3684 1534 facile

2042 1565 2419 1637 abjiciuntur,
2451 1567 2753 1638 passiones
2785 1567 3079 1621 dicuntur.
3115 1568 3238 1631 Qua
3269 1569 3339 1623 de
3369 1584 3546 1622 causa
3578 1583 3683 1623 nec

2041 1667 2110 1709 ex
2139 1653 2256 1708 illis
2286 1654 2531 1726 pallidos
2555 1660 2656 1710 aut
2684 1656 2865 1710 ruﬂ‘os
2887 1656 3312 1711 denominative
3330 1660 3560 1725 vocant,
3584 1672 3682 1712 eos

2042 1741 2142 1814 qui
2173 1742 2516 1815 patiuntiur.

2111 1831 2200 1887 20.
2237 1832 2454 1897 Quarta
2485 1833 2708 1905 species
2739 1833 3036 1905 qualitatis
3081 1838 3169 1889 est
3212 1834 3418 1907 ﬁgura,
3451 1838 3507 1890 et
3552 1851 3679 1907 quae

281 1909 506 1968 ἕκαστον
567 1912 944 1990 ἐνυπάρχουσα
1004 1915 1212 1992 μορφὴ,
1269 1909 1347 1968 ἔτι
1404 1910 1462 1967 δὲ
1512 1913 1648 1989 πρὸς
1716 1911 1930 1975 τούτοις

2057 1920 2358 1993 inicuique
2387 1922 2468 1977 rei
2497 1922 2651 1978 inest
2689 1923 2894 1979 forma.
2929 1923 3172 1995 Insuper
3215 1924 3285 1979 ad
3337 1923 3458 1978 haec
3511 1924 3678 1979 recti-

283 2002 510 2073 εὐθύτης
550 2003 640 2057 καὶ
679 2001 1064 2075 καμπυλότης,
1096 2001 1187 2057 καὶ
1234 2002 1301 2056 τὰ
1349 2001 1563 2063 τούτοις
1612 2000 1796 2074 ὅμοιαο
1843 2004 1933 2056 οἷα

280 2092 350 2146 τὰ
377 2088 644 2160 κωνοειδῆ
676 2090 765 2145 καὶ
818 2088 1092 2160 ἑλικοειδῆ
1141 2090 1230 2145 καὶ
1288 2089 1571 2169 φακοειδῆ.
1601 2095 1776 2145 Ταῦτα
1829 2095 1930 2166 γὰρ

281 2181 456 2235 πάντα
500 2185 580 2252 τῷ
624 2179 864 2255 τετάρτῳ
911 2187 1012 2250 τῆς
1060 2179 1354 2249 ποιότητος
1403 2176 1532 2234 εἷ’δει
1590 2179 1928 2254 συνάγονται.

352 2362 450 2411 κα’.
495 2363 702 2433 Σχῆμα
733 2354 792 2412 δὲ
814 2357 903 2411 καὶ
941 2359 1124 2435 μορφὴ
1158 2355 1562 2415 διαλλάττουσι.

351 2446 457 2521 κβ’.
489 2447 589 2500 Καὶ
648 2452 843 2521 σχῆμα
897 2448 992 2518 μὲν
1051 2444 1162 2500 ἔστι
1218 2446 1279 2500 τὸ
1337 2445 1439 2501 ὑπό
1495 2445 1710 2514 τινος-ἤ
1769 2467 1928 2501 τινων

282 2531 426 2610 ὅρων
473 2533 887 2611 περιεχόμενον.
936 2535 1183 2604 Ληπτὲον
1239 2537 1328 2590 καὶ
1401 2539 1583 2606 τοῦτο,
1642 2535 1777 2591 κατὰ
1829 2537 1929 2604 τὴν

281 2624 441 2678 ποιὰν
468 2630 571 2693 τῆς
603 2622 913 2700 ἐπιφανείας
944 2624 1376 2699 ἀποπεράτωσιν.

350 2803 452 2878 κγ’,
484 2803 547 2857 Ἡ
579 2799 636 2856 δὲ
669 2803 853 2880 μορφὴ
908 2799 1079 2879 διχῶς
1128 2802 1360 2878 λέγεται·
1425 2804 1609 2880 μορφή
1662 2802 1761 2879 γάρ
1821 2802 1930 2858 ἐστι

277 2891 370 2945 καὶ
410 2890 476 2945 τὸ
524 2888 872 2946 εἰδικώτατον
921 2888 1086 2962 εἶδος,
1118 2893 1243 2965 περὶ
1286 2891 1352 2945 οὗ
1409 2897 1500 2946 νῦν
1556 2891 1655 2946 ούκ
1710 2888 1849 2946 ἔστιν
1901 2893 1930 2945 ὁ

281 2978 468 3056 λόγος.
521 2981 718 3056 Μορφὴ
783 2979 998 3056 λέγεται
1062 2981 1152 3034 καὶ
1201 2981 1264 3035 τὸ
1310 2981 1433 3056 περὶ
1479 2983 1576 3049 τὴν
1621 2981 1928 3058 ἐπιφάνειαν

281 3067 701 3146 ἐπιφαινόμενον
750 3070 905 3123 ποιὸν
949 3069 1205 3143 τύπωμα,
1259 3069 1531 3124 τουτέστιν
1585 3073 1618 3140 ἡ
1669 3069 1784 3124 ἶδὲα
1840 3069 1929 3124 καὶ

281 3158 644 3232 ὁχαρακτήρ’
700 3159 831 3212 καθὸ
860 3156 1001 3212 καλά
1053 3179 1173 3212 τινα
1227 3159 1315 3212 καὶ
1365 3157 1612 3237 εὔμορφα
1669 3157 1926 3233 λὲγομεν,

280 3247 316 3315 ἣ
357 3242 574 3314 δυσειδῆ
643 3245 733 3300 καὶ
801 3243 1103 3322 δύσμορφα·
1163 3248 1286 3322 περὶ
1342 3246 1536 3302 τούτου
1594 3252 1685 3301 νῦν
1746 3249 1773 3301 ὁ
1836 3247 1928 3302 λό-

277 3355 393 3411 γος.

346 3420 446 3481 κδ’.
484 3423 605 3478 Ἐπὶ
639 3424 733 3496 μὲν
767 3421 858 3477 οὖν
906 3428 1014 3479 τῶν
1073 3429 1309 3502 φυσικῶν
1366 3424 1615 3479 τάττουσι
1670 3426 1734 3480 τὸ
1792 3428 1929 3501 σχῆ-

283 3532 358 3584 μα
406 3512 496 3566 καὶ
544 3513 644 3580 τήν
707 3513 1039 3590 μορφὴν,τὸ
1099 3520 1292 3588 σχῆμα
1349 3510 1407 3568 δε
1456 3514 1618 3586 μόνον
1677 3513 1764 3568 ἐπὶ
1819 3518 1925 3568 τῶν

284 3605 703 3674 μαθηματικῶν,
752 3603 1046 3678 τριγώνου,
1095 3603 1460 3678 τετραγώνου,
1505 3603 1594 3657 καὶ
1648 3607 1754 3657 τῶν
1809 3601 1927 3657 λοι-

279 3710 422 3744 πων.

353 3786 444 3835 κε’.
497 3777 744 3848 Εὖθύτης
803 3776 859 3833 δὲ
925 3778 1140 3855 λέγεται
1187 3783 1222 3849 ἡ
1268 3779 1520 3856 ὀρθότης,
1570 3780 1660 3835 καὶ
1708 3801 1930 3854 καμπυ-

284 3865 455 3936 λότης
521 3869 556 3936 ἡ
627 3861 982 3942 στρεϐλότης·
1040 3867 1132 3944 ἀφ”
1197 3868 1270 3921 ὧν
1340 3868 1515 3924 εὐθεῖα
1572 3865 1784 3944 λέγεται
1842 3869 1930 3922 καὶ

281 3952 548 4028 καμπύλη
582 3957 836 4031 γραμμή·

352 4062 453 4124 κς’.
485 4061 562 4118 Τὸ
609 4061 786 4136 τραχὺ
828 4061 918 4114 καὶ
963 4063 1026 4115 τὸ
1076 4060 1222 4116 λεῖον
1273 4057 1469 4140 ἔφασάν
1518 4084 1660 4126 τινες
1710 4064 1934 4134 ποιότη-

281 4171 378 4211 τας
429 4149 584 4203 εἶναι·
634 4151 804 4212 θέσεις
851 4147 908 4204 δὲ
960 4148 1171 4223 μᾶλλον
1219 4148 1484 4223 δοκοῦσιν,
1538 4152 1666 4227 οὐχὶ
1713 4152 1935 4221 ποιότη-

282 4259 393 4300 τες.
425 4243 582 4293 Λεῖον
645 4240 737 4312 μὲν
792 4241 894 4314 γάρ
952 4238 1115 4306 ἐστιν,
1149 4240 1210 4294 οὗ
1237 4240 1305 4293 τὰ
1365 4239 1531 4314 μόρια
1587 4240 1669 4295 ἐπ’
1708 4240 1933 4304 ἐὐθείας

286 4327 478 4396 ἐπίσης
535 4333 725 4382 κεῖται·
789 4328 861 4390 ὡς
912 4327 999 4382 ἐπὶ
1059 4333 1166 4382 τῶν
1225 4329 1637 4400 ἀποτεταμένων
1720 4331 1934 4405 μαρμά-

285 4437 416 4489 ρων.
466 4415 649 4492 Τραχὺ
700 4414 757 4471 δὲ
807 4417 869 4470 οὗ
923 4418 999 4490 μὴ
1052 4417 1243 4488 ἐπίσης
1293 4423 1486 4486 κεῖται,
1521 4416 1666 4473 ἀλλᾶ
1711 4420 1779 4473 τὰ
1840 4419 1932 4491 μὲν

285 4504 563 4581 ὑπερέχει,
593 4506 661 4559 τὰ
724 4506 736 4527 ’
770 4503 1034 4560 ἐλλείπει⁹
1078 4507 1154 4568 ὡς
1186 4504 1274 4560 ἐπὶ
1303 4511 1401 4561 τοῦ
1430 4505 1675 4581 πρίονος.

355 4773 453 4840 κζ’.
482 4771 554 4826 Τὸ
584 4770 750 4845 μανὸν
781 4769 838 4826 δὲ
866 4771 1048 4826 καὶτὸ
1092 4773 1291 4826 πυκνὸν
1344 4771 1431 4826 ἐπὶ
1485 4773 1578 4844 μὲν
1628 4777 1736 4827 τῶν
1788 4795 1937 4827 στοι-

284 4859 452 4937 χείων
539 4859 886 4937 θεωρούμενα
943 4860 1234 4930 ποιότητες
1293 4861 1426 4915 εἰσιν
1489 4860 1770 4923 οὐσιώδεις
1847 4863 1938 4917 καὶ

286 4949 524 5029 φυσικαί·
551 4954 650 5004 τοῦ
699 4951 800 5025 γὰρ
857 4949 1016 5026 ἇὲρος
1069 4951 1158 5004 καὶ
1213 4956 1312 5005 τοῦ
1367 4950 1540 5025 πυρὸς
1699 4953 1936 5024 μανότης

285 5038 393 5109 ὅλη
429 5035 498 5092 δι’
548 5037 694 5094 ὅλων
741 5037 914 5093 αὐτῶν
970 5036 1373 5115 διακεχώρηκεν
1424 5037 1702 5102 ούσιωδῶς
1746 5062 1805 5095 τε
1848 5039 1936 5094 καὶ

286 5132 548 5204 φυσικῶς·
583 5126 765 5203 ὥσπερ
793 5128 881 5182 καὶ
910 5130 946 5198 ἡ
977 5127 1252 5197 πυκνότης
1291 5133 1388 5182 τοῦ
1441 5125 1634 5190 ὕδατος
1693 5129 1782 5183 καὶ
1837 5137 1936 5197 τῆς

285 5224 412 5294 γῆς·
449 5215 536 5271 ἐπὶ
570 5214 627 5272 δὲ
671 5221 779 5271 τῶν
840 5215 1026 5273 ἄλλων
1085 5218 1351 5290 σωμάτων
1405 5217 1574 5280 θέσεις
1634 5218 1936 5294 ὑπάρχουσι

285 5305 351 5361 τὸ
404 5305 567 5378 μανόν
613 5327 672 5361 τε
719 5305 807 5360 καὶ
850 5306 912 5360 τὸ
959 5305 1179 5362 πυκνόν.
1216 5305 1312 5360 Καὶ
1368 5307 1566 5360 πυκνὸν
1630 5308 1723 5380 μὶν
1773 5303 1937 5379 ἔστιν,

288 5391 354 5449 οὗ
397 5392 467 5448 τὰ
518 5394 682 5469 μόρια
729 5394 984 5470 σύνεγγυς
1031 5400 1200 5449 κεῖται
1256 5395 1330 5468 μὴ
1384 5392 1679 5467 δυναμένου
1736 5417 1940 5472 παρεμ-

286 5481 502 5537 πίπτειν
567 5482 760 5555 μεταξὺ
815 5483 1023 5538 τούτων
1101 5483 1287 5557 ἕτερου
1373 5485 1648 5555 σώματος·
1702 5486 1774 5545 ὡς
1823 5481 1936 5559 ἔχει

285 5569 498 5648 χαλκός
527 5592 587 5626 τε
614 5572 704 5626 καὶ
730 5570 974 5647 σίδηρος.
1010 5572 1188 5628 Μανὸν
1242 5569 1300 5625 δὲ
1349 5573 1412 5625 τὸ
1456 5573 1570 5626 οἷον
1621 5574 1695 5645 μὴ
1745 5573 1800 5627 ἓν
1855 5575 1936 5643 ὃν,

289 5658 418 5714 ἀλλ’
466 5657 594 5736 ἔχον
638 5661 728 5714 ἀπ’
774 5659 1041 5730 ἀλλήλων
1104 5657 1424 5729 διεστηκότα
1479 5662 1546 5713 τὰ
1607 5660 1791 5734 μόρια,
1849 5663 1938 5715 καὶ

289 5749 426 5826 πρὸς
474 5746 760 5824 ὑποδοχὴν
817 5750 998 5823 ἒτὲρου
1050 5751 1299 5822 σώματος
1351 5749 1649 5819 ἐπιτήδεια·
1704 5750 1937 5827 καθάπερ

2039 2011 2184 2065 tudo
2213 2015 2269 2065 et
2297 2011 2571 2079 curvitas,
2605 2015 2662 2066 et
2690 2029 2816 2083 qua
2847 2016 2986 2067 sunt
3014 2011 3229 2067 similia
3261 2028 3274 2065 :
3315 2015 3382 2066 ut
3409 2029 3536 2083 qua
3562 2016 3680 2067 tur-

2041 2098 2196 2154 binis
2252 2103 2311 2155 et
2365 2100 2590 2168 helicis,
2640 2104 2695 2156 et
2750 2100 2925 2156 lentis
2973 2101 3222 2173 ﬁguram
3270 2101 3506 2156 habent.
3549 2101 3679 2156 Haec

2040 2187 2198 2244 enim
2230 2188 2429 2244 omnia
2475 2190 2546 2244 ad
2596 2193 2868 2262 quartam
2901 2189 3154 2262 speciem
3184 2189 3485 2260 qualitatis
3519 2190 3680 2247 colli-

2040 2280 2279 2349 guntur.

2109 2366 2198 2421 21.
2233 2366 2515 2422 Diﬂ‘erunt
2543 2371 2738 2422 autem
2758 2367 2947 2440 ﬁgura
2976 2371 3033 2423 et
3061 2367 3266 2423 forma.

2108 2455 2198 2510 22.
2231 2456 2300 2512 Et
2329 2457 2518 2528 ﬁgura
2548 2455 2786 2527 quidem
2816 2459 2924 2524 est,
2959 2473 3085 2529 quae
3119 2457 3189 2511 ab
3219 2456 3414 2528 aliquo
3457 2461 3560 2512 aut
3609 2458 3679 2513 ab

2041 2542 2336 2617 aliquibus
2365 2545 2633 2601 terminis
2659 2545 3010 2602 continetur.
3041 2546 3453 2617 Accipiendum
3483 2550 3680 2603 autem

2041 2633 2150 2689 hoc
2181 2637 2271 2689 est
2299 2635 2623 2690 secundum
2656 2638 2872 2690 certam
2905 2634 3164 2706 aliquam
3205 2635 3527 2702 superﬁciei
3577 2635 3681 2690 de-

2038 2722 2530 2778 terminationem.

2109 2812 2200 2865 23.
2233 2812 2306 2866 At
2345 2812 2532 2867 forma
2562 2811 2873 2884 dupliciter
2902 2811 3134 2868 dicitur.
3167 2813 3376 2869 Forma
3405 2813 3562 2868 enim
3592 2819 3682 2870 est

2041 2902 2097 2954 et
2142 2899 2366 2970 species
2416 2899 2863 2971 specialissima,
2915 2901 2984 2954 de
3033 2916 3149 2970 qua
3207 2916 3362 2954 nunc
3419 2917 3535 2955 non
3592 2905 3681 2956 est

2041 3005 2252 3043 sermo.
2278 2988 2496 3043 Dicitur
2517 2988 2704 3043 forma
2729 2988 2903 3044 etiam
2927 2987 3118 3060 qualis
3149 2987 3343 3060 aliqua
3369 3006 3492 3060 quae
3524 2989 3680 3044 circa

2041 3069 2408 3140 superﬁciem
2440 3069 2817 3141 conspicitur,
2850 3069 3160 3140 impressio
3189 3086 3200 3123 :
3236 3069 3365 3124 idea
3393 3069 3677 3124 nimirum

2041 3162 2098 3213 et
2119 3158 2271 3214 208
2293 3158 2626 3213 character:
2663 3163 2953 3228 quatenus
2983 3157 3178 3229 aliqua
3209 3157 3452 3228 pulchra
3481 3162 3536 3212 et
3565 3159 3680 3213 for-

2041 3264 2226 3318 mosa,
2249 3250 2350 3302 aut
2380 3247 2575 3319 turpia
2596 3252 2650 3302 et
2682 3247 2965 3302 deformia
2987 3247 3257 3302 dicimus.
3283 3247 3364 3302 De
3392 3247 3501 3302 hac
3526 3264 3681 3303 nunc

1959 3305 2001 3371 α
2042 3305 2231 3391 sermo
2262 3342 2370 3391 est.

2107 3426 2197 3478 24.
2232 3425 2526 3496 Usurpant
2555 3430 2746 3479 autem
2781 3425 3031 3496 ﬁguram
3063 3428 3120 3479 et
3151 3425 3399 3486 formam
3442 3424 3500 3478 in
3533 3424 3676 3496 phy-

2037 3513 2211 3581 sicis;
2245 3515 2492 3585 ﬁguram
2519 3515 2579 3568 in
2614 3513 3044 3568 mathematicis
3065 3517 3329 3581 tantum;
3362 3511 3676 3585 triangulo,

2039 3601 2444 3675 quadrangulo
2483 3607 2539 3658 et
2567 3601 2826 3672 reliquis.

2108 3781 2198 3834 25.
2236 3780 2483 3851 Ipsaque
2536 3778 2796 3846 directio,
2840 3777 3166 3844 rectitudo;
3212 3777 3547 3850 obliquitas,
3580 3794 3684 3833 seu

2039 3869 2244 3934 torsio,
2278 3868 2534 3924 curvitas
2564 3867 2819 3934 dicitur;
2872 3885 2904 3920 a
2954 3867 3166 3937 quibus
3200 3871 3356 3922 recta
3403 3870 3460 3922 et
3507 3883 3686 3924 curva

2041 3956 2197 4012 linea
2227 3957 2460 4012 dicitur.

2112 4065 2201 4119 26.
2234 4066 2519 4135 Asperum
2559 4068 2616 4118 et
2655 4062 2792 4118 laeve
2822 4063 3094 4116 dixerunt
3126 4060 3304 4132 aliqui
3337 4078 3464 4116 esse
3495 4062 3688 4132 quali-

2043 4156 2213 4208 tates.
2245 4153 2354 4206 Sed
2406 4151 2594 4222 magis
2646 4151 2916 4204 videntur
2965 4150 3304 4220 positiones,
3338 4166 3451 4204 non
3494 4149 3686 4220 quali-

2041 4247 2192 4297 tates
2223 4258 2372 4297 esse.
2407 4241 2567 4295 Laave
2597 4239 2755 4293 enim
2803 4244 2892 4293 est
2939 4241 3109 4308 cujus
3139 4243 3330 4308 partes
3361 4239 3687 4293 secundum

2045 4336 2264 4386 rectam
2296 4330 2512 4384 lineam
2553 4327 2855 4398 aequaliter
2901 4327 3022 4382 sitae
3071 4331 3232 4393 sunt,
3264 4331 3328 4381 ut
3376 4327 3434 4380 in
3483 4343 3688 4397 expor-

2045 4419 2218 4474 rectis
2268 4419 2392 4489 (seu
2441 4415 2638 4487 politis
2692 4415 3083 4471 marmoribus
3133 4414 3346 4486 (videre
3397 4417 3527 4483 est).
3578 4417 3687 4470 As-

2046 4524 2251 4580 perum
2296 4522 2428 4560 vero
2478 4510 2588 4572 est,
2621 4506 2789 4575 cujus
2839 4509 3033 4576 partes
3077 4519 3193 4558 non
3231 4503 3532 4574 aequaliter
3561 4503 3689 4558 sitae

2046 4599 2208 4665 sunt,
2259 4595 2359 4651 sed
2411 4593 2534 4649 aliae
2593 4593 2827 4665 quidem
2887 4592 3164 4658 eminent,
3218 4591 3343 4646 aliae
3401 4591 3689 4663 depressae

1969 4672 2016 4736 D
2049 4691 2187 4741 sunt
2221 4701 2233 4738 :
2289 4689 2352 4738 ut
2381 4684 2441 4739 in
2473 4700 2652 4738 serra.

2117 4775 2204 4828 27.
2238 4775 2310 4827 At
2339 4789 2538 4828 rarum
2581 4776 2637 4826 et
2684 4771 2934 4825 densum
2983 4777 3039 4825 et
3086 4767 3389 4823 elementis
3421 4767 3691 4823 conside-

2047 4867 2175 4917 rata
2206 4859 2546 4916 essentiales
2590 4863 2646 4913 et
2691 4856 2988 4912 naturales
3018 4856 3330 4927 qualitates
3363 4860 3520 4911 sunt.
3554 4856 3690 4910 Ete-

2048 4951 2169 5006 nim
2203 4951 2352 5005 aeris
2394 4954 2452 5003 et
2494 4948 2646 5020 ignis
2679 4947 2888 5002 raritas
2918 4950 3038 4999 tota
3067 4961 3170 5016 per
3198 4945 3326 5015 ipsa
3356 4948 3479 4998 tota
3510 4959 3688 5016 pene-

2046 5037 2222 5095 travit
2250 5036 2640 5092 essentialiter
2687 5041 2744 5090 et
2792 5034 3152 5103 naturaliter,
3187 5034 3688 5104 quemadmodum

2049 5128 2308 5182 densitas
2339 5143 2440 5196 per
2469 5142 2681 5196 aquam
2716 5131 2771 5178 et
2801 5130 3037 5178 terram.
3073 5123 3135 5177 In
3174 5122 3305 5177 aliis
3336 5127 3530 5178 autem
3562 5139 3690 5178 cor-

2049 5217 2288 5288 poribus
2319 5231 2451 5269 cum
2485 5230 2682 5267 rarum
2723 5219 2850 5266 tum
2896 5213 3146 5266 densum
3180 5211 3498 5283 positiones
3531 5218 3688 5266 sunt.

2049 5309 2114 5358 Et
2143 5305 2390 5358 densum
2423 5303 2656 5374 quidem
2691 5306 2797 5366 est,
2831 5302 3001 5370 cujus
3032 5305 3226 5372 partes
3259 5301 3517 5371 proxime
3547 5300 3691 5354 invi-

2049 5411 2171 5448 cem
2207 5392 2327 5446 site
2373 5396 2512 5445 sunt
2561 5396 2626 5444 ut
2675 5408 2787 5446 non
2825 5390 3010 5462 possit
3040 5391 3191 5444 inter
3219 5407 3316 5444 eas
3350 5390 3692 5444 intercidere

2049 5499 2258 5553 corpus
2291 5480 2470 5549 aliud,
2505 5481 2656 5536 209
2690 5480 3188 5551 quemadmodum
3231 5495 3291 5532 se
3321 5478 3497 5533 habet
3525 5495 3606 5532 oes
3637 5482 3694 5532 et

2051 5573 2289 5626 ferrum.
2325 5571 2540 5624 Rarum
2571 5587 2703 5623 vero
2750 5571 2902 5640 quod
2949 5568 3125 5622 veluti
3180 5585 3293 5622 non
3343 5584 3526 5621 unum
3581 5572 3690 5633 est,

2050 5662 2150 5715 sed
2186 5667 2379 5730 partes
2419 5677 2452 5714 a
2494 5677 2554 5714 se
2585 5660 2831 5713 invicem
2865 5660 3148 5712 distantes
3180 5663 3235 5710 et
3268 5658 3336 5711 ad
3370 5657 3692 5725 susceptio-

2051 5767 2183 5806 nem
2217 5749 2455 5804 alterius
2487 5749 2745 5821 corporis
2774 5753 2938 5820 aptas
2970 5748 3162 5802 habet.
3189 5745 3691 5809 Quemadmodum
