4108 6452
428 422 543 503 s51

1681 421 2105 486 NICEPHOBI
2151 419 2589 483 BLEMMIDIE

429 572 493 612 se
524 556 700 613 habet
726 556 973 628 spongio
1001 561 1058 612 et
1104 573 1337 628 pumex.
1375 559 1450 613 De
1480 555 1867 630 qualitatibus
1896 556 2076 627 igitur

2199 548 2304 626 ἔχει
2333 550 2571 627 σπόγγος
2615 552 2706 607 καὶ
2748 551 3020 629 κίσσηρις.
3048 552 3181 628 Περὶ
3232 553 3328 627 μὶν
3375 553 3468 609 οὗν
3524 556 3840 626 ποιοτήτων

432 646 556 702 haec
593 645 748 700 dicta
779 650 940 701 sunt.

502 753 591 806 28.
625 751 830 817 Qualia
858 757 1055 808 autem
1088 758 1246 823 sunt,
1288 769 1416 823 qua;
1463 770 1497 809 a
1543 753 1929 825 qualitatibus
1977 753 2074 807 de-

433 841 810 907 nominative,
843 845 946 897 aut
974 840 1086 897 alio
1116 858 1467 914 quocunque
1499 843 1671 898 modo
1701 843 1772 897 ab
1813 842 1959 914 ipsis
1988 840 2075 896 di4

434 934 667 986 cuntur.

504 1036 595 1091 29.
626 1036 771 1091 Nam
804 1041 1059 1107 quatuor
1097 1038 1288 1093 modis
1331 1037 1527 1110 qualia
1573 1042 1927 1103 sumuntur;
1979 1042 2078 1092 aut

434 1124 869 1180 denominative
897 1129 955 1180 et
986 1126 1093 1181 hoc
1125 1132 1189 1180 ut
1217 1127 1539 1197 plurimum
1571 1144 1585 1194 ;
1620 1132 1684 1181 ut
1712 1128 1782 1182 ab
1813 1127 2079 1182 albedine

433 1229 645 1285 corpus
675 1213 897 1283 album,
930 1220 988 1269 et
1034 1232 1068 1269 a
1119 1215 1449 1284 dulcedine,
1480 1216 1649 1271 dulce
1683 1232 1695 1271 :
1749 1221 1849 1271 aut
1895 1215 2079 1288 aequi-

432 1319 591 1373 voce,
625 1308 689 1357 ut
714 1303 1098 1375 triangulum,
1131 1304 1625 1377 quadrangulum,
1658 1309 1715 1359 et
1763 1321 1890 1376 quae
1943 1310 2079 1359 sunt

436 1391 811 1463 hujusmodi;
845 1400 903 1447 et
934 1392 1158 1448 musica
1183 1394 1394 1449 mulier
1416 1410 1480 1448 ac
1509 1394 1893 1465 grammatica
1918 1399 2076 1462 (nam

433 1480 495 1536 in
518 1480 610 1535 his
629 1497 763 1536 cum
786 1480 1171 1552 qualitatibus
1199 1482 1375 1537 etiam
1401 1484 1598 1554 qualia
1618 1483 1821 1537 eodem
1844 1483 2078 1538 nomine

433 1568 718 1639 veniunt),
742 1573 844 1623 aut
871 1569 1098 1625 diverso
1133 1571 1405 1635 nomine;
1441 1571 1938 1642 quemadmodum
1969 1571 2078 1625 vir-

436 1662 562 1715 tute
589 1658 866 1728 praaditus
896 1658 982 1713 vir
1010 1659 1201 1714 bonus
1232 1659 1484 1714 dicitur:
1519 1665 1619 1714 aut
1647 1660 1773 1714 sine
1803 1659 2075 1725 nomine;

437 1747 937 1818 quemadmodum
985 1747 1044 1800 in
1099 1749 1359 1803 secunda
1404 1749 1703 1819 qualitatis
1753 1750 1943 1819 specie
1985 1764 2078 1804 res

437 1836 754 1907 aliquando
776 1852 903 1891 sese
929 1836 1124 1901 habet,
1144 1854 1211 1891 ea
1232 1837 1469 1907 inquam
1494 1855 1620 1909 qua:
1644 1842 1731 1893 est
1753 1839 2074 1893 secundum

2180 645 2415 694 τοσαῦτα
2444 641 2701 714 εἰρήσθω.

2253 748 2358 817 κη’.
2394 747 2531 802 Ποιᾶ
2564 745 2622 803 δέ
2653 746 2763 804 ἔστι
2801 749 2869 803 τὰ
2918 749 3023 803 ἀπὸ
3067 752 3176 803 τῶν
3226 750 3539 818 ποιοτήτων
3586 750 3841 825 παρωνύ-

2188 856 2305 907 μως
2339 834 2625 912 λεγόμενα,
2658 838 2693 905 ἢ
2729 838 2977 892 ὁπωσοῦν
3004 835 3190 899 ἄλλως
3220 837 3314 892 ἀπ’
3344 836 3539 894 αὐτῶν.

2255 1032 2351 1084 κθ’.
2402 1036 2689 1108 Τετραχῶς
2739 1033 2841 1107 γὰρ
2900 1028 3266 1105 λαμϐάνονται
3330 1034 3397 1089 τὰ
3451 1035 3602 1088 ποιά·
3648 1034 3687 1103 ἢ
3746 1034 3844 1089 πά-

2188 1120 2477 1195 ρωνύμως,
2508 1121 2597 1176 καὶ
2628 1123 2772 1176 τοῦθ’
2801 1123 2875 1185 ὡς
2908 1121 2995 1177 ἐπὶ
3023 1123 3085 1177 τὸ
3132 1121 3413 1178 πλεῖστον·
3462 1123 3536 1184 ὡς
3589 1122 3696 1177 ἀπὸ
3738 1131 3841 1193 τῆς

2188 1208 2513 1279 λευκότητος
2554 1211 2616 1263 τὸ
2666 1208 2856 1264 λευκὸν
2906 1216 3085 1283 σῶμα,
3127 1211 3214 1265 καὶ
3258 1211 3364 1265 ἀπὸ
3410 1217 3512 1280 τῆς
3560 1210 3842 1286 γλυκύτη-

2183 1318 2278 1358 τος
2326 1299 2388 1352 τὸ
2434 1295 2626 1372 γλυκύ·
2675 1298 2711 1367 ἢ
2764 1300 3099 1372 ὁμωνύμως,
3160 1299 3233 1361 ὡς
3299 1301 3363 1354 τὸ
3426 1299 3723 1375 τρίγωνον,
3777 1301 3843 1355 τὸ

2184 1386 2537 1461 τετράγωνον,
2580 1387 2669 1440 καὶ
2734 1388 2801 1441 τὰ
2854 1393 3097 1458 τοιαῦτα,
3157 1389 3247 1442 καὶ
3304 1390 3339 1457 ἡ
3405 1388 3641 1461 μουσική
3701 1390 3841 1463 γυνὴ

2185 1475 2271 1528 καὶ
2323 1478 2357 1543 ἡ
2409 1478 2788 1551 γραμματική·
2822 1476 2912 1531 καὶ
2961 1478 3063 1553 γὰρ
3112 1477 3199 1531 ἐπὶ
3247 1476 3452 1531 τούτων
3502 1482 3623 1538 ταῖς
3682 1476 3841 1532 ποιό-

2185 1583 2309 1631 τησι
2368 1569 2834 1637 ταυτωνυμοῦνται
2891 1566 2980 1619 καὶ
3041 1565 3105 1619 τὰ
3162 1565 3313 1619 ποιάο
3359 1565 3395 1634 ἢ
3455 1565 3844 1641 έτερωνύμως,

2186 1652 2261 1711 ὡς
2322 1652 2350 1704 ὁ
2404 1659 2506 1720 τῆς
2558 1652 2754 1727 ἀρετῆς
2814 1654 3059 1728 μετέχων
3130 1651 3425 1715 σπουδαῖος
3500 1652 3741 1728 λέγεταιο
3804 1655 3841 1724 ἤ

2186 1739 2657 1812 ἆκατονομάστως,
2691 1742 2765 1803 ὡς
2798 1741 2885 1796 ἐπὶ
2925 1747 3022 1797 τοῦ
3082 1740 3332 1818 δευτέρου
3385 1750 3483 1811 τῆς
3542 1743 3843 1814 ποιότητος

2188 1826 2365 1890 εἴδους
2410 1827 2525 1905 ἔχει
2574 1832 2728 1900 ποτὶ,
2776 1836 2873 1885 τοῦ
2919 1832 3054 1885 κατά
3105 1830 3333 1903 δύναμιν
3402 1832 3490 1885 καὶ
3541 1829 3841 1906 ἀδυναμίαν

437 1924 756 1997 potentiam
779 1930 837 1978 et
867 1924 1292 1995 impotentiam.
1321 1927 1380 1980 In
1412 1926 1521 1981 hac
1541 1927 1695 1981 enim
1719 1928 1911 1998 specie
1932 1943 2074 1981 non-

2199 1917 2347 1995 ρημί·
2400 1916 2485 1972 ἐπὶ
2535 1918 2728 1973 τούτου
2776 1920 2875 1995 γὰρ
2921 1925 3018 1973 τοῦ
3076 1918 3261 1991 εἷ’δου;
3297 1920 3462 1975 ἐνίοτε
3513 1921 3607 1993 μὶν
3671 1922 3844 1993 μόνον

435 2029 741 2085 nunquam
773 2012 944 2084 quale
975 2018 1204 2069 tantum
1238 2031 1449 2070 nomen
1480 2016 1756 2087 adeptum
1806 2019 1930 2082 est;
1982 2032 2075 2070 ve-

434 2101 543 2157 luti
574 2102 828 2157 dicimus
858 2102 1180 2175 pugilarem
1213 2103 1315 2174 qui
1357 2110 1489 2175 apte
1540 2105 1609 2158 ad
1666 2104 2074 2175 pugilatoriam

435 2191 669 2263 (artem)
700 2191 1021 2262 dispositus
1052 2196 1139 2246 est
1170 2196 1227 2246 et
1267 2192 1426 2263 pugil
1461 2193 1581 2247 fieri
1616 2198 1838 2263 potest;
1874 2197 2075 2264 poten-

433 2280 519 2335 tia
545 2283 761 2344 autem,
797 2296 1006 2351 nempe
1036 2280 1164 2352 ipsa
1206 2281 1468 2352 aptitudo
1501 2282 1654 2336 210
1683 2282 1809 2337 sine
1840 2282 2079 2337 nomine

436 2370 675 2424 mansit.
743 2369 967 2423 Etenim
1045 2368 1396 2440 pugilatoria
1463 2372 1685 2443 accepit
1753 2372 2074 2426 secundum

436 2462 634 2512 actum
689 2473 802 2512 non
861 2459 1181 2513 secundum
1244 2461 1585 2530 potentiam.
1640 2460 2075 2531 Nonnunquam

435 2551 633 2602 autem
665 2547 839 2602 etiam
872 2546 1043 2617 quale
1095 2552 1152 2602 et
1198 2546 1450 2618 qualitas
1494 2548 1630 2605 inde
1661 2549 2078 2605 nominationis

435 2636 695 2707 expertia
727 2640 1071 2690 manserunt
1103 2652 1116 2690 :
1163 2637 1659 2707 quemadmodum
1692 2638 1868 2692 etiam
1899 2637 1951 2692 is
1979 2639 2077 2708 qui

437 2729 658 2779 natura:
689 2723 864 2778 habet
893 2724 1212 2779 bonitatem
1246 2725 1318 2779 ad
1350 2726 1817 2794 grammaticam,
1850 2731 1908 2780 et
1949 2725 2080 2797 ipsa

436 2812 511 2868 ad
562 2811 1007 2883 grammaticam
1052 2812 1341 2884 aptitudo.
1378 2814 1444 2868 Et
1495 2814 1891 2885 grammaticen
1921 2815 2076 2869 enim

433 2900 610 2957 etiam
645 2901 751 2956 arti
784 2916 996 2955 nomen
1029 2901 1101 2955 ab
1132 2906 1261 2955 actu
1294 2901 1661 2974 assignatum
1691 2908 1799 2957 est.

504 3016 593 3072 30.
639 3016 814 3072 Adest
870 3016 1026 3087 quali
1086 3021 1144 3070 et
1199 3017 1451 3071 maxime
1510 3017 1916 3073 convenienter
1973 3035 2076 3074 seu

435 3104 666 3176 proprie
697 3104 1167 3160 contrarietatem
1202 3105 1517 3177 suscipere.
1551 3106 1696 3161 Nam
1739 3111 1797 3162 et
1847 3109 1903 3163 in
1945 3108 2076 3165 aliis

435 3192 901 3265 praadicamentis
932 3191 1221 3247 contraria
1250 3193 1574 3249 secundum
1605 3193 1794 3265 quale,
1829 3197 1984 3265 quod
2016 3196 2076 3251 in

2184 2007 2245 2060 τὸ
2274 2008 2430 2061 ποιὸν
2471 2007 2738 2080 ὀνόματος
2788 2006 2996 2083 ἔτυχεν·
3047 2010 3121 2071 ὡς
3169 2009 3399 2085 λέγομεν
3439 2012 3699 2065 πυκτικὸν
3745 2019 3843 2066 τὸν

2187 2093 2507 2164 ἐπιτηδείως
2578 2098 2714 2172 πρὸς
2775 2099 3041 2167 πυκτικήν
3108 2095 3468 2170 διακείμενον,
3536 2099 3627 2153 καὶ
3691 2100 3844 2175 γενέ-

2187 2186 2305 2238 σθαι
2366 2184 2575 2254 πύκτην
2645 2182 2956 2259 δυνάμενον·
3005 2190 3041 2255 ἡ
3119 2184 3177 2241 δὲ
3241 2184 3487 2261 δύναμις,
3554 2184 3727 2264 ἤγουν
3801 2191 3841 2258 ἡ

2186 2271 2584 2345 ἐπιτηδειότης,
2636 2275 2918 2346 ἀνώνυμος
2965 2271 3161 2347 ἔμεινε.
3212 2276 3282 2330 Τὸ
3338 2278 3439 2352 γὰρ
3492 2271 3667 2350 ὄνομα
3723 2284 3846 2333 κατ’

2188 2360 2448 2437 ἐνέργειαν
2512 2361 2666 2439 ἔσχεν
2723 2367 2758 2432 ἡ
2818 2366 3076 2434 πυκτικοὲη
3117 2365 3205 2419 καὶ
3266 2364 3332 2420 οὗ
3393 2368 3547 2420 κατὰ.
3584 2363 3841 2440 δύναμιν.

2185 2451 2388 2505 Ἐνίοτε
2437 2449 2493 2505 δὲ
2535 2452 2625 2505 καὶ
2682 2453 2744 2506 τὸ
2800 2454 2956 2507 ποιὸν
3010 2453 3099 2507 καὶ
3131 2456 3165 2522 ἡ
3219 2454 3447 2523 ποιότης
3496 2454 3840 2528 ἀκατονόμα-

2187 2560 2283 2594 στα
2347 2543 2734 2612 μεμενήκασιν
2788 2542 2968 2618 ὥσπερ
3017 2543 3046 2596 ὁ
3092 2544 3228 2618 πρὸς
3297 2544 3685 2619 γραμματικὴν
3749 2543 3840 2599 εὗ·-

2188 2634 2335 2705 φυῶς
2393 2626 2557 2704 ἔχων,
2607 2630 2697 2684 καὶ
2753 2633 2788 2699 ἡ
2846 2632 2983 2704 πρὸς
3042 2631 3207 2700 αὐτὴν
3272 2633 3372 2701 τήν
3447 2633 3845 2707 γραμματικὴν

2188 2714 2591 2788 ἐπιτηδειότης.
2652 2720 2748 2773 Καὶ
2804 2724 2874 2793 τῇ
2916 2725 3301 2796 -γραμματικῇ
3368 2722 3470 2796 γὰρ
3533 2720 3700 2797 τέχνῃ
3774 2724 3842 2777 τὸ

2187 2802 2364 2878 ὄνομα
2393 2808 2527 2881 πρὸς
2556 2814 2656 2877 τῆς
2687 2808 2950 2884 ἐνεργείας
2976 2807 3468 2884 κεκληροδότηται.

2257 3008 2618 3087 λ’.1]ρόσεστι
2687 3018 2763 3085 τῷ
2822 3018 2966 3086 ποιῷ
3012 3015 3102 3068 καὶ
3158 3013 3392 3087 μάλιστα
3442 3019 3719 3090 συγγενῶς
3772 3016 3844 3069 τὸ

2185 3098 2486 3154 ἐναντίωσιν
2533 3098 2893 3178 ἐπιδέχεσθαι.
2942 3103 3046 3157 Κάν
3095 3108 3213 3165 ταῖς
3265 3100 3461 3165 ἄλλαις
3512 3103 3615 3178 γὰρ
3671 3124 3845 3173 κατη-

2186 3189 2398 3265 γορίαις
2464 3189 2716 3245 τάναντία
2778 3193 2914 3245 κατὰ
2963 3192 3026 3246 τὸ
3073 3192 3124 3247 ἐν
3172 3191 3364 3266 ἑκάστῃ
3412 3193 3569 3248 ποιὸν
3632 3191 3842 3269 ἐγγίνε-

435 3280 643 3351 quovis
673 3284 762 3335 est
789 3278 982 3335 inesse
1009 3280 1301 3335 videntur.
1336 3282 1746 3337 Verumtamen
1797 3300 1868 3339 ne
1917 3286 2077 3339 omni

2199 3280 2307 3333 σθαι
2377 3277 2545 3334 δοκεῖ·
2594 3277 2739 3350 πλὴν
2798 3278 2923 3335 οὐδὲ
2975 3285 3056 3353 τῷ
3110 3285 3254 3353 ποιῷ
3311 3281 3471 3336 παντὶ
3527 3280 3843 3337 τούναντίον

439 3367 678 3439 quidem
708 3367 868 3439 quali
913 3368 1273 3423 contrarium
1314 3373 1403 3423 est
1435 3385 1819 3441 consequens.
1854 3372 2084 3443 Figuris

439 3455 594 3510 enim
626 3454 941 3511 rectilineis
988 3460 1044 3510 et
1091 3456 1477 3512 circularibus
1528 3456 1673 3512 nihil
1723 3464 1811 3514 est
1853 3464 2081 3516 contra-

440 3544 616 3598 rium.
633 3545 743 3599 Sed
765 3561 953 3615 neque
976 3545 1175 3614 rubro,
1196 3546 1377 3612 fusco,
1397 3546 1542 3601 ﬂavo
1560 3551 1617 3602 et
1636 3546 1768 3603 aliis
1790 3548 2083 3605 coloribus

441 3633 651 3689 mediis
676 3635 1054 3688 contrarietas
1074 3633 1271 3705 aliqua
1294 3637 1417 3704 (seu
1442 3637 1800 3692 contrarium
1822 3637 2082 3711 aliquod)

440 3721 729 3791 objicitur.
762 3722 821 3777 Si
870 3722 1027 3777 enim
1077 3725 1368 3779 contraria
1414 3731 1554 3780 sunt
1592 3741 1721 3797 qua:
1762 3726 2082 3794 plurimum

440 3809 664 3865 distant
693 3826 726 3864 a
754 3826 816 3865 se
843 3810 1086 3865 invicem
1116 3812 1285 3882 ;jure
1311 3812 1519 3868 mediis
1540 3831 1663 3884 quae
1696 3814 2017 3885 plurimum
2051 3834 2085 3872 a

442 3914 505 3953 se
546 3896 791 3954 invicem
826 3915 941 3952 non
974 3900 1214 3971 distant,
1249 3902 1604 3957 contrarium
1636 3903 1782 3958 nihil
1815 3904 2081 3960 obsistet.

441 3986 740 4050 Quomodo
779 3991 974 4042 autem
1019 3988 1194 4044 etiam
1244 3989 1415 4061 plura
1463 3991 1561 4046 uni
1614 3993 1905 4048 contraria
1960 3994 2082 4050 fue-

441 4075 604 4130 rint?

512 4182 600 4236 31.
632 4183 705 4236 At
748 4198 882 4237 vero
934 4184 1122 4256 magis
1178 4190 1235 4239 et
1292 4185 1489 4241 minus
1543 4186 1699 4258 quali
1749 4189 1933 4243 adest.
1980 4189 2083 4245 Ubi

442 4269 597 4327 enim
630 4270 1011 4327 contrarietas
1050 4278 1158 4342 est,
1190 4274 1270 4328 ibi
1319 4273 1492 4329 etiam
1546 4276 1735 4346 magis
1784 4280 1840 4330 ct
1888 4276 2083 4331 minus

442 4376 675 4431 semper
700 4359 816 4415 fere
845 4358 1161 4416 invenitur.
1196 4362 1342 4417 2“
1385 4363 1450 4416 Et
1480 4362 1771 4434 siquidem
1804 4365 1863 4419 in
1894 4365 2086 4420 omni-

441 4449 554 4505 bus
585 4447 895 4503 contrariis
931 4453 1225 4521 spectetur
1272 4449 1708 4521 intermedium,
1760 4454 2086 4509 necessario

442 4538 617 4593 etiam
650 4537 841 4609 magis
889 4541 945 4592 et
995 4538 1190 4593 minus
1240 4539 1619 4610 spectabitur.
1654 4540 1755 4596 Sin
1786 4547 1979 4598 autem
2013 4543 2089 4598 sit

2192 3366 2499 3431 ἀκολουθεῖ.
2554 3374 2676 3430 Τοῖς
2734 3372 2983 3445 σχήμασι
3062 3370 3166 3446 γὰρ
3231 3375 3348 3433 τοῖς
3433 3370 3846 3448 εὐθυγράμμοις

2189 3455 2281 3510 καί
2308 3455 2590 3519 κυκλικοῖς
2636 3457 2870 3513 ἐναντίον
2905 3455 3082 3514 οὐδέν.
3115 3455 3268 3515 Ἀλλ’
3318 3456 3444 3513 οὐδέ
3498 3464 3577 3531 τῷ
3636 3459 3852 3536 ἐρυθρῷ

2193 3546 2282 3599 καὶ
2313 3550 2455 3623 φαιῷ
2485 3545 2574 3600 καὶ
2606 3546 2779 3617 ξανθῷ
2816 3547 2907 3601 καὶ
2956 3553 3072 3608 τοῖς
3124 3544 3318 3609 ἄλλοις
3368 3552 3475 3602 τῶν
3526 3547 3847 3624 χρωμάτων

2197 3635 2381 3706 μέσοις
2412 3632 2721 3705 ἐναντιότης
2764 3656 2848 3697 τις
2897 3636 3283 3692 ἀντιτάττεται.
3316 3635 3380 3691 Εἰ
3428 3637 3529 3712 γάρ
3575 3637 3644 3690 τὰ
3693 3635 3854 3691 πλεῖ-

2193 3744 2315 3777 στον
2347 3721 2612 3793 ἀλλήλων
2664 3721 2984 3795 διεστηκότα
3033 3723 3242 3779 ἐναντία
3299 3724 3421 3778 εἷ’σί·
3480 3730 3597 3786 τοῖς
3655 3724 3846 3798 μέσοις

2193 3811 2416 3873 εἰκότως
2466 3814 2543 3885 μή
2591 3810 2846 3867 πλεῖστον
2899 3818 3006 3867 τῶν
3063 3814 3239 3888 ἄκρων
3311 3810 3648 3884 διεστηκόσιν
3701 3814 3854 3869 έναν-

2190 3900 2304 3954 τίον
2334 3897 2487 3955 οὐδὲν
2546 3900 2942 3973 ἀντιστήσεται,
2975 3905 3092 3963 πῶς
3151 3899 3210 3957 δὲ
3255 3901 3345 3956 καὶ
3406 3901 3579 3957 πλείω
3640 3901 3855 3958 ἐναντία

2193 3987 2400 4044 ἔσοιντο
2429 3993 2508 4061 τῷ
2539 3989 2612 4044 ἑνί
2640 4010 2653 4060 ;

2265 4185 2367 4238 Aa'.
2424 4184 2519 4239 Καὶ
2576 4184 2638 4238 τὸ
2700 4182 2911 4256 μᾶλλον
2968 4183 3025 4239 δὲ
3080 4185 3170 4239 καὶ
3240 4187 3398 4254 ἦττον
3458 4187 3713 4263 πρόσεστι
3772 4192 3855 4260 τῷ

2192 4277 2359 4344 ποιῷ.
2390 4274 2553 4335 Ἔνθα
2581 4274 2681 4348 γάρ
2709 4272 3038 4344 ἐναντίωσις,
3071 4274 3183 4329 ἐκεῖ
3227 4276 3319 4329 καὶ
3367 4276 3429 4329 τὸ
3492 4273 3702 4348 μᾶλλον
3762 4278 3856 4332 καὶ

2192 4364 2356 4430 ἧττον
2434 4362 2508 4423 ὡς
2584 4360 2778 4417 ἐπίπαν
2855 4362 3178 4436 εὑρίσκεται.
3241 4365 3337 4418 Καὶ
3416 4362 3563 4439 εἷ’περ
3619 4365 3670 4421 έν
3722 4372 3860 4420 πᾶσι

2196 4456 2458 4525 θεωροῖτο
2532 4456 2648 4513 τοῖς
2717 4451 2972 4513 ἐναντίοις
3049 4453 3110 4507 τὸ
3185 4450 3443 4527 ἔμμεσον,
3499 4454 3550 4524 ἐξ
3622 4453 3860 4530 ἀνάγκης

2194 4539 2283 4593 καὶ
2337 4540 2400 4593 τὸ
2458 4538 2669 4612 μᾶλλον
2736 4540 2827 4594 καὶ
2882 4541 2945 4595 τὸ
2996 4543 3158 4609 ἧττον
3222 4543 3651 4617 θεωρηθήσεται.
3699 4543 3769 4601 Εἰ
3808 4541 3859 4598 δ’

443 4624 680 4693 alicubi,
734 4625 887 4697 quod
938 4626 1261 4682 rariuscule
1311 4628 1395 4692 fit,
1449 4630 1830 4685 contrarietas
1879 4631 2080 4686 imme-

2199 4627 2308 4681 ἐστί
2365 4648 2468 4681 που
2526 4628 2811 4690 σπανιάκις
2865 4628 3167 4692 ἐναντίωσις
3249 4631 3472 4704 ἄμεσος,
3531 4631 3608 4694 ὡς
3665 4634 3700 4701 ἡ
3760 4635 3857 4686 τοῦ

443 4715 623 4781 diata,
656 4719 721 4769 ut
765 4732 832 4771 ea
888 4732 1015 4787 quae
1066 4716 1125 4771 in
1174 4716 1521 4788 simpliciter
1568 4717 1694 4789 pari
1748 4723 1805 4774 et
1852 4718 2083 4791 impari,

441 4802 603 4860 illinc
634 4803 823 4879 magis
853 4808 910 4860 et
954 4806 1156 4860 minus
1186 4805 1372 4860 abest.

513 4913 601 4965 3'2.
635 4912 882 4967 Maxime
931 4916 1126 4967 autem
1177 4911 1477 4983 proprium
1532 4917 1621 4967 est
1670 4912 1850 4984 quali,
1895 4913 2088 4970 simile

442 5006 546 5056 aut
576 5000 880 5056 dissimile.
916 5000 1252 5056 Similitudo
1284 5005 1479 5056 autem
1526 5007 1614 5057 est
1657 5004 1919 5073 ejusdem
1951 5020 2087 5075 spe-

442 5088 560 5145 cies
591 5104 693 5143 seu
726 5089 924 5144 formae
954 5091 1268 5146 adventitia
1296 5090 1682 5163 participatio.
1710 5092 1872 5147 Unde
1898 5092 2087 5149 colore

442 5175 667 5234 similes
697 5178 949 5233 dicimus
981 5180 1080 5250 qui
1112 5182 1384 5236 eumdem
1417 5181 1668 5236 colorem
1703 5180 1955 5250 habent;
2007 5182 2086 5237 si-

442 5265 612 5323 miles
670 5264 1001 5321 charactere
1058 5284 1161 5323 seu
1218 5269 1610 5337 lineamentis,
1662 5270 1763 5342 qui
1819 5271 2085 5326 eamdem

441 5357 633 5412 ideam
668 5371 769 5410 seu
799 5355 1052 5427 speciem
1085 5357 1372 5412 obtinent.

513 5473 600 5525 2:3.
636 5475 812 5526 Porro
847 5472 1344 5541 quemadmodum
1377 5473 1535 5543 quali
1568 5475 1758 5531 simile
1803 5480 1859 5531 et
1907 5475 2088 5532 dissi-

442 5562 600 5623 mile,
633 5563 715 5614 sic
747 5566 803 5614 et
834 5564 1055 5631 quanto
1086 5561 1307 5631 aequale
1340 5578 1404 5613 ac
1438 5563 1720 5634 inznquale
1753 5565 2083 5635 (convenit).

441 5651 586 5706 Nam
619 5658 673 5704 ct
706 5667 917 5720 corpus
948 5649 1169 5719 aequale
1201 5656 1289 5703 est
1320 5651 1563 5719 corpori,
1598 5658 1699 5706 aut
1754 5654 2033 5723 inaequale
2069 5672 2081 5708 :

441 5746 499 5797 et
530 5756 811 5796 numerus
842 5755 1085 5795 numero
1116 5739 1353 5810 aequalis
1386 5745 1486 5794 aut
1516 5741 1818 5811 inaequalis
1850 5760 1862 5809 ;
1914 5748 1973 5797 et
2000 5743 2082 5799 lo-

2198 4714 2386 4778 άπλῶς
2434 4716 2618 4791 ἀρτίου
2666 4717 2756 4772 καὶ
2811 4722 3087 4793 περιττοῦ,
3136 4720 3200 4773 τὸ
3261 4717 3476 4792 μᾶλλον
3530 4719 3623 4775 καὶ
3688 4722 3853 4790 ἦττον

2198 4804 2394 4860 ἐκεῖθεν
2424 4802 2639 4861 ἄπεστιν
2650 4850 2663 4863 .
3463 4866 3471 4875 ,

2410 4910 2576 4968 Ἰδιον
2610 4910 2667 4969 δὲ
2700 4913 2935 4986 μάλιστα
2964 4918 3043 4986 τῷ
3082 4920 3226 4987 ποιῷ
3272 4915 3335 4969 τὸ
3383 4914 3578 4990 ὅμοιον
3621 4916 3660 4985 ἢ
3728 4915 3854 4972 ἀνό-

2200 5022 2379 5074 μοιον.
2412 5002 2704 5075 Ὁμοιότης
2757 5001 2815 5058 δέ
2866 5003 3006 5058 ἐστιν
3033 5005 3068 5073 ἡ
3100 5008 3198 5059 τοῦ
3237 5003 3401 5060 αὐτοῦ
3445 5002 3622 5068 εἴδους
3674 5003 3853 5061 ἐπεισο

2197 5089 2434 5162 οδιώδης
2496 5093 2724 5166 μέθεξις.
2767 5096 2921 5156 Ὅθεν
2982 5094 3210 5166 ὁμοίους
3249 5094 3393 5170 χρόᾳ
3441 5093 3593 5158 τοὺς.
3626 5092 3856 5171 ἔχοντας

2194 5181 2257 5235 τὸ
2283 5180 2411 5236 αὐτὸ
2471 5182 2676 5257 χρῶμά
2726 5202 2923 5258 φαμεν·
2987 5183 3215 5255 ὁμοίους
3274 5204 3333 5239 τε
3386 5186 3693 5261 χαρακτῆρι
3723 5183 3854 5245 τοὺς

2194 5271 2292 5337 τήν
2334 5269 2499 5339 αὐτὴν
2533 5271 2900 5344 κεκτημένους
2932 5269 3095 5327 ἰδέαν.

2268 5474 2370 5552 λγ.
2412 5479 2614 5552 ’Όσπερ
2657 5481 2737 5548 τῷ
2783 5480 2928 5548 ποιῷ
2970 5477 3033 5531 τὸ
3081 5475 3275 5551 ὅμοιον
3334 5478 3369 5546 ἢ
3421 5478 3707 5553 ἀνόμοιον,
3757 5478 3849 5535 οδε

2194 5587 2302 5619 τως
2351 5566 2442 5620 καὶ
2488 5570 2568 5637 τῷ
2617 5569 2771 5636 ποσῷ
2817 5565 2880 5619 τὸ
2924 5562 3035 5619 ἴσον
3079 5566 3115 5634 ἢ
3168 5567 3371 5623 ἄνισον.
3406 5566 3505 5621 Καὶ
3560 5572 3721 5643 σῶμα
3755 5566 3846 5625 καὶ

2197 5653 2308 5709 ἴσον
2356 5655 2569 5727 σώματί
2614 5653 2773 5725 ἐστιν,
2810 5656 2842 5723 ἢ
2876 5656 2983 5727 μὴν
3026 5652 3224 5710 ἄνισον·
3278 5656 3367 5710 καὶ
3420 5656 3653 5731 ἀριθμὸς
3699 5656 3846 5734 ἀριθ-

2199 5749 2286 5817 μῷ
2317 5741 2431 5805 ἴσος
2541 5740 2742 5814 ἄνισος,
2767 5743 2855 5797 καὶ
2902 5744 3069 5805 τόπος
3117 5745 3289 5817 τόπῳ,
3322 5744 3413 5801 καὶ
3456 5745 3661 5823 χρόνος
3705 5747 3841 5824 χρό’
