4108 6480
450 421 568 484 855

1699 422 2120 485 NICEPHORI
2171 421 2606 484 BLEMMIDE

3733 423 3843 483 856

450 572 584 612 rum
636 571 782 621 esse,
819 559 918 612 aut
965 572 1197 628 quoque
1226 555 1339 612 alio
1382 557 1554 612 modo
1584 557 1653 611 ad
1704 557 1950 612 alterum
1999 557 2085 611 di-

2224 557 2337 609 ,ῖναι
2370 553 2580 629 λέγεται
2607 556 2642 622 ἢ
2694 555 2939 608 ὁπωσοῦν
2990 551 3178 616 ἄλλως
3208 553 3345 628 πρὸς
3387 549 3598 626 ἕτερον.
3633 553 3715 608 Ἐν
3747 555 3840 630 γὰρ

454 646 839 701 cuntur.Nam
873 663 999 717 quae
1029 647 1100 700 ad
1132 645 1350 716 aliquid
1385 651 1522 702 sunt
1552 646 1610 700 in
1642 663 1707 702 eo
1739 647 1893 717 quod
1925 645 2097 700 habi-

2224 648 2281 714 τῷ
2311 643 2523 721 σχέσεις
2553 643 2683 699 εἶναι
2714 645 2781 698 τὰ
2809 643 2945 718 πρός
2976 664 3026 697 τι
3056 644 3154 711 τὴν
3188 641 3408 718 ὕπαρξιν
3441 639 3659 718 ἔχουσι.

451 734 686 790 tudines
716 739 855 789 sunt
886 734 1284 790 exsistentiam
1318 735 1554 790 habent.

521 826 576 878 2.
610 825 972 896 Quapropter
1023 824 1196 878 etiam
1257 825 1582 880 secundum
1643 825 1818 879 aliam
1876 825 2098 879 descri-

451 913 709 986 ptionem
744 913 814 967 ad
843 913 1062 983 aliquid
1095 915 1476 983 sunt,quibus
1497 930 1626 970 esse
1649 914 1803 969 idem
1825 920 1914 969 est
1943 914 2098 985 quod

453 1001 525 1058 ad
558 997 781 1073 aliquid
813 1002 1245 1073 quodammodo
1276 1019 1337 1057 se
1368 1003 1600 1058 habere.

525 1091 674 1148 215
712 1092 764 1144 3.
798 1090 941 1146 Cum
991 1091 1227 1161 quidem
1269 1091 1447 1163 igitur
1495 1091 1714 1164 aliquid
1748 1093 1935 1163 quoad
1988 1092 2100 1147 sei-

455 1196 629 1252 psum
662 1179 1087 1246 consideratur,
1121 1198 1235 1235 non
1280 1186 1367 1235 est
1397 1182 1467 1235 ad
1501 1181 1721 1253 aliquid
1757 1199 1769 1236 :
1804 1197 1937 1235 cum
1967 1197 2101 1235 vero

455 1267 799 1324 habitudine
854 1269 923 1322 ad
957 1268 1177 1339 aliquid
1212 1270 1385 1324 fuerit
1431 1271 1760 1342 praeditum,
1789 1276 1914 1325 tum
1965 1286 2104 1324 sane

455 1361 544 1412 est
575 1357 647 1411 ad
698 1356 941 1428 aliquid.
977 1357 1168 1412 Veluti
1201 1358 1488 1428 Socrates,
1521 1363 1814 1430 quatenus
1863 1359 2100 1430 quidem

457 1444 632 1501 homo
665 1451 767 1500 aut
798 1445 1180 1517 philosophus
1211 1452 1312 1501 aut
1341 1447 1453 1502 tale
1483 1448 1623 1519 quid
1677 1453 1767 1502 est
1792 1463 1895 1519 per
1923 1464 1985 1502 se
2014 1447 2101 1502 di'

459 1533 609 1589 citur
639 1539 696 1589 et
742 1533 901 1589 nullo
935 1535 1105 1590 modo
1161 1536 1231 1590 ad
1280 1537 1438 1590 aliud
1489 1537 1782 1592 refertur:
1817 1545 2102 1607 quatenus

460 1625 654 1676 autem
687 1626 853 1693 pater
883 1628 983 1677 aut
1013 1624 1232 1688 doctor,
1265 1629 1507 1679 eatenus
1537 1625 1609 1679 ad
1641 1625 1798 1679 aliud
1832 1625 2099 1692 refertur,

457 1714 515 1765 et
543 1726 672 1781 quae
726 1711 849 1781 ipse
881 1715 969 1766 est
997 1711 1245 1767 aliorum
1277 1729 1406 1767 esse
1460 1712 1692 1767 dicitur.
1724 1717 1894 1768 Pater
1944 1713 2099 1768 enim

459 1814 594 1854 cum
625 1799 720 1869 sit,
754 1799 858 1854 ﬁlii
907 1803 1070 1870 pater
1099 1799 1348 1867 dicitur;
1383 1805 1440 1855 et
1467 1801 1667 1856 doctor
1717 1818 1851 1856 cum
1883 1802 1976 1866 sit,
2013 1801 2101 1856 di-

457 1887 667 1958 scipuli
697 1889 898 1942 doctor
925 1887 1157 1943 dicitur.

2283 822 2349 896 β’.
2391 822 2484 875 Διὸ
2529 821 2618 875 καὶ
2665 821 2781 874 καθ’
2827 821 3006 893 έτέραν
3058 819 3377 897 ὑπογραφὴν
3424 817 3569 892 πρός
3605 818 3659 873 τί
3702 818 3841 891 εἰσιν,

2209 913 2289 972 οἷς
2317 912 2379 965 τὸ
2410 910 2542 964 εἶναι
2573 909 2764 964 ταυτόν
2798 909 2907 964 έστι
2937 913 3016 981 τῷ
3044 908 3178 984 πρός
3206 909 3258 963 τί
3288 930 3405 970 πως
3433 905 3606 984 ἔχειν.

2279 1111 2346 1164 γ.
2381 1093 2539 1144 Ὅταν
2581 1092 2672 1162 μὲν
2727 1087 2817 1144 οῦν
2865 1089 3134 1164 θεωρῆταί
3178 1109 3230 1143 τι
3278 1089 3395 1152 καθ’
3441 1088 3598 1159 αὑτὸ,
3641 1087 3772 1164 πρός
3797 1111 3844 1144 τι

2210 1179 2308 1232 οὐκ
2341 1174 2502 1232 ἔστιν·
2555 1178 2716 1247 ἡνίκα
2767 1176 2823 1232 δὶ
2884 1177 3066 1254 σχέσιν
3123 1177 3257 1249 πρὸς
3314 1173 3499 1252 1ἕτερον
3550 1179 3686 1251 σχῇ,
3735 1177 3844 1238 τότε

2211 1265 2277 1336 δὴ
2323 1265 2460 1342 πρός
2506 1267 2557 1320 τί
2606 1266 2768 1321 ἐστιν·
2819 1268 2932 1320 οἷον
2983 1267 3011 1320 ὁ
3061 1264 3377 1340 Σωκράτης,
3430 1265 3569 1318 καθὸ
3623 1264 3715 1335 μὲν
3765 1265 3845 1318 ἂν·

2212 1368 2450 1431 θρωπος,
2481 1356 2516 1424 ἢ
2569 1356 2886 1434 φιλόσοφος,
2931 1357 2966 1424 ἢ
3009 1377 3060 1410 τι
3109 1359 3374 1426 τοιοῦτον,
3423 1359 3544 1416 καθ’
3588 1351 3717 1408 αὑτὸ
3764 1353 3843 1407 λέ-

2209 1466 2357 1519 γεται
2390 1464 2402 1476 ·
2476 1444 2566 1498 καὶ
2638 1441 2749 1498 οὐδ’
2804 1444 2949 1506 δλως
3024 1445 3157 1518 πρὸς
3227 1439 3411 1519 ἕτερον
3491 1439 3848 1519 ἀναφέρεται·

2210 1535 2340 1588 καθὸ
2389 1531 2447 1587 δὲ
2488 1535 2668 1610 πατὴρ
2701 1534 2735 1601 ἢ
2792 1529 3140 1599 διδάσκαλος,
3188 1532 3324 1586 κατὰ
3367 1534 3534 1586 τοῦτο
3585 1531 3720 1607 πρὸς
3749 1527 3845 1585 ἓτε-

2213 1642 2303 1697 ρον
2343 1621 2678 1700 ἀναφέρεται,
2726 1622 2815 1676 καὶ
2864 1622 2998 1696 ἅπερ
3043 1620 3181 1674 ἐστὶν
3229 1619 3410 1689 αὐτὸς,
3473 1618 3671 1695 ἑτέρων
3724 1618 3842 1673 εἶναι

2213 1709 2447 1785 λέγεται.
2509 1712 2696 1788 Πατὴρ
2745 1712 2847 1785 γὰρ
2908 1707 2980 1764 ὢν
3039 1711 3159 1764 υἱοῦ
3215 1708 3429 1783 λέγεται
3489 1709 3673 1783 πατήρ
3703 1727 3716 1740 ·
3763 1707 3842 1760 καὶ

2211 1797 2534 1861 διδάσκαλος
2567 1798 2640 1853 ὢν
2675 1803 2918 1872 μαθητοῦ
2949 1795 3270 1860 διδάσκαλος
3303 1795 3540 1873 λέγεται.

529 1938 581 2030 4r.
614 1976 760 2040 Quia
791 1981 987 2032 autem
1018 1977 1322 2048 multiplex
1352 1983 1442 2033 est
1471 1995 1672 2034 eorum
1704 1996 1831 2050 quas
1862 1983 2001 2033 sunt
2030 1979 2100 2034 ad

2283 1975 2344 2034 δ’.
2381 1978 2527 2033 Ἐπεὶ
2577 1976 2634 2032 δὲ
2681 1975 3030 2053 πολυσχιδής
3075 1979 3110 2046 ἡ
3158 1977 3295 2053 πρὸς
3341 1973 3527 2050 ἕτερον
3579 1979 3686 2029 τῶν
3720 1974 3843 2050 πρός

458 2064 701 2136 aliquid,
754 2065 955 2120 relatio
1005 2067 1076 2120 ad
1109 2065 1288 2132 aliud,
1337 2072 1393 2122 et
1441 2084 1554 2122 non
1603 2067 1800 2122 omnia
1854 2065 2100 2122 aliorum

456 2169 586 2209 esse
637 2154 950 2222 dicuntur;
984 2160 1287 2227 propterea
1316 2156 1491 2210 etiam
1523 2157 1816 2228 adjectum
1860 2161 1968 2223 est,
2003 2161 2103 2209 aut

459 2259 694 2314 quoquo
746 2243 858 2298 alio
889 2244 1062 2298 modo
1094 2245 1164 2299 ad
1199 2243 1354 2299 aliud
1399 2245 1794 2316 (referuntur).
1827 2245 2099 2308 Quaedam

457 2332 613 2387 enim
663 2348 863 2388 eorum
915 2349 1040 2403 quaa
1073 2338 1211 2388 sunt
1257 2333 1327 2387 ad
1377 2333 1623 2405 aliquid,
1655 2334 1726 2388 ad
1778 2334 2101 2404 genitivum

457 2437 662 2477 casum
709 2421 1056 2489 referuntur,
1092 2427 1155 2476 ut
1184 2421 1341 2477 ﬁlius
1371 2428 1426 2478 et
1468 2427 1651 2493 pater,
1686 2422 2008 2493 discipulus
2047 2427 2104 2476 et

457 2509 678 2566 doctor.
711 2510 981 2574 Quaedam
1033 2511 1103 2565 ad
1136 2511 1396 2566 dativum
1446 2529 1648 2566 casum
1684 2516 1747 2567 ut
1775 2510 1995 2583 aequale
2047 2516 2104 2565 et

460 2598 915 2669 simile.1Equale
942 2599 1096 2654 enim
1128 2600 1337 2671 aequali
1368 2600 1673 2671 aaquale,et
1701 2599 1892 2654 simile
1922 2599 2100 2653 simili

454 2688 646 2744 simile
694 2693 802 2743 est.
836 2689 1112 2754 Quadam
1160 2688 1338 2744 simul
1370 2690 1441 2743 ad
1489 2689 1808 2761 genitivum
1856 2694 1913 2743 et
1943 2687 2100 2743 abla-

453 2777 638 2832 tivum
670 2777 752 2846 (in
785 2777 980 2832 Graeca
1011 2778 1246 2849 quidem
1279 2777 1480 2851 lingua
1508 2779 1814 2849 dativum):
1841 2783 1906 2832 ut
1936 2794 2102 2832 exsu-

453 2881 666 2937 perans
695 2866 1022 2937 exsuperati
1053 2871 1141 2922 est
1170 2883 1563 2938 exsuperans;
1594 2871 1652 2922 et
1689 2871 2101 2937 exsuperatum

453 2960 838 3026 exsuperante
887 2959 1310 3027 exsuperatur;
1358 2961 1414 3010 et
1458 2955 1694 3023 iterum,
1744 2970 2100 3026 exsuperans

451 3043 605 3099 216
636 3044 1044 3114 exsuperantia
1089 3048 1397 3115 exsuperat
1430 3062 1442 3098 :
1471 3043 1649 3098 veluti
1693 3044 1970 3099 denarius
1999 3060 2099 3098 ex-

450 3137 686 3203 superat
744 3132 1043 3187 senarium
1103 3131 1490 3203 quaternario.
1550 3132 1823 3196 Quaedam
1903 3135 2098 3186 autem

450 3221 626 3276 etiam
659 3237 793 3275 cum
827 3220 1232 3293 praepositione
1291 3222 1586 3286 dicuntur,
1620 3225 1685 3274 ut
1713 3237 1995 3292 magnum
2027 3220 2097 3275 ad

450 3325 694 3381 parvum
743 3314 799 3364 et
828 3325 1105 3380 magnum
1137 3327 1148 3374 ;
1185 3312 1241 3364 et
1269 3325 1513 3380 parvum
1546 3310 1616 3364 ad
1661 3326 1941 3380 magnum
1970 3326 2101 3380 par-
2137 3294 2179 3359 C

450 3413 610 3452 vum.
646 3398 922 3463 Quaedam
977 3396 1151 3452 etiam
1185 3413 1320 3452 cum
1372 3397 1568 3468 aliqua
1597 3399 1748 3453 circa
1795 3398 2107 3453 dictionem

453 3486 819 3552 mutatione;
859 3490 924 3540 ut
971 3503 1178 3541 secans
1230 3486 1286 3540 id
1339 3488 1493 3558 quod
1544 3491 1770 3542 secatur
1816 3492 2012 3554 secat;
2059 3474 2116 3542 et

456 3575 610 3646 quod
662 3578 892 3629 secatur
942 3591 976 3629 a
1021 3579 1254 3630 secante
1301 3580 1547 3631 secatur.
1596 3576 1882 3640 Quoniam
1935 3576 2117 3648 igitur

2209 2089 2260 2121 τι
2293 2068 2552 2143 ἀναφορὰ,
2583 2068 2672 2122 καὶ
2721 2066 2784 2122 οὑ
2835 2066 3043 2142 λέγεται
3091 2065 3262 2120 πάντα
3309 2064 3532 2141 ἐτέρωνο
3584 2061 3673 2118 διὰ
3698 2068 3842 2118 τοῦτο

2210 2154 2524 2230 πρόσκειται
2578 2156 2641 2210 τὸ
2698 2156 2732 2224 ἢ
2794 2157 3040 2210 ὁπωσοῦν
3102 2151 3288 2215 ἄλλως
3345 2155 3484 2228 πρὸς
3535 2150 3734 2227 ἕτερον.
3781 2153 3848 2205 Τὰ

2215 2245 2308 2316 μέν
2358 2245 2460 2320 γὰρ
2514 2249 2619 2298 τῶν
2664 2244 2800 2318 πρός
2848 2265 2900 2297 τι
2949 2245 3083 2320 πρὸς
3130 2243 3348 2318 γενικὴν
3384 2241 3607 2319 φέρεται
3636 2245 3845 2295 πτῶσιν·

2211 2333 2286 2394 ὡς
2319 2334 2432 2394 υἱὸς
2465 2333 2556 2386 καὶ
2603 2334 2804 2408 πατὴρ,
2863 2333 3114 2405 μαθητὴς
3162 2331 3251 2386 καὶ
3301 2328 3630 2392 διδάσκαλος
3665 2348 3677 2361 °
3707 2329 3770 2383 τὰ
3797 2325 3845 2382 δὲ

2210 2423 2346 2497 πρὸς
2408 2419 2652 2490 δοτικὴν,
2711 2421 2784 2482 ὡς
2842 2422 2905 2475 τὸ
2963 2418 3077 2475 ἴσον
3133 2421 3223 2474 καὶ
3255 2419 3478 2492 ὅμοιον
3509 2418 3574 2474 τὸ
3617 2419 3714 2493 γὰρ
3743 2415 3840 2471 ἴσον

2213 2508 2314 2582 ἷ¹σῳ
2365 2508 2500 2580 ἴσον,
2551 2510 2640 2564 καὶ
2670 2510 2732 2564 τὸ
2764 2509 2956 2582 ὅμοιον
3009 2509 3190 2583 ὁμοίῳ
3247 2508 3462 2581 ὅμοιον·
3495 2509 3565 2562 τὰ
3623 2504 3679 2561 δὲ
3724 2505 3844 2580 πρὸς

2211 2602 2430 2674 γενικὴν
2468 2599 2608 2672 ὁμοῦ
2637 2599 2726 2653 καὶ
2767 2596 3009 2669 δοτικήν·
3040 2599 3116 2660 ὡς
3160 2599 3222 2652 τὸ
3254 2596 3522 2673 ὑπερέχον
3555 2599 3652 2650 τοῦ
3700 2594 3843 2667 ὑπερ-

2212 2690 2480 2764 εχομένου
2540 2687 2842 2763 ὑπερέχει,
2900 2687 2990 2742 καὶ
3059 2687 3120 2741 τὸ
3194 2686 3606 2762 ὑπερεχόμενον
3677 2679 3844 2753 ὑπερέ-

2212 2798 2367 2854 χοντι
2420 2779 2762 2853 ὑπερέχεται,
2816 2777 2906 2830 καὶ
2960 2774 3124 2830 πάλιν
3177 2775 3239 2829 τὸ
3299 2773 3568 2850 ὑπερέχον
3615 2771 3841 2844 ὑπεροχῇ

2213 2868 2484 2942 ὑπερέχει·
2535 2869 2649 2921 οἷον
2698 2867 2726 2920 ὁ
2773 2863 2899 2920 δέκα
2943 2869 3041 2920 τοῦ
3083 2863 3138 2936 ἓξ
3188 2862 3441 2940 ὑπερέχει
3491 2867 3570 2934 τῷ
3613 2861 3838 2932 τέσσαρα·

2208 2957 2330 3010 τινὰ
2382 2953 2439 3009 δὶ
2495 2955 2583 3009 καὶ
2646 2955 2778 3027 μετὰ
2835 2952 3141 3029 προθέσεως
3201 2952 3436 3028 λέγεται·
3499 2951 3574 3012 ὡς
3620 2947 3681 3004 τὸ
3724 2948 3846 3020 μέγα

2210 3045 2345 3120 πρὸς
2382 3043 2572 3118 μικρὸν
2613 3044 2766 3118 μέγα,
2799 3040 2888 3096 καί
2934 3043 2996 3096 τὸ
3049 3041 3242 3118 μικρὸν
3289 3042 3424 3117 πρὸς
3476 3040 3617 3114 μέγα
3649 3034 3842 3110 μικρόν.

2210 3133 2339 3188 Τινᾶ
2385 3129 2443 3187 δὲ
2490 3132 2581 3186 καὶ
2638 3133 2771 3204 μετά
2817 3151 2966 3193 τινος
3015 3131 3139 3203 περὶ
3184 3131 3282 3198 τὴν
3326 3127 3470 3199 λέξιν
3519 3123 3842 3198 ὑπαλλαγῆς⁹

2217 3223 2296 3285 ὡς
2343 3222 2404 3275 τὸ
2451 3222 2648 3293 τέμνον
2695 3219 3029 3293 τεμνόμενον
3059 3220 3263 3292 τέμνει,
3312 3218 3400 3273 καὶ
3439 3219 3503 3272 τὸ
3539 3213 3843 3289 τεμνόμειον

2223 3311 2324 3365 ὑπὸ
2372 3311 2663 3382 τέμνοντος
2718 3309 2990 3383 τέμνεται,
3024 3308 3172 3363 Ἐπεὶ
3205 3307 3294 3361 οὗν
3328 3307 3474 3361 οὕτω
3506 3305 3589 3370 ,τὰ
3631 3301 3761 3378 πρός
3803 3319 3847 3352 τι

2221 3395 2527 3459 πολυειδῶς
2577 3397 3012 3472 σχηματίζεται,
3071 3392 3160 3450 διὰ
3214 3400 3372 3450 τοῦτο
3430 3395 3738 3471 πρόσκειται
3785 3389 3845 3458 τῇ

2221 3486 2427 3541 τούτων
2485 3486 2770 3563 ὑπογραφῇ
2829 3486 2892 3541 τὸ
2951 3485 2986 3553 ἢ
3049 3485 3295 3539 ὁπωσοῦν
3355 3482 3546 3546 ἄλλως
3601 3480 3732 3556 πρὸς
3752 3473 3848 3530 ἓτε-

2227 3595 2318 3651 ρον
2331 3618 2342 3630 .

457 3680 584 3735 quae
615 3669 752 3718 sunt
783 3663 854 3718 ad
905 3662 1126 3735 aliquid
1159 3663 1243 3719 ita
1292 3664 1674 3720 multifariam
1710 3665 2039 3736 figurantur
2088 3671 2146 3721 et
2195 3665 2621 3737 exprimuntur,
2675 3668 2981 3736 propterea
3029 3662 3291 3734 ipsorum
3338 3656 3712 3733 descriptioni
3759 3652 3848 3709 ad-

449 3753 672 3822 jectum
707 3756 795 3807 est
822 3751 954 3820 hoc,
987 3757 1087 3807 aut
1117 3751 1232 3808 alio
1263 3769 1616 3826 quocunque
1651 3755 1822 3809 modo
1853 3754 1924 3808 ad
1958 3753 2115 3808 aliud
2147 3752 2546 3823 (referuntur).

525 3860 579 3914 5.
613 3860 894 3915 Convenit
939 3860 1290 3930 quibusdam
1332 3877 1459 3932 quae
1507 3866 1647 3916 sunt
1675 3862 1746 3916 ad
1796 3861 2013 3933 aliquid
2047 3865 2104 3916 et

456 3948 920 4017 contrarietas,et
950 3950 1135 4020 magis
1169 3951 1484 4020 minusque
1511 3969 1523 4018 ;
1551 3956 1952 4006 verumtamen
1987 3967 2100 4005 non

456 4053 524 4093 ea
555 4037 775 4091 ratione
807 4054 933 4108 quae
968 4045 1106 4092 sunt
1137 4039 1206 4092 ad
1241 4037 1483 4108 aliquid,
1517 4039 1616 4093 sed
1662 4039 1803 4109 quia
1832 4039 1961 4094 sine
1992 4038 2104 4093 alio

457 4126 906 4198 praedicamento
958 4141 1026 4179 ne
1055 4125 1290 4196 quidem
1342 4127 1581 4198 cogitari
1616 4133 1864 4198 possunt
1912 4143 2013 4198 per
2045 4143 2106 4181 se

457 4231 584 4285 quae
617 4219 756 4268 sunt
786 4214 858 4268 ad
885 4212 1127 4285 aliquid.
1159 4219 1398 4286 Semper
1443 4216 1601 4270 enim
1637 4232 1769 4270 cum
1803 4215 1933 4270 aliis
1965 4233 2106 4288 pras-

461 4293 810 4357 dicamentis
859 4303 1240 4358 coexsistunt.
1270 4308 1581 4373 Propterea
1611 4321 1744 4358 cum
1778 4305 2014 4375 quidem
2051 4305 2108 4358 in

462 4392 916 4463 praedicamento
966 4401 1202 4463 accepta
1233 4392 1449 4447 fuerint
1488 4393 1958 4448 contrarietatem
2008 4394 2109 4447 ha-

467 4481 660 4545 bente,
693 4481 1160 4536 contrarietatem
1193 4487 1249 4536 et
1278 4482 1409 4553 ipsa
1440 4481 1740 4537 habebunt
1762 4482 1888 4549 ;sin
1917 4487 2111 4537 autem

467 4571 527 4625 in
559 4571 1005 4642 praedicamento
1037 4573 1509 4626 contrarietatem
1544 4588 1656 4626 non
1708 4571 1978 4638 habente,
2012 4587 2114 4625 nec

470 4660 600 4731 ipsa
648 4658 906 4730 aliquam
976 4660 1444 4714 contrarietatem
1512 4660 1832 4715 habebunt.
1886 4660 1946 4714 In
2008 4676 2121 4730 quo

470 4754 665 4804 autem
700 4748 1148 4820 prmdicamento
1189 4750 1336 4805 217
1374 4750 1757 4804 contrarietas
1788 4754 1896 4814 est,
1927 4748 1986 4803 in
2018 4748 2116 4804 illo

471 4838 647 4891 etiam
699 4838 888 4909 magis
917 4840 975 4891 et
1004 4836 1204 4891 minus
1252 4841 1362 4901 est,
1397 4836 1686 4908 siquidem
1737 4835 2117 4890 contrarietas

471 4925 882 4981 intermedium
916 4926 1092 4981 habet
1128 4931 1189 4979 ut
1218 4931 1388 4980 antea
1419 4925 1640 4980 dictum
1673 4929 1781 4979 est.

539 5033 594 5087 6.
629 5031 892 5086 Scientiae
939 5032 1138 5104 igitur,
1173 5031 1510 5104 particulari
1543 5031 1627 5085 illi
1678 5029 1957 5085 nimirum
1989 5046 2116 5101 quae

469 5125 557 5177 est
587 5120 645 5174 in
678 5119 785 5174 hoc
834 5120 1029 5190 aliquo
1061 5122 1191 5192 (hoc
1224 5127 1315 5176 est
1341 5121 1646 5193 singulari)
1698 5121 1952 5186 nomine,
1987 5136 2119 5174 con-

468 5208 717 5265 trarium
767 5208 878 5263 erit
926 5208 1314 5279 ignorantiae;
1368 5215 1425 5265 et
1470 5210 1590 5265 haec
1642 5210 1828 5281 magis
1877 5207 2120 5263 scientia

472 5300 739 5352 minusve
770 5297 1011 5352 scientia
1042 5298 1154 5353 dici
1187 5305 1382 5368 queat.
1404 5299 1910 5363 Quemadmodum
1943 5297 2119 5352 etiam

469 5387 610 5442 huic
643 5404 768 5457 quae
801 5388 872 5441 ab
929 5385 1226 5457 aliquibus
1261 5388 1391 5457 (hoc
1422 5394 1531 5456 est,
1565 5388 1988 5458 singularibus)
2023 5389 2122 5442 ho-

475 5476 736 5532 minibus
786 5480 1083 5529 exercetur
1111 5476 1310 5528 virtuti
1351 5476 1552 5529 vitium
1587 5483 1675 5531 est
1723 5478 2118 5542 contrarium;

477 5572 534 5623 et
564 5566 684 5620 huic
735 5565 920 5635 magis
952 5564 1136 5616 virtus
1188 5562 1501 5632 minusque
1532 5564 1714 5619 virtus
1756 5567 1867 5620 diei
1924 5570 2119 5636 queat.

481 5653 799 5711 Universuli
852 5658 1044 5707 autem
1081 5651 1334 5705 scientia:
1365 5657 1418 5704 et
1467 5652 1599 5706 huic
1646 5654 1880 5724 quidem
1934 5654 2122 5725 quoad

481 5742 868 5801 universalem
899 5740 1180 5796 rationem
1231 5740 1560 5811 ignorantia
1589 5747 1680 5796 est
1728 5744 2081 5798 contrarium
2109 5766 2123 5810 ;

2284 3859 2320 3912 ε’
2356 3903 2367 3914 .
2431 3857 2692 3933 Πρόσεστί
2760 3877 2870 3910 τισι
2943 3860 3048 3909 τῶν
3109 3855 3245 3931 πρός
3301 3877 3353 3911 τι
3405 3856 3499 3910 καί
3561 3845 3847 3933 ἐναντιότης

2211 3947 2393 4002 καὶτὸ
2430 3944 2643 4020 μᾶλλον
2669 3946 2850 4000 καὶτὸ
2902 3948 3088 4014 ἥττον’
3144 3942 3292 4012 πλὴν
3349 3943 3411 3999 οὗ
3468 3943 3604 3999 κατὰ
3639 3939 3722 3993 τὸν
3766 3932 3848 3988 λό-

2215 4058 2310 4111 γον
2366 4041 2472 4090 τὼν
2519 4035 2654 4109 πρός
2702 4054 2774 4088 τι*
2827 4031 2951 4089 ἀλλ’
3003 4033 3119 4088 έπεὶ
3175 4033 3352 4108 χωρὶς
3402 4033 3587 4108 ἑτέρας
3631 4041 3847 4111 κατηγος

2218 4106 2336 4198 ρίας
2369 4122 2486 4178 οὐδ’
2519 4106 2875 4193 ἐπινοηθῆναι
2924 4120 3142 4176 δύναται
3307 4120 3442 4194 πρός
3471 4106 3524 4175 τι
3569 4116 3682 4172 καθ’
3711 4106 3851 4167 ἑαυτᾶ

2219 4217 2358 4286 (ταῖς
2417 4211 2612 4274 ἄλλαις
2671 4213 2774 4288 γὰρ
2843 4211 3200 4286 κατηγορίαις
3259 4209 3341 4264 ἀεὶ
3424 4199 3846 4284 συνυφίσταται)·

2221 4302 2318 4357 Διὰ
2346 4303 2491 4356 τοῦθ’
2523 4301 2647 4356 ὅταν
2703 4301 2794 4373 μὲν
2847 4299 2933 4355 ἐπὶ
2983 4298 3320 4374 κατηγορίας
3371 4296 3604 4376 ληφθείη
3638 4287 3850 4376 ἐχούσης

2222 4390 2552 4462 ἐναντίωσιν,
2603 4386 2707 4460 ἕξει
2763 4389 2854 4444 καὶ
2915 4388 3050 4443 αὑτὰ
3107 4385 3452 4442 έναντίωσιν·
3505 4383 3627 4440 ὅταν
3685 4376 3728 4432 δ’
3776 4369 3850 4462 ἐπὶ

2223 4460 2554 4554 κατηγορίας
2596 4478 2696 4534 οὑκ
2744 4477 2981 4554 έχούσης
3033 4476 3370 4548 ἐναντίωσιν,
3423 4471 3538 4530 οὐδ’
3586 4467 3714 4526 αὐτὰ
3761 4460 3852 4554 ἓξξι

2226 4547 2719 4622 τινὰἽέναντίωσιν·
2949 4563 3007 4621 δὲ
3048 4547 3412 4641 κατηγορίᾳνή
3465 4547 3852 4641 ἐναντίωσις,έγ

2233 4657 2408 4730 ἐκείνῃ
2463 4656 2554 4711 καὶ
2603 4657 2664 4711 τὸ
2719 4654 2932 4728 μᾶλλον
2985 4655 3074 4710 καὶ
3122 4657 3185 4709 τὸ
3231 4653 3390 4723 ἧττόν
3442 4653 3602 4722 ἐστιν,
3649 4637 3849 4716 simpli

2229 4744 2534 4808 ἐναντίωσις
2567 4742 2680 4821 ἔχει
2712 4745 2772 4799 τὸ
2806 4744 3066 4818 ἔμμεσον,
3099 4744 3174 4805 ὡς
3205 4742 3550 4819 προείρηται.

2298 4942 2363 5004 ς’.
2396 4945 2472 5014 Τῇ
2521 4945 2648 5017 γοῦν
2701 4939 2788 4994 ἐπὶ
2843 4940 3040 5012 μέρους
3089 4938 3392 5011 ἐπιστήμῃ,
3443 4916 3849 5022 δηλονότιτῇέγ

2227 5030 2503 5104 ἀνθρώπῳ
2557 5027 2698 5102 τῷδέ
2753 5050 2881 5100 τινι,
2945 5027 3182 5082 ἐναντίον
3241 5025 3381 5081 ἐστὶν
3441 5027 3476 5094 ἡ
3536 5023 3850 5104 ἅγνοιαχκαι

2233 5097 2788 5190 μᾶλλον-ἐπισυτξμη
2851 5097 3052 5193 λέγοιτ’
3112 5115 3170 5171 ἂν
3233 5115 3367 5186 αὕτη
3425 5112 3514 5168 καὶ
3559 5111 3712 5177 ἧττον
3750 5097 3847 5152 ἐπι·

2229 5209 2413 5278 στήμη
2450 5249 2461 5260 .
2525 5206 2766 5280 Καθάπερ
2825 5205 2916 5260 καὶ
2978 5209 3048 5277 τῇ
3109 5203 3466 5281 ἐνεργουμὲνῃ
3519 5194 3662 5272 παρὰ

2231 5270 2412 5369 ἀρετῇ,
2447 5295 2682 5350 ἐναντίον
2734 5270 2874 5350 έστὶν
2921 5296 2956 5363 ἡ
2989 5270 3169 5348 κακία·
3196 5270 3311 5347 ’καὶ
3337 5270 3566 5365 ’μᾶλλον
3593 5270 3848 5369 ἀρετή-λέ·

2231 5361 2461 5459 γοιτίᾶν
2507 5385 2640 5454 αὕτη
2689 5384 2781 5438 καὶ
2829 5361 2991 5453 ἦττον
3043 5382 3227 5456 ἀρετή.
3275 5361 3366 5454 Τῇ-
3397 5375 3629 5435 καθόλου
3673 5365 3716 5422 δ’
3746 5361 3849 5459 ἐπι·

2232 5476 2412 5546 στ’ἦμῃ
2466 5472 2702 5528 ἐναντίον
2767 5473 2860 5546 μὲν
2936 5472 3026 5526 καὶ
3076 5469 3245 5545 ταύτῃ
3317 5469 3453 5525 κατὰ
3503 5467 3593 5521 τὸν
3637 5449 3847 5546 διαθέλου

2232 5535 2412 5636 λόγὸζ
2450 5564 2484 5631 ἡ
2536 5535 2854 5637 ἄγνοια’,τὸ
2903 5558 3120 5634 μᾶλλον
3170 5535 3243 5616 δέ
3278 5560 3366 5615 καὶ
3415 5562 3573 5628 ἧττον
3612 5535 3846 5637 οὑκγξιῖτιν

2233 5651 2284 5705 ἐν
2317 5623 2484 5724 αὐτῇ..
2535 5623 2671 5705 Οὑδὲ
2718 5650 2818 5725 γὰρ
2870 5623 2970 5719 τῆς
3021 5649 3259 5706 καθόλου
3309 5623 3611 5719 ἐπιστήμης
3657 5623 3842 5725 μδξῆἶθν

2233 5711 2520 5814 γένοιτἸ-ἂν
2549 5711 2847 5813 ἐπιστήμη.
2879 5711 2963 5794 To
2999 5736 3045 5793 δ’
3095 5739 3224 5794 αὐτὸ
3272 5739 3361 5793 καὶ
3393 5711 3610 5798 ἐπὶ”τῆ<
3637 5711 3844 5778 καθόλου
