4108 6460
331 425 447 488 857

1681 417 2028 481 EPITOME
2071 413 2374 479 LOGICA.

3608 388 3728 454 858

329 556 545 636 ἀρετῆς.
577 555 814 613 ’Δτελῶν
846 555 1038 633 γὰρτὸ
1101 552 1311 629 μᾶλλον
1370 553 1458 609 καὶ
1513 556 1673 623 ἧττον
1723 551 1848 608 ἀλλ’
1905 549 1967 604 οὗ

2109 554 2142 605 ιι
2171 550 2357 622 magis
2383 551 2439 604 et
2469 545 2665 602 minus
2695 558 2810 598 non
2841 542 2930 596 est
2957 539 3017 594 in
3047 552 3134 593 ea.
3166 533 3365 605 Neque
3393 529 3550 586 enim
3594 526 3726 582 uni-

326 645 552 702 τελείων
580 645 669 701 καὶ
699 645 1033 722 ἀκροτήτων.

405 1004 464 1072 ζ’.
499 1001 656 1059 Ἀλλ’
689 998 813 1056 οὐδὲ
839 1001 902 1055 τὸ
944 997 1057 1055 i’aov
1087 998 1420 1056 ἐπιδεκτικόν
1469 999 1578 1054 ἐστι
1620 1003 1716 1054 τοῦ
1766 998 1976 1071 μᾶλλον

330 1092 420 1146 καὶ
463 1094 647 1160 ἧττον.
704 1092 947 1165 ’Ὠρισται
997 1090 1099 1166 γὰρ
1139 1091 1201 1144 τὸ
1253 1087 1384 1144 ἷὲτον·
1417 1090 1477 1144 τὸ
1530 1087 1586 1144 δὲ
1628 1087 1839 1162 μᾶλλον
1889 1088 1979 1141 καὶ

328 1182 493 1249 ἧττον
527 1180 661 1235 κατᾶ
688 1179 751 1234 τὸ
781 1178 1032 1256 ἀόριστον
1063 1185 1163 1248 τῆς
1195 1176 1334 1248 ὕλης
1367 1177 1647 1257 ὑφέστηκε.

401 1359 475 1427 η’.
509 1358 581 1412 Τὸ
628 1355 675 1412 δ’
727 1358 906 1412 ἄνισον
968 1358 1056 1412 καὶ
1103 1357 1166 1412 τὸ
1208 1357 1489 1430 ἀνόμοιον,
1539 1356 1627 1411 καὶ
1673 1357 1736 1410 τὸ
1785 1354 1979 1428 ὅμοιον

332 1445 645 1524 ἐπιδεκτικὰ
697 1451 795 1502 τοῦ
858 1445 1069 1520 μᾶλλον
1127 1446 1216 1500 καὶ
1290 1449 1451 1515 ἦττον
1527 1446 1756 1524 πέφυκεν
1826 1443 1979 1499 εἶναι.

326 1523 554 1613 Ἐτέρου
601 1537 706 1612 γὰρ
751 1532 960 1612 ἕτερον,
1019 1535 1231 1609 μᾶλλον
1280 1533 1368 1590 καί
1424 1523 1826 1607 ἧττονίδμοιον
1892 1533 1981 1586 καὶ

328 1625 589 1699 ἀνόμοιον
621 1623 713 1680 καὶ
744 1623 919 1680 ἄνισόν
953 1623 1064 1679 ἐστί
1093 1645 1153 1678 τε
1181 1624 1271 1679 καὶ
1302 1624 1533 1701 λέγεται.

401 1733 464 1796 θ’.
498 1731 573 1786 Οὐ
624 1729 834 1787 διδόασι
887 1729 934 1786 δ’
973 1731 1158 1794 αὐτοῖς
1210 1731 1536 1802 ἐναντίωσιν,
1578 1731 1666 1786 ⁴ίνα
1718 1732 1816 1804 μὴ,
1866 1730 1979 1786 ἐπεὶ

326 1821 391 1876 τὸ
419 1821 552 1876 αὐτὸ
582 1821 722 1894 πρὸς
753 1819 894 1876 ἄλλο
945 1821 1035 1875 καὶ
1083 1817 1224 1876 ἄλλο
1281 1816 1693 1894 λαμϐανόμενον
1744 1820 1979 1896 εὑρίσκε-

2084 619 2294 695 versali
2348 637 2592 694 scientia
2645 631 2834 704 magis
2890 626 3137 686 scientia
3190 620 3386 678 fuerit.
3448 619 3727 689 Idemque

2085 730 2259 785 etiam
2309 729 2380 783 de
2409 728 2621 782 virtute
2664 717 2978 778 universali
3023 713 3315 788 judicium
3363 713 3468 764 est.
3505 708 3729 779 Imper-

2085 821 2367 876 fectorum
2389 816 2545 872 enim
2571 817 2660 869 est
2689 811 2878 882 magis
2898 813 2954 864 et
2978 806 3317 871 minus,non
3340 798 3727 872 perfectorum

2086 914 2143 965 et
2172 921 2602 980 supremorum.

2155 1000 2210 1054 7.
2243 997 2348 1052 Sed
2400 1011 2504 1050 nec
2533 992 2708 1048 etiam
2739 986 2960 1060 aequale
2992 983 3180 1056 magis
3210 984 3267 1036 et
3314 978 3511 1034 minus
3540 973 3727 1030 susci-

2089 1087 2287 1161 piendi
2331 1083 2668 1140 facultatem
2713 1079 2926 1145 habet;
2959 1075 3180 1145 aequale
3211 1070 3366 1126 enim
3422 1064 3726 1120 definitum

2089 1181 2196 1234 est.
2225 1179 2298 1232 At
2327 1174 2514 1246 magis
2544 1176 2602 1227 et
2631 1169 2829 1225 minus
2857 1165 3182 1222 secundum
3203 1157 3590 1214 inﬁnitionem
3613 1169 3731 1208 ma-

2090 1267 2247 1323 teriae
2279 1263 2568 1320 subsistit.

2159 1357 2213 1410 8.
2248 1356 2360 1411 Sed
2390 1349 2674 1422 inaequale
2720 1351 2777 1403 et
2805 1342 3092 1401 dissimile
3123 1343 3180 1396 et
3209 1336 3420 1406 simile,
3453 1332 3642 1422 magis
3673 1332 3731 1384 et

2091 1447 2288 1501 minus
2337 1420 2692 1513 suscipiendi
2739 1436 2857 1490 vim
2907 1429 3232 1488 naturalem
3281 1426 3516 1482 habent.
3557 1420 3731 1475 Aliud

2091 1535 2246 1592 enim
2279 1535 2390 1589 alio
2408 1530 2596 1602 magis
2626 1532 2680 1582 et
2701 1526 2900 1580 minus
2920 1521 3109 1579 simile
3126 1524 3181 1574 et
3197 1515 3484 1573 dissimile
3512 1515 3569 1567 et
3591 1510 3727 1564 inae-

2091 1625 2262 1697 quale
2291 1628 2379 1678 est
2407 1627 2584 1692 atque
2614 1616 2845 1672 dicitur.

2157 1734 2213 1788 9.
2245 1732 2371 1787 Non
2401 1726 2727 1783 attribuunt
2757 1725 2953 1777 autem
2983 1717 3128 1790 ipsis
3159 1708 3734 1772 contrarietatem,ut

2091 1840 2162 1879 ne
2191 1821 2344 1878 218
2376 1813 2852 1890 quandoquidem
2884 1809 3038 1863 idem
3069 1806 3139 1861 ad
3171 1803 3331 1860 aliud
3369 1805 3544 1872 atque
3573 1795 3731 1853 aliud

324 1931 412 1965 ται
467 1905 581 1964 ἴσον
633 1909 723 1964 καὶ
781 1906 982 1982 ἄνισον,
1033 1909 1225 1983 ὅμοιόν
1291 1930 1350 1964 τε
1414 1909 1504 1964 καὶ
1562 1883 1842 1982 ἀνόμοιον,
1892 1905 1980 1962 διὰ

2109 1883 2414 1983 Lcceptum;
2446 1883 2667 1976 aequale
2695 1908 2757 1957 et
2784 1895 3092 1969 inaequale,
3126 1892 3319 1950 simile
3347 1894 3404 1947 et
3449 1883 3733 1944 dissimile

325 2003 488 2054 τοῦτο
517 1999 606 2054 καὶ
631 1999 887 2054 τάναντία
918 1999 1059 2072 ὁμοῦ
1091 1996 1413 2074 ἐπιδέχηται
1441 1999 1504 2053 τὸ
1542 1994 1690 2054 αὐτό.

399 2179 449 2232 ι’.
483 2177 547 2232 Εἰ
583 2175 640 2232 δὲ
666 2177 730 2232 τὸ
778 2175 958 2232 ἄνισον
1006 2173 1144 2231 ἴδιον
1190 2174 1248 2231 ὃν
1292 2181 1389 2231 τοῦ
1433 2180 1630 2246 ποσοῦ,
1657 2176 1720 2232 τὰ
1770 2175 1980 2250 μᾶλλον

324 2267 416 2322 καὶ
463 2269 626 2336 ἦττον
677 2264 876 2344 ἔφαμεν
928 2263 1289 2342 ἐπιδέχεσθαι,
1324 2263 1693 2340 διαπορεῖσθαι
1738 2265 1798 2320 οὐ
1842 2269 1978 2342 χρή.

324 2357 394 2410 Τὸ
429 2355 522 2427 μὲν
571 2355 672 2431 γὰρ
721 2356 976 2427 ποσὸν,ᾗ
1003 2356 1190 2423 ποσὸν,
1221 2355 1320 2410 οὐκ
1368 2353 1675 2430 ἐπιδέχεται
1724 2356 1784 2409 τὸ
1838 2331 1978 2428 μάλ-

327 2443 424 2499 λον
451 2443 542 2497 καὶ
570 2446 755 2511 ἧττον.
787 2445 857 2498 Τὸ
907 2441 964 2497 δὲ
1007 2438 1354 2516 συμϐεϐηκὸς
1406 2448 1484 2515 τῷ
1529 2448 1682 2514 ποσῷ
1725 2445 1789 2499 τὸ
1848 2442 1985 2516 μᾶλ-

330 2530 434 2586 λον
487 2529 791 2603 ἐπιδέξαιτο
837 2533 928 2587 καὶ
974 2533 1036 2587 τὸ
1079 2536 1262 2602 ἦττον·
1305 2533 1368 2587 οὗ
1423 2533 1554 2586 καθὸ
1611 2534 1796 2605 ποσὸν,
1840 2531 1986 2588 ἀλλὰ

324 2622 462 2676 καθὸ
494 2621 674 2679 ποιόν.

404 2800 487 2855 ια’.
521 2799 692 2856 Πάλιν
725 2799 770 2855 εἰ
826 2804 934 2854 τῶν
996 2800 1136 2876 πρός
1181 2823 1234 2854 τι
1287 2800 1618 2876 εὑρίσκονται
1679 2801 1842 2877 ἀρετὴ
1896 2787 1986 2855 καἶ

327 2888 610 2962 ἐπιστήμη
663 2887 953 2976 ποιότητές
1018 2886 1367 2976 οὖσαιρδέον
1438 2887 1866 2965 ἀναλογίζεσθαι,
1911 2890 1986 2944 ὡς

326 2977 390 3031 τὸ
441 2976 574 3032 αὐτὸ
621 2969 738 3032 κατ’
788 2975 959 3032 ἄλλον
1009 2977 1098 3031 καὶ
1143 2975 1312 3032 ἄλλον
1350 2975 1540 3052 λόγον,
1577 2978 1662 3032 ὑπ’
1691 2975 1869 3048 ἄλλην
1897 2969 1988 3033 καὶ

334 3063 517 3134 ἄλλην
559 3067 840 3129 τάττεσθαι
895 3065 1246 3142 κατηγορίαν,
1295 3063 1394 3120 οὒκ
1451 3065 1688 3127 ἀπεικός.
1732 3068 1987 3138 Ἐπιστή-

339 3176 414 3227 μη
456 3153 635 3208 τοίνυν
695 3154 785 3208 καὶ
843 3154 1006 3230 ἀρετὴ
1066 3155 1142 3216 ὡς
1205 3156 1296 3227 μὶν
1356 3154 1548 3217 ποιοὺς
1599 3155 1987 3231 παρεχόμεναι,

331 3242 628 3314 ποιότητές
676 3243 830 3298 εἰσινο
873 3243 958 3298 ὅτι
1003 3241 1061 3297 δὲ
1105 3243 1242 3320 πρὸς
1307 3240 1487 3321 ἕτερον
1542 3245 1725 3320 σχέσιν
1786 3244 1983 3323 ἐμφαί-

326 3352 504 3401 νουσι,
536 3338 653 3394 τοῖς
713 3331 850 3409 πρός
908 3353 960 3386 τι
1019 3332 1355 3408 συνάγονται.
1398 3333 1495 3388 Καὶ
1545 3334 1647 3410 γὰρ
1706 3333 1981 3406 ἐπιστήμη

329 3419 623 3491 ἐπιστητοῦ
678 3419 981 3493 ἐπιστήμη·
1041 3421 1131 3475 καὶ
1190 3423 1351 3496 ἀρετὴ
1425 3420 1720 3477 σπουδαίου
1798 3423 1981 3498 ἀρετή·

403 3686 494 3760 ιβ’.
529 3686 710 3740 Πάντα
741 3683 798 3740 δὲ
825 3686 894 3741 τὰ
924 3687 1061 3762 πρός
1099 3709 1152 3741 τι
1209 3687 1346 3763 πρὸς
1414 3683 1837 3766 ἀντιστρέφοντα
1895 3687 1983 3744 λέ-

328 3795 504 3851 γεται,
538 3775 769 3829 ἀπὸτοῦ
827 3775 992 3830 αὐτοῦ
1053 3775 1340 3852 ἀρχόμενα
1397 3776 1737 3852 πράγματος,
1768 3778 1857 3831 καὶ
1914 3778 1989 3839 εἷς

330 3863 394 3918 τὸ
452 3862 583 3918 αὐτὸ
641 3861 1035 3940 καταλήγοντα,
1092 3864 1188 3918 κᾶν
1241 3863 1410 3919 ἐνίοτε
1463 3869 1531 3938 τῇ
1582 3871 1834 3943 προφορᾷ
1887 3873 1988 3935 τῆς

334 3951 532 4023 λέξεως
583 3949 1001 4008 διαλλάττωσιν·
1054 3953 1129 4014 ὡς
1173 3953 1201 4006 ὁ
1251 3951 1411 4031 φίλος
1461 3952 1627 4028 φίλου
1685 3954 1866 4032 φίλος·
1899 3955 1990 4009 καὶ

332 4041 397 4096 τὸ
429 4039 605 4118 δῶρον
633 4041 778 4118 παρὰ
804 4046 902 4096 τοῦ
933 4038 1282 4117 δωρουμένου
1315 4039 1588 4118 δωρεῖται.

413 4149 500 4223 ιγ’.
529 4148 643 4223 Χρή
677 4145 736 4203 δὲ
765 4148 902 4224 πρὸς
932 4149 961 4202 ’ὁ
994 4147 1204 4224 λέγεται
1236 4150 1371 4204 κατά
1419 4148 1573 4226 φύσιν
1629 4152 1690 4204 τὸ
1745 4157 1988 4227 πρᾶγμα,

336 4238 474 4314 πρὸς
524 4241 685 4292 τοῦτο
729 4242 998 4300 ποιεῖσθαι
1043 4237 1131 4292 καὶ
1181 4239 1279 4307 τὴν
1329 4235 1612 4312 ἀπόδοσιν,
1639 4239 1734 4294 κᾶν
1789 4241 1865 4313 μὴ
1907 4238 1988 4311 εἷή

339 4321 515 4399 ὄνομα
561 4324 831 4398 κείμενον,
882 4325 988 4379 ἀπὸ
1033 4330 1131 4380 τοῦ
1178 4326 1538 4402 πρωτοτόπου
1597 4330 1994 4403 παρονομάζειν

337 4413 402 4468 τὸ
454 4411 723 4487 δεύτερον.
777 4411 918 4469 Ἰδοὺ
964 4415 1068 4491 γὰρ
1111 4416 1185 4489 (ὁ)
1232 4411 1380 4491 ὅρνις
1436 4412 1550 4492 ἔχει
1599 4419 1818 4493 πτερὸν,
1869 4412 1994 4472 ἀλλ’

341 4502 449 4578 οὐχ
544 4497 692 4578 ὅρνις
726 4501 844 4579 ἔχει
871 4504 1089 4580 πτερὸν,
1131 4503 1256 4560 ἀλλ’
1387 4505 1686 4582 πτερωτόν.
1717 4511 1832 4560 Τῶν
1891 4508 1992 4583 γὰρ

338 4596 634 4668 πτερωτῶν
691 4590 759 4646 τὰ
817 4593 910 4665 μὲν
961 4591 1102 4647 ἔστιν
1134 4593 1489 4669 ὑμενόπτερα,
1523 4595 1597 4656 ὡς
1629 4596 1685 4649 αἱ
1719 4594 1990 4668 μέλισσαι·

338 4682 407 4736 τὰ
444 4665 512 4736 δὲ
576 4679 965 4756 κουλεόπτερα,
1015 4682 1090 4744 ὡς
1142 4665 1195 4736 oi
1241 4665 1525 4760 κάνθαροι·
1571 4685 1635 4739 τὰ
1687 4665 1744 4739 δέ
1800 4684 1994 4761 σαρκό-
2026 4665 2074 4727 D

341 4791 529 4847 πτερα,
563 4771 638 4832 ὡς
697 4771 754 4824 αἱ
806 4768 1135 4846 νυκτερίδες
1167 4772 1235 4828 τὰ
1296 4770 1353 4828 δὲ
1415 4773 1766 4848 σχιζόπτερα,
1810 4773 1886 4836 ὡς
1943 4774 1996 4827 οἱ

341 4854 570 4936 ὄρνιθες.
604 4858 678 4915 Οὐ
709 4864 813 4914 πᾶν
845 4858 1021 4914 νοίνυν
1056 4859 1122 4914 τὸ
1163 4857 1294 4936 ἔχον
1347 4862 1540 4936 πτερὸν
1593 4859 1700 4931 ἤδη
1757 4861 1846 4916 καὶ
1903 4856 1998 4938 ὅρ-

341 4969 443 5022 νις,
475 4946 626 5004 ἀλλὰ
672 4946 972 5022 πτερωτόν.
1004 4947 1158 5002 Οὕτω
1213 4953 1341 5024 γοῦν
1405 4947 1726 5004 ἀποδοτέονι
1760 4950 1822 5004 τὸ
1877 4971 1998 5004 πτε-

344 5038 435 5115 ρὸν
484 5039 768 5112 πτερωτοῦ
824 5035 1021 5111 πτερόν
1071 5037 1161 5091 καὶ
1219 5038 1282 5092 τὸ
1335 5037 1608 5113 πτερωτὸν
1639 5042 1820 5114 πτερῷ
1874 5059 1998 5092 πτε-

343 5125 540 5202 ρωτόν.
586 5122 757 5181 Πάλιν
809 5123 1029 5201 ἐπείπερ
1079 5124 1140 5180 οὐ
1183 5127 1357 5182 πάντα
1403 5127 1468 5181 τὰ
1513 5123 1683 5182 πλοῖα
1729 5125 2000 5198 πηδάλιον

342 5211 462 5291 ἔχει
492 5214 581 5289 (τὰ
607 5214 709 5292 γὰρ
748 5213 942 5269 ἀκάτια
986 5213 1196 5276 κώπαις
1248 5214 1570 5290 ἐρέττονται,
1623 5218 1736 5290 ἅμα
1785 5214 1851 5284 δή
1909 5203 1999 5270 καὶ

342 5302 656 5378 ῒθύνονται)’
715 5304 778 5358 τὸ
829 5301 1103 5372 πηδάλιον
1191 5303 1291 5359 οὐκ
1373 5304 1664 5362 ἀποδοτέον
1743 5306 1879 5382 πρὸς
1937 5305 2000 5360 τὸ

343 5390 566 5464 πλοῖον,
599 5389 747 5447 ἀλλὰ
792 5393 930 5468 πρὸς
958 5392 1022 5446 τὸ
1052 5390 1427 5462 πηδαλιωτόν·
1476 5394 1570 5450 ’ἱνα
1623 5395 1846 5470 γένηται
1904 5415 2000 5449 κα-

345 5485 461 5542 Αῶς
509 5483 545 5549 ἡ
596 5480 947 5556 ἀντιστροφή·
992 5477 1054 5533 τὰ
1113 5481 1216 5556 γὰρ
1285 5480 1583 5556 πηδάλιον,
1643 5481 2000 5553 πηδαλιωτοῦ

343 5566 643 5713 πέδάλιονν
695 5569 784 5623 καὶ
839 5569 902 5624 τὸ
953 5565 1328 5642 πηδαλιωτὸν,
1377 5570 1658 5642 πηδαλίου
1712 5568 1998 5642 πηδαλιω-

347 5679 377 5712 τ
413 5681 463 5713 ν.

347 5679 440 5713 τον
451 5702 463 5714 .

422 5745 482 5805 δ’.
540 5745 718 5817 Δῆλον
771 5745 860 5802 οὖν
915 5745 974 5801 ἐκ
1025 5745 1228 5802 τούτων
1290 5748 1370 5804 ὅτι
1434 5754 1509 5823 μὴ
1567 5748 1854 5826 γινομένης
1917 5748 1997 5803 οἰ-

2086 1973 2561 2073 deprehenditur,
2594 1994 2900 2066 propterea
2927 1985 3102 2044 etiam
3135 1983 3291 2038 idem
3333 1976 3624 2036 contraria
3652 1973 3729 2030 si-

2089 2090 2212 2146 mul
2244 2085 2547 2157 suscipiat.

2162 2180 2247 2234 10.
2276 2153 2553 2232 Etsi—vero
2581 2167 2868 2241 inaequale
2893 2165 3045 2239 quod
3079 2159 3283 2234 quanti
3314 2162 3405 2214 est
3428 2153 3732 2229 proprium

2091 2267 2279 2339 magis
2327 2267 2382 2319 et
2413 2262 2608 2316 minus
2639 2257 2894 2312 diximus
2941 2251 3256 2322 suscipere,
3288 2252 3486 2303 tamen
3533 2243 3643 2299 hoc
3673 2243 3734 2296 in

2092 2351 2543 2411 controversiam
2577 2351 2634 2403 et
2663 2345 2908 2402 dubium
2939 2358 3053 2396 non
3083 2343 3170 2395 est
3196 2335 3736 2399 vocandum.Quan-

2093 2449 2220 2500 tum
2251 2443 2406 2497 enim
2440 2456 2555 2511 qua
2585 2440 2871 2508 quantum
2903 2448 3017 2486 non
3049 2426 3298 2498 suscipit
3325 2423 3515 2495 magis
3544 2425 3602 2477 et
3633 2419 3739 2475 mi-

2094 2549 2226 2588 nus.
2257 2530 2419 2596 Quod
2458 2509 2663 2583 autem
2694 2527 2913 2594 quanto
2963 2517 3175 2574 accidit
3223 2512 3412 2586 magis
3437 2515 3494 2566 et
3539 2509 3735 2564 minus

2095 2619 2412 2692 suscipiet;
2458 2633 2575 2673 non
2622 2617 2914 2686 quatenus
2964 2610 3251 2680 quantum
3301 2602 3402 2658 sed
3449 2603 3737 2672 quatenus

2095 2709 2287 2783 quale.

2169 2801 2255 2854 11.
2292 2798 2516 2852 Rursus
2545 2793 2595 2849 si
2641 2790 2826 2846 virtus
2855 2792 2913 2844 et
2943 2785 3185 2842 scientia
3213 2798 3347 2839 cum
3400 2779 3520 2835 sint
3548 2775 3738 2848 quali-

2097 2893 2245 2945 tates
2274 2904 2304 2942 e
2332 2900 2575 2940 numero
2623 2896 2824 2936 eorum
2869 2893 2999 2949 quae
3047 2879 3185 2931 sunt
3236 2871 3308 2927 ad
3340 2867 3561 2940 aliquid
3609 2880 3738 2920 esse

2099 2974 2636 3048 deprehenduntur,
2670 2966 2961 3024 recordari.
2992 2965 3234 3034 oportet,
3269 2958 3423 3032 quod
3461 2957 3616 3011 idem
3648 2970 3737 3009 se-

2101 3043 2357 3122 cundum
2393 3063 2565 3117 aliam
2617 3066 2792 3130 atque
2824 3055 2998 3111 aliam
3028 3052 3311 3106 rationem
3344 3046 3454 3103 sub
3495 3043 3653 3101 aliud
3685 3045 3742 3097 et

2101 3155 2256 3210 aliud
2309 3152 2824 3225 praedicamentum
2874 3143 3011 3215 poni
3061 3156 3176 3195 non
3224 3143 3312 3193 est
3371 3135 3740 3190 inconsenta-

2101 3220 2583 3300 neum.—Scientia
2630 3236 2810 3309 igitur
2849 3238 2906 3288 et
2929 3230 3112 3286 virtus
3158 3232 3223 3282 ut
3251 3225 3486 3298 quidem
3537 3220 3740 3293 quales

2095 3329 2686 3402 reddunt,qualitates
2717 3328 2890 3380 sunt:
2925 3320 3078 3392 quod
3111 3321 3304 3374 autem
3336 3311 3741 3369 habitudinem

2095 3424 2167 3478 ad
2196 3399 2361 3478 aliud?
2387 3399 2499 3491 prae
2531 3433 2593 3472 se
2636 3416 2847 3477 ferunt,
2880 3411 2952 3467 ad
2985 3427 3052 3465 ea
3092 3424 3216 3484 quae
3247 3408 3385 3462 sunt
3415 3403 3486 3458 ad
3518 3399 3740 3472 aliquid

2097 3490 2473 3583 colliguntur.
2507 3504 2760 3562 Scientia
2806 3500 2962 3557 enim
2994 3495 3213 3554 scibilis
3260 3498 3349 3550 est
3397 3490 3659 3556 scientia,
3686 3493 3744 3543 et

2095 3601 2284 3656 virtus
2313 3597 2420 3652 viri
2453 3594 2590 3651 boni
2619 3594 2804 3648 virtus
2835 3595 2941 3646 est.

2171 3690 2256 3744 12.
2286 3687 2496 3744 Omnia
2546 3699 2716 3757 porro
2748 3697 2874 3754 quae
2925 3681 3062 3733 sunt
3091 3675 3161 3731 ad
3212 3671 3433 3744 aliquid
3481 3669 3552 3725 ad
3605 3684 3740 3723 con-

2096 3778 2380 3834 vertentia
2425 3777 2701 3830 dicuntur
2730 3773 2854 3842 (seu
2903 3762 3398 3838 reciprocantur);
3430 3760 3502 3815 ab
3537 3757 3742 3813 eadem

2101 3885 2161 3922 re
2206 3864 2547 3937 incipientia
2593 3867 2651 3916 et
2697 3860 2756 3915 in
2811 3857 3075 3913 eamdem
3124 3849 3470 3917 desinentia,
3511 3845 3742 3903 tametsi

2099 3969 2523 4025 nonnunquam
2554 3952 2706 4008 219
2738 3945 3062 4021 prolatione
3093 3940 3365 3998 dictionis
3393 3937 3620 3994 varient
3643 3952 3656 3991 :
3679 3938 3745 3989 ut

2101 4045 2326 4100 amicus
2357 4042 2528 4098 amici
2557 4040 2866 4104 amicus,et
2894 4036 3113 4090 donum
3138 4032 3442 4086 adonante
3472 4027 3742 4082 donatur.

2175 4152 2260 4206 13.
2292 4149 2528 4220 Oportet
2577 4150 2771 4201 autem
2804 4144 2872 4198 ad
2913 4140 3065 4212 quod
3096 4137 3421 4194 secundum
3472 4136 3744 4188 naturam

2101 4257 2194 4296 res
2223 4237 2537 4305 dicitur,ad
2572 4235 2628 4290 id
2663 4231 3046 4288 redditionem
3079 4223 3500 4299 praestare,etsi
3532 4236 3746 4277 nomen

2103 4329 2355 4402 positum
2405 4343 2520 4382 non
2555 4323 2750 4389 fuerit,
2783 4338 2816 4375 a
2847 4317 3194 4392 primigenio
3245 4312 3622 4370 denominare
3663 4307 3746 4363 al-

2103 4423 2314 4473 terum.
2347 4417 2490 4471 Ecce
2538 4412 2694 4469 enim
2744 4409 2865 4465 avis
2894 4408 3070 4462 habet
3121 4403 3294 4469 alam,
3329 4401 3431 4457 sed
3463 4416 3578 4455 non
3630 4415 3749 4469 qua

2104 4505 2225 4562 avis
2255 4504 2430 4560 habet
2457 4502 2837 4571 alam,verum
2870 4512 2986 4568 qua
3016 4493 3233 4550 alatum
3261 4495 3349 4547 est
3376 4485 3746 4562 (quippiam).

2103 4594 2402 4651 Alatorum
2451 4591 2607 4647 enim
2639 4587 2906 4660 quaedam
2938 4584 3155 4640 habent
3194 4581 3316 4636 alas
3367 4578 3657 4652 pelliceas,
3685 4579 3751 4630 ut

2105 4701 2244 4757 apes
2275 4682 2538 4755 quaedam
2569 4692 2894 4750 pennarum
2915 4673 3113 4729 tutelae
3146 4675 3406 4726 crustam
3429 4667 3644 4722 habent
3664 4665 3749 4720 in-

2106 4754 2434 4838 ductam,ut
2456 4765 2730 4824 scarabei
2754 4783 2767 4832 ;
2792 4764 3058 4836 quaedam
3089 4776 3330 4816 carneas
3359 4757 3576 4812 habent
3602 4754 3746 4824 alas,

2108 4869 2173 4916 ut
2202 4867 2425 4916 noctuae
2458 4859 2536 4929 (et
2585 4852 3042 4925 vespertiliones)
3080 4868 3092 4904 :
3128 4849 3392 4919 quaedam
3426 4845 3549 4900 alas
3579 4844 3750 4899 fissas

2106 4951 2342 5019 habent,
2363 4953 2426 5002 ut
2455 4945 2739 5002 aves.Non
2771 4941 2949 5014 igitur
2979 4955 3151 4994 omne
3181 4937 3334 5008 quod
3366 4935 3542 4990 habet
3571 4933 3747 5000 alam,

2107 5038 2261 5094 illico
2292 5037 2468 5093 etiam
2502 5034 2624 5090 avis
2655 5036 2765 5099 est,
2799 5031 2898 5086 sed
2928 5029 3169 5084 alatum.
3203 5026 3297 5080 Sic
3341 5023 3584 5098 proinde
3614 5023 3749 5078 red-

2107 5128 2365 5183 dendum
2417 5128 2547 5190 est;
2578 5121 2670 5178 ala
2717 5119 2850 5174 alati
2883 5118 2974 5173 ala
3004 5121 3127 5184 est;
3161 5121 3216 5171 et
3247 5115 3468 5170 alatum
3507 5114 3600 5168 ala
3628 5111 3747 5169 ala-

2108 5221 2235 5271 tum
2268 5219 2615 5270 est.Rursus
2641 5207 3112 5281 quandoquidem
3148 5222 3262 5260 non
3293 5203 3491 5260 omnia
3521 5201 3751 5274 navigia

2109 5305 2337 5360 clavum
2392 5302 2608 5356 habent
2638 5298 2845 5368 (acatia
2888 5296 3044 5351 enim
3076 5311 3178 5349 seu
3211 5293 3443 5364 navigia
3491 5291 3752 5347 actuaria

2109 5393 2286 5449 remis
2317 5388 2805 5463 agnunturjuxta
2835 5390 2892 5440 et
2919 5380 3500 5454 diriguntur),clavus
3530 5396 3644 5434 non
3676 5381 3749 5435 ad

2109 5483 2406 5554 navigium
2438 5477 2769 5534 reddendus
2799 5480 2907 5540 est,
2940 5476 3038 5529 sed
3070 5473 3138 5527 ad
3174 5472 3563 5540 clavatum,ut
3593 5472 3752 5524 recta

2109 5573 2211 5627 fiat
2239 5567 2652 5626 controversia.
2688 5565 2910 5621 Etenim
2945 5562 3144 5619 clavus
3174 5561 3379 5616 clavati
3410 5560 3608 5616 clavus
3638 5561 3746 5624 est,

2109 5666 2165 5716 et
2191 5661 2485 5717 clavatum
2516 5661 2605 5714 est
2634 5654 2792 5712 clavo
2825 5653 3132 5710 clavatum.

2181 5751 2265 5806 14.
2300 5749 2381 5806 Ex
2410 5747 2504 5805 his
2531 5745 2711 5820 igitur
2739 5742 3114 5802 manifestum
3147 5745 3255 5809 est,
3278 5738 3327 5794 si
3360 5732 3608 5792 redditio
3635 5749 3750 5792 non
