4108 6460
431 432 555 494 859

1689 433 2109 494 NICEPHOBI
2153 431 2589 495 BLEMMIDE

428 565 531 620 ﬁat
581 565 1008 633 convenienter,
1041 565 1194 638 quod
1252 581 1354 621 nec
1385 565 1442 620 in
1483 565 1602 622 illis
1632 582 1759 637 quae
1808 566 2071 620 omnium

2193 565 2349 626 κείως
2407 572 2507 634 τῆς
2569 563 2880 626 ἀποδόσεως
2916 561 3040 619 οὐδὲ
3070 563 3157 618 ἐπὶ
3213 568 3321 618 τῶν
3366 563 3836 636 ὁμολουγομὲῦως

427 669 717 709 consensu
777 656 1210 726 reciprocantur
1265 656 1422 712 220
1471 661 1526 710 et
1573 655 1810 710 nomina
1861 655 2078 710 habent

423 741 635 812 posita,
670 743 970 798 conversio
1001 743 1122 797 ﬁat.
1157 744 1210 797 Si
1245 744 1380 814 quis
1413 745 1568 799 enim
1603 761 1856 807 servum,
1890 744 2075 798 homi-

423 831 516 885 nis
567 847 797 887 servum
840 833 1049 886 dixerit
1096 837 1153 887 et
1200 849 1314 887 non
1365 833 1609 898 domini,
1642 833 2075 887 conversionem

421 919 648 975 efﬁcere
680 937 796 975 non
829 922 1059 992 poterit.
1076 922 1294 976 Verum
1326 921 1481 976 enim
1515 921 1753 992 quidem
1785 929 1872 976 est
1902 923 2076 976 etiam

424 1007 556 1073 hoc,
586 1025 816 1063 sei-vum
866 1010 1124 1066 hominis
1175 1027 1302 1065 esse
1346 1027 1601 1072 servum,
1647 1012 1744 1064 sed
1799 1028 1910 1064 non
1963 1027 2078 1080 qua

431 1097 606 1152 homo
658 1097 833 1152 habet
881 1098 1096 1169 aliquis
1142 1116 1399 1163 servum,
1453 1100 1552 1154 sed
1603 1115 1719 1168 qua
1762 1098 2073 1165 dominus;

427 1186 686 1258 alioquin
718 1203 921 1242 omnes
950 1189 1221 1242 homines
1252 1188 1531 1242 haberent
1561 1203 1778 1242 servos.

496 1295 582 1348 15.
615 1295 739 1350 Etsi
785 1311 918 1349 vero
947 1294 1146 1350 clavus
1176 1300 1232 1349 et
1262 1294 1356 1350 ala
1386 1311 1519 1349 cum
1561 1295 1682 1349 sint
1733 1294 2074 1348 substantiae

419 1383 492 1438 ad
535 1382 756 1455 aliquid
803 1389 1142 1450 sumuntur,
1177 1401 1291 1438 non
1345 1389 1542 1438 tamen
1592 1389 1880 1453 quatenus
1936 1383 2072 1437 sub-

417 1472 645 1527 stantiae
686 1477 824 1527 sunt
856 1473 926 1526 ad
975 1472 1222 1543 aliquid,
1258 1474 1356 1528 sed
1406 1477 1694 1544 quatenus
1735 1472 2076 1526 habitudine

424 1566 631 1616 mutua
661 1565 800 1617 sunt
831 1561 1092 1632 praedita.

494 1669 579 1722 16.
613 1671 756 1722 Nam
812 1672 868 1723 et
899 1685 1038 1740 pars
1071 1685 1204 1724 cum
1238 1668 1582 1724 habitudine
1613 1668 1691 1723 sit
1729 1667 1970 1739 praedita
1999 1667 2070 1722 ad

419 1759 632 1824 totum,
668 1775 802 1828 pars
860 1758 1038 1812 totius
1091 1758 1344 1824 dicitur;
1381 1764 1436 1813 et
1481 1763 1667 1812 totum
1701 1758 1759 1812 in
1812 1757 2074 1826 partibus

425 1850 632 1902 totum.
668 1847 735 1902 Et
765 1863 980 1918 genera
1009 1848 1476 1902 substantiarum
1509 1852 1684 1919 atque
1725 1846 1946 1918 species
1981 1863 2072 1901 se-

2189 651 2497 729 λεγομένων
2547 657 2680 730 πρὸς
2725 654 3139 731 ἀντιστρέφοντα
3183 652 3272 708 καί
3336 653 3572 728 ἐχόντων
3628 651 3833 722 ὀνόμα-

2185 764 2252 796 τα
2297 744 2520 816 κείμενα
2576 743 2773 818 γένοιτ’
2823 742 2879 797 ἂν
2936 745 2970 811 ἡ
3029 743 3376 819 ἀντιστροφή.
3436 743 3530 797 Ἀν
3590 740 3695 815 γὰρ
3749 741 3836 794 τὸν

2188 828 2382 886 δοῦλον
2413 834 2697 908 ἀνθρώπου
2747 830 2942 886 δοῦλον
2971 828 3114 885 εἶ’ποι
3152 852 3257 900 τις,
3288 830 3376 884 καὶ
3426 829 3487 884 οὗ
3543 826 3832 896 δεσπότου,

2184 929 2408 989 ποιῆσαι
2476 922 2832 997 ἀντιστροφὴν
2902 919 3001 974 οὐκ
3062 919 3120 974 ἂν
3169 916 3404 973 δύναιτο.
3449 917 3676 986 Ἀληθὶς
3741 917 3833 990 μὶν

2185 1011 2286 1084 γὰρ
2317 1011 2497 1065 καὶτὸ
2544 1011 2635 1064 τὸν
2684 1007 2880 1064 δοῦλον
2930 1008 3216 1080 ἀνθρώπου
3258 1009 3391 1062 εἶναι
3451 1005 3674 1071 δοῦλον,
3711 1003 3836 1060 ἀλλ’

2186 1098 2355 1172 οεδχῇ
2413 1097 2692 1172 ἅνθρωπος
2750 1094 2863 1173 ἔχει
2919 1119 3002 1158 τις
3056 1095 3272 1167 δοῦλον,
3307 1095 3500 1167 ἄλλ’ᾗ
3541 1090 3836 1164 δεσπότης·

2184 1187 2218 1254 ἦ
2251 1189 2353 1262 γὰρ
2383 1187 2440 1241 ἂν
2474 1185 2707 1248 δούλους
2738 1187 2885 1264 εἶχον
2920 1189 3149 1249 ἅπαντες
3179 1187 3473 1261 ἄνθρωποι.

2305 1295 2315 1309 Ι
2417 1292 2430 1311 ἲ
2465 1290 2508 1310 ΝΚ
2586 1294 2598 1310 \
2725 1291 2747 1309 Ν
2769 1294 2778 1310 Ι
3121 1293 3134 1308 \
3340 1291 3354 1310 \
3487 1290 3500 1308 ν
3552 1289 3562 1310 Ι
3684 1287 3712 1308 ν

2258 1314 2302 1346 ιε
2323 1336 2334 1347 .
2369 1299 2431 1346 E:
2462 1311 2518 1346 οε
2548 1314 2608 1347 το
2636 1293 2907 1363 πηοαλιον
2935 1293 3023 1347 καὶ
3081 1313 3144 1347 το
3198 1311 3411 1366 πτερον,
3445 1311 3619 1345 ουσιαι
3683 1309 3832 1360 οντα,

2184 1380 2318 1455 πρός
2350 1403 2398 1435 τι
2433 1377 2822 1453 λαμϐάνονται·
2873 1382 2933 1436 οὗ
2983 1381 3112 1435 καθὸ
3169 1379 3344 1435 οὐσίαι
3402 1379 3637 1454 γίνονται
3697 1379 3836 1453 πρός

2183 1491 2256 1543 τι,
2293 1469 2436 1525 ἀλλά
2466 1471 2599 1534 καθὸ
2631 1472 2812 1547 σχέσιν
2846 1469 2961 1546 ἕχει
2991 1471 3127 1546 πρὸς
3158 1467 3401 1540 ἄλληλα.

2259 1674 2341 1730 ις’.
2377 1667 2473 1722 Καὶ
2503 1669 2566 1722 τὸ
2601 1669 2765 1740 μέρος
2795 1668 2899 1742 γὰρ
2940 1666 3122 1744 σχέσιν
3179 1663 3308 1743 ἕχον
3360 1665 3496 1742 πρὸς
3553 1665 3618 1719 τὸ
3677 1662 3830 1734 δ’λον,

2187 1757 2350 1829 μέρος
2410 1756 2538 1830 ὅρου
2593 1754 2825 1832 λέγεται’
2859 1756 2947 1811 καὶ
3004 1757 3066 1810 τὸ
3116 1752 3245 1811 ὅλον
3293 1754 3344 1810 ἐν
3408 1756 3621 1830 μέρεσιν
3676 1752 3834 1809 ὅλον.

2183 1846 2377 1899 Καὶτᾶ
2407 1845 2534 1919 γένη
2567 1850 2674 1899 τῶν
2708 1845 2905 1900 οὐσιῶν
2957 1846 3047 1899 καὶ
3101 1846 3169 1900 τὰ
3223 1841 3339 1914 εἶ’δη
3398 1845 3535 1898 κατὰ
3588 1844 3684 1897 τὸν
3737 1845 3836 1911 τῆς

423 1935 683 1990 cundum
705 1935 1072 1991 habitudinis
1085 1937 1369 1990 rationem
1392 1935 1892 1990 dicuntur.Genus
1914 1935 2070 1989 enim

2193 1934 2427 2008 σχέσεως
2462 1933 2670 2010 λέγεται
2722 1933 2906 2009 λόγον.
2937 1936 3008 1988 Τὸ
3052 1935 3152 2010 γὰρ
3209 1933 3362 2010 γένος
3418 1927 3594 1994 εἴδους
3653 1934 3833 2007 γένος·

421 2024 631 2095 speciei
663 2040 871 2096 genus,
899 2029 956 2079 et
985 2025 1207 2096 species
1236 2025 1466 2096 generis
1497 2025 1718 2096 species
1747 2028 1855 2079 est.

494 2131 580 2185 17.
611 2131 892 2186 Preterea
939 2147 1066 2201 quae
1100 2136 1236 2186 sunt
1265 2132 1338 2186 ad
1379 2131 1600 2203 aliquid
1633 2129 1813 2186 simul
1862 2135 2070 2185 natura

417 2225 577 2275 sunt.
612 2219 774 2274 Unde
803 2225 860 2274 et
889 2236 951 2273 se
983 2217 1197 2275 tollunt
1227 2225 1432 2274 mutuo
1474 2225 1529 2274 et
1560 2219 1980 2274 coinferuntur.
2013 2217 2069 2272 Si

417 2309 575 2364 enim
608 2325 723 2364 non
754 2309 832 2363 sit
863 2307 1020 2363 ﬁlius
1054 2324 1160 2364 nec
1193 2313 1358 2378 pater
1387 2309 1496 2363 erit
1521 2334 1535 2376 ;
1559 2309 1648 2364 sin
1681 2314 1878 2364 autem
1914 2307 2070 2363 ﬁlius

419 2396 739 2468 sit,utique
769 2401 824 2452 et
853 2401 1015 2469 pater
1041 2397 1151 2452 erit
1185 2414 1198 2452 :
1235 2402 1292 2452 et
1320 2415 1526 2453 rursus
1557 2397 1606 2452 si
1637 2403 1801 2469 pater
1830 2397 2067 2468 quidem

421 2486 521 2554 sit,
570 2490 628 2541 et
675 2485 832 2541 ﬁlius
880 2486 1025 2553 erit;
1069 2491 1161 2541 sin
1210 2491 1408 2542 autem
1461 2491 1625 2558 pater
1671 2503 1788 2541 non
1836 2485 1929 2555 sit,
1965 2502 2069 2540 nec

417 2573 578 2630 ﬁlius
606 2575 734 2630 erit.

493 2684 579 2737 18.
604 2684 744 2736 Cum
773 2682 928 2738 enim
955 2683 1211 2738 defuncti
1234 2682 1422 2738 ﬁlium
1443 2682 1716 2749 dicimus,
1742 2682 2066 2738 secundum

419 2771 760 2828 relationem
807 2789 934 2828 eam
967 2774 1204 2844 quando
1236 2774 1427 2828 adhuc
1456 2773 1681 2828 vivebat
1728 2773 2068 2844 pronuntia-

418 2878 574 2931 mus,
607 2866 708 2916 aut
753 2862 929 2917 etiam
963 2863 1110 2919 221
1148 2863 1305 2934 quod
1362 2868 1632 2918 mortuus
1664 2879 1779 2918 non
1810 2863 2064 2934 perierit.

419 2950 609 3014 Quare
635 2968 703 3007 ea
730 2968 858 3022 qua
890 2957 1029 3007 sunt
1057 2953 1131 3007 ad
1186 2952 1406 3024 aliquid
1436 2957 1494 3008 et
1524 2968 1587 3007 se
1616 2951 1834 3007 tollunt
1863 2956 2067 3008 mutuo

422 3044 479 3094 et
507 3039 685 3095 simul
716 3041 1026 3096 exsistunt.

490 3147 573 3202 19.
585 3151 655 3200 At
683 3163 816 3203 vero
845 3145 910 3200 τὸ
940 3147 1118 3202 simul
1149 3148 1430 3204 exsistere
1452 3152 1510 3202 et
1538 3163 1601 3203 se
1632 3152 1838 3203 mutuo
1866 3146 2069 3204 tollere

416 3235 477 3290 in
506 3235 580 3290 iis
612 3253 739 3307 quas
779 3240 918 3292 sunt
947 3238 1020 3292 ad
1051 3235 1271 3308 aliquid
1303 3237 1494 3308 quoad
1539 3236 1945 3293 habitudinem
1974 3254 2068 3292 ac-

417 3304 751 3397 cipiendum
781 3330 1010 3393 est,non
1037 3304 1230 3397 quo—ad
1260 3304 1744 3382 substantiamJn
1778 3344 1893 3398 quo
1909 3327 2066 3382 enim
2097 3304 2140 3372 Ο

412 3413 487 3469 iis
528 3431 658 3486 quin
712 3418 852 3470 sunt
880 3415 952 3469 ad
1000 3413 1220 3486 aliquid
1249 3413 1313 3468 τὸ
1364 3415 1645 3472 exsistere
1687 3416 1978 3487 convenit,
2007 3417 2068 3470 in

415 3502 527 3558 hoc
555 3501 620 3555 τὸ
652 3501 832 3558 simul
861 3503 1139 3559 exsistere
1169 3507 1227 3558 et
1255 3519 1317 3559 se
1346 3508 1551 3559 mutuo
1581 3503 1801 3559 tollere.

487 3609 578 3662 20.
626 3608 853 3665 Rursus
911 3610 1227 3666 exsistente
1285 3610 1531 3666 scientia
1588 3610 1793 3667 scibile
1849 3614 1956 3679 est,
2015 3614 2072 3667 et

419 3711 598 3752 sensu
651 3697 967 3766 sensibile;
1001 3699 1247 3754 scientia
1275 3704 1471 3754 autem
1503 3716 1618 3755 non
1672 3699 1984 3755 exsistente
2014 3704 2072 3754 et

421 3801 620 3851 sensu,
651 3785 826 3842 etiam
869 3787 1071 3843 scibile
1101 3792 1158 3843 et
1209 3788 1484 3844 sensibile
1528 3787 1825 3844 sublatum
1875 3792 1983 3857 est,
2014 3792 2072 3844 et

415 3874 540 3930 vice
571 3890 762 3930 versa.

482 3963 575 4018 21.
603 3964 725 4019 Etsi
783 3969 977 4020 autem
1011 3966 1382 4038 generatione
1433 3969 1572 4021 sunt
1603 3967 1796 4038 priora
1841 3965 2072 4022 scibilia

417 4055 476 4108 et
524 4053 1032 4127 sensibilia(ipsa)
1085 4055 1330 4110 scientia
1373 4060 1428 4110 et
1476 4072 1676 4122 sensu,
1708 4073 1824 4112 non
1873 4061 2069 4110 tamen

420 4144 711 4213 quatenus
733 4142 961 4198 scibilia
981 4149 1120 4199 sunt
1135 4148 1192 4198 et
1209 4144 1512 4199 sensibilis
1535 4162 1547 4198 :
1573 4145 2068 4214 quemadmodum

423 4246 612 4301 neque
664 4236 827 4304 pater
855 4248 972 4302 qua
1018 4237 1181 4303 pater
1211 4232 1330 4288 filio
1361 4238 1451 4288 est
1491 4233 1805 4304 antiquior,
1838 4233 2069 4288 tametsi

424 4320 586 4391 prior
615 4319 692 4375 sit
720 4323 1331 4392 tempore.Antequam
1355 4321 1512 4378 enim
1542 4322 1840 4393 generavit
1863 4322 2068 4389 lilium,

427 4425 543 4464 non
593 4414 716 4465 erat
746 4415 912 4481 pater
943 4428 955 4464 :
991 4412 1228 4481 quando
1275 4415 1469 4466 autem
1519 4411 1813 4483 generavit
1860 4411 2070 4479 ﬁlium,

425 4502 567 4553 tunc
597 4499 814 4570 incepit
844 4504 910 4554 ut
939 4504 1093 4554 esset
1123 4504 1307 4572 pater.
1341 4500 1435 4555 Sic
1466 4500 1643 4555 etiam
1675 4516 1767 4555 res
1806 4516 1869 4555 se
1898 4499 2074 4556 habet

421 4585 482 4642 in
513 4586 820 4643 scibilibus
850 4592 907 4643 et
936 4588 1341 4644 sensibilibus.

2179 2025 2268 2077 χαί
2298 2026 2361 2078 τὸ
2392 2021 2532 2085 εἶδος
2564 2021 2752 2098 γένους
2786 2021 2946 2084 εἶδος.

2254 2132 2336 2198 ιζ’.
2370 2136 2489 2184 Ἔτι
2546 2132 2611 2183 τὰ
2665 2129 2801 2205 πρός
2857 2150 2908 2183 τι
2970 2131 3081 2203 ἅμα
3133 2133 3202 2202 τῇ
3261 2128 3414 2207 φύσει
3464 2127 3625 2184 ἐστίν.
3677 2129 3832 2182 ’Όθεν

2179 2219 2266 2272 καὶ
2326 2225 2702 2295 συναναιροῦσι
2753 2220 2841 2273 καὶ
2892 2218 3348 2296 συνεισφέρονται.
3398 2217 3526 2271 Υἱοῦ
3585 2218 3690 2293 γὰρ
3756 2217 3832 2289 μὴ

2181 2304 2361 2378 ὄντος,
2393 2308 2494 2363 οὐκ
2523 2305 2666 2362 ἔσται
2699 2311 2897 2383 πατήρ·
2932 2304 3086 2370 ὄντος
3137 2305 3196 2362 δὲ
3237 2308 3379 2379 υἱοῦ,
3412 2303 3554 2362 ἔσται
3611 2303 3680 2373 δὴ
3744 2304 3833 2359 καὶ

2177 2399 2378 2472 πατήρ·
2410 2396 2500 2451 καὶ
2529 2395 2694 2451 πάλιν
2725 2399 2928 2473 πατρὸς
2980 2398 3074 2470 μὲν
3133 2391 3310 2469 ὄντος,
3341 2395 3430 2450 καὶ
3487 2395 3602 2456 υἱὸς
3658 2391 3831 2449 ἔσται·

2182 2487 2258 2559 μὴ
2293 2482 2446 2548 ὄντος
2481 2483 2537 2540 δὲ
2565 2483 2786 2560 πατρὸς,
2819 2485 2918 2540 οὐκ
2945 2484 3089 2540 ἔσται
3121 2483 3258 2546 υἱός.

2253 2689 2342 2751 ιη’.
2378 2681 2438 2736 ΕΞ
2470 2681 2572 2757 γὰρ
2622 2679 2853 2757 λέγομεν
2903 2681 3018 2736 υἱὸν
3067 2683 3168 2734 τοῦ
3207 2678 3683 2749 τετελευτηκότος,
3715 2678 3833 2734 κατ’

2179 2772 2451 2848 ἀναφορὰν
2480 2772 2580 2838 τήν
2609 2768 2686 2825 ὅτ’
2716 2768 2809 2840 ἔζη
2839 2770 3000 2824 τοῦτὸ
3046 2787 3238 2846 φαμεν·
3287 2769 3322 2837 ἣ
3363 2767 3451 2822 καὶ
3509 2766 3595 2822 ὅτι
3651 2768 3829 2822 θανὼν

2179 2859 2278 2915 οὐκ
2334 2859 2606 2917 ἀπώλετο.
2657 2863 2815 2915 Ὥστε
2858 2861 2925 2914 τὰ
2978 2858 3114 2934 πρός
3143 2879 3195 2912 τι
3224 2857 3316 2912 καὶ
3373 2860 3685 2932 συναιροῦσι
3743 2855 3830 2911 καὶ

2177 2949 2580 3026 συνυπάρχουσι
2591 2992 2603 3004 .

2250 3149 2317 3202 ιθ.
2363 3146 2434 3201 Τὸ
2489 3146 2852 3221 συνυπάρχειν
2909 3142 2967 3200 δὲ
3029 3144 3121 3198 καὶ
3182 3147 3510 3217 συναναιρεῖν
3572 3142 3663 3198 ἐπὶ
3719 3145 3826 3198 τῶν

2175 3237 2312 3310 πρός
2337 3257 2391 3290 τι
2428 3236 2564 3290 κατὰ
2611 3233 2794 3310 σχέσιν
2848 3231 3169 3304 έκληπτέον,
3224 3232 3288 3288 οὗ
3331 3238 3447 3288 κατ’
3494 3231 3706 3288 οὐσίαν.
3742 3233 3828 3288 Ἐν

2179 3326 2226 3398 ᾧ
2255 3325 2357 3400 γάρ
2388 3324 2498 3379 ἐστι
2548 3329 2667 3385 τοῖς
2695 3323 2834 3400 πρός
2881 3343 2934 3376 τι
2981 3323 3045 3377 τὸ
3093 3322 3383 3398 ὑπάρχειν,
3407 3321 3460 3376 ἐν
3507 3320 3706 3393 τούτῳ
3740 3321 3830 3376 καὶ

2177 3416 2239 3470 τὸ
2269 3415 2628 3490 συνυπάρχειν
2657 3411 2748 3468 καὶ
2777 3434 2840 3468 το
2871 3415 3229 3488 συναναιρεῖν.

2248 3612 2312 3665 κ’.
2357 3609 2529 3665 Πάλιν
2580 3608 2892 3681 ἐπιστήμης
2940 3607 3130 3677 οὔσης,
3181 3602 3321 3661 ἔστιν
3370 3603 3681 3675 ἐπιστητόν⁹
3742 3605 3833 3661 καὶ

2179 3699 2506 3770 αἰσθήσεως,
2562 3697 2836 3766 αἰσθητόν·
2887 3695 3201 3770 ἐπιστήμης
3264 3691 3321 3749 δὶ
3380 3695 3471 3766 μὴ
3517 3691 3683 3765 οὔσης
3744 3696 3834 3749 καὶ

2178 3787 2496 3858 αἷσθήσεως,
2552 3786 2819 3863 ἀνῄρηται
2867 3785 2957 3840 καὶ
3007 3785 3070 3840 τὸ
3131 3782 3418 3854 ἐπιστητὸν
3476 3782 3566 3836 καὶ
3633 3783 3695 3838 τὸ
3757 3783 3835 3838 αἰ-

2179 3877 2397 3948 σθητόν·
2430 3877 2519 3931 καὶ
2550 3874 2814 3930 ἀνάπαλιν
2826 3920 2837 3932 .

2248 3973 2348 4024 κα’.
2376 3965 2438 4020 Εἰ
2486 3963 2544 4020 δὲ
2597 3965 2687 4019 καὶ
2739 3963 3130 4038 προγενέστερα
3182 3961 3250 4015 τὰ
3302 3960 3564 4029 ἐπιστητά
3617 3957 3709 4014 καὶ
3765 3962 3831 4016 τὰ

2181 4054 2406 4125 αἰσθητᾶ
2459 4057 2556 4122 τῆς
2613 4053 2918 4125 ἐπιστήμης
2971 4051 3062 4106 καὶ
3117 4057 3218 4119 τῆς
3257 4047 3737 4120 αἷσθήσεως,ἆλλ’
3770 4048 3830 4104 οό

2177 4145 2310 4199 καθὸ
2366 4143 2627 4211 ἐπιστητά
2683 4143 2770 4196 καὶ
2824 4141 3072 4210 αἰσθητά.
3123 4143 3325 4215 ’Ὠσπερ
3377 4135 3490 4193 οὐδ’
3537 4139 3566 4192 ὁ
3624 4140 3828 4215 πατήρ,

2178 4233 2217 4304 ᾗ
2243 4234 2446 4308 πατὴρ,
2476 4225 2835 4306 πρεσϐύτερός
2869 4228 2978 4284 ἐστι
3036 4233 3135 4282 τοῦ
3191 4227 3332 4300 υἱοῦ,
3363 4226 3459 4282 κᾶν
3513 4231 3595 4298 τῷ
3641 4227 3829 4302 χρόνῳ

2180 4321 2445 4397 πρότερος
2495 4320 2601 4390 εἷἠ·
2654 4321 2760 4395 πρὸ
2809 4323 2906 4373 τοῦ
2969 4324 3221 4393 γεννῆσαι
3278 4317 3382 4391 γὰρ
3440 4315 3557 4370 υἱὸν
3591 4315 3708 4371 οὐκ
3763 4317 3827 4385 ἦν

2180 4412 2380 4484 πατήρ·
2443 4408 2531 4463 ὅτε
2590 4407 2648 4462 δὲ
2702 4406 3021 4482 γεγέννηκεν
3076 4405 3210 4476 υἱὸν,
3266 4403 3390 4459 τότε
3467 4401 3670 4477 ἤρξατο
3737 4409 3830 4460 τοῦ

2182 4499 2312 4554 εἶναι
2371 4500 2573 4572 πατήρ
2635 4496 2805 4558 οὕτως
2875 4492 2993 4572 ἔχει
3064 4494 3196 4550 κάπὶ
3253 4498 3361 4549 τῶν
3420 4492 3730 4564 ἐπιστητῶν
3773 4515 3830 4549 τε

2180 4587 2270 4642 καὶ
2302 4587 2571 4657 αἵσθητῶν
2587 4629 2600 4643 .

486 4694 578 4750 22.
613 4695 895 4751 Prmterea
941 4711 1068 4766 qua;
1099 4699 1238 4750 sunt
1287 4695 1358 4751 ad
1391 4694 1614 4766 aliquid
1646 4699 1747 4750 aut
1774 4695 1835 4750 in
1881 4695 2068 4751 ﬁrmis

2245 4694 2350 4769 κβ’.
2383 4694 2500 4747 Ἔτι
2545 4694 2612 4746 τὰ
2652 4691 2790 4767 πρός
2816 4713 2892 4764 τι,
2924 4693 2958 4761 ἣ
2991 4690 3042 4745 ἐν
3099 4694 3218 4754 τοῖς
3274 4687 3662 4766 αὖθσδράστοις
3705 4687 3830 4761 ἤτοι

416 4783 544 4854 (seu
574 4783 1060 4854 subsistentibus)
1092 4799 1194 4854 per
1223 4801 1285 4839 se
1316 4783 1435 4839 sive
1467 4783 1813 4840 substantiis
1844 4783 2074 4840 habitu-

418 4870 617 4926 dinem
647 4873 1045 4941 obtinent,aut
1077 4873 1137 4927 in
1170 4889 1288 4927 non
1319 4873 1505 4928 ﬁrmis
1539 4889 1640 4943 per
1669 4890 1750 4940 se,
1775 4890 1902 4944 quae
1936 4879 2076 4928 sunt

421 4959 764 5015 accidentia.
799 4962 860 5017 Si
893 4962 1137 5034 proinde
1170 4962 1408 5033 quidem
1441 4962 1498 5016 in
1534 4961 1720 5017 ﬁrmis
1750 4978 1852 5033 per
1877 4966 2075 5032 se,aut

422 5046 750 5103 naturalem
783 5051 1050 5105 obtinent
1077 5052 1231 5108 222
1270 5050 1698 5121 habitudinem,
1734 5055 1798 5105 ut
1827 5055 1989 5121 pater
2018 5055 2075 5105 et

422 5135 607 5204 filius,
641 5141 740 5190 aut
785 5154 900 5192 non
932 5140 1280 5196 naturalem.
1332 5140 1388 5195 Si
1433 5157 1548 5195 non
1599 5138 1926 5194 naturalem
1975 5142 2075 5193 aut

420 5222 744 5293 fortuitam,
779 5230 844 5281 ut
872 5243 1073 5283 servus
1105 5233 1161 5283 et
1207 5229 1521 5295 dominus;
1557 5233 1657 5283 aut
1687 5226 2070 5299 artiﬁcialem,

416 5317 484 5370 ut
512 5311 838 5385 discipulus
877 5319 933 5371 et
963 5317 1206 5384 doctor;
1239 5323 1342 5372 aut
1369 5317 1702 5384 electitiam,
1737 5321 1802 5371 ut
1849 5315 2073 5371 amicus

416 5407 475 5459 et
521 5400 769 5459 amicus.
799 5405 899 5459 Sin
931 5405 988 5458 in
1021 5422 1136 5461 non
1169 5406 1355 5461 ﬁrmis
1387 5423 1488 5477 per
1517 5423 1577 5461 se
1609 5411 1709 5461 aut
1745 5405 2072 5462 naturalem

419 5495 522 5549 aut
554 5490 798 5562 duplum
832 5497 888 5548 et
935 5493 1289 5564 dimidium;
1325 5499 1424 5549 aut
1471 5512 1586 5550 non
1635 5494 1984 5565 naturalem,
2010 5498 2076 5550 ut

417 5595 702 5650 magnum
735 5585 792 5637 et
808 5582 1201 5653 parvum.Hoc
1232 5582 1390 5637 enim
1411 5582 1656 5639 fortunae
1672 5584 1862 5654 magis
1893 5600 2071 5656 quam

419 5672 641 5724 naturae
671 5673 898 5726 est.Ars
929 5672 1086 5725 enim
1111 5679 1166 5725 et
1193 5669 1398 5726 electio
1429 5671 1488 5724 in
1521 5688 1638 5727 non
1669 5673 1858 5728 ﬁrmis
1888 5689 1991 5742 per
2011 5689 2074 5728 se

415 5758 612 5822 locum
661 5774 774 5814 non
810 5760 1042 5831 habent,
1077 5759 1188 5818 nisi
1238 5760 1383 5817 forte
1414 5761 1811 5832 conspiciatur
1850 5760 2072 5833 aliquid

2179 4787 2301 4843 ταῖς
2332 4781 2540 4843 οὐσίαις
2572 4779 2689 4856 ἔχει
2734 4782 2834 4849 τὴν
2885 4782 3068 4856 σχέσιν
3097 4781 3132 4848 ἢ
3163 4779 3260 4834 οὐκ
3305 4777 3358 4832 ἐν
3405 4783 3522 4842 τοῖς
3570 4777 3829 4854 αὖθεδρά-

2184 4891 2350 4942 στοις,
2390 4871 2523 4946 ἅπερ
2557 4869 2667 4924 ἐστὶ
2689 4871 2757 4924 τὰ
2787 4863 3192 4944 συμϐεϐηκότα.
3227 4867 3291 4923 Εἰ
3325 4869 3422 4941 μὶν
3471 4865 3562 4923 οὖν
3615 4867 3668 4924 ἒν
3715 4873 3829 4930 τοῖς

2183 4957 2584 5035 αὗθεδράστοις,
2616 4961 2650 5028 ἢ
2679 4960 2908 5036 φυσικήν
2968 4953 3085 5034 ἔχει
3121 4959 3221 5027 τὴν
3280 4958 3483 5032 σχέσιν,
3515 4957 3594 5020 ὡς
3619 4987 3621 4990 ‹
3650 4959 3826 5034 πατὴρ

2181 5050 2270 5104 καὶ
2304 5051 2439 5111 υἱός·
2484 5050 2519 5118 ἢ
2559 5047 2622 5103 οὐ
2680 5050 2929 5126 φυσικήν.
2963 5047 3026 5103 Εἰ
3080 5044 3126 5102 δ’
3183 5045 3245 5102 οὐ
3301 5047 3550 5124 φτσικῆν,
3675 5065 3828 5124 τυχι-

2181 5138 2308 5206 κὴν,
2341 5137 2416 5199 ὡς
2447 5135 2643 5199 δοῦλος
2700 5135 2789 5192 καὶ
2848 5134 3130 5206 δεσπότης·
3165 5138 3199 5205 ἢ
3256 5136 3538 5210 τεχνικὴν,
3591 5136 3669 5199 ὡς
3729 5145 3826 5210 μαέ

2184 5228 2355 5296 θητῆς
2411 5227 2502 5280 καὶ
2587 5223 2928 5287 διδάσκαλοςο
2985 5227 3020 5294 ἢ
3074 5225 3483 5300 προαιρετικὴν,
3541 5225 3620 5288 ὡς
3674 5225 3829 5305 φέλος

2181 5313 2270 5369 καὶ
2301 5312 2486 5392 φίλος,
2517 5313 2582 5371 Εἰ
2613 5312 2660 5370 δ’
2689 5314 2788 5370 οὐκ
2816 5313 2870 5369 ἐν
2908 5318 3025 5376 τοῖς
3078 5310 3480 5390 αὖθεδραστοις,
3511 5315 3546 5384 ἢ
3573 5315 3826 5390 φυσικὴν,

2182 5404 2256 5466 ὡς
2315 5401 2601 5460 διπλάσιον
2651 5404 2741 5459 καὶ
2791 5403 2986 5478 ἥμισυο
3042 5404 3077 5472 ἣ
3127 5401 3189 5458 οὗ
3247 5403 3498 5481 φτσικήν,
3559 5403 3639 5467 ὡς
3697 5404 3826 5480 μέγα

2180 5493 2273 5548 καὶ
2357 5493 2572 5569 μικρόν,
2634 5497 2804 5547 Τοῦτο
2861 5493 2965 5568 γὰρ
3019 5490 3199 5568 τύχης
3239 5489 3544 5566 μᾶλλοννῆ
3599 5492 3824 5572 φύσεως·

2180 5582 2354 5658 Τέχνη
2411 5579 2470 5638 δὲ
2524 5581 2615 5637 καὶ
2670 5583 2987 5657 προαίρεσις
3019 5581 3071 5636 ἐν
3123 5586 3242 5644 τοῖς
3297 5579 3398 5636 οὐκ
3443 5579 3823 5656 αὗθεδράστοις

2181 5671 2369 5746 χώραν
2401 5670 2500 5724 οὐκ
2530 5667 2772 5746 ἔχουσιν.
2803 5670 2868 5726 Εἰ
2926 5672 3000 5745 μή
3058 5669 3110 5725 τί
3156 5691 3261 5726 που
3289 5669 3481 5748 φανείη
3512 5669 3652 5745 πρδς
3680 5669 3819 5728 ἄλλο

2182 5761 2278 5830 τὴν
2332 5761 2600 5840 ἀναφορὰν
2669 5759 2819 5837 ἔχον,
2869 5757 3248 5837 αὐθέδραστον,
3301 5757 3392 5815 mi
3444 5755 3822 5835 κατὰ-συμϐε-

3717 429 3838 492 εδο
3911 451 3920 463 .
