4108 6466
364 420 482 483 mi

1720 420 2068 485 EPITOME
2108 423 2416 486 LOGICA.

3643 412 3762 474 863

365 546 538 623 ϐηχὸς
587 550 720 614 ἴσως
768 550 1083 627 λεγόμενον.
1115 550 1274 611 Ἀλλ’
1304 551 1356 608 ἐν
1404 558 1523 616 τοῖς
1571 552 1881 627 εἰρημένοις
1913 553 2005 627 μὲν

2121 557 2192 611 ad
2222 557 2380 613 aliud
2429 556 2774 613 relationem
2802 554 3046 619 habens,
3079 550 3234 624 quod
3290 564 3392 621 per
3420 564 3482 604 se
3524 546 3762 602 firmum

367 641 578 697 ἅπαντα
602 642 671 697 τὰ
697 642 833 717 πρός
860 662 911 696 τι
941 643 1241 718 συνάγεται.

434 822 536 896 κγ’.
568 805 910 894 Πλατύτερον
962 818 1019 875 δέ
1063 841 1204 882 τινες
1250 821 1341 875 καὶ
1392 820 1731 899 σαφέστερον,
1783 820 1857 883 εἰς
1891 818 2007 891 εἴδη

368 908 498 964 δέκα
555 906 823 983 διαιροῦσι
871 914 939 964 τὰ
984 908 1122 983 πρός
1177 928 1250 964 τι·
1308 909 1639 980 ταυτότητα,
1700 909 2007 981 ἀνισότητα,

364 997 572 1073 γένεσιν
606 1044 620 1069 ,
685 997 894 1071 μέθεξιν
932 1044 946 1067 ,
1002 998 1182 1075 ὕφεσιν
1215 1045 1231 1071 ,
1290 1004 1464 1053 πεῖσιν
1498 1045 1513 1069 ,
1571 998 1743 1075 κρίσιν
1770 1043 1784 1069 ,
1845 1000 2008 1071 θέσιν,

363 1086 760 1164 ἀσυμμετρίαν,
790 1087 880 1143 καὶ
902 1088 1001 1157 τὴν
1033 1087 1170 1164 πρὸς
1199 1089 1260 1142 τὸ
1291 1089 1445 1163 γένος
1477 1087 1766 1165 ἀναφοράν.

432 1351 531 1411 κδ’.
581 1354 856 1426 Ταυτότης
910 1355 1003 1428 μὲν
1055 1356 1145 1409 οὗν
1197 1354 1367 1425 ἐστιν,
1417 1353 1540 1411 ὅταν
1589 1356 1726 1430 πρὸς
1773 1357 2007 1411 συνώνυ-

372 1445 527 1517 μονὴ
558 1442 732 1513 κρίσις
785 1442 1027 1518 γένηται·
1061 1445 1136 1506 ὡς
1167 1445 1195 1498 6
1225 1442 1385 1522 φίλος
1437 1443 1598 1522 φίλου
1648 1444 1831 1523 φίλος,
1860 1446 1949 1501 καὶ
1981 1447 2009 1501 6

360 1531 561 1608 ἐχθρὸς
610 1530 811 1608 ἐχθροῦ
864 1531 1084 1609 ἐχθρὸς,
1134 1534 1222 1588 καὶ
1268 1534 1330 1587 τὸ
1380 1530 1492 1588 ἴσον
1520 1530 1622 1607 ἴσῳ
1666 1532 1801 1588 ἴσον·
1832 1534 2008 1590 καὶτὸ

359 1619 555 1694 ὅμοιον
608 1620 787 1695 ὁμοίῳ
836 1620 1050 1695 ὅμοιον.
1094 1622 1401 1694 Ἀνισότης,
1454 1623 1527 1684 ὡς
1572 1624 1637 1677 τὸ
1690 1628 1893 1692 μεῖζον,
1944 1626 2007 1679 τὸ

363 1707 679 1782 διπλάσιον,
736 1710 802 1764 τὸ
857 1708 1309 1767 πολλαπλάσιον.
1369 1710 1599 1782 Γένεσις,
1653 1712 1728 1773 ὡς
1776 1713 1955 1789 πατὴρ
1990 1756 2004 1770 .

361 1797 478 1860 υἱός
511 1842 523 1853 .
583 1797 804 1869 Μέθεξις
838 1845 852 1870 ,
913 1798 986 1861 ὡς
1038 1800 1103 1854 τὸ
1162 1799 1390 1875 μετέχον
1446 1800 1536 1854 καὶ
1589 1801 1952 1876 μετεχόμενον
1990 1844 2004 1857 .

358 1889 596 1965 Ὕφεσις,
627 1887 703 1950 ὡς
744 1884 942 1951 δοῦλος
991 1887 1081 1943 καὶ
1132 1891 1398 1961 μαθητής.
1449 1894 1630 1951 Πεῖσις
1682 1890 1755 1952 ὡς
1803 1890 2004 1945 τυπτό-

363 1996 545 2049 μενος,
574 1976 883 2049 καιόμενος.
934 1977 1136 2050 Κρίσις,
1186 1977 1261 2039 ὡς
1316 1978 1530 2053 μέτρον,
1582 1976 1851 2049 αἶ’σθησις,
1894 1979 2009 2034 ἐπι-

358 2066 567 2137 στήμη’
619 2064 793 2140 κρίνει
836 2065 939 2141 γὰρ
988 2065 1075 2120 καὶ
1125 2068 1160 2135 ἡ
1223 2064 1498 2138 ἐπιστήμη
1550 2066 1614 2121 τὸ
1672 2066 1957 2139 ἐπιστητὸν
1991 2114 2005 2140 ,

353 2152 446 2207 καὶ
500 2155 537 2222 ἡ
600 2150 846 2224 αἴσθησις
907 2155 968 2209 τὸ
1027 2153 1304 2224 αἰσθητὸν,
1363 2155 1451 2209 καὶ
1499 2161 1643 2210 πᾶσα
1698 2161 1898 2232 γνῶσις
1945 2159 2007 2213 τὸ

354 2242 620 2317 γνωστὸν,
676 2242 764 2297 καὶ
806 2243 870 2297 τὸ
922 2241 1115 2320 μέτρον
1164 2244 1227 2298 τὸ
1261 2243 1546 2320 μετρητόν·
1600 2244 1690 2299 καὶ
1738 2244 1806 2300 τὰ
1843 2244 2008 2319 ὅμοια

357 2330 574 2393 τούτοις
632 2331 707 2393 ὡς
762 2331 1015 2408 κρίνοντά
1073 2331 1182 2387 ἐστι
1239 2333 1376 2408 πρὸς
1431 2334 1740 2409 κρινόμενα.
1802 2334 1954 2397 Θέσις
1989 2379 2003 2405 ,

360 2420 435 2481 ὡς
495 2416 688 2492 δεξιὸν,
748 2418 1049 2496 ἀριστερὸν,
1101 2417 1374 2496 καθέδρα,
1431 2422 1653 2493 στάσις,
1706 2419 2004 2486 ἀνάκλισις.

358 2512 536 2563 Ταῦτα
609 2509 786 2563 πάντα
839 2510 976 2585 πρὸς
1048 2510 1464 2587 ἀντιστρέφοντα
1513 2510 1726 2586 λέγεται
1763 2532 1775 2545 ⁸
1834 2512 2003 2584 ἀσυμ-

362 2596 570 2672 μετρία,
619 2594 744 2666 ἤτοι
792 2594 1079 2669 ἀδυναμία,
1130 2598 1241 2652 οἷον
1286 2599 1349 2653 τὸ
1394 2596 1648 2654 ἀδύνατον
1710 2600 1795 2676 ὑφ’
1845 2602 2006 2673 ἡμῶν

360 2683 606 2761 ὁρᾶσθαι,
638 2689 801 2740 τοῦτο
831 2685 921 2740 καὶ
963 2687 1130 2759 ἡμεῖς
1174 2684 1535 2760 ἀδυνατοῦμεν
1585 2689 1738 2764 ὁρᾷν,
1787 2688 1861 2750 ὡς
1901 2690 2000 2758 τὴν

358 2770 618 2849 ἅναστρον
673 2779 920 2853 σφαῖραν,
980 2775 1043 2830 τὸ
1098 2774 1150 2829 ἐν
1215 2776 1361 2851 βυθῷ
1416 2771 1698 2853 ὄστρακον,
1743 2777 1834 2832 τὸν
1876 2779 2005 2852 ἀέρα

357 2862 434 2925 ὡς
494 2863 937 2940 ἀχρωμάτιστον.
991 2865 1055 2920 Ἣ
1109 2862 1247 2940 πρὸς
1301 2866 1363 2920 τὸ
1411 2866 1566 2941 γένος
1617 2867 1875 2944 ἀναφορά’
1926 2867 2002 2929 ὡς

357 2950 484 3007 ὅταν
514 2954 549 3022 ἡ
571 2951 884 3028 γεωμετρία
909 2950 1127 3029 λέγοιτο
1159 2953 1297 3030 πρός
1323 2976 1397 3027 τι,
1430 2956 1565 3009 κατὰ
1608 2956 1704 3024 τὴν
1735 2956 1872 3031 πρὸς
1901 2957 1999 3025 τήν

357 3040 667 3114 ἐπιστήμην
718 3040 1009 3120 ἀναφοράν.
1062 3043 1373 3117 Ἐπιστήμη
1425 3044 1528 3119 γὰρ
1579 3043 1880 3118 ἐπιστήμη,
1912 3043 2002 3099 καί

350 3129 415 3187 τὸ
445 3129 730 3202 ἐπιστητὸν
764 3129 1038 3207 ἐπιστήμῃ
1069 3132 1376 3203 ἐπιστητόν.

2038 1934 2087 1997 Β

2120 650 2177 702 et
2202 664 2307 719 per
2353 647 2622 704 accidens
2672 646 2815 702 forte
2857 643 3088 700 dicitur.
3121 641 3228 696 Sed
3274 639 3336 694 iu
3381 637 3475 693 his
3524 636 3760 709 quidem

2120 736 2315 792 omnia
2345 753 2471 808 quae
2502 739 2643 792 sunt
2667 736 2737 792 ad
2769 732 2988 805 aliquid
3020 730 3395 802 colliguntur.

2187 827 2278 883 23.
2314 826 2508 881 Latius
2538 830 2732 881 autem
2760 822 2940 894 aliqui
2971 825 3028 877 et
3073 818 3441 875 manifestius
3470 815 3528 871 in
3562 816 3760 871 decem

2120 913 2342 985 species
2372 914 2642 969 dividunt
2671 929 2740 968 ea
2785 928 2912 984 quae
2944 913 3084 964 sunt
3113 908 3182 962 ad
3215 903 3457 977 aliquid,
3490 901 3762 958 identita-

2118 1002 2739 1075 tem,intequalitatem,
2758 998 3208 1073 generationem,
3232 992 3758 1066 participationem,

2120 1092 2597 1157 submissionem,
2649 1091 3001 1163 passionem,
3024 1084 3338 1159 judicium,
3384 1082 3754 1154 positionem,

2119 1180 2553 1253 asymmetriam
2578 1196 2679 1235 seu
2705 1173 3552 1238 incommensurabilitatem,et
3575 1171 3647 1226 ad
3668 1186 3762 1243 ge—

2120 1286 2234 1324 nus
2264 1269 2629 1324 relationem.

2188 1360 2277 1415 24.
2314 1359 2592 1415 ldentitas
2642 1356 2884 1430 proinde
2915 1354 3151 1427 quidem
3201 1356 3310 1419 est,
3343 1366 3480 1406 cum
3518 1349 3587 1404 ad
3639 1347 3768 1402 uni-

2117 1464 2324 1503 vocum
2355 1449 2419 1502 ﬁt
2448 1447 2697 1511 collatio,
2731 1450 2795 1500 ut
2824 1444 3048 1499 amicus
3079 1441 3251 1497 amici
3294 1438 3537 1505 amicus,
3569 1440 3627 1492 et
3654 1433 3762 1490 ini-

2117 1536 2307 1593 micus
2335 1536 2558 1593 inimici
2588 1534 2861 1591 inimicus
2887 1551 2901 1601 ;
2935 1536 2994 1588 et
3020 1529 3241 1603 mquale
3268 1526 3472 1600 aequali
3514 1524 3758 1598 aequale,

2117 1630 2173 1681 et
2204 1625 2393 1681 simile
2424 1624 2606 1680 simili
2637 1623 2848 1681 simile.
2880 1618 3276 1692 Inaequalitas,
3307 1620 3373 1672 ut
3402 1617 3617 1687 majus,
3650 1614 3758 1669 du-

2115 1714 2298 1785 plum,
2332 1714 2654 1786 multiplex.
2702 1711 3028 1778 Generatio,
3063 1714 3127 1764 ut
3166 1712 3346 1781 pater,
3380 1706 3532 1763 228
3577 1703 3756 1760 ﬁlius.

2114 1804 2515 1875 Participatio,
2547 1808 2614 1858 ut
2659 1801 3017 1875 participans
3059 1802 3116 1853 et
3153 1797 3303 1868 quod
3354 1794 3755 1868 participatur.

2116 1892 2468 1961 Submissio,
2500 1897 2565 1947 ut
2611 1908 2833 1960 servus,
2884 1886 3230 1960 discipulus.
3276 1884 3496 1951 Passio,
3527 1887 3593 1938 ut
3637 1897 3759 1938 ver-

2118 1983 2382 2048 beratus,
2452 1986 2642 2036 ustus.
2690 1979 3011 2045 Judicium,
3066 1981 3133 2032 ut
3180 1991 3477 2039 mensura,
3525 1988 3757 2037 sensus,

2117 2070 2380 2126 scientia.
2427 2070 2665 2126 Judicat
2695 2069 2852 2125 enim
2900 2066 3145 2123 scientia
3198 2063 3417 2130 scibile,
3450 2066 3509 2118 et
3546 2076 3757 2117 sensus

2117 2158 2413 2226 sensibile,
2445 2163 2503 2214 et
2549 2158 2743 2214 omnis
2772 2156 2985 2213 notitia
3029 2153 3347 2221 noscibile;
3379 2155 3437 2207 et
3481 2166 3759 2206 mensura

2116 2253 2522 2305 mensuratum
2547 2265 2561 2316 ;
2594 2253 2651 2304 et
2678 2247 2771 2302 his
2819 2246 3040 2301 similia
3068 2250 3135 2301 ut
3155 2241 3487 2315 judicantia
3515 2243 3656 2296 sunt
3683 2239 3755 2295 ad

2115 2355 2183 2395 ea
2212 2356 2340 2410 quae
2362 2338 2726 2410 judicantur.
2760 2337 2978 2392 Positio
3007 2341 3072 2391 ut
3101 2336 3393 2400 dextrum,
3425 2331 3756 2402 sinistrum,

2115 2428 2323 2494 sessio,
2354 2428 2549 2495 statio,
2582 2426 2903 2483 reclinatio.
2934 2426 3064 2481 Haec
3093 2424 3292 2480 omnia
3320 2423 3391 2477 ad
3422 2423 3756 2477 converten-

2113 2517 2197 2572 tia
2225 2516 2504 2571 dicuntur
2532 2517 2657 2587 (seu
2707 2513 3185 2587 reciprocantur).
3217 2509 3610 2583 Asymmetria
3638 2510 3757 2565 sive

2114 2604 2478 2675 impotentia,
2505 2603 2666 2660 velut
2695 2604 2850 2676 quod
2900 2600 3261 2674 impossibile
3290 2604 3381 2656 est
3409 2617 3443 2655 a
3475 2598 3646 2655 nobis
3672 2599 3757 2654 vi-

2113 2692 2259 2759 deri,
2290 2693 2399 2749 hoc
2430 2694 2606 2749 etiam
2639 2711 2752 2749 non
2786 2709 3102 2765 possumus
3132 2691 3344 2757 videre,
3377 2693 3443 2744 ut
3466 2687 3755 2760 sphaeram

2113 2784 2289 2838 astris
2315 2787 2631 2847 carentem,
2665 2787 2916 2838 ostream
2947 2781 3006 2836 in
3038 2779 3544 2853 profundo,aerem
3573 2776 3754 2832 veluti

2112 2868 2325 2925 coloris
2371 2875 2690 2943 expertem.
2722 2869 2941 2926 Relatio
2987 2870 3058 2924 ad
3088 2883 3295 2939 genus,
3328 2870 3393 2921 ut
3442 2881 3577 2920 cum
3624 2878 3756 2935 geo-

2112 2959 2319 3014 metria
2370 2958 2585 3015 dicitur
2633 2960 2703 3014 ad
2745 2958 2966 3029 aliquid
3015 2956 3339 3012 secundum
3388 2953 3751 3020 relationem,

2111 3063 2289 3118 quam
2321 3048 2497 3102 habet
2517 3048 2587 3103 ad
2621 3044 3210 3104 scientiam.Scientia
3237 3044 3395 3100 enim
3424 3041 3645 3098 scibilis
3666 3044 3756 3097 est

2110 3135 2373 3205 scientia,
2404 3140 2462 3192 et
2489 3136 2690 3193 scibile
2720 3136 2964 3193 scientia
2986 3139 3077 3191 est
3104 3132 3326 3191 scibile.

1493 3322 1702 3393 Σχῆμα
1728 3316 1922 3395 κεφαλ.
1953 3319 2057 3393 κγ’,
2089 3318 2213 3394 περὶ
2242 3322 2349 3373 τῶν
2372 3318 2510 3394 πρός
2537 3340 2612 3375 τι.

1193 3459 1261 3538 τᾷ
1292 3457 1386 3538 μὲν
1418 3458 1567 3538 πρὸς.
1582 3459 1929 3538 γενικήνηὼς
1950 3461 2299 3538 ’πατὴρ-υἱοῦ,
2319 3463 2519 3538 πατήρ·

1193 3477 1261 3512 τα
1289 3477 1386 3586 ἔεν
1418 3477 1554 3585 rgo:
1582 3477 1821 3533 γενικην,
1854 3477 1929 3521 ως
1959 3477 2139 3536 πατηρ
2169 3477 2290 3516 υιου
2319 3482 2419 3516 πατ

1192 3530 1260 3606 τᾲ
1293 3531 1345 3606 ne
1374 3549 1467 3606 ito
1487 3550 1511 3591 ς
1541 3527 1780 3606 δοτικῇν,
1801 3530 1888 3606 ,ὡς
1910 3530 1975 3586 τὸ
2004 3528 2117 3606 ἴσον
2149 3529 2253 3606 ἴσῳ
2282 3531 2419 3606 ἴσον.

1192 3602 1259 3655 τὰ
1289 3600 1348 3679 δέ
1376 3596 1509 3679 πρὸς
1540 3596 1931 3679 γενικήνὸμοῦ
1958 3603 2047 3679 καὶ
2081 3596 2329 3679 δοτικὴν,
2356 3604 2430 3666 ὡς
2460 3604 2523 3658 τὸ
2553 3602 2820 3679 ὑπερέχον
2872 3600 3280 3679 ὑπερεχομένου
3327 3598 3604 3676 ὑπερέχει,
3650 3596 3740 3652 καὶ

419 3666 535 3717 Τῶν
565 3662 699 3740 πρός
727 3684 779 3720 τι
812 3665 1028 3744 φέρεται

1236 3746 1248 3761 η
1293 3675 1361 3767 :‘6
1392 3672 1789 3767 ὑπερεχόμενον
1824 3672 2514 3767 ὖπερέχοντιθὺπερέχεται·

1192 3746 1259 3798 τὰ
1290 3742 1347 3799 δὲ
1380 3742 1514 3817 μετᾶ
1541 3742 1870 3820 προθέσεως,
1904 3742 2072 3808 ὡς’τὸ
2105 3747 2244 3835 μέγα
2272 3742 2409 3822 πρδς

1196 3817 1258 3839 ,l
1294 3816 1343 3839 ω
1376 3816 1464 3839 --με
1504 3817 1632 3839 .--μί
1668 3837 1707 3839 η
1758 3837 1805 3839 _,
1860 3817 1957 3839 με
1992 3838 1997 3839 ,
2029 3818 2065 3839 ν
2135 3817 2156 3839 κ.
2202 3818 2223 3839 ν
2330 3820 2344 3839 ρ

2488 3746 2630 3833 ικρδν
2668 3744 2826 3833 μέγα.

1192 3768 1259 3798 τα
1290 3768 1347 3799 οε
1380 3768 1514 3817 μετα
1541 3768 1870 3820 προθέσεως,
1904 3768 1978 3808 ως
2008 3768 2072 3801 το
2105 3768 2244 3835 μεγα
2272 3768 2409 3822 προς
2488 3768 2630 3821 ικρον
2668 3768 2826 3819 μέγα.

1191 3817 1259 3871 τὰ
1291 3816 1348 3871 δὲ
1376 3816 1472 3893 καὶ.
1502 3817 1635 3888 μετά
1661 3837 1809 3893 τινος
1835 3817 2083 3893 περὶμτὴν
2135 3817 2275 3888 λεξιν
2324 3768 2671 3893 ὑπαλιλαγῆς,
2719 3817 2793 3878 ὡς
2826 3816 2854 3871 ὁ
2901 3814 3113 3889 τέμνων
3162 3815 3494 3889 τεμνόμενον
3548 3813 3754 3887 τέμνει,

1303 3887 1392 3943 καὶ
1423 3887 1484 3941 τὸ
1505 3886 1847 3961 τεμνόμενον
1882 3886 1984 3944 ὑπὸ
2014 3886 2305 3962 τέμνοντος
2332 3886 2603 3964 τέμνεταί.

1202 4107 1236 4177 ἥ
1284 4107 1335 4163 ἐν
1383 4114 1499 4170 τοῖς
1547 4043 1989 4311 αὗθεδράστοις,ξ

1309 4179 1434 4249 ἤτοι
1458 4185 1576 4243 ταῖς
1608 4180 1816 4245 οὐσίαις

1309 4179 1434 4249 ἤτοι
1458 4185 1576 4243 ταῖς
1608 4179 1816 4245 οὐσίαις

380 4268 459 4325 Τὰ
484 4269 621 4346 πρός
645 4291 698 4326 τι
730 4266 847 4347 ἔχει
879 4271 1063 4350 σχέσιν

1200 4374 1235 4443 ἥ
1288 4373 1389 4429 οὐκ
1431 4373 1482 4430 έν
1528 4381 1644 4439 τοῖς
1689 4375 1941 4443 αὐθεδρά-

1308 4384 1389 4429 ιὺκ
1431 4384 1482 4430 ἐν
1528 4384 1644 4439 τοῖς
1689 4384 1846 4432 αὐθεὸ
1886 4384 1941 4431 ἀ-

1308 4467 1476 4572 σξοις,
1510 4447 1636 4517 ἤτοι
1664 4384 1987 4588 συμϐεὲη-ἔ

1308 4538 1341 4571 κ
1375 4538 1448 4576 σι.

1306 4517 1448 4576 κόσι.

1134 4702 1143 4711 κ
1199 4657 1489 4731 ταυτότης,

1198 4728 1474 4804 ἀνισότης,

1196 4801 1427 4876 γένεςις.

1199 4872 1429 4967 θέῗδξξιςὲ

1197 4946 1405 5032 ὕφεσις,

1122 5036 1129 5089 ᾖ
1196 5036 1395 5089 πεισις,

1194 5086 1394 5161 κρίσις,

1197 5170 1358 5232 θέσις,

1197 5228 1560 5307 ἀσρμιιξτρίοε,

340 4974 468 5031 Ἐτι
494 4976 601 5034 τῶν
634 4974 772 5054 πρός
802 4998 852 5034 τι

1195 5301 1461 5378 καὶπρὸς
1482 5301 1554 5358 τὸ
1576 5302 1733 5380 γένος
1762 5303 2024 5384 ἆναφορά.

2059 4041 2310 4116 φυσικῄν,
2345 4040 2418 4116 ᾡς
2446 4040 2627 4116 πατῂρ
2656 4038 2909 4116 καὶ-υἱόςο

2054 4108 2311 4187 τυχικῆν,
2344 4112 2417 4187 ὡς
2452 4108 2647 4173 δοῦλος
2675 4110 2765 4187 καὶ
2799 4108 3064 4187 δεσπότης

2053 4179 2334 4259 τεῇξνικῆν,
2369 4183 2443 4259 ᾡς
2481 4184 2728 4259 μ-αθητῂς
2761 4183 2848 4236 καὶ
2869 4179 3228 4259 διδασκαλος·

2053 4251 2573 4331 προαιρετικὴν,’ὡς
2605 4251 2764 4332 φίλος
2794 4254 2885 4308 καὶ
2917 4251 3097 4330 φίλος.

2057 4416 2311 4493 φυσικὴν,
2344 4416 2419 4493 ᾡς
2450 4412 2773 4493 διδάσκαλος
2803 4414 2896 4493 xui
2921 4412 3114 4487 ἥμισυ·

2054 4484 2308 4563 τυχικήν,
2342 4487 2418 4549 ὡς
2448 4486 2588 4562 μέγα
2614 4486 2703 4540 καὶ
2735 4484 2948 4562 μικρόν.

1940 5608 2136 5624 ..ιιι-ιο
