4108 6440
348 475 468 535 865

1723 469 2070 531 EPITOME
2113 473 2390 535 LOGICA
2408 521 2421 534 .

3630 475 3750 538 866

349 603 601 661 Τοιοῦτόν
663 602 774 659 έστι
829 601 893 657 τὸ
950 599 1266 676 ἀδημονεῖν,
1313 601 1401 656 καὶ
1461 601 1589 656 αὐτὸ
1643 601 1704 656 τὸ
1760 599 1989 677 πάσχειν

2140 606 2266 677 uere)
2298 624 2423 678 quae
2478 608 2806 681 passionem
2852 609 3152 680 denotant,
3184 610 3417 664 tametsi
3465 611 3750 682 operatio-

351 694 521 756 πάθος
584 690 875 764 δηλοῦντα,
916 689 1012 746 κᾶν
1062 690 1320 766 ἐνέργειαν
1367 694 1436 763 τῇ
1480 695 1730 768 προφορᾷ
1775 709 1994 765 σχημα-

350 784 624 854 τίζωνται,
675 781 804 838 Τινᾶ
851 779 908 836 δὲ
956 782 1270 851 παθητικῶς
1329 779 1698 857 προαγόμενοι,
1731 783 1998 854 παριστῶ-

355 895 434 930 σιν
493 873 777 950 ἐνέργειαν·
838 872 950 927 οἷον
997 871 1059 925 τὸ
1118 868 1364 946 ἔρχεσθαι
1421 869 1510 924 καὶ
1578 868 1682 943 (τὸ)
1741 867 1996 943 ἀγωνίζε-

356 965 497 1018 σθαι.

425 1054 493 1128 γ’.
529 1056 823 1128 Διαιρεῖται
885 1047 941 1105 δὲ
996 1049 1059 1103 τὸ
1116 1053 1289 1103 ποιεῖν
1351 1044 1426 1110 εἴς
1456 1068 1515 1102 τε
1543 1046 1604 1101 τὸ
1636 1047 1879 1122 θεωρεῖν,
1909 1045 1998 1100 καὶ

356 1142 431 1204 εἷς
483 1143 546 1197 τὸ
585 1141 880 1215 ὁμώνυμον
937 1144 1017 1211 τῷ
1073 1138 1211 1214 γένει
1259 1142 1457 1208 ποιεῖν,
1489 1136 1580 1192 καὶ
1625 1136 1701 1198 εἷς
1738 1135 1801 1190 τὸ
1831 1135 1999 1210 πράτ-

354 1253 488 1286 τειν.

429 1317 490 1378 δ’.
517 1319 588 1374 Τὸ
623 1319 716 1393 μὶν
745 1315 836 1373 οῦν
869 1319 1084 1393 θεωρεῖν
1117 1318 1152 1386 ἢ
1180 1315 1304 1392 περὶ
1342 1316 1440 1384 τὴν
1487 1319 1596 1369 τῶν
1643 1317 1853 1384 νοητῶν
1912 1312 2002 1366 καὶ

359 1407 661 1484 ἀμερίστων
713 1406 908 1462 οὐσιῶν
958 1405 1233 1479 ἐπίσκεψιν
1287 1405 1533 1474 νοήσεσιν
1603 1402 1802 1463 ἁπλαῖς
1856 1400 2001 1475 ἐνερ-

355 1502 462 1574 γεῖ,
496 1495 626 1573 ὅπερ
677 1495 786 1551 ἐστὶ
816 1494 906 1549 καὶ
962 1494 1167 1571 κυρίως
1226 1497 1467 1568 θεωρεῖν·
1519 1488 1670 1568 ἔργον
1732 1487 1789 1545 δὲ
1843 1493 2002 1543 τοῦτο

362 1586 528 1660 μόνου
579 1584 724 1648 νοός’
774 1586 809 1653 ἣ
854 1581 978 1658 περῖ
1025 1583 1091 1637 τὰ
1136 1581 1364 1652 ἀκίνητα
1425 1581 1778 1655 μαθηματικὰ
1834 1583 2005 1633 ποιεῖ-

357 1696 446 1730 ται
504 1673 801 1745 διανόησιν·
836 1672 948 1727 οἷόν
1007 1671 1116 1726 έστι
1174 1669 1238 1726 τὰ
1293 1675 1620 1747 γεωμετρεῖν
1678 1669 2002 1745 ὡρισμέναις

362 1763 573 1838 μὲν,οὐ
631 1765 736 1837 μὴν
789 1759 991 1822 ἁπλαῖς
1047 1756 1122 1815 ἔτι
1182 1761 1469 1835 χρώμενον
1517 1763 1635 1820 ταῖς
1695 1751 2001 1827 ἐπιϐολαῖς,

359 1851 507 1908 ἀλλὰ
554 1853 821 1916 συνθέτοις
873 1851 964 1905 καὶ
1011 1850 1146 1904 κατᾶ
1190 1847 1446 1920 διέξοδον,
1480 1847 1587 1903 οἷαί
1635 1847 1762 1901 εἰσιν
1810 1847 1863 1900 αἱ
1904 1853 2004 1915 τῆς

359 1943 592 2017 καθαρᾶς
671 1938 909 2000 διανοίας
994 1939 1273 2014 ἐνέργειαι.
1339 1939 1408 1992 Ἢ
1471 1938 1593 2012 περὶ
1666 1937 1759 1996 τὰς
1834 1936 2002 1989 ἀεικι-

359 2034 556 2102 νήτους
586 2029 843 2100 αἰσθητὰς
875 2027 1058 2090 οὐσίας
1088 2033 1323 2082 ποιεῖται
1380 2028 1478 2095 τήν
1538 2027 1764 2099 θεωρίαν
1815 2025 2003 2093 αἰσθή-

361 2141 440 2175 σει
478 2120 611 2193 μετὰ
641 2117 912 2193 λογισμοῦ
944 2118 1247 2194 χρώμενον.
1282 2117 1408 2174 Οἴόν
1469 2116 1577 2170 ἐστι
1635 2114 1696 2168 τὸ
1757 2114 2008 2190 ἀστρονο-

366 2215 483 2284 μεῖν
517 2210 840 2285 συμφώνους
899 2213 1012 2268 τοῖς
1061 2207 1401 2284 φαινομένοις
1450 2203 1577 2267 τοὺς
1638 2203 1833 2279 λόγους
1891 2203 2004 2258 ἐπι-

365 2297 726 2372 δεικνύμενον.

436 2585 494 2638 ε’.
527 2581 625 2637 Καὶ
657 2580 828 2644 οὕτως
858 2584 892 2650 ἡ
929 2579 1032 2651 ὅλη
1087 2584 1185 2649 τῆς
1228 2579 1454 2656 θεωρίας
1504 2579 1746 2652 ἐνέργεια
1805 2575 2004 2640 ἄνωθεν

365 2672 470 2728 ἀπὸ
501 2676 606 2727 τῶν
639 2672 888 2745 καθαρῶν
919 2673 1161 2742 νοῆσεων
1195 2669 1283 2724 ἐπὶ
1339 2668 1467 2731 τοὺς
1530 2669 1642 2741 μετ’
1707 2667 2008 2737 αἰσθήσεως

366 2759 662 2837 λογισμοὺς
691 2765 996 2837 προχωρεῖ.
1029 2759 1098 2813 Τὸ
1130 2760 1223 2833 μὲν
1252 2755 1342 2812 οῦν
1375 2762 1593 2833 θεωρεῖν
1651 2755 1821 2817 οὕτως
1878 2752 2005 2828 ἔχον

366 2849 496 2908 έστί.

437 2964 499 3020 ς’,
530 2957 600 3010 Τὸ
660 2953 706 3010 δ’
751 2958 1077 3029 ὁμωνυμοῦν
1135 2959 1214 3026 τῷ
1269 2952 1410 3028 γένει
1460 2957 1656 3020 ποιεῖν,
1707 2951 1758 3006 ἐν
1813 2955 1892 3022 τῷ
1945 2949 2011 3004 τὰ

376 3043 515 3118 μηδέ
563 3066 667 3099 που
720 3043 852 3099 εἶναι
901 3043 1217 3119 μετέχοντα,
1264 3043 1341 3104 εἷς
1382 3044 1444 3097 τὸ
1493 3041 1626 3096 εἶναι
1691 3038 1835 3115 ἄγειν
1883 3040 2008 3116 ὑφέ-

370 3155 552 3204 στηκε.
603 3138 772 3188 Τοῦτο
831 3130 890 3187 δὲ
947 3132 1145 3207 κυρίως
1199 3132 1288 3186 καὶ
1347 3130 1588 3200 ἀληθῶς,
1620 3130 1670 3183 έν
1734 3128 1880 3202 μόνῳ
1934 3132 2012 3199 τῷ

368 3227 484 3294 Θεῷ
534 3221 644 3276 ἐστι
687 3226 767 3293 τῷ
813 3222 986 3275 πάντα
1025 3223 1092 3275 τὰ
1139 3215 1266 3274 ὄντα
1313 3219 1371 3274 ἐκ
1416 3220 1491 3292 μὴ
1545 3214 1711 3272 ὄντων
1774 3237 2012 3292 παραγα-

2035 1987 2083 2051 Β

2107 710 2238 749 nem
2293 697 2613 768 prolatione
2663 699 2934 771 ﬁgurent.
2986 699 3260 764 Quaedam
3321 700 3574 772 denique
3614 717 3750 756 cum

2107 784 2334 854 passive
2364 787 2752 858 proferantur,
2784 788 3072 843 actionem
3103 793 3543 860 repraesentant,
3575 794 3642 846 ut
3671 790 3755 845 in-

2107 873 2268 942 gredi
2300 879 2355 929 et
2386 874 2654 947 praeliari.

2180 1050 2232 1105 3.
2264 1049 2394 1106 Jam
2445 1069 2576 1108 vero
2606 1053 2667 1105 τὸ
2718 1053 2904 1110 facere
2947 1058 3003 1109 et
3051 1054 3112 1109 in
3163 1054 3546 1127 contemplari
3594 1060 3652 1112 et
3695 1056 3756 1112 in

2111 1139 2469 1211 sequivocum
2503 1143 2698 1214 generi
2729 1143 2916 1199 facere
2949 1149 3006 1198 et
3038 1143 3097 1197 in
3125 1160 3295 1216 agere
3325 1144 3620 1200 dividitur.

2183 1321 2234 1373 4.
2270 1319 2660 1392 Contemplari
2692 1321 2933 1394 proinde
2981 1322 3218 1393 quidem
3244 1323 3334 1378 vel
3363 1323 3434 1378 de
3478 1323 3755 1397 intelligi-

2114 1407 2329 1464 bilibus
2359 1414 2415 1464 et
2443 1410 2900 1465 indivisibilibus
2950 1411 3297 1467 substantiis
3345 1412 3758 1469 consideratio-

2113 1513 2246 1552 nem
2306 1503 2542 1570 praestat
2597 1499 2966 1572 simplicibus
3023 1500 3535 1571 intellectionibus,
3596 1505 3752 1575 quod

2113 1584 2288 1639 etiam
2321 1585 2552 1658 pr0prie
2602 1591 2690 1642 est
2733 1587 3114 1659 contemplari
3146 1587 3278 1659 (hoc
3327 1594 3520 1645 autem
3571 1589 3756 1646 solius

2115 1673 2328 1730 mentis
2359 1691 2576 1730 munus
2607 1677 2735 1747 est),
2767 1675 2853 1731 vel
2884 1676 3037 1731 circa
3065 1676 3391 1733 immobilia
3432 1678 3757 1736 mathema-

2112 1762 2230 1818 tica
2273 1765 2827 1820 commentationem
2876 1765 3018 1830 obit,
3059 1765 3217 1821 velut
3262 1770 3350 1822 est
3398 1772 3756 1839 geometram

2115 1866 2320 1922 agere;
2357 1852 2612 1907 definitis
2645 1853 2880 1924 quidem
2914 1854 3012 1908 sed
3047 1871 3160 1908 non
3189 1854 3441 1926 amplius
3480 1856 3759 1928 simplici-

2116 1941 2226 1995 bus
2255 1947 2426 1996 utens
2457 1940 2963 2013 applicationibus,
2990 1959 3189 1998 verum
3221 1944 3561 2015 compositis
3591 1951 3649 2000 et
3676 1963 3760 2002 se-

2115 2030 2372 2084 cundum
2397 2031 2710 2085 transitum
2734 2031 2805 2085 ab
2836 2048 2952 2086 uno
2983 2033 3054 2085 ad
3087 2031 3246 2086 aliud
3279 2033 3479 2103 quales
3501 2040 3642 2089 sunt
3666 2050 3759 2090 ac-

2115 2122 2210 2173 tus
2241 2135 2400 2188 purae
2431 2119 2665 2174 dianma:
2693 2137 2706 2188 ;
2733 2119 2816 2173 vel
2851 2120 3004 2174 circa
3033 2137 3264 2192 semper
3294 2122 3536 2178 mobiles
3559 2128 3614 2178 et
3631 2139 3762 2179 sen-

2116 2206 2314 2262 sibiles
2346 2209 2703 2263 substantias
2723 2209 3212 2280 contemplatione
3227 2211 3566 2282 defungitur
3582 2228 3759 2268 sensu

2117 2313 2252 2350 cum
2304 2295 2744 2352 ratiocinatione
2795 2303 3004 2366 utens;
3037 2298 3192 2353 velut
3221 2305 3309 2354 est
3357 2305 3759 2356 astronomum

2119 2400 2287 2455 agere
2317 2385 2817 2441 consentientibus
2848 2387 3228 2457 phaenomena
3258 2404 3360 2443 seu
3392 2389 3762 2460 apparentias

2117 2473 2438 2528 rationibus
2469 2480 2959 2530 commonstrans.

2186 2581 2238 2634 5.
2257 2584 2446 2651 Atque
2475 2581 2555 2634 ita
2588 2585 2706 2636 tota
2733 2584 3243 2654 contemplationis
3271 2584 3492 2639 functio
3514 2599 3764 2655 superne

2118 2685 2152 2722 a
2209 2669 2371 2740 puris
2422 2669 2912 2725 intellectionibus
2961 2672 3031 2725 ad
3082 2672 3553 2728 ratiocinationes
3608 2674 3760 2729 229

2117 2774 2250 2812 cum
2284 2775 2459 2813 sensu
2485 2760 2718 2828 junctas
2748 2760 3008 2831 procedit
3034 2779 3047 2830 ;
3077 2761 3140 2813 τὸ
3172 2761 3556 2833 contemplari
3586 2762 3766 2834 igitur

2117 2847 2199 2900 ita
2229 2863 2290 2902 se
2319 2847 2515 2902 habet.

2187 2954 2241 3006 6.
2276 2954 2438 3018 Quod
2470 2957 2663 3008 autem
2709 2955 2906 3026 generi
2936 2953 3295 3027 aequivocum
3325 2961 3414 3012 est
3465 2956 3671 3025 facere,
3703 2957 3764 3011 in

2119 3042 2228 3096 hoc
2259 3043 2414 3113 quod
2446 3047 2534 3097 est
2563 3044 2619 3096 in
2654 3061 2781 3098 esse
2811 3045 3094 3100 deducere
3114 3061 3180 3099 ea
3209 3062 3335 3116 qua
3366 3063 3494 3102 esse
3525 3063 3765 3118 prorsus

2121 3148 2236 3185 non
2272 3117 3043 3201 habuerunt,consistit.Hoc
3069 3138 3264 3189 autem
3290 3117 3604 3204 proprieiet
3631 3150 3764 3189 vere

2119 3220 2179 3274 in
2211 3220 2334 3275 solo
2384 3225 2498 3275 Deo
2529 3226 2637 3285 est,
2671 3222 2772 3292 qui
2819 3223 3018 3278 omnia
3047 3224 3202 3278 entia
3247 3240 3316 3278 ex
3365 3240 3480 3278 non
3530 3225 3765 3279 entibus

366 3311 515 3388 γόντι
544 3311 608 3365 τὸ
637 3315 875 3386 πρῶτον,
907 3309 995 3364 καὶ
1027 3307 1177 3372 αὖθις
1207 3309 1258 3380 ἐξ
1289 3304 1458 3362 ὄντων
1487 3309 1554 3362 τὰ
1611 3308 1684 3380 μή
1736 3302 1863 3361 ὄντα
1907 3327 2010 3360 πα-

421 3401 431 3417 Ι
657 3407 668 3417 Α
696 3399 706 3417 1
939 3395 984 3417 ἢκ
1114 3398 1128 3417 \
1213 3399 1228 3417 ι
1321 3396 1331 3417 ρ
1639 3402 1662 3411 ν
1785 3397 1798 3414 ‘
1863 3415 1896 3417 __
1915 3415 1928 3417 _
1960 3397 1972 3417 Ῐ

2140 3309 2394 3379 ποάυχὶῑ
2423 3310 2764 3379 primum,et
2783 3311 2996 3366 iterum
3026 3328 3093 3366 ex
3114 3312 3586 3383 entibus(in)non
3608 3313 3768 3368 entia

372 3401 607 3476 ράγοντι.
641 3399 901 3473 Λέγονται
937 3395 994 3453 δὲ
1041 3398 1130 3452 καὶ
1179 3399 1234 3452 αἱ
1280 3396 1467 3473 τέχναι
1514 3402 1688 3450 ποιεῖν
1741 3397 1808 3450 τὰ
1862 3397 2011 3470 χρή-

372 3510 504 3562 σιμα
550 3488 686 3565 πρὸς
737 3489 837 3558 τὴν
897 3487 1210 3560 αὐτάρκειαν
1272 3491 1367 3541 τοῦ
1425 3486 1545 3561 βίου
1573 3486 2012 3560 παρασκευάζου-

372 3599 482 3636 σαι.

446 3689 504 3752 ζ’.
536 3684 607 3738 Τὸ
647 3681 705 3738 δὲ
750 3681 1000 3760 πράττειν
1060 3681 1148 3737 ἐπὶ
1197 3687 1291 3736 τοῦ
1333 3682 1704 3757 προαιρεῖσθαι
1751 3680 1838 3735 καὶ
1892 3680 2014 3755 βου-

375 3771 618 3828 Αεύεσθαι
676 3772 767 3827 καὶ
822 3769 1165 3846 δογματίζειν
1221 3770 1309 3826 καὶ
1365 3775 1472 3824 τῶν
1534 3769 1737 3844 ὁμοίων
1800 3763 2014 3842 λαμϐά-

373 3881 544 3919 νεται.

439 3969 512 4038 η’.
543 3968 692 4029 Τινὲς
723 3965 781 4022 δὲ
811 3967 1103 4038 ποιητικὰς
1168 3968 1261 4040 μὲν
1322 3967 1539 4043 λέγουσι
1586 3965 1780 4041 τέχνας
1831 3967 1904 4018 ὧν
1953 3965 2021 4019 τὰ

362 4055 774 4130 ἀποτελέσματα
801 4058 1100 4133 παραμένει
1147 4057 1283 4129 μετά
1338 4058 1435 4126 τὴν
1491 4055 1734 4126 ποίησιν·
1769 4055 1845 4116 ὡς
1904 4051 2020 4128 ἔχει

365 4147 401 4215 ἠ
461 4143 789 4219 οἰκοδομικὴ
849 4145 940 4200 καὶ
995 4149 1332 4220 ναυπηγική·
1365 4145 1662 4222 πρακτικὰς
1714 4142 1791 4215 δὲ,
1825 4145 1900 4197 ὧν
1957 4145 2024 4196 τὰ

369 4233 783 4308 ἀποτελέσματα
839 4233 891 4288 ἐν
949 4239 1028 4306 τῷ
1080 4233 1320 4310 γίνεσθαι
1379 4235 1440 4289 τὸ
1508 4234 1643 4288 εἶναι
1699 4230 1920 4308 ἔχοντα,
1962 4231 2022 4286 οὐ

371 4323 689 4400 παραμένει·
753 4322 826 4384 ὡς
877 4320 964 4377 ἐπὶ
1028 4330 1128 4392 τῆς
1184 4321 1490 4394 αὐλητικῆς
1545 4319 1684 4378 ἔστιν
1746 4323 1871 4398 ὁρᾷν
1931 4326 2029 4380 καὶ

377 4411 737 4488 ὀρχηστικῆς.

445 4608 506 4663 θ’.
541 4611 832 4681 Θεωρεῖται
889 4603 946 4661 δὲ
1002 4606 1092 4661 καὶ
1145 4605 1197 4660 έν
1258 4605 1494 4682 ἀψύχοις
1524 4606 1587 4660 τὸ
1617 4613 1816 4675 ποιεῖν,
1849 4603 2028 4681 ὥσπερ

379 4693 444 4764 δὴ
499 4695 589 4749 καὶ
644 4695 706 4749 τὸ
763 4695 1016 4771 πάσχειν,
1080 4697 1194 4749 οἷον
1247 4695 1310 4749 τὸ
1367 4699 1475 4770 πῦρ
1533 4695 1831 4769 θερμαίνει,
1862 4694 1952 4749 καὶ
2001 4695 2028 4748 ὁ

377 4780 719 4860 κρύσταλλος
776 4782 962 4858 ψύχει,
1021 4782 1112 4838 καὶ
1158 4784 1221 4837 τὸ
1287 4782 1444 4853 ξύλον
1525 4783 1795 4856 τέμνεται,
1854 4782 1944 4837 καὶ
1999 4783 2026 4835 ὁ

380 4869 534 4933 λίθος
563 4870 924 4945 θερμαίνεται,
957 4868 1049 4925 καὶ
1074 4869 1226 4935 αὖθις
1256 4872 1510 4946 ψύχεται.

456 4979 504 5032 ι’.
537 4981 642 5031 Τοῦ
689 4977 918 5053 πάσχειν
980 4975 1038 5032 δὲ
1063 4977 1127 5032 τὸ
1182 4978 1277 5051 μὲν
1333 4976 1442 5032 ἔστι
1493 4979 1806 5056 φθαρτικὸν,
1840 4979 1913 5040 ὡς
1967 4979 2029 5032 τὸ

380 5067 644 5139 καίεσθαι,
700 5067 763 5121 τὸ
818 5064 876 5121 δὲ
926 5065 1298 5137 τελειωτικὸν,
1345 5067 1420 5129 ὡς
1479 5068 1541 5121 τὸ
1603 5069 1881 5141 μανθάνειν
1940 5067 2030 5122 καὶ

383 5156 670 5232 γινώσκειν
699 5155 790 5210 καὶ
822 5154 1180 5212 αἰσθάνεσθαι.

463 5268 543 5319 ια’.
581 5261 644 5318 Εἰ
676 5259 733 5316 δὲ
762 5262 823 5316 τὸ
852 5266 1028 5317 ποιεῖν
1058 5262 1148 5316 καὶ
1204 5263 1434 5337 πάσχειν
1484 5262 1666 5339 σχέσιν
1721 5263 1837 5338 ἔχει
1896 5264 2032 5338 πρὸς

392 5347 639 5423 ἄλληλα,
670 5351 744 5413 ὡς
800 5352 860 5405 τὸ
910 5351 1213 5426 θερμαίνειν
1269 5352 1358 5405 καὶ
1388 5352 1450 5406 τὸ
1480 5352 1872 5428 θερμαίνεσθαι·
1908 5350 2034 5406 ἀλλ’

388 5435 612 5494 ἕκαστον
660 5441 795 5516 χρὴ,
846 5441 979 5504 καθὸ
1038 5439 1308 5515 λέγεσθαι,
1357 5442 1494 5494 κατά
1547 5445 1706 5495 τοῦτο
1761 5442 1850 5496 καὶ
1909 5440 2034 5494 ἀνά-

390 5548 500 5604 γειν
563 5527 650 5582 έπὶ
682 5527 786 5602 (τὸ)
815 5529 990 5604 γένος.
1021 5533 1174 5583 ’Ἐστι
1204 5528 1381 5583 τοίνυν
1422 5529 1511 5584 καὶ
1570 5530 1632 5584 τὸ
1685 5535 1861 5583 ποιεῖν
1919 5529 2036 5583 καθ’

395 5616 524 5671 αὐτὸ
573 5616 983 5692 κεχωρισμένον
1060 5621 1166 5671 τῶν
1225 5617 1362 5693 πρός
1417 5639 1491 5690 τι,
1549 5618 1638 5672 καὶ
1689 5618 1752 5672 τὸ
1807 5617 2034 5692 πάσχειν

395 5703 675 5768 ὡσαύτως.
708 5707 952 5782 Καθάπερ
1005 5702 1052 5759 δ’
1107 5705 1158 5760 έν
1205 5702 1251 5760 δ’
1282 5705 1435 5777 οὐσίᾳ
1479 5705 1540 5760 τὸ
1600 5706 1734 5780 πρός
1791 5728 1843 5760 τι
1897 5705 2038 5782 ἐφαί-

394 5816 538 5867 νετο,
569 5796 705 5850 κατά
733 5796 796 5851 τὸ
823 5797 1002 5872 πατὴρ
1033 5794 1120 5850 καὶ
1154 5796 1267 5859 υἱὸς
1326 5796 1422 5851 κᾶν
1451 5800 1530 5869 τῷ
1580 5801 1735 5870 ποσῷ
1790 5796 1924 5851 κατά
1981 5796 2041 5850 τὸ

2125 3399 2366 3452 reducit.
2391 3398 2672 3452 Dicuntur
2703 3399 2845 3470 quin
2878 3402 3051 3455 etiam
3085 3406 3240 3456 artes
3273 3403 3456 3456 facere
3487 3418 3620 3456 cum
3653 3402 3768 3456 uti-

2122 3487 2201 3541 lia
2229 3491 2296 3542 ad
2328 3488 2738 3542 sufficientiam
2768 3489 2896 3543 vitae
2929 3495 3290 3561 comparant.

2192 3685 2246 3736 7.
2279 3685 2351 3736 At
2376 3681 2439 3734 τὸ
2470 3699 2638 3754 agere
2685 3684 2754 3738 de
2786 3684 2880 3750 (iis
2935 3701 3063 3753 quae
3095 3685 3253 3757 sunt)
3285 3685 3496 3758 eligere
3523 3690 3580 3741 et
3633 3703 3772 3742 con-

2126 3769 2346 3826 sultare
2375 3776 2432 3826 et
2461 3775 2717 3826 statuere
2746 3777 2802 3827 et
2830 3772 3125 3828 similibus
3156 3774 3456 3846 accipitur.

2199 3969 2252 4021 8.
2287 3967 2546 4022 Factivas
2594 3984 2765 4038 porro
2795 3968 3031 4038 quidem
3063 3974 3218 4024 artes
3264 3969 3487 4037 dicunt,
3522 3987 3774 4042 quarum

2132 4056 2550 4128 apotelesmata
2596 4072 2700 4111 seu
2729 4057 2931 4112 effecta
2963 4063 3090 4130 post
3134 4059 3496 4115 elfectionem
3545 4076 3775 4131 perma-

2132 4145 2592 4216 nent,quomodo
2623 4145 3097 4202 ediﬁcandarum
3131 4149 3437 4203 domorum
3463 4153 3519 4203 et
3539 4148 3777 4204 navium

2134 4233 2606 4289 fabricandarum
2656 4250 2750 4289 ars
2785 4252 2845 4290 se
2875 4235 3072 4291 habet.
3102 4237 3335 4292 Activas
3378 4242 3573 4292 autem
3622 4241 3777 4292 artes

2134 4326 2344 4379 vocant
2374 4339 2622 4394 quarum
2653 4323 3072 4395 apotelesmata
3094 4342 3196 4380 seu
3225 4325 3430 4381 effecta
3457 4341 3591 4380 cum
3618 4326 3678 4380 in
3711 4341 3778 4381 eo

2138 4413 2293 4484 quod
2342 4412 2490 4466 ﬁunt
2518 4429 2692 4466 suum
2735 4429 2861 4469 esse
2907 4413 3184 4482 habeant,
3215 4432 3330 4470 non
3381 4419 3729 4487 permanent
3764 4430 3779 4469 :

2139 4506 2206 4556 ut
2233 4500 2291 4554 in
2325 4499 2665 4555 modulandi
2695 4505 2752 4556 et
2781 4502 3034 4557 saltandi
3064 4502 3289 4558 artibus
3319 4502 3511 4558 videre
3539 4506 3650 4558 est.

2208 4608 2262 4661 9.
2293 4606 2710 4662 Consideratur
2739 4612 3015 4680 praterea
3041 4606 3104 4660 τὸ
3135 4609 3320 4664 facere
3349 4609 3524 4664 etiam
3563 4608 3624 4663 in
3654 4609 3781 4664 ina-

2059 4719 2104 4783 D
2140 4695 2401 4763 nimatis,
2434 4697 2933 4767 quemadmodum
2964 4714 3104 4753 sane
3134 4697 3307 4753 etiam
3338 4695 3401 4750 τὸ
3431 4697 3592 4768 pati;
3624 4695 3784 4752 velut

2137 4785 2291 4857 ignis
2321 4784 2583 4840 calefacit
2612 4790 2667 4840 et
2695 4785 3005 4857 crystallus
3034 4786 3404 4858 frigefacit,et
3433 4786 3656 4857 lignum
3688 4802 3782 4842 se-

2139 4878 2322 4941 catur,
2356 4877 2413 4928 et
2439 4873 2590 4945 lapis
2621 4873 2832 4943 calefit,
2866 4875 3196 4945 iterumque
3229 4875 3623 4946 refrigeretur.

2211 4982 2365 5036 230
2399 4981 2483 5034 10.
2520 4981 2656 5050 Ejus
2680 4985 2874 5035 autem
2907 4982 3060 5052 quod
3090 4985 3179 5036 est
3221 4981 3340 5052 pati
3366 4981 3523 5036 aliud
3546 4985 3634 5037 est
3664 4997 3790 5036 cor-

2141 5069 2458 5140 ruptivum,
2493 5074 2560 5124 ut
2610 5069 2738 5137 uri;
2773 5069 2929 5124 aliud
2981 5070 3381 5141 perlectivum,
3434 5075 3500 5126 ut
3546 5071 3792 5136 discere,

2144 5175 2490 5229 cognoscere
2522 5162 2579 5212 et
2609 5158 2844 5213 sentire.

2217 5267 2302 5319 11.
2329 5265 2449 5320 Etsi
2472 5269 2668 5319 autem
2694 5264 2878 5320 facere
2898 5270 2954 5320 et
2978 5267 3100 5338 pati
3125 5265 3341 5322 habent
3361 5267 3431 5322 ad
3463 5283 3524 5322 se
3547 5267 3794 5324 invicem

2145 5354 2648 5421 habitudinem,ut
2677 5354 2987 5410 calefacere
3018 5360 3074 5410 et
3103 5355 3351 5411 caleﬁeri
3379 5374 3391 5423 ;
3425 5357 3800 5428 unumquod-

2147 5459 2260 5513 que
2290 5447 2483 5497 tamen
2517 5449 2804 5514 quatenus
2836 5444 3067 5512 dicitur,
3103 5450 3344 5500 eatenus
3374 5446 3550 5500 etiam
3581 5447 3652 5500 ad
3694 5461 3798 5517 ge-

2148 5549 2260 5586 nus
2309 5531 2580 5587 reducere
2611 5537 2858 5604 oportet.
2901 5533 3000 5588 Est
3048 5534 3230 5606 igitur
3261 5539 3317 5589 et
3348 5535 3533 5590 facere
3581 5551 3685 5606 per
3713 5551 3796 5602 se,

2149 5625 2484 5691 separatum
2538 5621 2610 5675 ab
2641 5621 2761 5676 illis
2808 5639 2937 5694 quae
2969 5628 3108 5677 sunt
3157 5625 3227 5678 ad
3281 5622 3542 5693 aliquid;
3575 5627 3631 5677 et
3680 5623 3798 5694 pati

2151 5709 2443 5764 similiter.
2475 5711 2980 5773 Quemadmodum
3017 5717 3211 5766 autem
3248 5712 3440 5782 ipsum
3475 5712 3546 5764 ad
3578 5711 3796 5782 aliquid

2150 5799 2210 5855 in
2242 5799 2576 5856 substantia
2601 5801 3329 5873 spectabatur,secundum
3359 5799 3416 5854 id
3447 5799 3600 5871 quod
3635 5805 3798 5872 pater
