4108 6430
427 410 543 472 867

1684 407 2102 473 NICEPHORI
2144 412 2580 485 BLEMMlD/E

428 547 486 599 et
514 542 709 611 ﬁlius;
743 548 800 599 et
825 543 886 599 in
938 545 1177 614 quanto,
1209 538 1428 612 aequale
1474 542 1531 595 et
1556 539 1879 613 inaequale;
1914 546 1971 598 et
2006 542 2044 598 i1

2182 543 2295 603 ἴσον
2343 552 2430 606 καὶ
2477 552 2679 629 ἄνισον,
2711 561 2806 614 κάν
2860 566 2944 635 τῷ
2994 568 3139 637 ποιῷ
3188 566 3327 622 κατὰ
3375 568 3438 623 τὸ
3491 568 3690 643 ὅμοιον
3734 575 3816 630 καὶ

429 631 808 705 quali,simile
834 636 891 689 et
919 629 1204 693 dissimile
1227 647 1239 697 ;
1260 630 1341 686 ita
1370 645 1511 686 sane
1538 629 1716 686 etiam
1737 631 1797 686 in
1816 630 1879 684 τὸ
1903 648 2044 705 ager

2181 634 2436 711 ἀνόμοιον
2449 661 2461 674 ·
2492 644 2636 702 οὕτω

428 725 487 777 et
515 721 655 793 pati.

498 811 586 865 12.
619 808 735 864 Nec
787 809 1110 880 quidquam
1142 812 1232 863 est
1281 807 1541 873 absurdi,
1573 824 1755 863 unum
1797 808 2071 882 idemque

425 897 657 955 duobus
686 897 1152 969 praedicamentis
1182 896 1415 968 subjici,
1447 913 1580 951 cum
1610 901 1667 951 et
1698 898 1888 968 quoad
1929 900 2068 954 sub-

421 986 751 1045 sistentiam
784 1002 888 1060 per
912 1004 976 1043 se
1023 985 1219 1058 habet,
1252 990 1309 1042 et
1336 986 1528 1057 quoad
1557 985 1963 1044 habitudinem
1995 990 2067 1043 ad

424 1076 585 1133 aliud
614 1074 1041 1133 consideratur.

497 1165 583 1221 13.
617 1165 728 1220 Sed
761 1180 949 1236 neque
969 1165 1146 1220 etiam
1177 1164 1643 1220 contrarietatem
1666 1163 1881 1220 habent
1911 1166 1983 1220 ad
2006 1183 2067 1221 se

420 1253 669 1311 invicem
697 1252 759 1307 τὸ
784 1270 958 1328 agere
986 1258 1042 1309 et
1072 1253 1214 1324 pati,
1252 1253 1480 1308 tametsi
1508 1252 1787 1324 oppositis
1829 1259 2069 1310 utantur

423 1343 683 1401 vocibus.
715 1343 1193 1399 Contrarietatem
1222 1346 1417 1397 tamen
1447 1348 1504 1397 et
1534 1343 1723 1414 magis
1753 1343 2067 1415 minusque

423 1432 672 1506 quodvis
701 1447 906 1488 eorum
927 1429 1514 1502 suscipit(ca1efaoere
1531 1430 1684 1486 enim
1708 1433 2065 1488 contrarium

420 1527 510 1579 est
536 1524 615 1592 τῷ
670 1521 1054 1593 refrigerare),
1087 1520 1489 1592 contingitque
1538 1519 1726 1592 magis
1767 1525 1823 1575 et
1867 1522 2065 1578 minus

419 1611 751 1668 calefacere.
798 1611 872 1667 Et
913 1610 1126 1665 iterum
1176 1608 1425 1667 calefieri
1471 1609 1828 1665 contrarium
1876 1616 1964 1665 est
1986 1613 2065 1681 τῷ

416 1700 846 1772 refrigerari;et
875 1699 999 1755 ﬁeri
1029 1703 1222 1772 potest
1250 1702 1316 1754 ut
1346 1698 1535 1770 magis
1564 1696 1781 1769 aliquid
1814 1700 2061 1769 caleﬁat,

416 1793 475 1846 et
520 1789 669 1846 281
725 1788 924 1845 minus
972 1787 1217 1844 caleﬁat.
1249 1790 1323 1843 At
1368 1803 1501 1843 vero
1531 1786 1592 1839 τὸ
1643 1785 1953 1843 calefacere
1982 1792 2060 1859 τῷ

2692 645 2760 717 δὴ
2819 650 2914 705 κάν
2973 656 3051 725 τῷ
3103 660 3277 711 ποιεῖν
3326 656 3417 713 καὶ
3461 661 3814 738 τῷπάσχειν.

2372 821 2471 874 Καὶ
2503 820 2656 878 οὐδὲν
2696 821 2896 884 ἄτοπον
2926 830 2988 885 τὸ
3018 831 3146 888 αὐτὸ
3184 835 3273 889 καὶ
3320 834 3377 890 ἓν
3416 835 3521 892 ὑπὸ
3578 836 3678 894 δύο
3732 862 3818 897 κα-

2174 907 2432 1002 τηγορίας
2483 910 2681 1002 τελεῖν,
2731 918 2865 1002 κατά
2909 939 2969 972 τε
3007 921 3107 990 τήν
3158 925 3277 987 καθ’
3317 923 3447 980 αὐτὸ
3506 927 3813 1002 ὑπόστασιν,

2175 992 2264 1047 καὶ
2294 998 2430 1052 κατὰ
2455 1001 2552 1069 τήν
2583 1003 2720 1077 πρὸς
2746 1001 2926 1082 ἕτερον
2958 1012 3143 1084 σχίσιν
3175 1012 3495 1087 νοούμενον.

2250 1173 2335 1244 ιγ’.
2385 1174 2541 1230 Ἀλλ’
2586 1176 2700 1233 οὐδ’
2748 1180 3052 1241 ἐναντίωσιν
3124 1183 3239 1262 ἔχει
3287 1190 3350 1245 τὸ
3398 1197 3576 1246 ποιεῖν
3626 1192 3714 1249 καί
3754 1197 3815 1252 τὸ

2174 1256 2401 1360 πάσχειν
2434 1266 2569 1340 πρὸς
2598 1266 2842 1360 ᾅλληλα,
2874 1272 2968 1329 κᾶν
3030 1256 3323 1341 ἀντιθέτοις
3354 1285 3542 1356 χριῖιτο
3595 1289 3810 1360 φωναῖς.

2176 1348 2511 1407 Ἐναντίωσιν
2547 1357 2728 1427 μέντοι
2760 1361 2851 1415 καὶ
2878 1363 2939 1417 τὸ
2974 1361 3185 1436 μᾶλλον
3241 1365 3333 1423 καὶ
3696 1369 3814 1429 ἕκα-

2175 1458 2296 1532 στον
2359 1440 2578 1517 (αὐτῶν)
2625 1444 2953 1524 ἐπιδέχεται.
3016 1453 3086 1508 Τὸ
3152 1455 3255 1531 γὰρ
3306 1458 3620 1532 θερμαίνειν
3673 1459 3814 1517 ἐναν-

2171 1526 2286 1622 τίον
2342 1534 2421 1601 τῷ
2474 1532 2690 1622 ψύχειν*
2750 1537 2839 1592 καὶ
2901 1537 3113 1612 μᾶλλον
3345 1526 3653 1622 θερμαίνειν
3728 1551 3812 1607 καὶ

2172 1617 2350 1683 ἦττον.
2402 1619 2503 1711 Καί
2559 1621 2722 1711 πᾴλιν
2771 1626 2835 1681 τὸ
2870 1629 3253 1701 θερμαίνεσθαι
3309 1617 3547 1691 ἐναντίον
3594 1640 3676 1709 τῷ
3719 1637 3813 1711 ψό-

2171 1716 2381 1796 χεσθαι·
2414 1708 2504 1762 καὶ
2537 1709 2751 1783 μᾶλλον
2802 1717 3177 1790 θερμαίνεσθαι
3226 1717 3484 1796 δυνατὸν,
3516 1724 3611 1780 καὶ
3656 1708 3807 1795 ἧττον

2170 1793 2562 1868 θερμαίνεσθαι.
2614 1801 2685 1856 Τὸ
2734 1800 2792 1858 δὲ
2840 1824 2903 1878 γε
2962 1807 3269 1883 θερμαίνειν
3330 1811 3431 1867 οὐκ
3470 1793 3810 1884 γήναντίιυται

417 1877 669 1935 caleﬁeri
698 1895 815 1933 non
861 1881 952 1933 est
978 1876 1335 1933 contrarium
1372 1894 1385 1945 ;
1419 1893 1606 1949 neque
1633 1874 1695 1929 τὸ
1727 1876 2044 1947 frigefacere

452 1970 480 1980 η·
525 1967 793 1988 1-_:._-n__:
849 1967 915 1988 ΠΛ.
946 1966 998 1988 3..
1037 1964 1166 1988 -122-
1200 1966 1393 1988 --.1-...
1432 1966 1598 1988 ..-ΔΑ
1634 1981 1724 1988 _-_
1761 1982 1816 1988 _..
1861 1965 2031 1988 L_L-L

2293 1874 2864 1988 9eppa‘tveaﬁat,‘oi51e
2894 1894 2957 1950 τὸ
3005 1874 3200 1974 ᾧόχειν
3250 1904 3330 1972 τῷ
3372 1874 3670 1978 ψύχεσθαι·
3722 1904 3807 1962 καὶ

412 1970 493 2038 τῷ
524 1967 816 2040 frigeﬁeri.
849 1967 918 2022 Et
946 1966 1004 2022 in
1035 1964 1167 2022 aliis
1197 1966 1400 2021 eodem
1431 1966 1603 2021 modo
1634 1981 1727 2022 res
1760 1982 1821 2021 se
1861 1965 2044 2025 habet.

2177 1969 2256 2026 ἐπὶ
2303 1978 2409 2026 τῶν
2459 1974 2645 2032 ἄλλων
2693 1980 2972 2046 ὡσαύτως.

414 2057 604 2128 Atque
633 2056 704 2112 de
729 2070 901 2129 agere
929 2059 989 2111 et
1017 2055 1133 2127 pati
1161 2058 1395 2109 tantum
1425 2054 1503 2109 sit
1530 2054 1773 2109 dictum.

487 2163 574 2218 14.
630 2161 854 2218 Habere
899 2164 1098 2217 autem
1146 2158 1493 2233 simpliciter
1538 2161 1760 2217 dictum
1817 2178 1925 2217 vox
1969 2166 2060 2218 est

413 2249 1004 2323 aquivocaﬂontinet
1032 2250 1189 2305 enim
1216 2253 1273 2305 et
1294 2250 1488 2321 ipsum
1515 2249 2054 2322 praedicamentum,

412 2341 471 2395 et
506 2355 642 2395 vero
669 2338 846 2395 etiam
898 2337 1011 2394 alia
1039 2337 1313 2394 declarat.
1346 2337 1569 2393 Dicitur
1614 2337 1771 2393 enim
1820 2338 2053 2406 habere,

411 2431 478 2484 ut
524 2428 790 2484 habitum
837 2431 894 2484 et
941 2427 1404 2499 dispositionem,
1438 2426 1525 2483 vel
1575 2426 1750 2483 aliam
1795 2426 2056 2499 aliquam

412 2516 776 2588 qualitatem.
809 2518 896 2573 Ita
923 2516 1174 2573 dicimus
1204 2516 1419 2572 habere
1456 2516 1759 2572 scientiam
1790 2521 1848 2572 et
1874 2517 2056 2572 virtu-

408 2609 529 2662 tem
559 2610 662 2662 aut
691 2605 1019 2662 albedinem
1052 2610 1154 2661 aut
1182 2604 1574 2677 pallorem;ut
1602 2609 2058 2678 quantum,qua-

406 2698 580 2751 tenus
611 2694 824 2766 aliquis
853 2694 1065 2751 dicitur
1093 2694 1308 2750 habere
1341 2695 1808 2767 magnitudinem
1839 2696 2056 2751 fortas-

408 2783 493 2839 sis
524 2787 626 2839 aut
673 2783 932 2855 quinque
961 2783 1290 2839 cubitorum
1347 2799 1415 2839 ea
1462 2800 1591 2855 quae
1642 2784 1796 2839 circa
1841 2799 2055 2855 corpus

408 2872 732 2941 sunt,velut
756 2871 1170 2929 vestimentum
1201 2877 1303 2927 aut
1330 2872 1589 2928 tunicam
1624 2891 1637 2928 :
1671 2878 1771 2928 aut
1798 2872 1858 2927 in
1893 2875 2056 2945 parte

408 2959 563 3017 velut
594 2960 808 3017 habere
832 2961 1009 3033 pedes
1056 2966 1114 3016 et
1143 2977 1353 3016 manus
1383 2965 1440 3017 et
1468 2967 1678 3033 caput;
1714 2967 1770 3017 et
1798 2962 1859 3017 in
1896 2980 2051 3032 vase,

408 3050 907 3121 quemadmodum
939 3050 1273 3105 medimnus
1294 3050 1507 3105 dicitur
1528 3049 1739 3106 habere
1762 3052 2054 3110 frumenta

405 3142 463 3193 et
481 3154 695 3210 aquam
713 3137 998 3210 amphora
1021 3141 1115 3206 ;ut
1138 3138 1600 3209 possessionem;
1618 3139 1868 3195 dicimus
1894 3141 2050 3198 enim

403 3226 646 3282 domum
697 3232 798 3282 aut
825 3243 1033 3300 agrum
1081 3227 1313 3284 habere.
1352 3227 1572 3283 Dicitur
1602 3227 1779 3284 etiam
1810 3229 1900 3284 vir
1946 3230 2046 3286 ha-

398 3314 535 3371 bere
581 3332 817 3372 uxorem
854 3320 912 3371 et
954 3333 1098 3371 uxor
1125 3316 1336 3372 virum.
1372 3316 1482 3372 Sed
1512 3316 1607 3372 hic
1637 3317 1888 3372 habendi
1923 3336 2045 3375 mo-
2077 3292 2120 3359 θ

398 3403 511 3458 dus
540 3405 794 3460 maxime
822 3404 1048 3461 alienus
1101 3420 1228 3462 esse
1257 3405 1503 3461 videtur.
1539 3405 1737 3479 Neque
1767 3405 1924 3462 enim
1956 3408 2049 3464 hic

398 3490 613 3548 habere
660 3493 817 3549 aliud
868 3510 1045 3566 quam
1097 3493 1415 3549 cohabitari
1485 3493 1760 3549 declarat.
1816 3496 1885 3550 Et
1927 3495 2048 3553 haec

403 3580 639 3652 quidem
671 3582 742 3637 de
770 3583 1059 3654 mquivoca
1088 3599 1225 3638 voce
1255 3582 1488 3639 habere.

474 3672 561 3726 15.
596 3670 759 3726 Unde
788 3670 1121 3743 philosophi
1161 3672 1677 3744 praedicamentum
1729 3673 1941 3730 habere
1973 3676 2044 3731 ab

403 3756 534 3814 aliis
585 3758 928 3832 signiﬁcatis
967 3761 1123 3817 282
1173 3761 1515 3828 dividentes,
1547 3762 1630 3817 ita
1678 3763 1900 3818 dicunt.
1933 3764 2044 3820 Ha-

398 3846 536 3903 bere
564 3852 654 3903 est
681 3849 1021 3904 substantiae
1054 3850 1126 3903 ad
1156 3850 1548 3905 substantiam
1585 3852 2042 3924 circumpositio.

474 3936 561 3992 16.
594 3935 654 3992 Si
685 3938 837 4008 quod
867 3937 1047 4009 igitur
1076 3954 1287 4010 corpus
1317 3938 1765 4011 acquisitum,ut
1793 3941 2041 3998 alterum

399 4024 567 4080 alteri
622 4025 1014 4096 circumjecet,
1065 4043 1237 4083 omne
1291 4026 1400 4083 hoc
1455 4027 1705 4084 habendi
1764 4032 2040 4102 praedica-

398 4119 593 4170 mento
625 4115 1143 4187 comprehendunt.

470 4204 556 4259 17.
589 4204 776 4269 Quare
807 4221 911 4261 nec
942 4204 1363 4277 possessiones,
1395 4222 1497 4261 seu
1546 4223 1705 4279 opes,
1737 4213 1839 4264 aut
1869 4226 2038 4265 man-

3208 1989 3304 2061 μὶν
3349 1988 3441 2046 οὖν
3486 1996 3590 2048 τοῦ
3643 1998 3809 2050 ποιεῖν

2167 2060 2256 2117 καὶ
2287 2061 2513 2140 πάσχειν
2549 2065 2635 2121 ἐπὶ
2662 2074 2919 2126 τοσοῦτον
2950 2060 3212 2150 εἰρήσθω.

2242 2165 2322 2262 ιδ’.
2355 2171 2425 2262 Ἰςὸ
2454 2168 2501 2224 δ’
2557 2168 2699 2248 ἔχειν
2758 2176 2948 2241 ἁπλῶς
3009 2181 3104 2252 μὶν
3158 2179 3458 2258 λεγόμενον
3518 2188 3805 2262 ὁμώνυμος

2167 2259 2318 2353 γ’)νῇ
2565 2262 2814 2353 Περιέχει
2867 2268 2961 2353 μὲν
3011 2270 3114 2346 γὰρ
3163 2257 3253 2326 καὶ
3319 2274 3420 2343 τὴν
3472 2257 3804 2353 κατηγορίαν

2163 2344 2353 2443 αὐτην·
2389 2343 2583 2443 ’δηλοῖ⁸
2602 2348 2667 2443 δεῖ
2704 2354 2793 2407 καὶ
2843 2352 2988 2411 ἄλλα
3028 2343 3170 2413 τινά.
3220 2360 3448 2436 Λέγεται
3496 2343 3804 2443 γὰρ-ἔχειν,

2267 2431 2373 2504 ἕξιν
2417 2437 2505 2491 καὶ
2560 2435 2814 2511 διάθεσιν,
2845 2444 2879 2513 ἣ
2908 2443 3084 2517 ἄλλην
3142 2450 3264 2503 τινὰ
3308 2431 3612 2524 ποιότητα.

2166 2519 2399 2613 λέγομεν
2452 2523 2598 2601 ἔχειν
2651 2528 2958 2605 ἐπιστήμην
3003 2536 3091 2590 καὶ
3141 2537 3357 2613 ἀρετὴν,
3401 2542 3438 2610 ἢ
3490 2519 3798 2613 λευκότητα,

2164 2612 2199 2708 ᾖ
2233 2611 2544 2708 ὠχρότητα.
2580 2618 2667 2680 Ὧς
2698 2622 2886 2693 ποσὸν,
2918 2625 3050 2679 καθὸ
3081 2611 3298 2701 λέγεται
3327 2646 3411 2692 τις
3446 2625 3596 2707 ἔχειν
3650 2611 3800 2708 μέγε-

2165 2701 2279 2796 θος,
2332 2703 2649 2796 τετράπηχυ
2713 2710 2881 2796 τυχὸν
2942 2713 2976 2781 ἢ
3024 2713 3367 2791 πεντάπηχυ·
3553 2720 3622 2776 τὰ
3655 2701 3798 2796 ’περὶ

2163 2793 2342 2885 σξῦμσι,
2375 2794 2490 2885 οἷον
2551 2794 2764 2885 ίμᾴτιον
2823 2795 2968 2874 ἔχειν
2996 2803 3030 2870 ἢ
3072 2809 3300 2878 χιτῶνα*
3356 2807 3434 2869 ὡς
3491 2807 3542 2862 ἐν
3608 2793 3796 2885 impie),

2162 2879 2274 2971 οἷον
2309 2878 2596 2971 δακτύλιον
2638 2882 2780 2961 ἔχειν
2833 2886 2883 2943 ἐν
2924 2890 3092 2967 χειρίο
3125 2892 3200 2955 ὡς
3253 2893 3440 2971 μέρος,
3468 2878 3794 2958 οἷον-πόδας

2162 2964 2659 3063 ἔχειν-καὶῄχεῖρας
2706 2976 2793 3063 καὶ
2842 2964 3104 3056 κεφάλῆν·
3151 2982 3225 3045 ὡς
3257 2964 3335 3037 -ἐν
3393 2964 3613 3063 ἀγγείῳ,
3643 2988 3794 3042 καθά-

2159 3077 2260 3151 περ
2308 3059 2335 3112 ὁ
2378 3057 2646 3151 Δμέδιμνος
2713 3062 2857 3141 ἔχειν
2916 3066 3125 3144 λέγεται
3176 3072 3305 3135 τοὺς
3360 3057 3590 3151 πυροὺς,
3637 3074 3722 3131 καὶ
3767 3074 3793 3131 ὁ

2159 3143 2436 3241 dixerant-zu:
2467 3149 2529 3241 το
2579 3149 2745 3229 ὕδωρ
2798 3154 2877 3241 ὡς,
2923 3143 3127 3231 κτῆμα·
3182 3143 3584 3241 λέγομεν-γὰρ.
3631 3163 3790 3219 οἰκίαν

2162 3231 2305 3328 ἔχειν
2333 3237 2367 3305 ἢ
2395 3237 2829 3328 ἀγρόνηΛὲγεται
2863 3240 2921 3298 δὲ
2966 3245 3055 3301 καὶ
3102 3231 3334 3323 γυναῖκα
3374 3231 3523 3327 ἔχείν
3546 3231 3598 3307 ’ὁ
3643 3252 3791 3328 ἀνὴρ,

2158 3324 2247 3417 καὶ
2277 3327 2312 3394 ἡ
2345 3328 2482 3417 γονὴ
2514 3326 2699 3417 ἄνδρα.
2734 3332 2903 3395 Οὗτος
2934 3331 2979 3389 δ’
3029 3336 3057 3391 ὁ
3104 3337 3304 3413 τρόπος
3362 3324 3792 3417 ἀλ-λοτριώτατος

2159 3410 2327 3506 ξοικεν
2361 3415 2491 3470 εἶναι
2517 3422 2621 3506 τοῦ,
2646 3416 2813 3495 ἔχειν’
2847 3419 2972 3478 οὐδὲ
3002 3425 3105 3501 γὰρ
3138 3410 3279 3483 ἄλλο
3308 3428 3371 3483 τὸ
3404 3410 3556 3506 ἔχειν
3587 3429 3794 3494 ἐνταῦθα

2156 3502 2278 3602 ᾖτὸ
2310 3511 2571 3602 συνοικεῖν
2605 3504 2790 3577 δηλοῖ.
2830 3516 3004 3566 Ταῦτα
3038 3514 3132 3587 μὲν
3182 3515 3306 3593 περὶ
3355 3502 3476 3589 τῆς*
3504 3524 3602 3575 τοῦ
3655 3515 3791 3596 ἔχειν

2157 3592 2458 3664 ὁμωνύμου
2489 3603 2695 3669 φωνῆς.

2230 3688 2311 3772 ιε’.
2337 3683 2484 3772 ’ίΟθεν
2521 3683 2959 3763 ἀποδιαιροῦντες
2998 3693 3097 3760 τήν
3151 3696 3485 3772 κατηγορίαν
3536 3697 3599 3751 τὸ
3652 3693 3784 3772 ἔχειν

2154 3769 2204 3864 οἱ
2236 3768 2525 3864 φιλόσοιροι
2550 3778 2655 3864 τῷν
2697 3774 2881 3832 ἄλλων
2943 3768 3382 3856 σημαινομένῴν,
3419 3785 3563 3841 οὕτω
3616 3768 3780 3864 φασίν·

2151 3860 2336 3934 ’Έχειν
2370 3859 2509 3915 ἐστὶν
2543 3862 2723 3926 οὐσίας
2755 3866 2877 3940 περὶ
2910 3867 3093 3923 οὐσίαν
3120 3870 3413 3946 περίθεσις.

2224 3949 2308 4039 ις’.
2341 3947 2413 4002 Ei’
2460 3972 2512 4005 τι
2564 3956 2689 4028 γοῦν
2756 3959 2917 4028 σῶμα
2995 3956 3312 4033 ἐπίκτητον,
3368 3962 3450 4026 ὡς
3505 3960 3679 4039 ἕτερον
3733 3961 3780 4016 ἐν

2150 4036 2317 4112 ἑτέρῳ
2358 4039 2675 4115 περίκειται,
2726 4049 2827 4098 πᾶν
2881 4047 2942 4100 τὸ
2987 4052 3233 4104 τοιοῦτον
3292 4054 3362 4124 τῇ
3418 4036 3780 4129 ἔχειν-κατη-

2147 4127 2311 4203 γορίᾳ
2338 4126 2825 4205 περιλαμϐάνουσι.

2223 4217 2303 4311 ις’.
2338 4218 2430 4272 Διὸ
2464 4217 2618 4311 ,οὐδε
2662 4223 2934 4296 κτήματα,
2981 4227 3016 4294 ἢ
3046 4224 3374 4304 ἀνδράποδα,
3426 4234 3461 4297 ἣ
3513 4229 3779 4311 φίλους,ἣ

395 4292 564 4365 cipia,
595 4297 698 4349 aut
725 4293 967 4362 amicos,
998 4299 1099 4350 aut
1146 4299 1340 4365 patres
1370 4300 1472 4349 aut
1500 4295 1671 4367 ﬁlios,
1704 4302 1807 4353 aut
1845 4304 2039 4370 partes

2177 4304 2399 4380 πατέρας,
2455 4308 2489 4376 ἢ
2518 4307 2689 4381 υἱοὺς,
2740 4292 2783 4379 ἢ,
2827 4292 2927 4366 τὰί
2955 4292 3091 4389 μέρη
3146 4292 3248 4372 τοῦ
3328 4292 3603 4394 σώματος,
3654 4292 3778 4374 κᾷτά

393 4383 653 4453 corporis
682 4384 870 4453 quoad
902 4383 1009 4439 hoc
1034 4383 1289 4439 habendi
1319 4398 1504 4455 genus
1536 4384 1776 4454 dicunt;
1803 4388 2036 4458 quando

2179 4397 2303 4485 οὖτο
2333 4396 2394 4485 τὸ
2433 4394 2586 4471 γένος
2641 4396 2786 4474 ἔχειν
2845 4383 3136 4479 φασίνίότι
3200 4405 3361 4479 μηνδ⁹
3412 4383 3464 4464 ἓν
3524 4383 3773 4485 περιθέσει

389 4470 513 4527 haec
541 4471 603 4526 in
634 4471 1145 4544 circumpositione
1174 4489 1288 4527 non
1319 4477 1475 4528 sunt.

463 4560 546 4615 18.
580 4559 726 4615 Huic
773 4561 977 4633 utique
1003 4560 1065 4614 τὸ
1113 4561 1327 4616 habere
1355 4565 1412 4616 et
1462 4563 1759 4632 possidere
1790 4579 1857 4619 ex
1907 4565 2033 4622 Pla-

2142 4482 2310 4536 ταῦτά
2338 4481 2476 4537 ἐστιν
2488 4526 2501 4540 .

2218 4572 2306 4640 ιη’.
2361 4573 2541 4627 Ἔνθεν
2616 4594 2701 4629 τοι
2766 4577 2855 4632 καὶ
2911 4579 2975 4633 τὸ
3034 4578 3178 4657 ἔχειν
3235 4583 3325 4638 καὶ
3382 4586 3446 4642 τὸ
3502 4584 3771 4655 κεκτῆσθαι

386 4648 544 4705 tonis
573 4649 860 4706 sententia
887 4649 1150 4719 variant;
1182 4649 1341 4706 velut
1372 4650 1421 4705 si
1465 4650 1599 4722 quis
1630 4657 1849 4709 vestem
1879 4660 2035 4711 emat

2181 4658 2528 4717 ιαλλάττουσι
2584 4664 2721 4719 κατὰ
2777 4648 3101 4723 ΠλάτωναῘ-
3148 4673 3262 4727 οἷον
3320 4671 3377 4729 εἷ’
3426 4696 3509 4739 τις
3567 4648 3769 4747 ἱμάτιον

385 4740 445 4793 et
464 4737 619 4809 quod
651 4738 955 4794 continens
986 4739 1063 4794 sit
1082 4755 1197 4794 non
1223 4742 1448 4810 gestet;
1479 4740 1775 4811 possidere
1795 4742 2033 4813 quidem

2177 4751 2442 4840 προάμενος
2499 4752 2587 4806 καὶ
2646 4752 2913 4840 ἐγκρατὴς
2966 4754 3040 4811 ὢν
3095 4760 3170 4832 μὴ
3220 4763 3440 4840 φοροίη,

387 4842 536 4897 eam,
571 4843 943 4900 nequaquam
974 4832 1171 4883 autem
1202 4826 1414 4883 habere
1446 4827 1692 4884 dicetur.

460 4914 687 4979 19.Quae
718 4916 902 4989 igitur
931 4917 1255 4973 secundum
1288 4916 1499 4972 habere
1529 4920 2034 4989 prmdicamentale

385 5001 696 5079 habentur,
730 5013 831 5061 aut
860 5005 993 5062 belli
1025 5010 1125 5062 aut
1156 5007 1316 5079 pacis
1348 5011 1606 5079 tempore
1637 5008 1942 5067 habentur.

454 5076 545 5146 2b.
575 5095 643 5147 Et
690 5108 891 5148 eorum
923 5111 1049 5165 quae
1098 5076 1233 5151 belli
1263 5076 1523 5167 tempore
1572 5095 1883 5171 habentur,
1915 5101 2031 5160 alia

384 5180 945 5253 circumjacent,alia
977 5184 1315 5240 obtinentur
1341 5202 1355 5253 ;
1378 5190 1436 5239 et
1463 5185 1673 5241 horum
1706 5187 1820 5244 alia
1840 5190 2031 5247 defen-

381 5269 527 5339 siva,
557 5268 674 5326 alia
703 5270 980 5327 oﬁ‘ensiva
1009 5278 1149 5327 sunt
1180 5289 1192 5327 :
1226 5273 1540 5343 defensive,
1574 5280 1639 5330 ut
1666 5276 1891 5346 thorax,
1926 5298 2026 5354 ga-

379 5358 490 5428 lea,
518 5363 751 5416 scutum
778 5378 791 5429 ;
826 5360 1123 5432 offensive,
1149 5366 1212 5417 ut
1241 5362 1430 5429 basta,
1463 5363 1953 5439 gladius,sagitta.

449 5465 538 5523 21.
572 5464 788 5523 Eorum
817 5470 1014 5523 autem
1059 5483 1189 5539 quae
1218 5466 1376 5540 pacis
1411 5471 1668 5540 tempore
1711 5471 2021 5541 habentur.

378 5552 495 5611 alia
522 5559 760 5628 propter
790 5560 1063 5612 ornatum
1093 5561 1150 5612 et
1177 5556 1498 5612 secundum
1529 5558 1789 5616 diversas
1819 5579 2019 5639 corpo-

378 5644 461 5701 ris
489 5648 686 5718 partes
732 5644 1044 5716 habentur,
1079 5649 1146 5702 ut
1172 5660 1409 5713 corona,
1433 5644 1669 5713 monile,
1720 5652 1976 5711 annulus
2005 5674 2018 5725 ;

2148 4840 2240 4913 μὲν
2283 4837 2510 4916 λεχθείη
2544 4841 2627 4895 ἂν·
2656 4837 2805 4918 ἔχειν
2834 4841 2880 4898 δ’
2911 4843 3181 4919 οὐδαμῶς.

2216 4930 2297 4992 ιϐ’.
2345 4930 2419 4982 Τὰ
2481 4929 2659 4984 τοίνυν
2725 4933 2860 4987 κατὰ
2929 4935 2991 4989 τὸ
3045 4941 3405 5014 κατηγορικὸν
3454 4938 3600 5016 ἔχειν
3647 4930 3764 5012 ἐχό-

2145 5038 2295 5090 μενα,
2328 5019 2361 5087 ἣ
2389 5020 2523 5074 κατὰ
2551 5017 2793 5092 πόλεμον
2827 5017 3032 5097 ἔχεται,
3063 5026 3096 5094 ἦ
3124 5024 3177 5080 ὲν
3206 5027 3417 5104 εἰρήνῃ.

2208 5108 2273 5164 κ’.
2310 5107 2411 5194 Καῖ
2462 5110 2569 5162 τῶν
2624 5111 2760 5164 κατὰ
2815 5110 3060 5184 πόλεμον
3117 5115 3185 5170 τὰ
3263 5117 3358 5189 μὶν
3433 5107 3762 5194 περικείμενά

2138 5193 2270 5265 ἐστι,
2300 5196 2366 5251 τὰ
2396 5193 2454 5250 δὲ
2481 5197 2839 5272 κατεχόμενα·
2872 5200 2962 5255 καὶ
2993 5202 3060 5256 τὰ
3106 5203 3200 5275 μὶν
3247 5193 3585 5283 φυλάγματα,
3614 5203 3679 5257 τὰ
3719 5195 3761 5252 δ’

2138 5284 2458 5359 ἀμυντηρια·
2528 5284 2853 5364 φυλάγματα
2945 5290 3062 5363 μὲν,
3122 5292 3199 5355 ὡς
3284 5296 3478 5372 θώραξ,
3559 5289 3756 5369 κράνος,

2135 5373 2312 5436 ἀσπίς·
2350 5374 2651 5451 ἆμυντήρια
2682 5372 2760 5448 δὲ,
2795 5375 2870 5439 ὡς
2904 5375 3053 5455 δόρυ,
3087 5380 3255 5459 ξίφος,
3286 5384 3456 5456 τόξον.

2202 5481 2303 5538 κα¹.
2334 5484 2452 5536 Τῶν
2506 5478 2553 5535 δ’
2600 5480 2651 5535 ἐν
2700 5481 2908 5558 εἰρήνῃ,
2958 5487 3023 5541 τὰ
3081 5489 3176 5561 μὶν
3242 5488 3332 5547 διὰ
3380 5491 3581 5564 κόσμον
3633 5481 3755 5540 κατᾶ

2134 5566 2362 5647 διάφορα
2419 5569 2557 5644 μέρη
2615 5575 2712 5625 τοῦ
2772 5573 3023 5647 σώματος
3099 5575 3303 5655 ἔχεται·
3354 5582 3428 5643 ὡς
3489 5578 3751 5654 στέφανος,

2131 5656 2528 5736 περιδέῥραιον,
2597 5656 2907 5732 δακτύλιος,
2967 5665 3032 5721 τὰ
3106 5665 3165 5723 δὲ
3240 5668 3330 5726 διὰ
3393 5668 3608 5737 σκέπην.
3661 5657 3749 5715 Καὶ

379 5733 495 5797 alia
522 5740 761 5813 propter
788 5734 1296 5812 tegumentum.Et
1324 5734 1536 5791 horum
1559 5735 1794 5810 quidem
1826 5741 2019 5816 aliqus

2177 5733 2331 5823 ›ότῳν
2358 5733 2429 5805 ’τὰ
2460 5747 2555 5824 μὲν
2585 5749 2711 5829 περὶ
2748 5750 2811 5807 τὸ
2856 5751 3001 5810 πολὺ
3048 5759 3146 5813 τοῦ
3195 5758 3466 5834 σώματος,
3513 5733 3585 5816 ὧς
3628 5746 3746 5825 ἱμά-
