4108 6424
477 415 588 478 8‘71

1465 611 1576 668 alia
1617 611 1750 668 belli
1784 621 2033 670 tempore

1585 630 1932 756 (ἓὲἓὲιξῗιξῗξ

475 830 624 888 285
659 828 794 897 Ejus
829 825 1034 882 habere
1063 829 1212 898 quod

546 909 630 958 est
651 899 1144 971 praedicamentale

1713 410 1760 469 Ν
1769 408 2133 470 ICEPHORI
2178 407 2607 470 BLEMMIDE

1383 1109 1495 1165 alia
1523 1110 1585 1165 in
1613 1125 1751 1181 pace
1782 1111 2103 1181 (habentur)
2181 937 2216 1359 ἱ

3766 415 3872 474 872

2355 577 2395 596 λα
2502 577 2554 597 lu
2695 577 2767 597 υιι
2816 577 2908 597 um
2934 577 3000 597 α-
3198 577 3208 587 ,

2355 577 2504 680 σεξτ,
2545 577 2652 668 sua:
2686 577 2998 670 cirgum;c_
3053 577 3079 680 δ
3136 577 3246 632 alia
3276 577 3591 652 defensive,

2353 686 2786 741 commodantur
2819 685 2997 756 epidi-

2284 542 2395 597 alia
2423 542 2652 612 quidem
2695 541 3000 612 circumje-

2284 543 2395 597 alia
2423 543 2652 612 quidem
2695 543 3000 612 circumje-

2355 622 2504 680 cent,
2545 629 2642 668 seu
2686 615 2998 670 circumac-

2353 686 2786 767 commodantur
2819 685 2997 756 epidi-

2353 771 2565 813 aerosis.

3135 720 3248 776 alia
3276 719 3577 791 offensive,

3205 949 3352 1004 pene
3375 948 3610 1006 corpus,
3640 942 3701 992 ut
3728 935 3874 992 vesti-

3206 1012 3485 1076 mentum,

3133 1076 3245 1134 alia
3276 1077 3448 1148 circa
3515 1083 3765 1148 partem,
3819 1083 3875 1134 ut

3204 1147 3402 1206 calcei.

2283 932 2395 988 alia
2414 933 2644 1004 quidem
2667 941 2893 1004 propter
2912 949 2998 990 or-

2352 1013 2578 1076 natum,
2640 1015 2699 1061 ut
2766 1021 2995 1072 corona,

3133 863 3247 918 alia
3263 862 3491 933 quidem
3519 864 3680 920 circa
3709 870 3873 920 totum

2353 933 2395 988 ia
2414 933 2644 1004 quidem
2667 941 2893 1004 propter
2912 949 2998 990 or-
3050 893 3076 1213 ἓ

2353 1013 2578 1076 natum,
2640 1015 2699 1061 ut
2766 1021 2995 1072 corona,

2353 1076 2670 1133 collarium.

2281 1289 2392 1346 alia
2419 1306 2550 1348 vero
2577 1297 2803 1362 propter
2830 1297 3239 1362 tegumentum.

1741 1519 2078 1576 SYNOPSIS
2116 1521 2392 1577 CAPITIS
2430 1521 2598 1589 XXV,

1804 1626 1954 1671 QUOD
1994 1626 2093 1665 EST
2131 1627 2202 1665 DE
2241 1626 2554 1666 OPPOSITIS.

471 1706 520 1760 1.
557 1705 815 1776 Opposita
843 1701 1053 1776 deﬁnit.
1085 1730 1154 1776 ——_
1172 1703 1232 1776 2.
1268 1697 1780 1776 Qppositadividit,
1835 1703 1901 1776 et_
1930 1701 2715 1776 ,ςλυεείεξ-ιιηιλᾳιιιιιενηίιι-ῥιιηΔ
2729 1717 3023 1776 numerum
3049 1699 3431 1776 divisionibus
3449 1700 3774 1776 investigat.
3804 1730 3864 1740 —-

538 1771 610 1831 3f
638 1771 771 1844 Quae
821 1771 946 1828 sunt
975 1771 1045 1827 ad
1099 1771 1330 1841 aliquid,
1380 1771 1613 1844 deﬁnit,
1640 1801 1708 1810 ——
1757 1772 1808 1823 4.
1863 1773 2163 1844 Contraria
2197 1771 2428 1844 dividit.
2483 1772 2644 1844 —-75.
2682 1771 2989 1844 0coupatio,
3021 1771 3287 1843 quomodo
3314 1771 3536 1844 malum
3562 1771 3639 1844 sit
3658 1771 3867 1844 contra-

538 1841 688 1902 rium
716 1853 770 1901 et
794 1845 1050 1916 privatio.
1088 1874 1148 1883 —
1181 1844 1251 1916 6.
1270 1845 1419 1916 Nova
1449 1841 2025 1916 divisionecontraria
2053 1842 2250 1897 dividit
2280 1845 2340 1896 in
2371 1843 2773 1916 immediataiet
2800 1841 3060 1916 mediata.
3092 1873 3161 1883 —
3191 1845 3261 1916 7.
3281 1843 3508 1916 Utrumq

3512 1859 3583 1898 ue
3604 1842 3868 1897 describit.

536 1948 606 1959 —
633 1918 686 1973 8.
723 1913 1039 1972 Inimediata
1092 1913 1390 1970 subdividit
1444 1915 1504 1966 in
1533 1913 1826 1967 essentiala
1854 1914 2083 1984 subjecti
2106 1913 2500 1970 accidentatia.
2561 1945 2632 1955 —
2688 1915 2842 1970 286
2872 1916 2926 1968 9.
2960 1915 3297 1970 Essentialia
3353 1913 3610 1970 declarat
3637 1913 3868 1984 exemplo

534 1992 693 2060 paris
739 1992 791 2060 et
832 1989 1062 2060 imparis
1107 1988 1166 2040 in
1195 2000 1444 2060 numero,
1476 1985 1575 2060 ubi
1594 1984 1769 2060 obiter
1810 2002 2004 2054 parem
2035 1993 2086 2038 et
2111 1987 2383 2060 imparem.
2430 2002 2720 2060 numerum
2766 1985 3098 2060 deﬁnit._+
3147 1986 3676 2060 10._Accidentalia_
3712 1987 3868 2060 etiam

536 2054 782 2130 exemplo
810 2054 988 2130 morbi
1013 2061 1065 2112 et
1111 2057 1370 2112 sanitatis
1415 2054 1680 2130 capticat,
1712 2064 1764 2110 et
1806 2071 1905 2126 per
1950 2059 2356 2126 occupationem
2401 2057 2636 2112 ostendit
2683 2054 2949 2130 quomodo
2991 2056 3078 2112 hic
3119 2057 3340 2112 morbus
3387 2055 3863 2130 accipiendus‘sit.

536 2161 607 2172 —
638 2125 724 2186 1f.
769 2129 1012 2185 Mediata
1047 2130 1327 2183 contraria
1372 2125 1674 2198 subdividit
1721 2130 1780 2180 in
1828 2143 1888 2180 ea
1935 2125 2165 2196 quorum
2211 2133 2505 2198 utrumque
2553 2145 2586 2182 a
2617 2125 2852 2194 subjecto
2895 2128 3093 2196 abesse,
3125 2137 3177 2183 et
3204 2143 3438 2198 quorum
3466 2125 3708 2182 alterum
3735 2126 3861 2181 dun-

536 2212 690 2258 taxat
715 2201 901 2256 abesse
926 2204 1115 2271 potest.
1176 2229 1242 2240 —
1287 2201 1384 2271 712.
1431 2197 1662 2252 Medium
1708 2201 2114 2252 contrariorum
2165 2197 2528 2254 mediatorum
2573 2199 2772 2271 dividit
2799 2199 2945 2271 inid
2991 2199 3130 2270 quod
3177 2197 3473 2270 utrumque
3501 2207 3864 2255 extremorum

533 2274 859 2345 participat,
893 2270 1034 2326 etin
1065 2271 1135 2345 id,
1159 2270 1298 2345 quod
1326 2279 1584 2345 neutrum
1614 2281 1979 2324 extremorum
2030 2272 2349 2345 participat.
2409 2301 2475 2310 —
2541 2271 2658 2345 t3.“
2681 2270 2925 2326 Ostendit

2979 2272 3239 2341 quomodo
3276 2272 3604 2326 recentiores
3636 2271 3763 2324 boni
3813 2278 3863 2325 et

532 2340 672 2399 mali
697 2340 960 2407 medium,
991 2343 1136 2413 quod
1165 2340 1304 2396 alios
1333 2357 1504 2412 neque
1540 2340 1741 2394 bonum
1770 2357 1944 2410 neque
1973 2342 2185 2394 malum
2235 2342 2456 2410 dicitur,
2479 2343 2750 2412 peculiari
2793 2340 3017 2397 nomine
3045 2342 3417 2413 indifferentis
3448 2342 3850 2410 insigniverint.

535 2447 601 2456 —
632 2417 716 2470 14.
749 2416 814 2469 Et
842 2415 1100 2485 quomodo
1131 2413 1392 2482 Archytas
1423 2414 1802 2485 exiveteribus
1816 2414 1984 2485 etiam
2015 2414 2072 2485 in
2105 2413 2300 2468 relatis
2328 2414 2577 2468 medium
2615 2414 2988 2469 constituerit.
3047 2445 3112 2454 —
3165 2414 3250 2467 15.
3283 2415 3346 2468 Et
3371 2413 3519 2485 quod
3547 2414 3850 2485 contrario-

533 2504 658 2541 rum
697 2482 1208 2556 comprehensiones
1246 2501 1338 2538 seu
1385 2484 1537 2538 tituli
1581 2486 1688 2538 sint
1734 2482 1803 2538 ad
1834 2483 2067 2554 aliquid,
2112 2501 2226 2538 non
2275 2485 2402 2538 item
2431 2499 2558 2555 quae
2601 2485 2717 2540 illis
2745 2485 3302 2556 comprehenduntur.
3335 2482 3402 2526 έ-
3435 2486 3525 2540 16.
3562 2484 3850 2540 Contraria

533 2558 772 2612 mediata
805 2573 970 2627 porro
1016 2556 1330 2627 subdividit
1357 2557 1417 2608 in
1463 2572 1524 2610 ea
1581 2571 1706 2626 quae
1735 2571 1908 2627 unum
1949 2558 2001 2609 et
2049 2557 2111 2608 in
2142 2572 2208 2609 ea
2251 2572 2369 2625 quae
2413 2557 2582 2626 plura
2627 2557 2826 2611 habent
2851 2556 3052 2611 media.
3085 2587 3152 2595 —
3184 2557 3269 2610 17.
3303 2557 3432 2612 Tria
3459 2557 3851 2627 contrariorum

531 2626 865 2684 consectaria
890 2636 1144 2682 recenset.
1178 2658 1245 2666 —
1277 2626 1364 2680 18.
1398 2628 1650 2681 Primum
1673 2626 1811 2697 quod
1843 2627 2041 2681 bonum
2071 2627 2222 2682 malo
2251 2627 2472 2697 quidem
2499 2629 2572 2681 sit
2615 2629 2977 2692 contrarium,
3010 2627 3106 2682 sed
3135 2628 3346 2682 malum
3373 2635 3427 2684 et
3458 2629 3597 2683 bono
3621 2635 3672 2682 et
3693 2626 3845 2680 malo.

530 2731 601 2742 —
631 2699 716 2754 19.
751 2699 1036 2770 Occupatio
1066 2698 1332 2770 quomodo
1362 2703 1566 2752 natura
1594 2715 1705 2753 non
1750 2699 1822 2752 sit
1874 2699 2101 2770 injusta,
2153 2700 2368 2770 tametsi
2413 2700 2560 2753 malo
2608 2702 2658 2754 et
2690 2700 2886 2754 bonum
2914 2707 2966 2753 et
3013 2698 3224 2752 malum
3268 2701 3342 2753 sit
3387 2700 3754 2754 contrarium.
3785 2724 3847 2770 -_-

529 2774 618 2826 20.
651 2772 773 2826 Alia
803 2766 1106 2842 occupatio,
1137 2785 1239 2842 cur
1265 2770 1476 2823 malum
1504 2786 1615 2825 non
1657 2773 1874 2824 tantum
1923 2766 2089 2842 bono,
2135 2769 2227 2824 sed
2254 2771 2442 2842 _etiam
2492 2771 2637 2825 malo
2679 2773 2748 2825 sit
2792 2772 3152 2837 contrarium,
3183 2777 3236 2842 et
3263 2774 3453 2825 contra
3487 2771 3684 2825 bonum
3712 2766 3845 2822 malo

529 2843 820 2909 duntaxat,
852 2839 958 2896 non
991 2843 1157 2896 etiam
1188 2841 1325 2896 bono
1353 2843 1424 2895 sit
1452 2844 1810 2896 contrarium.
1846 2871 1911 2880 —
1941 2841 2031 2894 21.
2055 2839 2360 2895 Secundum
2389 2844 2811 2906 consectarium,
2853 2841 3133 2897 contraria
3162 2841 3268 2896 sibi
3298 2843 3536 2896 invicem
3565 2843 3625 2896 in
3663 2852 3846 2909 genere

529 2920 581 2968 et
611 2917 784 2982 specie
807 2915 1128 2968 coexsisterc
1154 2928 1328 2981 posse,
1361 2912 1508 2966 887
1543 2912 1635 2967 sed
1666 2930 1725 2966 in
1753 2911 2041 2966 individuo
2071 2911 2254 2982 quoad
2310 2912 2379 2966 ad
2435 2929 2606 2967 unum
2661 2914 2842 2967 locum
2897 2915 3217 2968 coexsistere
3268 2929 3383 2966 non
3437 2927 3612 2983 posse.
3672 2941 3736 2952 —
3760 2909 3842 2962 22.

530 2986 765 3040 Tertium
795 2986 1203 3051 consectarium,
1235 2986 1510 3038 contrario
1539 2985 1620 3038 vel
1650 2984 1746 3038 sub
1775 2985 1962 3037 eodem
2003 2998 2117 3036 esse
2142 2999 2356 3053 genere,
2418 2987 2498 3038 vel
2552 2984 2648 3038 sub
2699 2986 2976 3039 contrario
3003 2984 3315 3054 generibus,
3373 2985 3461 3038 vel
3491 2986 3716 3054 ipsumet
3740 2993 3848 3054 esse

525 3058 806 3111 contraria
835 3072 1058 3128 genera.
1094 3085 1160 3094 ——
1185 3056 1274 3108 23.
1329 3055 1675 3109 Contrarium
1730 3071 1902 3107 unum
1961 3070 2281 3128 supremum
2301 3071 2471 3122 genus
2528 3071 2651 3128 esse
2672 3055 2924 3120 ostendit,

2973 3050 3310 3126 qualitatem
3355 3050 3634 3110 videlicet.
3667 3083 3732 3093 —

525 3129 758 3194 Accedit,
792 3122 860 3181 ad
888 3129 1107 3182 tertiam
1131 3128 1364 3195 speciem
1393 3129 1780 3196 oppositorum,
1813 3130 1865 3180 et
1890 3122 2069 3196 primo
2099 3126 2348 3190 ostendit,
2381 3142 2504 3180 cum
2559 3127 2800 3181 habitum
2849 3122 3384 3196 tum-privationem
3440 3126 3632 3180 multis
3677 3122 3838 3196 modis

523 3192 759 3269 adeoque
785 3201 1058 3269 aequivoce
1085 3192 1213 3252 dici.
1274 3229 1340 3236 —
1395 3192 1484 3251 25.
1518 3199 1742 3252 Habitus
1794 3192 2168 3266 signiﬁcatum
2223 3200 2494 3269 primum.
2559 3229 2628 3237 —
2681 3200 2770 3252 26.
2817 3192 3126 3269 secundum
3155 3229 3220 3238 —
3249 3199 3339 3251 27.
3375 3198 3635 3253 Tertium.
3667 3225 3732 3235 —

525 3263 808 3338 Quartum.
842 3263 909 3309 '—
937 3271 1025 3324 29.
1061 3271 1338 3336 Quintum.
1371 3299 1438 3307 —
1469 3271 1556 3323 30.
1589 3271 1830 3324 Sextum.
1852 3263 2047 3322 ‘—'31.
2083 3263 2314 3340 Totidem
2359 3270 2682 3339 privationis
2711 3278 2834 3340 quot
2864 3268 3080 3324 habitus
3109 3269 3430 3339 signiﬁcata
3457 3284 3570 3325 esse
3600 3263 3832 3340 ostendit.

523 3336 592 3382 ξ-
620 3343 707 3396 32.
743 3344 996 3396 Primum
1027 3341 1395 3410 signiﬁcatum
1419 3343 1769 3410 privationis.
1804 3371 1868 3380 -—
1892 3341 1978 3393 33.
2011 3336 2438 3394 Secundumf—
2465 3341 2552 3394 34.
2588 3336 2844 3395 Tertium.
2878 3371 2944 3378 —
2991 3342 3079 3394 35.
3131 3336 3420 3408 Quartum.
3453 3371 3526 3382 —
3554 3341 3641 3394 36.
3675 3336 3834 3405 Quin-

523 3419 665 3468 tum.
711 3444 780 3453 —
830 3414 919 3467 37.
971 3412 1225 3485 Sextum.
1264 3442 1332 3485 έ
1384 3411 1485 3485 38.
1526 3412 1801 3483 Oppositio
1847 3411 2156 3485 secundum
2180 3411 2425 3485 habitum
2473 3415 2528 3485 et
2567 3413 2933 3485 privationem
2971 3413 3193 3485 proprie
3222 3413 3494 3485 accipitur
3521 3413 3582 3485 in
3612 3411 3698 3485 iis,
3726 3417 3836 3485 quae

520 3486 718 3556 speciei
746 3485 984 3555 alicujus
1015 3482 1318 3557 individuis
1356 3482 1802 3557 omibus’insunt.
1857 3513 1924 3557 έ-
1977 3483 2065 3557 39.
2124 3483 2382 3557 Privatio
2434 3483 2604 3557 tribus
2654 3482 3081 3557 characteribus
3107 3483 3238 3557 _(s_eu
3293 3484 3459 3554 notis)
3503 3482 3831 3557 designatur,

520 3551 785 3628 quoniam
809 3551 1020 3610 vet'uno
1048 3554 1302 3628 abseunte
1329 3570 1434 3608 non
1465 3564 1545 3628 est
1577 3554 1764 3628 logica
1788 3556 2049 3628 privatio.
2085 3583 2150 3594 —-
2170 3555 2258 3628 40.
2285 3555 2525 3628 Privatio
2556 3553 2674 3628 haec
2702 3555 2878 3628 ipsius
2912 3551 3223 3628 potentialis
3251 3562 3344 3610 est.
3489 3555 3579 3628 41.
3606 3551 3834 3628 Privath

517 3617 732 3696 semper
766 3627 914 3696 boni,
961 3627 1100 3698 mali
1128 3641 1419 3698 nunquam
1455 3617 1674 3681 dicitur.
1726 3617 1802 3698 _—'
1833 3626 1920 3698 42.
1969 3628 2092 3680 Non
2123 3642 2184 3679 in
2213 3624 2504 3698 dictionem
2553 3617 2975 3698 recipientibus,
2993 3625 3087 3698 sed
3115 3626 3176 3679 in
3206 3641 3323 3679 rem
3369 3625 3605 3681 dictione
3631 3617 3830 3698 signiti-

514 3706 694 3752 catam
712 3697 1012 3770 jvdicanda
1063 3705 1160 3771 est,
1220 3698 1316 3771 ubi
1368 3696 1434 3771 τᾷ
1483 3696 1791 3771 στερητικὰ,
1837 3696 2037 3771 idest,
2064 3697 2339 3764 privativa
2367 3697 2796 3771 facittripticia.
2830 3697 3009 3750 —43.
3049 3697 3315 3771 Quartam
3371 3699 3608 3771 speciem
3634 3696 3831 3771 opposi-

515 3760 861 3839 torum'quw
907 3760 1348 3841 contradicentiaq
1387 3760 1646 3841 dicuntur
1703 3760 2148 3840 aggreditur,“
2193 3760 2640 3841 contradictioni:
2682 3776 2863 3839 partes
2911 3760 3142 3841 ostendit
3183 3773 3239 3824 et
3283 3760 3832 3841 etynwlogicamldq-

514 3834 868 3912 scriptionem
893 3842 1173 3912 proponit.
1209 3871 1269 3878 —
1320 3839 1472 3894 288
1504 3841 1590 3894 44.
1645 3834 2076 3911 Afﬁrmationem
2105 3848 2164 3912 et
2189 3840 2530 3912 negationem
2559 3834 2694 3910 quae
2707 3847 2836 3894 sunt
2869 3848 3048 3910 partes
3079 3834 3373 3912 integrales
3401 3834 3832 3912 contradictioni:

517 3909 796 3966 describit.
830 3909 906 3952 -—'
927 3909 1016 3966 451
1073 3911 1383 3980 Afﬁrmatio
1435 3915 1485 3966 et
1535 3909 1753 3981 negatio
1781 3927 1968 3965 verum
2003 3914 2055 3964 et
2081 3909 2293 3980 faleum
2346 3909 2592 3965 dividere
2622 3909 2881 3981 possunt,
2921 3927 3032 3966 non
3061 3913 3190 3966 item
3219 3910 3449 3980 reliqum
3477 3909 3692 3981 species,
3721 3913 3832 3981 qua;

513 3987 639 4038 sunt
685 3984 1053 4054 oppositorum
1100 3976 1465 4054 simplicium.
1515 3976 1715 4036 -’46.
1773 3983 1919 4050 Quin
1963 3976 2161 4037 cetera
2210 3983 2454 4052 opposita
2507 3976 2682 4053 neque
2718 3997 2816 4052 per
2841 3983 3274 4054 complexionem
3301 3976 3548 4054 prolata,
3575 3991 3752 4034 verum
3779 3976 3826 4026 et

513 4051 727 4124 falsum'
747 4051 991 4110 dividere
1031 4051 1278 4124 possunt,
1310 4053 1423 4107 nisi
1479 4055 1539 4107 in
1566 4056 1728 4109 certis
1757 4053 1994 4119 entibus,
2046 4061 2111 4108 ut
2154 4051 2630 4125 contrarariorum
2675 4051 2924 4125 exemplo
2959 4051 3217 4109 ostendit.
3250 4051 3319 4125 -έὲ
3347 4052 3438 4107 47.
3471 4051 3706 4125 Adeoque
3727 4057 3827 4098 ηοπ

516 4121 683 4180 etiam
708 4128 930 4197 possunt
961 4121 1062 4179 hoc
1090 4125 1146 4178 in
1179 4125 1434 4179 omnibus
1491 4125 1728 4191 entibus,
1760 4129 1819 4178 ut
1848 4127 2060 4197 iterum,
2099 4122 2369 4196 exemplis
2418 4124 2659 4197 declarat
2698 4121 3024 4197 relatorum,
3051 4124 3395 4197 privantium
3423 4121 3825 4197 contrariorum.

515 4228 581 4237 —
600 4199 687 4252 48.
708 4193 922 4252 ’ϐοηινα
949 4197 1251 4266 afﬁrmatio
1273 4203 1326 4250 et
1351 4198 1569 4263 negatio
1597 4212 1708 4251 non
1740 4198 1799 4251 in
1828 4193 2150 4266 quibusdam
2183 4193 2400 4250 tantum
2439 4195 2672 4264 entibus,
2703 4195 2795 4252 sed
2825 4198 2884 4251 in
2938 4193 3214 4266 omnibus,
3262 4195 3395 4266 quin
3427 4197 3594 4252 etiam
3647 4193 3704 4245 in
3727 4198 3823 4241 nan

516 4269 731 4324 entibus
759 4284 952 4324 verum
980 4265 1032 4324 et
1057 4267 1261 4338 falsum
1288 4266 1560 4333 dividunt,
1591 4273 1652 4323 ut
1679 4267 1949 4338 exemplis
1980 4265 2242 4322 declarat:

1047 4489 1278 4545 CAPUT
1316 4489 1483 4545 XXV.

1073 4581 1148 4634 De
1177 4581 1456 4651 oppositis.

515 4671 564 4724 1.
599 4669 879 4742 Opposita
907 4673 1434 4740 sunt,quaacunquc
1465 4667 1618 4723 circa
1646 4667 1800 4722 idem
1833 4665 2012 4722 simul
2033 4670 2091 4720 et

437 4761 761 4816 secundum
791 4759 946 4815 idem
977 4758 1058 4813 rei
1089 4757 1412 4814 forinsecus
1451 4756 1739 4828 exquisita
1767 4754 2084 4811 consistere

439 4865 554 4903 non
588 4853 852 4920 possunt.

505 4940 560 4991 2.
594 4937 723 4992 Haec
755 4942 949 4993 autem
989 4937 1075 4993 vel
1129 4937 1187 4992 in
1232 4936 1617 5001 orationibus,
1657 4934 1746 4990 vel
1799 4934 1856 4988 in
1908 4933 2081 4988 rebus

439 5027 834 5096 opponuntur.
866 5025 937 5079 Et
965 5025 1256 5096 siquidem
1292 5025 1348 5078 iu
1381 5019 2081 5090 orationibus,afﬁrmatio

439 5115 530 5167 est
560 5117 616 5167 et
644 5112 894 5181 negatio.
929 5112 1029 5167 Sin
1065 5114 1122 5167 in
1157 5115 1331 5168 rebus
1363 5117 1463 5167 aut
1491 5111 1816 5167 secundum
1848 5109 2082 5165 habitu-

439 5201 662 5266 dinem,
695 5204 796 5254 aut
824 5217 939 5255 non
971 5203 1294 5258 secundum
1343 5201 1749 5257 habitudinem
1781 5201 2079 5254 dicuntur.

441 5289 509 5344 Et
555 5288 880 5343 secundum
931 5287 1332 5345 habitudinem
1379 5291 1616 5361 quidem
1649 5293 1807 5354 sunt,
1849 5305 1976 5358 quae
2009 5287 2081 5342 ad

439 5376 658 5448 aliquid
683 5375 1115 5440 dicuntur.Quae
1137 5393 1308 5448 porro
1329 5377 1655 5432 secundum
1677 5373 2083 5430 habitudinem

439 5483 555 5522 non
588 5465 992 5535 dicuntur,aut
1014 5469 1318 5519 mutantur
1347 5465 1404 5518 in
1428 5481 1489 5520 se
1518 5465 1786 5535 invicem,
1820 5463 2081 5534 subjecto

438 5555 723 5611 nimirum
756 5553 1042 5608 existente
1090 5553 1242 5623 quod
1293 5552 1608 5624 recipiendi
1655 5553 1773 5606 vim
1825 5551 2035 5606 habeat
2067 5566 2106 5639 ς.

439 5648 667 5701 etsunt
714 5641 1026 5707 contraria,
1076 5645 1178 5696 aut
1228 5657 1344 5696 non
1394 5644 1696 5696 mutantur
1725 5641 1784 5695 in
1830 5655 1891 5696 se
1931 5639 2082 5696 289

437 5735 708 5800 invicem,
740 5749 806 5792 ac
834 5737 975 5790 sunt
1004 5731 1241 5790 habitus
1269 5734 1326 5786 et
1355 5728 1623 5804 privatio.
1656 5729 1900 5786 Habitus
1928 5728 2084 5786 enim

2113 4488 2170 4553 Α

2815 4487 3074 4543 ΚΕΦΔΛ.
3107 4487 3228 4542 KE'.

2648 4573 2780 4648 Περὶ
2825 4578 2933 4629 τῶν
2984 4571 3392 4647 ἀντικειμένων.

2269 4669 2332 4720 α’.
2365 4644 2738 4735 ’Δντικείμενᾶ
2785 4661 2946 4733 ἐστιν,
2996 4661 3095 4717 ὅσα
3143 4644 3268 4739 περὶ
3316 4661 3380 4716 τὸ
3428 4659 3560 4716 αὐτὸ
3610 4656 3717 4728 ἅμα.
3741 4644 3818 4703 καὶ

2189 4751 2324 4806 κατὰ
2350 4751 2412 4805 τὸ
2444 4750 2574 4805 αὐτὸ
2601 4756 2697 4806 τοῦ
2745 4751 3060 4827 πράγματος
3098 4752 3134 4821 ἢ
3184 4751 3321 4828 πρὸς
3368 4752 3432 4806 τὸ
3462 4747 3589 4805 αὐτὸ
3635 4739 3810 4812 ἔξωθεν

2192 4839 2544 4912 ἐξεταζόμενα
2573 4840 2898 4916 συνυπάρξαι
2931 4839 2993 4894 οὐ
3023 4838 3262 4895 δύναται.

2267 4930 2331 5004 β’.
2385 4933 2559 4984 Ταῦτα
2603 4926 2661 4983 δὲ
2706 4929 2740 4998 ἢ
2784 4913 2842 4983 ⁷ἐν
2889 4927 3076 5007 λόγοις
3123 4929 3437 4997 ἀντίκειται,
3493 4928 3528 4996 ἢ
3564 4923 3612 4977 ἐν
3657 4913 3810 5007 πράγ-

2198 4997 2346 5091 μα-σι.
2410 5017 2508 5073 Καὶ
2567 5017 2612 5072 εἴ
2669 4997 2761 5090 μὲν
2813 4997 3021 5093 λόγοιξ,
3076 5017 3369 5096 κατάφασις
3425 5009 3651 5096 ἐστικαὶγ
3691 4997 3808 5058 ἀπό-

2193 5127 2368 5184 φασις.
2426 5105 2489 5160 Εἰ
2541 5103 2588 5160 δ’
2637 5106 2687 5161 ἐν
2737 5106 3046 5182 πράγιιασιν
3096 5107 3132 5175 ἢ
3177 5095 3314 5160 κατὰ
3361 5107 3542 5181 σχέσιν
3600 5095 3806 5184 λέγεται)

2191 5172 2226 5264 ἦ
2287 5195 2348 5249 οὗ
2406 5196 2541 5249 κατά
2593 5172 2798 5270 σχέσιν.
2840 5172 2937 5250 [iui
2992 5172 3130 5250 mai
3193 5172 3526 5270 σχὲσινημὶν
3587 5186 3690 5241 ἔστι
3747 5172 3805 5228 τὰ

2191 5283 2326 5359 πρός
2381 5305 2454 5338 τι.
2487 5285 2562 5338 Τὰ
2619 5281 2676 5338 δὲ
2735 5287 2810 5358 μή
2869 5285 3006 5339 κατὰ
3062 5283 3247 5360 σχέσῖν
3303 5283 3568 5359 λεγόμενα
3603 5274 3638 5342 ἢ
3670 5282 3806 5343 μετα·

2193 5367 2386 5428 ϐάλλει
2419 5373 2494 5434 εἷς
2541 5371 2766 5443 ἄλληλα
2808 5377 2905 5428 τοῦ
2955 5371 3200 5428 δεκτικοῦ
3253 5370 3505 5444 δηλονότι
3555 5361 3804 5444 ὑπάρχφν·

2191 5482 2304 5533 τος,
2336 5462 2426 5516 καί
2459 5462 2588 5517 εἰσιν
2621 5440 2848 5516 ἐναντίω
2892 5463 2927 5531 ἢ
2978 5461 3039 5517 οὐ
3092 5440 3421 5536 μεταϐάλλει
3465 5457 3539 5518 εἷς
3585 5440 3801 5513 ἄλληλα,

2193 5551 2282 5606 καὶ
2313 5547 2452 5606 ἔστιν
2501 5548 2608 5622 ἕξις
2659 5551 2749 5605 καὶ
2800 5551 3064 5626 στέρησις.
3106 5552 3168 5605 Ἡ
3222 5551 3314 5624 μὲν
3361 5550 3462 5625 γὰρ
3508 5543 3611 5612 ’ὲξις
3657 5545 3802 5626 μετα-

2194 5634 2389 5696 ϐάλλει
2441 5639 2516 5702 εἰς
2567 5639 2833 5716 στέρησιν·
2967 5622 3230 5715 στέρησιςγ
3267 5636 3324 5694 δὲ
3490 5622 3674 5716 ξεινῗαῦ
3716 5634 3800 5690 με·

2193 5723 2479 5788 ταϐάλλει.
2529 5711 2818 5807 Τετράχῶς
2864 5711 3160 5784 τοίνυν-τὰ
3206 5727 3540 5801 ἀντικείμενα
3593 5711 3796 5788 λέγεται,
