4108 6458
187 442 307 502 873

1567 432 1915 496 ΕΡΙΤΟΜΕ
1958 436 2235 497 LOGICA
2251 481 2265 494 .

3475 439 3595 500 874

186 572 222 640 ἢ
276 571 351 633 ὡς
400 572 470 626 τά
524 569 660 645 πρός
732 590 807 640 τι,
865 568 977 623 οἷον
1039 564 1346 639 διπλάσιον,
1403 566 1596 639 ἥμισυ·
1632 566 1693 634 ἢ
1756 565 1829 627 ὡς

1969 567 2183 639 [uidem
2216 572 2477 624 mutatur
2526 568 2587 623 in
2618 568 2998 641 privationem
3032 588 3046 632 ;
3101 570 3349 642 privatio
3393 574 3591 628 autem

185 659 458 731 τάναντία,
489 661 604 714 οἷον
638 657 853 728 λευκὸν,
891 655 1080 732 μέλαν·
1113 657 1149 726 ἢ
1182 656 1258 718 ὡς
1286 652 1393 726 ἕξις
1421 656 1511 711 καὶ
1559 655 1832 730 στέρησις,

186 750 301 804 οἷον
332 744 456 823 ὄψις
486 747 575 803 καὶ
604 747 906 826 τυφλότης,
937 747 973 816 ἢ
1016 746 1089 808 ὡς
1136 744 1433 823 κατάφασις
1485 743 1575 799 καὶ
1624 742 1835 821 ἀπόφα-

182 859 289 902 σις·
340 840 480 910 οἷον,
529 833 810 914 ἅνθρωπος
856 838 1109 908 κάθηται,
1140 835 1425 912 ἅνθρωπος
1469 833 1531 888 οὐ
1582 831 1831 903 κάθηται.

1944 656 2001 710 in
2034 655 2302 712 habitum
2334 674 2449 712 non
2480 660 2763 715 mutatur.
2813 658 3071 724 Quatuor
3118 659 3365 731 proinde
3399 661 3592 718 modis

1944 746 2211 817 opposita
2231 745 2509 801 dicuntur
2531 767 2545 810 ς
2581 749 2687 802 aut
2706 750 2772 802 ut
2791 747 2863 802 ad
2883 746 3293 818 aliquid,velut
3319 747 3588 821 duplum,

1944 833 2258 890 dimidium
2293 851 2306 889 :
2341 840 2443 891 aut
2466 839 2529 891 ut
2557 836 2868 903 contraria,
2892 834 3052 891 velut
3081 834 3547 910 album,nigrum
3571 855 3587 894 :

184 933 379 987 autut
406 928 643 986 habitus
673 932 732 986 et
757 927 1026 1001 privatio,
1058 925 1236 983 veluti
1275 926 1437 982 visus
1468 928 1526 982 et
1556 923 1785 980 caecitas
1816 938 1830 978 :
1863 925 1966 979 aut
1993 926 2059 978 ut
2088 923 2404 981 affirmatio
2432 928 2491 981 et
2519 924 2773 997 negatio,
2805 923 2964 981 velut
2992 923 3168 982 homo
3200 926 3385 994 sedet,
3413 925 3590 985 homo

185 1036 307 1075 non
338 1019 519 1075 sedet.

259 1113 326 1183 γ’.
357 1107 434 1163 Τὰ
486 1105 581 1181 μὲν
641 1105 732 1160 οὗν
803 1103 941 1181 πρός
986 1124 1038 1158 τι
1089 1102 1226 1176 (καὶ)
1276 1102 1680 1177 συνεισάγουσιν
1736 1095 1837 1153 ἄλ-

184 1194 341 1267 ληλα
390 1195 479 1251 καὶ
542 1197 919 1272 συναναιροῦσι
983 1193 1075 1247 καὶ
1141 1191 1274 1247 αὐτὰ
1348 1191 1482 1268 ἅπερ
1558 1188 1680 1262 εἶσὶ,
1727 1192 1834 1243 τῶν

182 1284 572 1359 ἀντικειμένων
599 1283 782 1346 αὑτοῖς
829 1282 961 1338 εἶναι
1011 1279 1248 1358 λέγεται·
1279 1280 1316 1350 ἢ
1350 1280 1598 1335 ὁπωσοῦν
1648 1275 1838 1340 ἄλλως

181 1374 326 1451 πρὸς
355 1373 505 1432 αὐτά.

258 1497 323 1557 δ’.
355 1498 431 1553 Τὰ
471 1495 518 1553 δ’
564 1496 770 1553 ἐναντία
797 1497 833 1565 ἢ
885 1493 1002 1565 εἴδη
1052 1495 1142 1550 καὶ
1186 1495 1352 1573 ἄμφω
1397 1493 1552 1565 εἰσὶν,
1586 1491 1662 1554 ὡς
1710 1490 1834 1546 λευ-

180 1588 278 1643 κὸν
308 1586 399 1643 καὶ
436 1583 626 1661 μέλαν,
660 1584 872 1661 ψυχρόν
922 1604 981 1638 τε
1024 1583 1116 1637 καὶ
1164 1582 1364 1663 θερμὸν
1412 1581 1502 1636 καὶ
1550 1581 1617 1635 τὰ
1647 1578 1832 1653 ὅμοια·

182 1679 219 1746 ἢ
275 1677 496 1752 Θάτερον
567 1672 792 1750 θατέρου
867 1671 1072 1748 ἐσχάτη
1152 1671 1467 1732 ἆπόπτωσις
1543 1669 1703 1739 ἐστιν,
1762 1668 1837 1729 ὡς

184 1762 368 1821 δειλία
408 1763 497 1819 καὶ
561 1760 763 1818 ἀδικία.
815 1763 877 1816 Ἣ
942 1762 1035 1835 μὲν
1087 1762 1189 1837 γὰρ
1244 1766 1346 1829 τῆς
1402 1756 1640 1833 ἀνδρίας,
1689 1758 1725 1826 ἡ
1779 1753 1837 1811 δὲ

2018 1100 2072 1155 3.
2104 1099 2213 1156 Illa
2240 1100 2421 1175 igitur
2450 1117 2577 1175 quas
2608 1106 2749 1159 sunt
2776 1103 2852 1159 ad
2878 1102 3125 1176 aliquid,
3158 1105 3218 1161 et
3247 1119 3310 1161 se
3338 1104 3589 1162 invicem

1947 1187 2127 1244 simul
2156 1189 2464 1251 inducunt.
2497 1196 2553 1247 et
2581 1191 2758 1248 simul
2804 1190 3053 1255 tollunt;
3086 1196 3143 1248 et
3189 1209 3259 1250 ea
3296 1209 3425 1266 quis
3452 1197 3594 1251 sunt
3708 1252 3713 1261 ,

1947 1279 2347 1349 oppositorum
2403 1280 2516 1337 sibi
2572 1297 2700 1337 esse
2737 1280 3033 1350 dicuntur,
3091 1284 3193 1337 aut
3245 1298 3592 1356 quocunque

1947 1364 2060 1422 alio
2093 1367 2264 1424 modo
2294 1369 2365 1425 ad
2397 1368 2528 1442 ipsa
2559 1369 2914 1426 referuntur.

2016 1492 2069 1545 4.
2103 1492 2403 1548 Contraria
2449 1509 2620 1565 porro
2648 1492 2737 1549 vel
2768 1492 2941 1549 etiam
2969 1495 3143 1551 ambo
3172 1499 3313 1551 sunt
3342 1495 3587 1568 species,

1946 1583 2012 1634 ut
2031 1578 2231 1636 album
2261 1584 2320 1637 et
2339 1581 2886 1654 nigrum,frigidum
2908 1587 2967 1638 et
2987 1581 3329 1654 calidum,et
3348 1583 3587 1654 similia;

1946 1673 2046 1724 aut
2074 1669 2323 1725 alterum
2381 1672 2454 1727 ab
2484 1670 2666 1727 altero
2721 1675 2982 1727 extrema
3037 1675 3127 1728 est
3174 1671 3487 1746 prolapsio,
3523 1677 3590 1730 ut

1947 1758 2254 1814 tumiditas
2284 1761 2342 1814 et
2368 1759 2675 1831 injustitia.
2707 1759 2812 1817 Illa
2838 1760 2995 1816 enim
3026 1760 3264 1833 quidem
3294 1778 3329 1818 a
3357 1762 3588 1819 fortitu-

181 1857 284 1924 τῆς
333 1850 679 1920 δικαιοσύνης
722 1848 925 1911 τελέως
971 1848 1233 1921 ἐξέπεσον.
1285 1847 1384 1903 Καὶ
1429 1846 1575 1908 ὅλως
1629 1847 1692 1900 τὸ
1733 1865 1829 1899 κα-

1969 1847 2093 1916 line,
2126 1847 2249 1903 haec
2273 1865 2307 1903 a
2347 1848 2576 1919 justitia
2606 1849 2857 1921 perfecte
2887 1850 3121 1907 excidit.
3155 1851 3223 1906 Et
3252 1851 3313 1907 in
3353 1853 3587 1910 univer-

183 1944 300 2016 κὸν,
342 1938 483 2003 εἶδος
525 1940 617 2014 μὲν
666 1938 752 1994 καὶ
806 1935 932 2015 ὅρος
965 1938 1064 1994 οὐκ
1110 1933 1272 1994 ἔστιν’
1322 1932 1588 1997 ἔκπτωσις
1638 1931 1697 1991 δὲ
1740 1955 1828 1989 τε-

185 2030 306 2087 λεία
330 2035 429 2089 τοῦ
459 2031 678 2107 ἀγαθοῦ.

256 2141 315 2195 ε’.
372 2141 533 2192 ’Όταν
597 2136 690 2210 μὲν
749 2133 839 2190 οὖν
898 2134 1028 2190 αὑτὸ
1093 2137 1384 2206 σκοπῶμεν
1437 2132 1512 2194 ὡς
1568 2130 1828 2208 πεφυκὸς,

183 2228 551 2301 ἀνακάμπτειν
610 2225 749 2302 πρὸς
801 2225 865 2279 τὸ
924 2221 1088 2286 εἶδος.
1168 2220 1404 2279 ἐναντίον
1480 2218 1641 2276 ἐστίν·
1704 2218 1829 2277 ὅταν

186 2315 244 2372 δὲ
322 2314 594 2390 μηδαμῶς
662 2314 1025 2387 ἀνακάμπτειν
1102 2309 1349 2383 δύνηται,
1421 2309 1547 2365 τότε
1614 2308 1829 2384 λέγεται

184 2407 460 2484 στέρησις.

255 2514 321 2577 ς’.
356 2518 474 2566 Ἔτι
519 2513 623 2565 τῶν
673 2508 924 2564 ἐναντίων
967 2508 1035 2564 τὰ
1085 2509 1178 2581 μὲν
1224 2505 1365 2562 ἔστιν
1411 2503 1605 2580 ἄμεσα,
1661 2507 1728 2559 τά
1775 2503 1833 2560 δὲ

191 2600 428 2675 μεσωτά,
461 2595 634 2654 εῗτουν
667 2595 692 2653 ἔ
697 2620 737 2671 μ
744 2618 895 2671 μεσα.

261 2710 323 2777 ζ’.
356 2706 455 2763 Καὶ
503 2702 675 2779 ἂμεσα
726 2704 821 2778 μὲν
869 2702 1033 2769 ἔστιν,
1083 2704 1155 2758 ὧν
1202 2702 1254 2774 ἐξ
1311 2702 1546 2778 ἀνάγκης
1612 2701 1834 2776 θάτερον

190 2793 424 2873 ὑπάρχει
472 2799 551 2866 τῷ
600 2791 845 2865 δεκτικῷ·
887 2790 1098 2867 ἔμμεσα
1142 2789 1219 2864 δὲ,
1264 2793 1338 2846 ὧν
1407 2791 1506 2846 οὐκ
1565 2789 1616 2863 ἐξ
1667 2788 1831 2864 ἀνάγ-

189 2906 293 2956 κης
327 2883 561 2960 ὑπάρχει
587 2884 826 2959 θάτερον.

259 2993 332 3062 η’.
363 2995 479 3044 Τῶν
521 2986 566 3044 δ’
618 2990 831 3062 ἀμέσων
876 2986 1127 3043 ἐναντίων
1173 2988 1241 3042 τὰ
1291 2987 1384 3061 μὲν
1439 2980 1579 3041 ἔστιν
1634 2982 1831 3039 οὑσιώ-

193 3078 284 3151 δη,
314 3078 382 3134 τᾶ.
410 3075 456 3131 δ’
490 3073 820 3147 ἐπουσιώδη.

1940 1952 2075 1992 sum
2126 1953 2284 2003 sane,
2333 1937 2558 1994 malum
2608 1954 2725 1994 non
2757 1943 2846 1995 est
2884 1939 3112 2011 species
3138 1943 3197 1996 et
3225 1939 3387 2011 ﬁnis,
3416 1941 3521 1999 sed
3550 1958 3587 1999 a

1938 2025 2092 2081 bono
2123 2026 2381 2097 perfecta
2409 2026 2652 2099 elapsio.

2008 2133 2063 2187 5.
2099 2132 2243 2188 Cum
2290 2132 2350 2188 id
2379 2149 2516 2206 ergo
2564 2134 3149 2204 consideraverimus,
3178 2139 3470 2205 quatenus
3516 2136 3590 2193 ad

1940 2219 2194 2291 speciem
2227 2219 2415 2276 redire
2458 2225 2667 2293 potest,
2702 2221 3060 2278 contrarium
3118 2226 3208 2279 est
3239 2242 3254 2280 :
3287 2240 3422 2287 cum
3450 2238 3590 2282 vero

1940 2307 2130 2364 redire
2158 2324 2532 2380 nequaquam
2561 2314 2771 2381 potest,
2801 2314 2941 2367 tunc
2970 2310 3216 2384 privatio
3245 2312 3479 2370 dicitur.

2011 2506 2065 2560 6.
2100 2505 2379 2561 Praeterea
2408 2507 2835 2563 contrariorum
2884 2507 3000 2564 alia
3053 2512 3193 2565 sunt
3220 2509 3584 2581 immediata,

1942 2595 2058 2651 alia
2085 2595 2500 2651 intermedium
2532 2595 2772 2663 habent,
2804 2596 2924 2653 sive
2956 2598 3209 2655 mediata
3245 2604 3406 2655 sunt.

2014 2700 2168 2758 240
2194 2703 2249 2756 7.
2282 2702 2353 2756 Et
2382 2701 2620 2774 quidem
2660 2703 2999 2760 immediate.
3028 2708 3186 2774 sunt,
3218 2721 3467 2776 quorum
3499 2704 3589 2763 al-

1942 2795 2134 2846 terum
2166 2790 2430 2861 subjecto
2456 2808 2525 2847 ex
2554 2791 2903 2848 necessitate
2930 2792 3115 2849 inest:
3142 2792 3396 2850 mediata
3425 2799 3583 2865 sunt,

1944 2897 2197 2953 quorum
2227 2879 2479 2935 alterum
2511 2897 2579 2936 ex
2608 2880 2952 2937 necessitate
2983 2898 3099 2937 non
3129 2882 3298 2939 inest.

2011 2989 2065 3042 8.
2098 2987 2579 3043 Immediatorum
2628 2991 2824 3044 autem
2856 2988 3213 3045 contrarium
3262 2988 3377 3046 alia
3412 2991 3584 3049 subs-

1942 3076 2237 3132 stantialia
2268 3081 2426 3142 sunt,
2459 3075 2576 3131 alia
2605 3076 3005 3133 accidentalia.

258 3189 320 3243 θ’.
361 3184 506 3259 (Καὶ)
548 3180 785 3253 οὐσιώδη
834 3182 953 3255 μὲν,
997 3181 1075 3243 ὡς
1119 3180 1200 3236 ἐπ’
1251 3181 1505 3257 ἀριθμοῦ,
1538 3180 1599 3234 τὸ
1647 3176 1827 3255 ἄρτιόν

2012 3184 2067 3238 9.
2101 3184 2171 3238 Et
2200 3182 2614 3239 substantialis.
2644 3183 2880 3255 quidem
2915 3189 2981 3239 ut
3028 3184 3090 3240 in
3120 3201 3363 3242 numero
3394 3203 3500 3258 par
3528 3191 3588 3243 et

190 3295 245 3330 τε
273 3275 364 3331 καὶ
393 3272 665 3349 περιττόν,
698 3268 834 3326 Οὐδέ
861 3270 962 3347 γάρ
995 3267 1216 3325 δυνατὸν
1263 3269 1543 3338 ἐπινοῆσαι
1591 3287 1830 3343 κεχωρι-

190 3363 383 3438 σμένον
424 3365 521 3418 λοῦ
569 3359 755 3437 ἀρτίου
801 3360 895 3415 τὸν
942 3359 1190 3435 ἀριθμὸν,
1222 3360 1257 3429 ἢ
1287 3363 1385 3414 τοῦ
1441 3361 1696 3433 περιττοῦ
1745 3356 1836 3411 τὸν

189 3454 342 3509 ἑπτά.
396 3452 495 3507 Διά
554 3454 717 3506 τοῦτο
790 3449 880 3503 καὶ
932 3445 1169 3518 οὑσιώδη
1222 3445 1453 3523 λέγεται.
1500 3447 1722 3522 Ἀρτιος
1780 3443 1837 3500 δέ

188 3542 330 3598 ἐστιν
380 3542 408 3596 ὁ
456 3537 586 3615 δίχα
634 3535 1012 3615 διαιρούμενος
1052 3536 1302 3612 ἀριθμός.
1345 3538 1403 3592 Ὁ
1452 3534 1510 3590 δὲ
1560 3537 1635 3609 μή
1695 3532 1834 3590 διαι-

190 3631 457 3708 ρούμενος
490 3626 641 3704 δίχα,
676 3626 887 3702 λέγεται
920 3624 1190 3702 περιττός.
1223 3626 1298 3680 Τὰ
1333 3625 1426 3699 μὲν
1459 3622 1549 3680 οὗν
1595 3621 1835 3693 οὐσιώδη

188 3726 299 3777 τῶν
333 3718 549 3793 ἀμέσων
582 3714 832 3772 ἐναντίων
860 3720 1102 3772 τοιαῦτα.

270 3916 318 3972 ι’.
352 3914 427 3968 Τά
466 3910 511 3967 δ’
552 3908 861 3980 ἐπουσιώδη
914 3906 1065 3983 εῗσὶν,
1098 3907 1197 3964 ὅσα
1240 3906 1460 3964 δύναται
1506 3908 1684 3985 χωρὶς
1739 3915 1840 3978 τῆς

195 4006 399 4082 φθορᾶς
462 4004 559 4057 τοῦ
615 3998 859 4056 δεκτικοῦ
915 3998 1155 4074 γίνεσθαί
1207 4018 1268 4052 τε
1330 3997 1420 4054 καὶ
1477 3997 1841 4073 ἆπογίνεσθαιο

197 4095 311 4150 οἷον
360 4091 532 4168 ὑγίεια
577 4089 667 4145 καὶ
698 4089 878 4151 νόσος.
932 4089 1187 4151 Ἐνταῦθα
1236 4084 1294 4142 δὲ
1335 4086 1491 4141 νόσον
1544 4085 1841 4158 ἐκληπτέον

194 4184 296 4252 τὴν
368 4176 753 4249 ὁποιανδήτινα
833 4184 933 4247 τῆς
1019 4176 1228 4254 φύσεως
1307 4175 1712 4232 ὑποπίπτουσαν
1759 4176 1843 4231 αἰ-

201 4273 387 4342 σθήσει
415 4268 791 4344 παρατροπήν.
835 4265 989 4320 Οὕτω
1032 4265 1125 4340 μὲν
1159 4262 1251 4319 οὖν
1306 4268 1416 4320 τῶν
1474 4264 1725 4321 ἐναντίων
1781 4265 1851 4320 τὰ

199 4362 397 4435 ἆμεσα.

275 4484 363 4540 ια’.
402 4485 519 4536 Τῶν
574 4478 622 4536 δ’
676 4480 928 4554 ἐμμέσων
985 4476 1299 4553 λεγομένων
1357 4478 1447 4533 καὶ
1498 4483 1777 4553 μεσωτῶν,
1808 4480 1845 4549 ἢ

1942 3273 2155 3345 impar,
2186 3273 2384 3344 Neque
2413 3272 2569 3327 enim
2605 3272 2728 3328 fieri
2759 3278 2951 3344 potest
2982 3277 3045 3329 ut
3077 3290 3387 3335 numerum
3419 3292 3592 3332 sena-

1943 3363 2099 3417 rium
2130 3366 2466 3433 separatum
2509 3379 2543 3416 a
2575 3361 2700 3433 pari
2740 3366 2799 3416 et
2833 3362 3232 3432 septenarium
3271 3364 3344 3419 ab
3374 3364 3593 3436 impari

1945 3448 2290 3523 cogitemus.
2323 3453 2636 3521 Propterea
2663 3449 2838 3505 etiam
2859 3450 3273 3508 substantialia
3292 3451 3589 3510 dicuntur.

1947 3539 2056 3594 Par
2085 3545 2283 3594 autem
2342 3555 2623 3594 numerus
2667 3544 2757 3595 est
2813 3539 2912 3611 qui
2942 3539 3213 3596 bifariam
3265 3541 3591 3599 dividitur:

1948 3627 2051 3699 qui
2079 3633 2275 3684 autem
2304 3627 2578 3683 bifariam
2609 3644 2726 3683 non
2774 3628 3076 3695 dividitur,
3123 3629 3316 3703 impar
3357 3630 3594 3687 dicitur.

1948 3718 2150 3789 Itaque
2171 3716 2461 3773 contraria
2482 3716 2822 3773 immediata
2842 3717 3254 3774 substantialis
3269 3722 3411 3776 sunt
3439 3721 3595 3792 ejus-

1949 3806 2129 3862 modi.

2026 3913 2110 3966 10.
2138 3914 2210 3967 At
2239 3911 2624 3968 accidentalia
2653 3915 2961 3984 sunt,quae
2990 3913 3135 3971 citra
3163 3915 3599 3987 corruptionem

1951 4001 2196 4072 subjecti
2229 4001 2435 4056 adesse
2472 4004 2529 4055 et
2585 4000 2790 4056 abesse
2837 4006 3086 4073 possunt
3118 4020 3132 4059 :
3165 4003 3345 4060 veluti
3376 4004 3601 4061 sanitas

1954 4094 2012 4146 et
2066 4090 2328 4145 morbus.
2379 4089 2770 4161 Accipiendus
2816 4095 3010 4147 autem
3069 4090 3164 4149 hic
3212 4096 3303 4149 est
3359 4095 3603 4151 morbus

1954 4194 2058 4251 pro
2115 4194 2472 4250 quacunque
2532 4182 2752 4234 natura:
2848 4181 3223 4250 perversione
3302 4198 3429 4253 quae
3490 4182 3603 4238 sub

1958 4283 2198 4323 sensum
2246 4267 2418 4322 cadit.
2465 4266 2557 4321 Sic
2609 4266 2790 4340 igitur
2831 4268 3122 4325 contraria
3147 4268 3490 4328 immediata
3543 4286 3606 4328 se

1958 4356 2197 4412 habent.

2029 4481 2115 4535 11.
2140 4479 2274 4543 Qum
2301 4484 2496 4535 autem
2528 4479 2782 4535 mediata
2803 4480 3162 4553 dicuntur,et
3190 4482 3604 4539 intermedium

200 4570 483 4651 ἀμφότερα
537 4567 753 4625 δύναται
817 4568 1029 4623 ἀπεῖναι
1083 4571 1181 4622 τοῦ
1230 4566 1609 4641 ὑποκειμένοψ
1660 4569 1735 4631 ὡς
1790 4570 1842 4624 τὲ

1969 4570 2197 4637 habent,
2230 4573 2332 4624 aut
2363 4568 2533 4624 ambo
2587 4573 2839 4640 possunt
2886 4587 2920 4625 a
2967 4570 3227 4642 subjecto
3270 4570 3510 4639 abesse;
3543 4575 3610 4628 ut

202 4661 397 4718 λευκὸν
437 4660 526 4714 καὶ
570 4659 634 4713 τὸ
690 4656 858 4732 μέλαν
911 4661 1011 4712 τοῦ
1075 4657 1417 4730 Σωκράτους⁸
1478 4654 1701 4712 δυνατὸν
1752 4659 1854 4735 γὰρ

204 4750 338 4806 εἶναι
397 4749 488 4804 τὸν
557 4745 854 4823 Σωκράτην
926 4747 1065 4819 μήτε
1148 4744 1369 4819 μέλανα,
1441 4747 1581 4818 μήτε
1640 4747 1848 4819 λευκὸν,

205 4837 334 4894 ἀλλ’
381 4836 566 4913 ὠχρὸν
615 4836 651 4905 ἢ
703 4834 878 4914 φαιόψ
929 4835 964 4904 ἢ
1027 4833 1246 4910 θάτερον
1300 4834 1393 4907 μὲν
1442 4839 1550 4889 τῶν
1605 4834 1852 4891 ἐναντίων

206 4928 418 4993 ἄπεστι,
457 4925 521 4979 τὸ
569 4921 627 4979 δὲ
670 4920 865 4978 λοιπὸν
915 4923 1130 4984 πάντως
1185 4922 1439 4999 ὑπάρχει,
1473 4919 1563 4977 διά
1605 4924 1668 4978 τὸ
1717 4944 1855 4998 προ-

204 5012 566 5092 κατειλῆφθαι
597 5013 659 5068 τὸ
700 5009 844 5074 εἶδος
876 5012 963 5082 ὑη’
1014 5010 1235 5069 ἐκείνου.
1285 5013 1414 5069 Οἴον
1466 5011 1526 5067 τὸ
1578 5013 1671 5086 μὲν
1732 5011 1856 5068 λευ-

207 5103 303 5160 κὸν
338 5102 573 5177 ὑπάρχει
613 5098 795 5172 κύκνῳ
840 5098 931 5153 καὶ
976 5098 1126 5174 χιόνι
1176 5098 1265 5153 καὶ
1312 5096 1531 5172 τιτάνῳ,
1564 5096 1750 5153 ἄπεστι
1802 5096 1860 5153 δὲ

206 5194 272 5248 τὸ
323 5189 516 5265 μέλαν’
558 5188 749 5264 κόρακι
800 5185 859 5243 δὲ
899 5186 989 5243 καὶ
1041 5182 1210 5261 ἐϐένῳ
1252 5185 1343 5242 καί
1383 5186 1548 5263 πίσσῃ
1584 5188 1647 5242 τὸ
1690 5186 1858 5262 μέλαν

209 5281 470 5359 ὑπάρχει,
493 5280 681 5335 ἄπεστι
714 5275 772 5333 δὲ
796 5278 861 5332 τὸ
893 5276 1105 5333 λευκόν.

285 5406 376 5482 ιβ.
424 5403 496 5458 Τὸ
562 5401 722 5477 μέσον
793 5399 852 5456 δὲ
896 5405 1003 5455 τῶν
1064 5399 1316 5473 ἐμμὲσων
1376 5399 1625 5457 ἐναντίων
1683 5402 1718 5471 ἢ
1773 5403 1863 5457 καὶ

212 5493 540 5573 ἀμφοτέρων
611 5492 827 5566 μετέχει
882 5495 991 5545 τῶν
1041 5487 1237 5564 ἄκρων,
1272 5487 1362 5544 ὅτε
1404 5490 1494 5545 καὶ
1544 5490 1863 5564 κατωνόμα-

210 5604 358 5652 σται,
390 5582 468 5644 ὡς
523 5580 586 5636 τὸ
638 5578 960 5655 χλιαρόνοῆ
1019 5575 1304 5655 οὐδετέρου
1360 5584 1467 5633 τῶν
1524 5580 1724 5655 ἄκρων,
1779 5579 1868 5636 ὅτε

210 5673 304 5729 καὶ
361 5668 804 5742 ἀκατονόμαστόν
855 5667 987 5741 ἐστι,
1041 5667 1178 5742 μόνῃ
1223 5671 1292 5742 τῇ
1340 5671 1448 5722 τῶν
1517 5668 1693 5745 ἄκρων
1738 5669 1870 5724 ἀπο-

213 5766 371 5849 φάσει
405 5756 771 5833 δηλούμενον·
821 5757 897 5821 ὡς
948 5757 1011 5811 τὸ
1043 5755 1203 5832 μέσον
1232 5760 1329 5813 τοῦ
1360 5754 1571 5813 δικαίου
1613 5758 1704 5814 καὶ
1756 5755 1870 5816 ἀδί-

502 5888 771 5955 ΡΑτιιοι.
817 5885 929 5950 Ga.
977 5885 1210 5949 CXLII.

1964 4658 2164 4713 album
2224 4656 2458 4729 nigrum
2516 4675 2549 4712 a
2601 4660 2833 4713 Socrate
2885 4658 3033 4730 (fieri
3090 4659 3244 4714 enim
3309 4664 3502 4730 potest
3545 4664 3611 4716 ut

1966 4762 2155 4818 neque
2185 4745 2352 4817 niger
2381 4761 2570 4816 neque
2599 4743 2787 4815 albus,
2831 4762 2934 4801 seu
2979 4745 3232 4817 pallidus
3262 4752 3364 4802 aut
3409 4748 3611 4805 fuscus

1963 4839 2228 4890 Socrates
2259 4834 2378 4905 sit),
2407 4839 2509 4889 aut
2539 4832 2786 4888 alterum
2831 4832 3067 4905 quidem
3100 4836 3265 4891 abest
3293 4838 3613 4893 contrario-

1966 4940 2121 4992 rum,
2143 4921 2433 4994 reliquum
2466 4923 2613 4978 241
2650 4926 2845 4977 autem
2876 4923 3029 4978 inest
3058 4923 3444 4998 utique,quod
3476 4942 3615 4999 spe—

1967 5012 2083 5068 cies
2118 5012 2188 5066 ab
2220 5027 2285 5066 eo
2328 5012 2454 5081 jam
2504 5014 2638 5065 ante
2695 5015 2976 5082 occupata
3024 5012 3101 5067 sit
3141 5029 3154 5081 ;
3206 5012 3366 5069 velut
3413 5014 3615 5071 album

1966 5100 2121 5157 inest
2177 5116 2360 5172 cygno
2417 5103 2473 5155 et
2527 5098 2645 5154 nivi
2703 5103 2763 5154 et
2790 5114 3064 5167 cerussae,
3115 5100 3351 5173 nigrum
3408 5104 3616 5173 abest;

1971 5194 2030 5247 at
2066 5205 2234 5245 corvo
2274 5193 2331 5244 et
2368 5189 2550 5244 ebeno
2589 5192 2647 5243 et
2683 5187 2796 5260 pici
2855 5187 3090 5262 nigrum
3147 5191 3343 5262 inest,
3415 5192 3617 5251 album

1972 5280 2156 5335 abest.

2046 5404 2131 5458 12.
2159 5402 2290 5459 Jam
2319 5418 2452 5458 vero
2478 5401 2738 5458 medium
2770 5405 3196 5463 contrariorum
3228 5406 3618 5463 mediatorum

1974 5497 2077 5548 aut
2122 5495 2440 5562 utrumque
2488 5490 2801 5564 participat
2848 5498 3240 5551 extremorum
3289 5495 3525 5568 quando
3563 5497 3624 5552 et

1976 5596 2188 5637 nomen
2220 5580 2416 5650 habet,
2454 5585 2517 5634 ut
2545 5581 2807 5653 tepidum
2834 5600 2848 5651 ;
2882 5587 2984 5639 aut
3013 5588 3284 5640 neutrum
3317 5583 3626 5656 participat

1977 5675 2390 5732 extremorum,
2424 5685 2560 5724 cum
2591 5669 2768 5726 etiam
2800 5671 3234 5729 innominatum
3268 5672 3626 5743 est,solaque

1978 5764 2369 5820 extremorum
2401 5758 2708 5832 negatione
2727 5759 3091 5833 declaratur;
3117 5767 3181 5818 ut
3203 5762 3462 5818 medium
3476 5757 3627 5834 justi

3268 5890 3346 5947 28
