4108 6470
584 454 702 513 875
1834 450 2206 511 NIGEPHOI‘

2307 447 2742 511 BLEMMlDzE
3440 526 3445 531 ι
3840 468 3926 526 8'16

581 591 642 643 et
666 586 893 657 injusti.
926 586 1152 642 Dicitur
1180 586 1338 641 enim
1372 586 1476 640 hoc
1533 601 1720 657 neque
1758 585 1992 655 justum
2034 595 2203 652 neque

2304 599 2452 647 ,κοιλ
2487 580 2707 656 Λέγεται
2748 583 2848 659 γὰρ
2903 590 3065 640 τοῦτο
3122 584 3247 642 οὐδὲ
3302 585 3527 647 δίκαιον.
3590 588 3711 646 οὔδε
3762 584 3926 651 ἄδικον·

583 676 893 746 injustum.
924 674 1103 738 Quale
1132 691 1274 731 sane
1325 676 1488 731 nefas
1531 674 1725 730 infans
1773 679 1863 729 est
1912 671 2014 743 qui
2043 687 2205 742 nequ<

2088 687 2231 742 eque
2335 674 2581 724 τοιοῦτον
2608 673 2670 726 τὸ
2705 673 2924 751 βρέφος,
2958 672 3085 730 οὕτε
3116 673 3325 733 δίκαιον
3356 675 3479 733 οὔτε
3507 677 3710 739 ἄδικον.

576 766 781 837 justus
810 781 1000 837 neque
1027 764 1305 835 injustas.

657 855 744 910 13.
778 853 973 926 Aliqui
1003 860 1197 910 autem
1230 870 1299 909 ex
1329 853 1749 910 recentioribus
1781 853 2041 908 medium
2071 850 2227 923 quod

2413 855 2494 923 ιγ’.
2525 851 2673 912 Τινὲς
2703 848 2761 906 δὲ
2787 856 2896 907 τῶν
2946 854 3220 931 νεωτέρων
3274 854 3435 930 μέσον
3482 857 3683 932 ἀγαθοῦ
3731 860 3810 915 καὶ
3856 884 3925 918 κα-

581 943 737 999 inter
767 942 991 1000 malum
1021 950 1081 1000 et
1108 945 1329 1000 bonum
1360 944 1762 1000 consideratur
1791 941 2104 1014 quomodo,
2137 941 2196 995 in

2336 941 2434 991 κοῦ
2465 938 2837 1015 θεωρούμενον
2865 943 3112 999 ὁπωσοῦν
3145 942 3401 1000 ἐκάλεσαν
3436 943 3744 1026 ἀδιάφορον.
3896 960 3910 994 1

582 1032 857 1089 diﬂ'erens
887 1039 1257 1089 vocaverunt.

659 1125 740 1178 14.
772 1124 883 1179 Sed
912 1129 971 1179 et
998 1124 1280 1195 Archytas
1308 1125 1368 1178 in
1400 1124 1472 1177 iis
1504 1140 1629 1194 qua:
1677 1126 1817 1178 sunt
1871 1122 1943 1175 ad
2003 1119 2225 1191 aliquid

2408 1113 2493 1171 ιδ’.
2528 1118 2797 1193 Ἀρχύτας
2839 1117 2894 1174 δὲ
2939 1122 3036 1176 κάν
3075 1129 3191 1184 τοῖς
3237 1122 3374 1197 πρός
3419 1145 3473 1178 τι
3520 1126 3807 1198 μεσότητος
3848 1126 3929 1183 δεί-

580 1212 923 1269 medietates
977 1213 1247 1269 ostendit.
1300 1213 1525 1267 Etenim
1596 1212 1747 1265 inter
1807 1209 2112 1264 dominum
2169 1226 2200 1263 e

2335 1225 2504 1258 κνυσι.
2563 1208 2768 1277 Μεταξὺ
2815 1211 2920 1285 γὰρ
2969 1207 3231 1265 δεσπότου
3276 1212 3367 1266 καὶ
3433 1210 3635 1269 δούλου
3692 1215 3851 1286 τίθησι
3886 1219 3929 1271 τὸ

577 1318 810 1359 servum
840 1303 1006 1374 ponit
1040 1303 1098 1357 id
1130 1303 1286 1374 quod
1315 1306 1405 1357 est
1432 1300 1685 1356 liberum
1713 1326 1728 1367 ;
1759 1304 1819 1354 et
1850 1299 2004 1354 inter
2032 1299 2199 1367 maju:

2336 1292 2634 1370 ἐλεύθερον·
2685 1296 2775 1351 καί
2828 1298 3077 1370 μείζονος
3126 1302 3216 1355 καὶ
3264 1299 3553 1365 ἐλάττονος
3600 1304 3663 1359 τὸ
3709 1302 3830 1360 ἴσον·
3866 1306 3931 1360 καὶ

579 1396 639 1447 et
670 1392 868 1447 minus
898 1391 1302 1463 aequale,inter
1330 1391 1519 1446 latum
1544 1395 1603 1446 et
1633 1393 1951 1461 augustum
1983 1388 2039 1442 id
2068 1403 2201 1459 quo:

1726 1393 1951 1461 gustum
1983 1388 2039 1442 id
2068 1388 2223 1459 quod
2334 1382 2566 1446 πλατέος
2594 1386 2683 1440 καὶ
2714 1392 2900 1442 στενοῦ
2929 1389 2991 1442 τὸ
3023 1386 3348 1467 ἐφαρμόζον.

581 1498 910 1554 congruens
939 1497 1043 1538 seu
1076 1481 1584 1538 accommodatum
1614 1484 1724 1535 est.

649 1571 739 1626 15.
772 1571 1089 1627 Sciendum
1118 1587 1292 1643 porra
1320 1587 1389 1626 ea
1426 1586 1555 1640 qua:
1588 1567 1890 1624 continent
1931 1566 2224 1623 contraria

2407 1563 2485 1618 ιε’,
2518 1564 2865 1635 Ἐπιστητὲον
2907 1564 2956 1620 δ’
2997 1566 3082 1622 δτι
3136 1572 3244 1622 τῶν
3302 1565 3556 1625 ἐναντίων
3609 1572 3665 1627 αἱ
3719 1573 3929 1647 περιοχαῖ

579 1676 709 1717 esse
740 1661 811 1716 ad
857 1659 1080 1732 aliquid
1137 1659 1518 1731 (contrarium
1574 1658 1732 1713 enim
1788 1656 2079 1712 contrario
2135 1673 2198 1712 es

2332 1651 2469 1726 πρός
2514 1653 2566 1706 τί
2614 1654 2735 1708 εἶσι.
2767 1657 2837 1710 Τὸ
2885 1656 2989 1733 γὰρ
3032 1656 3267 1713 ἐναντίον
3318 1657 3546 1732 ἐναντίῳ
3603 1659 3837 1715 ἐναντίον·
3879 1661 3928 1714 τὰ

573 1748 956 1820 contrarium)
984 1774 999 1818 ;
1027 1753 1087 1803 at
1130 1765 1258 1820 quae
1302 1746 1879 1820 comprehenduntur
1934 1745 2073 1812 illis,
2106 1762 2195 1801 n01

2017 1762 2073 1812 δ,
2106 1762 2223 1801 non
2333 1737 2390 1795 δὲ
2418 1742 2782 1817 περιεχόμενα
2810 1744 2872 1799 οὐ
2901 1750 3223 1801 κοινωνοῦσι
3250 1753 3365 1810 τοῖς
3395 1748 3533 1825 πρός
3564 1770 3639 1806 τι.

572 1839 1009 1894 communicare
1035 1853 1172 1894 cum
1202 1838 1276 1893 iis
1305 1854 1428 1907 qum
1454 1841 1595 1892 sunt
1623 1836 1691 1890 ad
1726 1834 1971 1907 aliquid.

650 1946 806 2003 ἈΞ
859 1946 950 2001 16.
1007 1949 1294 2001 Praeterea
1353 1943 1742 2000 mediatorum
1791 1942 2272 2017 contrariorum]

2403 1939 2487 2001 ις’.
2520 1939 2636 1993 Ἐτι
2687 1943 2796 1995 τῶν
2855 1940 3107 2014 έμμέσων
3167 1941 3421 1999 ἐναντίων
3476 1946 3546 2000 τὰ
3595 1945 3687 2018 μὲν
3740 1944 3792 2000 ἓν
3838 1942 3929 2019 ἔχει

575 2031 691 2089 alia
708 2033 945 2104 quidem
965 2032 1183 2089 habent
1206 2048 1392 2087 unum
1414 2031 1696 2098 medium;
1722 2029 1836 2085 alia
1856 2047 1990 2085 vero
2013 2029 2197 2086 multa

2334 2025 2513 2097 μέσον,
2544 2028 2612 2082 τὰ
2670 2025 2727 2083 δὲ
2780 2027 2985 2084 πολλὰ.
3037 2032 3246 2106 Θερμὸν
3306 2035 3412 2110 γὰρ
3467 2034 3558 2089 καὶ
3615 2035 3813 2109 ψυχρὸν
3855 2034 3932 2106 (ἐν)

577 2122 727 2179 Nam
756 2122 1014 2180 calidum
1034 2126 1094 2177 et
1123 2121 1402 2194 frigidum
1424 2120 1644 2175 habent
1665 2136 1851 2174 unum
1882 2119 2074 2176 solum
2108 2136 2199 2175 me

2330 2112 2447 2191 ἔχει
2480 2118 2641 2189 μέσον
2677 2120 2840 2191 μόνον
2876 2121 2939 2174 τὸ
2981 2120 3236 2197 χλιαρόν·
3298 2121 3489 2179 λευκὸν
3547 2121 3605 2179 δὲ
3658 2125 3741 2179 καὶ
3798 2123 3929 2197 μέλαν

575 2212 761 2281 dium,
794 2212 949 2285 quod
979 2215 1070 2268 est
1094 2211 1355 2283 tepidum
1390 2228 1403 2265 :
1437 2208 1636 2265 album
1667 2213 1863 2265 autem
1896 2214 1953 2264 et
1984 2209 2197 2282 nigrun

2326 2201 2445 2279 ἕχει
2499 2206 2562 2260 τὸ
2612 2208 2788 2284 φαιὸν,
2818 2209 2880 2263 τὸ
2930 2210 3135 2285 ὠχρὸν,
3169 2210 3230 2265 τὸ
3284 2210 3492 2284 ξανθὸν,
3523 2213 3589 2269 τὸ
3645 2212 3863 2291 ἐρυθρὸν,
3886 2212 3932 2267 τὸ

575 2301 799 2358 habent
839 2302 1093 2368 fuscum,
1150 2299 1456 2373 pallidum,
1503 2299 1741 2367 ﬂavum,
1788 2298 2055 2367 rubrum,
2107 2298 2189 2353 ful

1255 2299 1456 2370 lidum,
1503 2299 1741 2367 ﬂavum,
1788 2298 2055 2367 rubrum,
2107 2298 2218 2353 ful-
2327 2294 2553 2370 πυρῥὸν,
2585 2297 2675 2351 καὶ
2703 2293 2877 2371 ἕτερα.

572 2407 708 2447 cum
738 2395 797 2447 et
837 2391 972 2447 alia.

641 2480 728 2536 17.
761 2479 900 2536 Tria
928 2483 1069 2537 sunt
1112 2483 1310 2536 autem
1359 2479 1785 2535 contrariorum
1835 2478 2213 2534 consectaria.

2023 2478 2213 2533 ctaria.
2399 2475 2480 2543 ιζ’.
2512 2474 2643 2549 Τρία
2673 2472 2731 2530 δέ
2759 2497 2879 2530 τινα
2906 2483 3024 2540 τοῖς
3046 2475 3302 2541 ἐναντίοις
3332 2478 3645 2554 παρέπεται.

641 2570 729 2625 18.
757 2569 1022 2624 Primum
1040 2569 1195 2642 quod
1224 2568 1445 2624 bonum
1474 2567 1711 2640 quidem
1735 2566 1888 2623 malo
1910 2567 2213 2634 duntaxat,

2400 2565 2487 2634 ιη’.
2522 2569 2771 2640 Πρῶτον,
2802 2564 2971 2621 ὅτιτὸ
3005 2567 3099 2639 μὲν
3133 2569 3328 2643 ἀγαθὸν
3378 2570 3613 2625 ἐναντίον
3668 2574 3745 2643 τῷ

566 2657 790 2715 malum
819 2662 1017 2714 autem
1048 2663 1108 2714 et
1135 2658 1288 2714 bono
1318 2662 1376 2713 et
1403 2657 1503 2712 alii
1545 2656 1699 2712 malo
1732 2656 1803 2712 sit
1834 2655 2188 2712 contrarium

2321 2653 2385 2706 τὸ
2443 2650 2501 2706 δὲ
2545 2655 2706 2707 κακὸν
2769 2659 2849 2726 τῷ
2902 2676 2961 2709 τε
3016 2655 3204 2731 ἀγαθῷ
3269 2658 3360 2712 καὶ
3421 2657 3583 2732 ἄλλῳ
3632 2663 3792 2731 κακῷ.
3838 2658 3935 2711 Οίον

560 2746 755 2803 Veluti
787 2747 1079 2804 contraria
1105 2752 1195 2803 est
1222 2745 1612 2819 temperantia
1634 2750 1762 2800 tum
1793 2745 2182 2817 imtemperan

2325 2741 2534 2796 ἐναντία
2576 2743 2669 2815 μὲν
2719 2745 2754 2811 ἠ
2808 2744 3128 2823 σωφροσύνη
3177 2750 3246 2819 τῇ
3293 2768 3355 2802 τε
3396 2746 3665 2820 ἀκολασίᾳ
3710 2747 3793 2803 καὶ
3831 2744 3935 2817 ἠλι-

564 2836 679 2904 ῐὶεθ,
712 2840 839 2892 tum
870 2852 1151 2893 sensuum
1209 2836 1433 2909 stupori
1460 2853 1474 2903 ;
1506 2852 1644 2890 nam
1702 2840 1760 2889 et
1792 2839 2039 2906 utraque
2079 2850 2186 2889 sun

2324 2830 2535 2900 θιότητι
2591 2831 2796 2905 (κακίαι
2872 2834 2974 2910 γὰρ
3048 2834 3140 2889 καὶ
3218 2835 3428 2914 ἄμφω)“
3489 2840 3525 2907 ἡ
3598 2834 3643 2892 δ’
3712 2832 3933 2891 ἀκολασία

564 2926 756 2995 vitia;
809 2931 867 2981 at
911 2924 1362 2998 intemperantia
1408 2929 1466 2980 et
1518 2924 1916 2997 temperantiae
1977 2923 2186 2994 quidem

2326 2918 2655 2975 ἐναντιοῦται
2709 2924 2803 2995 μὲν
2861 2923 2951 2977 καὶ
3001 2927 3071 2998 τῇ
3129 2924 3472 3003 σωφροσύνῃ,
3532 2925 3846 2982 ἐναντιοῦται
3890 2921 3933 2977 δὲ

568 3014 979 3083 contrariatur,
1010 3019 1068 3071 et
1094 3030 1227 3070 vero
1255 3014 1432 3070 etiam
1482 3029 1767 3069 sensuum
1799 3012 2025 3085 stupori
2074 3028 2190 3069 coni

1263 3014 1432 3070 etiam
1482 3029 1767 3069 sensuum
1799 3012 2025 3085 stupori
2074 3028 2216 3069 con-
2324 3008 2414 3063 καὶ
2443 3012 2512 3083 τῇ
2542 3008 2885 3081 ἠλιθιότητι.

567 3103 864 3161 trariatur.

639 3194 727 3250 19.
750 3194 866 3250 Nec
897 3198 987 3250 est
1015 3193 1238 3266 injuste
1258 3196 1470 3249 natura
1507 3207 1635 3263 quae
1668 3190 1769 3247 uni
1788 3192 1904 3248 duo
1925 3191 2219 3248 contraria

2402 3188 2481 3242 ιθ’.
2530 3188 2629 3243 Καὶ
2686 3189 2786 3245 οὐκ
2841 3185 2982 3245 ἔστιν
3043 3187 3227 3254 ἄδικος
3278 3194 3314 3262 ἡ
3374 3193 3559 3271 φύσις,
3616 3192 3709 3249 δύο
3764 3189 3938 3247 ἐναντία

563 3282 1060 3356 objecerit.Unum
1091 3282 1248 3338 enim
1280 3282 1382 3338 uni
1408 3285 1498 3337 est
1527 3282 1819 3351 objectum
1845 3299 1857 3349 ;
1893 3280 2185 3336 moderati

2332 3277 2409 3333 ἑνὶ
2469 3277 2802 3349 ἆντινάξασα.
2861 3281 2953 3335 Ἓν
3012 3280 3117 3356 γὰρ
3186 3280 3559 3339 ἀντιτέτακται
3632 3287 3710 3354 τῷ
3781 3281 3866 3352 ἑνί,
3912 3279 3937 3345 ἦ

564 3373 1064 3429 immoderationi.
1085 3371 1498 3444 Temperantia
1524 3370 1680 3425 enim
1713 3370 1955 3443 quidem
1986 3386 2121 3426 cum
2145 3369 2186 3425 si

2338 3368 2645 3444 συμμετρία
2693 3372 2760 3442 τῇ
2807 3368 3169 3446 ἀσυμμετρία.
3216 3372 3279 3426 Ἣ
3338 3372 3430 3445 μὲν
3500 3371 3603 3450 γὰρ
3664 3368 3936 3448 σωφροσύνη

562 3462 965 3533 mediocritas,
998 3461 1319 3517 moderatio
1349 3466 1441 3517 est
1473 3477 1487 3515 :
1514 3464 1575 3515 at
1606 3465 1818 3532 stupor
1845 3464 1903 3515 et
1933 3459 2184 3532 intempe

2340 3456 2571 3530 μεσότης
2621 3455 2771 3528 οὖσα,
2823 3458 3127 3535 συμμετρία
3172 3458 3333 3515 ἐστίν’
3383 3464 3419 3531 ἡ
3471 3459 3521 3516 δ’
3564 3460 3831 3533 ἧλιθιότης
3867 3454 3936 3511 καὶ

564 3552 759 3608 rantia
788 3568 922 3607 cum
974 3555 1232 3607 extrema.
1286 3549 1427 3615 sint,
1487 3549 2005 3604 immoderationes
2061 3555 2186 3603 sum

2334 3548 2368 3615 ἡ
2418 3543 2681 3601 ἀκολασία
2731 3543 2868 3620 ἄκρα
2922 3545 3096 3619 οὖσαι,
3147 3548 3519 3625 ἀσυμμετρίαι
3578 3548 3725 3606 εἰσίν.
3770 3550 3825 3603 Ἡ
3861 3544 3935 3618 μὶν

569 3642 703 3697 Ηωο
735 3639 893 3696 enim
923 3638 1162 3711 quidem
1192 3654 1465 3695 excessus
1492 3655 1505 3693 :
1533 3636 1630 3694 ille
1652 3654 1789 3694 vero
1820 3638 2085 3693 defectus
2113 3641 2191 3693 est

2331 3636 2432 3711 γάρ
2507 3634 2644 3690 ἐστιν
2722 3630 3024 3712 ὑπερϐολὴ,
3082 3639 3118 3706 ἡ
3177 3634 3223 3692 δ’
3283 3634 3552 3712 ἔλλειψις.
3613 3638 3931 3695 Ἐναντιοῦται

572 3729 975 3785 Contrariatur
1002 3728 1186 3801 igitur
1227 3728 1544 3784 moderatio
1600 3726 2094 3795 immoderationi,
2156 3744 2194 3782 u

2331 3730 2460 3798 γοῦν
2492 3727 2527 3795 ἡ
2582 3727 2887 3801 συμμετρία
2925 3729 2994 3800 τῇ
3043 3726 3406 3802 ἀσυμμετρία,
3438 3727 3518 3790 ὡς
3565 3727 3750 3805 ἀγαθὸν
3794 3726 3931 3793 κακῷ’

571 3819 793 3875 bonum
821 3818 975 3874 malo
1010 3834 1024 3874 :
1058 3823 1327 3873 extremm
1373 3832 1509 3872 vero
1567 3816 1676 3872 sibi
1708 3815 1956 3872 invicem
1988 3820 2191 3873 contra

2327 3815 2395 3869 τὰ
2442 3811 2489 3868 δ’
2539 3812 2675 3888 ἄκρα
2721 3814 3049 3871 ἐναντιοῦται
3098 3812 3391 3888 ἀλλήλοις,
3431 3814 3517 3871 ὅτι
3574 3815 3812 3872 πλεῖστον
3861 3810 3932 3866 ἀπ’

573 3908 819 3978 riantur,
852 3908 1006 3979 quod
1037 3906 1358 3979 plurimum
1390 3922 1424 3961 a
1452 3922 1513 3961 se
1545 3905 1762 3961 distent
1790 3906 2059 3962 invicem.

1277 3922 1358 3961 1m
1390 3922 1424 3961 a
1452 3922 1513 3961 se
1545 3905 1762 3961 distent
1790 3906 2059 3962 invicem.
2330 3901 2596 3974 ἀλλήλων
2630 3900 2899 3975 διέστηκε.

647 4017 801 4073 248
831 4016 921 4070 20.
957 4016 1024 4069 Et
1053 4012 1205 4069 malo
1236 4013 1475 4084 quidem
1524 4012 1745 4067 malum
1777 4014 2167 4070 contrariatur
2201 4033 2215 4072 :

2397 4011 2463 4067 κ’.
2499 4010 2596 4064 Καὶ
2650 4014 2730 4082 τῷ
2789 4010 2882 4082 μὲν
2958 4014 3108 4082 κακῷ
3185 4010 3520 4066 ἐναντιοῦται
3578 4011 3757 4067 κακόν·
3816 4001 3931 4063 τὸδ

577 4111 636 4163 at
663 4107 887 4163 bonum
920 4103 1094 4159 alicui
1125 4104 1278 4158 bono
1309 4119 1423 4157 non
1456 4107 1545 4157 est
1574 4104 1975 4174 contrarium;
2029 4122 2199 4161 unum

2328 4099 2524 4174 ἀγαθὸν
2584 4098 2683 4153 οὐκ
2736 4095 2877 4153 ἔστιν
2933 4096 3167 4154 ἐναντίον
3197 4100 3305 4153 τινὶ
3334 4098 3541 4176 ἀγαθῷ·
3590 4100 3644 4155 ἓν
3699 4100 3793 4176 γάρ
3843 4095 3928 4149 ἐστι

572 4196 730 4253 enim
762 4194 1124 4266 simplexque
1148 4196 1237 4248 est
1263 4192 1484 4247 bonum
1518 4208 1531 4246 :
1565 4190 1787 4247 malum
1814 4197 2009 4248 autem
2036 4199 2094 4249 et
2123 4211 2194 4251 va

2324 4189 2386 4242 τὸ
2412 4188 2610 4264 ἀγαθὸν
2642 4189 2731 4244 καὶ
2760 4185 2989 4242 ἁπλοῦν·
3021 4186 3086 4243 τὸ
3125 4186 3183 4243 δὲ
3240 4187 3403 4243 κακὸν
3462 4188 3710 4245 ποικίλον
3764 4207 3816 4241 τε
3858 4179 3928 4239 καὶ

578 4285 734 4341 rium
762 4288 853 4339 est
878 4286 936 4337 et
964 4280 1347 4337 multiﬁdum.

1061 4280 1347 4337 .ltiﬁdum.
2324 4274 2683 4353 πολυσχιδές.

639 4375 730 4430 21.
761 4371 1098 4429 Secundum
1148 4368 1575 4425 contrariorum
1629 4370 2054 4426 consectarium
2101 4378 2211 4437 est,

2394 4373 2493 4423 κα’.
2556 4365 2811 4443 Δεύτερον
2870 4370 2978 4421 τῶν
3028 4366 3278 4422 ἐναντίων
3335 4367 3814 4443 παρακολούθημα,
3862 4358 3924 4415 δτι

571 4463 729 4537 quod
785 4460 1078 4518 contraria
1131 4458 1245 4515 sibi
1302 4457 1551 4513 invicem
1580 4457 1641 4512 in
1697 4474 1905 4530 genere
1936 4464 1994 4515 et
2023 4462 2193 4533 specie

2320 4454 2573 4510 τάναντία
2603 4452 2821 4510 δύναται
2853 4455 3215 4532 συνυπάρχειν
3264 4453 3545 4527 ἀλλήλοις
3592 4457 3642 4512 ἐν
3689 4456 3817 4532 γένει
3855 4448 3922 4504 καί

569 4553 920 4610 coexsistere
951 4553 1199 4623 possunt
1231 4564 1244 4601 :
1276 4563 1489 4619 genere
1532 4546 1791 4618 quidem,
1824 4553 1891 4603 ut
1922 4548 2161 4604 animali

2324 4541 2473 4598 εἷ’δει·
2524 4542 2663 4620 γένει
2709 4546 2828 4616 μὲν,
2876 4545 2952 4606 ὡς
2994 4549 3074 4617 τῷ
3122 4545 3265 4618 ζώῳ,
3319 4543 3450 4601 εἴδει
3510 4545 3588 4620 δὲ,
3621 4547 3697 4608 ὡς
3745 4546 3814 4615 τῷ
3851 4540 3919 4593 ἆν-

565 4643 778 4716 specie,
812 4646 878 4697 ut
907 4639 1162 4696 homine.
1195 4634 1558 4692 Animalium
1585 4636 1741 4690 enim
1773 4635 1887 4690 alia
1911 4636 2063 4706 alba,
2095 4638 2187 4694 alia

2322 4635 2544 4709 Θρώπῳ.
2576 4634 2816 4709 Λέγομεν
2845 4634 2949 4710 γὰρ
2977 4638 3086 4689 τῶν
3129 4636 3282 4704 ζώων
3326 4636 3394 4690 τὰ
3444 4636 3539 4709 μὲν
3591 4635 3718 4691 εἶναι
3768 4627 3915 4716 λευκᾷ,

565 4695 778 4716 -τη--ι
962 4695 970 4696 κ
2050 4695 2062 4706 ,

564 4733 734 4806 nigra
765 4748 779 4788 :
813 4736 871 4787 et
899 4729 1208 4786 hominum
1238 4726 1384 4782 alios
1415 4741 1611 4791 sanos,
1635 4724 1779 4780 alios
1809 4731 2053 4797 aegrotos
2082 4744 2186 4784 ess:

2317 4725 2385 4777 τὰ
2442 4720 2499 4777 δὲ
2559 4721 2784 4797 μὲλανα’
2816 4695 3067 4778 καὶ-τῶν
3122 4723 3420 4800 ἀνθρώπων
3444 4695 3583 4788 ,τοὺς
3639 4724 3728 4799 μὶν
3781 4714 3916 4794 ὑγιαί-

564 4822 838 4877 dicimus.
865 4822 928 4876 In
957 4818 1259 4874 individuo
1291 4820 1486 4871 autem
1518 4813 1806 4870 contraria
1835 4831 2035 4871 secum
2066 4817 2185 4875 invi

2318 4834 2444 4885 νειν,
2493 4811 2621 4875 τοὺς
2669 4809 2728 4867 δὲ
2773 4817 2964 4867 νοσεῖν.
3027 4815 3114 4868 Ἐν
3169 4812 3358 4886 ἀτόμῳ
3418 4810 3476 4869 δὲ
3540 4810 3777 4869 τάναντία
3825 4825 3915 4860 συν·

563 4927 687 4967 cem
709 4910 896 4982 quoad
929 4924 1113 4963 unum
1142 4906 1336 4962 locum
1368 4903 1748 4959 coexisterere
1795 4921 1908 4959 non
1937 4911 2185 4976 possunt

2318 4904 2579 4978 υπαρχειν
2633 4899 2906 4972 ἀλλήλοις
2945 4903 3063 4956 καθ’
3106 4898 3200 4957 ἕνα
3243 4901 3412 4958 τόπον
3460 4902 3523 4958 οὐ
3576 4900 3797 4958 δύναται.
3840 4889 3914 4948 Καὶ

562 4998 677 5054 Nec
706 4998 920 5054 etenim
949 5000 1246 5052 Socratem
1287 4992 1466 5049 simul
1497 5008 1710 5048 sanum
1744 5008 1873 5048 esse
1901 5000 2181 5066 aegrotare

2314 4991 2414 5067 γὰρ
2474 4989 2573 5044 οὐκ
2629 4987 2737 5044 ἔστι
2790 4989 2882 5044 τὸν
2944 4990 3239 5066 Σωκράτην
3294 4989 3552 5068 ὑγιαίνειν
3620 4989 3707 5046 καὶ
3774 4983 3912 5039 νοσεῖν

561 5088 665 5140 aut
693 5085 1018 5140 secundum
1048 5081 1314 5139 eamdem
1340 5083 1586 5167 ‘partem
1617 5079 1676 5134 in
1707 5081 1911 5136 eodem
1942 5086 2183 5155 tempore

2314 5081 2444 5152 ἅμα·
2488 5076 2525 5147 ἤ
2573 5079 2692 5143 καθ’
2737 5077 2793 5132 ἓν
2853 5077 3067 5155 μόριον,
3128 5078 3179 5134 ἐν
3238 5084 3422 5152 ταυτῷ
3473 5072 3829 5153 θερμαίνεσθαί
3873 5086 3916 5121 τε

558 5172 808 5229 caleﬁeri
847 5176 904 5228 et
932 5170 1259 5243 refrigerari
1290 5168 1595 5241 contingit.

1097 5170 1259 5241 gerari
1290 5168 1595 5241 contingit.
2310 5168 2401 5223 καὶ
2433 5167 2719 5243 ψύχεσθαι.

622 5262 713 5317 22.
768 5260 1029 5318 Tertium
1094 5258 1546 5332 (consectarium
1593 5257 2019 5313 contrariorum
2067 5260 2198 5332 est),

2380 5257 2485 5331 κβ’.
2516 5255 2726 5331 Τρίτον,
2787 5254 2871 5310 ὅτι
2923 5255 3176 5311 τάναντία
3230 5255 3266 5326 ἤ
3330 5256 3433 5312 ὑπὸ
3491 5258 3552 5313 τὸ
3610 5255 3730 5312 αὐτὸ
3789 5246 3914 5332 γένος

552 5352 706 5423 quod
729 5349 1023 5407 contraria
1042 5327 1131 5404 vel
1156 5352 1295 5404 sunt
1315 5348 1423 5403 sub
1447 5347 1650 5402 eodem
1671 5354 1975 5419 genere,ut
1999 5327 2174 5404 alhuu

2311 5327 2465 5413 εἰσὶν,
2494 5327 2569 5406 ὡς
2596 5345 2659 5398 τὸ
2689 5342 2880 5399 λευκὸν
2927 5344 3017 5399 καὶ
3067 5345 3129 5399 τὸ
3182 5344 3348 5418 μέλαν
3407 5345 3510 5401 ὑπὸ
3556 5344 3618 5401 τὸ
3664 5327 3913 5423 χρῶμωῆ

557 5445 617 5496 et
678 5440 916 5514 nigrum
947 5439 1056 5494 sub
1086 5436 1316 5504 colore;
1349 5436 1459 5491 sub
1508 5436 1816 5492 contrariis
1860 5437 2175 5509 generibus

2310 5433 2412 5487 ὑπὸ
2463 5432 2715 5489 τάναντία
2757 5433 2907 5509 γένη,
2958 5434 3034 5496 ὡς
3084 5430 3395 5505 δικαιοσύνη
3449 5434 3539 5490 καὶ
3591 5429 3776 5502 ἀδικία,
3830 5420 3912 5478 ὑπὸ

548 5535 615 5587 ut
636 5530 824 5603 justia
854 5532 912 5585 et
941 5526 1188 5598 injustia
1226 5524 1336 5580 sub
1383 5524 1597 5580 virtute
1628 5529 1684 5580 et
1729 5525 1895 5592 vitio,
1925 5531 2027 5582 aut
2070 5527 2170 5599 ipsa

2304 5522 2403 5590 τήν
2459 5522 2676 5598 ἀρετὴν,
2708 5521 2797 5576 καὶ
2859 5521 2962 5576 ὑπὸ
3008 5523 3107 5591 τὴν
3162 5521 3375 5577 κακίαν·
3406 5520 3443 5592 ἤ
3476 5520 3608 5577 αὐτὰ
3643 5515 3707 5587 δὴ
3758 5514 3912 5569 τάναν-

547 5637 691 5678 sane
738 5616 1031 5676 contraria
1060 5630 1274 5689 genera
1302 5616 1460 5681 sunt,
1494 5617 1558 5667 ut
1606 5613 1932 5671 universale
1971 5597 2169 5672 bonum

2301 5609 2392 5665 τία
2420 5611 2551 5686 γένη
2584 5609 2738 5671 εΐσὶν.
2771 5610 2847 5672 ὡς
2871 5611 2934 5665 τὸ
2972 5610 3210 5666 καθόλου
3268 5611 3460 5688 ἀγαθὸν
3518 5608 3604 5665 καὶ
3657 5608 3716 5661 τὸ
3767 5597 3905 5689 καθό-

547 5715 604 5768 et
633 5708 859 5767 malum
903 5687 1252 5763 universale.
1286 5703 1413 5758 Haec
1442 5700 1599 5758 enim
1631 5719 1758 5774 quae
1789 5708 1929 5760 sunt
1959 5710 2169 5764 contra-

2305 5699 2404 5759 λου
2458 5697 2644 5758 κακόν.
2691 5703 2865 5755 Ταῦτα
2947 5701 3049 5778 γὰρ
3121 5687 3330 5757 ἐναντία
3408 5696 3534 5757 ὄντα
3600 5696 3722 5777 γένη
3776 5687 3904 5747 εἷσίν·

547 5801 656 5876 ria,
686 5815 904 5879 genera
933 5799 1090 5857 sunt.
