4108 6480
241 491 359 549 877

1621 488 1966 547 EPlTOME
2015 490 2320 550 LOGlGA.

3531 496 3649 551 878

311 627 412 693 κγ’.
449 615 658 672 Εἷδέναι
691 614 748 671 δὲ
789 614 888 688 δεῖ,
921 615 1003 670 ὅτι
1047 622 1153 671 τῶν
1210 614 1482 686 ἀλλήλοις
1535 616 1785 671 ἐναντίων
1834 617 1882 672 ἓν

2072 622 2162 675 23.
2187 623 2367 678 Nosse
2398 627 2591 678 autem
2625 627 2852 694 oportet
2881 639 3083 679 eorum
3111 640 3235 695 quae
3258 623 3369 679 sibi
3402 624 3647 682 invicem

234 711 300 764 τὸ
359 709 618 762 ἀνωτάτω
675 708 828 780 γένος
891 705 1053 762 ἐστίν,
1088 705 1220 760 Οὕτε
1281 707 1380 781 γὰρ
1421 708 1454 774 ἡ
1488 706 1649 781 ἀρετή
1711 709 1799 760 καὶ
1855 710 1888 776 ἡ

238 799 406 855 κακία
459 802 650 874 πρῶτα
706 796 833 871 γένη
895 795 1047 867 εἰσὶν,
1109 793 1216 849 ἄνω
1270 796 1372 869 γὰρ
1440 796 1612 849 αὐτῶν
1669 792 1777 866 ἕξις
1833 818 1893 851 τε

234 889 330 945 καί
363 886 615 959 διάθεσις·
651 881 774 941 οὔτε
819 886 881 939 τὸ
928 883 1166 940 καθόλου
1217 884 1440 959 ἀγαθὸν,
1471 885 1560 938 καὶ
1611 885 1672 939 τὸ
1728 884 1888 948 καθό-

235 978 341 1036 λου
409 977 591 1032 κακόνο
643 973 789 1030 ἀλλὰ
865 974 954 1028 καὶ
1034 979 1202 1028 ταῦτα
1271 971 1714 1042 συνάπτονταιῆ
1771 994 1892 1028 συν-

239 1070 572 1145 άγονταιτῷ
603 1069 767 1136 ποιῷ.
801 1064 900 1118 Καὶ
952 1060 1061 1116 ἔστι
1119 1062 1182 1116 τὸ
1241 1082 1396 1116 ποιον
1459 1061 1615 1136 γένος
1674 1061 1886 1116 πάντων

233 1157 412 1212 αὐτῶν
443 1155 826 1230 γενικώτατον.
864 1156 1104 1206 Τοσαῦτα
1132 1149 1254 1224 περί
1287 1149 1563 1206 ἐναντίων.

308 1352 404 1411 κδ..
449 1352 600 1422 «Est:
659 1348 716 1405 δὲ
790 1349 878 1403 καὶ
949 1348 1198 1423 στέρησις
1274 1345 1489 1421 λέγεται
1557 1343 1883 1422 πολλαχῶς.

229 1445 362 1497 Καθ’
408 1438 502 1497 ἕνα
555 1441 646 1514 μὲν
694 1440 796 1515 γὰρ
845 1437 1044 1512 τρόπον
1093 1433 1200 1507 ἕξις
1262 1433 1542 1512 λέγεταιὴ
1573 1440 1669 1490 τοῦ
1728 1433 1882 1511 ἔχον-

227 1554 324 1595 τος
354 1532 444 1586 καὶ
483 1535 578 1585 τοῦ
610 1529 882 1604 ἐχομένου
913 1527 1172 1602 ἐνέργεια.

300 1641 394 1694 κε’.
433 1639 580 1708 ’Ἐξις
635 1637 738 1712 γὰρ
797 1633 1021 1706 ἱμιιιιτίου
1083 1633 1316 1708 λέγεταιν
1351 1653 1474 1688 οταν
1527 1633 1554 1687 δ
1609 1633 1701 1704 μὲν
1759 1630 1880 1707 ἔχω

225 1730 292 1785 τὸ
323 1726 369 1782 δ’
401 1723 596 1802 ἔχηται
629 1725 733 1779 ὑπὸ
777 1728 875 1778 τοῦ
925 1720 1170 1798 ἔχοντος.
1207 1720 1303 1775 Καὶ
1362 1718 1468 1791 ἕξιν
1529 1719 1713 1775 ὅπλων
1766 1721 1881 1775 εἶπέ

230 1839 339 1873 που
371 1814 598 1873 Πλάτων
631 1813 718 1868 ἐπὶ
747 1817 844 1867 τοῦ
875 1811 1100 1886 ἔχοντος
1132 1809 1297 1866 ὅπλα.

302 1925 402 1987 κζ’.
437 1922 566 1978 Καθ’
618 1917 797 1988 ἕτερον
879 1915 936 1972 δὲ
993 1917 1193 1992 τρόπον
1268 1913 1402 1988 ἕξεις
1475 1916 1706 1992 λέγομεν
1784 1919 1878 1978 τὰς

2004 716 2141 764 sunt
2170 714 2685 778 contraria,unum
2720 729 3018 768 summum
3055 729 3240 784 genus
3273 731 3419 769 esse.
3452 720 3653 787 Neque

2003 799 2156 853 enim
2201 801 2386 855 virtus
2417 805 2474 854 et
2500 800 2706 856 vitium
2740 801 2930 873 prima
2961 807 3100 857 sunt
3160 804 3316 858 244
3344 805 3655 860 contraria.

2001 887 2224 942 Etenim
2275 906 2454 961 supra
2502 889 2630 961 ipsa
2677 896 2816 946 sunt
2864 896 2920 946 et
2949 890 3189 946 habitus
3228 896 3286 947 et
3315 892 3643 964 dispositio,

2001 992 2108 1031 nec
2155 977 2483 1033 universale
2531 979 2753 1034 bonum
2785 985 2840 1034 et
2889 979 3216 1036 universale
3256 981 3478 1037 malum
3509 990 3648 1038 sunt

2000 1082 2236 1120 summa
2264 1083 2512 1138 genera;
2549 1068 2649 1123 sed
2681 1073 2737 1123 et
2768 1067 2888 1123 baac
2916 1058 2987 1124 ad
3012 1067 3184 1140 quale
3214 1069 3564 1141 copulantur
3591 1075 3649 1127 et

2000 1153 2379 1227 colliguntur.
2413 1157 2630 1228 Estque
2675 1156 2843 1228 quale
2895 1157 3129 1213 illorum
3161 1158 3424 1214 omnium
3455 1174 3644 1232 genus

1998 1243 2528 1316 generalissimum.
2564 1247 2817 1302 Tantum
2847 1247 2918 1302 de
2949 1246 3280 1304 contrariis.

2066 1352 2155 1405 24.
2205 1351 2452 1407 Habitus
2502 1357 2697 1408 autem
2745 1357 2804 1409 et
2850 1353 3096 1425 privatio
3140 1353 3519 1411 multifariam
3549 1357 3642 1412 di-

1996 1444 2228 1495 cuntur.
2263 1440 2386 1496 Uno
2416 1441 2572 1497 enim
2605 1442 2778 1498 modo
2808 1442 3024 1497 dicitur
3065 1442 3337 1500 habentis
3366 1449 3424 1500 et
3452 1444 3634 1502 habiti

1997 1533 2183 1584 actus.

2061 1638 2152 1690 25.
2203 1637 2450 1692 Habitus
2497 1638 2655 1693 enim
2703 1639 3036 1695 vestimenti
3084 1638 3318 1705 dicitur,
3371 1657 3504 1696 cum
3544 1639 3643 1696 ille

1993 1725 2229 1797 quidem
2286 1726 2483 1792 habet,
2516 1726 2623 1782 hoc
2670 1743 2802 1784 vero
2833 1728 3097 1784 habetur.
3129 1730 3200 1784 Et
3226 1728 3388 1786 Plato
3420 1728 3636 1786 alicubi

1990 1813 2258 1870 habitum
2291 1831 2598 1871 armorum
2629 1816 2700 1872 de
2729 1832 2796 1872 eo
2827 1817 2995 1885 dixit,
3026 1818 3126 1888 qui
3157 1833 3323 1874 arma
3351 1818 3545 1875 habet.

2057 1922 2148 1975 26.
2183 1921 2304 1976 Alio
2341 1927 2538 1978 autem
2570 1923 2743 1979 modo
2773 1923 3010 1980 habitus
3041 1923 3292 1980 dicimus
3323 1925 3638 1997 qualitates

236 2013 562 2082 ἐπικτήτους
611 2009 931 2078 ποιότητας,
985 2005 1259 2079 έμμόνους
1321 2006 1628 2080 γεγονυίας³
1677 2006 1772 2068 τάς
1827 2026 1882 2060 τε

2018 2009 2312 2082 Loquisitas
2360 2028 2493 2066 cum
2526 2012 2768 2068 stabiles
2816 2013 2981 2068 factae
3013 2013 3247 2085 fuerint,
3293 2015 3505 2086 partim
3535 2032 3640 2072 na-

233 2107 460 2180 φυσικάς
491 2100 581 2154 καὶ
626 2100 722 2159 τὰς
772 2099 889 2152 κατ’
942 2096 1252 2169 ἐπιστήμην
1300 2096 1334 2164 ἢ
1385 2095 1608 2172 τέχνην,
1658 2096 1777 2150 καθ’
1823 2094 1884 2156 ἃς

232 2193 285 2246 οἱ
335 2190 386 2246 έν
433 2187 619 2250 αὐταῖς
668 2187 870 2242 ὲκτικοῖ
919 2183 1190 2258 λέγονται.
1242 2187 1386 2238 Κατὰ
1447 2189 1608 2238 τοῦτο
1669 2182 1734 2252 δὴ
1793 2183 1882 2238 καὶ

230 2281 324 2340 τὰς
343 2277 556 2340 τελείας
582 2277 770 2352 ἀρετὰς
805 2275 1145 2348 ὀνομάζομεν
1174 2270 1330 2344 ἕξεις.

303 2553 399 2616 κζ’.
443 2545 588 2617 Ἔξις
637 2542 881 2600 καλεῖται
931 2545 1019 2598 καὶ
1064 2546 1098 2612 ἡ
1153 2543 1350 2619 φυσική
1400 2541 1724 2608 κατασκευὴ,
1756 2538 1880 2594 ὅταν

234 2632 475 2710 ἕμμονος
503 2634 558 2709 ᾖ,
612 2633 794 2708 ὥσπερ
844 2632 1154 2705 σωματικάς
1198 2651 1349 2693 τινας
1399 2627 1534 2700 ἕξεις
1578 2630 1666 2683 καὶ
1713 2631 1880 2703 ψυχι-

230 2727 327 2786 κςὶς
393 2728 621 2797 νοοῦμεν
693 2722 780 2777 ἐπί
847 2743 1031 2776 τινωνο
1094 2720 1182 2775 καὶ
1257 2721 1446 2792 ἀρετὰς
1495 2721 1531 2788 ἢ
1581 2718 1768 2780 κακίας
1826 2718 1884 2772 ἐκ

234 2815 448 2892 φύσεως
478 2811 652 2867 εἷ’τουν
680 2813 944 2886 κράσεως.

306 2999 412 3062 κη’.
444 2989 680 3066 Λέγουσί
728 3010 868 3051 τινες
919 2985 1026 3059 ἕξιν
1063 2987 1152 3042 καὶ
1199 2987 1298 3056 τὴν
1345 2993 1446 3055 τῆς
1495 2985 1704 3064 φύσεως
1763 2983 1882 3039 ἐπι-

238 3076 585 3152 τηόειότητα.

301 3190 399 3244 κθ¹.
453 3187 682 3262 Λέγουσι
728 3184 819 3240 καὶ
870 3185 969 3254 τήν
1040 3184 1268 3262 φυσικήν
1338 3180 1582 3254 δύναμιν·
1634 3183 1708 3243 ὡς
1786 3184 1884 3236 τοῦ

236 3277 402 3354 πυρὸς
434 3275 496 3330 τὸ
521 3274 844 3350 θερμαίνειν,
877 3273 967 3328 ὅτε
1018 3273 1094 3346 μὴ
1146 3271 1448 3348 θερμαίνοι,
1478 3270 1566 3326 καὶ
1613 3272 1712 3339 τὴν
1760 3266 1880 3345 ὄψιν

233 3369 327 3419 τοῦ
355 3361 726 3425 καθεύδοντος.

305 3471 370 3527 λ’.
411 3474 531 3526 Ἔτι
581 3467 640 3524 δὲ
692 3465 902 3544 μᾶλλον
945 3470 981 3537 ἡ
1029 3466 1220 3536 τελικὴ
1271 3467 1504 3543 ἐνέργεια
1552 3462 1658 3536 ἕξις
1717 3465 1878 3520 ἐστίν’

234 3562 368 3630 ὠςή
403 3559 654 3635 δρασιςὴ
711 3554 820 3628 ἤδη
877 3555 1196 3632 ὁρώσα,καὶ
1256 3558 1290 3624 ἡ
1349 3554 1620 3631 θερμότης
1677 3557 1712 3624 ἡ
1769 3551 1879 3624 ἤδη

239 3649 621 3726 θερμαίνουσα.

305 3737 410 3794 λα’.
443 3735 756 3812 Πολλαχῶς
807 3733 896 3789 οὖν
940 3737 1038 3802 τῆς
1086 3731 1248 3804 ἕξεως
1298 3731 1622 3809 λεγομένης,
1669 3731 1879 3788 πολλα-

235 3832 353 3903 χῶς
399 3827 488 3882 καὶ
537 3829 572 3895 ἡ
622 3826 869 3900 στέρησις
928 3821 1143 3897 λέγεται
1217 3820 1585 3894 καταλλήλως
1776 3819 1880 3895 ἕξει

236 3911 650 3990 λαμϐανομένη.
685 3915 746 3968 Ἡ
799 3913 892 3986 μὲν
934 3914 1037 3988 γὰρ
1084 3910 1191 3982 ἕξις
1239 3913 1343 3966 ἀπὸ
1390 3916 1486 3966 τοῦ
1535 3910 1678 3986 ἔχειν
1732 3908 1884 3981 εἷ’λη-

235 4023 392 4061 πται·
418 4007 454 4075 ἡ
488 4001 554 4072 δὴ
579 4003 831 4078 στόρησις
864 4000 1052 4076 ἆέχειά
1078 4001 1161 4063 τίς
1194 3999 1356 4057 ἐστιν.

312 4201 416 4277 λβ’.
453 4199 770 4255 Ἀντίκειται
799 4201 928 4273 γοῦν
972 4201 1052 4269 τῷ
1099 4197 1304 4273 πρώτῳ
1342 4195 1730 4271 σημαινομένῳ
1783 4199 1881 4265 τῆς

234 4289 396 4365 ἕξεως
426 4292 462 4359 ἡ
495 4288 744 4362 στέρησις
774 4291 870 4341 τοῦ
900 4285 1121 4360 ἱματίου
1147 4285 1235 4340 καὶ
1273 4289 1370 4340 τοῦ
1400 4283 1596 4341 ὅπλου.

310 4395 411 4472 λγ’.
473 4399 560 4467 Τῷ
621 4392 854 4469 δευτέρῳ
920 4395 956 4462 ἡ
1016 4397 1123 4448 τῶν
1191 4391 1495 4463 ἐπικτήτων
1570 4393 1878 4462 ποιοτήτων

235 4479 489 4554 ἀποϐολή
502 4525 514 4538 .

309 4570 409 4630 λδ’.
441 4577 528 4644 Τῷ
571 4571 759 4646 τρίτῳ,
808 4578 908 4640 τῆς
958 4573 1188 4648 φυσικῆς
1243 4576 1576 4641 κατασκευῆς
1634 4572 1669 4639 ἡ
1720 4590 1880 4643 μετα-

235 4665 442 4739 τροπή.

1992 2099 2232 2168 turales,
2287 2100 2500 2171 partim
2547 2118 2645 2156 eas
2694 2118 2820 2173 quae
2869 2103 3193 2158 secundum
3242 2103 3548 2160 scientiam
3579 2110 3638 2161 et

1994 2193 2178 2244 artem
2211 2194 2367 2255 sunt,
2401 2191 2725 2245 secundum
2756 2207 2903 2262 quas
2935 2190 3035 2262 qui
3065 2191 3125 2246 in
3154 2191 3300 2264 ipsis
3333 2197 3492 2260 sunt,
3525 2193 3626 2249 he-

1995 2277 2147 2346 ctici,
2177 2279 2233 2332 id
2266 2279 2682 2345 est,habitibus
2712 2279 2937 2350 praediti
2967 2279 3262 2336 dicuntur.
3295 2281 3631 2338 Secundum

1991 2368 2143 2436 quod
2175 2384 2314 2422 sane
2361 2368 2804 2439 (significatum)
2833 2367 3008 2425 etiam
3041 2369 3323 2440 perfectas
3365 2370 3628 2440 virtutes,

1993 2455 2369 2512 nominamus
2398 2457 2656 2514 habitus.

2061 2546 2152 2599 27.
2184 2546 2432 2600 Habitus
2477 2550 2718 2603 vocatur
2745 2547 2922 2601 etiam
2967 2547 3251 2602 naturalis
3288 2548 3635 2620 praaparatio

1992 2650 2095 2689 seu
2122 2635 2485 2690 conﬁrmatio
2517 2651 2652 2690 cum
2684 2635 2912 2691 stabilis
2945 2636 3121 2692 fuerit
3147 2655 3159 2704 ;
3192 2637 3484 2707 quomodo
3515 2653 3637 2692 cor-

1994 2723 2151 2791 poris
2183 2729 2239 2778 et
2268 2723 2475 2778 animae
2524 2723 2752 2795 aliquos
2795 2723 3035 2779 habitus
3079 2725 3137 2778 in
3170 2724 3475 2796 aliquibus
3506 2725 3632 2781 ani-

1993 2811 2449 2880 madvertimus;
2485 2816 2539 2868 et
2565 2812 2814 2868 virtutes
2842 2817 2946 2868 aut
2983 2812 3125 2868 vitia
3153 2830 3222 2868 ex
3251 2817 3483 2882 natura,
3514 2813 3634 2870 sive

1991 2903 2472 2972 temperamento.

2060 2990 2150 3044 28.
2195 2989 2409 3046 Dicunt
2455 2989 2634 3062 aliqui
2666 2990 2932 3046 habitum
2983 2995 3041 3046 et
3087 2993 3308 3047 natura
3353 2991 3639 3064 aptitudi-

1993 3093 2150 3135 nem.

2065 3185 2215 3243 245
2265 3185 2355 3240 29.
2388 3184 2600 3240 Dicunt
2629 3184 2807 3241 etiam
2837 3184 3148 3256 (habitum)
3179 3185 3503 3258 potentiam
3535 3203 3638 3242 na-

1991 3275 2264 3339 turalem,
2300 3278 2366 3329 ut
2394 3273 2548 3345 ignis
2574 3270 2637 3326 τό
2668 3272 2979 3330 calefacere
3009 3290 3144 3330 cum
3193 3290 3307 3330 non
3347 3273 3634 3344 calefecit,

1915 3365 1959 3433 C
1997 3367 2053 3418 et
2080 3361 2270 3418 visum
2303 3362 2667 3419 dormientis.

2061 3470 2150 3526 30.
2198 3471 2444 3541 Insuper
2490 3474 2688 3526 autem
2737 3469 2933 3541 potius
2981 3470 3274 3542 perfectus
3328 3473 3494 3527 actus
3541 3473 3635 3526 est

1992 3558 2266 3628 habitus;
2301 3563 2366 3614 ut
2411 3558 2558 3616 visio
2605 3560 2725 3632 jam
2754 3557 2958 3614 videns
2989 3564 3046 3615 et
3090 3559 3249 3615 calor
3269 3560 3396 3630 jam
3425 3559 3636 3616 calefa-

1992 3664 2172 3704 016118.

2062 3737 2160 3792 31.
2232 3736 2378 3792 Cum
2433 3736 2612 3809 igitur
2662 3737 3046 3794 multifariam
3093 3737 3332 3793 habitus
3386 3737 3635 3806 dicatur,

1993 3826 2372 3882 multifariam
2430 3827 2607 3882 etiam
2657 3827 2904 3898 privatio
2959 3826 3196 3893 dicitur,
3245 3843 3374 3898 qua:
3406 3825 3636 3882 habitui

1992 3920 2380 3988 congruenter
2408 3915 2710 3988 accipitur.
2763 3917 2931 3972 Enim
2962 3915 3201 3988 quidem
3261 3915 3334 3972 ab
3365 3915 3635 3972 habendo

1993 4009 2267 4076 sumptus
2300 4009 2425 4073 est;
2473 4005 2714 4076 privatio
2765 4009 2961 4061 autem
3008 4004 3291 4060 inhabitio
3343 4005 3638 4077 quedam,

1992 4111 2096 4150 seu
2122 4093 2375 4149 habendi
2407 4094 2644 4165 quidam
2676 4095 2936 4150 defectus
2965 4099 3071 4150 est.

2061 4202 2151 4255 32.
2187 4201 2389 4271 Itaque
2418 4200 2606 4271 primo
2651 4200 2889 4257 habitus
2940 4200 3272 4274 signiﬁcato
3324 4199 3637 4272 opponitur

1993 4288 2238 4361 privatio
2272 4288 2602 4344 vestimenti
2634 4294 2691 4344 et
2718 4288 2838 4345 teli.

2061 4395 2150 4450 33.
2223 4393 2490 4450 Secundo
2549 4395 2972 4466 acquisitarum
3040 4367 3403 4466 qualitatum
3447 4394 3637 4466 abjec-

1990 4485 2094 4541 tio.

2061 4575 2149 4629 34.
2183 4574 2395 4642 Tertio,
2458 4573 2745 4629 naturalis
2775 4573 3213 4646 praeparationis
3265 4588 3370 4627 seu
3419 4571 3634 4628 conﬁr-

1993 4664 2268 4719 mationis
2300 4663 2566 4719 inversio.

311 4751 408 4809 λε’.
440 4756 528 4824 Τῷ
568 4752 830 4826 τετάρτῳ,
861 4752 898 4820 ἢ
955 4749 1086 4826 ὅπερ
1145 4747 1392 4812 οὐδόλως
1449 4748 1677 4825 πέφυκεν
1739 4744 1882 4824 ἔχειν

2063 4753 2150 4807 35.
2183 4753 2418 4820 Quarto,
2471 4751 2558 4806 vel
2591 4753 2748 4823 quod
2779 4751 3018 4806 omnino
3050 4767 3165 4806 non
3195 4754 3389 4822 potest
3418 4748 3634 4805 habere

233 4843 300 4898 τὸ
349 4843 525 4918 γένος,
577 4841 649 4902 ὡς
694 4840 922 4916 λέγομεν
971 4840 1034 4894 τὸ
1088 4841 1179 4913 μὲν
1250 4840 1446 4917 βρέφος
1507 4835 1651 4914 ἔχειν
1693 4838 1881 4908 ἐπιτη-

238 4931 492 5000 δειότητα
591 4931 728 5006 πρὸς
806 4931 868 4984 τὸ
943 4927 1186 4999 δέξασθαι
1281 4931 1381 4997 τὴν
1477 4929 1879 5004 γραμματικήν·

236 5021 555 5096 ἐστερῆσθαι
618 5015 675 5073 δὲ
711 5025 811 5087 τῆς
860 5015 1302 5088 ἐπιτηδειότητος
1347 5015 1548 5086 ταύτης
1592 5018 1692 5085 τὴν
1743 5014 1884 5071 πλεέ-

233 5131 397 5166 τανον
447 5108 530 5163 ὅτι
579 5107 668 5162 καὶ
710 5105 772 5162 τό
804 5107 940 5162 ἅπαν
970 5106 1152 5183 φυτόν·
1199 5105 1235 5176 ἥ
1285 5104 1418 5182 ὅπερ
1464 5106 1526 5160 τὸ
1573 5106 1726 5181 γένος
1792 5106 1886 5178 μὲν

234 5200 471 5276 πέφυκεν
526 5195 694 5273 ἔχειν,
723 5197 776 5250 τὶ
831 5193 888 5250 δὲ
943 5201 1048 5250 τῶν
1112 5193 1266 5250 εἰδῶν
1341 5194 1439 5250 οὐκ
1495 5191 1629 5272 ἔχει·
1693 5195 1766 5256 ὡς
1823 5195 1884 5249 τὸ

237 5292 378 5358 ζῶον
416 5286 508 5360 μὲν
542 5283 657 5361 ἔχει
691 5283 1105 5356 ἐπιτηδειότητα
1148 5289 1244 5339 τοῦ
1300 5285 1449 5360 ὁρᾷν,
1477 5285 1505 5338 ὁ
1554 5281 1599 5338 δ’
1643 5281 1883 5355 ἀσπάλαξ

154 5375 169 5390 ⁸
231 5375 438 5445 ταύτης
472 5373 770 5451 ἐστέρηται.

308 5464 411 5529 λς’.
443 5469 529 5536 Τῷ
575 5463 827 5538 πέμπτῷ,
871 5467 906 5534 ἡ
953 5458 1205 5532 ἀποϐολὴ
1255 5469 1355 5534 τῆς
1403 5464 1519 5518 καθ’
1564 5460 1668 5535 ἕξιν
1731 5462 1881 5519 δυνά-

239 5575 408 5630 μεως.

309 5644 409 5713 λζ’.
443 5646 530 5715 Τῷ
574 5639 715 5715 ἕκτῳ
778 5642 866 5697 καὶ
930 5640 1249 5716 τελευταίῳ,
1309 5649 1408 5712 τῆς
1455 5642 1678 5712 τελικῆς
1739 5643 1885 5718 ἐνερ-

231 5733 388 5818 γείας
420 5735 456 5804 ἡ
490 5730 764 5808 στέρησις.

311 5822 409 5897 λη.
443 5821 653 5900 κυρίως
716 5819 781 5893 δὴ
837 5824 954 5890 καθ’
1005 5819 1112 5897 ἕξιν
1171 5822 1261 5879 καὶ
1319 5820 1569 5898 στέρησιν
1624 5821 1887 5886 ἀντίθεσις

1991 4842 2494 4915 genus,quomodo
2514 4840 2794 4896 infantem
2818 4840 3054 4912 quidem
3075 4840 3327 4896 dicimus
3351 4838 3637 4911 aptitudi-

1994 4947 2128 4986 nem
2157 4930 2371 4986 habere
2425 4930 2817 5002 grammaticae
2875 4929 3281 5002 suscipiendas,
3333 4927 3634 5001 platanum

1994 5024 2189 5076 autem
2239 5020 2346 5074 hac
2394 5019 2672 5090 aptudine
2721 5018 3013 5090 privatam
3075 5034 3220 5082 ssse,
3271 5017 3408 5088 quia
3461 5015 3638 5071 etiam

1995 5108 2188 5163 omnis
2219 5108 2419 5179 planta
2452 5125 2464 5161 :
2500 5111 2600 5162 aut
2631 5107 2864 5178 quando
2921 5105 3158 5176 quidem
3190 5105 3391 5177 ipsum
3448 5121 3636 5177 genus

1996 5196 2210 5251 habere
2265 5200 2474 5268 potest,
2526 5195 2792 5266 quadam
2824 5198 3020 5248 autem
3078 5210 3147 5249 ex
3179 5193 3488 5265 speciebus
3520 5209 3637 5248 non

1998 5286 2488 5356 habetzquomodo
2513 5284 2746 5354 quidem
2781 5282 2999 5338 animal
3028 5283 3259 5338 vivendi
3288 5282 3467 5338 habet
3493 5281 3647 5354 apti-

1994 5374 2280 5441 tudinem,
2311 5373 2415 5428 hac
2446 5378 2638 5428 autem
2671 5371 2826 5444 talpa
2857 5372 3079 5444 privata
3107 5375 3217 5427 est.

2067 5463 2157 5519 36.
2209 5461 2420 5528 Quinto
2473 5461 2744 5533 potentiae
2793 5461 3118 5518 secundum
3165 5461 3437 5517 habitum
3469 5458 3644 5515 amis-

1999 5569 2104 5608 810.

2070 5643 2224 5698 246
2269 5642 2356 5696 37.
2410 5641 2582 5697 Sexto
2612 5657 2681 5698 ex
2712 5640 2916 5697 ultimo
2971 5640 3213 5713 perfecti
3258 5645 3423 5695 actus
3452 5637 3644 5709 priva-

1997 5731 2099 5788 tio.

2067 5823 2156 5879 38.
2191 5820 2427 5897 Proprie
2457 5824 2653 5879 autem
2695 5819 2983 5896 oppositio
3018 5835 3146 5893 qua
3196 5816 3518 5876 secundum
3548 5813 3650 5870 ha-
