4108 6478
524 477 643 536 879

1777 479 2197 540 NICEPHORI
2242 480 2680 542 BLEMMID/E

3779 491 3874 551 880

560 609 711 664 itum
741 612 798 663 et
825 608 1203 679 privationem
1235 611 1408 677 est,in
1440 609 1533 664 his
1554 609 1694 665 solis
1725 610 2010 682 accipitur
2037 627 2150 682 qua

2281 609 2369 665 ἐπὶ
2423 612 2599 683 μόνων
2656 607 2991 686 λαμϐάνεται
3048 619 3155 673 τῶν
3215 617 3351 671 κατά
3402 617 3552 694 φύσιν
3606 620 3868 693 προσόντων

525 698 848 752 secundum
880 702 1151 753 naturam
1183 700 1341 754 omni
1377 699 1587 770 speciei
1618 702 1841 754 insunt.

594 788 684 842 33.
743 787 871 842 Haec
901 791 1097 842 autem
1149 787 1342 843 tribus
1389 787 1549 844 hisce
1585 789 2020 844 characteribus
2059 805 2162 845 seu

525 877 681 932 notis
736 876 1096 948 designatur,
1129 878 1284 948 quod
1325 881 1537 933 natura
1593 877 1806 934 habere
1863 882 2073 950 potest,
2107 882 2165 932 et

525 966 760 1037 quando
782 970 991 1020 natura
1021 965 1235 1020 habere
1266 970 1474 1037 potest,
1498 972 1554 1021 et
1581 967 1680 1020 ubi
1712 972 1921 1022 natura
1951 967 2164 1022 habere

523 1059 735 1126 potest.
768 1054 967 1126 Neque
992 1056 1148 1113 enim
1188 1055 1452 1111 dicemus
1483 1055 1735 1127 lapidem
1767 1073 1896 1111 esse
1923 1072 2161 1122 caecum,

525 1144 1001 1216 quandoquidem
1032 1148 1242 1199 natura
1272 1161 1385 1200 non
1415 1145 1628 1200 habere
1667 1149 1856 1216 potest
1901 1145 2093 1199 visum
2146 1163 2159 1212 ;

522 1250 710 1306 neque
737 1251 936 1291 recens
966 1237 1171 1289 natum
1201 1234 1505 1304 infantem,
1538 1233 1768 1305 proprie
1799 1233 2159 1300 edentulum,

522 1328 828 1397 prepterea
857 1324 1012 1396 quod
1054 1323 1164 1378 hoc
1220 1327 1476 1392 tempore
1533 1339 1649 1378 non
1709 1327 1897 1394 potest
1954 1328 2164 1378 natura

519 1413 736 1470 habere
765 1415 970 1470 dentes
1000 1431 1014 1482 ;
1060 1429 1249 1484 neque
1275 1412 1500 1467 dicetur
1528 1411 1742 1482 aliquis
1773 1428 1978 1478 caecus,
2006 1413 2160 1483 quod

518 1505 662 1575 pede
681 1520 797 1559 non
823 1503 1051 1558 videat:
1075 1502 1289 1574 quippe
1310 1517 1413 1572 pes
1440 1501 1681 1556 visionis
1710 1518 1890 1573 capax
1909 1518 2024 1556 non
2051 1506 2159 1556 est.

517 1595 683 1649 Tunc
713 1593 891 1665 igitur
934 1591 1179 1664 privatio
1208 1590 1439 1662 proprie
1490 1590 1723 1657 dicitur,
1775 1607 1908 1645 cum
1953 1595 2163 1645 natura

518 1699 645 1754 quae
675 1681 915 1738 habitus
955 1684 1044 1736 est
1071 1697 1252 1752 capax
1280 1685 1540 1751 tempore
1589 1679 1817 1749 idoneo,
1864 1679 1923 1733 in
1953 1695 2158 1734 conve-

517 1772 713 1827 niente
743 1775 908 1842 parte
935 1786 1040 1825 seu
1070 1769 1356 1836 membro,
1388 1768 1594 1824 habitu
1625 1768 1736 1823 isto
1769 1768 1994 1840 privata
2022 1772 2112 1823 est
2143 1784 2157 1822 ;

518 1866 584 1916 ut
612 1859 713 1933 qui
745 1877 814 1915 ex
845 1858 1142 1914 nativitate
1173 1875 1359 1916 caacus
1391 1862 1498 1925 est,
1523 1856 1609 1912 vel
1639 1857 1738 1929 qui
1772 1856 2159 1912 incurabilem

517 1950 835 2007 caecitatem
866 1965 935 2004 ex
965 1947 1162 2020 aliqua
1190 1947 1462 2020 passione
1492 1945 1693 2002 subiit.

588 2041 674 2094 40.
709 2044 775 2095 Et
803 2039 926 2096 haec
976 2009 1224 2111 privatio
1254 2037 1440 2110 ipsius
1494 2035 1824 2108 potentialis
1872 2040 1979 2091 est.
2035 2037 2160 2092 Nisi
2191 2009 2238 2074 B

516 2130 672 2186 enim
702 2130 890 2202 ipsius
921 2127 1253 2200 potentialis
1282 2130 1456 2191 esset,
1515 2124 1828 2196 aliquando
1867 2125 1926 2180 in
1959 2129 2155 2182 actum

514 2219 950 2290 produceretur.

585 2308 673 2363 41.
706 2307 1020 2379 Nunquam
1050 2309 1246 2361 autem
1277 2303 1416 2360 mali
1447 2307 1503 2358 et
1535 2303 1864 2375 perniciosi,
1885 2305 1984 2360 sed
2019 2302 2154 2359 boni

513 2402 570 2454 et
597 2395 761 2452 utilis
791 2395 1036 2468 privatio
1069 2394 1301 2450 dicitur.

581 2505 733 2560 247
782 2504 870 2558 42.
925 2502 1060 2557 Jam
1116 2518 1250 2556 vero
1306 2500 1482 2556 etiam
1542 2516 1656 2555 non
1712 2500 1783 2554 ad
1836 2500 2151 2555 dictionem

512 2593 894 2666 respicientes
905 2591 1174 2663 judicare
1195 2589 1580 2662 privationem
1613 2592 1857 2660 oportet.
1874 2589 2149 2653 Quasdam

512 2683 667 2740 enim
699 2687 758 2738 et
786 2697 997 2737 nomen
1029 2684 1087 2736 et
1115 2695 1238 2735 rem
1285 2677 1626 2750 privativam
1658 2677 1908 2745 habent;
1945 2696 2150 2749 quem-

511 2772 829 2829 admodum
884 2769 945 2822 τὸ
1000 2765 1313 2836 ἀναίσθητος
1362 2766 1526 2838 quasi
1579 2766 1758 2832 dicas,
1792 2766 2149 2837 insensatus,

513 2878 647 2916 cum
693 2861 765 2915 de
811 2858 1191 2932 apoplectico,
1240 2857 1349 2911 hoc
1393 2862 1503 2924 est,
1557 2855 1813 2911 resoluto
1870 2856 2151 2913 membris

513 2949 746 3005 dicitur.
778 2948 1053 3012 Quaedam
1079 2962 1212 3001 vero
1244 2960 1456 2999 nomen
1479 2944 1715 3015 quidem
1751 2943 2146 3015 primativum,

512 3056 634 3096 rem
667 3042 863 3094 autem
893 3050 1262 3108 nequaquam
1285 3032 1701 3104 (primativam)
1733 3031 2041 3097 babent,ut
2066 3034 2150 3088 in-

513 3144 854 3202 corporeum
902 3129 960 3181 et
1005 3121 1351 3178 immortale.
1401 3121 1676 3185 Quaedam
1733 3121 1986 3192 denique
2026 3138 2150 3178 rem

2272 705 2350 771 τῷ
2381 697 2509 754 εἷ’δει
2540 701 2720 756 παντί.

2345 786 2446 851 λθ’.
2482 788 2628 858 Αὕτη
2683 787 2740 844 δὲ
2788 792 3243 868 χαρακτηρίζεται
3300 799 3417 856 τοῖς
3482 795 3622 871 τρισὶ
3675 797 3870 870 τούτοις,

2273 877 2405 953 ὅπερ
2437 877 2668 955 πέφυκεν
2703 877 2872 954 ἔχειν,
2905 880 2993 934 καὶ
3045 881 3135 936 ὅτε
3178 883 3409 960 πέφυκεν
3452 880 3596 960 ἔχειν
3652 885 3734 940 καὶ
3778 885 3874 952 ἔνθα

2272 965 2501 1043 πέφυκεν
2533 963 2699 1042 ἔχειν.
2734 965 2869 1022 Οὔτε
2897 971 3000 1042 γάρ
3036 971 3096 1023 ἂν
3122 971 3212 1025 τὸν
3275 969 3431 1035 λίθον
3487 971 3721 1046 εἴποιμεν
3773 976 3874 1031 εἶναι

2270 1054 2495 1132 τυφλόν·
2549 1056 2765 1131 ἐπείπερ
2818 1057 2880 1111 ού
2925 1059 3155 1136 πέφυκεν
3230 1058 3376 1136 ἔχειν
3429 1060 3631 1136 ὅρασιν·
3680 1060 3787 1119 οὔτε
3830 1067 3879 1120 τὸ

2274 1144 2544 1217 ἀρτιγενές
2593 1139 2790 1222 ϐρέφος
2839 1147 3040 1222 κυρίως
3088 1145 3284 1219 νωδὸν,
3321 1147 3407 1204 διὰ
3452 1151 3515 1205 τὸ
3567 1153 3640 1223 μὴ
3687 1155 3878 1230 πεφυκέ-

2271 1253 2354 1285 ναι
2386 1233 2519 1287 κατᾶ
2546 1234 2637 1287 τὸν
2669 1236 2854 1308 καιρὸν
2902 1240 3092 1290 τοῦτον
3153 1234 3300 1312 ἔχειν
3358 1235 3604 1302 ὀδόντας·
3661 1239 3772 1296 οὔτε
3817 1264 3879 1305 τις

2274 1320 2492 1394 λέγοιτο
2537 1320 2765 1399 τυφλὸς,
2819 1323 2903 1378 ὅτι
2955 1327 3028 1397 μή
3082 1326 3232 1401 ὁρῴη
3280 1331 3360 1398 τῷ
3409 1325 3560 1382 ποδί·
3617 1330 3702 1384 καί
3752 1331 3880 1406 γάρὸ

2270 1415 2410 1472 ποῦς
2480 1409 2823 1474 ἀνεπίδεκτος
2899 1411 3097 1487 ὅψεως.
3162 1411 3296 1470 Τότε
3363 1423 3652 1493 τοιγαροῦν
3721 1421 3885 1496 ιωρίως

2271 1500 2521 1573 στέρησις
2588 1500 2824 1575 λέγεται,
2887 1502 2977 1558 ὅτε
3049 1505 3206 1581 φύσις
3289 1503 3507 1577 δεκτική
3566 1510 3663 1576 τῆς
3733 1506 3882 1579 ἕξεως,

2268 1590 2404 1643 κατὰ
2431 1591 2520 1644 τὸν
2576 1588 2882 1661 ἐπιτήδειον
2927 1592 3151 1666 χρόνον,
3182 1593 3234 1648 έν
3284 1596 3463 1672 μορίῳ
3508 1601 3588 1669 τῷ
3638 1597 3881 1674 πρέποντι,

2267 1685 2368 1747 τῆς
2410 1676 2571 1749 ἕξεως
2622 1680 2826 1751 ταύτης
2894 1680 3193 1755 ἐπέρηται·
3243 1685 3318 1746 ὡς
3369 1685 3398 1739 ὀ
3439 1685 3499 1740 ἐκ
3555 1694 3763 1762 γενετῆς
3810 1707 3882 1742 τυ·

2270 1765 2406 1845 φλὸς
2438 1765 2473 1837 ἤ
2499 1769 2528 1823 ὁ
2560 1765 2648 1823 διά
2675 1791 2726 1824 τι
2758 1771 2928 1834 πάθος
2962 1771 3197 1835 ὑποστὰς
3226 1767 3492 1848 ἀϐλεψίαν
3521 1774 3749 1831 ἀνίατον.

2343 2037 2416 2107 μ’.
2448 2035 2596 2106 Αὕτη
2631 2034 2689 2092 δὲ
2736 2039 2772 2106 ἡ
2814 2037 3066 2112 στέρησις
3112 2038 3201 2093 καὶ
3255 2045 3352 2095 τοῦ
3401 2037 3625 2116 δυνάμει
3665 2042 3809 2098 ἐστίν.
3837 2043 3886 2096 Εἰ

2265 2124 2367 2199 γὰρ
2429 2125 2527 2180 ούκ
2583 2127 2650 2194 ἦν
2702 2131 2800 2180 τοῦ
2840 2124 3084 2201 δυνάμει,
3131 2126 3285 2204 ἤγετ’
3329 2129 3387 2186 ἂν
3443 2131 3520 2195 εἷς
3571 2134 3632 2188 τὸ
3682 2132 3887 2209 ἐνεργείᾳ

2265 2212 2418 2269 ποτέ.

2338 2304 2445 2375 μα’.
2495 2302 2568 2357 Οὑ
2619 2301 2834 2379 λέγεται
2895 2302 2952 2360 δέ
3009 2327 3142 2361 ποτε
3197 2309 3447 2384 στέρησις
3494 2315 3594 2365 τοῦ
3641 2315 3796 2366 κακοῦ
3837 2332 3884 2366 τε

2261 2393 2348 2446 καὶ
2387 2387 2680 2468 βλαϐεροῦ,
2710 2391 2855 2447 ἀλλὰ
2883 2399 2980 2449 τοῦ
3007 2395 3214 2470 ἀγαθοῦ
3244 2398 3332 2452 καὶ
3363 2399 3667 2474 χρησίμου.

2336 2500 2446 2573 μβ¹.
2478 2501 2593 2574 Χρή
2646 2497 2703 2554 δὲ
2754 2501 2828 2573 μὴ
2873 2501 3010 2576 πρὸς
3057 2504 3154 2571 τήν
3208 2503 3350 2574 λέξιν
3403 2505 3738 2584 ἀφορῶντας,
3782 2507 3879 2583 κρί-

2260 2609 2362 2642 νειν
2393 2589 2492 2657 τὴν
2521 2589 2788 2663 στέρησιν.
2822 2591 2950 2644 Τινά
2993 2592 3087 2664 μὲν
3137 2593 3240 2668 γὰρ
3284 2594 3373 2648 καὶ
3421 2591 3668 2665 τοῦνομα
3707 2596 3790 2650 καὶ
3828 2595 3877 2648 τὸ

2260 2684 2482 2753 πρᾶγμα
2524 2679 2837 2751 στερητικὸν
2900 2674 3042 2755 ἔχει·
3093 2680 3273 2756 ὥσπερ
3318 2683 3380 2738 τὸ
3430 2683 3754 2755 ἀναίσθητος
3807 2682 3878 2738 ἐπὶ

2257 2770 2354 2821 τοῦ
2413 2765 2771 2836 ἀποπλήκτου
2829 2765 3146 2842 λεγόμενον.
3190 2772 3318 2825 Τινά
3373 2769 3430 2826 δὲ
3474 2773 3541 2827 τὸ
3593 2773 3686 2846 μὲν
3732 2768 3879 2845 ὄνομα

2259 2856 2569 2930 στερητικὸν
2647 2853 2784 2930 ἔχει,
2844 2857 2906 2910 τὸ
2975 2864 3204 2934 πρᾶγμα
3264 2856 3322 2914 δὲ
3370 2857 3652 2934 οὐδαμῶς·
3713 2861 3781 2924 ὡς
3829 2860 3878 2915 τὸ

2260 2944 2546 3017 ἀσώματον
2605 2945 2694 2999 καὶ
2778 2945 3056 3002 ἀθάνατον.
3115 2948 3245 3002 Τινά
3301 2945 3358 3002 δὲ
3412 2949 3475 3004 τὸ
3529 2956 3749 3026 πρᾶγμα
3802 2950 3878 3022 μὶν

2260 3028 2374 3108 ἔχει
2423 3035 2759 3108 στερητικὸν,
2810 3034 2872 3088 ού
2926 3037 3032 3107 μὴν
3072 3033 3181 3106 ἤδη
3240 3037 3329 3091 καὶ
3374 3034 3638 3112 τοῦνομα·
3689 3040 3759 3102 ὡς
3806 3059 3882 3092 τυ-

2259 3120 2393 3199 φλὸς
2437 3123 2526 3177 καὶ
2576 3123 2780 3200 κωφός.
2830 3128 3004 3178 Ταῦτα
3051 3125 3174 3201 περὶ
3221 3123 3382 3196 ’έξεως
3434 3127 3528 3181 καὶ
3587 3131 3883 3204 στερήσεως.

510 3218 748 3292 quidem
779 3216 998 3272 habent
1027 3211 1391 3286 privativam,
1423 3226 1538 3266 non
1570 3214 1764 3266 autem
1796 3210 1974 3266 etiam
2010 3227 2243 3282 nomen,
2307 3216 2372 3268 ut
2426 3229 2613 3269 caecus
2669 3219 2727 3270 et
2785 3220 3006 3271 mutus.
3071 3215 3199 3271 Haec
3257 3217 3328 3272 de
3369 3217 3577 3275 habitu
3609 3224 3666 3276 et
3721 3219 3883 3292 priva-

513 3310 691 3366 tione.

582 3397 674 3454 43.
719 3395 1003 3451 Caeterum
1052 3390 1364 3446 afﬁrmatio
1411 3393 1469 3444 et
1510 3388 1739 3460 negatio
1786 3388 2048 3458 ejusdem
2098 3393 2154 3444 et
2184 3396 2226 3461 ρ

509 3487 693 3542 unius
722 3484 804 3540 rei
835 3481 1353 3539 contradictionem
1387 3476 1714 3533 absolvunt.
1759 3477 2150 3533 Contradictio

512 3580 709 3633 autem
740 3577 830 3629 est
860 3570 1129 3644 opposita
1158 3567 1355 3623 dictio.

575 3665 664 3719 44.
697 3659 1024 3716 Affirmatio
1054 3657 1294 3732 proinde
1323 3656 1560 3728 quidem
1609 3659 1698 3710 est
1743 3656 1954 3718 dicere,
2005 3656 2147 3727 quid

503 3754 648 3809 insit
675 3750 870 3815 alicui,
901 3749 1059 3805 velut
1106 3748 1279 3802 Petus
1309 3745 1571 3801 ambulat
1618 3763 1630 3800 :
1685 3745 1794 3800 hoc
1841 3751 1948 3812 est,
1983 3745 2148 3800 Petro

505 3841 808 3898 ambulare
837 3839 1008 3894 inest.
1041 3837 1280 3909 Negatio
1310 3841 1505 3890 autem
1537 3838 1624 3889 est
1654 3835 1844 3889 dicere
1875 3835 2012 3905 quid
2049 3834 2149 3890 ali-

503 3931 598 3988 cui
627 3947 743 3985 non
791 3927 951 3997 insit,
980 3927 1069 3982 vel
1099 3926 1305 3980 Petrus
1338 3941 1453 3980 non
1502 3924 1766 3979 ambulat
1798 3942 1810 3991 ;
1871 3923 1980 3979 hoc
2033 3930 2144 3992 est,

504 4022 669 4076 Petro
700 4016 1001 4073 ambulare
1031 4031 1148 4069 non
1179 4015 1348 4069 inest.

574 4111 664 4164 45.
695 4105 1020 4163 Afﬁrmatio
1051 4104 1232 4176 igitur
1259 4107 1316 4158 et
1354 4102 1584 4175 negatio
1615 4102 1930 4157 falsitatem
1960 4107 2017 4157 et
2045 4119 2146 4158 ve-

501 4199 732 4255 ritatem
760 4196 1014 4253 dividere
1043 4197 1308 4266 possunt.

571 4305 660 4360 46.
690 4303 872 4359 Aliter
899 4317 1032 4357 vero
1077 4299 1347 4372 opposita
1383 4297 1492 4353 hoc
1536 4315 1650 4353 non
1695 4301 1960 4369 possunt.
2013 4299 2142 4354 Ete-

499 4395 657 4450 enim
685 4407 857 4449 voces
887 4388 1187 4461 simplices
1223 4392 1362 4444 sunt
1393 4391 1451 4442 et
1480 4403 1668 4458 neque
1716 4403 1915 4441 verum
1955 4402 2141 4458 neque

495 4482 713 4540 falsum
750 4480 952 4536 dicunt
1008 4494 1140 4533 cum
1172 4475 1437 4531 videlicet
1465 4492 1566 4546 per
1623 4490 1684 4529 se
1716 4476 2091 4546 proferuntur
2123 4491 2136 4529 :

498 4573 810 4644 conjuncta
860 4572 1055 4623 tamen
1103 4570 1166 4621 ut
1218 4563 1638 4620 affirmationes
1694 4567 1749 4618 et
1801 4563 2139 4634 negationes

491 4664 738 4733 possunt
765 4659 1067 4714 veritatem
1100 4655 1252 4711 248
1312 4658 1369 4709 et
1426 4652 1739 4709 falsitatem
1791 4653 2046 4708 dividere
2076 4653 2135 4707 in

2339 3391 2443 3465 μγ’.
2478 3390 2779 3468 Κατάφασις
2837 3388 2894 3445 δὲ
2945 3391 3034 3446 καὶ
3092 3391 3358 3471 ἀπόφασις
3417 3399 3514 3449 τοῦ
3591 3396 3748 3451 αὑτοῦ
3809 3391 3882 3447 καὶ

2262 3478 2376 3539 ἑνὸς
2442 3480 2758 3555 πράγματος
2821 3479 3167 3555 ἀπαρτίζουσι
3225 3483 3322 3550 τήν
3383 3484 3684 3564 ἀντίφασιν.
3735 3482 3881 3539 Ἀντί-

2260 3587 2418 3643 φασις
2448 3565 2503 3621 δέ
2535 3567 2673 3622 ἐστιν
2705 3571 2739 3637 ἡ
2774 3569 3117 3642 ἀντικειμένη
3153 3570 3332 3648 φάσις.

2333 3652 2435 3727 μδ¹.
2494 3657 2794 3735 Κατάιρασις
2881 3657 2974 3730 μὲν
3033 3655 3123 3712 οῦν
3179 3657 3288 3713 ἐστι
3345 3660 3408 3714 τὸ
3476 3661 3649 3716 εἷ’πεῖν
3701 3660 3751 3716 τί
3793 3681 3882 3714 τινι

2259 3742 2511 3818 ὑπάρχει·
2547 3746 2682 3814 οἷον,
2716 3745 2918 3820 Πέτρος
2949 3753 3250 3819 περιπατεῖ·
3310 3745 3480 3823 ἤγουν
3541 3751 3771 3826 ὑπάρχει
3818 3751 3884 3816 τῷ

2257 3831 2447 3906 Πέτρῳ
2500 3832 2562 3885 τὸ
2619 3838 2954 3908 περιπατεῖν.
3015 3834 3316 3913 Ἀπόφασις
3375 3835 3432 3891 δὲ
3486 3839 3555 3894 τὸ
3633 3837 3792 3893 εἷ’πεῖν
3842 3833 3886 3887 τί

2253 3941 2360 3973 τινι
2409 3920 2518 3995 οὐχ
2565 3920 2819 3996 ὑπᾶρχεν
2871 3923 3007 3993 οἷον,
3040 3922 3242 4000 Πέτρος
3297 3924 3360 3979 ού
3403 3932 3710 4002 περιπατεῖ-
3741 3923 3885 4001 ἤγουν

2253 4013 2330 4080 τῷ
2361 4009 2549 4083 Πέτρῳ
2579 4009 2683 4085 οὐχ
2713 4011 2950 4086 ὑπάρχει
2972 4011 3033 4065 τὸ
3064 4021 3401 4088 περιπατεῖν.

2329 4099 2427 4170 με’.
2488 4098 2789 4176 Κατάφασις
2847 4100 2992 4173 (μὲν)
3051 4099 3141 4155 οῦν
3201 4103 3291 4157 καὶ
3353 4104 3626 4182 ἀπόφασις
3682 4103 3880 4179 διαιρεῖν

2254 4183 2472 4242 δύναται
2498 4188 2561 4242 τὸ
2592 4186 2789 4261 ψεῦδος
2818 4189 2907 4243 καὶ
2936 4191 3038 4258 τὴν
3069 4189 3352 4261 ἀλήθειαν.

2328 4295 2537 4367 μςῖΤά
2585 4291 2630 4348 δ’
2681 4291 2866 4357 ἄλλως
2925 4295 3262 4371 ἀντικείμενα
3315 4303 3478 4354 τοῦτο
3542 4301 3606 4356 οὗ
3665 4297 3878 4356 δύναται.

2253 4383 2437 4437 Φωναὶ
2486 4383 2589 4460 γάρ
2638 4383 2770 4438 εἰσιν
2821 4383 3014 4456 ἁπλαῖ,
3046 4384 3135 4440 καί
3190 4383 3313 4441 οὔτε
3354 4386 3740 4462 ἀληθεύουσιν,
3778 4385 3880 4442 οὔτε

2249 4469 2558 4544 ψεύδονται,
2617 4474 2736 4526 καθ’
2802 4473 2936 4527 αὑτᾶ
3010 4471 3226 4545 δηλαδὴ
3303 4478 3714 4555 προφερόμενα·
3770 4497 3881 4548 συμ-

2247 4559 2519 4615 πλακέντα
2584 4558 2641 4615 δὲ
2685 4559 2903 4616 δύναταί
2981 4583 3132 4633 ποτε,
3189 4565 3320 4620 καθὸ
3372 4569 3702 4645 καταφάσεις
3758 4563 3877 4621 διαι-

2247 4656 2405 4721 ρῆσαι
2436 4651 2536 4718 τὴν
2570 4649 2825 4721 ἀλήθειαν
2855 4651 2944 4705 καὶ
2976 4652 3040 4707 τὸ
3088 4651 3282 4726 ψεῦδος
3341 4654 3428 4709 ἐπί
3482 4677 3651 4712 τινων
3710 4652 3876 4710 ὄντων·

490 4749 790 4823 aliquibus
823 4763 949 4818 quae
971 4749 1147 4811 sunt;
1178 4743 1238 4798 in
1269 4743 1343 4797 iis
1373 4759 1502 4814 quae
1533 4758 1647 4796 non
1680 4746 1836 4812 sunt,
1890 4740 2136 4795 minime

2273 4739 2332 4792 πὶ
2370 4741 2443 4811 μή
2479 4734 2645 4794 ὄντων
2681 4737 2738 4794 δὲ
2787 4738 3066 4813 οὐδαμῶς,
3099 4744 3224 4796 Οἴον
3289 4746 3593 4821 Σωκράτης
3654 4742 3876 4822 ὑγιαίνει,

489 4840 801 4910 (possunt).
864 4835 1029 4892 Velut
1061 4835 1328 4889 Socrates
1375 4829 1543 4898 valet,
1575 4831 1840 4885 Socrates
1870 4834 2127 4902 aegrotat.

485 4927 715 4989 Etenim
745 4925 1038 4998 siquidem
1071 4923 1149 4978 sit
1201 4924 1454 4990 Socates,
1495 4936 1680 4974 unum
1709 4935 1932 4985 verum,
1989 4918 2133 4973 alte-

489 5033 620 5072 rum
651 5015 862 5071 falsum
895 5013 1004 5070 erit
1059 5031 1072 5068 :
1131 5013 1223 5067 sin
1279 5015 1474 5066 autem
1505 5025 1620 5063 non
1651 5007 1748 5077 sit,
1782 5008 1954 5063 ambo
1985 5006 2132 5062 falsa

489 5108 630 5160 sunt
656 5122 668 5172 ;
704 5105 754 5159 si
785 5104 940 5159 enim
971 5120 1084 5159 non
1117 5102 1196 5158 sit
1225 5101 1510 5170 Socrates,
1534 5113 1723 5170 neque
1747 5096 1918 5165 valet,
1943 5112 2132 5168 neque

489 5197 747 5266 aegrotat.

560 5285 648 5338 47.
707 5283 778 5337 Et
807 5281 890 5335 ita
929 5281 1164 5351 quidem
1221 5278 1511 5350 ejusmodi
1568 5275 1855 5349 opposita,
1911 5275 1960 5331 si
1991 5291 2127 5331 cum

488 5370 886 5443 complexione
929 5369 1328 5442 proferuntur,
1379 5384 1484 5422 nec
1530 5366 1705 5421 etiam
1747 5365 1806 5418 in
1854 5364 2128 5419 omnibus

487 5479 612 5535 quae
645 5465 783 5516 sunt
811 5458 1110 5515 veritatem
1146 5462 1201 5512 et
1232 5456 1543 5511 falsitatem
1578 5471 1808 5527 semper
1837 5453 2122 5508 dividunt.

481 5552 680 5624 Neque
731 5549 886 5605 enim
944 5547 1142 5602 anima
1205 5546 1404 5600 dextra
1461 5550 1562 5599 aut
1617 5544 1856 5599 sinistra
1901 5543 2127 5599 dicetur

480 5656 791 5714 unquam:
827 5653 1015 5707 neque
1071 5650 1215 5706 puer
1271 5649 1470 5688 recens
1528 5633 1780 5704 genitus,
1812 5632 2124 5688 edentulus

478 5735 580 5791 aut
605 5731 808 5787 dentes
839 5727 1062 5782 habens
1095 5742 1107 5778 :
1143 5738 1330 5794 neque
1371 5738 1467 5777 aer
1496 5722 1662 5793 niger
1691 5725 1794 5775 aut
1825 5719 2012 5776 albus.

547 5820 635 5878 48.
677 5823 753 5876 At
785 5815 1099 5881 afﬁrmatio
1128 5819 1187 5872 et
1215 5811 1445 5887 negatio
1470 5810 1529 5864 in
1561 5808 1836 5865 omnibus
1859 5826 1992 5864 cum
2020 5826 2121 5864 en-

2245 4828 2542 4902 Σωκράτης
2601 4834 2767 4886 νοσεῖ.
2828 4831 3012 4890 Ὄντος
3074 4832 3170 4903 μὲν
3221 4833 3326 4907 γὰρ
3390 4838 3488 4888 τοῦ
3550 4837 3878 4912 Σωκράτους,

2242 4914 2384 4972 ἔσται
2415 4917 2477 4972 τὸ
2513 4917 2605 4990 μὲν
2633 4917 2834 4988 ἀληθὲς
2867 4918 2926 4972 τὸ
2959 4915 3016 4971 δὲ
3044 4916 3262 4991 ψεῦδος·
3319 4922 3396 4993 μὴ
3454 4918 3620 4987 ὄντος
3685 4921 3762 4992 δὲ,
3789 4921 3878 4994 ἀμ·

2241 5005 2439 5082 φότερα
2491 5004 2685 5080 ψευδῆ·
2742 5007 2816 5080 μὴ
2861 5003 2934 5061 ὢν
2981 5007 3084 5082 γὰρ
3120 5009 3148 5062 ὁ
3181 5010 3500 5086 Σωκράτης,
3555 5010 3673 5077 οὗθ’
3729 5008 3878 5086 ὑγιαί-

2238 5115 2314 5148 νει
2344 5092 2467 5150 οὕτε
2495 5101 2667 5152 νοσεῖ.

2313 5277 2415 5347 μζ’·
2443 5273 2542 5328 Καὶ
2577 5272 2720 5328 οὕτω
2748 5270 2806 5328 δὲ
2842 5294 2976 5347 μετα
3007 5274 3334 5348 συμπλοκῆς
3387 5277 3456 5332 τὰ
3508 5283 3736 5334 τοιαᾱα
3781 5278 3877 5330 τῶν

2237 5363 2619 5436 ἀντικειμένων
2706 5363 3108 5440 προφερόμενα,
3172 5363 3286 5420 οὐδ’
3345 5365 3432 5421 ἐπὶ
3513 5368 3727 5424 πάντων
3784 5368 3876 5418 τῶν

2235 5449 2556 5522 ὅντων,τὴν
2608 5450 2866 5523 ἀλήθειαν
2921 5453 3011 5508 καὶ
3069 5455 3131 5508 τὸ
3188 5453 3384 5530 ψεῦδος
3441 5453 3874 5534 διαχωρίζουσιν.

2234 5541 2371 5598 Οὐδὲ
2399 5543 2502 5617 γὰρ
2536 5541 2593 5596 ἂν
2627 5544 2661 5610 ἡ
2696 5543 2849 5616 ψυχὴ
2910 5539 3054 5612 δεξιά
3083 5542 3120 5612 ἤ
3152 5544 3407 5622 ἀριστερά
3453 5545 3687 5622 λεχθείη
3739 5542 3880 5598 ποτε·

2235 5630 2358 5686 οῦδὲ
2431 5633 2494 5686 τὸ
2570 5631 2953 5705 ἀρτιγέννητον
3033 5631 3273 5708 παιδίον,
3332 5633 3369 5704 ἤ
3437 5631 3665 5696 ὀδόντας
3735 5630 3874 5707 ἔχον·

2232 5719 2358 5776 οὐδὲ
2401 5719 2568 5794 μέλας
2599 5718 2634 5789 ἤ
2669 5717 2863 5781 λευκὸς
2896 5721 2923 5773 ὁ
2954 5720 3084 5798 ἀήρ,

2305 5812 2416 5884 μη¹.
2449 5811 2510 5864 Ἡ
2541 5806 2599 5864 δὲ
2656 5810 2953 5891 κατάφασις
3009 5810 3100 5866 καὶ
3147 5814 3228 5886 (ἡ)
3287 5812 3552 5890 ἀπόφασις
3603 5813 3696 5868 Sari
3748 5812 3875 5867 πάν-
