4108 6430
1569 452 1920 515 EPITOME
1963 450 2270 515 LOGIGA.
3498 447 3617 511 886

1474 603 1817 661 SYNOPSIS
1855 604 2126 660 CAPITlS
2163 602 2350 659 XXVI.

1406 709 1561 756 QUOD
1600 710 1702 749 EST
1739 711 1812 749 DE
1847 711 2068 750 NOMINE
2104 711 2172 748 ET
2206 709 2410 749 VERBO.

208 819 488 875 1.Nomen
518 816 721 889 deﬁnit.
754 848 824 858 —
866 819 922 874 2.
957 817 1202 875 Verbum
1246 818 1400 873 item.
1432 818 1582 890 -_—A3.
1629 818 1984 890 Deﬁnitiones
2013 818 2272 888 explicat,
2303 819 2357 872 et
2402 817 2582 890 primo
2612 816 2844 873 ostendit
2884 832 3086 873 nomen
3130 822 3182 876 et
3233 819 3460 876 verbum
3504 834 3618 877 esse

277 906 430 947 voces
457 888 808 946 articulatas.
842 920 908 931 —
966 890 1019 944 4.
1051 890 1335 946 Rationem
1383 888 1577 954 reddit,
1608 888 1712 944 cur
1734 891 1975 945 humana
2021 890 2283 945 dialectus
2328 904 2421 944 seu
2468 888 2718 954 elocutio,
2767 906 2876 944 υοίσ
2926 891 3235 946 articulata
3280 893 3516 947 dicatur.
3547 922 3618 934 --

278 965 333 1018 5.
364 962 575 1018 Deinde
618 962 851 1035 ostendit
875 962 1102 1016 nomina
1148 966 1199 1016 et
1224 960 1393 1016 verba
1420 975 1533 1015 esse
1582 977 1737 1035 voces
1760 962 2174 1035 signiﬁcativas.
2205 990 2275 1003 —
2326 962 2380 1013 6.
2415 962 2777 1035 Τενιίοπεεδθ
2819 959 2955 1013 κατᾶ
3002 962 3298 1035 συνθήκην,
3329 964 3386 1018 id
3431 966 3509 1019 est
3549 980 3620 1020 ex

280 1035 551 1090 instituto.
583 1063 653 1073 -—
680 1032 735 1088 7.
768 1035 832 1089 Et
854 1035 1092 1103 proinde
1116 1048 1227 1088 non
1255 1036 1478 1087 natura.
1512 1063 1579 1072 —
1619 1032 1673 1086 8.
1705 1032 2013 1104 Occupatio,
2045 1048 2216 1104 quare
2244 1048 2368 1086 cum
2396 1048 2549 1104 voces
2593 1032 2708 1104 sint
2734 1040 2956 1104 natura,
2989 1049 3100 1088 non
3129 1032 3538 1090 item'nomina
3565 1039 3619 1091 et

277 1105 465 1161 verba.
499 1136 568 1145 —
598 1105 752 1162 258
783 1105 835 1159 9.
855 1101 1156 1160 *Concludit
1193 1106 1427 1160 nomina
1455 1111 1508 1175 et
1531 1104 1696 1159 verba
1723 1101 1868 1159 esse?

2046 1101 2343 1172 συνθήκην,
2373 1103 2431 1157 id
2460 1110 2567 1175 881,7
2586 1103 2722 1155 κατά
2770 1101 2933 1170 θέσιν,
2960 1105 3058 1159 hoc
3085 1114 3184 1175 est,
3216 1123 3290 1161 ea:
3337 1108 3615 1171 instituto,

278 1184 333 1232 et
360 1177 537 1249 simul
566 1176 795 1249 modum
824 1178 1048 1247 exeipit,
1080 1192 1191 1249 quo
1214 1180 1421 1230 natura
1448 1174 1564 1229 dici
1590 1178 1819 1249 possint.
1856 1207 1921 1217 —
1953 1176 2038 1249 10.
2070 1176 2253 1249 Alium
2289 1177 2417 1249 item
2444 1174 2665 1229 modum
2686 1176 2934 1249 indicat,
2960 1192 3062 1245 quo
3092 1176 3207 1231 dici
3249 1180 3459 1249 possint
3479 1178 3615 1232 κατά

278 1247 574 1316 συνθήκην,
605 1247 663 1302 id
705 1257 807 1313 est,
840 1264 909 1302 ea:
957 1248 1363 1318 compositione,
1394 1250 1532 1315 puta
1572 1247 1918 1317 syllabarum
1946 1247 2020 1301 ad
2047 1247 2418 1318 differentiam
2445 1261 2639 1300 vocum
2670 1247 3177 1302 inarliculatarum.
3209 1247 3277 1288 4
3308 1249 3398 1304 14.
3438 1248 3541 1304 Sed
3568 1254 3619 1306 et

277 1320 443 1389 hujus
463 1318 622 1392 modi
670 1319 849 1374 alium
875 1317 1096 1392 sensum
1140 1317 1376 1392 profert,
1406 1333 1509 1388 quo
1535 1317 1668 1370 κατὰ
1710 1319 2003 1392 συνθήκην,
2030 1317 2212 1392 idest,
2245 1334 2315 1373 ex
2341 1319 2724 1388 compositione
2756 1318 2871 1392 dici
2894 1323 3138 1392 possint.
3171 1351 3240 1392 —_
3286 1321 3372 1374 12.
3407 1320 3619 1388 Quarto

277 1391 515 1447 ostendit
541 1391 827 1445 nominum
855 1394 907 1445 et
934 1391 1225 1445 verborum
1240 1390 1440 1460 partes
1470 1391 1771 1459 separatim
1815 1390 1965 1444 nihil
1993 1391 2328 1460 signiﬁcare,
2360 1405 2471 1444 non
2498 1392 2712 1442 tantum
2738 1390 3098 1460 simplicium,
3127 1390 3220 1445 sed
3249 1393 3419 1447 etiam
3467 1409 3619 1448 com-

274 1463 600 1533 positorum.
633 1492 701 1501 —
727 1461 814 1516 13.
851 1462 1081 1529 Quinto,
1113 1462 1300 1516 omnia
1329 1461 1547 1533 nomini
1572 1465 1622 1515 et
1647 1462 1808 1516 verbo
1837 1462 2150 1517 communia
2179 1477 2313 1527 esse,
2345 1461 2884 1533 exceptisspeciﬁcis
2913 1460 3258 1532 differentiis,
3274 1464 3412 1533 quod
3438 1466 3620 1520 nomi-

277 1531 355 1588 na
379 1535 490 1587 sint
518 1534 639 1588 sine
668 1539 922 1604 tempore,
942 1533 1137 1604 verba
1164 1537 1379 1604 tempus
1424 1531 1830 1604 adsigniﬁcent.
1863 1563 1931 1572 ——
1980 1533 2066 1586 14.
2100 1534 2353 1604 Explicat
2401 1532 2534 1601 quid
2562 1532 2635 1586 sit
2663 1533 2782 1586 sine
2810 1531 3047 1603 tempore
3076 1535 3137 1587 in
3164 1531 3480 1603 deﬁnitione
3520 1552 3620 1590 no-

278 1605 472 1680 minis,
504 1603 797 1680 quiditem
829 1603 1240 1680 inde/initione
1266 1603 1420 1680 verbi
1442 1603 1836 1680 adsigniﬁcare
1862 1603 2282 1680 tempus—:15.
2316 1606 2515 1658 Aliam
2533 1604 2708 1680 etiam
2735 1605 3025 1680 nominum
3054 1608 3107 1680 et
3134 1607 3425 1661 verborum
3451 1606 3617 1680 diffe-

279 1673 529 1750 rentiam
551 1677 612 1731 in
631 1675 738 1750 _hoc
764 1673 1066 1745 constituit,
1098 1679 1236 1750 quod
1265 1675 1454 1750 illaut
1487 1673 1609 1750 haec
1637 1673 1911 1731 actionem
1938 1673 1991 1750 et
2016 1677 2323 1750 passionem
2352 1690 2463 1750 non
2491 1674 2893 1750 signiﬁcent.——_
2925 1677 3011 1730 16.
3043 1676 3279 1750 {innatat
3305 1694 3426 1750 qua:
3454 1673 3616 1749 apud

278 1747 588 1803 dialecticos
617 1747 679 1801 in
722 1750 959 1803 nomina
986 1754 1039 1802 et
1065 1744 1227 1801 verba
1271 1744 1618 1818 diuiduntur,
1648 1750 1702 1801 et
1745 1746 2004 1818 quomodo
2032 1747 2249 1817 reliqua
2299 1748 2488 1818 omnia
2517 1747 2784 1801 orationis
2807 1747 3009 1802 saltem
3029 1744 3341 1818 ligamenta
3379 1744 3513 1805 sint.
3546 1780 3615 1790 —-

282 1819 371 1873 17.
406 1818 700 1890 Occupatio
728 1834 837 1890 qua
863 1819 1191 1890 explicatur,
1223 1817 1355 1888 quid
1384 1818 1529 1890 inter
1555 1817 1848 1874 dictionem
1875 1821 1930 1873 et
1956 1818 2259 1874 orationem
2288 1817 2746 1890 sitidiscriminis.
2779 1848 2848 1857 —-
2866 1819 2971 1890 718.
3006 1817 3249 1874 Ostendit
3295 1821 3615 1876 nominibus

282 1894 337 1946 et
363 1888 664 1961 verbis—per
689 1888 751 1945 se
772 1889 1001 1961 prolatis
1027 1891 1311 1945 veritatem
1345 1894 1395 1942 et
1423 1889 1726 1957 falsitatem
1753 1906 1865 1945 non
1897 1892 2093 1945 inesse.
2126 1921 2195 1929 —-
2227 1890 2312 1947 19.
2332 1889 2635 1961 Occupatio
2671 1888 2735 1944 de
2764 1889 2940 1944 verbis
2964 1892 3164 1961 prima:
3188 1894 3240 1945 et
3266 1893 3520 1948 secundae
3570 1894 3620 1948 et

281 1960 575 2034 aliquibus
592 1960 972 2034 etiamgtertiae
994 1974 1267 2034 personae,
1300 1961 1565 2034 quatenus
1594 1977 1784 2016 verum
1813 1964 1864 2016 et
1890 1963 2100 2034 falsum
2127 1960 2341 2032 aliquid
2368 1961 2704 2034 signiﬁcent.
2738 1992 2807 2034 -ῖ-
2856 1961 2945 2014 20.
2966 1960 3087 2016 ⁷Ρθν
3133 1963 3459 2034 epiphoram
3488 1979 3621 2020 con-

281 2031 456 2088 cludit
483 2035 717 2088 nomina
745 2033 901 2090 254
931 2031 1181 2088 etverba
1209 2047 1305 2101 per
1330 2047 1388 2085 se
1442 2032 1661 2101 prolata
1689 2031 1897 2088 verum
1922 2041 1973 2087 et
2001 2031 2229 2101 falsum
2245 2048 2357 2087 non

283 2106 347 2159 in
373 2105 757 2176 propositione)
805 2104 1037 2173 faciant.
1069 2133 1162 2177 ——_
1184 2104 1273 2158 21.
1307 2101 1520 2177 Modum
1562 2106 1659 2177 vet_
1691 2105 1873 2177 potius
1915 2101 2180 2177 ordinem_
2208 2103 2563 2177 determinat,
2588 2101 2692 2174 quo
2719 2119 2910 2177 verum
2952 2112 3004 2160 et
3046 2106 3275 2177 falsum;
3295 2101 3625 2177 signiﬁcent,

280 2173 759 2248 pri’moinimirum
807 2176 867 2248 in
895 2175 1264 2248 conceptibus,
1296 2173 1487 2229 deinde
1535 2173 1702 2248 modo
1720 2191 1820 2247 per
1846 2175 1944 2248 hos
1986 2178 2048 2231 in
2095 2175 2280 2231 rebus.
2311 2206 2381 2214 —
2410 2176 2500 2248 22.
2532 2173 2640 2248 Per
2667 2176 3000 2230 occasionem
3030 2176 3201 2231 obiter
3226 2175 3289 2229 τὸ
3321 2173 3629 2248 intelligere

281 2246 559 2302 describit.
592 2277 663 2288 —-
698 2247 788 2301 23.
825 2246 1052 2314 Quando
1103 2253 1400 2318 conceptus_
1436 2247 1556 2318 veri
1584 2255 1638 2301 et
1678 2248 1813 2318 falsi
1839 2247 2120 2302 dicantur.
2153 2279 2221 2286 —-
2272 2248 2362 2299 24.
2398 2246 2670 2313 Quomodo
2719 2248 2843 2300 item
2894 2249 3041 2302 circa
3090 2249 3318 2303 nomina
3362 2252 3414 2303 et
3458 2246 3628 2304 verba

283 2334 475 2373 verum
499 2324 553 2374 et
579 2319 787 2390 falsum
812 2320 1092 2374 subsistat.
1124 2348 1195 2358 -—-
1240 2318 1330 2371 25.
1367 2315 1656 2390 Concludit
1679 2315 1995 2374 orationem
2025 2319 2092 2373 de
2121 2334 2181 2373 eo
2233 2333 2359 2389 quae
2386 2319 2615 2373 nomina
2647 2321 2700 2372 et
2728 2333 2853 2389 quae
2881 2319 3048 2373 verba
3075 2321 3206 2374 sint.
3240 2351 3307 2360 —
3334 2320 3424 2374 26.
3454 2322 3631 2376 Porro

282 2390 533 2461 explicat
560 2387 685 2460 quae
711 2392 944 2445 nomina
971 2398 1024 2444 et
1052 2405 1173 2460 qum
1214 2391 1389 2461 verba
1411 2387 1635 2461 inﬁnita
1689 2392 1803 2445 sint
1835 2399 1887 2444 et
1913 2406 2017 2446 cur
2060 2387 2291 2460 utraque
2318 2390 2399 2444 sic
2426 2391 2704 2445 vocentur.
2736 2387 2804 2429 ‘—
2852 2391 2942 2445 27.
2979 2390 3226 2461 Quinque
3254 2392 3452 2446 horum
3489 2394 3634 2448 vocis

281 2459 581 2532 simplicis,
623 2461 902 2529 dictionis,
933 2459 1207 2533 termini,_
1236 2459 1480 2533 nominis
1508 2470 1560 2516 et
1603 2462 1757 2517 verbi
1783 2461 2171 2533 differentiam
2204 2459 2423 2533 evolvit,
2459 2478 2576 2531 quae
2623 2477 2733 2516 non
2763 2468 2839 2516 est
2872 2459 3169 2516 secundum
3214 2463 3515 2532 subjectum
3539 2479 3637 2518 seu

284 2528 405 2606 rem
435 2533 757 2606 ipsam,sed
784 2528 1083 2606 secundum
1114 2528 1320 2606 σχέσιν,
1352 2528 1411 2606 id
1438 2534 1516 2586 est
1543 2528 1947 2601 habitudinem,
1979 2549 2077 2588 seu
2107 2529 2389 2606 Myov._id
2418 2528 2496 2587 est
2526 2534 2889 2588 rationem.——
2918 2533 3027 2606 28._
3047 2533 3292 2589 Ostendit
3306 2528 3461 2606 'quod
3491 2534 3638 2606 apud

284 2602 602 2675 dialecticos
620 2602 752 2675 ipsa
794 2605 963 2659 etiam
990 2602 1218 2675 nomina
1263 2602 1449 2669 verba,
1482 2611 1532 2659 et
1575 2612 1764 2660 contra
1791 2606 1960 2660 verba
2005 2602 2235 2659 nomina
2282 2602 2590 2668 dicantur;
2618 2608 2670 2658 et
2696 2603 2963 2675 quomodo
3008 2603 3127 2660 haec
3170 2607 3231 2660 in
3277 2602 3386 2660 illa
3424 2609 3477 2661 et
3522 2602 3638 2660 illa

286 2676 352 2731 in
381 2674 501 2748 haec
547 2674 849 2748 transeant.
876 2705 946 2715 ——
995 2676 1085 2729 29.
1120 2674 1426 2745 Occupatio,
1458 2692 1568 2747 qua
1609 2675 1871 2743 declarat,
1901 2675 1964 2729 τὸ
2008 2677 2251 2748 est,fuit
2298 2678 2350 2728 et
2379 2677 2485 2730 erit
2524 2674 2738 2745 quando
2783 2675 3165 2748 exsistentiam
3210 2679 3261 2732 et
3306 2685 3514 2748 tempus
3559 2678 3635 2732 si-

288 2747 846 2830 gniﬁcenti-qu'ando
876 2748 1010 2830 item
1037 2755 1245 2818 tempus
1272 2746 1511 2830 tantum.
1545 2778 1612 2788 —
1640 2747 1730 2830 3_0.
1779 2748 1957 2830 Inferi
1983 2746 2130 2819 quod
2158 2748 2336 2830 omnis
2360 2748 2671 2830 proposita:
2691 2763 2761 2801 ex
2788 2747 3092 2830 nomine_et
3124 2748 3282 2830 verbo
3337 2746 3637 2830 constitua-

287 2822 408 2873 tur.
443 2848 510 2860 —
556 2817 649 2891 31.
681 2818 847 2873 Docet
893 2818 1061 2873 etiam
1088 2817 1352 2889 quomodo
1398 2834 1599 2874 nomen
1628 2822 1680 2874 et
1724 2817 2029 2891 subjectum
2078 2835 2147 2873 ea:
2175 2817 2407 2891 articulo
2455 2818 2603 2891 apud
2634 2817 2880 2891 ercos;
2908 2817 3136 2891 verbum
3174 2821 3224 2874 et
3266 2819 3639 2891 praedicatum

290 2904 366 2962 ea:
393 2897 487 2958 est,
517 2890 628 2961 fuit
654 2897 706 2945 et
753 2892 859 2945 erit
885 2891 1001 2945 sive
1027 2893 1179 2962 actuq
1202 2890 1315 2945 sive
1341 2893 1593 2962 potentia
1618 2889 1831 2961 positis
1859 2889 2292 2961 diqnoscendum
2316 2890 2408 2945 sit.
2440 2889 2510 2931 -ς
2538 2890 2628 2944 32.
2661 2890 2904 2961 Denique
2931 2889 3181 2958 ostendit,
3214 2889 3357 2962 qnod
3383 2899 3436 2946 et
3463 2906 3637 2962 quare

289 2958 358 3015 τὸ
387 2968 490 3030 est,
517 2958 637 3032 fuit
665 2969 719 3017 et
749 2962 855 3017 erit
878 2959 1223 3032 primigenia
1249 2958 1422 3019 verba
1447 2958 1729 3018 dicantur.

2443 2033 2600 2098 icere,
2642 2031 2783 2103 quod
2834 2039 3015 2087 tamen
3060 2031 3351 2102 coniuncta
3396 2034 3633 2103 (scilicet

849 3217 1103 3271 ΚΕΦΑΛ.
1135 3216 1245 3278 Κςῖ

626 3304 759 3380 Περὶ
791 3302 1058 3377 ὀνόματος
1086 3304 1176 3358 καὶ
1209 3303 1476 3381 ῥήματος.

288 3395 356 3449 α’.
414 3391 627 3466 ’Όνομά
677 3392 788 3448 ἐστι
840 3394 994 3471 φωνὴ
1047 3394 1354 3467 σημαντική
1413 3415 1549 3449 κατα
1601 3396 1873 3465 συνθήκην

211 3482 340 3540 ἄνευ
389 3482 612 3559 χρόνου,
654 3484 721 3551 ἧς
768 3479 923 3537 οὐδὲν
975 3482 1139 3558 μέρος
1189 3481 1301 3537 ἐστὶ
1332 3483 1660 3556 σημαντικὸν
1692 3503 1872 3559 κεχω-

213 3573 496 3650 ρισμένον.

292 3662 360 3737 β’.
393 3662 573 3734 Ῥῆμα
608 3657 666 3715 δέ
695 3658 806 3716 ἐστι
858 3661 1010 3737 φωνή
1060 3661 1368 3734 σημαντικὴ
1418 3661 1554 3716 κατᾶ
1599 3662 1870 3732 συνθήκην

205 3749 701 3826 προσσημαίνουσα
747 3748 967 3825 χρόνον,
1017 3752 1085 3818 ἧς
1117 3747 1270 3805 οὐδὲν
1317 3751 1483 3827 μέρος
1516 3748 1626 3805 ἐστὶ
1658 3772 1871 3825 σημαν-

206 3840 366 3896 τικὸν
388 3837 820 3915 κεχωρισμένον.

283 3930 351 4005 γ’.
384 3930 504 3983 Ὅτι
560 3928 654 4001 μὲν
705 3924 796 3982 οὖν
853 3925 1103 4004 ἔναρθροι
1145 3927 1315 4004 φωναὶ
1354 3929 1416 3983 τὸ
1467 3923 1643 4003 ὄνομα
1689 3929 1779 3984 καὶ
1809 3930 1871 3984 τὸ

207 4017 393 4096 ῥῆμα,
427 4015 587 4072 παντί
615 4037 721 4071 που
754 4013 942 4086 δῆλον.
1408 4019 1417 4025 ’

288 4105 332 4161 δ’
366 4150 380 4164 .
440 4106 736 4182 Ἔναρθρος
804 4102 863 4160 δὲ
936 4102 1149 4181 λέγεται
1207 4109 1353 4159 πᾶσα
1405 4110 1513 4160 τῶν
1573 4106 1868 4178 ἀνθρώπων

208 4193 519 4257 διάλεκτοςο
575 4191 667 4248 διὰ
714 4192 779 4248 τὸ
829 4195 926 4255 τὰς
980 4191 1408 4270 συμπληρούσας
1457 4194 1622 4263 αὐτὴν
1673 4193 1872 4250 συλλα-

206 4279 313 4345 ϐὰς
362 4281 581 4361 ἄρθροις
631 4281 861 4339 ἐοικέναι
910 4284 1074 4353 ζώου,
1124 4280 1438 4356 δυναμένοις
1482 4283 1574 4339 ἀπ’
1603 4282 1868 4355 ἀλλήλων

207 4368 579 4447 διακρίνεσθαι
609 4378 723 4427 κατ’
756 4372 1042 4449 ἐνέργειαν.

282 4469 342 4520 ε’.
400 4464 519 4518 "Ott
581 4458 639 4517 δὲ
693 4461 784 4516 καὶ
843 4461 1172 4535 σημαντικαὶ
1206 4503 1222 4529 ,
1276 4462 1501 4539 φανερὸν
1558 4464 1648 4517 καὶ
1703 4462 1867 4518 αὐτό.

205 4550 315 4609 Καὶ
372 4549 478 4627 γὰρ
531 4551 596 4606 τὸ
653 4547 938 4619 ἄνθρωπος
994 4549 1083 4605 καὶ
1134 4547 1309 4612 *ἵππος
1364 4550 1454 4606 καὶ
1507 4553 1721 4628 τρέχει,
1780 4552 1868 4607 καὶ

205 4638 537 4710 διαλέγεται,
583 4640 675 4694 καὶ
704 4638 773 4694 τὰ
816 4642 1061 4711 τοιαῦτα,
1117 4636 1339 4712 δύναμιν
1396 4637 1549 4715 ἔχει,
1601 4661 1864 4713 σημαντι-

205 4732 341 4802 κήν.

282 4826 347 4884 ς’.
406 4816 586 4874 ’Δλλὰ
658 4816 749 4872 καὶ
804 4817 954 4872 κατὰ
999 4818 1274 4888 συνθήκην
1337 4816 1448 4872 ἐστὶ
1505 4819 1570 4872 τὰ
1628 4817 1870 4891 ὀνόματα

205 4909 304 4966 καὶ
353 4908 423 4962 τὰ
472 4905 714 4983 ῥήματα.
764 4905 1049 4961 Συνέθεντο
1096 4907 1199 4983 γὰρ
1252 4903 1522 4977 Ἕλληνες
1570 4907 1684 4978 μὲν,
1724 4912 1869 4961 τοῖσ-

208 4996 274 5054 δε
299 5000 419 5059 τοῖς
472 4994 703 5069 ὀνόμασι
746 4994 815 5050 τὰ
860 4995 1153 5070 πράγματα
1196 4993 1403 5051 καλεῖν·
1453 4991 1611 5049 Ἰνδοὶ
1665 4992 1711 5048 δ’
1755 4995 1869 5049 ἐτέ-

209 5108 357 5165 ροις,
386 5083 477 5141 καὶ
508 5082 704 5146 ἄλλοις
748 5083 1056 5160 Αἰγύπτιοι.
1089 5082 1189 5136 Καὶ
1237 5083 1291 5137 οἱ
1338 5081 1491 5137 αὐτοὶ
1536 5080 1593 5137 δὲ
1619 5084 1687 5139 τὰ
1734 5082 1868 5138 αὐτὰ

204 5176 506 5252 πράγματα
534 5173 667 5228 ποτὲ
719 5173 815 5246 μὶν
860 5171 1056 5234 ἄλλοις
1104 5171 1238 5226 ποτὲ
1270 5169 1316 5226 δ’
1353 5170 1555 5245 ἑτέροις
1582 5171 1863 5245 σημαίνειν

208 5264 497 5339 ὀνόμασιν
558 5261 741 5338 ὥσπερ
799 5260 889 5316 καὶ
943 5261 1038 5322 τὰς
1088 5258 1301 5315 τοιάσδε
1356 5259 1621 5336 ἐνεργείας
1666 5260 1756 5315 καὶ
1800 5262 1868 5316 τὰ

201 5350 396 5412 τοιάδε
445 5352 588 5424 πάθη
651 5348 743 5406 διὰ
804 5347 978 5406 τῶνδε
1052 5349 1143 5404 καὶ
1198 5346 1368 5404 τῶνδε
1438 5354 1546 5404 τῶν
1608 5349 1867 5426 ῥημάτων

207 5442 480 5523 ἐκφαίνειν
516 5438 811 5517 ἐκύρωσαν.

285 5534 346 5604 ζ’.
398 5532 553 5587 Ὄσεν
614 5526 740 5585 οὐδὲ
794 5527 947 5607 φύσει
1006 5532 1123 5591 τοῖς
1182 5526 1485 5603 ἀνθρώποις
1525 5528 1592 5582 τὰ
1625 5526 1867 5601 ὀνόματά

211 5622 327 5680 ἔστι
380 5619 474 5676 καὶ
518 5619 587 5674 τὰ
639 5617 876 5695 ῥήματα·
929 5613 1067 5672 διότι
1113 5616 1181 5671 τὰ
1228 5615 1380 5695 φύσει
1432 5617 1579 5693 παρὰ
1624 5622 1752 5671 πᾶσι
1797 5617 1865 5671 τὰ

409 5798 516 5856 Κᾶν
566 5797 623 5853 αἱ
681 5794 855 5876 φωναὶ
914 5792 973 5850 Si
1017 5794 1169 5875 φύσει
1221 5796 1549 5873 (φωνητικὸν
1587 5794 1690 5872 γὰρ
1724 5787 1870 5864 ζῶον⁹

1902 3222 1959 3288 Α
2020 3324 2022 3329 .

2579 3218 2813 3275 CAPUT
2850 3218 3039 3275 XXVI.

2506 3313 2586 3365 De
2612 3309 2840 3364 nomine
2867 3316 2921 3365 et
2942 3308 3124 3364 verbo.

2058 3398 2208 3455 255
2246 3399 2295 3453 1.
2329 3398 2552 3452 Nomen
2586 3400 2675 3453 est
2696 3413 2805 3452 vox
2838 3396 3226 3470 significativa
3255 3414 3324 3452 ex
3369 3396 3641 3455 instituto

1987 3485 2112 3541 sine
2143 3490 2407 3557 tempore
2438 3486 2611 3563 cujus
2661 3503 2797 3557 pars
2828 3485 2990 3540 nulla
3021 3484 3316 3559 signiﬁcat
3346 3489 3636 3558 separata.

2051 3665 2106 3720 2.
2140 3664 2395 3719 Verbum
2449 3667 2645 3719 autem
2674 3666 2764 3718 est
2793 3679 2899 3719 vox
2939 3663 3327 3736 signiﬁcativa
3368 3679 3438 3719 ex
3466 3662 3635 3720 insti~

1981 3756 2130 3823 tuto,
2159 3769 2287 3824 quae
2336 3756 2571 3824 tempus
2603 3750 2969 3822 adsigniﬁcat
3013 3752 3143 3822 ejus
3173 3750 3336 3807 nulla
3377 3768 3514 3825 pars
3545 3769 3635 3809 se-

1980 3846 2185 3914 parata
2214 3841 2527 3914 signiﬁcat.

2052 3931 2106 3984 3.
2139 3931 2209 3985 Et
2250 3946 2461 3985 nomen
2510 3929 2749 4001 quidem
2781 3932 2956 4000 atque
3001 3929 3244 3985 verbum
3290 3944 3420 3987 esse
3464 3945 3635 3986 voces

1981 4019 2345 4085 articulatas,
2378 4018 2562 4074 cuivis
2592 4018 2773 4074 ferme
2799 4016 3023 4073 clarum
3057 4022 3166 4073 est.

2051 4107 2429 4163 lt.Articulata
2450 4111 2644 4162 autem
2669 4106 2884 4162 dicitur
2909 4106 3101 4162 omnis
3121 4106 3434 4162 hominum
3459 4106 3634 4162 diale-

1981 4200 2112 4252 ctus
2132 4197 2256 4268 (seu
2289 4196 2870 4268 elocutio)propterea
2890 4195 3044 4269 quod
3068 4194 3302 4268 syllabae
3329 4212 3457 4267 quin
3479 4211 3632 4251 com-

1980 4284 2141 4356 plent
2192 4299 2321 4339 eam
2352 4282 2614 4339 articulis
2647 4281 2922 4338 animalis
2971 4282 3092 4337 sint
3119 4281 3345 4337 similes
3376 4281 3477 4353 qui
3506 4298 3541 4338 a
3569 4297 3632 4337 se

1981 4372 2228 4428 invicem
2260 4378 2392 4428 actu
2424 4372 2677 4429 discerni
2710 4376 2980 4445 possunt.

2048 4463 2104 4516 5.
2135 4466 2267 4517 Jam
2312 4478 2445 4517 vero
2476 4461 2655 4518 etiam
2702 4459 3123 4533 signiﬁcativas
3152 4475 3280 4515 esse
3325 4463 3384 4515 et
3430 4459 3629 4530 ipsum

1979 4550 2360 4606 manifestum
2390 4558 2497 4605 est.
2531 4550 2795 4621 Namque
2821 4548 2884 4601 τὸ
2916 4548 3090 4605 homo
3120 4551 3179 4604 et
3206 4564 3388 4617 equus
3418 4551 3477 4604 et
3496 4564 3627 4603 cur-

1975 4638 2053 4694 rit
2082 4644 2141 4695 et
2170 4639 2430 4705 disserit,
2463 4643 2519 4694 et
2548 4636 2889 4709 bujusmodi
2932 4636 3380 4708 signiﬁcativam
3410 4636 3629 4693 habent

1976 4727 2319 4800 potentiam.

2046 4819 2101 4871 6.
2132 4818 2244 4873 Sed
2276 4821 2334 4872 et
2361 4832 2429 4873 ex
2456 4816 2725 4872 instituto
2756 4818 2894 4871 sunt
2923 4814 3163 4871 nomine.
3190 4821 3245 4871 et
3271 4814 3625 4871 verba.Graa-

1978 4906 2027 4960 ei
2059 4906 2215 4961 enim
2249 4905 2484 4977 quidem
2515 4905 2675 4960 hisce
2706 4904 3043 4959 nominibus
3096 4921 3187 4959 res
3216 4919 3422 4959 vocare
3451 4903 3626 4960 insti-

1974 4999 2234 5063 tuerunt,
2269 4993 2402 5050 aliis
2431 4999 2626 5049 autem
2658 4993 2807 5061 Indi,
2838 4992 3087 5065 Egyptii
3129 4992 3436 5057 aliis.Quin
3466 4995 3525 5048 et
3552 4993 3622 5047 ii-

1975 5083 2107 5139 dem
2141 5100 2230 5139 res
2257 5084 2488 5138 easdem
2520 5082 2815 5137 interdum
2846 5081 2976 5137 aliis
3005 5085 3063 5137 et
3082 5081 3294 5137 iterum
3324 5080 3623 5138 interdum

1975 5173 2106 5228 aliis
2137 5173 2474 5227 nominibus
2514 5170 2844 5242 signiﬁcare
2871 5195 2885 5237 ;
2916 5170 3410 5241 quemadmodum
3443 5171 3622 5227 etiam

1973 5266 2033 5317 et
2079 5260 2251 5317 hasce
2303 5262 2558 5316 actiones
2596 5264 2654 5315 et
2698 5259 2873 5315 hasce
2918 5258 3224 5330 passiones
3269 5258 3400 5315 aliis
3446 5264 3621 5332 atque

1974 5348 2105 5404 aliis
2133 5348 2325 5405 verbis
2354 5349 2678 5421 patefacere
2708 5347 3103 5402 decreverunt.

2044 5527 2198 5585 256
2226 5528 2281 5583 7.
2304 5528 2492 5593 Quare
2522 5527 2699 5582 etiam
2730 5529 2941 5581 natura
2967 5543 3083 5583 non
3114 5529 3254 5582 sunt
3280 5525 3620 5585 hominibus

1972 5616 2213 5673 nomina
2240 5621 2298 5673 et
2328 5617 2517 5685 verba,
2542 5618 2848 5688 propterea
2877 5615 3033 5688 quod
3063 5632 3191 5688 qua
3220 5618 3429 5672 natura
3457 5619 3617 5682 sunt,

1971 5706 2126 5780 apud
2157 5723 2362 5763 omnes
2392 5707 2511 5763 sint
2538 5706 2760 5761 eadem.

2038 5797 2092 5853 8.
2127 5797 2474 5870 Quanquam
2519 5800 2716 5853 autem
2757 5811 2926 5853 voces
2974 5799 3112 5851 sunt
3163 5798 3372 5851 natura
3415 5793 3612 5864 (homo
