4108 6454
467 463 586 527 887

1723 464 2142 528 NICEPHORI
2188 464 2625 529 BLEMMID/E

3757 463 3881 527 888

468 597 628 653 enim
673 594 870 653 vocale
898 601 990 652 est
1042 596 1305 668 animal),
1337 597 1576 653 nomina
1622 601 1816 654 tamen
1849 603 1906 654 et
1935 599 2108 656 verba

2233 598 2598 671 5&v09wnoc),
2631 595 2757 652 ἀλλ’
2788 595 2893 673 οὐχ
2939 594 3133 659 ἀπλῶς
3180 595 3355 675 φωναὶ
3395 597 3463 651 τά
3514 594 3757 669 ὀνόματα
3783 596 3876 651 καὶ

469 704 584 743 non
617 692 756 743 sunt
806 685 1149 760 simpliciter
1175 703 1364 754 voces,
1396 688 1499 743 sed
1550 704 1718 744 voces
1749 694 1905 745 certo
1935 690 2110 744 modo

2233 689 2284 742 τὰ
2395 707 2555 761 ματα·
2582 687 2758 766 φωναὶ
2785 684 2842 741 ’δὲ
2870 684 3099 741 τοιῶσδε
3131 686 3583 764 μεμορφωμὲναι.

468 776 749 833 formata.

539 865 977 938 9.Relinquitur
1006 881 1142 938 ergo
1168 865 1409 922 nomina
1438 870 1495 922 et
1524 867 1698 923 verba
1717 884 1846 924 esse
1876 868 2113 941 positio-

2292 866 2356 928 θ’.
2389 865 2537 920 Θέσει
2567 866 2631 920 τὸ
2679 864 2873 922 λοιπὸν
2925 865 3025 920 εἶσι
3074 865 3141 921 τὰ
3189 866 3432 939 ὀνόματα
3475 865 3660 922 καὶτὰ
3690 865 3878 942 ῥήμα-

466 970 540 1011 ne
569 955 663 1028 (ab
696 954 993 1028 aliquibus
1021 955 1177 1011 enim
1209 959 1348 1012 sunt
1376 956 1817 1029 imposita),nisi
1848 958 1982 1029 quis
2010 958 2112 1014 illa

2233 974 2302 1008 ια.
2347 953 2615 1009 Τέθεινται
2666 956 2771 1031 γὰρ
2823 956 2927 1011 ὑπό
2977 976 3156 1009 τινωψ
3208 956 3255 1009 εί
3288 959 3363 1029 μή
3414 976 3497 1017 τις
3528 954 3680 1031 λέγοι
3721 955 3876 1032 φύσει

466 1044 579 1101 alio
600 1045 773 1100 modo
790 1047 1001 1100 natura
1015 1061 1143 1100 esse
1161 1044 1497 1117 dicat,quod
1522 1052 1658 1118 apte
1687 1063 1751 1101 se
1771 1047 2022 1103 habeant
2038 1048 2108 1103 ad

2233 1041 2420 1116 ιρόπον
2453 1039 2623 1097 ἄλλον
2656 1042 2919 1119 ὑπάρχειν
2950 1042 3084 1098 αὐτὰ
3108 1040 3197 1098 διὰ
3220 1044 3283 1097 τὸ
3313 1042 3528 1105 οἰκείως
3559 1040 3710 1118 ἔχειν
3739 1045 3875 1119 πρὸς

465 1149 560 1190 res
589 1133 807 1206 quibus
836 1137 976 1189 sunt
1004 1133 1301 1206 imposita,
1333 1134 1610 1206 quodque
1639 1140 1861 1191 naturae
1915 1153 2109 1192 rerum

2233 1131 2286 1185 τὰ
2331 1132 2627 1207 πράγματα
2673 1133 2756 1194 οἷς
2806 1131 3085 1203 ἐτέθησαν,
3130 1131 3220 1187 καὶ
3266 1135 3336 1207 τῇ
3382 1137 3489 1186 τῶν
3537 1132 3875 1209 πραγμάτων

464 1223 874 1279 convenienter
900 1225 959 1277 et
988 1228 1377 1295 congruenter
1404 1224 1524 1279 sint
1554 1224 1849 1297 imposita.

537 1314 624 1369 10.
654 1311 779 1367 Dici
807 1328 942 1368 vero
972 1311 1151 1369 etiam
1178 1312 1406 1383 possint
1436 1313 1676 1369 nomina
1701 1318 1759 1369 et
1785 1315 1959 1370 verba
1978 1316 2114 1369 κατά

465 1401 759 1470 συνθήκην,
808 1401 868 1456 id
925 1405 1015 1457 est
1063 1417 1132 1457 ex
1177 1401 1619 1473 compositione,
1672 1404 1744 1458 ad
1795 1404 2111 1460 discrimen

460 1506 671 1547 vocum
722 1488 1233 1547 inarticulatarum
1263 1508 1391 1562 qua:
1439 1495 1496 1547 et
1525 1491 1666 1563 ipsae
1714 1492 2111 1564 signiﬁcativas

465 1584 626 1647 sunt,
671 1580 1175 1652 quemadmodum
1224 1580 1481 1653 gemitus
1531 1587 1588 1636 et
1618 1580 1788 1637 ﬂetus
1829 1582 2110 1652 dolorem,

461 1672 521 1725 et
547 1669 704 1724 risus
734 1672 909 1740 atque
937 1666 1261 1725 cachinnus
1291 1669 1666 1725 excellentem
1697 1671 1906 1726 anime
1937 1671 2110 1728 dill'u-

463 1755 688 1814 sionem
721 1774 825 1813 seu
855 1756 1122 1813 laetitiam
1153 1756 1486 1830 signiﬁcant
1509 1777 1523 1827 ;
1546 1763 1603 1813 et
1630 1759 1755 1815 aliae
1784 1777 1954 1815 voces
1985 1777 2111 1833 quae

465 1861 582 1903 non
614 1849 754 1902 sunt
780 1863 849 1902 ex
878 1847 1322 1919 compositione,
1356 1852 1499 1920 puta
1529 1847 2111 1921 syllabarum,diver-

464 1953 563 1993 sas
589 1951 682 1992 res
713 1933 1027 1993 declarant.

536 2027 624 2081 11.
649 2025 769 2080 Dici
803 2029 1022 2097 queant
1052 2028 1533 2094 (commemorata
1564 2028 1805 2083 nomina
1834 2033 1892 2084 et
1915 2029 2114 2097 verba)

467 2111 606 2169 κατὰ
630 2114 901 2183 συνθήκην
936 2114 1129 2186 (quasi
1158 2115 1319 2171 dicas
1348 2131 1417 2170 ex
1464 2117 1905 2189 compositione)
1934 2120 2111 2174 etiam

465 2206 774 2276 propterea
804 2204 959 2276 quod
992 2203 1226 2276 syllabas
1256 2204 1314 2259 in
1347 2205 1492 2277 ipsis
1519 2206 1626 2261 etsi
1660 2211 1872 2263 natura
1903 2208 2115 2264 discre-

463 2296 538 2350 ιω
569 2296 850 2357 sunt,non
881 2295 1076 2348 tamen
1108 2310 1143 2348 a
1173 2309 1235 2348 se
1265 2293 1513 2349 invicem
1545 2294 1740 2351 recisas
1772 2295 1912 2362 sint,
1927 2302 1985 2351 et
2014 2314 2116 2369 per

466 2397 531 2438 se
561 2380 784 2437 scilicet
813 2381 1204 2453 proferantur,
1237 2383 1338 2437 sed
1371 2382 1430 2437 in
1462 2384 1609 2441 257
1648 2388 1855 2440 mutua
1884 2401 2117 2458 compo-

465 2468 678 2527 sitione
704 2470 1062 2540 conjunctim
1088 2488 1102 2538 ;
1135 2471 1217 2526 ita
1247 2475 1312 2526 ut
1341 2487 1551 2527 nomen
1585 2477 1643 2529 et
1673 2474 1915 2529 verbum
1956 2473 2117 2530 velut

469 2574 657 2615 unum
670 2575 880 2631 corpus
893 2559 1292 2615 consideretur
1312 2562 1464 2633 quod
1490 2578 1559 2616 ex
1581 2562 1826 2619 diversis
1848 2562 2115 2635 partibus

469 2646 808 2704 absolvitur.

547 2738 629 2792 12.
668 2736 843 2792 Porro
891 2741 1085 2809 partes
1115 2738 1372 2796 nominis
1419 2744 1477 2795 et
1503 2740 1665 2795 verbi
1696 2757 1731 2795 a
1760 2756 1822 2795 se
1864 2741 2115 2798 invicem

472 2829 756 2894 separatae
805 2825 1251 2899 signiﬁcationis
1281 2835 1524 2884 manent
1571 2833 1854 2901 expertes.
1886 2830 2115 2886 Etenim

472 2914 918 2988 consigniﬁcare
965 2917 1203 2988 quidem
1251 2916 1363 2973 sibi
1421 2918 1671 2974 invicem
1728 2919 1945 2975 dicitur
1999 2937 2119 2975 una

471 3020 717 3077 quaeque
764 3021 947 3076 pars;
1004 3021 1107 3076 per
1153 3021 1215 3061 se
1265 3010 1459 3061 autem
1516 3006 1847 3080 signiﬁcare
1895 3007 2113 3080 aliquid

469 3109 845 3165 nequaquam
892 3093 1174 3164 (dicitur).
1206 3094 1277 3149 Et
1318 3094 1679 3167 simplicium
1724 3097 1964 3167 quidam
2014 3114 2116 3153 no-

469 3180 700 3238 minum
753 3185 812 3237 et
852 3182 1160 3237 verborum
1210 3186 1403 3255 partes
1452 3200 1514 3238 se
1560 3184 1832 3240 videntur
1878 3185 2117 3256 quidem

2221 1220 2374 1298 φύσει
2404 1219 2773 1291 καταλλήλως
2803 1224 3022 1291 τεθῆναι
3050 1222 3142 1276 καὶ
3172 1221 3539 1293 ἁρμοζόντως.

2296 1311 2345 1363 ι’.
2380 1312 2636 1384 Κέγοιντο
2680 1307 2726 1364 δ’
2775 1310 2834 1364 ἂν
2884 1311 3022 1365 κατά
3068 1312 3337 1380 συνθήκην
3386 1311 3557 1388 φωναὶ
3606 1331 3876 1384 σημαντι-

2220 1398 2310 1453 καὶ
2366 1399 2432 1453 τά
2486 1394 2728 1471 ὅνόματα
2770 1400 2859 1453 καὶ
2905 1400 2973 1454 τά
3018 1399 3255 1475 ῥήματα,
3305 1400 3396 1454 καὶ
3449 1400 3586 1475 πρὸς
3633 1397 3878 1455 ἀντιδια-

2221 1487 2422 1558 στολῆν
2470 1492 2578 1542 τῶν
2631 1488 2906 1564 ἀνάρθρων
2952 1492 3163 1567 φωνῶν,
3216 1494 3324 1544 τῶν
3377 1495 3729 1561 σημαντικῶν
3779 1489 3874 1544 οὗ·

2220 1582 2325 1632 σῶν
2370 1577 2460 1631 καὶ
2509 1576 2706 1632 αὐτῶν·
2741 1578 2814 1638 ὡς
2845 1578 2873 1631 6
2905 1579 3203 1652 στεναγμὸς
3251 1576 3342 1632 καί
3374 1579 3403 1633 ὁ
3431 1580 3625 1654 θρῆνος
3676 1576 3875 1649 ὀδύνην

2221 1664 2567 1739 σημαίνουσι·
2625 1668 2715 1721 καὶ
2773 1667 2802 1721 6
2844 1664 3026 1741 γέλως
3079 1666 3169 1721 καὶ
3228 1667 3258 1721 6
3316 1669 3639 1743 καγχασμὸς
3696 1669 3874 1745 χαρὰν

2219 1754 2309 1809 καὶ
2340 1759 2527 1830 ψυχῆς
2579 1753 2813 1809 διάθεσιν
2861 1750 3328 1833 ὑπερϐάλλουσαν·
3373 1756 3462 1811 καὶ
3495 1754 3660 1812 ἄλλαι
3697 1758 3878 1833 φωναὶ

2225 1844 2302 1916 μὴ
2327 1845 2462 1898 κατᾶ
2491 1846 2762 1916 συνθήκην
2795 1842 2969 1917 οὖσαι,
3004 1840 3293 1900 συλλαϐῶν
3327 1842 3878 1922 δηλαδῆ,πράγμ.ατα

2142 1971 2190 2037 Β
2223 1930 2455 2003 δηλοῦσι
2487 1930 2736 2037 διάφορα.

2297 2024 2381 2076 ια’.
2445 2022 2705 2098 Λέγοιντο
2780 2025 2917 2078 κατὰ
2985 2025 3257 2094 συνθήκην
3337 2026 3405 2079 τά
3459 2023 3723 2100 εἴρημένα
3783 2025 3878 2080 καὶ

2223 2108 2313 2166 διὰ
2335 2111 2398 2166 τὸ
2451 2114 2527 2185 μή
2576 2113 2672 2174 τὰς
2703 2112 2866 2175 αὐτὰς
2918 2112 2969 2167 ἐν
3015 2112 3197 2175 αὐτοῖς
3247 2108 3546 2186 συλλαϐάς,
3578 2113 3744 2169 εἶκαὶ
3776 2114 3879 2193 φύ-

2222 2221 2301 2254 σει
2352 2198 2706 2276 διωρισμέναι
2755 2200 2909 2271 εἰσίν,
2961 2201 3411 2276 ἆποκεκομμένας
3468 2203 3557 2257 ἀπ’
3607 2202 3878 2274 ἀλλήλων

2224 2288 2380 2360 εἶναι,
2430 2289 2518 2344 καὶ
2563 2290 2679 2344 καθ’
2728 2290 2917 2351 ἑαυτάς
2972 2288 3111 2358 δῆτα
3151 2289 3533 2368 προφέρεσθαι,
3564 2290 3713 2348 ἀλλὰ
3741 2292 3881 2347 κατὰ

2220 2378 2321 2447 τήν
2358 2384 2471 2451 μετ’
2518 2376 2789 2449 ἀλλήλων
2836 2380 3107 2450 συνθήκην
3158 2378 3583 2450 συλληπτικῶς·
3638 2381 3717 2442 ὡς
3755 2381 3876 2443 ἐνὸς

2224 2467 2391 2521 οἱονεὶ
2450 2467 2702 2540 σώματος
2759 2468 3136 2543 θεωρουμένου
3206 2473 3301 2523 τοῦ
3357 2467 3625 2541 ὀνόματος
3680 2468 3719 2539 ἤ
3776 2475 3877 2525 τοῦ

2226 2554 2291 2630 ῥή
2304 2564 2471 2629 ματος
2502 2554 2561 2611 ἐκ
2587 2554 2859 2635 διαφόρων
2892 2556 3315 2633 άπαρτιζομένον
3351 2563 3550 2633 μερῶν.

2298 2736 2385 2811 ιβ’.
2436 2735 2510 2789 τὰ
2559 2734 2697 2811 μέρη
2750 2733 2809 2790 δὲ
2852 2741 2949 2790 τοῦ
3001 2736 3271 2810 ὀνόματος
3326 2737 3418 2791 καὶ
3472 2742 3571 2793 τοῦ
3625 2737 3879 2814 ῥήματος

2226 2825 2317 2879 ἀπ’
2356 2823 2621 2895 ἀλλήλων
2668 2825 3071 2901 κεχωρισμένα,
3126 2828 3267 2900 μένει
3313 2827 3612 2900 ἀσήμαντα.
3664 2834 3878 2899 Συσση-

2230 2912 2430 2985 μαίνειν
2486 2912 2582 2986 μὲν
2632 2914 2734 2990 γὰρ
2786 2912 3060 2985 ἀλλήλοις
3114 2912 3350 2990 λέγεται·
3405 2916 3681 2989 σημαίνειν
3736 2915 3795 2974 δέ
3824 2940 3877 2973 τι

2222 3007 2330 3057 τῶν
2376 3006 2552 3078 μερῶν
2601 2999 2822 3057 ’ἑκαστον
2868 3004 2982 3057 καθ’
3029 3002 3160 3058 αὐτὸ
3207 3001 3483 3077 οὐδαμῶς.
3533 3004 3631 3059 Καὶ
3681 3007 3751 3060 τά
3783 3008 3884 3080 μὲν

2224 3095 2330 3145 τῶν
2386 3088 2576 3145 ἁπλῶν
2634 3090 2916 3163 ὀνομάτων
2973 3089 3010 3160 ἤ
3069 3091 3329 3167 ῥημάτων
3397 3094 3534 3170 μέρη
3596 3091 3722 3149 οὐδὲ
3776 3093 3878 3149 κᾶν

2226 3183 2357 3254 γοῦν
2413 3176 2633 3249 δόκησιν
2694 3176 2809 3255 ἔχει
2868 3184 2964 3234 τοῦ
3020 3182 3138 3235 καθ’
3194 3180 3328 3236 αὐτὰ
3384 3181 3514 3237 εἶναι
3546 3183 3878 3255 σημαντικά.

468 3269 647 3327 etiam
709 3286 812 3343 per
868 3286 932 3326 se
987 3270 1384 3343 signiﬁcativaa
1442 3289 1589 3328 esse.
1650 3272 2112 3345 Compositorum

2233 3267 2301 3321 Τὰ
2356 3264 2413 3320 δὲ
2456 3271 2563 3321 τῶν
2640 3266 2899 3322 συνθέτων
2968 3268 3255 3344 φαντασίαν
3322 3270 3416 3341 μὲν
3472 3270 3703 3346 παρέχει
3753 3272 3882 3325 τινὰ

468 3362 666 3417 autem
697 3340 1004 3415 nominum
1035 3340 1093 3414 et
1121 3360 1430 3415 verborum
1465 3366 1658 3432 partes
1689 3362 1939 3433 speciem
1980 3363 2111 3435 qui-

2233 3360 2320 3410 τοῦ
2368 3354 2674 3428 σημαίνειν,
2721 3355 2783 3409 οὐ
2840 3356 3024 3428 μέντοι
3073 3356 3325 3428 σημαίνει
3369 3360 3507 3413 κατά
3549 3379 3614 3433 γε
3639 3359 3704 3413 τὸ
3733 3358 3878 3430 ἀλη-

470 3449 603 3505 dem
638 3446 897 3520 aliquam
927 3446 1301 3520 signiﬁcandi
1334 3449 1632 3521 exhibent,
1664 3468 1865 3507 verum
1917 3456 2115 3508 tamen

467 3537 529 3592 in
558 3536 800 3593 veritate
830 3553 945 3591 non
977 3536 1565 3609 signiﬁcant.Etenim
1594 3538 1658 3593 τὸ
1683 3537 1855 3601 ’ίππος
1882 3542 2116 3613 (equus)

467 3640 601 3681 cum
635 3625 713 3680 sit
760 3642 896 3695 pars
923 3628 1021 3678 τοῦ
1051 3622 1387 3694 κάλλιππος,
1428 3627 1575 3683 nihil
1628 3628 1937 3701 signiﬁcat.
1971 3630 2114 3685 Cum

475 3713 634 3769 enim
682 3712 921 3785 quidem
949 3710 1012 3766 τὸ
1054 3710 1228 3776 ἵππος
1260 3717 1491 3788 (equus)
1545 3716 1737 3773 solum
1770 3722 1834 3772 ut
1882 3735 2116 3787 nomen,

466 3802 577 3858 hoc
625 3801 844 3858 animal
897 3801 1209 3874 signiﬁcat.
1240 3809 1383 3859 Cum
1430 3809 1625 3861 autem
1677 3810 1741 3861 ut
1784 3823 1918 3875 pars
1965 3808 2116 3863 acci-

468 3889 629 3963 pitur
654 3891 753 3942 τοῦ
782 3885 1122 3957 κάλλιππος,
1154 3891 1425 3947 avulsum
1459 3909 1493 3947 a
1521 3909 1629 3948 suo
1660 3893 2118 3967 integro,expers

467 3976 689 4050 aliquid
738 3977 1186 4050 signiﬁcationis
1235 3980 1505 4036 efﬁcitur.
1537 3981 1823 4038 Eumdem
1874 4000 2013 4039 sane
2044 3984 2116 4039 ad

467 4067 711 4122 modum
757 4067 932 4122 etiam
964 4067 1124 4122 verbi
1178 4073 1373 4140 partes
1402 4085 1533 4124 cum
1569 4087 1603 4126 ιι
1632 4087 1695 4125 se
1746 4071 1961 4127 inviem
1992 4072 2114 4128 dis-

467 4159 807 4227 cernuntur,
836 4155 1262 4228 signiﬁcatione
1293 4173 1528 4229 quoque
1558 4165 1924 4231 separantur.

543 4244 630 4299 13.
664 4242 874 4301 Omnia
920 4244 1076 4299 enim
1108 4250 1165 4300 et
1211 4246 1436 4301 nomini
1467 4250 1526 4302 et
1568 4248 1742 4303 verbo
1773 4253 1912 4303 sunt
1958 4265 2115 4305 com-

468 4332 712 4392 munia:
746 4337 1130 4405 praeterquam
1182 4335 1337 4405 quod
1380 4336 1621 4391 verbum
1672 4336 1909 4408 quidem
1960 4338 2116 4393 adsi-

462 4421 710 4495 gniﬁcat
736 4425 972 4495 tempus
997 4440 1011 4491 ;
1045 4439 1259 4479 nomen
1289 4427 1486 4479 autem
1514 4429 1606 4480 est
1640 4425 1768 4480 sine
1798 4430 2078 4498 tempore.

538 4509 692 4569 258
726 4511 997 4584 14.Atqui
1024 4511 1150 4567 sine
1171 4516 1433 4584 tempore
1454 4513 1850 4579 dicimus,non
1873 4514 1930 4569 id
1958 4516 2115 4586 quod

464 4617 773 4672 nunquam
803 4605 1041 4673 tempus
1070 4600 1384 4673 signiﬁcat,
1416 4602 1517 4659 sed
1550 4604 1706 4674 quod
1737 4607 1971 4675 tempus
1998 4621 2115 4659 non

466 4687 1121 4778 adsigniﬁcat.7Videsis
1153 4689 1307 4744 enim
1350 4689 1709 4758 hesternum,
1741 4691 2111 4761 hodiernum,
2145 4714 2192 4778 D

464 4782 528 4835 et
559 4795 687 4852 quae
710 4781 850 4834 sunt
870 4777 1474 4850 hujusmodi,tempus
1503 4780 1739 4850 quidem
1762 4780 2115 4853 signiﬁcant,

465 4883 583 4923 non
614 4870 813 4923 tamen
848 4866 1027 4923 etiam
1058 4870 1296 4939 tempus
1344 4868 1776 4940 adsigniﬁcant,
1809 4873 1874 4925 ut
1895 4869 2110 4925 verba:

465 4959 774 5027 propterea
822 4956 977 5026 quod
1006 4956 1185 5011 verba
1232 4954 1511 5028 primario
1542 4957 1777 5029 quidem
1823 4958 2113 5014 actionem

464 5046 569 5100 aut
615 5043 949 5116 passionem
1003 5044 1357 5116 signiﬁcant,
1390 5046 1632 5117 insuper
1661 5050 1856 5101 autem
1905 5062 2114 5101 secun-

464 5131 630 5188 daria
675 5134 901 5188 ratione
930 5132 1108 5188 etiam
1140 5134 1336 5204 ipsum
1368 5138 1603 5206 tempus
1644 5134 1963 5199 declarant,
1996 5152 2112 5207 quo

463 5221 636 5288 actio,
668 5237 784 5292 quo
816 5221 1011 5293 passio
1042 5222 1377 5295 (indicatur)
1408 5240 1665 5296 praesens
1693 5223 1942 5296 exempli
1985 5239 2114 5295 gra-

458 5310 544 5367 tia
588 5308 796 5365 latiore
842 5308 1170 5382 signiﬁcato
1220 5315 1322 5366 aut
1371 5312 1751 5384 praeteritum,
1785 5316 1887 5367 aut
1933 5311 2110 5368 etiam

459 5399 747 5455 futurum.

534 5487 622 5544 15.
670 5484 959 5542 Ditferunt
1013 5488 1212 5541 autem
1270 5487 1509 5543 nomina
1566 5505 1601 5543 a
1652 5488 1844 5544 verbis
1901 5488 1961 5543 in
2019 5506 2106 5544 eo.

459 5576 616 5650 quod
670 5574 894 5630 nullam
936 5572 1223 5629 actionem
1275 5580 1375 5630 aut
1404 5575 1736 5646 passionem
1788 5576 2108 5644 declarant,

458 5665 753 5741 quomodn
803 5662 1042 5736 quidem
1112 5678 1246 5716 cum
1292 5662 1485 5718 verbis
1554 5670 1954 5736 comparatum
1997 5671 2105 5721 est.

456 5760 578 5813 Hoc
626 5754 808 5828 igitur
854 5769 888 5808 a
936 5768 1000 5808 se
1047 5750 1296 5807 invicem
1355 5751 1668 5808 discrimen
1724 5753 2110 5810 obtinuerunt

454 5845 698 5906 nomina
725 5848 784 5902 et
812 5840 1010 5901 verba.

2225 3446 2335 3506 θές.
2388 3448 2491 3497 Τοῦ
2538 3446 2641 3519 γὰρ
2698 3442 3012 3508 κάλλιππος
3071 3445 3339 3518 ὀνόματος
3399 3448 3561 3522 μέρος
3607 3447 3881 3503 ’ὀντὸῖπ-

2223 3554 2348 3603 πος,
2410 3530 2562 3587 οὖδὶν
2618 3533 2895 3607 σημαίνει.
2954 3533 3129 3589 Μόνον
3193 3536 3288 3607 μὲν
3335 3536 3435 3611 γὰρ
3482 3536 3556 3598 ὡς
3589 3532 3762 3610 ὄνομα
3809 3540 3878 3593 τὸ

2218 3619 2389 3683 ’ίππος
2441 3621 2623 3697 ῥηθὲν,
2673 3621 2925 3695 σημαίνει
2974 3620 3097 3677 τόδε
3135 3624 3198 3678 τὸ
3249 3628 3404 3693 ζῶον.
3455 3625 3681 3680 Ὀπόταν
3719 3623 3768 3680 δ’
3795 3627 3874 3689 ὡς

2228 3712 2391 3784 μέρος
2438 3707 2669 3789 ληφθείη
2721 3716 2817 3766 τοῦ
2864 3709 3199 3786 κάλλιππος,
3247 3712 3589 3778 ἀποσπασθὲν
3645 3722 3746 3785 τῆς
3797 3717 3881 3770 οἱ·

2224 3798 2370 3860 κείας
2403 3797 2689 3870 ὁλότητος,
2738 3795 2923 3876 νεκρόν
2971 3822 3023 3855 τι
3069 3802 3205 3856 κατὰ
3241 3801 3305 3856 τὸ
3357 3803 3758 3876 σημαινόμενον
3787 3805 3874 3880 γί-

2224 3909 2390 3946 νεται.
2439 3888 2539 3942 Τὸν
2585 3888 2743 3944 αὐτὸν
2792 3886 2858 3959 δὴ
2913 3889 3112 3966 τρόπον
3159 3891 3347 3946 καὶτὰ
3379 3893 3517 3968 μέρη
3547 3897 3647 3948 τοῦ
3692 3893 3876 3970 ῥήμα-

2222 3996 2315 4038 τος
2373 3976 2465 4031 ἀπ³
2521 3975 2788 4048 ἀλλήλων
2857 3975 3264 4053 διακρινόμενα,
3317 3980 3410 4036 καὶ
3455 3988 3557 4050 τῆς
3607 3982 3880 4056 σημασίας

2222 4064 2532 4141 γωρίζεται.

2229 4247 2315 4321 ιγ’.
2346 4247 2422 4300 Τὰ
2449 4244 2625 4301 πάντα
2665 4247 2771 4323 γὰρ
2824 4247 2977 4301 κοινὰ
3020 4250 3101 4319 τῷ
3143 4267 3205 4303 τε
3249 4246 3478 4321 ὀνόματι
3526 4269 3619 4303 και
3664 4248 3876 4324 @515-

2228 4355 2376 4406 ματι·
2432 4332 2581 4404 πλὴν
2626 4334 2708 4390 ὅτι
2751 4336 2815 4390 τὸ
2860 4335 3014 4412 ῥῆμα
3073 4336 3168 4409 μὶν
3217 4338 3615 4413 προσσημαίνει
3648 4338 3872 4414 χρόνον·

2225 4420 2346 4477 ἄνευ
2381 4419 2438 4478 δὲ
2463 4423 2667 4500 χρόνου
2696 4421 2937 4498 τοῦνομά
2965 4423 3096 4481 ἐστι.

2300 4508 2379 4565 ιδ’.
2425 4514 2496 4566 Τὸ
2541 4509 2598 4567 δὲ
2646 4510 2769 4567 ἄνευ
2814 4511 3019 4590 χρόνου
3066 4513 3241 4592 φαμὲν
3285 4511 3347 4568 οὗ
3377 4510 3457 4572 ,τὸ
3511 4515 3590 4586 μὴ
3639 4520 3876 4587 σημαῖον

2224 4600 2420 4675 χρόνον
2452 4601 2585 4656 ποτὲ
2616 4598 2910 4674 μηδαμῶς,
2937 4598 3083 4656 ἀλλὰ
3106 4602 3167 4656 τὸ
3194 4602 3270 4675 μὴ
3296 4621 3509 4675 προσση
3521 4607 3708 4676 μαῖνον
3741 4602 3876 4679 χρό-

2222 4709 2310 4742 νον
2339 4732 2351 4744 .
2405 4686 2542 4743 Ἰδοὺ
2589 4689 2693 4764 γὰρ
2738 4690 2801 4744 τὸ
2850 4690 3121 4764 χθεσινὸν,
3170 4690 3234 4745 τὸ
3282 4692 3575 4766 σημερινὸν
3607 4735 3621 4761 ,
3669 4691 3761 4747 καὶ
3807 4692 3877 4748 τὰ

2223 4782 2446 4833 τοιαῦτα
2504 4777 2828 4852 σημαίνουσι
2907 4779 3001 4852 μὶν
3057 4777 3299 4855 χρόνον,
3360 4778 3422 4834 οὐ
3499 4781 3608 4853 μὴν
3669 4778 3728 4837 δὲ
3782 4780 3873 4836 καὶ

2223 4866 2748 4943 προσσημαίνουσιν,
2801 4867 2877 4928 ὡς
2934 4867 3002 4922 τὰ
3052 4867 3289 4943 ῥήματα·
3352 4865 3493 4923 διότι
3547 4869 3617 4924 τὰ

2222 4955 2657 5032 προηγουμένως
2718 4955 2813 5029 μὲν
2873 4953 3142 5032 ἐνέργειαν
3197 4957 3233 5026 ἢ
3292 4955 3463 5021 πάθος
3520 4957 3867 5031 σημαίνουσι·

2221 5045 2356 5121 πρὸς
2386 5044 2599 5107 τούτοις
2626 5041 2684 5099 δὲ
2711 5046 2849 5100 κατὰ
2888 5041 3134 5120 δεύτερον
3181 5042 3347 5121 λόγον
3389 5044 3479 5101 καὶ
3528 5047 3620 5103 τὸν
3670 5049 3871 5123 χρόνον

2221 5131 2483 5203 δηλοῦσιν
2543 5132 2723 5205 αὐτὸν,
2782 5134 2898 5187 καθ’
2964 5134 3021 5189 ὃν
3078 5135 3115 5204 ἡ
3176 5132 3412 5211 ἐνέργεια
3444 5179 3459 5204 ,
3517 5136 3637 5199 καθ’
3697 5137 3755 5192 ὃν
3810 5137 3873 5192 τὸ

2219 5223 2413 5293 πάθος,
2463 5222 2555 5277 τὸν
2609 5221 2869 5277 ἐνεστῶτα
2921 5222 3089 5298 τυχὸν
3144 5219 3459 5297 πλατυκῶς,
3508 5224 3545 5294 ἢ
3573 5224 3667 5280 τὸν
3714 5246 3874 5303 παρε-

2220 5308 2521 5382 ληλυθότα,
2550 5310 2586 5379 ἢ
2616 5310 2706 5365 καὶ
2733 5310 2825 5365 τὸν
2862 5308 3153 5385 μέλλοντα.

2293 5488 2369 5541 ιε’.
2405 5488 2657 5564 Διαφέροι
2711 5485 2759 5542 δ’
2809 5487 2868 5541 ἂν
2906 5487 2976 5541 τὰ
3020 5486 3262 5561 ὀνόματα
3304 5494 3413 5545 τῶν
3464 5490 3725 5569 ῥημάτων
3772 5492 3868 5547 κᾶν

2215 5580 2295 5647 τῷ
2328 5573 2596 5650 μηδεμίαν
2648 5575 2918 5651 ἐνέργειαν
2963 5575 3000 5644 ἢ
3049 5575 3222 5639 πάθος
3271 5575 3500 5651 δηλοῦν,
3547 5580 3622 5643 ὡς
3656 5579 3870 5657 ἔχειτὰ

2219 5664 2454 5739 ῥήματα.
2508 5664 2715 5734 Ταύτην
2770 5666 2863 5738 μὲν
2917 5662 3008 5718 οὖν
3037 5666 3137 5733 τήν
3171 5666 3262 5720 ἀπ’
3304 5666 3569 5739 ἀλλήλων
3598 5666 3860 5746 διάκρισιν

2217 5750 2376 5829 ἔσχον
2405 5754 2471 5808 τά
2501 5752 2741 5827 ὀνόματα
2770 5752 2857 5808 καὶ
2886 5753 2953 5807 τὰ
2982 5751 3222 5830 ῥήματα.
