  <div class='ocr_page' id='page_1' title='image "/cluster/home/n/w/nwhite01/storage/ocr_20150623/142/mdp.39015078384792/452.png"; bbox 0 0 4108 6430; ppageno 0'>
   <div class='ocr_carea' id='block_1_1' title="bbox 240 460 474 539">
    <p class='ocr_par' dir='ltr' id='par_1_1' title="bbox 240 460 474 539">
     <span class='ocr_line' id='line_1_1' title="bbox 240 460 474 539; baseline -0.004 -14"><span class='ocrx_word' id='word_1_1' title='bbox 240 460 474 539; x_wconf 41' lang='grc'><strong>,889</strong></span> 
     </span>
    </p>
   </div>
   <div class='ocr_carea' id='block_1_2' title="bbox 1704 456 2405 526">
    <p class='ocr_par' dir='ltr' id='par_1_2' title="bbox 1704 456 2405 526">
     <span class='ocr_line' id='line_1_2' title="bbox 1704 456 2405 526; baseline -0.003 -3"><span class='ocrx_word' id='word_1_2' title='bbox 1704 459 2056 526; x_wconf 80' lang='lat' dir='ltr'><strong>EPITOME</strong></span> <span class='ocrx_word' id='word_1_3' title='bbox 2099 456 2405 526; x_wconf 82' lang='lat' dir='ltr'><strong>LOGIGA.</strong></span> 
     </span>
    </p>
   </div>
   <div class='ocr_carea' id='block_1_3' title="bbox 3633 415 3757 511">
    <p class='ocr_par' dir='ltr' id='par_1_3' title="bbox 3633 415 3757 511">
     <span class='ocr_line' id='line_1_3' title="bbox 3633 415 3757 511; baseline 0 0"><span class='ocrx_word' id='word_1_4' title='bbox 3633 415 3757 511; x_wconf 67' lang='lat' dir='ltr'><strong>sei)</strong></span> 
     </span>
    </p>
   </div>
   <div class='ocr_carea' id='block_1_4' title="bbox 430 558 1991 672">
    <p class='ocr_par' dir='ltr' id='par_1_4' title="bbox 430 590 1991 672">
     <span class='ocr_line' id='line_1_4' title="bbox 430 590 1991 672; baseline 0.001 -25"><span class='ocrx_word' id='word_1_5' title='bbox 430 594 513 657; x_wconf 85' lang='grc' dir='ltr'>ις’.</span> <span class='ocrx_word' id='word_1_6' title='bbox 546 593 663 670; x_wconf 78' lang='grc' dir='ltr'><strong>Χρὴ</strong></span> <span class='ocrx_word' id='word_1_7' title='bbox 724 590 781 648; x_wconf 75' lang='grc' dir='ltr'><strong>δὲ</strong></span> <span class='ocrx_word' id='word_1_8' title='bbox 822 593 1106 669; x_wconf 82' lang='grc' dir='ltr'><strong>γινώσκειν</strong></span> <span class='ocrx_word' id='word_1_9' title='bbox 1161 592 1246 648; x_wconf 80' lang='grc' dir='ltr'>ὅτι</span> <span class='ocrx_word' id='word_1_10' title='bbox 1298 594 1366 648; x_wconf 81' lang='grc' dir='ltr'>τὰ</span> <span class='ocrx_word' id='word_1_11' title='bbox 1422 592 1651 672; x_wconf 78' lang='grc' dir='ltr'><strong>φύσεων,</strong></span> <span class='ocrx_word' id='word_1_12' title='bbox 1781 595 1991 669; x_wconf 91' lang='grc' dir='ltr'>προσώ-</span> 
     </span>
    </p>
   </div>
   <div class='ocr_carea' id='block_1_5' title="bbox 2112 558 3751 672">
    <p class='ocr_par' dir='ltr' id='par_1_5' title="bbox 2186 558 3751 668">
     <span class='ocr_line' id='line_1_5' title="bbox 2186 558 3751 668; baseline -0.009 -16"><span class='ocrx_word' id='word_1_13' title='bbox 2186 598 2272 652; x_wconf 89' lang='grc'>16.</span> <span class='ocrx_word' id='word_1_14' title='bbox 2306 558 2783 668; x_wconf 88' lang='lat' dir='ltr'><strong>Cognoscendum</strong></span> <span class='ocrx_word' id='word_1_15' title='bbox 2832 592 3026 647; x_wconf 87' lang='lat' dir='ltr'><strong>autem</strong></span> <span class='ocrx_word' id='word_1_16' title='bbox 3058 590 3169 656; x_wconf 81' lang='lat' dir='ltr'><strong>est,</strong></span> <span class='ocrx_word' id='word_1_17' title='bbox 3213 585 3370 660; x_wconf 89' lang='lat' dir='ltr'><strong>quod</strong></span> <span class='ocrx_word' id='word_1_18' title='bbox 3401 601 3528 658; x_wconf 79' lang='lat' dir='ltr'><strong>quae</strong></span> <span class='ocrx_word' id='word_1_19' title='bbox 3574 586 3751 640; x_wconf 89' lang='lat' dir='ltr'><strong>natu-</strong></span> 
     </span>
    </p>
   </div>
   <div class='ocr_carea' id='block_1_6' title="bbox 354 679 1999 759">
    <p class='ocr_par' dir='ltr' id='par_1_6' title="bbox 354 679 1999 759">
     <span class='ocr_line' id='line_1_6' title="bbox 354 679 1999 759; baseline -0.001 -21"><span class='ocrx_word' id='word_1_20' title='bbox 354 704 494 754; x_wconf 89' lang='grc' dir='ltr'>πων,</span> <span class='ocrx_word' id='word_1_21' title='bbox 551 680 589 752; x_wconf 80' lang='grc' dir='ltr'>ἤ</span> <span class='ocrx_word' id='word_1_22' title='bbox 650 681 973 759; x_wconf 80' lang='grc' dir='ltr'><strong>ἐνεργειῶν,</strong></span> <span class='ocrx_word' id='word_1_23' title='bbox 1031 679 1067 751; x_wconf 73' lang='grc' dir='ltr'>ἤ</span> <span class='ocrx_word' id='word_1_24' title='bbox 1127 684 1307 736; x_wconf 86' lang='grc' dir='ltr'>παθῶν</span> <span class='ocrx_word' id='word_1_25' title='bbox 1362 682 1397 751; x_wconf 75' lang='grc' dir='ltr'>ἤ</span> <span class='ocrx_word' id='word_1_26' title='bbox 1459 689 1620 744; x_wconf 79' lang='grc' dir='ltr'>ποιᾶς</span> <span class='ocrx_word' id='word_1_27' title='bbox 1677 681 1999 756; x_wconf 79' lang='grc' dir='ltr'><strong>συμπλοκῆς</strong></span> 
     </span>
    </p>
   </div>
   <div class='ocr_carea' id='block_1_7' title="bbox 354 769 2002 850">
    <p class='ocr_par' dir='ltr' id='par_1_7' title="bbox 354 769 2002 850">
     <span class='ocr_line' id='line_1_7' title="bbox 354 769 2002 850; baseline -0.001 -22"><span class='ocrx_word' id='word_1_28' title='bbox 354 774 489 850; x_wconf 85' lang='grc' dir='ltr'>πρὸς</span> <span class='ocrx_word' id='word_1_29' title='bbox 538 771 827 849; x_wconf 72' lang='grc' dir='ltr'><strong>ἐνέργειαν,</strong></span> <span class='ocrx_word' id='word_1_30' title='bbox 873 772 1010 847; x_wconf 86' lang='grc' dir='ltr'>πρὸς</span> <span class='ocrx_word' id='word_1_31' title='bbox 1057 773 1223 835; x_wconf 90' lang='grc' dir='ltr'>πάθος</span> <span class='ocrx_word' id='word_1_32' title='bbox 1272 769 1574 844; x_wconf 77' lang='grc' dir='ltr'><strong>δηλωτικὰ,</strong></span> <span class='ocrx_word' id='word_1_33' title='bbox 1618 777 1785 828; x_wconf 77' lang='grc' dir='ltr'>ταῦτα</span> <span class='ocrx_word' id='word_1_34' title='bbox 1829 772 2002 827; x_wconf 87' lang='grc' dir='ltr'>πάντα</span> 
     </span>
    </p>
   </div>
   <div class='ocr_carea' id='block_1_8' title="bbox 353 859 1999 938">
    <p class='ocr_par' dir='ltr' id='par_1_8' title="bbox 353 859 1999 938">
     <span class='ocr_line' id='line_1_8' title="bbox 353 859 1999 938; baseline -0.002 -20"><span class='ocrx_word' id='word_1_35' title='bbox 353 862 490 918; x_wconf 79' lang='grc' dir='ltr'>κατὰ</span> <span class='ocrx_word' id='word_1_36' title='bbox 514 861 641 924; x_wconf 71' lang='grc' dir='ltr'>τοὺς</span> <span class='ocrx_word' id='word_1_37' title='bbox 687 859 1059 924; x_wconf 75' lang='grc' dir='ltr'>διαλεκτικοὺς</span> <span class='ocrx_word' id='word_1_38' title='bbox 1109 862 1184 923; x_wconf 82' lang='grc' dir='ltr'>εἰς</span> <span class='ocrx_word' id='word_1_39' title='bbox 1238 860 1477 934; x_wconf 83' lang='grc' dir='ltr'>ὀνόματα</span> <span class='ocrx_word' id='word_1_40' title='bbox 1524 860 1855 938; x_wconf 78' lang='grc' dir='ltr'><strong>διαιροῦνται</strong></span> <span class='ocrx_word' id='word_1_41' title='bbox 1911 863 1999 916; x_wconf 77' lang='grc' dir='ltr'>καὶ</span> 
     </span>
    </p>
   </div>
   <div class='ocr_carea' id='block_1_9' title="bbox 357 948 2001 1028">
    <p class='ocr_par' dir='ltr' id='par_1_9' title="bbox 357 948 2001 1028">
     <span class='ocr_line' id='line_1_9' title="bbox 357 948 2001 1028; baseline -0.009 -20"><span class='ocrx_word' id='word_1_42' title='bbox 357 951 597 1028; x_wconf 80' lang='grc' dir='ltr'>ῥήματα.</span> <span class='ocrx_word' id='word_1_43' title='bbox 633 949 732 1005; x_wconf 83' lang='grc' dir='ltr'>Καί</span> <span class='ocrx_word' id='word_1_44' title='bbox 776 950 845 1005; x_wconf 80' lang='grc' dir='ltr'>τὰ</span> <span class='ocrx_word' id='word_1_45' title='bbox 891 950 985 1023; x_wconf 72' lang='grc' dir='ltr'><strong>μὲν</strong></span> <span class='ocrx_word' id='word_1_46' title='bbox 1037 951 1173 1005; x_wconf 76' lang='grc' dir='ltr'>κατὰ</span> <span class='ocrx_word' id='word_1_47' title='bbox 1198 950 1397 1026; x_wconf 89' lang='grc' dir='ltr'>χρόνον</span> <span class='ocrx_word' id='word_1_48' title='bbox 1431 949 1719 1026; x_wconf 81' lang='grc' dir='ltr'>λεγόμενα,</span> <span class='ocrx_word' id='word_1_49' title='bbox 1750 948 1786 1019; x_wconf 78' lang='grc' dir='ltr'>ἤ</span> <span class='ocrx_word' id='word_1_50' title='bbox 1819 952 2001 1006; x_wconf 80' lang='grc' dir='ltr'>ὁπωσ-</span> 
     </span>
    </p>
   </div>
   <div class='ocr_carea' id='block_1_10' title="bbox 355 1038 2003 1116">
    <p class='ocr_par' dir='ltr' id='par_1_10' title="bbox 355 1038 2003 1116">
     <span class='ocr_line' id='line_1_10' title="bbox 355 1038 2003 1116; baseline 0.001 -21"><span class='ocrx_word' id='word_1_51' title='bbox 355 1044 446 1095; x_wconf 77' lang='grc' dir='ltr'>οῦν</span> <span class='ocrx_word' id='word_1_52' title='bbox 508 1040 560 1095; x_wconf 79' lang='grc' dir='ltr'>ἐν</span> <span class='ocrx_word' id='word_1_53' title='bbox 622 1045 739 1101; x_wconf 81' lang='grc' dir='ltr'>ταῖς</span> <span class='ocrx_word' id='word_1_54' title='bbox 813 1038 1104 1115; x_wconf 84' lang='grc' dir='ltr'><strong>προτάσεσι</strong></span> <span class='ocrx_word' id='word_1_55' title='bbox 1178 1038 1630 1114; x_wconf 83' lang='grc' dir='ltr'>κατηγορούμενα</span> <span class='ocrx_word' id='word_1_56' title='bbox 1663 1085 1676 1110; x_wconf 94' lang='grc'><strong>,</strong></span> <span class='ocrx_word' id='word_1_57' title='bbox 1733 1060 2003 1116; x_wconf 85' lang='grc' dir='ltr'>προσαγο-</span> 
     </span>
    </p>
   </div>
   <div class='ocr_carea' id='block_1_11' title="bbox 354 1126 2001 1205">
    <p class='ocr_par' dir='ltr' id='par_1_11' title="bbox 354 1126 2001 1205">
     <span class='ocr_line' id='line_1_11' title="bbox 354 1126 2001 1205; baseline 0 -21"><span class='ocrx_word' id='word_1_58' title='bbox 354 1129 599 1204; x_wconf 87' lang='grc' dir='ltr'>ρεύονται</span> <span class='ocrx_word' id='word_1_59' title='bbox 657 1128 897 1205; x_wconf 81' lang='grc' dir='ltr'>ῥήματα·</span> <span class='ocrx_word' id='word_1_60' title='bbox 959 1129 1027 1182; x_wconf 79' lang='grc' dir='ltr'>τὰ</span> <span class='ocrx_word' id='word_1_61' title='bbox 1084 1126 1130 1182; x_wconf 83' lang='grc' dir='ltr'>δ’</span> <span class='ocrx_word' id='word_1_62' title='bbox 1189 1129 1312 1183; x_wconf 82' lang='grc' dir='ltr'>ἄνευ</span> <span class='ocrx_word' id='word_1_63' title='bbox 1369 1128 1575 1205; x_wconf 89' lang='grc' dir='ltr'>χρόνου</span> <span class='ocrx_word' id='word_1_64' title='bbox 1624 1128 1914 1205; x_wconf 83' lang='grc' dir='ltr'>λεγόμενα,</span> <span class='ocrx_word' id='word_1_65' title='bbox 1964 1126 2001 1198; x_wconf 73' lang='grc' dir='ltr'>ἥ</span> 
     </span>
    </p>
   </div>
   <div class='ocr_carea' id='block_1_12' title="bbox 350 1215 2000 1295">
    <p class='ocr_par' dir='ltr' id='par_1_12' title="bbox 350 1215 2000 1295">
     <span class='ocr_line' id='line_1_12' title="bbox 350 1215 2000 1295; baseline 0.001 -23"><span class='ocrx_word' id='word_1_66' title='bbox 350 1220 450 1288; x_wconf 73' lang='grc' dir='ltr'>τὴν</span> <span class='ocrx_word' id='word_1_67' title='bbox 496 1222 605 1273; x_wconf 86' lang='grc' dir='ltr'><strong>τῶν</strong></span> <span class='ocrx_word' id='word_1_68' title='bbox 660 1217 1027 1291; x_wconf 72' lang='grc' dir='ltr'>ὑποκειμένων</span> <span class='ocrx_word' id='word_1_69' title='bbox 1086 1215 1402 1293; x_wconf 70' lang='grc' dir='ltr'>πληροῦνται</span> <span class='ocrx_word' id='word_1_70' title='bbox 1459 1218 1676 1295; x_wconf 84' lang='grc' dir='ltr'>χρείαν,</span> <span class='ocrx_word' id='word_1_71' title='bbox 1740 1218 2000 1291; x_wconf 78' lang='grc' dir='ltr'>ὀνόματα·</span> 
     </span>
    </p>
   </div>
   <div class='ocr_carea' id='block_1_13' title="bbox 349 1302 2001 1382">
    <p class='ocr_par' dir='ltr' id='par_1_13' title="bbox 349 1302 2001 1382">
     <span class='ocr_line' id='line_1_13' title="bbox 349 1302 2001 1382; baseline -0.001 -20"><span class='ocrx_word' id='word_1_72' title='bbox 349 1309 419 1362; x_wconf 82' lang='grc' dir='ltr'>τὰ</span> <span class='ocrx_word' id='word_1_73' title='bbox 458 1304 505 1362; x_wconf 89' lang='grc' dir='ltr'>δ’</span> <span class='ocrx_word' id='word_1_74' title='bbox 554 1306 606 1362; x_wconf 79' lang='grc' dir='ltr'>ἐν</span> <span class='ocrx_word' id='word_1_75' title='bbox 666 1304 938 1382; x_wconf 74' lang='grc' dir='ltr'>μηδετέρᾳ</span> <span class='ocrx_word' id='word_1_76' title='bbox 981 1305 1188 1361; x_wconf 87' lang='grc' dir='ltr'>τούτων</span> <span class='ocrx_word' id='word_1_77' title='bbox 1240 1309 1401 1382; x_wconf 78' lang='grc' dir='ltr'>χώρᾳ</span> <span class='ocrx_word' id='word_1_78' title='bbox 1445 1302 2001 1381; x_wconf 79' lang='grc' dir='ltr'>παραλαμϐανόμενα,</span> 
     </span>
    </p>
   </div>
   <div class='ocr_carea' id='block_1_14' title="bbox 351 1393 2006 1473">
    <p class='ocr_par' dir='ltr' id='par_1_14' title="bbox 351 1393 2006 1473">
     <span class='ocr_line' id='line_1_14' title="bbox 351 1393 2006 1473; baseline -0.001 -21"><span class='ocrx_word' id='word_1_79' title='bbox 351 1397 418 1453; x_wconf 77' lang='grc' dir='ltr'><strong>τά</strong></span> <span class='ocrx_word' id='word_1_80' title='bbox 448 1398 619 1473; x_wconf 81' lang='grc' dir='ltr'>ἄρθρα</span> <span class='ocrx_word' id='word_1_81' title='bbox 646 1393 887 1466; x_wconf 77' lang='grc' dir='ltr'>δηλαδὴ,</span> <span class='ocrx_word' id='word_1_82' title='bbox 918 1394 975 1450; x_wconf 74' lang='grc' dir='ltr'>α⁹ι</span> <span class='ocrx_word' id='word_1_83' title='bbox 1016 1395 1321 1469; x_wconf 75' lang='grc' dir='ltr'>προθέσεις,</span> <span class='ocrx_word' id='word_1_84' title='bbox 1375 1396 1427 1449; x_wconf 79' lang='grc' dir='ltr'><strong>οἱ</strong></span> <span class='ocrx_word' id='word_1_85' title='bbox 1475 1393 1762 1469; x_wconf 76' lang='grc' dir='ltr'>σύνδεσμοι</span> <span class='ocrx_word' id='word_1_86' title='bbox 1810 1398 1899 1451; x_wconf 81' lang='grc' dir='ltr'><strong>καὶ</strong></span> <span class='ocrx_word' id='word_1_87' title='bbox 1939 1397 2006 1451; x_wconf 80' lang='grc' dir='ltr'>τὰ</span> 
     </span>
    </p>
   </div>
   <div class='ocr_carea' id='block_1_15' title="bbox 353 1482 2001 1563">
    <p class='ocr_par' dir='ltr' id='par_1_15' title="bbox 353 1482 2001 1563">
     <span class='ocr_line' id='line_1_15' title="bbox 353 1482 2001 1563; baseline -0.001 -22"><span class='ocrx_word' id='word_1_88' title='bbox 353 1485 721 1563; x_wconf 76' lang='grc' dir='ltr'>έπιρῥῆματα,</span> <span class='ocrx_word' id='word_1_89' title='bbox 773 1484 868 1540; x_wconf 78' lang='grc' dir='ltr'>κᾶν</span> <span class='ocrx_word' id='word_1_90' title='bbox 921 1482 1107 1546; x_wconf 80' lang='grc' dir='ltr'>ἄλλως</span> <span class='ocrx_word' id='word_1_91' title='bbox 1154 1484 1582 1563; x_wconf 77' lang='grc' dir='ltr'>συνεκφέρωνται</span> <span class='ocrx_word' id='word_1_92' title='bbox 1634 1491 1752 1547; x_wconf 81' lang='grc' dir='ltr'>ταῖς</span> <span class='ocrx_word' id='word_1_93' title='bbox 1799 1487 2001 1563; x_wconf 89' lang='grc' dir='ltr'>προτά-</span> 
     </span>
    </p>
   </div>
   <div class='ocr_carea' id='block_1_16' title="bbox 353 1572 1999 1650">
    <p class='ocr_par' dir='ltr' id='par_1_16' title="bbox 353 1572 1999 1650">
     <span class='ocr_line' id='line_1_16' title="bbox 353 1572 1999 1650; baseline -0.001 -19"><span class='ocrx_word' id='word_1_94' title='bbox 353 1596 514 1646; x_wconf 87' lang='grc' dir='ltr'>σεσιν,</span> <span class='ocrx_word' id='word_1_95' title='bbox 554 1573 681 1630; x_wconf 85' lang='grc' dir='ltr'>ἀλλ’</span> <span class='ocrx_word' id='word_1_96' title='bbox 727 1573 789 1628; x_wconf 79' lang='grc' dir='ltr'><strong>οὐ</strong></span> <span class='ocrx_word' id='word_1_97' title='bbox 842 1573 978 1649; x_wconf 87' lang='grc' dir='ltr'>μέρη</span> <span class='ocrx_word' id='word_1_98' title='bbox 1030 1573 1202 1648; x_wconf 85' lang='grc' dir='ltr'>λόγου</span> <span class='ocrx_word' id='word_1_99' title='bbox 1247 1573 1447 1650; x_wconf 82' lang='grc' dir='ltr'>κυρίως</span> <span class='ocrx_word' id='word_1_100' title='bbox 1501 1573 1654 1640; x_wconf 71' lang='grc' dir='ltr'>εἰσὶν,</span> <span class='ocrx_word' id='word_1_101' title='bbox 1703 1572 1849 1630; x_wconf 79' lang='grc' dir='ltr'>ἀλλὰ</span> <span class='ocrx_word' id='word_1_102' title='bbox 1893 1578 1999 1629; x_wconf 86' lang='grc' dir='ltr'><strong>τῶν</strong></span> 
     </span>
    </p>
   </div>
   <div class='ocr_carea' id='block_1_17' title="bbox 356 1660 2000 1740">
    <p class='ocr_par' dir='ltr' id='par_1_17' title="bbox 356 1660 2000 1740">
     <span class='ocr_line' id='line_1_17' title="bbox 356 1660 2000 1740; baseline -0.001 -21"><span class='ocrx_word' id='word_1_103' title='bbox 356 1668 535 1740; x_wconf 88' lang='grc' dir='ltr'>μερῶν</span> <span class='ocrx_word' id='word_1_104' title='bbox 566 1668 663 1718; x_wconf 81' lang='grc' dir='ltr'><strong>τοῦ</strong></span> <span class='ocrx_word' id='word_1_105' title='bbox 694 1660 859 1739; x_wconf 82' lang='grc' dir='ltr'>λόγου</span> <span class='ocrx_word' id='word_1_106' title='bbox 892 1662 1174 1718; x_wconf 81' lang='grc' dir='ltr'>συνεκτικὰ</span> <span class='ocrx_word' id='word_1_107' title='bbox 1202 1663 1289 1718; x_wconf 84' lang='grc' dir='ltr'><strong>καὶ</strong></span> <span class='ocrx_word' id='word_1_108' title='bbox 1313 1665 1613 1718; x_wconf 85' lang='grc' dir='ltr'>συνθετικά·</span> <span class='ocrx_word' id='word_1_109' title='bbox 1646 1663 1781 1740; x_wconf 84' lang='grc' dir='ltr'>μέρη</span> <span class='ocrx_word' id='word_1_110' title='bbox 1818 1665 2000 1737; x_wconf 87' lang='grc' dir='ltr'>μέντοι</span> 
     </span>
    </p>
   </div>
   <div class='ocr_carea' id='block_1_18' title="bbox 352 1751 1189 1829">
    <p class='ocr_par' dir='ltr' id='par_1_18' title="bbox 352 1751 1189 1829">
     <span class='ocr_line' id='line_1_18' title="bbox 352 1751 1189 1829; baseline -0.001 -19"><span class='ocrx_word' id='word_1_111' title='bbox 352 1751 551 1826; x_wconf 77' lang='grc' dir='ltr'>λέξεως</span> <span class='ocrx_word' id='word_1_112' title='bbox 583 1751 888 1829; x_wconf 85' lang='grc' dir='ltr'>ὑπάρχουσι</span> <span class='ocrx_word' id='word_1_113' title='bbox 918 1752 1009 1806; x_wconf 89' lang='grc' dir='ltr'><strong>καὶ</strong></span> <span class='ocrx_word' id='word_1_114' title='bbox 1034 1751 1189 1809; x_wconf 78' lang='grc' dir='ltr'>αὐτά.</span> 
     </span>
    </p>
   </div>
   <div class='ocr_carea' id='block_1_19' title="bbox 350 1842 2714 1916">
    <p class='ocr_par' dir='ltr' id='par_1_19' title="bbox 350 1842 2714 1916">
     <span class='ocr_line' id='line_1_19' title="bbox 350 1842 2714 1916; baseline -0 -16"><span class='ocrx_word' id='word_1_115' title='bbox 350 1861 484 1901; x_wconf 91' lang='lat' dir='ltr'><strong>rum</strong></span> <span class='ocrx_word' id='word_1_116' title='bbox 542 1848 600 1900; x_wconf 91' lang='lat' dir='ltr'><strong>et</strong></span> <span class='ocrx_word' id='word_1_117' title='bbox 654 1842 1200 1916; x_wconf 89' lang='lat' dir='ltr'><strong>componendarum</strong></span> <span class='ocrx_word' id='word_1_118' title='bbox 1261 1858 1361 1898; x_wconf 85' lang='lat' dir='ltr'><strong>seu</strong></span> <span class='ocrx_word' id='word_1_119' title='bbox 1429 1843 2017 1916; x_wconf 87' lang='lat' dir='ltr'><strong>oonstringendarum</strong></span> <span class='ocrx_word' id='word_1_120' title='bbox 2073 1844 2411 1901; x_wconf 83' lang='lat' dir='ltr'><strong>facultatem</strong></span> <span class='ocrx_word' id='word_1_121' title='bbox 2495 1845 2714 1900; x_wconf 80' lang='lat' dir='ltr'><strong>habent</strong></span> 
     </span>
    </p>
   </div>
   <div class='ocr_carea' id='block_1_20' title="bbox 349 1933 669 2007">
    <p class='ocr_par' dir='ltr' id='par_1_20' title="bbox 349 1933 669 2007">
     <span class='ocr_line' id='line_1_20' title="bbox 349 1933 669 2007; baseline -0.006 -17"><span class='ocrx_word' id='word_1_122' title='bbox 349 1933 482 2007; x_wconf 86' lang='lat' dir='ltr'><strong>ipsa</strong></span> <span class='ocrx_word' id='word_1_123' title='bbox 511 1938 669 1989; x_wconf 90' lang='lat' dir='ltr'><strong>sunt.</strong></span> 
     </span>
    </p>
   </div>
   <div class='ocr_carea' id='block_1_21' title="bbox 2111 675 3754 755">
    <p class='ocr_par' dir='ltr' id='par_1_21' title="bbox 2111 675 3754 755">
     <span class='ocr_line' id='line_1_21' title="bbox 2111 675 3754 755; baseline -0.009 -13"><span class='ocrx_word' id='word_1_124' title='bbox 2111 703 2205 741; x_wconf 87' lang='lat' dir='ltr'><strong>ras</strong></span> <span class='ocrx_word' id='word_1_125' title='bbox 2254 689 2357 741; x_wconf 87' lang='lat' dir='ltr'><strong>aut</strong></span> <span class='ocrx_word' id='word_1_126' title='bbox 2388 699 2668 755; x_wconf 82' lang='lat' dir='ltr'><strong>personas</strong></span> <span class='ocrx_word' id='word_1_127' title='bbox 2715 685 2817 738; x_wconf 89' lang='lat' dir='ltr'><strong>aut</strong></span> <span class='ocrx_word' id='word_1_128' title='bbox 2843 680 3121 751; x_wconf 84' lang='lat' dir='ltr'><strong>actiones,</strong></span> <span class='ocrx_word' id='word_1_129' title='bbox 3153 682 3257 733; x_wconf 90' lang='lat' dir='ltr'><strong>aut</strong></span> <span class='ocrx_word' id='word_1_130' title='bbox 3296 675 3619 750; x_wconf 87' lang='lat' dir='ltr'><strong>passiones,</strong></span> <span class='ocrx_word' id='word_1_131' title='bbox 3651 677 3754 730; x_wconf 89' lang='lat' dir='ltr'><strong>aut</strong></span> 
     </span>
    </p>
   </div>
   <div class='ocr_carea' id='block_1_22' title="bbox 2109 763 3750 847">
    <p class='ocr_par' dir='ltr' id='par_1_22' title="bbox 2109 763 3750 847">
     <span class='ocr_line' id='line_1_22' title="bbox 2109 763 3750 847; baseline -0.007 -17"><span class='ocrx_word' id='word_1_132' title='bbox 2109 773 2579 847; x_wconf 87' lang='lat' dir='ltr'><strong>cujusdammodi</strong></span> <span class='ocrx_word' id='word_1_133' title='bbox 2654 770 3111 843; x_wconf 85' lang='lat' dir='ltr'><strong>complexionem</strong></span> <span class='ocrx_word' id='word_1_134' title='bbox 3170 768 3243 823; x_wconf 90' lang='lat' dir='ltr'><strong>ad</strong></span> <span class='ocrx_word' id='word_1_135' title='bbox 3311 765 3621 833; x_wconf 85' lang='lat' dir='ltr'><strong>actionem,</strong></span> <span class='ocrx_word' id='word_1_136' title='bbox 3675 763 3750 819; x_wconf 87' lang='lat' dir='ltr'><strong>ad</strong></span> 
     </span>
    </p>
   </div>
   <div class='ocr_carea' id='block_1_23' title="bbox 2109 853 3748 936">
    <p class='ocr_par' dir='ltr' id='par_1_23' title="bbox 2109 853 3748 936">
     <span class='ocr_line' id='line_1_23' title="bbox 2109 853 3748 936; baseline -0.007 -17"><span class='ocrx_word' id='word_1_137' title='bbox 2109 863 2441 936; x_wconf 81' lang='lat' dir='ltr'><strong>passionem</strong></span> <span class='ocrx_word' id='word_1_138' title='bbox 2472 861 2763 917; x_wconf 79' lang='lat' dir='ltr'><strong>declarare</strong></span> <span class='ocrx_word' id='word_1_139' title='bbox 2787 858 3001 924; x_wconf 89' lang='lat' dir='ltr'><strong>valent,</strong></span> <span class='ocrx_word' id='word_1_140' title='bbox 3033 858 3156 913; x_wconf 67' lang='lat' dir='ltr'><strong>haec</strong></span> <span class='ocrx_word' id='word_1_141' title='bbox 3195 855 3394 913; x_wconf 87' lang='lat' dir='ltr'><strong>omnia</strong></span> <span class='ocrx_word' id='word_1_142' title='bbox 3423 853 3748 910; x_wconf 91' lang='lat' dir='ltr'><strong>secundum</strong></span> 
     </span>
    </p>
   </div>
   <div class='ocr_carea' id='block_1_24' title="bbox 2110 942 3751 1013">
    <p class='ocr_par' dir='ltr' id='par_1_24' title="bbox 2110 942 3751 1013">
     <span class='ocr_line' id='line_1_24' title="bbox 2110 942 3751 1013; baseline -0.009 -2"><span class='ocrx_word' id='word_1_143' title='bbox 2110 952 2438 1013; x_wconf 86' lang='lat' dir='ltr'><strong>dialecticos</strong></span> <span class='ocrx_word' id='word_1_144' title='bbox 2494 953 2551 1007; x_wconf 93' lang='lat' dir='ltr'><strong>in</strong></span> <span class='ocrx_word' id='word_1_145' title='bbox 2630 950 2870 1007; x_wconf 88' lang='lat' dir='ltr'><strong>nomina</strong></span> <span class='ocrx_word' id='word_1_146' title='bbox 2922 953 2977 1004; x_wconf 92' lang='lat' dir='ltr'><strong>et</strong></span> <span class='ocrx_word' id='word_1_147' title='bbox 3030 947 3206 1002; x_wconf 86' lang='lat' dir='ltr'><strong>verba</strong></span> <span class='ocrx_word' id='word_1_148' title='bbox 3273 944 3628 1000; x_wconf 85' lang='lat' dir='ltr'><strong>dividantur.</strong></span> <span class='ocrx_word' id='word_1_149' title='bbox 3684 942 3751 997; x_wconf 87' lang='lat' dir='ltr'><strong>Et</strong></span> 
     </span>
    </p>
   </div>
   <div class='ocr_carea' id='block_1_25' title="bbox 2112 1034 3751 1115">
    <p class='ocr_par' dir='ltr' id='par_1_25' title="bbox 2112 1034 3751 1115">
     <span class='ocr_line' id='line_1_25' title="bbox 2112 1034 3751 1115; baseline -0.007 -17"><span class='ocrx_word' id='word_1_150' title='bbox 2112 1059 2240 1115; x_wconf 61' lang='lat' dir='ltr'><strong>quae</strong></span> <span class='ocrx_word' id='word_1_151' title='bbox 2298 1043 2535 1111; x_wconf 89' lang='lat' dir='ltr'><strong>quidem</strong></span> <span class='ocrx_word' id='word_1_152' title='bbox 2614 1041 2941 1097; x_wconf 89' lang='lat' dir='ltr'><strong>secundum</strong></span> <span class='ocrx_word' id='word_1_153' title='bbox 2997 1042 3231 1108; x_wconf 86' lang='lat' dir='ltr'><strong>tempus</strong></span> <span class='ocrx_word' id='word_1_154' title='bbox 3296 1034 3590 1104; x_wconf 88' lang='lat' dir='ltr'><strong>dicuntur,</strong></span> <span class='ocrx_word' id='word_1_155' title='bbox 3648 1034 3751 1088; x_wconf 87' lang='lat' dir='ltr'><strong>aut</strong></span> 
     </span>
    </p>
   </div>
   <div class='ocr_carea' id='block_1_26' title="bbox 2112 1122 3743 1204">
    <p class='ocr_par' dir='ltr' id='par_1_26' title="bbox 2112 1122 3743 1204">
     <span class='ocr_line' id='line_1_26' title="bbox 2112 1122 3743 1204; baseline -0.008 -16"><span class='ocrx_word' id='word_1_156' title='bbox 2112 1132 2523 1204; x_wconf 87' lang='lat' dir='ltr'><strong>quoquomodo</strong></span> <span class='ocrx_word' id='word_1_157' title='bbox 2551 1131 2611 1185; x_wconf 91' lang='lat' dir='ltr'><strong>in</strong></span> <span class='ocrx_word' id='word_1_158' title='bbox 2643 1126 3138 1201; x_wconf 82' lang='lat' dir='ltr'><strong>propositionibus</strong></span> <span class='ocrx_word' id='word_1_159' title='bbox 3178 1122 3590 1197; x_wconf 69' lang='lat' dir='ltr'><strong>praedicantur,</strong></span> <span class='ocrx_word' id='word_1_160' title='bbox 3618 1136 3743 1177; x_wconf 88' lang='lat' dir='ltr'><strong>ver-</strong></span> 
     </span>
    </p>
   </div>
   <div class='ocr_carea' id='block_1_27' title="bbox 2111 1211 3755 1292">
    <p class='ocr_par' dir='ltr' id='par_1_27' title="bbox 2111 1211 3755 1292">
     <span class='ocr_line' id='line_1_27' title="bbox 2111 1211 3755 1292; baseline -0.007 -16"><span class='ocrx_word' id='word_1_161' title='bbox 2111 1223 2224 1288; x_wconf 90' lang='lat' dir='ltr'><strong>ba;</strong></span> <span class='ocrx_word' id='word_1_162' title='bbox 2256 1237 2383 1292; x_wconf 66' lang='lat' dir='ltr'><strong>quae</strong></span> <span class='ocrx_word' id='word_1_163' title='bbox 2434 1224 2627 1275; x_wconf 85' lang='lat' dir='ltr'><strong>autem</strong></span> <span class='ocrx_word' id='word_1_164' title='bbox 2659 1219 2785 1274; x_wconf 88' lang='lat' dir='ltr'><strong>sine</strong></span> <span class='ocrx_word' id='word_1_165' title='bbox 2816 1224 3075 1289; x_wconf 89' lang='lat' dir='ltr'><strong>tempore</strong></span> <span class='ocrx_word' id='word_1_166' title='bbox 3128 1214 3422 1281; x_wconf 86' lang='lat' dir='ltr'><strong>dicuntur,</strong></span> <span class='ocrx_word' id='word_1_167' title='bbox 3459 1211 3610 1269; x_wconf 68' lang='lat'><strong>259</strong></span> <span class='ocrx_word' id='word_1_168' title='bbox 3654 1212 3755 1265; x_wconf 88' lang='lat' dir='ltr'><strong>aut</strong></span> 
     </span>
    </p>
   </div>
   <div class='ocr_carea' id='block_1_28' title="bbox 2111 1301 3748 1382">
    <p class='ocr_par' dir='ltr' id='par_1_28' title="bbox 2111 1301 3748 1382">
     <span class='ocr_line' id='line_1_28' title="bbox 2111 1301 3748 1382; baseline -0.007 -16"><span class='ocrx_word' id='word_1_169' title='bbox 2111 1311 2512 1382; x_wconf 86' lang='lat' dir='ltr'><strong>subjectorum</strong></span> <span class='ocrx_word' id='word_1_170' title='bbox 2564 1326 2739 1365; x_wconf 90' lang='lat' dir='ltr'><strong>usum</strong></span> <span class='ocrx_word' id='word_1_171' title='bbox 2770 1306 3025 1380; x_wconf 84' lang='lat' dir='ltr'><strong>explent,</strong></span> <span class='ocrx_word' id='word_1_172' title='bbox 3054 1304 3296 1361; x_wconf 86' lang='lat' dir='ltr'><strong>nomina</strong></span> <span class='ocrx_word' id='word_1_173' title='bbox 3337 1301 3704 1375; x_wconf 87' lang='lat' dir='ltr'><strong>appellentur</strong></span> <span class='ocrx_word' id='word_1_174' title='bbox 3734 1316 3748 1354; x_wconf 90' lang='lat'><strong>:</strong></span> 
     </span>
    </p>
   </div>
   <div class='ocr_carea' id='block_1_29' title="bbox 2112 1392 3754 1472">
    <p class='ocr_par' dir='ltr' id='par_1_29' title="bbox 2112 1392 3754 1472">
     <span class='ocr_line' id='line_1_29' title="bbox 2112 1392 3754 1472; baseline -0.009 -15"><span class='ocrx_word' id='word_1_175' title='bbox 2112 1417 2240 1472; x_wconf 64' lang='lat' dir='ltr'><strong>quae</strong></span> <span class='ocrx_word' id='word_1_176' title='bbox 2270 1401 2522 1471; x_wconf 90' lang='lat' dir='ltr'><strong>denique</strong></span> <span class='ocrx_word' id='word_1_177' title='bbox 2552 1399 2613 1453; x_wconf 90' lang='lat' dir='ltr'><strong>in</strong></span> <span class='ocrx_word' id='word_1_178' title='bbox 2647 1401 2850 1453; x_wconf 88' lang='lat' dir='ltr'><strong>neutro</strong></span> <span class='ocrx_word' id='word_1_179' title='bbox 2878 1396 3089 1451; x_wconf 90' lang='lat' dir='ltr'><strong>horum</strong></span> <span class='ocrx_word' id='word_1_180' title='bbox 3142 1392 3401 1448; x_wconf 88' lang='lat' dir='ltr'><strong>locorum</strong></span> <span class='ocrx_word' id='word_1_181' title='bbox 3432 1406 3754 1446; x_wconf 87' lang='lat' dir='ltr'><strong>assumun-</strong></span> 
     </span>
    </p>
   </div>
   <div class='ocr_carea' id='block_1_30' title="bbox 2109 1472 3753 1558">
    <p class='ocr_par' dir='ltr' id='par_1_30' title="bbox 2109 1472 3753 1558">
     <span class='ocr_line' id='line_1_30' title="bbox 2109 1472 3753 1558; baseline -0.006 -15"><span class='ocrx_word' id='word_1_182' title='bbox 2109 1493 2224 1556; x_wconf 93' lang='lat' dir='ltr'><strong>tur,</strong></span> <span class='ocrx_word' id='word_1_183' title='bbox 2259 1488 2489 1544; x_wconf 84' lang='lat' dir='ltr'><strong>articuli</strong></span> <span class='ocrx_word' id='word_1_184' title='bbox 2518 1487 2800 1549; x_wconf 88' lang='lat' dir='ltr'><strong>videlicet,</strong></span> <span class='ocrx_word' id='word_1_185' title='bbox 2824 1472 3280 1558; x_wconf 64' lang='lat' dir='ltr'><strong>praepositiones,</strong></span> <span class='ocrx_word' id='word_1_186' title='bbox 3314 1479 3753 1553; x_wconf 87' lang='lat' dir='ltr'><strong>conjunctiones</strong></span> 
     </span>
    </p>
   </div>
   <div class='ocr_carea' id='block_1_31' title="bbox 2111 1569 3757 1650">
    <p class='ocr_par' dir='ltr' id='par_1_31' title="bbox 2111 1569 3757 1650">
     <span class='ocr_line' id='line_1_31' title="bbox 2111 1569 3757 1650; baseline -0.006 -17"><span class='ocrx_word' id='word_1_187' title='bbox 2111 1581 2169 1633; x_wconf 88' lang='lat' dir='ltr'><strong>et</strong></span> <span class='ocrx_word' id='word_1_188' title='bbox 2222 1578 2513 1645; x_wconf 88' lang='lat' dir='ltr'><strong>adverbia,</strong></span> <span class='ocrx_word' id='word_1_189' title='bbox 2573 1592 2913 1650; x_wconf 87' lang='lat' dir='ltr'><strong>quanquam</strong></span> <span class='ocrx_word' id='word_1_190' title='bbox 2995 1571 3142 1629; x_wconf 87' lang='lat' dir='ltr'><strong>alias</strong></span> <span class='ocrx_word' id='word_1_191' title='bbox 3195 1570 3372 1627; x_wconf 91' lang='lat' dir='ltr'><strong>simul</strong></span> <span class='ocrx_word' id='word_1_192' title='bbox 3433 1569 3757 1625; x_wconf 76' lang='lat' dir='ltr'><strong>eﬁ‘eruntur</strong></span> 
     </span>
    </p>
   </div>
   <div class='ocr_carea' id='block_1_32' title="bbox 2111 1659 3756 1738">
    <p class='ocr_par' dir='ltr' id='par_1_32' title="bbox 2111 1659 3756 1738">
     <span class='ocr_line' id='line_1_32' title="bbox 2111 1659 3756 1738; baseline -0.005 -17"><span class='ocrx_word' id='word_1_193' title='bbox 2111 1683 2246 1722; x_wconf 89' lang='lat' dir='ltr'><strong>cum</strong></span> <span class='ocrx_word' id='word_1_194' title='bbox 2273 1665 2770 1738; x_wconf 87' lang='lat' dir='ltr'><strong>propositionibus</strong></span> <span class='ocrx_word' id='word_1_195' title='bbox 2799 1690 2814 1732; x_wconf 88' lang='lat'><strong>;</strong></span> <span class='ocrx_word' id='word_1_196' title='bbox 2844 1668 3042 1719; x_wconf 84' lang='lat' dir='ltr'><strong>tamen</strong></span> <span class='ocrx_word' id='word_1_197' title='bbox 3070 1659 3349 1719; x_wconf 87' lang='lat' dir='ltr'><strong>orationis</strong></span> <span class='ocrx_word' id='word_1_198' title='bbox 3377 1662 3573 1731; x_wconf 87' lang='lat' dir='ltr'><strong>partes</strong></span> <span class='ocrx_word' id='word_1_199' title='bbox 3620 1673 3756 1730; x_wconf 89' lang='lat' dir='ltr'><strong>pro-</strong></span> 
     </span>
    </p>
   </div>
   <div class='ocr_carea' id='block_1_33' title="bbox 2110 1746 3755 1826">
    <p class='ocr_par' dir='ltr' id='par_1_33' title="bbox 2110 1746 3755 1826">
     <span class='ocr_line' id='line_1_33' title="bbox 2110 1746 3755 1826; baseline -0.005 -16"><span class='ocrx_word' id='word_1_200' title='bbox 2110 1756 2235 1826; x_wconf 91' lang='lat' dir='ltr'><strong>prie</strong></span> <span class='ocrx_word' id='word_1_201' title='bbox 2267 1772 2382 1812; x_wconf 90' lang='lat' dir='ltr'><strong>non</strong></span> <span class='ocrx_word' id='word_1_202' title='bbox 2431 1761 2591 1821; x_wconf 92' lang='lat' dir='ltr'><strong>sunt,</strong></span> <span class='ocrx_word' id='word_1_203' title='bbox 2628 1756 2729 1810; x_wconf 89' lang='lat' dir='ltr'><strong>sed</strong></span> <span class='ocrx_word' id='word_1_204' title='bbox 2758 1755 3019 1826; x_wconf 86' lang='lat' dir='ltr'><strong>partium</strong></span> <span class='ocrx_word' id='word_1_205' title='bbox 3066 1749 3346 1808; x_wconf 87' lang='lat' dir='ltr'><strong>orationis</strong></span> <span class='ocrx_word' id='word_1_206' title='bbox 3374 1746 3755 1805; x_wconf 85' lang='lat' dir='ltr'><strong>continenda-</strong></span> 
     </span>
    </p>
   </div>
   <div class='ocr_carea' id='block_1_34' title="bbox 2773 1839 3759 1912">
    <p class='ocr_par' dir='ltr' id='par_1_34' title="bbox 2773 1839 3759 1912">
     <span class='ocr_line' id='line_1_34' title="bbox 2773 1839 3759 1912; baseline -0.006 -14"><span class='ocrx_word' id='word_1_207' title='bbox 2773 1861 2788 1912; x_wconf 89' lang='lat'><strong>;</strong></span> <span class='ocrx_word' id='word_1_208' title='bbox 2848 1840 3122 1898; x_wconf 85' lang='lat' dir='ltr'><strong>dictionis</strong></span> <span class='ocrx_word' id='word_1_209' title='bbox 3176 1844 3375 1896; x_wconf 88' lang='lat' dir='ltr'><strong>tamen</strong></span> <span class='ocrx_word' id='word_1_210' title='bbox 3450 1840 3644 1910; x_wconf 86' lang='lat' dir='ltr'><strong>partes</strong></span> <span class='ocrx_word' id='word_1_211' title='bbox 3699 1839 3759 1893; x_wconf 87' lang='lat' dir='ltr'><strong>et</strong></span> 
     </span>
    </p>
   </div>
   <div class='ocr_carea' id='block_1_35' title="bbox 427 2033 1991 2115">
    <p class='ocr_par' dir='ltr' id='par_1_35' title="bbox 427 2033 1991 2115">
     <span class='ocr_line' id='line_1_35' title="bbox 427 2033 1991 2115; baseline 0 -22"><span class='ocrx_word' id='word_1_212' title='bbox 427 2044 505 2108; x_wconf 82' lang='grc' dir='ltr'>ιζ’.</span> <span class='ocrx_word' id='word_1_213' title='bbox 556 2039 654 2093; x_wconf 84' lang='grc' dir='ltr'><strong>Καὶ</strong></span> <span class='ocrx_word' id='word_1_214' title='bbox 703 2039 732 2093; x_wconf 83' lang='grc' dir='ltr'>ὁ</span> <span class='ocrx_word' id='word_1_215' title='bbox 780 2036 944 2114; x_wconf 88' lang='grc' dir='ltr'>λόγος</span> <span class='ocrx_word' id='word_1_216' title='bbox 990 2034 1047 2092; x_wconf 76' lang='grc' dir='ltr'>δὲ</span> <span class='ocrx_word' id='word_1_217' title='bbox 1092 2038 1230 2092; x_wconf 82' lang='grc' dir='ltr'>κατὰ</span> <span class='ocrx_word' id='word_1_218' title='bbox 1277 2033 1609 2115; x_wconf 82' lang='grc' dir='ltr'>φιλοσόφους</span> <span class='ocrx_word' id='word_1_219' title='bbox 1657 2044 1758 2107; x_wconf 81' lang='grc' dir='ltr'>τῆς</span> <span class='ocrx_word' id='word_1_220' title='bbox 1806 2036 1991 2111; x_wconf 71' lang='grc' dir='ltr'>λέξεως</span> 
     </span>
    </p>
   </div>
   <div class='ocr_carea' id='block_1_36' title="bbox 2112 2033 3754 2115">
    <p class='ocr_par' dir='ltr' id='par_1_36' title="bbox 2184 2034 3754 2109">
     <span class='ocr_line' id='line_1_36' title="bbox 2184 2034 3754 2109; baseline -0.004 -13"><span class='ocrx_word' id='word_1_221' title='bbox 2184 2042 2270 2096; x_wconf 89' lang='grc'><strong>17.</strong></span> <span class='ocrx_word' id='word_1_222' title='bbox 2302 2041 2372 2096; x_wconf 92' lang='lat' dir='ltr'><strong>Et</strong></span> <span class='ocrx_word' id='word_1_223' title='bbox 2416 2057 2551 2097; x_wconf 90' lang='lat' dir='ltr'><strong>vero</strong></span> <span class='ocrx_word' id='word_1_224' title='bbox 2580 2040 2767 2097; x_wconf 88' lang='lat' dir='ltr'><strong>oratio</strong></span> <span class='ocrx_word' id='word_1_225' title='bbox 2816 2039 3142 2096; x_wconf 89' lang='lat' dir='ltr'><strong>secundum</strong></span> <span class='ocrx_word' id='word_1_226' title='bbox 3188 2034 3570 2109; x_wconf 79' lang='lat' dir='ltr'><strong>phi1080phos</strong></span> <span class='ocrx_word' id='word_1_227' title='bbox 3617 2049 3754 2106; x_wconf 90' lang='lat' dir='ltr'><strong>pars</strong></span> 
     </span>
    </p>
   </div>
   <div class='ocr_carea' id='block_1_37' title="bbox 354 2125 1999 2205">
    <p class='ocr_par' dir='ltr' id='par_1_37' title="bbox 354 2125 1999 2205">
     <span class='ocr_line' id='line_1_37' title="bbox 354 2125 1999 2205; baseline -0.002 -21"><span class='ocrx_word' id='word_1_228' title='bbox 354 2129 517 2205; x_wconf 89' lang='grc' dir='ltr'>μέρος</span> <span class='ocrx_word' id='word_1_229' title='bbox 562 2126 721 2184; x_wconf 82' lang='grc' dir='ltr'>ἐστίν.</span> <span class='ocrx_word' id='word_1_230' title='bbox 779 2128 836 2181; x_wconf 88' lang='grc' dir='ltr'>Ὁ</span> <span class='ocrx_word' id='word_1_231' title='bbox 896 2127 989 2201; x_wconf 73' lang='grc' dir='ltr'>μὲν</span> <span class='ocrx_word' id='word_1_232' title='bbox 1047 2127 1149 2203; x_wconf 76' lang='grc' dir='ltr'>γὰρ</span> <span class='ocrx_word' id='word_1_233' title='bbox 1207 2125 1492 2201; x_wconf 83' lang='grc' dir='ltr'>πλήρωμα</span> <span class='ocrx_word' id='word_1_234' title='bbox 1542 2127 1999 2202; x_wconf 81' lang='grc' dir='ltr'>προηγουμένως,</span> 
     </span>
    </p>
   </div>
   <div class='ocr_carea' id='block_1_38' title="bbox 345 2214 1998 2293">
    <p class='ocr_par' dir='ltr' id='par_1_38' title="bbox 345 2214 1998 2293">
     <span class='ocr_line' id='line_1_38' title="bbox 345 2214 1998 2293; baseline -0.001 -22"><span class='ocrx_word' id='word_1_235' title='bbox 345 2220 453 2271; x_wconf 90' lang='grc' dir='ltr'><strong>τῶν</strong></span> <span class='ocrx_word' id='word_1_236' title='bbox 512 2214 569 2271; x_wconf 76' lang='grc' dir='ltr'><strong>δὲ</strong></span> <span class='ocrx_word' id='word_1_237' title='bbox 626 2214 922 2293; x_wconf 84' lang='grc' dir='ltr'>πράγματα</span> <span class='ocrx_word' id='word_1_238' title='bbox 995 2219 1377 2288; x_wconf 80' lang='grc' dir='ltr'>σημαινουσῶν</span> <span class='ocrx_word' id='word_1_239' title='bbox 1452 2214 1689 2291; x_wconf 79' lang='grc' dir='ltr'>ύπάρχει</span> <span class='ocrx_word' id='word_1_240' title='bbox 1758 2221 1948 2293; x_wconf 81' lang='grc' dir='ltr'>φωνῶν</span> <span class='ocrx_word' id='word_1_241' title='bbox 1985 2234 1998 2247; x_wconf 90' lang='grc'>·</span> 
     </span>
    </p>
   </div>
   <div class='ocr_carea' id='block_1_39' title="bbox 346 2301 1999 2382">
    <p class='ocr_par' dir='ltr' id='par_1_39' title="bbox 346 2301 1999 2382">
     <span class='ocr_line' id='line_1_39' title="bbox 346 2301 1999 2382; baseline 0.001 -22"><span class='ocrx_word' id='word_1_242' title='bbox 346 2308 382 2375; x_wconf 82' lang='grc' dir='ltr'><strong>ἡ</strong></span> <span class='ocrx_word' id='word_1_243' title='bbox 416 2303 474 2361; x_wconf 72' lang='grc' dir='ltr'>δὲ</span> <span class='ocrx_word' id='word_1_244' title='bbox 504 2304 646 2378; x_wconf 84' lang='grc' dir='ltr'>λέξις</span> <span class='ocrx_word' id='word_1_245' title='bbox 678 2304 962 2378; x_wconf 79' lang='grc' dir='ltr'>πλήρωμα</span> <span class='ocrx_word' id='word_1_246' title='bbox 1010 2308 1194 2359; x_wconf 90' lang='grc' dir='ltr'>πασῶν</span> <span class='ocrx_word' id='word_1_247' title='bbox 1244 2301 1433 2366; x_wconf 82' lang='grc' dir='ltr'>ἁπλῶς</span> <span class='ocrx_word' id='word_1_248' title='bbox 1479 2310 1586 2359; x_wconf 91' lang='grc' dir='ltr'><strong>τῶν</strong></span> <span class='ocrx_word' id='word_1_249' title='bbox 1633 2309 1852 2382; x_wconf 78' lang='grc' dir='ltr'>φωνῶν,</span> <span class='ocrx_word' id='word_1_250' title='bbox 1891 2310 1999 2361; x_wconf 91' lang='grc' dir='ltr'><strong>τῶν</strong></span> 
     </span>
    </p>
   </div>
   <div class='ocr_carea' id='block_1_40' title="bbox 343 2389 1558 2471">
    <p class='ocr_par' dir='ltr' id='par_1_40' title="bbox 343 2389 1558 2471">
     <span class='ocr_line' id='line_1_40' title="bbox 343 2389 1558 2471; baseline 0 -21"><span class='ocrx_word' id='word_1_251' title='bbox 343 2389 926 2471; x_wconf 76' lang='grc' dir='ltr'>παραλαμϐανομένων</span> <span class='ocrx_word' id='word_1_252' title='bbox 959 2394 1095 2470; x_wconf 81' lang='grc' dir='ltr'>πρὸς</span> <span class='ocrx_word' id='word_1_253' title='bbox 1122 2394 1222 2462; x_wconf 78' lang='grc' dir='ltr'>τήν</span> <span class='ocrx_word' id='word_1_254' title='bbox 1252 2389 1558 2450; x_wconf 83' lang='grc' dir='ltr'>διάλεκτον.</span> 
     </span>
    </p>
   </div>
   <div class='ocr_carea' id='block_1_41' title="bbox 421 2516 1999 2594">
    <p class='ocr_par' dir='ltr' id='par_1_41' title="bbox 421 2516 1999 2594">
     <span class='ocr_line' id='line_1_41' title="bbox 421 2516 1999 2594; baseline 0.001 -21"><span class='ocrx_word' id='word_1_255' title='bbox 421 2519 615 2590; x_wconf 76' lang='grc' dir='ltr'>ιη’.Τά</span> <span class='ocrx_word' id='word_1_256' title='bbox 659 2518 755 2592; x_wconf 72' lang='grc' dir='ltr'><strong>μὲν</strong></span> <span class='ocrx_word' id='word_1_257' title='bbox 801 2516 892 2573; x_wconf 79' lang='grc' dir='ltr'>οὖν</span> <span class='ocrx_word' id='word_1_258' title='bbox 947 2517 1188 2590; x_wconf 86' lang='grc' dir='ltr'>ὀνόματα</span> <span class='ocrx_word' id='word_1_259' title='bbox 1235 2518 1327 2572; x_wconf 78' lang='grc' dir='ltr'><strong>καὶ</strong></span> <span class='ocrx_word' id='word_1_260' title='bbox 1358 2517 1423 2572; x_wconf 76' lang='grc' dir='ltr'><strong>τά</strong></span> <span class='ocrx_word' id='word_1_261' title='bbox 1472 2517 1690 2594; x_wconf 76' lang='grc' dir='ltr'>ῥήματα</span> <span class='ocrx_word' id='word_1_262' title='bbox 1730 2520 1846 2574; x_wconf 88' lang='grc' dir='ltr'>καθ’</span> <span class='ocrx_word' id='word_1_263' title='bbox 1878 2519 1999 2574; x_wconf 76' lang='grc' dir='ltr'>ἑαυ-</span> 
     </span>
    </p>
   </div>
   <div class='ocr_carea' id='block_1_42' title="bbox 343 2602 1997 2687">
    <p class='ocr_par' dir='ltr' id='par_1_42' title="bbox 343 2602 1997 2687">
     <span class='ocr_line' id='line_1_42' title="bbox 343 2602 1997 2687; baseline -0.001 -23"><span class='ocrx_word' id='word_1_264' title='bbox 343 2608 411 2664; x_wconf 80' lang='grc' dir='ltr'>τὰ</span> <span class='ocrx_word' id='word_1_265' title='bbox 456 2607 839 2686; x_wconf 72' lang='grc' dir='ltr'>προφερόμενοι</span> <span class='ocrx_word' id='word_1_266' title='bbox 878 2602 1002 2662; x_wconf 70' lang='grc' dir='ltr'>οὕτε</span> <span class='ocrx_word' id='word_1_267' title='bbox 1054 2603 1333 2679; x_wconf 77' lang='grc' dir='ltr'>ἀλήθειαν,</span> <span class='ocrx_word' id='word_1_268' title='bbox 1385 2603 1507 2662; x_wconf 66' lang='grc' dir='ltr'>οὔτε</span> <span class='ocrx_word' id='word_1_269' title='bbox 1558 2605 1754 2683; x_wconf 79' lang='grc' dir='ltr'>ψεῦδος</span> <span class='ocrx_word' id='word_1_270' title='bbox 1803 2607 1997 2687; x_wconf 78' lang='grc' dir='ltr'>ἐμφαί-</span> 
     </span>
    </p>
   </div>
   <div class='ocr_carea' id='block_1_43' title="bbox 344 2692 1999 2773">
    <p class='ocr_par' dir='ltr' id='par_1_43' title="bbox 344 2692 1999 2773">
     <span class='ocr_line' id='line_1_43' title="bbox 344 2692 1999 2773; baseline 0.002 -22"><span class='ocrx_word' id='word_1_271' title='bbox 344 2717 518 2754; x_wconf 91' lang='grc' dir='ltr'>νουσι.</span> <span class='ocrx_word' id='word_1_272' title='bbox 549 2695 655 2750; x_wconf 77' lang='grc' dir='ltr'>Κᾶν</span> <span class='ocrx_word' id='word_1_273' title='bbox 686 2696 788 2773; x_wconf 79' lang='grc' dir='ltr'>γὰρ</span> <span class='ocrx_word' id='word_1_274' title='bbox 823 2696 1075 2772; x_wconf 86' lang='grc' dir='ltr'>μυριάκις</span> <span class='ocrx_word' id='word_1_275' title='bbox 1106 2692 1231 2770; x_wconf 79' lang='grc' dir='ltr'>εἷ’πῃ</span> <span class='ocrx_word' id='word_1_276' title='bbox 1277 2717 1361 2759; x_wconf 90' lang='grc' dir='ltr'><strong>τις</strong></span> <span class='ocrx_word' id='word_1_277' title='bbox 1408 2696 1471 2752; x_wconf 85' lang='grc' dir='ltr'>τὸ</span> <span class='ocrx_word' id='word_1_278' title='bbox 1524 2699 1842 2772; x_wconf 83' lang='grc' dir='ltr'>Σωκράτης,</span> <span class='ocrx_word' id='word_1_279' title='bbox 1874 2696 1911 2768; x_wconf 72' lang='grc' dir='ltr'>ἤ</span> <span class='ocrx_word' id='word_1_280' title='bbox 1935 2701 1999 2755; x_wconf 86' lang='grc' dir='ltr'>τὸ</span> 
     </span>
    </p>
   </div>
   <div class='ocr_carea' id='block_1_44' title="bbox 345 2783 1998 2865">
    <p class='ocr_par' dir='ltr' id='par_1_44' title="bbox 345 2783 1998 2865">
     <span class='ocr_line' id='line_1_44' title="bbox 345 2783 1998 2865; baseline 0.002 -26"><span class='ocrx_word' id='word_1_281' title='bbox 345 2784 655 2865; x_wconf 73' lang='grc' dir='ltr'>φιλοσοφεῖ,</span> <span class='ocrx_word' id='word_1_282' title='bbox 687 2783 726 2854; x_wconf 61' lang='grc' dir='ltr'><em>ἧς</em></span> <span class='ocrx_word' id='word_1_283' title='bbox 753 2806 805 2839; x_wconf 88' lang='grc' dir='ltr'><strong>τι</strong></span> <span class='ocrx_word' id='word_1_284' title='bbox 833 2788 942 2840; x_wconf 89' lang='grc' dir='ltr'><strong>τῶν</strong></span> <span class='ocrx_word' id='word_1_285' title='bbox 988 2786 1276 2857; x_wconf 78' lang='grc' dir='ltr'>τοιούτων,</span> <span class='ocrx_word' id='word_1_286' title='bbox 1332 2783 1703 2849; x_wconf 85' lang='grc' dir='ltr'>ἀσυνδυάστως</span> <span class='ocrx_word' id='word_1_287' title='bbox 1754 2786 1844 2842; x_wconf 83' lang='grc' dir='ltr'><strong>καὶ</strong></span> <span class='ocrx_word' id='word_1_288' title='bbox 1879 2790 1998 2853; x_wconf 84' lang='grc' dir='ltr'>καθ’</span> 
     </span>
    </p>
   </div>
   <div class='ocr_carea' id='block_1_45' title="bbox 343 2868 1462 2950">
    <p class='ocr_par' dir='ltr' id='par_1_45' title="bbox 343 2868 1462 2950">
     <span class='ocr_line' id='line_1_45' title="bbox 343 2868 1462 2950; baseline 0 -22"><span class='ocrx_word' id='word_1_289' title='bbox 343 2874 494 2944; x_wconf 86' lang='grc' dir='ltr'>αὑτὸ,</span> <span class='ocrx_word' id='word_1_290' title='bbox 528 2870 641 2927; x_wconf 72' lang='grc' dir='ltr'>οὔτ’</span> <span class='ocrx_word' id='word_1_291' title='bbox 666 2872 925 2944; x_wconf 80' lang='grc' dir='ltr'>ἀλήθειαν</span> <span class='ocrx_word' id='word_1_292' title='bbox 954 2868 1079 2928; x_wconf 66' lang='grc' dir='ltr'>οὔτε</span> <span class='ocrx_word' id='word_1_293' title='bbox 1106 2871 1335 2947; x_wconf 77' lang='grc' dir='ltr'>ψεῦδοςέ</span> <span class='ocrx_word' id='word_1_294' title='bbox 1361 2880 1462 2950; x_wconf 83' lang='grc' dir='ltr'>ρεῖ.</span> 
     </span>
    </p>
   </div>
   <div class='ocr_carea' id='block_1_46' title="bbox 414 3065 1993 3143">
    <p class='ocr_par' dir='ltr' id='par_1_46' title="bbox 414 3065 1993 3143">
     <span class='ocr_line' id='line_1_46' title="bbox 414 3065 1993 3143; baseline 0.004 -20"><span class='ocrx_word' id='word_1_295' title='bbox 414 3070 500 3127; x_wconf 90' lang='grc' dir='ltr'>ιθ’.</span> <span class='ocrx_word' id='word_1_296' title='bbox 548 3069 613 3124; x_wconf 83' lang='grc' dir='ltr'><strong>Εἰ</strong></span> <span class='ocrx_word' id='word_1_297' title='bbox 659 3066 705 3124; x_wconf 78' lang='grc' dir='ltr'>δ’</span> <span class='ocrx_word' id='word_1_298' title='bbox 756 3065 1038 3138; x_wconf 79' lang='grc' dir='ltr'>ἀληθεύειν</span> <span class='ocrx_word' id='word_1_299' title='bbox 1086 3066 1123 3138; x_wconf 71' lang='grc' dir='ltr'>ἤ</span> <span class='ocrx_word' id='word_1_300' title='bbox 1172 3067 1459 3143; x_wconf 83' lang='grc' dir='ltr'>ψεύδεσθαι</span> <span class='ocrx_word' id='word_1_301' title='bbox 1516 3073 1633 3126; x_wconf 88' lang='grc' dir='ltr'>καθ’</span> <span class='ocrx_word' id='word_1_302' title='bbox 1679 3074 1842 3128; x_wconf 79' lang='grc' dir='ltr'>έαοτὰ</span> <span class='ocrx_word' id='word_1_303' title='bbox 1887 3078 1993 3130; x_wconf 90' lang='grc' dir='ltr'><strong>τῶν</strong></span> 
     </span>
    </p>
   </div>
   <div class='ocr_carea' id='block_1_47' title="bbox 341 3156 1991 3239">
    <p class='ocr_par' dir='ltr' id='par_1_47' title="bbox 341 3156 1991 3239">
     <span class='ocr_line' id='line_1_47' title="bbox 341 3156 1991 3239; baseline 0.003 -25"><span class='ocrx_word' id='word_1_304' title='bbox 341 3158 604 3235; x_wconf 81' lang='grc' dir='ltr'>ῥημάτων</span> <span class='ocrx_word' id='word_1_305' title='bbox 652 3160 721 3215; x_wconf 79' lang='grc' dir='ltr'><strong>τά</strong></span> <span class='ocrx_word' id='word_1_306' title='bbox 766 3162 958 3232; x_wconf 85' lang='grc' dir='ltr'>πρῶτα</span> <span class='ocrx_word' id='word_1_307' title='bbox 1005 3158 1274 3234; x_wconf 88' lang='grc' dir='ltr'>πρόσωπα</span> <span class='ocrx_word' id='word_1_308' title='bbox 1316 3156 1465 3215; x_wconf 83' lang='grc' dir='ltr'>δοκεῖ</span> <span class='ocrx_word' id='word_1_309' title='bbox 1511 3163 1601 3215; x_wconf 81' lang='grc' dir='ltr'><strong>καὶ</strong></span> <span class='ocrx_word' id='word_1_310' title='bbox 1646 3163 1713 3216; x_wconf 82' lang='grc' dir='ltr'><strong>τά</strong></span> <span class='ocrx_word' id='word_1_311' title='bbox 1752 3160 1991 3239; x_wconf 84' lang='grc' dir='ltr'>δεύτερα,</span> 
     </span>
    </p>
   </div>
   <div class='ocr_carea' id='block_1_48' title="bbox 339 3246 1996 3327">
    <p class='ocr_par' dir='ltr' id='par_1_48' title="bbox 339 3246 1996 3327">
     <span class='ocr_line' id='line_1_48' title="bbox 339 3246 1996 3327; baseline 0.002 -24"><span class='ocrx_word' id='word_1_312' title='bbox 339 3248 429 3303; x_wconf 84' lang='grc' dir='ltr'><strong>καὶ</strong></span> <span class='ocrx_word' id='word_1_313' title='bbox 457 3246 558 3304; x_wconf 78' lang='grc' dir='ltr'>ὅσα</span> <span class='ocrx_word' id='word_1_314' title='bbox 604 3252 712 3303; x_wconf 87' lang='grc' dir='ltr'><strong>τῶν</strong></span> <span class='ocrx_word' id='word_1_315' title='bbox 741 3246 939 3324; x_wconf 82' lang='grc' dir='ltr'>τρίτων</span> <span class='ocrx_word' id='word_1_316' title='bbox 982 3246 1073 3302; x_wconf 83' lang='grc' dir='ltr'>ἐπὶ</span> <span class='ocrx_word' id='word_1_317' title='bbox 1124 3246 1433 3323; x_wconf 80' lang='grc' dir='ltr'>ὡρισμένου</span> <span class='ocrx_word' id='word_1_318' title='bbox 1486 3248 1696 3325; x_wconf 88' lang='grc' dir='ltr'>λέγεται</span> <span class='ocrx_word' id='word_1_319' title='bbox 1744 3253 1996 3327; x_wconf 87' lang='grc' dir='ltr'>πράγμα-</span> 
     </span>
    </p>
   </div>
   <div class='ocr_carea' id='block_1_49' title="bbox 336 3334 1994 3413">
    <p class='ocr_par' dir='ltr' id='par_1_49' title="bbox 336 3334 1994 3413">
     <span class='ocr_line' id='line_1_49' title="bbox 336 3334 1994 3413; baseline 0.002 -20"><span class='ocrx_word' id='word_1_320' title='bbox 336 3355 452 3398; x_wconf 87' lang='grc' dir='ltr'>τος·</span> <span class='ocrx_word' id='word_1_321' title='bbox 502 3334 649 3391; x_wconf 73' lang='grc' dir='ltr'>ἀλλὰ</span> <span class='ocrx_word' id='word_1_322' title='bbox 695 3335 785 3392; x_wconf 87' lang='grc' dir='ltr'><strong>καὶ</strong></span> <span class='ocrx_word' id='word_1_323' title='bbox 828 3335 1044 3398; x_wconf 84' lang='grc' dir='ltr'>τούτοις</span> <span class='ocrx_word' id='word_1_324' title='bbox 1090 3339 1126 3406; x_wconf 73' lang='grc' dir='ltr'><strong>ἡ</strong></span> <span class='ocrx_word' id='word_1_325' title='bbox 1176 3334 1407 3409; x_wconf 74' lang='grc' dir='ltr'>ἀλήθεια</span> <span class='ocrx_word' id='word_1_326' title='bbox 1452 3338 1541 3393; x_wconf 81' lang='grc' dir='ltr'>καὶ</span> <span class='ocrx_word' id='word_1_327' title='bbox 1590 3339 1652 3393; x_wconf 88' lang='grc' dir='ltr'>τὸ</span> <span class='ocrx_word' id='word_1_328' title='bbox 1699 3337 1894 3413; x_wconf 78' lang='grc' dir='ltr'>ψεῦδος</span> <span class='ocrx_word' id='word_1_329' title='bbox 1933 3340 1994 3397; x_wconf 83' lang='grc' dir='ltr'><strong>ἐκ</strong></span> 
     </span>
    </p>
   </div>
   <div class='ocr_carea' id='block_1_50' title="bbox 2113 2122 3757 2200">
    <p class='ocr_par' dir='ltr' id='par_1_50' title="bbox 2113 2122 3757 2200">
     <span class='ocr_line' id='line_1_50' title="bbox 2113 2122 3757 2200; baseline -0.005 -15"><span class='ocrx_word' id='word_1_330' title='bbox 2113 2130 2386 2186; x_wconf 88' lang='lat' dir='ltr'><strong>dictionis</strong></span> <span class='ocrx_word' id='word_1_331' title='bbox 2433 2134 2538 2186; x_wconf 87' lang='lat' dir='ltr'><strong>est.</strong></span> <span class='ocrx_word' id='word_1_332' title='bbox 2572 2129 2799 2186; x_wconf 85' lang='lat' dir='ltr'><strong>Etenim</strong></span> <span class='ocrx_word' id='word_1_333' title='bbox 2842 2128 2945 2185; x_wconf 87' lang='lat' dir='ltr'><strong>illa</strong></span> <span class='ocrx_word' id='word_1_334' title='bbox 2992 2127 3229 2200; x_wconf 90' lang='lat' dir='ltr'><strong>quidem</strong></span> <span class='ocrx_word' id='word_1_335' title='bbox 3258 2125 3465 2198; x_wconf 87' lang='lat' dir='ltr'><strong>(oratio</strong></span> <span class='ocrx_word' id='word_1_336' title='bbox 3514 2122 3757 2194; x_wconf 86' lang='lat' dir='ltr'><strong>scilicet)</strong></span> 
     </span>
    </p>
   </div>
   <div class='ocr_carea' id='block_1_51' title="bbox 2111 2212 3753 2292">
    <p class='ocr_par' dir='ltr' id='par_1_51' title="bbox 2111 2212 3753 2292">
     <span class='ocr_line' id='line_1_51' title="bbox 2111 2212 3753 2292; baseline -0.004 -18"><span class='ocrx_word' id='word_1_337' title='bbox 2111 2218 2416 2292; x_wconf 82' lang='lat' dir='ltr'><strong>plenitudo</strong></span> <span class='ocrx_word' id='word_1_338' title='bbox 2464 2224 2554 2275; x_wconf 90' lang='lat' dir='ltr'><strong>est</strong></span> <span class='ocrx_word' id='word_1_339' title='bbox 2578 2218 2865 2292; x_wconf 79' lang='lat' dir='ltr'><strong>praecipue</strong></span> <span class='ocrx_word' id='word_1_340' title='bbox 2889 2232 3096 2274; x_wconf 91' lang='lat' dir='ltr'><strong>vocum</strong></span> <span class='ocrx_word' id='word_1_341' title='bbox 3129 2232 3220 2271; x_wconf 86' lang='lat' dir='ltr'><strong>res</strong></span> <span class='ocrx_word' id='word_1_342' title='bbox 3271 2212 3753 2287; x_wconf 81' lang='lat' dir='ltr'><strong>significantium.</strong></span> 
     </span>
    </p>
   </div>
   <div class='ocr_carea' id='block_1_52' title="bbox 2111 2300 3754 2379">
    <p class='ocr_par' dir='ltr' id='par_1_52' title="bbox 2111 2300 3754 2379">
     <span class='ocr_line' id='line_1_52' title="bbox 2111 2300 3754 2379; baseline -0.005 -16"><span class='ocrx_word' id='word_1_343' title='bbox 2111 2308 2372 2365; x_wconf 91' lang='lat' dir='ltr'><strong>Elocutio</strong></span> <span class='ocrx_word' id='word_1_344' title='bbox 2430 2313 2626 2365; x_wconf 86' lang='lat' dir='ltr'><strong>autem</strong></span> <span class='ocrx_word' id='word_1_345' title='bbox 2690 2312 2779 2364; x_wconf 89' lang='lat' dir='ltr'><strong>est</strong></span> <span class='ocrx_word' id='word_1_346' title='bbox 2834 2306 3133 2379; x_wconf 88' lang='lat' dir='ltr'><strong>plenitudo</strong></span> <span class='ocrx_word' id='word_1_347' title='bbox 3186 2303 3448 2360; x_wconf 90' lang='lat' dir='ltr'><strong>omnium</strong></span> <span class='ocrx_word' id='word_1_348' title='bbox 3527 2300 3754 2374; x_wconf 88' lang='lat' dir='ltr'><strong>simpli-</strong></span> 
     </span>
    </p>
   </div>
   <div class='ocr_carea' id='block_1_53' title="bbox 2110 2395 3542 2470">
    <p class='ocr_par' dir='ltr' id='par_1_53' title="bbox 2110 2395 3542 2470">
     <span class='ocr_line' id='line_1_53' title="bbox 2110 2395 3542 2470; baseline -0.003 -18"><span class='ocrx_word' id='word_1_349' title='bbox 2110 2397 2266 2453; x_wconf 89' lang='lat' dir='ltr'><strong>cium</strong></span> <span class='ocrx_word' id='word_1_350' title='bbox 2297 2414 2502 2454; x_wconf 87' lang='lat' dir='ltr'><strong>vocum</strong></span> <span class='ocrx_word' id='word_1_351' title='bbox 2532 2415 2662 2470; x_wconf 74' lang='lat' dir='ltr'><strong>quze</strong></span> <span class='ocrx_word' id='word_1_352' title='bbox 2694 2398 2766 2453; x_wconf 91' lang='lat' dir='ltr'><strong>ad</strong></span> <span class='ocrx_word' id='word_1_353' title='bbox 2792 2395 3109 2452; x_wconf 90' lang='lat' dir='ltr'><strong>dialectum</strong></span> <span class='ocrx_word' id='word_1_354' title='bbox 3139 2396 3542 2450; x_wconf 87' lang='lat' dir='ltr'><strong>assumuntur.</strong></span> 
     </span>
    </p>
   </div>
   <div class='ocr_carea' id='block_1_54' title="bbox 2180 2520 3750 2594">
    <p class='ocr_par' dir='ltr' id='par_1_54' title="bbox 2180 2520 3750 2594">
     <span class='ocr_line' id='line_1_54' title="bbox 2180 2520 3750 2594; baseline -0.003 -17"><span class='ocrx_word' id='word_1_355' title='bbox 2180 2522 2268 2577; x_wconf 70' lang='lat'><strong>48.</strong></span> <span class='ocrx_word' id='word_1_356' title='bbox 2314 2522 2565 2577; x_wconf 89' lang='lat' dir='ltr'><strong>Nomina</strong></span> <span class='ocrx_word' id='word_1_357' title='bbox 2622 2537 2795 2594; x_wconf 87' lang='lat' dir='ltr'><strong>porro</strong></span> <span class='ocrx_word' id='word_1_358' title='bbox 2839 2523 2897 2576; x_wconf 92' lang='lat' dir='ltr'><strong>et</strong></span> <span class='ocrx_word' id='word_1_359' title='bbox 2943 2520 3123 2575; x_wconf 90' lang='lat' dir='ltr'><strong>verba</strong></span> <span class='ocrx_word' id='word_1_360' title='bbox 3169 2534 3305 2575; x_wconf 90' lang='lat' dir='ltr'><strong>cum</strong></span> <span class='ocrx_word' id='word_1_361' title='bbox 3350 2532 3454 2589; x_wconf 92' lang='lat' dir='ltr'><strong>per</strong></span> <span class='ocrx_word' id='word_1_362' title='bbox 3507 2532 3571 2573; x_wconf 85' lang='lat' dir='ltr'><strong>se</strong></span> <span class='ocrx_word' id='word_1_363' title='bbox 3615 2531 3750 2588; x_wconf 88' lang='lat' dir='ltr'><strong>pro-</strong></span> 
     </span>
    </p>
   </div>
   <div class='ocr_carea' id='block_1_55' title="bbox 2108 2605 3750 2683">
    <p class='ocr_par' dir='ltr' id='par_1_55' title="bbox 2108 2605 3750 2683">
     <span class='ocr_line' id='line_1_55' title="bbox 2108 2605 3750 2683; baseline -0.004 -18"><span class='ocrx_word' id='word_1_364' title='bbox 2108 2610 2394 2683; x_wconf 87' lang='lat' dir='ltr'><strong>feruntur,</strong></span> <span class='ocrx_word' id='word_1_365' title='bbox 2452 2626 2641 2683; x_wconf 90' lang='lat' dir='ltr'><strong>neque</strong></span> <span class='ocrx_word' id='word_1_366' title='bbox 2698 2625 2898 2665; x_wconf 82' lang='lat' dir='ltr'><strong>verum</strong></span> <span class='ocrx_word' id='word_1_367' title='bbox 2954 2625 3143 2681; x_wconf 92' lang='lat' dir='ltr'><strong>neque</strong></span> <span class='ocrx_word' id='word_1_368' title='bbox 3198 2606 3412 2663; x_wconf 88' lang='lat' dir='ltr'><strong>falsum</strong></span> <span class='ocrx_word' id='word_1_369' title='bbox 3469 2605 3750 2662; x_wconf 87' lang='lat' dir='ltr'><strong>indicant.</strong></span> 
     </span>
    </p>
   </div>
   <div class='ocr_carea' id='block_1_56' title="bbox 2106 2696 3751 2772">
    <p class='ocr_par' dir='ltr' id='par_1_56' title="bbox 2106 2696 3751 2772">
     <span class='ocr_line' id='line_1_56' title="bbox 2106 2696 3751 2772; baseline -0.002 -18"><span class='ocrx_word' id='word_1_370' title='bbox 2106 2699 2164 2754; x_wconf 89' lang='lat' dir='ltr'><strong>Si</strong></span> <span class='ocrx_word' id='word_1_371' title='bbox 2216 2701 2349 2772; x_wconf 88' lang='lat' dir='ltr'><strong>quis</strong></span> <span class='ocrx_word' id='word_1_372' title='bbox 2395 2700 2553 2756; x_wconf 90' lang='lat' dir='ltr'><strong>enim</strong></span> <span class='ocrx_word' id='word_1_373' title='bbox 2600 2698 2880 2755; x_wconf 85' lang='lat' dir='ltr'><strong>inﬁnities</strong></span> <span class='ocrx_word' id='word_1_374' title='bbox 2942 2697 3150 2754; x_wconf 86' lang='lat' dir='ltr'><strong>dixerit</strong></span> <span class='ocrx_word' id='word_1_375' title='bbox 3192 2696 3256 2750; x_wconf 85' lang='grc' dir='ltr'>τὸ</span> <span class='ocrx_word' id='word_1_376' title='bbox 3307 2696 3598 2763; x_wconf 85' lang='lat' dir='ltr'><strong>Socrates,</strong></span> <span class='ocrx_word' id='word_1_377' title='bbox 3647 2698 3751 2750; x_wconf 89' lang='lat' dir='ltr'><strong>aut</strong></span> 
     </span>
    </p>
   </div>
   <div class='ocr_carea' id='block_1_57' title="bbox 2105 2783 3748 2863">
    <p class='ocr_par' dir='ltr' id='par_1_57' title="bbox 2105 2783 3748 2863">
     <span class='ocr_line' id='line_1_57' title="bbox 2105 2783 3748 2863; baseline -0.003 -20"><span class='ocrx_word' id='word_1_378' title='bbox 2105 2789 2168 2843; x_wconf 88' lang='grc' dir='ltr'>τὸ</span> <span class='ocrx_word' id='word_1_379' title='bbox 2216 2789 2682 2863; x_wconf 75' lang='lat' dir='ltr'><strong>phi1050phatur,</strong></span> <span class='ocrx_word' id='word_1_380' title='bbox 2708 2793 2813 2845; x_wconf 89' lang='lat' dir='ltr'><strong>aut</strong></span> <span class='ocrx_word' id='word_1_381' title='bbox 2842 2788 3054 2844; x_wconf 91' lang='lat' dir='ltr'><strong>horum</strong></span> <span class='ocrx_word' id='word_1_382' title='bbox 3102 2785 3323 2859; x_wconf 92' lang='lat' dir='ltr'><strong>aliquid</strong></span> <span class='ocrx_word' id='word_1_383' title='bbox 3354 2785 3481 2840; x_wconf 88' lang='lat' dir='ltr'><strong>sine</strong></span> <span class='ocrx_word' id='word_1_384' title='bbox 3526 2783 3748 2841; x_wconf 89' lang='lat' dir='ltr'><strong>combi—</strong></span> 
     </span>
    </p>
   </div>
   <div class='ocr_carea' id='block_1_58' title="bbox 2106 2872 3745 2951">
    <p class='ocr_par' dir='ltr' id='par_1_58' title="bbox 2106 2872 3745 2951">
     <span class='ocr_line' id='line_1_58' title="bbox 2106 2872 3745 2951; baseline -0.002 -17"><span class='ocrx_word' id='word_1_385' title='bbox 2106 2880 2343 2935; x_wconf 85' lang='lat' dir='ltr'><strong>natione</strong></span> <span class='ocrx_word' id='word_1_386' title='bbox 2400 2883 2458 2934; x_wconf 91' lang='lat' dir='ltr'><strong>et</strong></span> <span class='ocrx_word' id='word_1_387' title='bbox 2511 2894 2613 2951; x_wconf 92' lang='lat' dir='ltr'><strong>per</strong></span> <span class='ocrx_word' id='word_1_388' title='bbox 2669 2895 2751 2942; x_wconf 91' lang='lat' dir='ltr'><strong>se,</strong></span> <span class='ocrx_word' id='word_1_389' title='bbox 2784 2892 2974 2950; x_wconf 87' lang='lat' dir='ltr'><strong>neque</strong></span> <span class='ocrx_word' id='word_1_390' title='bbox 3022 2892 3225 2932; x_wconf 91' lang='lat' dir='ltr'><strong>verum</strong></span> <span class='ocrx_word' id='word_1_391' title='bbox 3283 2890 3473 2946; x_wconf 90' lang='lat' dir='ltr'><strong>neque</strong></span> <span class='ocrx_word' id='word_1_392' title='bbox 3529 2872 3745 2931; x_wconf 86' lang='lat' dir='ltr'><strong>falsum</strong></span> 
     </span>
    </p>
   </div>
   <div class='ocr_carea' id='block_1_59' title="bbox 2105 2968 2276 3024">
    <p class='ocr_par' dir='ltr' id='par_1_59' title="bbox 2105 2968 2276 3024">
     <span class='ocr_line' id='line_1_59' title="bbox 2105 2968 2276 3024; baseline 0.006 -1"><span class='ocrx_word' id='word_1_393' title='bbox 2105 2968 2276 3024; x_wconf 88' lang='lat' dir='ltr'><strong>dicet.</strong></span> 
     </span>
    </p>
   </div>
   <div class='ocr_carea' id='block_1_60' title="bbox 2176 3070 3743 3144">
    <p class='ocr_par' dir='ltr' id='par_1_60' title="bbox 2176 3070 3743 3144">
     <span class='ocr_line' id='line_1_60' title="bbox 2176 3070 3743 3144; baseline -0.003 -14"><span class='ocrx_word' id='word_1_394' title='bbox 2176 3077 2262 3131; x_wconf 86' lang='grc'>19.</span> <span class='ocrx_word' id='word_1_395' title='bbox 2310 3074 2435 3131; x_wconf 86' lang='lat' dir='ltr'><strong>Etsi</strong></span> <span class='ocrx_word' id='word_1_396' title='bbox 2489 3077 2684 3130; x_wconf 88' lang='lat' dir='ltr'><strong>autem</strong></span> <span class='ocrx_word' id='word_1_397' title='bbox 2740 3073 3048 3129; x_wconf 86' lang='lat' dir='ltr'><strong>verborum</strong></span> <span class='ocrx_word' id='word_1_398' title='bbox 3108 3070 3309 3144; x_wconf 68' lang='lat' dir='ltr'><strong>primm</strong></span> <span class='ocrx_word' id='word_1_399' title='bbox 3363 3074 3422 3125; x_wconf 91' lang='lat' dir='ltr'><strong>et</strong></span> <span class='ocrx_word' id='word_1_400' title='bbox 3474 3071 3743 3128; x_wconf 70' lang='lat' dir='ltr'><strong>secunde</strong></span> 
     </span>
    </p>
   </div>
   <div class='ocr_carea' id='block_1_61' title="bbox 2105 3159 3745 3235">
    <p class='ocr_par' dir='ltr' id='par_1_61' title="bbox 2105 3159 3745 3235">
     <span class='ocr_line' id='line_1_61' title="bbox 2105 3159 3745 3235; baseline -0.002 -16"><span class='ocrx_word' id='word_1_401' title='bbox 2105 3180 2366 3235; x_wconf 66' lang='lat' dir='ltr'><strong>personae</strong></span> <span class='ocrx_word' id='word_1_402' title='bbox 2396 3168 2453 3219; x_wconf 90' lang='lat' dir='ltr'><strong>et</strong></span> <span class='ocrx_word' id='word_1_403' title='bbox 2482 3167 2772 3235; x_wconf 81' lang='lat' dir='ltr'><strong>quotquot</strong></span> <span class='ocrx_word' id='word_1_404' title='bbox 2795 3161 2977 3218; x_wconf 79' lang='lat' dir='ltr'><strong>tertiae</strong></span> <span class='ocrx_word' id='word_1_405' title='bbox 3008 3163 3079 3217; x_wconf 91' lang='lat' dir='ltr'><strong>de</strong></span> <span class='ocrx_word' id='word_1_406' title='bbox 3107 3177 3170 3216; x_wconf 90' lang='lat' dir='ltr'><strong>re</strong></span> <span class='ocrx_word' id='word_1_407' title='bbox 3199 3159 3441 3216; x_wconf 85' lang='lat' dir='ltr'><strong>deﬁnita</strong></span> <span class='ocrx_word' id='word_1_408' title='bbox 3468 3160 3745 3216; x_wconf 88' lang='lat' dir='ltr'><strong>dicuntur</strong></span> 
     </span>
    </p>
   </div>
   <div class='ocr_carea' id='block_1_62' title="bbox 2102 3249 3742 3322">
    <p class='ocr_par' dir='ltr' id='par_1_62' title="bbox 2102 3249 3742 3322">
     <span class='ocr_line' id='line_1_62' title="bbox 2102 3249 3742 3322; baseline -0.001 -15"><span class='ocrx_word' id='word_1_409' title='bbox 2102 3268 2205 3322; x_wconf 91' lang='lat' dir='ltr'><strong>per</strong></span> <span class='ocrx_word' id='word_1_410' title='bbox 2232 3268 2295 3308; x_wconf 90' lang='lat' dir='ltr'><strong>se</strong></span> <span class='ocrx_word' id='word_1_411' title='bbox 2340 3268 2542 3308; x_wconf 90' lang='lat' dir='ltr'><strong>verum</strong></span> <span class='ocrx_word' id='word_1_412' title='bbox 2573 3257 2675 3307; x_wconf 91' lang='lat' dir='ltr'><strong>aut</strong></span> <span class='ocrx_word' id='word_1_413' title='bbox 2721 3250 2935 3307; x_wconf 90' lang='lat' dir='ltr'><strong>falsum</strong></span> <span class='ocrx_word' id='word_1_414' title='bbox 2967 3249 3157 3306; x_wconf 87' lang='lat' dir='ltr'><strong>dicere</strong></span> <span class='ocrx_word' id='word_1_415' title='bbox 3198 3249 3468 3305; x_wconf 88' lang='lat' dir='ltr'><strong>videntur</strong></span> <span class='ocrx_word' id='word_1_416' title='bbox 3499 3268 3512 3306; x_wconf 91' lang='lat'><strong>:</strong></span> <span class='ocrx_word' id='word_1_417' title='bbox 3544 3252 3742 3306; x_wconf 86' lang='lat' dir='ltr'><strong>tamen</strong></span> 
     </span>
    </p>
   </div>
   <div class='ocr_carea' id='block_1_63' title="bbox 2103 3338 3741 3413">
    <p class='ocr_par' dir='ltr' id='par_1_63' title="bbox 2103 3338 3741 3413">
     <span class='ocr_line' id='line_1_63' title="bbox 2103 3338 3741 3413; baseline -0.001 -18"><span class='ocrx_word' id='word_1_418' title='bbox 2103 3344 2160 3395; x_wconf 92' lang='lat' dir='ltr'><strong>et</strong></span> <span class='ocrx_word' id='word_1_419' title='bbox 2188 3341 2261 3396; x_wconf 90' lang='lat' dir='ltr'><strong>ad</strong></span> <span class='ocrx_word' id='word_1_420' title='bbox 2291 3341 2400 3397; x_wconf 89' lang='lat' dir='ltr'><strong>has</strong></span> <span class='ocrx_word' id='word_1_421' title='bbox 2429 3357 2498 3396; x_wconf 90' lang='lat' dir='ltr'><strong>ex</strong></span> <span class='ocrx_word' id='word_1_422' title='bbox 2526 3339 2925 3413; x_wconf 86' lang='lat' dir='ltr'><strong>complexione</strong></span> <span class='ocrx_word' id='word_1_423' title='bbox 2954 3354 3132 3411; x_wconf 88' lang='lat' dir='ltr'><strong>quam</strong></span> <span class='ocrx_word' id='word_1_424' title='bbox 3162 3338 3381 3395; x_wconf 85' lang='lat' dir='ltr'><strong>habent</strong></span> <span class='ocrx_word' id='word_1_425' title='bbox 3416 3339 3741 3395; x_wconf 90' lang='lat' dir='ltr'><strong>secundum</strong></span> 
     </span>
    </p>
   </div>
   <div class='ocr_carea' id='block_1_64' title="bbox 337 3410 1991 3501">
    <p class='ocr_par' dir='ltr' id='par_1_64' title="bbox 337 3410 1991 3500">
     <span class='ocr_line' id='line_1_64' title="bbox 337 3410 1991 3500; baseline 0.002 -19"><span class='ocrx_word' id='word_1_426' title='bbox 337 3432 439 3495; x_wconf 82' lang='grc' dir='ltr'>τῆς</span> <span class='ocrx_word' id='word_1_427' title='bbox 494 3426 631 3480; x_wconf 79' lang='grc' dir='ltr'>κατὰ</span> <span class='ocrx_word' id='word_1_428' title='bbox 688 3421 913 3496; x_wconf 86' lang='grc' dir='ltr'>δύναμιν</span> <span class='ocrx_word' id='word_1_429' title='bbox 974 3422 1270 3480; x_wconf 80' lang='grc' dir='ltr'>ἀκολουθεῖ</span> <span class='ocrx_word' id='word_1_430' title='bbox 1333 3424 1657 3500; x_wconf 83' lang='grc' dir='ltr'>συμπλοκῆς</span> <span class='ocrx_word' id='word_1_431' title='bbox 1692 3410 1722 3461; x_wconf 36' lang='grc'><strong>·’</strong></span> <span class='ocrx_word' id='word_1_432' title='bbox 1764 3427 1879 3483; x_wconf 81' lang='grc' dir='ltr'>ἐπεὶ</span> <span class='ocrx_word' id='word_1_433' title='bbox 1938 3426 1991 3485; x_wconf 81' lang='grc' dir='ltr'>δὲ</span> 
     </span>
    </p>
   </div>
   <div class='ocr_carea' id='block_1_65' title="bbox 2112 3410 3738 3501">
    <p class='ocr_par' dir='ltr' id='par_1_65' title="bbox 2112 3410 3738 3501">
     <span class='ocr_line' id='line_1_65' title="bbox 2112 3410 3738 3501; baseline -0.001 -16"><span class='ocrx_word' id='word_1_434' title='bbox 2112 3429 2425 3501; x_wconf 90' lang='lat' dir='ltr'><strong>potentiam</strong></span> <span class='ocrx_word' id='word_1_435' title='bbox 2475 3410 2690 3486; x_wconf 79' lang='lat' dir='ltr'><strong>veritas</strong></span> <span class='ocrx_word' id='word_1_436' title='bbox 2728 3429 2883 3485; x_wconf 75' lang='lat'><strong>260</strong></span> <span class='ocrx_word' id='word_1_437' title='bbox 2925 3410 2989 3484; x_wconf 82' lang='lat' dir='ltr'><strong>et</strong></span> <span class='ocrx_word' id='word_1_438' title='bbox 3031 3428 3260 3484; x_wconf 83' lang='lat' dir='ltr'><strong>falsitas</strong></span> <span class='ocrx_word' id='word_1_439' title='bbox 3315 3427 3738 3501; x_wconf 83' lang='lat' dir='ltr'><strong>consequitur:</strong></span> 
     </span>
    </p>
   </div>
   <div class='ocr_carea' id='block_1_66' title="bbox 336 3511 1987 3592">
    <p class='ocr_par' dir='ltr' id='par_1_66' title="bbox 336 3511 1987 3592">
     <span class='ocr_line' id='line_1_66' title="bbox 336 3511 1987 3592; baseline 0.001 -22"><span class='ocrx_word' id='word_1_440' title='bbox 336 3518 506 3570; x_wconf 74' lang='grc' dir='ltr'>ταῦτα</span> <span class='ocrx_word' id='word_1_441' title='bbox 554 3511 778 3587; x_wconf 86' lang='grc' dir='ltr'>δυνάμει</span> <span class='ocrx_word' id='word_1_442' title='bbox 829 3512 1293 3590; x_wconf 85' lang='grc' dir='ltr'>συμπεπλεγμένα</span> <span class='ocrx_word' id='word_1_443' title='bbox 1339 3515 1429 3570; x_wconf 88' lang='grc' dir='ltr'><strong>καὶ</strong></span> <span class='ocrx_word' id='word_1_444' title='bbox 1476 3512 1688 3592; x_wconf 87' lang='grc' dir='ltr'>λέγεται</span> <span class='ocrx_word' id='word_1_445' title='bbox 1736 3516 1826 3571; x_wconf 87' lang='grc' dir='ltr'><strong>καὶ</strong></span> <span class='ocrx_word' id='word_1_446' title='bbox 1856 3515 1987 3573; x_wconf 74' lang='grc' dir='ltr'>ἔστι·</span> 
     </span>
    </p>
   </div>
   <div class='ocr_carea' id='block_1_67' title="bbox 336 3602 1989 3681">
    <p class='ocr_par' dir='ltr' id='par_1_67' title="bbox 336 3602 1989 3681">
     <span class='ocr_line' id='line_1_67' title="bbox 336 3602 1989 3681; baseline 0.001 -22"><span class='ocrx_word' id='word_1_447' title='bbox 336 3607 418 3676; x_wconf 76' lang='grc' dir='ltr'>τῷ</span> <span class='ocrx_word' id='word_1_448' title='bbox 452 3603 545 3677; x_wconf 74' lang='grc' dir='ltr'>μὲν</span> <span class='ocrx_word' id='word_1_449' title='bbox 578 3602 682 3677; x_wconf 76' lang='grc' dir='ltr'><strong>γάρ</strong></span> <span class='ocrx_word' id='word_1_450' title='bbox 722 3603 928 3678; x_wconf 84' lang='grc' dir='ltr'>πρώτῳ</span> <span class='ocrx_word' id='word_1_451' title='bbox 974 3604 1254 3678; x_wconf 86' lang='grc' dir='ltr'>προσώπῳ</span> <span class='ocrx_word' id='word_1_452' title='bbox 1301 3603 1702 3675; x_wconf 83' lang='grc' dir='ltr'>συνεξακούεται</span> <span class='ocrx_word' id='word_1_453' title='bbox 1748 3606 1810 3660; x_wconf 86' lang='grc' dir='ltr'>τὸ</span> <span class='ocrx_word' id='word_1_454' title='bbox 1858 3606 1989 3681; x_wconf 81' lang='grc' dir='ltr'>ἐγὼ,</span> 
     </span>
    </p>
   </div>
   <div class='ocr_carea' id='block_1_68' title="bbox 339 3688 1991 3768">
    <p class='ocr_par' dir='ltr' id='par_1_68' title="bbox 339 3688 1991 3768">
     <span class='ocr_line' id='line_1_68' title="bbox 339 3688 1991 3768; baseline 0.001 -21"><span class='ocrx_word' id='word_1_455' title='bbox 339 3696 429 3764; x_wconf 82' lang='grc' dir='ltr'>Τῷ</span> <span class='ocrx_word' id='word_1_456' title='bbox 458 3690 516 3747; x_wconf 77' lang='grc' dir='ltr'>δὲ</span> <span class='ocrx_word' id='word_1_457' title='bbox 546 3688 781 3768; x_wconf 80' lang='grc' dir='ltr'>δευτέρῳ</span> <span class='ocrx_word' id='word_1_458' title='bbox 807 3692 872 3747; x_wconf 88' lang='grc' dir='ltr'><strong>τὸ</strong></span> <span class='ocrx_word' id='word_1_459' title='bbox 903 3690 987 3746; x_wconf 89' lang='grc' dir='ltr'>σύ·</span> <span class='ocrx_word' id='word_1_460' title='bbox 1020 3692 1082 3748; x_wconf 86' lang='grc' dir='ltr'>τὸ</span> <span class='ocrx_word' id='word_1_461' title='bbox 1116 3689 1164 3747; x_wconf 88' lang='grc' dir='ltr'>δ’</span> <span class='ocrx_word' id='word_1_462' title='bbox 1193 3693 1298 3768; x_wconf 80' lang='grc' dir='ltr'>ἐγὼ</span> <span class='ocrx_word' id='word_1_463' title='bbox 1327 3692 1416 3748; x_wconf 85' lang='grc' dir='ltr'><strong>καὶ</strong></span> <span class='ocrx_word' id='word_1_464' title='bbox 1445 3694 1509 3747; x_wconf 87' lang='grc' dir='ltr'>τὸ</span> <span class='ocrx_word' id='word_1_465' title='bbox 1537 3692 1621 3766; x_wconf 78' lang='grc' dir='ltr'><strong>σὺ,</strong></span> <span class='ocrx_word' id='word_1_466' title='bbox 1657 3694 1991 3767; x_wconf 87' lang='grc' dir='ltr'>ἀντωνυμίαι</span> 
     </span>
    </p>
   </div>
   <div class='ocr_carea' id='block_1_69' title="bbox 340 3776 1987 3860">
    <p class='ocr_par' dir='ltr' id='par_1_69' title="bbox 340 3776 1987 3860">
     <span class='ocr_line' id='line_1_69' title="bbox 340 3776 1987 3860; baseline 0.002 -24"><span class='ocrx_word' id='word_1_467' title='bbox 340 3779 486 3855; x_wconf 74' lang='grc' dir='ltr'>ὅντα,</span> <span class='ocrx_word' id='word_1_468' title='bbox 540 3780 660 3836; x_wconf 80' lang='grc' dir='ltr'>ἀντὶ</span> <span class='ocrx_word' id='word_1_469' title='bbox 711 3780 994 3854; x_wconf 82' lang='grc' dir='ltr'>ὀνομάτων</span> <span class='ocrx_word' id='word_1_470' title='bbox 1043 3776 1581 3858; x_wconf 76' lang='grc' dir='ltr'>παραλαμϐάνονται.</span> <span class='ocrx_word' id='word_1_471' title='bbox 1614 3789 1739 3846; x_wconf 83' lang='grc' dir='ltr'>Τοῖς</span> <span class='ocrx_word' id='word_1_472' title='bbox 1789 3780 1847 3838; x_wconf 78' lang='grc' dir='ltr'><strong>δὲ</strong></span> <span class='ocrx_word' id='word_1_473' title='bbox 1871 3784 1987 3860; x_wconf 84' lang='grc' dir='ltr'>τρί-</span> 
     </span>
    </p>
   </div>
   <div class='ocr_carea' id='block_1_70' title="bbox 334 3869 1988 3947">
    <p class='ocr_par' dir='ltr' id='par_1_70' title="bbox 334 3869 1988 3947">
     <span class='ocr_line' id='line_1_70' title="bbox 334 3869 1988 3947; baseline 0.001 -22"><span class='ocrx_word' id='word_1_474' title='bbox 334 3886 454 3932; x_wconf 87' lang='grc' dir='ltr'>τοις</span> <span class='ocrx_word' id='word_1_475' title='bbox 485 3869 826 3947; x_wconf 78' lang='grc' dir='ltr'>προσώποις,</span> <span class='ocrx_word' id='word_1_476' title='bbox 854 3874 973 3933; x_wconf 89' lang='grc' dir='ltr'>τοῖς</span> <span class='ocrx_word' id='word_1_477' title='bbox 1004 3869 1093 3925; x_wconf 78' lang='grc' dir='ltr'>ἐπὶ</span> <span class='ocrx_word' id='word_1_478' title='bbox 1145 3891 1293 3933; x_wconf 88' lang='grc' dir='ltr'>τινος</span> <span class='ocrx_word' id='word_1_479' title='bbox 1337 3869 1652 3947; x_wconf 85' lang='grc' dir='ltr'>πράγματος</span> <span class='ocrx_word' id='word_1_480' title='bbox 1681 3870 1988 3947; x_wconf 81' lang='grc' dir='ltr'>ὡρισμένου</span> 
     </span>
    </p>
   </div>
   <div class='ocr_carea' id='block_1_71' title="bbox 374 3956 1984 4036">
    <p class='ocr_par' dir='ltr' id='par_1_71' title="bbox 374 3956 1984 4036">
     <span class='ocr_line' id='line_1_71' title="bbox 374 3956 1984 4036; baseline 0.002 -24"><span class='ocrx_word' id='word_1_481' title='bbox 374 3956 678 4034; x_wconf 83' lang='grc' dir='ltr'><strong>εγομένοις⁹</strong></span> <span class='ocrx_word' id='word_1_482' title='bbox 738 3956 910 4013; x_wconf 84' lang='grc' dir='ltr'>έκεῖνο</span> <span class='ocrx_word' id='word_1_483' title='bbox 968 3958 1367 4036; x_wconf 76' lang='grc' dir='ltr'>συνεκφαίνεται</span> <span class='ocrx_word' id='word_1_484' title='bbox 1411 3961 1528 4014; x_wconf 87' lang='grc' dir='ltr'>καθ’</span> <span class='ocrx_word' id='word_1_485' title='bbox 1585 3958 1648 4014; x_wconf 80' lang='grc' dir='ltr'><strong>οὗ</strong></span> <span class='ocrx_word' id='word_1_486' title='bbox 1708 3958 1984 4035; x_wconf 83' lang='grc' dir='ltr'>λέγονται·</span> 
     </span>
    </p>
   </div>
   <div class='ocr_carea' id='block_1_72' title="bbox 334 3978 1989 4125">
    <p class='ocr_par' dir='ltr' id='par_1_72' title="bbox 334 3978 1989 4125">
     <span class='ocr_line' id='line_1_72' title="bbox 374 3978 1984 4036; baseline 0.002 -24"><span class='ocrx_word' id='word_1_487' title='bbox 374 3978 678 4034; x_wconf 82' lang='grc' dir='ltr'><strong>εγομενοις⁹</strong></span> <span class='ocrx_word' id='word_1_488' title='bbox 738 3978 910 4013; x_wconf 89' lang='grc' dir='ltr'>εκεινο</span> <span class='ocrx_word' id='word_1_489' title='bbox 968 3978 1367 4036; x_wconf 77' lang='grc' dir='ltr'>συνεκφαινεται</span> <span class='ocrx_word' id='word_1_490' title='bbox 1411 3978 1522 4014; x_wconf 70' lang='lat' dir='ltr'><strong>mu</strong></span> <span class='ocrx_word' id='word_1_491' title='bbox 1585 3978 1648 4014; x_wconf 90' lang='grc' dir='ltr'><strong>ου</strong></span> <span class='ocrx_word' id='word_1_492' title='bbox 1709 3978 1984 4035; x_wconf 78' lang='grc' dir='ltr'>Αεγονται·</span> 
     </span>
     <span class='ocr_line' id='line_1_73' title="bbox 334 3978 1989 4125; baseline 0.002 -24"><span class='ocrx_word' id='word_1_493' title='bbox 334 3978 410 4109; x_wconf 50' lang='grc' dir='ltr'><strong>’Ἐς</strong></span> <span class='ocrx_word' id='word_1_494' title='bbox 453 4044 544 4101; x_wconf 81' lang='grc' dir='ltr'><strong>ἐπὶ</strong></span> <span class='ocrx_word' id='word_1_495' title='bbox 595 4050 693 4101; x_wconf 84' lang='grc' dir='ltr'>τοῦ</span> <span class='ocrx_word' id='word_1_496' title='bbox 741 4045 824 4101; x_wconf 75' lang='grc' dir='ltr'>ὕει</span> <span class='ocrx_word' id='word_1_497' title='bbox 869 4045 959 4102; x_wconf 78' lang='grc' dir='ltr'>καί</span> <span class='ocrx_word' id='word_1_498' title='bbox 1016 4048 1218 4124; x_wconf 86' lang='grc' dir='ltr'>βροντᾷ</span> <span class='ocrx_word' id='word_1_499' title='bbox 1259 4048 1348 4103; x_wconf 83' lang='grc' dir='ltr'><strong>καὶ</strong></span> <span class='ocrx_word' id='word_1_500' title='bbox 1405 4047 1716 4125; x_wconf 84' lang='grc' dir='ltr'>ἀστράπτει,</span> <span class='ocrx_word' id='word_1_501' title='bbox 1745 4045 1989 4124; x_wconf 70' lang='grc' dir='ltr'>τοῦνομα</span> 
     </span>
    </p>
   </div>
   <div class='ocr_carea' id='block_1_73' title="bbox 329 4131 1308 4210">
    <p class='ocr_par' dir='ltr' id='par_1_73' title="bbox 329 4131 1308 4210">
     <span class='ocr_line' id='line_1_74' title="bbox 329 4131 1308 4210; baseline 0.003 -22"><span class='ocrx_word' id='word_1_502' title='bbox 329 4140 434 4204; x_wconf 84' lang='grc' dir='ltr'>τῆς</span> <span class='ocrx_word' id='word_1_503' title='bbox 462 4132 720 4210; x_wconf 86' lang='grc' dir='ltr'>προνοίας</span> <span class='ocrx_word' id='word_1_504' title='bbox 749 4131 939 4207; x_wconf 79' lang='grc' dir='ltr'>ἔξωθεν</span> <span class='ocrx_word' id='word_1_505' title='bbox 963 4135 1308 4191; x_wconf 82' lang='grc' dir='ltr'>ὑπακούεται.</span> 
     </span>
    </p>
   </div>
   <div class='ocr_carea' id='block_1_74' title="bbox 400 4241 1988 4321">
    <p class='ocr_par' dir='ltr' id='par_1_74' title="bbox 400 4241 1988 4321">
     <span class='ocr_line' id='line_1_75' title="bbox 400 4241 1988 4321; baseline 0.004 -25"><span class='ocrx_word' id='word_1_506' title='bbox 400 4242 469 4298; x_wconf 88' lang='grc' dir='ltr'>κ’.</span> <span class='ocrx_word' id='word_1_507' title='bbox 521 4242 597 4299; x_wconf 78' lang='grc' dir='ltr'>Τὰ</span> <span class='ocrx_word' id='word_1_508' title='bbox 640 4241 818 4298; x_wconf 84' lang='grc' dir='ltr'>τοίνυν</span> <span class='ocrx_word' id='word_1_509' title='bbox 874 4242 1116 4316; x_wconf 84' lang='grc' dir='ltr'>ὀνόματα</span> <span class='ocrx_word' id='word_1_510' title='bbox 1162 4244 1251 4298; x_wconf 80' lang='grc' dir='ltr'><strong>καὶ</strong></span> <span class='ocrx_word' id='word_1_511' title='bbox 1301 4245 1369 4298; x_wconf 77' lang='grc' dir='ltr'>τὰ</span> <span class='ocrx_word' id='word_1_512' title='bbox 1418 4243 1638 4321; x_wconf 80' lang='grc' dir='ltr'>ῥήματα</span> <span class='ocrx_word' id='word_1_513' title='bbox 1678 4246 1796 4300; x_wconf 88' lang='grc' dir='ltr'>καθ’</span> <span class='ocrx_word' id='word_1_514' title='bbox 1850 4246 1988 4302; x_wconf 75' lang='grc' dir='ltr'>αὐτὰ</span> 
     </span>
    </p>
   </div>
   <div class='ocr_carea' id='block_1_75' title="bbox 337 4324 1983 4411">
    <p class='ocr_par' dir='ltr' id='par_1_75' title="bbox 337 4324 1983 4411">
     <span class='ocr_line' id='line_1_76' title="bbox 337 4324 1983 4411; baseline 0.002 -24"><span class='ocrx_word' id='word_1_515' title='bbox 337 4324 789 4406; x_wconf 74' lang='grc' dir='ltr'>προϐαλλόμενα,</span> <span class='ocrx_word' id='word_1_516' title='bbox 838 4328 950 4386; x_wconf 67' lang='grc' dir='ltr'>οὔτ’</span> <span class='ocrx_word' id='word_1_517' title='bbox 978 4332 1239 4403; x_wconf 80' lang='grc' dir='ltr'>ἀληθείας</span> <span class='ocrx_word' id='word_1_518' title='bbox 1287 4329 1413 4387; x_wconf 74' lang='grc' dir='ltr'>οὔτε</span> <span class='ocrx_word' id='word_1_519' title='bbox 1463 4333 1691 4407; x_wconf 80' lang='grc' dir='ltr'>ψεύδους</span> <span class='ocrx_word' id='word_1_520' title='bbox 1726 4337 1983 4411; x_wconf 87' lang='grc' dir='ltr'>τυγχάνει</span> 
     </span>
    </p>
   </div>
   <div class='ocr_carea' id='block_1_76' title="bbox 331 4416 1984 4498">
    <p class='ocr_par' dir='ltr' id='par_1_76' title="bbox 331 4416 1984 4498">
     <span class='ocr_line' id='line_1_77' title="bbox 331 4416 1984 4498; baseline 0.004 -25"><span class='ocrx_word' id='word_1_521' title='bbox 331 4416 629 4487; x_wconf 85' lang='grc' dir='ltr'>δηδωτικά·</span> <span class='ocrx_word' id='word_1_522' title='bbox 664 4419 1049 4493; x_wconf 84' lang='grc' dir='ltr'>συμπλακέντα</span> <span class='ocrx_word' id='word_1_523' title='bbox 1078 4419 1126 4477; x_wconf 81' lang='grc' dir='ltr'>δ’</span> <span class='ocrx_word' id='word_1_524' title='bbox 1175 4419 1475 4495; x_wconf 75' lang='grc' dir='ltr'>ἀλλήλοις,</span> <span class='ocrx_word' id='word_1_525' title='bbox 1523 4423 1657 4478; x_wconf 74' lang='grc' dir='ltr'>ποτὲ</span> <span class='ocrx_word' id='word_1_526' title='bbox 1708 4424 1801 4498; x_wconf 76' lang='grc' dir='ltr'><strong>μὲν</strong></span> <span class='ocrx_word' id='word_1_527' title='bbox 1839 4423 1984 4496; x_wconf 75' lang='grc' dir='ltr'><strong>ἀλή-</strong></span> 
     </span>
    </p>
   </div>
   <div class='ocr_carea' id='block_1_77' title="bbox 329 4506 1360 4584">
    <p class='ocr_par' dir='ltr' id='par_1_77' title="bbox 329 4506 1360 4584">
     <span class='ocr_line' id='line_1_78' title="bbox 329 4506 1360 4584; baseline 0.006 -21"><span class='ocrx_word' id='word_1_528' title='bbox 329 4518 501 4579; x_wconf 84' lang='grc' dir='ltr'>θειᾳν,</span> <span class='ocrx_word' id='word_1_529' title='bbox 530 4509 665 4563; x_wconf 74' lang='grc' dir='ltr'>ποτὲ</span> <span class='ocrx_word' id='word_1_530' title='bbox 698 4506 757 4564; x_wconf 78' lang='grc' dir='ltr'>δὲ</span> <span class='ocrx_word' id='word_1_531' title='bbox 785 4507 981 4583; x_wconf 68' lang='grc' dir='ltr'>ψέῦδυ)</span> <span class='ocrx_word' id='word_1_532' title='bbox 1015 4510 1360 4584; x_wconf 87' lang='grc' dir='ltr'>σημαίνουσι.</span> 
     </span>
    </p>
   </div>
   <div class='ocr_carea' id='block_1_78' title="bbox 398 4631 1983 4710">
    <p class='ocr_par' dir='ltr' id='par_1_78' title="bbox 398 4631 1983 4710">
     <span class='ocr_line' id='line_1_79' title="bbox 398 4631 1983 4710; baseline 0.004 -25"><span class='ocrx_word' id='word_1_533' title='bbox 398 4637 498 4686; x_wconf 87' lang='grc' dir='ltr'>κα’.</span> <span class='ocrx_word' id='word_1_534' title='bbox 552 4634 995 4709; x_wconf 89' lang='grc' dir='ltr'>Προηγουμένως</span> <span class='ocrx_word' id='word_1_535' title='bbox 1047 4634 1142 4707; x_wconf 72' lang='grc' dir='ltr'><strong>μὲν</strong></span> <span class='ocrx_word' id='word_1_536' title='bbox 1190 4633 1292 4710; x_wconf 80' lang='grc' dir='ltr'>γὰρ</span> <span class='ocrx_word' id='word_1_537' title='bbox 1342 4631 1571 4705; x_wconf 74' lang='grc' dir='ltr'>δηλοῦσι</span> <span class='ocrx_word' id='word_1_538' title='bbox 1617 4634 1686 4690; x_wconf 81' lang='grc' dir='ltr'>τᾶι</span> <span class='ocrx_word' id='word_1_539' title='bbox 1732 4639 1983 4710; x_wconf 76' lang='grc' dir='ltr'>νοήματα</span> 
     </span>
    </p>
   </div>
   <div class='ocr_carea' id='block_1_79' title="bbox 323 4715 1979 4802">
    <p class='ocr_par' dir='ltr' id='par_1_79' title="bbox 323 4715 1979 4802">
     <span class='ocr_line' id='line_1_80' title="bbox 323 4715 1979 4802; baseline -0.002 -20"><span class='ocrx_word' id='word_1_540' title='bbox 323 4724 426 4788; x_wconf 78' lang='grc' dir='ltr'><strong>τῆς</strong></span> <span class='ocrx_word' id='word_1_541' title='bbox 453 4721 660 4795; x_wconf 79' lang='grc' dir='ltr'>ψυχῆς,</span> <span class='ocrx_word' id='word_1_542' title='bbox 697 4715 787 4775; x_wconf 82' lang='grc' dir='ltr'>διὰ</span> <span class='ocrx_word' id='word_1_543' title='bbox 838 4722 1014 4794; x_wconf 87' lang='grc' dir='ltr'>μέσων</span> <span class='ocrx_word' id='word_1_544' title='bbox 1049 4718 1108 4776; x_wconf 75' lang='grc' dir='ltr'>δὲ</span> <span class='ocrx_word' id='word_1_545' title='bbox 1132 4726 1239 4776; x_wconf 88' lang='grc' dir='ltr'><strong>τῶν</strong></span> <span class='ocrx_word' id='word_1_546' title='bbox 1291 4721 1580 4796; x_wconf 87' lang='grc' dir='ltr'>νοημάτων</span> <span class='ocrx_word' id='word_1_547' title='bbox 1618 4723 1686 4779; x_wconf 87' lang='grc' dir='ltr'>τὰ</span> <span class='ocrx_word' id='word_1_548' title='bbox 1730 4725 1979 4802; x_wconf 88' lang='grc' dir='ltr'>πράγμα-</span> 
     </span>
    </p>
   </div>
   <div class='ocr_carea' id='block_1_80' title="bbox 2102 3517 3744 3591">
    <p class='ocr_par' dir='ltr' id='par_1_80' title="bbox 2102 3517 3744 3591">
     <span class='ocr_line' id='line_1_81' title="bbox 2102 3517 3744 3591; baseline 0 -18"><span class='ocrx_word' id='word_1_549' title='bbox 2102 3518 2380 3590; x_wconf 91' lang='lat' dir='ltr'><strong>quoniam</strong></span> <span class='ocrx_word' id='word_1_550' title='bbox 2436 3523 2493 3574; x_wconf 90' lang='lat' dir='ltr'><strong>et</strong></span> <span class='ocrx_word' id='word_1_551' title='bbox 2546 3519 2633 3574; x_wconf 70' lang='lat' dir='ltr'><strong>hae</strong></span> <span class='ocrx_word' id='word_1_552' title='bbox 2691 3517 2948 3591; x_wconf 89' lang='lat' dir='ltr'><strong>potentia</strong></span> <span class='ocrx_word' id='word_1_553' title='bbox 3004 3517 3314 3590; x_wconf 81' lang='lat' dir='ltr'><strong>complexae</strong></span> <span class='ocrx_word' id='word_1_554' title='bbox 3368 3521 3427 3574; x_wconf 89' lang='lat' dir='ltr'><strong>et</strong></span> <span class='ocrx_word' id='word_1_555' title='bbox 3462 3517 3744 3574; x_wconf 91' lang='lat' dir='ltr'><strong>dicuntur</strong></span> 
     </span>
    </p>
   </div>
   <div class='ocr_carea' id='block_1_81' title="bbox 2099 3605 3737 3680">
    <p class='ocr_par' dir='ltr' id='par_1_81' title="bbox 2099 3605 3737 3680">
     <span class='ocr_line' id='line_1_82' title="bbox 2099 3605 3737 3680; baseline 0.002 -19"><span class='ocrx_word' id='word_1_556' title='bbox 2099 3610 2157 3661; x_wconf 92' lang='lat' dir='ltr'><strong>et</strong></span> <span class='ocrx_word' id='word_1_557' title='bbox 2202 3612 2359 3664; x_wconf 90' lang='lat' dir='ltr'><strong>sunt.</strong></span> <span class='ocrx_word' id='word_1_558' title='bbox 2392 3608 2536 3664; x_wconf 89' lang='lat' dir='ltr'><strong>Cum</strong></span> <span class='ocrx_word' id='word_1_559' title='bbox 2584 3608 2776 3680; x_wconf 90' lang='lat' dir='ltr'><strong>prima</strong></span> <span class='ocrx_word' id='word_1_560' title='bbox 2803 3611 2998 3663; x_wconf 90' lang='lat' dir='ltr'><strong>autem</strong></span> <span class='ocrx_word' id='word_1_561' title='bbox 3028 3614 3280 3679; x_wconf 87' lang='lat' dir='ltr'><strong>persona</strong></span> <span class='ocrx_word' id='word_1_562' title='bbox 3317 3605 3381 3660; x_wconf 84' lang='grc' dir='ltr'>τὸ</span> <span class='ocrx_word' id='word_1_563' title='bbox 3408 3623 3513 3679; x_wconf 94' lang='lat' dir='ltr'><strong>ego</strong></span> <span class='ocrx_word' id='word_1_564' title='bbox 3563 3623 3737 3663; x_wconf 86' lang='lat' dir='ltr'><strong>exau-</strong></span> 
     </span>
    </p>
   </div>
   <div class='ocr_carea' id='block_1_82' title="bbox 2098 3694 3739 3768">
    <p class='ocr_par' dir='ltr' id='par_1_82' title="bbox 2098 3694 3739 3768">
     <span class='ocr_line' id='line_1_83' title="bbox 2098 3694 3739 3768; baseline 0.001 -18"><span class='ocrx_word' id='word_1_565' title='bbox 2098 3696 2276 3761; x_wconf 88' lang='lat' dir='ltr'><strong>ditur,</strong></span> <span class='ocrx_word' id='word_1_566' title='bbox 2325 3713 2459 3752; x_wconf 92' lang='lat' dir='ltr'><strong>cum</strong></span> <span class='ocrx_word' id='word_1_567' title='bbox 2508 3698 2767 3752; x_wconf 88' lang='lat' dir='ltr'><strong>secunda</strong></span> <span class='ocrx_word' id='word_1_568' title='bbox 2793 3695 2855 3749; x_wconf 84' lang='grc' dir='ltr'>τὸ</span> <span class='ocrx_word' id='word_1_569' title='bbox 2900 3701 3006 3763; x_wconf 85' lang='lat' dir='ltr'><strong>tu;</strong></span> <span class='ocrx_word' id='word_1_570' title='bbox 3040 3694 3123 3765; x_wconf 88' lang='grc' dir='ltr'><strong>(τὸ</strong></span> <span class='ocrx_word' id='word_1_571' title='bbox 3169 3712 3275 3768; x_wconf 89' lang='lat' dir='ltr'><strong>ego</strong></span> <span class='ocrx_word' id='word_1_572' title='bbox 3325 3700 3521 3752; x_wconf 89' lang='lat' dir='ltr'><strong>autem</strong></span> <span class='ocrx_word' id='word_1_573' title='bbox 3568 3700 3628 3752; x_wconf 89' lang='lat' dir='ltr'><strong>et</strong></span> <span class='ocrx_word' id='word_1_574' title='bbox 3674 3699 3739 3752; x_wconf 90' lang='lat' dir='ltr'><strong>tu</strong></span> 
     </span>
    </p>
   </div>
   <div class='ocr_carea' id='block_1_83' title="bbox 2099 3783 3738 3857">
    <p class='ocr_par' dir='ltr' id='par_1_83' title="bbox 2099 3783 3738 3857">
     <span class='ocr_line' id='line_1_84' title="bbox 2099 3783 3738 3857; baseline -0.001 -18"><span class='ocrx_word' id='word_1_575' title='bbox 2099 3801 2225 3857; x_wconf 75' lang='lat' dir='ltr'><strong>quae</strong></span> <span class='ocrx_word' id='word_1_576' title='bbox 2254 3788 2395 3840; x_wconf 88' lang='lat' dir='ltr'><strong>sunt</strong></span> <span class='ocrx_word' id='word_1_577' title='bbox 2424 3784 2788 3857; x_wconf 87' lang='lat' dir='ltr'><strong>pronomina,</strong></span> <span class='ocrx_word' id='word_1_578' title='bbox 2820 3788 3206 3841; x_wconf 90' lang='lat' dir='ltr'><strong>assumuntur</strong></span> <span class='ocrx_word' id='word_1_579' title='bbox 3234 3800 3339 3857; x_wconf 92' lang='lat' dir='ltr'><strong>pro</strong></span> <span class='ocrx_word' id='word_1_580' title='bbox 3377 3783 3738 3843; x_wconf 89' lang='lat' dir='ltr'><strong>nominibus.</strong></span> 
     </span>
    </p>
   </div>
   <div class='ocr_carea' id='block_1_84' title="bbox 2097 3873 3739 3946">
    <p class='ocr_par' dir='ltr' id='par_1_84' title="bbox 2097 3873 3739 3946">
     <span class='ocr_line' id='line_1_85' title="bbox 2097 3873 3739 3946; baseline 0 -16"><span class='ocrx_word' id='word_1_581' title='bbox 2097 3876 2240 3930; x_wconf 90' lang='lat' dir='ltr'><strong>Cum</strong></span> <span class='ocrx_word' id='word_1_582' title='bbox 2295 3873 2482 3930; x_wconf 89' lang='lat' dir='ltr'><strong>tertiis</strong></span> <span class='ocrx_word' id='word_1_583' title='bbox 2538 3880 2734 3931; x_wconf 89' lang='lat' dir='ltr'><strong>autem</strong></span> <span class='ocrx_word' id='word_1_584' title='bbox 2792 3874 3057 3946; x_wconf 86' lang='lat' dir='ltr'><strong>personis</strong></span> <span class='ocrx_word' id='word_1_585' title='bbox 3115 3890 3244 3945; x_wconf 78' lang='lat' dir='ltr'><strong>quae</strong></span> <span class='ocrx_word' id='word_1_586' title='bbox 3288 3891 3394 3946; x_wconf 91' lang='lat' dir='ltr'><strong>pro</strong></span> <span class='ocrx_word' id='word_1_587' title='bbox 3450 3873 3648 3945; x_wconf 87' lang='lat' dir='ltr'><strong>aliqua</strong></span> <span class='ocrx_word' id='word_1_588' title='bbox 3677 3890 3739 3930; x_wconf 88' lang='lat' dir='ltr'><strong>re</strong></span> 
     </span>
    </p>
   </div>
   <div class='ocr_carea' id='block_1_85' title="bbox 2096 3961 3736 4035">
    <p class='ocr_par' dir='ltr' id='par_1_85' title="bbox 2096 3961 3736 4035">
     <span class='ocr_line' id='line_1_86' title="bbox 2096 3961 3736 4035; baseline 0 -18"><span class='ocrx_word' id='word_1_589' title='bbox 2096 3963 2263 4019; x_wconf 87' lang='lat' dir='ltr'><strong>ﬁnita</strong></span> <span class='ocrx_word' id='word_1_590' title='bbox 2311 3962 2607 4033; x_wconf 87' lang='lat' dir='ltr'><strong>dicuntur,</strong></span> <span class='ocrx_word' id='word_1_591' title='bbox 2640 3962 2818 4020; x_wconf 90' lang='lat' dir='ltr'><strong>simul</strong></span> <span class='ocrx_word' id='word_1_592' title='bbox 2863 3963 3178 4020; x_wconf 85' lang='lat' dir='ltr'><strong>innotescit</strong></span> <span class='ocrx_word' id='word_1_593' title='bbox 3202 3961 3346 4019; x_wconf 93' lang='lat' dir='ltr'><strong>illud</strong></span> <span class='ocrx_word' id='word_1_594' title='bbox 3392 3962 3466 4018; x_wconf 90' lang='lat' dir='ltr'><strong>de</strong></span> <span class='ocrx_word' id='word_1_595' title='bbox 3492 3978 3607 4035; x_wconf 91' lang='lat' dir='ltr'><strong>quo</strong></span> <span class='ocrx_word' id='word_1_596' title='bbox 3647 3962 3736 4019; x_wconf 89' lang='lat' dir='ltr'><strong>di-</strong></span> 
     </span>
    </p>
   </div>
   <div class='ocr_carea' id='block_1_86' title="bbox 2095 4051 3731 4125">
    <p class='ocr_par' dir='ltr' id='par_1_86' title="bbox 2095 4051 3731 4125">
     <span class='ocr_line' id='line_1_87' title="bbox 2095 4051 3731 4125; baseline -0.001 -17"><span class='ocrx_word' id='word_1_597' title='bbox 2095 4056 2308 4108; x_wconf 90' lang='lat' dir='ltr'><strong>cuntur</strong></span> <span class='ocrx_word' id='word_1_598' title='bbox 2339 4070 2351 4107; x_wconf 91' lang='lat'>:</span> <span class='ocrx_word' id='word_1_599' title='bbox 2387 4057 2452 4107; x_wconf 90' lang='lat' dir='ltr'><strong>ut</strong></span> <span class='ocrx_word' id='word_1_600' title='bbox 2481 4051 2539 4106; x_wconf 92' lang='lat' dir='ltr'><strong>in</strong></span> <span class='ocrx_word' id='word_1_601' title='bbox 2568 4055 2648 4124; x_wconf 82' lang='grc' dir='ltr'>τῷ</span> <span class='ocrx_word' id='word_1_602' title='bbox 2675 4053 3033 4125; x_wconf 86' lang='lat' dir='ltr'><strong>pluit,tonat,</strong></span> <span class='ocrx_word' id='word_1_603' title='bbox 3064 4051 3344 4125; x_wconf 84' lang='lat' dir='ltr'><strong>fulgurat,</strong></span> <span class='ocrx_word' id='word_1_604' title='bbox 3364 4067 3576 4108; x_wconf 86' lang='lat' dir='ltr'><strong>nomen</strong></span> <span class='ocrx_word' id='word_1_605' title='bbox 3600 4067 3731 4124; x_wconf 88' lang='lat' dir='ltr'><strong>pro-</strong></span> 
     </span>
    </p>
   </div>
   <div class='ocr_carea' id='block_1_87' title="bbox 2093 4140 3149 4198">
    <p class='ocr_par' dir='ltr' id='par_1_87' title="bbox 2093 4140 3149 4198">
     <span class='ocr_line' id='line_1_88' title="bbox 2093 4140 3149 4198; baseline 0.002 -3"><span class='ocrx_word' id='word_1_606' title='bbox 2093 4140 2360 4198; x_wconf 66' lang='lat' dir='ltr'><strong>videntiae</strong></span> <span class='ocrx_word' id='word_1_607' title='bbox 2390 4142 2749 4198; x_wconf 85' lang='lat' dir='ltr'><strong>extrinsecus</strong></span> <span class='ocrx_word' id='word_1_608' title='bbox 2778 4142 3149 4198; x_wconf 86' lang='lat' dir='ltr'><strong>subauditur.</strong></span> 
     </span>
    </p>
   </div>
   <div class='ocr_carea' id='block_1_88' title="bbox 2162 4247 3729 4320">
    <p class='ocr_par' dir='ltr' id='par_1_88' title="bbox 2162 4247 3729 4320">
     <span class='ocr_line' id='line_1_89' title="bbox 2162 4247 3729 4320; baseline 0.001 -18"><span class='ocrx_word' id='word_1_609' title='bbox 2162 4248 2253 4302; x_wconf 87' lang='lat'><strong>20.</strong></span> <span class='ocrx_word' id='word_1_610' title='bbox 2300 4247 2553 4304; x_wconf 88' lang='lat' dir='ltr'><strong>Nomina</strong></span> <span class='ocrx_word' id='word_1_611' title='bbox 2597 4247 2780 4320; x_wconf 84' lang='lat' dir='ltr'><strong>igitur</strong></span> <span class='ocrx_word' id='word_1_612' title='bbox 2820 4252 2876 4304; x_wconf 89' lang='lat' dir='ltr'><strong>et</strong></span> <span class='ocrx_word' id='word_1_613' title='bbox 2919 4249 3096 4304; x_wconf 90' lang='lat' dir='ltr'><strong>verba</strong></span> <span class='ocrx_word' id='word_1_614' title='bbox 3142 4264 3276 4304; x_wconf 92' lang='lat' dir='ltr'><strong>cum</strong></span> <span class='ocrx_word' id='word_1_615' title='bbox 3326 4263 3428 4319; x_wconf 92' lang='lat' dir='ltr'><strong>per</strong></span> <span class='ocrx_word' id='word_1_616' title='bbox 3488 4264 3550 4304; x_wconf 90' lang='lat' dir='ltr'><strong>se</strong></span> <span class='ocrx_word' id='word_1_617' title='bbox 3595 4263 3729 4318; x_wconf 91' lang='lat' dir='ltr'><strong>pro-</strong></span> 
     </span>
    </p>
   </div>
   <div class='ocr_carea' id='block_1_89' title="bbox 2094 4334 3732 4409">
    <p class='ocr_par' dir='ltr' id='par_1_89' title="bbox 2094 4334 3732 4409">
     <span class='ocr_line' id='line_1_90' title="bbox 2094 4334 3732 4409; baseline 0 -18"><span class='ocrx_word' id='word_1_618' title='bbox 2094 4337 2365 4392; x_wconf 88' lang='lat' dir='ltr'><strong>feruntur</strong></span> <span class='ocrx_word' id='word_1_619' title='bbox 2413 4353 2600 4408; x_wconf 89' lang='lat' dir='ltr'><strong>neque</strong></span> <span class='ocrx_word' id='word_1_620' title='bbox 2627 4338 2745 4392; x_wconf 87' lang='lat' dir='ltr'><strong>veri</strong></span> <span class='ocrx_word' id='word_1_621' title='bbox 2797 4353 2986 4409; x_wconf 90' lang='lat' dir='ltr'><strong>neque</strong></span> <span class='ocrx_word' id='word_1_622' title='bbox 3015 4336 3146 4393; x_wconf 84' lang='lat' dir='ltr'><strong>falsi</strong></span> <span class='ocrx_word' id='word_1_623' title='bbox 3175 4335 3509 4393; x_wconf 88' lang='lat' dir='ltr'><strong>declarandi</strong></span> <span class='ocrx_word' id='word_1_624' title='bbox 3550 4334 3732 4392; x_wconf 85' lang='lat' dir='ltr'><strong>facul-</strong></span> 
     </span>
    </p>
   </div>
   <div class='ocr_carea' id='block_1_90' title="bbox 2091 4425 3728 4498">
    <p class='ocr_par' dir='ltr' id='par_1_90' title="bbox 2091 4425 3728 4498">
     <span class='ocr_line' id='line_1_91' title="bbox 2091 4425 3728 4498; baseline 0 -18"><span class='ocrx_word' id='word_1_625' title='bbox 2091 4428 2269 4480; x_wconf 91' lang='lat' dir='ltr'><strong>tatem</strong></span> <span class='ocrx_word' id='word_1_626' title='bbox 2302 4425 2519 4481; x_wconf 88' lang='lat' dir='ltr'><strong>habent</strong></span> <span class='ocrx_word' id='word_1_627' title='bbox 2547 4443 2560 4494; x_wconf 92' lang='lat'><strong>;</strong></span> <span class='ocrx_word' id='word_1_628' title='bbox 2593 4431 2652 4481; x_wconf 88' lang='lat' dir='ltr'><strong>at</strong></span> <span class='ocrx_word' id='word_1_629' title='bbox 2679 4425 2925 4482; x_wconf 90' lang='lat' dir='ltr'><strong>invicem</strong></span> <span class='ocrx_word' id='word_1_630' title='bbox 2973 4428 3288 4498; x_wconf 88' lang='lat' dir='ltr'><strong>conjuncta</strong></span> <span class='ocrx_word' id='word_1_631' title='bbox 3316 4425 3459 4481; x_wconf 89' lang='lat' dir='ltr'><strong>alias</strong></span> <span class='ocrx_word' id='word_1_632' title='bbox 3490 4425 3728 4498; x_wconf 89' lang='lat' dir='ltr'><strong>quidem</strong></span> 
     </span>
    </p>
   </div>
   <div class='ocr_carea' id='block_1_91' title="bbox 2090 4513 3283 4587">
    <p class='ocr_par' dir='ltr' id='par_1_91' title="bbox 2090 4513 3283 4587">
     <span class='ocr_line' id='line_1_92' title="bbox 2090 4513 3283 4587; baseline 0.003 -19"><span class='ocrx_word' id='word_1_633' title='bbox 2090 4530 2315 4583; x_wconf 88' lang='lat' dir='ltr'><strong>verum,</strong></span> <span class='ocrx_word' id='word_1_634' title='bbox 2346 4513 2493 4571; x_wconf 88' lang='lat' dir='ltr'><strong>alias</strong></span> <span class='ocrx_word' id='word_1_635' title='bbox 2522 4531 2657 4571; x_wconf 92' lang='lat' dir='ltr'><strong>vero</strong></span> <span class='ocrx_word' id='word_1_636' title='bbox 2687 4514 2901 4571; x_wconf 88' lang='lat' dir='ltr'><strong>falsum</strong></span> <span class='ocrx_word' id='word_1_637' title='bbox 2930 4515 3283 4587; x_wconf 85' lang='lat' dir='ltr'><strong>signiﬁcant.</strong></span> 
     </span>
    </p>
   </div>
   <div class='ocr_carea' id='block_1_92' title="bbox 2159 4639 3724 4713">
    <p class='ocr_par' dir='ltr' id='par_1_92' title="bbox 2159 4639 3724 4713">
     <span class='ocr_line' id='line_1_93' title="bbox 2159 4639 3724 4713; baseline 0.001 -20"><span class='ocrx_word' id='word_1_638' title='bbox 2159 4640 2250 4694; x_wconf 86' lang='grc'><strong>21.</strong></span> <span class='ocrx_word' id='word_1_639' title='bbox 2283 4639 2567 4695; x_wconf 87' lang='lat' dir='ltr'><strong>Primario</strong></span> <span class='ocrx_word' id='word_1_640' title='bbox 2614 4640 2770 4695; x_wconf 90' lang='lat' dir='ltr'><strong>enim</strong></span> <span class='ocrx_word' id='word_1_641' title='bbox 2818 4640 3055 4712; x_wconf 90' lang='lat' dir='ltr'><strong>quidem</strong></span> <span class='ocrx_word' id='word_1_642' title='bbox 3104 4644 3421 4713; x_wconf 89' lang='lat' dir='ltr'><strong>conceptus</strong></span> <span class='ocrx_word' id='word_1_643' title='bbox 3465 4639 3675 4695; x_wconf 66' lang='lat' dir='ltr'><strong>animis</strong></span> <span class='ocrx_word' id='word_1_644' title='bbox 3711 4657 3724 4708; x_wconf 91' lang='lat'><strong>;</strong></span> 
     </span>
    </p>
   </div>
   <div class='ocr_carea' id='block_1_93' title="bbox 2090 4728 3728 4801">
    <p class='ocr_par' dir='ltr' id='par_1_93' title="bbox 2090 4728 3728 4801">
     <span class='ocr_line' id='line_1_94' title="bbox 2090 4728 3728 4801; baseline 0 -18"><span class='ocrx_word' id='word_1_645' title='bbox 2090 4728 2490 4784; x_wconf 88' lang='lat' dir='ltr'><strong>mediantibus</strong></span> <span class='ocrx_word' id='word_1_646' title='bbox 2520 4745 2654 4784; x_wconf 91' lang='lat' dir='ltr'><strong>vero</strong></span> <span class='ocrx_word' id='word_1_647' title='bbox 2704 4729 3079 4801; x_wconf 90' lang='lat' dir='ltr'><strong>conceptibus</strong></span> <span class='ocrx_word' id='word_1_648' title='bbox 3106 4744 3198 4784; x_wconf 87' lang='lat' dir='ltr'><strong>res</strong></span> <span class='ocrx_word' id='word_1_649' title='bbox 3233 4728 3549 4786; x_wconf 89' lang='lat' dir='ltr'><strong>declarant.</strong></span> <span class='ocrx_word' id='word_1_650' title='bbox 3581 4729 3728 4785; x_wconf 85' lang='lat' dir='ltr'><strong>Con-</strong></span> 
     </span>
    </p>
   </div>
   <div class='ocr_carea' id='block_1_94' title="bbox 321 4780 1991 4889">
    <p class='ocr_par' dir='ltr' id='par_1_94' title="bbox 321 4780 1981 4888">
     <span class='ocr_line' id='line_1_95' title="bbox 321 4780 1981 4888; baseline 0.004 -25"><span class='ocrx_word' id='word_1_651' title='bbox 321 4780 419 4866; x_wconf 65' lang='grc' dir='ltr'><strong>τά.</strong></span> <span class='ocrx_word' id='word_1_652' title='bbox 749 4780 1004 4884; x_wconf 59' lang='grc' dir='ltr'>νοτξματα</span> <span class='ocrx_word' id='word_1_653' title='bbox 1055 4814 1164 4867; x_wconf 86' lang='grc' dir='ltr'><strong>τῶν</strong></span> <span class='ocrx_word' id='word_1_654' title='bbox 1219 4780 1553 4888; x_wconf 66' lang='grc' dir='ltr'>πραγμάτων</span> <span class='ocrx_word' id='word_1_655' title='bbox 1598 4812 1729 4868; x_wconf 82' lang='grc' dir='ltr'>εἰσὶν</span> <span class='ocrx_word' id='word_1_656' title='bbox 1775 4780 1981 4878; x_wconf 62' lang='grc' dir='ltr'>εἰκόνες</span> 
     </span>
    </p>
   </div>
   <div class='ocr_carea' id='block_1_95' title="bbox 2112 4780 3548 4889">
    <p class='ocr_par' dir='ltr' id='par_1_95' title="bbox 2112 4780 3548 4889">
     <span class='ocr_line' id='line_1_96' title="bbox 2112 4780 3548 4801; baseline 0 -19"><span class='ocrx_word' id='word_1_657' title='bbox 2112 4780 2487 4784; x_wconf 47' lang='grc' dir='ltr'><strong>-ηηηπη</strong></span> <span class='ocrx_word' id='word_1_658' title='bbox 2534 4780 2649 4784; x_wconf 63' lang='grc' dir='ltr'><strong>.-η</strong></span> <span class='ocrx_word' id='word_1_659' title='bbox 2711 4780 3076 4801; x_wconf 44' lang='grc' dir='ltr'><strong>η-ητηηη</strong></span> <span class='ocrx_word' id='word_1_660' title='bbox 3107 4780 3196 4784; x_wconf 80' lang='lat'>___</span> <span class='ocrx_word' id='word_1_661' title='bbox 3239 4780 3548 4786; x_wconf 30' lang='grc' dir='ltr'><strong>*πη-π--</strong></span> 
     </span>
     <span class='ocr_line' id='line_1_97' title="bbox 2112 4816 3548 4889; baseline 0.001 -20"><span class='ocrx_word' id='word_1_662' title='bbox 2112 4820 2289 4889; x_wconf 80' lang='lat' dir='ltr'><strong>:eptus</strong></span> <span class='ocrx_word' id='word_1_663' title='bbox 2316 4817 2497 4873; x_wconf 91' lang='lat' dir='ltr'><strong>enim:</strong></span> <span class='ocrx_word' id='word_1_664' title='bbox 2529 4834 2725 4873; x_wconf 90' lang='lat' dir='ltr'><strong>rerum</strong></span> <span class='ocrx_word' id='word_1_665' title='bbox 2757 4821 2897 4873; x_wconf 88' lang='lat' dir='ltr'><strong>sunt</strong></span> <span class='ocrx_word' id='word_1_666' title='bbox 2922 4816 3211 4889; x_wconf 87' lang='lat' dir='ltr'><strong>imagines</strong></span> <span class='ocrx_word' id='word_1_667' title='bbox 3239 4816 3301 4871; x_wconf 91' lang='lat' dir='ltr'><strong>in</strong></span> <span class='ocrx_word' id='word_1_668' title='bbox 3332 4816 3548 4872; x_wconf 89' lang='lat' dir='ltr'><strong>anima.</strong></span> 
     </span>
    </p>
   </div>
   <div class='ocr_carea' id='block_1_96' title="bbox 326 4895 688 4974">
    <p class='ocr_par' dir='ltr' id='par_1_96' title="bbox 326 4895 688 4974">
     <span class='ocr_line' id='line_1_98' title="bbox 326 4895 688 4974; baseline 0.008 -4"><span class='ocrx_word' id='word_1_669' title='bbox 326 4895 688 4974; x_wconf 51' lang='lat' dir='ltr'><strong>emen-</strong></span> 
     </span>
    </p>
   </div>
   <div class='ocr_carea' id='block_1_97' title="bbox 390 5000 1976 5080">
    <p class='ocr_par' dir='ltr' id='par_1_97' title="bbox 390 5000 1976 5080">
     <span class='ocr_line' id='line_1_99' title="bbox 390 5000 1976 5080; baseline 0.004 -23"><span class='ocrx_word' id='word_1_670' title='bbox 390 5002 498 5079; x_wconf 86' lang='grc' dir='ltr'>κβ’.</span> <span class='ocrx_word' id='word_1_671' title='bbox 530 5003 631 5058; x_wconf 83' lang='grc' dir='ltr'><strong>Καὶ</strong></span> <span class='ocrx_word' id='word_1_672' title='bbox 679 5000 833 5060; x_wconf 72' lang='grc' dir='ltr'>οὐδὲν</span> <span class='ocrx_word' id='word_1_673' title='bbox 886 5002 1027 5060; x_wconf 77' lang='grc' dir='ltr'>ἄλλο</span> <span class='ocrx_word' id='word_1_674' title='bbox 1072 5004 1126 5060; x_wconf 89' lang='grc' dir='ltr'><strong>τί</strong></span> <span class='ocrx_word' id='word_1_675' title='bbox 1158 5004 1268 5061; x_wconf 78' lang='grc' dir='ltr'>ἐστι</span> <span class='ocrx_word' id='word_1_676' title='bbox 1298 5006 1361 5061; x_wconf 87' lang='grc' dir='ltr'>τὸ</span> <span class='ocrx_word' id='word_1_677' title='bbox 1399 5012 1544 5061; x_wconf 87' lang='grc' dir='ltr'>νοεῖν</span> <span class='ocrx_word' id='word_1_678' title='bbox 1576 5004 1614 5077; x_wconf 74' lang='grc' dir='ltr'>ἤ</span> <span class='ocrx_word' id='word_1_679' title='bbox 1643 5005 1706 5063; x_wconf 82' lang='grc' dir='ltr'>τὸ</span> <span class='ocrx_word' id='word_1_680' title='bbox 1737 5004 1976 5080; x_wconf 81' lang='grc' dir='ltr'>δέξασθαι</span> 
     </span>
    </p>
   </div>
   <div class='ocr_carea' id='block_1_98' title="bbox 318 5091 1034 5166">
    <p class='ocr_par' dir='ltr' id='par_1_98' title="bbox 318 5091 1034 5166">
     <span class='ocr_line' id='line_1_100' title="bbox 318 5091 1034 5166; baseline 0.004 -20"><span class='ocrx_word' id='word_1_681' title='bbox 318 5095 417 5147; x_wconf 75' lang='grc' dir='ltr'>τοῦ</span> <span class='ocrx_word' id='word_1_682' title='bbox 445 5094 748 5166; x_wconf 80' lang='grc' dir='ltr'>νοουμένου</span> <span class='ocrx_word' id='word_1_683' title='bbox 778 5095 841 5149; x_wconf 85' lang='grc' dir='ltr'>τὸ</span> <span class='ocrx_word' id='word_1_684' title='bbox 871 5091 1034 5157; x_wconf 72' lang='grc' dir='ltr'>εἶδος.</span> 
     </span>
    </p>
   </div>
   <div class='ocr_carea' id='block_1_99' title="bbox 388 5214 1979 5301">
    <p class='ocr_par' dir='ltr' id='par_1_99' title="bbox 388 5214 1979 5301">
     <span class='ocr_line' id='line_1_101' title="bbox 388 5214 1979 5301; baseline 0.005 -30"><span class='ocrx_word' id='word_1_685' title='bbox 388 5236 491 5293; x_wconf 90' lang='grc' dir='ltr'>κγ.</span> <span class='ocrx_word' id='word_1_686' title='bbox 544 5220 705 5274; x_wconf 84' lang='grc' dir='ltr'>Ὅταν</span> <span class='ocrx_word' id='word_1_687' title='bbox 761 5219 857 5293; x_wconf 77' lang='grc' dir='ltr'>μὲν</span> <span class='ocrx_word' id='word_1_688' title='bbox 906 5218 996 5274; x_wconf 79' lang='grc' dir='ltr'>οὗν</span> <span class='ocrx_word' id='word_1_689' title='bbox 1052 5214 1294 5296; x_wconf 77' lang='grc' dir='ltr'>ἀκριϐῶς</span> <span class='ocrx_word' id='word_1_690' title='bbox 1346 5222 1595 5297; x_wconf 78' lang='grc' dir='ltr'>ὁμοιωθῇ</span> <span class='ocrx_word' id='word_1_691' title='bbox 1644 5229 1762 5286; x_wconf 84' lang='grc' dir='ltr'>τοῖς</span> <span class='ocrx_word' id='word_1_692' title='bbox 1807 5224 1979 5301; x_wconf 86' lang='grc' dir='ltr'>πράγ-</span> 
     </span>
    </p>
   </div>
   <div class='ocr_carea' id='block_1_100' title="bbox 322 5304 1974 5391">
    <p class='ocr_par' dir='ltr' id='par_1_100' title="bbox 322 5304 1974 5391">
     <span class='ocr_line' id='line_1_102' title="bbox 322 5304 1974 5391; baseline 0.006 -32"><span class='ocrx_word' id='word_1_693' title='bbox 322 5324 453 5378; x_wconf 90' lang='grc' dir='ltr'>μασι</span> <span class='ocrx_word' id='word_1_694' title='bbox 498 5306 567 5360; x_wconf 82' lang='grc' dir='ltr'>τὰ</span> <span class='ocrx_word' id='word_1_695' title='bbox 616 5304 887 5381; x_wconf 80' lang='grc' dir='ltr'>νοήματα,</span> <span class='ocrx_word' id='word_1_696' title='bbox 947 5308 1037 5364; x_wconf 86' lang='grc' dir='ltr'><strong>καὶ</strong></span> <span class='ocrx_word' id='word_1_697' title='bbox 1095 5307 1275 5387; x_wconf 82' lang='grc' dir='ltr'>ὥσπερ</span> <span class='ocrx_word' id='word_1_698' title='bbox 1334 5309 1550 5375; x_wconf 88' lang='grc' dir='ltr'>τούτοις</span> <span class='ocrx_word' id='word_1_699' title='bbox 1610 5311 1924 5391; x_wconf 83' lang='grc' dir='ltr'>έφαρμοσθῇ</span> <span class='ocrx_word' id='word_1_700' title='bbox 1956 5358 1974 5385; x_wconf 88' lang='grc'><strong>,</strong></span> 
     </span>
    </p>
   </div>
   <div class='ocr_carea' id='block_1_101' title="bbox 314 5392 1976 5475">
    <p class='ocr_par' dir='ltr' id='par_1_101' title="bbox 314 5392 1976 5475">
     <span class='ocr_line' id='line_1_103' title="bbox 314 5392 1976 5475; baseline 0.006 -27"><span class='ocrx_word' id='word_1_701' title='bbox 314 5392 440 5450; x_wconf 83' lang='grc' dir='ltr'>τότε</span> <span class='ocrx_word' id='word_1_702' title='bbox 472 5394 562 5453; x_wconf 62' lang='grc' dir='ltr'><strong>καὶ</strong></span> <span class='ocrx_word' id='word_1_703' title='bbox 603 5394 787 5467; x_wconf 80' lang='grc' dir='ltr'>ἀληθῆ</span> <span class='ocrx_word' id='word_1_704' title='bbox 836 5398 1090 5470; x_wconf 85' lang='grc' dir='ltr'>νοήματα</span> <span class='ocrx_word' id='word_1_705' title='bbox 1139 5396 1378 5474; x_wconf 85' lang='grc' dir='ltr'>λέγεται·</span> <span class='ocrx_word' id='word_1_706' title='bbox 1428 5399 1518 5456; x_wconf 78' lang='grc' dir='ltr'><strong>ὅτε</strong></span> <span class='ocrx_word' id='word_1_707' title='bbox 1568 5398 1625 5457; x_wconf 80' lang='grc' dir='ltr'>δὲ</span> <span class='ocrx_word' id='word_1_708' title='bbox 1675 5402 1751 5475; x_wconf 79' lang='grc' dir='ltr'>μή</span> <span class='ocrx_word' id='word_1_709' title='bbox 1802 5402 1976 5465; x_wconf 63' lang='grc' dir='ltr'>οὕτως</span> 
     </span>
    </p>
   </div>
   <div class='ocr_carea' id='block_1_102' title="bbox 320 5480 692 5560">
    <p class='ocr_par' dir='ltr' id='par_1_102' title="bbox 320 5480 692 5560">
     <span class='ocr_line' id='line_1_104' title="bbox 320 5480 692 5560; baseline 0.008 -22"><span class='ocrx_word' id='word_1_710' title='bbox 320 5480 464 5559; x_wconf 78' lang='grc' dir='ltr'>ἔχει,</span> <span class='ocrx_word' id='word_1_711' title='bbox 495 5482 692 5560; x_wconf 78' lang='grc' dir='ltr'>ψευδῆ.</span> 
     </span>
    </p>
   </div>
   <div class='ocr_carea' id='block_1_103' title="bbox 374 5603 1976 5691">
    <p class='ocr_par' dir='ltr' id='par_1_103' title="bbox 374 5603 1976 5691">
     <span class='ocr_line' id='line_1_105' title="bbox 374 5603 1976 5691; baseline 0.005 -29"><span class='ocrx_word' id='word_1_712' title='bbox 374 5603 492 5666; x_wconf 56' lang='grc' dir='ltr'>κδ’.</span> <span class='ocrx_word' id='word_1_713' title='bbox 520 5608 595 5662; x_wconf 84' lang='grc' dir='ltr'><strong>Τὸ</strong></span> <span class='ocrx_word' id='word_1_714' title='bbox 626 5605 673 5663; x_wconf 90' lang='grc' dir='ltr'>δ’</span> <span class='ocrx_word' id='word_1_715' title='bbox 703 5609 834 5664; x_wconf 81' lang='grc' dir='ltr'>αὐτὸ</span> <span class='ocrx_word' id='word_1_716' title='bbox 864 5609 999 5665; x_wconf 81' lang='grc' dir='ltr'><strong>κάπὶ</strong></span> <span class='ocrx_word' id='word_1_717' title='bbox 1044 5615 1154 5666; x_wconf 88' lang='grc' dir='ltr'><strong>τῶν</strong></span> <span class='ocrx_word' id='word_1_718' title='bbox 1198 5610 1478 5686; x_wconf 84' lang='grc' dir='ltr'>ὀνομάτων</span> <span class='ocrx_word' id='word_1_719' title='bbox 1526 5614 1616 5669; x_wconf 83' lang='grc' dir='ltr'><strong>καὶ</strong></span> <span class='ocrx_word' id='word_1_720' title='bbox 1645 5618 1753 5670; x_wconf 90' lang='grc' dir='ltr'><strong>τῶν</strong></span> <span class='ocrx_word' id='word_1_721' title='bbox 1801 5614 1976 5691; x_wconf 81' lang='grc' dir='ltr'>ῥημά-</span> 
     </span>
    </p>
   </div>
   <div class='ocr_carea' id='block_1_104' title="bbox 318 5696 1974 5781">
    <p class='ocr_par' dir='ltr' id='par_1_104' title="bbox 318 5696 1974 5781">
     <span class='ocr_line' id='line_1_106' title="bbox 318 5696 1974 5781; baseline 0.004 -30"><span class='ocrx_word' id='word_1_722' title='bbox 318 5717 429 5751; x_wconf 91' lang='grc' dir='ltr'><strong>των</strong></span> <span class='ocrx_word' id='word_1_723' title='bbox 492 5696 654 5755; x_wconf 80' lang='grc' dir='ltr'>έστίν.</span> <span class='ocrx_word' id='word_1_724' title='bbox 715 5700 875 5755; x_wconf 89' lang='grc' dir='ltr'>Ὅταν</span> <span class='ocrx_word' id='word_1_725' title='bbox 928 5701 1023 5774; x_wconf 73' lang='grc' dir='ltr'>μὲν</span> <span class='ocrx_word' id='word_1_726' title='bbox 1068 5702 1173 5777; x_wconf 83' lang='grc' dir='ltr'>γὰρ</span> <span class='ocrx_word' id='word_1_727' title='bbox 1215 5704 1305 5757; x_wconf 80' lang='grc' dir='ltr'><strong>καὶ</strong></span> <span class='ocrx_word' id='word_1_728' title='bbox 1349 5708 1517 5759; x_wconf 78' lang='grc' dir='ltr'>ταῦτα</span> <span class='ocrx_word' id='word_1_729' title='bbox 1559 5708 1629 5779; x_wconf 79' lang='grc' dir='ltr'>τῇ</span> <span class='ocrx_word' id='word_1_730' title='bbox 1661 5708 1769 5760; x_wconf 90' lang='grc' dir='ltr'><strong>τῶν</strong></span> <span class='ocrx_word' id='word_1_731' title='bbox 1798 5725 1974 5781; x_wconf 89' lang='grc' dir='ltr'>πραγ-</span> 
     </span>
    </p>
   </div>
   <div class='ocr_carea' id='block_1_105' title="bbox 326 5781 1975 5873">
    <p class='ocr_par' dir='ltr' id='par_1_105' title="bbox 326 5781 1975 5873">
     <span class='ocr_line' id='line_1_107' title="bbox 326 5781 1975 5873; baseline 0.005 -32"><span class='ocrx_word' id='word_1_732' title='bbox 326 5781 513 5860; x_wconf 87' lang='grc' dir='ltr'>μάτων</span> <span class='ocrx_word' id='word_1_733' title='bbox 566 5787 852 5844; x_wconf 78' lang='grc' dir='ltr'>ὑποστάσει</span> <span class='ocrx_word' id='word_1_734' title='bbox 896 5786 1197 5862; x_wconf 82' lang='grc' dir='ltr'>συνᾴδωσι,</span> <span class='ocrx_word' id='word_1_735' title='bbox 1240 5790 1367 5848; x_wconf 87' lang='grc' dir='ltr'>τότε</span> <span class='ocrx_word' id='word_1_736' title='bbox 1404 5791 1468 5848; x_wconf 74' lang='grc' dir='ltr'>τό</span> <span class='ocrx_word' id='word_1_737' title='bbox 1513 5790 1713 5867; x_wconf 76' lang='grc' dir='ltr'>ἀληθὲς</span> <span class='ocrx_word' id='word_1_738' title='bbox 1755 5793 1975 5873; x_wconf 75' lang='grc' dir='ltr'>ὑφίστα-</span> 
     </span>
    </p>
   </div>
   <div class='ocr_carea' id='block_1_106' title="bbox 2157 5011 3726 5087">
    <p class='ocr_par' dir='ltr' id='par_1_106' title="bbox 2157 5011 3726 5087">
     <span class='ocr_line' id='line_1_108' title="bbox 2157 5011 3726 5087; baseline 0.002 -20"><span class='ocrx_word' id='word_1_739' title='bbox 2157 5014 2248 5069; x_wconf 83' lang='grc'><strong>22.</strong></span> <span class='ocrx_word' id='word_1_740' title='bbox 2298 5013 2415 5069; x_wconf 83' lang='grc' dir='ltr'>Νοο</span> <span class='ocrx_word' id='word_1_741' title='bbox 2460 5012 2785 5086; x_wconf 89' lang='lat' dir='ltr'><strong>intelligere</strong></span> <span class='ocrx_word' id='word_1_742' title='bbox 2832 5012 3153 5085; x_wconf 89' lang='lat' dir='ltr'><strong>quidquam</strong></span> <span class='ocrx_word' id='word_1_743' title='bbox 3205 5016 3294 5069; x_wconf 89' lang='lat' dir='ltr'><strong>est</strong></span> <span class='ocrx_word' id='word_1_744' title='bbox 3340 5011 3499 5069; x_wconf 89' lang='lat' dir='ltr'><strong>aliud</strong></span> <span class='ocrx_word' id='word_1_745' title='bbox 3549 5029 3726 5087; x_wconf 88' lang='lat' dir='ltr'><strong>quam</strong></span> 
     </span>
    </p>
   </div>
   <div class='ocr_carea' id='block_1_107' title="bbox 2087 5101 3370 5175">
    <p class='ocr_par' dir='ltr' id='par_1_107' title="bbox 2087 5101 3370 5175">
     <span class='ocr_line' id='line_1_109' title="bbox 2087 5101 3370 5175; baseline -0.001 -18"><span class='ocrx_word' id='word_1_746' title='bbox 2087 5102 2216 5173; x_wconf 89' lang='lat' dir='ltr'><strong>ejus</strong></span> <span class='ocrx_word' id='word_1_747' title='bbox 2248 5103 2405 5174; x_wconf 90' lang='lat' dir='ltr'><strong>quod</strong></span> <span class='ocrx_word' id='word_1_748' title='bbox 2436 5101 2785 5175; x_wconf 87' lang='lat' dir='ltr'><strong>intelligitur</strong></span> <span class='ocrx_word' id='word_1_749' title='bbox 2812 5101 3065 5174; x_wconf 89' lang='lat' dir='ltr'><strong>speciem</strong></span> <span class='ocrx_word' id='word_1_750' title='bbox 3095 5102 3370 5175; x_wconf 91' lang='lat' dir='ltr'><strong>recipere.</strong></span> 
     </span>
    </p>
   </div>
   <div class='ocr_carea' id='block_1_108' title="bbox 2154 5227 3726 5300">
    <p class='ocr_par' dir='ltr' id='par_1_108' title="bbox 2154 5227 3726 5300">
     <span class='ocr_line' id='line_1_110' title="bbox 2154 5227 3726 5300; baseline 0.001 -18"><span class='ocrx_word' id='word_1_751' title='bbox 2154 5227 2246 5282; x_wconf 86' lang='lat'><strong>23.</strong></span> <span class='ocrx_word' id='word_1_752' title='bbox 2304 5228 2547 5291; x_wconf 87' lang='lat' dir='ltr'><strong>Quando</strong></span> <span class='ocrx_word' id='word_1_753' title='bbox 2620 5242 2756 5300; x_wconf 87' lang='lat' dir='ltr'><strong>ergo</strong></span> <span class='ocrx_word' id='word_1_754' title='bbox 2827 5230 3143 5299; x_wconf 89' lang='lat' dir='ltr'><strong>conceptus</strong></span> <span class='ocrx_word' id='word_1_755' title='bbox 3213 5231 3480 5285; x_wconf 89' lang='lat' dir='ltr'><strong>accurate</strong></span> <span class='ocrx_word' id='word_1_756' title='bbox 3552 5228 3726 5284; x_wconf 89' lang='lat' dir='ltr'><strong>rebus</strong></span> 
     </span>
    </p>
   </div>
   <div class='ocr_carea' id='block_1_109' title="bbox 2085 5314 3727 5388">
    <p class='ocr_par' dir='ltr' id='par_1_109' title="bbox 2085 5314 3727 5388">
     <span class='ocr_line' id='line_1_111' title="bbox 2085 5314 3727 5388; baseline 0.002 -17"><span class='ocrx_word' id='word_1_757' title='bbox 2085 5314 2416 5382; x_wconf 88' lang='lat' dir='ltr'><strong>assimilita,</strong></span> <span class='ocrx_word' id='word_1_758' title='bbox 2448 5320 2506 5371; x_wconf 88' lang='lat' dir='ltr'><strong>et</strong></span> <span class='ocrx_word' id='word_1_759' title='bbox 2554 5314 2713 5371; x_wconf 84' lang='lat' dir='ltr'><strong>velut</strong></span> <span class='ocrx_word' id='word_1_760' title='bbox 2746 5314 2840 5371; x_wconf 91' lang='lat' dir='ltr'><strong>his</strong></span> <span class='ocrx_word' id='word_1_761' title='bbox 2891 5314 3168 5388; x_wconf 88' lang='lat' dir='ltr'><strong>applicati</strong></span> <span class='ocrx_word' id='word_1_762' title='bbox 3216 5316 3434 5373; x_wconf 78' lang='lat' dir='ltr'><strong>fuerint</strong></span> <span class='ocrx_word' id='word_1_763' title='bbox 3473 5320 3538 5373; x_wconf 89' lang='lat' dir='ltr'><strong>ut</strong></span> <span class='ocrx_word' id='word_1_764' title='bbox 3585 5334 3727 5374; x_wconf 89' lang='lat' dir='ltr'><strong>con-</strong></span> 
     </span>
    </p>
   </div>
   <div class='ocr_carea' id='block_1_110' title="bbox 2084 5404 3726 5478">
    <p class='ocr_par' dir='ltr' id='par_1_110' title="bbox 2084 5404 3726 5478">
     <span class='ocr_line' id='line_1_112' title="bbox 2084 5404 3726 5478; baseline 0.003 -20"><span class='ocrx_word' id='word_1_765' title='bbox 2084 5408 2321 5476; x_wconf 89' lang='lat' dir='ltr'><strong>gruant,</strong></span> <span class='ocrx_word' id='word_1_766' title='bbox 2403 5407 2544 5459; x_wconf 91' lang='lat' dir='ltr'><strong>tunc</strong></span> <span class='ocrx_word' id='word_1_767' title='bbox 2615 5404 2794 5460; x_wconf 88' lang='lat' dir='ltr'><strong>etiam</strong></span> <span class='ocrx_word' id='word_1_768' title='bbox 2869 5405 2989 5460; x_wconf 92' lang='lat' dir='ltr'><strong>veri</strong></span> <span class='ocrx_word' id='word_1_769' title='bbox 3049 5410 3367 5478; x_wconf 91' lang='lat' dir='ltr'><strong>conceptus</strong></span> <span class='ocrx_word' id='word_1_770' title='bbox 3417 5425 3433 5475; x_wconf 86' lang='lat'><strong>;</strong></span> <span class='ocrx_word' id='word_1_771' title='bbox 3489 5406 3726 5478; x_wconf 90' lang='lat' dir='ltr'><strong>quando</strong></span> 
     </span>
    </p>
   </div>
   <div class='ocr_carea' id='block_1_111' title="bbox 2085 5492 3388 5564">
    <p class='ocr_par' dir='ltr' id='par_1_111' title="bbox 2085 5492 3388 5564">
     <span class='ocr_line' id='line_1_113' title="bbox 2085 5492 3388 5564; baseline 0.002 -16"><span class='ocrx_word' id='word_1_772' title='bbox 2085 5496 2279 5548; x_wconf 88' lang='lat' dir='ltr'><strong>autem</strong></span> <span class='ocrx_word' id='word_1_773' title='bbox 2311 5508 2430 5549; x_wconf 91' lang='lat' dir='ltr'><strong>non</strong></span> <span class='ocrx_word' id='word_1_774' title='bbox 2458 5492 2540 5549; x_wconf 89' lang='lat' dir='ltr'><strong>ita</strong></span> <span class='ocrx_word' id='word_1_775' title='bbox 2569 5510 2633 5549; x_wconf 87' lang='lat' dir='ltr'><strong>se</strong></span> <span class='ocrx_word' id='word_1_776' title='bbox 2662 5493 2901 5564; x_wconf 88' lang='lat' dir='ltr'><strong>habent,</strong></span> <span class='ocrx_word' id='word_1_777' title='bbox 2932 5493 3061 5550; x_wconf 87' lang='lat' dir='ltr'><strong>falsi</strong></span> <span class='ocrx_word' id='word_1_778' title='bbox 3094 5495 3388 5551; x_wconf 90' lang='lat' dir='ltr'><strong>dicuntur.</strong></span> 
     </span>
    </p>
   </div>
   <div class='ocr_carea' id='block_1_112' title="bbox 2152 5618 3725 5677">
    <p class='ocr_par' dir='ltr' id='par_1_112' title="bbox 2152 5618 3725 5677">
     <span class='ocr_line' id='line_1_114' title="bbox 2152 5618 3725 5677; baseline 0.003 -5"><span class='ocrx_word' id='word_1_779' title='bbox 2152 5618 2242 5673; x_wconf 78' lang='grc'><strong>24.</strong></span> <span class='ocrx_word' id='word_1_780' title='bbox 2276 5618 2436 5674; x_wconf 91' lang='lat' dir='ltr'><strong>Idem</strong></span> <span class='ocrx_word' id='word_1_781' title='bbox 2486 5621 2682 5675; x_wconf 89' lang='lat' dir='ltr'><strong>autem</strong></span> <span class='ocrx_word' id='word_1_782' title='bbox 2721 5619 2899 5675; x_wconf 88' lang='lat' dir='ltr'><strong>etiam</strong></span> <span class='ocrx_word' id='word_1_783' title='bbox 2956 5619 3013 5675; x_wconf 92' lang='lat' dir='ltr'><strong>in</strong></span> <span class='ocrx_word' id='word_1_784' title='bbox 3046 5619 3382 5676; x_wconf 90' lang='lat' dir='ltr'><strong>nominibus</strong></span> <span class='ocrx_word' id='word_1_785' title='bbox 3428 5623 3486 5676; x_wconf 91' lang='lat' dir='ltr'><strong>et</strong></span> <span class='ocrx_word' id='word_1_786' title='bbox 3532 5620 3725 5677; x_wconf 87' lang='lat' dir='ltr'><strong>verbis</strong></span> 
     </span>
    </p>
   </div>
   <div class='ocr_carea' id='block_1_113' title="bbox 2082 5707 3726 5780">
    <p class='ocr_par' dir='ltr' id='par_1_113' title="bbox 2082 5707 3726 5780">
     <span class='ocr_line' id='line_1_115' title="bbox 2082 5707 3726 5780; baseline 0.002 -18"><span class='ocrx_word' id='word_1_787' title='bbox 2082 5707 2278 5763; x_wconf 89' lang='lat' dir='ltr'><strong>videre</strong></span> <span class='ocrx_word' id='word_1_788' title='bbox 2325 5707 2478 5764; x_wconf 89' lang='lat' dir='ltr'><strong>licet.</strong></span> <span class='ocrx_word' id='word_1_789' title='bbox 2529 5709 2771 5773; x_wconf 87' lang='lat' dir='ltr'><strong>Quando</strong></span> <span class='ocrx_word' id='word_1_790' title='bbox 2819 5708 2976 5764; x_wconf 90' lang='lat' dir='ltr'><strong>enim</strong></span> <span class='ocrx_word' id='word_1_791' title='bbox 3028 5716 3086 5764; x_wconf 91' lang='lat' dir='ltr'><strong>et</strong></span> <span class='ocrx_word' id='word_1_792' title='bbox 3136 5709 3255 5764; x_wconf 52' lang='lat' dir='ltr'><strong>haec</strong></span> <span class='ocrx_word' id='word_1_793' title='bbox 3304 5707 3541 5780; x_wconf 91' lang='lat' dir='ltr'><strong>quidem</strong></span> <span class='ocrx_word' id='word_1_794' title='bbox 3589 5725 3726 5765; x_wconf 90' lang='lat' dir='ltr'><strong>cum</strong></span> 
     </span>
    </p>
   </div>
   <div class='ocr_carea' id='block_1_114' title="bbox 2084 5796 3722 5870">
    <p class='ocr_par' dir='ltr' id='par_1_114' title="bbox 2084 5796 3722 5870">
     <span class='ocr_line' id='line_1_116' title="bbox 2084 5796 3722 5870; baseline 0.001 -17"><span class='ocrx_word' id='word_1_795' title='bbox 2084 5812 2280 5855; x_wconf 89' lang='lat' dir='ltr'><strong>rerum</strong></span> <span class='ocrx_word' id='word_1_796' title='bbox 2335 5798 2722 5859; x_wconf 84' lang='lat' dir='ltr'><strong>subsistentia</strong></span> <span class='ocrx_word' id='word_1_797' title='bbox 2771 5798 3088 5856; x_wconf 88' lang='lat' dir='ltr'><strong>concinunt</strong></span> <span class='ocrx_word' id='word_1_798' title='bbox 3142 5814 3244 5854; x_wconf 89' lang='lat' dir='ltr'><strong>seu</strong></span> <span class='ocrx_word' id='word_1_799' title='bbox 3302 5796 3722 5870; x_wconf 73' lang='lat' dir='ltr'><strong>consentiunt;</strong></span> 
     </span>
    </p>
   </div>
  </div>
