4108 6434
339 429 450 493 891

1590 446 2015 510 NICEPHORI
2059 444 2500 510 BLEMMIDIE

3628 451 3749 510 892

345 565 491 622 26I
551 570 692 624 tunc
739 571 892 628 circa
945 571 1064 630 haec
1116 591 1316 633 verum
1357 579 1717 650 subsistere;
1750 582 1984 653 quando

2113 580 2216 632 ιθαι
2247 577 2370 654 περὶ
2400 583 2568 632 ταῦτα
2597 596 2791 656 φαμεν·
2842 577 2932 632 ὅτε
2962 575 3010 632 δ’
3049 578 3156 654 οὐχ
3196 577 3370 640 οὕτως
3420 575 3558 655 ἔχει,
3611 600 3750 652 συμ-

342 661 539 711 autem
617 676 731 715 non
814 662 894 717 ita
969 679 1032 719 se
1106 665 1343 734 habent,

343 745 616 802 dicimus.

416 835 505 889 25.
567 838 842 902 Quaenam
913 841 1094 915 igitur
1175 848 1413 902 nomina
1487 854 1544 904 et
1609 866 1736 921 qua:
1813 850 1988 905 verba

346 923 465 978 sint
497 932 784 996 quantum
817 929 938 985 ﬁeri
974 939 1184 1003 potest,
1218 943 1516 994 ostensum
1549 945 1655 994 est.

417 1015 507 1069 26.
541 1015 671 1071 Hec
720 1023 913 1075 autem
942 1038 1076 1078 cum
1126 1034 1441 1082 assumunt
1483 1029 1828 1100 particulam
1882 1046 1986 1084 ne-

348 1103 624 1175 gativam,
677 1124 790 1163 non
840 1110 1096 1183 amplius
1145 1122 1425 1172 vocantur
1472 1118 1710 1173 nomina
1755 1125 1812 1173 et
1864 1136 1986 1173 ver-

345 1191 421 1246 ba
476 1193 667 1250 solum
730 1203 786 1252 et
843 1200 1210 1272 simpliciter,
1269 1207 1369 1260 sed
1446 1207 1676 1262 inﬁnita
1750 1207 1990 1262 nomina

345 1284 403 1334 et
459 1281 688 1340 inﬁnita
743 1289 954 1357 verba;
1016 1291 1175 1347 velut
1229 1293 1292 1346 τὸ
1351 1312 1464 1350 non
1521 1296 1694 1352 homo
1751 1297 1986 1367 quidem

345 1373 402 1425 et
446 1370 508 1424 τὸ
559 1391 671 1430 non
725 1377 990 1436 Socrates
1037 1381 1267 1437 inﬁnita
1329 1385 1585 1439 nomina.
1639 1389 1708 1439 At
1757 1385 1822 1438 τὸ
1873 1403 1988 1439 non

347 1461 529 1516 currit
582 1469 639 1518 et
692 1465 756 1519 τὸ
810 1485 924 1523 non
985 1470 1451 1544 philosophatur,
1513 1474 1738 1529 inﬁnita
1796 1475 1987 1530 verba.

348 1552 510 1605 Hanc
540 1558 735 1609 autem
788 1557 1167 1616 obtinuerunt
1213 1561 1681 1634 appellationem,
1716 1564 1869 1635 quod
1921 1564 1991 1618 de

349 1654 411 1693 re
439 1639 636 1711 aliqua
668 1643 832 1700 ﬁnita
862 1663 975 1702 non
1007 1649 1386 1720 accipiantur.

419 1729 508 1782 27.
545 1730 857 1788 Sciendum
910 1741 1190 1806 praeterea
1218 1743 1306 1793 est
1352 1739 1480 1806 hoc,
1515 1757 1710 1796 vocem
1763 1741 1989 1813 simpli-

347 1832 494 1884 cem,
528 1822 586 1872 et
629 1819 963 1892 dictionem,
997 1829 1053 1879 et
1098 1828 1416 1882 terminum
1448 1833 1504 1883 et
1556 1846 1766 1885 nomen
1818 1835 1991 1902 atque

346 1907 587 1963 verbum
619 1911 884 1980 subjecto
915 1914 1153 1984 quidem
1184 1915 1334 1971 inter
1364 1934 1424 1972 se
1455 1919 1702 1974 invicem
1754 1935 1990 1976 necesse

346 2010 475 2051 esse
505 1997 729 2068 eadem,
762 2003 1087 2057 secundum
1140 2004 1326 2060 solam
1359 2011 1552 2061 autem
1587 2008 1991 2063 habitudinem

347 2083 598 2141 differre.
631 2087 804 2143 Velut
832 2089 894 2143 τὸ
924 2091 1098 2148 homo
1129 2098 1194 2147 ut
1223 2094 1459 2164 quidem
1493 2097 1744 2168 alicujus
1768 2098 1992 2170 signiﬁ-

348 2175 599 2230 cativum
655 2183 762 2243 est,
818 2180 1068 2252 simplex
1122 2199 1232 2237 vox
1300 2189 1541 2239 vocatur
1603 2204 1615 2240 :
1677 2192 1741 2240 ut
1798 2192 1992 2242 autem

350 2280 486 2334 pars
532 2265 940 2324 afﬁrmationis
971 2276 1072 2326 aut
1123 2272 1472 2344 negationis,
1522 2275 1743 2331 dictio:
1781 2281 1843 2331 ut
1890 2294 1993 2331 au-

348 2358 467 2408 tem
523 2353 583 2408 in
657 2355 996 2428 syllogismo
1077 2364 1403 2419 assumitur
1459 2369 1516 2419 et
1577 2365 1994 2437 propositionis

350 2457 488 2512 pars
513 2443 1060 2511 dicitur,terminus:
1084 2455 1150 2506 ut
1174 2457 1369 2509 autem
1393 2453 1992 2525 subjectum,nomen;

350 2536 418 2587 ut
447 2534 736 2604 praedicati
770 2535 962 2593 locum
995 2540 1289 2610 obtinens,
1323 2543 1566 2598 verbum
1600 2544 1991 2616 (appellatur).

417 2639 507 2694 28.
538 2640 671 2697 Jam
727 2659 860 2699 vero
913 2646 1152 2702 nomina
1209 2649 1365 2720 apud
1425 2649 1761 2706 dialecticos
1816 2650 1994 2706 etiam

349 2729 562 2798 verba;
594 2735 652 2786 at
706 2733 881 2789 verba
928 2737 1167 2792 nomina
1215 2738 1511 2793 dicuntur.
1562 2740 1715 2796 262
1765 2741 1993 2795 Etenim

353 2817 414 2873 hi
473 2835 707 2877 omnem
765 2836 963 2878 vocem
1040 2825 1487 2898 signiﬁcativam
1544 2833 1609 2883 ut
1663 2828 1994 2900 subjectum

354 2907 590 2980 quidem
652 2911 710 2965 in
767 2914 1165 2984 propositione
1221 2918 1594 2989 accipientes,
1627 2934 1840 2974 nomen
1893 2935 1995 2990 ap-

354 2996 608 3069 pellant;
641 3001 1021 3072 pradicatum
1053 3007 1247 3059 autem
1295 3005 1592 3073 facientes,
1622 3007 1864 3062 verbum
1895 3024 1994 3062 co-

350 3086 717 3159 gnominant.
751 3092 1039 3156 Quoniam
1087 3093 1244 3149 enim
1275 3094 1569 3166 duplicem
1615 3095 1993 3168 signiﬁcatio-

351 3191 484 3231 nem
531 3178 708 3233 verba
753 3178 1032 3252 inferunt,
1082 3185 1140 3237 et
1208 3183 1686 3251 exsistentialem,
1739 3202 1855 3257 qua
1897 3202 1994 3241 ac-

346 3263 566 3320 tionem
595 3271 698 3320 aut
727 3268 1059 3339 passionem
1091 3270 1427 3343 signiﬁcant
1452 3297 1466 3338 ;
1497 3276 1554 3326 et
1585 3271 1990 3345 temporalem,

1425 669 1637 725 falsum
1724 671 1986 726 accidere

2093 662 2298 722 ϐαίνειν
2331 669 2392 722 τὸ
2422 665 2637 741 ψεῦδος.

2165 856 2255 904 κε’.
2287 847 2412 902 Τίνα
2446 849 2540 920 μὲν
2587 846 2676 902 οὖν
2707 847 2771 902 τὰ
2825 846 3068 920 ὀνόματα
3114 847 3204 901 καὶ
3249 847 3368 902 τίνα
3412 849 3478 901 τὰ
3534 847 3757 924 ῥήματα

2094 939 2210 992 καθ’
2237 937 2361 992 ὅσον
2396 937 2511 992 οἷόν
2539 959 2618 1008 τε,
2653 935 2936 992 δέδεικται.

2168 1029 2265 1089 κς’.
2316 1031 2491 1081 Ταῦτα
2543 1025 2610 1095 δὴ
2661 1021 3155 1102 προσλαμϐάνοντα
3222 1025 3411 1100 μόριον
3463 1026 3752 1103 ἀρνητικὸν

2097 1115 2195 1170 ούκ
2233 1112 2310 1170 ἔτι
2360 1115 2653 1169 καλοῦνται
2703 1111 2943 1187 ὀνόματα
2998 1115 3087 1168 καὶ
3147 1114 3365 1190 ῥήματα
3425 1115 3604 1187 μόνως
3661 1116 3753 1170 καὶ

2103 1202 2311 1272 άπλῶς,
2361 1203 2505 1258 ἀλλὰ
2555 1203 2780 1278 ἀόριστα
2829 1203 3069 1274 ὀνόματα
3117 1202 3207 1256 καὶ
3254 1202 3478 1276 ἀόριστα
3510 1203 3752 1278 ῥήματα·

2099 1294 2213 1345 οἷον
2265 1294 2328 1346 τὸ
2383 1293 2477 1364 μὲν
2533 1291 2632 1346 οὐκ
2681 1290 2968 1367 ἄνθρωπος
3015 1292 3104 1345 καὶ
3147 1292 3210 1345 τὸ
3263 1292 3560 1366 Σωκράτης
3602 1287 3757 1366 αόρι-

2099 1403 2196 1435 στα
2247 1381 2509 1453 ὀνόματα.
2556 1383 2625 1435 Τὸ
2676 1378 2723 1434 δ’
2772 1380 2834 1434 ού
2863 1380 3070 1455 τρέχει,
3112 1381 3201 1434 καὶ
3231 1380 3294 1434 τὸ
3347 1379 3408 1434 οὐ
3441 1380 3753 1458 φιλοσοφεῖ,

2098 1469 2323 1544 ἀόριστα
2355 1471 2594 1545 ῥήματα.
2625 1469 2834 1538 Ταύτην
2878 1467 2924 1522 δ’
2974 1466 3136 1543 ἔσχον
3183 1469 3282 1536 τήν
3318 1466 3534 1539 κλῆσιν,
3571 1467 3662 1524 διὰ
3690 1468 3757 1524 to‘

2103 1559 2178 1630 μὴ
2213 1558 2299 1612 ἐπί
2331 1580 2480 1619 τινος
2511 1557 2821 1634 ὡρισμένου
2854 1552 3244 1629 λαμϐάνεσθαι.

2169 1738 2267 1805 κζ’.
2302 1742 2399 1790 Δεῖ
2449 1733 2506 1790 δὲ
2559 1737 2646 1790 καὶ
2691 1740 2852 1790 τοῦτο
2902 1733 3097 1791 εἰδέναι
3147 1734 3229 1789 ὅτι
3276 1735 3423 1804 ἀπλῆ
3457 1737 3635 1813 φωνὴ,
3667 1737 3756 1790 καὶ

2101 1825 2254 1903 φάσις
2285 1827 2373 1880 καὶ
2419 1824 2546 1899 ὅρος
2597 1824 2685 1879 καὶ
2736 1820 2911 1898 ὄνομα
2956 1825 3046 1878 καὶ
3079 1823 3229 1899 ῥῆμα
3276 1829 3356 1896 τῷ
3410 1825 3503 1897 μὲν
3539 1826 3755 1879 ὑποκει·

2105 1914 2247 1987 μένῳ
2302 1913 2471 1968 ταύτά
2527 1915 2667 1968 ἐστιν
2726 1913 2999 1983 ἀλλήλοις
3033 1932 3044 1944 ⁸
3106 1914 3240 1967 κατὰ
3297 1913 3466 1985 μόνην
3545 1911 3602 1968 δὲ
3656 1914 3758 1982 τὴν

2103 2005 2289 2079 σχέσιν
2321 2001 2509 2078 ἔχουσι
2555 2004 2654 2070 τήν
2712 2000 2992 2080 διαφοράν.
3049 2005 3173 2056 Οἷον
3225 2003 3288 2057 τὸ
3321 2000 3631 2078 ἄνθρωπος,
3679 2003 3755 2064 ὡς

2107 2094 2201 2165 μὲν
2253 2092 2582 2165 σημαντικόν
2631 2113 2802 2163 τινος,
2853 2092 3002 2160 ἁπλῆ
3053 2089 3298 2146 καλεῖται
3349 2095 3524 2168 (ρων-ις’
3573 2093 3650 2152 ὡς
3699 2089 3757 2146 δὲ

2107 2183 2271 2257 μέρος
2320 2182 2667 2258 καταφάσεως
2725 2183 2758 2249 ἣ
2820 2181 3162 2258 ἀποφάσεως,
3223 2179 3401 2258 φάσιςο
3463 2177 3536 2242 ὡς
3600 2178 3646 2233 δ’
3703 2179 3753 2234 ἐν

2103 2271 2464 2344 συλλογισμῷ
2512 2265 3072 2345 παραλαμϐανόμενον
3140 2267 3229 2323 καί
3286 2267 3601 2345 προτάσεως
3655 2268 3756 2341 μό·

2104 2380 2217 2434 ριον
2255 2354 2573 2434 λεγόμενον,
2603 2357 2749 2434 ὅρος·
2785 2359 2860 2419 ὡς
2899 2355 2946 2412 δ’
2997 2357 3374 2430 ὑποκείμενον,
3429 2353 3629 2428 ὄνομα·
3686 2358 3760 2418 ὡς

2105 2446 2162 2503 δὲ
2189 2448 2334 2518 τάξιν
2369 2447 2564 2523 ἐπέχον
2596 2447 3096 2521 κατηγορουμένου,
3133 2447 3303 2523 ῥῆμα.

2174 2647 2279 2714 κη’.
2340 2646 2586 2717 Ῥήματα
2639 2641 2697 2697 δὲ
2752 2644 2899 2719 παρᾶ
2953 2647 3071 2704 τοῖς
3137 2639 3498 2697 διαλεκτικοῖς
3554 2644 3643 2696 καὶ
3698 2644 3767 2697 τὰ

2107 2734 2346 2807 ὀνόματα
2406 2733 2682 2808 λέγονταιο
2740 2732 2830 2787 καὶ
2889 2732 2955 2785 τὰ
3014 2731 3234 2807 ῥήματα
3280 2729 3445 2785 πάλιν
3499 2729 3764 2803 ὀνόματα,

2105 2828 2284 2877 Πᾶσαν
2343 2821 2445 2896 γὰρ
2497 2818 2647 2875 οὗτοι
2699 2821 2878 2897 φωνην
2929 2819 3292 2893 σημαντικὴ,
3343 2819 3418 2881 ὡς
3473 2819 3566 2891 μὲν
3631 2820 3767 2873 ὑπο-

2101 2911 2349 2983 κείμενον
2410 2910 2460 2965 ἐν
2520 2908 2779 2985 προτάσει
2837 2903 3206 2981 λαμϐάνοντες
3260 2907 3760 2983 προσαγορεύουσιν

2103 2995 2315 3072 ὄνομα·
2367 2997 2846 3073 κατηγορούμενον
2906 2993 2963 3050 δὲ
3010 2999 3332 3063 ποιοῦντες,
3389 2995 3543 3072 ῥῆμα
3596 3016 3762 3050 κατο-

2101 3087 2452 3161 νομάζουσιν.
2504 3087 2652 3141 Ἐπεὶ
2701 3087 2805 3162 γὰρ
2855 3082 3058 3154 διπλῆν
3116 3083 3387 3158 σημασίαν
3438 3085 3503 3139 τὰ
3541 3083 3764 3161 ῥήματα

2105 3177 2322 3256 φέρουσι
2373 3178 2472 3245 τὴν
2523 3175 2854 3250 ὑπαρκτικήν
2905 3175 3020 3229 καθ’
3068 3174 3134 3244 ἢν
3187 3172 3447 3250 ἐνέργειαν
3500 3171 3536 3244 ἥ
3588 3175 3764 3238 πάθος

2108 3266 2478 3339 σημαίνουσι·.
2514 3267 2614 3335 τήν
2662 3285 2721 3318 τε
2775 3265 3059 3340 χρονικὴν,
3111 3263 3228 3318 καθ’
3279 3259 3345 3331 ἤν
3409 3263 3499 3316 καὶ
3558 3262 3761 3339 χρόνον

353 3368 472 3425 qua
517 3354 692 3411 etiam
727 3335 976 3428 aliquod
1044 3335 1279 3431 temvpus
1336 3335 1746 3431 adsigniﬁcant
1795 3379 1809 3416 :
1859 3335 1996 3416 cum

2113 3358 2231 3410 τινὰ
2257 3353 2783 3432 προσσημαίνουσιν·
2817 3353 2940 3408 ὅταν
2978 3353 3072 3427 μὶν
3117 3353 3253 3408 κατὰ
3297 3353 3396 3420 τὴν
3428 3352 3763 3425 ὑπαρκτικήν

358 3443 596 3514 quidem
637 3460 706 3499 ea
765 3447 1091 3502 secundum
1142 3447 1327 3504 solam
1376 3449 1730 3505 exsistentise
1777 3449 2003 3522 signiﬁ-

361 3531 651 3588 cationem
699 3533 994 3606 accipiunt
1022 3536 1336 3604 dialectici,
1388 3542 1513 3592 tum
1549 3537 1816 3609 subjecta
1863 3539 2003 3594 faci-

359 3623 486 3691 unt,
515 3624 640 3676 tum
693 3623 934 3679 nomina
978 3629 1186 3681 vocant
1218 3642 1231 3682 :
1267 3642 1402 3681 cum
1433 3631 1626 3681 autem
1677 3627 2002 3683 secundum

358 3709 641 3780 temporis
681 3711 1191 3784 (signiﬁcationem
1237 3717 1571 3787 usurpant),
1603 3720 1744 3771 tunc
1790 3716 2003 3788 praedi-

357 3801 621 3854 catorum
699 3799 823 3857 loco
881 3817 949 3858 ea
1003 3807 1284 3874 ponentes
1341 3805 1537 3872 [verba
1591 3805 1812 3860 dicunt.
1872 3805 2002 3862 Jam

357 3901 490 3942 vero
540 3887 780 3944 nomina
828 3890 1158 3962 simplicem
1221 3893 1570 3949 exsistentiaa
1627 3891 2003 3966 signiﬁcatio-

357 3991 492 4030 nem
524 3975 819 4046 habentia,
854 3996 988 4036 cum
1015 3981 1253 4052 quidem
1285 3981 1406 4038 haec
1435 3999 1582 4054 pura
1624 3983 1920 4055 accipiunt
1949 3988 2006 4038 et

357 4065 622 4136 subjecta
644 4065 866 4123 faciunt
895 4073 952 4123 et
980 4069 1134 4141 quod
1167 4075 1307 4126 sunt
1327 4071 1565 4127 nomina
1594 4071 1834 4142 dicunt;
1870 4089 2002 4128 cum

358 4159 556 4211 autem
605 4156 727 4212 haec
774 4159 1084 4230 pradicata
1131 4160 1392 4227 fecerint,
1442 4178 1591 4232 pura
1638 4177 1706 4217 ea
1750 4178 1864 4216 non
1915 4179 2001 4217 re-

357 4242 657 4318 linquunt,
710 4247 810 4302 sed
839 4247 903 4300 τὸ
930 4252 1018 4304 est
1067 4253 1170 4304 aut
1217 4250 1326 4304 fuit
1374 4254 1476 4305 aut
1504 4251 1615 4305 erit
1663 4255 2000 4322 apponunt;

359 4337 424 4388 ut
451 4338 508 4390 et
557 4334 678 4391 haec
706 4335 843 4392 inde
891 4337 1185 4409 duplicem
1241 4339 1729 4411 signiﬁcationem
1781 4340 2000 4395 haben-

354 4423 456 4492 tia,
490 4424 726 4498 propria
771 4425 1042 4483 videlicet
1088 4445 1215 4499 quae
1254 4432 1344 4484 est
1387 4428 1739 4484 exsistentiae
1770 4434 1828 4484 et
1873 4445 2001 4484 eam

355 4529 486 4585 qua:
515 4520 604 4571 est
648 4531 718 4571 ex
768 4515 1142 4587 adjunctione
1171 4519 1268 4569 τοῦ
1321 4522 1410 4573 est
1437 4522 1541 4572 aut
1588 4518 1696 4572 fuit
1725 4522 1826 4573 aut
1872 4517 2000 4586 erit,

355 4620 483 4674 quae
517 4604 858 4677 temporalis
884 4609 996 4674 est,
1023 4606 1333 4661 verborum
1363 4605 1549 4661 vicem
1579 4605 1883 4679 impleant.

421 4709 512 4766 29.
562 4711 846 4767 Caeterum
896 4711 958 4764 τὸ
1007 4715 1096 4767 est
1165 4716 1222 4768 et
1269 4712 1380 4766 fuit
1425 4717 1483 4766 et
1529 4712 1660 4781 erit,
1712 4730 1846 4768 cum
1905 4699 2080 4784 perD

357 4814 418 4853 se
472 4799 708 4870 quidem
769 4805 926 4870 sunt,
986 4800 1279 4872 duplicem
1338 4801 1490 4857 263
1550 4801 1767 4857 habent
1819 4801 2001 4874 signi-

353 4886 707 4958 ﬁcationem,
739 4893 805 4945 ut
833 4890 1040 4958 verba;
1074 4890 1426 4945 exsistentiae
1458 4889 1738 4945 nimirum
1771 4894 1826 4945 et
1853 4895 2000 4946 tem-

353 4975 550 5046 poris;
585 4980 649 5030 ut
697 4993 830 5032 cum
881 4977 1202 5033 dixerimus
1239 4994 1251 5031 :
1288 4978 1470 5034 Homo
1520 4983 1628 5046 est,
1681 4983 1781 5032 aut
1825 4978 2001 5034 homo

352 5065 482 5132 fuit,
528 5069 631 5121 aut
679 5065 853 5122 homo
905 5068 1033 5122 erit.
1067 5072 1209 5123 Cum
1260 5071 1455 5123 autem
1507 5066 1847 5122 nominibus
1899 5069 2000 5123 ad-

345 5156 681 5226 junguntur
727 5159 784 5209 et
813 5171 946 5210 cum
1002 5156 1119 5212 illis
1174 5155 1584 5228 exquiruntur,
1617 5155 1802 5211 solam
1852 5161 1999 5212 tem-

353 5242 511 5316 poris
561 5243 780 5298 habent
821 5244 1310 5315 significationem
1359 5247 1447 5317 (ut
1475 5262 1606 5300 cum
1657 5245 1998 5313 dixerimus,

352 5334 622 5390 Socrates
673 5337 761 5387 est
810 5333 1066 5404 sapiens,
1116 5339 1217 5388 aut
1264 5338 1526 5390 Socrates
1587 5334 1697 5389 fuit
1745 5335 1996 5406 sapiens,

351 5427 454 5479 aut
485 5422 751 5477 Socrates
801 5422 912 5477 erit
941 5425 1219 5494 sapiens),
1266 5423 1732 5496 exsistentitsque
1780 5424 2000 5497 signiﬁ-

349 5511 641 5568 cationem
674 5511 937 5567 obtinent
954 5512 1192 5566 nomina
1211 5511 1426 5582 quibus
1447 5516 1999 5584 apponuntur.Qua-

348 5619 410 5658 re
441 5618 574 5656 cum
625 5601 915 5673 ejusmodi
975 5599 1315 5655 nominibus
1371 5605 1428 5654 et
1482 5600 1881 5656 exsistentiam
1941 5607 1999 5656 et

348 5698 585 5766 tempus
632 5690 1029 5766 signiﬁcantia
1076 5688 1464 5762 perfectorum
1516 5689 1823 5746 verborum
1863 5709 1994 5764 pro-

345 5783 653 5862 prietatem
685 5783 944 5841 servant.

2116 3444 2289 3518 μόνην
2342 3443 2610 3518 σημασίαν
2659 3447 2828 3498 ταῦτα
2884 3438 3261 3516 λαμϐάνωσιν,
3324 3441 3653 3513 ὑποκείμενά
3708 3462 3770 3495 τε

2111 3539 2328 3589 ποιοῦσι
2360 3533 2448 3588 καὶ
2481 3533 2738 3590 καλοῦσιν
2772 3531 3034 3607 ὀνόματα·
3067 3531 3190 3586 ὅταν
3225 3528 3284 3586 δὲ
3308 3532 3446 3586 κατὰ
3462 3532 3562 3599 τήν
3583 3551 3773 3607 χρονι-

2110 3625 2234 3695 κὴν,
2265 3625 2389 3679 τότε
2416 3621 2863 3700 κατηγορούμενα
2889 3622 3124 3687 τιθέντες
3157 3620 3381 3695 λέγουσι
3426 3619 3491 3696 ῥή
3505 3641 3665 3694 ματα,
3696 3621 3772 3676 Τά

2113 3710 2160 3767 δ’
2216 3712 2458 3786 ὀνόματα
2507 3711 2780 3785 σημασίαν
2830 3709 3012 3780 ἁπλῆν
3062 3718 3161 3780 τῆς
3213 3709 3488 3783 ὑπάρξεως
3546 3707 3766 3785 ἔχοντα,

2111 3800 2236 3856 ὅταν
2295 3803 2388 3875 μὲν
2448 3801 2654 3878 καθαρὰ
2697 3805 2865 3855 ταῦτα
2915 3794 3290 3872 λαμϐάνωσιν,
3344 3798 3670 3872 ὑποκείμενά
3709 3820 3768 3854 τε

2111 3895 2329 3945 ποιοῦσι
2381 3890 2471 3944 καὶ
2529 3889 2661 3966 ὅπερ
2717 3888 2848 3943 εἰσὶν
2911 3887 3150 3961 ὀνόματα
3203 3885 3473 3963 λέγουσιν’
3530 3885 3654 3942 ὅταν
3709 3884 3766 3942 δὲ

2111 3978 2559 4056 κατηγορούμενα
2613 3983 2780 4032 ταῦτα
2835 3979 3137 4048 ποιήσωσιν
3173 4023 3187 4048 ,
3247 3977 3346 4031 οὐκ
3413 3975 3568 4031 ἐῶσιν
3629 3975 3767 4032 αύτὰ

2111 4070 2337 4146 καθαρά⁶
2397 4068 2739 4145 προσ-τιθέασι
2799 4065 2858 4122 δὲ
2909 4065 3126 4128 τούτοις
3185 4065 3275 4120 καὶ
3332 4065 3396 4120 τὸ
3444 4064 3604 4139 ἔστιν,
3635 4063 3762 4134 ἥτὸ

2111 4163 2199 4228 ἦν.
2259 4157 2295 4227 ἤ
2337 4159 2402 4212 τὸ
2459 4155 2624 4213 ἔσται·
2681 4157 2756 4218 ὡς
2815 4155 2872 4211 ἂν
2934 4155 3168 4210 ἐντεῦθεν
3219 4152 3421 4224 διπλῆν
3467 4154 3765 4209 καὶταῦτα

2110 4250 2209 4317 τήν
2248 4247 2516 4321 σημασίαν
2567 4245 2781 4322 ἔχοντα⁹
2834 4246 2933 4313 τὴν
2984 4243 3186 4300 οἰκείαν
3237 4241 3305 4312 δὴ
3352 4244 3452 4313 τὴν
3504 4243 3763 4318 ὑπαρκτι-

2111 4339 2234 4409 κήν,
2285 4337 2374 4391 καὶ
2422 4337 2520 4404 τὴν
2573 4335 2632 4390 ἐκ
2667 4342 2768 4404 τῆς
2800 4335 3116 4410 προσθήκης
3157 4337 3255 4388 τοῦ
3284 4329 3447 4402 ἔστιν,
3552 4337 3650 4387 τοῦ
3696 4335 3761 4400 ἦν

2112 4425 2148 4496 ἤ
2175 4431 2276 4482 τοῦ
2307 4421 2476 4495 ἔσται,
2529 4424 2649 4494 ἥτις
2695 4423 2927 4499 ὑπάρχει
2980 4422 3236 4500 χρονική,
3285 4421 3386 4491 τήν
3429 4425 3536 4476 τῶν
3584 4419 3763 4497 ῥημά-

2111 4536 2216 4569 των
2247 4515 2435 4590 χρείαν
2466 4511 2856 4589 ἀποπληρῶσι.

2182 4713 2280 4774 κθ’.
2313 4710 2384 4763 Τὸ
2424 4705 2534 4763 ἔστι
2594 4705 2651 4762 δὲ
2700 4708 2790 4762 καὶ
2843 4707 2909 4776 ἦν
2951 4705 3040 4760 καὶ
3098 4701 3244 4761 ἔσται
3302 4706 3418 4760 καθ’
3477 4704 3612 4760 αὑτᾶ
3667 4705 3761 4778 μὶν

2110 4794 2258 4868 ὄντα,
2321 4796 2522 4866 διπλῆν
2582 4795 2696 4872 ἔχει
2754 4796 2852 4864 τὴν
2912 4793 3203 4868 σημασίαν,
3261 4794 3338 4857 ὡς
3388 4793 3624 4870 ῥήματα·
3662 4794 3762 4862 τὴν

2113 4888 2468 4965 ὑπαρκτικὴν,
2525 4886 2616 4941 καὶ
2673 4886 2771 4955 τὴν
2829 4885 3110 4958 χρονικήν’
3170 4883 3247 4945 ὡς
3303 4881 3427 4938 ὅταν
3490 4882 3761 4956 εἴπωμεν

2110 4977 2436 5054 ’Ἀνθρωπός
2487 4975 2652 5046 ἐστιν,
2695 4971 2755 5043 ἤ,
2811 4974 3130 5048 ’Ἄνθρωπος
3175 4975 3266 5042 ἦν,
3308 4969 3385 5045 ἤ,
3437 4977 3763 5046 ’Ἄνθρωπος

2111 5066 2276 5122 ἔσται.
2336 5069 2495 5120 Ὅταν
2553 5062 2611 5118 δὲ
2666 5061 3064 5136 προστιθέμενα
3118 5066 3235 5123 τοῖς
3302 5060 3560 5135 ὀνόμασιν
3620 5062 3760 5134 ὁμοῦ

2114 5162 2226 5228 μετ’
2271 5154 2445 5209 αὐτῶν
2496 5154 2862 5225 έξετάζωνται,
2917 5151 3087 5224 μόνην
3139 5149 3254 5225 ἔχει
3303 5153 3401 5220 τὴν
3452 5154 3714 5227 χρονικήν
3743 5167 3759 5184 ⁶

2109 5245 2183 5306 ὡς
2213 5242 2336 5298 ὅταν
2389 5241 2646 5316 εἷίπωμεν,
2700 5242 2998 5318 Σωκράτης
3032 5239 3199 5317 σοφός
3233 5238 3395 5310 ἐστιν,
3448 5239 3509 5309 ἤ,
3542 5239 3764 5317 Σωκρά-

2105 5354 2207 5404 της
2241 5332 2403 5411 σοφὸς
2434 5333 2524 5402 ἦν,
2555 5329 2615 5402 ἤ,
2650 5331 2949 5407 Σωκράτης
3003 5327 3170 5407 σοφὸς
3219 5327 3385 5384 ἔσται’
3419 5330 3520 5398 τήν
3572 5327 3619 5384 δ’
3660 5330 3758 5385 ὑπ-

2108 5424 2365 5498 αρκτικήν
2401 5420 2670 5494 σημασίαν
2723 5421 3006 5489 κέκτηνται
3055 5418 3123 5472 τὰ
3169 5417 3410 5492 ὀνόματα
3457 5419 3538 5480 οἷς
3586 5438 3756 5495 προσ-

2103 5511 2356 5566 τίθενται.
2418 5513 2579 5564 Ὥστε
2628 5508 2762 5582 μετὰ
2803 5511 2912 5563 τῶν
2961 5505 3222 5562 τοιούτων
3273 5506 3556 5581 ὀνομάτων
3589 5506 3758 5580 ὕπαρ-

2107 5600 2180 5671 ξίν
2238 5620 2297 5654 τε
2351 5599 2439 5653 καὶ
2511 5597 2706 5674 χρόνον
2775 5595 3108 5669 σημαίνοντα
3181 5597 3280 5666 τὴν
3337 5597 3443 5651 τῶν
3523 5595 3751 5652 ἐντελῶν

2107 5689 2173 5766 ῥη
2185 5690 2366 5764 μάτων
2399 5689 2658 5758 σώζουσιν
2691 5683 2958 5756 ἷδιότηνα.
