4108 6424
355 421 476 487 895

931 560 1159 617 CAPUT
1194 559 1416 617 XXVII.

705 651 778 705 De
805 652 1048 706 oratione
1077 655 1127 705 et
1163 653 1646 722 prepositionibus.

434 741 484 794 1.
520 739 714 794 Oratio
757 745 864 805 est,
897 757 1020 810 qua:
1073 756 1141 794 ex
1189 739 1454 811 pluribus
1500 759 1676 811 quam
1719 758 1835 796 una
1864 757 1999 796 voce

359 828 748 900 significativa
776 833 1023 892 constat.
1054 829 1223 900 cujus
1255 847 1379 901 qua:
1411 836 1549 884 sunt
1589 831 1819 902 proprie
1864 848 1997 902 par-

359 923 468 982 tes,
502 921 780 988 separatae
824 916 1176 988 significant.
1212 918 1406 973 Oratio
1450 921 1605 973 enim
1653 935 1721 973 ex
1768 921 1998 974 duabus

358 1007 602 1061 vocibus
630 1005 1032 1078 signiﬁcativis
1062 1007 1134 1061 ad
1167 1007 1479 1062 minimum
1513 1007 1686 1063 habet
1716 1009 1999 1063 constitu-

364 1096 600 1151 tionem.
639 1094 759 1150 Una
789 1096 1003 1167 quippe
1033 1112 1140 1150 vox
1170 1096 1573 1168 signiﬁcativa,
1607 1115 1723 1153 non
1752 1103 1842 1153 est
1872 1115 2001 1152 ora-

360 1185 460 1240 tio.

429 1278 483 1329 2.
515 1273 776 1345 Quinque
809 1278 1003 1329 autem
1036 1274 1315 1330 orationis
1348 1276 1570 1347 species
1600 1281 1740 1331 sunt
1775 1294 1787 1331 :
1841 1293 2003 1330 voca-

361 1366 498 1431 tiva,
539 1369 623 1431 ut,
656 1363 776 1418 Viri
808 1365 1014 1419 fratres
1057 1369 1113 1418 et
1157 1381 1613 1436 compauperes;
1666 1371 1742 1433 at,
1794 1383 1826 1420 ο
1875 1365 2000 1431 viri,

365 1460 617 1519 tantum,
652 1470 763 1508 non
815 1453 997 1508 oratio
1044 1454 1325 1514 vocativa.
1375 1455 1474 1509 sed
1525 1455 1747 1509 vocatio
1795 1461 1901 1508 est.
1939 1456 2006 1509 Et

364 1561 497 1600 vero
528 1542 826 1615 (speciem)
858 1542 1134 1598 orationis
1163 1544 1481 1599 vocativam
1521 1543 1692 1598 Stoici
1745 1543 2005 1615 appella-

364 1634 544 1689 tivam
575 1637 797 1688 vocant.
830 1632 1098 1687 Secunda
1127 1631 1349 1702 species
1376 1633 1654 1688 orationis
1685 1638 1774 1688 est
1817 1634 2005 1704 impe-

365 1724 575 1789 rativa,
604 1727 688 1788 ut,
736 1721 967 1776 Declina
1015 1737 1048 1774 a
1096 1720 1250 1776 malo
1296 1726 1354 1777 et
1400 1722 1488 1777 fac
1538 1723 1777 1778 bonum.
1812 1722 2007 1778 Tertia

365 1812 718 1871 sciscitativa
745 1809 864 1866 sive
895 1809 1326 1882 interrogative,
1361 1815 1443 1877 ut,
1477 1811 1611 1874 Quae
1643 1816 1745 1865 tua
1775 1810 2007 1882 patria?

368 1919 496 1974 quae
546 1906 648 1956 tua
708 1898 961 1955 studia?
1011 1900 1228 1966 Quarta
1281 1899 1534 1971 optativa
1589 1917 1766 1972 quam
1826 1899 2004 1955 Stoici
2037 1933 2087 1999 B

367 1991 573 2046 dicunt
600 1987 1025 2061 precatoriam;
1078 1991 1163 2058 ut,
1213 1988 1351 2058 Fiat,
1387 1988 1646 2055 Domine,
1679 1988 2007 2045 misericor-

368 2080 466 2136 dia
504 2083 606 2134 tua
644 2094 821 2150 super
850 2094 976 2146 nos,
1012 2077 1507 2149 quemadmodum
1539 2079 1902 2149 speravimus
1949 2079 2008 2133 in

369 2175 448 2237 te,
481 2167 695 2234 Quinta
737 2166 1114 2235 enuntiativa,
1163 2166 1276 2233 vel,
1325 2171 1390 2221 ut
1441 2167 1594 2238 apud
1644 2167 1871 2222 Stoicos
1917 2167 2006 2221 di-

371 2260 544 2325 citur,
578 2257 826 2322 axioma,
861 2257 931 2312 de
977 2273 1095 2327 qua
1141 2256 1326 2328 logica
1373 2256 1636 2312 tractatio
1677 2256 2008 2313 considera-

371 2347 590 2403 tionem
635 2347 787 2403 268
839 2345 1113 2415 instituit,
1146 2362 1272 2417 quaa
1326 2345 1398 2400 ab
1447 2345 1808 2401 enuntianda
1856 2345 2012 2401 dicta

373 2441 482 2493 est.
515 2436 849 2492 Secundum
881 2433 1042 2490 illam
1081 2435 1238 2490 enim
1288 2435 1358 2490 de
1407 2435 1670 2505 qualibet
1715 2452 1776 2490 re
1822 2451 2008 2490 enun-

370 2526 612 2592 tiemus,
662 2525 865 2582 velut:
918 2529 1068 2580 Deus
1115 2528 1204 2580 est
1249 2525 1480 2590 bonus;
1531 2524 1704 2580 homo
1761 2541 1875 2579 non
1923 2527 2014 2580 est

369 2614 742 2672 immortalis.

440 2797 494 2850 3.
527 2797 669 2850 Cum
700 2797 892 2849 autem
927 2793 1190 2865 duplices
1217 2793 1338 2848 sint
1366 2794 1424 2847 in
1457 2789 1626 2849 nobis
1665 2792 1873 2847 animas
1924 2792 2009 2847 fa-

370 2883 636 2953 cultates,
671 2881 795 2938 alias
824 2885 1238 2954 cognoscentes
1269 2883 1595 2937 secundum
1636 2898 1784 2951 quas
1827 2882 2009 2952 quod-

368 2973 458 3029 vis
487 2988 688 3028 eorum
720 2971 875 3043 quod
905 2975 994 3026 est
1021 2971 1431 3042 cognoscimus
1456 2989 1469 3026 :
1503 2970 1626 3026 alia:
1654 2987 1779 3042 quae
1810 2969 2012 3025 vitales

369 3066 427 3118 et
473 3061 804 3134 appetitiva
851 3061 1148 3127 dicuntur,
1183 3060 1508 3116 secundum
1554 3077 1700 3131 quas
1751 3077 1876 3130 quas
1925 3045 2013 3114 ve1

366 3151 522 3206 bona
551 3154 692 3206 sunt
719 3148 806 3204 vel
838 3150 992 3204 bona
1024 3149 1314 3218 videntur,
1349 3149 1674 3221 expetimus
1710 3167 1722 3204 :
1761 3152 2014 3220 quatuor

370 3239 608 3312 quidem
639 3238 920 3294 orationis
949 3243 1157 3309 preter
1199 3239 1621 3294 enuntiativam
1675 3238 1897 3310 species
1945 3253 2014 3292 ex

1605 425 2030 489 NICEPHORI
2074 427 2514 492 BLEMMleE

2023 561 2078 626 Α

3643 433 3764 494 896

2725 568 2983 618 ΚΕΦΔΛ.
3025 564 3138 618 ΚΖ’.

2529 651 2655 722 Περὶ
2687 651 2854 728 λόγου
2883 651 2972 706 καὶ
3003 655 3336 725 προτάσεων.

2179 740 2242 792 α’.
2305 740 2478 816 Λόγος
2538 740 2676 794 ἐστὶν
2734 740 2792 795 ἐκ
2834 740 3102 796 πλειόνων
3160 743 3194 809 ἤ
3249 748 3373 813 pta:
3422 750 3609 820 φωνῆς
3661 764 3762 813 ση-

2113 836 2372 900 μαντικῆς
2422 831 2705 894 συνεστὼς,
2756 828 2818 883 οὗ
2864 832 2931 884 τὰ
2977 831 3177 902 κυρίως
3235 831 3370 906 μέρη
3411 830 3763 907 κεχωρισμέ-

2107 938 2168 971 να
2226 919 2527 989 σημαντικά
2566 917 2705 972 ἐστιν
2739 960 2751 972 .
2813 921 2868 970 Ὀ
2921 920 3021 994 γὰρ
3079 919 3243 994 λόγος
3298 920 3358 975 ἐκ
3409 919 3505 975 δύο
3565 925 3762 998 φωνῶν

2111 1012 2454 1079 σημαντικῶν
2502 1006 2865 1083 τούλάχιστον
2914 1006 3028 1083 ἔχει
3058 1010 3157 1077 τὴν
3194 1009 3462 1064 σύστασιν.
3517 1010 3626 1064 Μία
3657 1011 3765 1084 γάρ

2112 1097 2261 1173 φωνή
2297 1098 2601 1167 σημαντική
2636 1095 2796 1170 λόγος
2825 1096 2925 1150 οὐκ
2955 1093 3088 1153 ἔστι.

2187 1278 2239 1351 β.
2274 1275 2438 1329 Πέντε
2486 1272 2542 1328 δὲ
2590 1275 2656 1328 τὰ
2708 1271 2823 1344 εἷ’ὂη
2879 1279 2974 1328 τοῦ
3025 1270 3216 1348 λόγου·
3265 1276 3328 1330 τὸ
3372 1273 3656 1345 κλητικὸν,
3691 1278 3767 1339 ὡς

2111 1365 2194 1434 τὸ,
2227 1361 2455 1437 ’Ἄνδρες
2487 1361 2713 1437 ἀδελφοὶ
2765 1365 2854 1417 καὶ
2909 1364 3264 1436 συμπένητες.
3315 1364 3377 1417 τὸ
3423 1362 3500 1435 δὲ,
3551 1363 3766 1440 ἄνδρες,

2118 1453 2300 1526 μόνον,
2336 1453 2396 1506 οὐ
2426 1453 2590 1525 λόγος
2618 1452 2900 1521 κλητικὸς,
2935 1452 3080 1508 ἀλλὰ
3109 1452 3324 1520 κλῆσις.
3357 1455 3428 1507 Τὸ
3455 1457 3553 1507 τοῦ
3593 1451 3767 1528 λόγου

2115 1540 2172 1597 δὲ
2229 1540 2488 1611 κλητικὸν
2545 1543 2594 1595 οἱ
2649 1541 2885 1595 Στωϊκοὶ
2942 1540 3171 1596 καλοῦσι
3225 1544 3717 1618 προσαγορευτικόν
3752 1587 3764 1598 .

2116 1629 2370 1706 Δεύτερον
2431 1628 2572 1692 εἶδος
2622 1635 2718 1684 τοῦ
2773 1630 2937 1706 λόγου
2992 1632 3054 1685 τὸ
3109 1634 3523 1707 προστακτικὸν,
3568 1634 3642 1695 ὡς
3680 1633 3766 1689 τό·

2115 1717 2402 1774 Ἐκκλινον
2455 1719 2561 1772 ἀπὸ
2609 1724 2777 1773 κακοῦ
2812 1764 2825 1788 ,
2879 1720 2968 1773 καὶ
3018 1718 3250 1789 ποίησον
3303 1721 3522 1795 ἀγαθόν.
3552 1722 3766 1798 Τρίτον,

2113 1809 2176 1863 τὸ
2232 1808 2589 1878 πυσματικὸν,
2651 1807 2824 1862 εἶ’τουν
2883 1809 2944 1862 τὸ
3005 1807 3414 1884 ἐρωτηματικόν
3451 1829 3463 1841 ο
3525 1811 3603 1873 ὡς
3659 1811 3766 1882 τὸ,

2114 1898 2206 1961 Τίς
2255 1900 2290 1966 ἡ
2339 1882 2533 1972 πατρίς
2583 1916 2723 1965 σοτ;
2778 1897 2830 1951 τί
2878 1919 2960 1952 σοι
3003 1882 3065 1952 τὸ
3119 1895 3456 1971 ἐπιτήδευμα
3506 1919 3520 1968 ;
3569 1901 3767 1972 Τέταρ-

2117 2008 2230 2056 τον,
2281 1988 2344 2040 τὸ
2394 1984 2657 2053 εὐκτικὸν,
2708 1985 2841 2062 ὅπερ
2889 1987 2940 2040 οἱ
2995 1986 3101 2042 ἀπὸ
3147 1993 3251 2056 τῆς
3308 1994 3465 2050 στοᾶς
3514 1988 3768 2062 λέγουσιν

2120 2076 2369 2152 ἀρατικὸν
2405 2121 2420 2146 ,
2479 2076 2552 2137 ὡς
2608 2075 2710 2130 τό·
2773 2078 2986 2130 Γὲνοιτο
3020 2120 3034 2146 ,
3095 2076 3288 2150 Κύριε,
3346 2078 3409 2132 τὸ
3467 2072 3620 2139 ἔλεός
3675 2098 3772 2132 σου

2120 2165 2198 2244 ἐφ’
2252 2168 2421 2238 ἡμᾶς,
2481 2166 2720 2240 καθάπερ
2787 2165 3097 2238 ἠλπίσαμεν
3159 2165 3246 2219 ἐπὶ
3305 2165 3407 2220 σέ.
3464 2166 3720 2240 Πέμπτον
3754 2213 3767 2237 ,

2115 2256 2179 2310 τὸ
2210 2255 2594 2327 ἀποφαντικὸν,
2627 2252 2752 2322 ἤτοι
2783 2255 2846 2309 τὸ
2889 2255 3035 2328 παρά
3061 2260 3178 2316 τοῖς
3225 2260 3494 2317 Στωϊκοῖς
3533 2256 3768 2327 ἀξίωμα⁶

2119 2343 2302 2418 περὶὸ
2461 2341 2662 2416 λογικῇ
2711 2343 3053 2419 πραγματείᾳ
3100 2346 3134 2411 ἡ
3187 2345 3375 2417 σκέψις
3423 2345 3586 2415 ἐστὶν,
3639 2344 3772 2417 ὅπερ

2120 2433 2179 2487 ἐκ
2231 2437 2328 2486 τοῦ
2366 2432 2748 2510 ἀποφαίνεσθαι
2809 2429 3068 2504 εἴρηται.
3128 2434 3252 2488 Κατ’
3306 2431 3438 2488 αὐτὸ
3489 2434 3590 2508 γὰρ
3648 2435 3775 2506 περὶ

2120 2522 2425 2577 οὑτινοσοῦν
2484 2525 2590 2575 τῶν
2639 2542 2971 2598 πραγμάτων
3033 2521 3442 2598 ἀποφαινόμεθα
3475 2542 3488 2555 ·
3540 2523 3683 2588 οἷον,
3717 2523 3772 2574 '0

2119 2612 2248 2673 Θεὸς
2319 2610 2517 2686 ἀγαθός
2588 2609 2726 2664 ἐστιν
2763 2629 2774 2640 ·
2833 2617 2886 2663 '0
2947 2609 3226 2686 ἄνθρωπος
3289 2609 3389 2664 ούκ
3443 2606 3582 2664 ἔστιν
3643 2611 3773 2665 ἀθά-

2117 2721 2297 2761 νατος.

2563 2785 2588 2805 κ

2188 2791 2254 2865 γ’.
2307 2793 2508 2843 Διττῶν
2559 2785 2606 2843 δ’
2657 2788 2829 2843 οὐσῶν
2885 2786 2936 2842 ἐν
2987 2788 3124 2859 ἡμῖν
3168 2785 3450 2860 δυνάμεων
3499 2791 3777 2863 ψυχικῶν,

2119 2884 2225 2933 τῶν
2285 2882 2620 2953 γνωστικῶν,
2670 2878 2787 2932 καθ’
2843 2876 2904 2939 ἃς
2960 2873 3182 2932 ἕκαστον
3237 2881 3344 2931 τῶν
3395 2871 3564 2932 ὄντων
3613 2878 3780 2951 γινώ-

2121 2989 2340 3040 σκομεν·
2384 2972 2492 3022 τῶν
2550 2965 2608 3022 δὲ
2653 2971 2894 3035 ζωτικῶν
2939 2964 3029 3020 καί
3061 2966 3352 3042 ὀρεκτικῶν
3397 2964 3775 3039 καλουμένων,

2121 3059 2237 3112 καθ’
2266 3056 2327 3119 ἃς
2377 3055 2414 3126 ἠ¹
2462 3061 2569 3111 τῶν
2622 3052 2792 3111 ὄντων
2842 3056 3057 3130 ἀγαθῶν
3104 3057 3140 3124 ἢ
3169 3060 3276 3110 τῶν
3306 3052 3612 3110 δοκούντων
3641 3055 3776 3130 ἀγα-

2121 3148 2225 3200 θῶν
2283 3145 2573 3224 ἐφιέμεθαο
2631 3147 2700 3200 τὰ
2758 3146 2851 3218 μὲν
2912 3147 3057 3219 παρὰ
3110 3145 3173 3199 τὸ
3229 3144 3593 3222 ἀποφαντικὸν
3651 3141 3772 3214 εἷ’ὂη

2119 3241 2217 3290 τοῦ
2274 3235 2444 3310 λόγου
2498 3235 2564 3289 τὰ
2618 3234 2850 3310 τέσσαρα
2899 3233 2958 3287 ἐκ
3010 3239 3118 3288 τῶν
3164 3233 3458 3309 ὀρεκτικῶν
3488 3231 3776 3306 δυνάμεων

369 3303 700 3400 appetitivis
757 3303 1106 3398 proveniunt
1165 3327 1545 3383 facultatibus
1601 3303 1831 3394 animae,
1892 3343 2006 3381 non

2131 3323 2447 3400 προέρχεται
2496 3330 2596 3392 τῆς
2647 3326 2853 3398 ψυχῆς,
2910 3322 3010 3378 οὐκ
3060 3321 3228 3392 αὐτῆς
3275 3325 3395 3387 καθ’
3439 3323 3603 3391 αὑτήν
3638 3323 3782 3398 ἐνερ-

368 3415 558 3488 ipsius
590 3417 910 3472 secundum
943 3416 1199 3488 seipsam
1229 3417 1478 3488 agentis,
1502 3417 1602 3471 sed
1635 3417 1706 3471 ad
1739 3415 1919 3471 alium
1952 3431 2014 3469 se

371 3505 756 3576 extendentis,
811 3505 909 3576 qui
966 3507 1292 3560 conducere
1337 3505 1565 3561 videtur
1611 3507 1681 3561 ad
1737 3506 1792 3559 id
1843 3520 2014 3577 posse

371 3594 527 3665 quod
561 3594 663 3650 illa
683 3595 842 3667 cupit
871 3594 1187 3666 consequi;
1220 3600 1276 3650 et
1305 3596 1392 3650 vel
1425 3611 1750 3650 sermonem
1785 3594 1856 3650 ab
1888 3594 2014 3666 ipso

372 3683 690 3755 exigentes,
724 3689 787 3738 ut
829 3684 888 3738 in
934 3684 1289 3740 sciscitativa
1318 3684 1597 3747 oratione,
1634 3689 1698 3739 ut
1748 3700 1908 3750 rem;
1960 3687 2017 3739 et

374 3773 424 3828 si
456 3789 577 3828 rem
606 3773 692 3828 vel
725 3773 891 3828 illum
915 3773 1111 3845 ipsum
1145 3775 1216 3828 ad
1241 3790 1413 3845 quem
1449 3791 1638 3829 sermo
1663 3778 1752 3829 est
1771 3771 2014 3844 adipisci

375 3861 782 3929 desiderantis,
817 3867 882 3915 ut
928 3862 986 3916 in
1033 3862 1332 3930 vocativa;
1366 3868 1468 3917 aut
1498 3863 1814 3933 quamdam
1847 3863 1918 3917 ab
1950 3878 2015 3916 eo

377 3951 688 4016 actionem,
745 3967 994 4022 eamque
1041 3950 1128 4006 vel
1189 3956 1253 4005 ut
1307 3968 1341 4006 a
1392 3951 1794 4024 praestantiore
1845 3955 1910 4006 ut
1956 3951 2015 4004 in

379 4039 612 4111 optione
633 4055 736 4096 seu
763 4039 1115 4111 precatione,
1138 4039 1225 4094 vel
1258 4043 1325 4094 ut
1355 4056 1388 4094 a
1417 4039 1722 4108 deteriore,
1748 4040 2021 4111 quemad-

381 4128 622 4183 modum
671 4129 730 4183 in
781 4144 849 4184 ea
886 4145 1012 4200 quae
1044 4129 1275 4200 proprie
1302 4133 1544 4184 vocatur
1573 4129 1884 4200 imperium
1915 4144 2016 4182 seu

371 4218 584 4288 jussio.
617 4217 752 4274 Sola
796 4223 992 4274 autem
1041 4217 1403 4272 enuntiativa
1448 4235 1482 4272 a
1535 4217 2018 4290 cognoscentibus

379 4308 587 4362 animae
619 4307 881 4379 provenit
910 4306 1310 4376 facultatibus,
1343 4324 1467 4378 quae
1499 4324 1692 4361 rerum
1742 4306 1802 4360 in
1850 4305 2020 4360 nobis

381 4396 770 4469 cognitionem
801 4412 933 4452 vere
971 4395 1059 4451 vel
1099 4401 1449 4468 apparenter
1479 4397 1688 4451 factam
1719 4395 2022 4450 enuntiare

380 4485 529 4542 solet
560 4503 572 4541 :
621 4487 776 4542 269
809 4503 988 4557 quare
1019 4486 1196 4541 etiam
1245 4503 1279 4540 a
1329 4486 1554 4541 ceteris
1584 4485 1862 4540 orationis
1892 4500 2021 4555 spe-

378 4575 581 4632 ciebus
611 4575 737 4631 sola
763 4575 1026 4630 veritatis
1056 4579 1112 4630 et
1152 4573 1424 4630 falsitatis
1454 4591 1637 4646 capax
1665 4578 1773 4628 est.

453 4684 505 4738 4.
538 4681 914 4738 Enuntiativa
944 4681 1125 4754 igitur
1153 4681 1337 4737 oratio
1368 4685 1458 4737 est
1486 4682 1580 4736 cui
1609 4697 1808 4736 verum
1840 4685 1898 4736 et
1923 4678 2026 4735 l'al-
2052 4673 2100 4738 D

381 4789 514 4828 sum
547 4772 699 4828 inest
726 4772 939 4828 dicere.

451 4862 506 4916 5.
539 4861 772 4935 Species
803 4867 996 4918 autem
1030 4864 1169 4917 sunt
1197 4860 1407 4932 ipsius,
1429 4859 1740 4915 afﬁrmatio
1769 4863 1827 4916 et
1856 4874 2027 4932 nega-

382 4950 482 5007 tio.

453 5041 508 5093 6.
541 5039 610 5095 Et
656 5041 968 5097 afﬁrmatio
1007 5041 1244 5113 quidem
1290 5045 1380 5097 est
1425 5037 1746 5096 enuntiatio
1777 5037 2026 5108 alicujus

387 5128 457 5183 de
506 5128 726 5200 aliquo,
756 5128 866 5184 hoc
895 5133 1002 5194 est,
1036 5130 1342 5186 enuntiare
1385 5133 1441 5185 et
1486 5129 1677 5184 dicere
1717 5127 1856 5200 quid
1887 5126 2030 5181 insit

386 5217 581 5272 alicui.
613 5216 854 5288 Negatio
902 5221 1096 5272 autem
1152 5225 1241 5274 est
1287 5217 1614 5274 enuntiatio
1665 5216 1916 5286 alicujus
1955 5215 2027 5270 ab

386 5305 604 5378 aliquo,
637 5306 747 5362 hoc
779 5311 885 5373 est,
919 5308 1224 5362 enuntiare
1255 5309 1393 5378 quid
1425 5307 1597 5362 alicui
1629 5323 1744 5362 non
1778 5305 1939 5362 insit.

456 5396 512 5450 7.
545 5399 612 5450 Et
639 5394 760 5451 haec
790 5395 1306 5450 contradictionem
1337 5396 1615 5451 efficiunt.

457 5503 510 5556 8.
544 5501 706 5558 Dicta
734 5516 870 5558 vero
896 5505 984 5556 est
1010 5500 1386 5556 contradictio
1419 5503 1570 5572 quod
1602 5506 1798 5572 partes
1827 5519 2030 5558 secun-

387 5593 528 5648 dum
559 5606 760 5645 verum
814 5595 871 5645 et
911 5588 1124 5644 falsum
1156 5589 1614 5645 contradicentes
1644 5590 1890 5647 invicem
1922 5591 2024 5647 ha-

388 5683 542 5738 beat.
576 5682 678 5736 Est
706 5679 862 5735 cnim
894 5676 1273 5733 contradictio
1305 5678 1712 5734 al'ﬁrmationis
1749 5685 1807 5734 et
1854 5697 2026 5753 nega-

387 5771 565 5836 tionis
589 5786 788 5845 pugna
810 5787 937 5843 quae
961 5767 1286 5826 secundum
1305 5765 1607 5823 veritatem
1628 5771 1686 5823 et
1714 5767 2029 5826 falsitatem

2121 3413 2348 3489 γούσης,
2409 3411 2554 3468 ἀλλά
2609 3412 2745 3485 πρὸς
2803 3409 2985 3488 ἕτερον
3048 3413 3472 3485 ἀποτεινομένης
3511 3412 3604 3466 τὸν
3647 3433 3783 3484 συμ-

2121 3497 2415 3558 ϐάλλεσθαι
2476 3499 2736 3556 δοκοῦντα
2790 3502 2928 3577 πρὸς
2979 3501 3041 3555 τὸ
3097 3506 3287 3576 τυχεῖν
3343 3503 3443 3569 τῆς
3502 3500 3773 3578 ἐφέσεως,

2122 3593 2212 3647 καὶ
2240 3588 2367 3660 ἤτοι
2392 3590 2552 3666 λόγον
2604 3591 2749 3666 παρὰ
2796 3589 2960 3644 αὐτοῦ
2997 3589 3289 3660 ζητούσης,
3322 3589 3397 3651 ὡς
3430 3588 3518 3644 ἐπὶ
3547 3593 3646 3644 τοῦ⁹
3675 3610 3777 3644 πυ-

2123 3685 2408 3756 σματικοῦ·
2458 3681 2493 3749 ἧ
2551 3686 2813 3756 πρᾶγμαο
2875 3678 2963 3734 καὶ
3025 3679 3070 3733 εἰ
3127 3684 3373 3754 πρᾶγμα,
3430 3676 3554 3746 ἤτοι
3614 3676 3778 3732 αὐτοῦ

2123 3770 2328 3825 ἐκείνου
2387 3769 2674 3846 ἐφιεμένης
2724 3774 2911 3843 τυχεῖν
2971 3769 3107 3844 πρὸς
3163 3768 3221 3822 ’ὀν
3274 3768 3302 3821 ὁ
3343 3765 3541 3843 λόγος,
3596 3767 3776 3842 ὥσπερ

2124 3859 2210 3915 ἐπὶ
2268 3863 2366 3912 τοῦ
2440 3857 2706 3926 κλητικοῦ
2879 3858 3245 3930 πυσματικοῦ)
3279 3875 3290 3886 ”
3351 3853 3388 3925 ἤ
3452 3876 3599 3917 τινος
3655 3856 3778 3930 παρ’

2124 3949 2291 4004 αὐτοῦ
2348 3946 2610 4022 πράξεως,
2671 3947 2762 4000 καὶ
2821 3945 3022 4016 ταύτης
3076 3943 3112 4014 ἤ
3163 3946 3239 4006 ὡς
3287 3945 3434 4020 παρά
3471 3945 3776 4020 κρείττονος

2125 4038 2363 4111 καθάπερ
2409 4035 2496 4090 ἐπὶ
2525 4038 2622 4104 τῆς
2673 4035 2865 4111 εὐχῆς,
2920 4031 2956 4102 ἤ
2990 4034 3064 4096 ὡς
3114 4034 3259 4109 παρά
3301 4033 3573 4108 χείρονος,
3622 4033 3780 4088 καθά-

2126 4146 2228 4201 περ
2286 4124 2374 4180 ὲπὶ
2421 4131 2522 4192 τῆς
2553 4123 2756 4200 κυρίως
2803 4121 3153 4196 καλουμένης
3199 4120 3558 4196 προστάξεως.
3606 4121 3779 4176 Μόνον

2129 4212 2186 4269 δὲ
2235 4215 2298 4268 τὸ
2358 4213 2743 4290 ἀποφαντικὸν,
2803 4212 2908 4266 ἀπὸ
2964 4216 3070 4266 τῶν
3132 4214 3445 4284 γνωπικῶν
3501 4208 3777 4284 δυνάμεων

2128 4303 2455 4379 προέρχεται
2514 4309 2615 4369 τῆς
2675 4303 2860 4376 ψυχῆς
2935 4298 3311 4376 ἐξαγγελτικὸν
3379 4299 3626 4375 ὑπάρχον
3684 4303 3783 4369 τῆς

2129 4391 2353 4462 ἀληθῶς
2504 4389 2846 4467 φαινομένως
2901 4389 3198 4464 γενομένης
3270 4393 3376 4442 τῶν
3447 4391 3781 4466 πραγμάτων

2129 4483 2384 4556 γνώσεως
2418 4492 2469 4535 εν
2502 4483 2660 4552 ἡμῖν’
2695 4478 2779 4534 διὸ
2809 4479 2896 4533 καὶ
2932 4479 3094 4551 μόνον
3120 4483 3230 4532 τῶν
3262 4476 3447 4534 ἄλλων
3477 4483 3575 4532 τοῦ
3617 4478 3782 4555 λόγου

2133 4568 2287 4626 εἰδῶν
2317 4569 2574 4639 ἀληθείας
2609 4569 2697 4622 καὶ
2725 4565 2956 4641 ψεύδους
2988 4567 3100 4622 ἐστὶ
3131 4563 3394 4623 δεκτικόν.

2203 4675 2266 4732 δ’.
2299 4678 2450 4731 Ἐστι
2479 4675 2660 4730 τοίνυν
2711 4673 3075 4753 ἀποφαντικὸς
3125 4672 3308 4749 λόγος,
3363 4671 3415 4728 ὲν
3469 4673 3516 4745 ᾧ
3552 4673 3618 4728 τὸ
3648 4671 3786 4745 άλη-

2135 4767 2306 4822 θεύειν
2336 4763 2372 4834 ἤ
2405 4763 2686 4839 ψεύδεσθαι
2721 4763 2970 4839 ὑπάρχει.

2210 4857 2268 4913 ε’.
2302 4851 2436 4924 Εῗὸη
2471 4851 2529 4908 δὲ
2554 4852 2719 4908 αὐτοῦ
2751 4852 3046 4928 κατάφασις
3076 4851 3166 4906 καὶ
3196 4848 3486 4929 ἀπόφασις.

2209 5036 2273 5099 ς’.
2306 5035 2406 5089 Καὶ
2433 5033 2728 5111 κατάφασις
2783 5031 2876 5104 μὶν
2928 5028 3072 5086 ἔστιν
3120 5028 3416 5108 ἀπόφανσίς
3461 5050 3609 5092 τινος
3656 5028 3790 5086 κατά

2135 5145 2318 5194 τινος,
2377 5120 2542 5198 ἤγουν
2601 5121 2664 5175 τὸ
2721 5119 3096 5198 ἀποφήνασθαι
3155 5119 3246 5173 καὶ
3303 5119 3468 5174 εἰπεῖν
3505 5165 3520 5190 ,
3575 5119 3629 5174 τί
3686 5139 3791 5174 τινι

2141 5214 2396 5289 ὑπάρχει.
2447 5210 2742 5289 Ἀπόφασις
2775 5207 2833 5264 δέ
2869 5208 3008 5264 ἐστιν
3062 5203 3361 5286 ἀπόφανσὶς
3408 5228 3572 5280 τινος,
3622 5205 3788 5286 ἤγουν

2136 5303 2200 5359 τὸ
2229 5303 2628 5378 ἀποφήνασθαι,
2653 5299 2707 5355 τί
2732 5321 2838 5354 τινι
2870 5298 2980 5374 οὐχ
3006 5298 3261 5374 ὑπάρχει.

2213 5397 2272 5462 ζ’.
2301 5395 2476 5445 Ταῦτα
2505 5386 2564 5444 δὲ
2592 5391 2837 5443 ποιοῦσιν
2869 5385 3166 5464 ἀντίφασιν.

2210 5500 2283 5569 η’.
2319 5495 2545 5572 Εἴρηται
2591 5493 2638 5550 δ’
2685 5492 2987 5573 ἀντίφασις,
3036 5492 3145 5550 ἀπὸ
3187 5496 3285 5550 τοῦ
3335 5492 3405 5547 τὰ
3433 5489 3603 5569 μόρια
3636 5488 3784 5570 ἔχειν

2140 5587 2413 5658 ἀλλήλοις
2443 5583 2836 5663 ἀντιφάσκοντα
2879 5583 3015 5642 κατὰ
3057 5584 3123 5639 τὸ
3170 5581 3373 5653 auan
3415 5580 3508 5638 καὶ
3551 5581 3616 5638 τὸ
3643 5585 3789 5657 Meﬁ-

2144 5677 2235 5740 ὃος
2267 5721 2282 5735 .
2339 5677 2489 5731 Ἐστι
2554 5675 2655 5750 γὰρ
2733 5673 3012 5750 ἀντίφασις
3073 5673 3227 5748 μάχη
3286 5668 3633 5750 καταφάσεως
3691 5670 3786 5727 καὶ

2143 5767 2462 5846 ἀποφάσεως
2507 5768 2616 5819 τῶν
2661 5765 2796 5819 κατὰ
2842 5763 2903 5817 τὸ
2956 5761 3158 5834 ἀληθὶς
3201 5761 3288 5816 κσὶ
3330 5762 3394 5817 τὸ
3438 5757 3639 5837 ψεῦδος
3693 5761 3784 5817 ἀν-
