  <div class='ocr_page' id='page_1' title='image "/cluster/home/n/w/nwhite01/storage/ocr_20150623/142/mdp.39015078384792/456.png"; bbox 0 0 4108 6434; ppageno 0'>
   <div class='ocr_carea' id='block_1_1' title="bbox 310 434 427 496">
    <p class='ocr_par' dir='ltr' id='par_1_1' title="bbox 310 434 427 496">
     <span class='ocr_line' id='line_1_1' title="bbox 310 434 427 496; baseline 0.017 -2"><span class='ocrx_word' id='word_1_1' title='bbox 310 434 427 496; x_wconf 82' lang='grc' dir='ltr'>89¹¹ἱ</span> 
     </span>
    </p>
   </div>
   <div class='ocr_carea' id='block_1_2' title="bbox 1669 428 2369 497">
    <p class='ocr_par' dir='ltr' id='par_1_2' title="bbox 1669 428 2369 497">
     <span class='ocr_line' id='line_1_2' title="bbox 1669 428 2369 497; baseline -0.007 0"><span class='ocrx_word' id='word_1_2' title='bbox 1669 432 2018 497; x_wconf 82' lang='lat' dir='ltr'>EPITOME</span> <span class='ocrx_word' id='word_1_3' title='bbox 2060 428 2369 495; x_wconf 86' lang='lat' dir='ltr'>LOGICA.</span> 
     </span>
    </p>
   </div>
   <div class='ocr_carea' id='block_1_3' title="bbox 3598 440 3718 501">
    <p class='ocr_par' dir='ltr' id='par_1_3' title="bbox 3598 440 3718 501">
     <span class='ocr_line' id='line_1_3' title="bbox 3598 440 3718 501; baseline 0.042 -5"><span class='ocrx_word' id='word_1_4' title='bbox 3598 440 3718 501; x_wconf 87' lang='lat'>898</span> 
     </span>
    </p>
   </div>
   <div class='ocr_carea' id='block_1_4' title="bbox 310 564 1974 644">
    <p class='ocr_par' dir='ltr' id='par_1_4' title="bbox 310 564 1960 644">
     <span class='ocr_line' id='line_1_4' title="bbox 310 564 1960 644; baseline -0.001 -23"><span class='ocrx_word' id='word_1_5' title='bbox 310 565 630 639; x_wconf 76' lang='grc' dir='ltr'>τικειμένων</span> <span class='ocrx_word' id='word_1_6' title='bbox 678 570 758 637; x_wconf 81' lang='grc' dir='ltr'>τῷ</span> <span class='ocrx_word' id='word_1_7' title='bbox 794 564 941 638; x_wconf 76' lang='grc' dir='ltr'>αὐτῷ</span> <span class='ocrx_word' id='word_1_8' title='bbox 984 587 1043 622; x_wconf 86' lang='grc' dir='ltr'>τε</span> <span class='ocrx_word' id='word_1_9' title='bbox 1094 566 1436 641; x_wconf 77' lang='grc' dir='ltr'>ὑποκειμένῳ</span> <span class='ocrx_word' id='word_1_10' title='bbox 1484 565 1811 644; x_wconf 72' lang='grc' dir='ltr'>χρωμένων,</span> <span class='ocrx_word' id='word_1_11' title='bbox 1869 565 1960 620; x_wconf 84' lang='grc' dir='ltr'>καὶ</span> 
     </span>
    </p>
   </div>
   <div class='ocr_carea' id='block_1_5' title="bbox 2094 564 3719 644">
    <p class='ocr_par' dir='ltr' id='par_1_5' title="bbox 2094 567 3719 640">
     <span class='ocr_line' id='line_1_5' title="bbox 2094 567 3719 640; baseline 0.003 -19"><span class='ocrx_word' id='word_1_12' title='bbox 2094 568 2453 637; x_wconf 70' lang='lat' dir='ltr'>ipponuntur</span> <span class='ocrx_word' id='word_1_13' title='bbox 2505 571 2564 623; x_wconf 90' lang='lat' dir='ltr'>et</span> <span class='ocrx_word' id='word_1_14' title='bbox 2628 568 2833 624; x_wconf 89' lang='lat' dir='ltr'>eodem</span> <span class='ocrx_word' id='word_1_15' title='bbox 2889 567 3153 638; x_wconf 86' lang='lat' dir='ltr'>subjecto</span> <span class='ocrx_word' id='word_1_16' title='bbox 3214 572 3476 640; x_wconf 87' lang='lat' dir='ltr'>utuntur,</span> <span class='ocrx_word' id='word_1_17' title='bbox 3534 573 3591 625; x_wconf 90' lang='lat' dir='ltr'>et</span> <span class='ocrx_word' id='word_1_18' title='bbox 3645 570 3719 626; x_wconf 89' lang='lat' dir='ltr'>de</span> 
     </span>
    </p>
   </div>
   <div class='ocr_carea' id='block_1_6' title="bbox 312 654 1960 734">
    <p class='ocr_par' dir='ltr' id='par_1_6' title="bbox 312 654 1960 734">
     <span class='ocr_line' id='line_1_6' title="bbox 312 654 1960 734; baseline 0.001 -24"><span class='ocrx_word' id='word_1_19' title='bbox 312 655 402 710; x_wconf 82' lang='grc' dir='ltr'>τὸν</span> <span class='ocrx_word' id='word_1_20' title='bbox 473 654 631 709; x_wconf 72' lang='grc' dir='ltr'>αὐτὸν</span> <span class='ocrx_word' id='word_1_21' title='bbox 707 654 1183 732; x_wconf 81' lang='grc' dir='ltr'>κατηγορούμενον</span> <span class='ocrx_word' id='word_1_22' title='bbox 1259 657 1424 713; x_wconf 78' lang='grc' dir='ltr'>αὐτοῦ</span> <span class='ocrx_word' id='word_1_23' title='bbox 1493 659 1909 734; x_wconf 89' lang='grc' dir='ltr'>κατηγορουσῶν</span> <span class='ocrx_word' id='word_1_24' title='bbox 1947 699 1960 711; x_wconf 91' lang='grc'><strong>.</strong></span> 
     </span>
    </p>
   </div>
   <div class='ocr_carea' id='block_1_7' title="bbox 322 742 1961 819">
    <p class='ocr_par' dir='ltr' id='par_1_7' title="bbox 322 742 1961 819">
     <span class='ocr_line' id='line_1_7' title="bbox 322 742 1961 819; baseline 0 -21"><span class='ocrx_word' id='word_1_25' title='bbox 322 745 463 817; x_wconf 78' lang='grc' dir='ltr'>μήτε</span> <span class='ocrx_word' id='word_1_26' title='bbox 515 744 634 798; x_wconf 90' lang='grc' dir='ltr'>καθ’</span> <span class='ocrx_word' id='word_1_27' title='bbox 692 744 1036 818; x_wconf 79' lang='grc' dir='ltr'>ὁμωνυμίαν,</span> <span class='ocrx_word' id='word_1_28' title='bbox 1097 747 1237 819; x_wconf 82' lang='grc' dir='ltr'>μήτε</span> <span class='ocrx_word' id='word_1_29' title='bbox 1289 745 1425 803; x_wconf 84' lang='grc' dir='ltr'>κατά</span> <span class='ocrx_word' id='word_1_30' title='bbox 1478 767 1530 801; x_wconf 92' lang='grc' dir='ltr'>τι</span> <span class='ocrx_word' id='word_1_31' title='bbox 1587 749 1696 801; x_wconf 88' lang='grc' dir='ltr'>τῶν</span> <span class='ocrx_word' id='word_1_32' title='bbox 1752 742 1961 815; x_wconf 76' lang='grc' dir='ltr'>ἄλλων,</span> 
     </span>
    </p>
   </div>
   <div class='ocr_carea' id='block_1_8' title="bbox 315 830 1966 915">
    <p class='ocr_par' dir='ltr' id='par_1_8' title="bbox 315 830 1966 915">
     <span class='ocr_line' id='line_1_8' title="bbox 315 830 1966 915; baseline 0 -28"><span class='ocrx_word' id='word_1_33' title='bbox 315 831 416 888; x_wconf 77' lang='grc' dir='ltr'>ὅσα</span> <span class='ocrx_word' id='word_1_34' title='bbox 446 832 583 910; x_wconf 86' lang='grc' dir='ltr'>πρὸς</span> <span class='ocrx_word' id='word_1_35' title='bbox 609 833 705 895; x_wconf 82' lang='grc' dir='ltr'>τάς</span> <span class='ocrx_word' id='word_1_36' title='bbox 752 831 1079 910; x_wconf 67' lang='grc' dir='ltr'>ένοχλῆσεις</span> <span class='ocrx_word' id='word_1_37' title='bbox 1116 839 1225 891; x_wconf 90' lang='grc' dir='ltr'>τῶν</span> <span class='ocrx_word' id='word_1_38' title='bbox 1272 840 1539 915; x_wconf 87' lang='grc' dir='ltr'>σοφιστῶν</span> <span class='ocrx_word' id='word_1_39' title='bbox 1590 830 1966 911; x_wconf 84' lang='grc' dir='ltr'>προσδιοριζό-</span> 
     </span>
    </p>
   </div>
   <div class='ocr_carea' id='block_1_9' title="bbox 319 922 476 997">
    <p class='ocr_par' dir='ltr' id='par_1_9' title="bbox 319 922 476 997">
     <span class='ocr_line' id='line_1_9' title="bbox 319 922 476 997; baseline 0.019 -21"><span class='ocrx_word' id='word_1_40' title='bbox 319 922 476 997; x_wconf 76' lang='grc' dir='ltr'>μεθα.</span> 
     </span>
    </p>
   </div>
   <div class='ocr_carea' id='block_1_10' title="bbox 387 1009 1965 1091">
    <p class='ocr_par' dir='ltr' id='par_1_10' title="bbox 387 1009 1965 1091">
     <span class='ocr_line' id='line_1_10' title="bbox 387 1009 1965 1091; baseline 0 -25"><span class='ocrx_word' id='word_1_41' title='bbox 387 1012 450 1067; x_wconf 81' lang='grc' dir='ltr'>θ’.</span> <span class='ocrx_word' id='word_1_42' title='bbox 508 1012 802 1088; x_wconf 84' lang='grc' dir='ltr'>Τετραχῶς</span> <span class='ocrx_word' id='word_1_43' title='bbox 872 1009 930 1068; x_wconf 72' lang='grc' dir='ltr'>δὲ</span> <span class='ocrx_word' id='word_1_44' title='bbox 981 1016 1388 1089; x_wconf 75' lang='grc' dir='ltr'>,προαγομένης</span> <span class='ocrx_word' id='word_1_45' title='bbox 1443 1019 1544 1085; x_wconf 79' lang='grc' dir='ltr'>τῆς</span> <span class='ocrx_word' id='word_1_46' title='bbox 1613 1012 1965 1091; x_wconf 78' lang='grc' dir='ltr'>ἀποφάνσεως</span> 
     </span>
    </p>
   </div>
   <div class='ocr_carea' id='block_1_11' title="bbox 316 1096 1963 1181">
    <p class='ocr_par' dir='ltr' id='par_1_11' title="bbox 316 1096 1963 1181">
     <span class='ocr_line' id='line_1_11' title="bbox 316 1096 1963 1181; baseline -0.01 -10"><span class='ocrx_word' id='word_1_47' title='bbox 316 1096 375 1175; x_wconf 64' lang='grc' dir='ltr'>(ἤ</span> <span class='ocrx_word' id='word_1_48' title='bbox 404 1101 509 1178; x_wconf 77' lang='grc' dir='ltr'>γὰρ</span> <span class='ocrx_word' id='word_1_49' title='bbox 536 1100 602 1155; x_wconf 70' lang='grc' dir='ltr'>τὸ</span> <span class='ocrx_word' id='word_1_50' title='bbox 632 1100 877 1178; x_wconf 75' lang='grc' dir='ltr'>ὑπάρχον</span> <span class='ocrx_word' id='word_1_51' title='bbox 928 1101 1005 1164; x_wconf 79' lang='grc' dir='ltr'>ὡς</span> <span class='ocrx_word' id='word_1_52' title='bbox 1062 1103 1136 1177; x_wconf 76' lang='grc' dir='ltr'>μὴ</span> <span class='ocrx_word' id='word_1_53' title='bbox 1190 1102 1437 1179; x_wconf 78' lang='grc' dir='ltr'>ὑπάρχον</span> <span class='ocrx_word' id='word_1_54' title='bbox 1483 1101 1832 1181; x_wconf 76' lang='grc' dir='ltr'>ἀποφαίνεταί</span> <span class='ocrx_word' id='word_1_55' title='bbox 1858 1121 1963 1172; x_wconf 86' lang='grc' dir='ltr'>τις,</span> 
     </span>
    </p>
   </div>
   <div class='ocr_carea' id='block_1_12' title="bbox 317 1189 1962 1267">
    <p class='ocr_par' dir='ltr' id='par_1_12' title="bbox 317 1189 1962 1267">
     <span class='ocr_line' id='line_1_12' title="bbox 317 1189 1962 1267; baseline -0.001 -22"><span class='ocrx_word' id='word_1_56' title='bbox 317 1191 454 1263; x_wconf 77' lang='grc' dir='ltr'>οἷον,</span> <span class='ocrx_word' id='word_1_57' title='bbox 511 1189 584 1244; x_wconf 84' lang='grc' dir='ltr'>Τὸ</span> <span class='ocrx_word' id='word_1_58' title='bbox 633 1191 956 1266; x_wconf 77' lang='grc' dir='ltr'>ἁμαρτάνειν</span> <span class='ocrx_word' id='word_1_59' title='bbox 1015 1190 1116 1246; x_wconf 78' lang='grc' dir='ltr'>οὐκ</span> <span class='ocrx_word' id='word_1_60' title='bbox 1171 1190 1280 1247; x_wconf 78' lang='grc' dir='ltr'>ἔστι</span> <span class='ocrx_word' id='word_1_61' title='bbox 1330 1192 1515 1248; x_wconf 77' lang='grc' dir='ltr'>κακόνο</span> <span class='ocrx_word' id='word_1_62' title='bbox 1547 1189 1584 1262; x_wconf 73' lang='grc' dir='ltr'>ἤ</span> <span class='ocrx_word' id='word_1_63' title='bbox 1622 1192 1686 1247; x_wconf 87' lang='grc' dir='ltr'>τὸ</span> <span class='ocrx_word' id='word_1_64' title='bbox 1718 1191 1962 1267; x_wconf 80' lang='grc' dir='ltr'>ὑπάρχον</span> 
     </span>
    </p>
   </div>
   <div class='ocr_carea' id='block_1_13' title="bbox 316 1277 1966 1355">
    <p class='ocr_par' dir='ltr' id='par_1_13' title="bbox 316 1277 1966 1355">
     <span class='ocr_line' id='line_1_13' title="bbox 316 1277 1966 1355; baseline 0 -21"><span class='ocrx_word' id='word_1_65' title='bbox 316 1278 392 1341; x_wconf 81' lang='grc' dir='ltr'>ὡς</span> <span class='ocrx_word' id='word_1_66' title='bbox 425 1279 696 1355; x_wconf 83' lang='grc' dir='ltr'>ὑπάρχον,</span> <span class='ocrx_word' id='word_1_67' title='bbox 756 1281 890 1351; x_wconf 81' lang='grc' dir='ltr'>οἷον,</span> <span class='ocrx_word' id='word_1_68' title='bbox 935 1281 1008 1334; x_wconf 90' lang='grc' dir='ltr'>Τὸ</span> <span class='ocrx_word' id='word_1_69' title='bbox 1059 1280 1380 1355; x_wconf 71' lang='grc' dir='ltr'>ἁμαρτάνειν</span> <span class='ocrx_word' id='word_1_70' title='bbox 1429 1280 1591 1337; x_wconf 85' lang='grc' dir='ltr'>κακόν</span> <span class='ocrx_word' id='word_1_71' title='bbox 1639 1281 1802 1336; x_wconf 77' lang='grc' dir='ltr'>ἐστιν·</span> <span class='ocrx_word' id='word_1_72' title='bbox 1834 1277 1870 1348; x_wconf 75' lang='grc' dir='ltr'>ἤ</span> <span class='ocrx_word' id='word_1_73' title='bbox 1900 1279 1966 1334; x_wconf 80' lang='grc' dir='ltr'>τὸ</span> 
     </span>
    </p>
   </div>
   <div class='ocr_carea' id='block_1_14' title="bbox 322 1367 1965 1446">
    <p class='ocr_par' dir='ltr' id='par_1_14' title="bbox 322 1367 1965 1446">
     <span class='ocr_line' id='line_1_14' title="bbox 322 1367 1965 1446; baseline 0.001 -23"><span class='ocrx_word' id='word_1_74' title='bbox 322 1369 398 1440; x_wconf 71' lang='grc' dir='ltr'>μὴ</span> <span class='ocrx_word' id='word_1_75' title='bbox 433 1367 680 1444; x_wconf 81' lang='grc' dir='ltr'>ὑπάρχον</span> <span class='ocrx_word' id='word_1_76' title='bbox 711 1368 786 1430; x_wconf 82' lang='grc' dir='ltr'>ὡς</span> <span class='ocrx_word' id='word_1_77' title='bbox 840 1367 1109 1445; x_wconf 78' lang='grc' dir='ltr'>ὑπάρχον,</span> <span class='ocrx_word' id='word_1_78' title='bbox 1159 1372 1297 1443; x_wconf 80' lang='grc' dir='ltr'>οἷον,</span> <span class='ocrx_word' id='word_1_79' title='bbox 1346 1370 1418 1426; x_wconf 86' lang='grc' dir='ltr'>Τὸ</span> <span class='ocrx_word' id='word_1_80' title='bbox 1465 1370 1789 1446; x_wconf 82' lang='grc' dir='ltr'>ἁμαρτάνειν</span> <span class='ocrx_word' id='word_1_81' title='bbox 1830 1368 1965 1442; x_wconf 86' lang='grc' dir='ltr'>ἀγα-</span> 
     </span>
    </p>
   </div>
   <div class='ocr_carea' id='block_1_15' title="bbox 319 1453 1964 1535">
    <p class='ocr_par' dir='ltr' id='par_1_15' title="bbox 319 1453 1964 1535">
     <span class='ocr_line' id='line_1_15' title="bbox 319 1453 1964 1535; baseline 0.001 -25"><span class='ocrx_word' id='word_1_82' title='bbox 319 1456 413 1512; x_wconf 81' lang='grc' dir='ltr'>θόν</span> <span class='ocrx_word' id='word_1_83' title='bbox 462 1455 622 1513; x_wconf 75' lang='grc' dir='ltr'>ἐστιν·</span> <span class='ocrx_word' id='word_1_84' title='bbox 648 1453 686 1526; x_wconf 82' lang='grc' dir='ltr'>ἤ</span> <span class='ocrx_word' id='word_1_85' title='bbox 724 1457 791 1512; x_wconf 85' lang='grc' dir='ltr'>τὸ</span> <span class='ocrx_word' id='word_1_86' title='bbox 841 1458 917 1530; x_wconf 85' lang='grc' dir='ltr'>μὴ</span> <span class='ocrx_word' id='word_1_87' title='bbox 964 1458 1211 1535; x_wconf 80' lang='grc' dir='ltr'>ὑπάρχον</span> <span class='ocrx_word' id='word_1_88' title='bbox 1262 1460 1339 1522; x_wconf 82' lang='grc' dir='ltr'>ὡς</span> <span class='ocrx_word' id='word_1_89' title='bbox 1391 1459 1468 1533; x_wconf 80' lang='grc' dir='ltr'>μὴ</span> <span class='ocrx_word' id='word_1_90' title='bbox 1518 1457 1786 1535; x_wconf 84' lang='grc' dir='ltr'>ὑπάρχον,</span> <span class='ocrx_word' id='word_1_91' title='bbox 1826 1459 1964 1527; x_wconf 80' lang='grc' dir='ltr'>οἷον,</span> 
     </span>
    </p>
   </div>
   <div class='ocr_carea' id='block_1_16' title="bbox 317 1542 1967 1622">
    <p class='ocr_par' dir='ltr' id='par_1_16' title="bbox 317 1542 1967 1622">
     <span class='ocr_line' id='line_1_16' title="bbox 317 1542 1967 1622; baseline 0.001 -23"><span class='ocrx_word' id='word_1_92' title='bbox 317 1545 387 1600; x_wconf 89' lang='grc' dir='ltr'>Τὸ</span> <span class='ocrx_word' id='word_1_93' title='bbox 444 1544 766 1621; x_wconf 81' lang='grc' dir='ltr'>ἁμαρτάνειν</span> <span class='ocrx_word' id='word_1_94' title='bbox 834 1545 934 1601; x_wconf 82' lang='grc' dir='ltr'>οὐκ</span> <span class='ocrx_word' id='word_1_95' title='bbox 987 1542 1127 1602; x_wconf 84' lang='grc' dir='ltr'>ἔστιν</span> <span class='ocrx_word' id='word_1_96' title='bbox 1183 1547 1404 1622; x_wconf 84' lang='grc' dir='ltr'>ἀγαθὸν)</span> <span class='ocrx_word' id='word_1_97' title='bbox 1437 1592 1451 1619; x_wconf 85' lang='grc'>,</span> <span class='ocrx_word' id='word_1_98' title='bbox 1509 1546 1745 1611; x_wconf 75' lang='grc' dir='ltr'>ἐντεῦθεν</span> <span class='ocrx_word' id='word_1_99' title='bbox 1822 1546 1967 1601; x_wconf 81' lang='grc' dir='ltr'>ἀντι-</span> 
     </span>
    </p>
   </div>
   <div class='ocr_carea' id='block_1_17' title="bbox 319 1631 1966 1714">
    <p class='ocr_par' dir='ltr' id='par_1_17' title="bbox 319 1631 1966 1714">
     <span class='ocr_line' id='line_1_17' title="bbox 319 1631 1966 1714; baseline 0 -26"><span class='ocrx_word' id='word_1_100' title='bbox 319 1632 488 1695; x_wconf 86' lang='grc' dir='ltr'>θέσεις</span> <span class='ocrx_word' id='word_1_101' title='bbox 518 1632 759 1709; x_wconf 79' lang='grc' dir='ltr'>γίνονται</span> <span class='ocrx_word' id='word_1_102' title='bbox 789 1631 911 1688; x_wconf 82' lang='grc' dir='ltr'>δύο·</span> <span class='ocrx_word' id='word_1_103' title='bbox 950 1634 1047 1708; x_wconf 78' lang='grc' dir='ltr'>μία</span> <span class='ocrx_word' id='word_1_104' title='bbox 1078 1636 1173 1708; x_wconf 79' lang='grc' dir='ltr'>μὲν</span> <span class='ocrx_word' id='word_1_105' title='bbox 1204 1633 1432 1710; x_wconf 76' lang='grc' dir='ltr'>ψευδοῦς</span> <span class='ocrx_word' id='word_1_106' title='bbox 1461 1634 1782 1714; x_wconf 78' lang='grc' dir='ltr'>ἀποφάσεως</span> <span class='ocrx_word' id='word_1_107' title='bbox 1826 1634 1966 1712; x_wconf 90' lang='grc' dir='ltr'>πρὸς</span> 
     </span>
    </p>
   </div>
   <div class='ocr_carea' id='block_1_18' title="bbox 318 1719 1968 1803">
    <p class='ocr_par' dir='ltr' id='par_1_18' title="bbox 318 1719 1968 1803">
     <span class='ocr_line' id='line_1_18' title="bbox 318 1719 1968 1803; baseline 0.001 -26"><span class='ocrx_word' id='word_1_108' title='bbox 318 1719 500 1793; x_wconf 80' lang='grc' dir='ltr'>ἀληθῆ</span> <span class='ocrx_word' id='word_1_109' title='bbox 530 1723 848 1801; x_wconf 74' lang='grc' dir='ltr'>κατάφασιν·</span> <span class='ocrx_word' id='word_1_110' title='bbox 900 1724 1054 1800; x_wconf 69' lang='grc' dir='ltr'>ἑτέρα</span> <span class='ocrx_word' id='word_1_111' title='bbox 1102 1721 1158 1779; x_wconf 76' lang='grc' dir='ltr'>δὲ</span> <span class='ocrx_word' id='word_1_112' title='bbox 1196 1727 1543 1803; x_wconf 75' lang='grc' dir='ltr'>καταφάσεως</span> <span class='ocrx_word' id='word_1_113' title='bbox 1575 1721 1804 1799; x_wconf 80' lang='grc' dir='ltr'>ψευδοῦς</span> <span class='ocrx_word' id='word_1_114' title='bbox 1832 1724 1968 1799; x_wconf 85' lang='grc' dir='ltr'>πρὸς</span> 
     </span>
    </p>
   </div>
   <div class='ocr_carea' id='block_1_19' title="bbox 321 1806 1968 1889">
    <p class='ocr_par' dir='ltr' id='par_1_19' title="bbox 321 1806 1968 1889">
     <span class='ocr_line' id='line_1_19' title="bbox 321 1806 1968 1889; baseline 0.001 -23"><span class='ocrx_word' id='word_1_115' title='bbox 321 1806 588 1889; x_wconf 80' lang='grc' dir='ltr'>ἀπόφασιν</span> <span class='ocrx_word' id='word_1_116' title='bbox 614 1810 821 1881; x_wconf 82' lang='grc' dir='ltr'>ἀληθῆ.</span> <span class='ocrx_word' id='word_1_117' title='bbox 850 1812 951 1867; x_wconf 85' lang='grc' dir='ltr'>Καὶ</span> <span class='ocrx_word' id='word_1_118' title='bbox 996 1814 1142 1889; x_wconf 84' lang='grc' dir='ltr'>παρὰ</span> <span class='ocrx_word' id='word_1_119' title='bbox 1188 1812 1384 1878; x_wconf 85' lang='grc' dir='ltr'>ταύτας</span> <span class='ocrx_word' id='word_1_120' title='bbox 1413 1815 1509 1877; x_wconf 81' lang='grc' dir='ltr'>τάς</span> <span class='ocrx_word' id='word_1_121' title='bbox 1555 1812 1650 1869; x_wconf 85' lang='grc' dir='ltr'>δύο</span> <span class='ocrx_word' id='word_1_122' title='bbox 1680 1813 1968 1874; x_wconf 70' lang='grc' dir='ltr'>ἀντιθέσεις</span> 
     </span>
    </p>
   </div>
   <div class='ocr_carea' id='block_1_20' title="bbox 319 1898 1284 1980">
    <p class='ocr_par' dir='ltr' id='par_1_20' title="bbox 319 1898 1284 1980">
     <span class='ocr_line' id='line_1_20' title="bbox 319 1898 1284 1980; baseline 0.003 -24"><span class='ocrx_word' id='word_1_123' title='bbox 319 1898 434 1956; x_wconf 71' lang='grc' dir='ltr'>οὐδ’</span> <span class='ocrx_word' id='word_1_124' title='bbox 464 1899 747 1971; x_wconf 71' lang='grc' dir='ltr'>ἐπινοῆσαι</span> <span class='ocrx_word' id='word_1_125' title='bbox 778 1899 954 1973; x_wconf 74' lang='grc' dir='ltr'>ἄλλην</span> <span class='ocrx_word' id='word_1_126' title='bbox 987 1898 1284 1980; x_wconf 75' lang='grc' dir='ltr'>ἐνδέχεται.</span> 
     </span>
    </p>
   </div>
   <div class='ocr_carea' id='block_1_21' title="bbox 395 1988 1965 2088">
    <p class='ocr_par' dir='ltr' id='par_1_21' title="bbox 395 1988 1965 2088">
     <span class='ocr_line' id='line_1_21' title="bbox 395 1988 1965 2088; baseline 0.002 -27"><span class='ocrx_word' id='word_1_127' title='bbox 395 1988 658 2065; x_wconf 46' lang='lat' dir='ltr'>(ﬁnem</span> <span class='ocrx_word' id='word_1_128' title='bbox 704 2005 764 2062; x_wconf 74' lang='grc' dir='ltr'>δὲ</span> <span class='ocrx_word' id='word_1_129' title='bbox 810 2009 1108 2087; x_wconf 78' lang='grc' dir='ltr'>κατάφασις</span> <span class='ocrx_word' id='word_1_130' title='bbox 1164 2007 1326 2087; x_wconf 92' lang='grc' dir='ltr'>λόγος</span> <span class='ocrx_word' id='word_1_131' title='bbox 1383 2008 1524 2064; x_wconf 75' lang='grc' dir='ltr'>ἐστὶν</span> <span class='ocrx_word' id='word_1_132' title='bbox 1580 2008 1965 2088; x_wconf 83' lang='grc' dir='ltr'>ἆποφαντικός·</span> 
     </span>
    </p>
   </div>
   <div class='ocr_carea' id='block_1_22' title="bbox 319 2096 1969 2177">
    <p class='ocr_par' dir='ltr' id='par_1_22' title="bbox 319 2096 1969 2177">
     <span class='ocr_line' id='line_1_22' title="bbox 319 2096 1969 2177; baseline 0.001 -26"><span class='ocrx_word' id='word_1_133' title='bbox 319 2096 579 2159; x_wconf 85' lang='grc' dir='ltr'>ὡσαύτως</span> <span class='ocrx_word' id='word_1_134' title='bbox 616 2096 707 2151; x_wconf 79' lang='grc' dir='ltr'>καὶ</span> <span class='ocrx_word' id='word_1_135' title='bbox 755 2101 902 2153; x_wconf 82' lang='grc' dir='ltr'>πᾶσα</span> <span class='ocrx_word' id='word_1_136' title='bbox 955 2097 1220 2177; x_wconf 82' lang='grc' dir='ltr'>ἀπόφασις</span> <span class='ocrx_word' id='word_1_137' title='bbox 1253 2140 1266 2153; x_wconf 91' lang='grc'><strong>.</strong></span> <span class='ocrx_word' id='word_1_138' title='bbox 1329 2098 1713 2173; x_wconf 86' lang='grc' dir='ltr'>Ὀνομάζονται</span> <span class='ocrx_word' id='word_1_139' title='bbox 1774 2096 1832 2154; x_wconf 78' lang='grc' dir='ltr'>δέ</span> <span class='ocrx_word' id='word_1_140' title='bbox 1879 2098 1969 2153; x_wconf 82' lang='grc' dir='ltr'>καὶ</span> 
     </span>
    </p>
   </div>
   <div class='ocr_carea' id='block_1_23' title="bbox 321 2184 1970 2265">
    <p class='ocr_par' dir='ltr' id='par_1_23' title="bbox 321 2184 1970 2265">
     <span class='ocr_line' id='line_1_23' title="bbox 321 2184 1970 2265; baseline 0.001 -25"><span class='ocrx_word' id='word_1_141' title='bbox 321 2187 489 2264; x_wconf 81' lang='grc' dir='ltr'>ἄμφω</span> <span class='ocrx_word' id='word_1_142' title='bbox 516 2184 828 2262; x_wconf 82' lang='grc' dir='ltr'>προτάσεις,</span> <span class='ocrx_word' id='word_1_143' title='bbox 874 2187 948 2249; x_wconf 87' lang='grc' dir='ltr'>ὡς</span> <span class='ocrx_word' id='word_1_144' title='bbox 995 2187 1097 2243; x_wconf 85' lang='grc' dir='ltr'>ὑπὸ</span> <span class='ocrx_word' id='word_1_145' title='bbox 1142 2190 1251 2242; x_wconf 87' lang='grc' dir='ltr'>τῶν</span> <span class='ocrx_word' id='word_1_146' title='bbox 1296 2185 1719 2265; x_wconf 82' lang='grc' dir='ltr'>συλλογίσασθαι</span> <span class='ocrx_word' id='word_1_147' title='bbox 1766 2186 1970 2262; x_wconf 86' lang='grc' dir='ltr'>βουλο-</span> 
     </span>
    </p>
   </div>
   <div class='ocr_carea' id='block_1_24' title="bbox 326 2274 1696 2353">
    <p class='ocr_par' dir='ltr' id='par_1_24' title="bbox 326 2274 1696 2353">
     <span class='ocr_line' id='line_1_24' title="bbox 326 2274 1696 2353; baseline 0.004 -24"><span class='ocrx_word' id='word_1_148' title='bbox 326 2274 503 2348; x_wconf 76' lang='grc' dir='ltr'>μένων</span> <span class='ocrx_word' id='word_1_149' title='bbox 528 2274 948 2353; x_wconf 87' lang='grc' dir='ltr'>προτεινόμεναι</span> <span class='ocrx_word' id='word_1_150' title='bbox 976 2282 1095 2339; x_wconf 84' lang='grc' dir='ltr'>τοῖς</span> <span class='ocrx_word' id='word_1_151' title='bbox 1123 2283 1330 2340; x_wconf 89' lang='grc' dir='ltr'>κοινοῖς</span> <span class='ocrx_word' id='word_1_152' title='bbox 1358 2281 1464 2333; x_wconf 87' lang='grc' dir='ltr'>τῶν</span> <span class='ocrx_word' id='word_1_153' title='bbox 1486 2276 1696 2353; x_wconf 88' lang='grc' dir='ltr'>λόγων.</span> 
     </span>
    </p>
   </div>
   <div class='ocr_carea' id='block_1_25' title="bbox 401 2449 1971 2534">
    <p class='ocr_par' dir='ltr' id='par_1_25' title="bbox 401 2449 1971 2534">
     <span class='ocr_line' id='line_1_25' title="bbox 401 2449 1971 2534; baseline -0.001 -26"><span class='ocrx_word' id='word_1_154' title='bbox 401 2455 485 2509; x_wconf 88' lang='grc' dir='ltr'>ια’.</span> <span class='ocrx_word' id='word_1_155' title='bbox 544 2456 698 2511; x_wconf 79' lang='grc' dir='ltr'>’Ἐστι</span> <span class='ocrx_word' id='word_1_156' title='bbox 753 2454 933 2510; x_wconf 84' lang='grc' dir='ltr'>τοίνυν</span> <span class='ocrx_word' id='word_1_157' title='bbox 988 2454 1249 2532; x_wconf 88' lang='grc' dir='ltr'>πρότασις</span> <span class='ocrx_word' id='word_1_158' title='bbox 1303 2454 1465 2533; x_wconf 85' lang='grc' dir='ltr'>Λόγος</span> <span class='ocrx_word' id='word_1_159' title='bbox 1518 2454 1904 2534; x_wconf 77' lang='grc' dir='ltr'>ἀποφαντικὸς,</span> 
     </span>
    </p>
   </div>
   <div class='ocr_carea' id='block_1_26' title="bbox 320 2540 1972 2618">
    <p class='ocr_par' dir='ltr' id='par_1_26' title="bbox 320 2540 1972 2618">
     <span class='ocr_line' id='line_1_26' title="bbox 320 2540 1972 2618; baseline -0.001 -21"><span class='ocrx_word' id='word_1_160' title='bbox 320 2562 472 2606; x_wconf 88' lang='grc' dir='ltr'>τινος</span> <span class='ocrx_word' id='word_1_161' title='bbox 501 2541 637 2598; x_wconf 88' lang='grc' dir='ltr'>κατά</span> <span class='ocrx_word' id='word_1_162' title='bbox 662 2563 807 2605; x_wconf 89' lang='grc' dir='ltr'>τινος</span> <span class='ocrx_word' id='word_1_163' title='bbox 833 2540 872 2612; x_wconf 74' lang='grc' dir='ltr'><strong>ἤ</strong></span> <span class='ocrx_word' id='word_1_164' title='bbox 899 2564 1046 2607; x_wconf 88' lang='grc' dir='ltr'>τινος</span> <span class='ocrx_word' id='word_1_165' title='bbox 1076 2543 1181 2598; x_wconf 86' lang='grc' dir='ltr'>ἆπό</span> <span class='ocrx_word' id='word_1_166' title='bbox 1227 2565 1392 2607; x_wconf 89' lang='grc' dir='ltr'>τινος.</span> <span class='ocrx_word' id='word_1_167' title='bbox 1444 2544 1544 2599; x_wconf 85' lang='grc' dir='ltr'>Καὶ</span> <span class='ocrx_word' id='word_1_168' title='bbox 1575 2540 1783 2605; x_wconf 54' lang='grc' dir='ltr'>ἄλλως</span> <span class='ocrx_word' id='word_1_169' title='bbox 1831 2540 1972 2618; x_wconf 90' lang='grc' dir='ltr'>Πρό-</span> 
     </span>
    </p>
   </div>
   <div class='ocr_carea' id='block_1_27' title="bbox 323 2631 1414 2712">
    <p class='ocr_par' dir='ltr' id='par_1_27' title="bbox 323 2631 1414 2712">
     <span class='ocr_line' id='line_1_27' title="bbox 323 2631 1414 2712; baseline -0.002 -23"><span class='ocrx_word' id='word_1_170' title='bbox 323 2632 476 2695; x_wconf 82' lang='grc' dir='ltr'>τασις</span> <span class='ocrx_word' id='word_1_171' title='bbox 508 2631 648 2688; x_wconf 79' lang='grc' dir='ltr'>ἐστιν</span> <span class='ocrx_word' id='word_1_172' title='bbox 677 2634 1009 2712; x_wconf 81' lang='grc' dir='ltr'>ἀντιφάσεως</span> <span class='ocrx_word' id='word_1_173' title='bbox 1043 2639 1171 2709; x_wconf 82' lang='grc' dir='ltr'>μιᾶς</span> <span class='ocrx_word' id='word_1_174' title='bbox 1205 2632 1414 2709; x_wconf 89' lang='grc' dir='ltr'>μόριον.</span> 
     </span>
    </p>
   </div>
   <div class='ocr_carea' id='block_1_28' title="bbox 404 2737 1976 2817">
    <p class='ocr_par' dir='ltr' id='par_1_28' title="bbox 404 2737 1976 2817">
     <span class='ocr_line' id='line_1_28' title="bbox 404 2737 1976 2817; baseline -0.001 -23"><span class='ocrx_word' id='word_1_175' title='bbox 404 2741 491 2817; x_wconf 87' lang='grc' dir='ltr'>ιβ’.</span> <span class='ocrx_word' id='word_1_176' title='bbox 550 2744 666 2795; x_wconf 91' lang='grc' dir='ltr'>Τῶν</span> <span class='ocrx_word' id='word_1_177' title='bbox 722 2737 780 2796; x_wconf 78' lang='grc' dir='ltr'>δὲ</span> <span class='ocrx_word' id='word_1_178' title='bbox 834 2740 1144 2817; x_wconf 89' lang='grc' dir='ltr'>προτάσεων</span> <span class='ocrx_word' id='word_1_179' title='bbox 1220 2741 1273 2796; x_wconf 87' lang='grc' dir='ltr'>αὶ</span> <span class='ocrx_word' id='word_1_180' title='bbox 1336 2741 1430 2815; x_wconf 74' lang='grc' dir='ltr'>μὶν</span> <span class='ocrx_word' id='word_1_181' title='bbox 1489 2739 1541 2810; x_wconf 74' lang='grc' dir='ltr'>ἐξ</span> <span class='ocrx_word' id='word_1_182' title='bbox 1617 2739 1976 2811; x_wconf 87' lang='grc' dir='ltr'>ὑποκειμένου</span> 
     </span>
    </p>
   </div>
   <div class='ocr_carea' id='block_1_29' title="bbox 324 2826 1974 2908">
    <p class='ocr_par' dir='ltr' id='par_1_29' title="bbox 324 2826 1974 2908">
     <span class='ocr_line' id='line_1_29' title="bbox 324 2826 1974 2908; baseline -0.001 -25"><span class='ocrx_word' id='word_1_183' title='bbox 324 2828 416 2884; x_wconf 82' lang='grc' dir='ltr'>καὶ</span> <span class='ocrx_word' id='word_1_184' title='bbox 466 2830 949 2906; x_wconf 73' lang='grc' dir='ltr'>κατηγορουμένου</span> <span class='ocrx_word' id='word_1_185' title='bbox 1008 2829 1308 2908; x_wconf 69' lang='grc' dir='ltr'>σύγκεινται</span> <span class='ocrx_word' id='word_1_186' title='bbox 1372 2828 1535 2903; x_wconf 84' lang='grc' dir='ltr'>μόνον</span> <span class='ocrx_word' id='word_1_187' title='bbox 1592 2829 1704 2903; x_wconf 80' lang='grc' dir='ltr'>(καὶ</span> <span class='ocrx_word' id='word_1_188' title='bbox 1760 2826 1974 2883; x_wconf 78' lang='grc' dir='ltr'>ὑποκεί-</span> 
     </span>
    </p>
   </div>
   <div class='ocr_carea' id='block_1_30' title="bbox 327 2916 1976 2997">
    <p class='ocr_par' dir='ltr' id='par_1_30' title="bbox 327 2916 1976 2997">
     <span class='ocr_line' id='line_1_30' title="bbox 327 2916 1976 2997; baseline -0.002 -23"><span class='ocrx_word' id='word_1_189' title='bbox 327 2939 489 2993; x_wconf 81' lang='grc' dir='ltr'>μενος</span> <span class='ocrx_word' id='word_1_190' title='bbox 531 2917 699 2995; x_wconf 77' lang='grc' dir='ltr'>[ὅρος]</span> <span class='ocrx_word' id='word_1_191' title='bbox 753 2919 863 2974; x_wconf 77' lang='grc' dir='ltr'>ἐστὶ</span> <span class='ocrx_word' id='word_1_192' title='bbox 912 2920 1036 2997; x_wconf 89' lang='grc' dir='ltr'>περὶ</span> <span class='ocrx_word' id='word_1_193' title='bbox 1086 2919 1149 2974; x_wconf 79' lang='grc' dir='ltr'>οὗ</span> <span class='ocrx_word' id='word_1_194' title='bbox 1197 2920 1226 2975; x_wconf 85' lang='grc' dir='ltr'>ὁ</span> <span class='ocrx_word' id='word_1_195' title='bbox 1265 2918 1452 2996; x_wconf 85' lang='grc' dir='ltr'>λόγος·</span> <span class='ocrx_word' id='word_1_196' title='bbox 1502 2916 1976 2995; x_wconf 75' lang='grc' dir='ltr'>κατηγορούμενος</span> 
     </span>
    </p>
   </div>
   <div class='ocr_carea' id='block_1_31' title="bbox 324 3004 1976 3084">
    <p class='ocr_par' dir='ltr' id='par_1_31' title="bbox 324 3004 1976 3084">
     <span class='ocr_line' id='line_1_31' title="bbox 324 3004 1976 3084; baseline -0.001 -22"><span class='ocrx_word' id='word_1_197' title='bbox 324 3004 381 3062; x_wconf 76' lang='grc' dir='ltr'>δὲ</span> <span class='ocrx_word' id='word_1_198' title='bbox 429 3008 458 3062; x_wconf 85' lang='grc' dir='ltr'>ὁ</span> <span class='ocrx_word' id='word_1_199' title='bbox 501 3006 624 3084; x_wconf 85' lang='grc' dir='ltr'>περὶ</span> <span class='ocrx_word' id='word_1_200' title='bbox 672 3011 770 3063; x_wconf 75' lang='grc' dir='ltr'>τοῦ</span> <span class='ocrx_word' id='word_1_201' title='bbox 804 3009 1162 3082; x_wconf 82' lang='grc' dir='ltr'>ὑποκειμένου</span> <span class='ocrx_word' id='word_1_202' title='bbox 1211 3006 1531 3083; x_wconf 88' lang='grc' dir='ltr'>λεγόμενος.</span> <span class='ocrx_word' id='word_1_203' title='bbox 1582 3009 1728 3080; x_wconf 83' lang='grc' dir='ltr'>Οἷον,</span> <span class='ocrx_word' id='word_1_204' title='bbox 1764 3005 1976 3082; x_wconf 87' lang='grc' dir='ltr'>Γρηγό-</span> 
     </span>
    </p>
   </div>
   <div class='ocr_carea' id='block_1_32' title="bbox 338 3093 1977 3174">
    <p class='ocr_par' dir='ltr' id='par_1_32' title="bbox 338 3093 1977 3174">
     <span class='ocr_line' id='line_1_32' title="bbox 338 3093 1977 3174; baseline -0.001 -24"><span class='ocrx_word' id='word_1_205' title='bbox 338 3116 453 3172; x_wconf 88' lang='grc' dir='ltr'>ριος</span> <span class='ocrx_word' id='word_1_206' title='bbox 511 3097 776 3173; x_wconf 74' lang='grc' dir='ltr'>θεολογεῖ·</span> <span class='ocrx_word' id='word_1_207' title='bbox 834 3097 898 3153; x_wconf 85' lang='grc' dir='ltr'>τὸ</span> <span class='ocrx_word' id='word_1_208' title='bbox 957 3097 1051 3171; x_wconf 77' lang='grc' dir='ltr'>μὲν</span> <span class='ocrx_word' id='word_1_209' title='bbox 1107 3096 1411 3174; x_wconf 89' lang='grc' dir='ltr'>Γρηγόριος</span> <span class='ocrx_word' id='word_1_210' title='bbox 1472 3096 1746 3151; x_wconf 81' lang='grc' dir='ltr'>ὑπόκειται</span> <span class='ocrx_word' id='word_1_211' title='bbox 1780 3114 1793 3127; x_wconf 87' lang='grc'><strong>·</strong></span> <span class='ocrx_word' id='word_1_212' title='bbox 1852 3093 1977 3171; x_wconf 86' lang='grc' dir='ltr'>περὶ</span> 
     </span>
    </p>
   </div>
   <div class='ocr_carea' id='block_1_33' title="bbox 325 3182 1972 3261">
    <p class='ocr_par' dir='ltr' id='par_1_33' title="bbox 325 3182 1972 3261">
     <span class='ocr_line' id='line_1_33' title="bbox 325 3182 1972 3261; baseline -0.001 -22"><span class='ocrx_word' id='word_1_213' title='bbox 325 3184 492 3239; x_wconf 76' lang='grc' dir='ltr'>αὐτοῦ</span> <span class='ocrx_word' id='word_1_214' title='bbox 548 3184 652 3261; x_wconf 86' lang='grc' dir='ltr'>γάρ</span> <span class='ocrx_word' id='word_1_215' title='bbox 711 3186 738 3240; x_wconf 88' lang='grc' dir='ltr'>ὁ</span> <span class='ocrx_word' id='word_1_216' title='bbox 798 3185 985 3261; x_wconf 85' lang='grc' dir='ltr'>λόγος’</span> <span class='ocrx_word' id='word_1_217' title='bbox 1044 3186 1109 3241; x_wconf 83' lang='grc' dir='ltr'>τὸ</span> <span class='ocrx_word' id='word_1_218' title='bbox 1157 3182 1215 3241; x_wconf 75' lang='grc' dir='ltr'>δὲ</span> <span class='ocrx_word' id='word_1_219' title='bbox 1260 3183 1513 3260; x_wconf 85' lang='grc' dir='ltr'>θεολογεῖ</span> <span class='ocrx_word' id='word_1_220' title='bbox 1566 3189 1972 3260; x_wconf 87' lang='grc' dir='ltr'>κατηγορεῖται·</span> 
     </span>
    </p>
   </div>
   <div class='ocr_carea' id='block_1_34' title="bbox 322 3272 2048 3379">
    <p class='ocr_par' dir='ltr' id='par_1_34' title="bbox 322 3272 2048 3379">
     <span class='ocr_line' id='line_1_34' title="bbox 322 3272 2048 3379; baseline -0.002 -51"><span class='ocrx_word' id='word_1_221' title='bbox 322 3273 461 3328; x_wconf 75' lang='grc' dir='ltr'>κατὰ</span> <span class='ocrx_word' id='word_1_222' title='bbox 505 3277 603 3328; x_wconf 78' lang='grc' dir='ltr'>τοῦ</span> <span class='ocrx_word' id='word_1_223' title='bbox 651 3273 955 3351; x_wconf 81' lang='grc' dir='ltr'>Γρηγορίου</span> <span class='ocrx_word' id='word_1_224' title='bbox 1001 3275 1103 3351; x_wconf 84' lang='grc' dir='ltr'>γάρ</span> <span class='ocrx_word' id='word_1_225' title='bbox 1158 3273 1376 3350; x_wconf 85' lang='grc' dir='ltr'>λέγεται</span> <span class='ocrx_word' id='word_1_226' title='bbox 1410 3274 1475 3329; x_wconf 87' lang='grc' dir='ltr'>τὸ</span> <span class='ocrx_word' id='word_1_227' title='bbox 1501 3272 1823 3348; x_wconf 84' lang='grc' dir='ltr'>θεολογεῖν).</span> <span class='ocrx_word' id='word_1_228' title='bbox 1856 3276 1971 3379; x_wconf 58' lang='grc' dir='ltr'>Τῶν</span> <span class='ocrx_word' id='word_1_229' title='bbox 2005 3312 2048 3379; x_wconf 77' lang='lat' dir='ltr'><strong><em>C</em></strong></span> 
     </span>
    </p>
   </div>
   <div class='ocr_carea' id='block_1_35' title="bbox 324 3361 1976 3439">
    <p class='ocr_par' dir='ltr' id='par_1_35' title="bbox 324 3361 1976 3439">
     <span class='ocr_line' id='line_1_35' title="bbox 324 3361 1976 3439; baseline -0.001 -22"><span class='ocrx_word' id='word_1_230' title='bbox 324 3362 417 3418; x_wconf 80' lang='grc' dir='ltr'>οὗν</span> <span class='ocrx_word' id='word_1_231' title='bbox 476 3362 789 3439; x_wconf 84' lang='grc' dir='ltr'>προτάσεων</span> <span class='ocrx_word' id='word_1_232' title='bbox 844 3364 901 3417; x_wconf 76' lang='grc' dir='ltr'>αἱ</span> <span class='ocrx_word' id='word_1_233' title='bbox 963 3365 1054 3436; x_wconf 75' lang='grc' dir='ltr'>μὲν</span> <span class='ocrx_word' id='word_1_234' title='bbox 1107 3362 1459 3437; x_wconf 80' lang='grc' dir='ltr'>ὑποκείμενον</span> <span class='ocrx_word' id='word_1_235' title='bbox 1508 3363 1598 3418; x_wconf 85' lang='grc' dir='ltr'>καὶ</span> <span class='ocrx_word' id='word_1_236' title='bbox 1641 3361 1976 3438; x_wconf 88' lang='grc' dir='ltr'>κατηγορού-</span> 
     </span>
    </p>
   </div>
   <div class='ocr_carea' id='block_1_36' title="bbox 331 3448 1973 3527">
    <p class='ocr_par' dir='ltr' id='par_1_36' title="bbox 331 3448 1973 3527">
     <span class='ocr_line' id='line_1_36' title="bbox 331 3448 1973 3527; baseline 0 -22"><span class='ocrx_word' id='word_1_237' title='bbox 331 3471 491 3525; x_wconf 89' lang='grc' dir='ltr'>μενον</span> <span class='ocrx_word' id='word_1_238' title='bbox 545 3449 755 3527; x_wconf 82' lang='grc' dir='ltr'>ἔχουσι,</span> <span class='ocrx_word' id='word_1_239' title='bbox 798 3450 889 3506; x_wconf 76' lang='grc' dir='ltr'>καί</span> <span class='ocrx_word' id='word_1_240' title='bbox 949 3448 1100 3507; x_wconf 72' lang='grc' dir='ltr'>οὐδὲν</span> <span class='ocrx_word' id='word_1_241' title='bbox 1155 3451 1345 3508; x_wconf 86' lang='grc' dir='ltr'>πλέον·</span> <span class='ocrx_word' id='word_1_242' title='bbox 1404 3452 1459 3506; x_wconf 71' lang='grc' dir='ltr'>αἱ</span> <span class='ocrx_word' id='word_1_243' title='bbox 1519 3448 1577 3506; x_wconf 77' lang='grc' dir='ltr'>δὲ</span> <span class='ocrx_word' id='word_1_244' title='bbox 1631 3450 1720 3506; x_wconf 79' lang='grc' dir='ltr'>καὶ</span> <span class='ocrx_word' id='word_1_245' title='bbox 1793 3450 1973 3527; x_wconf 86' lang='grc' dir='ltr'>τρίτον</span> 
     </span>
    </p>
   </div>
   <div class='ocr_carea' id='block_1_37' title="bbox 326 3538 1976 3616">
    <p class='ocr_par' dir='ltr' id='par_1_37' title="bbox 326 3538 1976 3616">
     <span class='ocr_line' id='line_1_37' title="bbox 326 3538 1976 3616; baseline -0.001 -21"><span class='ocrx_word' id='word_1_246' title='bbox 326 3539 971 3616; x_wconf 87' lang='grc' dir='ltr'>προσκατηγορούμενον,</span> <span class='ocrx_word' id='word_1_247' title='bbox 1010 3541 1073 3596; x_wconf 85' lang='grc' dir='ltr'>τὸ</span> <span class='ocrx_word' id='word_1_248' title='bbox 1135 3538 1291 3597; x_wconf 78' lang='grc' dir='ltr'>ἐστίν.</span> <span class='ocrx_word' id='word_1_249' title='bbox 1350 3543 1484 3595; x_wconf 76' lang='grc' dir='ltr'>’Ὀσα</span> <span class='ocrx_word' id='word_1_250' title='bbox 1532 3541 1636 3616; x_wconf 83' lang='grc' dir='ltr'>γὰρ</span> <span class='ocrx_word' id='word_1_251' title='bbox 1693 3541 1808 3594; x_wconf 84' lang='grc' dir='ltr'>καθ’</span> <span class='ocrx_word' id='word_1_252' title='bbox 1860 3540 1976 3603; x_wconf 79' lang='grc' dir='ltr'>ένὸς</span> 
     </span>
    </p>
   </div>
   <div class='ocr_carea' id='block_1_38' title="bbox 331 3627 1979 3706">
    <p class='ocr_par' dir='ltr' id='par_1_38' title="bbox 331 3627 1979 3706">
     <span class='ocr_line' id='line_1_38' title="bbox 331 3627 1979 3706; baseline 0 -23"><span class='ocrx_word' id='word_1_253' title='bbox 331 3629 692 3702; x_wconf 79' lang='grc' dir='ltr'>ὑποκειμένου</span> <span class='ocrx_word' id='word_1_254' title='bbox 761 3627 978 3705; x_wconf 89' lang='grc' dir='ltr'>λέγεται</span> <span class='ocrx_word' id='word_1_255' title='bbox 1045 3630 1180 3684; x_wconf 77' lang='grc' dir='ltr'>κατὰ</span> <span class='ocrx_word' id='word_1_256' title='bbox 1239 3629 1363 3704; x_wconf 78' lang='grc' dir='ltr'>μίαν</span> <span class='ocrx_word' id='word_1_257' title='bbox 1438 3628 1719 3706; x_wconf 79' lang='grc' dir='ltr'>πρότασιν,</span> <span class='ocrx_word' id='word_1_258' title='bbox 1779 3630 1853 3691; x_wconf 89' lang='grc' dir='ltr'>εἷς</span> <span class='ocrx_word' id='word_1_259' title='bbox 1910 3629 1979 3684; x_wconf 88' lang='grc' dir='ltr'>τά</span> 
     </span>
    </p>
   </div>
   <div class='ocr_carea' id='block_1_39' title="bbox 332 3715 1975 3797">
    <p class='ocr_par' dir='ltr' id='par_1_39' title="bbox 332 3715 1975 3797">
     <span class='ocr_line' id='line_1_39' title="bbox 332 3715 1975 3797; baseline 0 -24"><span class='ocrx_word' id='word_1_260' title='bbox 332 3718 509 3773; x_wconf 88' lang='grc' dir='ltr'>πάντα</span> <span class='ocrx_word' id='word_1_261' title='bbox 533 3717 1008 3797; x_wconf 69' lang='grc' dir='ltr'>κατηγορούμενος</span> <span class='ocrx_word' id='word_1_262' title='bbox 1059 3718 1399 3791; x_wconf 85' lang='grc' dir='ltr'>ὀνομάζεται.</span> <span class='ocrx_word' id='word_1_263' title='bbox 1429 3719 1499 3773; x_wconf 83' lang='grc' dir='ltr'>Τὸ</span> <span class='ocrx_word' id='word_1_264' title='bbox 1548 3715 1606 3774; x_wconf 74' lang='grc' dir='ltr'>δὲ</span> <span class='ocrx_word' id='word_1_265' title='bbox 1653 3716 1761 3773; x_wconf 81' lang='grc' dir='ltr'>ἔστι</span> <span class='ocrx_word' id='word_1_266' title='bbox 1805 3739 1975 3795; x_wconf 89' lang='grc' dir='ltr'>προσ-</span> 
     </span>
    </p>
   </div>
   <div class='ocr_carea' id='block_1_40' title="bbox 329 3804 1977 3884">
    <p class='ocr_par' dir='ltr' id='par_1_40' title="bbox 329 3804 1977 3884">
     <span class='ocr_line' id='line_1_40' title="bbox 329 3804 1977 3884; baseline 0.001 -23"><span class='ocrx_word' id='word_1_267' title='bbox 329 3804 642 3883; x_wconf 89' lang='grc' dir='ltr'>αγορεύεται</span> <span class='ocrx_word' id='word_1_268' title='bbox 726 3807 1369 3884; x_wconf 86' lang='grc' dir='ltr'>προσκατηγορούμενον·</span> <span class='ocrx_word' id='word_1_269' title='bbox 1455 3809 1591 3881; x_wconf 82' lang='grc' dir='ltr'>οἷον,</span> <span class='ocrx_word' id='word_1_270' title='bbox 1672 3807 1977 3883; x_wconf 88' lang='grc' dir='ltr'>Γρηγόριος</span> 
     </span>
    </p>
   </div>
   <div class='ocr_carea' id='block_1_41' title="bbox 330 3891 1979 3974">
    <p class='ocr_par' dir='ltr' id='par_1_41' title="bbox 330 3891 1979 3974">
     <span class='ocr_line' id='line_1_41' title="bbox 330 3891 1979 3974; baseline 0.001 -24"><span class='ocrx_word' id='word_1_271' title='bbox 330 3893 591 3973; x_wconf 84' lang='grc' dir='ltr'>θεολόγος</span> <span class='ocrx_word' id='word_1_272' title='bbox 620 3897 709 3951; x_wconf 84' lang='grc' dir='ltr'>καὶ</span> <span class='ocrx_word' id='word_1_273' title='bbox 741 3893 1067 3974; x_wconf 86' lang='grc' dir='ltr'>φδσιολόγος</span> <span class='ocrx_word' id='word_1_274' title='bbox 1095 3898 1184 3952; x_wconf 86' lang='grc' dir='ltr'>καὶ</span> <span class='ocrx_word' id='word_1_275' title='bbox 1215 3895 1428 3952; x_wconf 86' lang='grc' dir='ltr'>πάντων</span> <span class='ocrx_word' id='word_1_276' title='bbox 1475 3901 1581 3952; x_wconf 89' lang='grc' dir='ltr'>τῶν</span> <span class='ocrx_word' id='word_1_277' title='bbox 1643 3891 1808 3951; x_wconf 73' lang='grc' dir='ltr'>ὄντων</span> <span class='ocrx_word' id='word_1_278' title='bbox 1865 3896 1979 3951; x_wconf 84' lang='grc' dir='ltr'>ἐπι-</span> 
     </span>
    </p>
   </div>
   <div class='ocr_carea' id='block_1_42' title="bbox 328 3980 1977 4060">
    <p class='ocr_par' dir='ltr' id='par_1_42' title="bbox 328 3980 1977 4060">
     <span class='ocr_line' id='line_1_42' title="bbox 328 3980 1977 4060; baseline 0.002 -25"><span class='ocrx_word' id='word_1_279' title='bbox 328 3985 553 4056; x_wconf 78' lang='grc' dir='ltr'>στήμων</span> <span class='ocrx_word' id='word_1_280' title='bbox 610 3982 769 4040; x_wconf 84' lang='grc' dir='ltr'>ἐστίν.</span> <span class='ocrx_word' id='word_1_281' title='bbox 803 3982 1178 4057; x_wconf 83' lang='grc' dir='ltr'>Ὑποκείμενος</span> <span class='ocrx_word' id='word_1_282' title='bbox 1234 3984 1327 4057; x_wconf 75' lang='grc' dir='ltr'>μὲν</span> <span class='ocrx_word' id='word_1_283' title='bbox 1386 3983 1490 4060; x_wconf 81' lang='grc' dir='ltr'>γὰρ</span> <span class='ocrx_word' id='word_1_284' title='bbox 1546 3981 1674 4059; x_wconf 76' lang='grc' dir='ltr'>ὅρος</span> <span class='ocrx_word' id='word_1_285' title='bbox 1718 3980 1783 4037; x_wconf 73' lang='grc' dir='ltr'>τὸ</span> <span class='ocrx_word' id='word_1_286' title='bbox 1836 3988 1977 4058; x_wconf 89' lang='grc' dir='ltr'>Γρη-</span> 
     </span>
    </p>
   </div>
   <div class='ocr_carea' id='block_1_43' title="bbox 325 4069 1978 4148">
    <p class='ocr_par' dir='ltr' id='par_1_43' title="bbox 325 4069 1978 4148">
     <span class='ocr_line' id='line_1_43' title="bbox 325 4069 1978 4148; baseline -0.001 -22"><span class='ocrx_word' id='word_1_287' title='bbox 325 4071 532 4148; x_wconf 86' lang='grc' dir='ltr'>γόριος.</span> <span class='ocrx_word' id='word_1_288' title='bbox 563 4072 635 4127; x_wconf 86' lang='grc' dir='ltr'>Τὸ</span> <span class='ocrx_word' id='word_1_289' title='bbox 684 4069 742 4127; x_wconf 79' lang='grc' dir='ltr'>δὲ</span> <span class='ocrx_word' id='word_1_290' title='bbox 798 4070 1062 4148; x_wconf 83' lang='grc' dir='ltr'>θεολόγος</span> <span class='ocrx_word' id='word_1_291' title='bbox 1107 4072 1196 4127; x_wconf 89' lang='grc' dir='ltr'>καὶ</span> <span class='ocrx_word' id='word_1_292' title='bbox 1236 4072 1586 4148; x_wconf 78' lang='grc' dir='ltr'>φυσιολόγος,</span> <span class='ocrx_word' id='word_1_293' title='bbox 1617 4071 1706 4127; x_wconf 87' lang='grc' dir='ltr'>καὶ</span> <span class='ocrx_word' id='word_1_294' title='bbox 1764 4070 1978 4127; x_wconf 89' lang='grc' dir='ltr'>πάντων</span> 
     </span>
    </p>
   </div>
   <div class='ocr_carea' id='block_1_44' title="bbox 328 4156 1982 4239">
    <p class='ocr_par' dir='ltr' id='par_1_44' title="bbox 328 4156 1982 4239">
     <span class='ocr_line' id='line_1_44' title="bbox 328 4156 1982 4239; baseline -0.001 -23"><span class='ocrx_word' id='word_1_295' title='bbox 328 4166 438 4216; x_wconf 89' lang='grc' dir='ltr'>τῶν</span> <span class='ocrx_word' id='word_1_296' title='bbox 526 4156 699 4225; x_wconf 78' lang='grc' dir='ltr'>ὅντως</span> <span class='ocrx_word' id='word_1_297' title='bbox 782 4160 1124 4235; x_wconf 77' lang='grc' dir='ltr'>ἐπιστήμων,</span> <span class='ocrx_word' id='word_1_298' title='bbox 1183 4161 1657 4239; x_wconf 81' lang='grc' dir='ltr'>κατηγορούμενος</span> <span class='ocrx_word' id='word_1_299' title='bbox 1735 4161 1832 4223; x_wconf 82' lang='grc' dir='ltr'>εἷς·</span> <span class='ocrx_word' id='word_1_300' title='bbox 1892 4160 1982 4216; x_wconf 83' lang='grc' dir='ltr'>καὶ</span> 
     </span>
    </p>
   </div>
   <div class='ocr_carea' id='block_1_45' title="bbox 332 4247 1979 4327">
    <p class='ocr_par' dir='ltr' id='par_1_45' title="bbox 332 4247 1979 4327">
     <span class='ocr_line' id='line_1_45' title="bbox 332 4247 1979 4327; baseline -0.001 -22"><span class='ocrx_word' id='word_1_301' title='bbox 332 4251 469 4327; x_wconf 88' lang='grc' dir='ltr'>πρὸς</span> <span class='ocrx_word' id='word_1_302' title='bbox 533 4249 712 4324; x_wconf 86' lang='grc' dir='ltr'>τούτῳ</span> <span class='ocrx_word' id='word_1_303' title='bbox 768 4250 1245 4326; x_wconf 77' lang='grc' dir='ltr'>κατηγορούμενον</span> <span class='ocrx_word' id='word_1_304' title='bbox 1298 4251 1359 4306; x_wconf 86' lang='grc' dir='ltr'>τὸ</span> <span class='ocrx_word' id='word_1_305' title='bbox 1408 4250 1570 4307; x_wconf 80' lang='grc' dir='ltr'>ἐστίν.</span> <span class='ocrx_word' id='word_1_306' title='bbox 1632 4250 1703 4307; x_wconf 75' lang='grc' dir='ltr'>Αἱ</span> <span class='ocrx_word' id='word_1_307' title='bbox 1761 4247 1819 4305; x_wconf 74' lang='grc' dir='ltr'>δὲ</span> <span class='ocrx_word' id='word_1_308' title='bbox 1872 4252 1979 4304; x_wconf 89' lang='grc' dir='ltr'>τῶν</span> 
     </span>
    </p>
   </div>
   <div class='ocr_carea' id='block_1_46' title="bbox 332 4336 1980 4417">
    <p class='ocr_par' dir='ltr' id='par_1_46' title="bbox 332 4336 1980 4417">
     <span class='ocr_line' id='line_1_46' title="bbox 332 4336 1980 4417; baseline -0.001 -22"><span class='ocrx_word' id='word_1_309' title='bbox 332 4340 643 4417; x_wconf 82' lang='grc' dir='ltr'>προτάσεων</span> <span class='ocrx_word' id='word_1_310' title='bbox 694 4339 782 4395; x_wconf 83' lang='grc' dir='ltr'>καὶ</span> <span class='ocrx_word' id='word_1_311' title='bbox 842 4339 1043 4417; x_wconf 87' lang='grc' dir='ltr'>τρόπον</span> <span class='ocrx_word' id='word_1_312' title='bbox 1125 4339 1514 4416; x_wconf 79' lang='grc' dir='ltr'>προσκείμενον</span> <span class='ocrx_word' id='word_1_313' title='bbox 1592 4336 1832 4414; x_wconf 78' lang='grc' dir='ltr'>ἔχουσιν,</span> <span class='ocrx_word' id='word_1_314' title='bbox 1888 4339 1980 4394; x_wconf 87' lang='grc' dir='ltr'>τὸν</span> 
     </span>
    </p>
   </div>
   <div class='ocr_carea' id='block_1_47' title="bbox 335 4427 1984 4506">
    <p class='ocr_par' dir='ltr' id='par_1_47' title="bbox 335 4427 1984 4506">
     <span class='ocr_line' id='line_1_47' title="bbox 335 4427 1984 4506; baseline 0 -23"><span class='ocrx_word' id='word_1_315' title='bbox 335 4427 486 4492; x_wconf 76' lang='grc' dir='ltr'>ὅπως</span> <span class='ocrx_word' id='word_1_316' title='bbox 560 4427 795 4505; x_wconf 78' lang='grc' dir='ltr'>ὑπάρχει</span> <span class='ocrx_word' id='word_1_317' title='bbox 849 4428 913 4483; x_wconf 87' lang='grc' dir='ltr'>τὸ</span> <span class='ocrx_word' id='word_1_318' title='bbox 966 4428 1444 4506; x_wconf 87' lang='grc' dir='ltr'>κατηγορούμενον</span> <span class='ocrx_word' id='word_1_319' title='bbox 1501 4431 1581 4502; x_wconf 83' lang='grc' dir='ltr'>τῷ</span> <span class='ocrx_word' id='word_1_320' title='bbox 1641 4427 1984 4501; x_wconf 74' lang='grc' dir='ltr'>ὑποκειμένῳ</span> 
     </span>
    </p>
   </div>
   <div class='ocr_carea' id='block_1_48' title="bbox 334 4515 692 4593">
    <p class='ocr_par' dir='ltr' id='par_1_48' title="bbox 334 4515 692 4593">
     <span class='ocr_line' id='line_1_48' title="bbox 334 4515 692 4593; baseline 0.008 -21"><span class='ocrx_word' id='word_1_321' title='bbox 334 4539 401 4587; x_wconf 85' lang='grc' dir='ltr'>ση</span> <span class='ocrx_word' id='word_1_322' title='bbox 413 4515 692 4593; x_wconf 74' lang='grc' dir='ltr'>μαίνοντα.</span> 
     </span>
    </p>
   </div>
   <div class='ocr_carea' id='block_1_49' title="bbox 410 4602 1984 4683">
    <p class='ocr_par' dir='ltr' id='par_1_49' title="bbox 410 4602 1984 4683">
     <span class='ocr_line' id='line_1_49' title="bbox 410 4602 1984 4683; baseline 0.001 -23"><span class='ocrx_word' id='word_1_323' title='bbox 410 4607 498 4683; x_wconf 84' lang='grc' dir='ltr'>ιγ’.</span> <span class='ocrx_word' id='word_1_324' title='bbox 528 4605 731 4683; x_wconf 85' lang='grc' dir='ltr'>Τρόποι</span> <span class='ocrx_word' id='word_1_325' title='bbox 788 4603 847 4662; x_wconf 81' lang='grc' dir='ltr'>δέ</span> <span class='ocrx_word' id='word_1_326' title='bbox 893 4605 994 4661; x_wconf 85' lang='grc' dir='ltr'>εἰσι</span> <span class='ocrx_word' id='word_1_327' title='bbox 1044 4604 1107 4661; x_wconf 88' lang='grc' dir='ltr'>τὸ</span> <span class='ocrx_word' id='word_1_328' title='bbox 1155 4607 1457 4682; x_wconf 85' lang='grc' dir='ltr'>ἀναγκαῖον,</span> <span class='ocrx_word' id='word_1_329' title='bbox 1486 4606 1551 4660; x_wconf 88' lang='grc' dir='ltr'>τὸ</span> <span class='ocrx_word' id='word_1_330' title='bbox 1606 4602 1890 4680; x_wconf 80' lang='grc' dir='ltr'>ἀδύνατον,</span> <span class='ocrx_word' id='word_1_331' title='bbox 1921 4606 1984 4662; x_wconf 89' lang='grc' dir='ltr'>τὸ</span> 
     </span>
    </p>
   </div>
   <div class='ocr_carea' id='block_1_50' title="bbox 1999 1949 2049 2014">
    <p class='ocr_par' dir='ltr' id='par_1_50' title="bbox 1999 1949 2049 2014">
     <span class='ocr_line' id='line_1_50' title="bbox 1999 1949 2049 2014; baseline 0 0"><span class='ocrx_word' id='word_1_332' title='bbox 1999 1949 2049 2014; x_wconf 91' lang='grc' dir='ltr'><strong>Β</strong></span> 
     </span>
    </p>
   </div>
   <div class='ocr_carea' id='block_1_51' title="bbox 2038 655 3719 729">
    <p class='ocr_par' dir='ltr' id='par_1_51' title="bbox 2038 655 3719 729">
     <span class='ocr_line' id='line_1_51' title="bbox 2038 655 3719 729; baseline 0.004 -20"><span class='ocrx_word' id='word_1_333' title='bbox 2038 682 2041 691; x_wconf 66' lang='grc' dir='ltr'>ι</span> <span class='ocrx_word' id='word_1_334' title='bbox 2071 655 2201 728; x_wconf 90' lang='lat' dir='ltr'>ipso</span> <span class='ocrx_word' id='word_1_335' title='bbox 2240 655 2396 711; x_wconf 91' lang='lat' dir='ltr'>idem</span> <span class='ocrx_word' id='word_1_336' title='bbox 2436 655 2819 728; x_wconf 62' lang='lat' dir='ltr'>pradicatum</span> <span class='ocrx_word' id='word_1_337' title='bbox 2850 656 3122 725; x_wconf 74' lang='lat' dir='ltr'>eﬂ&#39;erunt,</span> <span class='ocrx_word' id='word_1_338' title='bbox 3155 674 3347 729; x_wconf 85' lang='lat' dir='ltr'>neque</span> <span class='ocrx_word' id='word_1_339' title='bbox 3393 659 3719 715; x_wconf 89' lang='lat' dir='ltr'>secundum</span> 
     </span>
    </p>
   </div>
   <div class='ocr_carea' id='block_1_52' title="bbox 2072 743 3719 819">
    <p class='ocr_par' dir='ltr' id='par_1_52' title="bbox 2072 743 3719 819">
     <span class='ocr_line' id='line_1_52' title="bbox 2072 743 3719 819; baseline 0.003 -20"><span class='ocrx_word' id='word_1_340' title='bbox 2072 743 2510 816; x_wconf 82' lang='lat' dir='ltr'>homonymiam</span> <span class='ocrx_word' id='word_1_341' title='bbox 2580 761 2770 817; x_wconf 90' lang='lat' dir='ltr'>neque</span> <span class='ocrx_word' id='word_1_342' title='bbox 2835 747 3161 802; x_wconf 88' lang='lat' dir='ltr'>secundum</span> <span class='ocrx_word' id='word_1_343' title='bbox 3225 746 3449 819; x_wconf 86' lang='lat' dir='ltr'>aliquid</span> <span class='ocrx_word' id='word_1_344' title='bbox 3514 764 3719 804; x_wconf 89' lang='lat' dir='ltr'>eorum</span> 
     </span>
    </p>
   </div>
   <div class='ocr_carea' id='block_1_53' title="bbox 2074 832 3715 906">
    <p class='ocr_par' dir='ltr' id='par_1_53' title="bbox 2074 832 3715 906">
     <span class='ocr_line' id='line_1_53' title="bbox 2074 832 3715 906; baseline 0.003 -19"><span class='ocrx_word' id='word_1_345' title='bbox 2074 849 2201 904; x_wconf 64' lang='lat' dir='ltr'>qua:</span> <span class='ocrx_word' id='word_1_346' title='bbox 2246 836 2448 888; x_wconf 90' lang='lat' dir='ltr'>contra</span> <span class='ocrx_word' id='word_1_347' title='bbox 2487 832 2888 905; x_wconf 81' lang='lat' dir='ltr'>scphistarum</span> <span class='ocrx_word' id='word_1_348' title='bbox 2931 835 3405 906; x_wconf 85' lang='lat' dir='ltr'>importunitates</span> <span class='ocrx_word' id='word_1_349' title='bbox 3441 836 3715 894; x_wconf 87' lang='lat' dir='ltr'>determi-</span> 
     </span>
    </p>
   </div>
   <div class='ocr_carea' id='block_1_54' title="bbox 2073 937 2308 977">
    <p class='ocr_par' dir='ltr' id='par_1_54' title="bbox 2073 937 2308 977">
     <span class='ocr_line' id='line_1_54' title="bbox 2073 937 2308 977; baseline -0.004 -1"><span class='ocrx_word' id='word_1_350' title='bbox 2073 937 2308 977; x_wconf 89' lang='lat' dir='ltr'>namus.</span> 
     </span>
    </p>
   </div>
   <div class='ocr_carea' id='block_1_55' title="bbox 2142 1009 3718 1087">
    <p class='ocr_par' dir='ltr' id='par_1_55' title="bbox 2142 1009 3718 1087">
     <span class='ocr_line' id='line_1_55' title="bbox 2142 1009 3718 1087; baseline 0.005 -24"><span class='ocrx_word' id='word_1_351' title='bbox 2142 1009 2197 1064; x_wconf 83' lang='lat'>9.</span> <span class='ocrx_word' id='word_1_352' title='bbox 2228 1009 2445 1066; x_wconf 89' lang='lat' dir='ltr'>Verum</span> <span class='ocrx_word' id='word_1_353' title='bbox 2477 1010 2772 1067; x_wconf 82' lang='lat' dir='ltr'>enimvero</span> <span class='ocrx_word' id='word_1_354' title='bbox 2809 1028 2945 1067; x_wconf 90' lang='lat' dir='ltr'>cum</span> <span class='ocrx_word' id='word_1_355' title='bbox 2988 1016 3244 1083; x_wconf 79' lang='lat' dir='ltr'>quatuor</span> <span class='ocrx_word' id='word_1_356' title='bbox 3289 1014 3482 1070; x_wconf 89' lang='lat' dir='ltr'>modis</span> <span class='ocrx_word' id='word_1_357' title='bbox 3530 1014 3718 1087; x_wconf 87' lang='lat' dir='ltr'>profe-</span> 
     </span>
    </p>
   </div>
   <div class='ocr_carea' id='block_1_56' title="bbox 2076 1099 3721 1175">
    <p class='ocr_par' dir='ltr' id='par_1_56' title="bbox 2076 1099 3721 1175">
     <span class='ocr_line' id='line_1_56' title="bbox 2076 1099 3721 1175; baseline 0.004 -23"><span class='ocrx_word' id='word_1_358' title='bbox 2076 1101 2241 1153; x_wconf 80' lang='lat' dir='ltr'><strong>ratur</strong></span> <span class='ocrx_word' id='word_1_359' title='bbox 2270 1099 2594 1155; x_wconf 79' lang='lat' dir='ltr'>enuntiatio</span> <span class='ocrx_word' id='word_1_360' title='bbox 2624 1099 2734 1172; x_wconf 89' lang='lat' dir='ltr'>(vel</span> <span class='ocrx_word' id='word_1_361' title='bbox 2773 1101 2930 1156; x_wconf 89' lang='lat' dir='ltr'>enim</span> <span class='ocrx_word' id='word_1_362' title='bbox 2981 1103 3137 1173; x_wconf 90' lang='lat' dir='ltr'>quod</span> <span class='ocrx_word' id='word_1_363' title='bbox 3184 1101 3339 1158; x_wconf 90' lang='lat' dir='ltr'>inest</span> <span class='ocrx_word' id='word_1_364' title='bbox 3383 1103 3554 1175; x_wconf 84' lang='lat' dir='ltr'>quasi</span> <span class='ocrx_word' id='word_1_365' title='bbox 3602 1121 3721 1161; x_wconf 92' lang='lat' dir='ltr'>non</span> 
     </span>
    </p>
   </div>
   <div class='ocr_carea' id='block_1_57' title="bbox 2074 1186 3719 1261">
    <p class='ocr_par' dir='ltr' id='par_1_57' title="bbox 2074 1186 3719 1261">
     <span class='ocr_line' id='line_1_57' title="bbox 2074 1186 3719 1261; baseline 0.004 -20"><span class='ocrx_word' id='word_1_366' title='bbox 2074 1186 2218 1242; x_wconf 86' lang='lat' dir='ltr'>insit</span> <span class='ocrx_word' id='word_1_367' title='bbox 2246 1186 2511 1243; x_wconf 75' lang='lat' dir='ltr'>enuntiat</span> <span class='ocrx_word' id='word_1_368' title='bbox 2539 1187 2777 1260; x_wconf 80' lang='lat' dir='ltr'>aliquis,</span> <span class='ocrx_word' id='word_1_369' title='bbox 2809 1193 2893 1257; x_wconf 90' lang='lat' dir='ltr'>ut,</span> <span class='ocrx_word' id='word_1_370' title='bbox 2921 1189 3163 1246; x_wconf 88' lang='lat' dir='ltr'>Peccare</span> <span class='ocrx_word' id='word_1_371' title='bbox 3192 1208 3309 1247; x_wconf 91' lang='lat' dir='ltr'>non</span> <span class='ocrx_word' id='word_1_372' title='bbox 3340 1196 3430 1247; x_wconf 91' lang='lat' dir='ltr'>est</span> <span class='ocrx_word' id='word_1_373' title='bbox 3458 1191 3719 1261; x_wconf 86' lang='lat' dir='ltr'>malum;</span> 
     </span>
    </p>
   </div>
   <div class='ocr_carea' id='block_1_58' title="bbox 2073 1275 3720 1350">
    <p class='ocr_par' dir='ltr' id='par_1_58' title="bbox 2073 1275 3720 1350">
     <span class='ocr_line' id='line_1_58' title="bbox 2073 1275 3720 1350; baseline 0.004 -19"><span class='ocrx_word' id='word_1_374' title='bbox 2073 1275 2163 1331; x_wconf 88' lang='lat' dir='ltr'><strong>vel</strong></span> <span class='ocrx_word' id='word_1_375' title='bbox 2194 1277 2348 1349; x_wconf 91' lang='lat' dir='ltr'>quod</span> <span class='ocrx_word' id='word_1_376' title='bbox 2379 1277 2533 1333; x_wconf 84' lang='lat' dir='ltr'>inest</span> <span class='ocrx_word' id='word_1_377' title='bbox 2561 1277 2729 1349; x_wconf 88' lang='lat' dir='ltr'>quasi</span> <span class='ocrx_word' id='word_1_378' title='bbox 2759 1278 2921 1345; x_wconf 90' lang='lat' dir='ltr'>insit,</span> <span class='ocrx_word' id='word_1_379' title='bbox 2952 1283 3038 1345; x_wconf 88' lang='lat' dir='ltr'>ut,</span> <span class='ocrx_word' id='word_1_380' title='bbox 3070 1280 3314 1336; x_wconf 88' lang='lat' dir='ltr'>Peccare</span> <span class='ocrx_word' id='word_1_381' title='bbox 3342 1281 3563 1337; x_wconf 88' lang='lat' dir='ltr'>malum</span> <span class='ocrx_word' id='word_1_382' title='bbox 3594 1285 3720 1350; x_wconf 85' lang='lat' dir='ltr'>est;</span> 
     </span>
    </p>
   </div>
   <div class='ocr_carea' id='block_1_59' title="bbox 2074 1365 3725 1439">
    <p class='ocr_par' dir='ltr' id='par_1_59' title="bbox 2074 1365 3725 1439">
     <span class='ocr_line' id='line_1_59' title="bbox 2074 1365 3725 1439; baseline 0.004 -19"><span class='ocrx_word' id='word_1_383' title='bbox 2074 1365 2164 1420; x_wconf 89' lang='lat' dir='ltr'>vel</span> <span class='ocrx_word' id='word_1_384' title='bbox 2195 1366 2348 1436; x_wconf 90' lang='lat' dir='ltr'>quod</span> <span class='ocrx_word' id='word_1_385' title='bbox 2382 1382 2499 1423; x_wconf 91' lang='lat' dir='ltr'>non</span> <span class='ocrx_word' id='word_1_386' title='bbox 2527 1366 2684 1423; x_wconf 89' lang='lat' dir='ltr'>inest</span> <span class='ocrx_word' id='word_1_387' title='bbox 2712 1367 2881 1439; x_wconf 86' lang='lat' dir='ltr'>quasi</span> <span class='ocrx_word' id='word_1_388' title='bbox 2912 1368 3078 1437; x_wconf 86' lang='lat' dir='ltr'>insit,</span> <span class='ocrx_word' id='word_1_389' title='bbox 3108 1374 3192 1437; x_wconf 88' lang='lat' dir='ltr'>ut,</span> <span class='ocrx_word' id='word_1_390' title='bbox 3224 1371 3469 1427; x_wconf 85' lang='lat' dir='ltr'>Peccare</span> <span class='ocrx_word' id='word_1_391' title='bbox 3496 1370 3725 1427; x_wconf 79' lang='lat' dir='ltr'>bonum</span> 
     </span>
    </p>
   </div>
   <div class='ocr_carea' id='block_1_60' title="bbox 2075 1454 3719 1532">
    <p class='ocr_par' dir='ltr' id='par_1_60' title="bbox 2075 1454 3719 1532">
     <span class='ocr_line' id='line_1_60' title="bbox 2075 1454 3719 1532; baseline 0.002 -21"><span class='ocrx_word' id='word_1_392' title='bbox 2075 1455 2230 1511; x_wconf 76' lang='lat'>270</span> <span class='ocrx_word' id='word_1_393' title='bbox 2260 1460 2387 1523; x_wconf 88' lang='lat' dir='ltr'>est;</span> <span class='ocrx_word' id='word_1_394' title='bbox 2435 1454 2524 1511; x_wconf 90' lang='lat' dir='ltr'><strong>vel</strong></span> <span class='ocrx_word' id='word_1_395' title='bbox 2571 1456 2726 1526; x_wconf 92' lang='lat' dir='ltr'>quod</span> <span class='ocrx_word' id='word_1_396' title='bbox 2784 1472 2899 1511; x_wconf 91' lang='lat' dir='ltr'>non</span> <span class='ocrx_word' id='word_1_397' title='bbox 2949 1457 3120 1527; x_wconf 90' lang='lat' dir='ltr'>inest,</span> <span class='ocrx_word' id='word_1_398' title='bbox 3169 1457 3340 1530; x_wconf 86' lang='lat' dir='ltr'>quasi</span> <span class='ocrx_word' id='word_1_399' title='bbox 3385 1475 3504 1515; x_wconf 91' lang='lat' dir='ltr'>non</span> <span class='ocrx_word' id='word_1_400' title='bbox 3548 1460 3719 1532; x_wconf 87' lang='lat' dir='ltr'>insit,</span> 
     </span>
    </p>
   </div>
   <div class='ocr_carea' id='block_1_61' title="bbox 2075 1544 3720 1618">
    <p class='ocr_par' dir='ltr' id='par_1_61' title="bbox 2075 1544 3720 1618">
     <span class='ocr_line' id='line_1_61' title="bbox 2075 1544 3720 1618; baseline 0.004 -19"><span class='ocrx_word' id='word_1_401' title='bbox 2075 1549 2170 1611; x_wconf 92' lang='lat' dir='ltr'>ut,</span> <span class='ocrx_word' id='word_1_402' title='bbox 2228 1544 2472 1600; x_wconf 88' lang='lat' dir='ltr'>Peccare</span> <span class='ocrx_word' id='word_1_403' title='bbox 2528 1561 2644 1600; x_wconf 91' lang='lat' dir='ltr'>non</span> <span class='ocrx_word' id='word_1_404' title='bbox 2699 1550 2787 1601; x_wconf 89' lang='lat' dir='ltr'>est</span> <span class='ocrx_word' id='word_1_405' title='bbox 2844 1546 3126 1618; x_wconf 90' lang='lat' dir='ltr'>bonum),</span> <span class='ocrx_word' id='word_1_406' title='bbox 3190 1547 3326 1602; x_wconf 91' lang='lat' dir='ltr'>hinc</span> <span class='ocrx_word' id='word_1_407' title='bbox 3384 1549 3511 1603; x_wconf 69' lang='lat' dir='ltr'>duae</span> <span class='ocrx_word' id='word_1_408' title='bbox 3567 1548 3720 1607; x_wconf 87' lang='lat' dir='ltr'>ﬁunt</span> 
     </span>
    </p>
   </div>
   <div class='ocr_carea' id='block_1_62' title="bbox 2075 1632 3719 1708">
    <p class='ocr_par' dir='ltr' id='par_1_62' title="bbox 2075 1632 3719 1708">
     <span class='ocr_line' id='line_1_62' title="bbox 2075 1632 3719 1708; baseline 0.003 -20"><span class='ocrx_word' id='word_1_409' title='bbox 2075 1632 2490 1705; x_wconf 82' lang='lat' dir='ltr'>appositiones,</span> <span class='ocrx_word' id='word_1_410' title='bbox 2548 1650 2668 1690; x_wconf 86' lang='lat' dir='ltr'>una</span> <span class='ocrx_word' id='word_1_411' title='bbox 2731 1633 2970 1705; x_wconf 87' lang='lat' dir='ltr'>quidem</span> <span class='ocrx_word' id='word_1_412' title='bbox 3037 1634 3195 1691; x_wconf 67' lang='lat' dir='ltr'>false</span> <span class='ocrx_word' id='word_1_413' title='bbox 3250 1635 3578 1708; x_wconf 82' lang='lat' dir='ltr'>negationis</span> <span class='ocrx_word' id='word_1_414' title='bbox 3644 1637 3719 1693; x_wconf 89' lang='lat' dir='ltr'>ad</span> 
     </span>
    </p>
   </div>
   <div class='ocr_carea' id='block_1_63' title="bbox 2074 1721 3720 1791">
    <p class='ocr_par' dir='ltr' id='par_1_63' title="bbox 2074 1721 3720 1791">
     <span class='ocr_line' id='line_1_63' title="bbox 2074 1721 3720 1791; baseline 0.003 -14"><span class='ocrx_word' id='word_1_415' title='bbox 2074 1737 2271 1777; x_wconf 82' lang='lat' dir='ltr'><strong>veram</strong></span> <span class='ocrx_word' id='word_1_416' title='bbox 2314 1721 2788 1791; x_wconf 82' lang='lat' dir='ltr'>afﬁrmationem,</span> <span class='ocrx_word' id='word_1_417' title='bbox 2821 1722 3003 1779; x_wconf 84' lang='lat' dir='ltr'>altera</span> <span class='ocrx_word' id='word_1_418' title='bbox 3056 1739 3189 1779; x_wconf 90' lang='lat' dir='ltr'>vero</span> <span class='ocrx_word' id='word_1_419' title='bbox 3241 1723 3401 1781; x_wconf 65' lang='lat' dir='ltr'>falsas</span> <span class='ocrx_word' id='word_1_420' title='bbox 3454 1724 3720 1783; x_wconf 75' lang='lat' dir='ltr'>afﬁrma-</span> 
     </span>
    </p>
   </div>
   <div class='ocr_carea' id='block_1_64' title="bbox 2073 1796 3717 1888">
    <p class='ocr_par' dir='ltr' id='par_1_64' title="bbox 2073 1796 3717 1888">
     <span class='ocr_line' id='line_1_64' title="bbox 2073 1796 3717 1888; baseline 0.004 -21"><span class='ocrx_word' id='word_1_421' title='bbox 2073 1796 2251 1868; x_wconf 80' lang='lat' dir='ltr'>tionis</span> <span class='ocrx_word' id='word_1_422' title='bbox 2299 1813 2371 1867; x_wconf 90' lang='lat' dir='ltr'>ad</span> <span class='ocrx_word' id='word_1_423' title='bbox 2430 1828 2627 1869; x_wconf 89' lang='lat' dir='ltr'>veram</span> <span class='ocrx_word' id='word_1_424' title='bbox 2677 1813 3066 1886; x_wconf 84' lang='lat' dir='ltr'>negationem.</span> <span class='ocrx_word' id='word_1_425' title='bbox 3114 1816 3304 1887; x_wconf 88' lang='lat' dir='ltr'>Atque</span> <span class='ocrx_word' id='word_1_426' title='bbox 3350 1820 3559 1888; x_wconf 71' lang='lat' dir='ltr'>praeter</span> <span class='ocrx_word' id='word_1_427' title='bbox 3610 1816 3717 1873; x_wconf 89' lang='lat' dir='ltr'>has</span> 
     </span>
    </p>
   </div>
   <div class='ocr_carea' id='block_1_65' title="bbox 2078 1901 3714 1977">
    <p class='ocr_par' dir='ltr' id='par_1_65' title="bbox 2078 1901 3714 1977">
     <span class='ocr_line' id='line_1_65' title="bbox 2078 1901 3714 1977; baseline 0.003 -21"><span class='ocrx_word' id='word_1_428' title='bbox 2078 1902 2224 1957; x_wconf 89' lang='lat' dir='ltr'>duas</span> <span class='ocrx_word' id='word_1_429' title='bbox 2253 1901 2653 1973; x_wconf 84' lang='lat' dir='ltr'>oppositiones</span> <span class='ocrx_word' id='word_1_430' title='bbox 2683 1902 2857 1958; x_wconf 89' lang='lat' dir='ltr'>aliam</span> <span class='ocrx_word' id='word_1_431' title='bbox 2898 1920 2970 1958; x_wconf 89' lang='lat' dir='ltr'>ne</span> <span class='ocrx_word' id='word_1_432' title='bbox 2999 1903 3238 1975; x_wconf 87' lang='lat' dir='ltr'>quidem</span> <span class='ocrx_word' id='word_1_433' title='bbox 3277 1905 3533 1977; x_wconf 87' lang='lat' dir='ltr'>cogitare</span> <span class='ocrx_word' id='word_1_434' title='bbox 3561 1905 3714 1963; x_wconf 88' lang='lat' dir='ltr'>licet.</span> 
     </span>
    </p>
   </div>
   <div class='ocr_carea' id='block_1_66' title="bbox 2151 2007 3797 2080">
    <p class='ocr_par' dir='ltr' id='par_1_66' title="bbox 2151 2007 3797 2080">
     <span class='ocr_line' id='line_1_66' title="bbox 2151 2007 3797 2080; baseline 0.005 -19"><span class='ocrx_word' id='word_1_435' title='bbox 2151 2008 2236 2061; x_wconf 90' lang='grc'>10.</span> <span class='ocrx_word' id='word_1_436' title='bbox 2287 2007 2490 2063; x_wconf 91' lang='lat' dir='ltr'>Omnis</span> <span class='ocrx_word' id='word_1_437' title='bbox 2550 2012 2746 2064; x_wconf 89' lang='lat' dir='ltr'>autem</span> <span class='ocrx_word' id='word_1_438' title='bbox 2796 2009 3108 2066; x_wconf 86' lang='lat' dir='ltr'>afﬁrmatio</span> <span class='ocrx_word' id='word_1_439' title='bbox 3166 2015 3255 2067; x_wconf 91' lang='lat' dir='ltr'>est</span> <span class='ocrx_word' id='word_1_440' title='bbox 3310 2011 3716 2080; x_wconf 89' lang='lat' dir='ltr'>enuntiativa;</span> <span class='ocrx_word' id='word_1_441' title='bbox 3790 2032 3797 2047; x_wconf 65' lang='grc' dir='ltr'><strong>ί</strong></span> 
     </span>
    </p>
   </div>
   <div class='ocr_carea' id='block_1_67' title="bbox 2079 2094 3716 2171">
    <p class='ocr_par' dir='ltr' id='par_1_67' title="bbox 2079 2094 3716 2171">
     <span class='ocr_line' id='line_1_67' title="bbox 2079 2094 3716 2171; baseline 0.004 -20"><span class='ocrx_word' id='word_1_442' title='bbox 2079 2094 2350 2151; x_wconf 82' lang='lat' dir='ltr'>similiter</span> <span class='ocrx_word' id='word_1_443' title='bbox 2396 2100 2453 2151; x_wconf 92' lang='lat' dir='ltr'>et</span> <span class='ocrx_word' id='word_1_444' title='bbox 2498 2096 2691 2152; x_wconf 90' lang='lat' dir='ltr'>omnis</span> <span class='ocrx_word' id='word_1_445' title='bbox 2740 2097 2992 2171; x_wconf 88' lang='lat' dir='ltr'>negatio.</span> <span class='ocrx_word' id='word_1_446' title='bbox 3026 2102 3095 2153; x_wconf 85' lang='lat' dir='ltr'>Et</span> <span class='ocrx_word' id='word_1_447' title='bbox 3135 2099 3322 2155; x_wconf 67' lang='lat' dir='ltr'>ambas</span> <span class='ocrx_word' id='word_1_448' title='bbox 3362 2116 3497 2156; x_wconf 87' lang='lat' dir='ltr'>vero</span> <span class='ocrx_word' id='word_1_449' title='bbox 3540 2099 3716 2156; x_wconf 88' lang='lat' dir='ltr'>etiam</span> 
     </span>
    </p>
   </div>
   <div class='ocr_carea' id='block_1_68' title="bbox 2080 2183 3722 2259">
    <p class='ocr_par' dir='ltr' id='par_1_68' title="bbox 2080 2183 3722 2259">
     <span class='ocr_line' id='line_1_68' title="bbox 2080 2183 3722 2259; baseline 0.004 -20"><span class='ocrx_word' id='word_1_450' title='bbox 2080 2183 2506 2257; x_wconf 88' lang='lat' dir='ltr'>propositiones</span> <span class='ocrx_word' id='word_1_451' title='bbox 2537 2186 2935 2255; x_wconf 83' lang='lat' dir='ltr'>nominantur,</span> <span class='ocrx_word' id='word_1_452' title='bbox 2969 2188 3125 2259; x_wconf 90' lang='lat' dir='ltr'>quod</span> <span class='ocrx_word' id='word_1_453' title='bbox 3176 2188 3249 2244; x_wconf 91' lang='lat' dir='ltr'>ab</span> <span class='ocrx_word' id='word_1_454' title='bbox 3296 2187 3370 2244; x_wconf 91' lang='lat' dir='ltr'>iis</span> <span class='ocrx_word' id='word_1_455' title='bbox 3407 2190 3509 2259; x_wconf 90' lang='lat' dir='ltr'>qui</span> <span class='ocrx_word' id='word_1_456' title='bbox 3546 2192 3722 2246; x_wconf 70' lang='lat' dir='ltr'>ratio-</span> 
     </span>
    </p>
   </div>
   <div class='ocr_carea' id='block_1_69' title="bbox 2081 2273 3723 2349">
    <p class='ocr_par' dir='ltr' id='par_1_69' title="bbox 2081 2273 3723 2349">
     <span class='ocr_line' id='line_1_69' title="bbox 2081 2273 3723 2349; baseline 0.004 -21"><span class='ocrx_word' id='word_1_457' title='bbox 2081 2273 2262 2329; x_wconf 88' lang='lat' dir='ltr'>cinari</span> <span class='ocrx_word' id='word_1_458' title='bbox 2295 2274 2419 2343; x_wconf 91' lang='lat' dir='ltr'>(seu</span> <span class='ocrx_word' id='word_1_459' title='bbox 2460 2274 2867 2348; x_wconf 82' lang='lat' dir='ltr'>syllogismum</span> <span class='ocrx_word' id='word_1_460' title='bbox 2897 2276 3109 2347; x_wconf 89' lang='lat' dir='ltr'>facere)</span> <span class='ocrx_word' id='word_1_461' title='bbox 3137 2276 3360 2349; x_wconf 88' lang='lat' dir='ltr'>volunt,</span> <span class='ocrx_word' id='word_1_462' title='bbox 3392 2277 3723 2335; x_wconf 90' lang='lat' dir='ltr'>communi-</span> 
     </span>
    </p>
   </div>
   <div class='ocr_carea' id='block_1_70' title="bbox 2081 2363 3043 2437">
    <p class='ocr_par' dir='ltr' id='par_1_70' title="bbox 2081 2363 3043 2437">
     <span class='ocr_line' id='line_1_70' title="bbox 2081 2363 3043 2437; baseline 0 -18"><span class='ocrx_word' id='word_1_463' title='bbox 2081 2364 2194 2419; x_wconf 89' lang='lat' dir='ltr'>bus</span> <span class='ocrx_word' id='word_1_464' title='bbox 2223 2363 2585 2420; x_wconf 85' lang='lat' dir='ltr'>orationibus</span> <span class='ocrx_word' id='word_1_465' title='bbox 2623 2369 3043 2437; x_wconf 85' lang='lat' dir='ltr'>proponantur.</span> 
     </span>
    </p>
   </div>
   <div class='ocr_carea' id='block_1_71' title="bbox 2155 2453 3723 2526">
    <p class='ocr_par' dir='ltr' id='par_1_71' title="bbox 2155 2453 3723 2526">
     <span class='ocr_line' id='line_1_71' title="bbox 2155 2453 3723 2526; baseline 0.004 -19"><span class='ocrx_word' id='word_1_466' title='bbox 2155 2454 2239 2508; x_wconf 90' lang='grc'>11.</span> <span class='ocrx_word' id='word_1_467' title='bbox 2276 2455 2464 2519; x_wconf 85' lang='lat' dir='ltr'>Quare</span> <span class='ocrx_word' id='word_1_468' title='bbox 2494 2453 2812 2526; x_wconf 87' lang='lat' dir='ltr'>propositio</span> <span class='ocrx_word' id='word_1_469' title='bbox 2854 2461 2944 2511; x_wconf 90' lang='lat' dir='ltr'>est</span> <span class='ocrx_word' id='word_1_470' title='bbox 2989 2457 3172 2513; x_wconf 87' lang='lat' dir='ltr'>oratio</span> <span class='ocrx_word' id='word_1_471' title='bbox 3221 2458 3586 2514; x_wconf 86' lang='lat' dir='ltr'>enuntiativa</span> <span class='ocrx_word' id='word_1_472' title='bbox 3634 2458 3723 2515; x_wconf 89' lang='lat' dir='ltr'>vel</span> 
     </span>
    </p>
   </div>
   <div class='ocr_carea' id='block_1_72' title="bbox 2084 2540 3721 2618">
    <p class='ocr_par' dir='ltr' id='par_1_72' title="bbox 2084 2540 3721 2618">
     <span class='ocr_line' id='line_1_72' title="bbox 2084 2540 3721 2618; baseline 0.004 -22"><span class='ocrx_word' id='word_1_473' title='bbox 2084 2540 2335 2612; x_wconf 85' lang='lat' dir='ltr'>alicujus</span> <span class='ocrx_word' id='word_1_474' title='bbox 2363 2542 2436 2598; x_wconf 89' lang='lat' dir='ltr'>de</span> <span class='ocrx_word' id='word_1_475' title='bbox 2465 2541 2662 2614; x_wconf 89' lang='lat' dir='ltr'>aliquo</span> <span class='ocrx_word' id='word_1_476' title='bbox 2684 2541 2773 2599; x_wconf 91' lang='lat' dir='ltr'>vel</span> <span class='ocrx_word' id='word_1_477' title='bbox 2804 2543 3057 2615; x_wconf 86' lang='lat' dir='ltr'>alicujus</span> <span class='ocrx_word' id='word_1_478' title='bbox 3085 2545 3157 2600; x_wconf 89' lang='lat' dir='ltr'>ab</span> <span class='ocrx_word' id='word_1_479' title='bbox 3178 2544 3397 2618; x_wconf 89' lang='lat' dir='ltr'>aliquo.</span> <span class='ocrx_word' id='word_1_480' title='bbox 3420 2547 3490 2602; x_wconf 91' lang='lat' dir='ltr'>Et</span> <span class='ocrx_word' id='word_1_481' title='bbox 3518 2546 3721 2604; x_wconf 89' lang='lat' dir='ltr'>aliter:</span> 
     </span>
    </p>
   </div>
   <div class='ocr_carea' id='block_1_73' title="bbox 2084 2629 3579 2706">
    <p class='ocr_par' dir='ltr' id='par_1_73' title="bbox 2084 2629 3579 2706">
     <span class='ocr_line' id='line_1_73' title="bbox 2084 2629 3579 2706; baseline 0.003 -21"><span class='ocrx_word' id='word_1_482' title='bbox 2084 2629 2403 2702; x_wconf 88' lang='lat' dir='ltr'>propositio</span> <span class='ocrx_word' id='word_1_483' title='bbox 2433 2636 2523 2687; x_wconf 89' lang='lat' dir='ltr'>est</span> <span class='ocrx_word' id='word_1_484' title='bbox 2561 2630 2737 2687; x_wconf 90' lang='lat' dir='ltr'>unius</span> <span class='ocrx_word' id='word_1_485' title='bbox 2767 2632 3242 2689; x_wconf 89' lang='lat' dir='ltr'>contradictionis</span> <span class='ocrx_word' id='word_1_486' title='bbox 3272 2634 3579 2706; x_wconf 89' lang='lat' dir='ltr'>particula.</span> 
     </span>
    </p>
   </div>
   <div class='ocr_carea' id='block_1_74' title="bbox 2158 2737 3728 2813">
    <p class='ocr_par' dir='ltr' id='par_1_74' title="bbox 2158 2737 3728 2813">
     <span class='ocr_line' id='line_1_74' title="bbox 2158 2737 3728 2813; baseline 0.004 -21"><span class='ocrx_word' id='word_1_487' title='bbox 2158 2738 2244 2792; x_wconf 82' lang='lat' dir='ltr'>l2.</span> <span class='ocrx_word' id='word_1_488' title='bbox 2297 2737 2470 2793; x_wconf 93' lang='lat' dir='ltr'>Porro</span> <span class='ocrx_word' id='word_1_489' title='bbox 2525 2737 2990 2810; x_wconf 85' lang='lat' dir='ltr'>propositionum</span> <span class='ocrx_word' id='word_1_490' title='bbox 3047 2739 3171 2794; x_wconf 76' lang='lat' dir='ltr'>alias</span> <span class='ocrx_word' id='word_1_491' title='bbox 3230 2755 3298 2796; x_wconf 86' lang='lat' dir='ltr'>ex</span> <span class='ocrx_word' id='word_1_492' title='bbox 3354 2741 3617 2813; x_wconf 85' lang='lat' dir='ltr'>subjecto</span> <span class='ocrx_word' id='word_1_493' title='bbox 3669 2745 3728 2799; x_wconf 93' lang='lat' dir='ltr'>et</span> 
     </span>
    </p>
   </div>
   <div class='ocr_carea' id='block_1_75' title="bbox 2085 2825 3726 2900">
    <p class='ocr_par' dir='ltr' id='par_1_75' title="bbox 2085 2825 3726 2900">
     <span class='ocr_line' id='line_1_75' title="bbox 2085 2825 3726 2900; baseline 0.002 -19"><span class='ocrx_word' id='word_1_494' title='bbox 2085 2825 2393 2899; x_wconf 66' lang='lat' dir='ltr'>praedicato</span> <span class='ocrx_word' id='word_1_495' title='bbox 2421 2830 2651 2882; x_wconf 85' lang='lat' dir='ltr'>tantum</span> <span class='ocrx_word' id='word_1_496' title='bbox 2682 2831 2970 2882; x_wconf 88' lang='lat' dir='ltr'>constant.</span> <span class='ocrx_word' id='word_1_497' title='bbox 3003 2827 3221 2899; x_wconf 88' lang='lat' dir='ltr'>Estque</span> <span class='ocrx_word' id='word_1_498' title='bbox 3260 2829 3562 2900; x_wconf 84' lang='lat' dir='ltr'>subjectus</span> <span class='ocrx_word' id='word_1_499' title='bbox 3609 2835 3726 2885; x_wconf 87' lang='lat' dir='ltr'>ter-</span> 
     </span>
    </p>
   </div>
   <div class='ocr_carea' id='block_1_76' title="bbox 2086 2915 3730 2990">
    <p class='ocr_par' dir='ltr' id='par_1_76' title="bbox 2086 2915 3730 2990">
     <span class='ocr_line' id='line_1_76' title="bbox 2086 2915 3730 2990; baseline 0.002 -20"><span class='ocrx_word' id='word_1_500' title='bbox 2086 2916 2284 2970; x_wconf 88' lang='lat' dir='ltr'>minus</span> <span class='ocrx_word' id='word_1_501' title='bbox 2313 2915 2384 2970; x_wconf 92' lang='lat' dir='ltr'>de</span> <span class='ocrx_word' id='word_1_502' title='bbox 2414 2931 2529 2986; x_wconf 93' lang='lat' dir='ltr'>quo</span> <span class='ocrx_word' id='word_1_503' title='bbox 2561 2916 2743 2971; x_wconf 79' lang='lat' dir='ltr'>oratio</span> <span class='ocrx_word' id='word_1_504' title='bbox 2775 2920 2864 2971; x_wconf 91' lang='lat' dir='ltr'>est</span> <span class='ocrx_word' id='word_1_505' title='bbox 2898 2933 2911 2971; x_wconf 93' lang='lat'>:</span> <span class='ocrx_word' id='word_1_506' title='bbox 2956 2916 3322 2988; x_wconf 63' lang='lat' dir='ltr'>pradicatus,</span> <span class='ocrx_word' id='word_1_507' title='bbox 3357 2918 3459 2990; x_wconf 91' lang='lat' dir='ltr'>qui</span> <span class='ocrx_word' id='word_1_508' title='bbox 3487 2919 3560 2974; x_wconf 91' lang='lat' dir='ltr'>de</span> <span class='ocrx_word' id='word_1_509' title='bbox 3588 2919 3730 2974; x_wconf 87' lang='lat' dir='ltr'>sub-</span> 
     </span>
    </p>
   </div>
   <div class='ocr_carea' id='block_1_77' title="bbox 2079 3003 3722 3077">
    <p class='ocr_par' dir='ltr' id='par_1_77' title="bbox 2079 3003 3722 3077">
     <span class='ocr_line' id='line_1_77' title="bbox 2079 3003 3722 3077; baseline 0.003 -18"><span class='ocrx_word' id='word_1_510' title='bbox 2079 3005 2234 3075; x_wconf 90' lang='lat' dir='ltr'>jecto</span> <span class='ocrx_word' id='word_1_511' title='bbox 2283 3003 2516 3071; x_wconf 91' lang='lat' dir='ltr'>dicitur,</span> <span class='ocrx_word' id='word_1_512' title='bbox 2565 3003 2746 3071; x_wconf 89' lang='lat' dir='ltr'>velut,</span> <span class='ocrx_word' id='word_1_513' title='bbox 2789 3004 3103 3077; x_wconf 88' lang='lat' dir='ltr'>Gregorius</span> <span class='ocrx_word' id='word_1_514' title='bbox 3155 3006 3226 3060; x_wconf 93' lang='lat' dir='ltr'>de</span> <span class='ocrx_word' id='word_1_515' title='bbox 3275 3005 3392 3061; x_wconf 91' lang='lat' dir='ltr'>Deo</span> <span class='ocrx_word' id='word_1_516' title='bbox 3439 3006 3722 3064; x_wconf 89' lang='lat' dir='ltr'>disserit:</span> 
     </span>
    </p>
   </div>
   <div class='ocr_carea' id='block_1_78' title="bbox 2084 3091 3726 3164">
    <p class='ocr_par' dir='ltr' id='par_1_78' title="bbox 2084 3091 3726 3164">
     <span class='ocr_line' id='line_1_78' title="bbox 2084 3091 3726 3164; baseline 0.004 -20"><span class='ocrx_word' id='word_1_517' title='bbox 2084 3091 2145 3145; x_wconf 87' lang='grc' dir='ltr'>τὸ</span> <span class='ocrx_word' id='word_1_518' title='bbox 2177 3091 2489 3163; x_wconf 87' lang='lat' dir='ltr'>Gregorius</span> <span class='ocrx_word' id='word_1_519' title='bbox 2511 3092 2750 3164; x_wconf 89' lang='lat' dir='ltr'>quidem</span> <span class='ocrx_word' id='word_1_520' title='bbox 2773 3093 3118 3162; x_wconf 82' lang='lat' dir='ltr'>subjicitur:</span> <span class='ocrx_word' id='word_1_521' title='bbox 3153 3094 3225 3149; x_wconf 91' lang='lat' dir='ltr'>de</span> <span class='ocrx_word' id='word_1_522' title='bbox 3254 3109 3320 3149; x_wconf 91' lang='lat' dir='ltr'>eo</span> <span class='ocrx_word' id='word_1_523' title='bbox 3351 3094 3505 3149; x_wconf 91' lang='lat' dir='ltr'>enim</span> <span class='ocrx_word' id='word_1_524' title='bbox 3533 3111 3726 3152; x_wconf 89' lang='lat' dir='ltr'>sermo</span> 
     </span>
    </p>
   </div>
   <div class='ocr_carea' id='block_1_79' title="bbox 2086 3180 3727 3257">
    <p class='ocr_par' dir='ltr' id='par_1_79' title="bbox 2086 3180 3727 3257">
     <span class='ocr_line' id='line_1_79' title="bbox 2086 3180 3727 3257; baseline 0.002 -20"><span class='ocrx_word' id='word_1_525' title='bbox 2086 3187 2174 3237; x_wconf 90' lang='lat' dir='ltr'>est</span> <span class='ocrx_word' id='word_1_526' title='bbox 2206 3200 2219 3237; x_wconf 92' lang='lat'>:</span> <span class='ocrx_word' id='word_1_527' title='bbox 2268 3180 2331 3234; x_wconf 88' lang='grc' dir='ltr'>τὸ</span> <span class='ocrx_word' id='word_1_528' title='bbox 2378 3182 2450 3237; x_wconf 90' lang='lat' dir='ltr'>de</span> <span class='ocrx_word' id='word_1_529' title='bbox 2488 3180 2604 3237; x_wconf 95' lang='lat' dir='ltr'>Deo</span> <span class='ocrx_word' id='word_1_530' title='bbox 2645 3181 2898 3251; x_wconf 83' lang='lat' dir='ltr'>disserit,</span> <span class='ocrx_word' id='word_1_531' title='bbox 2934 3182 3320 3254; x_wconf 66' lang='lat' dir='ltr'>praedicatur;</span> <span class='ocrx_word' id='word_1_532' title='bbox 3352 3183 3422 3239; x_wconf 91' lang='lat' dir='ltr'>de</span> <span class='ocrx_word' id='word_1_533' title='bbox 3453 3183 3727 3257; x_wconf 88' lang='lat' dir='ltr'>Gregorio</span> 
     </span>
    </p>
   </div>
   <div class='ocr_carea' id='block_1_80' title="bbox 2086 3269 3725 3344">
    <p class='ocr_par' dir='ltr' id='par_1_80' title="bbox 2086 3269 3725 3344">
     <span class='ocr_line' id='line_1_80' title="bbox 2086 3269 3725 3344; baseline 0.002 -18"><span class='ocrx_word' id='word_1_534' title='bbox 2086 3272 2243 3327; x_wconf 86' lang='lat' dir='ltr'>enim</span> <span class='ocrx_word' id='word_1_535' title='bbox 2288 3271 2503 3325; x_wconf 91' lang='lat' dir='ltr'>dicitur</span> <span class='ocrx_word' id='word_1_536' title='bbox 2542 3269 2604 3323; x_wconf 85' lang='grc' dir='ltr'>τὸ</span> <span class='ocrx_word' id='word_1_537' title='bbox 2651 3271 2723 3326; x_wconf 91' lang='lat' dir='ltr'>de</span> <span class='ocrx_word' id='word_1_538' title='bbox 2764 3270 2880 3326; x_wconf 92' lang='lat' dir='ltr'>Deo</span> <span class='ocrx_word' id='word_1_539' title='bbox 2919 3270 3221 3327; x_wconf 84' lang='lat' dir='ltr'>disserere.</span> <span class='ocrx_word' id='word_1_540' title='bbox 3257 3271 3725 3344; x_wconf 89' lang='lat' dir='ltr'>Propositionum</span> 
     </span>
    </p>
   </div>
   <div class='ocr_carea' id='block_1_81' title="bbox 2085 3360 3745 3435">
    <p class='ocr_par' dir='ltr' id='par_1_81' title="bbox 2085 3360 3745 3435">
     <span class='ocr_line' id='line_1_81' title="bbox 2085 3360 3745 3435; baseline 0.003 -21"><span class='ocrx_word' id='word_1_541' title='bbox 2085 3360 2263 3432; x_wconf 83' lang='lat' dir='ltr'>igitur</span> <span class='ocrx_word' id='word_1_542' title='bbox 2282 3360 2407 3415; x_wconf 73' lang='lat' dir='ltr'>alia:</span> <span class='ocrx_word' id='word_1_543' title='bbox 2431 3360 2759 3428; x_wconf 88' lang='lat' dir='ltr'>subjectum</span> <span class='ocrx_word' id='word_1_544' title='bbox 2789 3364 2847 3415; x_wconf 92' lang='lat' dir='ltr'>et</span> <span class='ocrx_word' id='word_1_545' title='bbox 2871 3360 3249 3432; x_wconf 61' lang='lat' dir='ltr'>praedicatum</span> <span class='ocrx_word' id='word_1_546' title='bbox 3279 3361 3513 3433; x_wconf 86' lang='lat' dir='ltr'>habent,</span> <span class='ocrx_word' id='word_1_547' title='bbox 3538 3378 3745 3435; x_wconf 84' lang='lat' dir='ltr'>neque</span> 
     </span>
    </p>
   </div>
   <div class='ocr_carea' id='block_1_82' title="bbox 2086 3447 3726 3522">
    <p class='ocr_par' dir='ltr' id='par_1_82' title="bbox 2086 3447 3726 3522">
     <span class='ocr_line' id='line_1_82' title="bbox 2086 3447 3726 3522; baseline 0.002 -19"><span class='ocrx_word' id='word_1_548' title='bbox 2086 3448 2240 3521; x_wconf 90' lang='lat' dir='ltr'>plus,</span> <span class='ocrx_word' id='word_1_549' title='bbox 2275 3448 2398 3504; x_wconf 65' lang='lat' dir='ltr'>aliae</span> <span class='ocrx_word' id='word_1_550' title='bbox 2453 3464 2585 3504; x_wconf 89' lang='lat' dir='ltr'>vero</span> <span class='ocrx_word' id='word_1_551' title='bbox 2637 3449 2813 3505; x_wconf 90' lang='lat' dir='ltr'>etiam</span> <span class='ocrx_word' id='word_1_552' title='bbox 2859 3447 3100 3505; x_wconf 91' lang='lat' dir='ltr'>tertium</span> <span class='ocrx_word' id='word_1_553' title='bbox 3145 3450 3623 3522; x_wconf 64' lang='lat' dir='ltr'>appredicatum,</span> <span class='ocrx_word' id='word_1_554' title='bbox 3655 3452 3726 3506; x_wconf 86' lang='lat' dir='ltr'>T6</span> 
     </span>
    </p>
   </div>
   <div class='ocr_carea' id='block_1_83' title="bbox 2085 3537 3729 3613">
    <p class='ocr_par' dir='ltr' id='par_1_83' title="bbox 2085 3537 3729 3613">
     <span class='ocr_line' id='line_1_83' title="bbox 2085 3537 3729 3613; baseline 0.001 -19"><span class='ocrx_word' id='word_1_555' title='bbox 2085 3544 2192 3595; x_wconf 89' lang='lat' dir='ltr'>est.</span> <span class='ocrx_word' id='word_1_556' title='bbox 2225 3537 2357 3601; x_wconf 72' lang='lat' dir='ltr'>Qus:</span> <span class='ocrx_word' id='word_1_557' title='bbox 2389 3537 2537 3593; x_wconf 73' lang='lat'>271</span> <span class='ocrx_word' id='word_1_558' title='bbox 2583 3538 2740 3593; x_wconf 90' lang='lat' dir='ltr'>enim</span> <span class='ocrx_word' id='word_1_559' title='bbox 2787 3538 2859 3593; x_wconf 91' lang='lat' dir='ltr'>de</span> <span class='ocrx_word' id='word_1_560' title='bbox 2907 3555 3024 3593; x_wconf 95' lang='lat' dir='ltr'>uno</span> <span class='ocrx_word' id='word_1_561' title='bbox 3055 3539 3320 3610; x_wconf 89' lang='lat' dir='ltr'>subjecto</span> <span class='ocrx_word' id='word_1_562' title='bbox 3350 3540 3410 3594; x_wconf 93' lang='lat' dir='ltr'>in</span> <span class='ocrx_word' id='word_1_563' title='bbox 3443 3556 3560 3595; x_wconf 88' lang='lat' dir='ltr'>una</span> <span class='ocrx_word' id='word_1_564' title='bbox 3590 3557 3729 3613; x_wconf 89' lang='lat' dir='ltr'>pro-</span> 
     </span>
    </p>
   </div>
   <div class='ocr_carea' id='block_1_84' title="bbox 2086 3626 3728 3700">
    <p class='ocr_par' dir='ltr' id='par_1_84' title="bbox 2086 3626 3728 3700">
     <span class='ocr_line' id='line_1_84' title="bbox 2086 3626 3728 3700; baseline 0.003 -19"><span class='ocrx_word' id='word_1_565' title='bbox 2086 3626 2375 3697; x_wconf 89' lang='lat' dir='ltr'>positione</span> <span class='ocrx_word' id='word_1_566' title='bbox 2403 3626 2699 3693; x_wconf 89' lang='lat' dir='ltr'>dicuntur,</span> <span class='ocrx_word' id='word_1_567' title='bbox 2720 3626 2918 3682; x_wconf 90' lang='lat' dir='ltr'>omnia</span> <span class='ocrx_word' id='word_1_568' title='bbox 2946 3644 3100 3682; x_wconf 90' lang='lat' dir='ltr'>unus</span> <span class='ocrx_word' id='word_1_569' title='bbox 3131 3628 3477 3700; x_wconf 77' lang='lat' dir='ltr'>praedicatus</span> <span class='ocrx_word' id='word_1_570' title='bbox 3506 3628 3728 3698; x_wconf 89' lang='lat' dir='ltr'>(termi-</span> 
     </span>
    </p>
   </div>
   <div class='ocr_carea' id='block_1_85' title="bbox 2088 3714 3725 3790">
    <p class='ocr_par' dir='ltr' id='par_1_85' title="bbox 2088 3714 3725 3790">
     <span class='ocr_line' id='line_1_85' title="bbox 2088 3714 3725 3790; baseline 0.004 -22"><span class='ocrx_word' id='word_1_571' title='bbox 2088 3715 2222 3786; x_wconf 87' lang='lat' dir='ltr'>nus)</span> <span class='ocrx_word' id='word_1_572' title='bbox 2275 3715 2673 3770; x_wconf 89' lang='lat' dir='ltr'>nominantur.</span> <span class='ocrx_word' id='word_1_573' title='bbox 2729 3714 2801 3768; x_wconf 88' lang='lat' dir='ltr'>T6</span> <span class='ocrx_word' id='word_1_574' title='bbox 2855 3720 2945 3771; x_wconf 87' lang='lat' dir='ltr'>est</span> <span class='ocrx_word' id='word_1_575' title='bbox 2999 3721 3218 3782; x_wconf 90' lang='lat' dir='ltr'>autem,</span> <span class='ocrx_word' id='word_1_576' title='bbox 3268 3717 3725 3790; x_wconf 71' lang='lat' dir='ltr'>appraadicatum</span> 
     </span>
    </p>
   </div>
   <div class='ocr_carea' id='block_1_86' title="bbox 2087 3802 3723 3880">
    <p class='ocr_par' dir='ltr' id='par_1_86' title="bbox 2087 3802 3723 3880">
     <span class='ocr_line' id='line_1_86' title="bbox 2087 3802 3723 3880; baseline 0.004 -23"><span class='ocrx_word' id='word_1_577' title='bbox 2087 3802 2414 3875; x_wconf 90' lang='lat' dir='ltr'>appellatur</span> <span class='ocrx_word' id='word_1_578' title='bbox 2440 3803 2619 3873; x_wconf 87' lang='lat' dir='ltr'>velut,</span> <span class='ocrx_word' id='word_1_579' title='bbox 2650 3803 2965 3875; x_wconf 88' lang='lat' dir='ltr'>Gregorius</span> <span class='ocrx_word' id='word_1_580' title='bbox 2994 3804 3300 3877; x_wconf 88' lang='lat' dir='ltr'>theologus</span> <span class='ocrx_word' id='word_1_581' title='bbox 3331 3811 3387 3862; x_wconf 91' lang='lat' dir='ltr'>et</span> <span class='ocrx_word' id='word_1_582' title='bbox 3430 3806 3723 3880; x_wconf 85' lang='lat' dir='ltr'>physiolo-</span> 
     </span>
    </p>
   </div>
   <div class='ocr_carea' id='block_1_87' title="bbox 2087 3892 3723 3968">
    <p class='ocr_par' dir='ltr' id='par_1_87' title="bbox 2087 3892 3723 3968">
     <span class='ocr_line' id='line_1_87' title="bbox 2087 3892 3723 3968; baseline 0.004 -22"><span class='ocrx_word' id='word_1_583' title='bbox 2087 3908 2218 3964; x_wconf 86' lang='lat' dir='ltr'>gus,</span> <span class='ocrx_word' id='word_1_584' title='bbox 2251 3898 2309 3947; x_wconf 91' lang='lat' dir='ltr'>et</span> <span class='ocrx_word' id='word_1_585' title='bbox 2356 3892 2622 3947; x_wconf 89' lang='lat' dir='ltr'>omnium</span> <span class='ocrx_word' id='word_1_586' title='bbox 2666 3892 2890 3948; x_wconf 91' lang='lat' dir='ltr'>entium</span> <span class='ocrx_word' id='word_1_587' title='bbox 2933 3892 3127 3951; x_wconf 89' lang='lat' dir='ltr'>sciens</span> <span class='ocrx_word' id='word_1_588' title='bbox 3169 3900 3275 3950; x_wconf 91' lang='lat' dir='ltr'>est.</span> <span class='ocrx_word' id='word_1_589' title='bbox 3307 3895 3381 3949; x_wconf 83' lang='lat' dir='ltr'>T6</span> <span class='ocrx_word' id='word_1_590' title='bbox 3411 3897 3723 3968; x_wconf 86' lang='lat' dir='ltr'>Gregorius</span> 
     </span>
    </p>
   </div>
   <div class='ocr_carea' id='block_1_88' title="bbox 2088 3981 3724 4058">
    <p class='ocr_par' dir='ltr' id='par_1_88' title="bbox 2088 3981 3724 4058">
     <span class='ocr_line' id='line_1_88' title="bbox 2088 3981 3724 4058; baseline 0.004 -22"><span class='ocrx_word' id='word_1_591' title='bbox 2088 3981 2243 4036; x_wconf 86' lang='lat' dir='ltr'>enim</span> <span class='ocrx_word' id='word_1_592' title='bbox 2300 3981 2599 4052; x_wconf 88' lang='lat' dir='ltr'>subjectus</span> <span class='ocrx_word' id='word_1_593' title='bbox 2656 3983 2946 4038; x_wconf 89' lang='lat' dir='ltr'>terminus</span> <span class='ocrx_word' id='word_1_594' title='bbox 3001 3989 3134 4040; x_wconf 87' lang='lat' dir='ltr'>est:</span> <span class='ocrx_word' id='word_1_595' title='bbox 3184 3988 3243 4039; x_wconf 90' lang='lat' dir='ltr'>at</span> <span class='ocrx_word' id='word_1_596' title='bbox 3287 3983 3351 4036; x_wconf 83' lang='grc' dir='ltr'>τὸ</span> <span class='ocrx_word' id='word_1_597' title='bbox 3400 3984 3724 4058; x_wconf 85' lang='lat' dir='ltr'>theologus,</span> 
     </span>
    </p>
   </div>
   <div class='ocr_carea' id='block_1_89' title="bbox 2089 4068 3733 4147">
    <p class='ocr_par' dir='ltr' id='par_1_89' title="bbox 2089 4068 3733 4147">
     <span class='ocr_line' id='line_1_89' title="bbox 2089 4068 3733 4147; baseline 0.003 -23"><span class='ocrx_word' id='word_1_598' title='bbox 2089 4068 2491 4142; x_wconf 88' lang='lat' dir='ltr'>physiologus,</span> <span class='ocrx_word' id='word_1_599' title='bbox 2523 4075 2580 4125; x_wconf 92' lang='lat' dir='ltr'>et</span> <span class='ocrx_word' id='word_1_600' title='bbox 2607 4070 2876 4126; x_wconf 91' lang='lat' dir='ltr'>omnium</span> <span class='ocrx_word' id='word_1_601' title='bbox 2905 4073 3130 4128; x_wconf 90' lang='lat' dir='ltr'>entium</span> <span class='ocrx_word' id='word_1_602' title='bbox 3161 4074 3373 4140; x_wconf 90' lang='lat' dir='ltr'>sciens,</span> <span class='ocrx_word' id='word_1_603' title='bbox 3406 4091 3562 4131; x_wconf 90' lang='lat' dir='ltr'>unus</span> <span class='ocrx_word' id='word_1_604' title='bbox 3594 4092 3733 4147; x_wconf 71' lang='lat' dir='ltr'>pras-</span> 
     </span>
    </p>
   </div>
   <div class='ocr_carea' id='block_1_90' title="bbox 2090 4156 3734 4232">
    <p class='ocr_par' dir='ltr' id='par_1_90' title="bbox 2090 4156 3734 4232">
     <span class='ocr_line' id='line_1_90' title="bbox 2090 4156 3734 4232; baseline 0.005 -22"><span class='ocrx_word' id='word_1_605' title='bbox 2090 4156 2317 4212; x_wconf 89' lang='lat' dir='ltr'>dicatus</span> <span class='ocrx_word' id='word_1_606' title='bbox 2352 4173 2365 4212; x_wconf 90' lang='lat'>:</span> <span class='ocrx_word' id='word_1_607' title='bbox 2416 4162 2475 4213; x_wconf 91' lang='lat' dir='ltr'>et</span> <span class='ocrx_word' id='word_1_608' title='bbox 2521 4158 2677 4229; x_wconf 91' lang='lat' dir='ltr'>quod</span> <span class='ocrx_word' id='word_1_609' title='bbox 2721 4159 2792 4213; x_wconf 85' lang='lat' dir='ltr'>ad</span> <span class='ocrx_word' id='word_1_610' title='bbox 2837 4158 2958 4214; x_wconf 80' lang='lat' dir='ltr'>haec</span> <span class='ocrx_word' id='word_1_611' title='bbox 2999 4161 3347 4232; x_wconf 77' lang='lat' dir='ltr'>praedicatur</span> <span class='ocrx_word' id='word_1_612' title='bbox 3371 4159 3434 4214; x_wconf 86' lang='grc' dir='ltr'>τὸ</span> <span class='ocrx_word' id='word_1_613' title='bbox 3463 4166 3559 4218; x_wconf 78' lang='lat' dir='ltr'>est.</span> <span class='ocrx_word' id='word_1_614' title='bbox 3593 4161 3734 4217; x_wconf 77' lang='lat' dir='ltr'>Alias</span> 
     </span>
    </p>
   </div>
   <div class='ocr_carea' id='block_1_91' title="bbox 2091 4246 3735 4322">
    <p class='ocr_par' dir='ltr' id='par_1_91' title="bbox 2091 4246 3735 4322">
     <span class='ocr_line' id='line_1_91' title="bbox 2091 4246 3735 4322; baseline 0.003 -20"><span class='ocrx_word' id='word_1_615' title='bbox 2091 4250 2287 4302; x_wconf 86' lang='lat' dir='ltr'>autem</span> <span class='ocrx_word' id='word_1_616' title='bbox 2320 4246 2746 4318; x_wconf 88' lang='lat' dir='ltr'>propositiones</span> <span class='ocrx_word' id='word_1_617' title='bbox 2792 4247 2967 4303; x_wconf 89' lang='lat' dir='ltr'>etiam</span> <span class='ocrx_word' id='word_1_618' title='bbox 3011 4250 3253 4305; x_wconf 90' lang='lat' dir='ltr'>modum</span> <span class='ocrx_word' id='word_1_619' title='bbox 3292 4251 3583 4322; x_wconf 89' lang='lat' dir='ltr'>adjectum</span> <span class='ocrx_word' id='word_1_620' title='bbox 3623 4251 3735 4307; x_wconf 87' lang='lat' dir='ltr'>ha-</span> 
     </span>
    </p>
   </div>
   <div class='ocr_carea' id='block_1_92' title="bbox 2091 4335 3736 4413">
    <p class='ocr_par' dir='ltr' id='par_1_92' title="bbox 2091 4335 3736 4413">
     <span class='ocr_line' id='line_1_92' title="bbox 2091 4335 3736 4413; baseline 0.004 -23"><span class='ocrx_word' id='word_1_621' title='bbox 2091 4336 2251 4402; x_wconf 87' lang='lat' dir='ltr'>bent,</span> <span class='ocrx_word' id='word_1_622' title='bbox 2285 4335 2576 4408; x_wconf 89' lang='lat' dir='ltr'>quomodo</span> <span class='ocrx_word' id='word_1_623' title='bbox 2606 4336 2986 4408; x_wconf 68' lang='lat' dir='ltr'>praedicatum</span> <span class='ocrx_word' id='word_1_624' title='bbox 3017 4338 3278 4409; x_wconf 90' lang='lat' dir='ltr'>subjecto</span> <span class='ocrx_word' id='word_1_625' title='bbox 3316 4338 3459 4395; x_wconf 90' lang='lat' dir='ltr'>insit</span> <span class='ocrx_word' id='word_1_626' title='bbox 3505 4339 3736 4413; x_wconf 85' lang='lat' dir='ltr'>signiﬁ-</span> 
     </span>
    </p>
   </div>
   <div class='ocr_carea' id='block_1_93' title="bbox 2094 4427 2344 4479">
    <p class='ocr_par' dir='ltr' id='par_1_93' title="bbox 2094 4427 2344 4479">
     <span class='ocr_line' id='line_1_93' title="bbox 2094 4427 2344 4479; baseline -0.008 0"><span class='ocrx_word' id='word_1_627' title='bbox 2094 4427 2344 4479; x_wconf 90' lang='lat' dir='ltr'>cantem.</span> 
     </span>
    </p>
   </div>
   <div class='ocr_carea' id='block_1_94' title="bbox 2167 4603 3739 4680">
    <p class='ocr_par' dir='ltr' id='par_1_94' title="bbox 2167 4603 3739 4680">
     <span class='ocr_line' id='line_1_94' title="bbox 2167 4603 3739 4680; baseline 0.004 -22"><span class='ocrx_word' id='word_1_628' title='bbox 2167 4604 2255 4659; x_wconf 91' lang='grc'>13.</span> <span class='ocrx_word' id='word_1_629' title='bbox 2314 4603 2582 4676; x_wconf 90' lang='lat' dir='ltr'>Suntque</span> <span class='ocrx_word' id='word_1_630' title='bbox 2648 4605 2806 4660; x_wconf 89' lang='lat' dir='ltr'>modi</span> <span class='ocrx_word' id='word_1_631' title='bbox 2873 4607 3289 4674; x_wconf 90' lang='lat' dir='ltr'>necessarium,</span> <span class='ocrx_word' id='word_1_632' title='bbox 3348 4607 3739 4680; x_wconf 87' lang='lat' dir='ltr'>impossibile,</span> 
     </span>
    </p>
   </div>
   <div class='ocr_carea' id='block_1_95' title="bbox 332 4685 1974 4772">
    <p class='ocr_par' dir='ltr' id='par_1_95' title="bbox 332 4688 1974 4772">
     <span class='ocr_line' id='line_1_95' title="bbox 332 4688 1974 4772; baseline -0.001 -22"><span class='ocrx_word' id='word_1_633' title='bbox 332 4688 706 4771; x_wconf 76' lang='grc' dir='ltr'>ἐνδεχόμενον,</span> <span class='ocrx_word' id='word_1_634' title='bbox 756 4696 818 4750; x_wconf 88' lang='grc' dir='ltr'>τὸ</span> <span class='ocrx_word' id='word_1_635' title='bbox 870 4693 1079 4764; x_wconf 84' lang='grc' dir='ltr'>καλῶς,</span> <span class='ocrx_word' id='word_1_636' title='bbox 1110 4695 1173 4749; x_wconf 89' lang='grc' dir='ltr'>τὸ</span> <span class='ocrx_word' id='word_1_637' title='bbox 1225 4697 1429 4772; x_wconf 82' lang='grc' dir='ltr'>σαφῶς,</span> <span class='ocrx_word' id='word_1_638' title='bbox 1479 4693 1568 4749; x_wconf 88' lang='grc' dir='ltr'>καὶ</span> <span class='ocrx_word' id='word_1_639' title='bbox 1625 4688 1800 4771; x_wconf 71' lang='grc' dir='ltr'>ἕτερα·</span> <span class='ocrx_word' id='word_1_640' title='bbox 1854 4695 1974 4749; x_wconf 74' lang='grc' dir='ltr'>ὧνέ</span> 
     </span>
    </p>
   </div>
   <div class='ocr_carea' id='block_1_96' title="bbox 2094 4685 3738 4772">
    <p class='ocr_par' dir='ltr' id='par_1_96' title="bbox 2098 4692 3738 4771">
     <span class='ocr_line' id='line_1_96' title="bbox 2098 4692 3738 4771; baseline 0.002 -21"><span class='ocrx_word' id='word_1_641' title='bbox 2098 4692 2468 4766; x_wconf 89' lang='lat' dir='ltr'>contingens,</span> <span class='ocrx_word' id='word_1_642' title='bbox 2492 4693 2755 4765; x_wconf 87' lang='lat' dir='ltr'>pulchre,</span> <span class='ocrx_word' id='word_1_643' title='bbox 2778 4696 3106 4767; x_wconf 89' lang='lat' dir='ltr'>perspicue,</span> <span class='ocrx_word' id='word_1_644' title='bbox 3125 4702 3183 4752; x_wconf 88' lang='lat' dir='ltr'>et</span> <span class='ocrx_word' id='word_1_645' title='bbox 3210 4701 3451 4754; x_wconf 60' lang='lat' dir='ltr'>caetera:</span> <span class='ocrx_word' id='word_1_646' title='bbox 3485 4713 3738 4771; x_wconf 90' lang='lat' dir='ltr'>quorum</span> 
     </span>
    </p>
   </div>
   <div class='ocr_carea' id='block_1_97' title="bbox 331 4779 1981 4863">
    <p class='ocr_par' dir='ltr' id='par_1_97' title="bbox 331 4779 1981 4863">
     <span class='ocr_line' id='line_1_97' title="bbox 331 4779 1981 4863; baseline -0.001 -24"><span class='ocrx_word' id='word_1_647' title='bbox 331 4784 581 4859; x_wconf 86' lang='grc' dir='ltr'>ἀριθμὸς,</span> <span class='ocrx_word' id='word_1_648' title='bbox 634 4782 786 4863; x_wconf 84' lang='grc' dir='ltr'>φύσει</span> <span class='ocrx_word' id='word_1_649' title='bbox 851 4784 945 4857; x_wconf 71' lang='grc' dir='ltr'>μὲν</span> <span class='ocrx_word' id='word_1_650' title='bbox 1005 4782 1367 4860; x_wconf 87' lang='grc' dir='ltr'>περιληπτὸς,</span> <span class='ocrx_word' id='word_1_651' title='bbox 1419 4784 1554 4857; x_wconf 87' lang='grc' dir='ltr'>ἡμῖν</span> <span class='ocrx_word' id='word_1_652' title='bbox 1611 4779 1660 4837; x_wconf 86' lang='grc' dir='ltr'>δ’</span> <span class='ocrx_word' id='word_1_653' title='bbox 1712 4781 1981 4859; x_wconf 81' lang='grc' dir='ltr'>ἀπερίλη-</span> 
     </span>
    </p>
   </div>
   <div class='ocr_carea' id='block_1_98' title="bbox 331 4868 1981 4949">
    <p class='ocr_par' dir='ltr' id='par_1_98' title="bbox 331 4868 1981 4949">
     <span class='ocr_line' id='line_1_98' title="bbox 331 4868 1981 4949; baseline -0.001 -21"><span class='ocrx_word' id='word_1_654' title='bbox 331 4893 489 4936; x_wconf 87' lang='grc' dir='ltr'>πτος.</span> <span class='ocrx_word' id='word_1_655' title='bbox 567 4874 716 4943; x_wconf 83' lang='grc' dir='ltr'>Οἶον,</span> <span class='ocrx_word' id='word_1_656' title='bbox 792 4874 1115 4949; x_wconf 85' lang='grc' dir='ltr'>Ἀναγκαῖον</span> <span class='ocrx_word' id='word_1_657' title='bbox 1166 4872 1258 4927; x_wconf 89' lang='grc' dir='ltr'>τὸν</span> <span class='ocrx_word' id='word_1_658' title='bbox 1345 4868 1627 4948; x_wconf 79' lang='grc' dir='ltr'>ἄνθρωπον</span> <span class='ocrx_word' id='word_1_659' title='bbox 1708 4871 1981 4927; x_wconf 61' lang='grc' dir='ltr'>ἀναπνεῖν</span> 
     </span>
    </p>
   </div>
   <div class='ocr_carea' id='block_1_99' title="bbox 334 4958 1985 5039">
    <p class='ocr_par' dir='ltr' id='par_1_99' title="bbox 334 4958 1985 5039">
     <span class='ocr_line' id='line_1_99' title="bbox 334 4958 1985 5039; baseline -0.002 -20"><span class='ocrx_word' id='word_1_660' title='bbox 334 4958 626 5019; x_wconf 84' lang='grc' dir='ltr'>Ἀδύνατον</span> <span class='ocrx_word' id='word_1_661' title='bbox 678 4961 814 5018; x_wconf 80' lang='grc' dir='ltr'>εἶναι</span> <span class='ocrx_word' id='word_1_662' title='bbox 869 4962 960 5017; x_wconf 86' lang='grc' dir='ltr'>τὸν</span> <span class='ocrx_word' id='word_1_663' title='bbox 1018 4960 1187 5017; x_wconf 62' lang='grc' dir='ltr'>τίππον</span> <span class='ocrx_word' id='word_1_664' title='bbox 1236 4960 1533 5039; x_wconf 87' lang='grc' dir='ltr'>πτερωτόν·</span> <span class='ocrx_word' id='word_1_665' title='bbox 1568 4959 1848 5016; x_wconf 79' lang='grc' dir='ltr'>Βασίλειον</span> <span class='ocrx_word' id='word_1_666' title='bbox 1899 4960 1985 5016; x_wconf 80' lang='grc' dir='ltr'>έν-</span> 
     </span>
    </p>
   </div>
   <div class='ocr_carea' id='block_1_100' title="bbox 336 5047 1983 5128">
    <p class='ocr_par' dir='ltr' id='par_1_100' title="bbox 336 5047 1983 5128">
     <span class='ocr_line' id='line_1_100' title="bbox 336 5047 1983 5128; baseline 0 -22"><span class='ocrx_word' id='word_1_667' title='bbox 336 5048 553 5128; x_wconf 83' lang='grc' dir='ltr'>δέχεται</span> <span class='ocrx_word' id='word_1_668' title='bbox 637 5050 997 5127; x_wconf 82' lang='grc' dir='ltr'>γονυκλιτεῖν·</span> <span class='ocrx_word' id='word_1_669' title='bbox 1059 5049 1373 5113; x_wconf 83' lang='grc' dir='ltr'>Ἀθανάσιος</span> <span class='ocrx_word' id='word_1_670' title='bbox 1454 5047 1637 5113; x_wconf 80' lang='grc' dir='ltr'>καλῶς</span> <span class='ocrx_word' id='word_1_671' title='bbox 1726 5047 1983 5106; x_wconf 84' lang='grc' dir='ltr'>διδάσκει·</span> 
     </span>
    </p>
   </div>
   <div class='ocr_carea' id='block_1_101' title="bbox 336 5138 1127 5219">
    <p class='ocr_par' dir='ltr' id='par_1_101' title="bbox 336 5138 1127 5219">
     <span class='ocr_line' id='line_1_101' title="bbox 336 5138 1127 5219; baseline 0.003 -25"><span class='ocrx_word' id='word_1_672' title='bbox 336 5140 591 5211; x_wconf 83' lang='grc' dir='ltr'>Ἰωάννης</span> <span class='ocrx_word' id='word_1_673' title='bbox 622 5142 808 5219; x_wconf 83' lang='grc' dir='ltr'>σαφῶς</span> <span class='ocrx_word' id='word_1_674' title='bbox 838 5138 1127 5218; x_wconf 78' lang='grc' dir='ltr'>ἐξηγεῖται.</span> 
     </span>
    </p>
   </div>
   <div class='ocr_carea' id='block_1_102' title="bbox 414 5313 1992 5393">
    <p class='ocr_par' dir='ltr' id='par_1_102' title="bbox 414 5313 1992 5393">
     <span class='ocr_line' id='line_1_102' title="bbox 414 5313 1992 5393; baseline -0.001 -20"><span class='ocrx_word' id='word_1_675' title='bbox 414 5314 499 5373; x_wconf 80' lang='grc' dir='ltr'>ιδ’.</span> <span class='ocrx_word' id='word_1_676' title='bbox 529 5315 744 5372; x_wconf 84' lang='grc' dir='ltr'>Τούτων</span> <span class='ocrx_word' id='word_1_677' title='bbox 808 5314 865 5373; x_wconf 74' lang='grc' dir='ltr'>δὲ</span> <span class='ocrx_word' id='word_1_678' title='bbox 919 5321 1026 5373; x_wconf 89' lang='grc' dir='ltr'>τῶν</span> <span class='ocrx_word' id='word_1_679' title='bbox 1082 5315 1352 5393; x_wconf 88' lang='grc' dir='ltr'>τεσσάρων</span> <span class='ocrx_word' id='word_1_680' title='bbox 1434 5314 1599 5393; x_wconf 77' lang='grc' dir='ltr'>ὅρων,</span> <span class='ocrx_word' id='word_1_681' title='bbox 1656 5313 1823 5392; x_wconf 82' lang='grc' dir='ltr'>ἤγουν</span> <span class='ocrx_word' id='word_1_682' title='bbox 1892 5320 1992 5372; x_wconf 74' lang='grc' dir='ltr'>τοῦ</span> 
     </span>
    </p>
   </div>
   <div class='ocr_carea' id='block_1_103' title="bbox 342 5404 1989 5483">
    <p class='ocr_par' dir='ltr' id='par_1_103' title="bbox 342 5404 1989 5483">
     <span class='ocr_line' id='line_1_103' title="bbox 342 5404 1989 5483; baseline -0.002 -21"><span class='ocrx_word' id='word_1_683' title='bbox 342 5405 727 5479; x_wconf 79' lang='grc' dir='ltr'>ὑποκειμένου,</span> <span class='ocrx_word' id='word_1_684' title='bbox 774 5410 872 5461; x_wconf 77' lang='grc' dir='ltr'>τοῦ</span> <span class='ocrx_word' id='word_1_685' title='bbox 919 5404 1424 5483; x_wconf 74' lang='grc' dir='ltr'>κατηγορουμένου,</span> <span class='ocrx_word' id='word_1_686' title='bbox 1469 5409 1567 5458; x_wconf 77' lang='grc' dir='ltr'>τοῦ</span> <span class='ocrx_word' id='word_1_687' title='bbox 1613 5425 1989 5482; x_wconf 71' lang='grc' dir='ltr'>προσκατηγο-</span> 
     </span>
    </p>
   </div>
   <div class='ocr_carea' id='block_1_104' title="bbox 340 5490 1987 5574">
    <p class='ocr_par' dir='ltr' id='par_1_104' title="bbox 340 5490 1987 5574">
     <span class='ocr_line' id='line_1_104' title="bbox 340 5490 1987 5574; baseline -0.001 -24"><span class='ocrx_word' id='word_1_688' title='bbox 340 5493 629 5573; x_wconf 87' lang='grc' dir='ltr'>ρουμένου,</span> <span class='ocrx_word' id='word_1_689' title='bbox 656 5495 746 5550; x_wconf 83' lang='grc' dir='ltr'>καὶ</span> <span class='ocrx_word' id='word_1_690' title='bbox 802 5500 900 5551; x_wconf 76' lang='grc' dir='ltr'>τοῦ</span> <span class='ocrx_word' id='word_1_691' title='bbox 945 5496 1173 5574; x_wconf 89' lang='grc' dir='ltr'>τρόπου,</span> <span class='ocrx_word' id='word_1_692' title='bbox 1211 5493 1468 5555; x_wconf 81' lang='grc' dir='ltr'>πλείονας</span> <span class='ocrx_word' id='word_1_693' title='bbox 1527 5491 1627 5549; x_wconf 79' lang='grc' dir='ltr'>οὐκ</span> <span class='ocrx_word' id='word_1_694' title='bbox 1683 5490 1822 5548; x_wconf 80' lang='grc' dir='ltr'>ἔστιν</span> <span class='ocrx_word' id='word_1_695' title='bbox 1873 5494 1987 5549; x_wconf 83' lang='grc' dir='ltr'>ἐπι-</span> 
     </span>
    </p>
   </div>
   <div class='ocr_carea' id='block_1_105' title="bbox 339 5582 1457 5662">
    <p class='ocr_par' dir='ltr' id='par_1_105' title="bbox 339 5582 1457 5662">
     <span class='ocr_line' id='line_1_105' title="bbox 339 5582 1457 5662; baseline -0.003 -22"><span class='ocrx_word' id='word_1_696' title='bbox 339 5590 535 5654; x_wconf 88' lang='grc' dir='ltr'>νοῆσαι</span> <span class='ocrx_word' id='word_1_697' title='bbox 566 5583 703 5657; x_wconf 83' lang='grc' dir='ltr'>πρὸς</span> <span class='ocrx_word' id='word_1_698' title='bbox 739 5590 864 5657; x_wconf 81' lang='grc' dir='ltr'>μιᾶς</span> <span class='ocrx_word' id='word_1_699' title='bbox 893 5583 1208 5662; x_wconf 89' lang='grc' dir='ltr'>προτάσεως</span> <span class='ocrx_word' id='word_1_700' title='bbox 1235 5582 1457 5660; x_wconf 81' lang='grc' dir='ltr'>γένεσιν.</span> 
     </span>
    </p>
   </div>
   <div class='ocr_carea' id='block_1_106' title="bbox 414 5670 1990 5751">
    <p class='ocr_par' dir='ltr' id='par_1_106' title="bbox 414 5670 1990 5751">
     <span class='ocr_line' id='line_1_106' title="bbox 414 5670 1990 5751; baseline 0 -24"><span class='ocrx_word' id='word_1_701' title='bbox 414 5674 494 5731; x_wconf 87' lang='grc' dir='ltr'>ιε’.</span> <span class='ocrx_word' id='word_1_702' title='bbox 530 5671 652 5727; x_wconf 85' lang='grc' dir='ltr'>Ἐπὶ</span> <span class='ocrx_word' id='word_1_703' title='bbox 680 5673 859 5746; x_wconf 85' lang='grc' dir='ltr'>πάσης</span> <span class='ocrx_word' id='word_1_704' title='bbox 917 5670 975 5728; x_wconf 76' lang='grc' dir='ltr'>δὲ</span> <span class='ocrx_word' id='word_1_705' title='bbox 1028 5671 1341 5751; x_wconf 87' lang='grc' dir='ltr'>προτάσεως</span> <span class='ocrx_word' id='word_1_706' title='bbox 1386 5672 1414 5725; x_wconf 86' lang='lat'>6</span> <span class='ocrx_word' id='word_1_707' title='bbox 1443 5670 1925 5748; x_wconf 87' lang='grc' dir='ltr'>κατηγορούμενος</span> <span class='ocrx_word' id='word_1_708' title='bbox 1953 5671 1990 5743; x_wconf 79' lang='grc' dir='ltr'>ἤ</span> 
     </span>
    </p>
   </div>
   <div class='ocr_carea' id='block_1_107' title="bbox 340 5759 1995 5845">
    <p class='ocr_par' dir='ltr' id='par_1_107' title="bbox 340 5759 1995 5845">
     <span class='ocr_line' id='line_1_107' title="bbox 340 5759 1995 5845; baseline -0.001 -25"><span class='ocrx_word' id='word_1_709' title='bbox 340 5762 499 5845; x_wconf 76' lang='grc' dir='ltr'>ῥῆμα</span> <span class='ocrx_word' id='word_1_710' title='bbox 556 5761 819 5841; x_wconf 78' lang='grc' dir='ltr'>ὑπάρχειν</span> <span class='ocrx_word' id='word_1_711' title='bbox 882 5760 1112 5842; x_wconf 78' lang='grc' dir='ltr'>ὀφείλει,</span> <span class='ocrx_word' id='word_1_712' title='bbox 1134 5761 1170 5833; x_wconf 75' lang='grc' dir='ltr'><strong>ἥ</strong></span> <span class='ocrx_word' id='word_1_713' title='bbox 1204 5764 1409 5827; x_wconf 87' lang='grc' dir='ltr'>πτῶσις</span> <span class='ocrx_word' id='word_1_714' title='bbox 1470 5760 1536 5833; x_wconf 75' lang='grc' dir='ltr'>δή</span> <span class='ocrx_word' id='word_1_715' title='bbox 1549 5781 1738 5837; x_wconf 83' lang='grc' dir='ltr'>ματος,</span> <span class='ocrx_word' id='word_1_716' title='bbox 1768 5759 1805 5833; x_wconf 77' lang='grc' dir='ltr'><strong>ἤ</strong></span> <span class='ocrx_word' id='word_1_717' title='bbox 1837 5761 1995 5839; x_wconf 86' lang='grc' dir='ltr'>ἀόρι-</span> 
     </span>
    </p>
   </div>
   <div class='ocr_carea' id='block_1_108' title="bbox 2094 4783 3737 4858">
    <p class='ocr_par' dir='ltr' id='par_1_108' title="bbox 2094 4783 3737 4858">
     <span class='ocr_line' id='line_1_108' title="bbox 2094 4783 3737 4858; baseline 0.004 -22"><span class='ocrx_word' id='word_1_718' title='bbox 2094 4798 2379 4838; x_wconf 92' lang='lat' dir='ltr'>numerus</span> <span class='ocrx_word' id='word_1_719' title='bbox 2409 4788 2619 4839; x_wconf 88' lang='lat' dir='ltr'>natura</span> <span class='ocrx_word' id='word_1_720' title='bbox 2647 4783 2880 4855; x_wconf 90' lang='lat' dir='ltr'>quidem</span> <span class='ocrx_word' id='word_1_721' title='bbox 2915 4790 3005 4840; x_wconf 88' lang='lat' dir='ltr'>est</span> <span class='ocrx_word' id='word_1_722' title='bbox 3033 4785 3601 4858; x_wconf 89' lang='lat' dir='ltr'>comprehensibilis,</span> <span class='ocrx_word' id='word_1_723' title='bbox 3634 4803 3737 4843; x_wconf 89' lang='lat' dir='ltr'>no-</span> 
     </span>
    </p>
   </div>
   <div class='ocr_carea' id='block_1_109' title="bbox 2094 4870 3739 4943">
    <p class='ocr_par' dir='ltr' id='par_1_109' title="bbox 2094 4870 3739 4943">
     <span class='ocr_line' id='line_1_109' title="bbox 2094 4870 3739 4943; baseline 0.002 -17"><span class='ocrx_word' id='word_1_724' title='bbox 2094 4871 2187 4927; x_wconf 92' lang='lat' dir='ltr'>bis</span> <span class='ocrx_word' id='word_1_725' title='bbox 2234 4876 2430 4926; x_wconf 90' lang='lat' dir='ltr'>autem</span> <span class='ocrx_word' id='word_1_726' title='bbox 2479 4870 3108 4943; x_wconf 88' lang='lat' dir='ltr'>incomprehensibilis.</span> <span class='ocrx_word' id='word_1_727' title='bbox 3141 4874 3313 4930; x_wconf 87' lang='lat' dir='ltr'>Velut</span> <span class='ocrx_word' id='word_1_728' title='bbox 3340 4873 3739 4932; x_wconf 88' lang='lat' dir='ltr'>necessarium</span> 
     </span>
    </p>
   </div>
   <div class='ocr_carea' id='block_1_110' title="bbox 2096 4959 3741 5034">
    <p class='ocr_par' dir='ltr' id='par_1_110' title="bbox 2096 4959 3741 5034">
     <span class='ocr_line' id='line_1_110' title="bbox 2096 4959 3741 5034; baseline 0.003 -19"><span class='ocrx_word' id='word_1_729' title='bbox 2096 4964 2186 5015; x_wconf 91' lang='lat' dir='ltr'>est</span> <span class='ocrx_word' id='word_1_730' title='bbox 2223 4959 2521 5015; x_wconf 90' lang='lat' dir='ltr'>hominem</span> <span class='ocrx_word' id='word_1_731' title='bbox 2554 4960 2860 5032; x_wconf 89' lang='lat' dir='ltr'>respirare,</span> <span class='ocrx_word' id='word_1_732' title='bbox 2890 4960 3255 5034; x_wconf 89' lang='lat' dir='ltr'>impossibile</span> <span class='ocrx_word' id='word_1_733' title='bbox 3303 4967 3393 5019; x_wconf 86' lang='lat' dir='ltr'>est</span> <span class='ocrx_word' id='word_1_734' title='bbox 3439 4962 3741 5020; x_wconf 89' lang='lat' dir='ltr'>hominem</span> 
     </span>
    </p>
   </div>
   <div class='ocr_carea' id='block_1_111' title="bbox 2096 5047 3737 5124">
    <p class='ocr_par' dir='ltr' id='par_1_111' title="bbox 2096 5047 3737 5124">
     <span class='ocr_line' id='line_1_111' title="bbox 2096 5047 3737 5124; baseline 0.003 -20"><span class='ocrx_word' id='word_1_735' title='bbox 2096 5065 2224 5104; x_wconf 90' lang='lat' dir='ltr'>esse</span> <span class='ocrx_word' id='word_1_736' title='bbox 2263 5047 2506 5115; x_wconf 88' lang='lat' dir='ltr'>alatum,</span> <span class='ocrx_word' id='word_1_737' title='bbox 2536 5048 2820 5104; x_wconf 88' lang='lat' dir='ltr'>Basilium</span> <span class='ocrx_word' id='word_1_738' title='bbox 2863 5051 3151 5123; x_wconf 91' lang='lat' dir='ltr'>contingit</span> <span class='ocrx_word' id='word_1_739' title='bbox 3197 5051 3584 5124; x_wconf 89' lang='lat' dir='ltr'>ingeniculari</span> <span class='ocrx_word' id='word_1_740' title='bbox 3634 5068 3737 5109; x_wconf 90' lang='lat' dir='ltr'>seu</span> 
     </span>
    </p>
   </div>
   <div class='ocr_carea' id='block_1_112' title="bbox 2098 5136 3739 5211">
    <p class='ocr_par' dir='ltr' id='par_1_112' title="bbox 2098 5136 3739 5211">
     <span class='ocr_line' id='line_1_112' title="bbox 2098 5136 3739 5211; baseline 0.004 -20"><span class='ocrx_word' id='word_1_741' title='bbox 2098 5153 2290 5209; x_wconf 79' lang='lat' dir='ltr'>genus</span> <span class='ocrx_word' id='word_1_742' title='bbox 2313 5137 2542 5193; x_wconf 89' lang='lat' dir='ltr'>ﬂectere</span> <span class='ocrx_word' id='word_1_743' title='bbox 2566 5152 2578 5191; x_wconf 93' lang='lat'>:</span> <span class='ocrx_word' id='word_1_744' title='bbox 2611 5136 2967 5195; x_wconf 85' lang='lat' dir='ltr'>Athanasius</span> <span class='ocrx_word' id='word_1_745' title='bbox 2996 5138 3241 5211; x_wconf 90' lang='lat' dir='ltr'>pulchre</span> <span class='ocrx_word' id='word_1_746' title='bbox 3270 5141 3456 5210; x_wconf 89' lang='lat' dir='ltr'>docet,</span> <span class='ocrx_word' id='word_1_747' title='bbox 3479 5141 3739 5198; x_wconf 88' lang='lat' dir='ltr'>Joannes</span> 
     </span>
    </p>
   </div>
   <div class='ocr_carea' id='block_1_113' title="bbox 2099 5224 2726 5297">
    <p class='ocr_par' dir='ltr' id='par_1_113' title="bbox 2099 5224 2726 5297">
     <span class='ocr_line' id='line_1_113' title="bbox 2099 5224 2726 5297; baseline 0 -16"><span class='ocrx_word' id='word_1_748' title='bbox 2099 5225 2404 5297; x_wconf 90' lang='lat' dir='ltr'>perspicue</span> <span class='ocrx_word' id='word_1_749' title='bbox 2433 5224 2726 5297; x_wconf 82' lang='lat' dir='ltr'>explanat.</span> 
     </span>
    </p>
   </div>
   <div class='ocr_carea' id='block_1_114' title="bbox 2178 5313 3741 5392">
    <p class='ocr_par' dir='ltr' id='par_1_114' title="bbox 2178 5313 3741 5392">
     <span class='ocr_line' id='line_1_114' title="bbox 2178 5313 3741 5392; baseline 0.006 -25"><span class='ocrx_word' id='word_1_750' title='bbox 2178 5314 2259 5370; x_wconf 83' lang='grc'>14.</span> <span class='ocrx_word' id='word_1_751' title='bbox 2296 5315 2360 5370; x_wconf 87' lang='lat' dir='ltr'>Et</span> <span class='ocrx_word' id='word_1_752' title='bbox 2407 5313 2605 5386; x_wconf 90' lang='lat' dir='ltr'>plures</span> <span class='ocrx_word' id='word_1_753' title='bbox 2658 5314 2819 5370; x_wconf 87' lang='lat' dir='ltr'>hisce</span> <span class='ocrx_word' id='word_1_754' title='bbox 2870 5316 3141 5374; x_wconf 86' lang='lat' dir='ltr'>terminis</span> <span class='ocrx_word' id='word_1_755' title='bbox 3192 5336 3403 5392; x_wconf 89' lang='lat' dir='ltr'>nempe</span> <span class='ocrx_word' id='word_1_756' title='bbox 3450 5320 3741 5391; x_wconf 90' lang='lat' dir='ltr'>subjecto,</span> 
     </span>
    </p>
   </div>
   <div class='ocr_carea' id='block_1_115' title="bbox 2101 5403 3742 5483">
    <p class='ocr_par' dir='ltr' id='par_1_115' title="bbox 2101 5403 3742 5483">
     <span class='ocr_line' id='line_1_115' title="bbox 2101 5403 3742 5483; baseline 0.004 -26"><span class='ocrx_word' id='word_1_757' title='bbox 2101 5403 2433 5476; x_wconf 73' lang='lat' dir='ltr'>praedicato,</span> <span class='ocrx_word' id='word_1_758' title='bbox 2459 5403 2864 5475; x_wconf 63' lang='lat' dir='ltr'>appredicato,</span> <span class='ocrx_word' id='word_1_759' title='bbox 2888 5410 2945 5463; x_wconf 82' lang='lat' dir='ltr'>et</span> <span class='ocrx_word' id='word_1_760' title='bbox 2974 5408 3145 5463; x_wconf 90' lang='lat' dir='ltr'>modo</span> <span class='ocrx_word' id='word_1_761' title='bbox 3172 5409 3244 5464; x_wconf 92' lang='lat' dir='ltr'>ad</span> <span class='ocrx_word' id='word_1_762' title='bbox 3274 5409 3452 5465; x_wconf 90' lang='lat' dir='ltr'>unius</span> <span class='ocrx_word' id='word_1_763' title='bbox 3480 5409 3742 5483; x_wconf 89' lang='lat' dir='ltr'>proposi-</span> 
     </span>
    </p>
   </div>
   <div class='ocr_carea' id='block_1_116' title="bbox 2102 5492 3468 5568">
    <p class='ocr_par' dir='ltr' id='par_1_116' title="bbox 2102 5492 3468 5568">
     <span class='ocr_line' id='line_1_116' title="bbox 2102 5492 3468 5568; baseline 0.007 -22"><span class='ocrx_word' id='word_1_764' title='bbox 2102 5492 2277 5548; x_wconf 89' lang='lat' dir='ltr'>tionis</span> <span class='ocrx_word' id='word_1_765' title='bbox 2306 5492 2781 5549; x_wconf 85' lang='lat' dir='ltr'>constitutionem</span> <span class='ocrx_word' id='word_1_766' title='bbox 2811 5497 3136 5568; x_wconf 83' lang='lat' dir='ltr'>excogitare</span> <span class='ocrx_word' id='word_1_767' title='bbox 3168 5514 3284 5555; x_wconf 92' lang='lat' dir='ltr'>non</span> <span class='ocrx_word' id='word_1_768' title='bbox 3313 5498 3468 5555; x_wconf 90' lang='lat' dir='ltr'>licet.</span> 
     </span>
    </p>
   </div>
   <div class='ocr_carea' id='block_1_117' title="bbox 2174 5670 3740 5749">
    <p class='ocr_par' dir='ltr' id='par_1_117' title="bbox 2174 5670 3740 5749">
     <span class='ocr_line' id='line_1_117' title="bbox 2174 5670 3740 5749; baseline 0.005 -23"><span class='ocrx_word' id='word_1_769' title='bbox 2174 5672 2260 5727; x_wconf 86' lang='grc'>15.</span> <span class='ocrx_word' id='word_1_770' title='bbox 2293 5670 2578 5727; x_wconf 63' lang='lat' dir='ltr'>Caeterum</span> <span class='ocrx_word' id='word_1_771' title='bbox 2627 5670 2688 5727; x_wconf 91' lang='lat' dir='ltr'>in</span> <span class='ocrx_word' id='word_1_772' title='bbox 2740 5674 2900 5729; x_wconf 88' lang='lat' dir='ltr'>omni</span> <span class='ocrx_word' id='word_1_773' title='bbox 2949 5677 3343 5749; x_wconf 82' lang='lat' dir='ltr'>prapositione</span> <span class='ocrx_word' id='word_1_774' title='bbox 3390 5676 3740 5749; x_wconf 65' lang='lat' dir='ltr'>praedicatus</span> 
     </span>
    </p>
   </div>
   <div class='ocr_carea' id='block_1_118' title="bbox 2104 5761 3738 5838">
    <p class='ocr_par' dir='ltr' id='par_1_118' title="bbox 2104 5761 3738 5838">
     <span class='ocr_line' id='line_1_118' title="bbox 2104 5761 3738 5838; baseline 0.002 -19"><span class='ocrx_word' id='word_1_775' title='bbox 2104 5761 2392 5819; x_wconf 88' lang='lat' dir='ltr'>terminus</span> <span class='ocrx_word' id='word_1_776' title='bbox 2423 5763 2523 5817; x_wconf 88' lang='lat' dir='ltr'>aut</span> <span class='ocrx_word' id='word_1_777' title='bbox 2551 5761 2817 5833; x_wconf 88' lang='lat' dir='ltr'>verbum,</span> <span class='ocrx_word' id='word_1_778' title='bbox 2849 5769 2952 5821; x_wconf 88' lang='lat' dir='ltr'>aut</span> <span class='ocrx_word' id='word_1_779' title='bbox 2996 5782 3170 5825; x_wconf 87' lang='lat' dir='ltr'>casus</span> <span class='ocrx_word' id='word_1_780' title='bbox 3202 5766 3382 5838; x_wconf 88' lang='lat' dir='ltr'>verbi,</span> <span class='ocrx_word' id='word_1_781' title='bbox 3414 5770 3516 5823; x_wconf 86' lang='lat' dir='ltr'>aut</span> <span class='ocrx_word' id='word_1_782' title='bbox 3542 5765 3738 5823; x_wconf 84' lang='lat' dir='ltr'>inﬁni-</span> 
     </span>
    </p>
   </div>
  </div>
