4108 6468
389 453 505 513 899

1638 446 2061 509 NICEPHOBI
2106 448 2544 511 BLEMMlD/E

3674 462 3797 521 900

386 588 514 639 tum
542 584 780 639 verbum
814 596 940 636 esse
969 579 1140 634 debet
1171 594 1185 634 :
1241 578 1394 634 272
1428 577 1733 647 subjectus
1761 593 1893 633 vero
1924 594 1984 633 at

2102 597 2258 662 ,στον
2311 577 2481 652 ῥῆμα
2539 580 2567 632 6
2625 577 2671 634 δ’
2727 582 3101 656 ὑποκείμενος,
3161 584 3196 653 ἤ
3252 581 3443 660 ὄνομα,
3495 586 3531 656 ἤ
3578 593 3790 652 πτῶσις

385 689 598 729 nomen
621 675 724 727 aut
748 686 920 725 casus
942 666 1217 734 nominis,
1242 672 1345 723 aut
1371 666 1669 721 inﬁnitum
1692 683 1904 722 nomen
1930 685 1984 722 at

2137 666 2423 741 ὀνόματος,
2473 668 2508 739 η’
2559 670 2807 746 ἀόριστον
2862 668 3056 748 ὄνομα,
3107 673 3143 743 ἤ
3194 675 3356 752 λόγος
3400 676 3460 731 ἐκ
3510 676 3785 735 πλειόνων

380 763 566 819 oratio
596 777 665 817 ex
693 759 962 832 pluribus
991 756 1330 813 nominibus
1361 756 1704 828 composita.

450 852 537 907 16.
572 848 772 905 Ditlert
799 854 998 903 autem
1038 863 1251 902 nomen
1304 862 1337 900 a
1382 863 1520 901 casu
1554 844 1831 913 nominis,
1868 847 2021 916 quod

396 942 521 999 llud
554 940 792 1013 quidem
825 941 979 992 recto
1010 952 1149 991 casu
1181 935 1474 1007 profertur
1519 940 1575 989 et
1623 950 1835 989 nomen
1879 934 2023 990 dici-

376 1037 495 1098 tur,
517 1035 603 1100 ut,
624 1028 810 1084 Judas
832 1032 922 1083 est
952 1026 1212 1098 proditor
1235 1049 1250 1091 ;
1282 1024 1383 1079 sed
1414 1023 1672 1079 nominis
1696 1024 2021 1078 secundum

375 1122 648 1194 obliquos
692 1117 861 1185 alios,
909 1114 1251 1188 genitivum,
1298 1113 1581 1180 dativum,
1623 1112 2020 1167 accusativum

372 1210 641 1285 prolatio,
686 1224 858 1264 casus
914 1204 1171 1261 nominis
1219 1206 1480 1270 vocatur,
1530 1201 1683 1271 quod
1732 1201 1902 1273 quasi
1951 1217 2021 1256 ex

375 1302 601 1373 integro
633 1315 734 1355 seu
767 1301 921 1353 recto
952 1293 1244 1351 ceciderit.
1278 1291 1467 1360 Velut,
1505 1290 1748 1345 Virtutis
1792 1289 2017 1345 studio-

374 1408 509 1448 sum
557 1406 685 1446 esse
725 1389 957 1459 justum
1007 1387 1136 1449 est;
1186 1380 1333 1436 Cum
1379 1378 1610 1435 Christo
1658 1379 1779 1452 pati
1827 1379 2009 1450 utile;

370 1482 535 1538 Diem
567 1474 968 1535 retributionis
1002 1471 1287 1543 attingere
1317 1483 1551 1524 necesse
1580 1473 1687 1523 est.

438 1661 526 1715 17.
577 1658 781 1715 Diﬁ‘ert
821 1656 1018 1710 autem
1070 1649 1248 1706 etiam
1294 1647 1537 1703 verbum
1583 1663 1615 1699 a
1665 1661 1803 1699 casu
1850 1644 2007 1698 verbi

364 1750 521 1823 quod
540 1747 785 1805 verbum
811 1742 1047 1815 quidem
1077 1752 1335 1811 praesens
1364 1740 1599 1806 tempus
1619 1732 1895 1801 declarat,
1920 1739 2003 1802 ut,

362 1820 579 1895 lsaulus
607 1834 1025 1897 concionatur;
1058 1828 1161 1883 sed
1189 1823 1350 1881 verbi
1379 1839 1550 1879 casus
1581 1837 1716 1877 cum
1748 1820 2005 1893 prateri-

362 1934 489 1985 tum
537 1930 665 1981 tum
704 1923 992 1990 futurum,
1023 1916 1182 1976 velut
1212 1914 1415 1969 Petrus
1445 1911 1692 1983 negavit,
1725 1908 2003 1966 Diabolus

361 2014 659 2090 punietur.

430 2105 520 2160 18.
551 2102 662 2159 Ubi
694 2100 872 2174 igitur
898 2101 1143 2167 uterque
1174 2093 1463 2149 terminus
1489 2107 1690 2148 eorum
1723 2090 1824 2161 qui
1868 2105 1998 2161 pro-

357 2195 689 2269 postionem
720 2187 1034 2261 complent,
1066 2200 1246 2240 unam
1276 2182 1534 2254 aliquam
1584 2184 1851 2235 naturam
1900 2178 1997 2233 de-

356 2267 557 2353 clarat,
590 2280 890 2351 subjectus
941 2279 998 2331 et
1039 2272 1387 2346 praedicatus
1415 2288 1429 2338 ;
1462 2270 1612 2325 hanc
1644 2267 1996 2340 propositio-

350 2389 487 2430 nem
516 2384 697 2426 unam
726 2366 999 2432 dicimus,
1032 2362 1168 2418 licet
1195 2365 1374 2417 totam
1408 2358 1808 2414 deﬁnitionem
1840 2372 1997 2412 acce-

350 2460 613 2534 perimus
643 2473 745 2531 pro
772 2454 1037 2524 subjecto
1067 2455 1168 2507 aut
1198 2465 1301 2521 pro
1334 2447 1663 2520 praedicato,
1688 2450 1790 2501 aut
1816 2446 1992 2501 etiam

284 2568 287 2569 ν
352 2533 626 2605 similiter
669 2561 772 2617 pro
822 2547 1092 2614 utroque.
1123 2538 1315 2594 Veluti
1365 2537 1415 2591 si
1468 2535 1677 2591 dixerit
1727 2533 1988 2606 aliquis:

350 2637 585 2694 Animal
610 2631 915 2699 rationale,
940 2629 1205 2695 mortale,
1227 2625 1619 2699 intelligentia:
1648 2629 1706 2679 et
1734 2624 1991 2680 scientia

350 2743 552 2800 capax,
575 2728 664 2781 est
691 2721 1023 2779 substantia
1045 2718 1325 2783 animata,
1350 2731 1564 2771 sensus
1595 2718 1653 2769 et
1680 2714 1833 2770 278
1857 2729 1989 2785 pro-

343 2813 663 2891 gressionis
690 2812 998 2884 particeps.
1022 2809 1126 2863 Hic
1156 2806 1313 2863 enim
1341 2804 1404 2859 τὸ
1434 2802 1653 2859 animal
1685 2801 1986 2873 rationale,

341 2904 610 2972 mortale,
658 2900 1055 2973 intelligentiae
1111 2901 1168 2953 et
1224 2895 1479 2952 scientia:
1531 2909 1733 2966 capax,
1786 2893 1985 2962 subje-

339 3001 500 3053 ctum
522 2999 645 3062 est;
680 2991 836 3064 quod
864 2993 930 3045 ut
959 3004 1145 3044 unum
1166 3001 1380 3042 nomen
1402 2986 1728 3055 reputatur,
1750 2980 1985 3037 tametsi

338 3102 408 3142 ex
436 3083 644 3141 multis
670 3081 913 3138 vocibus
943 3074 1347 3150 signiﬁcativis
1377 3071 1789 3145 compositum.
1826 3076 1896 3127 At
1921 3069 1984 3123 τὸ

339 3173 672 3232 substantia
699 3170 981 3235 animata,
1013 3182 1223 3222 sensus
1252 3168 1311 3220 et
1338 3161 1766 3235 progressionis
1795 3160 1982 3232 parti-

335 3280 511 3337 ceps;
554 3263 663 3318 hoc
693 3274 884 3329 omne,
916 3256 1295 3330 praedicatum
1328 3256 1456 3319 est;
1489 3251 1643 3324 quod
1674 3266 1815 3307 sane
1844 3248 1979 3305 cum

336 3349 729 3427 appredicato
757 3353 852 3417 est,
886 3362 1072 3402 unum
1110 3344 1352 3401 verbum
1383 3341 1657 3398 efﬁcitur.

407 3443 496 3497 19.
526 3439 635 3497 Ubi
666 3442 861 3495 autem
894 3435 1170 3491 alteruter
1205 3430 1593 3487 terminorum
1638 3428 1839 3501 plures
1884 3445 1977 3484 res

332 3530 647 3603 signiﬁcat,
693 3526 893 3600 plures
939 3521 1367 3596 propositiones
1413 3536 1541 3575 esse
1584 3519 1857 3585 dicimus,
1889 3522 1974 3572 at-

327 3636 443 3691 que
496 3622 583 3674 tot
637 3621 780 3690 quot
836 3629 1079 3670 numero
1130 3611 1459 3683 signiﬁcata
1513 3612 1688 3676 sunt;
1740 3606 1975 3663 tametsi

326 3709 454 3764 haec
496 3709 567 3763 ab
612 3723 728 3762 uno
760 3703 996 3760 nomine
1026 3701 1451 3774 signiﬁcentur.
1483 3697 1673 3754 Veluti
1722 3696 1772 3751 si
1824 3696 1973 3751 dixi-

330 3797 408 3853 rit
435 3797 650 3868 aliquis
683 3812 696 3851 :
747 3795 891 3864 Ajax
928 3808 1064 3848 cum
1094 3790 1334 3846 Hectore
1363 3787 1527 3844 solus
1557 3787 1891 3851 decertavit,
1924 3786 1975 3841 si

331 3902 450 3942 non
479 3882 954 3940 determinaverit
981 3880 1218 3952 Ajacum
1250 3879 1321 3932 de
1350 3882 1480 3932 utro
1512 3876 1621 3932 sibi
1654 3891 1845 3931 sermo
1876 3873 1970 3929 sit.

329 3974 491 4031 Hanc
520 3972 678 4029 enim
708 3969 1166 4044 propositionem
1196 3982 1389 4033 nemo,
1413 3965 1639 4037 opinor,
1664 3967 1973 4020 accuratus

329 4079 511 4119 unam
543 4062 714 4129 dicet,
745 4076 869 4132 quas
901 4062 1137 4131 propter
1165 4055 1603 4127 homonymiam
1652 4057 1709 4109 et
1755 4052 1970 4109 falsum

325 4156 383 4208 et
408 4167 613 4209 verum
646 4147 825 4206 simul
856 4147 1018 4203 dicit.

390 4331 481 4386 20.
516 4328 646 4385 Jam
674 4342 807 4383 vero
837 4323 1156 4398 propositio
1199 4328 1256 4379 et
1297 4322 1623 4379 enuntiatio
1656 4326 1712 4377 et
1740 4322 1967 4378 instan-

319 4420 404 4476 tia
457 4422 516 4474 et
563 4414 861 4473 conclusio
912 4414 1174 4485 subjecto
1215 4411 1453 4486 quidem
1486 4410 1633 4466 nihil
1666 4411 1961 4480 differunt,

317 4507 666 4566 habitudine
696 4512 893 4560 autem
923 4505 1050 4575 (seu
1088 4501 1380 4573 respectu)
1409 4501 1686 4556 differunt
1719 4519 1732 4556 :
1781 4499 1960 4567 velut,

317 4597 526 4653 Anima
556 4598 645 4650 est
672 4591 1063 4659 immortalis;
1094 4606 1228 4645 cum
1261 4589 1500 4661 quidem
1533 4593 1598 4643 ut
1629 4605 1762 4661 pars
1792 4587 1963 4660 syllo-

2140 756 2423 829 ὀνομάτων
2455 759 2827 834 συγκείμενος.

2209 848 2291 909 ις’.
2323 848 2567 925 Διαφέρει
2618 847 2674 903 δὲ
2718 850 2780 904 τὸ
2830 846 3009 925 ὄνομα
3048 855 3145 921 τῆς
3176 858 3271 908 τοῦ
3319 854 3588 929 άνόματος
3630 859 3781 912 πτώ-

2134 954 2287 1003 σεως,
2337 935 2510 990 ὅτιτὸ
2562 938 2654 1010 μὲν
2700 941 2817 994 κατ’
2864 940 3070 995 εύθεῖαν
3124 943 3444 1020 φερόμενον,
3485 941 3661 1018 ὄνομα
3691 945 3786 1002 λέ-

2130 1043 2300 1097 γεται·
2362 1025 2496 1097 οἷον,
2555 1028 2611 1079 Ὀ
2672 1026 2875 1090 Ἰούδας
2931 1028 3209 1106 προδότης
3261 1031 3423 1089 ἐστίν’
3472 1038 3509 1103 ἡ
3542 1033 3602 1090 δὲ
3647 1038 3783 1091 κατὰ

2127 1112 2221 1201 τάς
2264 1113 2436 1176 ἄλλας
2481 1115 2713 1191 πλαγίας
2753 1120 3005 1196 προφορὰ
3043 1124 3141 1175 τοῦ
3194 1120 3490 1197 ὀνόματος,
3537 1127 3778 1201 γενικὴν,

2130 1198 2349 1271 δοτικήν
2399 1204 2487 1259 καὶ
2539 1206 2837 1274 αἰτιατικὴν
2875 1251 2888 1277 ,
2944 1213 3150 1271 πτῶσις
3199 1209 3447 1267 καλεῖται
3506 1198 3780 1288 ὀνόματος

2127 1290 2200 1352 ὡς
2260 1291 2320 1345 ἐκ
2373 1299 2472 1362 τῆς
2518 1294 2680 1370 ὀρθῆς
2744 1293 2914 1351 εἶτουν
2974 1296 3179 1361 εὐθείας
3238 1307 3574 1359 πεπτωκυῖα.
3625 1304 3777 1375 Οἷον,

2123 1384 2231 1450 Τῆς
2280 1382 2477 1456 ἀρετῆς
2530 1382 2805 1459 ἐξέχεσθαι
2855 1383 3101 1441 δίκαιον’
3152 1392 3239 1461 Τῷ
3296 1394 3511 1465 Χριστῷ
3565 1394 3777 1464 συμπά-

2123 1490 2274 1546 σχειν
2306 1470 2609 1548 ὠφέλιμον·
2642 1474 2740 1527 Τὸν
2790 1476 2975 1550 καιρὸν
3014 1483 3116 1546 τῆς
3167 1476 3578 1542 άνταποδόσεως
3608 1480 3773 1556 ἀναγ-

2120 1565 2273 1614 καῖον
2303 1556 2626 1616 καταλαϐεῖν
2637 1604 2648 1615 .

2189 1654 2285 1718 κζ’.
2319 1653 2612 1727 Διενήνοχε
2644 1649 2701 1706 δὲ
2747 1652 2835 1706 καὶ
2882 1653 3034 1729 ῥῆμα
3084 1656 3344 1719 πτώσεως
3401 1656 3648 1733 ῥήματος
3690 1664 3769 1731 τῷ

2114 1738 2297 1810 τὸμὲν
2364 1740 2514 1813 ῥῆμα
2569 1741 2659 1795 τὸν
2716 1741 2980 1797 ἐνεστῶτα
3036 1745 3236 1820 χρόνον
3290 1743 3516 1818 δηλοῦν,
3559 1748 3636 1810 ὡς
3679 1748 3762 1820 τὸ,

2118 1825 2331 1890 Παῦλος
2367 1825 2692 1906 δημηγορεῖ·
2723 1832 2822 1899 τὴν
2869 1828 2927 1886 δὲ
2974 1838 3071 1887 τοῦ
3121 1833 3368 1909 ῥήματος
3413 1841 3639 1909 πτῶσιν,
3669 1837 3761 1891 τὸν

2112 1913 2533 1989 παρεληλυθότα
2576 1940 2635 1974 τε
2691 1919 2781 1973 καὶ
2838 1920 2930 1975 τὸν
2990 1919 3284 1994 μέλλοντα.
3346 1926 3506 1995 Οῖον,
3561 1925 3765 1998 Πέτρος

2110 2005 2407 2080 ἠρνήσατο·
2443 2001 2710 2070 Διάϐολος
2739 2008 3157 2079 κολασθήσεται.

2180 2096 2285 2163 κη’.
2335 2097 2500 2150 Ἔνθα
2553 2097 2645 2169 μὲν
2698 2096 2788 2151 οὖν
2844 2097 3091 2174 ἑκάτερος
3158 2098 3287 2175 ὅρος
3330 2106 3436 2155 τῶν
3492 2102 3759 2177 συμπλη-

2111 2184 2346 2259 ρούντων
2377 2186 2476 2253 τήν
2506 2186 2766 2261 πρότασιν
2817 2193 2942 2260 μιᾶς
2985 2209 3131 2249 τινος
3178 2189 3386 2266 φύσεώς
3427 2190 3538 2245 ἐστι
3570 2189 3757 2262 δηλω-

2106 2274 2276 2345 τιιςὸς,
2336 2275 2364 2328 6
2422 2275 2777 2348 ὑποκείμενος
2835 2276 2925 2330 καὶ
2984 2278 3013 2331 6
3069 2280 3572 2354 κατηγορούμενος,
3627 2283 3751 2355 μίαν

2106 2360 2336 2438 λέγομεν
2398 2363 2529 2418 εἶναι
2586 2364 2785 2446 ταύτην
2843 2366 2944 2434 τὴν
3004 2367 3263 2443 πρότασιν
3301 2411 3316 2437 ,
3373 2368 3467 2424 κᾶν
3530 2371 3760 2446 ὁρισμὸν

2103 2449 2233 2505 ὅλον
2263 2447 2519 2525 λάϐωμεν
2571 2444 2926 2527 ὑποκείμενον
2974 2453 3010 2524 ἠ¹
3060 2444 3632 2533 κατηγορούμενον,ήῆ
3664 2462 3752 2515 καὶ

2101 2539 2442 2618 ἀμφοτέρους
2469 2542 2697 2615 ὁμοίως.
2743 2545 2832 2606 Ὠς
2878 2543 2963 2599 ἐάν
2998 2542 3120 2619 εἷ’πῃ
3170 2567 3273 2618 τις,
3317 2547 3388 2601 Τὸ
3422 2552 3556 2616 ζῶον
3600 2546 3755 2626 λογι-

2099 2629 2192 2684 κὸν
2223 2631 2438 2703 θνητὸν,
2470 2637 2561 2685 νοῦ
2586 2633 2675 2687 καὶ
2725 2632 3032 2706 ἐπιστήμης
3080 2632 3343 2707 δεκτικὸν,
3388 2635 3544 2691 οὐσία
3574 2636 3749 2713 ἔμψυ-

2099 2737 2199 2792 χος
2256 2719 2545 2790 αἰσθητική
2609 2715 2937 2794 μεταϐατική
2992 2720 3153 2779 ἐστιν.
3217 2725 3472 2779 Ἐνταῦθα
3525 2726 3627 2802 γάρ
3687 2729 3749 2782 τὸ

2100 2811 2234 2874 ζῶον
2287 2806 2533 2882 λογικὸν,
2583 2810 2802 2879 θνητὸν,
2847 2814 2941 2864 νοῦ
2989 2811 3079 2865 καὶ
3136 2810 3446 2885 ἐπιστήμης
3500 2811 3745 2870 δεκτικὸν

2098 2895 2448 2970 ὑποκείμενόν
2475 2896 2636 2969 ἐστιν,
2692 2898 2767 2960 ὡς
2814 2897 2870 2952 ’ὲν
2927 2896 3282 2974 λογιζόμενον
3329 2896 3524 2974 ὄνομα,
3555 2901 3652 2957 κᾶν
3684 2901 3746 2958 ἐκ

2092 2984 2320 3040 πολλῶν
2353 2990 2545 3062 φωνῶν
2586 2991 2929 3059 σημαντικῶν
2981 2987 3199 3065 ὑπάρχῃ
3252 2988 3623 3064 συγκείμενον.
3668 2992 3742 3046 Τὸ

2094 3070 2151 3127 δὲ
2182 3073 2335 3128 οὐσία
2361 3072 2633 3150 ἔμψυχος,
2666 3075 2979 3147 αἰσθητικὴ,
3016 3071 3371 3149 μεταϐατικὴ,
3400 3082 3564 3133 τοῦτο
3594 3078 3740 3153 σύμ-

2091 3183 2193 3217 παν
2224 3163 2715 3240 κατηγορούμενον*
2761 3165 2790 3218 ’ὀ
2823 3162 2890 3233 δὴ
2945 3166 3080 3238 μετὰ
3122 3170 3220 3221 τοῦ
3271 3164 3382 3222 ἔστι
3433 3188 3739 3243 προσκατη-

2090 3255 2472 3328 γορουμμένου
2504 3253 2657 3329 ῥῆμα
2685 3253 2890 3328 γίνεται
2917 3250 2999 3312 ἓν.

2159 3433 2243 3495 ιϐ’.
2290 3433 2451 3486 Ἔνθα
2499 3429 2557 3486 δὲ
2603 3431 2871 3487 πλειόνων
2925 3434 3262 3506 πραγμάτων
3292 3480 3305 3504 ,
3371 3433 3730 3510 ὀποτεροσοῦν

2082 3525 2190 3574 τῶν
2242 3520 2382 3594 ὅρων
2443 3521 2772 3594 σημαντικός
2829 3520 2961 3593 ἐστι,
3021 3520 3245 3584 πλείους
3293 3522 3425 3577 εἶναι
3473 3524 3569 3585 τὰς
3597 3543 3731 3597 προ-

2081 3609 2259 3672 τάσεις
2312 3610 2505 3687 φαμὲν,
2564 3611 2655 3665 καὶ
2710 3609 2992 3681 τοσαύτας,
3046 3609 3169 3665 ὅσον
3214 3611 3276 3665 τὸ
3305 3615 3413 3666 τῶν
3462 3633 3733 3685 σημαινο-

2087 3698 2256 3771 μένων
2315 3697 2529 3768 πλῆθός
2590 3698 2719 3753 ἐστι’
2778 3698 2872 3753 κᾶν
2936 3699 3023 3777 ὑφ’
3077 3699 3194 3761 ἑνὸς
3252 3699 3520 3772 ὀνόματος
3566 3705 3733 3756 ταῦτα

2084 3786 2435 3859 σημαίνηται,
2486 3788 2572 3849 Ὧς
2625 3786 2749 3842 ὅταν
2800 3785 2923 3861 εἷ’πῃ
2967 3806 3070 3850 τις·
3123 3785 3256 3851 Αἷ¹ας
3312 3789 3729 3865 ἐμονομάχησεν

2080 3876 2338 3951 Ἕκτορι,
2404 3877 2478 3949 μή
2532 3874 3049 3952 προσδιορισάμενος
3084 3923 3097 3947 ,
3156 3878 3281 3953 περὶ
3335 3878 3727 3955 ποτέρου-τῶν

2079 3963 2322 4020 Αἷάντων
2372 3964 2400 4018 6
2451 3964 2615 4041 λόγος
2662 3964 2859 4021 αὐτῶν.
2914 3964 3120 4035 Ταύτην
3173 3968 3276 4043 γάρ
3318 3969 3417 4036 τὴν
3466 3968 3725 4045 πρότασιν

2080 4050 2279 4123 οὐδεὶς,
2339 4053 2513 4126 οἶμαι,
2570 4057 2677 4108 τῶν
2729 4053 3072 4126 ἐξεταστικῶν
3134 4055 3258 4128 μίαν
3323 4055 3433 4131 ἐρεῖ
3488 4057 3588 4125 τήν
3637 4057 3726 4111 καὶ

2077 4138 2416 4214 ψευδομένην
2473 4142 2585 4214 ἅμα
2637 4141 2727 4196 καὶ
2784 4141 3149 4212 ἀληθεύουσαν
3213 4141 3303 4198 διὰ
3355 4146 3453 4213 τὴν
3514 4147 3727 4219 ὁμωνυ-

2081 4230 2226 4303 μίαν.

2145 4321 2209 4373 κ’.
2243 4318 2509 4392 Πρότασις
2559 4316 2617 4374 δὲ
2662 4319 2751 4374 καὶ
2805 4314 3109 4394 πρόϐλημα
3155 4321 3245 4375 καὶ
3293 4322 3594 4400 ἀπόφανσις
3634 4323 3724 4379 καὶ

2073 4402 2312 4469 ἔνστασις
2368 4407 2457 4463 καὶ
2516 4408 2879 4484 συμπέρασμα
2933 4411 3070 4464 κατὰ
3114 4411 3210 4485 μὲν
3254 4411 3316 4466 τὸ
3363 4412 3722 4486 ὑποκείμενον

2072 4494 2224 4551 οὐδὲν
2280 4494 2539 4575 διαφέρει·
2600 4500 2737 4553 κατὰ
2793 4498 2974 4575 σχέσιν
3038 4496 3095 4554 δὲ
3153 4497 3505 4577 διενήνοχεν·
3570 4503 3721 4574 οἷον,

2070 4586 2132 4640 Ἣ
2180 4588 2333 4661 ψυχὴ
2393 4586 2650 4649 ἀθάνατός
2707 4586 2867 4660 ἐστιν,
2923 4587 3047 4643 ὅταν
3100 4590 3194 4662 μὲν
3222 4590 3297 4652 ὡς
3340 4588 3722 4667 συλλογισμοῦ

316 4684 493 4759 gismi
537 4680 882 4747 assumitur,
913 4679 1234 4753 propositio
1284 4677 1658 4746 nominatur;
1712 4693 1846 4732 cum
1900 4676 1958 4731 id

2102 4674 2235 4772 ιέρος
2289 4670 2658 4772 λαμϐάνηται,
2706 4677 2965 4753 πρότασις
3016 4677 3360 4751 ὀνομάζεται’
3394 4679 3519 4734 ὅταν
3554 4676 3604 4734 δ’
3643 4680 3722 4743 εἷς

315 4780 515 4831 autem
546 4773 618 4829 ad
648 4769 1094 4843 inquisitionem
1126 4767 1343 4839 profert
1364 4765 1578 4837 aliquis
1600 4772 1800 4821 utrum
1821 4782 1957 4838 ergo

313 4863 512 4919 anima
559 4864 647 4917 est
692 4856 1065 4928 immortalis,
1108 4855 1399 4927 quaestio:
1451 4856 1607 4911 214
1653 4871 1788 4909 cum
1828 4857 1955 4927 jam

314 4950 530 5023 aliquis
560 4948 905 5021 simpliciter
932 4944 1202 5001 enuntiat
1230 4944 1453 5007 dicens,
1482 4942 1693 4997 Anima
1722 4943 1958 5000 immor-

313 5038 449 5095 talis
470 5040 580 5105 est,
602 5036 959 5092 enuntiatio:
986 5051 1121 5090 cum
1145 5048 1314 5105 porro
1337 5032 1519 5087 instat
1539 5031 1774 5103 aliquis,
1800 5034 1957 5089 unde

314 5129 565 5192 constat,
590 5125 745 5195 quod
777 5124 975 5179 anima
1003 5120 1354 5178 immortalis
1383 5121 1479 5190 sit,
1511 5120 1794 5176 instantia
1822 5121 1958 5175 dici-

311 5219 459 5271 tur:
510 5229 644 5268 cum
693 5213 945 5283 denique
996 5229 1066 5267 ex
1115 5209 1610 5283 propositionibus
1648 5209 1953 5265 collectum

310 5303 489 5360 fuerit
518 5305 583 5357 ut
607 5318 741 5357 cum
767 5300 1087 5356 dixerimus
1112 5319 1124 5355 :
1157 5300 1369 5355 Anima
1394 5315 1625 5371 semper
1651 5304 1952 5367 movetur;

309 5392 467 5465 quod
498 5405 731 5464 semper
759 5393 1042 5458 movetur,
1072 5393 1162 5443 est
1188 5387 1556 5457 immortale;
1590 5404 1727 5460 ergo
1758 5388 1956 5444 anima

307 5486 398 5542 est
425 5477 801 5551 immortalis,
832 5481 962 5536 tum
993 5475 1293 5533 conclusio
1322 5475 1569 5534 exsistit.

2069 4766 2292 4834 ζήτησιν
2343 4759 2729 4838 προϐάλληταί
2778 4787 2864 4829 τις
2912 4766 3042 4821 αύτὸ
3093 4765 3287 4843 λέγων,
3320 4769 3458 4845 Ἀρά
3499 4788 3560 4844 γε
3592 4769 3723 4832 άθά-

2065 4853 2223 4915 νατός
2256 4852 2396 4908 ἐστιν
2419 4857 2453 4923 ἡ
2477 4856 2629 4929 ψυχή
2668 4875 2681 4924 ;
2713 4850 3018 4931 πρόϐλημα
3038 4877 3049 4889 ο
3087 4857 3286 4911 ὁπόταν
3324 4854 3381 4912 δέ
3408 4878 3491 4919 τις
3526 4857 3721 4920 ἁπλῶς

2066 4942 2423 5020 ἀποφαίνηται
2479 4941 2674 5019 λέγων,
2733 4945 2795 4999 Ἡ
2849 4946 3003 5020 ψυχὴ
3063 4945 3323 5008 ἀθάνατός
3372 4945 3534 5019 ἐστιν,
3576 4946 3719 5002 ἀπό-

2065 5051 2273 5109 φανσις·
2336 5031 2678 5106 ἐνισταμένοτ
2739 5030 2795 5088 δέ
2850 5055 3015 5107 τινος,
3074 5034 3244 5100 Πόθεν
3308 5033 3501 5109 δῆλον,
3562 5037 3639 5098 ὡς
3681 5039 3717 5106 ἠ

2064 5122 2216 5196 ψυχὴ
2297 5121 2553 5183 ἀθάνατός
2604 5121 2743 5177 ἐστιν
2778 5168 2792 5194 ,
2852 5119 3093 5186 ἔνστασις
3153 5122 3413 5200 λέγεται·
3485 5124 3720 5197 ὁπηνίκα

2065 5206 2109 5262 δ’
2167 5208 2226 5264 ἐκ
2282 5210 2591 5285 προτάσεων
2666 5212 2955 5287 συναχθείη
2993 5257 3007 5283 ,
3068 5214 3143 5276 ὡς
3221 5214 3345 5270 ὅταν
3424 5211 3664 5288 εἴπωμεν
3701 5234 3715 5247 ·

2062 5299 2121 5352 Ὠ
2178 5300 2329 5374 ψυχὴ
2408 5300 2713 5371 ἀεικίνητος
2777 5320 2789 5333 ⁸
2849 5301 2911 5356 τὸ
2988 5301 3289 5373 ἀεικίνητον
3371 5303 3635 5358 ἀθάνατον
3704 5322 3716 5334 ·

2061 5389 2097 5456 ἡ
2157 5390 2309 5464 ψυχὴ
2378 5389 2480 5465 ἄρα
2559 5389 2814 5452 ἀθάνατος
2879 5409 2891 5422 ·
2950 5390 3073 5447 τότε
3143 5393 3401 5468 τυγχάνει
3484 5392 3665 5467 συμπέ
3696 5424 3718 5435 -

2063 5495 2263 5554 ρασμα.
