4108 6494
252 524 368 585 906

1612 526 1958 588 EPITOME
2004 525 2306 587 LOGlCA.

3539 527 3658 589 906

258 653 351 728 μὲν
386 653 477 710 οὗν
525 655 608 710 ἀεὶ
658 654 892 730 ὑπάρχει
937 659 1016 728 τῷ
1062 655 1425 731 ὑποκειμένῳ,
1456 608 1561 726 ,τὴν
1614 655 1894 733 ἀναγκαίαν

2028 657 2248 728 Ῑυίάϐῐϊὶ
2279 657 2457 725 igitur
2485 675 2719 731 semper
2764 658 2918 714 inest
2948 659 3231 731 subjecto,
3266 658 3654 716 necessariam

254 742 391 812 ὕλην
422 748 588 798 ποιεῖ’
624 743 669 798 εί
698 741 755 798 δὲ
783 741 1060 813 οὐδέποτε,
1091 748 1190 815 τήν
1230 742 1513 801 ἀδύνατον·
1562 745 1608 800 εἰ
1658 743 1716 800 δὲ
1767 746 1899 800 ποτὶ

258 832 353 906 μὲν
388 832 642 909 ὑπάρχει,
674 833 808 889 ποτὶ
836 830 883 888 8’
912 833 1019 911 οὐχ
1071 834 1325 911 ὑπάρχει,
1356 836 1456 905 τὴν
1516 832 1897 910 ἐνδεχομένην.

329 1029 394 1104 β’.
428 1027 750 1104 ’Δναγκαίας
795 1030 891 1102 μὶν
943 1027 1034 1085 οὖν
1086 1028 1223 1101 ὕλης
1270 1029 1330 1086 τὰ
1382 1030 1572 1088 εἶπεῖν.
1604 1033 1662 1084 Ὃ
1700 1026 1902 1106 ἅνθρω-

252 1137 355 1179 πος
393 1116 635 1188 ἀναπνεῖ,
667 1117 749 1173 ἀεὶ
795 1119 896 1194 γὰρ
945 1118 1177 1196 ὑπάρχει
1223 1123 1303 1192 τῷ
1350 1119 1621 1195 ἀνθρώπῳ
1666 1119 1729 1173 τὸ
1772 1118 1900 1173 ἀνα-

252 1211 423 1261 πνεῖν.
474 1203 766 1264 Ἀδυνάτου
811 1205 868 1262 δὲ
910 1208 974 1263 τὸ
1019 1208 1209 1264 εἰπεῖν·
1253 1209 1310 1261 Ὀ
1352 1209 1628 1285 ἄνθρωπος
1655 1205 1897 1263 ’ίπταταιο

254 1290 516 1350 οὐδέποτε
540 1295 641 1371 γὰρ
684 1295 1020 1373 ὑπάρχειτῷ
1065 1296 1338 1373 ἀνθρώπῳ
1386 1297 1448 1352 τὸ
1484 1295 1761 1353 ἵπτασθαι·
1815 1295 1898 1351 έν-

254 1380 563 1459 δεχομένης
604 1381 661 1439 δὲ
683 1385 747 1440 τὸ
776 1384 965 1455 εἰπεῖν,
996 1384 1215 1449 Παῦλος
1262 1383 1328 1457 δη
1340 1390 1591 1462 μηγορεῖο
1621 1384 1756 1440 ποτὶ
1805 1385 1898 1460 μὲν

250 1472 355 1548 γὰρ
388 1471 618 1549 ὑπάρχει
656 1478 736 1545 τῷ
781 1472 986 1547 Παύλῳ
1029 1474 1094 1529 τὸ
1138 1470 1497 1551 δημηγορεῖν,
1525 1473 1659 1529 ποτὲ
1700 1471 1748 1528 δ’
1794 1473 1903 1551 οὐχ

254 1558 515 1637 ὑπάρχει.

320 1668 390 1743 γ’.
420 1668 524 1731 Τὰς
597 1667 850 1730 τοιαύτας
906 1665 965 1723 δὲ
1019 1667 1232 1745 σχέο-εις
1308 1667 1442 1731 ὕλας
1500 1669 1554 1723 οἱ
1609 1666 1899 1747 φιλόσοφοι

250 1755 724 1832 προσηγόρευσαν
781 1756 854 1820 ὡς
909 1757 985 1831 μὴ
1032 1751 1455 1830 λαμϐανομένας
1503 1756 1563 1812 ἐκ
1606 1763 1707 1827 τῆς
1766 1758 1901 1829 ἡμε-

249 1844 409 1920 τέρας
461 1844 793 1920 ὑπολήψεως
837 1846 874 1914 ἢ
922 1846 1277 1923 κατηγορίας,
1308 1843 1436 1900 ἀλλ’
1485 1845 1591 1900 ἀπὸ
1644 1847 1743 1915 τῆς
1800 1843 1898 1919 φύ-

253 1954 389 1996 σεως
421 1938 528 1990 τῶν
559 1932 895 2012 πραγμάτων
927 1933 1118 2004 αὐτῆς.

2008 745 2185 801 efﬁcit
2215 747 2521 802 materiam
2541 765 2553 814 ;
2572 748 2663 802 sin
2693 747 3451 819 nunquam,impossibilem
3469 765 3480 803 :
3498 749 3652 818 quod

2008 835 2059 891 si
2090 839 2286 891 autem
2335 835 2649 908 aliquando
2681 836 2921 908 quidem
2964 835 3140 906 inest,
3171 835 3488 909 aliquando
3517 854 3653 894 vero

2007 939 2126 981 non
2156 922 2329 992 inest,
2362 925 2820 995 contingentem.

2076 1031 2132 1084 2.
2162 1030 2510 1087 Necessariae
2560 1030 2741 1104 igitur
2780 1031 3035 1087 materiae
3084 1035 3174 1088 est
3224 1033 3437 1099 dicere,
3469 1036 3655 1089 Homo
3760 1074 3765 1083 .

2009 1118 2275 1190 respirat.
2309 1120 2550 1191 Semper
2579 1119 2735 1175 enim
2766 1120 2992 1176 homini
3022 1122 3314 1193 respirare
3342 1121 3515 1177 inest.
3543 1122 3658 1178 Im-

2010 1206 2306 1280 possibilis
2336 1213 2534 1264 autem
2564 1213 2652 1264 est
2680 1209 2905 1265 dicere:
2927 1210 3112 1266 Homo
3142 1210 3295 1266 volat
3318 1227 3331 1265 :
3352 1226 3657 1282 nunquam

2008 1295 2167 1351 enim
2197 1295 2421 1352 homini
2450 1296 2643 1353 volare
2673 1297 3256 1372 inest.Contingentis
3287 1299 3560 1371 denique,
3592 1303 3659 1355 ut

2010 1384 2465 1442 dicerezPaulus
2495 1386 2904 1442 conoionatur:
2928 1388 3260 1444 concionari
3291 1388 3448 1444 enim
3479 1387 3659 1447 Paulo

2009 1472 2155 1530 alias
2183 1473 2338 1530 inest
2367 1474 2628 1547 quidem,
2659 1475 2804 1531 alias
2829 1491 2963 1531 vero
2984 1493 3100 1532 non
3132 1476 3305 1532 inest.

2080 1670 2134 1724 3.
2165 1668 2612 1742 Appellaverunt
2659 1674 2856 1727 autem
2896 1670 3229 1744 phiiosophi
3279 1670 3656 1729 habitudines

2008 1758 2365 1829 ejuscemodi
2396 1759 2699 1815 materias:
2724 1761 2879 1831 quod
2908 1776 3024 1816 non
3055 1777 3125 1816 ex
3154 1764 3353 1816 nostra
3381 1760 3656 1832 opinione

2010 1851 2112 1903 aut
2140 1847 2571 1919 praedicatione,
2604 1849 2705 1904 sed
2736 1864 2805 1904 ex
2851 1848 2981 1922 ipsa
3011 1865 3205 1905 rerum
3239 1853 3448 1905 natura
3486 1866 3655 1906 assu-

2011 1939 2269 1992 mantur.

325 2036 369 2096 δ’
376 2085 388 2097 .
425 2039 741 2117 Διαφέρουσι
790 2038 848 2095 δὲ
880 2045 987 2096 τῶν
1039 2040 1281 2117 τρόπων,
1310 2044 1407 2095 τοῦ
1453 2039 1750 2116 ἀναγκαίου
1806 2036 1900 2110 δη-

2079 2041 2234 2098 280
2261 2043 2314 2097 4.
2347 2044 2421 2097 At
2451 2060 2484 2097 a
2513 2043 2704 2099 modis
2746 2043 3075 2100 necessario
3123 2043 3394 2100 videlicet
3437 2048 3496 2100 et
3546 2043 3656 2099 im-

252 2125 397 2197 λαδὴ
453 2129 542 2184 καὶ
601 2126 858 2185 ἀδυνάτου
905 2130 994 2185 καὶ
1052 2127 1433 2207 ἐνδεχομένου·
1490 2132 1570 2201 τῷ
1625 2126 1754 2191 τοὺς
1805 2128 1899 2201 μὲν

250 2217 488 2294 τρόπους
536 2216 587 2272 ἐν
643 2223 724 2291 τῷ
781 2217 1131 2298 ἐκφωνεῖσθαι
1195 2217 1381 2293 μόνον,
1432 2218 1522 2272 καὶ
1576 2221 1693 2279 τοῖς
1751 2214 1901 2292 ὅροις

252 2304 629 2384 προστίθεσθαι
698 2311 806 2362 τῶν
864 2306 1175 2384 προτάσεων
1228 2303 1375 2384 ἔχειν
1429 2307 1528 2376 τήν
1592 2305 1898 2361 ὑπόστασινο

248 2395 350 2457 τὰς
395 2393 455 2451 δέ
480 2417 541 2473 γε
578 2394 712 2458 ὕλας
754 2394 806 2452 ἐν
839 2395 977 2471 αὐτῇ
1031 2398 1347 2474 θεωρεῖσθαι
1402 2400 1510 2452 τῶν
1567 2393 1903 2472 πραγμάτων

250 2487 320 2559 τῇ
352 2483 505 2563 φύσει
532 2489 639 2540 τῶν
673 2479 1253 2561 παραλαμϐανομένων
1290 2484 1343 2540 έν
1390 2490 1510 2547 ταῖς
1559 2482 1900 2560 προτάσεσιν.

326 2592 383 2648 ε’.
417 2594 592 2667 Τριῶν
642 2589 734 2647 οὗν
777 2590 974 2662 οὐσῶν,
1007 2591 1083 2655 ὡς
1123 2589 1363 2671 εἷ’ρηται,
1386 2595 1494 2646 τῶν
1544 2589 1712 2665 ὑλῶν,
1745 2591 1903 2667 ἀναγ-

250 2679 429 2753 καίας,
490 2678 754 2737 ἀδυνάτου
803 2680 895 2736 καὶ
947 2677 1334 2758 ἐνδεχομένης,
1381 2682 1482 2752 τήν
1534 2677 1901 2756 ἐνδεχομένην

252 2767 642 2845 ’Δριοτοτέλης
715 2769 791 2833 εἷς
857 2767 953 2826 δύο
1018 2766 1234 2844 διαιρεῖο
1284 2767 1362 2833 εἴς
1405 2791 1466 2825 τε
1518 2771 1616 2839 τὴν
1679 2763 1904 2839 ἐκϐεϐη-

249 2864 432 2925 κυῖαν,
463 2860 531 2928 ἣν
560 2858 813 2935 ὀνομάζει
848 2859 1219 2935 ὑπάρχουσαν,
1242 2859 1332 2913 καὶ
1372 2858 1448 2922 εἲς
1503 2860 1603 2929 τὴν
1665 2855 1904 2933 μέλλου-

252 2969 374 3021 σαν,
406 2948 469 3017 ἣν
496 2948 586 3004 καὶ
612 2947 812 3025 κυρίως
842 2945 1205 3025 ἐνδεχομένην
1239 2946 1373 3026 φησί
1384 2990 1397 3007 ,

326 3055 392 3118 ς’.
420 3057 536 3107 Τῶν
594 3050 653 3108 δὲ
706 3052 1020 3128 προτάσεων
1080 3054 1135 3107 αἱ
1191 3051 1284 3127 μέν
1341 3053 1441 3108 εἶσι
1496 3052 1673 3129 χωρὶς
1731 3050 1902 3129 διορι-

252 3147 431 3217 σμῶν,
483 3140 657 3198 εἷ’τουν
734 3140 1201 3219 προσδιορισμῶν,
1261 3140 1378 3197 ὅθεν
1450 3142 1541 3196 καὶ
1606 3139 1901 3216 ἀδιόριστοι

249 3233 343 3289 καὶ
375 3228 816 3309 ἀπροσδιόριστοι
862 3230 1132 3308 λέγονταιο
1183 3232 1236 3285 αἱ
1287 3228 1343 3285 δὲ
1395 3232 1528 3305 μετὰ
1578 3228 1900 3307 διορισμῶν,

250 3325 360 3377 τῶν
421 3321 511 3376 καὶ
577 3317 1044 3398 προσδιορισμῶν.
1093 3320 1187 3375 Διὸ
1255 3320 1344 3375 καὶ
1397 3317 1756 3397 διωρισμένας
1811 3319 1900 3375 καὶ

253 3406 761 3487 προσδιωρισμένας
788 3407 985 3471 ταύτας
1017 3408 1211 3488 φαμέν.

330 3517 392 3586 ζ’.
425 3514 691 3591 Τέσσαρες
738 3512 796 3570 δέ
834 3513 964 3569 εἰσιν
1001 3515 1052 3569 οἱ
1085 3512 1362 3591 διορισμοὶ
1411 3514 1560 3570 οὗτοι
1613 3514 1704 3569 καὶ
1743 3535 1908 3590 προσ-

254 3603 559 3682 διορισμοί·
592 3609 720 3673 πᾶς,
777 3601 977 3676 οὐδεὶς,
1031 3603 1137 3675 τὶς,
1196 3602 1258 3657 οὐ
1315 3608 1441 3675 πᾶς,
1499 3603 1589 3657 καὶ
1644 3609 1751 3666 πᾶς
1811 3604 1904 3675 μὶν

246 3695 344 3750 καὶ
377 3691 576 3763 οὐδεὶς,
605 3691 844 3748 καθόλου
876 3692 998 3747 εἰσί·
1039 3693 1126 3755 τὶς
1173 3689 1231 3746 δὲ
1271 3692 1362 3746 καὶ
1402 3691 1463 3746 οὐ
1510 3697 1618 3754 πᾶς
1673 3691 1906 3769 μερικοί.

251 3781 457 3851 Πάλιν,
499 3788 604 3844 πᾶς
659 3781 749 3837 καὶ
799 3782 882 3845 τὶς
941 3779 1317 3861 καταφατικοί·
1380 3778 1557 3844 οὐδεὶς
1598 3780 1655 3836 δὲ
1700 3782 1790 3836 καὶ
1847 3779 1909 3835 οὐ

258 3877 367 3935 πᾶς
400 3871 746 3950 ἀποφατικοί.

334 4049 407 4119 η’.
441 4048 679 4105 Πάντοτε
750 4045 807 4103 δὲ
872 4052 991 4112 τοῖς
1069 4047 1447 4123 ὑποκειμένοις
1534 4048 1913 4103 συντάσσονται

260 4138 372 4216 πρὸ
418 4142 526 4193 τῶν
583 4137 947 4211 ὑποκειμένων
1005 4138 1297 4212 τιθέμενοιο
1358 4138 1495 4206 οἷον,
1550 4142 1661 4199 Πᾶς
1710 4134 1914 4213 ἄνθρω-

258 4246 367 4290 πος
426 4228 663 4282 ἀναπνεῖ·
723 4226 988 4294 τουτέστι,
1020 4227 1193 4281 πάντα
1245 4226 1312 4281 τὰ
1360 4226 1463 4281 ὑπὸ
1508 4226 1571 4281 τὸ
1620 4222 1761 4289 εἶδος
1817 4229 1915 4280 τοῦ

262 4315 554 4392 ἀνθρώπου
583 4312 761 4389 ἄτομα
787 4315 850 4370 τὸ
881 4315 1130 4371 ἀναπνεῖν
1176 4310 1387 4390 ἔχουσι.
1418 4314 1488 4369 Τὸ
1534 4315 1634 4391 γὰρ
1690 4320 1795 4377 πᾶς
1851 4313 1913 4369 οὐ

259 4406 326 4460 τὸ
355 4401 592 4459 καθόλου
639 4402 915 4478 σημαίνει,
946 4401 1074 4460 ἀλλ’
1119 4401 1201 4459 ὅτι
1246 4402 1505 4467 καθόλου·
1554 4404 1794 4459 τουτέστι
1851 4401 1914 4459 τὰ

264 4493 462 4563 εἰπεῖν,
494 4498 605 4556 Πᾶς
637 4490 942 4569 ἄνθρωπος,
975 4492 1011 4562 ἢ
1050 4497 1153 4547 πᾶν
1207 4496 1365 4563 ζῶον,
1400 4492 1462 4547 οὐ
1512 4493 1768 4566 σημαίνει
1813 4493 1914 4562 τὴν

258 4587 362 4638 τοῦ
392 4579 567 4644 εἴδους
596 4583 633 4652 ἢ
662 4582 761 4651 τὴν
801 4586 898 4637 τοῦ
944 4580 1133 4657 γένους
1185 4580 1341 4659 φύσιν
1384 4582 1485 4651 τὴν
1536 4580 1915 4652 συλληπτικὴν

258 4672 356 4727 καὶ
386 4671 635 4727 ἑνοποιὸν
688 4672 900 4725 πάντων
965 4673 1073 4725 τῶν
1109 4669 1197 4724 ὑπ’
1225 4668 1379 4724 αὑτά*
1416 4668 1541 4726 ἀλλ’
1570 4670 1652 4724 ὅτι
1683 4669 1918 4725 καθόλου

2009 2130 2277 2203 possibili
2324 2135 2382 2187 et
2411 2130 2781 2204 contingente
2810 2132 3104 2199 differunt,
3137 2133 3293 2204 quod
3324 2132 3483 2189 modi
3529 2132 3658 2205 qui-

2010 2220 2142 2275 dem
2172 2219 2232 2275 in
2263 2219 2371 2275 hoc
2418 2224 2648 2276 tantum
2678 2221 2834 2292 quod
2866 2221 3187 2277 efferuntur
3217 2225 3275 2276 et
3314 2221 3658 2294 propositio-

2012 2324 2157 2363 num
2204 2308 2473 2365 terminis
2519 2312 2916 2381 apponuntur,
2951 2326 3120 2365 suam
3168 2311 3657 2366 constitutionem

2012 2395 2231 2452 habent
2263 2414 2275 2452 :
2311 2396 2568 2453 materiae
2613 2401 2809 2454 autem
2839 2398 2898 2452 in
2940 2398 3068 2470 ipsa
3115 2415 3310 2454 rerum
3339 2398 3400 2453 in
3449 2415 3658 2471 propo-

2013 2484 2327 2541 sitionibus
2357 2491 2797 2558 assumptarum
2828 2489 3042 2542 natura
3071 2487 3534 2543 considerantur.

2080 2593 2135 2646 5.
2172 2592 2318 2648 Cum
2369 2608 2505 2664 ergo
2535 2596 2675 2659 tres,
2710 2596 2773 2648 ut
2818 2592 3043 2648 dictum
3069 2598 3176 2664 est,
3210 2593 3331 2649 sint
3377 2595 3655 2660 materiae,

2012 2681 2364 2749 necessaria,
2396 2681 2781 2753 impossibilis
2813 2685 2870 2736 et
2899 2683 3283 2755 contingens;
3318 2682 3660 2740 Aristoteles

2012 2770 2447 2843 contingentem
2496 2771 2557 2825 in
2587 2772 2737 2827 duas
2766 2770 2988 2837 dividit,
3022 2775 3080 2826 et
3126 2770 3187 2826 in
3219 2787 3348 2826 eam
3380 2787 3506 2843 qua:
3536 2787 3662 2828 eve-

2014 2858 2119 2927 nit,
2170 2876 2348 2931 quam
2396 2859 2772 2915 exsistentem
2822 2860 3125 2926 nominat;
3156 2864 3215 2915 et
3258 2860 3317 2915 in
3375 2860 3656 2929 futuram,

2012 2964 2193 3020 quam
2225 2948 2402 3004 etiam
2434 2948 2665 3021 proprie
2693 2948 3126 3021 contingentem
3158 2948 3316 3005 dicit.

2081 3058 2136 3109 6.
2171 3054 2344 3110 Porro
2391 3054 2859 3127 propositionum
2908 3054 3033 3110 alia;
3060 3059 3200 3110 sunt
3247 3054 3468 3126 absque
3515 3055 3655 3111 deﬁ-

2012 3144 2338 3201 nitionibus
2390 3143 2512 3200 sive
2542 3142 3042 3216 praedeﬁtionibus
3071 3144 3250 3212 (unde
3296 3143 3471 3199 etiam
3500 3143 3660 3198 inde-

2010 3234 2189 3289 ﬁnitaa
2219 3238 2276 3290 et
2307 3232 2767 3304 impraadeﬁnita:
2798 3232 3117 3303 dicuntur),
3147 3231 3270 3287 alite
3301 3248 3435 3287 cum
3461 3230 3662 3287 defini-

2010 3323 2292 3394 tionibus,
2344 3339 2469 3394 quaa
2524 3321 2701 3376 etiam
2751 3321 3241 3393 prcedeﬁnitiones
3271 3319 3658 3394 appellantur.

1935 3393 1979 3460 (ἶ
2016 3414 2205 3480 Quare
2236 3393 2413 3467 etiam
2445 3410 2552 3466 has
2582 3409 2853 3465 deﬁnitas
2882 3415 2938 3465 et
2968 3393 3357 3482 praedeﬁnitas
3388 3409 3659 3465 dicimus.

2084 3520 2139 3574 7.
2173 3521 2437 3585 Quatuor
2464 3521 2660 3572 autem
2691 3519 2829 3572 sunt
2857 3516 2945 3571 hae
2976 3514 3345 3572 deﬁnitiones
3369 3520 3426 3571 et
3454 3516 3666 3588 praede-

2017 3608 2289 3664 ﬁtiones:
2336 3606 2549 3673 omnis,
2604 3605 2824 3674 nullus,
2876 3604 3115 3676 aliquis,
3162 3622 3279 3660 non
3322 3605 3533 3660 omnis.
3586 3606 3665 3660 Ac

2019 3696 2212 3752 omnis
2242 3695 2477 3767 quidem
2510 3699 2568 3750 et
2597 3693 2818 3764 nullus,
2850 3693 3211 3749 universales
3242 3697 3379 3749 sunt
3408 3711 3421 3749 :
3454 3692 3666 3765 aliquis

2020 3789 2216 3842 autem
2244 3788 2302 3840 et
2347 3800 2466 3838 non
2497 3784 2712 3851 omnis,
2747 3782 3139 3855 particularis.
3174 3782 3429 3838 Rursum
3472 3782 3666 3838 omnis

2021 3878 2078 3930 et
2106 3873 2343 3945 aliquis,
2376 3871 2734 3928 affirmatisz
2770 3889 2784 3927 :
2819 3870 3016 3927 nullus
3045 3876 3104 3927 et
3129 3888 3244 3927 non
3274 3871 3467 3927 omnis
3496 3887 3668 3944 nega-

2018 3962 2172 4018 tivae.
3491 3975 3497 3979 '

2028 4106 2036 4113 ,
2092 4052 2146 4107 8.
2181 4051 2422 4122 Semper
2449 4053 2644 4105 autem
2674 4066 2808 4104 cum
2839 4047 3117 4120 subjectis
3142 4048 3498 4120 junguntur,
3522 4048 3666 4103 dum

2024 4139 2304 4211 subjectis
2344 4142 2783 4211 praeponuntur,
2817 4138 2964 4195 281
3019 4136 3196 4205 velut,
3244 4137 3447 4193 Omnis
3492 4136 3666 4192 homo

2024 4228 2315 4301 respirat:
2349 4227 2458 4283 hoc
2508 4231 2617 4294 est,
2653 4227 2851 4282 omnia
2893 4227 3004 4283 sub
3037 4227 3229 4299 specie
3277 4225 3533 4282 hominis
3576 4224 3666 4279 in-

2025 4317 2263 4373 dividua
2304 4315 2368 4369 τό
2396 4315 2682 4388 respirare
2730 4315 2967 4372 habent.
2996 4313 3066 4368 Τό
3113 4314 3307 4371 omnis
3345 4315 3499 4369 enim
3552 4330 3667 4368 non

2026 4405 2352 4462 universale
2399 4404 2712 4477 signiﬁcat,
2745 4405 2844 4459 sed
2879 4406 3032 4477 quod
3083 4402 3486 4459 universaliter
3513 4402 3669 4473 (uni-

2025 4494 2248 4553 versale
2296 4493 2653 4567 accipiatur),
2686 4492 2796 4548 hoc
2842 4497 2949 4560 est,
3001 4494 3211 4559 dicere,
3241 4491 3448 4547 Omnis
3495 4491 3671 4546 homo

2028 4590 2130 4641 aut
2158 4600 2330 4640 omne
2359 4581 2719 4651 nnimal,non
2751 4582 3041 4653 signiﬁcat
3062 4580 3272 4653 speciei
3309 4585 3409 4635 aut
3437 4579 3671 4652 generis

2029 4676 2299 4728 naturam
2357 4670 2944 4742 comprehendentem
3002 4675 3061 4725 et
3118 4670 3414 4724 unientem
3476 4668 3676 4723 omnia

262 4761 483 4840 φέρεται
510 4759 575 4815 τὸ
611 4757 1082 4835 κατηγορούμενον
1130 4758 1266 4813 κατὰ
1318 4758 1529 4812 πάντων
1583 4761 1690 4812 τῶν
1753 4778 1902 4833 μερι-

2028 4777 2154 4832 quae
2189 4759 2297 4815 sub
2329 4757 2476 4830 ipsis
2508 4762 2668 4823 sunt,
2704 4759 2806 4814 sed
2837 4759 2993 4829 quod
3024 4758 3402 4829 praedicatum
3444 4757 3675 4812 univer-

265 4848 549 4924 κωτέρων,
605 4846 639 4901 ἃ
693 4840 1091 4923 περιλαμϐάνει
1157 4846 1221 4900 τὸ
1297 4845 1670 4919 ὑποκείμενον.
1731 4844 1917 4909 Οὐδεὶς

265 4933 556 5013 ἄνθρωπος
607 4932 855 5010 Ἱπταται,
907 4935 1207 5005 τουτέστιν,
1268 4931 1446 4989 οὐδενὶ
1511 4939 1618 4990 τῶν
1670 4935 1773 4990 ὑπὸ
1826 4935 1919 4990 τὸν

266 5024 554 5101 ἄνθρωπον
593 5024 811 5099 ἀτόμων
875 5024 1108 5100 ὑπάρχει
1164 5024 1228 5078 τὸ
1282 5020 1556 5079 ἵπτασθαι·
1601 5020 1768 5099 ἤγουν
1828 5023 1921 5079 οὐ·

267 5111 378 5170 δενὶ
408 5118 516 5170 τῶν
570 5114 674 5169 ὑπὸ
700 5114 763 5168 τὸ
796 5111 1159 5186 ὑποκείμενον
1197 5110 1431 5188 ὑπάρχει
1476 5113 1539 5167 τὸ
1584 5111 1922 5189 κατηγοροὺ-

272 5223 457 5277 μενον.
503 5202 595 5266 Τὶς
644 5200 929 5278 ἅνθρωπος
979 5198 1291 5280 φιλοσοφεῖ,
1334 5200 1601 5272 τουτέστι,
1653 5201 1759 5256 τινὶ
1817 5204 1926 5255 τῶν

270 5290 377 5348 ὑπὸ
427 5292 493 5348 τὸ
550 5291 925 5364 ὑποκείμενον,
980 5287 1107 5359 ἤτοι
1173 5290 1265 5345 τὸν
1334 5287 1620 5366 ἄνθρωπον
1678 5284 1920 5363 ἀτόμων,

272 5381 512 5457 ὑπάρχει
536 5381 598 5436 τὸ
627 5378 1131 5457 κατηγορούμενον,
1158 5379 1223 5434 τὸ
1268 5377 1584 5458 φιλοσοφεῖν
1643 5376 1922 5450 δηλονότι.

272 5470 347 5526 Οὔ
408 5474 513 5532 πᾶς
566 5467 847 5544 ἅνθρωπος
924 5472 1248 5544 γεωμετρεῖ,
1298 5468 1595 5541 τουτέστιν,
1649 5466 1711 5523 οὐ
1768 5467 1928 5523 παντὶ

268 5563 383 5616 τῶν
426 5556 530 5613 ὑπὸ
577 5558 639 5613 τὸ
693 5557 1049 5631 ὑποκείμενον
1098 5551 1316 5631 ἀτόμων
1366 5557 1599 5634 ὑπάρχει
1645 5558 1709 5612 τὸ
1760 5579 1931 5627 κατη-

274 5647 639 5724 γορούμενον,
669 5645 799 5722 ὅπερ
833 5644 943 5701 ἐστὶ
974 5646 1037 5701 τὸ
1067 5652 1419 5722 γεωμετρεῖν.

343 5761 411 5819 θ’.
442 5755 643 5829 Ἔργον
673 5753 849 5808 τοίνυν
875 5757 983 5808 τῶν
1015 5750 1460 5830 προσδιορισμῶν
1488 5752 1553 5808 τὸ
1604 5751 1775 5828 μόνην
1835 5773 1934 5824 ση-

2032 4849 2237 4905 saliter
2284 4847 2523 4902 eﬂ‘ertur
2551 4847 2621 4902 de
2652 4847 2928 4902 omnibus
2979 4845 3518 4918 particularioribus
3548 4862 3677 4917 quae

2031 4937 2366 5007 subjectum
2413 4934 2836 5007 complectitur.
2884 4935 3094 4991 Nullus
3142 4934 3314 4990 homo
3361 4934 3535 5006 volat,
3568 4935 3678 4991 hoc

2030 5031 2141 5092 est,
2176 5023 2320 5080 nulli
2372 5024 2632 5080 hominis
2672 5022 2968 5080 individuo
3014 5023 3209 5080 volare
3257 5024 3428 5095 inest,
3462 5040 3681 5096 quippe

2032 5113 2179 5170 nulli
2235 5130 2438 5169 eorum
2493 5130 2619 5184 quae
2678 5113 2941 5183 subjecto
2989 5114 3244 5168 subsunt
3299 5112 3679 5185 praedicatum

2034 5205 2207 5259 inest.
2251 5201 2478 5273 Aliquis
2509 5203 2682 5256 homo
2714 5201 3180 5274 philosophatur,
3213 5202 3322 5257 hoc
3360 5206 3469 5269 est,
3503 5201 3681 5257 alicui

2036 5308 2237 5349 eorum
2266 5308 2393 5363 qua:
2461 5291 2725 5359 subjecto
2754 5290 2873 5347 sive
2922 5291 3143 5347 homini
3173 5292 3447 5363 subsunt,
3477 5290 3683 5345 indivi-

2037 5383 2222 5438 duum
2289 5379 2467 5445 inest,
2522 5379 2921 5451 philosophari
3001 5380 3241 5436 scilicet.
3300 5380 3425 5435 Non
3492 5378 3685 5435 omnis

2038 5470 2215 5525 homo
2242 5472 2458 5523 terram
2492 5468 2731 5522 metitur
2763 5485 2775 5522 :
2809 5468 2919 5523 hoc
2949 5475 3059 5536 est,
3084 5485 3199 5523 non
3233 5468 3509 5524 omnibus
3537 5467 3685 5522 indi-

2036 5557 2232 5613 v1duis
2255 5574 2382 5627 qua:
2412 5556 2665 5611 subsunt
2693 5556 2914 5613 homini
2939 5558 3316 5631 praedicatum
3348 5557 3685 5629 inest,quod

2040 5651 2129 5704 est
2157 5653 2377 5702 terram
2413 5645 2626 5700 metiri.

2110 5754 2166 5811 9.
2202 5754 2418 5810 Munus
2462 5752 2643 5825 igitur
2672 5753 3202 5827 praedelinitionum
3250 5756 3341 5810 est
3368 5750 3552 5809 solam
3600 5749 3686 5805 si-

277 5843 490 5927 μαίνεις
510 5843 615 5917 τήν
671 5842 810 5902 κατᾶ
835 5842 943 5923 (τὸ)
981 5841 1199 5917 πλῆθος
1260 5840 1524 5930 διαφορὰν
1563 5845 1671 5904 τῶν
1725 5843 1828 5903 ὑπὸ
1872 5864 1908 5903 τι

2044 5843 2323 5921 gniﬁcare
2375 5842 2761 5902 diﬁ‘erentiam
2794 5843 3193 5903 multitudinis
3223 5857 3425 5901 eorum
3459 5855 3582 5910 quae
3615 5838 3686 5897 ad

559 5973 826 6043 Ρλτιιοι..
874 5971 1101 6043 CXLII.

3328 5967 3406 6027 29
