4108 6472
455 517 572 579 907

1699 513 1747 571 Ν
1755 510 2124 572 ICEPHORI
2167 508 2611 574 BLEMMID/E

3737 516 3850 577 908

455 647 786 719 subjectum
832 643 1189 710 referuntur,
1218 641 1374 714 quod
1424 642 1514 697 vel
1548 643 1985 700 communicent
2010 641 2099 699 vel

2248 641 2563 715 ποκείμενον
2615 643 3051 720 ἀναφερομένων,
3081 644 3117 712 ἢ
3168 644 3244 706 ὡς
3291 645 3654 721 μετεχόντων,
3700 643 3736 715 ἤ
3781 646 3852 707 ὡς

457 752 575 793 non
606 732 1042 791 communicent
1070 731 1400 803 praedicam.

531 843 619 898 10.
650 839 931 896 Ceterum
982 837 1337 894 universales
1366 838 1800 910 propositiones
1851 838 1972 894 sive
2008 855 2107 894 eas

459 947 591 1005 quae
620 927 977 987 universales
990 916 1477 999 praedefinitiones
1509 927 1905 996 babent,282
1928 928 2107 983 etiam

461 1017 823 1076 universales
871 1021 936 1072 ut
984 1015 1370 1083 universales,
1402 1032 1504 1071 seu
1555 1017 1961 1073 universaliter
1990 1018 2109 1088 (ac-

464 1113 683 1181 ceptas)
710 1110 917 1163 vocant
941 1124 955 1174 ;
976 1110 1283 1178 propterea
1312 1105 1470 1175 quod
1503 1106 1562 1159 in
1595 1106 1688 1161 his
1720 1122 1856 1160 cum
1888 1104 2113 1160 univer-

465 1196 689 1254 salibus
736 1195 1019 1267 subjectis
1052 1193 1413 1250 universales
1449 1194 1939 1266 praadefinitiones
1970 1211 2110 1249 con-

459 1288 833 1360 junguntur;
867 1283 1248 1357 particulares
1298 1288 1493 1339 autem
1535 1284 1981 1356 prapositiones,
2014 1298 2113 1338 eas

467 1380 611 1449 puta
630 1391 759 1448 qua:
780 1373 1162 1447 particulares
1179 1372 1672 1445 przedefinitiones
1693 1373 2112 1444 babent,etiam

469 1463 829 1521 universales
876 1466 943 1517 ut
970 1460 1357 1534 particulares
1387 1466 1511 1527 (seu
1562 1460 1992 1533 particulariter
2021 1476 2114 1515 ac-

469 1553 690 1627 ceptas)
746 1551 1072 1608 nominant.
1104 1551 1167 1605 In
1197 1552 1290 1607 his
1343 1550 1501 1605 enim
1533 1550 1915 1622 particulares
1966 1566 2115 1621 prae-

471 1641 843 1699 deﬁnitiones
873 1639 1304 1696 universalibus
1336 1640 1614 1709 subjectis
1652 1642 2113 1712 conjunguntur.

473 1733 657 1788 Homo
713 1728 870 1785 enim
931 1726 1257 1784 universale
1314 1728 1647 1799 subjectum
1706 1731 1814 1794 est,
1849 1733 1914 1782 ut
1962 1727 2114 1798 quod

473 1820 676 1877 omnia
704 1819 816 1874 sub
868 1817 996 1889 ipso
1026 1816 1333 1872 individua
1360 1816 1672 1871 contineat.
1707 1818 1779 1871 At
1821 1816 2035 1887 aliquis
2064 1820 2122 1871 et

476 1926 592 1967 non
625 1907 821 1963 omnis
851 1906 1233 1979 particulares
1262 1904 1752 1978 prmdefinitiones
1782 1910 1940 1960 sunt.

548 1999 635 2053 11.
667 1996 956 2052 Diﬂ‘erunt
1003 1999 1200 2050 autem
1230 2011 1264 2051 a
1303 1993 1801 2066 propositionibus
1850 1992 2112 2065 singula-
2151 2018 2201 2083 B

477 2088 640 2144 ribus
682 2083 1091 2158 particulares,
1121 2083 1276 2155 quod
1307 2083 1636 2155 singulares
1690 2084 1926 2155 quidem
1960 2083 2031 2138 de
2061 2098 2122 2137 re

478 2176 675 2247 aliqua
706 2173 873 2229 ﬁnita
901 2190 1038 2240 una,
1070 2171 1319 2244 exempli
1368 2172 1579 2244 gratia,
1612 2173 1682 2227 de
1710 2173 1898 2241 Petro,
1930 2189 2120 2227 enun—

475 2264 779 2321 tiationem
825 2261 1060 2333 faciant,
1113 2261 1290 2329 velut,
1345 2265 1546 2316 Petrus
1594 2262 1714 2316 edit
1771 2260 2055 2316 miracula
2105 2276 2118 2315 :

477 2351 860 2425 particulares
908 2366 1041 2407 vero
1073 2349 1222 2405 nihil
1254 2350 1486 2405 (initum
1532 2349 1887 2422 significent,
1921 2350 2020 2406 sed
2052 2349 2124 2404 de

477 2439 987 2514 aliquo,quidquid
1016 2439 1073 2495 id
1095 2437 2125 2510 est,enuntiationem,velut,Aliquis

479 2530 656 2587 homo
684 2533 777 2586 est
794 2530 1017 2601 justus.

553 2638 640 2692 12.
689 2637 821 2693 Jam
869 2639 1065 2703 autem
1115 2634 1610 2707 prmdeﬂnitarum
1656 2634 2124 2707 propositionum

481 2730 771 2799 quotquot
799 2724 1319 2798 przedeﬁnitionem
1365 2722 1429 2776 τό
1478 2723 1674 2780 omnis
1703 2723 1941 2793 habent,
1994 2725 2123 2780 uni-

480 2814 736 2873 versales
785 2813 1145 2870 aiﬁrmativae
1194 2813 1624 2886 prapositiones
1672 2818 1731 2869 et
1777 2813 2125 2869 afﬁrmatio—

483 2920 587 2961 nes
635 2908 819 2972 sunt;
851 2902 1005 2959 288
1054 2907 1342 2975 quotquot
1387 2918 1540 2968 eam,
1589 2919 1716 2974 quae
1764 2908 1853 2958 est
1900 2902 2123 2974 nullus,

484 2992 843 3049 universales
874 2992 1153 3064 negativae
1181 2995 1239 3047 et
1268 2991 1643 3064 negationes:
1679 2995 1965 3063 quotquot
1995 3008 2125 3046 eam

482 3098 609 3154 quae
640 3086 731 3137 est
776 3080 1010 3153 aliquis,
1042 3078 1423 3152 particulares
1468 3079 1827 3135 afﬁrmativm
1857 3084 1915 3136 et
1963 3080 2127 3135 afﬁr-

481 3170 807 3240 mationes;
841 3172 1132 3242 quotquot
1158 3185 1287 3225 eam
1317 3185 1446 3241 quae
1476 3173 1584 3237 est,
1619 3185 1733 3224 non
1762 3169 1977 3237 omnis,
1999 3185 2128 3241 par-
2170 3200 2187 3221 .

478 3259 756 3317 ticulares
786 3259 1065 3331 negativae
1095 3262 1153 3315 et
1177 3258 1516 3330 negationes
1547 3262 1707 3314 sunt.

555 3367 639 3423 13.
672 3366 1008 3422 Eﬁ‘eruntur
1054 3368 1249 3420 autem
1279 3363 1544 3420 absolute
1582 3363 1748 3419 dictae
1796 3365 2123 3436 praedeﬁni-
2154 3386 2198 3454 ρ

480 3456 671 3513 tiones
723 3454 960 3511 nomine
993 3454 1273 3510 feminino
1302 3453 1385 3525 (in
1414 3457 1607 3509 Graeco
1651 3454 1933 3525 quidem),
1965 3454 2123 3510 velut

479 3547 516 3615 ἡ
550 3549 678 3614 πᾶς,
726 3544 957 3612 omnis;
987 3544 1023 3612 ἡ
1057 3539 1257 3612 οὐδεὶς,
1303 3542 1542 3611 nullus;
1574 3543 1610 3609 ἠ
1651 3541 1755 3612 τὶς,
1800 3542 2038 3615 aliquis,
2071 3547 2131 3600 et

482 3635 519 3703 ἡ
551 3632 612 3688 οὐ
640 3638 766 3704 πᾶς,
797 3650 913 3689 non
944 3633 1159 3689 omnis.

557 3742 645 3796 14.
679 3739 1034 3796 Universalis
1087 3740 1267 3812 igitur
1309 3738 1657 3795 afﬁrmativa
1704 3738 2022 3812 propositio
2070 3744 2129 3795 et

487 3828 832 3886 universalis
884 3828 1171 3902 negativa,
1221 3844 1431 3900 nempe
1475 3829 1511 3896 ἡ
1561 3833 1687 3894 πᾶς,
1735 3830 1948 3897 omnis,
2002 3834 2059 3885 et
2089 3830 2125 3897 ἡ

487 3914 688 3986 οὐδεὶς,
723 3918 918 3974 nullus
949 3917 1300 3990 (secundum
1332 3917 1671 3973 relationem
1704 3918 1861 3973 enim
1891 3919 1963 3973 ad
1994 3935 2129 3990 pro-

490 4009 808 4081 positiones
842 4006 1215 4064 'femininum
1267 4024 1481 4063 nomen
1557 4008 1978 4079 praedeﬁtiones
2035 4025 2130 4063 as-

486 4094 913 4170 sumpserunt),
960 4096 1048 4151 hae
1093 4095 1338 4169 inquam
1398 4096 1778 4168 universales,
1829 4097 2129 4152 contrariae

487 4190 649 4253 sunt,
697 4184 905 4241 iisdem
960 4184 1252 4251 terminis,
1301 4186 1492 4256 quoad
1540 4186 1811 4241 eumdem
1865 4187 2129 4241 ordinem

486 4274 815 4344 custoditis,
848 4279 915 4329 ut
942 4273 1224 4330 nimirum
1256 4273 1316 4327 in
1344 4274 1505 4329 omni
1538 4275 2001 4345 propositionum
2034 4292 2131 4348 op-

485 4362 777 4435 positione
834 4362 959 4419 ﬁeri
1015 4362 1205 4433 debet,
1239 4361 1380 4418 solis
1411 4362 1972 4434 praedeﬁnitionibus
2026 4380 2127 4420 va-

490 4451 804 4508 riantibus.

555 4560 642 4614 15.
692 4557 1003 4615 Contrarias
1049 4561 1245 4613 autem
1292 4557 1569 4613 dicuntur
1613 4561 1918 4630 propterea
1967 4561 2122 4632 quod

483 4647 778 4705 contraria
821 4647 1147 4703 imitentur.
1176 4652 1322 4702 Nam
1353 4651 1409 4702 et
1454 4645 1777 4718 plurimum
1811 4664 1845 4702 a
1874 4664 1937 4704 se
1980 4649 2127 4704 invi-

2218 731 2294 803 μή
2330 731 2670 806 μετεχόντων
2702 736 2799 786 τοῦ
2828 733 3325 807 κατηγορουμένου.

2289 838 2340 893 ι’.
2372 836 2612 892 Καλοῦσι
2669 835 2726 893 δὲ
2778 838 2874 899 τὰς
2928 838 3169 902 καθόλου
3225 840 3534 915 προτάσεις,
3584 837 3714 909 ἤτοι
3768 840 3856 901 τὰς

2218 924 2449 1001 ἐχούσας
2494 926 2625 989 τοὺς
2661 926 2900 991 καθόλου
2946 925 3431 1004 προσδιορισμοὺς,
3476 930 3570 983 καὶ
3627 927 3857 984 καθόλου

2218 1015 2292 1075 ὡς
2324 1013 2582 1079 καθόλου·
2626 1013 2764 1070 διότι
2817 1015 2904 1070 ἐπὶ
2950 1016 3156 1071 τούτων
3206 1022 3322 1079 τοῖς
3368 1016 3605 1073 καθόλου
3658 1019 3863 1073 ὑποκει-

2222 1104 2400 1176 μένοις
2448 1105 2498 1157 οἱ
2546 1103 2784 1159 καθόλου
2842 1106 3217 1161 συντάττονται
3272 1104 3718 1184 προσδιορισμοί·
3772 1106 3862 1168 τὰς

2220 1190 2277 1247 δὲ
2327 1194 2548 1266 μερικάς
2596 1194 2903 1267 προτάσεις,
2944 1192 3116 1270 ἤγουν
3164 1196 3259 1258 τὰς
3318 1195 3548 1273 ἐχούσας
3597 1195 3727 1258 τοὺς
3776 1216 3863 1269 με·

2223 1280 2407 1356 ρικους
2484 1280 2967 1357 προσδιορισμοὺς,
3042 1284 3367 1358 ὀνομάζουσι
3443 1285 3578 1359 (καὶ)
3634 1283 3865 1340 καθόλου

2222 1369 2296 1430 ὡς
2350 1369 2594 1441 μερικάς.
2629 1370 2748 1424 Ἐπὶ
2778 1371 2983 1426 τούτων
3013 1374 3113 1448 γάρ
3165 1373 3217 1427 οἱ
3280 1372 3493 1449 μερικοὶ
3552 1370 3867 1448 προσδιορι-

2224 1457 2351 1530 σμοῖ
2399 1463 2519 1520 τοῖς
2565 1457 2800 1513 καθόλου
2849 1459 3225 1534 ὑποκειμένοις
3271 1462 3671 1518 συντάττονται.
3703 1462 3868 1515 Καθό-

2226 1545 2326 1600 λου
2379 1546 2472 1619 μὲν
2532 1549 2634 1623 γάρ
2690 1547 3042 1620 ὑποκείμενον
3093 1551 3121 1603 ὁ
3152 1546 3453 1624 ἄνθρωπος,
3487 1551 3562 1612 ὡς
3620 1550 3872 1627 περιέχον

2224 1634 2482 1689 πάντατά
2517 1636 2603 1689 ὑπ’
2632 1635 2791 1690 αὑτὸν
2822 1634 3018 1709 ἄτομα·
3070 1638 3134 1693 τὸ
3166 1636 3223 1693 δὲ
3250 1639 3333 1701 τὶς
3391 1640 3481 1693 καὶ
3536 1639 3601 1694 τὸ
3651 1640 3716 1694 οὑ
3772 1645 3873 1700 πᾶς

2232 1724 2445 1797 μερικοὶ
2473 1722 2913 1801 προσδιορισμοί.

2306 1992 2387 2045 ια’.
2445 1987 2763 2069 Διαφέρουσι
2820 1991 2877 2047 δὲ
2937 1999 3046 2049 τῶν
3106 1995 3403 2049 καθέκαστα
3456 1996 3772 2070 προτάσεων
3828 1997 3881 2049 αἱ

2234 2080 2449 2153 μερικαὶ
2503 2085 2583 2153 τῷ
2631 2082 2726 2144 τὰς
2788 2083 2882 2155 μὲν
2937 2084 3236 2139 καθέκαστα
3292 2086 3561 2139 ποιεῖσθαι
3619 2084 3720 2153 τήν
3754 2084 3886 2138 ἀπό-

2231 2189 2417 2245 φανσιν
2447 2167 2533 2222 ἐπί
2562 2191 2710 2231 τινος
2740 2171 3044 2247 ὡρισμένου
3097 2173 3215 2235 ἑνὸς
3270 2177 3368 2228 τοῦ
3427 2172 3634 2245 Πέτρου
3691 2172 3879 2248 τυχόν·

2232 2259 2368 2326 οἷον,
2428 2259 2629 2333 Πέτρος
2687 2261 3105 2337 θαυματουργεῖ.
3164 2263 3266 2323 Τὰς
3325 2259 3382 2316 δὲ
3431 2262 3653 2336 μερικάς
3714 2260 3883 2335 μηδὲν

2232 2347 2532 2421 ὡρισμένον
2589 2348 2889 2421 σημαίνειν,
2932 2349 3057 2404 ἀλλ’
3119 2349 3207 2405 ἐπί
3261 2351 3406 2414 τίνος
3461 2355 3559 2405 τοῦ
3614 2350 3885 2426 τυχόντος

2231 2437 2497 2490 ποιεῖσθαι
2552 2438 2652 2506 τήν
2724 2437 3040 2514 ἀπόφανσιν·
3101 2440 3240 2513 οἷον,
3294 2440 3387 2500 Τὶς
3464 2436 3753 2513 ἄνθρωπος
3814 2436 3892 2493 δί-

2232 2524 2386 2586 καιός
2418 2523 2550 2582 ἐστι.

2311 2632 2399 2706 ιβ’.
2431 2635 2547 2685 Τῶν
2580 2628 2637 2685 δὲ
2683 2629 3201 2708 προσδιωρισμένων
3248 2632 3587 2711 προτάσεων,
3619 2632 3743 2689 ὅσαι
3791 2635 3889 2708 μὲν

2234 2718 2423 2794 ἔχουσι
2450 2720 2541 2774 τὸν
2573 2726 2676 2783 πᾶς
2734 2719 3182 2798 προσδιορισμὸν,
3234 2720 3469 2778 καθόλου
3523 2724 3889 2801 καταφατικαὶ

2233 2810 2517 2883 προτάσεις
2576 2811 2665 2863 καὶ
2711 2811 3034 2888 καταφάσεις
3078 2810 3230 2865 εἰσίν·
3280 2811 3400 2867 ὅσαι
3447 2808 3507 2866 δὲ
3556 2812 3650 2866 τὸν
3683 2809 3889 2886 οὐδεὶς,

2233 2895 2469 2952 καθόλου
2502 2898 2827 2976 ἀποφατικαὶ
2871 2900 2959 2954 καὶ
2998 2900 3308 2979 ἀποφάσεις·
3342 2900 3460 2955 ὅσαι
3515 2897 3573 2955 δὲ
3630 2901 3725 2956 τὸν
3781 2901 3891 2972 τὶς,

2239 2987 2452 3062 μερικαὶ
2495 2985 2854 3065 καταφατιλαὶ
2897 2988 2988 3042 καὶ
3034 2990 3377 3064 καταφάσεις·
3410 2988 3528 3044 ὅσαι
3575 2986 3635 3044 δὲ
3669 2990 3767 3045 τὸν
3832 2990 3894 3045 οὑ

2234 3082 2357 3148 πᾶς,
2394 3076 2608 3153 μερικαὶ
2640 3076 2967 3155 ἀποφατικαὶ
2998 3078 3087 3133 καὶ
3117 3077 3430 3156 ἀποφάσεις.

2311 3369 2396 3438 ιγ’.
2438 3362 2781 3440 Ἐκφέρονται
2837 3360 2895 3417 δὲ
2952 3362 3239 3427 ἀπολὺτως
3298 3365 3351 3419 οἱ
3406 3359 3658 3441 ῥηθέντες
3719 3385 3894 3440 προσ-

2235 3447 2512 3527 διορισμοὶ
2544 3451 2770 3525 ὀνόματι
2803 3450 3046 3525 θηλυκῷ·
3081 3454 3194 3507 οἷον
3221 3456 3257 3524 ἡ
3302 3460 3430 3525 πᾶς,
3460 3455 3549 3508 καὶ
3596 3458 3631 3525 ἡ
3684 3453 3895 3528 οὐδεὶς,

2234 3539 2324 3593 καὶ
2354 3542 2389 3608 ἠ
2420 3540 2526 3611 τὶς,
2557 3539 2647 3593 καὶ
2677 3542 2713 3609 ἡ
2745 3538 2811 3593 οὐ
2841 3546 2969 3603 πᾶς.

2311 3732 2394 3793 ιδ’.
2426 3736 2489 3791 Ἡ
2552 3736 2645 3808 μὲν
2703 3736 2794 3790 οὗν
2868 3734 3109 3791 καθόλου
3183 3739 3517 3816 καταφατική
3600 3738 3897 3815 πρότασις,

2236 3824 2325 3878 καὶ
2358 3827 2393 3894 ἡ
2449 3823 2685 3879 καθόλου
2741 3824 3070 3902 ἀποφατική,
3130 3822 3301 3900 ἤγουν
3356 3828 3393 3895 ἡ
3452 3832 3578 3899 πᾶς,
3611 3829 3646 3896 ἡ
3709 3826 3898 3890 οὐδεὶς

2237 3914 2393 3987 (κατά
2420 3916 2521 3990 γάρ
2571 3914 2671 3982 τὴν
2706 3913 2779 3975 εἷς
2814 3915 2911 3976 τὰς
2957 3915 3245 3991 προτάσεις
3294 3916 3562 3993 ἀναφορὰν
3606 3917 3671 3971 τὸ
3719 3916 3903 3989 θηλυ-

2237 4003 2330 4057 κὸν
2382 4003 2433 4056 οἱ
2481 4000 2905 4079 προσδιορισμοί
2951 3998 3288 4079 προσέλαϐον
3340 4000 3559 4078 ὄνομα),
3603 4005 3760 4060 αὗται
3826 4003 3897 4074 δὴ

2238 4092 2293 4145 αἱ
2338 4090 2578 4155 καθόλου
2633 4090 2861 4146 ἐναντίαι
2915 4090 3016 4146 εἰσὶ
3067 4096 3172 4147 τῶν
3225 4091 3400 4148 αὐτῶν
3449 4092 3592 4170 ὅρων
3622 4095 3762 4150 κατά
3790 4097 3897 4165 τήν

2238 4181 2404 4248 αὐτὴν
2462 4180 2607 4252 τάξιν
2666 4177 3108 4258 φυλαττομένων·
3168 4177 3423 4251 δηλονότι
3501 4184 3641 4238 κατὰ
3714 4174 3899 4238 πᾶσαν

2238 4269 2498 4323 ἀντίθεσιν
2548 4273 2656 4323 τῶν
2702 4270 3030 4343 προτάσεων,
3079 4269 3256 4343 μόνων
3306 4267 3351 4324 δ’
3407 4269 3897 4347 ὲναλλαττομὲνων

2236 4361 2345 4412 τῶν
2378 4354 2843 4433 προσδιορισμῶν.

2315 4554 2393 4609 ιε’.
2429 4552 2689 4607 Ἐναντίαι
2722 4550 2779 4607 δὲ
2824 4551 3077 4628 λέγονται
3132 4550 3222 4607 διὰ
3269 4554 3332 4608 τὸ
3386 4552 3639 4609 τάναντία
3701 4561 3899 4629 μιμεῖ-

2241 4642 2381 4697 σθαι.
2414 4639 2673 4697 Πλεῖστόν
2716 4662 2776 4697 τε
2821 4642 2924 4717 γὰρ
2985 4640 3323 4714 διεστήκασιν
3375 4642 3466 4697 ἀπ’
3515 4641 3818 4715 ἀλλήλων·
3856 4640 3905 4699 εἷ

481 4753 609 4794 cem
634 4738 855 4793 distant
884 4753 896 4791 :
930 4736 1219 4809 siquidem
1253 4752 1371 4791 una
1400 4736 1657 4792 afﬁrmat
1701 4736 2125 4810 universaliter,

2245 4752 2298 4806 γε
2325 4732 2361 4800 ἡ
2397 4731 2490 4804 μὲν
2545 4730 2871 4809 καταφάσκει
2920 4730 3174 4803 καθόλου,
3233 4734 3269 4801 ἡ
3329 4728 3387 4787 δὲ
3442 4731 3747 4811 ἀποφάσκει
3806 4755 3905 4789 κα-

482 4826 666 4883 altera
693 4831 869 4900 negat
897 4824 1327 4882 universaliter.

553 4937 640 4991 16.
673 4935 743 4991 Et
773 4952 908 4991 cum
955 4932 1315 4990 immediatis
1345 4937 1470 4989 tum
1501 4935 1770 4990 mediatis
1821 4935 2128 4991 contrariis

483 5027 624 5078 sunt
652 5014 1279 5082 simileszimmediatis
1309 5024 1545 5095 quidem
1576 5023 1635 5077 in
1667 5023 1914 5079 materia
1938 5039 2129 5079 neces-

480 5112 638 5167 saria
679 5117 736 5168 et
782 5114 1147 5184 impossibili.
1184 5114 1330 5169 Nam
1360 5115 1417 5168 et
1446 5112 1872 5168 contrariorum
1922 5113 2125 5169 imme-

383 5268 389 5272 ἓ
480 5198 774 5257 diatorum
818 5220 887 5258 ex
928 5204 1276 5261 necessitate
1324 5202 1490 5257 adest
1537 5201 1785 5256 alterum
1824 5202 2123 5271 subjecto;

480 5290 637 5347 πει
685 5294 743 5346 et
786 5292 1073 5363 ejusmodi
1136 5290 1601 5365 propositionum
1649 5308 1717 5345 ex
1784 5291 2127 5347 necessitate

479 5377 662 5436 altera
686 5396 821 5435 vera
866 5385 974 5448 est,
1008 5382 1190 5437 altera
1219 5380 1366 5435 falsa
1394 5380 1452 5433 in
1495 5379 1668 5434 dictis
1718 5379 1978 5434 materiis
2012 5395 2025 5435 :
2064 5380 2125 5434 in

477 5468 811 5525 necessaria
839 5470 1077 5541 quidem
1109 5468 1472 5533 afﬁrmativa,
1505 5468 1682 5539 velut,
1715 5467 1918 5524 Omnis
1952 5468 2124 5525 homo

474 5557 727 5630 respirat
776 5575 789 5613 :
842 5558 900 5613 in
954 5556 1304 5629 impossibili
1362 5560 1577 5627 autem,
1628 5558 1913 5629 negativa,
1965 5557 2123 5613 velut

471 5646 686 5703 Nullus
712 5646 888 5703 homo
916 5645 1094 5703 volat.

548 5756 634 5810 17.
667 5754 915 5811 Omnino
939 5761 1134 5809 autem
1167 5752 1515 5807 exsistentice
1547 5753 1781 5822 quidem
1811 5755 2124 5819 verum,iu-

473 5845 829 5908 exsistentiae
868 5862 1002 5904 vero
1032 5842 1247 5901 falsum
1275 5840 1644 5916 praportione
1693 5843 2023 5916 respondet.
2058 5846 2121 5902 1n

2241 4817 2430 4883 θόλου.

2312 4934 2395 4991 ις’.
2423 4925 2522 4981 Καὶ
2550 4932 2668 4990 τοῖς
2719 4923 2944 5001 ἀμέσοις
2992 4927 3082 4982 καὶ
3132 4932 3250 4989 τοῖς
3307 4926 3566 5002 έμμέσοις
3626 4928 3903 4992 ἐναντίοις

2238 5016 2462 5071 ἐοίκασι·
2520 5022 2638 5077 τοῖς
2699 5017 2793 5090 μὲν
2847 5015 3092 5090 ἀμέσοις,
3128 5015 3215 5071 ἐπὶ
3269 5024 3371 5086 τῆς
3419 5016 3716 5093 ἀναγκαίας
3746 5017 3907 5090 ὕλης

2234 5106 2323 5161 καὶ
2383 5105 2667 5163 ἀδυνάτου.
2725 5110 2839 5160 Τῶν
2901 5127 2959 5161 τε
3014 5106 3119 5183 γάρ
3200 5105 3412 5179 ἀμέσων
3497 5105 3777 5179 ἐναντίων,
3848 5109 3907 5178 ἐξ

2235 5195 2477 5270 ἀνάγκης
2531 5200 2610 5267 τῷ
2669 5195 3011 5269 ὑποκειμένῳ
3064 5194 3287 5271 πάρεστι
3332 5197 3575 5269 θάτερον.
3628 5199 3726 5251 Καὶ
3786 5202 3909 5252 τῶν

2233 5284 2496 5339 τοιούτων
2552 5285 2864 5360 προτάσεων
2925 5284 2975 5354 ἐξ
3033 5284 3274 5359 ἀνάγκης
3322 5287 3357 5353 ἡ
3419 5285 3575 5359 ἑτέρα
3628 5286 3913 5356 καθέστη-

2233 5395 2321 5428 κεν
2352 5373 2565 5444 ἀληθής
2599 5373 2686 5428 ἐπὶ
2739 5378 2844 5427 τῶν
2905 5372 3204 5449 εἰρημένων
3257 5372 3423 5428 ὑλῶν·
3485 5373 3574 5428 ἐπὶ
3636 5376 3731 5447 μὲν
3789 5382 3909 5443 τῆς

2236 5462 2519 5539 ἀναγκαίας
2570 5466 2606 5532 ἡ
2661 5465 3018 5540 καταφατική·
3063 5464 3199 5534 οἷον,
3242 5467 3352 5525 Πᾶς
3412 5463 3701 5540 ἄνθρωπος
3758 5464 3915 5518 ἀνα-

2232 5558 2374 5606 πνεῖ-
2409 5550 2497 5606 ὲπὶ
2556 5548 2613 5606 δὲ
2667 5559 2768 5621 τῆς
2828 5548 3092 5606 ἀδυνάτου
3123 5554 3158 5622 ἡ
3207 5550 3539 5630 ἀποφατική·
3592 5554 3728 5624 οἷον,
3790 5552 3910 5606 Οὐ-

2234 5639 2343 5702 δεὶς
2366 5638 2645 5717 ἅνθρωπος
2672 5638 2920 5699 *ίπταταμ

2306 5753 2386 5817 ιζ’.
2422 5748 2637 5808 Πάντως
2668 5746 2724 5801 δὲ
2754 5753 2821 5823 τῇ
2855 5749 2947 5821 μὲν
3009 5750 3229 5826 ὑπάρξει
3256 5749 3317 5803 τὸ
3347 5747 3546 5819 ἀληθὲς
3601 5746 3903 5825 ἀναλογεῖ·

2229 5841 2298 5914 τῇ
2359 5834 2405 5894 δ’
2457 5836 2751 5915 ἀνυπαρξίᾳ
2803 5838 2866 5893 τὸ
2920 5836 3139 5915 ψεῦδος.
3176 5838 3318 5895 Κατά
3376 5837 3471 5914 μὲν
3533 5838 3628 5895 οὗν
3684 5837 3909 5903 ταύτας
