4108 6524
216 572 318 634 909

1544 574 1895 636 ΕΡΙΤΟΜΕ
1938 575 2239 636 LOGICA.

3478 578 3596 637 910

216 704 301 765 τὰς
327 701 456 765 ὕλας
486 705 522 772 ἡ
553 707 678 776 πᾶς,
710 703 800 758 xui
829 706 864 773 ἡ
915 701 1114 776 οὐδεὶς,
1145 709 1261 766 τοῖς
1313 705 1535 779 ἀμέσοις
1582 704 1838 767 ἐναντίοις

1987 707 2049 761 iis
2079 707 2254 780 igitur
2279 708 2558 774 materiis,
2593 707 2787 762 omnis
2807 711 2863 763 et
2894 706 3112 774 nullus,
3136 707 3445 764 contrariae
3465 724 3598 781 pro-

218 790 423 849 ἐοίκασι.

281 904 358 968 ιη’.
401 898 543 954 Κατὰ
591 895 648 952 δὲ
713 900 811 968 τήν
869 896 1233 975 ἐνδεχομένην
1283 907 1399 962 τοῖς
1465 899 1712 974 ἐρμέσοις
1773 901 1846 954 ὧν

213 985 414 1042 δυνατὸν
468 983 596 1060 μηδ’
635 983 818 1063 ἕτερον
872 994 1129 1064 παρεῖναι
1186 993 1263 1061 τῷ
1323 989 1685 1061 ὑποκειμένῳ.
1746 986 1847 1042 Καὶ

213 1077 361 1154 ἄμφω
391 1077 445 1130 αἱ
473 1076 764 1150 προτάσεις
793 1077 931 1130 κατὰ
958 1077 1055 1145 τήν
1100 1074 1462 1152 ἐνδεχομένην
1517 1075 1655 1146 ὕλην
1709 1098 1846 1149 συμ-

215 1161 504 1240 ψεύδονται·
565 1166 703 1236 οἷον,
760 1169 872 1227 Πᾶς
929 1165 1208 1240 ἅνθρωπος
1268 1163 1472 1226 δίκαιός
1529 1164 1687 1235 ἐστιν,
1749 1164 1850 1219 Οὐ-

217 1251 316 1316 δεὶς
344 1254 624 1330 ἅνθρωπος
656 1251 867 1316 δίκαιός
902 1253 1066 1308 ἐστιν.

333 1367 342 1382 ι
392 1361 412 1378 Ἰ
575 1359 589 1379 κ
661 1358 670 1376 ν
1093 1365 1116 1376 ν
1410 1360 1419 1378 9
1636 1360 1649 1380 9
1703 1359 1712 1380 Ι

288 1362 359 1418 ιθ,
416 1365 461 1415 Η
503 1380 590 1414 και
639 1361 722 1415 ὁτι
767 1360 822 1414 ui
871 1357 1204 1430 δηλωθεισαι
1252 1381 1539 1437 προτάσεις
1595 1358 1856 1423 ουδεποτε

222 1451 307 1523 μὲν
356 1447 801 1519 συναληθεύουσι,
852 1449 984 1504 ποτὲ
1041 1445 1098 1503 δὲ
1153 1449 1242 1504 καὶ
1297 1447 1715 1524 συμψεύδονταιο
1764 1466 1854 1520 καὶ

215 1539 340 1593 κατὰ
381 1539 527 1593 τοῦτ’
575 1537 634 1592 ἂν
681 1537 904 1601 εἰκότως
954 1537 1188 1593 ἐναντίαι
1251 1538 1730 1612 κατονομάζοιντο.
1781 1541 1856 1593 Τὰ

215 1629 308 1704 γὰρ
361 1627 565 1683 ἐναντία
633 1628 992 1704 συνυπάρχειν
1062 1629 1156 1701 μὲν
1207 1627 1483 1699 ἀλλήλοις
1534 1630 1649 1683 κατ’
1706 1627 1855 1704 ἐνέρ-

213 1738 346 1793 γειαν
405 1716 492 1772 ἐπὶ
546 1722 643 1772 τοῦ
715 1717 881 1773 αὐτοῦ
959 1716 1320 1792 ὑποκειμένου
1396 1715 1678 1772 ἀδύνατον·
1745 1717 1857 1789 ἅμα

217 1803 260 1860 δ’
289 1805 495 1862 ἀπεῖναι
529 1806 692 1862 αὐτοῦ
720 1803 966 1865 δυνατόν.

283 1986 343 2038 κ’.
376 1983 474 2040 Καὶ
527 1983 608 2041 ὅτι
671 1986 765 2060 μὲν
819 1986 875 2040 αἱ
933 1984 1178 2061 ῥηθεῖσαι
1253 1985 1542 2061 προτάσεις
1601 1983 1853 2054 ἐναντίαι,

218 2074 301 2128 καὶ
331 2070 465 2128 διότι
499 2070 828 2144 δεδήλωται.

283 2170 376 2219 xu’.
399 2164 462 2216 Ἡ
513 2159 571 2217 δὲ
613 2163 808 2239 μερική
855 2163 1213 2240 καταφατική,
1255 2162 1345 2217 xui
1393 2164 1429 2231 ἡ
1482 2164 1677 2234 μερική
1728 2162 1859 2216 ἀπο-

221 2254 436 2329 φατική,
499 2250 790 2307 καλοῦνται
868 2251 1196 2306 ὑπεναντίαι·
1257 2252 1332 2313 ὡς
1392 2251 1494 2305 ὑπὸ
1545 2256 1662 2312 ταῖς
1719 2249 1863 2305 ἐναν-

219 2340 352 2402 τίαις
400 2340 717 2416 τεταγμέναι
772 2340 1041 2403 κᾶκείναις
1090 2340 1366 2413 ἑπόμεναι.
1424 2339 1522 2394 Καὶ
1579 2341 1680 2415 γὰρ
1739 2339 1862 2393 ὅταν

221 2432 254 2499 ἡ
285 2429 433 2506 ἑτέρα
457 2435 564 2484 τῶν
614 2428 852 2484 καθόλου
904 2429 1166 2504 ἀληθεύῃ,
1199 2429 1321 2484 τότε
1369 2429 1722 2499 συναληθεόει
1771 2429 1861 2482 καὶ

219 2521 254 2588 ἡ
283 2519 365 2573 ὑπ’
393 2519 559 2588 αὐτὴν
604 2520 822 2595 μερικήο
856 2519 932 2581 ὡς
983 2519 1097 2573 οἷον
1151 2518 1315 2594 μέρος
1364 2518 1531 2588 αὐτῆς
1590 2516 1741 2591 οὖσα,
1772 2516 1863 2571 καὶ

222 2607 308 2662 ὑπ’
336 2607 466 2677 αὐτῆ
477 2629 501 2670 ς
529 2627 758 2683 περιεχο
767 2609 900 2681 μένῃ
911 2651 926 2665 .

287 2697 388 2771 κβ’.
421 2697 514 2751 Διὸ
559 2695 650 2752 καὶ
696 2697 793 2759 τᾶς
842 2698 1204 2774 καταφατικὰς
1253 2695 1566 2772 προτάσεις,
1614 2696 1712 2764 τὴν
1766 2716 1861 2750 κα-

217 2784 382 2841 θόλου
412 2784 555 2862 λέγω
585 2783 652 2856 δὴ
684 2785 774 2841 καὶ
802 2787 900 2855 τὴν
937 2787 1188 2861 μερικὴν,
1217 2787 1317 2855 τὴν
1349 2791 1454 2848 πᾶς
1484 2785 1573 2841 καὶ
1605 2787 1705 2855 τὴν
1754 2786 1862 2852 τὶς,

215 2875 306 2931 xui
354 2874 504 2937 αὖθις
551 2876 645 2936 τὰς
697 2875 1054 2953 ἀποφατικάς,
1103 2876 1202 2944 τὴν
1252 2872 1429 2937 οὐδεὶς
1475 2875 1565 2929 καὶ
1615 2875 1677 2930 οὐ
1736 2880 1862 2946 πᾶς,

220 2961 573 3034 ὑπαλλήλους
603 2962 881 3019 καλοῦσιν·
919 2963 1026 3039 οὐχ
1055 2962 1241 3038 ὅτιπερ
1274 2964 1348 3026 ὡς
1397 2967 1433 3033 ἡ
1480 2963 1564 3026 τὶς
1616 2965 1717 3019 ὑπὸ
1765 2965 1862 3032 τὴν

215 3059 341 3125 πᾶς,
373 3051 516 3107 οὕτω
565 3049 630 3122 δὴ
681 3053 772 3106 καὶ
821 3055 856 3121 ἡ
905 3058 1009 3114 πᾶς
1063 3051 1165 3107 ὑπὸ
1210 3054 1308 3122 τὴν
1358 3051 1463 3114 τίς·
1507 3053 1597 3107 καὶ
1629 3052 1704 3114 ὡς
1733 3055 1769 3122 ἡ
1803 3051 1865 3106 οὐ

217 3149 324 3204 πᾶς
355 3142 456 3197 ὑπὸ
485 3142 584 3210 τὴν
622 3139 821 3209 οὐδεὶς,
856 3140 998 3196 οὕτω
1041 3142 1132 3196 καὶ
1181 3145 1216 3211 ἡ
1270 3139 1446 3203 οὐδεὶς
1495 3142 1597 3196 ὑπὸ
1647 3143 1746 3210 τὴν
1804 3140 1866 3195 οὐ

219 3238 325 3293 πᾶς
351 3235 533 3303 (τοῦτο
565 3232 670 3307 γάρ
696 3227 891 3304 ψεῦδος
937 3231 1079 3303 ὁμοῦ
1122 3228 1212 3284 xui
1257 3228 1560 3303 ἀδύνατον)·
1613 3227 1737 3284 ἀλλ’
1784 3228 1866 3284 ὅτι

222 3320 283 3375 τὸ
342 3320 445 3376 ὑπὸ
498 3320 596 3390 τὴν
650 3325 754 3382 πᾶς
814 3319 942 3374 εἶναι
999 3320 1098 3388 τήν
1159 3318 1263 3391 τὶς,
1320 3319 1410 3373 καὶ
1487 3317 1867 3388 συναληθεύειν

224 3409 380 3483 αὐτῇ,
415 3405 602 3463 δίδωσι
638 3409 732 3481 μὲν
764 3411 798 3477 ἡ
832 3413 957 3480 πᾶς,
991 3409 1067 3470 ὡς
1105 3406 1360 3463 καθόλου·
1412 3402 1678 3480 λαμϐάνει
1731 3405 1788 3462 δὲ
1833 3410 1868 3476 ἡ

213 3498 323 3569 τὶς,
354 3498 428 3560 ὡς
464 3499 626 3571 μέρος
653 3499 751 3566 τῆς
783 3502 907 3564 πᾶς,
934 3495 1024 3551 xui
1056 3496 1226 3559 οὕτως
1259 3496 1318 3551 ἐκ
1345 3502 1445 3565 τῆς
1501 3501 1606 3558 πᾶς
1665 3500 1731 3570 τῇ
1789 3496 1873 3558 τὶς

211 3582 370 3649 ὄντος
400 3590 497 3641 τοῦ
528 3587 863 3659 ὑποκεῖσθαι,
898 3587 974 3648 ὡς
1001 3589 1100 3655 τῆς
1149 3587 1271 3658 ὑπὸ,
1306 3585 1357 3641 ἐν
1407 3583 1683 3656 ἀλλήλοις
1731 3587 1864 3640 θεω-

211 3673 512 3752 ρουμένης·
547 3675 600 3730 ἐν
632 3675 727 3748 μὲν
762 3679 832 3750 τῇ
877 3680 981 3737 πᾶς
1030 3673 1404 3752 ἐνεργητικᾶκ⁶
1451 3673 1502 3729 ἐν
1556 3672 1613 3729 δὲ
1658 3678 1728 3749 τῇ
1784 3675 1865 3736 τὶς

205 3767 275 3823 τὸ
312 3766 646 3820 ὑποκεῖσθαι·
697 3771 799 3835 τῆς
848 3761 905 3819 δὲ
949 3763 1030 3827 τὶς
1085 3761 1390 3839 δεχομένης
1442 3763 1570 3818 αὐτὸ
1621 3760 1709 3818 διὰ
1763 3765 1860 3833 τὴν

206 3853 599 3928 ἀλληλουχίαν
647 3854 735 3908 καὶ
780 3851 945 3932 ἄμφω
991 3851 1310 3923 ὑπάλληλοι
1366 3851 1678 3924 κέκληνται.
1719 3854 1865 3908 Κατὰ

201 3943 339 4004 τοὺς
393 3941 583 4004 αὐτοὺς
626 3940 822 4018 λόγους
874 3940 1212 4015 ὑπάλληλοι,
1243 3941 1332 3997 καὶ
1385 3945 1420 4011 ἡ
1472 3939 1648 4004 οὐδεὶς
1705 3941 1794 3996 καὶ
1825 3944 1859 4012 ἡ

207 4033 276 4088 οὐ
308 4038 437 4095 πᾶς.

1957 797 2276 868 positiones
2309 796 2668 852 immediatis
2703 796 3011 852 contrariis
3042 801 3182 852 sunt
3211 796 3456 853 similes.

2030 904 2116 958 18.
2154 908 2226 958 At
2253 919 2385 958 vero
2416 903 2732 976 contigenti
2783 903 3030 959 materia
3069 904 3342 960 mediatis
3371 909 3600 961 contra-

1958 992 2083 1057 riis,
2116 1009 2365 1063 quorum
2398 997 2671 1047 neutrum
2705 994 2966 1062 subjecto
2999 993 3203 1049 adesse
3233 999 3322 1049 est
3348 993 3599 1066 possibi-

1958 1079 2050 1148 le;
2083 1085 2140 1135 et
2185 1082 2371 1136 ambae
2402 1082 2830 1153 propositiones
2875 1081 2934 1136 in
2963 1083 3210 1138 materia
3239 1083 3600 1156 contingenti

1961 1167 2138 1224 simul
2183 1170 2507 1225 metiuntur
2541 1187 2553 1225 :
2585 1169 2762 1237 velut,
2795 1170 2998 1226 Omnis
3046 1171 3220 1227 homo
3243 1172 3446 1243 justus
3490 1177 3598 1240 est,

1961 1257 2170 1312 Nullus
2201 1258 2375 1313 homo
2400 1259 2604 1329 justus
2635 1263 2743 1314 est.

2036 1364 2122 1418 19.
2156 1366 2267 1419 Aut
2295 1380 2430 1419 vero
2461 1365 2637 1420 etiam
2671 1366 2824 1437 quod
2849 1366 3151 1424 declaratis
3180 1367 3605 1441 propositiones

1964 1471 2268 1525 nunquam
2299 1455 2570 1526 equidem
2603 1455 2780 1510 simul
2810 1473 3010 1512 verum
3042 1457 3264 1527 dicunt,
3287 1457 3604 1529 aliquando

1965 1548 2162 1598 autem
2213 1543 2384 1598 etiam
2433 1543 2612 1599 simul
2665 1544 2879 1600 falsum
2930 1546 3132 1613 aiunt;
3167 1545 3276 1601 hac
3325 1546 3504 1603 etiam
3535 1548 3606 1602 de

1965 1649 2141 1687 causa
2175 1633 2380 1687 merito
2422 1633 2725 1688 contrariae
2771 1635 3328 1702 denominabuntur,
3361 1635 3603 1691 Contra-

1965 1719 2052 1775 ria
2079 1720 2236 1776 enim
2286 1721 2632 1778 coexsistere
2670 1722 2908 1792 quidem
2955 1722 3202 1778 invicem
3233 1728 3364 1780 actu
3417 1725 3476 1778 in
3507 1740 3603 1779 eo-

1965 1811 2098 1865 dem
2131 1810 2394 1880 subjecto
2425 1810 2811 1882 impossibile,
2843 1811 3020 1867 simul
3054 1816 3252 1868 autem
3303 1814 3375 1868 ab
3401 1813 3605 1870 eodem

1967 1899 2170 1954 abesse
2200 1898 2477 1971 possibile
2505 1905 2613 1956 est.

2034 1989 2123 2042 20.
2158 1988 2226 2042 Et
2251 1989 2405 2059 quod
2447 1988 2630 2060 igitur
2658 1989 2826 2044 dicta
2872 1988 3300 2061 propositiones
3330 1989 3449 2046 sint
3476 2005 3606 2046 con-

1885 2083 1933 2147 Β
1963 2077 2159 2132 trarize
2187 2080 2244 2130 et
2274 2093 2455 2148 quare
2486 2076 2846 2133 declaratum
2877 2083 2983 2133 est.

2041 2167 2127 2220 21.
2161 2166 2291 2221 Jam
2321 2183 2454 2222 vero
2485 2167 2856 2237 particularis
2887 2168 3238 2223 afﬁrmativa
3267 2171 3325 2223 et
3352 2169 3609 2240 particu-

1969 2254 2108 2310 laris
2137 2256 2404 2326 negativa
2432 2256 2584 2312 285
2611 2257 3032 2312 subcontrariae
3060 2262 3360 2328 vocantur,
3389 2261 3453 2313 ut
3483 2274 3613 2328 quae

1971 2346 2081 2400 sub
2109 2345 2418 2400 contrariis
2453 2345 2655 2417 positae
2699 2345 2818 2401 sint
2847 2351 2902 2401 et
2931 2347 3062 2402 illas
3095 2350 3435 2418 sequantur.
3468 2346 3613 2400 Cum

1972 2434 2128 2489 enim
2159 2433 2338 2489 altera
2368 2434 2789 2490 universalium
2835 2452 3040 2490 verum
3091 2435 3250 2506 dicit,
3283 2439 3409 2490 tum
3440 2435 3616 2491 etiam

1973 2521 2341 2595 particularis
2371 2541 2500 2595 quae
2553 2525 2663 2579 sub
2713 2541 2780 2579 ea
2808 2529 2916 2595 est,
2947 2540 3149 2579 verum
3196 2525 3519 2597 proﬁtetur,
3551 2527 3619 2579 ut

1973 2628 2103 2682 quae
2132 2610 2291 2666 velut
2321 2628 2457 2683 pars
2487 2612 2566 2667 sit
2589 2611 2748 2668 illius
2778 2617 2835 2668 et
2864 2613 2934 2668 ab
2965 2613 3094 2685 ipsa
3119 2613 3509 2668 contineatur.

2042 2701 2132 2755 22.
2165 2700 2473 2772 Propterea
2516 2700 2692 2756 etiam
2739 2701 3122 2758 afﬁrmativas
3169 2701 3616 2774 prepositiones,

1973 2788 2362 2844 universalem
2391 2789 2635 2861 inquam
2665 2793 2724 2844 et
2752 2790 3186 2862 particularem,
3216 2791 3407 2846 omnis
3437 2795 3492 2845 et
3513 2789 3618 2845 ali-

1975 2875 2139 2948 quis;
2171 2881 2228 2932 et
2251 2876 2466 2932 iterum
2485 2877 2779 2949 negativae
2801 2881 2858 2933 et
2879 2895 2995 2934 non
3017 2879 3209 2934 omnis
3233 2875 3452 2946 ὑπαλλή
3463 2875 3615 2948 λους,

1974 2965 2034 3020 id
2065 2968 2153 3020 est
2199 2964 2587 3034 subalternas,
2619 2971 2847 3034 vocant,
2878 2984 2993 3022 non
3025 2967 3294 3038 equidem
3350 2967 3504 3038 quod
3535 2966 3620 3022 si-

1976 3058 2075 3109 cut
2114 3053 2326 3125 aliquis
2386 3055 2496 3110 sub
2525 3055 2740 3123 omnis,
2772 3055 2854 3111 ita
2899 3056 3075 3111 etiam
3126 3056 3318 3112 omnis
3369 3056 3480 3110 sub
3513 3053 3622 3110 ali-

1978 3143 2111 3214 quis
2147 3147 2243 3198 :et
2287 3143 2440 3198 sicut
2490 3161 2605 3200 non
2653 3145 2844 3200 omnis
2897 3146 3006 3200 sub
3053 3145 3274 3210 nullus,
3321 3145 3400 3199 ita
3443 3143 3620 3200 etiam

1979 3231 2178 3288 nullus
2211 3233 2320 3288 sub
2351 3251 2466 3288 non
2515 3234 2707 3289 omnis
2741 3233 2817 3289 sit
2847 3234 2977 3304 (hoc
3009 3233 3165 3289 enim
3213 3231 3426 3288 falsum
3453 3233 3623 3304 juxta

1978 3325 2035 3378 et
2063 3322 2421 3394 impossibile
2473 3323 2602 3393 est),
2637 3324 2737 3378 sed
2791 3323 2943 3394 quod
2989 3321 3053 3374 τὸ
3086 3321 3304 3393 aliquis
3353 3337 3480 3376 esse
3510 3321 3620 3375 sub

1980 3412 2059 3478 τῷ
2106 3410 2299 3464 omnis
2345 3414 2402 3465 et
2450 3410 2626 3465 simul
2671 3427 2805 3465 cum
2854 3425 2921 3465 eo
2968 3427 3169 3465 verum
3223 3408 3433 3479 dicere,
3485 3424 3623 3463 con-

1984 3497 2137 3553 cedit
2166 3499 2402 3571 quidem
2434 3499 2627 3554 omnis
2660 3504 2724 3554 ut
2753 3498 3150 3566 universales;
3184 3498 3400 3570 accipit
3429 3501 3624 3553 autem

1976 3587 2153 3643 etiam
2185 3587 2401 3659 aliquis
2433 3591 2498 3642 ut
2538 3604 2673 3659 pars
2702 3587 2890 3659 ipsius
2939 3590 3037 3640 τοῦ
3065 3587 3257 3643 omnis
3291 3603 3303 3642 :
3339 3593 3512 3657 atque
3543 3585 3626 3640 ita

1975 3693 2108 3730 cum
2159 3675 2354 3747 ipsum
2407 3675 2619 3747 subjici
2669 3675 2746 3730 sit
2789 3679 2868 3745 τῷ
2916 3675 3132 3746 aliquis
3181 3691 3250 3730 ex
3298 3677 3376 3745 τῷ
3429 3674 3622 3730 omnis

1974 3765 2141 3836 quasi
2198 3765 2546 3836 praepositio,
2585 3763 2708 3835 ὑπὸ,
2743 3762 2794 3816 ἐν
2845 3760 3125 3833 ἀλλήλοις
3157 3764 3217 3820 id
3247 3768 3337 3820 est
3378 3763 3438 3818 in
3483 3761 3622 3819 alte-

1972 3855 2118 3920 rius,
2151 3853 2548 3909 consideretur
2576 3857 2632 3908 et
2673 3852 3013 3925 accipiatur,
3048 3852 3107 3908 in
3138 3852 3331 3908 omnis
3379 3851 3617 3924 quidem

1971 3943 2170 4010 active,
2203 3943 2264 3996 in
2313 3941 2526 4013 aliquis
2575 3946 2768 3997 autem
2819 3941 3086 4014 passive;
3135 3942 3244 3997 hoc
3292 3945 3400 4007 est,
3431 3945 3498 3996 ut
3546 3938 3610 3992 τὸ

1970 4032 2162 4088 omnis
2212 4031 2447 4103 quidem
2491 4033 2570 4100 τῷ
2606 4030 2821 4102 aliquis
2869 4032 3124 4104 praebeat
3171 4030 3367 4101 ipsum
3422 4030 3620 4100 subje-

205 4128 377 4179 ctum
407 4138 556 4189 esse,
588 4122 646 4178 id
675 4127 874 4178 autem
901 4121 962 4174 τὸ
993 4121 1206 4194 aliquis
1253 4121 1497 4194 recipiat
1533 4127 1771 4194 propter
1821 4126 2090 4178 mutuam
2137 4118 2545 4175 cohaerentiam
2573 4137 2586 4188 ;
2639 4119 2766 4174 ideo
2811 4119 2996 4174 ambae
3046 4115 3385 4188 ὑπάλληλοι,
3417 4119 3474 4174 id
3506 4122 3617 4189 est,

208 4211 375 4269 286
407 4211 760 4267 subalternaa
787 4214 1002 4268 vocatae
1031 4215 1192 4266 sunt.
1226 4211 1438 4266 Iisdem
1470 4211 1795 4266 rationibus
1826 4211 2180 4267 subalternie
2209 4214 2348 4264 sunt
2376 4209 2551 4264 etiam
2579 4206 2642 4260 τὸ
2675 4207 2872 4264 nullus
2897 4213 2955 4264 et
2984 4226 3100 4264 non
3131 4209 3344 4264 omnis.

286 4307 393 4374 κγ’.
426 4297 490 4352 Εἰ
521 4296 578 4352 δὲ
615 4298 703 4353 καὶ
750 4303 866 4360 τοῖς
917 4295 1266 4369 ὑπαλλήλοις
1316 4297 1520 4373 γένεσιν
1566 4299 1618 4352 οἱ
1674 4297 1870 4374 παρόν-

200 4408 300 4451 τες
336 4387 634 4465 ἁρμόζουσι
667 4385 846 4465 λόγοι,
879 4387 1150 4442 σκοπείτω
1182 4388 1210 4440 ὁ
1243 4386 1590 4458 ἐξεταστικός.

281 4561 387 4620 κδ’.
419 4565 484 4618 Ἦ
517 4564 611 4638 μὲν
662 4561 752 4618 οὗν
795 4569 901 4628 πᾶς
947 4564 1037 4619 καὶ
1083 4567 1118 4634 ἡ
1172 4561 1348 4626 οὐδεὶς
1398 4562 1652 4618 ἐναντίαν
1694 4567 1730 4633 ἡ
1789 4564 1870 4626 τὶς

199 4655 302 4710 καὶ
359 4653 422 4708 οὗ
468 4659 572 4716 πᾶς
620 4653 947 4709 ὑπεναντίαν
998 4656 1034 4723 ἡ
1077 4658 1182 4716 πᾶς
1223 4653 1313 4708 καὶ
1359 4653 1467 4725 τὶς,
1500 4654 1588 4708 καὶ
1637 4653 1787 4715 αὖθις
1834 4655 1870 4722 ἡ

199 4740 396 4804 οὐδείς
425 4743 515 4797 καὶ
545 4745 580 4812 ἡ
613 4742 675 4797 οὐ
705 4748 809 4805 πᾶς
855 4740 1194 4813 ὑπάλληλοι·
1252 4741 1410 4815 μόναι
1443 4739 1500 4796 δὲ
1527 4745 1635 4796 τῶν
1683 4740 1869 4797 ἄλλων

2048 4301 2139 4356 23.
2171 4299 2380 4354 Utrum
2430 4303 2625 4353 autem
2676 4313 2806 4368 quae
2851 4298 2944 4352 hic
2989 4298 3264 4353 dicuntur
3313 4295 3625 4369 generibus

1979 4387 2340 4444 subalternis
2389 4392 2741 4459 congruant,
2803 4390 3112 4442 accuratus
3187 4386 3268 4441 rei
3323 4385 3628 4456 indagator

1980 4477 2326 4533 consideret.

2048 4567 2138 4620 24.
2171 4563 2242 4617 Τὸ
2272 4564 2463 4620 omnis
2495 4563 2674 4636 igitur
2701 4567 2760 4620 et
2804 4563 3003 4619 nullus
3033 4561 3376 4629 contrariae;
3410 4559 3650 4632 aliquis’

1980 4659 2038 4710 et
2067 4671 2180 4710 non
2213 4653 2402 4709 omnis
2451 4652 2869 4708 subcontrariaa
2897 4670 2910 4720 ;
2941 4652 3134 4708 omnis
3186 4655 3244 4706 et
3295 4649 3532 4721 aliquis,
3563 4665 3631 4704 ac

1983 4744 2194 4798 iterum
2227 4741 2425 4797 nullus
2454 4746 2512 4796 et
2543 4758 2657 4796 non
2691 4741 2908 4808 omnis,
2941 4740 3297 4796 subalternae
3326 4742 3467 4794 sunt
3497 4754 3627 4810 pro-

198 4830 530 4906 προτάσεων
598 4830 953 4910 ἆντιφατικῶς
1034 4828 1313 4902 ἀλλήλαις
1378 4829 1722 4903 ἀντίκεινται,
1784 4830 1865 4885 xui

1987 4831 2316 4904 positiones.
2378 4830 2525 4885 Solae
2580 4835 2772 4886 autem
2827 4847 2895 4884 ex
2944 4828 3076 4884 aliis
3133 4826 3632 4900 propositionibus

202 4919 520 4995 διαιροῦσιν
579 4919 662 4975 ἀεὶ
703 4922 802 4989 τὴν
859 4918 1117 4992 ἀλήθειαν
1167 4920 1257 4974 καὶ
1303 4921 1364 4974 τὸ
1415 4917 1611 4993 ψεῦδος
1641 4922 1676 4989 ἡ
1709 4920 1874 4983 καθό-

200 5009 320 5065 λου
352 5011 690 5088 καταφατικὴ
737 5009 826 5064 καὶ
856 5013 891 5079 ἠ
929 5010 1124 5085 μερική
1175 5009 1506 5086 ἀποφατική’
1560 5008 1651 5062 καὶ
1707 5007 1871 5063 πάλιν

198 5103 244 5169 ἡ
319 5099 522 5175 μερική
591 5100 926 5177 καταφατική
978 5099 1069 5153 καὶ
1127 5100 1162 5168 ὴ
1222 5096 1458 5152 καθόλου
1537 5097 1870 5174 ἀποφατική·

194 5187 392 5264 ἤγουν
424 5190 460 5257 ἡ
493 5193 596 5249 πᾶς
628 5188 716 5242 xui
766 5187 828 5242 οὐ
873 5193 999 5250 πᾶς·
1053 5188 1146 5242 καὶ
1196 5189 1232 5256 ἡ
1273 5187 1354 5248 τὶς
1400 5187 1490 5240 καὶ
1540 5184 1736 5249 οὐδείς·
1786 5186 1875 5241 καὶ

195 5283 386 5333 τοῦτο
418 5276 664 5339 εῗκότως.

1983 4919 2440 4976 contradictorim
2486 4919 2597 4974 sibi
2627 4918 2875 4974 invicem
2906 4923 3309 4990 opponuntur,
3342 4921 3401 4971 et
3429 4931 3632 4971 verum

1983 5009 2317 5081 falsumque
2348 5024 2578 5080 semper
2608 5007 2874 5063 dividunt
2904 5005 3251 5062 universalis
3281 5003 3636 5061 affirmativa

1984 5103 2042 5154 et
2070 5097 2444 5170 particularis
2471 5097 2759 5168 negativa,
2789 5099 2846 5150 et
2893 5095 3107 5150 iterum
3140 5093 3522 5166 particularis
3552 5092 3636 5148 af-

1987 5186 2277 5241 ﬁrmativa
2306 5191 2362 5241 et
2391 5183 2738 5239 universalis
2769 5183 3054 5255 negativa,
3088 5183 3197 5238 hoc
3222 5187 3329 5250 est,
3359 5187 3551 5238 omnis
3583 5185 3641 5238 et

1988 5293 2104 5331 non
2135 5274 2350 5341 omnis,
2383 5290 2448 5329 ac
2479 5273 2690 5344 aliquis
2733 5278 2791 5328 et
2819 5271 3017 5328 nullus
3044 5291 3056 5341 ;
3087 5272 3264 5344 idque
3293 5271 3519 5328 merito.

2058 5365 2147 5418 25.
2180 5363 2402 5418 Etenim
2435 5361 2740 5417 contrariae
2791 5362 3116 5417 secundum
3151 5361 3502 5433 qualitatem
3535 5359 3644 5415 dif-

283 5371 390 5422 xe’.
423 5365 495 5420 Ai
531 5366 625 5438 μὲν
667 5367 768 5441 γὰρ
802 5363 1032 5420 ἐναντίαι
1082 5365 1218 5420 κατὰ
1265 5365 1329 5419 τὸ
1378 5366 1534 5420 ποιὸν
1595 5363 1879 5442 διαφέρου-

197 5475 301 5509 σαι
340 5455 703 5531 (καταφατική
737 5454 842 5529 γὰρ
872 5456 907 5523 ἡ
960 5454 1055 5527 μία
1099 5453 1188 5508 καὶ
1245 5456 1278 5523 ἡ
1336 5453 1489 5530 ἑτέρα
1544 5454 1878 5531 ἀποφατικὴ)

193 5543 392 5598 ποσὸν
455 5537 641 5617 ἔχουσι
691 5541 754 5596 τὸ
803 5541 952 5598 αὐτό.
1001 5540 1098 5596 Kui
1147 5543 1312 5620 ἄμφω
1355 5543 1456 5618 γὰρ
1515 5538 1774 5606 καθόλου⁸
1828 5543 1880 5595 ui

196 5629 536 5686 ὑπεναντίαι
576 5630 833 5692 ὡσαύτως
888 5634 968 5702 τῷ
1023 5635 1168 5702 ποιῷ
1229 5627 1577 5707 διαφέρουσαι
1631 5631 1694 5685 τὸ
1753 5629 1881 5684 αὐτὸ

190 5720 394 5774 ποσὸν
426 5717 635 5794 ἔχουσι.
670 5719 896 5795 Μερικαὶ
925 5719 1025 5795 γὰρ
1056 5717 1146 5773 xui
1207 5716 1391 5794 ἄμφω·
1447 5721 1501 5773 αἱ
1563 5717 1881 5789 ὑπάλληλοι

187 5808 542 5867 τούναντίον
591 5810 726 5864 κατά
753 5810 814 5864 τὸ
842 5810 1008 5863 ποσὸν
1069 5806 1445 5888 διαφέρουσαι,
1477 5809 1634 5864 ποιὸν
1693 5804 1882 5885 ἔχουσι

194 5900 278 5959 τὸ
353 5896 510 5960 αὐτό.
567 5899 629 5956 Ἡ
672 5899 767 5976 μὲν
809 5899 910 5980 γὰρ
980 5897 1078 5977 μία
1134 5898 1358 5982 συζυγία
1411 5899 1474 5958 τὸ
1528 5898 1886 5985 καταφατικὸν

1990 5454 2238 5508 ferentes
2278 5452 2419 5521 (una
2463 5450 2681 5522 quippe
2730 5450 3100 5519 afﬁrmativa,
3135 5450 3318 5506 altera
3368 5449 3636 5521 negativa

1992 5542 2100 5612 est)
2131 5540 2392 5595 eamdem
2423 5539 2809 5610 quantitatem
2841 5538 3059 5594 habent
3091 5556 3104 5594 :
3140 5539 3419 5593 nimirum
3451 5537 3636 5592 amba;

1994 5628 2348 5685 universales
2377 5633 2538 5683 sunt.
2572 5627 2784 5683 Eodem
2836 5629 3004 5683 modo
3058 5627 3475 5683 subcontrarize
3503 5643 3640 5696 qua-

1994 5717 2154 5773 litate
2202 5717 2536 5772 differentes
2607 5716 2873 5772 eamdem
2939 5716 3328 5788 quantitatem
3401 5715 3639 5784 habent,

1995 5807 2211 5880 quippe
2242 5805 2417 5862 etiam
2448 5805 2633 5861 ambae
2662 5805 3048 5880 particulares
3089 5810 3246 5861 sunt.
3282 5802 3645 5860 Subalternaa

1997 5898 2198 5958 contra
2244 5895 2568 5974 quantitate
2614 5893 2948 5953 differentes
2981 5893 3246 5952 eamdem
3296 5890 3641 5966 qualitatem
