4108 6468
545 559 657 619 911

1790 555 2214 617 NICEPHORI
2261 553 2702 615 BLEMMID/E

3839 553 3957 611 912

542 689 761 746 habent
791 706 803 744 :
838 705 957 744 una
984 689 1138 745 enim
1170 689 1502 761 conjugatio
1532 690 1968 755 affirmativum,
2003 688 2146 743 alter

2261 682 2436 760 ἔχει,
2469 688 2503 753 ἡ
2539 682 2582 738 δ’
2631 685 2785 759 ἑτέρα
2829 685 2892 738 τὸ
2940 680 3293 760 ἀποφατικόν.
3329 682 3414 736 Ἐν
3463 679 3689 755 έκατέρᾳ
3733 679 3793 736 δὲ
3842 687 3953 736 τῶν

541 777 877 850 negativum
911 778 1086 834 habet
1119 796 1132 832 :
1168 779 1227 834 in
1259 783 1507 850 utraque
1549 783 1740 834 autem
1772 778 2182 849 conjugatione

538 868 686 924 281
721 865 847 923 sola
876 867 1176 940 quantitas
1224 868 1454 924 diversa
1493 873 1604 923 est.
1636 868 1865 923 Etenim
1894 866 1956 919 τὸ
1989 867 2182 922 omnis

536 955 880 1012 universalis
911 974 926 1024 ;
961 961 1018 1012 et
1039 955 1102 1010 τὸ
1135 957 1348 1029 aliquis
1399 956 1768 1028 particularis
1803 973 1814 1011 :
1851 973 1915 1012 ac
1946 957 2178 1021 iterum,

532 1042 596 1098 τὸ
628 1043 827 1100 nullus
874 1045 1265 1113 universalis;
1317 1050 1375 1101 et
1408 1063 1522 1100 non
1570 1045 1761 1100 omnis
1810 1044 2178 1117 particularis

534 1137 643 1190 est.
673 1133 932 1198 Qualitas
964 1134 1141 1205 igitur
1172 1134 1407 1206 quidem
1433 1140 1521 1190 est
1551 1134 1968 1190 afﬁrmativum
2001 1138 2058 1189 et
2079 1150 2178 1188 ne-

533 1222 792 1293 gativum
826 1238 840 1276 :
874 1223 1171 1293 quantitas
1203 1228 1420 1294 autem,
1451 1222 1777 1278 universale
1807 1229 1909 1277 aut
1928 1223 2179 1294 particu-

530 1308 669 1365 lare.
703 1311 920 1366 Omnes
949 1310 1131 1383 igitur
1151 1312 1618 1384 propositionum
1641 1310 2174 1383 conjugationes,in

531 1399 746 1469 quibus
762 1400 1142 1468 contrarium,
1159 1401 1217 1455 in
1231 1401 1448 1472 quibus
1461 1401 1955 1470 subcontrarium,
1974 1402 2030 1455 in
2051 1400 2178 1472 qui-

528 1486 640 1542 bus
671 1486 1076 1543 subalternum
1108 1492 1218 1557 est,
1234 1489 1559 1543 secundum
1593 1487 1732 1559 quid
1757 1487 2174 1553 commuicant,

529 1579 588 1630 et
615 1576 942 1631 secundum
973 1576 1115 1648 quid
1167 1576 1461 1632 differunt.
1499 1577 1673 1647 Atqui
1719 1575 2067 1631 universalis
2097 1576 2178 1630 af-

529 1663 820 1720 ﬁrmativa
834 1669 891 1720 et
907 1665 1276 1736 particularis
1294 1666 1560 1737 negativa
1580 1681 1714 1719 cum
1743 1663 2028 1735 qualitate
2050 1669 2175 1719 tum

527 1753 851 1824 quantitate
882 1760 1210 1826 pugnantes
1241 1755 1555 1827 perfectam
1588 1755 1659 1808 ad
1692 1770 1754 1809 se
1783 1754 2030 1808 invicem
2063 1753 2176 1807 dif-

525 1841 830 1897 ferentiam
861 1842 1078 1898 habent
1103 1862 1120 1896 :
1146 1844 1645 1914 quemadmodum
1672 1858 1814 1898 sane
1843 1842 2017 1898 etiam
2043 1859 2172 1914 par-

528 1930 794 1986 ticularis
844 1931 1194 1987 aﬂirmativa
1223 1936 1281 1988 et
1321 1931 1667 1988 universalis
1711 1931 1997 2004 negativa.
2032 1932 2172 1988 Pro-

2294 780 2585 848 συζυγιῶν,
2617 775 2679 828 τὸ
2710 775 2872 829 ποσὸν
2908 773 3072 846 μόνον
3108 770 3386 850 διάφορον.
3419 777 3479 826 Ἡ
3539 778 3641 834 πᾶς
3703 774 3810 848 γὰρ
3853 794 3952 828 κα-

2291 864 2478 931 θόλου,
2511 864 2599 918 καὶ
2631 867 2665 932 ἡ
2698 863 2779 925 τὶς
2817 865 3033 938 μερική.
3070 861 3166 917 Καὶ
3200 860 3348 924 αὖθις
3378 864 3412 930 ἡ
3446 858 3623 924 οὐδεὶς
3685 860 3947 933 καθόλου,

2288 954 2377 1007 καὶ
2409 957 2442 1022 ἡ
2477 953 2539 1007 οὑ
2569 959 2672 1014 πᾶς
2710 955 2926 1025 μερικη.
2963 952 3122 1007 Ποιὸε
3159 953 3252 1023 μὲν
3288 951 3383 1005 οὗν
3438 949 3547 1005 ἐστι
3599 951 3660 1005 τὸ
3708 971 3948 1029 καταφα-

2287 1044 2434 1096 τικὸν
2586 1041 2935 1120 ἀποφατικόν·
2996 1041 3160 1095 ποσὸν
3215 1038 3291 1111 δὲ,
3324 1041 3386 1094 τὸ
3441 1040 3747 1109 καθόλουῆ
3789 1061 3946 1116 μερι-

2287 1131 2400 1185 κόν.
2454 1138 2623 1185 Πᾶσαι
2680 1131 2860 1185 τοίνυν
2919 1130 2974 1184 αἰ
3027 1130 3270 1204 συζυγίαι
3324 1133 3431 1184 τῶν
3495 1129 3834 1205 προτάσεων,
3895 1130 3947 1184 ἐν

2289 1223 2373 1281 αἷς
2403 1222 2464 1274 τὸ
2496 1219 2755 1289 ἐναντίον,
2789 1220 2840 1273 ἐν
2882 1222 2966 1281 αἶς
3009 1220 3072 1274 τὸ
3125 1217 3462 1290 ὑπεναντίον,
3499 1218 3549 1274 έν
3603 1221 3687 1281 αἷς
3731 1220 3795 1273 τὸ
3845 1220 3949 1274 ὑπ-

2296 1308 2544 1379 άλληλον
2592 1309 2725 1364 κατά
2775 1331 2824 1364 τι
2877 1310 2970 1381 μὲν
3023 1313 3363 1378 κοινωνοῦσι,
3395 1310 3530 1362 κατά
3571 1329 3622 1362 τι
3677 1305 3734 1362 δὶ
3767 1306 3952 1386 διαιρέο

2289 1418 2492 1472 ρουσιν.
2532 1404 2592 1452 '11
2651 1396 2707 1452 δὲ
2774 1397 3012 1453 καθόλου
3086 1397 3423 1474 καταφατικὴ
3501 1397 3589 1451 καὶ
3653 1399 3689 1466 ἡ
3749 1399 3947 1474 μερικὴ

2287 1487 2617 1562 ἀποφατική,
2663 1487 2750 1541 καὶ
2810 1487 2945 1540 κατά
3001 1486 3061 1540 τὸ
3117 1486 3272 1540 ποιὸν
3333 1485 3422 1539 καὶ
3470 1487 3605 1539 κατά
3657 1486 3719 1540 τὸ
3777 1488 3948 1541 ποσὸν

2289 1575 2622 1650 μαχόμεναι,
2654 1573 2866 1629 τελείαν
2901 1573 3089 1649 ἔχουσι
3119 1575 3217 1642 τὴν
3272 1574 3407 1649 πρὸς
3456 1571 3709 1643 ἀλλήλας
3760 1573 3953 1654 διαφο-

2287 1664 2400 1737 ράν·
2465 1664 2645 1740 ὥσπερ
2697 1661 2763 1731 δὴ
2814 1663 2966 1732 καὶὴ
3024 1663 3218 1738 μερική
3268 1664 3602 1740 καταφατική
3653 1663 3745 1717 καὶ
3778 1665 3816 1733 ἡ
3847 1685 3948 1718 κα-

2285 1752 2450 1807 θόλου
2509 1753 2838 1831 ἀποφατική.
2891 1753 2983 1806 Διὸ
3057 1749 3145 1805 καί
3221 1748 3480 1806 ἀδύνατον
3550 1751 3945 1823 συναληθεῦειν

2285 1841 2445 1903 αὑτᾶς
2501 1843 2534 1911 ἢ
2599 1839 2994 1916 συμψεύδεσθαι
3048 1842 3291 1897 πώποτε.
3354 1841 3474 1895 Ἑπὶ
3526 1842 3620 1912 μὲν
3676 1843 3782 1918 γὰρ
3842 1846 3948 1910 τῆς

2285 1929 2573 2005 ἀναγκαίας
2655 1929 2794 2000 ὕλης
2875 1927 3258 2000 ἀληθευουσῶν
3313 1933 3419 1984 τῶν
3477 1931 3828 2006 καταφάσεων
3895 1932 3948 1985 αἱ

526 2023 727 2090 pterea
755 2020 929 2074 etiam
952 2021 1097 2092 ipsis
1123 2019 1299 2075 simul
1323 2038 1520 2076 verum
1542 2026 1643 2075 aut
1673 2019 1885 2076 falsum
1909 2037 2146 2092 unquan

2284 2018 2577 2096 ἀποφάσεις
2609 2017 2820 2092 ψευδεῖς
2855 2019 3008 2088 εἰσιν,
3041 2018 3127 2073 ἐπὶ
3178 2025 3279 2087 τῆς
3313 2015 3575 2073 ἀδυνάτου
3617 2016 3677 2073 δὲ
3722 2020 3788 2074 τὸ
3845 2018 3948 2092 ἒμ-

2359 2106 2377 2122 κ
2519 2107 2532 2122 ,
2586 2108 2598 2122 ς
2691 2115 2716 2122 _
2815 2107 2828 2120 ς
2876 2105 2897 2122 κ
3060 2106 3069 2122 .
3281 2106 3292 2122 ι
3492 2107 3501 2122 ι
3746 2111 3756 2122 .
3847 2106 3905 2122 κ.

525 2107 717 2163 dicere
763 2112 852 2164 est
901 2108 1286 2180 impossibile.
1330 2111 1475 2165 Nam
1530 2109 1589 2164 in
1646 2109 1889 2164 materia
1934 2110 2170 2180 quidem

525 2196 854 2252 necessaria
880 2212 1082 2252 verum
1114 2197 1445 2253 dicentibus
1474 2198 1966 2254 afﬁrmationibus
1997 2214 2170 2270 nega-

523 2284 710 2340 tiones
741 2285 898 2340 falsaa
929 2293 1104 2341 sunt:
1140 2286 1201 2341 in
1234 2286 1589 2358 impossibili
1612 2292 1805 2342 autem
1839 2287 1960 2342 vice
1982 2304 2166 2342 versa.

519 2371 584 2428 In
615 2373 987 2445 contingente
1017 2391 1136 2430 una
1169 2375 1478 2431 afﬁrmatio
1528 2393 1655 2447 qua
1687 2376 2034 2432 universalis
2068 2375 2169 2431 fal-

519 2477 586 2516 sa
609 2486 625 2530 ς
655 2465 713 2517 et
736 2461 873 2517 huic
899 2463 1302 2519 contradicens
1334 2464 1563 2537 negatio
1583 2464 1975 2536 particularis,
1997 2481 2163 2520 vera:

520 2565 587 2605 ac
619 2567 742 2606 una
771 2551 1082 2607 afﬁrmatio
1105 2569 1231 2624 quas
1253 2557 1343 2608 est
1361 2552 1924 2625 particularis,vera;
1955 2558 2011 2609 et
2031 2553 2166 2609 huic

520 2640 924 2696 eontradicens
954 2641 1182 2714 negatio
1213 2641 1580 2710 universalis,
1613 2642 1760 2698 falsa
1787 2647 1894 2699 est.

593 2746 746 2802 288
775 2747 864 2802 26.
897 2751 1178 2804 Caeterum
1219 2748 1377 2805 haud
1426 2749 1882 2806 existimandum
1917 2754 2006 2804 est
2036 2767 2164 2822 par-

517 2834 822 2892 ticularem
856 2837 1225 2909 negationem
1255 2837 1315 2893 in
1368 2839 1615 2894 materia
1642 2838 1996 2910 impossibili
2026 2855 2161 2894 cum

519 2923 833 2980 universali
855 2925 1162 2998 negatione
1180 2926 1357 2982 simul
1383 2927 1597 2982 falsum
1620 2928 1830 2992 dicere,
1849 2927 2005 2983 velut
2024 2945 2158 2984 cum

513 3028 583 3068 ea
612 3013 816 3068 Omnis
843 3014 1015 3070 homo
1036 3015 1209 3083 volat,
1235 3015 1538 3082 hanc,Non
1565 3016 1757 3071 omnis
1781 3017 1954 3072 homo
1981 3017 2154 3074 volat.

511 3099 713 3172 Neque
757 3102 914 3158 enim
959 3102 1023 3156 τὸ
1056 3121 1171 3159 non
1222 3105 1435 3173 omnis,
1468 3121 1536 3160 ex
1582 3106 1927 3161 necessitate
1975 3107 2153 3162 simul

507 3189 684 3246 infert
708 3191 770 3244 τὸ
801 3191 1039 3265 aliquis,
1069 3197 1134 3248 ut
1184 3194 1326 3261 haec,
1359 3194 1484 3249 Non
1534 3195 1726 3250 omnis
1769 3194 1945 3249 homo
1979 3195 2150 3266 volat,

504 3278 662 3336 idem
692 3280 744 3336 ei
797 3280 970 3350 dicat,
1001 3281 1230 3354 Aliquis
1273 3282 1449 3338 homo
1479 3282 1652 3338 volat.
1685 3284 1910 3338 Etenim
1940 3283 2002 3336 τὸ
2035 3301 2149 3340 non

502 3369 716 3436 omnis,
765 3369 962 3442 ipsum
1009 3386 1112 3442 per
1159 3371 1418 3444 seipsum
1467 3371 1750 3427 duntaxat
1797 3372 2138 3444 accipimus,

501 3458 670 3530 quasi
702 3459 999 3531 propriam
1029 3459 1250 3516 habens
1271 3464 1639 3532 potestatem,
1669 3478 1785 3531 qua
1825 3461 2143 3533 predeﬁni;

499 3545 716 3602 tionem
745 3550 844 3600 τοῦ
875 3549 1068 3604 omnis
1098 3548 1281 3612 tollat,
1315 3555 1378 3604 ut
1399 3548 1568 3615 nihil,
1593 3549 1750 3604 aliud
1782 3550 2054 3605 attrahat.
2077 3552 2136 3605 In

501 3634 716 3705 quibus
748 3636 928 3708 igitur
958 3637 1132 3692 rebus
1168 3637 1229 3689 τὸ
1260 3638 1452 3692 omnis
1501 3639 1799 3707 mentitur,
1836 3638 1895 3693 in
1928 3639 2048 3694 illis
2074 3638 2137 3692 τὸ

496 3739 613 3778 non
644 3724 836 3780 omnis
864 3742 1066 3780 verum
1099 3726 1258 3794 dicit,
1278 3731 1343 3781 ut
1371 3728 1529 3798 quod
1557 3730 1654 3780 τοῦ
1685 3728 1875 3783 omnis
1897 3728 2136 3784 tollendi

494 3811 832 3868 facultatem
884 3813 1113 3868 habeat.
1149 3814 1303 3869 Nihil
1351 3816 1508 3870 enim
1557 3815 1717 3870 aliud
1763 3817 1848 3872 ait
1874 3818 2132 3886 fdicens:

493 3899 620 3956 Non
650 3901 844 3958 omnis
873 3902 1047 3958 homo
1076 3904 1252 3971 volat,
1287 3920 1487 3975 quam,
1513 3920 1630 3959 non
1653 3910 1742 3960 est
1768 3905 1877 3960 hoc
1907 3923 2132 3977 verum,

490 3989 646 4060 quod
678 3991 870 4046 omnis
899 3991 1074 4046 homo
1123 3990 1292 4046 volet.
1325 3997 1606 4048 Prwterea
1634 3995 2133 4065 quemadmodum

488 4078 858 4150 particularis
887 4080 1202 4136 allirmatio
1228 4098 1362 4152 pars
1383 4087 1472 4137 est
1505 4082 1848 4138 universalis
1881 4085 2134 4140 affirma-

486 4165 664 4222 tionis
699 4185 710 4223 :
743 4167 826 4223 ita
853 4169 1030 4224 etiam
1078 4169 1452 4241 particularis
1503 4171 1732 4243 negatio
1785 4173 2131 4230 universalis

486 4256 814 4328 negationis
850 4275 986 4329 pars
1008 4262 1115 4314 est.
1140 4260 1428 4324 Quoniam
1459 4258 1639 4330 igitur
1659 4259 2032 4331 particularis
2050 4263 2130 4317 af-

486 4345 738 4402 ﬁrmatio
784 4346 1000 4418 partim
1058 4347 1296 4417 quidem
1343 4353 1576 4419 propter
1623 4347 1878 4418 seipsam
1925 4366 2126 4405 verum

485 4434 645 4506 dicit,
704 4439 770 4490 ut
816 4435 876 4490 in
926 4435 1300 4507 contingente
1351 4437 1639 4492 materia:
1673 4438 1885 4507 partim
1932 4443 2124 4494 autem

481 4529 718 4596 propter
742 4524 1128 4580 universalem
1159 4525 1545 4598 negationem,
1578 4526 1748 4595 cujus
1781 4542 1916 4596 pars
1940 4532 2129 4596 est,ut

480 4611 542 4667 in
573 4613 818 4669 materia
862 4613 1192 4670 necessaria
1235 4613 1307 4684 (si
1352 4614 1508 4669 enim
1556 4615 1749 4669 omnis
1793 4613 1968 4670 homo
2004 4633 2124 4672 res-

478 4701 651 4773 pirat,
683 4703 858 4758 etiam
898 4701 1111 4774 aliquis
1141 4701 1315 4757 homo
1358 4702 1646 4774 respirat).
1679 4702 1831 4758 289
1863 4703 1986 4758 Erit
2017 4705 2124 4761 hoc

2281 2106 2462 2162 παλινο
2516 2107 2602 2162 έπὶ
2651 2115 2752 2177 τῆς
2811 2105 3171 2183 ἐνδεχομένης
3232 2106 3328 2180 μία
3375 2107 3670 2185 κατάφασις
3731 2106 3945 2180 ψευδὴς

2280 2197 2314 2264 ἡ
2364 2195 2622 2267 καθόλου,
2651 2197 2740 2251 καὶ
2798 2200 2832 2266 ἡ
2892 2197 3287 2275 ἀντιφάσκουσα
3341 2195 3509 2269 ταύτῃ
3565 2196 3840 2275 ἀπόφασις
3901 2202 3936 2266 ὴ

2283 2286 2478 2358 μερική
2533 2283 2762 2356 ἀληθής-⁵
2814 2287 2904 2340 καὶ
2958 2285 3054 2358 μία
3095 2287 3388 2363 κατάφασις
3447 2283 3688 2355 ἀληθὴς,
3739 2289 3776 2354 ἡ
3843 2308 3941 2359 με·

2279 2375 2428 2449 ρικὴ,
2468 2374 2557 2429 καὶ
2606 2377 2640 2445 ἡ
2692 2375 3086 2454 ἀντιφάσκουσα
3131 2375 3297 2449 ταύτῃ
3350 2374 3616 2452 ἀπόφασις
3673 2377 3711 2445 ἡ
3769 2376 3937 2430 καθό-

2278 2461 2378 2516 λου
2410 2461 2632 2537 ψευδής.

2342 2750 2440 2812 κς’.
2475 2748 2547 2803 Οὐ
2587 2749 2698 2824 χρὴ
2760 2745 2806 2802 δ’
2866 2741 3270 2820 ὑπολαμϐάνειν
3327 2747 3427 2816 τήν
3501 2749 3733 2824 μερικὴν
3789 2748 3932 2804 ἀπό-

2271 2857 2425 2912 φασιν
2471 2835 2556 2891 ἐπὶ
2584 2845 2684 2906 τῆς
2716 2833 2978 2892 ἀδυνάτου
3026 2834 3170 2906 ὕλης
3213 2839 3284 2908 τῇ
3326 2833 3567 2898 καθόλου
3625 2839 3926 2915 καταφάσει

2271 2923 2688 2999 συμψεύδεσθαι.
2765 2927 2890 2979 Οἷον
2969 2929 3064 2998 τῇ,
3121 2929 3234 2986 Πᾶς
3301 2924 3586 2999 ἄνθρωπος
3668 2923 3924 2998 ἵττταται,

2265 3015 2387 3082 τήν,
2447 3013 2520 3068 Οὑ
2571 3019 2676 3075 πᾶς
2734 3014 3018 3089 ἅνθρωπος
3070 3010 3313 3068 ’ίπταται.
3372 3009 3508 3066 Οὐδὲ
3558 3014 3660 3089 γὰρ
3723 3016 3782 3083 ἡ,
3852 3014 3925 3069 0'5

2264 3107 2390 3172 πᾶς,
2441 3101 2492 3172 ἐξ
2546 3102 2786 3176 ἀνάγκης
2836 3101 3129 3177 συνεισάγει
3187 3101 3285 3169 τὴν
3327 3122 3410 3163 τις
3461 3101 3601 3156 ὥστε
3653 3103 3777 3172 τὴν,
3844 3102 3921 3158 Οὖ

2261 3197 2367 3252 πᾶς
2426 3191 2706 3265 ἅνθρωπος
2757 3189 3002 3259 ’ίπταταῃ
3061 3190 3224 3244 ταυτὸ
3283 3187 3431 3264 λέγει
3507 3194 3600 3264 τῇ,
3656 3191 3749 3252 Τὶς
3829 3193 3923 3246 ἆν-

2260 3281 2476 3353 θρωπος
2523 3278 2766 3337 ἵπταται.
2826 3281 2896 3335 Τὸ
2945 3280 3068 3355 γὰρ,
3121 3279 3194 3333 Οὑ
3250 3285 3376 3350 πᾶς,
3426 3279 3554 3334 αὐτὸ
3607 3281 3725 3335 καθ’
3778 3280 3921 3337 αὐτὸ

2261 3363 2612 3442 λαμϐάνομεν
2673 3369 2859 3442 μόνον,
2889 3370 2962 3431 ὡς
3021 3366 3157 3423 ἰδίαν
3218 3365 3344 3444 ἔχον
3409 3366 3657 3441 δύναμιν,
3690 3371 3812 3423 καθ’
3843 3373 3909 3440 ἣν

2249 3458 2338 3512 τὸν
2371 3465 2474 3520 πᾶς
2531 3457 2959 3535 προσδιορισμὸν
3019 3459 3247 3532 ἀναιρεῖ,
3281 3455 3450 3531 μηδὲν
3510 3456 3908 3534 ἐπισυρόμενον

2247 3544 2449 3623 ἕτερον.
2501 3549 2612 3625 Ἐφ’
2669 3549 2742 3602 ὧν
2803 3545 2893 3601 όὺν
2953 3546 3286 3621 πραγμάτων
3346 3547 3408 3601 τὸ
3464 3552 3569 3609 πᾶς
3622 3545 3907 3620 ψεύδεται,

2249 3635 2331 3690 ἐπ’
2388 3635 2603 3690 ἐκείνων
2663 3635 2915 3706 ἀληθεύει
2959 3636 3024 3690 τὸ
3057 3635 3118 3690 οὐ
3147 3641 3273 3706 πᾶς,
3307 3635 3384 3697 ὡς
3442 3640 3537 3689 τοῦ
3593 3641 3697 3698 πᾶς
3757 3636 3912 3692 ἀναι-

2247 3723 2480 3797 ρετικόν.
2513 3721 2675 3778 Οὐδὲν
2737 3725 2840 3799 γὰρ
2899 3721 3081 3798 ἕτερόν
3135 3744 3296 3800 φησιν
3330 3723 3359 3776 ὁ
3409 3720 3610 3797 λέγων,
3665 3723 3774 3794 ὅτι,
3831 3726 3908 3781 Οὐ

2243 3819 2347 3873 πᾶς
2406 3810 2691 3887 ἅνθρωπος
2752 3811 3056 3884 ἱ¹πταται,ἢ
3117 3810 3200 3866 ὅτι
3259 3811 3358 3865 οὐκ
3417 3809 3527 3866 ἔστι
3579 3817 3764 3884 τοῦτο,
3820 3813 3907 3870 ὅτι

2242 3906 2349 3962 πᾶς
2399 3899 2679 3975 ἅνθρωπος
2739 3899 2982 3956 ’ίπταται.
3042 3903 3161 3955 Ἕτι
3220 3898 3402 3974 ὥσπερ
3453 3903 3488 3969 ἡ
3547 3903 3744 3977 μερική
3805 3923 3908 3958 κα-

2240 3988 2467 4067 τάφασις
2523 3997 2624 4059 τῆς
2680 3988 2919 4052 καθόλου
2974 3989 3324 4065 καταφάσεως
3385 3987 3547 4064 μέρος
3598 3988 3762 4044 ἐστίν·
3809 3993 3906 4046 οὕ-

2239 4099 2318 4132 τω
2348 4078 2501 4148 καὶὴ
2547 4079 2742 4151 μερικὴ
2802 4078 3070 4156 ἀπόφασις
3121 4084 3222 4147 τῆς
3273 4076 3512 4132 καθόλου
3570 4077 3901 4157 ἀποφάσεως

2245 4166 2406 4242 μέρος
2462 4166 2625 4224 ἐστίν.
2687 4167 2835 4222 Ἐπεὶ
2895 4171 3023 4242 γοῦν
3080 4168 3114 4236 ἡ
3179 4167 3373 4241 μερικὴ
3451 4165 3897 4244 κατάφασις-πῆ

2243 4255 2337 4328 μὲν
2396 4253 2465 4310 δι’
2523 4257 2715 4324 ἑαυτὴν
2774 4255 3050 4325 ἀληθεύει,
3081 4255 3319 4330 καθάπερ
3379 4253 3467 4310 ἐπὶ
3512 4263 3615 4327 τῆς
3670 4255 3898 4334 ἐνδεχο-

2243 4343 2410 4417 μένης
2463 4342 2625 4416 ὕλης,
2655 4347 2734 4413 πῆ
2773 4341 2830 4399 δὲ
2879 4342 2970 4399 διὰ
3024 4345 3122 4413 τήν
3182 4343 3421 4408 καθόλου
3475 4344 3801 4424 κατάφασιν,
3834 4351 3898 4418 ἧς

2242 4435 2404 4509 μέρος
2478 4433 2586 4488 ἐστὶ
2661 4433 2899 4510 καθάπερ
2977 4434 3065 4488 ἐπὶ
3129 4440 3230 4503 τῆς
3286 4434 3578 4508 ἀναγκαίας
3627 4435 3773 4506 ὕλης
3828 4437 3896 4510 (εἰ

2237 4522 2342 4597 γὰρ
2427 4529 2531 4584 πᾶς
2617 4524 2898 4598 ἄνθρωπος
2981 4522 3226 4596 ἀναπνεῖ,
3281 4522 3370 4597 κρὶ
3436 4523 3522 4586 τὶς
3602 4521 3894 4599 ἄνθρωπος

2237 4612 2498 4682 ἀναπνεῖ),
2539 4615 2685 4667 τοῦτ’
2739 4611 2885 4666 ἔσται
2939 4611 3028 4667 καὶ
3087 4611 3176 4666 ἐπὶ
3231 4619 3332 4682 τῆς
3386 4620 3616 4688 μερικῆς
3677 4613 3893 4693 ἀποφά-

2236 4722 2392 4764 σεως-
2446 4701 2543 4757 Καὶ
2599 4701 2734 4772 αὕτη
2793 4701 2894 4777 γὰρ
2952 4708 3028 4771 πῆ
3093 4702 3185 4774 μὲν
3222 4700 3479 4771 ἀληθεύει
3541 4699 3609 4755 δι’
3668 4704 3892 4774 ἑαυτήν,

475 4791 652 4847 etiam
682 4791 740 4846 in
770 4790 1108 4863 particulari
1139 4791 1464 4863 negatione.
1490 4791 1632 4846 Nam
1663 4795 1719 4846 et
1749 4792 1878 4863 ipsa
1908 4795 2121 4864 partim

2261 4811 2305 4851 ›ς
2338 4789 2424 4844 ἐπὶ
2453 4797 2552 4859 τῆς
2584 4788 2952 4866 ἐνδεχομένης
3001 4788 3164 4862 ὕλης,
3197 4796 3273 4858 πῆ
3325 4787 3383 4844 δὲ
3425 4787 3514 4844 διά
3562 4791 3665 4860 τὴν
3722 4794 3891 4857 καθὸ-

475 4880 712 4951 quidem
744 4886 980 4954 propter
1000 4879 1257 4952 seipsam
1286 4896 1487 4937 verum
1520 4879 1680 4950 dicit,
1705 4886 1769 4935 ut
1798 4882 1857 4935 in
1889 4882 2115 4937 contin-

476 4973 645 5038 gente
676 4969 917 5025 materia
951 4986 962 5025 :
999 4968 1210 5040 partim
1237 4972 1429 5024 autem
1464 4973 1699 5041 prOpter
1730 4969 2117 5026 universalem

475 5056 864 5128 negationem,
899 5063 965 5113 ut
994 5059 1051 5113 in
1097 5057 1470 5130 impossibili.
1505 5058 1561 5111 Si
1594 5059 1750 5113 enim
1784 5058 1985 5114 nullus
2016 5060 2118 5116 ho-

476 5161 573 5201 mo
601 5145 755 5200 volat
787 5164 800 5200 :
830 5147 1004 5202 etiam
1037 5164 1154 5202 non
1198 5146 1390 5203 omnis
1442 5146 1614 5202 homo
1642 5147 1813 5202 volat.
1849 5149 2050 5219 Itaque
2080 5149 2114 5216 ἡ

474 5249 589 5289 non
620 5235 812 5291 omnis
842 5236 901 5289 in
931 5236 1280 5308 impossibili
1311 5236 1558 5292 materia
1588 5241 1824 5308 propter
1852 5236 1950 5303 τὴν
1984 5238 2115 5293 nul-

471 5320 567 5378 lus
595 5340 796 5379 verum
844 5323 1002 5392 dicit,
1053 5327 1549 5395 quemadmodum
1602 5325 1779 5382 etiam
1809 5327 1844 5393 ἡ
1899 5325 2115 5398 aliquis

469 5417 705 5485 propter
729 5412 828 5480 τήν
860 5414 1074 5468 omnis.

535 5521 624 5574 27.
681 5521 965 5576 Caeterum
1008 5519 1220 5590 duplex
1269 5525 1360 5575 est
1410 5521 1852 5589 necessarium;
1929 5539 2112 5577 unum

466 5609 702 5681 quidem
751 5607 982 5680 proprie
1031 5609 1185 5679 quod
1234 5609 1498 5678 subjecto
1555 5628 1785 5682 semper
1831 5610 2002 5678 inest,
2049 5615 2113 5666 ut

461 5696 572 5754 soli
601 5697 819 5753 moveri
848 5700 905 5752 et
934 5695 1154 5751 homini
1179 5697 1468 5767 respirare
1503 5715 1515 5752 :
1551 5698 1800 5754 alterum
1831 5717 1962 5756 vero
1994 5717 2110 5756 non

461 5788 714 5862 proprie,
749 5787 904 5858 quod
949 5803 1017 5840 ex
1069 5786 1415 5840 necessitate
1447 5793 1556 5854 est,
1592 5789 1934 5860 quantisper
1964 5807 2108 5861 prae-

462 5876 722 5937 dicatum
754 5876 1016 5948 subjecto
1044 5873 1198 5932 inest
1247 5891 1260 5930 :
1311 5875 1467 5931 velut
1514 5875 1814 5933 obscurari
1863 5877 2045 5933 solem
2077 5898 2111 5934 ιι

2231 4875 2330 4933 λου
2363 4879 2626 4952 ἀπόφασιν
2675 4880 2855 4954 ὥσπερ
2905 4878 2993 4934 ἐπὶ
3050 4881 3149 4948 τῆς
3208 4876 3492 4934 ἀδυνάτου.
3525 4879 3589 4932 Εἰ
3641 4881 3748 4956 γὰρ
3805 4881 3892 4936 οὑ-

2229 4964 2337 5029 δείς
2370 4967 2919 5042 ἄνθρωπος’ίπταται,
2951 4969 3040 5022 καὶ
3098 4967 3161 5022 οὐ
3220 4974 3323 5030 πᾶς
3383 4965 3669 5043 ἅνθρωπος
3721 4967 3888 5026 ’ίτπα-

2224 5077 2332 5114 ται,
2369 5057 2656 5128 ’Δληθεύει
2699 5057 2800 5134 ἄρα
2844 5061 2879 5128 ἡ
2913 5057 2974 5113 οὐ
3032 5063 3134 5120 πᾶς
3181 5057 3268 5111 ἐπὶ
3321 5064 3422 5126 τῆς
3480 5055 3744 5113 ἀδυνάτου
3799 5057 3887 5113 διὰ

2225 5147 2324 5214 τὴν
2357 5145 2552 5210 οὐδείς’
2607 5146 2786 5224 ὥσπερ
2839 5147 2929 5202 καὶ
2960 5147 3104 5217 ἡτίς
3136 5146 3223 5202 έπὶ
3279 5154 3378 5216 τῆς
3438 5147 3734 5223 ἀναγκαίας
3799 5146 3889 5202 διὰ

2223 5255 2322 5304 την
2356 5257 2480 5298 πας.

2291 5523 2390 5589 κζ’.
2424 5522 2609 5578 Διττὸν
2657 5520 2716 5577 δὲ
2755 5522 2818 5577 τὸ
2870 5523 3176 5597 ἀναγκαῖον·
3227 5521 3290 5575 τὸ
3340 5520 3434 5593 μὲν
3484 5518 3709 5596 κυρίως,
3745 5518 3883 5593 ὅπερ

2218 5613 2297 5681 τῷ
2330 5610 2670 5684 ὑποκειμένῳ
2712 5611 2944 5687 ὑπάρχει
2996 5610 3095 5664 ἀεί’
3147 5610 3220 5670 ὡς
3273 5613 3351 5680 τῷ
3400 5607 3550 5680 ἡλίῳ
3593 5609 3659 5663 τὸ
3706 5615 3880 5665 κινεῖ-

2221 5700 2358 5770 σθαι,
2391 5699 2480 5752 καὶ
2527 5703 2607 5772 τῷ
2669 5700 2941 5774 ἀνθρώπῳ
2997 5699 3058 5752 τὸ
3119 5698 3390 5752 ἀναπνεῖν·
3422 5697 3486 5752 τὸ
3541 5694 3599 5751 δὲ
3653 5699 3730 5770 μὴ
3784 5720 3879 5753 κυ-

2221 5787 2372 5864 ρίως,
2406 5787 2536 5862 ὅπερ
2578 5787 2715 5843 ἐστὶν
2752 5788 2802 5859 ἐξ
2845 5790 3080 5864 ἀνάγκης
3115 5786 3217 5841 ἔστ’
3276 5787 3333 5841 ἂν
3387 5791 3468 5858 τῷ
3526 5786 3881 5861 ὑποκειμένῳ

2215 5879 2278 5934 τὸ
2333 5878 2804 5956 κατηγορούμενον
2963 5879 3074 5933 οἷον
3127 5877 3188 5932 τὸ
3260 5875 3702 5954 έπιπροσθεῖσθαι
3780 5881 3874 5934 τὸν
