4108 6446
257 416 377 479 913

1605 417 1953 482 ΕΡῙΤΟΜΕ
1994 417 2276 483 LOGICA
2290 462 2305 480 .

3544 416 3666 481 9M

254 548 419 621 ¹ἥλιον
478 549 582 608 ὑπὸ
629 558 733 622 τῆς
791 550 1023 625 σελήνης
1078 548 1114 623 ἤ
1162 557 1260 609 τοῦ
1306 552 1520 631 νέφους,
1554 548 1657 609 ἔστ’
1697 552 1889 608 ἂνέπι-

2020 551 2162 609 luna
2181 553 2269 611 vel
2301 555 2457 610 nube
2487 552 2830 627 quantisper
2868 553 3221 611 obscuratur
3263 553 3662 612 necessarium

254 648 560 718 προσθῆται
631 641 921 718 ἀναγκαῖόν
991 643 1130 698 ἐστιν
1174 663 1188 677 ο
1249 643 1437 705 ἁπλῶς
1501 641 1548 697 δ’
1620 643 1901 719 ἀναγκαῖον

256 730 357 786 οὐκ
402 729 533 786 ἔστι.
574 731 826 786 Τοιοῦτόν
870 731 979 787 ἐστι
1025 731 1115 787 καὶ
1162 732 1225 787 τὸ
1269 732 1361 787 τὸν
1417 730 1701 809 βαδίζοντα
1752 730 1903 809 βαδί-

257 824 365 889 ζειν
416 819 468 891 ἐξ
509 819 748 895 ἀνάγκης
778 842 791 856 θ
841 821 930 876 καὶ
968 822 1031 876 τὸ
1087 821 1179 876 τὸν
1237 818 1561 895 ἱστάμενον,
1620 820 1899 879 ἵστασθαι.

324 917 428 980 κη’.
491 912 675 965 Διττὸν
737 908 794 965 δὲ
846 910 935 966 καί
987 912 1051 965 τὸ
1103 909 1155 982 ἐξ
1210 910 1452 986 ἀνάγκης
1512 913 1588 983 μὴ
1646 910 1726 983 ὃν,
1769 910 1900 985 ὅπερ

252 996 365 1053 ἐστὶ
421 998 484 1054 τὸ
531 996 812 1054 ἀδύνατον·
855 1001 919 1054 τὸ
978 1000 1072 1073 μὲν
1128 999 1352 1075 κυρίως,
1407 1000 1484 1062 ὡς
1527 1005 1608 1072 τῷ
1653 1002 1783 1077 πυρὶ
1837 1002 1901 1057 τὸ

251 1085 472 1164 ψύχειν,
529 1087 619 1143 καὶ
674 1093 755 1160 τῷ
811 1088 1081 1165 ἀνθρώπῳ
1135 1089 1198 1144 τὸ
1247 1089 1522 1144 τίπτασθαι·
1579 1089 1642 1144 τὸ
1709 1086 1766 1144 δὲ
1823 1092 1898 1163 μὴ

249 1175 476 1252 κυρίως,
509 1174 635 1231 ἀλλ’
668 1174 773 1232 ἔστ’
805 1176 864 1232 ἂν
920 1179 997 1251 μὴ
1047 1177 1084 1253 ᾖ
1111 1182 1191 1250 τῷ
1246 1178 1591 1253 ὑποκειμένῳ
1638 1180 1701 1234 τὸ
1731 1200 1898 1250 κατη-

246 1265 605 1342 γορούμενον,
638 1266 713 1329 ὡς
744 1265 807 1321 τὸ
854 1262 1088 1342 βαδίζειν
1136 1271 1216 1339 τῷ
1249 1267 1325 1341 μή
1379 1264 1671 1344 βαδίζοντι,
1702 1270 1792 1322 καὶ
1820 1274 1900 1342 τῷ

251 1355 332 1428 μὴ
363 1355 639 1428 ἱσταμένῳ
666 1355 729 1410 τὸ
752 1353 1021 1420 ἵστασθαι.

320 1445 421 1508 κθ’.
452 1444 522 1499 Τὸ
572 1444 666 1517 μὲν
712 1444 803 1499 οὗν
849 1444 1051 1520 κυρίως
1100 1443 1153 1516 ἐξ
1197 1445 1438 1520 ἀνάγκης
1485 1446 1542 1502 ’ὸν
1589 1452 1692 1516 τῆς
1741 1448 1897 1524 ἀναγ-

244 1533 406 1597 καίας
461 1531 598 1604 ὕλης
654 1532 786 1589 ἐστί·
843 1534 906 1589 τὸ
965 1531 1024 1589 δὲ
1077 1534 1280 1609 κυρίως
1331 1535 1382 1607 ἐξ
1430 1536 1664 1612 ἀνάγκης
1720 1538 1794 1610 μὴ
1841 1535 1899 1592 ὃν

242 1625 345 1692 τῆς
400 1620 683 1679 ἀδυνάτου’
739 1623 803 1679 τὸ
859 1621 908 1678 δ’
962 1619 1067 1679 ἔστ’
1124 1623 1182 1679 ἂν
1241 1623 1279 1699 ᾖ
1325 1629 1405 1697 τῷ
1453 1626 1791 1700 ὑποκειμένῳ
1832 1628 1896 1682 τὸ

242 1713 726 1790 κατηγορούμενον
776 1708 856 1769 ὅν·
908 1711 1014 1769 ἔστ’
1058 1713 1117 1768 ἂν
1160 1710 1217 1768 δὲ
1250 1715 1325 1787 μὴ
1357 1713 1395 1788 ᾖ
1423 1719 1504 1787 τῷ
1554 1716 1896 1793 ὑποκειμένῳ

240 1802 308 1857 τὸ
364 1802 876 1880 κατηγορούμενον,
936 1803 1010 1877 μή
1070 1801 1128 1857 ὃν
1180 1810 1280 1873 τῆς
1336 1801 1699 1880 ἐνδεχομένης
1757 1805 1895 1877 ὕλης

246 1890 411 1946 ἐστίν.

318 1980 388 2038 λ’.
431 1980 528 2044 Εἲς
576 2000 702 2055 τρια
749 1977 808 2036 δὲ
854 1979 1139 2058 διαιρεῖται
1186 1982 1250 2038 τὸ
1300 1979 1671 2058 ἐνδεχόμενον·
1725 1983 1802 2047 εἷς
1830 1986 1893 2040 τὸ

244 2068 505 2144 ἐπιπολὺ,
551 2070 615 2125 τὸ
663 2069 875 2142 ἐπίσης,
926 2071 1016 2125 καὶ
1068 2070 1131 2125 τὸ
1171 2069 1254 2126 ἐπ’
1301 2067 1540 2129 ἔλαττον.
1592 2073 1713 2128 Ἐπὶ
1747 2072 1893 2128 πολὺ

248 2159 345 2232 μὲν
379 2205 394 2231 ,
447 2159 522 2222 ὡς
578 2161 641 2215 τὸ
713 2161 804 2215 τὸν
866 2158 1150 2237 ἄνθρωπον
1214 2158 1647 2216 πενταδάκτυλον
1705 2162 1837 2217 εἶναι
1874 2183 1888 2196 ο

243 2247 460 2321 ἐπίσης,
518 2249 595 2311 ὡς
647 2250 709 2304 τὸ
765 2249 1065 2325 ἀναγνῶναι
1121 2249 1211 2304 καὶ
1272 2251 1348 2323 μὴ
1406 2250 1743 2327 ἀναγνῶναι·
1808 2252 1891 2307 ἐπ’

240 2335 466 2393 ἔλαττον
501 2384 515 2410 ,
577 2339 654 2401 ὡς
726 2339 792 2394 τὸ
857 2339 950 2394 τὸν
1009 2337 1309 2394 σκάπτοντα
1354 2340 1608 2415 θησαυρῷ
1672 2361 1890 2416 περιτυ-

238 2431 361 2504 χεῖν
372 2467 384 2480 .

315 2513 419 2571 λα’.
450 2517 520 2570 Τὸ
571 2517 666 2589 μὲν
720 2514 812 2572 οὖν
858 2515 1094 2573 ἐπιπολὺ
1143 2515 1500 2593 ἐνδεχόμενον
1547 2518 1756 2597 φύσεως
1799 2520 1890 2575 καὶ

236 2604 445 2680 τέχνης
499 2604 663 2661 ἐστίν·
724 2604 942 2682 ἐπείπερ
998 2605 1033 2676 ἤ
1081 2627 1139 2661 τε
1196 2606 1354 2684 φύσις
1400 2606 1452 2662 έν
1501 2613 1617 2671 τοῖς
1666 2608 1887 2672 οἴκείοις

238 2691 670 2766 ἆποτελέσμασιν
719 2695 795 2756 ὡς
833 2692 1068 2750 ἐπιπολὺ
1112 2697 1388 2771 κατορθοῖ.
1440 2698 1649 2751 Σπάνια
1694 2698 1795 2775 γὰρ
1822 2698 1890 2754 τὰ

234 2783 454 2859 τέρατα,
485 2783 575 2838 καὶ
603 2786 639 2853 ἡ
688 2783 855 2860 τέχνη
905 2788 1004 2839 τοῦ
1036 2784 1240 2839 οἰκείου
1286 2782 1477 2848 τέλους
1508 2788 1768 2863 τυγχάνει
1812 2788 1886 2851 ὡς

238 2869 480 2929 ἐπιπολύ
515 2894 528 2907 ο
584 2874 646 2928 τὸ
706 2870 752 2928 δ’
827 2872 1021 2945 ἐπίσης
1090 2871 1441 2951 ἐνδεχόμενον
1518 2876 1885 2953 προαιρέσεως

238 2956 401 3038 ἔργον
452 2961 607 3017 ἐστίν.
659 2964 777 3041 Ἐφ’
822 2964 957 3036 ἡμῖν
1007 2962 1132 3040 γὰρ,
1180 2963 1269 3018 καὶ
1318 2963 1620 3039 ἀναγνῶναι
1666 2965 1754 3020 καὶ
1809 2967 1884 3039 μή

236 3050 560 3127 ἀναγνῶναι,
610 3052 699 3106 καὶ
750 3051 1045 3108 λούσασθαι
1085 3053 1175 3107 καὶ
1230 3054 1303 3126 μὴ
1354 3052 1664 3111 λούσασθαι.
1715 3059 1884 3111 Τοῦτο

236 3136 298 3195 δὲ
351 3144 448 3195 τοῦ
497 3138 862 3217 ἐνδεχομένου
907 3142 970 3195 τὸ
1021 3139 1161 3204 εἶδος
1204 3141 1449 3198 καλεῖται
1493 3144 1583 3199 καὶ
1625 3143 1881 3220 ὁπότερον

233 3225 415 3305 ἔτυχε⁸
476 3226 617 3283 διότι
671 3228 806 3284 κατὰ
859 3235 1021 3285 τοῦτο
1079 3227 1231 3285 οὐδὲν
1291 3229 1457 3287 πλέον
1506 3240 1607 3303 τῆς
1645 3233 1881 3310 ἀνυπαρ-

1922 1925 1972 1991 Β

2014 646 2104 698 est
2133 642 2481 715 simpliciter
2525 649 2720 699 autem
2768 643 3169 700 necessarium
3218 660 3335 700 non
3380 652 3489 700 est.
3519 642 3660 701 Tale

2013 736 2103 788 est
2131 732 2305 788 etiam
2334 733 2463 800 hoc,
2496 733 2898 789 ambulantem
2948 732 3251 790 ambulare
3291 751 3361 791 ex
3407 734 3660 790 necessi-

2010 824 2168 890 tate;
2200 826 2257 877 et
2284 822 2415 892 hoc,
2448 827 2703 879 stantem
2733 827 2908 879 stare.

2080 912 2171 965 28.
2205 910 2428 982 Duplex
2457 912 2635 967 etiam
2689 915 2796 980 est,
2831 912 2985 984 quod
3034 929 3105 969 ex
3151 911 3498 969 necessitate
3543 928 3659 969 non

2012 1002 2123 1065 est,
2151 1000 2307 1071 quod
2338 1004 2427 1055 est
2457 1000 2826 1073 impossibile
2853 1017 2866 1056 :
2911 1017 3099 1057 unum
3130 1001 3372 1074 quidem
3402 1000 3655 1074 proprie,

2012 1091 2078 1143 ut
2108 1087 2300 1159 ignem
2334 1088 2680 1161 refrigerare
2710 1094 2767 1145 et
2796 1089 3095 1145 hominem
3142 1089 3335 1146 volare
3361 1108 3374 1159 ;
3406 1088 3657 1146 alterum

2008 1192 2142 1232 vero
2174 1192 2290 1232 non
2323 1177 2576 1250 proprie,
2605 1180 2705 1233 sed
2743 1179 2925 1234 donec
2956 1178 3339 1251 praedicatum
3390 1178 3656 1251 subjecto

2010 1282 2127 1321 non
2158 1264 2332 1333 inest,
2364 1270 2428 1321 ut
2472 1266 2776 1323 ambulare
2819 1284 2936 1323 non
2985 1267 3351 1338 ambulanti;
3397 1272 3454 1323 et
3501 1269 3657 1324 stare

2008 1371 2125 1410 non
2157 1356 2360 1411 stanti.

2077 1444 2167 1498 29.
2201 1444 2361 1508 Quod
2413 1445 2649 1516 quidem
2706 1445 2889 1518 igitur
2942 1446 3179 1518 proprie
3236 1450 3327 1502 est
3379 1445 3535 1503 290
3588 1463 3658 1503 ex

2008 1532 2361 1589 necessitate
2384 1533 2640 1590 materiae
2661 1538 2752 1590 est
2775 1534 3119 1590 necessariis
3143 1553 3157 1604 ;
3189 1535 3347 1607 quod
3375 1551 3508 1590 vero
3530 1551 3658 1608 pro-

2005 1621 2131 1694 prie
2160 1639 2230 1679 ex
2260 1622 2609 1679 necessitate
2639 1640 2757 1680 non
2783 1628 2893 1691 est,
2915 1623 3346 1696 impossibilis;
3380 1624 3538 1696 quod
3559 1624 3657 1680 de-

2005 1711 2184 1784 nique
2229 1712 2412 1768 donec
2458 1713 2834 1784 praedicatum
2891 1713 3044 1769 inest
3100 1714 3362 1785 subjecto
3415 1717 3540 1781 est;
3599 1717 3658 1770 et

2005 1804 2208 1857 contra
2237 1801 2421 1857 donec
2450 1801 2833 1873 praedicatum
2865 1818 2983 1857 non
3024 1802 3176 1859 inest
3223 1802 3505 1873 subjecto,
3538 1819 3654 1859 non

2004 1905 2131 1961 ens,
2164 1890 2556 1965 contingentis
2583 1895 2673 1947 est
2698 1890 2974 1947 materiae.

2073 1977 2164 2033 30.
2196 1978 2327 2034 Jam
2358 1996 2492 2034 vero
2531 1979 2875 2052 contingens
2905 1979 2967 2034 in
2994 1978 3110 2035 tria
3158 1979 3468 2048 dividitur;
3501 1980 3563 2036 in
3592 1980 3651 2036 id

2002 2068 2157 2139 quod
2190 2071 2256 2123 ut
2283 2068 2632 2139 plurimum,
2664 2069 2821 2141 quod
2852 2085 2919 2124 ex
2949 2085 3136 2140 aequo,
3155 2071 3213 2124 et
3242 2073 3308 2125 ut
3337 2068 3652 2124 minimum

2000 2157 2523 2230 (estcontingens);
2551 2161 2617 2212 ut
2638 2156 2960 2228 plurimum
2984 2156 3244 2229 quidem,
3267 2160 3333 2212 ut
3352 2156 3652 2213 hominem

2000 2261 2129 2302 esse
2158 2245 2420 2317 quinque
2449 2245 2650 2317 digitis
2681 2246 3026 2318 praeditum:
3056 2261 3126 2301 ex
3152 2261 3339 2317 aequo,
3374 2248 3439 2300 ut
3461 2244 3652 2318 legere

1999 2338 2058 2390 et
2086 2350 2201 2389 non
2229 2334 2419 2406 legere
2455 2351 2469 2391 :
2502 2339 2569 2391 ut
2600 2333 2936 2402 minimum,
2969 2333 3127 2390 velut
3157 2333 3471 2390 fodientem
3500 2333 3650 2389 inci-

1999 2421 2134 2479 dere
2164 2422 2226 2479 in
2256 2423 2620 2480 thesaurum.

2070 2512 2159 2568 31.
2184 2513 2346 2577 Quod
2376 2512 2558 2585 igitur
2586 2512 2827 2584 quidem
2860 2516 2925 2567 ut
2954 2511 3278 2585 plurimum
3299 2512 3648 2585 contingens

1998 2604 2089 2657 est
2115 2605 2339 2657 naturae
2371 2606 2428 2657 et
2447 2601 2592 2657 artis
2613 2605 2703 2657 est
2729 2601 3241 2673 :quanquuidem
3266 2604 3325 2657 et
3352 2602 3565 2657 natura
3584 2600 3647 2656 in

1998 2689 2250 2762 propriis
2281 2690 2501 2746 effectis
2532 2694 2590 2745 et
2616 2689 2891 2762 operibus
2921 2695 3075 2747 recte
3105 2690 3372 2763 fungitur
3394 2706 3503 2746 suo
3520 2706 3648 2746 mu-

1997 2795 2134 2835 nere
2168 2795 2181 2835 :
2229 2783 2494 2835 monstra
2525 2778 2681 2834 enim
2712 2796 2845 2834 rara
2873 2783 3050 2836 sunt:
3100 2783 3159 2835 et
3202 2795 3299 2835 ars
3340 2778 3645 2851 proprium

1996 2867 2173 2922 ﬁnem
2205 2872 2271 2923 ut
2320 2866 2638 2939 plurimum
2688 2868 3085 2939 consequitur.
3118 2867 3281 2933 Quod
3331 2871 3527 2923 autem
3568 2882 3641 2924 ex

1996 2973 2160 3028 aequo
2209 2957 2555 3030 contingens
2600 2961 2691 3012 est
2736 2956 3039 3013 electionis
3070 2972 3217 3029 opus
3259 2961 3368 3013 est.
3412 2956 3637 3013 Etenim

1994 3062 2173 3118 penes
2204 3063 2311 3101 nos
2341 3049 2431 3101 est
2458 3051 2518 3100 et
2545 3044 2737 3117 legere
2767 3050 2826 3101 et
2855 3062 2970 3101 non
3000 3045 3211 3117 legere,
3245 3049 3301 3101 et
3343 3044 3537 3101 lavare
3583 3048 3641 3100 et

1995 3152 2110 3191 non
2159 3135 2370 3191 lavare.
2404 3136 2474 3190 Et
2521 3135 2641 3191 haec
2693 3134 3087 3207 contingentis
3134 3135 3359 3206 species
3401 3137 3642 3190 vocatur

1994 3224 2194 3291 etiam,
2226 3224 2518 3279 utrumvis
2549 3222 2861 3291 acciderit;
2911 3228 3217 3295 propterea
3244 3223 3401 3295 quod
3431 3238 3639 3279 secun-

234 3295 417 3388 Eiacuﬂ
472 3318 696 3394 ὅπαρξις
744 3316 882 3394 ἔχει,
934 3315 1046 3375 οὔτ’
1092 3318 1336 3375 ἔλαττον·
1388 3319 1513 3377 ἀλλ’
1556 3321 1764 3395 ὁμοίως
1796 3295 1882 3379 ἐκ·

2006 3313 2143 3367 dum
2174 3312 2233 3366 id
2264 3312 2606 3369 exsistentia
2644 3329 2759 3384 prie
2808 3311 3213 3368 inexsistentia
3261 3310 3409 3367 nihil
3456 3328 3641 3383 neque

230 3401 392 3477 ϐῆναι
468 3404 689 3462 δυνατὸν
746 3454 760 3480 ,
819 3407 1078 3485 ὁπότερον
1157 3405 1316 3486 ἔτυχε
1381 3412 1479 3480 τῆς
1555 3410 1884 3490 ἀντιφάσεως

233 3495 452 3572 μόριον.
511 3497 581 3551 Τὸ
638 3493 685 3551 δ’
743 3496 823 3552 ἐπ’
878 3494 1099 3553 ἔλαττον
1160 3495 1513 3575 ἐνδεχόμενον
1569 3499 1747 3576 τύχης
1791 3500 1881 3557 καὶ

230 3583 544 3658 αὐτομάτου
592 3584 722 3643 ἐστί.
764 3586 863 3640 Καὶ
914 3588 1050 3641 κατὰ
1076 3585 1253 3663 τύχην
1289 3588 1384 3661 μὲν
1424 3586 1679 3664 λέγομεν,
1711 3588 1743 3644 ἃ
1768 3595 1884 3652 τοῖς

230 3673 373 3729 κατὰ
460 3673 770 3751 προαίρεσιν
845 3676 1155 3750 γινομένοις
1230 3675 1621 3754 παρυφίσταται
1675 3697 1688 3711 ·
1747 3679 1884 3734 καθὰ

229 3765 315 3833 τῷ
374 3763 626 3817 σκάπτειν
681 3764 716 3833 ἡ
776 3762 983 3839 εὕρεσις
1038 3767 1136 3819 τοῦ
1195 3769 1471 3841 θησαυροῦ
1503 3809 1516 3822 .
1572 3766 1723 3843 Τύχη
1778 3767 1882 3844 γάρ

234 3849 378 3904 ἐστιν
420 3847 592 3907 αἷίτιον
639 3853 776 3907 κατὰ
836 3847 1181 3925 συμϐεϐηκὸς
1237 3852 1288 3908 ἐν
1335 3859 1453 3916 τοῖς
1499 3855 1634 3910 κατά
1687 3856 1880 3932 προαί-

234 3958 398 4015 ρεσιν’
454 3941 591 3995 κατά
651 3938 709 3995 δὲ
760 3941 824 3997 τὸ
879 3941 1184 4016 αὐτόματον
1231 3940 1484 4017 λέγομεν,
1519 3944 1551 3998 ἃ
1576 3949 1693 4007 τοῖς
1747 3946 1884 4001 κατὰ

232 4026 392 4106 φύσιν
452 4029 756 4105 γινομένοις
809 4030 899 4085 καὶ
962 4031 1038 4103 μὴ
1098 4033 1235 4086 κατά
1287 4031 1598 4109 προαίρεσιν
1648 4033 1881 4112 παρυφί-

232 4134 440 4172 matur
499 4118 573 4181 ὡς
628 4119 692 4174 τὸ
749 4125 974 4193 σεισμοῦ
1024 4116 1308 4197 γεγονότος
1349 4166 1364 4192 ,
1425 4122 1513 4178 καί
1568 4143 1711 4185 τινος
1767 4120 1883 4178 δια-

232 4207 457 4270 στάντος
532 4207 729 4284 μέρους
782 4209 883 4278 τῆς
939 4216 1063 4285 γῆς,
1115 4207 1308 4273 ὕδατος
1360 4210 1717 4288 ἀναρραγῆναι
1774 4233 1880 4282 πη-

228 4297 355 4371 γήν.
410 4295 732 4371 Αύτόματον
782 4299 884 4374 γὰρ
943 4297 1085 4354 ἐστιν
1133 4295 1303 4354 αἷίτιον
1353 4301 1488 4355 κατά
1534 4296 1883 4375 συμϐεϐηκὸς

230 4383 285 4439 ἐν
313 4389 429 4448 τοῖς
461 4385 539 4458 μή
569 4385 706 4441 κατὰ
732 4384 1071 4463 προαίρεσιν.

1994 3400 2128 3472 plus
2154 3417 2344 3473 neque
2377 3401 2575 3457 minus
2605 3400 2802 3469 habet,
2837 3402 2940 3456 sed
2971 3400 3245 3457 similiter
3272 3399 3500 3457 evinere
3537 3417 3641 3473 po-

1991 3493 2106 3545 test
2136 3489 2360 3544 utravis
2389 3489 2873 3546 contradictionis
2923 3506 3061 3562 pars
3107 3488 3435 3562 contigerit.
3485 3490 3634 3547 291

1991 3578 2154 3642 Quod
2187 3578 2440 3650 denique
2462 3583 2527 3634 ut
2552 3579 2865 3634 minimum
2888 3579 3236 3651 contingens
3256 3581 3363 3645 est,
3393 3579 3643 3635 fortuna

1991 3670 2049 3722 et
2076 3684 2247 3722 casus
2276 3671 2384 3722 est.
2440 3672 2509 3722 Et
2539 3669 2865 3723 secundum
2899 3668 3135 3739 quidem
3167 3667 3466 3723 fortunam
3495 3667 3640 3724 dici-

1992 3772 2150 3822 mus,
2182 3772 2311 3827 quze
2342 3756 2677 3812 subsistunt
2708 3773 2842 3812 cum
2872 3756 2945 3812 iis
2993 3773 3120 3827 qua)
3163 3757 3488 3812 secundum
3518 3755 3640 3813 ele-

1993 3844 2247 3900 ctionem
2278 3844 2448 3912 fiunt,
2482 3849 2547 3900 ut
2595 3845 2852 3900 inventio
2884 3844 3144 3901 thesauri
3193 3861 3329 3900 cum
3360 3844 3635 3902 fossione.

1992 3933 2251 3989 Fortuna
2269 3934 2427 3989 enim
2451 3950 2629 3989 causa
2646 3939 2736 3989 est
2768 3950 2867 4006 per
2897 3934 3167 3989 accidens
3197 3933 3256 3989 in
3294 3932 3370 3989 iis
3409 3950 3534 4005 quae
3554 3950 3642 3990 se-

1992 4021 2250 4076 cundum
2281 4021 2622 4078 electionem
2654 4023 2825 4078 ﬁunt.
2847 4023 3183 4078 Secundum
3215 4038 3418 4078 casum
3443 4026 3640 4078 autem

1990 4110 2249 4166 dicimus
2279 4126 2347 4166 ea
2370 4128 2499 4183 quae
2522 4128 2657 4167 cum
2679 4110 2797 4167 illis
2812 4113 3300 4183 subsistunt,quaa
3316 4111 3641 4166 secundum

1992 4203 2264 4255 naturam
2297 4200 2468 4271 fiunt,
2502 4217 2618 4256 non
2671 4201 2994 4256 secundum
3041 4198 3387 4256 electionem
3423 4216 3436 4254 :
3484 4197 3644 4254 velut

1989 4292 2156 4344 terrae
2188 4292 2353 4344 motu
2386 4290 2537 4345 facto
2566 4293 2626 4345 et
2655 4289 2854 4362 aliqua
2883 4294 3051 4345 terra;
3080 4291 3245 4360 parte
3268 4287 3456 4344 scissa
3475 4304 3639 4360 aqua

1990 4376 2210 4432 fontem
2243 4377 2530 4449 erupisse.
2562 4379 2749 4434 Casus
2778 4378 2935 4433 enim
2977 4393 3156 4432 causa
3206 4379 3296 4432 est
3340 4391 3446 4447 per
3490 4374 3641 4431 acci-

1991 4466 2136 4522 dens
2166 4465 2227 4521 in
2257 4465 2331 4522 iis
2360 4483 2487 4538 quae
2518 4466 2842 4524 secundum
2872 4465 3213 4522 electionem
3245 4480 3362 4520 non
3392 4464 3555 4520 ﬁant.

635 4668 844 4739 Σχῆμα
872 4662 1067 4742 κεφαλ.
1096 4665 1206 4737 κη’,
1236 4664 1361 4742 περὶ
1381 4670 1489 4722 τῶν
1513 4665 1564 4723 ἐν
1594 4672 1714 4731 ταῖς
1740 4670 2031 4745 προτάσεσι
2060 4671 2448 4746 θεωρουμένων
2481 4669 2627 4727 ὑλῶν
2661 4669 2752 4726 καὶ
2778 4667 3218 4746 προσδιορισμῶν

277 4857 439 4916 ’Υλαι
466 4864 574 4917 τῶν
603 4857 916 4937 προτάσεων
979 4793 1012 4990 ξ

1081 4788 1362 4866 ἀναγκαία,
1395 4790 1531 4866 οἷον,
1567 4789 1850 4866 ἄνθρωπος
1879 4792 2118 4866 ᾀναπνεῖο

1081 4837 1623 4942 esseesse;
1878 4837 2221 4942 διαιρεῖ-

1081 4930 1358 5008 saeva-:64,
1392 4930 1530 5010 οἷον,
1561 4930 1846 5013 ἄνθρωπος
1876 4930 2115 4992 intericit.
