4108 6438
266 405 387 471 917

1615 411 1968 475 EPITOME
2012 408 2319 473 LOGICA.

3557 408 3679 472 918

338 569 409 581 —-
434 540 490 617 3.
515 540 652 617 Quae
676 543 1075 617 proposiiiones
1117 545 1563 617 impra’deﬁnitaz
1589 548 1703 601 sint
1738 561 1834 616 per
1858 542 2182 616 epiphoram
2238 543 2449 617 repetit.
2492 573 2551 617 ῖ-
2580 541 2633 595 4.
2676 540 2917 617 _Easdem
2958 539 3200 613 deﬁnitis
3239 543 3672 617 particularibus

337 612 698 687 @quipolleré
728 612 798 669 ea}
823 616 1114 671 Aristotele
1138 612 1396 673 ostendit!
1421 647 1487 660 —
1517 612 1796 683 5.Probot,
1827 612 1925 687 per
1943 612 2275 687 par-testam
2300 612 2367 669 de
2411 613 2881 687 afﬁrmationibus
2906 612 3480 687 quamrnegatiombus
3508 618 3675 672 inde-

334 684 533 755 ﬁnitis,
591 701 904 757 quanquam
952 687 1033 742 hae
1077 690 1274 758 sapius
1322 690 1727 745 universalibus
1773 684 2157 758 zeijuipolteant
2210 702 2371 755 quam
2404 686 2831 755 particularibus
2871 684 3156 758 deﬁnitis._
3184 716 3251 725 —
3293 688 3348 741 6.
3390 690 3429 741 A
3482 703 3671 744 conse-

336 760 538 831 quente
560 756 757 827 probat
786 760 928 831 quod
956 756 1267 830 inde/initae
1293 761 1520 831 perinde
1550 770 1607 816 ut
1636 756 1878 830 deﬁnitae
1907 756 1967 815 in
1989 758 2225 812 materia
2273 759 2627 831 contingenti
2681 758 2848 831 simul
2890 772 3085 831 uerum,
3123 756 3327 831 dicant,
3376 763 3429 813 et
3488 768 3672 814 tamen

335 828 507 903 etiam
532 831 593 882 ut
638 828 1092 903 contradictoriw'
1134 828 1310 902 accipi
1356 834 1584 902 possint,
1634 828 1905 903 quatenus
1934 845 2136 903 negans
2189 828 2482 903 indeﬁnito
2503 844 2601 903 pro
2631 829 2940 903 universali
2967 830 3258 903 accipitur.
3291 861 3358 868 ——
3388 831 3440 883 7.
3476 834 3554 886 De
3583 834 3672 886 in-

333 897 567 973 deﬁnito
591 901 958 973 afﬁrmatione
981 918 1080 973 per
1106 897 1424 973 epipliordm
1480 897 1880 973 idem-repetit,
1940 897 2087 971 quod
2140 902 2333 973 quinto,
2356 897 2598 955 membro
2623 901 2933 973 proposuit.
2963 929 3043 973 _—_-

1726 917 1880 973 pem,
1940 917 2084 971 quoa
2178 917 2327 954 umto
2356 917 2598 955 memoro
2623 917 2933 971 proposuit.
2979 929 3043 939 —-
3074 917 3127 952 δ.
3164 917 3363 955 μνουαι
3393 917 3670 972 exempto-

1725 973 2016 1045 articulaﬁ
2061 917 2447 1045 amqrmatione
2478 972 2828 1045 negationem
2874 970 3225 1045 indeﬁnitum
3279 972 3438 1027 modo
3486 975 3670 1045 parti-

328 970 956 1046 particularisdeﬁnitae
981 970 1307 1046 negati—onis
1352 977 1516 1045 factae
1571 991 1643 1029 ex

3117 941 3127 952 .
3164 903 3363 955 Provat
3393 903 3673 972 exemplo-

331 1041 554 1117 culari,
576 1043 741 1117 modo
759 1041 1116 1117 universalis
1144 1041 1427 1114 negationi
1451 1041 1825 1117 aequipollerc.
1858 1076 1925 1084 —
1952 1044 2008 1097 9.
2061 1042 2207 1117 Idem
2236 1041 2470 1117 ostendit
2494 1042 2746 1117 exempto
2762 1042 3151 1117 _partitutaris
3166 1041 3499 1117 negationis
3511 1046 3670 1115 factae

332 1128 403 1167 ea:
451 1115 1187 1188 universalia/ﬁrmatione.
1218 1112 1288 1156 '—
1319 1118 1474 1174 294
1506 1112 1882 1188 iOfExpticat
1922 1113 2185 1186 quomodo
2226 1115 2629 1188 propositiones
2656 1112 2939 1188 deﬁnitae,
2988 1112 3311 1188 inde/initae,
3365 1112 3673 1188 singulares

332 1187 394 1237 in
437 1184 866 1259 oppositionzbus
894 1188 1081 1259 quoad
1096 1204 1285 1259 verum
1314 1196 1365 1244 et
1390 1190 1596 1259 falsum
1622 1184 1974 1245 dividendum
2001 1184 2329 1243 conveniant
2350 1189 2403 1239 et
2431 1184 2782 1257 diﬂerant.—
2816 1186 3017 1240 11.Per
3044 1184 3672 1256 occupationem'discri-

328 1254 580 1311 mento?»
617 1254 918 1329 μέλλοντος
945 1257 1036 1312 καὶ
1065 1256 1321 1331 ἐσομένου
1352 1254 1606 1333 θέερὶἱοαι.

880 1555 1134 1611 ΚΕΦΑΛ.
1167 1555 1285 1609 ΚΘ’.

594 1639 724 1715 Περὶ
757 1639 1219 1718 ἀπροσδιορίστων
1251 1642 1587 1720 προτάσεων.

326 1729 391 1785 α’.
458 1726 923 1806 Ἀπροσδιόριςτοι
982 1732 1273 1806 προτάσεις
1332 1733 1484 1804 εἰσὶν,
1518 1730 1637 1786 ὅσαι
1667 1729 1907 1786 καθόλου

253 1811 481 1893 ἔχουσαι
525 1816 654 1873 τοὺς
706 1817 1103 1893 ὑποκειμένους
1149 1820 1325 1898 χωρίς
1371 1842 1432 1876 τε
1476 1818 1907 1897 προσδιορισμοῦ

251 1906 345 1962 καὶ
375 1907 552 1983 χωρὶς
582 1905 785 1985 ἄρθρου
815 1910 1198 1988 προφέρονται.

329 1996 395 2071 β’.
427 1996 497 2051 Τὸ
525 1998 626 2074 γὰρ
667 1995 862 2073 ἄρθρον
907 1995 1074 2069 δηλοῖ
1125 1999 1219 2071 μὲν
1269 2001 1358 2055 καὶ
1401 2002 1500 2070 τήν
1549 2004 1646 2054 τοῦ
1689 2000 1904 2055 ὑποκει-

255 2086 417 2159 μένου
468 2087 586 2158 μεθ’
630 2086 691 2141 οὗ
742 2086 985 2143 τάττεται
1035 2087 1208 2166 φύσιν,
1260 2086 1426 2159 δηλοῖ
1474 2087 1533 2144 δὲ
1577 2089 1772 2144 καὶτὰ
1802 2089 1906 2143 ὑπὸ

247 2174 315 2228 τὸ
342 2178 590 2229 τοιοῦτον
646 2174 999 2248 ὑποκείμενον
1055 2178 1269 2254 μερικὰ,
1318 2176 1408 2231 ὅτε
1456 2178 1546 2232 καὶ
1596 2179 1695 2247 τήν
1741 2175 1904 2253 δῦνα-

253 2283 345 2336 μιν
396 2258 512 2337 ἔχει
554 2268 651 2318 τοῦ
700 2270 807 2327 πᾶς
856 2262 1309 2340 προσδιορισμοῦ·
1344 2268 1477 2339 οἷον,
1530 2266 1576 2322 εἰ
1629 2268 1723 2339 μὲν
1752 2264 1903 2321 εἷίιτο-

250 2371 369 2423 μεν,
426 2356 480 2405 ‘0
532 2349 819 2427 ἅνθρωπος
877 2351 1019 2415 εἶδός
1076 2353 1208 2428 ἐστι,
1260 2355 1322 2409 τὸ
1374 2356 1573 2410 ἒνιαῖον
1617 2360 1714 2410 τοῦ
1743 2354 1903 2410 καθό-

248 2437 350 2494 λου
406 2438 692 2515 ἆνθρώπου
761 2442 1102 2515 σημαίνομεν
1141 2490 1154 2515 ,
1213 2443 1277 2498 τὸ
1336 2442 1550 2498 πάντων
1606 2448 1713 2498 τῶν
1771 2445 1905 2498 κατά

251 2528 417 2605 μέρος
474 2530 770 2603 ἀνθρώπων
831 2530 1228 2601 συλληπτικὼι
1285 2532 1331 2587 εὶ
1390 2530 1448 2586 δὲ
1501 2553 1561 2609 γε
1617 2534 1903 2609 φήσομεν,

246 2618 306 2671 Ὀ
365 2615 655 2693 ἅνθρωπος
708 2618 844 2688 ζῶόν
904 2619 1037 2693 ἐστι,
1094 2615 1218 2676 τότε
1277 2617 1554 2693 δηλοῦμεν
1615 2621 1785 2675 πάντα
1838 2620 1907 2675 τὰ

250 2705 357 2760 ὑπὸ
384 2707 475 2761 τὸν
516 2705 819 2781 ἄνθρωπον,
871 2706 997 2777 ἤτοι
1043 2709 1107 2764 τὸ
1154 2708 1489 2783 ἀνθρώπειον
1522 2706 1663 2772 εἶδος
1705 2710 1901 2782 ἄτομα,

249 2796 341 2849 καὶ
400 2792 551 2850 οὐδὲν
608 2794 748 2851 ἄλλο
809 2798 1004 2876 φαμὲν,
1054 2798 1090 2867 ἢ
1142 2796 1224 2853 ὅτι
1272 2805 1376 2860 πᾶς
1424 2795 1706 2873 ἄνθρωπος
1767 2798 1901 2868 ζῶόν

252 2881 411 2937 ἐστιν.
468 2884 614 2939 Ἐπεὶ
671 2890 801 2960 γοῦν
850 2887 914 2941 τὸ
970 2884 1165 2963 ἄρθρον
1215 2884 1521 2942 καὶπολλὰ
1560 2887 1903 2965 συνεμφαίνει
1937 2920 1983 2985 Β

250 2972 343 3027 καὶ
397 2971 454 3027 ’ὲν
489 3019 503 3044 ,
563 2970 653 3028 διᾶ
723 2979 885 3029 τοῦτο
958 2975 1048 3030 καὶ
1106 2976 1243 3052 πρὸς
1292 2978 1393 3046 τὴν
1449 2981 1555 3030 τῶν
1602 2974 1906 3031 καθολικῶν

252 3061 591 3135 πραγμάτων
637 3059 1228 3140 συμπαραλαμϐάνεται
1288 3063 1531 3136 δήλωσιν
1570 3087 1581 3098 ·
1645 3065 1719 3127 ὡς
1778 3064 1901 3119 ὅταν

252 3145 524 3226 λέγωμεν,
582 3152 638 3204 Ὁ
691 3150 998 3228 ἅνθρωπος,
1044 3154 1108 3208 τὸ
1161 3158 1319 3225 ζῶον,
1352 3156 1386 3223 ἠ
1420 3150 1688 3224 αἴσθησις.
1732 3151 1907 3210 Ἀλλά

249 3238 342 3293 καὶ
390 3240 526 3316 πρὸς
571 3241 671 3309 τὴν
712 3246 819 3295 τῶν
873 3241 1200 3315 μοναδικῶν·
1250 3243 1323 3305 ὡς
1372 3238 1497 3297 ὅταν
1548 3244 1815 3318 λέγωμεν.
1847 3244 1904 3296 Ὁ

250 3324 437 3396 ἥλιος,
468 3331 503 3398 ἡ
537 3327 764 3401 σελήνη,
796 3329 885 3385 καὶ
917 3332 945 3386 ὁ
977 3329 1180 3408 Πέτρος
1219 3331 1309 3386 καὶ
1360 3332 1388 3385 ὁ
1430 3329 1668 3393 Παῦλος.
1702 3331 1906 3387 Ἐνίοτε

250 3412 310 3471 δὲ
355 3416 487 3471 κάπὶ
534 3423 633 3473 τοῦ
702 3418 1065 3496 ὑπερέχοντος
1111 3424 1219 3474 τῶν
1268 3419 1583 3497 ὁμοστίχων
1637 3416 1905 3494 λαμϐάνε-

246 3524 357 3560 ται⁸
389 3506 521 3561 καθὸ
556 3507 649 3562 τὸν
702 3507 916 3564 Παῦλον
969 3506 1218 3580 δηλῶσαι
1268 3506 1598 3584 βουλόμενοί
1647 3530 1841 3587 φαμεν,
1876 3509 1904 3564 ὁ

248 3593 608 3666 Ἀπόστολος,
638 3596 728 3651 καὶ
758 3597 849 3652 τὸν
882 3593 1069 3670 Δαϐἰδ,
1102 3599 1130 3653 ὁ
1161 3600 1479 3676 Προφήτης.

1934 1554 1991 1619 Α

2601 1552 2839 1611 CAPUT
2878 1553 3075 1610 XXIX.

2321 1644 2398 1697 De
2417 1643 2855 1715 impraadeﬁnitis
2881 1644 3360 1715 propositionibus.
3522 1710 3528 1715 ἢ

2090 1732 2641 1804 1.1mprasdetlnitaa
2689 1732 3117 1804 propositiones
3164 1737 3322 1800 sunt,
3372 1736 3665 1806 quotquot

2018 1820 2373 1877 universalia
2390 1821 2654 1890 subjecta
2671 1821 2956 1878 habentes
2974 1828 3033 1878 et
3052 1822 3177 1879 sine
3206 1822 3664 1896 praidsﬁnitione

2016 1912 2073 1964 et
2101 1910 2227 1965 sine
2257 1908 2503 1965 articulo
2534 1910 2928 1982 proferuntur.

2084 1999 2138 2053 2.
2168 1999 2393 2055 Etenim
2424 1999 2709 2056 articulus
2738 2004 2797 2055 et
2824 1999 3071 2072 subjecti
3103 2016 3237 2056 cum
3277 2016 3391 2073 quo
3423 2002 3664 2075 ponitur

2015 2091 2287 2143 naturam
2327 2087 2623 2157 declarat;
2676 2093 2734 2143 et
2758 2105 2893 2145 vero
2924 2090 3101 2145 etiam
3134 2089 3509 2161 particularia
3547 2092 3658 2148 sub

2013 2176 2305 2249 ejusmodi
2338 2178 2599 2249 subjecto
2630 2178 2906 2246 declarat,
2940 2179 3175 2250 quando
3215 2179 3393 2235 etiam
3437 2181 3658 2252 praede-

2014 2265 2317 2333 ﬁnitionis,
2349 2266 2536 2337 ipsius
2584 2266 2777 2322 omnis
2825 2266 3067 2335 scilicet,
3098 2266 3219 2323 vim
3266 2250 3462 2326 habet.
3496 2250 3663 2325 velut

2014 2355 2065 2411 si
2095 2354 2437 2421 dixerimus,
2468 2354 2525 2407 Ὁ
2556 2350 2840 2430 ἅνθρωπος
2863 2355 3083 2428 (homo)
3114 2360 3203 2411 est
3230 2356 3661 2429 species,unam

2015 2447 2280 2499 naturam
2327 2444 2678 2499 universalis
2725 2444 2983 2500 hominis
3028 2461 3233 2501 omnes
3282 2444 3663 2517 particulares

2013 2533 2284 2589 homines
2307 2532 2895 2604 comprehendentem
2919 2533 3451 2606 signiﬁcamus.Sin
3464 2539 3661 2591 autem

2013 2620 2356 2692 dixerimus,
2387 2619 2444 2672 Ὀ
2476 2616 2759 2694 ἄνθρωπος
2784 2622 2873 2675 est
2898 2619 3292 2690 animal,tunc
3314 2620 3523 2684 omnia
3550 2622 3663 2677 sub

2013 2709 2251 2765 homine
2280 2726 2382 2765 seu
2413 2709 2677 2764 humana
2708 2708 2901 2779 specie
2929 2708 3234 2765 individua
3268 2708 3660 2776 declaramus,

2014 2803 2072 2854 et
2099 2798 2245 2853 nihil
2277 2797 2436 2853 aliud
2464 2797 2740 2867 dicimus,
2772 2813 2952 2869 quam
2985 2798 3141 2869 quod
3169 2798 3362 2854 omnis
3390 2798 3566 2855 homo
3588 2800 3666 2855 sit

2015 2887 2253 2944 animal.
2286 2887 2575 2953 Quoniam
2608 2887 2789 2960 igitur
2818 2885 3103 2942 articulus
3151 2891 3205 2941 et
3253 2886 3442 2942 multa
3484 2887 3663 2943 simul

2014 2976 2287 3050 patefacit
2306 2981 2364 3032 et
2388 2992 2596 3047 unum,
2619 2980 2927 3047 eapropter
2942 2974 3119 3030 etiam
3145 2976 3216 3031 ad
3239 2975 3662 3032 universalium

2014 3082 2210 3121 rerum
2243 3064 2695 3121 declarationem
2728 3064 3140 3120 coassumitur.
3170 3063 3365 3119 Veluti
3413 3064 3463 3119 si
3506 3064 3661 3120 dica-

2014 3171 2171 3225 mus,
2204 3154 2259 3207 'O
2290 3150 2575 3228 ἄνθρωπος
2608 3153 2850 3226 (homo),
2888 3151 2953 3205 τὸ
3005 3155 3141 3221 ζῶον
3191 3151 3479 3226 (animal),
3511 3153 3546 3221 ἡ
3574 3148 3659 3206 αἶ’-

2015 3245 2201 3311 σθησις
2232 3244 2509 3316 (sensus).
2543 3243 2655 3299 Sed
2684 3246 2741 3298 et
2792 3243 2941 3299 295
2996 3242 3069 3298 ad
3119 3241 3515 3297 solitariarum
3547 3241 3660 3315 (re-

2014 3351 2147 3389 rum
2174 3350 2307 3388 cum
2339 3348 2540 3389 earum
2582 3349 2706 3403 qua:
2734 3332 2825 3387 sui
2868 3331 3024 3402 juris
3070 3335 3228 3401 sunt,
3260 3334 3402 3386 tunc
3449 3330 3661 3387 indivi-

2014 3424 2265 3478 duarum
2296 3420 2749 3476 declarationem
2780 3418 3063 3475 articulus
3093 3419 3515 3491 coassumitur)
3548 3437 3561 3474 :
3594 3424 3662 3477 ut

2015 3512 2064 3567 si
2095 3512 2382 3578 dicamus,
2416 3510 2472 3561 Ὀ
2503 3507 2665 3577 ἥλιος
2697 3508 2851 3580 (sol),
2883 3509 2917 3575 ἠ
2950 3505 3151 3577 σελήνη
3182 3508 3387 3581 (luna),
3412 3512 3468 3563 et
3497 3508 3525 3561 ὁ
3555 3506 3658 3563 Πέ-

2014 3620 2139 3676 τρος
2170 3600 2418 3672 (Petrus)
2450 3603 2505 3653 et
2535 3598 2562 3650 ὁ
2592 3595 2810 3657 Παῦλος
2840 3597 3121 3670 (Paulus).
3152 3598 3450 3653 Interdum
3482 3598 3659 3654 etiam

248 3684 323 3739 de
352 3686 714 3757 praacellente
744 3687 896 3743 inter
933 3705 1031 3745 eos
1062 3689 1157 3760 qui
1199 3689 1464 3761 ejusdem
1512 3692 1654 3743 sunt
1698 3689 1923 3746 ordinis
1963 3690 2267 3746 sumitur:
2321 3692 2612 3758 quatenus
2664 3686 2909 3742 Paulum
2956 3684 3216 3741 indicare
3260 3684 3520 3742 volentes
3569 3686 3658 3742 di-

251 3774 465 3842 cimus,
498 3774 526 3828 ὁ
559 3773 894 3838 Ἀπόστολος
925 3777 1305 3850 (Apostolus),
1346 3782 1403 3833 et
1433 3778 1708 3834 Davidem
1741 3777 1769 3831 ὁ
1803 3782 1902 3853 Πρε

2023 3800 2097 3848 ης
2126 3777 2476 3849 (Propheta).

323 3863 390 3937 γ’.
422 3865 579 3917 ’Ὀσαι
630 3863 813 3919 τοίνυν
857 3869 963 3920 τῶν
1022 3865 1333 3942 προτάσεων
1390 3861 1614 3939 ἔχουσαι
1670 3865 1902 3921 καθόλου

2086 3870 2140 3923 3.
2174 3869 2469 3938 Quotquot
2491 3865 2672 3937 igitur
2697 3863 3126 3937 propositiones
3144 3862 3499 3919 universalia
3520 3863 3660 3920 sub-

250 3950 380 4012 τοὺς
457 3951 845 4025 ὑποκειμένους
922 3951 1045 4009 ἄνευ
1102 3950 1535 4031 προσδιορισμοῦ
1589 3950 1626 4021 ἤ
1704 3951 1905 4030 ἄρθρου

250 4037 620 4114 προτείνονται
654 4085 669 4111 ,
720 4039 1013 4097 καλοῦνται
1062 4039 1544 4118 ἀπροσδιόριστοι,
1602 4038 1639 4110 ἤ
1698 4039 1904 4118 ἀδιόρι-

250 4147 368 4181 στοι
398 4145 411 4157 ·
475 4130 590 4183 οἷον
626 4175 642 4201 ,
700 4130 1019 4206 Ἀνθρωπος
1078 4135 1366 4207 περιπατεῖ
1396 4176 1410 4203 ,
1467 4131 1783 4206 Ἀνθρωπος
1840 4130 1902 4186 οὐ

250 4235 352 4292 περ
362 4237 484 4271 ιπατ
489 4223 555 4275 εἴ.

324 4301 387 4359 δ’.
446 4304 650 4369 Ταύτας
710 4304 769 4361 δὲ
826 4328 988 4385 φησιν
1050 4309 1078 4361 ὁ
1138 4305 1524 4383 Ἀριστοτέλης
1576 4312 1690 4368 τοῖς
1734 4327 1902 4383 προσ-

252 4390 635 4469 διωρισμέναις
667 4401 916 4468 μερικαῖς
947 4393 1310 4470 ἵσοδυναμεῖν.

322 4483 380 4539 ε’.
437 4482 595 4539 Ἀλλ’
652 4485 708 4538 αἱ
782 4484 876 4557 μὲν
929 4486 1253 4563 καταφάσεις
1311 4483 1728 4563 ἀναμφιλέκτως
1788 4484 1901 4539 ἶσο-

252 4568 553 4646 δυναμοῦσι
600 4578 721 4635 ταῖς
774 4570 1161 4646 διωρισμέναις
1222 4579 1469 4650 μερικαῖς
1527 4574 1899 4652 καταφάσεσιψ

252 4661 308 4714 αἱ
366 4658 412 4715 δ’
471 4660 767 4740 ἀποφάσεις
814 4662 946 4716 ποτὶ
996 4663 1089 4736 μὲν
1142 4659 1525 4736 ἰσοδυναμοῦσι
1589 4668 1708 4725 ταῖς
1770 4663 1903 4736 μετά

252 4746 654 4826 προδιορισμοῦ
733 4756 977 4827 μερικαῖς
1049 4750 1395 4829 ἀποφάσεσι,
1445 4752 1577 4805 ποτε
1651 4748 1709 4805 δὲ
1782 4756 1899 4812 ταῖς

252 4836 511 4894 καθόλου’
566 4837 655 4894 καί
708 4838 944 4912 μάλιστα
987 4845 1105 4901 ταῖς
1134 4839 1390 4897 καθόλου.
1436 4837 1643 4915 Σχεδὸν
1670 4839 1771 4915 γὰρ
1802 4839 1897 4894 οὐ·

256 4925 365 4989 δεὶς
414 4932 521 4982 τῶν
574 4926 823 4984 παλαιῶν
892 4926 1007 4983 ἀντί
1055 4936 1157 4999 τῆς
1238 4935 1466 5005 μερικῆς
1537 4926 1901 5003 διωρισμένης

253 5016 577 5095 ἀποφάσεως
649 5021 718 5092 τῇ
792 5014 1087 5094 ἀδιορίστῳ
1163 5017 1513 5093 χρησάμενος
1588 5016 1829 5095 φαίνεται
1882 5060 1894 5073 .

252 5110 444 5179 ’Ὀμως
526 5112 644 5169 ταῖς
745 5103 1025 5185 διαφόροις
1118 5106 1562 5184 ἀποφαινομένων
1669 5105 1898 5171 ἐννοίαις

252 5193 542 5251 ἀκολουθεῖ
569 5194 661 5250 καὶ
690 5197 726 5266 ἡ
762 5196 839 5269 μὴ
870 5192 1202 5270 διωρισμένη
1235 5195 1520 5273 ἀπόφασις.

324 5286 388 5349 ς’.
443 5287 596 5349 Ὅθεν
653 5284 741 5339 ἐπὶ
795 5291 895 5354 τῆς
950 5282 1316 5360 ἐνδεχομένης
1372 5282 1533 5356 ὕλης,
1592 5282 1610 5337 ἔ

256 5373 473 5452 μερικαὶ
548 5371 1038 5450 προσδιωρισμέναι
1116 5371 1570 5444 συναληθεύουσιν
1630 5418 1644 5444 ,

254 5462 512 5536 δηλονότι
541 5463 691 5534 καὶὴ
724 5462 787 5518 οὐ
833 5469 958 5525 π’ᾶς·
1008 5461 1096 5517 ἐπὶ
1141 5461 1344 5532 ταύτης
1388 5462 1478 5517 καὶ
1528 5462 1584 5516 αἱ
1631 5462 1707 5534 μὴ
1733 5480 1899 5538 προσ-

254 5552 606 5630 διωρισμέναι
662 5550 1125 5623 συναληθεύουσι,
1177 5551 1268 5606 καὶ
1325 5550 1489 5606 πάλιν
1540 5550 1899 5628 ἀντιφατικῶς

257 5642 668 5699 ἀντικείσονται.

335 5735 395 5802 ζ’.
455 5733 520 5790 Ἠ
583 5732 677 5805 μὲν
734 5728 827 5785 οὖν
883 5726 1187 5805 ἅδιόριστος
1238 5731 1530 5809 κατάφασις
1588 5727 1895 5801 ἰσοδυναμει

2007 3958 2163 4028 jecta
2219 3956 2439 4011 habent
2496 3960 2554 4010 et
2612 3953 2739 4009 sine
2798 3952 3187 4025 praedeﬁtione
3239 3957 3340 4007 aut
3413 3951 3658 4009 articulo

2014 4048 2440 4118 proponuntur,
2472 4042 2918 4114 imprsediﬁnitze
2966 4046 3070 4096 aut
3097 4040 3420 4099 indeﬁnito:
3447 4058 3658 4097 vocan-

2012 4140 2142 4203 tur;
2175 4132 2334 4189 velut
2362 4132 2674 4206 Ἀνθρωπος
2712 4130 2932 4202 (homo)
2981 4129 3247 4185 ambulat
3294 4147 3308 4186 :
3361 4129 3655 4205 Ανθρωπος

2012 4222 2228 4295 (homo)
2262 4238 2377 4277 non
2409 4220 2692 4277 ambulat.

2083 4311 2137 4365 4.
2168 4314 2346 4365 Porro
2386 4309 2495 4365 has
2541 4307 2823 4365 Aristoles
2864 4306 3241 4380 praedeﬁnitis
3287 4306 3656 4378 particulari-

2011 4400 2124 4455 bus
2154 4397 2524 4471 aequipollere
2555 4398 2654 4454 ait.

2081 4489 2136 4546 5.
2162 4488 2573 4543 Verumtamen
2598 4486 3017 4542 afﬁrmationes
3038 4484 3180 4540 citra
3201 4483 3655 4540 controversiam

2012 4578 2269 4632 definitis
2281 4575 2734 4649 particularibus
2748 4576 2844 4630 afﬁ
2853 4574 3242 4629 rmationibus
3258 4571 3652 4645 aequipollent.

2011 4665 2362 4737 Negationes
2390 4681 2545 4729 vero,
2579 4663 2724 4719 alias
2754 4680 2887 4718 cum
2922 4660 3377 4735 prmdeﬁnitione
3404 4660 3656 4732 particu-

2010 4753 2235 4810 laribus
2258 4752 2686 4824 negationibus,
2711 4751 2856 4808 alias
2878 4749 3307 4806 universalibus
3327 4753 3385 4804 et
3403 4749 3655 4805 maxime

2011 4841 2439 4898 universalibus
2486 4841 2900 4913 (aequipollent.
2959 4839 3140 4895 Nemo
3190 4837 3346 4894 enim
3404 4838 3523 4894 fere
3584 4853 3655 4895 ex

2008 4932 2301 4987 veteribus
2332 4947 2436 5003 pro
2467 4928 2808 5002 particulari
2859 4928 3100 4984 deﬁnita
3146 4927 3454 4999 negatione
3506 4943 3653 4983 usus

2009 5037 2137 5077 esse
2163 5019 2391 5076 videtur
2417 5018 2744 5074 indeﬁnita.
2779 5016 3178 5072 Nihilominus
3213 5020 3406 5071 tamen
3437 5015 3509 5070 ad
3540 5015 3650 5071 dif-

2008 5111 2256 5166 ferentes
2286 5107 2723 5164 enuntiantium
2755 5106 3022 5162 notiones
3071 5104 3450 5176 consequitur
3496 5105 3652 5162 296

2007 5197 2183 5255 etiam
2218 5214 2332 5253 non
2364 5196 2604 5251 deﬁnita
2633 5195 2760 5268 (seu
2790 5194 3117 5266 indeﬁnite)
3147 5193 3398 5267 negatio.

2073 5286 2127 5340 6.
2162 5285 2325 5341 Unde
2348 5284 2407 5339 in
2440 5283 2809 5355 contingente
2842 5282 3088 5339 materia
3134 5282 3194 5337 in
3248 5298 3366 5353 qua
3396 5280 3652 5353 particu-

2006 5374 2159 5430 lares
2208 5372 2579 5446 praedeﬁnitse
2628 5370 2807 5427 simul
2854 5387 3055 5427 verum
3102 5370 3324 5438 dicunt,
3355 5371 3391 5439 ἡ
3438 5368 3653 5440 aliquis

2007 5462 2229 5519 scilicet
2256 5467 2314 5518 et
2340 5464 2376 5531 ἠ
2412 5479 2527 5517 non
2559 5461 2752 5517 omnis
2785 5477 2797 5515 :
2831 5460 2889 5515 in
2931 5461 3039 5516 hac
3069 5460 3246 5516 etiam
3277 5476 3392 5516 non
3432 5458 3653 5532 praede-

2007 5552 2184 5608 ﬁnitin
2214 5551 2393 5608 simul
2420 5567 2622 5606 verum
2655 5550 2842 5618 aiunt,
2873 5554 2929 5605 et
2957 5567 3165 5606 rursus
3207 5545 3654 5605 contradictoris

2006 5644 2403 5714 opponuntur.
3003 5634 3011 5639 ’

2077 5730 2473 5786 7.1ndeﬁnita
2514 5729 2695 5802 igitur
2740 5729 3051 5786 afﬁrmatio
3100 5728 3225 5785 sine
3267 5723 3651 5797 ambiguitate
