  <div class='ocr_page' id='page_1' title='image "/cluster/home/n/w/nwhite01/storage/ocr_20150623/142/mdp.39015078384792/467.png"; bbox 0 0 4108 6440; ppageno 0'>
   <div class='ocr_carea' id='block_1_1' title="bbox 402 409 520 471">
    <p class='ocr_par' dir='ltr' id='par_1_1' title="bbox 402 409 520 471">
     <span class='ocr_line' id='line_1_1' title="bbox 402 409 520 471; baseline -0.008 0"><span class='ocrx_word' id='word_1_1' title='bbox 402 409 520 471; x_wconf 78' lang='grc'>919</span> 
     </span>
    </p>
   </div>
   <div class='ocr_carea' id='block_1_2' title="bbox 1649 400 2559 468">
    <p class='ocr_par' dir='ltr' id='par_1_2' title="bbox 1649 400 2559 468">
     <span class='ocr_line' id='line_1_2' title="bbox 1649 400 2559 468; baseline -0.003 -2"><span class='ocrx_word' id='word_1_2' title='bbox 1649 404 2078 468; x_wconf 80' lang='lat' dir='ltr'><strong>NICEPBORI</strong></span> <span class='ocrx_word' id='word_1_3' title='bbox 2119 400 2559 465; x_wconf 65' lang='lat' dir='ltr'><strong>BLEMMIDJE</strong></span> 
     </span>
    </p>
   </div>
   <div class='ocr_carea' id='block_1_3' title="bbox 404 522 2072 611">
    <p class='ocr_par' dir='ltr' id='par_1_3' title="bbox 404 534 2048 611">
     <span class='ocr_line' id='line_1_3' title="bbox 404 534 2048 611; baseline -0.004 -15"><span class='ocrx_word' id='word_1_4' title='bbox 404 538 656 597; x_wconf 66' lang='lat' dir='ltr'><strong>deﬁnitae</strong></span> <span class='ocrx_word' id='word_1_5' title='bbox 714 537 1052 611; x_wconf 88' lang='lat' dir='ltr'><strong>particulari</strong></span> <span class='ocrx_word' id='word_1_6' title='bbox 1112 538 1425 594; x_wconf 80' lang='lat' dir='ltr'><strong>afﬁrmatio</strong></span> <span class='ocrx_word' id='word_1_7' title='bbox 1481 537 1830 610; x_wconf 67' lang='lat' dir='ltr'><strong>equivalet:</strong></span> <span class='ocrx_word' id='word_1_8' title='bbox 1889 534 2048 592; x_wconf 89' lang='lat' dir='ltr'><strong>velut</strong></span> 
     </span>
    </p>
   </div>
   <div class='ocr_carea' id='block_1_4' title="bbox 2188 522 3811 611">
    <p class='ocr_par' dir='ltr' id='par_1_4' title="bbox 2188 522 3811 607">
     <span class='ocr_line' id='line_1_4' title="bbox 2188 522 3811 607; baseline -0.01 -17"><span class='ocrx_word' id='word_1_9' title='bbox 2188 536 2227 606; x_wconf 73' lang='grc' dir='ltr'>ᾖ</span> <span class='ocrx_word' id='word_1_10' title='bbox 2276 528 2604 606; x_wconf 63' lang='grc' dir='ltr'>διωρισμένη</span> <span class='ocrx_word' id='word_1_11' title='bbox 2653 533 2850 605; x_wconf 81' lang='grc' dir='ltr'>μερικῇ</span> <span class='ocrx_word' id='word_1_12' title='bbox 2897 528 3188 607; x_wconf 73' lang='grc' dir='ltr'>καταφάσει</span> <span class='ocrx_word' id='word_1_13' title='bbox 3220 527 3397 604; x_wconf 81' lang='grc' dir='ltr'>χωρὶς</span> <span class='ocrx_word' id='word_1_14' title='bbox 3443 522 3811 607; x_wconf 65' lang='grc' dir='ltr'><strong>ἀμφιϐολίαις⁹</strong></span> 
     </span>
    </p>
   </div>
   <div class='ocr_carea' id='block_1_5' title="bbox 403 626 2049 700">
    <p class='ocr_par' dir='ltr' id='par_1_5' title="bbox 403 626 2049 700">
     <span class='ocr_line' id='line_1_5' title="bbox 403 626 2049 700; baseline -0.003 -15"><span class='ocrx_word' id='word_1_15' title='bbox 403 630 547 697; x_wconf 60' lang='lat' dir='ltr'><strong>haec,</strong></span> <span class='ocrx_word' id='word_1_16' title='bbox 581 629 765 684; x_wconf 87' lang='lat' dir='ltr'><strong>Homo</strong></span> <span class='ocrx_word' id='word_1_17' title='bbox 796 632 885 685; x_wconf 89' lang='lat' dir='ltr'><strong>est</strong></span> <span class='ocrx_word' id='word_1_18' title='bbox 904 630 1130 700; x_wconf 88' lang='lat' dir='ltr'><strong>justus,</strong></span> <span class='ocrx_word' id='word_1_19' title='bbox 1164 628 1319 693; x_wconf 86' lang='lat' dir='ltr'><strong>huic,</strong></span> <span class='ocrx_word' id='word_1_20' title='bbox 1350 626 1578 699; x_wconf 80' lang='lat' dir='ltr'><strong>Aliquis</strong></span> <span class='ocrx_word' id='word_1_21' title='bbox 1610 627 1782 682; x_wconf 89' lang='lat' dir='ltr'><strong>homo</strong></span> <span class='ocrx_word' id='word_1_22' title='bbox 1814 631 1905 683; x_wconf 87' lang='lat' dir='ltr'><strong>est</strong></span> <span class='ocrx_word' id='word_1_23' title='bbox 1924 628 2049 698; x_wconf 85' lang='lat' dir='ltr'><strong>jus-</strong></span> 
     </span>
    </p>
   </div>
   <div class='ocr_carea' id='block_1_6' title="bbox 402 724 521 774">
    <p class='ocr_par' dir='ltr' id='par_1_6' title="bbox 402 724 521 774">
     <span class='ocr_line' id='line_1_6' title="bbox 402 724 521 774; baseline -0.008 0"><span class='ocrx_word' id='word_1_24' title='bbox 402 724 521 774; x_wconf 85' lang='lat' dir='ltr'><strong>tus.</strong></span> 
     </span>
    </p>
   </div>
   <div class='ocr_carea' id='block_1_7' title="bbox 472 803 2052 877">
    <p class='ocr_par' dir='ltr' id='par_1_7' title="bbox 472 803 2052 877">
     <span class='ocr_line' id='line_1_7' title="bbox 472 803 2052 877; baseline -0.002 -15"><span class='ocrx_word' id='word_1_25' title='bbox 472 808 525 862; x_wconf 91' lang='lat'><strong>8.</strong></span> <span class='ocrx_word' id='word_1_26' title='bbox 560 805 1071 870; x_wconf 83' lang='lat' dir='ltr'><strong>Quemadmodum</strong></span> <span class='ocrx_word' id='word_1_27' title='bbox 1123 820 1259 877; x_wconf 90' lang='lat' dir='ltr'><strong>ergo</strong></span> <span class='ocrx_word' id='word_1_28' title='bbox 1311 804 1371 860; x_wconf 91' lang='lat' dir='ltr'><strong>in</strong></span> <span class='ocrx_word' id='word_1_29' title='bbox 1422 805 1666 861; x_wconf 91' lang='lat' dir='ltr'><strong>deﬁnita</strong></span> <span class='ocrx_word' id='word_1_30' title='bbox 1711 803 2052 877; x_wconf 89' lang='lat' dir='ltr'><strong>particulari</strong></span> 
     </span>
    </p>
   </div>
   <div class='ocr_carea' id='block_1_8' title="bbox 404 894 2051 967">
    <p class='ocr_par' dir='ltr' id='par_1_8' title="bbox 404 894 2051 967">
     <span class='ocr_line' id='line_1_8' title="bbox 404 894 2051 967; baseline -0.001 -16"><span class='ocrx_word' id='word_1_31' title='bbox 404 895 815 961; x_wconf 82' lang='lat' dir='ltr'><strong>affirmatione,</strong></span> <span class='ocrx_word' id='word_1_32' title='bbox 849 894 1142 966; x_wconf 85' lang='lat' dir='ltr'><strong>siquidem</strong></span> <span class='ocrx_word' id='word_1_33' title='bbox 1174 894 1364 965; x_wconf 90' lang='lat' dir='ltr'><strong>posita</strong></span> <span class='ocrx_word' id='word_1_34' title='bbox 1395 894 1569 950; x_wconf 73' lang='lat' dir='ltr'><strong>fuerit</strong></span> <span class='ocrx_word' id='word_1_35' title='bbox 1616 894 1904 967; x_wconf 88' lang='lat' dir='ltr'><strong>particula</strong></span> <span class='ocrx_word' id='word_1_36' title='bbox 1953 910 2051 949; x_wconf 90' lang='lat' dir='ltr'><strong>ne-</strong></span> 
     </span>
    </p>
   </div>
   <div class='ocr_carea' id='block_1_9' title="bbox 404 982 2053 1058">
    <p class='ocr_par' dir='ltr' id='par_1_9' title="bbox 404 982 2053 1058">
     <span class='ocr_line' id='line_1_9' title="bbox 404 982 2053 1058; baseline -0.001 -19"><span class='ocrx_word' id='word_1_37' title='bbox 404 984 621 1058; x_wconf 88' lang='lat' dir='ltr'><strong>gativa,</strong></span> <span class='ocrx_word' id='word_1_38' title='bbox 655 983 800 1040; x_wconf 91' lang='lat' dir='ltr'><strong>alias</strong></span> <span class='ocrx_word' id='word_1_39' title='bbox 840 982 1252 1055; x_wconf 89' lang='lat' dir='ltr'><strong>particularem</strong></span> <span class='ocrx_word' id='word_1_40' title='bbox 1302 983 1692 1056; x_wconf 79' lang='lat' dir='ltr'><strong>negationem,</strong></span> <span class='ocrx_word' id='word_1_41' title='bbox 1726 983 1872 1039; x_wconf 90' lang='lat' dir='ltr'><strong>alias</strong></span> <span class='ocrx_word' id='word_1_42' title='bbox 1923 983 2053 1037; x_wconf 87' lang='lat' dir='ltr'><strong>uni-</strong></span> 
     </span>
    </p>
   </div>
   <div class='ocr_carea' id='block_1_10' title="bbox 403 1070 2054 1143">
    <p class='ocr_par' dir='ltr' id='par_1_10' title="bbox 403 1070 2054 1143">
     <span class='ocr_line' id='line_1_10' title="bbox 403 1070 2054 1143; baseline -0.002 -15"><span class='ocrx_word' id='word_1_43' title='bbox 403 1072 689 1129; x_wconf 84' lang='lat' dir='ltr'><strong>versalem</strong></span> <span class='ocrx_word' id='word_1_44' title='bbox 720 1071 898 1127; x_wconf 81' lang='lat' dir='ltr'><strong>efﬁcit</strong></span> <span class='ocrx_word' id='word_1_45' title='bbox 930 1090 943 1128; x_wconf 92' lang='lat'><strong>:</strong></span> <span class='ocrx_word' id='word_1_46' title='bbox 978 1070 1153 1127; x_wconf 91' lang='lat' dir='ltr'><strong>veluti</strong></span> <span class='ocrx_word' id='word_1_47' title='bbox 1183 1088 1317 1127; x_wconf 92' lang='lat' dir='ltr'><strong>cum</strong></span> <span class='ocrx_word' id='word_1_48' title='bbox 1349 1072 1457 1127; x_wconf 88' lang='lat' dir='ltr'><strong>hoc</strong></span> <span class='ocrx_word' id='word_1_49' title='bbox 1489 1072 1904 1143; x_wconf 89' lang='lat' dir='ltr'><strong>audiverimus,</strong></span> <span class='ocrx_word' id='word_1_50' title='bbox 1937 1071 2054 1127; x_wconf 86' lang='lat' dir='ltr'><strong>Ali-</strong></span> 
     </span>
    </p>
   </div>
   <div class='ocr_carea' id='block_1_11' title="bbox 406 1160 2055 1236">
    <p class='ocr_par' dir='ltr' id='par_1_11' title="bbox 406 1160 2055 1236">
     <span class='ocr_line' id='line_1_11' title="bbox 406 1160 2055 1236; baseline -0.001 -19"><span class='ocrx_word' id='word_1_51' title='bbox 406 1162 540 1236; x_wconf 84' lang='lat' dir='ltr'><strong>quis</strong></span> <span class='ocrx_word' id='word_1_52' title='bbox 570 1161 746 1216; x_wconf 91' lang='lat' dir='ltr'><strong>homo</strong></span> <span class='ocrx_word' id='word_1_53' title='bbox 774 1178 889 1216; x_wconf 91' lang='lat' dir='ltr'><strong>non</strong></span> <span class='ocrx_word' id='word_1_54' title='bbox 921 1164 1009 1216; x_wconf 87' lang='lat' dir='ltr'><strong>est</strong></span> <span class='ocrx_word' id='word_1_55' title='bbox 1030 1162 1254 1232; x_wconf 86' lang='lat' dir='ltr'><strong>justus,</strong></span> <span class='ocrx_word' id='word_1_56' title='bbox 1287 1161 1581 1232; x_wconf 87' lang='lat' dir='ltr'><strong>siquidem</strong></span> <span class='ocrx_word' id='word_1_57' title='bbox 1628 1160 1877 1234; x_wconf 79' lang='lat' dir='ltr'><strong>negandi</strong></span> <span class='ocrx_word' id='word_1_58' title='bbox 1924 1177 2055 1233; x_wconf 89' lang='lat' dir='ltr'><strong>par-</strong></span> 
     </span>
    </p>
   </div>
   <div class='ocr_carea' id='block_1_12' title="bbox 330 1249 2057 1321">
    <p class='ocr_par' dir='ltr' id='par_1_12' title="bbox 330 1249 2057 1321">
     <span class='ocr_line' id='line_1_12' title="bbox 330 1249 2057 1321; baseline -0.002 -14"><span class='ocrx_word' id='word_1_59' title='bbox 330 1310 337 1317; x_wconf 90' lang='lat'>_</span> <span class='ocrx_word' id='word_1_60' title='bbox 406 1250 650 1307; x_wconf 89' lang='lat' dir='ltr'><strong>ticulam</strong></span> <span class='ocrx_word' id='word_1_61' title='bbox 699 1250 768 1304; x_wconf 91' lang='lat' dir='ltr'><strong>ad</strong></span> <span class='ocrx_word' id='word_1_62' title='bbox 818 1249 880 1302; x_wconf 86' lang='grc' dir='ltr'>τὸ</span> <span class='ocrx_word' id='word_1_63' title='bbox 932 1249 1148 1321; x_wconf 76' lang='lat' dir='ltr'><strong>aliquis</strong></span> <span class='ocrx_word' id='word_1_64' title='bbox 1193 1249 1682 1315; x_wconf 84' lang='lat' dir='ltr'><strong>exaudiverimus,</strong></span> <span class='ocrx_word' id='word_1_65' title='bbox 1710 1250 1863 1304; x_wconf 90' lang='lat' dir='ltr'><strong>idem</strong></span> <span class='ocrx_word' id='word_1_66' title='bbox 1920 1249 2057 1304; x_wconf 86' lang='lat' dir='ltr'><strong>huic</strong></span> 
     </span>
    </p>
   </div>
   <div class='ocr_carea' id='block_1_13' title="bbox 408 1338 2056 1413">
    <p class='ocr_par' dir='ltr' id='par_1_13' title="bbox 408 1338 2056 1413">
     <span class='ocr_line' id='line_1_13' title="bbox 408 1338 2056 1413; baseline -0.001 -18"><span class='ocrx_word' id='word_1_67' title='bbox 408 1340 742 1413; x_wconf 89' lang='lat' dir='ltr'><strong>signiﬁcare</strong></span> <span class='ocrx_word' id='word_1_68' title='bbox 773 1342 1052 1410; x_wconf 82' lang='lat' dir='ltr'><strong>putamus</strong></span> <span class='ocrx_word' id='word_1_69' title='bbox 1078 1356 1090 1394; x_wconf 93' lang='lat'><strong>:</strong></span> <span class='ocrx_word' id='word_1_70' title='bbox 1115 1355 1230 1394; x_wconf 92' lang='lat' dir='ltr'><strong>non</strong></span> <span class='ocrx_word' id='word_1_71' title='bbox 1263 1338 1495 1410; x_wconf 84' lang='lat' dir='ltr'><strong>aliquis,</strong></span> <span class='ocrx_word' id='word_1_72' title='bbox 1520 1340 1640 1395; x_wconf 89' lang='lat' dir='ltr'><strong>sive</strong></span> <span class='ocrx_word' id='word_1_73' title='bbox 1661 1338 1882 1405; x_wconf 89' lang='lat' dir='ltr'><strong>nullus,</strong></span> <span class='ocrx_word' id='word_1_74' title='bbox 1904 1339 2056 1409; x_wconf 93' lang='lat' dir='ltr'><strong>quod</strong></span> 
     </span>
    </p>
   </div>
   <div class='ocr_carea' id='block_1_14' title="bbox 410 1426 2060 1499">
    <p class='ocr_par' dir='ltr' id='par_1_14' title="bbox 410 1426 2060 1499">
     <span class='ocr_line' id='line_1_14' title="bbox 410 1426 2060 1499; baseline -0.001 -15"><span class='ocrx_word' id='word_1_75' title='bbox 410 1428 782 1484; x_wconf 84' lang='lat' dir='ltr'><strong>manifestius</strong></span> <span class='ocrx_word' id='word_1_76' title='bbox 832 1431 1092 1499; x_wconf 81' lang='lat' dir='ltr'><strong>apparet,</strong></span> <span class='ocrx_word' id='word_1_77' title='bbox 1127 1428 1173 1482; x_wconf 86' lang='lat' dir='ltr'><strong>si</strong></span> <span class='ocrx_word' id='word_1_78' title='bbox 1220 1426 1304 1499; x_wconf 86' lang='grc' dir='ltr'>τὸ,</span> <span class='ocrx_word' id='word_1_79' title='bbox 1355 1428 1480 1482; x_wconf 92' lang='lat' dir='ltr'><strong>Non</strong></span> <span class='ocrx_word' id='word_1_80' title='bbox 1529 1431 1619 1482; x_wconf 90' lang='lat' dir='ltr'><strong>est</strong></span> <span class='ocrx_word' id='word_1_81' title='bbox 1666 1432 1799 1482; x_wconf 86' lang='lat' dir='ltr'><strong>ante</strong></span> <span class='ocrx_word' id='word_1_82' title='bbox 1845 1426 2060 1498; x_wconf 88' lang='lat' dir='ltr'><strong>aliquis</strong></span> 
     </span>
    </p>
   </div>
   <div class='ocr_carea' id='block_1_15' title="bbox 408 1515 2059 1589">
    <p class='ocr_par' dir='ltr' id='par_1_15' title="bbox 408 1515 2059 1589">
     <span class='ocr_line' id='line_1_15' title="bbox 408 1515 2059 1589; baseline -0.002 -15"><span class='ocrx_word' id='word_1_83' title='bbox 408 1519 584 1574; x_wconf 88' lang='lat' dir='ltr'><strong>fuerit</strong></span> <span class='ocrx_word' id='word_1_84' title='bbox 613 1518 870 1589; x_wconf 90' lang='lat' dir='ltr'><strong>positum</strong></span> <span class='ocrx_word' id='word_1_85' title='bbox 904 1516 1122 1572; x_wconf 89' lang='lat' dir='ltr'><strong>:veluti</strong></span> <span class='ocrx_word' id='word_1_86' title='bbox 1154 1516 1263 1572; x_wconf 88' lang='lat' dir='ltr'><strong>hoc</strong></span> <span class='ocrx_word' id='word_1_87' title='bbox 1314 1533 1431 1571; x_wconf 91' lang='lat' dir='ltr'><strong>non</strong></span> <span class='ocrx_word' id='word_1_88' title='bbox 1483 1521 1573 1572; x_wconf 91' lang='lat' dir='ltr'><strong>est</strong></span> <span class='ocrx_word' id='word_1_89' title='bbox 1617 1515 1835 1588; x_wconf 90' lang='lat' dir='ltr'><strong>aliquis</strong></span> <span class='ocrx_word' id='word_1_90' title='bbox 1883 1515 2059 1572; x_wconf 92' lang='lat' dir='ltr'><strong>homo</strong></span> 
     </span>
    </p>
   </div>
   <div class='ocr_carea' id='block_1_16' title="bbox 411 1604 2062 1677">
    <p class='ocr_par' dir='ltr' id='par_1_16' title="bbox 411 1604 2062 1677">
     <span class='ocr_line' id='line_1_16' title="bbox 411 1604 2062 1677; baseline -0.001 -16"><span class='ocrx_word' id='word_1_91' title='bbox 411 1605 765 1662; x_wconf 87' lang='lat' dir='ltr'><strong>immortalis</strong></span> <span class='ocrx_word' id='word_1_92' title='bbox 789 1623 802 1674; x_wconf 90' lang='lat'><strong>;</strong></span> <span class='ocrx_word' id='word_1_93' title='bbox 836 1605 927 1661; x_wconf 92' lang='lat' dir='ltr'><strong>sin</strong></span> <span class='ocrx_word' id='word_1_94' title='bbox 949 1610 1148 1660; x_wconf 88' lang='lat' dir='ltr'><strong>autem</strong></span> <span class='ocrx_word' id='word_1_95' title='bbox 1171 1605 1424 1677; x_wconf 80' lang='lat' dir='ltr'><strong>negandi</strong></span> <span class='ocrx_word' id='word_1_96' title='bbox 1449 1604 1796 1677; x_wconf 86' lang='lat' dir='ltr'><strong>particulam</strong></span> <span class='ocrx_word' id='word_1_97' title='bbox 1825 1606 1895 1660; x_wconf 92' lang='lat' dir='ltr'><strong>ad</strong></span> <span class='ocrx_word' id='word_1_98' title='bbox 1923 1623 2062 1677; x_wconf 77' lang='lat' dir='ltr'><strong>prae-</strong></span> 
     </span>
    </p>
   </div>
   <div class='ocr_carea' id='block_1_17' title="bbox 412 1692 2062 1767">
    <p class='ocr_par' dir='ltr' id='par_1_17' title="bbox 412 1692 2062 1767">
     <span class='ocr_line' id='line_1_17' title="bbox 412 1692 2062 1767; baseline -0.001 -16"><span class='ocrx_word' id='word_1_99' title='bbox 412 1696 669 1751; x_wconf 83' lang='lat' dir='ltr'><strong>dicatum</strong></span> <span class='ocrx_word' id='word_1_100' title='bbox 701 1692 1193 1764; x_wconf 81' lang='lat' dir='ltr'><strong>exaudiverimus,</strong></span> <span class='ocrx_word' id='word_1_101' title='bbox 1228 1694 1382 1749; x_wconf 85' lang='lat' dir='ltr'><strong>idem</strong></span> <span class='ocrx_word' id='word_1_102' title='bbox 1421 1695 1753 1767; x_wconf 89' lang='lat' dir='ltr'><strong>signiﬁcare</strong></span> <span class='ocrx_word' id='word_1_103' title='bbox 1783 1700 2062 1767; x_wconf 89' lang='lat' dir='ltr'><strong>putamus</strong></span> 
     </span>
    </p>
   </div>
   <div class='ocr_carea' id='block_1_18' title="bbox 412 1782 2061 1857">
    <p class='ocr_par' dir='ltr' id='par_1_18' title="bbox 412 1782 2061 1857">
     <span class='ocr_line' id='line_1_18' title="bbox 412 1782 2061 1857; baseline -0.001 -18"><span class='ocrx_word' id='word_1_104' title='bbox 412 1800 547 1840; x_wconf 90' lang='lat' dir='ltr'><strong>cum</strong></span> <span class='ocrx_word' id='word_1_105' title='bbox 608 1783 760 1857; x_wconf 89' lang='lat' dir='ltr'><strong>quod</strong></span> <span class='ocrx_word' id='word_1_106' title='bbox 821 1787 930 1851; x_wconf 91' lang='lat' dir='ltr'><strong>est,</strong></span> <span class='ocrx_word' id='word_1_107' title='bbox 973 1799 1087 1837; x_wconf 90' lang='lat' dir='ltr'><strong>non</strong></span> <span class='ocrx_word' id='word_1_108' title='bbox 1137 1782 1354 1850; x_wconf 88' lang='lat' dir='ltr'><strong>omnis,</strong></span> <span class='ocrx_word' id='word_1_109' title='bbox 1387 1782 1497 1838; x_wconf 88' lang='lat' dir='ltr'><strong>hoc</strong></span> <span class='ocrx_word' id='word_1_110' title='bbox 1554 1787 1662 1851; x_wconf 90' lang='lat' dir='ltr'><strong>est,</strong></span> <span class='ocrx_word' id='word_1_111' title='bbox 1696 1800 1810 1838; x_wconf 92' lang='lat' dir='ltr'><strong>non</strong></span> <span class='ocrx_word' id='word_1_112' title='bbox 1868 1783 2061 1839; x_wconf 88' lang='lat' dir='ltr'><strong>omnis</strong></span> 
     </span>
    </p>
   </div>
   <div class='ocr_carea' id='block_1_19' title="bbox 3613 622 3643 634">
    <p class='ocr_par' dir='ltr' id='par_1_19' title="bbox 3613 622 3643 634">
     <span class='ocr_line' id='line_1_19' title="bbox 3613 622 3643 634; baseline 0 0"><span class='ocrx_word' id='word_1_113' title='bbox 3613 622 3643 634; x_wconf 65' lang='grc' dir='ltr'><strong><em>ο</em></strong></span> 
     </span>
    </p>
   </div>
   <div class='ocr_carea' id='block_1_20' title="bbox 2159 615 3815 696">
    <p class='ocr_par' dir='ltr' id='par_1_20' title="bbox 2159 615 3815 696">
     <span class='ocr_line' id='line_1_20' title="bbox 2159 615 3815 696; baseline -0.001 -21"><span class='ocrx_word' id='word_1_114' title='bbox 2159 623 2233 682; x_wconf 82' lang='grc' dir='ltr'>ὡς</span> <span class='ocrx_word' id='word_1_115' title='bbox 2265 619 2496 696; x_wconf 80' lang='grc' dir='ltr'>εἷ’ρηται·</span> <span class='ocrx_word' id='word_1_116' title='bbox 2529 622 2642 675; x_wconf 76' lang='grc' dir='ltr'>οἷον</span> <span class='ocrx_word' id='word_1_117' title='bbox 2674 623 2733 690; x_wconf 75' lang='grc' dir='ltr'>ἡ,</span> <span class='ocrx_word' id='word_1_118' title='bbox 2782 620 3104 695; x_wconf 68' lang='grc' dir='ltr'>’Ἄνθρωπος</span> <span class='ocrx_word' id='word_1_119' title='bbox 3142 616 3350 681; x_wconf 76' lang='grc' dir='ltr'>δίκαιός</span> <span class='ocrx_word' id='word_1_120' title='bbox 3401 615 3536 689; x_wconf 69' lang='grc' dir='ltr'>ἐστι,</span> <span class='ocrx_word' id='word_1_121' title='bbox 3575 622 3666 693; x_wconf 81' lang='grc' dir='ltr'><strong>τῇ,</strong></span> <span class='ocrx_word' id='word_1_122' title='bbox 3718 620 3815 681; x_wconf 80' lang='grc' dir='ltr'>Τὶς</span> 
     </span>
    </p>
   </div>
   <div class='ocr_carea' id='block_1_21' title="bbox 2159 706 2874 786">
    <p class='ocr_par' dir='ltr' id='par_1_21' title="bbox 2159 706 2874 786">
     <span class='ocr_line' id='line_1_21' title="bbox 2159 706 2874 786; baseline -0.001 -22"><span class='ocrx_word' id='word_1_123' title='bbox 2159 707 2443 786; x_wconf 78' lang='grc' dir='ltr'>ἄνθρωπος</span> <span class='ocrx_word' id='word_1_124' title='bbox 2476 706 2682 771; x_wconf 82' lang='grc' dir='ltr'>δίκαιός</span> <span class='ocrx_word' id='word_1_125' title='bbox 2713 708 2874 764; x_wconf 79' lang='grc' dir='ltr'>ἐστιν.</span> 
     </span>
    </p>
   </div>
   <div class='ocr_carea' id='block_1_22' title="bbox 2230 794 3815 874">
    <p class='ocr_par' dir='ltr' id='par_1_22' title="bbox 2230 794 3815 874">
     <span class='ocr_line' id='line_1_22' title="bbox 2230 794 3815 874; baseline -0.001 -21"><span class='ocrx_word' id='word_1_126' title='bbox 2230 800 2302 869; x_wconf 88' lang='grc' dir='ltr'><strong>η’.</strong></span> <span class='ocrx_word' id='word_1_127' title='bbox 2345 802 2548 874; x_wconf 76' lang='grc' dir='ltr'>’Ὠσπερ</span> <span class='ocrx_word' id='word_1_128' title='bbox 2599 797 2689 853; x_wconf 81' lang='grc' dir='ltr'>οὖν</span> <span class='ocrx_word' id='word_1_129' title='bbox 2740 796 2828 853; x_wconf 80' lang='grc' dir='ltr'>ἐπὶ</span> <span class='ocrx_word' id='word_1_130' title='bbox 2874 804 2975 867; x_wconf 78' lang='grc' dir='ltr'><strong>τῆς</strong></span> <span class='ocrx_word' id='word_1_131' title='bbox 3019 794 3385 874; x_wconf 76' lang='grc' dir='ltr'><strong>διωρισμένης</strong></span> <span class='ocrx_word' id='word_1_132' title='bbox 3437 804 3664 874; x_wconf 79' lang='grc' dir='ltr'>μερικῆς</span> <span class='ocrx_word' id='word_1_133' title='bbox 3712 818 3815 852; x_wconf 87' lang='grc' dir='ltr'>κα-</span> 
     </span>
    </p>
   </div>
   <div class='ocr_carea' id='block_1_23' title="bbox 2159 884 3814 966">
    <p class='ocr_par' dir='ltr' id='par_1_23' title="bbox 2159 884 3814 966">
     <span class='ocr_line' id='line_1_23' title="bbox 2159 884 3814 966; baseline -0.002 -22"><span class='ocrx_word' id='word_1_134' title='bbox 2159 888 2457 966; x_wconf 85' lang='grc' dir='ltr'>ταφάσεως,</span> <span class='ocrx_word' id='word_1_135' title='bbox 2492 884 2545 943; x_wconf 81' lang='grc' dir='ltr'><strong>εἷ’</strong></span> <span class='ocrx_word' id='word_1_136' title='bbox 2566 909 2626 964; x_wconf 90' lang='grc' dir='ltr'><strong>γε</strong></span> <span class='ocrx_word' id='word_1_137' title='bbox 2666 890 2798 961; x_wconf 78' lang='grc' dir='ltr'>τεθῇ</span> <span class='ocrx_word' id='word_1_138' title='bbox 2844 888 2909 943; x_wconf 83' lang='grc' dir='ltr'>τὸ</span> <span class='ocrx_word' id='word_1_139' title='bbox 2958 886 3247 963; x_wconf 80' lang='grc' dir='ltr'>ἀρνητικὸν</span> <span class='ocrx_word' id='word_1_140' title='bbox 3295 885 3511 962; x_wconf 85' lang='grc' dir='ltr'>μόριον,</span> <span class='ocrx_word' id='word_1_141' title='bbox 3547 889 3684 941; x_wconf 74' lang='grc' dir='ltr'>ποτὲ</span> <span class='ocrx_word' id='word_1_142' title='bbox 3716 890 3814 960; x_wconf 74' lang='grc' dir='ltr'>μὲν</span> 
     </span>
    </p>
   </div>
   <div class='ocr_carea' id='block_1_24' title="bbox 2168 973 3818 1054">
    <p class='ocr_par' dir='ltr' id='par_1_24' title="bbox 2168 973 3818 1054">
     <span class='ocr_line' id='line_1_24' title="bbox 2168 973 3818 1054; baseline 0.001 -23"><span class='ocrx_word' id='word_1_143' title='bbox 2168 979 2395 1053; x_wconf 74' lang='grc' dir='ltr'>μερικὴν</span> <span class='ocrx_word' id='word_1_144' title='bbox 2446 976 2735 1054; x_wconf 86' lang='grc' dir='ltr'>ἀπόφασιν,</span> <span class='ocrx_word' id='word_1_145' title='bbox 2784 977 2916 1031; x_wconf 72' lang='grc' dir='ltr'>ποτὲ</span> <span class='ocrx_word' id='word_1_146' title='bbox 2963 973 3021 1030; x_wconf 70' lang='grc' dir='ltr'>δὲ</span> <span class='ocrx_word' id='word_1_147' title='bbox 3068 973 3304 1030; x_wconf 76' lang='grc' dir='ltr'><strong>καθόλου</strong></span> <span class='ocrx_word' id='word_1_148' title='bbox 3349 980 3516 1030; x_wconf 84' lang='grc' dir='ltr'>ποιεῖ’</span> <span class='ocrx_word' id='word_1_149' title='bbox 3568 977 3688 1030; x_wconf 82' lang='grc' dir='ltr'>οἷον</span> <span class='ocrx_word' id='word_1_150' title='bbox 3726 978 3818 1032; x_wconf 85' lang='grc' dir='ltr'><strong>τὸ.</strong></span> 
     </span>
    </p>
   </div>
   <div class='ocr_carea' id='block_1_25' title="bbox 2161 1060 3819 1142">
    <p class='ocr_par' dir='ltr' id='par_1_25' title="bbox 2161 1060 3819 1142">
     <span class='ocr_line' id='line_1_25' title="bbox 2161 1060 3819 1142; baseline -0.001 -22"><span class='ocrx_word' id='word_1_151' title='bbox 2161 1066 2254 1127; x_wconf 85' lang='grc' dir='ltr'>Τὶς</span> <span class='ocrx_word' id='word_1_152' title='bbox 2302 1064 2580 1142; x_wconf 72' lang='grc' dir='ltr'>ἅνθρωπος</span> <span class='ocrx_word' id='word_1_153' title='bbox 2631 1063 2842 1127; x_wconf 83' lang='grc' dir='ltr'>δίκαιος</span> <span class='ocrx_word' id='word_1_154' title='bbox 2891 1063 2990 1119; x_wconf 82' lang='grc' dir='ltr'><strong>ούκ</strong></span> <span class='ocrx_word' id='word_1_155' title='bbox 3037 1060 3201 1133; x_wconf 83' lang='grc' dir='ltr'>ἔστιν,</span> <span class='ocrx_word' id='word_1_156' title='bbox 3252 1063 3595 1138; x_wconf 76' lang='grc' dir='ltr'>ἀκούσαντες,</span> <span class='ocrx_word' id='word_1_157' title='bbox 3636 1065 3683 1119; x_wconf 71' lang='grc' dir='ltr'>εἰ</span> <span class='ocrx_word' id='word_1_158' title='bbox 3719 1065 3819 1138; x_wconf 76' lang='grc' dir='ltr'>μὶν</span> 
     </span>
    </p>
   </div>
   <div class='ocr_carea' id='block_1_26' title="bbox 2164 1152 3821 1231">
    <p class='ocr_par' dir='ltr' id='par_1_26' title="bbox 2164 1152 3821 1231">
     <span class='ocr_line' id='line_1_26' title="bbox 2164 1152 3821 1231; baseline -0.002 -20"><span class='ocrx_word' id='word_1_159' title='bbox 2164 1157 2301 1231; x_wconf 83' lang='grc' dir='ltr'>πρὸς</span> <span class='ocrx_word' id='word_1_160' title='bbox 2356 1156 2419 1210; x_wconf 82' lang='grc' dir='ltr'>τὸ</span> <span class='ocrx_word' id='word_1_161' title='bbox 2457 1154 2539 1218; x_wconf 73' lang='grc' dir='ltr'><strong>τές</strong></span> <span class='ocrx_word' id='word_1_162' title='bbox 2585 1156 2683 1223; x_wconf 72' lang='grc' dir='ltr'>τὴν</span> <span class='ocrx_word' id='word_1_163' title='bbox 2736 1153 2953 1229; x_wconf 78' lang='grc' dir='ltr'>ἄρνησιν</span> <span class='ocrx_word' id='word_1_164' title='bbox 3000 1152 3404 1227; x_wconf 80' lang='grc' dir='ltr'>έξακούσαιμεν,</span> <span class='ocrx_word' id='word_1_165' title='bbox 3440 1154 3632 1209; x_wconf 83' lang='grc' dir='ltr'>ταυτὸν</span> <span class='ocrx_word' id='word_1_166' title='bbox 3684 1153 3821 1208; x_wconf 79' lang='grc' dir='ltr'>οἰώ-</span> 
     </span>
    </p>
   </div>
   <div class='ocr_carea' id='block_1_27' title="bbox 2171 1240 3823 1321">
    <p class='ocr_par' dir='ltr' id='par_1_27' title="bbox 2171 1240 3823 1321">
     <span class='ocr_line' id='line_1_27' title="bbox 2171 1240 3823 1321; baseline -0.001 -21"><span class='ocrx_word' id='word_1_167' title='bbox 2171 1257 2306 1318; x_wconf 83' lang='grc' dir='ltr'>μεθα</span> <span class='ocrx_word' id='word_1_168' title='bbox 2361 1243 2645 1317; x_wconf 77' lang='grc' dir='ltr'>σημαίνειν</span> <span class='ocrx_word' id='word_1_169' title='bbox 2697 1248 2778 1315; x_wconf 81' lang='grc' dir='ltr'>τῷ</span> <span class='ocrx_word' id='word_1_170' title='bbox 2833 1242 2981 1306; x_wconf 77' lang='grc' dir='ltr'>οὔτις</span> <span class='ocrx_word' id='word_1_171' title='bbox 3042 1240 3213 1298; x_wconf 71' lang='grc' dir='ltr'>εῗτουν</span> <span class='ocrx_word' id='word_1_172' title='bbox 3272 1241 3471 1306; x_wconf 78' lang='grc' dir='ltr'>οὐδείς·</span> <span class='ocrx_word' id='word_1_173' title='bbox 3522 1242 3657 1318; x_wconf 76' lang='grc' dir='ltr'>ὅπερ</span> <span class='ocrx_word' id='word_1_174' title='bbox 3696 1243 3823 1321; x_wconf 76' lang='grc' dir='ltr'>φαί-</span> 
     </span>
    </p>
   </div>
   <div class='ocr_carea' id='block_1_28' title="bbox 2166 1330 3820 1412">
    <p class='ocr_par' dir='ltr' id='par_1_28' title="bbox 2166 1330 3820 1412">
     <span class='ocr_line' id='line_1_28' title="bbox 2166 1330 3820 1412; baseline -0.002 -23"><span class='ocrx_word' id='word_1_175' title='bbox 2166 1355 2305 1389; x_wconf 88' lang='grc' dir='ltr'>νεται</span> <span class='ocrx_word' id='word_1_176' title='bbox 2358 1334 2701 1412; x_wconf 75' lang='grc' dir='ltr'>σαφέστερον,</span> <span class='ocrx_word' id='word_1_177' title='bbox 2754 1332 2799 1387; x_wconf 77' lang='grc' dir='ltr'>εἰ</span> <span class='ocrx_word' id='word_1_178' title='bbox 2844 1333 2907 1387; x_wconf 90' lang='grc' dir='ltr'>τὸ</span> <span class='ocrx_word' id='word_1_179' title='bbox 2956 1331 3066 1386; x_wconf 85' lang='grc' dir='ltr'><strong>Ούκ</strong></span> <span class='ocrx_word' id='word_1_180' title='bbox 3095 1330 3208 1387; x_wconf 82' lang='grc' dir='ltr'>ἔστι</span> <span class='ocrx_word' id='word_1_181' title='bbox 3257 1333 3385 1405; x_wconf 75' lang='grc' dir='ltr'>τεθῇ</span> <span class='ocrx_word' id='word_1_182' title='bbox 3431 1333 3538 1406; x_wconf 84' lang='grc' dir='ltr'><strong>πρὸ</strong></span> <span class='ocrx_word' id='word_1_183' title='bbox 3583 1337 3684 1387; x_wconf 79' lang='grc' dir='ltr'><strong>τοῦ</strong></span> <span class='ocrx_word' id='word_1_184' title='bbox 3713 1332 3820 1395; x_wconf 73' lang='grc' dir='ltr'>τίςο</span> 
     </span>
    </p>
   </div>
   <div class='ocr_carea' id='block_1_29' title="bbox 2167 1418 3822 1498">
    <p class='ocr_par' dir='ltr' id='par_1_29' title="bbox 2167 1418 3822 1498">
     <span class='ocr_line' id='line_1_29' title="bbox 2167 1418 3822 1498; baseline -0.001 -21"><span class='ocrx_word' id='word_1_185' title='bbox 2167 1422 2243 1485; x_wconf 85' lang='grc' dir='ltr'>ὡς</span> <span class='ocrx_word' id='word_1_186' title='bbox 2272 1424 2354 1493; x_wconf 86' lang='grc' dir='ltr'><strong>τὸ,</strong></span> <span class='ocrx_word' id='word_1_187' title='bbox 2389 1422 2499 1476; x_wconf 80' lang='grc' dir='ltr'><strong>Ούκ</strong></span> <span class='ocrx_word' id='word_1_188' title='bbox 2544 1421 2655 1477; x_wconf 81' lang='grc' dir='ltr'>ἔστι</span> <span class='ocrx_word' id='word_1_189' title='bbox 2681 1442 2765 1483; x_wconf 88' lang='grc' dir='ltr'><strong>τις</strong></span> <span class='ocrx_word' id='word_1_190' title='bbox 2816 1419 3096 1497; x_wconf 80' lang='grc' dir='ltr'>ἄνθρωπος</span> <span class='ocrx_word' id='word_1_191' title='bbox 3145 1420 3422 1483; x_wconf 87' lang='grc' dir='ltr'>ἀθάνατος.</span> <span class='ocrx_word' id='word_1_192' title='bbox 3470 1421 3536 1475; x_wconf 80' lang='grc' dir='ltr'><strong>Εἰ</strong></span> <span class='ocrx_word' id='word_1_193' title='bbox 3579 1418 3639 1476; x_wconf 73' lang='grc' dir='ltr'>δὲ</span> <span class='ocrx_word' id='word_1_194' title='bbox 3681 1422 3822 1498; x_wconf 86' lang='grc' dir='ltr'>πρὸς</span> 
     </span>
    </p>
   </div>
   <div class='ocr_carea' id='block_1_30' title="bbox 2164 1507 3823 1587">
    <p class='ocr_par' dir='ltr' id='par_1_30' title="bbox 2164 1507 3823 1587">
     <span class='ocr_line' id='line_1_30' title="bbox 2164 1507 3823 1587; baseline -0.001 -21"><span class='ocrx_word' id='word_1_195' title='bbox 2164 1513 2255 1567; x_wconf 86' lang='grc' dir='ltr'><strong>τὸν</strong></span> <span class='ocrx_word' id='word_1_196' title='bbox 2330 1510 2809 1587; x_wconf 76' lang='grc' dir='ltr'><strong>κατηγορούμενον</strong></span> <span class='ocrx_word' id='word_1_197' title='bbox 2884 1512 2982 1579; x_wconf 74' lang='grc' dir='ltr'>τὴν</span> <span class='ocrx_word' id='word_1_198' title='bbox 3062 1507 3285 1586; x_wconf 73' lang='grc' dir='ltr'>ἄρνησιν</span> <span class='ocrx_word' id='word_1_199' title='bbox 3365 1509 3748 1584; x_wconf 80' lang='grc' dir='ltr'>έξακούσαιμεν</span> <span class='ocrx_word' id='word_1_200' title='bbox 3806 1554 3823 1578; x_wconf 86' lang='grc'><strong>,</strong></span> 
     </span>
    </p>
   </div>
   <div class='ocr_carea' id='block_1_31' title="bbox 2167 1597 3825 1675">
    <p class='ocr_par' dir='ltr' id='par_1_31' title="bbox 2167 1597 3825 1675">
     <span class='ocr_line' id='line_1_31' title="bbox 2167 1597 3825 1675; baseline -0.001 -20"><span class='ocrx_word' id='word_1_201' title='bbox 2167 1602 2357 1655; x_wconf 84' lang='grc' dir='ltr'>ταυτὸν</span> <span class='ocrx_word' id='word_1_202' title='bbox 2413 1601 2658 1674; x_wconf 77' lang='grc' dir='ltr'>οἱώμεθα</span> <span class='ocrx_word' id='word_1_203' title='bbox 2709 1598 2985 1673; x_wconf 77' lang='grc' dir='ltr'>σημαίνειν</span> <span class='ocrx_word' id='word_1_204' title='bbox 3039 1604 3119 1672; x_wconf 83' lang='grc' dir='ltr'><strong>τῷ</strong></span> <span class='ocrx_word' id='word_1_205' title='bbox 3175 1599 3237 1654; x_wconf 83' lang='grc' dir='ltr'>οὐ</span> <span class='ocrx_word' id='word_1_206' title='bbox 3295 1605 3440 1668; x_wconf 80' lang='grc' dir='ltr'>πᾶς,</span> <span class='ocrx_word' id='word_1_207' title='bbox 3497 1597 3696 1675; x_wconf 75' lang='grc' dir='ltr'>ἤγουν,</span> <span class='ocrx_word' id='word_1_208' title='bbox 3755 1600 3825 1654; x_wconf 76' lang='grc' dir='ltr'>οὐ</span> 
     </span>
    </p>
   </div>
   <div class='ocr_carea' id='block_1_32' title="bbox 2168 1685 3827 1765">
    <p class='ocr_par' dir='ltr' id='par_1_32' title="bbox 2168 1685 3827 1765">
     <span class='ocr_line' id='line_1_32' title="bbox 2168 1685 3827 1765; baseline -0.002 -21"><span class='ocrx_word' id='word_1_209' title='bbox 2168 1696 2273 1752; x_wconf 82' lang='grc' dir='ltr'>πᾶς</span> <span class='ocrx_word' id='word_1_210' title='bbox 2332 1686 2617 1765; x_wconf 74' lang='grc' dir='ltr'>ἅνθρωπος</span> <span class='ocrx_word' id='word_1_211' title='bbox 2676 1685 2883 1750; x_wconf 82' lang='grc' dir='ltr'>δίκαιός</span> <span class='ocrx_word' id='word_1_212' title='bbox 2941 1686 3104 1742; x_wconf 77' lang='grc' dir='ltr'>ἐστιν’</span> <span class='ocrx_word' id='word_1_213' title='bbox 3161 1685 3304 1742; x_wconf 70' lang='grc' dir='ltr'>οὕτω</span> <span class='ocrx_word' id='word_1_214' title='bbox 3352 1687 3483 1764; x_wconf 59' lang='grc' dir='ltr'>κάπξ</span> <span class='ocrx_word' id='word_1_215' title='bbox 3529 1695 3631 1758; x_wconf 82' lang='grc' dir='ltr'>τῆς</span> <span class='ocrx_word' id='word_1_216' title='bbox 3673 1685 3827 1742; x_wconf 83' lang='grc' dir='ltr'>ἀδιο-</span> 
     </span>
    </p>
   </div>
   <div class='ocr_carea' id='block_1_33' title="bbox 2172 1775 3825 1856">
    <p class='ocr_par' dir='ltr' id='par_1_33' title="bbox 2172 1775 3825 1856">
     <span class='ocr_line' id='line_1_33' title="bbox 2172 1775 3825 1856; baseline -0.002 -23"><span class='ocrx_word' id='word_1_217' title='bbox 2172 1778 2357 1854; x_wconf 85' lang='grc' dir='ltr'>ρίστου</span> <span class='ocrx_word' id='word_1_218' title='bbox 2414 1777 2736 1856; x_wconf 86' lang='grc' dir='ltr'>ἀποφάσεως</span> <span class='ocrx_word' id='word_1_219' title='bbox 2770 1823 2784 1849; x_wconf 91' lang='grc'><strong>,</strong></span> <span class='ocrx_word' id='word_1_220' title='bbox 2841 1777 2977 1832; x_wconf 89' lang='grc' dir='ltr'><strong>κατά</strong></span> <span class='ocrx_word' id='word_1_221' title='bbox 3030 1777 3131 1846; x_wconf 76' lang='grc' dir='ltr'>τὴν</span> <span class='ocrx_word' id='word_1_222' title='bbox 3185 1781 3293 1831; x_wconf 81' lang='grc' dir='ltr'><strong>τῶν</strong></span> <span class='ocrx_word' id='word_1_223' title='bbox 3365 1775 3825 1855; x_wconf 74' lang='grc' dir='ltr'>ἀποφαινομένων</span> 
     </span>
    </p>
   </div>
   <div class='ocr_carea' id='block_1_34' title="bbox 412 1862 2072 1971">
    <p class='ocr_par' dir='ltr' id='par_1_34' title="bbox 412 1870 2061 1942">
     <span class='ocr_line' id='line_1_34' title="bbox 412 1870 2061 1942; baseline 0 -15"><span class='ocrx_word' id='word_1_224' title='bbox 412 1872 587 1927; x_wconf 89' lang='lat' dir='ltr'><strong>homo</strong></span> <span class='ocrx_word' id='word_1_225' title='bbox 617 1876 707 1927; x_wconf 90' lang='lat' dir='ltr'><strong>est</strong></span> <span class='ocrx_word' id='word_1_226' title='bbox 728 1873 973 1942; x_wconf 89' lang='lat' dir='ltr'><strong>justus:</strong></span> <span class='ocrx_word' id='word_1_227' title='bbox 1026 1870 1110 1926; x_wconf 80' lang='lat' dir='ltr'><strong>sic</strong></span> <span class='ocrx_word' id='word_1_228' title='bbox 1157 1872 1333 1926; x_wconf 83' lang='lat' dir='ltr'><strong>etiam</strong></span> <span class='ocrx_word' id='word_1_229' title='bbox 1385 1871 1687 1926; x_wconf 86' lang='lat' dir='ltr'><strong>indeﬁnita</strong></span> <span class='ocrx_word' id='word_1_230' title='bbox 1755 1873 2061 1942; x_wconf 83' lang='lat' dir='ltr'><strong>negatione</strong></span> 
     </span>
    </p>
   </div>
   <div class='ocr_carea' id='block_1_35' title="bbox 2188 1862 3825 1971">
    <p class='ocr_par' dir='ltr' id='par_1_35' title="bbox 2188 1862 3825 1971">
     <span class='ocr_line' id='line_1_35' title="bbox 2188 1862 3825 1941; baseline -0.001 -20"><span class='ocrx_word' id='word_1_231' title='bbox 2188 1866 2432 1939; x_wconf 74' lang='grc' dir='ltr'>Ξιάνοιαν,</span> <span class='ocrx_word' id='word_1_232' title='bbox 2481 1865 2571 1921; x_wconf 72' lang='grc' dir='ltr'>καῖ</span> <span class='ocrx_word' id='word_1_233' title='bbox 2601 1868 2663 1921; x_wconf 84' lang='grc' dir='ltr'>τὸ</span> <span class='ocrx_word' id='word_1_234' title='bbox 2715 1866 2933 1941; x_wconf 85' lang='grc' dir='ltr'>μερικὸν</span> <span class='ocrx_word' id='word_1_235' title='bbox 2982 1866 3071 1920; x_wconf 84' lang='grc' dir='ltr'>καὶ</span> <span class='ocrx_word' id='word_1_236' title='bbox 3098 1866 3161 1921; x_wconf 85' lang='grc' dir='ltr'>τὸ</span> <span class='ocrx_word' id='word_1_237' title='bbox 3190 1862 3431 1921; x_wconf 79' lang='grc' dir='ltr'>καθόλου</span> <span class='ocrx_word' id='word_1_238' title='bbox 3475 1866 3825 1940; x_wconf 80' lang='grc' dir='ltr'>σημαίνεται,</span> 
     </span>
     <span class='ocr_line' id='line_1_36' title="bbox 2209 1954 3819 1971; baseline 0 0"><span class='ocrx_word' id='word_1_239' title='bbox 2209 1964 2236 1971; x_wconf 89' lang='grc'><strong>-</strong></span> <span class='ocrx_word' id='word_1_240' title='bbox 2341 1957 2353 1969; x_wconf 83' lang='grc'><strong>.</strong></span> <span class='ocrx_word' id='word_1_241' title='bbox 2450 1958 2462 1971; x_wconf 95' lang='grc'><strong><em>,</em></strong></span> <span class='ocrx_word' id='word_1_242' title='bbox 2979 1954 2990 1971; x_wconf 73' lang='grc' dir='ltr'><strong>ι</strong></span> <span class='ocrx_word' id='word_1_243' title='bbox 3196 1955 3210 1971; x_wconf 83' lang='grc'>.</span> <span class='ocrx_word' id='word_1_244' title='bbox 3397 1954 3412 1971; x_wconf 64' lang='grc' dir='ltr'><strong>ς</strong></span> <span class='ocrx_word' id='word_1_245' title='bbox 3546 1955 3562 1971; x_wconf 62' lang='grc' dir='ltr'><strong>ς</strong></span> <span class='ocrx_word' id='word_1_246' title='bbox 3657 1955 3671 1971; x_wconf 64' lang='grc' dir='ltr'><strong>ε</strong></span> <span class='ocrx_word' id='word_1_247' title='bbox 3800 1955 3819 1971; x_wconf 71' lang='grc'>.</span> 
     </span>
    </p>
   </div>
   <div class='ocr_carea' id='block_1_36' title="bbox 412 1954 2072 2033">
    <p class='ocr_par' dir='ltr' id='par_1_36' title="bbox 412 1959 2064 2033">
     <span class='ocr_line' id='line_1_37' title="bbox 412 1959 2064 2033; baseline -0.001 -17"><span class='ocrx_word' id='word_1_248' title='bbox 412 1978 518 2033; x_wconf 89' lang='lat' dir='ltr'><strong>pro</strong></span> <span class='ocrx_word' id='word_1_249' title='bbox 547 1959 988 2015; x_wconf 87' lang='lat' dir='ltr'><strong>enuntiantium</strong></span> <span class='ocrx_word' id='word_1_250' title='bbox 1022 1960 1252 2014; x_wconf 77' lang='lat' dir='ltr'><strong>diancea</strong></span> <span class='ocrx_word' id='word_1_251' title='bbox 1296 1960 1419 2031; x_wconf 91' lang='lat' dir='ltr'><strong>(seu</strong></span> <span class='ocrx_word' id='word_1_252' title='bbox 1457 1961 1769 2029; x_wconf 88' lang='lat' dir='ltr'><strong>sententia)</strong></span> <span class='ocrx_word' id='word_1_253' title='bbox 1822 1962 1970 2017; x_wconf 72' lang='lat'><strong>297</strong></span> <span class='ocrx_word' id='word_1_254' title='bbox 2006 1965 2064 2015; x_wconf 92' lang='lat' dir='ltr'><strong>et</strong></span> 
     </span>
    </p>
   </div>
   <div class='ocr_carea' id='block_1_37' title="bbox 2188 1954 3828 2033">
    <p class='ocr_par' dir='ltr' id='par_1_37' title="bbox 2188 1954 3828 2031">
     <span class='ocr_line' id='line_1_38' title="bbox 2188 1954 3828 2031; baseline -0.001 -20"><span class='ocrx_word' id='word_1_255' title='bbox 2188 1964 2270 2026; x_wconf 79' lang='grc' dir='ltr'>τῆς</span> <span class='ocrx_word' id='word_1_256' title='bbox 2331 1957 2606 2030; x_wconf 72' lang='grc' dir='ltr'>ἀρνήσεως</span> <span class='ocrx_word' id='word_1_257' title='bbox 2666 1954 3121 2027; x_wconf 78' lang='grc' dir='ltr'>συνταττομένης,</span> <span class='ocrx_word' id='word_1_258' title='bbox 3180 1955 3256 2018; x_wconf 84' lang='grc' dir='ltr'>ὡς</span> <span class='ocrx_word' id='word_1_259' title='bbox 3313 1954 3453 2031; x_wconf 80' lang='grc' dir='ltr'>πρὸς</span> <span class='ocrx_word' id='word_1_260' title='bbox 3508 1955 3571 2010; x_wconf 83' lang='grc' dir='ltr'>τὸ</span> <span class='ocrx_word' id='word_1_261' title='bbox 3620 1955 3706 2018; x_wconf 86' lang='grc' dir='ltr'><strong>τὶς</strong></span> <span class='ocrx_word' id='word_1_262' title='bbox 3757 1955 3828 2009; x_wconf 81' lang='grc' dir='ltr'>τὸ</span> 
     </span>
    </p>
   </div>
   <div class='ocr_carea' id='block_1_38' title="bbox 416 2047 2064 2122">
    <p class='ocr_par' dir='ltr' id='par_1_38' title="bbox 416 2047 2064 2122">
     <span class='ocr_line' id='line_1_39' title="bbox 416 2047 2064 2122; baseline 0.001 -18"><span class='ocrx_word' id='word_1_263' title='bbox 416 2048 767 2122; x_wconf 88' lang='lat' dir='ltr'><strong>particulare</strong></span> <span class='ocrx_word' id='word_1_264' title='bbox 787 2053 843 2104; x_wconf 90' lang='lat' dir='ltr'><strong>et</strong></span> <span class='ocrx_word' id='word_1_265' title='bbox 863 2047 1193 2104; x_wconf 84' lang='lat' dir='ltr'><strong>universale</strong></span> <span class='ocrx_word' id='word_1_266' title='bbox 1212 2049 1595 2120; x_wconf 85' lang='lat' dir='ltr'><strong>signiﬁcatur,</strong></span> <span class='ocrx_word' id='word_1_267' title='bbox 1620 2049 1761 2105; x_wconf 90' lang='lat' dir='ltr'><strong>dum</strong></span> <span class='ocrx_word' id='word_1_268' title='bbox 1784 2049 2064 2106; x_wconf 89' lang='lat' dir='ltr'><strong>inﬁciatio</strong></span> 
     </span>
    </p>
   </div>
   <div class='ocr_carea' id='block_1_39' title="bbox 414 2136 2066 2209">
    <p class='ocr_par' dir='ltr' id='par_1_39' title="bbox 414 2136 2066 2209">
     <span class='ocr_line' id='line_1_40' title="bbox 414 2136 2066 2209; baseline 0 -14"><span class='ocrx_word' id='word_1_269' title='bbox 414 2136 603 2195; x_wconf 84' lang='lat' dir='ltr'><strong>velut</strong></span> <span class='ocrx_word' id='word_1_270' title='bbox 632 2154 763 2192; x_wconf 92' lang='lat' dir='ltr'><strong>cum</strong></span> <span class='ocrx_word' id='word_1_271' title='bbox 788 2139 868 2207; x_wconf 81' lang='grc' dir='ltr'>τῷ</span> <span class='ocrx_word' id='word_1_272' title='bbox 900 2136 1134 2209; x_wconf 88' lang='lat' dir='ltr'><strong>aliquis,</strong></span> <span class='ocrx_word' id='word_1_273' title='bbox 1167 2139 1320 2209; x_wconf 92' lang='lat' dir='ltr'><strong>quod</strong></span> <span class='ocrx_word' id='word_1_274' title='bbox 1354 2139 1612 2209; x_wconf 86' lang='lat' dir='ltr'><strong>potentia</strong></span> <span class='ocrx_word' id='word_1_275' title='bbox 1654 2139 1714 2193; x_wconf 91' lang='lat' dir='ltr'><strong>in</strong></span> <span class='ocrx_word' id='word_1_276' title='bbox 1762 2138 2066 2195; x_wconf 87' lang='lat' dir='ltr'><strong>indeﬁnita</strong></span> 
     </span>
    </p>
   </div>
   <div class='ocr_carea' id='block_1_40' title="bbox 419 2225 2068 2299">
    <p class='ocr_par' dir='ltr' id='par_1_40' title="bbox 419 2225 2068 2299">
     <span class='ocr_line' id='line_1_41' title="bbox 419 2225 2068 2299; baseline 0.001 -17"><span class='ocrx_word' id='word_1_277' title='bbox 419 2227 726 2298; x_wconf 86' lang='lat' dir='ltr'><strong>negatione</strong></span> <span class='ocrx_word' id='word_1_278' title='bbox 755 2225 1087 2281; x_wconf 87' lang='lat' dir='ltr'><strong>continetur</strong></span> <span class='ocrx_word' id='word_1_279' title='bbox 1112 2225 1198 2282; x_wconf 84' lang='lat' dir='ltr'><strong>vel</strong></span> <span class='ocrx_word' id='word_1_280' title='bbox 1233 2231 1296 2280; x_wconf 91' lang='lat' dir='ltr'><strong>ut</strong></span> <span class='ocrx_word' id='word_1_281' title='bbox 1326 2243 1459 2281; x_wconf 89' lang='lat' dir='ltr'><strong>cum</strong></span> <span class='ocrx_word' id='word_1_282' title='bbox 1484 2227 1794 2298; x_wconf 77' lang='lat' dir='ltr'><strong>praedicata</strong></span> <span class='ocrx_word' id='word_1_283' title='bbox 1828 2230 2068 2299; x_wconf 73' lang='lat' dir='ltr'><strong>conjun-</strong></span> 
     </span>
    </p>
   </div>
   <div class='ocr_carea' id='block_1_41' title="bbox 420 2316 2063 2391">
    <p class='ocr_par' dir='ltr' id='par_1_41' title="bbox 420 2316 2063 2391">
     <span class='ocr_line' id='line_1_42' title="bbox 420 2316 2063 2391; baseline 0.002 -21"><span class='ocrx_word' id='word_1_284' title='bbox 420 2318 597 2391; x_wconf 86' lang='lat' dir='ltr'><strong>gitur.</strong></span> <span class='ocrx_word' id='word_1_285' title='bbox 635 2316 819 2388; x_wconf 91' lang='lat' dir='ltr'><strong>Magis</strong></span> <span class='ocrx_word' id='word_1_286' title='bbox 850 2316 1026 2386; x_wconf 84' lang='lat' dir='ltr'><strong>igitur</strong></span> <span class='ocrx_word' id='word_1_287' title='bbox 1055 2316 1229 2371; x_wconf 88' lang='lat' dir='ltr'><strong>etiam</strong></span> <span class='ocrx_word' id='word_1_288' title='bbox 1262 2316 1384 2371; x_wconf 67' lang='lat' dir='ltr'><strong>haec</strong></span> <span class='ocrx_word' id='word_1_289' title='bbox 1414 2317 1485 2371; x_wconf 90' lang='lat' dir='ltr'><strong>ad</strong></span> <span class='ocrx_word' id='word_1_290' title='bbox 1529 2317 1853 2373; x_wconf 87' lang='lat' dir='ltr'><strong>universale</strong></span> <span class='ocrx_word' id='word_1_291' title='bbox 1884 2318 2063 2374; x_wconf 90' lang='lat' dir='ltr'><strong>decli-</strong></span> 
     </span>
    </p>
   </div>
   <div class='ocr_carea' id='block_1_42' title="bbox 425 2404 2066 2477">
    <p class='ocr_par' dir='ltr' id='par_1_42' title="bbox 425 2404 2066 2477">
     <span class='ocr_line' id='line_1_43' title="bbox 425 2404 2066 2477; baseline 0.001 -16"><span class='ocrx_word' id='word_1_292' title='bbox 425 2411 546 2476; x_wconf 90' lang='lat' dir='ltr'><strong>nat,</strong></span> <span class='ocrx_word' id='word_1_293' title='bbox 577 2421 710 2460; x_wconf 90' lang='lat' dir='ltr'><strong>cum</strong></span> <span class='ocrx_word' id='word_1_294' title='bbox 742 2405 814 2460; x_wconf 89' lang='lat' dir='ltr'><strong>ab</strong></span> <span class='ocrx_word' id='word_1_295' title='bbox 844 2404 1202 2461; x_wconf 88' lang='lat' dir='ltr'><strong>inﬁciatione</strong></span> <span class='ocrx_word' id='word_1_296' title='bbox 1235 2405 1564 2477; x_wconf 66' lang='lat' dir='ltr'><strong>negationis</strong></span> <span class='ocrx_word' id='word_1_297' title='bbox 1616 2406 1925 2463; x_wconf 82' lang='lat' dir='ltr'><strong>fecerimus</strong></span> <span class='ocrx_word' id='word_1_298' title='bbox 1955 2408 2066 2463; x_wconf 91' lang='lat' dir='ltr'><strong>ini-</strong></span> 
     </span>
    </p>
   </div>
   <div class='ocr_carea' id='block_1_43' title="bbox 423 2494 1665 2567">
    <p class='ocr_par' dir='ltr' id='par_1_43' title="bbox 423 2494 1665 2567">
     <span class='ocr_line' id='line_1_44' title="bbox 423 2494 1665 2567; baseline -0.001 -16"><span class='ocrx_word' id='word_1_299' title='bbox 423 2496 597 2562; x_wconf 87' lang='lat' dir='ltr'><strong>tium,</strong></span> <span class='ocrx_word' id='word_1_300' title='bbox 630 2495 887 2550; x_wconf 88' lang='lat' dir='ltr'><strong>dicentes</strong></span> <span class='ocrx_word' id='word_1_301' title='bbox 922 2512 934 2548; x_wconf 90' lang='lat'><strong>:</strong></span> <span class='ocrx_word' id='word_1_302' title='bbox 969 2494 1092 2549; x_wconf 91' lang='lat' dir='ltr'><strong>Non</strong></span> <span class='ocrx_word' id='word_1_303' title='bbox 1125 2499 1214 2550; x_wconf 88' lang='lat' dir='ltr'><strong>est</strong></span> <span class='ocrx_word' id='word_1_304' title='bbox 1242 2494 1418 2551; x_wconf 91' lang='lat' dir='ltr'><strong>homo</strong></span> <span class='ocrx_word' id='word_1_305' title='bbox 1441 2496 1665 2567; x_wconf 88' lang='lat' dir='ltr'><strong>justus.</strong></span> 
     </span>
    </p>
   </div>
   <div class='ocr_carea' id='block_1_44' title="bbox 492 2583 2068 2640">
    <p class='ocr_par' dir='ltr' id='par_1_44' title="bbox 492 2583 2068 2640">
     <span class='ocr_line' id='line_1_45' title="bbox 492 2583 2068 2640; baseline 0.001 -2"><span class='ocrx_word' id='word_1_306' title='bbox 492 2584 548 2638; x_wconf 88' lang='lat'><strong>9.</strong></span> <span class='ocrx_word' id='word_1_307' title='bbox 578 2583 674 2638; x_wconf 91' lang='lat' dir='ltr'><strong>Sic</strong></span> <span class='ocrx_word' id='word_1_308' title='bbox 721 2600 854 2638; x_wconf 87' lang='lat' dir='ltr'><strong>vero</strong></span> <span class='ocrx_word' id='word_1_309' title='bbox 904 2583 1078 2638; x_wconf 90' lang='lat' dir='ltr'><strong>etiam</strong></span> <span class='ocrx_word' id='word_1_310' title='bbox 1131 2584 1189 2637; x_wconf 90' lang='lat' dir='ltr'><strong>in</strong></span> <span class='ocrx_word' id='word_1_311' title='bbox 1242 2583 1557 2639; x_wconf 85' lang='lat' dir='ltr'><strong>universali</strong></span> <span class='ocrx_word' id='word_1_312' title='bbox 1601 2585 1993 2640; x_wconf 82' lang='lat' dir='ltr'><strong>afﬁrmatione</strong></span> <span class='ocrx_word' id='word_1_313' title='bbox 2019 2584 2068 2640; x_wconf 90' lang='lat' dir='ltr'><strong>si</strong></span> 
     </span>
    </p>
   </div>
   <div class='ocr_carea' id='block_1_45' title="bbox 422 2671 2067 2744">
    <p class='ocr_par' dir='ltr' id='par_1_45' title="bbox 422 2671 2067 2744">
     <span class='ocr_line' id='line_1_46' title="bbox 422 2671 2067 2744; baseline 0 -16"><span class='ocrx_word' id='word_1_314' title='bbox 422 2676 675 2744; x_wconf 91' lang='lat' dir='ltr'><strong>ponatur</strong></span> <span class='ocrx_word' id='word_1_315' title='bbox 703 2671 982 2726; x_wconf 88' lang='lat' dir='ltr'><strong>inﬁciatio</strong></span> <span class='ocrx_word' id='word_1_316' title='bbox 1016 2675 1148 2726; x_wconf 87' lang='lat' dir='ltr'><strong>ante</strong></span> <span class='ocrx_word' id='word_1_317' title='bbox 1177 2677 1284 2738; x_wconf 90' lang='lat' dir='ltr'><strong>est,</strong></span> <span class='ocrx_word' id='word_1_318' title='bbox 1317 2676 1375 2727; x_wconf 90' lang='lat' dir='ltr'><strong>et</strong></span> <span class='ocrx_word' id='word_1_319' title='bbox 1421 2672 1506 2728; x_wconf 88' lang='lat' dir='ltr'><strong>vel</strong></span> <span class='ocrx_word' id='word_1_320' title='bbox 1552 2673 1624 2728; x_wconf 89' lang='lat' dir='ltr'><strong>ad</strong></span> <span class='ocrx_word' id='word_1_321' title='bbox 1667 2672 1729 2726; x_wconf 89' lang='grc' dir='ltr'>τὸ</span> <span class='ocrx_word' id='word_1_322' title='bbox 1761 2674 1953 2728; x_wconf 89' lang='lat' dir='ltr'><strong>omnis</strong></span> <span class='ocrx_word' id='word_1_323' title='bbox 1983 2673 2067 2728; x_wconf 89' lang='lat' dir='ltr'><strong>vel</strong></span> 
     </span>
    </p>
   </div>
   <div class='ocr_carea' id='block_1_46' title="bbox 423 2759 2071 2835">
    <p class='ocr_par' dir='ltr' id='par_1_46' title="bbox 423 2759 2071 2835">
     <span class='ocr_line' id='line_1_47' title="bbox 423 2759 2071 2835; baseline 0.001 -18"><span class='ocrx_word' id='word_1_324' title='bbox 423 2761 492 2817; x_wconf 93' lang='lat' dir='ltr'><strong>ad</strong></span> <span class='ocrx_word' id='word_1_325' title='bbox 529 2760 905 2833; x_wconf 69' lang='lat' dir='ltr'><strong>praedicatum</strong></span> <span class='ocrx_word' id='word_1_326' title='bbox 938 2759 1296 2833; x_wconf 88' lang='lat' dir='ltr'><strong>subintelligi</strong></span> <span class='ocrx_word' id='word_1_327' title='bbox 1328 2763 1552 2833; x_wconf 89' lang='lat' dir='ltr'><strong>possit;</strong></span> <span class='ocrx_word' id='word_1_328' title='bbox 1605 2764 1796 2818; x_wconf 89' lang='lat' dir='ltr'><strong>evenit</strong></span> <span class='ocrx_word' id='word_1_329' title='bbox 1838 2769 1902 2818; x_wconf 93' lang='lat' dir='ltr'><strong>ut</strong></span> <span class='ocrx_word' id='word_1_330' title='bbox 1933 2780 2071 2835; x_wconf 86' lang='lat' dir='ltr'><strong>pro-</strong></span> 
     </span>
    </p>
   </div>
   <div class='ocr_carea' id='block_1_47' title="bbox 421 2848 2069 2924">
    <p class='ocr_par' dir='ltr' id='par_1_47' title="bbox 421 2848 2069 2924">
     <span class='ocr_line' id='line_1_48' title="bbox 421 2848 2069 2924; baseline 0.002 -19"><span class='ocrx_word' id='word_1_331' title='bbox 421 2848 632 2923; x_wconf 86' lang='lat' dir='ltr'><strong>positio</strong></span> <span class='ocrx_word' id='word_1_332' title='bbox 662 2853 952 2920; x_wconf 87' lang='lat' dir='ltr'><strong>quatenus</strong></span> <span class='ocrx_word' id='word_1_333' title='bbox 979 2849 1217 2920; x_wconf 88' lang='lat' dir='ltr'><strong>quidem</strong></span> <span class='ocrx_word' id='word_1_334' title='bbox 1249 2850 1816 2924; x_wconf 71' lang='lat' dir='ltr'><strong>(praedeﬁnitionem)</strong></span> <span class='ocrx_word' id='word_1_335' title='bbox 1852 2850 1914 2905; x_wconf 86' lang='grc' dir='ltr'>τὸ</span> <span class='ocrx_word' id='word_1_336' title='bbox 1944 2868 2069 2907; x_wconf 91' lang='lat' dir='ltr'><strong>om-</strong></span> 
     </span>
    </p>
   </div>
   <div class='ocr_carea' id='block_1_48' title="bbox 423 2937 2070 3011">
    <p class='ocr_par' dir='ltr' id='par_1_48' title="bbox 423 2937 2070 3011">
     <span class='ocr_line' id='line_1_49' title="bbox 423 2937 2070 3011; baseline 0.001 -17"><span class='ocrx_word' id='word_1_337' title='bbox 423 2939 515 2994; x_wconf 87' lang='lat' dir='ltr'><strong>nis</strong></span> <span class='ocrx_word' id='word_1_338' title='bbox 544 2937 720 3008; x_wconf 90' lang='lat' dir='ltr'><strong>tollit,</strong></span> <span class='ocrx_word' id='word_1_339' title='bbox 752 2937 906 2993; x_wconf 89' lang='lat' dir='ltr'><strong>idem</strong></span> <span class='ocrx_word' id='word_1_340' title='bbox 940 2955 1076 2993; x_wconf 90' lang='lat' dir='ltr'><strong>cum</strong></span> <span class='ocrx_word' id='word_1_341' title='bbox 1122 2938 1457 3010; x_wconf 88' lang='lat' dir='ltr'><strong>particulari</strong></span> <span class='ocrx_word' id='word_1_342' title='bbox 1506 2941 1812 3011; x_wconf 88' lang='lat' dir='ltr'><strong>negatione</strong></span> <span class='ocrx_word' id='word_1_343' title='bbox 1860 2940 2070 3010; x_wconf 90' lang='lat' dir='ltr'><strong>valeat,</strong></span> 
     </span>
    </p>
   </div>
   <div class='ocr_carea' id='block_1_49' title="bbox 423 3026 2072 3102">
    <p class='ocr_par' dir='ltr' id='par_1_49' title="bbox 423 3026 2072 3102">
     <span class='ocr_line' id='line_1_50' title="bbox 423 3026 2072 3102; baseline 0.002 -21"><span class='ocrx_word' id='word_1_344' title='bbox 423 3026 578 3099; x_wconf 92' lang='lat' dir='ltr'><strong>quod</strong></span> <span class='ocrx_word' id='word_1_345' title='bbox 613 3027 981 3082; x_wconf 80' lang='lat' dir='ltr'><strong>manifestius</strong></span> <span class='ocrx_word' id='word_1_346' title='bbox 1010 3032 1272 3099; x_wconf 88' lang='lat' dir='ltr'><strong>apparet,</strong></span> <span class='ocrx_word' id='word_1_347' title='bbox 1303 3028 1352 3083; x_wconf 89' lang='lat' dir='ltr'><strong>si</strong></span> <span class='ocrx_word' id='word_1_348' title='bbox 1382 3027 1443 3081; x_wconf 85' lang='grc' dir='ltr'>τὸ</span> <span class='ocrx_word' id='word_1_349' title='bbox 1475 3045 1589 3084; x_wconf 92' lang='lat' dir='ltr'><strong>non</strong></span> <span class='ocrx_word' id='word_1_350' title='bbox 1621 3035 1712 3085; x_wconf 90' lang='lat' dir='ltr'><strong>est</strong></span> <span class='ocrx_word' id='word_1_351' title='bbox 1761 3030 1817 3085; x_wconf 92' lang='lat' dir='ltr'><strong>in</strong></span> <span class='ocrx_word' id='word_1_352' title='bbox 1859 3030 2072 3102; x_wconf 83' lang='lat' dir='ltr'><strong>princi-</strong></span> 
     </span>
    </p>
   </div>
   <div class='ocr_carea' id='block_1_50' title="bbox 425 3113 2074 3189">
    <p class='ocr_par' dir='ltr' id='par_1_50' title="bbox 425 3113 2074 3189">
     <span class='ocr_line' id='line_1_51' title="bbox 425 3113 2074 3189; baseline 0.002 -21"><span class='ocrx_word' id='word_1_353' title='bbox 425 3114 521 3189; x_wconf 92' lang='lat' dir='ltr'><strong>pio</strong></span> <span class='ocrx_word' id='word_1_354' title='bbox 553 3113 969 3186; x_wconf 87' lang='lat' dir='ltr'><strong>propositionis</strong></span> <span class='ocrx_word' id='word_1_355' title='bbox 1000 3119 1268 3186; x_wconf 85' lang='lat' dir='ltr'><strong>ponatur.</strong></span> <span class='ocrx_word' id='word_1_356' title='bbox 1301 3114 1473 3170; x_wconf 86' lang='lat' dir='ltr'><strong>Velut</strong></span> <span class='ocrx_word' id='word_1_357' title='bbox 1507 3132 1519 3169; x_wconf 91' lang='lat'><strong>:</strong></span> <span class='ocrx_word' id='word_1_358' title='bbox 1574 3116 1699 3171; x_wconf 89' lang='lat' dir='ltr'><strong>Non</strong></span> <span class='ocrx_word' id='word_1_359' title='bbox 1748 3126 1835 3171; x_wconf 83' lang='lat' dir='ltr'><strong>est</strong></span> <span class='ocrx_word' id='word_1_360' title='bbox 1881 3117 2074 3172; x_wconf 90' lang='lat' dir='ltr'><strong>omnis</strong></span> 
     </span>
    </p>
   </div>
   <div class='ocr_carea' id='block_1_51' title="bbox 427 3202 2073 3275">
    <p class='ocr_par' dir='ltr' id='par_1_51' title="bbox 427 3202 2073 3275">
     <span class='ocr_line' id='line_1_52' title="bbox 427 3202 2073 3275; baseline 0.001 -16"><span class='ocrx_word' id='word_1_361' title='bbox 427 3203 604 3259; x_wconf 88' lang='lat' dir='ltr'><strong>homo</strong></span> <span class='ocrx_word' id='word_1_362' title='bbox 636 3202 897 3275; x_wconf 89' lang='lat' dir='ltr'><strong>sapiens:</strong></span> <span class='ocrx_word' id='word_1_363' title='bbox 925 3207 1215 3274; x_wconf 89' lang='lat' dir='ltr'><strong>quatenus</strong></span> <span class='ocrx_word' id='word_1_364' title='bbox 1236 3220 1368 3258; x_wconf 89' lang='lat' dir='ltr'><strong>vero</strong></span> <span class='ocrx_word' id='word_1_365' title='bbox 1395 3204 1771 3275; x_wconf 68' lang='lat' dir='ltr'><strong>praedicatum</strong></span> <span class='ocrx_word' id='word_1_366' title='bbox 1795 3210 2073 3272; x_wconf 89' lang='lat' dir='ltr'><strong>removet,</strong></span> 
     </span>
    </p>
   </div>
   <div class='ocr_carea' id='block_1_52' title="bbox 427 3276 2147 3364">
    <p class='ocr_par' dir='ltr' id='par_1_52' title="bbox 427 3276 2147 3364">
     <span class='ocr_line' id='line_1_53' title="bbox 427 3276 2147 3364; baseline 0.002 -17"><span class='ocrx_word' id='word_1_367' title='bbox 427 3291 744 3347; x_wconf 87' lang='lat' dir='ltr'><strong>universali</strong></span> <span class='ocrx_word' id='word_1_368' title='bbox 776 3290 1067 3363; x_wconf 89' lang='lat' dir='ltr'><strong>negationi</strong></span> <span class='ocrx_word' id='word_1_369' title='bbox 1101 3291 1323 3364; x_wconf 79' lang='lat' dir='ltr'><strong>aequale</strong></span> <span class='ocrx_word' id='word_1_370' title='bbox 1342 3294 1520 3348; x_wconf 90' lang='lat' dir='ltr'><strong>robur</strong></span> <span class='ocrx_word' id='word_1_371' title='bbox 1545 3293 1794 3349; x_wconf 88' lang='lat' dir='ltr'><strong>habeat:</strong></span> <span class='ocrx_word' id='word_1_372' title='bbox 1830 3299 1915 3360; x_wconf 89' lang='lat' dir='ltr'><strong>ut,</strong></span> <span class='ocrx_word' id='word_1_373' title='bbox 1945 3294 2078 3350; x_wconf 91' lang='lat' dir='ltr'><strong>Om-</strong></span> <span class='ocrx_word' id='word_1_374' title='bbox 2105 3276 2147 3341; x_wconf 65' lang='grc' dir='ltr'><strong>(ἶ</strong></span> 
     </span>
    </p>
   </div>
   <div class='ocr_carea' id='block_1_53' title="bbox 426 3380 2072 3453">
    <p class='ocr_par' dir='ltr' id='par_1_53' title="bbox 426 3380 2072 3453">
     <span class='ocr_line' id='line_1_54' title="bbox 426 3380 2072 3453; baseline 0.002 -17"><span class='ocrx_word' id='word_1_375' title='bbox 426 3380 520 3437; x_wconf 91' lang='lat' dir='ltr'><strong>nis</strong></span> <span class='ocrx_word' id='word_1_376' title='bbox 550 3380 727 3436; x_wconf 92' lang='lat' dir='ltr'><strong>homo</strong></span> <span class='ocrx_word' id='word_1_377' title='bbox 758 3397 871 3436; x_wconf 90' lang='lat' dir='ltr'><strong>non</strong></span> <span class='ocrx_word' id='word_1_378' title='bbox 906 3385 994 3436; x_wconf 89' lang='lat' dir='ltr'><strong>est</strong></span> <span class='ocrx_word' id='word_1_379' title='bbox 1019 3381 1275 3453; x_wconf 90' lang='lat' dir='ltr'><strong>sapiens,</strong></span> <span class='ocrx_word' id='word_1_380' title='bbox 1297 3382 1450 3453; x_wconf 90' lang='lat' dir='ltr'><strong>quod</strong></span> <span class='ocrx_word' id='word_1_381' title='bbox 1473 3381 1627 3438; x_wconf 90' lang='lat' dir='ltr'><strong>idem</strong></span> <span class='ocrx_word' id='word_1_382' title='bbox 1659 3387 1749 3438; x_wconf 90' lang='lat' dir='ltr'><strong>est</strong></span> <span class='ocrx_word' id='word_1_383' title='bbox 1776 3398 1911 3438; x_wconf 90' lang='lat' dir='ltr'><strong>cum</strong></span> <span class='ocrx_word' id='word_1_384' title='bbox 1932 3382 2072 3439; x_wconf 90' lang='lat' dir='ltr'><strong>hoc:</strong></span> 
     </span>
    </p>
   </div>
   <div class='ocr_carea' id='block_1_54' title="bbox 429 3468 1248 3542">
    <p class='ocr_par' dir='ltr' id='par_1_54' title="bbox 429 3468 1248 3542">
     <span class='ocr_line' id='line_1_55' title="bbox 429 3468 1248 3542; baseline -0.001 -18"><span class='ocrx_word' id='word_1_385' title='bbox 429 3468 637 3525; x_wconf 91' lang='lat' dir='ltr'><strong>Nullus</strong></span> <span class='ocrx_word' id='word_1_386' title='bbox 668 3468 844 3525; x_wconf 90' lang='lat' dir='ltr'><strong>homo</strong></span> <span class='ocrx_word' id='word_1_387' title='bbox 872 3474 963 3525; x_wconf 90' lang='lat' dir='ltr'><strong>est</strong></span> <span class='ocrx_word' id='word_1_388' title='bbox 992 3470 1248 3542; x_wconf 89' lang='lat' dir='ltr'><strong>sapiens.</strong></span> 
     </span>
    </p>
   </div>
   <div class='ocr_carea' id='block_1_55' title="bbox 500 3558 2076 3633">
    <p class='ocr_par' dir='ltr' id='par_1_55' title="bbox 500 3558 2076 3633">
     <span class='ocr_line' id='line_1_56' title="bbox 500 3558 2076 3633; baseline 0.001 -20"><span class='ocrx_word' id='word_1_389' title='bbox 500 3559 587 3614; x_wconf 82' lang='lat'><strong>10.</strong></span> <span class='ocrx_word' id='word_1_390' title='bbox 620 3559 766 3614; x_wconf 89' lang='lat' dir='ltr'><strong>Cum</strong></span> <span class='ocrx_word' id='word_1_391' title='bbox 792 3563 988 3614; x_wconf 91' lang='lat' dir='ltr'><strong>autem</strong></span> <span class='ocrx_word' id='word_1_392' title='bbox 1017 3562 1138 3615; x_wconf 90' lang='lat' dir='ltr'><strong>tres</strong></span> <span class='ocrx_word' id='word_1_393' title='bbox 1169 3564 1308 3614; x_wconf 86' lang='lat' dir='ltr'><strong>sunt</strong></span> <span class='ocrx_word' id='word_1_394' title='bbox 1341 3558 1805 3632; x_wconf 90' lang='lat' dir='ltr'><strong>propositionum</strong></span> <span class='ocrx_word' id='word_1_395' title='bbox 1829 3559 2076 3633; x_wconf 88' lang='lat' dir='ltr'><strong>species,</strong></span> 
     </span>
    </p>
   </div>
   <div class='ocr_carea' id='block_1_56' title="bbox 428 3647 2075 3721">
    <p class='ocr_par' dir='ltr' id='par_1_56' title="bbox 428 3647 2075 3721">
     <span class='ocr_line' id='line_1_57' title="bbox 428 3647 2075 3721; baseline 0.002 -20"><span class='ocrx_word' id='word_1_396' title='bbox 428 3663 639 3719; x_wconf 87' lang='lat' dir='ltr'><strong>nempe</strong></span> <span class='ocrx_word' id='word_1_397' title='bbox 670 3647 1062 3719; x_wconf 63' lang='lat' dir='ltr'><strong>praedeﬁnitaa,</strong></span> <span class='ocrx_word' id='word_1_398' title='bbox 1081 3648 1609 3717; x_wconf 69' lang='lat' dir='ltr'><strong>etimpraedeﬁnitae</strong></span> <span class='ocrx_word' id='word_1_399' title='bbox 1638 3653 1695 3703; x_wconf 87' lang='lat' dir='ltr'><strong>et</strong></span> <span class='ocrx_word' id='word_1_400' title='bbox 1725 3647 2075 3721; x_wconf 88' lang='lat' dir='ltr'><strong>singulares:</strong></span> 
     </span>
    </p>
   </div>
   <div class='ocr_carea' id='block_1_57' title="bbox 432 3734 2080 3807">
    <p class='ocr_par' dir='ltr' id='par_1_57' title="bbox 432 3734 2080 3807">
     <span class='ocr_line' id='line_1_58' title="bbox 432 3734 2080 3807; baseline 0.002 -18"><span class='ocrx_word' id='word_1_401' title='bbox 432 3734 807 3806; x_wconf 66' lang='lat' dir='ltr'><strong>praedeﬁnitae</strong></span> <span class='ocrx_word' id='word_1_402' title='bbox 838 3735 1077 3807; x_wconf 91' lang='lat' dir='ltr'><strong>quidem</strong></span> <span class='ocrx_word' id='word_1_403' title='bbox 1107 3741 1165 3791; x_wconf 90' lang='lat' dir='ltr'><strong>et</strong></span> <span class='ocrx_word' id='word_1_404' title='bbox 1195 3736 1655 3806; x_wconf 69' lang='lat' dir='ltr'><strong>impraedeﬁnitae</strong></span> <span class='ocrx_word' id='word_1_405' title='bbox 1684 3738 1877 3807; x_wconf 86' lang='lat' dir='ltr'><strong>quoad</strong></span> <span class='ocrx_word' id='word_1_406' title='bbox 1908 3753 2080 3794; x_wconf 87' lang='lat' dir='ltr'><strong>omne</strong></span> 
     </span>
    </p>
   </div>
   <div class='ocr_carea' id='block_1_58' title="bbox 429 3824 2081 3897">
    <p class='ocr_par' dir='ltr' id='par_1_58' title="bbox 429 3824 2081 3897">
     <span class='ocr_line' id='line_1_59' title="bbox 429 3824 2081 3897; baseline 0.001 -19"><span class='ocrx_word' id='word_1_407' title='bbox 429 3828 666 3894; x_wconf 87' lang='lat' dir='ltr'><strong>tempus</strong></span> <span class='ocrx_word' id='word_1_408' title='bbox 696 3824 766 3879; x_wconf 90' lang='lat' dir='ltr'><strong>ad</strong></span> <span class='ocrx_word' id='word_1_409' title='bbox 799 3824 1183 3882; x_wconf 88' lang='lat' dir='ltr'><strong>dividendum</strong></span> <span class='ocrx_word' id='word_1_410' title='bbox 1212 3842 1414 3879; x_wconf 90' lang='lat' dir='ltr'><strong>verum</strong></span> <span class='ocrx_word' id='word_1_411' title='bbox 1448 3829 1505 3880; x_wconf 92' lang='lat' dir='ltr'><strong>et</strong></span> <span class='ocrx_word' id='word_1_412' title='bbox 1535 3824 1750 3881; x_wconf 83' lang='lat' dir='ltr'><strong>falsum</strong></span> <span class='ocrx_word' id='word_1_413' title='bbox 1784 3826 1999 3897; x_wconf 89' lang='lat' dir='ltr'><strong>pariter</strong></span> <span class='ocrx_word' id='word_1_414' title='bbox 2019 3841 2081 3881; x_wconf 90' lang='lat' dir='ltr'><strong>se</strong></span> 
     </span>
    </p>
   </div>
   <div class='ocr_carea' id='block_1_59' title="bbox 436 3911 2080 3986">
    <p class='ocr_par' dir='ltr' id='par_1_59' title="bbox 436 3911 2080 3986">
     <span class='ocr_line' id='line_1_60' title="bbox 436 3911 2080 3986; baseline 0.003 -21"><span class='ocrx_word' id='word_1_415' title='bbox 436 3912 691 3975; x_wconf 84' lang='lat' dir='ltr'><strong>habent;</strong></span> <span class='ocrx_word' id='word_1_416' title='bbox 727 3911 1053 3984; x_wconf 84' lang='lat' dir='ltr'><strong>singulares</strong></span> <span class='ocrx_word' id='word_1_417' title='bbox 1084 3916 1278 3967; x_wconf 90' lang='lat' dir='ltr'><strong>autem</strong></span> <span class='ocrx_word' id='word_1_418' title='bbox 1312 3913 1369 3967; x_wconf 93' lang='lat' dir='ltr'><strong>in</strong></span> <span class='ocrx_word' id='word_1_419' title='bbox 1403 3914 1733 3969; x_wconf 86' lang='lat' dir='ltr'><strong>necessaria</strong></span> <span class='ocrx_word' id='word_1_420' title='bbox 1762 3919 1818 3970; x_wconf 89' lang='lat' dir='ltr'><strong>et</strong></span> <span class='ocrx_word' id='word_1_421' title='bbox 1862 3915 2080 3986; x_wconf 90' lang='lat' dir='ltr'><strong>impos-</strong></span> 
     </span>
    </p>
   </div>
   <div class='ocr_carea' id='block_1_60' title="bbox 437 3998 2083 4076">
    <p class='ocr_par' dir='ltr' id='par_1_60' title="bbox 437 3998 2083 4076">
     <span class='ocr_line' id='line_1_61' title="bbox 437 3998 2083 4076; baseline 0.002 -21"><span class='ocrx_word' id='word_1_422' title='bbox 437 3998 595 4056; x_wconf 89' lang='lat' dir='ltr'><strong>sibili</strong></span> <span class='ocrx_word' id='word_1_423' title='bbox 627 4000 869 4055; x_wconf 88' lang='lat' dir='ltr'><strong>materia</strong></span> <span class='ocrx_word' id='word_1_424' title='bbox 897 4002 1083 4072; x_wconf 86' lang='lat' dir='ltr'><strong>quoad</strong></span> <span class='ocrx_word' id='word_1_425' title='bbox 1137 4017 1309 4055; x_wconf 91' lang='lat' dir='ltr'><strong>omne</strong></span> <span class='ocrx_word' id='word_1_426' title='bbox 1368 4002 1520 4057; x_wconf 74' lang='lat'><strong>298</strong></span> <span class='ocrx_word' id='word_1_427' title='bbox 1569 4003 1802 4073; x_wconf 87' lang='lat' dir='ltr'><strong>quidem</strong></span> <span class='ocrx_word' id='word_1_428' title='bbox 1848 4008 2083 4076; x_wconf 88' lang='lat' dir='ltr'><strong>tempus</strong></span> 
     </span>
    </p>
   </div>
   <div class='ocr_carea' id='block_1_61' title="bbox 440 4088 2085 4163">
    <p class='ocr_par' dir='ltr' id='par_1_61' title="bbox 440 4088 2085 4163">
     <span class='ocr_line' id='line_1_62' title="bbox 440 4088 2085 4163; baseline 0.002 -20"><span class='ocrx_word' id='word_1_429' title='bbox 440 4088 679 4143; x_wconf 88' lang='lat' dir='ltr'><strong>deﬁnite</strong></span> <span class='ocrx_word' id='word_1_430' title='bbox 710 4105 909 4143; x_wconf 89' lang='lat' dir='ltr'><strong>verum</strong></span> <span class='ocrx_word' id='word_1_431' title='bbox 943 4095 997 4143; x_wconf 85' lang='lat' dir='ltr'><strong>et</strong></span> <span class='ocrx_word' id='word_1_432' title='bbox 1031 4088 1243 4145; x_wconf 84' lang='lat' dir='ltr'><strong>falsum</strong></span> <span class='ocrx_word' id='word_1_433' title='bbox 1274 4090 1579 4158; x_wconf 88' lang='lat' dir='ltr'><strong>dividunt;</strong></span> <span class='ocrx_word' id='word_1_434' title='bbox 1622 4089 1680 4145; x_wconf 90' lang='lat' dir='ltr'><strong>in</strong></span> <span class='ocrx_word' id='word_1_435' title='bbox 1711 4092 2085 4163; x_wconf 86' lang='lat' dir='ltr'><strong>contingente</strong></span> 
     </span>
    </p>
   </div>
   <div class='ocr_carea' id='block_1_62' title="bbox 435 4178 2086 4251">
    <p class='ocr_par' dir='ltr' id='par_1_62' title="bbox 435 4178 2086 4251">
     <span class='ocr_line' id='line_1_63' title="bbox 435 4178 2086 4251; baseline 0.003 -21"><span class='ocrx_word' id='word_1_436' title='bbox 435 4193 570 4232; x_wconf 90' lang='lat' dir='ltr'><strong>vero</strong></span> <span class='ocrx_word' id='word_1_437' title='bbox 601 4178 789 4247; x_wconf 84' lang='lat' dir='ltr'><strong>quoad</strong></span> <span class='ocrx_word' id='word_1_438' title='bbox 838 4195 1092 4248; x_wconf 65' lang='lat' dir='ltr'><strong>praesens</strong></span> <span class='ocrx_word' id='word_1_439' title='bbox 1133 4182 1189 4232; x_wconf 89' lang='lat' dir='ltr'><strong>et</strong></span> <span class='ocrx_word' id='word_1_440' title='bbox 1218 4179 1573 4249; x_wconf 65' lang='lat' dir='ltr'><strong>praeteritum</strong></span> <span class='ocrx_word' id='word_1_441' title='bbox 1605 4179 1862 4249; x_wconf 87' lang='lat' dir='ltr'><strong>deﬁnite,</strong></span> <span class='ocrx_word' id='word_1_442' title='bbox 1896 4180 2086 4251; x_wconf 88' lang='lat' dir='ltr'><strong>quoad</strong></span> 
     </span>
    </p>
   </div>
   <div class='ocr_carea' id='block_1_63' title="bbox 439 4265 2085 4339">
    <p class='ocr_par' dir='ltr' id='par_1_63' title="bbox 439 4265 2085 4339">
     <span class='ocr_line' id='line_1_64' title="bbox 439 4265 2085 4339; baseline 0.001 -18"><span class='ocrx_word' id='word_1_443' title='bbox 439 4266 703 4321; x_wconf 87' lang='lat' dir='ltr'><strong>futurum</strong></span> <span class='ocrx_word' id='word_1_444' title='bbox 734 4266 1036 4321; x_wconf 85' lang='lat' dir='ltr'><strong>indeﬁnite</strong></span> <span class='ocrx_word' id='word_1_445' title='bbox 1064 4283 1075 4319; x_wconf 89' lang='lat'><strong>:</strong></span> <span class='ocrx_word' id='word_1_446' title='bbox 1104 4265 1280 4334; x_wconf 92' lang='lat' dir='ltr'><strong>velut,</strong></span> <span class='ocrx_word' id='word_1_447' title='bbox 1312 4272 1575 4322; x_wconf 90' lang='lat' dir='ltr'><strong>Socrates</strong></span> <span class='ocrx_word' id='word_1_448' title='bbox 1605 4268 2085 4339; x_wconf 86' lang='lat' dir='ltr'><strong>disputabit,aut,</strong></span> 
     </span>
    </p>
   </div>
   <div class='ocr_carea' id='block_1_64' title="bbox 443 4355 2090 4428">
    <p class='ocr_par' dir='ltr' id='par_1_64' title="bbox 443 4355 2090 4428">
     <span class='ocr_line' id='line_1_65' title="bbox 443 4355 2090 4428; baseline 0.002 -18"><span class='ocrx_word' id='word_1_449' title='bbox 443 4355 711 4410; x_wconf 89' lang='lat' dir='ltr'><strong>Socrates</strong></span> <span class='ocrx_word' id='word_1_450' title='bbox 760 4371 875 4409; x_wconf 90' lang='lat' dir='ltr'><strong>non</strong></span> <span class='ocrx_word' id='word_1_451' title='bbox 926 4355 1272 4426; x_wconf 85' lang='lat' dir='ltr'><strong>disputabit.</strong></span> <span class='ocrx_word' id='word_1_452' title='bbox 1307 4356 1468 4419; x_wconf 89' lang='lat' dir='ltr'><strong>Quod</strong></span> <span class='ocrx_word' id='word_1_453' title='bbox 1518 4357 1672 4410; x_wconf 89' lang='lat' dir='ltr'><strong>enim</strong></span> <span class='ocrx_word' id='word_1_454' title='bbox 1716 4355 1953 4428; x_wconf 91' lang='lat' dir='ltr'><strong>quidem</strong></span> <span class='ocrx_word' id='word_1_455' title='bbox 1987 4362 2090 4413; x_wconf 87' lang='lat' dir='ltr'><strong>aut</strong></span> 
     </span>
    </p>
   </div>
   <div class='ocr_carea' id='block_1_65' title="bbox 440 4443 2088 4515">
    <p class='ocr_par' dir='ltr' id='par_1_65' title="bbox 440 4443 2088 4515">
     <span class='ocr_line' id='line_1_66' title="bbox 440 4443 2088 4515; baseline 0 -16"><span class='ocrx_word' id='word_1_456' title='bbox 440 4443 850 4515; x_wconf 87' lang='lat' dir='ltr'><strong>disputaturus</strong></span> <span class='ocrx_word' id='word_1_457' title='bbox 881 4450 983 4499; x_wconf 89' lang='lat' dir='ltr'><strong>aut</strong></span> <span class='ocrx_word' id='word_1_458' title='bbox 1013 4461 1128 4498; x_wconf 92' lang='lat' dir='ltr'><strong>non</strong></span> <span class='ocrx_word' id='word_1_459' title='bbox 1150 4445 1561 4515; x_wconf 89' lang='lat' dir='ltr'><strong>disputaturus</strong></span> <span class='ocrx_word' id='word_1_460' title='bbox 1580 4445 1677 4514; x_wconf 87' lang='lat' dir='ltr'><strong>sit,</strong></span> <span class='ocrx_word' id='word_1_461' title='bbox 1711 4445 2088 4499; x_wconf 81' lang='lat' dir='ltr'><strong>manifestum</strong></span> 
     </span>
    </p>
   </div>
   <div class='ocr_carea' id='block_1_66' title="bbox 446 4532 2088 4604">
    <p class='ocr_par' dir='ltr' id='par_1_66' title="bbox 446 4532 2088 4604">
     <span class='ocr_line' id='line_1_67' title="bbox 446 4532 2088 4604; baseline 0.001 -17"><span class='ocrx_word' id='word_1_462' title='bbox 446 4543 556 4588; x_wconf 85' lang='lat' dir='ltr'><strong>est.</strong></span> <span class='ocrx_word' id='word_1_463' title='bbox 588 4532 728 4588; x_wconf 90' lang='lat' dir='ltr'><strong>Utra</strong></span> <span class='ocrx_word' id='word_1_464' title='bbox 759 4539 953 4588; x_wconf 89' lang='lat' dir='ltr'><strong>autem</strong></span> <span class='ocrx_word' id='word_1_465' title='bbox 987 4534 1467 4588; x_wconf 85' lang='lat' dir='ltr'><strong>contradictionis</strong></span> <span class='ocrx_word' id='word_1_466' title='bbox 1500 4550 1634 4604; x_wconf 89' lang='lat' dir='ltr'><strong>pars</strong></span> <span class='ocrx_word' id='word_1_467' title='bbox 1665 4532 1786 4588; x_wconf 88' lang='lat' dir='ltr'><strong>sive</strong></span> <span class='ocrx_word' id='word_1_468' title='bbox 1831 4534 2088 4588; x_wconf 77' lang='lat' dir='ltr'><strong>afﬁrma-</strong></span> 
     </span>
    </p>
   </div>
   <div class='ocr_carea' id='block_1_67' title="bbox 2174 2040 3828 2123">
    <p class='ocr_par' dir='ltr' id='par_1_67' title="bbox 2174 2040 3828 2123">
     <span class='ocr_line' id='line_1_68' title="bbox 2174 2040 3828 2123; baseline -0.001 -24"><span class='ocrx_word' id='word_1_469' title='bbox 2174 2042 2399 2117; x_wconf 83' lang='grc' dir='ltr'>δυνάμει</span> <span class='ocrx_word' id='word_1_470' title='bbox 2449 2043 2841 2119; x_wconf 87' lang='grc' dir='ltr'>περιεχόμενον</span> <span class='ocrx_word' id='word_1_471' title='bbox 2893 2043 2944 2099; x_wconf 86' lang='grc' dir='ltr'><strong>έν</strong></span> <span class='ocrx_word' id='word_1_472' title='bbox 2984 2048 3054 2117; x_wconf 79' lang='grc' dir='ltr'><strong>τῇ</strong></span> <span class='ocrx_word' id='word_1_473' title='bbox 3103 2040 3396 2119; x_wconf 77' lang='grc' dir='ltr'>ἀδιορίπῳ</span> <span class='ocrx_word' id='word_1_474' title='bbox 3440 2043 3755 2123; x_wconf 71' lang='grc' dir='ltr'>καταφάσει,</span> 
     </span>
    </p>
   </div>
   <div class='ocr_carea' id='block_1_68' title="bbox 2173 2131 3834 2210">
    <p class='ocr_par' dir='ltr' id='par_1_68' title="bbox 2173 2131 3834 2210">
     <span class='ocr_line' id='line_1_69' title="bbox 2173 2131 3834 2210; baseline 0 -22"><span class='ocrx_word' id='word_1_475' title='bbox 2173 2134 2248 2196; x_wconf 87' lang='grc' dir='ltr'><strong>ὡς</strong></span> <span class='ocrx_word' id='word_1_476' title='bbox 2298 2134 2435 2210; x_wconf 88' lang='grc' dir='ltr'>πρὸς</span> <span class='ocrx_word' id='word_1_477' title='bbox 2482 2134 2546 2187; x_wconf 88' lang='grc' dir='ltr'>τὸ</span> <span class='ocrx_word' id='word_1_478' title='bbox 2588 2132 3091 2208; x_wconf 84' lang='grc' dir='ltr'>κατηγορούμενον.</span> <span class='ocrx_word' id='word_1_479' title='bbox 3140 2131 3363 2188; x_wconf 79' lang='grc' dir='ltr'>Μᾶλλον</span> <span class='ocrx_word' id='word_1_480' title='bbox 3418 2134 3513 2207; x_wconf 76' lang='grc' dir='ltr'>μὶν</span> <span class='ocrx_word' id='word_1_481' title='bbox 3562 2131 3653 2189; x_wconf 74' lang='grc' dir='ltr'>οὖν</span> <span class='ocrx_word' id='word_1_482' title='bbox 3690 2134 3834 2188; x_wconf 81' lang='grc' dir='ltr'>ἀπο-</span> 
     </span>
    </p>
   </div>
   <div class='ocr_carea' id='block_1_69' title="bbox 2173 2219 3836 2297">
    <p class='ocr_par' dir='ltr' id='par_1_69' title="bbox 2173 2219 3836 2297">
     <span class='ocr_line' id='line_1_70' title="bbox 2173 2219 3836 2297; baseline -0.001 -20"><span class='ocrx_word' id='word_1_483' title='bbox 2173 2222 2344 2279; x_wconf 78' lang='grc' dir='ltr'>κλίνει</span> <span class='ocrx_word' id='word_1_484' title='bbox 2374 2222 2463 2277; x_wconf 85' lang='grc' dir='ltr'><strong>καὶ</strong></span> <span class='ocrx_word' id='word_1_485' title='bbox 2495 2220 2628 2292; x_wconf 73' lang='grc' dir='ltr'>αὕτη</span> <span class='ocrx_word' id='word_1_486' title='bbox 2678 2222 2814 2297; x_wconf 84' lang='grc' dir='ltr'>πρὸς</span> <span class='ocrx_word' id='word_1_487' title='bbox 2862 2221 2924 2276; x_wconf 89' lang='grc' dir='ltr'>τὸ</span> <span class='ocrx_word' id='word_1_488' title='bbox 2969 2219 3230 2293; x_wconf 85' lang='grc' dir='ltr'>καθόλου,</span> <span class='ocrx_word' id='word_1_489' title='bbox 3279 2223 3403 2277; x_wconf 78' lang='grc' dir='ltr'>ὅταν</span> <span class='ocrx_word' id='word_1_490' title='bbox 3447 2222 3553 2277; x_wconf 86' lang='grc' dir='ltr'>ἀπὸ</span> <span class='ocrx_word' id='word_1_491' title='bbox 3599 2229 3702 2291; x_wconf 83' lang='grc' dir='ltr'><strong>τῆς</strong></span> <span class='ocrx_word' id='word_1_492' title='bbox 3736 2223 3836 2296; x_wconf 85' lang='grc' dir='ltr'>ἀρ-</span> 
     </span>
    </p>
   </div>
   <div class='ocr_carea' id='block_1_70' title="bbox 2173 2310 3839 2388">
    <p class='ocr_par' dir='ltr' id='par_1_70' title="bbox 2173 2310 3839 2388">
     <span class='ocr_line' id='line_1_71' title="bbox 2173 2310 3839 2388; baseline -0.001 -22"><span class='ocrx_word' id='word_1_493' title='bbox 2173 2314 2376 2382; x_wconf 74' lang='grc' dir='ltr'>νήσεως</span> <span class='ocrx_word' id='word_1_494' title='bbox 2434 2311 2723 2384; x_wconf 84' lang='grc' dir='ltr'>ποιώμεθα</span> <span class='ocrx_word' id='word_1_495' title='bbox 2774 2318 2875 2380; x_wconf 83' lang='grc' dir='ltr'><strong>τῆς</strong></span> <span class='ocrx_word' id='word_1_496' title='bbox 2931 2310 3248 2388; x_wconf 79' lang='grc' dir='ltr'>ἀποφάσεως</span> <span class='ocrx_word' id='word_1_497' title='bbox 3304 2312 3403 2380; x_wconf 76' lang='grc' dir='ltr'>τήν</span> <span class='ocrx_word' id='word_1_498' title='bbox 3463 2310 3667 2388; x_wconf 76' lang='grc' dir='ltr'>ἀρχὴν,</span> <span class='ocrx_word' id='word_1_499' title='bbox 3720 2310 3839 2365; x_wconf 79' lang='grc' dir='ltr'>Οὐκ</span> 
     </span>
    </p>
   </div>
   <div class='ocr_carea' id='block_1_71' title="bbox 2177 2396 3193 2477">
    <p class='ocr_par' dir='ltr' id='par_1_71' title="bbox 2177 2396 3193 2477">
     <span class='ocr_line' id='line_1_72' title="bbox 2177 2396 3193 2477; baseline 0.002 -22"><span class='ocrx_word' id='word_1_500' title='bbox 2177 2398 2317 2456; x_wconf 81' lang='grc' dir='ltr'>ἔστιν</span> <span class='ocrx_word' id='word_1_501' title='bbox 2350 2398 2630 2477; x_wconf 76' lang='grc' dir='ltr'>ἄνθρωπος</span> <span class='ocrx_word' id='word_1_502' title='bbox 2662 2396 2893 2472; x_wconf 81' lang='grc' dir='ltr'>δίκαιος,</span> <span class='ocrx_word' id='word_1_503' title='bbox 2927 2397 3193 2476; x_wconf 85' lang='grc' dir='ltr'>λέγοντες.</span> 
     </span>
    </p>
   </div>
   <div class='ocr_carea' id='block_1_72' title="bbox 2250 2575 3839 2656">
    <p class='ocr_par' dir='ltr' id='par_1_72' title="bbox 2250 2575 3839 2656">
     <span class='ocr_line' id='line_1_73' title="bbox 2250 2575 3839 2656; baseline -0.001 -22"><span class='ocrx_word' id='word_1_504' title='bbox 2250 2581 2314 2636; x_wconf 84' lang='grc' dir='ltr'><strong>θ’.</strong></span> <span class='ocrx_word' id='word_1_505' title='bbox 2361 2578 2515 2633; x_wconf 73' lang='grc' dir='ltr'>Οὕτω</span> <span class='ocrx_word' id='word_1_506' title='bbox 2559 2578 2650 2633; x_wconf 83' lang='grc' dir='ltr'><strong>καὶ</strong></span> <span class='ocrx_word' id='word_1_507' title='bbox 2697 2578 2793 2632; x_wconf 86' lang='grc' dir='ltr'>κᾶν</span> <span class='ocrx_word' id='word_1_508' title='bbox 2843 2581 2912 2652; x_wconf 84' lang='grc' dir='ltr'><strong>τῇ</strong></span> <span class='ocrx_word' id='word_1_509' title='bbox 2958 2575 3197 2641; x_wconf 78' lang='grc' dir='ltr'>καθόλου</span> <span class='ocrx_word' id='word_1_510' title='bbox 3244 2579 3533 2656; x_wconf 80' lang='grc' dir='ltr'>καταφάσει</span> <span class='ocrx_word' id='word_1_511' title='bbox 3589 2584 3692 2648; x_wconf 76' lang='grc' dir='ltr'>τῆς</span> <span class='ocrx_word' id='word_1_512' title='bbox 3740 2579 3839 2654; x_wconf 81' lang='grc' dir='ltr'>ἀρ-</span> 
     </span>
    </p>
   </div>
   <div class='ocr_carea' id='block_1_73' title="bbox 2178 2664 3835 2743">
    <p class='ocr_par' dir='ltr' id='par_1_73' title="bbox 2178 2664 3835 2743">
     <span class='ocr_line' id='line_1_74' title="bbox 2178 2664 3835 2743; baseline 0.001 -21"><span class='ocrx_word' id='word_1_513' title='bbox 2178 2673 2387 2739; x_wconf 72' lang='grc' dir='ltr'>νήσεως</span> <span class='ocrx_word' id='word_1_514' title='bbox 2446 2668 2735 2740; x_wconf 74' lang='grc' dir='ltr'>τιθεμένης</span> <span class='ocrx_word' id='word_1_515' title='bbox 2789 2668 2895 2743; x_wconf 87' lang='grc' dir='ltr'><strong>πρὸ</strong></span> <span class='ocrx_word' id='word_1_516' title='bbox 2950 2671 3048 2722; x_wconf 79' lang='grc' dir='ltr'><strong>τοῦ</strong></span> <span class='ocrx_word' id='word_1_517' title='bbox 3103 2665 3236 2733; x_wconf 83' lang='grc' dir='ltr'>ἐστι,</span> <span class='ocrx_word' id='word_1_518' title='bbox 3295 2666 3385 2721; x_wconf 83' lang='grc' dir='ltr'><strong>καὶ</strong></span> <span class='ocrx_word' id='word_1_519' title='bbox 3444 2664 3746 2740; x_wconf 73' lang='grc' dir='ltr'>δυναμένης</span> <span class='ocrx_word' id='word_1_520' title='bbox 3795 2671 3835 2737; x_wconf 79' lang='grc' dir='ltr'><strong>ἢ</strong></span> 
     </span>
    </p>
   </div>
   <div class='ocr_carea' id='block_1_74' title="bbox 2178 2755 3839 2833">
    <p class='ocr_par' dir='ltr' id='par_1_74' title="bbox 2178 2755 3839 2833">
     <span class='ocr_line' id='line_1_75' title="bbox 2178 2755 3839 2833; baseline -0.001 -20"><span class='ocrx_word' id='word_1_521' title='bbox 2178 2759 2314 2833; x_wconf 83' lang='grc' dir='ltr'>πρὸς</span> <span class='ocrx_word' id='word_1_522' title='bbox 2340 2758 2404 2812; x_wconf 87' lang='grc' dir='ltr'>τὸ</span> <span class='ocrx_word' id='word_1_523' title='bbox 2456 2763 2559 2819; x_wconf 82' lang='grc' dir='ltr'><strong>πάς</strong></span> <span class='ocrx_word' id='word_1_524' title='bbox 2592 2758 2627 2826; x_wconf 77' lang='grc' dir='ltr'>ἢ</span> <span class='ocrx_word' id='word_1_525' title='bbox 2660 2756 2796 2830; x_wconf 87' lang='grc' dir='ltr'>πρὸς</span> <span class='ocrx_word' id='word_1_526' title='bbox 2838 2757 2901 2811; x_wconf 89' lang='grc' dir='ltr'>τὸ</span> <span class='ocrx_word' id='word_1_527' title='bbox 2944 2755 3419 2832; x_wconf 70' lang='grc' dir='ltr'>κατηγορούμενον</span> <span class='ocrx_word' id='word_1_528' title='bbox 3466 2755 3839 2829; x_wconf 77' lang='grc' dir='ltr'>ἐξακούεσθαι,</span> 
     </span>
    </p>
   </div>
   <div class='ocr_carea' id='block_1_75' title="bbox 2178 2842 3841 2920">
    <p class='ocr_par' dir='ltr' id='par_1_75' title="bbox 2178 2842 3841 2920">
     <span class='ocr_line' id='line_1_76' title="bbox 2178 2842 3841 2920; baseline -0.001 -18"><span class='ocrx_word' id='word_1_529' title='bbox 2178 2842 2462 2919; x_wconf 74' lang='grc' dir='ltr'>συμϐαίνει</span> <span class='ocrx_word' id='word_1_530' title='bbox 2527 2848 2627 2915; x_wconf 81' lang='grc' dir='ltr'><strong>τήν</strong></span> <span class='ocrx_word' id='word_1_531' title='bbox 2686 2845 2941 2917; x_wconf 88' lang='grc' dir='ltr'>πρότασιν</span> <span class='ocrx_word' id='word_1_532' title='bbox 2979 2890 2993 2916; x_wconf 89' lang='grc'><strong>,</strong></span> <span class='ocrx_word' id='word_1_533' title='bbox 3048 2846 3122 2907; x_wconf 84' lang='grc' dir='ltr'>ὡς</span> <span class='ocrx_word' id='word_1_534' title='bbox 3183 2845 3275 2919; x_wconf 76' lang='grc' dir='ltr'>μὲν</span> <span class='ocrx_word' id='word_1_535' title='bbox 3335 2845 3655 2920; x_wconf 80' lang='grc' dir='ltr'>ἀναιροῦσαν</span> <span class='ocrx_word' id='word_1_536' title='bbox 3714 2852 3841 2910; x_wconf 82' lang='grc' dir='ltr'>ταῖς</span> 
     </span>
    </p>
   </div>
   <div class='ocr_carea' id='block_1_76' title="bbox 2179 2933 3841 3012">
    <p class='ocr_par' dir='ltr' id='par_1_76' title="bbox 2179 2933 3841 3012">
     <span class='ocr_line' id='line_1_77' title="bbox 2179 2933 3841 3012; baseline -0.001 -21"><span class='ocrx_word' id='word_1_537' title='bbox 2179 2943 2303 3008; x_wconf 76' lang='grc' dir='ltr'>πᾶς,</span> <span class='ocrx_word' id='word_1_538' title='bbox 2348 2939 2417 3009; x_wconf 77' lang='grc' dir='ltr'><strong>τῇ</strong></span> <span class='ocrx_word' id='word_1_539' title='bbox 2469 2934 2607 2989; x_wconf 83' lang='grc' dir='ltr'><strong>κατά</strong></span> <span class='ocrx_word' id='word_1_540' title='bbox 2659 2935 2821 3010; x_wconf 88' lang='grc' dir='ltr'>μέρος</span> <span class='ocrx_word' id='word_1_541' title='bbox 2863 2933 3125 3012; x_wconf 88' lang='grc' dir='ltr'>ἀποφάσει</span> <span class='ocrx_word' id='word_1_542' title='bbox 3175 2935 3365 2989; x_wconf 86' lang='grc' dir='ltr'>ταυτὸν</span> <span class='ocrx_word' id='word_1_543' title='bbox 3418 2934 3648 3011; x_wconf 76' lang='grc' dir='ltr'>ἰσχύειν·</span> <span class='ocrx_word' id='word_1_544' title='bbox 3698 2934 3841 3011; x_wconf 76' lang='grc' dir='ltr'>ὅπερ</span> 
     </span>
    </p>
   </div>
   <div class='ocr_carea' id='block_1_77' title="bbox 2181 3021 3847 3103">
    <p class='ocr_par' dir='ltr' id='par_1_77' title="bbox 2181 3021 3847 3103">
     <span class='ocr_line' id='line_1_78' title="bbox 2181 3021 3847 3103; baseline 0.001 -24"><span class='ocrx_word' id='word_1_545' title='bbox 2181 3023 2501 3103; x_wconf 85' lang='grc' dir='ltr'>σαφέστερον</span> <span class='ocrx_word' id='word_1_546' title='bbox 2579 3023 2822 3101; x_wconf 80' lang='grc' dir='ltr'>φαίνεται</span> <span class='ocrx_word' id='word_1_547' title='bbox 2893 3022 3179 3096; x_wconf 76' lang='grc' dir='ltr'>τιθεμένου</span> <span class='ocrx_word' id='word_1_548' title='bbox 3232 3027 3329 3077; x_wconf 72' lang='grc' dir='ltr'><strong>τοῦ</strong></span> <span class='ocrx_word' id='word_1_549' title='bbox 3399 3021 3497 3077; x_wconf 76' lang='grc' dir='ltr'><strong>οὐκ</strong></span> <span class='ocrx_word' id='word_1_550' title='bbox 3555 3021 3665 3078; x_wconf 81' lang='grc' dir='ltr'>ἔστι</span> <span class='ocrx_word' id='word_1_551' title='bbox 3722 3030 3847 3080; x_wconf 77' lang='grc' dir='ltr'>κατ’</span> 
     </span>
    </p>
   </div>
   <div class='ocr_carea' id='block_1_78' title="bbox 2184 3107 3848 3189">
    <p class='ocr_par' dir='ltr' id='par_1_78' title="bbox 2184 3107 3848 3189">
     <span class='ocr_line' id='line_1_79' title="bbox 2184 3107 3848 3189; baseline 0 -22"><span class='ocrx_word' id='word_1_552' title='bbox 2184 3113 2357 3189; x_wconf 77' lang='grc' dir='ltr'>ἀρχάς</span> <span class='ocrx_word' id='word_1_553' title='bbox 2403 3119 2504 3182; x_wconf 77' lang='grc' dir='ltr'><strong>τῆς</strong></span> <span class='ocrx_word' id='word_1_554' title='bbox 2555 3110 2868 3186; x_wconf 80' lang='grc' dir='ltr'>προτάσεως</span> <span class='ocrx_word' id='word_1_555' title='bbox 2900 3130 2911 3141; x_wconf 81' lang='grc'><strong><em>⁸</em></strong></span> <span class='ocrx_word' id='word_1_556' title='bbox 2965 3110 3101 3180; x_wconf 77' lang='grc' dir='ltr'>οἷον,</span> <span class='ocrx_word' id='word_1_557' title='bbox 3152 3109 3263 3165; x_wconf 82' lang='grc' dir='ltr'><strong>Ούκ</strong></span> <span class='ocrx_word' id='word_1_558' title='bbox 3307 3107 3421 3166; x_wconf 66' lang='grc' dir='ltr'>ἔστι</span> <span class='ocrx_word' id='word_1_559' title='bbox 3475 3116 3580 3173; x_wconf 82' lang='grc' dir='ltr'><strong>πᾶς</strong></span> <span class='ocrx_word' id='word_1_560' title='bbox 3637 3110 3848 3187; x_wconf 78' lang='grc' dir='ltr'>ἅνθρω-</span> 
     </span>
    </p>
   </div>
   <div class='ocr_carea' id='block_1_79' title="bbox 2182 3196 3846 3279">
    <p class='ocr_par' dir='ltr' id='par_1_79' title="bbox 2182 3196 3846 3279">
     <span class='ocr_line' id='line_1_80' title="bbox 2182 3196 3846 3279; baseline -0.002 -23"><span class='ocrx_word' id='word_1_561' title='bbox 2182 3222 2285 3263; x_wconf 88' lang='grc' dir='ltr'><strong>πος</strong></span> <span class='ocrx_word' id='word_1_562' title='bbox 2343 3200 2525 3279; x_wconf 86' lang='grc' dir='ltr'>σοφός·</span> <span class='ocrx_word' id='word_1_563' title='bbox 2582 3200 2656 3262; x_wconf 86' lang='grc' dir='ltr'>ὡς</span> <span class='ocrx_word' id='word_1_564' title='bbox 2717 3196 2775 3254; x_wconf 72' lang='grc' dir='ltr'>δὲ</span> <span class='ocrx_word' id='word_1_565' title='bbox 2841 3199 2904 3254; x_wconf 85' lang='grc' dir='ltr'>τὸ</span> <span class='ocrx_word' id='word_1_566' title='bbox 2959 3198 3433 3277; x_wconf 79' lang='grc' dir='ltr'>κατηγορούμενον</span> <span class='ocrx_word' id='word_1_567' title='bbox 3493 3200 3846 3276; x_wconf 75' lang='grc' dir='ltr'>ἀναιροῦσαν,</span> 
     </span>
    </p>
   </div>
   <div class='ocr_carea' id='block_1_80' title="bbox 2183 3286 3849 3367">
    <p class='ocr_par' dir='ltr' id='par_1_80' title="bbox 2183 3286 3849 3367">
     <span class='ocr_line' id='line_1_81' title="bbox 2183 3286 3849 3367; baseline -0.001 -23"><span class='ocrx_word' id='word_1_568' title='bbox 2183 3294 2251 3364; x_wconf 83' lang='grc' dir='ltr'><strong>τῇ</strong></span> <span class='ocrx_word' id='word_1_569' title='bbox 2282 3289 2521 3346; x_wconf 80' lang='grc' dir='ltr'>καθόλου</span> <span class='ocrx_word' id='word_1_570' title='bbox 2554 3288 2817 3367; x_wconf 83' lang='grc' dir='ltr'>ἀποφάσει</span> <span class='ocrx_word' id='word_1_571' title='bbox 2869 3288 3179 3343; x_wconf 73' lang='grc' dir='ltr'><strong>ἰειόσθενεῖν⁸</strong></span> <span class='ocrx_word' id='word_1_572' title='bbox 3231 3288 3367 3361; x_wconf 76' lang='grc' dir='ltr'>οἷον,</span> <span class='ocrx_word' id='word_1_573' title='bbox 3398 3294 3513 3350; x_wconf 79' lang='grc' dir='ltr'><strong>Πᾶς</strong></span> <span class='ocrx_word' id='word_1_574' title='bbox 3555 3286 3849 3363; x_wconf 72' lang='grc' dir='ltr'>ἅνθρωπος</span> 
     </span>
    </p>
   </div>
   <div class='ocr_carea' id='block_1_81' title="bbox 2185 3374 3846 3458">
    <p class='ocr_par' dir='ltr' id='par_1_81' title="bbox 2185 3374 3846 3458">
     <span class='ocr_line' id='line_1_82' title="bbox 2185 3374 3846 3458; baseline 0 -24"><span class='ocrx_word' id='word_1_575' title='bbox 2185 3379 2348 3458; x_wconf 86' lang='grc' dir='ltr'>σοφὸς</span> <span class='ocrx_word' id='word_1_576' title='bbox 2382 3377 2482 3433; x_wconf 82' lang='grc' dir='ltr'>οὐκ</span> <span class='ocrx_word' id='word_1_577' title='bbox 2509 3374 2668 3434; x_wconf 79' lang='grc' dir='ltr'>ἔστιν·</span> <span class='ocrx_word' id='word_1_578' title='bbox 2704 3376 2834 3454; x_wconf 75' lang='grc' dir='ltr'>ὅπερ</span> <span class='ocrx_word' id='word_1_579' title='bbox 2854 3377 3047 3433; x_wconf 86' lang='grc' dir='ltr'>ταυτόν</span> <span class='ocrx_word' id='word_1_580' title='bbox 3073 3376 3181 3433; x_wconf 88' lang='grc' dir='ltr'>έστι</span> <span class='ocrx_word' id='word_1_581' title='bbox 3203 3381 3301 3450; x_wconf 80' lang='grc' dir='ltr'><strong>τῷ,</strong></span> <span class='ocrx_word' id='word_1_582' title='bbox 3333 3374 3522 3441; x_wconf 80' lang='grc' dir='ltr'>Οὐδεὶς</span> <span class='ocrx_word' id='word_1_583' title='bbox 3552 3378 3846 3455; x_wconf 82' lang='grc' dir='ltr'>ἄνθρωπος</span> 
     </span>
    </p>
   </div>
   <div class='ocr_carea' id='block_1_82' title="bbox 2184 3465 2709 3546">
    <p class='ocr_par' dir='ltr' id='par_1_82' title="bbox 2184 3465 2709 3546">
     <span class='ocr_line' id='line_1_83' title="bbox 2184 3465 2709 3546; baseline 0.002 -23"><span class='ocrx_word' id='word_1_584' title='bbox 2184 3468 2348 3546; x_wconf 88' lang='grc' dir='ltr'>σοφός</span> <span class='ocrx_word' id='word_1_585' title='bbox 2382 3466 2548 3544; x_wconf 89' lang='grc' dir='ltr'>σοφός</span> <span class='ocrx_word' id='word_1_586' title='bbox 2579 3465 2709 3524; x_wconf 82' lang='grc' dir='ltr'>έστι.</span> 
     </span>
    </p>
   </div>
   <div class='ocr_carea' id='block_1_83' title="bbox 2261 3552 3846 3632">
    <p class='ocr_par' dir='ltr' id='par_1_83' title="bbox 2261 3552 3846 3632">
     <span class='ocr_line' id='line_1_84' title="bbox 2261 3552 3846 3632; baseline 0 -21"><span class='ocrx_word' id='word_1_587' title='bbox 2261 3557 2306 3613; x_wconf 83' lang='grc' dir='ltr'><strong>ι’.</strong></span> <span class='ocrx_word' id='word_1_588' title='bbox 2342 3560 2513 3631; x_wconf 81' lang='grc' dir='ltr'>Τριῶν</span> <span class='ocrx_word' id='word_1_589' title='bbox 2546 3552 2591 3610; x_wconf 84' lang='grc' dir='ltr'>δ’</span> <span class='ocrx_word' id='word_1_590' title='bbox 2622 3554 2792 3610; x_wconf 79' lang='grc' dir='ltr'>ὄντων</span> <span class='ocrx_word' id='word_1_591' title='bbox 2847 3552 3005 3610; x_wconf 80' lang='grc' dir='ltr'>εἰδῶν</span> <span class='ocrx_word' id='word_1_592' title='bbox 3054 3559 3162 3611; x_wconf 82' lang='grc' dir='ltr'><strong>τῶν</strong></span> <span class='ocrx_word' id='word_1_593' title='bbox 3206 3555 3541 3632; x_wconf 88' lang='grc' dir='ltr'>προτάσεων,</span> <span class='ocrx_word' id='word_1_594' title='bbox 3574 3554 3701 3626; x_wconf 75' lang='grc' dir='ltr'>ἤτοι</span> <span class='ocrx_word' id='word_1_595' title='bbox 3726 3561 3846 3612; x_wconf 76' lang='grc' dir='ltr'>τῶν</span> 
     </span>
    </p>
   </div>
   <div class='ocr_carea' id='block_1_84' title="bbox 2186 3640 3845 3721">
    <p class='ocr_par' dir='ltr' id='par_1_84' title="bbox 2186 3640 3845 3721">
     <span class='ocr_line' id='line_1_85' title="bbox 2186 3640 3845 3721; baseline 0.001 -21"><span class='ocrx_word' id='word_1_596' title='bbox 2186 3642 2701 3721; x_wconf 86' lang='grc' dir='ltr'>προσδιωρισμένων</span> <span class='ocrx_word' id='word_1_597' title='bbox 2737 3689 2752 3709; x_wconf 82' lang='grc'><strong>,</strong></span> <span class='ocrx_word' id='word_1_598' title='bbox 2809 3647 2917 3699; x_wconf 81' lang='grc' dir='ltr'><strong>τῶν</strong></span> <span class='ocrx_word' id='word_1_599' title='bbox 2984 3640 3449 3721; x_wconf 79' lang='grc' dir='ltr'>ἀπροσδιορίστων</span> <span class='ocrx_word' id='word_1_600' title='bbox 3490 3689 3505 3715; x_wconf 93' lang='grc'><strong>,</strong></span> <span class='ocrx_word' id='word_1_601' title='bbox 3562 3646 3653 3701; x_wconf 85' lang='grc' dir='ltr'><strong>καὶ</strong></span> <span class='ocrx_word' id='word_1_602' title='bbox 3728 3650 3845 3701; x_wconf 78' lang='grc' dir='ltr'><strong>τῶν</strong></span> 
     </span>
    </p>
   </div>
   <div class='ocr_carea' id='block_1_85' title="bbox 2186 3730 3847 3811">
    <p class='ocr_par' dir='ltr' id='par_1_85' title="bbox 2186 3730 3847 3811">
     <span class='ocr_line' id='line_1_86' title="bbox 2186 3730 3847 3811; baseline 0.001 -22"><span class='ocrx_word' id='word_1_603' title='bbox 2186 3733 2483 3789; x_wconf 83' lang='grc' dir='ltr'>καθέκαοτα</span> <span class='ocrx_word' id='word_1_604' title='bbox 2514 3777 2529 3803; x_wconf 88' lang='lat'><strong>,</strong></span> <span class='ocrx_word' id='word_1_605' title='bbox 2579 3735 2635 3789; x_wconf 73' lang='grc' dir='ltr'>αἱ</span> <span class='ocrx_word' id='word_1_606' title='bbox 2695 3733 2788 3807; x_wconf 73' lang='grc' dir='ltr'>μὲν</span> <span class='ocrx_word' id='word_1_607' title='bbox 2842 3730 3335 3809; x_wconf 87' lang='grc' dir='ltr'>προσδιωρισμέναι</span> <span class='ocrx_word' id='word_1_608' title='bbox 3390 3734 3482 3788; x_wconf 85' lang='grc' dir='ltr'><strong>καὶ</strong></span> <span class='ocrx_word' id='word_1_609' title='bbox 3545 3731 3847 3811; x_wconf 82' lang='grc' dir='ltr'>ἀπροσδιό-</span> 
     </span>
    </p>
   </div>
   <div class='ocr_carea' id='block_1_86' title="bbox 2192 3820 3850 3899">
    <p class='ocr_par' dir='ltr' id='par_1_86' title="bbox 2192 3820 3850 3899">
     <span class='ocr_line' id='line_1_87' title="bbox 2192 3820 3850 3899; baseline 0.001 -23"><span class='ocrx_word' id='word_1_610' title='bbox 2192 3844 2363 3897; x_wconf 83' lang='grc' dir='ltr'>ριστοι</span> <span class='ocrx_word' id='word_1_611' title='bbox 2421 3822 2557 3877; x_wconf 85' lang='grc' dir='ltr'><strong>κατά</strong></span> <span class='ocrx_word' id='word_1_612' title='bbox 2611 3823 2781 3877; x_wconf 81' lang='grc' dir='ltr'>πάντα</span> <span class='ocrx_word' id='word_1_613' title='bbox 2828 3821 3029 3897; x_wconf 88' lang='grc' dir='ltr'>χρόνον</span> <span class='ocrx_word' id='word_1_614' title='bbox 3090 3820 3299 3895; x_wconf 82' lang='grc' dir='ltr'>ὁμοίως</span> <span class='ocrx_word' id='word_1_615' title='bbox 3357 3820 3547 3899; x_wconf 86' lang='grc' dir='ltr'>ἔχουσι</span> <span class='ocrx_word' id='word_1_616' title='bbox 3593 3823 3734 3899; x_wconf 86' lang='grc' dir='ltr'>πρὸς</span> <span class='ocrx_word' id='word_1_617' title='bbox 3780 3824 3850 3878; x_wconf 78' lang='grc' dir='ltr'>τὸ</span> 
     </span>
    </p>
   </div>
   <div class='ocr_carea' id='block_1_87' title="bbox 2192 3908 3850 3986">
    <p class='ocr_par' dir='ltr' id='par_1_87' title="bbox 2192 3908 3850 3986">
     <span class='ocr_line' id='line_1_88' title="bbox 2192 3908 3850 3986; baseline 0.001 -19"><span class='ocrx_word' id='word_1_618' title='bbox 2192 3909 2417 3986; x_wconf 81' lang='grc' dir='ltr'>διαιρεῖν</span> <span class='ocrx_word' id='word_1_619' title='bbox 2463 3912 2526 3966; x_wconf 87' lang='grc' dir='ltr'>τὸ</span> <span class='ocrx_word' id='word_1_620' title='bbox 2591 3908 2786 3985; x_wconf 71' lang='grc' dir='ltr'>ψεῦδος</span> <span class='ocrx_word' id='word_1_621' title='bbox 2854 3911 2943 3964; x_wconf 82' lang='grc' dir='ltr'><strong>καὶ</strong></span> <span class='ocrx_word' id='word_1_622' title='bbox 2987 3911 3085 3979; x_wconf 75' lang='grc' dir='ltr'>τὴν</span> <span class='ocrx_word' id='word_1_623' title='bbox 3136 3909 3414 3982; x_wconf 79' lang='grc' dir='ltr'>ἀλήθειαν·</span> <span class='ocrx_word' id='word_1_624' title='bbox 3467 3913 3522 3966; x_wconf 68' lang='grc' dir='ltr'>αἱ</span> <span class='ocrx_word' id='word_1_625' title='bbox 3572 3909 3633 3967; x_wconf 68' lang='grc' dir='ltr'>δὲ</span> <span class='ocrx_word' id='word_1_626' title='bbox 3685 3913 3850 3976; x_wconf 77' lang='grc' dir='ltr'>καθέ-</span> 
     </span>
    </p>
   </div>
   <div class='ocr_carea' id='block_1_88' title="bbox 2191 3998 3854 4076">
    <p class='ocr_par' dir='ltr' id='par_1_88' title="bbox 2191 3998 3854 4076">
     <span class='ocr_line' id='line_1_89' title="bbox 2191 3998 3854 4076; baseline -0.001 -20"><span class='ocrx_word' id='word_1_627' title='bbox 2191 4021 2359 4056; x_wconf 89' lang='grc' dir='ltr'>καστα</span> <span class='ocrx_word' id='word_1_628' title='bbox 2411 4000 2545 4055; x_wconf 85' lang='grc' dir='ltr'>κατὰ</span> <span class='ocrx_word' id='word_1_629' title='bbox 2600 3999 2773 4055; x_wconf 85' lang='grc' dir='ltr'>πάντα</span> <span class='ocrx_word' id='word_1_630' title='bbox 2834 3999 2929 4072; x_wconf 75' lang='grc' dir='ltr'>μὲν</span> <span class='ocrx_word' id='word_1_631' title='bbox 2984 3998 3183 4076; x_wconf 87' lang='grc' dir='ltr'>χρόνον</span> <span class='ocrx_word' id='word_1_632' title='bbox 3240 3998 3328 4054; x_wconf 82' lang='grc' dir='ltr'>ἐπὶ</span> <span class='ocrx_word' id='word_1_633' title='bbox 3383 4000 3483 4069; x_wconf 80' lang='grc' dir='ltr'><strong>τῆς</strong></span> <span class='ocrx_word' id='word_1_634' title='bbox 3556 4000 3854 4076; x_wconf 76' lang='grc' dir='ltr'>ἀναγκαίας</span> 
     </span>
    </p>
   </div>
   <div class='ocr_carea' id='block_1_89' title="bbox 2193 4085 3853 4164">
    <p class='ocr_par' dir='ltr' id='par_1_89' title="bbox 2193 4085 3853 4164">
     <span class='ocr_line' id='line_1_90' title="bbox 2193 4085 3853 4164; baseline 0.001 -21"><span class='ocrx_word' id='word_1_635' title='bbox 2193 4087 2332 4160; x_wconf 73' lang='grc' dir='ltr'>ὕλης</span> <span class='ocrx_word' id='word_1_636' title='bbox 2372 4090 2462 4144; x_wconf 82' lang='grc' dir='ltr'>καὶ</span> <span class='ocrx_word' id='word_1_637' title='bbox 2490 4085 2778 4143; x_wconf 72' lang='grc' dir='ltr'>’ἀδυνάτου</span> <span class='ocrx_word' id='word_1_638' title='bbox 2822 4085 3119 4163; x_wconf 81' lang='grc' dir='ltr'>διαιρούσιν</span> <span class='ocrx_word' id='word_1_639' title='bbox 3172 4085 3491 4164; x_wconf 71' lang='grc' dir='ltr'>ὡρισμένως</span> <span class='ocrx_word' id='word_1_640' title='bbox 3537 4086 3602 4143; x_wconf 84' lang='grc' dir='ltr'>τὸ</span> <span class='ocrx_word' id='word_1_641' title='bbox 3649 4085 3853 4162; x_wconf 74' lang='grc' dir='ltr'>ψεῦδος</span> 
     </span>
    </p>
   </div>
   <div class='ocr_carea' id='block_1_90' title="bbox 2192 4172 3859 4252">
    <p class='ocr_par' dir='ltr' id='par_1_90' title="bbox 2192 4172 3859 4252">
     <span class='ocr_line' id='line_1_91' title="bbox 2192 4172 3859 4252; baseline -0.001 -19"><span class='ocrx_word' id='word_1_642' title='bbox 2192 4176 2283 4233; x_wconf 78' lang='grc' dir='ltr'>καί</span> <span class='ocrx_word' id='word_1_643' title='bbox 2336 4178 2435 4246; x_wconf 73' lang='grc' dir='ltr'>τὴν</span> <span class='ocrx_word' id='word_1_644' title='bbox 2495 4176 2752 4248; x_wconf 68' lang='grc' dir='ltr'>ἀλήθειαν</span> <span class='ocrx_word' id='word_1_645' title='bbox 2787 4196 2800 4209; x_wconf 74' lang='grc' dir='ltr'><strong>ο</strong></span> <span class='ocrx_word' id='word_1_646' title='bbox 2862 4176 2949 4232; x_wconf 81' lang='grc' dir='ltr'>ἐπὶ</span> <span class='ocrx_word' id='word_1_647' title='bbox 3005 4173 3063 4231; x_wconf 75' lang='grc' dir='ltr'>δὲ</span> <span class='ocrx_word' id='word_1_648' title='bbox 3133 4182 3236 4245; x_wconf 79' lang='grc' dir='ltr'><strong>τῆς</strong></span> <span class='ocrx_word' id='word_1_649' title='bbox 3295 4172 3659 4252; x_wconf 72' lang='grc' dir='ltr'>ἐνδεχομένης</span> <span class='ocrx_word' id='word_1_650' title='bbox 3714 4178 3859 4232; x_wconf 85' lang='grc' dir='ltr'><strong>κατά</strong></span> 
     </span>
    </p>
   </div>
   <div class='ocr_carea' id='block_1_91' title="bbox 2196 4260 3857 4341">
    <p class='ocr_par' dir='ltr' id='par_1_91' title="bbox 2196 4260 3857 4341">
     <span class='ocr_line' id='line_1_92' title="bbox 2196 4260 3857 4341; baseline -0.002 -20"><span class='ocrx_word' id='word_1_651' title='bbox 2196 4266 2368 4321; x_wconf 86' lang='grc' dir='ltr'>πάντα</span> <span class='ocrx_word' id='word_1_652' title='bbox 2414 4267 2508 4338; x_wconf 72' lang='grc' dir='ltr'>μὲν</span> <span class='ocrx_word' id='word_1_653' title='bbox 2556 4267 2648 4321; x_wconf 87' lang='grc' dir='ltr'><strong>τὸν</strong></span> <span class='ocrx_word' id='word_1_654' title='bbox 2705 4260 2969 4320; x_wconf 74' lang='grc' dir='ltr'>ἐνεστῶτα</span> <span class='ocrx_word' id='word_1_655' title='bbox 3004 4264 3094 4320; x_wconf 79' lang='grc' dir='ltr'><strong>καὶ</strong></span> <span class='ocrx_word' id='word_1_656' title='bbox 3144 4261 3565 4340; x_wconf 82' lang='grc' dir='ltr'>παρεληλυθότα</span> <span class='ocrx_word' id='word_1_657' title='bbox 3614 4264 3857 4341; x_wconf 81' lang='grc' dir='ltr'>ὡρισμέ-</span> 
     </span>
    </p>
   </div>
   <div class='ocr_carea' id='block_1_92' title="bbox 2196 4351 3860 4430">
    <p class='ocr_par' dir='ltr' id='par_1_92' title="bbox 2196 4351 3860 4430">
     <span class='ocr_line' id='line_1_93' title="bbox 2196 4351 3860 4430; baseline -0.001 -20"><span class='ocrx_word' id='word_1_658' title='bbox 2196 4376 2327 4418; x_wconf 87' lang='grc' dir='ltr'>νως,</span> <span class='ocrx_word' id='word_1_659' title='bbox 2356 4354 2492 4408; x_wconf 86' lang='grc' dir='ltr'><strong>κατά</strong></span> <span class='ocrx_word' id='word_1_660' title='bbox 2542 4351 2600 4408; x_wconf 74' lang='grc' dir='ltr'>δὲ</span> <span class='ocrx_word' id='word_1_661' title='bbox 2644 4355 2736 4408; x_wconf 89' lang='grc' dir='ltr'><strong>τὸν</strong></span> <span class='ocrx_word' id='word_1_662' title='bbox 2791 4352 3064 4426; x_wconf 87' lang='grc' dir='ltr'>μέλλοντα</span> <span class='ocrx_word' id='word_1_663' title='bbox 3111 4353 3397 4429; x_wconf 58' lang='grc' dir='ltr'>ἀορίστως</span> <span class='ocrx_word' id='word_1_664' title='bbox 3448 4352 3587 4423; x_wconf 81' lang='grc' dir='ltr'>οἷον,</span> <span class='ocrx_word' id='word_1_665' title='bbox 3629 4356 3860 4430; x_wconf 83' lang='grc' dir='ltr'>Σωκρά-</span> 
     </span>
    </p>
   </div>
   <div class='ocr_carea' id='block_1_93' title="bbox 2196 4437 3854 4518">
    <p class='ocr_par' dir='ltr' id='par_1_93' title="bbox 2196 4437 3854 4518">
     <span class='ocr_line' id='line_1_94' title="bbox 2196 4437 3854 4518; baseline -0.001 -19"><span class='ocrx_word' id='word_1_666' title='bbox 2196 4466 2297 4514; x_wconf 89' lang='grc' dir='ltr'><strong>της</strong></span> <span class='ocrx_word' id='word_1_667' title='bbox 2330 4440 2649 4515; x_wconf 81' lang='grc' dir='ltr'>διαλέξεται,</span> <span class='ocrx_word' id='word_1_668' title='bbox 2682 4443 2742 4512; x_wconf 61' lang='lat' dir='ltr'><strong>ﬁ,</strong></span> <span class='ocrx_word' id='word_1_669' title='bbox 2794 4443 3091 4518; x_wconf 89' lang='grc' dir='ltr'>Σωκράτης</span> <span class='ocrx_word' id='word_1_670' title='bbox 3140 4440 3203 4497; x_wconf 84' lang='grc' dir='ltr'><strong>ού</strong></span> <span class='ocrx_word' id='word_1_671' title='bbox 3234 4437 3554 4513; x_wconf 83' lang='grc' dir='ltr'>διαλέξεται.</span> <span class='ocrx_word' id='word_1_672' title='bbox 3599 4446 3721 4497; x_wconf 85' lang='grc' dir='ltr'>Ὅτι</span> <span class='ocrx_word' id='word_1_673' title='bbox 3755 4445 3854 4517; x_wconf 83' lang='grc' dir='ltr'><strong>μὶν</strong></span> 
     </span>
    </p>
   </div>
   <div class='ocr_carea' id='block_1_94' title="bbox 2197 4528 3854 4610">
    <p class='ocr_par' dir='ltr' id='par_1_94' title="bbox 2197 4528 3854 4610">
     <span class='ocr_line' id='line_1_95' title="bbox 2197 4528 3854 4610; baseline 0.001 -23"><span class='ocrx_word' id='word_1_674' title='bbox 2197 4535 2298 4609; x_wconf 76' lang='grc' dir='ltr'><strong>γάρ</strong></span> <span class='ocrx_word' id='word_1_675' title='bbox 2346 4533 2380 4602; x_wconf 72' lang='grc' dir='ltr'><strong>ἢ</strong></span> <span class='ocrx_word' id='word_1_676' title='bbox 2434 4529 2755 4604; x_wconf 79' lang='grc' dir='ltr'>διαλέξεται,</span> <span class='ocrx_word' id='word_1_677' title='bbox 2788 4531 2823 4601; x_wconf 74' lang='grc' dir='ltr'><strong>ἢ</strong></span> <span class='ocrx_word' id='word_1_678' title='bbox 2859 4530 2920 4587; x_wconf 84' lang='grc' dir='ltr'>οὐ</span> <span class='ocrx_word' id='word_1_679' title='bbox 2971 4528 3292 4602; x_wconf 78' lang='grc' dir='ltr'>διαλέξεται,</span> <span class='ocrx_word' id='word_1_680' title='bbox 3338 4528 3507 4601; x_wconf 76' lang='grc' dir='ltr'>δῆλον</span> <span class='ocrx_word' id='word_1_681' title='bbox 3543 4551 3557 4564; x_wconf 80' lang='grc'><strong>’</strong></span> <span class='ocrx_word' id='word_1_682' title='bbox 3590 4531 3854 4610; x_wconf 79' lang='grc' dir='ltr'>ὁπότερον</span> 
     </span>
    </p>
   </div>
   <div class='ocr_carea' id='block_1_95' title="bbox 441 4617 2072 4708">
    <p class='ocr_par' dir='ltr' id='par_1_95' title="bbox 441 4621 2072 4694">
     <span class='ocr_line' id='line_1_96' title="bbox 441 4621 2072 4694; baseline 0 -18"><span class='ocrx_word' id='word_1_683' title='bbox 441 4621 521 4676; x_wconf 90' lang='lat' dir='ltr'><strong>tio</strong></span> <span class='ocrx_word' id='word_1_684' title='bbox 553 4622 674 4677; x_wconf 87' lang='lat' dir='ltr'><strong>sive</strong></span> <span class='ocrx_word' id='word_1_685' title='bbox 722 4622 951 4693; x_wconf 88' lang='lat' dir='ltr'><strong>negatio</strong></span> <span class='ocrx_word' id='word_1_686' title='bbox 1000 4638 1199 4676; x_wconf 86' lang='lat' dir='ltr'><strong>verum</strong></span> <span class='ocrx_word' id='word_1_687' title='bbox 1251 4622 1425 4692; x_wconf 90' lang='lat' dir='ltr'><strong>dicat,</strong></span> <span class='ocrx_word' id='word_1_688' title='bbox 1470 4622 1540 4678; x_wconf 89' lang='lat' dir='ltr'><strong>de</strong></span> <span class='ocrx_word' id='word_1_689' title='bbox 1590 4622 1783 4678; x_wconf 82' lang='lat' dir='ltr'><strong>futuro</strong></span> <span class='ocrx_word' id='word_1_690' title='bbox 1833 4626 2072 4694; x_wconf 67' lang='lat' dir='ltr'><strong>temporc</strong></span> 
     </span>
    </p>
   </div>
   <div class='ocr_carea' id='block_1_96' title="bbox 2188 4617 3859 4708">
    <p class='ocr_par' dir='ltr' id='par_1_96' title="bbox 2200 4617 3859 4699">
     <span class='ocr_line' id='line_1_97' title="bbox 2200 4617 3859 4699; baseline 0.001 -23"><span class='ocrx_word' id='word_1_691' title='bbox 2200 4620 2258 4676; x_wconf 75' lang='grc' dir='ltr'>δὲ</span> <span class='ocrx_word' id='word_1_692' title='bbox 2312 4629 2412 4691; x_wconf 83' lang='grc' dir='ltr'>τῆς</span> <span class='ocrx_word' id='word_1_693' title='bbox 2464 4621 2795 4699; x_wconf 85' lang='grc' dir='ltr'>ἀντιφάσεως</span> <span class='ocrx_word' id='word_1_694' title='bbox 2852 4618 3108 4691; x_wconf 86' lang='grc' dir='ltr'>ἀληθεύει</span> <span class='ocrx_word' id='word_1_695' title='bbox 3169 4619 3383 4696; x_wconf 90' lang='grc' dir='ltr'>μόριον,</span> <span class='ocrx_word' id='word_1_696' title='bbox 3442 4617 3550 4675; x_wconf 77' lang='grc' dir='ltr'>εἷ’τε</span> <span class='ocrx_word' id='word_1_697' title='bbox 3606 4623 3643 4691; x_wconf 83' lang='grc' dir='ltr'>ἠ</span> <span class='ocrx_word' id='word_1_698' title='bbox 3693 4623 3859 4677; x_wconf 81' lang='grc' dir='ltr'>κατά-</span> 
     </span>
    </p>
   </div>
   <div class='ocr_carea' id='block_1_97' title="bbox 453 4710 1231 4766">
    <p class='ocr_par' dir='ltr' id='par_1_97' title="bbox 453 4710 1231 4766">
     <span class='ocr_line' id='line_1_98' title="bbox 453 4710 1231 4766; baseline -0.001 -1"><span class='ocrx_word' id='word_1_699' title='bbox 453 4727 567 4766; x_wconf 92' lang='lat' dir='ltr'><strong>non</strong></span> <span class='ocrx_word' id='word_1_700' title='bbox 601 4710 733 4765; x_wconf 89' lang='lat' dir='ltr'><strong>licet</strong></span> <span class='ocrx_word' id='word_1_701' title='bbox 757 4710 991 4766; x_wconf 85' lang='lat' dir='ltr'><strong>deﬁnite</strong></span> <span class='ocrx_word' id='word_1_702' title='bbox 1023 4710 1231 4766; x_wconf 89' lang='lat' dir='ltr'><strong>dicere.</strong></span> 
     </span>
    </p>
   </div>
   <div class='ocr_carea' id='block_1_98' title="bbox 523 4887 2097 4963">
    <p class='ocr_par' dir='ltr' id='par_1_98' title="bbox 523 4887 2097 4963">
     <span class='ocr_line' id='line_1_99' title="bbox 523 4887 2097 4963; baseline 0.002 -21"><span class='ocrx_word' id='word_1_703' title='bbox 523 4890 610 4946; x_wconf 82' lang='grc'><strong>11.</strong></span> <span class='ocrx_word' id='word_1_704' title='bbox 664 4889 947 4945; x_wconf 76' lang='lat' dir='ltr'><strong>Diﬂ&#39;erunt</strong></span> <span class='ocrx_word' id='word_1_705' title='bbox 1007 4889 1261 4962; x_wconf 89' lang='lat' dir='ltr'><strong>denique</strong></span> <span class='ocrx_word' id='word_1_706' title='bbox 1312 4888 1374 4942; x_wconf 85' lang='grc' dir='ltr'>τὸ</span> <span class='ocrx_word' id='word_1_707' title='bbox 1434 4887 1637 4961; x_wconf 88' lang='grc' dir='ltr'>μέλλον</span> <span class='ocrx_word' id='word_1_708' title='bbox 1695 4890 1759 4944; x_wconf 83' lang='grc' dir='ltr'>τὸ</span> <span class='ocrx_word' id='word_1_709' title='bbox 1819 4888 2097 4963; x_wconf 77' lang='grc' dir='ltr'>ἐσόμενον.</span> 
     </span>
    </p>
   </div>
   <div class='ocr_carea' id='block_1_99' title="bbox 453 4974 2096 5049">
    <p class='ocr_par' dir='ltr' id='par_1_99' title="bbox 453 4974 2096 5049">
     <span class='ocr_line' id='line_1_100' title="bbox 453 4974 2096 5049; baseline 0.003 -18"><span class='ocrx_word' id='word_1_710' title='bbox 453 4976 598 5031; x_wconf 88' lang='lat' dir='ltr'><strong>Nam</strong></span> <span class='ocrx_word' id='word_1_711' title='bbox 630 4976 690 5029; x_wconf 88' lang='grc' dir='ltr'>τὸ</span> <span class='ocrx_word' id='word_1_712' title='bbox 724 4974 977 5048; x_wconf 78' lang='grc' dir='ltr'>ἐσόμενον</span> <span class='ocrx_word' id='word_1_713' title='bbox 1012 4983 1124 5043; x_wconf 80' lang='lat' dir='ltr'><strong>est,</strong></span> <span class='ocrx_word' id='word_1_714' title='bbox 1158 4978 1311 5049; x_wconf 90' lang='lat' dir='ltr'><strong>quod</strong></span> <span class='ocrx_word' id='word_1_715' title='bbox 1362 4983 1518 5033; x_wconf 89' lang='lat' dir='ltr'><strong>certo</strong></span> <span class='ocrx_word' id='word_1_716' title='bbox 1567 4984 1913 5035; x_wconf 87' lang='lat' dir='ltr'><strong>eventurum</strong></span> <span class='ocrx_word' id='word_1_717' title='bbox 1960 4985 2050 5036; x_wconf 89' lang='lat' dir='ltr'><strong>est</strong></span> <span class='ocrx_word' id='word_1_718' title='bbox 2082 4996 2096 5036; x_wconf 92' lang='lat'><strong>:</strong></span> 
     </span>
    </p>
   </div>
   <div class='ocr_carea' id='block_1_100' title="bbox 450 5062 2095 5139">
    <p class='ocr_par' dir='ltr' id='par_1_100' title="bbox 450 5062 2095 5139">
     <span class='ocr_line' id='line_1_101' title="bbox 450 5062 2095 5139; baseline 0.003 -20"><span class='ocrx_word' id='word_1_719' title='bbox 450 5065 626 5127; x_wconf 89' lang='lat' dir='ltr'><strong>velut,</strong></span> <span class='ocrx_word' id='word_1_720' title='bbox 659 5066 849 5122; x_wconf 61' lang='lat' dir='ltr'><strong>{Eslas</strong></span> <span class='ocrx_word' id='word_1_721' title='bbox 878 5066 1453 5134; x_wconf 79' lang='lat' dir='ltr'><strong>erit,Hiemserit.T&lt;‘&gt;</strong></span> <span class='ocrx_word' id='word_1_722' title='bbox 1488 5062 1692 5137; x_wconf 78' lang='grc' dir='ltr'>μέλλον</span> <span class='ocrx_word' id='word_1_723' title='bbox 1728 5073 1921 5123; x_wconf 91' lang='lat' dir='ltr'><strong>autem</strong></span> <span class='ocrx_word' id='word_1_724' title='bbox 1941 5070 2095 5139; x_wconf 91' lang='lat' dir='ltr'><strong>quod</strong></span> 
     </span>
    </p>
   </div>
   <div class='ocr_carea' id='block_1_101' title="bbox 449 5154 2098 5226">
    <p class='ocr_par' dir='ltr' id='par_1_101' title="bbox 449 5154 2098 5226">
     <span class='ocr_line' id='line_1_102' title="bbox 449 5154 2098 5226; baseline 0.003 -19"><span class='ocrx_word' id='word_1_725' title='bbox 449 5154 675 5207; x_wconf 86' lang='lat' dir='ltr'><strong>evenire</strong></span> <span class='ocrx_word' id='word_1_726' title='bbox 708 5158 762 5207; x_wconf 87' lang='lat' dir='ltr'><strong>et</strong></span> <span class='ocrx_word' id='word_1_727' title='bbox 794 5171 907 5208; x_wconf 87' lang='lat' dir='ltr'><strong>non</strong></span> <span class='ocrx_word' id='word_1_728' title='bbox 963 5156 1190 5210; x_wconf 80' lang='lat' dir='ltr'><strong>evenire</strong></span> <span class='ocrx_word' id='word_1_729' title='bbox 1241 5161 1477 5226; x_wconf 85' lang='lat' dir='ltr'><strong>potest:</strong></span> <span class='ocrx_word' id='word_1_730' title='bbox 1529 5155 1706 5225; x_wconf 89' lang='lat' dir='ltr'><strong>velut,</strong></span> <span class='ocrx_word' id='word_1_731' title='bbox 1753 5156 1855 5211; x_wconf 89' lang='lat' dir='ltr'><strong>Hic</strong></span> <span class='ocrx_word' id='word_1_732' title='bbox 1903 5156 2098 5212; x_wconf 80' lang='lat' dir='ltr'><strong>infans</strong></span> 
     </span>
    </p>
   </div>
   <div class='ocr_carea' id='block_1_102' title="bbox 450 5242 2095 5313">
    <p class='ocr_par' dir='ltr' id='par_1_102' title="bbox 450 5242 2095 5313">
     <span class='ocr_line' id='line_1_103' title="bbox 450 5242 2095 5313; baseline 0.003 -18"><span class='ocrx_word' id='word_1_733' title='bbox 450 5242 561 5296; x_wconf 87' lang='lat' dir='ltr'><strong>erit</strong></span> <span class='ocrx_word' id='word_1_734' title='bbox 595 5244 1039 5313; x_wconf 84' lang='lat' dir='ltr'><strong>grammaticus.</strong></span> <span class='ocrx_word' id='word_1_735' title='bbox 1088 5245 1312 5299; x_wconf 86' lang='lat' dir='ltr'><strong>Etenim</strong></span> <span class='ocrx_word' id='word_1_736' title='bbox 1363 5245 1644 5300; x_wconf 80' lang='lat' dir='ltr'><strong>infantem</strong></span> <span class='ocrx_word' id='word_1_737' title='bbox 1699 5245 1823 5301; x_wconf 88' lang='lat' dir='ltr'><strong>ﬁeri</strong></span> <span class='ocrx_word' id='word_1_738' title='bbox 1876 5251 1934 5300; x_wconf 90' lang='lat' dir='ltr'><strong>et</strong></span> <span class='ocrx_word' id='word_1_739' title='bbox 1982 5262 2095 5300; x_wconf 91' lang='lat' dir='ltr'><strong>non</strong></span> 
     </span>
    </p>
   </div>
   <div class='ocr_carea' id='block_1_103' title="bbox 450 5331 1511 5402">
    <p class='ocr_par' dir='ltr' id='par_1_103' title="bbox 450 5331 1511 5402">
     <span class='ocr_line' id='line_1_104' title="bbox 450 5331 1511 5402; baseline 0.003 -17"><span class='ocrx_word' id='word_1_740' title='bbox 450 5331 579 5385; x_wconf 86' lang='lat' dir='ltr'><strong>ﬁeri</strong></span> <span class='ocrx_word' id='word_1_741' title='bbox 609 5332 1063 5402; x_wconf 87' lang='lat' dir='ltr'><strong>grammaticum</strong></span> <span class='ocrx_word' id='word_1_742' title='bbox 1097 5336 1185 5385; x_wconf 90' lang='lat' dir='ltr'><strong>est</strong></span> <span class='ocrx_word' id='word_1_743' title='bbox 1215 5332 1511 5402; x_wconf 89' lang='lat' dir='ltr'><strong>possibile.</strong></span> 
     </span>
    </p>
   </div>
   <div class='ocr_carea' id='block_1_104' title="bbox 2202 4705 3857 4789">
    <p class='ocr_par' dir='ltr' id='par_1_104' title="bbox 2202 4705 3857 4789">
     <span class='ocr_line' id='line_1_105' title="bbox 2202 4705 3857 4789; baseline 0.001 -24"><span class='ocrx_word' id='word_1_744' title='bbox 2202 4731 2379 4789; x_wconf 83' lang='grc' dir='ltr'>φασις,</span> <span class='ocrx_word' id='word_1_745' title='bbox 2412 4707 2520 4765; x_wconf 67' lang='grc' dir='ltr'>εἴτε</span> <span class='ocrx_word' id='word_1_746' title='bbox 2559 4712 2595 4780; x_wconf 74' lang='grc' dir='ltr'>ἡ</span> <span class='ocrx_word' id='word_1_747' title='bbox 2641 4710 2927 4788; x_wconf 83' lang='grc' dir='ltr'>ἀπόφασις,</span> <span class='ocrx_word' id='word_1_748' title='bbox 2984 4708 3303 4785; x_wconf 86' lang='grc' dir='ltr'>ὡρισμένως</span> <span class='ocrx_word' id='word_1_749' title='bbox 3350 4706 3450 4764; x_wconf 74' lang='grc' dir='ltr'><strong>οὐκ</strong></span> <span class='ocrx_word' id='word_1_750' title='bbox 3494 4705 3637 4765; x_wconf 74' lang='grc' dir='ltr'>ἔστιν</span> <span class='ocrx_word' id='word_1_751' title='bbox 3684 4706 3857 4766; x_wconf 74' lang='grc' dir='ltr'>εἰπεῖν</span> 
     </span>
    </p>
   </div>
   <div class='ocr_carea' id='block_1_105' title="bbox 2205 4796 2654 4873">
    <p class='ocr_par' dir='ltr' id='par_1_105' title="bbox 2205 4796 2654 4873">
     <span class='ocr_line' id='line_1_106' title="bbox 2205 4796 2654 4873; baseline 0.007 -19"><span class='ocrx_word' id='word_1_752' title='bbox 2205 4797 2291 4854; x_wconf 78' lang='grc' dir='ltr'><strong>ἐπὶ</strong></span> <span class='ocrx_word' id='word_1_753' title='bbox 2328 4796 2630 4873; x_wconf 85' lang='grc' dir='ltr'>μέλλοντος</span> <span class='ocrx_word' id='word_1_754' title='bbox 2641 4844 2654 4857; x_wconf 95' lang='grc'><strong>.</strong></span> 
     </span>
    </p>
   </div>
   <div class='ocr_carea' id='block_1_106' title="bbox 2281 4883 3860 4964">
    <p class='ocr_par' dir='ltr' id='par_1_106' title="bbox 2281 4883 3860 4964">
     <span class='ocr_line' id='line_1_107' title="bbox 2281 4883 3860 4964; baseline 0.002 -23"><span class='ocrx_word' id='word_1_755' title='bbox 2281 4889 2362 4944; x_wconf 85' lang='grc' dir='ltr'>ια’.</span> <span class='ocrx_word' id='word_1_756' title='bbox 2398 4890 2692 4964; x_wconf 82' lang='grc' dir='ltr'>Διενήνοχε</span> <span class='ocrx_word' id='word_1_757' title='bbox 2722 4883 2780 4942; x_wconf 73' lang='grc' dir='ltr'>δὲ</span> <span class='ocrx_word' id='word_1_758' title='bbox 2807 4886 2869 4941; x_wconf 87' lang='grc' dir='ltr'>τὸ</span> <span class='ocrx_word' id='word_1_759' title='bbox 2922 4884 3125 4959; x_wconf 85' lang='grc' dir='ltr'>μέλλον</span> <span class='ocrx_word' id='word_1_760' title='bbox 3155 4885 3245 4942; x_wconf 79' lang='grc' dir='ltr'><strong>καὶ</strong></span> <span class='ocrx_word' id='word_1_761' title='bbox 3289 4886 3353 4943; x_wconf 84' lang='grc' dir='ltr'>τὸ</span> <span class='ocrx_word' id='word_1_762' title='bbox 3385 4885 3666 4961; x_wconf 87' lang='grc' dir='ltr'>έσόμενον.</span> <span class='ocrx_word' id='word_1_763' title='bbox 3703 4886 3860 4944; x_wconf 86' lang='grc' dir='ltr'>Ἐσό-</span> 
     </span>
    </p>
   </div>
   <div class='ocr_carea' id='block_1_107' title="bbox 2210 4971 3856 5053">
    <p class='ocr_par' dir='ltr' id='par_1_107' title="bbox 2210 4971 3856 5053">
     <span class='ocr_line' id='line_1_108' title="bbox 2210 4971 3856 5053; baseline -0.001 -22"><span class='ocrx_word' id='word_1_764' title='bbox 2210 4998 2365 5050; x_wconf 88' lang='grc' dir='ltr'>μενον</span> <span class='ocrx_word' id='word_1_765' title='bbox 2425 4977 2521 5050; x_wconf 74' lang='grc' dir='ltr'>μὲν</span> <span class='ocrx_word' id='word_1_766' title='bbox 2580 4980 2681 5053; x_wconf 89' lang='grc' dir='ltr'><strong>γάρ</strong></span> <span class='ocrx_word' id='word_1_767' title='bbox 2745 4975 2854 5031; x_wconf 79' lang='grc' dir='ltr'>ἐστι</span> <span class='ocrx_word' id='word_1_768' title='bbox 2924 4976 2987 5030; x_wconf 87' lang='grc' dir='ltr'>τὸ</span> <span class='ocrx_word' id='word_1_769' title='bbox 3070 4971 3804 5050; x_wconf 73' lang='grc' dir='ltr'>ἐξάππντος“έκ6ησόμενον</span> <span class='ocrx_word' id='word_1_770' title='bbox 3842 4996 3856 5009; x_wconf 82' lang='grc'><em>’</em></span> 
     </span>
    </p>
   </div>
   <div class='ocr_carea' id='block_1_108' title="bbox 2206 5063 3859 5139">
    <p class='ocr_par' dir='ltr' id='par_1_108' title="bbox 2206 5063 3859 5139">
     <span class='ocr_line' id='line_1_109' title="bbox 2206 5063 3859 5139; baseline 0.001 -20"><span class='ocrx_word' id='word_1_771' title='bbox 2206 5068 2343 5135; x_wconf 87' lang='grc' dir='ltr'>οἷον,</span> <span class='ocrx_word' id='word_1_772' title='bbox 2403 5067 2590 5120; x_wconf 83' lang='grc' dir='ltr'>Ἔσται</span> <span class='ocrx_word' id='word_1_773' title='bbox 2643 5064 2818 5139; x_wconf 75' lang='grc' dir='ltr'>θέρος,</span> <span class='ocrx_word' id='word_1_774' title='bbox 2881 5065 3065 5118; x_wconf 87' lang='grc' dir='ltr'>Ἔσται</span> <span class='ocrx_word' id='word_1_775' title='bbox 3122 5065 3358 5139; x_wconf 85' lang='grc' dir='ltr'>χειμών·</span> <span class='ocrx_word' id='word_1_776' title='bbox 3423 5063 3631 5138; x_wconf 88' lang='grc' dir='ltr'>μέλλον</span> <span class='ocrx_word' id='word_1_777' title='bbox 3691 5063 3749 5121; x_wconf 71' lang='grc' dir='ltr'>δὲ</span> <span class='ocrx_word' id='word_1_778' title='bbox 3790 5066 3859 5121; x_wconf 81' lang='grc' dir='ltr'>τὸ</span> 
     </span>
    </p>
   </div>
   <div class='ocr_carea' id='block_1_109' title="bbox 2207 5150 3859 5227">
    <p class='ocr_par' dir='ltr' id='par_1_109' title="bbox 2207 5150 3859 5227">
     <span class='ocr_line' id='line_1_110' title="bbox 2207 5150 3859 5227; baseline 0.001 -18"><span class='ocrx_word' id='word_1_779' title='bbox 2207 5150 2425 5223; x_wconf 62' lang='grc' dir='ltr'>ἐκϐῆναι</span> <span class='ocrx_word' id='word_1_780' title='bbox 2481 5154 2570 5208; x_wconf 82' lang='grc' dir='ltr'><strong>καὶ</strong></span> <span class='ocrx_word' id='word_1_781' title='bbox 2622 5156 2698 5227; x_wconf 79' lang='grc' dir='ltr'>μὴ</span> <span class='ocrx_word' id='word_1_782' title='bbox 2753 5150 2974 5222; x_wconf 68' lang='grc' dir='ltr'>ἐκϐῆναι</span> <span class='ocrx_word' id='word_1_783' title='bbox 3036 5150 3350 5225; x_wconf 85' lang='grc' dir='ltr'>δυνάμενον·</span> <span class='ocrx_word' id='word_1_784' title='bbox 3409 5156 3549 5213; x_wconf 83' lang='grc' dir='ltr'>οἷον.</span> <span class='ocrx_word' id='word_1_785' title='bbox 3605 5152 3741 5210; x_wconf 82' lang='grc' dir='ltr'>Τόδε</span> <span class='ocrx_word' id='word_1_786' title='bbox 3791 5157 3859 5211; x_wconf 85' lang='grc' dir='ltr'>τὸ</span> 
     </span>
    </p>
   </div>
   <div class='ocr_carea' id='block_1_110' title="bbox 2211 5241 3857 5321">
    <p class='ocr_par' dir='ltr' id='par_1_110' title="bbox 2211 5241 3857 5321">
     <span class='ocr_line' id='line_1_111' title="bbox 2211 5241 3857 5321; baseline 0.001 -24"><span class='ocrx_word' id='word_1_787' title='bbox 2211 5244 2403 5321; x_wconf 78' lang='grc' dir='ltr'>βρέφος</span> <span class='ocrx_word' id='word_1_788' title='bbox 2435 5242 2576 5297; x_wconf 78' lang='grc' dir='ltr'>ἔσται</span> <span class='ocrx_word' id='word_1_789' title='bbox 2607 5241 3008 5319; x_wconf 80' lang='grc' dir='ltr'>γραμματικόν.</span> <span class='ocrx_word' id='word_1_790' title='bbox 3062 5242 3289 5297; x_wconf 86' lang='grc' dir='ltr'>Δυνατὸν</span> <span class='ocrx_word' id='word_1_791' title='bbox 3340 5242 3443 5318; x_wconf 82' lang='grc' dir='ltr'><strong>γάρ</strong></span> <span class='ocrx_word' id='word_1_792' title='bbox 3492 5243 3736 5320; x_wconf 82' lang='grc' dir='ltr'>γενέσθαι</span> <span class='ocrx_word' id='word_1_793' title='bbox 3764 5244 3857 5299; x_wconf 80' lang='grc' dir='ltr'><strong>καὶ</strong></span> 
     </span>
    </p>
   </div>
   <div class='ocr_carea' id='block_1_111' title="bbox 2208 5330 3319 5409">
    <p class='ocr_par' dir='ltr' id='par_1_111' title="bbox 2208 5330 3319 5409">
     <span class='ocr_line' id='line_1_112' title="bbox 2208 5330 3319 5409; baseline 0.004 -24"><span class='ocrx_word' id='word_1_794' title='bbox 2208 5333 2284 5405; x_wconf 71' lang='grc' dir='ltr'>μὴ</span> <span class='ocrx_word' id='word_1_795' title='bbox 2318 5330 2559 5407; x_wconf 84' lang='grc' dir='ltr'>γενέσθαι</span> <span class='ocrx_word' id='word_1_796' title='bbox 2589 5332 2653 5386; x_wconf 87' lang='grc' dir='ltr'>τὸ</span> <span class='ocrx_word' id='word_1_797' title='bbox 2688 5331 2884 5409; x_wconf 81' lang='grc' dir='ltr'>βρέφος</span> <span class='ocrx_word' id='word_1_798' title='bbox 2916 5330 3319 5407; x_wconf 83' lang='grc' dir='ltr'>γραμματικόν.</span> 
     </span>
    </p>
   </div>
  </div>
