4108 6458
436 386 557 448 923

1670 395 2091 459 NICEPHORI
2133 393 2571 458 BLEMMIDE

3701 399 3805 463 θαι

435 522 704 595 negativa
732 523 1018 596 particula
1066 525 1262 599 ipsum
1310 529 1684 602 praedicatum
1716 548 1750 586 a
1808 531 2072 601 subjecto

2200 525 2281 582 Ξύο
2325 524 2683 601 λαμϐάνεται,
2726 533 2824 584 τοῦ
2873 531 3161 607 ἀρνητικοῦ
3212 529 3408 607 μορίου
3450 530 3512 586 τὸ
3562 527 3806 608 διακεκρί-

432 611 751 669 discretum
781 630 911 670 esse
938 618 1295 673 ostendente.

501 791 650 847 5.1a
702 793 1197 864 propositionibus
1245 813 1380 870 ergo
1428 798 1665 869 quidem
1714 816 1782 853 ex
1809 800 2072 869 subjecto

430 883 488 934 et
518 879 826 951 praedicata
857 881 907 936 si
967 883 1068 938 ﬁat
1124 886 1375 956 negatio,
1435 888 1744 957 praedicata
1787 887 2074 960 particula

428 968 804 1025 inﬁciationis
834 973 1245 1044 conjungenda
1284 980 1394 1030 est.
1426 979 1498 1031 At
1529 994 1659 1032 vero
1691 977 1748 1031 iu
1808 975 2071 1049 proposi-

429 1056 689 1112 tionibus
719 1073 787 1113 ex
817 1060 972 1117 302
1008 1062 1177 1117 tertio
1207 1065 1596 1135 appraedicato
1620 1066 1907 1136 ejusmodi
1939 1065 2070 1119 inﬁ-

430 1145 701 1202 ciationis
733 1148 1038 1219 particula,
1093 1153 1502 1223 appret-dicato,
1567 1172 1774 1227 nempe
1805 1154 1918 1227 ipsi
1954 1159 2070 1215 Est,

430 1239 488 1289 et
542 1252 657 1290 non
701 1236 797 1291 alii
854 1237 1027 1294 alicui
1107 1242 1441 1313 adjugenda
1495 1249 1602 1299 est.
1657 1244 2073 1299 Afﬁrmationis

430 1323 586 1379 enim
614 1324 816 1395 hujus,
846 1329 1030 1383 Homo
1056 1332 1147 1384 est
1174 1329 1416 1398 animal,
1448 1332 1677 1404 negatio
1715 1338 1805 1388 est
1833 1349 1963 1404 quae
1985 1332 2072 1386 di-

429 1411 717 1479 cit,Homo
746 1432 861 1470 non
887 1420 978 1471 est
999 1416 1238 1486 animal,
1270 1435 1386 1475 non
1418 1419 1540 1477 haec
1569 1437 1697 1492 quae
1724 1422 2074 1488 dicit,Homo

429 1506 520 1557 est
548 1519 663 1557 non
695 1503 934 1561 animal.

500 1592 556 1645 6.
588 1595 721 1647 Hasc
749 1594 906 1648 enim
932 1595 1242 1652 afﬁrmatio
1267 1613 1336 1652 ex
1355 1597 1813 1669 transpositione
1842 1596 2072 1666 dicitur,

431 1683 737 1752 propterea
780 1684 935 1753 quod
983 1686 1343 1757 transposita
1372 1688 1626 1759 negandi
1687 1685 1980 1759 particula
2007 1702 2076 1742 ex

432 1770 821 1840 appraadicato
851 1772 911 1826 in
940 1773 1343 1844 praedicatum,
1375 1792 1475 1845 per
1503 1776 1847 1845 hujusmodi
1882 1780 2075 1831 trans-

440 1857 786 1927 positionem
820 1862 1050 1933 negatio
1104 1863 1204 1917 ﬁat
1252 1864 1595 1919 afﬁrmatio:
1649 1870 1750 1920 aut
1791 1865 1941 1935 quod
1973 1880 2077 1936 pro

2191 619 2308 671 σθαι
2358 618 2423 671 τὸ
2469 618 2937 695 κατηγορούμενον
3000 620 3105 674 ἀπὸ
3152 625 3249 675 τοῦ
3306 620 3659 693 ὑποκειμένου
3722 620 3806 695 έμ-

2183 707 2486 784 φαίνοντος.

2254 797 2310 850 ε’.
2345 796 2463 849 Ἐπὶ
2520 797 2614 869 μὲν
2660 795 2751 851 οὖν
2798 801 2903 851 τῶν
2958 796 3007 870 ἐξ
3059 797 3413 870 ὑποκειμένου
3460 798 3548 853 καὶ
3591 820 3803 876 κατηγο-

2184 886 2451 959 ρουμένου
2492 886 2829 961 προτάσεων,
2878 886 3166 963 γινομένης
3204 894 3305 957 τῆς
3358 887 3693 966 ἀποφάσεως,
3736 894 3803 962 τῷ

2182 977 2644 1049 κατηγορουμένῳ
2686 976 2978 1031 συναπτέον
3021 977 3083 1030 τὸ
3142 977 3239 1045 τῆς
3285 977 3561 1052 ἀρνήσεως
3612 977 3803 1053 μόριον·

2183 1060 2269 1116 ἐπὶ
2327 1059 2385 1116 δὲ
2450 1069 2558 1117 τῶν
2639 1063 2698 1118 ἐκ
2767 1065 2952 1139 τρίτου
3009 1068 3620 1142 προσκατηγορουμένου
3684 1088 3809 1142 προ-

2181 1151 2383 1204 τάσεων
2426 1156 2506 1223 τῷ
2548 1158 3149 1230 προσκατηγορουμένῳ
3198 1154 3487 1210 συναπτέον
3536 1156 3598 1210 τὸ
3643 1160 3807 1210 τοιοῦ-

2181 1258 2273 1293 τον
2302 1247 2404 1308 τῆς
2436 1242 2712 1317 ἀρνήσεως
2766 1243 2979 1319 μόριον,
3027 1249 3107 1316 τῷ
3156 1240 3265 1298 ἔστι
3315 1241 3569 1315 δηλονότι
3612 1244 3698 1299 καὶ
3725 1244 3809 1298 οὐκ

2184 1327 2343 1400 ἄλλῳ
2390 1330 2512 1383 τινί.
2560 1336 2667 1401 Τῆς
2716 1334 2842 1408 γάρ,
2887 1334 2943 1387 Ὀ
2982 1334 3262 1407 ἄνθρωπος
3312 1332 3445 1402 ζῶόν
3493 1332 3626 1403 ἐστι,
3666 1353 3810 1387 κατα·

2185 1419 2398 1494 φάσεως
2448 1419 2715 1497 ἀπόφασίς
2764 1422 2905 1477 ἐστιν
2951 1424 2988 1491 ἡ
3039 1420 3287 1498 λέγουσα,
3337 1423 3394 1475 Ὀ
3441 1423 3717 1499 ἄνθρωπος
3758 1421 3810 1476 οὗ

2185 1505 2319 1575 ζῶόν
2350 1506 2511 1564 ἐστιν.

2256 1603 2319 1659 ς’.
2352 1596 2502 1668 Αὕτη
2558 1599 2659 1676 γάρ
2716 1598 2776 1655 ἐκ
2833 1603 3162 1675 μεταθέσεως
3216 1600 3511 1680 κατάφασις
3573 1600 3810 1676 λέγεται,

2185 1681 2276 1738 διὰ
2324 1686 2405 1755 τὸ,
2455 1689 2829 1757 μετατεθέντος
2879 1696 2975 1746 τοῦ
3021 1692 3316 1767 ἀρνητικοῦ
3368 1692 3589 1767 μορίου,
3636 1689 3694 1744 ἐκ
3727 1693 3810 1744 τοῦ

2183 1778 2804 1851 προσκατηγορουμένου
2879 1780 2957 1843 είς
3031 1781 3123 1836 τὸν
3190 1779 3710 1856 κατηγορούμενον,
3763 1777 3815 1833 ἐκ

2184 1864 2282 1931 τῆς
2357 1865 2614 1936 τοιαύτης
2690 1868 3017 1940 μεταθέσεως
3090 1871 3189 1939 τήν
3266 1868 3533 1947 ἀπόφασιν
3596 1868 3812 1944 γενέσθαι

433 1924 598 2002 ﬁnito
619 1924 929 2020 praedicata
944 1951 1321 2023 transpositio
1340 1953 1589 2017 inﬁnito,
1607 1954 1772 2009 ﬁnito
1793 1924 2073 2009 nimirum

2241 1924 2277 1931 ,κ
2570 1924 2611 1936 .-
2690 1924 2699 1940 ,
3003 1924 3015 1932 .
3148 1924 3159 1939 ,
3390 1924 3400 1947 ,
3611 1924 3621 1944 ,

2200 1954 2476 2031 ιατάφασιν
2504 1977 2515 1988 ·
2575 1954 2613 2024 ἤ
2661 1957 2751 2011 καὶ
2811 1958 2925 2012 ἀντὶ
2980 1964 3082 2013 τοῦ
3140 1959 3445 2034 ὡρισμένου
3499 1977 3818 2032 κατηγορου-

434 2033 686 2102 sublato,
718 2054 787 2092 ex
834 2040 1123 2108 ejusmodi
1162 2041 1617 2113 transpositione
1648 2043 1940 2115 praedicati
1974 2042 2075 2097 de-

431 2122 652 2180 clarata
685 2126 786 2180 ﬁat
814 2126 1144 2184 afﬁrmatio.

505 2412 558 2466 7.
592 2412 916 2484 Propositio
946 2415 1129 2487 igitur
1184 2416 1326 2482 haec,
1360 2417 1543 2473 Homo
1573 2423 1662 2474 est
1692 2436 1806 2474 non
1838 2418 2077 2485 animal,

439 2499 752 2557 afﬁrmatio
781 2507 889 2565 est,
913 2521 1027 2559 non
1060 2506 1311 2577 negatio.
1336 2507 1441 2570 Qui
1474 2508 1629 2563 enim
1660 2508 2077 2575 dixerit,Homo

437 2593 526 2644 est
555 2607 669 2645 non
701 2592 939 2662 animal,
999 2594 1143 2649 dixit
1197 2594 1491 2651 hominem
1523 2614 1651 2653 esse
1686 2615 1803 2652 non
1836 2597 2076 2666 animal,

436 2679 538 2734 sed
571 2679 732 2736 aliud
763 2682 903 2753 quid
931 2689 1139 2754 praeter
1177 2685 1415 2741 animal.
1450 2688 1556 2751 Qui
1618 2691 1812 2742 autem
1845 2688 2077 2758 dixerit,

433 2767 618 2823 Homo
650 2786 765 2826 non
797 2774 887 2826 est
916 2771 1153 2838 animal,
1186 2771 1285 2829 ille
1315 2774 1384 2830 de
1421 2775 1657 2831 homine
1688 2776 1917 2848 negavit
1945 2792 2077 2832 eum

435 2872 563 2911 esse
592 2856 832 2924 animal,
881 2863 939 2915 et
986 2860 1265 2917 indicavit
1308 2880 1423 2919 non
1473 2865 1665 2919 inesse
1694 2864 1802 2919 hoc
1833 2865 2077 2933 homini,

436 2961 566 3001 esse
597 2947 835 3003 animal.
868 2948 1100 3004 Dictum
1144 2956 1341 3007 autem
1393 2959 1482 3008 est
1509 2954 1662 3024 quod
1693 2954 2079 3010 enuntiativa-

442 3052 573 3092 rum
630 3037 981 3109 orationum,
1013 3055 1143 3110 quae
1191 3040 1333 3095 dicit
1389 3042 1607 3113 aliquid
1639 3042 1811 3098 alicui
1865 3043 2079 3111 inesse,

442 3129 532 3179 est
580 3125 891 3181 afﬁrmatio
932 3146 945 3194 ;
998 3144 1129 3199 quas
1177 3134 1370 3187 autem
1403 3130 1544 3186 dicit
1580 3148 1695 3186 non
1748 3131 1960 3199 inesse,
1993 3136 2083 3188 est

444 3212 695 3286 negatio,
725 3215 1050 3271 Afﬁrmatio
1078 3216 1257 3289 igitur
1286 3224 1376 3274 est
1404 3220 1557 3275 σου
1588 3220 1715 3288 hoc,
1774 3221 1956 3277 Homo
1994 3226 2083 3277 est

441 3318 560 3357 non
611 3303 829 3359 animal

438 3406 555 3445 non
581 3396 670 3447 est
696 3392 934 3449 animal.

509 3498 562 3552 8.
597 3497 809 3555 Eodem
857 3501 1028 3557 modo
1078 3502 1256 3559 etiam
1304 3503 1483 3576 hujus
1513 3506 1940 3574 afﬁrmationis,
1973 3506 2082 3562 So-

443 3589 633 3641 crates
672 3591 760 3642 est
809 3589 1029 3657 justus,
1085 3592 1312 3664 negatio
1356 3598 1463 3660 est,
1512 3595 1774 3651 Socrates
1820 3613 1937 3651 non
1995 3600 2085 3651 est

438 3673 663 3746 justus,
697 3692 814 3730 non
874 3677 1016 3746 haec,
1064 3680 1329 3737 Socrates
1387 3687 1477 3738 est
1533 3700 1647 3739 non
1671 3685 1894 3755 justus.
1953 3685 2085 3741 Haec

448 3763 605 3818 enim
635 3780 703 3819 ex
730 3768 1185 3839 transpositione
1214 3776 1304 3825 est
1326 3771 1659 3839 afﬁrmatio,
1689 3778 1747 3829 et
1775 3774 1954 3845 hujus
1985 3791 2083 3830 ne-

447 3853 604 3925 gatio
659 3858 768 3919 est,
800 3854 1064 3913 Socrates
1113 3875 1228 3914 non
1274 3864 1363 3915 est
1409 3878 1524 3916 non
1570 3864 1793 3933 justus.
1828 3862 2081 3919 Similem

447 3941 508 3996 in
548 3942 787 3999 modum
843 3944 1019 4000 etiam
1071 3945 1272 4019 hujus,
1320 3950 1660 4007 Aristoteles
1709 3957 1800 4008 est
1829 3952 2083 4025 philoso-

447 4029 669 4103 phans;
683 4033 913 4103 negotio
932 4035 1384 4105 est,Aristoteles
1400 4056 1515 4094 non
1532 4045 1622 4096 est
1642 4041 2083 4114 philosophans.

448 4123 524 4175 At
552 4119 1022 4186 hoc,Aristoteles
1044 4129 1134 4180 est
1155 4142 1270 4181 non
1302 4126 1743 4201 philosophans;
1776 4132 2087 4188 afﬁrmatio

450 4212 540 4265 est.
567 4211 947 4282 transposita,
980 4214 1148 4285 cujus
1188 4216 1416 4287 negatio
1461 4223 1572 4283 est,
1602 4219 1939 4277 Aristoteles
1972 4238 2086 4277 non

455 4302 545 4355 est
573 4315 689 4355 non
720 4300 1164 4374 philosopharis.

522 4408 578 4462 9.
633 4409 697 4463 In
753 4408 1246 4467 afﬁrmationibus
1295 4413 1450 4469 enim
1481 4430 1550 4469 ex
1603 4415 1772 4471 tertio
1804 4418 2091 4489 appraadi-

457 4500 584 4553 cato
614 4497 665 4553 si
694 4498 947 4572 negandi
976 4500 1266 4588 particula
1294 4503 1605 4575 pradicato
1627 4504 1969 4576 simpliciter
1998 4524 2095 4578 ap-

453 4590 728 4659 ponatur,
789 4603 857 4643 ex
902 4590 1357 4660 transpositione
1389 4592 1805 4649 afﬁrmationes
1838 4595 1993 4650 facit.
2027 4597 2095 4650 Et

2188 2040 2351 2113 μένου
2430 2046 2805 2115 μετατεθέντος
2879 2048 3136 2123 ἀορίστου
3178 2093 3192 2117 ,
3250 2048 3499 2124 ἀρθέντος
3578 2043 3816 2116 δηλονότι

2182 2136 2279 2185 τοῦ
2331 2132 2678 2208 ὡρισμένου,
2738 2135 2797 2189 ἐκ
2848 2139 2947 2205 τῆς
3013 2135 3271 2207 τοιαύτης
3333 2137 3665 2209 μεταθέσεως
3730 2137 3814 2188 τοῦ

2184 2222 2666 2297 κατηγορουμένου
2740 2225 2840 2293 τήν
2915 2222 3252 2295 δηλωθεῖσαν
3329 2227 3577 2301 γενέσθαι
3651 2224 3819 2278 κατά-

2185 2331 2358 2387 φασιν.

2260 2404 2319 2469 ζ’.
2351 2402 2413 2457 Ἡ
2455 2401 2657 2471 τοίνυν,
2697 2408 2751 2456 '0
2796 2400 3078 2480 ἅνθρωπος
3126 2404 3187 2459 οὔ
3241 2404 3377 2473 ζῶόν
3437 2404 3572 2476 ἐστι,
3630 2401 3820 2477 πρότα-

2187 2512 2270 2552 σις
2326 2491 2618 2569 κατάφασίς
2672 2492 2834 2564 ἐστιν,
2894 2493 2993 2548 οὐκ
3042 2493 3330 2571 ἀπόφασις.
3390 2495 3446 2547 Ὁ
3488 2495 3596 2569 γὰρ
3646 2492 3817 2562 εἰπὼν,

2185 2581 2242 2633 Ὀ
2300 2582 2579 2657 ἄνθρωπος
2636 2581 2696 2636 οὗ
2758 2582 2895 2651 ζῶόν
2951 2583 3127 2653 ἐστιν,
3186 2582 3351 2661 ἔφησε
3403 2583 3494 2638 τὸν
3550 2583 3816 2658 ἄνθρωπον

2188 2670 2320 2724 εἶναι
2383 2672 2458 2744 μή
2512 2676 2670 2743 ζῶον,
2721 2670 2847 2727 ἀλλ’
2894 2668 3076 2748 ’έτερόν
3126 2693 3177 2726 τι
3208 2672 3354 2747 ποιρά
3397 2672 3459 2727 τὸ
3493 2676 3653 2741 ζῶον.
3684 2672 3742 2728 Ὀ
3771 2666 3821 2723 δὲ

2189 2760 2377 2829 εἰπὼν,
2437 2761 2494 2813 Ὀ
2547 2761 2830 2836 ἄνθρωπος
2891 2766 3025 2830 ζῶον
3080 2761 3180 2816 οὐκ
3232 2760 3395 2817 ἔστιν.
3455 2761 3656 2822 ἐκεῖνος
3711 2757 3824 2813 ἀπέ-

2188 2871 2326 2927 φησε
2379 2855 2476 2904 τοῦ
2536 2850 2819 2924 ἀνθρώπου
2868 2852 2931 2905 τὸ
2983 2850 3116 2906 εἶναι
3176 2856 3309 2920 ζῶον
3360 2850 3544 2906 αὐτόν·
3576 2850 3666 2904 καὶ
3716 2844 3824 2918 ἐδή-

2190 2939 2362 2995 λωσεν
2413 2938 2495 2994 ὅτι
2546 2940 2654 3015 οὑχ
2703 2939 2935 3015 ὑπάρχει
2984 2945 3064 3011 τῷ
3114 2940 3381 3012 ἀνθρώπῳ
3420 2940 3482 2993 τὸ
3517 2943 3656 3008 ζῶον
3685 2939 3821 2992 εἶναι.

2189 3026 2417 3103 Εἴρηται
2479 3026 2523 3083 δ’
2583 3028 2666 3084 ὅτι
2713 3034 2823 3083 τῶν
2878 3029 3259 3107 ἀποφαντικῶν
3314 3027 3495 3103 λόγων
3530 3029 3561 3083 ὁ
3610 3028 3702 3100 μέν
3730 3045 3823 3080 τινι

2192 3118 2454 3195 ὑπάρχειν
2505 3139 2558 3172 τι
2605 3117 2788 3174 λέιων
2833 3117 3131 3196 κατάφασίς
3184 3117 3344 3173 ἐστιν·
3398 3118 3426 3172 ὁ
3475 3114 3534 3172 δὲ
3570 3118 3645 3190 μὴ
3679 3115 3828 3190 ὑπάρ-

2191 3228 2310 3283 χειν
2361 3207 2650 3285 ἀπόφασις.
2712 3207 3015 3283 Κατάφασις
3076 3208 3179 3283 ἄρα
3233 3206 3343 3262 ἐστὶ
3397 3206 3482 3275 τὸ,
3528 3208 3587 3261 '0
3636 3204 3827 3279 ἄνθρω-

891 3322 904 3358 :
967 3307 1196 3379 negatio
1249 3313 1444 3364 autem
1476 3308 1677 3381 hujus,
1710 3309 1818 3366 hoc
1850 3328 1863 3365 :
1898 3311 2079 3367 Homo

2200 3317 2292 3358 πος
2343 3296 2403 3351 οὐ
2460 3296 2596 3366 ζῶόν
2642 3295 2803 3351 ἐστιν·
2854 3292 3123 3375 ἀπόφασις
3172 3293 3231 3350 δέ
3271 3294 3466 3350 τούτου
3522 3296 3610 3365 τὸ,
3664 3296 3718 3347 Ὀ
3746 3294 3827 3347 ἄν·

2192 3398 2411 3462 θρωπος
2443 3385 2505 3440 οὐ
2540 3390 2676 3455 ζῶον
2709 3379 2999 3444 οὐκέστιν.

2263 3494 2334 3565 η’.
2393 3493 2664 3554 Ὡσαύτως
2715 3493 2807 3547 καὶ
2860 3499 3001 3562 τῆς,
3062 3490 3359 3569 Σωκράτης
3419 3489 3630 3552 δίκαιός
3684 3488 3785 3543 ἐστι
3815 3529 3829 3555 ,

2190 3583 2540 3660 καταφάσεως
2596 3581 2865 3659 ἀπόφασίς
2936 3580 3075 3636 ἐστιν
3136 3584 3171 3650 ἡ
3210 3626 3225 3650 ,
3276 3578 3577 3655 Σωκράτης
3636 3575 3829 3636 δίκαιος

2193 3671 2293 3727 οὐκ
2346 3669 2508 3727 ἔστιν’
2570 3671 2631 3725 οὐ
2694 3672 2801 3745 μὴν
2853 3673 2914 3741 ἡ,
2976 3670 3272 3745 Σωκράτης
3320 3669 3387 3724 οὐ
3439 3666 3650 3730 δίκαιός
3680 3666 3828 3722 ἐστιν.

2195 3758 2344 3831 Αὕτη
2394 3765 2495 3838 γάρ
2544 3760 2603 3815 ἐκ
2662 3761 2994 3834 μεταθέσεως
3048 3761 3279 3836 ὑπάρχει
3321 3756 3641 3836 κατάφασις,
3685 3752 3831 3812 Ἀπό-

2194 3872 2353 3929 φασις
2402 3848 2460 3905 δὲ
2510 3849 2711 3920 ταύτης
2754 3852 2814 3919 ἡ,
2865 3851 3161 3925 Σωκράτης
3213 3848 3275 3903 οὐ
3308 3846 3513 3909 δίκαιος
3547 3846 3650 3902 οὐκ
3678 3843 3826 3899 ἔστιν.

2192 3939 2429 4013 Ὁμοίως
2484 3939 2575 3994 καὶ
2633 3944 2730 3994 τοῦ
2765 3984 2778 4009 ,
2840 3936 3226 4011 Ἀριστοτέλης
3277 3936 3593 4015 φιλοσοφῶν
3651 3935 3781 3990 ἐστιν
3812 3977 3827 4003 ,

2195 4030 2461 4107 ἀπόφασις
2516 4029 2620 4100 τὸ,
2682 4028 3065 4103 Ἀριστοτέλης
3139 4025 3451 4106 φιλοσοφῶν
3520 4024 3624 4079 οὐκ
3680 4021 3781 4078 ἔστι
3814 4063 3825 4075 .

2195 4120 2265 4174 Τὸ
2296 4116 2372 4187 δέ,
2408 4116 2867 4193 Ἀριστοτέληςού
2890 4116 3202 4194 φιλοσοφῶν
3236 4114 3396 4184 ἐστιν,
3419 4114 3479 4169 ἐκ
3511 4112 3830 4188 μεταθέσεως

2195 4208 2486 4285 κατάφασίς
2515 4206 2677 4261 ἐστιν’
2712 4206 2979 4285 ἀπόφασις
3009 4203 3068 4261 δέ
3113 4204 3307 4260 τούτου
3333 4203 3417 4279 τὰ,
3456 4199 3829 4279 Ἀριστοτέλης

2198 4299 2260 4355 οὐ
2292 4296 2604 4377 φιλοσοφῶν
2633 4295 2732 4351 οὐκ
2760 4293 2922 4353 ἔστιν.

2273 4408 2336 4463 θ’.
2373 4404 2492 4459 Ἐπὶ
2546 4405 2647 4480 γὰρ
2697 4407 2805 4457 τῶν
2863 4403 2922 4457 ἐκ
2976 4401 3159 4479 τρίτου
3220 4395 3833 4478 προσκατηγορουμένου

2201 4497 2546 4567 καταφάσεων
2597 4491 2786 4555 ἁπλῶς
2841 4495 2904 4548 τὸ
2953 4493 3238 4566 ἀρνητικὸν
3311 4489 3501 4567 μόριον
3564 4483 3834 4564 προστιθέ-

2207 4557 2366 4659 μενον
2413 4589 2493 4656 τῷ
2539 4582 3000 4659 κατηγορουμένῳ
3045 4583 3141 4642 τὰς
3187 4580 3247 4635 ἐκ
3278 4577 3646 4653 μευταθέσεως
3683 4594 3832 4631 κατα-

452 4676 572 4731 sive
600 4676 799 4732 omnia
855 4694 922 4733 ex
978 4678 1194 4750 quibus
1250 4681 1537 4749 ejusmodi
1588 4687 1675 4738 est
1705 4685 2083 4755 compositum

2202 4675 2388 4754 φάσεις
2443 4679 2608 4728 ποιεῖ·
2671 4671 2765 4727 κᾶν
2826 4671 2886 4726 ἐκ
2941 4668 3207 4725 πλειόνων
3262 4666 3321 4723 δὲ
3369 4667 3617 4723 σύνθετον
3650 4661 3732 4734 εἴη
3780 4660 3833 4755 τιὸ

451 4766 500 4821 si
531 4765 706 4822 etiam
738 4783 807 4822 ex
853 4766 1121 4839 pluribus
1153 4769 1528 4840 praedicatum
1560 4772 1638 4827 sit
1685 4774 2091 4845 compositum,

450 4854 522 4909 de
551 4856 815 4927 subjecto
847 4856 1120 4912 dicantur
1166 4859 1573 4925 essentialiter,
1604 4863 2093 4931 quemadmodum

451 4943 511 4999 in
566 4944 1191 5014 deﬁnitionibus;sive
1235 4964 1303 5002 ex
1355 4947 1447 5005 his
1495 4949 1708 5021 aliquid
1771 4952 2093 5007 secundum

455 5033 748 5101 accidens,
808 5040 874 5089 ut
902 5052 1035 5091 cum
1090 5036 1434 5108 dixerimus,
1489 5039 1756 5095 Socrates
1807 5045 1895 5095 est
1923 5039 2096 5095 homo

453 5123 644 5194 albus,
677 5126 903 5195 oportet
945 5126 1196 5197 negandi
1245 5126 1592 5197 particulam
1648 5128 1806 5183 omni
1855 5146 1957 5184 seu
1988 5129 2094 5183 toti

452 5212 767 5286 praedicata
798 5214 1172 5285 anteponi,ut
1202 5215 1645 5273 afﬁrmationem
1677 5234 1743 5273 ex
1774 5217 2095 5289 transposi-

449 5302 609 5359 tione
639 5302 940 5357 faciamus.
976 5303 1165 5368 Velut,
1201 5304 1381 5360 Homo
1411 5310 1500 5361 est
1538 5306 1756 5362 animal
1788 5307 2094 5375 rationale,

446 5390 712 5460 mortale,
745 5389 1145 5463 intelligentiae
1183 5398 1240 5447 et
1290 5395 1546 5450 scientiae
1576 5412 1776 5467 capax.
1811 5396 1928 5451 Hoc
1958 5396 2096 5452 sim-

448 5481 578 5556 plex
606 5486 696 5537 est
724 5480 1056 5537 afﬁrmatio.
1093 5482 1173 5535 Ex
1201 5483 1655 5553 transpositione
1694 5489 1889 5540 autem
1942 5486 2098 5541 afﬁr-

454 5571 632 5631 matio
662 5576 770 5643 est,
822 5571 1002 5626 Homo
1035 5571 1190 5626 804
1238 5574 1327 5625 est
1358 5587 1468 5625 non
1524 5573 1741 5628 animal
1798 5574 2099 5647 rationale,

454 5663 720 5731 mortale,
753 5660 1153 5733 intelligentiae
1184 5663 1242 5715 et
1270 5658 1524 5714 scientiae
1562 5664 1839 5733 capax.Et
1866 5664 2099 5733 iterum,

453 5758 721 5819 Socrates
780 5756 869 5811 est
924 5752 1098 5810 homo
1154 5746 1563 5824 philosophus,
1623 5750 1814 5820 albus,
1856 5753 2104 5826 simplex

2201 4749 2695 4840 κατηγορούμενον·
2757 4758 2861 4816 εἴτε
2918 4761 3128 4814 πάντων
3190 4757 3241 4829 ἐξ
3297 4759 3370 4811 ὧν
3421 4756 3744 4811 συντέθειται
3776 4749 3832 4804 τὸ

2200 4839 2445 4909 τοιοῦτον
2477 4853 2613 4907 κατά
2639 4855 2736 4906 τοῦ
2776 4850 3135 4922 ὑποκειμένου
3184 4844 3500 4922 λεγομένων
3541 4839 3830 4908 οὐσιωδῶς,

2203 4945 2441 5017 καθάπερ
2473 4941 2557 4996 ἐπὶ
2609 4946 2716 4996 τῶν
2750 4941 3015 5017 ὁρισμῶν,
3068 4934 3175 4993 εἷ’τε
3209 4936 3298 4992 καί
3340 4956 3487 4996 τινος
3534 4932 3595 4989 έκ
3640 4930 3830 4988 τούτων

2202 5034 2339 5087 κατά
2395 5026 2762 5106 συμϐεϐηκός·
2824 5029 2898 5091 ὡς
2958 5023 3082 5083 ὅταν
3143 5025 3403 5100 εἷ’πωμεν,
3451 5030 3505 5078 Ὁ
3550 5021 3833 5098 Σωκράτης

2204 5120 2488 5198 ἄνθρωπος
2549 5116 2741 5181 λευκός
2797 5117 2908 5172 ἐστι
2940 5160 2954 5187 ,
3013 5117 3125 5193 χρὴ
3183 5116 3247 5170 τὸ
3305 5113 3592 5188 ἀρνητικὸν
3658 5109 3831 5198 μόριον

2203 5196 2544 5288 προτίθεσθαι
2617 5212 2715 5263 τοῦ
2772 5204 3250 5282 κατηγορουμένου
3296 5203 3496 5265 παντὸς
3529 5249 3543 5274 ,
3598 5199 3689 5254 είνιιι

2207 5285 2267 5357 έκ
2343 5300 2673 5374 μεταθέσεως
2748 5296 3041 5372 κατάφασιν
3122 5296 3440 5367 ποιήσωμεν
3495 5313 3507 5327 ·
3575 5291 3686 5346 οἷον
3714 5331 3748 5374 ζ,
3783 5285 3832 5334 Ὃ

2207 5370 2492 5465 ἅνθρωπος
2554 5392 2689 5457 ζῶον
2743 5385 2981 5462 λογικὸν,
3026 5383 3239 5453 θνητὸν,
3282 5386 3377 5437 νοῦ
3406 5382 3497 5437 καὶ
3544 5370 3834 5448 ἐπιστήμης

2209 5479 2448 5537 δεκτικόν
2500 5478 2640 5533 ἐστι·
2698 5480 2861 5532 τοῦτο
2917 5471 3066 5543 ἁπλῆ
3124 5471 3417 5551 κατάφασις
3461 5514 3474 5531 .
3542 5471 3633 5525 Ἐκ
3689 5482 3832 5540 μετα·

2208 5570 2403 5632 θέσεως
2437 5566 2494 5623 δὲ
2539 5566 2857 5644 κατάφασις,
2902 5565 2958 5617 Ὀ
2989 5563 3271 5639 ἄνθρωπος
3309 5560 3371 5615 οὗ
3424 5564 3559 5630 ζῶον
3605 5552 3831 5656 λογικὸγ,

2211 5662 2423 5732 θνητὸν,
2482 5662 2578 5712 νοῦ
2628 5656 2717 5711 καὶ
2771 5654 3077 5726 ἐπιστήμης
3133 5649 3370 5707 δεκτικὸν
3428 5649 3559 5706 ἐστι.
3608 5645 3703 5702 Καὶ
3744 5645 3833 5695 πά-

2210 5751 2320 5823 λιν,
2376 5748 2672 5823 Σωκράτης
2730 5741 3014 5820 ἄνθρωπος
3071 5740 3369 5819 φιλόσοφος
3426 5738 3614 5798 λευκὸς
3664 5733 3828 5799 ἐστιν,
