4108 6436
310 357 430 419 925

1668 354 2017 421 EPITOME
2057 358 2365 422 LOGICA.

3599 355 3720 418 926

311 491 461 559 ἁπλῆ
548 491 861 568 κατάφασις*
939 490 999 546 ἐκ
1082 489 1416 564 μεταθέσεως
1501 487 1559 546 δὲ
1639 489 1955 567 κατάφασις,

2084 492 2403 550 affirmatio.
2436 495 2514 549 At
2541 508 2611 550 ex
2637 491 3094 566 transpositione
3134 489 3444 548 afﬁrmatio
3473 495 3582 558 est,
3613 491 3718 548 So-

314 580 614 655 Σωκράτης
642 578 742 635 οὐκ
771 577 1054 655 ἄνθρωπος
1085 580 1381 656 φιλόσοφος
1416 580 1604 642 λευκός
1645 579 1775 634 ἐστι.

386 687 437 744 ι’.
497 691 623 749 Πῶς
673 688 767 760 μὲν
819 684 910 744 οὖν
956 687 1159 764 γίνεται
1207 691 1243 758 ἡ
1302 686 1568 765 ἀπόφασις
1625 686 1677 742 έν
1734 691 1853 749 ταῖς
1907 686 1958 757 ἐξ

274 786 276 788 ⁷
314 775 678 849 ὑποκειμένου
726 776 816 846 καὶ
886 777 1363 855 κατηγορουμένου
1428 775 1765 853 προτάσεσιν,
1814 773 1960 831 ἀλλὰ

313 862 381 934 δὴ
437 865 534 920 κᾶν
600 870 718 927 ταῖς
773 865 834 922 έκ
883 865 1070 943 τρίτου
1144 863 1768 943 προσκατηγορουμένου
1827 861 1960 919 διεί-

311 953 539 1025 ληπται.

386 1044 472 1098 ια’.
502 1046 618 1099 Ἵνα
648 1042 707 1100 δὲ
733 1044 829 1100 κάν
882 1051 999 1109 ταῖς
1058 1046 1192 1119 μετὰ
1244 1044 1449 1120 τρόπου
1506 1041 1833 1121 προτάσεσιν·
1883 1042 1959 1105 ὡς

311 1128 432 1186 δέον
462 1133 499 1201 ἡ
547 1131 815 1210 ἀπόφασις
861 1132 1099 1209 γίνηται,
1129 1138 1208 1210 τῷ
1254 1132 1444 1210 τρόπῳ
1486 1130 1802 1187 ωντακτέον
1858 1131 1957 1198 τήν

311 1218 557 1297 ἄρνησιν.
616 1226 723 1276 Τοῦ
773 1222 897 1300 γὰρ,
960 1219 1273 1299 Ἐνδέχεται
1349 1220 1642 1299 Σωκράτην
1706 1217 1958 1296 βαδίζειν,

311 1309 580 1388 ἀπόφασίς
656 1310 765 1367 ἐστι
813 1312 896 1381 τὸ,
945 1312 1055 1367 Ούκ
1118 1310 1393 1388 ἐνδέχεται
1451 1309 1744 1387 Σωκράτην
1808 1306 1960 1386 βαδί-

319 1405 449 1470 ζειν.
482 1401 554 1456 Τὸ
603 1398 681 1473 δὲ,
726 1398 1034 1478 Ἐνδέχεται
1094 1404 1392 1480 Σωκράτην
1453 1403 1529 1476 μή
1594 1398 1850 1477 βαδίζειν,
1905 1399 1965 1454 ἐκ

315 1488 646 1563 μεταθέσεως
734 1490 844 1547 ἐστι
906 1492 1224 1570 κατάφασις*
1306 1489 1573 1569 ἀπόφασις
1641 1486 1698 1544 δὲ
1768 1488 1963 1544 τούτου

309 1578 394 1651 τὸ,
427 1578 537 1635 Οὐκ
567 1576 848 1656 ἐνδέχεται
879 1579 1174 1657 Σωκράτην
1215 1581 1291 1654 μὴ
1330 1577 1589 1657 βαδίζειν.

389 1757 478 1833 ιβ’.
539 1756 749 1813 Γίνεται
799 1758 894 1831 μὲν
945 1759 1050 1835 γὰρ
1098 1757 1367 1837 ἀπόφασις
1417 1756 1506 1813 έπὶ
1544 1760 1651 1813 τῶν
1699 1754 1961 1812 τοιούτων

2069 586 2257 638 crates
2288 587 2376 638 est
2408 599 2524 638 non
2554 582 2727 639 homo
2757 582 3165 656 philosophus,
3197 582 3391 638 albus.

2099 716 2103 721 -
2140 690 2227 745 10.
2259 691 2559 756 Quomodo
2591 690 2774 763 igitur
2818 691 2878 745 in
2928 687 3428 763 propositionibus
3470 705 3541 744 ex
3570 688 3713 744 sub-

2058 778 2214 849 jecto
2245 783 2303 834 et
2334 780 2663 851 praedicata,
2705 781 2806 836 sed
2857 784 2915 835 et
2968 779 3028 834 in
3086 777 3585 851 propositionibus
3642 793 3711 833 ex

2065 868 2235 924 tertio
2265 868 2647 941 appraedicato
2679 870 2784 925 ﬁat
2811 868 3040 940 negatio
3070 869 3460 940 disceptatum
3491 869 3599 922 est.

2139 1047 2227 1102 11.
2251 1047 2327 1103 Ut
2350 1051 2545 1104 autem
2575 1047 2751 1104 etiam
2800 1048 2859 1103 in
2914 1047 3417 1120 propositionibus
3462 1043 3706 1102 modali-

2069 1137 2181 1192 bus
2210 1136 2441 1209 negatio
2472 1138 2592 1209 fiat,
2625 1137 3124 1209 quemadmodum
3165 1140 3412 1209 oportet,
3444 1133 3715 1207 negativa

2071 1225 2359 1297 particula
2382 1226 2554 1282 modo
2581 1227 2991 1299 conjungenda
3010 1229 3117 1282 est.
3142 1226 3331 1297 Hujus
3361 1225 3540 1292 enim,
3564 1223 3711 1278 Gon-

2070 1314 2245 1386 tingit
2291 1314 2587 1370 Socratem
2639 1313 2961 1385 ambulare,
2993 1313 3224 1387 negatio
3254 1316 3362 1383 est,
3394 1313 3520 1368 Non
3573 1327 3715 1367 con-

2069 1403 2246 1477 tingit
2272 1403 2570 1460 Socratem
2602 1402 2920 1459 ambulare.
2954 1407 3027 1457 At
3062 1402 3145 1470 τὸ,
3179 1401 3477 1475 Contingit
3506 1401 3713 1457 Socra-

2070 1496 2190 1549 tem
2220 1510 2333 1549 non
2369 1492 2691 1559 ambulare,
2722 1492 3033 1548 afﬁrmatio
3077 1495 3168 1548 est
3213 1508 3281 1548 ex
3302 1490 3717 1564 ltranspositio~

2072 1598 2145 1637 ne
2178 1599 2191 1638 :
2225 1584 2393 1654 cujus
2413 1581 2643 1655 negatio
2672 1585 2784 1650 est,
2804 1582 2932 1638 Non
2958 1581 3244 1654 contingit
3267 1582 3565 1638 Socratem
3594 1597 3711 1637 non

2073 1671 2396 1728 ambulare.

2146 1763 2233 1817 12.
2262 1762 2354 1817 Fit
2381 1761 2538 1817 enim
2560 1760 2861 1834 negatioin
2878 1759 3170 1832 ejusmodi
3195 1758 3717 1831 propositionibus,

311 1847 654 1920 προτάσεων,
705 1846 795 1902 καὶ
842 1851 922 1920 τῷ
975 1845 1086 1903 ἔστι
1137 1845 1594 1922 συμπλεκομένης
1646 1853 1747 1916 τῆς
1804 1846 1966 1921 ἀρνή-

2084 1851 2125 1907 si
2160 1852 2335 1907 etiam
2364 1851 2539 1907 verbo
2570 1855 2649 1906 est
2675 1849 3053 1906 inﬁciationis
3070 1847 3356 1922 particula
3376 1847 3716 1922 applicetur,

313 1956 472 2007 σεως,
522 1934 649 1991 ὅταν
698 1935 829 1991 αὐτὸ
879 1934 946 2005 δὴ
996 1937 1060 1992 τὸ
1108 1932 1185 1992 ἔτι
1234 1931 1602 2010 λαμϐάνωμεν
1659 1936 1776 1990 κατ’
1822 1934 1963 2009 ἐνέρ-

310 2045 458 2101 γειαν
491 2023 542 2080 έν
573 2030 695 2088 ταῖς
754 2025 1029 2088 τοιαύταις
1081 2024 1368 2100 προτάσεσι
1424 2025 1659 2087 τιθέντες
1715 2044 1967 2101 πραγμα-

311 2118 481 2176 τικῶς
523 2114 600 2188 μὴ
635 2113 820 2187 μέντοι
855 2115 1018 2189 μόνον
1077 2119 1419 2177 συννοοῦντες
1475 2113 1626 2169 αὐτό·
1675 2114 1788 2168 οἷον
1839 2113 1963 2168 ὅταν

315 2202 379 2258 ού
409 2202 676 2280 λέγωμεν.
721 2204 954 2259 Δυνατὸν
998 2204 1092 2259 τὸν
1127 2202 1422 2279 Σωκράτην
1473 2200 1814 2282 φιλοσοφεῖν,
1838 2200 1967 2259 ἀλλ’

314 2290 465 2362 ὅταν,
498 2291 730 2348 Δυνατόν
785 2292 894 2347 ἐστι
944 2293 1038 2348 τὸν
1101 2292 1396 2368 Σωκράτην
1452 2289 1793 2371 φιλοσοφεῖν.
1827 2290 1962 2346 Ταύ-

312 2401 414 2449 της
470 2380 574 2458 γᾶρ
633 2388 736 2452 τῆς
792 2382 1139 2460 καταφάσεως
1194 2380 1460 2459 ἀπόφασις
1513 2380 1603 2435 καὶ
1641 2383 1700 2452 ἡ,
1734 2380 1963 2435 Δυνατόν

313 2468 424 2524 ἐστι
472 2471 563 2525 τὸν
626 2470 923 2546 Σωκράτην
982 2469 1322 2549 φιλοσοφεῖν·
1363 2469 1453 2525 καὶ
1485 2471 1545 2539 ἡ,
1577 2470 1807 2524 Δυνατὸν
1868 2469 1968 2525 οὐκ

312 2555 425 2614 ἔστι
462 2559 554 2614 τὸν
615 2561 913 2637 Σωκράτην
959 2558 1294 2638 φιλοσοφεῖν,
1344 2556 1519 2616 Ἀλλὰ
1572 2564 1814 2635 κρεῖττον
1875 2558 1965 2613 καὶ

312 2647 707 2727 ἀσφαλέστερον
736 2650 799 2704 τὸ
829 2649 965 2704 κατὰ
1013 2645 1187 2711 πάσας
1241 2648 1339 2711 τὰς
1379 2645 1681 2727 ἀποφάσεις
1741 2647 1793 2703 ἐν
1845 2653 1964 2710 ταῖς

319 2737 453 2813 μετά
504 2737 713 2815 τρόπου
761 2736 1052 2815 προτάσεσι
1100 2738 1409 2814 προτιθέναι
1465 2741 1564 2792 τοῖ’)
1617 2735 1825 2812 τρόπου
1868 2737 1967 2805 τήν

316 2823 562 2904 ἄρνησιν·
599 2823 695 2883 εἴτ’
724 2825 966 2904 ἔχουσιν,
1003 2823 1099 2881 εἴτ’
1145 2825 1245 2881 ούκ
1290 2823 1478 2903 ἔχουσι
1525 2826 1587 2881 τὸ
1638 2823 1767 2893 ἔστι,
1802 2845 1969 2901 προσ-

313 2914 586 2989 κείμενον*
636 2916 726 2972 καὶ
775 2922 894 2989 τῆς,
947 2915 1175 2971 Δυνατόν
1217 2914 1327 2970 ἐστι
1385 2914 1680 2991 Σωκράτην
1747 2914 1970 2993 φιλοσο-

317 3010 458 3084 φεῖν,
488 3006 837 3084 καταφάσεως
887 3005 1153 3083 ἀπόφασιν
1200 3004 1403 3060 τιθέναι
1451 3006 1574 3076 τήν,
1622 3003 1695 3059 Ού
1744 3002 1965 3060 δυνατόν

318 3095 430 3150 ἐστι
498 3093 794 3171 Σωκράτην
856 3092 1195 3174 φιλοσοφεῖν.
1244 3093 1517 3157 Ὡσαύτως
1568 3091 1626 3148 δὲ
1672 3093 1805 3149 κάπὶ
1857 3097 1966 3149 τῶν

317 3180 506 3239 ἄλλων
534 3187 644 3239 τῶν
671 3182 880 3258 ὁμοίων
912 3188 1112 3238 ποιεῖν.

390 3291 480 3366 ιγ’.
514 3291 599 3346 Ἐν
661 3288 719 3345 δὲ
765 3294 886 3352 ταῖς
943 3290 1233 3367 προτάσεσι
1279 3289 1349 3345 τὰ
1398 3289 1637 3364 ὀνόματα
1689 3290 1966 3363 μετατιθέ-

316 3399 454 3453 μενα
510 3379 602 3435 καὶ
652 3380 722 3435 τὰ
791 3378 1012 3456 ῥήματα
1074 3379 1238 3436 ταυτὸ
1296 3378 1547 3452 σημαίνει
1602 3376 1693 3433 διὰ
1746 3377 1967 3441 παντός.

312 3468 447 3543 Περῖ
482 3468 577 3543 μὲν
607 3468 712 3544 γὰρ
768 3468 830 3523 τὸ
883 3464 1152 3546 εὔρυθμον
1206 3468 1298 3523 καὶ
1354 3469 1516 3547 σαφὲς
1571 3475 1673 3538 τῆς
1727 3467 1966 3544 ἀπαγγε-

314 3556 442 3620 λίας
492 3556 596 3613 οὐκ
651 3555 849 3633 ὀλίγην
900 3554 1163 3636 διαφορὰν
1194 3560 1229 3628 ἡ
1259 3555 1445 3613 τοιάδε
1496 3558 1645 3630 τάξις
1689 3562 1797 3613 τῶν
1854 3556 1970 3612 ὀνο-

320 3647 505 3719 μάτων
569 3645 660 3701 καὶ
731 3650 839 3701 τῶν
907 3645 1169 3723 ῥημάτων
1235 3645 1539 3723 ἐργάζεται’
1595 3645 1721 3723 περὶ
1797 3643 1855 3701 δὲ
1908 3646 1971 3701 τὸ

315 3730 717 3810 σημαινόμενον
762 3732 889 3790 οὐδὲ
930 3734 1055 3809 μίαν
1105 3740 1254 3790 ποιεῖ
1291 3735 1390 3804 τήν
1445 3732 1770 3811 ἐναλλαγήν.
1801 3735 1972 3790 Ταυτὸ

315 3824 420 3900 γὰρ
478 3824 730 3898 σημαίνει
796 3824 860 3880 τὸ
910 3823 1103 3896 εἰπεῖν,
1164 3825 1346 3879 Ἔστιν
1406 3820 1682 3897 ἅνθρωπος
1743 3820 1971 3897 δίκαιος,

316 3913 432 3985 καὶ,
482 3913 636 3968 Ἔστι
686 3911 894 3976 δίκαιος
944 3910 1245 3989 ἄνθρωπος,
1275 3914 1386 3984 καὶ,
1421 3911 1640 3975 Δίκαιος
1693 3912 1972 3987 ἄνθρωπός

320 3999 455 4074 ἐστι,
486 4000 598 4076 καὶ,
631 3999 955 4078 ’Ἄνθρωπός
981 4000 1092 4057 ἐστι
1125 3999 1357 4064 δίκαιος.

395 4085 478 4143 ιδ’.
513 4088 667 4145 Οὕτω
697 4087 756 4146 δὲ
782 4090 873 4145 καὶ
906 4091 1194 4167 ἆρνητικον
1255 4090 1467 4167 μόριον,
1505 4091 1639 4164 μετά
1691 4094 1787 4145 τοῦ
1843 4089 1974 4167 ὅρου

318 4178 367 4250 ᾦ
453 4178 787 4248 συνέζευκται
900 4178 1339 4254 μετατιθέμενον,
1441 4180 1603 4235 ταυτὸ
1700 4179 1977 4253 σημαίνει.

316 4267 489 4322 Ταυτὸ
549 4268 654 4345 γὰρ
732 4277 874 4323 ἐστιν
947 4267 1139 4340 εἰπεῖν,
1197 4268 1309 4323 Ούκ
1358 4265 1498 4323 ἔστιν
1554 4269 1838 4341 ἄνθρωπος
1892 4265 1975 4323 δί-

316 4375 500 4429 καιος,
547 4355 661 4430 καὶ,
712 4355 822 4411 Ούκ
889 4352 1003 4412 ἔστι
1071 4353 1279 4419 δίκαιος
1349 4357 1653 4433 ἄνθρωπος,
1719 4357 1831 4428 καὶ,
1880 4356 1975 4411 Δί-

315 4464 473 4507 καιος
504 4442 789 4522 ἄνθρωπος
836 4445 938 4502 οὐκ
984 4443 1117 4520 ἔστι,
1156 4445 1271 4515 καὶ,
1326 4446 1649 4523 Ἀνθρωπος
1708 4444 1808 4500 ούκ
1862 4443 1973 4502 ἔστι

319 4529 556 4596 δίκαιος.

2073 1958 2209 1998 cum
2242 1940 2522 1996 nimirum
2562 1939 2759 2011 ipsum
2792 1940 2891 1995 Est
2919 1943 3049 1995 acta
3095 1937 3417 2010 accipimus
3445 1938 3507 1993 in
3557 1939 3715 2009 ejus-

2074 2030 2233 2085 modi
2279 2028 2804 2102 propositionibus,
2834 2032 2892 2084 et
2919 2027 2979 2084 id
3028 2026 3222 2099 reipsa
3265 2026 3560 2100 ponimus,
3597 2042 3715 2081 non

2074 2122 2304 2175 tantum
2353 2117 2854 2191 subintelligimus
2884 2135 2897 2175 :
2928 2116 3087 2172 velut
3133 2132 3267 2173 cum
3314 2131 3431 2171 non
3462 2114 3717 2171 dicimus

2074 2207 2357 2264 Possibile
2388 2207 2688 2263 Socratem
2720 2205 3136 2280 philosophari,
3169 2206 3270 2261 sed
3300 2220 3438 2261 cum
3465 2204 3718 2260 dicimus

2074 2296 2361 2353 Possibile
2397 2300 2488 2354 est
2514 2297 2813 2352 Socratem
2860 2294 3282 2367 philosophari.
3315 2294 3504 2365 Hujus
3557 2292 3717 2349 enim

2075 2385 2484 2443 atﬁrmationis
2503 2385 2656 2443 805
2680 2383 2910 2457 negatio
2931 2388 3022 2440 est
3047 2386 3105 2440 et
3133 2383 3279 2454 haec,
3297 2400 3414 2439 non
3444 2381 3724 2455 possibile

2076 2480 2165 2532 est
2210 2476 2510 2532 Socratem
2553 2473 2952 2547 philosophari
2986 2490 2999 2529 :
3030 2476 3090 2529 et
3116 2473 3237 2528 haec
3267 2489 3383 2529 non
3414 2475 3503 2528 est
3531 2470 3719 2544 possi-

2075 2564 2191 2621 bile
2218 2568 2512 2620 Socratem
2546 2561 2963 2635 philosophari.
2994 2561 3108 2616 Sed
3154 2560 3367 2617 melius
3397 2565 3488 2616 est
3514 2564 3573 2617 et
3618 2563 3720 2615 tu-

2075 2654 2194 2710 tius
2223 2655 2286 2709 in
2329 2653 2605 2709 omnibus
2652 2651 2977 2723 negationis
3018 2650 3488 2723 propositionum
3520 2650 3718 2706 moda-

2076 2744 2223 2800 lium
2258 2742 2675 2799 inficiationem
2720 2741 2894 2797 modo
2942 2754 3313 2813 praeponere;
3366 2739 3487 2795 sive
3532 2737 3631 2794 ille
3657 2737 3722 2792 τὸ

2076 2832 2177 2888 Est
2207 2832 2501 2903 adjectum
2541 2830 2661 2887 sive
2689 2847 2806 2886 non
2850 2828 3141 2896 habeant;
3175 2832 3233 2883 et
3259 2828 3432 2899 hujus
3461 2828 3722 2884 afﬁrma-

2075 2921 2275 2991 tionis,
2309 2919 2591 2976 Possibile
2620 2924 2710 2976 est
2760 2919 3057 2975 Socratem
3089 2916 3513 2990 philosophari,
3544 2932 3721 2989 nega-

2076 3010 2295 3067 tionem
2331 3008 2687 3065 constituere
2734 3007 2904 3071 hanc,
2937 3006 3063 3062 Non
3096 3004 3377 3078 possibile
3405 3008 3494 3060 est
3523 3005 3722 3061 Socra-

2076 3104 2195 3156 tem
2219 3097 2623 3172 philosophari
2648 3116 2661 3167 ;
2713 3100 2769 3153 et
2796 3096 2997 3152 eodem
3042 3096 3213 3151 modo
3263 3094 3322 3149 in
3353 3094 3485 3150 aliis
3515 3093 3724 3150 simili-

2077 3189 2192 3245 bus
2220 3190 2428 3245 facere.

2152 3297 2238 3352 13.
2270 3299 2447 3351 Porro
2501 3294 2563 3350 in
2616 3292 3120 3367 propositionibus
3169 3290 3407 3347 nomina
3445 3293 3504 3346 et
3548 3288 3726 3346 verba

2079 3385 2130 3441 si
2158 3387 2641 3456 transponantur,
2674 3383 2831 3438 idem
2876 3396 3110 3452 semper
3138 3378 3491 3453 signiﬁcant.
3524 3377 3725 3442 Quoad

2080 3474 2319 3547 quidem
2342 3472 2604 3546 rhythmi
2627 3475 2991 3528 venustatem
3014 3473 3070 3526 et
3098 3467 3574 3542 perspicuitatem
3596 3483 3728 3539 pro-

2081 3562 2357 3634 nuntiati,
2389 3579 2505 3618 non
2536 3560 2806 3633 exiguam
2837 3557 3224 3615 differentiam
3252 3556 3388 3613 talis
3417 3555 3725 3612 nominum

2081 3656 2140 3709 et
2167 3652 2478 3707 verborum
2526 3649 2669 3705 ordo
2711 3651 2988 3704 causatur
3037 3664 3051 3702 :
3102 3649 3162 3701 at
3191 3646 3384 3718 quoad
3433 3643 3728 3718 signiﬁca-

2081 3748 2228 3810 tum,
2260 3737 2489 3794 nullam
2520 3737 2907 3793 mutationem
2938 3733 3137 3791 efficit.
3162 3735 3321 3790 Idem
3351 3733 3509 3789 enim
3540 3732 3730 3805 signi-

2082 3829 2260 3885 ficant
2290 3827 2499 3897 dicere,
2531 3827 2634 3882 Est
2679 3825 2853 3881 homo
2896 3825 3121 3896 justus,
3157 3827 3235 3893 et,
3263 3823 3366 3878 Est
3400 3823 3603 3894 justus
3633 3821 3734 3878 ho-

2084 3934 2201 3990 mo,
2233 3921 2308 3985 et,
2339 3917 2547 3973 Justus
2576 3915 2752 3971 homo
2782 3918 2890 3985 est,
2923 3917 3000 3982 et,
3032 3914 3217 3969 Homo
3248 3916 3338 3969 est
3361 3912 3584 3983 justus.

2155 4097 2241 4151 14.
2275 4099 2362 4151 Ita
2387 4111 2521 4150 vero
2551 4094 2727 4150 etiam
2758 4092 3011 4166 negandi
3052 4089 3342 4165 particula
3364 4105 3494 4146 cum
3526 4088 3727 4145 termi-

2083 4198 2158 4238 no
2187 4181 2281 4238 cui
2311 4182 2625 4254 conjugata
2653 4184 2745 4236 est
2792 4179 2842 4235 si
2888 4182 3326 4251 transponatur,
3358 4177 3514 4233 idem
3544 4176 3728 4249 signi-

2081 4272 2234 4328 ﬁcat.
2271 4271 2430 4326 Idem
2459 4270 2618 4326 enim
2649 4274 2740 4325 est
2784 4269 2997 4340 dicere,
3027 4268 3154 4324 Non
3184 4271 3275 4323 est
3303 4266 3479 4322 homo
3502 4266 3724 4336 justus,

2082 4363 2160 4427 et,
2194 4360 2321 4416 Non
2353 4363 2442 4415 est
2461 4360 2665 4431 justus
2694 4358 2893 4425 homo,
2925 4361 3001 4428 et,
3027 4357 3235 4413 Justus
3266 4354 3441 4411 homo
3471 4370 3589 4411 non
3617 4358 3726 4425 est,

2082 4453 2160 4518 et,
2193 4449 2376 4505 Homo
2409 4465 2524 4504 non
2554 4448 2884 4518 estjustus.

396 4627 474 4679 ιε’.
509 4620 654 4677 Αὐτὸ
708 4621 896 4696 μέντοι
935 4621 998 4677 τὸ
1044 4620 1333 4698 ἀρνητικὸν
1385 4622 1575 4700 μόριον
1626 4624 1968 4698 μετατιθέμε-

2155 4628 2241 4682 15.
2273 4627 2409 4699 Ipsa
2436 4630 2635 4682 tamen
2654 4623 2906 4698 negandi
2930 4621 3217 4697 particula
3246 4621 3295 4677 si
3328 4637 3431 4694 per
3458 4637 3520 4677 se
3541 4625 3730 4677 trans-

319 4732 415 4767 νον
442 4712 560 4766 καθ’
610 4711 763 4784 αὐτὸ,
792 4711 1123 4766 παντάπασιν
1169 4709 1481 4782 ἐξαλλάττει
1537 4711 1635 4774 τὰς
1690 4713 1976 4789 προτάσεις

318 4800 413 4856 καὶ
464 4805 545 4874 τῷ
594 4800 689 4874 μὲν
743 4800 1089 4874 ὑποκειμένῳ
1131 4799 1575 4874 συμπλεκόμενον
1621 4807 1769 4856 ποιεῖ
1820 4800 1980 4856 κατά-

321 4910 480 4967 φασιν
538 4889 592 4960 έξ
646 4888 900 4964 ἀορίστου
959 4888 1339 4963 ὑποκειμένου,
1396 4890 1536 4960 οἷον,
1595 4888 1706 4945 Οὐκ
1776 4887 1979 4966 ἅνθρω-

318 5000 423 5042 πος
485 4976 694 5042 δίκαιός
759 4977 893 5034 έστιο
924 4983 1003 5051 τῷ
1059 4976 1118 5033 δὲ
1172 4978 1633 5055 κατηγορουμένῳ
1682 4979 1974 5058 κατάφασιν

319 5069 382 5125 ἐκ
438 5066 798 5143 μεταθέσεως,
860 5069 999 5140 οἷον,
1058 5068 1376 5144 ’Δνθρωπος
1432 5068 1494 5124 ού
1561 5066 1765 5132 δίκαιός
1843 5068 1974 5124 ἐστι·

316 5161 399 5231 τῷ
454 5154 514 5213 δὲ
558 5154 1160 5233 προσκατηγορουμένῳ
1216 5156 1506 5235 ἀπόφασιν,
1537 5159 1676 5229 οῖον,
1735 5163 1978 5235 ’Ἄνθρω-

320 5268 426 5310 πος
485 5244 698 5309 δίκαιος
751 5245 851 5301 οὐκ
906 5240 1072 5305 ἔστιν.
1101 5245 1333 5321 Ὁμοίως
1392 5243 1450 5301 δὲ
1503 5245 1593 5302 καί
1646 5268 1757 5302 τισι
1803 5268 1976 5324 προσ-

322 5334 639 5414 διορισμοῖς
696 5333 1166 5409 συμπλεκόμενον.
1230 5335 1350 5391 Ἐπὶ
1407 5335 1510 5411 γὰρ
1549 5340 1665 5409 τοῦ,
1724 5341 1834 5399 Πᾶς
1891 5333 1979 5393 ἅν-

319 5428 540 5504 θρωπος
591 5424 799 5488 δίκαιός
858 5422 989 5497 ἐστι,
1020 5425 1083 5480 τὸ
1135 5426 1233 5494 τῆς
1292 5424 1575 5502 ἀρνήσεως
1637 5422 1849 5502 μόριον,
1896 5430 1977 5498 τῷ

319 5522 430 5579 πᾶς
483 5513 902 5594 προσδιορισμῷ
967 5514 1441 5588 συμπλεκόμενον,
1502 5513 1769 5592 ἀπόφασιν
1829 5521 1980 5570 ποιεῖ

317 5608 443 5679 τὴν,
505 5606 577 5661 Ού
634 5611 742 5668 πᾶς
801 5605 1087 5679 ἅνθρωπος
1154 5601 1362 5665 δίκαιός
1425 5603 1556 5658 ἐστι’
1613 5608 1693 5675 τῷ
1750 5600 1826 5673 δὲ,
1885 5603 1977 5667 Τὶς

324 5694 613 5772 ἄνθρωπος
652 5692 858 5755 δίκαιός
904 5691 1038 5765 ἐστι,
1067 5693 1203 5748 κατὰ
1258 5693 1352 5749 τὸν
1405 5692 1488 5755 τὶς
1545 5689 1972 5770 προσδιορισμὸν

2087 4719 2359 4790 ponatur,
2420 4716 2575 4772 806
2635 4713 3060 4786 propositiones
3133 4711 3371 4767 omnino
3428 4710 3727 4777 immutat,

2087 4809 2145 4861 et
2173 4805 2437 4875 subjecto
2489 4803 2723 4876 quidem
2778 4804 3046 4857 conserta
3093 4797 3541 4854 afﬁrmationem
3589 4797 3730 4854 facit

2087 4908 2156 4948 ex
2184 4893 2412 4947 inﬁnito
2461 4892 2745 4962 subjecto,
2777 4888 2954 4958 velut,
2988 4889 3113 4943 Non
3160 4887 3335 4943 homo
3358 4887 3560 4957 justus
3588 4891 3681 4942 est
3713 4903 3726 4943 :

2086 4981 2396 5053 praedicato
2427 4984 2645 5046 autem,
2674 4977 3129 5034 afﬁrmationem
3153 4976 3593 5048 transpositam,
3616 4976 3733 5033 vel-

2087 5074 2171 5138 ut,
2204 5071 2387 5125 Homo
2430 5075 2520 5125 est
2565 5086 2681 5124 non
2725 5069 2930 5139 justus
2981 5083 2995 5121 :
3043 5065 3431 5139 appraedicato
3480 5065 3731 5138 denique

2086 5158 2589 5233 negationemzut,
2614 5159 2792 5212 Homo
2823 5172 2939 5211 non
2969 5158 3059 5210 est
3079 5154 3300 5226 justus.
3334 5152 3524 5210 Simili
3552 5154 3730 5211 ratio-

2086 5266 2159 5305 ne
2200 5248 2378 5305 etiam
2411 5247 2459 5302 si
2491 5246 2789 5319 aliquibus
2818 5243 3379 5316 praedeﬁnitionibus
3407 5243 3733 5316 applicetur

2084 5337 2362 5410 (negandi
2390 5334 2701 5408 particula,
2729 5334 3099 5408 negationem
3134 5332 3312 5405 facit).
3339 5333 3483 5391 Nam
3512 5333 3572 5388 in
3595 5332 3726 5403 hoc,

2086 5425 2287 5483 Omnis
2318 5424 2494 5481 homo
2526 5430 2615 5480 est
2633 5426 2857 5496 justus,
2891 5422 2942 5479 si
2985 5422 3239 5494 negandi
3269 5422 3557 5494 particula
3586 5440 3732 5495 pras-

2086 5514 2410 5571 deﬁnitioni
2481 5512 2673 5570 omnis
2734 5513 3108 5584 adjungatur,
3166 5510 3535 5584 negationem
3592 5511 3733 5568 facit

2085 5605 2256 5670 hanc,
2291 5604 2415 5660 Non
2459 5605 2652 5659 omnis
2699 5603 2873 5659 homo
2905 5606 2995 5657 est
3039 5601 3242 5672 justus
3276 5616 3290 5656 :
3324 5601 3459 5656 huic
3508 5605 3727 5669 autem,

2083 5692 2179 5754 Τίς
2219 5692 2482 5766 (aliquis)
2511 5693 2688 5750 homo
2709 5697 2799 5749 est
2816 5694 3038 5765 justus,
3057 5690 3106 5746 si
3129 5691 3299 5761 juxta
3316 5689 3729 5763 predeﬁnitio-
