4108 6448
409 379 533 445 91⁸7

1662 394 2086 458 NICEPHORI
2127 393 2569 459 BLEMMIDE

3685 386 3797 454 928

418 530 553 573 nem
607 515 821 591 aliquis
865 525 1254 595 componatur
1297 525 1693 597 (inﬁciationis
1743 529 2057 600 particula)

2190 529 2580 601 συντιθέμενον,
2640 525 2903 605 ἀπόφασιν
2975 529 3143 597 ποιεῖ,
3197 523 3321 597 τὴν,
3378 517 3534 585 Οὖτις
3602 522 3796 599 ἄνθρω-

414 607 783 679 negationem
829 610 1008 667 efﬁcit
1053 611 1225 682 hanc,
1259 610 1419 677 Οὖτις
1447 617 1585 688 (non
1617 617 1855 691 aliquis)
1884 618 2059 674 homo

414 699 507 753 est
526 698 750 767 justus.

486 786 573 841 16.
605 786 715 842 Sed
745 787 887 858 quia
912 787 974 842 τὸ
1002 784 1150 851 οὔτις
1196 792 1322 864 (pro
1352 793 1573 860 nullus)
1604 796 1794 868 magis
1839 801 1930 852 est
1957 812 2058 869 po-

414 873 627 930 eticum
658 879 859 947 (quam
910 878 1252 952 oratorium)
1282 899 1387 954 pro
1417 882 1517 939 illo
1547 886 1704 955 quod
1753 886 2055 941 communi

413 962 549 1018 usui
607 964 890 1022 familiare
967 972 1075 1037 est,
1137 972 1463 1027 assumitur
1530 971 1593 1027 τὸ
1675 969 1845 1038 οὔτις,
1903 975 2060 1047 quod

416 1053 697 1125 aqualem
725 1057 805 1124 τῷ
834 1051 981 1117 οὔτις
1010 1057 1128 1114 vim
1162 1063 1220 1114 et
1260 1061 1441 1116 robur
1468 1061 1663 1117 habet.
1696 1065 2062 1135 Quapropter

415 1142 478 1198 in
526 1142 632 1198 hac
679 1145 1006 1217 negatione,
1052 1147 1116 1201 ού
1158 1148 1240 1209 τὶς
1285 1151 1422 1221 (non
1468 1152 1703 1224 aliquis)
1750 1152 1925 1207 homo
1973 1158 2061 1208 est

408 1231 634 1303 justus,
665 1234 958 1305 siquidem
1004 1236 1068 1290 τὸ
1099 1237 1163 1291 οὐ
1206 1238 1289 1299 τὶς
1341 1241 1671 1312 proferatur
1713 1246 1953 1297 accentu
2002 1241 2059 1296 in

417 1319 630 1377 ultima
658 1321 902 1395 syllaba,
937 1327 1127 1398 primo
1158 1329 1394 1400 quidem
1424 1330 1755 1386 Graecorum
1786 1331 1921 1386 usui
1951 1331 2060 1386 mi-

416 1426 531 1466 nua
578 1416 783 1468 notum
825 1419 932 1479 est,
966 1420 1025 1471 et
1069 1417 1314 1489 insuper
1362 1419 1538 1475 etiam
1588 1421 1778 1493 magis
1824 1420 2063 1475 abusive

418 1498 617 1570 (quam
648 1501 901 1575 proprie)
948 1504 1181 1573 dicitur,
1214 1508 1364 1563 801
1416 1507 1681 1581 nihilque
1728 1509 1960 1564 ﬁnitum
2001 1508 2061 1563 in

419 1589 749 1661 quantitate
803 1592 1121 1664 signiﬁcat.
1180 1595 1395 1653 Verum
1453 1598 1609 1654 enim
1665 1603 1754 1654 est
1809 1598 1940 1664 hoc,
2000 1596 2061 1651 οὐ

416 1674 498 1738 τὶς
527 1678 665 1749 (non
715 1678 953 1753 aliquis)
984 1681 1156 1739 homo
1197 1685 1400 1755 justus
1443 1691 1551 1751 est,
1583 1703 1716 1742 cum
1762 1687 1810 1742 si
1844 1687 2062 1759 plures,

409 1766 558 1838 justi
607 1769 766 1837 sint;
817 1773 947 1825 tum
997 1771 1047 1826 si
1095 1772 1314 1842 nullus,
1353 1776 1559 1846 justus
1605 1775 1865 1832 exsistat.
1919 1775 2065 1830 Hine

2175 638 2278 679 πος
2308 614 2513 677 δίκαιός
2545 614 2703 673 ἐστιν.

2241 796 2325 863 ιζ’.
2383 791 2541 853 Ἀλλ’
2587 792 2702 848 ἐπεὶ
2750 794 2815 848 τὸ
2860 791 3010 854 οὕτις
3056 792 3505 867 ποιητικώτερον,
3549 791 3659 846 ἀντ’
3712 791 3797 847 αὖ·

2166 887 2263 938 τοῦ
2313 877 2797 957 παραλαμϐάνεται
2862 882 2924 937 τὸ
2974 886 3043 956 τῇ
3101 884 3259 955 κοινῇ
3314 883 3511 957 χρήσει
3569 880 3799 953 σύνηθες,

2166 973 2230 1027 τὸ
2291 970 2485 1042 οὐδεὶς,
2519 972 2653 1046 ὅπερ
2712 967 2827 1046 ἔχει
2879 972 2978 1039 τὴν
3036 967 3153 1040 ἴσην
3193 974 3274 1041 τῷ
3322 965 3469 1031 οὔτις
3512 967 3689 1043 ἰσχύν.
3720 970 3801 1024 Διό

2167 1061 2256 1116 καὶ
2285 1064 2321 1130 ἡ
2354 1060 2644 1137 ἀπόφασις,
2675 1058 2863 1121 Οὐδεὶς
2906 1058 3189 1135 ἄνθρωπος
3239 1055 3448 1120 δίκαιός
3497 1056 3662 1124 ἐστιν,
3694 1056 3802 1128 όξυ-

2166 1150 2341 1210 τόνως
2387 1150 2570 1221 μέντοι
2619 1149 2682 1203 τὸ
2728 1148 2792 1202 ού
2841 1148 2924 1210 τὶς
2973 1146 3405 1225 προφερόμενον,
3444 1150 3661 1223 πρῶτον
3719 1146 3803 1220 μὲν

2167 1241 2237 1312 τῇ
2283 1235 2727 1313 Ἐλληνικωτέρᾳ
2773 1239 2970 1313 ’χρήσει
3029 1235 3129 1291 ούκ
3185 1233 3460 1312 ἔγνωσται.
3522 1233 3677 1304 Πλὴν
3725 1235 3803 1290 καὶ

2169 1326 2749 1402 καταχρηστικώτερον
2849 1325 3142 1401 λεγόμενον
3224 1324 3289 1379 τὸ
3363 1323 3425 1378 ού
3488 1323 3597 1393 τὶς,
3666 1320 3802 1378 οὐδὲν

2171 1414 2472 1489 ὡρισμένον
2539 1415 2790 1487 σημαίνει
2854 1415 2990 1469 κατὰ
3050 1412 3242 1471 ποσόν.
3288 1412 3524 1482 ’Δληθὶς
3582 1412 3683 1488 γάρ
3730 1413 3804 1483 τὸ,

2172 1504 2245 1559 Ού
2274 1504 2356 1566 τὶς
2416 1501 2702 1579 ἄνθρωπος
2760 1501 2967 1565 δίκαιός
3025 1502 3157 1574 ἔστι,
3189 1503 3281 1557 καὶ
3327 1500 3602 1557 πλειόνων
3651 1498 3805 1555 ὄντων

2173 1592 2419 1664 δικαίων,
2477 1593 2567 1647 καὶ
2638 1588 2870 1664 μηδενὸς
2949 1589 3161 1647 δικαίου
3238 1591 3607 1666 ὑπάρχοντος.
3665 1592 3806 1654 Ὀθεν

2172 1682 2261 1738 καὶ
2313 1679 2402 1737 διὰ
2449 1682 2549 1749 τὴν
2599 1681 2858 1752 τοιαύτην
2904 1680 3177 1754 ἀοριστίαν
3225 1676 3476 1742 ούδόλως
3524 1679 3579 1734 ἐν
3627 1680 3806 1756 χρήσει

2169 1772 2233 1826 τὸ
2254 1775 2503 1825 τοιοῦτον
2533 1769 2783 1840 ὀξύτονον
2811 1769 2876 1824 οὗ
2901 1769 2987 1832 τὶς
3016 1769 3241 1844 γίνεται.

418 1855 593 1912 etiam
652 1861 888 1929 propter
934 1859 1291 1931 ejuscemodi
1344 1862 1731 1920 iuﬁnitionem
1780 1864 1890 1920 hoc
1918 1862 1982 1917 τὸ
2033 1860 2096 1915 οὐ
2155 1859 2263 1929 τὶς,
2317 1877 2450 1917 cum
2509 1866 2755 1917 accentu
2809 1859 2871 1916 in
2928 1858 3158 1927 ultima,
3191 1873 3570 1931 nequaquam
3624 1857 3684 1913 in
3711 1873 3812 1913 usu

417 1949 527 2000 est.

489 2033 575 2088 17.
607 2032 1113 2097 Quemadmodum
1145 2043 1341 2096 autem
1376 2043 1643 2114 negativa
1670 2042 1978 2115 particula,
2010 2042 2061 2097 si
2090 2042 2139 2108 B

420 2136 524 2194 per
550 2139 614 2178 se
642 2124 880 2195 quidem
928 2131 1366 2200 trausponatur,
1399 2147 1469 2186 ex
1513 2131 1644 2187 aliis
1675 2131 1821 2186 alias
1850 2148 2059 2204 prepo-

419 2210 665 2268 sitiones
693 2212 873 2270 efficit
906 2232 919 2270 :
952 2215 1043 2271 sin
1076 2223 1270 2274 autem
1311 2237 1445 2275 cum
1480 2220 1767 2293 particula
1797 2221 2062 2293 proposi-

417 2300 616 2367 tionis,
647 2302 739 2357 cui
774 2303 831 2357 in
866 2304 1149 2377 principio
1180 2309 1492 2378 conjuncta
1535 2315 1661 2365 erat
1689 2310 2062 2366 omnifariam

417 2390 858 2461 traneponatur,
883 2394 1151 2449 eamdem
1174 2396 1659 2468 significationem
1694 2400 1904 2454 retinet
1933 2418 1947 2453 :
1983 2398 2065 2453 ita

418 2494 560 2534 sane
583 2479 759 2535 etiam
790 2481 1276 2552 praedeﬁnitiones
1306 2486 1356 2541 si
1408 2502 1510 2558 per
1547 2504 1610 2543 se
1639 2488 1877 2559 quidem
1907 2492 2064 2543 tran-

418 2565 716 2623 elocentur
759 2570 1209 2644 propositiones,
1241 2574 1535 2631 interdum
1581 2581 1844 2631 evertant
1889 2581 1946 2631 et
1996 2592 2062 2631 ex

415 2653 569 2710 veris
598 2654 777 2712 falsas
807 2657 1084 2716 efﬁciant.

492 2760 578 2815 18.
612 2760 712 2815 Sin
765 2778 898 2820 vero
945 2780 1076 2820 cum
1127 2767 1415 2840 terminis,
1450 2769 1666 2842 quibus
1712 2770 1879 2825 initio
1927 2786 2061 2825 con-

418 2853 584 2905 sertae
613 2849 860 2923 fuerant,
896 2855 1345 2927 transferantur,
1369 2860 1600 2914 easdem
1637 2859 2064 2932 propositiones

419 2940 757 2995 custodiunt
788 2958 800 2996 :
835 2947 921 3009 ut,
952 2943 1157 3000 Omnis
1200 2946 1374 3002 homo
1421 2953 1511 3003 est
1539 2948 1776 3013 animal,
1809 2949 1909 3005 Est
1937 2948 2065 3003 ani-

420 3026 535 3083 mal
562 3029 755 3085 omnis
784 3030 960 3085 homo
991 3048 1004 3086 :
1041 3031 1222 3089 Homo
1256 3036 1469 3101 omnis,
1502 3036 1720 3092 animal
1751 3043 1839 3092 est
1870 3054 1883 3092 :
1920 3038 2063 3092 Ani-

421 3114 558 3182 mal,
589 3117 781 3173 omnis
814 3118 989 3175 homo
1020 3126 1130 3177 est.
1167 3123 1231 3178 Et
1262 3129 1553 3196 quotquot
1582 3125 1714 3182 aliis
1742 3125 1845 3182 illa
1874 3126 2065 3183 modis

415 3205 714 3278 variegare
742 3208 1045 3282 contingit.

492 3312 580 3367 19.
612 3313 774 3378 Quod
807 3315 856 3370 si
898 3320 1093 3372 autem
1142 3325 1586 3391 consequentes,
1617 3320 1735 3377 sive
1765 3321 1942 3378 simul
1970 3338 2065 3377 ve-

2244 2039 2324 2107 ιζ’.
2359 2037 2608 2112 Καθάπερ
2668 2032 2725 2090 δὲ
2773 2035 2837 2090 τὸ
2884 2035 3217 2114 ἀποφατικὸν
3270 2029 3489 2111 μόριον,
3532 2034 3654 2087 καθ’
3698 2031 3813 2086 αὐτὸ

2172 2128 2266 2199 μὲν
2333 2124 2767 2198 μετατιθέμενον,
2819 2122 2994 2186 ἄλλας
3040 2123 3092 2194 ἐξ
3151 2123 3338 2179 ἄλλων
3388 2122 3484 2184 τὰς
3545 2119 3815 2194 προτάσεις

2171 2221 2336 2271 ποιεῖ·
2375 2215 2511 2287 μετὰ
2566 2212 2623 2268 δὲ
2679 2234 2740 2289 γε
2794 2217 2892 2268 τοῦ
2955 2213 3151 2287 μορίου
3206 2219 3308 2282 τῆς
3364 2212 3700 2287 προτάσεως,
3746 2210 3814 2281 ᾧ-

2168 2327 2272 2360 τινι
2320 2301 2809 2377 συμπεπλεγμένον
2861 2302 2930 2371 ἧν
2974 2301 3026 2373 ἐξ
3072 2302 3255 2377 ἀρχῆς
3312 2298 3670 2361 παντοδαπῶς
3731 2319 3814 2372 μι-

2168 2395 2539 2466 τατιθὲμενον,
2596 2394 2695 2461 τὴν
2755 2391 2922 2461 αὐτὴν
2978 2396 3138 2467 τηρεῖ
3216 2390 3491 2467 πρότασιν·
3557 2388 3700 2444 οὕτω
3753 2384 3812 2455 δὴ

2170 2483 2259 2539 καὶ
2309 2484 2361 2537 οἱ
2422 2479 2844 2558 προσδιορισμοὶ
2905 2482 3023 2536 καθ’
3071 2479 3263 2541 αὖτοὺς
3342 2479 3435 2553 μὶν
3500 2475 3811 2553 μεταταττό-

2174 2559 2325 2644 μεῗιοι
2373 2571 2468 2633 τὰς
2520 2570 2806 2646 προτάσεις
2853 2569 3024 2625 ἐνίοτε
3077 2567 3486 2647 ἆναστρέφουσι,
3537 2566 3630 2622 καὶ
3694 2570 3811 2640 ψευ-

2173 2659 2283 2724 δεῖς
2315 2666 2561 2716 ποιοῦσιν
2594 2658 2645 2732 ἐξ
2676 2658 2921 2730 ἀληθῶν.

2248 2769 2336 2838 ιη’.
2372 2767 2520 2825 Μετᾶ
2554 2767 2733 2840 μέντοι
2762 2770 2871 2821 τῶν
2922 2765 3063 2842 ὅρων
3115 2767 3198 2828 οῖς
3238 2764 3288 2839 ἐξ
3333 2765 3512 2841 ἀρχῆς
3566 2760 3818 2819 συνεπλά-

2173 2878 2340 2928 κησαν
2413 2851 2920 2929 μεταϐιϐαζόμενοι,
2978 2855 3074 2917 τὰς
3140 2854 3305 2917 αὐτὰς
3378 2851 3670 2930 προτάσεις
3726 2874 3814 2929 φυ-

2175 2945 2482 3002 λάττουσιν·
2552 2946 2693 3017 οἷον,
2754 2950 2865 3006 Πᾶς
2926 2943 3212 3019 ἅνθρωπος
3272 2943 3408 3012 ζῶόν
3488 2942 3625 3011 ἔστι,
3682 2945 3814 2995 Ζῶον

2173 3042 2276 3098 πᾶς
2308 3034 2590 3111 ἅνθρωπός
2642 3034 2775 3107 ἐστι,
2806 3036 3124 3107 ’Ἀνθρωπος
3172 3039 3275 3094 πᾶς
3322 3027 3459 3102 ζῶόν
3512 3030 3650 3098 ἐστι,
3683 3034 3815 3085 Ζῶον

2173 3131 2277 3187 πᾶς
2309 3123 2591 3200 ἄνθρωπός
2621 3124 2753 3181 ἐστι.
2786 3124 2885 3179 Καὶ
2910 3124 3128 3199 ὁσαχῶς
3159 3121 3348 3184 ἄλλως
3392 3118 3667 3197 ἐνδέχεται
3713 3117 3817 3175 δια-

2173 3213 2395 3269 πλέκειν
2428 3213 2579 3269 αὐτά.

2249 3322 2333 3385 ιθ’.
2366 3319 2429 3374 Εἰ
2490 3317 2791 3391 μέλλοιμεν
2864 3315 2923 3373 δὶ
2988 3317 3078 3373 καὶ
3137 3318 3232 3379 τὰς
3308 3314 3818 3385 συνακολουθούσας,

423 3415 557 3457 rum
586 3406 690 3457 aut
710 3399 927 3459 falsum
945 3404 1207 3463 dicentes
1233 3423 1433 3464 omnes
1459 3410 1885 3481 propositiones
1907 3410 2065 3464 inve-

2190 3405 2353 3465 εῗτουν
2420 3405 2889 3479 συναληθευούσας
2936 3407 2971 3476 ἢ
3029 3408 3122 3462 καὶ
3190 3401 3640 3481 συμψευὸομένας
3698 3401 3826 3480 εὑρί-

424 3487 551 3545 nire
578 3487 873 3559 volumus,
905 3491 1007 3547 tali
1057 3497 1290 3550 utemur
1318 3495 1538 3568 regula.
1574 3497 1637 3552 In
1668 3497 1829 3553 omni
1860 3514 2070 3571 propo-

426 3575 638 3633 sitione
669 3593 795 3651 quae
826 3584 929 3635 aut
978 3580 1211 3638 ﬁnitum
1242 3582 1416 3640 habet
1465 3586 1817 3657 subjectum,
1849 3591 1951 3643 aut
1978 3586 2071 3641 in-

427 3664 660 3722 finitum
686 3685 699 3734 ;
732 3667 885 3724 808
917 3673 975 3725 et
1004 3675 1108 3727 aut
1134 3672 1384 3745 simplex
1412 3679 1501 3729 est
1531 3681 1634 3730 aut
1662 3676 2025 3749 transposita
2055 3693 2068 3732 :

427 3757 485 3810 et
514 3755 837 3811 secundum
888 3760 1274 3830 quantitatem
1325 3764 1559 3834 quidem
1592 3769 1694 3819 aut
1723 3765 2074 3821 universalis

431 3846 533 3898 aut
562 3843 949 3917 particularis,
983 3852 1085 3903 aut
1130 3849 1448 3922 singularis
1479 3857 1582 3907 aut
1608 3853 1950 3923 indeﬁnite;
1982 3871 2072 3910 se-

430 3932 691 3988 cundum
722 3932 1064 4002 qualitatem
1093 3953 1226 3993 vero
1256 3943 1357 3994 aut
1386 3941 1733 3997 afﬁrmativa
1764 3949 1865 3997 aut
1895 3959 2074 4015 nega~

432 4021 551 4076 tiva
579 4027 669 4078 est
700 4038 712 4077 :
746 4024 1080 4095 subjectum
1129 4027 1364 4099 quidem
1411 4032 1728 4086 terminum
1778 4032 1838 4087 in
1871 4050 2076 4088 conse-

435 4110 757 4182 quentibus
786 4113 858 4167 ad
891 4130 952 4169 se
981 4113 1227 4171 invicem
1256 4120 1753 4190 prepositionibus
1801 4123 2075 4177 eumdem

434 4203 501 4255 ut
528 4202 588 4255 et
616 4200 1003 4273 quantitatem
1032 4204 1292 4275 ,servari,
1324 4212 1528 4263 caatera
1553 4224 1687 4264 vero
1717 4210 1912 4266 omnia
1944 4227 2075 4265 mu-

432 4288 545 4345 tari
576 4293 819 4361 oportet.

505 4380 598 4434 20.
628 4379 1061 4437 Attendendum
1092 4386 1286 4439 autem
1317 4400 1389 4440 ne
1420 4402 1525 4458 pro
1550 4386 1865 4459 praedicata
1896 4393 2078 4444 totam

438 4469 917 4542 propositionem,
950 4471 1051 4526 sed
1100 4473 1517 4545 propositionis
1567 4480 1791 4548 partem
1838 4477 2084 4549 accipia-

440 4575 593 4617 mus.
623 4559 708 4614 Sit
737 4559 894 4615 enim
926 4564 991 4616 ut
1018 4560 1078 4615 in
1108 4560 1414 4634 hypothesi
1447 4563 1767 4636 propositio
1800 4565 1942 4632 hinc,
1974 4566 2083 4621 Ho-

440 4664 536 4705 mo
566 4651 655 4704 est
692 4648 915 4720 justus,
948 4654 1177 4721 oportet
1204 4650 1266 4704 τὸ
1320 4651 1517 4720 homo,
1550 4669 1654 4724 pro
1703 4654 1989 4726 subjecto,
2018 4653 2082 4708 τὸ

433 4739 640 4811 justus
664 4743 772 4806 est,
802 4755 908 4812 pro
940 4738 1251 4812 praedicato
1280 4740 1559 4813 accipere.

507 4919 600 4972 21.
645 4917 789 4973 Huic
847 4917 1061 4992 regula
1112 4918 1160 4974 si
1214 4920 1608 4986 attendamus,
1664 4927 2090 4993 consequentes

444 5005 873 5080 propositiones
902 5023 1107 5064 omnes
1150 5009 1517 5065 inveniemus
1545 5027 1557 5064 :
1592 5008 1751 5066 velut
1780 5010 1838 5067 in
1870 5011 2087 5083 praede-

442 5095 627 5153 ﬂnitis
675 5096 835 5167 huic,
868 5096 1070 5154 Omnis
1113 5098 1288 5154 homo
1338 5102 1428 5154 est
1476 5098 1716 5167 animal,
1769 5116 1897 5171 quae
1945 5101 2087 5155 sim-

442 5185 577 5260 plex
606 5188 697 5241 est
746 5184 1091 5242 universalis
1136 5187 1470 5253 afﬁrmatio,
1502 5187 1626 5243 haec
1654 5191 1746 5244 est
1774 5189 2092 5261 transposi-

438 5276 600 5332 tione
632 5274 980 5331 universalis
1030 5276 1261 5347 negatio
1310 5293 1675 5349 consequens
1711 5282 1801 5333 est
1832 5294 1846 5332 :
1878 5277 2089 5334 Nullus

440 5366 615 5423 homo
646 5368 736 5421 est
763 5380 875 5419 non
906 5363 1122 5419 animal
1152 5380 1165 5417 :
1199 5368 1257 5419 et
1285 5364 1420 5420 huic
1465 5363 1716 5436 simplici
1748 5364 2088 5437 particulari

441 5454 844 5523 afﬁrmationi,
876 5453 1106 5525 Aliquis
1155 5453 1329 5509 homo
1360 5459 1448 5509 est
1478 5454 1884 5527 philosophus,
1916 5456 2091 5527 parti-

440 5545 658 5605 cularis
688 5543 921 5618 negatio
968 5560 1037 5598 ex
1081 5543 1541 5615 transpositione
1583 5560 1949 5615 consequens
1974 5548 2085 5612 est,

439 5638 567 5697 Non
597 5634 791 5695 omnis
819 5634 995 5691 homo
1027 5637 1117 5690 est
1146 5649 1261 5688 non
1289 5631 1694 5705 philosOphus.

508 5729 599 5786 22.
631 5726 870 5801 Oportet
898 5722 1056 5780 enim
1088 5721 1148 5777 in
1187 5718 1686 5792 consequentibus
1732 5721 2085 5793 propositio-

2181 3519 2322 3553 σκειν
2371 3501 2556 3553 πασῶν
2617 3501 2724 3551 τῶν
2779 3494 3117 3571 προτάσεων,
3167 3495 3348 3551 κανόνι
3403 3493 3643 3568 τοιούτῳ
3692 3513 3824 3571 χρη-

2181 3586 2387 3660 σόμεθα
2432 3587 2609 3657 πάσης
2655 3586 2992 3662 προτάσεως,
3024 3584 3060 3654 ἢ
3101 3583 3404 3659 ὡρισμένον
3454 3581 3695 3659 ἐχούσης
3744 3580 3824 3635 τὸν

2184 3676 2559 3749 ὑποκείμενον,
2608 3675 2644 3744 ἢ
2696 3674 2968 3749 ἀόριστον·
3015 3673 3104 3729 καὶ
3153 3674 3191 3743 ἢ
3252 3669 3432 3741 ἁπλῆς
3493 3669 3664 3742 οὔσης
3709 3672 3743 3740 ἢ
3773 3667 3825 3724 ἐκ

2186 3764 2538 3838 μεταθέσεως·
2589 3762 2678 3818 καὶ
2726 3764 2862 3818 κατὰ
2912 3763 3008 3832 μὶν
3052 3763 3115 3817 τὸ
3163 3761 3331 3818 ποσὸν
3378 3763 3414 3831 ἢ
3446 3759 3686 3817 καθόλου
3742 3754 3824 3813 οὗ·

2183 3875 2284 3924 σης
2312 3853 2347 3922 ἤ
2385 3855 2608 3929 μερικῆς
2657 3852 2692 3921 ἢ
2742 3850 3059 3929 ἆδιορίστου
3106 3851 3141 3921 ἢ
3187 3851 3277 3905 καὶ
3329 3850 3654 3906 καθέκαστα’
3704 3846 3827 3903 κατᾶ

2184 3940 2242 3997 δὲ
2286 3943 2349 3997 τὸ
2396 3942 2553 3996 ποιὸν
2595 3941 2630 4010 ἢ
2663 3947 3031 4018 καταφατικῆς
3074 3941 3111 4009 ἢ
3160 3939 3523 4019 ἀποφατικῆς·
3578 3938 3692 4014 χρὴ
3745 3935 3828 3991 τὸν

2188 4031 2282 4104 μὲν
2342 4029 2695 4102 ὑποκείμενον
2771 4028 2898 4107 ὅρον
2974 4027 3334 4106 φυλάττεσθαι
3387 4027 3480 4082 τὸν
3530 4026 3691 4081 αὐτὸν
3749 4021 3826 4079 έπῖ

2182 4123 2290 4173 τῶν
2368 4116 2878 4173 συνακολουθουσῶν
2952 4114 3229 4187 ἀλλήλαις
3299 4117 3640 4192 προτάσεων,
3694 4110 3827 4169 ἀλλὰ

2187 4205 2255 4276 δὴ
2326 4206 2416 4261 καὶ
2481 4208 2542 4261 τὸ
2608 4206 2798 4261 ποσόν·
2858 4205 3030 4260 πάντα
3086 4202 3145 4260 δὲ
3200 4206 3268 4259 τὰ
3340 4204 3509 4260 λοιπά
3580 4200 3827 4259 ἐναλλάτ-

2183 4298 2384 4353 τεσθαι.

2257 4393 2324 4443 κ’.
2375 4385 2702 4461 Προσεκτέον
2753 4380 2812 4438 δὲ
2857 4383 2933 4457 μή
2980 4379 3191 4438 τελείαν
3244 4375 3536 4455 λαμϐάνειν
3582 4376 3825 4460 πρότασιν

2187 4475 2279 4530 τὸν
2323 4472 2819 4550 κατηγορούμενον,
2868 4469 3014 4527 ἀλλὰ
3064 4472 3228 4547 μέρος
3275 4469 3613 4549 προτάσεως.
3663 4475 3827 4525 Ἔστω

2189 4565 2289 4641 γάρ
2339 4564 2415 4625 ὡς
2466 4562 2517 4617 ὲν
2569 4563 2817 4625 ὑποθέσει
2867 4560 3125 4636 πρότασις
3155 4561 3215 4631 ἡ,
3251 4560 3573 4637 Ἀνθρωπος
3631 4554 3828 4617 δίκαιός

2193 4650 2323 4707 ἐστι.
2359 4657 2449 4706 Δεῖ
2502 4652 2565 4705 τὸ
2627 4652 2744 4723 μὲν,
2797 4648 3082 4726 ἄνθρωπος
3132 4646 3485 4722 ὑποκείμενον
3538 4642 3748 4716 λαϐεῖν,
3775 4645 3829 4699 τὸ

2115 4775 2161 4839 D
2194 4737 2271 4812 δὲ,
2305 4734 2510 4802 δίκαιός
2547 4738 3251 4839 κέστικκάτηγορούμενοψ,
3280 4736 3373 4792 καὶ
3432 4734 3510 4811 μὴ
3570 4735 3700 4793 ὅλον
3752 4734 3826 4808 τὸ,

2191 4831 2510 4905 ’Ἄνθρωπος
2544 4826 2752 4891 δίκαιός
2784 4826 2917 4899 ἐστι,
2946 4825 3443 4903 κατηγορούμενον.

2266 4920 2368 4975 κα’.
2407 4918 2593 4990 Τούτῳ
2620 4921 2700 4989 τῷ
2741 4915 2925 4971 κανόνι
2974 4914 3338 4993 προσέχοντες
3381 4917 3479 4978 τὰς
3526 4909 3831 4972 συνακολου-

2199 5006 2396 5071 θούσας
2452 5003 2741 5083 προτάσεις
2801 5000 3010 5066 άπάσας
3062 5002 3385 5080 εὑρήσομεν⁸
3427 5003 3541 5057 οἷον
3595 5000 3684 5058 ἐπὶ
3732 5001 3826 5056 τῶν

2196 5092 2710 5170 προσδιωρισμένων
2768 5095 2863 5167 τῇ,
2919 5096 3033 5154 Πᾶς
3108 5092 3395 5168 ἄνθρωπος
3470 5089 3607 5161 ζῶόν
3682 5088 3825 5161 ἐστιν,

2197 5182 2348 5259 ἁπλῇ
2407 5180 2540 5258 οὔσῃ
2601 5183 2893 5260 καταφάσει
2975 5178 3231 5254 καθόλον,
3289 5181 3325 5251 ἠ
3386 5178 3446 5236 ἐκ
3513 5180 3827 5254 μεταθέσεως

2195 5271 2431 5329 καθόλου
2478 5271 2745 5351 ἀπόφασις
2792 5266 3202 5344 συνακολουθεῖ,
3228 5269 3291 5339 ἡ,
3320 5265 3511 5333 Οὐδεὶς
3566 5266 3826 5351 ἄνθρωπος

2196 5362 2259 5418 ού
2328 5361 2463 5431 ζῶόν
2540 5347 2672 5416 ἐστι’
2730 5360 2821 5415 καὶ
2885 5363 2979 5434 τῇ,
3048 5355 3139 5421 Τίς
3210 5357 3495 5433 ἄνθρωπος
3546 5347 3826 5438 φιλόσοφός

2195 5451 2359 5522 ἐστιν,
2408 5448 2559 5525 ἁπλῇ
2625 5446 2758 5523 οὔσῃ
2803 5444 3098 5527 καταφάσει
3156 5450 3375 5523 μερικῇ,
3422 5449 3458 5517 ἡ
3506 5445 3568 5504 ἐκ
3623 5441 3825 5520 μεταθέ‹

2198 5562 2335 5603 σεως
2407 5540 2604 5617 μερική
2685 5537 2955 5617 ἀπόφασις
3031 5534 3443 5611 συνακολουθεῖ,
3493 5537 3554 5610 ἡ,
3616 5534 3691 5601 οὗ
3732 5536 3824 5594 πᾶς

2197 5628 2479 5703 ἅνθρωπος
2509 5627 2570 5684 οὗ
2597 5625 2897 5706 φιλόσοφός
2925 5625 3059 5683 ἐστι.

2267 5719 2369 5795 κβ’.
2416 5718 2534 5793 Χρή
2594 5718 2697 5794 γάρ
2753 5716 2853 5786 τὴν
2913 5716 3011 5790 μὶν
3064 5712 3357 5792 κατάφασιν
3415 5714 3646 5792 γίνεσθαι
3703 5706 3824 5768 ἀπό·
