4108 6434
338 524 458 586 929

1708 516 2062 580 EPITOME
2103 518 2384 580 LOGICA
2399 563 2413 578 .

3619 526 3740 587 930

338 673 495 732 φασιν
539 651 626 706 ἐπὶ
668 656 774 706 τῶν
835 650 1364 718 συνακολουθουσῶν,
1420 649 1510 703 καὶ
1565 650 1662 718 τὴν
1715 647 1978 725 ἀπόφασιν
2011 648 2068 715 Α
2097 650 2140 702 οἳ

2114 648 2269 704 libus
2299 649 2747 706 afﬁrmationem
2800 651 3037 722 quidem
3077 651 3202 707 ﬁeri
3242 653 3647 726 negationem;
3682 659 3740 712 et
3822 715 3823 718 η

336 742 656 819 κατάφασιν,
710 741 808 809 τὴν
870 737 1049 808 ἁπλῆν
1102 738 1161 793 ἐκ
1217 737 1570 811 μεταθέσεως,
1629 738 1719 792 καὶ
1775 739 1873 805 τὴν
1929 737 1989 792 ἐκ

343 830 672 906 μεταθέσεως
730 828 909 898 ἁπλῆν
945 850 957 862 ·
1014 825 1193 884 τᾶλλα
1249 828 1336 882 καὶ
1406 826 1577 881 πάντα
1629 824 1986 903 φυλάττεσθαι

340 916 732 994 ἀπαράλλακτα
767 936 779 948 ⁸
843 917 955 970 οἷον
1009 916 1073 970 τὸ
1141 914 1376 970 καθόλου
1456 913 1629 987 μὲνειν
1698 909 1936 968 καθόλου
1973 959 1984 970 .

338 1007 439 1060 Καὶ
466 1007 531 1061 τὸ
584 1006 826 1082 μερικὸν,
878 1004 1118 1080 μερικὸν·
1149 1004 1212 1058 τὸ
1259 999 1784 1079 προσδιωρισμὲνον,
1817 1023 1987 1077 προσ-

342 1092 718 1171 διωρισμὲνον·
775 1093 864 1148 καὶ
920 1093 984 1147 τὸ
1042 1091 1364 1169 ἀδιόριστον,
1422 1089 1748 1164 ἀδιόριστον·
1801 1091 1989 1145 καὶτὸ

342 1183 640 1239 καθὲκαστα
690 1230 703 1255 ,

343 1272 522 1327 αὐτόν.

415 1363 514 1438 κγ’.
575 1363 730 1424 Ὅθεν
787 1364 880 1434 τῇ,
939 1361 1238 1436 Σωκράτης
1297 1355 1504 1420 δίκαιός
1558 1358 1707 1429 ἐστι,
1769 1378 1991 1412 συνακο-

344 1449 604 1521 λουθήσει
633 1453 692 1521 ἡ,
729 1450 1026 1524 Σωκράτης
1056 1447 1118 1503 οὐ
1151 1445 1356 1509 δίκαιος
1389 1447 1489 1501 οὐκ
1519 1443 1651 1504 ἔστι.

415 1537 513 1596 κδ’.
585 1539 684 1593 Καὶ
760 1536 1025 1592 ἀνάπαλιν
1095 1541 1164 1611 τῇ
1201 1582 1216 1608 ,
1273 1538 1592 1612 Ἀνθρωπος
1664 1534 1990 1610 πολυμαθής

345 1629 510 1700 ἐστιν,
541 1631 600 1700 ἡ,
633 1628 954 1704 Ἀνθρωπος
989 1625 1050 1680 οὐ
1079 1623 1404 1698 πολυμαθὴς
1433 1625 1530 1680 οὐκ
1559 1624 1721 1681 ἔστιν.

780 1183 1076 1246 καθὲκαστα
1132 1201 1143 1211 ·
1203 1182 1292 1236 καὶ
1370 1182 1432 1235 τὸ
1506 1180 1855 1254 ὑποκείμενον
1927 1181 1989 1233 τὸ

417 1719 510 1773 κε’.
544 1714 720 1772 Ἀλλά
764 1713 847 1772 δεῖ
893 1715 1134 1784 ἐνταῦθα,
1183 1712 1351 1790 ἤγουν
1401 1714 1453 1769 ἐν
1499 1719 1619 1776 ταῖς
1664 1712 1994 1791 ἀδιορίστως

346 1806 636 1882 προτάσεσι
671 1849 686 1875 ,
749 1805 1058 1877 μεμνῆσθαι
1105 1803 1269 1878 οὗπερ
1329 1802 1621 1877 εἰρήκαμεν
1679 1803 1939 1878 πρότερον
1979 1821 1990 1833 ·

348 1895 430 1950 ὅτι
487 1897 542 1950 αἱ
586 1895 879 1972 ἀποφάσεις
927 1898 1080 1948 αὗται
1129 1892 1227 1947 οὐκ
1288 1890 1702 1965 ἰσοδυναμοῦσιν
1761 1893 1993 1970 ἀναμφι-

2096 738 2249 792 309
2330 740 2696 811 negationem
2735 779 2748 804 ,
2830 741 3329 810 afﬁrmationem;
3391 743 3738 815 simplicem,

2094 827 2512 897 transpositam
2539 848 2554 886 ς
2589 832 2644 883 et
2664 829 3106 899 transpositam,
3133 830 3464 902 simplicem
3491 857 3504 899 ;
3538 837 3743 888 caetera

2095 931 2226 970 vero
2285 916 2482 970 omnia
2538 915 2821 972 invariata
2873 918 3086 973 servari
3143 936 3155 974 :
3212 919 3372 974 velut
3417 922 3744 977 universale

2101 1019 2336 1058 manere
2387 1004 2750 1072 universale;
2786 1005 3153 1075 particulare,
3193 1009 3565 1079 particulare,
3598 1026 3744 1081 prte-

2099 1091 2884 1164 definitum,praedeﬁnitium
2907 1112 2919 1160 ;
2945 1093 3742 1167 indeﬁnitum,indeﬁnitum,

2098 1184 2154 1234 et
2181 1180 2496 1253 singulare,
2526 1181 2857 1254 singulare;
2894 1200 2959 1238 ac
2990 1185 3343 1254 subjectum,
3372 1185 3544 1242 idem.

2169 1361 2257 1414 23.
2291 1359 2454 1415 Unde
2486 1359 2642 1425 huic,
2690 1359 2958 1415 Socrates
2989 1365 3078 1416 est
3119 1363 3344 1433 justus,
3385 1380 3745 1434 consequens

2101 1448 2209 1503 erit
2237 1449 2380 1514 haec,
2413 1449 2677 1504 Socrates
2706 1465 2822 1503 non
2853 1453 2940 1504 est
2971 1467 3087 1505 non
3124 1451 3349 1520 justus.

2169 1539 2262 1592 24.
2295 1538 2365 1593 Et
2384 1536 2642 1592 vicissim
2686 1537 2843 1604 huic,
2881 1539 3059 1593 Homo
3092 1543 3182 1594 est
3211 1539 3565 1614 multiscius,
3598 1542 3742 1612 hinc,

2101 1631 2287 1683 Homo
2318 1643 2435 1681 non
2474 1630 2564 1681 est
2592 1642 2708 1681 non
2739 1625 3092 1682 multiscius.

2172 1717 2262 1771 25.
2281 1715 2390 1770 Sed
2406 1714 2501 1770 hic
2529 1715 2810 1769 nimirum
2825 1715 2885 1769 in
2908 1715 3229 1772 indeﬁnitis
3247 1719 3747 1790 propositionibus

2105 1804 2443 1860 meminisse
2473 1807 2699 1874 oportet
2719 1805 2848 1874 ejus
2880 1804 2951 1858 de
2981 1821 3095 1875 quo
3127 1810 3260 1861 ante
3293 1806 3569 1878 diximus,
3592 1812 3746 1880 quod

2104 1895 2194 1949 hae
2225 1892 2560 1965 negationes
2592 1893 2747 1947 haud
2795 1893 3016 1964 absque
3064 1896 3454 1952 controversia
3493 1898 3746 1969 particu-

346 1983 555 2046 λέκτως
602 1989 719 2046 ταῖς
774 1987 1039 2058 μερικαῖς.
1071 1984 1230 2075 υξὶστε
1276 1983 1334 2050 ἡ,
1368 1982 1693 2057 ’Ἀνθρωπος
1721 1982 1782 2036 οὐ
1821 1981 1993 2037 πολυ-
2023 2009 2073 2075 Β
2105 1982 2140 2038 lt

2114 1983 2328 2038 laribus
2370 1980 2798 2053 arquipolleant.
2857 1983 3043 2045 Quare
3100 1982 3221 2038 haec
3278 1985 3532 2057 negatio,
3563 1988 3746 2043 Homo

349 2075 523 2147 μαθής
582 2071 682 2127 οὐκ
734 2068 878 2127 ἔστιν
921 2118 934 2142 ,
998 2065 1264 2149 ἀπόφασις
1322 2069 1420 2124 οὐκ
1473 2069 1714 2146 ἐναργῶς
1772 2092 1995 2126 συνακο-

345 2161 607 2232 λουθήσει
660 2165 754 2235 τῇ,
811 2162 1132 2237 Ἀνθρωπος
1186 2157 1515 2232 πολυμαθής
1575 2159 1714 2213 ἐστιν
1747 2180 1758 2191 ·
1820 2159 1870 2213 ἐν
1915 2165 1994 2232 τῷ

343 2255 500 2324 ποσῷ
557 2249 937 2324 θεωρουμένης
998 2245 1300 2323 ἐξαλλαγῆς
1334 2267 1346 2279 ’
1408 2243 1462 2301 εἷ’
1510 2268 1570 2323 γε
1621 2252 1726 2301 τῶν
1789 2249 1994 2316 ἀπροσ-

345 2337 631 2414 διορίστων
691 2339 1004 2415 προτάσεων
1063 2339 1118 2391 αἱ
1179 2337 1272 2410 μὲν
1322 2335 1644 2410 καταφάσεις
1691 2337 1991 2392 ἷσοσθενοῦ-

342 2450 425 2483 σιν
454 2426 916 2502 ὁμολογουμένως
946 2431 1066 2487 ταῖς
1101 2430 1367 2502 μερικαῖς,
1400 2426 1456 2479 αἱ
1487 2422 1532 2479 δ’
1562 2425 1857 2500 ἀποφάσεις
1889 2427 1994 2504 οὐχ

344 2516 518 2579 οὕτως
551 2515 772 2592 ἔχουσαι
806 2513 1102 2593 φαίνονναι.

2107 2089 2220 2127 non
2253 2076 2342 2127 est
2371 2088 2482 2126 non
2525 2070 2880 2137 multiscius,
2912 2071 2982 2124 ad
3042 2071 3211 2139 hanc,
3245 2072 3426 2130 Homo
3478 2081 3567 2130 est
3597 2077 3746 2132 mul-

2101 2161 2328 2227 tiscius,
2389 2160 2687 2215 evidenter
2748 2175 2860 2213 non
2939 2165 3363 2232 consequenter
3421 2178 3433 2216 :
3495 2179 3630 2219 cum
3686 2165 3748 2220 in

2104 2251 2428 2322 quantitate
2465 2247 2737 2304 evariatio
2797 2252 3109 2318 spectetur,
3167 2249 3458 2320 siquidem
3514 2252 3746 2324 impre-

2104 2338 2476 2394 deﬁnitarum
2509 2336 2972 2408 propositionum
2993 2337 3409 2394 afﬁrmationes
3439 2340 3751 2410 particula-

2104 2428 2265 2482 ribus
2297 2426 2593 2481 communi
2622 2424 2886 2480 omnium
2909 2442 3199 2480 consensu
3231 2427 3516 2499 aequalem
3547 2429 3662 2485 vim
3693 2434 3750 2485 et

2105 2517 2284 2571 robur
2312 2513 2896 2586 habent,negationes
2919 2519 3115 2570 autem
3139 2532 3254 2570 non
3284 2516 3368 2572 ita
3390 2533 3518 2573 sese
3538 2517 3751 2574 habere

2108 2604 2570 2676 conspiciuntur.

1230 2731 1384 2786 310
1415 2731 1617 2786 Tabula
1643 2733 1839 2803 capitis
1868 2734 1957 2803 30,
1988 2734 2059 2790 de
2086 2733 2460 2804 afﬁrmatione
2487 2731 2539 2783 et
2566 2732 2875 2795 negatione.

1207 2855 1267 2911 in
1298 2855 1889 2929 propositionibusex
1930 2859 2182 2929 subjecto
2235 2867 2288 2913 et
2338 2854 2638 2927 praedicata
2669 2851 3074 2920 constantibus,
3129 2853 3240 2925 ipsi
3286 2856 3629 2925 pradicato;
3681 2867 3741 2914 ut

350 2932 422 2990 Ut
465 2930 564 2986 ﬁat
607 2929 864 3001 negatio,
895 2927 1097 3001 adjun-

421 3002 605 3073 genda
618 3000 704 3057 est
714 3000 957 3071 negandi
976 3015 1099 3069 par-

425 3075 600 3130 ticula
623 3088 741 3128 non

1277 2927 1438 2982 Plato
1467 2943 1580 2982 non
1610 2927 1856 2997 disserit,

1279 3139 1413 3195 lare.

1206 3280 1413 3334 praepos

379 3338 933 3411 Negandiparticula
956 3353 1072 3393 non
1128 3268 1152 3474 ἓ
1280 3336 1413 3400 mal,

1206 3411 1413 3474 postpo:

355 3547 504 3602 811
526 3544 846 3600 Afﬁrmatio
863 3559 932 3598 ex
949 3509 1136 3770 Han-1

427 3617 738 3687 spositione
774 3616 982 3671 dicitur
1011 3614 1095 3670 vel

424 3689 574 3759 quod

427 3617 738 3687 spositione
774 3616 982 3671 dicitur
1011 3614 1095 3670 vel

1207 2998 1264 3054 in
1299 2998 1776 3068 pr0positionibus
1800 2994 1866 3056 ei
1893 3000 2055 3055 tertio
2083 2998 2480 3070 appraadicato,
2507 2994 2901 3066 appraedicato,
2935 3002 3013 3070 ut,
3046 2995 3203 3070 Plato
3234 3012 3349 3070 non
3381 3005 3463 3052 est
3492 3001 3676 3069 rudis;

1207 3070 1289 3140 in,
1327 3070 1804 3140 propositionibus
1860 3068 2204 3137 modalibus,
2265 3071 2460 3138 modo,
2522 3076 2611 3136 ut,
2669 3082 2785 3122 non
2855 3068 3132 3137 contingit
3203 3069 3492 3139 Platqnem
3549 3076 3750 3128 ambu-

1206 3264 1504 3337 praeposita
1557 3264 1933 3335 appraedicato
1985 3266 2117 3322 facit
2169 3267 2530 3337 negationem
2585 3263 2926 3334 simplicem,
2970 3272 3048 3330 ut,
3093 3263 3260 3320 homo
3314 3281 3432 3322 non
3486 3275 3568 3323 est
3623 3271 3754 3326 ani~

1206 3407 1516 3477 postposita
1544 3406 1676 3462 facit
1704 3405 2138 3464 afﬁrmationem
2169 3425 2236 3463 ex
2271 3407 2728 3478 transpositione,
2761 3413 2842 3474 ut,
2879 3404 3046 3462 homo
3076 3412 3159 3460 est
3183 3422 3300 3462 non
3329 3409 3560 3465 animal.

1211 3503 1456 3574 negandi
1488 3504 1761 3573 particula
1794 3520 1857 3560 ex
1887 3506 2248 3575 apprzedicati
2283 3507 2404 3561 loco
2436 3513 2675 3574 ponatur
2704 3505 2763 3559 in
2795 3504 2917 3575 loco
2939 3504 3256 3575 Apraedicati,

1212 3573 1310 3643 pro
1339 3575 1499 3630 ﬁnito
1533 3577 1833 3644 praedicata
1865 3573 2265 3647 transponatur
2295 3573 2605 3643 infinitum,
2639 3577 2798 3631 linito
2829 3573 3067 3647 sublato,

1208 3647 1344 3702 ordo
1374 3647 1792 3702 consecutionis
1820 3648 1890 3703 sit
1923 3646 2294 3719 transpositus
2325 3665 2336 3703 :
2373 3649 2578 3718 quippe
2606 3649 2676 3703 ad
2706 3646 3024 3717 simplicem
3070 3648 3430 3716 negationem
3457 3649 3758 3710 affirmatio

2907 3813 3343 3873 afﬁrmationem
3400 3834 3469 3874 ex
3536 3820 3762 3880 inﬁnito

2979 3885 3252 3958 subjecto,

2908 3957 3345 4035 al‘tirmationem
3391 3978 3459 4017 ex
3512 3973 3763 4035 transpo-

2981 4028 3185 4107 sitione
3251 4033 3335 4087 vel
3407 4028 3763 4107 negationem

2981 4100 3322 4170 simplicem,

424 3689 574 3759 quod
1106 3689 1128 3770 l
1208 3689 2355 3790 ν’ῖῖειᾶξῇὄξῇἒὀὂῖιέθᾷιιίῐὶιῖῖέἵνὲὀῖιιῖά.

1480 3831 1703 3871 nomini

446 3998 701 4068 Negandi
739 3996 1014 4067 particula
1121 3959 1147 4068 )
1407 3959 1759 4029 praedicatori

590 4069 857 4138 adjuncta

1400 4171 1775 4242 appraedicato

1228 4240 1625 4314 signis,omnis
1645 4251 1697 4297 et
1716 4240 1924 4312 aliquis

2012 3963 2039 4292 ἓ
2344 4032 2479 4088 facit

2909 4171 3346 4228 afﬁrmationem
3419 4175 3760 4245 simplicem,

2982 4245 3339 4312 negationem
3367 4247 3706 4317 simplicem.

1360 4367 1500 4424 Ordo
1528 4365 1921 4422 consecutionis
1944 4362 2398 4434 propositionum,
2428 4362 2584 4433 cujus
2614 4361 2729 4418 haec
2755 4367 2965 4434 regula.

423 4486 577 4559 812
607 4485 697 4539 Ad
726 4483 1176 4559 affirmationem
1205 4481 1535 4559 simplicem
1562 4493 1972 4559 quamcunque
1998 4477 2271 4559 sequitur
2300 4477 2900 4551 negatiotransposita
2924 4499 2937 4550 ;
2971 4487 3029 4538 et
3057 4491 3258 4540 contra
3287 4487 3357 4540 ad
3389 4487 3761 4559 negationem

351 4557 680 4630 simplicem
711 4557 980 4628 sequitur
1007 4548 1743 4624 affirmatio-transposita.
1776 4548 2037 4620 Exempli
2067 4548 2251 4620 gratia
2286 4565 2299 4602 :

1699 4664 2107 4738 Afﬁrmationes
2135 4664 2431 4735 simplices.

1567 4789 1768 4845 Omnis
1797 4789 1968 4845 homo
2001 4793 2087 4845 est
2109 4789 2294 4858 justus

2871 4668 3194 4738 Negationes
3230 4673 3590 4743 transpositam

2709 4791 2909 4866 _N_ullus
2943 4793 3109 4866 homo
3139 4801 3223 4849 est
3257 4812 3371 4851 non
3401 4798 3588 4866 justus

2707 4863 2831 4918 Non
2862 4865 3065 4935 aliquis
3097 4865 3265 4922 homo
3295 4876 3377 4922 est
3402 4863 3525 4924 non
3552 4869 3740 4939 justus

2706 4992 2961 5062 _S_ocrates
2991 5004 3108 5043 non
3139 4997 3221 5044 est
3252 5007 3371 5046 non
3396 4992 3589 5062 justus

2709 5058 2887 5114 Homo
2918 5075 3034 5116 non
3058 5069 3142 5116 est
3171 5077 3288 5118 non
3309 5058 3627 5121 multiscius

2833 5287 3241 5358 Afﬁrmationes
3273 5294 3640 5364 transpositae.

2712 5412 2912 5488 Omnis
2946 5417 3112 5488 homo
3143 5419 3228 5471 est
3257 5433 3374 5473 non
3399 5418 3584 5488 justus

2711 5485 2925 5554 Aliquis
2959 5485 3127 5542 homo
3158 5496 3240 5543 est
3274 5485 3602 5560 non—justus

711 4829 1079 4886 Ρτεεάθδηίιδε
1539 4829 1782 4932 Infit};
1799 4829 1982 4917 1.3;;
2001 4829 2094 4916 2;;
2109 4829 2304 4930 3321;;

742 4989 1054 5057 Singularis
1564 4986 1818 5040 Socrates
1849 4990 1932 5040 est
1951 4984 2137 5057 justus

745 5055 1050 5120 Ind‘eﬁnita
1566 5057 1746 5113 Homo
1778 5064 1864 5111 est
1891 5055 2210 5112 multiscius

1859 5179 2271 5250 Consequentes.

1742 5286 2071 5356 Negationes
2100 5286 2388 5356 simplices.

720 5452 1091 5509 Prmdeﬁnitm
1538 5409 1773 5551 ἱΝίῖηυβ
1803 5409 1972 5466 homo
2002 5415 2085 5465 θδί
2107 5410 2297 5492 iustus

1568 5482 1786 5551 Aliquis
1818 5482 1986 5537 homo
2015 5488 2100 5536 est
2121 5489 2309 5551 Justus

733 5602 1054 5676 Singularis
1565 5607 1822 5676 Socrates
1851 5620 1969 5660 non
1999 5610 2082 5661 est
2101 5605 2292 5676 justus

741 5673 1047 5732 Indeﬁnita
1569 5675 1748 5735 Homo
1777 5692 1894 5734 non
1919 5682 2002 5733 est
2024 5673 2345 5734 multiscius

2710 5609 2970 5684 Socrates
2999 5619 3081 5667 est
3111 5627 3226 5668 non
3255 5613 3440 5684 justus

2714 5683 2892 5740 Homo
2923 5690 3002 5741 est
3034 5700 3149 5742 non
3179 5685 3495 5743 multiscius
