4108 6448
436 548 551 609 93!
1682 544 2109 607 NICEPHORI
2151 544 2595 607 BLEMMIDE

3702 551 3808 611 932

1687 731 2029 787 SYNOPSIS
2066 731 2279 787 CAPIT
2286 732 2345 786 IS
2382 731 2549 788 XXXI
2564 773 2576 788 .

1461 846 1613 893 QUOD
1651 845 1753 887 IST
1790 847 1861 885 ΠΒ
1898 844 2246 886 εγιωθιεκο
2284 847 2349 885 ET
2386 846 2798 887 CONVBRBIONI.

431 983 585 1042 ³18
618 984 667 1037 1.
702 982 1099 1056 Syllogismum
1152 981 1464 1056 deﬁnit._—
1488 982 1557 1056 2λ
1600 983 1988 1056 Deﬁnitionem
2026 982 2268 1052 explicat
2305 981 2606 1056 secundum
2648 982 2900 1053 singulas
2941 983 3272 1056 particulas.
3302 1013 3371 1023 —
3395 981 3806 1056 _3.70ccupatio.

500 1071 601 1126 cur
628 1056 688 1109 in
715 1045 1035 1123 deﬁnitione
1060 1045 1298 1125 ponatur
1322 1052 1385 1106 τὸ
1416 1045 1719 1124 σνμϐπιίνεὶ,
1753 1054 1809 1107 id
1840 1061 1918 1108 est
1960 1070 2076 1108 ever

2198 1084 2263 1094 —
2293 1054 2344 1107 4.
2378 1054 2653 1124 Epiphora
2701 1045 2773 1108 ei:
2801 1045 2955 1125 quot'
2975 1062 3027 1108 et
3054 1054 3255 1126 quibus
3298 1054 3629 1126 syllogismis
3654 1045 3805 1125 ’όμω-

499 1124 687 1196 νὺμως
734 1124 1139 1208 ιιδω-ραειινίει
1185 1128 1365 1195 primo
1391 1141 1490 1194 pro
1533 1129 1642 1180 toto
1669 1133 1913 1206 conserto
1957 1141 2032 1208 ea;
2055 1126 2359 1196 przmissis
2384 1133 2435 1180 et
2481 1124 2850 1206 conclusione,
2882 1124 3152 1198 quomodo
3198 1124 3372 1181 etiam
3412 1125 3667 1195 deﬁnitus

503 1201 555 1253 et
579 1197 787 1252 duobus
831 1198 1098 1266 exemptis
1144 1196 1478 1252 declaratur.
1510 1228 1577 1235 —
1607 1198 1660 1252 7.
1694 1196 1897 1251 Deinde
1942 1203 2117 1251 etiam
2142 1212 2244 1266 pro
2287 1200 2626 1251 conclusione
2656 1201 2890 1251 tantum.
2924 1227 2992 1237 —
3019 1196 3071 1250 8.
3124 1196 3446 1266 Syllogismi
3480 1199 3738 1266 simplicis
3760 1208 3808 1254 et

503 1214 555 1253 et
579 1214 787 1252 auoous
831 1214 1098 1269 exemptis
1144 1214 1478 1252 declaratur.
1510 1228 1577 1235 —
1613 1214 1660 1252 ι.
1694 1214 1897 1251 uanae
1942 1214 2076 1251 eum

500 1271 782 1340 compositi
827 1269 1148 1339 diﬂerentia
1196 1269 1492 1323 indicatur.
1523 1298 1592 1307 —
1640 1267 1694 1320 9.
1731 1268 1955 1323 Omnem
2001 1285 2076 1339 pr.

502 1341 690 1395 minis.
721 1371 790 1380 —
837 1341 923 1395 10.
958 1341 1232 1408 Quantum
1275 1343 1328 1394 et
1370 1339 1732 1410 praedicatum
1778 1339 1849 1392 ad
1877 1339 2076 1411 subject

2198 1214 2244 1252 -ο
2287 1214 2626 1251 εοησιιιςιοπε
2656 1214 2890 1251 tantum.
2924 1227 2992 1237 —
3019 1214 3071 1250 δ.
3124 1214 3443 1267 ayuogismi
3480 1214 3738 1269 simplicis
3760 1214 3807 1254 et

2198 1270 2427 1323 itionem
2471 1283 2542 1322 ex
2567 1269 2805 1339 subjecto
2855 1272 2909 1323 et
2945 1268 3241 1339 praedicata
3293 1269 3558 1324 constitui
3600 1285 3670 1325 ea:
3709 1275 3806 1325 ter-

2217 1342 2269 1411 et
2294 1340 2599 1411 subjectum
2654 1338 2724 1394 ad
2751 1339 3110 1411 praedicatum
3135 1355 3249 1395 esse
3289 1338 3480 1394 debeat
3528 1342 3589 1395 in
3633 1356 3807 1411 propo-

500 1413 716 1466 sitione.
766 1442 835 1451 —
885 1411 970 1466 11.
1006 1412 1149 1479 Quid
1196 1413 1267 1465 sit
1295 1409 1491 1466 intota
1537 1426 1672 1465 esse.
1706 1441 1774 1450 —
1802 1410 1886 1464 12.
1938 1409 2079 1477 Quid
2107 1411 2177 1466 sit
2222 1410 2334 1466 dici
2359 1409 2425 1465 de
2469 1412 2640 1465 omni.
2673 1409 2761 1450 —'
2793 1411 2878 1465 13.
2913 1411 3065 1479 Quod
3093 1418 3175 1465 est
3222 1412 3282 1465 in
3323 1414 3433 1466 toto
3480 1427 3592 1467 esse
3618 1409 3667 1467 et
3709 1409 3808 1468 dici

500 1482 565 1537 de
593 1484 744 1537 omni
800 1484 859 1537 in
880 1483 1342 1553 propositionibus
1397 1483 1769 1551 afﬁrmativis,
1804 1481 1948 1553 idem
2003 1491 2084 1535 est
2127 1496 2239 1536 non
2276 1484 2336 1536 in
2392 1486 2503 1537 toto
2556 1498 2670 1537 esse
2700 1490 2779 1553 et
2831 1482 2948 1537 dici
2999 1483 3064 1537 de
3116 1483 3269 1537 nullo
3326 1484 3387 1536 in
3430 1483 3723 1553 inegativis.
3750 1513 3810 1524 —

504 1554 590 1609 14.
626 1553 765 1621 Quid
792 1552 903 1609 non
931 1552 993 1608 in
1020 1562 1125 1609 toto
1153 1569 1285 1609 esse.
1333 1584 1401 1593 --
1430 1555 1519 1609 45.
1550 1552 1689 1621 Quid
1715 1553 1825 1608 dici
1871 1552 2138 1625 dernullo.
2173 1583 2240 1593 —
2272 1553 2356 1625 16.
2400 1554 2635 1625 Proprie
2674 1552 2852 1608 dictus
2878 1554 3228 1625 syllogismus
3269 1552 3534 1625 simplex,
3565 1555 3809 1610 nimirum

503 1633 630 1698 quot
659 1624 854 1698 habeat
896 1626 1301 1696 propositiones
1329 1640 1427 1680 seu
1469 1626 1802 1698 praemissas.
1828 1654 1904 1698 _—
1934 1624 2019 1678 17.
2053 1624 2338 1698 Quomodo
2377 1623 2961 1698 bzpdistinguantur.
2996 1655 3063 1665 —
3110 1626 3197 1698 18.
3235 1623 3586 1698 Utra‘major
3628 1642 3808 1698 propo-

502 1697 629 1751 sitio
683 1696 924 1769 dicatur.
956 1727 1023 1736 —
1054 1698 1149 1769 19.
1201 1698 1339 1769 Utra
1367 1698 1671 1769 minor.f-V—
1696 1696 1788 1749 20.
1819 1696 2250 1769 IRUCOfPlpOﬂ'liS
2301 1696 2632 1766 syllogismis
2669 1710 2797 1769 quae
2842 1697 3147 1768 propositio
3199 1696 3501 1767 analogice'
3539 1696 3810 1769 major'et

501 1769 685 1823 minor
711 1768 947 1823 dicatur.
981 1797 1073 1839 -Α
1093 1768 1186 1839 21.
1221 1768 1352 1835 Quae
1376 1768 1679 1838 propositio
1708 1769 1768 1823 in
1813 1766 2129 1839 syllogismo
2155 1766 2413 1837 deterior,
2439 1782 2566 1839 quae
2592 1766 2792 1839 melior
2819 1766 3031 1839 cum'in
3061 1766 3377 1836 quantitate
3414 1775 3533 1823 tum
3561 1766 3809 1839 inquali-

502 1839 675 1893 litate.
706 1869 776 1879 -—
802 1841 893 1893 22.
926 1837 1076 1906 Quod
1116 1837 1441 1911 deteriorem
1479 1842 1699 1909 partem
1718 1910 1723 1911 γ
1745 1837 2007 1911 sequatur
2038 1839 2341 1911 conclusio,
2388 1837 2841 1911 quemadmodum
2872 1837 3202 1911 inductione
3226 1840 3492 1910 probatur
3542 1837 3807 1896 modorum

502 1911 988 1983 syllogisticorum.
1023 1910 1276 1983 +314
1328 1910 1417 1964 23.
1453 1913 1538 1983 επ
1591 1909 1822 1964 duabus
1858 1910 2128 1980 negativis
2181 1918 2232 1965 et
2254 1981 2262 1983 _
2284 1909 2504 1966 duabus
2544 1909 2978 1983 particularibus
3026 1909 3325 1981 praemissis
3348 1982 3355 1983 ί
3382 1911 3631 1983 nullum,
3654 1912 3810 1983 syllo-

502 1981 742 2050 gismum
767 1983 910 2052 ﬁeri.
955 2012 1022 2022 —
1048 1981 1137 2036 24.
1170 1984 1253 2037 Ad
1291 1982 1588 2037 secundam
1610 1985 1825 2051 partem
1870 1982 2068 2051 capitis
2095 1981 2398 2048 acceditur,
2428 1986 2482 2036 et
2525 1983 2806 2037 conversio
2833 1981 3180 2037 describitur.
3213 2012 3282 2022 —
3307 1982 3399 2037 25.
3448 1981 3729 2038 Dividitur
3752 1983 3810 2037 ab

502 2054 721 2125 objecto.
757 2085 824 2125 g-
868 2053 958 2125 26.
994 2054 1100 2107 Per
1149 2055 1527 2123 pracisionem
1579 2054 1855 2125 conversio
1905 2053 2272 2107 terminorum
2318 2053 2662 2123 simplicium
2708 2054 2977 2122 tangitur.
3005 2083 3075 2093 —
3101 2054 3191 2107 27.
3239 2052 3527 2110 Conversio
3576 2054 3813 2125 syllogis-

502 2070 721 2125 oojecto.
757 2085 824 2094 —
868 2070 958 2106 κο.
994 2070 1100 2107 rer
1149 2070 1527 2123 prensionem
1579 2070 1855 2107 conversio
1905 2070 2272 2107 termmorum
2318 2070 2662 2123 szmpuczum
2708 2070 2977 2122 tangitur.
3005 2083 3075 2093 —
3101 2070 3191 2107 zu.
3239 2070 3527 2110 conversio
3643 2070 3812 2122 uagis-

501 2140 721 2179 morum
765 2124 1089 2180 declaratur.
1121 2155 1191 2163 —
1243 2126 1332 2177 28.
1366 2128 1431 2178 In
1476 2124 1937 2195 propositionibus
1983 2138 2110 2193 qua
2160 2127 2438 2179 conversio
2482 2126 2803 2194 contingens
2849 2128 3067 2180 vocetur
3104 2133 3158 2181 et
3202 2140 3394 2195 quare.
3446 2156 3514 2167 —-
3700 2126 3812 2193 Qua

503 2197 778 2251 conversio
823 2212 952 2267 cum
980 2197 1440 2267 contrapositione
1468 2194 1521 2250 et
1553 2212 1653 2249 cur
1682 2197 1763 2248 ita
1808 2194 2087 2249 indicatur
2114 2203 2357 2267 etquam
2405 2196 2513 2250 late
2553 2200 2763 2266 pateat.
2795 2225 2864 2235 —-
2892 2197 2979 2250 30.
3016 2196 3150 2264 Quae
3193 2194 3471 2253 conversio
3518 2197 3749 2267 simplex
3771 2199 3815 2251 et

504 2267 765 2338 quomodo
811 2266 1125 2339 deﬁniatur.
1158 2298 1225 2308 —
1256 2268 1343 2321 31.
1374 2267 1602 2321 Docetur
1649 2269 1709 2321 in
1735 2269 1911 2339 specie
1954 2266 2215 2339 quomodo
2260 2269 2651 2338 propositiones
2700 2267 2938 2337 singulae
2964 2275 3370 2337 convertantur,
3403 2276 3455 2323 et
3496 2266 3681 2339 primo
3706 2269 3815 2339 qui-

506 2338 1007 2465 derntiatuniversalis
1052 2339 1417 2409 alﬁrmativa.
1452 2370 1518 2377 —
1548 2339 1636 2393 32.
1670 2338 1819 2406 Quod
1864 2338 2197 2394 universalis
2224 2353 2430 2409 negans
2471 2340 2770 2410 propositio
2800 2341 2861 2393 in
2909 2340 3068 2394 rebus
3096 2338 3532 2411 contingentibus
3560 2357 3670 2396 non
3708 2338 3816 2395 con-

506 2426 564 2465 ve
678 2426 747 2465 ur
775 2426 837 2465 in
863 2425 1119 2465 sezvsam.
2032 2426 2042 2437 ·

501 2425 747 2465 venatur
775 2426 837 2466 ιη
863 2425 1119 2482 seipsam.
2032 2426 2042 2437 ‘

1023 2764 1257 2821 CAPUT
1296 2764 1484 2821 XXXI.

2791 2769 3045 2820 ΚΕΦΔΛ.
3098 2766 3225 2823 AA'.

798 2854 873 2909 De
908 2853 1225 2925 syllogismo
1253 2863 1310 2909 et
1335 2856 1699 2909 conversione.

503 2943 554 2997 1.
586 2926 973 3015 Syllogismus
994 2947 1083 2997 est
1112 2942 1296 2998 oratio
1318 2943 1377 2997 in
1408 2959 1522 3013 qua
1542 2942 1749 3014 positis
1782 2940 2078 3011 aliquibus

430 3032 589 3091 aliud
622 3031 761 3105 quid
796 3032 868 3086 ab
899 3032 972 3086 iis
1003 3049 1129 3103 qua-
1189 3031 1378 3104 posita
1416 3036 1556 3087 sunt
1612 3047 1681 3086 ex
1732 3029 2076 3086 necessitate

429 3122 639 3187 evenit,
674 3124 978 3192 propterea
1006 3120 1159 3191 quod
1190 3119 1313 3175 haec
1347 3124 1508 3176 sunt.

496 3211 552 3264 2.
584 3207 968 3282 Syllogismus
1031 3207 1188 3264 enim
1229 3213 1317 3264 est
1344 3209 1529 3264 oratio
1558 3224 1628 3264 ex
1660 3207 1994 3264 nominibus
2021 3209 2079 3263 et

428 3298 621 3355 verbis
651 3297 970 3369 composita
1002 3314 1014 3352 :
1050 3297 1108 3351 in
1146 3313 1261 3368 qua
1315 3314 1461 3353 sana
1515 3297 1798 3363 oratione,
1846 3296 2074 3369 positis,

436 3385 547 3443 hoc
575 3390 683 3458 est,
716 3386 1018 3443 consensis
1050 3386 1346 3458 aliquibus
1375 3386 1520 3457 (haec
1552 3390 1748 3442 autem
1779 3389 1920 3441 sunt
1949 3400 2078 3457 pro-

433 3476 775 3551 positiones)
825 3476 1015 3548 quoad
1043 3491 1274 3531 omnem
1324 3476 1731 3531 necessitatem
1772 3475 1920 3531 815
1954 3490 2077 3529 eve-

432 3565 542 3634 nit,
577 3570 885 3638 propterea
903 3565 1054 3636 quod
1087 3563 1177 3620 hae
1205 3564 1428 3619 scilicet
1456 3563 1881 3636 propositiones
1912 3567 2075 3629 sunt,

433 3654 592 3711 aliud
613 3654 751 3725 quid
776 3653 848 3708 ab
869 3653 1155 3725 ejusmodi
1178 3652 1699 3725 propositionibus,
1722 3668 1906 3707 unum
1934 3657 2078 3723 puta

433 3746 490 3798 et
522 3742 772 3812 ﬁnitum,
800 3743 953 3813 quod
985 3746 1074 3798 est
1101 3742 1417 3798 conclusio.

500 3832 558 3887 3.
592 3835 733 3887 Cum
764 3835 958 3886 autem
990 3831 1046 3885 in
1078 3830 1413 3887 deﬁnitione
1443 3832 1699 3903 positum
1731 3830 1828 3898 sit,
1878 3846 1946 3886 ex
1976 3846 2077 3885 ne-

433 3920 725 3987 cessitate,
772 3936 845 3976 ne
876 3920 1007 3990 quis
1039 3921 1184 3975 forte
1221 3920 1534 3987 existimet,
1568 3919 1627 3974 in
1676 3918 1803 3974 sola
1833 3918 2078 3975 materia

433 4008 764 4065 necessaria
794 4008 1227 4063 conclusionem
1285 4008 1447 4079 sequi
1501 4008 1574 4063 ad
1624 4007 2071 4079 propositiones,

429 4097 492 4151 τὸ
523 4097 1031 4168 evenit,adjectum
1062 4096 1293 4153 est.Hoc
1325 4101 1521 4152 autem
1554 4096 1874 4204 signiﬁcat,
1907 4099 2076 4204 natu:
2106 4139 2154 4204 B

432 4186 630 4242 raliter
657 4185 1154 4259 propositionibus
1211 4201 1555 4240 concurrere
1593 4184 2076 4256 (conclusionem)

431 4275 541 4331 hoc
570 4280 677 4343 est,
712 4291 845 4331 cum
876 4275 1021 4349 ipsis
1052 4275 1140 4347 (ut
1191 4273 1543 4348 etymologia
1571 4274 1751 4329 Graeci
1792 4275 1949 4330 verbi
1981 4290 2077 4330 ex-

430 4364 981 4438 primaturfvenire.

501 4453 553 4509 4.
586 4453 791 4510 Omnis
822 4453 1004 4527 igitur
1027 4453 1275 4526 simplex
1333 4452 1712 4525 syllogismus
1752 4468 1821 4507 ex
1849 4452 2079 4508 duabus

426 4546 655 4599 constat
686 4542 1186 4615 propositionibus
1217 4546 1274 4598 et
1303 4541 1697 4611 conclusione,
1730 4559 1855 4612 quae
1888 4558 1923 4596 a
1952 4559 2080 4614 pro-

426 4631 818 4705 positionibus
876 4631 1104 4688 diversa
1159 4636 1268 4697 est,
1302 4648 1420 4686 una
1475 4635 1533 4686 et
1588 4631 1775 4702 ﬁnita,
1825 4630 1933 4686 hoc
1989 4636 2081 4688 est

428 4720 758 4777 affirmante
814 4719 902 4776 vel
958 4725 1225 4793 negante,
1287 4719 1601 4775 uinversali
1656 4724 1758 4775 aut
1812 4719 2077 4791 particu-

430 4808 559 4867 lari.

496 4899 551 4953 5.
585 4897 924 4955 Necessario
956 4903 1152 4954 autem
1189 4903 1246 4954 et
1293 4896 1774 4971 irrefragabiliter
1828 4898 1888 4953 in
1919 4900 2079 4955 omni

429 4986 675 5041 materia
703 4988 893 5042 evenit
921 5004 935 5056 ;
968 4987 1445 5060 quandoquidem
1504 4988 1662 5043 idem
1692 4991 1781 5042 est
1813 5004 1879 5042 ac
1908 4988 1957 5042 si
1992 4987 2080 5044 di-

429 5076 657 5129 ceretur
686 5090 699 5129 :
733 5073 1029 5131 conclusio
1060 5076 1438 5147 consequitur
1485 5074 1914 5147 propositiones
1964 5093 2079 5131 non

430 5165 666 5236 propter
694 5166 965 5219 naturam
997 5180 1213 5232 rerum,
1259 5165 1361 5220 sed
1394 5168 1629 5237 propter
1656 5162 1914 5235 positum
1947 5181 2081 5236 pro-

430 5251 789 5324 positionum
815 5270 828 5319 ;
865 5268 992 5321 quae
1014 5253 1233 5309 scilicet
1262 5252 1691 5326 propositiones
1722 5252 2080 5308 sufﬁcientes

431 5344 572 5396 sunt
622 5339 695 5395 ad
730 5339 1162 5397 conclusionem
1193 5341 1603 5413 colligendam,
1636 5339 1800 5396 nulla
1855 5340 1970 5395 alia
2007 5341 2079 5397 ad

428 5430 619 5502 ipsam
649 5428 1047 5501 propositione
1077 5431 1426 5502 indigentes.

2478 2853 2607 2929 Περὶ
2641 2851 3016 2929 συλλογισμοῦ
3043 2853 3133 2907 καὶ
3163 2853 3547 2931 ἀντιστροφῆς·

2256 2942 2321 2999 α’.
2356 2938 2738 3017 Συλλογισμός
2788 2941 2897 2996 ἐστι
2948 2940 3134 3018 λόγος,
3178 2940 3228 2996 ἐν
3278 2942 3325 3008 ᾧ
3363 2939 3622 3005 τεθέντων
3668 2945 3815 2995 τινῶν

2181 3027 2362 3104 ἕτερόν
2390 3052 2441 3086 τι
2471 3035 2579 3086 τῶν
2610 3030 2872 3105 κειμένων
2906 3029 2956 3101 ἐξ
2981 3031 3217 3106 ἀνάγκης
3250 3024 3534 3104 συμϐαίνει
3564 3035 3643 3103 τῷ
3667 3033 3815 3090 ταῦτα

2186 3118 2340 3173 εἶναι.

2259 3209 2324 3284 β’.
2368 3207 2544 3283 Λόγος
2593 3208 2696 3284 γάρ
2747 3207 2886 3263 ἐστιν
2941 3208 2970 3262 ὁ
3020 3206 3411 3284 συλλογισμὸς,
3444 3206 3496 3279 ἐξ
3550 3206 3812 3281 ὀνομάτων

2183 3296 2273 3351 καί
2316 3296 2575 3373 ῥημάτων
2626 3295 2995 3371 συγκείμενος,
3047 3295 3100 3351 έν
3149 3297 3195 3369 ᾧ
3245 3294 3312 3366 δὴ
3358 3294 3509 3373 λόγῳ
3549 3298 3812 3367 τεθέντων,

2185 3383 2356 3441 εἷ’τουν
2402 3384 2854 3461 ὁμολογηθέντων
2883 3390 3045 3440 τινῶν
3101 3387 3288 3456 (ταῦτα
3345 3383 3403 3440 δέ
3460 3384 3565 3440 εἷ’σι
3622 3382 3810 3462 προτά-

2185 3478 2338 3549 σεις),
2385 3475 2521 3530 κατὰ
2565 3481 2735 3529 πᾶσαν
2804 3475 3038 3551 ἀνάγκην
3091 3469 3397 3548 συμϐαίνει,
3448 3472 3538 3529 διὰ
3580 3476 3643 3530 τὸ
3698 3473 3815 3527 εἶναι

2180 3564 2377 3626 ταύτας
2434 3561 2501 3633 δή
2554 3564 2650 3625 τὰς
2706 3564 2992 3639 προτάσεις
3044 3560 3225 3640 ἕτερόν
3285 3584 3335 3617 τι
3393 3567 3501 3617 τῶν
3563 3561 3812 3618 τοιούτων

2183 3653 2514 3729 προτάσεων,
2542 3651 2598 3707 ἓν
2631 3650 2891 3723 δηλονότι
2941 3652 3030 3707 καὶ
3074 3650 3394 3728 ὡρισμένον,
3437 3651 3572 3727 ὅπερ
3621 3650 3729 3707 ἐστὶ
3763 3648 3818 3704 τὸ

2185 3740 2566 3816 συμπέρασμα.

2252 3832 2318 3906 γ’.
2368 3828 2620 3891 Τεθέντος
2669 3826 2726 3883 δὲ
2771 3833 2870 3883 τοῦ
2918 3828 2969 3900 ἐξ
3016 3830 3255 3906 ἀνάγκης
3305 3829 3359 3884 έν
3410 3833 3491 3901 τῷ
3539 3828 3693 3905 λόγῳ
3732 3830 3818 3882 τοῦ

2185 3916 2584 3992 συλλογισμοῦ,
2627 3914 2720 3971 ἵνα
2766 3919 2842 3989 μή
2895 3937 2981 3979 τις
3040 3914 3165 3979 ἴσως
3212 3916 3299 3973 ἐπὶ
3334 3917 3508 3990 μόνης
3565 3910 3819 3972 ὑπολάϐοι

2183 4014 2283 4076 τῆς
2342 4008 2631 4083 ἀναγκαίας
2703 4004 2841 4074 ὕλης
2898 4002 3120 4071 ἕπεσθαι
3179 4007 3242 4062 τὸ
3301 4008 3663 4082 συμπέρασμα
3714 4008 3818 4064 ταῖς

2185 4096 2520 4172 προτάσεσι,
2576 4095 2639 4149 τὸ
2711 4088 2993 4167 συμϐαίνει
3071 4095 3441 4168 προστέθειται
3478 4139 3492 4152 .
3552 4099 3718 4150 Τοῦτο
3769 4089 3819 4146 δὲ

2188 4183 2401 4256 δηλοῖ,
2456 4183 2519 4239 τὰ
2588 4183 2899 4259 συντρέχειν
2972 4188 3209 4260 φυσικῶς
3283 4190 3402 4247 ταῖς
3463 4183 3817 4260 προτάσεσιν,

2184 4273 2351 4351 ἤγουν
2430 4272 2521 4328 σὺν
2597 4271 2784 4336 αὐταῖς
2867 4273 3067 4349 βαίνειν
3103 4318 3118 4345 ,
3178 4274 3253 4335 ὡς
3305 4272 3365 4328 ἂν
3424 4270 3569 4328 εἴποι
3641 4273 3819 4343 ἐτυμοο

2188 4362 2389 4438 λογῶν.

2259 4450 2321 4507 δ’.
2354 4457 2465 4514 Πᾶς
2511 4450 2689 4507 τοίνυν
2737 4449 2945 4513 ἁπλοῦς
2997 4447 3370 4526 συλλογισμὸς
3417 4449 3478 4505 ἐκ
3523 4450 3817 4525 προτάσεων

2187 4540 2492 4596 συνίσταται
2550 4538 2646 4595 δύο
2681 4584 2695 4611 ,
2754 4540 2844 4595 καὶ
2922 4532 3376 4614 συμπεράσματος
3453 4538 3639 4615 ἑτέρου
3691 4533 3822 4610 παρὰ

2184 4631 2281 4693 τὰς
2354 4630 2639 4706 προτάσεις
2717 4623 2874 4691 ὄντος
2906 4674 2921 4701 ,
2981 4627 3098 4690 ἑνός
3168 4649 3227 4683 τε
3298 4627 3389 4683 καὶ
3464 4626 3762 4701 ὡρισμένου
3805 4668 3818 4691 ,

2186 4722 2579 4797 καταφατικοῦ,
2633 4718 2903 4773 τουτέστιν
2962 4717 2999 4786 ἢ
3060 4717 3396 4795 ἀποφατικοῦ
3428 4762 3443 4789 ,
3500 4714 3737 4781 καθόλου
3788 4710 3820 4780 ἢ

2192 4813 2435 4886 μερικοῦ.

2259 4901 2314 4954 ε’.
2360 4898 2810 4974 Ἦναγκασμένως
2863 4894 2922 4951 δὲ
2962 4897 3053 4952 καὶ
3100 4894 3484 4969 ἀπαραιτήτως
3530 4894 3619 4949 ἐπὶ
3659 4892 3819 4959 πάσης

2187 4987 2326 5058 ὕλης
2386 4981 2688 5060 συμϐαίνει·
2736 4986 2927 5040 ταυτὸν
2980 4982 3027 5039 δ’
3084 4984 3278 5058 εἰπεῖν,
3334 4982 3716 5046 συνακολουθεῖ
3763 4977 3817 5032 τὸ

2188 5074 2549 5151 συμπέρασμα
2620 5079 2741 5136 ταῖς
2817 5072 3135 5148 προτάσεσιν
3168 5117 3182 5143 ,
3243 5071 3305 5127 οὐ
3366 5068 3455 5126 διὰ
3519 5073 3619 5141 τὴν
3678 5066 3816 5146 φύσιν

2185 5170 2292 5219 τῶν
2343 5164 2715 5240 πραγμάτων,
2777 5161 2923 5219 ἀλλὰ
2974 5159 3064 5216 διὰ
3118 5163 3215 5231 τὴν
3265 5160 3407 5215 θέσιν
3465 5164 3573 5215 τῶν
3628 5154 3812 5234 προτά-

2189 5274 2346 5309 σεων.
2382 5254 2449 5307 Αἱ
2498 5249 2564 5330 δὴ
2617 5253 2905 5328 προτάσεις
2956 5249 3237 5327 αὐτάρκεις
3293 5249 3395 5304 εἶσὶ
3441 5248 3579 5325 πρὸς
3620 5247 3681 5302 τὸ
3711 5264 3816 5299 aw-

2187 5347 2404 5418 αγαγεῖν
2449 5342 2513 5395 τὸ
2560 5341 2943 5417 συμπέρασμα,
2997 5337 3267 5413 μηδεμιᾶς
3315 5337 3493 5409 ἅλλης
3516 5335 3812 5414 προτάσεως

2186 5432 2324 5504 πρὸς
2354 5434 2513 5484 τοῦτο
2546 5426 2816 5501 δεόμεναι.

499 5520 553 5574 6.
587 5518 799 5574 Totum
840 5523 941 5573 aut
986 5519 1115 5589 hoc,
1148 5501 1279 5575 dum
1329 5518 1754 5591 propositiones
1812 5518 2076 5575 videlicet

2232 5501 2324 5582 ’ς’.
2355 5522 2524 5573 Τοῦτο
2556 5514 2601 5571 δ’
2645 5516 2798 5585 ὅλον,
2850 5518 2906 5571 αἱ
2950 5514 3045 5571 δύο
3096 5517 3383 5593 προτάσεις
3434 5510 3645 5585 δηλαδή
3696 5505 3813 5583 μετᾶ

428 5624 563 5666 cum
592 5607 989 5677 conclusione,
1022 5607 1537 5682 syllogismus,boc
1568 5612 1676 5674 est,
1712 5607 2078 5665 ratiocinatio

425 5706 669 5757 vocatur
724 5698 880 5753 816
928 5700 1078 5769 quod
1134 5715 1202 5754 ex
1249 5696 1538 5769 ejusmodi
1580 5696 2078 5767 propositionibus

426 5805 533 5864 per
561 5786 1021 5859 conclusionem,
1056 5786 1495 5853 ratiocinemur,
1528 5783 1638 5864 hoc
1666 5787 1776 5851 est,
1820 5801 1955 5841 cum
1986 5803 2077 5841 ra-

423 5879 586 5945 tione
614 5876 961 5956 colligamus
990 5877 1052 5939 id
1080 5877 1235 5956 quod
1268 5875 1342 5937 ad
1369 5872 1768 5935 ostensionem
1797 5878 1889 5933 est
1943 5889 2078 5952 pro-

2189 5608 2277 5664 καὶ
2340 5612 2437 5663 τοῦ
2516 5607 2969 5681 συμπεράσματος
3010 5652 3023 5678 ,
3083 5604 3329 5661 καλεῖται
3408 5598 3810 5677 συλλογισμὸς,

2188 5697 2374 5773 ὅτιπερ
2425 5696 2485 5751 ἐκ
2529 5700 2633 5749 τῶν
2689 5694 2952 5749 τοιούτων
3000 5694 3309 5771 προτάσεων
3356 5691 3446 5747 διὰ
3491 5695 3588 5746 τοῦ
3626 5702 3810 5760 συμπε-

2189 5786 2461 5863 ράσματος
2505 5782 2941 5860 συλλογιζόμεθα
2970 5802 2983 5815 ·
3016 5784 3262 5839 τουτέστι
3311 5780 3609 5857 συνάγομεν
3671 5774 3813 5863 λυγι-

2186 5880 2296 5942 κῶς
2320 5874 2385 5933 τὸ
2431 5874 2508 5940 εἰς
2562 5871 2723 5948 δεῖξιν
2763 5871 3140 5961 προκείμενον.
3191 5870 3453 5949 Συλλογὴ
3501 5869 3601 5953 γὰρ
3649 5862 3810 5946 λόγων
