  <div class='ocr_page' id='page_1' title='image "/cluster/home/n/w/nwhite01/storage/ocr_20150623/142/mdp.39015078384792/474.png"; bbox 0 0 4108 6482; ppageno 0'>
   <div class='ocr_carea' id='block_1_1' title="bbox 295 518 412 578">
    <p class='ocr_par' dir='ltr' id='par_1_1' title="bbox 295 518 412 578">
     <span class='ocr_line' id='line_1_1' title="bbox 295 518 412 578; baseline 0.009 -1"><span class='ocrx_word' id='word_1_1' title='bbox 295 518 412 578; x_wconf 88' lang='lat'>933</span> 
     </span>
    </p>
   </div>
   <div class='ocr_carea' id='block_1_2' title="bbox 1646 504 2342 570">
    <p class='ocr_par' dir='ltr' id='par_1_2' title="bbox 1646 504 2342 570">
     <span class='ocr_line' id='line_1_2' title="bbox 1646 504 2342 570; baseline -0.003 -1"><span class='ocrx_word' id='word_1_2' title='bbox 1646 505 1994 570; x_wconf 84' lang='lat' dir='ltr'>EPITOME</span> <span class='ocrx_word' id='word_1_3' title='bbox 2037 504 2342 570; x_wconf 84' lang='lat' dir='ltr'>LOGICA.</span> 
     </span>
    </p>
   </div>
   <div class='ocr_carea' id='block_1_3' title="bbox 3579 514 3700 574">
    <p class='ocr_par' dir='ltr' id='par_1_3' title="bbox 3579 514 3700 574">
     <span class='ocr_line' id='line_1_3' title="bbox 3579 514 3700 574; baseline -0.017 0"><span class='ocrx_word' id='word_1_4' title='bbox 3579 514 3700 574; x_wconf 73' lang='lat'>934</span> 
     </span>
    </p>
   </div>
   <div class='ocr_carea' id='block_1_4' title="bbox 301 635 1993 732">
    <p class='ocr_par' dir='ltr' id='par_1_4' title="bbox 301 635 1993 732">
     <span class='ocr_line' id='line_1_4' title="bbox 301 635 1993 732; baseline -0.006 -32"><span class='ocrx_word' id='word_1_5' title='bbox 301 645 443 700; x_wconf 80' lang='grc' dir='ltr'>ἐστὶν</span> <span class='ocrx_word' id='word_1_6' title='bbox 476 645 506 699; x_wconf 84' lang='grc' dir='ltr'>ὁ</span> <span class='ocrx_word' id='word_1_7' title='bbox 536 641 926 719; x_wconf 84' lang='grc' dir='ltr'>συλλογισμός.</span> <span class='ocrx_word' id='word_1_8' title='bbox 960 639 1247 732; x_wconf 71' lang='grc' dir='ltr'>Πρόκειται</span> <span class='ocrx_word' id='word_1_9' title='bbox 1296 642 1426 732; x_wconf 73' lang='grc' dir='ltr'>γοῦν</span> <span class='ocrx_word' id='word_1_10' title='bbox 1454 640 1589 712; x_wconf 82' lang='grc' dir='ltr'>ἡμῖν</span> <span class='ocrx_word' id='word_1_11' title='bbox 1620 635 1778 732; x_wconf 30' lang='grc' dir='ltr'>’ἴσως</span> <span class='ocrx_word' id='word_1_12' title='bbox 1836 635 1942 691; x_wconf 83' lang='grc' dir='ltr'>δεῖ·</span> <span class='ocrx_word' id='word_1_13' title='bbox 1970 667 1993 732; x_wconf 41' lang='grc' dir='ltr'><em>Α</em></span> 
     </span>
    </p>
   </div>
   <div class='ocr_carea' id='block_1_5' title="bbox 2113 635 3695 732">
    <p class='ocr_par' dir='ltr' id='par_1_5' title="bbox 2113 639 3695 714">
     <span class='ocr_line' id='line_1_5' title="bbox 2113 639 3695 714; baseline 0.004 -19"><span class='ocrx_word' id='word_1_14' title='bbox 2113 639 2332 695; x_wconf 81' lang='lat' dir='ltr'>)situm.</span> <span class='ocrx_word' id='word_1_15' title='bbox 2365 639 2752 712; x_wconf 82' lang='lat' dir='ltr'>Syllogismus</span> <span class='ocrx_word' id='word_1_16' title='bbox 2809 639 2966 696; x_wconf 89' lang='lat' dir='ltr'>enim</span> <span class='ocrx_word' id='word_1_17' title='bbox 2997 641 3333 697; x_wconf 81' lang='lat' dir='ltr'>orationum</span> <span class='ocrx_word' id='word_1_18' title='bbox 3363 642 3490 714; x_wconf 91' lang='lat' dir='ltr'>(seu</span> <span class='ocrx_word' id='word_1_19' title='bbox 3521 644 3695 701; x_wconf 90' lang='lat' dir='ltr'>ratio-</span> 
     </span>
    </p>
   </div>
   <div class='ocr_carea' id='block_1_6' title="bbox 303 724 1939 807">
    <p class='ocr_par' dir='ltr' id='par_1_6' title="bbox 303 724 1939 807">
     <span class='ocr_line' id='line_1_6' title="bbox 303 724 1939 807; baseline -0.006 -19"><span class='ocrx_word' id='word_1_20' title='bbox 303 733 384 805; x_wconf 86' lang='grc' dir='ltr'>ξαι</span> <span class='ocrx_word' id='word_1_21' title='bbox 448 734 549 802; x_wconf 80' lang='grc' dir='ltr'>τὴν</span> <span class='ocrx_word' id='word_1_22' title='bbox 608 730 835 807; x_wconf 78' lang='grc' dir='ltr'>λογικὴν</span> <span class='ocrx_word' id='word_1_23' title='bbox 903 731 1087 804; x_wconf 74' lang='grc' dir='ltr'>ψυχὴν</span> <span class='ocrx_word' id='word_1_24' title='bbox 1168 725 1488 800; x_wconf 75' lang='grc' dir='ltr'>ἀεικίνητον,</span> <span class='ocrx_word' id='word_1_25' title='bbox 1543 725 1632 781; x_wconf 80' lang='grc' dir='ltr'><strong>καί</strong></span> <span class='ocrx_word' id='word_1_26' title='bbox 1707 724 1939 801; x_wconf 80' lang='grc' dir='ltr'>λέγομεν</span> 
     </span>
    </p>
   </div>
   <div class='ocr_carea' id='block_1_7' title="bbox 305 810 1946 896">
    <p class='ocr_par' dir='ltr' id='par_1_7' title="bbox 305 810 1946 896">
     <span class='ocr_line' id='line_1_7' title="bbox 305 810 1946 896; baseline -0.006 -18"><span class='ocrx_word' id='word_1_27' title='bbox 305 821 499 885; x_wconf 75' lang='grc' dir='ltr'>οὕτως·</span> <span class='ocrx_word' id='word_1_28' title='bbox 543 823 607 878; x_wconf 87' lang='grc' dir='ltr'><strong><em>Ἦ</em></strong></span> <span class='ocrx_word' id='word_1_29' title='bbox 663 819 860 896; x_wconf 85' lang='grc' dir='ltr'>λογικὴ</span> <span class='ocrx_word' id='word_1_30' title='bbox 911 820 1062 895; x_wconf 77' lang='grc' dir='ltr'>ψυχὴ</span> <span class='ocrx_word' id='word_1_31' title='bbox 1117 814 1486 884; x_wconf 72' lang='grc' dir='ltr'>αὒτοκίνητοςο</span> <span class='ocrx_word' id='word_1_32' title='bbox 1534 820 1695 871; x_wconf 77' lang='grc' dir='ltr'>τοῦτο</span> <span class='ocrx_word' id='word_1_33' title='bbox 1748 810 1946 891; x_wconf 84' lang='grc' dir='ltr'>πρότα-</span> 
     </span>
    </p>
   </div>
   <div class='ocr_carea' id='block_1_8' title="bbox 308 904 1950 981">
    <p class='ocr_par' dir='ltr' id='par_1_8' title="bbox 308 904 1950 981">
     <span class='ocr_line' id='line_1_8' title="bbox 308 904 1950 981; baseline -0.006 -15"><span class='ocrx_word' id='word_1_34' title='bbox 308 933 412 974; x_wconf 79' lang='grc' dir='ltr'>σις’</span> <span class='ocrx_word' id='word_1_35' title='bbox 485 910 549 966; x_wconf 89' lang='grc' dir='ltr'>τὸ</span> <span class='ocrx_word' id='word_1_36' title='bbox 622 908 971 978; x_wconf 80' lang='grc' dir='ltr'>αὐτοκίνητον</span> <span class='ocrx_word' id='word_1_37' title='bbox 1057 906 1383 976; x_wconf 69' lang='grc' dir='ltr'>ἀεικίνητον⁸</span> <span class='ocrx_word' id='word_1_38' title='bbox 1445 904 1597 981; x_wconf 70' lang='grc' dir='ltr'>ἑτέρα</span> <span class='ocrx_word' id='word_1_39' title='bbox 1669 904 1950 980; x_wconf 81' lang='grc' dir='ltr'>πρότασις,</span> 
     </span>
    </p>
   </div>
   <div class='ocr_carea' id='block_1_9' title="bbox 308 993 1956 1071">
    <p class='ocr_par' dir='ltr' id='par_1_9' title="bbox 308 993 1956 1071">
     <span class='ocr_line' id='line_1_9' title="bbox 308 993 1956 1071; baseline -0.005 -16"><span class='ocrx_word' id='word_1_40' title='bbox 308 999 536 1061; x_wconf 81' lang='grc' dir='ltr'>Ταύταις</span> <span class='ocrx_word' id='word_1_41' title='bbox 584 999 675 1054; x_wconf 82' lang='grc' dir='ltr'>οὗν</span> <span class='ocrx_word' id='word_1_42' title='bbox 719 1003 838 1054; x_wconf 80' lang='grc' dir='ltr'>ταῖς</span> <span class='ocrx_word' id='word_1_43' title='bbox 889 995 1007 1052; x_wconf 81' lang='grc' dir='ltr'>δυσὶ</span> <span class='ocrx_word' id='word_1_44' title='bbox 1057 994 1397 1071; x_wconf 74' lang='grc' dir='ltr'>προτιιὶσεσιν⁴</span> <span class='ocrx_word' id='word_1_45' title='bbox 1424 993 1476 1064; x_wconf 79' lang='grc' dir='ltr'><strong>ἐξ</strong></span> <span class='ocrx_word' id='word_1_46' title='bbox 1515 993 1756 1068; x_wconf 80' lang='grc' dir='ltr'>ἀνάγκης</span> <span class='ocrx_word' id='word_1_47' title='bbox 1811 993 1956 1047; x_wconf 76' lang='grc' dir='ltr'>συνέ-</span> 
     </span>
    </p>
   </div>
   <div class='ocr_carea' id='block_1_10' title="bbox 313 1081 1956 1160">
    <p class='ocr_par' dir='ltr' id='par_1_10' title="bbox 313 1081 1956 1160">
     <span class='ocr_line' id='line_1_10' title="bbox 313 1081 1956 1160; baseline -0.005 -16"><span class='ocrx_word' id='word_1_48' title='bbox 313 1110 469 1144; x_wconf 84' lang='grc' dir='ltr'>πεται</span> <span class='ocrx_word' id='word_1_49' title='bbox 500 1088 607 1160; x_wconf 88' lang='grc' dir='ltr'>(τὸ)</span> <span class='ocrx_word' id='word_1_50' title='bbox 661 1085 1040 1160; x_wconf 70' lang='grc' dir='ltr'>συμπέρασμα,</span> <span class='ocrx_word' id='word_1_51' title='bbox 1103 1083 1187 1139; x_wconf 78' lang='grc' dir='ltr'>ὅτι</span> <span class='ocrx_word' id='word_1_52' title='bbox 1236 1087 1272 1153; x_wconf 84' lang='grc' dir='ltr'><strong>ἡ</strong></span> <span class='ocrx_word' id='word_1_53' title='bbox 1335 1084 1529 1159; x_wconf 86' lang='grc' dir='ltr'>λογική</span> <span class='ocrx_word' id='word_1_54' title='bbox 1589 1086 1741 1158; x_wconf 78' lang='grc' dir='ltr'>ψυχὴ</span> <span class='ocrx_word' id='word_1_55' title='bbox 1790 1081 1956 1136; x_wconf 75' lang='grc' dir='ltr'>ἀεικί-</span> 
     </span>
    </p>
   </div>
   <div class='ocr_carea' id='block_1_11' title="bbox 313 1170 1960 1248">
    <p class='ocr_par' dir='ltr' id='par_1_11' title="bbox 313 1170 1960 1248">
     <span class='ocr_line' id='line_1_11' title="bbox 313 1170 1960 1248; baseline -0.004 -16"><span class='ocrx_word' id='word_1_56' title='bbox 313 1198 497 1248; x_wconf 87' lang='grc' dir='ltr'>νητος.</span> <span class='ocrx_word' id='word_1_57' title='bbox 527 1180 696 1231; x_wconf 78' lang='grc' dir='ltr'>Τοῦτο</span> <span class='ocrx_word' id='word_1_58' title='bbox 726 1175 785 1232; x_wconf 71' lang='grc' dir='ltr'>δὲ</span> <span class='ocrx_word' id='word_1_59' title='bbox 812 1176 879 1245; x_wconf 84' lang='grc' dir='ltr'>ἦν</span> <span class='ocrx_word' id='word_1_60' title='bbox 906 1176 969 1231; x_wconf 88' lang='grc' dir='ltr'>τὸ</span> <span class='ocrx_word' id='word_1_61' title='bbox 1012 1174 1086 1236; x_wconf 82' lang='grc' dir='ltr'>εἷς</span> <span class='ocrx_word' id='word_1_62' title='bbox 1138 1171 1297 1244; x_wconf 81' lang='grc' dir='ltr'>δεῖξιν</span> <span class='ocrx_word' id='word_1_63' title='bbox 1346 1170 1717 1248; x_wconf 85' lang='grc' dir='ltr'>προκείμενον.</span> <span class='ocrx_word' id='word_1_64' title='bbox 1752 1170 1960 1232; x_wconf 66' lang='grc' dir='ltr'>’Ἄλλος</span> 
     </span>
    </p>
   </div>
   <div class='ocr_carea' id='block_1_12' title="bbox 314 1260 1961 1341">
    <p class='ocr_par' dir='ltr' id='par_1_12' title="bbox 314 1260 1961 1341">
     <span class='ocr_line' id='line_1_12' title="bbox 314 1260 1961 1341; baseline -0.005 -20"><span class='ocrx_word' id='word_1_65' title='bbox 314 1265 481 1321; x_wconf 86' lang='grc' dir='ltr'>πάλιν</span> <span class='ocrx_word' id='word_1_66' title='bbox 513 1263 885 1341; x_wconf 89' lang='grc' dir='ltr'>συλλογισμὸς</span> <span class='ocrx_word' id='word_1_67' title='bbox 915 1262 984 1319; x_wconf 78' lang='grc' dir='ltr'>δι’</span> <span class='ocrx_word' id='word_1_68' title='bbox 1016 1261 1078 1318; x_wconf 78' lang='grc' dir='ltr'>οὗ</span> <span class='ocrx_word' id='word_1_69' title='bbox 1119 1265 1218 1332; x_wconf 77' lang='grc' dir='ltr'>τὴν</span> <span class='ocrx_word' id='word_1_70' title='bbox 1263 1260 1494 1337; x_wconf 80' lang='grc' dir='ltr'>λογικήν</span> <span class='ocrx_word' id='word_1_71' title='bbox 1541 1262 1723 1337; x_wconf 72' lang='grc' dir='ltr'>ψυχὴν</span> <span class='ocrx_word' id='word_1_72' title='bbox 1770 1261 1961 1314; x_wconf 83' lang='grc' dir='ltr'>ἀθάνα-</span> 
     </span>
    </p>
   </div>
   <div class='ocr_carea' id='block_1_13' title="bbox 315 1349 1963 1428">
    <p class='ocr_par' dir='ltr' id='par_1_13' title="bbox 315 1349 1963 1428">
     <span class='ocr_line' id='line_1_13' title="bbox 315 1349 1963 1428; baseline -0.005 -18"><span class='ocrx_word' id='word_1_73' title='bbox 315 1377 409 1410; x_wconf 90' lang='grc' dir='ltr'>τον</span> <span class='ocrx_word' id='word_1_74' title='bbox 460 1352 763 1428; x_wconf 75' lang='grc' dir='ltr'>δείκνυμεν.</span> <span class='ocrx_word' id='word_1_75' title='bbox 794 1355 857 1408; x_wconf 87' lang='grc' dir='ltr'>Ἣ</span> <span class='ocrx_word' id='word_1_76' title='bbox 910 1352 1104 1428; x_wconf 83' lang='grc' dir='ltr'>λογικὴ</span> <span class='ocrx_word' id='word_1_77' title='bbox 1157 1352 1311 1426; x_wconf 82' lang='grc' dir='ltr'>ψυχὴ</span> <span class='ocrx_word' id='word_1_78' title='bbox 1364 1349 1688 1420; x_wconf 82' lang='grc' dir='ltr'>ἀεικίνητος·</span> <span class='ocrx_word' id='word_1_79' title='bbox 1734 1350 1797 1403; x_wconf 86' lang='grc' dir='ltr'>τὸ</span> <span class='ocrx_word' id='word_1_80' title='bbox 1855 1366 1963 1403; x_wconf 84' lang='grc' dir='ltr'>αει-</span> 
     </span>
    </p>
   </div>
   <div class='ocr_carea' id='block_1_14' title="bbox 320 1437 1967 1517">
    <p class='ocr_par' dir='ltr' id='par_1_14' title="bbox 320 1437 1967 1517">
     <span class='ocr_line' id='line_1_14' title="bbox 320 1437 1967 1517; baseline -0.004 -18"><span class='ocrx_word' id='word_1_81' title='bbox 320 1445 562 1515; x_wconf 84' lang='grc' dir='ltr'>κίνητον,</span> <span class='ocrx_word' id='word_1_82' title='bbox 622 1443 905 1507; x_wconf 83' lang='grc' dir='ltr'>ἀθάνατον·</span> <span class='ocrx_word' id='word_1_83' title='bbox 945 1445 981 1512; x_wconf 83' lang='grc' dir='ltr'>ἡ</span> <span class='ocrx_word' id='word_1_84' title='bbox 1042 1440 1238 1517; x_wconf 85' lang='grc' dir='ltr'>λογικὴ</span> <span class='ocrx_word' id='word_1_85' title='bbox 1296 1441 1449 1514; x_wconf 76' lang='grc' dir='ltr'>ψυχὴ</span> <span class='ocrx_word' id='word_1_86' title='bbox 1510 1440 1613 1512; x_wconf 79' lang='grc' dir='ltr'>ἄρα</span> <span class='ocrx_word' id='word_1_87' title='bbox 1686 1437 1967 1499; x_wconf 84' lang='grc' dir='ltr'>ἀθάνατος.</span> 
     </span>
    </p>
   </div>
   <div class='ocr_carea' id='block_1_15' title="bbox 327 1526 1975 1606">
    <p class='ocr_par' dir='ltr' id='par_1_15' title="bbox 327 1526 1975 1606">
     <span class='ocr_line' id='line_1_15' title="bbox 327 1526 1975 1606; baseline -0.005 -18"><span class='ocrx_word' id='word_1_88' title='bbox 327 1533 438 1588; x_wconf 80' lang='grc' dir='ltr'>Μία</span> <span class='ocrx_word' id='word_1_89' title='bbox 489 1531 774 1606; x_wconf 86' lang='grc' dir='ltr'>πρότασις,</span> <span class='ocrx_word' id='word_1_90' title='bbox 820 1532 884 1586; x_wconf 87' lang='grc' dir='ltr'>Ἡ</span> <span class='ocrx_word' id='word_1_91' title='bbox 941 1528 1142 1604; x_wconf 84' lang='grc' dir='ltr'>λογικὴ</span> <span class='ocrx_word' id='word_1_92' title='bbox 1210 1529 1363 1604; x_wconf 79' lang='grc' dir='ltr'>ψυχὴ</span> <span class='ocrx_word' id='word_1_93' title='bbox 1432 1526 1759 1596; x_wconf 84' lang='grc' dir='ltr'>ἆεικίνητος’</span> <span class='ocrx_word' id='word_1_94' title='bbox 1819 1527 1975 1602; x_wconf 78' lang='grc' dir='ltr'>ἒτέρα</span> 
     </span>
    </p>
   </div>
   <div class='ocr_carea' id='block_1_16' title="bbox 324 1613 1973 1699">
    <p class='ocr_par' dir='ltr' id='par_1_16' title="bbox 324 1613 1973 1699">
     <span class='ocr_line' id='line_1_16' title="bbox 324 1613 1973 1699; baseline -0.004 -23"><span class='ocrx_word' id='word_1_95' title='bbox 324 1620 607 1699; x_wconf 80' lang='grc' dir='ltr'>πρότασις,</span> <span class='ocrx_word' id='word_1_96' title='bbox 657 1619 728 1674; x_wconf 87' lang='grc' dir='ltr'>Τὸ</span> <span class='ocrx_word' id='word_1_97' title='bbox 781 1617 1089 1688; x_wconf 85' lang='grc' dir='ltr'>ἀεικίνητον</span> <span class='ocrx_word' id='word_1_98' title='bbox 1135 1617 1415 1672; x_wconf 81' lang='grc' dir='ltr'>ἀθάνατον.</span> <span class='ocrx_word' id='word_1_99' title='bbox 1464 1616 1841 1692; x_wconf 79' lang='grc' dir='ltr'>Συμπὲρασμα</span> <span class='ocrx_word' id='word_1_100' title='bbox 1896 1613 1973 1687; x_wconf 75' lang='grc' dir='ltr'>δὲ,</span> 
     </span>
    </p>
   </div>
   <div class='ocr_carea' id='block_1_17' title="bbox 326 1704 1979 1784">
    <p class='ocr_par' dir='ltr' id='par_1_17' title="bbox 326 1704 1979 1784">
     <span class='ocr_line' id='line_1_17' title="bbox 326 1704 1979 1784; baseline -0.004 -20"><span class='ocrx_word' id='word_1_101' title='bbox 326 1713 391 1764; x_wconf 87' lang='grc' dir='ltr'><strong>Ἦ</strong></span> <span class='ocrx_word' id='word_1_102' title='bbox 448 1707 644 1784; x_wconf 87' lang='grc' dir='ltr'>λογική</span> <span class='ocrx_word' id='word_1_103' title='bbox 698 1708 852 1783; x_wconf 79' lang='grc' dir='ltr'>ψυχὴ</span> <span class='ocrx_word' id='word_1_104' title='bbox 884 1706 1167 1771; x_wconf 86' lang='grc' dir='ltr'>ἀθάνατος·</span> <span class='ocrx_word' id='word_1_105' title='bbox 1231 1705 1364 1783; x_wconf 78' lang='grc' dir='ltr'>ὅπερ</span> <span class='ocrx_word' id='word_1_106' title='bbox 1423 1704 1475 1775; x_wconf 81' lang='grc' dir='ltr'>ἐξ</span> <span class='ocrx_word' id='word_1_107' title='bbox 1526 1704 1767 1781; x_wconf 82' lang='grc' dir='ltr'>ἀνάγκης</span> <span class='ocrx_word' id='word_1_108' title='bbox 1822 1725 1979 1774; x_wconf 80' lang='grc' dir='ltr'>συνη-</span> 
     </span>
    </p>
   </div>
   <div class='ocr_carea' id='block_1_18' title="bbox 2054 727 3700 801">
    <p class='ocr_par' dir='ltr' id='par_1_18' title="bbox 2054 727 3700 801">
     <span class='ocr_line' id='line_1_18' title="bbox 2054 727 3700 801; baseline 0.004 -18"><span class='ocrx_word' id='word_1_109' title='bbox 2054 728 2219 801; x_wconf 89' lang='lat' dir='ltr'>nnm)</span> <span class='ocrx_word' id='word_1_110' title='bbox 2251 733 2340 784; x_wconf 90' lang='lat' dir='ltr'>est</span> <span class='ocrx_word' id='word_1_111' title='bbox 2369 727 2589 801; x_wconf 87' lang='lat' dir='ltr'>sylloge</span> <span class='ocrx_word' id='word_1_112' title='bbox 2612 733 2741 799; x_wconf 90' lang='lat' dir='ltr'>(seu</span> <span class='ocrx_word' id='word_1_113' title='bbox 2772 728 3185 801; x_wconf 85' lang='lat' dir='ltr'>collectio).Est</span> <span class='ocrx_word' id='word_1_114' title='bbox 3216 730 3496 788; x_wconf 87' lang='lat' dir='ltr'>nimirum</span> <span class='ocrx_word' id='word_1_115' title='bbox 3529 735 3700 790; x_wconf 90' lang='lat' dir='ltr'>nobis</span> 
     </span>
    </p>
   </div>
   <div class='ocr_carea' id='block_1_19' title="bbox 2054 817 3700 890">
    <p class='ocr_par' dir='ltr' id='par_1_19' title="bbox 2054 817 3700 890">
     <span class='ocr_line' id='line_1_19' title="bbox 2054 817 3700 890; baseline 0.004 -17"><span class='ocrx_word' id='word_1_116' title='bbox 2054 817 2303 889; x_wconf 86' lang='lat' dir='ltr'>exempli</span> <span class='ocrx_word' id='word_1_117' title='bbox 2332 818 2521 890; x_wconf 89' lang='lat' dir='ltr'>gratia</span> <span class='ocrx_word' id='word_1_118' title='bbox 2575 819 2939 890; x_wconf 89' lang='lat' dir='ltr'>propositum</span> <span class='ocrx_word' id='word_1_119' title='bbox 2996 820 3322 889; x_wconf 84' lang='lat' dir='ltr'>ostendere,</span> <span class='ocrx_word' id='word_1_120' title='bbox 3354 821 3700 879; x_wconf 69' lang='lat' dir='ltr'>rationalem</span> 
     </span>
    </p>
   </div>
   <div class='ocr_carea' id='block_1_20' title="bbox 2060 905 3697 978">
    <p class='ocr_par' dir='ltr' id='par_1_20' title="bbox 2060 905 3697 978">
     <span class='ocr_line' id='line_1_20' title="bbox 2060 905 3697 978; baseline 0.004 -16"><span class='ocrx_word' id='word_1_121' title='bbox 2060 905 2317 962; x_wconf 88' lang='lat' dir='ltr'>animam</span> <span class='ocrx_word' id='word_1_122' title='bbox 2371 922 2602 978; x_wconf 87' lang='lat' dir='ltr'>semper</span> <span class='ocrx_word' id='word_1_123' title='bbox 2630 923 2759 963; x_wconf 88' lang='lat' dir='ltr'>esse</span> <span class='ocrx_word' id='word_1_124' title='bbox 2813 908 3120 974; x_wconf 84' lang='lat' dir='ltr'>mobilem,</span> <span class='ocrx_word' id='word_1_125' title='bbox 3173 913 3231 963; x_wconf 89' lang='lat' dir='ltr'>et</span> <span class='ocrx_word' id='word_1_126' title='bbox 3281 909 3365 964; x_wconf 90' lang='lat' dir='ltr'>sic</span> <span class='ocrx_word' id='word_1_127' title='bbox 3396 911 3697 969; x_wconf 90' lang='lat' dir='ltr'>dicimus:</span> 
     </span>
    </p>
   </div>
   <div class='ocr_carea' id='block_1_21' title="bbox 2062 996 3715 1074">
    <p class='ocr_par' dir='ltr' id='par_1_21' title="bbox 2062 996 3715 1074">
     <span class='ocr_line' id='line_1_21' title="bbox 2062 996 3715 1074; baseline 0.004 -24"><span class='ocrx_word' id='word_1_128' title='bbox 2062 996 2274 1051; x_wconf 89' lang='lat' dir='ltr'>Anima</span> <span class='ocrx_word' id='word_1_129' title='bbox 2330 996 2628 1052; x_wconf 82' lang='lat' dir='ltr'>rationalis</span> <span class='ocrx_word' id='word_1_130' title='bbox 2659 1014 2693 1051; x_wconf 92' lang='lat' dir='ltr'>a</span> <span class='ocrx_word' id='word_1_131' title='bbox 2723 1012 2784 1051; x_wconf 88' lang='lat' dir='ltr'>se</span> <span class='ocrx_word' id='word_1_132' title='bbox 2816 1001 2905 1051; x_wconf 88' lang='lat' dir='ltr'>est</span> <span class='ocrx_word' id='word_1_133' title='bbox 2935 997 3186 1053; x_wconf 81' lang='lat' dir='ltr'>mobilis.</span> <span class='ocrx_word' id='word_1_134' title='bbox 3222 998 3339 1054; x_wconf 92' lang='lat' dir='ltr'>Hoc</span> <span class='ocrx_word' id='word_1_135' title='bbox 3380 1004 3468 1055; x_wconf 87' lang='lat' dir='ltr'>est</span> <span class='ocrx_word' id='word_1_136' title='bbox 3501 1018 3715 1074; x_wconf 91' lang='lat' dir='ltr'>propo-</span> 
     </span>
    </p>
   </div>
   <div class='ocr_carea' id='block_1_22' title="bbox 2067 1084 3720 1159">
    <p class='ocr_par' dir='ltr' id='par_1_22' title="bbox 2067 1084 3720 1159">
     <span class='ocr_line' id='line_1_22' title="bbox 2067 1084 3720 1159; baseline 0.005 -20"><span class='ocrx_word' id='word_1_137' title='bbox 2067 1084 2221 1139; x_wconf 90' lang='lat' dir='ltr'>sitio.</span> <span class='ocrx_word' id='word_1_138' title='bbox 2275 1085 2438 1150; x_wconf 89' lang='lat' dir='ltr'>Quod</span> <span class='ocrx_word' id='word_1_139' title='bbox 2490 1091 2578 1139; x_wconf 87' lang='lat' dir='ltr'>est</span> <span class='ocrx_word' id='word_1_140' title='bbox 2608 1103 2642 1140; x_wconf 86' lang='lat' dir='ltr'>a</span> <span class='ocrx_word' id='word_1_141' title='bbox 2671 1102 2733 1140; x_wconf 91' lang='lat' dir='ltr'>se</span> <span class='ocrx_word' id='word_1_142' title='bbox 2791 1086 3028 1155; x_wconf 90' lang='lat' dir='ltr'>mobile,</span> <span class='ocrx_word' id='word_1_143' title='bbox 3062 1091 3152 1141; x_wconf 89' lang='lat' dir='ltr'>est</span> <span class='ocrx_word' id='word_1_144' title='bbox 3183 1104 3414 1159; x_wconf 88' lang='lat' dir='ltr'>semper</span> <span class='ocrx_word' id='word_1_145' title='bbox 3457 1091 3671 1147; x_wconf 88' lang='lat' dir='ltr'>mobile</span> <span class='ocrx_word' id='word_1_146' title='bbox 3706 1110 3720 1147; x_wconf 93' lang='lat'>:</span> 
     </span>
    </p>
   </div>
   <div class='ocr_carea' id='block_1_23' title="bbox 2070 1172 3725 1249">
    <p class='ocr_par' dir='ltr' id='par_1_23' title="bbox 2070 1172 3725 1249">
     <span class='ocr_line' id='line_1_23' title="bbox 2070 1172 3725 1249; baseline 0.006 -22"><span class='ocrx_word' id='word_1_147' title='bbox 2070 1172 2254 1228; x_wconf 89' lang='lat' dir='ltr'>altera</span> <span class='ocrx_word' id='word_1_148' title='bbox 2285 1173 2623 1245; x_wconf 85' lang='lat' dir='ltr'>propositio.</span> <span class='ocrx_word' id='word_1_149' title='bbox 2646 1175 2731 1229; x_wconf 86' lang='lat' dir='ltr'>Ad</span> <span class='ocrx_word' id='word_1_150' title='bbox 2766 1174 2871 1229; x_wconf 87' lang='lat' dir='ltr'>has</span> <span class='ocrx_word' id='word_1_151' title='bbox 2905 1174 3086 1247; x_wconf 84' lang='lat' dir='ltr'>igitur</span> <span class='ocrx_word' id='word_1_152' title='bbox 3112 1176 3259 1231; x_wconf 80' lang='lat' dir='ltr'>duas</span> <span class='ocrx_word' id='word_1_153' title='bbox 3292 1180 3725 1249; x_wconf 87' lang='lat' dir='ltr'>propositiones</span> 
     </span>
    </p>
   </div>
   <div class='ocr_carea' id='block_1_24' title="bbox 2069 1262 3726 1333">
    <p class='ocr_par' dir='ltr' id='par_1_24' title="bbox 2069 1262 3726 1333">
     <span class='ocr_line' id='line_1_24' title="bbox 2069 1262 3726 1333; baseline 0.006 -17"><span class='ocrx_word' id='word_1_154' title='bbox 2069 1279 2139 1317; x_wconf 85' lang='lat' dir='ltr'>ex</span> <span class='ocrx_word' id='word_1_155' title='bbox 2176 1262 2521 1318; x_wconf 85' lang='lat' dir='ltr'>necessitate</span> <span class='ocrx_word' id='word_1_156' title='bbox 2551 1262 2929 1333; x_wconf 86' lang='lat' dir='ltr'>consequitur</span> <span class='ocrx_word' id='word_1_157' title='bbox 2959 1264 3255 1320; x_wconf 88' lang='lat' dir='ltr'>conclusio</span> <span class='ocrx_word' id='word_1_158' title='bbox 3288 1283 3302 1322; x_wconf 87' lang='lat'><strong>:</strong></span> <span class='ocrx_word' id='word_1_159' title='bbox 3350 1267 3606 1325; x_wconf 86' lang='lat' dir='ltr'>animam</span> <span class='ocrx_word' id='word_1_160' title='bbox 3638 1287 3726 1326; x_wconf 86' lang='lat' dir='ltr'>ra-</span> 
     </span>
    </p>
   </div>
   <div class='ocr_carea' id='block_1_25' title="bbox 2076 1350 3729 1423">
    <p class='ocr_par' dir='ltr' id='par_1_25' title="bbox 2076 1350 3729 1423">
     <span class='ocr_line' id='line_1_25' title="bbox 2076 1350 3729 1423; baseline 0.005 -17"><span class='ocrx_word' id='word_1_161' title='bbox 2076 1350 2352 1407; x_wconf 86' lang='lat' dir='ltr'>tionalem</span> <span class='ocrx_word' id='word_1_162' title='bbox 2382 1367 2511 1406; x_wconf 89' lang='lat' dir='ltr'>esse</span> <span class='ocrx_word' id='word_1_163' title='bbox 2529 1367 2756 1423; x_wconf 89' lang='lat' dir='ltr'>semper</span> <span class='ocrx_word' id='word_1_164' title='bbox 2788 1352 3087 1408; x_wconf 89' lang='lat' dir='ltr'>mobilem.</span> <span class='ocrx_word' id='word_1_165' title='bbox 3123 1357 3239 1409; x_wconf 84' lang='lat' dir='ltr'>Hoc</span> <span class='ocrx_word' id='word_1_166' title='bbox 3271 1360 3468 1411; x_wconf 88' lang='lat' dir='ltr'>autem</span> <span class='ocrx_word' id='word_1_167' title='bbox 3500 1364 3624 1413; x_wconf 88' lang='lat' dir='ltr'>erat</span> <span class='ocrx_word' id='word_1_168' title='bbox 3654 1359 3729 1414; x_wconf 87' lang='lat' dir='ltr'>ad</span> 
     </span>
    </p>
   </div>
   <div class='ocr_carea' id='block_1_26' title="bbox 2079 1439 3727 1519">
    <p class='ocr_par' dir='ltr' id='par_1_26' title="bbox 2079 1439 3727 1519">
     <span class='ocr_line' id='line_1_26' title="bbox 2079 1439 3727 1519; baseline 0.004 -23"><span class='ocrx_word' id='word_1_169' title='bbox 2079 1439 2473 1496; x_wconf 87' lang='lat' dir='ltr'>ostensionem</span> <span class='ocrx_word' id='word_1_170' title='bbox 2486 1441 2874 1513; x_wconf 89' lang='lat' dir='ltr'>propositum.</span> <span class='ocrx_word' id='word_1_171' title='bbox 2886 1441 3141 1497; x_wconf 83' lang='lat' dir='ltr'>Rursum</span> <span class='ocrx_word' id='word_1_172' title='bbox 3158 1442 3309 1499; x_wconf 73' lang='lat' dir='ltr'>alius</span> <span class='ocrx_word' id='word_1_173' title='bbox 3322 1444 3727 1519; x_wconf 80' lang='lat' dir='ltr'>syllogismus,</span> 
     </span>
    </p>
   </div>
   <div class='ocr_carea' id='block_1_27' title="bbox 2085 1528 3734 1601">
    <p class='ocr_par' dir='ltr' id='par_1_27' title="bbox 2085 1528 3734 1601">
     <span class='ocr_line' id='line_1_27' title="bbox 2085 1528 3734 1601; baseline 0.005 -17"><span class='ocrx_word' id='word_1_174' title='bbox 2085 1546 2200 1601; x_wconf 92' lang='lat' dir='ltr'>quo</span> <span class='ocrx_word' id='word_1_175' title='bbox 2233 1528 2491 1584; x_wconf 89' lang='lat' dir='ltr'>animam</span> <span class='ocrx_word' id='word_1_176' title='bbox 2522 1530 2863 1585; x_wconf 82' lang='lat' dir='ltr'>rationalem</span> <span class='ocrx_word' id='word_1_177' title='bbox 2895 1531 3288 1588; x_wconf 86' lang='lat' dir='ltr'>immortalem</span> <span class='ocrx_word' id='word_1_178' title='bbox 3320 1550 3450 1590; x_wconf 83' lang='lat' dir='ltr'>esse</span> <span class='ocrx_word' id='word_1_179' title='bbox 3479 1537 3734 1591; x_wconf 88' lang='lat' dir='ltr'>ostendi-</span> 
     </span>
    </p>
   </div>
   <div class='ocr_carea' id='block_1_28' title="bbox 2086 1618 3728 1695">
    <p class='ocr_par' dir='ltr' id='par_1_28' title="bbox 2086 1618 3728 1695">
     <span class='ocr_line' id='line_1_28' title="bbox 2086 1618 3728 1695; baseline 0.005 -23"><span class='ocrx_word' id='word_1_180' title='bbox 2086 1634 2241 1673; x_wconf 87' lang='lat' dir='ltr'>mus.</span> <span class='ocrx_word' id='word_1_181' title='bbox 2274 1618 2484 1674; x_wconf 91' lang='lat' dir='ltr'>Anima</span> <span class='ocrx_word' id='word_1_182' title='bbox 2514 1618 2814 1674; x_wconf 89' lang='lat' dir='ltr'>rationalis</span> <span class='ocrx_word' id='word_1_183' title='bbox 2844 1626 2936 1674; x_wconf 91' lang='lat' dir='ltr'>est</span> <span class='ocrx_word' id='word_1_184' title='bbox 2982 1636 3213 1692; x_wconf 89' lang='lat' dir='ltr'>semper</span> <span class='ocrx_word' id='word_1_185' title='bbox 3266 1623 3537 1692; x_wconf 90' lang='lat' dir='ltr'>mobilis;</span> <span class='ocrx_word' id='word_1_186' title='bbox 3574 1625 3728 1695; x_wconf 90' lang='lat' dir='ltr'>quod</span> 
     </span>
    </p>
   </div>
   <div class='ocr_carea' id='block_1_29' title="bbox 2089 1705 3737 1783">
    <p class='ocr_par' dir='ltr' id='par_1_29' title="bbox 2089 1705 3737 1783">
     <span class='ocr_line' id='line_1_29' title="bbox 2089 1705 3737 1783; baseline 0.005 -20"><span class='ocrx_word' id='word_1_187' title='bbox 2089 1711 2177 1763; x_wconf 91' lang='lat' dir='ltr'>est</span> <span class='ocrx_word' id='word_1_188' title='bbox 2206 1723 2438 1779; x_wconf 86' lang='lat' dir='ltr'>semper</span> <span class='ocrx_word' id='word_1_189' title='bbox 2466 1705 2683 1762; x_wconf 90' lang='lat' dir='ltr'>mobile</span> <span class='ocrx_word' id='word_1_190' title='bbox 2712 1714 2801 1763; x_wconf 89' lang='lat' dir='ltr'>est</span> <span class='ocrx_word' id='word_1_191' title='bbox 2831 1708 3199 1777; x_wconf 87' lang='lat' dir='ltr'>immortale;</span> <span class='ocrx_word' id='word_1_192' title='bbox 3233 1727 3369 1783; x_wconf 89' lang='lat' dir='ltr'>ergo</span> <span class='ocrx_word' id='word_1_193' title='bbox 3410 1713 3608 1770; x_wconf 89' lang='lat' dir='ltr'>anima</span> <span class='ocrx_word' id='word_1_194' title='bbox 3639 1731 3737 1770; x_wconf 88' lang='lat' dir='ltr'>ra-</span> 
     </span>
    </p>
   </div>
   <div class='ocr_carea' id='block_1_30' title="bbox 326 1790 1993 1873">
    <p class='ocr_par' dir='ltr' id='par_1_30' title="bbox 326 1790 1981 1873">
     <span class='ocr_line' id='line_1_30' title="bbox 326 1790 1981 1873; baseline -0.004 -21"><span class='ocrx_word' id='word_1_195' title='bbox 326 1795 636 1867; x_wconf 82' lang='grc' dir='ltr'>κολούθησε</span> <span class='ocrx_word' id='word_1_196' title='bbox 706 1801 826 1857; x_wconf 85' lang='grc' dir='ltr'>ταῖς</span> <span class='ocrx_word' id='word_1_197' title='bbox 903 1793 1218 1873; x_wconf 77' lang='grc' dir='ltr'>ληφθείσαις</span> <span class='ocrx_word' id='word_1_198' title='bbox 1288 1794 1630 1870; x_wconf 81' lang='grc' dir='ltr'>προτάσεσιν,</span> <span class='ocrx_word' id='word_1_199' title='bbox 1687 1790 1870 1870; x_wconf 73' lang='grc' dir='ltr'>ἕτερον</span> <span class='ocrx_word' id='word_1_200' title='bbox 1923 1792 1981 1847; x_wconf 78' lang='grc' dir='ltr'>ὃν</span> 
     </span>
    </p>
   </div>
   <div class='ocr_carea' id='block_1_31' title="bbox 2113 1790 3739 1873">
    <p class='ocr_par' dir='ltr' id='par_1_31' title="bbox 2113 1795 3739 1873">
     <span class='ocr_line' id='line_1_31' title="bbox 2113 1795 3739 1873; baseline 0.005 -23"><span class='ocrx_word' id='word_1_201' title='bbox 2113 1795 2327 1851; x_wconf 90' lang='lat' dir='ltr'>ionalis</span> <span class='ocrx_word' id='word_1_202' title='bbox 2376 1800 2466 1852; x_wconf 89' lang='lat' dir='ltr'>est</span> <span class='ocrx_word' id='word_1_203' title='bbox 2525 1795 2895 1851; x_wconf 88' lang='lat' dir='ltr'>immortalis.</span> <span class='ocrx_word' id='word_1_204' title='bbox 2972 1801 3099 1853; x_wconf 88' lang='lat' dir='ltr'>Una</span> <span class='ocrx_word' id='word_1_205' title='bbox 3155 1800 3497 1873; x_wconf 88' lang='lat' dir='ltr'>propositio,</span> <span class='ocrx_word' id='word_1_206' title='bbox 3541 1802 3739 1858; x_wconf 87' lang='lat' dir='ltr'>anima</span> 
     </span>
    </p>
   </div>
   <div class='ocr_carea' id='block_1_32' title="bbox 328 1882 671 1962">
    <p class='ocr_par' dir='ltr' id='par_1_32' title="bbox 328 1882 671 1962">
     <span class='ocr_line' id='line_1_32' title="bbox 328 1882 671 1962; baseline 0.003 -22"><span class='ocrx_word' id='word_1_207' title='bbox 328 1886 456 1962; x_wconf 90' lang='grc' dir='ltr'>παρ’</span> <span class='ocrx_word' id='word_1_208' title='bbox 487 1882 671 1946; x_wconf 77' lang='grc' dir='ltr'>αὐτάς.</span> 
     </span>
    </p>
   </div>
   <div class='ocr_carea' id='block_1_33' title="bbox 2094 1883 3732 1962">
    <p class='ocr_par' dir='ltr' id='par_1_33' title="bbox 2094 1883 3732 1962">
     <span class='ocr_line' id='line_1_33' title="bbox 2094 1883 3732 1962; baseline 0.003 -22"><span class='ocrx_word' id='word_1_209' title='bbox 2094 1883 2396 1941; x_wconf 88' lang='lat' dir='ltr'>rationalis</span> <span class='ocrx_word' id='word_1_210' title='bbox 2427 1888 2515 1940; x_wconf 90' lang='lat' dir='ltr'>est</span> <span class='ocrx_word' id='word_1_211' title='bbox 2544 1901 2777 1956; x_wconf 87' lang='lat' dir='ltr'>semper</span> <span class='ocrx_word' id='word_1_212' title='bbox 2805 1885 3058 1942; x_wconf 90' lang='lat' dir='ltr'>mobilis.</span> <span class='ocrx_word' id='word_1_213' title='bbox 3092 1887 3359 1944; x_wconf 88' lang='lat' dir='ltr'>Secunda</span> <span class='ocrx_word' id='word_1_214' title='bbox 3389 1886 3732 1962; x_wconf 88' lang='lat' dir='ltr'>pr0positio,</span> 
     </span>
    </p>
   </div>
   <div class='ocr_carea' id='block_1_34' title="bbox 336 1972 3399 2048">
    <p class='ocr_par' dir='ltr' id='par_1_34' title="bbox 336 1972 3399 2048">
     <span class='ocr_line' id='line_1_34' title="bbox 336 1972 3399 2048; baseline 0.001 -18"><span class='ocrx_word' id='word_1_215' title='bbox 336 1975 494 2047; x_wconf 93' lang='lat' dir='ltr'>quod</span> <span class='ocrx_word' id='word_1_216' title='bbox 526 1979 615 2031; x_wconf 90' lang='lat' dir='ltr'>est</span> <span class='ocrx_word' id='word_1_217' title='bbox 643 1990 875 2048; x_wconf 88' lang='lat' dir='ltr'>semper</span> <span class='ocrx_word' id='word_1_218' title='bbox 903 1973 1139 2041; x_wconf 89' lang='lat' dir='ltr'>mobile,</span> <span class='ocrx_word' id='word_1_219' title='bbox 1173 1977 1263 2029; x_wconf 91' lang='lat' dir='ltr'>est</span> <span class='ocrx_word' id='word_1_220' title='bbox 1290 1973 1641 2029; x_wconf 89' lang='lat' dir='ltr'>immortale.</span> <span class='ocrx_word' id='word_1_221' title='bbox 1672 1972 1975 2031; x_wconf 90' lang='lat' dir='ltr'>Conclusio</span> <span class='ocrx_word' id='word_1_222' title='bbox 2006 1974 2273 2045; x_wconf 89' lang='lat' dir='ltr'>denique,</span> <span class='ocrx_word' id='word_1_223' title='bbox 2325 1973 2523 2029; x_wconf 88' lang='lat' dir='ltr'>anima</span> <span class='ocrx_word' id='word_1_224' title='bbox 2570 1974 2870 2030; x_wconf 86' lang='lat' dir='ltr'>rationalis</span> <span class='ocrx_word' id='word_1_225' title='bbox 2919 1979 3010 2030; x_wconf 88' lang='lat' dir='ltr'>est</span> <span class='ocrx_word' id='word_1_226' title='bbox 3049 1975 3399 2034; x_wconf 88' lang='lat' dir='ltr'>immortalis</span> 
     </span>
    </p>
   </div>
   <div class='ocr_carea' id='block_1_35' title="bbox 3446 1996 3739 2050">
    <p class='ocr_par' dir='ltr' id='par_1_35' title="bbox 3446 1996 3739 2050">
     <span class='ocr_line' id='line_1_35' title="bbox 3446 1996 3739 2050; baseline 0.007 -16"><span class='ocrx_word' id='word_1_227' title='bbox 3446 1996 3458 2034; x_wconf 89' lang='lat'>:</span> <span class='ocrx_word' id='word_1_228' title='bbox 3516 1996 3642 2050; x_wconf 81' lang='lat' dir='ltr'>quae</span> <span class='ocrx_word' id='word_1_229' title='bbox 3671 1997 3739 2036; x_wconf 82' lang='lat' dir='ltr'><strong>ex</strong></span> 
     </span>
    </p>
   </div>
   <div class='ocr_carea' id='block_1_36' title="bbox 336 2062 2850 2136">
    <p class='ocr_par' dir='ltr' id='par_1_36' title="bbox 336 2062 2850 2136">
     <span class='ocr_line' id='line_1_36' title="bbox 336 2062 2850 2136; baseline -0.001 -15"><span class='ocrx_word' id='word_1_230' title='bbox 336 2065 684 2121; x_wconf 86' lang='lat' dir='ltr'>necessitate</span> <span class='ocrx_word' id='word_1_231' title='bbox 713 2065 785 2119; x_wconf 89' lang='lat' dir='ltr'>ad</span> <span class='ocrx_word' id='word_1_232' title='bbox 816 2067 1084 2136; x_wconf 87' lang='lat' dir='ltr'>sumptas</span> <span class='ocrx_word' id='word_1_233' title='bbox 1114 2062 1542 2136; x_wconf 86' lang='lat' dir='ltr'>propositiones</span> <span class='ocrx_word' id='word_1_234' title='bbox 1572 2068 1884 2119; x_wconf 88' lang='lat' dir='ltr'>consecuta</span> <span class='ocrx_word' id='word_1_235' title='bbox 1912 2070 2021 2132; x_wconf 90' lang='lat' dir='ltr'>est,</span> <span class='ocrx_word' id='word_1_236' title='bbox 2052 2081 2185 2120; x_wconf 90' lang='lat' dir='ltr'>cum</span> <span class='ocrx_word' id='word_1_237' title='bbox 2218 2062 2465 2134; x_wconf 9' lang='lat' dir='ltr'>abpipsis</span> <span class='ocrx_word' id='word_1_238' title='bbox 2497 2063 2726 2119; x_wconf 88' lang='lat' dir='ltr'>diversa</span> <span class='ocrx_word' id='word_1_239' title='bbox 2756 2064 2850 2119; x_wconf 88' lang='lat' dir='ltr'>sit.</span> 
     </span>
    </p>
   </div>
   <div class='ocr_carea' id='block_1_37' title="bbox 409 2148 1993 2230">
    <p class='ocr_par' dir='ltr' id='par_1_37' title="bbox 409 2148 1985 2227">
     <span class='ocr_line' id='line_1_37' title="bbox 409 2148 1985 2227; baseline 0.001 -22"><span class='ocrx_word' id='word_1_240' title='bbox 409 2153 469 2221; x_wconf 86' lang='grc' dir='ltr'>ζ’.</span> <span class='ocrx_word' id='word_1_241' title='bbox 505 2152 644 2207; x_wconf 74' lang='grc' dir='ltr'>Ποτὶ</span> <span class='ocrx_word' id='word_1_242' title='bbox 674 2148 731 2206; x_wconf 77' lang='grc' dir='ltr'>δὲ</span> <span class='ocrx_word' id='word_1_243' title='bbox 764 2152 854 2206; x_wconf 83' lang='grc' dir='ltr'>καὶ</span> <span class='ocrx_word' id='word_1_244' title='bbox 884 2150 1013 2206; x_wconf 77' lang='grc' dir='ltr'>αὐτὸ</span> <span class='ocrx_word' id='word_1_245' title='bbox 1047 2150 1108 2205; x_wconf 86' lang='grc' dir='ltr'>τὸ</span> <span class='ocrx_word' id='word_1_246' title='bbox 1155 2148 1517 2227; x_wconf 73' lang='grc' dir='ltr'>συμπέρασμα</span> <span class='ocrx_word' id='word_1_247' title='bbox 1567 2149 1813 2206; x_wconf 84' lang='grc' dir='ltr'>καλεῖται</span> <span class='ocrx_word' id='word_1_248' title='bbox 1858 2151 1985 2207; x_wconf 90' lang='grc' dir='ltr'>συλ-</span> 
     </span>
    </p>
   </div>
   <div class='ocr_carea' id='block_1_38' title="bbox 2113 2148 3739 2230">
    <p class='ocr_par' dir='ltr' id='par_1_38' title="bbox 2157 2152 3739 2230">
     <span class='ocr_line' id='line_1_38' title="bbox 2157 2152 3739 2230; baseline 0.005 -25"><span class='ocrx_word' id='word_1_249' title='bbox 2157 2154 2212 2206; x_wconf 90' lang='lat'>7.</span> <span class='ocrx_word' id='word_1_250' title='bbox 2244 2152 2679 2223; x_wconf 88' lang='lat' dir='ltr'>Nonnunquam</span> <span class='ocrx_word' id='word_1_251' title='bbox 2711 2160 2903 2210; x_wconf 87' lang='lat' dir='ltr'>autem</span> <span class='ocrx_word' id='word_1_252' title='bbox 2934 2154 3110 2210; x_wconf 87' lang='lat' dir='ltr'>etiam</span> <span class='ocrx_word' id='word_1_253' title='bbox 3143 2155 3270 2226; x_wconf 90' lang='lat' dir='ltr'>ipsa</span> <span class='ocrx_word' id='word_1_254' title='bbox 3297 2155 3594 2213; x_wconf 88' lang='lat' dir='ltr'>conclusio</span> <span class='ocrx_word' id='word_1_255' title='bbox 3622 2157 3739 2230; x_wconf 78' lang='lat' dir='ltr'>syl-</span> 
     </span>
    </p>
   </div>
   <div class='ocr_carea' id='block_1_39' title="bbox 336 2236 1983 2316">
    <p class='ocr_par' dir='ltr' id='par_1_39' title="bbox 336 2236 1983 2316">
     <span class='ocr_line' id='line_1_39' title="bbox 336 2236 1983 2316; baseline -0.001 -21"><span class='ocrx_word' id='word_1_256' title='bbox 336 2238 629 2316; x_wconf 86' lang='grc' dir='ltr'>λογισμὸς,</span> <span class='ocrx_word' id='word_1_257' title='bbox 661 2241 735 2303; x_wconf 83' lang='grc' dir='ltr'>ὡς</span> <span class='ocrx_word' id='word_1_258' title='bbox 785 2240 854 2294; x_wconf 79' lang='grc' dir='ltr'>τὰ</span> <span class='ocrx_word' id='word_1_259' title='bbox 909 2237 1170 2295; x_wconf 79' lang='grc' dir='ltr'>διεστῶτα</span> <span class='ocrx_word' id='word_1_260' title='bbox 1196 2239 1246 2295; x_wconf 80' lang='grc' dir='ltr'>ἐν</span> <span class='ocrx_word' id='word_1_261' title='bbox 1287 2244 1404 2302; x_wconf 88' lang='grc' dir='ltr'>τοῖς</span> <span class='ocrx_word' id='word_1_262' title='bbox 1461 2237 1672 2315; x_wconf 89' lang='grc' dir='ltr'>λόγοις,</span> <span class='ocrx_word' id='word_1_263' title='bbox 1704 2236 1876 2294; x_wconf 57' lang='grc' dir='ltr'>εἰίεουν</span> <span class='ocrx_word' id='word_1_264' title='bbox 1932 2238 1983 2293; x_wconf 77' lang='grc' dir='ltr'>ἐν</span> 
     </span>
    </p>
   </div>
   <div class='ocr_carea' id='block_1_40' title="bbox 333 2326 1988 2406">
    <p class='ocr_par' dir='ltr' id='par_1_40' title="bbox 333 2326 1988 2406">
     <span class='ocr_line' id='line_1_40' title="bbox 333 2326 1988 2406; baseline -0.002 -21"><span class='ocrx_word' id='word_1_265' title='bbox 333 2335 455 2392; x_wconf 78' lang='grc' dir='ltr'>ταῖς</span> <span class='ocrx_word' id='word_1_266' title='bbox 512 2328 823 2406; x_wconf 81' lang='grc' dir='ltr'>προτάσεσι,</span> <span class='ocrx_word' id='word_1_267' title='bbox 868 2329 995 2391; x_wconf 83' lang='grc' dir='ltr'>τοὺς</span> <span class='ocrx_word' id='word_1_268' title='bbox 1064 2330 1264 2405; x_wconf 78' lang='grc' dir='ltr'>ἄκρους</span> <span class='ocrx_word' id='word_1_269' title='bbox 1310 2326 1473 2405; x_wconf 81' lang='grc' dir='ltr'>ὅρους</span> <span class='ocrx_word' id='word_1_270' title='bbox 1538 2328 1703 2406; x_wconf 79' lang='grc' dir='ltr'>φημὶ,</span> <span class='ocrx_word' id='word_1_271' title='bbox 1760 2327 1988 2403; x_wconf 84' lang='grc' dir='ltr'>συνάγον</span> 
     </span>
    </p>
   </div>
   <div class='ocr_carea' id='block_1_41' title="bbox 339 2414 1987 2494">
    <p class='ocr_par' dir='ltr' id='par_1_41' title="bbox 339 2414 1987 2494">
     <span class='ocr_line' id='line_1_41' title="bbox 339 2414 1987 2494; baseline -0.002 -21"><span class='ocrx_word' id='word_1_272' title='bbox 339 2419 483 2493; x_wconf 79' lang='grc' dir='ltr'>ὁμοῦ</span> <span class='ocrx_word' id='word_1_273' title='bbox 513 2418 603 2473; x_wconf 81' lang='grc' dir='ltr'>καὶ</span> <span class='ocrx_word' id='word_1_274' title='bbox 633 2418 710 2480; x_wconf 87' lang='grc' dir='ltr'>ὡς</span> <span class='ocrx_word' id='word_1_275' title='bbox 753 2415 1012 2494; x_wconf 79' lang='grc' dir='ltr'>σολλέγνν</span> <span class='ocrx_word' id='word_1_276' title='bbox 1070 2419 1170 2486; x_wconf 76' lang='grc' dir='ltr'>τὴν</span> <span class='ocrx_word' id='word_1_277' title='bbox 1224 2416 1276 2472; x_wconf 84' lang='grc' dir='ltr'>ἐν</span> <span class='ocrx_word' id='word_1_278' title='bbox 1325 2422 1455 2472; x_wconf 82' lang='grc' dir='ltr'>πᾶσι</span> <span class='ocrx_word' id='word_1_279' title='bbox 1500 2421 1617 2479; x_wconf 84' lang='grc' dir='ltr'>τοῖς</span> <span class='ocrx_word' id='word_1_280' title='bbox 1674 2415 1823 2492; x_wconf 77' lang='grc' dir='ltr'>ὅροις</span> <span class='ocrx_word' id='word_1_281' title='bbox 1880 2414 1987 2471; x_wconf 82' lang='grc' dir='ltr'>διε-</span> 
     </span>
    </p>
   </div>
   <div class='ocr_carea' id='block_1_42' title="bbox 342 2504 982 2583">
    <p class='ocr_par' dir='ltr' id='par_1_42' title="bbox 342 2504 982 2583">
     <span class='ocr_line' id='line_1_42' title="bbox 342 2504 982 2583; baseline -0.002 -21"><span class='ocrx_word' id='word_1_282' title='bbox 342 2527 482 2583; x_wconf 85' lang='grc' dir='ltr'>σπαρ</span> <span class='ocrx_word' id='word_1_283' title='bbox 491 2508 656 2581; x_wconf 74' lang='grc' dir='ltr'>μένην</span> <span class='ocrx_word' id='word_1_284' title='bbox 690 2504 982 2578; x_wconf 77' lang='grc' dir='ltr'>ἀπόδειξιν.</span> 
     </span>
    </p>
   </div>
   <div class='ocr_carea' id='block_1_43' title="bbox 414 2609 1994 2689">
    <p class='ocr_par' dir='ltr' id='par_1_43' title="bbox 414 2609 1994 2689">
     <span class='ocr_line' id='line_1_43' title="bbox 414 2609 1994 2689; baseline -0.003 -19"><span class='ocrx_word' id='word_1_285' title='bbox 414 2615 489 2685; x_wconf 80' lang='grc' dir='ltr'>η’.</span> <span class='ocrx_word' id='word_1_286' title='bbox 538 2615 596 2668; x_wconf 89' lang='grc' dir='ltr'><strong>Ὃ</strong></span> <span class='ocrx_word' id='word_1_287' title='bbox 659 2613 841 2669; x_wconf 88' lang='grc' dir='ltr'>τοίνυν</span> <span class='ocrx_word' id='word_1_288' title='bbox 902 2612 1101 2689; x_wconf 81' lang='grc' dir='ltr'>κυρίως</span> <span class='ocrx_word' id='word_1_289' title='bbox 1176 2610 1549 2689; x_wconf 75' lang='grc' dir='ltr'>συλλογισμὸς</span> <span class='ocrx_word' id='word_1_290' title='bbox 1598 2613 1626 2667; x_wconf 88' lang='grc' dir='ltr'>ὁ</span> <span class='ocrx_word' id='word_1_291' title='bbox 1675 2609 1882 2674; x_wconf 77' lang='grc' dir='ltr'>ἁπλοῦς</span> <span class='ocrx_word' id='word_1_292' title='bbox 1934 2611 1994 2666; x_wconf 79' lang='grc' dir='ltr'>ἐκ</span> 
     </span>
    </p>
   </div>
   <div class='ocr_carea' id='block_1_44' title="bbox 343 2700 1988 2781">
    <p class='ocr_par' dir='ltr' id='par_1_44' title="bbox 343 2700 1988 2781">
     <span class='ocr_line' id='line_1_44' title="bbox 343 2700 1988 2781; baseline -0.001 -23"><span class='ocrx_word' id='word_1_293' title='bbox 343 2703 660 2781; x_wconf 82' lang='grc' dir='ltr'>προτάσεων</span> <span class='ocrx_word' id='word_1_294' title='bbox 730 2703 1034 2759; x_wconf 85' lang='grc' dir='ltr'>συνίσταται</span> <span class='ocrx_word' id='word_1_295' title='bbox 1075 2700 1191 2775; x_wconf 81' lang='grc' dir='ltr'>δύο,</span> <span class='ocrx_word' id='word_1_296' title='bbox 1222 2702 1312 2758; x_wconf 84' lang='grc' dir='ltr'>καὶ</span> <span class='ocrx_word' id='word_1_297' title='bbox 1368 2707 1466 2758; x_wconf 80' lang='grc' dir='ltr'>τοῦ</span> <span class='ocrx_word' id='word_1_298' title='bbox 1514 2703 1988 2776; x_wconf 84' lang='grc' dir='ltr'>συμπεράσματος.</span> 
     </span>
    </p>
   </div>
   <div class='ocr_carea' id='block_1_45' title="bbox 348 2789 1994 2868">
    <p class='ocr_par' dir='ltr' id='par_1_45' title="bbox 348 2789 1994 2868">
     <span class='ocr_line' id='line_1_45' title="bbox 348 2789 1994 2868; baseline -0.004 -18"><span class='ocrx_word' id='word_1_299' title='bbox 348 2793 419 2851; x_wconf 75' lang='lat' dir='ltr'>Ol.</span> <span class='ocrx_word' id='word_1_300' title='bbox 451 2789 508 2847; x_wconf 78' lang='grc' dir='ltr'>δὲ</span> <span class='ocrx_word' id='word_1_301' title='bbox 538 2791 779 2847; x_wconf 78' lang='grc' dir='ltr'>σύνθετοι</span> <span class='ocrx_word' id='word_1_302' title='bbox 827 2791 1195 2868; x_wconf 83' lang='grc' dir='ltr'>συλλογισμοὶ</span> <span class='ocrx_word' id='word_1_303' title='bbox 1244 2791 1304 2847; x_wconf 82' lang='grc' dir='ltr'>ἐκ</span> <span class='ocrx_word' id='word_1_304' title='bbox 1358 2790 1625 2847; x_wconf 89' lang='grc' dir='ltr'>πλειόνων</span> <span class='ocrx_word' id='word_1_305' title='bbox 1683 2792 1994 2868; x_wconf 82' lang='grc' dir='ltr'>προτάσεων</span> 
     </span>
    </p>
   </div>
   <div class='ocr_carea' id='block_1_46' title="bbox 348 2878 1997 2959">
    <p class='ocr_par' dir='ltr' id='par_1_46' title="bbox 348 2878 1997 2959">
     <span class='ocr_line' id='line_1_46' title="bbox 348 2878 1997 2959; baseline -0.001 -23"><span class='ocrx_word' id='word_1_306' title='bbox 348 2880 673 2959; x_wconf 87' lang='grc' dir='ltr'>σύγκεινται.</span> <span class='ocrx_word' id='word_1_307' title='bbox 733 2882 962 2937; x_wconf 86' lang='grc' dir='ltr'>Δυνατὸν</span> <span class='ocrx_word' id='word_1_308' title='bbox 1017 2881 1121 2958; x_wconf 76' lang='grc' dir='ltr'>γὰρ</span> <span class='ocrx_word' id='word_1_309' title='bbox 1174 2878 1234 2936; x_wconf 80' lang='grc' dir='ltr'>ἐκ</span> <span class='ocrx_word' id='word_1_310' title='bbox 1285 2885 1390 2936; x_wconf 79' lang='grc' dir='ltr'>τῶν</span> <span class='ocrx_word' id='word_1_311' title='bbox 1439 2879 1744 2958; x_wconf 69' lang='grc' dir='ltr'>εἰρημένων</span> <span class='ocrx_word' id='word_1_312' title='bbox 1800 2878 1997 2936; x_wconf 90' lang='grc' dir='ltr'>συλλο-</span> 
     </span>
    </p>
   </div>
   <div class='ocr_carea' id='block_1_47' title="bbox 348 2967 1993 3046">
    <p class='ocr_par' dir='ltr' id='par_1_47' title="bbox 348 2967 1993 3046">
     <span class='ocr_line' id='line_1_47' title="bbox 348 2967 1993 3046; baseline -0.001 -22"><span class='ocrx_word' id='word_1_313' title='bbox 348 2974 586 3046; x_wconf 79' lang='grc' dir='ltr'>γισμῶν,</span> <span class='ocrx_word' id='word_1_314' title='bbox 642 2967 732 3025; x_wconf 70' lang='grc' dir='ltr'>’ἐνα</span> <span class='ocrx_word' id='word_1_315' title='bbox 816 2970 1096 3033; x_wconf 68' lang='grc' dir='ltr'>συνθέντας</span> <span class='ocrx_word' id='word_1_316' title='bbox 1183 2970 1370 3026; x_wconf 79' lang='grc' dir='ltr'>εἰπεῖν.</span> <span class='ocrx_word' id='word_1_317' title='bbox 1427 2971 1491 3024; x_wconf 87' lang='grc' dir='ltr'><strong>Ἥ</strong></span> <span class='ocrx_word' id='word_1_318' title='bbox 1565 2968 1764 3045; x_wconf 83' lang='grc' dir='ltr'>λογική</span> <span class='ocrx_word' id='word_1_319' title='bbox 1840 2971 1993 3045; x_wconf 82' lang='grc' dir='ltr'>ψυχὴ</span> 
     </span>
    </p>
   </div>
   <div class='ocr_carea' id='block_1_48' title="bbox 348 3058 1998 3131">
    <p class='ocr_par' dir='ltr' id='par_1_48' title="bbox 348 3058 1998 3131">
     <span class='ocr_line' id='line_1_48' title="bbox 348 3058 1998 3131; baseline -0.001 -17"><span class='ocrx_word' id='word_1_320' title='bbox 348 3058 730 3130; x_wconf 82' lang='grc' dir='ltr'>αὐτοκίνητος’</span> <span class='ocrx_word' id='word_1_321' title='bbox 787 3060 850 3114; x_wconf 87' lang='grc' dir='ltr'>τὸ</span> <span class='ocrx_word' id='word_1_322' title='bbox 918 3058 1270 3131; x_wconf 84' lang='grc' dir='ltr'>αὐτοκίνητον</span> <span class='ocrx_word' id='word_1_323' title='bbox 1338 3058 1662 3130; x_wconf 84' lang='grc' dir='ltr'>ἀεικίνητον·</span> <span class='ocrx_word' id='word_1_324' title='bbox 1719 3059 1783 3114; x_wconf 90' lang='grc' dir='ltr'>τὸ</span> <span class='ocrx_word' id='word_1_325' title='bbox 1835 3058 1998 3114; x_wconf 88' lang='grc' dir='ltr'>ἀεικί-</span> 
     </span>
    </p>
   </div>
   <div class='ocr_carea' id='block_1_49' title="bbox 344 3148 1744 3225">
    <p class='ocr_par' dir='ltr' id='par_1_49' title="bbox 344 3148 1744 3225">
     <span class='ocr_line' id='line_1_49' title="bbox 344 3148 1744 3225; baseline 0.001 -21"><span class='ocrx_word' id='word_1_326' title='bbox 344 3170 507 3220; x_wconf 89' lang='grc' dir='ltr'>νητον</span> <span class='ocrx_word' id='word_1_327' title='bbox 537 3148 818 3205; x_wconf 74' lang='grc' dir='ltr'>ἀθάνατονο</span> <span class='ocrx_word' id='word_1_328' title='bbox 850 3151 887 3219; x_wconf 78' lang='grc' dir='ltr'>ἡ</span> <span class='ocrx_word' id='word_1_329' title='bbox 920 3148 1121 3225; x_wconf 78' lang='grc' dir='ltr'>λογικὴ</span> <span class='ocrx_word' id='word_1_330' title='bbox 1152 3149 1306 3224; x_wconf 78' lang='grc' dir='ltr'>ψυχὴ</span> <span class='ocrx_word' id='word_1_331' title='bbox 1334 3149 1436 3224; x_wconf 83' lang='grc' dir='ltr'>ἄρα</span> <span class='ocrx_word' id='word_1_332' title='bbox 1462 3148 1744 3211; x_wconf 81' lang='grc' dir='ltr'>ἀθάνατος.</span> 
     </span>
    </p>
   </div>
   <div class='ocr_carea' id='block_1_50' title="bbox 423 3414 1996 3492">
    <p class='ocr_par' dir='ltr' id='par_1_50' title="bbox 423 3414 1996 3492">
     <span class='ocr_line' id='line_1_50' title="bbox 423 3414 1996 3492; baseline -0.002 -21"><span class='ocrx_word' id='word_1_333' title='bbox 423 3418 483 3473; x_wconf 86' lang='grc' dir='ltr'>θ’.</span> <span class='ocrx_word' id='word_1_334' title='bbox 516 3420 668 3471; x_wconf 79' lang='grc' dir='ltr'>Πᾶσα</span> <span class='ocrx_word' id='word_1_335' title='bbox 723 3414 781 3471; x_wconf 75' lang='grc' dir='ltr'>δὲ</span> <span class='ocrx_word' id='word_1_336' title='bbox 834 3415 1093 3492; x_wconf 82' lang='grc' dir='ltr'>πρότασις</span> <span class='ocrx_word' id='word_1_337' title='bbox 1142 3414 1194 3487; x_wconf 80' lang='grc' dir='ltr'>ἐξ</span> <span class='ocrx_word' id='word_1_338' title='bbox 1253 3416 1610 3490; x_wconf 70' lang='grc' dir='ltr'>ὑποκειμένου</span> <span class='ocrx_word' id='word_1_339' title='bbox 1683 3415 1772 3470; x_wconf 88' lang='grc' dir='ltr'>καὶ</span> <span class='ocrx_word' id='word_1_340' title='bbox 1828 3435 1996 3485; x_wconf 89' lang='grc' dir='ltr'>κατη-</span> 
     </span>
    </p>
   </div>
   <div class='ocr_carea' id='block_1_51' title="bbox 2097 2241 3740 2316">
    <p class='ocr_par' dir='ltr' id='par_1_51' title="bbox 2097 2241 3740 2316">
     <span class='ocr_line' id='line_1_51' title="bbox 2097 2241 3740 2316; baseline 0.005 -21"><span class='ocrx_word' id='word_1_341' title='bbox 2097 2241 2383 2313; x_wconf 88' lang='lat' dir='ltr'>logismus</span> <span class='ocrx_word' id='word_1_342' title='bbox 2432 2242 2580 2296; x_wconf 75' lang='lat'>317</span> <span class='ocrx_word' id='word_1_343' title='bbox 2616 2246 2874 2309; x_wconf 88' lang='lat' dir='ltr'>vocatur,</span> <span class='ocrx_word' id='word_1_344' title='bbox 2920 2248 2984 2297; x_wconf 92' lang='lat' dir='ltr'>ut</span> <span class='ocrx_word' id='word_1_345' title='bbox 3040 2261 3166 2316; x_wconf 65' lang='lat' dir='ltr'>qum</span> <span class='ocrx_word' id='word_1_346' title='bbox 3217 2244 3495 2301; x_wconf 85' lang='lat' dir='ltr'>distantia</span> <span class='ocrx_word' id='word_1_347' title='bbox 3524 2247 3585 2301; x_wconf 92' lang='lat' dir='ltr'>in</span> <span class='ocrx_word' id='word_1_348' title='bbox 3615 2264 3740 2303; x_wconf 89' lang='lat' dir='ltr'>ora-</span> 
     </span>
    </p>
   </div>
   <div class='ocr_carea' id='block_1_52' title="bbox 2100 2328 3742 2405">
    <p class='ocr_par' dir='ltr' id='par_1_52' title="bbox 2100 2328 3742 2405">
     <span class='ocr_line' id='line_1_52' title="bbox 2100 2328 3742 2405; baseline 0.003 -20"><span class='ocrx_word' id='word_1_349' title='bbox 2100 2331 2359 2385; x_wconf 89' lang='lat' dir='ltr'>tionibus</span> <span class='ocrx_word' id='word_1_350' title='bbox 2391 2328 2510 2384; x_wconf 90' lang='lat' dir='ltr'>sive</span> <span class='ocrx_word' id='word_1_351' title='bbox 2539 2330 2599 2384; x_wconf 92' lang='lat' dir='ltr'>in</span> <span class='ocrx_word' id='word_1_352' title='bbox 2632 2330 3128 2402; x_wconf 88' lang='lat' dir='ltr'>propositionibus</span> <span class='ocrx_word' id='word_1_353' title='bbox 3158 2338 3468 2400; x_wconf 85' lang='lat' dir='ltr'>extremos,</span> <span class='ocrx_word' id='word_1_354' title='bbox 3499 2334 3742 2405; x_wconf 85' lang='lat' dir='ltr'>inquam</span> 
     </span>
    </p>
   </div>
   <div class='ocr_carea' id='block_1_53' title="bbox 2097 2418 3743 2493">
    <p class='ocr_par' dir='ltr' id='par_1_53' title="bbox 2097 2418 3743 2493">
     <span class='ocr_line' id='line_1_53' title="bbox 2097 2418 3743 2493; baseline 0.004 -20"><span class='ocrx_word' id='word_1_355' title='bbox 2097 2418 2402 2485; x_wconf 88' lang='lat' dir='ltr'>terminos,</span> <span class='ocrx_word' id='word_1_356' title='bbox 2431 2419 2492 2474; x_wconf 91' lang='lat' dir='ltr'>in</span> <span class='ocrx_word' id='word_1_357' title='bbox 2514 2436 2700 2474; x_wconf 90' lang='lat' dir='ltr'>unum</span> <span class='ocrx_word' id='word_1_358' title='bbox 2732 2425 2920 2493; x_wconf 86' lang='lat' dir='ltr'>cogat,</span> <span class='ocrx_word' id='word_1_359' title='bbox 2953 2425 3010 2476; x_wconf 93' lang='lat' dir='ltr'>et</span> <span class='ocrx_word' id='word_1_360' title='bbox 3031 2421 3356 2493; x_wconf 86' lang='lat' dir='ltr'>dispersam</span> <span class='ocrx_word' id='word_1_361' title='bbox 3385 2422 3445 2476; x_wconf 90' lang='lat' dir='ltr'>in</span> <span class='ocrx_word' id='word_1_362' title='bbox 3468 2424 3743 2480; x_wconf 89' lang='lat' dir='ltr'>omnibus</span> 
     </span>
    </p>
   </div>
   <div class='ocr_carea' id='block_1_54' title="bbox 2099 2507 3462 2583">
    <p class='ocr_par' dir='ltr' id='par_1_54' title="bbox 2099 2507 3462 2583">
     <span class='ocr_line' id='line_1_54' title="bbox 2099 2507 3462 2583; baseline 0.003 -21"><span class='ocrx_word' id='word_1_363' title='bbox 2099 2507 2365 2563; x_wconf 88' lang='lat' dir='ltr'>terminis</span> <span class='ocrx_word' id='word_1_364' title='bbox 2412 2508 2970 2565; x_wconf 88' lang='lat' dir='ltr'>demonstrationem</span> <span class='ocrx_word' id='word_1_365' title='bbox 3000 2510 3172 2580; x_wconf 90' lang='lat' dir='ltr'>quasi</span> <span class='ocrx_word' id='word_1_366' title='bbox 3202 2509 3462 2583; x_wconf 86' lang='lat' dir='ltr'>colligat.</span> 
     </span>
    </p>
   </div>
   <div class='ocr_carea' id='block_1_55' title="bbox 2170 2614 3747 2690">
    <p class='ocr_par' dir='ltr' id='par_1_55' title="bbox 2170 2614 3747 2690">
     <span class='ocr_line' id='line_1_55' title="bbox 2170 2614 3747 2690; baseline 0.004 -21"><span class='ocrx_word' id='word_1_367' title='bbox 2170 2616 2225 2669; x_wconf 95' lang='lat'>8.</span> <span class='ocrx_word' id='word_1_368' title='bbox 2255 2614 2363 2678; x_wconf 89' lang='lat' dir='ltr'>Qui</span> <span class='ocrx_word' id='word_1_369' title='bbox 2391 2615 2570 2687; x_wconf 89' lang='lat' dir='ltr'>igitur</span> <span class='ocrx_word' id='word_1_370' title='bbox 2600 2614 2831 2687; x_wconf 91' lang='lat' dir='ltr'>proprie</span> <span class='ocrx_word' id='word_1_371' title='bbox 2850 2619 2940 2671; x_wconf 90' lang='lat' dir='ltr'>est</span> <span class='ocrx_word' id='word_1_372' title='bbox 2969 2615 3747 2690; x_wconf 82' lang='lat' dir='ltr'>syllogismus,nempe,sim-</span> 
     </span>
    </p>
   </div>
   <div class='ocr_carea' id='block_1_56' title="bbox 2102 2703 3745 2775">
    <p class='ocr_par' dir='ltr' id='par_1_56' title="bbox 2102 2703 3745 2775">
     <span class='ocr_line' id='line_1_56' title="bbox 2102 2703 3745 2775; baseline 0.004 -17"><span class='ocrx_word' id='word_1_373' title='bbox 2102 2703 2251 2774; x_wconf 83' lang='lat' dir='ltr'>plex,</span> <span class='ocrx_word' id='word_1_374' title='bbox 2310 2718 2380 2758; x_wconf 81' lang='lat' dir='ltr'>ex</span> <span class='ocrx_word' id='word_1_375' title='bbox 2417 2704 2646 2759; x_wconf 89' lang='lat' dir='ltr'>duabus</span> <span class='ocrx_word' id='word_1_376' title='bbox 2704 2703 3197 2775; x_wconf 89' lang='lat' dir='ltr'>propositionibus</span> <span class='ocrx_word' id='word_1_377' title='bbox 3255 2710 3312 2762; x_wconf 90' lang='lat' dir='ltr'>et</span> <span class='ocrx_word' id='word_1_378' title='bbox 3369 2705 3745 2765; x_wconf 89' lang='lat' dir='ltr'>conclusione</span> 
     </span>
    </p>
   </div>
   <div class='ocr_carea' id='block_1_57' title="bbox 2104 2792 3745 2869">
    <p class='ocr_par' dir='ltr' id='par_1_57' title="bbox 2104 2792 3745 2869">
     <span class='ocr_line' id='line_1_57' title="bbox 2104 2792 3745 2869; baseline 0.002 -21"><span class='ocrx_word' id='word_1_379' title='bbox 2104 2792 2500 2848; x_wconf 89' lang='lat' dir='ltr'>constituitur.</span> <span class='ocrx_word' id='word_1_380' title='bbox 2524 2792 2632 2856; x_wconf 89' lang='lat' dir='ltr'>Qui</span> <span class='ocrx_word' id='word_1_381' title='bbox 2663 2798 2859 2847; x_wconf 92' lang='lat' dir='ltr'>autem</span> <span class='ocrx_word' id='word_1_382' title='bbox 2891 2794 3196 2865; x_wconf 90' lang='lat' dir='ltr'>compositi</span> <span class='ocrx_word' id='word_1_383' title='bbox 3229 2804 3370 2851; x_wconf 89' lang='lat' dir='ltr'>sunt</span> <span class='ocrx_word' id='word_1_384' title='bbox 3399 2795 3745 2869; x_wconf 80' lang='lat' dir='ltr'>syllogismi,</span> 
     </span>
    </p>
   </div>
   <div class='ocr_carea' id='block_1_58' title="bbox 2103 2879 3748 2952">
    <p class='ocr_par' dir='ltr' id='par_1_58' title="bbox 2103 2879 3748 2952">
     <span class='ocr_line' id='line_1_58' title="bbox 2103 2879 3748 2952; baseline 0.004 -17"><span class='ocrx_word' id='word_1_385' title='bbox 2103 2897 2173 2935; x_wconf 85' lang='lat' dir='ltr'><strong>ex</strong></span> <span class='ocrx_word' id='word_1_386' title='bbox 2202 2879 2469 2952; x_wconf 90' lang='lat' dir='ltr'>pluribus</span> <span class='ocrx_word' id='word_1_387' title='bbox 2526 2880 3020 2952; x_wconf 83' lang='lat' dir='ltr'>propositionibus</span> <span class='ocrx_word' id='word_1_388' title='bbox 3080 2887 3376 2939; x_wconf 86' lang='lat' dir='ltr'>constant.</span> <span class='ocrx_word' id='word_1_389' title='bbox 3423 2885 3748 2941; x_wconf 88' lang='lat' dir='ltr'>Possumus</span> 
     </span>
    </p>
   </div>
   <div class='ocr_carea' id='block_1_59' title="bbox 2105 2969 3747 3042">
    <p class='ocr_par' dir='ltr' id='par_1_59' title="bbox 2105 2969 3747 3042">
     <span class='ocr_line' id='line_1_59' title="bbox 2105 2969 3747 3042; baseline 0.004 -18"><span class='ocrx_word' id='word_1_390' title='bbox 2105 2970 2262 3025; x_wconf 90' lang='lat' dir='ltr'>enim</span> <span class='ocrx_word' id='word_1_391' title='bbox 2291 2986 2360 3025; x_wconf 84' lang='lat' dir='ltr'><strong>ex</strong></span> <span class='ocrx_word' id='word_1_392' title='bbox 2389 2969 2562 3025; x_wconf 89' lang='lat' dir='ltr'>dictis</span> <span class='ocrx_word' id='word_1_393' title='bbox 2594 2969 2950 3042; x_wconf 85' lang='lat' dir='ltr'>syllogismis</span> <span class='ocrx_word' id='word_1_394' title='bbox 2979 2988 3095 3026; x_wconf 91' lang='lat' dir='ltr'>uno</span> <span class='ocrx_word' id='word_1_395' title='bbox 3113 2972 3372 3028; x_wconf 86' lang='lat' dir='ltr'>confecto</span> <span class='ocrx_word' id='word_1_396' title='bbox 3403 2972 3747 3042; x_wconf 88' lang='lat' dir='ltr'>dicere,ani-</span> 
     </span>
    </p>
   </div>
   <div class='ocr_carea' id='block_1_60' title="bbox 2108 3057 3746 3131">
    <p class='ocr_par' dir='ltr' id='par_1_60' title="bbox 2108 3057 3746 3131">
     <span class='ocr_line' id='line_1_60' title="bbox 2108 3057 3746 3131; baseline 0.004 -18"><span class='ocrx_word' id='word_1_397' title='bbox 2108 3075 2205 3113; x_wconf 92' lang='lat' dir='ltr'>ma</span> <span class='ocrx_word' id='word_1_398' title='bbox 2233 3057 2535 3113; x_wconf 84' lang='lat' dir='ltr'>rationalis</span> <span class='ocrx_word' id='word_1_399' title='bbox 2583 3063 2673 3113; x_wconf 82' lang='lat' dir='ltr'>est</span> <span class='ocrx_word' id='word_1_400' title='bbox 2698 3075 2732 3113; x_wconf 90' lang='lat' dir='ltr'>a</span> <span class='ocrx_word' id='word_1_401' title='bbox 2760 3075 2821 3114; x_wconf 89' lang='lat' dir='ltr'>se</span> <span class='ocrx_word' id='word_1_402' title='bbox 2852 3059 3084 3115; x_wconf 90' lang='lat' dir='ltr'>mobilis</span> <span class='ocrx_word' id='word_1_403' title='bbox 3116 3077 3129 3115; x_wconf 88' lang='lat'><strong>:</strong></span> <span class='ocrx_word' id='word_1_404' title='bbox 3162 3062 3316 3131; x_wconf 89' lang='lat' dir='ltr'>quod</span> <span class='ocrx_word' id='word_1_405' title='bbox 3347 3078 3382 3117; x_wconf 87' lang='lat' dir='ltr'>a</span> <span class='ocrx_word' id='word_1_406' title='bbox 3413 3078 3476 3117; x_wconf 90' lang='lat' dir='ltr'>se</span> <span class='ocrx_word' id='word_1_407' title='bbox 3504 3068 3593 3118; x_wconf 92' lang='lat' dir='ltr'>est</span> <span class='ocrx_word' id='word_1_408' title='bbox 3622 3080 3746 3119; x_wconf 93' lang='lat' dir='ltr'>mo-</span> 
     </span>
    </p>
   </div>
   <div class='ocr_carea' id='block_1_61' title="bbox 2104 3146 3748 3222">
    <p class='ocr_par' dir='ltr' id='par_1_61' title="bbox 2104 3146 3748 3222">
     <span class='ocr_line' id='line_1_61' title="bbox 2104 3146 3748 3222; baseline 0.004 -20"><span class='ocrx_word' id='word_1_409' title='bbox 2104 3146 2240 3214; x_wconf 91' lang='lat' dir='ltr'>bile,</span> <span class='ocrx_word' id='word_1_410' title='bbox 2273 3150 2361 3202; x_wconf 89' lang='lat' dir='ltr'>est</span> <span class='ocrx_word' id='word_1_411' title='bbox 2391 3163 2622 3218; x_wconf 90' lang='lat' dir='ltr'>semper</span> <span class='ocrx_word' id='word_1_412' title='bbox 2667 3146 2881 3203; x_wconf 89' lang='lat' dir='ltr'>mobile</span> <span class='ocrx_word' id='word_1_413' title='bbox 2912 3164 2925 3202; x_wconf 88' lang='lat'><strong>:</strong></span> <span class='ocrx_word' id='word_1_414' title='bbox 2959 3149 3115 3220; x_wconf 88' lang='lat' dir='ltr'>quod</span> <span class='ocrx_word' id='word_1_415' title='bbox 3152 3154 3242 3205; x_wconf 90' lang='lat' dir='ltr'>est</span> <span class='ocrx_word' id='word_1_416' title='bbox 3271 3166 3503 3222; x_wconf 87' lang='lat' dir='ltr'>semper</span> <span class='ocrx_word' id='word_1_417' title='bbox 3533 3152 3748 3209; x_wconf 90' lang='lat' dir='ltr'>mobile</span> 
     </span>
    </p>
   </div>
   <div class='ocr_carea' id='block_1_62' title="bbox 2105 3235 3745 3308">
    <p class='ocr_par' dir='ltr' id='par_1_62' title="bbox 2105 3235 3745 3308">
     <span class='ocr_line' id='line_1_62' title="bbox 2105 3235 3745 3308; baseline 0.003 -16"><span class='ocrx_word' id='word_1_418' title='bbox 2105 3241 2196 3292; x_wconf 90' lang='lat' dir='ltr'>est</span> <span class='ocrx_word' id='word_1_419' title='bbox 2222 3235 2572 3292; x_wconf 89' lang='lat' dir='ltr'>immortale.</span> <span class='ocrx_word' id='word_1_420' title='bbox 2603 3235 2752 3308; x_wconf 89' lang='lat' dir='ltr'>Ergo</span> <span class='ocrx_word' id='word_1_421' title='bbox 2783 3237 2981 3292; x_wconf 87' lang='lat' dir='ltr'>anima</span> <span class='ocrx_word' id='word_1_422' title='bbox 3033 3237 3333 3294; x_wconf 88' lang='lat' dir='ltr'>rationalis</span> <span class='ocrx_word' id='word_1_423' title='bbox 3383 3244 3472 3296; x_wconf 90' lang='lat' dir='ltr'>est</span> <span class='ocrx_word' id='word_1_424' title='bbox 3499 3239 3745 3297; x_wconf 89' lang='lat' dir='ltr'>immor-</span> 
     </span>
    </p>
   </div>
   <div class='ocr_carea' id='block_1_63' title="bbox 2108 3324 2262 3381">
    <p class='ocr_par' dir='ltr' id='par_1_63' title="bbox 2108 3324 2262 3381">
     <span class='ocr_line' id='line_1_63' title="bbox 2108 3324 2262 3381; baseline -0.013 0"><span class='ocrx_word' id='word_1_425' title='bbox 2108 3324 2262 3381; x_wconf 89' lang='lat' dir='ltr'>talis.</span> 
     </span>
    </p>
   </div>
   <div class='ocr_carea' id='block_1_64' title="bbox 2176 3414 3751 3489">
    <p class='ocr_par' dir='ltr' id='par_1_64' title="bbox 2176 3414 3751 3489">
     <span class='ocr_line' id='line_1_64' title="bbox 2176 3414 3751 3489; baseline 0.006 -22"><span class='ocrx_word' id='word_1_426' title='bbox 2176 3414 2231 3470; x_wconf 81' lang='grc'>9.</span> <span class='ocrx_word' id='word_1_427' title='bbox 2285 3417 2564 3469; x_wconf 69' lang='lat' dir='ltr'>Caeterum</span> <span class='ocrx_word' id='word_1_428' title='bbox 2614 3415 2807 3470; x_wconf 91' lang='lat' dir='ltr'>omnis</span> <span class='ocrx_word' id='word_1_429' title='bbox 2871 3415 3188 3487; x_wconf 90' lang='lat' dir='ltr'>propositio</span> <span class='ocrx_word' id='word_1_430' title='bbox 3250 3434 3320 3473; x_wconf 82' lang='lat' dir='ltr'><strong>ex</strong></span> <span class='ocrx_word' id='word_1_431' title='bbox 3366 3418 3626 3489; x_wconf 88' lang='lat' dir='ltr'>subjecto</span> <span class='ocrx_word' id='word_1_432' title='bbox 3691 3424 3751 3476; x_wconf 87' lang='lat' dir='ltr'>et</span> 
     </span>
    </p>
   </div>
   <div class='ocr_carea' id='block_1_65' title="bbox 350 3502 1993 3595">
    <p class='ocr_par' dir='ltr' id='par_1_65' title="bbox 350 3502 1993 3582">
     <span class='ocr_line' id='line_1_65' title="bbox 350 3502 1993 3582; baseline -0.001 -23"><span class='ocrx_word' id='word_1_433' title='bbox 350 3505 689 3582; x_wconf 76' lang='grc' dir='ltr'>γορουμένου</span> <span class='ocrx_word' id='word_1_434' title='bbox 745 3504 1069 3559; x_wconf 75' lang='grc' dir='ltr'>συνίσταταιο</span> <span class='ocrx_word' id='word_1_435' title='bbox 1129 3505 1181 3559; x_wconf 80' lang='grc' dir='ltr'>οἳ</span> <span class='ocrx_word' id='word_1_436' title='bbox 1243 3504 1398 3579; x_wconf 85' lang='grc' dir='ltr'>μόνοι</span> <span class='ocrx_word' id='word_1_437' title='bbox 1474 3506 1563 3560; x_wconf 83' lang='grc' dir='ltr'>καὶ</span> <span class='ocrx_word' id='word_1_438' title='bbox 1621 3503 1741 3581; x_wconf 78' lang='grc' dir='ltr'>ὅροι</span> <span class='ocrx_word' id='word_1_439' title='bbox 1796 3502 1993 3577; x_wconf 86' lang='grc' dir='ltr'>κυρίως</span> 
     </span>
    </p>
   </div>
   <div class='ocr_carea' id='block_1_66' title="bbox 2113 3502 3749 3595">
    <p class='ocr_par' dir='ltr' id='par_1_66' title="bbox 2113 3503 3749 3579">
     <span class='ocr_line' id='line_1_66' title="bbox 2113 3503 3749 3579; baseline 0.004 -22"><span class='ocrx_word' id='word_1_440' title='bbox 2113 3503 2420 3575; x_wconf 70' lang='lat' dir='ltr'>praedicata</span> <span class='ocrx_word' id='word_1_441' title='bbox 2450 3504 2849 3573; x_wconf 88' lang='lat' dir='ltr'>constituitur,</span> <span class='ocrx_word' id='word_1_442' title='bbox 2882 3504 2980 3574; x_wconf 90' lang='lat' dir='ltr'>qui</span> <span class='ocrx_word' id='word_1_443' title='bbox 3010 3505 3186 3561; x_wconf 88' lang='lat' dir='ltr'>etiam</span> <span class='ocrx_word' id='word_1_444' title='bbox 3218 3506 3329 3562; x_wconf 90' lang='lat' dir='ltr'>soli</span> <span class='ocrx_word' id='word_1_445' title='bbox 3356 3508 3585 3579; x_wconf 88' lang='lat' dir='ltr'>proprie</span> <span class='ocrx_word' id='word_1_446' title='bbox 3632 3512 3749 3564; x_wconf 89' lang='lat' dir='ltr'>ter-</span> 
     </span>
    </p>
   </div>
   <div class='ocr_carea' id='block_1_67' title="bbox 353 3588 2002 3670">
    <p class='ocr_par' dir='ltr' id='par_1_67' title="bbox 353 3588 2002 3670">
     <span class='ocr_line' id='line_1_67' title="bbox 353 3588 2002 3670; baseline -0.003 -20"><span class='ocrx_word' id='word_1_447' title='bbox 353 3592 511 3653; x_wconf 83' lang='grc' dir='ltr'>εἷσίν.</span> <span class='ocrx_word' id='word_1_448' title='bbox 541 3592 637 3656; x_wconf 81' lang='grc' dir='ltr'>Εἰς</span> <span class='ocrx_word' id='word_1_449' title='bbox 693 3592 888 3656; x_wconf 83' lang='grc' dir='ltr'>αὐτοὺς</span> <span class='ocrx_word' id='word_1_450' title='bbox 943 3595 1045 3670; x_wconf 80' lang='grc' dir='ltr'>γὰρ</span> <span class='ocrx_word' id='word_1_451' title='bbox 1094 3592 1385 3649; x_wconf 87' lang='grc' dir='ltr'>άναλύεααι</span> <span class='ocrx_word' id='word_1_452' title='bbox 1413 3596 1450 3663; x_wconf 77' lang='grc' dir='ltr'><strong>ἡ</strong></span> <span class='ocrx_word' id='word_1_453' title='bbox 1499 3593 1777 3670; x_wconf 81' lang='grc' dir='ltr'>πρότασις,</span> <span class='ocrx_word' id='word_1_454' title='bbox 1819 3593 1895 3655; x_wconf 87' lang='grc' dir='ltr'>ὡς</span> <span class='ocrx_word' id='word_1_455' title='bbox 1926 3588 2002 3653; x_wconf 67' lang='grc' dir='ltr'>εἵς</span> 
     </span>
    </p>
   </div>
   <div class='ocr_carea' id='block_1_68' title="bbox 356 3681 1339 3759">
    <p class='ocr_par' dir='ltr' id='par_1_68' title="bbox 356 3681 1339 3759">
     <span class='ocr_line' id='line_1_68' title="bbox 356 3681 1339 3759; baseline 0.001 -21"><span class='ocrx_word' id='word_1_456' title='bbox 356 3703 479 3739; x_wconf 88' lang='grc' dir='ltr'>τινα</span> <span class='ocrx_word' id='word_1_457' title='bbox 502 3687 751 3759; x_wconf 87' lang='grc' dir='ltr'>στοιχεῖα</span> <span class='ocrx_word' id='word_1_458' title='bbox 775 3682 865 3737; x_wconf 84' lang='grc' dir='ltr'>καὶ</span> <span class='ocrx_word' id='word_1_459' title='bbox 894 3683 1114 3757; x_wconf 83' lang='grc' dir='ltr'>πρώτας</span> <span class='ocrx_word' id='word_1_460' title='bbox 1146 3681 1339 3758; x_wconf 84' lang='grc' dir='ltr'>ἀρχάς.</span> 
     </span>
    </p>
   </div>
   <div class='ocr_carea' id='block_1_69' title="bbox 435 3766 2007 3848">
    <p class='ocr_par' dir='ltr' id='par_1_69' title="bbox 435 3766 2007 3848">
     <span class='ocr_line' id='line_1_69' title="bbox 435 3766 2007 3848; baseline -0.003 -22"><span class='ocrx_word' id='word_1_461' title='bbox 435 3773 487 3829; x_wconf 88' lang='grc' dir='ltr'>ι’.</span> <span class='ocrx_word' id='word_1_462' title='bbox 518 3771 618 3827; x_wconf 83' lang='grc' dir='ltr'>Καὶ</span> <span class='ocrx_word' id='word_1_463' title='bbox 674 3771 703 3825; x_wconf 82' lang='grc' dir='ltr'>ὁ</span> <span class='ocrx_word' id='word_1_464' title='bbox 764 3772 857 3845; x_wconf 71' lang='grc' dir='ltr'>μὲν</span> <span class='ocrx_word' id='word_1_465' title='bbox 917 3770 1389 3847; x_wconf 81' lang='grc' dir='ltr'>κατηγορούμενος</span> <span class='ocrx_word' id='word_1_466' title='bbox 1445 3772 1480 3840; x_wconf 72' lang='grc' dir='ltr'><strong>ἢ</strong></span> <span class='ocrx_word' id='word_1_467' title='bbox 1545 3770 1739 3845; x_wconf 85' lang='grc' dir='ltr'>μείζων</span> <span class='ocrx_word' id='word_1_468' title='bbox 1800 3766 2007 3848; x_wconf 76' lang='grc' dir='ltr'>ὀφείλει</span> 
     </span>
    </p>
   </div>
   <div class='ocr_carea' id='block_1_70' title="bbox 362 3856 2004 3934">
    <p class='ocr_par' dir='ltr' id='par_1_70' title="bbox 362 3856 2004 3934">
     <span class='ocr_line' id='line_1_70' title="bbox 362 3856 2004 3934; baseline -0.002 -18"><span class='ocrx_word' id='word_1_469' title='bbox 362 3861 499 3916; x_wconf 76' lang='grc' dir='ltr'>εἶναι</span> <span class='ocrx_word' id='word_1_470' title='bbox 528 3864 626 3916; x_wconf 78' lang='grc' dir='ltr'>τοῦ</span> <span class='ocrx_word' id='word_1_471' title='bbox 657 3860 1036 3934; x_wconf 73' lang='grc' dir='ltr'>ὑποκειμένου,</span> <span class='ocrx_word' id='word_1_472' title='bbox 1066 3860 1102 3929; x_wconf 74' lang='grc' dir='ltr'><strong>ἢ</strong></span> <span class='ocrx_word' id='word_1_473' title='bbox 1134 3857 1267 3922; x_wconf 68' lang='grc' dir='ltr'>ἴσος·</span> <span class='ocrx_word' id='word_1_474' title='bbox 1318 3857 1552 3915; x_wconf 78' lang='grc' dir='ltr'>ἐλάττων</span> <span class='ocrx_word' id='word_1_475' title='bbox 1615 3856 1673 3914; x_wconf 79' lang='grc' dir='ltr'>δὲ</span> <span class='ocrx_word' id='word_1_476' title='bbox 1728 3856 2004 3932; x_wconf 79' lang='grc' dir='ltr'>οὐδαμῶς·</span> 
     </span>
    </p>
   </div>
   <div class='ocr_carea' id='block_1_71' title="bbox 360 3944 2010 4025">
    <p class='ocr_par' dir='ltr' id='par_1_71' title="bbox 360 3944 2010 4025">
     <span class='ocr_line' id='line_1_71' title="bbox 360 3944 2010 4025; baseline -0.002 -21"><span class='ocrx_word' id='word_1_477' title='bbox 360 3950 391 4004; x_wconf 85' lang='grc' dir='ltr'>ὁ</span> <span class='ocrx_word' id='word_1_478' title='bbox 424 3947 482 4004; x_wconf 71' lang='grc' dir='ltr'>δὲ</span> <span class='ocrx_word' id='word_1_479' title='bbox 549 3970 611 4025; x_wconf 91' lang='grc' dir='ltr'>γε</span> <span class='ocrx_word' id='word_1_480' title='bbox 679 3949 1032 4022; x_wconf 78' lang='grc' dir='ltr'>ὑποκείμενος</span> <span class='ocrx_word' id='word_1_481' title='bbox 1080 3948 1115 4017; x_wconf 73' lang='grc' dir='ltr'><strong>ἢ</strong></span> <span class='ocrx_word' id='word_1_482' title='bbox 1172 3948 1470 4018; x_wconf 76' lang='grc' dir='ltr'>ἐλάττωνῆ</span> <span class='ocrx_word' id='word_1_483' title='bbox 1504 3946 1637 4011; x_wconf 70' lang='grc' dir='ltr'>ἴσος·</span> <span class='ocrx_word' id='word_1_484' title='bbox 1698 3947 1894 4021; x_wconf 83' lang='grc' dir='ltr'>μείζων</span> <span class='ocrx_word' id='word_1_485' title='bbox 1951 3944 2010 4001; x_wconf 76' lang='grc' dir='ltr'>δὲ</span> 
     </span>
    </p>
   </div>
   <div class='ocr_carea' id='block_1_72' title="bbox 366 4035 645 4112">
    <p class='ocr_par' dir='ltr' id='par_1_72' title="bbox 366 4035 645 4112">
     <span class='ocr_line' id='line_1_72' title="bbox 366 4035 645 4112; baseline 0 -20"><span class='ocrx_word' id='word_1_486' title='bbox 366 4035 645 4112; x_wconf 80' lang='grc' dir='ltr'>οὐδαμῶς,</span> 
     </span>
    </p>
   </div>
   <div class='ocr_carea' id='block_1_73' title="bbox 444 4124 2008 4205">
    <p class='ocr_par' dir='ltr' id='par_1_73' title="bbox 444 4124 2008 4205">
     <span class='ocr_line' id='line_1_73' title="bbox 444 4124 2008 4205; baseline -0.001 -24"><span class='ocrx_word' id='word_1_487' title='bbox 444 4129 527 4205; x_wconf 81' lang='grc' dir='ltr'>ια’.</span> <span class='ocrx_word' id='word_1_488' title='bbox 558 4129 718 4182; x_wconf 86' lang='grc' dir='ltr'>Ὅταν</span> <span class='ocrx_word' id='word_1_489' title='bbox 771 4128 865 4200; x_wconf 71' lang='grc' dir='ltr'>μὲν</span> <span class='ocrx_word' id='word_1_490' title='bbox 912 4127 1003 4182; x_wconf 79' lang='grc' dir='ltr'>οὗν</span> <span class='ocrx_word' id='word_1_491' title='bbox 1059 4124 1120 4181; x_wconf 79' lang='grc' dir='ltr'>ἐκ</span> <span class='ocrx_word' id='word_1_492' title='bbox 1171 4130 1267 4181; x_wconf 76' lang='grc' dir='ltr'>τοῦ</span> <span class='ocrx_word' id='word_1_493' title='bbox 1325 4125 1678 4199; x_wconf 70' lang='grc' dir='ltr'>ὑποκειμένου</span> <span class='ocrx_word' id='word_1_494' title='bbox 1726 4126 1861 4202; x_wconf 83' lang='grc' dir='ltr'>πρὸς</span> <span class='ocrx_word' id='word_1_495' title='bbox 1918 4125 2008 4179; x_wconf 90' lang='grc' dir='ltr'>τὸν</span> 
     </span>
    </p>
   </div>
   <div class='ocr_carea' id='block_1_74' title="bbox 366 4212 2014 4291">
    <p class='ocr_par' dir='ltr' id='par_1_74' title="bbox 366 4212 2014 4291">
     <span class='ocr_line' id='line_1_74' title="bbox 366 4212 2014 4291; baseline -0.002 -20"><span class='ocrx_word' id='word_1_496' title='bbox 366 4214 838 4291; x_wconf 85' lang='grc' dir='ltr'>κατηγορούμενον</span> <span class='ocrx_word' id='word_1_497' title='bbox 886 4214 1194 4291; x_wconf 76' lang='grc' dir='ltr'>ἐρχώμεθα,</span> <span class='ocrx_word' id='word_1_498' title='bbox 1228 4212 1443 4289; x_wconf 73' lang='grc' dir='ltr'>λέγεται</span> <span class='ocrx_word' id='word_1_499' title='bbox 1497 4214 1547 4270; x_wconf 83' lang='grc' dir='ltr'>ἐν</span> <span class='ocrx_word' id='word_1_500' title='bbox 1594 4212 1730 4288; x_wconf 76' lang='grc' dir='ltr'>ὅλῳ,</span> <span class='ocrx_word' id='word_1_501' title='bbox 1763 4214 1836 4276; x_wconf 85' lang='grc' dir='ltr'>ὡς</span> <span class='ocrx_word' id='word_1_502' title='bbox 1891 4212 2014 4268; x_wconf 82' lang='grc' dir='ltr'>ὅταν</span> 
     </span>
    </p>
   </div>
   <div class='ocr_carea' id='block_1_75' title="bbox 371 4300 2011 4380">
    <p class='ocr_par' dir='ltr' id='par_1_75' title="bbox 371 4300 2011 4380">
     <span class='ocr_line' id='line_1_75' title="bbox 371 4300 2011 4380; baseline -0.002 -21"><span class='ocrx_word' id='word_1_503' title='bbox 371 4301 631 4378; x_wconf 63' lang='grc' dir='ltr'>εἴπωμενθ</span> <span class='ocrx_word' id='word_1_504' title='bbox 688 4306 751 4360; x_wconf 89' lang='grc' dir='ltr'><strong><em>Ἣ</em></strong></span> <span class='ocrx_word' id='word_1_505' title='bbox 820 4303 1019 4380; x_wconf 82' lang='grc' dir='ltr'>λογικὴ</span> <span class='ocrx_word' id='word_1_506' title='bbox 1097 4304 1250 4379; x_wconf 82' lang='grc' dir='ltr'>ψυχὴ</span> <span class='ocrx_word' id='word_1_507' title='bbox 1325 4302 1696 4375; x_wconf 82' lang='grc' dir='ltr'>αὐτοκίνητος·</span> <span class='ocrx_word' id='word_1_508' title='bbox 1755 4300 1926 4378; x_wconf 73' lang='grc' dir='ltr'>ἤγουν</span> <span class='ocrx_word' id='word_1_509' title='bbox 1975 4304 2011 4372; x_wconf 78' lang='grc' dir='ltr'><strong>ἡ</strong></span> 
     </span>
    </p>
   </div>
   <div class='ocr_carea' id='block_1_76' title="bbox 370 4389 2015 4471">
    <p class='ocr_par' dir='ltr' id='par_1_76' title="bbox 370 4389 2015 4471">
     <span class='ocr_line' id='line_1_76' title="bbox 370 4389 2015 4471; baseline -0.002 -22"><span class='ocrx_word' id='word_1_510' title='bbox 370 4392 569 4471; x_wconf 83' lang='grc' dir='ltr'>λογικὴ</span> <span class='ocrx_word' id='word_1_511' title='bbox 601 4395 755 4469; x_wconf 79' lang='grc' dir='ltr'>ψυχή</span> <span class='ocrx_word' id='word_1_512' title='bbox 787 4393 839 4448; x_wconf 80' lang='grc' dir='ltr'>ἐν</span> <span class='ocrx_word' id='word_1_513' title='bbox 870 4394 1030 4448; x_wconf 82' lang='grc' dir='ltr'>παντὶ</span> <span class='ocrx_word' id='word_1_514' title='bbox 1065 4397 1146 4465; x_wconf 82' lang='grc' dir='ltr'>τῷ</span> <span class='ocrx_word' id='word_1_515' title='bbox 1195 4393 1553 4466; x_wconf 77' lang='grc' dir='ltr'>αὐτοκινήτῳ,</span> <span class='ocrx_word' id='word_1_516' title='bbox 1586 4389 1623 4462; x_wconf 75' lang='grc' dir='ltr'>ἤ</span> <span class='ocrx_word' id='word_1_517' title='bbox 1654 4391 1705 4447; x_wconf 80' lang='grc' dir='ltr'>ἐν</span> <span class='ocrx_word' id='word_1_518' title='bbox 1763 4390 1881 4465; x_wconf 78' lang='grc' dir='ltr'>ὅλῳ</span> <span class='ocrx_word' id='word_1_519' title='bbox 1936 4395 2015 4464; x_wconf 79' lang='grc' dir='ltr'>τῷ</span> 
     </span>
    </p>
   </div>
   <div class='ocr_carea' id='block_1_77' title="bbox 372 4480 2013 4559">
    <p class='ocr_par' dir='ltr' id='par_1_77' title="bbox 372 4480 2013 4559">
     <span class='ocr_line' id='line_1_77' title="bbox 372 4480 2013 4559; baseline 0.007 -21"><span class='ocrx_word' id='word_1_520' title='bbox 372 4483 736 4556; x_wconf 75' lang='grc' dir='ltr'>αὐτοκινήτῳ.</span> <span class='ocrx_word' id='word_1_521' title='bbox 771 4483 859 4537; x_wconf 89' lang='grc' dir='ltr'>Ἐν</span> <span class='ocrx_word' id='word_1_522' title='bbox 886 4480 1003 4555; x_wconf 75' lang='grc' dir='ltr'>ὅλῳ</span> <span class='ocrx_word' id='word_1_523' title='bbox 1045 4482 1146 4559; x_wconf 81' lang='grc' dir='ltr'>γὰρ</span> <span class='ocrx_word' id='word_1_524' title='bbox 1177 4481 1518 4555; x_wconf 82' lang='grc' dir='ltr'>αὐτοκινήτῳ</span> <span class='ocrx_word' id='word_1_525' title='bbox 1545 4484 1581 4552; x_wconf 80' lang='grc' dir='ltr'><strong>ἡ</strong></span> <span class='ocrx_word' id='word_1_526' title='bbox 1614 4481 1809 4558; x_wconf 78' lang='grc' dir='ltr'>λογικὴ</span> <span class='ocrx_word' id='word_1_527' title='bbox 1861 4483 2013 4558; x_wconf 78' lang='grc' dir='ltr'>ψυχὴ</span> 
     </span>
    </p>
   </div>
   <div class='ocr_carea' id='block_1_78' title="bbox 372 4568 2014 4648">
    <p class='ocr_par' dir='ltr' id='par_1_78' title="bbox 372 4568 2014 4648">
     <span class='ocr_line' id='line_1_78' title="bbox 372 4568 2014 4648; baseline -0.001 -21"><span class='ocrx_word' id='word_1_528' title='bbox 372 4572 449 4634; x_wconf 83' lang='grc' dir='ltr'>ὡς</span> <span class='ocrx_word' id='word_1_529' title='bbox 513 4572 674 4648; x_wconf 67' lang='grc' dir='ltr'>μέρος</span> <span class='ocrx_word' id='word_1_530' title='bbox 733 4571 862 4630; x_wconf 80' lang='grc' dir='ltr'>ἐστί.</span> <span class='ocrx_word' id='word_1_531' title='bbox 913 4572 1112 4627; x_wconf 84' lang='grc' dir='ltr'>Ταυτὸν</span> <span class='ocrx_word' id='word_1_532' title='bbox 1172 4568 1230 4626; x_wconf 80' lang='grc' dir='ltr'><strong>δέ</strong></span> <span class='ocrx_word' id='word_1_533' title='bbox 1286 4570 1423 4626; x_wconf 80' lang='grc' dir='ltr'>ἐστιν</span> <span class='ocrx_word' id='word_1_534' title='bbox 1481 4571 1671 4644; x_wconf 70' lang='grc' dir='ltr'>εἰπεῖν,</span> <span class='ocrx_word' id='word_1_535' title='bbox 1703 4573 1766 4625; x_wconf 87' lang='grc' dir='ltr'><strong><em>Ἣ</em></strong></span> <span class='ocrx_word' id='word_1_536' title='bbox 1818 4569 2014 4647; x_wconf 85' lang='grc' dir='ltr'>λογική</span> 
     </span>
    </p>
   </div>
   <div class='ocr_carea' id='block_1_79' title="bbox 370 4659 2015 4738">
    <p class='ocr_par' dir='ltr' id='par_1_79' title="bbox 370 4659 2015 4738">
     <span class='ocr_line' id='line_1_79' title="bbox 370 4659 2015 4738; baseline -0.001 -22"><span class='ocrx_word' id='word_1_537' title='bbox 370 4662 528 4738; x_wconf 77' lang='grc' dir='ltr'>ψυχὴ</span> <span class='ocrx_word' id='word_1_538' title='bbox 578 4660 630 4716; x_wconf 82' lang='grc' dir='ltr'>ἐν</span> <span class='ocrx_word' id='word_1_539' title='bbox 674 4659 792 4734; x_wconf 78' lang='grc' dir='ltr'>ὅλῳ</span> <span class='ocrx_word' id='word_1_540' title='bbox 842 4665 922 4734; x_wconf 80' lang='grc' dir='ltr'>τῷ</span> <span class='ocrx_word' id='word_1_541' title='bbox 975 4660 1330 4734; x_wconf 75' lang='grc' dir='ltr'>αὐτοκινήτῳ·</span> <span class='ocrx_word' id='word_1_542' title='bbox 1381 4661 1469 4715; x_wconf 90' lang='grc' dir='ltr'>καὶ</span> <span class='ocrx_word' id='word_1_543' title='bbox 1516 4664 1553 4731; x_wconf 84' lang='grc' dir='ltr'><strong>ἡ</strong></span> <span class='ocrx_word' id='word_1_544' title='bbox 1604 4660 1802 4736; x_wconf 83' lang='grc' dir='ltr'>λογική</span> <span class='ocrx_word' id='word_1_545' title='bbox 1862 4662 2015 4736; x_wconf 77' lang='grc' dir='ltr'>ψυχὴ</span> 
     </span>
    </p>
   </div>
   <div class='ocr_carea' id='block_1_80' title="bbox 374 4748 753 4819">
    <p class='ocr_par' dir='ltr' id='par_1_80' title="bbox 374 4748 753 4819">
     <span class='ocr_line' id='line_1_80' title="bbox 374 4748 753 4819; baseline 0.005 -13"><span class='ocrx_word' id='word_1_546' title='bbox 374 4748 753 4819; x_wconf 81' lang='grc' dir='ltr'>αύτοκίνητος.</span> 
     </span>
    </p>
   </div>
   <div class='ocr_carea' id='block_1_81' title="bbox 2114 3590 3749 3667">
    <p class='ocr_par' dir='ltr' id='par_1_81' title="bbox 2114 3590 3749 3667">
     <span class='ocr_line' id='line_1_81' title="bbox 2114 3590 3749 3667; baseline 0.004 -19"><span class='ocrx_word' id='word_1_547' title='bbox 2114 3592 2255 3648; x_wconf 89' lang='lat' dir='ltr'>mini</span> <span class='ocrx_word' id='word_1_548' title='bbox 2286 3597 2444 3648; x_wconf 86' lang='lat' dir='ltr'>sunt.</span> <span class='ocrx_word' id='word_1_549' title='bbox 2478 3593 2540 3647; x_wconf 91' lang='lat' dir='ltr'>In</span> <span class='ocrx_word' id='word_1_550' title='bbox 2565 3592 2725 3664; x_wconf 81' lang='lat' dir='ltr'>ipsos</span> <span class='ocrx_word' id='word_1_551' title='bbox 2756 3593 2933 3661; x_wconf 90' lang='lat' dir='ltr'>enim,</span> <span class='ocrx_word' id='word_1_552' title='bbox 2983 3599 3048 3649; x_wconf 92' lang='lat' dir='ltr'>ut</span> <span class='ocrx_word' id='word_1_553' title='bbox 3077 3594 3138 3650; x_wconf 91' lang='lat' dir='ltr'>in</span> <span class='ocrx_word' id='word_1_554' title='bbox 3166 3590 3455 3652; x_wconf 85' lang='lat' dir='ltr'>elementa</span> <span class='ocrx_word' id='word_1_555' title='bbox 3483 3597 3749 3667; x_wconf 62' lang='lat' dir='ltr'>quadam</span> 
     </span>
    </p>
   </div>
   <div class='ocr_carea' id='block_1_82' title="bbox 2113 3679 3081 3753">
    <p class='ocr_par' dir='ltr' id='par_1_82' title="bbox 2113 3679 3081 3753">
     <span class='ocr_line' id='line_1_82' title="bbox 2113 3679 3081 3753; baseline 0 -17"><span class='ocrx_word' id='word_1_556' title='bbox 2113 3685 2171 3736; x_wconf 88' lang='lat' dir='ltr'>et</span> <span class='ocrx_word' id='word_1_557' title='bbox 2199 3682 2386 3751; x_wconf 89' lang='lat' dir='ltr'>prima</span> <span class='ocrx_word' id='word_1_558' title='bbox 2416 3679 2721 3753; x_wconf 88' lang='lat' dir='ltr'>principia,</span> <span class='ocrx_word' id='word_1_559' title='bbox 2755 3681 3081 3738; x_wconf 88' lang='lat' dir='ltr'>resolvitur.</span> 
     </span>
    </p>
   </div>
   <div class='ocr_carea' id='block_1_83' title="bbox 2187 3769 3756 3847">
    <p class='ocr_par' dir='ltr' id='par_1_83' title="bbox 2187 3769 3756 3847">
     <span class='ocr_line' id='line_1_83' title="bbox 2187 3769 3756 3847; baseline 0.005 -23"><span class='ocrx_word' id='word_1_560' title='bbox 2187 3770 2271 3824; x_wconf 91' lang='grc'>10.</span> <span class='ocrx_word' id='word_1_561' title='bbox 2304 3771 2368 3824; x_wconf 80' lang='lat' dir='ltr'>Et</span> <span class='ocrx_word' id='word_1_562' title='bbox 2400 3769 2743 3842; x_wconf 68' lang='lat' dir='ltr'>praedicatus</span> <span class='ocrx_word' id='word_1_563' title='bbox 2772 3771 3006 3841; x_wconf 90' lang='lat' dir='ltr'>quidem</span> <span class='ocrx_word' id='word_1_564' title='bbox 3039 3772 3375 3846; x_wconf 90' lang='lat' dir='ltr'>(terminus)</span> <span class='ocrx_word' id='word_1_565' title='bbox 3407 3778 3509 3830; x_wconf 88' lang='lat' dir='ltr'>aut</span> <span class='ocrx_word' id='word_1_566' title='bbox 3565 3776 3756 3847; x_wconf 89' lang='lat' dir='ltr'>major</span> 
     </span>
    </p>
   </div>
   <div class='ocr_carea' id='block_1_84' title="bbox 2115 3858 3755 3935">
    <p class='ocr_par' dir='ltr' id='par_1_84' title="bbox 2115 3858 3755 3935">
     <span class='ocr_line' id='line_1_84' title="bbox 2115 3858 3755 3935; baseline 0.005 -22"><span class='ocrx_word' id='word_1_567' title='bbox 2115 3874 2243 3913; x_wconf 89' lang='lat' dir='ltr'>esse</span> <span class='ocrx_word' id='word_1_568' title='bbox 2268 3858 2438 3914; x_wconf 90' lang='lat' dir='ltr'>debet</span> <span class='ocrx_word' id='word_1_569' title='bbox 2464 3859 2854 3931; x_wconf 88' lang='lat' dir='ltr'>subjecto,aut</span> <span class='ocrx_word' id='word_1_570' title='bbox 2880 3859 3140 3932; x_wconf 71' lang='lat' dir='ltr'>aequalis,</span> <span class='ocrx_word' id='word_1_571' title='bbox 3162 3878 3534 3935; x_wconf 81' lang='lat' dir='ltr'>nequaquam</span> <span class='ocrx_word' id='word_1_572' title='bbox 3559 3870 3755 3920; x_wconf 89' lang='lat' dir='ltr'>autem</span> 
     </span>
    </p>
   </div>
   <div class='ocr_carea' id='block_1_85' title="bbox 2116 3948 3753 4025">
    <p class='ocr_par' dir='ltr' id='par_1_85' title="bbox 2116 3948 3753 4025">
     <span class='ocr_line' id='line_1_85' title="bbox 2116 3948 3753 4025; baseline 0.005 -24"><span class='ocrx_word' id='word_1_573' title='bbox 2116 3948 2327 4002; x_wconf 91' lang='lat' dir='ltr'>minor.</span> <span class='ocrx_word' id='word_1_574' title='bbox 2361 3951 2434 4003; x_wconf 89' lang='lat' dir='ltr'>At</span> <span class='ocrx_word' id='word_1_575' title='bbox 2460 3964 2596 4004; x_wconf 89' lang='lat' dir='ltr'>vero</span> <span class='ocrx_word' id='word_1_576' title='bbox 2627 3949 2951 4020; x_wconf 89' lang='lat' dir='ltr'>subjectus,</span> <span class='ocrx_word' id='word_1_577' title='bbox 2982 3954 3084 4005; x_wconf 90' lang='lat' dir='ltr'>aut</span> <span class='ocrx_word' id='word_1_578' title='bbox 3114 3951 3324 4023; x_wconf 90' lang='lat' dir='ltr'>minor,</span> <span class='ocrx_word' id='word_1_579' title='bbox 3359 3957 3461 4008; x_wconf 89' lang='lat' dir='ltr'>aut</span> <span class='ocrx_word' id='word_1_580' title='bbox 3491 3953 3753 4025; x_wconf 67' lang='lat' dir='ltr'>aequalis,</span> 
     </span>
    </p>
   </div>
   <div class='ocr_carea' id='block_1_86' title="bbox 2120 4038 2958 4109">
    <p class='ocr_par' dir='ltr' id='par_1_86' title="bbox 2120 4038 2958 4109">
     <span class='ocr_line' id='line_1_86' title="bbox 2120 4038 2958 4109; baseline 0.004 -19"><span class='ocrx_word' id='word_1_581' title='bbox 2120 4052 2492 4108; x_wconf 88' lang='lat' dir='ltr'>nequaquam</span> <span class='ocrx_word' id='word_1_582' title='bbox 2524 4040 2720 4093; x_wconf 87' lang='lat' dir='ltr'>autem</span> <span class='ocrx_word' id='word_1_583' title='bbox 2750 4038 2958 4109; x_wconf 90' lang='lat' dir='ltr'>major.</span> 
     </span>
    </p>
   </div>
   <div class='ocr_carea' id='block_1_87' title="bbox 2193 4125 3755 4200">
    <p class='ocr_par' dir='ltr' id='par_1_87' title="bbox 2193 4125 3755 4200">
     <span class='ocr_line' id='line_1_87' title="bbox 2193 4125 3755 4200; baseline 0.005 -21"><span class='ocrx_word' id='word_1_584' title='bbox 2193 4126 2279 4180; x_wconf 96' lang='grc'>11.</span> <span class='ocrx_word' id='word_1_585' title='bbox 2311 4125 2455 4181; x_wconf 90' lang='lat' dir='ltr'>Cum</span> <span class='ocrx_word' id='word_1_586' title='bbox 2484 4126 2663 4198; x_wconf 90' lang='lat' dir='ltr'>igitur</span> <span class='ocrx_word' id='word_1_587' title='bbox 2689 4142 2759 4181; x_wconf 82' lang='lat' dir='ltr'>ex</span> <span class='ocrx_word' id='word_1_588' title='bbox 2788 4128 3049 4199; x_wconf 88' lang='lat' dir='ltr'>subjecto</span> <span class='ocrx_word' id='word_1_589' title='bbox 3080 4129 3152 4183; x_wconf 90' lang='lat' dir='ltr'>ad</span> <span class='ocrx_word' id='word_1_590' title='bbox 3175 4130 3551 4200; x_wconf 73' lang='lat' dir='ltr'>praedicatum</span> <span class='ocrx_word' id='word_1_591' title='bbox 3594 4131 3755 4187; x_wconf 89' lang='lat' dir='ltr'>veni-</span> 
     </span>
    </p>
   </div>
   <div class='ocr_carea' id='block_1_88' title="bbox 2123 4213 3763 4282">
    <p class='ocr_par' dir='ltr' id='par_1_88' title="bbox 2123 4213 3763 4282">
     <span class='ocr_line' id='line_1_88' title="bbox 2123 4213 3763 4282; baseline 0.004 -13"><span class='ocrx_word' id='word_1_592' title='bbox 2123 4231 2276 4279; x_wconf 90' lang='lat' dir='ltr'>mus,</span> <span class='ocrx_word' id='word_1_593' title='bbox 2308 4213 2368 4268; x_wconf 93' lang='lat' dir='ltr'>in</span> <span class='ocrx_word' id='word_1_594' title='bbox 2400 4219 2518 4271; x_wconf 91' lang='lat' dir='ltr'>toto</span> <span class='ocrx_word' id='word_1_595' title='bbox 2548 4215 2780 4282; x_wconf 89' lang='lat' dir='ltr'>dicitur,</span> <span class='ocrx_word' id='word_1_596' title='bbox 2809 4220 2877 4271; x_wconf 87' lang='lat' dir='ltr'>ut</span> <span class='ocrx_word' id='word_1_597' title='bbox 2901 4232 3033 4271; x_wconf 91' lang='lat' dir='ltr'>cum</span> <span class='ocrx_word' id='word_1_598' title='bbox 3066 4217 3403 4274; x_wconf 84' lang='lat' dir='ltr'>dixerimus.</span> <span class='ocrx_word' id='word_1_599' title='bbox 3437 4221 3651 4277; x_wconf 85' lang='lat' dir='ltr'>Anima</span> <span class='ocrx_word' id='word_1_600' title='bbox 3676 4237 3763 4275; x_wconf 91' lang='lat' dir='ltr'>ra-</span> 
     </span>
    </p>
   </div>
   <div class='ocr_carea' id='block_1_89' title="bbox 2120 4301 3760 4392">
    <p class='ocr_par' dir='ltr' id='par_1_89' title="bbox 2120 4301 3760 4392">
     <span class='ocr_line' id='line_1_89' title="bbox 2120 4301 3760 4392; baseline 0.003 -34"><span class='ocrx_word' id='word_1_601' title='bbox 2120 4301 2357 4359; x_wconf 88' lang='lat' dir='ltr'>tionalis</span> <span class='ocrx_word' id='word_1_602' title='bbox 2386 4307 2474 4359; x_wconf 88' lang='lat' dir='ltr'>est</span> <span class='ocrx_word' id='word_1_603' title='bbox 2503 4320 2538 4358; x_wconf 86' lang='lat' dir='ltr'>a</span> <span class='ocrx_word' id='word_1_604' title='bbox 2566 4319 2628 4359; x_wconf 91' lang='lat' dir='ltr'>se</span> <span class='ocrx_word' id='word_1_605' title='bbox 2661 4303 2914 4375; x_wconf 90' lang='lat' dir='ltr'>mobilis,</span> <span class='ocrx_word' id='word_1_606' title='bbox 2960 4304 3069 4360; x_wconf 90' lang='lat' dir='ltr'>hoc</span> <span class='ocrx_word' id='word_1_607' title='bbox 3098 4310 3208 4374; x_wconf 87' lang='lat' dir='ltr'>est,</span> <span class='ocrx_word' id='word_1_608' title='bbox 3239 4306 3760 4392; x_wconf 27' lang='lat' dir='ltr'>anima‘rationalis</span> 
     </span>
    </p>
   </div>
   <div class='ocr_carea' id='block_1_90' title="bbox 2124 4391 3764 4465">
    <p class='ocr_par' dir='ltr' id='par_1_90' title="bbox 2124 4391 3764 4465">
     <span class='ocr_line' id='line_1_90' title="bbox 2124 4391 3764 4465; baseline 0.003 -18"><span class='ocrx_word' id='word_1_609' title='bbox 2124 4395 2214 4447; x_wconf 87' lang='lat' dir='ltr'>est</span> <span class='ocrx_word' id='word_1_610' title='bbox 2269 4391 2422 4447; x_wconf 71' lang='lat'>318</span> <span class='ocrx_word' id='word_1_611' title='bbox 2475 4391 2536 4448; x_wconf 89' lang='lat' dir='ltr'>in</span> <span class='ocrx_word' id='word_1_612' title='bbox 2589 4392 2748 4447; x_wconf 91' lang='lat' dir='ltr'>omni</span> <span class='ocrx_word' id='word_1_613' title='bbox 2809 4408 2874 4449; x_wconf 91' lang='lat' dir='ltr'>eo</span> <span class='ocrx_word' id='word_1_614' title='bbox 2934 4394 3090 4465; x_wconf 83' lang='lat' dir='ltr'>quod</span> <span class='ocrx_word' id='word_1_615' title='bbox 3122 4398 3210 4450; x_wconf 87' lang='lat' dir='ltr'>est</span> <span class='ocrx_word' id='word_1_616' title='bbox 3238 4411 3272 4450; x_wconf 85' lang='lat' dir='ltr'>a</span> <span class='ocrx_word' id='word_1_617' title='bbox 3301 4412 3362 4451; x_wconf 89' lang='lat' dir='ltr'>se</span> <span class='ocrx_word' id='word_1_618' title='bbox 3393 4391 3629 4465; x_wconf 89' lang='lat' dir='ltr'>mobile,</span> <span class='ocrx_word' id='word_1_619' title='bbox 3660 4400 3764 4452; x_wconf 87' lang='lat' dir='ltr'>aut</span> 
     </span>
    </p>
   </div>
   <div class='ocr_carea' id='block_1_91' title="bbox 2126 4480 3759 4554">
    <p class='ocr_par' dir='ltr' id='par_1_91' title="bbox 2126 4480 3759 4554">
     <span class='ocr_line' id='line_1_91' title="bbox 2126 4480 3759 4554; baseline 0.004 -19"><span class='ocrx_word' id='word_1_620' title='bbox 2126 4480 2325 4535; x_wconf 89' lang='lat' dir='ltr'>anima</span> <span class='ocrx_word' id='word_1_621' title='bbox 2352 4480 2654 4536; x_wconf 87' lang='lat' dir='ltr'>rationalis</span> <span class='ocrx_word' id='word_1_622' title='bbox 2684 4486 2773 4537; x_wconf 89' lang='lat' dir='ltr'>est</span> <span class='ocrx_word' id='word_1_623' title='bbox 2800 4482 2859 4536; x_wconf 90' lang='lat' dir='ltr'>in</span> <span class='ocrx_word' id='word_1_624' title='bbox 2892 4486 3035 4549; x_wconf 88' lang='lat' dir='ltr'>toto,</span> <span class='ocrx_word' id='word_1_625' title='bbox 3069 4484 3226 4554; x_wconf 91' lang='lat' dir='ltr'>quod</span> <span class='ocrx_word' id='word_1_626' title='bbox 3250 4500 3286 4539; x_wconf 90' lang='lat' dir='ltr'>a</span> <span class='ocrx_word' id='word_1_627' title='bbox 3315 4501 3377 4539; x_wconf 92' lang='lat' dir='ltr'>se</span> <span class='ocrx_word' id='word_1_628' title='bbox 3405 4484 3619 4541; x_wconf 90' lang='lat' dir='ltr'>mobile</span> <span class='ocrx_word' id='word_1_629' title='bbox 3648 4489 3759 4541; x_wconf 91' lang='lat' dir='ltr'>est.</span> 
     </span>
    </p>
   </div>
   <div class='ocr_carea' id='block_1_92' title="bbox 2126 4568 3764 4641">
    <p class='ocr_par' dir='ltr' id='par_1_92' title="bbox 2126 4568 3764 4641">
     <span class='ocr_line' id='line_1_92' title="bbox 2126 4568 3764 4641; baseline 0.003 -17"><span class='ocrx_word' id='word_1_630' title='bbox 2126 4570 2191 4624; x_wconf 91' lang='lat' dir='ltr'>In</span> <span class='ocrx_word' id='word_1_631' title='bbox 2216 4573 2332 4624; x_wconf 89' lang='lat' dir='ltr'>toto</span> <span class='ocrx_word' id='word_1_632' title='bbox 2362 4568 2518 4624; x_wconf 88' lang='lat' dir='ltr'><strong>enim</strong></span> <span class='ocrx_word' id='word_1_633' title='bbox 2550 4570 2703 4641; x_wconf 91' lang='lat' dir='ltr'>quod</span> <span class='ocrx_word' id='word_1_634' title='bbox 2727 4588 2761 4624; x_wconf 92' lang='lat' dir='ltr'>a</span> <span class='ocrx_word' id='word_1_635' title='bbox 2790 4587 2852 4625; x_wconf 89' lang='lat' dir='ltr'>se</span> <span class='ocrx_word' id='word_1_636' title='bbox 2881 4570 3094 4626; x_wconf 90' lang='lat' dir='ltr'>mobile</span> <span class='ocrx_word' id='word_1_637' title='bbox 3122 4572 3435 4640; x_wconf 87' lang='lat' dir='ltr'>est,anima</span> <span class='ocrx_word' id='word_1_638' title='bbox 3464 4573 3764 4630; x_wconf 85' lang='lat' dir='ltr'>rationalis</span> 
     </span>
    </p>
   </div>
   <div class='ocr_carea' id='block_1_93' title="bbox 2126 4659 3768 4730">
    <p class='ocr_par' dir='ltr' id='par_1_93' title="bbox 2126 4659 3768 4730">
     <span class='ocr_line' id='line_1_93' title="bbox 2126 4659 3768 4730; baseline 0.003 -17"><span class='ocrx_word' id='word_1_639' title='bbox 2126 4664 2193 4713; x_wconf 90' lang='lat' dir='ltr'>ut</span> <span class='ocrx_word' id='word_1_640' title='bbox 2223 4675 2357 4730; x_wconf 88' lang='lat' dir='ltr'>pars</span> <span class='ocrx_word' id='word_1_641' title='bbox 2386 4663 2493 4714; x_wconf 88' lang='lat' dir='ltr'>est.</span> <span class='ocrx_word' id='word_1_642' title='bbox 2527 4659 2688 4714; x_wconf 90' lang='lat' dir='ltr'>Idem</span> <span class='ocrx_word' id='word_1_643' title='bbox 2718 4663 2916 4715; x_wconf 86' lang='lat' dir='ltr'>autem</span> <span class='ocrx_word' id='word_1_644' title='bbox 2939 4664 3028 4715; x_wconf 90' lang='lat' dir='ltr'>est</span> <span class='ocrx_word' id='word_1_645' title='bbox 3054 4660 3264 4727; x_wconf 89' lang='lat' dir='ltr'>dicere,</span> <span class='ocrx_word' id='word_1_646' title='bbox 3295 4660 3492 4716; x_wconf 87' lang='lat' dir='ltr'>anima</span> <span class='ocrx_word' id='word_1_647' title='bbox 3517 4662 3768 4718; x_wconf 83' lang='lat' dir='ltr'>rationa-</span> 
     </span>
    </p>
   </div>
   <div class='ocr_carea' id='block_1_94' title="bbox 2126 4748 3764 4820">
    <p class='ocr_par' dir='ltr' id='par_1_94' title="bbox 2126 4748 3764 4820">
     <span class='ocr_line' id='line_1_94' title="bbox 2126 4748 3764 4820; baseline 0.002 -17"><span class='ocrx_word' id='word_1_648' title='bbox 2126 4748 2201 4804; x_wconf 91' lang='lat' dir='ltr'>lis</span> <span class='ocrx_word' id='word_1_649' title='bbox 2227 4748 2287 4802; x_wconf 92' lang='lat' dir='ltr'>in</span> <span class='ocrx_word' id='word_1_650' title='bbox 2317 4751 2437 4802; x_wconf 90' lang='lat' dir='ltr'>toto</span> <span class='ocrx_word' id='word_1_651' title='bbox 2467 4752 2579 4813; x_wconf 88' lang='lat' dir='ltr'>est,</span> <span class='ocrx_word' id='word_1_652' title='bbox 2609 4748 2765 4820; x_wconf 92' lang='lat' dir='ltr'>quod</span> <span class='ocrx_word' id='word_1_653' title='bbox 2796 4765 2830 4802; x_wconf 89' lang='lat' dir='ltr'>a</span> <span class='ocrx_word' id='word_1_654' title='bbox 2860 4763 2921 4802; x_wconf 90' lang='lat' dir='ltr'>se</span> <span class='ocrx_word' id='word_1_655' title='bbox 2952 4753 3040 4804; x_wconf 88' lang='lat' dir='ltr'>est</span> <span class='ocrx_word' id='word_1_656' title='bbox 3070 4749 3284 4805; x_wconf 90' lang='lat' dir='ltr'>mobile</span> <span class='ocrx_word' id='word_1_657' title='bbox 3312 4774 3326 4819; x_wconf 90' lang='lat'><strong>;</strong></span> <span class='ocrx_word' id='word_1_658' title='bbox 3358 4753 3416 4806; x_wconf 91' lang='lat' dir='ltr'>et</span> <span class='ocrx_word' id='word_1_659' title='bbox 3443 4750 3639 4807; x_wconf 90' lang='lat' dir='ltr'>anima</span> <span class='ocrx_word' id='word_1_660' title='bbox 3669 4768 3764 4807; x_wconf 85' lang='lat' dir='ltr'>ra-</span> 
     </span>
    </p>
   </div>
   <div class='ocr_carea' id='block_1_95' title="bbox 2132 4834 2927 4892">
    <p class='ocr_par' dir='ltr' id='par_1_95' title="bbox 2132 4834 2927 4892">
     <span class='ocr_line' id='line_1_95' title="bbox 2132 4834 2927 4892; baseline 0 -1"><span class='ocrx_word' id='word_1_661' title='bbox 2132 4835 2366 4891; x_wconf 86' lang='lat' dir='ltr'>tionalis</span> <span class='ocrx_word' id='word_1_662' title='bbox 2397 4840 2486 4891; x_wconf 86' lang='lat' dir='ltr'>est</span> <span class='ocrx_word' id='word_1_663' title='bbox 2514 4852 2548 4890; x_wconf 88' lang='lat' dir='ltr'>a</span> <span class='ocrx_word' id='word_1_664' title='bbox 2578 4852 2641 4891; x_wconf 89' lang='lat' dir='ltr'>se</span> <span class='ocrx_word' id='word_1_665' title='bbox 2672 4834 2927 4892; x_wconf 90' lang='lat' dir='ltr'>mobilis.</span> 
     </span>
    </p>
   </div>
   <div class='ocr_carea' id='block_1_96' title="bbox 452 4897 1993 5007">
    <p class='ocr_par' dir='ltr' id='par_1_96' title="bbox 452 4926 1987 5007">
     <span class='ocr_line' id='line_1_96' title="bbox 452 4926 1987 5007; baseline -0.001 -25"><span class='ocrx_word' id='word_1_666' title='bbox 452 4928 540 5004; x_wconf 86' lang='grc' dir='ltr'>ιβ’.</span> <span class='ocrx_word' id='word_1_667' title='bbox 572 4930 733 4983; x_wconf 87' lang='grc' dir='ltr'>Ὅταν</span> <span class='ocrx_word' id='word_1_668' title='bbox 766 4926 824 4984; x_wconf 75' lang='grc' dir='ltr'>δὲ</span> <span class='ocrx_word' id='word_1_669' title='bbox 859 4930 994 5007; x_wconf 88' lang='grc' dir='ltr'>πρὸς</span> <span class='ocrx_word' id='word_1_670' title='bbox 1038 4927 1131 4984; x_wconf 75' lang='grc' dir='ltr'>τὰν</span> <span class='ocrx_word' id='word_1_671' title='bbox 1188 4928 1534 5002; x_wconf 78' lang='grc' dir='ltr'>ὑποκείμενον</span> <span class='ocrx_word' id='word_1_672' title='bbox 1597 4927 1656 4982; x_wconf 83' lang='grc' dir='ltr'>ἐκ</span> <span class='ocrx_word' id='word_1_673' title='bbox 1707 4931 1805 4982; x_wconf 84' lang='grc' dir='ltr'>τοῦ</span> <span class='ocrx_word' id='word_1_674' title='bbox 1851 4947 1987 4998; x_wconf 88' lang='grc' dir='ltr'>κατη</span> 
     </span>
    </p>
   </div>
   <div class='ocr_carea' id='block_1_97' title="bbox 2113 4897 3767 5007">
    <p class='ocr_par' dir='ltr' id='par_1_97' title="bbox 2205 4924 3767 4998">
     <span class='ocr_line' id='line_1_97' title="bbox 2205 4924 3767 4998; baseline 0.004 -19"><span class='ocrx_word' id='word_1_675' title='bbox 2205 4926 2291 4981; x_wconf 83' lang='grc'>12.</span> <span class='ocrx_word' id='word_1_676' title='bbox 2326 4924 2471 4979; x_wconf 90' lang='lat' dir='ltr'>Cum</span> <span class='ocrx_word' id='word_1_677' title='bbox 2502 4942 2635 4982; x_wconf 89' lang='lat' dir='ltr'>vero</span> <span class='ocrx_word' id='word_1_678' title='bbox 2665 4941 2733 4980; x_wconf 84' lang='lat' dir='ltr'><strong>ex</strong></span> <span class='ocrx_word' id='word_1_679' title='bbox 2780 4925 3088 4997; x_wconf 66' lang='lat' dir='ltr'>praedicata</span> <span class='ocrx_word' id='word_1_680' title='bbox 3119 4927 3192 4982; x_wconf 89' lang='lat' dir='ltr'>ad</span> <span class='ocrx_word' id='word_1_681' title='bbox 3239 4927 3568 4998; x_wconf 83' lang='lat' dir='ltr'>subjectum</span> <span class='ocrx_word' id='word_1_682' title='bbox 3601 4928 3767 4985; x_wconf 88' lang='lat' dir='ltr'>veni-</span> 
     </span>
    </p>
   </div>
   <div class='ocr_carea' id='block_1_98' title="bbox 374 5015 2018 5095">
    <p class='ocr_par' dir='ltr' id='par_1_98' title="bbox 374 5015 2018 5095">
     <span class='ocr_line' id='line_1_98' title="bbox 374 5015 2018 5095; baseline 0 -24"><span class='ocrx_word' id='word_1_683' title='bbox 374 5018 711 5094; x_wconf 79' lang='grc' dir='ltr'>γορουμένου</span> <span class='ocrx_word' id='word_1_684' title='bbox 769 5018 1081 5095; x_wconf 79' lang='grc' dir='ltr'>ἐρχώμεθα,</span> <span class='ocrx_word' id='word_1_685' title='bbox 1138 5016 1263 5072; x_wconf 86' lang='grc' dir='ltr'>τότε</span> <span class='ocrx_word' id='word_1_686' title='bbox 1316 5016 1528 5094; x_wconf 70' lang='grc' dir='ltr'>λέγεται</span> <span class='ocrx_word' id='word_1_687' title='bbox 1584 5016 1719 5072; x_wconf 85' lang='grc' dir='ltr'>κατά</span> <span class='ocrx_word' id='word_1_688' title='bbox 1800 5015 2018 5079; x_wconf 84' lang='grc' dir='ltr'>παντός·</span> 
     </span>
    </p>
   </div>
   <div class='ocr_carea' id='block_1_99' title="bbox 375 5103 2020 5181">
    <p class='ocr_par' dir='ltr' id='par_1_99' title="bbox 375 5103 2020 5181">
     <span class='ocr_line' id='line_1_99' title="bbox 375 5103 2020 5181; baseline 0 -21"><span class='ocrx_word' id='word_1_689' title='bbox 375 5106 453 5169; x_wconf 83' lang='grc' dir='ltr'>ὡς</span> <span class='ocrx_word' id='word_1_690' title='bbox 510 5104 636 5161; x_wconf 74' lang='grc' dir='ltr'>ὅταν</span> <span class='ocrx_word' id='word_1_691' title='bbox 675 5103 944 5181; x_wconf 74' lang='grc' dir='ltr'>εἷ’πωμεν,</span> <span class='ocrx_word' id='word_1_692' title='bbox 974 5107 1046 5161; x_wconf 87' lang='grc' dir='ltr'>Τὸ</span> <span class='ocrx_word' id='word_1_693' title='bbox 1096 5105 1447 5176; x_wconf 78' lang='grc' dir='ltr'>αὐτοκίνητον</span> <span class='ocrx_word' id='word_1_694' title='bbox 1507 5105 1640 5160; x_wconf 66' lang='grc' dir='ltr'>κατὰ</span> <span class='ocrx_word' id='word_1_695' title='bbox 1689 5104 1865 5176; x_wconf 81' lang='grc' dir='ltr'>πάσης</span> <span class='ocrx_word' id='word_1_696' title='bbox 1920 5110 2020 5179; x_wconf 86' lang='grc' dir='ltr'>ψυ-</span> 
     </span>
    </p>
   </div>
   <div class='ocr_carea' id='block_1_100' title="bbox 375 5194 2020 5271">
    <p class='ocr_par' dir='ltr' id='par_1_100' title="bbox 375 5194 2020 5271">
     <span class='ocr_line' id='line_1_100' title="bbox 375 5194 2020 5271; baseline -0.002 -20"><span class='ocrx_word' id='word_1_697' title='bbox 375 5202 488 5271; x_wconf 81' lang='grc' dir='ltr'>χῆς</span> <span class='ocrx_word' id='word_1_698' title='bbox 536 5194 787 5271; x_wconf 57' lang='grc' dir='ltr'>λογικῆς</span> <span class='ocrx_word' id='word_1_699' title='bbox 820 5194 856 5266; x_wconf 73' lang='grc' dir='ltr'>ἤ</span> <span class='ocrx_word' id='word_1_700' title='bbox 897 5195 1087 5258; x_wconf 76' lang='grc' dir='ltr'>οὕτως.</span> <span class='ocrx_word' id='word_1_701' title='bbox 1142 5196 1211 5249; x_wconf 87' lang='grc' dir='ltr'>Τὸ</span> <span class='ocrx_word' id='word_1_702' title='bbox 1264 5194 1611 5265; x_wconf 81' lang='grc' dir='ltr'>αὐτοκίνητον</span> <span class='ocrx_word' id='word_1_703' title='bbox 1669 5198 1811 5269; x_wconf 84' lang='grc' dir='ltr'>πάσῃ</span> <span class='ocrx_word' id='word_1_704' title='bbox 1867 5198 2020 5271; x_wconf 77' lang='grc' dir='ltr'>ψυχῇ</span> 
     </span>
    </p>
   </div>
   <div class='ocr_carea' id='block_1_101' title="bbox 377 5281 2023 5362">
    <p class='ocr_par' dir='ltr' id='par_1_101' title="bbox 377 5281 2023 5362">
     <span class='ocr_line' id='line_1_101' title="bbox 377 5281 2023 5362; baseline -0.002 -22"><span class='ocrx_word' id='word_1_705' title='bbox 377 5283 577 5361; x_wconf 78' lang='grc' dir='ltr'>λογικῇ</span> <span class='ocrx_word' id='word_1_706' title='bbox 613 5285 865 5362; x_wconf 83' lang='grc' dir='ltr'>ὑπάρχει,</span> <span class='ocrx_word' id='word_1_707' title='bbox 896 5290 1058 5341; x_wconf 79' lang='grc' dir='ltr'>τοῦτο</span> <span class='ocrx_word' id='word_1_708' title='bbox 1090 5284 1354 5360; x_wconf 73' lang='grc' dir='ltr'>λέγοντες,</span> <span class='ocrx_word' id='word_1_709' title='bbox 1388 5283 1470 5339; x_wconf 85' lang='grc' dir='ltr'>ὅτι</span> <span class='ocrx_word' id='word_1_710' title='bbox 1499 5284 1567 5338; x_wconf 73' lang='grc' dir='ltr'>τὰ</span> <span class='ocrx_word' id='word_1_711' title='bbox 1621 5281 1799 5357; x_wconf 76' lang='grc' dir='ltr'>ἄτομα</span> <span class='ocrx_word' id='word_1_712' title='bbox 1851 5284 2023 5338; x_wconf 84' lang='grc' dir='ltr'>πάντα</span> 
     </span>
    </p>
   </div>
   <div class='ocr_carea' id='block_1_102' title="bbox 377 5370 2021 5452">
    <p class='ocr_par' dir='ltr' id='par_1_102' title="bbox 377 5370 2021 5452">
     <span class='ocr_line' id='line_1_102' title="bbox 377 5370 2021 5452; baseline -0.001 -23"><span class='ocrx_word' id='word_1_713' title='bbox 377 5380 482 5443; x_wconf 82' lang='grc' dir='ltr'>τῆς</span> <span class='ocrx_word' id='word_1_714' title='bbox 515 5372 745 5450; x_wconf 82' lang='grc' dir='ltr'>λογικῆς</span> <span class='ocrx_word' id='word_1_715' title='bbox 776 5378 959 5452; x_wconf 79' lang='grc' dir='ltr'>ψυχῆς</span> <span class='ocrx_word' id='word_1_716' title='bbox 991 5371 1106 5451; x_wconf 76' lang='grc' dir='ltr'>ἔχει</span> <span class='ocrx_word' id='word_1_717' title='bbox 1138 5374 1199 5428; x_wconf 88' lang='grc' dir='ltr'>τὸ</span> <span class='ocrx_word' id='word_1_718' title='bbox 1238 5373 1370 5428; x_wconf 76' lang='grc' dir='ltr'>εἶναι</span> <span class='ocrx_word' id='word_1_719' title='bbox 1419 5372 1510 5427; x_wconf 84' lang='grc' dir='ltr'>καὶ</span> <span class='ocrx_word' id='word_1_720' title='bbox 1555 5370 1807 5448; x_wconf 75' lang='grc' dir='ltr'>λέγεσθαι</span> <span class='ocrx_word' id='word_1_721' title='bbox 1863 5372 2021 5428; x_wconf 88' lang='grc' dir='ltr'>αύτο-</span> 
     </span>
    </p>
   </div>
   <div class='ocr_carea' id='block_1_103' title="bbox 375 5462 595 5534">
    <p class='ocr_par' dir='ltr' id='par_1_103' title="bbox 375 5462 595 5534">
     <span class='ocr_line' id='line_1_103' title="bbox 375 5462 595 5534; baseline 0.009 -16"><span class='ocrx_word' id='word_1_722' title='bbox 375 5462 595 5534; x_wconf 88' lang='grc' dir='ltr'>κίνητα.</span> 
     </span>
    </p>
   </div>
   <div class='ocr_carea' id='block_1_104' title="bbox 452 5567 2024 5647">
    <p class='ocr_par' dir='ltr' id='par_1_104' title="bbox 452 5567 2024 5647">
     <span class='ocr_line' id='line_1_104' title="bbox 452 5567 2024 5647; baseline -0.001 -23"><span class='ocrx_word' id='word_1_723' title='bbox 452 5576 534 5645; x_wconf 90' lang='grc' dir='ltr'>ιγ’.</span> <span class='ocrx_word' id='word_1_724' title='bbox 565 5571 767 5647; x_wconf 78' lang='grc' dir='ltr'>’Ὠσπερ</span> <span class='ocrx_word' id='word_1_725' title='bbox 815 5570 872 5626; x_wconf 81' lang='grc' dir='ltr'>δὲ</span> <span class='ocrx_word' id='word_1_726' title='bbox 917 5571 980 5627; x_wconf 85' lang='grc' dir='ltr'>τὸ</span> <span class='ocrx_word' id='word_1_727' title='bbox 1023 5570 1073 5625; x_wconf 81' lang='grc' dir='ltr'>ἐν</span> <span class='ocrx_word' id='word_1_728' title='bbox 1126 5567 1264 5642; x_wconf 82' lang='grc' dir='ltr'>ὅλῳ,</span> <span class='ocrx_word' id='word_1_729' title='bbox 1297 5568 1387 5623; x_wconf 84' lang='grc' dir='ltr'>καὶ</span> <span class='ocrx_word' id='word_1_730' title='bbox 1429 5568 1491 5622; x_wconf 87' lang='grc' dir='ltr'>τὸ</span> <span class='ocrx_word' id='word_1_731' title='bbox 1537 5568 1672 5623; x_wconf 76' lang='grc' dir='ltr'>κατὰ</span> <span class='ocrx_word' id='word_1_732' title='bbox 1719 5569 1914 5631; x_wconf 87' lang='grc' dir='ltr'>παντὸς</span> <span class='ocrx_word' id='word_1_733' title='bbox 1972 5567 2024 5623; x_wconf 83' lang='grc' dir='ltr'>ἐν</span> 
     </span>
    </p>
   </div>
   <div class='ocr_carea' id='block_1_105' title="bbox 372 5655 2021 5739">
    <p class='ocr_par' dir='ltr' id='par_1_105' title="bbox 372 5655 2021 5739">
     <span class='ocr_line' id='line_1_105' title="bbox 372 5655 2021 5739; baseline -0.002 -24"><span class='ocrx_word' id='word_1_734' title='bbox 372 5664 495 5721; x_wconf 86' lang='grc' dir='ltr'>ταῖς</span> <span class='ocrx_word' id='word_1_735' title='bbox 553 5666 937 5739; x_wconf 74' lang='grc' dir='ltr'>καταφατικαῖς</span> <span class='ocrx_word' id='word_1_736' title='bbox 990 5658 1329 5734; x_wconf 84' lang='grc' dir='ltr'>προτάσεσιν,</span> <span class='ocrx_word' id='word_1_737' title='bbox 1370 5655 1544 5719; x_wconf 73' lang='grc' dir='ltr'>οὕτως</span> <span class='ocrx_word' id='word_1_738' title='bbox 1597 5656 1648 5712; x_wconf 79' lang='grc' dir='ltr'>ἐν</span> <span class='ocrx_word' id='word_1_739' title='bbox 1711 5663 1832 5719; x_wconf 79' lang='grc' dir='ltr'>ταῖς</span> <span class='ocrx_word' id='word_1_740' title='bbox 1889 5658 2021 5712; x_wconf 82' lang='grc' dir='ltr'>ἀπο-</span> 
     </span>
    </p>
   </div>
   <div class='ocr_carea' id='block_1_106' title="bbox 377 5742 1700 5829">
    <p class='ocr_par' dir='ltr' id='par_1_106' title="bbox 377 5742 1700 5829">
     <span class='ocr_line' id='line_1_106' title="bbox 377 5742 1700 5829; baseline -0.003 -25"><span class='ocrx_word' id='word_1_741' title='bbox 377 5754 629 5829; x_wconf 71' lang='grc' dir='ltr'>φατικαῖς</span> <span class='ocrx_word' id='word_1_742' title='bbox 656 5750 719 5804; x_wconf 87' lang='grc' dir='ltr'>τὸ</span> <span class='ocrx_word' id='word_1_743' title='bbox 751 5749 849 5804; x_wconf 76' lang='grc' dir='ltr'>οὐκ</span> <span class='ocrx_word' id='word_1_744' title='bbox 879 5748 930 5804; x_wconf 77' lang='grc' dir='ltr'>ἐν</span> <span class='ocrx_word' id='word_1_745' title='bbox 962 5748 1079 5822; x_wconf 76' lang='grc' dir='ltr'>ὅλῳ</span> <span class='ocrx_word' id='word_1_746' title='bbox 1108 5748 1199 5803; x_wconf 80' lang='grc' dir='ltr'>καὶ</span> <span class='ocrx_word' id='word_1_747' title='bbox 1227 5747 1289 5801; x_wconf 86' lang='grc' dir='ltr'>τὸ</span> <span class='ocrx_word' id='word_1_748' title='bbox 1318 5747 1435 5801; x_wconf 88' lang='grc' dir='ltr'>κατ’</span> <span class='ocrx_word' id='word_1_749' title='bbox 1466 5742 1700 5809; x_wconf 79' lang='grc' dir='ltr'>οὐδενός.</span> 
     </span>
    </p>
   </div>
   <div class='ocr_carea' id='block_1_107' title="bbox 455 5834 2024 5918">
    <p class='ocr_par' dir='ltr' id='par_1_107' title="bbox 455 5834 2024 5918">
     <span class='ocr_line' id='line_1_107' title="bbox 455 5834 2024 5918; baseline -0.001 -22"><span class='ocrx_word' id='word_1_750' title='bbox 455 5834 541 5896; x_wconf 82' lang='grc' dir='ltr'>ιδ’.</span> <span class='ocrx_word' id='word_1_751' title='bbox 571 5840 730 5896; x_wconf 76' lang='grc' dir='ltr'>’Όταν</span> <span class='ocrx_word' id='word_1_752' title='bbox 784 5840 879 5915; x_wconf 79' lang='grc' dir='ltr'>μὲν</span> <span class='ocrx_word' id='word_1_753' title='bbox 929 5838 1029 5918; x_wconf 80' lang='grc' dir='ltr'>γὰρ</span> <span class='ocrx_word' id='word_1_754' title='bbox 1085 5836 1173 5895; x_wconf 76' lang='grc' dir='ltr'>ἐπὶ</span> <span class='ocrx_word' id='word_1_755' title='bbox 1223 5839 1330 5893; x_wconf 80' lang='grc' dir='ltr'>τῶν</span> <span class='ocrx_word' id='word_1_756' title='bbox 1389 5839 1761 5915; x_wconf 72' lang='grc' dir='ltr'>κπαφατικῶν</span> <span class='ocrx_word' id='word_1_757' title='bbox 1820 5837 2024 5916; x_wconf 86' lang='grc' dir='ltr'>προτά-</span> 
     </span>
    </p>
   </div>
   <div class='ocr_carea' id='block_1_108' title="bbox 2133 5013 3766 5087">
    <p class='ocr_par' dir='ltr' id='par_1_108' title="bbox 2133 5013 3766 5087">
     <span class='ocr_line' id='line_1_108' title="bbox 2133 5013 3766 5087; baseline 0.002 -17"><span class='ocrx_word' id='word_1_758' title='bbox 2133 5030 2284 5081; x_wconf 89' lang='lat' dir='ltr'>mus,</span> <span class='ocrx_word' id='word_1_759' title='bbox 2318 5018 2457 5069; x_wconf 90' lang='lat' dir='ltr'>tunc</span> <span class='ocrx_word' id='word_1_760' title='bbox 2504 5014 2574 5069; x_wconf 93' lang='lat' dir='ltr'>de</span> <span class='ocrx_word' id='word_1_761' title='bbox 2622 5014 2781 5069; x_wconf 86' lang='lat' dir='ltr'>omni</span> <span class='ocrx_word' id='word_1_762' title='bbox 2828 5013 3041 5069; x_wconf 90' lang='lat' dir='ltr'>dicitur</span> <span class='ocrx_word' id='word_1_763' title='bbox 3085 5032 3098 5069; x_wconf 88' lang='lat'><strong>:</strong></span> <span class='ocrx_word' id='word_1_764' title='bbox 3151 5020 3216 5071; x_wconf 92' lang='lat' dir='ltr'>ut</span> <span class='ocrx_word' id='word_1_765' title='bbox 3246 5033 3378 5071; x_wconf 92' lang='lat' dir='ltr'>cum</span> <span class='ocrx_word' id='word_1_766' title='bbox 3427 5016 3766 5087; x_wconf 86' lang='lat' dir='ltr'>dixerimus,</span> 
     </span>
    </p>
   </div>
   <div class='ocr_carea' id='block_1_109' title="bbox 2131 5102 3771 5174">
    <p class='ocr_par' dir='ltr' id='par_1_109' title="bbox 2131 5102 3771 5174">
     <span class='ocr_line' id='line_1_109' title="bbox 2131 5102 3771 5174; baseline 0.002 -16"><span class='ocrx_word' id='word_1_767' title='bbox 2131 5104 2283 5174; x_wconf 92' lang='lat' dir='ltr'>quod</span> <span class='ocrx_word' id='word_1_768' title='bbox 2314 5107 2403 5158; x_wconf 89' lang='lat' dir='ltr'>est</span> <span class='ocrx_word' id='word_1_769' title='bbox 2457 5119 2490 5156; x_wconf 87' lang='lat' dir='ltr'>a</span> <span class='ocrx_word' id='word_1_770' title='bbox 2548 5118 2611 5157; x_wconf 86' lang='lat' dir='ltr'>se</span> <span class='ocrx_word' id='word_1_771' title='bbox 2650 5102 2881 5170; x_wconf 91' lang='lat' dir='ltr'>mobile,</span> <span class='ocrx_word' id='word_1_772' title='bbox 2914 5103 2986 5158; x_wconf 91' lang='lat' dir='ltr'>de</span> <span class='ocrx_word' id='word_1_773' title='bbox 3039 5104 3196 5159; x_wconf 90' lang='lat' dir='ltr'>omni</span> <span class='ocrx_word' id='word_1_774' title='bbox 3244 5106 3443 5161; x_wconf 88' lang='lat' dir='ltr'>anima</span> <span class='ocrx_word' id='word_1_775' title='bbox 3496 5105 3771 5163; x_wconf 89' lang='lat' dir='ltr'>rationali</span> 
     </span>
    </p>
   </div>
   <div class='ocr_carea' id='block_1_110' title="bbox 2131 5190 3769 5263">
    <p class='ocr_par' dir='ltr' id='par_1_110' title="bbox 2131 5190 3769 5263">
     <span class='ocr_line' id='line_1_110' title="bbox 2131 5190 3769 5263; baseline 0.003 -18"><span class='ocrx_word' id='word_1_776' title='bbox 2131 5190 2526 5263; x_wconf 78' lang='lat' dir='ltr'>(dicitur),aut</span> <span class='ocrx_word' id='word_1_777' title='bbox 2555 5191 2817 5262; x_wconf 88' lang='lat' dir='ltr'>ita,quod</span> <span class='ocrx_word' id='word_1_778' title='bbox 2848 5196 2938 5247; x_wconf 90' lang='lat' dir='ltr'>est</span> <span class='ocrx_word' id='word_1_779' title='bbox 2967 5208 3000 5246; x_wconf 87' lang='lat' dir='ltr'>a</span> <span class='ocrx_word' id='word_1_780' title='bbox 3033 5209 3093 5247; x_wconf 91' lang='lat' dir='ltr'>se</span> <span class='ocrx_word' id='word_1_781' title='bbox 3122 5193 3354 5261; x_wconf 89' lang='lat' dir='ltr'>mobile,</span> <span class='ocrx_word' id='word_1_782' title='bbox 3377 5195 3535 5250; x_wconf 91' lang='lat' dir='ltr'>omni</span> <span class='ocrx_word' id='word_1_783' title='bbox 3561 5196 3769 5250; x_wconf 74' lang='lat' dir='ltr'>animae</span> 
     </span>
    </p>
   </div>
   <div class='ocr_carea' id='block_1_111' title="bbox 2133 5278 3771 5346">
    <p class='ocr_par' dir='ltr' id='par_1_111' title="bbox 2133 5278 3771 5346">
     <span class='ocr_line' id='line_1_111' title="bbox 2133 5278 3771 5346; baseline 0.002 -11"><span class='ocrx_word' id='word_1_784' title='bbox 2133 5278 2406 5335; x_wconf 90' lang='lat' dir='ltr'>rationali</span> <span class='ocrx_word' id='word_1_785' title='bbox 2437 5280 2606 5346; x_wconf 89' lang='lat' dir='ltr'>inest,</span> <span class='ocrx_word' id='word_1_786' title='bbox 2635 5279 2743 5335; x_wconf 86' lang='lat' dir='ltr'>hoc</span> <span class='ocrx_word' id='word_1_787' title='bbox 2797 5280 3074 5336; x_wconf 91' lang='lat' dir='ltr'>nimirum</span> <span class='ocrx_word' id='word_1_788' title='bbox 3106 5282 3365 5339; x_wconf 88' lang='lat' dir='ltr'>dicentes</span> <span class='ocrx_word' id='word_1_789' title='bbox 3396 5283 3595 5339; x_wconf 91' lang='lat' dir='ltr'>omnia</span> <span class='ocrx_word' id='word_1_790' title='bbox 3622 5284 3771 5339; x_wconf 91' lang='lat' dir='ltr'>indi-</span> 
     </span>
    </p>
   </div>
   <div class='ocr_carea' id='block_1_112' title="bbox 2130 5367 3773 5446">
    <p class='ocr_par' dir='ltr' id='par_1_112' title="bbox 2130 5367 3773 5446">
     <span class='ocr_line' id='line_1_112' title="bbox 2130 5367 3773 5446; baseline 0.003 -22"><span class='ocrx_word' id='word_1_791' title='bbox 2130 5370 2309 5424; x_wconf 83' lang='lat' dir='ltr'>vidua</span> <span class='ocrx_word' id='word_1_792' title='bbox 2358 5367 2564 5424; x_wconf 66' lang='lat' dir='ltr'>animae</span> <span class='ocrx_word' id='word_1_793' title='bbox 2604 5370 2905 5427; x_wconf 86' lang='lat' dir='ltr'>rationalis</span> <span class='ocrx_word' id='word_1_794' title='bbox 2961 5372 3173 5427; x_wconf 88' lang='lat' dir='ltr'>habere</span> <span class='ocrx_word' id='word_1_795' title='bbox 3207 5372 3311 5428; x_wconf 91' lang='lat' dir='ltr'>hoc</span> <span class='ocrx_word' id='word_1_796' title='bbox 3365 5373 3520 5446; x_wconf 89' lang='lat' dir='ltr'>quod</span> <span class='ocrx_word' id='word_1_797' title='bbox 3568 5372 3687 5429; x_wconf 88' lang='lat' dir='ltr'>sint</span> <span class='ocrx_word' id='word_1_798' title='bbox 3713 5377 3773 5429; x_wconf 90' lang='lat' dir='ltr'>et</span> 
     </span>
    </p>
   </div>
   <div class='ocr_carea' id='block_1_113' title="bbox 2132 5458 2847 5515">
    <p class='ocr_par' dir='ltr' id='par_1_113' title="bbox 2132 5458 2847 5515">
     <span class='ocr_line' id='line_1_113' title="bbox 2132 5458 2847 5515; baseline 0 -2"><span class='ocrx_word' id='word_1_799' title='bbox 2132 5459 2402 5513; x_wconf 91' lang='lat' dir='ltr'>dicantur</span> <span class='ocrx_word' id='word_1_800' title='bbox 2431 5475 2465 5513; x_wconf 88' lang='lat' dir='ltr'>a</span> <span class='ocrx_word' id='word_1_801' title='bbox 2493 5473 2556 5513; x_wconf 89' lang='lat' dir='ltr'>se</span> <span class='ocrx_word' id='word_1_802' title='bbox 2591 5458 2847 5515; x_wconf 86' lang='lat' dir='ltr'>mobilia.</span> 
     </span>
    </p>
   </div>
   <div class='ocr_carea' id='block_1_114' title="bbox 2204 5566 3768 5630">
    <p class='ocr_par' dir='ltr' id='par_1_114' title="bbox 2204 5566 3768 5630">
     <span class='ocr_line' id='line_1_114' title="bbox 2204 5566 3768 5630; baseline 0.005 -12"><span class='ocrx_word' id='word_1_803' title='bbox 2204 5566 2289 5619; x_wconf 89' lang='grc'>13.</span> <span class='ocrx_word' id='word_1_804' title='bbox 2318 5566 2819 5630; x_wconf 83' lang='lat' dir='ltr'>Quemadmodum</span> <span class='ocrx_word' id='word_1_805' title='bbox 2851 5572 3045 5625; x_wconf 88' lang='lat' dir='ltr'>autem</span> <span class='ocrx_word' id='word_1_806' title='bbox 3075 5569 3133 5623; x_wconf 91' lang='lat' dir='ltr'>in</span> <span class='ocrx_word' id='word_1_807' title='bbox 3164 5574 3284 5624; x_wconf 90' lang='lat' dir='ltr'>toto</span> <span class='ocrx_word' id='word_1_808' title='bbox 3316 5573 3374 5624; x_wconf 91' lang='lat' dir='ltr'>et</span> <span class='ocrx_word' id='word_1_809' title='bbox 3420 5569 3490 5626; x_wconf 91' lang='lat' dir='ltr'>de</span> <span class='ocrx_word' id='word_1_810' title='bbox 3519 5569 3680 5626; x_wconf 90' lang='lat' dir='ltr'>omni</span> <span class='ocrx_word' id='word_1_811' title='bbox 3708 5570 3768 5626; x_wconf 91' lang='lat' dir='ltr'>in</span> 
     </span>
    </p>
   </div>
   <div class='ocr_carea' id='block_1_115' title="bbox 2132 5654 3773 5727">
    <p class='ocr_par' dir='ltr' id='par_1_115' title="bbox 2132 5654 3773 5727">
     <span class='ocr_line' id='line_1_115' title="bbox 2132 5654 3773 5727; baseline 0.003 -17"><span class='ocrx_word' id='word_1_812' title='bbox 2132 5654 2496 5711; x_wconf 84' lang='lat' dir='ltr'>afﬁrmativis</span> <span class='ocrx_word' id='word_1_813' title='bbox 2532 5655 3026 5727; x_wconf 90' lang='lat' dir='ltr'>propositionibus</span> <span class='ocrx_word' id='word_1_814' title='bbox 3061 5677 3073 5714; x_wconf 90' lang='lat'>:</span> <span class='ocrx_word' id='word_1_815' title='bbox 3107 5658 3186 5714; x_wconf 90' lang='lat' dir='ltr'>ita</span> <span class='ocrx_word' id='word_1_816' title='bbox 3214 5658 3277 5711; x_wconf 90' lang='grc' dir='ltr'>τὸ</span> <span class='ocrx_word' id='word_1_817' title='bbox 3308 5675 3423 5714; x_wconf 90' lang='lat' dir='ltr'>non</span> <span class='ocrx_word' id='word_1_818' title='bbox 3455 5660 3513 5713; x_wconf 92' lang='lat' dir='ltr'>in</span> <span class='ocrx_word' id='word_1_819' title='bbox 3543 5663 3666 5715; x_wconf 86' lang='lat' dir='ltr'>toto</span> <span class='ocrx_word' id='word_1_820' title='bbox 3715 5664 3773 5715; x_wconf 91' lang='lat' dir='ltr'>et</span> 
     </span>
    </p>
   </div>
   <div class='ocr_carea' id='block_1_116' title="bbox 2133 5743 3516 5820">
    <p class='ocr_par' dir='ltr' id='par_1_116' title="bbox 2133 5743 3516 5820">
     <span class='ocr_line' id='line_1_116' title="bbox 2133 5743 3516 5820; baseline 0.001 -20"><span class='ocrx_word' id='word_1_821' title='bbox 2133 5746 2203 5800; x_wconf 92' lang='lat' dir='ltr'>de</span> <span class='ocrx_word' id='word_1_822' title='bbox 2233 5743 2394 5799; x_wconf 92' lang='lat' dir='ltr'>nullo</span> <span class='ocrx_word' id='word_1_823' title='bbox 2426 5743 2483 5797; x_wconf 92' lang='lat' dir='ltr'>in</span> <span class='ocrx_word' id='word_1_824' title='bbox 2518 5744 2800 5816; x_wconf 86' lang='lat' dir='ltr'>negativis</span> <span class='ocrx_word' id='word_1_825' title='bbox 2830 5748 3325 5820; x_wconf 86' lang='lat' dir='ltr'>propositionibus</span> <span class='ocrx_word' id='word_1_826' title='bbox 3361 5749 3516 5802; x_wconf 89' lang='lat' dir='ltr'>sunt.</span> 
     </span>
    </p>
   </div>
   <div class='ocr_carea' id='block_1_117' title="bbox 2207 5835 3770 5912">
    <p class='ocr_par' dir='ltr' id='par_1_117' title="bbox 2207 5835 3770 5912">
     <span class='ocr_line' id='line_1_117' title="bbox 2207 5835 3770 5912; baseline 0.002 -21"><span class='ocrx_word' id='word_1_827' title='bbox 2207 5835 2293 5893; x_wconf 87' lang='grc'>14.</span> <span class='ocrx_word' id='word_1_828' title='bbox 2328 5836 2470 5891; x_wconf 83' lang='lat' dir='ltr'>Cum</span> <span class='ocrx_word' id='word_1_829' title='bbox 2501 5836 2721 5892; x_wconf 79' lang='lat' dir='ltr'>enima</span> <span class='ocrx_word' id='word_1_830' title='bbox 2750 5837 3014 5910; x_wconf 85' lang='lat' dir='ltr'>subjecto</span> <span class='ocrx_word' id='word_1_831' title='bbox 3045 5839 3115 5894; x_wconf 91' lang='lat' dir='ltr'>ad</span> <span class='ocrx_word' id='word_1_832' title='bbox 3148 5837 3529 5912; x_wconf 64' lang='lat' dir='ltr'>praedicatum</span> <span class='ocrx_word' id='word_1_833' title='bbox 3552 5835 3616 5893; x_wconf 88' lang='lat' dir='ltr'>in</span> <span class='ocrx_word' id='word_1_834' title='bbox 3638 5850 3770 5911; x_wconf 83' lang='lat' dir='ltr'>pro-</span> 
     </span>
    </p>
   </div>
  </div>
