4108 6470
421 516 537 575 935

1675 506 2097 567 NIGEPHOBJ
2141 505 2579 568 BLEMMIDE

3693 514 3796 576 936

420 645 811 718 positionibus
843 643 1127 714 negativis
1149 641 1584 706 venimus,tunc
1614 639 1831 694 dicitur
1861 656 1975 694 non
1999 638 2056 703 in

2188 659 2304 692 rzwv
2357 637 2416 692 ἐκ
2464 644 2561 693 τοῦ
2611 641 2967 711 ὑποκειμένου
3012 642 3150 716 πρὸς
3198 642 3292 696 τὸν
3339 643 3793 718 κατηγορούμενον

419 741 564 792 toto.
595 733 786 799 Velut,
809 732 992 787 Homo
1014 748 1128 785 non
1160 735 1249 786 est
1280 729 1670 785 inanimatum
1704 745 1716 782 :
1752 728 2062 794 aut,Homo

420 841 536 880 non
565 828 656 878 est
685 823 744 877 in
771 825 890 876 toto
921 819 1243 875 inanimato
1271 837 1284 886 ;
1318 835 1422 891 pro
1473 834 1560 883 eo,
1605 819 1783 872 Homo
1830 833 1944 871 non
1975 821 2065 872 est

419 930 555 986 pars
586 909 914 966 inanimati.

491 1091 577 1144 15.
603 1089 746 1144 Cum
781 1093 975 1144 autem
1000 1104 1067 1142 ex
1098 1086 1410 1159 predicato
1441 1085 1512 1140 ad
1546 1084 1875 1154 subjectum
1909 1082 2063 1137 veni-

419 1195 574 1246 mus,
607 1183 747 1232 tunc
777 1177 848 1231 de
877 1175 1036 1230 nullo
1080 1175 1314 1239 dicitur,
1345 1174 1519 1241 velut,
1555 1173 1950 1226 lnanimatum
1991 1171 2063 1226 de

419 1266 582 1322 nullo
612 1265 848 1321 homine
877 1268 1095 1333 est,aut
1127 1263 1517 1318 inanimatum
1551 1261 1695 1316 nulli
1728 1261 1951 1315 homini
1975 1261 2062 1314 in-

419 1361 529 1425 est,
562 1355 671 1410 hoc
700 1360 808 1420 est,
841 1354 994 1409 819
1044 1352 1272 1408 nullum
1306 1353 1580 1407 humanae
1609 1349 1819 1422 speciei
1852 1350 2061 1404 indivi-

419 1445 605 1500 duum
637 1443 1125 1514 deprehendetur,
1149 1442 1383 1509 habere,
1405 1442 1562 1512 quod
1596 1440 1672 1496 sit
1702 1443 1804 1494 aut
1833 1439 2064 1493 dicatur

420 1534 832 1590 inanimatam.

492 1624 580 1678 16.
613 1625 769 1677 Duas
798 1621 979 1693 igitur
1023 1619 1451 1693 propositiones
1510 1619 1686 1674 habet
1716 1617 1944 1690 proprie
1975 1616 2061 1671 di-

421 1717 550 1768 ctus
578 1709 976 1784 syllogismus,
1011 1726 1218 1782 nempe
1249 1708 1514 1780 simplex.

495 1801 581 1855 17.
635 1799 747 1855 Sed
797 1815 912 1854 uno
965 1815 1168 1854 earum
1229 1798 1438 1869 major,
1486 1796 1668 1851 altera
1723 1795 1915 1850 minor
1960 1810 2064 1850 vo-

421 1894 605 1946 catur.

493 1979 580 2033 18.
611 1979 680 2033 Et
703 1979 891 2049 major
911 1977 1298 2048 quidem'qua
1319 1975 1484 2030 illum
1510 1976 1828 2031 terminum
1852 1973 2060 2045 praedi-

422 2072 618 2123 catum
650 2067 844 2133 habet,
877 2082 1051 2138 quem
1084 2065 1257 2120 etiam
1290 2065 1606 2120 conclusio.

495 2175 580 2228 19.
615 2176 750 2240 Quae
781 2178 974 2228 autem
1033 2176 1232 2241 restat,
1297 2172 1487 2227 minor
1515 2176 1602 2226 est
1637 2189 1649 2225 :
1684 2171 1839 2226 velut
1867 2169 1926 2224 in
1956 2168 2064 2224 hoc

426 2261 768 2336 syllogismo
801 2279 813 2316 :
872 2261 1083 2316 Anima
1121 2266 1211 2316 est
1266 2277 1497 2332 semper
1528 2261 1803 2325 mobilis;
1836 2274 2066 2329 semper

423 2352 638 2408 mobile
668 2356 759 2406 est
788 2351 1118 2405 immortale
1144 2369 1156 2418 ;
1199 2366 1335 2421 ergo
1367 2350 1565 2404 anima
1595 2355 1685 2404 est
1714 2346 2065 2402 immortalis

424 2442 610 2512 Major
636 2440 956 2512 pmpositio
983 2445 1071 2496 est
1091 2456 1218 2510 qua:
1250 2439 1390 2494 dicit
1424 2457 1436 2493 :
1471 2441 1710 2509 Semper
1734 2437 1948 2493 mobile
1977 2442 2066 2492 est

422 2529 775 2586 immortale.
827 2529 1013 2584 Habet
1057 2529 1214 2584 enim
1266 2527 1599 2583 immortale
1637 2527 2012 2598 przedicatum
2049 2543 2061 2580 :

423 2619 580 2690 quod
610 2617 786 2674 etiam
819 2617 1176 2673 conclusioni
1221 2615 1491 2672 similiter
1543 2616 1919 2687 praedicatum
1952 2619 2061 2669 est.

423 2707 569 2763 Nam
601 2705 896 2763 conclusio
919 2707 1002 2761 sic
1023 2706 1195 2761 habet
1229 2721 1242 2759 :
1274 2705 1484 2760 Anima
1505 2704 1854 2760 immortalis
1886 2705 2065 2758 est.At

424 2798 617 2852 minor
638 2796 957 2868 propositio
984 2800 1075 2850 est
1104 2811 1230 2866 qua
1261 2793 1422 2864 dicit,
1454 2793 1712 2849 animam
1742 2810 1870 2849 esse
1911 2808 2062 2848 sem-

422 2902 526 2958 per
555 2884 849 2940 mobilem.

490 2973 580 3028 20.
616 2973 679 3027 In
712 2971 1052 3044 compositis
1093 2977 1287 3028 autem
1341 2969 1698 3044 syllogismis
1740 2971 2063 3027 secundum

422 3062 857 3134 praportionem
889 3063 1078 3130 major
1106 3068 1195 3116 est
1225 3061 1376 3115 inter
1405 3077 1607 3115 omnes
1639 3059 2064 3131 proportiones,

423 3169 550 3223 qua
573 3151 951 3222 pradicatum
975 3150 1154 3205 habet
1179 3150 1449 3205 eumdem
1467 3148 1986 3220 terminum,quem
2009 3153 2066 3203 et

421 3240 758 3307 conclusio;
792 3239 980 3295 minor
1011 3245 1232 3306 autem,
1258 3257 1385 3311 quae
1408 3238 1564 3293 hunc
1595 3238 1912 3292 terminum
1948 3254 2063 3292 non

422 3330 617 3385 habet.
651 3329 718 3383 Et
747 3329 987 3400 insuper
1015 3329 1206 3383 minor
1262 3328 1581 3400 propositio
1611 3333 1700 3382 est
1746 3344 1873 3398 qua
1906 3326 2060 3381 idem

423 3419 755 3488 subiectum
786 3418 960 3473 habet
991 3420 1145 3489 quod
1177 3421 1234 3472 et
1261 3416 1578 3472 conclusio.

492 3527 583 3581 21.
615 3525 838 3580 Dicitur
865 3541 1035 3596 porro
1060 3523 1235 3579 etiam
1267 3522 1519 3578 deterior
1542 3528 1599 3577 et
1630 3522 1832 3577 melior
1861 3537 2066 3594 propo-

424 3615 560 3672 sitio
589 3614 647 3669 in
690 3612 1048 3686 syllogismo.
1111 3612 1391 3675 Quoniam
1454 3612 1611 3667 320
1665 3611 1820 3666 enim
1878 3610 2068 3664 omnis

424 3703 743 3776 propositio
773 3707 829 3759 et
858 3702 1244 3773 quantitatem
1277 3701 1453 3756 habet
1483 3702 1607 3771 (aut
1646 3701 1802 3755 enim
1839 3699 2068 3754 univer-

424 3791 564 3849 salis
623 3796 725 3847 aut
794 3790 1164 3864 particularis
1222 3792 1331 3861 est)
1405 3794 1462 3845 et
1536 3788 1876 3861 qualitatem
1950 3788 2073 3858 (aut

423 3882 581 3937 enim
613 3881 963 3936 afﬂrmativa
995 3884 1097 3935 aut
1125 3881 1390 3952 negativa
1419 3883 1533 3949 est,
1567 3878 1816 3934 deterior
1836 3878 2070 3946 quidem

424 3974 513 4025 est
550 3970 876 4025 secundum
907 3968 1289 4038 quantitatem
1324 3966 1695 4038 particularis
1731 3965 2068 4035 universali,

423 4059 749 4114 secundum
771 4058 1114 4129 qualitatem
1139 4062 1332 4112 autem
1361 4056 1626 4128 negativa
1647 4056 1898 4110 deterior
1918 4054 2070 4108 afﬁr-

423 4146 661 4214 mativa;
695 4145 1046 4217 relinquitur
1078 4145 1213 4200 inde
1235 4145 1506 4200 meliores
1527 4161 1658 4200 esse
1681 4143 2069 4199 universalem

425 4235 766 4308 particulari
797 4240 854 4290 et
891 4235 1297 4290 afﬁrmativam
1327 4233 1610 4306 negativa.

492 4325 583 4380 22.
617 4324 971 4381 Deteriorem
1003 4328 1196 4379 autem
1229 4340 1296 4378 ex
1327 4323 1826 4394 propositionibus
1875 4322 2068 4394 sequi-

421 4418 522 4471 tur
552 4412 869 4470 conclusio.
893 4414 947 4468 Si
983 4413 1166 4485 igitur
1193 4429 1260 4468 eo
1287 4412 1516 4468 duabus
1549 4411 1911 4468 afﬁrmativis
1941 4428 2071 4467 con-

424 4503 642 4560 stiterit
671 4502 1046 4575 syllogismus
1077 4506 1132 4558 et
1161 4501 1433 4557 ambalus
1456 4501 2071 4566 universalibus,nulla

424 4593 484 4648 in
514 4592 624 4648 hoc
663 4591 984 4663 propositio
1015 4595 1105 4646 est
1135 4591 1405 4658 deterior,
1439 4594 1496 4645 et
1527 4590 1635 4644 erit
1652 4592 1824 4645 etiam
1841 4588 2070 4645 conclu-

424 4682 511 4739 sio
557 4682 908 4738 afﬁrmativa
946 4684 1003 4736 et
1033 4679 1367 4736 universali.
1401 4679 1502 4734 Sin
1549 4695 1682 4735 vero
1725 4696 1794 4734 ex
1841 4679 2070 4735 duabus

2091 2018 2141 2083 B

2171 725 2482 802 ἐρχώμεθα,
2511 729 2633 783 τότε
2666 727 2880 802 λέγεται
2928 730 3027 784 οὐκ
3074 730 3127 784 ἐν
3176 730 3314 802 ὅλῳ⁹
3348 733 3483 803 οἷον,
3514 733 3569 785 Ὀ
3607 731 3796 804 ἄνθρω-

2170 837 2270 877 πος
2307 819 2513 892 αψυχον
2565 817 2664 872 οὐκ
2693 815 2848 872 ἔστιν·
2883 819 2940 890 ἢ,
2977 821 3030 873 Ὀ
3065 821 3344 895 ἄνθρωπος
3376 819 3475 874 οὐκ
3513 821 3564 874 ἓν
3595 821 3707 893 ὅλῳ
3729 827 3797 893 τῷ

2171 904 2370 980 ἀψύχῳ
2400 905 2556 960 ἐστίν·
2591 906 2706 961 ἀντὶ
2753 913 2873 979 τοῦ,
2905 909 3080 984 Μέρος
3132 908 3231 963 οὐκ
3260 906 3371 963 ἔστι
3412 913 3509 963 τοῦ
3541 910 3746 986 ἀψύχου
3773 913 3797 966 ὁ

2172 993 2474 1068 ἄνθρωπος.

2246 1085 2323 1138 ιε’.
2355 1087 2513 1138 Ὅταν
2576 1082 2631 1139 δὲ
2689 1085 2820 1158 πρὸς
2875 1086 2968 1140 τὸν
3018 1086 3373 1160 ὑποκείμενον
3433 1088 3490 1142 ἐκ
3544 1092 3640 1142 τοῦ
3685 1110 3796 1144 κατ-

2171 1172 2552 1246 ηγορουμένου
2604 1172 2919 1249 ὲρχώμεθα,
2956 1175 3080 1230 τότε
3129 1175 3343 1249 λέγεται
3404 1177 3520 1231 κατ’
3579 1174 3796 1239 οὐδενός

2171 1261 2308 1330 οἷον,
2356 1261 2425 1314 Τὸ
2483 1263 2696 1337 ἁψυχον
2755 1265 2872 1318 κατ’
2927 1261 3143 1326 οὐδενὸς
3193 1263 3485 1339 ἀνθρώπου
3542 1264 3696 1319 ἐστίν·
3747 1268 3797 1338 ἢ,

2169 1350 2239 1402 Τὸ
2299 1349 2509 1424 ἄψυχον
2590 1348 2764 1405 οὐδενὶ
2821 1351 3092 1427 ἀνθρώπῳ
3151 1353 3385 1428 ὑπάρχει
3427 1372 3441 1384 °
3497 1353 3758 1408 τουτέστιν
3789 1397 3799 1408 .

2171 1435 2333 1492 Οὐδὲν
2387 1443 2484 1493 τοῦ
2533 1439 2868 1514 ἀνθρωπείου
2921 1440 3098 1503 εἴδους
3150 1443 3369 1514 ἀτόμων
3415 1441 3542 1518 ἔχον
3599 1444 3800 1517 εὑρεθήη

2170 1547 2316 1580 σεται
2344 1527 2408 1580 τὸ
2439 1527 2573 1582 εἶναι
2602 1530 2636 1596 ἢ
2672 1529 2914 1604 λέγεσθαι
2947 1528 3180 1606 ἄψυχον.

2244 1622 2328 1678 ις’.
2379 1615 2483 1670 Δύο
2536 1618 2630 1688 μὲν
2676 1617 2768 1673 οὖν
2821 1621 3105 1694 προτάσεις
3153 1622 3182 1676 ὁ
3210 1620 3415 1696 κυρίως
3459 1616 3576 1696 ἔχει
3622 1619 3805 1676 συλλο-

2167 1705 2364 1780 γισμὸς
2395 1707 2423 1759 ὁ
2455 1705 2685 1768 ἁπλοῦς.

2248 1795 2328 1860 ιζ’.
2387 1791 2543 1851 Ἀλλ’
2599 1797 2635 1864 ἡ
2851 1797 3028 1852 αὐτῶν
3079 1796 3327 1853 καλεῖται
3387 1798 3626 1871 μείζων,
3682 1803 3714 1869 ἡ
3767 1797 3805 1854 δ’

2174 1880 2434 1938 ἐλάττων.

2249 1973 2336 2039 ιη’.
2389 1972 2486 2025 Καὶ
2544 1972 2742 2043 μείζων
2805 1976 2898 2046 μὲν
2951 1978 2985 2044 ἡ
3033 1977 3125 2030 τὸν
3175 1975 3301 2049 ὅρον
3349 1975 3552 2032 ἐκεῖνον
3626 1976 3808 2053 ἔχουσα

2173 2061 2669 2135 κατηγορούμενον,
2704 2062 2867 2138 ὅνπερ
2897 2065 2987 2118 καὶ
3016 2066 3078 2119 τὸ
3110 2067 3490 2142 συμπέρασμα.

2247 2169 2326 2219 ιθ’.
2387 2165 2656 2222 Ἐλάττων
2713 2166 2770 2223 δέ
2821 2169 2958 2224 ἐστιν
3015 2174 3050 2240 ἡ
3109 2171 3334 2246 λογική·
3385 2173 3498 2227 οἷον
3546 2171 3633 2227 ἐπὶ
3673 2173 3731 2228 τὸ
3760 2170 3809 2228 δὲ

2171 2259 2266 2309 τοῖ’)
2299 2253 2694 2329 ωλλογισμοῦ·
2729 2259 2790 2312 Ἡ
2839 2261 2991 2334 ψυχή
3043 2260 3366 2330 ἀεικίνητος·
3410 2263 3470 2315 τὸ
3515 2260 3804 2332 ἀεικίνητον

2173 2343 2453 2397 ἀθάνατον·
2504 2347 2539 2413 ἡ
2589 2348 2740 2420 ψυχὴ
2793 2348 2893 2419 ἄρα
2952 2348 3230 2412 ἀθάνατος,
3293 2350 3502 2419 Μείζων
3563 2349 3808 2427 πρότασίς

2173 2431 2312 2486 ἐστιν
2360 2436 2394 2501 ἡ
2444 2432 2694 2508 λέγουσα·
2747 2437 2816 2490 Τὸ
2866 2437 3170 2507 ἀεικίνητον
3217 2439 3498 2510 ἀθάνατον,
3552 2436 3670 2516 ἔχει
3719 2440 3812 2514 γὰρ

2172 2521 2233 2575 τὸ
2303 2521 2561 2584 ἀθάνατον
2635 2525 3154 2599 κατηγορούμενονο
3216 2527 3347 2602 ὅπερ
3422 2527 3536 2583 ἐστὶ
3609 2528 3698 2583 καὶ
3746 2531 3816 2599 τῷ

2173 2612 2586 2683 συμπεράσματι
2654 2614 2863 2686 ὁμοίως
2940 2617 3410 2692 κατηγορούμενον
3464 2663 3476 2674 .
3549 2617 3621 2672 Τὸ
3691 2638 3815 2690 συμ-

2171 2697 2421 2772 πέρασμα
2489 2700 2592 2775 γὰρ
2660 2703 2694 2770 ἡ
2769 2705 2922 2778 ψυχὴ
3009 2704 3265 2767 ἀθάνατος
3325 2747 3337 2758 .
3415 2703 3690 2760 Ἐλάττων
3767 2702 3818 2760 δὲ

2171 2787 2429 2862 πρότασίς
2513 2788 2650 2845 ἐστιν
2727 2793 2762 2860 ἡ
2842 2790 3074 2868 λέγουσα
3149 2792 3232 2848 δτι
3309 2796 3343 2863 ἡ
3423 2797 3578 2870 ψυχὴ
3659 2794 3814 2849 ἀεικί-

2170 2897 2360 2946 νητος.

2241 2968 2307 3022 κ’.
2356 2966 2478 3021 Ἐπὶ
2529 2965 2586 3022 δὲ
2625 2973 2734 3022 τῶν
2788 2969 3045 3025 συνθέτων
3103 2970 3495 3046 συλλογισμῶν
3547 2972 3816 3048 ἀναλόγως

2177 3054 2371 3127 μείζων
2420 3057 2512 3128 μὲν
2566 3053 2675 3111 ἔστι
2725 3063 2908 3112 πασῶν
2957 3059 3268 3135 προτάσεων
3319 3062 3354 3128 ἡ
3405 3059 3612 3136 ἔχουσα
3658 3082 3812 3131 κατη-

2170 3143 2503 3218 γοροῦμενον
2560 3147 2651 3202 τὸν
2702 3147 2859 3202 αὐτὸν
2907 3148 3052 3221 ὅρον,
3097 3149 3257 3224 ὅνπερ
3305 3150 3394 3203 καὶ
3441 3150 3507 3203 τὸ
3554 3152 3817 3225 συμπερα-

2172 3253 2300 3303 σμα·
2359 3232 2594 3288 ἐλάττων
2646 3233 2703 3290 δὲ
2753 3239 2787 3304 ἡ
2842 3237 2932 3290 τὸν
2984 3241 3230 3291 τοιοῦτον
3291 3237 3417 3312 ὅρον
3471 3241 3548 3311 μὴ
3601 3237 3813 3314 ἔχουσα·

2170 3319 2260 3374 καὶ
2309 3319 2386 3375 ἔτι
2445 3320 2681 3377 ἐλάττων
2736 3328 2771 3393 ἡ
2824 3322 3025 3400 ἔχουσα
3088 3327 3179 3380 τὸν
3237 3325 3394 3381 αὐτὸν
3447 3327 3816 3400 ὑποκείμενον,

2093 3388 2135 3454 C
2174 3408 2336 3485 ὅνπερ
2366 3411 2453 3464 καὶ
2479 3412 2541 3465 τὸ
2566 3411 2947 3488 συμπέρασμα.

2247 3519 2347 3572 κα“.
2399 3519 2619 3593 Λὲγεται
2666 3516 2722 3573 δὲ
2773 3520 2860 3573 καὶ
2908 3519 3108 3596 χείρων
3157 3521 3417 3596 πρότασις
3465 3521 3520 3576 ἐν
3571 3522 3822 3598 συλλογι-

2179 3609 2321 3676 σμῷ,
2372 3606 2458 3660 καὶ
2515 3607 2793 3682 κρείττων·
2855 3608 2968 3662 ἐπεὶ
3025 3609 3126 3684 γὰρ
3183 3615 3325 3663 πᾶσα
3380 3610 3684 3686 πρότασις,
3739 3610 3818 3665 καὶ

2177 3695 2342 3748 ποσὸν
2376 3691 2489 3770 ἔχει
2540 3698 2594 3770 (ἢ
2642 3699 2741 3772 γὰρ
2790 3696 3028 3761 καθόλου
3076 3698 3111 3766 ἢ
3149 3699 3368 3773 μερικὴ)
3416 3698 3510 3753 καὶ
3555 3701 3736 3756 ποιόν.

2179 3784 2282 3858 γὰρ
2340 3787 2698 3862 καταφπικὴ,
2756 3783 2793 3855 ἤ
2854 3786 3184 3864 ἀποφατική)
3226 3829 3238 3841 .
3300 3787 3503 3864 χείρων
3569 3791 3666 3863 μὲν
3722 3786 3822 3843 ἔστι

2178 3873 2314 3926 κατὰ
2367 3875 2474 3947 (τὸ)
2529 3875 2694 3928 ποσὸν
2748 3882 2850 3945 τῆς
2907 3875 3142 3930 καθόλου
3189 3879 3223 3945 ἡ
3279 3879 3499 3951 μερική·
3541 3878 3745 3954 χείρων
3774 3875 3826 3932 δὲ

2178 3960 2267 4013 καὶ
2321 3963 2457 4016 κατᾶ
2511 3964 2574 4016 τὸ
2629 3965 2786 4018 ποιὸν
2832 3967 2931 4032 τῆς
2985 3972 3353 4042 καταφατικῆς
3409 3968 3444 4034 ἡ
3494 3965 3823 4044 ἆποφατική.

2180 4050 2380 4104 Λοιπὸν
2437 4052 2714 4126 κρείττους
2771 4055 2806 4121 ἡ
2864 4051 3102 4108 καθόλου
3158 4061 3260 4123 τῆς
3315 4057 3584 4130 μερικῆς,
3646 4055 3736 4110 καὶ
3790 4057 3820 4124 ἡ

2177 4141 2512 4217 καταφατική
2542 4147 2642 4210 τῆς
2672 4142 3031 4219 ἀποφατικῆς.

2246 4320 2351 4394 κβ’.
2384 4324 2460 4393 Τῇ
2491 4320 2698 4396 χείρονι
2745 4319 2803 4375 δὲ
2847 4326 2954 4376 τῶν
3006 4323 3317 4397 προτάσεων
3365 4318 3555 4377 ἕπεται
3601 4323 3667 4377 τὸ
3698 4342 3824 4394 συμ-

2177 4406 2463 4483 πέρασμα.
2515 4409 2578 4463 El
2629 4410 2720 4483 μὲν
2768 4408 2858 4464 οὖν
2927 4409 2986 4464 ἐκ
3037 4407 3132 4465 δύο
3172 4415 3548 4489 καταφπικλῦν
3609 4408 3823 4476 συστοίη

2179 4498 2206 4550 ὁ
2255 4495 2624 4574 συλγογισμὸς
2671 4499 2760 4554 καὶ
2800 4499 3002 4576 ἀμφοῖν
3040 4498 3295 4554 καθόλου·
3351 4497 3584 4572 οὐδεμία
3631 4499 3826 4575 πρότα-

2179 4607 2262 4647 σις
2294 4586 2550 4660 ἐντούτῳ
2603 4588 2801 4664 χείρων
2850 4587 2980 4643 ἐστί.
3032 4589 3129 4643 Καὶ
3178 4585 3322 4643 ἔσται
3374 4590 3435 4643 τὸ
3466 4590 3827 4665 συμπέρασμα

2176 4674 2265 4729 καὶ
2323 4677 2679 4753 καταφατικὸν
2735 4677 2824 4731 καὶ
2880 4678 3117 4732 καθόλου
3150 4695 3163 4709 ⁸
3198 4676 3256 4732 ἃν
3317 4675 3364 4732 δ’
3422 4677 3480 4732 ἐκ
3536 4675 3636 4732 δύο
3678 4697 3826 4732 κατα-

426 4770 792 4826 afﬁrmativis
824 4769 1302 4841 propositonibus
1335 4767 1710 4840 syllogismus
1740 4769 1932 4833 fuerit,
1958 4785 2067 4823 una

2188 4769 2416 4841 φατικῶν
2477 4762 2556 4836 εἷίη
2635 4767 2945 4840 προτάσεων
3003 4769 3031 4822 ὁ
3087 4764 3464 4842 συλλογισμὸς
3503 4813 3516 4837 ,
3579 4774 3680 4837 τῆς
3742 4765 3825 4839 μὲν

425 4858 760 4923 universali,
791 4858 974 4914 altera
1006 4857 1366 4928 particulari,
1394 4858 1671 4929 quoniam
1703 4857 2072 4928 particularis

425 4947 739 5004 universali
760 4952 849 5003 est
864 4948 1139 5016 deterior,
1160 4953 1224 5001 ut
1239 4947 1461 5001 dictum
1484 4952 1600 5014 est;
1624 4947 1918 5002 conclusio
1945 4965 2072 5018 quae

425 5036 576 5092 hanc
605 5036 949 5092 deteriorem
983 5036 1250 5108 sequitur
1279 5035 1388 5090 erit
1414 5033 1785 5107 particularis
1815 5036 2070 5091 afﬁrma-

425 5125 561 5180 tiva.
597 5125 758 5190 Quod
809 5125 857 5180 si
910 5142 1148 5181 rursum
1197 5141 1265 5180 ex
1322 5141 1442 5178 una
1487 5124 1856 5192 aifirmativa,
1891 5123 2075 5179 altera

425 5212 713 5286 negativa,
748 5216 806 5268 et
834 5229 966 5268 vero
996 5214 1284 5269 ambabus
1331 5213 1758 5268 universalibus
1807 5212 2072 5286 syllogis-

424 5319 560 5360 mus
591 5305 896 5357 consertus
926 5302 1120 5369 fuerit,
1152 5303 1448 5358 conclusio
1507 5302 1744 5374 quidem
1776 5302 2072 5358 universa-

421 5392 497 5448 lis
528 5390 1142 5463 erit(quandoquidem
1174 5391 1336 5446 nulla
1357 5392 1673 5463 propositio
1705 5391 2075 5463 particularis

422 5480 831 5553 est),negativa
862 5483 1155 5546 tamen,ut
1187 5496 1312 5550 qua:
1337 5480 1683 5536 deteriorem
1715 5480 1774 5535 in
1797 5480 2076 5552 qualitate

423 5572 570 5629 32]
609 5567 1069 5643 propositionem
1104 5574 1404 5639 sequatur.
1431 5570 1533 5624 Sin
1560 5569 1808 5640 denique
1839 5585 1907 5624 ex
1938 5587 2075 5642 par-

420 5661 654 5718 ticulari
687 5657 1040 5715 afﬁrmativa
1056 5660 1113 5714 et
1137 5656 1456 5712 universali
1488 5659 2075 5730 negativa,perfectus

421 5750 599 5808 fuerit
629 5747 1033 5823 syllogismus,
1077 5744 1376 5802 conclusio
1431 5748 1696 5816 sequitur
1734 5747 1792 5801 in
1845 5749 2077 5818 quanti-

420 5845 542 5905 tate
572 5839 812 5917 quidem
842 5834 1282 5919 particularem,
1343 5834 1403 5893 in
1437 5833 1721 5909 qualitate
1749 5842 1943 5895 autem
1976 5854 2077 5896 ne-

2187 4860 2314 4926 μιᾶς
2371 4853 2628 4926 καθόλου,
2675 4858 2774 4924 τῆς
2821 4855 3002 4932 ὲτὲρας
3053 4853 3110 4910 δὲ
3166 4863 3413 4932 μερικῆς·
3465 4855 3583 4910 ἐπεὶ
3633 4856 3826 4931 χείρων

2183 4942 2345 5011 ἐστὶν,
2379 4943 2454 5004 ὡς
2505 4940 2734 5017 εἷ’ρηται,
2781 4951 2880 5013 τῆς
2927 4943 3165 5008 καθόλου
3213 4947 3248 5014 ἡ
3304 4946 3523 5018 μερική·
3563 4944 3733 5018 ταύτῃ
3764 4939 3822 5008 δὴ

2180 5036 2248 5105 τῇ
2292 5031 2504 5106 χείρονι
2553 5032 2816 5105 ἑπόμενον
2877 5032 2940 5088 τὸ
2989 5033 3353 5109 συμπέρασμα
3404 5029 3548 5088 ἔσται
3615 5033 3825 5109 μερικὸν

2181 5123 2540 5200 καταφατικόν
2575 5169 2586 5180 .
2647 5125 2745 5179 Ἀν
2807 5121 2852 5177 δ’
2929 5121 2988 5177 ἐκ
3052 5129 3176 5196 μιᾶς
3258 5125 3350 5194 μὲν
3420 5123 3822 5199 καταφατικῆς,

2184 5211 2366 5283 ἑτέρας
2423 5209 2479 5266 δὲ
2537 5213 2898 5291 ἀποφατικῆς,
2940 5211 3029 5266 καὶ
3087 5213 3288 5289 ἀμφοῖν
3321 5209 3379 5265 δὲ
3428 5208 3672 5274 καθόλου
3703 5230 3825 5280 συμ-

2183 5297 2416 5370 πλακείη
2473 5299 2872 5378 συλλογισμός·
2929 5297 3079 5355 ἕσται
3136 5301 3196 5355 τὸ
3255 5300 3619 5376 συμπέρασμα
3675 5295 3822 5360 καθό-

2184 5387 2286 5444 λου
2343 5391 2436 5463 μὶν
2485 5390 2722 5468 (ἐπείπερ
2772 5388 3000 5462 οὐδεμία
3044 5389 3301 5466 πρότασις
3354 5390 3592 5464 μερικὴ),
3629 5388 3826 5464 ἀποφα-

2183 5480 2329 5534 τικὸν
2365 5477 2421 5534 δὲ
2448 5484 2517 5553 τῇ
2568 5481 2779 5554 χείρονι
2829 5481 2962 5534 κατᾶ
3011 5479 3072 5533 τὸ
3117 5479 3272 5534 ποιὸν
3323 5478 3575 5554 προτάσει
3629 5476 3822 5547 ἑπόμε-

2183 5589 2274 5623 νον
2312 5588 2324 5599 ⁸
2381 5567 2439 5624 ἂν
2501 5567 2635 5624 δ’ἐκ
2696 5577 2924 5645 μερικῆς
2976 5574 3344 5646 καταφατικῆς
3377 5612 3390 5637 ,
3449 5566 3539 5621 καὶ
3592 5562 3822 5620 καθολου

2185 5657 2525 5736 ἀποφατικῆς
2587 5659 2936 5730 ἀπαρτισθείη
2993 5656 3365 5732 συλλογισμὸς
3398 5703 3413 5728 ,
3471 5652 3825 5721 ἀκολουθήσει

2182 5748 2245 5803 τὸ
2296 5749 2657 5821 συμπέρασμα
2701 5751 2770 5820 τῇ
2822 5749 3160 5825 καταφατικῇ
3209 5745 3304 5820 μὲν
3349 5745 3485 5800 κατὰ
3539 5744 3602 5799 τὸ
3646 5741 3825 5810 ποσὸν,

2183 5840 2254 5914 τῇ
2292 5837 2603 5921 ἀποφατικῇ
2653 5834 2711 5894 δὲ
2758 5837 2894 5894 κατὰ
2937 5837 3000 5894 τὸ
3050 5835 3229 5894 ποιόν·
3278 5835 3368 5892 καὶ
3416 5832 3562 5896 ἔσται
3613 5831 3825 5915 μερικόν
