  <div class='ocr_page' id='page_1' title='image "/cluster/home/n/w/nwhite01/storage/ocr_20150623/142/mdp.39015078384792/476.png"; bbox 0 0 4108 6496; ppageno 0'>
   <div class='ocr_carea' id='block_1_1' title="bbox 257 505 360 565">
    <p class='ocr_par' dir='ltr' id='par_1_1' title="bbox 257 505 360 565">
     <span class='ocr_line' id='line_1_1' title="bbox 257 505 360 565; baseline -0.019 0"><span class='ocrx_word' id='word_1_1' title='bbox 257 505 360 565; x_wconf 84' lang='grc'><strong>937</strong></span> 
     </span>
    </p>
   </div>
   <div class='ocr_carea' id='block_1_2' title="bbox 1599 502 2296 565">
    <p class='ocr_par' dir='ltr' id='par_1_2' title="bbox 1599 502 2296 565">
     <span class='ocr_line' id='line_1_2' title="bbox 1599 502 2296 565; baseline -0.003 -1"><span class='ocrx_word' id='word_1_2' title='bbox 1599 502 1949 565; x_wconf 85' lang='lat' dir='ltr'><strong>EPITOME</strong></span> <span class='ocrx_word' id='word_1_3' title='bbox 1992 502 2296 564; x_wconf 89' lang='lat' dir='ltr'><strong>LOGlCA.</strong></span> 
     </span>
    </p>
   </div>
   <div class='ocr_carea' id='block_1_3' title="bbox 3525 506 3645 568">
    <p class='ocr_par' dir='ltr' id='par_1_3' title="bbox 3525 506 3645 568">
     <span class='ocr_line' id='line_1_3' title="bbox 3525 506 3645 568; baseline 0.017 -2"><span class='ocrx_word' id='word_1_4' title='bbox 3525 506 3645 568; x_wconf 82' lang='lat'><strong>938</strong></span> 
     </span>
    </p>
   </div>
   <div class='ocr_carea' id='block_1_4' title="bbox 256 633 1910 714">
    <p class='ocr_par' dir='ltr' id='par_1_4' title="bbox 256 633 1886 714">
     <span class='ocr_line' id='line_1_4' title="bbox 256 633 1886 714; baseline -0.001 -24"><span class='ocrx_word' id='word_1_5' title='bbox 256 635 574 713; x_wconf 81' lang='grc' dir='ltr'>ἀποφατικὸν</span> <span class='ocrx_word' id='word_1_6' title='bbox 622 633 674 708; x_wconf 81' lang='grc' dir='ltr'>ἐξ</span> <span class='ocrx_word' id='word_1_7' title='bbox 721 635 1040 714; x_wconf 70' lang='grc' dir='ltr'><strong>ἀμφοτέρων</strong></span> <span class='ocrx_word' id='word_1_8' title='bbox 1086 638 1196 690; x_wconf 79' lang='grc' dir='ltr'><strong>τῶν</strong></span> <span class='ocrx_word' id='word_1_9' title='bbox 1241 635 1550 710; x_wconf 79' lang='grc' dir='ltr'>προτάσεων</span> <span class='ocrx_word' id='word_1_10' title='bbox 1599 635 1663 690; x_wconf 86' lang='grc' dir='ltr'>τὸ</span> <span class='ocrx_word' id='word_1_11' title='bbox 1711 633 1886 710; x_wconf 73' lang='grc' dir='ltr'>χείρις</span> 
     </span>
    </p>
   </div>
   <div class='ocr_carea' id='block_1_5' title="bbox 2029 633 3645 714">
    <p class='ocr_par' dir='ltr' id='par_1_5' title="bbox 2029 634 3645 710">
     <span class='ocr_line' id='line_1_5' title="bbox 2029 634 3645 710; baseline 0.002 -20"><span class='ocrx_word' id='word_1_12' title='bbox 2029 635 2279 707; x_wconf 58' lang='lat' dir='ltr'><strong>(stivam;</strong></span> <span class='ocrx_word' id='word_1_13' title='bbox 2310 636 2534 708; x_wconf 83' lang='lat' dir='ltr'><strong>eritque</strong></span> <span class='ocrx_word' id='word_1_14' title='bbox 2566 634 2935 707; x_wconf 89' lang='lat' dir='ltr'><strong>particularis</strong></span> <span class='ocrx_word' id='word_1_15' title='bbox 2962 637 3246 709; x_wconf 88' lang='lat' dir='ltr'><strong>negativa,</strong></span> <span class='ocrx_word' id='word_1_16' title='bbox 3271 654 3398 710; x_wconf 73' lang='lat' dir='ltr'><strong>quas</strong></span> <span class='ocrx_word' id='word_1_17' title='bbox 3430 655 3498 695; x_wconf 85' lang='lat' dir='ltr'><strong>ex</strong></span> <span class='ocrx_word' id='word_1_18' title='bbox 3524 656 3645 694; x_wconf 89' lang='lat' dir='ltr'><strong>am-</strong></span> 
     </span>
    </p>
   </div>
   <div class='ocr_carea' id='block_1_6' title="bbox 258 722 780 798">
    <p class='ocr_par' dir='ltr' id='par_1_6' title="bbox 258 722 780 798">
     <span class='ocr_line' id='line_1_6' title="bbox 258 722 780 798; baseline 0 -17"><span class='ocrx_word' id='word_1_19' title='bbox 258 745 367 781; x_wconf 88' lang='grc' dir='ltr'>στον</span> <span class='ocrx_word' id='word_1_20' title='bbox 399 722 780 798; x_wconf 80' lang='grc' dir='ltr'>ἐκλεξάμενον.</span> 
     </span>
    </p>
   </div>
   <div class='ocr_carea' id='block_1_7' title="bbox 318 900 1892 981">
    <p class='ocr_par' dir='ltr' id='par_1_7' title="bbox 318 900 1892 981">
     <span class='ocr_line' id='line_1_7' title="bbox 318 900 1892 981; baseline -0.003 -21"><span class='ocrx_word' id='word_1_21' title='bbox 318 905 417 980; x_wconf 87' lang='grc' dir='ltr'>κγ’.</span> <span class='ocrx_word' id='word_1_22' title='bbox 495 906 588 960; x_wconf 88' lang='grc' dir='ltr'><strong>Ἐκ</strong></span> <span class='ocrx_word' id='word_1_23' title='bbox 661 902 756 959; x_wconf 86' lang='grc' dir='ltr'><strong>δύο</strong></span> <span class='ocrx_word' id='word_1_24' title='bbox 833 901 891 959; x_wconf 72' lang='grc' dir='ltr'><strong>δὲ</strong></span> <span class='ocrx_word' id='word_1_25' title='bbox 972 903 1318 981; x_wconf 71' lang='grc' dir='ltr'><strong>ἀποφατικῶν</strong></span> <span class='ocrx_word' id='word_1_26' title='bbox 1402 901 1737 979; x_wconf 84' lang='grc' dir='ltr'>προτάσεων,</span> <span class='ocrx_word' id='word_1_27' title='bbox 1796 900 1892 955; x_wconf 75' lang='grc' dir='ltr'>κᾶν</span> 
     </span>
    </p>
   </div>
   <div class='ocr_carea' id='block_1_8' title="bbox 1998 724 3644 798">
    <p class='ocr_par' dir='ltr' id='par_1_8' title="bbox 1998 724 3644 798">
     <span class='ocr_line' id='line_1_8' title="bbox 1998 724 3644 798; baseline 0.004 -19"><span class='ocrx_word' id='word_1_28' title='bbox 1998 724 2185 780; x_wconf 87' lang='lat' dir='ltr'><strong>babus</strong></span> <span class='ocrx_word' id='word_1_29' title='bbox 2216 724 2710 796; x_wconf 81' lang='lat' dir='ltr'><strong>prapositionibus</strong></span> <span class='ocrx_word' id='word_1_30' title='bbox 2740 725 2798 780; x_wconf 89' lang='lat' dir='ltr'><strong>id</strong></span> <span class='ocrx_word' id='word_1_31' title='bbox 2823 725 2974 798; x_wconf 92' lang='lat' dir='ltr'><strong>quod</strong></span> <span class='ocrx_word' id='word_1_32' title='bbox 2999 726 3381 784; x_wconf 89' lang='lat' dir='ltr'><strong>deterrimum</strong></span> <span class='ocrx_word' id='word_1_33' title='bbox 3409 731 3501 784; x_wconf 91' lang='lat' dir='ltr'><strong>est</strong></span> <span class='ocrx_word' id='word_1_34' title='bbox 3527 727 3644 784; x_wconf 86' lang='lat' dir='ltr'><strong>ele-</strong></span> 
     </span>
    </p>
   </div>
   <div class='ocr_carea' id='block_1_9' title="bbox 2001 812 2172 884">
    <p class='ocr_par' dir='ltr' id='par_1_9' title="bbox 2001 812 2172 884">
     <span class='ocr_line' id='line_1_9' title="bbox 2001 812 2172 884; baseline -0.012 -16"><span class='ocrx_word' id='word_1_35' title='bbox 2001 812 2172 884; x_wconf 85' lang='lat' dir='ltr'><strong>gerit.</strong></span> 
     </span>
    </p>
   </div>
   <div class='ocr_carea' id='block_1_10' title="bbox 2069 901 3641 978">
    <p class='ocr_par' dir='ltr' id='par_1_10' title="bbox 2069 901 3641 978">
     <span class='ocr_line' id='line_1_10' title="bbox 2069 901 3641 978; baseline 0.005 -23"><span class='ocrx_word' id='word_1_36' title='bbox 2069 901 2160 956; x_wconf 84' lang='lat'><strong>23.</strong></span> <span class='ocrx_word' id='word_1_37' title='bbox 2190 902 2272 956; x_wconf 82' lang='lat' dir='ltr'><strong>Ex</strong></span> <span class='ocrx_word' id='word_1_38' title='bbox 2301 902 2531 957; x_wconf 90' lang='lat' dir='ltr'><strong>duabus</strong></span> <span class='ocrx_word' id='word_1_39' title='bbox 2564 907 2763 958; x_wconf 91' lang='lat' dir='ltr'><strong>autem</strong></span> <span class='ocrx_word' id='word_1_40' title='bbox 2803 904 3083 977; x_wconf 88' lang='lat' dir='ltr'><strong>negativis</strong></span> <span class='ocrx_word' id='word_1_41' title='bbox 3122 905 3641 978; x_wconf 81' lang='lat' dir='ltr'><strong>propositionibus,</strong></span> 
     </span>
    </p>
   </div>
   <div class='ocr_carea' id='block_1_11' title="bbox 258 989 1910 1068">
    <p class='ocr_par' dir='ltr' id='par_1_11' title="bbox 258 989 1891 1068">
     <span class='ocr_line' id='line_1_11' title="bbox 258 989 1891 1068; baseline -0.003 -19"><span class='ocrx_word' id='word_1_42' title='bbox 258 992 486 1059; x_wconf 77' lang='grc' dir='ltr'>καθόλου</span> <span class='ocrx_word' id='word_1_43' title='bbox 533 993 669 1049; x_wconf 76' lang='grc' dir='ltr'>εἷεν·</span> <span class='ocrx_word' id='word_1_44' title='bbox 730 993 764 1062; x_wconf 73' lang='grc' dir='ltr'><strong>ἢ</strong></span> <span class='ocrx_word' id='word_1_45' title='bbox 817 994 876 1048; x_wconf 86' lang='grc' dir='ltr'><strong>ἐκ</strong></span> <span class='ocrx_word' id='word_1_46' title='bbox 922 990 1016 1047; x_wconf 86' lang='grc' dir='ltr'><strong>δύο</strong></span> <span class='ocrx_word' id='word_1_47' title='bbox 1082 997 1335 1068; x_wconf 80' lang='grc' dir='ltr'>μερικῶν,</span> <span class='ocrx_word' id='word_1_48' title='bbox 1381 990 1478 1046; x_wconf 78' lang='grc' dir='ltr'>κᾶν</span> <span class='ocrx_word' id='word_1_49' title='bbox 1536 989 1891 1068; x_wconf 82' lang='grc' dir='ltr'>καταφατικαὶ</span> 
     </span>
    </p>
   </div>
   <div class='ocr_carea' id='block_1_12' title="bbox 2029 989 3642 1068">
    <p class='ocr_par' dir='ltr' id='par_1_12' title="bbox 2029 989 3642 1067">
     <span class='ocr_line' id='line_1_12' title="bbox 2029 989 3642 1067; baseline 0.007 -27"><span class='ocrx_word' id='word_1_50' title='bbox 2029 989 2112 1043; x_wconf 74' lang='grc' dir='ltr'>ιῐεί</span> <span class='ocrx_word' id='word_1_51' title='bbox 2141 989 2499 1047; x_wconf 75' lang='lat' dir='ltr'><strong>universales</strong></span> <span class='ocrx_word' id='word_1_52' title='bbox 2529 991 2746 1047; x_wconf 77' lang='lat' dir='ltr'><strong>iuerint</strong></span> <span class='ocrx_word' id='word_1_53' title='bbox 2779 1009 2791 1047; x_wconf 93' lang='lat'>:</span> <span class='ocrx_word' id='word_1_54' title='bbox 2826 997 2927 1048; x_wconf 91' lang='lat' dir='ltr'><strong>aut</strong></span> <span class='ocrx_word' id='word_1_55' title='bbox 2955 1009 3024 1048; x_wconf 83' lang='lat' dir='ltr'><strong>ex</strong></span> <span class='ocrx_word' id='word_1_56' title='bbox 3051 994 3280 1050; x_wconf 87' lang='lat' dir='ltr'><strong>duabus</strong></span> <span class='ocrx_word' id='word_1_57' title='bbox 3329 996 3642 1067; x_wconf 88' lang='lat' dir='ltr'><strong>particula-</strong></span> 
     </span>
    </p>
   </div>
   <div class='ocr_carea' id='block_1_13' title="bbox 261 1078 1613 1158">
    <p class='ocr_par' dir='ltr' id='par_1_13' title="bbox 261 1078 1613 1158">
     <span class='ocr_line' id='line_1_13' title="bbox 261 1078 1613 1158; baseline -0.001 -20"><span class='ocrx_word' id='word_1_58' title='bbox 261 1083 373 1149; x_wconf 77' lang='grc' dir='ltr'>εἶεν,</span> <span class='ocrx_word' id='word_1_59' title='bbox 407 1080 666 1138; x_wconf 80' lang='grc' dir='ltr'>οὐδέποτε</span> <span class='ocrx_word' id='word_1_60' title='bbox 696 1079 913 1137; x_wconf 81' lang='grc' dir='ltr'>δύναται</span> <span class='ocrx_word' id='word_1_61' title='bbox 944 1080 1183 1158; x_wconf 85' lang='grc' dir='ltr'>γενέσθαι</span> <span class='ocrx_word' id='word_1_62' title='bbox 1214 1078 1613 1155; x_wconf 84' lang='grc' dir='ltr'>συλλογισμός.</span> 
     </span>
    </p>
   </div>
   <div class='ocr_carea' id='block_1_14' title="bbox 322 1257 1892 1339">
    <p class='ocr_par' dir='ltr' id='par_1_14' title="bbox 322 1257 1892 1339">
     <span class='ocr_line' id='line_1_14' title="bbox 322 1257 1892 1339; baseline -0.005 -20"><span class='ocrx_word' id='word_1_63' title='bbox 322 1261 419 1321; x_wconf 78' lang='grc' dir='ltr'>κδ’.</span> <span class='ocrx_word' id='word_1_64' title='bbox 475 1264 538 1319; x_wconf 89' lang='grc' dir='ltr'><strong><em>Ἣ</em></strong></span> <span class='ocrx_word' id='word_1_65' title='bbox 596 1260 642 1317; x_wconf 85' lang='grc' dir='ltr'>δ’</span> <span class='ocrx_word' id='word_1_66' title='bbox 699 1262 1045 1339; x_wconf 69' lang='grc' dir='ltr'>ἀπιπροφή,</span> <span class='ocrx_word' id='word_1_67' title='bbox 1099 1260 1265 1317; x_wconf 81' lang='grc' dir='ltr'>οἱονεὶ</span> <span class='ocrx_word' id='word_1_68' title='bbox 1343 1262 1547 1338; x_wconf 74' lang='grc' dir='ltr'>στροφή</span> <span class='ocrx_word' id='word_1_69' title='bbox 1605 1258 1686 1321; x_wconf 87' lang='grc' dir='ltr'><strong>τίς</strong></span> <span class='ocrx_word' id='word_1_70' title='bbox 1753 1257 1892 1312; x_wconf 84' lang='grc' dir='ltr'>ἐστιν</span> 
     </span>
    </p>
   </div>
   <div class='ocr_carea' id='block_1_15' title="bbox 263 1348 1207 1426">
    <p class='ocr_par' dir='ltr' id='par_1_15' title="bbox 263 1348 1207 1426">
     <span class='ocr_line' id='line_1_15' title="bbox 263 1348 1207 1426; baseline -0.001 -18"><span class='ocrx_word' id='word_1_71' title='bbox 263 1353 330 1415; x_wconf 85' lang='grc' dir='ltr'>εἰς</span> <span class='ocrx_word' id='word_1_72' title='bbox 356 1350 600 1407; x_wconf 84' lang='grc' dir='ltr'>τούπίσω</span> <span class='ocrx_word' id='word_1_73' title='bbox 627 1350 717 1407; x_wconf 76' lang='grc' dir='ltr'><strong>καὶ</strong></span> <span class='ocrx_word' id='word_1_74' title='bbox 747 1348 1207 1426; x_wconf 83' lang='grc' dir='ltr'>πολινδρόμησις.</span> 
     </span>
    </p>
   </div>
   <div class='ocr_carea' id='block_1_16' title="bbox 323 1437 1890 1517">
    <p class='ocr_par' dir='ltr' id='par_1_16' title="bbox 323 1437 1890 1517">
     <span class='ocr_line' id='line_1_16' title="bbox 323 1437 1890 1517; baseline -0.004 -21"><span class='ocrx_word' id='word_1_75' title='bbox 323 1443 414 1498; x_wconf 85' lang='grc' dir='ltr'>κε’.</span> <span class='ocrx_word' id='word_1_76' title='bbox 446 1440 595 1510; x_wconf 77' lang='grc' dir='ltr'>Αὕτη</span> <span class='ocrx_word' id='word_1_77' title='bbox 655 1442 691 1509; x_wconf 80' lang='grc' dir='ltr'>ἠ</span> <span class='ocrx_word' id='word_1_78' title='bbox 744 1439 1068 1517; x_wconf 85' lang='grc' dir='ltr'>ἀντιστροφή</span> <span class='ocrx_word' id='word_1_79' title='bbox 1130 1439 1220 1493; x_wconf 81' lang='grc' dir='ltr'><strong>καὶ</strong></span> <span class='ocrx_word' id='word_1_80' title='bbox 1278 1437 1329 1493; x_wconf 88' lang='grc' dir='ltr'><strong>ἐν</strong></span> <span class='ocrx_word' id='word_1_81' title='bbox 1384 1437 1535 1514; x_wconf 78' lang='grc' dir='ltr'>ὅροις</span> <span class='ocrx_word' id='word_1_82' title='bbox 1591 1438 1890 1513; x_wconf 80' lang='grc' dir='ltr'>θεωρεῖται,</span> 
     </span>
    </p>
   </div>
   <div class='ocr_carea' id='block_1_17' title="bbox 257 1526 1417 1607">
    <p class='ocr_par' dir='ltr' id='par_1_17' title="bbox 257 1526 1417 1607">
     <span class='ocr_line' id='line_1_17' title="bbox 257 1526 1417 1607; baseline -0.003 -21"><span class='ocrx_word' id='word_1_83' title='bbox 257 1531 338 1586; x_wconf 84' lang='grc' dir='ltr'><strong>καὶ</strong></span> <span class='ocrx_word' id='word_1_84' title='bbox 368 1529 420 1584; x_wconf 79' lang='grc' dir='ltr'><strong>ἐν</strong></span> <span class='ocrx_word' id='word_1_85' title='bbox 447 1527 759 1607; x_wconf 83' lang='grc' dir='ltr'>προτάσεσι,</span> <span class='ocrx_word' id='word_1_86' title='bbox 790 1528 880 1583; x_wconf 83' lang='grc' dir='ltr'>καὶ</span> <span class='ocrx_word' id='word_1_87' title='bbox 912 1527 962 1583; x_wconf 81' lang='grc' dir='ltr'><strong>ἐν</strong></span> <span class='ocrx_word' id='word_1_88' title='bbox 996 1526 1417 1603; x_wconf 86' lang='grc' dir='ltr'>συλλαγισμοῖς.</span> 
     </span>
    </p>
   </div>
   <div class='ocr_carea' id='block_1_18' title="bbox 323 1611 1896 1694">
    <p class='ocr_par' dir='ltr' id='par_1_18' title="bbox 323 1611 1896 1694">
     <span class='ocr_line' id='line_1_18' title="bbox 323 1611 1896 1694; baseline -0.005 -19"><span class='ocrx_word' id='word_1_89' title='bbox 323 1620 423 1683; x_wconf 86' lang='grc' dir='ltr'>κς’.</span> <span class='ocrx_word' id='word_1_90' title='bbox 456 1616 633 1674; x_wconf 81' lang='grc' dir='ltr'><strong>Ἀλλά</strong></span> <span class='ocrx_word' id='word_1_91' title='bbox 682 1615 806 1694; x_wconf 82' lang='grc' dir='ltr'>περὶ</span> <span class='ocrx_word' id='word_1_92' title='bbox 869 1616 963 1689; x_wconf 77' lang='grc' dir='ltr'>μὲν</span> <span class='ocrx_word' id='word_1_93' title='bbox 1015 1623 1116 1685; x_wconf 84' lang='grc' dir='ltr'>τῆς</span> <span class='ocrx_word' id='word_1_94' title='bbox 1166 1615 1218 1670; x_wconf 85' lang='grc' dir='ltr'><strong>ἐν</strong></span> <span class='ocrx_word' id='word_1_95' title='bbox 1267 1614 1417 1693; x_wconf 82' lang='grc' dir='ltr'>ὅροις</span> <span class='ocrx_word' id='word_1_96' title='bbox 1450 1614 1808 1690; x_wconf 81' lang='grc' dir='ltr'>ἀντιστροφῆς</span> <span class='ocrx_word' id='word_1_97' title='bbox 1844 1611 1896 1667; x_wconf 88' lang='grc' dir='ltr'><strong>ἐν</strong></span> 
     </span>
    </p>
   </div>
   <div class='ocr_carea' id='block_1_19' title="bbox 258 1701 1897 1785">
    <p class='ocr_par' dir='ltr' id='par_1_19' title="bbox 258 1701 1897 1785">
     <span class='ocr_line' id='line_1_19' title="bbox 258 1701 1897 1785; baseline -0.006 -20"><span class='ocrx_word' id='word_1_98' title='bbox 258 1713 333 1781; x_wconf 76' lang='grc' dir='ltr'>τῷ</span> <span class='ocrx_word' id='word_1_99' title='bbox 387 1705 513 1785; x_wconf 86' lang='grc' dir='ltr'><strong>περῖ</strong></span> <span class='ocrx_word' id='word_1_100' title='bbox 563 1710 670 1761; x_wconf 83' lang='grc' dir='ltr'><strong>τῶν</strong></span> <span class='ocrx_word' id='word_1_101' title='bbox 722 1704 861 1780; x_wconf 90' lang='grc' dir='ltr'>πρός</span> <span class='ocrx_word' id='word_1_102' title='bbox 895 1727 951 1760; x_wconf 92' lang='grc' dir='ltr'><strong>τι</strong></span> <span class='ocrx_word' id='word_1_103' title='bbox 1005 1703 1284 1782; x_wconf 80' lang='grc' dir='ltr'><strong>κεφαλαίῳ</strong></span> <span class='ocrx_word' id='word_1_104' title='bbox 1340 1701 1690 1773; x_wconf 80' lang='grc' dir='ltr'>διείληπται·</span> <span class='ocrx_word' id='word_1_105' title='bbox 1743 1701 1825 1756; x_wconf 78' lang='grc' dir='ltr'><strong>ὅτι</strong></span> <span class='ocrx_word' id='word_1_106' title='bbox 1868 1702 1897 1756; x_wconf 86' lang='grc' dir='ltr'><strong>ὁ</strong></span> 
     </span>
    </p>
   </div>
   <div class='ocr_carea' id='block_1_20' title="bbox 260 1791 1900 1873">
    <p class='ocr_par' dir='ltr' id='par_1_20' title="bbox 260 1791 1900 1873">
     <span class='ocr_line' id='line_1_20' title="bbox 260 1791 1900 1873; baseline -0.005 -20"><span class='ocrx_word' id='word_1_107' title='bbox 260 1799 436 1873; x_wconf 81' lang='grc' dir='ltr'>πατὴρ</span> <span class='ocrx_word' id='word_1_108' title='bbox 466 1797 586 1851; x_wconf 76' lang='grc' dir='ltr'>υἱοῦ</span> <span class='ocrx_word' id='word_1_109' title='bbox 627 1797 847 1872; x_wconf 81' lang='grc' dir='ltr'>πατήρ·</span> <span class='ocrx_word' id='word_1_110' title='bbox 892 1793 981 1849; x_wconf 88' lang='grc' dir='ltr'><strong>καὶ</strong></span> <span class='ocrx_word' id='word_1_111' title='bbox 1036 1794 1064 1848; x_wconf 85' lang='grc' dir='ltr'>ὁ</span> <span class='ocrx_word' id='word_1_112' title='bbox 1114 1794 1228 1855; x_wconf 79' lang='grc' dir='ltr'>υἱὸς</span> <span class='ocrx_word' id='word_1_113' title='bbox 1275 1791 1480 1867; x_wconf 76' lang='grc' dir='ltr'>πατρὸς</span> <span class='ocrx_word' id='word_1_114' title='bbox 1525 1792 1664 1861; x_wconf 74' lang='grc' dir='ltr'>υἱὸς,</span> <span class='ocrx_word' id='word_1_115' title='bbox 1690 1791 1781 1846; x_wconf 85' lang='grc' dir='ltr'><strong>καὶ</strong></span> <span class='ocrx_word' id='word_1_116' title='bbox 1831 1791 1900 1844; x_wconf 81' lang='grc' dir='ltr'>τὰ</span> 
     </span>
    </p>
   </div>
   <div class='ocr_carea' id='block_1_21' title="bbox 264 1885 403 1958">
    <p class='ocr_par' dir='ltr' id='par_1_21' title="bbox 264 1885 403 1958">
     <span class='ocr_line' id='line_1_21' title="bbox 264 1885 403 1958; baseline -0.022 1"><span class='ocrx_word' id='word_1_117' title='bbox 264 1885 403 1958; x_wconf 78' lang='grc' dir='ltr'><strong>ἒξῆςο</strong></span> 
     </span>
    </p>
   </div>
   <div class='ocr_carea' id='block_1_22' title="bbox 328 1966 1978 2070">
    <p class='ocr_par' dir='ltr' id='par_1_22' title="bbox 328 1966 1978 2070">
     <span class='ocr_line' id='line_1_22' title="bbox 328 1966 1978 2070; baseline -0.007 -39"><span class='ocrx_word' id='word_1_118' title='bbox 328 1976 426 2044; x_wconf 89' lang='grc' dir='ltr'>κζ’.</span> <span class='ocrx_word' id='word_1_119' title='bbox 468 1975 552 2029; x_wconf 88' lang='grc' dir='ltr'>Ἐν</span> <span class='ocrx_word' id='word_1_120' title='bbox 603 1971 995 2070; x_wconf 56' lang='grc' dir='ltr'>συλλογισμοῖς</span> <span class='ocrx_word' id='word_1_121' title='bbox 1053 1969 1111 2027; x_wconf 78' lang='grc' dir='ltr'><strong>δὲ</strong></span> <span class='ocrx_word' id='word_1_122' title='bbox 1139 1971 1343 2070; x_wconf 85' lang='grc' dir='ltr'>γίνεται</span> <span class='ocrx_word' id='word_1_123' title='bbox 1391 1968 1740 2070; x_wconf 74' lang='grc' dir='ltr'>ἀντιπροφὴ,</span> <span class='ocrx_word' id='word_1_124' title='bbox 1773 1966 1895 2070; x_wconf 60' lang='grc' dir='ltr'>ὅταν</span> <span class='ocrx_word' id='word_1_125' title='bbox 1932 2007 1978 2070; x_wconf 82' lang='grc' dir='ltr'><strong>Β</strong></span> 
     </span>
    </p>
   </div>
   <div class='ocr_carea' id='block_1_23' title="bbox 259 2055 1900 2137">
    <p class='ocr_par' dir='ltr' id='par_1_23' title="bbox 259 2055 1900 2137">
     <span class='ocr_line' id='line_1_23' title="bbox 259 2055 1900 2137; baseline -0.005 -18"><span class='ocrx_word' id='word_1_126' title='bbox 259 2064 320 2120; x_wconf 88' lang='grc' dir='ltr'>τὸ</span> <span class='ocrx_word' id='word_1_127' title='bbox 374 2062 735 2137; x_wconf 70' lang='grc' dir='ltr'>συμπέρασμα</span> <span class='ocrx_word' id='word_1_128' title='bbox 782 2056 1037 2122; x_wconf 77' lang='grc' dir='ltr'>λαϐόντες</span> <span class='ocrx_word' id='word_1_129' title='bbox 1082 2059 1171 2114; x_wconf 85' lang='grc' dir='ltr'><strong>καὶ</strong></span> <span class='ocrx_word' id='word_1_130' title='bbox 1218 2058 1534 2136; x_wconf 83' lang='grc' dir='ltr'>προσθέντες</span> <span class='ocrx_word' id='word_1_131' title='bbox 1577 2059 1676 2126; x_wconf 77' lang='grc' dir='ltr'>τὴν</span> <span class='ocrx_word' id='word_1_132' title='bbox 1733 2055 1900 2131; x_wconf 85' lang='grc' dir='ltr'>μείζω</span> 
     </span>
    </p>
   </div>
   <div class='ocr_carea' id='block_1_24' title="bbox 259 2146 1902 2229">
    <p class='ocr_par' dir='ltr' id='par_1_24' title="bbox 259 2146 1902 2229">
     <span class='ocr_line' id='line_1_24' title="bbox 259 2146 1902 2229; baseline -0.005 -22"><span class='ocrx_word' id='word_1_133' title='bbox 259 2157 363 2208; x_wconf 79' lang='grc' dir='ltr'><strong>τῶν</strong></span> <span class='ocrx_word' id='word_1_134' title='bbox 411 2150 747 2229; x_wconf 82' lang='grc' dir='ltr'>προτάσεων,</span> <span class='ocrx_word' id='word_1_135' title='bbox 790 2152 890 2220; x_wconf 77' lang='grc' dir='ltr'>τὴν</span> <span class='ocrx_word' id='word_1_136' title='bbox 944 2149 1153 2204; x_wconf 80' lang='grc' dir='ltr'>ἐλάττω</span> <span class='ocrx_word' id='word_1_137' title='bbox 1217 2147 1727 2219; x_wconf 80' lang='grc' dir='ltr'>κατασκευάσωμεν·</span> <span class='ocrx_word' id='word_1_138' title='bbox 1790 2146 1902 2200; x_wconf 85' lang='grc' dir='ltr'>οἷον</span> 
     </span>
    </p>
   </div>
   <div class='ocr_carea' id='block_1_25' title="bbox 260 2233 1901 2315">
    <p class='ocr_par' dir='ltr' id='par_1_25' title="bbox 260 2233 1901 2315">
     <span class='ocr_line' id='line_1_25' title="bbox 260 2233 1901 2315; baseline -0.006 -18"><span class='ocrx_word' id='word_1_139' title='bbox 260 2240 454 2305; x_wconf 84' lang='grc' dir='ltr'>κείσθω</span> <span class='ocrx_word' id='word_1_140' title='bbox 483 2238 856 2315; x_wconf 86' lang='grc' dir='ltr'>συλλογισμὸς</span> <span class='ocrx_word' id='word_1_141' title='bbox 887 2239 916 2292; x_wconf 83' lang='grc' dir='ltr'><strong>ὁ</strong></span> <span class='ocrx_word' id='word_1_142' title='bbox 951 2238 1149 2312; x_wconf 83' lang='grc' dir='ltr'>λέγων,</span> <span class='ocrx_word' id='word_1_143' title='bbox 1181 2239 1244 2290; x_wconf 81' lang='grc' dir='ltr'><strong>Ἠ</strong></span> <span class='ocrx_word' id='word_1_144' title='bbox 1293 2236 1492 2312; x_wconf 79' lang='grc' dir='ltr'>λογικὴ</span> <span class='ocrx_word' id='word_1_145' title='bbox 1540 2236 1692 2311; x_wconf 75' lang='grc' dir='ltr'>ψυχὴ</span> <span class='ocrx_word' id='word_1_146' title='bbox 1744 2233 1901 2289; x_wconf 80' lang='grc' dir='ltr'>αύτο-</span> 
     </span>
    </p>
   </div>
   <div class='ocr_carea' id='block_1_26' title="bbox 260 2323 1898 2400">
    <p class='ocr_par' dir='ltr' id='par_1_26' title="bbox 260 2323 1898 2400">
     <span class='ocr_line' id='line_1_26' title="bbox 260 2323 1898 2400; baseline -0.005 -16"><span class='ocrx_word' id='word_1_147' title='bbox 260 2330 503 2400; x_wconf 87' lang='grc' dir='ltr'>κίνητος·</span> <span class='ocrx_word' id='word_1_148' title='bbox 552 2328 615 2383; x_wconf 85' lang='grc' dir='ltr'><strong>τὸ</strong></span> <span class='ocrx_word' id='word_1_149' title='bbox 682 2326 1031 2397; x_wconf 83' lang='grc' dir='ltr'>αὐτοκίνητον</span> <span class='ocrx_word' id='word_1_150' title='bbox 1099 2324 1439 2395; x_wconf 84' lang='grc' dir='ltr'>ἀεικίνητον’</span> <span class='ocrx_word' id='word_1_151' title='bbox 1484 2324 1548 2379; x_wconf 85' lang='grc' dir='ltr'>τὸ</span> <span class='ocrx_word' id='word_1_152' title='bbox 1597 2323 1898 2393; x_wconf 86' lang='grc' dir='ltr'>ἀεικίνητον</span> 
     </span>
    </p>
   </div>
   <div class='ocr_carea' id='block_1_27' title="bbox 260 2410 1900 2491">
    <p class='ocr_par' dir='ltr' id='par_1_27' title="bbox 260 2410 1900 2491">
     <span class='ocr_line' id='line_1_27' title="bbox 260 2410 1900 2491; baseline -0.004 -17"><span class='ocrx_word' id='word_1_153' title='bbox 260 2418 510 2474; x_wconf 85' lang='grc' dir='ltr'>ἀθάνατον</span> <span class='ocrx_word' id='word_1_154' title='bbox 533 2436 545 2449; x_wconf 90' lang='grc'><strong>·</strong></span> <span class='ocrx_word' id='word_1_155' title='bbox 586 2420 622 2486; x_wconf 85' lang='grc' dir='ltr'><strong>ἡ</strong></span> <span class='ocrx_word' id='word_1_156' title='bbox 657 2416 856 2491; x_wconf 86' lang='grc' dir='ltr'>λογική</span> <span class='ocrx_word' id='word_1_157' title='bbox 889 2416 1041 2491; x_wconf 80' lang='grc' dir='ltr'>ψυχὴ</span> <span class='ocrx_word' id='word_1_158' title='bbox 1092 2415 1375 2476; x_wconf 86' lang='grc' dir='ltr'>ἀθάνατος.</span> <span class='ocrx_word' id='word_1_159' title='bbox 1408 2415 1650 2489; x_wconf 70' lang='grc' dir='ltr'>Ἐχομεν</span> <span class='ocrx_word' id='word_1_160' title='bbox 1702 2410 1794 2466; x_wconf 76' lang='grc' dir='ltr'><strong>οὗν</strong></span> <span class='ocrx_word' id='word_1_161' title='bbox 1837 2412 1900 2467; x_wconf 82' lang='grc' dir='ltr'>τὸ</span> 
     </span>
    </p>
   </div>
   <div class='ocr_carea' id='block_1_28' title="bbox 260 2498 1896 2582">
    <p class='ocr_par' dir='ltr' id='par_1_28' title="bbox 260 2498 1896 2582">
     <span class='ocr_line' id='line_1_28' title="bbox 260 2498 1896 2582; baseline -0.003 -20"><span class='ocrx_word' id='word_1_162' title='bbox 260 2507 388 2562; x_wconf 76' lang='grc' dir='ltr'>αὐτὸ</span> <span class='ocrx_word' id='word_1_163' title='bbox 443 2506 822 2582; x_wconf 69' lang='grc' dir='ltr'>συμπέρασμα,</span> <span class='ocrx_word' id='word_1_164' title='bbox 885 2503 969 2558; x_wconf 79' lang='grc' dir='ltr'>ὅτι</span> <span class='ocrx_word' id='word_1_165' title='bbox 1022 2506 1057 2574; x_wconf 79' lang='grc' dir='ltr'><strong>ἡ</strong></span> <span class='ocrx_word' id='word_1_166' title='bbox 1117 2500 1313 2579; x_wconf 83' lang='grc' dir='ltr'>λογικὴ</span> <span class='ocrx_word' id='word_1_167' title='bbox 1389 2503 1543 2577; x_wconf 83' lang='grc' dir='ltr'><strong>ψυχή</strong></span> <span class='ocrx_word' id='word_1_168' title='bbox 1615 2498 1896 2562; x_wconf 85' lang='grc' dir='ltr'>ἀθάνατος.</span> 
     </span>
    </p>
   </div>
   <div class='ocr_carea' id='block_1_29' title="bbox 259 2585 1900 2665">
    <p class='ocr_par' dir='ltr' id='par_1_29' title="bbox 259 2585 1900 2665">
     <span class='ocr_line' id='line_1_29' title="bbox 259 2585 1900 2665; baseline -0.005 -14"><span class='ocrx_word' id='word_1_169' title='bbox 259 2599 427 2651; x_wconf 87' lang='grc' dir='ltr'>Τοῦτο</span> <span class='ocrx_word' id='word_1_170' title='bbox 483 2589 740 2657; x_wconf 80' lang='grc' dir='ltr'>λοϐόντες</span> <span class='ocrx_word' id='word_1_171' title='bbox 795 2593 883 2648; x_wconf 82' lang='grc' dir='ltr'><strong>καὶ</strong></span> <span class='ocrx_word' id='word_1_172' title='bbox 953 2594 1275 2663; x_wconf 80' lang='grc' dir='ltr'>ποιήσαντες</span> <span class='ocrx_word' id='word_1_173' title='bbox 1338 2590 1546 2647; x_wconf 81' lang='grc' dir='ltr'>ἐλάττω</span> <span class='ocrx_word' id='word_1_174' title='bbox 1619 2585 1900 2665; x_wconf 88' lang='grc' dir='ltr'>πρότασιν,</span> 
     </span>
    </p>
   </div>
   <div class='ocr_carea' id='block_1_30' title="bbox 263 2678 1905 2760">
    <p class='ocr_par' dir='ltr' id='par_1_30' title="bbox 263 2678 1905 2760">
     <span class='ocr_line' id='line_1_30' title="bbox 263 2678 1905 2760; baseline -0.004 -21"><span class='ocrx_word' id='word_1_175' title='bbox 263 2684 374 2739; x_wconf 71' lang='grc' dir='ltr'>εἶτα</span> <span class='ocrx_word' id='word_1_176' title='bbox 428 2683 744 2760; x_wconf 83' lang='grc' dir='ltr'>προσθέντες</span> <span class='ocrx_word' id='word_1_177' title='bbox 798 2683 893 2743; x_wconf 72' lang='grc' dir='ltr'><strong>τὰς</strong></span> <span class='ocrx_word' id='word_1_178' title='bbox 953 2678 1168 2751; x_wconf 82' lang='grc' dir='ltr'>λοιπὰς,</span> <span class='ocrx_word' id='word_1_179' title='bbox 1223 2684 1486 2752; x_wconf 79' lang='grc' dir='ltr'>ποιοῦμεν</span> <span class='ocrx_word' id='word_1_180' title='bbox 1543 2678 1905 2754; x_wconf 72' lang='grc' dir='ltr'>συμπέρασμα</span> 
     </span>
    </p>
   </div>
   <div class='ocr_carea' id='block_1_31' title="bbox 259 2767 1899 2848">
    <p class='ocr_par' dir='ltr' id='par_1_31' title="bbox 259 2767 1899 2848">
     <span class='ocr_line' id='line_1_31' title="bbox 259 2767 1899 2848; baseline -0.004 -21"><span class='ocrx_word' id='word_1_181' title='bbox 259 2774 359 2842; x_wconf 76' lang='grc' dir='ltr'>τὴν</span> <span class='ocrx_word' id='word_1_182' title='bbox 402 2772 538 2848; x_wconf 75' lang='grc' dir='ltr'>πρὶν</span> <span class='ocrx_word' id='word_1_183' title='bbox 598 2769 757 2826; x_wconf 74' lang='grc' dir='ltr'>οὖσαν</span> <span class='ocrx_word' id='word_1_184' title='bbox 818 2768 1027 2825; x_wconf 82' lang='grc' dir='ltr'>ἐλάττω</span> <span class='ocrx_word' id='word_1_185' title='bbox 1076 2768 1356 2845; x_wconf 88' lang='grc' dir='ltr'>πρόταοιν,</span> <span class='ocrx_word' id='word_1_186' title='bbox 1387 2767 1633 2843; x_wconf 88' lang='grc' dir='ltr'>λέγοντες</span> <span class='ocrx_word' id='word_1_187' title='bbox 1694 2767 1899 2828; x_wconf 79' lang='grc' dir='ltr'>οὕτως·</span> 
     </span>
    </p>
   </div>
   <div class='ocr_carea' id='block_1_32' title="bbox 261 2856 1899 2937">
    <p class='ocr_par' dir='ltr' id='par_1_32' title="bbox 261 2856 1899 2937">
     <span class='ocr_line' id='line_1_32' title="bbox 261 2856 1899 2937; baseline -0.005 -20"><span class='ocrx_word' id='word_1_188' title='bbox 261 2863 324 2917; x_wconf 86' lang='grc' dir='ltr'><strong>Ἦ</strong></span> <span class='ocrx_word' id='word_1_189' title='bbox 355 2861 548 2937; x_wconf 78' lang='grc' dir='ltr'>λογικὴ</span> <span class='ocrx_word' id='word_1_190' title='bbox 581 2861 733 2935; x_wconf 82' lang='grc' dir='ltr'>ψυχὴ</span> <span class='ocrx_word' id='word_1_191' title='bbox 794 2857 1080 2919; x_wconf 80' lang='grc' dir='ltr'>ἀθάνατος’</span> <span class='ocrx_word' id='word_1_192' title='bbox 1137 2858 1199 2912; x_wconf 87' lang='grc' dir='ltr'>τὸ</span> <span class='ocrx_word' id='word_1_193' title='bbox 1254 2857 1513 2921; x_wconf 82' lang='grc' dir='ltr'>ἀθάνατον</span> <span class='ocrx_word' id='word_1_194' title='bbox 1572 2856 1899 2925; x_wconf 87' lang='grc' dir='ltr'>ἀεικίνητον’</span> 
     </span>
    </p>
   </div>
   <div class='ocr_carea' id='block_1_33' title="bbox 262 2942 1906 3021">
    <p class='ocr_par' dir='ltr' id='par_1_33' title="bbox 262 2942 1906 3021">
     <span class='ocr_line' id='line_1_33' title="bbox 262 2942 1906 3021; baseline -0.005 -16"><span class='ocrx_word' id='word_1_195' title='bbox 262 2951 323 3005; x_wconf 85' lang='grc' dir='ltr'>τὸ</span> <span class='ocrx_word' id='word_1_196' title='bbox 353 2950 654 3020; x_wconf 83' lang='grc' dir='ltr'>ἀεικίνητον</span> <span class='ocrx_word' id='word_1_197' title='bbox 704 2946 1084 3018; x_wconf 78' lang='grc' dir='ltr'>αὐτοκίνητον·</span> <span class='ocrx_word' id='word_1_198' title='bbox 1140 2949 1175 3016; x_wconf 78' lang='grc' dir='ltr'>ἡ</span> <span class='ocrx_word' id='word_1_199' title='bbox 1208 2944 1403 3021; x_wconf 84' lang='grc' dir='ltr'>λογική</span> <span class='ocrx_word' id='word_1_200' title='bbox 1449 2945 1599 3021; x_wconf 78' lang='grc' dir='ltr'>ψυχὴ</span> <span class='ocrx_word' id='word_1_201' title='bbox 1656 2943 1756 3021; x_wconf 84' lang='grc' dir='ltr'>ἄρα</span> <span class='ocrx_word' id='word_1_202' title='bbox 1808 2942 1906 2998; x_wconf 81' lang='grc' dir='ltr'>αύ-</span> 
     </span>
    </p>
   </div>
   <div class='ocr_carea' id='block_1_34' title="bbox 261 3032 1904 3111">
    <p class='ocr_par' dir='ltr' id='par_1_34' title="bbox 261 3032 1904 3111">
     <span class='ocr_line' id='line_1_34' title="bbox 261 3032 1904 3111; baseline -0.005 -16"><span class='ocrx_word' id='word_1_203' title='bbox 261 3037 566 3107; x_wconf 87' lang='grc' dir='ltr'>τοκίνητος.</span> <span class='ocrx_word' id='word_1_204' title='bbox 617 3034 923 3111; x_wconf 78' lang='grc' dir='ltr'>Ἐνδέχεται</span> <span class='ocrx_word' id='word_1_205' title='bbox 985 3032 1043 3089; x_wconf 76' lang='grc' dir='ltr'><strong>δὲ</strong></span> <span class='ocrx_word' id='word_1_206' title='bbox 1097 3034 1185 3089; x_wconf 83' lang='grc' dir='ltr'><strong>καὶ</strong></span> <span class='ocrx_word' id='word_1_207' title='bbox 1242 3035 1341 3102; x_wconf 79' lang='grc' dir='ltr'>τήν</span> <span class='ocrx_word' id='word_1_208' title='bbox 1394 3032 1601 3089; x_wconf 80' lang='grc' dir='ltr'>ἐλάττω</span> <span class='ocrx_word' id='word_1_209' title='bbox 1646 3032 1904 3108; x_wconf 83' lang='grc' dir='ltr'>πρότασιν</span> 
     </span>
    </p>
   </div>
   <div class='ocr_carea' id='block_1_35' title="bbox 259 3122 1904 3203">
    <p class='ocr_par' dir='ltr' id='par_1_35' title="bbox 259 3122 1904 3203">
     <span class='ocr_line' id='line_1_35' title="bbox 259 3122 1904 3203; baseline -0.004 -20"><span class='ocrx_word' id='word_1_210' title='bbox 259 3133 341 3201; x_wconf 81' lang='grc' dir='ltr'>τῷ</span> <span class='ocrx_word' id='word_1_211' title='bbox 398 3126 812 3203; x_wconf 90' lang='grc' dir='ltr'>συμπεράσματι</span> <span class='ocrx_word' id='word_1_212' title='bbox 868 3122 1272 3197; x_wconf 85' lang='grc' dir='ltr'>συμπλέξαντας</span> <span class='ocrx_word' id='word_1_213' title='bbox 1328 3129 1555 3192; x_wconf 84' lang='grc' dir='ltr'>ποιῆσαι</span> <span class='ocrx_word' id='word_1_214' title='bbox 1630 3123 1904 3197; x_wconf 86' lang='grc' dir='ltr'>συμπέρα-</span> 
     </span>
    </p>
   </div>
   <div class='ocr_carea' id='block_1_36' title="bbox 261 3210 1907 3290">
    <p class='ocr_par' dir='ltr' id='par_1_36' title="bbox 261 3210 1907 3290">
     <span class='ocr_line' id='line_1_36' title="bbox 261 3210 1907 3290; baseline -0.004 -19"><span class='ocrx_word' id='word_1_215' title='bbox 261 3237 374 3290; x_wconf 90' lang='grc' dir='ltr'><strong>σμα</strong></span> <span class='ocrx_word' id='word_1_216' title='bbox 400 3216 498 3284; x_wconf 81' lang='grc' dir='ltr'>τὴν</span> <span class='ocrx_word' id='word_1_217' title='bbox 532 3214 583 3270; x_wconf 84' lang='grc' dir='ltr'><strong>ἐν</strong></span> <span class='ocrx_word' id='word_1_218' title='bbox 626 3219 707 3286; x_wconf 77' lang='grc' dir='ltr'>τῷ</span> <span class='ocrx_word' id='word_1_219' title='bbox 761 3212 1012 3290; x_wconf 87' lang='grc' dir='ltr'>προτέρῳ</span> <span class='ocrx_word' id='word_1_220' title='bbox 1068 3210 1428 3286; x_wconf 86' lang='grc' dir='ltr'>συλλογισμῷ</span> <span class='ocrx_word' id='word_1_221' title='bbox 1486 3210 1654 3285; x_wconf 85' lang='grc' dir='ltr'>μείζω</span> <span class='ocrx_word' id='word_1_222' title='bbox 1705 3210 1907 3283; x_wconf 84' lang='grc' dir='ltr'>πρότα-</span> 
     </span>
    </p>
   </div>
   <div class='ocr_carea' id='block_1_37' title="bbox 263 3300 1908 3379">
    <p class='ocr_par' dir='ltr' id='par_1_37' title="bbox 263 3300 1908 3379">
     <span class='ocr_line' id='line_1_37' title="bbox 263 3300 1908 3379; baseline -0.004 -19"><span class='ocrx_word' id='word_1_223' title='bbox 263 3326 344 3360; x_wconf 90' lang='grc' dir='ltr'><strong>σιν</strong></span> <span class='ocrx_word' id='word_1_224' title='bbox 406 3306 547 3374; x_wconf 82' lang='grc' dir='ltr'>οἴον,</span> <span class='ocrx_word' id='word_1_225' title='bbox 603 3305 667 3358; x_wconf 71' lang='grc' dir='ltr'>Ἠ</span> <span class='ocrx_word' id='word_1_226' title='bbox 718 3301 916 3379; x_wconf 83' lang='grc' dir='ltr'>λογικὴ</span> <span class='ocrx_word' id='word_1_227' title='bbox 970 3303 1122 3377; x_wconf 81' lang='grc' dir='ltr'><strong>ψυχή</strong></span> <span class='ocrx_word' id='word_1_228' title='bbox 1177 3300 1435 3365; x_wconf 86' lang='grc' dir='ltr'>ἀθάνατος</span> <span class='ocrx_word' id='word_1_229' title='bbox 1463 3322 1474 3335; x_wconf 92' lang='grc'>·</span> <span class='ocrx_word' id='word_1_230' title='bbox 1535 3300 1596 3354; x_wconf 89' lang='grc' dir='ltr'>τὸ</span> <span class='ocrx_word' id='word_1_231' title='bbox 1652 3300 1908 3364; x_wconf 83' lang='grc' dir='ltr'>ἀθάνατον</span> 
     </span>
    </p>
   </div>
   <div class='ocr_carea' id='block_1_38' title="bbox 262 3386 1906 3464">
    <p class='ocr_par' dir='ltr' id='par_1_38' title="bbox 262 3386 1906 3464">
     <span class='ocr_line' id='line_1_38' title="bbox 262 3386 1906 3464; baseline -0.005 -15"><span class='ocrx_word' id='word_1_232' title='bbox 262 3392 643 3464; x_wconf 73' lang='grc' dir='ltr'>αὐτοκίνητον·</span> <span class='ocrx_word' id='word_1_233' title='bbox 702 3390 767 3445; x_wconf 83' lang='grc' dir='ltr'>τὸ</span> <span class='ocrx_word' id='word_1_234' title='bbox 824 3389 1171 3460; x_wconf 81' lang='grc' dir='ltr'>αὐτοκίνητον</span> <span class='ocrx_word' id='word_1_235' title='bbox 1221 3387 1519 3459; x_wconf 86' lang='grc' dir='ltr'>ἀεικίνητον</span> <span class='ocrx_word' id='word_1_236' title='bbox 1545 3406 1556 3417; x_wconf 93' lang='grc'><strong>·</strong></span> <span class='ocrx_word' id='word_1_237' title='bbox 1615 3390 1650 3457; x_wconf 85' lang='grc' dir='ltr'><strong>ἡ</strong></span> <span class='ocrx_word' id='word_1_238' title='bbox 1710 3386 1906 3463; x_wconf 85' lang='grc' dir='ltr'>λογικὴ</span> 
     </span>
    </p>
   </div>
   <div class='ocr_carea' id='block_1_39' title="bbox 262 3474 1911 3558">
    <p class='ocr_par' dir='ltr' id='par_1_39' title="bbox 262 3474 1911 3558">
     <span class='ocr_line' id='line_1_39' title="bbox 262 3474 1911 3558; baseline -0.004 -22"><span class='ocrx_word' id='word_1_239' title='bbox 262 3483 417 3558; x_wconf 78' lang='grc' dir='ltr'>ψυχὴ</span> <span class='ocrx_word' id='word_1_240' title='bbox 478 3478 582 3557; x_wconf 80' lang='grc' dir='ltr'>ἄρα</span> <span class='ocrx_word' id='word_1_241' title='bbox 634 3478 960 3549; x_wconf 88' lang='grc' dir='ltr'>ἀεικίνητος.</span> <span class='ocrx_word' id='word_1_242' title='bbox 1018 3477 1173 3533; x_wconf 76' lang='grc' dir='ltr'>Οὕτω</span> <span class='ocrx_word' id='word_1_243' title='bbox 1235 3478 1328 3551; x_wconf 72' lang='grc' dir='ltr'><strong>μὲν</strong></span> <span class='ocrx_word' id='word_1_244' title='bbox 1380 3475 1470 3532; x_wconf 77' lang='grc' dir='ltr'><strong>οὖν</strong></span> <span class='ocrx_word' id='word_1_245' title='bbox 1522 3477 1726 3552; x_wconf 85' lang='grc' dir='ltr'>γίνεται</span> <span class='ocrx_word' id='word_1_246' title='bbox 1772 3479 1808 3545; x_wconf 80' lang='grc' dir='ltr'><strong>ἡ</strong></span> <span class='ocrx_word' id='word_1_247' title='bbox 1860 3474 1911 3529; x_wconf 87' lang='grc' dir='ltr'><strong>ἐν</strong></span> 
     </span>
    </p>
   </div>
   <div class='ocr_carea' id='block_1_40' title="bbox 265 3569 1042 3646">
    <p class='ocr_par' dir='ltr' id='par_1_40' title="bbox 265 3569 1042 3646">
     <span class='ocr_line' id='line_1_40' title="bbox 265 3569 1042 3646; baseline -0.004 -20"><span class='ocrx_word' id='word_1_248' title='bbox 265 3569 660 3646; x_wconf 83' lang='grc' dir='ltr'>συλλογισμοῖς</span> <span class='ocrx_word' id='word_1_249' title='bbox 689 3569 1016 3645; x_wconf 82' lang='grc' dir='ltr'>ἀντιστροφή</span> <span class='ocrx_word' id='word_1_250' title='bbox 1029 3610 1042 3623; x_wconf 95' lang='grc'><strong>.</strong></span> 
     </span>
    </p>
   </div>
   <div class='ocr_carea' id='block_1_41' title="bbox 2005 1077 3642 1159">
    <p class='ocr_par' dir='ltr' id='par_1_41' title="bbox 2005 1077 3642 1159">
     <span class='ocr_line' id='line_1_41' title="bbox 2005 1077 3642 1159; baseline 0.006 -27"><span class='ocrx_word' id='word_1_251' title='bbox 2005 1077 2190 1146; x_wconf 91' lang='lat' dir='ltr'><strong>ribus,</strong></span> <span class='ocrx_word' id='word_1_252' title='bbox 2211 1078 2321 1134; x_wconf 90' lang='lat' dir='ltr'><strong>etsi</strong></span> <span class='ocrx_word' id='word_1_253' title='bbox 2341 1078 2698 1135; x_wconf 58' lang='lat' dir='ltr'><strong>afﬁrmativas</strong></span> <span class='ocrx_word' id='word_1_254' title='bbox 2721 1081 2954 1153; x_wconf 83' lang='lat' dir='ltr'><strong>fuerint,</strong></span> <span class='ocrx_word' id='word_1_255' title='bbox 2977 1099 3280 1155; x_wconf 87' lang='lat' dir='ltr'><strong>nunquam</strong></span> <span class='ocrx_word' id='word_1_256' title='bbox 3311 1088 3503 1157; x_wconf 81' lang='lat' dir='ltr'><strong>potest</strong></span> <span class='ocrx_word' id='word_1_257' title='bbox 3531 1085 3642 1159; x_wconf 85' lang='lat' dir='ltr'><strong>syl-</strong></span> 
     </span>
    </p>
   </div>
   <div class='ocr_carea' id='block_1_42' title="bbox 2001 1166 2468 1238">
    <p class='ocr_par' dir='ltr' id='par_1_42' title="bbox 2001 1166 2468 1238">
     <span class='ocr_line' id='line_1_42' title="bbox 2001 1166 2468 1238; baseline -0.006 -13"><span class='ocrx_word' id='word_1_258' title='bbox 2001 1166 2290 1238; x_wconf 84' lang='lat' dir='ltr'><strong>logismus</strong></span> <span class='ocrx_word' id='word_1_259' title='bbox 2322 1167 2468 1223; x_wconf 85' lang='lat' dir='ltr'><strong>ﬁeri.</strong></span> 
     </span>
    </p>
   </div>
   <div class='ocr_carea' id='block_1_43' title="bbox 2074 1255 3645 1335">
    <p class='ocr_par' dir='ltr' id='par_1_43' title="bbox 2074 1255 3645 1335">
     <span class='ocr_line' id='line_1_43' title="bbox 2074 1255 3645 1335; baseline 0.007 -26"><span class='ocrx_word' id='word_1_260' title='bbox 2074 1257 2164 1310; x_wconf 81' lang='grc'><strong>24.</strong></span> <span class='ocrx_word' id='word_1_261' title='bbox 2195 1255 2478 1312; x_wconf 64' lang='lat' dir='ltr'><strong>Laterum</strong></span> <span class='ocrx_word' id='word_1_262' title='bbox 2510 1258 2809 1314; x_wconf 86' lang='lat' dir='ltr'><strong>conversio</strong></span> <span class='ocrx_word' id='word_1_263' title='bbox 2844 1259 3019 1315; x_wconf 90' lang='lat' dir='ltr'><strong>veluti</strong></span> <span class='ocrx_word' id='word_1_264' title='bbox 3061 1263 3327 1333; x_wconf 67' lang='lat' dir='ltr'><strong>quaedam</strong></span> <span class='ocrx_word' id='word_1_265' title='bbox 3355 1262 3417 1317; x_wconf 94' lang='lat' dir='ltr'><strong>in</strong></span> <span class='ocrx_word' id='word_1_266' title='bbox 3449 1266 3645 1335; x_wconf 84' lang='lat' dir='ltr'><strong>postc-</strong></span> 
     </span>
    </p>
   </div>
   <div class='ocr_carea' id='block_1_44' title="bbox 2006 1345 3481 1424">
    <p class='ocr_par' dir='ltr' id='par_1_44' title="bbox 2006 1345 3481 1424">
     <span class='ocr_line' id='line_1_44' title="bbox 2006 1345 3481 1424; baseline 0.004 -23"><span class='ocrx_word' id='word_1_267' title='bbox 2006 1345 2159 1401; x_wconf 87' lang='lat' dir='ltr'><strong>riora</strong></span> <span class='ocrx_word' id='word_1_268' title='bbox 2187 1347 2372 1402; x_wconf 88' lang='lat' dir='ltr'><strong>versio</strong></span> <span class='ocrx_word' id='word_1_269' title='bbox 2401 1351 2459 1402; x_wconf 89' lang='lat' dir='ltr'><strong>et</strong></span> <span class='ocrx_word' id='word_1_270' title='bbox 2487 1363 2760 1403; x_wconf 87' lang='lat' dir='ltr'><strong>recursus</strong></span> <span class='ocrx_word' id='word_1_271' title='bbox 2790 1347 2916 1420; x_wconf 86' lang='lat' dir='ltr'><strong>(seu</strong></span> <span class='ocrx_word' id='word_1_272' title='bbox 2947 1349 3343 1424; x_wconf 83' lang='lat' dir='ltr'><strong>reciprocatio)</strong></span> <span class='ocrx_word' id='word_1_273' title='bbox 3374 1358 3481 1407; x_wconf 91' lang='lat' dir='ltr'><strong>est.</strong></span> 
     </span>
    </p>
   </div>
   <div class='ocr_carea' id='block_1_45' title="bbox 2076 1435 3645 1511">
    <p class='ocr_par' dir='ltr' id='par_1_45' title="bbox 2076 1435 3645 1511">
     <span class='ocr_line' id='line_1_45' title="bbox 2076 1435 3645 1511; baseline 0.006 -22"><span class='ocrx_word' id='word_1_274' title='bbox 2076 1436 2166 1490; x_wconf 85' lang='lat'><strong>25.</strong></span> <span class='ocrx_word' id='word_1_275' title='bbox 2200 1435 2331 1490; x_wconf 85' lang='lat' dir='ltr'><strong>Haec</strong></span> <span class='ocrx_word' id='word_1_276' title='bbox 2380 1437 2678 1491; x_wconf 88' lang='lat' dir='ltr'><strong>conversio</strong></span> <span class='ocrx_word' id='word_1_277' title='bbox 2735 1437 2794 1492; x_wconf 92' lang='lat' dir='ltr'><strong>in</strong></span> <span class='ocrx_word' id='word_1_278' title='bbox 2852 1438 3120 1495; x_wconf 85' lang='lat' dir='ltr'><strong>terminis</strong></span> <span class='ocrx_word' id='word_1_279' title='bbox 3176 1444 3474 1511; x_wconf 82' lang='lat' dir='ltr'><strong>spectatur</strong></span> <span class='ocrx_word' id='word_1_280' title='bbox 3501 1443 3645 1498; x_wconf 88' lang='lat' dir='ltr'><strong>etin</strong></span> 
     </span>
    </p>
   </div>
   <div class='ocr_carea' id='block_1_46' title="bbox 2008 1522 3083 1598">
    <p class='ocr_par' dir='ltr' id='par_1_46' title="bbox 2008 1522 3083 1598">
     <span class='ocr_line' id='line_1_46' title="bbox 2008 1522 3083 1598; baseline 0.005 -20"><span class='ocrx_word' id='word_1_281' title='bbox 2008 1522 2503 1595; x_wconf 84' lang='lat' dir='ltr'><strong>propositionibus</strong></span> <span class='ocrx_word' id='word_1_282' title='bbox 2531 1529 2589 1579; x_wconf 92' lang='lat' dir='ltr'><strong>et</strong></span> <span class='ocrx_word' id='word_1_283' title='bbox 2616 1525 2675 1579; x_wconf 93' lang='lat' dir='ltr'><strong>in</strong></span> <span class='ocrx_word' id='word_1_284' title='bbox 2705 1524 3083 1598; x_wconf 79' lang='lat' dir='ltr'><strong>syllogismis.</strong></span> 
     </span>
    </p>
   </div>
   <div class='ocr_carea' id='block_1_47' title="bbox 2076 1613 3647 1687">
    <p class='ocr_par' dir='ltr' id='par_1_47' title="bbox 2076 1613 3647 1687">
     <span class='ocr_line' id='line_1_47' title="bbox 2076 1613 3647 1687; baseline 0.007 -21"><span class='ocrx_word' id='word_1_285' title='bbox 2076 1613 2166 1667; x_wconf 89' lang='lat'><strong>26.</strong></span> <span class='ocrx_word' id='word_1_286' title='bbox 2199 1613 2306 1669; x_wconf 88' lang='lat' dir='ltr'><strong>Sed</strong></span> <span class='ocrx_word' id='word_1_287' title='bbox 2359 1613 2429 1669; x_wconf 91' lang='lat' dir='ltr'><strong>de</strong></span> <span class='ocrx_word' id='word_1_288' title='bbox 2476 1615 2847 1670; x_wconf 88' lang='lat' dir='ltr'><strong>conversione</strong></span> <span class='ocrx_word' id='word_1_289' title='bbox 2893 1615 3130 1687; x_wconf 90' lang='lat' dir='ltr'><strong>quidem</strong></span> <span class='ocrx_word' id='word_1_290' title='bbox 3180 1617 3242 1672; x_wconf 90' lang='lat' dir='ltr'><strong>in</strong></span> <span class='ocrx_word' id='word_1_291' title='bbox 3287 1619 3555 1676; x_wconf 86' lang='lat' dir='ltr'><strong>terminis</strong></span> <span class='ocrx_word' id='word_1_292' title='bbox 3586 1619 3647 1677; x_wconf 87' lang='lat' dir='ltr'><strong>in</strong></span> 
     </span>
    </p>
   </div>
   <div class='ocr_carea' id='block_1_48' title="bbox 2008 1700 3643 1779">
    <p class='ocr_par' dir='ltr' id='par_1_48' title="bbox 2008 1700 3643 1779">
     <span class='ocr_line' id='line_1_48' title="bbox 2008 1700 3643 1779; baseline 0.007 -24"><span class='ocrx_word' id='word_1_293' title='bbox 2008 1700 2195 1772; x_wconf 82' lang='lat' dir='ltr'><strong>capite</strong></span> <span class='ocrx_word' id='word_1_294' title='bbox 2223 1701 2295 1756; x_wconf 91' lang='lat' dir='ltr'><strong>de</strong></span> <span class='ocrx_word' id='word_1_295' title='bbox 2323 1701 2396 1756; x_wconf 90' lang='lat' dir='ltr'><strong>iis</strong></span> <span class='ocrx_word' id='word_1_296' title='bbox 2424 1718 2550 1773; x_wconf 67' lang='lat' dir='ltr'><strong>quae</strong></span> <span class='ocrx_word' id='word_1_297' title='bbox 2584 1707 2724 1758; x_wconf 90' lang='lat' dir='ltr'><strong>sunt</strong></span> <span class='ocrx_word' id='word_1_298' title='bbox 2751 1704 2823 1758; x_wconf 90' lang='lat' dir='ltr'><strong>ad</strong></span> <span class='ocrx_word' id='word_1_299' title='bbox 2855 1703 3076 1776; x_wconf 90' lang='lat' dir='ltr'><strong>aliquid</strong></span> <span class='ocrx_word' id='word_1_300' title='bbox 3108 1705 3495 1779; x_wconf 83' lang='lat' dir='ltr'><strong>disceptatum</strong></span> <span class='ocrx_word' id='word_1_301' title='bbox 3525 1713 3643 1778; x_wconf 90' lang='lat' dir='ltr'><strong>est;</strong></span> 
     </span>
    </p>
   </div>
   <div class='ocr_carea' id='block_1_49' title="bbox 2008 1789 3645 1867">
    <p class='ocr_par' dir='ltr' id='par_1_49' title="bbox 2008 1789 3645 1867">
     <span class='ocr_line' id='line_1_49' title="bbox 2008 1789 3645 1867; baseline 0.006 -23"><span class='ocrx_word' id='word_1_302' title='bbox 2008 1789 2164 1860; x_wconf 91' lang='lat' dir='ltr'><strong>quod</strong></span> <span class='ocrx_word' id='word_1_303' title='bbox 2193 1792 2358 1860; x_wconf 88' lang='lat' dir='ltr'><strong>pater</strong></span> <span class='ocrx_word' id='word_1_304' title='bbox 2386 1789 2491 1844; x_wconf 86' lang='lat' dir='ltr'><strong>ﬁlii</strong></span> <span class='ocrx_word' id='word_1_305' title='bbox 2533 1789 2610 1846; x_wconf 91' lang='lat' dir='ltr'><strong>sit</strong></span> <span class='ocrx_word' id='word_1_306' title='bbox 2649 1795 2828 1862; x_wconf 87' lang='lat' dir='ltr'><strong>pater,</strong></span> <span class='ocrx_word' id='word_1_307' title='bbox 2860 1798 2918 1847; x_wconf 92' lang='lat' dir='ltr'><strong>et</strong></span> <span class='ocrx_word' id='word_1_308' title='bbox 2962 1791 3120 1849; x_wconf 86' lang='lat' dir='ltr'><strong>ﬁlius</strong></span> <span class='ocrx_word' id='word_1_309' title='bbox 3150 1794 3226 1850; x_wconf 88' lang='lat' dir='ltr'><strong>sit</strong></span> <span class='ocrx_word' id='word_1_310' title='bbox 3254 1795 3436 1867; x_wconf 87' lang='lat' dir='ltr'><strong>patris</strong></span> <span class='ocrx_word' id='word_1_311' title='bbox 3465 1796 3645 1866; x_wconf 80' lang='lat' dir='ltr'><strong>filius,</strong></span> 
     </span>
    </p>
   </div>
   <div class='ocr_carea' id='block_1_50' title="bbox 2008 1877 2716 1950">
    <p class='ocr_par' dir='ltr' id='par_1_50' title="bbox 2008 1877 2716 1950">
     <span class='ocr_line' id='line_1_50' title="bbox 2008 1877 2716 1950; baseline 0.001 -18"><span class='ocrx_word' id='word_1_312' title='bbox 2008 1882 2066 1932; x_wconf 91' lang='lat' dir='ltr'><strong>et</strong></span> <span class='ocrx_word' id='word_1_313' title='bbox 2093 1893 2221 1950; x_wconf 66' lang='lat' dir='ltr'><strong>quas</strong></span> <span class='ocrx_word' id='word_1_314' title='bbox 2253 1877 2527 1950; x_wconf 89' lang='lat' dir='ltr'><strong>deinceps</strong></span> <span class='ocrx_word' id='word_1_315' title='bbox 2556 1885 2716 1935; x_wconf 89' lang='lat' dir='ltr'><strong>sunt.</strong></span> 
     </span>
    </p>
   </div>
   <div class='ocr_carea' id='block_1_51' title="bbox 2079 1966 3649 2046">
    <p class='ocr_par' dir='ltr' id='par_1_51' title="bbox 2079 1966 3649 2046">
     <span class='ocr_line' id='line_1_51' title="bbox 2079 1966 3649 2046; baseline 0.008 -27"><span class='ocrx_word' id='word_1_316' title='bbox 2079 1968 2167 2020; x_wconf 85' lang='lat'><strong>27.</strong></span> <span class='ocrx_word' id='word_1_317' title='bbox 2202 1967 2266 2021; x_wconf 86' lang='lat' dir='ltr'><strong>In</strong></span> <span class='ocrx_word' id='word_1_318' title='bbox 2297 1966 2652 2039; x_wconf 84' lang='lat' dir='ltr'><strong>syllogismis</strong></span> <span class='ocrx_word' id='word_1_319' title='bbox 2683 1973 2877 2025; x_wconf 90' lang='lat' dir='ltr'><strong>autem</strong></span> <span class='ocrx_word' id='word_1_320' title='bbox 2908 1971 2974 2026; x_wconf 88' lang='lat' dir='ltr'><strong>ﬁt</strong></span> <span class='ocrx_word' id='word_1_321' title='bbox 3002 1972 3320 2046; x_wconf 88' lang='lat' dir='ltr'><strong>conversio,</strong></span> <span class='ocrx_word' id='word_1_322' title='bbox 3352 1990 3487 2030; x_wconf 92' lang='lat' dir='ltr'><strong>cum</strong></span> <span class='ocrx_word' id='word_1_323' title='bbox 3516 1990 3649 2031; x_wconf 92' lang='lat' dir='ltr'><strong>con-</strong></span> 
     </span>
    </p>
   </div>
   <div class='ocr_carea' id='block_1_52' title="bbox 2011 2053 3650 2135">
    <p class='ocr_par' dir='ltr' id='par_1_52' title="bbox 2011 2053 3650 2135">
     <span class='ocr_line' id='line_1_52' title="bbox 2011 2053 3650 2135; baseline 0.007 -28"><span class='ocrx_word' id='word_1_324' title='bbox 2011 2053 2271 2110; x_wconf 84' lang='lat' dir='ltr'><strong>clusione</strong></span> <span class='ocrx_word' id='word_1_325' title='bbox 2295 2060 2531 2127; x_wconf 87' lang='lat' dir='ltr'><strong>accepta</strong></span> <span class='ocrx_word' id='word_1_326' title='bbox 2575 2061 2633 2112; x_wconf 89' lang='lat' dir='ltr'><strong>et</strong></span> <span class='ocrx_word' id='word_1_327' title='bbox 2677 2059 2896 2128; x_wconf 88' lang='lat' dir='ltr'><strong>majore</strong></span> <span class='ocrx_word' id='word_1_328' title='bbox 2943 2061 3337 2132; x_wconf 88' lang='lat' dir='ltr'><strong>propositione</strong></span> <span class='ocrx_word' id='word_1_329' title='bbox 3384 2062 3650 2135; x_wconf 87' lang='lat' dir='ltr'><strong>apposita</strong></span> 
     </span>
    </p>
   </div>
   <div class='ocr_carea' id='block_1_53' title="bbox 2012 2143 3648 2224">
    <p class='ocr_par' dir='ltr' id='par_1_53' title="bbox 2012 2143 3648 2224">
     <span class='ocr_line' id='line_1_53' title="bbox 2012 2143 3648 2224; baseline 0.006 -26"><span class='ocrx_word' id='word_1_330' title='bbox 2012 2143 2296 2199; x_wconf 90' lang='lat' dir='ltr'><strong>minorem</strong></span> <span class='ocrx_word' id='word_1_331' title='bbox 2347 2145 2907 2204; x_wconf 83' lang='lat' dir='ltr'><strong>conﬁrmaverimus.</strong></span> <span class='ocrx_word' id='word_1_332' title='bbox 2940 2148 3131 2204; x_wconf 88' lang='lat' dir='ltr'><strong>Veluti</strong></span> <span class='ocrx_word' id='word_1_333' title='bbox 3180 2155 3430 2222; x_wconf 88' lang='lat' dir='ltr'><strong>ponatur</strong></span> <span class='ocrx_word' id='word_1_334' title='bbox 3476 2151 3648 2224; x_wconf 88' lang='lat' dir='ltr'><strong>syllo—</strong></span> 
     </span>
    </p>
   </div>
   <div class='ocr_carea' id='block_1_54' title="bbox 2010 2232 3649 2304">
    <p class='ocr_par' dir='ltr' id='par_1_54' title="bbox 2010 2232 3649 2304">
     <span class='ocr_line' id='line_1_54' title="bbox 2010 2232 3649 2304; baseline 0.007 -18"><span class='ocrx_word' id='word_1_335' title='bbox 2010 2233 2238 2304; x_wconf 89' lang='lat' dir='ltr'><strong>gismus</strong></span> <span class='ocrx_word' id='word_1_336' title='bbox 2269 2232 2369 2304; x_wconf 90' lang='lat' dir='ltr'><strong>qui</strong></span> <span class='ocrx_word' id='word_1_337' title='bbox 2400 2234 2585 2289; x_wconf 89' lang='lat' dir='ltr'><strong>dicit:</strong></span> <span class='ocrx_word' id='word_1_338' title='bbox 2616 2234 2825 2290; x_wconf 91' lang='lat' dir='ltr'><strong>Anima</strong></span> <span class='ocrx_word' id='word_1_339' title='bbox 2866 2236 3168 2294; x_wconf 87' lang='lat' dir='ltr'><strong>rationalis</strong></span> <span class='ocrx_word' id='word_1_340' title='bbox 3212 2244 3301 2295; x_wconf 90' lang='lat' dir='ltr'><strong>est</strong></span> <span class='ocrx_word' id='word_1_341' title='bbox 3343 2257 3377 2295; x_wconf 90' lang='lat' dir='ltr'><strong>a</strong></span> <span class='ocrx_word' id='word_1_342' title='bbox 3425 2257 3488 2297; x_wconf 83' lang='lat' dir='ltr'><strong>se</strong></span> <span class='ocrx_word' id='word_1_343' title='bbox 3526 2257 3649 2297; x_wconf 93' lang='lat' dir='ltr'><strong>mo-</strong></span> 
     </span>
    </p>
   </div>
   <div class='ocr_carea' id='block_1_55' title="bbox 2011 2320 3759 2400">
    <p class='ocr_par' dir='ltr' id='par_1_55' title="bbox 2011 2320 3759 2400">
     <span class='ocr_line' id='line_1_55' title="bbox 2011 2320 3759 2400; baseline 0.006 -25"><span class='ocrx_word' id='word_1_344' title='bbox 2011 2320 2165 2376; x_wconf 90' lang='lat' dir='ltr'><strong>bilis.</strong></span> <span class='ocrx_word' id='word_1_345' title='bbox 2197 2322 2358 2386; x_wconf 86' lang='lat' dir='ltr'><strong>Quod</strong></span> <span class='ocrx_word' id='word_1_346' title='bbox 2409 2326 2498 2378; x_wconf 88' lang='lat' dir='ltr'><strong>est</strong></span> <span class='ocrx_word' id='word_1_347' title='bbox 2537 2340 2571 2378; x_wconf 89' lang='lat' dir='ltr'><strong>a</strong></span> <span class='ocrx_word' id='word_1_348' title='bbox 2612 2340 2673 2379; x_wconf 89' lang='lat' dir='ltr'><strong>se</strong></span> <span class='ocrx_word' id='word_1_349' title='bbox 2722 2325 2955 2393; x_wconf 90' lang='lat' dir='ltr'><strong>mobile,</strong></span> <span class='ocrx_word' id='word_1_350' title='bbox 3001 2331 3091 2382; x_wconf 89' lang='lat' dir='ltr'><strong>est</strong></span> <span class='ocrx_word' id='word_1_351' title='bbox 3137 2345 3369 2400; x_wconf 88' lang='lat' dir='ltr'><strong>semper</strong></span> <span class='ocrx_word' id='word_1_352' title='bbox 3414 2330 3648 2387; x_wconf 91' lang='lat' dir='ltr'><strong>mobile.</strong></span> <span class='ocrx_word' id='word_1_353' title='bbox 3734 2364 3759 2385; x_wconf 63' lang='grc' dir='ltr'><strong>ι</strong></span> 
     </span>
    </p>
   </div>
   <div class='ocr_carea' id='block_1_56' title="bbox 2010 2410 3650 2483">
    <p class='ocr_par' dir='ltr' id='par_1_56' title="bbox 2010 2410 3650 2483">
     <span class='ocr_line' id='line_1_56' title="bbox 2010 2410 3650 2483; baseline 0.008 -19"><span class='ocrx_word' id='word_1_354' title='bbox 2010 2410 2171 2474; x_wconf 88' lang='lat' dir='ltr'><strong>Quod</strong></span> <span class='ocrx_word' id='word_1_355' title='bbox 2229 2415 2318 2466; x_wconf 92' lang='lat' dir='ltr'><strong>est</strong></span> <span class='ocrx_word' id='word_1_356' title='bbox 2373 2426 2604 2483; x_wconf 88' lang='lat' dir='ltr'><strong>semper</strong></span> <span class='ocrx_word' id='word_1_357' title='bbox 2664 2413 2907 2481; x_wconf 89' lang='lat' dir='ltr'><strong>mobile,</strong></span> <span class='ocrx_word' id='word_1_358' title='bbox 2958 2421 3048 2470; x_wconf 90' lang='lat' dir='ltr'><strong>est</strong></span> <span class='ocrx_word' id='word_1_359' title='bbox 3100 2416 3450 2474; x_wconf 88' lang='lat' dir='ltr'><strong>immortale.</strong></span> <span class='ocrx_word' id='word_1_360' title='bbox 3497 2420 3650 2477; x_wconf 70' lang='lat'><strong>822</strong></span> 
     </span>
    </p>
   </div>
   <div class='ocr_carea' id='block_1_57' title="bbox 2009 2500 3652 2572">
    <p class='ocr_par' dir='ltr' id='par_1_57' title="bbox 2009 2500 3652 2572">
     <span class='ocr_line' id='line_1_57' title="bbox 2009 2500 3652 2572; baseline 0.007 -19"><span class='ocrx_word' id='word_1_361' title='bbox 2009 2500 2221 2554; x_wconf 88' lang='lat' dir='ltr'><strong>Anima</strong></span> <span class='ocrx_word' id='word_1_362' title='bbox 2250 2500 2429 2572; x_wconf 86' lang='lat' dir='ltr'><strong>igitur</strong></span> <span class='ocrx_word' id='word_1_363' title='bbox 2468 2500 2768 2557; x_wconf 88' lang='lat' dir='ltr'><strong>rationalis</strong></span> <span class='ocrx_word' id='word_1_364' title='bbox 2814 2507 2904 2558; x_wconf 90' lang='lat' dir='ltr'><strong>est</strong></span> <span class='ocrx_word' id='word_1_365' title='bbox 2952 2503 3325 2562; x_wconf 88' lang='lat' dir='ltr'><strong>immortalis.</strong></span> <span class='ocrx_word' id='word_1_366' title='bbox 3356 2507 3652 2565; x_wconf 88' lang='lat' dir='ltr'><strong>Habemus</strong></span> 
     </span>
    </p>
   </div>
   <div class='ocr_carea' id='block_1_58' title="bbox 2010 2589 3651 2660">
    <p class='ocr_par' dir='ltr' id='par_1_58' title="bbox 2010 2589 3651 2660">
     <span class='ocr_line' id='line_1_58' title="bbox 2010 2589 3651 2660; baseline 0.007 -18"><span class='ocrx_word' id='word_1_367' title='bbox 2010 2589 2191 2660; x_wconf 86' lang='lat' dir='ltr'><strong>igitur</strong></span> <span class='ocrx_word' id='word_1_368' title='bbox 2227 2589 2490 2644; x_wconf 90' lang='lat' dir='ltr'><strong>eamdem</strong></span> <span class='ocrx_word' id='word_1_369' title='bbox 2522 2589 2977 2659; x_wconf 89' lang='lat' dir='ltr'><strong>conclusionem,</strong></span> <span class='ocrx_word' id='word_1_370' title='bbox 3000 2592 3256 2649; x_wconf 86' lang='lat' dir='ltr'><strong>animam</strong></span> <span class='ocrx_word' id='word_1_371' title='bbox 3305 2596 3651 2653; x_wconf 88' lang='lat' dir='ltr'><strong>rationalem</strong></span> 
     </span>
    </p>
   </div>
   <div class='ocr_carea' id='block_1_59' title="bbox 2011 2677 3650 2754">
    <p class='ocr_par' dir='ltr' id='par_1_59' title="bbox 2011 2677 3650 2754">
     <span class='ocr_line' id='line_1_59' title="bbox 2011 2677 3650 2754; baseline 0.006 -22"><span class='ocrx_word' id='word_1_372' title='bbox 2011 2694 2139 2733; x_wconf 89' lang='lat' dir='ltr'><strong>esse</strong></span> <span class='ocrx_word' id='word_1_373' title='bbox 2186 2677 2596 2733; x_wconf 85' lang='lat' dir='ltr'><strong>immortalem.</strong></span> <span class='ocrx_word' id='word_1_374' title='bbox 2649 2679 2808 2735; x_wconf 89' lang='lat' dir='ltr'><strong>Hanc</strong></span> <span class='ocrx_word' id='word_1_375' title='bbox 2860 2683 3210 2754; x_wconf 86' lang='lat' dir='ltr'><strong>accipientes</strong></span> <span class='ocrx_word' id='word_1_376' title='bbox 3263 2691 3321 2741; x_wconf 90' lang='lat' dir='ltr'><strong>et</strong></span> <span class='ocrx_word' id='word_1_377' title='bbox 3365 2686 3650 2743; x_wconf 90' lang='lat' dir='ltr'><strong>minorem</strong></span> 
     </span>
    </p>
   </div>
   <div class='ocr_carea' id='block_1_60' title="bbox 2011 2766 3652 2845">
    <p class='ocr_par' dir='ltr' id='par_1_60' title="bbox 2011 2766 3652 2845">
     <span class='ocr_line' id='line_1_60' title="bbox 2011 2766 3652 2845; baseline 0.007 -25"><span class='ocrx_word' id='word_1_378' title='bbox 2011 2766 2465 2837; x_wconf 86' lang='lat' dir='ltr'><strong>propositionem</strong></span> <span class='ocrx_word' id='word_1_379' title='bbox 2513 2767 2809 2832; x_wconf 85' lang='lat' dir='ltr'><strong>facientes,</strong></span> <span class='ocrx_word' id='word_1_380' title='bbox 2841 2774 2899 2825; x_wconf 94' lang='lat' dir='ltr'><strong>et</strong></span> <span class='ocrx_word' id='word_1_381' title='bbox 2944 2770 3081 2827; x_wconf 90' lang='lat' dir='ltr'><strong>inde</strong></span> <span class='ocrx_word' id='word_1_382' title='bbox 3109 2776 3346 2829; x_wconf 76' lang='lat' dir='ltr'><strong>caeteras</strong></span> <span class='ocrx_word' id='word_1_383' title='bbox 3374 2775 3652 2845; x_wconf 88' lang='lat' dir='ltr'><strong>adjicien-</strong></span> 
     </span>
    </p>
   </div>
   <div class='ocr_carea' id='block_1_61' title="bbox 2012 2853 3654 2934">
    <p class='ocr_par' dir='ltr' id='par_1_61' title="bbox 2012 2853 3654 2934">
     <span class='ocr_line' id='line_1_61' title="bbox 2012 2853 3654 2934; baseline 0.007 -26"><span class='ocrx_word' id='word_1_384' title='bbox 2012 2859 2121 2921; x_wconf 92' lang='lat' dir='ltr'><strong>tes,</strong></span> <span class='ocrx_word' id='word_1_385' title='bbox 2153 2853 2586 2909; x_wconf 90' lang='lat' dir='ltr'><strong>conclusionem</strong></span> <span class='ocrx_word' id='word_1_386' title='bbox 2635 2856 2922 2913; x_wconf 83' lang='lat' dir='ltr'><strong>efficimus</strong></span> <span class='ocrx_word' id='word_1_387' title='bbox 2968 2875 3119 2924; x_wconf 90' lang='lat' dir='ltr'><strong>eam,</strong></span> <span class='ocrx_word' id='word_1_388' title='bbox 3151 2877 3277 2932; x_wconf 78' lang='lat' dir='ltr'><strong>quas</strong></span> <span class='ocrx_word' id='word_1_389' title='bbox 3328 2862 3492 2934; x_wconf 91' lang='lat' dir='ltr'><strong>prius</strong></span> <span class='ocrx_word' id='word_1_390' title='bbox 3529 2867 3654 2919; x_wconf 89' lang='lat' dir='ltr'><strong>erat</strong></span> 
     </span>
    </p>
   </div>
   <div class='ocr_carea' id='block_1_62' title="bbox 2015 2942 3653 3014">
    <p class='ocr_par' dir='ltr' id='par_1_62' title="bbox 2015 2942 3653 3014">
     <span class='ocr_line' id='line_1_62' title="bbox 2015 2942 3653 3014; baseline 0.006 -17"><span class='ocrx_word' id='word_1_391' title='bbox 2015 2942 2207 2997; x_wconf 91' lang='lat' dir='ltr'><strong>minor</strong></span> <span class='ocrx_word' id='word_1_392' title='bbox 2254 2943 2592 3014; x_wconf 86' lang='lat' dir='ltr'><strong>propositio,</strong></span> <span class='ocrx_word' id='word_1_393' title='bbox 2624 2946 2708 3000; x_wconf 90' lang='lat' dir='ltr'><strong>sic</strong></span> <span class='ocrx_word' id='word_1_394' title='bbox 2759 2946 3006 3002; x_wconf 87' lang='lat' dir='ltr'><strong>dicendo</strong></span> <span class='ocrx_word' id='word_1_395' title='bbox 3039 2965 3053 3003; x_wconf 89' lang='lat'>:</span> <span class='ocrx_word' id='word_1_396' title='bbox 3084 2949 3294 3005; x_wconf 87' lang='lat' dir='ltr'><strong>Anima</strong></span> <span class='ocrx_word' id='word_1_397' title='bbox 3350 2950 3653 3008; x_wconf 89' lang='lat' dir='ltr'><strong>rationalis</strong></span> 
     </span>
    </p>
   </div>
   <div class='ocr_carea' id='block_1_63' title="bbox 2014 3030 3657 3110">
    <p class='ocr_par' dir='ltr' id='par_1_63' title="bbox 2014 3030 3657 3110">
     <span class='ocr_line' id='line_1_63' title="bbox 2014 3030 3657 3110; baseline 0.006 -24"><span class='ocrx_word' id='word_1_398' title='bbox 2014 3036 2104 3086; x_wconf 88' lang='lat' dir='ltr'><strong>est</strong></span> <span class='ocrx_word' id='word_1_399' title='bbox 2132 3030 2510 3100; x_wconf 90' lang='lat' dir='ltr'><strong>immortalis;</strong></span> <span class='ocrx_word' id='word_1_400' title='bbox 2564 3034 2718 3103; x_wconf 91' lang='lat' dir='ltr'><strong>quod</strong></span> <span class='ocrx_word' id='word_1_401' title='bbox 2765 3040 2854 3091; x_wconf 89' lang='lat' dir='ltr'><strong>est</strong></span> <span class='ocrx_word' id='word_1_402' title='bbox 2898 3035 3226 3093; x_wconf 88' lang='lat' dir='ltr'><strong>immortale</strong></span> <span class='ocrx_word' id='word_1_403' title='bbox 3281 3043 3370 3094; x_wconf 89' lang='lat' dir='ltr'><strong>est</strong></span> <span class='ocrx_word' id='word_1_404' title='bbox 3423 3056 3657 3110; x_wconf 90' lang='lat' dir='ltr'><strong>semper</strong></span> 
     </span>
    </p>
   </div>
   <div class='ocr_carea' id='block_1_64' title="bbox 2017 3118 3654 3198">
    <p class='ocr_par' dir='ltr' id='par_1_64' title="bbox 2017 3118 3654 3198">
     <span class='ocr_line' id='line_1_64' title="bbox 2017 3118 3654 3198; baseline 0.007 -25"><span class='ocrx_word' id='word_1_405' title='bbox 2017 3118 2264 3185; x_wconf 84' lang='lat' dir='ltr'><strong>mobile;</strong></span> <span class='ocrx_word' id='word_1_406' title='bbox 2296 3120 2448 3191; x_wconf 91' lang='lat' dir='ltr'><strong>quod</strong></span> <span class='ocrx_word' id='word_1_407' title='bbox 2499 3125 2587 3176; x_wconf 89' lang='lat' dir='ltr'><strong>est</strong></span> <span class='ocrx_word' id='word_1_408' title='bbox 2636 3139 2863 3191; x_wconf 89' lang='lat' dir='ltr'><strong>semper</strong></span> <span class='ocrx_word' id='word_1_409' title='bbox 2894 3125 3108 3181; x_wconf 90' lang='lat' dir='ltr'><strong>mobile</strong></span> <span class='ocrx_word' id='word_1_410' title='bbox 3137 3131 3227 3183; x_wconf 89' lang='lat' dir='ltr'><strong>est</strong></span> <span class='ocrx_word' id='word_1_411' title='bbox 3255 3144 3288 3182; x_wconf 91' lang='lat' dir='ltr'><strong>a</strong></span> <span class='ocrx_word' id='word_1_412' title='bbox 3316 3144 3378 3184; x_wconf 85' lang='lat' dir='ltr'><strong>se</strong></span> <span class='ocrx_word' id='word_1_413' title='bbox 3406 3128 3654 3198; x_wconf 90' lang='lat' dir='ltr'><strong>mobile;</strong></span> 
     </span>
    </p>
   </div>
   <div class='ocr_carea' id='block_1_65' title="bbox 2015 3207 3658 3291">
    <p class='ocr_par' dir='ltr' id='par_1_65' title="bbox 2015 3207 3658 3291">
     <span class='ocr_line' id='line_1_65' title="bbox 2015 3207 3658 3291; baseline 0.007 -30"><span class='ocrx_word' id='word_1_414' title='bbox 2015 3207 2213 3262; x_wconf 88' lang='lat' dir='ltr'><strong>anima</strong></span> <span class='ocrx_word' id='word_1_415' title='bbox 2244 3207 2423 3280; x_wconf 89' lang='lat' dir='ltr'><strong>igitur</strong></span> <span class='ocrx_word' id='word_1_416' title='bbox 2456 3209 2756 3266; x_wconf 88' lang='lat' dir='ltr'><strong>rationalis</strong></span> <span class='ocrx_word' id='word_1_417' title='bbox 2788 3216 2876 3267; x_wconf 88' lang='lat' dir='ltr'><strong>est</strong></span> <span class='ocrx_word' id='word_1_418' title='bbox 2905 3229 2939 3267; x_wconf 86' lang='lat' dir='ltr'><strong>a</strong></span> <span class='ocrx_word' id='word_1_419' title='bbox 2972 3230 3035 3270; x_wconf 90' lang='lat' dir='ltr'><strong>se</strong></span> <span class='ocrx_word' id='word_1_420' title='bbox 3078 3215 3329 3273; x_wconf 86' lang='lat' dir='ltr'><strong>mobilis.</strong></span> <span class='ocrx_word' id='word_1_421' title='bbox 3363 3217 3658 3291; x_wconf 83' lang='lat' dir='ltr'><strong>Contingit</strong></span> 
     </span>
    </p>
   </div>
   <div class='ocr_carea' id='block_1_66' title="bbox 2016 3298 3655 3378">
    <p class='ocr_par' dir='ltr' id='par_1_66' title="bbox 2016 3298 3655 3378">
     <span class='ocr_line' id='line_1_66' title="bbox 2016 3298 3655 3378; baseline 0.007 -27"><span class='ocrx_word' id='word_1_422' title='bbox 2016 3300 2210 3352; x_wconf 89' lang='lat' dir='ltr'><strong>autem</strong></span> <span class='ocrx_word' id='word_1_423' title='bbox 2243 3300 2300 3352; x_wconf 90' lang='lat' dir='ltr'><strong>et</strong></span> <span class='ocrx_word' id='word_1_424' title='bbox 2329 3298 2551 3353; x_wconf 91' lang='lat' dir='ltr'><strong>minore</strong></span> <span class='ocrx_word' id='word_1_425' title='bbox 2590 3301 2983 3371; x_wconf 88' lang='lat' dir='ltr'><strong>propositione</strong></span> <span class='ocrx_word' id='word_1_426' title='bbox 3020 3304 3379 3361; x_wconf 90' lang='lat' dir='ltr'><strong>conclusioni</strong></span> <span class='ocrx_word' id='word_1_427' title='bbox 3413 3308 3655 3378; x_wconf 90' lang='lat' dir='ltr'><strong>conjun-</strong></span> 
     </span>
    </p>
   </div>
   <div class='ocr_carea' id='block_1_67' title="bbox 2019 3385 3658 3469">
    <p class='ocr_par' dir='ltr' id='par_1_67' title="bbox 2019 3385 3658 3469">
     <span class='ocr_line' id='line_1_67' title="bbox 2019 3385 3658 3469; baseline 0.007 -29"><span class='ocrx_word' id='word_1_428' title='bbox 2019 3391 2112 3441; x_wconf 90' lang='lat' dir='ltr'><strong>cta</strong></span> <span class='ocrx_word' id='word_1_429' title='bbox 2141 3385 2326 3440; x_wconf 82' lang='lat' dir='ltr'><strong>facere</strong></span> <span class='ocrx_word' id='word_1_430' title='bbox 2356 3386 2789 3444; x_wconf 89' lang='lat' dir='ltr'><strong>conclusionem</strong></span> <span class='ocrx_word' id='word_1_431' title='bbox 2834 3406 2962 3445; x_wconf 89' lang='lat' dir='ltr'><strong>eam</strong></span> <span class='ocrx_word' id='word_1_432' title='bbox 2994 3408 3121 3463; x_wconf 77' lang='lat' dir='ltr'><strong>quae</strong></span> <span class='ocrx_word' id='word_1_433' title='bbox 3152 3392 3212 3448; x_wconf 89' lang='lat' dir='ltr'><strong>in</strong></span> <span class='ocrx_word' id='word_1_434' title='bbox 3243 3394 3434 3466; x_wconf 90' lang='lat' dir='ltr'><strong>priore</strong></span> <span class='ocrx_word' id='word_1_435' title='bbox 3483 3395 3658 3469; x_wconf 87' lang='lat' dir='ltr'><strong>syllo-</strong></span> 
     </span>
    </p>
   </div>
   <div class='ocr_carea' id='block_1_68' title="bbox 2019 3474 3657 3551">
    <p class='ocr_par' dir='ltr' id='par_1_68' title="bbox 2019 3474 3657 3551">
     <span class='ocr_line' id='line_1_68' title="bbox 2019 3474 3657 3551; baseline 0.006 -20"><span class='ocrx_word' id='word_1_436' title='bbox 2019 3474 2207 3548; x_wconf 87' lang='lat' dir='ltr'><strong>gismo</strong></span> <span class='ocrx_word' id='word_1_437' title='bbox 2237 3480 2360 3530; x_wconf 88' lang='lat' dir='ltr'><strong>erat</strong></span> <span class='ocrx_word' id='word_1_438' title='bbox 2405 3476 2595 3547; x_wconf 88' lang='lat' dir='ltr'><strong>major</strong></span> <span class='ocrx_word' id='word_1_439' title='bbox 2624 3478 2961 3549; x_wconf 89' lang='lat' dir='ltr'><strong>propositio.</strong></span> <span class='ocrx_word' id='word_1_440' title='bbox 2992 3480 3183 3551; x_wconf 88' lang='lat' dir='ltr'><strong>Velut,</strong></span> <span class='ocrx_word' id='word_1_441' title='bbox 3223 3483 3435 3539; x_wconf 84' lang='lat' dir='ltr'><strong>Anima</strong></span> <span class='ocrx_word' id='word_1_442' title='bbox 3480 3485 3657 3542; x_wconf 90' lang='lat' dir='ltr'><strong>ratio-</strong></span> 
     </span>
    </p>
   </div>
   <div class='ocr_carea' id='block_1_69' title="bbox 2018 3562 3661 3637">
    <p class='ocr_par' dir='ltr' id='par_1_69' title="bbox 2018 3562 3661 3637">
     <span class='ocr_line' id='line_1_69' title="bbox 2018 3562 3661 3637; baseline 0.007 -18"><span class='ocrx_word' id='word_1_443' title='bbox 2018 3563 2168 3619; x_wconf 88' lang='lat' dir='ltr'><strong>nalis</strong></span> <span class='ocrx_word' id='word_1_444' title='bbox 2197 3566 2287 3619; x_wconf 90' lang='lat' dir='ltr'><strong>est</strong></span> <span class='ocrx_word' id='word_1_445' title='bbox 2310 3562 2690 3633; x_wconf 88' lang='lat' dir='ltr'><strong>immortalis;</strong></span> <span class='ocrx_word' id='word_1_446' title='bbox 2723 3568 2878 3637; x_wconf 92' lang='lat' dir='ltr'><strong>quod</strong></span> <span class='ocrx_word' id='word_1_447' title='bbox 2928 3573 3016 3625; x_wconf 88' lang='lat' dir='ltr'><strong>est</strong></span> <span class='ocrx_word' id='word_1_448' title='bbox 3059 3568 3387 3627; x_wconf 87' lang='lat' dir='ltr'><strong>immortale</strong></span> <span class='ocrx_word' id='word_1_449' title='bbox 3416 3577 3505 3629; x_wconf 90' lang='lat' dir='ltr'><strong>est</strong></span> <span class='ocrx_word' id='word_1_450' title='bbox 3533 3590 3568 3630; x_wconf 87' lang='lat' dir='ltr'><strong>a</strong></span> <span class='ocrx_word' id='word_1_451' title='bbox 3598 3591 3661 3631; x_wconf 89' lang='lat' dir='ltr'><strong>se</strong></span> 
     </span>
    </p>
   </div>
   <div class='ocr_carea' id='block_1_70' title="bbox 263 3649 3658 3732">
    <p class='ocr_par' dir='ltr' id='par_1_70' title="bbox 263 3649 3658 3732">
     <span class='ocr_line' id='line_1_70' title="bbox 263 3649 3658 3732; baseline 0.001 -16"><span class='ocrx_word' id='word_1_452' title='bbox 263 3659 513 3726; x_wconf 87' lang='lat' dir='ltr'><strong>mobile;</strong></span> <span class='ocrx_word' id='word_1_453' title='bbox 544 3658 700 3731; x_wconf 89' lang='lat' dir='ltr'><strong>quod</strong></span> <span class='ocrx_word' id='word_1_454' title='bbox 729 3661 818 3714; x_wconf 91' lang='lat' dir='ltr'><strong>est</strong></span> <span class='ocrx_word' id='word_1_455' title='bbox 847 3674 881 3713; x_wconf 91' lang='lat' dir='ltr'><strong>a</strong></span> <span class='ocrx_word' id='word_1_456' title='bbox 909 3672 970 3712; x_wconf 92' lang='lat' dir='ltr'><strong>se</strong></span> <span class='ocrx_word' id='word_1_457' title='bbox 992 3655 1207 3712; x_wconf 91' lang='lat' dir='ltr'><strong>mobile</strong></span> <span class='ocrx_word' id='word_1_458' title='bbox 1226 3661 1315 3712; x_wconf 88' lang='lat' dir='ltr'><strong>est</strong></span> <span class='ocrx_word' id='word_1_459' title='bbox 1342 3671 1571 3727; x_wconf 90' lang='lat' dir='ltr'><strong>semper</strong></span> <span class='ocrx_word' id='word_1_460' title='bbox 1599 3654 1846 3723; x_wconf 90' lang='lat' dir='ltr'><strong>mobile;</strong></span> <span class='ocrx_word' id='word_1_461' title='bbox 1881 3651 2182 3710; x_wconf 88' lang='lat' dir='ltr'><strong>rationalis</strong></span> <span class='ocrx_word' id='word_1_462' title='bbox 2213 3649 2391 3723; x_wconf 87' lang='lat' dir='ltr'><strong>igitur</strong></span> <span class='ocrx_word' id='word_1_463' title='bbox 2428 3651 2623 3709; x_wconf 90' lang='lat' dir='ltr'><strong>anima</strong></span> <span class='ocrx_word' id='word_1_464' title='bbox 2651 3657 2739 3708; x_wconf 88' lang='lat' dir='ltr'><strong>est</strong></span> <span class='ocrx_word' id='word_1_465' title='bbox 2762 3670 2993 3728; x_wconf 87' lang='lat' dir='ltr'><strong>semper</strong></span> <span class='ocrx_word' id='word_1_466' title='bbox 3021 3657 3276 3714; x_wconf 88' lang='lat' dir='ltr'><strong>mobilis.</strong></span> <span class='ocrx_word' id='word_1_467' title='bbox 3298 3661 3389 3715; x_wconf 87' lang='lat' dir='ltr'><strong>Sic</strong></span> <span class='ocrx_word' id='word_1_468' title='bbox 3420 3660 3658 3732; x_wconf 89' lang='lat' dir='ltr'><strong>quidem</strong></span> 
     </span>
    </p>
   </div>
   <div class='ocr_carea' id='block_1_71' title="bbox 263 3743 1370 3821">
    <p class='ocr_par' dir='ltr' id='par_1_71' title="bbox 263 3743 1370 3821">
     <span class='ocr_line' id='line_1_71' title="bbox 263 3743 1370 3821; baseline -0.005 -18"><span class='ocrx_word' id='word_1_469' title='bbox 263 3748 448 3821; x_wconf 88' lang='lat' dir='ltr'><strong>igitur</strong></span> <span class='ocrx_word' id='word_1_470' title='bbox 477 3746 539 3801; x_wconf 90' lang='lat' dir='ltr'><strong>in</strong></span> <span class='ocrx_word' id='word_1_471' title='bbox 567 3744 927 3818; x_wconf 81' lang='lat' dir='ltr'><strong>syllogismis</strong></span> <span class='ocrx_word' id='word_1_472' title='bbox 959 3744 1025 3799; x_wconf 80' lang='lat' dir='ltr'><strong>fit</strong></span> <span class='ocrx_word' id='word_1_473' title='bbox 1053 3743 1370 3800; x_wconf 90' lang='lat' dir='ltr'><strong>conversio.</strong></span> 
     </span>
    </p>
   </div>
   <div class='ocr_carea' id='block_1_72' title="bbox 338 3828 1910 3908">
    <p class='ocr_par' dir='ltr' id='par_1_72' title="bbox 338 3829 1905 3907">
     <span class='ocr_line' id='line_1_72' title="bbox 338 3829 1905 3907; baseline -0.004 -17"><span class='ocrx_word' id='word_1_474' title='bbox 338 3835 448 3906; x_wconf 90' lang='grc' dir='ltr'>κη’.</span> <span class='ocrx_word' id='word_1_475' title='bbox 497 3835 561 3889; x_wconf 86' lang='grc' dir='ltr'><strong>Ἡ</strong></span> <span class='ocrx_word' id='word_1_476' title='bbox 608 3830 654 3888; x_wconf 80' lang='grc' dir='ltr'><strong>δ’</strong></span> <span class='ocrx_word' id='word_1_477' title='bbox 704 3831 755 3887; x_wconf 86' lang='grc' dir='ltr'><strong>ἐν</strong></span> <span class='ocrx_word' id='word_1_478' title='bbox 814 3831 1099 3907; x_wconf 89' lang='grc' dir='ltr'>προτάσεσι</span> <span class='ocrx_word' id='word_1_479' title='bbox 1158 3831 1420 3906; x_wconf 76' lang='grc' dir='ltr'>γινομένη</span> <span class='ocrx_word' id='word_1_480' title='bbox 1494 3830 1820 3907; x_wconf 83' lang='grc' dir='ltr'>ἀντιστροφή</span> <span class='ocrx_word' id='word_1_481' title='bbox 1869 3829 1905 3898; x_wconf 72' lang='grc' dir='ltr'><strong>ἢ</strong></span> 
     </span>
    </p>
   </div>
   <div class='ocr_carea' id='block_1_73' title="bbox 2029 3828 3656 3908">
    <p class='ocr_par' dir='ltr' id='par_1_73' title="bbox 2089 3828 3656 3908">
     <span class='ocr_line' id='line_1_73' title="bbox 2089 3828 3656 3908; baseline 0.008 -26"><span class='ocrx_word' id='word_1_482' title='bbox 2089 3829 2178 3883; x_wconf 86' lang='lat'><strong>28.</strong></span> <span class='ocrx_word' id='word_1_483' title='bbox 2210 3829 2343 3893; x_wconf 59' lang='lat' dir='ltr'><strong>Quae</strong></span> <span class='ocrx_word' id='word_1_484' title='bbox 2375 3831 2568 3883; x_wconf 88' lang='lat' dir='ltr'><strong>autem</strong></span> <span class='ocrx_word' id='word_1_485' title='bbox 2603 3828 2661 3883; x_wconf 94' lang='lat' dir='ltr'><strong>in</strong></span> <span class='ocrx_word' id='word_1_486' title='bbox 2700 3831 3193 3902; x_wconf 88' lang='lat' dir='ltr'><strong>propositionibus</strong></span> <span class='ocrx_word' id='word_1_487' title='bbox 3232 3834 3299 3890; x_wconf 85' lang='lat' dir='ltr'><strong>ﬁt</strong></span> <span class='ocrx_word' id='word_1_488' title='bbox 3335 3837 3656 3908; x_wconf 85' lang='lat' dir='ltr'><strong>conversio,</strong></span> 
     </span>
    </p>
   </div>
   <div class='ocr_carea' id='block_1_74' title="bbox 262 3917 1913 3997">
    <p class='ocr_par' dir='ltr' id='par_1_74' title="bbox 262 3917 1913 3997">
     <span class='ocr_line' id='line_1_74' title="bbox 262 3917 1913 3997; baseline -0.003 -20"><span class='ocrx_word' id='word_1_489' title='bbox 262 3925 368 3993; x_wconf 78' lang='grc' dir='ltr'>τήν</span> <span class='ocrx_word' id='word_1_490' title='bbox 403 3922 495 3997; x_wconf 75' lang='grc' dir='ltr'><strong>μὲν</strong></span> <span class='ocrx_word' id='word_1_491' title='bbox 525 3920 669 3993; x_wconf 81' lang='grc' dir='ltr'>τάξιν</span> <span class='ocrx_word' id='word_1_492' title='bbox 699 3925 803 3975; x_wconf 82' lang='grc' dir='ltr'><strong>τῶν</strong></span> <span class='ocrx_word' id='word_1_493' title='bbox 837 3919 976 3996; x_wconf 79' lang='grc' dir='ltr'>ὅρων</span> <span class='ocrx_word' id='word_1_494' title='bbox 1007 3917 1261 3996; x_wconf 78' lang='grc' dir='ltr'>φυλάττει</span> <span class='ocrx_word' id='word_1_495' title='bbox 1315 3920 1408 3974; x_wconf 87' lang='grc' dir='ltr'>τὸν</span> <span class='ocrx_word' id='word_1_496' title='bbox 1462 3918 1619 3974; x_wconf 82' lang='grc' dir='ltr'>αὐτὸν</span> <span class='ocrx_word' id='word_1_497' title='bbox 1672 3922 1913 3992; x_wconf 76' lang='grc' dir='ltr'>τηροῦσα</span> 
     </span>
    </p>
   </div>
   <div class='ocr_carea' id='block_1_75' title="bbox 263 4006 1916 4087">
    <p class='ocr_par' dir='ltr' id='par_1_75' title="bbox 263 4006 1916 4087">
     <span class='ocr_line' id='line_1_75' title="bbox 263 4006 1916 4087; baseline -0.005 -19"><span class='ocrx_word' id='word_1_498' title='bbox 263 4009 769 4087; x_wconf 82' lang='grc' dir='ltr'>κατηγορούμενον,</span> <span class='ocrx_word' id='word_1_499' title='bbox 809 4009 900 4064; x_wconf 87' lang='grc' dir='ltr'><strong>καὶ</strong></span> <span class='ocrx_word' id='word_1_500' title='bbox 944 4009 1037 4063; x_wconf 91' lang='grc' dir='ltr'>τὸν</span> <span class='ocrx_word' id='word_1_501' title='bbox 1085 4007 1244 4063; x_wconf 81' lang='grc' dir='ltr'>αὐτὸν</span> <span class='ocrx_word' id='word_1_502' title='bbox 1293 4007 1640 4080; x_wconf 86' lang='grc' dir='ltr'>ὑποκείμενον</span> <span class='ocrx_word' id='word_1_503' title='bbox 1668 4028 1681 4041; x_wconf 75' lang='grc' dir='ltr'><strong>ο</strong></span> <span class='ocrx_word' id='word_1_504' title='bbox 1746 4006 1916 4079; x_wconf 86' lang='grc' dir='ltr'>μόνην</span> 
     </span>
    </p>
   </div>
   <div class='ocr_carea' id='block_1_76' title="bbox 264 4092 1915 4173">
    <p class='ocr_par' dir='ltr' id='par_1_76' title="bbox 264 4092 1915 4173">
     <span class='ocr_line' id='line_1_76' title="bbox 264 4092 1915 4173; baseline -0.005 -17"><span class='ocrx_word' id='word_1_505' title='bbox 264 4099 327 4156; x_wconf 79' lang='grc' dir='ltr'><strong>δὲ</strong></span> <span class='ocrx_word' id='word_1_506' title='bbox 372 4101 474 4169; x_wconf 79' lang='grc' dir='ltr'>τήν</span> <span class='ocrx_word' id='word_1_507' title='bbox 517 4098 785 4170; x_wconf 86' lang='grc' dir='ltr'>ποιότητα</span> <span class='ocrx_word' id='word_1_508' title='bbox 836 4092 1188 4172; x_wconf 73' lang='grc' dir='ltr'>μεταϐάλλει,</span> <span class='ocrx_word' id='word_1_509' title='bbox 1220 4101 1451 4152; x_wconf 89' lang='grc' dir='ltr'>ποιοῦσα</span> <span class='ocrx_word' id='word_1_510' title='bbox 1496 4097 1596 4165; x_wconf 83' lang='grc' dir='ltr'>τήν</span> <span class='ocrx_word' id='word_1_511' title='bbox 1647 4096 1915 4173; x_wconf 87' lang='grc' dir='ltr'>ἀποφατι-</span> 
     </span>
    </p>
   </div>
   <div class='ocr_carea' id='block_1_77' title="bbox 262 4183 1913 4263">
    <p class='ocr_par' dir='ltr' id='par_1_77' title="bbox 262 4183 1913 4263">
     <span class='ocr_line' id='line_1_77' title="bbox 262 4183 1913 4263; baseline -0.005 -18"><span class='ocrx_word' id='word_1_512' title='bbox 262 4191 371 4258; x_wconf 80' lang='grc' dir='ltr'>κήν</span> <span class='ocrx_word' id='word_1_513' title='bbox 431 4187 687 4263; x_wconf 87' lang='grc' dir='ltr'>πρότασιν</span> <span class='ocrx_word' id='word_1_514' title='bbox 746 4185 1136 4263; x_wconf 80' lang='grc' dir='ltr'>καταφατικήν,</span> <span class='ocrx_word' id='word_1_515' title='bbox 1189 4183 1278 4239; x_wconf 87' lang='grc' dir='ltr'><strong>καὶ</strong></span> <span class='ocrx_word' id='word_1_516' title='bbox 1348 4185 1713 4259; x_wconf 57' lang='grc' dir='ltr'>καταφατικὸν</span> <span class='ocrx_word' id='word_1_517' title='bbox 1744 4226 1749 4231; x_wconf 84' lang='grc'><strong>.</strong></span> <span class='ocrx_word' id='word_1_518' title='bbox 1779 4183 1913 4237; x_wconf 89' lang='grc' dir='ltr'>ἀπο-</span> 
     </span>
    </p>
   </div>
   <div class='ocr_carea' id='block_1_78' title="bbox 262 4270 1914 4359">
    <p class='ocr_par' dir='ltr' id='par_1_78' title="bbox 262 4270 1914 4359">
     <span class='ocr_line' id='line_1_78' title="bbox 262 4270 1914 4359; baseline -0.004 -26"><span class='ocrx_word' id='word_1_519' title='bbox 262 4278 523 4359; x_wconf 72' lang='grc' dir='ltr'>φατιγήν.</span> <span class='ocrx_word' id='word_1_520' title='bbox 565 4275 665 4332; x_wconf 83' lang='grc' dir='ltr'>Καὶ</span> <span class='ocrx_word' id='word_1_521' title='bbox 723 4274 932 4352; x_wconf 87' lang='grc' dir='ltr'>λέγεται</span> <span class='ocrx_word' id='word_1_522' title='bbox 988 4273 1121 4343; x_wconf 74' lang='grc' dir='ltr'>αὕτη</span> <span class='ocrx_word' id='word_1_523' title='bbox 1180 4270 1510 4349; x_wconf 73' lang='grc' dir='ltr'>ἐνδεχομένη</span> <span class='ocrx_word' id='word_1_524' title='bbox 1566 4273 1914 4350; x_wconf 79' lang='grc' dir='ltr'>ἀντιστροφὴ,</span> 
     </span>
    </p>
   </div>
   <div class='ocr_carea' id='block_1_79' title="bbox 262 4359 1915 4439">
    <p class='ocr_par' dir='ltr' id='par_1_79' title="bbox 262 4359 1915 4439">
     <span class='ocr_line' id='line_1_79' title="bbox 262 4359 1915 4439; baseline -0.004 -17"><span class='ocrx_word' id='word_1_525' title='bbox 262 4368 345 4430; x_wconf 85' lang='grc' dir='ltr'>ὡς</span> <span class='ocrx_word' id='word_1_526' title='bbox 375 4366 465 4421; x_wconf 69' lang='grc' dir='ltr'><strong>ἐπὶ</strong></span> <span class='ocrx_word' id='word_1_527' title='bbox 518 4365 689 4439; x_wconf 90' lang='grc' dir='ltr'>μόνης</span> <span class='ocrx_word' id='word_1_528' title='bbox 735 4370 839 4434; x_wconf 82' lang='grc' dir='ltr'>τῆς</span> <span class='ocrx_word' id='word_1_529' title='bbox 897 4359 1260 4438; x_wconf 82' lang='grc' dir='ltr'>ἐνδεχομένης</span> <span class='ocrx_word' id='word_1_530' title='bbox 1318 4360 1456 4432; x_wconf 78' lang='grc' dir='ltr'>ὕλης</span> <span class='ocrx_word' id='word_1_531' title='bbox 1515 4362 1915 4435; x_wconf 76' lang='grc' dir='ltr'>συνισταμένη”</span> 
     </span>
    </p>
   </div>
   <div class='ocr_carea' id='block_1_80' title="bbox 263 4447 1919 4529">
    <p class='ocr_par' dir='ltr' id='par_1_80' title="bbox 263 4447 1919 4529">
     <span class='ocr_line' id='line_1_80' title="bbox 263 4447 1919 4529; baseline -0.004 -19"><span class='ocrx_word' id='word_1_532' title='bbox 263 4458 413 4526; x_wconf 81' lang='grc' dir='ltr'>οἷον,</span> <span class='ocrx_word' id='word_1_533' title='bbox 489 4453 582 4515; x_wconf 85' lang='grc' dir='ltr'>Τὶς</span> <span class='ocrx_word' id='word_1_534' title='bbox 656 4450 939 4529; x_wconf 80' lang='grc' dir='ltr'>ἄνθρωπος</span> <span class='ocrx_word' id='word_1_535' title='bbox 1008 4449 1247 4522; x_wconf 80' lang='grc' dir='ltr'>λούεται,</span> <span class='ocrx_word' id='word_1_536' title='bbox 1323 4450 1415 4512; x_wconf 82' lang='grc' dir='ltr'><strong>Τὶς</strong></span> <span class='ocrx_word' id='word_1_537' title='bbox 1492 4447 1775 4526; x_wconf 80' lang='grc' dir='ltr'>ἅνθρωπος</span> <span class='ocrx_word' id='word_1_538' title='bbox 1856 4448 1919 4503; x_wconf 85' lang='grc' dir='ltr'><strong>ού</strong></span> 
     </span>
    </p>
   </div>
   <div class='ocr_carea' id='block_1_81' title="bbox 262 4537 1919 4616">
    <p class='ocr_par' dir='ltr' id='par_1_81' title="bbox 262 4537 1919 4616">
     <span class='ocr_line' id='line_1_81' title="bbox 262 4537 1919 4616; baseline -0.004 -15"><span class='ocrx_word' id='word_1_539' title='bbox 262 4543 516 4601; x_wconf 77' lang='grc' dir='ltr'>λούεται.</span> <span class='ocrx_word' id='word_1_540' title='bbox 560 4540 708 4612; x_wconf 76' lang='grc' dir='ltr'>Αὕτη</span> <span class='ocrx_word' id='word_1_541' title='bbox 770 4537 817 4595; x_wconf 81' lang='grc' dir='ltr'><strong>δ’</strong></span> <span class='ocrx_word' id='word_1_542' title='bbox 873 4539 972 4596; x_wconf 82' lang='grc' dir='ltr'><strong>οὐκ</strong></span> <span class='ocrx_word' id='word_1_543' title='bbox 1029 4539 1089 4595; x_wconf 82' lang='grc' dir='ltr'><strong>ἂν</strong></span> <span class='ocrx_word' id='word_1_544' title='bbox 1148 4537 1231 4609; x_wconf 84' lang='grc' dir='ltr'><strong>εἷή</strong></span> <span class='ocrx_word' id='word_1_545' title='bbox 1290 4539 1489 4615; x_wconf 87' lang='grc' dir='ltr'>κυρίως</span> <span class='ocrx_word' id='word_1_546' title='bbox 1565 4539 1919 4616; x_wconf 80' lang='grc' dir='ltr'>ἀντιστροφή.</span> 
     </span>
    </p>
   </div>
   <div class='ocr_carea' id='block_1_82' title="bbox 342 4713 1922 4794">
    <p class='ocr_par' dir='ltr' id='par_1_82' title="bbox 342 4713 1922 4794">
     <span class='ocr_line' id='line_1_82' title="bbox 342 4713 1922 4794; baseline -0.005 -17"><span class='ocrx_word' id='word_1_547' title='bbox 342 4723 447 4778; x_wconf 83' lang='grc' dir='ltr'>κθ¹.</span> <span class='ocrx_word' id='word_1_548' title='bbox 478 4719 544 4775; x_wconf 79' lang='grc' dir='ltr'><strong>Εἰ</strong></span> <span class='ocrx_word' id='word_1_549' title='bbox 602 4716 661 4774; x_wconf 73' lang='grc' dir='ltr'><strong>δὲ</strong></span> <span class='ocrx_word' id='word_1_550' title='bbox 709 4719 848 4792; x_wconf 80' lang='grc' dir='ltr'>μήτε</span> <span class='ocrx_word' id='word_1_551' title='bbox 901 4721 1009 4772; x_wconf 82' lang='grc' dir='ltr'>τῶν</span> <span class='ocrx_word' id='word_1_552' title='bbox 1076 4715 1217 4793; x_wconf 78' lang='grc' dir='ltr'>ὅρων</span> <span class='ocrx_word' id='word_1_553' title='bbox 1262 4718 1299 4785; x_wconf 82' lang='grc' dir='ltr'><strong>ἡ</strong></span> <span class='ocrx_word' id='word_1_554' title='bbox 1349 4717 1494 4789; x_wconf 82' lang='grc' dir='ltr'>τάξις</span> <span class='ocrx_word' id='word_1_555' title='bbox 1572 4713 1922 4794; x_wconf 77' lang='grc' dir='ltr'>φυλάττοιτο,</span> 
     </span>
    </p>
   </div>
   <div class='ocr_carea' id='block_1_83' title="bbox 268 4803 1923 4885">
    <p class='ocr_par' dir='ltr' id='par_1_83' title="bbox 268 4803 1923 4885">
     <span class='ocr_line' id='line_1_83' title="bbox 268 4803 1923 4885; baseline -0.005 -20"><span class='ocrx_word' id='word_1_556' title='bbox 268 4813 423 4885; x_wconf 79' lang='grc' dir='ltr'>μήτε</span> <span class='ocrx_word' id='word_1_557' title='bbox 474 4811 579 4883; x_wconf 74' lang='grc' dir='ltr'>μὴν</span> <span class='ocrx_word' id='word_1_558' title='bbox 628 4810 664 4878; x_wconf 78' lang='grc' dir='ltr'><strong>ἡ</strong></span> <span class='ocrx_word' id='word_1_559' title='bbox 695 4806 944 4877; x_wconf 86' lang='grc' dir='ltr'>ποιότης,</span> <span class='ocrx_word' id='word_1_560' title='bbox 976 4805 1179 4882; x_wconf 87' lang='grc' dir='ltr'>γίνεται</span> <span class='ocrx_word' id='word_1_561' title='bbox 1236 4807 1271 4875; x_wconf 82' lang='grc' dir='ltr'>ἠ</span> <span class='ocrx_word' id='word_1_562' title='bbox 1329 4803 1638 4878; x_wconf 86' lang='grc' dir='ltr'>καλουμένη</span> <span class='ocrx_word' id='word_1_563' title='bbox 1695 4804 1785 4858; x_wconf 67' lang='grc' dir='ltr'><strong>σὺν</strong></span> <span class='ocrx_word' id='word_1_564' title='bbox 1839 4805 1923 4859; x_wconf 80' lang='grc' dir='ltr'>ἀν-</span> 
     </span>
    </p>
   </div>
   <div class='ocr_carea' id='block_1_84' title="bbox 260 4891 1922 4974">
    <p class='ocr_par' dir='ltr' id='par_1_84' title="bbox 260 4891 1922 4974">
     <span class='ocr_line' id='line_1_84' title="bbox 260 4891 1922 4974; baseline -0.005 -18"><span class='ocrx_word' id='word_1_565' title='bbox 260 4899 473 4964; x_wconf 85' lang='grc' dir='ltr'>τιθέσει</span> <span class='ocrx_word' id='word_1_566' title='bbox 528 4897 878 4974; x_wconf 79' lang='grc' dir='ltr'>ἀντιστροφή.</span> <span class='ocrx_word' id='word_1_567' title='bbox 938 4893 1190 4951; x_wconf 87' lang='grc' dir='ltr'>Καλεῖναι</span> <span class='ocrx_word' id='word_1_568' title='bbox 1246 4892 1291 4948; x_wconf 82' lang='grc' dir='ltr'><strong>δ’</strong></span> <span class='ocrx_word' id='word_1_569' title='bbox 1336 4892 1529 4965; x_wconf 67' lang='grc' dir='ltr'>οὕτως,</span> <span class='ocrx_word' id='word_1_570' title='bbox 1583 4891 1671 4947; x_wconf 83' lang='grc' dir='ltr'><strong>διὰ</strong></span> <span class='ocrx_word' id='word_1_571' title='bbox 1716 4893 1779 4948; x_wconf 86' lang='grc' dir='ltr'>τὸ</span> <span class='ocrx_word' id='word_1_572' title='bbox 1836 4893 1922 4947; x_wconf 68' lang='grc' dir='ltr'>ἀνα</span> 
     </span>
    </p>
   </div>
   <div class='ocr_carea' id='block_1_85' title="bbox 262 4980 1921 5065">
    <p class='ocr_par' dir='ltr' id='par_1_85' title="bbox 262 4980 1921 5065">
     <span class='ocr_line' id='line_1_85' title="bbox 262 4980 1921 5065; baseline -0.005 -21"><span class='ocrx_word' id='word_1_573' title='bbox 262 4988 578 5065; x_wconf 82' lang='grc' dir='ltr'>τιστρέφειν</span> <span class='ocrx_word' id='word_1_574' title='bbox 636 4987 784 5059; x_wconf 82' lang='grc' dir='ltr'>ἡμᾶς</span> <span class='ocrx_word' id='word_1_575' title='bbox 844 4983 903 5038; x_wconf 81' lang='grc' dir='ltr'><strong>ἐκ</strong></span> <span class='ocrx_word' id='word_1_576' title='bbox 955 4988 1052 5038; x_wconf 89' lang='grc' dir='ltr'><strong>τοῦ</strong></span> <span class='ocrx_word' id='word_1_577' title='bbox 1116 4980 1590 5058; x_wconf 88' lang='grc' dir='ltr'>κατηγορουμένου</span> <span class='ocrx_word' id='word_1_578' title='bbox 1646 4982 1781 5058; x_wconf 90' lang='grc' dir='ltr'>πρὸς</span> <span class='ocrx_word' id='word_1_579' title='bbox 1831 4982 1921 5035; x_wconf 88' lang='grc' dir='ltr'>τὸν</span> 
     </span>
    </p>
   </div>
   <div class='ocr_carea' id='block_1_86' title="bbox 269 5067 1922 5150">
    <p class='ocr_par' dir='ltr' id='par_1_86' title="bbox 269 5067 1922 5150">
     <span class='ocr_line' id='line_1_86' title="bbox 269 5067 1922 5150; baseline -0.006 -17"><span class='ocrx_word' id='word_1_580' title='bbox 269 5076 635 5150; x_wconf 84' lang='grc' dir='ltr'>ὑποκείμενον</span> <span class='ocrx_word' id='word_1_581' title='bbox 690 5067 1067 5147; x_wconf 79' lang='grc' dir='ltr'>λαμϐάνοντας</span> <span class='ocrx_word' id='word_1_582' title='bbox 1138 5069 1265 5133; x_wconf 83' lang='grc' dir='ltr'>τοὺς</span> <span class='ocrx_word' id='word_1_583' title='bbox 1340 5070 1741 5142; x_wconf 84' lang='grc' dir='ltr'>ἀντικειμένους</span> <span class='ocrx_word' id='word_1_584' title='bbox 1815 5073 1922 5123; x_wconf 83' lang='grc' dir='ltr'><strong>τῶν</strong></span> 
     </span>
    </p>
   </div>
   <div class='ocr_carea' id='block_1_87' title="bbox 270 5157 1926 5242">
    <p class='ocr_par' dir='ltr' id='par_1_87' title="bbox 270 5157 1926 5242">
     <span class='ocr_line' id='line_1_87' title="bbox 270 5157 1926 5242; baseline -0.006 -21"><span class='ocrx_word' id='word_1_585' title='bbox 270 5166 427 5242; x_wconf 80' lang='grc' dir='ltr'>ὅρων</span> <span class='ocrx_word' id='word_1_586' title='bbox 480 5163 595 5219; x_wconf 84' lang='grc' dir='ltr'>ἀντὶ</span> <span class='ocrx_word' id='word_1_587' title='bbox 653 5165 1025 5241; x_wconf 83' lang='grc' dir='ltr'>καταφατικῶν</span> <span class='ocrx_word' id='word_1_588' title='bbox 1081 5159 1469 5238; x_wconf 79' lang='grc' dir='ltr'>ἀποφατικοὺς,</span> <span class='ocrx_word' id='word_1_589' title='bbox 1494 5158 1584 5213; x_wconf 81' lang='grc' dir='ltr'><strong>καὶ</strong></span> <span class='ocrx_word' id='word_1_590' title='bbox 1633 5157 1750 5213; x_wconf 87' lang='grc' dir='ltr'>ἀντὶ</span> <span class='ocrx_word' id='word_1_591' title='bbox 1791 5157 1926 5212; x_wconf 86' lang='grc' dir='ltr'>ἀπο-</span> 
     </span>
    </p>
   </div>
   <div class='ocr_carea' id='block_1_88' title="bbox 2023 3916 3663 3992">
    <p class='ocr_par' dir='ltr' id='par_1_88' title="bbox 2023 3916 3663 3992">
     <span class='ocr_line' id='line_1_88' title="bbox 2023 3916 3663 3992; baseline 0.006 -19"><span class='ocrx_word' id='word_1_592' title='bbox 2023 3922 2125 3973; x_wconf 89' lang='lat' dir='ltr'><strong>aut</strong></span> <span class='ocrx_word' id='word_1_593' title='bbox 2153 3916 2414 3973; x_wconf 90' lang='lat' dir='ltr'><strong>ordinem</strong></span> <span class='ocrx_word' id='word_1_594' title='bbox 2448 3916 2684 3988; x_wconf 91' lang='lat' dir='ltr'><strong>quidem</strong></span> <span class='ocrx_word' id='word_1_595' title='bbox 2716 3919 3102 3977; x_wconf 89' lang='lat' dir='ltr'><strong>terminorum</strong></span> <span class='ocrx_word' id='word_1_596' title='bbox 3142 3929 3465 3992; x_wconf 87' lang='lat' dir='ltr'><strong>conservat,</strong></span> <span class='ocrx_word' id='word_1_597' title='bbox 3497 3942 3663 3982; x_wconf 92' lang='lat' dir='ltr'><strong>eum-</strong></span> 
     </span>
    </p>
   </div>
   <div class='ocr_carea' id='block_1_89' title="bbox 2024 4006 3660 4082">
    <p class='ocr_par' dir='ltr' id='par_1_89' title="bbox 2024 4006 3660 4082">
     <span class='ocr_line' id='line_1_89' title="bbox 2024 4006 3660 4082; baseline 0.007 -21"><span class='ocrx_word' id='word_1_598' title='bbox 2024 4006 2156 4061; x_wconf 88' lang='lat' dir='ltr'><strong>dem</strong></span> <span class='ocrx_word' id='word_1_599' title='bbox 2189 4006 2563 4077; x_wconf 69' lang='lat' dir='ltr'><strong>prasdicatum</strong></span> <span class='ocrx_word' id='word_1_600' title='bbox 2603 4010 2660 4062; x_wconf 89' lang='lat' dir='ltr'><strong>et</strong></span> <span class='ocrx_word' id='word_1_601' title='bbox 2685 4008 2957 4064; x_wconf 89' lang='lat' dir='ltr'><strong>eumdem</strong></span> <span class='ocrx_word' id='word_1_602' title='bbox 2989 4012 3320 4082; x_wconf 89' lang='lat' dir='ltr'><strong>subjectum</strong></span> <span class='ocrx_word' id='word_1_603' title='bbox 3366 4015 3660 4072; x_wconf 87' lang='lat' dir='ltr'><strong>retinens:</strong></span> 
     </span>
    </p>
   </div>
   <div class='ocr_carea' id='block_1_90' title="bbox 2024 4093 3664 4176">
    <p class='ocr_par' dir='ltr' id='par_1_90' title="bbox 2024 4093 3664 4176">
     <span class='ocr_line' id='line_1_90' title="bbox 2024 4093 3664 4176; baseline 0.006 -26"><span class='ocrx_word' id='word_1_604' title='bbox 2024 4096 2150 4150; x_wconf 88' lang='lat' dir='ltr'><strong>sola</strong></span> <span class='ocrx_word' id='word_1_605' title='bbox 2177 4098 2374 4149; x_wconf 91' lang='lat' dir='ltr'><strong>autem</strong></span> <span class='ocrx_word' id='word_1_606' title='bbox 2424 4093 2769 4166; x_wconf 87' lang='lat' dir='ltr'><strong>qualitatem</strong></span> <span class='ocrx_word' id='word_1_607' title='bbox 2804 4097 3099 4167; x_wconf 83' lang='lat' dir='ltr'><strong>immutat,</strong></span> <span class='ocrx_word' id='word_1_608' title='bbox 3131 4116 3197 4156; x_wconf 89' lang='lat' dir='ltr'><strong>ex</strong></span> <span class='ocrx_word' id='word_1_609' title='bbox 3242 4104 3508 4175; x_wconf 87' lang='lat' dir='ltr'><strong>negativa</strong></span> <span class='ocrx_word' id='word_1_610' title='bbox 3532 4120 3664 4176; x_wconf 89' lang='lat' dir='ltr'><strong>pro-</strong></span> 
     </span>
    </p>
   </div>
   <div class='ocr_carea' id='block_1_91' title="bbox 2026 4182 3666 4263">
    <p class='ocr_par' dir='ltr' id='par_1_91' title="bbox 2026 4182 3666 4263">
     <span class='ocr_line' id='line_1_91' title="bbox 2026 4182 3666 4263; baseline 0.006 -24"><span class='ocrx_word' id='word_1_611' title='bbox 2026 4183 2315 4256; x_wconf 87' lang='lat' dir='ltr'><strong>positione</strong></span> <span class='ocrx_word' id='word_1_612' title='bbox 2335 4182 2766 4251; x_wconf 83' lang='lat' dir='ltr'><strong>afﬁrmativam,</strong></span> <span class='ocrx_word' id='word_1_613' title='bbox 2787 4190 2845 4241; x_wconf 91' lang='lat' dir='ltr'><strong>et</strong></span> <span class='ocrx_word' id='word_1_614' title='bbox 2872 4203 2941 4241; x_wconf 86' lang='lat' dir='ltr'><strong>ex</strong></span> <span class='ocrx_word' id='word_1_615' title='bbox 2960 4187 3308 4246; x_wconf 83' lang='lat' dir='ltr'><strong>afﬁrmativa</strong></span> <span class='ocrx_word' id='word_1_616' title='bbox 3336 4193 3666 4263; x_wconf 87' lang='lat' dir='ltr'><strong>negativam</strong></span> 
     </span>
    </p>
   </div>
   <div class='ocr_carea' id='block_1_92' title="bbox 2025 4264 3669 4350">
    <p class='ocr_par' dir='ltr' id='par_1_92' title="bbox 2025 4264 3669 4350">
     <span class='ocr_line' id='line_1_92' title="bbox 2025 4264 3669 4350; baseline 0.005 -22"><span class='ocrx_word' id='word_1_617' title='bbox 2025 4271 2303 4328; x_wconf 80' lang='lat' dir='ltr'><strong>efﬁciens.</strong></span> <span class='ocrx_word' id='word_1_618' title='bbox 2360 4273 2431 4327; x_wconf 88' lang='lat' dir='ltr'><strong>Et</strong></span> <span class='ocrx_word' id='word_1_619' title='bbox 2485 4272 2701 4329; x_wconf 92' lang='lat' dir='ltr'><strong>dicitur</strong></span> <span class='ocrx_word' id='word_1_620' title='bbox 2754 4273 2876 4331; x_wconf 87' lang='lat' dir='ltr'><strong>haec</strong></span> <span class='ocrx_word' id='word_1_621' title='bbox 2941 4264 3284 4350; x_wconf 81' lang='lat' dir='ltr'><strong>contingens</strong></span> <span class='ocrx_word' id='word_1_622' title='bbox 3347 4281 3669 4349; x_wconf 88' lang='lat' dir='ltr'><strong>conversio,</strong></span> 
     </span>
    </p>
   </div>
   <div class='ocr_carea' id='block_1_93' title="bbox 2027 4360 3666 4438">
    <p class='ocr_par' dir='ltr' id='par_1_93' title="bbox 2027 4360 3666 4438">
     <span class='ocr_line' id='line_1_93' title="bbox 2027 4360 3666 4438; baseline 0.007 -23"><span class='ocrx_word' id='word_1_623' title='bbox 2027 4361 2182 4432; x_wconf 87' lang='lat' dir='ltr'><strong>quod</strong></span> <span class='ocrx_word' id='word_1_624' title='bbox 2214 4360 2274 4414; x_wconf 93' lang='lat' dir='ltr'><strong>in</strong></span> <span class='ocrx_word' id='word_1_625' title='bbox 2304 4361 2459 4417; x_wconf 72' lang='lat'><strong>828</strong></span> <span class='ocrx_word' id='word_1_626' title='bbox 2491 4360 2616 4416; x_wconf 89' lang='lat' dir='ltr'><strong>sola</strong></span> <span class='ocrx_word' id='word_1_627' title='bbox 2663 4363 3034 4436; x_wconf 88' lang='lat' dir='ltr'><strong>contingente</strong></span> <span class='ocrx_word' id='word_1_628' title='bbox 3077 4366 3319 4422; x_wconf 89' lang='lat' dir='ltr'><strong>materia</strong></span> <span class='ocrx_word' id='word_1_629' title='bbox 3347 4369 3666 4438; x_wconf 87' lang='lat' dir='ltr'><strong>consistat;</strong></span> 
     </span>
    </p>
   </div>
   <div class='ocr_carea' id='block_1_94' title="bbox 2026 4447 3669 4525">
    <p class='ocr_par' dir='ltr' id='par_1_94' title="bbox 2026 4447 3669 4525">
     <span class='ocr_line' id='line_1_94' title="bbox 2026 4447 3669 4525; baseline 0.007 -22"><span class='ocrx_word' id='word_1_630' title='bbox 2026 4448 2213 4516; x_wconf 86' lang='lat' dir='ltr'><strong>velut,</strong></span> <span class='ocrx_word' id='word_1_631' title='bbox 2270 4447 2499 4521; x_wconf 89' lang='lat' dir='ltr'><strong>Aliquis</strong></span> <span class='ocrx_word' id='word_1_632' title='bbox 2556 4449 2730 4505; x_wconf 92' lang='lat' dir='ltr'><strong>homo</strong></span> <span class='ocrx_word' id='word_1_633' title='bbox 2788 4451 2974 4517; x_wconf 90' lang='lat' dir='ltr'><strong>lavat,</strong></span> <span class='ocrx_word' id='word_1_634' title='bbox 3040 4453 3265 4525; x_wconf 84' lang='lat' dir='ltr'><strong>Aliquis</strong></span> <span class='ocrx_word' id='word_1_635' title='bbox 3318 4456 3492 4512; x_wconf 90' lang='lat' dir='ltr'><strong>homo</strong></span> <span class='ocrx_word' id='word_1_636' title='bbox 3550 4474 3669 4514; x_wconf 89' lang='lat' dir='ltr'><strong>non</strong></span> 
     </span>
    </p>
   </div>
   <div class='ocr_carea' id='block_1_95' title="bbox 2030 4537 3668 4614">
    <p class='ocr_par' dir='ltr' id='par_1_95' title="bbox 2030 4537 3668 4614">
     <span class='ocr_line' id='line_1_95' title="bbox 2030 4537 3668 4614; baseline 0.006 -22"><span class='ocrx_word' id='word_1_637' title='bbox 2030 4537 2213 4604; x_wconf 85' lang='lat' dir='ltr'><strong>lavat;</strong></span> <span class='ocrx_word' id='word_1_638' title='bbox 2245 4554 2585 4610; x_wconf 86' lang='lat' dir='ltr'><strong>quanquam</strong></span> <span class='ocrx_word' id='word_1_639' title='bbox 2633 4539 2757 4595; x_wconf 70' lang='lat' dir='ltr'><strong>haec</strong></span> <span class='ocrx_word' id='word_1_640' title='bbox 2789 4542 3021 4614; x_wconf 90' lang='lat' dir='ltr'><strong>proprie</strong></span> <span class='ocrx_word' id='word_1_641' title='bbox 3051 4559 3166 4598; x_wconf 90' lang='lat' dir='ltr'><strong>non</strong></span> <span class='ocrx_word' id='word_1_642' title='bbox 3214 4544 3389 4600; x_wconf 86' lang='lat' dir='ltr'><strong>fuerit</strong></span> <span class='ocrx_word' id='word_1_643' title='bbox 3434 4562 3668 4602; x_wconf 89' lang='lat' dir='ltr'><strong>conver-</strong></span> 
     </span>
    </p>
   </div>
   <div class='ocr_carea' id='block_1_96' title="bbox 2031 4626 2139 4683">
    <p class='ocr_par' dir='ltr' id='par_1_96' title="bbox 2031 4626 2139 4683">
     <span class='ocr_line' id='line_1_96' title="bbox 2031 4626 2139 4683; baseline -0.019 0"><span class='ocrx_word' id='word_1_644' title='bbox 2031 4626 2139 4683; x_wconf 90' lang='lat' dir='ltr'><strong>sio.</strong></span> 
     </span>
    </p>
   </div>
   <div class='ocr_carea' id='block_1_97' title="bbox 2098 4715 3674 4790">
    <p class='ocr_par' dir='ltr' id='par_1_97' title="bbox 2098 4715 3674 4790">
     <span class='ocr_line' id='line_1_97' title="bbox 2098 4715 3674 4790; baseline 0.006 -21"><span class='ocrx_word' id='word_1_645' title='bbox 2098 4716 2189 4770; x_wconf 85' lang='lat'><strong>29.</strong></span> <span class='ocrx_word' id='word_1_646' title='bbox 2222 4715 2380 4779; x_wconf 89' lang='lat' dir='ltr'><strong>Quod</strong></span> <span class='ocrx_word' id='word_1_647' title='bbox 2414 4716 2463 4772; x_wconf 90' lang='lat' dir='ltr'><strong>si</strong></span> <span class='ocrx_word' id='word_1_648' title='bbox 2494 4721 2688 4773; x_wconf 90' lang='lat' dir='ltr'><strong>autem</strong></span> <span class='ocrx_word' id='word_1_649' title='bbox 2739 4734 2925 4790; x_wconf 91' lang='lat' dir='ltr'><strong>neque</strong></span> <span class='ocrx_word' id='word_1_650' title='bbox 2971 4719 3354 4777; x_wconf 90' lang='lat' dir='ltr'><strong>terminorum</strong></span> <span class='ocrx_word' id='word_1_651' title='bbox 3395 4722 3535 4778; x_wconf 90' lang='lat' dir='ltr'><strong>ordo</strong></span> <span class='ocrx_word' id='word_1_652' title='bbox 3566 4738 3674 4778; x_wconf 87' lang='lat' dir='ltr'><strong>ne-</strong></span> 
     </span>
    </p>
   </div>
   <div class='ocr_carea' id='block_1_98' title="bbox 2032 4804 3673 4883">
    <p class='ocr_par' dir='ltr' id='par_1_98' title="bbox 2032 4804 3673 4883">
     <span class='ocr_line' id='line_1_98' title="bbox 2032 4804 3673 4883; baseline 0.004 -24"><span class='ocrx_word' id='word_1_653' title='bbox 2032 4821 2146 4876; x_wconf 86' lang='lat' dir='ltr'><strong>que</strong></span> <span class='ocrx_word' id='word_1_654' title='bbox 2201 4804 2376 4860; x_wconf 87' lang='lat' dir='ltr'><strong>etiam</strong></span> <span class='ocrx_word' id='word_1_655' title='bbox 2431 4806 2685 4877; x_wconf 85' lang='lat' dir='ltr'><strong>qualitas</strong></span> <span class='ocrx_word' id='word_1_656' title='bbox 2745 4812 3024 4876; x_wconf 86' lang='lat' dir='ltr'><strong>servetur,</strong></span> <span class='ocrx_word' id='word_1_657' title='bbox 3066 4811 3362 4866; x_wconf 87' lang='lat' dir='ltr'><strong>conversio</strong></span> <span class='ocrx_word' id='word_1_658' title='bbox 3413 4810 3497 4875; x_wconf 84' lang='lat' dir='ltr'><strong>ﬁt,</strong></span> <span class='ocrx_word' id='word_1_659' title='bbox 3546 4827 3673 4883; x_wconf 69' lang='lat' dir='ltr'><strong>qum</strong></span> 
     </span>
    </p>
   </div>
   <div class='ocr_carea' id='block_1_99' title="bbox 2033 4894 3674 4966">
    <p class='ocr_par' dir='ltr' id='par_1_99' title="bbox 2033 4894 3674 4966">
     <span class='ocr_line' id='line_1_99' title="bbox 2033 4894 3674 4966; baseline 0.003 -18"><span class='ocrx_word' id='word_1_660' title='bbox 2033 4909 2168 4948; x_wconf 90' lang='lat' dir='ltr'><strong>cum</strong></span> <span class='ocrx_word' id='word_1_661' title='bbox 2200 4894 2691 4964; x_wconf 86' lang='lat' dir='ltr'><strong>contrapositione</strong></span> <span class='ocrx_word' id='word_1_662' title='bbox 2736 4899 2995 4951; x_wconf 86' lang='lat' dir='ltr'><strong>vocatur.</strong></span> <span class='ocrx_word' id='word_1_663' title='bbox 3029 4896 3124 4951; x_wconf 90' lang='lat' dir='ltr'><strong>Sic</strong></span> <span class='ocrx_word' id='word_1_664' title='bbox 3172 4902 3368 4953; x_wconf 88' lang='lat' dir='ltr'><strong>autem</strong></span> <span class='ocrx_word' id='word_1_665' title='bbox 3412 4905 3674 4966; x_wconf 86' lang='lat' dir='ltr'><strong>vocatur,</strong></span> 
     </span>
    </p>
   </div>
   <div class='ocr_carea' id='block_1_100' title="bbox 2034 4981 3675 5058">
    <p class='ocr_par' dir='ltr' id='par_1_100' title="bbox 2034 4981 3675 5058">
     <span class='ocr_line' id='line_1_100' title="bbox 2034 4981 3675 5058; baseline 0.004 -23"><span class='ocrx_word' id='word_1_666' title='bbox 2034 4985 2339 5053; x_wconf 87' lang='lat' dir='ltr'><strong>pr0pterea</strong></span> <span class='ocrx_word' id='word_1_667' title='bbox 2393 4981 2547 5052; x_wconf 91' lang='lat' dir='ltr'><strong>quod</strong></span> <span class='ocrx_word' id='word_1_668' title='bbox 2596 4998 2702 5037; x_wconf 90' lang='lat' dir='ltr'><strong>nos</strong></span> <span class='ocrx_word' id='word_1_669' title='bbox 2748 4999 2817 5038; x_wconf 82' lang='lat' dir='ltr'><strong>ex</strong></span> <span class='ocrx_word' id='word_1_670' title='bbox 2864 4983 3173 5054; x_wconf 71' lang='lat' dir='ltr'><strong>praedicata</strong></span> <span class='ocrx_word' id='word_1_671' title='bbox 3222 4986 3290 5039; x_wconf 88' lang='lat' dir='ltr'><strong>ad</strong></span> <span class='ocrx_word' id='word_1_672' title='bbox 3343 4986 3675 5058; x_wconf 87' lang='lat' dir='ltr'><strong>subjectum</strong></span> 
     </span>
    </p>
   </div>
   <div class='ocr_carea' id='block_1_101' title="bbox 2034 5071 3677 5147">
    <p class='ocr_par' dir='ltr' id='par_1_101' title="bbox 2034 5071 3677 5147">
     <span class='ocr_line' id='line_1_101' title="bbox 2034 5071 3677 5147; baseline 0.004 -22"><span class='ocrx_word' id='word_1_673' title='bbox 2034 5073 2460 5136; x_wconf 77' lang='lat' dir='ltr'><strong>convertemus,</strong></span> <span class='ocrx_word' id='word_1_674' title='bbox 2513 5071 2793 5127; x_wconf 90' lang='lat' dir='ltr'><strong>terminos</strong></span> <span class='ocrx_word' id='word_1_675' title='bbox 2840 5073 3137 5143; x_wconf 89' lang='lat' dir='ltr'><strong>oppositos</strong></span> <span class='ocrx_word' id='word_1_676' title='bbox 3186 5073 3540 5145; x_wconf 89' lang='lat' dir='ltr'><strong>accipiendo,</strong></span> <span class='ocrx_word' id='word_1_677' title='bbox 3572 5092 3677 5147; x_wconf 90' lang='lat' dir='ltr'><strong>pro</strong></span> 
     </span>
    </p>
   </div>
   <div class='ocr_carea' id='block_1_102' title="bbox 2034 5158 3676 5236">
    <p class='ocr_par' dir='ltr' id='par_1_102' title="bbox 2034 5158 3676 5236">
     <span class='ocr_line' id='line_1_102' title="bbox 2034 5158 3676 5236; baseline 0.004 -23"><span class='ocrx_word' id='word_1_678' title='bbox 2034 5158 2319 5231; x_wconf 88' lang='lat' dir='ltr'><strong>negativis</strong></span> <span class='ocrx_word' id='word_1_679' title='bbox 2341 5159 2739 5226; x_wconf 84' lang='lat' dir='ltr'><strong>afﬁrmativos,</strong></span> <span class='ocrx_word' id='word_1_680' title='bbox 2763 5164 2819 5214; x_wconf 91' lang='lat' dir='ltr'><strong>et</strong></span> <span class='ocrx_word' id='word_1_681' title='bbox 2840 5176 2942 5231; x_wconf 91' lang='lat' dir='ltr'><strong>pro</strong></span> <span class='ocrx_word' id='word_1_682' title='bbox 2964 5161 3330 5217; x_wconf 82' lang='lat' dir='ltr'><strong>afﬁrmativis</strong></span> <span class='ocrx_word' id='word_1_683' title='bbox 3360 5163 3676 5236; x_wconf 88' lang='lat' dir='ltr'><strong>negativos.</strong></span> 
     </span>
    </p>
   </div>
   <div class='ocr_carea' id='block_1_103' title="bbox 272 5229 1910 5335">
    <p class='ocr_par' dir='ltr' id='par_1_103' title="bbox 272 5229 1905 5335">
     <span class='ocr_line' id='line_1_103' title="bbox 272 5229 1905 5335; baseline -0.006 -25"><span class='ocrx_word' id='word_1_684' title='bbox 272 5229 523 5335; x_wconf 71' lang='grc' dir='ltr'>φάτικῶν</span> <span class='ocrx_word' id='word_1_685' title='bbox 590 5229 1006 5330; x_wconf 75' lang='grc' dir='ltr'>καταφατικούς.</span> <span class='ocrx_word' id='word_1_686' title='bbox 1047 5229 1301 5319; x_wconf 71' lang='grc' dir='ltr'>Οἷον,Ἐὶ</span> <span class='ocrx_word' id='word_1_687' title='bbox 1358 5248 1386 5301; x_wconf 88' lang='grc' dir='ltr'>ὁ</span> <span class='ocrx_word' id='word_1_688' title='bbox 1434 5245 1714 5324; x_wconf 82' lang='grc' dir='ltr'>ἅνθρωπος</span> <span class='ocrx_word' id='word_1_689' title='bbox 1768 5251 1905 5316; x_wconf 82' lang='grc' dir='ltr'>ζῶον</span> 
     </span>
    </p>
   </div>
   <div class='ocr_carea' id='block_1_104' title="bbox 2029 5229 3680 5335">
    <p class='ocr_par' dir='ltr' id='par_1_104' title="bbox 2036 5229 3680 5320">
     <span class='ocr_line' id='line_1_104' title="bbox 2036 5229 3680 5320; baseline 0.004 -21"><span class='ocrx_word' id='word_1_690' title='bbox 2036 5229 2227 5313; x_wconf 85' lang='lat' dir='ltr'><strong>Velut,</strong></span> <span class='ocrx_word' id='word_1_691' title='bbox 2261 5245 2311 5301; x_wconf 91' lang='lat' dir='ltr'><strong>si</strong></span> <span class='ocrx_word' id='word_1_692' title='bbox 2359 5245 2533 5301; x_wconf 91' lang='lat' dir='ltr'><strong>homo</strong></span> <span class='ocrx_word' id='word_1_693' title='bbox 2565 5250 2654 5301; x_wconf 89' lang='lat' dir='ltr'><strong>est</strong></span> <span class='ocrx_word' id='word_1_694' title='bbox 2682 5229 2937 5316; x_wconf 71' lang='lat' dir='ltr'><strong>animal;</strong></span> <span class='ocrx_word' id='word_1_695' title='bbox 2973 5249 3127 5320; x_wconf 91' lang='lat' dir='ltr'><strong>quod</strong></span> <span class='ocrx_word' id='word_1_696' title='bbox 3159 5266 3274 5305; x_wconf 92' lang='lat' dir='ltr'><strong>non</strong></span> <span class='ocrx_word' id='word_1_697' title='bbox 3327 5257 3416 5305; x_wconf 89' lang='lat' dir='ltr'><strong>est</strong></span> <span class='ocrx_word' id='word_1_698' title='bbox 3435 5229 3680 5308; x_wconf 46' lang='lat' dir='ltr'><strong>&#39;animal</strong></span> 
     </span>
    </p>
   </div>
   <div class='ocr_carea' id='block_1_105' title="bbox 268 5336 1927 5416">
    <p class='ocr_par' dir='ltr' id='par_1_105' title="bbox 268 5336 1927 5416">
     <span class='ocr_line' id='line_1_105' title="bbox 268 5336 1927 5416; baseline -0.006 -17"><span class='ocrx_word' id='word_1_699' title='bbox 268 5345 342 5399; x_wconf 84' lang='grc' dir='ltr'>τὸ</span> <span class='ocrx_word' id='word_1_700' title='bbox 381 5343 459 5416; x_wconf 79' lang='grc' dir='ltr'>μὴ</span> <span class='ocrx_word' id='word_1_701' title='bbox 494 5346 629 5411; x_wconf 71' lang='grc' dir='ltr'>ζῶον</span> <span class='ocrx_word' id='word_1_702' title='bbox 664 5337 788 5395; x_wconf 76' lang='grc' dir='ltr'>οὐδὲ</span> <span class='ocrx_word' id='word_1_703' title='bbox 817 5337 1117 5415; x_wconf 83' lang='grc' dir='ltr'>ἄνθρωπος.</span> <span class='ocrx_word' id='word_1_704' title='bbox 1149 5337 1247 5392; x_wconf 81' lang='grc' dir='ltr'>Καὶ</span> <span class='ocrx_word' id='word_1_705' title='bbox 1279 5336 1324 5391; x_wconf 72' lang='grc' dir='ltr'><strong>εἰ</strong></span> <span class='ocrx_word' id='word_1_706' title='bbox 1353 5337 1415 5392; x_wconf 83' lang='grc' dir='ltr'>τὸ</span> <span class='ocrx_word' id='word_1_707' title='bbox 1445 5341 1550 5410; x_wconf 90' lang='grc' dir='ltr'><strong>πῦρ</strong></span> <span class='ocrx_word' id='word_1_708' title='bbox 1582 5336 1644 5391; x_wconf 84' lang='grc' dir='ltr'><strong>ού</strong></span> <span class='ocrx_word' id='word_1_709' title='bbox 1691 5336 1927 5411; x_wconf 82' lang='grc' dir='ltr'>ψυχρὸν,</span> 
     </span>
    </p>
   </div>
   <div class='ocr_carea' id='block_1_106' title="bbox 2038 5335 3682 5412">
    <p class='ocr_par' dir='ltr' id='par_1_106' title="bbox 2038 5335 3682 5412">
     <span class='ocr_line' id='line_1_106' title="bbox 2038 5335 3682 5412; baseline 0.004 -23"><span class='ocrx_word' id='word_1_710' title='bbox 2038 5351 2154 5389; x_wconf 92' lang='lat' dir='ltr'><strong>non</strong></span> <span class='ocrx_word' id='word_1_711' title='bbox 2185 5338 2274 5389; x_wconf 90' lang='lat' dir='ltr'><strong>est</strong></span> <span class='ocrx_word' id='word_1_712' title='bbox 2304 5335 2498 5389; x_wconf 86' lang='lat' dir='ltr'><strong>homo.</strong></span> <span class='ocrx_word' id='word_1_713' title='bbox 2532 5335 2599 5389; x_wconf 88' lang='lat' dir='ltr'><strong>Et</strong></span> <span class='ocrx_word' id='word_1_714' title='bbox 2631 5335 2681 5390; x_wconf 89' lang='lat' dir='ltr'><strong>si</strong></span> <span class='ocrx_word' id='word_1_715' title='bbox 2726 5335 2881 5407; x_wconf 90' lang='lat' dir='ltr'><strong>ignis</strong></span> <span class='ocrx_word' id='word_1_716' title='bbox 2913 5353 3027 5392; x_wconf 91' lang='lat' dir='ltr'><strong>non</strong></span> <span class='ocrx_word' id='word_1_717' title='bbox 3058 5342 3148 5393; x_wconf 89' lang='lat' dir='ltr'><strong>est</strong></span> <span class='ocrx_word' id='word_1_718' title='bbox 3191 5338 3441 5411; x_wconf 81' lang='lat' dir='ltr'><strong>frigidus</strong></span> <span class='ocrx_word' id='word_1_719' title='bbox 3475 5357 3488 5396; x_wconf 91' lang='lat'><strong>:</strong></span> <span class='ocrx_word' id='word_1_720' title='bbox 3524 5340 3682 5412; x_wconf 90' lang='lat' dir='ltr'><strong>quod</strong></span> 
     </span>
    </p>
   </div>
   <div class='ocr_carea' id='block_1_107' title="bbox 269 5421 1910 5506">
    <p class='ocr_par' dir='ltr' id='par_1_107' title="bbox 269 5421 1909 5506">
     <span class='ocr_line' id='line_1_107' title="bbox 269 5421 1909 5506; baseline -0.006 -18"><span class='ocrx_word' id='word_1_721' title='bbox 269 5431 345 5488; x_wconf 85' lang='grc' dir='ltr'>τὸ</span> <span class='ocrx_word' id='word_1_722' title='bbox 425 5430 636 5506; x_wconf 78' lang='grc' dir='ltr'>ψυχρὸν</span> <span class='ocrx_word' id='word_1_723' title='bbox 706 5427 835 5504; x_wconf 78' lang='grc' dir='ltr'>οὐχὶ</span> <span class='ocrx_word' id='word_1_724' title='bbox 881 5431 1009 5503; x_wconf 87' lang='grc' dir='ltr'>πῦρ.</span> <span class='ocrx_word' id='word_1_725' title='bbox 1061 5424 1480 5502; x_wconf 86' lang='grc' dir='ltr'>Ἀναγκαιοτάτη</span> <span class='ocrx_word' id='word_1_726' title='bbox 1532 5421 1590 5479; x_wconf 85' lang='grc' dir='ltr'><strong>δέ</strong></span> <span class='ocrx_word' id='word_1_727' title='bbox 1645 5424 1783 5479; x_wconf 86' lang='grc' dir='ltr'>ἐστιν</span> <span class='ocrx_word' id='word_1_728' title='bbox 1843 5423 1909 5478; x_wconf 84' lang='grc' dir='ltr'><strong>ἐπ</strong></span> 
     </span>
    </p>
   </div>
   <div class='ocr_carea' id='block_1_108' title="bbox 2029 5421 3683 5506">
    <p class='ocr_par' dir='ltr' id='par_1_108' title="bbox 2040 5422 3683 5497">
     <span class='ocr_line' id='line_1_108' title="bbox 2040 5422 3683 5497; baseline 0.005 -21"><span class='ocrx_word' id='word_1_729' title='bbox 2040 5422 2318 5494; x_wconf 86' lang='lat' dir='ltr'><strong>frigidum</strong></span> <span class='ocrx_word' id='word_1_730' title='bbox 2348 5426 2456 5489; x_wconf 87' lang='lat' dir='ltr'><strong>est,</strong></span> <span class='ocrx_word' id='word_1_731' title='bbox 2488 5439 2604 5478; x_wconf 90' lang='lat' dir='ltr'><strong>non</strong></span> <span class='ocrx_word' id='word_1_732' title='bbox 2634 5428 2723 5478; x_wconf 91' lang='lat' dir='ltr'><strong>est</strong></span> <span class='ocrx_word' id='word_1_733' title='bbox 2768 5424 2941 5497; x_wconf 88' lang='lat' dir='ltr'><strong>ignis.</strong></span> <span class='ocrx_word' id='word_1_734' title='bbox 2975 5426 3230 5483; x_wconf 83' lang='lat' dir='ltr'><strong>Maxima</strong></span> <span class='ocrx_word' id='word_1_735' title='bbox 3257 5432 3454 5483; x_wconf 89' lang='lat' dir='ltr'><strong>autem</strong></span> <span class='ocrx_word' id='word_1_736' title='bbox 3486 5444 3683 5485; x_wconf 88' lang='lat' dir='ltr'><strong>neces-</strong></span> 
     </span>
    </p>
   </div>
   <div class='ocr_carea' id='block_1_109' title="bbox 272 5516 1333 5593">
    <p class='ocr_par' dir='ltr' id='par_1_109' title="bbox 272 5516 1333 5593">
     <span class='ocr_line' id='line_1_109' title="bbox 272 5516 1333 5593; baseline -0.005 -16"><span class='ocrx_word' id='word_1_737' title='bbox 272 5519 469 5590; x_wconf 83' lang='grc' dir='ltr'>πάσης</span> <span class='ocrx_word' id='word_1_738' title='bbox 499 5517 637 5587; x_wconf 76' lang='grc' dir='ltr'>ὕλης</span> <span class='ocrx_word' id='word_1_739' title='bbox 667 5520 702 5587; x_wconf 81' lang='grc' dir='ltr'>ἡ</span> <span class='ocrx_word' id='word_1_740' title='bbox 728 5516 953 5587; x_wconf 89' lang='grc' dir='ltr'>τοιαύτη</span> <span class='ocrx_word' id='word_1_741' title='bbox 986 5517 1333 5593; x_wconf 82' lang='grc' dir='ltr'>ἀντιστροφή.</span> 
     </span>
    </p>
   </div>
   <div class='ocr_carea' id='block_1_110' title="bbox 360 5601 1933 5679">
    <p class='ocr_par' dir='ltr' id='par_1_110' title="bbox 360 5601 1933 5679">
     <span class='ocr_line' id='line_1_110' title="bbox 360 5601 1933 5679; baseline -0.007 -15"><span class='ocrx_word' id='word_1_742' title='bbox 360 5606 432 5666; x_wconf 86' lang='grc' dir='ltr'>λ’.</span> <span class='ocrx_word' id='word_1_743' title='bbox 458 5605 524 5663; x_wconf 73' lang='grc' dir='ltr'><strong>Εἰ</strong></span> <span class='ocrx_word' id='word_1_744' title='bbox 556 5603 602 5661; x_wconf 81' lang='grc' dir='ltr'><strong>δ’</strong></span> <span class='ocrx_word' id='word_1_745' title='bbox 631 5607 666 5675; x_wconf 78' lang='grc' dir='ltr'>ἡ</span> <span class='ocrx_word' id='word_1_746' title='bbox 703 5606 797 5679; x_wconf 76' lang='grc' dir='ltr'><strong>μὲν</strong></span> <span class='ocrx_word' id='word_1_747' title='bbox 828 5604 1058 5674; x_wconf 89' lang='grc' dir='ltr'>ποιότης</span> <span class='ocrx_word' id='word_1_748' title='bbox 1104 5606 1141 5674; x_wconf 80' lang='grc' dir='ltr'>ἡ</span> <span class='ocrx_word' id='word_1_749' title='bbox 1188 5601 1324 5671; x_wconf 76' lang='grc' dir='ltr'>αὐτὴ</span> <span class='ocrx_word' id='word_1_750' title='bbox 1378 5601 1520 5677; x_wconf 84' lang='grc' dir='ltr'>μένει</span> <span class='ocrx_word' id='word_1_751' title='bbox 1566 5605 1675 5657; x_wconf 80' lang='grc' dir='ltr'><strong>τῶν</strong></span> <span class='ocrx_word' id='word_1_752' title='bbox 1731 5601 1933 5674; x_wconf 85' lang='grc' dir='ltr'>προτά-</span> 
     </span>
    </p>
   </div>
   <div class='ocr_carea' id='block_1_111' title="bbox 277 5688 1934 5768">
    <p class='ocr_par' dir='ltr' id='par_1_111' title="bbox 277 5688 1934 5768">
     <span class='ocr_line' id='line_1_111' title="bbox 277 5688 1934 5768; baseline -0.007 -14"><span class='ocrx_word' id='word_1_753' title='bbox 277 5718 450 5764; x_wconf 82' lang='grc' dir='ltr'>σεων,</span> <span class='ocrx_word' id='word_1_754' title='bbox 499 5698 534 5766; x_wconf 80' lang='grc' dir='ltr'>ἠ</span> <span class='ocrx_word' id='word_1_755' title='bbox 584 5692 732 5765; x_wconf 81' lang='grc' dir='ltr'>τάξις</span> <span class='ocrx_word' id='word_1_756' title='bbox 780 5690 840 5749; x_wconf 71' lang='grc' dir='ltr'><strong>δὲ</strong></span> <span class='ocrx_word' id='word_1_757' title='bbox 889 5693 1026 5767; x_wconf 89' lang='grc' dir='ltr'>μόνη</span> <span class='ocrx_word' id='word_1_758' title='bbox 1064 5696 1174 5747; x_wconf 80' lang='grc' dir='ltr'><strong>τῶν</strong></span> <span class='ocrx_word' id='word_1_759' title='bbox 1224 5690 1365 5768; x_wconf 81' lang='grc' dir='ltr'>ὅρων</span> <span class='ocrx_word' id='word_1_760' title='bbox 1415 5688 1814 5763; x_wconf 82' lang='grc' dir='ltr'>έναλλάττοιτο,</span> <span class='ocrx_word' id='word_1_761' title='bbox 1844 5688 1934 5744; x_wconf 88' lang='grc' dir='ltr'><strong>καὶ</strong></span> 
     </span>
    </p>
   </div>
   <div class='ocr_carea' id='block_1_112' title="bbox 2041 5510 3545 5582">
    <p class='ocr_par' dir='ltr' id='par_1_112' title="bbox 2041 5510 3545 5582">
     <span class='ocr_line' id='line_1_112' title="bbox 2041 5510 3545 5582; baseline 0.003 -16"><span class='ocrx_word' id='word_1_762' title='bbox 2041 5510 2197 5566; x_wconf 90' lang='lat' dir='ltr'><strong>saria</strong></span> <span class='ocrx_word' id='word_1_763' title='bbox 2223 5515 2312 5566; x_wconf 86' lang='lat' dir='ltr'><strong>est</strong></span> <span class='ocrx_word' id='word_1_764' title='bbox 2341 5511 2631 5582; x_wconf 87' lang='lat' dir='ltr'><strong>ejusmodi</strong></span> <span class='ocrx_word' id='word_1_765' title='bbox 2665 5513 2965 5569; x_wconf 91' lang='lat' dir='ltr'><strong>conversio</strong></span> <span class='ocrx_word' id='word_1_766' title='bbox 2995 5514 3055 5569; x_wconf 93' lang='lat' dir='ltr'><strong>in</strong></span> <span class='ocrx_word' id='word_1_767' title='bbox 3086 5514 3246 5570; x_wconf 91' lang='lat' dir='ltr'><strong>omni</strong></span> <span class='ocrx_word' id='word_1_768' title='bbox 3278 5516 3545 5572; x_wconf 89' lang='lat' dir='ltr'><strong>materia.</strong></span> 
     </span>
    </p>
   </div>
   <div class='ocr_carea' id='block_1_113' title="bbox 2111 5598 3686 5675">
    <p class='ocr_par' dir='ltr' id='par_1_113' title="bbox 2111 5598 3686 5675">
     <span class='ocr_line' id='line_1_113' title="bbox 2111 5598 3686 5675; baseline 0.004 -21"><span class='ocrx_word' id='word_1_769' title='bbox 2111 5599 2200 5654; x_wconf 89' lang='lat'><strong>30.</strong></span> <span class='ocrx_word' id='word_1_770' title='bbox 2233 5598 2331 5654; x_wconf 88' lang='lat' dir='ltr'><strong>Sin</strong></span> <span class='ocrx_word' id='word_1_771' title='bbox 2373 5603 2591 5667; x_wconf 88' lang='lat' dir='ltr'><strong>autem,</strong></span> <span class='ocrx_word' id='word_1_772' title='bbox 2623 5600 2905 5672; x_wconf 84' lang='lat' dir='ltr'><strong>qualitate</strong></span> <span class='ocrx_word' id='word_1_773' title='bbox 2963 5603 3428 5675; x_wconf 88' lang='lat' dir='ltr'><strong>propositionum</strong></span> <span class='ocrx_word' id='word_1_774' title='bbox 3482 5605 3686 5661; x_wconf 87' lang='lat' dir='ltr'><strong>eadem</strong></span> 
     </span>
    </p>
   </div>
   <div class='ocr_carea' id='block_1_114' title="bbox 2046 5687 3692 5761">
    <p class='ocr_par' dir='ltr' id='par_1_114' title="bbox 2046 5687 3692 5761">
     <span class='ocr_line' id='line_1_114' title="bbox 2046 5687 3692 5761; baseline 0.004 -17"><span class='ocrx_word' id='word_1_775' title='bbox 2046 5687 2503 5760; x_wconf 87' lang='lat' dir='ltr'><strong>manente,solus</strong></span> <span class='ocrx_word' id='word_1_776' title='bbox 2519 5690 2904 5747; x_wconf 90' lang='lat' dir='ltr'><strong>terminorum</strong></span> <span class='ocrx_word' id='word_1_777' title='bbox 2924 5692 3065 5749; x_wconf 91' lang='lat' dir='ltr'><strong>ordo</strong></span> <span class='ocrx_word' id='word_1_778' title='bbox 3083 5691 3162 5748; x_wconf 90' lang='lat' dir='ltr'><strong>im</strong></span> <span class='ocrx_word' id='word_1_779' title='bbox 3171 5697 3461 5761; x_wconf 85' lang='lat' dir='ltr'><strong>mutetur;</strong></span> <span class='ocrx_word' id='word_1_780' title='bbox 3481 5698 3539 5749; x_wconf 89' lang='lat' dir='ltr'><strong>et</strong></span> <span class='ocrx_word' id='word_1_781' title='bbox 3556 5693 3692 5750; x_wconf 89' lang='lat' dir='ltr'><strong>sub-</strong></span> 
     </span>
    </p>
   </div>
   <div class='ocr_carea' id='block_1_115' title="bbox 282 5774 1910 5861">
    <p class='ocr_par' dir='ltr' id='par_1_115' title="bbox 282 5774 1907 5861">
     <span class='ocr_line' id='line_1_115' title="bbox 282 5774 1907 5861; baseline -0.004 -20"><span class='ocrx_word' id='word_1_782' title='bbox 282 5787 316 5846; x_wconf 82' lang='grc' dir='ltr'>ὁ</span> <span class='ocrx_word' id='word_1_783' title='bbox 384 5784 480 5861; x_wconf 76' lang='grc' dir='ltr'><strong>μὶν</strong></span> <span class='ocrx_word' id='word_1_784' title='bbox 541 5784 894 5857; x_wconf 85' lang='grc' dir='ltr'>ὑποκείμενος</span> <span class='ocrx_word' id='word_1_785' title='bbox 967 5780 1168 5859; x_wconf 86' lang='grc' dir='ltr'>γίνεται</span> <span class='ocrx_word' id='word_1_786' title='bbox 1235 5779 1736 5857; x_wconf 83' lang='grc' dir='ltr'>κατηγορούμενος,</span> <span class='ocrx_word' id='word_1_787' title='bbox 1796 5778 1824 5834; x_wconf 86' lang='grc' dir='ltr'>ὁ</span> <span class='ocrx_word' id='word_1_788' title='bbox 1880 5774 1907 5834; x_wconf 83' lang='grc' dir='ltr'>δ</span> 
     </span>
    </p>
   </div>
   <div class='ocr_carea' id='block_1_116' title="bbox 2029 5774 3687 5861">
    <p class='ocr_par' dir='ltr' id='par_1_116' title="bbox 2039 5776 3687 5856">
     <span class='ocr_line' id='line_1_116' title="bbox 2039 5776 3687 5856; baseline 0.002 -20"><span class='ocrx_word' id='word_1_789' title='bbox 2039 5777 2231 5851; x_wconf 87' lang='lat' dir='ltr'><strong>jectus</strong></span> <span class='ocrx_word' id='word_1_790' title='bbox 2253 5776 2493 5853; x_wconf 86' lang='lat' dir='ltr'><strong>quidem</strong></span> <span class='ocrx_word' id='word_1_791' title='bbox 2518 5779 2618 5837; x_wconf 83' lang='lat' dir='ltr'><strong>ﬁat</strong></span> <span class='ocrx_word' id='word_1_792' title='bbox 2638 5780 3003 5856; x_wconf 61' lang='lat' dir='ltr'><strong>pradicatus,</strong></span> <span class='ocrx_word' id='word_1_793' title='bbox 3023 5781 3369 5855; x_wconf 78' lang='lat' dir='ltr'><strong>praedicatus</strong></span> <span class='ocrx_word' id='word_1_794' title='bbox 3389 5797 3523 5837; x_wconf 90' lang='lat' dir='ltr'><strong>vero</strong></span> <span class='ocrx_word' id='word_1_795' title='bbox 3545 5781 3687 5839; x_wconf 87' lang='lat' dir='ltr'><strong>sub-</strong></span> 
     </span>
    </p>
   </div>
   <div class='ocr_carea' id='block_1_117' title="bbox 579 5907 1276 5975">
    <p class='ocr_par' dir='ltr' id='par_1_117' title="bbox 579 5907 1276 5975">
     <span class='ocr_line' id='line_1_117' title="bbox 579 5907 1276 5975; baseline -0.001 -1"><span class='ocrx_word' id='word_1_796' title='bbox 579 5911 844 5975; x_wconf 70' lang='grc' dir='ltr'>Ριτιιοι..</span> <span class='ocrx_word' id='word_1_797' title='bbox 894 5909 1004 5975; x_wconf 77' lang='lat' dir='ltr'><strong>Gs.</strong></span> <span class='ocrx_word' id='word_1_798' title='bbox 1051 5907 1276 5973; x_wconf 85' lang='lat' dir='ltr'><strong>CXLII.</strong></span> 
     </span>
    </p>
   </div>
   <div class='ocr_carea' id='block_1_118' title="bbox 3331 5907 3410 5971">
    <p class='ocr_par' dir='ltr' id='par_1_118' title="bbox 3331 5907 3410 5971">
     <span class='ocr_line' id='line_1_118' title="bbox 3331 5907 3410 5971; baseline 0 0"><span class='ocrx_word' id='word_1_799' title='bbox 3331 5907 3410 5971; x_wconf 82' lang='lat'><strong>80</strong></span> 
     </span>
    </p>
   </div>
  </div>
