4108 6474
489 490 606 550 939

1736 484 2158 548 NICEPHORI
2203 483 2642 545 BLEMMIDE

3763 496 3863 556 9‘0

478 621 695 690 jectus,
721 619 967 691 simplex
998 620 1062 673 ﬁt
1089 619 1408 674 conversio.
1432 617 1688 690 Simplex
1718 617 1872 672 enim
1901 631 2131 671 conver-

2245 615 2714 688 κατηγορούμενος
2773 615 3146 691 ὑποκείμενος,
3179 619 3382 694 γίνεται
3444 624 3480 691 ἡ
3529 621 3681 692 ἁπλῆ
3735 623 3866 679 ἀντι-

487 709 573 764 sio
625 715 715 763 est
763 707 1096 763 communio
1147 709 1396 763 duarum
1430 708 1894 778 propositionum
1938 705 2130 778 quoad

489 803 806 867 utrumque
833 797 1176 862 terminum,
1210 801 1274 852 ut
1307 797 1447 851 ordo
1479 797 1714 867 quidem
1745 795 2129 850 terminorum

487 890 766 942 mutetur.
799 886 901 941 sed
935 885 1189 957 qualitas
1229 887 1430 942 eadem
1467 884 1785 940 retineatur
1813 900 1946 939 cum
1977 883 2131 938 veri-

485 974 626 1030 tatis
662 991 972 1030 consensu.

558 1064 647 1117 31.
681 1064 967 1129 Quoniam
998 1067 1194 1119 autem
1229 1064 1288 1118 in
1319 1063 1511 1136 specie
1543 1065 1793 1135 quatuor
1841 1065 1981 1116 sunt
2005 1077 2133 1132 pro-

487 1151 826 1223 positiones,
869 1152 1213 1207 universalis
1267 1153 1590 1220 afﬁrmans,
1638 1149 1988 1206 universalis
2036 1166 2131 1205 ne-

487 1255 654 1312 gans,
688 1241 844 1297 324
873 1240 1243 1313 particularis
1276 1242 1598 1310 affirmans,
1633 1238 1999 1311 particularis
2029 1255 2128 1292 ne-

485 1345 633 1401 gans
667 1346 680 1383 :
716 1329 1061 1386 universalis
1091 1329 1327 1401 quidem
1371 1330 1719 1385 afﬁrmativa
1759 1329 1818 1383 in
1869 1326 2130 1399 particu-

486 1417 669 1474 larem
723 1419 1115 1475 afﬁrmantem
1171 1419 1364 1490 quoad
1420 1419 1635 1474 dictam
1695 1418 2129 1473 conversionem

485 1507 814 1580 simplicem
839 1512 1232 1574 convertetur;
1255 1507 1430 1575 velut,
1456 1508 1660 1562 Omnis
1691 1507 1864 1563 homo
1894 1513 1982 1561 est
2013 1505 2130 1560 ani-

486 1596 634 1665 mal;
668 1601 744 1664 et,
775 1598 1077 1664 Quoddam
1107 1596 1326 1653 animal
1362 1602 1448 1652 est
1478 1597 1674 1652 homo.

557 1685 646 1739 32.
681 1685 1032 1741 Universalis
1072 1691 1266 1740 autem
1314 1685 1578 1756 negativa
1609 1684 1668 1738 in
1699 1683 1950 1754 seipsam
1986 1698 1998 1735 :
2033 1697 2126 1736 ve-

486 1773 594 1840 lut,
625 1773 836 1830 Nullus
868 1774 1041 1830 homo
1087 1779 1177 1829 est
1221 1774 1467 1829 rationis
1497 1788 1730 1845 expers;
1762 1776 1839 1838 et,
1889 1769 2128 1826 Nullum

487 1863 730 1918 rationis
761 1880 965 1935 expers
993 1867 1081 1918 est
1109 1863 1305 1917 homo.

557 1952 645 2052 333.
691 1954 761 2007 Et
816 1969 948 2008 vero
1001 1951 1176 2007 etiam
1233 1950 1604 2058 particularis
1661 1949 2010 2006 afﬁrmativa
2066 1947 2126 2058 i‘n
2157 1992 2206 2058 B

487 2039 740 2112 seipsam
789 2045 1156 2096 convertetur
1188 2059 1200 2096 :
1234 2039 1409 2105 velut,
1446 2038 1674 2110 Aliquis
1721 2039 1894 2094 homo
1925 2041 2015 2092 est
2043 2035 2126 2092 al-

486 2130 627 2197 bus;
660 2134 734 2196 et,
769 2129 1004 2200 Aliquid
1037 2128 1236 2184 album
1267 2133 1357 2184 est
1380 2129 1574 2183 homo.

554 2219 643 2272 34.
675 2222 750 2272 At
777 2217 1148 2290 particularis
1195 2217 1462 2289 negativa
1509 2216 1569 2270 in
1614 2215 1754 2271 solis
1785 2215 2125 2286 contingen-

484 2306 644 2363 tibus
701 2308 875 2362 rebus
931 2308 990 2362 in
1049 2307 1303 2378 seipsam
1365 2305 1738 2360 convertitur.
1773 2304 1958 2369 Velut,
2000 2304 2124 2358 Non

483 2397 676 2450 omnis
706 2395 880 2450 homo
911 2395 1171 2467 quinque
1201 2394 1401 2466 digitis
1432 2397 1521 2448 est
1562 2393 1860 2465 praeditus,
1894 2397 1968 2461 et,
1999 2392 2124 2446 Non

483 2500 657 2540 omne
693 2485 849 2555 quod
895 2484 1155 2556 quinque
1205 2482 1405 2554 digitis
1453 2487 1541 2537 est
1590 2482 1918 2554 praeditum,
1950 2481 2125 2536 homo

483 2577 591 2628 est.
626 2573 687 2628 In
719 2572 851 2629 aliis
881 2577 1075 2628 autem
1097 2572 1317 2643 (rebus)
1345 2587 1531 2642 neque
1562 2571 1621 2625 in
1653 2570 1905 2642 seipsam
1938 2586 2126 2640 neque

483 2661 544 2716 in
601 2659 988 2716 universalem
1047 2660 1373 2731 negativam
1428 2659 1803 2714 convertitur.
1855 2659 1910 2712 Si
1969 2658 2125 2713 enim

483 2749 848 2805 dixerimus:
882 2749 1006 2804 Non
1062 2765 1234 2804 omne
1288 2746 1505 2802 animal
1562 2752 1650 2802 est
1706 2763 1894 2818 equus
1942 2765 1954 2801 :
2008 2763 2123 2801 non

480 2853 723 2909 possum
753 2837 928 2892 etiam
958 2837 1169 2908 dicere,
1185 2837 1310 2892 Non
1335 2835 1526 2891 omnis
1555 2852 1742 2906 equus
1771 2840 1862 2891 est
1882 2834 2122 2902 animal,

481 2933 604 2982 aut.
637 2925 846 2982 Nullus
876 2943 1064 2998 equus
1095 2931 1184 2982 est
1225 2924 1462 2981 animal.
1497 2925 1702 2980 Omnis
1749 2925 1906 2980 enim
1937 2940 2125 2994 equus

481 3020 570 3072 est
599 3015 837 3070 animal.
877 3015 1017 3070 Hinc
1067 3015 1243 3070 etiam
1276 3015 1621 3086 reprobatur
1668 3013 1965 3068 conversio
1996 3015 2124 3084 ejus

479 3121 606 3176 quae
637 3111 724 3160 est
755 3121 870 3160 non
903 3103 1095 3160 omnis
1125 3103 1520 3175 (particularis
1550 3102 1827 3173 negativae
1859 3103 2120 3174 proposi—

476 3195 696 3266 tionis).

547 3285 636 3338 35.
667 3283 779 3339 Sed
811 3299 997 3354 neque
1045 3280 1390 3338 universalis
1437 3296 1656 3352 negans
1688 3279 1743 3333 in
1777 3279 2118 3350 contingen-

2242 706 2469 780 στροφή.
2527 703 2708 772 Ἀπλῆ
2758 705 2857 780 γὰρ
2916 706 3242 786 ἀντιστροφή
3313 709 3423 764 ἐστι
3478 711 3732 766 κοινωνία
3785 711 3864 768 δύο

2239 791 2549 865 προτάσεων
2609 799 2721 848 κατ’
2780 793 3123 872 ἀμφοτέρους
3192 796 3321 859 τοὺς
3399 798 3581 872 ὅρους,
3629 808 3730 870 τῆς

2237 880 2436 949 τάξεως
2467 885 2575 934 τῶν
2609 881 2749 957 ὅρων
2800 878 3193 958 ἀμειϐομένης,
3225 891 3322 942 τοῦ
3365 885 3424 942 δὲ
3471 894 3634 944 ποιοῦ
3679 888 3865 967 φυλατ-

2236 969 2470 1040 τομένου
2505 971 2637 1041 μετά
2665 974 2760 1024 τοῦ
2793 970 3200 1042 συναληθεόειν.

2311 1055 2412 1113 λα’.
2470 1057 2616 1112 Ἐπεὶ
2675 1055 2732 1112 δὲ
2787 1061 2903 1113 κατ’
2965 1058 3104 1123 εἶδος
3180 1061 3430 1140 τέσσαρες
3485 1067 3542 1118 al.
3599 1068 3864 1143 προτάσεις

2240 1144 2361 1214 εἶσὶ,
2413 1145 2648 1208 καθόλου
2703 1151 3058 1225 καταφατική,
3109 1149 3347 1205 καθόλου
3404 1152 3736 1232 ἀποφατική,
3786 1179 3866 1229 με·

2239 1235 2364 1308 ρική
2418 1237 2774 1311 καταφατική,
2837 1239 3032 1313 μερική
3101 1239 3449 1317 ἀποφατική·
3503 1246 3536 1312 ὴ
3605 1245 3701 1317 μὲν
3754 1258 3866 1309 καθ-

2243 1321 2375 1376 όλου
2439 1327 2772 1401 καταφατική
2825 1327 2960 1402 πρὸς
3029 1329 3128 1397 τὴν
3210 1331 3436 1404 μερικὴν
3516 1335 3867 1410 καταφατικὴν

2241 1411 2572 1485 ἀντιστρέψει
2631 1415 2766 1468 κατά
2835 1417 2933 1484 τήν
3016 1416 3266 1492 ῥηθεῖσαν
3344 1420 3706 1500 ἀντιστροφὴν
3781 1425 3868 1492 τὴν

2239 1499 2449 1570 ἁπλῆν·
2510 1503 2644 1573 οἷον,
2708 1510 2817 1566 Πᾶς
2875 1502 3156 1582 ἅνθρωπος
3220 1512 3398 1577 ζῶον·
3455 1511 3568 1581 καὶ,
3613 1499 3687 1569 Ti
3747 1517 3870 1581 ζῶον

2239 1586 2540 1664 ἅνθρωπος.

2309 1674 2417 1752 λβ’.
2450 1679 2511 1733 Ἡ
2560 1677 2617 1734 δὲ
2664 1680 2899 1736 καθόλου
2953 1683 3261 1763 ἀποφατική
3313 1687 3449 1762 πρὸς
3493 1687 3710 1758 ἑαυτὴν,
3744 1691 3869 1762 οἷον,

2237 1763 2422 1854 ρύδεὶς
2476 1765 2755 1844 ἄνθρωπος
2814 1767 3012 1848 ἄλογός
3069 1772 3216 1828 ἐστι’
3271 1776 3383 1847 καὶ,
3442 1774 3605 1832 Οὐδὲν
3675 1775 3869 1854 ἄλογον

2238 1851 2520 1928 ἅνθρωπός
2551 1855 2682 1914 ἐστι.

2309 1940 2410 2017 λγ’.
2442 1944 2537 1997 Καὶ
2591 1947 2625 2014 ἡ
2687 1948 2881 2022 μερική
2937 1945 2996 2002 δὲ
3066 1952 3400 2028 καταφατική
3475 1953 3610 2028 πρὸς
3687 1955 3869 2023 ἑαυτὴν

2239 2031 2598 2110 ἀντιστρέφει·
2661 2036 2797 2106 οἷον,
2856 2037 2946 2098 Τίς
3021 2035 3304 2115 ἄνθρωπος
3377 2037 3594 2114 λευκὰς,
3651 2043 3764 2115 καὶ,
3817 2045 3872 2097 Ti

2239 2119 2428 2175 λευκὸν
2459 2122 2758 2198 ἄνθρωπος.

2309 2207 2408 2264 λδ’.
2445 2212 2506 2265 Ἡ
2537 2208 2594 2265 δέ
2639 2233 2702 2288 γε
2758 2215 2952 2290 μερική
3011 2217 3318 2294 ἀποφατικὴ
3382 2217 3470 2273 ἐπὶ
3532 2221 3716 2293 μόνων
3770 2227 3870 2277 τῶν

2235 2296 2606 2375 ἐνδεχομένων
2660 2303 2996 2378 πραγμάτων
3062 2305 3396 2385 ἀντιστρέφει
3458 2311 3594 2385 πρὸς
3644 2311 3870 2380 έαυτην·

2235 2388 2370 2458 οἷον,
2445 2387 2519 2442 Οὐ
2588 2394 2693 2452 πᾶς
2768 2389 3046 2466 ἄνθρωπος
3127 2393 3586 2458 πενταδάκτυλος·
3642 2399 3758 2469 καὶ,
3807 2400 3875 2455 Οὗ

2233 2483 2335 2530 πᾶν
2392 2476 2822 2533 πενταδάκτυλον
2885 2478 3196 2557 ἄνθρωπος·
3259 2484 3347 2538 ἐπὶ
3398 2482 3456 2540 δὲ
3509 2490 3618 2540 τῶν
3697 2486 3877 2543 ἄλλων

2235 2563 2357 2619 οὔτε
2412 2567 2549 2641 πρὸς
2609 2567 2802 2636 ἑαυτὴν
2856 2567 3211 2649 ἀντιστρέφει,
3271 2569 3396 2627 οὔτε
3445 2574 3582 2649 πρὸς
3639 2576 3740 2644 τὴν
3791 2597 3876 2630 iu-

2235 2652 2402 2717 θόλου
2455 2656 2815 2733 ἀποφατικήν.
2853 2657 2910 2711 Εἰ
2963 2659 3064 2734 γὰρ
3122 2657 3396 2734 εἴποιμεν,
3447 2661 3521 2717 Οὐ
3577 2668 3684 2718 πᾶν
3743 2669 3874 2732 ζῶον

2227 2740 2416 2816 ἵππος,
2450 2743 2512 2798 οὐ
2544 2741 2816 2817 δυνάμεθα
2847 2745 3016 2801 εἰπεῖν
3045 2746 3155 2820 καί,
3188 2748 3262 2803 Οὐ
3311 2755 3416 2812 πᾶς
3468 2749 3640 2813 ἵππος
3705 2757 3874 2821 ζῶον·

2232 2831 2291 2902 ἢ,
2351 2829 2538 2894 Οὐδεὶς
2603 2833 2774 2896 ἵππος
2863 2839 3037 2903 ζῶον·
3117 2842 3222 2899 πᾶς
3308 2839 3409 2913 γὰρ
3483 2837 3657 2901 ’ίππος
3747 2838 3879 2909 ζῶόν

2235 2919 2397 2977 ἐστιν.
2438 2922 2590 2976 Ὃθεν
2646 2922 2735 2976 καὶ
2794 2921 3251 2998 ἀποδοκιμάζεται
3300 2929 3334 2996 ἡ
3394 2926 3720 3006 ἀντιστροφή
3781 2931 3876 2999 τῆς

2233 3008 2295 3062 οὐ
2325 3014 2451 3071 πᾶς.

2302 3272 2396 3331 λε’.
2431 3273 2586 3330 Ἀλλ’
2616 3271 2730 3330 οὐδ’
2775 3278 2809 3345 ἡ
2853 3276 3090 3333 καθόλου
3144 3279 3453 3358 ἀποφατική
3508 3281 3597 3338 ἐπί
3655 3305 3719 3360 γε
3774 3290 3883 3340 τῶν

475 3373 635 3428 tibus
666 3372 903 3444 quidem
937 3373 1111 3427 rebus
1151 3371 1210 3426 in
1241 3370 1496 3442 seipsam
1541 3370 1691 3426 325
1743 3368 2113 3424 convertitur.
2149 3377 2153 3414 ι

2245 3360 2598 3439 ἐνδεχομένων
2675 3364 3009 3444 ἀντιστρέφει
3080 3368 3216 3440 πρὸς
3270 3369 3486 3441 ἑαυτήν.
3547 3377 3699 3428 Ἔστι
3785 3376 3880 3447 μὲν

475 3461 678 3518 Dicere
705 3461 862 3516 enim
894 3461 1028 3515 licet
1049 3460 1200 3532 quod
1233 3458 1530 3530 contingat
1559 3456 1786 3512 nullum
1820 3456 2115 3512 hominem

478 3549 698 3617 lavare;
731 3567 848 3604 non
886 3549 1021 3604 licet
1069 3555 1286 3617 autem,
1319 3546 1695 3602 conversione
1726 3546 1896 3612 facta,
1929 3546 2120 3601 dicere

481 3639 638 3710 quod
670 3639 967 3710 contingat
1010 3637 1240 3692 nullum
1271 3635 1470 3691 lavans
1500 3652 1627 3691 esse
1658 3635 1977 3690 hominem.
2010 3635 2117 3690 La-

479 3731 577 3781 vat
623 3727 778 3781 enim
827 3743 1014 3797 equus
1065 3732 1121 3780 et
1173 3727 1312 3792 bos;
1372 3741 1476 3779 nec
1527 3740 1729 3779 verum
1785 3729 1874 3779 est
1929 3724 2121 3778 dicere

479 3817 639 3887 quod
671 3815 974 3887 contingat
1021 3819 1086 3870 ut
1135 3831 1322 3886 equus
1353 3820 1409 3868 et
1455 3814 1560 3868 bos
1616 3830 1730 3868 non
1789 3814 1867 3867 sit
1922 3812 2116 3868 homo.

481 3905 728 3960 Necesse
759 3905 913 3959 enim
946 3904 1138 3975 potius
1169 3908 1257 3958 est
1303 3903 1424 3958 hinc
1471 3919 1585 3957 non
1618 3918 1746 3956 esse
1775 3901 2070 3956 hominem
2106 3919 2118 3956 :

483 3993 593 4048 hoc
634 3998 742 4059 est,
773 3990 1138 4064 impossibile
1188 3997 1278 4046 est
1329 4008 1546 4062 equum
1605 3997 1704 4046 aut
1760 3993 1964 4046 bovem
1995 4006 2123 4046 esse

479 4082 799 4138 hominem.
832 4082 992 4146 Quod
1044 4081 1195 4136 enim
1241 4096 1475 4136 necesse
1522 4085 1611 4134 est
1662 4097 1776 4134 non
1835 4097 1982 4147 esse,
2016 4079 2124 4134 hoc

479 4168 844 4242 impossibile
873 4173 963 4223 est
991 4184 1138 4222 esse.
1164 4167 1326 4232 Quod
1368 4170 1561 4221 autem
1593 4171 1782 4238 potest
1805 4170 1883 4238 [et
1911 4184 2039 4223 esse
2070 4171 2127 4222 et

480 4275 596 4314 non
628 4273 776 4329 esse,
813 4257 918 4312 hoc
947 4256 1283 4327 contingere
1313 4255 1581 4310 dicimus.

2225 3454 2329 3528 γὰρ
2403 3453 2593 3522 εἰπεῖν,
2644 3454 2719 3516 ὡς
2801 3453 3076 3532 ἐνδέχεται
3138 3455 3345 3530 μηδένα
3401 3461 3684 3537 ἄνθρωπον
3746 3463 3879 3518 λού-

2228 3553 2443 3605 σασθαι·
2505 3540 2604 3595 οὐκ
2668 3537 2780 3596 ἔστι
2857 3541 2914 3597 δὲ
2985 3544 3074 3598 καὶ
3151 3546 3594 3623 ἀντιστρέψαντας
3682 3551 3878 3624 εἰπεῖν,

2228 3629 2311 3684 δτι
2371 3627 2641 3705 ἐνδέχεται
2699 3627 2904 3703 μηδένα
2979 3631 3272 3707 λουόμενον
3358 3635 3634 3714 ἄνθρωπον
3719 3640 3875 3695 εἶναι.

2229 3719 2453 3773 Λοῦεται
2511 3721 2613 3794 γὰρ
2669 3719 2758 3774 καὶ
2800 3717 2973 3783 ἵππος
3043 3721 3133 3777 καὶ
3213 3725 3366 3799 βοῦς,
3423 3727 3512 3780 καὶ
3581 3727 3684 3782 οὐκ
3729 3726 3873 3784 ἔστιν

2229 3807 2429 3878 ἀληθὲς
2477 3808 2539 3862 τὸ
2598 3805 2774 3882 λέγειν
2826 3809 2918 3864 τὸν
2969 3807 3138 3866 ἵππον
3169 3811 3206 3880 ἢ
3250 3814 3340 3868 τὸν
3378 3815 3504 3889 βοῦν
3558 3813 3874 3892 ἐνδέχεσθαι

2235 3899 2308 3970 μὴ
2366 3897 2498 3951 εἶναι
2559 3894 2866 3972 ἄνθρωπον.
2929 3899 3168 3974 Ἀνάγκη
3247 3902 3352 3978 γὰρ
3431 3902 3644 3976 μᾶλλον
3707 3912 3878 3962 ταῦτα

2235 3987 2311 4058 μή
2380 3986 2508 4040 εἶναι
2569 3982 2886 4059 ἄνθρωπον·
2943 3989 3217 4044 τουτέστιν
3277 3989 3534 4049 ἀδύνατον
3593 3994 3734 4050 εἶναι
3792 3999 3881 4051 τὸν

2225 4073 2394 4129 ἵππον
2445 4075 2481 4142 ἢ
2537 4075 2628 4129 τὸν
2693 4075 2818 4148 βοῦν
2879 4073 3186 4152 ἄνθρωπον.
3242 4081 3304 4132 Ὅ
3354 4083 3458 4157 γὰρ
3533 4081 3743 4160 ἀνάγκη
3808 4087 3882 4158 μή

2233 4164 2388 4232 εἶναι,
2420 4163 2565 4218 τοῦτ’
2597 4160 2856 4218 ἀδύνατον
2907 4165 3072 4220 εἶναι’
3134 4167 3163 4221 ὃ
3212 4165 3271 4221 δὲ
3321 4164 3536 4225 δύναται
3595 4172 3687 4226 καὶ
3751 4173 3886 4230 εἶναι

2233 4253 2322 4306 καὶ
2358 4253 2432 4325 μὴ
2462 4251 2618 4322 εἶναι,
2648 4254 2796 4306 τοῦτ’
2827 4249 3135 4329 ἐνδέχεσθαι
3169 4253 3416 4332 λέγομεν.

1448 4377 1662 4434 Tabula
1690 4379 1886 4451 capitis
1915 4379 2004 4450 31,
2035 4379 2099 4435 de
2129 4378 2447 4452 syllogismo
2475 4386 2527 4434 et
2555 4378 2917 4436 conversione.

540 4589 908 4662 Syllogismus
939 4593 1162 4642 vocatur
1222 4489 1256 4755 ἱ

562 4839 717 4896 826
756 4837 1124 4908 Syllogismus

710 4911 858 4966 alius
887 4916 970 4965 est

505 5087 1176 5190 Praditcat‘qinmspnbjecto
1225 5055 1253 5190 ξ
1323 5054 1418 5175 2::
1446 5063 1689 5190 $3333;

682 5158 848 5214 άθδθί
877 5174 1001 5213 “se
1226 5158 1249 5247 l
1323 5158 1691 5247 ΞὲὶιἙῖιῖιΐέἷ

1318 5301 1415 5354 aut
1443 5299 1656 5363 minus,

683 5369 847 5464 ῑιιέιξι
1219 5369 1246 5501 ξ
1317 5377 1413 5425 λιιι
1441 5369 1690 5451 aequae;

1319 5457 1436 5497 non
1468 5457 1669 5511 majus.

1319 5564 1386 5604 ex
1437 5548 1690 5617 subjecto
1737 5547 1803 5602 ad
1856 5547 2055 5616 praedi-
2119 5559 2139 5617 ξ

1450 5628 1635 5675 catum
1669 5619 1924 5674 venimus

1317 5706 1384 5746 ex
1412 5691 1715 5761 praedicata
1756 5691 1824 5745 ad
1863 5691 2054 5761 subje-

1460 5769 1615 5819 ctum
1657 5762 1915 5819 venimus

464 5626 526 5683 In
559 5621 1044 5698 propositionibus
1063 5619 1188 5675 aﬂir

503 5338 830 5408 Subjectum
873 5336 1173 5405 praedicato
1219 5305 1248 5501 ἶ

683 5407 847 5464 debet
877 5422 998 5463 esse

656 5621 1044 5693 .posiuonibus
1063 5596 1245 5826 δίἣν-ὲ

656 5694 942 5753 Hiantibus
971 5695 1017 5748 si

1329 4477 1658 4553 plerumque
1685 4485 1861 4532 totum
1893 4477 2179 4553 hoc,_duse
2207 4478 2620 4553 prepositiones
2649 4478 3227 4553 cum__concl_usione;
3250 4488 3547 4553 quatenus
3573 4484 3888 4553 deﬁnitur;

1401 4549 1763 4629 syllogismus
1792 4551 2078 4629 estoralio
2127 4547 2347 4629 iri—qua
2389 4549 2587 4629 positis
2631 4547 2920 4629 aliquibus
2941 4550 3099 4629 aliud
3131 4547 3384 4622 quid-ab
3429 4554 3501 4611 iis
3548 4571 3681 4628 quas
3708 4547 3892 4629 posita

1399 4628 1532 4675 sunt
1561 4635 1626 4675 ex
1658 4621 1990 4677 necessitate
2018 4621 2226 4685 evenit,
2259 4628 2552 4690 propterea
2581 4621 2726 4689 quod
2761 4620 2879 4675 haec
2909 4622 3058 4690 sint;

1327 4692 1609 4746 interdum
1640 4693 1809 4747 etiam
1837 4692 1960 4762 ipsa
1987 4691 2297 4748 conclusio.

1324 4798 1586 4868 simplex,
1616 4799 1708 4868 qui
1741 4813 1807 4853 ex
1837 4797 2058 4854 duabus
2091 4796 2570 4869 propositionibus
2598 4804 2652 4852 et
2675 4797 3048 4855 conclusione
3071 4807 3322 4868 constat;

1323 4871 1692 4952 compositus,
1724 4870 1917 4952 quihex
1963 4871 2223 4952 pluribus
2272 4869 3000 4952 propositionibusconstat
3027 4872 3188 4952 et__in
3239 4877 3322 4928 tot
3366 4873 3658 4946 simplices
3704 4875 3883 4949 syllo-

1392 4939 1603 5012 giSmos
1634 4939 2112 5012 resolviturfquot
2150 4939 2318 5013 supra
2347 4939 2485 4997 duas
2513 4939 2654 4996 alias
2684 4939 2852 4997 habet
2879 4943 3290 5014 proportiones.

3123 5548 3187 5606 in
3211 5554 3326 5607 toto

2487 5655 2694 5711 dicitur
3016 5567 3050 5837 ἕ

3119 5765 3189 5824 de
3210 5765 3369 5830 omni
