4108 6460
581 539 698 600 943

1824 535 2247 600 NICEPHORI
2293 535 2730 598 BLEMMIDE

3866 532 3982 595 944

580 673 756 728 nibus
800 671 1189 743 praedicatur:
1224 675 1326 726 aut
1368 671 1545 727 etiam
1592 671 1651 726 in
1699 672 1988 728 ambabus
2036 670 2214 740 subji-

2342 670 2618 743 προτάσεις
2675 671 3075 743 κατηγορεῖταυ
3133 667 3168 734 ἢ
3226 665 3316 719 καὶ
3371 664 3487 719 κατ’
3544 662 3708 743 ἄμφω
3760 663 3983 720 ὑπόκει-

704 778 750 815 ι’.

704 778 750 815 r.

579 765 704 904 at;
739 849 805 904 Et
833 849 914 903 ita
940 853 1060 904 tres
1090 850 1287 921 ﬁgura:
1320 848 1795 922 syllogismorum
1829 850 2136 921 prodeunt.

647 1030 702 1084 6.
734 1029 793 1084 Si
841 1028 999 1084 enim
1055 1029 1386 1084 communis
1437 1034 1493 1084 et
1550 1030 1780 1084 medius
1835 1029 2123 1084 terminus
2161 1027 2220 1082 in

578 1134 696 1173 una
725 1117 1120 1189 propositione
1150 1123 1404 1173 extremo
1444 1118 1545 1172 uni
1585 1118 1916 1188 subjicitur,
1949 1119 2006 1172 in
2041 1117 2223 1172 altera

576 1211 774 1262 autem
802 1207 873 1260 de
902 1210 1159 1260 extremo
1199 1205 1421 1277 reliquo
1459 1206 1827 1277 praedicatur,
1861 1206 2052 1278 prima
2083 1207 2221 1261 obo-

575 1295 728 1350 ritur
755 1294 964 1366 ﬁgura.
996 1293 1169 1350 Velut
1204 1312 1216 1348 :
1252 1295 1434 1350 Homo
1464 1300 1553 1351 est
1596 1295 1844 1364 animal;
1888 1294 2104 1352 animal
2135 1300 2224 1351 est

576 1381 938 1449 substantia;
972 1382 1148 1438 homo
1180 1388 1269 1438 est
1299 1384 1648 1440 substantia.

645 1490 700 1544 7.
734 1490 896 1555 Quod
928 1489 975 1546 si
1007 1494 1202 1546 autem
1246 1489 1420 1546 etiam
1451 1491 1510 1546 in
1551 1495 1796 1562 utraque
1826 1491 2222 1563 propositione

577 1579 733 1634 idem
781 1579 1112 1634 communis
1140 1584 1198 1634 et
1228 1580 1457 1635 medius
1511 1581 1796 1635 terminus
1829 1582 1983 1636 380
2013 1580 2218 1652 praedi-

577 1671 744 1723 catur
770 1667 945 1722 etiam
988 1667 1061 1722 de
1104 1668 1367 1739 utrisque
1399 1668 1695 1736 extremis,
1731 1669 1987 1724 secunda
2034 1671 2223 1742 ﬁgura

576 1755 849 1812 efﬁcitur.
877 1754 1092 1812 Velut:
1129 1757 1310 1812 Homo
1355 1762 1444 1812 est
1491 1757 1738 1824 animal;
1791 1758 1942 1831 lapis
1984 1775 2101 1814 non
2133 1763 2222 1814 est

575 1844 824 1912 animal;
857 1845 1032 1901 homo
1058 1862 1172 1900 non
1205 1851 1293 1901 est
1325 1844 1494 1918 lapis.

641 1953 696 2007 8.
730 1953 893 2017 Quod
924 1951 974 2007 si
1006 1952 1259 2024 denique
1298 1953 1475 2009 etiam
1523 1954 1582 2008 in
1636 1954 1923 2010 ambabus
1954 1955 2216 2026 proposi-

2330 778 2438 811 ται.

2404 848 2461 904 ε’.
2496 847 2592 901 Καὶ
2637 847 2779 900 οὕτω
2827 845 2949 922 τρία
3006 847 3266 920 σχήματα
3323 841 3712 919 συλλογισμῶν
3762 843 3983 922 ἀναφαί-

2329 953 2497 990 νεται.

2403 1024 2465 1085 ς’.
2501 1023 2562 1076 Ei
2599 1024 2692 1095 μὲν
2733 1022 2832 1098 γάρ
2887 1023 2914 1076 6
2957 1022 3135 1082 κοινὸς
3180 1021 3269 1076 xni
3319 1021 3479 1093 μέσος
3528 1020 3655 1096 ὅρος
3706 1021 3846 1076 κατά
3887 1022 3976 1095 μὲν

2329 1111 2427 1179 τὴν
2487 1111 2610 1184 μίαν
2667 1116 2774 1166 τῶν
2818 1113 3126 1186 προτάσεων
3177 1114 3257 1182 τῷ
3315 1107 3464 1187 ἄκρῳ
3516 1111 3820 1184 ὑπόκειται,
3847 1113 3979 1166 κατά

2332 1198 2389 1254 δὲ
2443 1201 2541 1268 τήν
2593 1200 2770 1275 ἑτέραν
2825 1205 2922 1255 τοῦ
2975 1199 3173 1254 λοιποῦ
3228 1197 3396 1275 ἄκρου
3451 1205 3862 1275 κατηγορεῖται,
3919 1202 3978 1255 τὸ

2330 1294 2546 1365 πρῶτον
2591 1289 2795 1364 γίνεται
2839 1291 3030 1363 σχῆμα
3063 1307 3077 1320 ·
3131 1290 3267 1360 οἷον,
3313 1289 3369 1342 Ὀ
3399 1285 3680 1363 ἄνθρωπος
3731 1294 3891 1359 ζῶον·
3919 1291 3979 1345 τὸ

2334 1383 2468 1446 ζῶον
2498 1378 2667 1433 οὐσία*
2703 1379 2730 1432 6
2762 1376 3044 1453 ἅνθρωπος
3073 1376 3245 1435 οὐσία.

2403 1487 2440 1553 ζ’
2476 1529 2490 1542 .
2544 1484 2607 1538 Ei
2668 1482 2726 1539 δὲ
2780 1485 2869 1538 καὶ
2927 1485 3045 1548 καθ’
3101 1485 3349 1559 ἑκατέραν
3416 1488 3522 1539 τῶν
3577 1487 3900 1561 προτάσεων
3953 1488 3978 1541 6

2330 1574 2489 1636 αὐτὸς
2543 1575 2721 1636 κοινὸς
2779 1575 2869 1628 καὶ
2931 1572 3090 1646 μέσος
3147 1572 3275 1649 ὅρος
3331 1580 3710 1650 κατηγορεῖται
3753 1576 3847 1630 καὶ
3875 1576 3979 1650 άμ-

2329 1663 2568 1739 φοτέρων
2625 1667 2731 1717 τῶν
2792 1661 2994 1738 ἄκρων,
3051 1663 3113 1717 τὸ
3171 1660 3416 1738 δεύτερον
3470 1663 3670 1738 γίνεται
3735 1666 3976 1740 σχῆμα.

2330 1753 2464 1825 οἷον,
2494 1758 2547 1805 Ὁ
2578 1749 2858 1827 ἅνθρωπος
2920 1756 3077 1821 ζῶον,
3109 1753 3138 1807 6
3169 1749 3318 1815 λίθος
3345 1751 3407 1807 οὐ
3439 1757 3596 1822 ζῶονσ
3634 1755 3661 1808 ὁ
3694 1751 3979 1830 ἅνθρωπος

2330 1841 2391 1896 0'3
2419 1840 2591 1903 λίθος.

2400 1951 2469 2019 η’.
2503 1948 2565 2003 Ei
2626 1946 2684 2003 δὲ
2734 1949 2822 2003 καὶ
2879 1950 2996 2003 κατ’
3050 1945 3214 2026 ἄμφω
3270 1947 3368 2010 τὰς
3414 1948 3703 2025 προτάσεις
3754 1951 3784 2005 6
3819 1949 3978 2012 αὐτὸς

571 2041 831 2096 tionibus
861 2040 1017 2096 idem
1041 2042 1375 2098 communis
1397 2047 1453 2097 et
1483 2043 1710 2099 medius
1733 2044 2021 2099 terminus
2041 2044 2214 2100 etiam

2342 2039 2504 2099 ιοινὸς
2533 2037 2621 2091 καὶ
2652 2038 2813 2110 μέσος
2843 2037 2967 2112 ὅρος
2997 2035 3086 2091 καί
3114 2041 3230 2098 τοῖς
3261 2033 3407 2091 δυσὶν
3443 2035 3629 2113 ἄκροις
3671 2037 3979 2108 ὑπόκειται,

572 2131 807 2202 utrique
836 2134 1092 2186 extremo
1142 2130 1475 2202 subjicitur,
1508 2133 1678 2187 tertia
1725 2132 1912 2203 ﬁgura
1949 2133 2213 2205 emergit.

571 2219 780 2275 Velut:
808 2220 990 2275 Homo
1021 2224 1111 2275 est
1139 2220 1385 2287 animal;
1420 2219 1595 2276 homo
1617 2226 1707 2276 est
1737 2221 2048 2289 rationale;
2081 2239 2216 2294 ergo

575 2308 794 2363 animal
827 2313 916 2364 est
944 2309 1244 2364 rationale.

641 2398 695 2452 9.
732 2397 930 2452 Prima
978 2398 1159 2470 igitur
1201 2398 1388 2471 ﬁgura
1419 2398 1805 2470 syllogisticos
1841 2401 2044 2455 modos
2075 2418 2219 2472 qua-

573 2491 706 2542 tuor
737 2487 979 2552 obtinet,
1010 2487 1253 2541 totidem
1296 2487 1472 2541 etiam
1516 2489 1800 2557 secunda;
1831 2490 2002 2543 tertia
2035 2490 2222 2560 ﬁgura

576 2593 676 2632 sex
706 2575 882 2631 habet
907 2576 1112 2632 modos
1143 2575 1551 2648 syllogisticos.

644 2756 730 2810 10.
762 2753 1111 2828 Syllogistici
1164 2759 1357 2809 autem
1418 2754 1574 2809 modi
1624 2753 1800 2810 etiam
1850 2754 2217 2826 syllogisticae

577 2844 1017 2917 conjugationes
1058 2843 1532 2900 denominantur.
1567 2848 1703 2899 Duae
1749 2845 1906 2900 enim
1955 2846 2216 2917 proposi-

571 2933 760 2990 tiones
791 2933 1113 2990 secundum
1162 2949 1346 2987 unum
1380 2933 1698 2988 terminum
1747 2935 2066 3005 conjugatze
2097 2936 2217 2991 sin-

574 3023 744 3095 gulos
774 3022 983 3078 borum
1016 3021 1324 3077 modorum
1351 3021 1634 3076 efﬁciunt.

647 3132 734 3185 11.
767 3131 983 3185 Omnes
1006 3129 1170 3202 proin
1195 3128 1560 3200 syllogisticae
1583 3130 2019 3198 conjugationes
2040 3132 2217 3186 trium

575 3219 922 3292 ﬁgurarum,
972 3219 1093 3273 sive
1153 3218 1311 3272 modi
1364 3216 1725 3290 syllogistici,
1777 3220 2218 3290 quatuordecim

573 3308 928 3365 efﬁciuntur.

645 3417 731 3469 12.
767 3413 1112 3469 Communia
1148 3413 1385 3484 quidem
1438 3413 1620 3484 igitur
1667 3413 1845 3469 trium
1897 3415 2216 3486 ﬁgurarum
2247 3407 2290 3474 C

575 3509 734 3570 sunt,
768 3502 1095 3575 quamlibet
1141 3518 1343 3557 earum
1393 3501 1607 3557 habere
1665 3505 1992 3558 necessario
2036 3523 2214 3560 unam

572 3593 1030 3665 propositionem
1064 3592 1474 3658 afﬁrmantem,
1509 3596 1564 3646 et
1594 3609 1771 3647 unam
1804 3593 2210 3650 universalem.

574 3682 722 3736 38]
761 3686 822 3736 In
867 3680 1030 3736 nulla
1075 3681 1229 3735 enim
1282 3683 1468 3752 ﬁgura
1524 3680 1900 3752 syllogismus
1954 3700 2214 3755 unquam

573 3774 675 3824 aut
706 3787 774 3825 ex
805 3771 1036 3825 duabus
1067 3770 1350 3842 negativis
1381 3774 1481 3824 aut
1529 3785 1597 3824 ex
1643 3771 1871 3826 duabus
1904 3773 2214 3844 particula-

573 3857 736 3914 ribus
768 3857 1109 3914 constiterit.
1143 3860 1267 3914 Hec
1293 3858 1472 3930 igitur
1498 3859 1688 3914 tribus
1719 3860 1924 3932 ﬁguris
1953 3878 2213 3918 commu-

573 3947 671 4002 nia
699 3951 856 4002 sunt.

644 4037 730 4092 13.
765 4035 1003 4106 Propria
1032 4040 1225 4091 autem
1271 4036 1470 4108 primze
1501 4037 1737 4108 quidem
1773 4039 1994 4110 ﬁgurae,
2026 4039 2215 4096 mino-
2288 4067 2294 4072 -

573 4140 696 4181 rem
728 4125 1182 4197 propositionem
1216 4141 1448 4196 semper
1476 4125 1689 4181 habere
1719 4128 2131 4200 afﬁrmantem,
2158 4134 2216 4185 et

573 4216 858 4286 majorem
913 4230 1141 4286 semper
1197 4213 1610 4281 universalem,
1658 4215 1777 4269 sive
1824 4216 2212 4272 afﬁrmantem

571 4305 692 4360 sive
721 4308 1050 4376 negantem.
1076 4308 1156 4357 Ac
1179 4301 1400 4373 colligit
1421 4302 1540 4357 haec
1564 4304 1750 4374 ﬁgura
1775 4308 1830 4357 et
1850 4305 2213 4361 afﬁrmantes

570 4397 628 4449 et
657 4398 957 4466 negantes,
989 4396 1045 4447 et
1078 4391 1432 4447 universales
1471 4395 1526 4446 et
1564 4391 1948 4463 particulares
1978 4394 2210 4450 conclu-

569 4482 782 4538 siones.

637 4661 722 4715 14.
757 4661 1035 4715 Secundae
1068 4661 1266 4732 ﬁgura;
1299 4659 1536 4732 propria
1577 4666 1735 4726 sunt,
1771 4662 2051 4731 majorem
2084 4680 2211 4734 pro-

562 4749 911 4822 positionem
945 4766 1174 4818 semper
1205 4748 1591 4804 universalem
1631 4748 1866 4814 habere,
1899 4750 2018 4805 sive
2051 4752 2206 4806 afﬁr-

2342 4743 2556 4798 ιαΘόλου
2610 4745 2708 4812 τὴν
2775 4744 2994 4817 μείζονα
3048 4746 3350 4820 πρότασιν,
3410 4744 3516 4801 εἴτε
3572 4752 3951 4826 καταφατικὴν,
4039 4777 4041 4817 ι

561 4843 821 4895 mentem
854 4838 976 4894 sive
1001 4844 1332 4909 negantem.
1357 4839 1504 4903 Quin
1538 4837 1730 4909 potius
1757 4837 1864 4892 hoc
1897 4856 2209 4894 commune

561 4933 647 4985 est
670 4932 724 4983 et
745 4928 944 4998 primaa
967 4933 1026 4982 et
1055 4928 1321 4982 secundae
1351 4929 1578 4999 figurae;
1605 4926 1980 4997 singulariter
2010 4934 2205 4985 autem

560 5019 828 5072 secunda:
862 5017 1060 5088 ﬁgura:
1101 5016 1334 5088 propria
1365 5020 1502 5070 sunt
1534 5015 1817 5069 minorem
1857 5019 2204 5087 propositio-

559 5121 693 5160 nem
725 5105 956 5171 habere,
1001 5105 1090 5160 vel
1144 5105 1534 5159 affirmantem
1583 5103 1668 5158 vel
1727 5110 2055 5175 negantem,
2089 5107 2206 5161 sive

556 5193 898 5249 universalis
930 5195 1046 5248 sive
1090 5193 1458 5265 particularis
1507 5193 1612 5260 sit;
1675 5199 1729 5247 et
1783 5195 2203 5265 propositiones

555 5282 874 5338 dissimiles
904 5284 1111 5353 figura,
1137 5284 1256 5338 sive
1287 5283 1565 5354 qualitate
1589 5282 1926 5349 dissimiles,
1951 5283 2058 5338 hoc
2091 5290 2200 5354 est,

553 5388 732 5428 unam
782 5371 1040 5442 quidem,
1088 5373 1302 5426 utravis
1363 5373 1554 5435 fuerit,
1604 5372 2016 5437 afﬁrmantem,
2068 5373 2198 5427 reli-

554 5477 729 5534 quam
793 5465 1122 5532 negantem.
1183 5460 1413 5529 Colligit
1469 5465 1662 5514 autem
1725 5460 1842 5514 haec
1901 5460 2089 5531 ﬁgura
2144 5465 2200 5516 et

551 5548 912 5608 universales
960 5553 1016 5604 et
1064 5548 1447 5620 particulares
1497 5548 1918 5614 conclusiones,
1965 5565 2195 5604 verum-

548 5647 746 5698 tamen
788 5641 1068 5710 negantes
1116 5651 1341 5701 omnes,
1376 5641 1432 5690 et
1462 5636 1686 5692 nullam
1727 5653 1987 5708 unquam
2039 5638 2194 5692 afﬁr-

547 5734 827 5789 mantcm.

618 5841 703 5900 15.
739 5837 942 5895 Tertiae
974 5837 1171 5910 ﬁguris
1226 5831 1529 5906 proprium
1560 5831 1774 5888 habere
1823 5848 2052 5906 semper
2083 5833 2194 5890 mi-

2325 2128 2388 2180 τὸ
2417 2128 2596 2201 τρίτον
2647 2127 2848 2201 γίνεται
2892 2132 3106 2200 σχῆμα·
3161 2127 3294 2195 οἷον,
3339 2127 3396 2179 Ὀ
3429 2124 3716 2202 ἅνθρωπος
3749 2133 3914 2199 ζῶον,
3952 2130 3976 2182 ὁ

2329 2218 2606 2291 ἄνθρωπος
2639 2214 2880 2291 λογικόν·
2903 2216 2955 2270 τὶ
2993 2221 3127 2284 ζωον
3163 2215 3404 2291 λογικόν.

2400 2399 2460 2450 θ’.
2492 2398 2561 2449 Τὸ
2591 2397 2683 2468 μὲν
2718 2394 2808 2449 οὖν
2840 2401 3054 2472 πρῶτον
3103 2403 3296 2470 σχῆμα
3346 2393 3808 2471 συλλογιστικοὺς
3856 2399 3978 2473 τρό-

2328 2508 2463 2547 πους
2508 2485 2762 2554 κέκτηται
2809 2488 3088 2561 τέσσαρας·
3138 2484 3429 2547 τοσούτους
3489 2483 3546 2540 δὲ
3603 2487 3693 2540 καὶ
3743 2488 3808 2541 τὸ
3870 2485 3978 2542 δεῦε

2326 2596 2498 2650 τερον.
2559 2575 2628 2628 Τὸ
2685 2572 2742 2629 δὲ
2783 2574 2964 2651 τρίτον
3025 2581 3218 2650 σχῆμα
3268 2575 3502 2650 τρόπους
3554 2573 3672 2650 ἔχει
3721 2574 3978 2652 συλλογι-

2330 2663 2542 2726 στικοὺς
2570 2661 2647 2734 ἓξ.

2405 2757 2453 2810 ι’.
2517 2751 2938 2828 Συλλογιπικοὶ
3011 2751 3068 2808 δὲ
3138 2753 3330 2830 τρόποι
3404 2755 3494 2808 καὶ
3560 2751 3976 2829 συλλογιστικαί

2330 2843 2569 2919 συζυγίαι
2641 2842 3118 2916 κατονομάζονται.
3181 2843 3284 2896 Δύο
3343 2842 3446 2918 γὰρ
3512 2845 3808 2918 προτάσεις
3871 2846 3975 2898 καθ’

2325 2931 2416 2988 ἕνα
2471 2931 2594 3008 ὅρον
2653 2932 3062 3006 συνεζευγμέναι
3110 2935 3217 2986 τῶν
3266 2931 3526 2986 τοιούτων
3578 2931 3804 3005 τρόπων
3858 2930 3976 2987 Exn-

2328 3043 2448 3076 στον
2485 3020 2894 3095 ἀπεργάζονται.

2403 3129 2486 3181 ια’.
2520 3133 2691 3181 Πᾶσαι
2722 3127 2897 3180 τοίνυν
2932 3124 3174 3200 συζυγίαι
3207 3123 3615 3201 συλλογιστικαὶ
3660 3131 3770 3181 τῶν
3813 3133 3974 3204 τριῶν

2331 3215 2652 3291 σχημάτων,
2704 3211 2874 3270 εἶτουν
2922 3213 3115 3290 τρόποι
3166 3211 3621 3289 συλλογιστικοὶ,
3681 3221 3973 3271 ποσοῦνται

2328 3305 2579 3382 τέσσαρες
2608 3305 2695 3359 καὶ
2730 3301 2876 3360 δέκα.

2402 3414 2491 3486 ιβ’.
2547 3413 2711 3466 Κοινά
2769 3412 2862 3484 μὲν
2919 3409 3010 3465 οὖν
3067 3415 3172 3465 τῶν
3229 3414 3394 3485 τριῶν
3453 3412 3758 3485 σχημάτων
3826 3413 3974 3483 εἰσὶ,

2325 3502 2387 3555 τὸ
2439 3500 2560 3573 pinv
2605 3505 2712 3555 τῶν
2763 3501 3071 3573 προτάσεων
3128 3497 3272 3574 ἔχειν
3315 3496 3533 3554 ἕκαστον
3592 3500 3770 3556 αὐτῶν
3815 3523 3977 3557 κατα-

2328 3592 2554 3667 φατικήν
2614 3589 2664 3660 ἐξ
2721 3588 2978 3665 ἀνάγκης,
3038 3588 3126 3642 καὶ
3189 3588 3313 3661 pinv
3371 3586 3628 3646 καθόλου.
3680 3597 3766 3645 Ἐν
3803 3589 3975 3646 οὐδενί

2325 3679 2427 3754 γὰρ
2456 3684 2563 3733 τῶν
2615 3678 2916 3752 σχημάτων
2970 3677 3190 3748 συσταίη
3236 3679 3368 3732 ποτε
3411 3677 3791 3753 συλλογισμὸς
3837 3683 3874 3749 ἢ
3924 3680 3978 3736 ἐκ

2327 3763 2421 3820 δύο
2452 3766 2798 3844 ἀποφατικῶν
2827 3767 3162 3841 προτάσεων,
3192 3766 3226 3834 ἢ
3261 3765 3319 3819 ἐκ
3364 3763 3460 3820 δύο
3507 3773 3771 3842 μερικῶν.
3805 3774 3976 3824 Ταῦτα

2329 3856 2421 3928 μὲν
2454 3854 2544 3910 οὗν
2576 3859 2682 3909 τῶν
2713 3860 2876 3930 τριῶν
2902 3856 3203 3930 σχημάτων
3234 3857 3407 3912 κοινά.

2402 4034 2482 4108 ιγ’.
2515 4031 2658 4089 ’Ἱδιά
2683 4029 2740 4087 δὲ
2766 4037 2864 4088 τοῦ
2897 4033 2990 4106 μὲν
3022 4034 3242 4109 πρώτου
3274 4035 3561 4109 σχήματος
3591 4036 3655 4090 τὸ
3691 4039 3796 4106 τὴν
3833 4037 3974 4093 ἐλάτ-

2322 4142 2453 4175 τονα
2513 4118 2769 4198 πρότασιν
2828 4119 2972 4196 ἔχειν
3032 4122 3113 4177 ἀεὶ
3173 4125 3540 4201 καταφατικὴν
3577 4169 3593 4195 ,
3657 4123 3766 4181 εἴτε
3825 4127 3970 4192 καθό-

2327 4209 2426 4265 λου
2460 4255 2473 4279 ,
2534 4209 2638 4266 εἴτε
2698 4213 2923 4287 μερικὴν
2959 4257 2972 4282 ,
3032 4211 3121 4265 καὶ
3174 4211 3237 4266 τὸ
3293 4213 3394 4281 τήν
3451 4213 3680 4285 μείζονα
3734 4218 3964 4281 καθόλου

2324 4297 2606 4362 διαπαντὸς
2641 4347 2654 4371 ,
2736 4299 2841 4355 εἴτε
2913 4302 3279 4378 καταφατικήν
3313 4347 3326 4372 ,
3388 4299 3492 4356 εἷ’τε
3567 4303 3960 4381 ἀποφατικην·

2323 4388 2538 4464 συνάγει
2616 4387 2673 4443 δὲ
2744 4390 2806 4444 τὸ
2878 4394 3124 4444 τοιοῦτον
3202 4396 3396 4466 σχῆμα
3471 4391 3560 4446 καὶ
3633 4395 3960 4471 καταφατικὰ

2320 4478 2408 4532 καὶ
2485 4477 2790 4556 ἀποφατικά
2857 4479 3286 4554 συμπεράσματα
3319 4525 3332 4550 ,
3409 4480 3497 4535 καὶ
3574 4482 3821 4540 καθόλου
3884 4483 3956 4539 καί

2324 4565 2534 4642 μερικά.

2393 4654 2500 4713 ιδ’.
2562 4661 2665 4710 Τοῦ
2739 4653 2986 4732 δευτέρου
3045 4659 3331 4733 σχήματος
3383 4655 3495 4713 ἴδια
3551 4660 3613 4714 τὸ
3684 4659 3834 4738 ἔχειν

2319 4832 2423 4887 εἷ’τε
2478 4833 2836 4911 ἀποφατικήψ
2899 4832 3109 4907 μᾶλλον
3162 4832 3220 4888 δὲ
3246 4840 3406 4890 τοῦτο
3464 4835 3648 4890 κοινὸν
3696 4843 3780 4910 τῷ
3822 4839 3949 4914 πρώ-

2314 4943 2394 4992 τῳ
2421 4943 2478 4976 τε
2509 4924 2598 4976 καὶ
2659 4919 2890 4998 δευτέρῳ
2950 4925 3217 4998 σχήματν
3265 4924 3464 5000 κυρίως
3525 4922 3582 4979 δὲ
3637 4931 3738 4981 τοῦ
3795 4925 3952 4982 δευτέ-

2318 5029 2413 5084 ρου
2472 5013 2757 5085 σχήματος
2817 5008 2926 5066 ἴδια
2980 5014 3042 5066 τὸ
3095 5013 3194 5082 τήν
3254 5012 3462 5068 ἐλάττω
3514 5015 3802 5088 πρότασιν9
3861 5013 3950 5069 εἴτε

2315 5102 2677 5176 καταφατικήν
2742 5099 2887 5176 ἔχειν
2929 5146 2942 5171 ,
3012 5099 3116 5156 εἴτε
3160 5102 3496 5180 ἀποφατικήν
3534 5150 3546 5174 ,
3609 5105 3647 5173 ἢ
3725 5105 3950 5169 καθόλου

2314 5186 2470 5242 οὖσαν
2526 5190 2561 5257 ἢ
2626 5192 2874 5264 μερικήνο
2929 5189 3015 5244 καὶ
3074 5192 3134 5245 τὸ
3185 5197 3367 5264 τηρεῖν
3418 5191 3650 5248 πάντοτε
3700 5195 3797 5256 τὰς
3827 5214 3948 5269 προο

2309 5277 2487 5339 τάσεις
2537 5279 3082 5353 ἀνομοιοσχημονας,
3133 5278 3304 5334 εἶ’τουν
3358 5280 3654 5354 ἀνομοίους
3714 5284 3846 5338 κατά
3892 5282 3948 5335 τὸ

2315 5367 2507 5420 ποιόν·
2545 5365 2711 5442 ἤγουν
2781 5369 2880 5435 τήν
2945 5368 3068 5440 μίαν
3133 5369 3226 5441 μὶν
3283 5371 3650 5447 καταφατικήν
3713 5371 3827 5426 o'inv
3884 5368 3944 5439 δή

2305 5475 2444 5527 τινα,
2505 5458 2602 5524 τήν
2666 5454 2723 5510 δὲ
2781 5454 2979 5525 λοιπὴν
3030 5457 3387 5534 ἀποφατικήν.
3432 5459 3661 5534 Συνάγει
3714 5458 3772 5515 δὲ
3798 5464 3945 5514 τοῦτο

2304 5544 2368 5598 τὸ
2423 5547 2613 5619 σχῆμα
2669 5545 2758 5599 καὶ
2817 5546 3053 5608 καθόλου
3109 5547 3196 5601 καὶ
3258 5548 3451 5621 μερικά
3505 5552 3945 5625 συμπεράσματα,

2304 5631 2450 5702 πλὴν
2510 5634 2815 5712 ἀποφατικά
2871 5635 3062 5707 πάντα,
3123 5636 3213 5690 καὶ
3271 5634 3423 5691 οὐδὲν
3483 5635 3747 5694 οὐδέποτε
3800 5658 3946 5693 κάτα-

2305 5723 2553 5800 φατικόν.

2379 5832 2452 5886 ιε’.
2502 5835 2606 5885 Τοῦ
2662 5831 2846 5908 τρίτου
2904 5833 3194 5907 σχημασος
3252 5829 3388 5887 ἴδιον
3435 5833 3497 5887 τὸ
3547 5831 3697 5909 ἔχειν
3747 5833 3824 5888 ἀεὶ
3852 5833 3941 5903 τήν

4011 5719 4017 5754 l

4025 5153 4031 5208 Ι
