4108 6456
205 362 317 426 θιδ

1556 361 1906 426 ΕΡΙΤΟΜΕ
1949 362 2255 425 LOGIGA.

3482 360 3598 422 946

205 493 412 552 ἐλάττω
470 494 726 572 πρότασιν
787 497 1187 574 καταφατικὴν,
1248 490 1354 551 εἴτε
1407 493 1642 551 καθόλου
1676 541 1689 565 ,
1745 493 1849 550 εἴτε

1972 514 2162 552 norem
2212 497 2668 570 propositionem
2701 499 2854 556 882
2886 497 3277 554 afﬁrmantem
3311 495 3429 552 sive
3481 493 3613 550 uni-

207 587 450 662 μερικήν.
512 583 736 641 Μᾶλλον
796 583 853 640 δὲ
906 589 1067 640 τοῦτο
1120 584 1300 640 κοινὸν
1366 589 1445 657 τῷ
1500 585 1704 659 πρώτῳ
1761 584 1850 639 καί

202 675 369 750 τρίτῳ
430 677 679 750 σχήματι
713 719 725 730 .
787 674 995 750 Κυρίως
1055 672 1112 728 δὲ
1165 679 1262 729 τοῦ
1317 673 1502 750 τρίτου
1564 676 1850 749 σχήματος

203 760 338 818 ἴδιον
396 763 459 818 τὸ
505 761 651 839 ἔχειν
717 764 817 832 τὴν
863 763 1030 836 μείζω
1085 763 1342 840 πρότασιν
1373 765 1508 818 κατὰ
1563 764 1626 818 τὸ
1683 764 1848 818 ποσὸν

202 849 514 930 ἀδιάφορον,
562 851 599 921 ἢ
648 851 888 916 καθόλου
940 850 1198 922 δηλονότι
1242 853 1278 922 ἢ
1333 853 1581 928 μερικὴν,
1613 853 1647 921 ἢ
1693 872 1852 906 κατα-

203 942 432 1020 φατικὴν
482 938 642 995 οὖσαν
692 940 728 1010 ἢ
780 940 1150 1019 ἀποφατικήν.
1203 940 1429 1016 Συνάγει
1479 939 1537 995 δὲ
1565 942 1626 995 τὸ
1670 940 1848 1016 τρίτον

202 1037 397 1107 σχῆμα
463 1030 554 1086 καὶ
627 1032 962 1109 καταφατικὰ
1031 1031 1121 1085 καὶ
1201 1030 1507 1109 ἀποφατικὰ
1574 1029 1848 1105 συμπερά-

203 1137 398 1193 σματα⁶
455 1117 604 1188 πλὴν
663 1120 732 1174 τὰ
785 1121 963 1175 πάντα
1018 1121 1231 1196 μερικὰ,
1279 1120 1369 1174 καὶ
1419 1117 1570 1174 οὐδὲν
1614 1117 1850 1174 καθόλου

202 1209 354 1264 ποτέ.

278 1299 361 1362 ις’.
385 1297 824 1374 ’Παρατηρητέον
859 1295 917 1352 δὲ
955 1296 1024 1352 τὰ
1070 1299 1226 1352 κοινὰ
1266 1301 1374 1352 τῶν
1421 1302 1584 1373 τριῶν
1633 1297 1852 1373 σχημά-

202 1407 310 1443 των
370 1388 708 1462 ἁπανταχοῦ·
768 1387 831 1440 τὸ
895 1388 1034 1459 μήτε
1092 1388 1316 1462 μερικὰς
1371 1387 1503 1441 εἶναι
1547 1387 1636 1442 καὶ
1687 1388 1852 1464 ἄμφω

199 1477 298 1538 τὰς
343 1476 631 1550 προτάσεις
681 1474 733 1530 ἐν
786 1472 960 1530 οὐδενί
1006 1480 1114 1530 τῶν
1166 1475 1498 1550 σχημάτων,
1550 1479 1689 1548 μήτε
1743 1477 1847 1548 μὴν

201 1565 366 1641 ἄμφω
391 1563 745 1643 ἀποφατικάς.

274 1655 356 1722 ιζ’.
407 1653 638 1729 Πρώτην
692 1653 786 1726 μὲν
837 1651 926 1708 οὖν
975 1654 1120 1724 τάξιν
1174 1653 1340 1708 ἐκεῖνο
1390 1658 1496 1707 τῶν
1546 1655 1846 1730 σχημάτων

200 1741 426 1804 εἰκότως
483 1741 827 1821 ἀπείληφεν,
886 1742 916 1797 ’ὁ
967 1743 1143 1797 πάντα
1211 1743 1455 1817 συνάγειν
1512 1739 1728 1796 δύναται
1783 1743 1852 1796 τὰ

1962 586 2245 642 versalem
2280 587 2400 642 sive
2425 587 2860 659 particularem.
2887 587 3036 652 Quin
3059 586 3253 659 potius
3275 584 3383 640 hoc
3410 599 3614 639 secun-

1961 675 2047 729 dae
2079 680 2136 730 et
2161 675 2340 731 tertiae
2371 678 2572 748 ﬁgurae
2615 693 2924 732 commune
2954 680 3060 732 est.
3088 673 3475 746 Singulariter
3503 689 3608 728 au-

1959 768 2077 820 tem
2109 765 2290 821 tertiae
2342 766 2540 837 ﬁgurae
2591 765 2890 837 proprium
2923 768 3032 833 est,
3063 763 3278 818 habere
3324 762 3606 833 majorem

1962 853 2416 926 propositionem
2448 853 2898 920 indifferentem,
2927 857 3027 909 aut
3072 851 3460 908 universalem
3492 851 3606 907 sci-

1961 942 2098 998 licet
2129 947 2229 998 aut
2268 942 2701 1015 particularem,
2737 943 2857 998 sive
2901 943 3203 998 afﬁrmans
3233 941 3311 996 sit
3359 940 3478 996 sive
3508 956 3606 995 ne-

1962 1047 2130 1104 gans.
2163 1031 2394 1104 Colligit
2422 1037 2618 1088 autem
2648 1033 2823 1088 tertia
2859 1031 3047 1104 ﬁgura
3075 1034 3132 1086 et
3160 1030 3522 1086 afﬁrmantes
3551 1033 3610 1084 et

1960 1124 2244 1192 negantes
2295 1120 2721 1189 conclusiones,
2769 1124 3172 1177 verumtamen
3230 1117 3607 1191 particulares

1962 1225 2167 1266 omnes
2198 1213 2255 1264 et
2280 1209 2504 1264 nullam
2536 1226 2798 1281 unquam
2829 1208 3239 1264 universalem.

2038 1299 2126 1353 16.
2159 1299 2598 1354 Observandum
2647 1303 2840 1354 autem
2889 1297 3226 1355 communia
3250 1297 3364 1352 tria
3393 1297 3606 1368 ﬁgura-

1963 1405 2095 1443 rum
2134 1389 2352 1458 ubique
2399 1403 2550 1454 esse,
2585 1392 2647 1443 ut
2696 1404 2881 1459 neque
2937 1388 3121 1443 ambae
3179 1385 3604 1458 propositiones

1962 1477 2021 1532 in
2054 1476 2176 1532 ulla
2206 1478 2394 1548 ﬁgura
2442 1476 2822 1548 particulares
2869 1477 3008 1543 sint,
3040 1492 3231 1548 neque
3278 1476 3460 1531 ambae
3505 1491 3604 1530 ne-

1959 1570 2183 1639 gantes.

2035 1658 2120 1710 17.
2154 1655 2416 1711 Primum
2448 1655 2687 1726 quidem
2736 1655 2916 1728 igitur
2955 1655 3220 1710 ordinem
3265 1654 3369 1710 illa
3415 1655 3603 1726 ﬁgura

1959 1745 2166 1801 merito
2195 1745 2439 1817 accepit,
2463 1761 2592 1816 quis
2622 1761 2826 1800 omnes
2852 1747 3044 1816 potest
3071 1743 3342 1815 colligere
3369 1742 3603 1798 conclu-

201 1833 630 1908 συμπεράσματα
663 1852 675 1865 ·
733 1833 801 1885 τὰ
855 1831 1226 1909 καταφατικὰ,
1283 1831 1352 1885 τὰ
1403 1830 1726 1908 ἀποφατικὰ,
1785 1833 1851 1885 τὰ

278 1919 355 1935 -.κ
557 1921 572 1935 .
819 1921 832 1935 .
914 1921 982 1935 ..η
1076 1917 1101 1935 ..
1206 1920 1216 1935 .
1385 1917 1427 1935 Μ
1541 1919 1583 1935 ι..
1687 1921 1709 1935 η

1972 1835 2155 1890 siones
2186 1833 2568 1902 afﬁrmantes,
2599 1837 2898 1906 negantes,
2930 1832 3308 1901 universales,
3343 1833 3603 1904 particu-

197 1919 458 1990 καθόλου,
513 1921 582 1974 τὰ
643 1921 855 1994 μερικά.
914 1921 1022 1988 Τὴν
1073 1917 1320 1996 δευτέραν
1381 1917 1439 1974 δὲ
1493 1919 1635 1990 τάξιν
1687 1921 1716 1974 ὃ
1758 1942 1849 1975 κα-

192 2009 481 2088 ταφατικὸν
545 2009 639 2082 μὲν
718 2008 781 2063 οὐ
856 2009 1073 2084 συνάγει
1131 2007 1492 2084 συμπέρασμα
1535 2026 1548 2040 ⁶
1606 2010 1744 2071 τέως
1801 2007 1846 2064 δ’

199 2097 291 2153 οὖν
336 2097 687 2174 συμπεραίνει
729 2097 820 2152 καὶ
869 2095 1108 2162 καθόλου
1155 2098 1246 2152 καὶ
1301 2099 1516 2174 μερικά.
1575 2099 1680 2166 Τὴν
1732 2099 1847 2174 τρί-

197 2209 296 2257 την
356 2184 414 2242 δὲ
454 2185 543 2241 καὶ
603 2184 836 2242 ὑστάτχν
892 2182 1062 2262 ἔλαχε
1113 2186 1257 2258 τάξιν
1316 2188 1345 2241 ὃ
1387 2189 1720 2266 καταφατικὰ
1753 2189 1845 2261 μὲν

197 2277 290 2332 καὶ
376 2275 684 2354 ἀποφατικὰ
764 2273 1148 2351 συλλογίζεται
1183 2320 1197 2347 ,
1254 2273 1400 2346 πλὴν
1476 2278 1679 2332 ἅπαντα
1754 2300 1848 2351 με·

202 2385 346 2442 ρικα.

277 2455 366 2524 ιη’.
426 2459 676 2530 Κρεῖττον
733 2454 834 2530 γὰρ
893 2460 1106 2529 σχῆμα,
1164 2455 1254 2508 καὶ
1303 2453 1380 2516 εἷς
1410 2451 1680 2525 ἀπόδειξιν
1709 2474 1850 2531 χρη-

202 2543 525 2618 σιμώτερον,
587 2542 718 2618 ὅπερ
761 2539 949 2604 ἁπλῶς
1008 2539 1245 2597 καθόλου
1300 2541 1536 2617 συνάγει,
1587 2546 1685 2598 τοῦ
1737 2566 1850 2616 μη-

202 2630 288 2688 δὲν
340 2631 577 2687 καθόλου
637 2631 960 2708 συνάγοντος
1003 2676 1015 2687 .
1077 2629 1247 2686 Πάλιν
1302 2631 1542 2707 κρεῖττόν
1597 2631 1735 2686 ἐστιν
1771 2676 1787 2701 ,
1821 2633 1850 2686 ’ὀ

201 2720 564 2798 καταφατικὸν
642 2719 880 2775 καθόλου
964 2720 1208 2796 συνάγειν
1289 2717 1524 2776 δύναται.
1597 2726 1673 2795 Τῇ
1748 2723 1849 2798 γὰρ

203 2807 556 2883 ἀποδεικτικῇ
645 2808 920 2884 ἐπιστήμῃ
993 2807 1350 2883 διασερόντως
1429 2810 1522 2883 μὲν
1595 2809 1854 2864 ἐσπούδα-

205 2919 324 2954 σται
376 2899 440 2953 τὸ
486 2896 726 2962 καθόλου
782 2899 1138 2976 καταφατικὸν
1195 2895 1406 2970 μᾶλλον
1450 2904 1547 2952 τοῦ
1588 2899 1853 2977 ἀποφατι-

204 2991 325 3043 κοῦ.
375 2987 446 3041 Τὸ
497 2988 591 3060 μὶν
638 2988 743 3062 γὰρ
785 2989 852 3041 τὰ
900 2981 1028 3041 ὄντα
1073 2985 1474 3055 κατασκευάζειο
1522 2989 1583 3042 τὸ
1633 2985 1678 3042 δ’
1717 2989 1852 3042 ἀπο-

211 3075 432 3154 φατικὸν
471 3077 538 3130 τὰ
589 3077 666 3148 μὴ
714 3071 858 3132 ὄντα.
910 3074 1114 3148 Πολλῷ
1162 3073 1219 3130 δὲ
1245 3082 1486 3150 κρεῖττον
1536 3077 1624 3130 καὶ
1654 3079 1852 3151 τιμιώ-

208 3184 364 3240 τερον
394 3168 493 3220 τοῦ
524 3166 599 3238 μὴ
652 3159 806 3227 ὄντος
853 3164 918 3219 τὸ
969 3159 1049 3221 ὄν.
1099 3165 1246 3219 Κατὰ
1292 3162 1536 3239 δεύτερον
1588 3163 1645 3221 δὲ
1693 3164 1854 3242 λόγον

1960 1941 2072 1980 res.
2107 1924 2438 1978 Secundum
2500 1927 2697 1978 autem
2755 1923 2814 1978 in
2868 1923 3071 1978 ordine
3126 1921 3318 1977 locum
3358 1938 3444 1987 ea,
3476 1937 3604 1992 qua;

1959 2013 2096 2068 licet
2126 2013 2522 2068 afﬁrmantem
2553 2029 2670 2068 non
2701 2011 2936 2085 colligat
2963 2011 3418 2080 conclusionem,
3442 2009 3602 2066 colli-

1958 2103 2043 2174 git
2088 2105 2284 2156 tamen
2317 2104 2373 2156 et
2402 2101 2762 2156 universales
2808 2105 2865 2157 et
2913 2099 3315 2173 partioulares.
3341 2099 3604 2154 Tertium

1958 2195 2014 2246 et
2073 2189 2353 2245 ultimum
2410 2189 2605 2246 locum
2663 2190 2872 2246 sortita
2925 2194 3034 2256 est,
3067 2206 3193 2261 quae
3247 2188 3606 2245 afﬁrmantes

1958 2279 2197 2350 quidem
2246 2283 2303 2334 et
2348 2283 2629 2351 negantes
2666 2278 2885 2352 colligit
2915 2277 3339 2346 conclusiones,
3373 2294 3603 2333 verum-

1955 2371 2152 2422 tamen
2184 2384 2390 2423 omnes
2419 2367 2818 2439 particulares.

2029 2457 2116 2511 18.
2151 2455 2357 2511 Melior
2384 2456 2541 2511 enim
2581 2457 2770 2528 ﬁgura
2818 2459 2874 2511 et
2922 2457 2994 2510 ad
3044 2454 3601 2512 demonstrationem

1957 2545 2380 2606 conducibilior
2421 2561 2549 2616 quas
2596 2544 2940 2616 simpliciter
2985 2543 3310 2600 universale
3359 2543 3598 2616 colligit,

1959 2651 2136 2706 quam
2160 2651 2227 2689 ea
2248 2651 2374 2704 quae
2401 2633 2545 2688 nihil
2579 2635 2733 2689 383
2767 2633 3092 2688 universale
3113 2632 3352 2705 colligit.
3378 2634 3599 2688 Iterum

1963 2723 2165 2778 melior
2194 2727 2283 2777 est
2330 2740 2457 2794 quas
2508 2722 2835 2778 universale
2866 2722 3280 2777 afﬁrmativum
3329 2721 3599 2793 colligere

1964 2815 2170 2882 potest.
2227 2811 2692 2867 Demonstrativa
2747 2809 2902 2866 enim
2961 2810 3204 2866 scientia
3261 2807 3605 2865 universalis

1964 2900 2298 2956 afﬁrmativi
2354 2900 2727 2971 potissimum
2776 2899 3040 2955 studiose.
3068 2903 3177 2969 est,
3211 2898 3398 2970 magis
3429 2914 3605 2969 quam

1967 2989 2240 3061 negativi.
2274 2989 2420 3044 Illud
2472 2989 2626 3044 enim
2675 2989 2834 3044 entia
2883 2987 3210 3055 conﬁrmat,
3252 2986 3381 3054 hoc,
3427 3002 3608 3058 nega-

1965 3079 2150 3133 tivum
2204 3094 2318 3133 non
2365 3078 2538 3133 entia.
2574 3078 2750 3149 Atqui
2782 3094 2886 3132 eus
2924 3093 3039 3131 non
3088 3081 3222 3131 ente
3272 3074 3456 3130 multo
3489 3091 3608 3130 me-

1967 3167 2083 3223 lius
2112 3171 2201 3222 est
2229 3171 2286 3223 et
2315 3166 2737 3223 honorabilius.
2772 3165 3126 3222 Secundaria
3165 3167 3360 3220 autem
3391 3162 3612 3219 ratione

209 3233 302 3308 καὶ
356 3256 454 3308 τοῦ
504 3233 744 3309 καθόλου
800 3253 1135 3332 ἀποφατικοῦ
1195 3233 1498 3332 ἐφρόντισεν
1553 3257 1588 3324 ἡ
1639 3233 1853 3310 ἀπόδει-

1972 3261 2024 3312 et
2054 3255 2402 3312 universalis
2433 3255 2687 3329 negativi
2725 3255 3010 3311 rationem
3040 3255 3217 3309 habet
3246 3253 3610 3308 demonstra-

210 3341 316 3413 ξες⁹
357 3341 608 3415 ἠμέλησε
659 3340 718 3397 δὲ
756 3347 864 3398 τῶν
918 3347 1172 3419 μερικῶν·
1208 3343 1323 3398 ἐπεὶ
1368 3345 1436 3399 τὰ
1479 3343 1715 3400 καθόλου
1761 3350 1855 3415 ζη-

206 3435 313 3504 τεῖ,
345 3431 435 3486 καὶ
463 3428 588 3506 περί
618 3430 751 3486 αὐτὰ
777 3431 1136 3508 καταγίνεται.

293 3520 376 3578 ιϐ’.
407 3519 609 3594 Τρόποι
661 3518 719 3575 δὲ
768 3519 1179 3597 συλλογιστικοὶ
1223 3525 1322 3576 τοῦ
1370 3523 1590 3598 πρώτου
1637 3525 1860 3598 σχήμα-

212 3630 308 3671 τος
364 3608 614 3686 τέσσαρες
651 3631 662 3644 ·
717 3610 807 3664 καὶ
868 3613 966 3665 τοῦ
1041 3608 1291 3686 δευτέρου
1346 3613 1596 3688 τέσσαρες
1631 3630 1643 3643 ⁸
1701 3612 1756 3682 ἓξ
1805 3611 1863 3668 δὲ

212 3701 312 3754 τοῦ
353 3699 560 3775 τρίτου.
612 3700 758 3754 Κατὰ
819 3700 913 3773 μὲν
963 3699 1068 3776 γὰρ
1123 3700 1186 3755 τὸ
1237 3704 1453 3776 πρῶτον
1515 3708 1709 3777 σχῆμα
1765 3699 1860 3757 δύο

213 3789 337 3842 τινὰ
393 3787 930 3866 παραφυλασσομεθα
961 3806 975 3819 ⁸
1033 3789 1096 3844 τὸ
1165 3787 1440 3863 μηδέποτε
1493 3790 1594 3858 τὴν
1653 3788 1862 3846 ἐλάττω

211 3876 474 3952 πρότασιν
537 3877 877 3956 ἀποφατικῆν
938 3876 1093 3948 εἶναι,
1161 3879 1299 3950 μήτε
1353 3878 1453 3947 τήν
1507 3877 1675 3951 μείζω
1711 3898 1860 3952 μερι-

211 3967 338 4036 κήν.
399 3963 673 4027 Ὡσαύτως
730 3962 789 4020 δὲ
843 3966 980 4021 κατὰ
1031 3965 1094 4020 τὸ
1145 3963 1390 4043 δεύτερον
1451 3965 1566 4021 δύο·
1597 3967 1661 4022 τὸ
1695 3965 1864 4040 μηδα-

217 4057 339 4129 μῶς
394 4053 528 4109 εἶναι
577 4055 675 4116 τὰς
723 4052 1010 4127 προτάσεις
1061 4055 1537 4130 ὁμοιοσχήμονας,
1590 4058 1728 4128 μήτε
1766 4058 1866 4125 τήν

217 4142 393 4217 μείζω
437 4144 571 4199 ποτὲ
631 4145 894 4220 μερικήν.
945 4143 1092 4198 Κατὰ
1149 4141 1206 4199 δὲ
1257 4143 1322 4198 τὸ
1376 4143 1556 4220 τρίτον
1601 4144 1657 4199 ’ἐν
1701 4144 1862 4217 μόνον

214 4233 456 4308 ὑπάρχει
513 4232 577 4286 τὸ
623 4232 1016 4308 παρατήρημα*
1070 4232 1133 4286 τὸ
1193 4229 1467 4306 μηδέποτε
1509 4234 1608 4302 τὴν
1660 4231 1866 4289 ἐλάττω

213 4319 480 4398 πρότασιν
555 4320 895 4399 ἀποφπικὴν
965 4320 1097 4376 εἶναι
1131 4365 1144 4378 .
1202 4323 1355 4386 Ὅθεν
1441 4317 1683 4398 εὐλόγως
1756 4327 1864 4378 τῶν

215 4408 408 4466 ἄλλων
451 4407 548 4464 δύο
595 4409 898 4485 σχημάτων
939 4408 1038 4465 ἀνὰ
1080 4409 1335 4486 τέσςαρας
1385 4409 1620 4485 ἐχόντων
1671 4409 1868 4466 συλλο-

211 4497 464 4577 γιστικὰς
496 4498 749 4574 συζυγίας
779 4499 843 4554 τὸ
866 4496 1050 4577 τρίτον
1081 4498 1136 4573 ἓξ
1167 4498 1545 4577 ἐκληρώσατο.

1965 3344 2079 3412 tio;
2115 3345 2490 3417 particularia
2526 3349 2724 3400 autem
2756 3343 3018 3416 negligit,
3051 3341 3327 3415 quoniam
3375 3341 3608 3396 univer-

1966 3433 2114 3489 salia
2142 3433 2352 3506 quaerit
2381 3439 2438 3489 et
2466 3433 2618 3488 circa
2646 3433 2777 3504 ipsa
2804 3436 3144 3503 occupatur.

2044 3523 2131 3577 19.
2164 3523 2316 3578 Modi
2357 3527 2552 3578 autem
2602 3521 2941 3594 syllogistici
2989 3521 3190 3593 primae
3237 3521 3436 3593 ﬁgurae
3467 3523 3609 3576 sunt

1971 3617 2243 3683 quatuor,
2275 3616 2332 3667 et
2361 3611 2628 3668 secundae
2669 3616 2940 3682 quatuor,
2973 3610 3153 3666 tertia:
3185 3627 3302 3666 sex.
3334 3611 3396 3665 In
3420 3611 3612 3682 prima

1971 3701 2130 3756 enim
2190 3701 2378 3771 ﬁgura
2427 3701 2543 3755 duo
2593 3700 2859 3771 qutedam
2889 3715 3301 3771 praecavemus,
3341 3703 3409 3754 ut
3460 3716 3612 3754 nun-

1973 3806 2151 3862 quam
2183 3789 2374 3844 minor
2403 3787 2718 3861 propositio
2746 3788 3014 3859 negativa
3041 3804 3229 3860 neque
3265 3789 3454 3860 major
3483 3805 3616 3860 par-

1973 3877 2236 3933 ticularis
2267 3877 2363 3932 sit.
2387 3879 2604 3933 Eodem
2633 3878 2806 3932 modo
2828 3877 2888 3930 in
2921 3877 3181 3932 secunda
3203 3878 3318 3932 duo
3347 3893 3359 3930 :
3385 3881 3451 3931 ut
3480 3893 3619 3932 neu-

1970 3967 2195 4038 tiquam
2228 3966 2651 4038 propositiones
2682 3966 2802 4022 sint
2839 3966 3029 4038 ﬁgura
3074 3965 3318 4037 similes,
3352 3983 3456 4022 nec
3487 3983 3618 4021 ma-

1966 4058 2064 4128 jor
2095 4072 2356 4127 unquam
2388 4054 2776 4127 particularis.
2811 4055 2875 4110 In
2907 4054 3076 4110 tertia
3104 4055 3354 4126 denique
3382 4054 3615 4128 (ﬁgura)

1975 4162 2093 4200 una
2121 4148 2353 4200 tantum
2385 4143 2614 4200 exsistit
2656 4143 3000 4212 observatio,
3033 4147 3099 4198 ut
3146 4160 3450 4215 nunquam
3481 4160 3612 4215 pro-

1975 4233 2185 4306 positio
2217 4233 2428 4301 minor,
2452 4233 2720 4304 negativa
2749 4233 2842 4287 sit.
2871 4233 3058 4296 Quare
3080 4233 3214 4302 jure
3243 4231 3449 4288 merito
3477 4248 3612 4287 cum

1976 4327 2192 4379 cetera
2223 4322 2351 4378 duae
2395 4323 2595 4395 ﬁgurae
2627 4323 2698 4378 ad
2729 4325 2982 4394 quatuor
3011 4321 3264 4376 habeant
3307 4320 3616 4393 syllogisti-

1975 4428 2070 4468 cas
2101 4411 2562 4483 conjugationes,
2589 4411 2759 4466 tertia
2787 4427 2888 4467 sex
2916 4410 3122 4466 sortita
3149 4414 3258 4466 est.

1274 4681 1431 4737 884
1464 4682 1672 4738 Tabula
1697 4684 1901 4754 capitis
1927 4684 2017 4753 32,
2049 4683 2116 4739 de
2144 4683 2314 4740 tribus
2343 4682 2556 4754 ﬁguris.

1071 4848 1186 4906 una
1215 4832 1457 4906 quidem
1475 4835 1860 4904 propositione
1889 4835 2206 4906 subjicitur,
2239 4835 2302 4891 in
2331 4833 2506 4890 altera
2534 4847 2665 4890 vero
2694 4831 3051 4904 praedicatur,
3079 4838 3133 4888 et
3162 4830 3412 4888 oboritur
3441 4829 3625 4900 prima

212 4903 440 4962 Medius
460 4902 734 4961 terminus
758 4901 854 4975 qui
874 4902 961 4959 bis

287 4977 351 5032 in
371 4975 850 5048 propositionibus
873 4991 962 5032 ac-

288 5047 518 5120 cipitur,
550 5053 645 5104 aut
675 5047 736 5103 in

1142 4903 1322 4974 ﬁgura
1353 4903 1834 4975 syllogismorum.

1142 5063 1285 5103 rum.

1071 4973 1346 5031 ambabus
1388 4973 1877 5046 propositionibus
1923 4978 2280 5049 praedicatur,
2323 4983 2377 5032 et
2427 4976 2563 5032 hinc
2609 4982 2693 5031 est
2738 4975 2988 5032 secunda
3032 4974 3211 5046 ﬁgura
3255 4973 3622 5044 syllogismo-

1071 5118 1345 5176 ambabus
1373 5119 1692 5191 subjicitur,
1723 5126 1780 5178 et
1806 5121 2042 5192 emergit
2073 5120 2234 5177 tertia
2262 5119 2458 5190 ﬁgura.
