4108 6468
259 439 378 501 949

1246 602 1305 641 α.
1907 598 1964 662 ῖς,
2556 603 2622 668 γ.

1195 675 1356 748 λίθος
1853 671 2008 751 ζῶον
2414 672 2638 764 ἄνθρωτ

1491 794 1615 870 ορδ.
2195 833 2240 870 π

1801 1264 2190 1309 “—/

1615 438 1961 501 EPITOME
2005 438 2311 501 LOGIGA.

1853 671 2008 751 ζῶον

3543 435 3662 497 950

2556 603 2622 642 Ὺ.

2414 672 2725 764 ἄνθρωπος

311 1367 381 1427 ξδ’.
417 1366 678 1446 Δεύτερος
723 1369 932 1449 τρόπος
975 1377 1075 1429 τοῦ
1121 1375 1343 1450 πρώτου
1390 1375 1700 1451 σχήματος,
1749 1375 1810 1437 ’ὀς
1840 1374 1901 1431 ἐκ

2079 1377 2131 1432 4.
2161 1377 2460 1433 Secundus
2510 1377 2722 1432 modus
2764 1376 2966 1448 prima:
2997 1376 3221 1448 figuras,
3253 1373 3355 1447 qui
3403 1391 3471 1430 ex
3518 1373 3653 1430 uni-

240 1457 482 1525 καθόλου
534 1464 908 1539 κπαφατικῆς
965 1469 1068 1533 τῆς
1127 1462 1417 1524 ἐλάττονος
1444 1508 1458 1532 ,
1516 1462 1607 1517 καὶ
1664 1463 1904 1519 καθόλου

238 1547 584 1627 ἀποφατικῆς
619 1557 724 1621 τῆς
778 1551 1061 1625 μείζονος,
1110 1552 1445 1632 ἀποφατικὸν
1502 1550 1739 1607 καθόλου
1788 1569 1907 1607 συν·

241 1639 364 1714 άγει
422 1640 804 1714 συμπέρασμον
861 1643 974 1696 οἷον
1029 1639 1090 1697 ἐκ
1143 1646 1242 1697 τοῦ
1298 1641 1350 1696 ἐν
1396 1639 1514 1714 ὅλῳ
1561 1642 1652 1696 καὶ
1696 1641 1794 1696 οὐκ
1840 1641 1891 1696 ἐν

241 1726 381 1800 ὅλῳ’
415 1733 527 1792 Πᾶς
557 1725 840 1808 ἄνθρωπος
891 1736 1051 1801 ζῶονο
1107 1730 1259 1788 οὐδὲν
1309 1736 1445 1802 ζῶον
1497 1730 1668 1795 λίθος·
1717 1729 1894 1794 οὐδεὶς

242 1815 532 1894 ἄνθρωπος
589 1818 764 1882 λίθος.
825 1821 925 1876 Καὶ
983 1820 1178 1884 οὕτως·
1238 1823 1295 1875 Ὁ
1345 1823 1624 1897 ονθρωπος
1675 1821 1726 1876 ἐν
1777 1820 1895 1894 ὅλῳ

244 1907 327 1976 τῷ
354 1906 502 1988 ζώφ’
548 1906 613 1962 τὸ
665 1912 803 1977 ζῶον
853 1909 953 1964 οὐκ
1004 1908 1056 1964 ἐν
1106 1908 1224 1982 ὅλῳ
1260 1913 1340 1981 τῷ
1368 1906 1529 1983 λίθῳ·
1557 1911 1586 1964 6
1617 1911 1895 1985 ἄνθρωπος

242 1991 296 2048 ἐν
319 1992 440 2066 ὅλῳ
481 1999 566 2066 τῷ
614 1993 758 2069 λίθῳ
806 1997 906 2053 οὐκ
953 1993 1113 2053 ἔστιν’
1162 1995 1334 2072 ἤγουν
1387 1997 1494 2073 οὐχ
1535 1997 1766 2074 ὑπάρχει
1801 1999 1894 2071 μὲ-

243 2101 340 2155 ρος
387 2087 484 2137 τοῦ
536 2083 698 2148 λίθου
749 2086 777 2139 6
828 2083 1138 2163 ἄνθρωπος,
1187 2087 1260 2148 ὡς
1310 2086 1443 2141 εἶναι
1474 2085 1565 2140 τὸν
1617 2086 1766 2141 λίθον
1802 2087 1893 2159 μὲν

241 2167 397 2239 ὅλον,
429 2170 594 2226 αὐτοῦ
621 2170 677 2228 δέ
706 2194 758 2227 τι
797 2176 962 2249 μέρος
1007 2176 1100 2230 τὸν
1156 2176 1455 2251 ἄνθρωπον.
1508 2176 1601 2229 Ἐκ
1630 2180 1727 2229 τοῦ
1763 2176 1900 2229 κατὰ

243 2255 485 2328 μηδενὸς
541 2260 631 2315 καὶ
688 2263 824 2317 κατὰ
877 2265 1078 2325 παντός
1114 2285 1127 2298 ·
1185 2265 1242 2317 Ὁ
1290 2261 1443 2326 λίθος
1500 2265 1617 2318 κατ’
1680 2261 1898 2325 οὐδενὸς

255 2348 419 2416 ζώου·
469 2349 532 2404 τὸ
585 2355 720 2420 ζῶον
763 2353 900 2408 κατὰ
939 2350 1134 2414 παντὸς
1183 2351 1492 2429 άνθρώπου’
1537 2353 1564 2406 6
1604 2351 1753 2415 λίθος
1784 2353 1902 2406 κατ’

253 2433 489 2500 οὐδενός.
545 2439 644 2494 Καὶ
697 2439 918 2503 οὕτως’
975 2443 1033 2496 Ὁ
1084 2439 1239 2505 λίθος
1311 2438 1489 2496 οὐδενί
1555 2442 1679 2514 ζώῳ
1737 2440 1902 2517 ὑπάρ-

251 2545 368 2602 χειο
415 2527 485 2582 τὸ
543 2532 680 2598 ζῶον
732 2529 892 2586 παντὶ
947 2530 1236 2604 άνθρώπῳ’
1297 2531 1326 2585 6
1373 2529 1527 2594 λίθος
1576 2526 1678 2606 ἄρα
1723 2527 1901 2584 οὐδενὶ

251 2614 522 2694 ἀνθρώπῳ
545 2617 802 2696 ὑπάρχει.

1285 2781 1352 2824 α.

1188 2855 1558 2951 γελαστικόν

1825 2805 2135 2945 ἄνθρωπος

2013 1465 2223 1523 versali
2255 1465 2642 1522 afﬁrmatione
2681 1465 2906 1521 minore
2951 1468 3009 1520 et
3045 1462 3358 1520 universali
3389 1463 3656 1536 negativa

2015 1556 2235 1628 majore
2275 1555 2600 1628 negativam
2647 1554 3036 1610 universalem
3067 1553 3285 1625 colligit
3331 1552 3654 1608 conclusio-

2007 1660 2141 1700 nem
2179 1663 2192 1701 :
2220 1643 2381 1719 velut
2410 1661 2479 1700 ex
2507 1660 2574 1699 eo
2607 1645 2761 1716 quod
2794 1648 2885 1700 est
2912 1643 2973 1698 in
3002 1647 3122 1699 toto
3152 1646 3210 1697 et
3241 1659 3358 1698 non
3387 1641 3448 1697 in
3477 1646 3600 1698 toto
3634 1659 3648 1696 :

2003 1733 2207 1789 Omnis
2237 1733 2412 1789 homo
2451 1733 2702 1801 animal;
2751 1731 2978 1788 nullum
3027 1731 3244 1788 animal
3297 1733 3444 1804 lapis
3478 1749 3491 1787 :
3525 1731 3652 1787 nul-

2003 1822 2099 1878 lus
2147 1823 2324 1878 homo
2373 1822 2542 1894 lapis.
2576 1823 2645 1877 Et
2675 1822 2759 1878 sic
2792 1838 2805 1877 :
2838 1821 3021 1877 Homo
3077 1822 3137 1876 in
3193 1825 3318 1876 toto
3376 1820 3650 1890 animali;

2005 1910 2224 1967 animal
2255 1927 2372 1966 non
2403 1911 2464 1965 in
2493 1914 2614 1966 toto
2661 1910 2883 1982 lapide;
2915 1910 3090 1966 homo
3141 1927 3255 1965 non
3301 1909 3360 1964 in
3410 1913 3530 1964 toto
3563 1908 3648 1964 la-

2007 1999 2142 2071 pide
2170 2015 2182 2052 :
2213 1998 2322 2054 hoc
2350 2003 2456 2067 est,
2490 1999 2664 2054 homo
2694 2016 2811 2055 non
2858 1998 3084 2054 exsistit
3127 2015 3264 2070 pars
3293 1997 3504 2070 lapidis
3537 2014 3550 2052 :
3588 2001 3653 2053 ut

2005 2086 2156 2158 lapis
2188 2087 2425 2158 quidem
2455 2091 2665 2160 totum,
2690 2088 2862 2143 homo
2895 2091 3090 2142 autem
3122 2103 3256 2158 pars
3284 2087 3446 2142 illius
3476 2091 3649 2142 esset.

2009 2175 2089 2230 Ex
2135 2192 2201 2231 eo
2259 2176 2412 2246 quod
2464 2179 2552 2231 est
2600 2177 2669 2230 de
2716 2175 2876 2231 nullo
2907 2182 2964 2230 et
2992 2176 3064 2230 de
3108 2175 3317 2231 omni:
3353 2175 3524 2246 Lapis
3579 2175 3650 2229 de

2008 2263 2170 2319 nullo
2209 2264 2468 2334 animali,
2505 2264 2722 2319 animal
2774 2265 2844 2320 de
2893 2265 3051 2319 omni
3100 2263 3367 2330 homine;
3399 2263 3550 2336 lapis
3582 2264 3652 2319 de

2008 2351 2170 2407 nullo
2200 2353 2456 2408 homine.
2482 2354 2640 2408 Idem
2673 2356 2866 2408 autem
2891 2353 3102 2409 Graecis
3134 2358 3222 2409 est
3249 2353 3384 2406 κατὰ
3416 2348 3650 2424 μηδενὸς

2008 2439 2097 2494 καὶ
2127 2442 2242 2494 κατ’
2272 2437 2510 2502 οὐδενός.
2539 2442 2608 2497 Et
2633 2442 2718 2497 sic
2749 2460 2762 2497 :
2799 2442 2973 2514 Lapis
3018 2442 3163 2498 nulli
3195 2442 3433 2500 animali
3463 2442 3646 2510 inest;

2010 2529 2228 2587 animal
2285 2531 2445 2587 omni
2496 2530 2752 2599 homini;
2784 2529 2934 2603 lapis
2988 2531 3168 2604 igitur
3225 2531 3372 2588 nulli
3426 2531 3652 2588 homini

2011 2619 2184 2674 inest.

2602 2780 2645 2848 γ

2562 2807 2725 2927 ca.

1621 3005 1669 3045 π
2237 3004 2302 3044 τ’

330 3543 388 3600 ε’.
419 3540 610 3618 Τρίτος
664 3540 871 3618 τρόπος
921 3547 1019 3598 τοῦ
1067 3545 1290 3620 πρώτου
1340 3548 1597 3623 σχήματο
1645 3548 1675 3606 6
1716 3547 1778 3604 ἐκ
1818 3569 1905 3606 κα-

2084 3552 2140 3607 5.
2171 3551 2401 3608 Tertius
2433 3551 2648 3606 modus
2677 3549 2879 3622 primaa
2920 3547 3120 3620 ﬁgure
3151 3547 3240 3602 est
3267 3544 3370 3618 qui
3399 3561 3469 3601 ex
3497 3545 3662 3601 afﬁr-

255 3637 560 3709 ταφατικῆς
619 3638 846 3706 μερικῆς
911 3639 1011 3702 τῆς
1059 3632 1349 3698 ἐλάττονος
1395 3636 1485 3690 καὶ
1532 3635 1772 3701 καθόλου
1817 3658 1909 3691 κα-

258 3727 561 3798 ταφπικῆς
619 3727 718 3791 τῆς
779 3720 1024 3794 μείζονος
1098 3723 1317 3800 μερικὸν
1371 3727 1728 3803 καταφατικὸν
1788 3748 1908 3780 συν-

261 3811 408 3886 άγων
467 3810 846 3886 συμπέρασμα·
901 3813 1016 3866 οἷον
1075 3810 1135 3867 ἐκ
1187 3817 1286 3866 τοῦ
1344 3812 1395 3867 ἐν
1455 3811 1599 3886 ὅλφο
1653 3814 1714 3868 Ti
1769 3818 1906 3883 ζῶον

261 3895 564 3976 ἅνθρωπος·
616 3903 721 3962 πᾶς
767 3897 1051 3976 ἅνθρωπος
1095 3898 1435 3977 γελαστικόν·
1465 3901 1518 3958 τί
1568 3907 1702 3972 ζῶον
1745 3903 1906 3978 γελα-

263 3987 463 4045 στικόν.
523 3989 624 4044 Καὶ
672 3986 835 4043 οὕτω·
892 3988 952 4043 Ti
1011 3994 1150 4058 ζῶον
1209 3990 1260 4044 ἐν
1317 3989 1432 4045 δΛω
1487 3996 1566 4064 τῷ
1615 3992 1906 4069 ἀνθρώπῳ⁶

261 4084 369 4140 πᾶς
429 4073 711 4154 ἅνθρωπος
770 4077 822 4132 ἐν
881 4076 1000 4151 ὅλῳ
1056 4084 1135 4151 τῷ
1187 4077 1511 4155 γελαπικῷο
1561 4081 1613 4134 τὶ
1671 4085 1808 4150 ζῶον
1856 4081 1907 4135 ἐν

265 4165 384 4239 ὅλῳ
424 4171 506 4239 τῷ
551 4165 878 4243 γελαστικῷ.
931 4169 1024 4222 Ἐκ
1078 4173 1175 4222 τοῦ
1220 4168 1356 4223 κατὰ
1403 4168 1603 4231 παντὸς
1651 4170 1739 4224 καὶ
1778 4171 1914 4224 κατά

261 4274 431 4318 τινοςσ
483 4255 555 4311 Τὸ
600 4255 914 4332 γελαστικὸν
970 4257 1105 4311 κατὰ
1152 4259 1349 4320 παντὸς
1403 4259 1709 4332 ἀνθρώπου*
1766 4260 1793 4313 6
1824 4257 1913 4313 ἅν-

262 4349 484 4423 θρωπος
530 4347 668 4401 κατά
716 4367 864 4409 τινος
915 4347 1077 4416 ζώου·
1129 4346 1193 4401 τὸ
1235 4344 1553 4422 γελαστικὸν
1595 4349 1730 4402 κατά
1764 4369 1911 4410 τινος

267 4436 451 4506 ζώου.
511 4435 608 4490 Καὶ
666 4434 828 4490 οὕτω·
882 4435 953 4489 Τὸ
1008 4434 1324 4509 γελαστικὸν
1386 4435 1541 4490 παντὶ
1597 4437 1863 4512 ἀνθρώπῳ
1896 4454 1909 4467 ·

264 4527 294 4580 6
324 4520 608 4599 ἄνθρωπός
639 4545 743 4578 τινι
778 4525 924 4596 ζώῳ’
954 4525 1018 4579 τὸ
1045 4523 1358 4600 γελαστικόν
1391 4546 1493 4579 τινι
1527 4526 1672 4597 ζώῳ.

336 4616 402 4680 ς’.
458 4613 689 4670 Δυνατὸν
748 4610 804 4668 δὲ
860 4612 950 4668 καὶ
1007 4613 1124 4669 ἀντὶ
1178 4618 1277 4668 τοῦ
1344 4613 1428 4676 τὶς
1481 4612 1914 4689 προσδιορισμοῦ

263 4697 597 4780 προσλαϐεῖν
647 4701 947 4779 ὡρισμένον
997 4723 1048 4757 τι
1095 4701 1388 4778 πρόσωπον
1436 4707 1542 4757 τῶν
1593 4697 1911 4772 καθέκαστα,

262 4793 356 4848 καὶ
410 4792 481 4847 τὰ
534 4790 672 4846 αὐτὰ
718 4791 882 4848 πάλιν
935 4797 1269 4869 συναγαγεῖν·
1321 4793 1461 4862 οἷον,
1511 4793 1566 4845 Ὁ
1617 4792 1914 4865 Σωκράτης

266 4879 577 4958 ἄνθρωπος’
634 4886 739 4944 πᾶς
800 4878 1081 4956 ἅνθρωπος
1137 4878 1474 4956 γελαστικόν·
1535 4881 1564 4934 6
1616 4881 1913 4955 Σωκράτης

266 4970 372 5047 ἄρα
427 4969 767 5047 γελαστικόν.
825 4970 927 5025 Καὶ
984 4969 1147 5026 πάλιν
1184 4991 1196 5005 ο
1255 4970 1326 5024 Τὸ
1395 4967 1710 5046 γελαστικὸν
1782 4969 1917 5023 κατὰ

265 5061 462 5124 παντὸς
496 5060 798 5136 ἀνθρώπου·
838 5060 867 5114 6
909 5058 1194 5136 ἄνθρωπος
1243 5060 1378 5114 κατὰ
1421 5062 1519 5113 τοῦ
1569 5059 1912 5135 Σωκράτους·

263 5153 329 5208 τὸ
360 5151 680 5227 γελαστικὸν
713 5148 817 5226 ἄρα
843 5150 980 5206 κατὰ
1005 5153 1104 5206 τοῦ
1134 5148 1482 5227 Σωκράτους.

1295 5303 1362 5346 α.

1198 5378 1270 5442 τὸ
1302 5365 1655 5448 σολοικίζειν

1770 5374 2206 5465 γραμματικός

2019 3641 2234 3696 mativa
2261 3638 2598 3712 particulari
2628 3638 2850 3694 minore
2881 3641 2940 3692 et
2974 3634 3288 3692 universali
3316 3634 3664 3690 afﬁrmativa

2019 3729 2240 3799 majore
2282 3727 2696 3800 particularem
2741 3725 3152 3782 affirmativam
3183 3723 3406 3796 colligit
3437 3723 3667 3780 conclu-

2019 3819 2244 3873 sionem
2281 3835 2293 3872 :
2327 3818 2484 3872 velut
2526 3817 2680 3872 338
2731 3833 2799 3871 ex
2829 3831 2894 3870 eo
2925 3816 3078 3886 quod
3115 3817 3204 3870 est
3250 3813 3312 3868 in
3358 3816 3480 3868 toto
3513 3831 3526 3869 :
3560 3812 3667 3870 Ali-

2019 3907 2176 3978 quod
2207 3905 2425 3961 animal
2456 3905 2664 3973 homo;
2711 3905 2904 3960 omnis
2933 3903 3110 3959 homo
3142 3901 3392 3970 risibile;
3427 3901 3665 3974 aliquod

2021 3994 2239 4050 animal
2296 3993 2539 4050 risibile.
2569 3994 2638 4048 Et
2685 3993 2768 4048 sic
2800 4009 2814 4048 :
2847 3992 3095 4063 Aliquod
3153 3991 3370 4047 animal
3429 3991 3488 4046 in
3546 3994 3666 4046 toto

2019 4084 2285 4151 homine;
2313 4083 2506 4138 omnis
2536 4083 2710 4137 homo
2741 4083 2800 4136 in
2850 4086 2970 4137 toto
3004 4080 3240 4148 risibili;
3273 4080 3509 4152 aliquod
3540 4080 3666 4135 ani-

2022 4170 2139 4226 mal
2171 4171 2229 4226 in
2276 4176 2398 4226 toto
2430 4169 2656 4226 risibili.
2688 4171 2770 4225 Ex
2799 4185 2864 4226 eo
2896 4171 3051 4242 quod
3103 4175 3192 4226 est
3220 4171 3292 4224 de
3321 4169 3479 4225 omni
3509 4173 3566 4224 et
3596 4170 3666 4224 de

2021 4261 2218 4332 aliquo
2253 4278 2266 4315 :
2302 4259 2544 4315 Risibile
2576 4261 2646 4314 de
2678 4261 2837 4315 omni
2868 4259 3134 4327 homine;
3167 4259 3339 4315 homo
3371 4259 3442 4314 de
3471 4258 3664 4330 aliquo

2023 4348 2295 4416 animali;
2329 4349 2549 4404 risibile
2598 4350 2668 4404 de
2718 4348 2913 4420 aliquo
2954 4348 3213 4404 animali.
3242 4349 3312 4402 Et
3361 4348 3444 4404 sic
3478 4365 3490 4403 :
3520 4347 3667 4402 Risi-

2023 4438 2138 4492 bile
2183 4437 2343 4492 omni
2373 4436 2628 4505 homini;
2679 4435 2853 4492 homo
2902 4436 3074 4492 alicui
3125 4435 3392 4504 animali;
3443 4434 3667 4490 risibile

2022 4526 2193 4582 alicui
2232 4525 2492 4582 animali.

2093 4618 2148 4670 6.
2195 4620 2535 4700 Possumus‘
2574 4619 2769 4670 autem
2827 4615 3002 4670 etiam
3057 4631 3158 4686 pro
3215 4612 3669 4686 prmdeﬁnitione

2026 4705 2154 4777 (seu
2187 4704 2376 4775 signo)
2423 4702 2637 4773 aliquis
2679 4702 2906 4757 ﬁnitam
2955 4702 3212 4774 aliquam
3262 4719 3571 4774 personam
3602 4719 3672 4757 ex

2027 4792 2432 4865 singularibus
2465 4807 2784 4860 assumere,
2808 4799 2864 4846 ct
2894 4807 3099 4847 rursus
3129 4791 3333 4846 eadem
3359 4790 3666 4863 colligere:

2025 4881 2202 4937 veluti
2237 4898 2250 4935 :
2285 4882 2552 4936 Socrates
2603 4880 2806 4948 homo;
2839 4879 3030 4935 omnis
3078 4879 3253 4937 homo
3284 4879 3538 4948 risibile;
3569 4886 3670 4936 So-

2027 4974 2216 5026 crates
2246 4969 2426 5042 igitur
2467 4968 2709 5024 risibile.
2742 4973 2810 5023 Et
2851 4986 3058 5025 rursus
3087 4986 3100 5023 :
3134 4969 3378 5025 Risibile
3409 4969 3480 5025 de
3510 4969 3668 5025 omni

2028 5059 2296 5129 homine;
2330 5058 2505 5114 homo
2543 5058 2616 5113 de
2662 5058 2926 5127 Socrate;
2958 5058 3183 5115 risibile
3229 5058 3412 5133 igitur
3456 5059 3528 5115 de
3573 5063 3670 5115 So-

2029 5150 2205 5203 crate.

2537 5300 2754 5460 Αἰξίο

1572 5514 1702 5585 οὐδ.
2289 5547 2380 5586 τη

1967 5757 2015 5795 π

1947 5875 2014 5942 οὔ
