4108 6462
410 14 693 27 ﬁrm

650 34 871 42 -ο-ι-ηρ-έ---ιο
892 36 937 39 -ι

475 401 589 465 951

1740 407 2168 473 NICEPHORI
2209 408 2644 472 BLEMMIDE

3740 413 3843 479 952

543 536 599 591 7.
636 535 888 601 Quartus
919 539 1128 596 modus
1154 539 1355 612 prima;
1381 542 1580 615 figurae
1610 548 1699 600 est
1722 544 1822 615 qui
1856 543 2122 616 negativa

2307 543 2366 610 ις.
2417 545 2678 618 Τέταρτος
2719 542 2923 616 τρόπος
2966 546 3064 598 τοῦ
3110 540 3331 619 πρώτου
3380 543 3679 618 σχήματος,
3723 543 3775 607 ὅς
3801 544 3844 616 ἐξ

477 625 791 682 universali
824 629 1029 699 majori
1062 635 1117 685 et
1155 631 1506 687 afﬁrmativa
1534 632 1870 704 particulari
1900 633 2122 687 minore

479 711 777 769 concludit
823 716 1234 787 particularem
1291 721 1622 791 negativam

2235 629 2572 707 ἀποφατικῆς
2649 630 2884 687 καθόλου
2954 639 3054 701 τῆς
3138 631 3383 704 μείζονος
3446 631 3533 686 καὶ
3588 652 3843 710 καταφατι-

1673 737 1687 776 :
1738 720 1895 776 velut
1940 738 2008 775 ex
2056 737 2123 775 eo
2231 725 2332 786 κῆς
2394 728 2621 794 μερικῆς
2704 728 2805 789 τῆς
2882 718 3169 781 ἐλάττονος
3241 719 3587 795 συμπεραίνει
3659 722 3844 793 μερικὸν

483 801 638 871 quod
670 806 760 857 est
789 803 859 858 de
889 803 1050 860 nullo
1079 810 1137 862 et
1160 807 1231 862 de
1253 806 1469 879 aliquo.
1494 808 1833 865 Solmcisare
1863 810 1933 864 de
1964 808 2123 863 nullo

2254 808 2585 885 ίποφατικόν·
2649 811 2788 878 οἷον,
2849 814 2945 864 Ἐκ
2997 813 3096 864 τοῦ
3142 809 3278 864 κατᾶ
3338 806 3570 880 μηδενὸς
3612 807 3696 861 καὶ
3736 809 3848 864 κατά

481 891 868 961 grammatico
901 909 913 947 :
947 896 1396 965 grammaticum
1430 898 1501 954 de
1540 899 1793 970 quodam
1823 898 2122 970 Ethiope;

2232 916 2379 958 τινος
2411 940 2423 952 .
2488 898 2557 950 Τὸ
2614 894 2941 966 σολοικίζειν
2999 898 3116 952 κατ’
3176 893 3391 958 οὐδενὸς
3448 901 3846 972 γραμματικοῦ.

482 976 812 1036 soloacisare
835 998 950 1038 non
975 983 1045 1039 de
1066 986 1526 1059 omni/Ethiope.
1548 987 1614 1043 Et
1643 988 1759 1043 sic:
1786 987 2127 1043 Solazcisare

2254 976 2295 1029 εὸ
2344 977 2721 1050 γραμματικὸν
2769 974 2904 1031 κατά
2947 999 3094 1039 τινος
3151 975 3412 1039 Αἰθίοπος
3448 994 3460 1006 ’
3518 977 3581 1031 τὸ
3636 973 3846 1032 σολοικί-

481 1066 628 1122 nulli
659 1071 1071 1142 grammatico;
1104 1075 1554 1147 grammaticum
1585 1077 1820 1133 cuidam
1840 1076 2123 1147 Ethiopi;

480 1155 812 1215 solcscisare
863 1161 1097 1217 cuidam
1142 1164 1396 1237 )Etbiopi
1448 1182 1564 1221 non
1610 1166 1785 1233 inest,
1821 1166 1970 1222 889
2019 1164 2128 1220 hoc

481 1252 587 1313 est,
618 1263 735 1302 non
786 1249 947 1304 omni
997 1250 1248 1324 Ethiopi
1281 1253 1455 1309 inest.
1487 1254 1569 1309 Ex
1614 1271 1681 1310 eo
1730 1255 1884 1326 quod
1935 1258 2024 1309 est
2068 1253 2127 1308 in

479 1337 625 1404 toto,
655 1339 714 1392 et
742 1354 857 1393 non
890 1338 951 1394 in
982 1343 1121 1396 toto.
1156 1342 1404 1407 Quidam
1426 1343 1692 1415 Ethiops
1720 1347 1811 1399 est
1838 1358 2130 1415 gramma-

483 1424 665 1488 ticus;
699 1425 897 1483 nullus
926 1431 1346 1500 grammaticus
1391 1437 1481 1488 est
1507 1431 1824 1497 solmcista;
1858 1449 1972 1487 non
2003 1448 2127 1488 om-

488 1513 580 1569 nis
631 1515 895 1589 Ethiops
935 1517 1245 1577 solmcista.
1282 1522 1350 1576 Et
1396 1521 1480 1577 sic
1522 1539 1534 1575 :
1575 1521 1824 1586 Quidam
1868 1520 2132 1592 Ethiops

488 1603 550 1657 in
580 1605 701 1660 toto
735 1608 1150 1677 grammatico;
1203 1609 1402 1665 nullus
1438 1610 1858 1682 grammaticus
1907 1611 1967 1665 in
2012 1614 2133 1665 toto

489 1690 786 1749 solmcista
804 1695 1016 1768 (neque
1037 1698 1193 1753 enim
1216 1699 1639 1772 grammaticus
1664 1698 1969 1755 solmcistaa
1998 1714 2133 1771 pars

489 1784 599 1851 est,
632 1782 733 1837 sed
766 1784 961 1855 potius
1001 1786 1075 1841 ab
1105 1785 1207 1841 illo
1238 1787 1722 1861 remotissimus);
1754 1787 1993 1860 quidam
2025 1786 2134 1861 igi-

2239 1068 2343 1131 ζειν
2398 1066 2515 1119 κατ’
2574 1064 2637 1119 οὐ
2696 1065 2895 1127 παντὸς
2950 1064 3231 1127 Αἰθίοπος.
3287 1065 3387 1119 Καὶ
3438 1064 3629 1126 οὕτως·
3666 1064 3731 1119 Τὸ
3772 1087 3850 1122 σο-

2238 1151 2498 1221 λοικίζειν
2545 1151 2723 1208 οὐδενί
2775 1158 3172 1230 γραμματικῷ’
3231 1153 3294 1208 τὸ
3350 1153 3719 1229 γραμματικόν
3764 1175 3851 1209 τινι

2236 1240 2483 1297 Αἰθίοπι·
2540 1243 2604 1296 τὸ
2652 1240 2978 1311 σολοικίζειν
3027 1242 3134 1297 τινὶ
3182 1241 3406 1298 Αἲθίοπι
3462 1241 3569 1317 οὐχ
3616 1241 3852 1318 ὑπάρχει,

2238 1331 2510 1384 τουτέστιν
2544 1376 2557 1401 ,
2619 1330 2680 1386 οὐ
2758 1331 2918 1387 πακτὶ
2996 1331 3214 1388 Αἰθίοπι
3293 1328 3527 1406 ὑπάρχει
3571 1375 3584 1387 .
3644 1331 3731 1386 Ἐκ
3775 1335 3853 1386 τοῦ

2243 1417 2293 1473 ἐν
2328 1417 2466 1492 ὅλῳ,
2520 1419 2608 1475 καὶ
2670 1418 2767 1475 οὐκ
2814 1419 2865 1474 ἐν
2924 1418 3062 1492 ὅλῳ
3111 1419 3202 1481 Τίς
3254 1418 3453 1492 Αἰθίοψ
3483 1438 3851 1494 γραμματικος·

2243 1505 2421 1570 οὐδεὶς
2495 1510 2878 1583 γραμματικὸς
2952 1508 3347 1579 σολοικιστήςθ
3408 1507 3470 1562 οὐ
3538 1513 3640 1569 πᾶς
3690 1508 3856 1581 Αἰθίοψ

2244 1596 2636 1669 σολοικιστής.
2695 1600 2792 1653 Καὶ
2865 1598 3007 1654 οὕτω
3042 1604 3061 1629 ⁸
3113 1585 3203 1660 Ti;
3276 1596 3470 1671 Αἰθίοψ
3527 1595 3579 1651 ἒν
3639 1596 3748 1669 δ’λῳ
3795 1602 3856 1668 τῷ

2245 1693 2632 1762 γραμματικῷ·
2686 1686 2865 1750 οὐδεὶς
2912 1688 3293 1763 γραμματικὸς
3343 1687 3395 1742 ἐν
3451 1684 3570 1760 ὅλῳ
3596 1691 3673 1758 τῷ
3709 1684 3857 1740 σολοι-

2244 1780 2424 1843 κιστῇ·
2458 1774 2583 1832 οὐδὲ
2629 1779 2733 1853 γὰρ
2778 1776 2887 1832 ἐστι
2935 1776 3099 1851 μέρος
3143 1781 3241 1831 τοῦ
3285 1775 3632 1832 σολοικιποῦ
3660 1777 3687 1830 ὁ
3715 1796 3858 1851 γραμ-

490 1872 590 1924 tur
616 1871 882 1981 {Etb'iops
921 1890 1036 1930 non
1087 1875 1146 1930 in
1192 1879 1314 1932 toto
1363 1875 1672 1945 solaecista,
1720 1877 1830 1933 hoc
1878 1881 1989 1948 est,
2022 1893 2137 1932 non

2254 1865 2475 1938 ματικός
2508 1885 2521 1899 ’
2583 1864 3110 1943 ἀπηλλοτριωμένος
3167 1862 3225 1921 δὲ
3287 1862 3500 1939 μᾶλλον
3557 1864 3741 1920 αὐτοῦ.
3785 1863 3857 1925 Ti;

2254 1951 2348 1981 ξι-..
2410 1954 2595 1981 ληκηι
2656 1955 2747 1981 -.2η
2809 1954 2858 1981 1η
2922 1953 3032 1981 ινδ-.
3087 1958 3160 1981 _.~.
3220 1953 3532 1981 _-\_.--.__:
3600 1954 3839 1981 _--__1.....

489 1958 685 2015 omnis
709 1960 976 2034 Ethiops
1006 1962 1064 2018 in
1095 1967 1217 2020 toto
1248 1964 1559 2021 soloecista.

2248 1953 2350 2031 ἄρα
2396 1954 2596 2029 Αἰθίοψ
2653 1955 2751 2010 οὐκ
2807 1954 2859 2009 ἐν
2918 1953 3037 2028 ὅλῳ
3084 1958 3164 2027 τῷ
3216 1953 3558 2029 σολοικιστῇ,
3598 1954 3858 2020 τουτέστιν,

558 2048 611 2102 8.
646 2049 719 2104 Hi
752 2050 991 2123 quidem
1022 2051 1204 2126 igitur
1231 2057 1484 2126 quatuor
1510 2054 1669 2111 modi
1705 2054 1907 2127 prima;
1938 2056 2138 2127 figurae

2254 2043 2311 2099 οὗ
2342 2049 2447 2107 πᾶς
2473 2044 2671 2119 Αἰθίοψ
2704 2044 2756 2100 ἐν
2788 2042 2907 2117 ὅλῳ
2935 2049 3016 2116 τῷ
3045 2044 3383 2117 σολοικιστῇ.

487 2150 558 2191 ex
577 2137 732 2194 veris
754 2140 1256 2213 propositionibus
1275 2159 1478 2199 verum
1501 2160 1734 2217 semper
1752 2144 2137 2213 concludunt;

488 2227 646 2282 unde
676 2228 853 2283 etiam
886 2229 1228 2303 syllogistici
1259 2232 1657 2289 nominantur.
1690 2233 1797 2297 Qui
1828 2249 1962 2290 vero
1991 2250 2141 2305 pra).-

488 2318 578 2371 ter
623 2314 757 2373 illos
815 2324 974 2387 sunt,
1005 2337 1207 2377 omnes
1260 2321 1583 2394 asyllogisti
1631 2327 1792 2391 sunt,
1837 2328 2143 2395 propterea

494 2405 651 2476 quod
683 2410 741 2461 et
767 2422 905 2464 vera
945 2413 1003 2464 et
1049 2408 1196 2465 falsa
1242 2410 1596 2467 concludant
1644 2411 2143 2484 prapositionibus

497 2494 650 2549 veris
700 2495 1137 2553 exsistentibus.
1174 2498 1246 2554 Ut
1292 2499 1449 2554 enim
1500 2503 1679 2571 patet,
1713 2517 1781 2556 ex
1829 2499 2143 2556 universali

499 2582 849 2640 afﬁrmativa
875 2587 1096 2657 majore
1117 2591 1174 2642 et
1197 2587 1511 2643 universali
1534 2589 1801 2660 negativa
1821 2589 2064 2656 minore,
2088 2594 2146 2644 ct

497 2689 702 2728 verum
735 2678 792 2729 et
820 2674 1035 2730 falsum
1068 2676 1125 2730 in
1163 2676 1353 2747 prima
1382 2677 1572 2749 ﬁgura
1599 2676 1911 2749 colligitur,
1942 2694 2144 2733 verum

2318 2135 2389 2203 η’.
2422 2133 2584 2188 Οὗτοι
2617 2134 2712 2207 μὲν
2746 2131 2837 2188 οὖν
2883 2134 2935 2188 οἱ
2971 2133 3223 2208 τέσσαρες
3279 2132 3478 2209 τρόποι
3527 2136 3626 2187 τοῦ
3674 2131 3861 2208 πρώτου

2251 2225 2538 2298 σχήματος
2589 2222 2641 2293 ἐξ
2680 2221 2903 2293 ἀληθῶν
2948 2222 3257 2299 προτάσεων
3309 2219 3510 2293 ἀληθὲς
3562 2221 3641 2276 ἀεὶ
3685 2241 3859 2293 συμπε-

2251 2310 2541 2385 ραίνουσιν⁸
2592 2311 2709 2367 ὅθεν
2749 2310 2839 2367 καί
2889 2310 3297 2386 συλλογιστικοὶ
3344 2309 3719 2384 ὀνομάζονται’
3748 2309 3795 2364 οἱ
3817 2306 3862 2363 δὲ

2250 2402 2375 2476 παρ’
2422 2400 2620 2464 αὐτοὺς
2672 2401 2899 2463 ἅπαντες
2947 2398 3330 2476 ἀσυλλόγιστοί
3378 2399 3502 2471 εἰσι,
3545 2396 3635 2454 διὰ
3675 2400 3732 2454 τὸ
3771 2419 3863 2452 συν-

2253 2492 2396 2567 άγειν
2453 2492 2543 2545 καὶ
2603 2488 2778 2560 ἀληθῆ
2821 2490 2909 2545 καὶ
2966 2486 3158 2564 ψευδῆ,
3216 2493 3322 2544 τῶν
3373 2488 3682 2565 προτάσεων
3724 2486 3865 2542 οὐσῶν

2255 2580 2475 2651 ἀληθῶν
2507 2622 2520 2635 .
2576 2578 2716 2637 Ἰδοὺ
2789 2580 2889 2655 γὰρ
2944 2578 3011 2634 ἐκ
3082 2578 3321 2634 καθόλου
3377 2583 3740 2656 καταφατικῆς
3787 2582 3867 2643 τῆς

2258 2669 2525 2741 μείζονος,
2583 2670 2673 2723 καὶ
2720 2666 2961 2723 καθόλου
3019 2668 3360 2746 ἀποφατικῆς
3416 2673 3517 2736 τῆς
3577 2665 3868 2735 ἐλάττονος,

2252 2759 2341 2813 καὶ
2374 2756 2575 2829 ἀληθὲς
2604 2758 2693 2813 καὶ
2725 2756 2913 2828 ψευδὲς
2961 2757 3013 2812 ἐν
3058 2757 3263 2832 πρώτῳ
3313 2755 3597 2831 συνάγεται
3638 2757 3851 2831 σχήματι

2256 2847 2456 2918 ἀληθὲς
2512 2846 2625 2920 μὲν·
2659 2844 2847 2908 Οὐδεὶς
2896 2844 3049 2908 λίθος
3102 2843 3408 2922 ἄνθρωπος’
3462 2850 3569 2907 πᾶς
3618 2846 3869 2918 ἄνθρωπος

2259 2942 2419 3007 ζῶον·
2481 2934 2657 2997 οὐδεὶς
2716 2934 2869 2999 λίθος
2919 2941 3076 3004 ζῶον·
3132 2932 3324 3009 ψευδὲς
3380 2931 3465 3005 δὲ,
3516 2931 3701 2995 Οὐδεὶς
3745 2931 3869 2995 λίθος

497 2762 735 2834 quidem
771 2780 784 2817 :
817 2763 1025 2820 Nullus
1056 2763 1205 2837 lapis
1250 2770 1340 2820 est
1389 2766 1595 2833 homo;
1630 2767 1823 2821 omnis
1854 2766 2028 2822 homo
2058 2770 2147 2821 est

494 2850 751 2919 animal;
785 2852 983 2908 nullus
1014 2854 1161 2925 lapis
1205 2860 1293 2910 est
1337 2854 1556 2910 animal
1589 2873 1601 2910 :
1640 2854 1853 2911 falsum
1898 2860 2093 2910 autem
2127 2872 2139 2909 :

493 2940 699 2997 Nullus
729 2941 881 3013 lapis
909 2947 997 2998 est
1018 2943 1223 3009 homo;
1252 2944 1443 2999 omnis
1475 2943 1647 2999 homo
1671 2949 1759 2999 est
1783 2945 2143 3012 substantia;

492 3028 695 3086 nullus
724 3029 874 3102 lapis
915 3036 1005 3086 est
1052 3031 1402 3088 substantia.
1436 3031 1598 3088 Talia
1646 3033 1920 3088 eveniunt
1968 3033 2138 3089 etiam

2257 3024 2565 3102 ἅνθρωπος·
2603 3032 2707 3088 πᾶς
2762 3022 3043 3101 ἅνθρωπος
3092 3023 3266 3079 οὐσίαν
3315 3020 3490 3085 οὐδεὶς
3540 3022 3689 3084 λίθος
3726 3018 3868 3075 οὐσία.

489 3117 622 3175 aliis
681 3120 875 3175 modis
933 3120 1110 3191 hujus
1166 3122 1368 3193 ﬁgurae
1409 3122 1776 3193 quianobis
1835 3140 1949 3179 non
2009 3127 2138 3177 sunt

2254 3121 2484 3170 Τοιαῦτα
2559 3109 2842 3188 συμϐαίνει
2899 3113 2988 3168 καὶ
3053 3118 3171 3175 τοῖς
3249 3112 3445 3174 ἄλλοις
3519 3111 3739 3188 τρόποις
3798 3111 3875 3162 τοῦ

486 3206 708 3264 traditi.
749 3212 831 3264 Ac
878 3207 1033 3265 idem
1093 3208 1269 3265 etiam
1320 3210 1376 3265 in
1428 3209 1561 3266 aliis
1621 3210 1831 3283 figuris
1888 3211 2138 3268 invenire

2255 3204 2507 3260 τοιούτου
2557 3206 2845 3280 σχήματος
2892 3207 3012 3264 τοῖς
3067 3203 3142 3275 μὴ
3206 3197 3668 3278 παραδεδομένας
3722 3199 3872 3270 ἡμῖν*

486 3296 679 3353 datur.
2159 3283 2203 3352 C
2239 3296 2303 3352 τὸ
2332 3295 2462 3350 αὐτὸ
2508 3294 2600 3349 καὶ
2645 3292 2733 3348 ἐπὶ
2780 3295 2895 3346 τῶν
2943 3289 3128 3347 ἄλλων
3179 3291 3484 3365 σχημάτων
3532 3285 3672 3345 ἔστιν
3718 3286 3867 3363 εὑρεῖν

1646 3531 1847 3588 Tabula
1874 3533 2070 3604 capitis
2098 3531 2188 3601 33,
2222 3529 2295 3588 de
2317 3530 2510 3603 prima
2536 3528 2734 3601 ﬁgura.

1516 3754 1550 3793 a
1580 3744 1634 3793 et
1661 3754 1695 3792 ι
1934 3764 1957 3800 χ
2307 3744 2329 3800 (
2497 3751 2531 3789 a
2697 3735 2717 3800 λ
3058 3749 3086 3800 ί
3150 3728 3413 3800 Barbara,

1516 3754 1550 3793 a
1580 3744 1634 3793 et
1661 3754 1695 3792 ι

523 3842 680 3899 841)
708 3842 897 3900 Prima
919 3843 1100 3915 ﬁgura
1127 3859 1195 3899 ex
1239 3759 1272 4020 ἱ
1516 3825 1554 3935 ξ
1579 3815 1638 3936 ἓξ
1663 3826 1698 3935 ξ
1934 3764 1961 4006 ξ
2031 3840 2138 3899 coll

1522 3966 1555 4008 e
1583 3959 1639 4008 et
1670 3951 1690 4007 i

2497 3751 2531 3789 a
3151 3735 3413 3800 Barbara,

2302 3744 2336 3997 ἓ
2498 3820 2530 3889 εξ
2694 3735 2720 3997 ξ
2807 3839 2961 3894 unde
3058 3749 3440 4005 {manu

2495 3893 2530 4004 ό
3159 3914 3345 4002 Εοιιὶο’.

1522 3966 1555 4008 e
1583 3959 1639 4008 et
1670 3951 1690 4007 i
1937 3944 1959 4006 Ι
2307 3944 2336 3997 \
2495 3964 2530 4004 ο
2704 3944 2720 3997 1
3063 3944 3094 4005 ἱ
3159 3944 3345 4002 Ferio.

1672 4262 2057 4325 SYNOPSIS
2101 4261 2405 4325 CAPITIS
2447 4259 2719 4322 XXXIV.

1513 4385 1672 4439 QUOD
1702 4387 1813 4431 EST
1841 4386 1918 4430 ΒΕ
1950 4385 2229 4431 SECUNDA
2260 4385 2338 4430 ΒΤ
2364 4384 2592 4430 TERTIA
2619 4381 2867 4429 FIGURA.

490 4536 551 4596 1.
586 4530 928 4596 Secundam
956 4531 1220 4612 ﬁguram
1250 4531 1548 4592 describit.
1582 4564 1659 4612 έ-
1686 4533 1747 4590 2.
1781 4529 1992 4592 Modos
2020 4529 2145 4612 eius
2173 4536 2424 4612 recenset
2461 4536 2517 4588 et
2562 4525 2770 4612 ordine
2798 4524 3082 4612 explicat.
3113 4559 3191 4569 —
3219 4527 3282 4586 3.
3319 4523 3556 4612 Cesare.
3588 4556 3666 4612 _-
3691 4524 3747 4612 ιλ
3774 4515 3872 4579 Ca-

567 4624 831 4700 mestres.
862 4600 1031 4700 -Βξ
1055 4611 1325 4700 festino.
1361 4647 1437 4655 —
1466 4614 1524 4672 6.
1564 4611 1821 4677 Baroco.
1840 4645 1932 4700 ’τ
1960 4600 2372 4700 7.__'Ra_tionem
2425 4607 2624 4668 reddit
2646 4626 2836 4700 quare
2852 4600 2952 4700 .722:
2986 4602 3453 4700 quatuornmg'di
3480 4600 3874 4700 ‘Iiujusn

566 4696 684 4755 sint
709 4693 1081 4775 syllogzstici,
1118 4703 1176 4753 et
1197 4702 1421 4773 praeter
1450 4711 1544 4752 eos
1572 4711 1765 4752 omnes
1789 4690 1905 4752 alii
1927 4689 2246 4771 syllogisti,
2282 4699 2335 4750 et
2366 4708 2483 4748 uno
2529 4681 2795 4826 ραςθῆιόιο
2824 4681 3112 4748 declarat.
3145 4720 3224 4730 —
3250 4685 3310 4745 8.
3350 4684 3404 4746 Τ
3399 4681 3617 4746 ertiarn
3642 4681 3871 4777 ﬁguram

566 4774 864 4826 describit-
899 4809 975 4819 —
1004 4775 1065 4826 9-
1105 4772 1312 4826 Mallos
1335 4775 1466 4826 eius
1495 4781 1747 4826 recenset
1775 4782 1829 4826 et
1859 4772 2070 4826 ordine
2097 4768 2379 4826 exnlicat.
2413 4804 2491 4814 —
2521 4770 2620 4826 10.
2714 4768 2943 4826 aranti.
2973 4799 3052 4812 —
3082 4769 3180 4826 11.
3212 4763 3524 4826 Felanton.
3549 4769 3739 4824 -12.
3766 4756 3870 4820 θα·

565 4768 975 4836 αἐεσνῗύίτί-
1004 4775 1065 4833 9.
1102 4768 1312 4834 Mallos
1335 4775 1466 4853 ejus
1494 4781 1747 4832 recenset
1775 4782 1829 4832 et
1859 4768 2070 4831 ordine
2094 4768 2138 4829 'e:

569 4857 705 4938 risi.
737 4891 814 4899 —
977 4853 1246 4938 Ferison.
1280 4888 1357 4897 —
1388 4856 1487 4914 14.
1518 4852 1797 4938 Disanu's.
1833 4885 1910 4894 —
1940 4849 2138 4938 15..Β‹

2254 4770 2379 4829 icat.
2413 4804 2491 4814 —
2521 4770 2620 4829 10.
2653 4768 2943 4847 Darapti.
2973 4799 3052 4812 —
3082 4769 3180 4827 11.
3212 4768 3524 4846 Felapton.
3549 4769 3739 4824 -12.
3766 4768 3870 4846 lla;

2254 4848 2371 4938 rdo.
2405 4884 2482 4938 —_—
2515 4849 2612 4909 16.
2649 4847 2992 4938 Occupatio.
3025 4850 3228 4938 -γ--ΠΛ,
3263 4843 3577 4938 ροηειιιάιί

565 4936 945 5017 sgllogisticis
974 4934 1153 5014 hujus
1176 4934 1500 5015 ﬁgurm.—
1533 4936 1629 4994 £8.
1666 4931 1986 5012 Occupatio
2017 4929 2087 4990 de
2113 4930 2471 5009 syllogismis
2498 4918 2899 4992 constantibus
2927 4946 3002 4988 ex
3033 4925 3359 5005 inde/initis
3382 4918 3864 5007 propositionibus.

1041 5247 1274 5305 CAPUT
1328 5248 1571 5306 XXXIV.

886 5338 963 5393 De
985 5338 1222 5395 secunda
1249 5347 1305 5395 et
1336 5342 1496 5395 tertia
1526 5339 1726 5410 ﬁgura.

556 5475 607 5529 1.
641 5472 885 5538 Quando
914 5472 1247 5528 communis
1284 5476 1339 5527 et
1369 5474 1598 5529 medius
1636 5472 1924 5529 terminus
1954 5473 2130 5529 etiam
2216 5542 2221 5547 ε

484 5564 554 5620 de
587 5566 834 5633 utroque
880 5564 1271 5617 extremorum
1315 5561 1679 5633 praedicatur,
1710 5566 1850 5618 tunc
1881 5563 2133 5619 efﬁcitur

483 5655 745 5712 secunda
778 5652 984 5724 ﬁgura.

554 5748 608 5798 2.
646 5743 798 5797 Μυάί
848 5745 1045 5796 autem
1091 5739 1433 5812 syllogistici
1481 5740 1655 5795 etiam
1706 5740 1885 5810 hujus
1932 5742 2130 5813 ﬁgures

484 5838 626 5891 sunt
653 5833 802 5889 841
841 5836 1115 5903 quatuor.

556 5926 609 5980 3.
639 5923 874 5979 Primus
902 5922 1084 5997 igitur
1129 5935 1199 5977 ex
1248 5917 1561 5977 universali
1607 5918 1976 5981 attributiva;
2024 5919 2134 5977 hoc

2164 5254 2211 5318 D

2862 5251 3046 5301 ΚΕΦΑ
3057 5253 3119 5303 Λ.
3162 5247 3281 5301 ΛΔ’·

2457 5334 2587 5413 Περὶ
2620 5339 2716 5392 τοῦ
2746 5332 2999 5408 δευτέρου
3029 5337 3321 5411 σχήματος
3348 5331 3439 5390 καί
3466 5333 3672 5410 τρίτου.

2311 5473 2374 5526 α’.
2436 5475 2598 5541 ’Ότᾳν
2660 5471 2689 5525 ὁ
2745 5469 2928 5532 κοινὸς
2985 5467 3075 5524 καὶ
3138 5468 3298 5543 μέσος
3354 5466 3481 5545 ὅρος
3530 5467 3845 5542 κατηγορῆτα

2240 5560 2329 5615 καὶ
2361 5558 2684 5639 ἀμφοτέρων
2730 5562 2839 5613 τῶν
2882 5557 3085 5633 ἄκρων,
3122 5558 3247 5613 τότε
3291 5559 3353 5613 τὸ
3407 5554 3645 5630 δεύτερον
3690 5551 3764 5629 γίν
3786 5563 3860 5604 ετα

2241 5670 2350 5725 σχη
2363 5670 2455 5722 μα-

2318 5739 2384 5813 β’.
2414 5736 2616 5811 Τρόποι
2673 5733 2729 5789 δὲ
2780 5733 3192 5810 συλλογιστικοὶ
3240 5736 3327 5790 καὶ
3357 5732 3515 5791 τοῦδε
3540 5738 3633 5789 τοῦ
3660 5730 3870 5804 σχῆμα-ι

2238 5848 2330 5889 τος
2357 5822 2629 5903 τέσσαρες.

2312 5919 2381 5993 γ’,
2442 5902 2670 5993 Πρῶτος
2733 5938 2828 5990 μεν
2883 5911 3020 5991 (οὖν)
3087 5912 3146 5969 ἐκ
3221 5909 3461 5980 καθόλου
3528 5902 3863 5985 κπηγορικῆς
