4108 6462
336 356 454 418 953
1691 354 2042 419 EPITOME
2082 354 2393 419 LOGICA.
3615 354 3735 418 954

341 481 512 560 ἤγουν
597 494 961 565 καταφατικῆς
1030 493 1133 557 τῆς
1212 485 1515 559 ἐλάττονος,
1590 489 1679 543 καὶ
1743 485 1963 543 καθόλοι

2113 495 2179 547 ist
2223 490 2595 562 affirmativa,
2641 491 2894 560 minore;
2943 494 3002 546 et
3058 489 3369 548 universali
3457 491 3735 564 privativa

344 577 686 650 περητικῆς,
733 577 925 632 ταυτὸν
977 573 1045 630 δι’
1076 576 1266 648 εἰπεῖν,
1316 576 1655 654 ἀποφατικῆς
1703 583 1805 646 τῆς
1867 576 1966 648 μεί-

2119 580 2271 634 idem
2305 585 2392 636 est
2421 585 2616 636 autem
2649 581 2838 636 dicere
2883 580 3167 653 negativa)
3195 580 3582 637 universalem
3615 582 3733 652 pri-

347 669 498 732 ζονος
519 684 532 696 ·
568 667 780 742 συνάγει
809 663 911 739 (δὲ)
940 665 1300 741 συμπέρασμα
1345 663 1580 720 καθόλου
1636 665 1969 742 στερῃτικόψ

2111 667 2344 724 rativam
2406 668 2627 741 colligit
2678 669 3113 725 conclusionem
3147 687 3159 725 :
3192 669 3369 741 velut,
3415 670 3598 726 Homo
3647 674 3733 726 est

343 754 479 824 οἷον,
511 756 568 808 Ὁ
597 752 877 831 ἄνθρωπος
932 760 1098 824 ζῶονο
1156 756 1185 809 ὁ
1236 752 1405 826 λίθος,
1440 753 1502 808 οὐ
1549 758 1682 824 ζῶον
1715 774 1728 786 ⁶
1780 751 1965 830 ἅνθρω·

2109 757 2314 813 animal
2365 776 2378 813 :
2428 758 2575 830 lapis
2607 775 2720 814 non
2774 762 2864 814 est
2909 757 3156 827 animal;
3190 760 3369 832 (ergo)
3398 759 3572 816 homo
3616 776 3731 816 non

340 865 441 907 πος
469 843 570 921 ἄρα
600 844 661 899 οὐ
696 844 866 907 λίθος.

759 846 866 907 θος.
2095 850 2184 902 est
2211 846 2381 919 lapis.

1295 1381 1362 1538 β
1566 1446 1696 1519 οὐδ.
2317 1479 2364 1517 π

1905 1605 2063 1753 tam
2075 1728 2089 1741 .

1531 1932 1660 2004 οὐδ.
1890 1818 2104 2279 .
2338 1955 2388 1996 π
2994 1913 3000 1921 Ι

1531 2208 1672 2283 κίθος
1747 1801 2284 2288 Δ
2345 2198 2653 2284 ἄνθρωπος

1407 2237 1462 2275 ν.
1508 2208 1672 2283 λίθος
1744 2213 1773 2286 ί
1973 2291 2038 2362 ’δ
2246 2205 2284 2278 λ
2345 2198 2653 2284 ἄνθρωπος

1933 2320 1999 2362 ου
2048 2350 2063 2362 .

1933 2320 2038 2362 ουο
2048 2350 2063 2364 .

413 2499 510 2555 Καὶ
543 2498 708 2556 πάλιν
732 2519 745 2533 ⁶
797 2503 866 2557 Τὸ
915 2500 1050 2572 ζῶον
1078 2505 1194 2558 κατ’
1226 2501 1444 2560 οὐδενὸς
1493 2503 1681 2560 λίθου·
1731 2505 1794 2560 τὸ
1849 2508 2035 2574 ζῶον]

2163 2507 2234 2562 Et
2262 2507 2476 2562 iterum
2509 2523 2522 2560 :
2554 2503 2789 2560 Animal
2835 2504 2904 2560 de
2950 2502 3111 2559 nullo
3157 2502 3381 2575 lapide;
3415 2499 3630 2558 animal
3662 2501 3733 2558 de

341 2589 478 2643 κατά
532 2591 731 2652 παντὸς
791 2591 1109 2667 ἀνθρώπου·
1169 2594 1198 2647 ὁ
1257 2591 1411 2657 λίθος
1470 2592 1572 2666 ἄρα
1623 2595 1739 2648 κατ’
1779 2591 1961 2648 οὐδενὸ

1900 2591 1994 2656 ,νὸς
2101 2595 2262 2651 omni
2291 2595 2559 2663 homine;
2590 2593 2740 2665 lapis
2769 2593 2949 2665 igitur
2976 2594 3046 2649 de
3073 2591 3235 2648 nullo
3265 2592 3522 2648 homine.

347 2677 655 2750 ἀνθρώπου.

417 2765 478 2821 δ’.
533 2768 789 2845 Δεύτερος
839 2769 1040 2845 τρόπος
1097 2769 1256 2827 τοῦδε
1301 2776 1398 2826 τοῦ
1448 2774 1735 2847 σχήματος
1791 2771 1850 2826 ἐκ
1893 2790 1988 2825 κα-

2171 2775 2222 2829 4.
2256 2775 2561 2830 Secundus
2589 2773 2800 2828 modus
2839 2771 3017 2842 hujus
3067 2771 3264 2844 figure
3309 2787 3377 2826 ex
3424 2771 3738 2828 universali

343 2857 510 2921 θόλου
567 2868 886 2934 περητικῆς
949 2868 1047 2929 τῆς
1116 2860 1423 2931 ἐλάττονος,
1479 2861 1567 2916 καὶ
1625 2867 1955 2936 κατηγορικῆ

2120 2864 2385 2918 )rivativa
2434 2863 2676 2929 minore,
2709 2866 2766 2917 et
2795 2861 3132 2918 attributiva
3179 2861 3492 2916 universali
3523 2863 3742 2932 majore

345 2944 586 3002 καθόλου
637 2957 739 3018 τῆς
776 2955 1052 3022 μειζονος·
1086 2951 1296 3026 συνάγει
1355 2947 1412 3005 δὲ
1467 2951 1556 3005 καὶ
1618 2949 1775 3011 αὐτὸς
1831 2949 1967 3005 καθό

2122 2952 2401 3023 constat);
2433 2951 2654 3023 colligit
2682 2954 2875 3006 autem
2925 2954 2984 3005 et
3031 2950 3156 3022 ipse
3203 2948 3587 3006 universalem
3623 2951 3740 3021 pri-

340 3033 441 3091 λου
473 3037 786 3114 στερητικόν
814 3057 826 3069 ·
861 3040 998 3109 οἷον,
1032 3037 1220 3102 Οὐδεὶς
1253 3038 1404 3102 λίθος
1440 3043 1575 3109 ζῶον
1601 3058 1613 3070 ·
1647 3046 1749 3102 πᾶς
1781 3035 1956 3115 ἄνθρω

2119 3041 2351 3097 rativam
2399 3040 2878 3112 (conclusionem)
2913 3056 2926 3095 :
2961 3038 3136 3107 velut,
3167 3038 3374 3094 Nullus
3422 3038 3572 3110 lapis
3619 3038 3741 3094 ani-

339 3146 444 3187 πος
477 3131 642 3196 ζῶον·
675 3125 851 3191 οὐδεὶς
885 3125 1033 3184 λίθον
1066 3127 1168 3199 ἄρα
1199 3127 1503 3206 ἅνθρωπος.

2125 3128 2218 3185 nal
2251 3147 2264 3185 :
2299 3129 2495 3185 omnis
2547 3129 2724 3186 homo
2774 3133 2863 3184 est
2909 3127 3145 3197 animal,
3196 3127 3394 3185 nullus
3450 3127 3600 3200 lapis
3656 3133 3747 3185 est

2097 3218 2292 3276 homo.

2036 3980 2104 4045 μ.

1976 4044 2132 4128 ζῶον
2146 4105 2159 4117 .

1691 4333 1740 4373 π
2409 4304 2538 4376 οὐδ.

1691 4601 1735 4651 ις
2418 4579 2538 4643 ’λίθι

1320 4603 1378 4646 ν.
1424 4575 1735 4664 ἄνθρωπος
1804 4577 1838 4655 ί
2035 4665 2102 4736 ’ὃ
2310 4582 2344 4652 λ
2418 4579 2582 4654 λίθος
2621 4573 2676 4654 ξ.

1995 4691 2062 4734 ου
2109 4724 2125 4736 .

1995 4691 2125 4739 ουο.

406 4879 463 4936 ε’.
502 4877 694 4955 Τρίτος
749 4879 954 4953 τρόπος
1013 4879 1180 4955 ἐστὶν,
1241 4881 1300 4945 ὃς
1360 4883 1420 4938 ἐκ
1477 4890 1703 4960 μερικῖλς
1759 4900 2028 4964 καταρρεῖ-4

2170 4887 2225 4942 5.
2258 4885 2492 4943 Tertius
2523 4885 2732 4942 modus
2761 4887 2867 4954 est,
2901 4883 2998 4955 qui
3029 4898 3099 4939 ex
3127 4879 3466 4954 particulari
3493 4879 3746 4939 afﬁrma-

336 4975 498 5037 τικῆς
557 4972 654 5038 τῆς
719 4969 1030 5038 ἐλάττονος,
1088 4971 1177 5026 καὶ
1251 4970 1488 5028 καθόλου
1557 4982 1658 5044 τῆς
1721 4973 1958 5046 μείζονος

2120 4976 2220 5032 '.iva
2279 4975 2522 5041 minore,
2555 4980 2612 5031 et
2661 4972 2942 5046 privativa
2997 4969 3312 5027 universali
3371 4971 3611 5042 majore,
3643 4987 3742 5027 ne-

333 5057 668 5135 ἆποφατικὸν
750 5059 972 5135 μερικὸν
1059 5057 1469 5137 συλλογίζεται·
1529 5063 1665 5133 οἷον,
1723 5063 1782 5117 Τὶ
1850 5067 1955 5132 ζῶο

2118 5066 2351 5139 gativam
2382 5063 2794 5137 particularem
2835 5061 3216 5118 ratiocinatur
3243 5059 3740 5133 (conclusionem),

329 5144 590 5222 λογικόν·
656 5145 809 5204 οὐδὲν
842 5145 1044 5221 ἄλογον
1095 5146 1356 5205 λονικόν·
1419 5151 1480 5206 οὐ
1538 5157 1640 5206 πᾶν
1677 5156 1812 5221 ζῶον
1862 5149 1951 5209 ἅλι

2117 5154 2273 5222 Velut,
2303 5153 2551 5225 Aliquod
2604 5151 2822 5209 animal
2867 5149 3184 5219 rationale;
3235 5148 3462 5205 nullum
3512 5149 3739 5206 irratio-

325 5257 448 5314 γον.
2097 5243 2226 5300 nale
2257 5242 2576 5310 rationale;
2609 5259 2724 5298 non
2756 5256 2928 5296 omne
2958 5238 3176 5296 animal
3206 5238 3558 5295 irrationale.
