4108 6484
384 420 504 484 955

1632 434 2055 498 NICEPHORI
2100 434 2537 499 BLEMMIDE

3648 429 3761 492 956

1373 585 2764 1211 V/{A

1944 1218 2194 1312 λογικόν

1604 1503 1739 1577 οὐδ.
2418 1526 2459 1566 τ

2154 1499 2357 1821 \
2417 1733 2459 1817 ς

1417 1770 1469 1808 ν.
1517 1746 1746 1835 ἄλογον
1818 1750 1846 1825 ί
2278 1730 2357 1821 λ
2417 1730 2663 1817 ζῶον

2063 1864 2136 1905 π.

2066 1962 2137 2003 Ου

448 2037 501 2090 6.
533 2038 786 2102 Quartus
817 2040 1027 2096 modus
1067 2044 1174 2112 est,
1208 2042 1309 2115 qui
1359 2060 1428 2101 ex
1468 2047 1736 2119 negativa
1766 2046 2023 2119 particu-

2212 2046 2281 2108 ς’.
2334 2046 2599 2121 Τέταρτος
2654 2042 2712 2100 δὲ
2757 2044 2964 2121 τρόπος
3030 2045 3193 2115 ἐστὶν,
3237 2043 3383 2105 ὅστις
3440 2043 3491 2116 ἐξ
3544 2044 3773 2120 ἀποφατι

379 2123 486 2179 lari
520 2126 763 2193 minore,
789 2132 845 2183 et
864 2129 1211 2187 affirmativa
1235 2134 1547 2190 universali
1571 2138 1789 2208 majore
1810 2141 1867 2191 et
1896 2137 2021 2208 ipse

380 2213 787 2284 particularem
849 2220 1175 2291 negativam
1231 2222 1450 2295 colligit
1491 2224 2015 2295 (conclusionem):

379 2301 556 2372 velut,
588 2308 713 2360 Non
745 2322 916 2362 omne
946 2307 1143 2365 album
1176 2311 1422 2382 animal;
1464 2314 1658 2369 omnis
1687 2313 1862 2369 homo
1894 2314 2019 2369 ani-

382 2390 528 2460 mal;
561 2410 675 2449 non
706 2412 877 2452 omne
906 2396 1106 2455 album
1136 2399 1333 2457 homo.

2128 2141 2230 2202 κῆς
2294 2142 2520 2210 μερικῆς
2595 2142 2695 2203 τῆς
2755 2135 3061 2205 ἐλάττονος,
3118 2135 3208 2189 καὶ
3263 2140 3630 2211 καταφατιιῆς
3675 2152 3764 2185 κα-

2128 2222 2293 2278 Θὸλου
2320 2230 2419 2291 τῆς
2484 2223 2752 2296 μείζονος,
2783 2224 3129 2300 συμπεραίνει
3186 2223 3275 2277 καὶ
3331 2222 3493 2283 αὐτὸς
3556 2222 3768 2294 μερικὸν

2129 2312 2461 2388 ἀποφατικόν
2483 2330 2496 2344 ’
2557 2314 2692 2367 οἷον·
2721 2312 2794 2367 Οὐ
2823 2320 2925 2368 πᾶν
2958 2310 3148 2367 λευκὸν
3180 2316 3340 2381 ζῶον·
3401 2317 3504 2372 πᾶς
3565 2308 3764 2385 ἅνθρω-

2128 2422 2229 2463 πος
2263 2404 2430 2469 ζῶον
2466 2400 2527 2456 οὐ
2558 2409 2660 2457 πᾶν
2696 2402 2885 2458 λευκὸν
2914 2400 3219 2477 ἄνθρωπος.

1412 2528 2803 3157 Ᾱλ

2024 3117 2182 3240 (Si.

1741 3429 1790 3470 π
1999 3416 2046 3470 Ι
2185 3416 2236 3470 \
2478 3416 2526 3454 π

1374 3718 1425 3759 ν.
1476 3694 1789 3783 ἄνθρωπος
1862 3689 1894 3772 ζ
2364 3682 2399 3760 δ
2465 3679 2679 3743 λευκίν
2716 3666 2767 3747 ξ.

2127 3804 2177 3847 π

2110 3874 2182 3946 οὗ

456 3984 609 4040 842
640 3984 695 4038 7.
726 3985 798 4040 Et
824 3985 884 4041 hi
918 3987 1153 4059 quidem
1194 3990 1351 4045 modi
1380 4006 1585 4047 verum
1617 4006 1687 4046 ex
1711 3986 1864 4044 veris
1896 4002 2028 4058 pro—

2210 3982 2269 4050 ζ’.
2306 3978 2405 4034 Καὶ
2464 3977 2615 4031 οὗτοι
2678 3975 2772 4048 μὶν
2832 3974 2886 4028 οἱ
2939 3972 3137 4048 τρόποι
3189 3971 3253 4026 τὸ
3294 3967 3511 4059 eheu
3561 3964 3787 4059 ἀλη-

388 4072 778 4146 positionibus
825 4075 1239 4133 concludentes
1270 4079 1613 4152 syllogistici
1653 4082 1710 4134 et
1752 4079 2030 4132 vocantur

390 4166 448 4218 et
506 4166 645 4218 sunt
676 4181 687 4217 :
723 4163 822 4235 qui
873 4169 1068 4220 autem
1122 4171 1326 4238 praeter
1379 4183 1478 4223 eos
1536 4172 1693 4236 sunt,
1727 4170 2032 4237 propterea

391 4252 547 4323 quod
574 4255 631 4307 et
658 4269 792 4307 vera
821 4258 879 4308 et
910 4253 1055 4309 falsa
1085 4254 1379 4328 colligant,
1411 4261 1469 4312 et
1508 4256 1782 4311 dicuntur
1811 4259 1867 4309 et
1895 4256 2034 4308 sunt

390 4340 734 4413 asyllogisti.
777 4342 1084 4398 Evidenter
1128 4345 1284 4400 enim
1343 4362 1411 4400 ex
1469 4346 1695 4401 duabus
1750 4342 2034 4415 negativis

392 4430 822 4485 universalibus
852 4432 1351 4503 propositionibus
1399 4438 1455 4489 et
1499 4450 1699 4489 verum
1731 4437 1789 4487 et
1819 4430 2035 4486 falsum

392 4519 763 4575 concluditur
795 4536 808 4573 :
841 4535 1043 4576 verum
1092 4522 1328 4593 quidem
1374 4522 1455 4577 ita
1486 4539 1498 4575 :
1533 4522 1743 4577 Nullus
1770 4520 1918 4592 lapis
1948 4523 2038 4574 est

392 4608 598 4677 homo;
645 4608 847 4664 nullus
893 4625 1084 4681 equus
1131 4614 1222 4665 est
1270 4611 1476 4679 homo;
1511 4610 1713 4667 nullus
1770 4608 1919 4681 lapis
1950 4610 2039 4663 est

392 4715 580 4771 equus
605 4716 617 4754 :
646 4697 861 4753 falsum
894 4702 1089 4754 autem
1119 4715 1131 4755 :
1157 4699 1365 4756 Nullus
1396 4700 1571 4756 homo
1600 4698 1773 4767 volat;
1806 4696 2036 4753 nullum

390 4787 677 4844 rationale
703 4788 889 4858 volat;
922 4786 1123 4844 nullus
1152 4787 1328 4844 homo
1358 4793 1449 4844 est
1476 4786 1799 4844 rationalis.

460 4878 514 4932 8.
547 4878 831 4941 Caeterum
864 4875 1037 4941 tertia
1077 4875 1268 4948 ﬁgura
1310 4880 1399 4935 est
1446 4876 1681 4948 quando
1709 4873 2040 4932 communis

393 4969 451 5021 et
495 4965 725 5029 medius
774 4964 1065 5022 terminus
1124 4965 1303 5021 etiam
1359 4964 1596 5037 utrique
1648 4969 2040 5021 extremorum

391 5054 697 5125 subjectus
728 5054 923 5111 fuerit.

461 5144 515 5196 9.
550 5142 705 5198 Modi
738 5146 933 5198 autem
964 5142 1150 5198 tertia;
1181 5142 1381 5215 ﬁguris
1412 5147 1553 5199 sunt
1582 5158 1699 5199 sex.

468 5233 555 5286 10.
588 5230 657 5285 Et
682 5230 913 5303 primus
939 5222 1177 5301 quidem
1208 5233 1308 5305 qui
1332 5248 1401 5287 ex
1421 5233 1653 5288 duabus
1682 5229 2045 5287 afﬁrmativis

401 5318 830 5378 universalibus
872 5306 1370 5390 propositionibus
1420 5320 1833 5392 particularem
1881 5319 2045 5374 afﬁr-

402 5410 679 5467 mativam
728 5406 952 5479 colligit
979 5394 1449 5477 conclusionem;
1500 5413 1584 5476 ut,
1619 5409 1825 5464 Omnis
1872 5407 2047 5463 homo

402 5502 490 5557 est
519 5496 771 5563 animal;
819 5495 1013 5552 omnis
1070 5495 1245 5551 homo
1276 5503 1394 5553 ‘est
1449 5497 1759 5565 rationale;
1812 5495 2047 5569 aliquod

2140 4074 2248 4137 θῶν
2313 4068 2621 4143 προτάσεων
2693 4063 3168 4139 συμπεραίνοντες,
3225 4056 3637 4133 συλλογιστικοὶ
3694 4075 3785 4108 κα-

2141 4156 2358 4213 λοῦνταί
2388 4176 2446 4210 τε
2473 4154 2563 4208 καὶ
2596 4152 2756 4207 εἷ’σίν·
2804 4152 2855 4206 οἳ
2904 4148 2963 4205 δὲ
3005 4151 3131 4223 παρ’
3170 4146 3388 4215 αὐτοὺς,
3419 4144 3510 4201 διὰ
3553 4144 3618 4200 τὸ
3668 4163 3785 4198 συν-

2141 4247 2286 4321 ἀγειν
2332 4244 2421 4299 καὶ
2471 4242 2649 4312 ἀληθῆ
2700 4240 2790 4296 καὶ
2838 4238 3032 4315 ψευδῆ,
3081 4240 3172 4293 καὶ
3224 4235 3472 4313 λέγονται
3517 4235 3609 4289 καὶ
3665 4253 3789 4306 τυγ-

2142 4336 2397 4411 χάνουσιν
2451 4330 2860 4406 ἀσυλλόγιστοι.
2920 4327 3027 4386 Ἴδε
3077 4330 3200 4404 γὰρ,
3261 4325 3321 4381 ἐκ
3380 4322 3475 4379 δύο
3544 4342 3791 4399 στερητι-

2144 4429 2253 4479 κῶν
2284 4421 2521 4478 καθόλου
2572 4419 2881 4495 προτάσεων
2917 4417 3007 4473 καὶ
3036 4417 3099 4472 τὸ
3154 4414 3354 4486 ἀληθὲς
3404 4412 3494 4468 καὶ
3549 4412 3614 4467 τὸ
3670 4414 3794 4485 ψευ-

2147 4512 2232 4576 δὲς
2297 4510 2751 4585 συμπεραίνεται·
2808 4509 2870 4563 τὸ
2934 4508 3026 4581 μὲν
3090 4505 3292 4576 ἀληθὲς
3352 4501 3549 4576 οὕτως,
3609 4498 3794 4560 Οὐδεὶς

2148 4604 2298 4664 λίθος
2330 4600 2613 4675 ἅνθρωπος
2634 4621 2647 4633 ·
2681 4595 2861 4669 οὐδεὶς
2885 4595 3058 4659 *ίππος
3094 4596 3397 4667 ἄνθρωπος·
3430 4590 3608 4653 οὐδεὶς
3646 4590 3795 4654 λίθος

2142 4691 2345 4753 ἵππος·
2393 4690 2458 4744 τὸ
2508 4686 2565 4743 δὲ
2602 4685 2820 4761 ψευδές·
2874 4684 3061 4747 Οὐδεὶς
3091 4682 3375 4759 ἄνθρωπος
3396 4679 3656 4735 ’ίπταται-
3710 4676 3797 4731 οὖ-

2150 4778 2235 4836 δὲν
2270 4778 2491 4855 λογικὸν
2513 4775 2767 4831 ⁸ίπταται’
2814 4772 2992 4836 οὐδεὶς
3024 4774 3306 4849 ἄνθρωπος
3336 4768 3584 4846 λογικός.

2221 4870 2291 4942 η’.
2327 4854 2535 4947 Σχῆμα
2613 4862 2671 4920 δὲ
2752 4863 2932 4941 τρίτον
3020 4861 3182 4934 ἐστὶν,
3216 4858 3341 4915 ὅταν
3394 4860 3423 4914 ὁ
3477 4858 3661 4947 κοινὸς
3713 4854 3798 4909 καὶ

2156 4958 2315 5033 μὲσος
2356 4944 2487 5034 ὅρος
2532 4953 2623 5011 καὶ
2671 4951 3001 5031 ἀμφοτέροις
3029 4955 3146 5013 τοῖς
3198 4950 3386 5026 ἄκροις
3445 4944 3798 5019 ὑποκείμενος

2152 5044 2236 5118 εἴη
2247 5091 2261 5106 .

2225 5136 2289 5192 θ’.
2322 5132 2523 5209 Τρόποι
2556 5129 2615 5188 δὲ
2644 5131 2747 5187 εἰσι
2774 5134 2872 5185 τοῦ
2897 5129 3084 5205 τρίτου
3113 5129 3404 5206 σχήματος

2229 5225 2278 5280 ι’.
2325 5222 2425 5277 Καὶ
2499 5224 2719 5297 πρῶτος
2798 5219 2918 5293 μὶν,
2991 5216 3139 5279 ὅστις
3210 5215 3270 5271 ἐκ
3344 5212 3441 5269 δύο
3513 5230 3800 5291 καταφατι-

2156 5318 2265 5368 κῶν
2325 5309 2563 5368 καθόλου
2622 5310 2934 5383 προτάσεων
3007 5304 3228 5384 μερικὸν
3272 5300 3635 5382 καταφατικὸν
3690 5316 3806 5353 συν-

2157 5404 2279 5477 ἀγει
2362 5400 2763 5476 συμπερασμαο
2837 5398 2974 5470 οἷον,
3036 5397 3094 5451 Ὀ
3174 5396 3461 5470 ἅνθρωπος
3534 5394 3703 5461 ζῶον·

2160 5473 2444 5566 ἄνθρωπος
2506 5473 2716 5566 ογικόω
2765 5485 2818 5541 τὶ
2869 5490 3003 5557 ζῶον
3066 5483 3311 5563 λογικόν.
3370 5480 3472 5539 Καὶ
3526 5478 3715 5547 πάλιν,
3739 5473 3805 5529 Τὸ

401 5587 621 5645 animal
677 5590 768 5642 est
822 5582 1124 5641 rationale.
1184 5584 1254 5640 Et
1308 5586 1521 5642 iterum
1565 5606 1577 5642 :
1620 5585 1921 5642 Rationale
1976 5585 2035 5641 de

2158 5581 2382 5656 λογικὸν
2412 5581 2548 5634 κατὰ
2596 5576 2798 5640 παντὸς
2827 5575 3145 5649 ἀνθρώπου·
3192 5574 3254 5628 τὸ
3292 5575 3433 5642 ζῶον
3482 5569 3624 5626 κατὰ
3666 5582 3798 5621 παν-

406 5677 566 5735 omni
612 5675 880 5743 homine;
914 5673 1131 5730 animal
1163 5673 1235 5728 de
1264 5675 1423 5730 omni
1469 5675 1736 5744 homine;
1769 5673 2035 5731 rationale

2158 5655 2251 5733 τὸς
2305 5670 2630 5745 ἀνθρώπου·
2685 5666 2749 5721 τὸ
2816 5663 3035 5742 λογικὸν
3092 5660 3197 5739 ἄρα
3247 5660 3385 5718 κατά
3435 5679 3584 5721 τινος
3644 5655 3805 5725 ζώου.

406 5766 588 5841 igitur
613 5765 688 5821 de
714 5764 971 5837 quodam
1005 5760 1267 5819 animali.
