4108 6490
349 418 468 482 959
1600 419 1971 483 NIGEPHOF

2091 419 2501 483 JLEMMIDB
3610 420 3713 484 960

426 554 511 608 13.
545 555 799 617 Quartus
847 553 1058 609 modus
1086 556 1176 608 est
1217 552 1314 625 qui
1347 567 1417 608 ex
1443 553 1780 626 particulari
1827 554 1995 610 attri-
2025 558 2048 622 ,Α

2183 554 2264 628 ιγ’.
2324 553 2586 623 Τέταρτος
2639 551 2839 628 τρόπος
2899 552 2927 607 ὁ
2983 551 3042 608 ἐκ
3101 555 3326 629 μερικῆς
3377 560 3718 629 κατηγορικῆς

352 642 554 699 butiva
583 643 805 697 minore
835 647 894 697 et
920 641 1200 714 privativa
1231 642 1543 698 universali
1575 644 1795 714 majore
1825 645 1972 716 parti

2102 649 2202 710 τῆς
2236 639 2524 702 ἐλάττονος
2571 642 2660 695 καὶ
2709 648 3030 716 περητικῆς
3075 640 3311 697 καθόλου
3354 649 3458 711 τῆς
3499 642 3721 715 μείζονος

351 731 608 786 cularem
658 731 979 801 negativam
1032 730 1256 802 colligit
1301 730 1734 788 conclusionem
1767 749 1780 786 :
1813 731 1972 788 velut

2106 731 2346 803 συνάγων
2400 730 2619 804 μερικὸν
2668 728 2997 806 ἀποφατικόν
3029 750 3042 762 ·
3094 731 3230 804 οἷον,
3278 731 3374 793 Ti:
3427 729 3573 792 λίθος
3613 729 3721 786 λευ-

350 820 582 892 Aliquis
614 819 764 893 lapis
793 825 884 876 est
911 819 1113 888 albus;
1146 819 1346 875 nullus
1391 819 1543 892 lapis
1589 825 1680 876 est
1726 821 1944 877 animal

1978 839 1992 877 :
2103 817 2198 879 κός
2231 815 2407 880 οὐδεὶς
2439 816 2590 880 λίθος
2625 823 2784 888 ζῶον·
2818 817 2917 874 οὐκ
2945 819 3046 895 ἄρα
3073 824 3176 874 πᾶν
3209 818 3397 875 λευκὸν
3432 824 3565 889 ζῶον
3585 864 3596 877 .

352 925 467 965 non
497 909 678 981 igitur
704 925 878 966 omne
904 909 1105 966 album
1135 913 1226 964 est
1255 908 1496 965 animal.

1349 1179 1396 1218 π
2023 1171 2071 1212 π

1279 1244 1436 1328 ζῶον
2026 1241 2093 1310 οὓ
2625 1249 2668 1307 λ

1583 1578 1714 1652 οὒδ.
2390 1608 2485 1647 τη

2717 1170 2747 1236 9

2674 1250 2839 1307 ευκέν

1993 1875 2160 1946 λίθος

433 2822 516 2875 14.
548 2821 799 2884 Quintus
848 2825 1060 2881 modus
1090 2830 1179 2882 est
1216 2829 1317 2899 qui
1366 2845 1435 2884 ex
1487 2828 1801 2886 universali
1848 2829 2055 2899 afﬁr-l

2187 2824 2271 2885 ιδ’.
2332 2825 2584 2899 Πέμπτος
2657 2821 2861 2900 τρόπος
2937 2828 2965 2882 ὁ
3032 2826 3092 2883 ἐκ
3148 2828 3386 2884 καθόλου
3453 2835 3749 2909 καταφικῆς

358 2910 579 2966 mativa
637 2911 860 2968 minore
891 2918 948 2969 et
987 2915 1326 2986 particulari
1381 2917 1730 2974 afﬁrmativa
1785 2918 1980 2990 majon

2131 2922 2214 2984 τῆς
2272 2913 2580 2984 ἐλάττονος,
2639 2913 2727 2969 καὶ
2789 2922 3016 2991 μερικῆς
3069 2924 3440 2994 καταφατικῆς
3485 2925 3590 2987 τῆς
3642 2917 3753 2990 μεί-

357 2998 709 3070 particulare
759 3002 1163 3059 attributivum
1213 3003 1553 3062 concludit:
1594 3006 1769 3074 velut,
1803 3006 1979 3062 Omni

2130 3010 2293 3076 :ovoc,
2335 3002 2712 3079 συμπεραίνων
2766 3005 2984 3078 μερικὸν
3031 3005 3412 3082 κατηγορικόν·
3469 3007 3606 3079 οἷον,
3650 3011 3752 3067 Πᾶς

359 3087 532 3143 homo
563 3093 653 3145 est
683 3089 939 3160 animal;
969 3092 1186 3164 aliquis
1214 3091 1389 3150 homo
1417 3099 1508 3151 est
1538 3093 1738 3162 albus;
1769 3094 1981 3167 aliquo:

2131 3094 2404 3167 ἅνθρωπος
2462 3096 2598 3161 ζῶον
2633 3109 2646 3123 ·
2705 3091 2787 3155 τὶς
2868 3090 3149 3170 ἄνθρωπος
3222 3093 3416 3158 λευκός
3449 3113 3462 3126 ·
3512 3096 3573 3150 τὶ
3624 3098 3753 3165 ζῶον

358 3175 595 3248 animal,
630 3176 853 3235 album.

706 3195 853 3235 )um.
2117 3178 2328 3237 λευκόν.

1331 3429 1381 3471 π
2705 3422 2738 3492 Ρ

1261 3493 1419 3581 ζῶον
1993 3517 2089 3567 τ’·
2616 3501 2836 3565 λευκον

1905 4119 2218 4216 ἄνθρωπος

428 5071 514 5126 15.
548 5071 758 5129 Sextus
795 5074 1048 5150 denique
1095 5081 1152 5135 et
1199 5079 1445 5135 ultimus
1493 5077 1704 5134 modus
1759 5081 1866 5145 est,
1899 5076 2050 5148 συί(

2186 5076 2265 5131 ιε’.
2325 5076 2516 5136 Ἕκτος
2569 5071 2626 5129 δὲ
2680 5072 2769 5128 καὶ
2823 5068 3135 5133 τελευταῖος
3185 5068 3388 5146 τρόπος
3447 5069 3591 5126 ἐστὶν
3645 5072 3675 5126 ὁ
3705 5069 3763 5126 ἐκ

354 5175 423 5214 ex
455 5159 764 5217 universali
797 5164 1133 5222 attributiva
1176 5169 1400 5224 minore
1432 5171 1489 5223 et
1516 5167 1797 5240 privativa
1825 5166 1971 5239 parti

2139 5163 2344 5221 αθόλου
2402 5169 2772 5239 κατηγορικῆς
2817 5167 2921 5231 τῆς
2972 5157 3261 5222 ἐλάττονος
3293 5204 3310 5233 ,
3365 5160 3455 5216 καὶ
3509 5180 3761 5237 στερητι-

355 5248 538 5304 culari
604 5252 821 5322 majore
886 5255 1300 5327 particularem
1371 5255 1771 5313 ratiocinando
1827 5255 1977 5310 infer

2142 5260 2213 5323 ,ἧς
2244 5251 2331 5308 ἐπὶ
2374 5253 2574 5329 μὲρους
2619 5257 2720 5322 τῆς
2771 5249 3038 5325 μείζονος,
3086 5248 3303 5326 μερικὸν
3353 5244 3764 5326 συλλογιζόμε-

355 5337 840 5413 (conclusionem)
873 5358 886 5397 :
918 5343 1098 5412 velut,
1148 5346 1352 5402 Omnis
1401 5346 1577 5402 homo
1607 5349 1697 5402 est
1741 5343 1960 5402 animal

2141 5363 2198 5406 ος
2257 5341 2589 5420 ἀποφατικὸν
2647 5338 3029 5417 συμπέρασμα,
3085 5337 3197 5395 οἷον
3228 5358 3246 5376 ο
3303 5342 3418 5402 Πᾶς
3471 5339 3761 5415 ἄνθρωπος

354 5444 471 5484 non
505 5428 700 5486 omnis
738 5429 915 5487 homo
944 5437 1034 5488 est
1063 5432 1255 5508 niger;
1289 5451 1404 5491 non
1449 5450 1623 5491 omne
1668 5431 1886 5491 animal
1916 5449 1976 5490 es

2140 5436 2277 5502 ζῶονο
2336 5430 2400 5488 οὐ
2456 5436 2562 5495 πᾶς
2623 5431 2908 5508 ἄνθρωπος
2962 5426 3154 5506 μέλας·
3213 5427 3278 5485 οὗ
3320 5431 3426 5485 πᾶν
3473 5431 3614 5499 ζῶον
3666 5424 3762 5503 μὲ-

352 5518 611 5592 nigrum.

609 5563 611 5573 π
2112 5521 2231 5580 λαν.

423 5609 586 5666 844
634 5610 721 5666 16.
767 5609 1092 5668 Possumus
1141 5617 1336 5670 autem
1386 5613 1562 5670 etiam
1611 5611 1779 5669 aliter
1822 5628 1892 5669 ex
1937 5627 2005 5668 eo

2187 5612 2274 5676 ις’.
2336 5609 2568 5668 Δυνατὸν
2625 5605 2686 5665 δὶ
2736 5607 2828 5666 καὶ
2881 5603 3071 5671 ἄλλως
3126 5606 3188 5665 ἐκ
3240 5609 3342 5665 τοῦ
3386 5606 3442 5663 ἐν
3497 5605 3621 5681 ὅλῳ
3672 5605 3763 5664 καὶ

357 5701 518 5771 quod
554 5702 645 5757 est
669 5699 729 5756 in
761 5704 882 5757 toto
912 5705 970 5758 et
1001 5718 1113 5758 non
1146 5702 1205 5758 in
1238 5706 1359 5759 toto
1388 5696 1659 5776 colligere
1687 5717 1891 5759 omnes
1920 5719 1979 5759 se

2138 5700 2214 5756 ιῦκ
2283 5698 2335 5755 ἐν
2413 5696 2533 5772 ὅλῳ
2608 5701 2923 5774 συναγαγεῖν
2997 5695 3126 5759 τοὺς
3191 5699 3290 5752 τοῦ
3359 5693 3608 5772 δευτέρου
3670 5695 3760 5752 καὶ

357 5791 560 5846 cunde
591 5795 650 5846 et
678 5789 860 5847 tertiae
891 5791 1091 5864 ﬁgura:
1131 5790 1503 5865 syllogismos
1538 5808 1550 5847 :
1581 5791 1784 5846 itidem
1830 5795 1887 5846 et
1932 5792 1979 5847 al

2139 5789 2298 5865 ’ρίτου
2355 5791 2643 5864 σχήματος
2700 5785 3110 5863 συλλογισμοὺς
3158 5785 3390 5848 ἅπαντας
3424 5803 3441 5820 ο
3497 5780 3761 5846 ὡσαύτως

355 5897 421 5938 eo
451 5881 608 5954 quod
640 5885 730 5938 est
757 5881 830 5938 de
860 5882 1021 5938 omni
1053 5885 1111 5940 et
1153 5882 1224 5938 de
1266 5880 1430 5937 nullo
1464 5897 1476 5936 :
1509 5879 1977 5953 quemadmodun

2138 5877 2202 5933 ιαὶ
2235 5877 2340 5933 ἀπὸ
2368 5882 2466 5934 τοῦ
2513 5877 2646 5933 κατᾶ
2690 5875 2914 5945 παντὸς,
2960 5875 3050 5931 καὶ
3100 5876 3219 5931 κατ’
3265 5872 3524 5939 οὐδενός·
3570 5874 3760 5940 καθὼς

349 5971 412 6027 in
443 5971 637 6043 prima
674 5971 868 6045 ﬁgura
919 5975 977 6028 et
1022 5989 1130 6030 nos
1181 5970 1514 6030 communis
1557 5975 1615 6026 et
1658 5968 1971 6027 universali

2141 5991 2167 6024 ν
2197 5970 2277 6040 τῷ
2303 5968 2508 6043 πρώτῳ
2555 5968 2804 6044 σχήματι
2855 5963 2947 6022 καὶ
2991 5969 3156 6040 ἡμεῖς
3205 5961 3558 6044 ὑποδείγματι
3598 5959 3761 6022 tum

348 6057 599 6133 exempli
628 6061 820 6135 gratia
849 6060 1120 6124 facimus.

2109 6059 2300 6116 κοινοῦ
2323 6057 2414 6116 καὶ
2440 6053 2738 6116 καθολικοῦ
2763 6055 3161 6133 πεποιήκαμεν.
