4108 6480
328 571 447 633 963

901 699 1137 756 CAPUT
1175 699 1389 756 XXXV.

324 810 400 865 De
425 809 670 865 secunda
699 810 749 862 et
784 808 966 864 tertiae

656 884 708 934 et
735 877 800 934 de
829 877 1153 935 abductibne
1179 878 1250 934 ad
1282 879 1635 950 impossibile.

395 1060 447 1114 1.
479 1057 962 1131 Syllogismorum
1008 1057 1105 1114 alii
1155 1057 1392 1130 perfecti
1437 1058 1623 1114 vocati
1670 1061 1832 1124 sunt,
1864 1057 1963 1112 alii

320 1148 666 1222 imperfecti.

389 1239 443 1294 2.
478 1237 717 1293 Perfecti
767 1235 1027 1308 quidem,
1061 1235 1161 1307 qui
1207 1237 1364 1291 344
1395 1239 1535 1291 sunt
1582 1235 1782 1307 primae
1813 1235 1960 1307 figu-

320 1345 436 1396 rae;
479 1325 802 1398 imperfecti
850 1329 1069 1391 autem,
1102 1324 1202 1395 qui
1252 1325 1522 1379 secunde
1572 1327 1629 1379 et
1659 1323 1860 1378 tertiis.
1894 1324 1964 1378 Et

319 1416 556 1489 perfecti
587 1415 820 1486 quidem
870 1413 1070 1484 prima
1105 1414 1301 1485 ﬁguras
1331 1411 1614 1468 nominati
1644 1416 1782 1466 sunt
1828 1428 1958 1483 pro-

319 1510 517 1578 pterea
572 1505 725 1575 quod
774 1502 1172 1558 ostensionem
1220 1507 1438 1556 rectam
1485 1506 1542 1557 et
1590 1501 1958 1556 manifestam

317 1594 429 1666 ipsi
479 1610 579 1666 per
622 1592 850 1664 seipsos
892 1591 1145 1659 faciant;
1199 1592 1319 1646 sive
1365 1591 1438 1645 ab
1469 1607 1537 1646 eo
1581 1590 1735 1661 quod
1783 1595 1871 1645 est
1899 1590 1957 1645 in

309 1687 450 1749 toto,
485 1683 604 1737 sive
635 1681 708 1736 ab
740 1698 822 1748 eo
857 1681 1013 1751 quod
1067 1683 1157 1735 est
1185 1679 1256 1735 de
1285 1678 1467 1749 omni,
1517 1678 1954 1733 ratiocinemur.

310 1771 534 1827 Etenim
565 1787 634 1826 ex
664 1787 780 1825 uno
819 1775 1077 1824 extremo
1107 1769 1180 1823 ad
1230 1773 1512 1824 aeternum
1563 1782 1666 1840 per
1696 1767 1955 1822 medium

310 1864 368 1916 et
397 1874 770 1915 communem
799 1857 1124 1913 terminum
1153 1857 1508 1913 efficiuntur.

381 1950 434 2004 3.
467 1948 537 2004 Et
584 1945 1060 2018 quandoquidem
1100 1962 1167 2000 ex
1219 1962 1285 2001 eo
1339 1945 1492 2017 quod
1541 1949 1630 2000 est
1675 1944 1746 1999 de
1795 1944 1954 1998 omni

1559 565 1980 629 NICEPHORI
2023 557 2462 630 BLEMMIDE

1995 700 2048 766 Α

1008 808 1204 878 ﬁgurae
1241 807 1563 879 reductiona
1610 807 1679 862 ad
1704 810 1963 879 primam,

2683 706 2936 760 ΚΕΦΑΛ.
2979 709 3066 759 ΛΕ
3089 747 3102 760 .

2077 787 2206 861 Περὶ
2265 796 2363 870 τῆς
2411 794 2508 870 τοῦ
2559 787 2818 870 δευτέρου
2873 792 2962 847 καὶ
3026 792 3210 865 τρίτου
3240 797 3543 870 ’σχήματος
3588 799 3695 854 ἆναο

2143 866 2328 988 Ξωγῆς
2387 861 2464 923 εἰς
2520 862 2581 915 τὸ
2641 861 2856 934 πρῶτον
2916 861 3127 938 σχῆμα,
3167 864 3256 919 καὶ
3299 861 3438 941 ’περὶ
3485 871 3578 937 τῆς
3632 871 3698 932 εἰς

2180 928 2404 986 δύνατον
2437 933 2756 988 ἀπαγωγῆς.

2180 928 2404 986 δύ’νατον
2437 928 2756 1008 ἀπαγωγῆς.

2143 1057 2207 1112 α’.
2241 1058 2363 1113 Τῶν
2394 1055 2778 1133 συλλογισμῶν
2811 1059 2862 1112 οἱ
2907 1059 2999 1131 μὲν
3049 1057 3352 1132 ἐκλήθησαν
3403 1061 3618 1134 τέλειοι,
3649 1067 3695 1120 οἱ

2071 1141 2129 1198 δὲ
2167 1144 2394 1205 ἀτελεῖς.

2143 1233 2209 1307 β’.
2237 1232 2447 1288 Τέλειοι
2481 1235 2573 1306 μὲν
2628 1237 2680 1289 οἱ
2726 1239 2823 1289 τοῦ
2878 1237 3099 1311 πρώτου
3159 1241 3466 1313 σχήματος,
3500 1241 3692 1305 ἀτελεῖς

2071 1317 2128 1374 δὲ
2151 1323 2186 1390 ἡ
2216 1327 2312 1375 τοῦ
2343 1319 2595 1399 δευτέρου
2623 1325 2712 1377 καὶ
2743 1323 2948 1399 τρίτου.
2983 1325 3082 1380 Καὶ
3122 1326 3323 1382 τὲλειοι
3369 1329 3464 1401 μὲν
3515 1331 3566 1384 οἱ
3605 1336 3692 1385 τοῦ

2066 1410 2286 1484 πρώτου
2318 1411 2604 1484 σχήματος
2637 1410 3052 1484 ὠνομάσθησαν,
3087 1410 3225 1468 διότι
3273 1417 3372 1485 τὴν
3417 1414 3574 1490 δεῖξιν
3622 1419 3697 1474 εὖ·

2066 1499 2209 1552 θεῖαν
2286 1503 2563 1554 ποιοῦνται
2620 1499 2708 1554 καὶ
2783 1500 3011 1575 φανερᾶν
3071 1501 3224 1557 αὐτοὶ
3289 1507 3410 1568 καθ’
3467 1507 3692 1569 ἑαυτούς⁶

2065 1587 2159 1640 κᾶν
2190 1586 2296 1640 ἀπὸ
2322 1591 2421 1642 τοῦ
2446 1586 2500 1642 ἐν
2548 1585 2682 1661 ὅλῳ,
2715 1587 2810 1643 κᾶν
2859 1588 2964 1644 ἀπὸ
3011 1595 3108 1644 τοῦ
3155 1592 3291 1646 κατὰ
3335 1595 3534 1656 παντὸς
3577 1593 3695 1650 συλ-

2069 1674 2414 1750 λογίζωνται.
2449 1678 2547 1731 Καὶ
2576 1679 2678 1753 γὰρ
2710 1677 2761 1748 ἐξ
2794 1677 2911 1740 ἑνὸς
2947 1679 3112 1754 ἄκρου
3162 1681 3298 1756 πρὸς
3349 1682 3568 1758 θάτερον
3620 1680 3699 1737 διὰ

2064 1769 2161 1819 τοῦ
2197 1766 2361 1838 μὲσου
2389 1765 2624 1839 γίνονται
2655 1766 2745 1820 καὶ
2776 1772 2978 1825 κοινοῦ.

2134 1944 2199 2016 γ’.
2235 1943 2334 1996 Καὶ
2390 1941 2479 1998 ὅτε
2539 1944 2634 2016 μὲν
2689 1943 2750 1999 ἐκ
2800 1949 2898 2000 τοῦ
2952 1947 3087 2001 κατὰ
3153 1947 3355 2010 παντὸς
3412 1950 3699 2026 συμπεραί-

311 2036 669 2094 concludunt
692 2035 764 2090 ad
813 2034 1098 2089 minorem
1148 2037 1206 2088 et
1255 2038 1579 2088 extremum
1632 2033 1948 2088 terminum

2072 2051 2209 2084 mum
2241 2032 2376 2105 πρὸς
2414 2031 2506 2085 τὸν
2546 2031 2754 2086 ἐλάττω
2782 2034 2871 2087 καὶ
2899 2030 3127 2109 ἔσχατον
3158 2034 3285 2111 ὅρον
3313 2036 3374 2090 ἐκ
3399 2042 3499 2092 τοῦ
3554 2039 3702 2114 πρώ-

311 2143 381 2182 ex
424 2125 614 2199 primo
672 2129 732 2180 et
777 2124 996 2194 majore
1044 2123 1293 2178 termino
1351 2122 1806 2194 progrediuntur
1849 2137 1952 2193 per

312 2216 506 2287 ipsum
531 2214 786 2269 medium
815 2218 875 2268 et
903 2227 1276 2268 communem
1306 2212 1646 2280 terminum,
1679 2209 1778 2282 qui
1810 2227 1951 2266 sane

313 2303 640 2360 communis
671 2307 726 2358 et
756 2300 984 2356 medius
1012 2301 1300 2356 terminus
1322 2301 1541 2370 majore
1573 2302 1806 2371 quidem
1839 2305 1948 2354 ter-

317 2394 473 2449 mino
521 2392 734 2459 minor,
781 2391 1008 2446 minore
1055 2394 1250 2445 autem
1298 2390 1486 2460 major
1535 2394 1662 2453 est;
1711 2395 1768 2442 et
1814 2387 1950 2442 hinc

313 2483 487 2538 etiam
519 2485 738 2536 naturae
767 2479 1236 2535 consecutionem
1266 2483 1324 2533 et
1343 2478 1608 2533 ordinem
1633 2477 1945 2549 effugiant:

313 2571 591 2643 quoniam
624 2574 682 2624 et
717 2573 927 2624 natura
954 2583 1023 2622 ex
1069 2566 1587 2622 universalioribus
1634 2572 1692 2620 et
1719 2565 1947 2636 simpli-

312 2659 568 2717 cioribus
599 2660 670 2714 ad
692 2655 1133 2731 particulariora
1161 2661 1216 2711 et
1246 2654 1433 2727 magis
1461 2656 1786 2727 composita
1815 2655 1947 2710 des-

309 2750 526 2805 cendit.

379 2840 432 2894 4.
467 2837 707 2902 Quando
756 2840 949 2890 autem
999 2850 1067 2890 ex
1096 2850 1162 2889 eo
1211 2833 1364 2905 quod
1413 2833 1587 2888 estin
1637 2836 1756 2887 toto
1787 2830 1948 2886 colli-

309 2932 475 2999 gunt,
507 2931 646 2981 tunc
692 2924 976 2996 apertiore
1023 2928 1082 2978 et
1111 2923 1308 2978 sensui
1358 2922 1582 2976 notiore
1629 2919 1720 2976 via
1752 2937 1946 2991 proce-

310 3019 532 3082 dentes,
565 3031 634 3070 ex
671 3015 895 3069 minore
941 3011 1189 3067 termino
1221 3027 1323 3082 per
1351 3009 1610 3065 medium
1661 3009 1811 3064 bono
1842 3009 1948 3064 ite-

311 3122 440 3159 rum
471 3105 672 3159 ordine
704 3103 773 3157 ad
807 3102 1089 3172 majorem
1120 3099 1380 3164 veniunt,
1407 3103 1465 3153 et
1492 3099 1576 3153 sic
1609 3097 1884 3169 utrinque
1915 3115 1949 3151 a

311 3199 465 3248 recta
493 3197 548 3247 et
579 3191 888 3246 manifesta
934 3189 1266 3245 ostensione
1299 3204 1412 3242 non
1438 3187 1728 3257 aberrant,
1762 3186 1862 3242 sed
1893 3191 1950 3241 et

311 3298 554 3354 superne
576 3282 871 3348 deorsum,
897 3284 954 3333 et
978 3278 1200 3332 inferne
1222 3293 1460 3333 sursum
1481 3275 1767 3348 gradatim
1792 3275 1946 3332 848

310 3370 707 3428 necessarium
730 3368 1024 3432 exhibent,
1040 3382 1164 3421 com
1173 3363 1482 3436 positivam
1500 3369 1556 3420 et
1571 3363 1946 3420 resolutivam

309 3460 645 3519 methodum
677 3456 982 3512 imitando.

376 3553 431 3604 5.
479 3549 572 3604 Sic
620 3547 855 3619 quidem
905 3545 1084 3616 igitur
1131 3548 1188 3599 et
1234 3547 1470 3615 propter
1509 3542 1659 3598 hanc
1707 3559 1943 3598 causam

307 3641 498 3712 prima
528 3638 715 3708 figura
741 3639 945 3690 vocata
993 3633 1120 3688 fuit.
1151 3633 1417 3687 Secunda
1464 3636 1658 3687 autem
1691 3639 1747 3687 et
1775 3634 1947 3688 tertia

307 3730 496 3800 ﬁgura
544 3725 893 3797 imperfectae
941 3721 1109 3778 dictae
1153 3727 1310 3789 sunt,
1345 3722 1501 3793 quod
1552 3723 1690 3794 ipsae
1741 3738 1844 3793 per
1885 3738 1946 3777 se

308 3814 702 3871 ostensionem
749 3818 968 3867 rectam
1015 3817 1072 3866 et
1128 3811 1496 3865 manifestam
1545 3826 1658 3864 non
1711 3810 1944 3880 faciant,

307 3905 408 3959 sed
440 3902 636 3975 potius
681 3900 980 3971 obliquam
1031 3903 1087 3953 et
1136 3899 1538 3953 absconditam
1571 3904 1637 3953 ut
1683 3915 1810 3970 quae
1841 3915 1945 3954 nec

309 3998 525 4048 natura:
558 4007 662 4046 nec
691 4005 902 4045 sensus
933 3992 1263 4059 respectum
1296 3987 1530 4042 habent.

373 4083 428 4137 6.
463 4080 730 4136 Secunda
752 4078 908 4134 enim
941 4078 1130 4148 figura
1171 4093 1240 4130 ex
1286 4093 1352 4131 eo
1385 4077 1539 4147 quod
1569 4080 1657 4131 est
1685 4077 1756 4130 de
1787 4075 1946 4130 omni

304 4170 693 4229 ostensionem
731 4167 890 4230 facit,
945 4167 1017 4221 ab
1050 4164 1480 4220 universalibus
1529 4165 1599 4219 ad
1633 4165 1944 4236 particula-

301 4261 452 4318 riora
499 4257 909 4332 progreditur;
947 4261 1004 4310 et
1051 4255 1262 4310 iterum
1313 4252 1618 4309 retrocedit
1659 4270 1725 4309 ac
1759 4269 1947 4308 recur-

307 4351 402 4418 rit,
434 4355 490 4406 et
519 4347 688 4420 quasi
736 4365 771 4402 a
819 4349 970 4401 recto
1002 4345 1347 4408 deerrasset,
1380 4343 1591 4398 iterum
1633 4359 1702 4397 ex
1747 4342 1947 4414 priori-

307 4441 419 4496 bus
451 4443 506 4494 et
537 4434 1052 4492 universaliorihus
1081 4431 1382 4503 principiis
1413 4433 1485 4486 ad
1533 4431 1648 4486 alia
1689 4431 1945 4503 particu-

306 4529 520 4585 lariora
550 4524 827 4596 procedit.
851 4523 1091 4587 Quando
1113 4526 1306 4577 autem
1336 4519 1456 4575 hac
1475 4519 1731 4574 secunda
1761 4519 1949 4591 ﬁgura

305 4635 374 4674 ex
405 4634 471 4673 eo
503 4616 658 4688 quod
690 4619 777 4671 est
807 4613 864 4667 in
897 4613 1053 4668 omni
1089 4609 1328 4682 colligit,
1360 4615 1498 4664 tunc
1532 4624 1601 4664 ex
1633 4607 1944 4680 particula-

304 4707 559 4764 rioribus
605 4705 674 4760 ad
729 4700 1147 4758 universaliora
1191 4699 1506 4771 procedens
1552 4698 1615 4751 ﬁt
1660 4703 1936 4769 retrogra-

2057 2139 2154 2172 του
2199 2119 2287 2173 καὶ
2343 2120 2587 2190 μείζονος
2643 2121 2892 2199 φέρονται
2935 2119 3005 2177 δι’
3058 2123 3223 2179 αὐτοῦ
3278 2144 3374 2179 του
3430 2125 3596 2198 μέσου
3645 2145 3698 2180 τε

2057 2208 2147 2261 καὶ
2172 2213 2374 2262 κοινοῦ·
2405 2210 2463 2271 ὃς
2495 2207 2562 2278 δή
2593 2211 2776 2272 κοινὸς
2808 2211 2899 2266 καὶ
2951 2211 3111 2285 μέσος
3157 2217 3256 2267 τοῦ
3305 2213 3557 2286 μείζονος
3607 2214 3695 2287 μὲν

2060 2294 2317 2363 ἐλάττων,
2371 2302 2469 2351 τοῦ
2532 2295 2816 2362 ἐλάττονος
2865 2296 2924 2354 δὲ
2974 2301 3174 2373 μείζων
3228 2300 3360 2356 ἐστί·
3419 2303 3694 2364 κάντεῦθεν

2059 2383 2268 2460 φύσεως
2313 2385 2635 2441 ἀκολουθίαν
2697 2388 2786 2442 καὶ
2846 2387 2992 2458 τάξιν
3071 2389 3494 2460 ἐξεικονίζουσιν.
3555 2392 3694 2446 Ἐπεὶ

2055 2475 2146 2528 καὶ
2192 2477 2226 2543 ἡ
2271 2474 2427 2552 φύσις
2485 2474 2544 2529 ἐκ
2598 2481 2704 2530 τῶν
2763 2475 3209 2554 καθολικωτὲρων
3262 2480 3352 2534 καὶ
3410 2478 3698 2535 ἁπλουστέ-

2059 2583 2166 2638 ρων
2239 2562 2327 2617 ἐπί
2366 2565 2433 2618 τὰ
2493 2568 2828 2641 μερικώτερα
2902 2563 3209 2623 καταϐαίνει
3280 2569 3370 2624 καὶ
3437 2569 3696 2624 συνθετώ-

2058 2673 2205 2728 τερα.

2131 2827 2192 2886 δ’.
2219 2832 2377 2885 Ὅταν
2435 2829 2482 2886 δ’
2513 2831 2570 2887 ἐκ
2623 2836 2720 2888 τοῦ
2778 2830 2828 2887 ὲν
2888 2830 3006 2905 ὅλῳ
3054 2831 3388 2910 συλλεγωσι,
3419 2836 3547 2891 τότε
3604 2838 3696 2904 τὴν

2059 2918 2377 2996 σαφεστέραν
2422 2921 2511 2974 καὶ
2557 2925 2626 2994 τῇ
2683 2921 2928 2992 αἰσθήσει
3001 2922 3426 2999 γνωριμωτέραν
3480 2923 3695 2979 ὁδεύον-

2055 3029 2164 3074 τες,
2197 3007 2256 3062 Ex
2283 3013 2378 3063 τοῦ
2410 3007 2694 3072 ἐλάττονος
2725 3008 2854 3086 ὅρου
2902 3008 2990 3065 διὰ
3036 3015 3132 3065 τοῦ
3185 3011 3348 3084 μέσου
3397 3012 3564 3068 πάλιν
3623 3013 3699 3068 εύ-

2055 3096 2261 3160 τάκτως
2306 3094 2558 3173 ἔρχονται
2609 3099 2742 3175 πρὸς
2791 3100 2881 3154 τὸν
2937 3100 3125 3172 μείζω·
3158 3101 3248 3154 καὶ
3301 3101 3474 3164 οὕτως
3522 3102 3696 3158 ἑκατε-

2059 3187 2225 3262 ρωθεν
2295 3194 2395 3255 τῆς
2463 3186 2666 3249 εὐθείας
2724 3187 2812 3242 καὶ
2874 3194 3102 3266 φανερᾶς
3159 3189 3219 3244 οὐ
3278 3187 3699 3266 διαμαρτάνουσι

2058 3274 2290 3348 δείξεωςο
2351 3273 2477 3329 ἀλλ’
2529 3273 2726 3330 ἄνωθεν
2785 3299 2843 3332 τε
2897 3278 3065 3349 κάτω,
3126 3279 3214 3332 καὶ
3299 3277 3537 3334 κάτωθεν
3596 3279 3698 3335 ἄνω

2057 3361 2399 3437 κλιμακηδὸν
2429 3365 2492 3418 τὸ
2521 3364 2806 3440 ἀναγκαῖον
2859 3363 3180 3438 δεικνύουσι,
3209 3367 3300 3422 καὶ
3346 3369 3444 3437 τήν
3500 3366 3700 3445 διαιρε-

1977 3433 2020 3501 C
2055 3456 2212 3523 τικήν
2247 3453 2574 3527 μιμούμενοι
2603 3455 2692 3508 καὶ
2721 3455 2819 3522 τήν
2853 3454 3202 3526 ἀναλυτικήν.

2126 3545 2183 3600 ε’.
2215 3542 2369 3596 Οὕτω
2405 3543 2499 3614 μὲν
2527 3541 2618 3598 οὖν
2651 3544 2740 3597 καὶ
2782 3540 2872 3598 διὰ
2917 3548 3084 3599 ταῦτα
3132 3545 3198 3600 τὸ
3249 3550 3468 3622 πρῶτον
3511 3553 3700 3623 σχῆμα

2051 3631 2259 3688 τέλειον
2291 3629 2572 3701 κέκληται.
2604 3633 2674 3686 Τὸ
2713 3629 2958 3708 δεύτερον
3009 3630 3067 3688 δὲ
3115 3633 3203 3688 καὶ
3250 3635 3430 3710 τρίτον
3479 3634 3699 3712 ἐρῥέθη-

2053 3741 2146 3775 σαν
2177 3719 2367 3788 ἀτελῆ,
2401 3715 2539 3774 διότι
2569 3720 2667 3787 τὴν
2701 3717 2860 3790 δεῖξιν
2895 3719 2994 3775 ούκ
3023 3720 3229 3784 εὐθεῖαν
3279 3727 3567 3778 ποιοῦνται
3613 3723 3697 3777 καὶ

2055 3809 2281 3886 φανερὰν
2345 3807 2479 3862 αύτᾶ
2535 3809 2650 3862 καθ’
2707 3809 2884 3862 ἑαυτά·
2943 3808 3164 3864 σκολιὰν
3225 3807 3281 3865 δὲ
3343 3810 3560 3884 μᾶλλον
3613 3812 3697 3865 καὶ

2053 3897 2455 3974 κεκρυμμένην·
2507 3893 2628 3951 οὗτε
2682 3898 2816 3972 πρὸς
2873 3897 3051 3975 φύσιν,
3093 3896 3215 3953 οὔτε
3265 3900 3402 3974 πρὸς
3449 3898 3696 3971 αἴσθησιν

2059 3985 2350 4063 βλέποντα.

2127 4079 2189 4140 ς’.
2221 4077 2290 4130 Τὸ
2333 4075 2426 4148 μὲν
2475 4075 2577 4150 γὰρ
2617 4072 2860 4148 δεύτερον
2907 4083 3102 4151 σχῆμα
3148 4078 3248 4146 τήν
3297 4075 3456 4147 δεῖξιν
3508 4077 3696 4133 ποιού-

2059 4185 2211 4237 μενον
2268 4163 2327 4218 ἐκ
2378 4168 2474 4217 τοῦ
2528 4164 2661 4217 κατά
2719 4164 2915 4226 παντὸς
2977 4164 3035 4219 ἐκ
3088 4169 3194 4219 τῶν
3249 4165 3699 4241 καθολικωτὲρων

2055 4251 2142 4306 ἐπὶ
2191 4252 2258 4306 τὰ
2319 4253 2655 4328 μερικώτερα
2710 4252 2959 4330 φέρεταισ
3020 4253 3109 4307 καὶ
3167 4254 3316 4316 αὗθις
3390 4253 3697 4324 ἀναποδίζει

2054 4341 2142 4396 καὶ
2205 4337 2610 4416 δπισθοδρομεῖ’
2642 4341 2730 4395 καὶ
2790 4343 2902 4396 οἷον
2961 4340 3344 4413 ἀποπλανηθὲν
3388 4348 3487 4397 τοῦ
3537 4344 3699 4420 ὀρθοῦ

2053 4427 2216 4484 πάλιν
2270 4431 2328 4484 ἐκ
2375 4433 2479 4483 τῶν
2529 4429 2805 4504 προτέρων
2839 4431 2972 4504 (καὶ)
3012 4429 3461 4508 καθολικωτέρων
3515 4434 3698 4509 ἀρχῶν

2055 4517 2136 4573 ἐπ’
2168 4516 2313 4572 ἄλλα
2342 4519 2554 4595 φέρεται
2589 4519 2944 4594 μερικώτερα.
2975 4521 3134 4573 Ὅταν
3169 4517 3216 4574 δ’
3246 4519 3304 4574 ἐκ
3338 4525 3437 4575 τοῦ
3485 4520 3539 4576 ἐν
3586 4520 3702 4594 ὅλῳ

2055 4607 2256 4682 συνάγῃ
2281 4611 2441 4661 τοῦτο
2469 4607 2532 4660 τὸ
2563 4614 2756 4682 σχῆμα
2784 4608 2846 4662 τὸ
2877 4605 3147 4682 δεύτερον,
3178 4608 3302 4664 τότε
3350 4608 3410 4664 ἐκ
3452 4615 3564 4665 τῶν
3616 4632 3704 4684 με·

2055 4695 2361 4773 ρικωτέρων
2417 4695 2502 4749 ἐπὶ
2556 4698 2623 4750 τὰ
2677 4694 3101 4772 καθολικώτερα·
3140 4694 3556 4774 προερχόμενον
3605 4721 3701 4754 πα-

306 4798 565 4860 diens,et
595 4793 804 4866 prioris
826 4789 1096 4863 principii
1125 4788 1284 4844 velut
1303 4787 1484 4844 oblita
1499 4803 1566 4841 ex
1598 4785 1711 4840 alio
1729 4787 1800 4841 ad
1828 4787 1944 4858 pri-

2072 4785 2422 4862 Ιιιμπόρευτον
2471 4783 2694 4860 γίνεται,
2744 4786 2833 4839 καὶ
2881 4793 2983 4855 τῆς
3027 4785 3293 4863 προτέρας
3356 4787 3539 4864 ἀρχῆς
3589 4789 3698 4843 οἷον

307 4899 466 4938 mam
500 4887 715 4936 metam
747 4879 1034 4934 defertur:
1060 4880 1234 4947 atque
1263 4875 1345 4930 ita
1373 4875 1694 4930 contortam
1724 4878 1781 4928 et
1810 4891 1946 4929 con-

305 4973 497 5027 fusam
529 4968 919 5025 ostensionem
950 4965 1146 5021 efficit.

374 5150 429 5203 7.
460 5145 634 5218 Atqui
662 5146 798 5200 huic
825 5145 1024 5216 ﬁgurae
1055 5161 1086 5198 e
1115 5143 1342 5198 diverso
1368 5141 1540 5196 tertia
1571 5142 1776 5197 affecta
1805 5145 1894 5198 est
1925 5160 1937 5197 :

304 5243 370 5294 ut
398 5253 527 5309 quae
554 5251 622 5290 ex
651 5251 717 5290 eo
743 5250 859 5305 quo
888 5238 977 5288 est
1005 5233 1076 5287 de
1105 5231 1286 5299 omni,
1320 5231 1435 5287 duo
1467 5230 1704 5302 quidem
1733 5231 1945 5302 princi-

305 5327 422 5400 pia,
472 5341 648 5380 unam
709 5327 904 5378 autem
972 5326 1189 5376 metam
1238 5318 1737 5391 particulariorem
1793 5320 1946 5391 prin-

304 5415 511 5489 cipiis;
542 5429 612 5470 ex
640 5429 706 5468 eo
755 5415 948 5467 autem
979 5411 1134 5481 quod
1179 5415 1268 5464 est
1296 5409 1355 5464 in
1405 5413 1524 5465 toto
1571 5426 1756 5464 unum
1788 5410 1942 5465 349

305 5505 544 5579 quidem
571 5500 950 5575 principium,
982 5499 1084 5554 sed
1115 5499 1261 5553 duas
1309 5502 1494 5554 metas
1522 5499 1625 5554 tali
1658 5499 1945 5571 principio

307 5591 755 5653 universaliores
790 5589 1023 5644 habeat.

372 5687 426 5740 8.
455 5683 741 5749 Quoniam
791 5678 968 5750 igitur
996 5678 1122 5729 dua:
1171 5676 1366 5747 ﬁgurae
1393 5676 1650 5730 secunda
1696 5681 1752 5730 et
1781 5677 1948 5732 tertia

301 5779 524 5833 rectam
583 5769 978 5828 ostensionem
1038 5763 1274 5834 assequi
1339 5782 1453 5818 non
1501 5763 1831 5835 quiverunt,
1892 5769 1950 5820 et

303 5865 511 5928 exinde
557 5863 734 5922 etiam
781 5856 1135 5934 imperfecta
1184 5857 1396 5909 vocatae
1445 5857 1586 5910 sunt
1627 5870 1642 5921 ;
1692 5854 1764 5909 ad
1814 5869 1947 5926 per-

2058 4873 2446 4947 ἐπιλαθόμενον
2472 4872 2523 4943 ἐξ
2559 4873 2738 4948 ἑτέρας
2773 4875 2986 4953 φέρεται
3036 4875 3174 4951 πρὸς
3225 4877 3289 4930 τὸ
3343 4881 3559 4953 πρῶτον
3614 4898 3702 4932 κα-

2053 4964 2321 5036 τάντημαο
2371 4961 2460 5016 καὶ
2513 4960 2656 5016 οὕτω
2709 4963 2808 5031 τὴν
2867 4960 3027 5033 δεῖξιν
3081 4963 3554 5038 συνεστραμμένην
3613 4964 3700 5019 καὶ

2055 5051 2465 5126 συγκεχυμένην
2499 5048 2798 5126 ἐργάζεται.

2123 5141 2184 5208 ζ’.
2235 5135 2552 5213 Τοῦμπαλιν
2604 5136 2660 5193 δὲ
2713 5137 2892 5211 τούτῳ
2947 5144 3026 5211 τῷ
3082 5141 3330 5216 σχήματι
3384 5142 3586 5218 πάσχει
3639 5140 3699 5195 τὰ

2049 5227 2252 5305 τρίτον·
2290 5226 2350 5282 ἐκ
2383 5227 2476 5300 μὲν
2507 5231 2606 5282 τοῦ
2634 5227 2771 5282 κατὰ
2797 5228 3016 5297 παντὸς,
3050 5225 3145 5282 δύο
3175 5229 3271 5291 τὰς
3327 5231 3496 5306 ἀρχὰς
3549 5229 3698 5308 ἔχον,

2049 5317 2106 5372 ἓν
2151 5314 2209 5371 δὲ
2253 5317 2318 5372 τὸ
2364 5316 2682 5390 κατάντημα
2734 5317 3096 5392 μερικώτερον
3141 5322 3251 5372 τῶν
3302 5319 3510 5394 ἀρχῶν·
3545 5319 3606 5373 ἐκ
3647 5315 3700 5372 δὲ

2050 5410 2147 5460 τοῦ
2197 5405 2248 5461 ἐν
2301 5403 2420 5478 ὅλῳ
2471 5405 2593 5478 μίαν
2647 5405 2740 5479 μὶν
2777 5407 2876 5474 τήν
2907 5405 3110 5480 ἀρχὴν,
3145 5403 3240 5460 δύο
3263 5403 3321 5461 δὲ
3347 5408 3416 5461 τὰ
3443 5409 3702 5477 καταντή-

2058 5515 2198 5569 ματα
2225 5492 2633 5571 καθολικώτερα
2659 5501 2759 5564 τῆς
2787 5494 3050 5565 τοιαύτης
3083 5494 3281 5571 ἀρχῆς.

2127 5675 2196 5744 η’.
2229 5673 2376 5728 Ἐπεὶ
2406 5676 2533 5749 γοῦν
2561 5671 2626 5726 τὰ
2658 5669 2752 5726 δύο
2799 5673 3058 5747 σχήματα
3104 5673 3166 5726 τὸ
3213 5670 3457 5748 δεύτερον
3501 5672 3592 5727 καὶ
3640 5673 3700 5726 τὸ

2055 5763 2236 5838 τρίτον
2293 5762 2563 5840 ἐφικέσθαι
2617 5769 2718 5830 τῆς
2765 5761 2968 5822 εὐθείας
3021 5759 3234 5832 δείξεως
3286 5761 3349 5815 οὐ
3395 5760 3696 5831 δεδύνηται,

2055 5852 2146 5908 καὶ
2193 5847 2364 5921 ἀτελη
2408 5850 2718 5915 ωύντεῦθεν
2791 5847 3123 5922 ἐκλήθησαν·
3179 5848 3388 5906 δέονται
3430 5850 3565 5928 πρὸς
3612 5870 3697 5905 τε·
