4108 6458
302 524 424 585 965

1653 517 2002 582 EPITOME
2045 517 2352 580 LOGIGA.

303 652 548 725 λείωσιν,
580 653 753 710 εἷ’τουν
811 653 949 729 πρὸς
999 654 1098 723 τήν
1160 653 1236 715 εἰς
1291 652 1355 707 τὸ
1413 652 1559 713 εὐθές
1603 658 1704 722 τῆς
1734 649 1988 724 δείξεως]

2101 651 2369 708 actionem
2398 652 2521 708 sive
2550 651 2621 708 ad
2654 651 2763 708 hoc
2787 655 2853 707 ut
2881 653 2953 708 ad
2986 653 3393 711 rectitudinem
3425 661 3706 715 ostensio-

301 741 516 814 ἄνοδον,
567 744 930 822 ἀντιστροφῶν
978 764 1038 798 τε
1092 741 1304 815 ἁπλῶν,
1344 743 1435 796 καὶ
1478 749 1579 812 τῆς
1628 741 1705 803 είς
1751 737 1948 795 ἀδύνα-

302 853 396 888 τον
426 829 517 888 καὶ
549 823 749 888 ἄτοπον
780 833 1090 908 ἀναγωγῆς.

378 1005 444 1069 θδ.
474 1011 675 1067 Γίνεται
725 1008 783 1067 δὲ
827 1013 863 1081 ἡ
901 1009 1125 1080 τοιαύτη
1176 1009 1466 1085 ἀπαγωγὴ,
1499 1006 1624 1064 ὅταν
1672 1005 1822 1068 τινὸς
1874 1005 1956 1060 oi-

311 1099 421 1155 ονεὶ
467 1104 546 1172 τῷ
599 1103 697 1154 τοῦ
753 1096 1128 1176 συλλογισμοῦ
1170 1095 1586 1173 συμπεράσματι
1639 1092 1957 1169 ἀντιλέγον-

309 1210 425 1259 τος,
457 1189 493 1258 “li
539 1193 638 1262 μιᾷ
681 1209 786 1244 τινι
836 1191 955 1243 τῶν
993 1187 1304 1260 προτάσεων
1347 1184 1524 1256 τεθείη
1576 1185 1638 1240 τὸ
1683 1185 1958 1261 ἀντιφατι-

311 1283 424 1340 κῶς
453 1277 849 1350 ἀντικείμενον·
901 1275 1180 1330 κάντεῦθεν
1243 1273 1536 1350 συναχθείη
1597 1270 1849 1327 ἀδύνατόν
1907 1293 1960 1326 τι

312 1364 403 1420 καὶ
434 1362 664 1420 ἄτοπον·
711 1363 970 1420 ἀδύνατον
1007 1365 1124 1437 μὲν,
1158 1362 1234 1425 ὡς
1275 1363 1412 1440 πρὸς
1450 1363 1513 1417 τὸ
1561 1366 1805 1439 πρᾶγμα,
1837 1357 1963 1415 ἄτο-

311 1469 414 1510 πον
447 1451 526 1525 δὲ,
559 1455 634 1518 ὡς
662 1455 800 1531 πρὸς
828 1454 920 1508 τὸν
955 1452 1138 1530 λόγον.

391 1635 439 1690 ι’.
474 1634 600 1688 Οἴον
647 1633 735 1688 ἐπὶ
792 1637 891 1688 τοῦ
942 1626 1210 1708 παρόντος
1267 1628 1681 1705 συλλογισμοῦ·
1731 1628 1804 1684 Οὐ
1860 1633 1964 1684 πᾶν

319 1722 512 1778 λευκὸν
547 1726 682 1791 ζῶον
704 1741 718 1755 ο
768 1727 875 1784 πᾶς
906 1719 1190 1798 ἄνθρωπος
1223 1724 1360 1788 ζῶον
1387 1740 1400 1754 ο
1452 1718 1514 1773 ού
1558 1724 1661 1773 πᾶν
1693 1715 1798 1794 ἄρα
1843 1716 1966 1773 λευ-

319 1812 414 1867 κὸν
449 1809 758 1888 ἄνθρωπος⁹
820 1806 876 1864 εἷ’
912 1831 996 1872 τις
1043 1807 1257 1880 ένσταίη
1305 1809 1380 1882 μὴ
1433 1806 1636 1879 ἀληθὲς
1698 1807 1832 1862 εἶναι
1883 1809 1968 1877 τὸ,

323 1899 397 1954 Οὗ
449 1904 554 1954 πᾶν
607 1896 799 1954 λευκὸν
855 1896 1174 1974 ἄνθρωπος⁸
1226 1892 1372 1952 ἔσται
1429 1896 1786 1974 ἀντιφατικῶς
1827 1894 1972 1967 αὐτῷ

2061 741 2154 796 nis
2202 741 2538 812 perveniant
2596 745 2723 796 tum
2780 740 3148 813 simplicibus
3203 745 3705 819 conversionibus,

2061 834 2188 886 tum
2219 831 2569 887 abductione
2595 831 2666 886 ad
2696 830 3061 902 impossibile
3090 833 3532 908 absurdumque
3559 837 3709 893 indi-

2105 923 2224 975 ent.

2105 935 2224 975 ent.

2065 935 2188 1064 g9.
2224 1008 2315 1064 Fit
2370 1012 2564 1064 autem
2623 1009 2913 1080 ejusmodi
2970 1010 3265 1079 abductio,
3309 1015 3543 1084 quando
3598 1014 3712 1071 ali-

2067 1097 2201 1169 quis
2262 1097 2440 1153 veluti
2505 1097 2869 1154 conclusioni
2934 1098 3259 1172 syllogismi
3327 1103 3708 1174 contradicat,

2067 1189 2169 1242 aut
2218 1186 2318 1241 uni
2365 1203 2433 1242 ex
2478 1186 2998 1258 propositionibus,
3043 1189 3488 1246 contradictorie
3540 1209 3713 1265 repu-

2069 1291 2257 1348 gnans
2299 1279 2632 1346 sumptum;
2683 1279 2741 1331 et
2795 1275 2931 1330 inde
2985 1275 3347 1349 impossibile
3404 1279 3625 1352 aliquid
3657 1286 3716 1338 et

2071 1364 2392 1420 absurdum
2439 1361 2748 1419 collectum
2796 1363 2972 1419 fuerit
3013 1381 3026 1419 :
3068 1365 3434 1437 impossibile
3473 1370 3711 1441 quidem

2071 1456 2139 1508 ut
2167 1453 2360 1525 quoad
2408 1468 2564 1519 rem;
2616 1451 2939 1508 absurdum
2963 1469 3118 1519 vero,
3153 1459 3217 1509 ut
3261 1457 3454 1526 quoad
3501 1457 3714 1515 oratio-

2077 1557 2232 1597 nem.

2148 1631 2236 1685 10.
2268 1628 2441 1685 Velut
2494 1628 2556 1683 in
2605 1633 2891 1701 praesente
2943 1629 3282 1704 syllogismo
3317 1650 3330 1687 :
3363 1634 3488 1690 Non
3545 1653 3718 1692 omne

2077 1717 2278 1775 album
2309 1716 2558 1785 animal;
2600 1717 2792 1773 omnis
2842 1719 3015 1774 homo
3075 1719 3324 1790 animal;
3378 1739 3494 1780 non
3550 1741 3723 1781 omne

2078 1808 2260 1882 igitur
2287 1807 2485 1862 album
2517 1807 2690 1862 homo
2720 1823 2733 1861 :
2768 1807 2817 1862 si
2849 1807 2982 1879 quis
3011 1808 3192 1865 instet
3216 1827 3332 1866 non
3365 1827 3495 1870 esse
3520 1831 3722 1870 verum

2078 1898 2210 1966 hoc,
2241 1896 2365 1952 Non
2396 1911 2568 1952 omne
2597 1895 2796 1951 album
2828 1902 2920 1952 est
2947 1897 3146 1964 homo,
3168 1901 3278 1954 erit
3300 1900 3546 1973 (verum)
3570 1905 3725 1975 quod

326 1985 689 2062 ἀντικείμενον
730 1985 930 2058 ἀληθὲς
976 1987 1060 2060 τὸ,
1103 1990 1214 2041 Πᾶν
1260 1985 1450 2042 λευκὸν
1511 1982 1816 2061 ἄνθρωπος.
1851 1984 1973 2040 Ἐπὶ

2101 1987 2134 2042 :i
2185 1984 2630 2041 contradictoris
2680 1985 3014 2056 opponitur,
3046 1986 3231 2043 Omne
3282 1989 3480 2045 album
3530 1991 3726 2048 homo.

325 2078 542 2132 πάντων
573 2077 675 2153 γὰρ
702 2080 809 2130 τῶν
836 2070 1007 2131 ὄντων
1035 2097 1095 2130 τε
1120 2076 1212 2130 καὶ
1254 2076 1330 2148 μή
1385 2069 1554 2128 ὅντων
1605 2073 1824 2150 θάτερον
1879 2072 1975 2147 μό-

330 2185 446 2242 ριον
493 2171 596 2235 τῆς
639 2164 971 2242 ἀντιφάσεως
1020 2161 1241 2238 ἀληθὲς,
1273 2164 1335 2218 τὸ
1383 2159 1428 2217 δ’
1477 2158 1620 2217 ἄλλο
1671 2159 1883 2236 ψευδές.
1915 2161 1980 2217 Ei

325 2253 502 2310 τοίνυν
558 2253 642 2326 τὸ,
695 2253 771 2307 Ού
845 2258 948 2308 πᾶν
1007 2251 1197 2308 λευκὸν
1257 2249 1540 2328 ἄνθρωπος
1611 2247 1695 2322 εἷίη
1754 2247 1978 2326 ψευδές·

330 2337 476 2399 ἔσται
531 2340 598 2412 δὴ
659 2341 862 2412 ἀληθὲς
920 2341 972 2413 ἐξ
1032 2341 1269 2418 ἀνάγκης
1319 2342 1383 2396 τὸ
1422 2341 1777 2416 ἀντιφατικῶς
1836 2340 1983 2412 αὐτῷ

331 2431 724 2505 ἀντικείμενον,
775 2429 906 2505 ὅπερ
957 2429 1069 2486 έστί
1115 2431 1200 2503 τὸ,
1252 2436 1362 2486 Πᾶν
1423 2429 1614 2485 λευκὸν
1674 2429 1980 2505 ἄνθρωπος.

334 2520 685 2578 Ἀντίκεινται
742 2520 847 2597 γὰρ
903 2519 1266 2597 ἀντιφατικῶς
1323 2516 1602 2590 ἀλλήλαις
1646 2520 1681 2587 ἡ
1733 2522 1838 2580 πᾶς
1894 2515 1983 2571 καὶ

334 2611 372 2680 ἠ
424 2609 486 2664 ού
532 2615 670 2672 πᾶς’
718 2605 822 2663 καί
852 2606 1016 2663 πάλιν
1056 2611 1092 2678 ἡ
1139 2607 1222 2670 τὶς
1272 2607 1362 2662 καὶ
1391 2609 1426 2677 ἠ
1457 2604 1656 2670 οὐδείς.
1688 2606 1752 2661 Εἰ
1807 2606 1984 2661 τοίνυν

339 2696 429 2754 διὰ
472 2699 572 2768 τὴν
619 2694 881 2768 ἔνστασιν,
921 2701 1031 2752 Πᾶν
1080 2695 1271 2752 λευκὸν
1325 2697 1626 2773 ἄνθρωπος,
1655 2694 1722 2764 ἦν
1775 2692 1832 2749 δὲ
1891 2693 1988 2767 μία

337 2786 598 2861 πρότασις
645 2791 744 2842 τοῦ
789 2785 1032 2848 τεθέντος
1080 2783 1457 2861 συλλογισμοῦ
1501 2785 1584 2854 τὸ,
1627 2790 1738 2846 Πᾶς
1782 2781 1986 2859 ἄνθρω-

339 2896 444 2939 πος
495 2879 664 2946 ζῶον·
736 2869 994 2937 λαϐόντες
1052 2875 1152 2944 τήν
1217 2875 1474 2944 τοιαύτην
1554 2872 1836 2950 πρότασιν,
1897 2871 1986 2926 καὶ

340 2966 441 3035 τὴν
500 2963 559 3019 ἐκ
627 2969 730 3035 τῆς
796 2962 1090 3025 ἐνστάσεως
1136 2967 1233 3018 τοῦ
1283 2961 1684 3037 ἀντιλέγοντος,
1740 2965 1985 3016 τοιοῦτον

341 3054 644 3125 ποιήσομεν
680 3046 1081 3128 συλλογισμόνο
1133 3055 1244 3106 Πᾶν
1290 3048 1481 3106 λευκὸν
1517 3051 1832 3124 ἄνθρωπος’
1884 3053 1988 3110 πᾶς

344 3143 626 3219 ἄνθρωπος
658 3145 826 3211 ζῶον
875 3146 978 3195 πᾶν
1024 3139 1215 3195 λευκὸν
1268 3143 1428 3209 ζῶον.
1461 3136 1618 3194 Ἀλλ’
1658 3139 1724 3208 ἦν
1774 3136 1886 3207 καὶ,
1915 3135 1988 3191 Ού

342 3237 448 3286 πᾶν
497 3227 688 3284 λευκὸν
739 3233 899 3299 ζῶον,
938 3227 1198 3306 πρότασις
1246 3225 1658 3303 ὡμολογημένη
1714 3226 1849 3282 κατά
1896 3227 1987 3281 τὸν

341 3318 606 3394 πρότερον
663 3315 1062 3393 συλλογισμόν.
1119 3315 1273 3372 Οὕτω
1328 3316 1431 3392 γὰρ
1503 3316 1650 3391 εἶχεν
1707 3315 1907 3377 ἐκεῖνος
1963 3315 1991 3369 ὁ

2090 2077 2154 2132 In
2185 2074 2462 2130 omnibus
2509 2074 2666 2129 enim
2715 2089 2848 2129 cum
2899 2090 3024 2146 qua:
3073 2080 3231 2143 sunt,
3264 2082 3389 2133 tum
3437 2095 3564 2150 quae
3613 2097 3728 2137 non

2091 2167 2252 2230 sunt,
2279 2162 2462 2219 altera
2507 2162 2984 2218 contradictionis
3014 2180 3148 2235 pars
3175 2183 3328 2238 vera,
3355 2166 3538 2224 altera
3584 2169 3732 2225 falsa

2090 2257 2198 2309 est.
2229 2252 2390 2316 Quod
2422 2251 2472 2307 si
2510 2239 2690 2323 igitur
2736 2251 2865 2317 hoc,
2896 2251 3021 2308 Non
3067 2270 3238 2310 omne
3286 2255 3483 2312 album
3532 2257 3728 2325 homo,

2092 2341 2305 2398 falsum
2356 2339 2549 2410 fuerit,
2579 2356 2782 2395 verum
2833 2339 3036 2412 utique
3082 2343 3255 2398 fuerit
3291 2345 3446 2402 350
3476 2348 3632 2418 quod
3680 2348 3733 2403 ei

2093 2427 2536 2487 contradictorie
2566 2429 2910 2501 opponitur;
2953 2431 3108 2503 quod
3156 2437 3265 2500 est,
3299 2433 3483 2491 Omne
3529 2435 3732 2492 album

2093 2525 2183 2576 est
2210 2519 2404 2574 homo.
2427 2516 2884 2573 Contradictorie
2913 2519 3070 2574 enim
3101 2527 3476 2593 opponuntur
3506 2525 3616 2580 sibi
3645 2526 3734 2580 in-

2094 2609 2277 2664 vicem
2309 2604 2778 2678 (propositiones)
2812 2606 3004 2662 omnis
3026 2613 3082 2663 et
3102 2625 3217 2666 non
3239 2613 3451 2680 omnis,
3477 2630 3736 2670 rursum-

2097 2713 2210 2769 que
2237 2693 2453 2766 aliquis
2482 2699 2540 2749 et
2568 2694 2785 2751 nullus.
2810 2695 2868 2750 Si
2900 2695 3082 2768 igitur
3110 2704 3346 2771 propter
3369 2701 3732 2772 instantiam,

2096 2785 2281 2840 Omne
2317 2783 2515 2838 album
2565 2782 2767 2851 homo;
2815 2789 2940 2840 erat
2993 2790 3189 2842 autem
3247 2805 3364 2844 una
3417 2791 3736 2862 propositio

2097 2871 2421 2946 syllogismi
2468 2871 2640 2942 positi
2689 2871 2852 2927 haec:
2895 2874 3096 2930 Omnis
3150 2875 3324 2932 homo
3371 2878 3611 2946 animal,
3644 2896 3737 2935 ac-

2098 2968 2264 3034 cepta
2291 2961 2400 3015 hac
2429 2959 2823 3032 propositione
2869 2965 2928 3016 et
2970 2978 3038 3017 ea
3083 2979 3210 3035 quae
3258 2969 3348 3020 est
3394 2982 3464 3022 ex
3511 2972 3738 3024 contra-

2099 3050 2348 3106 dicentis
2395 3048 2693 3117 instantia,
2725 3048 2900 3105 talem
2951 3050 3356 3124 syllogismum
3405 3054 3735 3113 faciemus:

2100 3140 2287 3195 Omne
2323 3137 2522 3194 album
2570 3137 2773 3208 homo;
2806 3139 2999 3195 omnis
3047 3139 3221 3197 homo
3267 3143 3514 3214 animal;
3565 3161 3740 3201 omne

2101 3227 2302 3284 album
2333 3225 2572 3283 animal.
2605 3227 2715 3282 Sed
2753 3231 2878 3283 erat
2923 3228 3100 3284 etiam
3148 3247 3264 3286 non
3317 3248 3490 3288 omne
3541 3233 3739 3289 album

2102 3315 2363 3390 (animal)
2385 3316 2710 3372 secundum
2740 3317 2990 3388 priorem
3020 3317 3426 3392 syllogismum
3458 3339 3744 3380 consensa

346 3387 739 3484 συλλογισμός·
784 3387 864 3461 Ού
922 3387 1024 3461 πᾶν
1082 3404 1272 3461 λευκὸν
1335 3387 1493 3475 ξῶονο
1552 3387 1655 3467 πᾶς
1708 3401 1988 3482 ἅνθρωπος

2103 3387 2160 3462 et
2189 3406 2508 3478 approbata
2551 3387 2890 3477 propositio.
2921 3406 3017 3462 Sic
3053 3387 3210 3464 enim
3240 3407 3337 3465 ille
3365 3409 3744 3483 syllogismus

350 3501 508 3567 ζῶον·
560 3496 622 3551 ού
669 3502 773 3551 πᾶν
843 3494 1035 3551 λευκὸν
1089 3491 1390 3571 ἄνθρωπος.
1440 3495 1538 3548 Διά
1583 3498 1713 3569 γοῦν
1761 3495 1862 3562 τήν
1913 3492 1996 3548 ἔν-

349 3606 532 3642 στασιν
560 3582 906 3656 ἠκολούθησε
932 3585 996 3639 τὸ
1025 3589 1128 3638 πᾶν
1163 3581 1351 3638 λευκὸν
1404 3582 1536 3637 εἶναι
1589 3585 1746 3652 ζῶον.
1781 3587 1890 3636 Πᾶν
1942 3579 2000 3636 δὲ

352 3673 545 3729 λευκὸν
608 3677 743 3742 ζῶον
795 3672 949 3743 εἶναι,
1000 3671 1089 3727 καὶ
1142 3670 1204 3726 οὐ
1251 3677 1354 3726 πᾶν
1411 3670 1602 3726 λευκὸν
1657 3674 1792 3740 ζῶον
1842 3670 1996 3742 εἶναι,

354 3760 610 3818 ἀδύνατον
667 3763 737 3836 τῇ
795 3759 948 3839 φύσει
1002 3765 1100 3816 τοῦ
1155 3760 1497 3836 πράγματος,
1544 3759 1633 3814 καὶ
1681 3757 1880 3814 ἄτοπον
1936 3758 2000 3812 τὸ

356 3850 533 3928 λέγειν
585 3848 722 3921 ὅλην
775 3851 871 3920 τὴν
931 3849 1207 3928 ἀντίφασιν
1265 3845 1547 3918 ἀληθεύειν
1593 3848 1734 3921 ὁμοῦ
1783 3847 1868 3902 ἐπὶ
1897 3852 2000 3902 τοῦ

357 3939 523 3996 αὐτοῦ
551 3939 639 3994 καὶ
671 3939 808 4010 ένὸς,
839 3937 1136 4006 τουτέστιν,
1168 3939 1197 3992 ὁ
1225 3941 1474 4000 τοιοῦτος
1523 3935 1684 4013 λόγος
1733 3935 1831 3991 οὐκ
1883 3932 1998 4012 ἔχει

355 4028 522 4082 τόπον
579 4028 668 4083 καὶ
724 4027 912 4102 χώραν
970 4023 1315 4102 παραδοχῆς,
1367 4023 1492 4080 ἀλλ’
1549 4023 1659 4079 ἐστὶ
1718 4023 2000 4086 παντελῶς

355 4114 761 4193 ἀπαράδεκτος·
809 4115 871 4170 τὸ
919 4112 1176 4170 ἀδύνατόν
1226 4135 1284 4169 τε
1327 4114 1418 4168 καὶ
1447 4111 1650 4168 ἄτοπον
1699 4116 1768 4187 τῇ
1817 4111 2001 4168 ἐνστά-

354 4227 434 4262 σει
463 4210 560 4261 τοῦ
609 4201 983 4280 ἀντιλέγοντος
1031 4201 1436 4274 ἠκολούθησαν.
1466 4203 1619 4258 Ὅθεν
1665 4199 1856 4277 ψευδὲς
1909 4203 2002 4276 μὲν

349 4295 414 4349 τὸ
469 4301 574 4363 τῆς
633 4293 946 4365 ἑνστάσεως,
997 4291 1199 4362 ἀληθές
1259 4289 1316 4346 δὲ
1368 4291 1431 4346 τὸ
1491 4291 1852 4367 συμπέρασμα
1904 4296 2001 4346 τοῦ

346 4379 618 4460 προτέρου
667 4379 1065 4456 συλλογισμοῦ,
1111 4378 1199 4449 τὸ,
1249 4378 1321 4434 Ού
1370 4384 1473 4434 πᾶν
1547 4377 1738 4435 λευκὸν
1793 4376 2001 4456 ἅνθρω-

348 4492 475 4534 πος.
515 4472 585 4526 Τὸ
635 4467 682 4525 δ’
711 4467 840 4526 αύτὸ
889 4467 1148 4524 ἀδύνατόν
1190 4489 1250 4523 τε
1296 4468 1386 4523 καὶ
1437 4464 1636 4524 ἄτοπον
1680 4465 1866 4524 ἕπεται
1911 4468 2001 4523 καὶ

351 4560 668 4636 προτάσεως
699 4555 806 4614 εἷ’τε
831 4564 931 4628 τῆς
978 4555 1267 4620 ἐλάττονος
1311 4554 1418 4612 εἷ’τε
1462 4564 1564 4627 τῆς
1606 4557 1851 4630 μείζονος
1897 4557 2001 4627 λη-

355 4648 582 4728 φθείσης
613 4644 846 4722 ψευδοῦς
877 4647 929 4702 έν
962 4644 1320 4723 συλλογισμῷ
1365 4645 1676 4719 σωζομένου
1720 4650 1819 4701 τοῦ
1861 4648 2005 4723 σχή-

363 4758 530 4812 ματος
561 4737 772 4813 ὑγιοῦς.
802 4737 1001 4791 Τοῦτον
1039 4735 1132 4808 μὲν
1167 4733 1259 4790 οὖν
1308 4734 1401 4789 τὸν
1449 4735 1652 4812 τρόπον
1680 4738 1716 4806 ἡ
1748 4735 1824 4798 εἷς
1882 4733 2006 4792 ἀδύ-

359 4847 518 4882 νατον
547 4825 784 4881 τελεῖται
814 4825 1082 4901 ἀπαγωγή
1094 4868 1107 4882 .

432 5007 535 5062 καί.
564 5005 764 5082 Καιρὸς
809 5000 869 5059 δὲ
907 5001 1101 5058 λοιπὸν
1146 5000 1275 5065 τοὺς
1317 5005 1414 5056 τοῦ
1463 4998 1712 5078 δευτέρου
1762 5001 1852 5056 καί
1894 5002 2006 5078 τρί-

360 5115 460 5151 του
489 5095 776 5170 σχήματος
810 5089 1264 5168 συλλογιστικοὺς
1291 5089 1526 5167 τρόπους
1558 5089 1634 5153 εἰς
1675 5089 1738 5145 τὸ
1787 5093 2002 5166 πρῶτον

362 5189 561 5261 σχῆμα
590 5179 660 5236 δι’
691 5178 1103 5258 ὑποδειγμάτων
1131 5180 1439 5256 ἀναγαγεῖν.

437 5273 529 5350 ιβ’.
579 5273 804 5348 Πρῶτος
851 5269 1037 5326 τοίνυν
1083 5268 1290 5346 τρόπος
1333 5273 1431 5324 τοῦ
1487 5265 1738 5344 δευτέρου
1787 5269 2006 5344 σχήμα-

358 5381 475 5430 τος,
507 5363 618 5421 Πᾶς
667 5357 950 5435 ἄνθρωπος
1001 5361 1163 5428 ζῶοψ
1215 5353 1392 5420 οὐδεὶς
1423 5354 1578 5420 λίθος
1613 5359 1778 5425 raw
1830 5352 2007 5417 οὐδεὶς

357 5452 642 5528 ἄνθρωπος
692 5447 866 5511 λίθος.
925 5445 1130 5502 Τούτου
1189 5443 1256 5515 δὴ
1321 5448 1418 5500 τοῦ
1480 5443 1855 5522 συλλογισμοῦ
1908 5445 2009 5514 τὴν

361 5540 533 5616 μείζω
587 5535 846 5614 πρότασιν
904 5535 1370 5614 ἀντιστρέψαντες,
1419 5534 1511 5590 τὸν
1580 5531 1826 5611 δεύτερον
1875 5532 2010 5609 τρό-

357 5651 459 5686 πον
507 5631 605 5683 τοῦ
651 5627 872 5700 πρώτου
919 5627 1208 5701 σχήματος
1259 5621 1641 5697 ἐκτελέσομενο
1694 5621 1811 5678 ἐπεὶ
1839 5623 1939 5699 γὰρ
1972 5625 2006 5692 ἡ

361 5714 542 5779 οὐδεὶς
617 5714 948 5792 ἀντιστρέφει
1020 5713 1156 5791 πρὸς
1227 5715 1442 5783 ἑαυτήν·
1501 5713 1546 5768 εἰ
1605 5709 1781 5774 οὐδεὶς
1857 5711 2010 5774 λίθος

367 5811 532 5882 ζῶον,
559 5805 650 5860 καὶ
680 5801 833 5861 οὐδὲν
869 5808 1006 5874 ζῶον
1039 5801 1212 5866 λίθος.
1245 5807 1358 5865 Πᾶς
1392 5799 1451 5859 δὲ
1497 5799 1782 5879 ἅνθρωπος
1845 5804 2006 5872 ζῶον·

2106 3494 2360 3550 habebat
2391 3511 2403 3549 :
2438 3493 2563 3549 Non
2595 3509 2766 3549 omne
2813 3493 3012 3550 album
3049 3497 3295 3566 animal;
3329 3499 3521 3556 omnis
3568 3499 3743 3557 homo

2108 3582 2360 3650 animal;
2393 3599 2510 3638 non
2558 3599 2730 3638 omne
2779 3581 2978 3639 album
3008 3584 3205 3642 homo.
3240 3587 3476 3660 Propter
3520 3589 3745 3646 instan-

2107 3673 2251 3728 tiam
2282 3671 2460 3744 igitur
2487 3679 2756 3728 secutum
2786 3677 2893 3740 est,
2917 3689 3091 3730 omne
3119 3674 3319 3732 album
3344 3693 3474 3734 esse
3501 3665 3744 3734 animal.

2107 3761 2281 3834 Atqui
2303 3776 2474 3816 omne
2503 3759 2702 3816 album
2729 3777 2859 3816 esse
2883 3762 3100 3818 animal
3121 3769 3180 3819 et
3200 3782 3317 3821 non
3347 3783 3519 3823 omne
3547 3768 3746 3825 album

2109 3866 2237 3906 esse
2285 3849 2525 3918 animal,
2559 3849 2922 3921 impossibile
2951 3856 3040 3907 est
3083 3854 3275 3925 quoad
3324 3856 3406 3912 rei
3453 3861 3746 3927 naturam,

2108 3944 2166 3995 et
2196 3938 2516 3994 absurdum
2550 3943 2640 3993 est
2669 3939 2858 3996 dicere
2897 3944 3080 3996 totam
3111 3945 3632 4002 contradictionem
3665 3947 3750 4002 si-

2110 4027 2232 4083 mul
2264 4028 2333 4082 de
2363 4043 2480 4083 uno
2526 4030 2584 4082 et
2629 4027 2833 4082 eodem
2863 4045 3058 4084 veram
3090 4045 3247 4100 esse;
3297 4032 3405 4088 boc
3455 4039 3564 4103 est,
3597 4037 3751 4106 ejus-

2111 4115 2268 4171 modi
2297 4115 2480 4172 oratio
2511 4132 2626 4171 non
2658 4120 2747 4172 est
2787 4114 2907 4172 ullo
2939 4119 3110 4174 modo
3141 4120 3461 4191 probanda,
3493 4124 3592 4179 sed
3623 4140 3748 4179 om-

2111 4204 2249 4261 nino
2277 4204 2691 4278 improbanda;
2723 4204 3037 4278 ipsumque
3065 4207 3427 4280 impossibile
3456 4216 3514 4266 et
3544 4213 3749 4268 absur-

2110 4295 2252 4350 dum
2300 4295 2372 4349 ad
2419 4293 2762 4350 instantiam
2812 4295 3264 4353 contradicentis
3318 4304 3584 4355 secutum
3639 4305 3748 4372 est.

2111 4381 2274 4438 Unde
2302 4382 2451 4438 85]
2489 4381 2704 4438 falsum
2742 4381 2979 4454 quidem
3009 4389 3100 4439 est
3128 4387 3280 4456 quod
3313 4391 3400 4443 est
3429 4403 3498 4443 ex
3526 4389 3751 4445 instan-

2111 4469 2220 4538 tia;
2252 4487 2388 4526 vera
2433 4475 2630 4526 autem
2680 4469 2891 4542 prioris
2928 4470 3248 4544 syllogismi
3297 4480 3386 4530 est
3434 4475 3750 4548 conclusio,

2113 4558 2255 4626 haec,
2282 4574 2398 4614 non
2426 4574 2599 4614 omne
2628 4557 2826 4614 album
2854 4559 3047 4616 homo.
3071 4562 3229 4617 Idem
3257 4569 3451 4619 autem
3483 4581 3618 4621 cum
3651 4565 3758 4622 im-

2112 4646 2388 4720 possibile
2417 4651 2546 4702 tum
2587 4647 2909 4703 absurdum
2959 4650 3228 4722 sequitur
3256 4653 3304 4707 si
3337 4653 3511 4710 etiam
3544 4671 3754 4728 propo-

2035 4757 2083 4823 Β
2114 4735 2246 4791 sitio
2278 4737 2396 4792 sive
2437 4735 2629 4792 minor
2675 4736 2794 4792 sive
2841 4737 3028 4806 major
3075 4738 3240 4807 falsa,
3292 4746 3529 4813 sumpta
3554 4744 3754 4811 fuerit,

2117 4824 2435 4880 dummodo
2466 4825 2656 4897 figura
2700 4841 2844 4880 sana
2889 4830 3169 4883 servetur.
3201 4828 3318 4884 Hoc
3355 4830 3538 4902 igitur
3584 4833 3756 4890 modo

2113 4913 2386 4969 deductio
2415 4913 2487 4969 ad
2519 4912 2887 4985 imppssibile
2916 4914 3233 4985 perficitur.

2187 5003 2274 5056 11.
2306 5001 2590 5057 Caeterum
2629 5002 2800 5058 modo
2831 5007 3063 5075 tempus
3110 5009 3200 5060 est
3245 5007 3634 5080 syllogisticos
3665 5025 3760 5066 se-

2115 5091 2318 5146 cunda:
2349 5095 2408 5146 et
2436 5090 2616 5146 tertias
2658 5091 2859 5164 figurae
2890 5093 3095 5149 modos
3124 5095 3196 5150 ad
3229 5097 3480 5167 primam
3509 5099 3760 5171 ﬁguram

2116 5195 2220 5252 per
2247 5177 2510 5250 exempla
2536 5179 2872 5235 reducendi.

2188 5269 2274 5322 12.
2308 5267 2538 5323 Primus
2587 5267 2768 5340 igitur
2796 5270 3069 5327 secundae
3114 5273 3314 5345 ﬁgures
3365 5276 3577 5332 modus
3625 5282 3759 5334 est:

2117 5357 2316 5414 Omnis
2348 5355 2524 5412 homo
2573 5356 2821 5426 animal;
2855 5358 3056 5415 nullus
3086 5359 3237 5433 lapis
3279 5363 3532 5432 animal;
3562 5365 3763 5422 nullus

2117 5446 2292 5502 homo
2334 5444 2505 5517 lapis.
2539 5446 2726 5517 Hujus
2756 5463 2896 5503 sane
2927 5435 3248 5522 syllogismi
3299 5453 3580 5524 majorem
3631 5471 3761 5528 pro-

2117 5534 2466 5608 positionem
2533 5534 2584 5590 si
2644 5537 3121 5606 converterimus,
3176 5542 3503 5598 secundum
3561 5545 3764 5614 primae

2118 5625 2316 5696 ﬁgura:
2371 5625 2609 5679 modum
2643 5625 2985 5682 efﬁciemus.
3021 5629 3166 5692 Quia
3216 5629 3370 5685 enim
3419 5632 3762 5702 (propositio

2120 5712 2466 5769 universalis
2488 5714 2776 5786 negativa)
2800 5715 3000 5771 nullus
3028 5717 3086 5771 in
3111 5718 3366 5790 seipsam
3388 5721 3764 5789 convertitur,

2119 5801 2168 5860 si
2200 5800 2402 5858 nullus
2430 5800 2583 5875 lapis
2611 5803 2860 5874 animal;
2891 5805 3070 5862 etiam
3091 5804 3320 5863 nullum
3342 5806 3558 5864 animal
3589 5807 3763 5883 lapis.
