  <div class='ocr_page' id='page_1' title='image "/cluster/home/n/w/nwhite01/storage/ocr_20150623/142/mdp.39015078384792/491.png"; bbox 0 0 4108 6424; ppageno 0'>
   <div class='ocr_carea' id='block_1_1' title="bbox 371 499 490 559">
    <p class='ocr_par' dir='ltr' id='par_1_1' title="bbox 371 499 490 559">
     <span class='ocr_line' id='line_1_1' title="bbox 371 499 490 559; baseline -0.008 0"><span class='ocrx_word' id='word_1_1' title='bbox 371 499 490 559; x_wconf 82' lang='lat'><strong>967</strong></span> 
     </span>
    </p>
   </div>
   <div class='ocr_carea' id='block_1_2' title="bbox 1622 484 2526 547">
    <p class='ocr_par' dir='ltr' id='par_1_2' title="bbox 1622 484 2526 547">
     <span class='ocr_line' id='line_1_2' title="bbox 1622 484 2526 547; baseline 0.001 -1"><span class='ocrx_word' id='word_1_2' title='bbox 1622 485 2042 547; x_wconf 80' lang='lat' dir='ltr'>NICEPHORI</span> <span class='ocrx_word' id='word_1_3' title='bbox 2089 484 2526 547; x_wconf 67' lang='lat' dir='ltr'>BLEMMIDJE</span> 
     </span>
    </p>
   </div>
   <div class='ocr_carea' id='block_1_3' title="bbox 3653 481 3773 542">
    <p class='ocr_par' dir='ltr' id='par_1_3' title="bbox 3653 481 3773 542">
     <span class='ocr_line' id='line_1_3' title="bbox 3653 481 3773 542; baseline 0.008 -1"><span class='ocrx_word' id='word_1_4' title='bbox 3653 481 3773 542; x_wconf 83' lang='lat'>968</span> 
     </span>
    </p>
   </div>
   <div class='ocr_carea' id='block_1_4' title="bbox 372 609 2029 696">
    <p class='ocr_par' dir='ltr' id='par_1_4' title="bbox 372 618 2012 696">
     <span class='ocr_line' id='line_1_4' title="bbox 372 618 2012 696; baseline -0.009 -9"><span class='ocrx_word' id='word_1_5' title='bbox 372 634 446 688; x_wconf 86' lang='lat' dir='ltr'>At</span> <span class='ocrx_word' id='word_1_6' title='bbox 474 629 666 686; x_wconf 91' lang='lat' dir='ltr'>omnis</span> <span class='ocrx_word' id='word_1_7' title='bbox 695 629 869 683; x_wconf 90' lang='lat' dir='ltr'>homo</span> <span class='ocrx_word' id='word_1_8' title='bbox 899 622 1139 696; x_wconf 83' lang='lat' dir='ltr'>animal.</span> <span class='ocrx_word' id='word_1_9' title='bbox 1171 621 1230 678; x_wconf 93' lang='lat' dir='ltr'>Si</span> <span class='ocrx_word' id='word_1_10' title='bbox 1269 621 1462 677; x_wconf 84' lang='lat' dir='ltr'>omnis</span> <span class='ocrx_word' id='word_1_11' title='bbox 1490 620 1665 676; x_wconf 91' lang='lat' dir='ltr'>homo</span> <span class='ocrx_word' id='word_1_12' title='bbox 1704 618 1924 675; x_wconf 78' lang='lat' dir='ltr'>animal</span> <span class='ocrx_word' id='word_1_13' title='bbox 1956 621 2012 674; x_wconf 90' lang='lat' dir='ltr'>et</span> 
     </span>
    </p>
   </div>
   <div class='ocr_carea' id='block_1_5' title="bbox 2142 609 3769 696">
    <p class='ocr_par' dir='ltr' id='par_1_5' title="bbox 2142 609 3769 693">
     <span class='ocr_line' id='line_1_5' title="bbox 2142 609 3769 693; baseline -0.003 -23"><span class='ocrx_word' id='word_1_14' title='bbox 2142 616 2169 670; x_wconf 73' lang='grc' dir='ltr'><strong>ιῖ</strong></span> <span class='ocrx_word' id='word_1_15' title='bbox 2200 623 2301 678; x_wconf 89' lang='grc' dir='ltr'>πᾶς</span> <span class='ocrx_word' id='word_1_16' title='bbox 2331 613 2614 693; x_wconf 77' lang='grc' dir='ltr'>ἅνθρωπος</span> <span class='ocrx_word' id='word_1_17' title='bbox 2650 618 2812 685; x_wconf 86' lang='grc' dir='ltr'>ζώον’</span> <span class='ocrx_word' id='word_1_18' title='bbox 2863 616 2951 670; x_wconf 80' lang='grc' dir='ltr'>καὶ</span> <span class='ocrx_word' id='word_1_19' title='bbox 2991 613 3143 670; x_wconf 70' lang='grc' dir='ltr'>οὐδὲν</span> <span class='ocrx_word' id='word_1_20' title='bbox 3181 619 3316 684; x_wconf 82' lang='grc' dir='ltr'>ζῶον</span> <span class='ocrx_word' id='word_1_21' title='bbox 3361 611 3538 675; x_wconf 91' lang='grc' dir='ltr'>λίθος·</span> <span class='ocrx_word' id='word_1_22' title='bbox 3589 609 3769 673; x_wconf 72' lang='grc' dir='ltr'>οὐδεὶς</span> 
     </span>
    </p>
   </div>
   <div class='ocr_carea' id='block_1_6' title="bbox 374 707 2016 786">
    <p class='ocr_par' dir='ltr' id='par_1_6' title="bbox 374 707 2016 786">
     <span class='ocr_line' id='line_1_6' title="bbox 374 707 2016 786; baseline -0.009 -10"><span class='ocrx_word' id='word_1_23' title='bbox 374 720 605 776; x_wconf 90' lang='lat' dir='ltr'>nullum</span> <span class='ocrx_word' id='word_1_24' title='bbox 652 714 868 773; x_wconf 88' lang='lat' dir='ltr'>animal</span> <span class='ocrx_word' id='word_1_25' title='bbox 913 713 1085 786; x_wconf 91' lang='lat' dir='ltr'>lapis,</span> <span class='ocrx_word' id='word_1_26' title='bbox 1136 711 1332 768; x_wconf 88' lang='lat' dir='ltr'>nullus</span> <span class='ocrx_word' id='word_1_27' title='bbox 1378 710 1552 766; x_wconf 90' lang='lat' dir='ltr'>homo</span> <span class='ocrx_word' id='word_1_28' title='bbox 1600 709 1771 781; x_wconf 82' lang='lat' dir='ltr'>lapis.</span> <span class='ocrx_word' id='word_1_29' title='bbox 1804 715 1888 764; x_wconf 84' lang='lat' dir='ltr'>Ac</span> <span class='ocrx_word' id='word_1_30' title='bbox 1932 707 2016 762; x_wconf 87' lang='lat' dir='ltr'>ita</span> 
     </span>
    </p>
   </div>
   <div class='ocr_carea' id='block_1_7' title="bbox 373 797 2014 882">
    <p class='ocr_par' dir='ltr' id='par_1_7' title="bbox 373 797 2014 882">
     <span class='ocr_line' id='line_1_7' title="bbox 373 797 2014 882; baseline -0.009 -17"><span class='ocrx_word' id='word_1_31' title='bbox 373 809 612 882; x_wconf 85' lang='lat' dir='ltr'>quidem</span> <span class='ocrx_word' id='word_1_32' title='bbox 668 821 771 878; x_wconf 91' lang='lat' dir='ltr'>per</span> <span class='ocrx_word' id='word_1_33' title='bbox 817 801 1347 860; x_wconf 86' lang='lat' dir='ltr'>controversionem</span> <span class='ocrx_word' id='word_1_34' title='bbox 1404 797 1730 871; x_wconf 86' lang='lat' dir='ltr'>simplicem</span> <span class='ocrx_word' id='word_1_35' title='bbox 1786 798 2014 870; x_wconf 91' lang='lat' dir='ltr'>primus</span> 
     </span>
    </p>
   </div>
   <div class='ocr_carea' id='block_1_8' title="bbox 373 884 2017 964">
    <p class='ocr_par' dir='ltr' id='par_1_8' title="bbox 373 884 2017 964">
     <span class='ocr_line' id='line_1_8' title="bbox 373 884 2017 964; baseline -0.01 -10"><span class='ocrx_word' id='word_1_36' title='bbox 373 897 585 954; x_wconf 89' lang='lat' dir='ltr'>modus</span> <span class='ocrx_word' id='word_1_37' title='bbox 616 894 884 952; x_wconf 78' lang='lat' dir='ltr'>secundas</span> <span class='ocrx_word' id='word_1_38' title='bbox 916 892 1115 964; x_wconf 64' lang='lat' dir='ltr'>ﬁgura;</span> <span class='ocrx_word' id='word_1_39' title='bbox 1146 891 1218 945; x_wconf 90' lang='lat' dir='ltr'>ad</span> <span class='ocrx_word' id='word_1_40' title='bbox 1241 889 1491 962; x_wconf 89' lang='lat' dir='ltr'>primam</span> <span class='ocrx_word' id='word_1_41' title='bbox 1523 888 1770 959; x_wconf 87' lang='lat' dir='ltr'>ﬁguram</span> <span class='ocrx_word' id='word_1_42' title='bbox 1797 884 2017 941; x_wconf 85' lang='lat' dir='ltr'>reduci-</span> 
     </span>
    </p>
   </div>
   <div class='ocr_carea' id='block_1_9' title="bbox 371 971 2014 1049">
    <p class='ocr_par' dir='ltr' id='par_1_9' title="bbox 371 971 2014 1049">
     <span class='ocr_line' id='line_1_9' title="bbox 371 971 2014 1049; baseline -0.01 -7"><span class='ocrx_word' id='word_1_43' title='bbox 371 990 488 1042; x_wconf 91' lang='lat' dir='ltr'>tur.</span> <span class='ocrx_word' id='word_1_44' title='bbox 521 989 630 1040; x_wconf 91' lang='lat' dir='ltr'>Per</span> <span class='ocrx_word' id='word_1_45' title='bbox 658 981 1069 1038; x_wconf 90' lang='lat' dir='ltr'>deductionem</span> <span class='ocrx_word' id='word_1_46' title='bbox 1094 983 1290 1034; x_wconf 87' lang='lat' dir='ltr'>autem</span> <span class='ocrx_word' id='word_1_47' title='bbox 1312 977 1384 1032; x_wconf 90' lang='lat' dir='ltr'>ad</span> <span class='ocrx_word' id='word_1_48' title='bbox 1415 974 1778 1049; x_wconf 83' lang='lat' dir='ltr'>impossibile</span> <span class='ocrx_word' id='word_1_49' title='bbox 1807 974 1890 1029; x_wconf 92' lang='lat' dir='ltr'>sic</span> <span class='ocrx_word' id='word_1_50' title='bbox 1917 991 1929 1028; x_wconf 92' lang='lat'><strong>:</strong></span> <span class='ocrx_word' id='word_1_51' title='bbox 1957 971 2014 1027; x_wconf 92' lang='lat' dir='ltr'>Si</span> 
     </span>
    </p>
   </div>
   <div class='ocr_carea' id='block_1_10' title="bbox 374 1061 2016 1140">
    <p class='ocr_par' dir='ltr' id='par_1_10' title="bbox 374 1061 2016 1140">
     <span class='ocr_line' id='line_1_10' title="bbox 374 1061 2016 1140; baseline -0.009 -9"><span class='ocrx_word' id='word_1_52' title='bbox 374 1091 493 1131; x_wconf 93' lang='lat' dir='ltr'>non</span> <span class='ocrx_word' id='word_1_53' title='bbox 521 1077 612 1130; x_wconf 89' lang='lat' dir='ltr'>est</span> <span class='ocrx_word' id='word_1_54' title='bbox 641 1088 843 1128; x_wconf 91' lang='lat' dir='ltr'>verum</span> <span class='ocrx_word' id='word_1_55' title='bbox 873 1071 1002 1140; x_wconf 90' lang='lat' dir='ltr'>hoc,</span> <span class='ocrx_word' id='word_1_56' title='bbox 1043 1066 1251 1124; x_wconf 91' lang='lat' dir='ltr'>Nullus</span> <span class='ocrx_word' id='word_1_57' title='bbox 1293 1066 1467 1122; x_wconf 89' lang='lat' dir='ltr'>homo</span> <span class='ocrx_word' id='word_1_58' title='bbox 1515 1065 1695 1138; x_wconf 89' lang='lat' dir='ltr'>lapis;</span> <span class='ocrx_word' id='word_1_59' title='bbox 1744 1078 1884 1120; x_wconf 88' lang='lat' dir='ltr'>sane</span> <span class='ocrx_word' id='word_1_60' title='bbox 1915 1061 2016 1116; x_wconf 86' lang='lat' dir='ltr'>ali-</span> 
     </span>
    </p>
   </div>
   <div class='ocr_carea' id='block_1_11' title="bbox 376 1149 2016 1237">
    <p class='ocr_par' dir='ltr' id='par_1_11' title="bbox 376 1149 2016 1237">
     <span class='ocr_line' id='line_1_11' title="bbox 376 1149 2016 1237; baseline -0.01 -16"><span class='ocrx_word' id='word_1_61' title='bbox 376 1164 511 1237; x_wconf 93' lang='lat' dir='ltr'>quis</span> <span class='ocrx_word' id='word_1_62' title='bbox 543 1163 718 1218; x_wconf 87' lang='lat' dir='ltr'>homo</span> <span class='ocrx_word' id='word_1_63' title='bbox 747 1160 898 1232; x_wconf 83' lang='lat' dir='ltr'>lapis</span> <span class='ocrx_word' id='word_1_64' title='bbox 926 1159 1055 1215; x_wconf 91' lang='lat' dir='ltr'>erit.</span> <span class='ocrx_word' id='word_1_65' title='bbox 1081 1158 1234 1214; x_wconf 72' lang='lat'>852</span> <span class='ocrx_word' id='word_1_66' title='bbox 1264 1156 1367 1212; x_wconf 85' lang='lat' dir='ltr'>Est</span> <span class='ocrx_word' id='word_1_67' title='bbox 1387 1158 1581 1210; x_wconf 90' lang='lat' dir='ltr'>autem</span> <span class='ocrx_word' id='word_1_68' title='bbox 1611 1154 1787 1210; x_wconf 91' lang='lat' dir='ltr'>etiam</span> <span class='ocrx_word' id='word_1_69' title='bbox 1819 1149 2016 1206; x_wconf 90' lang='lat' dir='ltr'>nullus</span> 
     </span>
    </p>
   </div>
   <div class='ocr_carea' id='block_1_12' title="bbox 375 1242 2015 1325">
    <p class='ocr_par' dir='ltr' id='par_1_12' title="bbox 375 1242 2015 1325">
     <span class='ocr_line' id='line_1_12' title="bbox 375 1242 2015 1325; baseline -0.009 -17"><span class='ocrx_word' id='word_1_70' title='bbox 375 1252 526 1325; x_wconf 88' lang='lat' dir='ltr'>lapis</span> <span class='ocrx_word' id='word_1_71' title='bbox 557 1247 795 1308; x_wconf 83' lang='lat' dir='ltr'>animal.</span> <span class='ocrx_word' id='word_1_72' title='bbox 829 1246 1136 1319; x_wconf 81' lang='lat' dir='ltr'>Colligitur</span> <span class='ocrx_word' id='word_1_73' title='bbox 1178 1261 1314 1316; x_wconf 90' lang='lat' dir='ltr'>ergo</span> <span class='ocrx_word' id='word_1_74' title='bbox 1363 1242 1690 1299; x_wconf 91' lang='lat' dir='ltr'>secundum</span> <span class='ocrx_word' id='word_1_75' title='bbox 1739 1245 2015 1312; x_wconf 91' lang='lat' dir='ltr'>quartum</span> 
     </span>
    </p>
   </div>
   <div class='ocr_carea' id='block_1_13' title="bbox 378 1328 2014 1412">
    <p class='ocr_par' dir='ltr' id='par_1_13' title="bbox 378 1328 2014 1412">
     <span class='ocr_line' id='line_1_13' title="bbox 378 1328 2014 1412; baseline -0.01 -14"><span class='ocrx_word' id='word_1_76' title='bbox 378 1342 620 1398; x_wconf 92' lang='lat' dir='ltr'>modum</span> <span class='ocrx_word' id='word_1_77' title='bbox 651 1339 851 1412; x_wconf 70' lang='lat' dir='ltr'>primae</span> <span class='ocrx_word' id='word_1_78' title='bbox 895 1337 1116 1409; x_wconf 68' lang='lat' dir='ltr'>ﬁgurae,</span> <span class='ocrx_word' id='word_1_79' title='bbox 1149 1350 1266 1390; x_wconf 92' lang='lat' dir='ltr'>non</span> <span class='ocrx_word' id='word_1_80' title='bbox 1313 1333 1504 1389; x_wconf 91' lang='lat' dir='ltr'>omnis</span> <span class='ocrx_word' id='word_1_81' title='bbox 1550 1331 1724 1386; x_wconf 87' lang='lat' dir='ltr'>homo</span> <span class='ocrx_word' id='word_1_82' title='bbox 1777 1328 2014 1385; x_wconf 82' lang='lat' dir='ltr'>animal.</span> 
     </span>
    </p>
   </div>
   <div class='ocr_carea' id='block_1_14' title="bbox 378 1417 2017 1500">
    <p class='ocr_par' dir='ltr' id='par_1_14' title="bbox 378 1417 2017 1500">
     <span class='ocr_line' id='line_1_14' title="bbox 378 1417 2017 1500; baseline -0.009 -13"><span class='ocrx_word' id='word_1_83' title='bbox 378 1431 440 1487; x_wconf 91' lang='lat' dir='ltr'>Si</span> <span class='ocrx_word' id='word_1_84' title='bbox 469 1429 624 1486; x_wconf 91' lang='lat' dir='ltr'>enim</span> <span class='ocrx_word' id='word_1_85' title='bbox 647 1427 888 1500; x_wconf 91' lang='lat' dir='ltr'>quidam</span> <span class='ocrx_word' id='word_1_86' title='bbox 918 1425 1094 1480; x_wconf 89' lang='lat' dir='ltr'>homo</span> <span class='ocrx_word' id='word_1_87' title='bbox 1123 1422 1272 1494; x_wconf 85' lang='lat' dir='ltr'>lapis</span> <span class='ocrx_word' id='word_1_88' title='bbox 1293 1426 1401 1489; x_wconf 92' lang='lat' dir='ltr'>est,</span> <span class='ocrx_word' id='word_1_89' title='bbox 1426 1419 1625 1475; x_wconf 90' lang='lat' dir='ltr'>nullus</span> <span class='ocrx_word' id='word_1_90' title='bbox 1647 1423 1843 1474; x_wconf 87' lang='lat' dir='ltr'>autem</span> <span class='ocrx_word' id='word_1_91' title='bbox 1867 1417 2017 1489; x_wconf 85' lang='lat' dir='ltr'>lapis</span> 
     </span>
    </p>
   </div>
   <div class='ocr_carea' id='block_1_15' title="bbox 380 1507 2020 1587">
    <p class='ocr_par' dir='ltr' id='par_1_15' title="bbox 380 1507 2020 1587">
     <span class='ocr_line' id='line_1_15' title="bbox 380 1507 2020 1587; baseline -0.01 -10"><span class='ocrx_word' id='word_1_92' title='bbox 380 1517 621 1587; x_wconf 83' lang='lat' dir='ltr'>animal,</span> <span class='ocrx_word' id='word_1_93' title='bbox 668 1534 784 1573; x_wconf 91' lang='lat' dir='ltr'>non</span> <span class='ocrx_word' id='word_1_94' title='bbox 833 1513 1026 1572; x_wconf 90' lang='lat' dir='ltr'>omnis</span> <span class='ocrx_word' id='word_1_95' title='bbox 1075 1512 1249 1568; x_wconf 89' lang='lat' dir='ltr'>homo</span> <span class='ocrx_word' id='word_1_96' title='bbox 1298 1508 1536 1565; x_wconf 84' lang='lat' dir='ltr'>animal.</span> <span class='ocrx_word' id='word_1_97' title='bbox 1571 1507 2020 1580; x_wconf 87' lang='lat' dir='ltr'>Supponebatur</span> 
     </span>
    </p>
   </div>
   <div class='ocr_carea' id='block_1_16' title="bbox 381 1599 1698 1673">
    <p class='ocr_par' dir='ltr' id='par_1_16' title="bbox 381 1599 1698 1673">
     <span class='ocr_line' id='line_1_16' title="bbox 381 1599 1698 1673; baseline -0.011 -7"><span class='ocrx_word' id='word_1_98' title='bbox 381 1613 578 1666; x_wconf 91' lang='lat' dir='ltr'>autem</span> <span class='ocrx_word' id='word_1_99' title='bbox 607 1605 783 1664; x_wconf 89' lang='lat' dir='ltr'>etiam</span> <span class='ocrx_word' id='word_1_100' title='bbox 813 1603 1026 1670; x_wconf 89' lang='lat' dir='ltr'>omnis,</span> <span class='ocrx_word' id='word_1_101' title='bbox 1054 1601 1209 1673; x_wconf 90' lang='lat' dir='ltr'>quod</span> <span class='ocrx_word' id='word_1_102' title='bbox 1239 1599 1562 1656; x_wconf 88' lang='lat' dir='ltr'>absurdum</span> <span class='ocrx_word' id='word_1_103' title='bbox 1592 1603 1698 1653; x_wconf 88' lang='lat' dir='ltr'>est.</span> 
     </span>
    </p>
   </div>
   <div class='ocr_carea' id='block_1_17' title="bbox 454 1685 2020 1759">
    <p class='ocr_par' dir='ltr' id='par_1_17' title="bbox 454 1685 2020 1759">
     <span class='ocr_line' id='line_1_17' title="bbox 454 1685 2020 1759; baseline -0.01 -5"><span class='ocrx_word' id='word_1_104' title='bbox 454 1698 541 1754; x_wconf 90' lang='grc'>13.</span> <span class='ocrx_word' id='word_1_105' title='bbox 573 1695 878 1753; x_wconf 87' lang='lat' dir='ltr'>Secundus</span> <span class='ocrx_word' id='word_1_106' title='bbox 929 1691 1140 1747; x_wconf 90' lang='lat' dir='ltr'>modus</span> <span class='ocrx_word' id='word_1_107' title='bbox 1187 1688 1481 1746; x_wconf 73' lang='lat' dir='ltr'>servanda:</span> <span class='ocrx_word' id='word_1_108' title='bbox 1512 1687 1712 1759; x_wconf 66' lang='lat' dir='ltr'>ﬁgura:</span> <span class='ocrx_word' id='word_1_109' title='bbox 1743 1702 1844 1757; x_wconf 90' lang='lat' dir='ltr'>per</span> <span class='ocrx_word' id='word_1_110' title='bbox 1873 1685 2020 1739; x_wconf 88' lang='lat' dir='ltr'>duas</span> 
     </span>
    </p>
   </div>
   <div class='ocr_carea' id='block_1_18' title="bbox 382 1773 2020 1847">
    <p class='ocr_par' dir='ltr' id='par_1_18' title="bbox 382 1773 2020 1847">
     <span class='ocr_line' id='line_1_18' title="bbox 382 1773 2020 1847; baseline -0.011 -3"><span class='ocrx_word' id='word_1_111' title='bbox 382 1785 790 1844; x_wconf 86' lang='lat' dir='ltr'>conversiones</span> <span class='ocrx_word' id='word_1_112' title='bbox 819 1782 892 1838; x_wconf 88' lang='lat' dir='ltr'>ad</span> <span class='ocrx_word' id='word_1_113' title='bbox 923 1780 1246 1836; x_wconf 89' lang='lat' dir='ltr'>secundum</span> <span class='ocrx_word' id='word_1_114' title='bbox 1294 1776 1536 1832; x_wconf 91' lang='lat' dir='ltr'>modum</span> <span class='ocrx_word' id='word_1_115' title='bbox 1587 1774 1786 1847; x_wconf 63' lang='lat' dir='ltr'>prima;</span> <span class='ocrx_word' id='word_1_116' title='bbox 1818 1773 2020 1845; x_wconf 69' lang='lat' dir='ltr'>ﬁgura:</span> 
     </span>
    </p>
   </div>
   <div class='ocr_carea' id='block_1_19' title="bbox 381 1860 2020 1937">
    <p class='ocr_par' dir='ltr' id='par_1_19' title="bbox 381 1860 2020 1937">
     <span class='ocr_line' id='line_1_19' title="bbox 381 1860 2020 1937; baseline -0.011 -4"><span class='ocrx_word' id='word_1_117' title='bbox 381 1877 691 1933; x_wconf 85' lang='lat' dir='ltr'>reducetur</span> <span class='ocrx_word' id='word_1_118' title='bbox 717 1888 730 1927; x_wconf 94' lang='lat'>:</span> <span class='ocrx_word' id='word_1_119' title='bbox 755 1870 913 1927; x_wconf 89' lang='lat' dir='ltr'>velut</span> <span class='ocrx_word' id='word_1_120' title='bbox 946 1887 960 1925; x_wconf 90' lang='lat'><strong>:</strong></span> <span class='ocrx_word' id='word_1_121' title='bbox 999 1867 1208 1923; x_wconf 89' lang='lat' dir='ltr'>Nullus</span> <span class='ocrx_word' id='word_1_122' title='bbox 1238 1865 1388 1937; x_wconf 88' lang='lat' dir='ltr'>lapis</span> <span class='ocrx_word' id='word_1_123' title='bbox 1419 1862 1666 1930; x_wconf 85' lang='lat' dir='ltr'>animal;</span> <span class='ocrx_word' id='word_1_124' title='bbox 1697 1861 1887 1918; x_wconf 89' lang='lat' dir='ltr'>omnis</span> <span class='ocrx_word' id='word_1_125' title='bbox 1916 1860 2020 1915; x_wconf 89' lang='lat' dir='ltr'>ho-</span> 
     </span>
    </p>
   </div>
   <div class='ocr_carea' id='block_1_20' title="bbox 383 1949 2016 2029">
    <p class='ocr_par' dir='ltr' id='par_1_20' title="bbox 383 1949 2016 2029">
     <span class='ocr_line' id='line_1_20' title="bbox 383 1949 2016 2029; baseline -0.013 -7"><span class='ocrx_word' id='word_1_126' title='bbox 383 1983 477 2022; x_wconf 94' lang='lat' dir='ltr'>mo</span> <span class='ocrx_word' id='word_1_127' title='bbox 503 1961 750 2029; x_wconf 90' lang='lat' dir='ltr'>animal;</span> <span class='ocrx_word' id='word_1_128' title='bbox 781 1959 978 2015; x_wconf 92' lang='lat' dir='ltr'>nullus</span> <span class='ocrx_word' id='word_1_129' title='bbox 1008 1956 1160 2028; x_wconf 84' lang='lat' dir='ltr'>lapis</span> <span class='ocrx_word' id='word_1_130' title='bbox 1183 1955 1378 2010; x_wconf 89' lang='lat' dir='ltr'>homo.</span> <span class='ocrx_word' id='word_1_131' title='bbox 1402 1955 1778 2008; x_wconf 86' lang='lat' dir='ltr'>Convertatur</span> <span class='ocrx_word' id='word_1_132' title='bbox 1807 1949 2016 2005; x_wconf 90' lang='lat' dir='ltr'>minor.</span> 
     </span>
    </p>
   </div>
   <div class='ocr_carea' id='block_1_21' title="bbox 384 2029 2021 2122">
    <p class='ocr_par' dir='ltr' id='par_1_21' title="bbox 384 2029 2021 2122">
     <span class='ocr_line' id='line_1_21' title="bbox 384 2029 2021 2122; baseline -0.012 -11"><span class='ocrx_word' id='word_1_133' title='bbox 384 2055 444 2112; x_wconf 91' lang='lat' dir='ltr'>Si</span> <span class='ocrx_word' id='word_1_134' title='bbox 475 2052 674 2108; x_wconf 88' lang='lat' dir='ltr'>nullus</span> <span class='ocrx_word' id='word_1_135' title='bbox 711 2049 882 2122; x_wconf 89' lang='lat' dir='ltr'>lapis,</span> <span class='ocrx_word' id='word_1_136' title='bbox 914 2045 1160 2113; x_wconf 88' lang='lat' dir='ltr'>animal;</span> <span class='ocrx_word' id='word_1_137' title='bbox 1194 2043 1369 2100; x_wconf 91' lang='lat' dir='ltr'>etiam</span> <span class='ocrx_word' id='word_1_138' title='bbox 1410 2029 1639 2097; x_wconf 89' lang='lat' dir='ltr'>nullum</span> <span class='ocrx_word' id='word_1_139' title='bbox 1671 2038 1908 2106; x_wconf 89' lang='lat' dir='ltr'>animal,</span> <span class='ocrx_word' id='word_1_140' title='bbox 1937 2039 2021 2093; x_wconf 88' lang='lat' dir='ltr'>la-</span> 
     </span>
    </p>
   </div>
   <div class='ocr_carea' id='block_1_22' title="bbox 384 2129 2021 2216">
    <p class='ocr_par' dir='ltr' id='par_1_22' title="bbox 384 2129 2021 2216">
     <span class='ocr_line' id='line_1_22' title="bbox 384 2129 2021 2216; baseline -0.01 -18"><span class='ocrx_word' id='word_1_141' title='bbox 384 2145 496 2216; x_wconf 91' lang='lat' dir='ltr'>pis.</span> <span class='ocrx_word' id='word_1_142' title='bbox 529 2139 730 2198; x_wconf 87' lang='lat' dir='ltr'>Omnis</span> <span class='ocrx_word' id='word_1_143' title='bbox 771 2142 966 2194; x_wconf 89' lang='lat' dir='ltr'>autem</span> <span class='ocrx_word' id='word_1_144' title='bbox 1005 2135 1202 2201; x_wconf 89' lang='lat' dir='ltr'>homo,</span> <span class='ocrx_word' id='word_1_145' title='bbox 1247 2131 1484 2188; x_wconf 90' lang='lat' dir='ltr'>animal.</span> <span class='ocrx_word' id='word_1_146' title='bbox 1512 2131 1571 2186; x_wconf 92' lang='lat' dir='ltr'>Si</span> <span class='ocrx_word' id='word_1_147' title='bbox 1603 2130 1795 2185; x_wconf 90' lang='lat' dir='ltr'>omnis</span> <span class='ocrx_word' id='word_1_148' title='bbox 1825 2129 2021 2194; x_wconf 89' lang='lat' dir='ltr'>homo,</span> 
     </span>
    </p>
   </div>
   <div class='ocr_carea' id='block_1_23' title="bbox 382 2217 2020 2299">
    <p class='ocr_par' dir='ltr' id='par_1_23' title="bbox 382 2217 2020 2299">
     <span class='ocr_line' id='line_1_23' title="bbox 382 2217 2020 2299; baseline -0.009 -11"><span class='ocrx_word' id='word_1_149' title='bbox 382 2229 630 2299; x_wconf 89' lang='lat' dir='ltr'>animal;</span> <span class='ocrx_word' id='word_1_150' title='bbox 665 2233 723 2284; x_wconf 90' lang='lat' dir='ltr'>et</span> <span class='ocrx_word' id='word_1_151' title='bbox 780 2225 1007 2282; x_wconf 91' lang='lat' dir='ltr'>nullum</span> <span class='ocrx_word' id='word_1_152' title='bbox 1065 2221 1303 2290; x_wconf 89' lang='lat' dir='ltr'>animal,</span> <span class='ocrx_word' id='word_1_153' title='bbox 1353 2221 1522 2293; x_wconf 86' lang='lat' dir='ltr'>lapis,</span> <span class='ocrx_word' id='word_1_154' title='bbox 1571 2218 1767 2273; x_wconf 83' lang='lat' dir='ltr'>nullus</span> <span class='ocrx_word' id='word_1_155' title='bbox 1825 2217 2020 2282; x_wconf 87' lang='lat' dir='ltr'>homo,</span> 
     </span>
    </p>
   </div>
   <div class='ocr_carea' id='block_1_24' title="bbox 381 2307 2023 2395">
    <p class='ocr_par' dir='ltr' id='par_1_24' title="bbox 381 2307 2023 2395">
     <span class='ocr_line' id='line_1_24' title="bbox 381 2307 2023 2395; baseline -0.011 -17"><span class='ocrx_word' id='word_1_156' title='bbox 381 2321 554 2395; x_wconf 90' lang='lat' dir='ltr'>lapis.</span> <span class='ocrx_word' id='word_1_157' title='bbox 590 2319 700 2374; x_wconf 91' lang='lat' dir='ltr'>Sed</span> <span class='ocrx_word' id='word_1_158' title='bbox 752 2333 866 2371; x_wconf 92' lang='lat' dir='ltr'>non</span> <span class='ocrx_word' id='word_1_159' title='bbox 915 2323 1036 2369; x_wconf 83' lang='lat' dir='ltr'>erat</span> <span class='ocrx_word' id='word_1_160' title='bbox 1083 2311 1205 2366; x_wconf 63' lang='lat' dir='ltr'>haec</span> <span class='ocrx_word' id='word_1_161' title='bbox 1252 2309 1464 2382; x_wconf 89' lang='lat' dir='ltr'>prioris</span> <span class='ocrx_word' id='word_1_162' title='bbox 1521 2307 1846 2380; x_wconf 82' lang='lat' dir='ltr'>syllogismi</span> <span class='ocrx_word' id='word_1_163' title='bbox 1895 2323 2023 2361; x_wconf 92' lang='lat' dir='ltr'>con-</span> 
     </span>
    </p>
   </div>
   <div class='ocr_carea' id='block_1_25' title="bbox 384 2396 2025 2478">
    <p class='ocr_par' dir='ltr' id='par_1_25' title="bbox 384 2396 2025 2478">
     <span class='ocr_line' id='line_1_25' title="bbox 384 2396 2025 2478; baseline -0.011 -11"><span class='ocrx_word' id='word_1_164' title='bbox 384 2410 590 2467; x_wconf 92' lang='lat' dir='ltr'>clusio.</span> <span class='ocrx_word' id='word_1_165' title='bbox 624 2407 782 2478; x_wconf 88' lang='lat' dir='ltr'>Opus</span> <span class='ocrx_word' id='word_1_166' title='bbox 819 2404 999 2476; x_wconf 85' lang='lat' dir='ltr'>igitur</span> <span class='ocrx_word' id='word_1_167' title='bbox 1027 2400 1121 2456; x_wconf 93' lang='lat' dir='ltr'>hic</span> <span class='ocrx_word' id='word_1_168' title='bbox 1151 2415 1384 2471; x_wconf 90' lang='lat' dir='ltr'>quoque</span> <span class='ocrx_word' id='word_1_169' title='bbox 1429 2402 1518 2453; x_wconf 90' lang='lat' dir='ltr'>est</span> <span class='ocrx_word' id='word_1_170' title='bbox 1567 2396 1748 2452; x_wconf 85' lang='lat' dir='ltr'>altera</span> <span class='ocrx_word' id='word_1_171' title='bbox 1795 2411 2025 2451; x_wconf 88' lang='lat' dir='ltr'>conver—</span> 
     </span>
    </p>
   </div>
   <div class='ocr_carea' id='block_1_26' title="bbox 385 2483 2023 2560">
    <p class='ocr_par' dir='ltr' id='par_1_26' title="bbox 385 2483 2023 2560">
     <span class='ocr_line' id='line_1_26' title="bbox 385 2483 2023 2560; baseline -0.012 -3"><span class='ocrx_word' id='word_1_172' title='bbox 385 2501 549 2557; x_wconf 90' lang='lat' dir='ltr'>sione</span> <span class='ocrx_word' id='word_1_173' title='bbox 581 2514 594 2551; x_wconf 92' lang='lat'>:</span> <span class='ocrx_word' id='word_1_174' title='bbox 621 2495 680 2551; x_wconf 90' lang='lat' dir='ltr'>Si</span> <span class='ocrx_word' id='word_1_175' title='bbox 706 2493 907 2550; x_wconf 86' lang='lat' dir='ltr'>nullus</span> <span class='ocrx_word' id='word_1_176' title='bbox 939 2491 1114 2546; x_wconf 87' lang='lat' dir='ltr'>homo</span> <span class='ocrx_word' id='word_1_177' title='bbox 1160 2488 1340 2560; x_wconf 89' lang='lat' dir='ltr'>lapis;</span> <span class='ocrx_word' id='word_1_178' title='bbox 1373 2491 1430 2543; x_wconf 88' lang='lat' dir='ltr'>et</span> <span class='ocrx_word' id='word_1_179' title='bbox 1475 2485 1706 2541; x_wconf 91' lang='lat' dir='ltr'>nullum</span> <span class='ocrx_word' id='word_1_180' title='bbox 1738 2485 1888 2556; x_wconf 87' lang='lat' dir='ltr'>lapis</span> <span class='ocrx_word' id='word_1_181' title='bbox 1919 2483 2023 2539; x_wconf 89' lang='lat' dir='ltr'>bo-</span> 
     </span>
    </p>
   </div>
   <div class='ocr_carea' id='block_1_27' title="bbox 385 2573 2020 2646">
    <p class='ocr_par' dir='ltr' id='par_1_27' title="bbox 385 2573 2020 2646">
     <span class='ocr_line' id='line_1_27' title="bbox 385 2573 2020 2646; baseline -0.01 0"><span class='ocrx_word' id='word_1_182' title='bbox 385 2606 502 2646; x_wconf 93' lang='lat' dir='ltr'>mo.</span> <span class='ocrx_word' id='word_1_183' title='bbox 533 2587 640 2643; x_wconf 91' lang='lat' dir='ltr'>Per</span> <span class='ocrx_word' id='word_1_184' title='bbox 687 2581 1094 2640; x_wconf 90' lang='lat' dir='ltr'>deductionem</span> <span class='ocrx_word' id='word_1_185' title='bbox 1138 2582 1332 2634; x_wconf 88' lang='lat' dir='ltr'>autem</span> <span class='ocrx_word' id='word_1_186' title='bbox 1382 2576 1453 2630; x_wconf 92' lang='lat' dir='ltr'>ad</span> <span class='ocrx_word' id='word_1_187' title='bbox 1502 2573 1861 2646; x_wconf 88' lang='lat' dir='ltr'>impossibile</span> <span class='ocrx_word' id='word_1_188' title='bbox 1892 2575 2020 2629; x_wconf 87' lang='lat' dir='ltr'>sic:</span> 
     </span>
    </p>
   </div>
   <div class='ocr_carea' id='block_1_28' title="bbox 384 2663 2025 2736">
    <p class='ocr_par' dir='ltr' id='par_1_28' title="bbox 384 2663 2025 2736">
     <span class='ocr_line' id='line_1_28' title="bbox 384 2663 2025 2736; baseline -0.01 -2"><span class='ocrx_word' id='word_1_189' title='bbox 384 2679 441 2734; x_wconf 90' lang='lat' dir='ltr'>Si</span> <span class='ocrx_word' id='word_1_190' title='bbox 471 2694 586 2734; x_wconf 91' lang='lat' dir='ltr'>non</span> <span class='ocrx_word' id='word_1_191' title='bbox 617 2679 706 2731; x_wconf 86' lang='lat' dir='ltr'>est</span> <span class='ocrx_word' id='word_1_192' title='bbox 736 2673 845 2728; x_wconf 88' lang='lat' dir='ltr'>hoc</span> <span class='ocrx_word' id='word_1_193' title='bbox 883 2685 1106 2736; x_wconf 90' lang='lat' dir='ltr'>verum,</span> <span class='ocrx_word' id='word_1_194' title='bbox 1132 2665 1342 2724; x_wconf 88' lang='lat' dir='ltr'>Nullus</span> <span class='ocrx_word' id='word_1_195' title='bbox 1366 2665 1516 2736; x_wconf 87' lang='lat' dir='ltr'>lapis</span> <span class='ocrx_word' id='word_1_196' title='bbox 1548 2669 1637 2719; x_wconf 91' lang='lat' dir='ltr'>est</span> <span class='ocrx_word' id='word_1_197' title='bbox 1665 2663 1861 2730; x_wconf 92' lang='lat' dir='ltr'>homo,</span> <span class='ocrx_word' id='word_1_198' title='bbox 1887 2679 2025 2718; x_wconf 87' lang='lat' dir='ltr'>sane</span> 
     </span>
    </p>
   </div>
   <div class='ocr_carea' id='block_1_29' title="bbox 385 2754 2026 2833">
    <p class='ocr_par' dir='ltr' id='par_1_29' title="bbox 385 2754 2026 2833">
     <span class='ocr_line' id='line_1_29' title="bbox 385 2754 2026 2833; baseline -0.012 -8"><span class='ocrx_word' id='word_1_199' title='bbox 385 2770 496 2825; x_wconf 91' lang='lat' dir='ltr'>hoc</span> <span class='ocrx_word' id='word_1_200' title='bbox 525 2766 649 2833; x_wconf 80' lang='lat' dir='ltr'>erit,</span> <span class='ocrx_word' id='word_1_201' title='bbox 673 2762 920 2828; x_wconf 87' lang='lat' dir='ltr'>Quidam</span> <span class='ocrx_word' id='word_1_202' title='bbox 948 2757 1098 2830; x_wconf 89' lang='lat' dir='ltr'>lapis</span> <span class='ocrx_word' id='word_1_203' title='bbox 1128 2756 1324 2811; x_wconf 90' lang='lat' dir='ltr'>homo.</span> <span class='ocrx_word' id='word_1_204' title='bbox 1353 2755 1454 2809; x_wconf 85' lang='lat' dir='ltr'>Est</span> <span class='ocrx_word' id='word_1_205' title='bbox 1483 2758 1677 2808; x_wconf 88' lang='lat' dir='ltr'>autem</span> <span class='ocrx_word' id='word_1_206' title='bbox 1701 2754 1876 2808; x_wconf 90' lang='lat' dir='ltr'>etiam</span> <span class='ocrx_word' id='word_1_207' title='bbox 1909 2768 2026 2808; x_wconf 87' lang='lat' dir='ltr'>om-</span> 
     </span>
    </p>
   </div>
   <div class='ocr_carea' id='block_1_30' title="bbox 387 2840 2022 2916">
    <p class='ocr_par' dir='ltr' id='par_1_30' title="bbox 387 2840 2022 2916">
     <span class='ocr_line' id='line_1_30' title="bbox 387 2840 2022 2916; baseline -0.013 -1"><span class='ocrx_word' id='word_1_208' title='bbox 387 2857 479 2915; x_wconf 88' lang='lat' dir='ltr'>nis</span> <span class='ocrx_word' id='word_1_209' title='bbox 509 2856 684 2911; x_wconf 90' lang='lat' dir='ltr'>homo</span> <span class='ocrx_word' id='word_1_210' title='bbox 716 2849 931 2907; x_wconf 90' lang='lat' dir='ltr'>animal</span> <span class='ocrx_word' id='word_1_211' title='bbox 965 2865 978 2904; x_wconf 90' lang='lat'>:</span> <span class='ocrx_word' id='word_1_212' title='bbox 1012 2852 1069 2903; x_wconf 90' lang='lat' dir='ltr'>et</span> <span class='ocrx_word' id='word_1_213' title='bbox 1096 2844 1410 2916; x_wconf 87' lang='lat' dir='ltr'>colligitur,</span> <span class='ocrx_word' id='word_1_214' title='bbox 1439 2843 1685 2907; x_wconf 86' lang='lat' dir='ltr'>Quidam</span> <span class='ocrx_word' id='word_1_215' title='bbox 1717 2840 1867 2912; x_wconf 87' lang='lat' dir='ltr'>lapis</span> <span class='ocrx_word' id='word_1_216' title='bbox 1899 2841 2022 2896; x_wconf 89' lang='lat' dir='ltr'>ani-</span> 
     </span>
    </p>
   </div>
   <div class='ocr_carea' id='block_1_31' title="bbox 388 2929 2026 3015">
    <p class='ocr_par' dir='ltr' id='par_1_31' title="bbox 388 2929 2026 3015">
     <span class='ocr_line' id='line_1_31' title="bbox 388 2929 2026 3015; baseline -0.013 -12"><span class='ocrx_word' id='word_1_217' title='bbox 388 2945 525 3003; x_wconf 93' lang='lat' dir='ltr'>mal.</span> <span class='ocrx_word' id='word_1_218' title='bbox 557 2940 1006 3015; x_wconf 85' lang='lat' dir='ltr'>Supponebatur</span> <span class='ocrx_word' id='word_1_219' title='bbox 1033 2940 1231 2991; x_wconf 91' lang='lat' dir='ltr'>autem</span> <span class='ocrx_word' id='word_1_220' title='bbox 1261 2932 1457 2998; x_wconf 88' lang='lat' dir='ltr'>etiam,</span> <span class='ocrx_word' id='word_1_221' title='bbox 1491 2930 1701 2986; x_wconf 90' lang='lat' dir='ltr'>Nullus</span> <span class='ocrx_word' id='word_1_222' title='bbox 1730 2930 1879 3001; x_wconf 87' lang='lat' dir='ltr'>lapis</span> <span class='ocrx_word' id='word_1_223' title='bbox 1909 2929 2026 2983; x_wconf 85' lang='lat' dir='ltr'>ani-</span> 
     </span>
    </p>
   </div>
   <div class='ocr_carea' id='block_1_32' title="bbox 388 3027 1208 3105">
    <p class='ocr_par' dir='ltr' id='par_1_32' title="bbox 388 3027 1208 3105">
     <span class='ocr_line' id='line_1_32' title="bbox 388 3027 1208 3105; baseline -0.015 -14"><span class='ocrx_word' id='word_1_224' title='bbox 388 3034 528 3105; x_wconf 88' lang='lat' dir='ltr'>mal,</span> <span class='ocrx_word' id='word_1_225' title='bbox 559 3031 712 3104; x_wconf 92' lang='lat' dir='ltr'>quod</span> <span class='ocrx_word' id='word_1_226' title='bbox 745 3027 1067 3085; x_wconf 90' lang='lat' dir='ltr'>absurdum</span> <span class='ocrx_word' id='word_1_227' title='bbox 1101 3027 1208 3079; x_wconf 90' lang='lat' dir='ltr'>est.</span> 
     </span>
    </p>
   </div>
   <div class='ocr_carea' id='block_1_33' title="bbox 461 3108 2028 3181">
    <p class='ocr_par' dir='ltr' id='par_1_33' title="bbox 461 3108 2028 3181">
     <span class='ocr_line' id='line_1_33' title="bbox 461 3108 2028 3181; baseline -0.01 -3"><span class='ocrx_word' id='word_1_228' title='bbox 461 3125 548 3180; x_wconf 84' lang='grc'>14.</span> <span class='ocrx_word' id='word_1_229' title='bbox 579 3120 809 3177; x_wconf 89' lang='lat' dir='ltr'>Tertius</span> <span class='ocrx_word' id='word_1_230' title='bbox 839 3115 1049 3172; x_wconf 91' lang='lat' dir='ltr'>modus</span> <span class='ocrx_word' id='word_1_231' title='bbox 1090 3110 1355 3168; x_wconf 69' lang='lat' dir='ltr'>secundae</span> <span class='ocrx_word' id='word_1_232' title='bbox 1387 3110 1586 3181; x_wconf 64' lang='lat' dir='ltr'>ﬁguris</span> <span class='ocrx_word' id='word_1_233' title='bbox 1632 3108 1700 3163; x_wconf 94' lang='lat' dir='ltr'>ad</span> <span class='ocrx_word' id='word_1_234' title='bbox 1752 3113 2028 3180; x_wconf 89' lang='lat' dir='ltr'>quartum</span> 
     </span>
    </p>
   </div>
   <div class='ocr_carea' id='block_1_34' title="bbox 388 3196 2028 3288">
    <p class='ocr_par' dir='ltr' id='par_1_34' title="bbox 388 3196 2028 3288">
     <span class='ocr_line' id='line_1_34' title="bbox 388 3196 2028 3288; baseline -0.013 -18"><span class='ocrx_word' id='word_1_235' title='bbox 388 3214 588 3288; x_wconf 71' lang='lat' dir='ltr'>primae</span> <span class='ocrx_word' id='word_1_236' title='bbox 618 3210 817 3282; x_wconf 65' lang='lat' dir='ltr'>ﬁgura:</span> <span class='ocrx_word' id='word_1_237' title='bbox 866 3205 1105 3260; x_wconf 92' lang='lat' dir='ltr'>modum</span> <span class='ocrx_word' id='word_1_238' title='bbox 1145 3200 1228 3256; x_wconf 90' lang='lat' dir='ltr'>sic</span> <span class='ocrx_word' id='word_1_239' title='bbox 1260 3216 1360 3272; x_wconf 87' lang='lat' dir='ltr'>per</span> <span class='ocrx_word' id='word_1_240' title='bbox 1389 3199 1823 3254; x_wconf 85' lang='lat' dir='ltr'>conversionem</span> <span class='ocrx_word' id='word_1_241' title='bbox 1853 3196 2028 3251; x_wconf 92' lang='lat' dir='ltr'>redu-</span> 
     </span>
    </p>
   </div>
   <div class='ocr_carea' id='block_1_35' title="bbox 390 3284 2028 3362">
    <p class='ocr_par' dir='ltr' id='par_1_35' title="bbox 390 3284 2028 3362">
     <span class='ocr_line' id='line_1_35' title="bbox 390 3284 2028 3362; baseline -0.014 -1"><span class='ocrx_word' id='word_1_242' title='bbox 390 3284 542 3361; x_wconf 76' lang='lat' dir='ltr'>citur</span> <span class='ocrx_word' id='word_1_243' title='bbox 573 3318 586 3357; x_wconf 90' lang='lat'>:</span> <span class='ocrx_word' id='word_1_244' title='bbox 620 3299 773 3356; x_wconf 73' lang='lat'>358</span> <span class='ocrx_word' id='word_1_245' title='bbox 805 3294 1107 3362; x_wconf 84' lang='lat' dir='ltr'>Quoddam</span> <span class='ocrx_word' id='word_1_246' title='bbox 1151 3288 1369 3346; x_wconf 87' lang='lat' dir='ltr'>animal</span> <span class='ocrx_word' id='word_1_247' title='bbox 1429 3286 1744 3353; x_wconf 89' lang='lat' dir='ltr'>rationale;</span> <span class='ocrx_word' id='word_1_248' title='bbox 1800 3284 2028 3340; x_wconf 90' lang='lat' dir='ltr'>nullum</span> 
     </span>
    </p>
   </div>
   <div class='ocr_carea' id='block_1_36' title="bbox 2123 701 3768 780">
    <p class='ocr_par' dir='ltr' id='par_1_36' title="bbox 2123 701 3768 780">
     <span class='ocr_line' id='line_1_36' title="bbox 2123 701 3768 780; baseline -0.002 -21"><span class='ocrx_word' id='word_1_249' title='bbox 2123 703 2404 780; x_wconf 81' lang='grc' dir='ltr'>ἄνθρωπος</span> <span class='ocrx_word' id='word_1_250' title='bbox 2463 705 2636 770; x_wconf 81' lang='grc' dir='ltr'>λίθος.</span> <span class='ocrx_word' id='word_1_251' title='bbox 2688 706 2786 760; x_wconf 82' lang='grc' dir='ltr'>Καὶ</span> <span class='ocrx_word' id='word_1_252' title='bbox 2845 705 2988 760; x_wconf 77' lang='grc' dir='ltr'>οὕτω</span> <span class='ocrx_word' id='word_1_253' title='bbox 3050 706 3142 778; x_wconf 75' lang='grc' dir='ltr'>μὲν</span> <span class='ocrx_word' id='word_1_254' title='bbox 3200 701 3268 758; x_wconf 86' lang='grc' dir='ltr'>δι’</span> <span class='ocrx_word' id='word_1_255' title='bbox 3320 704 3680 778; x_wconf 77' lang='grc' dir='ltr'>ἀντιστροφῆς</span> <span class='ocrx_word' id='word_1_256' title='bbox 3740 701 3768 755; x_wconf 84' lang='grc' dir='ltr'><strong>ὁ</strong></span> 
     </span>
    </p>
   </div>
   <div class='ocr_carea' id='block_1_37' title="bbox 2121 791 3769 870">
    <p class='ocr_par' dir='ltr' id='par_1_37' title="bbox 2121 791 3769 870">
     <span class='ocr_line' id='line_1_37' title="bbox 2121 791 3769 870; baseline -0.002 -22"><span class='ocrx_word' id='word_1_257' title='bbox 2121 799 2335 868; x_wconf 77' lang='grc' dir='ltr'>πρῶτος</span> <span class='ocrx_word' id='word_1_258' title='bbox 2364 793 2566 870; x_wconf 86' lang='grc' dir='ltr'>τρόπος</span> <span class='ocrx_word' id='word_1_259' title='bbox 2604 799 2700 848; x_wconf 73' lang='grc' dir='ltr'>τοῦ</span> <span class='ocrx_word' id='word_1_260' title='bbox 2747 791 2997 869; x_wconf 83' lang='grc' dir='ltr'>δευτέρου</span> <span class='ocrx_word' id='word_1_261' title='bbox 3045 795 3332 869; x_wconf 70' lang='grc' dir='ltr'>σχήματος</span> <span class='ocrx_word' id='word_1_262' title='bbox 3382 791 3459 853; x_wconf 83' lang='grc' dir='ltr'>είς</span> <span class='ocrx_word' id='word_1_263' title='bbox 3501 791 3565 846; x_wconf 90' lang='grc' dir='ltr'>τὸ</span> <span class='ocrx_word' id='word_1_264' title='bbox 3617 794 3769 866; x_wconf 83' lang='grc' dir='ltr'>πρῶ-</span> 
     </span>
    </p>
   </div>
   <div class='ocr_carea' id='block_1_38' title="bbox 2120 877 3769 960">
    <p class='ocr_par' dir='ltr' id='par_1_38' title="bbox 2120 877 3769 960">
     <span class='ocr_line' id='line_1_38' title="bbox 2120 877 3769 960; baseline -0.002 -23"><span class='ocrx_word' id='word_1_265' title='bbox 2120 905 2211 938; x_wconf 91' lang='grc' dir='ltr'>τον</span> <span class='ocrx_word' id='word_1_266' title='bbox 2257 885 2505 960; x_wconf 79' lang='grc' dir='ltr'>ἀνάγεται</span> <span class='ocrx_word' id='word_1_267' title='bbox 2555 890 2748 959; x_wconf 81' lang='grc' dir='ltr'>σχῆμα</span> <span class='ocrx_word' id='word_1_268' title='bbox 2798 884 2895 937; x_wconf 88' lang='grc' dir='ltr'>Διά</span> <span class='ocrx_word' id='word_1_269' title='bbox 2946 880 3002 936; x_wconf 78' lang='grc' dir='ltr'>δὲ</span> <span class='ocrx_word' id='word_1_270' title='bbox 3046 889 3146 951; x_wconf 83' lang='grc' dir='ltr'>τῆς</span> <span class='ocrx_word' id='word_1_271' title='bbox 3196 881 3270 943; x_wconf 82' lang='grc' dir='ltr'>εἷς</span> <span class='ocrx_word' id='word_1_272' title='bbox 3318 877 3572 936; x_wconf 75' lang='grc' dir='ltr'>ἀδύνατον</span> <span class='ocrx_word' id='word_1_273' title='bbox 3624 879 3769 934; x_wconf 84' lang='grc' dir='ltr'>ἀπα-</span> 
     </span>
    </p>
   </div>
   <div class='ocr_carea' id='block_1_39' title="bbox 2123 966 3769 1049">
    <p class='ocr_par' dir='ltr' id='par_1_39' title="bbox 2123 966 3769 1049">
     <span class='ocr_line' id='line_1_39' title="bbox 2123 966 3769 1049; baseline -0.002 -23"><span class='ocrx_word' id='word_1_274' title='bbox 2123 980 2308 1049; x_wconf 80' lang='grc' dir='ltr'>γωγῆς</span> <span class='ocrx_word' id='word_1_275' title='bbox 2358 972 2548 1035; x_wconf 77' lang='grc' dir='ltr'>οὕτως·</span> <span class='ocrx_word' id='word_1_276' title='bbox 2582 970 2748 1049; x_wconf 59' lang='grc' dir='ltr'>Εἴπερ</span> <span class='ocrx_word' id='word_1_277' title='bbox 2797 972 2896 1027; x_wconf 76' lang='grc' dir='ltr'>οὐκ</span> <span class='ocrx_word' id='word_1_278' title='bbox 2941 969 3141 1041; x_wconf 70' lang='grc' dir='ltr'>ἀληθὲς</span> <span class='ocrx_word' id='word_1_279' title='bbox 3188 971 3273 1041; x_wconf 86' lang='grc' dir='ltr'>τὸ,</span> <span class='ocrx_word' id='word_1_280' title='bbox 3325 966 3510 1032; x_wconf 76' lang='grc' dir='ltr'>Οὐδεὶς</span> <span class='ocrx_word' id='word_1_281' title='bbox 3559 969 3769 1043; x_wconf 83' lang='grc' dir='ltr'>ἄνθρω-</span> 
     </span>
    </p>
   </div>
   <div class='ocr_carea' id='block_1_40' title="bbox 2123 1056 3767 1135">
    <p class='ocr_par' dir='ltr' id='par_1_40' title="bbox 2123 1056 3767 1135">
     <span class='ocr_line' id='line_1_40' title="bbox 2123 1056 3767 1135; baseline -0.002 -20"><span class='ocrx_word' id='word_1_282' title='bbox 2123 1083 2223 1122; x_wconf 91' lang='grc' dir='ltr'>πος</span> <span class='ocrx_word' id='word_1_283' title='bbox 2297 1059 2452 1124; x_wconf 88' lang='grc' dir='ltr'>λίθος</span> <span class='ocrx_word' id='word_1_284' title='bbox 2510 1061 2672 1116; x_wconf 80' lang='grc' dir='ltr'>ἐστίν’</span> <span class='ocrx_word' id='word_1_285' title='bbox 2733 1060 2878 1116; x_wconf 80' lang='grc' dir='ltr'>ἔσταὶ</span> <span class='ocrx_word' id='word_1_286' title='bbox 2939 1058 3026 1131; x_wconf 81' lang='grc' dir='ltr'>δὴ,</span> <span class='ocrx_word' id='word_1_287' title='bbox 3085 1061 3184 1122; x_wconf 83' lang='grc' dir='ltr'>Τὶς</span> <span class='ocrx_word' id='word_1_288' title='bbox 3253 1056 3535 1135; x_wconf 77' lang='grc' dir='ltr'>ἄνθρωπος</span> <span class='ocrx_word' id='word_1_289' title='bbox 3597 1056 3767 1118; x_wconf 82' lang='grc' dir='ltr'>λίθος⁸</span> 
     </span>
    </p>
   </div>
   <div class='ocr_carea' id='block_1_41' title="bbox 2125 1146 3776 1223">
    <p class='ocr_par' dir='ltr' id='par_1_41' title="bbox 2125 1146 3776 1223">
     <span class='ocr_line' id='line_1_41' title="bbox 2125 1146 3776 1223; baseline -0.002 -19"><span class='ocrx_word' id='word_1_290' title='bbox 2125 1148 2234 1204; x_wconf 78' lang='grc' dir='ltr'>ἔστι</span> <span class='ocrx_word' id='word_1_291' title='bbox 2285 1147 2342 1204; x_wconf 73' lang='grc' dir='ltr'>δὲ</span> <span class='ocrx_word' id='word_1_292' title='bbox 2389 1150 2478 1205; x_wconf 81' lang='grc' dir='ltr'>καὶ</span> <span class='ocrx_word' id='word_1_293' title='bbox 2527 1148 2704 1213; x_wconf 76' lang='grc' dir='ltr'>οὐδεὶς</span> <span class='ocrx_word' id='word_1_294' title='bbox 2753 1149 2907 1213; x_wconf 89' lang='grc' dir='ltr'>λίθος</span> <span class='ocrx_word' id='word_1_295' title='bbox 2957 1155 3115 1219; x_wconf 72' lang='grc' dir='ltr'>ζῶονο</span> <span class='ocrx_word' id='word_1_296' title='bbox 3157 1150 3434 1223; x_wconf 78' lang='grc' dir='ltr'>συνάγεται</span> <span class='ocrx_word' id='word_1_297' title='bbox 3485 1146 3587 1222; x_wconf 80' lang='grc' dir='ltr'>ἄρα</span> <span class='ocrx_word' id='word_1_298' title='bbox 3636 1147 3776 1201; x_wconf 79' lang='grc' dir='ltr'>κατᾶ</span> 
     </span>
    </p>
   </div>
   <div class='ocr_carea' id='block_1_42' title="bbox 2123 1235 3774 1316">
    <p class='ocr_par' dir='ltr' id='par_1_42' title="bbox 2123 1235 3774 1316">
     <span class='ocr_line' id='line_1_42' title="bbox 2123 1235 3774 1316; baseline -0.002 -23"><span class='ocrx_word' id='word_1_299' title='bbox 2123 1239 2215 1293; x_wconf 90' lang='grc' dir='ltr'>τὸν</span> <span class='ocrx_word' id='word_1_300' title='bbox 2241 1239 2490 1315; x_wconf 74' lang='grc' dir='ltr'>τέταρτον</span> <span class='ocrx_word' id='word_1_301' title='bbox 2521 1239 2722 1316; x_wconf 84' lang='grc' dir='ltr'>τρόπον</span> <span class='ocrx_word' id='word_1_302' title='bbox 2771 1244 2868 1294; x_wconf 82' lang='grc' dir='ltr'>τοῦ</span> <span class='ocrx_word' id='word_1_303' title='bbox 2919 1240 3138 1313; x_wconf 88' lang='grc' dir='ltr'>πρώτου</span> <span class='ocrx_word' id='word_1_304' title='bbox 3195 1240 3500 1314; x_wconf 80' lang='grc' dir='ltr'>σχήματος·</span> <span class='ocrx_word' id='word_1_305' title='bbox 3561 1235 3623 1290; x_wconf 78' lang='grc' dir='ltr'>οὐ</span> <span class='ocrx_word' id='word_1_306' title='bbox 3667 1242 3774 1298; x_wconf 90' lang='grc' dir='ltr'>πᾶς</span> 
     </span>
    </p>
   </div>
   <div class='ocr_carea' id='block_1_43' title="bbox 2127 1321 3776 1404">
    <p class='ocr_par' dir='ltr' id='par_1_43' title="bbox 2127 1321 3776 1404">
     <span class='ocr_line' id='line_1_43' title="bbox 2127 1321 3776 1404; baseline -0.002 -24"><span class='ocrx_word' id='word_1_307' title='bbox 2127 1328 2408 1403; x_wconf 83' lang='grc' dir='ltr'>ἄνθρωπος</span> <span class='ocrx_word' id='word_1_308' title='bbox 2459 1329 2710 1396; x_wconf 80' lang='grc' dir='ltr'>ζῶον.Εί</span> <span class='ocrx_word' id='word_1_309' title='bbox 2759 1330 2859 1404; x_wconf 83' lang='grc' dir='ltr'>γὰρ</span> <span class='ocrx_word' id='word_1_310' title='bbox 2898 1326 2980 1389; x_wconf 86' lang='grc' dir='ltr'>τίς</span> <span class='ocrx_word' id='word_1_311' title='bbox 3031 1326 3314 1403; x_wconf 80' lang='grc' dir='ltr'>ἄνθρωπος</span> <span class='ocrx_word' id='word_1_312' title='bbox 3365 1325 3539 1387; x_wconf 82' lang='grc' dir='ltr'>λίθος·</span> <span class='ocrx_word' id='word_1_313' title='bbox 3593 1321 3776 1385; x_wconf 75' lang='grc' dir='ltr'>οὐδεὶς</span> 
     </span>
    </p>
   </div>
   <div class='ocr_carea' id='block_1_44' title="bbox 2128 1413 3774 1492">
    <p class='ocr_par' dir='ltr' id='par_1_44' title="bbox 2128 1413 3774 1492">
     <span class='ocr_line' id='line_1_44' title="bbox 2128 1413 3774 1492; baseline -0.002 -22"><span class='ocrx_word' id='word_1_314' title='bbox 2128 1413 2185 1471; x_wconf 73' lang='grc' dir='ltr'>δὲ</span> <span class='ocrx_word' id='word_1_315' title='bbox 2231 1415 2382 1478; x_wconf 83' lang='grc' dir='ltr'>λίθος</span> <span class='ocrx_word' id='word_1_316' title='bbox 2432 1421 2602 1486; x_wconf 80' lang='grc' dir='ltr'>ζῶον·</span> <span class='ocrx_word' id='word_1_317' title='bbox 2663 1417 2725 1472; x_wconf 76' lang='grc' dir='ltr'>οὗ</span> <span class='ocrx_word' id='word_1_318' title='bbox 2775 1423 2880 1479; x_wconf 88' lang='grc' dir='ltr'>πᾶς</span> <span class='ocrx_word' id='word_1_319' title='bbox 2950 1415 3230 1492; x_wconf 77' lang='grc' dir='ltr'>ἅνθρωπος</span> <span class='ocrx_word' id='word_1_320' title='bbox 3294 1420 3449 1485; x_wconf 79' lang='grc' dir='ltr'>ζῶον.</span> <span class='ocrx_word' id='word_1_321' title='bbox 3499 1413 3774 1468; x_wconf 80' lang='grc' dir='ltr'>Ὑπὲκειτο</span> 
     </span>
    </p>
   </div>
   <div class='ocr_carea' id='block_1_45' title="bbox 2128 1503 2873 1580">
    <p class='ocr_par' dir='ltr' id='par_1_45' title="bbox 2128 1503 2873 1580">
     <span class='ocr_line' id='line_1_45' title="bbox 2128 1503 2873 1580; baseline 0.003 -21"><span class='ocrx_word' id='word_1_322' title='bbox 2128 1503 2186 1560; x_wconf 71' lang='grc' dir='ltr'>δὲ</span> <span class='ocrx_word' id='word_1_323' title='bbox 2213 1506 2302 1559; x_wconf 84' lang='grc' dir='ltr'>καὶ</span> <span class='ocrx_word' id='word_1_324' title='bbox 2331 1511 2456 1576; x_wconf 88' lang='grc' dir='ltr'>πᾶς,</span> <span class='ocrx_word' id='word_1_325' title='bbox 2489 1504 2620 1580; x_wconf 75' lang='grc' dir='ltr'>ὅπερ</span> <span class='ocrx_word' id='word_1_326' title='bbox 2653 1506 2873 1562; x_wconf 79' lang='grc' dir='ltr'>ἄτοπον.</span> 
     </span>
    </p>
   </div>
   <div class='ocr_carea' id='block_1_46' title="bbox 2202 1679 3780 1760">
    <p class='ocr_par' dir='ltr' id='par_1_46' title="bbox 2202 1679 3780 1760">
     <span class='ocr_line' id='line_1_46' title="bbox 2202 1679 3780 1760; baseline -0.004 -21"><span class='ocrx_word' id='word_1_327' title='bbox 2202 1687 2264 1760; x_wconf 81' lang='grc' dir='ltr'>ιγ’</span> <span class='ocrx_word' id='word_1_328' title='bbox 2303 1686 2359 1738; x_wconf 80' lang='grc' dir='ltr'><strong>Ὀ</strong></span> <span class='ocrx_word' id='word_1_329' title='bbox 2436 1681 2682 1760; x_wconf 70' lang='grc' dir='ltr'>δεύτερος</span> <span class='ocrx_word' id='word_1_330' title='bbox 2750 1683 2952 1759; x_wconf 88' lang='grc' dir='ltr'>τρόπος</span> <span class='ocrx_word' id='word_1_331' title='bbox 3009 1686 3106 1736; x_wconf 77' lang='grc' dir='ltr'>τοῦ</span> <span class='ocrx_word' id='word_1_332' title='bbox 3176 1679 3430 1757; x_wconf 71' lang='grc' dir='ltr'>δευτέρου</span> <span class='ocrx_word' id='word_1_333' title='bbox 3488 1681 3780 1754; x_wconf 72' lang='grc' dir='ltr'>σχήματος</span> 
     </span>
    </p>
   </div>
   <div class='ocr_carea' id='block_1_47' title="bbox 2130 1767 3778 1850">
    <p class='ocr_par' dir='ltr' id='par_1_47' title="bbox 2130 1767 3778 1850">
     <span class='ocr_line' id='line_1_47' title="bbox 2130 1767 3778 1850; baseline -0.004 -23"><span class='ocrx_word' id='word_1_334' title='bbox 2130 1771 2218 1828; x_wconf 73' lang='grc' dir='ltr'>διὰ</span> <span class='ocrx_word' id='word_1_335' title='bbox 2272 1770 2366 1827; x_wconf 80' lang='grc' dir='ltr'>δύο</span> <span class='ocrx_word' id='word_1_336' title='bbox 2421 1773 2786 1850; x_wconf 74' lang='grc' dir='ltr'>ἀντιστροφῖυν</span> <span class='ocrx_word' id='word_1_337' title='bbox 2844 1771 2923 1834; x_wconf 73' lang='grc' dir='ltr'>εἰς</span> <span class='ocrx_word' id='word_1_338' title='bbox 2977 1771 3068 1825; x_wconf 87' lang='grc' dir='ltr'>τὸν</span> <span class='ocrx_word' id='word_1_339' title='bbox 3128 1768 3375 1846; x_wconf 77' lang='grc' dir='ltr'>δεύτερον</span> <span class='ocrx_word' id='word_1_340' title='bbox 3431 1767 3634 1845; x_wconf 84' lang='grc' dir='ltr'>τρόπον</span> <span class='ocrx_word' id='word_1_341' title='bbox 3677 1770 3778 1821; x_wconf 76' lang='grc' dir='ltr'>τοῦ</span> 
     </span>
    </p>
   </div>
   <div class='ocr_carea' id='block_1_48' title="bbox 2128 1855 3777 1939">
    <p class='ocr_par' dir='ltr' id='par_1_48' title="bbox 2128 1855 3777 1939">
     <span class='ocr_line' id='line_1_48' title="bbox 2128 1855 3777 1939; baseline -0.005 -22"><span class='ocrx_word' id='word_1_342' title='bbox 2128 1864 2349 1939; x_wconf 87' lang='grc' dir='ltr'>πρώτου</span> <span class='ocrx_word' id='word_1_343' title='bbox 2388 1863 2674 1937; x_wconf 79' lang='grc' dir='ltr'>σχήματος</span> <span class='ocrx_word' id='word_1_344' title='bbox 2733 1861 3120 1935; x_wconf 80' lang='grc' dir='ltr'>ἀναχθήσεται,</span> <span class='ocrx_word' id='word_1_345' title='bbox 3175 1859 3320 1912; x_wconf 78' lang='grc' dir='ltr'>οἷον·</span> <span class='ocrx_word' id='word_1_346' title='bbox 3372 1855 3558 1919; x_wconf 84' lang='grc' dir='ltr'>Οὐδεὶς</span> <span class='ocrx_word' id='word_1_347' title='bbox 3621 1855 3777 1919; x_wconf 90' lang='grc' dir='ltr'>λίθος</span> 
     </span>
    </p>
   </div>
   <div class='ocr_carea' id='block_1_49' title="bbox 2133 1944 3776 2025">
    <p class='ocr_par' dir='ltr' id='par_1_49' title="bbox 2133 1944 3776 2025">
     <span class='ocr_line' id='line_1_49' title="bbox 2133 1944 3776 2025; baseline -0.005 -20"><span class='ocrx_word' id='word_1_348' title='bbox 2133 1956 2304 2021; x_wconf 69' lang='grc' dir='ltr'>ζῶονο</span> <span class='ocrx_word' id='word_1_349' title='bbox 2336 1955 2441 2011; x_wconf 88' lang='grc' dir='ltr'>πᾶς</span> <span class='ocrx_word' id='word_1_350' title='bbox 2474 1947 2754 2025; x_wconf 81' lang='grc' dir='ltr'>ἄνθρωπος</span> <span class='ocrx_word' id='word_1_351' title='bbox 2797 1953 2960 2017; x_wconf 81' lang='grc' dir='ltr'>ζῶον·</span> <span class='ocrx_word' id='word_1_352' title='bbox 3021 1946 3196 2009; x_wconf 82' lang='grc' dir='ltr'>οὐδεὶς</span> <span class='ocrx_word' id='word_1_353' title='bbox 3249 1945 3402 2008; x_wconf 84' lang='grc' dir='ltr'>λίθος</span> <span class='ocrx_word' id='word_1_354' title='bbox 3457 1944 3776 2021; x_wconf 79' lang='grc' dir='ltr'>ἅνθρωπος·</span> 
     </span>
    </p>
   </div>
   <div class='ocr_carea' id='block_1_50' title="bbox 2129 2033 3780 2116">
    <p class='ocr_par' dir='ltr' id='par_1_50' title="bbox 2129 2033 3780 2116">
     <span class='ocr_line' id='line_1_50' title="bbox 2129 2033 3780 2116; baseline -0.005 -21"><span class='ocrx_word' id='word_1_355' title='bbox 2129 2040 2506 2116; x_wconf 78' lang='grc' dir='ltr'>ἆντεστράφθω</span> <span class='ocrx_word' id='word_1_356' title='bbox 2559 2040 2593 2107; x_wconf 82' lang='grc' dir='ltr'>ἡ</span> <span class='ocrx_word' id='word_1_357' title='bbox 2645 2036 2905 2093; x_wconf 83' lang='grc' dir='ltr'>ἐλάττων.</span> <span class='ocrx_word' id='word_1_358' title='bbox 2947 2037 3010 2091; x_wconf 85' lang='grc' dir='ltr'>Εἰ</span> <span class='ocrx_word' id='word_1_359' title='bbox 3061 2033 3237 2097; x_wconf 75' lang='grc' dir='ltr'>οὐδεὶς</span> <span class='ocrx_word' id='word_1_360' title='bbox 3289 2034 3442 2096; x_wconf 89' lang='grc' dir='ltr'>λίθος</span> <span class='ocrx_word' id='word_1_361' title='bbox 3495 2039 3654 2103; x_wconf 79' lang='grc' dir='ltr'>ζῶον,</span> <span class='ocrx_word' id='word_1_362' title='bbox 3687 2033 3780 2086; x_wconf 81' lang='grc' dir='ltr'>καὶ</span> 
     </span>
    </p>
   </div>
   <div class='ocr_carea' id='block_1_51' title="bbox 2132 2122 3783 2199">
    <p class='ocr_par' dir='ltr' id='par_1_51' title="bbox 2132 2122 3783 2199">
     <span class='ocr_line' id='line_1_51' title="bbox 2132 2122 3783 2199; baseline -0.005 -16"><span class='ocrx_word' id='word_1_363' title='bbox 2132 2126 2284 2184; x_wconf 76' lang='grc' dir='ltr'>οὐδὲν</span> <span class='ocrx_word' id='word_1_364' title='bbox 2341 2133 2477 2196; x_wconf 80' lang='grc' dir='ltr'>ζῶον</span> <span class='ocrx_word' id='word_1_365' title='bbox 2535 2125 2708 2189; x_wconf 85' lang='grc' dir='ltr'>λίθος.</span> <span class='ocrx_word' id='word_1_366' title='bbox 2741 2131 2851 2187; x_wconf 85' lang='grc' dir='ltr'>Πᾶς</span> <span class='ocrx_word' id='word_1_367' title='bbox 2909 2123 2967 2180; x_wconf 73' lang='grc' dir='ltr'>δὲ</span> <span class='ocrx_word' id='word_1_368' title='bbox 3025 2123 3306 2199; x_wconf 82' lang='grc' dir='ltr'>ἄνθρωπος</span> <span class='ocrx_word' id='word_1_369' title='bbox 3361 2128 3531 2192; x_wconf 81' lang='grc' dir='ltr'>ζῶον·</span> <span class='ocrx_word' id='word_1_370' title='bbox 3591 2122 3640 2177; x_wconf 70' lang='grc' dir='ltr'>εἴ</span> <span class='ocrx_word' id='word_1_371' title='bbox 3677 2127 3783 2182; x_wconf 95' lang='grc' dir='ltr'>πᾶς</span> 
     </span>
    </p>
   </div>
   <div class='ocr_carea' id='block_1_52' title="bbox 2131 2208 3785 2293">
    <p class='ocr_par' dir='ltr' id='par_1_52' title="bbox 2131 2208 3785 2293">
     <span class='ocr_line' id='line_1_52' title="bbox 2131 2208 3785 2293; baseline -0.004 -22"><span class='ocrx_word' id='word_1_372' title='bbox 2131 2217 2408 2293; x_wconf 66' lang='grc' dir='ltr'>ἄνθρωπος</span> <span class='ocrx_word' id='word_1_373' title='bbox 2466 2221 2624 2289; x_wconf 81' lang='grc' dir='ltr'>ζῶον,</span> <span class='ocrx_word' id='word_1_374' title='bbox 2671 2215 2759 2270; x_wconf 80' lang='grc' dir='ltr'>καὶ</span> <span class='ocrx_word' id='word_1_375' title='bbox 2819 2212 2970 2269; x_wconf 77' lang='grc' dir='ltr'>οὐδὲν</span> <span class='ocrx_word' id='word_1_376' title='bbox 3022 2218 3156 2282; x_wconf 82' lang='grc' dir='ltr'>ζῶον</span> <span class='ocrx_word' id='word_1_377' title='bbox 3208 2211 3380 2274; x_wconf 88' lang='grc' dir='ltr'>λίθος·</span> <span class='ocrx_word' id='word_1_378' title='bbox 3441 2209 3620 2273; x_wconf 82' lang='grc' dir='ltr'>οὐδεὶς</span> <span class='ocrx_word' id='word_1_379' title='bbox 3690 2208 3785 2264; x_wconf 82' lang='grc' dir='ltr'>ἄν·</span> 
     </span>
    </p>
   </div>
   <div class='ocr_carea' id='block_1_53' title="bbox 2133 2302 3784 2381">
    <p class='ocr_par' dir='ltr' id='par_1_53' title="bbox 2133 2302 3784 2381">
     <span class='ocr_line' id='line_1_53' title="bbox 2133 2302 3784 2381; baseline -0.005 -21"><span class='ocrx_word' id='word_1_380' title='bbox 2133 2319 2349 2381; x_wconf 87' lang='grc' dir='ltr'>θρωπος</span> <span class='ocrx_word' id='word_1_381' title='bbox 2391 2303 2562 2369; x_wconf 89' lang='grc' dir='ltr'>λίθος.</span> <span class='ocrx_word' id='word_1_382' title='bbox 2609 2302 2764 2361; x_wconf 88' lang='grc' dir='ltr'>Ἀλλ’</span> <span class='ocrx_word' id='word_1_383' title='bbox 2812 2304 2910 2359; x_wconf 82' lang='grc' dir='ltr'>οὐκ</span> <span class='ocrx_word' id='word_1_384' title='bbox 2956 2304 3022 2372; x_wconf 84' lang='grc' dir='ltr'>ἧν</span> <span class='ocrx_word' id='word_1_385' title='bbox 3075 2308 3236 2357; x_wconf 79' lang='grc' dir='ltr'>τοῦτο</span> <span class='ocrx_word' id='word_1_386' title='bbox 3276 2302 3636 2373; x_wconf 72' lang='grc' dir='ltr'>συμπέρασμα</span> <span class='ocrx_word' id='word_1_387' title='bbox 3685 2304 3784 2352; x_wconf 76' lang='grc' dir='ltr'>τοῦ</span> 
     </span>
    </p>
   </div>
   <div class='ocr_carea' id='block_1_54' title="bbox 2131 2389 3783 2471">
    <p class='ocr_par' dir='ltr' id='par_1_54' title="bbox 2131 2389 3783 2471">
     <span class='ocr_line' id='line_1_54' title="bbox 2131 2389 3783 2471; baseline -0.005 -21"><span class='ocrx_word' id='word_1_388' title='bbox 2131 2396 2400 2471; x_wconf 70' lang='grc' dir='ltr'>προτέρου</span> <span class='ocrx_word' id='word_1_389' title='bbox 2449 2392 2849 2468; x_wconf 78' lang='grc' dir='ltr'>συλλογισμοῦ.</span> <span class='ocrx_word' id='word_1_390' title='bbox 2897 2398 2988 2447; x_wconf 85' lang='grc' dir='ltr'>Δεῖ</span> <span class='ocrx_word' id='word_1_391' title='bbox 3029 2391 3210 2446; x_wconf 88' lang='grc' dir='ltr'>τοίνυν</span> <span class='ocrx_word' id='word_1_392' title='bbox 3275 2391 3543 2453; x_wconf 79' lang='grc' dir='ltr'>κάνταῦθα</span> <span class='ocrx_word' id='word_1_393' title='bbox 3595 2389 3783 2460; x_wconf 76' lang='grc' dir='ltr'>ἒτὲρας</span> 
     </span>
    </p>
   </div>
   <div class='ocr_carea' id='block_1_55' title="bbox 2134 2475 3784 2561">
    <p class='ocr_par' dir='ltr' id='par_1_55' title="bbox 2134 2475 3784 2561">
     <span class='ocr_line' id='line_1_55' title="bbox 2134 2475 3784 2561; baseline -0.005 -22"><span class='ocrx_word' id='word_1_394' title='bbox 2134 2487 2520 2561; x_wconf 76' lang='grc' dir='ltr'>ἀντιστροφῆς’</span> <span class='ocrx_word' id='word_1_395' title='bbox 2572 2482 2617 2536; x_wconf 86' lang='grc' dir='ltr'>εἷ</span> <span class='ocrx_word' id='word_1_396' title='bbox 2674 2479 2849 2544; x_wconf 75' lang='grc' dir='ltr'>οὐδεὶς</span> <span class='ocrx_word' id='word_1_397' title='bbox 2910 2479 3192 2556; x_wconf 79' lang='grc' dir='ltr'>ἄνθρωπος</span> <span class='ocrx_word' id='word_1_398' title='bbox 3253 2478 3426 2550; x_wconf 88' lang='grc' dir='ltr'>λίθος,</span> <span class='ocrx_word' id='word_1_399' title='bbox 3458 2479 3547 2533; x_wconf 83' lang='grc' dir='ltr'>καὶ</span> <span class='ocrx_word' id='word_1_400' title='bbox 3605 2475 3784 2538; x_wconf 80' lang='grc' dir='ltr'>οὐδεὶς</span> 
     </span>
    </p>
   </div>
   <div class='ocr_carea' id='block_1_56' title="bbox 2134 2563 3786 2646">
    <p class='ocr_par' dir='ltr' id='par_1_56' title="bbox 2134 2563 3786 2646">
     <span class='ocr_line' id='line_1_56' title="bbox 2134 2563 3786 2646; baseline -0.007 -17"><span class='ocrx_word' id='word_1_401' title='bbox 2134 2572 2284 2635; x_wconf 85' lang='grc' dir='ltr'>λίθος</span> <span class='ocrx_word' id='word_1_402' title='bbox 2331 2573 2632 2646; x_wconf 80' lang='grc' dir='ltr'>ἄνθρωπος.</span> <span class='ocrx_word' id='word_1_403' title='bbox 2685 2571 2782 2624; x_wconf 75' lang='grc' dir='ltr'>Διὰ</span> <span class='ocrx_word' id='word_1_404' title='bbox 2827 2576 2929 2638; x_wconf 74' lang='grc' dir='ltr'>τῆς</span> <span class='ocrx_word' id='word_1_405' title='bbox 2977 2568 3054 2631; x_wconf 83' lang='grc' dir='ltr'>εἷς</span> <span class='ocrx_word' id='word_1_406' title='bbox 3105 2567 3302 2622; x_wconf 82' lang='grc' dir='ltr'>ἄτοπον</span> <span class='ocrx_word' id='word_1_407' title='bbox 3352 2567 3647 2642; x_wconf 82' lang='grc' dir='ltr'>ἀπαγωγῆς</span> <span class='ocrx_word' id='word_1_408' title='bbox 3698 2563 3786 2619; x_wconf 73' lang='grc' dir='ltr'>οὕ-</span> 
     </span>
    </p>
   </div>
   <div class='ocr_carea' id='block_1_57' title="bbox 2131 2651 3785 2730">
    <p class='ocr_par' dir='ltr' id='par_1_57' title="bbox 2131 2651 3785 2730">
     <span class='ocr_line' id='line_1_57' title="bbox 2131 2651 3785 2730; baseline -0.006 -14"><span class='ocrx_word' id='word_1_409' title='bbox 2131 2683 2273 2723; x_wconf 89' lang='grc' dir='ltr'>τως·</span> <span class='ocrx_word' id='word_1_410' title='bbox 2316 2660 2382 2714; x_wconf 76' lang='grc' dir='ltr'>Εἷ’</span> <span class='ocrx_word' id='word_1_411' title='bbox 2429 2659 2528 2714; x_wconf 80' lang='grc' dir='ltr'>οὐκ</span> <span class='ocrx_word' id='word_1_412' title='bbox 2574 2657 2682 2713; x_wconf 81' lang='grc' dir='ltr'>ἔστι</span> <span class='ocrx_word' id='word_1_413' title='bbox 2731 2659 2815 2728; x_wconf 88' lang='grc' dir='ltr'>τὸ,</span> <span class='ocrx_word' id='word_1_414' title='bbox 2848 2654 3035 2718; x_wconf 74' lang='grc' dir='ltr'>Οὐδεὶς</span> <span class='ocrx_word' id='word_1_415' title='bbox 3086 2654 3237 2717; x_wconf 88' lang='grc' dir='ltr'>λίθος</span> <span class='ocrx_word' id='word_1_416' title='bbox 3289 2652 3590 2730; x_wconf 80' lang='grc' dir='ltr'>ἄνθρωπος,</span> <span class='ocrx_word' id='word_1_417' title='bbox 3638 2651 3785 2723; x_wconf 84' lang='grc' dir='ltr'>ἀλη-</span> 
     </span>
    </p>
   </div>
   <div class='ocr_carea' id='block_1_58' title="bbox 2135 2739 3784 2820">
    <p class='ocr_par' dir='ltr' id='par_1_58' title="bbox 2135 2739 3784 2820">
     <span class='ocr_line' id='line_1_58' title="bbox 2135 2739 3784 2820; baseline -0.006 -16"><span class='ocrx_word' id='word_1_418' title='bbox 2135 2752 2218 2814; x_wconf 74' lang='grc' dir='ltr'>θὲς</span> <span class='ocrx_word' id='word_1_419' title='bbox 2277 2747 2419 2803; x_wconf 81' lang='grc' dir='ltr'>ἔσται</span> <span class='ocrx_word' id='word_1_420' title='bbox 2481 2745 2546 2817; x_wconf 79' lang='grc' dir='ltr'>δὴ</span> <span class='ocrx_word' id='word_1_421' title='bbox 2603 2748 2686 2816; x_wconf 87' lang='grc' dir='ltr'>τὸ,</span> <span class='ocrx_word' id='word_1_422' title='bbox 2719 2747 2811 2809; x_wconf 81' lang='grc' dir='ltr'>Τὶς</span> <span class='ocrx_word' id='word_1_423' title='bbox 2869 2745 3016 2807; x_wconf 90' lang='grc' dir='ltr'>λίθος</span> <span class='ocrx_word' id='word_1_424' title='bbox 3064 2742 3369 2820; x_wconf 82' lang='grc' dir='ltr'>ἄνθρωπος·</span> <span class='ocrx_word' id='word_1_425' title='bbox 3411 2740 3520 2797; x_wconf 81' lang='grc' dir='ltr'>ἔστι</span> <span class='ocrx_word' id='word_1_426' title='bbox 3584 2739 3641 2795; x_wconf 76' lang='grc' dir='ltr'>δὲ</span> <span class='ocrx_word' id='word_1_427' title='bbox 3691 2741 3784 2794; x_wconf 81' lang='grc' dir='ltr'>καὶ</span> 
     </span>
    </p>
   </div>
   <div class='ocr_carea' id='block_1_59' title="bbox 2136 2830 3783 2912">
    <p class='ocr_par' dir='ltr' id='par_1_59' title="bbox 2136 2830 3783 2912">
     <span class='ocr_line' id='line_1_59' title="bbox 2136 2830 3783 2912; baseline -0.006 -19"><span class='ocrx_word' id='word_1_428' title='bbox 2136 2836 2414 2912; x_wconf 76' lang='grc' dir='ltr'>ἄνθρωπος</span> <span class='ocrx_word' id='word_1_429' title='bbox 2458 2842 2616 2906; x_wconf 83' lang='grc' dir='ltr'>ζῶον·</span> <span class='ocrx_word' id='word_1_430' title='bbox 2661 2835 2750 2889; x_wconf 84' lang='grc' dir='ltr'>καὶ</span> <span class='ocrx_word' id='word_1_431' title='bbox 2801 2835 3102 2910; x_wconf 84' lang='grc' dir='ltr'>συνάγεται,</span> <span class='ocrx_word' id='word_1_432' title='bbox 3141 2833 3234 2894; x_wconf 84' lang='grc' dir='ltr'>Τῖς</span> <span class='ocrx_word' id='word_1_433' title='bbox 3265 2831 3416 2893; x_wconf 89' lang='grc' dir='ltr'>λίθος</span> <span class='ocrx_word' id='word_1_434' title='bbox 3465 2836 3625 2900; x_wconf 82' lang='grc' dir='ltr'>ζῶον·</span> <span class='ocrx_word' id='word_1_435' title='bbox 3681 2830 3783 2884; x_wconf 84' lang='grc' dir='ltr'>ὑπ-</span> 
     </span>
    </p>
   </div>
   <div class='ocr_carea' id='block_1_60' title="bbox 2136 2919 3562 2997">
    <p class='ocr_par' dir='ltr' id='par_1_60' title="bbox 2136 2919 3562 2997">
     <span class='ocr_line' id='line_1_60' title="bbox 2136 2919 3562 2997; baseline -0.004 -15"><span class='ocrx_word' id='word_1_436' title='bbox 2136 2927 2306 2982; x_wconf 75' lang='grc' dir='ltr'>έκειτο</span> <span class='ocrx_word' id='word_1_437' title='bbox 2339 2923 2396 2980; x_wconf 73' lang='grc' dir='ltr'>δὲ</span> <span class='ocrx_word' id='word_1_438' title='bbox 2423 2923 2536 2993; x_wconf 76' lang='grc' dir='ltr'>καί,</span> <span class='ocrx_word' id='word_1_439' title='bbox 2569 2921 2756 2986; x_wconf 81' lang='grc' dir='ltr'>Οὐδεὶς</span> <span class='ocrx_word' id='word_1_440' title='bbox 2786 2922 2939 2985; x_wconf 87' lang='grc' dir='ltr'>λίθος</span> <span class='ocrx_word' id='word_1_441' title='bbox 2975 2928 3131 2992; x_wconf 80' lang='grc' dir='ltr'>ζῶον·</span> <span class='ocrx_word' id='word_1_442' title='bbox 3167 2920 3299 2997; x_wconf 77' lang='grc' dir='ltr'>ὅπερ</span> <span class='ocrx_word' id='word_1_443' title='bbox 3343 2919 3562 2977; x_wconf 80' lang='grc' dir='ltr'>ἄτοπον.</span> 
     </span>
    </p>
   </div>
   <div class='ocr_carea' id='block_1_61' title="bbox 2211 3098 3787 3180">
    <p class='ocr_par' dir='ltr' id='par_1_61' title="bbox 2211 3098 3787 3180">
     <span class='ocr_line' id='line_1_61' title="bbox 2211 3098 3787 3180; baseline -0.006 -20"><span class='ocrx_word' id='word_1_444' title='bbox 2211 3105 2292 3162; x_wconf 89' lang='grc' dir='ltr'>ιδ’.</span> <span class='ocrx_word' id='word_1_445' title='bbox 2326 3107 2382 3158; x_wconf 76' lang='grc' dir='ltr'><strong>Ὀ</strong></span> <span class='ocrx_word' id='word_1_446' title='bbox 2420 3105 2601 3180; x_wconf 91' lang='grc' dir='ltr'>τρίτος</span> <span class='ocrx_word' id='word_1_447' title='bbox 2650 3101 2849 3179; x_wconf 89' lang='grc' dir='ltr'>τρόπος</span> <span class='ocrx_word' id='word_1_448' title='bbox 2893 3106 2990 3156; x_wconf 77' lang='grc' dir='ltr'>τοῦ</span> <span class='ocrx_word' id='word_1_449' title='bbox 3044 3099 3294 3177; x_wconf 71' lang='grc' dir='ltr'>δευτέρου</span> <span class='ocrx_word' id='word_1_450' title='bbox 3355 3101 3646 3175; x_wconf 78' lang='grc' dir='ltr'>σχήματος</span> <span class='ocrx_word' id='word_1_451' title='bbox 3709 3098 3787 3160; x_wconf 82' lang='grc' dir='ltr'>εἷς</span> 
     </span>
    </p>
   </div>
   <div class='ocr_carea' id='block_1_62' title="bbox 2135 3184 3790 3269">
    <p class='ocr_par' dir='ltr' id='par_1_62' title="bbox 2135 3184 3790 3269">
     <span class='ocr_line' id='line_1_62' title="bbox 2135 3184 3790 3269; baseline -0.006 -19"><span class='ocrx_word' id='word_1_452' title='bbox 2135 3197 2224 3250; x_wconf 87' lang='grc' dir='ltr'>τὸν</span> <span class='ocrx_word' id='word_1_453' title='bbox 2255 3199 2352 3250; x_wconf 73' lang='grc' dir='ltr'>τοῦ</span> <span class='ocrx_word' id='word_1_454' title='bbox 2380 3194 2600 3269; x_wconf 81' lang='grc' dir='ltr'>πρώτου</span> <span class='ocrx_word' id='word_1_455' title='bbox 2629 3194 2918 3267; x_wconf 81' lang='grc' dir='ltr'>σχήματος</span> <span class='ocrx_word' id='word_1_456' title='bbox 2969 3191 3220 3265; x_wconf 71' lang='grc' dir='ltr'>τέταρτον</span> <span class='ocrx_word' id='word_1_457' title='bbox 3271 3187 3472 3264; x_wconf 90' lang='grc' dir='ltr'>τρόπον</span> <span class='ocrx_word' id='word_1_458' title='bbox 3523 3187 3665 3242; x_wconf 75' lang='grc' dir='ltr'>οὕτω</span> <span class='ocrx_word' id='word_1_459' title='bbox 3718 3184 3790 3241; x_wconf 89' lang='grc' dir='ltr'>δι’</span> 
     </span>
    </p>
   </div>
   <div class='ocr_carea' id='block_1_63' title="bbox 2141 3272 3786 3360">
    <p class='ocr_par' dir='ltr' id='par_1_63' title="bbox 2141 3272 3786 3360">
     <span class='ocr_line' id='line_1_63' title="bbox 2141 3272 3786 3360; baseline -0.007 -22"><span class='ocrx_word' id='word_1_460' title='bbox 2141 3286 2496 3360; x_wconf 80' lang='grc' dir='ltr'>ἀντιστροφῆς</span> <span class='ocrx_word' id='word_1_461' title='bbox 2564 3281 2946 3355; x_wconf 74' lang='grc' dir='ltr'>ἀναχθήσεται·</span> <span class='ocrx_word' id='word_1_462' title='bbox 3007 3279 3068 3333; x_wconf 88' lang='grc' dir='ltr'>Τὶ</span> <span class='ocrx_word' id='word_1_463' title='bbox 3127 3283 3264 3346; x_wconf 81' lang='grc' dir='ltr'>ζῶον</span> <span class='ocrx_word' id='word_1_464' title='bbox 3322 3276 3568 3353; x_wconf 72' lang='grc' dir='ltr'>λογικόνο</span> <span class='ocrx_word' id='word_1_465' title='bbox 3631 3272 3786 3330; x_wconf 76' lang='grc' dir='ltr'>οὐδὲν</span> 
     </span>
    </p>
   </div>
   <div class='ocr_carea' id='block_1_64' title="bbox 389 3359 2029 3450">
    <p class='ocr_par' dir='ltr' id='par_1_64' title="bbox 389 3373 2029 3450">
     <span class='ocr_line' id='line_1_64' title="bbox 389 3373 2029 3450; baseline -0.013 0"><span class='ocrx_word' id='word_1_466' title='bbox 389 3388 726 3450; x_wconf 88' lang='lat' dir='ltr'>irrationale</span> <span class='ocrx_word' id='word_1_467' title='bbox 777 3382 1082 3449; x_wconf 82' lang='lat' dir='ltr'>rationale;</span> <span class='ocrx_word' id='word_1_468' title='bbox 1139 3397 1256 3436; x_wconf 92' lang='lat' dir='ltr'>non</span> <span class='ocrx_word' id='word_1_469' title='bbox 1311 3394 1482 3434; x_wconf 88' lang='lat' dir='ltr'>omne</span> <span class='ocrx_word' id='word_1_470' title='bbox 1535 3374 1752 3431; x_wconf 90' lang='lat' dir='ltr'>animal</span> <span class='ocrx_word' id='word_1_471' title='bbox 1809 3373 2029 3430; x_wconf 88' lang='lat' dir='ltr'>irratio-</span> 
     </span>
    </p>
   </div>
   <div class='ocr_carea' id='block_1_65' title="bbox 2142 3359 3789 3450">
    <p class='ocr_par' dir='ltr' id='par_1_65' title="bbox 2142 3359 3789 3447">
     <span class='ocr_line' id='line_1_65' title="bbox 2142 3359 3789 3447; baseline -0.006 -19"><span class='ocrx_word' id='word_1_472' title='bbox 2142 3371 2342 3447; x_wconf 82' lang='grc' dir='ltr'>ἄλογον</span> <span class='ocrx_word' id='word_1_473' title='bbox 2393 3359 2636 3445; x_wconf 77' lang='grc' dir='ltr'>λογικόν·</span> <span class='ocrx_word' id='word_1_474' title='bbox 2673 3368 2734 3424; x_wconf 81' lang='grc' dir='ltr'>οὐ</span> <span class='ocrx_word' id='word_1_475' title='bbox 2779 3375 2881 3423; x_wconf 89' lang='grc' dir='ltr'>πᾶν</span> <span class='ocrx_word' id='word_1_476' title='bbox 2936 3372 3070 3436; x_wconf 80' lang='grc' dir='ltr'>ζῶον</span> <span class='ocrx_word' id='word_1_477' title='bbox 3121 3365 3346 3440; x_wconf 81' lang='grc' dir='ltr'>ἄλογον.</span> <span class='ocrx_word' id='word_1_478' title='bbox 3376 3365 3789 3440; x_wconf 76' lang='grc' dir='ltr'>’Δντεστράφθω</span> 
     </span>
    </p>
   </div>
   <div class='ocr_carea' id='block_1_66' title="bbox 389 3462 2031 3541">
    <p class='ocr_par' dir='ltr' id='par_1_66' title="bbox 389 3462 2031 3541">
     <span class='ocr_line' id='line_1_66' title="bbox 389 3462 2031 3541; baseline -0.014 0"><span class='ocrx_word' id='word_1_479' title='bbox 389 3481 542 3541; x_wconf 89' lang='lat' dir='ltr'>nale.</span> <span class='ocrx_word' id='word_1_480' title='bbox 595 3477 974 3536; x_wconf 85' lang='lat' dir='ltr'>Convertatur</span> <span class='ocrx_word' id='word_1_481' title='bbox 1026 3471 1257 3541; x_wconf 89' lang='lat' dir='ltr'>major:</span> <span class='ocrx_word' id='word_1_482' title='bbox 1291 3468 1352 3524; x_wconf 91' lang='lat' dir='ltr'>Si</span> <span class='ocrx_word' id='word_1_483' title='bbox 1410 3464 1638 3522; x_wconf 90' lang='lat' dir='ltr'>nullum</span> <span class='ocrx_word' id='word_1_484' title='bbox 1695 3462 2031 3519; x_wconf 88' lang='lat' dir='ltr'>irrationale</span> 
     </span>
    </p>
   </div>
   <div class='ocr_carea' id='block_1_67' title="bbox 390 3551 2031 3639">
    <p class='ocr_par' dir='ltr' id='par_1_67' title="bbox 390 3551 2031 3639">
     <span class='ocr_line' id='line_1_67' title="bbox 390 3551 2031 3639; baseline -0.014 -9"><span class='ocrx_word' id='word_1_485' title='bbox 390 3570 702 3639; x_wconf 82' lang='lat' dir='ltr'>rationale;</span> <span class='ocrx_word' id='word_1_486' title='bbox 735 3564 964 3622; x_wconf 88' lang='lat' dir='ltr'>nullum</span> <span class='ocrx_word' id='word_1_487' title='bbox 1011 3561 1186 3616; x_wconf 91' lang='lat' dir='ltr'>etiam</span> <span class='ocrx_word' id='word_1_488' title='bbox 1237 3555 1517 3613; x_wconf 88' lang='lat' dir='ltr'>rationale</span> <span class='ocrx_word' id='word_1_489' title='bbox 1564 3551 1930 3620; x_wconf 89' lang='lat' dir='ltr'>irrationale;</span> <span class='ocrx_word' id='word_1_490' title='bbox 1974 3557 2031 3608; x_wconf 89' lang='lat' dir='ltr'>at</span> 
     </span>
    </p>
   </div>
   <div class='ocr_carea' id='block_1_68' title="bbox 395 3641 2030 3736">
    <p class='ocr_par' dir='ltr' id='par_1_68' title="bbox 395 3641 2030 3736">
     <span class='ocr_line' id='line_1_68' title="bbox 395 3641 2030 3736; baseline -0.015 -17"><span class='ocrx_word' id='word_1_491' title='bbox 395 3661 690 3736; x_wconf 89' lang='lat' dir='ltr'>quoddam</span> <span class='ocrx_word' id='word_1_492' title='bbox 745 3653 959 3712; x_wconf 88' lang='lat' dir='ltr'>animal</span> <span class='ocrx_word' id='word_1_493' title='bbox 1016 3647 1315 3706; x_wconf 87' lang='lat' dir='ltr'>rationale.</span> <span class='ocrx_word' id='word_1_494' title='bbox 1349 3647 1408 3702; x_wconf 92' lang='lat' dir='ltr'>Si</span> <span class='ocrx_word' id='word_1_495' title='bbox 1462 3644 1757 3716; x_wconf 91' lang='lat' dir='ltr'>quoddam</span> <span class='ocrx_word' id='word_1_496' title='bbox 1813 3641 2030 3697; x_wconf 90' lang='lat' dir='ltr'>animal</span> 
     </span>
    </p>
   </div>
   <div class='ocr_carea' id='block_1_69' title="bbox 391 3732 2031 3817">
    <p class='ocr_par' dir='ltr' id='par_1_69' title="bbox 391 3732 2031 3817">
     <span class='ocr_line' id='line_1_69' title="bbox 391 3732 2031 3817; baseline -0.013 -9"><span class='ocrx_word' id='word_1_497' title='bbox 391 3732 697 3817; x_wconf 71' lang='lat' dir='ltr'>rationale,</span> <span class='ocrx_word' id='word_1_498' title='bbox 746 3749 804 3801; x_wconf 88' lang='lat' dir='ltr'>et</span> <span class='ocrx_word' id='word_1_499' title='bbox 859 3742 1088 3798; x_wconf 86' lang='lat' dir='ltr'>nullum</span> <span class='ocrx_word' id='word_1_500' title='bbox 1138 3734 1420 3794; x_wconf 86' lang='lat' dir='ltr'>rationale</span> <span class='ocrx_word' id='word_1_501' title='bbox 1476 3732 1861 3789; x_wconf 86' lang='lat' dir='ltr'>irrationale:</span> <span class='ocrx_word' id='word_1_502' title='bbox 1916 3748 2031 3787; x_wconf 92' lang='lat' dir='ltr'>non</span> 
     </span>
    </p>
   </div>
   <div class='ocr_carea' id='block_1_70' title="bbox 392 3820 2032 3899">
    <p class='ocr_par' dir='ltr' id='par_1_70' title="bbox 392 3820 2032 3899">
     <span class='ocr_line' id='line_1_70' title="bbox 392 3820 2032 3899; baseline -0.015 -1"><span class='ocrx_word' id='word_1_503' title='bbox 392 3855 566 3899; x_wconf 89' lang='lat' dir='ltr'>omne</span> <span class='ocrx_word' id='word_1_504' title='bbox 595 3833 814 3893; x_wconf 88' lang='lat' dir='ltr'>animal</span> <span class='ocrx_word' id='word_1_505' title='bbox 845 3827 1200 3887; x_wconf 89' lang='lat' dir='ltr'>irrationale.</span> <span class='ocrx_word' id='word_1_506' title='bbox 1233 3832 1342 3882; x_wconf 90' lang='lat' dir='ltr'>Per</span> <span class='ocrx_word' id='word_1_507' title='bbox 1384 3823 1790 3880; x_wconf 88' lang='lat' dir='ltr'>deductionem</span> <span class='ocrx_word' id='word_1_508' title='bbox 1821 3821 1892 3876; x_wconf 93' lang='lat' dir='ltr'>ad</span> <span class='ocrx_word' id='word_1_509' title='bbox 1922 3820 2032 3875; x_wconf 91' lang='lat' dir='ltr'>im-</span> 
     </span>
    </p>
   </div>
   <div class='ocr_carea' id='block_1_71' title="bbox 391 3908 2035 4004">
    <p class='ocr_par' dir='ltr' id='par_1_71' title="bbox 391 3908 2035 4004">
     <span class='ocr_line' id='line_1_71' title="bbox 391 3908 2035 4004; baseline -0.013 -18"><span class='ocrx_word' id='word_1_510' title='bbox 391 3926 716 4004; x_wconf 89' lang='lat' dir='ltr'>possibile:</span> <span class='ocrx_word' id='word_1_511' title='bbox 751 3923 809 3978; x_wconf 91' lang='lat' dir='ltr'>Si</span> <span class='ocrx_word' id='word_1_512' title='bbox 870 3921 1083 3976; x_wconf 86' lang='lat' dir='ltr'>falsum</span> <span class='ocrx_word' id='word_1_513' title='bbox 1125 3921 1214 3972; x_wconf 91' lang='lat' dir='ltr'>est</span> <span class='ocrx_word' id='word_1_514' title='bbox 1258 3915 1386 3982; x_wconf 89' lang='lat' dir='ltr'>hoc,</span> <span class='ocrx_word' id='word_1_515' title='bbox 1414 3929 1530 3968; x_wconf 90' lang='lat' dir='ltr'>non</span> <span class='ocrx_word' id='word_1_516' title='bbox 1588 3927 1762 3967; x_wconf 91' lang='lat' dir='ltr'>omne</span> <span class='ocrx_word' id='word_1_517' title='bbox 1816 3908 2035 3965; x_wconf 88' lang='lat' dir='ltr'>animal</span> 
     </span>
    </p>
   </div>
   <div class='ocr_carea' id='block_1_72' title="bbox 393 3998 2037 4086">
    <p class='ocr_par' dir='ltr' id='par_1_72' title="bbox 393 3998 2037 4086">
     <span class='ocr_line' id='line_1_72' title="bbox 393 3998 2037 4086; baseline -0.016 -8"><span class='ocrx_word' id='word_1_518' title='bbox 393 3998 750 4086; x_wconf 81' lang='lat' dir='ltr'>irrationale,</span> <span class='ocrx_word' id='word_1_519' title='bbox 781 4027 982 4068; x_wconf 90' lang='lat' dir='ltr'>verum</span> <span class='ocrx_word' id='word_1_520' title='bbox 1013 4009 1216 4078; x_wconf 88' lang='lat' dir='ltr'>utique</span> <span class='ocrx_word' id='word_1_521' title='bbox 1259 4004 1370 4061; x_wconf 89' lang='lat' dir='ltr'>erit</span> <span class='ocrx_word' id='word_1_522' title='bbox 1415 4003 1545 4072; x_wconf 85' lang='lat' dir='ltr'>hoc,</span> <span class='ocrx_word' id='word_1_523' title='bbox 1596 4015 1769 4057; x_wconf 92' lang='lat' dir='ltr'>omne</span> <span class='ocrx_word' id='word_1_524' title='bbox 1819 3998 2037 4054; x_wconf 89' lang='lat' dir='ltr'>animal</span> 
     </span>
    </p>
   </div>
   <div class='ocr_carea' id='block_1_73' title="bbox 392 4087 2036 4167">
    <p class='ocr_par' dir='ltr' id='par_1_73' title="bbox 392 4087 2036 4167">
     <span class='ocr_line' id='line_1_73' title="bbox 392 4087 2036 4167; baseline -0.016 0"><span class='ocrx_word' id='word_1_525' title='bbox 392 4105 747 4167; x_wconf 87' lang='lat' dir='ltr'>irrationale.</span> <span class='ocrx_word' id='word_1_526' title='bbox 780 4100 1043 4157; x_wconf 86' lang='lat' dir='ltr'>Positum</span> <span class='ocrx_word' id='word_1_527' title='bbox 1080 4101 1275 4152; x_wconf 90' lang='lat' dir='ltr'>autem</span> <span class='ocrx_word' id='word_1_528' title='bbox 1305 4097 1396 4149; x_wconf 89' lang='lat' dir='ltr'>est</span> <span class='ocrx_word' id='word_1_529' title='bbox 1422 4092 1598 4147; x_wconf 87' lang='lat' dir='ltr'>etiam</span> <span class='ocrx_word' id='word_1_530' title='bbox 1630 4087 1859 4144; x_wconf 90' lang='lat' dir='ltr'>nullum</span> <span class='ocrx_word' id='word_1_531' title='bbox 1891 4089 2036 4143; x_wconf 89' lang='lat' dir='ltr'>irra-</span> 
     </span>
    </p>
   </div>
   <div class='ocr_carea' id='block_1_74' title="bbox 2143 3451 3785 3535">
    <p class='ocr_par' dir='ltr' id='par_1_74' title="bbox 2143 3451 3785 3535">
     <span class='ocr_line' id='line_1_74' title="bbox 2143 3451 3785 3535; baseline -0.007 -18"><span class='ocrx_word' id='word_1_532' title='bbox 2143 3465 2178 3532; x_wconf 77' lang='grc' dir='ltr'>ἡ</span> <span class='ocrx_word' id='word_1_533' title='bbox 2216 3461 2430 3535; x_wconf 82' lang='grc' dir='ltr'>μείζων·</span> <span class='ocrx_word' id='word_1_534' title='bbox 2464 3459 2528 3514; x_wconf 80' lang='lat' dir='ltr'>Ei</span> <span class='ocrx_word' id='word_1_535' title='bbox 2557 3456 2710 3513; x_wconf 71' lang='grc' dir='ltr'>οὐδὲν</span> <span class='ocrx_word' id='word_1_536' title='bbox 2771 3456 2967 3533; x_wconf 82' lang='grc' dir='ltr'>ἄλογον</span> <span class='ocrx_word' id='word_1_537' title='bbox 3018 3455 3263 3532; x_wconf 83' lang='grc' dir='ltr'>λογικὸν,</span> <span class='ocrx_word' id='word_1_538' title='bbox 3295 3454 3385 3510; x_wconf 81' lang='grc' dir='ltr'>καὶ</span> <span class='ocrx_word' id='word_1_539' title='bbox 3430 3451 3580 3510; x_wconf 75' lang='grc' dir='ltr'>οὐδὲν</span> <span class='ocrx_word' id='word_1_540' title='bbox 3631 3451 3785 3528; x_wconf 89' lang='grc' dir='ltr'>λογι-</span> 
     </span>
    </p>
   </div>
   <div class='ocr_carea' id='block_1_75' title="bbox 2136 3541 3789 3624">
    <p class='ocr_par' dir='ltr' id='par_1_75' title="bbox 2136 3541 3789 3624">
     <span class='ocr_line' id='line_1_75' title="bbox 2136 3541 3789 3624; baseline -0.008 -17"><span class='ocrx_word' id='word_1_541' title='bbox 2136 3552 2229 3607; x_wconf 83' lang='grc' dir='ltr'>κὸν</span> <span class='ocrx_word' id='word_1_542' title='bbox 2259 3548 2487 3624; x_wconf 79' lang='grc' dir='ltr'>ἄλογον.</span> <span class='ocrx_word' id='word_1_543' title='bbox 2521 3548 2581 3602; x_wconf 85' lang='grc' dir='ltr'>Τὶ</span> <span class='ocrx_word' id='word_1_544' title='bbox 2612 3545 2670 3601; x_wconf 72' lang='grc' dir='ltr'>δὲ</span> <span class='ocrx_word' id='word_1_545' title='bbox 2707 3551 2842 3616; x_wconf 81' lang='grc' dir='ltr'>ζῶον</span> <span class='ocrx_word' id='word_1_546' title='bbox 2875 3544 3115 3622; x_wconf 81' lang='grc' dir='ltr'>λογικόν.</span> <span class='ocrx_word' id='word_1_547' title='bbox 3149 3545 3210 3600; x_wconf 85' lang='grc' dir='ltr'>Εἰ</span> <span class='ocrx_word' id='word_1_548' title='bbox 3258 3544 3309 3598; x_wconf 80' lang='grc' dir='ltr'>τὶ</span> <span class='ocrx_word' id='word_1_549' title='bbox 3362 3549 3498 3613; x_wconf 78' lang='grc' dir='ltr'>ζῶον</span> <span class='ocrx_word' id='word_1_550' title='bbox 3545 3541 3789 3617; x_wconf 84' lang='grc' dir='ltr'>λογικὸν,</span> 
     </span>
    </p>
   </div>
   <div class='ocr_carea' id='block_1_76' title="bbox 2137 3630 3789 3712">
    <p class='ocr_par' dir='ltr' id='par_1_76' title="bbox 2137 3630 3789 3712">
     <span class='ocr_line' id='line_1_76' title="bbox 2137 3630 3789 3712; baseline -0.007 -17"><span class='ocrx_word' id='word_1_551' title='bbox 2137 3640 2226 3696; x_wconf 81' lang='grc' dir='ltr'>καὶ</span> <span class='ocrx_word' id='word_1_552' title='bbox 2258 3635 2410 3694; x_wconf 69' lang='grc' dir='ltr'>οὐδὲν</span> <span class='ocrx_word' id='word_1_553' title='bbox 2438 3636 2661 3712; x_wconf 84' lang='grc' dir='ltr'>λογικὸν</span> <span class='ocrx_word' id='word_1_554' title='bbox 2715 3634 2932 3711; x_wconf 78' lang='grc' dir='ltr'>ἄλογον·</span> <span class='ocrx_word' id='word_1_555' title='bbox 2983 3634 3044 3688; x_wconf 80' lang='grc' dir='ltr'>οὐ</span> <span class='ocrx_word' id='word_1_556' title='bbox 3091 3639 3193 3688; x_wconf 88' lang='grc' dir='ltr'>πᾶν</span> <span class='ocrx_word' id='word_1_557' title='bbox 3247 3637 3384 3702; x_wconf 79' lang='grc' dir='ltr'>ζῶον</span> <span class='ocrx_word' id='word_1_558' title='bbox 3432 3630 3656 3706; x_wconf 79' lang='grc' dir='ltr'>ἄλογον.</span> <span class='ocrx_word' id='word_1_559' title='bbox 3690 3630 3789 3684; x_wconf 81' lang='grc' dir='ltr'>Διὰ</span> 
     </span>
    </p>
   </div>
   <div class='ocr_carea' id='block_1_77' title="bbox 2137 3717 3786 3799">
    <p class='ocr_par' dir='ltr' id='par_1_77' title="bbox 2137 3717 3786 3799">
     <span class='ocr_line' id='line_1_77' title="bbox 2137 3717 3786 3799; baseline -0.007 -16"><span class='ocrx_word' id='word_1_560' title='bbox 2137 3730 2236 3798; x_wconf 79' lang='grc' dir='ltr'>τῆς</span> <span class='ocrx_word' id='word_1_561' title='bbox 2278 3727 2354 3789; x_wconf 83' lang='grc' dir='ltr'>εἷς</span> <span class='ocrx_word' id='word_1_562' title='bbox 2393 3723 2647 3780; x_wconf 77' lang='grc' dir='ltr'>ἀδύνατον</span> <span class='ocrx_word' id='word_1_563' title='bbox 2699 3725 3015 3799; x_wconf 70' lang='grc' dir='ltr'>ἀπαγωγῆς*</span> <span class='ocrx_word' id='word_1_564' title='bbox 3052 3722 3115 3776; x_wconf 83' lang='grc' dir='ltr'>Εἰ</span> <span class='ocrx_word' id='word_1_565' title='bbox 3175 3718 3365 3795; x_wconf 75' lang='grc' dir='ltr'>ψευδὲς</span> <span class='ocrx_word' id='word_1_566' title='bbox 3424 3719 3533 3774; x_wconf 83' lang='grc' dir='ltr'>ἐστι</span> <span class='ocrx_word' id='word_1_567' title='bbox 3590 3719 3674 3789; x_wconf 83' lang='grc' dir='ltr'>τὸ,</span> <span class='ocrx_word' id='word_1_568' title='bbox 3722 3717 3786 3772; x_wconf 74' lang='grc' dir='ltr'>οὗ</span> 
     </span>
    </p>
   </div>
   <div class='ocr_carea' id='block_1_78' title="bbox 2139 3809 3788 3888">
    <p class='ocr_par' dir='ltr' id='par_1_78' title="bbox 2139 3809 3788 3888">
     <span class='ocr_line' id='line_1_78' title="bbox 2139 3809 3788 3888; baseline -0.008 -16"><span class='ocrx_word' id='word_1_569' title='bbox 2139 3823 2241 3872; x_wconf 88' lang='grc' dir='ltr'>πᾶν</span> <span class='ocrx_word' id='word_1_570' title='bbox 2300 3819 2436 3885; x_wconf 79' lang='grc' dir='ltr'>ζῶον</span> <span class='ocrx_word' id='word_1_571' title='bbox 2497 3810 2716 3888; x_wconf 79' lang='grc' dir='ltr'>ἄλογον·</span> <span class='ocrx_word' id='word_1_572' title='bbox 2779 3811 2923 3866; x_wconf 81' lang='grc' dir='ltr'>ἔσται</span> <span class='ocrx_word' id='word_1_573' title='bbox 2985 3809 3050 3880; x_wconf 84' lang='grc' dir='ltr'>δὴ</span> <span class='ocrx_word' id='word_1_574' title='bbox 3113 3809 3310 3880; x_wconf 73' lang='grc' dir='ltr'>ἀληθὲς</span> <span class='ocrx_word' id='word_1_575' title='bbox 3368 3809 3451 3880; x_wconf 87' lang='grc' dir='ltr'>τὸ,</span> <span class='ocrx_word' id='word_1_576' title='bbox 3483 3814 3584 3863; x_wconf 91' lang='grc' dir='ltr'>πᾶν</span> <span class='ocrx_word' id='word_1_577' title='bbox 3649 3811 3788 3876; x_wconf 81' lang='grc' dir='ltr'>ζῶον</span> 
     </span>
    </p>
   </div>
   <div class='ocr_carea' id='block_1_79' title="bbox 2143 3895 3790 3981">
    <p class='ocr_par' dir='ltr' id='par_1_79' title="bbox 2143 3895 3790 3981">
     <span class='ocr_line' id='line_1_79' title="bbox 2143 3895 3790 3981; baseline -0.006 -21"><span class='ocrx_word' id='word_1_578' title='bbox 2143 3905 2363 3981; x_wconf 79' lang='grc' dir='ltr'>ἄλογον.</span> <span class='ocrx_word' id='word_1_579' title='bbox 2421 3905 2569 3958; x_wconf 80' lang='grc' dir='ltr'>Ἐστι</span> <span class='ocrx_word' id='word_1_580' title='bbox 2621 3900 2679 3957; x_wconf 71' lang='grc' dir='ltr'>δὲ</span> <span class='ocrx_word' id='word_1_581' title='bbox 2722 3902 2964 3974; x_wconf 86' lang='grc' dir='ltr'>κείμενον</span> <span class='ocrx_word' id='word_1_582' title='bbox 3020 3900 3130 3970; x_wconf 83' lang='grc' dir='ltr'>καὶ,</span> <span class='ocrx_word' id='word_1_583' title='bbox 3183 3896 3334 3954; x_wconf 76' lang='grc' dir='ltr'>οὐδὲν</span> <span class='ocrx_word' id='word_1_584' title='bbox 3377 3895 3578 3972; x_wconf 76' lang='grc' dir='ltr'>ἄλογον</span> <span class='ocrx_word' id='word_1_585' title='bbox 3630 3895 3790 3972; x_wconf 88' lang='grc' dir='ltr'>λογι-</span> 
     </span>
    </p>
   </div>
   <div class='ocr_carea' id='block_1_80' title="bbox 2143 3984 3794 4069">
    <p class='ocr_par' dir='ltr' id='par_1_80' title="bbox 2143 3984 3794 4069">
     <span class='ocr_line' id='line_1_80' title="bbox 2143 3984 3794 4069; baseline -0.007 -19"><span class='ocrx_word' id='word_1_586' title='bbox 2143 3995 2258 4050; x_wconf 86' lang='grc' dir='ltr'>κόν·</span> <span class='ocrx_word' id='word_1_587' title='bbox 2292 3991 2444 4049; x_wconf 72' lang='grc' dir='ltr'>οὐδὲν</span> <span class='ocrx_word' id='word_1_588' title='bbox 2507 3990 2610 4069; x_wconf 83' lang='grc' dir='ltr'>ἄρα</span> <span class='ocrx_word' id='word_1_589' title='bbox 2665 3996 2799 4060; x_wconf 84' lang='grc' dir='ltr'>ζῶον</span> <span class='ocrx_word' id='word_1_590' title='bbox 2857 3988 3103 4065; x_wconf 88' lang='grc' dir='ltr'>λογικόν.</span> <span class='ocrx_word' id='word_1_591' title='bbox 3156 3986 3430 4042; x_wconf 83' lang='grc' dir='ltr'>Ὑπέκειτο</span> <span class='ocrx_word' id='word_1_592' title='bbox 3488 3984 3546 4040; x_wconf 74' lang='grc' dir='ltr'>δὲ</span> <span class='ocrx_word' id='word_1_593' title='bbox 3594 3984 3706 4055; x_wconf 85' lang='grc' dir='ltr'>καὶ,</span> <span class='ocrx_word' id='word_1_594' title='bbox 3739 3986 3794 4039; x_wconf 88' lang='grc' dir='ltr'>τὶ</span> 
     </span>
    </p>
   </div>
   <div class='ocr_carea' id='block_1_81' title="bbox 2149 4077 3034 4158">
    <p class='ocr_par' dir='ltr' id='par_1_81' title="bbox 2149 4077 3034 4158">
     <span class='ocr_line' id='line_1_81' title="bbox 2149 4077 3034 4158; baseline -0.005 -19"><span class='ocrx_word' id='word_1_595' title='bbox 2149 4089 2282 4153; x_wconf 78' lang='grc' dir='ltr'>ζῶον</span> <span class='ocrx_word' id='word_1_596' title='bbox 2318 4082 2561 4158; x_wconf 76' lang='grc' dir='ltr'>λογικόνο</span> <span class='ocrx_word' id='word_1_597' title='bbox 2596 4080 2726 4156; x_wconf 80' lang='grc' dir='ltr'>ὅπερ</span> <span class='ocrx_word' id='word_1_598' title='bbox 2757 4077 3034 4135; x_wconf 77' lang='grc' dir='ltr'>ἀδύνατον.</span> 
     </span>
    </p>
   </div>
   <div class='ocr_carea' id='block_1_82' title="bbox 392 4162 3793 4265">
    <p class='ocr_par' dir='ltr' id='par_1_82' title="bbox 392 4162 3793 4265">
     <span class='ocr_line' id='line_1_82' title="bbox 392 4162 3793 4265; baseline -0.011 -8"><span class='ocrx_word' id='word_1_599' title='bbox 392 4162 606 4257; x_wconf 73' lang='lat' dir='ltr'>tionale</span> <span class='ocrx_word' id='word_1_600' title='bbox 637 4189 938 4265; x_wconf 79' lang='lat' dir='ltr'>rationale.</span> <span class='ocrx_word' id='word_1_601' title='bbox 970 4188 1095 4242; x_wconf 90' lang='lat' dir='ltr'>Non</span> <span class='ocrx_word' id='word_1_602' title='bbox 1145 4184 1323 4256; x_wconf 91' lang='lat' dir='ltr'>igitur</span> <span class='ocrx_word' id='word_1_603' title='bbox 1369 4177 1588 4237; x_wconf 90' lang='lat' dir='ltr'>animal</span> <span class='ocrx_word' id='word_1_604' title='bbox 1619 4176 1917 4234; x_wconf 87' lang='lat' dir='ltr'>rationale.</span> <span class='ocrx_word' id='word_1_605' title='bbox 1949 4175 2396 4249; x_wconf 89' lang='lat' dir='ltr'>Supponebatur</span> <span class='ocrx_word' id='word_1_606' title='bbox 2435 4177 2628 4229; x_wconf 88' lang='lat' dir='ltr'>autem</span> <span class='ocrx_word' id='word_1_607' title='bbox 2678 4171 2854 4228; x_wconf 88' lang='lat' dir='ltr'>etiam</span> <span class='ocrx_word' id='word_1_608' title='bbox 2905 4168 3141 4240; x_wconf 88' lang='lat' dir='ltr'>aliquod</span> <span class='ocrx_word' id='word_1_609' title='bbox 3192 4165 3409 4223; x_wconf 89' lang='lat' dir='ltr'>animal</span> <span class='ocrx_word' id='word_1_610' title='bbox 3466 4162 3793 4231; x_wconf 85' lang='lat' dir='ltr'>rationale;</span> 
     </span>
    </p>
   </div>
   <div class='ocr_carea' id='block_1_83' title="bbox 393 4276 1080 4363">
    <p class='ocr_par' dir='ltr' id='par_1_83' title="bbox 393 4276 1080 4363">
     <span class='ocr_line' id='line_1_83' title="bbox 393 4276 1080 4363; baseline -0.023 -17"><span class='ocrx_word' id='word_1_611' title='bbox 393 4289 551 4363; x_wconf 90' lang='lat' dir='ltr'>quod</span> <span class='ocrx_word' id='word_1_612' title='bbox 582 4293 669 4342; x_wconf 91' lang='lat' dir='ltr'>est</span> <span class='ocrx_word' id='word_1_613' title='bbox 698 4276 1080 4353; x_wconf 91' lang='lat' dir='ltr'>impossibile.</span> 
     </span>
    </p>
   </div>
   <div class='ocr_carea' id='block_1_84' title="bbox 464 4355 2115 4440">
    <p class='ocr_par' dir='ltr' id='par_1_84' title="bbox 464 4355 2115 4440">
     <span class='ocr_line' id='line_1_84' title="bbox 464 4355 2115 4440; baseline -0.016 -6"><span class='ocrx_word' id='word_1_614' title='bbox 464 4379 551 4434; x_wconf 84' lang='grc'>15.</span> <span class='ocrx_word' id='word_1_615' title='bbox 585 4376 838 4440; x_wconf 87' lang='lat' dir='ltr'>Quartus</span> <span class='ocrx_word' id='word_1_616' title='bbox 870 4367 1080 4424; x_wconf 91' lang='lat' dir='ltr'>modus</span> <span class='ocrx_word' id='word_1_617' title='bbox 1111 4362 1378 4420; x_wconf 75' lang='lat' dir='ltr'>secundae</span> <span class='ocrx_word' id='word_1_618' title='bbox 1418 4361 1614 4432; x_wconf 72' lang='lat' dir='ltr'>ﬁgurae</span> <span class='ocrx_word' id='word_1_619' title='bbox 1665 4358 1736 4412; x_wconf 90' lang='lat' dir='ltr'>ad</span> <span class='ocrx_word' id='word_1_620' title='bbox 1787 4355 2036 4429; x_wconf 86' lang='lat' dir='ltr'>primam</span> <span class='ocrx_word' id='word_1_621' title='bbox 2067 4360 2115 4424; x_wconf 75' lang='grc' dir='ltr'>Β</span> 
     </span>
    </p>
   </div>
   <div class='ocr_carea' id='block_1_85' title="bbox 392 4448 2016 4540">
    <p class='ocr_par' dir='ltr' id='par_1_85' title="bbox 392 4448 2016 4540">
     <span class='ocr_line' id='line_1_85' title="bbox 392 4448 2016 4540; baseline -0.017 -15"><span class='ocrx_word' id='word_1_622' title='bbox 392 4469 643 4540; x_wconf 88' lang='lat' dir='ltr'>ﬁguram</span> <span class='ocrx_word' id='word_1_623' title='bbox 696 4461 1026 4522; x_wconf 85' lang='lat' dir='ltr'>reducetur,</span> <span class='ocrx_word' id='word_1_624' title='bbox 1061 4452 1221 4509; x_wconf 94' lang='lat' dir='ltr'>nullo</span> <span class='ocrx_word' id='word_1_625' title='bbox 1270 4449 1505 4522; x_wconf 81' lang='lat' dir='ltr'>quidem</span> <span class='ocrx_word' id='word_1_626' title='bbox 1538 4448 1712 4502; x_wconf 90' lang='lat' dir='ltr'>modo</span> <span class='ocrx_word' id='word_1_627' title='bbox 1759 4462 1861 4517; x_wconf 91' lang='lat' dir='ltr'>per</span> <span class='ocrx_word' id='word_1_628' title='bbox 1909 4460 2016 4500; x_wconf 91' lang='lat' dir='ltr'>con</span> 
     </span>
    </p>
   </div>
   <div class='ocr_carea' id='block_1_86' title="bbox 391 4533 2039 4615">
    <p class='ocr_par' dir='ltr' id='par_1_86' title="bbox 391 4533 2039 4615">
     <span class='ocr_line' id='line_1_86' title="bbox 391 4533 2039 4615; baseline -0.017 -1"><span class='ocrx_word' id='word_1_629' title='bbox 391 4533 740 4615; x_wconf 65' lang='lat' dir='ltr'>versionem.</span> <span class='ocrx_word' id='word_1_630' title='bbox 775 4549 876 4604; x_wconf 92' lang='lat' dir='ltr'>sed</span> <span class='ocrx_word' id='word_1_631' title='bbox 923 4545 1048 4602; x_wconf 89' lang='lat' dir='ltr'>sola</span> <span class='ocrx_word' id='word_1_632' title='bbox 1077 4543 1147 4599; x_wconf 90' lang='lat' dir='ltr'>ad</span> <span class='ocrx_word' id='word_1_633' title='bbox 1189 4539 1511 4596; x_wconf 89' lang='lat' dir='ltr'>absurdum</span> <span class='ocrx_word' id='word_1_634' title='bbox 1540 4536 1902 4592; x_wconf 87' lang='lat' dir='ltr'>deductione.</span> <span class='ocrx_word' id='word_1_635' title='bbox 1941 4533 2039 4587; x_wconf 84' lang='lat' dir='ltr'>Hic</span> 
     </span>
    </p>
   </div>
   <div class='ocr_carea' id='block_1_87' title="bbox 393 4621 2039 4712">
    <p class='ocr_par' dir='ltr' id='par_1_87' title="bbox 393 4621 2039 4712">
     <span class='ocr_line' id='line_1_87' title="bbox 393 4621 2039 4712; baseline -0.017 -9"><span class='ocrx_word' id='word_1_636' title='bbox 393 4646 550 4703; x_wconf 89' lang='lat' dir='ltr'>enim</span> <span class='ocrx_word' id='word_1_637' title='bbox 605 4660 673 4699; x_wconf 83' lang='lat' dir='ltr'>ex</span> <span class='ocrx_word' id='word_1_638' title='bbox 727 4631 1268 4712; x_wconf 90' lang='lat' dir='ltr'>(propositionibus)</span> <span class='ocrx_word' id='word_1_639' title='bbox 1314 4645 1429 4684; x_wconf 91' lang='lat' dir='ltr'>non</span> <span class='ocrx_word' id='word_1_640' title='bbox 1487 4625 1678 4681; x_wconf 90' lang='lat' dir='ltr'>omnis</span> <span class='ocrx_word' id='word_1_641' title='bbox 1736 4629 1792 4678; x_wconf 89' lang='lat' dir='ltr'>et</span> <span class='ocrx_word' id='word_1_642' title='bbox 1846 4621 2039 4677; x_wconf 90' lang='lat' dir='ltr'>omnis</span> 
     </span>
    </p>
   </div>
   <div class='ocr_carea' id='block_1_88' title="bbox 395 4711 2039 4800">
    <p class='ocr_par' dir='ltr' id='par_1_88' title="bbox 395 4711 2039 4800">
     <span class='ocr_line' id='line_1_88' title="bbox 395 4711 2039 4800; baseline -0.016 -9"><span class='ocrx_word' id='word_1_643' title='bbox 395 4737 642 4791; x_wconf 88' lang='lat' dir='ltr'>constat.</span> <span class='ocrx_word' id='word_1_644' title='bbox 667 4711 778 4786; x_wconf 86' lang='lat' dir='ltr'>Sed</span> <span class='ocrx_word' id='word_1_645' title='bbox 810 4722 1173 4800; x_wconf 89' lang='lat' dir='ltr'>(propositio)</span> <span class='ocrx_word' id='word_1_646' title='bbox 1205 4718 1399 4774; x_wconf 89' lang='lat' dir='ltr'>omnis</span> <span class='ocrx_word' id='word_1_647' title='bbox 1435 4715 1495 4770; x_wconf 93' lang='lat' dir='ltr'>in</span> <span class='ocrx_word' id='word_1_648' title='bbox 1538 4711 2039 4785; x_wconf 88' lang='lat' dir='ltr'>(propositionem)</span> 
     </span>
    </p>
   </div>
   <div class='ocr_carea' id='block_1_89' title="bbox 395 4802 2040 4895">
    <p class='ocr_par' dir='ltr' id='par_1_89' title="bbox 395 4802 2040 4895">
     <span class='ocr_line' id='line_1_89' title="bbox 395 4802 2040 4895; baseline -0.017 -15"><span class='ocrx_word' id='word_1_649' title='bbox 395 4822 608 4895; x_wconf 89' lang='lat' dir='ltr'>aliquis</span> <span class='ocrx_word' id='word_1_650' title='bbox 641 4817 1016 4876; x_wconf 87' lang='lat' dir='ltr'>convertitur.</span> <span class='ocrx_word' id='word_1_651' title='bbox 1042 4812 1178 4866; x_wconf 76' lang='lat' dir='ltr'>Duae</span> <span class='ocrx_word' id='word_1_652' title='bbox 1209 4812 1403 4863; x_wconf 87' lang='lat' dir='ltr'>autem</span> <span class='ocrx_word' id='word_1_653' title='bbox 1427 4802 1804 4876; x_wconf 88' lang='lat' dir='ltr'>particulares</span> <span class='ocrx_word' id='word_1_654' title='bbox 1836 4816 2040 4872; x_wconf 92' lang='lat' dir='ltr'>propo-</span> 
     </span>
    </p>
   </div>
   <div class='ocr_carea' id='block_1_90' title="bbox 397 4888 2042 4974">
    <p class='ocr_par' dir='ltr' id='par_1_90' title="bbox 397 4888 2042 4974">
     <span class='ocr_line' id='line_1_90' title="bbox 397 4888 2042 4974; baseline -0.016 -5"><span class='ocrx_word' id='word_1_655' title='bbox 397 4888 639 4969; x_wconf 76' lang='lat' dir='ltr'>sitiones</span> <span class='ocrx_word' id='word_1_656' title='bbox 667 4925 781 4963; x_wconf 91' lang='lat' dir='ltr'>non</span> <span class='ocrx_word' id='word_1_657' title='bbox 812 4905 1014 4974; x_wconf 88' lang='lat' dir='ltr'>utique</span> <span class='ocrx_word' id='word_1_658' title='bbox 1037 4902 1092 4955; x_wconf 91' lang='lat' dir='ltr'>in</span> <span class='ocrx_word' id='word_1_659' title='bbox 1119 4897 1306 4971; x_wconf 91' lang='lat' dir='ltr'>prima</span> <span class='ocrx_word' id='word_1_660' title='bbox 1337 4896 1544 4966; x_wconf 84' lang='lat' dir='ltr'>ﬁgura,</span> <span class='ocrx_word' id='word_1_661' title='bbox 1570 4892 1669 4946; x_wconf 79' lang='lat' dir='ltr'>sed</span> <span class='ocrx_word' id='word_1_662' title='bbox 1703 4907 1806 4946; x_wconf 92' lang='lat' dir='ltr'>nec</span> <span class='ocrx_word' id='word_1_663' title='bbox 1838 4890 1896 4942; x_wconf 93' lang='lat' dir='ltr'>in</span> <span class='ocrx_word' id='word_1_664' title='bbox 1929 4888 2042 4943; x_wconf 90' lang='lat' dir='ltr'>alia</span> 
     </span>
    </p>
   </div>
   <div class='ocr_carea' id='block_1_91' title="bbox 401 5158 2041 5245">
    <p class='ocr_par' dir='ltr' id='par_1_91' title="bbox 401 5158 2041 5245">
     <span class='ocr_line' id='line_1_91' title="bbox 401 5158 2041 5245; baseline -0.016 -11"><span class='ocrx_word' id='word_1_665' title='bbox 401 5194 558 5234; x_wconf 91' lang='lat' dir='ltr'>mam</span> <span class='ocrx_word' id='word_1_666' title='bbox 593 5191 706 5230; x_wconf 92' lang='lat' dir='ltr'>non</span> <span class='ocrx_word' id='word_1_667' title='bbox 737 5174 924 5245; x_wconf 87' lang='lat' dir='ltr'>potest</span> <span class='ocrx_word' id='word_1_668' title='bbox 951 5165 1286 5240; x_wconf 88' lang='lat' dir='ltr'>pervenire:</span> <span class='ocrx_word' id='word_1_669' title='bbox 1313 5162 1469 5217; x_wconf 78' lang='lat'>354</span> <span class='ocrx_word' id='word_1_670' title='bbox 1504 5175 1605 5231; x_wconf 91' lang='lat' dir='ltr'>per</span> <span class='ocrx_word' id='word_1_671' title='bbox 1634 5158 2041 5212; x_wconf 89' lang='lat' dir='ltr'>deductionem</span> 
     </span>
    </p>
   </div>
   <div class='ocr_carea' id='block_1_92' title="bbox 399 5245 2044 5330">
    <p class='ocr_par' dir='ltr' id='par_1_92' title="bbox 399 5245 2044 5330">
     <span class='ocr_line' id='line_1_92' title="bbox 399 5245 2044 5330; baseline -0.015 -8"><span class='ocrx_word' id='word_1_672' title='bbox 399 5270 597 5322; x_wconf 86' lang='lat' dir='ltr'>tamen</span> <span class='ocrx_word' id='word_1_673' title='bbox 645 5263 717 5317; x_wconf 89' lang='lat' dir='ltr'>ad</span> <span class='ocrx_word' id='word_1_674' title='bbox 765 5255 1130 5330; x_wconf 88' lang='lat' dir='ltr'>impossibile</span> <span class='ocrx_word' id='word_1_675' title='bbox 1170 5250 1448 5324; x_wconf 87' lang='lat' dir='ltr'>pervenit.</span> <span class='ocrx_word' id='word_1_676' title='bbox 1481 5247 1674 5313; x_wconf 85' lang='lat' dir='ltr'>Velut,</span> <span class='ocrx_word' id='word_1_677' title='bbox 1698 5245 1824 5300; x_wconf 92' lang='lat' dir='ltr'>Non</span> <span class='ocrx_word' id='word_1_678' title='bbox 1873 5260 2044 5299; x_wconf 92' lang='lat' dir='ltr'>omne</span> 
     </span>
    </p>
   </div>
   <div class='ocr_carea' id='block_1_93' title="bbox 402 5334 2046 5414">
    <p class='ocr_par' dir='ltr' id='par_1_93' title="bbox 402 5334 2046 5414">
     <span class='ocr_line' id='line_1_93' title="bbox 402 5334 2046 5414; baseline -0.015 -3"><span class='ocrx_word' id='word_1_679' title='bbox 402 5355 603 5411; x_wconf 91' lang='lat' dir='ltr'>album</span> <span class='ocrx_word' id='word_1_680' title='bbox 645 5346 891 5414; x_wconf 88' lang='lat' dir='ltr'>animal;</span> <span class='ocrx_word' id='word_1_681' title='bbox 921 5341 1126 5400; x_wconf 67' lang='lat' dir='ltr'>~omnis</span> <span class='ocrx_word' id='word_1_682' title='bbox 1176 5342 1349 5396; x_wconf 90' lang='lat' dir='ltr'>homo</span> <span class='ocrx_word' id='word_1_683' title='bbox 1400 5335 1647 5403; x_wconf 89' lang='lat' dir='ltr'>animal;</span> <span class='ocrx_word' id='word_1_684' title='bbox 1704 5351 1818 5390; x_wconf 90' lang='lat' dir='ltr'>non</span> <span class='ocrx_word' id='word_1_685' title='bbox 1868 5334 2046 5406; x_wconf 88' lang='lat' dir='ltr'>igitur</span> 
     </span>
    </p>
   </div>
   <div class='ocr_carea' id='block_1_94' title="bbox 403 5423 2046 5500">
    <p class='ocr_par' dir='ltr' id='par_1_94' title="bbox 403 5423 2046 5500">
     <span class='ocr_line' id='line_1_94' title="bbox 403 5423 2046 5500; baseline -0.015 0"><span class='ocrx_word' id='word_1_686' title='bbox 403 5460 576 5500; x_wconf 90' lang='lat' dir='ltr'>omne</span> <span class='ocrx_word' id='word_1_687' title='bbox 604 5439 803 5496; x_wconf 90' lang='lat' dir='ltr'>album</span> <span class='ocrx_word' id='word_1_688' title='bbox 829 5436 1024 5491; x_wconf 91' lang='lat' dir='ltr'>homo.</span> <span class='ocrx_word' id='word_1_689' title='bbox 1047 5432 1108 5487; x_wconf 91' lang='lat' dir='ltr'>Si</span> <span class='ocrx_word' id='word_1_690' title='bbox 1139 5431 1247 5484; x_wconf 89' lang='lat' dir='ltr'>hoc</span> <span class='ocrx_word' id='word_1_691' title='bbox 1279 5445 1393 5483; x_wconf 92' lang='lat' dir='ltr'>non</span> <span class='ocrx_word' id='word_1_692' title='bbox 1424 5431 1534 5493; x_wconf 90' lang='lat' dir='ltr'>est,</span> <span class='ocrx_word' id='word_1_693' title='bbox 1565 5423 1675 5480; x_wconf 90' lang='lat' dir='ltr'>erit</span> <span class='ocrx_word' id='word_1_694' title='bbox 1701 5423 1845 5477; x_wconf 91' lang='lat' dir='ltr'>illud</span> <span class='ocrx_word' id='word_1_695' title='bbox 1873 5436 2046 5478; x_wconf 91' lang='lat' dir='ltr'>omne</span> 
     </span>
    </p>
   </div>
   <div class='ocr_carea' id='block_1_95' title="bbox 402 5509 2044 5590">
    <p class='ocr_par' dir='ltr' id='par_1_95' title="bbox 402 5509 2044 5590">
     <span class='ocr_line' id='line_1_95' title="bbox 402 5509 2044 5590; baseline -0.016 0"><span class='ocrx_word' id='word_1_696' title='bbox 402 5533 602 5590; x_wconf 89' lang='lat' dir='ltr'>album</span> <span class='ocrx_word' id='word_1_697' title='bbox 633 5528 828 5583; x_wconf 91' lang='lat' dir='ltr'>homo.</span> <span class='ocrx_word' id='word_1_698' title='bbox 864 5524 966 5579; x_wconf 89' lang='lat' dir='ltr'>Est</span> <span class='ocrx_word' id='word_1_699' title='bbox 1015 5524 1210 5576; x_wconf 90' lang='lat' dir='ltr'>autem</span> <span class='ocrx_word' id='word_1_700' title='bbox 1250 5518 1425 5573; x_wconf 87' lang='lat' dir='ltr'>etiam</span> <span class='ocrx_word' id='word_1_701' title='bbox 1475 5513 1667 5570; x_wconf 88' lang='lat' dir='ltr'>omnis</span> <span class='ocrx_word' id='word_1_702' title='bbox 1713 5512 1888 5567; x_wconf 89' lang='lat' dir='ltr'>homo</span> <span class='ocrx_word' id='word_1_703' title='bbox 1919 5509 2044 5565; x_wconf 90' lang='lat' dir='ltr'>ani-</span> 
     </span>
    </p>
   </div>
   <div class='ocr_carea' id='block_1_96' title="bbox 403 5600 2046 5680">
    <p class='ocr_par' dir='ltr' id='par_1_96' title="bbox 403 5600 2046 5680">
     <span class='ocr_line' id='line_1_96' title="bbox 403 5600 2046 5680; baseline -0.016 -1"><span class='ocrx_word' id='word_1_704' title='bbox 403 5620 541 5680; x_wconf 88' lang='lat' dir='ltr'>mal.</span> <span class='ocrx_word' id='word_1_705' title='bbox 570 5619 628 5675; x_wconf 91' lang='lat' dir='ltr'>Si</span> <span class='ocrx_word' id='word_1_706' title='bbox 661 5631 832 5672; x_wconf 92' lang='lat' dir='ltr'>omne</span> <span class='ocrx_word' id='word_1_707' title='bbox 873 5611 1073 5668; x_wconf 89' lang='lat' dir='ltr'>album</span> <span class='ocrx_word' id='word_1_708' title='bbox 1123 5608 1329 5674; x_wconf 91' lang='lat' dir='ltr'>homo;</span> <span class='ocrx_word' id='word_1_709' title='bbox 1383 5603 1574 5659; x_wconf 87' lang='lat' dir='ltr'>omnis</span> <span class='ocrx_word' id='word_1_710' title='bbox 1624 5605 1818 5656; x_wconf 84' lang='lat' dir='ltr'>autem</span> <span class='ocrx_word' id='word_1_711' title='bbox 1872 5600 2046 5655; x_wconf 86' lang='lat' dir='ltr'>homo</span> 
     </span>
    </p>
   </div>
   <div class='ocr_carea' id='block_1_97' title="bbox 401 5690 2049 5777">
    <p class='ocr_par' dir='ltr' id='par_1_97' title="bbox 401 5690 2049 5777">
     <span class='ocr_line' id='line_1_97' title="bbox 401 5690 2049 5777; baseline -0.018 -7"><span class='ocrx_word' id='word_1_712' title='bbox 401 5710 650 5777; x_wconf 90' lang='lat' dir='ltr'>animal;</span> <span class='ocrx_word' id='word_1_713' title='bbox 683 5720 854 5763; x_wconf 91' lang='lat' dir='ltr'>omne</span> <span class='ocrx_word' id='word_1_714' title='bbox 885 5701 1064 5774; x_wconf 91' lang='lat' dir='ltr'>igitur</span> <span class='ocrx_word' id='word_1_715' title='bbox 1096 5697 1296 5753; x_wconf 88' lang='lat' dir='ltr'>album</span> <span class='ocrx_word' id='word_1_716' title='bbox 1328 5691 1566 5749; x_wconf 87' lang='lat' dir='ltr'>animal.</span> <span class='ocrx_word' id='word_1_717' title='bbox 1599 5690 2049 5762; x_wconf 87' lang='lat' dir='ltr'>Supponebatur</span> 
     </span>
    </p>
   </div>
   <div class='ocr_carea' id='block_1_98' title="bbox 2220 4340 3799 4424">
    <p class='ocr_par' dir='ltr' id='par_1_98' title="bbox 2220 4340 3799 4424">
     <span class='ocr_line' id='line_1_98' title="bbox 2220 4340 3799 4424; baseline -0.007 -20"><span class='ocrx_word' id='word_1_718' title='bbox 2220 4352 2298 4406; x_wconf 84' lang='grc' dir='ltr'>ιε’.</span> <span class='ocrx_word' id='word_1_719' title='bbox 2359 4351 2416 4402; x_wconf 87' lang='grc' dir='ltr'>Ὁ</span> <span class='ocrx_word' id='word_1_720' title='bbox 2468 4347 2722 4424; x_wconf 75' lang='grc' dir='ltr'>τέταρτος</span> <span class='ocrx_word' id='word_1_721' title='bbox 2787 4345 2988 4421; x_wconf 84' lang='grc' dir='ltr'>τρόπος</span> <span class='ocrx_word' id='word_1_722' title='bbox 3045 4348 3142 4398; x_wconf 81' lang='grc' dir='ltr'>τοῦ</span> <span class='ocrx_word' id='word_1_723' title='bbox 3200 4340 3448 4416; x_wconf 72' lang='grc' dir='ltr'>δευτέρου</span> <span class='ocrx_word' id='word_1_724' title='bbox 3503 4342 3799 4416; x_wconf 78' lang='grc' dir='ltr'>σχήματος</span> 
     </span>
    </p>
   </div>
   <div class='ocr_carea' id='block_1_99' title="bbox 2151 4422 3800 4511">
    <p class='ocr_par' dir='ltr' id='par_1_99' title="bbox 2151 4422 3800 4511">
     <span class='ocr_line' id='line_1_99' title="bbox 2151 4422 3800 4511; baseline -0.01 -17"><span class='ocrx_word' id='word_1_725' title='bbox 2151 4440 2225 4501; x_wconf 79' lang='grc' dir='ltr'>εἷς</span> <span class='ocrx_word' id='word_1_726' title='bbox 2255 4439 2318 4493; x_wconf 90' lang='grc' dir='ltr'>τὸ</span> <span class='ocrx_word' id='word_1_727' title='bbox 2348 4440 2562 4511; x_wconf 79' lang='grc' dir='ltr'>πρῶτον</span> <span class='ocrx_word' id='word_1_728' title='bbox 2601 4422 2976 4509; x_wconf 67' lang='grc' dir='ltr'>ἀναχθήσεται</span> <span class='ocrx_word' id='word_1_729' title='bbox 3023 4437 3236 4506; x_wconf 77' lang='grc' dir='ltr'>σχῆμα,</span> <span class='ocrx_word' id='word_1_730' title='bbox 3269 4426 3523 4500; x_wconf 82' lang='grc' dir='ltr'>οὐδαμῶς</span> <span class='ocrx_word' id='word_1_731' title='bbox 3578 4426 3671 4499; x_wconf 73' lang='grc' dir='ltr'>μὲν</span> <span class='ocrx_word' id='word_1_732' title='bbox 3729 4422 3800 4480; x_wconf 80' lang='grc' dir='ltr'>δι’</span> 
     </span>
    </p>
   </div>
   <div class='ocr_carea' id='block_1_100' title="bbox 2148 4515 3800 4603">
    <p class='ocr_par' dir='ltr' id='par_1_100' title="bbox 2148 4515 3800 4603">
     <span class='ocr_line' id='line_1_100' title="bbox 2148 4515 3800 4603; baseline -0.009 -21"><span class='ocrx_word' id='word_1_733' title='bbox 2148 4528 2528 4603; x_wconf 77' lang='grc' dir='ltr'>ἀντιστροφῆς,</span> <span class='ocrx_word' id='word_1_734' title='bbox 2582 4521 2672 4578; x_wconf 80' lang='grc' dir='ltr'>διὰ</span> <span class='ocrx_word' id='word_1_735' title='bbox 2733 4521 2904 4596; x_wconf 85' lang='grc' dir='ltr'>μόνης</span> <span class='ocrx_word' id='word_1_736' title='bbox 2949 4517 3006 4575; x_wconf 73' lang='grc' dir='ltr'>δὲ</span> <span class='ocrx_word' id='word_1_737' title='bbox 3044 4526 3144 4588; x_wconf 80' lang='grc' dir='ltr'>τῆς</span> <span class='ocrx_word' id='word_1_738' title='bbox 3197 4517 3270 4580; x_wconf 72' lang='grc' dir='ltr'>εἷς</span> <span class='ocrx_word' id='word_1_739' title='bbox 3320 4515 3517 4572; x_wconf 81' lang='grc' dir='ltr'>ἄτοπον</span> <span class='ocrx_word' id='word_1_740' title='bbox 3571 4516 3800 4589; x_wconf 84' lang='grc' dir='ltr'>ἀπαγω-</span> 
     </span>
    </p>
   </div>
   <div class='ocr_carea' id='block_1_101' title="bbox 2148 4604 3799 4692">
    <p class='ocr_par' dir='ltr' id='par_1_101' title="bbox 2148 4604 3799 4692">
     <span class='ocr_line' id='line_1_101' title="bbox 2148 4604 3799 4692; baseline -0.008 -22"><span class='ocrx_word' id='word_1_741' title='bbox 2148 4621 2270 4692; x_wconf 68' lang='grc' dir='ltr'>γῆς.</span> <span class='ocrx_word' id='word_1_742' title='bbox 2305 4615 2474 4676; x_wconf 86' lang='grc' dir='ltr'>Οὗτος</span> <span class='ocrx_word' id='word_1_743' title='bbox 2513 4613 2614 4690; x_wconf 79' lang='grc' dir='ltr'>γὰρ</span> <span class='ocrx_word' id='word_1_744' title='bbox 2666 4611 2725 4666; x_wconf 82' lang='grc' dir='ltr'><strong>ἐκ</strong></span> <span class='ocrx_word' id='word_1_745' title='bbox 2770 4613 2869 4679; x_wconf 77' lang='grc' dir='ltr'>τῆς</span> <span class='ocrx_word' id='word_1_746' title='bbox 2918 4608 2979 4664; x_wconf 82' lang='grc' dir='ltr'>οὐ</span> <span class='ocrx_word' id='word_1_747' title='bbox 3031 4615 3135 4670; x_wconf 88' lang='grc' dir='ltr'>πᾶς</span> <span class='ocrx_word' id='word_1_748' title='bbox 3189 4606 3494 4661; x_wconf 87' lang='grc' dir='ltr'>συνίσταται</span> <span class='ocrx_word' id='word_1_749' title='bbox 3549 4604 3640 4657; x_wconf 84' lang='grc' dir='ltr'>καὶ</span> <span class='ocrx_word' id='word_1_750' title='bbox 3694 4610 3799 4673; x_wconf 79' lang='grc' dir='ltr'>τῆς</span> 
     </span>
    </p>
   </div>
   <div class='ocr_carea' id='block_1_102' title="bbox 2150 4689 3800 4774">
    <p class='ocr_par' dir='ltr' id='par_1_102' title="bbox 2150 4689 3800 4774">
     <span class='ocr_line' id='line_1_102' title="bbox 2150 4689 3800 4774; baseline -0.009 -14"><span class='ocrx_word' id='word_1_751' title='bbox 2150 4689 2275 4768; x_wconf 85' lang='grc' dir='ltr'>πᾶς.</span> <span class='ocrx_word' id='word_1_752' title='bbox 2328 4702 2485 4758; x_wconf 81' lang='grc' dir='ltr'>Ἀλλ’</span> <span class='ocrx_word' id='word_1_753' title='bbox 2582 4707 2687 4763; x_wconf 85' lang='grc' dir='ltr'>πᾶς</span> <span class='ocrx_word' id='word_1_754' title='bbox 2732 4699 2868 4774; x_wconf 89' lang='grc' dir='ltr'>πρὸς</span> <span class='ocrx_word' id='word_1_755' title='bbox 2913 4699 3012 4767; x_wconf 75' lang='grc' dir='ltr'>τὴν</span> <span class='ocrx_word' id='word_1_756' title='bbox 3063 4697 3146 4759; x_wconf 84' lang='grc' dir='ltr'>τὶς</span> <span class='ocrx_word' id='word_1_757' title='bbox 3195 4695 3549 4772; x_wconf 71' lang='grc' dir='ltr'>ἀντιστρέφει.</span> <span class='ocrx_word' id='word_1_758' title='bbox 3584 4691 3690 4747; x_wconf 74' lang='grc' dir='ltr'>Δύο</span> <span class='ocrx_word' id='word_1_759' title='bbox 3743 4689 3800 4745; x_wconf 74' lang='grc' dir='ltr'>δὲ</span> 
     </span>
    </p>
   </div>
   <div class='ocr_carea' id='block_1_103' title="bbox 2153 4779 3802 4868">
    <p class='ocr_par' dir='ltr' id='par_1_103' title="bbox 2153 4779 3802 4868">
     <span class='ocr_line' id='line_1_103' title="bbox 2153 4779 3802 4868; baseline -0.009 -19"><span class='ocrx_word' id='word_1_760' title='bbox 2153 4793 2364 4868; x_wconf 82' lang='grc' dir='ltr'>μερικαὶ</span> <span class='ocrx_word' id='word_1_761' title='bbox 2413 4789 2700 4868; x_wconf 79' lang='grc' dir='ltr'>προτάσεις</span> <span class='ocrx_word' id='word_1_762' title='bbox 2765 4791 2934 4863; x_wconf 72' lang='grc' dir='ltr'>μήτοι</span> <span class='ocrx_word' id='word_1_763' title='bbox 2988 4808 3048 4864; x_wconf 89' lang='grc' dir='ltr'>γε</span> <span class='ocrx_word' id='word_1_764' title='bbox 3097 4786 3233 4840; x_wconf 79' lang='grc' dir='ltr'>κατὰ</span> <span class='ocrx_word' id='word_1_765' title='bbox 3275 4785 3338 4838; x_wconf 88' lang='grc' dir='ltr'>τὸ</span> <span class='ocrx_word' id='word_1_766' title='bbox 3388 4786 3626 4858; x_wconf 83' lang='grc' dir='ltr'>ηρῶτον,</span> <span class='ocrx_word' id='word_1_767' title='bbox 3672 4779 3802 4835; x_wconf 80' lang='grc' dir='ltr'>ἀλλ’</span> 
     </span>
    </p>
   </div>
   <div class='ocr_carea' id='block_1_104' title="bbox 2151 4871 3799 4953">
    <p class='ocr_par' dir='ltr' id='par_1_104' title="bbox 2151 4871 3799 4953">
     <span class='ocr_line' id='line_1_104' title="bbox 2151 4871 3799 4953; baseline -0.008 -15"><span class='ocrx_word' id='word_1_768' title='bbox 2151 4881 2274 4938; x_wconf 73' lang='grc' dir='ltr'>οὐδὲ</span> <span class='ocrx_word' id='word_1_769' title='bbox 2329 4889 2441 4936; x_wconf 82' lang='grc' dir='ltr'>κατ’</span> <span class='ocrx_word' id='word_1_770' title='bbox 2489 4879 2628 4936; x_wconf 79' lang='grc' dir='ltr'>ἄλλο</span> <span class='ocrx_word' id='word_1_771' title='bbox 2691 4885 2884 4953; x_wconf 77' lang='grc' dir='ltr'>σχῆμα</span> <span class='ocrx_word' id='word_1_772' title='bbox 2944 4873 3316 4950; x_wconf 83' lang='grc' dir='ltr'>συλλογισμὸν</span> <span class='ocrx_word' id='word_1_773' title='bbox 3392 4871 3799 4945; x_wconf 81' lang='grc' dir='ltr'>ἀπαρτίζουσιν.</span> 
     </span>
    </p>
   </div>
   <div class='ocr_carea' id='block_1_105' title="bbox 2147 4956 3805 5046">
    <p class='ocr_par' dir='ltr' id='par_1_105' title="bbox 2147 4956 3805 5046">
     <span class='ocr_line' id='line_1_105' title="bbox 2147 4956 3805 5046; baseline -0.009 -19"><span class='ocrx_word' id='word_1_774' title='bbox 2147 4975 2298 5026; x_wconf 88' lang='grc' dir='ltr'>Ὅθεν</span> <span class='ocrx_word' id='word_1_775' title='bbox 2349 4969 2418 5025; x_wconf 88' lang='grc' dir='ltr'>δι’</span> <span class='ocrx_word' id='word_1_776' title='bbox 2466 4970 2824 5046; x_wconf 77' lang='grc' dir='ltr'>ἀντιστροφῆς</span> <span class='ocrx_word' id='word_1_777' title='bbox 2857 4967 2884 5020; x_wconf 87' lang='grc' dir='ltr'>ὁ</span> <span class='ocrx_word' id='word_1_778' title='bbox 2926 4969 3174 5024; x_wconf 74' lang='grc' dir='ltr'>τοιοῦτος</span> <span class='ocrx_word' id='word_1_779' title='bbox 3229 4961 3432 5038; x_wconf 90' lang='grc' dir='ltr'>τρόπος</span> <span class='ocrx_word' id='word_1_780' title='bbox 3479 4963 3575 5014; x_wconf 80' lang='grc' dir='ltr'>τοῦ</span> <span class='ocrx_word' id='word_1_781' title='bbox 3624 4956 3805 5013; x_wconf 84' lang='grc' dir='ltr'>δευτέ-</span> 
     </span>
    </p>
   </div>
   <div class='ocr_carea' id='block_1_106' title="bbox 2152 5045 3801 5137">
    <p class='ocr_par' dir='ltr' id='par_1_106' title="bbox 2152 5045 3801 5137">
     <span class='ocr_line' id='line_1_106' title="bbox 2152 5045 3801 5137; baseline -0.01 -21"><span class='ocrx_word' id='word_1_782' title='bbox 2152 5082 2248 5137; x_wconf 89' lang='grc' dir='ltr'>ρου</span> <span class='ocrx_word' id='word_1_783' title='bbox 2297 5062 2584 5135; x_wconf 80' lang='grc' dir='ltr'>σχήματος</span> <span class='ocrx_word' id='word_1_784' title='bbox 2635 5057 2695 5112; x_wconf 84' lang='grc' dir='ltr'>οὐ</span> <span class='ocrx_word' id='word_1_785' title='bbox 2736 5045 2961 5110; x_wconf 70' lang='grc' dir='ltr'>δύναται</span> <span class='ocrx_word' id='word_1_786' title='bbox 3017 5053 3152 5127; x_wconf 86' lang='grc' dir='ltr'>πρὸς</span> <span class='ocrx_word' id='word_1_787' title='bbox 3209 5051 3271 5104; x_wconf 90' lang='grc' dir='ltr'>τὸ</span> <span class='ocrx_word' id='word_1_788' title='bbox 3321 5053 3536 5124; x_wconf 81' lang='grc' dir='ltr'>πρῶτον</span> <span class='ocrx_word' id='word_1_789' title='bbox 3572 5045 3801 5102; x_wconf 80' lang='grc' dir='ltr'>ἐπανελ-</span> 
     </span>
    </p>
   </div>
   <div class='ocr_carea' id='block_1_107' title="bbox 2152 5135 3800 5221">
    <p class='ocr_par' dir='ltr' id='par_1_107' title="bbox 2152 5135 3800 5221">
     <span class='ocr_line' id='line_1_107' title="bbox 2152 5135 3800 5221; baseline -0.009 -18"><span class='ocrx_word' id='word_1_790' title='bbox 2152 5135 2282 5212; x_wconf 84' lang='grc' dir='ltr'>θεῖν·</span> <span class='ocrx_word' id='word_1_791' title='bbox 2339 5145 2692 5221; x_wconf 71' lang='grc' dir='ltr'>ἐπανέρχεται</span> <span class='ocrx_word' id='word_1_792' title='bbox 2744 5140 2802 5196; x_wconf 72' lang='grc' dir='ltr'>δὶ</span> <span class='ocrx_word' id='word_1_793' title='bbox 2856 5139 2945 5197; x_wconf 80' lang='grc' dir='ltr'>διὰ</span> <span class='ocrx_word' id='word_1_794' title='bbox 2982 5147 3084 5210; x_wconf 81' lang='grc' dir='ltr'>τῆς</span> <span class='ocrx_word' id='word_1_795' title='bbox 3151 5139 3225 5201; x_wconf 84' lang='grc' dir='ltr'>εἷς</span> <span class='ocrx_word' id='word_1_796' title='bbox 3277 5135 3529 5192; x_wconf 79' lang='grc' dir='ltr'>ἀδύνατον</span> <span class='ocrx_word' id='word_1_797' title='bbox 3580 5135 3800 5210; x_wconf 85' lang='grc' dir='ltr'>ἀπαγω-</span> 
     </span>
    </p>
   </div>
   <div class='ocr_carea' id='block_1_108' title="bbox 2150 5221 3804 5314">
    <p class='ocr_par' dir='ltr' id='par_1_108' title="bbox 2150 5221 3804 5314">
     <span class='ocr_line' id='line_1_108' title="bbox 2150 5221 3804 5314; baseline -0.01 -22"><span class='ocrx_word' id='word_1_798' title='bbox 2150 5246 2272 5314; x_wconf 75' lang='grc' dir='ltr'>γῆςο</span> <span class='ocrx_word' id='word_1_799' title='bbox 2332 5237 2465 5291; x_wconf 81' lang='grc' dir='ltr'>οἷον·</span> <span class='ocrx_word' id='word_1_800' title='bbox 2527 5233 2599 5288; x_wconf 83' lang='grc' dir='ltr'>Οὐ</span> <span class='ocrx_word' id='word_1_801' title='bbox 2669 5238 2772 5286; x_wconf 85' lang='grc' dir='ltr'>πᾶν</span> <span class='ocrx_word' id='word_1_802' title='bbox 2851 5229 3040 5285; x_wconf 85' lang='grc' dir='ltr'>λευκὸν</span> <span class='ocrx_word' id='word_1_803' title='bbox 3119 5229 3277 5296; x_wconf 72' lang='grc' dir='ltr'>ζώοψ</span> <span class='ocrx_word' id='word_1_804' title='bbox 3338 5231 3442 5288; x_wconf 85' lang='grc' dir='ltr'>πᾶς</span> <span class='ocrx_word' id='word_1_805' title='bbox 3519 5221 3804 5301; x_wconf 79' lang='grc' dir='ltr'>ἅνθρωπος</span> 
     </span>
    </p>
   </div>
   <div class='ocr_carea' id='block_1_109' title="bbox 2157 5310 3802 5398">
    <p class='ocr_par' dir='ltr' id='par_1_109' title="bbox 2157 5310 3802 5398">
     <span class='ocr_line' id='line_1_109' title="bbox 2157 5310 3802 5398; baseline -0.011 -16"><span class='ocrx_word' id='word_1_806' title='bbox 2157 5328 2314 5396; x_wconf 87' lang='grc' dir='ltr'>ζώον·</span> <span class='ocrx_word' id='word_1_807' title='bbox 2370 5325 2469 5379; x_wconf 82' lang='grc' dir='ltr'>οὐκ</span> <span class='ocrx_word' id='word_1_808' title='bbox 2520 5323 2622 5398; x_wconf 83' lang='grc' dir='ltr'>ἀρα</span> <span class='ocrx_word' id='word_1_809' title='bbox 2679 5326 2782 5375; x_wconf 87' lang='grc' dir='ltr'>πᾶν</span> <span class='ocrx_word' id='word_1_810' title='bbox 2825 5317 3015 5374; x_wconf 82' lang='grc' dir='ltr'>λευκὸν</span> <span class='ocrx_word' id='word_1_811' title='bbox 3063 5315 3366 5393; x_wconf 80' lang='grc' dir='ltr'>ἅνθρωπος.</span> <span class='ocrx_word' id='word_1_812' title='bbox 3418 5315 3480 5370; x_wconf 81' lang='grc' dir='ltr'>Εἰ</span> <span class='ocrx_word' id='word_1_813' title='bbox 3537 5313 3636 5369; x_wconf 73' lang='grc' dir='ltr'>οὐκ</span> <span class='ocrx_word' id='word_1_814' title='bbox 3692 5310 3802 5366; x_wconf 75' lang='grc' dir='ltr'>ἔστι</span> 
     </span>
    </p>
   </div>
   <div class='ocr_carea' id='block_1_110' title="bbox 2151 5402 3805 5487">
    <p class='ocr_par' dir='ltr' id='par_1_110' title="bbox 2151 5402 3805 5487">
     <span class='ocr_line' id='line_1_110' title="bbox 2151 5402 3805 5487; baseline -0.01 -16"><span class='ocrx_word' id='word_1_815' title='bbox 2151 5421 2332 5487; x_wconf 76' lang='grc' dir='ltr'>τοῦτο,</span> <span class='ocrx_word' id='word_1_816' title='bbox 2365 5409 2509 5468; x_wconf 78' lang='grc' dir='ltr'>ἔσται</span> <span class='ocrx_word' id='word_1_817' title='bbox 2540 5417 2641 5465; x_wconf 89' lang='grc' dir='ltr'>πᾶν</span> <span class='ocrx_word' id='word_1_818' title='bbox 2691 5408 2882 5464; x_wconf 85' lang='grc' dir='ltr'>λευκὸν</span> <span class='ocrx_word' id='word_1_819' title='bbox 2914 5406 3217 5484; x_wconf 79' lang='grc' dir='ltr'>ἄνθρωπος.</span> <span class='ocrx_word' id='word_1_820' title='bbox 3249 5407 3399 5460; x_wconf 87' lang='grc' dir='ltr'>Ἔστι</span> <span class='ocrx_word' id='word_1_821' title='bbox 3453 5402 3509 5459; x_wconf 74' lang='grc' dir='ltr'>δὲ</span> <span class='ocrx_word' id='word_1_822' title='bbox 3560 5402 3648 5457; x_wconf 85' lang='grc' dir='ltr'>καὶ</span> <span class='ocrx_word' id='word_1_823' title='bbox 3700 5405 3805 5462; x_wconf 86' lang='grc' dir='ltr'>πᾶς</span> 
     </span>
    </p>
   </div>
   <div class='ocr_carea' id='block_1_111' title="bbox 2155 5486 3808 5580">
    <p class='ocr_par' dir='ltr' id='par_1_111' title="bbox 2155 5486 3808 5580">
     <span class='ocr_line' id='line_1_111' title="bbox 2155 5486 3808 5580; baseline -0.01 -21"><span class='ocrx_word' id='word_1_824' title='bbox 2155 5502 2435 5580; x_wconf 78' lang='grc' dir='ltr'>ἄνθρωπος</span> <span class='ocrx_word' id='word_1_825' title='bbox 2493 5504 2649 5569; x_wconf 83' lang='grc' dir='ltr'>ζῶον·</span> <span class='ocrx_word' id='word_1_826' title='bbox 2703 5497 2748 5552; x_wconf 79' lang='grc' dir='ltr'>εἰ</span> <span class='ocrx_word' id='word_1_827' title='bbox 2802 5503 2904 5552; x_wconf 87' lang='grc' dir='ltr'>πᾶν</span> <span class='ocrx_word' id='word_1_828' title='bbox 2965 5494 3156 5550; x_wconf 85' lang='grc' dir='ltr'>λευκὸν</span> <span class='ocrx_word' id='word_1_829' title='bbox 3213 5491 3519 5570; x_wconf 78' lang='grc' dir='ltr'>ἄνθρωπος·</span> <span class='ocrx_word' id='word_1_830' title='bbox 3581 5495 3689 5552; x_wconf 87' lang='grc' dir='ltr'>πᾶς</span> <span class='ocrx_word' id='word_1_831' title='bbox 3748 5486 3808 5543; x_wconf 79' lang='grc' dir='ltr'>δὲ</span> 
     </span>
    </p>
   </div>
   <div class='ocr_carea' id='block_1_112' title="bbox 2155 5575 3809 5669">
    <p class='ocr_par' dir='ltr' id='par_1_112' title="bbox 2155 5575 3809 5669">
     <span class='ocr_line' id='line_1_112' title="bbox 2155 5575 3809 5669; baseline -0.008 -21"><span class='ocrx_word' id='word_1_832' title='bbox 2155 5575 2432 5669; x_wconf 79' lang='grc' dir='ltr'>ἄνθρωπος</span> <span class='ocrx_word' id='word_1_833' title='bbox 2483 5593 2637 5659; x_wconf 70' lang='grc' dir='ltr'>ζῶονσ</span> <span class='ocrx_word' id='word_1_834' title='bbox 2687 5592 2790 5642; x_wconf 87' lang='grc' dir='ltr'>πᾶν</span> <span class='ocrx_word' id='word_1_835' title='bbox 2843 5581 2945 5662; x_wconf 76' lang='grc' dir='ltr'>ἄρα</span> <span class='ocrx_word' id='word_1_836' title='bbox 2973 5582 3164 5639; x_wconf 79' lang='grc' dir='ltr'>λευκὸν</span> <span class='ocrx_word' id='word_1_837' title='bbox 3217 5586 3376 5653; x_wconf 80' lang='grc' dir='ltr'>ζῶον.</span> <span class='ocrx_word' id='word_1_838' title='bbox 3420 5581 3693 5638; x_wconf 77' lang='grc' dir='ltr'>Ὑπὲκετιο</span> <span class='ocrx_word' id='word_1_839' title='bbox 3746 5575 3809 5635; x_wconf 67' lang='grc' dir='ltr'>δὲ</span> 
     </span>
    </p>
   </div>
   <div class='ocr_carea' id='block_1_113' title="bbox 2155 5673 2912 5755">
    <p class='ocr_par' dir='ltr' id='par_1_113' title="bbox 2155 5673 2912 5755">
     <span class='ocr_line' id='line_1_113' title="bbox 2155 5673 2912 5755; baseline -0.009 -17"><span class='ocrx_word' id='word_1_840' title='bbox 2155 5683 2245 5738; x_wconf 84' lang='grc' dir='ltr'>καὶ</span> <span class='ocrx_word' id='word_1_841' title='bbox 2276 5681 2337 5736; x_wconf 83' lang='grc' dir='ltr'>οὐ</span> <span class='ocrx_word' id='word_1_842' title='bbox 2366 5687 2494 5752; x_wconf 84' lang='grc' dir='ltr'>πᾶν,</span> <span class='ocrx_word' id='word_1_843' title='bbox 2526 5677 2659 5755; x_wconf 79' lang='grc' dir='ltr'>ὅπερ</span> <span class='ocrx_word' id='word_1_844' title='bbox 2692 5673 2912 5731; x_wconf 78' lang='grc' dir='ltr'>ἄτοπον.</span> 
     </span>
    </p>
   </div>
   <div class='ocr_carea' id='block_1_114' title="bbox 401 5773 2389 5867">
    <p class='ocr_par' dir='ltr' id='par_1_114' title="bbox 401 5773 2389 5867">
     <span class='ocr_line' id='line_1_114' title="bbox 401 5773 2389 5867; baseline -0.019 -2"><span class='ocrx_word' id='word_1_845' title='bbox 401 5806 594 5867; x_wconf 83' lang='lat' dir='ltr'>autem</span> <span class='ocrx_word' id='word_1_846' title='bbox 627 5773 805 5858; x_wconf 83' lang='lat' dir='ltr'>etiam</span> <span class='ocrx_word' id='word_1_847' title='bbox 835 5773 952 5854; x_wconf 80' lang='lat' dir='ltr'>non</span> <span class='ocrx_word' id='word_1_848' title='bbox 982 5803 1156 5850; x_wconf 88' lang='lat' dir='ltr'>omne</span> <span class='ocrx_word' id='word_1_849' title='bbox 1180 5783 1406 5860; x_wconf 84' lang='lat' dir='ltr'>(album</span> <span class='ocrx_word' id='word_1_850' title='bbox 1437 5778 1706 5853; x_wconf 88' lang='lat' dir='ltr'>animal);</span> <span class='ocrx_word' id='word_1_851' title='bbox 1739 5778 1894 5852; x_wconf 90' lang='lat' dir='ltr'>quod</span> <span class='ocrx_word' id='word_1_852' title='bbox 1924 5781 2014 5836; x_wconf 86' lang='lat' dir='ltr'>est</span> <span class='ocrx_word' id='word_1_853' title='bbox 2043 5773 2389 5835; x_wconf 82' lang='lat' dir='ltr'>absurdum.</span> 
     </span>
    </p>
   </div>
  </div>
