4108 6432
237 463 351 544 969

1585 466 1932 530 EPITOME
1976 467 2283 542 LOGIBA.

3514 467 3634 528 970

310 600 392 663 ις’.
426 596 579 659 Οὕτω
614 599 708 672 μὲν
739 597 828 654 οὗν
859 599 922 654 τὸ
962 595 1206 676 δεύτερον
1252 604 1443 674 σχῆμα
1491 597 1564 660 εἷς
1611 599 1673 654 τὸ
1721 601 1872 668 πρῶ-

2066 601 2150 655 16.
2177 601 2268 656 Sic
2301 600 2538 671 quidem
2569 600 2746 673 igitur
2777 600 3033 656 secunda
3062 600 3249 672 ﬁgura
3277 601 3347 657 ad
3379 599 3632 672 primam

238 710 325 744 τον
351 688 618 764 ἀνάγεται.
649 689 719 742 Τὸ
750 687 927 763 τρίτον
963 684 1018 741 δὲ
1049 687 1240 749 οὕτως·

309 778 388 846 ιζ’.
420 781 474 830 ‘O
502 781 716 852 πρῶτος
749 776 950 850 θρόπος
996 781 1093 831 τοῦ
1153 776 1334 852 τρίτου
1395 779 1703 853 σχήματος·
1762 780 1870 835 Πᾶς

237 867 512 943 ἅνθρωπος
547 870 700 934 ζῶον·
733 871 837 927 πᾶς
865 864 1144 941 ἅνθρωπος
1178 863 1422 940 λογινόν·
1475 865 1526 920 τὶ
1579 869 1714 935 ζῶον
1776 863 1872 918 λο-

234 954 397 1031 γικόν.
459 955 870 1032 Ἀντεστράφθω
923 957 957 1023 ἠ
1017 953 1276 1010 ἐλάττων·
1311 954 1374 1008 Εἰ
1432 960 1534 1015 πᾶς
1594 953 1875 1028 ἅνθρωπος

238 1049 390 1113 ζῶον·
431 1043 521 1099 καὶ
569 1043 622 1098 τὶ
674 1047 810 1111 ζῶον
860 1041 1160 1119 ἄνθρωπος·
1193 1048 1296 1104 πᾶς
1327 1040 1385 1097 δὲ
1430 1044 1713 1117 ἄνθρωπος
1774 1039 1876 1096 λο-

234 1132 400 1210 γικόν·
430 1131 483 1187 τὶ
519 1136 656 1201 ζῶον
686 1130 788 1208 ἄρα
820 1130 1062 1206 λογικόν.
1093 1131 1159 1186 Εἴ
1203 1134 1276 1204 μή
1332 1152 1384 1185 τι
1429 1136 1566 1200 ζῶον
1627 1130 1874 1205 λογικόν·

237 1218 382 1279 οὐδὲν
416 1224 556 1290 ζῶον
590 1218 834 1294 λογικόν.
870 1225 982 1282 Πᾶς
1031 1217 1090 1275 δὲ
1146 1220 1426 1294 ἄνθρωπος
1484 1223 1639 1289 ζῶον·
1674 1218 1721 1274 εἲ
1776 1225 1878 1280 πᾶς

237 1307 514 1386 ἅνθρωπος
575 1312 733 1380 ζῶον,
793 1308 882 1367 καὶ
953 1306 1104 1364 οὐδὲν
1184 1313 1319 1378 ζῶον
1395 1307 1638 1383 λογικόν·
1701 1304 1879 1368 οὐδεὶς

237 1397 376 1456 ἔσται
403 1394 687 1472 ἅνθρωπος
719 1396 963 1472 λογικός.
998 1395 1155 1453 ’Δλλ’
1192 1396 1438 1452 ὑπέκειτο
1470 1397 1560 1451 καὶ
1589 1401 1717 1458 πᾶς.

1985 689 2302 744 reducitur.
2338 691 2532 744 Tertia
2562 695 2756 745 autem
2789 689 2891 744 sic.

2054 780 2140 833 17.
2177 778 2408 832 Primus
2457 780 2666 833 modus
2697 779 2876 833 tertia
2923 779 3121 850 figurae
3156 795 3168 832 :
3203 778 3408 833 Omnis
3456 778 3630 835 homo

1984 866 2239 933 animal;
2293 867 2486 922 omnis
2537 868 2732 936 homo,
2785 867 3103 934 rationale;
3157 867 3452 939 quoddam
3504 866 3629 923 ani-

1985 955 2124 1022 mal,
2159 956 2464 1011 rationale.
2491 957 2680 1012 Minor
2711 961 3112 1012 convertatur:
3143 956 3202 1012 Si
3233 956 3424 1011 omnis
3454 956 3629 1012 homo

1986 1044 2204 1100 animal
2233 1062 2246 1111 ;
2283 1049 2340 1099 et
2373 1046 2666 1116 quoddam
2715 1045 2931 1100 animal
2963 1044 3138 1100 homo
3165 1069 3179 1112 ;
3211 1045 3400 1100 omnis
3431 1048 3630 1100 autem

1987 1132 2184 1201 homo,
2205 1132 2488 1188 rationale
2517 1134 2842 1204 ;quoddam
2875 1133 3054 1206 igitur
3083 1133 3299 1188 animal
3328 1131 3630 1189 rationale.

1987 1220 2104 1292 (Sic
2155 1221 2391 1291 quidem
2425 1223 2734 1289 ostensive,
2767 1240 2871 1293 per
2915 1222 3276 1293 impossibile
3303 1239 3436 1278 vero
3479 1222 3562 1278 ita
3592 1221 3633 1294 :)

1988 1309 2049 1364 Si
2080 1325 2196 1364 non
2227 1310 2522 1381 quoddam
2546 1310 3107 1378 animal,rationale;
3140 1310 3371 1367 nullum
3393 1309 3633 1378 animal,

1991 1397 2292 1453 rationale.
2338 1398 2542 1453 Omnis
2590 1404 2786 1454 autem
2837 1399 3032 1468 homo,
3065 1399 3304 1456 animal.
3337 1399 3396 1455 Si
3444 1397 3637 1456 omnis

236 1489 407 1546 homo
455 1487 696 1559 animal,
748 1493 806 1544 et
856 1487 1087 1543 nullum
1138 1487 1376 1558 animal,
1426 1487 1745 1554 rationale;
1795 1485 1996 1542 nullus
2049 1486 2226 1542 homo
2275 1488 2387 1542 erit
2437 1488 2738 1545 rationale.
2789 1488 2898 1544 Sed
2950 1488 3388 1559 supponebatur
3434 1490 3636 1554 etiam,

239 1594 447 1635 01111118.

306 1667 396 1736 ιη’.
447 1666 504 1720 Ὁ
562 1663 807 1739 δεύτερος
860 1664 1060 1740 τρόπος
1122 1667 1239 1738 [τοῦ
1295 1663 1484 1741 τρίτου
1544 1665 1870 1739 σχήματος]·

237 1759 384 1809 Πᾶσα
411 1754 550 1829 χιὼν
583 1751 772 1824 λευκή·
807 1749 1036 1826 οὐδεμία
1065 1753 1204 1828 χιὼν
1262 1757 1421 1822 ζῶον·
1471 1751 1533 1807 οὐ
1579 1757 1681 1807 πᾶν
1743 1749 1873 1805 λαυ-

2061 1666 2147 1721 18.
2185 1667 2488 1721 Secundus
2534 1667 2745 1721 modus
2778 1666 2958 1721 tertiae
2990 1665 3189 1738 ﬁgurae
3224 1683 3245 1722 ι
3271 1664 3474 1721 Omnis
3513 1665 3632 1733 nix.

1988 1753 2120 1809 alba
2155 1771 2167 1808 2
2202 1755 2367 1810 nulla
2413 1754 2530 1823 nix,
2565 1754 2782 1810 animal
2817 1771 2829 1810 :
2865 1772 2980 1810 non
3030 1771 3202 1810 omne
3246 1753 3469 1823 album,
3499 1754 3631 1810 ani-

232 1841 321 1896 κὸν
373 1845 526 1910 ζῶον.
577 1840 982 1919 Ἀντεστράφθω
1033 1843 1068 1910 ἡ
1114 1839 1372 1896 ἐλάττων·
1418 1841 1482 1896 Εἰ
1535 1845 1681 1894 πᾶσα
1735 1840 1874 1914 χιὼν

2007 1841 2125 1897 nal.
2178 1844 2564 1898 Convertatur
2592 1844 2784 1899 minor
2816 1860 2828 1898 :
2863 1843 2923 1899 Si
2952 1843 3144 1898 omnis
3193 1842 3310 1911 nix,
3344 1841 3516 1911 alba;
3551 1847 3628 1916 et,

236 1928 420 1999 λευκή·
456 1928 546 1983 καὶ
574 1927 626 1984 τὶ
668 1928 858 1983 λευκὸν
910 1929 1071 2004 ’χιών-
1123 1926 1352 2002 οὐδεμία
1399 1926 1457 1982 δὲ
1515 1928 1654 2003 χιὼν
1717 1932 1876 1996 ζῶον·

234 2018 292 2074 οὐ
322 2024 424 2074 πᾶν
460 2019 561 2094 ἄρα
590 2015 783 2072 λευκὸν
838 2020 994 2085 ζῶον·
1047 2017 1091 2072 εἰ
1142 2019 1220 2090 μὴ
1275 2021 1458 2072 τοῦτο·
1516 2023 1626 2072 Πᾶν
1687 2015 1876 2071 λευκὸν

237 2113 390 2178 ζῶον·
425 2106 535 2164 ἔστι
595 2103 652 2160 δὲ
701 2106 790 2161 καὶ
851 2112 994 2162 πᾶσα
1046 2107 1186 2181 χιὼν
1219 2105 1410 2176 λευκή.
1438 2106 1626 2160 Τοίνυν
1662 2104 1707 2158 εἰ
1738 2110 1881 2160 πᾶσα

237 2198 374 2272 χιὼν
430 2193 625 2266 λευκή·
677 2201 780 2249 πᾶν
830 2192 888 2249 δὲ
945 2193 1133 2250 λευκὸν
1187 2199 1346 2264 ζῶον·
1396 2200 1540 2250 πᾶσα
1587 2193 1727 2270 χιὼν
1779 2191 1881 2268 ἄρα

241 2291 397 2356 ζῶον.
428 2289 524 2341 Ἦν
559 2282 616 2339 δὲ
644 2284 734 2339 καὶ
767 2281 993 2358 οὐδεμία
1022 2284 1162 2359 χιὼν
1196 2288 1354 2354 ζῶον.

310 2470 393 2528 ιδ’.
424 2465 482 2516 Ὀ
526 2461 709 2540 τρίτος
770 2461 994 2538 τρόπος·
1042 2461 1134 2524 Τὶς
1191 2462 1475 2537 ἄνθρωπος
1539 2460 1724 2533 μέλας·
1776 2465 1879 2521 πᾶς

239 2550 517 2630 ἅνθρωπος
592 2556 751 2620 ζῶον·
804 2550 855 2604 τὶ
939 2548 1106 2624 μέλαν
1169 2555 1329 2619 ζῶον.
1382 2549 1787 2626 Ἀντεστράφθω
1844 2549 1878 2617 ἠ

239 2640 496 2698 ἐλάττων·
529 2638 593 2696 E'i
620 2660 705 2702 τις
759 2641 1042 2714 ἄνθρωπος
1104 2637 1290 2709 μέλας·
1323 2639 1411 2694 καὶ
1462 2638 1516 2692 τὶ
1578 2637 1745 2711 μέλαν
1790 2638 1880 2691 ἄν-

243 2742 479 2807 θρωπος·
531 2735 635 2790 πᾶς
695 2725 752 2783 δὲ
808 2724 1091 2803 ἄνθρωπος
1170 2732 1327 2796 ζῶον·
1395 2725 1532 2782 ὥστε
1596 2727 1648 2780 τὶ
1712 2723 1878 2798 μέλαν

243 2824 399 2889 ζῶον·
433 2818 479 2872 εἰ
508 2821 667 2872 τοῦτο
697 2813 908 2890 ψευδὲς.
942 2813 1098 2870 οὐδὲν
1161 2813 1328 2890 μέλαν
1382 2820 1539 2884 ζῶον·
1587 2814 1672 2876 τὶς
1704 2811 1761 2867 δὲ
1791 2813 1882 2866 ἄν·

233 2909 450 2982 θρωπος
503 2904 692 2979 μέλας.
745 2905 809 2959 Εἰ
858 2905 940 2966 τὶς
1004 2902 1286 2977 ἄνθρωπος
1345 2901 1535 2976 μέλας,
1582 2902 1672 2957 καὶ
1727 2898 1879 2957 οὐδὲν

239 2995 404 3070 μέλαν
449 2999 601 3064 ζῶον·
637 2993 699 3048 οὐ
727 3000 832 3056 πᾶς
861 2990 1144 3069 ἄνθρωπος
1177 2997 1337 3062 ζῶον.
1369 2994 1466 3047 Ἦν
1501 2989 1557 3046 δὲ
1605 2992 1696 3047 καὶ
1754 2996 1879 3052 πᾶς.

304 3263 372 3320 κ’.
403 3264 462 3319 Ὀ
518 3263 770 3338 τέταρτος
823 3260 1044 3338 τρόπος.
1075 3261 1166 3323 Τὶς
1227 3261 1379 3324 λίθος
1438 3259 1653 3322 λευκός·
1704 3257 1881 3322 οὐδεὶς

237 3351 390 3415 λίθος
449 3355 608 3421 ζῶον·
643 3350 706 3405 οὗ
765 3356 868 3404 πᾶν
929 3348 1118 3405 λευκὸν
1167 3355 1324 3419 ζῶον,
1386 3351 1792 3427 ’Δντεστράφθω
1850 3351 1885 3418 ἡ

240 3441 504 3499 ἐλάττων.
548 3437 614 3496 Ei’
653 3461 737 3501 τις
771 3437 924 3501 λίθος
974 3436 1187 3512 λευκὸς,
1218 3439 1307 3494 καὶ
1359 3439 1411 3494 τὶ
1467 3437 1658 3494 λευκὸν
1711 3436 1884 3502 λίθος·

241 3528 418 3592 οὐδεὶς
465 3527 523 3583 δὲ
579 3526 731 3589 λίθος
792 3532 949 3596 ζῶον·
984 3527 1044 3582 οὔ
1098 3533 1200 3581 πᾶν
1261 3529 1362 3603 ἄρα
1407 3527 1596 3582 λευκὸν
1655 3531 1808 3596 ζῶον·
1843 3526 1888 3580 εἰ

236 3624 399 3676 τοῦτο
430 3617 529 3673 οὐκ
558 3615 721 3690 ἔστιν,
750 3614 895 3671 ἔσται
924 3621 1027 3671 πᾶν
1084 3614 1272 3671 λευκὸν
1327 3621 1482 3685 ζῶον·
1517 3612 1626 3671 ἔστι
1689 3614 1746 3670 δὲ
1800 3616 1889 3670 καὶ

234 3708 318 3770 τὶς
377 3705 531 3769 λίθος
586 3705 797 3767 λευκός·
834 3705 878 3760 εί
935 3706 1017 3766 τὶς
1075 3705 1226 3770 λίθος
1287 3703 1499 3767 λευκός·
1551 3712 1653 3759 πᾶν
1707 3702 1764 3759 δὲ
1828 3705 1890 3758 τὸ

237 3796 430 3853 λευκὸν
494 3798 652 3864 ζῶον·
711 3793 795 3856 τὶς
859 3792 1011 3855 λίθος
1073 3798 1231 3862 ζῶον.
1289 3791 1447 3848 Ἀλλ’
1499 3792 1744 3848 ὑπέκειτο
1801 3792 1889 3846 καὶ

237 3883 443 3948 οὐδείς.

311 4065 411 4121 ια’.
446 4068 500 4116 Ὁ
547 4064 794 4136 πέμπτος
843 4061 1062 4138 τρόπος.
1098 4065 1208 4124 Πᾶς
1264 4058 1541 4138 ἄνθρωπος
1601 4064 1760 4128 ζῶον·
1809 4059 1892 4120 τὶς

241 4150 531 4230 ἅνθρωπος
573 4150 786 4214 λευκός·
826 4151 882 4205 τὶ
943 4154 1078 4220 ζῶον
1128 4147 1338 4206 λευκόν.
1391 4149 1799 4226 Ἀντεστράφθω
1857 4149 1892 4216 ἡ

247 4241 469 4317 μείζων·
504 4240 574 4296 Εἴ
597 4241 680 4302 τὶς
724 4241 1002 4317 ἄνθρωπος
1066 4239 1277 4310 λευκὸς,
1309 4238 1399 4293 καὶ
1452 4240 1505 4292 τὶ
1563 4237 1754 4293 λευκὸν
1813 4235 1896 4290 ἄν·

243 4334 488 4408 θρωπος·
547 4335 652 4392 πᾶς
708 4327 765 4385 δέ
840 4326 1123 4402 ἅνθρωπος
1203 4332 1360 4396 ζῶον·
1410 4328 1465 4382 τὶ
1538 4325 1640 4402 ἄρα
1708 4326 1896 4382 λευκὸν

249 4425 409 4492 ζῶον.
443 4420 858 4497 Ἀντεστράφθω
897 4417 986 4474 καὶ
1031 4418 1096 4472 τὸ
1144 4418 1522 4492 συμπέρασμα·
1559 4416 1622 4471 Εἰ
1669 4416 1720 4469 τὶ
1772 4414 1894 4470 λευ-

243 4510 342 4564 κὸν
377 4512 536 4578 ζῶον·
568 4509 658 4563 καὶ
687 4509 740 4563 τὶ
772 4512 908 4576 ζῶον
943 4505 1151 4565 λευκόν.

392 4689 404 4706 ι
458 4688 471 4706 ε
564 4684 578 4704 .
840 4679 862 4701 ,1
1008 4703 1012 4706 γ
1096 4685 1111 4706 κ
1188 4683 1197 4700 ι
1401 4703 1412 4715 ι
1497 4689 1523 4700 -
1636 4679 1644 4695 ι
1871 4704 1893 4720 ρ

317 4687 425 4764 κβ.
474 4691 515 4739 Ο
567 4683 720 4748 έκτος
763 4705 965 4761 τροπος
1023 4706 1112 4740 και
1170 4685 1393 4746 ὕστατος
1449 4689 1557 4745 Πας
1615 4682 1891 4760 ἄνθρωπος

247 4780 408 4845 ζῶον·
444 4775 508 4830 οὗ
535 4780 640 4837 πᾶς
672 4773 956 4851 ἅνθρωπος
993 4772 1182 4848 μέλας·
1235 4772 1296 4827 οὗ
1343 4778 1444 4827 πᾶν
1509 4776 1643 4841 ζῶον
1704 4769 1893 4845 μέλαν.

243 4863 410 4920 Ἀλλ’
442 4864 599 4926 οὗτος
633 4865 660 4918 ὁ
689 4863 891 4940 τρόπος
919 4863 1056 4940 πρὸς
1100 4863 1162 4916 κὸ
1194 4866 1407 4938 πρῶτον
1438 4867 1633 4936 σχῆμα
1689 4858 1759 4915 δι’
1806 4862 1896 4915 ἀν-

243 4959 548 5031 τιστροφῆς
603 4951 702 5006 οὐκ
743 4951 1015 5026 ἀνάγεται.
1069 4951 1272 5006 Γίνεται
1333 4950 1433 5025 γὰρ
1482 4948 1540 5003 ἐκ
1590 4946 1684 5003 δύο
1747 4970 1897 5026 μερι-

1991 1930 2230 2002 aliquod
2260 1931 2412 1987 355
2464 1933 2618 2003 quod
2650 1932 2872 1999 album,
2904 1932 3001 1986 nix
3035 1948 3047 1987 :
3082 1931 3246 1986 nulla
3283 1935 3478 1988 autem
3511 1931 3631 1998 nix,

1991 2019 2208 2075 animal
2244 2037 2256 2076 :
2292 2038 2406 2075 non
2437 2037 2574 2092 ergo
2604 2038 2775 2076 omne
2805 2020 3344 2088 album,animal.Si
3374 2020 3484 2076 hoc
3514 2037 3631 2077 non

1991 2109 2087 2178 sit,
2140 2126 2311 2165 omne
2364 2110 2584 2178 album,
2635 2110 2747 2166 erit
2792 2109 3030 2166 animal.
3064 2111 3164 2165 Est
3211 2113 3404 2165 autem
3457 2109 3633 2166 etiam

1990 2198 2182 2254 omnis
2233 2199 2333 2253 nix
2381 2198 2551 2264 alba;
2583 2199 2764 2271 igitur
2813 2199 2863 2254 si
2891 2199 3083 2254 omnis
3128 2199 3246 2266 nix,
3280 2197 3430 2269 alba,
3463 2213 3636 2255 omne

1991 2291 2185 2344 autem
2238 2288 2458 2354 album,
2510 2287 2768 2355 animal;
2802 2287 2995 2344 omnis
3041 2303 3176 2360 ergo
3225 2287 3343 2356 nix,
3393 2286 3633 2343 animal.

1992 2377 2128 2431 Erat
2159 2380 2355 2431 autem
2381 2375 2556 2431 etiam
2587 2374 2753 2431 nulla
2783 2377 2900 2443 nix,
2934 2376 3172 2431 animal.

2063 2466 2149 2520 19.
2180 2467 2413 2520 Tertius
2445 2465 2658 2521 modus
2695 2484 2707 2520 :
2738 2465 2966 2536 Aliquis
2996 2465 3364 2537 homo,niger
3395 2483 3409 2520 :
3443 2465 3637 2522 omnis

1990 2552 2165 2609 homo
2197 2553 2415 2609 animal
2448 2570 2461 2608 :
2497 2553 2731 2625 aliquod
2783 2554 3020 2626 nigrum
3051 2553 3288 2610 animal.
3323 2555 3635 2610 Converte-

1991 2646 2089 2696 tur
2137 2643 2327 2697 minor
2377 2660 2390 2697 :
2443 2643 2502 2697 Si
2553 2642 2766 2714 aliquis
2813 2643 3011 2708 homo,
3061 2643 3242 2715 niger,
3294 2648 3351 2699 et
3401 2643 3635 2714 aliquod

1991 2731 2225 2803 nigrum
2278 2732 2450 2786 homo
2480 2730 2590 2786 erit
2622 2750 2634 2786 :
2667 2732 2858 2787 omnis
2903 2736 3098 2787 autem
3150 2733 3321 2788 homo
3365 2731 3584 2789 animal
3618 2749 3633 2788 :

1992 2836 2171 2890 quare
2203 2820 2437 2891 aliquod
2472 2821 2704 2892 nigrum
2737 2820 2977 2875 animal.
3015 2821 3115 2875 Sin
3148 2821 3256 2876 hoc
3288 2821 3502 2876 falsum
3536 2820 3633 2889 sit,

1993 2908 2224 2963 nullum
2256 2910 2487 2981 nigrum
2523 2910 2631 2964 erit
2661 2909 2878 2964 animal
2912 2927 2924 2963 :
2960 2909 3174 2981 aliquis
3204 2913 3400 2965 autem
3433 2909 3630 2976 homo,

1993 2996 2176 3068 niger.
2211 2997 2270 3052 Si
2321 2997 2537 3069 aliquis
2569 2998 2744 3053 homo
2789 2999 2991 3071 niger;
3024 3004 3080 3053 et
3122 2998 3349 3053 nullum
3398 2998 3631 3070 nigrum

1992 3084 2360 3154 animal,non
2393 3086 2584 3142 omnis
2615 3087 2789 3142 homo
2820 3086 3202 3142 animal.Erat
3231 3091 3426 3142 autem
3456 3086 3632 3142 etiam

1993 3174 2185 3230 omnis
2215 3175 2411 3246 (homo
2442 3175 2702 3247 animal).

2065 3264 2154 3319 20.
2189 3266 2440 3330 Quartus
2471 3266 2716 3319 modus:
2741 3265 2966 3336 Aliquis
2997 3264 3168 3338 lapis,
3189 3265 3357 3321 albus
3392 3281 3405 3320 :
3439 3264 3636 3321 nullus

1998 3352 2146 3424 lapis
2179 3353 2396 3408 animal
2431 3372 2444 3409 :
2473 3370 2588 3408 non
2621 3370 2792 3409 omne
2823 3354 3022 3409 album
3054 3354 3293 3409 animal.
3328 3353 3639 3409 Converta-

1997 3446 2094 3496 tur
2124 3443 2314 3497 minor
2351 3459 2363 3496 :
2400 3442 2456 3497 Si
2492 3442 2703 3514 aliquis
2736 3441 2903 3514 lapis,
2938 3442 3108 3498 albus
3143 3460 3154 3497 :
3190 3444 3361 3498 etiam
3403 3442 3638 3515 aliquod

2000 3529 2223 3597 album,
2275 3529 2444 3602 lapis.
2498 3530 2705 3584 Nullus
2753 3537 2946 3586 autem
2996 3531 3166 3602 lapis,
3217 3530 3472 3599 animal;
3515 3531 3642 3586 Non

2000 3636 2136 3690 ergo
2184 3635 2354 3674 omne
2405 3619 2628 3687 album,
2680 3619 2919 3673 animal.
2974 3620 3030 3673 Si
3082 3619 3191 3675 hoc
3239 3638 3354 3676 non
3408 3620 3506 3687 sit,
3534 3620 3645 3676 erit

2003 3725 2174 3764 omne
2205 3708 2779 3776 album,animal.Est
2809 3714 3004 3763 autem
3037 3709 3211 3765 etiam
3235 3710 3449 3782 aliquis
3469 3709 3641 3782 lapis,

2001 3797 2191 3852 albus.
2226 3797 2287 3851 Si
2313 3796 2523 3868 aliquis
2557 3796 2730 3869 lapis,
2765 3797 2931 3852 albus
2965 3816 2979 3853 :
3012 3815 3184 3854 omne
3212 3804 3411 3855 autem
3442 3797 3644 3855 album

2003 3885 2223 3941 animal
2255 3903 2268 3940 :
2303 3885 2518 3956 aliquis
2572 3886 2740 3957 lapis,
2772 3886 3011 3942 animal.
3043 3887 3154 3942 Sed
3205 3888 3646 3960 supponebatur

2001 3975 2180 4031 etiam
2213 3974 2410 4030 nullus
2441 3973 2614 4047 (lapis
2645 3973 2906 4047 animal).

2075 4064 2229 4120 856
2260 4064 2350 4118 21.
2382 4064 2631 4128 Quintus
2664 4065 2874 4119 modus
2903 4069 3014 4130 est,
3047 4065 3250 4121 Omnis
3289 4065 3484 4132 homo,
3519 4065 3642 4121 ani-

2005 4153 2122 4207 mal
2157 4170 2169 4208 :
2205 4152 2418 4223 aliquis
2451 4152 2626 4208 homo
2660 4152 2848 4220 albus,
2882 4153 3119 4225 aliquod
3151 4153 3392 4221 animal,
3418 4154 3641 4210 album.

2005 4242 2386 4296 Convertatur
2417 4242 2604 4310 major
2637 4259 2647 4295 :
2682 4241 2738 4294 Si
2769 4241 2982 4311 aliquis
3016 4242 3207 4310 homo,
3243 4242 3432 4307 albus,
3460 4247 3518 4297 et
3549 4240 3648 4297 ali-

2006 4330 2161 4401 quod
2212 4329 2410 4384 album
2447 4329 2638 4385 homo.
2674 4330 2876 4386 Omnis
2926 4336 3118 4386 autem
3159 4331 3354 4401 homo,
3387 4329 3644 4400 animal;

2008 4418 2244 4490 aliquod
2275 4435 2409 4490 ergo
2436 4418 2636 4473 album
2664 4419 3291 4476 auimal.Convertatur
3310 4422 3484 4475 etiam
3517 4437 3650 4476 con-

2009 4508 2233 4564 clusio:
2269 4508 2329 4563 Si
2371 4506 2606 4579 aliquod
2657 4508 2879 4574 album,
2912 4508 3168 4576 animal;
3203 4509 3380 4565 etiam
3411 4508 3648 4581 aliquod

1927 4585 1974 4648 D
2006 4597 2227 4654 animal
2258 4595 2474 4651 album.

2074 4687 2164 4741 22.
2220 4686 2428 4741 Sextus
2479 4690 2535 4740 et
2590 4685 2830 4741 ultimus
2880 4688 3089 4743 modus
3141 4706 3153 4743 :
3205 4687 3406 4743 Omnis
3452 4687 3652 4752 homo,

2006 4775 2225 4830 animal
2261 4792 2273 4829 :
2307 4792 2421 4829 non
2453 4775 2646 4830 omnis
2700 4774 2896 4842 homo,
2930 4775 3095 4847 niger
3129 4794 3140 4831 :
3175 4793 3290 4831 non
3321 4793 3496 4832 omne
3527 4775 3653 4831 ani-

2007 4864 2144 4932 mal,
2181 4864 2438 4935 nigrum.
2472 4864 2584 4918 Sed
2617 4864 2711 4918 hic
2741 4865 2952 4919 modus
2983 4865 3055 4919 ad
3089 4864 3337 4936 primam
3386 4881 3487 4937 per
3517 4881 3652 4920 con-

2006 4953 2331 5008 versionem
2364 4969 2479 5007 non
2513 4952 2830 5017 reducitur,
2866 4953 2954 5007 Fit
2985 4953 3141 5008 enim
3173 4971 3242 5008 ex
3271 4954 3500 5010 duabus
3529 4970 3659 5026 par-

245 5046 366 5096 κῶν
425 5045 739 5117 προτάσεων
797 5041 934 5115 πρὸς
981 5042 1078 5108 τὴν
1130 5040 1213 5101 τὶς
1276 5038 1723 5116 ἀντιστρεφούσης
1801 5045 1886 5108 τῆς

2010 5041 2357 5096 ticularibus
2390 5041 3056 5112 propositionibus,dum
3090 5041 3464 5113 (universalis
3494 5041 3654 5098 afﬁr-

246 5136 382 5193 πᾶς.
425 5132 577 5185 Ὅθεν
634 5127 722 5184 διὰ
779 5130 951 5203 μόνης
1008 5136 1106 5198 τῆς
1157 5127 1231 5190 εἷς
1292 5125 1551 5181 ἀδύνατον
1601 5123 1903 5180 τελειοῦται

250 5221 575 5296 ἀπαγωγῆς·
610 5220 655 5274 εἰ
685 5219 788 5295 γὰρ
819 5215 1010 5293 ψευδὲς
1036 5219 1099 5272 τὸ
1132 5219 1206 5290 μή
1265 5222 1367 5271 πᾶν
1426 5219 1562 5284 ζῶον
1619 5214 1750 5268 εἶναι
1812 5223 1914 5287 με-’

253 5309 382 5382 λαν,
444 5307 642 5379 ἀληθὲς
696 5308 754 5362 ἂν
815 5303 897 5378 εἴη
952 5307 1015 5361 τὸ
1071 5306 1428 5382 ἀντιφατικῶς
1515 5302 1906 5376 ἀντικείμενον,

249 5395 430 5473 ἤγουν
461 5398 524 5452 τὸ
552 5402 654 5452 πᾶν
714 5401 850 5466 ζῶον
912 5396 1043 5450 εἶναι
1099 5392 1288 5469 μέλαν.
1343 5390 1497 5450 Ἀλλ’
1545 5393 1610 5461 ἦν
1661 5393 1750 5447 καὶ
1806 5399 1909 5454 πᾶς

2014 5131 2252 5198 mativa)
2329 5130 2520 5184 omnis
2578 5129 2636 5182 in
2709 5129 3137 5201 (particularem
3221 5131 3656 5203 afﬁrmativam)

2015 5217 2226 5289 aliquis
2276 5220 2647 5272 convertitur.
2684 5217 2846 5272 Unde
2883 5235 2985 5289 per
3014 5219 3198 5275 solam
3247 5220 3654 5276 deductionem

2018 5308 2089 5362 ad
2137 5306 2498 5378 impossibile
2530 5305 2844 5378 perﬁcitur.
2878 5307 2938 5361 Si
2968 5308 3125 5362 enim
3177 5308 3390 5364 falsum
3421 5309 3530 5365 hoc
3557 5309 3655 5378 sit,

2021 5413 2133 5451 non
2165 5412 2334 5450 omne
2382 5395 2598 5449 animal
2630 5411 2757 5449 esse
2788 5397 3041 5467 nigrum,
3074 5414 3276 5453 verum
3310 5398 3484 5454 fuerit
3523 5415 3658 5454 con-

252 5486 548 5562 ἄνθρωπος
579 5490 739 5555 ζῶον.
772 5486 835 5540 Εἰ
878 5484 1056 5539 τοίνυν
1115 5490 1218 5545 πᾶς
1271 5480 1548 5556 ἅνθρωπος
1613 5485 1769 5549 ζῶον·
1813 5487 1886 5536 πᾶ

2021 5484 2363 5540 tradictione
2395 5483 2751 5555 oppositum,
2772 5483 2881 5539 hoc
2911 5487 3211 5555 nimirum,
3246 5504 3419 5543 omne
3445 5486 3664 5542 animal

254 5573 322 5631 δὲ
384 5580 522 5645 ζῶον
585 5573 776 5648 μέλαν·
805 5581 910 5637 πᾶς
960 5571 1243 5650 ἄνθρωπος
1311 5569 1496 5644 μέλας.
1531 5569 1800 5626 Ὑπέκειτο
1859 5569 1916 5626 δὲ

257 5665 355 5723 καὶ
384 5667 446 5722 τὸ
477 5665 539 5721 οὐ
572 5671 697 5733 πᾶς,
735 5663 867 5741 ὅπερ
898 5664 1115 5720 ἄτοπον.

543 5796 803 5854 Parnm-
858 5795 970 5856 Gn.
1017 5792 1241 5854 CXLIl.

2025 5592 2151 5630 esse
2201 5574 2454 5646 nigrum.
2505 5575 2612 5628 Sed
2663 5579 2786 5629 erat
2834 5577 3031 5642 etiam,
3072 5577 3262 5631 omnis
3310 5578 3483 5632 homo
3537 5579 3667 5631 ani-

2028 5664 2166 5721 mal.
2208 5663 2368 5729 Quod
2419 5663 2466 5718 si
2517 5663 2694 5737 igitur
2743 5665 2934 5720 omnis
2986 5665 3158 5722 homo
3209 5666 3466 5736 animal;
3499 5680 3670 5723 omne

3315 5793 3385 5852 31
