4108 6458
444 488 556 550 9Ἶ1

1690 483 2118 547 NICEPHORI
2158 482 2601 546 BLEMMIDE

3730 477 3857 545 972

446 625 645 676 autem
689 618 906 676 animal
954 619 1227 691 nigrum;
1265 617 1459 675 omnis
1504 617 1701 688 homo,
1755 617 1939 690 niger.
1989 617 2443 688 Supponebatur
2492 620 2688 672 autem
2739 614 2937 687 etiam,
2988 631 3107 672 non
3149 614 3344 671 omnis
3390 615 3590 686 (homo
3640 615 3855 691 niger).

449 709 605 781 quod
637 709 960 765 absurdum
991 712 1104 764 est.

518 871 608 926 23.
640 870 787 926 Fieri
830 875 1027 925 autem
1060 874 1248 941 potest
1290 871 1465 925 etiam
1498 868 1666 924 aliter
1711 884 1779 924 ex
1818 885 1884 923 eo
1932 867 2086 939 quod
2118 869 2172 934 Α

446 963 537 1015 est
569 960 628 1013 in
659 964 780 1015 toto
808 965 864 1014 et
897 976 1008 1013 non
1032 961 1088 1013 in
1123 965 1241 1014 toto
1262 960 1512 1013 duarum
1547 959 1906 1028 reliquarum
1933 958 2081 1013 851

445 1048 768 1120 ﬁgurarum
798 1049 869 1102 ad
903 1049 1153 1119 primam
1185 1047 1684 1103 reductio.Eodem
1717 1047 1886 1101 modo
1913 1045 2088 1100 etiam

444 1152 514 1192 ex
541 1152 607 1191 eo
636 1137 793 1207 quod
837 1141 927 1191 est
956 1138 1026 1192 de
1057 1138 1217 1192 omni
1247 1142 1304 1192 et
1328 1137 1398 1190 de
1430 1135 1612 1201 nullo,
1647 1135 1766 1189 sive
1798 1151 1899 1206 per
1947 1150 2087 1189 con-

439 1225 768 1281 versionem
815 1225 937 1279 sive
986 1241 1088 1296 per
1135 1226 1544 1280 deductionem
1593 1224 1664 1279 ad
1724 1222 2090 1295 impossibile

445 1313 705 1368 reductio
734 1313 1023 1382 ejusmodi
1057 1313 1363 1368 efficiatur.

515 1419 605 1475 24.
637 1418 921 1475 (laterum
950 1421 1231 1489 quoniam
1282 1419 1670 1491 philosophia,
1703 1420 2085 1491 quemadmo-

447 1509 591 1564 dum
620 1524 772 1580 sape
815 1508 1040 1563 dictum
1070 1514 1179 1577 est,
1208 1508 1558 1564 universalia
1596 1508 1803 1579 quaerit
1830 1515 1889 1563 et
1933 1508 2088 1563 circa

448 1614 518 1654 ea
546 1601 866 1669 occupatur
907 1601 964 1652 et
991 1597 1202 1653 tertius
1248 1602 1613 1669 quartusque
1644 1598 1857 1652 modus
1888 1597 2087 1668 primae

448 1687 648 1759 ﬁgurae
678 1685 1053 1758 particularia
1079 1685 1446 1759 colligunt,et
1476 1686 1587 1758 ipsi
1620 1687 1690 1739 ad
1722 1686 1954 1740 eosdem
1988 1685 2089 1757 qui

449 1774 854 1831 universaliter
902 1775 960 1829 in
991 1776 1196 1830 eadem
1227 1775 1419 1846 prima
1448 1776 1635 1847 ﬁgura
1682 1774 1982 1847 colligunt,
2014 1776 2085 1830 ad

446 1864 705 1936 primum
737 1863 978 1935 inquam
1009 1867 1066 1918 et
1086 1865 1408 1919 secundum
1445 1864 1682 1919 modum
1707 1864 2088 1929 reducuntur,

444 1968 581 2007 cum
613 1952 777 2024 prius
805 1951 1137 2007 ostensione
1169 1969 1270 2023 per
1297 1951 1661 2023 impossibile
1694 1953 1766 2007 ad
1799 1952 2090 2007 universa-

445 2040 582 2097 liter
608 2040 948 2113 colligentes
970 2042 1027 2095 in
1050 2041 1308 2096 secunda
1338 2041 1526 2113 figura
1553 2046 1610 2095 et
1628 2042 1835 2097 exinde
1867 2058 1970 2113 per
1988 2059 2088 2096 eos

446 2130 520 2185 ad
566 2128 925 2185 universales
971 2130 1175 2202 prima:
1220 2130 1419 2202 ﬁgurae
1473 2129 1846 2203 syllogismos
1914 2130 2086 2185 redu-

445 2221 679 2273 cuntur.

517 2325 608 2380 25.
640 2324 813 2381 Velut
838 2325 1047 2381 tertius
1079 2327 1290 2383 modus
1320 2326 1522 2398 prima:
1553 2327 1753 2399 ﬁgurae
1787 2345 1800 2381 :
1833 2326 2085 2398 Aliquod

449 2413 689 2470 animal:
720 2414 896 2471 homo
923 2433 937 2483 ;
968 2416 1162 2471 omnis
1190 2415 1388 2485 homo,
1416 2416 1636 2471 risibile
1662 2434 1676 2483 ;
1709 2415 1943 2487 aliquod
1969 2415 2092 2471 ani-

396 2548 399 2551 .
450 2502 590 2575 mal,
622 2503 845 2560 risibile
875 2522 889 2559 :
922 2504 973 2560 si
1004 2521 1120 2560 non
1150 2511 1240 2561 est
1283 2504 1517 2576 aliquod
1554 2505 1795 2571 animal,
1825 2504 2088 2572 risibile;

449 2591 677 2648 nullum
708 2592 1175 2660 animal,risibile
1201 2595 1437 2649 erit.Est
1463 2600 1657 2649 autem
1690 2595 1866 2649 etiam
1897 2594 2090 2649 omnis

448 2680 648 2749 homo,
680 2680 923 2747 risibile,
951 2686 1010 2737 et
1048 2682 1343 2754 colligitur
1382 2683 1553 2753 juxta
1581 2684 1907 2738 secundum
1963 2700 2085 2737 mo-

447 2770 590 2825 dum
619 2770 889 2825 secundae
918 2770 1116 2843 ﬁgura:
1149 2788 1163 2825 :
1197 2769 1427 2825 nullum
1459 2770 1698 2839 animal,
1732 2771 2086 2843 homo.Sup-

448 2859 774 2931 ponebatur
801 2865 995 2914 autem
1025 2859 1202 2914 etiam
1232 2859 1467 2930 aliquod
1500 2859 1719 2915 animal
1749 2860 1945 2916 bomo.

518 2967 610 3021 26.
672 2966 925 3030 Quartus
986 2965 1197 3021 modus
1252 2966 1456 3038 primae
1529 2968 1728 3039 ﬁgurae
1789 2984 1803 3023 :
1862 2966 2090 3038 Aliquis

450 3054 714 3127 Ethiops
742 3055 1163 3127 grammaticus
1195 3073 1208 3110 :
1243 3054 1442 3110 nullus
1471 3057 1893 3127 grammaticus
1934 3056 2089 3113 358

454 3144 745 3201 solmcista
774 3160 789 3198 :
824 3161 940 3199 non
987 3144 1180 3200 omnis
1209 3143 1475 3215 Ethiops
1522 3143 1836 3200 soluacista.
1865 3145 1921 3198 Si
1974 3162 2090 3200 non

452 3239 545 3291 est
571 3234 700 3306 ,boc
727 3234 995 3303 (verum),
1027 3233 1221 3288 omnis
1265 3233 1531 3305 Ethiops
1576 3234 1729 3305 (erit)
1777 3235 2088 3291 soluecista.

447 3323 621 3395 Atqui
666 3322 844 3378 etiam
901 3322 1101 3378 nullus
1158 3322 1577 3395 grammaticus
1632 3327 1723 3378 est
1776 3323 2089 3381 soluacista.

449 3412 755 3486 Colligitur
809 3429 945 3484 ergo
1002 3413 1061 3466 in
1117 3412 1306 3484 primo
1337 3412 1509 3467 modo
1566 3413 1833 3467 secunda:
1865 3412 2088 3480 ﬁﬁuraa,

446 3502 656 3559 Nullus
675 3502 1867 3574 Ethiops,grammaticus.Supponebatur
1891 3509 2089 3558 autem

445 3592 621 3647 etiam
653 3590 867 3663 aliquis
897 3590 1182 3662 (Ethiops
1212 3590 1543 3661 solmcista).

513 3699 606 3753 27.
663 3697 948 3761 Quoniam
996 3697 1176 3768 igitur
1218 3697 1429 3753 tertius
1476 3702 1534 3752 et
1579 3703 1825 3769 quartus
1873 3699 2085 3754 modus

443 3787 648 3859 prima:
672 3787 871 3858 ﬁguras
901 3786 973 3841 ad
996 3786 1265 3842 secundae
1289 3786 1488 3858 figurae
1520 3786 1878 3841 universales
1910 3787 2083 3859 syllo-

442 3875 666 3948 gismos
697 3875 1067 3930 referuntur:
1101 3874 1161 3929 bi
1191 3880 1385 3931 autem
1418 3876 1627 3930 iterum
1659 3876 1731 3930 ad
1763 3891 1862 3930 eos
1896 3876 1997 3947 qui
2030 3876 2087 3931 in

444 3963 637 4037 prima
652 3964 840 4036 ﬁgura
856 3962 1258 4019 universaliter
1274 3962 2085 4035 colligunt,quemadmodum

443 4058 579 4109 ante
633 4052 1021 4121 ostendimus,
1054 4052 1448 4120 reducuntur;
1507 4052 1651 4108 satis
1709 4054 2087 4109 manifestum

443 4148 552 4210 est,
585 4142 741 4213 quod
789 4142 965 4197 etiam
1014 4142 1221 4197 tertius
1270 4141 1479 4197 modus
1529 4142 1728 4212 primae
1778 4143 1978 4214 ﬁgura:
2029 4148 2087 4198 et

445 4236 692 4304 quartus
738 4230 810 4286 ad
852 4229 1257 4285 universaliter
1301 4229 1717 4286 concludentes
1766 4231 1826 4285 in
1881 4231 2084 4287 eadem

442 4322 635 4393 prima
690 4321 879 4391 ﬁgura
939 4319 1284 4375 referantur.
1325 4319 1469 4374 Nam
1526 4323 1583 4374 et
1636 4319 1746 4374 hoc
1803 4321 2084 4392 exemplis

441 4414 968 4466 commonstratum
1016 4413 1123 4463 est.
1160 4409 1343 4480 Igitur
1391 4408 1568 4463 etiam
1618 4408 1688 4462 ad
1741 4408 1995 4480 primum
2028 4415 2085 4465 et

439 4504 766 4555 secundum
817 4498 1056 4553 modum
1085 4497 1287 4569 prima:
1336 4497 1534 4569 figuras
1567 4514 1772 4552 omnes
1822 4499 2084 4570 redigen-

436 4592 552 4657 tur,
585 4605 692 4645 nec
720 4587 842 4642 ulla
871 4587 1103 4659 uspiam
1136 4585 1509 4659 particularis
1539 4586 1837 4643 conclusio
1868 4602 2081 4644 secun—

437 4678 581 4734 dum
610 4677 763 4733 hanc
794 4675 1136 4733 metbodum
1164 4674 1509 4732 invenietur.

2117 2238 2167 2303 B

2273 867 2376 939 κγ’.
2409 867 2637 920 Δυνατὸν
2670 863 2727 920 δὲ
2755 866 2845 919 καὶ
2904 862 3089 926 ἄλΑως
3120 865 3179 919 ἐκ
3204 869 3304 920 τοῦ
3345 864 3397 919 ἐν
3448 863 3567 937 ὅλῳ
3613 866 3704 920 καὶ
3752 866 3855 921 οὐκ

2198 952 2248 1007 ἐν
2282 954 2400 1026 ὅλῳ
2458 957 2781 1024 ποιήσασθαι
2822 956 2919 1022 τήν
2976 954 3051 1015 εἷς
3106 955 3169 1009 τὸ
3208 959 3425 1030 πρῶτον
3488 957 3680 1031 σχῆμα
3733 961 3843 1011 τῶν

2197 1042 2406 1097 λοιπῶν
2468 1041 2563 1097 δύο
2606 1043 2906 1118 σχημάτων
2962 1044 3263 1118 ἀναγωγήν.
3296 1042 3571 1104 Ὡσαύτως
3622 1041 3725 1115 (δὲ)
3754 1047 3847 1099 καὶ

2198 1132 2303 1185 ἀπὸ
2333 1136 2428 1185 τοῦ
2458 1133 2592 1185 κατά
2622 1134 2821 1193 παντὸς
2853 1134 2943 1186 καὶ
2974 1134 3089 1187 κατ’
3119 1130 3355 1193 οὖδενός“
3387 1130 3485 1186 κάν
3532 1154 3592 1187 τε
3635 1138 3710 1186 τι⁹
3760 1133 3851 1186 άν-

2194 1228 2486 1297 τιστρονρῆς
2535 1223 2570 1289 ἠ
2628 1220 2852 1290 τοιαύτη
2903 1221 3154 1295 ἀναγωγή
3205 1221 3599 1297 ἐκπεραίνοιτο,
3633 1219 3732 1275 κᾶν
3788 1242 3850 1276 τε

2199 1305 2287 1361 διά
2314 1316 2414 1377 τῆς
2450 1309 2524 1370 εἷς
2559 1306 2762 1363 ἄτοπον
2796 1310 3119 1384 ἀπαγωγῆς.

2264 1412 2368 1472 κδ’.
2402 1413 2562 1470 Ἀλλ’
2590 1413 2704 1469 ἐπεὶ
2739 1413 3055 1493 φιλοσοφία,
3085 1415 3223 1469 καθά
3276 1413 3550 1477 πολλάκις
3611 1413 3849 1488 εἴρηται,

2194 1504 2263 1557 τά
2312 1501 2549 1557 καθόλου
2608 1510 2778 1575 ζητεῖ⁹
2817 1503 2907 1558 καὶ
2964 1504 3089 1579 περῖ
3146 1504 3280 1559 αὐτά
3336 1505 3697 1580 καταγίνεται·
3760 1527 3855 1578 με-

2198 1593 2321 1667 ρικά
2351 1590 2409 1647 δὲ
2440 1591 2749 1667 συνάγουσιν
2783 1592 2813 1646 ὃ
2851 1614 2911 1648 τε
2957 1593 3140 1668 τρίτος
3188 1593 3279 1647 καὶ
3334 1594 3364 1647 6
3410 1595 3670 1668 τέταρτος
3720 1594 3851 1668 τρό-

2196 1703 2294 1743 πος
2322 1687 2419 1736 τοῦ
2449 1683 2669 1757 πρώτου
2700 1684 3009 1758 σχήματος,
3038 1682 3316 1757 ἀνάγονται
3373 1684 3462 1736 καὶ
3520 1682 3678 1737 αὐτοὶ
3724 1683 3854 1756 πρὶς

2194 1771 2321 1833 τους
2348 1771 2399 1824 ἐν
2430 1777 2507 1842 τῷ
2538 1770 2682 1842 αὖτῷ
2736 1772 2939 1845 πρώτῳ
2986 1773 3233 1846 σχήματι
3282 1772 3343 1826 τὸ
3401 1771 3643 1835 καθόλου
3695 1771 3857 1825 συνά-

2193 1881 2407 1935 γοντας,
2439 1862 2528 1915 τὸν
2561 1865 2776 1936 πρῶτον
2833 1861 3034 1935 τρόπον
3080 1860 3225 1937 φημὶ
3279 1860 3369 1914 καὶ
3419 1861 3509 1915 τὸν
3570 1858 3853 1935 δεύτερονο

2194 1949 2455 2025 πρότερον
2486 1953 2555 2021 τῇ
2588 1947 2657 2003 δι’
2702 1946 2961 2003 ἀδυνάτου
3020 1946 3177 2019 δείξει
3237 1949 3373 2024 πρὸς
3428 1948 3558 2010 τοὺς
3614 1947 3666 2003 ἐν
3726 1946 3851 2003 δευ-

2192 2038 2333 2110 τέρῳ
2392 2041 2635 2113 σχήματι
2691 2038 2754 2091 τὸ
2809 2036 3045 2091 καθόλου
3104 2038 3425 2113 συνάγοντας
3482 2037 3848 2112 ἀναγόμενοι,

2192 2126 2281 2180 καὶ
2314 2124 2383 2179 δι’
2415 2126 2586 2180 αὐτῶν
2621 2123 2803 2180 Bito-rs
2849 2128 2986 2202 πρὸς
3032 2125 3160 2187 τοὺς
3204 2131 3304 2180 τοῦ
3350 2127 3572 2201 πρώτου
3622 2128 3859 2202 σχήμα-

2194 2235 2286 2277 τος
2314 2213 2551 2269 καθόλου
2584 2213 3012 2290 συλλογισμούς.

2270 2325 2363 2378 κε’.
2393 2325 2518 2376 Οἴον
2546 2324 2576 2376 6
2615 2322 2796 2396 τρίτος
2850 2322 3050 2395 τρόπος
3109 2326 3208 2376 τοῦ
3261 2323 3483 2398 πρώτου
3536 2325 3853 2398 σχήματος·

2198 2413 2259 2465 ΤΞ
2314 2417 2450 2481 ζῶον
2504 2411 2804 2486 ἄνθρωπος·
2885 2418 2989 2473 πᾶς
3065 2408 3345 2487 ἅνθρωπος
3400 2408 3746 2485 γελαστικόν·
3800 2413 3853 2467 τί

2202 2505 2337 2569 ζῶον
2392 2500 2730 2576 γελαστικόν
2785 2502 2831 2555 εἴ
2886 2504 2963 2574 μὴ
3023 2499 3133 2555 ἔστι
3186 2523 3239 2555 τι
3302 2506 3435 2570 ζῶον
3501 2501 3852 2576 γελαστικόν

2198 2588 2350 2644 οὐδὲν
2382 2596 2517 2659 ζῶον
2551 2589 2694 2645 ἔσται
2743 2589 3082 2664 γελαστικόν.
3133 2592 3283 2645 Ἐστι
3345 2588 3405 2645 δὲ
3449 2591 3540 2645 καὶ
3596 2597 3704 2653 π’άς
3768 2593 3858 2647 ἂν·

2197 2681 2415 2753 θρωπος
2461 2679 2798 2753 γελαστικὸν,
2853 2680 2944 2734 καὶ
2992 2681 3274 2755 συνάγεται
3322 2681 3462 2734 κατὰ
3515 2682 3605 2735 τὸν
3669 2678 3855 2737 δεύτε-

2199 2789 2290 2843 ρον
2322 2768 2522 2844 τρόπον
2555 2774 2652 2823 τοῦ
2705 2766 2955 2843 δευτέρου
3005 2771 3313 2845 σχήματος,
3352 2767 3517 2824 Οὐδὲν
3572 2775 3711 2839 ζῶον
3770 2770 3855 2825 ἄν-

2198 2860 2440 2933 θρωπος.
2469 2858 2741 2913 ἰ’πέκειτο
2773 2856 2831 2912 δὲ
2856 2858 2966 2930 καὶ,
2997 2859 3058 2912 Ti
3092 2863 3227 2928 ζῶον
3263 2858 3566 2935 ἅνθρωπος.

2267 2971 2367 3028 κς’.
2413 2965 2470 3017 Ὀ
2523 2965 2780 3041 τέταρτος
2835 2964 3038 3040 τρόπος
3106 2969 3198 3020 τεῦ
3254 2966 3477 3042 πρώτου
3532 2968 3846 3041 σχήματος

2196 3054 2285 3114 Τὶς
2312 3052 2511 3126 Αἰθίοψ
2557 3053 2959 3128 γραμματικός·
3012 3050 3189 3115 οὐδεὶς
3233 3055 3615 3130 γραμματικὸς
3666 3054 3852 3111 σολοι-

2198 3144 2409 3213 κιστής·
2443 3142 2505 3196 οὐ
2553 3148 2657 3204 πᾶς
2700 3143 2895 3216 Αἰθίοψ
2943 3142 3313 3213 σολοικιστής.
3373 3143 3435 3198 Εἰ
3497 3145 3575 3216 μὴ
3661 3149 3846 3214 τοῦτο,

2197 3238 2303 3294 πᾶς
2331 3232 2528 3305 Αἰθίοψ
2557 3231 2926 3301 σολοικιστής-
2961 3227 3067 3286 ἔσνι
3109 3228 3167 3287 δὲ
3208 3232 3300 3286 καὶ
3359 3229 3539 3295 οὐδεὶς
3593 3253 3850 3308 γραμμα-

2196 3323 2346 3383 τικὸς
2432 3319 2799 3390 σολοικιστής·
2876 3322 3158 3395 συνάγεται
3234 3321 3415 3376 τοίνυν
3476 3321 3527 3375 έν
3610 3319 3850 3398 δευτέρῳ

2195 3410 2384 3486 τρόπῳ
2411 3414 2507 3464 τοῦ
2538 3408 2786 3482 δευτέρου
2829 3412 3135 3485 σχήματος,
3169 3408 3357 3472 Οὐδεὶς
3404 3409 3610 3484 Αἰθίοψ
3666 3432 3846 3488 γραμ-

2202 3500 2445 3573 ματικός.
2478 3499 2749 3554 Ὑπέκειτο
2777 3496 2835 3553 δὲ
2862 3500 2951 3553 καὶ
2982 3499 3084 3561 τίς.

2264 3702 2361 3764 κζ’.
2398 3693 2547 3750 Ἐπεὶ
2600 3695 2778 3750 τοίνυν
2810 3696 2839 3749 6
2884 3695 3067 3771 τρίτος
3124 3694 3214 3749 καὶ
3257 3696 3287 3749 6
3332 3696 3587 3763 τέταρτος
3642 3695 3851 3771 τρόπος

2191 3790 2291 3839 τοῦ
2322 3785 2545 3859 πρώτου
2566 3788 2679 3860 σχνς
2692 3806 2859 3857 ματος
2888 3785 2967 3846 εἰς
2994 3784 3120 3846 τοὺς
3164 3788 3261 3839 τοῦ
3314 3781 3565 3860 δευτέρου
3618 3787 3856 3860 σχήμα-

2192 3894 2284 3935 τος
2368 3874 2716 3951 ἀναφέρονται
2802 3872 3037 3928 καθόλου
3096 3871 3520 3949 συλλογισμούς·
3582 3873 3735 3928 οὗτοι
3792 3871 3853 3929 δὲ

2193 3962 2358 4017 πάλιν
2413 3963 2700 4038 ἀνάγονται
2757 3964 2894 4037 πρὸς
2947 3962 3074 4025 τοὺς
3119 3961 3170 4016 ἐν
3203 3966 3281 4035 τῷ
3307 3964 3513 4038 πρώτῳ
3570 3966 3851 4039 σχήματι,

2192 4054 2255 4107 τὸ
2322 4051 2557 4107 καθόλου
2633 4054 2975 4127 συνάγοντας,
3032 4051 3271 4127 καθάπερ
3358 4049 3849 4127 προϋπεδείξαμενο

2194 4138 2425 4211 εὔδηλον
2458 4141 2540 4197 ὅτι
2571 4142 2661 4196 καὶ
2693 4143 2721 4196 6
2748 4142 2930 4217 τρίτος
2961 4140 3165 4216 τρόπος
3193 4145 3290 4195 τοῦ
3336 4141 3560 4217 πρώτου
3620 4144 3851 4217 σχήμα-

2190 4251 2308 4303 τος9
2366 4231 2455 4285 καὶ
2505 4232 2534 4285 6
2573 4232 2828 4307 τέταρτος
2888 4231 2964 4293 εἷς
3019 4230 3148 4293 τοὺς
3198 4229 3250 4285 ἐν
3304 4229 3450 4301 αὖτῷ
3507 4234 3587 4302 τῷ
3642 4232 3852 4306 πρώτῳ

2193 4322 2438 4394 σχήματι
2490 4321 2551 4375 τὸ
2609 4320 2849 4385 καθόλου
2903 4320 3365 4395 συμπεραίνοντας
3422 4318 3851 4395 ἀναχθήσονται.

2190 4409 2255 4462 Εἰ
2306 4409 2498 4471 πάντες
2546 4407 2603 4463 δὲ
2647 4408 3009 4485 συλλογισμοὶ
3075 4408 3214 4485 πρὸς
3264 4410 3328 4463 τὸ
3376 4412 3595 4484 πρῶτον
3650 4407 3849 4486 ἀναφέ-

2193 4518 2374 4571 ρονται
2435 4506 2627 4574 σχῆμα
2687 4499 2797 4572 (καὶ
2853 4503 3014 4553 τοῦτο
3085 4500 3186 4573 γάρ
3272 4494 3694 4570 ὑποδέδεικται)·
3754 4497 3847 4551 καὶ

2186 4588 2319 4661 πρὸς
2349 4588 2442 4641 τὸν
2475 4592 2692 4663 πρῶτον
2747 4585 2849 4663 ἄρα
2903 4587 2994 4643 καὶ
3053 4584 3301 4663 δεύτερον
3327 4585 3529 4661 τρόπον
3560 4590 3661 4640 τοῦ
3690 4587 3843 4662 πρώ-

2186 4697 2283 4730 του
2332 4677 2619 4751 σχὴματος
2660 4671 3177 4747 ἆναϐιϐασθήσονται
3224 4675 3554 4748 σύμπαντες,
3605 4675 3697 4731 καὶ
3756 4674 3850 4729 o6-

2190 4761 2276 4818 δὲν
2328 4764 2674 4841 εὑρεθήσεταί
2702 4786 2810 4820 που
2841 4765 3205 4841 συμπέρασμα
3260 4763 3485 4840 μερικὸν
3531 4764 3672 4820 κατὰ
3716 4764 3843 4819 ταῦ-

2191 4873 2290 4924 την
2320 4855 2419 4924 τὴν
2456 4850 2713 4927 μέθοδον.

1771 5114 1924 5172 859
1966 5115 2169 5173 Tabula
2194 5116 2393 5189 capitis
2420 5115 2509 5172 35.

491 5412 813 5485 Syllogismi
842 5419 973 5470 sunt
1002 5412 1100 5467 alii
1181 5340 1205 5559 Ξ

1352 5454 1503 5554 ἕιῖἱιέ
1522 5454 1758 5537 ῑιέὒὶιὶι.

1284 5338 1537 5411 perfecti,
1573 5344 1633 5411 ut
1662 5336 1758 5407 qui
1789 5342 1924 5411 sunt
1954 5334 2153 5404 prima
2193 5332 2410 5411 ﬁgurae,

1282 5403 1620 5483 imperfecti,
1654 5403 1714 5464 ut
1760 5408 1858 5478 qui
1903 5403 2036 5462 sunt
2083 5403 2344 5461 secundae
2385 5412 2439 5460 et
2476 5404 2654 5461 tertia:
2696 5404 2888 5476 ﬁgurae
2938 5406 3037 5476 qui
3082 5403 3412 5461 reductione
3467 5403 3540 5460 ad
3599 5404 3845 5475 primam

546 5611 747 5667 Cesare
876 5634 898 5667 χ
1462 5616 1486 5667 /
1564 5604 1829 5660 Celarent
2019 5610 2038 5667 ι
2594 5616 2619 5667 ί
2690 5600 2847 5655 Ferio
3039 5606 3156 5656 oet
3185 5616 3218 5655 a

546 5616 747 5667 Cesare
1564 5616 1829 5660 celarent
2690 5616 2847 5655 rerlo
3039 5616 3074 5655 o
3102 5616 3156 5656 ei
3185 5616 3218 5655 a

490 5685 805 5764 camestres
876 5634 1226 5764 lreducilur
1254 5616 1486 5764 esten-5
1562 5675 1821 5764 gelarent
2016 5616 2619 5764 aperimpossibilel
2685 5671 2873 5764 Parii-
2924 5749 2937 5764 ι
3048 5671 3062 5724 i
3105 5679 3162 5764 et
3188 5687 3218 5753 e
3272 5616 3301 5764 ὶ
3375 5706 3775 5764 οοηιηᾱίωω

534 5755 759 5812 Festino
880 5741 902 5867 ς
1076 5754 1194 5806 sive
1220 5750 1287 5805 ad
1457 5741 1486 5867 ὶ
1566 5746 1722 5801 Ferio
2018 5741 2040 5867 ς
2277 5744 2345 5799 ad
2594 5754 2620 5867 ζ
2684 5741 2942 5797 Celarent
3036 5760 3069 5797 a
3112 5744 3217 5799 eli

537 5828 745 5867 Ral-nan
1562 5817 1795 5867 Nullum
2686 5813 2925 5867 Barbara
3037 5823 3216 5867 aeto

536 5828 745 5888 Baroco
877 5813 898 5881 Ι
1460 5813 1486 5874 Κ
1562 5817 1795 5876 Nullum
2023 5813 2039 5874 l
2594 5813 2620 5867 Κ
2686 5813 2925 5871 Barbara
3037 5823 3216 5872 aeto
