4108 6418
289 572 409 640 973

390 710 616 781 Darapti
725 734 749 781 ί
1307 723 1340 781 /
1408 710 1560 765 Darii

371 782 643 852 Felapton
722 781 743 852 ι
1304 781 1326 852 ι
1408 781 1568 837 Ferio

418 851 593 909 Datisi
725 851 1076 909 traducitur
1094 851 1329 909 osten-l
1413 853 1565 908 Darii

389 925 620 981 Ferison
722 924 746 981 Σ
927 928 1042 979 sive
1074 924 1145 980 ad
1304 924 1329 981 ἱ
1412 925 1570 980 Fer-io

385 995 630 1051 Dizamis
723 995 747 1051 1
1307 995 1329 1051 1
1416 995 1561 1050 Darii

376 1067 625 1124 Bocardo
724 1066 745 1124 \
1307 1066 1339 1124 Κ
1411 1066 1648 1124 ΝιιΙΙιιω

394 1298 662 1354 Reductio
692 1296 803 1353 alia
841 1303 923 1352 est
1040 1202 1075 1436 ξ

1640 577 1988 641 EPITOME
2032 577 2338 641 LOGICA.

3569 580 3692 642 974

2525 711 2784 768 Celarent
2882 726 2914 767 e
2941 716 2996 768 et
3024 728 3057 767 a

2528 782 2767 838 Barbara
2880 799 2912 838 a
2943 790 2998 839 et
3025 798 3056 839 e
3116 782 3137 842 ι
3208 782 3611 842 contradicunt

1918 867 2016 923 per
2043 852 2397 924 impossibile
2433 852 2454 924 )
2531 855 2688 910 Ferio
2878 870 2911 910 ο
2942 862 2996 910 et
3023 871 3057 909 a

2121 926 2191 981 ad
2429 925 2452 982 Σ
2532 926 2678 980 Darii
2885 925 2906 981 i
2943 933 2997 981 et
3026 941 3058 982 e

2528 997 2789 1052 Celarent
2879 1013 2911 1053 e
2952 1002 3004 1053 et
3038 998 3058 1052 i
3118 997 3139 1055 ι
3184 997 3470 1055 contraria
3516 1003 3650 1055 sunt

2430 1069 2463 1137 χ
2528 1068 2768 1123 Barbara
2882 1085 2915 1123 a
2943 1075 2997 1124 et
3024 1084 3058 1124 ο

1138 1190 1437 1264 ostensiva,
1468 1190 1676 1264 Graecis
1707 1186 1949 1264 δεκτική,
1978 1189 2197 1264 quaeﬁt
2227 1191 2668 1264 propositionem
2697 1191 3181 1264 conversionibus,

1138 1278 1237 1333 per
1291 1262 1689 1319 deductionem
1743 1262 1814 1316 ad
1868 1262 2259 1334 impossibile;
2307 1278 2427 1334 qua,
2473 1263 2662 1334 aliquo
2722 1263 2893 1319 veluti
2944 1262 3308 1321 conclusioni
3365 1262 3684 1334 syllogismi

1210 1336 1633 1390 contradicente
1660 1339 1763 1406 aut
1785 1332 1901 1406 uni
1931 1348 2005 1406 ex
2032 1332 2544 1406 prepositiOnibus,
2571 1332 3023 1406 contradictione
3067 1332 3406 1406 repugnans
3441 1332 3685 1394 sumitur

1208 1412 1263 1461 et
1292 1406 1426 1462 inde
1453 1404 1803 1477 impossibile
1831 1402 2057 1475 aliquid
2077 1402 2473 1461 et'absurdum
2502 1402 2808 1477 colligitur.

1471 1707 1626 1764 860
1664 1706 2006 1764 SYNOPSIS
2043 1706 2324 1763 CAPITIS
2362 1706 2599 1763 XXXVI.

1007 1831 1151 1878 QUOD
1188 1830 1289 1870 EST
1325 1831 1396 1870 DE
1435 1830 1836 1871 HYPOTIBTICIS
1875 1829 1981 1870 SIU
2020 1830 2532 1871 CONDITIONALIBUS
2571 1830 2959 1871 BYLLOGISMIS.

282 1958 604 2030 1.Quatuor
626 1961 815 2029 partes
856 1959 1149 2029 integrales
1177 1958 1486 2029 syllogismi
1534 1957 1865 2029 hypothetici
1912 1959 2213 2014 constituit.
2259 1987 2331 2000 —
2379 1958 2431 2013 2.
2466 1958 2708 2014 Ostendit
2762 1958 3098 2030 antecedens,
3129 1965 3183 2013 et
3222 1973 3552 2030 consequens
3595 1960 3683 2016 vel

353 2029 669 2103 secundum
692 2030 1107 2103 continuitatem
1152 2032 1391 2101 proferri
1434 2038 1486 2085 et
1530 2030 1642 2085 dici
1685 2045 2033 2103 connexum;
2071 2030 2172 2103 vel,
2195 2029 2493 2103 secundum
2540 2032 2921 2103 discretionem
2966 2039 3020 2084 et
3066 2029 3176 2085 dici
3217 2029 3567 2103 disiunctum.
3613 2062 3681 2075 --

356 2101 412 2156 3.
443 2101 704 2172 Exemplo
733 2100 849 2157 haec
874 2099 1136 2156 declarat.
1153 2099 1320 2157 V—Yr.
1352 2103 1603 2156 Priorem
1648 2100 1871 2156 modum
1898 2103 2124 2172 exponit
2153 2099 2621 2173 hypotheticorum
2663 2102 3112 2173 syllogismorum
3160 2099 3462 2158 secundum
3504 2104 3681 2160 conti-

354 2174 643 2228 nuitatem.
675 2202 745 2245 -έ
771 2174 825 2227 5.
873 2173 1251 2228 Posteriorem.
1285 2200 1353 2213 -—
1379 2174 1433 2227 6.
1466 2173 1622 2228 Docel
1665 2174 1727 2227 in
1756 2176 1989 2242 utroque
2033 2174 2190 2228 modo
2219 2172 2544 2245 antecedens;
2584 2176 2634 2227 et
2664 2172 2996 2245 consequens
3022 2188 3132 2228 non
3177 2189 3287 2245 uno
3330 2178 3560 2245 tantum,
3589 2174 3682 2230 sed

394 2249 596 2316 uatuor
621 2243 796 2316 modis
830 2258 998 2316 posse
1022 2245 1194 2316 sumi,
1225 2260 1458 2315 quorum
1502 2246 1720 2316 primus
1749 2247 1829 2298 est
1869 2246 2201 2316 positus._-—-
2247 2245 2301 2297 7.
2336 2243 2632 2299 Secundus.
2664 2274 2733 2316 —:
2760 2244 2814 2298 8.
2850 2245 3073 2299 Tertius.
3098 2274 3177 2316 7-—
3230 2244 3284 2299 9.
3320 2243 3580 2312 Quartus.
3611 2274 3682 2286 --

621 2260 796 2325 moazs
847 2260 998 2321 posse
1022 2260 1194 2310 sumi,
1225 2260 1458 2327 quorum
1502 2260 1566 2316 pr

433 2357 442 2367 .
518 2313 765 2370 oncludzt
810 2314 876 2368 de
904 2315 991 2370 his
1032 2315 1239 2371 duobus
1278 2316 1452 2370 modis
1496 2318 1566 2386 hy

1569 2315 1969 2386 pothetzcorum
2014 2314 2466 2386 syllogismorum
2510 2315 2809 2371 secundum
2851 2315 3270 2372 continuitatem
3298 2325 3350 2372 et
3376 2316 3442 2372 de
3489 2332 3680 2373 eorum

356 2386 1017 2470 quadrupliciyarietate.
1051 2417 1120 2469 .—
1207 2386 1502 2470 '1.‘Accedit
1540 2385 1833 2470 ’ad‘modos
1861 2389 1959 2470 qui
2007 2385 2135 2440 sunt
2159 2387 2481 2470 secundum.
2507 2386 2834 2470 distantiam
2863 2394 2916 2470 et
2960 2388 3213 2470 primum
3253 2387 3477 2470 euponit
3502 2388 3678 2470 subii-

352 2472 500 2513 mens
529 2475 591 2512 ιη

623 2457 818 2527 quibus
844 2458 1003 2512 rebus
1050 2460 1099 2512 is
1128 2456 1475 2513 adhibeatur.
1508 2488 1576 2498 -—
1624 2458 1711 2511 12.
1742 2456 2073 2511 Secundum.
2106 2488 2172 2497 -—
2222 2458 2307 2511 13.
2344 2458 2594 2512 Tertium.
2627 2488 2696 2497 —
2746 2459 2830 2513 14.
2866 2458 3150 2513 Concludit
3178 2457 3243 2513 de
3272 2456 3455 2514 tr'ibus
3498 2456 3681 2516 modis

354 2528 830 2600 hypotlteticorum
878 2529 1323 2599 syllogismorum
1368 2528 1663 2600 secundum
1709 2528 2054 2584 distantiam.
2087 2560 2155 2568 ——
2187 2528 2299 2581 16".
2334 2529 2555 2596 Quando
2606 2531 2776 2600 possit
2814 2529 3149 2600 disjunctum
3192 2528 3446 2586 adhiberi
3467 2538 3520 2586 et
3565 2546 3678 2587 non

352 2599 569 2656 tantum
594 2602 761 2672 unius
788 2601 1056 2670 positione
1082 2601 1361 2670 reliquum
1389 2599 1478 2656 vel
1507 2601 1729 2671 reliqua.
1757 2600 2146 2672 removeri,sed
2174 2602 2342 2655 etiam
2361 2602 2529 2655 unius
2556 2599 2639 2655 vel
2653 2599 3206 2672 duorum'remotione
3215 2601 3350 2672 poni
3376 2601 3678 2672 reliquum,

353 2618 569 2656 tantum
594 2618 761 2655 unius
788 2618 1056 2670 posmone
1082 2618 1361 2670 reliquum
1389 2618 1477 2656 vel
1507 2618 1729 2671 reliqua.
1757 2618 2146 2670 rernoveri,sea
2174 2618 2342 2655 suam
2361 2618 2529 2655 unzus
2556 2618 2639 2655 vel
2653 2618 2887 2656 auorum
2902 2618 3206 2657 remouone
3215 2618 3347 2672 pom
3376 2618 3457 2657 ret
3522 2618 3677 2669 uum,

353 2674 414 2744 ut
442 2672 503 2726 in
549 2670 783 2744 secundo
811 2673 863 2726 et
912 2673 1073 2727 tertio
1096 2672 1276 2744 modo.
1308 2702 1377 2711 —
1428 2673 1514 2726 17.
1545 2675 1777 2744 sextum
1823 2670 2040 2744 modum
2070 2672 2542 2744 hypotheticorum
2590 2671 3042 2742 syllogismorum
3086 2674 3342 2744 proponit
3381 2676 3433 2728 et
3464 2618 3677 2744 gesori-

356 2742 451 2797 bit.
485 2773 551 2816 τ-
574 2742 728 2816 361
767 2743 851 2797 18.
883 2744 1041 2816 Facit
1065 2742 1183 2816 ejus
1212 2746 1449 2814 quatuor
1483 2743 1692 2798 modos.
1722 2773 1791 2816 7—-
1822 2742 1907 2796 19.
1936 2742 2290 2813 Singulorum
2319 2744 2539 2813 singula
2566 2744 2820 2816 exempla
2862 2742 3139 2816 proponit.
3171 2742 3242 2785 ἐ-
3268 2744 3359 2799 20.
3392 2748 3502 2800 Per
3547 2742 3676 2799 ἀνα-

353 2808 717 2889 κεφαλαίωσιν
744 2829 842 2870 sex
866 2813 1047 2871 modos
1074 2808 1519 2886 syllogismorum
1546 2813 2018 2886 hypotheticorum
2039 2808 2320 2886 expositos
2346 2808 2561 2886 repetit.

902 3110 1155 3161 ΚΕΦΔΛ.
1198 3107 1310 3170 Λςὲ

560 3195 691 3271 Περὶ
719 3198 827 3250 τῶν
859 3195 1191 3251 ὑποθετικῶν
1224 3192 1629 3271 συλλογισμῶν.

343 3283 410 3343 α’.
441 3288 552 3346 Πᾶς
581 3284 897 3349 ὖποθετικὸς
938 3282 1305 3360 συλλνγισμὸς
1353 3282 1654 3360 ἡγούμενον
1700 3279 1817 3360 ἔχει
1861 3304 1913 3337 τι

264 3373 362 3429 καὶ
391 3372 649 3447 ἑπόμενον
680 3372 992 3449 πρόσληψιν
1023 3373 1113 3429 καὶ
1144 3373 1526 3448 συμπέρασμα.

347 3552 411 3627 β’.
434 3552 505 3607 Τὸ
536 3549 582 3606 δ’
633 3551 939 3627 ἡγούμενον
987 3551 1078 3606 καὶ
1124 3552 1187 3607 τὸ
1236 3550 1499 3623 ἑπόμενον
1552 3548 1588 3620 ἤ
1634 3552 1769 3606 κατά
1795 3570 1918 3606 τινα

268 3647 477 3717 συνεχῆ
540 3640 630 3696 καὶ
702 3638 1059 3696 ἀδιάσπαστον
1136 3638 1454 3696 ἀκολουθίαν
1527 3639 1914 3714 προάγονται,

268 3729 365 3786 καὶ
397 3729 643 3807 λέγονται
679 3730 819 3804 ὁμοῦ
868 3728 1230 3803 συνημμένον,
1283 3728 1373 3784 ὅτε
1408 3728 1498 3784 καὶ
1541 3750 1604 3783 τυ
1653 3727 1915 3801 ἑπόμενον

268 3818 327 3875 ’ἐν
407 3818 630 3896 πρᾶγμά
701 3817 840 3874 ἐστιν
876 3840 890 3855 -
954 3817 990 3888 ἤ
1047 3820 1183 3873 κατὰ
1239 3816 1500 3893 διάκρισιν
1554 3817 1914 3895 προφέρονται

270 3907 364 3964 καὶ
418 3905 709 3982 διάστασιν,
755 3907 846 3964 καὶ
896 3909 1037 3981 ὁμοῦ
1092 3907 1337 3984 λέγονται
1389 3904 1776 3984 διεζευγμένον·
1829 3906 1918 3961 ὅτε

272 3996 366 4054 καὶ
419 3997 483 4053 τὸ
539 3997 798 4071 ἑπόμενον
876 3996 937 4052 ὲκ
1010 3994 1280 4076 διαφόρων
1356 3996 1691 4072 πραγμάτων
1768 3986 1949 4050 συνέ-’

276 4108 376 4157 στη
383 4106 492 4144 κεν.

343 4176 411 4250 γ’.
444 4175 586 4230 Οῑοψ
618 4173 683 4230 Εἰ
722 4172 1003 4251 ἄνθρωπός
1054 4172 1186 4245 ἐστι,
1236 4173 1326 4228 καὶ
1378 4172 1513 4243 ζῶόν
1547 4172 1706 4228 ἐστιν.
1743 4173 1918 4229 Ἀλλά

277 4264 388 4337 μὴν
420 4263 699 4340 ἄνθρωπός
747 4263 877 4318 ἐστι.
929 4264 1027 4318 Καὶ
1081 4267 1220 4332 ζῶον
1276 4264 1377 4339 ἄρα
1407 4262 1536 4321 ἐστί.
1579 4263 1647 4318 Τὸ
1701 4264 1815 4337 μὲν,
1854 4261 1924 4317 E’i

272 4351 560 4428 ἄνθρωπός
619 4350 728 4407 ἐστι
762 4397 776 4423 ,
832 4350 1078 4407 καλεῖται
1126 4348 1433 4425 ἡγούμενον
1468 4370 1481 4382 ο
1536 4350 1600 4405 τὸ
1656 4346 1713 4405 δὲ
1746 4397 1762 4421 ,
1820 4349 1917 4404 Καὶ

274 4440 416 4510 ζῶόν
463 4439 596 4509 ἐστι,
636 4439 897 4513 ἑπόμενον
947 4438 1194 4516 λέγεται’
1247 4437 1384 4493 διότι
1432 4439 1496 4493 τὸ
1552 4443 1687 4507 ζῶον
1733 4435 1918 4493 ἕπεται

271 4534 357 4601 τῷ
402 4529 673 4605 ἀνθρώπῳ
723 4528 1198 4608 συνεισφερόμενον
1226 4550 1238 4562 ·
1290 4528 1318 4582 ὁ
1359 4525 1402 4583 δ’
1443 4524 1723 4603 ἅνθρωπος
1769 4530 1921 4601 ἠγεῖ-

274 4639 366 4674 ται
393 4622 490 4674 τοῦ
540 4619 681 4688 ζώου
720 4638 862 4673 συνει
911 4617 1119 4697 σφέρων
1165 4615 1315 4673 αὐτό.
1348 4617 1579 4671 Πάντοτε
1609 4613 1667 4671 δὲ
1703 4617 1765 4670 τὸ
1796 4614 1919 4671 ἑπό-

281 4728 442 4783 μενον
498 4705 536 4777 ἤ
595 4705 876 4779 ἐπιπλέον,
1026 4705 1219 4777 ἐπίσης
1274 4704 1407 4761 εἶναι
1464 4710 1560 4760 τοῦ
1610 4704 1922 4780 ἡγουμένου

276 4797 481 4875 χρεώνο
534 4796 616 4853 ἐπ’
656 4793 881 4853 ἔλαττον
931 4793 989 4851 δὲ
1036 4792 1313 4851 οὐδέποτε·
1366 4798 1527 4849 τοῦτο
1580 4790 1627 4848 δ’
1673 4792 1825 4867 ὅλον,
1859 4793 1924 4848 Εἰ

278 4884 569 4963 ἅνθρωπός
626 4885 760 4956 ἐστι,
807 4885 897 4940 καὶ
944 4883 1081 4955 ζῶόν
1126 4883 1259 4957 ἐστι,
1309 4884 1647 4957 συνημμένον
1695 4903 1924 4938 κατονο-

284 4975 530 5049 μάζεται,
563 4971 652 5030 διὰ
678 4975 741 5030 τὸ
770 4981 1034 5053 συνῆφθαι
1091 4971 1365 5044 ὀλλήλοις
1411 4973 1474 5027 τὸ
1520 4971 1825 5047 ἡγούμενόν
1867 4992 1928 5026 τε

278 5062 373 5120 καὶ
433 5065 495 5119 τὸ
540 5064 824 5139 ἑπόμενον.
874 5064 945 5118 Τὸ
993 5060 1061 5134 δ’,
1111 5060 1288 5118 Ἀλλά
1340 5063 1446 5136 μὴν
1479 5060 1761 5138 ἄνθρωπός
1792 5060 1925 5133 έστι,

280 5147 598 5229 πρόσληψις
640 5153 885 5209 καλεῖται
942 5151 1032 5207 καί
1085 5172 1149 5228 γε
1207 5150 1533 5225 μετάληψις.
1589 5149 1827 5222 Δηλοῦσι
1873 5148 1930 5205 δὲ

282 5241 376 5298 καὶ
437 5242 716 5320 ἀμφότερα
770 5243 837 5297 τὰ
895 5240 1135 5315 ὀνόματα
1188 5239 1249 5295 τὸ
1304 5237 1388 5302 δὶς
1441 5234 1811 5313 λαμϐάνεσθαι
1866 5240 1929 5294 τὸ

285 5330 443 5388 αὐτό.
471 5332 542 5387 Τὸ
572 5329 650 5403 δὲ,
682 5331 781 5386 Καὶ
834 5335 970 5401 ζῶον
1018 5326 1122 5407 ἄρα
1168 5328 1303 5399 ἐστὶ,
1344 5333 1507 5385 τοῦτο
1550 5328 1929 5405 συμπέρασμα.

2010 2969 2020 2976 η

1943 3020 1951 3025 ι
2006 3020 2019 3029 α

1951 3119 2008 3185 Α

2603 3107 2833 3164 CAPUT
2870 3107 3105 3166 XXXVI.

2118 3197 2193 3252 De
2220 3195 2576 3269 hypothettcis
2602 3214 2699 3253 seu
2726 3197 3194 3253 conditionalibus
3220 3196 3577 3270 syllogismis.

2098 3285 2147 3339 1.
2190 3284 2392 3341 Omnis
2438 3285 2808 3359 syllogismus
2856 3285 3267 3359 hypotheticus
3314 3287 3664 3344 antecedens

2025 3372 2262 3445 aliquod
2319 3374 2495 3430 habet
2548 3378 2604 3432 et
2653 3390 3035 3446 consequens,
3086 3376 3553 3448 assumptionem
3607 3380 3666 3433 et

2025 3461 2477 3519 conclusionem.

2094 3553 2149 3606 2.
2180 3552 2543 3608 Antecedens
2592 3556 2786 3609 autem
2812 3557 2870 3608 et
2916 3568 3279 3625 consequens
3305 3555 3407 3610 aut
3455 3567 3664 3609 secun-

2026 3640 2165 3696 dum
2194 3640 2530 3697 continuam
2561 3640 2816 3713 aliquam
2846 3645 2906 3698 et
2941 3642 3349 3698 indistractam
3388 3656 3666 3697 consecu-

2024 3728 2243 3785 tionem
2270 3730 2672 3801 producuntur
2702 3735 2760 3785 et
2805 3747 3130 3787 connexum
3158 3731 3335 3788 simul
3366 3730 3664 3801 dicuntur,

2027 3819 2260 3890 quando
2289 3819 2463 3874 etiam
2493 3835 2860 3890 consequens
2889 3836 2983 3876 res
3012 3837 3131 3876 una
3160 3824 3250 3877 est
3282 3838 3295 3877 :
3328 3824 3429 3877 aut
3458 3836 3668 3877 secun-

2026 3908 2168 3963 dum
2198 3907 2599 3964 discretionem
2631 3913 2690 3963 et
2720 3908 3058 3966 distantiam
3087 3909 3486 3981 proferuntur,
3502 3913 3558 3966 et
3587 3908 3667 3965 si-

2027 3996 2146 4053 mul
2173 3996 2448 4052 dicuntur
2467 3997 3091 4069 disjunctum,quando
3108 3998 3284 4055 etiam
3303 4013 3667 4070 consequens

2027 4101 2096 4141 ex
2124 4085 2299 4141 rebus
2327 4085 2573 4141 diversis
2603 4088 2849 4142 constat.

2097 4172 2362 4231 3.Veluti
2386 4191 2398 4230 :
2429 4175 2489 4230 Si
2518 4174 2690 4231 homo
2720 4178 2893 4245 est,et
2918 4175 3133 4233 animal
3161 4180 3268 4233 est.
3288 4176 3468 4249 Atqui
3493 4175 3667 4232 homo

2027 4266 2134 4319 est.
2167 4264 2316 4335 Ergo
2362 4263 2536 4318 etiam
2566 4264 2784 4320 animal
2812 4268 2917 4320 est.
2954 4264 3072 4320 Hoc
3119 4264 3375 4339 quidem,
3406 4263 3465 4320 Si
3496 4263 3669 4320 homo

2027 4354 2133 4417 est,
2159 4350 2505 4405 antecedens
2533 4355 2792 4418 vocatur,
2823 4351 2933 4407 hoc
2960 4355 3179 4419 autem,
3211 4352 3282 4407 Et
3308 4349 3525 4408 animal
3554 4353 3666 4423 est,

2028 4454 2392 4510 consequens
2423 4438 2674 4507 dicitur;
2709 4445 3011 4511 propterea
3040 4441 3197 4512 quod
3229 4439 3445 4497 animal
3472 4437 3668 4512 sequi-

2027 4532 2124 4583 tur
2168 4528 2240 4583 ad
2291 4527 2605 4595 hominem,
2650 4530 2805 4600 quod
2853 4529 3173 4585 coinfertur
3219 4530 3291 4585 ab
3339 4545 3447 4598 eo;
3495 4529 3669 4585 homo

2028 4620 2223 4672 autem
2270 4617 2583 4687 antecedit,
2616 4622 2682 4672 ut
2712 4617 2811 4688 qui
2843 4616 3122 4673 coinferat
3158 4618 3375 4690 ipsum.
3407 4617 3675 4691 (Semper

2030 4709 2224 4760 autem
2274 4721 2640 4777 consequens
2667 4711 2769 4761 aut
2810 4705 2990 4763 latius
3019 4710 3122 4762 aut
3168 4705 3390 4779 aequale
3438 4709 3675 4761 antece-

2032 4794 2192 4849 denti
2221 4810 2349 4850 esse
2378 4799 2935 4867 Oportet,nunquam
2966 4811 3099 4850 vero
3129 4794 3456 4867 minus.)At
3483 4797 3676 4850 totum

2033 4883 2163 4952 hoc,
2196 4882 2252 4940 Si
2305 4884 2477 4939 homo
2508 4887 2616 4952 est,
2647 4889 2704 4939 et
2740 4884 2896 4941 362
2944 4883 3164 4940 animal
3192 4888 3300 4955 est,
3349 4899 3676 4940 connexum

2037 4972 2468 5041 denominatur,
2501 4977 2807 5044 propterea
2835 4973 2990 5044 quod
3023 4973 3369 5029 antecedens
3397 4977 3457 5028 et
3482 4987 3681 5029 conse-

2039 5077 2227 5133 quens
2256 5060 2501 5117 invicem
2535 5077 2792 5116 connexa
2833 5061 2970 5117 sint.
3005 5061 3117 5117 Sed
3147 5062 3277 5130 hoc,
3311 5060 3472 5133 atqui
3504 5059 3679 5117 homo

2038 5154 2147 5221 est,
2180 5150 2506 5221 assumptio
2532 5154 2588 5205 et
2617 5149 3038 5222 transsumptio
3066 5155 3324 5207 vocatur.
3356 5150 3540 5207 Ambo
3569 5166 3680 5206 au-

2038 5244 2154 5294 tem
2201 5237 2485 5295 vocabula
2513 5239 2827 5312 designant
2856 5238 2947 5295 bis
2995 5239 3150 5295 idem
3202 5238 3405 5312 accipi.
3438 5242 3513 5294 At
3547 5238 3679 5308 hoc,

2042 5328 2190 5401 Ergo
2220 5329 2392 5384 etiam
2422 5327 2641 5383 animal
2672 5332 2779 5398 est,
2811 5333 2902 5384 est
2930 5328 3226 5384 conclusio
3261 5346 3276 5385 :
3311 5330 3548 5399 lterum,
3579 5328 3685 5384 De-

285 5418 483 5477 Πάλιν·
516 5422 573 5475 Ὁ
604 5418 731 5476 δέκα
754 5419 790 5491 ἤ
832 5420 1015 5496 ἄρτιός
1047 5419 1208 5491 ἐστιν,
1241 5417 1278 5489 ἤ
1320 5418 1587 5494 περιττός.
1624 5416 1797 5475 Ἀλλὰ
1829 5419 1934 5492 μὴν

2044 5433 2168 5472 cem
2217 5421 2320 5472 aut
2350 5433 2454 5489 par
2497 5422 2588 5472 est
2617 5422 2718 5472 aut
2747 5418 2957 5490 impar.
2987 5418 3163 5490 Atqui
3194 5434 3308 5474 non
3339 5422 3429 5475 est
3470 5418 3683 5491 impar.

286 5510 354 5566 οὐ
404 5509 671 5585 περιττός.
727 5511 949 5587 ’Δρτιος
999 5510 1120 5585 ἄρα.
1173 5507 1504 5584 Ἡγούμενον
1559 5508 1678 5581 μὲν,
1724 5508 1753 5561 ὁ
1784 5504 1930 5562 δέκασ

285 5597 549 5673 ἱπόμενον
604 5595 662 5653 δὲ
709 5598 794 5669 τὸ,
850 5595 887 5667 ἤ
944 5593 1129 5672 ἄρτιός
1187 5594 1326 5650 ἐστιν
1366 5592 1401 5663 ἤ
1448 5589 1717 5670 περιττός.
1760 5596 1932 5648 Τοῦτο

285 5684 334 5743 δ’
392 5686 546 5758 ὅλον,
602 5688 685 5759 τὸ,
740 5688 797 5740 '0
856 5683 982 5741 δέκα
1038 5683 1075 5755 ἤ
1136 5682 1318 5760 ἄρτιός
1376 5683 1516 5739 ἐστιν
1570 5682 1607 5752 ἤ
1658 5684 1928 5757 περιττὸς,

2044 5505 2156 5561 Par
2200 5506 2401 5579 igitur,
2449 5506 2807 5563 Antecedens
2857 5506 3114 5578 quidem,
3163 5508 3363 5564 decem
3412 5524 3426 5563 :
3481 5521 3685 5563 conse-

2045 5611 2231 5667 quens
2253 5599 2470 5667 autem,
2505 5601 2607 5651 aut
2635 5613 2740 5669 par
2767 5600 2855 5653 est
2884 5601 2985 5652 aut
3014 5597 3220 5670 impar.
3244 5597 3458 5653 Totum
3491 5599 3685 5652 autem

2048 5685 2154 5740 hoc
2189 5687 2392 5742 Decem
2426 5688 2527 5742 aut
2556 5702 2661 5759 par
2688 5691 2791 5743 aut
2818 5687 3011 5761 impar
3039 5692 3148 5757 est,
3182 5687 3543 5759 disjunctum
3587 5699 3686 5742 vo-

362 5918 385 5944 "
422 5914 595 5975 Deest
623 5913 880 5989 analysis
908 5929 1069 5973 num.
1103 5913 1189 5986 15,
1222 5912 1325 5986 qui
1352 5915 1550 5971 tamen
1581 5911 1639 5968 in
1670 5914 1828 5969 textu
1861 5910 2093 5986 legitur.
