4108 6476
407 554 524 615 975

1657 549 2079 612 NIGEPHORI
2121 551 2561 638 BLEMMIDE

3684 553 3804 644 9⁸⁷9

405 691 591 743 catur.
623 685 726 742 Hic
767 684 922 740 enim
954 684 1337 756 disseparatio
1387 687 1445 739 et
1491 683 1805 755 disjunctio
1854 684 2044 740 consi-

2173 683 2403 738 ιαλεῖται
2457 681 2848 760 διεζευγμένον.
2896 689 3184 759 Θεωρεῖται
3243 681 3347 759 γὰρ
3390 677 3640 748 ἐνταυθοῖ
3685 681 3806 738 δια-

406 775 667 831 daretur.

475 863 528 917 4.
562 861 794 918 Primus
823 861 1060 934 quidem
1092 861 1272 934 igitur
1302 863 1512 917 modus
1543 861 2046 934 hypotheticorum

406 951 730 1008 secundum
760 951 1204 1006 continuitatem
1237 955 1324 1006 est
1353 951 1452 1022 qui
1485 951 1775 1022 positione
1816 957 2046 1006 antece-

407 1040 596 1097 dentis
627 1039 802 1098 simul
835 1040 1010 1096 infert
1037 1056 1403 1111 consequens
1430 1057 1442 1096 :
1474 1039 1674 1106 veluti,
1706 1039 1766 1094 Si
1798 1057 1909 1094 nox
1937 1045 2044 1106 est,

407 1130 494 1186 sol
525 1129 678 1185 infra
703 1134 920 1185 terram
951 1128 1246 1200 est.Atqui
1280 1145 1394 1184 non
1422 1132 1511 1185 est
1536 1147 1548 1194 ;
1583 1128 1667 1184 sol
1699 1128 1878 1200 igitur
1897 1127 2048 1184 infra

406 1222 622 1276 terram
652 1223 761 1275 est.

475 1309 529 1364 5.
563 1307 867 1364 Secundus
898 1307 1108 1362 modus
1129 1308 1299 1378 juxta
1317 1306 1760 1362 continuitatem
1787 1305 2046 1378 syllogis-

407 1412 638 1452 morum
671 1395 1172 1468 hypotheticorum
1201 1399 1312 1464 est,
1343 1395 1443 1466 qui
1475 1410 1543 1450 ex
1573 1394 1893 1449 remotione
1915 1411 2048 1448 con-

406 1484 708 1558 sequentis
737 1483 914 1541 simul
944 1487 1198 1540 removet
1225 1485 1574 1540 antecedens
1609 1501 1621 1538 :
1654 1483 1904 1552 velut,Si
1936 1482 2047 1538 hoc

405 1575 581 1631 homo
611 1578 720 1645 est,
752 1578 809 1630 et
837 1571 1054 1629 animal
1081 1573 1369 1644 est.Atqui
1401 1588 1516 1628 non
1545 1577 1635 1627 est
1663 1571 1881 1626 animal
1907 1589 1920 1639 ;
1945 1588 2043 1626 ne-

405 1679 520 1734 que
547 1661 730 1735 igitur
757 1661 930 1717 homo
959 1664 1069 1716 est.
1092 1662 1155 1715 In
1185 1660 1294 1715 hoc
1327 1664 1521 1716 autem
1553 1660 1725 1715 modo
1755 1665 1915 1716 totus
1943 1677 2046 1732 per

405 1751 604 1809 omnia
631 1751 931 1807 character
957 1753 1218 1806 servatur
1245 1749 1640 1806 conversionis
1670 1766 1773 1820 per
1815 1753 2044 1804 contra-

407 1839 776 1913 positionem.

472 1929 526 1984 6.
561 1927 736 1983 Porro
765 1926 1221 1982 existimandum
1254 1942 1368 1981 non
1398 1930 1507 1994 est,
1542 1927 1601 1981 in
1634 1926 1858 1982 utrovis
1891 1926 2044 1981 868

405 2016 617 2073 horum
649 2017 900 2072 duorum
930 2016 1240 2071 modorum
1272 2031 1509 2072 necesse
1539 2031 1666 2070 esse
1698 2015 2046 2070 afﬁrmative

407 2121 640 2178 semper
676 2105 934 2177 accipere
981 2105 1328 2159 antecedens
1378 2108 1435 2158 et
1485 2120 1872 2176 consequens.
1904 2105 2048 2160 Con-

406 2193 581 2266 tingit
625 2193 782 2249 enim
840 2192 1017 2248 etiam
1066 2201 1315 2264 utraque
1360 2193 1704 2249 afﬁrmative
1770 2193 2051 2265 accipere,

407 2282 905 2354 quemadmodum
935 2282 994 2336 in
1024 2281 1196 2336 modo
1226 2281 1397 2336 dictis
1426 2281 1732 2354 exemplis.
1767 2282 1916 2336 Fieri
1948 2299 2053 2337 au-

404 2376 523 2429 tem
553 2375 743 2444 potest
770 2371 946 2426 etiam
977 2374 1042 2424 ut
1068 2370 1155 2425 vel
1187 2374 1433 2442 utraque
1463 2371 1582 2425 sint
1614 2371 1880 2442 negativa
1905 2390 1918 2439 ;
1953 2376 2054 2426 aut

407 2460 755 2517 antecedens
803 2459 1040 2531 quidem
1070 2458 1506 2527 afﬁrmativum,
1540 2476 1903 2532 consequens
1948 2477 2050 2515 au-

406 2556 524 2606 tem
555 2550 913 2622 negativum,
943 2553 1044 2606 aut
1071 2552 1292 2604 contra.

474 2639 532 2693 7.
567 2638 648 2694 Ex
695 2637 959 2709 utrisque
1006 2637 1290 2710 negativis
1330 2639 1489 2710 prior
1537 2639 1748 2693 modus
1785 2655 1796 2692 :
1827 2638 1884 2692 Si
1936 2654 2051 2692 non

408 2732 497 2783 est
534 2727 642 2782 hoc
694 2724 932 2796 animal,
965 2743 1154 2798 neque
1200 2726 1374 2782 homo
1423 2730 1530 2782 est.
1568 2727 1745 2798 Atqui
1798 2744 1912 2782 non
1964 2731 2056 2782 est

409 2813 646 2871 animal.
667 2815 866 2886 Neque
897 2814 1076 2886 igitur
1103 2815 1276 2870 homo
1307 2817 1777 2872 est.Antecedens
1809 2815 2047 2886 quidem

406 2905 588 2977 igitur
635 2908 731 2960 est
805 2903 865 2958 in
924 2903 1032 2958 hoc
1107 2903 1508 2971 conditionali,
1570 2921 1686 2959 non
1746 2921 1874 2960 esse
1945 2904 2052 2960 hoc

409 2992 627 3049 animal
648 3009 1042 3064 :consequens
1074 2993 1403 3059 autem,hoc
1434 3009 1550 3047 non
1581 3009 1710 3049 esse
1729 2993 2049 3048 hominem.

410 3082 704 3139 Positione
733 3081 912 3154 igitur
954 3082 1132 3152 hujus
1163 3082 1316 3154 quod
1351 3098 1466 3136 non
1496 3081 1573 3136 sit
1603 3080 1841 3152 animal,
1875 3081 2053 3137 simul

411 3171 741 3238 inferimus,
789 3187 905 3226 non
954 3187 1081 3225 esse
1127 3169 1446 3224 hominem.
1510 3170 1795 3226 Posterior
1843 3171 2053 3226 modus

410 3277 480 3318 ex
507 3261 736 3316 duobus
766 3259 1048 3331 negativis
1071 3276 1085 3314 :
1111 3257 1170 3313 Si
1201 3275 1315 3314 non
1347 3263 1436 3314 est
1464 3259 1572 3314 hoc
1603 3258 1844 3327 animal,
1866 3275 2052 3332 neque

410 3349 586 3405 homo
616 3352 726 3405 est.
751 3347 927 3420 Atqui
959 3347 1134 3402 homo
1163 3350 1290 3414 est;
1319 3363 1454 3418 ergo
1485 3348 1662 3403 etiam
1696 3347 1910 3402 animal
1940 3352 2046 3403 est.

2155 771 2443 848 χωρισμὸς
2473 773 2562 827 καὶ
2586 770 2866 846 διάζευξις.

2227 857 2290 916 δ’.
2352 866 2574 936 Πρῶτος
2643 863 2736 934 μέν
2791 860 2881 915 οὖν
2936 861 3139 937 τρόπος
3214 866 3324 917 τῶν
3381 861 3712 917 ὑποθετικῶν
3773 864 3803 917 6

2155 950 2289 1004 κατά
2345 951 2622 1025 συνέχειαν
2655 997 2669 1021 ,
2722 955 2789 1026 τῇ
2848 951 2985 1006 θέσει
3038 956 3136 1006 τοῦ
3193 950 3505 1025 ἡγουμένου
3564 952 3807 1005 συνεισά-

2155 1061 2262 1114 γων
2293 1040 2356 1093 τὸ
2387 1039 2669 1111 ἑπόμενον·
2713 1041 2844 1109 οἷον,
2897 1041 2954 1094 Εἰ
3000 1038 3107 1094 ἔστι
3156 1039 3264 1111 νὺξ,
3298 1042 3326 1095 ὁ
3357 1039 3520 1109 ἥλιος
3567 1040 3671 1095 ὑπὸ
3702 1047 3804 1116 γῆν

2157 1126 2318 1184 ἐστιν.
2381 1126 2556 1183 Ἀλλά
2613 1130 2719 1201 pip:
2779 1125 2887 1182 ἔστι
2944 1129 3053 1199 νύξ’
3088 1130 3116 1183 6
3164 1127 3326 1198 ἥλιος
3383 1127 3485 1206 ἄρα
3535 1129 3640 1184 ὑπὸ
3696 1136 3797 1204 γῆν

2158 1215 2316 1270 έστιν.

2227 1306 2282 1358 ε’·
2340 1305 2594 1380 Δεύτερος
2641 1305 2842 1382 τρόπος
2892 1307 2921 1359 6
2977 1307 3113 1360 κατὰ
3165 1307 3466 1381 συνέχειαν,
3527 1309 3596 1380 τῇ
3645 1305 3803 1360 ἀναι-

2139 1394 2297 1467 ρέσει
2344 1397 2440 1448 τοῦ
2488 1393 2756 1467 ἑπομένου
2796 1400 3121 1471 συναναιρῶν
3167 1395 3228 1449 τὸ
3275 1394 3599 1470 ἡγούμενον·
3661 1395 3801 1466 οἷον,

2156 1482 2218 1535 Εἰ
2248 1479 2371 1536 τόδε
2419 1483 2699 1556 ἄνθρωπός
2747 1482 2878 1552 ἐστι,
2929 1483 3019 1537 καὶ
3070 1483 3204 1552 ζῶόν
3258 1483 3418 1538 ἐστιν.
3469 1480 3650 1539 Ἀλλά
3690 1484 3799 1555 μὴν

2158 1575 2291 1639 ζῶον
2326 1570 2423 1625 οὐκ
2471 1569 2632 1624 ἔστιν·
2683 1568 2808 1625 οὐδὲ
2837 1571 3118 1646 ἄνθρωπος
3160 1569 3280 1646 ἄρα.
3314 1573 3398 1627 Ἐν
3427 1571 3607 1644 τούτῳ
3637 1568 3697 1626 δὲ
3723 1575 3804 1643 τῷ

2151 1660 2342 1734 τρόπῳ
2371 1660 2594 1728 σώζεται
2627 1659 2842 1733 σύμπας
2873 1662 2901 1716 6
2931 1661 3213 1738 χαρακτὴρ
3255 1663 3353 1730 τῆς
3401 1659 3492 1715 σὺν
3539 1661 3802 1716 ἀντιθέσει

2154 1747 2532 1825 ἀντιστροφῆς.

2227 1929 2290 1990 ς’.
2323 1926 2396 1981 Οὐ
2439 1924 2521 1980 δεῖ
2568 1924 2626 1982 δὲ
2671 1927 2912 2000 νομίζειν
2955 1926 3008 1982 έν
3048 1927 3389 2003 ὁποτερῳοῦν
3434 1927 3642 1982 τούτων
3691 1930 3800 1981 τῶν

2157 2014 2251 2070 δύο
2321 2015 2535 2091 τρόπων
2604 2016 2891 2091 ἀναγκαῖον
2952 2016 3084 2070 εἶναι
3139 2020 3514 2094 καταφατικιῖκ
3573 2017 3807 2070 πάντοτε

2163 2098 2458 2176 λαμϐάνειν
2508 2105 2570 2159 τὸ
2616 2104 2914 2180 ἡγούμενόν
2955 2126 3014 2159 τε
3059 2105 3147 2160 καὶ
3188 2105 3251 2160 τὸ
3299 2104 3584 2178 ἑπόμενον.
3622 2101 3803 2159 Ἐνδέ-

2163 2212 2318 2267 χεται
2382 2194 2474 2265 μὲν
2532 2194 2632 2269 γὰρ
2679 2194 2768 2248 καὶ
2835 2191 3001 2271 ἄμφω
3047 2198 3420 2271 καταφατικῶς
3478 2189 3804 2267 λαμϐάνειν,

2164 2282 2237 2343 ὡς
2312 2281 2398 2336 ἐπὶ
2473 2287 2578 2336 τῶν
2635 2288 2922 2358 προσεχῶς
2980 2282 3277 2358 εἰρημένων
3339 2279 3755 2358 ὑποδειγμάτων
3790 2326 3802 2338 .

2164 2369 2394 2425 Δυνατὸν
2436 2369 2494 2425 δὲ
2538 2372 2626 2426 καὶ
2679 2369 2842 2450 ἄμφω
2888 2392 2947 2445 γε
2993 2371 3318 2449 ἀποφατικὰ,
3347 2370 3383 2442 ἤ
3412 2372 3474 2426 τὸ
3505 2371 3602 2445 μὲν
3629 2371 3805 2446 ἡγού-

2167 2478 2324 2530 μενον
2352 2458 2729 2534 καταφατικὸν,
2759 2458 2822 2512 τὸ
2871 2455 2918 2513 δ’
2964 2454 3227 2531 ἑπόμενον
3271 2457 3626 2537 ἀποφατικὸν,
3666 2457 3705 2528 ἥ
3737 2459 3800 2513 τὸ

2163 2545 2450 2603 ἀνάπαλιν.
2476 2607 2481 2611 ,

2237 2637 2297 2704 ζ.
2331 2635 2453 2689 Οἶον
2501 2634 2561 2690 ἐκ
2602 2633 2696 2690 δύο
2743 2636 3089 2714 ἀποφατικῶν
3121 2637 3149 2691 6
3194 2640 3413 2714 πρῶτος
3460 2635 3695 2712 τρόπος’
3746 2635 3810 2691 Εἰ

2167 2726 2241 2798 μή
2274 2721 2385 2778 ἔστι
2415 2722 2540 2779 τόδε
2571 2729 2729 2793 ζῶον,
2779 2721 2902 2779 οὐδὲ
2951 2724 3234 2801 ἄνθρωπός
3283 2724 3448 2782 ἐστίν.
3488 2724 3661 2782 Ἀκλά
3696 2726 3807 2798 μὴν

2165 2814 2261 2868 οὐκ
2290 2810 2398 2870 ἔστι
2441 2818 2598 2882 ζῶον.
2651 2811 2786 2868 Οὐδὲ
2835 2811 3115 2888 ἅνθρωπος
3163 2815 3266 2890 ἄρα
3315 2814 3478 2871 ἐστίν.
3532 2814 3806 2890 Ἠγοῦμε-

2161 2923 2251 2956 νον
2314 2903 2407 2974 μὲν
2459 2902 2559 2978 γὰρ
2615 2901 2666 2956 έν
2723 2902 2900 2974 τούτῳ
2960 2907 3039 2974 τῷ
3096 2903 3398 2975 ὑποθετικῷ
3451 2904 3514 2958 τὸ
3560 2903 3637 2975 μὴ
3671 2902 3804 2956 εἶναι

2158 2989 2284 3046 τόδε
2328 2996 2483 3060 ζῶον·
2530 2991 2791 3063 ἑπόμενον
2844 2988 2902 3046 δὲ
2949 2991 3011 3046 τὸ
3063 2993 3138 3064 μὴ
3195 2992 3329 3046 εἶναι
3375 2990 3677 3066 ἄνθρωπον.
3726 2995 3800 3065 Τῇ

2163 3081 2301 3144 θέσει
2360 3084 2486 3156 γοῦν
2540 3085 2636 3134 τοῦ
2694 3082 2768 3153 μὴ
2821 3079 2952 3134 εἶναι
3009 3085 3144 3149 ζῶον
3199 3079 3574 3156 συνεισάγομεν
3627 3079 3690 3134 τὸ
3726 3080 3800 3152 μὴ

2163 3170 2295 3224 εἶναι
2327 3167 2627 3243 ἄνθρωπον.
2681 3169 2738 3222 Ὁ
2769 3166 3013 3244 δεύτερος
3061 3168 3261 3244 τρόπος
3300 3168 3360 3223 ἐκ
3386 3173 3494 3223 τῶν
3537 3166 3634 3224 δύο
3665 3168 3804 3223 ἀπο-

2162 3280 2398 3337 φατικων
2435 3277 2446 3288 ’
2507 3257 2571 3311 Ei’
2620 3259 2696 3330 μή
2745 3256 2855 3312 ἔστι
2913 3255 3036 3312 τόδε
3095 3262 3230 3327 ζῶον
3261 3304 3276 3330 ,
3336 3255 3463 3312 οὐδὲ
3515 3257 3802 3334 ἄνθρωπός

2162 3346 2322 3401 ἐστιν.
2385 3343 2561 3401 Ἀλλά
2620 3345 2726 3418 μὴν
2784 3343 3067 3421 ἅνθρωπός
3120 3344 3230 3400 ἐστι
3267 3366 3280 3378 ·
3340 3345 3428 3400 καὶ
3508 3349 3644 3414 ζῶον
3704 3347 3810 3423 ἄρα

407 3438 775 3494 Antecedens
821 3437 1059 3508 quidem
1091 3436 1150 3490 in
1181 3435 1287 3490 hoc
1318 3439 1425 3504 est,
1458 3453 1574 3492 non
1624 3453 1751 3492 esse
1779 3435 1997 3492 animal
2033 3454 2045 3492 :

2173 3435 2319 3490 ἐστίν.
2373 3434 2702 3510 Ἡγούμενον
2755 3434 2850 3508 μὶν
2910 3435 2963 3490 έν
3005 3435 3184 3507 τούτῳ
3236 3436 3298 3490 τὸ
3353 3435 3428 3508 μὴ
3474 3434 3608 3488 εἶναι
3642 3440 3808 3504 ζῶον⁵

411 3542 773 3598 consequens
799 3530 992 3581 autem
1027 3525 1154 3592 hoc,
1189 3541 1304 3580 non
1336 3541 1464 3580 esse
1497 3525 1814 3581 hominem.
1852 3525 2051 3581 Remo-

409 3616 567 3672 tione
597 3615 774 3687 igitur
803 3615 1123 3686 hujus,non
1155 3630 1283 3669 esse
1313 3613 1630 3680 hominem,
1665 3614 1843 3669 simul
1874 3615 2048 3671 etiam

412 3710 742 3759 removetur
787 3719 902 3757 non
931 3719 1060 3758 esse
1106 3702 1343 3757 animal.
1377 3703 1531 3758 864
1577 3704 1751 3774 Atqui
1808 3720 1942 3759 cum
1989 3702 2052 3755 τὸ

415 3809 531 3848 non
558 3808 682 3847 esse
713 3796 1062 3859 removetur,
1091 3789 1152 3843 τὸ
1183 3791 1598 3863 esse-ponitur.

483 3901 537 3954 8.
597 3899 676 3954 Ex
730 3899 1103 3953 antecedente
1149 3899 1495 3954 afﬁrmativo
1552 3904 1610 3953 et
1665 3903 2054 3970 consequente

415 3989 679 4060 negativo
710 3987 868 4059 prior
898 3987 1106 4042 modus
1134 3987 1226 4041 hic
1257 3992 1346 4042 est
1377 4003 1391 4040 :
1427 3988 1483 4042 Si
1516 3988 1640 4042 dies
1669 3992 1777 4053 est,
1796 4005 1909 4043 nox
1940 4005 2053 4044 non

414 4082 522 4134 est.
552 4075 725 4146 Atqui
774 4075 899 4130 dies
929 4079 1053 4142 est;
1087 4092 1199 4129 nox
1248 4076 1428 4147 igitur
1460 4093 1576 4131 non
1625 4083 1729 4131 est.
1769 4077 2056 4132 Posterior

413 4166 625 4221 modus
658 4181 671 4218 :
707 4163 766 4220 Si
817 4180 1000 4218 unum
1031 4169 1186 4219 esset
1232 4164 1428 4236 homo,
1461 4183 1763 4236 nunquam
1815 4166 2052 4222 doleret.

413 4253 591 4327 Atqui
618 4253 773 4310 dolet
798 4271 811 4321 ;
846 4269 958 4308 non
991 4252 1171 4324 igitur
1199 4258 1289 4309 est
1316 4271 1520 4308 unum.

439 4339 444 4346 ’
482 4345 538 4400 9.
573 4345 654 4400 Ex
682 4343 1058 4399 antecedente
1085 4343 1350 4415 negativo
1381 4349 1436 4397 et
1465 4349 1853 4416 consequente
1897 4345 2055 4400 affir-

415 4434 631 4490 mativo
662 4434 820 4505 prior
850 4432 1058 4488 modus
1090 4432 1222 4486 hic:
1255 4433 1312 4486 Si
1345 4433 1468 4487 dies
1499 4451 1614 4488 non
1647 4439 1756 4500 est,
1789 4434 1873 4488 sol
1905 4435 2058 4490 infra

413 4529 630 4579 terram
681 4527 788 4578 est.
817 4521 925 4576 Sed
958 4521 1082 4576 dies
1113 4537 1228 4576 non
1277 4527 1402 4589 est;
1435 4521 1524 4576 sol
1555 4522 1733 4593 igitur
1763 4523 1913 4578 infra
1940 4528 2055 4578 ter-

413 4630 539 4670 ram
587 4617 696 4668 est.
748 4611 1036 4666 Posterior
1089 4611 1298 4666 modus
1358 4612 1462 4666 :Si
1511 4629 1626 4666 non
1681 4618 1834 4668 esset
1882 4612 2056 4668 homo

412 4701 794 4774 compositus,
810 4699 1059 4771 simplex
1081 4705 1140 4754 et
1161 4699 1450 4755 uniforme
1474 4705 1628 4756 esset
1649 4703 1801 4772 quod
1823 4706 2058 4757 sanaret

2163 3525 2425 3598 ἑπόμενον
2459 3522 2514 3578 δὲ
2543 3525 2604 3578 τὸ
2638 3525 2713 3596 μὴ
2757 3524 2886 3578 εἶναι
2937 3522 3236 3600 ἄνθρωπον.
3286 3528 3362 3598 Τῇ
3411 3528 3544 3598 γοῦν
3595 3524 3811 3601 ἀναιρέ-

2163 3635 2240 3668 σει
2270 3618 2366 3668 τοῦ
2403 3615 2477 3686 μή
2513 3613 2646 3668 εἶναι
2686 3610 2965 3688 ἄνθρωπον
3014 3613 3304 3689 ἀναιρεῖται
3354 3612 3442 3666 καὶ
3487 3613 3550 3666 τὸ
3602 3614 3677 3685 μὴ
3733 3612 3810 3668 εἷ-

2162 3725 2247 3757 ναι
2283 3707 2438 3772 ζῶον·
2473 3701 2864 3776 ἀναιρουμένου
2920 3699 2978 3756 δὲ
3031 3706 3128 3757 τοῦ
3189 3703 3263 3775 μὴ
3319 3702 3452 3756 εἶναι
3497 3701 3699 3772 τίθεται
3747 3701 3816 3772 τὸ

2166 3793 2318 3846 εἶναι.
3591 3790 3594 3792 ⁷

2235 3900 2330 3969 η’·
2393 3898 2476 3968 Ἐξ
2544 3897 2854 3972 ἡγουμένου
2929 3901 3292 3976 καταφατικοῖό
3367 3897 3460 3974 καὶ
3538 3896 3814 3972 ἑπομένου

2165 3989 2500 4066 ἀποφατικοῦ
2546 3991 2768 4062 πρῶτοσ
2812 3986 3014 4060 τρόπος
3071 3983 3262 4048 οὗτος·
3322 3987 3386 4039 Εἱ
3420 3981 3626 4060 λδμέρα
3676 3984 3814 4056 ἐστὶ,

2163 4075 2254 4147 νὺξ
2287 4075 2385 4130 οὐκ
2431 4073 2593 4132 ἔστιν.
2643 4073 2818 4131 Ἀλλὰ
2869 4078 2973 4149 μήν
3019 4075 3199 4151 ἡμέρα
3250 4074 3378 4130 έστί·
3429 4073 3521 4144 νὺξ
3561 4072 3666 4150 ἄρα
3715 4075 3818 4130 οὐκ

2165 4162 2326 4221 ἔστιν.
2359 4168 2414 4219 Ὀ
2459 4163 2705 4242 δεύτερος
2751 4165 2975 4242 τρόπος.
3027 4166 3091 4219 Ei
3119 4164 3175 4219 ’ὲν
3229 4165 3257 4218 6
3301 4164 3604 4240 ἄνθρωπος,
3653 4160 3812 4218 οὐδέ-

2164 4261 2280 4309 ποτ’
2313 4254 2370 4308 ἂν
2402 4251 2594 4330 ἤλγεεν
2627 4251 2853 4328 (ἤλγει).
2887 4252 3077 4328 ’Δλγεῖ
3108 4250 3184 4307 δέ·
3219 4251 3316 4306 οὐκ
3347 4250 3449 4326 ἄρα
3475 4249 3528 4306 ἓν
3561 4251 3727 4306 ἐστιν.

2235 4346 2276 4397 θ’
2308 4389 2320 4400 .
2383 4343 2467 4413 Ἐξ
2545 4343 2881 4422 ἀποφατικοῦ
2936 4341 3245 4418 ἡγουμένου
3300 4342 3388 4396 καὶ
3445 4345 3818 4420 καταφατικοῦ

2166 4432 2434 4505 ἑπομένου
2489 4437 2706 4508 πρῶτος
2755 4431 2957 4508 τρόπος
3014 4431 3210 4493 οὗτος.
3266 4429 3432 4506 Εἴπερ
3512 4430 3612 4485 οὐκ
3669 4428 3813 4485 ἔστιν

2165 4521 2364 4598 ἡμέρα,
2400 4523 2428 4575 6
2458 4521 2618 4590 ἥλιος
2663 4521 2765 4575 ὑπὸ
2813 4528 2914 4594 γῆν
2959 4521 3122 4575 ἑστιν.
3155 4517 3332 4574 Ἃλλά
3366 4521 3471 4594 μὴν
3504 4519 3690 4594 ἡμέρα
3719 4519 3820 4574 οὐκ

2167 4605 2192 4628 91
2423 4611 2435 4626 ο
2517 4609 2540 4628 η
2728 4605 2753 4626 ν
2888 4609 2902 4628 ς
2962 4609 2975 4626 \
3087 4612 3116 4622 φ
3204 4608 3218 4626 9
3448 4610 3462 4628 ε
3641 4607 3656 4624 1

2167 4631 2306 4664 εστιν
2343 4629 2356 4642 ο
2415 4627 2443 4663 ο
2509 4608 2671 4678 ηλιος
2723 4630 2825 4684 αρα
2883 4630 2984 4664 υπο
3042 4630 3141 4682 γην
3200 4627 3337 4662 εστιν
3374 4651 3386 4662 .
3461 4614 3503 4662 Ο
3566 4605 3820 4684 δευτερος

2165 4699 2386 4773 τρόπος’
2439 4699 2500 4752 Εἰ
2549 4697 2648 4752 οὐκ
2692 4700 2756 4766 ἦν
2790 4699 2818 4752 6
2863 4698 3144 4774 ἅνθρωπος
3193 4696 3460 4769 σύνθετος,
3514 4696 3725 4753 ἁπλοῦν

411 4788 629 4861 ipsum.
662 4787 840 4858 Atqui
893 4804 1008 4840 non
1039 4791 1127 4841 est
1176 4785 1424 4856 simplex
1455 4792 1510 4842 et
1557 4789 1848 4843 uniforme
1899 4790 2049 4860 quod

2173 4789 2230 4857 ἦν
2275 4787 2364 4841 καὶ
2417 4785 2696 4861 μονοειδὲς
2743 4788 2805 4841 τὸ
2856 4787 3086 4861 ἰώμενον
3130 4786 3309 4843 αὐτόν.
3364 4783 3543 4843 Ἀλλά
3581 4788 3692 4859 μὴν
3722 4785 3820 4840 οὐκ

412 4882 582 4934 sanat
612 4877 805 4949 ipsum
833 4894 846 4945 ;
881 4877 1056 4930 homo
1087 4875 1264 4946 igitur
1295 4879 1383 4930 est
1412 4876 1793 4948 compositus.

485 5056 570 5110 10.
625 5053 692 5109 Hi
741 5053 975 5125 quidem
1026 5053 1206 5125 igitur
1252 5054 1366 5109 duo
1431 5055 1588 5108 modi
1631 5072 1698 5110 ex
1745 5054 2054 5128 hypothesi

413 5143 888 5216 syllogismowm
947 5150 1103 5210 sunt,
1163 5149 1220 5198 et
1276 5143 1357 5198 sic
1427 5144 1864 5198 constituuntur
1921 5163 2054 5199 cum

403 5233 574 5304 juxta
603 5231 1069 5302 continuitatem,
1102 5239 1166 5286 ut
1196 5233 1416 5287 dictum
1447 5237 1554 5302 est,
1587 5235 2002 5304 producantur.

485 5341 572 5394 11.
632 5340 847 5394 Eorum
904 5344 1100 5394 autem
1159 5341 1257 5411 qui
1316 5341 1640 5396 secundum
1713 5341 2054 5396 distantiam

412 5429 809 5501 proferuntur,
844 5428 941 5482 ubi
973 5427 1146 5482 etiam
1182 5422 1545 5500 conseqUens
1577 5445 1646 5483 ex
1675 5429 1848 5484 rebus
1891 5430 2052 5486 diffe-

411 5517 679 5574 rentibus
709 5519 1117 5582 constet,unus
1145 5521 1234 5570 est
1262 5534 1328 5571 ex
1360 5518 1626 5588 negativa
1658 5519 2056 5588 complexione

411 5608 514 5680 qui
544 5602 834 5679 positione
867 5606 1043 5659 unius
1063 5621 1264 5658 eorum
1297 5622 1420 5676 quae
1450 5607 1668 5660 suntin
1700 5624 2054 5678 consequen-

410 5702 488 5768 te,
521 5694 814 5765 reliquum
847 5696 947 5747 aut
977 5692 1201 5763 reliqua
1230 5699 1502 5758 removet.
1529 5694 1828 5766 Accipitur
1857 5701 2053 5753 autem

411 5784 506 5841 hic
529 5783 741 5839 modus
769 5780 856 5836 vel
881 5782 938 5836 in
966 5781 1142 5836 rebus
1174 5780 1332 5836 nullo
1355 5799 1594 5853 prorsus
1623 5785 1794 5838 modo
1826 5788 2054 5856 Opposi-

410 5875 506 5946 tis,
535 5871 625 5931 vel
673 5871 735 5927 in
767 5871 1015 5927 mediate
1045 5870 1329 5944 Oppositis
1360 5878 1416 5927 et
1465 5872 1724 5928 medium
1751 5873 2050 5931 inﬁnitum

2166 4873 2306 4931 ἔστιν
2336 4875 2541 4930 ἁπλοῦν
2571 4875 2661 4930 καὶ
2696 4872 2973 4949 μονοειδὲς
3001 4875 3064 4930 τὸ
3096 4875 3325 4949 ἰώμενον
3350 4874 3530 4930 αὐτόν’
3563 4874 3817 4939 σύνθετος

2166 4967 2266 5042 ἄρα
2297 4966 2324 5019 ὁ
2359 4966 2658 5039 ἄνθρωπος.

2239 5056 2287 5110 ι’.
2321 5051 2479 5108 Οὗτοι
2517 5055 2609 5127 μὲν
2640 5051 2729 5107 οὖν
2782 5055 2832 5108 οἳ
2883 5050 2978 5108 δύο
3025 5049 3219 5129 τρόποι
3270 5057 3375 5107 τῶν
3409 5052 3460 5123 ἐξ
3506 5052 3814 5115 ὗποθέσεως

2165 5141 2572 5219 συλλογισμῶν,
2605 5141 2692 5197 καί
2740 5142 2882 5197 οὕτω
2933 5142 3266 5197 συνίστανται
3315 5143 3449 5197 κατά
3498 5144 3810 5218 συνέχειαν,

2166 5232 2240 5293 ὡς
2271 5229 2480 5307 εἷ’ρηται
2492 5277 2504 5301 ,
2536 5232 2931 5308 προαγόμενοι.

2241 5340 2322 5395 ια’.
2382 5342 2495 5392 Τῶν
2553 5335 2608 5392 δὲ
2666 5337 3089 5415 προφερομένων
3144 5338 3278 5393 κατά
3336 5335 3646 5411 διάστασιν,
3693 5336 3817 5394 ἔνθα

2163 5428 2251 5480 καὶ
2313 5425 2543 5504 διάφορα
2600 5428 2890 5502 πράγματα
2937 5427 2999 5482 τὸ
3050 5427 3328 5499 ἑπόμενον,
3365 5429 3392 5481 6
3429 5427 3522 5501 μὲν
3575 5424 3716 5481 ἔστιν
3764 5425 3818 5498 ἐξ

2165 5516 2505 5594 ἀποφατικῆς
2557 5513 2880 5589 συμπλοκῆς
2935 5519 3004 5588 τῇ
3051 5515 3185 5571 θέσει
3242 5520 3349 5571 τῶν
3400 5520 3498 5570 τοῦ
3545 5515 3818 5589 ἑπομένου

2164 5605 2281 5666 ένὸς
2337 5605 2568 5681 ἀναιρῶν
2626 5605 2689 5659 τὸ
2744 5601 2947 5681 ἓτερον,
3005 5602 3042 5673 ἤ
3093 5604 3160 5659 τά
3213 5602 3405 5681 ἕτερα.
3466 5600 3817 5678 Λαμϐάνεται

2164 5691 2210 5747 δ’
2250 5693 2405 5756 οὗτος
2451 5693 2486 5763 ἤ
2536 5693 2621 5747 ἐπὶ
2664 5699 2770 5748 τῶν
2824 5691 2953 5767 μηδ’
3003 5692 3148 5756 ὅλως
3198 5694 3578 5766 ἀντικειμένων
3633 5715 3812 5770 πραγ-

2166 5784 2347 5853 μάτων
2505 5783 2591 5836 ἐπὶ
2667 5788 2771 5835 τῶν
2834 5784 3209 5855 ἀντικειμένων
3285 5783 3535 5856 έμμέσως
3600 5783 3690 5838 καὶ
3749 5784 3813 5837 τὸ

2166 5870 2325 5946 μέσον
2375 5871 2612 5948 ἐχόντων
2662 5871 2909 5950 ἀόριστον
2939 5915 2952 5930 .
3015 5872 3134 5926 Έπί
3189 5875 3296 5928 τῶν
3357 5871 3610 5948 έμμέσως
3668 5871 3813 5927 ἀντι-
