4108 6452
352 374 467 452 e77

1693 392 2038 455 EPITOME
2082 394 2360 456 LOGICA
2376 439 2389 454 .

3625 349 3746 453 eis

353 520 633 596 κειμένων,
690 521 780 578 καὶ
837 522 1085 600 ἀόριστον
1144 522 1383 600 ἐχόντων
1443 524 1505 580 τὸ
1563 523 1745 597 μέσον,
1806 524 1997 587 οὕτως·

2125 528 2489 586 habentibus.
2541 529 2603 584 In
2651 527 2901 585 mediate
2924 527 3163 601 quidem
3208 527 3493 601 oppositis
3522 532 3580 585 et
3624 545 3754 587 me-

349 612 407 665 'O
460 611 623 686 κόραξ
684 611 809 689 οὐχὶ
840 614 976 686 (καὶ)
1009 613 1201 674 λευκὸς
1244 614 1333 668 καὶ
1388 612 1557 687 μέλας
1613 614 1773 669 ἐστίν.
1827 613 2002 669 Ἀλλά

356 701 461 773 μὴν
494 700 682 773 μέλας·
716 700 815 756 οὐκ
872 700 974 778 ἄρα
1029 700 1243 764 λευκός.
1297 703 1397 757 Καὶ
1455 703 1641 758 πάλιν·
1692 705 1747 756 Ὀ
1803 702 2001 764 κύκνος

354 789 481 865 οὐχὶ
529 790 617 845 καὶ
663 789 852 852 λευκὸς
910 791 998 846 καὶ
1060 791 1228 864 μέλας
1294 790 1425 865 έστῖ,
1481 793 1570 847 καὶ
1648 791 1833 868 κιρῥὸς
1911 792 2001 846 καὶ

353 878 531 957 φαιός.
565 877 743 935 Ἀλλᾶ
787 881 893 952 μὴν
949 879 1159 942 λευκός·
1222 882 1319 936 οὐκ
1374 879 1475 957 ἄρα
1529 883 1597 935 τὰ
1654 880 1840 937 λοιπὰ.
1878 881 2000 935 Ἐπὶ

351 973 457 1022 τῶν
496 967 594 1023 οὐκ
625 969 1007 1041 ἀντικειμένων
1058 969 1246 1031 οὕτως·
1291 971 1361 1024 Τὸ
1410 971 1685 1045 ὁρώμενον
1738 968 1864 1044 οὐχὶ
1913 967 2000 1023 καί

353 1057 632 1133 ἅνθρωπος
670 1056 758 1111 καὶ
782 1056 955 1119 ’ίππος
1003 1058 1091 1112 καὶ
1146 1060 1278 1132 βοῦς
1310 1059 1398 1113 καὶ
1448 1056 1593 1113 κύων
1636 1056 1795 1115 ἐστίν.
1831 1056 2003 1114 Ἀλλὰ

358 1146 463 1218 μὴν
524 1147 826 1221 ἅνθρωπος·
887 1146 987 1201 οὐκ
1039 1147 1141 1221 ἄρα
1193 1148 1261 1201 τὰ
1314 1144 1488 1222 ἕτερα.
1535 1147 1633 1202 Καὶ
1687 1148 1843 1208 οὗτος
1906 1146 1998 1218 μὶν

350 1233 533 1310 τρίτος
559 1233 765 1310 τρόπος
792 1239 901 1289 τῶν
936 1235 1289 1299 ὑποθετικῶν.

426 1341 517 1417 ιβ’.
550 1342 810 1416 Τέταρτος
843 1342 871 1396 6
904 1341 964 1397 ἐκ
1010 1339 1382 1411 διαζευκτικοῦ
1429 1347 1498 1417 τῇ
1551 1343 1691 1398 θέσει
1746 1348 1852 1398 τῶν
1904 1347 2001 1398 τοῦ

355 1430 625 1503 ὶπομένου
657 1430 774 1493 ἑνὸς
804 1430 867 1485 τὸ
898 1428 1092 1486 λοιπὸν
1123 1432 1359 1508 ἀναιρων
1406 1433 1441 1501 ἢ
1476 1433 1542 1488 τὰ
1601 1431 1788 1490 λοιπά.
1847 1440 1999 1504 Λαμ-

354 1515 570 1575 6άνεται
628 1517 675 1574 δ’
722 1519 879 1581 οὗτος
931 1519 1018 1574 έπί
1073 1541 1131 1575 τε
1185 1525 1294 1576 τῶν
1322 1521 1537 1594 ἀμέσως
1595 1522 1999 1593 ἀντικειμένων,

355 1609 444 1665 ἐπί
505 1630 567 1663 τε
628 1613 736 1663 τῶν
810 1608 1083 1682 έμμέσως,
1136 1609 1243 1666 ἀλλ
1289 1610 1590 1685 ὡρισμένον
1649 1609 1887 1684 ἐχόντων
1938 1608 2001 1663 τὸ

359 1699 544 1772 μέσον.
577 1697 675 1752 Καὶ
720 1697 936 1770 ἀμέσως
989 1699 1107 1770 μὲν,
1141 1698 1237 1770 ὡς,
1270 1699 1327 1751 Ὀ
1378 1695 1506 1752 δέκα
1552 1700 1586 1766 ἢ
1633 1695 1818 1773 ἄρτιός
1859 1696 1998 1751 ἐστιν

354 1786 689 1863 ἢπεριττός.
751 1784 925 1843 Ἀλλὰ
978 1788 1084 1859 μὴν
1146 1784 1354 1863 ἄρτιος·
1414 1786 1512 1841 οὐκ
1567 1784 1668 1861 ἄρα
1726 1786 1996 1861 περιττός.

356 1875 646 1969 Ἔμμέσως
706 1872 764 1930 δὲ
820 1875 1311 1969 καῖ’-ὡρισμένως,
1362 1878 1498 1947 οἷον,
1531 1874 1684 1969 *Τόδε
1762 1871 1923 1969 τοῦδε
1968 1874 2003 1942 ἢ
2034 1906 2081 1969 Β

361 1964 542 2039 μεῖζόν
605 1963 768 2035 ἐστιν,
818 1966 853 2033 ἢ
900 1963 1144 2036 ἔλαττον,
1198 1966 1233 2033 ἣ
1286 1961 1415 2022 ἴσον.
1464 1964 1642 2021 Ἀλλὰ
1711 1964 1817 2037 μήν
1888 1959 2001 2018 ἴσον

353 2054 543 2131 τυχόν·
579 2052 679 2108 οὐκ
706 2050 808 2129 ἄρα
842 2058 1024 2126 μεῖζον
1058 2051 1171 2108 οὐδ’
1202 2051 1447 2110 ἔλαττον.

431 2165 515 2220 ιγ.
562 2142 819 2216 Πέμπτος
866 2142 1070 2218 τρόπος
1113 2142 1140 2196 6
1191 2142 1251 2198 ἐκ
1298 2139 1687 2212 διαζευκτικοῦ,
1735 2144 1806 2215 τῇ
1864 2141 2007 2195 ἀναι-

357 2234 500 2309 ρέσει
552 2235 661 2287 τῶν
691 2235 789 2285 τοῦ
818 2231 1087 2303 ἑπομένου
1119 2231 1255 2299 ἑνὸς,
1289 2232 1324 2299 ἢ
1378 2230 1602 2285 καὶτῶν
1637 2226 1821 2286 ἄλλων
1861 2230 2006 2304 παρὰ

353 2323 415 2377 τὸ
444 2320 521 2393 ἓν,
554 2320 814 2398 εἰσφέρων
843 2321 906 2374 τὸ
937 2318 1152 2376 λοιπόν.
1188 2314 1528 2393 Λαμϐάνεται
1589 2316 1646 2373 δὲ
1701 2318 1788 2372 καὶ
1847 2318 2003 2379 οὗτος

356 2411 437 2487 ἐφ’
495 2410 569 2464 ὧν
624 2409 717 2463 καὶ
761 2408 1089 2484 ὁτέταρτος·
1125 2410 1261 2481 οἷον,
1292 2410 1348 2461 '0
1509 2410 1543 2476 ἢ
1597 2405 1779 2482 ἄρτιός
1839 2407 2001 2478 ἐστιν,

355 2501 395 2568 ἢ
446 2496 719 2573 περιττός.
772 2494 949 2554 Ἀλλὰ
1009 2499 1116 2569 μὴν
1170 2497 1269 2551 οὐκ
1317 2493 1427 2551 ἔστι
1484 2496 1756 2572 περιττός.
1819 2493 2001 2571 ἄρτιος

356 2588 477 2662 ἄρα.
511 2586 610 2641 Καὶ
670 2583 855 2640 πάλιν·
888 2591 942 2638 Ὁ
1077 2588 1111 2655 ἣ
1138 2585 1351 2647 τέλειός
1405 2584 1570 2655 ἐστιν,
1602 2588 1636 2653 ἣ
1691 2584 1911 2655 ἀτελὴς,
1969 2586 2004 2653 ἢ

358 2674 681 2752 ὑπερτελής.
713 2672 889 2731 Ἀλλᾶ
949 2676 1055 2748 μὴν
1108 2672 1220 2730 οὔτ’
1270 2674 1488 2747 ἀτελὴς,
1520 2672 1634 2738 οὔθ’
1677 2672 1999 2749 ὑπερτελής·

354 2760 565 2828 τέλειός
598 2762 739 2819 ἐστιν
772 2762 893 2838 ἄρα.

433 2940 517 3001 ιδ’.
545 2942 706 2997 Οὗτοι
753 2940 929 2996 τοίνυν
979 2942 1030 2995 οἱ
1072 2947 1220 3018 τρεῖς
1265 2941 1480 3016 τρόποι,
1533 2942 1669 2996 κατὰ
1739 2938 1999 3010 διάζευξιν

362 3031 703 3107 ὑπάρχοντες
732 3030 820 3084 καὶ
855 3028 1147 3102 διάστασιν,
1180 3030 1321 3085 οὕτω
1352 3030 1732 3108 προφέρονται.

435 3122 511 3178 ιε’.
552 3119 651 3175 Καὶ
702 3120 805 3193 γὰρ
859 3117 948 3173 ὅτε
1005 3117 1276 3193 μηδαμῶς
1335 3118 1655 3173 ἀντίκεινται
1710 3120 1777 3174 τὰ
1830 3119 1999 3193 πράγ-

360 3228 521 3281 ματα,
568 3209 603 3277 ἢ
649 3206 969 3263 ἀντίκεινται
1013 3208 1132 3279 μὶν,
1174 3206 1301 3263 ἀλλ’
1346 3206 1599 3280 έμμέσως
1648 3207 1737 3261 καὶ
1793 3207 1855 3260 τὸ
1908 3208 2001 3279 μέ-

2110 618 2271 673 dium
2325 618 2620 673 infinitum
2678 618 3029 674 habentibus
3086 620 3209 684 sic;
3251 622 3467 675 Corvus
3521 636 3634 674 non
3693 622 3753 676 et

2110 708 2275 779 niger
2302 712 2359 763 et
2387 708 2558 762 albus
2587 712 2693 763 est.
2726 708 2898 779 Atqui
2930 708 3096 781 niger
3123 712 3247 777 est;
3274 709 3423 765 365
3469 725 3582 765 non
3613 724 3751 781 ergo

2112 796 2300 851 albus.
2333 798 2403 851 Et
2428 796 2641 851 iterum
2677 813 2689 850 :
2717 796 2948 869 Cygnus
2978 814 3092 853 non
3124 801 3181 853 et
3220 798 3387 853 albus
3417 799 3473 853 et
3501 798 3666 869 niger
3695 802 3753 855 et

2110 884 2306 940 fulvus
2340 889 2397 939 et
2429 885 2629 940 fuscus
2660 886 2945 956 est.Atqui
2976 885 3180 952 albus;
3215 903 3329 941 non
3360 902 3496 958 ergo
3522 891 3746 943 caetera.

2113 973 2173 1028 In
2208 973 2280 1028 iis
2311 990 2437 1044 quae
2469 990 2585 1027 non
2617 978 2991 1044 opponuntur
3020 973 3104 1029 sic
3129 990 3140 1028 :
3169 975 3328 1038 Quod
3361 973 3610 1044 videtur,
3634 992 3750 1030 non

2110 1067 2167 1116 et
2196 1062 2369 1117 homo
2402 1067 2456 1116 et
2484 1063 2589 1116 bos
2620 1066 2677 1115 et
2705 1062 2864 1116 canis
2895 1066 3001 1117 est.
3016 1063 3191 1134 Atqui
3221 1063 3435 1133 homo;
3468 1080 3583 1119 non
3614 1079 3749 1135 ergo

2110 1154 2167 1205 et
2215 1155 2439 1205 caetera.
2474 1151 2540 1205 Et
2594 1150 2687 1205 hic
2716 1151 2953 1222 quidem
2986 1151 3193 1207 tertius
3240 1152 3748 1225 hypotheticorum

2111 1240 2322 1295 modus
2352 1244 2459 1295 est.

2183 1347 2529 1411 12.Quartus
2558 1345 2659 1417 qui
2686 1363 2754 1402 ex
2782 1346 3130 1417 disjunctivo
3162 1352 3434 1403 constans
3465 1348 3752 1421 positione

2111 1435 2287 1489 unius
2338 1451 2539 1490 eorum
2571 1451 2698 1506 quae
2747 1439 2886 1490 sunt
2913 1435 2973 1489 in
3014 1440 3424 1508 consequente,
3459 1436 3751 1509 reliquum

2112 1527 2212 1578 aut
2239 1522 2468 1594 reliqua
2511 1526 2783 1578 removet.
2816 1524 3109 1595 Accipitur
3157 1528 3351 1580 autem
3384 1524 3479 1581 hic
3523 1541 3656 1581 cum
3688 1525 3749 1582 in

2110 1612 2183 1667 iis
2217 1628 2346 1683 quae
2377 1611 2732 1682 immediate,
2756 1617 2881 1667 tum
2914 1630 3041 1684 quae
3070 1612 3321 1669 mediate
3351 1618 3757 1685 opponuntur,

2112 1702 2212 1756 sed
2244 1701 2499 1756 medium
2531 1701 2762 1755 finitum
2794 1701 3107 1757 habent.Et
3127 1702 3464 1758 immediate
3488 1703 3749 1774 quidem,

2111 1793 2195 1857 ut,
2230 1793 2435 1844 Decem
2488 1794 2589 1844 aut
2616 1806 2722 1859 par
2751 1795 2852 1844 aut
2881 1790 3072 1861 impar
3117 1794 3223 1846 est.
3251 1791 3427 1863 Atqui
3459 1809 3601 1863 par;
3634 1808 3749 1848 non

2110 1893 2246 1949 ergo
2295 1878 2503 1949 impar.
2538 1878 2786 1934 Mediate
2837 1883 3034 1934 autem
3065 1884 3124 1935 et
3152 1879 3336 1946 ﬁnite,
3380 1880 3555 1936 veluti
3589 1897 3601 1935 :
3634 1880 3753 1937 Hoc

2114 1966 2213 2022 illo
2263 1972 2361 2022 aut
2391 1968 2584 2037 majus
2614 1972 2721 2033 est,
2758 1972 2860 2022 aut
2909 1968 3105 2024 minus
3151 1973 3254 2023 aut
3298 1968 3540 2040 aequale.
3572 1969 3753 2042 Atqui

2116 2055 2335 2127 aequale
2366 2057 2629 2111 fortassis
2658 2074 2671 2123 ;
2706 2073 2821 2112 non
2853 2072 2988 2129 ergo
3019 2057 3214 2128 majus
3246 2073 3434 2129 neque
3463 2057 3680 2114 minus.

2190 2145 2273 2199 13.
2308 2144 2557 2207 Quintus
2612 2145 2821 2201 modus
2853 2145 2951 2216 qui
2984 2162 3051 2200 ex
3098 2145 3446 2217 disjunctivo
3477 2150 3757 2203 constans

2117 2236 2433 2290 remotiore
2485 2234 2663 2289 unius
2693 2250 2893 2290 eorum
2933 2252 3059 2305 quae
3089 2239 3227 2290 sunt
3252 2235 3311 2289 in
3361 2240 3755 2307 consequente

2116 2326 2216 2377 aut
2247 2322 2492 2378 aliorum
2523 2327 2729 2393 praeter
2758 2340 2964 2393 unum,
2994 2324 3166 2378 infert
3196 2318 3755 2397 reliquum.Accipi-

2114 2416 2209 2465 tur
2238 2417 2437 2467 autem
2467 2417 2521 2467 et
2549 2411 2643 2466 hic
2677 2412 2747 2467 iis
2770 2412 2829 2466 in
2863 2413 3037 2467 rebus
3067 2413 3128 2467 in
3160 2414 3375 2484 quibus
3405 2419 3463 2468 et
3482 2418 3752 2484 quartus.

2113 2499 2307 2555 Veluti
2342 2519 2353 2556 :
2388 2501 2498 2556 Sex
2544 2504 2645 2555 aut
2673 2517 2777 2572 par
2806 2505 2895 2556 est
2923 2505 3025 2556 aut
3053 2500 3260 2572 impar.
3300 2500 3476 2572 Atqui
3518 2518 3635 2557 non
3664 2507 3755 2559 est

2112 2588 2340 2660 impar;
2373 2605 2507 2661 ergo
2539 2589 2738 2660 par.Et
2765 2589 2977 2645 iterum
3012 2607 3025 2645 :
3060 2590 3169 2644 Sex
3202 2594 3303 2644 aut
3332 2590 3621 2661 perfectus
3650 2595 3753 2647 aut

2112 2679 2266 2733 886
2298 2678 2694 2750 imperfectus,
2727 2683 2829 2733 aut
2858 2678 3170 2750 plusquam
3202 2679 3493 2749 perfectus
3523 2682 3611 2735 est
3628 2680 3753 2751 (nu-

2112 2766 2351 2838 merus).
2386 2767 2561 2838 Atqui
2590 2783 2780 2838 neque
2811 2767 3405 2838 imperfectus,neque
3433 2766 3749 2839 plusquam

2111 2857 2400 2927 perfectus
2427 2873 2441 2923 ;
2472 2855 2653 2927 igitur
2682 2856 2973 2927 perfectus
3002 2859 3108 2910 est.

2186 2945 2270 3000 14.
2308 2944 2371 2998 [li
2419 2944 2602 3016 igitur
2630 2948 2750 2999 tres
2803 2944 2959 2999 modi
2987 2944 3086 3016 qui
3136 2961 3205 2999 ex
3252 2944 3645 3015 disjunctione
3693 2947 3753 2999 et

2112 3033 2393 3089 distantia
2422 3036 2579 3100 sunt,
2613 3033 2695 3087 ita
2724 3032 3117 3104 proferuntur.

2183 3124 2270 3177 15.
2299 3122 2444 3177 Cum
2493 3120 2650 3176 enim
2681 3137 2773 3176 res
2820 3136 3192 3192 nequaquam
3223 3124 3617 3194 opponuntur,
3651 3124 3753 3178 aut

2116 3216 2492 3283 opponuntur
2506 3210 2745 3281 quidem
2775 3210 2876 3266 sed
2908 3210 3157 3266 mediate
3186 3214 3243 3265 et
3272 3210 3532 3266 medium
3562 3209 3754 3266 inﬁni-

358 3318 449 3352 σον
496 3296 747 3373 ἀόριστον
810 3293 1049 3372 ἔχουσιν·
1100 3294 1358 3351 ἀδύνατον
1407 3296 1529 3351 τότε
1582 3302 1742 3351 πᾶσιν
1789 3295 2002 3365 ἐπεξελ-

2292 3272 2541 3366 Ιπώοιιῑξ
2564 3299 2687 3354 ﬁeri
2717 3314 2832 3354 non
2865 3303 3077 3369 potest,
3110 3302 3175 3354 ut
3224 3303 3364 3353 tunc
3395 3298 3595 3354 omnia
3622 3314 3752 3370 per-

358 3388 493 3453 θεῖν,
551 3386 640 3441 καὶ
702 3383 790 3440 διὰ
841 3390 1002 3441 τοῦτο
1081 3383 1462 3455 διαζευκτικῶς
1533 3384 1633 3440 οὐκ
1683 3379 1792 3439 ἔστι
1843 3380 2006 3439 ταῦτα

358 3479 714 3551 προαγαγεῖν·
766 3470 879 3528 οὔτ’
910 3471 975 3528 αὖ
1022 3478 1092 3548 τῇ
1143 3474 1409 3547 ἀναιρέσει
1453 3479 1550 3529 τοῦ
1591 3474 1774 3547 ἑτέρου
1821 3475 1855 3542 ἢ
1898 3478 2005 3527 τῶν

360 3565 559 3639 ἑτέρων
613 3563 918 3638 εἰσαγαγεῖν
948 3565 1008 3617 τὸ
1040 3561 1255 3619 λοιπόν.
1290 3562 1425 3618 Οὐδὲ
1467 3564 1590 3639 γὰρ,
1624 3562 1669 3616 εἰ
1726 3564 1802 3635 μὴ
1863 3559 2003 3616 ἔστιν

359 3651 670 3728 ἄνθρωπος,
702 3648 812 3720 1ἤδη
840 3649 1012 3713 ’ίππος
1043 3650 1199 3706 ἐστίν·
1234 3648 1345 3705 οὔτ’
1374 3649 1438 3705 αὗ
1479 3651 1527 3705 εἴ
1570 3650 1668 3705 οὐκ
1712 3649 1821 3705 ἔστι
1881 3650 2004 3705 λευ-

358 3742 453 3796 κὸν
480 3743 516 3809 ἣ
549 3738 740 3813 μέλαν,
781 3735 929 3794 ἔσται
981 3740 1155 3817 φαιόν·
1186 3739 1365 3795 τοίνυν
1412 3740 1529 3794 ἀντὶ
1586 3741 1681 3811 μὲν
1735 3743 1832 3793 τοῦ
1890 3736 2004 3793 δια-

360 3832 639 3899 ζευκτικοῦ
698 3829 967 3904 χρηστέον
1022 3832 1092 3902 τῇ
1143 3836 1243 3898 τῆς
1300 3828 1618 3906 ἀποφάσεως
1684 3825 2001 3901 συμπλοκῇ·

354 3922 426 3991 τῇ
478 3916 617 3981 θέσει
668 3914 726 3971 δὲ
773 3921 873 3971 τοῦ
922 3917 1106 3993 ἑτέρου
1149 3916 1213 3970 τὸ
1258 3913 1440 3992 ἕτερον
1501 3916 1803 3992 ἀναιρετέον
1862 3917 1896 3985 ἣ
1940 3917 2007 3970 τὰ

355 4003 533 4083 ἕτερα.
566 4005 711 4060 Οἴον·
746 4004 886 4080 Ούχὶ
916 4005 1006 4060 καὶ
1035 4004 1179 4059 κύων
1226 4005 1316 4059 καὶ
1368 4004 1531 4067 λύκος
1587 4004 1695 4060 ἐστὶ
1747 4005 1809 4059 τὸ
1864 4004 2004 4080 ὁρώ-

364 4113 544 4168 μενον·
580 4092 725 4150 ἀλλὰ
760 4095 865 4167 μὴν
918 4094 1104 4155 λύκος·
1139 4093 1238 4147 οὐκ
1292 4092 1396 4170 ἄρα
1450 4093 1617 4149 κύων.
1666 4094 1764 4148 Καὶ
1816 4092 2001 4148 πάλιν

359 4182 471 4239 Οὐκ
516 4180 740 4259 ἐρυθρὰν
786 4184 848 4237 τὸ
895 4182 1025 4237 αὐτὸ
1071 4183 1205 4257 (καὶ)
1258 4176 1532 4259 φοινικοῦν
1602 4182 1856 4257 ὑπάρχει,
1915 4183 2006 4236 καὶ

356 4275 695 4351 πορφυροῦν,
745 4271 836 4326 καὶ
885 4270 1093 4347 ὠχρόν.
1154 4270 1333 4327 Ἀλλὰ
1391 4273 1498 4345 μήν
1559 4274 1857 4349 φοινικοῦν·
1909 4270 2007 4325 οὐκ

359 4358 461 4437 ἄρα
488 4362 556 4416 τὰ
581 4357 760 4438 ἕτερα.

432 4449 519 4515 ις’.
550 4451 677 4504 ’Ὀτε
727 4445 785 4504 δὲ
828 4449 862 4518 ἢ
914 4448 1129 4520 ἀμέσως
1195 4448 1513 4504 ἀντίκεινται
1586 4448 1653 4502 τὰ
1717 4450 2008 4524 πράγματα

358 4539 393 4607 ἢ
441 4535 695 4611 έμμέσως
743 4537 857 4610 μὶν,
908 4536 1206 4613 ὡρισμένον
1258 4535 1315 4591 δὲ
1358 4538 1421 4591 τὸ
1491 4536 1648 4609 μέσον
1711 4536 1848 4592 ἐστὶν
1910 4536 2002 4591 αύ-

2115 3404 2420 3445 curramus
2454 3404 2468 3443 :
2501 3390 2557 3442 et
2586 3404 2653 3443 ea
2682 3388 2753 3442 de
2782 3404 2960 3443 causa
2991 3404 3107 3443 non
3136 3386 3270 3443 licet
3299 3386 3420 3442 ulla
3450 3386 3755 3459 disjuncti-

2115 3494 2183 3533 ve
2233 3477 2506 3548 proferre,
2538 3492 2725 3548 neque
2772 3476 2948 3531 etiam
2998 3476 3317 3531 remotione
3371 3476 3612 3531 alterius
3666 3474 3754 3531 vel

2115 3564 2365 3620 aliorum
2397 3563 2687 3634 reliquum
2730 3564 2979 3630 inferre;
3012 3579 3200 3636 neque
3230 3564 3408 3635 enim,
3442 3563 3493 3619 si
3523 3580 3637 3620 non
3666 3566 3759 3620 est

2114 3653 2580 3723 homo,prolinus
2609 3668 2792 3721 equus
2820 3655 2925 3707 est.
2960 3652 3157 3723 Neque
3188 3667 3414 3717 rursus,
3439 3652 3489 3708 si
3521 3669 3638 3707 non
3668 3655 3759 3708 est

2112 3742 2311 3797 album
2345 3750 2445 3796 aut
2471 3741 2962 3812 nigrum,fuscum
2993 3742 3140 3808 erit;
3164 3758 3267 3813 pro
3289 3740 3643 3812 disjunctive.
3662 3757 3757 3797 ne-

2115 3830 2367 3903 gationis
2398 3829 2795 3901 complexione
2825 3830 3108 3884 utendum
3135 3848 3148 3898 ;
3174 3829 3348 3885 unius
3378 3833 3576 3885 autem
3606 3829 3757 3902 posi-

2114 3918 2270 3975 tione
2291 3919 2579 3991 reliquum
2600 3923 2701 3974 aut
2721 3917 2944 3990 reliqua
2965 3918 3529 3975 removenda.Veluti
3553 3935 3566 3973 :
3591 3920 3754 3985 Quod

2112 4007 2342 4063 videtur
2389 4025 2505 4064 non
2552 4006 2729 4063 simul
2780 4012 2838 4062 et
2884 4008 3046 4063 canis
3092 4012 3148 4063 et
3194 4008 3371 4080 lupus
3418 4012 3527 4064 est.
3577 4007 3758 4080 Atqui

2116 4097 2291 4168 lupus
2340 4101 2465 4163 est;
2498 4113 2612 4151 non
2664 4112 2800 4169 ergo
2840 4096 2998 4153 canis
3029 4102 3136 4152 est.
3188 4097 3257 4152 Et
3303 4097 3516 4153 iterum
3548 4113 3562 4151 ι
3597 4097 3754 4152 idem

2116 4202 2231 4241 non
2263 4190 2320 4241 et
2349 4186 2592 4240 rubrum
2624 4189 2682 4240 et
2712 4185 3025 4258 puniceum
3050 4189 3107 4240 et
3136 4201 3495 4258 purpureum
3517 4189 3574 4240 et
3594 4184 3757 4257 palli-

2116 4275 2257 4329 dum
2290 4274 2534 4330 exsistit.
2564 4273 2733 4345 Atqui
2766 4274 3079 4345 puniceum
3105 4292 3118 4341 ;
3144 4291 3259 4329 non
3288 4289 3425 4346 ergo
3455 4276 3680 4329 caetera.

2188 4452 2274 4505 16.
2307 4450 2548 4514 Quando
2570 4454 2766 4505 autem
2790 4454 2889 4506 aut
2910 4449 3246 4506 immediate
3267 4466 3358 4506 res
3378 4452 3758 4522 opponuntur

2119 4545 2221 4595 aut
2250 4540 2501 4595 mediate
2532 4539 2790 4611 quidem,
2825 4540 2924 4595 sed
2956 4539 3188 4594 ﬁnitum
3214 4538 3432 4594 habent
3473 4538 3754 4610 medium,

357 4630 496 4694 τοῖς,
524 4624 649 4680 τότε
680 4621 1069 4694 διαζευκτικῶς
1108 4628 1574 4702 προαχθήσονται·
1624 4625 1713 4679 καὶ
1771 4627 1846 4698 μὴ
1908 4625 2003 4698 μό-

2125 4634 2256 4683 tunc
2287 4629 2635 4697 disjunctive
2666 4629 3060 4699 producentur
3084 4651 3097 4693 ;
3121 4642 3226 4681 nec
3256 4631 3485 4681 tantum
3517 4626 3756 4699 positio-

358 4735 449 4769 νον
504 4712 915 4790 ἀναιρεθήσεται
975 4714 1038 4768 τὸ
1099 4711 1280 4790 ἕτερον
1344 4716 1378 4783 ἦ
1422 4716 1489 4768 τὰ
1541 4711 1696 4790 ’ἕτερα
1749 4719 1818 4787 τῇ
1869 4713 2008 4778 θέσει

356 4806 455 4858 τοῦ
486 4802 624 4875 ἰνὸς,
660 4801 916 4858 ἀλλὰκαὶ
969 4806 1038 4877 τῇ
1093 4802 1353 4879 ἀναιρέσει
1411 4808 1519 4858 τῶν
1576 4801 1760 4857 ἄλλων
1791 4804 2009 4873 τεθήσε-

356 4912 446 4946 ται
476 4892 539 4946 τὸ
570 4890 919 4965 λειπόμενον.

432 4984 514 5049 ιζ’.
560 4982 786 5055 Ἕτερος
832 4979 1035 5057 τρόπος
1102 4982 1248 5058 παρὰ
1310 4979 1436 5043 τοὺς
1501 4978 1822 5056 εἰρημένους
1872 4982 1899 5035 ὁ
1955 4980 2006 5050 έξ

358 5064 505 5123 ὅλων
541 5062 844 5141 ὑποθέσεων
886 5069 1172 5134 συνεστὼς,
1207 5069 1265 5131 ’ὀς
1310 5069 1399 5123 καὶ
1450 5067 1517 5122 δι’
1567 5068 1699 5123 ὅλου
1759 5069 2007 5123 ὑποθετι-

354 5156 449 5218 κὸς
485 5155 828 5230 ὀνομάζεται,
860 5155 1172 5234 πρόσληψιν
1236 5159 1310 5230 μὴ
1362 5156 1529 5233 ἔχων,
1563 5156 1690 5211 ἀλλ’
1748 5156 1796 5229 ἐξ
1841 5160 2006 5232 ἡγου-

360 5245 533 5319 μένων
561 5245 651 5300 καὶ
687 5244 967 5319 ἑπομένων
1002 5245 1329 5319 ποιούμενος
1358 5248 1421 5301 τὸ
1447 5246 1827 5319 συμπέρασμα.

430 5353 520 5421 ιη’.
573 5350 814 5407 Δείκνυσι
866 5350 945 5422 δὲ,
994 5352 1136 5415 τίνος
1206 5349 1381 5425 ὄντος,
1427 5352 1478 5407 τί
1531 5351 1671 5406 ἔστιν
1726 5354 1760 5420 ἢ
1807 5353 1859 5406 τί
1911 5352 2009 5407 οὐκ

358 5439 524 5512 ἔστιν,
556 5440 707 5503 αὖθίς
751 5462 811 5496 τε
863 5441 1008 5503 τίνος
1068 5442 1144 5514 μὴ
1199 5438 1375 5513 ὄντος,
1419 5442 1472 5496 τί
1531 5440 1670 5497 ἔστιν
1731 5443 1765 5511 ἢ
1808 5441 1860 5495 τί
1911 5442 2009 5496 οὐκ

358 5528 492 5587 ἔστι.

438 5619 519 5676 ιϐ’.
550 5618 648 5673 Καὶ
675 5618 823 5681 τίνος
857 5620 950 5688 μὲν
979 5615 1132 5679 ὄντος
1180 5618 1233 5671 τί
1283 5618 1441 5688 ἐστιν,
1474 5618 1664 5680 οὕτως·
1704 5618 1761 5673 Εἰ
1802 5619 1830 5671 6
1877 5618 2005 5678 Οεὸς

366 5703 596 5780 δίκαιος,
630 5704 982 5769 ἀνταπόδοσίς
1014 5706 1121 5761 ἐστι
1171 5711 1277 5761 τῶν
1339 5703 1709 5783 βεϐιωμένων·
1753 5706 1795 5760 εἰ
1851 5705 2004 5760 ἀντα-

2118 4734 2189 4772 ne
2215 4718 2391 4772 unius
2438 4716 2727 4787 reliquum
2758 4720 2861 4770 aut
2887 4714 3112 4786 reliqua
3140 4715 3614 4783 removebuntur,
3653 4714 3756 4771 sed

2118 4807 2291 4862 etiam
2324 4811 2661 4861 caaterorum
2693 4804 3011 4861 remotione
3041 4805 3195 4875 quod
3226 4803 3515 4875 reliquum
3546 4807 3636 4860 est
3655 4819 3756 4877 po-

2117 4898 2305 4949 netur.

2188 4983 2337 5037 367
2376 4983 2463 5035 17.
2495 4979 2662 5035 Alius
2715 4980 2924 5035 modus
2973 4984 3063 5035 est
3094 4996 3127 5034 a
3155 4978 3325 5034 dictis
3358 4979 3456 5050 qui
3504 4996 3575 5035 ex
3619 4978 3759 5035 totis

2117 5070 2540 5143 hypothesibus
2588 5072 2837 5138 constat,
2870 5068 2967 5137 qui
2998 5067 3174 5123 etiam
3205 5084 3273 5123 ex
3299 5072 3419 5123 toto
3474 5067 3759 5141 hypothe-

2115 5160 2289 5225 ticus,
2321 5158 2419 5230 qui
2454 5175 2568 5213 non
2597 5157 2772 5212 habet
2801 5157 3262 5227 assumptionem
3301 5156 3403 5212 sed
3434 5172 3502 5211 ex
3531 5160 3759 5213 antece-

2118 5248 2392 5304 dentibus
2421 5251 2479 5301 et
2508 5245 3000 5316 consequentibus
3031 5242 3463 5301 conclusionem
3504 5244 3757 5302 conficit.

2190 5356 2275 5408 18.
2311 5352 2575 5407 Ostendit
2622 5355 2815 5406 autem
2843 5352 2996 5422 quod
3028 5350 3340 5406 exsistente
3370 5351 3511 5423 quid
3542 5352 3621 5407 sit
3657 5357 3760 5408 aut

2117 5440 2255 5513 quid
2289 5458 2403 5496 non
2435 5440 2511 5495 sit
2535 5446 2619 5507 ;et
2646 5456 2851 5494 rursus
2881 5456 2996 5509 quo
3028 5456 3140 5495 non
3176 5439 3490 5496 exsistente
3520 5440 3661 5511 quid
3684 5440 3762 5497 sit

2117 5535 2219 5585 aut
2248 5531 2388 5601 quid
2420 5547 2531 5584 non
2565 5528 2659 5584 sit.

2189 5620 2274 5673 19.
2309 5619 2379 5673 Et
2423 5619 2658 5690 quidem
2692 5604 2807 5689 quo
2857 5617 3169 5674 exsisteute
3215 5617 3355 5689 quid
3388 5618 3483 5687 sit,
3535 5617 3617 5674 ita
3646 5635 3660 5672 :
3696 5618 3755 5673 Si

2119 5712 2269 5764 Deus
2300 5712 2389 5765 est
2404 5710 2770 5780 justus,tunc
2794 5707 2972 5763 invita
2994 5708 3277 5763 factorum
3303 5711 3393 5763 est
3415 5705 3716 5763 retributio
3741 5724 3754 5775 ;
