4108 6490
364 331 485 393 979

1608 332 2034 397 NICEPHORI
2078 331 2516 396 BLEMMIDIE

3639 327 3772 389 980

366 467 417 522 si
445 465 507 521 in
538 464 660 521 vita
677 464 962 523 factorum
991 469 1082 522 est
1102 465 1632 535 retributio,anima
1652 467 2000 524 immortalis
2030 520 2038 534 Α

2126 461 2337 526 πόδοσίς
2371 463 2477 519 ἐστι
2537 466 2643 518 τῶν
2703 456 3072 538 βεϐιωμένων,
3104 457 3365 530 ἀθάνατος
3422 459 3458 528 ἡ
3490 460 3668 535 ψυχή·
3710 459 3768 514 εἰ

367 560 495 622 est;
526 555 575 610 si
605 570 741 627 ergo
774 559 926 610 Deus
948 556 1152 625 justus
1177 559 1286 626 est,
1308 557 1503 611 anima
1522 555 1873 612 immortalis
1894 561 2000 612 est.

370 644 493 709 Quo
523 643 833 700 exsistente
861 642 1002 715 quid
1033 660 1146 699 non
1177 644 1361 713 sit,ita
1392 663 1405 699 :
1440 645 1498 701 Si
1531 646 1727 699 anima
1759 646 2008 701 rationa-

367 733 444 790 lis
490 737 580 788 est
632 748 665 788 ο.
716 748 779 788 se
825 731 1081 798 mobilis,
1129 750 1430 805 nunquam
1492 734 1816 790 constiterit
1863 735 2007 806 quin

367 825 703 891 moveatur;
736 821 784 877 si
817 839 1119 893 nunquam
1152 823 1476 878 constiterit
1509 823 1650 895 quin
1684 828 2003 891 moveatur,

367 928 483 967 non
514 911 1005 983 corrumpetur.Si
1034 912 1213 984 igitur
1241 913 1439 967 anima
1459 913 1759 968 rationalis
1780 919 1869 968 est
1889 931 1922 968 a
1946 928 2007 968 se

365 999 623 1071 mobilis,
646 1017 761 1055 non
793 1004 1346 1073 corrumpetur.Quo
1377 1019 1491 1056 non
1524 1003 1836 1057 exsistente
1866 1002 2005 1073 quid

368 1091 469 1157 sit,
500 1088 585 1145 ita
616 1106 630 1145 :
663 1089 721 1145 Si
773 1105 886 1145 non
919 1094 1009 1145 est
1036 1090 1183 1157 dies,
1218 1107 1329 1146 nox
1380 1096 1504 1158 est;
1537 1091 1584 1147 si
1619 1109 1734 1146 nox
1779 1097 1888 1160 est,
1921 1082 2006 1146 so'l

366 1178 521 1235 infra
565 1182 782 1234 terram
811 1183 919 1234 est.
951 1179 1009 1234 Si
1054 1179 1233 1251 igitur
1262 1196 1376 1235 non
1426 1185 1515 1235 est
1543 1180 1688 1245 dies,
1721 1179 1807 1235 sol
1856 1180 2008 1236 infra

366 1271 585 1324 terram
633 1270 742 1322 est.
776 1268 899 1333 Quo
928 1284 1044 1323 non
1088 1268 1396 1324 exsistente
1427 1269 1568 1340 quid
1602 1286 1717 1324 non
1749 1270 1846 1341 sit,
1876 1270 1959 1325 ita
1990 1287 2003 1324 :

366 1355 425 1411 Si
448 1355 603 1428 quod
629 1359 798 1411 sanat
821 1354 1118 1411 hominem
1133 1361 1657 1429 aagrotantem,non
1679 1366 1765 1414 est
1785 1376 2004 1427 unum;

368 1460 479 1502 nac
507 1460 694 1499 unum
747 1446 836 1500 est
864 1461 898 1499 a
926 1460 1041 1516 quo
1082 1449 1339 1516 aegrotat.
1372 1445 1433 1501 Si
1481 1463 1596 1502 non
1626 1451 1716 1501 est
1761 1464 1944 1502 unum
1977 1465 2010 1503 a

372 1549 486 1607 quo
515 1536 757 1606 εει-οιαὶ
785 1530 960 1589 homo
986 1559 1001 1602 ;
1031 1550 1147 1589 non
1178 1538 1268 1590 est
1295 1534 1544 1606 simplex
1572 1539 1629 1591 et
1656 1535 2007 1608 incomposi-

367 1627 487 1679 tus.
519 1622 580 1678 Si
609 1621 790 1695 igitur
820 1621 972 1694 quod
1005 1627 1173 1677 sanat
1215 1622 1513 1679 hominem
1543 1640 1659 1679 non
1691 1628 1780 1680 est
1803 1640 2006 1691 unum,

368 1710 546 1768 homo
578 1727 693 1767 non
722 1713 813 1767 est
840 1709 1088 1783 simplex
1116 1714 1173 1767 et
1200 1711 1644 1782 incompositus.

443 1797 598 1900 8.08
626 1798 717 1854 20.
750 1797 1749 1900 Ili-imus.modus'hypotheticorum
1773 1801 1878 1900 qui
1912 1818 2007 1900 se:
2039 1835 2086 1900 B

373 1888 634 1944 cundum
661 1886 1102 1943 continuitatem
1119 1888 1406 1960 positione
1426 1890 1819 1946 antecedentis
1832 1890 2009 1946 simul

367 1975 522 2033 tollit
539 1977 1237 2049 consequensiﬁecundus
1269 1978 1478 2034 modus
1502 1978 2008 2051 hypotbeticorum

371 2065 472 2139 qui
494 2066 819 2123 secundum
841 2065 1283 2122 continuitatem
1315 2068 1633 2123 remotione
1653 2084 2010 2141 consequen-

369 2154 449 2211 tis
477 2160 736 2210 removet
764 2155 1132 2210 antecedens.
1162 2155 1395 2211 Tertius
1428 2157 1638 2213 modus
1676 2157 2010 2231 hypotheti-

372 2259 573 2300 eorum
607 2242 708 2314 qui
740 2244 1064 2299 secundum
1096 2243 1437 2300 distantiam
1465 2262 1535 2301 ex
1562 2247 1830 2317 negativa
1859 2262 2012 2302 com-

378 2330 643 2406 plexione
694 2336 973 2388 constans
1001 2332 1178 2387 unius
1209 2349 1408 2389 eorum
1442 2351 1568 2405 quae
1600 2339 1737 2390 sunt
1779 2336 1839 2390 in
1871 2352 2012 2391 con-

377 2424 657 2493 sequente
684 2419 991 2492 positione,
1020 2420 1311 2493 reliquum
1354 2428 1454 2477 aut
1483 2423 1709 2495 reliqua
1737 2429 2010 2481 removet.

376 2509 629 2575 Quartus
658 2509 1165 2582 bypotheticorum
1189 2511 1288 2582 qui
1317 2512 1641 2567 secundum
1673 2513 2013 2568 distantiam

374 2616 445 2655 ex
474 2598 825 2671 disjunctivo
872 2603 1148 2655 constans
1178 2600 1355 2655 unius
1386 2615 1587 2656 eorum
1619 2618 1746 2673 quae
1785 2608 1923 2658 sunt
1953 2604 2013 2658 in

375 2691 768 2760 consequente
796 2687 1102 2759 positione,
1131 2687 1356 2760 reliqua
1406 2688 1576 2744 tollit.
1611 2690 1859 2755 Quintus
1890 2708 2014 2747 mo-

373 2777 486 2833 dus
535 2775 1042 2851 bypotbeticorum
1075 2777 1175 2848 qui
1225 2778 1549 2833 secundum
1580 2778 1916 2835 distantiam
1949 2797 2017 2836 ex

372 2864 729 2937 disjunctivo
784 2869 1062 2921 constans
1091 2867 1411 2922 remotione
1453 2867 1630 2923 unius
1658 2884 1857 2924 eorum
1889 2886 2016 2941 qua

372 2957 514 3011 sunt
568 2954 628 3009 in
658 2958 1053 3026 consequente
1108 2958 1209 3010 aut
1265 2953 1512 3011 aliorum
1569 2962 1778 3028 praeter
1832 2974 2017 3013 unum

367 3042 543 3101 infert
598 3042 916 3116 reliquum.
974 3043 1183 3099 Sextus
1240 3045 1451 3100 modus
1510 3043 2016 3118 hypotbeticorum

2117 556 2145 608 6
2177 552 2307 613 Θεὸς
2363 549 2464 627 ἄρα
2516 549 2739 623 δίκαιος,
2785 547 3042 613 ἀθάνατός
3098 549 3237 604 ἐστιν
3294 552 3330 618 ἡ
3388 547 3765 624 ψυχή.Τίνος

2115 638 2293 708 ὄντος,
2323 641 2374 694 τί
2420 640 2518 694 οὐκ
2573 638 2731 709 ἔστιν,
2766 640 2955 702 οὕτως⁸
2990 641 3051 695 Εἰ
3107 636 3245 693 ἔστιν
3278 640 3313 706 ἡ
3346 635 3542 713 λογική
3598 637 3761 711 ψυχὴ

2114 730 2489 798 αὐτοκίνητος,
2522 727 2584 783 οὔ
2614 750 2745 783 ποτε
2774 729 2927 799 σταίη
2976 734 3073 783 τοῦ
3119 728 3395 782 κινεῖσθαι⁶
3446 726 3491 782 εἰ
3543 728 3765 799 μήποτε

2117 820 2271 889 σταίη
2332 824 2429 874 τοῦ
2481 821 2758 887 κινεῖσθαι,
2812 818 2873 873 οὐ
2930 817 3278 896 φθαρήσεται.
3338 816 3403 871 Εἴ
3461 813 3601 870 ἔστιν
3658 812 3768 889 ἄρα

2114 913 2149 979 ἡ
2200 909 2398 984 λογική
2459 910 2612 983 ψυχὴ
2669 908 3039 979 αὐτοκίνητος,
3084 907 3145 962 οὐ
3211 908 3560 985 φθαρήσεται.
3601 905 3765 966 Τίνος

2120 1002 2196 1073 μή
2230 995 2407 1069 ὄντος,
2437 998 2489 1051 τί
2522 994 2686 1071 ἔστιν)
2715 996 2913 1059 οὕτως·
2954 998 3021 1052 Εἴ
3072 998 3171 1052 οὐκ
3220 994 3357 1051 ἔστιν
3416 994 3618 1069 ἡμέρα,
3667 995 3767 1063 νύξ

2117 1090 2278 1145 ἐστιν·
2338 1088 2475 1159 εἰνῦξ
2532 1088 2696 1155 ἐστιν,
2729 1086 2950 1156 ὁῆλιος
3002 1087 3103 1142 ὑπὸ
3160 1093 3259 1163 γῆν
3315 1084 3477 1142 ἐστιν.
3534 1084 3598 1139 Εἰ
3658 1080 3769 1157 ἄρα

2117 1179 2216 1234 οὐκ
2248 1177 2386 1233 ἔστιν
2420 1178 2621 1251 ἡμέρα,
2673 1178 2701 1231 6
2751 1173 2915 1245 ἥλιος
2976 1176 3079 1230 ὑπὸ
3124 1181 3224 1250 γῆν
3275 1173 3405 1229 ἐστι.
3462 1172 3619 1235 Τίνος
3679 1174 3763 1245 μὴ

2117 1263 2374 1336 ὄντος,τί
2405 1267 2503 1322 οὐκ
2550 1262 2689 1320 ἔστιν
2750 1264 2942 1326 οὕτως·
2972 1264 3039 1320 Εἴ
3088 1265 3152 1319 τὸ
3209 1263 3439 1336 ἰώμενον
3498 1266 3769 1317 νοσοῦντα

2116 1359 2207 1412 τὸν
2242 1354 2522 1430 ἄνθρωπον
2555 1354 2654 1410 οὐκ
2704 1353 2842 1409 ἔστιν
2897 1353 2977 1423 ἓν,
3008 1351 3119 1407 οὐδ’
3175 1352 3312 1407 ἐστὶν
3368 1351 3424 1406 ἓν
3486 1352 3573 1428 ὑφ’
3629 1346 3765 1405 ὅτου

2116 1452 2283 1503 νοσεῖ.
2316 1445 2378 1500 Εἰ
2409 1442 2467 1500 δὲ
2518 1446 2593 1518 μή
2653 1441 2792 1498 ἔστιν
2849 1443 2904 1498 ἓν
2966 1444 3051 1521 ὑφ’
3082 1441 3209 1497 ὅτου
3246 1446 3409 1497 νοσεῖ.
3462 1440 3561 1496 οὐκ
3615 1438 3761 1496 ἔστιν

2118 1533 2328 1597 ἁπλοῦς
2380 1535 2408 1588 ὁ
2456 1529 2739 1609 ἄνθρωπος
2791 1533 2881 1587 καὶ
2938 1532 3243 1593 ἀσύνθετος.
3292 1532 3357 1586 Εἰ
3400 1531 3463 1585 τὸ
3523 1530 3759 1603 ἰώμενον

2117 1623 2219 1697 ἄρα
2255 1628 2515 1678 νοσοῦντα
2569 1622 2662 1677 τὸν
2694 1620 2972 1699 ἄνθρωπον
3004 1620 3104 1675 οὑκ
3158 1618 3298 1675 ἔστιν
3348 1618 3431 1690 ἓν,
3463 1620 3563 1674 οὑκ
3618 1617 3763 1674 ἔστιν

2116 1712 2324 1774 ἁπλοῦς
2359 1713 2388 1767 6
2419 1708 2699 1785 ἅνθρωπος
2730 1711 2820 1766 καὶ
2846 1710 3154 1774 ἀσύνθετος.

2186 1804 2251 1857 κ’.
2287 1806 2513 1879 Πρῶτος
2560 1800 2760 1877 τρόπος
2822 1803 2929 1855 τῶν
3001 1799 3329 1854 ὑποθετικῶν
3380 1798 3408 1852 6
3452 1798 3591 1852 κεπτιὶ⁵
3636 1819 3762 1853 συν-

2119 1893 2318 1967 έχειαν,
2351 1894 2419 1964 τῇ
2460 1890 2597 1954 θέσει
2646 1894 2742 1944 τοῦ
2790 1887 3099 1963 ἡγουμένου
3151 1888 3471 1962 συνεισάγων
3528 1887 3592 1941 τὸ
3632 1887 3765 1942 ἑπό-

2124 2002 2303 2054 μενον.
2368 1978 2623 2054 Δεύτερος
2676 1978 2880 2055 τρόπος
2956 1981 3063 2032 τῶν
3151 1977 3479 2032 ὑποθετικῶν
3537 1976 3567 2030 6
3624 1979 3766 2032 κατὰ

2120 2072 2418 2146 συνέχειαν,
2471 2072 2540 2141 τῇ
2601 2066 2865 2143 ἀναιρέσει
2929 2071 3028 2121 τοῦ
3102 2065 3368 2138 ἑπομένου
3432 2070 3763 2142 συναναιρῶν

2117 2161 2179 2215 τὸ
2209 2158 2533 2235 ἡγούμενον.
2565 2156 2759 2232 Τρίτος
2785 2155 2989 2231 τρόπος
3016 2160 3123 2211 τῶν
3173 2155 3501 2218 ὑποθετικῶν
3552 2156 3581 2209 6
3628 2154 3770 2209 κατᾶ

2121 2246 2416 2317 διάστασιν,
2465 2246 2517 2317 ἐξ
2564 2246 2906 2324 ἀποφατικῆς
2961 2242 3286 2317 συμπλοκῆς
3332 2246 3402 2316 τῇ
3457 2244 3596 2307 θέσει
3652 2247 3764 2297 τῶν

2118 2341 2215 2392 τοῦ
2282 2336 2545 2408 ἑπομένου
2611 2334 2727 2396 ἑνὸς
2786 2335 3018 2409 ἀναιρῶν
3076 2332 3139 2387 τὸ
3191 2330 3370 2406 ἓτερον
3400 2333 3435 2401 ἢ
3469 2332 3537 2386 τὰ
3584 2328 3767 2407 ἕτερα.

2120 2425 2379 2501 Τέταρτος
2416 2424 2617 2497 τρόπος
2672 2444 2779 2477 των
2834 2423 3163 2477 ὑποθετικῶν
3223 2422 3251 2475 ὁ
3298 2421 3434 2476 κατὰ
3488 2418 3765 2476 διάστασιν

2123 2513 2183 2569 ἐκ
2213 2512 2602 2582 διαζευκτικοῦ,
2635 2516 2704 2586 τῇ
2736 2510 2876 2567 θέσει
2918 2516 3024 2565 τῶν
3071 2515 3168 2565 τοῦ
3216 2509 3482 2583 ἑπομένου
3539 2510 3656 2571 ἑνὸς
3703 2511 3769 2565 τὸ

2124 2602 2318 2660 λοιπὸν
2375 2603 2628 2677 ἀναιρῶν,
2661 2602 2695 2670 ἢ
2741 2599 2809 2655 τὰ
2856 2598 3042 2657 λοιπά.
3095 2598 3350 2673 Πέμπτος
3400 2598 3604 2673 τρόπος
3654 2603 3766 2653 τῶν

2126 2693 2452 2747 ὑποθετικῶν
2512 2691 2540 2744 6
2599 2690 2734 2745 κατᾶ
2806 2686 3076 2744 διάστασιν
3131 2686 3191 2742 ἐκ
3245 2685 3637 2760 διαζευκτικοῦ,
3695 2692 3769 2763 τῇ

2125 2780 2389 2855 ἀναιρέσει
2415 2782 2521 2832 τῶν
2570 2782 2667 2833 τοῦ
2725 2778 2993 2850 ἑπομένου
3051 2777 3188 2848 ἑνὸς,
3221 2776 3372 2845 ἣκαὶ
3424 2780 3530 2830 τῶν
3580 2773 3773 2833 ἄλλων

2125 2869 2269 2943 παρὰ
2298 2869 2360 2922 τὸ
2388 2866 2465 2938 ἓν,
2498 2866 2757 2944 εἰσφέρων
2789 2866 2854 2920 τὸ
2905 2864 3121 2920 λοιπόν.
3152 2867 3342 2928 Ἕκτος
3395 2864 3600 2941 τρόπος
3657 2869 3769 2923 τῶν

2127 2958 2458 3012 ὑποθετικῶν
2515 2957 2544 3010 6
2603 2954 2653 3028 ἐξ
2712 2951 2855 3009 ὅλων
2945 2955 3241 3010 ὑποθέσεων
3327 2954 3614 3023 συνεστὼς,
3679 2954 3774 3009 καὶ

2125 3044 2465 3119 καλούμενος
2494 3042 2563 3099 δι’
2594 3042 2728 3100 ὅλου
2761 3043 3094 3105 ὑποθετικός.
3332 3032 3339 3038 ’

377 3132 481 3207 qui
511 3148 580 3189 ex
608 3132 747 3190 totis
777 3131 1204 3206 hypothesibus
1233 3137 1463 3189 constat
1491 3138 1548 3190 et
1574 3151 1639 3190 ex
1669 3139 1789 3192 toto
1819 3136 2230 3209 hypotheticus
2258 3140 2517 3193 vocatur.

1063 3346 1269 3401 Tabula
1296 3348 1491 3419 capitis
1518 3347 1606 3417 36,
1638 3349 1714 3405 De
1740 3347 2099 3421 hypothelicis
2125 3365 2221 3405 seu
2246 3347 2712 3405 conditionalibus
2740 3347 3089 3420 syllogismis.

1227 3507 1569 3563 antecedens
1640 3514 1695 3565 et
1767 3524 1968 3566 conse-

2116 3509 2250 3566 Haec
2307 3509 2421 3565 duo
2477 3507 2838 3579 proferuntur
2988 3560 3005 3579 ,
3036 3506 3472 3565 continuitatem
3494 3513 3546 3563 et
3577 3506 3779 3563 dicun-

373 3580 576 3638 Omnis
615 3579 979 3651 syllogismus
1021 3560 1154 3779 by:
1232 3560 1564 3649 **‘qi.'e};s',"'
1647 3560 1693 3565 ’⁷
1772 3560 1939 3566 ”“”
1998 3560 2018 3654 ξ
2116 3560 2505 3637 “saeuam
2518 3560 2657 3637 v.51"
2675 3560 2829 3565 ""—
2983 3560 3575 3786 {itm-connexum}

489 3651 808 3725 potheticus
837 3648 1003 3706 habet
1227 3652 1673 3720 assumptionem
1725 3659 1777 3708 et
1824 3667 1966 3709 con-
3037 3649 3364 3706 distantiam
3412 3657 3466 3705 et
3512 3650 3575 3705 dli

1300 3720 1640 3779 clusionem.
3109 3720 3477 3786 disiunctum.

489 3648 808 3725 potheticu's
837 3648 1003 3706 habet
1065 3648 1079 3652 ⁷
1123 3648 1145 3725 )
1227 3648 1673 3725 assumptionem
1725 3659 1777 3708 et
1824 3667 1966 3709 con-
2008 3648 2018 3654 ’
2983 3648 3364 3725 )distantiam
3412 3657 3466 3705 et
3512 3650 3785 3705 dicuntur

1300 3720 1640 3779 clusionem.
2988 3720 3017 3786 Κ
3109 3720 3477 3791 disiunctum.

2082 3851 2133 3906 1.
2168 3849 2274 3915 Qui
2330 3847 2613 3919 positione
2667 3843 3051 3903 antecedentis
3106 3844 3274 3901 simul
3342 3845 3511 3901 infert
3572 3860 3785 3903 conse-

2079 3993 2135 4046 2.
2167 3936 2616 4118 ggmotione
2659 3988 3059 4059 consequentis
3105 3987 3276 4044 simul
3325 3992 3573 4044 removet
3618 3995 3787 4044 ante-

2186 4078 2252 4118 ce
2294 4078 2415 4118 ens.

2186 4078 2415 4119 0608118.

2079 4188 2130 4243 1.
2165 4187 2246 4242 Ex
2279 4186 2537 4257 negativa
2564 4184 2960 4256 complexione
2997 4189 3265 4240 constans
3303 4181 3581 4257 positione
3612 4185 3786 4240 unius

2182 4253 2381 4314 eorum
2409 4273 2531 4328 quae
2564 4253 2794 4313 sunt'in
2825 4261 3227 4327 consequente,
3259 4253 3536 4325 reliquum
3565 4261 3665 4310 aut
3695 4270 3784 4311 re-

2186 4345 2292 4398 qua
2321 4334 2590 4384 removet.

2077 4402 2130 4455 2.
2165 4395 2248 4455 E'x
2302 4399 2643 4469 disjunctivo
2700 4404 2969 4454 constans
3026 4395 3307 4469 positione
3360 4395 3530 4451 unius
3581 4411 3787 4469 eorum

2189 4487 2316 4540 quae
2376 4468 2507 4526 sunt
2547 4470 2610 4526 in
2641 4477 3045 4539 consequente,
3084 4468 3365 4538 reliquum
3416 4473 3512 4522 aut
3562 4468 3787 4540 reliqua

2186 4546 2456 4598 removet.

2078 4612 2131 4666 3.
2164 4614 2247 4669 Ex
2290 4612 2630 4682 disjunctivo
2678 4617 2965 4680 constans,
3013 4609 3323 4666 remotione
3367 4608 3537 4664 unius
3583 4625 3788 4667 eorum

2184 4700 2309 4754 quae
2342 4681 2474 4754 sunt
2505 4682 2566 4738 in
2595 4689 2979 4754 consequente
2998 4688 3095 4737 aut
3112 4681 3353 4738 aliorum
3375 4688 3579 4751 praeter
3602 4696 3787 4739 unum

2186 4756 2354 4811 infert
2382 4753 2688 4825 reliquum.

371 4405 526 4463 860
538 4403 1003 4475 Syllogismorum
1017 4402 1111 4472 hy-

441 4476 858 4550 potheticorum
870 4478 1004 4531 sunt
1014 4489 1110 4530 sex

440 4547 599 4607 inodi
1111 4547 1157 5123 ζ

364 5210 684 5282 Ιιιιὰιιοὺιιι
712 5213 911 5294 primis
930 5215 1114 5270 modis

439 5280 940 5355 bypothetlcorum
1017 5286 1113 5355 qui

438 5353 604 5411 sunt‘
619 5354 963 5426 secundum;
976 5370 1112 5411 con-

438 5423 764 5550 tiliuitatom
813 5432 1114 5481 sumuntur

437 5510 504 5551 ve

1224 4433 1359 4489 Tres
1384 4434 1693 4516 secundum
1724 4435 1938 4492 distan-

1515 4514 1648 4561 tiam

1227 3917 1346 3973 Duo
1398 3919 1717 4001 secundum
1764 3923 1943 3978 conti-
1987 3862 2010 4091 ξ

1427 3997 1702 4047 nuttatem

1115 3902 1165 4545 ς
1224 4433 1359 4489 Tres
1384 4434 1693 4545 secu'ndum
1724 4435 1938 4492 distan-
1974 4190 2010 4545 ς

1538 4521 1645 4545 nam

1010 4066 1013 4071 ἱ
1118 3997 1136 4071 Ι
1427 3997 1702 4047 unitatem

3041 4876 3095 4930 1.
3126 4874 3271 4942 Quid
3300 4875 3392 4931 sit.

3036 4947 3090 4999 2.
3125 4946 3269 5013 Quid
3298 4962 3416 5003 non
3443 4946 3535 5002 sit.

3039 5018 3090 5073 1.
3124 5017 3269 5083 Quid
3298 5018 3389 5073 sit.

3036 5091 3091 5143 2.
3124 5088 3269 5155 Quid
3301 5104 3417 5145 non
3445 5088 3536 5144 sit.

3039 5023 3090 5073 1.
3124 5023 3269 5083 Quid
3298 5023 3387 5073 sit.

2956 5023 2983 5174 ἒ
3036 5091 3091 5143 2.
3124 5088 3269 5155 Quid
3301 5104 3387 5145 n01

3034 5210 3387 5280 afﬁrmativa,

2955 5213 2979 5427 ἰ
3035 5353 3313 5427 negativa.

1223 4947 1379 5027 Una-3
1407 4961 1475 5002 ex
1508 4952 1623 5030 ιοφ
1664 4946 1939 5018 διροηη,
1994 4893 2025 5172 Ξ
2084 4916 2133 4970 1.
2166 4917 2288 4982 Quo
2318 4915 2592 4971 existente
2619 4911 2706 4968 vel

1323 5024 1466 5074 ticus
1496 5034 1593 5089 qui
1621 5020 1865 5075 ostendit
2077 5060 2132 5111 2.
2165 5058 2285 5123 Quo
2319 5072 2436 5113 non
2463 5056 2701 5113 “istem

1323 5024 1466 5074 "cus
1496 5019 1593 5089 qui
1621 5020 1865 5075 “tendit
1994 5018 2025 5123 )
2077 5060 2132 5111 2.
2165 5058 2285 5123 Quo
2319 5072 2436 5113 non
2463 5056 2739 5113 existente
2776 5062 2859 5111 est

439 5280 940 5355 bypotheticoium
1017 5286 1113 5355 qui

1223 5288 1564 5345 antecedens
1594 5295 1647 5342 et
1676 5301 2030 5357 consequens
2057 5286 2224 5343 ambo
2256 5286 2340 5342 vel

438 5353 604 5426 sunt?
619 5354 963 5426 secundum;
976 5353 1112 5411 con-

3035 5353 3313 5427 negativa.

438 5423 764 5480 tinuitatom
813 5423 1114 5481 sumuntur

437 5444 764 5551 :‘e'imwwm
813 5444 1147 5551 "unum-“1"
1223 5449 1563 5551 antecedens
1592 5446 1997 5551 amrmativum
2028 5444 2834 5551 (ilignie‘quegsnn‘egf'tiﬂm.

1223 5520 1563 5579 antecedens
1590 5519 1935 5590 negativum,
1969 5530 2325 5587 consequens
2354 5514 2774 5573 atﬁrmativum.
