4108 6458
246 389 360 455 981

1614 392 1965 459 EPITOME
2006 393 2288 459 LOGIGA
2302 438 2317 458 .

3524 387 3642 451 982

1365 580 1520 637 870
1560 581 1899 638 SYNOPSIS
1936 582 2216 639 CAPITIS
2253 581 2517 639 XXXVII.

1261 704 1412 751 QUOD
1479 706 1578 745 EST
1644 705 1715 744 DE
1778 705 2153 746 SOPHISMATIS
2218 706 2276 745 IN

2342 706 2619 746 DICTIONE.

248 810 432 895 Lsex
475 814 760 895 enumerat
788 826 908 882 quae
958 811 1278 895 sophisticos
1316 815 1375 867 in
1416 813 1651 895 dictione
1676 813 1943 895 elenchos
1987 816 2211 895 faciant.
2241 846 2310 854 --
2360 816 2414 869 2.
2445 816 2714 895 Primum
2748 811 2974 895 modum
3006 807 3444 895 .fophost‘icor‘um
3488 804 3636 895 eten-

318 889 547 967 chorum
596 899 667 938 ex
694 876 1044 967 hair-immitia
1086 886 1520 967 pcr_pxemplum
1571 886 1808 967 declarat
1849 895 1898 942 et
1945 876 2174 967 ostgmdit
2225 903 2340 967 qua_
2375 888 2605 967 ratione
2634 876 3177 967 εοίιςεηάιιενδὶἰλέ-
3223 880 3292 967 3,..
3328 876 3637 967 Secundum

314 954 536 1039 inodum
563 948 1014 1039 cx‘amphibvotio
1067 948 1328 1039 captiaut:
1359 948 1526 1039 "—1.4.
1560 957 1887 1039 Sfcundam.
1914 957 2134 1039 modum
2174 975 2217 1039 α
2235 948 2446 1039 ’ρζὶηιφ
2474 957 2784 1039 distingait.
2818 987 2887 995 -—
2922 956 2976 1008 5.
3032 952 3341 1039 Occupatio,
3386 948 3529 1039 unde
3576 950 3637 1002 in

316 1025 415 1082 hoc
455 1024 692 1081 secundo
737 1021 894 1081 τῆοάο
940 1021 1355 1097 signiﬁcationis
1402 1028 1689 1083 diversitas
1736 1028 2034 1083 oboriatur.
2087 1061 2154 1068 —
2185 1021 2263 1082 6.’
2293 1031 2542 1083 Tertium
2588 1021 2807 1084 modum
2835 1028 3087 1097 proponit
3115 1021 3187 1097 ex
3231 1021 3633 1091 compositione.

313 1129 383 1137 —
411 1099 465 1151 7.
498 1097 766 1164 Quartum
811 1112 881 1151 ex
926 1096 1212 1153 diciszone.
1243 1130 1313 1140 —
1358 1099 1412 1155 8.
1444 1100 1692 1156 Ostendit
1737 1100 1804 1154 ab
1829 1101 1957 1154 aliis
2004 1101 2098 1155 hos
2125 1100 2256 1155 duos
2297 1101 2483 1156 modos
2526 1096 2873 1154 elenchoruin
2919 1096 3336 1167 Sophisticorum

3386 1107 3485 1163 pro
3527 1106 3639 1145 uno

307 1170 465 1243 poni.
496 1198 567 1243 —_-
612 1169 666 1223 9.
701 1168 966 1237 Quintum
1008 1184 1081 1225 ea:
1108 1178 1333 1226 accentu
1377 1174 1628 1243 proponit
1680 1171 1901 1227 modum
1939 1172 2360 1243 saphisticorum
2404 1172 2770 1227 clenchorum.
2823 1201 2889 1211 —-
2940 1164 3024 1223 10.
3058 1167 3283 1222 Sextum
3328 1179 3404 1219 ea:
3448 1164 3638 1233 ﬁgura

312 1239 587 1296 dictionis.

858 1538 1111 1589 ΚΕΦΔΛ.
1154 1535 1269 1591 ΛΖ’.

490 1620 622 1697 Περὶ
650 1625 758 1676 τῶν
789 1623 935 1698 παρά
959 1622 1058 1691 τήν
1100 1620 1239 1695 λέξιν
1276 1623 1641 1701 σοφισμάτων.

310 1708 378 1766 α’.
434 1710 510 1763 Τὰ
580 1715 840 1766 ποιοῦντα
915 1709 1044 1774 τοὺς
1109 1711 1451 1790 σοφιστικοὺς
1511 1712 1778 1788 ἐλέγχους
1832 1709 1885 1781 ἕξ

235 1796 369 1852 εἰσιν
426 1797 477 1852 ἐν
533 1802 602 1872 τῇ
662 1796 824 1869 λέξει,
887 1800 1197 1873 ὁμωνυμία,
1253 1796 1579 1879 ἀμφιϐολία,
1624 1800 1883 1873 σύνθεσις,

236 1882 519 1960 διαίρεσις,
549 1884 852 1963 προσῳδία,
882 1891 1075 1963 σχῆμα
1106 1886 1324 1962 λέξεως.

312 2066 376 2139 β’.
436 2066 588 2141 Παρὰ
642 2067 740 2134 τήν
801 2065 1118 2140 ὁμωνυμίαν
1168 2066 1262 2140 μὲν
1321 2067 1579 2146 σόφισμαο
1632 2069 1769 2141 υἷον,
1808 2069 1884 2123 Τά

235 2151 426 2209 δέοντα
482 2151 654 2230 ἀγαθά
709 2153 841 2212 ἐστι.
899 2155 975 2210 Τὰ
1027 2155 1166 2210 κακὰ
1217 2153 1404 2211 δέοντά
1452 2156 1581 2215 ἐστι.
1634 2158 1709 2211 re
1746 2157 1883 2212 κακά

233 2243 342 2316 ἄρα
386 2241 557 2319 ἀγαθά
604 2243 777 2299 ἐστιν.
814 2245 1133 2318 Ὀμώνυμον
1175 2243 1397 2300 ἐνταῦθα
1442 2247 1504 2300 τὸ
1548 2244 1885 2317 δέον.Δηλοῖ

230 2331 339 2407 γὰρ
387 2332 450 2387 τὸ
497 2332 633 2408 πρός
679 2354 731 2388 τι
783 2335 1062 2409 χρήσιμον
1115 2335 1204 2389 καὶ
1246 2334 1309 2389 τὸ
1338 2336 1456 2399 καθ’
1488 2335 1616 2390 αὐτὸ
1661 2336 1876 2411 ἀγαθόν.

232 2422 322 2477 Ἐν
362 2421 457 2493 μὲν
508 2421 598 2475 οὖν
646 2426 715 2495 τῇ
775 2421 1018 2477 ἐλάττονι
1073 2424 1328 2499 προτάσει
1386 2428 1455 2499 τῇ
1505 2423 1757 2499 λεγούσῃ,
1807 2426 1881 2480 Τὰ

232 2510 376 2565 κακὰ
406 2507 614 2580 δέοντα,
662 2512 726 2565 τὸ
776 2508 894 2567 δέον
949 2511 1065 2566 ἀντὶ
1090 2517 1187 2567 τοῦ
1224 2514 1505 2589 χρησίμου
1529 2512 1876 2590 παρείληται.

233 2598 545 2675 Χρημάτων
621 2600 725 2675 γὰρ
809 2601 1117 2678 ἀφαιρέσεις
1152 2645 1166 2671 ,
1244 2601 1333 2656 καὶ
1413 2602 1705 2677 καθείρξεις
1789 2605 1878 2658 καὶ

237 2686 517 2763 μάστιγες,
575 2689 667 2743 καὶ
721 2689 788 2743 τὰ
841 2694 1101 2760 τοιαῦτα,
1157 2692 1274 2755 καθ’
1331 2690 1465 2746 αὐτὰ
1512 2687 1642 2746 ὄντα
1692 2695 1830 2747 κακά
1861 2739 1875 2765 ,

232 2777 490 2852 χρήσιμά
560 2776 670 2839 ἐςτι
726 2779 862 2854 πρὸς
917 2777 1046 2840 τοὺς
1100 2776 1388 2852 δεομένους
1446 2786 1828 2858 σωφρονισμοῦ
1862 2825 1875 2837 .

231 2864 382 2920 Κατὰ
427 2863 485 2920 δὲ
539 2867 638 2935 τήν
689 2865 855 2939 μείζω
907 2867 1188 2944 πρότασιν,
1238 2867 1448 2945 λέγεται
1502 2870 1566 2925 τὸ
1614 2867 1749 2942 δέον,
1801 2870 1877 2933 ὡς

232 2955 354 3009 καθ’
386 2953 517 3008 αὐτὸ
547 2954 767 3030 ἀγαθόν.
800 2955 898 3010 Καὶ
937 2954 1109 3019 οὕτως
1159 2955 1219 3011 ἐκ
1261 2963 1361 3026 τῆς
1411 2958 1729 3031 ὁμωνυμίας
1762 2956 1881 3034 εὗρε

239 3043 427 3119 χώραν
461 3044 489 3097 ὁ
519 3041 957 3119 παραλογισμός.
992 3045 1106 3120 Χρή
1151 3044 1349 3114 τοίνυν,
1401 3046 1709 3119 ὁμωνύμων
1743 3047 1877 3122 ἐρω-

236 3131 524 3204 τωμένων,
596 3129 929 3188 διαστέλλειν
983 3134 1051 3187 τὰ
1114 3134 1488 3207 σημαινόμενα
1519 3179 1533 3206 ,
1591 3135 1679 3189 καὶ
1738 3135 1880 3190 οὕτω

234 3222 338 3290 τὴν
392 3219 677 3295 ἀπόκρισιν
748 3219 964 3299 ἀσφαλῆ
1024 3224 1381 3295 ποιουμένους
1415 3270 1428 3294 ,
1476 3224 1565 3279 τὸν
1626 3226 1881 3303 σοφιστήν

236 3308 657 3385 ἀποκρούεσθαι.
691 3314 916 3384 Πρῶτος
950 3311 1043 3384 μὶν
1077 3310 1167 3366 οὖν
1202 3313 1488 3387 σοφισμὸς,
1538 3314 1566 3367 ὁ
1597 3314 1740 3391 παρὰ
1779 3315 1878 3383 τήν

235 3397 553 3472 ὁμωνυμίαν
583 3397 714 3456 ἐστί.
738 3400 743 3405 ’

306 3488 376 3563 γ’.
438 3486 694 3563 Δεύτερος
752 3488 780 3542 6
838 3489 983 3565 παρὰ
1020 3489 1120 3557 τὴν
1170 3484 1521 3567 ἀμφιϐολίαν·
1577 3492 1710 3563 οἷον,
1759 3492 1882 3566 Ἆρ’

236 3576 271 3631 ὃ
299 3575 556 3651 γινώσκει
604 3596 707 3647 τις,
758 3580 918 3632 τοῦτο
964 3579 1217 3652 γινώσκει
1249 3599 1263 3648 ;
1297 3579 1551 3635 Γινώσκει
1601 3577 1658 3635 δέ
1698 3601 1782 3643 τις
1821 3581 1883 3634 τὸ

236 3662 421 3738 ξύλον.
484 3664 556 3718 Τὸ
616 3663 776 3736 ξύλον
834 3663 936 3741 ἄρα
985 3666 1256 3742 γινώσκει.
1304 3667 1375 3721 Τὸ
1416 3669 1667 3744 γινώσκει
1725 3669 1886 3746 ἀμφί-

238 3747 431 3809 ϐολον.
484 3750 556 3807 Ού
604 3752 707 3827 γάρ
758 3752 868 3808 ἐστι
917 3755 1100 3832 σαφὲς,
1137 3755 1364 3831 πότερον
1415 3758 1443 3811 ὁ
1471 3757 1748 3833 γινώσκων
1800 3755 1887 3811 λέ·

238 3862 394 3917 γεται
448 3841 756 3916 γινώσκειν,
815 3839 852 3912 ἤ
907 3843 971 3897 τὸ
1026 3844 1426 3918 γινωσκόμενον
1487 3845 1622 3900 εἶναι
1682 3846 1746 3900 τὸ
1800 3867 1885 3921 γι-

236 3934 472 3986 νῶσκον.
508 3930 607 3985 Καὶ
636 3928 823 3985 πάλιν·
875 3933 996 4008 Ἆρ’
1042 3928 1153 3988 ἔστι
1201 3938 1434 4009 σιγῶντα
1465 3934 1643 4009 λέγειν
1680 3955 1692 4004 ;
1727 3935 1885 4010 Οὐχί.

236 4018 302 4074 Τί
354 4015 401 4073 δ’
451 4017 578 4073 ὅταν
623 4016 758 4095 λέγῃ
801 4041 886 4081 τις
934 4020 1066 4091 ξύλα
1110 4021 1198 4076 καὶ
1245 4020 1452 4093 λίθους,
1503 4022 1564 4077 οὗ
1614 4022 1759 4098 λέγει
1810 4043 1888 4076 σι-

236 4111 422 4183 γῶντα
455 4127 470 4176 ;
501 4112 684 4163 Ἔστιν
732 4104 834 4185 ἄρα
888 4114 1119 4186 σιγῶντα
1176 4110 1351 4187 λέγειν
1380 4156 1393 4168 .
1454 4106 1884 4190 Ἀμφιϐάλλεται

237 4196 304 4251 τὸ
332 4199 593 4272 σιγῶντα,
641 4201 747 4252 ποῦ
793 4198 1034 4254 τακτέον
1066 4200 1291 4277 πότερον
1341 4201 1477 4276 πρὸς
1515 4199 1606 4255 τὸν
1640 4199 1883 4276 λέγοντα,

1915 1537 1970 1603 Α

2551 1537 2779 1594 CAPUT
2815 1534 3081 1592 XXXVII.

2410 1628 2483 1683 De
2511 1627 2856 1698 saphismati:
2879 1626 2941 1679 in
2968 1624 3223 1679 dictione.

2067 1719 2118 1773 1.
2158 1722 2267 1772 Sex
2296 1721 2435 1772 sunt
2466 1733 2595 1788 quae
2644 1713 2994 1787 sophisticos
3023 1710 3294 1768 elenchos
3326 1707 3544 1764 faciunt
3572 1707 3630 1763 in

1993 1805 2294 1874 dictione;
2345 1805 2721 1876 homonymia
2775 1799 3216 1876 (aequivocatio),
3274 1795 3634 1870 amphibolia

1993 1893 2413 1966 (ambiguitas),
2446 1891 2812 1963 compositio,
2841 1889 3069 1958 divisio,
3102 1887 3374 1961 prosodia
3403 1889 3633 1958 (accen-

1990 1982 2134 2055 tus),
2165 1983 2354 2055 ﬁgura
2382 1980 2674 2037 dictionis.

2064 2075 2121 2128 2.
2152 2075 2230 2127 Ex
2278 2071 2655 2143 homonymia
2703 2067 3051 2140 sophisma:
3104 2064 3351 2139 exempli
3397 2064 3630 2138 gratia:

1990 2161 2065 2215 Τὰ
2096 2156 2279 2214 δέοντα
2310 2163 2450 2216 sunt
2497 2158 2829 2214 bona.Mola
2858 2160 2996 2213 sunt
3037 2151 3241 2209 δέοντα.
3275 2152 3426 2210 Mala
3453 2153 3635 2225 igitur

1990 2252 2148 2307 bona
2177 2254 2334 2306 sunt.
2367 2248 2474 2304 Hic
2501 2248 2563 2301 τὸ
2596 2243 2712 2301 δέον
2746 2251 2836 2302 est
2881 2246 3322 2317 homonymum.
3355 2242 3634 2315 Designat

1991 2341 2145 2396 enim
2174 2343 2231 2395 et
2276 2339 2428 2410 quod
2463 2336 2604 2392 utile
2632 2341 2720 2392 est
2766 2336 2838 2391 ad
2873 2334 3115 2406 aliquid,
3148 2339 3206 2389 et
3233 2334 3388 2404 quod
3439 2348 3540 2403 per
3567 2347 3631 2387 se

1993 2430 2211 2484 bonum
2244 2427 2423 2483 est.In
2447 2425 2669 2481 minore
2690 2424 2928 2497 quidem
2958 2421 3351 2495 propositione
3380 2420 3629 2489 dicente,

1988 2517 2139 2574 Mala
2189 2522 2330 2572 sunt
2377 2512 2582 2580 δέοντα,
2612 2514 2674 2567 τὸ
2723 2509 2840 2566 δέον
2874 2514 3020 2569 871
3080 2528 3183 2583 pro
3216 2509 3345 2565 utili
3397 2524 3629 2564 assum-

1989 2609 2155 2676 ptum
2188 2601 2686 2658 est.Pecuniarum
2716 2601 2870 2655 enim
2903 2598 3321 2669 ademptiones,
3349 2600 3405 2653 et
3433 2611 3629 2652 carce-

1990 2710 2120 2749 rum
2152 2709 2333 2765 poenae
2363 2697 2419 2747 et
2448 2691 2628 2763 flagra
2654 2694 2711 2745 et
2741 2688 3050 2760 ejusmodi,
3086 2703 3219 2743 cum
3251 2701 3353 2757 per
3380 2702 3444 2741 se
3474 2684 3630 2740 mala

1989 2783 2129 2847 sint,
2180 2780 2347 2837 utilia
2396 2784 2591 2835 tamen
2640 2782 2780 2833 sunt
2824 2778 2896 2833 ad
2950 2792 3049 2832 eos
3098 2773 3199 2847 qui
3246 2772 3629 2845 castigatione

1989 2872 2275 2943 indigent.
2309 2871 2371 2925 In
2406 2869 2627 2939 majore
2659 2871 2854 2922 autem
2884 2862 3279 2938 propositione
3305 2861 3367 2915 τὸ
3399 2858 3516 2915 δέον
3548 2862 3634 2917 di-

1991 2960 2140 3016 citur
2171 2963 2234 3015 ut
2280 2975 2383 3030 per
2426 2974 2487 3013 se
2537 2956 2780 3011 bonum.
2812 2958 2997 3024 Atque
3037 2954 3117 3008 ita
3146 2969 3216 3007 ex
3259 2949 3635 3023 homonymia

1990 3039 2420 3121 paralogismus
2470 3045 2641 3116 (falsa
2696 3042 3081 3109 ratiocinatio)
3142 3041 3334 3097 locum
3393 3040 3631 3094 invenit.

1991 3138 2228 3209 Oportet
2258 3137 2440 3208 igitur
2469 3151 2603 3190 cum
2633 3134 2988 3206 homonyma
3017 3130 3318 3187 ratiocinio
3342 3129 3630 3184 inducun-

1991 3231 2088 3281 tur
2116 3225 2475 3297 distinguere
2497 3224 3021 3295 signiﬁcata,atque
3043 3220 3126 3277 sic
3148 3219 3378 3275 ﬁrmam
3400 3234 3635 3289 respon-

1994 3317 2215 3372 sionem
2248 3314 2511 3369 faciendo
2544 3312 2867 3383 sophistam
2900 3309 3196 3382 repellere.
3232 3308 3491 3363 Primum
3521 3305 3634 3379 igi-

1995 3410 2112 3469 tur,
2145 3404 2251 3459 boc
2282 3420 2351 3459 ex
2378 3401 2756 3473 bomonymia
2785 3398 3088 3472 sophisma
3117 3402 3224 3453 est.

2068 3497 2122 3551 3.
2152 3495 2483 3550 Secundum
2534 3510 2603 3549 ex
2632 3491 3035 3564 ambiguitate.
3066 3489 3256 3555 Velut,
3286 3489 3439 3543 Num
3479 3485 3634 3558 quod

1999 3583 2212 3655 aliquis
2242 3582 2562 3655 cognoscit,
2595 3581 2703 3636 hoc
2745 3578 3083 3652 cognoscit?
3108 3575 3413 3650 Cognoscit
3442 3578 3638 3630 autem

1999 3672 2214 3745 aliquis
2263 3671 2512 3744 lignum.
2546 3671 2691 3737 Ergo
2721 3668 2949 3741 lignum
2981 3665 3309 3739 cognoscit;
3339 3663 3401 3717 τὸ
3427 3679 3639 3735 cogno-

1999 3762 2112 3818 scit
2132 3766 2222 3817 est
2248 3760 2613 3831 ambiguum.
2647 3759 2773 3816 Non
2804 3756 2959 3812 enim
2984 3760 3214 3811 constat
3236 3758 3435 3809 utrum
3464 3752 3516 3808 is
3542 3751 3644 3824 qui

2000 3849 2319 3922 cognoscit,
2350 3849 2579 3903 dicatur
2619 3860 3004 3917 cognoscere;
3037 3861 3108 3899 an
3141 3843 3295 3915 quod
3343 3838 3644 3914 cognosci-

2000 3943 2251 4007 tur,esse
2282 3953 2661 4009 cognoscens.
2685 3936 2755 3991 Et
2781 3950 2988 3989 rursus
3016 3949 3029 3988 :
3064 3933 3218 3988 Num
3248 3931 3385 3986 licet
3413 3931 3648 4004 σιγῶντα

2001 4027 2238 4084 dicere?
2286 4026 2432 4081 Non.
2487 4025 2656 4095 Quid,
2710 4041 2782 4078 an
2832 4039 2965 4077 cum
3014 4022 3147 4093 quis
3195 4019 3337 4075 dicit
3385 4017 3545 4090 ligna
3589 4020 3648 4072 et

1999 4115 2245 4188 lapides,
2281 4130 2474 4170 nonne
2517 4113 2658 4168 dicit
2690 4115 2926 4186 σιγῶντα
2946 4110 2975 4166 ‘I
3004 4110 3161 4166 Licet
3188 4109 3371 4181 igitur
3408 4109 3645 4180 σιγῶντα

2001 4204 2211 4260 dicere.
2264 4201 2637 4275 Ambiguitur
2678 4199 2742 4254 τὸ
2790 4202 3027 4274 σιγῶντα
3073 4215 3188 4270 quo
3236 4195 3648 4252 referendum?

236 4282 368 4354 ⁴ἤτοι
406 4284 499 4339 τὸν
545 4283 851 4362 ἄνθρωπον,
900 4284 937 4358 ἤ
974 4288 1110 4365 πρὸς
1157 4290 1225 4343 τὰ
1270 4287 1561 4364 λεγόμενα,
1609 4286 1774 4365 ἤγουν
1822 4290 1884 4344 τὰ

2005 4294 2075 4349 ad
2108 4292 2495 4359 dicentemne,
2529 4289 2649 4346 sive
2680 4288 2980 4345 hominem
3008 4304 3022 4355 ;
3053 4302 3126 4341 an
3156 4300 3289 4341 vero
3319 4284 3391 4339 ad
3421 4299 3491 4338 ea
3519 4297 3647 4354 quas

236 4374 554 4450 πράγματα.

316 4460 380 4518 δ’.
415 4463 710 4538 Διενήνοχε
756 4461 815 4519 δὲ
860 4469 956 4520 τοῦ
1004 4466 1152 4541 παρὰ
1192 4467 1289 4535 τὴν
1341 4467 1658 4540 ὁμωνυμιαν
1691 4466 1891 4542 νρόπου

238 4552 272 4607 ὁ
303 4552 452 4619 παρὰ
477 4551 578 4620 τήν
624 4547 987 4631 ἀμφιϐολίαν
1038 4553 1120 4609 ὅτι
1152 4555 1182 4608 ὁ
1234 4555 1329 4628 μὲν
1374 4557 1521 4632 παρὰ
1547 4556 1644 4624 τὴν
1679 4557 1891 4628 ὁμωνυ-

244 4640 377 4715 μίαν
434 4639 485 4710 EE
542 4639 709 4696 αὐτοῦ
762 4646 861 4697 τοῦ
922 4642 1189 4716 ὀνόματος
1243 4641 1475 4722 διάφορα
1529 4645 1891 4718 σημαίνοντος

234 4730 342 4799 τὴν
399 4729 610 4799 ἀπάτην
665 4729 885 4807 εἰσάγει·
918 4732 947 4786 ὁ
990 4729 1049 4787 δὲ
1100 4734 1245 4809 παρὰ
1298 4734 1397 4801 τὴν
1454 4728 1788 4812 ἀμφιϐολίαν
1835 4734 1895 4788 ἐκ

234 4821 339 4874 τοῦ
385 4814 558 4893 λόγου
607 4824 844 4875 ποιεῖται
890 4822 990 4891 τὴν
1039 4820 1270 4893 πλάνην,
1319 4819 1617 4893 δηλοῦντος
1661 4821 1769 4898 οὐχ
1812 4819 1891 4880 ἓν.

237 4905 590 4977 Ἐκληπτέον
643 4905 704 4962 δὲ
752 4907 919 4984 λόγον
968 4908 1193 4965 ἐνταῦθα
1235 4912 1335 4980 τὴν
1380 4915 1488 4966 τῶν
1531 4911 1723 4982 λέξεων
1774 4910 1893 4966 σύν-

237 4994 421 5066 ταξιν,
478 4990 660 5070 ὄνομα
707 4994 765 5052 δὲ
804 4998 905 5066 τήν
954 4996 1097 5068 λέξιν
1136 4997 1346 5062 ἁπλῶς.
1396 5001 1466 5054 Τὸ
1498 5001 1591 5073 μὲν
1623 5000 1727 5076 γὰρ
1774 4998 1890 5055 δέον

244 5082 417 5155 δηλοῖ
442 5083 620 5140 πλείω
648 5086 784 5141 κατὰ
812 5092 983 5142 πᾶσαν
1013 5091 1217 5142 πτῶσιν
1269 5088 1745 5161 μετακλινόμενον,
1777 5087 1893 5143 ὅθεν

238 5171 333 5228 καὶ
367 5172 662 5247 ὁμώνυμον
693 5172 926 5250 λέγεται.

314 5262 374 5318 ε’.
407 5261 480 5315 Τὸ
515 5258 574 5317 δὲ
600 5263 854 5337 γινώσκει
881 5264 972 5319 καὶ
1011 5265 1075 5319 τὸ
1121 5269 1376 5340 σιγῶντα,
1427 5264 1516 5321 καί
1542 5267 1610 5321 τὰ
1647 5270 1889 5341 τοιαῦτα,

237 5349 310 5405 τὰ
337 5346 570 5428 διάφορα
597 5352 883 5426 σημαίνειν
937 5352 1101 5428 ἔσχον
1165 5352 1231 5408 ἐκ
1277 5360 1380 5424 τῆς
1435 5353 1651 5411 τοιᾶσδε
1705 5356 1889 5411 συντά-

242 5441 401 5513 ξεως.
459 5441 617 5504 Ὅθεν
664 5438 719 5496 εἴ
766 5462 851 5505 τις
919 5442 1093 5505 οὕτως
1151 5442 1278 5517 ἐρεῖ.
1336 5445 1399 5498 Ὃ
1458 5443 1566 5519 ἐγὼ
1619 5446 1887 5520 γινώσκω,

244 5527 421 5582 ἐκεῖνο
468 5529 697 5605 γνώσκω
730 5575 745 5588 .
799 5532 897 5587 Καὶ
951 5529 1117 5587 πάλιν
1151 5575 1166 5601 ,
1224 5534 1323 5609 Ap’
1378 5529 1491 5588 ἔστι
1566 5555 1649 5589 σοι
1713 5532 1892 5609 λέγειν

2001 4382 2305 4448 dicuntur,
2334 4380 2404 4435 ad
2439 4396 2529 4436 res
2552 4378 2853 4433 nimirum.

2072 4472 2124 4525 4.
2158 4469 2361 4525 Diﬂ‘ert
2390 4473 2583 4524 autem
2609 4467 2822 4522 modus
2853 4481 2923 4521 ex
2953 4461 3316 4535 amphibolia
3342 4460 3416 4515 ab
3446 4475 3513 4515 eo
3545 4456 3646 4529 qui

2001 4576 2069 4616 ex
2134 4559 2531 4631 homonymio,
2583 4556 2736 4628 quod
2786 4554 2887 4626 qui
2939 4570 3007 4609 ex
3063 4548 3441 4623 homonymia
3495 4547 3649 4603 372

2002 4652 2110 4719 est,
2144 4665 2211 4704 ex
2244 4648 2372 4718 ipso
2405 4646 2639 4701 nomine
2688 4645 2917 4700 diversa
2946 4640 3314 4713 signiﬁcante
3359 4635 3650 4708 deceptio-

2005 4753 2138 4793 nem
2188 4736 2454 4802 inducit;
2489 4734 2588 4805 qui
2642 4737 2839 4788 autem
2889 4747 2959 4784 ex
3005 4726 3387 4800 ambiguitate
3440 4728 3549 4791 est,
3581 4738 3652 4779 ex

2004 4824 2262 4882 oratione
2318 4841 2432 4879 non
2465 4839 2651 4878 unum
2701 4819 3068 4892 signiﬁcante
3114 4814 3449 4873 committit.
3480 4811 3647 4868 Acci-

2002 4914 2217 4986 pienda
2264 4918 2457 4968 autem
2491 4916 2581 4967 est
2628 4909 2725 4965 hic
2772 4907 2958 4964 oratio
2987 4922 3091 4978 pro
3139 4903 3462 4959 dictionum
3510 4917 3646 4957 con-

2002 5002 2321 5059 structione
2352 5019 2365 5070 ;
2399 5017 2610 5057 nomen
2643 5014 2746 5072 pro
2776 4997 3028 5053 dictione
3058 4989 3499 5066 simpliciter.T6
3528 4987 3647 5044 δέον

2000 5092 2158 5148 enim
2206 5090 2364 5147 omni
2398 5106 2537 5145 casu
2571 5087 2928 5144 declinatum
2981 5083 3152 5156 plura
3180 5083 3418 5138 denotat
3449 5097 3462 5137 :
3497 5080 3652 5136 unde

2001 5181 2177 5237 etiam
2210 5180 2631 5251 homonymum
2664 5174 2900 5232 dicitur.

2070 5271 2125 5325 5.
2185 5266 2255 5322 Τὸ
2309 5267 2562 5342 γινώσκει
2621 5269 2818 5321 autem
2877 5267 2935 5319 et
2991 5261 3058 5315 τὰ
3112 5263 3345 5336 σιγῶντα
3416 5262 3474 5315 et
3524 5274 3652 5330 qua

2001 5362 2143 5415 sunt
2176 5359 2357 5429 hujus
2387 5356 2617 5429 generis
2648 5354 2799 5426 quod
2834 5353 3063 5408 diversa
3090 5349 3519 5423 signiﬁcent,ex
3546 5345 3650 5401 tali

2004 5447 2204 5518 aliqua
2250 5445 2681 5501 constructione
2729 5442 2970 5497 habent.
3003 5438 3166 5495 Unde
3195 5439 3245 5494 si
3275 5436 3409 5509 quis
3452 5435 3645 5502 dicat;

2001 5536 2163 5602 Quod
2215 5552 2319 5607 ego
2372 5549 2680 5605 cognosco,
2733 5529 2877 5586 illud
2928 5544 3233 5602 cognosco.
3265 5527 3334 5582 Et
3379 5525 3642 5581 iterum:

242 5617 469 5715 σιγώγτι
503 5619 611 5715 ;“1:6
685 5615 996 5715 ἀμφίϐολόν
1043 5620 1183 5676 ἐστιν
1234 5618 1411 5680 οὐδέν.
1442 5622 1507 5678 Εἰ
1556 5621 1613 5678 δὲ
1662 5623 1723 5678 τὸ
1774 5621 1884 5678 δέον

2005 5625 2206 5681 Utrum
2256 5623 2391 5679 licet
2440 5622 2547 5677 tibi
2594 5623 2813 5695 σιγῶντι
2860 5618 2941 5691 (id
2993 5620 3083 5674 est
3127 5615 3342 5689 silenti)
3392 5613 3581 5670 dicere
3616 5611 3646 5667 ?

242 5705 446 5783 ἀγαθὸν
499 5703 641 5764 εἷ’ποι
690 5730 795 5784 τις,
826 5707 862 5781 ἤ
896 5706 1004 5765 ἔστι
1048 5714 1126 5783 τῷ
1178 5706 1352 5766 δέοντι
1384 5711 1602 5789 ἀγαθὸν,
1642 5711 1678 5782 ἤ
1713 5712 1889 5769 ὅπωσ-

2003 5713 2232 5771 nullum
2265 5717 2355 5770 est
2383 5711 2747 5784 ambiguum.
2783 5708 2945 5774 Quod
2998 5706 3047 5763 si
3080 5709 3275 5762 autem
3307 5703 3521 5775 aliquis
3553 5700 3641 5755 di-
