4108 6488
394 408 514 470 983

1641 403 2063 468 NICEPHORI
2107 403 2546 469 BLEMMID/E

3670 393 3803 465 984

393 540 562 607 xerit,
593 537 656 592 τὸ
688 537 808 592 δέον
842 539 1062 594 bonum
1092 542 1315 604 est,aut
1344 539 1560 595 bonum
1594 540 1749 595 inest
1775 543 1852 609 τῷ
1883 536 2034 592 δέον-

2166 543 2242 592 ›ῦν
2301 536 2486 600 ἄλλως
2524 585 2537 609 ,
2597 548 2630 605 'I,
2685 541 2781 593 τοῦ
2837 533 3050 597 δέοντος
3119 534 3411 609 ὁμωνυμία
3465 533 3796 613 φυλάσσεται

391 649 468 700 τι,
503 632 603 684 aut
648 644 994 698 quocunque
1021 627 1132 682 alio
1181 628 1369 692 modo,
1408 627 1778 699 homonymia
1805 631 1900 680 τοῦ
1949 622 2041 678 δέ-

395 737 549 778 οντος
582 733 813 788 semper
843 721 1127 771 servatur.

461 808 516 862 6.
549 805 776 861 Tertius
824 806 1035 860 modus
1081 822 1149 860 ex
1197 805 1636 877 compositione.
1687 805 1906 860 Velut:
1940 805 2047 860 Se-

395 896 538 952 dens
569 899 757 967 potest
785 893 1106 950 ambulare.
1141 895 1407 949 Socrates
1438 897 1622 950 sedet.
1659 896 1804 967 Ergo
1851 896 2049 967 Socraj

392 988 483 1040 tes
528 961 809 1039 ambulat.
858 983 1072 1037 Verum
1127 984 1298 1038 etiam
1359 1001 1470 1038 non
1523 961 1812 1038 ambulat.
1873 961 2052 1038 Sedet

395 1073 697 1128 nimirum.
722 1071 1157 1144 Paralogismus
1183 1089 1250 1127 ex
1281 1073 1702 1144 compositione
1738 1077 1905 1127 ortus
1937 1071 2048 1126 est'

395 1161 710 1234 Oportebat
762 1162 940 1225 enim,
975 1161 1128 1216 sicut
1175 1161 1234 1215 in
1287 1163 1508 1233 majore
1561 1161 1962 1234 propositione
1985 1159 2048 1213 τὸ

394 1255 608 1324 potest,
623 1255 680 1306 et
706 1250 768 1304 16
800 1250 1100 1305 ambulare
1132 1251 1201 1305 de
1231 1252 1423 1305 medio
1453 1250 1704 1304 termino
1736 1250 2052 1321 praedicata

395 1339 651 1409 fuerant,
678 1339 762 1393 ita
791 1340 966 1394 etiam
998 1339 1058 1393 in
1089 1339 1461 1394 conclusione
1491 1338 1553 1391 τὸ
1587 1343 1779 1410 potest
1807 1355 1940 1393 cum
1970 1340 2049 1406 τῷ

396 1427 1047 1498 ambulare,composite
1078 1429 1231 1483 378
1261 1433 1317 1482 et
1348 1427 1709 1498 conjunctim
1741 1428 1811 1481 de
1841 1427 2048 1482 Socra-

393 1520 452 1573 te
481 1516 636 1571 dicta
662 1515 865 1582 fuisse,
897 1533 1012 1571 non
1057 1515 1119 1568 16
1147 1517 1413 1571 ambulat
1441 1517 1741 1571 duntaxat.
1778 1517 1923 1571 Cum
1957 1533 2046 1570 er-

395 1621 468 1678 go
517 1605 576 1660 in
606 1604 980 1660 conclusione
1029 1605 1375 1676 compositio
1405 1622 1518 1660 non
1552 1605 1721 1676 plene
1769 1606 1920 1660 facta
1948 1604 2044 1671 sit,

395 1692 827 1766 paralogismus
856 1709 924 1748 ex
954 1693 1379 1765 compositione
1403 1697 1570 1749 ortus
1602 1697 1708 1748 est.

465 1871 521 1926 7.
556 1871 807 1935 Quartus
855 1871 1024 1926 estis
1074 1871 1284 1926 modus
1332 1871 1430 1943 qui
1481 1875 1570 1926 est
1614 1887 1683 1926 ex
1733 1869 2036 1926 divisione.

397 1958 584 2027 Velut,
615 1959 881 2030 Quinque
933 1964 1070 2015 sunt
1102 1961 1216 2014 tria
1245 1963 1300 2014 et
1328 1961 1465 2014 duo.
1499 1959 1635 2015 Tria
1666 1963 1721 2014 et
1749 1960 1866 2014 duo
1899 1963 2037 2014 sunt

396 2048 648 2121 imparia
675 2053 732 2103 et
777 2049 958 2120 paria.
991 2049 1256 2120 Quinque
1303 2048 1482 2120 igitur
1522 2049 1773 2120 imparia
1824 2053 1964 2104 sunt
1991 2054 2048 2104 et

397 2138 580 2210 paria.
614 2136 928 2209 Sophisma
975 2143 1064 2193 est
1092 2155 1160 2193 ex
1193 2138 1500 2205 divisione,
1533 2143 1841 2210 propterea
1889 2138 2044 2209 quod

394 2225 656 2299 quinque
683 2225 743 2281 in
775 2226 996 2281 minore
1026 2226 1419 2298 propositione
1449 2226 1635 2281 divisa
1663 2231 1816 2282 sunt
1848 2226 1908 2282 in
1934 2227 2048 2282 tria

394 2319 452 2372 et
479 2316 632 2383 duo;
665 2319 722 2370 et
752 2315 994 2370 seorsim
1028 2316 1098 2369 de
1129 2315 1390 2387 quolibet
1421 2316 1577 2370 dicat
1610 2317 1800 2388 major
1843 2333 2049 2388 propo-

393 2404 550 2472 sitio,
584 2405 738 2477 quod
784 2403 895 2458 tria
931 2409 988 2458 et
1039 2405 1153 2459 duo
1183 2421 1284 2474 per
1331 2422 1393 2460 se
1443 2409 1687 2477 uterque
1733 2422 2044 2473 numerus,

398 2492 496 2549 ille
543 2493 779 2564 quidem
808 2493 1016 2564 impar,
1066 2492 1160 2548 hic
1186 2511 1291 2565 par
1329 2493 1406 2548 sit
1438 2512 1450 2548 :
1485 2495 1695 2549 deinde
1725 2510 1857 2549 vero
1907 2511 2046 2549 con-

401 2580 588 2639 clusio
637 2582 899 2638 enuntiet
928 2583 998 2636 de
1030 2583 1287 2653 quinque
1317 2582 1494 2637 simul
1525 2599 1592 2637 ea
1623 2599 1753 2654 qua;
1799 2583 1869 2638 de
1899 2582 2048 2655 ipsis

399 2672 669 2744 partibus
716 2686 785 2726 ex
835 2671 1049 2742 quibus
1125 2674 1394 2726 constant
1438 2671 1496 2726 in
1550 2671 2045 2744 propositionibus

399 2760 559 2817 dicta
586 2759 845 2816 fuerunt.

467 2867 522 2922 8.
555 2868 627 2922 At
656 2865 836 2938 aliqui
887 2867 1125 2923 modum
1154 2883 1340 2922 unum
1393 2867 1493 2940 qui
1522 2882 1592 2922 ex
1622 2867 2048 2939 compositione

396 2957 455 3012 et
481 2954 766 3010 divisione
812 2959 901 3011 est
931 2960 1255 3026 posuerunt
1289 2974 1302 3011 :
1336 2961 1639 3027 propterea
1687 2956 1841 3026 quod
1891 2956 2046 3011 idem

394 3044 551 3115 quod
599 3044 674 3099 ab
723 3045 833 3100 hoc
880 3044 1162 3098 dividitur
1211 3048 1601 3116 componatur
1647 3043 1754 3109 illi,
1787 3049 1844 3099 et
1892 3045 2046 3114 quod

393 3131 534 3188 huic
563 3131 1269 3204 componitur,dividatur
1301 3134 1372 3187 ab
1404 3133 1503 3187 illo
1539 3150 1554 3188 :
1583 3132 1832 3203 exempli
1859 3133 2048 3206 gratia

396 3221 456 3276 in
509 3220 946 3294 paralogismo:
999 3222 1261 3292 quinque
1312 3221 1495 3277 divisa
1543 3226 1682 3276 sunt
1730 3221 1788 3275 in
1835 3222 1946 3276 tria
1991 3225 2048 3278 et

2155 626 2402 682 πάντοτε.

2230 813 2290 870 ς’.
2336 805 2524 876 Τρίτος
2580 806 2777 880 τρόπος
2837 805 2865 858 6
2915 804 3058 880 παρὰ
3113 803 3372 858 σύνθεσιν·
3425 805 3561 873 οἷον,
3611 805 3673 861 Ὁ
3705 824 3804 859 κα-

2159 899 2394 967 θήμενος
2455 893 2671 948 δύναται
2731 891 2964 969 βαδίζειν
3001 939 3014 951 .
3074 894 3130 947 Ὁ
3183 891 3478 964 Σωκράτης
3543 891 3798 961 κάθηται·

2157 985 2214 1037 Ὀ
2270 985 2563 1059 Σωκράτης
2620 981 2720 1059 ἄρα
2781 979 3023 1058 βαδίζει.
3082 979 3258 1036 Ἀλλὰ
3315 978 3372 1035 δὲ
3426 980 3485 1036 οὗ
3549 979 3799 1058 βαδίζει.

2159 1072 2395 1141 Κάθηται
2444 1071 2586 1145 γάρ.
2637 1073 2694 1126 Ὁ
2739 1071 3154 1147 παραλογισμὸς
3209 1070 3355 1147 παρὰ
3409 1071 3508 1139 τὴν
3558 1072 3798 1127 σύνθεσιν

2158 1162 2398 1236 γέγονεν.
2430 1159 2576 1216 Ἔδει
2625 1161 2750 1237 γὰρ,
2800 1159 3036 1235 καθάπερ
3080 1159 3132 1214 ἐν
3183 1163 3252 1233 τῇ
3290 1159 3492 1232 μείζονι
3541 1161 3802 1235 προτάσει

2157 1250 2218 1303 τὸ
2249 1247 2465 1303 δύναται
2496 1248 2584 1303 καὶ
2614 1249 2677 1302 τὸ
2730 1245 2963 1324 βαδίζειν
3014 1251 3110 1302 τοῦ
3162 1247 3324 1318 μέσου
3373 1247 3504 1323 ὅρου
3551 1247 3665 1320 ἅμα
3710 1269 3805 1302 κα-

2155 1336 2512 1414 τηλόρηνται,
2565 1337 2708 1392 οὕτω
2757 1335 2823 1406 δὴ
2877 1337 2972 1391 κᾶν
3019 1341 3098 1408 τῷ
3145 1338 3556 1410 συμπεράσματι
3603 1339 3666 1392 τὸ
3707 1335 3801 1392 δύ-

2155 1449 2309 1482 ναται
2357 1428 2490 1500 μετᾶ
2536 1432 2633 1482 τοῦ
2687 1424 2923 1502 βαδίζειν
2986 1429 3402 1499 συντιθειμένως
3450 1429 3539 1481 καὶ
3592 1449 3805 1500 συνημ-

2160 1517 2334 1589 μένως
2369 1516 2632 1592 λεχθῆναι
2663 1518 2797 1570 κατὰ
2845 1518 3190 1591 Σωκράτοος,
3221 1513 3348 1571 ἀλλ’
3390 1515 3520 1589 οὖγὶ
3551 1516 3614 1571 τὸ
3647 1513 3803 1591 βαδί-

2160 1610 2235 1673 ζει
2295 1605 2481 1677 μόνον.
2516 1602 2792 1666 Ἐλλιπῶς
2855 1602 2946 1658 οῦν
3009 1604 3060 1659 ἐν
3118 1609 3197 1676 τῷ
3243 1605 3658 1679 συμπεράσματι
3706 1611 3807 1674 τῆς

2157 1693 2448 1756 συνθέσεως
2506 1693 2805 1770 γεγονυίας,
2859 1695 2886 1748 6
2944 1693 3090 1768 παρᾶ
3140 1694 3239 1762 τὴν
3291 1692 3527 1757 σύνθεσιν
3591 1692 3805 1769 ἐγένετο

2155 1782 2588 1858 παραλογισμός.

2229 1874 2289 1940 ζ’.
2336 1871 2595 1947 Τέταρτος
2641 1870 2842 1946 τρόπος
2890 1872 2918 1926 6
2965 1872 3112 1947 παρὰ
3156 1871 3256 1940 τήν
3317 1868 3601 1946 διπίρεσιν.
3653 1871 3806 1944 Οἶον,

2153 1961 2228 2014 Τὰ
2255 1959 2411 2015 πέντε
2451 1959 2575 2036 τρία
2603 1960 2692 2015 καὶ
2747 1958 2862 2014 δύο·
2912 1961 2980 2014 τὰ
3004 1957 3129 2035 τρία
3175 1959 3264 2014 κάὶ
3296 1957 3390 2014 δύο
3440 1961 3667 2036 περιττὰ
3715 1960 3807 2014 καὶ

2158 2051 2332 2124 ἄρτια·
2383 2050 2450 2104 τά
2493 2049 2651 2105 πέντε
2699 2047 2800 2123 ἄρα
2837 2050 3061 2123 περιττὰ
3105 2048 3194 2104 καὶ
3239 2046 3413 2124 ἄρτια.
3445 2050 3516 2103 Τὸ
3564 2049 3809 2126 σόφισμα

2157 2139 2304 2212 παρὰ
2329 2139 2427 2207 τήν
2477 2135 2758 2214 διαίρεσιν,
2806 2134 2894 2192 διὰ
2934 2138 2996 2192 τὸ
3039 2135 3324 2212 διῃρῆσθαι
3369 2137 3438 2192 τὰ
3485 2138 3641 2192 πέντε
3669 2140 3811 2192 κατὰ

2156 2227 2255 2294 τήν
2311 2224 2519 2282 ἐλάττω
2576 2226 2832 2301 πρότασιν
2892 2225 2967 2287 εἲς
3023 2225 3149 2301 τρία
3200 2223 3428 2281 καὶδύο
3460 2272 3476 2298 ,
3536 2225 3628 2280 καὶ
3697 2223 3812 2298 ἰδίᾳ

2157 2315 2281 2392 περὶ
2313 2315 2538 2370 ἑκάστου
2585 2317 2683 2384 τὴν
2738 2315 2905 2388 μείζω
2950 2314 3207 2390 πρότασιν
3259 2314 3448 2387 εἰπεῖν,
3501 2313 3584 2369 ὅτι
3613 2316 3644 2369 6
3683 2315 3811 2391 τρία

2155 2405 2244 2459 καὶ
2283 2407 2312 2459 6
2371 2403 2465 2458 δύο
2522 2406 2636 2459 καθ’
2687 2405 2873 2459 ἑαυτὸν
2921 2400 3144 2465 ἕκαστος
3193 2404 3423 2476 ἀριθμὸς
3472 2405 3502 2458 6
3555 2404 3652 2477 μὲν
3697 2401 3811 2459 ἔστι

2154 2494 2429 2570 περιττὸς,
2471 2495 2500 2548 6
2551 2491 2598 2547 δ’
2646 2491 2852 2568 ἄρτιος·
2907 2492 3001 2547 εἶτ’
3045 2493 3423 2570 ἀποφήνασθαι
3474 2492 3539 2547 τὸ
3597 2493 3809 2566 συμπέ-

2158 2603 2336 2659 ρασμα
2393 2582 2518 2656 περὶ
2572 2587 2670 2636 τοῦ
2729 2583 2887 2637 πέντε
2942 2582 3103 2654 ὁμοῦ,
3157 2582 3225 2635 τά
3278 2582 3402 2656 περῖ
3459 2585 3568 2636 τῶν
3629 2581 3806 2637 αὐτῶν

2161 2676 2338 2746 μερῶν
2395 2671 2446 2742 ἐξ
2503 2672 2576 2725 ὧν
2641 2673 3010 2743 συντέθειται,
3057 2675 3176 2732 ταῖς
3253 2671 3570 2743 προτάσεσιν
3653 2670 3804 2744 εἰρη-

2160 2761 2308 2834 μένα.

2227 2868 2298 2937 η’.
2357 2867 2507 2928 Τινὲς
2568 2863 2626 2920 δὲ
2678 2865 2878 2939 τρόπον
2936 2862 3033 2920 ἕνα
3074 2866 3165 2921 τὸν
3223 2864 3368 2940 παρᾶ
3421 2865 3667 2922 σύνθεσιν
3714 2866 3802 2921 καὶ

2157 2954 2414 3033 διαίρεσιν
2464 2954 2663 3027 ἔθεντο,
2715 2953 2804 3009 διὰ
2855 2954 2920 3010 τὸ
2974 2956 3037 3009 τὸ
3088 2955 3217 3010 αὐτὸ
3275 2951 3656 3030 διαιρούμενον
3697 2955 3802 3010 ἀπὸ

2153 3043 2312 3100 τοῦδε
2339 3044 2671 3108 συντίθεσθαι
2722 3040 2884 3115 τῷδε,
2928 3043 3017 3098 καὶ
3066 3045 3440 3116 συντιθέμενον
3487 3041 3630 3116 τῷδε
3661 3041 3800 3098 διαι-

2157 3135 2357 3208 ρεῖσθαι
2415 3134 2520 3187 ἀπὸ
2574 3129 2772 3187 τοῦδε.
2831 3135 2955 3187 Οἷον
3014 3130 3102 3186 ἐπὶ
3153 3137 3250 3187 τοῦ
3307 3129 3655 3202 δηλωθέντος
3711 3137 3801 3186 νῦν

2157 3221 2578 3297 παραλογισμοῦ
2633 3222 2700 3275 τά
2752 3222 2905 3276 πέντε
2957 3218 3242 3296 διῄρηνται
3302 3222 3376 3283 είς
3434 3221 3501 3276 τά
3549 3221 3674 3296 τρία
3715 3221 3806 3276 καὶ

397 3284 535 3377 duo,
551 3315 606 3365 et
639 3284 930 3364 devtribus
960 3284 1199 3381 quidem
1232 3311 1608 3382 pradicatum
1643 3315 1731 3364 est
1761 3310 2047 3381 impar,de

2166 3284 2523 3368 t&|860.IK:ﬂ‘t
2573 3314 2677 3365 τῶν
2732 3312 2824 3382 μὲν
2871 3310 2996 3386 τρία
3022 3284 3391 3386 ικατηγορήθη
3438 3310 3500 3365 16
3532 3284 3803 3386 περιττὸν,

397 3397 632 3454 duobus
680 3403 874 3453 autem
906 3416 1029 3469 par,
1053 3401 1224 3470 juxta
1281 3399 1648 3454 divisionem.
1683 3399 1958 3455 Praeterea
1991 3399 2050 3454 in

399 3487 768 3559 sophismate
814 3488 1084 3559 superius
1125 3488 1423 3560 proposito
1470 3487 1532 3540 16
1573 3488 1876 3543 ambulare
1904 3493 1962 3544 et
1989 3487 2052 3541 τὸ

401 3580 600 3649 potest
628 3577 698 3631 de
731 3577 967 3632 sedente
1007 3593 1108 3648 per
1146 3577 1626 3648 compositionem
1659 3579 1814 3633 374
1846 3578 2054 3649 praedi-

400 3668 531 3720 cata
581 3665 864 3720 fuerunt:
898 3665 1150 3721 divisum
1202 3671 1396 3721 autem
1448 3663 1510 3718 τὰ
1560 3665 1864 3721 ambulare
1913 3670 2053 3736 ιιτῷ

399 3757 610 3825 potest,
637 3755 707 3809 de
729 3755 964 3810 Socrate
986 3755 1364 3826 praedicatum
1391 3755 1501 3810 fuit
1520 3755 1748 3811 defectu
1773 3755 2052 3812 admisso.

464 4019 522 4073 9.
553 4019 801 4086 Quintus
833 4022 1044 4077 modus
1073 4022 1290 4093 est,qui
1322 4039 1391 4078 ex
1428 4027 1670 4078 accentu
1704 4027 1830 4091 est;
1865 4023 2057 4078 velut:

397 4105 472 4161 Οῦ
499 4109 647 4181 (ubi)
679 4109 1149 4180 babitas,domus
1176 4116 1300 4177 est;
1329 4109 1401 4162 Οὐ
1438 4113 1599 4181 (non)
1629 4111 2060 4185 babitas,nega’

397 4197 478 4253 tio
529 4202 636 4252 est.
670 4197 892 4253 Domus
944 4199 1122 4269 igitur
1160 4199 1390 4271 negatio
1439 4205 1550 4254 est.
1611 4200 1928 4271 Sophisma
1970 4205 2060 4256 est

399 4302 469 4342 ex
503 4292 770 4342 accentu.
804 4291 867 4340 In
915 4287 1104 4358 priore
1137 4288 1293 4342 enim
1329 4287 1723 4360 propositione
1752 4287 1813 4341 τό
1847 4287 1908 4340 οὗ
1939 4290 2058 4360 spi-

401 4375 519 4430 ritu
551 4392 758 4447 aspero
807 4380 865 4430 et
890 4379 1028 4430 tono
1058 4376 1430 4432 circumﬂexo
1481 4378 1707 4442 datum,
1739 4379 1840 4433 ubi
1877 4377 2056 4449 signi-

403 4464 658 4532 ﬁcabat;
692 4465 751 4518 in
783 4465 1042 4520 secunda
1091 4466 1486 4537 propositione
1516 4482 1650 4520 cum
1684 4465 1800 4520 leni
1848 4467 2056 4536 spiritu

399 4557 458 4608 et
486 4555 614 4609 sine
646 4559 784 4609 tono
816 4558 1116 4625 acceptum
1152 4554 1521 4624 negationem
1553 4553 1892 4609 declaravit.

471 4748 561 4803 10.
591 4748 800 4805 Sextus
833 4749 1044 4804 modus
1075 4754 1164 4803 est
1193 4765 1222 4802 e
1253 4749 1441 4820 ﬁgura
1469 4747 1762 4803 dictionis.
1783 4748 2054 4804 Nomina-

396 4839 496 4891 tur
525 4840 723 4891 autem
757 4837 872 4904 sic,
905 4837 1381 4908 quandoquidem
1418 4838 1754 4906 hujusmodi
1791 4838 2051 4909 conﬁgu-

396 4924 549 4981 ratio
627 4925 924 4995 dictionis,
988 4926 1515 4999 paralogismorum
1585 4927 1763 4997 hujus
1826 4927 2053 4999 generis

392 5028 573 5068 causa
621 5013 715 5068 sit.
770 5014 991 5081 Veluti,
1041 5015 1284 5083 discere,
1339 5022 1427 5070 est
1475 5016 1627 5070 circa
1676 5015 2048 5086 disciplinam

393 5101 645 5173 Operari.
703 5104 941 5174 Operari
1011 5103 1163 5159 circa
1219 5103 1590 5175 disciplinam
1669 5109 1754 5158 est
1823 5106 2045 5160 docere.

388 5189 631 5247 Discere
685 5206 820 5260 ergo
851 5195 940 5246 est
990 5193 1214 5248 docere.
1267 5194 1582 5265 Sophisma
1629 5199 1718 5249 est
1746 5211 1814 5248 ex
1861 5195 2047 5266 figura

390 5277 692 5335 dictionis.
745 5279 1047 5334 Passivum
1079 5283 1235 5335 enim
1287 5283 1344 5336 in
1377 5283 1656 5345 activum,
1685 5288 1742 5337 et
1791 5284 2043 5338 activum

2162 3404 2266 3454 τῶν
2327 3397 2422 3453 δύο
2481 3397 2538 3453 δὲ
2591 3395 2772 3474 ἄρτιον
2834 3399 2968 3453 κατὰ
3025 3395 3296 3474 διαίρεσινο
3355 3395 3520 3477 ἄμφω
3569 3396 3805 3472 δ’ὁμοῦ,

2161 3489 2223 3542 τὸ
2265 3486 2514 3563 περιττὸν
2563 3485 2819 3556 δηλονότι
2866 3488 2955 3542 καὶ
3009 3484 3190 3562 ἄρτιον
3217 3535 3231 3560 ,
3278 3490 3385 3542 τῶν
3435 3486 3593 3542 πέντε
3639 3509 3807 3557 κατηο

2163 3578 2478 3652 γορήθησαν
2529 3577 2664 3630 κατὰ
2711 3575 2971 3631 σύνθεσιν.
3029 3573 3201 3631 Πάλιν
3261 3574 3348 3630 ἐπὶ
3401 3580 3498 3630 τοῦ
3557 3575 3811 3652 ἀνωτέρω

2167 3665 2422 3741 ῥήθέντος
2473 3663 2807 3742 σοφίσματος
2840 3707 2855 3732 ,
2913 3664 2976 3718 τὸ
3037 3662 3269 3740 βαδίζειν
3327 3665 3416 3719 καὶ
3469 3665 3530 3719 τὸ
3592 3657 3813 3718 δύναται

2161 3758 2260 3809 τοῦ
2305 3753 2610 3826 καθημένου
2659 3754 3112 3828 κατηγορήθησαν
3162 3753 3298 3808 κατὰ
3334 3753 3606 3808 σύνθεσιν·
3669 3749 3811 3806 διαι-

2167 3843 2314 3920 ρεθὲν
2362 3840 2420 3898 δὲ
2465 3842 2527 3897 τὸ
2582 3840 2816 3917 βαδίζειν
2860 3841 2968 3897 ἀπὸ
3009 3845 3108 3898 τοῦ
3150 3838 3390 3914 δύναται,
3437 3845 3534 3896 τοῦ
3584 3841 3809 3916 Σωκρά-

2165 3953 2290 3995 τους
2320 3932 2712 4006 κατηγόρηται,
2742 3931 2833 3985 τὸν
2863 3927 3103 4004 ἔκλειψιν
3131 3930 3520 4005 ἀμειψάμενον.

2237 4029 2300 4085 θ’.
2349 4020 2606 4094 Πέμπτος
2643 4019 2844 4096 τρόπος
2892 4021 2921 4074 6
2970 4021 3117 4093 παρὰ
3166 4017 3497 4096 προσῳδίαν·
3547 4020 3686 4074 οῖονο
3739 4019 3812 4074 Οὗ

2165 4109 2450 4171 καταλύεις
2483 4157 2498 4182 ,
2580 4108 2726 4163 οίκία
2782 4108 2922 4163 ἐστίν
2958 4127 2970 4140 ·
3033 4107 3094 4162 οὐ
3151 4105 3437 4170 καταλύεις
3473 4152 3488 4177 ,
3549 4107 3813 4187 ἀπόφασίς

2168 4200 2326 4255 ἐστιν·
2360 4202 2395 4269 ἡ
2441 4197 2586 4253 οὶκία
2622 4199 2723 4272 ἄρα
2769 4197 3036 4275 ἀπόφασίς
3084 4197 3213 4253 ἐστι.
3267 4199 3420 4273 Παρὰ
3462 4197 3565 4265 τὴν
3591 4217 3814 4273 προσῳ-

2169 4287 2283 4344 δίαν
2331 4290 2394 4344 τὸ
2443 4288 2703 4366 σόφισμα.
2746 4288 2832 4342 Ἐν
2881 4288 2975 4359 μὶν
3023 4288 3125 4363 γὰρ
3165 4291 3234 4360 τῇ
3265 4289 3503 4364 προτέρᾳ
3529 4288 3809 4362 προτάσει,

2165 4379 2226 4433 τὸ
2285 4377 2347 4432 οὗ
2405 4378 2539 4449 μετά
2585 4375 2775 4437 δασέος
2817 4375 3122 4447 πνεύματος
3181 4376 3270 4430 καὶ
3325 4376 3484 4431 τόνου
3541 4389 3817 4449 περισπω-

2172 4468 2330 4539 μένου
2374 4463 2523 4520 δοθὶν
2563 4507 2577 4532 ,
2622 4465 2686 4518 τὸ
2733 4463 2868 4518 ὅπου
2914 4463 3224 4534 ἐσήμαινεν·
3268 4463 3320 4518 ἐν
3369 4462 3428 4518 δὶ
3472 4468 3543 4538 τῇ
3593 4462 3816 4541 δευτέρᾳ

2167 4557 2422 4632 προτάσει
2484 4553 2618 4627 μετὰ
2670 4551 2836 4625 ψιλοῦ
2891 4551 3195 4624 πνεύματος
3255 4551 3480 4631 ληφθὲν,
3523 4554 3615 4608 καὶ
3653 4554 3815 4610 τόνου

2074 4651 2120 4714 Ι)
2152 4644 2328 4720 χωρὶς
2360 4640 2632 4712 ἐδήλωσεν
2665 4642 2880 4716 ἄρησιν.

2237 4752 2286 4805 ι’.
2317 4753 2514 4810 Ἕκτος
2541 4747 2742 4822 τρόπος
2769 4749 2797 4801 6
2818 4749 2963 4821 παρὰ
2991 4747 3052 4801 τὸ
3078 4755 3272 4822 σχῆμα
3293 4755 3392 4817 τῆς
3419 4748 3633 4820 λέξεως.
3668 4750 3816 4804 Ὀνο-

2166 4839 2386 4910 μάζεται
2417 4835 2462 4890 δ’
2495 4835 2914 4910 οὕτως,ἐπείπερ
2945 4837 2974 4890 ὁ
2996 4836 3152 4898 ποιὸς
3181 4839 3279 4906 τῆς
3310 4835 3506 4907 λέξεως
3539 4857 3649 4914 σχη
3663 4860 3817 4912 ματι-

2162 4928 2297 4998 σμὸς
2328 4923 2501 4987 αἷίειος
2548 4929 2645 4979 τοῦ
2686 4924 2936 4979 τοιούτου
2972 4924 3168 5001 γίνεται
3199 4925 3636 5002 παραλογισμοῦ·
3673 4929 3815 4994 οἷον,

2157 5017 2227 5070 Τὸ
2265 5016 2547 5088 μανθάνειν
2577 5013 2811 5088 ἐνεργεῖν
2845 5012 2953 5068 ἐστι
2986 5013 3107 5088 περὶ
3155 5015 3252 5082 τήν
3287 5016 3538 5088 μάθησιν·
3569 5019 3634 5070 τῦ
3668 5016 3817 5087 ἐνερ-

2157 5110 2269 5180 γεῖν
2318 5104 2440 5179 περὶ
2490 5104 2586 5171 τὴν
2645 5102 2871 5175 μάθησιν
2915 5099 3181 5157 διδάσκειν
3230 5102 3361 5158 ἐστί·
3410 5105 3473 5158 τὸ
3524 5106 3813 5177 μανθάνειν

2157 5195 2258 5270 ἄρα
2309 5190 2575 5247 διδάσκειν
2625 5191 2786 5246 ἐστίν.
2839 5195 2894 5243 '0
2928 5192 3193 5268 σοφισμὸς
3223 5193 3370 5268 παρᾶ
3396 5193 3457 5248 16
3489 5195 3684 5271 σχῆμα
3710 5200 3810 5262 τῆς

2156 5280 2369 5352 λέξεως.
2406 5283 2832 5356 Ἐσχημάτισται
2879 5280 2980 5355 γάρ
3024 5281 3084 5334 16
3118 5281 3415 5353 μαθητικὸν
3457 5281 3533 5344 είς
3564 5285 3628 5337 τὸ
3663 5282 3810 5358 ἐνερ-

384 5367 448 5423 in
495 5365 795 5437 passivum
866 5368 1179 5437 ﬁguratum
1248 5377 1354 5425 est.
1403 5372 1642 5441 Operari
1689 5371 1842 5425 enim
1893 5371 2043 5425 circa

2166 5371 2396 5446 γητικὸν,
2428 5370 2518 5424 καὶ
2549 5370 2610 5424 16
2641 5368 2981 5444 ἐνεργητικὸν
3034 5369 3111 5431 είς
3143 5371 3204 5424 16
3248 5371 3567 5441 παθητικόν.
3599 5371 3672 5426 T6
3701 5372 3808 5448 γὰρ

389 5452 767 5526 disciplinam
819 5461 875 5510 et
926 5458 1211 5524 passionis
1263 5465 1319 5513 et
1368 5462 1614 5516 actionis
1680 5461 2038 5515 declarandae

386 5543 727 5600 facultatem
762 5543 955 5597 habet.
992 5545 1059 5598 Et
1089 5545 1298 5600 iterum
1331 5565 1341 5601 :
1378 5548 1526 5602 Num
1569 5550 1854 5619 contingit
1883 5549 2034 5604 idem

384 5631 565 5691 simul
621 5633 808 5688 facere
841 5636 898 5686 et
930 5632 1176 5687 fecisse?
1225 5651 1338 5689 non
1372 5652 1384 5689 :
1421 5637 1566 5700 Quid
1588 5637 1614 5690 ?
1644 5655 1715 5691 an
1753 5654 1865 5692 non
1897 5655 2033 5692 con-

2152 5460 2384 5533 ἐνεργεῖν
2436 5459 2560 5534 περὶ
2589 5460 2688 5526 τήν
2748 5459 2976 5531 μάθησιν
3029 5459 3116 5513 καὶ
3161 5461 3358 5520 πάθους
3409 5460 3499 5515 καὶ
3531 5460 3806 5536 ἐνεργείας

2147 5546 2455 5617 δηλωτικόν
2492 5547 2622 5601 ἐστι.
2677 5547 2774 5600 Καὶ
2825 5545 3008 5600 πάλιν·
3061 5549 3182 5622 'Ap'
3236 5545 3506 5624 ἐνδέχεται
3555 5548 3618 5603 16
3670 5549 3800 5604 αὕτό

2145 5644 2316 5691 ποιεῖν
2372 5638 2485 5709 ἅμα
2535 5637 2625 5691 καὶ
2672 5633 3027 5703 πεποιηκέναι
3064 5636 3268 5712 ςοῦχί.
3323 5637 3383 5691 Τί
3432 5635 3478 5692 δ’
3509 5636 3614 5692 οὐκ
3661 5635 3806 5693 ἐνδέ-

383 5721 558 5796 tingit
608 5721 758 5776 idern
792 5719 970 5776 simul
1019 5720 1208 5777 videre
1258 5723 1406 5779 875
1455 5728 1510 5778 et
1556 5725 1820 5780 vidisse?
1851 5743 2028 5797 quare

2166 5747 2284 5781 ἐται
2335 5725 2397 5779 τὸ
2444 5725 2572 5780 αὐτὸ
2631 5724 2718 5778 καὶ
2769 5725 2895 5799 ὁρᾷν
2941 5724 3053 5796 ἅμα
3103 5725 3190 5779 καὶ
3270 5725 3606 5800 έωρακέναις
3656 5723 3805 5781 ὥστε
