4108 6446
366 401 482 471 985

1700 398 2053 464 EPITOME
2094 386 2399 464 LOGICA.

3629 374 3750 456 986

366 538 456 593 καὶ
513 539 685 592 ποιεῖν
739 532 828 591 καὶ
893 534 1273 603 πεποιηκέναι.
1336 531 1486 607 Παρᾶ
1538 532 1599 587 τὸ
1654 538 1848 607 σχῆμα
1901 538 2002 601 τῆς

2133 536 2170 588 ει
2213 534 2399 588 facere
2440 534 2497 587 et
2548 529 2775 587 fecisse.
2828 529 2897 585 Et
2942 529 3050 585 hoc
3099 526 3402 599 sophisma
3446 543 3515 583 ex
3562 526 3752 599 ﬁgura

368 625 564 696 λέξεως
595 624 684 680 καὶ
732 628 893 680 τοῦτο
940 624 999 678 τὸ
1043 623 1301 701 σόφισμα.
1352 622 1421 675 Τὸ
1470 622 1572 697 γὰρ
1622 622 1747 695 ὁρᾷν
1782 621 1870 676 καὶ
1917 620 2012 675 ἐω-

372 715 608 791 ρακέναι,
668 713 763 768 κᾶν
823 713 899 775 εἷς
954 711 1192 788 παρόντα
1245 710 1334 765 καὶ
1392 710 1799 785 παρῳχημένον
1844 709 2010 785 ἐσχη-

2118 620 2388 675 dictionis
2434 624 2542 675 est.
2589 619 2799 674 Videre
2846 617 3002 673 enim
3044 620 3101 673 et
3142 617 3361 672 vidisse
3405 615 3640 671 tametsi
3690 615 3751 670 in

2120 726 2374 781 presens
2405 714 2461 764 et
2494 708 2846 781 praeteritum
2868 707 3117 779 ﬁgurata
3144 710 3314 761 sunt:
3334 721 3521 761 unum
3549 708 3749 760 tamen

375 803 622 876 μάτισται
672 801 893 878 χρόνον,
934 800 1080 871 πλὴν
1120 800 1175 854 ἓν
1219 799 1473 871 σημαίνει
1519 798 1609 853 καὶ
1655 799 1717 853 τὸ
1764 797 1892 853 αὐτὸ
1924 796 2011 852 διὰ

2133 800 2390 870 demque
2437 797 2792 870 significant,
2832 799 3137 868 propterea
3185 795 3336 866 quod
3384 794 3526 849 citra
3571 793 3751 849 inter—

370 892 432 946 τὸ
492 892 608 946 οἷον
660 887 908 968 ἀχρόνως
953 890 1043 944 καὶ
1086 887 1417 950 ἀδιαστάτως
1467 890 1564 957 τήν
1624 886 1806 964 ὅρασιν
1866 887 2008 962 ἐνερ-

369 984 501 1056 γεῖν.
556 982 709 1044 Ὅθεν
765 978 895 1055 ὅπερ
936 999 1019 1040 τις
1067 978 1185 1053 ὁρᾷ,
1235 982 1397 1031 τοῦτο
1456 976 1748 1053 μονονουχὶ
1795 976 1885 1030 καὶ
1916 976 2012 1030 ἑώ-

374 1090 518 1145 ρακε.
573 1074 752 1124 Ποιεῖν
804 1066 861 1123 δὲ
908 1067 996 1123 καὶ
1045 1063 1399 1136 πεποιηκέναι
1445 1064 1507 1119 td
1555 1064 1683 1120 αὐτὸ
1732 1064 1830 1120 οὐκ
1867 1062 2008 1119 ἐνδέ-

371 1178 528 1234 χεται
559 1161 671 1231 ἅμα
700 1156 788 1213 διὰ
812 1158 911 1226 τὴν
943 1161 1048 1211 τῶν
1095 1155 1307 1232 χρόνων
1353 1152 1647 1211 διάστασιν.
1679 1154 1750 1208 Τὸ
1786 1154 1878 1226 μὶν
1910 1153 2009 1228 γὰρ

369 1251 545 1301 ποιεῖν
573 1246 833 1301 ἐνεστῶτα
861 1245 1059 1322 χρόνον
1094 1241 1278 1313 δηλοῖ*
1310 1244 1371 1298 τὸ
1424 1241 1483 1298 δὲ
1529 1243 1883 1313 πεποιηκέναι
1923 1242 2012 1296 τὸν

370 1334 811 1412 παρεληλυθότα.

2116 887 2335 942 vallum
2383 892 2439 942 et
2469 886 2806 942 distantiam
2853 885 2998 939 visio
3048 888 3334 956 operetur.
3384 882 3545 938 Unde
3595 882 3751 954 quod

2120 974 2252 1047 quis
2302 976 2476 1042 videt,
2510 979 2739 1029 tantum
2787 990 2903 1029 non
2933 974 3107 1028 etiam
3147 972 3309 1027 vidit.
3344 971 3501 1026 Idem
3555 974 3752 1027 autem

2119 1064 2305 1119 facere
2334 1068 2389 1119 et
2420 1064 2624 1119 fecisse
2656 1067 2887 1134 propter
2937 1067 3267 1133 temporum
3299 1059 3637 1116 distantiam
3670 1059 3756 1114 si-

2120 1153 2243 1209 mul
2273 1170 2387 1209 non
2421 1152 2721 1224 contingit.
2754 1157 2958 1207 Facere
2993 1151 3147 1206 enim
3192 1166 3445 1221 praesens
3475 1153 3711 1222 tempus
3740 1167 3755 1216 ;

2120 1242 2325 1298 iecisse
2356 1246 2569 1313 autem,
2602 1240 2958 1313 praeteritum
2988 1239 3264 1296 declarat.

1202 1477 1407 1550 Σχῆμα
1434 1472 1625 1552 κεφαλ.
1660 1472 1739 1543 λζ’
1744 1521 1760 1547 ,
1790 1473 1913 1549 περὶ
1944 1476 2051 1527 τῶν
2074 1474 2220 1549 παρὰ
2245 1473 2342 1541 τὴν
2377 1470 2518 1542 λέξιν
2551 1472 2923 1549 σοφισμάτων.

752 1744 755 1749 .
875 1762 906 1766 η
1123 1682 1147 1766 λ
1219 1682 1527 1766 ἀμφιϐολία

752 1744 755 1749 .
1219 1710 1253 1743 α
1301 1710 1548 1766 φιοοΛια,

368 1765 445 1819 Τὰ
491 1764 637 1837 παρᾶ
664 1764 777 1837 λτὴν
829 1762 971 1832 λέξιν
1026 1710 1147 1837 00-)
1222 1710 1485 1837 σὲνβεσις,

617 1829 874 1912 φῐσματα.
904 1829 915 1832 '
1126 1829 1147 1912 λ
1222 1829 1501 1912 διαίρεσές,

1220 1900 1522 1978 προξτῳδ-ια2

1221 1617 1532 1689 ὁμωνυμία,

1219 1682 1527 1781 ἀμφιϐολία

1222 1762 1485 1830 συνθεσις,

1222 1829 1501 1907 διαίρεσις,

1220 1900 1532 1997 προσῳδξιπξι

1221 1972 1413 2049 σχῆμα
1444 1972 1657 2046 λέξεως.

1364 2278 1577 2334 Tabula
1602 2279 1796 2350 capitis
1824 2277 1913 2349 37,
1943 2276 2010 2333 de
2036 2277 2392 2349 sophismatis
2420 2278 2483 2332 in
2511 2277 2781 2333 dictione.

1220 2475 1592 2546 amphibolia,

1222 2546 1577 2616 compositio,

1221 2618 1446 2686 divisio,

1221 2696 1508 2757 accentus,

1219 2760 1400 2831 ﬁgura
1428 2759 1717 2816 dictionis.

364 2546 722 2618 Sophismata
758 2546 822 2603 in
860 2414 1149 2816 dictioni

607 2623 740 2675 sunt
774 2634 871 2674 sex

607 2623 740 2675 sunt
774 2634 871 2674 sex

1221 2404 1587 2473 homonymia
1617 2417 1715 2459 seu
1748 2401 2137 2473 aequivocatio,

1516 3071 1523 3079 _
1572 2998 1907 3057 BYNOPSIS
1943 2999 2223 3057 CAPITIS
2262 2999 2556 3058 XXXVIII.

1373 3105 1524 3153 QUOD
1562 3104 1663 3145 EST
1700 3105 1771 3144 DE
1808 3105 2181 3146 BOPHISMATIS
2217 3106 2399 3146 ΕῙΤΒΛ
2438 3104 2765 3146 DICTIONEM.

371 3203 737 3276 LConjungit
790 3205 888 3261 hoc
932 3208 1102 3277 caput
1146 3222 1271 3261 cum
1322 3207 1622 3277 superiore.
1653 3235 1723 3246 —-
1775 3205 1830 3277 2.
1864 3206 2072 3277 Septem
2132 3207 2319 3262 modos
2374 3207 2798 3275 sophisticomm
2845 3204 3194 3262 etenchorum
3245 3204 3408 3277 extra
3463 3203 3762 3277 dictionem

436 3273 741 3331 enumerat.
786 3305 855 3319 —-
899 3276 952 3331 3.
989 3273 1242 3333 Primum
1285 3273 1507 3332 modum
1560 3292 1630 3333 ex
1677 3273 1955 3333 accidente
2000 3279 2269 3349 exemplis
2313 3273 2572 3333 declarat.
2622 3309 2692 3319 —-
2740 3279 2792 3333 4.
2848 3277 3095 3335 Ostendit
3134 3274 3435 3347 propositos
3516 3273 3763 3344 aralogi-

436 3363 576 3401 smos
604 3349 777 3401 trium
825 3351 1186 3401 posteriorum
1210 3348 1592 3401 exemnlorum
1637 3364 1787 3401 nosse
1815 3351 1983 3401 etiam
2036 3349 2110 3401 ad
2150 3349 2371 3401 modum
2421 3349 2797 3401 homonumz'z
2840 3349 3103 3401 revocari.
3150 3375 3220 3388 —
3266 3346 3423 3401 ατο
3559 3344 3761 3401 Secun-

431 3363 576 3422 s_mos
604 3349 777 3422 trium
823 3351 1186 3422 posteriorum
1210 3348 1592 3419 exemplorum
1636 3364 1787 3419 posse
1815 3351 1983 3404 etiam
2036 3349 2110 3403 ad
2150 3346 2371 3405 modum
2421 3349 2797 3422 homonymiz
2840 3349 3103 3422 revocari.
3150 3346 3243 3388 —’
3266 3346 3423 3422 ατο

3559 3344 3761 3401 Secun-

434 3418 567 3493 dum
594 3416 836 3493 modum'
860 3421 1120 3490 explicat,
1162 3429 1213 3493 et
1243 3416 1373 3493 quid
1399 3428 1481 3476 est
1528 3416 1859 3491 compositus
1882 3428 2093 3492 partem
2121 3437 2216 3493 seu
2243 3423 2476 3491 speciem
2502 3416 2793 3493 utramque
2837 3420 3093 3476 describit
3118 3427 3171 3474 et
3197 3417 3464 3487 exemplis
3492 3416 3758 3493 declarat.

434 3490 579 3572 -—'_6.
609 3491 715 3572 Exﬁ
738 3491 1081 3572 ignoratione
1125 3490 1335 3572 elenchi
1381 3495 1613 3572 tertium
1646 3490 2173 3572 modumlexcmplo
2211 3490 2492 3572 patefacit.
2534 3490 2713 3572 -‘-‘_7.‘
2757 3496 3026 3572 Quartum
3071 3505 3150 3572 ac
3189 3492 3546 3572 consequente
3579 3502 3763 3572 expo-

432 3562 537 3615 nit.
568 3561 736 3637 —“8_.
766 3557 1047 3637 Quintam
1072 3562 1360 3637 appetendo
1392 3566 1455 3637 et
1482 3561 1802 3629 accipiendo
1848 3557 2097 3637 id_quod'
2118 3565 2180 3618 in
2211 3557 2495 3635 principio
2541 3564 2651 3633 fuit
2691 3557 3047 3637 propositam,
3093 3562 3226 3637 sive
3256 3565 3319 3616 ut
3357 3557 3511 3615 alias
3549 3557 3761 3637 dicitur

432 3630 1148 3761 Ξῗιϐρῗὲξέἴῧξίῖἔηείρίὶζ
1181 3665 1249 3676 -
1294 3634 1345 3689 9'.
1379 3633 1607 3689 Sextum
1650 3646 1687 3689 a
1712 3630 1964 3706 ponendo
2007 3650 2119 3691 non
2164 3630 2415 3690 causam'
2438 3643 2500 3691 ut
2540 3630 2894 3691 causa'm.'—
2940 3635 3028 3690 10.
3074 3633 3381 3705 Septimum
3425 3647 3461 3688 a
3502 3630 3759 3703 pluribus

432 3705 855 3775 interrogationi

976 3942 1230 4010 ΚΕΦΑΛ.
1262 3953 1391 4009 ΑΠ’.

578 4038 708 4115 Περὶ
746 4044 853 4095 τῶν
883 4038 1035 4103 ἐκτὸς
1064 4047 1164 4111 τῆς
1196 4040 1395 4113 λέξεως
1427 4042 1797 4119 σοφισμάτων.

433 4149 467 4183 α
487 4172 500 4187 .
531 4132 644 4184 Τῶν
674 4132 1078 4207 σοφισματικῶν
1103 4129 1321 4204 τρόπων
1348 4127 1404 4200 ἓξ
1439 4130 1533 4203 μὶν
1565 4131 1710 4203 παρά
1736 4131 1836 4200 τὴν
1867 4128 2012 4201 λέξιν

367 4216 496 4290 εἶσὶ,
528 4216 652 4294 περὶ
683 4217 755 4272 ὧν
786 4237 1028 4294 προσεχς
1062 4218 1465 4291 ὑπεμνήσαμεν.

436 4306 504 4381 β’.
536 4305 702 4361 Ἑπτὰ
758 4304 815 4362 δὲ
869 4313 967 4377 τῆς
1030 4304 1225 4377 λέξεως
1275 4306 1444 4367 ἐκτός·
1504 4308 1650 4383 παρᾶ
1703 4308 1767 4361 τὸ
1812 4302 2013 4380 συμϐε-

359 4389 558 4466 ϐηκὸς,
589 4394 735 4472 παρᾶ
761 4396 824 4450 τὸ
854 4398 934 4464 πῆ
964 4394 1052 4451 καὶ
1101 4394 1314 4468 ἁπλῶς,
1346 4394 1493 4470 παρὰ
1518 4396 1618 4464 τήν
1650 4400 1747 4451 τοῦ
1778 4396 2016 4472 ἐλέγχου

362 4479 605 4558 ἄγνοιαν,
661 4482 809 4559 παρᾶ
860 4484 925 4538 τὸ
983 4482 1274 4557 πὲόμενον,
1330 4484 1476 4558 παρὰ
1526 4484 1591 4538 τὸ
1645 4484 1707 4538 τὸ
1766 4482 1817 4538 ἐν
1865 4484 2014 4560 ἀρχῇ

359 4571 651 4639 αἰτεῖσθαι,
699 4571 847 4648 παρᾶ
889 4572 952 4627 τὸ
1002 4573 1205 4627 τιθέναι
1242 4572 1303 4627 τὸ
1362 4574 1438 4645 μὴ
1473 4569 1644 4628 αἷ¹τιον
1696 4572 1772 4635 ὡς
1818 4571 2013 4627 αἷ¹τιονσ

355 4660 419 4723 ὃς
483 4660 550 4729 δὴ
611 4661 819 4737 τρόπος
877 4661 967 4716 καὶ
1030 4660 1106 4734 μὴ
1162 4663 1309 4734 παρὰ
1357 4666 1518 4716 τοῦτο
1568 4661 2011 4735 κατονομάζεται·

362 4749 511 4826 παρὰ
534 4749 598 4803 τὸ
630 4748 697 4804 τὰ
723 4748 901 4805 πλείω
931 4748 1259 4825 ἐρωτήματα
1285 4748 1340 4804 ἓν
1368 4755 1566 4808 ποιεῖν.

427 4927 499 5003 γ’.
520 4927 687 5005 Παρὰ
709 4924 772 4982 τὰ
804 4921 1150 4999 συμϐεϐηκὸς
1186 4926 1298 5001 μὲν,
1330 4928 1466 4997 οἷον,
1486 4928 1543 4985 '0
1574 4927 1871 5002 Σωκράτης
1899 4924 2013 4984 ἕτε-

364 5032 459 5090 ρον
494 5013 808 5078 Πλάτωνος.
843 5016 901 5068 Ὀ
930 5014 1161 5070 Πλάτων
1194 5016 1496 5093 ἂνθρωποςς
1524 5016 1552 5069 ὁ
1586 5015 1884 5092 Σωκράτης
1915 5013 2017 5093 ἄρα

356 5088 540 5179 ἕτερόν
588 5124 641 5158 τι
690 5107 788 5158 τοῖ’)
832 5102 1141 5181 ἀνθρώπου.
1192 5088 1417 5179 Λέγεται
1450 5088 1507 5158 δέ
1545 5106 1690 5179 παρὰ
1716 5088 1779 5158 τὸ
1811 5088 2013 5178 σάμϐε-

366 5186 539 5262 ϐηχὸς
567 5189 651 5247 ὅτι
687 5193 762 5266 μὴ
794 5192 932 5247 κατά
952 5191 1107 5270 φύσιν
1130 5187 1310 5269 ἕτερόν
1344 5192 1505 5265 ἐστιν,
1539 5193 1568 5247 ὁ
1601 5192 1899 5268 Σωκράτης
1918 5196 2015 5247 τοῦ

348 5279 682 5355 Πλάτωνος,
734 5274 881 5336 ἀλλὰ
929 5282 1046 5335 καθ’
1094 5281 1381 5336 ὑπόστασιν
1408 5282 1499 5336 καὶ
1528 5282 1621 5343 τὰς
1655 5282 2013 5344 ὑποπατικάς

2041 3958 2091 4023 Β

2664 3953 2892 4013 CAPUT
2930 3952 3218 4010 XXXVIII.

2449 4044 2525 4100 De
2552 4043 2900 4117 sophismatis
2930 4045 3088 4099 extra
3116 4041 3434 4098 dictionem.

2198 4134 2247 4189 1.
2282 4132 2598 4205 Sophistici
2643 4132 2801 4188 modi
2830 4131 2891 4187 in
2922 4130 3175 4187 dictione
3202 4134 3342 4187 sunt
3370 4145 3489 4198 sex,
3513 4142 3763 4201 quorum

2126 4222 2491 4278 continenter
2520 4220 2875 4277 mentionem
2908 4219 3174 4275 fecimus.

2195 4314 2249 4367 2.
2284 4312 2458 4367 Extra
2505 4309 2842 4378 dictionem,
2888 4312 3154 4382 septem:
3201 4309 3280 4364 Ex
3326 4306 3644 4374 accidente,
3695 4321 3766 4361 ex

2127 4416 2194 4457 eo
2225 4401 2382 4473 quod
2407 4403 2496 4456 est
2524 4400 2953 4472 quadamtenus
2982 4401 3041 4454 et
3066 4396 3429 4470 simpliciter,
3443 4412 3512 4452 ex
3538 4395 3767 4468 ignora-

2125 4489 2283 4546 tione
2330 4488 2579 4558 elencbi,
2608 4504 2679 4544 ex
2708 4490 3119 4559 consequente,
3146 4502 3215 4542 ex
3248 4502 3315 4542 eo
3346 4484 3501 4556 quod
3549 4483 3767 4556 petitur

2125 4578 2186 4632 in
2216 4577 2503 4650 principio
2553 4576 2939 4649 propositum,
2972 4592 3042 4632 ex
3064 4591 3131 4631 eo
3161 4575 3317 4646 quod
3349 4573 3514 4647 ponit
3550 4571 3766 4645 aliquis

2128 4683 2244 4722 non
2297 4683 2535 4722 causam
2577 4670 2644 4722 ut
2694 4681 2953 4735 causam,
3004 4664 3104 4736 qui
3150 4664 3326 4720 etiam
3392 4662 3603 4719 modus
3648 4676 3764 4717 non

2126 4759 2361 4828 propter
2406 4755 2515 4811 hoc
2561 4754 3014 4820 denominatur;
3047 4769 3117 4809 ex
3144 4769 3211 4809 eo
3249 4751 3405 4824 quod
3452 4749 3651 4823 plures
3680 4748 3767 4804 in-

2126 4844 2545 4916 terrogationes
2574 4843 2787 4911 aliquis
2817 4858 2994 4897 unam
3026 4840 3181 4897 facit.

2195 4934 2248 4989 3.
2299 4934 2382 4989 Ex
2426 4932 2725 4989 accidente
2781 4930 3039 5003 quidem,
3086 4928 3244 4985 velut
3296 4946 3310 4984 :
3367 4929 3631 4986 Socrates
3674 4930 3767 4983 est

2127 5021 2421 5078 diversum
2473 5020 2613 5093 quid
2646 5036 2680 5075 a
2725 5018 2985 5074 Platone.
3035 5017 3194 5073 Plato
3243 5020 3333 5073 est
3377 5016 3551 5073 homo
3583 5033 3598 5072 :
3627 5030 3765 5089 ergo

2124 5110 2387 5165 Socrates
2436 5108 2731 5163 diversum
2778 5105 2918 5178 quid
2970 5109 3059 5161 est
3111 5105 3183 5160 ab
3235 5104 3493 5161 homine.
3546 5103 3766 5161 Dicitur

2124 5202 2319 5253 autem
2353 5213 2422 5252 ex
2470 5195 2785 5262 accidente,
2819 5193 2956 5265 quia
3003 5194 3269 5250 Socrates
3303 5210 3337 5250 a
3366 5192 3604 5250 Platone
3651 5209 3766 5249 non

2126 5285 2447 5341 secundum
2480 5283 2889 5349 naturam,sed
2925 5282 3251 5337 secundum
3280 5281 3622 5355 hypostasin
3651 5282 3764 5354 (in-

352 5366 656 5437 ῐδιότητας.
687 5368 863 5425 Ταῦτα
912 5368 971 5425 δὲ
1015 5371 1190 5424 πάντα
1236 5369 1359 5445 περὶ
1405 5371 1505 5438 τὴν
1536 5369 1688 5447 φύσιν
1724 5370 1857 5424 εἰσὶν
1889 5367 2011 5425 ἀλλ’

2133 5373 2451 5445 dividuum)
2480 5378 2536 5428 et
2567 5372 2948 5446 proprietates
2977 5369 3767 5443 hypostaticas(individuan-

352 5456 415 5513 οὐ
447 5458 653 5536 φύσεις·
711 5458 775 5513 τὺ
825 5458 1189 5534 συμπέρασμα
1240 5455 1298 5512 δὲ
1349 5454 1531 5514 λαϐὼν
1584 5458 1689 5513 ἀπὸ
1729 5463 1839 5514 τῶν
1877 5458 2002 5533 περὶ

2133 5461 2401 5535 .es)871
2458 5462 2755 5517 diversum
2807 5464 2916 5515 est.
2951 5458 3081 5514 Hec
3130 5463 3325 5514 autem
3365 5459 3565 5516 omnia
3612 5458 3768 5514 circa

351 5546 450 5615 τήν
511 5547 692 5624 φύσιν.
753 5550 851 5617 τὴν
911 5544 1203 5623 ἑτερότητα
1255 5546 1394 5624 πρὸς
1458 5549 1557 5617 τὴν
1616 5547 1771 5627 φύσιν
1833 5550 2001 5620 μετή-

351 5640 525 5711 νεγκε.
581 5634 774 5709 Πάλιν,
829 5636 886 5690 Ὁ
947 5635 1231 5715 ἅνθρωπος
1293 5639 1453 5704 ζῶον·
1510 5638 1573 5691 τὸ
1633 5636 1769 5706 ζῶον
1824 5634 1998 5711 γένος·

2117 5556 2411 5616 naturam,
2445 5567 2560 5606 non
2606 5556 2820 5605 natura
2852 5552 3017 5613 sunt,
3052 5547 3218 5619 atqui
3248 5546 3546 5603 conclusio
3577 5547 3764 5602 diver-

2115 5638 2347 5695 sitatem
2398 5638 2468 5696 ab
2500 5638 2572 5695 iis
2604 5643 2902 5711 sumptam
2964 5652 3091 5709 quae
3121 5636 3275 5692 circa
3303 5643 3573 5695 naturam
3605 5639 3763 5702 sunt,

353 5724 383 5778 ὁ
413 5724 699 5799 ἄνθρωπος
748 5727 851 5801 ἄρα
897 5725 1072 5800 γένος.
1114 5724 1234 5797 Καὶ,
1284 5729 1339 5777 Ὁ
1390 5723 1589 5801 Πέτρος
1636 5727 1939 5803 ἄνθρωπος·
1973 5725 2002 5778 ὁ

2133 5728 2187 5783 Id
2229 5727 2420 5811 ipsam
2470 5733 2741 5791 naturam
2794 5724 3115 5783 transtulit.
3172 5725 3409 5795 Iterum,
3444 5724 3627 5782 Homo
3674 5725 3766 5780 est
