4108 6494
287 332 408 399 987

1531 343 1954 409 NICEPHORI
1996 342 2437 409 BLEMMIDJE

3559 343 3682 408 988

289 470 754 542 animal,animal
784 479 874 534 est
901 491 1250 552 genus,ergo
1279 477 1453 536 homo
1482 484 1572 537 est
1598 483 1876 552 genus.Et
1908 495 1919 533 :

2046 478 2324 553 Ξὶνθρωπος
2372 472 2755 554 τρισύλλαϐον·
2798 478 2826 533 6
2872 474 3075 554 Πέτρος
3133 475 3235 553 ἄρα
3287 469 3678 551 τρισύλλαϐον.

292 558 499 617 Petrus
550 567 639 618 est
680 560 999 639 ἅνθρωποςς
1048 563 1329 640 ἅνθρωπος
1378 573 1466 624 est
1512 567 1930 641 trisyllabum;

305 664 441 722 ergo
488 655 696 708 Petrus
726 659 814 709 est
833 654 1221 727 trisyllabum.
1253 657 1382 713 Haec
1429 663 1486 713 et
1530 660 1658 727 ejus
1704 656 1934 730 generis

305 737 667 809 sophismata
696 758 764 796 ex
813 745 1106 800 accidente
1137 752 1311 816 sunt;
1345 764 1531 819 neque
1560 748 1715 801 enim
1748 763 1932 818 genus

302 826 372 884 de
402 828 638 886 homine
666 833 1056 889 essentialiter
1084 836 1451 906 praedicatur,
1470 853 1657 908 neque
1688 834 1934 907 trisylla-

290 917 431 973 bum
461 920 533 975 de
565 919 800 978 homine
829 924 1214 980 essentialiter
1242 926 1511 981 ellertur:
1547 932 1611 980 ut
1639 943 1705 980 ex
1738 942 1940 982 neces-

292 1008 463 1063 sitate
492 1007 633 1065 illud
666 1012 904 1083 quidem
935 1013 1006 1067 de
1054 1013 1309 1085 homine,
1341 1015 1447 1071 hoc
1479 1016 1549 1071 de
1580 1016 1744 1071 Petro
1777 1016 1929 1071 dice-

290 1102 468 1153 retur.
521 1097 665 1153 Cum
697 1105 892 1156 autem
944 1103 1272 1172 praedicatio
1323 1105 1387 1159 ﬁt
1438 1122 1548 1160 non
1602 1106 1925 1162 essentiali-

290 1190 400 1256 ter,
433 1187 534 1241 sed
588 1188 1039 1256 accidentaliter,
1075 1208 1190 1247 non
1221 1194 1420 1249 omnia
1446 1211 1573 1265 quae
1605 1195 1674 1249 de
1721 1195 1927 1266 praedi-

292 1278 418 1331 cato
448 1275 743 1348 dicuntur,
776 1294 1013 1336 necesse
1055 1287 1145 1337 est
1172 1282 1347 1337 etiam
1397 1283 1468 1337 de
1498 1283 1759 1353 subjecto
1790 1284 1923 1339 dici.

293 1363 519 1420 Rursus
547 1365 608 1420 in
640 1370 898 1423 secunda
927 1369 1116 1441 ﬁgura
1143 1387 1156 1426 :
1191 1371 1301 1427 Mel
1333 1371 1717 1428 intentionem
1750 1378 1807 1428 et
1841 1390 1925 1429 re-

294 1453 634 1510 missionem
681 1473 795 1512 non
828 1459 1094 1531 suscipit,
1128 1460 1295 1516 dulce
1342 1461 1722 1518 intentionem
1753 1468 1810 1518 et
1839 1479 1925 1517 re-

292 1541 632 1600 missionem
693 1546 958 1619 suscipit,
1018 1564 1154 1620 ergo
1227 1549 1340 1605 mel
1398 1567 1512 1606 non
1570 1558 1659 1607 est
1736 1552 1923 1608 dulce.

289 1631 360 1687 Et
388 1632 599 1688 iterum
633 1652 646 1688 :
678 1634 889 1690 Album
919 1641 1008 1692 est
1035 1639 1357 1694 secundum
1391 1640 1579 1712 magis
1621 1646 1678 1696 et
1707 1643 1923 1697 minus.

291 1720 913 1794 Cygnus,nix,cerussa
942 1727 1265 1783 secundum
1297 1730 1485 1801 magis
1506 1734 1561 1785 et
1590 1730 1786 1787 minus
1810 1748 1920 1787 non

2040 571 2213 621 Ταῦτα
2268 567 2355 621 καὶ
2406 568 2472 621 τὰ
2524 573 2745 623 τοιαῦτα
2803 568 3109 645 σοφίσματα
3166 567 3312 641 παρὰ
3358 567 3423 621 τὸ
3478 560 3680 639 συμϐε-

2041 650 2232 725 ϐηκός·
2283 656 2405 711 οὕτε
2456 657 2559 733 γὰρ
2620 659 2759 726 ζώου
2814 660 3191 732 κατηγορεῖται
3247 655 3309 709 τὸ
3373 653 3525 731 γένος
3586 653 3680 709 ού-

2041 741 2276 811 σιωδῶς,
2332 745 2455 799 οὔτε
2498 751 2596 799 τσῦ
2644 745 2930 820 ἀνθρώπου
2977 745 3038 798 τὸ
3084 739 3447 820 τρισύλλαϐον
3479 742 3677 798 οὐσιω-

2042 830 2268 905 δῶς,’ίν’
2320 832 2370 903 ἐξ
2418 834 2655 909 ἀνάγκης
2698 835 2760 888 τὸ
2813 836 2905 907 μὲν
2954 833 3088 888 κατᾶ
3134 837 3231 888 τοῦ
3279 833 3585 909 ἀνθρώπου,
3616 832 3679 887 τὸ

2041 919 2099 977 δὲ
2124 923 2259 977 κατὰ
2307 927 2401 976 τοῦ
2434 921 2637 998 Πέτρου
2688 922 2952 998 λεχθεῖεν.
2988 920 3282 994 Γινομένης
3334 918 3391 976 δέ
3439 928 3539 990 τῆς
3582 942 3680 975 κα·-

2036 1011 2299 1088 τηγορίας
2354 1013 2430 1084 μὴ
2481 1009 2780 1081 ούσιωδῶς,
2830 1010 2957 1067 ἀλλ’
3006 1008 3376 1081 ἐπουσιωδῶς,
3427 1010 3533 1086 οὐχ
3582 1009 3684 1065 ὅσα

2038 1102 2172 1155 κατὰ
2224 1105 2319 1155 τοῦ
2388 1101 2863 1177 κατηγορουμένου
2942 1099 3204 1174 λέγεται,
3260 1101 3409 1155 ταῦτ’
3468 1099 3679 1174 ἀνάγκη

2036 1190 2125 1243 καὶ
2181 1190 2317 1244 κατά
2369 1194 2466 1244 τοῦ
2528 1188 2878 1263 ὑποκειμένου
2936 1187 3184 1264 λέγεσθαι
3240 1187 3448 1244 πάντα.
3507 1187 3679 1244 Πάλιν

2038 1279 2091 1333 ἐν
2151 1275 2384 1351 δευτέρῳ
2445 1281 2713 1354 σχήματι·
2772 1278 2852 1335 Τὸ
2908 1277 3033 1351 μέλι
3095 1276 3332 1333 ἐπίτασιν
3379 1277 3469 1332 καὶ
3502 1277 3678 1333 ἄνεσιν

2036 1366 2134 1421 οὐκ
2189 1365 2516 1442 ἐπιδέχεται·
2573 1367 2638 1422 τὸ
2694 1365 2867 1442 γλυκὺ
2916 1366 3152 1422 ἐπίτασιν
3201 1367 3291 1421 καὶ
3344 1367 3519 1422 ἄνεσιν
3561 1365 3682 1421 ἐπι-

2036 1454 2273 1532 δέχεται·
2304 1457 2366 1510 τὸ
2399 1456 2527 1529 μέλι
2557 1458 2659 1532 ἄρα
2707 1456 2806 1510 οὐκ
2853 1452 2961 1511 ἔστι
3010 1455 3205 1530 γλυκύ.
3259 1455 3358 1510 Καὶ
3406 1453 3576 1519 αὖθις·
3608 1455 3683 1510 Τὸ

2035 1546 2224 1602 λευκὸν
2274 1547 2409 1600 κατὰ
2453 1544 2517 1601 τὰ
2564 1543 2774 1618 μᾶλλον
2819 1547 2908 1600 καὶ
2954 1545 3113 1614 ἧττόν
3164 1544 3325 1603 ἐστιν.
3357 1546 3414 1600 '0
3458 1544 3685 1616 κύκνος,

2033 1638 2068 1705 ἡ
2100 1636 2263 1710 χιὼν,
2291 1635 2353 1690 τὸ
2395 1634 2711 1709 ψιμμίθιον,
2753 1635 2887 1689 κατὰ
2912 1635 2975 1688 τὸ
3009 1632 3218 1708 μᾶλλον
3250 1633 3340 1688 καὶ
3386 1637 3548 1703 ἧττον
3582 1633 3684 1689 οὐκ

2034 1723 2165 1779 εἰσίν
2202 1746 2213 1758 ·
2262 1723 2360 1779 ούκ
2415 1725 2516 1798 ἄρα
2581 1728 2748 1778 ταῦτα
2801 1721 2986 1779 λευκά.
3045 1724 3198 1799 Παρὰ
3250 1723 3311 1777 τὸ
3366 1717 3684 1796 συμϐεϐηός

290 1813 466 1879 sunt;
501 1827 615 1866 non
668 1828 803 1885 ergo
833 1813 955 1869 haec
983 1813 1116 1871 alba
1145 1821 1303 1873 sunt.
1336 1817 1416 1872 Ex
1463 1819 1758 1875 accidente
1788 1824 1927 1876 sunt

2046 1814 2100 1867 τὰ
2129 1812 2453 1889 σοφίσματα,
2489 1809 2578 1866 διὰ
2604 1813 2665 1866 τὸ
2701 1815 2839 1885 μήτε
2886 1816 2983 1867 τοῦ
3019 1811 3214 1867 λευκοῦ
3244 1811 3306 1865 τὸ
3340 1810 3550 1884 μᾶλλον
3588 1810 3681 1865 καὶ

2046 1905 2073 1918 -ν
2513 1908 2534 1918 α
2570 1903 2595 1918 Α
2754 1901 2767 1918 1
2888 1899 2949 1918 ht-
3122 1902 3134 1918 1
3299 1904 3328 1915 ~
3396 1897 3415 1918 ‘
3509 1898 3519 1918 Ι
3658 1899 3674 1917 \

293 1898 677 1970 sophismata,
726 1906 1031 1975 prepterea
1081 1906 1235 1976 quod
1290 1922 1479 1978 neque
1529 1907 1591 1960 τὸ
1634 1909 1822 1981 magis
1872 1915 1930 1965 et

293 1988 492 2044 minus
538 1990 609 2045 de
639 1990 790 2057 albo,
822 2008 1010 2064 neque
1058 1992 1280 2050 intendi
1311 1998 1368 2049 et
1405 1996 1619 2053 remitti
1650 1998 1722 2053 de
1771 1998 1926 2053 dulci

293 2077 681 2135 essentialiter
707 2081 1114 2151 praedicantur.

366 2183 518 2240 878
550 2186 601 2239 4.
642 2186 909 2242 Arbitror
954 2192 1151 2243 autem
1179 2190 1227 2245 si
1274 2190 1408 2262 quis
1456 2191 1561 2247 hos
1611 2192 1928 2265 paralogis-

294 2287 422 2328 mos
452 2272 628 2330 etiam
658 2291 727 2329 ex
755 2275 1131 2349 homonymia
1157 2278 1532 2351 dicat,ipsum
1554 2298 1588 2335 a
1608 2298 1741 2337 vero
1771 2281 1928 2337 haud

292 2360 495 2434 procul
517 2363 919 2421 aberraturum
951 2367 1284 2423 esse.Dulce
1305 2369 1460 2423 enim
1493 2375 1549 2425 et
1568 2369 1767 2425 album
1794 2387 1928 2427 cum

290 2451 452 2522 ipsas
484 2450 1185 2524 qualitates,dulcedinem
1219 2461 1275 2512 et
1303 2457 1652 2526 albedinem,
1681 2464 1805 2515 tum
1837 2459 1929 2514 in-

293 2555 471 2612 super
514 2539 644 2613 ipsa
695 2542 1075 2613 qualitatibus
1125 2546 1365 2617 praedita
1411 2563 1652 2617 corpora
1700 2548 1928 2620 signiﬁ-

294 2633 448 2685 cant.
482 2633 629 2702 Ergo
678 2631 735 2685 in
777 2633 1099 2703 majoribus
1147 2634 1382 2705 quidem
1434 2636 1929 2707 propositionibus

293 2717 658 2790 sophismata
705 2719 861 2774 solas
910 2721 1219 2793 qualitates
1276 2724 1511 2793 dabant,
1562 2724 1931 2781 dulcedinem

293 2811 353 2863 et
401 2805 728 2863 albedinem
763 2825 775 2862 :
813 2809 872 2864 in
922 2810 1396 2868 conclusionibus
1450 2818 1642 2869 autem
1691 2830 1932 2886 corpora

293 2896 606 2952 sumebant
651 2913 784 2953 cum
817 2898 1216 2971 qualitatibus.
1250 2900 1349 2955 Sin
1398 2918 1531 2958 vero
1561 2904 1715 2973 quod
1764 2903 1932 2959 dulce

294 2988 352 3041 et
381 2985 535 3056 quod
566 2985 1235 3060 albumiproponebant,
1262 2991 1463 3046 eadem
1486 2991 1661 3047 etiam
1695 2990 1928 3047 conclu-

295 3073 498 3129 derent
522 3073 696 3142 ;nihil
727 3076 992 3133 fortassis
1023 3078 1231 3134 rationi
1262 3078 1702 3136 dissentaneum
1734 3098 1929 3153 seque-

295 3166 494 3232 retur;
526 3179 711 3235 neque
757 3165 912 3221 enim
946 3165 1059 3222 mel
1090 3172 1180 3223 est
1226 3169 1517 3239 ejusmodi
1546 3169 1713 3225 dulce
1761 3170 1932 3241 quale

292 3251 679 3308 intentionem
711 3258 769 3309 et
797 3254 1202 3311 remissionem
1235 3258 1502 3330 suscipit,
1523 3258 1631 3314 hoc
1663 3263 1769 3323 est,
1795 3259 1929 3314 dul-
1961 3222 2004 3289 Ο

296 3340 455 3395 cedo.
488 3341 684 3414 Neque
714 3358 935 3416 cygnus
967 3348 1057 3399 est
1084 3346 1374 3415 ejusmodi
1405 3346 1603 3402 album
1635 3347 1805 3420 quale
1836 3365 1929 3404 se—

297 3430 554 3486 cundum
601 3431 789 3504 magis
821 3437 878 3488 et
927 3432 1125 3489 minus
1156 3439 1263 3502 est,
1297 3435 1405 3491 hoc
1434 3440 1542 3504 est,
1572 3436 1796 3508 albedo,
1830 3437 1930 3493 sed

297 3519 470 3575 ambo
498 3519 674 3576 etiam
706 3536 949 3592 corpora
978 3527 1147 3590 sunt;
1180 3523 1294 3579 mel
1327 3524 1583 3596 quidem,
1615 3525 1783 3580 dulce
1813 3542 1933 3581 cor-

296 3622 410 3679 pus
435 3624 451 3675 ;
476 3610 537 3663 at
565 3608 1012 3681 cygnus,alhum
1046 3612 1353 3684 corpus.Et
1382 3619 1670 3685 quatenus
1692 3630 1934 3687 corpora

298 3697 651 3768 sunt,magis
682 3702 738 3753 et
766 3698 963 3754 minus
984 3716 1335 3773 omnemque
1360 3701 1741 3758 intentionem
1774 3708 1831 3758 et
1850 3719 1935 3759 re—

299 3782 790 3842 missionem°non
839 3788 1208 3860 suscipiunt;
1242 3791 1534 3846 servantia
1563 3792 1843 3847 nimirum
1874 3791 1933 3846 in

299 3872 511 3944 seipsis
541 3875 695 3945 quod
725 3874 809 3932 eis
839 3877 1161 3933 secundum
1193 3883 1463 3935 naturam
1494 3880 1770 3936 est.Talia
1797 3884 1936 3935 sunt

300 3961 401 4017 nix
428 3965 486 4018 et
509 3978 745 4019 cerussa
764 3970 821 4020 et
848 3965 940 4021 his
960 3966 1297 4024 similia.Sic
1319 3968 1492 4024 etiam
1513 3969 1671 4024 aliud
1695 3968 1934 4038 animal,

303 4051 474 4107 homo
523 4055 653 4122 est;
684 4057 742 4108 et
787 4053 946 4110 aliud
994 4055 1233 4128 animal,
1262 4073 1467 4130 genus.
1499 4058 1733 4113 Animal
1780 4060 1935 4114 enim

302 4139 540 4211 quidem
587 4157 773 4213 genus
821 4147 928 4215 est,
961 4144 1301 4215 simpliciter
1348 4145 1585 4215 animal,
1627 4148 1778 4202 379
1828 4147 1937 4203 hoc

302 4231 408 4296 est,
442 4229 597 4301 quod
646 4232 1102 4303 omnesfspecies
1151 4234 1612 4305 comprehendit,
1648 4252 1773 4307 quae
1820 4237 1940 4292 vita

300 4317 554 4390 perlecta
584 4318 1186 4392 designantur.Homo
1218 4327 1412 4378 autem
1443 4323 1775 4380 istiusmodi
1807 4341 1937 4396 spe-

300 4405 520 4463 cierum
569 4424 690 4464 una
712 4413 821 4477 est,
853 4425 984 4481 qua;
1029 4410 1250 4482 species
1280 4413 1351 4467 ad
1383 4412 1695 4483 perfectam
1736 4415 1937 4481 vitam,

298 4494 540 4568 insuper
567 4500 624 4553 et
643 4497 1095 4555 rationalitatem
1137 4505 1191 4555 et
1211 4501 1535 4556 naturalem
1552 4502 1939 4574 aptitudinem

2035 1905 2196 1971 ἦττον
2243 1903 2653 1978 κατηγορεῖσθαι
2713 1899 3012 1974 οὐσιωδῶς,
3061 1902 3199 1974 μήτε
3234 1904 3331 1955 τοῦ
3358 1897 3588 1977 γλυκέος
3618 1899 3683 1955 τὸ

2038 1990 2382 2046 ἐπιτείνεσθαι
2410 1990 2498 2045 καὶ
2529 1989 2765 2054 ἀνίεσθαι
2779 2032 2791 2048 .

2110 2184 2170 2244 δ’.
2228 2188 2391 2260 Οἶμαι
2453 2185 2511 2241 δὲ
2564 2187 2690 2247 τοὺς
2743 2185 3024 2248 τοιούτους
3082 2183 3532 2260 παραλογισμοὺς
3563 2231 3581 2255 ,
3640 2180 3697 2239 εἴ

2036 2298 2119 2338 τις
2152 2277 2242 2331 καὶ
2272 2277 2417 2352 παρὰ
2444 2277 2543 2345 τήν
2595 2275 2914 2348 ὁμωνυμίαν
2958 2275 3088 2348 ἐρεῖ,
3140 2274 3229 2329 καὶ
3280 2274 3439 2336 οὗτος
3485 2273 3585 2329 οὐκ
3624 2273 3683 2328 ἃν

2039 2362 2448 2435 ἀποπλανηθείη
2508 2364 2698 2440 πόρρω
2754 2368 2851 2418 τοῦ
2911 2361 3173 2433 ἀληθοῦς.
3230 2364 3300 2417 Τὸ
3356 2360 3530 2437 γλυκὺ
3580 2363 3686 2436 γὰρ

2037 2455 2127 2510 καὶ
2182 2452 2246 2509 τὰ
2306 2453 2495 2509 λευκὸν
2556 2452 2860 2526 σημαντικά
2917 2452 3024 2506 ἐστι
3083 2452 3171 2507 καὶ
3213 2456 3322 2507 τῶν
3371 2453 3683 2521 ποιοτήτων

2040 2542 2234 2610 αὐτῶν,
2280 2549 2381 2611 τῆς
2435 2541 2779 2617 γλυκύτητος
2827 2539 2975 2617 λέγω
3031 2542 3121 2596 καί
3174 2548 3276 2611 τῆς
3332 2539 3684 2611 λευκότητος·

2042 2629 2187 2687 ἀλλὰ
2234 2628 2299 2701 δὴ
2352 2629 2443 2686 καί
2487 2636 2594 2686 τῶν
2642 2630 3039 2705 πεποιωμένων
3083 2631 3371 2704 σωμάτων.
3411 2630 3554 2685 Κατὰ
3589 2630 3684 2701 μὶν

2040 2718 2130 2775 οὖν
2175 2719 2270 2782 τὰς
2323 2720 2542 2793 μείζους
2593 2722 2903 2794 προτάσεις,
2952 2719 3247 2789 ποιότητας
3298 2718 3463 2792 μόνας
3496 2718 3689 2781 ἅπλῶς

2041 2807 2246 2865 ἐδίδουν
2304 2811 2357 2863 οἱ
2410 2810 2693 2888 σοφισμοῖ,
2751 2808 3065 2886 γλυκύτητα
3119 2808 3208 2863 καὶ
3261 2805 3582 2879 λευκότητα·
3635 2808 3684 2862 έν

2041 2896 2099 2953 δὲ
2126 2904 2243 2960 τοῖς
2275 2897 2680 2974 συλπεράσμασι
2727 2900 2955 2971 σώματα
3000 2897 3133 2971 μετᾶ
3168 2899 3476 2967 ποιοτήτων
3510 2894 3680 2971 ἐλάμ-

2041 2983 2220 3043 ϐανον.
2253 2988 2315 3042 Εἰ
2347 2985 2394 3041 δ’
2423 2988 2451 3042 '6
2483 2985 2658 3063 γλυκὺ
2707 2987 2797 3042 καὶ
2827 2988 2856 3042 ὃ
2894 2986 3083 3043 λευκὸν
3131 2985 3461 3061 προέτεινον,
3512 2985 3684 3041 ἐκεῖνα

2039 3076 2129 3132 καὶ
2180 3076 2552 3152 συνεπέραινον
2590 3123 2603 3147 ,
2656 3073 2808 3131 οὐδὲν
2862 3074 2921 3130 ἂν
2981 3072 3109 3136 ἴσως
3164 3074 3456 3144 ἠκολούθει
3512 3074 3688 3150 παρά-

2042 3165 2226 3242 λογον.
2260 3164 2393 3220 Οῧτε
2422 3165 2525 3240 γὰρ
2564 3165 2628 3219 τὸ
2662 3163 2787 3237 μέλι
2836 3163 3008 3241 γλυκὺ
3059 3168 3305 3218 τοιοῦτον
3353 3164 3539 3217 ὁποῖον
3571 3162 3690 3217 ἐπί-

2039 3276 2189 3310 τασιν
2247 3254 2335 3310 καὶ
2414 3255 2588 3309 ἄνεσιν
2648 3251 3008 3329 ἐπιδέχεται,
3063 3254 3306 3307 τουτέστι
3362 3250 3640 3328 γλυκύτης
3669 3296 3689 3324 ,

2040 3340 2154 3398 οὗθ’
2185 3344 2212 3398 6
2242 3342 2436 3405 κύκνος
2486 3346 2701 3397 τοιοῦτο
2753 3339 2968 3412 λευκὸν,
3021 3341 3211 3395 ὁποῖον
3245 3340 3380 3396 κατᾶ
3431 3340 3494 3395 τὸ
3548 3337 3688 3413 μᾶλ-

2040 3430 2137 3487 λον
2167 3432 2255 3486 καὶ
2313 3430 2475 3501 ἧττόν
2535 3430 2697 3503 ἐστιν,
2757 3427 2928 3506 ἤγουν
2978 3428 3259 3499 λευκότης·
3292 3425 3439 3483 ἀλλὰ
3465 3429 3693 3502 σώματα

2039 3521 2129 3576 καὶ
2187 3517 2372 3598 ἄμφω·
2432 3521 2493 3576 τὸ
2558 3520 2653 3594 μὶν
2709 3518 2882 3596 γλυκὺ
2938 3522 3099 3593 σῶμα
3150 3519 3214 3574 τὸ
3265 3516 3411 3592 μέλι·
3454 3516 3593 3573 τὸδ’
3627 3515 3693 3573 αὖ

2040 3614 2200 3683 σῶμα
2247 3607 2439 3664 λευκὸν
2500 3610 2528 3664 6
2560 3609 2780 3671 κύκνος·
2831 3609 2921 3663 καὶ
2969 3609 3102 3672 καθὸ
3150 3608 3377 3682 σώματα
3423 3611 3519 3663 τοῦ
3552 3606 3692 3680 μᾶλ-

2042 3697 2138 3754 λον
2209 3698 2300 3753 καὶ
2370 3703 2466 3752 τοῦ
2520 3701 2682 3767 ἦντον
2739 3695 3058 3752 ἀνεπίδεκτα
3119 3697 3261 3770 μένει
3295 3740 3310 3766 ,
3368 3697 3458 3751 καὶ
3514 3698 3691 3767 πάσης

2044 3787 2338 3849 ἐπιτάσεώς
2364 3808 2422 3842 τε
2450 3787 2541 3842 καὶ
2593 3785 2846 3857 ἀνέσεως,
2897 3787 3143 3856 σώζοντα
3180 3783 3437 3856 δηλονότι
3467 3786 3530 3841 τὸ
3558 3785 3694 3841 κατᾶ

2047 3877 2202 3956 φύσιν
2235 3875 2287 3931 ἐν
2338 3877 2569 3938 ἑαυτοῖς.
2618 3880 2850 3931 Τοιαῦτα
2895 3875 2986 3931 καὶ
3033 3878 3069 3946 ἡ
3100 3875 3262 3952 χιὼν,
3312 3874 3402 3930 καὶ
3448 3875 3512 3930 τὸ
3553 3878 3689 3949 ψιμ-

2050 3964 2248 4039 μίθιον,
2281 3964 2369 4019 καὶ
2394 3966 2462 4020 τὰ
2506 3962 2881 4042 παραπλήσια.
2933 3963 3087 4019 Οὕτω
3116 3964 3207 4019 καὶ
3250 3962 3390 4020 ἄλλο
3425 3965 3519 4037 μὲν
3551 3968 3686 4033 ζῶον

2045 4055 2074 4108 6
2106 4055 2405 4131 ἅνθρωπος,
2458 4050 2599 4110 ἄλλο
2650 4051 2707 4109 δὲ
2757 4058 2895 4123 ζῶον
2944 4053 3008 4109 τὸ
3055 4053 3231 4130 γένος.
3264 4058 3411 4109 Ζῶον
3464 4053 3557 4126 μὲν
3589 4053 3694 4131 γὰρ

2043 4142 2197 4219 γένος
2226 4143 2289 4197 τὸ
2321 4140 2510 4204 ἁπλῶς
2561 4146 2720 4212 ζῶον,
2760 4140 2928 4219 ἤγουν
2977 4142 3039 4197 τὸ
3091 4147 3198 4197 τῶν
3251 4139 3407 4196 εἰδῶν
3448 4143 3693 4197 ἁπάντων

2047 4231 2440 4302 συλληπτικὸν,
2486 4237 2595 4286 τῶν
2644 4232 2779 4287 κατᾶ
2823 4233 2923 4300 τήν
2965 4229 3174 4288 τελείαν
3224 4230 3699 4308 χαρακτηριζομέ-

2045 4342 2174 4377 νων.
2208 4322 2264 4374 Ὁ
2295 4318 2342 4375 δ’
2390 4322 2673 4397 ἄνθρωπος
2720 4320 2775 4375 ἓν
2828 4324 2934 4375 τῶν
2982 4319 3244 4375 τοιούτων
3292 4317 3472 4393 εἰδῶν,
3503 4320 3696 4394 ’ὀπρὸς

2045 4414 2116 4484 τῇ
2161 4409 2344 4481 τελείᾳ
2403 4413 2516 4480 ζωῇ
2571 4410 2720 4486 φέρει
2769 4409 2861 4464 καὶ
2915 4410 3014 4477 τὴν
3074 4405 3427 4484 λογικότητα,
3477 4408 3567 4463 καὶ
3595 4409 3695 4477 τὴν

2049 4500 2184 4576 πρὸς
2235 4500 2299 4555 τὸ
2349 4497 2598 4575 δέχεσθαι
2644 4500 2735 4553 τὸν
2789 4498 3011 4575 θύραθεν
3055 4502 3182 4553 νοῦν
3224 4498 3315 4554 καὶ
3342 4499 3438 4560 τὰς
3471 4497 3698 4568 ἐπιστή-

300 4585 698 4659 ἱηῐθΙΙὶεθηιὶω
728 4591 787 4642 et
815 4587 1194 4644 scientiarum
1226 4589 1550 4647 forinsecus
1580 4591 1932 4664 accipienda-

2057 4610 2158 4663 μας
2190 4586 2609 4659 ἐπιτηδειότητα
2637 4589 2888 4666 φυσικὴν,
2942 4588 3264 4666 μορφωτικὰ
3306 4588 3517 4643 ἑαυτοῦ.
3551 4591 3697 4641 Ζῶον

304 4690 437 4730 rum
457 4675 646 4747 ipsam
676 4674 1053 4733 informantia
1082 4677 1276 4734 habet.
1302 4679 1482 4734 Homo
1512 4680 1691 4754 igitur
1712 4698 1828 4737 non
1858 4686 1948 4739 est

301 4763 648 4836 simpliciter
695 4766 933 4838 animal,
980 4767 1080 4823 sed
1130 4768 1539 4839 hujuscemodi
1588 4770 1827 4826 animal.
1875 4772 1947 4827 At

300 4851 710 4924 hujuscemodi
739 4854 956 4911 animal
990 4872 1104 4912 non
1133 4861 1222 4912 est
1249 4873 1458 4931 genus,
1489 4859 1589 4915 sed
1621 4861 1865 4931 species.

367 4960 420 5015 5.
454 4961 754 5017 Secundus
802 4962 1012 5019 modus
1059 4962 1514 5036 sophisticorum
1561 4964 1937 5021 elenchorum

300 5052 390 5106 est
436 5051 507 5105 ab
537 5065 604 5106 eo
654 5052 807 5122 quod
854 5056 943 5111 est
987 5053 1436 5124 quadamtenus,
1470 5070 1572 5111 seu
1620 5056 1943 5111 secundum

302 5138 444 5210 quid
476 5142 535 5194 et
581 5139 943 5212 simpliciter.
975 5141 1045 5197 Et
1088 5142 1323 5214 quidem
1352 5142 1417 5196 τὸ
1449 5144 1775 5199 secundum
1807 5145 1947 5217 quid

301 5232 541 5285 vocatur
587 5229 919 5301 pradicatio
952 5232 1293 5303 composita,
1327 5248 1454 5303 quae
1509 5232 1951 5304 particulariora

301 5316 578 5375 declarat.
613 5318 854 5389 Semper
883 5318 1040 5374 enim
1071 5320 1523 5392 compositiones
1561 5321 1944 5393 particulares

301 5407 460 5464 facit.
493 5406 681 5471 Quare
728 5407 902 5463 etiam
930 5408 1145 5465 animal
1193 5410 1494 5478 rationale,
1531 5410 1941 5483 particularius

301 5501 391 5556 est
420 5514 597 5571 quam
627 5496 866 5553 animal.
896 5499 971 5553 At
996 5496 1059 5550 τὸ
1092 5497 1436 5570 simpliciter
1477 5499 1690 5555 dicitur
1719 5501 1941 5556 incom-

300 5587 493 5664 posita
523 5586 877 5660 praedicatio,
909 5602 1037 5659 quae
1068 5603 1161 5642 res
1191 5587 1636 5644 universaliores
1675 5590 1949 5660 patefacit

300 5695 374 5744 cu
422 5678 757 5759 signiﬁcat.
791 5674 1095 5751 Simplicia
1144 5674 1299 5732 enim
1333 5675 1673 5750 compositis
1717 5677 1946 5735 univer—

2054 4678 2161 4755 οὐχ
2191 4677 2380 4739 ἁπλῶς
2413 4680 2441 4733 ὁ
2472 4675 2775 4755 ἄνθρωπος,
2820 4675 2966 4732 ἀλλὰ
3011 4680 3256 4731 τοιοῦτον
3312 4680 3474 4746 ζῶον.
3520 4675 3593 4733 Τὸ
3641 4672 3701 4730 δέ

2052 4772 2299 4823 τοιοῦτον
2335 4772 2470 4837 ζῶον
2504 4765 2565 4822 οὐ
2597 4767 2778 4842 γένος,
2810 4763 2937 4822 ἀλλ’
2966 4763 3106 4828 εἶδός
3137 4765 3265 4821 ἐστι.

2128 4964 2185 5020 ε’.
2234 4962 2491 5040 Δεύτερος
2538 4962 2738 5041 τρόπος
2788 4966 2895 5017 τῶν
2949 4960 3102 5024 ἐκτὸς
3156 4969 3252 5032 τῆς
3304 4960 3499 5035 λέξεως
3548 4958 3701 5037 ἐλέγ-

2058 5072 2175 5128 χων
2227 5056 2552 5130 σοφιστικῶν
2604 5053 2633 5107 6
2680 5052 2826 5126 παρᾶ
2870 5051 2933 5106 τὸ
2978 5057 3055 5120 πῆ
3107 5051 3197 5106 καὶ
3244 5049 3454 5113 ἁπλῶς.
3493 5050 3593 5105 Καὶ
3622 5056 3701 5121 πῆ

2061 5142 2152 5214 μὲν
2213 5140 2456 5197 καλεῖται
2528 5144 2563 5211 ἡ
2624 5140 2871 5203 σύνθετος
2948 5139 3249 5217 κατηγορία
3324 5140 3701 5217 μερικωτέρων

2057 5229 2191 5285 οὖσα
2249 5228 2556 5301 δηλωτική.
2610 5229 2708 5285 Καὶ
2766 5231 2870 5306 γὰρ
2927 5231 2962 5299 ἡ
3014 5229 3249 5292 σύνθεσις
3307 5228 3388 5283 ἀεὶ
3434 5227 3703 5305 μερικεύει

2055 5320 2124 5374 τὰ
2169 5320 2482 5395 πράγματα.
2533 5319 2625 5374 Διὸ
2672 5318 2761 5373 καὶ
2813 5319 2876 5373 τὸ
2922 5316 3141 5394 λογικὸν
3191 5321 3295 5387 ζῶν
3345 5318 3707 5393 μερικώτιρόν

2060 5407 2169 5463 ἐστι
2222 5412 2319 5462 τοῦ
2381 5409 2541 5477 ζώου.
2592 5407 2809 5470 Ἃπλῶς
2867 5404 2925 5462 δὲ
2979 5409 3014 5476 ἡ
3073 5405 3358 5469 ἀσύνθετος
3407 5405 3707 5483 κατηγορία

2061 5496 2274 5573 λέγεται
2334 5544 2347 5569 ,
2432 5495 2880 5573 καθολικωτέρων
2965 5495 3284 5572 ὑπάρχουσα
3372 5495 3702 5572 πραγμάτων

2060 5585 2382 5665 ἐμφαντική.
2440 5588 2517 5641 Τὰ
2560 5587 2660 5663 γὰρ
2719 5584 2867 5642 ἁπλᾶ
2920 5589 3026 5641 τῶν
3088 5585 3351 5640 συνθέτων
3393 5581 3705 5640 καθολικώ-

2057 5696 2205 5755 τερα.
2238 5676 2445 5731 Γίνεται
2486 5674 2665 5731 τοίνυν
2713 5676 2741 5731 6
2771 5675 2917 5753 παρὰ
2959 5675 3022 5729 τὸ
3068 5680 3144 5745 πῆ
3196 5673 3285 5731 καὶ
3316 5671 3503 5737 ἁπλῶς
3530 5692 3703 5748 παρα-
