4108 6452
313 328 430 394 989

1659 331 2006 395 EPITOME
2048 331 2350 394 LOGICA.

3584 327 3716 394 990.

310 459 578 537 λογισμὸς
626 458 661 531 ἢ
713 460 837 517 ὅταν
878 461 945 517 τὰ
992 469 1066 532 πῆ
1129 465 1591 539 κατηγορήσωμεν
1653 465 1862 534 ἁπλῶς,
1912 463 1945 533 ἢ

2065 466 2280 522 saliora
2327 469 2482 522 sunt.
2517 464 2605 520 Fit
2633 463 2813 538 igitur
2859 462 2932 519 ab
2962 477 3028 522 eo
3061 462 3216 536 quod
3247 464 3337 518 est
3375 461 3700 518 secundum

307 551 374 606 τὰ
424 550 615 613 ἁπλῶς
661 554 1124 627 κατηγορήσωμεν
1177 559 1276 622 πῆ,
1312 553 1579 607 τουτέστιν
1617 553 1652 620 ἢ
1705 553 1828 607 ὅταν
1883 554 1950 607 τὰ

315 642 426 712 ἅμα
484 641 571 695 καὶ
628 640 892 703 συνθέτως
958 641 1406 716 κατηγορούμενα
1483 647 1946 718 κανηγορῆσωμεν

312 727 420 801 ἰδίᾳ
467 729 554 783 καὶ
606 731 922 791 ἀσυνθέτως’
1050 732 1113 784 τὰ
1163 728 1273 802 ἰδίᾳ
1309 731 1396 784 καὶ
1431 730 1725 792 ἀσυνθέτως
1783 753 1948 800 κατη-
2000 776 2005 780 .

309 818 618 893 γορούμενα
719 820 859 891 ὁμοῦ
943 819 1032 872 καὶ
1118 820 1378 880 συνθέτως
1460 823 1947 896 κατηγορήσωμεν.

307 912 411 962 Τοῦ
477 907 742 983 προτέρου
810 906 1173 984 παράδειγμα·
1235 910 1290 962 Ὀ
1363 910 1540 985 πατὴρ
1608 909 1800 982 μείζων
1856 913 1952 964 τοῦ

308 997 427 1050 υἱοῦ
471 1001 549 1068 τῷ
596 998 771 1069 αἰτίῳ·
821 999 883 1052 τὸ
932 995 1099 1052 αἷίειον
1147 998 1318 1076 φύσει’
1367 1001 1394 1052 6
1442 1000 1621 1074 πατὴρ
1682 997 1781 1072 ἄρα
1844 998 1954 1070 μεί-

310 1091 412 1154 ζων
447 1089 540 1140 τοῦ
568 1087 686 1140 υἱοῦ
719 1086 890 1164 φύσει.
925 1087 1073 1160 Παρά
1103 1089 1162 1141 τὸ
1213 1091 1292 1155 πῆ
1346 1088 1434 1141 καὶ
1498 1087 1685 1150 ἁπλῶς
1743 1082 1950 1162 προέϐη

303 1176 365 1230 τὸ
397 1175 654 1253 σόφισμα.
685 1177 781 1230 Καὶ
839 1178 942 1252 γὰρ
992 1178 1227 1252 ὁπατήρ
1292 1177 1488 1250 μείζων
1545 1182 1642 1231 τοῦ
1700 1179 1818 1230 υἱοῦ
1874 1181 1953 1248 τῷ

305 1264 457 1342 φύσει
512 1265 688 1337 αἰτίῳ,
719 1263 890 1339 ἤγουν
939 1271 1017 1337 τῷ
1076 1271 1302 1343 φυσικῷ,
1339 1265 1399 1319 ού
1430 1271 1508 1338 τῷ
1551 1263 1952 1340 δημιουργικῷ-

298 1351 481 1406 Τοίνυν
539 1352 652 1406 ἐπεὶ
714 1353 801 1407 καὶ
859 1353 920 1406 τὸ
980 1350 1149 1407 αἶ’τιον
1224 1354 1312 1408 καὶ
1370 1355 1432 1407 τὸ
1489 1355 1664 1429 φύσει,
1720 1375 1956 1427 κατηγο-

303 1443 531 1517 ρηθῆναι
601 1441 890 1518 ὀφείλοντα
962 1450 1062 1514 πῆ,
1119 1442 1209 1497 καὶ
1288 1444 1428 1515 ὁμοῦ
1505 1443 1593 1496 καὶ
1665 1443 1952 1504 συνθέτως,

303 1529 494 1593 ἁπλῶς
551 1531 639 1584 καὶ
690 1529 800 1602 ἰδίᾳ
846 1530 936 1584 καὶ
969 1532 1266 1593 ἀσυνθέτως
1324 1535 1799 1607 κατηγορήθησαν,
1836 1533 1954 1606 εὗρε

303 1620 493 1695 χώραν
549 1621 576 1674 6
624 1619 1057 1696 παραλογισμός.
1116 1626 1220 1674 Τοῦ
1281 1618 1531 1697 δευτέρου
1589 1619 1949 1697 παράδειγμα·

305 1707 494 1781 Σίμων
577 1707 795 1770 σκυτεὺς
867 1710 956 1762 καὶ
1034 1709 1247 1784 ἀγαθός·
1313 1715 1418 1771 πᾶς
1477 1709 1697 1771 σκυτεῦς
1755 1710 1952 1784 ἀγαθὸς

2059 555 2194 626 quid
2230 561 2286 610 et
2317 555 2660 627 simpliciter
2710 553 3154 626 paralogismus,
3184 552 3273 608 vel
3306 569 3438 606 cum
3479 568 3546 607 ea
3575 567 3699 620 quas

2059 647 2382 700 secundum
2417 645 2555 714 quid
2591 650 2752 709 sunt,
2787 642 3134 714 simpliciter
3163 640 3695 714 praedicaverimus;

2060 734 2147 788 vel
2179 751 2313 788 cum
2369 750 2435 788 ea
2466 751 2592 804 quae
2621 738 2760 788 sunt
2790 731 3154 803 simpliciter,
3190 729 3697 802 predicaverimus

2061 823 2383 878 secundum
2433 823 2570 893 quid
2604 842 2619 876 :
2653 823 2761 877 hoc
2811 826 2916 892 est,
2951 822 3036 876 vel
3088 837 3219 875 cum
3252 837 3318 874 ea
3349 837 3473 890 quas
3520 818 3698 875 simul

2062 913 2217 968 380
2249 917 2303 966 et
2327 912 2642 984 composite
2675 913 3084 983 praedicantur,
3118 909 3360 965 seorsim
3389 913 3446 964 et
3477 909 3698 963 incom-

2063 1003 2247 1073 posite
2280 1002 2782 1073 prasdicaverimus
2814 1019 2826 1068 ;
2861 1000 2946 1055 vel
2995 1017 3062 1054 ea
3089 1016 3217 1070 qua:
3250 998 3493 1054 seorsim
3524 1002 3580 1052 et
3609 997 3696 1051 in-

2062 1090 2380 1161 composite
2432 1077 2844 1161 przedicautur,
2888 1087 3065 1144 simul
3114 1093 3170 1142 et
3233 1085 3590 1157 conjunctim
3644 1090 3701 1140 et

2063 1179 2382 1249 composite
2415 1178 2936 1250 praedicaverimus.
2972 1176 3185 1231 Prioris
3217 1174 3548 1247 exemplum
3580 1178 3697 1230 est:

2064 1268 2230 1322 Pater
2259 1269 2446 1338 major
2476 1272 2563 1323 est
2593 1267 2708 1321 filio
2741 1283 2942 1322 causa:
2969 1268 3155 1321 Causa
3174 1269 3261 1320 est
3281 1263 3701 1319 naturazPater

2063 1358 2288 1428 (igitur)
2316 1359 2502 1427 major
2549 1356 2666 1410 ﬁlio
2699 1361 2924 1411 natura.
2957 1356 3042 1410 Ab
3072 1372 3137 1410 eo
3169 1354 3324 1425 quod
3370 1357 3459 1408 est
3491 1369 3700 1408 secun-

2033 1448 2204 1502 ‘dum
2239 1446 2376 1516 quid
2409 1451 2466 1501 et
2496 1445 2857 1516 simpliciter,
2893 1445 3192 1516 sophisma
3224 1443 3503 1514 provenit.
3533 1442 3700 1496 Pater

2062 1536 2218 1590 enim
2248 1537 2434 1606 major
2480 1539 2566 1590 est
2593 1535 2734 1600 ﬁlio,
2766 1551 2940 1589 causa
2983 1538 3210 1600 natura,
3243 1532 3352 1586 hoc
3382 1535 3489 1602 est,
3523 1535 3696 1586 natu-

2062 1623 2191 1691 rali,
2225 1641 2340 1678 non
2394 1623 2708 1678 conditrice
2741 1624 2865 1693 (seu
2897 1621 3223 1692 efﬁciente).
3258 1621 3444 1685 Quare
3481 1635 3615 1676 cum
3642 1623 3699 1675 et

2063 1731 2239 1769 causa
2268 1719 2323 1769 et
2371 1712 2432 1765 τὸ
2464 1718 2673 1768 natura
2703 1729 2832 1784 qua
2872 1712 3160 1767 debebant
3189 1711 3506 1765 secundum
3558 1708 3697 1782 quid

304 1795 512 1874 εὐφυῶς
573 1799 949 1866 κατασκευάζει
998 1799 1066 1852 τὰ
1125 1797 1340 1854 πέδιλα·
1397 1798 1580 1871 Σίμων
1636 1800 1697 1852 τὸ
1755 1796 1945 1854 λοιπὸν

333 1886 346 1904 9
439 1891 466 1900 ιυ
859 1886 909 1904 Ι..
1067 1887 1078 1902 ‘
1196 1885 1293 1904 '5‘
1412 1890 1480 1904 ’νη
1578 1886 1621 1904 ἢ)
1683 1889 1696 1904 ο
1763 1888 1822 1904 ..Ι

2061 1807 2117 1859 et
2149 1803 2324 1857 simul
2348 1807 2404 1858 et
2430 1802 2749 1873 composite
2777 1800 3086 1874 pradicata
3115 1797 3615 1870 esse.simpliciter
3642 1801 3700 1853 et

297 1886 508 1964 εὐφυῶς
578 1886 956 1955 κατασκευάζει
1023 1887 1089 1941 τὰ
1146 1885 1360 1943 πέδιλα.
1412 1890 1509 1943 Ἦν
1575 1886 1621 1941 δ’
1677 1889 1703 1942 ὁ
1761 1888 1944 1961 Σίμων

295 1975 395 2030 οὐκ
423 1975 622 2050 ἀγαθὸς
655 1977 754 2044 τήν
784 1976 1008 2050 τέχνην,
1044 1974 1190 2030 ἀλλὰ
1219 1977 1307 2030 τὸν
1348 1976 1572 2052 τρόπον.
1606 1978 1674 2030 Τὸ
1707 1977 1946 2053 σόφισμα

293 2064 440 2138 παρά
466 2065 528 2118 τὸ
556 2071 632 2133 πῆ
665 2065 754 2118 καὶ
788 2064 998 2126 ἁπλῶς
1040 2063 1101 2117 τὸ
1131 2064 1231 2140 γάρ
1263 2065 1459 2139 ἀγαθὸς
1493 2066 1580 2120 καὶ
1609 2067 1671 2120 τὸ
1701 2066 1942 2135 σκυτεῦς,

296 2152 486 2214 ἁπλῶς
535 2153 621 2207 καὶ
669 2151 780 2224 ἰδίᾳ
839 2153 928 2208 καὶ
991 2154 1286 2216 ἀσυνθέτως
1351 2157 1795 2230 κατηγορηθέντα
1847 2160 1944 2209 τοῦ

296 2243 548 2314 Σίμωνος
595 2244 730 2297 κατὰ
780 2244 878 2311 τήν
939 2241 1149 2297 ἐλάττω
1201 2242 1482 2317 πρότασιν,
1530 2247 1606 2312 πῆ
1656 2245 1744 2297 καὶ
1804 2245 1944 2315 ὁμοῦ

293 2333 430 2386 κατὰ
455 2333 553 2399 τήν
592 2331 761 2404 μείζω
789 2333 880 2385 καὶ
913 2331 1175 2394 συνθέτως
1209 2330 1543 2409 ἐλήφθησαν.

2059 1893 2305 1948 seorsim
2338 1897 2393 1946 et
2423 1892 2806 1963 incomposite
2850 1890 3164 1962 praedicata
3200 1888 3435 1957 fuerint,
3469 1887 3695 1960 paralo~

2054 1982 2280 2055 gismus
2310 1981 2502 2036 locum
2557 1980 2794 2036 invenit.
2835 1979 3174 2035 Posterioris
3203 1977 3532 2050 exemplum
3560 1981 3649 2032 est
3680 1993 3693 2032 :

2053 2070 2251 2124 Simon
2285 2075 2449 2124 sutor
2469 2074 2558 2124 est
2587 2075 2642 2124 et
2673 2071 2860 2124 bonus
2886 2088 2898 2135 ;
2925 2069 3117 2124 omnis
3148 2069 3339 2124 bonus
3369 2071 3535 2122 sutor
3554 2067 3695 2122 scite

2054 2159 2284 2214 conficit
2314 2158 2538 2214 calceos
2566 2184 2580 2227 ;
2611 2159 2810 2214 Simon
2845 2175 2979 2230 ergo
3014 2158 3155 2212 scite
3182 2155 3414 2212 conﬁcit
3451 2154 3694 2210 calceos.

2053 2247 2231 2319 Atqui
2265 2247 2464 2303 Simon
2499 2249 2682 2302 bonus
2714 2252 2988 2314 erat,non
3021 2247 3258 2318 quidem
3289 2244 3538 2310 arte,sed
3572 2260 3696 2299 mo-

2053 2337 2557 2408 ribus.Sophisma
2587 2341 2677 2392 est
2705 2353 2773 2391 ex
2799 2353 2864 2392 eo
2898 2337 3051 2407 quod
3083 2340 3170 2391 est
3199 2334 3520 2390 secundum
3555 2332 3694 2405 quid

296 2427 356 2477 et
385 2421 748 2493 simpliciter.
802 2422 947 2476 Nam
975 2421 1037 2474 16
1073 2423 1259 2477 bonus
1309 2428 1366 2477 et
1397 2428 1560 2478 sutor
1590 2440 1716 2494 quae
1766 2424 2109 2495 simpliciter
2137 2431 2194 2480 et
2248 2426 2488 2481 seorsim
2522 2430 2579 2480 et
2633 2425 3015 2496 incomposite
3044 2425 3102 2478 in
3162 2423 3384 2478 minore
3433 2421 3696 2494 proposi-

297 2509 455 2565 tione
486 2511 555 2565 de
584 2510 817 2565 Simone
849 2511 1156 2581 pradicata
1190 2513 1439 2576 fuerunt,
1470 2513 1792 2567 secundum
1827 2513 1960 2583 quid
1997 2519 2053 2570 et
2083 2514 2258 2570 simul
2290 2520 2345 2570 et
2374 2516 2690 2586 composite
2720 2515 2777 2568 in
2814 2515 3034 2585 majore
3065 2519 3304 2586 sumpta
3332 2513 3586 2568 fuerunt.

374 2616 436 2677 ς’.
469 2614 657 2689 Τρίτος
689 2614 888 2690 τρόπος
921 2616 1065 2692 παρὰ
1112 2617 1210 2684 τὴν
1262 2621 1358 2670 τοῦ
1415 2614 1652 2692 ἐλέγχου
1698 2616 1938 2690 ἄγνοιαν·

301 2703 434 2759 οἷον.
467 2704 541 2757 Τὰ
572 2701 698 2758 δέκα
729 2701 1007 2759 διπλάσιαο
1059 2706 1124 2758 τὰ
1172 2702 1297 2759 δέκα
1347 2705 1407 2760 ού
1468 2703 1744 2760 διπλάσια·
1807 2708 1941 2782 πρὸς

305 2792 400 2864 μὲν
428 2793 528 2868 γὰρ
560 2794 624 2846 τὰ
654 2792 807 2848 πέντε
840 2791 1116 2848 διπλάσια’
1166 2794 1302 2870 πρὸς
1357 2792 1500 2848 ἄλλα
1549 2792 1605 2849 δὲ
1653 2795 1714 2848 ού
1748 2793 1942 2850 διπλά-

298 2901 406 2937 σια.
465 2883 539 2935 Τὰ
596 2879 856 2937 διπλάσια
901 2887 1184 2958 τοιγαροῦν
1249 2882 1309 2936 ού
1370 2881 1646 2938 διπλάσια.
1726 2884 1944 2960 Λέγεται

304 2968 360 3026 δέ
409 2972 554 3046 παρά
600 2973 696 3039 τὴν
746 2976 842 3025 τοῦ
890 2969 1122 3047 ἐλέγχου
1173 2971 1409 3048 ἄγνοιαν,
1443 2971 1523 3027 ὅτι
1555 2975 1701 3048 παρά
1747 2975 1808 3027 τὸ
1869 2976 1944 3046 μὴ

296 3060 580 3136 γινώσκειν
632 3058 722 3114 τὸν
771 3060 1220 3136 ἀποκρινόμενον,
1257 3058 1386 3122 ἴσως
1424 3059 1481 3115 δὲ
1527 3061 1615 3115 καὶ
1658 3063 1748 3116 τὸν
1808 3062 1947 3138 ἐρω-

295 3153 493 3218 τῶντα,
543 3147 597 3202 τί
653 3147 792 3203 ἐστιν
858 3146 1108 3226 ἔλεγχος,
1161 3145 1426 3222 λαμϐάνει
1475 3151 1638 3204 τόπον
1697 3153 1724 3204 ὁ
1783 3172 1950 3227 παρα-

301 3234 592 3312 λογισμός.
648 3236 920 3313 Ἔλεγχος
976 3237 1075 3312 γάρ
1127 3236 1266 3291 ἐστιν
1318 3238 1591 3316 ἀντίφασις
1641 3245 1736 3293 τοῦ
1783 3239 1946 3294 αὐτοῦ

297 3325 554 3402 καὶπρὸς
582 3325 645 3380 τὸ
676 3325 827 3394 αὐτὸ,
864 3327 938 3398 μή
1003 3325 1185 3399 μέντοι
1241 3326 1378 3402 πρὸς
1440 3325 1579 3381 ἄλλο
1638 3328 1724 3382 καὶ
1781 3326 1942 3386 ἄλλο.

294 3415 370 3468 Τὰ
430 3412 555 3468 δέκα
613 3411 669 3468 δὲ
725 3415 862 3488 πρὸς
916 3415 983 3468 τὰ
1037 3413 1196 3469 πέντε
1257 3416 1349 3488 μὲν
1411 3411 1619 3489 εἴρηται
1665 3414 1944 3472 διπλάσιω

294 3504 431 3576 πρὸς
463 3504 512 3557 τ’
541 3502 684 3558 ἄλλα
715 3500 772 3557 δὲ
801 3502 863 3557 οὐ
895 3500 1174 3559 διπλάσια.

376 3594 436 3662 ζ’.
469 3595 733 3670 Τέταρτος
790 3595 996 3670 τρόπος
1055 3597 1082 3649 6
1145 3597 1290 3672 παρά
1360 3596 1420 3649 τὸ
1475 3594 1753 3668 ἑπόμενονο
1815 3597 1946 3667 οἷον,

301 3682 645 3758 Δημόκριτος
702 3683 887 3761 φεύγει
955 3684 1092 3756 πρὸς
1170 3681 1393 3759 ἔρημον·
1457 3686 1484 3738 ὁ
1544 3683 1750 3761 φεύγων
1812 3686 1948 3760 πρὸς

300 3765 509 3846 ἔρημον
570 3771 832 3844 μαίνεται.
867 3772 1210 3848 Δημόκριτος
1273 3771 1376 3847 ἄρα
1428 3773 1690 3846 μαίνεται.
1724 3772 1946 3848 Λέγεται

295 3857 353 3914 δὲ
420 3861 567 3936 παρά
635 3861 696 3915 τὸ
769 3860 1054 3933 ἑπόμενον,
1109 3860 1325 3937 ἐπείπερ
1379 3858 1563 3916 ἕπεται
1616 3866 1696 3933 τῷ
1759 3883 1945 3935 μαινο-

299 3949 448 4021 μένῳ
497 3950 560 4004 τὸ
608 3949 819 4026 φεύγειν
869 3952 1006 4026 πρὸς
1059 3948 1281 4026 ἔρημον’
1333 3949 1478 4019 πλὴν
1540 3950 1638 4004 οὐκ
1683 3951 1948 4027 ἀντιστρέ-

287 4057 395 4115 φει.
429 4037 500 4091 Οῦ
560 4038 662 4114 γάρ
719 4036 772 4092 εἷ’
820 4059 905 4100 τις
962 4038 1142 4116 φεύγει
1202 4039 1340 4115 πρὸς
1395 4036 1634 4114 ἔρημον,
1694 4037 1801 4109 ἤδη
1858 4041 1946 4095 καὶ

297 4126 564 4200 μαίνεται’
625 4124 754 4182 ἀλλ’
811 4125 951 4181 ἐστιν
1000 4129 1060 4188 ὃς
1106 4132 1211 4182 τῶν
1287 4128 1636 4204 ἀνθρωπίνων
1692 4131 1945 4205 πραγμά-

286 4236 396 4270 των
489 4215 905 4293 ὑπερφρονήσας
1000 4216 1279 4292 ἀταραξίαν
1338 4218 1428 4271 καὶ
1485 4217 1715 4292 ἡσυχίαν
1777 4223 1944 4294 ζητεῖ,

289 4304 390 4359 καὶ
426 4301 516 4358 διὰ
544 4309 702 4359 τοῦτο
750 4305 886 4381 πρὸς
935 4303 1137 4367 τόπους
1192 4303 1646 4380 ἀπηλλαγμένους
1701 4303 1943 4380 θορύϐων

290 4391 590 4468 ἀναχωρεῖ
622 4393 802 4454 καθὼς
833 4393 925 4446 καὶ
966 4394 994 4446 6
1047 4393 1225 4468 ἰατρὸς
1285 4393 1647 4468 Ἱπποκράτης
1707 4396 1734 4448 ὁ
1793 4400 1944 4457 Κῶος

294 4479 558 4551 ἐπέστησε
594 4481 832 4544 ἀκούσας
893 4480 975 4536 ὅτι
1039 4481 1382 4556 Δημόκριτος
1440 4482 1609 4555 ἐμάνη
1665 4485 1753 4537 καὶ
1809 4485 1944 4560 πρὸς

298 4567 513 4645 ἔρημον
551 4569 884 4645 ἀνεχώρησε.

363 4683 432 4746 η’.
463 4678 718 4750 Πέμπτος
767 4675 970 4752 τρόπος
1018 4679 1162 4752 παρᾶ
1206 4679 1268 4732 τὸ
1334 4677 1592 4742 αἰτεῖσθαι
1652 4679 1740 4733 καὶ
1801 4678 1943 4752 λαμ-

290 4760 469 4820 ϐάνειν
511 4766 574 4820 τὸ
621 4764 673 4820 ἐν
722 4767 892 4841 ἀρχῇ,
924 4763 1090 4842 ⁴ἤγουν
1140 4767 1202 4821 τὸ
1244 4767 1598 4843 προκείμενον
1645 4768 1734 4838 εἰς
1781 4765 1941 4839 δεῖξιν

295 4855 503 4919 τιθέναι
564 4852 744 4929 ὥσπερ
808 4854 1263 4930 ὁμολογούμενον·
1327 4858 1463 4927 οἷον,
1516 4856 1794 4932 πρόκειται
1867 4857 1942 4918 εἰς

303 4941 465 5014 δεῖξιν
518 4943 580 4998 τὸ
634 4945 735 5012 τὴν
781 4944 964 5019 ψυχὴν
1021 4943 1152 4999 εἶναι
1185 4944 1462 5002 ἀθάνατον.
1495 4946 1662 5000 Τοῦτό
1719 4945 1827 5000 ἐστι
1885 4947 1946 5000 τὸ

292 5031 343 5086 ἐν
377 5031 550 5108 ἀρχῇ,
579 5032 642 5087 τὸ
671 5031 1110 5108 προηγούμενον,
1140 5031 1209 5087 δι’
1251 5035 1279 5088 '6
1336 5033 1542 5108 γίνεται
1600 5036 1628 5088 6
1684 5032 1942 5110 συλλογι-

297 5120 457 5194 σμός.
491 5117 565 5175 Ei’
608 5143 690 5183 τις
749 5119 839 5176 οῦν
901 5119 1064 5178 εἷ’ποι.
1097 5121 1177 5177 ὅτι
1210 5124 1271 5177 Ἠ
1329 5125 1478 5200 ψυχὴ
1537 5122 1822 5201 ἄφθαρτος·
1881 5126 1942 5179 τὸ

295 5209 565 5288 ἄφθαρτον
616 5211 894 5275 ἀθάνατον
947 5214 981 5281 ἡ
1041 5213 1193 5286 ψυχὴ
1270 5210 1370 5288 ἄρα
1440 5213 1719 5276 ἀθάνατος’
1781 5213 1937 5267 οὗτος

287 5298 520 5354 αἰτεῖται
581 5299 672 5353 καὶ
731 5294 996 5373 λαμϐάνει
1053 5301 1115 5354 τὸ
1169 5299 1219 5354 ἐν
1274 5299 1421 5376 ἀρχῇ
1460 5301 1523 5355 τὸ
1584 5302 1936 5372 ζητούμενονο

283 5384 423 5442 Οὐδέ
467 5388 570 5462 γὰρ
624 5385 905 5464 διενήνοχε
941 5392 1038 5442 τοῦ
1084 5389 1346 5442 ἀθανάτου
1392 5390 1526 5444 κατὰ
1590 5391 1687 5457 τὴν
1755 5410 1933 5460 σημα-

291 5475 410 5530 σίαν
440 5476 503 5530 τὸ
537 5474 824 5554 ἄφθαρτον,
860 5477 905 5531 εἷ
940 5478 1014 5550 μή
1065 5478 1198 5532 κατά
1249 5477 1418 5550 μόνην
1475 5481 1574 5547 τὴν
1630 5479 1927 5555 προφοράν.

271 5565 448 5620 Τουτὸ
484 5565 588 5641 γάρ
619 5566 754 5620 κατά
780 5567 880 5635 τὴν
920 5564 1122 5620 ἔννοιαν
1176 5565 1432 5630 ἀθάνατόν
1483 5588 1541 5621 τε
1579 5567 1668 5620 καὶ
1727 5566 1926 5643 ἄφθαρ-

271 5675 390 5710 τον.
437 5656 593 5719 ’Όθεν
647 5656 674 5709 6
729 5653 870 5710 οὕτω
922 5652 1381 5731 συλλογιζόμενος
1436 5653 1696 5712 δείκνυσιν
1748 5652 1924 5725 οὐδὲν,

2118 2623 2170 2675 6.
2205 2621 2433 2676 Tertius
2466 2622 2675 2676 modus
2707 2626 2794 2676 est
2814 2638 2882 2676 ex
2911 2621 3275 2692 ignoratione
3313 2618 3537 2675 elenchi
3565 2637 3578 2673 :
3607 2623 3694 2688 ut,

2051 2711 2258 2766 Decem
2291 2711 2438 2765 381
2468 2714 2606 2765 sunt
2637 2710 2848 2782 dupla;
2874 2711 3068 2764 decem
3102 2725 3217 2764 non
3250 2712 3388 2764 sunt
3419 2707 3696 2780 dupla(ad

2054 2801 2314 2871 quinque
2343 2799 2497 2854 enim
2531 2799 2804 2854 dicuntur
2833 2798 3036 2870 dupla:
3067 2799 3138 2853 ad
3173 2797 3352 2852 alium
3383 2813 3694 2852 numerum

2055 2906 2169 2943 non
2221 2888 2442 2959 dupla).
2479 2889 2664 2960 Dupla
2707 2888 2886 2959 igitur
2915 2903 3027 2942 non
3059 2891 3197 2942 sunt
3243 2885 3441 2956 dupla.
3479 2885 3698 2940 Dicitur

2057 2982 2250 3032 autem
2282 2993 2350 3031 ex
2379 2977 2741 3048 ignoratione
2771 2975 3016 3043 elenchi,
3045 2975 3182 3046 quia
3211 2991 3280 3029 ex
3309 2990 3374 3028 eo
3425 2973 3574 3045 quod
3608 2989 3696 3028 re-

2057 3067 2355 3138 spondens
2387 3066 2528 3138 quin
2562 3071 2619 3120 et
2666 3066 3032 3136 interrogans
3063 3064 3208 3119 forte
3237 3061 3421 3118 nescit
3451 3061 3588 3133 quid
3621 3061 3699 3116 sit

2058 3154 2356 3220 elenchus,
2401 3153 2829 3226 paralogismus
2878 3153 3098 3208 obtinet
3143 3151 3357 3207 locum.
3411 3150 3699 3206 Elenchus

1977 3261 2019 3326 ρ
2060 3243 2215 3298 enim
2248 3248 2337 3298 est
2366 3243 2743 3298 contradictio
2766 3242 3028 3312 ejusdem
3060 3245 3118 3295 et
3147 3241 3216 3295 ad
3250 3241 3537 3305 idem,nec
3565 3256 3700 3295 vero

2060 3333 2130 3387 ad
2165 3332 2322 3387 aliud
2356 3337 2529 3404 atque
2559 3331 2920 3402 aliud.Atqui
2951 3331 3149 3385 decem
3181 3329 3252 3384 ad
3282 3328 3541 3400 quinque
3571 3327 3698 3399 qui-

2058 3422 2187 3476 dem
2221 3419 2438 3492 dupla;
2471 3421 2542 3475 ad
2575 3420 2753 3475 alium
2786 3423 2983 3475 autem
3014 3433 3321 3473 numerum
3353 3433 3470 3472 non
3519 3415 3700 3488 dupla

2059 3509 2354 3565 dicuntur.

2127 3600 2183 3653 7.
2216 3602 2468 3664 Quartus
2515 3600 2724 3654 modus
2755 3602 2843 3653 est
2891 3613 2959 3652 ex
3005 3599 3416 3666 consequente,
3449 3594 3697 3666 exempli

2057 3688 2660 3760 gratiazDemocritus
2693 3688 2842 3760 fugit
2871 3687 2941 3741 ad
2974 3687 3268 3741 desertum
3292 3684 3422 3756 ;qui
3457 3684 3604 3755 fugit
3625 3684 3696 3738 ad

2058 3775 2604 3844 desertum,insanit
2629 3795 2642 3844 ;
2670 3775 3034 3831 Democritus
3065 3790 3200 3846 ergo
3232 3771 3701 3828 insanit.Dicitur

2057 3871 2254 3921 autem
2289 3883 2356 3920 ex
2379 3865 3074 3937 consequente,quoniam
3099 3862 3486 3918 insanientem
3509 3861 3700 3933 sequi-

2057 3958 2153 4008 tur
2182 3955 2380 4024 fugere
2411 3955 2481 4008 ad
2517 3954 2813 4008 desertum
2833 3970 2844 4007 :
2862 3955 3262 4008 verumtamen
3283 3966 3397 4004 non
3419 3948 3697 4004 converti-

2058 4046 2302 4096 tur.Non
2336 4041 2490 4096 enim
2525 4041 2573 4096 si
2604 4041 2736 4112 quis
2767 4041 2838 4096 ad
2872 4041 3167 4095 desertum
3200 4037 3489 4110 fugit,jam
3519 4036 3694 4092 etiam

2058 4131 2313 4199 insanit;
2349 4132 2448 4186 sed
2481 4134 2570 4186 est
2600 4130 2832 4202 aliquis,
2853 4129 2953 4200 qui
2984 4128 3159 4183 rebus
3186 4126 3462 4182 humanis
3492 4126 3696 4197 despe-

2058 4221 2189 4289 ctis,
2241 4219 2821 4291 imperturbationem
2869 4222 2928 4273 et
2969 4215 3449 4288 tranquillitatem
3491 4212 3698 4284 quaerit

2058 4313 2114 4364 et
2145 4314 2448 4380 propterea
2477 4310 2547 4363 ad
2583 4309 2706 4364 loca
2727 4325 2761 4362 a
2790 4305 3143 4362 tumultibus
3175 4305 3418 4360 liberata
3446 4303 3693 4370 secedit;

2057 4398 2554 4468 quemadmodum
2606 4398 2782 4452 etiam
2815 4395 3077 4451 medicus
3125 4393 3498 4465 Hippocrates
3541 4390 3695 4445 Cous

2056 4485 2288 4553 institit,
2323 4492 2633 4559 postquam
2690 4484 2910 4540 audivit
2939 4483 3330 4538 Democritum
3362 4479 3692 4546 insaniisse,

2056 4580 2112 4631 et
2142 4575 2212 4630 ad
2245 4575 2538 4630 desertum
2566 4574 2895 4630 secessisse.

2123 4682 2177 4738 8.
2211 4681 2460 4746 Quintus
2510 4683 2720 4736 modus
2750 4686 2838 4736 est
2868 4697 2938 4736 ex
2987 4697 3073 4750 e0,
3107 4680 3259 4751 quod
3295 4677 3435 4750 petit
3481 4676 3693 4747 aliquis

2053 4773 2111 4825 et
2139 4770 2370 4842 accipit,
2402 4770 2555 4826 382
2607 4770 2665 4824 id
2698 4771 2851 4841 quod
2884 4769 2942 4824 in
2974 4767 3256 4840 principio
3299 4771 3387 4822 est
3415 4765 3692 4838 positum,

2059 4859 2168 4915 hoc
2198 4866 2286 4914 est
2314 4877 2381 4914 ex
2401 4875 2466 4914 eo
2498 4860 2652 4930 quod
2682 4858 2894 4930 aliquis
2915 4858 2972 4913 id
2993 4859 3145 4930 quod
3177 4859 3247 4912 ad
3271 4856 3696 4912 ostendendum

2057 4953 2145 5004 est
2193 4949 2578 5020 propositum,
2611 4952 2676 5003 ut
2721 4964 3070 5003 consensum
3119 4946 3282 5018 ponit
3331 4949 3388 5000 et
3438 4943 3694 5016 accipit;

2056 5037 2304 5108 exempli
2355 5037 2563 5108 gratia,
2597 5037 2667 5092 ad
2700 5035 3124 5092 ostendendum
3173 5039 3261 5090 est
3307 5033 3694 5106 propositum,

2054 5125 2312 5181 animam
2344 5141 2472 5180 esse
2503 5123 3040 5180 immortalem.Hoc
3072 5124 3129 5177 in
3161 5123 3446 5195 principio
3476 5125 3565 5177 est
3589 5137 3691 5192 p0-

2051 5214 2457 5285 situm,ipsum
2490 5214 3102 5284 antecedens,propter
3131 5211 3284 5283 quod
3318 5210 3693 5284 syllogismus

2049 5302 2303 5368 ﬁt.0u0d
2336 5303 2382 5356 si
2416 5301 2547 5371 quis
2582 5301 2761 5372 igitur
2790 5302 2946 5356 dicat
2967 5318 2980 5356 :
3004 5300 3212 5356 Anima
3242 5307 3330 5356 est
3352 5298 3697 5370 incorrupti-

2047 5391 2181 5446 bilis
2212 5389 2687 5458 ;incorruptibile
2717 5395 2806 5445 est
2837 5390 3166 5445 immortale
3192 5407 3361 5464 ;ergo
3393 5388 3588 5445 anima
3607 5392 3695 5443 est

2043 5478 2392 5535 immortalis
2444 5497 2456 5534 :
2509 5479 2603 5534 hic
2655 5478 2796 5551 petit
2842 5484 2900 5534 et
2969 5480 3180 5550 accipit
3223 5479 3378 5550 quod
3429 5479 3489 5532 in
3537 5477 3694 5549 prin-

2044 5567 2194 5640 cipio
2242 5571 2332 5622 est
2363 5566 2641 5638 positum,
2673 5567 2868 5638 ipsum
2914 5567 3250 5640 quaesitum.
3281 5567 3480 5639 Neque
3531 5563 3687 5620 enim

2037 5654 2485 5729 incorruptibile
2517 5657 2588 5713 ab
2613 5657 2931 5713 immortali
2963 5657 3152 5730 quoad
3177 5654 3663 5729 signiﬁcationem
3675 5703 3693 5732 ,
