4108 6436
304 497 422 593 ἓθβ

374 647 529 703 -8ι

1660 486 2004 587 ΕΡΙΤΟΜΕ
2045 478 2351 587 ιοᾳῃρΑ.

556 646 844 718 Quomodo
888 644 1183 718 secundum
1209 643 1373 701 idem.
1406 675 1474 687 -
1520 645 1574 718 9.
1609 644 1878 713 Quomodo
1924 645 1995 699 ad
2023 644 2187 718 idem.
2219 675 2287 686 —-
2336 645 2423 699 10.

3590 480 3711 583 99.4

2458 643 2734 713 Quomodo
2783 644 2965 701 eodem
2993 644 3152 709 modo
3180 648 3231 709 et
3261 647 3318 701 in
3354 648 3541 711 eodem
3569 656 3704 704 tem-

375 715 601 791 pOre.—l
639 721 698 772 Η
718 717 891 775 .885
923 716 1207 791 Concludit
1236 718 1354 791 Ιιᾷσ
1380 717 1566 791 omnia
1595 718 1863 791 requisita
1888 718 2030 791 scire
2057 717 2245 791 debere
2273 718 2522 791 eumqui
2542 715 2639 791 vel
2656 716 2797 786 falso
2827 716 3044 791 elencﬁo
3074 717 3540 791 decipi_nolit,vel
3568 720 3708 775 deci-

379 785 588 863 pientes
616 792 933 863 convincere
976 806 1103 845 vero
1131 785 1535 863 elenchovelit.
1585 785 1774 863 —"12.
1808 787 2170 863 13._Ost_endit
2197 787 2456 863 quomodo
2487 785 2823 863 sophismgta
2852 788 2914 841 in
2941 787 3182 863 dictione
3209 788 3280 843 ad
3308 792 3710 863 ignorationem

382 858 595 925 elenchi
618 861 970 917 reducantur.
1002 891 1068 901 —
1120 860 1203 915 14.
1242 864 1324 916 Ea:
1352 860 1720 929 homonymia.
1754 892 1822 901 —
1868 859 1954 914 15.
1986 861 2069 913 Ex
2098 858 2455 929 amphibolia.
2487 888 2555 899 —-
2586 858 2672 912 16.
2709 859 2787 914 Ex
2814 861 3205 929 compositione
3243 870 3293 915 et
3320 858 3607 918 divisione.
3641 892 3709 903 —

386 933 473 989 17.
506 933 599 987 Ex
628 938 884 989 accentu.
916 961 987 974 —
1017 933 1103 989 18.
1137 932 1220 986 Ea:
1249 931 1287 1001 ﬁ

1289 948 1430 1000 gura
1458 930 1730 1004 dictionis.
1763 962 1832 972 —-
1864 931 1949 1004 19.
1985 929 2269 1004 concludit
2298 931 2362 985 de
2391 930 2740 1004 sophismatis
2772 931 2830 983 in
2879 930 3115 1004 dictione
3144 932 3407 1002 quomodo
3438 934 3509 988 ad
3554 938 3708 1004 igno-

388 1006 671 1075 rationem,
709 1004 923 1059 elenchi
949 1000 1299 1075 reducantur.
1332 1033 1402 1042 —
1446 1003 1537 1057 20.
1576 1001 1785 1075 Transit
1834 1001 1907 1075 ad
1932 1000 2269 1075 sophismata
2294 1000 2459 1075 extra
2496 1000 2820 1075 dictionem,
2844 1001 3103 1075 quomodo
3133 1000 3183 1057 et
3229 1004 3353 1073 ipsa
3382 1005 3453 1059 ad
3478 1000 3709 1075 ignora-

386 1078 592 1132 tionem
617 1074 836 1131 elenchi
861 1074 1229 1145 reducuntur,
1264 1083 1314 1130 et
1337 1075 1522 1145 primo
1545 1072 1767 1144 quidem
1788 1073 2074 1143 saphisma
2100 1088 2172 1126 ex
2199 1072 2451 1143 pluribus
2490 1072 3019 1145 interrogationibus
3062 1089 3233 1145 unam
3256 1072 3484 1144 faciens.
3502 1072 3587 1117 ’--
3614 1075 3707 1132 21.

387 1151 428 1203 Α
458 1147 605 1211 dicto
628 1145 925 1202 secundum
954 1142 1085 1217 quid
1114 1154 1168 1205 et
1215 1142 1569 1218 simpliciter:
1596 1178 1659 1189 —
1688 1146 1781 1200 22.
1813 1142 1857 1200 Α
1890 1158 2004 1199 non
2049 1142 2216 1218 causa
2244 1147 2303 1198 ut
2347 1158 2533 1218 causa.
2566 1174 2644 1218 —_
2690 1143 2782 1218 23.
2816 1144 2899 1198 Ea:
2935 1143 3207 1218 accidente
3235 1142 3288 1218 et
3334 1155 3711 1218 consequente.

390 1249 459 1259 -—
486 1218 578 1291 24.
604 1220 699 1283 Ea:
724 1213 991 1291 petitione
1012 1220 1129 1291 ejus
1158 1213 1385 1291 quodq—in
1409 1217 1687 1291 principio
1718 1219 1830 1291 fuit
1875 1217 2230 1291 propositum.
2265 1246 2331 1256 —
2360 1216 2451 1283 25.
2486 1213 2768 1270 Concludit
2815 1222 2864 1270 et
2894 1215 3139 1271 concedit
3167 1217 3337 1271 etiam
3366 1213 3516 1273 aliis'
3540 1218 3717 1275 modis

388 1290 727 1371 sophismata
752 1289 939 1369 omnia

933 1569 1187 1623 ΚΕΦΑΛ.
1228 1572 1352 1629 ΛΘ¹.
1992 1568 2048 1633 Α

322 1655 455 1732 Περὶ
485 1652 970 1736 ἐλέγχου,“ξιαὶ.δτι
1002 1656 1195 1736 πάντες
1228 1654 1279 1708 οὶ
1310 1651 1715 1736 παραλογισμοὶ
1759 1651 1836 1715 εἷς
1865 1653 1964 1721 τὴν

332 1739 358 1747 ~
401 1721 412 1732 '
588 1721 653 1765 7“
669 1721 1027 1802 τόῦέλέγχου
1046 1721 1272 1801 ’ἄγνοιαν
1298 1721 1610 1802 ἀνάγονται.

396 1835 463 1891 α’.
504 1831 773 1909 Ἔλεγχός
826 1831 966 1887 ἐστιν
1013 1832 1290 1909 ἀντίφασις
1334 1835 1431 1887 τοῦ
1489 1831 1653 1887 αὐτοῦ
1707 1830 1797 1884 καὶ
1855 1829 1969 1891 ἑνὸς

332 1924 407 1999 μὴ
471 1910 755 1994 ὀνόματος,
804 1919 950 1975 ἀλλὰ
1018 1921 1361 1996 πράγματος,
1416 1920 1505 1975 καὶ
1566 1919 1828 1992 ὀνόματος
1893 1919 1970 1991 μὴ

330 2011 669 2084 συνωνύμου,
720 2010 865 2064 ἀλλᾶ
925 2014 1022 2064 τοῦ
1082 2008 1265 2081 αὐτοῦ,
1317 2009 1377 2063 ἐκ
1429 2014 1537 2064 τῶν
1598 2006 1859 2073 δοθέντων
1920 2005 1972 2076 ἐξ

330 2098 568 2174 ἀνάγκης
602 2098 678 2172 μὴ
713 2099 1214 2173 συναριθμουμένου
1270 2102 1367 2152 τοῦ
1418 2096 1467 2153 ἐν
1520 2097 1691 2175 ἀρχῇ,
1722 2097 1856 2177 κατᾷ
1909 2097 1972 2151 τὸ

330 2187 459 2242 αὐτὸ
515 2187 606 2242 καὶ
651 2188 787 2263 πρὸς
844 2187 925 2240 τὸ.
964 2185 1115 2255 αὐτὸ,
1154 2186 1242 2241 καὶ
1302 2178 1581 2260 ὡσαύτως
1638 2187 1727 2242 καὶ
1788 2186 1839 2241 ἐν
1897 2190 1975 2257 τῷ

332 2277 480 2349 αὐτῷ
509 2276 716 2352 χρόνῳ.

404 2367 471 2442 β’.
505 2364 690 2420 Τοίνυν
742 2365 791 2419 εἷ’
838 2364 1030 2438 μέλλει
1076 2386 1159 2427 τις
1210 2367 1284 2439 μὴ
1346 2362 1529 2429 καλῶς
1594 2363 1825 2441 λέγοντα
1880 2362 1973 2420 τὸν

328 2452 859 2532 προσδιαλεγόμενον
924 2451 1259 2529 ἀνελέγχειν,
1307 2452 1514 2527 ὀφείλει
1561 2455 1625 2510 τὸ
1680 2453 1978 2526 ἀντικείμε-

329 2566 421 2599 νον
473 2542 734 2619 συνάγειν,
769 2543 926 2619 οὗρερ
972 2541 1031 2597 ἃν
1079 2544 1108 2597 6
1145 2536 1680 2619 προσδιαλεγόμενος
1738 2541 1973 2621 ἀποφαί-

330 2654 481 2688 νοιτο
512 2634 694 2705 (τοῦτο
722 2629 822 2708 γάρ
853 2630 990 2685 ἐστιν
1019 2633 1055 2701 ἡ
1088 2631 1419 2709 ἀντίφασις).

403 2728 466 2797 γ’.
503 2721 760 2796 Συνάγειν
793 2716 850 2776 δὲ
890 2720 988 2788 τὴν
1038 2719 1314 2797 ἀντίφασιν
1370 2718 1457 2775 ἐπὶ
1514 2724 1611 2775 τοῦ
1669 2720 1832 2774 αὐτοῦ
1889 2719 1979 2773 καὶ

337 2810 477 2878 ἑνὸς,
511 2808 572 2865 οὐ
607 2810 713 2883 μὴν
751 2808 832 2863 ἐπ’
885 2806 1060 2879 ἄλλου
1098 2809 1187 2863 καὶ
1236 2807 1430 2866 ἄλλου.
1464 2809 1534 2864 Τὸ
1581 2811 1705 2887 γὰρ,
1739 2807 1982 2869 εἷ’πόντος

335 2899 482 2960 τινὸς
526 2898 619 2953 τὸν
668 2897 1053 2971 Ἀριστοτέλην
1098 2894 1477 2972 τεχνολογεῖν,¹
1518 2895 1698 2972 ἕτερον
1768 2896 1980 2975 είρηκέ-
2016 2937 2062 3001 Β

336 3008 421 3063 ναι
447 2987 539 3059 τὸν
573 2987 837 3063 Πλάτωνα
868 2987 944 3059 μὴ
991 2985 1361 3061 τεχνολογεῖν,
1393 2986 1492 3041 οὐκ
1533 2984 1674 3041 ἔστιν
1733 2984 1982 3065 ἔλεγχος.

341 3069 628 3143 Διᾲίτοῦτό
666 3066 829 3153 φησιν
862 3076 891 3130 6
922 3075 1149 3151 ὁρισμὸς
1198 3073 1473 3154 ἀντίφασιν
1520 3079 1617 3131 τοῦ
1675 3074 1839 3131 αὐτοῦ
1876 3072 1984 3129 καὶ

344 3160 460 3241 ἒνὸς
493 3166 627 3220 εἶναι
653 3156 744 3219 τὸν
779 3160 1033 3241 ἔλεγχον.

415 3251 478 3309 δ’.
513 3256 607 3322 Μὴ
662 3253 929 3327 ὀνόματος
1004 3250 1081 3321 δὲ,
1132 3250 1277 3315 ἀλλὰ
1345 3254 1684 3330 πράγματος,
1742 3252 1987 3311 τουτέστι

351 3345 423 3417 μὴ
489 3342 651 3416 μόνον
704 3340 989 3415 ὀνόματος,
1037 3339 1183 3407 ἀλλὰ
1228 3342 1317 3397 καὶ
1372 3342 1715 3418 πράγματος.
1766 3341 1829 3395 Εἰ
1884 3340 1985 3417 γὰρ

345 3426 398 3487 ἓν
451 3431 545 3505 μὶν
596 3429 828 3507 ὑπάρχει
876 3427 1138 3507 τοῦνομα,
1189 3428 1419 3508 διάφορα
1470 3428 1529 3487 δὲ
1582 3431 1651 3485 τὰ
1698 3431 1785 3485 ὑπ’
1823 3429 1986 3491 αὐτοῦ

344 3518 663 3594 δηλούμενα
689 3520 1002 3595 πράγματα,
1035 3520 1124 3574 καὶ
1168 3519 1196 3573 6
1231 3519 1325 3591 μὲν
1376 3518 1459 3573 ἐπ’
1490 3516 1663 3573 ἄλλου
1718 3539 1988 3593 ⁴σημαινο-

347 3608 512 3687 μένου
543 3606 664 3680 δοίη
694 3609 785 3677 τρν
819 3606 1009 3684 λόγον,
1042 3609 1070 3663 6
1103 3605 1149 3671 δ’
1179 3607 1260 3687 ἐφ’
1316 3607 1499 3685 ἐτέρου
1553 3610 1846 3679 ποιήσοιτο
1892 3608 1991 3675 τήν

346 3686 648 3776 ἀντίφασιν,
678 3696 741 3751 οὗ
770 3694 975 3771 γίνεται
1008 3686 1260 3772 ἔλεγχος.

417 3793 475 3855 ε’.
509 3785 665 3857 ’Δλλ’
694 3783 819 3855 οὐδὲ
857 3790 954 3863 τοῦ
995 3784 1306 3858 συνωνύμου
1358 3779 1624 3857 ὀνόματος
1671 3787 1707 3853 ἠ
1769 3783 1989 3862 ἀντίφα-

348 3897 430 3943 σις
487 3874 717 3952 ἔλεγχός
776 3874 907 3932 ἐστι.
950 3875 1019 3928 Τὸ
1074 3875 1179 3950 γὰρ
1237 3873 1428 3945 εἰπεῖν,
1488 3877 1631 3927 Ζῶοε
1683 3878 1990 3949 περιπατεῖ,

350 3972 486 4036 ζῶον
541 3965 602 4020 οὗ
632 3960 960 4041 ’περιπατεζ
992 3963 1079 4018 καὶ
1130 3959 1295 4041 ἄμφω
1350 3984 1410 4039 γε
1465 3961 1673 4033 ἀληθῆ.
1725 3961 1992 4039 Ἔλεγχος

350 4053 442 4111 οὖν
498 4053 635 4109 ἐστιν
684 4055 720 4122 ἡ
762 4057 861 4108 τοῦ
905 4052 1069 4107 αὐτοῦ
1134 4053 1224 4106 καὶ
1294 4053 1411 4115 ἑνὸς
1471 4051 1739 4125 ὀνόματός
1792 4072 1851 4107 τε
1903 4050 1995 4106 καὶ

351 4142 671 4218 πράγματος
691 4138 1007 4217 ’ἀντίφασις.

424 4236 488 4294 ς’.
549 4228 643 4283 Ἐκ
697 4233 801 4284 τῶν
888 4225 1146 4284 δοθέντων
1217 4227 1267 4299 ἐξ
1324 4229 1557 4306 ἀνάγκης
1632 4228 1993 4305 συναγομένη,

349 4317 444 4373 καὶ
473 4317 573 4372 οὐκ
601 4316 650 4389 ἐξ
684 4315 879 4392 ἑτέρων
908 4319 1093 4373 τινῶν.

430 4408 489 4477 ζ’.
524 4407 612 4475 Μὴ
671 4405 1171 4482 συναριθμουμένου
1241 4409 1337 4459 τοῦ
1396 4404 1447 4459 ἐν
1505 4405 1678 4482 ἀρχῇ,
1735 4404 2001 4473 τουτέστι,

358 4493 428 4552 δι’
487 4494 670 4571 ἑτέρου
732 4492 997 4566 ὀνόματος
1057 4488 1474 4567 λημϐανομένου
1529 4498 1627 4549 τοῦ
1688 4494 2002 4567 ζητήματος

356 4584 471 4640 ἀντῖ
552 4582 864 4660 προτάσεως
930 4583 1006 4645 εἷς
1062 4583 1151 4638 τὸν
1239 4580 1400 4659 λόγον
1482 4589 1582 4652 τῆς
1660 4580 2003 4654 ἀποδείξεως.

354 4676 525 4728 Τοῦτο
555 4670 656 4748 γὰρ
693 4670 925 4747 ὑπάρχει
957 4670 1020 4726 τὸ
1054 4669 1105 4726 έν
1137 4671 1309 4746 ἀρχῇ.
1448 4684 1451 4689 ⁴
1724 4666 1725 4669 η

435 4858 504 4922 η’.
538 4850 635 4904 Καὶ
665 4850 801 4905 κατὰ
828 4850 891 4903 τὸ
921 4849 1051 4904 αὐτὸ
1085 4846 1143 4903 δὲ
1184 4851 1321 4925 χρὴ,
1357 4851 1433 4923 μὴ
1486 4849 1669 4923 μέντοι
1722 4850 1838 4904 κατ’
1870 4848 2011 4905 ἄλλο

362 4938 453 4995 καὶ
484 4936 625 4994 ἄλλο
678 4937 841 5014 μέρος
878 4942 975 4992 τοῦ
1008 4936 1364 5011 ὑποκειμένου
1420 4938 1657 5012 γίνεσθαι
1713 4940 1812 5007 τήν
1870 4937 2013 4992 ἀντί-

366 5048 544 5107 φασιν.
587 5028 650 5082 Εί
706 5026 811 5103 γὰρ
867 5028 928 5081 τὸ
982 5026 1112 5081 αὐτὸ
1169 5025 1327 5099 ξύλον
1388 5027 1521 5081 μιατὰ
1579 5016 1672 5099 μὲν
1725 5025 1789 5080 τδ
1840 5034 2014 5100 μῆκος

367 5116 583 5193 λέγοιτο
633 5114 865 5192 δίπηχυ,
896 5115 1029 5170 κατὰ
1073 5112 1130 5170 δὲ
1175 5116 1238 5170 τὸ
1284 5113 1491 5178 πλάτος
1544 5115 1604 5170 οὗ
1650 5112 1881 5191 δίπηχψ
1925 5115 2014 5170 καὶ

364 5202 566 5279 Αἰθίοψ
595 5206 729 5261 κατὰ
764 5207 854 5279 μὶν
886 5206 984 5273 τήν
1016 5208 1113 5259 τοῦ
1161 5205 1413 5278 σώματος
1462 5204 1768 5281 ἐπιφάνειαν
1822 5203 2013 5277 μέλας,

366 5295 504 5351 κατὰ
550 5291 605 5349 δὲ
647 5293 775 5356 τοὺς
825 5291 1048 5356 ὀδόντας
1096 5292 1158 5349 οὐ
1209 5291 1401 5366 μέλας,
1430 5290 1544 5347 οὐδ’
1589 5292 1760 5356 οὕτως
1814 5293 2018 5368 γίνεται

370 5379 635 5459 ἔλεγχος.
1750 5384 1753 5387 ’

443 5474 507 5536 θ’.
559 5473 656 5526 Καὶ
706 5473 842 5548 πρὸς
892 5471 1022 5531 αὐτὸ
1072 5470 1129 5526 δὲ
1181 5472 1257 5545 μὴ
1320 5472 1501 5545 μέντοι
1549 5472 1686 5547 πρὸς
1742 5468 1883 5525 ἄλλο
1941 5467 2022 5524 δεῖ

370 5560 732 5640 ἀντιφάσκειν,
785 5559 921 5616 Οὐδὲ
982 5562 1083 5637 γὰρ
1156 5558 1405 5636 ἐλέγχειν
1471 5559 1581 5614 ἐστὶ
1627 5561 1689 5613 τὸ
1743 5560 1833 5614 τὸν
1891 5557 2018 5613 δέκα

1068 1290 1465 1361 ignorationem
1483 1288 1696 1347 elenchi
1725 1288 1915 1359 reduci
1940 1302 2115 1360 posse.

2633 1560 2865 1618 CAPUT
2903 1561 3147 1619 XXXIX.

2078 1653 2152 1709 De
2174 1653 2411 1718 elencho,
2462 1650 2679 1728 etquod
2723 1653 3322 1728 omnesparalogismi
3366 1655 3440 1723 ad
3486 1656 3715 1728 ignora-

2482 1724 2686 1778 tionem
2714 1722 2929 1778 elenchi
2949 1722 3308 1783 reducantur.

2151 1830 2203 1883 1.
2237 1827 2526 1884 Elenchus
2573 1833 2663 1885 est
2701 1829 3081 1886 contradictio
3121 1832 3297 1888 unius
3346 1837 3402 1889 et
3431 1834 3717 1906 'ejusdem

2082 1934 2198 1973 non
2250 1916 2502 1973 nominis
2534 1918 2635 1971 sed
2692 1917 2810 1984 rei;
2842 1922 2899 1973 et
2938 1919 3193 1975 nominis
3222 1938 3338 1977 non
3387 1926 3715 1998 synonymi,

2082 2005 2183 2064 sed
2231 2006 2493 2077 ejusdem
2525 2022 2593 2060 ex
2623 2005 2694 2061 iis
2726 2022 2851 2077 quas
2883 2008 3018 2064 data
3064 2015 3205 2065 sunt
3236 2027 3305 2077 ex
3351 2015 3719 2083 necessitate,

2084 2112 2200 2150 non
2247 2097 2628 2149 annumerato
2656 2110 2721 2149 eo
2775 2097 2928 2165 quod
2954 2100 3043 2152 est
3082 2097 3141 2152 in
3173 2098 3457 2172 principio
3504 2116 3720 2158 secun-

2083 2185 2224 2240 dum
2253 2182 2407 2239 idem
2455 2186 2512 2239 et
2541 2183 2613 2259 ad
2645 2182 2821 2251 idem,
2852 2188 2909 2241 et
2955 2186 3157 2243 eodem
3191 2188 3384 2260 modo,
3414 2192 3472 2245 et
3514 2190 3718 2259 eodem

2083 2278 2364 2344 tempore.

2152 2365 2208 2416 2.
2242 2362 2300 2416 Si
2332 2360 2457 2415 vult
2483 2360 2662 2433 igitur
2690 2360 3051 2433 aliquis,non
3084 2367 3241 2421 recta
3269 2366 3559 2423 dicentem
3588 2384 3724 2437 eum

2087 2451 2188 2523 qui
2216 2466 2413 2506 secum
2445 2449 2599 2505 886
2631 2450 2852 2505 confert
2894 2452 3257 2524 redarguere,
3290 2455 3462 2525 debet
3490 2458 3723 2530 opposi-

2085 2545 2212 2595 tum
2236 2538 2506 2611 colligere
2527 2540 2655 2609 ejus
2676 2540 2831 2610 quod
2853 2540 3119 2597 enuntiat
3148 2541 3199 2597 is
3216 2542 3318 2614 qui
3345 2544 3567 2601 confert
3590 2563 3723 2603 cum

2087 2630 2251 2699 ipso;
2285 2628 2502 2699 quippe
2532 2627 2640 2682 hoc
2672 2632 2759 2683 est
2788 2630 3193 2687 contradictio.

2158 2718 2212 2773 3.
2245 2716 2525 2788 Colligere
2555 2722 2749 2772 autem
2781 2718 3298 2777 contradictionem
3330 2721 3390 2777 in
3423 2739 3540 2779 uno
3559 2727 3618 2779 et
3638 2740 3731 2781 eo-

2089 2807 2244 2870 dem,
2273 2822 2386 2860 non
2434 2804 2493 2859 in
2525 2804 2636 2860 alio
2675 2809 2849 2877 atque
2897 2805 3029 2861 alio.
3061 2807 3121 2861 Si
3151 2808 3307 2864 enim
3350 2826 3484 2866 cum
3516 2812 3730 2870 dixerit

2091 2894 2326 2965 aliquis,
2356 2892 2723 2949 Aristotelem
2756 2895 3068 2951 artiﬁciose
3106 2895 3425 2969 disputare,
3454 2900 3606 2955 alius
3635 2901 3725 2958 in-

2093 2984 2281 3055 quiat,
2313 2982 2611 3038 Platonem
2643 2999 2757 3038 non
2788 2982 3087 3055 disputare
3127 2986 3459 3056 artificiose,
3493 3006 3609 3057 non
3638 2995 3729 3059 est

2094 3072 2491 3129 contradictio.
2525 3076 2836 3144 Propterea
2865 3072 3006 3127 dicit
3035 3073 3732 3143 deﬁnitio,contradictio-

2095 3178 2228 3217 nem
2261 3177 2390 3217 esse
2415 3160 2589 3216 unius
2622 3165 2677 3216 et
2707 3161 2971 3232 ejusdem
2998 3161 3333 3220 elenchum.

2166 3252 2218 3305 4.
2255 3251 2380 3305 Non
2438 3254 2631 3306 autem
2681 3250 2958 3319 nominis,
3004 3253 3106 3307 sed
3155 3250 3260 3319 rei,
3304 3253 3413 3311 hoc
3458 3260 3566 3327 est,
3615 3272 3733 3314 non

2095 3343 2324 3395 tantum
2355 3338 2628 3409 nominis,
2662 3339 2764 3395 sed
2794 3339 2970 3396 etiam
3000 3340 3163 3399 rei.Si
3195 3342 3352 3409 enim
3385 3360 3570 3403 unum
3602 3345 3733 3416 qui-

2096 3429 2228 3484 dem
2272 3443 2485 3483 nomen
2517 3427 2707 3496 fuerit,
2738 3432 2795 3484 et
2839 3445 2970 3484 vero
3000 3446 3091 3485 res
3122 3431 3359 3487 diversas
3408 3449 3533 3505 quas
3563 3434 3637 3489 ab
3666 3450 3733 3490 eo

2096 3515 2497 3584 declarantur;
2527 3520 2585 3572 et
2615 3533 2769 3572 unus
2798 3518 3035 3588 quidem
3064 3519 3121 3574 in
3154 3519 3266 3575 alio
3296 3521 3619 3595 signiﬁcato
3651 3539 3739 3580 as-

2098 3605 2289 3677 signet
2317 3606 2657 3671 orationem,
2689 3605 2836 3667 alter
2863 3610 3056 3663 autem
3088 3608 3145 3663 in
3178 3608 3290 3666 alio
3329 3611 3737 3668 contradictio-

2099 3710 2234 3748 nem
2268 3694 2463 3761 faciat,
2497 3711 2611 3749 non
2641 3694 2708 3750 fit
2737 3695 3034 3752 elenchos.

2168 3783 2223 3835 5.
2278 3783 2388 3838 Sed
2437 3798 2625 3855 neque
2682 3785 2989 3858 eynonymi
3037 3787 3294 3844 nominis
3358 3789 3740 3861 contradictio

2101 3869 2378 3927 elenchus
2406 3871 2721 3928 est.Dicere
2749 3873 2930 3944 enim,
2950 3876 3181 3931 Animal
3213 3877 3498 3949 ambulat,
3522 3878 3745 3947 animal

2104 3976 2220 4015 non
2252 3959 2534 4028 ambulat,
2570 3961 2748 4017 etiam
2781 3963 2951 4019 ambo
2982 3980 3118 4020 vera
3143 3966 3599 4024 sunt.Elenchus
3637 3968 3747 4042 igi-

2104 4053 2202 4103 tur
2229 4052 2319 4104 est
2346 4049 2521 4105 unius
2552 4054 2609 4105 et
2638 4051 2903 4121 ejusdem
2933 4058 2990 4108 et
3022 4054 3278 4110 nominis
3306 4060 3363 4110 et
3394 4056 3475 4111 rei
3519 4061 3749 4129 contra-

2110 4137 2311 4193 dictio.

2178 4226 2232 4280 6.
2266 4226 2399 4289 Quaz
2429 4243 2498 4283 ex
2527 4227 2679 4283 datis
2709 4231 3062 4299 necessario,
3113 4249 3229 4288 non
3276 4250 3346 4289 ex
3376 4232 3508 4291 aliis
3539 4232 3752 4307 aliqui-

2035 4303 2078 4370 C
2116 4317 2228 4372 bus
2258 4316 2564 4389 colligitur.

2180 4407 2235 4460 7.
2267 4404 2392 4461 Non
2415 4410 2794 4463 annumerato
2825 4424 2891 4465 eo
2923 4410 3076 4481 quod
3110 4414 3197 4467 est
3224 4410 3283 4466 in
3316 4410 3621 4486 principio,
3643 4412 3752 4477 hoc

2115 4499 2204 4550 est
2245 4500 2311 4549 ut
2349 4512 2465 4551 non
2510 4501 2845 4554 assumatur
2892 4499 3134 4572 quaestio
3185 4516 3286 4573 per
3333 4500 3494 4557 aliud
3542 4518 3756 4561 nomen

2118 4583 2242 4640 loco
2289 4584 2701 4656 propositionis
2739 4586 2800 4641 in
2848 4587 3363 4645 demonstrationis
3411 4591 3758 4647 orationem.

2119 4676 2238 4755 Hoc
2264 4673 2419 4729 enim
2442 4678 2532 4730 est
2552 4673 2608 4729 id
2627 4674 2775 4730 887
2808 4678 2963 4749 quod
2989 4676 3098 4732 fuit
3118 4677 3482 4751 propositum
3516 4679 3577 4735 in
3600 4672 3761 4752 prin-

2121 4778 2295 4833 ClplO.

2191 4850 2243 4904 8.
2294 4850 2401 4905 Sed
2452 4856 2508 4906 et
2554 4854 2877 4907 secundum
2920 4855 3207 4922 eamdem,
3262 4872 3377 4911 non
3436 4858 3761 4931 secundum

2123 4938 2297 4994 aliam
2331 4944 2507 5010 atque
2537 4940 2710 4996 aliam
2742 4942 2987 5013 subjecti
3017 4949 3241 5015 partem
3272 4950 3499 5018 oportet
3534 4934 3764 5002 contra-

2124 5028 2435 5083 dictionem
2490 5029 2633 5084 fieri.
2666 5030 2725 5085 Si
2755 5031 2911 5085 enim
2952 5031 3107 5087 idem
3163 5033 3388 5107 lignum
3437 5028 3763 5101 secundum

2124 5115 2573 5189 longitudinem,
2606 5119 2970 5187 hicubitum;
3004 5122 3327 5179 secundum
3365 5120 3763 5197 latitudinem,

2128 5223 2241 5260 non
2274 5206 2598 5295 bicubitum
2632 5208 2859 5264 dicatur
2883 5214 2969 5276 ;et
2998 5210 3259 5283 [Ethiops
3283 5213 3474 5287 quoad
3506 5213 3767 5295 corporig

2127 5294 2493 5367 superficiem
2526 5297 2709 5369 niger,
2743 5300 2933 5370 quoad
2964 5300 3167 5356 dentes
3198 5318 3312 5357 non
3345 5301 3547 5374 niger;
3580 5294 3769 5374 neque

2129 5382 2211 5437 ita
2242 5384 2307 5437 ﬁt
2335 5382 2638 5440 elenchos.

2197 5472 2251 5526 9.
2287 5472 2353 5526 Et
2377 5473 2449 5527 ad
2481 5473 2635 5529 idem
2667 5475 2925 5548 quidem,
2957 5494 3072 5533 non
3104 5484 3299 5535 autem
3332 5480 3401 5534 ad
3434 5480 3593 5536 aliud
3633 5497 3771 5537 con-

2129 5561 2411 5617 tradicere
2442 5568 2686 5635 oportet.
2719 5563 2915 5637 Neque
2936 5569 3090 5622 enim
3119 5568 3225 5623 hoc
3249 5576 3333 5623 est
3356 5570 3769 5635 contradicere,

373 5652 556 5726 λέγειν
608 5651 743 5726 πρὸς
791 5652 880 5705 τὸν
940 5650 1096 5705 πέντε
1154 5647 1458 5720 διπλάσιον,
1511 5648 1572 5703 οὐ
1632 5648 1914 5703 διπλάσιον
1964 5647 1991 5702 δ

2131 5666 2264 5704 cum
2292 5650 2431 5705 dicit
2461 5652 2675 5722 aliquis
2705 5655 3006 5710 denarium
3037 5657 3281 5728 duplum
3310 5658 3380 5712 ad
3405 5659 3763 5729 quinarium,

377 5742 516 5818 πρὸς
547 5737 728 5816 ἓτερον
761 5740 1010 5815 ἀριθμόν.

453 5836 499 5883 ι’.
534 5828 605 5899 Οὐ
655 5829 820 5904 μόνον
852 5826 910 5883 δὲ
946 5828 1081 5885 κατὰ
1132 5828 1195 5884 τὸ
1250 5826 1380 5916 αὐτὸ
1435 5826 1524 5883 καὶ
1573 5828 1709 5917 πρρς
1767 5828 1829 5915 τᾷ
1885 5825 2016 5883 αὐτὸ

2134 5739 2206 5794 ad
2236 5739 2412 5795 alium
2446 5747 2641 5797 autem
2674 5760 2985 5799 numerum
3020 5762 3134 5799 non
3165 5745 3437 5817 duplum.

2205 5828 2422 5885 10.Non
2454 5830 2645 5887 solum
2676 5837 2872 5889 autem
2895 5835 3218 5890 secundum
3238 5833 3396 5922 idem
3424 5838 3483 5890 et
3512 5833 3582 5920 ad
3608 5832 3766 5919 idem
