4108 6460
315 524 441 599 99')

1669 510 2019 591 EPITOME
2060 509 2364 590 Looic'A.

3597 512 3717 596 993

328 669 357 723 6
384 668 531 744 παρὰ
574 667 637 721 τὸ
683 662 966 739 ἑπόμενον,
1020 661 1170 737 μόνῳ
1218 657 1554 716 διαλλάττων
1606 664 1686 733 τῷ
1744 654 1959 733 λαμϐά-
1988 662 2009 728 Α

2091 677 2181 717 ioc
2210 661 2332 718 solo
2363 661 2628 719 evarians
2659 648 2814 735 quod
2844 663 3127 733 majorem
3159 664 3717 736 propositionem'ex

322 778 432 813 νειν
489 757 586 826 τήν
638 754 817 829 μείζω
859 751 1114 830 πρότασιν
1162 751 1223 806 ἐκ
1251 749 1638 825 διεψευσμὲνης
1689 750 1964 825 ἀντιστρο-

328 854 454 926 φῆς.
510 842 634 900 Οὐδ’
690 846 719 899 6
773 843 919 920 παρά
970 843 1032 897 τὸ
1089 840 1507 926 ἑπόμενονγᾶρα
1560 837 1954 926 συλλογισμὸς,

330 922 508 1008 ὥσπερ
557 931 671 990 οὐδ’
702 934 731 988 6
767 934 914 1009 παρὰ
957 932 1021 986 τὸ
1062 925 1430 1004 συμϐεϐηκός·
1481 926 1658 990 οὐδεὶς
1700 929 1800 1002 γὰρ
1850 922 1965 1002 ἔχει

326 1026 390 1080 τὸ
430 1024 480 1094 ἐξ
510 1023 771 1097 ἀνάγκης.
805 1017 938 1075 Οὔτε
964 1020 1085 1095 γὰρ,
1120 1018 1165 1072 εἰ
1204 1018 1232 1071 6
1264 1018 1544 1093 ἅνθρωπος
1599 1019 1758 1087 ζῶον,
1790 1014 1851 1068 τὸ
1909 1011 1966 1068 δὲ

332 1118 468 1185 ζῶον
502 1105 855 1181 δισύλλαϐον,
888 1110 1093 1184 ἀνάγκη
1119 1108 1210 1162 τὸν
1269 1107 1551 1181 ἄνθρωπον
1603 1104 1732 1158 εἶναι
1782 1101 1966 1158 δισύλ-

330 1197 517 1258 λαϐον·
552 1200 666 1256 ἐπεὶ
723 1196 863 1272 μηδὲ
920 1201 1000 1270 τῷ
1056 1196 1181 1269 ζώῳ
1233 1194 1515 1270 πρόσεστιν
1574 1189 1854 1254 οὖσιωδῶς
1907 1191 1968 1245 τὸ

333 1285 685 1363 δισύλλαϐον,
737 1287 829 1343 ’ἱνα
909 1287 1000 1342 καὶ
1061 1286 1196 1342 κατὰ
1248 1289 1345 1340 τοῦ
1401 1283 1688 1358 ἀνθρώπου
1745 1281 1965 1357 λεχθείη

335 1381 476 1450 ζώου
513 1379 898 1454 τυγχάνοντος.
928 1372 1050 1430 Οὕτ⁹
1081 1372 1229 1436 αὖθις
1278 1373 1324 1428 εἰ
1377 1375 1404 1428 6
1465 1373 1789 1445 μαινόμενος
1845 1369 1971 1447 φεύ-

331 1489 412 1545 γει
467 1468 602 1541 πρὸς
658 1462 888 1543 ἔρημον,
930 1462 1143 1534 ἀληθὴς
1201 1460 1379 1533 δήπου
1434 1461 1523 1516 καὶ
1553 1463 1589 1531 ἡ
1622 1459 1970 1537 ἀντιστροφὴ,

329 1557 527 1627 τὸ,τὸν
587 1553 849 1634 φεύγοντα
903 1553 1041 1630 πρὸς
1100 1550 1305 1628 ἔρημον
1359 1547 1470 1621 ἤδη
1523 1550 1613 1605 καὶ
1676 1548 1972 1623 μαίνεσθαι,

334 1642 471 1700 Οὐδὲ
518 1643 620 1720 γάρ
665 1642 803 1699 ἐστιν
864 1642 985 1717 (οὐκ
1040 1639 1173 1715 ἔστι)
1211 1644 1291 1710 τῷ
1350 1637 1439 1693 διὰ
1494 1636 1814 1717 φιλοσοφίαν
1877 1641 1971 1705 ζη-

334 1739 516 1790 τοῦντι
542 1735 637 1795 τὰς
670 1731 914 1809 ἐρήμους
960 1731 1022 1785 τὸ
1074 1728 1369 1804 μαίνεσθαι,
1401 1727 1705 1784 τούναντίον
1754 1729 1975 1800 μενοῦν-

333 1846 395 1901 γε
453 1821 668 1897 μᾶλλον
714 1823 777 1876 τὸ
842 1824 1154 1899 σωφρονεῖν.
1214 1819 1310 1873 Διά
1386 1819 1534 1872 ταῦτ’
1592 1817 1693 1890 ἄρα
1746 1819 1826 1887 τῷ
1879 1818 1975 1869 τοῦ

338 1911 574 1987 ἐλέγχου
606 1910 720 1988 ὅρῳ
747 1911 809 1965 τὸ
839 1909 891 1981 ἐξ
935 1909 1171 1983 ἀνάγκης
1229 1906 1613 1982 προσκείμενον
1677 1902 1976 1980 ἀναγκαίως

2076 749 2223 806 falsa
2252 751 2623 808 conversione
2652 751 2881 823 accipit.
2912 752 3108 824 Neque
3137 752 3316 826 igitur
3345 755 3447 826 qui
3478 772 3547 811 ex
3576 774 3713 813 con-

2077 844 2378 911 sequente,
2409 839 2781 912 syllogismus
2824 844 2950 907 est;
2984 842 3482 911 quemadmodum
3532 862 3638 901 nec
3665 845 3716 902 is

2078 928 2177 998 qui
2206 944 2275 982 ex
2321 927 2476 983 390
2506 935 2896 999 consequente
2934 930 3046 999 (est
3095 931 3568 1006 paralogismus),
3601 934 3715 1006 syl-

2079 1016 2363 1087 logismus
2407 1021 2524 1083 est;
2560 1017 3056 1087 quemadmodum
3107 1035 3212 1074 nec
3243 1020 3293 1075 is
3325 1021 3426 1093 qui
3457 1038 3526 1078 ex
3566 1023 3719 1079 acci-

2081 1104 2250 1159 dente
2278 1108 2404 1171 est;
2438 1109 2641 1160 neuter
2670 1105 2826 1160 enim
2854 1106 2912 1159 id
2944 1106 3141 1175 habet,
3173 1110 3327 1180 quod
3359 1126 3428 1165 ex
3466 1113 3718 1168 necessi-

2078 1197 2197 1248 tate
2243 1198 2352 1248 est.
2384 1193 2577 1263 Neque
2618 1195 2771 1248 enim
2803 1194 2853 1249 si
2887 1194 3059 1251 homo
3091 1202 3179 1251 est
3233 1198 3471 1268 animal,
3504 1200 3721 1257 animal

2081 1287 2277 1337 autem
2308 1286 2398 1337 est
2426 1281 2818 1354 trisyllabum,
2853 1299 3087 1341 necesse
3108 1289 3196 1341 est
3224 1290 3290 1341 ut
3318 1287 3491 1344 homo
3525 1289 3601 1344 sit
3619 1290 3722 1345 tri-

2083 1369 2379 1443 syllabus;
2411 1371 2885 1442 quandoquidem
2933 1390 3120 1445 neque
3148 1374 3389 1432 animali
3440 1378 3723 1437 essentia-

2080 1458 2213 1515 liter
2240 1459 2506 1515 convenit
2531 1458 2918 1532 trisyllabum,
2951 1467 3015 1516 ut
3042 1462 3218 1519 etiam
3267 1464 3339 1519 de
3368 1464 3607 1523 homine
3632 1467 3720 1524 di-

2083 1552 2327 1619 ceretur,
2361 1548 2462 1619 qui
2515 1548 2734 1621 (homo)
2768 1554 2857 1605 est
2908 1550 3145 1606 animal.
3178 1553 3374 1624 Neque
3425 1572 3633 1612 rursus
3673 1556 3725 1612 si

2084 1636 2386 1692 insaniens
2418 1636 2565 1709 fugit
2593 1638 2665 1692 ad
2695 1638 3154 1707 desertum,vera
3175 1642 3452 1699 nimirum
3484 1649 3572 1701 est
3594 1662 3729 1701 con-

2081 1725 2269 1781 versio
2303 1725 2444 1796 haec,
2479 1742 2614 1781 eum
2646 1726 2744 1798 qui
2777 1726 2925 1800 fugit
2954 1730 3025 1784 ad
3059 1730 3516 1803 desertum,jam
3548 1735 3724 1791 etiam

2085 1813 2361 1870 insanire.
2387 1815 2585 1886 Neque
2614 1816 2769 1871 enim
2804 1817 2973 1890 inest,
3007 1835 3121 1874 non
3174 1819 3344 1888 inest,
3376 1821 3641 1895 inquam,
3673 1824 3727 1880 ei

2086 1903 2187 1974 qui
2218 1907 2451 1975 pmpter
2481 1903 2910 1976 philosophiam
2943 1908 3150 1978 quaarit
3179 1908 3722 1981 deserta,insanire;

338 2000 629 2078 ἀποτρέπει
658 1998 783 2060 τούς
813 2019 872 2053 τε
897 1998 963 2053 τὸ
1004 1998 1081 2069 μή
1142 1994 1311 2051 αἶ’τιον
1357 1996 1432 2057 ὡς
1486 1991 1656 2049 αἴτιον
1712 1992 1973 2063 τιθέντας,

2091 1993 2186 2048 sed
2217 1997 2417 2047 contra
2464 1991 2657 2063 potius
2691 2010 2894 2065 sapere
2941 2000 2997 2050 et
3028 1998 3393 2054 moderatum
3439 2016 3586 2057 esse.
3621 2003 3729 2058 Ea-

338 2089 464 2152 τοὺς
490 2090 638 2165 παρὰ
669 2088 733 2143 τὸ
764 2081 1131 2161 συμϐεϐηκὸς,
1159 2084 1249 2140 καὶ
1297 2083 1425 2146 τούς
1474 2084 1620 2159 παρὰ
1662 2083 1725 2136 τὸ
1772 2081 1981 2155 ἑπόμε-

338 2200 430 2235 νον
460 2176 782 2257 σοφισμοός.

413 2443 514 2505 κδ’.
544 2444 677 2507 Τοὺς
709 2442 768 2499 δὲ
795 2444 857 2498 τὸ
885 2442 953 2518 ξέν
1002 2442 1151 2520 ἀρχῇ
1198 2440 1477 2501 αἰτοῦντας
1529 2431 1876 2510 ἀκροϐολίζει
1922 2437 1983 2490 16

349 2536 424 2611 μὴ
456 2533 955 2611 συναριθμουμένου
984 2535 1081 2587 τοῦ
1111 2530 1163 2585 ἐν
1192 2530 1362 2607 ἀρχῇ.

414 2715 508 2772 κε’.
556 2711 656 2767 Καὶ
705 2710 891 2774 ἄλλως
949 2707 996 2764 δ’
1043 2708 1102 2764 ἂν
1166 2708 1297 2770 ἴσως
1347 2706 1407 2762 ἐκ
1463 2704 1736 2784 διαφόρων
1804 2707 1980 2779 μερῶν

342 2804 558 2859 τοῦτὸν
600 2800 785 2871 ἀληθῆ
832 2797 1131 2871 δηλοῦντος
1184 2794 1415 2873 ἔλεγχον
1468 2797 1721 2871 ὁρισμοῦ,
1758 2794 1833 2867 μὴ
1891 2788 1985 2847 ὄν-

344 2913 438 2954 τας
473 2891 750 3034 ἐλέγχους
797 2887 1079 2965 ἀπελέγξοι
1128 2885 1253 2948 τοὺς
1317 2883 1660 2963 σοφιστικοὺς
1719 2884 1747 2938 ὁ
1807 2881 1980 2953 ἐξετα-

349 3000 470 3034 στικ
506 2999 552 3034 ς.

349 2999 552 3041 στικος.

2091 2085 2326 2152 propter
2353 2080 2532 2152 igitur
2558 2080 2621 2133 τὸ
2654 2098 2722 2137 ex
2754 2084 3102 2140 necessitate
3149 2086 3472 2144 deﬁnitioni
3502 2089 3729 2146 elenchi

2092 2170 2385 2240 adjectum
2417 2170 2745 2226 necessario
2774 2172 3061 2241 avertit,et
3088 2191 3157 2230 ea
3185 2191 3312 2247 quae
3343 2193 3460 2233 non
3489 2194 3729 2235 causam

2092 2274 2194 2330 pro
2227 2274 2405 2313 causa
2446 2263 2691 2330 ponunt,
2724 2264 2781 2315 et
2830 2278 2957 2333 quas
3002 2278 3071 2318 ex
3117 2264 3411 2322 accidente
3440 2270 3499 2322 et
3525 2283 3727 2325 conse-

2092 2350 2306 2418 quente
2337 2351 2475 2403 sunt
2504 2347 2890 2419 sophismata.

2161 2436 2250 2490 24.
2285 2434 2391 2491 Illa
2420 2436 2670 2507 denique
2700 2453 2825 2509 quae
2851 2442 3060 2510 petunt
3090 2440 3148 2496 id
3171 2444 3325 2513 quod
3356 2443 3416 2499 in
3443 2444 3730 2519 principio

2092 2529 2182 2583 est
2234 2524 2615 2596 propositum,
2649 2527 2888 2599 contigit
2932 2528 3061 2595 hoc,
3095 2547 3208 2587 non
3252 2541 3636 2592 annumerato
3664 2553 3731 2593 eo

2094 2614 2248 2685 quod
2280 2618 2368 2669 est
2400 2614 2458 2667 in
2492 2614 2791 2687 principio.

2164 2705 2252 2758 25.
2304 2706 2373 2756 Et
2418 2718 2549 2758 vero
2598 2704 2772 2759 etiam
2838 2705 3007 2763 aliter
3051 2708 3316 2767 fortassis
3362 2729 3431 2768 ex
3485 2714 3729 2773 diversis

2094 2791 2361 2864 partibus
2390 2791 2747 2849 deﬁnitionis
2787 2794 3093 2852 elenchum
3126 2814 3327 2855 verum
3359 2802 3729 2874 declarantis,

2096 2879 2443 2952 sophisticos
2474 2879 2744 2938 elenchos
2776 2890 3085 2943 accuratus
3115 2886 3424 2962 indagator
3460 2908 3574 2948 non
3606 2910 3734 2951 esse

2094 2987 2261 3026 veros
2292 2968 2562 3026 elenchos
2593 2973 2863 3041 arguerit.

1427 3190 1576 3247 895
1612 3188 1815 3244 Tabula
1842 3188 2037 3260 capitis
2062 3187 2152 3259 39,
2184 3186 2250 3242 de
2278 3185 2520 3259 eiencho,
2552 3193 2658 3244 etc.

992 3422 1166 3481 unius
1213 3429 1267 3479 et
1311 3421 1566 3494 ejusdem
1612 3436 1730 3494 non
1780 3418 1804 3494 \
2400 3418 2418 3494 Ι
2475 3418 2840 3494 homonymia

1065 3500 1283 3551 tantum
1314 3491 1586 3563 nominis,
1631 3493 1730 3549 sed
1795 3491 1812 3563 \
2398 3491 2415 3563 ι
2472 3491 2820 3561 amphibolia

1063 3567 1232 3622 etiam
1261 3566 1362 3623 rei.
1804 3563 1818 3645 ι
2400 3563 2431 3645 \
2473 3563 2883 3645 compositione
3141 3563 3172 3645 Ι
3215 3568 3336 3645 haec
3362 3570 3518 3628 enim
3549 3572 3742 3630 omnia

2473 3635 2747 3692 divisione
3139 3635 3164 3701 1
3282 3642 3531 3700 diversas
3552 3660 3643 3701 res
3665 3645 3745 3701 ef-

2472 3712 2711 3761 accentu
3140 3712 3167 3772 \
3284 3714 3485 3770 ﬁciunt
3504 3732 3518 3772 :
3540 3730 3739 3772 accen-

2474 3776 2652 3846 ﬁgura
2681 3778 2950 3836 dictionis
3143 3776 3176 3846 Ῑ
3287 3793 3373 3842 tus
3434 3788 3602 3844 etiam
3650 3789 3737 3843 di-

2475 3847 2733 3929 plu_ribu_s
2798 3847 3169 3929 interroga-|
3283 3873 3443 3915 versa
3484 3858 3738 3915 nomina.

2549 3920 2797 3977 tionibus

2477 3990 2644 4073 dicto.
2671 4063 2682 4076 _
2789 3994 3106 4076 secundum

479 4096 765 4189 E16921!”
930 4063 962 4189 ό
1771 4063 1800 4189 6
1842 4063 2441 4189 horumelenchire—\
2751 4071 2807 4120 el
2882 4067 3106 4136 81mph-

586 4177 809 4272 εἱξςηιςη
919 4177 956 4272 ἢ
1348 4203 1384 4255 2
1775 4177 1813 4272 ἲ
1843 4177 2009 4271 Ἶὖῖ

2091 4216 2247 4257 orum
2292 4201 2369 4272 ig—
2426 4177 2442 4196 ‘
2549 4177 2709 4189 ww
2778 4206 2814 4259 2

438 4242 809 4298 ⁰⁰⁰¹Γ⁸⁶¹⁰ι¹⁰
941 4242 962 4357 l
998 4288 1063 4331 ex
1094 4272 1163 4328 iis
1193 4286 1313 4357 quae
1344 4242 1471 4357 data
1511 4277 1644 4328 sunt
1668 4242 1790 4357 exi
1915 4242 2372 4357 EBEHJJﬁi
2414 4277 2430 4357 (
2483 4290 2599 4357 non
2627 4242 2814 4357 causa:
2835 4284 2899 4333 ut
2941 4293 3114 4335 causa
3156 4284 3182 4357 γ
3223 4283 3430 4353 quippe
3479 4297 3546 4339 ex
3602 4284 3747 4340 datis

1070 4348 1420 4400 necessitate.
1771 4349 1792 4415 ί
1916 4348 2432 4415 οαηῑοωηθερα-ζ
2483 4348 2773 4403 accidente
3165 4348 3185 4415 l
3239 4348 3256 4353 “
3294 4348 3611 4412 necessario
3628 4372 3746 4413 non

1351 4488 1385 4542 3
1773 4416 1813 4545 ‘
1919 4416 2205 4488 ralogismi
2235 4432 2303 4473 ex
2416 4416 2866 4545 (consequeige
3157 4416 3182 4494 )
3293 4428 3592 4499 colligunt.

1000 4574 1122 4616 non
1200 4566 1584 4633 annumerato
1629 4575 1740 4633 Aeo
1788 4561 1820 4633 |
2414 4561 2430 4633 Ι
2485 4561 2759 4631 petitione
2882 4563 3112 4633 princi-

1071 4630 1221 4704 quod
1251 4630 1426 4687 estin
1456 4630 1741 4702 principio
1799 4630 1823 4704 1
2414 4630 2438 4704 \
2490 4630 2501 4631 ί
2555 4632 2634 4701 pii
2690 4639 2751 4688 ut
2806 4630 2972 4704 vulgo
3023 4634 3115 4689 di-

1072 4701 1385 4777 positum._
1460 4701 1475 4702 “
1811 4701 1824 4777 ι
2421 4701 2439 4777 l
2555 4704 2721 4759 citur.
2799 4775 2809 4777 Α
2910 4701 2928 4704 ⁷
3154 4701 3755 4777 futipsaappellatio-

1360 4774 1394 4828 4
1814 4774 1823 4836 Ι
2412 4774 2437 4836 ί
2784 4775 2818 4829 4
3156 4774 3182 4836 ὶ
3260 4774 3401 4833 num
3418 4774 3756 4836 convenien-

1003 4843 1318 4916 secundum
1407 4845 1583 4915 idem,
1674 4847 1746 4901 ad
1807 4843 1821 4916 1
2413 4843 2823 4916 Iigroratione
2955 4843 3181 4916 elen-\
3262 4849 3338 4906 tia
3370 4851 3638 4908 ostendit.

1074 4915 1259 4989 idem,
1322 4917 1520 4973 eodem
1576 4918 1745 4974 modo
1794 4915 1814 4989 Ι
2203 4964 2218 4978 .
2411 4915 2430 4989 1
2516 4915 2648 4989 οὺὶ
2698 4917 2761 4975 in
2808 4919 2996 4989 specie
3034 4920 3117 4977 sic

1076 4959 1744 5059 iivé'étieni'iéﬁol‘r‘éfw
1782 4959 1809 5036 /
2203 4964 2218 4978 ‘
2411 4959 2439 5059 Κ
2555 4959 2724 5045 Εἶὲιαῖ

1662 5327 2001 5386 SYNOPSIS
2041 5328 2320 5385 CAPITIS
2359 5328 2469 5384 XL.

1356 5468 1508 5517 QUOD
1541 5468 1641 5509 EST
1677 5468 1748 5508 DE
1786 5466 2294 5510 PBOPOSITIONIBUS
2331 5470 2398 5509 ET
2435 5468 2823 5510 SYLLOGISMIS.

373 5647 993 5725 LDivisionesoliqnot
1039 5650 1431 5725 propositionis
1461 5651 1669 5725 repetit.
1699 5680 1767 5690 —
1812 5651 1865 5704 2.
1901 5650 2200 5725 ΙξνίυιιιαηιΔ
2234 5650 2660 5725 propositionem
2708 5648 2993 5725 describit,
3042 5654 3326 5710 ostendens
3374 5654 3541 5709 simul
3594 5670 3770 5725 quare

444 5736 570 5797 cum
616 5720 850 5797 simple;
876 5723 961 5797 sit
991 5720 1285 5797 privativa
1305 5720 1775 5797 tamen—dicatur.
1809 5752 1873 5761 —
1923 5722 1970 5774 3.
2013 5720 2445 5797 Praedicatorum
2476 5724 2536 5775 in
2560 5723 3022 5797 propositionibus
3067 5727 3408 5797 simplicibus
3454 5729 3568 5780 sive
3603 5720 3767 5780 'habi-

447 5796 568 5846 tum
596 5792 711 5846 sive
750 5793 1117 5867 privationem
1139 5793 1579 5867 signiﬁcantibus
1626 5801 1677 5848 et
1713 5795 1773 5847 in
1802 5793 2147 5867 transpositis
2194 5793 2468 5867 diversam
2516 5792 2787 5867 rationein
2826 5795 3087 5867 explicat.
3138 5792 3206 5837 —'—
3256 5798 3408 5852 392
3462 5798 3515 5849 4.
3566 5800 3770 5863 Monet,

446 5877 517 5922 ne
541 5878 641 5935 pro
685 5864 948 5937 exemplis
975 5868 1273 5939 proposita,
1316 5880 1420 5938 pro
1466 5866 1693 5938 integris
1732 5864 2199 5939 propositionibus
2243 5865 2614 5938 accipiantur,
2663 5865 2759 5921 sed
2796 5864 2910 5939 pro
2942 5868 3259 5940 pradicatis
3304 5870 3518 5922 tantum
3563 5874 3617 5921 et
3663 5880 3769 5938 pro
