4108 6472
419 492 541 554 999

1667 475 2088 556 sicspnom
2132 471 2568 554 BLEMMIDE

3654 491 3806 556 1000

998 654 1067 665 —
1110 626 1168 708 5ἱ
1199 629 1377 694 Docet,
1410 625 1480 708 ad
1506 626 1810 708 simplicem
1833 623 2264 708 afﬁrmatignem
2312 622 2572 708 consequi
2599 622 2950 691 negationem
2979 621 3391 708 transpositam,
3423 627 3502 708 _
3516 629 3803 708 propterea

683 697 1113 778 propositionem
1149 699 1534 778 transpositam
1577 693 1863 778 appellari.
1891 725 1960 736 —
1993 699 2042 748 6.
2074 693 2241 748 lavet
2287 694 2674 778 quastionem,
2695 709 2868 774 quare
2913 710 3030 776 non.
3050 697 3243 778 etiam.
3260 693 3656 778 propositione}
3681 699 3801 762 pri.

491 767 713 830 natiue.
747 767 910 824 dictae
953 771 1068 822 sint
1095 771 1464 838 transpositz,
1494 785 1626 839 quia
1648 767 1653 768 “
1675 768 1947 821 nimirum
1973 781 2086 839 non
2133 781 2237 834 par
2264 773 2342 818 est
2368 780 2562 818 earum
2591 767 2734 818 ratio
2750 780 2852 834 per
2879 767 3084 830 omnia,
3115 767 3362 839 etjsimul
3396 767 3646 839 tabulam
3675 785 3798 837 pro-

485 841 642 910 ponit
688 840 1080 910 consecutionis
1116 836 1553 910 propositionum
1596 840 1938 909 simplicium
1981 838 2381 910 privativarum
2427 843 2477 890 et
2520 839 3001 910 transpositarum.
3040 837 3216 910 _—77.
3252 836 3494 892 Ostendit
3538 855 3570 908 ᾳ

3575 844 3802 896 uatenus

487 907 779 980 proposita:
804 908 992 982 φάσεις
1040 907 1427 982 couipolleant
1451 907 1915 982 prapositionibus
1962 911 2029 962 im

2149 907 2551 982 iitisetsimul
2579 922 2727 962 verm
2771 909 2902 982 sint.
2936 938 3004 947 —
3030 908 3082 960 8.
3114 909 3386 982 Quatenus
3427 907 3803 967 contradicunt

484 977 539 1035 et
563 977 749 1054 ueram
775 977 1112 1054 falsumque
1144 977 1411 1037 dividant.
1443 977 1511 1022 -ῖ-
1643 981 1898 1049 Singulos
1927 979 2108 1054 modos
2157 977 2523 1049 syllogisticos
2552 982 2725 1054 trium
2771 978 3074 1047 ﬁgurarum
3106 980 3348 1035 breviter
3373 983 3570 1051 repetit
3614 986 3670 1038 et
3697 982 3803 1054 hy-

480 1049 886 1123 potheticorum
912 1049 1361 1124 syllogismorum
1389 1069 1453 1108 ac
1478 1053 1901 1125 sophisticorum
1927 1049 2280 1107 elenchorum
2307 1065 2582 1104 summam
2609 1051 2873 1120 assignat.

1041 1292 1278 1350 CAPUT
1315 1293 1426 1351 XL.

720 1381 797 1438 De
821 1383 1282 1455 propositionibus
1308 1392 1362 1439 et
1385 1384 1735 1456 syllogismis.

482 1471 533 1526 1.
563 1470 769 1528 Omnis
818 1471 1136 1544 propositio
1185 1476 1288 1529 aut
1318 1471 1629 1529 afﬁrmatio
1679 1476 1769 1528 est
1799 1475 1902 1528 aut
1947 1487 2048 1527 ne-

406 1558 584 1632 gatio.
613 1559 819 1615 Omnis
866 1563 1061 1616 autem
1111 1561 1425 1618 afﬁrmatio
1474 1566 1533 1618 et
1577 1561 1769 1618 omnis
1817 1559 2046 1632 negatio

407 1647 738 1720 subjectum
785 1648 979 1712 habet.
1019 1653 1077 1705 et
1126 1649 1524 1721 pradicatum,
1556 1654 1658 1706 aut
1707 1651 1882 1706 etiam
1931 1654 2046 1704 ter-

404 1736 554 1794 tium
585 1738 1167 1810 appredicatum,aut
1194 1739 1372 1796 etiam
1406 1740 1648 1796 modum
1674 1756 1688 1794 :
1719 1743 1775 1795 et
1799 1737 1887 1795 vel
1909 1753 2044 1793 cum

405 1825 867 1899 pradeﬂnitione
896 1828 1128 1899 (signo),
1162 1833 1265 1883 aut
1312 1829 1442 1892 sine
1473 1827 1926 1900 predeﬁnitione
1966 1826 2046 1882 ef-

405 1914 623 1970 fertur:
656 1921 714 1972 et
741 1914 828 1971 vel
883 1916 1250 1986 particularis
1279 1922 1387 1985 est,
1421 1917 1508 1973 vel
1555 1915 1924 1983 universalis,
1953 1915 2042 1971 vel

403 2003 720 2076 singularis
745 2022 760 2074 ;
785 2009 844 2060 et
871 2004 1026 2060 τοι
1059 2004 1146 2059 vel
1179 2005 1427 2078 simplex
1454 2005 1657 2073 est,vel
1687 2021 1818 2062 cum
1849 2010 2041 2060 trans-

403 2092 695 2165 positione
745 2109 759 2149 :
811 2098 870 2149 et
919 2094 1008 2150 vel
1054 2092 1323 2149 habitum
1372 2093 1645 2166 declarat,
1701 2093 1788 2150 vel
1859 2093 2042 2166 priva-

401 2179 642 2238 tionem.

470 2269 525 2324 2.
549 2271 830 2327 Ceterum
863 2287 992 2344 quas
1024 2271 1407 2344 privationem
1450 2270 1727 2338 declarat,
1760 2271 2040 2344 privativa

402 2359 776 2414 denominata
804 2363 928 2415 est:
957 2364 1041 2428 nt,
1063 2359 1166 2416 Hic
1194 2365 1283 2416 est
1309 2360 1587 2432 injustas,
1605 2365 1706 2416 aut
1734 2360 2036 2432 insipiens,

400 2452 502 2504 aut
529 2446 1078 2517 immisericors,aat
1105 2449 1469 2521 imprudens,
1504 2455 1604 2506 aut
1628 2450 1906 2515 eviratus,
1936 2456 2038 2505 aut

399 2535 814 2608 intemperans.
848 2537 947 2594 Est
975 2542 1169 2594 autem
1201 2543 1260 2594 et
1290 2538 1409 2594 haec
1439 2539 1686 2612 simplex
1713 2555 1727 2606 ;
1760 2540 1860 2594 sed
1904 2556 2034 2611 pro-

399 2629 598 2726 pterea
616 2626 771 2726 quod
804 2625 1070 2726 habitum
1091 2644 1203 2682 non
1227 2628 1604 2692 ostendit,sed
1626 2628 2031 2700 privationem,
2063 2662 2111 2726 Β

395 2713 765 2785 peculiariter
787 2715 1070 2786 privativa
1097 2722 1297 2773 vocata
1326 2722 1433 2774 est.

467 2803 521 2859 3.
552 2801 628 2858 T6
650 2804 852 2874 justas
879 2804 1055 2876 igitur
1085 2822 1269 2860 unum
1300 2805 1576 2872 declarat,
1593 2807 1712 2862 sive
1741 2807 1804 2860 τὸ
1833 2805 2030 2874 homo,

397 2891 518 2947 sive
575 2893 750 2948 etiam
809 2894 1112 2965 proprium
1171 2911 1383 2951 nomen
1433 2895 1727 2966 adjectum
1798 2895 2031 2961 habeat,

397 2979 686 3052 siquidem
743 2982 1150 3038 alﬁrmationis
1207 3000 1341 3056 pars
1409 2984 1584 3040 fuerit
1641 3001 1655 3038 :
1713 2985 2033 3056 eodemque

399 3070 570 3125 modo
616 3074 673 3125 et
696 3068 759 3122 τὸ
807 3071 1084 3143 injustas.
1119 3071 1219 3128 Sin
1273 3072 1598 3146 negationis
1648 3090 1781 3146 pars
1835 3073 2031 3140 fuerit,

397 3157 687 3230 siquidem
708 3159 884 3215 etiam
914 3160 1145 3216 ﬁnitum
1167 3177 1379 3217 nomen
1411 3162 1824 3229 habet,iterum
1848 3179 2032 3218 unum

398 3246 652 3304 declarat
683 3264 696 3304 :
729 3248 907 3319 velut,
939 3249 1200 3306 Phalaris
1229 3267 1345 3306 non
1377 3256 1467 3307 est
1487 3252 1689 3322 justus
1722 3269 1736 3306 :
1766 3256 1870 3307 aut
1889 3251 2034 3307 Pha-

397 3334 536 3392 laris
568 3353 684 3393 non
715 3342 805 3393 est
824 3339 1024 3407 justus
1054 3339 1227 3394 homo
1259 3359 1278 3393 :
1309 3345 1410 3396 aut
1441 3339 1644 3395 Simon
1674 3357 1789 3395 non
1817 3343 1908 3396 est
1927 3339 2031 3396 ho-

397 3441 493 3480 mo
539 3425 816 3497 injustas.
849 3427 911 3482 Si
957 3444 1089 3484 vero
1142 3445 1353 3484 nomen
1400 3446 1516 3484 non
1567 3428 1888 3501 proprium,
1928 3430 2030 3484 sed

394 3518 624 3569 tantum
652 3512 716 3567 τὸ
764 3514 938 3571 homo
977 3516 1270 3588 adjectum
1319 3517 1589 3573 habuerit
1634 3517 1883 3590 negatio,
1916 3534 2031 3574 non

395 3619 579 3658 unum
632 3604 732 3660 sed
781 3604 896 3660 tria
946 3605 1220 3662 declarat.
1269 3605 1496 3662 Etenim
1541 3623 1656 3662 non
1705 3611 1794 3662 est
1829 3607 2031 3677 justus

391 3689 588 3758 homo,
620 3690 877 3763 injustas
923 3693 1098 3750 homo
1128 3699 1186 3750 et
1228 3694 1399 3750 modo
1445 3695 1660 3762 infans,
1693 3700 1750 3752 et
1795 3694 1846 3751 si
1889 3695 2030 3768 quid

391 3783 600 3851 praeter
645 3779 944 3837 hominem
992 3798 1199 3854 equas,
1250 3783 1423 3855 lapis,
1473 3788 1530 3840 et
1575 3801 1690 3842 non
1741 3799 1864 3839 ens.
1899 3783 2030 3839 Haec

390 3866 548 3922 enim
579 3881 769 3957 neque
816 3868 1105 3934 homines,
1139 3886 1328 3942 neque
1350 3871 1498 3942 justi
1548 3876 1706 3928 sunt.
1735 3871 2028 3957 Similiter,

390 3971 506 4011 non
535 3960 624 4011 est
649 3955 905 4027 injustas
936 3958 1130 4026 homo,
1155 3963 1214 4014 et
1241 3959 1414 4014 homo
1429 3960 1629 4030 justus
1651 3965 1707 4014 et
1727 3955 2026 4032 puerulus,

2078 1294 2135 1359 Α

2793 1293 3048 1346 ΚΕΦΔΛ.
3088 1291 3175 1344 Μ’.

2458 1378 2590 1452 Περὶ
2618 1379 2932 1451 προτάσεων
2961 1378 3053 1433 καὶ
3083 1375 3496 1452 συλλογισμῶν.

2229 1472 2294 1522 α’.
2327 1469 2479 1522 Πᾶσα
2531 1467 2790 1540 πρότασις
2838 1468 2874 1535 ἢ
2943 1465 3241 1544 κατάφασίς
3299 1466 3462 1534 ἔστιν,
3506 1467 3542 1535 ἢ
3600 1467 3802 1545 ἀπόφα-

2158 1574 2259 1616 σις.
2300 1559 2450 1610 Πᾶσα
2501 1553 2558 1611 δὲ
2604 1555 2921 1632 κατάφασις,
2979 1555 3068 1610 καὶ
3133 1561 3275 1610 πᾶσα
3324 1555 3612 1633 ἀπόφασις,
3669 1559 3798 1613 ὑπο-

2154 1643 2399 1717 κείμενον
2473 1643 2590 1720 ἔχει
2659 1645 2748 1700 καί
2825 1646 3328 1721 κατηγορούμενον,
3378 1647 3413 1714 ἢ
3465 1645 3554 1700 καὶ
3617 1648 3796 1721 τρίτον

2154 1733 2790 1809 προσκατηγορούμενον,
2847 1735 2881 1802 ἣ
2936 1735 3024 1789 καὶ
3099 1734 3319 1809 τρόπον·
3387 1734 3478 1789 καὶ
3555 1737 3590 1803 ἢ
3667 1737 3799 1808 μετὰ

2152 1820 2587 1897 προσδιορισμοῦ
2649 1822 2945 1900 ἐκφέρεται,
3008 1825 3043 1891 ἣ
3090 1823 3266 1899 χωρὶς
3340 1820 3793 1899 προσδιορισμοῦ·

2151 1910 2240 1964 καὶ
2286 1912 2320 1980 ἢ
2370 1914 2564 1987 μερική
2617 1909 2779 1983 έοτιν,
2827 1913 2862 1980 ἣ
2925 1911 3183 1982 καθόλου,
3234 1913 3270 1980 ἢ
3320 1912 3638 1976 καθέκαστα·
3710 1912 3796 1968 καὶ

2151 2000 2185 2067 ἢ
2233 1998 2380 2068 άπλῆ
2432 1999 2596 2068 ἐστιν,
2643 2001 2678 2067 ἢ
2725 1998 2784 2054 έκ
2840 1999 3191 2072 μεταθέσεως·
3223 2000 3313 2054 καὶ
3369 2001 3405 2068 ἢ
3456 1997 3563 2073 [ειν
3612 1999 3796 2071 δηλοῖ,

2150 2089 2184 2155 ἢ
2214 2088 2483 2164 στέρησιν.

2222 2268 2288 2341 β’.
2321 2267 2384 2321 Ἦ
2431 2263 2676 2336 δηλοῦσα
2719 2267 2808 2320 καὶ
2855 2269 2955 2336 τὴν
3006 2269 3256 2343 στέρησιν
3321 2268 3612 2344 στερητικὴ
3670 2288 3795 2322 κατ-

2146 2355 2476 2428 ωνόμασται’
2529 2355 2606 2417 ὡς
2650 2357 2732 2426 τὸ,
2784 2356 2952 2418 Οὗτος
2997 2354 3181 2418 ἄδικός
3228 2355 3390 2423 ἐστιν,
3421 2358 3456 2424 ἣ
3493 2354 3716 2434 ἅσοφος,
3746 2359 3782 2427 ἢ

2145 2442 2489 2517 ἀνελεήμων,
2549 2446 2584 2512 ἢ
2638 2442 2842 2522 ἄφρων,
2906 2447 2940 2514 ἢ
3014 2443 3296 2517 ἄνανδρος,
3361 2446 3397 2513 ἢ
3456 2443 3778 2507 ἀκόλαστος.

2143 2531 2324 2601 ’Δπλῆ
2381 2530 2439 2586 δέ
2485 2532 2594 2586 έστι
2645 2533 2734 2588 καὶ
2785 2533 2942 2602 αὕτη
2975 2531 3064 2590 διὰ
3093 2531 3150 2590 δὲ
3173 2535 3236 2588 τὸ
3268 2535 3346 2606 μὴ
3387 2531 3592 2604 δηλοῦν
3647 2531 3781 2610 ἕξιν,

2144 2618 2290 2675 ἀλλὰ
2319 2620 2590 2696 στέρησιν,
2618 2617 2770 2683 ἰδίως
2797 2620 3001 2692 ἐκλήθη
3033 2626 3345 2698 στερητική.

2209 2800 2276 2873 γ’.
2307 2799 2376 2852 Τὸ
2427 2799 2523 2871 μὶν
2555 2797 2647 2854 οὗν
2678 2795 2882 2860 δίκαιος
2912 2798 2967 2856 ἓν
3001 2796 3188 2868 δηλοῖ,
3220 2797 3313 2855 κᾶν
3367 2821 3426 2856 τε
3469 2801 3532 2855 τὸ
3581 2801 3787 2877 ἂνθρω-

2141 2907 2243 2949 πος
2289 2883 2390 2962 ἔχῃ
2437 2887 2844 2962 προσκείμενον,
2886 2889 2982 2942 κᾶν
3020 2909 3080 2944 τε
3128 2889 3218 2944 καὶ
3268 2889 3453 2965 κύριον
3501 2886 3701 2963 ὄνομα,
3741 2890 3784 2946 εί

2139 2997 2200 3052 γε
2232 2974 2294 3045 δὴ
2326 2976 2671 3054 καταφάσεως
2702 2975 2785 3047 εἷή
2821 2978 3007 3053 μέρος·
3042 2979 3297 3040 ὡσαύτως
3329 2979 3417 3033 καὶ
3463 2979 3527 3035 τὸ
3575 2976 3781 3042 ἄδικος.

2141 3065 2205 3120 Εἰ
2235 3062 2279 3119 δ’
2310 3066 2628 3142 ἀποφάσεως
2658 3063 2740 3135 εἷή
2787 3065 2971 3138 μέρος,
3006 3067 3051 3120 εἱ
3100 3068 3194 3140 μὲν
3245 3066 3361 3143 ἔχει
3410 3067 3499 3122 καὶ
3549 3068 3786 3144 ὡρισμὲ-

2140 3175 2229 3211 νον
2288 3149 2481 3228 ὄνομα·
2526 3152 2691 3209 πάλιν
2743 3155 2798 3208 ’ὲν
2859 3153 3025 3224 δηλοῖ
3095 3157 3228 3225 οῖον,
3284 3161 3340 3210 '0
3389 3154 3637 3232 Φάλαρις
3714 3154 3792 3212 δί-

2139 3263 2293 3306 καιος
2354 3243 2453 3298 οὐκ
2496 3240 2658 3298 ἔστιν’
2711 3245 2764 3313 ἦ,
2817 3245 2874 3298 Ὀ
2931 3242 3175 3320 Φάλαρις
3240 3243 3521 3322 ἄνθρωπος
3579 3245 3789 3309 δίκαιος

2142 3332 2242 3388 οὐκ
2322 3331 2485 3388 ἔστιν’
2553 3334 2607 3405 ἢ,
2675 3333 2732 3386 Ὀ
2799 3331 2987 3405 Σίμων
3067 3332 3349 3410 ἅνθρωπος
3423 3332 3611 3396 ἄδικος
3690 3335 3790 3390 οὐκ

2141 3420 2304 3478 ἔστιν.
2363 3421 2428 3476 El.
2477 3419 2524 3476 δ’
2579 3421 2679 3476 οὐκ
2734 3418 2855 3497 ἔχει
2919 3421 3105 3496 κύριον
3165 3425 3201 3492 ἡ
3259 3423 3527 3502 ἀπόφασις
3587 3419 3785 3497 ὄνομα,

2145 3511 2306 3585 μόνον
2361 3507 2419 3565 δὲ
2457 3512 2522 3566 τὸ
2568 3507 2848 3586 ἅνθρωπος
2903 3511 3314 3586 προσκείμενον,
3363 3511 3472 3588 οὐχ
3515 3510 3595 3582 ἓν,
3641 3512 3790 3568 ἀλλὰ

2137 3599 2264 3677 τρία
2307 3599 2469 3674 (τινὰ)
2518 3596 2686 3669 δηλοῖ
2731 3601 2768 3669 ἡ
2819 3594 3107 3678 ἀπόφασις.
3150 3602 3468 3677 ’Ἄνθρωπος
3534 3602 3638 3677 γὰρ
3699 3599 3789 3656 δί-

2137 3709 2291 3751 καιος
2338 3688 2438 3743 οὐκ
2478 3684 2642 3756 ἔστιν,
2674 3689 2703 3742 6
2753 3685 2938 3752 ἄδικος
2987 3686 3268 3766 ἄνθρωπος
3315 3691 3407 3746 καὶ
3453 3691 3517 3746 τὸ
3573 3692 3790 3768 ἀρτιγε-

2137 3777 2226 3840 vt;
2285 3778 2503 3856 βρέφος,
2533 3775 2622 3832 καὶ
2671 3773 2725 3831 εἷ’
2762 3797 2817 3832 τι
2863 3778 3010 3854 παρὰ
3052 3779 3142 3833 τὸν
3204 3779 3509 3854 ἄνθρωπον,
3537 3779 3565 3833 6
3591 3777 3789 3851 ἵππος,

2140 3868 2168 3922 6
2199 3867 2375 3936 λίθος,
2404 3866 2466 3920 τὸ
2519 3867 2595 3938 μὴ
2649 3860 2729 3922 ὅν.
2759 3870 2936 3921 Ταῦτα
2982 3868 3085 3943 γάρ
3125 3865 3238 3922 οὔτ’
3296 3868 3570 3942 ἄνθρωποί
3629 3869 3789 3940 εἰσιν,

2139 3953 2262 4011 οὔτε
2319 3953 2538 4011 δίκαιοι.
2568 3953 2840 4017 Ὡσαύτως
2898 3953 3178 4031 ἅνθρωπος
3226 3954 3408 4018 ἄδικος
3464 3955 3565 4011 οὐκ
3621 3955 3787 4029 ἔστιν,

389 4043 490 4116 qui
521 4060 625 4100 nec
653 4044 920 4101 habitum
971 4063 1076 4102 nec
1110 4048 1492 4118 privationem
1537 4048 1940 4120 participavit;
1973 4055 2029 4105 et

2149 4047 2168 4100 5
2219 4043 2427 4107 δίκαιος
2485 4043 2788 4116 ἅνθρωπος,
2819 4043 2911 4099 καί
2963 4045 3030 4100 τὸ
3085 4048 3224 4118 μήτε
3272 4052 3374 4115 τῆς
3427 4043 3588 4116 ἕξεως
3649 4049 3792 4119 μήτε

388 4148 561 4189 omne
591 4133 749 4189 aliud
799 4135 955 4206 quod
985 4135 1159 4191 homo
1207 4152 1320 4190 non
1352 4139 1460 4202 est.
1493 4137 1648 4192 894
1696 4136 1765 4191 Et
1790 4137 1871 4191 ita
1900 4137 2028 4209 qui-

387 4221 519 4277 dem
573 4239 754 4279 resse
804 4222 981 4279 habet
1003 4225 1060 4278 in
1114 4224 1479 4297 simplicibus
1529 4225 2027 4296 propositionibus

387 4309 659 4366 habitum
677 4315 780 4366 aut
807 4312 1188 4383 privationem
1213 4312 1812 4377 declarantibusQum
1832 4320 2026 4370 autem

386 4413 455 4454 ex
508 4400 959 4472 transpositione
987 4409 1075 4456 est
1112 4402 1362 4474 negatio,
1396 4419 1510 4457 non
1542 4401 1765 4458 habens
1818 4420 2027 4459 nomen

388 4487 714 4560 proprium,
748 4489 864 4545 duo
895 4491 1161 4561 quaedam
1191 4490 1480 4563 significat
1511 4508 1524 4546 :
1559 4491 1830 4547 similiter
1857 4497 1908 4548 et
1942 4493 2026 4548 af-

386 4575 658 4632 ﬁrmatio.
707 4576 969 4650 Namque
1017 4596 1129 4636 non
1179 4583 1269 4635 est
1315 4579 1488 4636 homo
1537 4597 1652 4635 non
1695 4580 1931 4650 justus;
1971 4585 2030 4636 et

379 4665 582 4736 justus
611 4666 870 4733 homo,et
901 4668 1096 4740 siquid
1130 4673 1337 4741 praeter
1363 4669 1682 4724 hominem.
1707 4669 1819 4725 Bos
1847 4670 2025 4738 enim,

388 4771 522 4810 cum
556 4756 798 4812 omnino
827 4773 943 4812 non
976 4757 1053 4812 sit
1081 4757 1575 4830 homo,qaomodo
1605 4757 1677 4813 sit
1709 4757 1882 4814 homo
1912 4775 2028 4814 non

380 4842 632 4914 justas?
657 4844 843 4911 Quare
891 4847 1351 4903 contradictione
1389 4846 1721 4918 oppositum
1772 4863 1887 4902 non
1917 4851 2024 4914 est,

387 4931 572 4988 Homo
602 4949 717 4988 non
761 4933 963 5004 justus
995 4935 1088 5007 (de
1119 4935 1261 4992 hove
1307 4952 1507 4992 verum
1556 4935 1704 5006 erit).
1735 4936 2030 5007 Atqui.est

387 5020 562 5078 homo
595 5039 709 5077 non
741 5022 1002 5094 injustas
1033 5030 1090 5080 et
1120 5026 1377 5097 injustas
1408 5024 1674 5093 homo,et
1703 5024 1896 5080 infans
1925 5025 2026 5096 qui

387 5109 565 5166 homo
596 5111 831 5183 quidem
864 5114 1079 5183 est,sed
1112 5131 1272 5186 inque
1293 5115 1498 5185 justus
1529 5129 1716 5180 neque
1746 5113 2024 5184 injustas.

456 5200 510 5256 4.
541 5199 652 5255 Sed
702 5199 825 5256 haec
855 5203 1054 5259 omnia
1101 5204 1249 5259 scire
1278 5206 1523 5276 oportet,
1559 5218 1672 5256 non
1721 5218 1850 5256 esse
1895 5219 2026 5257 vere

385 5287 832 5361 propositiones,
865 5291 968 5346 sed
999 5297 1195 5362 partes
1225 5289 2026 5364 propositionum,predicata

383 5377 627 5434 scilicet.
684 5377 1049 5451 Quapropter
1102 5381 1275 5436 etiam
1331 5381 1594 5450 subjecta
1662 5379 2022 5436 extrinsecus

382 5467 701 5540 accipiunt.
736 5466 937 5524 Omnis
986 5473 1182 5526 autem
1214 5470 1533 5541 propositio
1563 5468 1855 5542 peculiare
1883 5469 2022 5526 sub-

372 5557 599 5631 jectum
630 5556 827 5629 habet,
859 5563 918 5614 et
947 5575 1064 5615 non
1095 5559 1455 5614 extrinsecus
1483 5557 1675 5629 ipsum
1706 5559 1936 5631 accipit.

447 5648 503 5704 5.
539 5646 787 5704 Proinde
816 5649 887 5704 ad
920 5648 1072 5706 hanc
1094 5647 1420 5719 simplicem
1447 5647 2028 5718 afﬁrmationem,Est

375 5739 554 5795 homo
568 5738 1033 5811 justus,negatio
1056 5753 1124 5793 ex
1157 5735 1606 5808 transpositione
1627 5738 2024 5810 consequitur,

375 5829 503 5890 Non
532 5832 623 5890 est
669 5827 847 5886 homo
880 5845 996 5886 non
1042 5829 1267 5903 justus.
1299 5827 1608 5900 Propterea
1645 5825 1802 5882 enim
1851 5827 2026 5884 etiam

2135 4137 2234 4203 τῆς
2283 4136 2585 4209 στερήσεως
2640 4132 2868 4208 μετέχον
2932 4131 3168 4206 παιδίον,
3219 4134 3306 4189 καὶ
3365 4141 3466 4190 πᾶν
3523 4131 3707 4212 ἕτερον
3757 4136 3789 4191 ὃ

2142 4220 2270 4297 μηδ’
2319 4222 2624 4298 ἅνθρωπος.
2653 4226 2827 4276 Ταῦτα
2875 4223 2970 4296 μὶν
3023 4222 3247 4278 ἐπὶτῶν
3278 4220 3383 4295 ἕξιν
3439 4227 3474 4294 ἣ
3531 4223 3786 4300 στέρησιν

2139 4309 2424 4384 δηλουσῶν
2478 4310 2790 4387 προτάσεων
2863 4309 3070 4368 ἁπλῶν.
3104 4314 3166 4368 Ἡ
3225 4309 3272 4366 δ’
3328 4312 3388 4367 ἐκ
3445 4312 3786 4385 μεταθέσεως

2138 4401 2403 4478 ἀπόφασις
2439 4401 2514 4473 μὴ
2555 4399 2740 4474 κύριον
2791 4395 2963 4472 ὄνομα
3011 4397 3232 4476 ἔχουσα,
3267 4398 3362 4456 δύο
3414 4402 3536 4455 τινὰ
3593 4398 3784 4472 δηλοῖ·

2138 4490 2348 4564 ὁμοίως
2413 4487 2471 4544 δὲ
2530 4489 2619 4544 καὶ
2665 4491 2702 4558 ἡ
2759 4494 3074 4567 κατάφασις,
3133 4492 3454 4564 ’Ἄνθρωπος
3539 4491 3644 4563 γὰρ
3719 4489 3782 4545 οὗ

2138 4577 2344 4642 δίκαιος
2405 4577 2504 4633 οὐκ
2546 4575 2678 4650 ἔστι,
2730 4577 2819 4632 καὶ
2869 4579 2898 4632 6
2939 4575 3145 4641 δίκαιος
3178 4576 3482 4654 ἄνθρωπος,
3513 4579 3602 4633 καὶ
3637 4577 3691 4634 εἴ
3732 4599 3784 4633 τι

2137 4670 2284 4746 παρὰ
2327 4669 2420 4724 τὸν
2471 4664 2776 4742 ἄνθρωπον.
2807 4669 2863 4722 Ὀ
2917 4668 3018 4744 γὰρ
3076 4669 3224 4743 βοῦς,
3261 4669 3336 4740 μὴ
3370 4665 3443 4722 ὢν
3489 4665 3634 4730 ὅλως
3694 4669 3787 4722 ἂν·

2138 4767 2380 4832 θρωπος,
2410 4759 2528 4816 πῶς
2562 4753 2621 4809 ἂν
2656 4752 2740 4824 εἴη
2787 4754 2851 4809 οὐ
2903 4752 3111 4817 δίκαιος
3157 4753 3478 4831 ἅνθρωπος;
3523 4759 3682 4810 "Oa-rs
3726 4757 3789 4810 τὸ

2136 4845 2493 4923 ἀντιφατικῶς
2588 4842 2980 4916 ἀντικείμενον,
3059 4847 3374 4922 Ἀνθρωπος
3442 4846 3502 4900 οὗ
3583 4843 3788 4907 δίκαιος

2137 4934 2236 4990 οὐκ
2281 4931 2443 4990 ἔστιν·
2477 4934 2762 5009 ἄνθρωπος
2817 4930 2876 4990 δὲ
2924 4933 2985 4988 οὐ
3035 4932 3242 4996 δίκαιός
3293 4934 3452 5006 ἔστιν,
3484 4935 3515 4989 ὅ
3557 4956 3615 4991 τε
3668 4931 3786 4990 ἄδι-

2135 5045 2231 5087 κος
2293 5024 2599 5097 ἄνθρωπος,
2644 5023 2735 5076 καὶ
2780 5023 2844 5077 τὸ
2901 5023 3121 5100 βρέφος,
3172 5023 3304 5100 ὅπερ
3353 5025 3633 5101 ἄνθρωπος
3690 5023 3783 5097 μὶν

2135 5111 2302 5183 ἔστιν,
2333 5109 2454 5167 οὔτε
2487 5109 2544 5166 δὲ
2575 5109 2805 5182 δίκαιος,
2837 5109 2961 5167 οὔτε
2990 5111 3197 5176 ἄδικος,

2206 5201 2268 5259 δ’.
2302 5199 2476 5260 Ἀλλὰ
2521 5204 2688 5255 ταῦτα
2752 5202 2928 5256 πάντα
2988 5199 3105 5258 δέον
3166 5201 3384 5272 εἰδέναι,
3444 5202 3528 5258 ὅτι
3588 5201 3788 5278 προτά-

2135 5313 2244 5348 σεις
2293 5291 2394 5348 οὐκ
2437 5289 2540 5346 εἰσὶ
2589 5291 2706 5344 κατ’
2742 5288 3024 5361 ἀλήθειαν,
3072 5289 3218 5348 ἀλλὰ
3271 5293 3409 5369 μέρη
3469 5292 3777 5366 προτάσεων

2129 5382 2197 5436 τὰ
2245 5377 2710 5455 κατηγορούμενα·
2766 5375 2855 5433 διὰ
2898 5385 3060 5435 τοῦτο
3109 5379 3197 5435 καί
3263 5381 3592 5453 ὑποκείμενα
3649 5377 3778 5452 ἔξω·

2135 5482 2219 5535 θεν
2275 5466 2548 5546 δέχονται.
2608 5472 2760 5522 Πᾶσα
2815 5465 2873 5522 δὲ
2931 5470 3188 5545 πρότασις
3240 5467 3379 5524 ἴδιον
3424 5469 3781 5540 ὑποκείμενον

2135 5556 2274 5634 ἔχει,
2303 5558 2394 5612 καὶ
2426 5556 2526 5611 οὐκ
2554 5551 2743 5627 ἔξωθεν
2780 5555 2910 5610 αὐτὸ
2941 5554 3184 5634 δέχεται.

2207 5649 2264 5706 ε’.
2303 5651 2378 5721 Τῇ
2440 5646 2534 5719 μὲν
2589 5642 2682 5698 οὖν
2752 5643 2900 5720 ἁπλῇ
2953 5647 3244 5725 καταφάσει
3317 5651 3409 5722 τῇ,
3462 5650 3780 5722 ’Ἀνθρωπος

2138 5735 2345 5799 δίκαιός
2399 5733 2561 5806 ἐστιν,
2611 5735 2645 5804 ἠ
2697 5732 2755 5788 ἐκ
2823 5735 3158 5808 μεταθέσεως
3225 5737 3492 5815 ἀπόφασις
3565 5754 3782 5792 συνακο-

2137 5825 2344 5899 λουθεῖ,
2375 5827 2410 5897 ἡ
2442 5825 2764 5899 Ἀνθρωπος
2795 5822 2860 5879 οὗ
2905 5821 3112 5890 δίκαιος
3168 5825 3267 5882 οὐκ
3312 5825 3443 5884 ἔστι.
3477 5827 3576 5882 Διὰ
3622 5826 3778 5880 τοῦτο
