4108 6508
315 540 462 603 1001

1672 539 2018 603 EPITOME
2061 540 2366 600 LOGICA.

3567 549 3578 597 ι
3595 541 3714 601 002

314 672 417 749 γάρ
447 693 536 727 και
568 672 657 726 ὑπ’
685 672 853 741 αὐτὴν
892 673 1141 728 τέτακται
1185 674 1332 743 παρὰ
1370 676 1450 744 τῷ
1489 671 1813 747 τεχνολόγῳ
1867 671 1955 726 καὶ

2096 672 2180 726 ob
2212 672 2340 743 ipsa
2365 672 2644 729 collocata
2673 678 2762 728 est
2815 675 2966 746 apud
3020 673 3300 730 artificem
3331 674 3629 746 (logicum)
3659 679 3719 729 et

315 760 374 815 ἐκ
463 759 821 833 μεταθέσεως,
884 759 958 823 ὥς
1032 781 1163 816 τινε.
1235 756 1452 838 ἔφασαν,
1513 761 1760 837 εἷ’ρηταιο
1825 758 1961 814 διότι

319 851 421 904 ὑπὸ
474 851 576 919 τὴν
629 851 921 928 κατάφασιν
973 853 1008 918 ἡ
1042 851 1332 928 ἀπόφασις,
1379 851 1470 905 καὶ
1530 851 1632 904 ὑπὸ
1677 852 1776 920 τὴν
1835 849 1966 904 ἀπό-

319 959 474 1018 φασιν
501 942 536 1007 ἡ
568 939 885 1016 κατάφασις,

392 1028 454 1090 ς’.
489 1024 668 1083 ’Δλλὰ
711 1031 828 1090 πῶς
878 1026 976 1082 οὐκ
1023 1025 1328 1098 ἐκλήθησαν
1361 1026 1502 1082 οὔτω
1533 1028 1621 1081 καὶ
1669 1027 1722 1081 αἱ
1771 1046 1963 1100 στερη-

320 1114 488 1183 τικαὶ,
517 1117 616 1185 τήν
668 1115 834 1185 αὐτὴν
877 1114 1200 1192 τεταγμέναι
1249 1117 1433 1187 τάξιν·
1490 1115 1633 1170 οὕτω
1688 1116 1791 1190 γὰρ
1851 1113 1964 1190 ἔχει

323 1207 359 1274 ἡ
387 1203 565 1274 τάξις·

396 1294 718 1369 ’Δνθρωπος
751 1289 957 1355 δίκαιός
988 1292 1151 1350 ἐστιν.

397 1383 715 1458 Ἀνθρωπος
744 1379 950 1445 δίκαιος
982 1381 1080 1436 οὐκ
1107 1381 1267 1439 ἔστιν.

396 1473 718 1547 υΑνθρωπος
750 1467 933 1533 ἄδικος
964 1470 1061 1526 οὐκ
1091 1468 1250 1528 ἔστιν.

399 1561 720 1636 Ἀνθρωπος
752 1557 935 1622 ἄδικός
968 1560 1055 1615 ἐστ
1065 1581 1128 1619 ιν.

400 1654 722 1723 ’Ἄνθρωπος
758 1647 820 1704 οὗ
853 1645 1058 1710 δίκαιος
1092 1648 1191 1703 οὐκ
1229 1648 1391 1705 ἐστιν.

401 1739 718 1813 Ἀνθρωπος
749 1736 810 1792 ού
843 1733 1048 1799 δίκαιός
1077 1732 1215 1792 ἔστιν

330 1829 519 1901 Ἡμεῖς
577 1827 670 1901 μὲν
732 1825 822 1882 οὖν
881 1823 970 1882 διὰ
1019 1827 1070 1880 τί
1129 1827 1188 1881 ἐκ
1242 1822 1569 1900 μεταθέσεως
1647 1825 1971 1899 ὠνομάσθη-

333 1938 448 1982 σαν,
482 1916 556 1978 ὡς
609 1910 964 1988 ὑπελὲϐομεν,
1014 1917 1458 1991 προειρήκαμεν·
1511 1914 1595 1970 ὅτι
1653 1911 1730 1988 δὲ,
1771 1915 1830 1976 ὃς
1889 1911 1973 1968 ἄν-

2074 766 2138 814 ut
2159 761 2398 831 quidam
2432 763 2639 816 dicunt
2659 779 2727 817 ex
2753 764 3213 834 transpositione
3239 764 3395 818 diota
3416 764 3576 834 quia,
3609 765 3720 818 sub

2074 850 2463 905 affirmatione
2492 855 2581 905 est
2609 853 2860 924 negatio,
2893 857 2949 906 et
2983 853 3093 908 sub
3125 853 3433 924 negatione
3462 853 3719 908 afﬁrma-

2076 938 2180 993 tio.

2143 1028 2293 1085 895
2328 1029 2382 1082 6.
2417 1029 2527 1084 Sed
2577 1030 2871 1100 quomodo
2925 1046 3040 1084 non
3091 1029 3266 1085 etiam
3317 1028 3608 1101 privativa
3639 1029 3724 1085 sic

2074 1120 2286 1171 vocata
2335 1120 2474 1172 sunt
2531 1134 2657 1188 quea
2716 1117 2918 1173 eodem
2965 1117 3326 1174 collocantur
3371 1117 3594 1174 ordine.
3626 1117 3720 1174 Sic

2074 1204 2231 1260 enim
2262 1205 2403 1260 ordo
2434 1204 2608 1261 habet
2631 1223 2644 1260 :

2146 1293 2250 1348 Est
2279 1293 2454 1349 homo
2476 1295 2700 1365 justus.

2147 1381 2274 1437 Non
2305 1386 2393 1439 est
2421 1382 2596 1440 homo
2621 1385 2844 1455 justus.

2147 1471 2272 1525 Non
2304 1475 2394 1526 est
2421 1471 2596 1527 homo
2627 1489 2741 1528 non
2763 1473 2986 1543 justus.

2146 1558 2272 1614 Non
2305 1564 2394 1614 est
2422 1560 2596 1616 homo
2619 1561 2836 1630 justus.

2150 1648 2253 1702 Est
2282 1647 2458 1704 homo
2484 1649 2700 1719 justus.

2150 1739 2249 1790 Est
2277 1735 2453 1792 homo
2488 1754 2603 1792 non
2627 1739 2848 1808 justus.

2151 1824 2267 1880 Nos
2297 1823 2476 1896 igitur
2509 1842 2690 1898 quare
2711 1843 2778 1883 ex
2798 1827 3252 1898 transpositione
3275 1829 3586 1884 nominatae
3609 1828 3728 1884 sint

2081 1918 2147 1968 ut
2177 1913 2661 1981 existimavimus,
2697 1921 2831 1971 ante
2871 1917 3147 1971 diximus.
3199 1918 3361 1982 Quod
3391 1922 3588 1974 autem
3623 1917 3726 1990 qui

335 2007 554 2081 θρωπος
612 2001 818 2066 δίκαιός
864 2003 1026 2076 ἐστιν,
1079 2004 1239 2066 οὗτος
1295 2002 1577 2078 ἅνθρωπος
1635 2000 1816 2065 ἄδικος
1877 2002 1975 2057 οὐκ

336 2093 359 2107 ς.
569 2093 583 2107 .
622 2092 704 2107 ..λ
967 2092 980 2107 .
1045 2090 1091 2107 α,
1346 2091 1359 2107 ,
1457 2088 1481 2107 ,ι
1800 2091 1812 2107 ,
1905 2093 1966 2107 Α,

2096 2013 2170 2064 ast
2193 2001 2392 2081 justus
2423 2005 2619 2074 homo,
2653 2005 2749 2061 hic
2781 2023 2894 2061 non
2927 2005 3004 2060 sit
3031 2006 3206 2061 homo
3235 2005 3580 2078 in]ustus,et
3605 2023 3722 2062 non

334 2093 466 2166 ἔστι,
497 2093 587 2148 καὶ
617 2092 894 2169 ἅνθρωπος
926 2092 987 2147 οὐ
1041 2090 1245 2155 δίκαιος
1306 2091 1404 2147 οὐκ
1456 2088 1588 2165 ἔστι,
1621 2091 1866 2170 φανερόν.
1899 2093 1972 2146 Οὐ

339 2184 445 2256 μὴν
489 2179 547 2236 δὲ
593 2181 652 2243 ’ὸς
712 2178 992 2258 ἅνθρωπος
1051 2179 1259 2242 δίκαιος
1307 2180 1406 2235 οὐκ
1436 2179 1598 2252 ἔστιν,
1628 2177 1736 2251 ἤδη
1769 2181 1858 2234 καὶ
1889 2181 1976 2234 ἄν-

337 2271 554 2345 θρωπος
629 2266 815 2330 ἄδικός
889 2267 1020 2326 ἐστι.
1081 2269 1150 2322 Τὸ
1222 2268 1326 2342 γὰρ
1399 2268 1608 2344 νεογνὸν
1696 2265 1976 2343 ἅνθρωπος

337 2355 542 2419 δίκαιος
600 2356 699 2411 οὐκ
756 2354 932 2411 ἔστιν’
995 2354 1094 2410 οὐκ
1145 2352 1255 2425 ἤδη
1290 2353 1347 2410 δὲ
1375 2356 1464 2410 καὶ
1514 2355 1792 2432 ἄνθρωπός
1838 2356 1976 2411 ἐστιν

335 2444 541 2507 ἄδικος.
560 2443 716 2500 Ἀλλ’
747 2446 1029 2519 ἄνθρωπος
1061 2444 1122 2498 οὐ
1155 2441 1362 2507 δίκαιός
1394 2444 1556 2503 ἐστιν.
1575 2447 1666 2506 Ὃς
1689 2445 1747 2500 δὲ
1774 2441 1977 2520 ἅνθρω-

333 2557 436 2597 πος
468 2530 650 2595 ἄδικός
697 2533 855 2603 ἐστιν,
889 2531 1170 2610 ἄνθρωπος
1220 2533 1280 2587 οὐ
1330 2531 1536 2595 δίκαιος
1586 2533 1718 2604 ἐστι,
1749 2533 1838 2588 καὶ
1887 2535 1973 2588 ἄν·

332 2626 548 2701 θρωπος
581 2620 786 2684 δίκαιος
818 2621 918 2677 οὐκ
947 2618 1267 2678 ἔστι.Ταῦτα
1286 2622 1374 2676 καὶ
1399 2621 1574 2697 χωρὶς
1594 2629 1695 2691 τῆς
1715 2622 1976 2697 τεχνολο-

332 2719 493 2789 γικῆς
523 2711 834 2788 περιεργίας
863 2707 1008 2779 δῆλα
1032 2714 1113 2781 τῷ
1139 2716 1406 2786 νουνεχεῖ,
1437 2711 1535 2780 τὴν
1567 2714 1674 2765 τῶν
1720 2713 1970 2787 πραγμά-

330 2823 440 2856 των
481 2801 638 2878 φύσιν
680 2799 1115 2874 ὑπαγορεύουσαν
1165 2798 1309 2870 αὐτῷ
1344 2800 1444 2867 τήν
1477 2797 1732 2869 ἀλήθειαν
1765 2798 1970 2875 ἔχοντι.

407 2890 472 2953 ς’.
506 2893 597 2943 Δεῖ
638 2885 705 2942 δι’
737 2887 1028 2965 ἐφιστάνειν
1079 2886 1248 2959 ὅλως,
1277 2886 1359 2942 ὅτι
1405 2887 1470 2942 τὸ
1516 2886 1797 2964 ἅνθρωπος
1849 2889 1975 2942 ὑπο-

333 2978 580 3050 κείμενον
640 2970 1008 3049 λαμϐάνοντες
1083 2975 1171 3030 ἐπὶ
1225 2979 1332 3030 τῶν
1383 2980 1672 3052 προσεχῶς
1733 2973 1975 3048 δεδηλω-

338 3067 514 3135 μένων
568 3066 800 3144 φάσεων,
852 3065 1136 3140 προτάσεις
1197 3063 1360 3126 αὐτὰς
1416 3063 1754 3140 ἀδιορίστους
1811 3069 1972 3137 ποιή-

334 3177 534 3228 σομεν·
589 3153 685 3215 τὰς
739 3150 1077 3228 ἀδιορίστους
1123 3150 1181 3206 δὲ
1230 3154 1536 3226 προτάσεις,
1571 3152 1658 3208 ἐπὶ
1703 3152 1973 3232 διαφόρων

331 3250 432 3299 τοῦ
467 3241 824 3316 ὑποκειμένου
877 3242 1072 3318 μερῶν’
1104 3240 1314 3315 ὁμοίως
1355 3248 1474 3304 ταῖς
1538 3249 1782 3319 μερικαῖς
1814 3242 1970 3300 δυνα-

339 3335 498 3406 μένας
554 3329 952 3402 συναληθεύειν,
982 3329 1368 3406 Ἀριστοτέλης
1418 3331 1600 3409 φησίν.
1639 3335 1789 3388 Ὅθεν
1848 3336 1970 3406 τὴν,

2082 2098 2158 2155 sit
2186 2099 2362 2153 homo
2394 2111 2508 2150 non
2532 2095 2754 2164 justus,
2807 2094 3185 2150 manifestum
3217 2099 3323 2150 est.
3367 2095 3492 2150 Non
3524 2100 3722 2151 autem

2082 2187 2185 2259 qui
2215 2204 2331 2242 non
2363 2189 2451 2241 est
2467 2185 2670 2254 justus
2716 2183 2911 2251 homo,
2946 2183 3072 2253 jam
3104 2183 3282 2238 etiam
3312 2188 3399 2239 est
3428 2183 3602 2239 homo
3634 2184 3723 2238 in-

2077 2278 2298 2348 justus.
2338 2275 2487 2329 Nam
2537 2288 2738 2327 recens
2794 2276 2966 2326 natus
2994 2271 3209 2340 infans,
3247 2288 3360 2327 non
3415 2276 3504 2328 est
3524 2274 3726 2343 justus

2083 2364 2296 2420 homo:
2331 2379 2446 2418 non
2479 2365 2675 2416 autem
2720 2361 2847 2429 jam
2895 2359 3070 2415 etiam
3105 2365 3193 2416 est
3240 2359 3414 2416 homo
3444 2360 3726 2431 injustus,

2084 2454 2186 2509 sed
2214 2458 2302 2509 est
2332 2453 2506 2506 homo
2539 2466 2654 2504 non
2676 2449 2900 2520 justus.
2946 2449 3055 2512 Qui
3085 2455 3281 2504 autem
3315 2453 3405 2505 est
3432 2449 3608 2505 homo
3638 2449 3729 2503 in-

2075 2544 2298 2613 justus,
2330 2547 2419 2596 est
2447 2540 2622 2594 homo
2651 2555 2767 2593 non
2806 2538 3028 2608 justus,
3063 2543 3120 2592 et
3170 2555 3286 2592 non
3318 2543 3407 2593 est
3436 2538 3610 2593 homo
3633 2538 3733 2608 ju-

2083 2637 2234 2686 stus.
2268 2631 2398 2685 Haec
2429 2628 2603 2684 etiam
2638 2628 2860 2698 absque
2889 2643 3135 2698 operosa
3177 2627 3320 2682 artis
3352 2626 3733 2698 inquisitione

2083 2720 2266 2776 cuivis
2295 2717 2642 2786 intelligenti
2673 2715 2985 2771 manifesta
3015 2716 3281 2787 sunt,qui
3309 2715 3501 2788 ipsam
3534 2731 3728 2770 rerum

2085 2815 2355 2864 naturam
2389 2806 2565 2861 habet
2595 2805 2708 2860 sibi
2737 2819 2940 2859 verum
2972 2804 3437 2859 denuntiantem.

2151 2899 2205 2951 7.
2241 2894 2492 2952 Omnino
2519 2898 2714 2949 autem
2745 2892 2840 2947 hic
2861 2891 3250 2961 adjiciendum
3279 2896 3366 2947 est
3397 2894 3548 2963 quod
3581 2891 3629 2946 si
3659 2891 3722 2943 τὸ

2081 2987 2258 3042 homo
2287 2987 2347 3039 in
2389 2983 2559 3038 modo
2597 2981 2874 3052 expositis
2921 2980 3275 3036 dictionibus
3324 2997 3428 3052 pro
3458 2981 3722 3050 subjecto

2082 3074 2457 3147 accipiamus,
2493 3073 2652 3142 ipsas
2678 3069 3012 3124 indefinitas
3055 3070 3478 3141 propositiones
3509 3069 3719 3125 facturi

2081 3165 2289 3220 simus.
2319 3162 2450 3216 Jam
2497 3175 2632 3214 vero
2680 3157 3012 3212 indeﬁnitas
3055 3158 3482 3230 propositiones
3523 3159 3593 3212 de
3623 3158 3716 3212 di-

2080 3253 2264 3309 versis
2294 3249 2538 3319 subjecti
2599 3247 2884 3318 partibus,
2937 3246 3176 3318 perinde
3218 3252 3284 3301 ut
3313 3246 3716 3318 particulares,

2082 3339 2260 3396 simul
2308 3354 2509 3394 verum
2557 3337 2728 3391 396-
2755 3335 2945 3390 dicere
2998 3334 3337 3390 Aristoteles
3397 3336 3718 3407 proﬁtetur,

337 3424 651 3495 ,Ανθρωπος
709 3419 914 3481 οίκαιός
995 3419 1125 3491 ἐστι,
1181 3419 1460 3494 πρότασιν,
1528 3423 1618 3476 καὶ
1668 3425 1784 3495 τήν,
1844 3428 1970 3481 ’Ἁν-

2096 3430 2248 3485 Unde
2277 3429 2445 3496 hanc,
2497 3426 2672 3480 homo
2721 3429 2809 3479 est
2856 3425 3076 3494 justus,
3129 3402 3606 3495 propositionem,
3666 3402 3724 3480 et

335 3513 547 3588 θρωπος
599 3508 807 3572 δίκαιος
852 3509 950 3564 οὐκ
1003 3506 1160 3580 ἔστιν,
1194 3509 1280 3563 ἐπὶ
1339 3506 1608 3588 διαφόρων
1667 3517 1762 3567 τοῦ
1819 3513 1974 3568 καθό-

334 3599 434 3656 λου
483 3600 769 3674 ἆνθρώπου
830 3602 1025 3673 μερῶν,
1056 3594 1224 3673 ⁴ἤγουν
1280 3598 1368 3652 ἐπὶ
1424 3596 1694 3678 διαφόρων
1753 3601 1969 3674 ἀτόμων

334 3689 774 3764 λαμοανομὲνας,
832 3687 969 3741 κατὰ
1023 3688 1123 3755 τήν
1177 3691 1282 3742 τῶν
1370 3687 1810 3766 ἀποφαινομένων
1888 3689 1970 3747 ἔν-

331 3799 481 3834 νοιαν
515 3777 722 3852 ἰσχύειν
752 3774 1126 3845 συναληθεύειν
1161 3774 1259 3829 οὐκ
1289 3776 1392 3830 ἀπὸ
1422 3774 1606 3853 λόγου.

406 3869 478 3936 η’.
513 3868 670 3920 Ὅταν
735 3865 916 3938 μέντοι
964 3863 1026 3918 τὸ
1076 3861 1358 3939 ἄνθρωπος
1409 3865 1481 3927 ὡς
1512 3867 1864 3940 ὑποκείμενον
1898 3871 1972 3942 μὴ

338 3950 612 4030 λαμϐάνοι
641 3975 744 4022 τις,
776 3951 902 4008 ἀλλ’
933 3951 1061 4007 ὅλον
1089 3953 1173 4017 τὸ,
1202 3955 1518 4029 ’Ἀνθρωπος
1561 3953 1767 4019 δίκαιός
1811 3956 1975 4028 ἐστιν,

333 4046 410 4106 ὡς
457 4041 930 4119 κατηγορούμενον
991 4042 1176 4118 ἑτέρου
1221 4042 1575 4116 ὑποκειμένου
1625 4041 1975 4120 λαμϐανομὲ-

335 4155 471 4188 νου·
534 4132 790 4194 ὡσαύτως
841 4128 899 4185 δὲ
953 4130 1043 4185 καὶ
1099 4131 1184 4197 τὸ,
1243 4132 1559 4208 Ἀνθρωπος
1619 4130 1824 4197 δίκαιος
1883 4136 1981 4190 οὐκ

339 4222 520 4277 ἔστιν·
582 4221 804 4282 εἰκότως
850 4219 974 4274 τότε
1028 4220 1091 4274 τὸ
1149 4217 1344 4293 ψεῦδος
1426 4218 1664 4296 διαιροίη
1736 4224 1823 4278 καὶ
1879 4226 1979 4294 τὴν

338 4309 597 4382 ἀλήθειαν
652 4308 775 4384 ἄτερ
834 4303 1170 4387 ἀμφιϐολίας
1225 4309 1398 4371 τινός.
1442 4311 1666 4386 Ἀνάγκη
1725 4313 1827 4388 γάρ
1872 4317 1980 4368 τῶν

332 4422 395 4456 τε
437 4395 601 4455 ὄντων
659 4399 750 4454 καὶ
794 4403 900 4454 τῶν
963 4399 1039 4470 μὴ
1097 4392 1266 4451 ὄντων
1322 4395 1542 4454 ἕκαστον
1576 4400 1610 4469 ἢ
1644 4401 1775 4455 εἶναι
1813 4403 1981 4477 τυχὸν

339 4487 622 4565 ἄνθρωπον
679 4485 976 4559 δίκαιον,ἢ
1031 4487 1106 4555 μὴ
1168 4487 1322 4544 εἶναι.
1356 4484 1754 4562 Περιλαμϐάνει
1813 4493 1915 4567 γὰρ
1947 4493 1982 4560 ἡ

346 4577 622 4655 ἀντίφασις
661 4577 834 4631 πάντα
871 4577 939 4630 τὰ
983 4570 1112 4629 ὄντα
1165 4575 1254 4629 καὶ
1303 4576 1370 4630 τά
1430 4579 1504 4649 μὴ
1539 4572 1699 4632 ὅντα’
1759 4579 1847 4633 καὶ
1906 4579 1987 4654 ἐφ’

341 4667 418 4720 ὧν
465 4665 719 4736 ἀληθεύει
764 4666 824 4719 τὸ
871 4664 925 4719 ἓν
979 4663 1166 4740 μόριον
1209 4671 1308 4734 τῆς
1355 4665 1704 4743 ἀντιφάσεως,
1738 4666 1820 4722 ἐπ’
1850 4668 1987 4723 ἐκεί-

2081 3520 2252 3586 hanc,
2287 3517 2460 3571 homo
2493 3531 2610 3569 non
2641 3517 2729 3568 est
2750 3514 2972 3583 justus,
3001 3513 3071 3567 de
3101 3512 3346 3568 diversis
3378 3512 3722 3568 universalis

2082 3606 2337 3663 hominis
2368 3604 2654 3676 partibus,
2688 3602 2796 3656 hoc
2853 3606 2962 3671 est,
3012 3602 3081 3656 de
3129 3602 3375 3657 diversis
3407 3602 3723 3657 individuis

2084 3699 2382 3766 acceptam
2415 3709 2516 3763 pro
2548 3690 2980 3745 enuntiantium
3013 3697 3293 3761 conceptu
3317 3690 3492 3745 simul
3522 3708 3723 3746 verum

2086 3799 2256 3856 posse
2285 3781 2496 3848 dicere,
2529 3795 2643 3834 non
2675 3783 2764 3834 est
2792 3795 2826 3832 a
2856 3778 3078 3832 ratione
3106 3778 3383 3833 alienum.

2155 3873 2209 3925 8.
2243 3869 2405 3937 Quod
2436 3871 2484 3924 si
2514 3875 2707 3922 tamen
2732 3865 2795 3918 τὸ
2827 3866 3019 3933 homo,
3053 3871 3118 3920 ut
3138 3867 3466 3936 subiectum
3496 3885 3610 3923 non
3634 3883 3728 3924 ac-

2087 3960 2264 4031 cipiat
2291 3957 2526 4029 aliquis,
2555 3957 2656 4011 sed
2687 3959 2876 4010 totum
2907 3955 3036 4020 hoc,
3069 3955 3170 4010 Est
3213 3955 3388 4010 homo
3412 3958 3634 4027 justus,
3665 3962 3732 4012 ut

2088 4047 2465 4120 praedicatum
2499 4044 2736 4100 alterius
2787 4044 3035 4114 subjecti
3081 4045 3235 4116 quod
3281 4047 3640 4113 assumitur;
3677 4050 3734 4101 et

2089 4138 2291 4194 eodem
2323 4135 2517 4203 modo,
2552 4133 2660 4188 hoc
2713 4133 2933 4204 ipsum,
2985 4133 3109 4188 Non
3156 4139 3245 4189 est
3284 4136 3486 4204 justus
3517 4136 3729 4202 homo;

2088 4231 2230 4281 tunc
2260 4224 2468 4280 merito
2498 4239 2702 4278 verum
2732 4227 2790 4277 et
2819 4221 3033 4276 falsum
3056 4223 3201 4278 citra
3231 4221 3412 4278 ullam
3447 4223 3733 4295 ambigui-

2089 4318 2270 4370 tatem
2301 4313 2581 4368 diviserit.
2612 4312 2858 4366 Necesse
2889 4315 2978 4365 est
3006 4311 3162 4365 enim
3194 4311 3438 4382 quodvis
3469 4329 3603 4367 cum
3634 4329 3734 4367 en-

2091 4403 2262 4469 tium,
2293 4406 2419 4457 tum
2452 4418 2565 4455 non
2599 4400 2846 4469 entium,
2887 4417 3016 4455 esse
3044 4399 3293 4471 exempli
3324 4403 3511 4471 gratia
3539 4401 3736 4456 homi-

2094 4509 2227 4548 nem
2250 4492 2482 4562 justum
2512 4489 2597 4544 vel
2622 4506 2736 4544 non
2766 4505 2912 4544 esse.
2942 4489 3335 4546 Contradictio
3355 4488 3512 4543 enim
3538 4489 3737 4545 omnia

2094 4580 2501 4652 complectitur
2529 4584 2585 4634 et
2612 4578 2770 4633 entia
2798 4583 2856 4633 et
2877 4595 2988 4633 non
3013 4579 3171 4632 entia
3199 4582 3256 4633 et
3283 4578 3341 4632 in
3375 4579 3588 4650 quibus
3619 4596 3738 4634 una

2096 4688 2232 4744 pars
2263 4667 2738 4725 contradictionis
2787 4683 2986 4722 verum
3027 4667 3167 4722 dicit
3210 4668 3282 4722 de
3311 4667 3426 4722 illis
3458 4669 3739 4723 mentitur

343 4775 450 4808 νων
508 4751 757 4828 ψεύδεται
816 4749 1061 4829 θάτερον·
1126 4752 1206 4831 ἐφ’
1233 4754 1306 4807 ὧν
1337 4750 1382 4807 δ’
1421 4753 1593 4810 ἐκεῖνο
1622 4754 1894 4830 ψεύδεται,
1923 4757 1978 4811 τὲ

2096 4759 2275 4816 altera
2299 4775 2312 4813 :
2347 4757 2418 4811 de
2447 4755 2662 4827 quibus
2687 4761 2882 4810 autem
2913 4753 3016 4808 illa
3045 4755 3551 4821 mentitur,verum
3581 4757 3740 4812 dicat

347 4841 544 4896 λοιπὸν
597 4841 869 4913 ἀληθεύει.
901 4845 1141 4895 Τοσαῦτα
1181 4841 1271 4895 καὶ
1325 4846 1412 4895 νῦν
1471 4843 1594 4916 περὶ
1650 4843 1985 4918 προτάσεων.

417 4932 478 4984 θ’.
524 4929 906 5005 Συλλογισμοὶ
960 4926 1017 4982 δὲ
1065 4933 1162 4984 τοῦ
1210 4930 1430 5004 πρώτου
1478 4934 1786 5004 σχήματος,
1818 4930 1988 5006 ἤγουν

346 5017 759 5095 συλλογιστικοὶ
814 5018 1029 5092 τρόποι,
1059 5019 1308 5094 τεσσαρες
1363 5017 1773 5092 παραδέδονται.
1831 5026 1992 5096 Πρῶ-

344 5129 443 5170 τος
476 5110 502 5162 ὁ
536 5109 639 5163 ἀπὸ
695 5115 793 5178 τῆς
850 5113 953 5168 πᾶς
1008 5107 1096 5161 καὶ
1141 5113 1243 5169 πᾶς
1290 5109 1527 5183 συνάγων
1560 5115 1663 5170 πᾶς
1689 5129 1701 5140 ⁸
1745 5106 1989 5186 δεύτερος

351 5199 381 5252 6
411 5198 519 5252 ἀπὸ
548 5204 648 5267 τῆς
677 5203 780 5258 πᾶς
830 5197 920 5251 καὶ
978 5194 1153 5258 οὐδεὶς
1211 5197 1454 5272 συνάγων
1511 5195 1687 5260 οὐδεὶς
1734 5199 1916 5273 τρίτος
1963 5199 1991 5252 6

347 5287 458 5341 ἀπὸ
512 5289 612 5356 τῆς
670 5285 751 5349 τὶς
810 5283 900 5340 καί
953 5291 1080 5356 πᾶς,
1141 5287 1383 5361 συνάγων
1458 5285 1563 5348 τίς.
1619 5288 1902 5360 Τέταρτος,
1965 5288 1992 5341 ὁ

347 5375 457 5430 ἀπὸ
511 5383 610 5446 τῆς
665 5375 749 5438 τὶς
817 5375 905 5430 καὶ
964 5371 1160 5446 οὐδεὶς,
1194 5375 1433 5451 συνάγων
1485 5375 1545 5429 οὐ
1576 5381 1702 5438 πᾶς.
1734 5377 1992 5452 Τὲσσαρες

344 5463 545 5540 τρόποι
595 5463 684 5519 καὶ
741 5467 840 5518 τοῦ
895 5461 1144 5537 δευτέρου
1203 5465 1489 5538 σχήματος
1549 5462 1991 5540 συλλογιστικοίο

350 5554 380 5608 ὁ
413 5553 520 5608 ἀπὸ
564 5561 664 5623 τῆς
709 5559 835 5624 πᾶς,
874 5553 964 5608 καὶ
1014 5549 1215 5620 οὐδεὶς,
1247 5555 1490 5628 συνάγων
1550 5551 1761 5616 οὐδείς’
1815 5554 1842 5608 6
1889 5553 1993 5608 ἀπὸ

349 5649 455 5712 τῆς
514 5640 690 5703 οὐδεὶς
743 5642 833 5696 καὶ
889 5647 995 5704 πᾶς
1053 5641 1292 5718 συνάγων
1347 5643 1436 5697 καὶ
1483 5642 1643 5705 αὐτὸς
1694 5641 1906 5704 οὐδείς·
1967 5644 1995 5696 ὁ

349 5732 462 5787 ἀπὸ
493 5738 592 5802 τῆς
617 5733 701 5792 τὶς
734 5731 823 5786 καὶ
854 5729 1057 5801 οὐδεὶς,
1086 5732 1324 5806 συνάγων
1354 5730 1415 5785 οὐ
1464 5737 1568 5793 πᾶς
1597 5753 1608 5765 ·
1654 5733 1682 5785 ὁ
1734 5731 1838 5786 ἀπὸ
1893 5737 1995 5800 τῆς

354 5819 420 5878 οὐ
469 5826 574 5885 πᾶς
623 5818 712 5876 καὶ
759 5825 881 5893 πᾶς,
914 5819 1151 5895 συνάγων
1196 5820 1284 5874 καὶ
1333 5819 1491 5885 αὐτὸς
1531 5819 1593 5876 οὐ
1634 5826 1760 5885 πᾶς.
1808 5820 1900 5893 Ἓξ
1940 5817 1998 5878 δὲ

634 5949 899 6010 Ριτιιοι.
949 5949 1058 6010 Gn.
1107 5947 1333 6013 CXLII.

2099 4847 2341 4917 reliqua.
2376 4850 2443 4899 Et
2473 4849 2704 4899 tantum
2737 4845 2912 4898 etiam
2945 4860 3098 4897 nunc
3128 4845 3199 4898 de
3222 4845 3738 4914 propositionibus.

2170 4936 2224 4989 9.
2259 4933 2592 5007 Syllogismi
2625 4937 2820 4987 autem
2854 4931 3051 5003 prima:
3085 4932 3302 5003 figurae,
3336 4932 3444 4987 hoc
3473 4937 3562 4988 est
3581 4934 3744 4988 modi

2102 5023 2465 5096 syllogistici,
2499 5025 2755 5092 quatuor
2785 5022 2942 5075 fuere
2972 5021 3192 5074 traditi.
3227 5022 3458 5076 Primus
3490 5038 3557 5075 ex
3586 5022 3742 5093 (pro-

2103 5111 2515 5184 positionibus)
2548 5110 2740 5164 omnis
2767 5114 2821 5163 et
2855 5108 3046 5163 omnis
3081 5108 3359 5180 colligens
3393 5110 3620 5165 omnis:
3655 5127 3744 5166 se-

2103 5201 2329 5255 cundus
2360 5216 2429 5254 ex
2458 5197 2649 5253 omnis
2674 5202 2728 5252 et
2751 5196 2946 5251 nullus
2964 5197 3245 5268 colligens
3267 5197 3464 5253 nullus
3494 5217 3506 5266 ;
3539 5201 3746 5255 tertius

2103 5306 2172 5344 ex
2203 5288 2415 5358 aliquis
2438 5293 2494 5342 et
2525 5286 2716 5340 omnis
2749 5285 3029 5356 colligens
3052 5287 3196 5341 397
3224 5286 3437 5358 aliquis
3463 5313 3477 5354 ;
3502 5293 3744 5358 quartus

2103 5395 2171 5434 ex
2200 5377 2412 5448 aliquis
2442 5381 2498 5430 et
2534 5374 2734 5430 nullus
2764 5374 3043 5446 colligens
3092 5392 3207 5430 non
3239 5376 3453 5431 omnis.
3486 5378 3747 5440 Quatuor

2105 5467 2262 5522 modi
2294 5465 2469 5521 etiam
2501 5464 2772 5519 secundae
2800 5464 3000 5535 ﬁgurae
3033 5464 3398 5538 syllogistici,
3429 5467 3658 5538 primus
3679 5483 3748 5522 ex

2105 5555 2296 5611 omnis
2326 5559 2382 5609 et
2413 5552 2608 5608 nullus
2631 5551 2908 5624 colligens
2931 5553 3130 5610 nullus
3155 5573 3168 5622 ;
3199 5555 3490 5611 secundus
3517 5572 3585 5610 ex
3615 5555 3746 5611 nul-

2105 5644 2195 5700 lus
2223 5649 2279 5698 et
2309 5643 2500 5698 omnis
2532 5641 2810 5713 colligens
2841 5641 3075 5698 nullus:
3109 5644 3319 5699 tertius
3350 5660 3418 5699 ex
3447 5644 3662 5716 aliquis
3694 5649 3752 5699 et

2107 5732 2306 5788 nullus
2329 5731 2608 5804 colligens
2636 5748 2750 5786 non
2779 5732 2971 5787 omnis
2999 5751 3012 5802 ;
3041 5739 3286 5804 quartus
3316 5751 3384 5789 ex
3413 5751 3527 5788 non
3557 5733 3751 5788 omnis

2107 5825 2165 5880 et
2194 5821 2386 5879 omnis
2413 5821 2696 5894 colligens
2743 5824 2800 5877 et
2830 5821 2956 5895 ipse
3004 5838 3119 5878 non
3169 5824 3380 5879 omnis.
3421 5823 3530 5878 Sex
3557 5826 3751 5879 autem

3396 5949 3471 6008 32
