4108 6494
281 508 430 567 1005
952 504 1300 566 EPITOME
1344 505 1698 566 PHYSICA.
1739 538 1806 548 -—
1849 506 2070 567 JOAN.
2117 506 2510 566 WEGELINI
2555 507 2997 568 PRZEFATIO.
3523 510 3677 568 1006

1061 849 2892 1022 ΝΙΚΗΦΟΡΟΥ

1230 1145 1576 1275 ΤΟΥ
1693 1144 2737 1274 ΒΛΕΜΜΙΔΟΥ

820 1401 1658 1498 ΕΙΣΑΓΩΓΙΚΗΣ
1724 1401 2384 1496 ΕΠΙΤΟΜΗΣ

1514 1404 1658 1496 ΗΣ
1724 1401 2384 1496 ΕΠΙΤΟΜΗΣ
2453 1402 2968 1498 ΒΙΒΛΙΟΝ
3034 1404 3136 1495 Β.

1157 1603 1985 1754 ΕΠΙΤΟΜΗ
2087 1627 2784 1753 ΦΥΣΙΚΗ.

879 2009 1907 2169 NICEPHORI
2038 2013 3099 2166 BLEMMIDXE

1075 2303 1636 2390 EPI’I‘OMES
1697 2303 2347 2391 ISAGOGIC/E
2407 2304 2730 2391 LIBER
2787 2306 2888 2389 II-

1195 2625 1932 2761 EPITOME
2027 2628 2755 2769 PHYSICA.

1891 2884 2090 2901 -ν

613 3033 1332 3136 JOANNIS
1423 3033 2294 3134 WBGELINI
2382 3032 3366 3135 AUGUSTANI

1788 3247 2203 3309 PREFATIO

943 3405 1166 3468 Textuz'
1190 3405 1411 3482 erco,
1445 3425 1604 3468 anno
1629 3410 1808 3480 1565,
1839 3414 2103 3486 augustae
2124 3403 2480 3466 vindelicnm
2506 3404 2660 3465 edito
2681 3406 2725 3479 *,
2753 3407 3057 3486 praemissa

375 3753 776 3816 Nobilissimo
820 3758 882 3813 et
925 3753 1283 3831 magniﬁco,
1314 3754 1548 3832 pietate
1579 3753 1864 3813 doctrina
1911 3752 2266 3831 prudentia,
2308 3752 2762 3832 spectatissimo
2811 3753 2969 3827 viro,
3019 3756 3307 3831 Domino,
3360 3755 3613 3816 Alberio
3659 3775 3697 3816 a

295 3836 538 3896 Stetten
567 3834 632 3894 in
654 3833 1029 3912 Bocksperg,
1063 3834 1329 3914 reipubl.
1363 3838 1745 3911 Augustanze
1800 3835 2065 3915 consuli,
2099 3839 2159 3894 et
2213 3834 2488 3894 ecclesiae
2549 3834 2925 3911 evangelicae
2974 3837 3269 3909 curatori,
3327 3836 3698 3915 collegiique

297 3916 820 3986 administratori,
854 3915 1122 3974 Domino
1153 3933 1265 3974 suo
1295 3915 1636 3993 plurimum
1672 3914 2062 3985 honorando,
2098 3915 2360 3974 salutem
2394 3921 2455 3973 et
2483 3915 2750 3990 gratiam
2784 3934 2821 3974 a
2850 3918 3002 3975 Deo.

383 3996 621 4067 Quibus
641 4012 678 4054 a
707 3995 893 4055 rebus
922 3994 1078 4054 alias
1110 4001 1275 4055 artes
1303 4001 1366 4054 et
1394 3995 1668 4054 scientiae
1697 3995 2128 4055 commendari
2159 3995 2383 4065 solent,
2416 3994 2800 4055 nobilissime
2833 4000 2895 4056 et
2919 3995 3251 4073 magniﬁce
3283 3996 3395 4070 vir,
3447 3995 3699 4056 domine

302 4076 648 4154 plurimum
681 4075 1076 4148 honorande,
1109 4093 1199 4136 eas
1229 4075 1294 4135 in
1326 4075 1608 4154 physica,
1644 4076 1763 4134 hoc
1793 4083 1904 4149 est,
1942 4076 2008 4134 in
2059 4074 2171 4133 illa
2218 4074 2479 4133 scientia
2522 4093 2662 4151 quae
2712 4076 2878 4135 circa
2925 4094 3259 4154 corporum
3309 4078 3696 4135 naturalium

302 4155 636 4235 principia,
670 4173 910 4226 causas,
949 4157 1383 4233 proprietates,
1417 4156 1578 4214 vires
1609 4161 1673 4214 et
1700 4155 1958 4216 etl‘ectus
1986 4160 2292 4227 versatur,
2333 4155 2758 4233 copiosissime
2788 4175 2851 4215 se
2880 4157 3173 4216 offerunt.
3207 4158 3357 4217 Cum
3391 4157 3554 4217 enim
3575 4157 3700 4214 ori-

303 4254 386 4314 go
417 4237 690 4314 primum
721 4243 783 4296 et
811 4235 1105 4313 antiquas
1125 4237 1214 4296 eis
1241 4235 1490 4295 laudem
1525 4235 1857 4296 conciliare
1888 4235 2108 4305 soleat;
2146 4235 2585 4312 antiquissima
2615 4241 2709 4295 est
2768 4235 3043 4314 physica,
3089 4255 3228 4314 quae
3277 4255 3455 4296 suam
3504 4237 3697 4312 origi-

304 4333 451 4376 nem
484 4316 562 4376 ab
592 4316 731 4394 ipso
763 4315 956 4375 habet
985 4318 1112 4375 Deo
1143 4322 1275 4393 opt.
1309 4316 1606 4387 maximo,
1633 4315 1742 4393 qui
1791 4335 1930 4376 eam
1975 4318 2178 4394 primo
2231 4314 2493 4382 homini,
2545 4317 2808 4387 Adamo,
2866 4319 3107 4377 cateris
3152 4318 3470 4376 creeaturis
3519 4315 3699 4394 quasi

307 4396 493 4456 alteri
513 4397 575 4455 in
605 4395 784 4456 terris
815 4397 1111 4474 praefecto
1143 4399 1293 4468 Deo,
1325 4396 1550 4455 insevit
1584 4416 1596 4454 :
1625 4394 1802 4472 cujus
1832 4397 1935 4456 hic
1966 4395 2155 4455 etiam
2188 4395 2493 4454 beneﬁcio
2525 4397 2817 4456 omnibus
2846 4398 2925 4455 ad
2946 4416 3011 4457 se
3041 4397 3362 4456 conditore
3411 4396 3698 4456 adductis

305 4476 691 4537 animalibus
703 4475 1063 4554 inparadiso
1079 4475 1512 4536 convenientia
1528 4481 1769 4535 natura:
1787 4475 2043 4536 nomina
2060 4475 2143 4534 im
2153 4476 2451 4553 posuit,et
2464 4476 2595 4535 sine
2610 4476 2802 4536 dubio
2817 4479 3005 4537 etiam
3028 4486 3394 4537 cae-terarum
3418 4477 3700 4536 substan-

310 4557 545 4618 tiarum
578 4556 960 4616 naturalium
991 4556 1216 4616 intima
1242 4555 1540 4633 mysteria
1570 4556 1908 4635 perspexit.
1943 4557 2312 4634 Quanquam
2337 4575 2483 4615 vero
2516 4556 2652 4615 haec
2680 4558 2846 4616 illius
2879 4558 3257 4616 naturalium
3281 4575 3487 4617 rerum
3507 4557 3702 4616 scien-

307 4638 400 4697 tia
429 4655 542 4716 per
567 4637 813 4716 lapsum
844 4636 1086 4716 invidia
1111 4639 1362 4696 Satanm
1395 4635 1565 4695 haud
1597 4654 1816 4715 parum
1853 4636 2208 4707 imminuta,
2242 4655 2366 4694 non
2389 4643 2601 4696 tamen
2633 4656 2887 4713 prorsus
2916 4638 3164 4696 sublata
3210 4637 3347 4697 fuit.
3400 4639 3553 4696 Nam
3596 4637 3702 4695 ali-

308 4715 504 4796 quam
536 4715 672 4795 ejus
701 4722 946 4795 partem
977 4715 1256 4787 retinuit,
1291 4725 1354 4776 et
1383 4716 1592 4775 liberis
1621 4716 1747 4796 suis
1777 4717 2031 4776 tradidit
2069 4733 2081 4774 :
2111 4722 2180 4774 ut
2209 4716 2506 4776 sincerior
2565 4717 2817 4794 quidem
2867 4719 3141 4794 physicae
3199 4717 3421 4777 notitia
3473 4718 3536 4775 in
3597 4735 3702 4793 pa-

309 4795 735 4857 triarcharum
769 4796 1161 4874 aliorumque
1187 4803 1568 4867 sanctorum,
1604 4795 1802 4866 Sethi,
1838 4797 2054 4866 Nobae,
2091 4796 2282 4866 Semi,
2319 4797 2681 4867 Abrahami,
2714 4798 2952 4866 Jacobi,
2987 4798 3268 4874 Josephi,
3310 4797 3519 4868 Mosis,
3579 4803 3700 4856 etc.

309 4878 553 4938 familia
579 4879 1013 4956 permanserit,
1047 4884 1110 4936 et
1140 4878 1218 4936 ad
1241 4895 1454 4936 eorum
1490 4884 1792 4954 pasteros,
1828 4883 2015 4954 atque
2048 4877 2194 4935 hinc
2225 4895 2334 4954 per
2364 4884 2456 4936 tot
2487 4878 2888 4953 migrationes
2919 4878 2997 4936 ad
3047 4878 3203 4936 alios
3252 4879 3439 4936 etiam
3481 4876 3703 4935 infide-

308 4959 404 5019 les
435 4959 724 5037 populos,
758 4957 1087 5017 Chaldaeos
1115 4957 1445 5034 imprimis,
1480 4957 1856 5034 Babylonios
1878 4969 1940 5016 et
1970 4956 2295 5034 {Egyptios
2327 4959 2691 5016 transmissa
2749 4958 2951 5016 fuerit.
3011 4961 3097 5016 De
3155 4959 3490 5016 Salomone
3538 4963 3706 5015 certe

314 5056 465 5116 rege
498 5037 916 5098 vetustissimo
938 5055 1131 5098 sacrae
1163 5037 1385 5097 litterae
1417 5037 1643 5097 diserte
1675 5043 2006 5107 testantur,
2031 5037 2199 5113 quod
2234 5055 2357 5096 non
2410 5043 2648 5095 tantum
2699 5038 2836 5096 aliis
2885 5037 3206 5115 sapientiae
3259 5037 3540 5115 partibus
3601 5037 3709 5096 sed

312 5125 379 5179 et
411 5119 527 5177 hac
557 5119 696 5197 ipsa
724 5136 866 5197 quae
897 5123 990 5177 est
1019 5136 1228 5178 rerum
1261 5117 1645 5176 naturalium
1677 5117 1766 5176 ita
1796 5117 2158 5197 excelluerit
2191 5123 2257 5175 ut
2278 5117 2613 5194 disputarit
2642 5117 2719 5175 de
2779 5119 2962 5195 lignis
3011 5137 3045 5176 a
3089 5119 3273 5176 cedro
3305 5135 3445 5194 quae
3493 5123 3587 5176 est
3644 5117 3708 5175 in

313 5196 896 5290 Libano‘usquead
927 5197 1270 5290 hxssopum
1299 5215 1440 5276 quae
1471 5197 1896 5290 egreditur‘de
1929 5196 2182 5290 pariete,
2229 5203 2290 5255 et
2337 5197 2819 5290 disserueritude
2861 5198 3163 5290 jumentis
3211 5206 3272 5257 et
3329 5198 3706 5290 volucribus,

311 5284 378 5340 et
400 5278 727 5358 reptilibus
747 5283 815 5358 et
838 5277 1111 5357 piscibus
1141 5295 1154 5336 :
1191 5277 1348 5338 adeo
1381 5279 1657 5355 quidem,
1680 5283 1763 5358 ut
1785 5277 1860 5358 de
1894 5277 2198 5337 universis
2231 5277 2478 5354 populis
2508 5284 2569 5336 et
2599 5278 2850 5354 regibus
2882 5283 3061 5338 terrae
3084 5296 3226 5337 cum
3275 5279 3353 5337 ad
3401 5279 3706 5355 reliquam

317 5365 452 5420 tum
474 5357 662 5420 etiam
694 5359 774 5420 ad
804 5357 971 5419 hanc
1001 5358 1138 5438 ejus
1158 5358 1529 5438 sapientiam
1571 5357 1954 5418 audiendam
1983 5375 2356 5417 concursum
2391 5357 2601 5418 fuerit.
2624 5358 2784 5428 Quid
2803 5359 2831 5417 ?
2878 5359 3046 5436 quod
3087 5359 3274 5418 etiam
3324 5358 3557 5418 ethnici
3605 5359 3714 5437 qui

387 5581 406 5602 ’
432 5579 706 5642 Nicephori
735 5580 1031 5630 Blemmidae
1062 5582 1294 5644 Epitome
1318 5581 1552 5644 physica,
1584 5581 1805 5644 triginta
1835 5583 1882 5628 et
1912 5579 2062 5627 unius
2087 5579 2508 5644 gravissimorum
2529 5579 2751 5643 capitum
2782 5595 2892 5629 cum
2925 5583 3217 5643 fragmento
3233 5581 3439 5644 insuper
3457 5593 3719 5644 exegrseos

315 5643 374 5708 in
404 5643 662 5708 psalmum
691 5647 923 5692 octavum
957 5660 968 5692 :
1000 5643 1182 5708 quibus
1212 5643 1541 5691 non'tantum
1571 5643 1798 5706 physica,
1830 5643 1920 5708 sed
1949 5644 2103 5689 etiam
2149 5643 2508 5704 geoyrnphica,
2533 5645 2914 5708 Δ(ιεενοηοηιὶεα,
2945 5644 3130 5704 aptica,
3167 5643 3470 5708 astrologicn
3492 5646 3546 5708 ei
3576 5643 3715 5708 theo-

315 5701 489 5777 logica
520 5706 683 5777 multa
709 5701 1142 5777 pertractanjyf‘:
1160 5720 1328 5777 _quam
1359 5709 1479 5777 ante
1509 5701 1667 5777 an:qu
1695 5709 1785 5777 379
1815 5704 1879 5752 ab
1908 5707 2114 5777 auctore
2141 5701 2476 5777 éonécriptam
2506 5705 2850 5777 jamprirnum
2882 5701 3296 5777 e‘manuscriptis
3341 5704 3601 5777 codici/{ua
3641 5701 3714 5750 bi-

322 5765 936 5842 ρᾷοςήςσσῖκίαρμειαπεξ.
953 5769 1117 5842 εφζίἱί
1143 5765 1383 5842 Joanne:
1403 5767 1715 5842 w:ege_{z'nus,
1742 5769 1944 5842 August}

2093 5780 2098 5816 :
2122 5765 2387 5828 prmisSa
2415 5765 2854 5819 commendatione
2877 5767 3100 5842 physicae
3118 5770 3166 5818 et
3185 5768 3432 5833 adjuncto
3459 5765 3551 5816 sub
3563 5765 3715 5826 ﬁnem

320 5830 450 5883 libri
481 5830 674 5883 Indice.
694 5829 837 5896 Ἆπις.
872 5829 1071 5882 Vindel.
1105 5830 1311 5880 excudit
1337 5829 1514 5882 David
1537 5830 1763 5883 Francus
1791 5829 1839 5880 al
1875 5832 2014 5882 1605.
