4108 6512
448 530 597 585 mm
1684 520 2108 582 NlCEPHUltl
2158 522 2595 581 BLEMMIDE
3686 486 3873 587 100s

447 658 744 717 moralem
777 656 1240 735 phiIOSOpliiam
1273 675 1310 715 a
1338 657 1594 715 Socrate
1629 656 1897 733 primum
1927 656 2239 714 excultam
2273 664 2335 714 et
2364 655 2425 712 in
2460 655 2719 714 urbibus
2767 656 3164 728 collocatam,
3218 657 3410 735 inque
3465 657 3685 719 domos
3741 658 3843 717 in-

446 739 795 797 troductam
820 738 1017 805 aiunt,
1050 743 1117 795 ut
1147 746 1365 796 auctor
1397 745 1491 795 est
1520 737 1883 795 Aristoteles
1933 743 1993 794 et
2039 737 2275 804 Cicero,
2338 742 2485 793 ante
2528 736 2705 795 illum
2755 746 3253 796 commemorant
3294 737 3619 797 Thaletem
3667 739 3843 798 Mile-

445 818 626 888 sium,
662 823 1127 893 Anaxagoram,
1166 816 1626 894 Empedoclem,
1654 816 2103 885 Democritum,
2140 817 2590 897 Pythagoram,
2624 823 2687 875 et
2715 816 2870 875 alios
2896 817 3185 897 illustres
3236 817 3671 896 philosophos,
3728 820 3839 897 qui

447 916 665 957 omnes
691 897 754 955 in
785 897 1297 975 contemplatrice
1328 897 2044 974 philosophia,adeoque
2074 895 2262 955 etiam
2294 896 2356 955 in
2391 897 2662 955 naturali
2692 896 2952 956 scientia
2978 895 3254 973 insignes
3282 904 3344 956 et
3369 898 3522 957 clari
3537 895 3832 970 fuerunt;

448 984 517 1037 ut
544 977 739 1037 cuivis
767 977 846 1035 sit
876 977 1021 1036 hinc
1050 977 1231 1037 facile
1261 978 1573 1053 colligere,
1611 977 1960 1035 naturalem
1991 976 2314 1034 scientiam
2361 993 2604 1034 morum
2654 976 2985 1054 disciplina
3033 983 3346 1056 quatenus
3401 977 3655 1055 quidem
3698 978 3834 1039 haec

448 1058 632 1118 certis
660 1058 991 1135 przeceptis
1019 1057 1473 1135 comprehensa
1501 1064 1613 1127 est,
1642 1059 1839 1116 multo
1871 1057 2286 1134 antiquiorem
2320 1073 2474 1114 esse.
2508 1058 2649 1116 Jam
2680 1074 2828 1117 vero
2858 1075 2997 1116 cum
3029 1058 3268 1117 artibus
3297 1063 3360 1117 et
3415 1059 3687 1118 scientiis
3734 1058 3832 1136 ip-

448 1157 518 1198 sa
544 1137 732 1197 etiam
763 1142 1040 1197 suavitas
1066 1144 1128 1197 et
1160 1137 1515 1215 iucunditas
1544 1136 1820 1196 tribuere
1852 1137 2100 1196 laudem
2130 1136 2327 1195 soleat
2359 1153 2373 1205 ;
2420 1141 2481 1194 et
2539 1136 2618 1195 ab
2668 1136 2787 1195 hac
2825 1137 3083 1214 physica
3137 1137 3357 1198 merito
3401 1137 3836 1198 commendari

446 1225 674 1296 potest.
708 1216 865 1288 Quid
895 1218 1061 1277 enim
1093 1218 1366 1287 suavius,
1398 1217 1681 1294 adeoque
1710 1217 1964 1276 homine
1994 1217 2261 1297 dignius,
2291 1234 2480 1293 quam
2511 1233 2588 1275 ex
2617 1215 2974 1297 humilitate
3006 1224 3395 1277 terrenarum
3427 1224 3490 1278 et
3534 1224 3837 1297 angusta-

445 1295 586 1358 rum
621 1298 1128 1375 caducarumque
1158 1316 1365 1357 rerum
1396 1298 1461 1357 in
1492 1297 1888 1356 altitudinem
1920 1303 1981 1356 et
2010 1295 2490 1372 amplitudinem
2518 1296 2856 1357 ascendere
2882 1315 3090 1356 rerum
3121 1298 3467 1358 ccelestium
3495 1298 3525 1356 ?
3556 1295 3652 1359 tot
3704 1317 3836 1359 cce-

446 1379 649 1438 lorum
681 1378 885 1449 orbes,
919 1377 1403 1455 magnitudines,
1438 1376 1767 1436 distantias
1801 1397 1814 1436 :
1851 1383 1943 1436 tot
1970 1376 2292 1435 stellarum
2324 1376 2387 1434 in
2418 1376 2492 1435 iis
2522 1376 2947 1454 pulcherrima
2985 1396 3271 1456 corpora,
3334 1384 3426 1438 tot
3467 1379 3836 1439 earumdem

444 1466 699 1538 tamque
728 1458 935 1517 varios
967 1476 1079 1518 nec
1111 1464 1318 1518 tamen
1351 1456 1728 1538 irregulares
1757 1462 1963 1538 motus
1996 1474 2010 1525 ;
2045 1462 2172 1538 tam
2204 1456 2478 1538 diversos
2507 1456 2761 1538 luminis
2783 1464 2852 1517 et
2905 1476 3048 1517 cum
3095 1458 3332 1518 lumine
3383 1458 3681 1518 virtutum
3737 1460 3836 1518 in-

441 1536 649 1599 ﬂuxus
677 1539 739 1597 in
774 1537 908 1597 haec
938 1538 1232 1598 inferiora
1264 1557 1278 1610 ;
1308 1537 1616 1614 imprimis
1649 1554 1795 1596 vero
1826 1537 1973 1595 solis
2003 1540 2065 1595 et
2094 1536 2257 1594 lunae
2289 1537 2545 1596 effectus
2590 1536 2654 1595 in
2683 1537 2926 1597 dierum
2958 1543 3022 1597 et
3049 1538 3329 1597 noctium
3389 1538 3839 1598 vicissitudini-

441 1619 580 1691 bus,
604 1619 1028 1690 incrementis,
1061 1618 1475 1678 decrementis
1507 1637 1521 1689 ;
1554 1618 1618 1675 in
1653 1617 1985 1689 mensium,
2018 1634 2351 1687 annorum,
2384 1623 2691 1676 statorum
2724 1624 3079 1695 temporum
3126 1618 3643 1692 successionibus,
3677 1636 3835 1679 con-

441 1699 775 1778 templari?
803 1698 1340 1773 Quidjucundius,
1376 1716 1565 1776 quam
1597 1715 1634 1756 a
1666 1698 1838 1756 ccelis
1867 1704 1931 1755 et
1959 1698 2091 1771 igni
2122 1698 2229 1778 qui
2261 1715 2623 1778 supremum
2655 1698 2822 1757 inter
2848 1698 3161 1758 elementa
3188 1698 3397 1758 locum
3428 1699 3699 1771 obtinet,
3750 1699 3836 1759 ad

442 1776 649 1839 aerem
681 1779 1121 1850 decrescendo,
1157 1784 1326 1837 totet
1354 1784 1481 1837 tam
1513 1778 1688 1837 varia
1718 1797 1828 1855 per
1850 1778 2127 1836 diversas
2169 1776 2311 1857 ejus
2338 1777 2621 1853 regiones
2653 1786 2953 1850 meteora,
2987 1778 3217 1857 partim
3240 1797 3385 1840 vere
3403 1779 3836 1853 subsistentia,

438 1860 667 1938 partim
700 1860 789 1919 ita
816 1864 1062 1919 tantum
1093 1865 1350 1937 propter
1378 1858 1616 1917 umbrae
1639 1864 1699 1917 et
1726 1859 1981 1916 luminis
2009 1856 2518 1938 commistionnes
2548 1856 3005 1937 radiorumque
3019 1858 3427 1920 retractiones
3455 1860 3835 1938 apparentia

442 1937 746 2019 spectare,
791 1940 1153 1999 eorumdem
1186 1956 1427 2010 causas,
1462 1939 1787 1998 materiam
1818 1938 2109 2009 formam,
2143 1937 2498 2019 efﬁcientia,
2532 1938 2727 2019 fines;
2777 1944 2875 1998 tot
2920 1938 3179 2017 inquam
3229 1937 3830 2014 inﬂammationum,

441 2018 835 2081 chasmatum
864 2026 1272 2089 cometarum,
1308 2018 1557 2098 pluviae,
1590 2019 1772 2091 roris,
1807 2019 2070 2096 pruinae,
2112 2018 2271 2077 nivis
2324 2018 2666 2095 grandinis,
2730 2019 3176 2092 tonitruorum,
3228 2020 3589 2091 fulminum,
3651 2020 3837 2081 halo-

444 2100 894 2173 num,iridum,
943 2099 1344 2176 pareliorum,
1406 2104 1757 2171 ventorum,
1802 2107 1922 2157 etc.
1982 2098 2427 2157 considerare?
2467 2098 2623 2169 Quid
2666 2098 3120 2178 voluptuosius,
3181 2118 3372 2178 quam
3413 2101 3692 2160 delatum
3750 2101 3839 2161 ad

443 2199 641 2259 aquas
669 2187 732 2240 et
764 2185 992 2240 terram
1023 2180 1289 2238 fontium
1317 2184 1378 2237 et
1402 2178 1733 2237 ﬂuviorum
1769 2186 1962 2249 ortus,
1991 2180 2260 2237 marium
2293 2185 2498 2251 restus,
2536 2184 2716 2237 terrze
2739 2180 3199 2251 concussiones,
3224 2181 3615 2259 totidemque
3634 2181 3833 2241 etiam

441 2261 503 2319 in
527 2261 601 2320 iis
631 2260 1145 2328 substantiarum,
1184 2266 1251 2317 ut
1283 2259 1641 2329 herbarum,
1678 2261 1993 2329 fruticum,
2023 2260 2403 2337 plantarum,
2441 2259 2717 2337 lapidum
2751 2260 2897 2319 item
2944 2267 3007 2319 et
3054 2260 3473 2333 metallorum,
3535 2261 3838 2320 aliorum-

442 2360 563 2419 que
594 2339 896 2401 fossllium
923 2341 1336 2418 proprietates
1365 2344 1427 2397 et
1456 2339 1839 2398 differentias
1869 2340 2135 2399 scrutari
2162 2340 2191 2420 ‘2
2221 2340 2339 2410 Qui
2364 2340 2440 2397 ad
2464 2339 2657 2398 animi
2696 2340 3181 2400 oblectationem
3242 2341 3441 2419 magis
3495 2357 3837 2420 compara-

440 2428 598 2493 tum,
633 2439 823 2499 quam
856 2426 950 2479 tot
976 2421 1042 2479 in
1071 2438 1235 2489 aere,
1273 2437 1461 2497 aqua,
1496 2424 1664 2477 terra
1692 2420 2053 2499 degentium
2087 2419 2455 2479 animalium
2489 2426 2805 2487 naturam,
2847 2420 2911 2480 in
2936 2422 3154 2499 primis
3195 2439 3345 2481 vero
3401 2421 3677 2480 hominis
3732 2439 3839 2481 co-

438 2498 738 2581 gnoscere
772 2519 786 2572 ;
848 2501 955 2578 qui
1010 2518 1134 2559 non
1172 2504 1415 2581 tantum
1447 2517 1523 2557 ex
1545 2517 1829 2577 corpore,
1870 2498 2049 2581 cujus
2108 2501 2379 2578 partium
2435 2507 2772 2571 structura,
2807 2507 2869 2581 et
2922 2501 3385 2578 coagmentatio
3423 2500 3842 2563 solertissima

438 2580 501 2641 et
529 2580 918 2641 divinissima
944 2586 1036 2640 est
1069 2598 1083 2653 ;
1117 2580 1225 2639 sed
1252 2580 1438 2660 etiam
1458 2597 1548 2660 ex
1580 2582 1791 2639 anima
1819 2580 2211 2657 intelligente
2239 2586 2507 2650 constat,
2541 2598 2681 2658 quae
2714 2580 3044 2641 facultates
3073 2587 3136 2641 et
3179 2582 3578 2660 operationes
3635 2581 3838 2642 habet

436 2661 815 2741 multiplices
843 2666 905 2721 et
926 2663 1109 2741 plane
1138 2659 1596 2741 admirabiles?
1650 2660 1810 2730 Quin
1866 2662 1994 2719 imo
2048 2663 2330 2739 ipsorum
2378 2660 2833 2741 elementorum
2894 2659 3273 2722 mutationes
3326 2662 3392 2721 in
3439 2679 3506 2721 se
3560 2662 3840 2722 invicem

435 2739 713 2819 itemque
741 2742 945 2819 prima
975 2740 1648 2819 principia,materiam
1679 2748 1742 2799 et
1770 2742 2059 2807 formam,
2096 2758 2166 2799 ac
2217 2739 2730 2800 communissima
2782 2741 3065 2801 omnium
3123 2740 3347 2802 exinde
3403 2742 3836 2803 constantium

435 2841 645 2883 rerum
678 2820 978 2880 attributa
1009 2827 1247 2880 motum
1277 2820 1616 2891 inﬁnitum,
1650 2820 1857 2879 locum
1889 2827 1950 2880 et
1979 2826 2227 2898 tempus
2270 2820 2633 2880 examinare
2661 2823 2690 2880 ?
2720 2820 2944 2881 Merito
2997 2822 3191 2899 igitur
3245 2821 3652 2899 gravissimus
3710 2841 3831 2882 au-

436 2909 569 2962 ctor
600 2902 812 2961 Cicero
843 2901 1020 2972 dixit,
1052 2901 1615 2960 considerationem
1646 2900 2368 2978 contemplationemque
2400 2901 2685 2961 naturale
2743 2901 3060 2980 quoddam
3117 2902 3473 2961 animorum
3531 2902 3828 2980 ingenio-

435 3000 702 3060 rumque
731 2999 863 3041 esss
918 2981 1243 3060 pabulum.
1294 2980 1468 3039 Multi
1514 2981 1921 3057 picturarum,
1967 2988 2027 3039 et
2070 2982 2438 3057 imaginum,
2488 2981 2596 3040 alii
2638 2981 2825 3040 etiam
2891 2981 3320 3053 aediﬁciorum,
3400 2982 3824 3052 basilicarum,

438 3062 825 3122 theatrorum
868 3061 1267 3142 inspectione
1297 3061 1707 3142 delectantur.
1757 3062 1877 3121 Sed
1909 3061 2060 3142 quid
2100 3062 2220 3120 ista
2266 3061 2478 3120 omnia
2522 3061 2780 3121 humani
2826 3060 3066 3142 ingenii
3106 3063 3362 3122 inventa
3404 3068 3469 3122 et
3510 3080 3707 3142 opera
3743 3062 3825 3122 ad

435 3142 628 3202 totius
671 3142 941 3201 universi
984 3140 1535 3221 picturalissimum
1580 3160 1755 3218 Opus,
1805 3142 1887 3200 ad
1931 3141 2048 3199 hoc
2118 3146 2360 3200 naturae
2430 3142 2884 3220 amplissimum
2968 3141 3282 3202 theatrum
3360 3140 3641 3220 quod'a
3702 3146 3825 3203 Deo

440 3228 784 3303 opt._max.
832 3240 909 3281 ex
952 3221 1149 3281 nihilo
1194 3222 1567 3303 productum
1611 3227 1831 3303 θείνει
1873 3221 2079 3303 adhuc
2121 3222 2554 3299 potentissime
2596 3228 2981 3282 sustentatur
3040 3222 3450 3303 regiturque?
3485 3222 3619 3303 iHic
3680 3240 3832 3283 sane

442 3301 545 3362 hic
588 3301 849 3381 inquam
894 3321 1056 3361 verae
1099 3302 1367 3379 ingeniis
1411 3301 1854 3361 excelsioribus
1896 3301 2252 3379 voluptates
2296 3308 2533 3380 paratae
2598 3307 2763 3373 sunt,
2813 3320 2937 3361 non
3002 3303 3255 3381 quidem
3314 3302 3436 3361 illae
3479 3302 3543 3360 in
3605 3320 3717 3362 esu
3760 3321 3838 3381 ac

484 3388 617 3455 otu,
662 3386 727 3441 in
772 3382 1032 3452 lusibus,
1077 3382 1142 3441 in
1188 3381 1485 3460 pecuniis,
1534 3382 1595 3439 in
1642 3381 2098 3461 sodalitatibus,
2148 3382 2211 3440 in
2256 3382 2598 3452 amoribus,
2664 3383 2947 3459 adeoque
2988 3383 3053 3441 in
3114 3383 3395 3461 corporis
3459 3381 3841 3442 titillationi-

484 3402 617 3455 ctu,
662 3402 727 3441 1n
772 3402 1032 3452 iusmus,
1077 3402 1142 3441 1n
1188 3402 1485 3460 pecuniis,
1534 3402 1595 3439 1n
1642 3402 2098 3454 souamaunus,
2148 3402 2211 3440 ιη
2256 3402 2598 3452 amoribus,
2664 3402 2947 3459 aueoque
2988 3402 3053 3441 in
3114 3402 3395 3461 corporis
3459 3402 3841 3442 uuuauom-

436 3402 577 3535 Bus,
624 3463 732 3523 sed
774 3463 838 3521 in
882 3463 1239 3523 animorum
1303 3461 1540 3520 delimis
1602 3467 1663 3519 et
1718 3460 2242 3521 oblectationibus
2299 3462 2746 3535 consistentes;
2794 3480 2936 3540 qua;
2999 3480 3115 3522 nec
3158 3469 3227 3523 ut
3300 3462 3424 3522 illas
3482 3479 3711 3522 crassae
3780 3469 3848 3524 et

438 3561 758 3621 corporeae
789 3551 1232 3602 momentanea
1261 3541 1563 3601 brevitate
1605 3542 1822 3601 inanes
1864 3542 2229 3619 relinquunt
2270 3548 2607 3601 sectatores
2645 3560 2813 3615 suos,
2858 3560 2973 3602 nec
3014 3542 3423 3603 diuturnitate
3481 3542 3844 3603 molestiam

436 3630 672 3695 creant,
719 3642 834 3683 nec
873 3623 1010 3702 ipso
1055 3641 1169 3681 usu
1213 3622 1514 3702 damnum
1562 3621 1860 3681 inierunt.
1910 3622 2214 3681 Nimirum
2261 3622 2427 3699 quod
2474 3622 2685 3682 Cicero
2731 3622 3077 3700 generatim
3139 3622 3300 3683 dixit
3338 3623 3417 3682 de
3476 3622 3700 3682 studiis
3740 3623 3849 3685 lit-

437 3711 738 3775 terarum,
784 3701 915 3762 hoc
946 3702 1265 3780 sigillatim
1309 3701 1385 3761 de
1430 3702 1811 3761 naturalium
1855 3720 2064 3762 rerum
2110 3702 2370 3761 scientia
2426 3708 2488 3761 et
2549 3702 3081 3781 contemplatione
3140 3703 3459 3763 verissime
3523 3703 3838 3764 afﬂrmari

435 3788 664 3862 potest,
706 3783 872 3861 quod
916 3784 1045 3842 alat
1086 3782 1593 3862 adolescentiam,
1641 3789 2026 3842 senectutem
2069 3782 2359 3854 oblectet,
2406 3782 2713 3842 secundas
2755 3801 2853 3843 res
2896 3788 3103 3854 ornet,
3150 3783 3427 3843 adversis
3468 3783 3834 3861 perfugium

440 3861 503 3925 et
545 3864 836 3923 solatium
884 3863 1181 3941 praebeat,
1243 3861 1507 3922 delectet
1548 3864 1743 3935 domi,
1809 3880 1934 3922 non
1994 3862 2299 3941 impediat
2341 3864 2514 3933 foris,
2576 3868 2900 3941 pernoctet
2959 3862 3311 3936 nobiscum,
3374 3863 3845 3942 peregrinetur,

439 3944 794 4003 rusticetur.
820 3943 989 4024 Quis
1030 3942 1391 4020 igiturrnon
1434 3943 1533 4024 vel
1576 3942 1765 4022 hujus
1808 3943 2133 4003 suavitatis
2173 3950 2235 4003 et
2270 3942 2688 4022 jucunditatis
2729 3944 3005 4017 nomine,
3052 3962 3178 4023 qua
3218 3943 3408 4022 plena
3450 3952 3567 4017 est,
3619 3943 3845 4024 physi-

441 4041 580 4083 cam
624 4022 1186 4100 magnifaciendam
1230 4022 1454 4101 putet?

520 4105 751 4163 Verum
794 4104 959 4163 enim
1002 4120 1151 4163 vero
1193 4100 1316 4162 neu
1362 4103 1497 4161 haec
1540 4107 1788 4161 tantum
1831 4102 2104 4162 suavitas
2147 4106 2208 4161 et
2244 4101 2629 4180 jucunditas,
2676 4100 2817 4182 sed
2845 4102 3035 4161 etiam
3097 4102 3430 4182 multiplex
3491 4102 3735 4163 utilitas
3778 4104 3844 4164 in

444 4183 1097 4244 commendationibus
1140 4182 1413 4261 physicae
1458 4184 2012 4242 commemoranda
2061 4184 2252 4241 venit.
2301 4186 2457 4241 Nam
2531 4182 2675 4242 licet
2741 4181 2931 4241 etiam
3002 4181 3524 4261 propter’solam
3597 4191 3845 4245 natura:

442 4265 861 4342 cognitionem
924 4268 987 4323 et
1031 4263 1648 4341 contemplationem,
1714 4280 1908 4341 quam
1952 4270 2022 4322 ut
2064 4263 2537 4341 contemplatim
2592 4262 2852 4322 scientia
2910 4281 3023 4340 pro
3068 4262 3192 4324 ﬁne
3260 4263 3377 4324 sibi
3449 4265 3842 4343 propositam

441 4345 633 4404 habet
703 4343 981 4423 physica,
1056 4344 1312 4403 minime
1372 4345 1833 4402 contemnenda
1890 4343 1992 4414 sit,
2074 4343 2554 4421 quamplurimm
2634 4348 2846 4401 tamen
2914 4343 3007 4402 illi
3067 4344 3256 4403 etiam
3326 4343 3465 4404 alia
3535 4344 3842 4405 utilitates

440 4424 895 4502 adjunguntur.
945 4424 1036 4484 Ad
1082 4424 1435 4483 universam
1482 4423 1645 4481 enim
1691 4425 1820 4483 fere
1865 4423 2331 4502 philosophiam
2378 4423 2606 4481 multas
2649 4428 2709 4482 et
2772 4440 3032 4500 magnas
3099 4424 3401 4485 utilitates
3468 4424 3675 4485 affert.
3750 4425 3847 4485 Ad

441 4506 934 4583 metaphysicam
981 4504 1259 4583 quidem,
1305 4503 1474 4581 quod
1518 4521 1594 4562 ex
1637 4504 1937 4563 continua
1998 4505 2382 4563 moventium
2454 4509 2517 4562 et
2589 4502 2916 4562 mobilium
2960 4503 3117 4563 serie
3177 4522 3319 4581 quae
3391 4504 3639 4564 inﬁnita
3704 4522 3841 4566 esse

439 4605 565 4645 non
611 4591 836 4665 potest,
888 4585 967 4643 ad
1014 4585 1285 4663 primum
1348 4590 1652 4665 motor-em
1718 4586 1921 4665 Deum,
1985 4589 2116 4665 opt.
2182 4602 2328 4665 max
2399 4583 2880 4665 motusjomnis
2949 4588 3012 4665 et
3074 4583 3441 4644 mutationis
3510 4591 3844 4664 expertem

438 4666 591 4744 quin
612 4662 695 4725 ἐἰ
739 4666 817 4725 ad
861 4662 1209 4724 cmleStium
1253 4664 1812 4741 intelligentiarum
1869 4664 1949 4723 ab
2017 4664 2347 4723 Aristotele
2406 4663 2681 4744 rsphaaris
2751 4662 3027 4744 aetheriis
3088 4665 3550 4743 assignatarum
3594 4662 3848 4743 icogni-

436 4748 673 4807 tionem
744 4764 860 4806 nos
930 4746 1207 4815 adducit,
1280 4745 1449 4821 quod
1510 4745 1659 4803 item
1734 4744 1961 4803 animae
2033 4744 2329 4803 humanae
2398 4743 2758 4824 inchoatam
2831 4743 3312 4821 explicationem
3386 4744 3845 4824 metaphysicm

436 4827 881 4905 perﬁciendam
926 4833 986 4885 et
1030 4825 1476 4885 absolvendam
1522 4825 1730 4883 tradit.
1779 4824 1875 4884 Ad
1924 4824 2400 4884 mathematicas
2447 4842 2592 4883 vero
2659 4823 2853 4905 etiam
2912 4823 3293 4902 disciplinas,
3367 4823 3682 4905 imprimis
3754 4827 3837 4887 ad

433 4903 574 4968 illas
617 4926 758 4987 quae
804 4912 1006 4966 minus
1052 4925 1205 4984 pure
1247 4913 1310 4987 et
1340 4905 2096 4987 isincereemathematicze
2142 4910 2466 4977 vocantur,
2514 4905 2684 4982 quod
2753 4903 3003 4987 objecta
3044 4923 3158 4964 sua
3226 4924 3300 4966 ex
3376 4904 3641 4984 physica
3706 4924 3843 4967 mu-

433 4984 734 5061 tuantur;
781 4987 1168 5061 astronomia
1206 4986 1455 5063 quidem
1500 4984 1751 5057 cmlum,
1799 4986 2034 5044 musica
2076 5004 2299 5045 sonum
2345 4990 2407 5043 et
2444 5002 2709 5065 evocem,
2755 4984 2966 5065 optica
3036 4986 3279 5045 radium
3323 4987 3617 5059 visivum,
3692 5006 3835 5065 quae

433 5070 651 5130 omnia
691 5088 768 5129 ex
815 5069 1070 5147 physica
1112 5068 1543 5125 desumuntur.
1593 5066 1713 5124 Sed
1757 5071 1819 5123 et
1852 5065 2356 5147 astrologiciset
2398 5063 3015 5147 physiognomonicis
3060 5066 3573 5145 prmdictionibus
3614 5063 3837 5128 hacte-

435 5169 554 5210 nus
598 5144 843 5209 tantum
889 5144 1043 5209 fides
1088 5147 1445 5215 adhibetur,
1494 5151 1805 5223 quatenus
1847 5146 1972 5205 illae
2018 5145 2340 5224 principiis
2384 5144 2656 5223 physicis
2724 5150 2787 5205 et
2854 5144 3002 5205 hinc
3042 5144 3375 5209 exstructis
3416 5148 3838 5209 fundamentis

430 5230 742 5293 nituntur.

512 5314 824 5372 Praeterea
866 5310 945 5368 ad
992 5309 1287 5368 moralem
1335 5303 2036 5387 pliilosophizeipartem
2085 5305 2426 5387 plurimum
2471 5303 2883 5387 emolumenti
2953 5305 3136 5387 affert
3176 5305 3457 5387 physica.
3535 5309 3619 5387 Ut
3660 5309 3833 5368 enim

431 5393 510 5454 de
553 5391 763 5453 ethica
803 5391 868 5450 in
912 5392 1117 5469 specie
1160 5390 1247 5449 sic
1289 5384 1457 5447 dicta
1501 5387 1723 5469 saltem
1766 5386 1832 5469 id_
1874 5387 2223 5469 ostendam,
2270 5386 2475 5464 primo
2494 5386 2589 5469 _a_d
2664 5384 3114 5469 Nicomachum
3182 5384 3348 5448 libro
3396 5386 3838 5469 philosophus

428 5473 802 5535 divisionem
846 5464 1073 5531 animae
1116 5470 1489 5529 facultatum
1532 5485 1613 5548 ex
1651 5465 1915 5548 physica
1956 5466 2204 5546 repetit,
2254 5471 2347 5548 Aut
2415 5464 2767 5548 subjeetum
2831 5465 3147 5548 felicitatis
3190 5464 3473 5548 Amoralis
3542 5464 3828 5548 adeoque

426 5556 618 5617 etiam
664 5552 933 5626 virtutis,
979 5550 1160 5630 cujus
1200 5550 1311 5609 illa
1364 5544 1669 5630 exercitio
1706 5544 2048 5630 deﬁnitur,‘
2099 5546 2530 5630 manifestum_
2583 5544 2730 5630 fiat:
2795 5546 3068 5630 secundo
3118 5546 3438 5630 evirtutem
3507 5548 3575 5608 in
3643 5544 3834 5630 intel-

423 5635 761 5699 lectualem
805 5640 867 5695 et
910 5625 1212 5693 moralem
1256 5629 1527 5709 partitur
1560 5627 1823 5709 iter-tio,
1849 5628 1924 5687 de
1968 5635 2315 5706 spontaneo
2399 5632 2459 5709 et
2513 5625 2733 5709 invito,
2808 5626 3027 5709 quinto
3098 5627 3177 5709 de
3239 5628 3384 5708 jure
3451 5628 3729 5690 naturali
3768 5633 3835 5690 et

420 5721 658 5781 talione
701 5716 879 5794 agit;
926 5721 1103 5773 sexto
1146 5706 1407 5771 virtutes
1447 5708 1901 5794 intellectuales
1944 5709 2261 5794 explicat;
2309 5706 2575 5794 septime
2635 5706 2729 5794 de_
2787 5707 3176 5794 continentia
3243 5706 3328 5794 et_
3370 5710 3834 5794 incontinentia

415 5801 697 5884 itemque
740 5785 830 5884 de
861 5785 1206 5884 voluptate,
1258 5797 1327 5851 ut
1368 5796 1430 5850 et
1471 5786 1735 5860 decimo,
1810 5785 2104 5884 disserit;
2179 5786 2604 5884 quaeuomnia
2673 5785 2911 5884 absque
2958 5789 3211 5884 animae.
3266 5788 3536 5884 ejusque
3609 5790 3827 5870 quoad

414 5866 625 5949 varias
664 5877 999 5945 facultates
1014 5866 1360 5939 -variOrum
1403 5885 1739 5933 munerum
1782 5874 1845 5933 et
1885 5887 2150 5951 operum
2192 5866 2419 5931 notitia
2459 5871 2628 5931 recte
2669 5866 2976 5948 explicari
3034 5870 3135 5932 vel
3192 5866 3461 5953 intelligi
3502 5866 3650 5933 non‘
3674 5888 3831 5951 pos-
