4108 6424
286 443 441 507 1009
965 444 1317 508 EPITOME
1357 443 1722 508 PHYSICA.
1752 477 1830 489 —
1859 444 2081 507 JOAN.
2129 442 2525 505 WEGELINI
2569 444 3012 507 PB/EFATIO.
3537 442 3696 506 1010

286 580 455 636 sunt.
501 575 675 638 Nihil
710 576 845 657 jam
891 578 1093 639 dicam
1142 580 1220 638 de
1264 579 1404 641 aliis
1446 580 1686 639 artibus
1734 577 2133 653 mechanicis,
2181 597 2321 655 quae
2366 597 2584 637 omnes
2628 578 2689 637 in
2737 578 3062 638 materiam
3126 576 3475 640 naturalem
3540 596 3694 657 ope-

282 664 506 718 rantur
545 676 818 737 suasque
863 661 1098 720 formas
1140 660 1586 720 introducunt:
1636 661 1921 737 adeoque
1966 665 2255 717 naturam
2329 660 2423 718 vc]
2470 660 2800 718 imitantur
2841 660 2940 717 vel
3009 660 3359 737 perﬁciant.
3409 659 3589 729 Quod
3637 659 3692 719 si

281 737 477 816 igitur
518 738 781 817 physica
824 740 904 799 ad
950 739 1109 799 nihil
1153 740 1325 800 aliud
1370 740 1542 800 utilis
1585 747 1745 799 esset
1788 739 2080 817 amplius,
2127 744 2385 817 prOpter
2430 739 2541 799 has
2584 741 2807 799 saltem
2869 747 3394 799 commemoratas
3456 740 3692 799 utilita-

282 826 379 879 tes
423 819 649 879 merita
691 821 1097 898 praedicanda
1140 826 1202 880 et
1244 820 1519 880 studiose
1563 820 1827 880 dicenda
1869 825 2052 879 esset.
2097 820 2325 878 Verum
2374 838 2499 878 non
2544 820 2655 878 has
2718 826 2962 878 tantum
3022 820 3440 897 philoSOphim
3500 839 3688 897 praes-

289 904 385 959 tat
425 899 750 971 utilitates,
798 902 905 960 sed
949 901 1135 961 etiam
1211 901 1289 959 ad
1353 902 1507 960 alias
1564 900 1956 959 sublimiores
2017 900 2346 958 facultates
2406 919 2530 958 non
2607 900 2889 967 minores
2936 900 3119 960 affert
3187 900 3686 961 commoditates.

290 979 600 1060 Medicina
638 981 802 1040 enim
876 999 914 1040 a
956 981 1217 1059 physica
1259 981 1348 1040 sic
1391 982 1704 1059 dependet
1740 987 1811 1038 ut
1853 999 1979 1039 non
2020 986 2263 1038 tantum
2309 978 2648 1057 objectum,
2696 981 2802 1039 sed
2847 979 3034 1039 etiam
3109 983 3310 1058 prima
3356 981 3685 1060 principia,

280 1059 710 1139 plurimasque
752 1062 1318 1121 demonstrationes
1361 1078 1435 1120 ex
1478 1065 1616 1139 ipsa
1657 1060 1964 1119 desumat.
2011 1061 2145 1130 Qua
2187 1060 2263 1118 dc
2306 1078 2495 1120 causa
2536 1061 2724 1119 etiam
2754 1060 2887 1138 ipse
2924 1059 3371 1138 Philos0phus
3405 1061 3684 1122 conﬁnes

285 1146 452 1200 artes
495 1140 822 1220 physicam
866 1147 929 1201 et
971 1140 1344 1201 medicinam
1389 1140 1689 1220 appellat,
1735 1141 1905 1218 quod
1952 1139 2173 1199 medici
2216 1141 2465 1216 quidem
2525 1141 2939 1217 elegantiores
3007 1147 3070 1200 et
3112 1140 3539 1219 diligentiores
3608 1143 3686 1202 de

284 1226 519 1280 natura
559 1221 863 1293 dicant,et
906 1221 1130 1281 exinde
1174 1240 1301 1281 suae
1345 1222 1497 1281 artis
1542 1221 1848 1300 principia
1893 1220 2260 1279 desumant:
2307 1220 2551 1298 physici
2592 1239 2741 1280 vero
2785 1220 3133 1298 argutiores
3177 1229 3418 1282 naturae
3462 1228 3688 1285 tracta-

282 1300 518 1361 tionem
561 1302 845 1379 adusque
889 1301 1214 1362 medicinaa
1263 1301 1570 1380 principia
1614 1306 2091 1379 persequantur.
2140 1300 2317 1369 Quod
2360 1320 2511 1360 sane
2554 1300 2711 1359 adeo
2776 1319 2993 1360 verum
3065 1308 3177 1375 est,
3254 1308 3325 1362 ut
3384 1303 3573 1362 etiam
3615 1304 3681 1362 in

279 1380 688 1458 proverbium
732 1382 978 1452 abierit,
1025 1400 1151 1460 quo
1215 1382 1462 1451 dicitur,
1511 1381 1619 1440 ubi
1678 1382 1907 1441 desinit
1971 1380 2286 1459 physicus,
2353 1381 2439 1439 ibi
2509 1382 2818 1439 medicum
2880 1381 3181 1459 incipere.
3254 1383 3489 1444 Omitto
3544 1383 3679 1459 jam

280 1460 450 1539 quod
511 1462 996 1541 contemplatrix
1063 1462 1391 1536 medicina,
1441 1480 1479 1522 a
1540 1480 1668 1539 qua
1726 1462 1915 1522 etiam
1980 1461 2205 1519 medici
2266 1460 2459 1539 aliqui
2515 1460 2758 1538 physici
2814 1461 3135 1533 dicuntur,
3198 1482 3339 1540 quae
3399 1470 3688 1523 versatur

275 1541 443 1622 circa
484 1543 763 1619 corporis
806 1542 1069 1602 humani
1116 1547 1343 1622 partes,
1391 1542 1889 1620 earumdemque
1930 1546 2456 1619 temperamenta,
2504 1542 2857 1622 facultates,
2904 1543 3321 1619 operationes,
3397 1543 3677 1622 itemque

282 1621 447 1682 circa
490 1622 822 1683 sanitatem
868 1628 932 1683 et
976 1621 1267 1683 morbum
1325 1622 1553 1701 quibus
1593 1623 1719 1681 illae
1783 1626 1929 1681 sunt
1988 1622 2316 1694 obnoxiae;
2366 1629 2428 1681 et
2488 1622 2655 1680 circa
2719 1621 3018 1681 alimenta
3079 1641 3163 1687 ac.
3220 1621 3683 1684 medicamenta

278 1701 508 1779 quibus
551 1703 809 1765 morbus
851 1703 1279 1782 propulsatur,
1327 1709 1388 1762 et
1430 1702 1667 1762 sanitas
1711 1702 1807 1762 vel
1854 1707 2263 1761 conservatur
2316 1701 2621 1779 acquisita
2682 1702 2779 1761 vel
2841 1702 3072 1782 amissa
3124 1709 3478 1781 reparatur,
3549 1711 3684 1764 tota

277 1787 371 1843 est
414 1781 694 1861 physica.
744 1783 867 1843 Sed
911 1781 1025 1844 nec
1068 1784 1150 1843 ad
1184 1782 1751 1862 jurisprudentiam
1800 1800 2057 1860 prorsus
2096 1782 2492 1842 infructuosa
2534 1790 2629 1841 est
2672 1781 2950 1859 physicae
2995 1784 3293 1860 cognitio.
3358 1786 3515 1843 Nam
3572 1785 3677 1859 jus

278 1867 520 1922 natura;
563 1880 786 1923 norma
841 1869 904 1924 et
946 1881 1241 1924 mensura
1281 1870 1375 1923 est
1408 1863 1571 1941 juris
1612 1862 1833 1938 civilis,
1880 1868 2036 1922 adeo
2084 1868 2152 1921 ut
2206 1862 2325 1921 nisi
2380 1880 2521 1921 cum
2568 1863 2703 1939 lege
2762 1868 3023 1936 naturae,
3090 1881 3229 1923 cum
3277 1864 3514 1924 notitiis
3558 1864 3677 1924 hu—

278 1959 485 2023 manas
530 1943 727 2003 menti
769 1945 833 2002 in
881 1944 1086 2022 prima
1127 1944 1441 2012 creatione
1483 1943 1683 2003 insitis
1726 1948 1787 2002 et
1830 1943 2038 2002 adhuc
2081 1943 2339 2020 reliquis
2389 1942 2734 2023 jusicivile
2797 1943 3167 2016 consentiat,
3241 1963 3368 2003 non
3410 1945 3684 2023 amplius

271 2021 440 2103 juris,
474 2021 967 2103 appellationem
1012 2030 1285 2096 tueatur,
1332 2024 1440 2085 sed
1482 2023 1728 2101 injuriae
1773 2023 2060 2102 accipiat.
2112 2025 2185 2082 Et
2228 2041 2385 2103 cum
2414 2022 2534 2081 sibi
2579 2023 2698 2081 hoc
2745 2023 3133 2102 propositum
3198 2023 3430 2084 habeat
3480 2021 3677 2102 juris-

284 2102 621 2182 prudentia
658 2109 730 2163 ut
770 2104 1016 2164 civilem
1052 2103 1363 2180 justitiam
1406 2105 1569 2164 inter
1610 2103 1898 2163 homines
1942 2110 2283 2175 conservet,
2344 2102 2473 2163 sine
2532 2122 2660 2179 qua
2720 2103 2894 2162 nulla
2950 2110 3154 2181 potest
3209 2105 3545 2165 consistere
3588 2124 3680 2166 so-

283 2183 512 2243 cietas:
561 2184 865 2262 majorem
910 2185 1192 2262 profecto
1227 2183 1487 2262 justitite
1530 2202 1788 2262 operam
1833 2182 2094 2243 navabit
2133 2184 2208 2255 is,
2255 2183 2364 2261 qui
2406 2182 2899 2261 pulcherrimum
2941 2184 3136 2262 ipsius
3174 2183 3382 2245 ideam
3439 2185 3505 2245 in
3566 2203 3679 2245 na-

282 2270 428 2324 tura
467 2281 721 2342 quoque
761 2265 1143 2342 inspexerit;
1191 2264 1426 2343 quique
1467 2265 1678 2324 animo
1722 2282 1835 2324 suo
1880 2264 2299 2342 perpenderit,
2349 2282 2540 2341 quam
2584 2264 2799 2323 omnia
2842 2270 3083 2324 naturae
3128 2283 3322 2343 opera
3381 2284 3494 2325 suo
3540 2284 3680 2325 mu-

282 2361 432 2405 nere
474 2343 948 2423 diligentissime
990 2346 1375 2423 fungantur;
1424 2344 1666 2404 nullam
1707 2344 1828 2403 sibi
1873 2350 2090 2405 mutuo
2134 2344 2431 2420 injuriam
2490 2344 2785 2417 inferant,
2856 2344 2961 2404 sed
3022 2345 3228 2422 potius
3287 2344 3673 2417 inserviant;

281 2423 608 2503 superiora
648 2424 1050 2485 inferioribus
1093 2444 1271 2486 suam
1315 2426 1608 2485 virtutem
1650 2425 2036 2502 impertiant,
2082 2424 2382 2484 inferiora
2424 2424 2738 2502 accipiant
2788 2429 2851 2483 et
2911 2424 3178 2484 vicissim
3249 2426 3679 2503 superioribus

281 2503 621 2578 obediant;
668 2504 954 2583 adeoque
996 2506 1209 2566 omnia
1251 2505 1384 2565 sine
1425 2504 1682 2565 dissidio
1725 2504 2097 2564 suavissima
2155 2505 2512 2577 concordia,
2578 2522 2725 2563 suas
2787 2505 3184 2582 operationes
3242 2524 3315 2565 eo
3376 2507 3674 2578 referant,

280 2602 358 2644 ne
403 2583 555 2662 quid
598 2585 1020 2646 universitatis
1064 2585 1414 2665 respublica
1455 2585 1819 2646 detrimenti
1860 2586 2088 2663 capiat,
2140 2585 2249 2645 sed
2293 2584 2502 2662 potius
2552 2583 2858 2644 inviolata
2915 2592 2979 2645 et
3039 2586 3467 2647 illabefactata
3525 2604 3678 2647 con-

280 2670 584 2725 servetur.

358 2744 529 2824 Quid
560 2762 708 2805 vero
747 2744 878 2822 jam
923 2744 1001 2805 de
1044 2744 1365 2822 theologia
1407 2744 1662 2806 dicam?
1705 2746 1925 2804 Nonne
1967 2744 2241 2820 cognitio
2286 2748 2363 2824 et
2390 2742 2808 2824 consideratio
2851 2748 3094 2803 natura}
3138 2744 3220 2805 ad
3280 2745 3391 2805 Dei
3454 2745 3679 2824 optimi

279 2823 540 2884 maximi
584 2830 655 2884 ut
695 2842 899 2885 causae
942 2825 1165 2904 primas
1234 2832 1297 2885 et
1339 2825 1639 2905 principis
1682 2824 2101 2901 cognitionem
2145 2823 2437 2895 adducit;
2486 2823 2653 2901 quod
2699 2824 2994 2883 nimirum
3054 2843 3197 2885 eum
3241 2843 3367 2884 non
3429 2823 3675 2886 tantum

284 2909 583 2965 aeternam
630 2911 928 2977 mentem,
975 2924 1117 2984 qum
1161 2911 1307 2966 ante
1350 2924 1449 2966 res
1517 2906 1672 2966 alias
1718 2905 2037 2985 naturales
2094 2905 2278 2964 fuerit
2336 2922 2555 2985 omnes
2596 2921 2639 2985 ;7
2672 2905 2780 2964 sed
2842 2906 3031 2964 etiam
3068 2905 3459 2983 ,simplicem,
3534 2925 3675 2985 quae

280 2985 1003 3064 omniscompositionis
1059 2991 1122 3045 et
1176 2985 1603 3046 dissolutionis
1663 3004 1885 3062 expers
1944 2984 2066 3054 sit;
2131 2985 2237 3044 sed
2310 2985 2496 3043 etiam
2540 2983 2880 3055 inﬁnitam,
2944 3003 3086 3062 qua:
3157 3004 3271 3045 sua
3339 2983 3669 3064 sapientia,

325 3063 588 3138 otentia,
635 3065 917 3125 bonitate
961 3065 1326 3144 cz-zeterisque
1387 3065 1917 3126 immensitatibus
1985 3066 2199 3125 omnia
2271 3064 2467 3137 ﬁniat,
2516 3070 2578 3124 et
2620 3082 2657 3123 a
2724 3065 2898 3125 nullo
2955 3066 3210 3126 ﬁniatur
3258 3083 3272 3137 ;
3337 3067 3445 3125 sed
3486 3067 3675 3127 etiam

331 3144 546 3205 umani
588 3146 835 3223 generis
879 3146 1373 3206 amantissimam
1420 3164 1552 3206 esse
1594 3151 1901 3224 oporteat,
1952 3145 2129 3223 cujus
2172 3145 2374 3222 gratia
2442 3144 2667 3203 omnia
2723 3145 2870 3215 alia,
2941 3145 3145 3223 ipsum
3215 3164 3365 3206 vero
3433 3147 3511 3205 ad
3584 3147 3680 3207 sui

281 3224 707 3303 cognitionem
747 3231 813 3287 et
861 3225 1258 3287 dilectionem
1300 3226 1706 3287 condiderit?
1769 3228 1948 3285 Certe
1989 3226 2293 3302 Epicurus
2364 3225 2415 3284 si
2474 3225 2757 3285 Ciceroni
2825 3226 3158 3293 credimus.
3218 3226 3339 3287 hac
3407 3226 3679 3288 maxime

282 3305 359 3385 de
402 3323 594 3366 causa
634 3306 700 3365 in
772 3306 931 3367 adeo
974 3312 1168 3367 tetras
1212 3307 1583 3385 opinionum
1627 3305 2047 3366 absurditates
2091 3306 2188 3365 vel
2253 3305 2461 3383 potius
2524 3306 2955 3383 profanitates,
3032 3312 3101 3365 ut
3166 3306 3277 3366 Dei
3343 3307 3675 3384 providen-

280 3384 434 3445 tiam
477 3390 759 3464 negaret,
835 3385 1097 3460 incidit;
1165 3384 1334 3465 quad
1377 3392 1440 3446 et
1500 3386 1965 3446 mathematicas
2008 3392 2071 3446 et
2115 3387 2388 3464 physicae
2457 3385 2716 3463 ignarus
2766 3386 2905 3446 fuit.
2970 3386 3201 3445 Contra
3269 3387 3677 3447 memorabile

277 3472 371 3526 est
413 3466 583 3544 quod
628 3465 990 3527 Aristoteles
1049 3467 1128 3528 de
1186 3467 1499 3527 Heraclito
1570 3467 1782 3538 refert,
1844 3467 2049 3544 ipsum
2123 3465 2466 3543 aliquando
2536 3483 2677 3524 cum
2747 3466 2811 3524 in
2886 3483 3030 3525 casa
3104 3466 3386 3526 fumaria
3454 3468 3680 3527 caloris

278 3546 484 3626 gratia
526 3545 810 3617 sedisset,
857 3547 1102 3625 aliquos
1146 3547 1255 3625 qui
1312 3546 1517 3626 ipsum
1593 3546 1830 3625 alloqui
1899 3550 2250 3617 voluerant,
2315 3545 2420 3605 sed
2484 3551 2696 3605 tamen
2759 3545 3008 3606 reveriti
3079 3546 3499 3607 humilitatem
3557 3547 3680 3608 loci

276 3625 706 3698 constiterant,
752 3626 833 3685 ad
876 3644 943 3687 se
983 3626 1230 3705 ingredi
1266 3626 1524 3703 jussisse
1565 3627 1808 3686 ratione
1857 3626 2069 3685 addita
2105 3644 2119 3684 :
2165 3626 2470 3696 Quoniam
2518 3644 2596 3684 ne
2639 3625 2785 3684 huic
2830 3644 3080 3704 quoque
3124 3628 3261 3686 loco
3306 3627 3533 3687 desunt
3592 3628 3681 3687 dii

276 3706 691 3768 immortales.
763 3706 898 3777 Quo
939 3726 1091 3768 sane
1136 3706 1577 3785 Philosophus,
1627 3707 1811 3766 unius
1858 3706 1989 3766 veri
2030 3706 2140 3765 Dei
2184 3706 2328 3765 licet
2388 3707 2667 3781 ignarus,
2713 3705 2991 3765 indicare
3061 3707 3279 3777 voluit,
3326 3708 3567 3766 nullum
3613 3709 3679 3767 in

280 3792 415 3846 toto
461 3787 749 3847 universo
794 3805 926 3848 esse
970 3787 1296 3865 angulum,
1342 3787 1407 3845 in
1452 3806 1578 3865 quo
1622 3787 1733 3847 Dei
1775 3791 1908 3863 opt.
1958 3804 2127 3846 max.
2176 3786 2472 3845 bonitatis
2515 3793 2577 3844 et
2646 3787 2941 3863 potentius
2985 3786 3291 3864 impressa
3360 3806 3487 3847 non
3557 3789 3683 3848 sint

281 3866 585 3944 vestigia;
632 3866 876 3927 nullum
950 3886 1082 3927 esse
1126 3868 1449 3946 cespitem,
1494 3868 1558 3926 in
1603 3885 1728 3945 quo
1771 3885 1899 3926 non
1942 3866 2183 3944 aliquid
2230 3866 2587 3925 mirandum
2632 3866 2843 3926 videre
2887 3867 3097 3940 liceat,
3144 3867 3677 3945 quemadmodum

277 3965 432 4008 sane
474 3946 664 4007 etiam
708 3951 937 4008 Aratus
978 3947 1136 4007 dixit
1169 3964 1183 4006 :

1872 4051 1903 4107 J
1909 4050 2033 4107 ovis
2063 4050 2263 4105 omnia
2292 4050 2497 4122 plena;

357 4123 482 4185 Sed
524 4121 756 4186 rectius
798 4128 987 4203 poeta
1027 4123 1416 4185 Christianus
1450 4142 1465 4183 :

1297 4230 1368 4285 Et
1396 4227 1538 4285 levis
1567 4233 1657 4285 est
1685 4246 1886 4302 cespes
1916 4226 2018 4300 qui
2047 4228 2253 4300 probet
2280 4244 2409 4284 esse
2438 4228 2623 4284 Deum
2649 4246 2664 4296 ;

352 4302 433 4361 Et
464 4346 480 4359 θ
1304 4383 1774 4453 Ρτᾶιεθυὶθωειυθ
1804 4380 1974 4436 Deurr

1304 4383 1774 4453 Praesentemque
1804 4380 1989 4436 Deum
2019 4379 2291 4452 quaslibet
2319 4379 2502 4435 herba
2532 4379 2685 4435 facit.

275 4491 586 4553 Nimirum
631 4492 753 4553 hoc
795 4494 1099 4574 estquod
1139 4494 1374 4555 Paulus
1416 4493 1497 4553 ad
1543 4497 1860 4555 Romanos
1900 4493 1967 4574 (I,
2012 4495 2117 4573 20)
2161 4495 2395 4566 scribit,
2441 4513 2518 4555 ex
2562 4497 2878 4557 creatione
2948 4494 3163 4555 mundi
3224 4514 3336 4573 per
3404 4513 3477 4554 ea
3538 4514 3679 4572 qum

274 4574 449 4635 facta
484 4578 657 4654 sunt,
705 4572 1044 4654 invisibilia
1084 4575 1217 4645 Dei,
1290 4574 1487 4652 ipsius
1529 4574 1764 4635 scilicet
1831 4572 2263 4653 simpiternam
2332 4577 2677 4654 potentiam
2749 4582 2811 4635 et
2872 4572 3287 4648 divinitatem,
3360 4575 3680 4634 intellecta

267 4652 583 4732 conspici.
629 4654 707 4713 Et
751 4653 920 4731 quod
954 4654 1046 4733 ad
1113 4657 1475 4732 Lystrenses
1542 4657 1793 4733 inquit:
1861 4658 2056 4715 Deum
2121 4652 2520 4714 etiam'olim
2594 4657 2886 4733 gentibus
2947 4663 3265 4733 expertem
3337 4655 3682 4715 testimonii

274 4752 345 4815 se
388 4751 517 4793 non
562 4733 907 4815 reliquisse,
952 4732 1447 4815 benefacientem
1491 4732 1665 4813 ipsis,
1712 4736 1789 4794 de
1832 4735 1990 4795 coelo
2035 4737 2289 4795 dantem
2344 4732 2613 4813 pluvias
2657 4742 2718 4797 et
2788 4732 3075 4815 tempora
3135 4734 3481 4806 fructifera,
3553 4736 3676 4815 ima

277 4813 561 4893 plentem
604 4812 744 4873 cibo
788 4818 852 4873 et
892 4812 1113 4874 laetitia
1154 4814 1347 4875 corda
1388 4812 1627 4875 eorum.
1681 4816 1858 4885 Quod
1902 4816 1981 4875 ad
2023 4812 2433 4876 Athenienses
2475 4816 2700 4893 inquit,
2748 4812 3054 4876 Bonifatis
3123 4822 3185 4875 et
3225 4815 3526 4893 potentiae
3569 4814 3682 4875 Dei

278 4893 440 4953 adeo
482 4892 673 4971 plena
715 4911 848 4954 esse
891 4893 1123 4965 omnia,
1173 4900 1241 4954 ut
1283 4914 1441 4974 pene
1486 4895 1776 4956 manibus
1818 4896 2191 4955 contrectari
2236 4896 2449 4973 possit,
2502 4892 2609 4973 qui
2680 4896 2866 4955 etiam
2940 4915 3065 4956 non
3137 4892 3324 4973 longe
3395 4895 3559 4955 absit
3600 4895 3682 4955 ab

279 4990 668 5054 unoquoque
712 4978 1024 5046 nostrum,
1071 4981 1142 5034 ut
1182 4974 1245 5034 in
1292 4994 1417 5054 quo
1461 4976 1744 5035 vivamus
1787 4981 1849 5035 et
1890 4994 2259 5036 moveamur
2300 4981 2361 5034 et
2403 4975 2619 5034 simus.
2694 4976 2851 5047 Quid
2886 4974 2917 5032 ?
2985 4976 3156 5054 quod
3226 4974 3363 5035 haec
3433 4981 3679 5035 natura:

275 5053 699 5115 consideratio
746 5072 872 5114 non
917 5059 1163 5113 tantum
1206 5053 1492 5116 notitiam
1540 5057 1648 5114 Dei
1694 5054 1969 5127 exhibet,
2017 5056 2123 5115 sed
2166 5055 2445 5133 ejusdem
2492 5055 2681 5115 etiam
2754 5053 3029 5115 amorem
3101 5056 3376 5116 excitare
3445 5060 3674 5133 potest.

274 5133 428 5205 Quis
478 5133 643 5193 enim
712 5133 779 5193 in
833 5134 1023 5193 talem
1098 5140 1368 5196 mentem
1444 5140 1743 5196 mternam
1815 5135 2365 5214 simplicissimam,
2437 5136 2774 5205 inﬁnitam,
2848 5136 3338 5195 amantissimam
3417 5136 3683 5196 humani

274 5214 545 5292 generis,
592 5213 686 5274 illi
729 5214 1171 5293 praesidentem
1217 5222 1278 5276 et
1322 5216 1756 5294 providentem
1804 5213 2219 5275 non’summo
2265 5218 2500 5275 feratur
2542 5234 2757 5274 amore
2802 5223 2865 5274 et
2933 5217 3241 5276 desiderio
3275 5216 3306 5273 ?
3357 5217 3496 5294 quis
3540 5234 3680 5276 eam

274 5294 662 5373 profanitate
706 5310 953 5354 morum
997 5295 1161 5355 ausit
1202 5296 1576 5357 offendere?
1630 5297 1769 5373 quis
1838 5315 1877 5356 a
1945 5314 2010 5355 se
2075 5295 2435 5355 abalienare
2504 5294 2778 5372 cupiat?
2848 5298 2997 5367 Quae
3054 5303 3268 5356 tamen
3336 5297 3426 5356 ita
3494 5314 3679 5357 nemo

274 5373 822 5452 interpretabitur,
895 5375 1076 5452 quasi
1146 5375 1311 5435 hanc
1379 5376 1663 5436 notitiam
1738 5382 1799 5435 et
1867 5375 2266 5436 dilectionem
2332 5376 2444 5435 Dei
2513 5394 2654 5453 qum
2724 5395 2799 5434 ex
2870 5387 3111 5436 naturze
3181 5376 3681 5437 consideratione

277 5454 521 5536 oboriri
560 5459 770 5536 potest
810 5453 889 5513 ad
932 5455 1201 5536 salutem
1263 5461 1327 5516 et
1367 5456 1560 5516 vitam
1630 5462 1931 5516 aeternam
1968 5458 2499 5536 consequendam
2562 5455 2847 5515 sufﬁcere
2914 5464 3123 5536 putem
3176 5476 3190 5530 ;
3255 5458 3488 5536 quippe
3560 5457 3682 5518 hoc

277 5535 519 5616 saltem
555 5535 677 5616 ﬁne
711 5553 762 5616 _a
804 5553 901 5595 me
971 5534 1083 5616 illa
1125 5542 1738 5616 commemorantur,
1815 5535 1982 5613 quod
2056 5537 2278 5596 notitia
2340 5543 2401 5595 et
2462 5536 2711 5595 dilectio
2778 5534 3055 5598 illa‘Uci
3119 5534 3680 5616 quantulacunque

281 5622 402 5688 est,
447 5614 541 5696 ad_
572 5614 913 5696 salviﬁcam
955 5614 1537 5696 notitiamicollata,
1585 5634 1659 5675 ex
1732 5622 1957 5676 natura
1999 5621 2210 5675 tamen
2254 5616 2471 5675 haberi
2518 5618 2757 5694 possit;
2806 5636 2996 5695 quam
3042 5614 3230 5678 etiam
3302 5618 3410 5696 qui
3481 5614 3681 5694 negli-

285 5696 402 5774 git,
447 5694 549 5756 vel
589 5695 711 5777 hac
752 5694 830 5757 de
872 5713 1062 5777 causa
1103 5695 1272 5775 apud
1313 5699 1507 5757 Deum
1555 5696 1997 5756 inexcusabilis
2056 5697 2283 5757 futuris
2353 5698 2475 5756 sit:
2525 5716 2648 5775 quo
2694 5716 2769 5756 ex
2826 5694 3146 5777 principio
3217 5694 3449 5758 Paulus
3518 5716 3678 5777 quo-

286 5795 414 5857 que
459 5775 801 5838 maximam
846 5775 1174 5854 gentilium
1218 5782 1459 5856 partem
1503 5782 1757 5838 accusat
1798 5782 1861 5839 et
1902 5778 2179 5839 damnat.
2207 5779 2599 5857 Quanquam
2646 5775 2857 5839 autem
2917 5775 3138 5857 ingens
3180 5784 3272 5839 est
3336 5778 3471 5836 haec
3513 5776 3676 5855 phy-
