4108 6434
388 424 536 486 10H
1201 501 1206 510 ι
1636 420 2010 485 NICEPHOF

2173 420 2545 483 LEMMIDE
3636 422 3795 484 1012

387 559 530 619 sica
574 557 834 629 utilitas,
880 553 1152 634 majores
1194 559 1404 616 tamen
1449 556 1528 616 ad
1585 556 1921 633 ipsammet
1963 556 2344 634 theologiam
2391 557 2594 628 aﬂ‘ert,
2654 554 2960 632 siquidem
3004 555 3062 616 ei
3132 573 3197 616 se
3257 560 3330 617 ut
3395 554 3792 617 manifestam

391 638 718 699 humiliter
772 637 1121 708 submittat,
1182 656 1306 696 non
1353 645 1423 696 ut
1473 639 1794 696 dominam
1857 639 2190 715 imperiose
2253 638 2566 714 praferat.
2632 637 2781 707 Quis
2848 637 3014 696 enim
3079 637 3587 715 quamplurimas
3653 656 3797 697 eos-

391 739 514 798 que
555 718 957 777 difficillimos
999 718 1060 776 in
1108 717 1729 798 doctrinaEcclcsia
1753 720 1920 776 locos
1962 719 2094 778 sine
2141 718 2412 796 physica
2457 718 2717 776 scientia
2760 715 3127 792 intelliget?
3169 718 3319 790 Quis
3388 718 3520 777 sine
3563 718 3794 777 anima

394 797 638 868 notitia,
687 817 826 876 qua
875 798 1133 876 physica
1175 805 1286 868 est,
1337 797 1434 856 vel
1477 798 1726 858 docebit
1769 797 1946 868 alios,
1993 800 2090 859 vel
2133 800 2264 876 ipse
2308 799 2572 856 feliciter
2617 798 2915 875 percipiet
2957 798 3307 857 doctrinam
3382 799 3461 858 de
3515 798 3797 875 imagine

391 881 522 947 Dei,
573 879 652 938 ad
696 897 886 956 quam
933 879 1122 942 homo
1168 880 1440 956 primum
1485 879 1602 938 fuit
1641 878 1954 948 conditus,
2000 879 2179 956 cujus
2222 879 2540 956 pracipua
2589 896 2733 956 pars
2777 878 2838 936 in
2884 880 3119 949 anima,
3165 881 3229 937 in
3275 878 3502 938 mentis
3547 878 3793 956 perspi-

394 960 643 1028 cientia,
690 969 752 1018 et
794 959 1137 1018 voluntatis
1180 958 1576 1029 rectitudine,
1625 959 2033 1035 omniumque
2077 958 2412 1018 affectuum
2462 957 2791 1017 harmonia
2834 959 3166 1017 constitit?
3208 958 3357 1028 Quis
3399 958 3619 1020 eodem
3659 977 3796 1016 mo-

396 1040 476 1100 do
520 1041 855 1100 articulum
901 1041 977 1098 de
1023 1047 1279 1116 peccato
1323 1040 1608 1115 originis,
1655 1039 1822 1116 quod
1868 1039 2125 1116 imagini
2169 1039 2261 1098 illi
2315 1039 2422 1098 Dei
2494 1044 2863 1109 concreata,
2942 1039 3096 1116 prob
3165 1039 3393 1098 dolor!
3471 1041 3790 1108 successit,

397 1119 791 1198 eXplicabit?
834 1119 982 1188 Quis
1023 1121 1174 1178 item
1222 1120 1868 1178 controversissimum
1915 1120 1992 1178 de
2037 1119 2232 1178 libero
2279 1119 2559 1186 arbitrio,
2606 1121 2774 1196 quod
2819 1124 2881 1178 et
2921 1119 3128 1197 ipsum
3196 1137 3340 1178 cum
3412 1118 3477 1178 in
3547 1119 3798 1180 ratione

397 1208 532 1260 tum
577 1202 642 1260 in
689 1199 1012 1260 voluntate
1056 1199 1307 1274 residet,
1355 1199 1711 1259 enucleabit
1741 1198 1772 1254 ?
1813 1205 1875 1259 et
1917 1199 2233 1276 quomodo
2276 1199 2432 1258 illud
2477 1218 2514 1258 a
2556 1200 2682 1258 Deo
2751 1199 2987 1257 dictum
3059 1198 3139 1258 ad
3181 1199 3442 1258 Cainum
3478 1216 3492 1258 :
3560 1200 3692 1260 Sub
3738 1206 3802 1260 te

399 1282 516 1342 erit
557 1280 873 1359 appetitus
917 1281 1176 1358 peccati,
1223 1287 1285 1339 et
1329 1285 1395 1339 tu
1439 1279 1860 1339 dominaberis
1903 1280 2017 1350 illi,
2066 1279 2545 1355 intelligendum
2589 1279 2713 1347 sit;
2760 1279 2869 1357 qui
2912 1280 3061 1338 item
3105 1279 3296 1338 etiam
3341 1285 3487 1340 ante
3531 1297 3803 1339 conver-

400 1363 638 1422 sionem
685 1361 873 1419 homo
919 1359 1357 1420 locomotivam
1405 1359 1467 1418 in
1512 1361 1784 1420 externis
1830 1378 2045 1436 regere
2091 1360 2304 1437 possit,
2354 1367 2417 1418 et
2459 1360 2627 1436 quod
2671 1359 2962 1418 voluntas
3024 1377 3150 1419 non
3211 1364 3461 1419 tantum
3527 1359 3802 1429 elicitos,

401 1442 509 1501 sed
553 1448 616 1502 et
657 1441 1001 1520 imparatos
1043 1447 1218 1500 actus
1264 1440 1512 1509 habeat,
1561 1459 1719 1517 quos
1762 1440 2163 1499 inferioribus
2221 1439 2643 1510 facultatibus,
2693 1439 3032 1520 sentienti,
3099 1440 3397 1511 moventi,
3458 1443 3805 1520 appetenti

405 1519 765 1600 pracipiat,’
797 1527 858 1579 et
901 1521 1370 1599 quamplurima
1415 1520 1602 1596 hujus
1644 1521 1889 1595 generis
1933 1521 2113 1580 alia?
2156 1520 2464 1578 Praetereo
2501 1520 2635 1596 jam
2692 1519 2898 1579 locum
2932 1520 3038 1600 ide
3081 1519 3512 1597 contingentia
3581 1527 3644 1580 et
3688 1539 3801 1579 ne-

404 1599 711 1671 cessitate,
759 1602 936 1678 cujus
979 1601 1312 1679 explicatio
1357 1620 1394 1659 a
1437 1600 1721 1660 doctrina
1760 1619 2090 1659 causarum
2136 1601 2519 1659 naturalium
2565 1601 2692 1660 fere
2735 1606 2869 1660 tota
2912 1599 3243 1678 dependet.
3290 1600 3384 1659 Ad
3427 1600 3564 1678 ipsa
3589 1618 3800 1660 sacro-

404 1691 620 1742 sancta
666 1682 884 1753 Biblia,
933 1681 1013 1740 ad
1059 1681 1244 1740 Mosis
1287 1687 1349 1740 et
1391 1681 1864 1759 prophetarum,
1914 1681 1994 1740 ad
2037 1680 2262 1741 Christi
2307 1687 2371 1740 et
2413 1684 2842 1758 apostolorum
2886 1680 3055 1738 dicta
3096 1686 3159 1740 et
3200 1679 3434 1758 scripta
3475 1681 3526 1740 si
3569 1699 3799 1759 perve-

404 1763 703 1824 niendum
755 1763 856 1831 sit,
930 1761 1068 1838 quis
1111 1762 1220 1821 illa
1264 1761 1529 1820 fideliter
1596 1767 1658 1820 et
1725 1761 1920 1820 solide
1989 1760 2504 1838 interpretabitur
2571 1761 2703 1820 sine
2774 1767 3067 1820 accurata
3135 1760 3410 1839 physica
3488 1761 3805 1822 notiitia?

403 1844 566 1914 Quot
594 1843 758 1902 enim
805 1842 1036 1920 passim
1069 1859 1185 1913 res,
1219 1847 1373 1919 quot
1415 1841 2040 1918 similitudines,quot
2084 1842 2494 1918 metaphora,
2527 1847 2683 1918 quot
2724 1840 2863 1900 alia
2908 1839 3167 1919 phrases
3209 1858 3286 1899 ex
3329 1840 3539 1901 media
3575 1848 3810 1902 natura

403 1927 749 2000 desumpta
792 1923 1184 1982 occurrunt?
1229 1922 1542 2000 Imprimis
1585 1939 1730 1980 vero
1774 1922 1838 1980 in
1883 1921 2260 1981 hexaemero
2306 1922 2516 1991 Mosis,
2563 1921 2627 1980 in
2671 1921 2813 1981 Jobi
2859 1920 3308 1999 posterioribus
3349 1920 3681 1999 capitibus,
3729 1922 3802 1980 in

408 2004 692 2082 plurimis
736 2002 1012 2081 psalmis,
1061 2003 1124 2060 in
1170 2002 1542 2068 Proverbiis,
1589 2001 1976 2082 Ecclesiaste,
2027 2002 2280 2062 Cantico
2337 2001 2722 2062 canticorum
2794 2001 3174 2082 Salomonis,
3237 2001 3304 2060 in
3375 2001 3674 2082 Siracide,
3741 2002 3810 2061 in

408 2081 749 2174 sapientia,
777 2084 862 2174 _in
905 2083 1314 2174 Apocalypsi,
1353 2083 1492 2174 quis
1532 2081 1840 2174 inoffenso
1887 2082 2047 2174 pede
2087 2082 2547 2174 progrediatur,
2592 2082 2710 2140 nisi
2757 2081 3138 2174 naturalium
3185 2099 3393 2174 rerum
3425 2081 3620 2174 probe
3664 2082 3806 2174 fue—

409 2161 873 2224 rit’instructus
915 2163 1230 2222 scientia?
1273 2162 1450 2233 Quod
1495 2180 1643 2221 sane
1704 2162 1892 2221 etiam
1957 2168 2196 2222 veteres
2252 2161 2530 2239 theologi
2589 2180 2729 2220 cum
2793 2163 2988 2221 Graci
3047 2168 3178 2220 tum
3250 2161 3456 2222 Latini
3514 2162 3813 2222 conside-

410 2251 642 2312 rantes,
687 2245 968 2304 Justinus
1011 2243 1267 2321 Martyr,
1317 2243 1600 2302 Clemens
1641 2242 2124 2313 Alexandrinus,
2171 2242 2491 2318 Origenes,
2535 2241 2938 2314 Athanasius,
2983 2242 3275 2313 Basilius,
3348 2241 3807 2314 Nazianzenus,

414 2324 746 2402 Gregorius
791 2326 1125 2402 Nyssenus,
1171 2323 1440 2400 Cyrillus
1476 2323 1957 2390 Alexandrinus,
2002 2322 2454 2393 Theodoretus,
2501 2321 2805 2381 Eusebius
2875 2321 3288 2393 Casariensis,
3357 2325 3810 2394 Damascenus,

412 2401 703 2475 Iren’aus,
751 2401 1192 2472 Tertullianus,
1243 2403 1625 2472 Lactantius,
1673 2403 2047 2481 Cyprianus,
2092 2402 2386 2475 Hilarius,
2460 2402 2902 2480 Hieronymus,
2971 2401 3385 2480 Augustinus,
3453 2409 3599 2476 etc.,
3665 2421 3816 2462 cum

412 2485 550 2546 aliis
592 2483 1007 2564 philosophia
1052 2484 1358 2562 partibus,
1404 2490 1538 2542 tum
1582 2483 1768 2543 etiam
1815 2483 2090 2564 physica
2134 2482 2495 2564 diligentem
2539 2500 2797 2561 operam
2860 2483 3329 2562 impenderunt,
3393 2482 3816 2562 quemadmo-

413 2567 564 2626 dum
596 2563 688 2625 ex
729 2583 947 2624 eorum
991 2565 1238 2643 scriptis
1280 2564 1361 2623 ad
1404 2582 1517 2622 nos
1559 2563 1940 2622 transmissis
1982 2563 2193 2622 videre
2241 2563 2403 2622 licet.

496 2649 620 2705 Nec
661 2663 809 2704 vero
853 2650 946 2704 est
990 2652 1059 2704 ut
1100 2642 1412 2704 existimet
1453 2644 1679 2721 aliquis
1724 2650 2057 2721 propterea
2101 2644 2307 2702 minus
2351 2642 2692 2702 curandam
2738 2661 2871 2702 esse
2915 2642 3265 2721 physicam,
3316 2642 3486 2721 quod
3555 2642 3636 2703 ad
3682 2643 3820 2703 elo-

415 2726 737 2805 quentiam
783 2725 897 2805 vel
923 2724 1473 2804 impedimentum,
1519 2724 1901 2805 velinullam
1945 2730 2110 2805 certe
2179 2723 2541 2805 utilitatem!
2577 2723 2821 2782 atl‘erat.
2880 2727 3052 2805 _Nam
3114 2729 3182 2805 et
3250 2723 3513 2805 physica
3554 2723 3819 2805 partim

420 2802 715 2885 magnam
762 2802 1266 2883 copiam—earum
1313 2823 1522 2885 rerum
1539 2804 1770 2885 rotlert,
1818 2803 2152 2885 inquibus
2195 2803 2580 2885 explicandis
2623 2809 2686 2862 et
2728 2802 3191 2885 ampliﬁcandis
3239 2803 3612 2885 eloquentia
3673 2822 3824 2885 suas

422 2883 583 2947 vires
628 2903 936 2957 exserere,
983 2887 1133 2964 quin
1195 2893 1257 2946 et
1326 2904 1364 2944 a
1424 2884 1649 2961 quibus
1707 2885 1770 2943 in
1833 2883 1973 2944 aliis
2018 2884 2293 2943 materiis
2365 2883 2822 2964 exaggerandis
2887 2883 3448 2962 ampliﬁcationum
3520 2883 3824 2962 prasidia

421 2966 697 3027 mutuari
741 2971 947 3045 potest
977 2963 1270 3044 {partim
1317 2983 1462 3024 vero
1507 2965 1844 3024 affectuum
1870 2970 2160 3024 naturam
2233 2964 2504 3045 explicat
2562 2963 2647 3045 in_
2687 2963 2914 3042 quibus
2983 2963 3348 3042 tempestive
3409 2970 3482 3045 et
3531 2964 3825 3045 apposite

418 3043 760 3108 movendis
787 3066 911 3106 non
959 3043 1343 3126 postremum
1389 3045 1761 3126 eloquentia
1805 3046 2083 3126 ofﬁcium
2127 3045 2430 3126 consistit.
2476 3043 2654 3126 Quod
2725 3062 2875 3126 sane
2942 3063 3066 3126 non
3138 3050 3385 3126 tantum
3432 3044 3828 3126 _Aristoteles

421 3128 685 3188 sensisse
735 3123 1042 3203 arguitur,
1087 3145 1227 3186 cum
1273 3127 1334 3184 in
1410 3123 1737 3185 rhetoricis
1796 3125 1978 3184 docet
2036 3124 2354 3202 quomodo
2425 3124 2740 3183 auditores
2801 3124 2881 3183 ad
2939 3124 3123 3196 iram,
3183 3124 3262 3183 ad
3322 3123 3671 3192 lenitatem,
3735 3124 3826 3185 ad

421 3226 725 3280 amorem,
771 3207 848 3267 ad
893 3207 1129 3279 odium,
1179 3205 1256 3266 ad
1303 3211 1561 3276 metum,
1609 3205 1688 3264 ad
1731 3205 2200 3276 conﬁdentiam,
2240 3205 2318 3264 ad
2363 3205 2690 3283 pudorem,
2725 3204 2806 3263 ad
2848 3205 3142 3282 gratiam,
3173 3204 3253 3263 ad
3299 3203 3820 3277 misericordiam,

423 3290 503 3349 ad
546 3287 1071 3364 indignationem,
1117 3287 1196 3346 ad
1241 3287 1564 3357 invidiam,
1613 3286 1692 3344 ad
1740 3286 2227 3354 amulationem,
2275 3285 2664 3353 adducendi;
2713 3291 2774 3344 et
2817 3303 3059 3344 morum
3120 3302 3354 3362 genera
3413 3285 3521 3363 qui
3593 3303 3826 3344 secun-

423 3371 574 3429 dum
619 3369 876 3428 affectus
937 3375 1000 3427 et
1061 3368 1315 3426 habitus
1375 3373 1437 3426 et
1496 3373 1713 3426 atates
1775 3372 1836 3426 et
1899 3369 2180 3425 fortunas
2243 3365 2568 3424 hominum
2636 3365 2900 3430 variant,
2973 3365 3305 3443 diligenter
3380 3365 3832 3444 cognoscenda

423 3450 596 3519 sint;
643 3449 750 3508 sed
794 3449 982 3507 etiam
1029 3449 1208 3509 Plato
1269 3465 1382 3506 suo
1439 3446 1799 3506 testimonio
1860 3447 2252 3524 comprobat,
2319 3464 2459 3505 cum
2532 3444 3116 3520 eloquentissimum
3181 3445 3433 3505 Gracia
3505 3451 3834 3506 oratorem

425 3529 725 3588 Periclem
786 3529 864 3587 ad
908 3528 1140 3604 ingenii
1185 3545 1449 3588 acumen
1497 3547 1622 3586 non
1667 3533 1911 3586 tantum
1956 3525 2466 3586 exercitationem
2511 3525 2877 3597 dialectica,
2924 3526 3030 3584 sed
3101 3525 3291 3584 etiam
3362 3529 3604 3584 natura
3672 3544 3835 3586 con-

424 3609 918 3687 templationem,
968 3609 1068 3667 cui
1113 3608 1537 3667 familiaritate
1582 3608 1778 3667 fretus
1817 3608 2210 3687 Anaxagora
2255 3625 2320 3665 se
2365 3605 3050 3687 tradidit,_adjunxisse
3093 3605 3357 3687 scribit;
3412 3604 3642 3687 quibus
3703 3605 3837 3687 uti-

427 3684 629 3766 que—a
671 3691 856 3748 rebus
895 3695 956 3748 τὸ
990 3691 1296 3768 ὑψηλόνουν
1330 3695 1416 3748 καὶ
1448 3695 1616 3768 πάντῃ
1641 3692 2046 3768 τελεσίουργικὸ

2215 3705 2266 3768 ιο
2308 3693 2422 3757 est,
2455 3685 2707 3768 _mentis
2769 3685 3121 3768 sublimitas
3176 3693 3244 3768 et
3304 3684 3408 3743 vix
3466 3685 3692 3768 efﬁcax
3764 3686 3837 3745 in

430 3769 650 3908 quavis
693 3788 758 3828 re
802 3765 1184 3908 pepgcienda
1228 3765 1682 3847 proﬁciscatur.
1732 3765 2115 3844 Quis'i'gitur
2158 3767 2345 3826 etiam
2395 3765 2472 3825 ad
2517 3766 2941 3844 eloquentiam
3011 3765 3284 3846 physica
3345 3765 3620 3826 studium
3677 3784 3838 3844 pro-

476 3867 608 3908 esse
651 3867 810 3908 nega
857 3868 876 3906 ι
923 3893 934 3904 .
1122 3869 1128 3876 ο

476 3867 608 3909 esse
651 3849 954 3909 negabit?
1122 3869 1128 3876 ο

515 3868 608 3908 sse
651 3868 726 3907 ne
777 3868 952 3908 amt:
1122 3869 1128 3876 “

515 3929 639 3990 Sed
682 3868 870 3988 figem
919 3927 1076 3987 facio
1120 3927 1461 3987 utilitatum
1508 3926 1697 4003 hujus
1739 3927 2012 3987 scientia
2055 3927 2773 3992 commemorandarum,
2809 3925 2872 3984 in
2917 3925 3143 4004 quibus
3186 3924 3446 3985 forsitan
3481 3924 3656 4003 justo
3699 3925 3842 3985 diu-

434 4009 558 4068 tius
625 4009 995 4067 immoratus
1064 4026 1225 4068 sum.
1299 4010 1430 4066 Hoc
1502 4025 1695 4066 unum
1742 4007 1844 4066 hic
1887 4009 2108 4066 saltem
2151 4006 2436 4081 subjicio,
2486 4005 2656 4083 quod
2701 4006 2887 4082 hujus
2948 4005 3221 4066 scientia
3265 4005 3540 4082 cognitio
3582 4024 3710 4066 non
3752 4006 3844 4066 sit

435 4089 522 4149 ita
566 4089 861 4152 difficilis,
910 4089 1058 4165 quin
1108 4089 1186 4145 ab
1229 4088 1727 4146 adolescentibus
1773 4087 2102 4146 mediocris
2146 4087 2378 4163 ingenii
2423 4092 2484 4146 et
2528 4087 2844 4163 profectus
2887 4104 3035 4161 cum,
3072 4087 3280 4145 fructu
3325 4085 3526 4145 audiri
3572 4093 3637 4146 et
3677 4085 3844 4146 disci

439 4171 652 4247 possit.
700 4169 873 4239 Quod
920 4167 1082 4227 enim
1129 4167 1489 4227 Aristoteles
1530 4168 1591 4225 in
1639 4167 1875 4227 Ethicis
1918 4173 2107 4240 negat
2149 4184 2414 4244 puerum
2485 4185 2666 4243 posse
2712 4167 2846 4225 fieri
2907 4166 3261 4247 physicum,
3313 4184 3449 4247 non
3523 4173 3616 4226 est
3675 4166 3840 4225 illud

435 4245 824 4328 simpliciter,
859 4249 962 4307 sed
1010 4266 1149 4306 cum
1198 4255 1368 4306 certa
1411 4247 1808 4306 distinctione
1851 4248 2372 4328 intelligendum;
2402 4265 2547 4328 _non
2594 4247 2759 4323 quod
2809 4245 3545 4328 uni‘versaliaiaxiomata
3585 4251 3652 4306 et
3696 4264 3846 4328 pro-

438 4325 729 4390 nuntiata
773 4330 1034 4406 physica
1077 4346 1299 4404 capere
1383 4346 1509 4386 non
1557 4327 1798 4404 possit;
1846 4328 1952 4386 sed
1999 4327 2168 4404 quod
2214 4326 2628 4401 Singularium
2673 4344 2750 4385 ex
2821 4325 3353 4406 quibusicollecta
3413 4332 3582 4400 sunt,
3656 4326 3842 4386 sufﬁ-

435 4411 700 4472 cientem
747 4405 1247 4468 observationem
1293 4415 1354 4468 et
1396 4407 1846 4484 experientiam
1893 4427 2004 4485 per
2047 4413 2293 4466 atatem
2341 4407 2570 4465 habere
2615 4425 2740 4465 non
2782 4406 2999 4483 possit.
3046 4405 3178 4476 Quo
3241 4406 3367 4466 fere
3411 4407 3601 4465 etiam
3647 4407 3841 4467 modo

435 4490 893 4570 accipiendum,
943 4507 1081 4548 cum
1126 4488 1274 4547 item
1321 4495 1510 4565 negat
1544 4487 1840 4564 juvenem
1887 4489 2187 4570 doctrina
2225 4487 2488 4570 moralis
2551 4487 2953 4570 commodum
3017 4486 3367 4570 auditorem
3412 4504 3585 4570 esse:
3656 4487 3843 4547 nimi-

440 4566 593 4632 rum—
622 4590 748 4631 non
796 4570 915 4630 hoc
959 4587 1166 4638 sensu,
1213 4570 1382 4646 quod
1428 4575 1741 4647 pracepta
1786 4567 2048 4627 moralia
2091 4567 2438 4643 intelligere
2485 4585 2608 4625 non
2659 4566 2891 4647 possit;
2959 4566 3067 4625 sed
3129 4566 3301 4647 quod
3361 4566 3592 4647 partim
3658 4585 3842 4647 mens

439 4652 575 4727 ejus
617 4669 837 4728 expers
880 4651 959 4709 sit
1000 4645 1374 4724 cognitiOnis
1429 4645 1650 4708 rerum
1696 4654 1758 4708 et
1801 4649 2115 4707 actionum
2164 4647 2436 4706 civilium
2483 4648 2560 4706 de
2603 4646 2829 4728 quibus
2873 4651 2939 4728 et
2976 4663 3053 4705 ex
3095 4645 3506 4728 quibus__hac
3556 4646 3842 4726 discipli-

443 4725 524 4792 na
566 4725 893 4811 disputat;
945 4730 1168 4808 partim
1216 4747 1367 4811 vero
1407 4729 1900 4811 appetitus_ejus
1945 4729 2022 4786 ad
2067 4729 2269 4811 omnis
2313 4728 2559 4811 generis
2603 4726 3101 4811 perturbationes
3144 4731 3237 4811 e_t_
3276 4725 3534 4811 allectus
3602 4725 3840 4811 procli-

441 4813 533 4873 vis
575 4806 686 4883 sit,
720 4831 836 4872 nec
878 4806 966 4870 ita
1011 4825 1077 4869 ut
1119 4806 1502 4888 pracipitur,
1548 4809 1860 4885 agendum
1905 4826 2037 4866 esse
2074 4807 2336 4882 judicet.
2382 4808 2752 4884 Quanquam
2799 4826 2874 4864 ne
2918 4807 3038 4888 hoc
3094 4806 3347 4888 quidem
3408 4807 3486 4867 de
3543 4807 3843 4868 omnibus

438 4893 800 4972 juvenibus,
847 4893 954 4952 sed
982 4891 1074 4972 ide
1118 4889 1694 4972 aliquibus__sa|tem
1739 4907 1953 4947 verum
2001 4895 2111 4972 es_t_,
2161 4888 2269 4965 qni
2312 4906 2425 4972 nec
2470 4892 2734 4959 natura,
2783 4887 3358 4972 nec_educati_onis,
3425 4903 3540 4972 nec
3608 4887 3843 4972 divina

447 4966 934 5049 regenerationis
980 4970 1282 5030 beneficio
1328 4968 1614 5029 meliores
1656 4974 2007 5028 evaserunt.
2043 4968 2283 5049 AVerum
2329 4968 2685 5049 enimvero
2729 4985 2870 5025 cum
2915 4966 2978 5025 in
3023 4966 3244 5049 quavis
3287 4971 3439 5049 arte
3476 4971 3547 5049 et
3579 4968 3845 5028 scientia

445 5047 824 5113 ad‘discenda
868 5051 1206 5130 plurimum
1256 5051 1555 5109 momenti
1600 5050 1662 5108 in
1709 5050 1975 5130 doctore»
2007 5047 2085 5130 sit
2128 5049 2448 5130 positum;
2499 5048 2597 5130 in_
2627 5047 2901 5130 physica
2971 5047 3159 5105 etiam
3223 5047 3485 5106 scientia
3514 5047 3844 5130 doctorem

444 5135 726 5192 omnium
771 5127 1047 5209 gentium
1094 5149 1398 5190 consensu
1445 5130 1919 5189 solertissimum
1967 5128 2268 5187 habemus
2311 5127 2748 5198 Aristotelem;
2786 5129 2892 5209 qui
2925 5145 3050 5186 non
3093 5132 3340 5186 tantum
3382 5127 3677 5209 omnibus
3706 5128 3847 5188 aliis

446 5221 591 5272 ante
635 5233 699 5271 se
741 5207 1017 5291 physicis
1062 5213 1169 5288 qui
1215 5211 1440 5289 partim
1489 5211 1874 5289 imperfecte,
1923 5209 2151 5287 partim
2196 5210 2383 5268 etiam
2430 5226 2756 5286 perperam
2821 5207 2926 5291 de
2958 5225 3166 5291 rerum
3241 5207 3638 5291 naturalium
3691 5227 3845 5291 cau-

442 5295 524 5352 sis
568 5286 984 5360 tradiderunt,
1033 5286 1827 5368 quemadmodum—eorum
1875 5286 2116 5350 errores
2159 5291 2390 5367 passim
2438 5292 2714 5357 refutat;
2761 5287 2869 5346 sed
2911 5286 3028 5362 ipsi
3073 5287 3260 5346 etiam
3306 5287 3578 5368 Platoni,
3626 5289 3688 5348 in
3735 5289 3846 5348 Ti-

446 5391 606 5432 mao
650 5372 958 5448 imprimis
1004 5367 1301 5448 pleraque
1324 5372 1810 5431 obscuritatibus
1830 5376 1893 5430 et
1935 5369 2448 5446 ambiguitatibus
2490 5368 2830 5448 involventi
2875 5368 3300 5448 praferendus
3341 5367 3634 5440 videtur;
3698 5387 3846 5429 cum

447 5454 654 5532 quoad
702 5447 1068 5512 methodum
1107 5458 1173 5532 et
1206 5447 1764 5512 demonstrationis
1811 5451 2278 5532 perfectionem,
2326 5456 2458 5508 tum
2493 5467 2652 5532 _vero
2695 5447 2885 5507 etiam
2931 5447 3139 5524 quoad
3168 5448 3658 5532 sententiarum
3732 5468 3844 5532 ac-

446 5527 858 5603 curationem,
909 5530 1352 5610 proprietatem
1399 5539 1461 5590 et
1504 5527 1879 5592 mediocrem
1928 5530 2847 5610 perspicuitatem.Quanquam
2893 5533 3102 5588 autem
3148 5527 3512 5610 Aristoteles
3546 5529 3686 5610 isine
3728 5530 3845 5590 du-

445 5616 549 5675 bio
595 5634 735 5671 cum
784 5615 842 5671 in
891 5608 1029 5670 aliis
1074 5611 1485 5688 philosophia
1534 5613 1836 5684 partibus,
1885 5620 2015 5671 tum
2062 5629 2208 5669 vero
2253 5612 2440 5668 etiam
2486 5611 2546 5666 in
2595 5608 2876 5685 physica,
2925 5627 3115 5685 quam
3163 5608 3374 5667 multis
3418 5609 3592 5668 libris
3637 5628 3845 5688 perse-

451 5707 634 5757 cutus
679 5700 790 5767 est,
839 5709 1104 5771 quorum
1153 5691 1435 5770 plerique
1479 5693 1820 5752 etiamnum
1869 5691 2053 5751 hodie
2097 5696 2365 5771 exstant,
2393 5689 2687 5771 optimus
2731 5689 2950 5771 doctor
2993 5695 3054 5747 et
3098 5689 3415 5771 magister
3451 5696 3544 5749 est
3576 5707 3609 5771 :7
3665 5695 3844 5768 tyro-

457 5795 568 5839 nes
616 5784 827 5838 tamen
863 5768 1060 5853 hujus
1103 5768 1375 5833 scientia
1421 5791 1545 5831 non
1591 5791 1807 5832 omnes
1850 5772 2056 5832 adhuc
2098 5770 2307 5832 idonei
2350 5770 2658 5842 videntur,
2707 5769 2814 5846 qui
2857 5768 2937 5828 ad
2979 5787 3122 5829 eum
3165 5769 3524 5831 immediate
3561 5770 3698 5831 sine
3725 5771 3847 5832 ali-
