4108 6474
349 497 502 562 1013
1011 498 1358 563 ΕΡΙΤΟΜΕ
1401 499 1760 563 PHYSICA.
1808 531 1885 545 —-
1926 499 1971 562 Jl

2135 543 2149 560 .
2195 499 2423 563 WEGE
2435 501 2556 563 LIN
2563 503 2587 564 Ι
2628 502 3076 566 PREFATIO.
3594 504 3752 565 1014

347 652 474 714 qua
515 632 1058 713 compendiosiore
1099 634 1567 707 informatione,
1621 635 1902 712 adeoque
1949 635 2440 696 manuductione
2485 636 2901 713 ablegentur;
2951 655 3092 697 cum
3155 636 3326 715 quod
3382 637 3460 698 de
3525 636 3748 715 aliqui-

346 717 461 776 bus
510 716 693 776 rebus
737 717 959 786 fusius,
1005 734 1195 794 quam
1240 715 1330 774 illi
1374 716 1530 775 bene
1574 734 1797 794 capere
1843 717 2101 792 possint,
2170 718 2464 789 differat;
2515 725 2664 776 tunc
2726 737 2872 777 vero
2937 718 3124 778 etiam
3184 719 3351 795 quod
3424 719 3744 778 nonnullis

343 797 408 855 in
455 795 606 856 locis
650 814 790 877 cum
834 803 1230 877 propterires
1273 797 1463 872 ipsas,
1511 801 1642 855 tum
1690 802 1944 873 propter
1987 798 2236 856 dicendi
2277 816 2474 874 genus
2517 798 2832 857 concisum
2879 806 2940 857 et
2985 798 3395 858 terminorum
3443 818 3743 877 quorum-

345 878 492 936 dam
537 876 950 954 Singularium
994 876 1450 947 difﬁcultatem,
1500 877 1809 954 imprimis
1853 895 1996 936 vero
2041 878 2230 936 etiam
2274 885 2336 936 et
2379 879 2441 935 in
2513 878 3046 938 confutationibus
3119 885 3398 938 veterum
3466 876 3744 957 philoso-

348 961 928 1039 phorumﬂquorum
973 957 1204 1032 scripta
1247 961 1326 1016 ad
1370 974 1480 1015 nos
1524 975 1646 1039 non
1692 964 2134 1039 pervenerunt,
2182 964 2251 1016 ut
2293 958 2517 1017 exinde
2561 959 2636 1017 de
2679 959 2960 1037 ipsorum
3005 959 3408 1037 opinionibus
3454 967 3516 1020 et
3557 979 3744 1039 argu-

348 1038 573 1097 mentis
614 1037 912 1114 liquidius
956 1042 1244 1096 constare
1290 1045 1516 1114 posset,
1567 1037 1888 1114 aliquanto
1934 1037 2012 1096 sit
2055 1037 2403 1097 obscurior.

428 1119 823 1195 Quapropter
851 1118 1103 1178 illorum
1131 1117 1409 1197 studium
1440 1117 1925 1195 improbandum
1957 1117 2202 1177 videtur
2232 1118 2597 1195 neutiquam
2632 1118 2739 1196 qui
2769 1137 2844 1177 ex
2876 1118 3052 1178 libris
3099 1119 3468 1197 Philosophi
3530 1119 3749 1197 physi-

345 1197 433 1256 cis
466 1197 828 1276 perspicuas
857 1197 1160 1276 quasdam
1194 1202 1255 1256 et
1282 1196 1504 1257 breves
1533 1216 1834 1274 synopses
1866 1198 1962 1256 vel
1993 1198 2300 1275 epitomas
2329 1217 2544 1256 eorum
2595 1217 2735 1274 quae
2771 1200 3038 1259 maxime
3087 1196 3439 1260 necessaria
3488 1196 3549 1259 et
3596 1196 3738 1258 cum

344 1278 565 1355 primis
593 1284 740 1337 sunt
768 1278 966 1346 utilia,
1001 1277 1252 1337 resectis
1282 1277 1420 1336 aliis
1453 1277 1888 1336 minutioribus
1918 1283 1980 1337 et
2008 1279 2088 1337 ad
2119 1284 2396 1337 veterum
2427 1278 2922 1338 confutationem
2979 1281 3246 1340 maxime
3277 1280 3736 1357 pertinentibus

343 1359 778 1436 collegerunt:
815 1358 1095 1435 qualium
1126 1358 1315 1417 etiam
1347 1357 1532 1418 hodie
1574 1357 1883 1436 imprimis
1913 1376 2144 1435 magna
2193 1359 2374 1436 copia
2416 1365 2639 1428 exstat,
2691 1365 2752 1418 et
2799 1360 3061 1419 subinde
3109 1362 3188 1419 ad
3243 1379 3379 1419 eam
3431 1379 3734 1420 novarum

342 1456 509 1498 nova
541 1439 610 1498 ﬁt
637 1439 927 1498 accessio.
963 1439 1092 1498 Etsi
1122 1446 1332 1497 autem
1363 1438 1520 1497 nulli
1550 1455 1727 1497 suam
1759 1438 2033 1512 laudem,
2067 1457 2258 1517 quam
2291 1441 2510 1498 merito
2555 1439 2819 1508 obtinet,
2871 1446 3246 1518 praereptam
3294 1441 3459 1510 volo,
3513 1440 3738 1500 eximie

342 1525 557 1600 tamen
591 1519 745 1578 mihi
776 1518 1147 1600 praemultis
1177 1518 1407 1600 aliisin
1442 1519 1559 1578 hoc
1589 1536 1816 1595 genere
1847 1520 2232 1600 compendiis
2258 1520 2503 1600 placuit
2559 1521 2694 1578 hac
2739 1519 3072 1597 Nicephori
3118 1520 3486 1600 Blemmida:
3537 1521 3739 1600 (cujus

343 1597 599 1677 logicum
628 1598 1054 1678 superioribus
1085 1598 1382 1657 nundinis
1414 1599 2037 1659 Francofurtensibus
2066 1599 2131 1658 in
2161 1599 2485 1677 publicum
2517 1601 2715 1678 emisi)
2746 1600 3030 1678 Epitome
3060 1599 3348 1678 Physica,
3403 1597 3552 1659 non'
3581 1597 3735 1660 anti-

343 1679 602 1758 quitatis
633 1684 878 1740 tantum
908 1697 1120 1743 causa.
1164 1679 1273 1739 sed
1302 1679 1611 1756 imprimis
1640 1679 1830 1738 etiam
1880 1687 2136 1757 propter
2182 1698 2280 1738 res
2324 1680 2492 1758 ipsas
2534 1698 2664 1739 non
2715 1685 2960 1740 tantum
3012 1681 3325 1757 physicas,
3379 1682 3487 1741 sed
3544 1682 3733 1742 etiam

346 1759 825 1838 geographicas,
859 1759 1330 1831 astronomicas,
1384 1759 1645 1838 opticas,
1699 1759 2125 1836 astrologicas,
2177 1759 2587 1837 theologicas,
2640 1761 2928 1833 breviter,
2983 1761 3329 1838 perspicue,
3383 1760 3623 1822 erudite
3671 1767 3734 1821 et

345 1857 617 1920 nervoso
638 1840 807 1900 bona
836 1839 1134 1901 methodo
1156 1845 1218 1920 et
1246 1839 1491 1920 dicendi
1521 1857 1748 1917 genere
1778 1840 2035 1918 optimo,
2072 1839 2331 1916 triginta
2360 1847 2421 1900 et
2459 1859 2587 1900 uno
2638 1841 2945 1920 capitibus
2993 1846 3370 1920 petractatas
3395 1859 3409 1913 ;
3461 1860 3730 1920 quorum

346 1861 610 1901 Πθτνοεθ
638 1861 807 1900 00118.
836 1861 1134 1901 memouo
1156 1861 1218 1899 Βῐι
1246 1861 1491 1899 (11061101
1521 1861 1748 1917 genere
1778 1861 2035 1918 opumo,
2072 1861 2331 1916 U‘lglnla
2360 1861 2421 1900 et
2459 1861 2587 1900 1]Πο
2638 1861 2945 1919 οδριιιῡυε
3037 1861 3370 1901 etracmtas
3395 1861 3409 1913 ;
3461 1861 3730 1920 quorum

346 1921 410 1978 1°
441 1920 573 1998 agit
601 1919 696 1999 (ut
724 1921 892 1980 tituli
922 1920 1142 2000 saltem
1174 1919 1565 2000 singulorum
1591 1920 1771 1998 quasi
1799 1920 1865 1978 in
1895 1920 2130 1980 tabella
2159 1921 2432 1981 breviter
2461 1919 2919 1999 proponantur)
2971 1861 3040 1980 ei;
3087 1921 3462 1982 naturalibus
3497 1922 3730 2000 princi-

339 2000 460 2079 piis
506 2009 563 2060 et
604 2001 795 2061 causis
817 2019 843 2076 ,ο
887 2004 950 2060 2°
1006 1999 1094 2060 De
1113 2001 1385 2080 materia,
1410 1999 1610 2079 forma
1656 2008 1715 2080 et
1735 2000 2071 2080 privatione
2092 2021 2114 2068 ;
2143 2002 2207 2058 3°
2249 2001 2338 2060 De
2385 2001 2570 2060 causis
2599 2009 2650 2060 et
2675 2001 2988 2078 effectibus,
3025 2001 3276 2080 itemque
3306 2001 3376 2060 de
3403 1999 3661 2078 fortuna
3687 2009 3748 2060 et

343 2098 484 2140 casu
504 2100 526 2147 ;
555 2083 620 2139 4°
662 2080 752 2141 De
777 2090 942 2140 motu
968 2089 1027 2160 et
1054 2079 1245 2160 quiete
1292 2079 1475 2159 deque
1520 2079 1857 2150 entelec/iia,
1909 2088 1965 2139 et
2011 2100 2074 2139 eo
2127 2081 2286 2159 quod
2326 2081 2612 2158 potentia,
2665 2080 2935 2160 quodque
2981 2091 3144 2142 actus
3171 2079 3260 2139 cst
3286 2101 3309 2146 ,ο
3336 2086 3401 2142 5ο
3429 2080 3643 2140 Adhuc
3673 2081 3744 2140 de

340 2169 590 2242 metuet
612 2161 842 2242 quiete_;
876 2165 956 2242 6°
986 2159 1078 2220 De
1101 2161 1472 2242 generatione
1500 2160 1961 2242 et_corruptione
1980 2179 2004 2235 ,·
2033 2165 2098 2242 7°
2129 2165 2191 2219 et
2217 2162 2281 2218 8°
2311 2161 2401 2221 De
2425 2159 2694 2242 natura}
2724 2163 2788 2220 9°
2821 2159 2908 2221 De
2940 2161 3062 2221 loco
3090 2169 3149 2220 et
3180 2170 3480 2242 tempore;
3521 2162 3622 2219 10°
3651 2161 3742 2220 De

344 2240 580 2321 inﬁnito
603 2238 754 2312 {11°
785 2240 874 2321 De
900 2239 1226 2321 elementis;
1267 2242 1368 2321 12°
1397 2240 1486 2300 De
1530 2238 1789 2321 ﬂammis
1835 2239 2177 2300 ardentibus
2220 2260 2349 2321 quae
2378 2241 2540 2302 circa
2580 2241 2786 2300 caelum
2832 2238 3302 2320 conspiciuntur,
3332 2251 3390 2301 et
3415 2241 3486 2301 de
3514 2244 3734 2321 capris,

341 2319 576 2399 facibus
605 2328 662 2380 et
709 2320 884 2380 stillis
929 2320 1412 2392 discurrentibus,
1466 2327 1535 2379 ut
1567 2320 2011 2398 appellantur;
2062 2323 2164 2381 13°
2216 2319 2302 2381 De
2350 2323 2578 2381 cometis
2628 2331 2686 2380 et
2730 2322 2911 2381 lacteo
2959 2319 3218 2393 circulo;
3255 2325 3356 2380 14°
3387 2321 3474 2381 De
3499 2319 3734 2399 pluvia,

339 2399 655 2480 grandine,
691 2401 844 2472 nive,
878 2420 1013 2459 rore
1041 2409 1094 2459 et
1121 2401 1386 2480 pruina;
1419 2401 1519 2458 15°
1540 2400 1636 2480 De
1662 2399 1922 2478 fontibus
1947 2409 2005 2459 et
2029 2401 2364 2480 [luminibus
2390 2422 2402 2473 ;
2439 2404 2540 2462 16°
2573 2402 2658 2462 De
2685 2403 2879 2473 mari;
2919 2405 3020 2461 17°
3073 2400 3156 2460 De
3187 2403 3370 2460 ventis
3398 2411 3454 2460 et
3480 2400 3726 2480 reliquis

342 2479 676 2562 balatibus;
707 2483 808 2540 18°
836 2479 1133 2562 Deterret?
1157 2490 1339 2562 motu,
1369 2481 1480 2562 19°
1513 2479 1854 2562 De_tonitru
1880 2479 2222 2562 etfulgore,
2278 2482 2545 2562 procella
2591 2491 2647 2541 et
2695 2483 2910 2541 vortice
2955 2491 3008 2540 et
3059 2480 3285 2562 turbine
3331 2489 3410 2562 et_
3432 2479 3687 2562 fulmine
3710 2501 3731 2547 ;

341 2561 447 2618 20°
490 2560 580 2642 De
608 2559 1031 2642 apparentibus
1059 2562 1119 2620 in
1147 2559 1713 2642 ccelopbasmotibus
1742 2581 1768 2642 ,j
1795 2560 2018 2642 21_°_De
2062 2559 2291 2620 balone'
2315 2572 2370 2621 et
2415 2581 2587 2642 prius
2641 2562 2710 2622 de
2740 2563 3002 2633 visione;
3036 2564 3139 2621 22°
3171 2561 3258 2620 De
3286 2559 3480 2636 iride;
3509 2563 3612 2619 23°
3648 2560 3733 2621 De

346 2641 535 2722 virgis
564 2649 617 2700 et
641 2639 950 2722 par/zelus,
985 2640 1234 2722 itemque
1263 2639 1612 2722 déqmetallis
1643 2650 1697 2699 et
1725 2639 2023 2722 fossilibus
2050 2660 2063 2714 ;
2096 2644 2199 2700 24°
2232 2642 2320 2702 De
2350 2639 2510 2714 caelo,
2546 2643 2816 2722 quodque
2862 2645 3113 2701 mundus
3161 2661 3277 2699 non
3323 2643 3397 2700 sit
3442 2651 3730 2722 aeternus:

343 2722 449 2782 25°
480 2720 569 2780 De
595 2719 804 2780 aet/iere
830 2729 887 2780 et
913 2719 1096 2781 stellis
1117 2719 1148 2795 ,ί
1170 2723 1274 2780 26°
1302 2720 1393 2781 De
1417 2720 1571 2794 sole;
1606 2723 1710 2779 27°
1747 2720 1830 2780 De
1864 2721 2004 2780 luna
2023 2741 2049 2795 ;
2075 2724 2181 2779 28°
2211 2722 2300 2782 De
2333 2731 2492 2782 terra
2520 2719 2577 2780 et
2603 2719 2728 2797 eius
2750 2741 2930 2790 zoms,
2963 2722 3229 2800 quodque
3260 2731 3421 2780 terra
3450 2721 3532 2781 ad
3545 2721 3735 2800 spias:-

347 2819 478 2860 ram
506 2801 812 2881 caelestem,
844 2802 990 2881 quin
1020 2809 1078 2860 et
1103 2801 1184 2861 ad
1207 2800 1349 2860 solis
1376 2801 1666 2880 sp/zwram
1693 2801 1887 2881 centri
1909 2803 2195 2860 rationem
2225 2801 2482 2862 obtineat
2507 2824 2520 2875 ;
2556 2805 2660 2861 29°
2697 2802 2780 2861 De
2810 2802 3010 2861 diebus
3037 2811 3092 2860 et
3123 2801 3388 2860 noctibus
3414 2811 3470 2860 et
3485 2810 3740 2881 quatuor

343 2881 491 2940 anni
515 2879 713 2952 horis;
747 2879 970 2941 30°’De
999 2879 1507 2954 habitationibus;
1539 2884 1640 2940 31°
1673 2880 1760 2940 De
1789 2899 1986 2940 vacuo.
2020 2881 2254 2951 Quibus
2305 2883 2594 2941 omnibus
2640 2883 2703 2940 in
2753 2883 2877 2942 ﬁne
2926 2884 3350 2959 fragmentum
3400 2879 3734 2959 exégeseos

346 2961 410 3020 in
444 2961 757 3040 psalmum
787 2966 1077 3022 octavum
1109 2960 1328 3021 eodem
1358 2961 1705 3021 Blemmida
1735 2969 1987 3020 auctore
2017 2963 2277 3021 accessit
2308 2963 2394 3022 ita
2423 2963 2760 3034 eruditum,
2794 2970 2864 3021 ut
2910 2962 3258 3040 optandum
3307 2968 3488 3032 esset,
3536 2968 3734 3020 totam

348 3042 640 3119 exegesin
671 3041 737 3100 in
764 3040 944 3101 illum
975 3041 1310 3120 psalmum,
1346 3042 1443 3101 vel
1475 3041 1660 3100 etiam
1693 3040 1756 3099 in
1791 3047 1989 3100 totum
2021 3043 2408 3120 psalterium,
2453 3043 2504 3101 si
2555 3043 2740 3102 modo
2795 3044 2874 3102 ab
2921 3049 3177 3102 auctore
3227 3041 3550 3100 elaborata
3596 3042 3735 3112 fuit,

350 3121 561 3213 adhuc
590 3121 780 3182 hodie
811 3128 1056 3213 exstare
1089 3120 1219 3213 (a);
1272 3125 1342 3213 ut
1390 3140 1531 3198 quae
1583 3140 1706 3213 non
1756 3121 1970 3213 paucis
2025 3123 2088 3180 in
2140 3122 2581 3213 huncJIibrum
2628 3141 2770 3182 vere
2813 3123 3053 3213 regium
3099 3123 3309 3213 (quem
3353 3129 3573 3213 etego
3617 3122 3740 3213 hoc

352 3202 593 3262 honore
637 3220 768 3280 prae
811 3203 1050 3261 caneris
1086 3201 1220 3279 jam
1265 3201 1491 3279 dignor
1535 3208 1603 3261 ut
1639 3220 1765 3260 non
1810 3208 2054 3260 tantum
2117 3203 2500 3281 objectiones
2544 3223 2618 3262 ex
2661 3222 2735 3263 eo
2780 3206 3025 3281 prolata
3069 3201 3117 3262 ab
3151 3202 3470 3279 discipulis
3511 3201 3733 3260 dissol-

346 3300 515 3352 vam,
561 3285 669 3341 sed
709 3284 897 3342 etiam
941 3282 1221 3359 singulos
1264 3282 1539 3359 psalmos
1583 3281 1875 3342 hebraice
1922 3283 2285 3360 praelegam,
2335 3284 2523 3343 latine
2566 3283 2939 3361 interpreter
2999 3289 3062 3342 et
3131 3282 3359 3360 saepius
3419 3300 3735 3359 gramma-

349 3364 473 3422 tice
515 3362 849 3443 explicem)
887 3362 1354 3422 commentariis
1396 3380 1512 3440 par
1555 3363 1785 3443 futura,
1818 3363 1924 3443 sed
1969 3364 2155 3422 etiam
2200 3363 2476 3443 palmam
2523 3371 2913 3441 praereptura
2943 3364 3243 3423 videatur.

429 3444 736 3502 Caeterum
771 3442 935 3501 hanc
962 3443 1164 3520 ipsam
1197 3443 1511 3520 epitomen
1543 3442 1866 3521 physicam
1890 3441 1953 3500 in
1977 3441 2221 3503 duobus
2255 3444 2690 3521 manuscriptis
2721 3445 3037 3503 codicibus
3069 3441 3464 3501 bibliothecae
3494 3443 3742 3519 Augus-

346 3528 537 3598 tanaa,
572 3523 770 3582 altero
802 3522 1132 3601 perveteri,
1167 3522 1514 3582 recentiore
1545 3523 1742 3582 altero
1774 3523 2017 3599 reperi;
2066 3523 2393 3601 pellectam
2428 3531 2496 3583 ut
2527 3524 2833 3583 eruditam
2865 3530 2928 3583 et
2957 3542 3151 3601 opera
3197 3522 3575 3582 insumenda
3604 3524 3744 3598 dig—

347 3621 516 3676 nam,
554 3603 982 3681 deprehendi;
1015 3603 1149 3682 ipse
1177 3602 1515 3680 descripsi;
1549 3621 1620 3662 ac
1649 3621 1773 3662 non
1835 3609 2080 3662 tantum
2112 3623 2186 3662 ex
2234 3606 2447 3663 Graeca
2478 3605 2763 3663 Latinam
2814 3605 2952 3672 feci,
2989 3605 3096 3662 sed
3124 3605 3312 3662 etiam
3364 3603 3454 3661 ita
3482 3620 3746 3662 conver-

347 3701 482 3742 sam
518 3683 745 3761 partim
780 3683 1232 3760 marginalibus
1263 3683 1426 3742 notis
1456 3682 1536 3742 ad
1565 3683 1959 3743 Aristotelem
1991 3683 2298 3761 imprimis
2328 3690 2388 3742 et
2434 3685 2827 3744 Cleomedem
2862 3685 3141 3762 aliosque
3173 3683 3550 3742 recentiores
3583 3682 3746 3760 phy-

345 3764 507 3822 sicos
537 3769 1011 3824 etastronomos
1066 3763 1543 3834 deducentibus,
1580 3764 1805 3840 partim
1862 3782 2010 3823 vero
2041 3765 2318 3823 cursoria
2374 3765 2640 3824 lectione
2699 3765 2897 3824 multo
2955 3765 3150 3823 fusius
3196 3769 3392 3822 totam
3425 3763 3748 3840 discipulis

348 3843 503 3903 meis
536 3843 866 3922 explicavi.
898 3844 1200 3904 Eamdem
1257 3861 1424 3904 nunc
1453 3862 1530 3903 ex
1583 3843 1918 3903 collatione
1980 3844 2548 3922 manuscriptorum
2606 3845 2890 3904 codicum
2943 3845 3282 3922 perfectam
3341 3850 3404 3903 et
3431 3844 3743 3918 integram

345 3942 489 3983 cum
522 3926 602 3983 ad
630 3924 898 3984 aliorum
933 3924 1251 4000 publicam
1306 3923 1666 3996 utilitatem,
1702 3931 1835 3982 tum
1879 3941 2026 3983 vero
2086 3925 2166 3984 ad
2221 3925 2570 3984 institutam
2603 3943 2744 3983 cum
2798 3925 3120 4002 discipulis
3177 3942 3448 4000 quorum
3478 3923 3746 3983 subinde

347 4004 487 4063 aliis
517 4004 582 4063 in
613 4004 968 4065 academias
997 4004 1463 4064 discedentibus
1489 4003 1636 4062 novi
1681 4005 2046 4084 succedunt,
2080 4005 2391 4081 privatam
2449 4005 2887 4082 repetitionem
2920 4005 3159 4084 primus
3189 4006 3396 4064 Graece
3428 4005 3570 4077 edo,
3602 4021 3740 4062 ver-

344 4085 587 4144 sionem
618 4103 760 4144 cum
792 4086 956 4144 notis
1012 4085 1201 4144 etiam
1260 4084 1457 4152 brevi,
1491 4086 1620 4143 Deo
1668 4083 1948 4164 volente,
1976 4085 2383 4164 irecognitam
2443 4085 2898 4164 publicaturus.
2928 4083 3102 4145 ’Tuae
3133 4103 3303 4158 vero,
3360 4084 3746 4144 nobilissime

343 4172 410 4224 et
440 4165 770 4242 magniﬁce
819 4165 935 4236 vir,
967 4165 1219 4224 domine
1268 4163 1609 4243 plurimum
1664 4163 2056 4233 honorande,
2111 4171 2257 4231 tuae,
2316 4163 2600 4243 inquam,
2651 4165 3135 4242 magniﬁcentia:
3193 4165 3357 4224 hanc
3411 4164 3746 4242 Epitomen

348 4244 674 4323 physicam
728 4245 1028 4317 inscribo,
1089 4263 1215 4305 non
1267 4244 1437 4321 quod
1466 4244 1556 4303 illi
1605 4244 1685 4304 ab
1739 4244 2144 4322 inscriptione
2173 4245 2254 4304 ad
2297 4246 2568 4305 nominis
2619 4248 2970 4305 claritatem
3021 4264 3162 4324 quae
3193 4263 3334 4304 cum
3368 4244 3534 4323 apud
3584 4245 3748 4324 cives

350 4329 615 4397 nostros,
642 4330 777 4385 tum
807 4324 996 4384 etiam
1028 4326 1196 4404 apud
1228 4331 1474 4384 exteros
1503 4329 1597 4405 est
1651 4324 2060 4405 amplissima,
2097 4326 2440 4404 quidquam
2498 4327 2793 4385 accedere
2855 4323 3281 4405 posse’putem
3313 4324 3605 4405 amplius,
3637 4323 3745 4405 sed

348 4405 519 4483 quod
551 4404 779 4484 partim
811 4405 902 4464 illi
927 4403 1288 4483 quaa'etiam
1345 4404 1542 4464 nostri
1571 4405 1818 4482 collegii
1875 4403 2400 4465 administrationi
2428 4413 2673 4483 praeest,
2710 4403 3014 4466 rationem
3063 4407 3337 4484 aliquam
3397 4404 3589 4464 ofﬁcii
3621 4403 3740 4484 mei

347 4483 634 4557 reddere,
668 4485 896 4564 partim
932 4503 1079 4545 vero
1109 4485 1271 4545 libro
1300 4485 1364 4543 in
1397 4484 1716 4565 publicum
1748 4485 2000 4544 exeunti
2029 4486 2465 4546 auctoritatem
2500 4487 2774 4565 aliquam
2807 4483 3345 4564 conciliare,quin
3376 4490 3438 4544 et
3467 4483 3738 4565 patroei-

351 4566 526 4625 nium
559 4563 1135 4644 defensionemque,
1169 4565 1220 4624 si
1247 4565 1550 4645 indigeat,
1582 4563 1923 4642 impetrare
1955 4565 2034 4624 ab
2065 4583 2139 4624 ea
2198 4568 2471 4645 cupiam.
2506 4563 2801 4637 Quamvis
2832 4572 3041 4625 autem
3084 4563 3362 4625 fortassis
3393 4583 3615 4643 parum
3646 4563 3748 4622 de-

348 4664 489 4707 cere
519 4645 835 4705 videbitur
856 4645 1192 4724 aliquibus,
1246 4644 1776 4722 magnificentiam
1810 4652 1981 4705 tuam
2012 4663 2087 4705 ex
2117 4644 2294 4705 curia
2346 4652 2406 4705 et
2435 4647 2572 4705 foro
2626 4647 2689 4706 in
2737 4647 2984 4706 scholas
3015 4646 3441 4723 physicorum,
3475 4650 3538 4703 et
3566 4663 3604 4703 a
3633 4662 3742 4724 ne-

349 4725 537 4805 gotiis
568 4723 1005 4785 consularibus
1035 4727 1112 4785 ad
1139 4725 1484 4784 solitariam
1513 4732 1755 4784 naturae
1787 4726 2380 4804 contemplationem
2433 4745 2716 4796 avocare,
2753 4732 2962 4786 tamen
2996 4733 3056 4784 et
3087 4725 3184 4784 his
3215 4726 3378 4803 quod
3415 4723 3748 4802 responde-

350 4825 454 4867 am
481 4807 545 4865 in
576 4811 874 4884 promptu
905 4812 1017 4866 est.
1082 4808 1238 4864 Nam
1272 4807 1386 4866 etsi
1417 4805 1670 4882 quidem
1731 4805 2195 4879 magniﬁcentia
2253 4812 2363 4865 tua
2419 4824 2630 4866 rerum
2663 4807 2934 4865 civilium
2993 4806 3349 4882 cognitione
3381 4812 3444 4864 et
3472 4810 3746 4863 transac-

351 4887 520 4946 tione
552 4888 824 4946 maxime
853 4903 928 4944 ex
958 4885 1166 4946 ofﬁcio
1195 4890 1502 4962 occupata
1532 4896 1664 4956 est;
1699 4905 1821 4946 non
1855 4899 2064 4945 tamen
2114 4904 2150 4944 a
2182 4894 2424 4945 natura
2452 4887 2836 4964 inspectione
2895 4892 2956 4944 et
2986 4885 3484 4945 consideratione
3515 4885 3745 4943 abhor—

350 4975 479 5038 ret;
519 4984 635 5026 nec
665 4966 821 5026 nihil
851 4965 914 5024 in
946 4984 1020 5025 ea
1049 4966 1302 5044 reperit,
1338 4966 1507 5042 quod
1538 4967 1898 5041 reipublicae
1931 4967 2206 5044 aliquam
2238 4968 2443 5026 ideam
2475 4967 2893 5044 pulcherrime
2923 4971 3351 5042 repraesentet.
3383 4966 3537 5025 Cum
3571 4964 3738 5023 enim

263 5071 268 5081 ·
351 5065 621 5124 corpora
650 5047 929 5106 coelestia
958 5052 1085 5105 tam
1116 5045 1304 5104 variis
1333 5046 1584 5123 quidem
1618 5046 1914 5114 motibus,
1949 5049 2057 5105 sed
2089 5053 2299 5105 tamen
2331 5048 2461 5104 sine
2491 5047 2744 5105 dissidio
2778 5046 3027 5123 egregie
3056 5045 3560 5124 conspirantibus
3589 5062 3740 5124 con-

351 5123 718 5198 vertantur;
753 5126 936 5186 docet
964 5126 1084 5185 hoc
1113 5132 1301 5198 certe,
1335 5126 1499 5185 inter
1523 5126 1687 5185 cives
1716 5145 1990 5204 quoque,
2024 5127 2089 5185 in
2139 5127 2460 5204 republica
2493 5128 2648 5186 bene
2679 5128 3040 5196 constituta,
3074 5128 3190 5185 etsi
3216 5123 3468 5185 istudiis
3500 5126 3626 5184 sint
3654 5123 3746 5182 di-

351 5207 713 5279 versissimi,
746 5205 1146 5266 concordiam
1178 5212 1401 5266 caetero
1423 5206 1532 5284 qui
1562 5224 1694 5266 esse
1723 5207 1972 5266 debere.
2003 5207 2141 5266 Jam
2178 5225 2321 5267 vero
2353 5225 2493 5266 cum
2529 5225 2653 5266 non
2686 5211 2936 5265 tantum
2968 5207 3245 5266 coelestia
3274 5224 3542 5285 corpora
3570 5209 3749 5264 tanto

348 5287 686 5348 intervallo
708 5286 923 5346 dissita
953 5286 1275 5345 elementis
1305 5292 1368 5345 et
1397 5305 1538 5365 quae
1570 5305 1648 5346 ex
1676 5286 1826 5364 ipsis
1884 5293 2196 5357 constant,
2233 5305 2410 5346 suam
2442 5305 2584 5344 cum
2639 5286 2903 5364 imperio
2936 5285 3058 5344 vim
3090 5291 3152 5345 et
3179 5286 3479 5348 virtutem
3526 5286 3755 5362 imper-

350 5369 548 5440 tiant;
579 5367 686 5426 sed
719 5367 856 5426 haec
885 5366 965 5426 ab
995 5366 1118 5425 illis
1147 5372 1327 5443 grate
1357 5373 1418 5425 et
1439 5367 1571 5425 sine
1623 5367 1960 5426 rebellione
2019 5366 2360 5445 accipiant;
2396 5367 2622 5425 iterum
2657 5366 2776 5426 hoc
2837 5367 3238 5443 magistratus
3267 5372 3330 5426 et
3359 5365 3754 5426 subditorum

351 5448 662 5519 ordinem,
697 5453 760 5507 et
786 5446 954 5506 illius
983 5446 1045 5504 in
1081 5447 1192 5506 hos
1244 5446 1604 5525 imperium,
1642 5446 1994 5524 horumque
2023 5464 2172 5522 erga
2201 5446 2343 5505 illos
2399 5465 2540 5506 cum
2601 5447 2988 5524 subjectione
3028 5446 3448 5506 obedientiam
3481 5446 3660 5524 quasi
3687 5446 3754 5503 in

347 5528 734 5589 lucidissimo
763 5527 1017 5605 speculo
1048 5526 1364 5606 proponit.
1401 5529 1488 5586 Ac
1519 5545 1659 5586 cum
1692 5527 1963 5604 denique
2024 5545 2120 5586 res
2151 5528 2469 5586 naturales
2524 5527 2588 5584 in
2619 5526 2739 5587 hoc
2786 5527 3081 5587 inferiore
3117 5528 3350 5587 mundo
3380 5528 3535 5586 alias
3566 5544 3756 5603 gene-

351 5609 502 5684 rari,
536 5607 694 5669 alias
725 5607 1063 5686 corrumpi,
1100 5607 1256 5667 alias
1286 5608 1526 5684 augeri,
1560 5607 1714 5666 alias
1744 5607 1962 5677 minui,
2000 5607 2156 5665 alias
2205 5607 2373 5666 varie
2405 5607 2682 5679 alterari,
2716 5608 2870 5666 alias
2927 5609 3116 5667 etiam
3173 5609 3515 5667 secundum
3551 5609 3754 5665 locum

353 5689 587 5750 mutari
613 5688 977 5760 videamus;
1013 5687 1153 5767 quis
1181 5687 1437 5764 negabit
1467 5687 1585 5747 hoc
1615 5687 2139 5765 signiﬁcationem
2172 5686 2406 5746 habere
2438 5706 2644 5746 rerum
2705 5690 2891 5748 etiam
2929 5688 3349 5748 humanarum
3380 5685 3757 5747 vicissitudi-

416 5831 498 5895 (α)
525 5831 710 5881 Exstat
738 5830 795 5878 in
821 5827 976 5880 codd.
1008 5829 1094 5878 Gr.
1121 5828 1254 5892 Reg.
1287 5828 1474 5890 Paris.,
1505 5827 1648 5878 unde
1679 5841 1795 5879 eam
1825 5827 2228 5880 describendam
2259 5830 2582 5880 curavimus.
2611 5831 2753 5880 Enn.
