4108 6484
389 407 566 470 1015.
1655 407 2011 469 NICEPHO]

2161 407 2560 469 lLEMMIDIE
3634 407 3783 470 1016

393 542 491 601 nis
517 559 530 613 ;
557 539 880 622 quodnon
912 543 1157 600 tantum
1182 558 1298 620 pro
1323 558 1389 602 re
1421 545 1594 613 nata,
1627 559 1740 620 pro
1773 540 2054 602 moribus
2083 540 2338 611 civium,
2372 559 2486 619 pro
2543 541 2876 602 commodo
2894 539 3292 622 reipublicae,
3317 558 3432 619 pro
3461 539 3652 622 variis
3677 540 3783 622 cir-

396 621 811 690 cumstantiis,
845 621 1013 698 leges
1043 626 1105 679 et
1156 621 1639 682 consuetudines
1686 622 1874 681 modo
1923 622 2330 698 abrogandae,
2357 622 2543 682 modo
2588 621 2966 682 renovanda:
3005 620 3212 682 'modo
3275 620 3590 680 mutanda:
3646 621 3782 692 sint,

394 702 503 761 sed
533 701 703 779 quod
732 701 920 760 etiam
952 701 1114 760 inter
1141 701 1312 779 ipsos
1340 703 1503 762 cives
1533 703 1640 761 alii
1671 709 1928 780 propter
1957 703 2251 762 virtutem
2281 709 2343 761 et
2373 721 2470 761 res
2503 703 2801 780 praaclare
2850 709 3056 780 gestas
3081 702 3160 762 ad
3192 701 3466 762 honores
3495 711 3560 761 et
3589 701 3781 778 digni-

393 787 556 842 tates
586 781 1016 859 promovendi,
1053 781 1160 862 alii
1191 790 1447 860 propter
1471 782 1938 862 improbitatem
1981 783 2284 861 puniendi
2314 788 2376 842 et
2421 783 2701 844 abscindi
2734 789 3115 858 mereantur,
3148 782 3344 842 veluti
3370 781 3787 842 carcinomata

399 869 463 923 et
492 867 718 940 pestes,
753 879 830 920 ne
862 861 1263 922 sinceriorem
1313 862 1672 940 reipublicae
1707 870 1947 941 partem
2007 863 2308 936 inficiant,
2343 862 2594 922 delendi
2625 863 2770 924 sint.
2807 863 2973 923 Nihil
2995 863 3132 941 jam
3160 862 3365 922 dicam
3397 863 3476 922 de
3499 879 3598 933 eo,
3628 863 3785 940 quod

397 942 586 1003 etiam
609 942 796 1002 bruta
827 941 1126 1001 animalia
1173 943 1440 1002 civitatis
1471 943 1754 1003 ordinem
1787 949 2308 1014 commonstrant,
2333 962 2474 1022 quae
2523 951 2587 1003 et
2617 943 2754 1022 ipsa
2782 962 2927 1003 suos
2948 961 3128 1022 reges
3158 949 3220 1004 et
3251 943 3654 1020 magistratus
3681 942 3783 1002 ha-

399 1024 574 1094 bent,
607 1040 765 1100 quos
786 1029 1167 1082 venerantur
1214 1030 1274 1082 et
1304 1023 1662 1094 observant,
1694 1024 1983 1102 interque
2034 1042 2098 1083 se
2128 1023 2346 1083 munia
2375 1031 2436 1082 et
2466 1024 2675 1083 ofﬁcia
2731 1024 3102 1084 mirabiliter
3128 1023 3491 1102 partiuntur
3519 1029 3584 1082 et
3622 1040 3784 1102 exse-

400 1108 722 1181 quuntur;
758 1103 912 1162 utin
935 1102 1181 1180 apibus,
1217 1103 1510 1181 piscibus,
1547 1103 1767 1163 avibus
1822 1101 2034 1164 videre
2062 1103 2230 1164 licet.
2265 1106 2415 1175 Qum
2446 1121 2588 1162 cum
2636 1104 2726 1164 ita
2754 1123 2818 1164 se
2873 1101 3170 1174 habeant,
3201 1103 3487 1182 adeoque
3518 1101 3704 1162 etiam
3730 1101 3784 1161 in

399 1188 626 1243 natura
654 1185 820 1263 Deus
847 1183 1122 1260 optimus
1154 1183 1464 1243 maximus
1495 1184 1998 1243 venustissimam
2044 1184 2403 1263 reipublice
2434 1183 2640 1244 ideam
2699 1183 3076 1263 depinxerit,
3111 1181 3586 1262 inscriptionem
3619 1181 3790 1263 hujus

401 1263 720 1342 Epitomes
751 1262 1027 1342 physicas
1060 1263 1589 1340 magniﬁcentiam
1621 1271 1794 1323 tuam
1829 1264 2088 1324 minime
2139 1262 2446 1325 dedecere
2492 1262 2800 1325 arbitror.
2823 1265 2984 1336 Quin
3015 1264 3225 1342 potius
3279 1281 3422 1323 cum
3454 1263 3666 1323 omnia
3692 1262 3786 1323 Ni-

401 1343 660 1422 cephori
691 1344 1056 1403 Blemmidae
1083 1349 1318 1422 scripta
1343 1345 1575 1404 Joanni
1604 1347 1814 1413 Ducas,
1848 1345 2099 1404 Nicasno
2131 1347 2489 1406 Grascorum
2548 1345 2935 1421 imperatori,
2968 1351 3116 1405 ante
3146 1363 3346 1404 annos
3376 1349 3688 1404 trecentos
3715 1361 3794 1402 se-

403 1424 743 1502 ptuaginta
771 1442 1176 1502 summopere
1224 1425 1598 1502 placuerint,
1634 1443 1745 1484 nec
1801 1425 1918 1484 hoc
1947 1425 2115 1484 illius
2171 1425 2540 1504 opusculum
2593 1425 2945 1503 physicum,
2982 1443 3123 1485 mea
3175 1443 3371 1504 opera
3397 1429 3464 1484 et
3483 1423 3688 1483 studio
3715 1423 3793 1504 sic

403 1444 743 1502 ptuaginta
771 1444 1176 1502 summopere
1224 1444 1598 1502 placuerint,
1634 1444 1745 1484 nec
1801 1444 1918 1484 noc
1947 1444 2115 1484 unus
2171 1444 2208 1485 ο
2259 1444 2540 1484 uscuium
2593 1444 2945 1503 pnysicum,
2982 1444 3123 1485 mea
3175 1444 3371 1504 opera
3397 1444 3464 1484 et
3483 1444 3688 1483 studio
3715 1444 3788 1482 sic

402 1505 804 1584 adornatum,
837 1507 988 1564 Tum
1013 1505 1496 1581 magnificentiae
1526 1504 1988 1583 displiciturum
2037 1444 2345 1584 speraio:
2381 1523 2572 1583 quam
2625 1506 2876 1566 interim
2910 1512 3153 1566 naturas
3181 1504 3447 1576 auctori,
3480 1503 3788 1573 servatori,

403 1583 810 1657 moderatori,
841 1585 1125 1665 adeoque
1159 1592 1401 1644 naturas
1432 1588 1560 1646 Deo
1593 1585 2052 1664 potentissimo,
2083 1586 2256 1646 Patri
2298 1585 2547 1646 Domini
2580 1586 2777 1646 nostri
2796 1587 2946 1649 Jesu
2973 1585 3198 1646 Christi
3223 1586 3290 1646 in
3337 1584 3561 1665 spiritu
3593 1590 3792 1644 sancto

401 1665 564 1726 votis
592 1665 782 1725 etiam
816 1664 970 1725 meis
995 1665 1395 1737 commendo,

509 1796 713 1851 Datum
734 1800 999 1866 Auguste:
1029 1797 1457 1854 Vindelicorum
1489 1797 1546 1852 in
1577 1797 1838 1869 collegio,
1863 1799 1928 1852 21
1963 1798 2216 1868 Augusti,
2246 1811 2399 1855 anno
2429 1796 2626 1853 salutis
2656 1797 2814 1852 1605.

755 1926 1194 1999 Magniﬁcentiaa
1225 1933 1336 1982 tuas
1364 1926 1918 1995 observantissimus,
2594 1927 2668 1981 ll.
2706 1927 2792 1982 Jo.
2823 1925 3190 1991 Waoauuus,

2709 2014 2934 2086 collegii
2962 2016 3268 2087 inspector.

1513 2329 1759 2423 CAN
1767 2328 2071 2422 DIDO
2143 2327 2714 2424 LECTORI.

483 2660 725 2716 Duobus
751 2675 894 2714 usus
926 2675 1057 2713 sum
1089 2657 1508 2731 manuscriptis
1537 2658 1836 2714 codicibus
1865 2656 2231 2712 bibliotheca
2279 2657 2622 2730 Augustines
2677 2658 2748 2713 ad
2780 2657 2929 2713 hanc
2969 2655 3248 2729 Epitonen
3281 2656 3610 2729 physicam,
3633 2653 3798 2712 amice

415 2749 616 2814 lector,
649 2765 766 2803 uno
793 2747 1111 2802 vetustiore
1140 2747 1459 2802 recentiore
1489 2746 1692 2801 altero.
1728 2750 1795 2800 Et
1826 2746 2062 2816 quidem
2097 2762 2200 2817 per
2230 2745 2483 2801 mediam
2510 2745 2628 2800 fere
2657 2749 2880 2815 partem
2913 2761 2981 2800 ex
3030 2743 3346 2800 recentiore
3374 2749 3599 2800 textum
3629 2741 3797 2816 primo

409 2837 718 2908 descripsi,
753 2835 1082 2906 veterisque
1128 2835 1451 2889 variantem
1510 2833 1821 2889 lectionem
1867 2833 1926 2888 in
1986 2834 2309 2906 marginem
2343 2834 2536 2904 rejeci.
2593 2834 2702 2890 Sed
2740 2840 3120 2908 posteaquam
3179 2833 3333 2890 inter
3363 2832 3795 2890 describendum

417 2925 798 2982 animadverti
831 2924 1149 2979 recentiore
1181 2924 1378 2980 codice
1409 2926 1657 2978 veterem
1718 2923 1902 2977 multo
1949 2923 2350 2995 perfectiorem
2401 2939 2550 2987 esse,
2601 2928 2802 2995 postea
2831 2923 3028 2996 ipsum
3076 2926 3329 2978 veterem
3364 2920 3796 2978 describendum

417 3015 563 3070 mihi
594 3013 844 3085 sumpsi,
878 3018 934 3068 et
981 3013 1230 3068 recentis
1279 3013 1587 3068 lectionem
1639 3012 1740 3066 ubi
1771 3012 2053 3076 variabat,
2105 3013 2176 3067 ad
2209 3028 2371 3067 oram
2405 3012 2688 3084 marginis
2737 3011 2933 3070 retuli.
2962 3012 3290 3068 Lectionem
3321 3028 3464 3083 ergo
3496 3010 3795 3068 meliorem,

420 3104 540 3160 sive
570 3121 638 3158 ea
664 3104 724 3157 in
757 3101 1040 3175 margine,
1073 3101 1190 3156 sive
1221 3101 1279 3156 in
1311 3107 1472 3156 textu
1503 3101 1846 3172 reperiatur,
1907 3101 2406 3172 quemadmodum
2467 3117 2607 3156 sane
2637 3117 2836 3156 meum
2869 3101 2940 3156 de
2971 3101 3230 3157 variante
3256 3099 3508 3156 lectione
3528 3097 3797 3171 judicium

419 3191 634 3264 saepius
681 3192 899 3246 diserte
943 3189 1216 3258 iudicavi,
1259 3192 1323 3244 In
1379 3189 1566 3260 capite
1612 3190 1702 3256 28,
1736 3205 1869 3261 pag.
1918 3191 2044 3255 282,
2077 3189 2290 3244 defecit
2319 3189 2498 3245 codex
2551 3189 2834 3246 vetustior
2861 3195 2918 3246 et
2965 3188 3173 3246 saltem
3203 3190 3497 3245 recentior
3523 3185 3798 3260 suppetiit,

418 3283 540 3354 qui,
573 3284 638 3335 ut
668 3281 914 3350 dictum,
939 3296 1053 3334 non
1076 3280 1187 3334 fuit
1218 3296 1320 3350 per
1349 3279 1547 3333 omnia
1567 3279 1808 3350 integer.
1843 3278 2094 3349 Ideoque
2113 3278 2290 3333 etiam
2323 3278 2513 3350 magis
2535 3278 2613 3333 ibi
2640 3295 2816 3350 quam
2840 3279 2978 3334 alibi
3001 3296 3105 3351 per
3131 3279 3530 3348 conjecturam
3555 3275 3797 3349 quasdam

421 3369 791 3424 emendanda
835 3367 1109 3424 iudicavi.
1169 3367 1485 3435 Ceteroqui
1511 3382 1647 3422 vero
1705 3372 1951 3438 uterque
2010 3367 2447 3439 manuscriptus
2491 3368 2669 3424 codex
2727 3367 2922 3424 nullas
2980 3367 3094 3423 nisi
3135 3367 3579 3440 punctulorum,
3609 3376 3799 3435 easque

418 3474 570 3528 saepe
603 3457 792 3512 alieno
852 3455 977 3511 loco
1011 3456 1233 3528 positas
1279 3455 1688 3512 distinctiones
1748 3455 1954 3511 habuit
2011 3456 2152 3528 Ego,
2183 3461 2358 3528 prout
2413 3458 2704 3512 sententia
2757 3457 2986 3528 exigere
3015 3455 3162 3511 mihi
3208 3455 3334 3511 visa
3374 3455 3507 3526 fuit,
3539 3455 3642 3510 has
3670 3465 3799 3523 quas

415 3545 602 3611 vides,
637 3544 857 3614 adjeci:
893 3544 953 3598 in
985 3545 1202 3615 quibus
1232 3548 1428 3599 tamen
1482 3544 1655 3598 eliam
1689 3560 2116 3614 nonnunquam
2167 3543 2516 3616 punctulum
2567 3545 2792 3600 inferne
2838 3546 3156 3616 figendum,
3207 3561 3405 3616 supra,
3449 3548 3508 3600 et
3535 3545 3744 3609 contra,
3771 3553 3800 3592 ι

419 3632 811 3704 syllabotheta
837 3632 948 3687 fuit
977 3633 1256 3703 positum.
1291 3633 1451 3698 Quod
1485 3637 1570 3702 tu,
1601 3631 1798 3703 lector,
1824 3633 1950 3704 ipse
1981 3649 2263 3705 agnosces
2294 3638 2351 3687 et
2379 3633 2654 3706 corriges.
2683 3632 2940 3688 Subinde
2960 3632 3134 3688 etiam
3167 3631 3607 3704 parenthesium
3637 3626 3799 3701 signis

423 3721 688 3793 quzedam
722 3720 954 3790 inclusi,
989 3726 1053 3775 ut
1083 3723 1372 3777 sententia
1404 3723 1742 3777 redderetur
1772 3721 2103 3776 dilucidior.
2139 3722 2401 3777 Tandem
2433 3739 2505 3778 ne
2535 3722 2742 3778 Graece
2787 3722 2923 3778 huic
2953 3721 3192 3778 editioni
3223 3721 3551 3794 quidquam
3576 3719 3798 3779 deesset,

423 3809 678 3865 indicem
710 3827 904 3865 rerum
937 3810 1326 3882 insigniorum
1359 3810 1791 3882 alphabeticum
1824 3811 2068 3882 subjeci.
2118 3811 2281 3874 Quod
2314 3827 2512 3867 meum
2543 3813 2828 3878 studium,
2867 3812 3014 3882 equi
3049 3811 3185 3866 boni
3231 3810 3426 3866 facies.
3463 3814 3580 3865 Hoc
3609 3812 3660 3862 te
3687 3810 3797 3860 tan-

424 3903 554 3953 tum
587 3898 780 3952 adhuc
811 3898 958 3954 scire
987 3899 1178 3971 cupio,
1213 3900 1262 3955 si
1323 3900 1574 3966 dubites,
1608 3906 1808 3955 utrum
1863 3900 2052 3971 logica
2083 3917 2259 3972 quam
2309 3900 2710 3972 superioribus
2764 3900 3042 3956 nundinis
3099 3899 3290 3967 emisi,
3323 3903 3380 3954 et
3409 3898 3532 3955 haec
3560 3894 3799 3967 Physica,

428 4003 606 4059 quam
638 4004 793 4042 nunc
824 3988 954 4054 edo,
986 3988 1105 4044 sint
1161 3990 1426 4060 ejusdem
1485 3990 1743 4044 auctoris
1769 4007 1782 4056 ;
1805 3989 2117 4044 indubium
2174 3996 2230 4044 te
2256 4005 2429 4062 posse
2480 3990 2774 4061 judicium
2823 3990 3012 4044 facere
3039 4005 3109 4043 ex
3153 4004 3219 4044 eo
3250 3988 3405 4060 quod
3438 3991 3500 4042 et
3527 3987 3585 4041 in
3617 3982 3802 4055 Logica

428 4076 658 4132 duobus
688 4075 832 4130 locis
863 4076 934 4131 ad
962 4076 1266 4148 Physicam
1301 4077 1449 4131 hanc
1479 4078 1812 4132 remittatur
1833 4078 1930 4149 (a).
1965 4083 2044 4132 Ex
2075 4095 2189 4150 quo
2237 4078 2479 4134 iudubie
2507 4077 2781 4151 colligere
2826 4077 2983 4144 licet,
3013 4077 3278 4147 ejusdem
3310 4075 3567 4134 auctoris
3595 4077 3801 4130 utrum-

429 4180 544 4235 que
573 4164 756 4219 istum
788 4165 990 4218 fretum
1021 4180 1168 4231 esse,
1199 4165 1506 4236 Nicephori
1539 4165 1818 4221 nimirum
1849 4166 2221 4223 Blemmidaa:
2254 4168 2424 4238 cujus
2451 4167 2629 4223 etiam
2664 4183 2878 4222 nomen
2913 4181 3183 4238 expresse
3215 4165 3616 4238 praseriptum
3643 4165 3726 4218 est
3747 4157 3798 4212 in

435 4250 854 4323 manuscriptis
884 4251 1202 4308 codicibus.

503 4342 655 4397 Bene
683 4339 830 4396 vale.

502 4485 580 4556 (α)
611 4484 681 4539 Et
703 4482 764 4538 in
796 4482 1040 4554 Physica
1068 4488 1217 4555 (cap.
1249 4485 1301 4554 4,
1335 4501 1393 4539 n.
1427 4485 1514 4555 12)
1545 4486 1618 4540 ad
1650 4486 1944 4558 Logicam.
1977 4487 2131 4542 Enrr.
2163 4486 2337 4542 Pun.

781 4803 1510 4904 JOANNIS
1571 4803 2447 4906 WEGBLINI
2512 4805 3520 4908 ADGUS‘I‘ANI

1934 5003 2346 5066 PRJEFATIO

1221 5133 1443 5195 Textuz'
1473 5133 1707 5210 Latino,
1743 5136 1904 5216 Aug.
1950 5135 2120 5196 Vind.
2167 5155 2324 5198 anno
2356 5138 2512 5197 1606
2553 5135 2730 5210 edito,
2757 5136 3066 5215 praemissa

523 5386 919 5449 Nobilissimo
951 5395 1013 5451 et
1042 5391 1429 5469 amplissimo
1461 5393 1619 5465 viro,
1653 5393 1911 5456 domino
1942 5395 2299 5457 Leonharto
2348 5395 2594 5457 Pallero
2641 5396 2706 5456 in
2754 5395 3041 5456 Hammel
3087 5400 3152 5456 et
3195 5394 3532 5469 Ainhofen,
3577 5385 3802 5452 domino

443 5487 560 5530 suo
592 5469 934 5553 plurimum
968 5471 1362 5553 honorando,
1394 5473 1660 5534 salutem
1692 5482 1754 5535 et
1782 5477 2049 5553 gratiam
2081 5495 2119 5536 a
2147 5479 2298 5537 Deo.

527 5538 1016 5636 Nobilissimeet
1062 5538 1443 5636 amplissime
1493 5553 1619 5636 Vir,
1671 5538 1920 5615 domine
1971 5557 2311 5636 plurimum
2363 5554 2756 5615 honorande.
2812 5555 2970 5636 Editi
3017 5562 3164 5615 ante
3200 5573 3448 5636 annum
3502 5538 3800 5636 Nicephori

449 5630 813 5714 BlemutillEB
845 5632 1190 5714 Epitomen
1224 5631 1545 5714 physicam
1579 5635 1856 5694 Graecam
1887 5630 2239 5697 ex'duobus
2289 5635 2728 5714 manuscriptis
2774 5635 3092 5696 codicibus
3142 5635 3542 5696 Bibliotheca:
3583 5633 3796 5711 Ausus:

457 5718 619 5772 tana:
669 5712 831 5772 inter
872 5730 936 5772 se
984 5710 1228 5771 collatis
1272 5711 1667 5789 restitutam;
1719 5733 1858 5792 quae
1900 5736 2027 5777 non
2079 5723 2328 5779 tantum
2377 5710 2768 5796 antiquitatis
2812 5717 3038 5796 gratia,
3087 5715 3695 5799 quippelahaustore
3714 5710 3797 5766 βω
