4108 6430
359 427 513 494 1025

1682 422 2031 483 ΕΡΙΤΟΜΕ
2072 422 2442 485 PHYSICA.

3600 429 3755 488 1026

359 559 448 613 καὶ
501 555 696 615 αἴτιον.
754 558 968 627 Ῥητέον
1027 554 1085 610 δὲ
1139 555 1400 631 πρότερον
1457 555 1579 627 περὶ
1631 561 1733 623 τῆς
1786 554 1994 628 ἰσαχῶς

2139 572 2305 611 amen
2328 555 2681 628 principium
2707 556 2861 612 illico
2893 558 3068 612 etiam
3101 574 3279 615 causa
3309 564 3420 614 est.
3456 559 3757 616 Disseren-

359 653 436 720 τῷ
464 647 622 719 αἰτίῳ
651 645 957 722 λεγομένης
1009 647 1210 720 ἀρχῆς.
1247 644 1470 719 Λέγεται
1514 643 1693 697 τοίνυν
1746 643 1890 717 ἀρχὴ
1939 643 2001 696 τὸ

364 735 415 806 ἐξ
446 736 529 808 οὗ,
561 736 635 798 ὡς
666 737 700 804 ἡ
735 734 873 805 ὕλησ
925 734 976 804 ἐξ
1027 734 1088 788 οὗ
1137 734 1369 807 πρώτως
1417 732 1813 808 ἐνυπάρχοντος
1863 732 2002 807 γίνε-

360 825 449 880 ταί
477 846 559 879 τι⁰
611 825 722 878 οἷον
781 821 925 878 λίθοι
981 823 1071 878 καὶ
1113 820 1246 893 ξύλα
1289 820 1463 883 οἰκίας
1494 820 1679 896 ἀρχαί.
1707 821 1778 874 Τὸ
1805 822 1921 874 καθ’
1952 821 2002 892 ὃ,

364 915 439 976 ὡς
470 916 505 983 ἡ
543 915 725 990 μορφὴ
782 902 880 967 καὶ.
927 912 990 966 τὸ
1037 919 1231 988 σχῆμα
1274 912 1364 965 xai
1412 909 1558 972 ὅλως
1613 910 1676 964 τὸ
1733 907 1894 969 εἶδος.
1929 909 2006 964 Τὸ

367 1003 453 1080 ὑφ’
483 1002 567 1072 οὗ,
599 1002 674 1063 ὡς
705 1003 740 1070 ἡ
773 1000 927 1078 φύσις
973 1004 1082 1055 τῶν
1130 1004 1366 1078 φυσικῶν
1416 998 1587 1072 ἀρχὴ,
1619 998 1710 1052 καὶ
1757 1000 1792 1066 ἡ
1840 998 2005 1072 τέχνη

362 1096 471 1146 τῶν
501 1095 802 1166 τεχνητῶν.
835 1089 906 1144 Τὸ
946 1087 1014 1144 δι’
1053 1089 1104 1160 ὃ,
1144 1087 1386 1158 ἤτοιὼοῦ
1432 1083 1589 1141 ἕνεκα
1611 1106 1623 1117 ⁸
1686 1086 1761 1147 ὡς
1792 1088 1827 1154 ἡ
1859 1084 2006 1155 νίκη,

365 1181 512 1256 ἀρχὴ
571 1187 671 1248 τῆς
730 1177 1047 1248 ἀθλήσεως·
1104 1174 1264 1232 ἓνεκα
1314 1177 1417 1251 γὰρ
1475 1182 1574 1244 τῆς
1624 1173 1781 1243 νίκης
1831 1175 2009 1228 τελεῖ-

363 1291 451 1324 ται
481 1272 516 1339 ἡ
545 1267 797 1338 ἄθλησις.
850 1267 1027 1342 Ἀρχὴ
1073 1265 1132 1321 δὲ
1182 1266 1318 1321 κατὰ
1375 1262 1643 1318 Πλάτωνα
1684 1264 1776 1318 καὶ
1825 1263 1888 1316 τὸ
1943 1259 2010 1315 δι’

367 1358 450 1430 οὗ,
499 1357 575 1420 ὡς
621 1357 685 1412 τὸ
729 1351 1000 1432 ὄργανον·
1048 1355 1139 1410 καὶ
1184 1356 1247 1409 τὸ
1295 1354 1431 1431 πρὸς
1485 1354 1534 1424 ὃ,
1596 1353 1672 1414 ὡς
1717 1353 1780 1407 τὸ
1836 1352 2008 1424 παρά-

365 1445 583 1521 δειγμα.
639 1444 913 1506 Ὡσαύτως
970 1442 1027 1502 δὲ
1083 1443 1298 1519 λέγεται
1353 1443 1443 1497 καὶ
1501 1439 1671 1496 αἷίτιον
1733 1442 1796 1495 τὸ
1845 1441 1895 1510 ἐξ
1927 1440 2010 1510 οὗ,

368 1538 481 1591 οἱον
513 1537 576 1591 τὸ
609 1533 793 1590 ὑλικόν
815 1554 827 1566 ·
861 1532 922 1589 δὸ
951 1535 1066 1588 καθ’
1095 1534 1147 1602 ὃ,
1181 1535 1294 1587 οἷον
1323 1533 1387 1586 τὸ
1418 1529 1616 1586 εἰδικόν
1645 1549 1657 1560 ·
1715 1531 1777 1585 τὸ
1811 1531 1895 1606 ὑφ’
1928 1530 2012 1600 οὗ,

370 1628 482 1680 οἷον
511 1626 576 1680 τὸ
604 1623 891 1695 ποιητικόν
921 1643 932 1656 ’
976 1624 1040 1678 τὸ
1073 1620 1140 1677 δι’
1181 1623 1232 1694 ὃ,
1265 1623 1380 1676 οἷον
1428 1622 1490 1675 τὸ
1530 1619 1744 1675 τελικόν
1776 1639 1788 1651 '
1834 1620 1896 1674 τὸ
1945 1617 2013 1673 δι’

369 1717 456 1784 οὗ,
497 1715 612 1769 οἷον
665 1715 729 1768 τὸ
785 1711 1102 1789 όργανικόν·
1156 1713 1217 1765 τὸ
1267 1711 1403 1787 πρὸς
1452 1711 1503 1780 ὃ,
1554 1711 1668 1763 οἷον
1724 1710 1786 1762 τὸ
1841 1729 2013 1780 παρα-

373 1800 745 1878 δειγματικόν.
798 1801 944 1856 Κατὰ
988 1805 1115 1877 γοῦν
1163 1802 1231 1855 τὰ
1276 1803 1499 1854 τοιαῦτα
1551 1803 1648 1853 τοῦ
1707 1797 1880 1852 αἰτίου
1926 1798 2015 1851 καὶ

370 1899 472 1962 τῆς
527 1892 707 1967 ἀρχῆς
785 1891 1177 1964 σημαινόμενα,
1228 1894 1307 1961 τῷ
1359 1888 1453 1960 μὲν
1499 1886 1839 1961 ὑποκειμένῳ
1888 1907 2014 1940 ταυ-

371 1980 462 2034 τόν
497 1981 636 2034 ἐστιν
667 1980 813 2056 ἀρχή
845 1999 904 2033 τε
929 1977 1018 2032 καὶ
1073 1973 1241 2031 αἴτιον
1269 1999 1282 2012 ο
1335 1981 1402 2050 τῇ
1461 1975 1673 2046 ἐπινοίᾳ
1725 1972 1782 2029 δὲ
1832 1971 2015 2052 διαφέ-

375 2089 580 2142 ρουσιν.
614 2069 675 2121 Ἡ
732 2068 824 2140 μὲν
873 2067 978 2141 γὰρ
1025 2065 1172 2141 ἀρχὴ
1231 2064 1518 2119 ἐπινοεῖται
1571 2064 1702 2117 καθὸ
1755 2068 2014 2137 προηγεῖ-

371 2179 457 2213 ται
477 2180 489 2190 ·
520 2158 581 2210 τὸ
608 2153 676 2210 δι’
707 2153 876 2211 αἷίτιον
911 2160 1027 2217 καθ’
1058 2155 1086 2207 ’ὁ
1118 2159 1265 2208 ποιεῖ
1289 2176 1343 2208 τι
1371 2154 1461 2206 καὶ
1491 2151 1749 2207 ἀποτελεῖ
1793 2151 1854 2206 τὸ
1904 2165 2018 2224 μετ’

373 2246 526 2313 αὐτὸ,
567 2241 722 2306 ὄντος
753 2243 842 2298 καὶ
871 2248 968 2297 τοῦ
1001 2242 1176 2298 αἰτίου
1203 2241 1426 2317 δυνάμει
1467 2242 1730 2318 ἀρχικοῦ·
1781 2242 1870 2294 καὶ
1917 2248 2015 2309 τῆς

380 2336 558 2411 ἀρχῆς
583 2331 804 2405 δυνάμει
833 2330 1116 2400 τελεστικῆ
1128 2353 1172 2393 ς.

2112 645 2252 698 dum
2287 649 2480 698 autem
2512 645 2674 716 prius
2704 649 2793 700 est
2840 646 2910 700 de
2960 646 3267 717 principio,
3327 649 3481 719 quod
3515 648 3759 710 totidem

2113 731 2325 798 modis,
2357 734 2510 804 quod
2541 751 2720 788 causa
2749 734 2982 789 dicitur.
3016 734 3375 806 Principium
3396 738 3594 808 itaque
3619 737 3770 793 dici.-'

2112 827 2210 877 tur
2237 822 2297 876 id
2328 839 2396 877 ex
2425 839 2539 892 quo
2592 822 2835 894 [aliquid
2883 829 2974 878 est
2999 824 3035 894 ς]
3095 829 3160 879 ut
3217 827 3506 895 materia;
3548 843 3616 881 ex
3648 843 3764 898 quo

2116 910 2370 981 primum
2418 911 2795 966 inexsistente
2844 912 2909 966 ﬁt
2961 912 3206 983 aliquid,
3267 913 3424 968 velut
3453 914 3678 986 lapides
3709 921 3767 971 et

2115 998 2294 1069 ligna,
2322 999 2532 1054 domus
2572 999 2860 1071 principia
2898 1000 3107 1073 [sunt.]
3148 1002 3213 1056 Id
3236 1004 3561 1058 secundum
3585 1004 3765 1076 quod,

2119 1093 2184 1142 ut
2215 1087 2402 1142 forma
2430 1093 2487 1142 et
2519 1088 2723 1158 ﬁgura,
2757 1093 2812 1144 et
2841 1089 3081 1144 omnino
3113 1090 3355 1161 species.
3393 1093 3454 1146 Id
3480 1109 3514 1146 a
3539 1109 3676 1163 quo,
3704 1097 3770 1148 ut

2120 1181 2352 1241 natura,
2384 1177 2786 1232 naturalium:
2821 1183 2876 1232 et
2935 1171 3357 1246 artiﬁcialium,
3413 1197 3507 1236 ars
3549 1180 3772 1252 princi-

2121 1265 2282 1336 pium
2342 1270 2449 1319 est.
2501 1265 2562 1319 ld
2609 1272 2845 1336 propter
2893 1267 3068 1338 quod,
3116 1283 3219 1322 seu
3264 1268 3434 1338 cujus
3464 1269 3673 1341 gratia,
3707 1274 3772 1325 ut

2120 1352 2378 1420 victoria,
2413 1353 2752 1409 certaminis
2782 1360 2872 1410 est
2918 1355 3270 1427 principium
3299 1375 3312 1424 ;
3357 1357 3652 1428 siquidem
3685 1360 3769 1414 vi-

2122 1442 2312 1497 ctoria
2344 1443 2533 1514 gratia
2560 1449 2855 1498 certamen
2892 1444 3205 1515 perficitur.
3257 1446 3432 1502 Porro
3472 1463 3541 1502 ex
3579 1447 3768 1503 Plato-

2123 1531 2214 1586 nis
2245 1532 2535 1586 sententia
2586 1532 2937 1604 principium
2991 1538 3078 1588 est
3126 1533 3300 1588 etiam
3361 1535 3439 1606 id,
3485 1553 3586 1608 per
3616 1539 3772 1608 quod

2123 1621 2212 1688 [ﬁt
2271 1619 2489 1690 aliquid
2517 1624 2560 1690 ε]
2615 1625 2678 1676 ut
2733 1622 3234 1690 instrumentum;
3295 1623 3366 1678 ad
3423 1625 3598 1696 quod,
3661 1627 3773 1680 ut’

2122 1709 2436 1780 exemplar.
2462 1710 2673 1764 Eodem
2697 1715 2892 1765 autem
2931 1711 3102 1767 modo
3147 1711 3322 1768 etiam
3359 1730 3538 1769 causa
3557 1715 3775 1771 dicitur

2123 1798 2179 1851 id
2218 1814 2286 1852 ex
2317 1815 2453 1868 quo,
2488 1802 2552 1852 ut
2592 1798 2954 1865 materialis;
3019 1799 3072 1853 id
3127 1801 3451 1856 secundum
3499 1804 3676 1873 quod,
3713 1811 3776 1860 ut

2124 1885 2427 1951 formalis;
2463 1887 2520 1940 id
2552 1904 2586 1940 a
2619 1903 2752 1958 quo,
2787 1893 2852 1941 ut
2897 1888 3194 1954 efﬁciens;
3243 1890 3296 1943 id
3330 1895 3565 1962 propter
3595 1892 3771 1963 quod,

2129 1980 2191 2029 ut
2221 1975 2412 2030 ﬁnalis
2446 1993 2460 2041 ;
2513 1975 2568 2030 id
2601 1992 2704 2046 per
2745 1976 2920 2046 quod,
2959 1982 3025 2031 ut
3071 1976 3577 2048 instrumentalis;
3612 1980 3668 2036 id
3701 1981 3774 2036 ad

2128 2064 2296 2134 cujus
2346 2063 2818 2131 similitudinem,
2871 2070 2934 2119 ut
2981 2067 3346 2136 exemplaris.
3371 2067 3566 2130 Quoad
3599 2068 3778 2141 igitur

2129 2152 2419 2221 ejusmodi
2477 2169 2663 2207 causae
2695 2158 2752 2207 et
2803 2154 3072 2225 principii
3132 2155 3480 2225 signiﬁcata,
3514 2157 3776 2228 subjecto

2131 2241 2366 2310 quidem
2409 2257 2590 2294 unum
2620 2241 2894 2312 idemque
2933 2247 3070 2296 sunt
3107 2242 3457 2315 principium
3489 2250 3545 2300 et
3564 2264 3776 2316 causa;

2131 2330 2229 2383 sed
2264 2329 2614 2400 cogitatione
2661 2330 2955 2385 differunt.
3011 2331 3374 2403 Principium
3423 2334 3601 2402 enim,
3631 2353 3775 2408 qua-

377 2431 552 2480 tenus
582 2423 890 2490 antecedit,
923 2426 973 2486 4
1003 2422 1329 2493 cogitatur:
1364 2438 1544 2477 causa
1569 2437 1724 2487 vero,
1759 2424 2048 2492 quatenus
2079 2416 2297 2488 aliquid
2329 2417 2525 2483 efﬁcit,
2575 2423 2634 2473 et
2689 2419 2841 2490 quod
2891 2420 3286 2491 consequitur,
3339 2423 3603 2493 perﬁcit:
3641 2442 3775 2480 cum

379 2513 524 2568 alias
553 2511 813 2585 potentia
839 2515 896 2567 et
920 2527 1100 2567 causa
1130 2510 1422 2582 principii,
1455 2515 1512 2566 et
1541 2509 1894 2582 principium
1928 2507 2188 2580 potentia
2216 2506 2554 2577 perﬁciendi
2583 2511 2640 2562 et
2668 2508 2948 2563 causandi
2981 2508 3096 2563 vim
3128 2508 3361 2565 habeat.

455 2602 521 2676 β’.
552 2604 667 2656 Τῶν
721 2596 765 2654 δ’
795 2597 1260 2673 ἀπηριθμημένων
1319 2598 1503 2652 αἰτίων
1553 2599 1619 2653 τὰ
1671 2599 1764 2672 μὲν
1819 2595 2023 2672 κυρίως

380 2687 526 2745 αἶ’τια
555 2687 772 2763 λέγεται
795 2707 808 2720 ⁶
855 2688 923 2742 τὰ
952 2684 1009 2743 δὲ
1041 2685 1278 2740 συναίτια
1305 2706 1316 2717 ·
1365 2683 1511 2740 αἷίιτια
1547 2687 1663 2760 μὲν,
1693 2686 1755 2740 τὸ
1805 2705 2024 2754 ποιητι-

379 2779 498 2846 κὸν,
546 2779 607 2832 τὸ
651 2775 890 2848 τελικὸν,
942 2776 1006 2830 τὸ
1065 2772 1591 2851 παραδειγματικόν·
1652 2774 1895 2829 συναίτια
1967 2771 2026 2831 δὲ

378 2869 444 2923 τὸ
475 2865 680 2938 ὑλικὸν,
709 2867 773 2920 τὸ
822 2862 1019 2919 είδικὸν
1063 2865 1153 2919 καὶ
1199 2865 1262 2918 τὸ
1314 2862 1614 2940 ὀργανικόν.
1667 2862 1913 2940 Διαφέρει
1969 2860 2027 2916 δὲ

381 2955 586 3033 κυρίως
632 2952 803 3026 αἶ’τιον
847 2953 937 3008 καὶ
982 2953 1243 3008 συναίτιον
1272 2971 1284 2984 ⁸
1343 2951 1405 3007 τὰ
1458 2954 1552 3024 μὲν
1600 2952 1801 3028 κυρίως
1853 2949 2023 3006 αἶ’τιον

381 3050 460 3117 τῷ
490 3045 760 3120 χωριστὸν
812 3043 943 3098 εἶναι
990 3046 1088 3097 τοῦ
1135 3040 1575 3115 ἀποτελουμένου
1622 3041 1713 3096 καὶ
1757 3040 2025 3117 ἐξῃρημέ-

2201 2597 2255 2649 2.
2289 2596 2775 2651 Enumeratarum
2808 2601 3002 2651 autem
3028 2613 3341 2654 causarum
3375 2599 3504 2654 aliae
3533 2602 3777 2674 propria)

2133 2702 2322 2741 causa:
2354 2685 2665 2753 dicuntur;
2728 2684 2855 2741 aliae
2911 2702 3232 2741 concausaa.
3285 2691 3480 2745 Caussa
3538 2691 3778 2762 quidem

2135 2773 2410 2845 [proprie]
2453 2773 2734 2841 efﬁciens,
2767 2773 2982 2845 ﬁnalis,
3042 2774 3426 2848 exemplaris;
3477 2795 3777 2837 concausae

2133 2879 2287 2928 vero,
2321 2861 2661 2932 materialis,
2696 2864 2977 2932 formalis,
3011 2865 3576 2924 etinstrumentalis.
3600 2871 3777 2942 Atqui

2136 2951 2410 3006 differunt
2439 2951 2669 3023 proprie
2719 2969 2896 3008 causa
2947 2956 3004 3008 et
3053 2969 3363 3024 concausa,
3415 2958 3569 3028 quod
3602 2975 3780 3015 causa

2135 3041 2373 3111 quidem
2415 3042 2485 3095 ab
2537 3057 2602 3095 eo
2645 3041 2799 3111 quod
2847 3041 3116 3112 efﬁcitur,
3156 3049 3427 3115 separata
3454 3050 3512 3100 et
3540 3047 3778 3103 omnino

382 3156 473 3189 νον
505 3134 804 3190 παντάπασι
835 3155 846 3166 ·
900 3133 963 3186 τὸ
1014 3129 1071 3186 δὲ
1121 3131 1386 3186 συναίτιον
1411 3130 1462 3186 ἐν
1494 3137 1573 3203 τῷ
1603 3129 2024 3203 ἀποτελουμὲνῳ

2139 3133 2359 3185 secreta
2388 3128 2499 3196 sit;
2551 3145 2841 3186 concausa
2897 3146 3053 3196 vero,
3117 3131 3175 3186 in
3225 3148 3292 3187 eo
3323 3135 3479 3204 quod
3505 3134 3776 3209 efﬁcitur,

383 3221 660 3299 πράγματι
691 3223 1027 3296 θεωρεῖσθαι.

455 3313 526 3388 γ’.
558 3313 709 3367 Ὅθεν
755 3310 1042 3380 ποιητικὸν
1093 3307 1262 3364 αἴτιον
1314 3307 1447 3383 (καί)
1493 3308 1694 3384 κυρίως
1744 3308 1833 3362 καὶ
1878 3310 2029 3382 πρώ-

385 3423 494 3464 τως
526 3402 554 3458 ὁ
586 3400 727 3464 θεῖός
758 3399 868 3454 ἐστι
928 3404 1082 3462 νοῦς·
1137 3398 1226 3453 καὶ
1283 3396 1495 3453 τελικὸν
1528 3401 1563 3468 ἡ
1613 3397 1777 3452 αὐτοῦ
1837 3397 2031 3472 ἀγαθό-

385 3511 512 3561 της,
545 3487 613 3544 δι’
641 3489 706 3558 ἢν
767 3493 937 3543 πᾶσαν
987 3487 1158 3543 κτίσιν
1211 3483 1670 3562 ἐδημιούργησεν,
1695 3485 1787 3541 ’ίνα
1831 3486 2032 3562 γνωρί-

393 3585 547 3649 ζηται
631 3577 719 3633 καὶ
801 3576 1154 3650 κηρύττηται.
1231 3581 1525 3652 Προσεχῶς
1611 3574 1669 3630 δὲ
1748 3575 2036 3646 ποιητικὸν

390 3665 559 3723 αἴτιον
591 3669 626 3737 ἡ
659 3665 817 3744 φύσις
848 3665 1058 3740 λέγεται
1084 3684 1096 3697 ⁸
1147 3664 1214 3733 ἢν
1246 3663 1430 3727 καλῶς
1471 3667 1499 3720 ὁ
1531 3663 1759 3719 Πλάτων
1810 3664 2035 3741 ὀργανι-

391 3757 484 3810 κὸν
547 3753 758 3828 μᾶλλον
815 3751 986 3808 αἷίτιον
1044 3753 1268 3825 τίθεται,
1303 3753 1378 3814 ὡς
1435 3752 1759 3825 κινουμένην
1815 3752 1908 3825 μὶν
1949 3753 2034 3829 ὑφ’

395 3845 722 3920 ὲτέρου(τοῦ
755 3841 898 3907 θείου
946 3846 1062 3912 νοῦ,
1092 3846 1190 3896 τοῦ
1235 3841 1493 3912 ἀκινήτου
1540 3843 1674 3897 κατὰ
1721 3847 1893 3895 πᾶσαν
1945 3863 2036 3914 με·

395 3928 685 4007 ταϐολὴν),
717 3936 965 3987 κινοῦσαν
1015 3929 1061 3986 δ’
1091 3927 1266 4007 ἕτερα,
1305 3932 1372 3985 τὰ
1419 3932 1616 4008 φυσικᾶ
1663 3931 1888 4002 σώματα
1937 3928 2034 4000 δη-

395 4019 536 4090 λαδὴ
572 4022 644 4076 ὧν
689 4022 779 4076 καὶ
840 4021 1148 4096 ἀχώριστος
1199 4021 1350 4093 οὖσα,
1385 4018 1652 4074 συναίτιον
1698 4018 1907 4092 μᾶλλον
1957 4019 2038 4074 εὐ-

393 4109 576 4185 λόγως
630 4109 832 4185 λέγοιτ’
892 4109 975 4176 ἃν,
1035 4108 1162 4164 ἀλλ’
1211 4109 1272 4163 οὐ
1331 4108 1535 4183 κυρίως
1608 4105 1801 4164 αἶ’τιον.
1857 4114 2035 4182 Παρα-

391 4197 742 4274 δειγματικὸν
801 4196 870 4253 δι’
923 4195 1324 4273 αἰ¹τιον,ὥσπερ
1384 4195 1450 4265 δὴ
1507 4197 1596 4252 καὶ
1635 4197 1810 4271 ἀρχὴν
1865 4218 2038 4272 παρα-

391 4285 764 4363 δειγματικὴν,
816 4284 944 4348 τοὺς
1027 4284 1079 4339 ἐν
1163 4289 1243 4356 τῷ
1300 4282 1627 4359 δημιουργῷ
1702 4289 1778 4356 νῷ
1835 4283 2042 4362 προύφ-

393 4380 627 4438 εστῶτας
698 4374 910 4437 ἐνιαίως
989 4372 1334 4435 οὖσιοποιοῦς
1415 4371 1612 4448 λόγους
1693 4377 1800 4427 τῶν
1877 4369 2040 4428 ὄντων

2140 3219 2560 3274 consideretur.

2210 3310 2264 3362 3.
2304 3309 2449 3362 Hinc
2489 3325 2664 3363 causa
2703 3307 2960 3364 efﬁciens
3009 3309 3110 3379 [et]
3161 3309 3390 3382 proprie
3419 3316 3476 3367 et
3504 3313 3784 3384 primario

2142 3397 2338 3452 divina
2362 3413 2528 3451 mens
2559 3401 2684 3461 est;
2731 3414 2797 3452 ac
2845 3396 3059 3466 ﬁnalis,
3097 3397 3286 3469 ipsius
3328 3401 3580 3473 bonitas,
3614 3404 3785 3474 cujus

2143 3486 2330 3558 gratia
2370 3503 2574 3542 omnes
2623 3489 2920 3541 creaturas
2950 3485 3228 3558 condidit,
3281 3493 3346 3543 ut
3373 3496 3787 3562 agnosceretur

2144 3576 2274 3647 ipsa
2302 3580 2359 3630 et
2390 3575 2817 3647 praedicaretur.
2871 3575 3206 3647 Pr0pinqua
3251 3582 3448 3634 autem
3496 3597 3674 3637 causa
3703 3583 3785 3638 ef-

2147 3665 2366 3734 ﬁciens,
2399 3670 2612 3719 natura
2640 3663 2894 3719 dicitur:
2930 3681 3108 3736 quam
3140 3671 3291 3722 recte
3330 3667 3490 3724 Plato
3517 3678 3539 3711 ³
3568 3669 3786 3728 instru-

2147 3751 2458 3808 mentalem
2500 3752 2694 3824 potius
2725 3768 2965 3808 causam
3015 3769 3144 3809 esse
3181 3754 3363 3826 ponit,
3412 3761 3478 3812 ut
3505 3775 3632 3830 quae
3665 3776 3788 3815 mo-

2144 3847 2347 3897 veatur
2377 3840 2614 3912 quidem
2647 3842 2719 3896 ab
2750 3841 2928 3896 altero
2969 3842 3188 3910 [divina
3217 3851 3410 3901 mente
3440 3862 3566 3917 quae
3598 3849 3790 3920 quoad

2146 3947 2380 3986 omnem
2425 3932 2807 3985 mutationem
2864 3935 2953 3986 est
3009 3931 3374 4004 immobilis],
3431 3935 3543 3992 alia
3573 3942 3789 4006 autem,

2147 4019 2438 4074 naturalia
2466 4019 2748 4073 nimirum
2778 4035 3020 4091 corpora
3057 4028 3320 4090 moveat;
3352 4041 3385 4078 a
3414 4027 3630 4095 quibus
3656 4043 3790 4083 cum

2147 4108 2321 4164 etiam
2357 4107 2613 4179 separari
2634 4124 2748 4163 non
2774 4109 2977 4180 possit,
3021 4110 3241 4180 optima
3262 4113 3482 4168 ratione
3503 4131 3792 4172 concausa

2149 4197 2343 4269 potius
2393 4214 2570 4268 quam
2619 4197 2849 4269 proprie
2896 4214 3076 4253 causa
3106 4199 3220 4254 dici
3270 4206 3464 4271 queat.
3495 4203 3628 4258 Jam
3657 4220 3791 4260 vero

2149 4285 2533 4357 exemplarem
2567 4302 2827 4357 causam,
2876 4291 2940 4341 ut
2990 4303 3129 4342 sane
3179 4288 3352 4344 etiam
3385 4291 3429 4346 5
3464 4291 3794 4364 exemplare

2150 4374 2522 4446 principium,
2556 4375 2896 4429 substantiae
2935 4376 3250 4432 effectrices
3273 4378 3494 4434 entium
3517 4380 3792 4452 rationes,

393 4462 762 4539 ἐδιδάχθημεν
843 4463 998 4521 εἶναι.
1073 4463 1216 4538 Πρὸς
1289 4461 1382 4524 οὓς
1439 4461 1513 4523 ὡς
1541 4461 1704 4562 οπρὸς
1762 4461 2025 4538 ἀρχέτυπα

2151 4481 2277 4536 quae
2301 4463 2358 4517 in
2379 4462 2835 4518 architectatrice
2858 4469 3051 4519 mente
3073 4465 3419 4536 simpliciter
3438 4469 3793 4539 preexstite-

395 4555 698 4630 προαιώνια
764 4552 1018 4625 σύμπασα
1085 4551 1257 4614 κτίσις
1328 4545 1686 4626 ἀπηκριϐώθη
1743 4555 1823 4622 τῷ
1879 4572 2041 4605 παντ-

397 4646 638 4719 ουργικῷ
675 4642 765 4696 καὶ
795 4641 921 4714 θείῳ
964 4639 1298 4716 βουλήματι.
1332 4645 1450 4693 Ἔτι
1503 4638 1716 4713 λέγεται
1761 4639 1932 4715 ἀρχὴ,
1979 4640 2042 4694 τὸ

398 4731 485 4807 ἀφ’
514 4729 604 4784 οὗο
653 4730 950 4800 τουτέστιν,
982 4728 1098 4784 ὅθεν
1144 4731 1180 4799 ἡ
1221 4729 1410 4803 πρώτη
1465 4726 1708 4798 κίνησις⁶
1741 4729 1787 4800 ᾧ
1827 4725 1892 4797 δὴ
1946 4749 2041 4798 ση-

404 4818 715 4892 μαινομένῳ
761 4824 860 4887 τῆς
908 4817 1086 4894 ἀρχῆς
1145 4815 1436 4872 ἀντίκειται
1492 4819 1526 4886 ἡ
1583 4815 1834 4886 τελευτή.
1900 4818 2043 4870 Κατὰ

399 4913 530 4983 γοῦν
556 4909 618 4962 τὸ
648 4912 895 4962 τοιοῦτον
949 4905 1349 4980 σημαινόμενον
1397 4913 1500 4975 τῆς
1542 4905 1743 4982 ἀρχῆς,
1775 4904 2039 4974 τουτέστι,

395 4998 459 5052 τὸ
489 4997 579 5075 ἀφ’
605 4996 668 5052 οὗ
698 4997 845 5073 ἀρχὴ
884 4997 977 5069 μὲν
1034 4993 1164 5050 ὁδοῦ
1195 4994 1427 5071 λέγεται,
1461 4995 1523 5048 τὸ
1570 4999 1786 5068 πρῶτον
1851 4995 2003 5070 βῆμα
2025 5015 2040 5027 ο

398 5084 544 5159 ἀρχὴ
579 5080 637 5138 δὲ
664 5084 791 5153 νηὸς
821 5083 1013 5158 τρόπις
1039 5101 1052 5113 ·
1114 5081 1288 5144 οἰκίας
1317 5081 1569 5154 θεμέλιος
1597 5101 1610 5113 ⁶
1673 5077 1845 5156 λόγου
1902 5102 2040 5157 προ-

395 5171 616 5244 οίμιον’
672 5175 840 5250 φυτοῦ
896 5192 956 5226 τε
1015 5170 1156 5247 ῥίζα,
1216 5170 1304 5225 καὶ
1372 5171 1513 5239 ζώου
1590 5168 1804 5246 καρδία.
1867 5169 2043 5225 Ἀλλά

393 5265 563 5316 ταῦτα
595 5262 688 5333 μὲν
721 5261 795 5322 ὡς
849 5261 986 5336 μέρη
1041 5259 1439 5335 προηγούμενα
1496 5257 1789 5314 καλοῦνται
1836 5259 2038 5336 ἀρχαί·

400 5350 474 5422 μὴ
507 5349 582 5412 ὡς
618 5348 753 5424 μέρη
802 5346 886 5404 δέ·
943 5349 1090 5424 ἀρχὴ
1146 5350 1239 5421 μὲν
1292 5355 1557 5423 γραμμῆς
1607 5350 1831 5424 στιγμή·
1861 5355 2046 5422 Γραμ-

400 5439 476 5510 μὴ
512 5435 558 5492 δ’
607 5436 814 5512 ὁμοίως
873 5436 1184 5514 ἐπιφανείας
1241 5437 1424 5512 ἀρχή·
1475 5438 1566 5490 καὶ
1623 5436 1875 5509 σώματος
1935 5435 2046 5490 ἐπι-

398 5527 604 5602 φάνεια.
665 5525 874 5598 Χρόνου
938 5523 994 5580 δὲ
1057 5524 1222 5581 πάλιν
1285 5525 1432 5601 ἀρχὴ
1499 5522 1724 5593 τοιαύτη
1790 5524 1854 5579 τὸ
1910 5529 2039 5577 νῦνο

2151 4556 2307 4620 runt,
2339 4568 2468 4606 esse
2499 4550 2842 4618 didicimus;
2875 4552 2946 4606 ad
2997 4569 3162 4623 quas,
3216 4559 3280 4609 ut
3328 4556 3640 4629 archetypa
3665 4559 3792 4627 [seu

2151 4639 2523 4711 exemplaria]
2552 4639 2711 4694 omni
2742 4656 2859 4695 aevo
2905 4641 3234 4711 antiquiora
3281 4657 3484 4700 omnes
3514 4653 3792 4702 creaturae

2152 4730 2222 4784 ab
2255 4729 2517 4784 omnium
2550 4745 2744 4783 rerum
2793 4729 3108 4784 conditrice
3155 4736 3212 4786 et
3257 4733 3451 4788 divina
3496 4735 3793 4790 voluntate

2152 4819 2413 4890 perfectae
2448 4821 2506 4872 et
2541 4817 2816 4872 omnibus
2856 4819 3119 4874 numeris
3149 4821 3425 4876 absolutae
3455 4830 3613 4880 sunt.
3647 4829 3796 4880 Prw-

2150 4912 2307 4962 terea
2355 4907 2567 4961 dicitur
2619 4906 2969 4977 principium
3017 4908 3058 4973 ‘,
3113 4907 3195 4975 id,
3250 4911 3322 4965 de
3376 4928 3511 4984 quo,
3544 4913 3651 4969 hoc
3682 4918 3794 4979 est,

2153 4997 2309 5051 unde
2364 4996 2592 5066 primus
2663 5000 2858 5049 motus
2931 4996 3061 5067 [ﬁt],
3119 4999 3212 5051 cui
3271 5016 3412 5056 sane
3469 5001 3795 5073 signiﬁcato

2151 5083 2420 5156 principii
2470 5084 2602 5138 ﬁnis
2648 5084 2983 5154 opponitur.
3033 5086 3194 5150 Quod
3243 5087 3352 5143 hoc
3391 5088 3568 5161 igitur
3597 5092 3795 5164 signav

2153 5175 2388 5228 ﬁcetum
2444 5171 2735 5243 principii,
2782 5171 2892 5227 hoc
2941 5179 3048 5241 est,
3098 5174 3154 5228 id
3186 5176 3256 5231 de
3287 5194 3422 5248 quo,
3450 5179 3552 5234 viae
3584 5181 3798 5251 princi-

2152 5261 2339 5332 pium,
2370 5260 2596 5332 primus
2638 5276 2851 5331 passus
2909 5260 3158 5317 dicitur:
3209 5266 3372 5321 navis
3416 5265 3796 5340 principium,

2153 5350 2391 5418 carina;
2438 5349 2676 5416 domus,
2725 5348 3214 5420 fundamentum;
3274 5355 3575 5425 orationis,
3628 5373 3796 5414 exor-

2153 5439 2356 5507 dium;
2389 5441 2444 5492 et
2471 5437 2704 5509 plantae,
2757 5437 2940 5507 radix,
2987 5443 3044 5495 et
3091 5442 3366 5500 animalis
3415 5461 3532 5500 cor.
3581 5447 3650 5501 Et
3678 5447 3797 5502 haec

2154 5527 2412 5599 quidem,
2451 5531 2517 5581 ut
2560 5529 2755 5598 partes
2803 5530 3234 5598 antecedentes,
3277 5533 3562 5606 principia
3592 5535 3797 5590 dicun-

477 5672 496 5704 ³
525 5675 560 5724 2
593 5669 761 5756 Phys.
793 5671 927 5756 ορ,
958 5675 1007 5753 ι..
1033 5671 1140 5756 ξ8;
1173 5671 1206 5724 4
1235 5669 1558 5742 Metaphys.
1591 5685 1642 5724 c.
1681 5669 1735 5723 2.
1816 5669 1837 5702 ⁸
1866 5673 1944 5724 De
1999 5669 2229 5742 legibus
2285 5687 2342 5743 p.
2400 5670 2528 5726 767.
2605 5671 2626 5705 ἰ
2655 5669 2737 5727 De
2791 5670 3169 5756 homonymia
3213 5674 3486 5751 principii
3519 5675 3646 5733 vide
3691 5677 3800 5737 Da-

411 5758 591 5799 masc.
623 5746 827 5799 contra
854 5741 1108 5800 Manich.
