4108 6452
365 437 517 498 102⁵7
1610 427 1999 490 NICEPHOB

2112 425 2518 488 ιιΕΜΜΙῡιΕ
3605 429 3766 491 1028

2386 553 2426 572 κο

362 575 478 633 tur,
509 573 568 622 at
602 582 712 620 non
746 569 810 618 ut
851 566 1080 635 partes;
1135 561 1298 615 lineae
1356 560 1588 630 quidem
1647 559 1999 630 principium

2120 556 2327 627 ὁμοίως
2382 553 2438 610 δὲ
2494 559 2757 625 κινήσεως
2815 556 2963 630 ἀρχὴ
3021 557 3083 608 τὸ
3138 553 3477 628 καλούμενον
3533 559 3763 631 κίνημα.

362 662 666 730 punctum,
690 653 947 722 itemque
979 648 1304 719 superﬁciei
1337 647 1712 720 principium,
1745 648 1919 717 linea,
1953 652 2010 702 et

363 744 641 817 corporis,
663 739 1034 812 superficies;
1062 744 1118 792 et
1141 753 1347 793 rursus
1368 736 1483 792 tale
1503 737 1781 809 temporis
1804 735 2011 808 princi-

362 836 545 907 pium,
570 847 724 887 nunc
747 832 869 900 (seu
893 828 1302 894 momentum).
1331 830 1389 881 et
1418 824 1596 881 simili
1630 825 1854 880 ratione
1888 841 2008 880 mo-

358 930 453 978 tus
477 920 848 994 principium,
873 917 1026 988 quod
1039 915 1442 985 cinema‘(seu
1459 915 1805 970 mutationis
1828 930 2008 986 punc-

358 1013 529 1080 tum),
560 1013 816 1064 vocatur.
850 1005 1053 1061 Omnis
1085 1009 1281 1058 autem
1315 1003 1600 1069 continui,
1655 1002 1821 1058 linem
1851 1003 2005 1057 vide-

357 1100 515 1166 licet,
539 1095 887 1170 superﬁciei,
911 1099 967 1149 et
986 1093 1263 1165 corporis,
1282 1091 1565 1163 temporis
1580 1092 1718 1146 item
1737 1097 1794 1146 et
1812 1097 2007 1146 motus

359 1187 570 1261 duplex
590 1201 718 1242 esse
739 1182 1088 1256 principium
1109 1183 1356 1237 videtur.
1374 1180 1732 1252 Principium
1748 1180 1906 1235 enim
1921 1184 2009 1235 est

359 1281 408 1334 0
437 1282 494 1332 et
524 1274 870 1332 antecedens
903 1288 1036 1343 pars
1069 1270 1331 1326 continui
1361 1271 1402 1340 ⁸,
1429 1286 1556 1341 quas
1578 1269 1754 1324 etiam
1779 1269 2008 1323 infinita

358 1373 467 1431 est,
499 1369 800 1436 propterea
842 1362 995 1433 quod
1049 1363 1332 1432 potestate
1383 1360 1441 1413 in
1493 1359 1791 1413 infinitum
1822 1357 2008 1430 possit

359 1456 557 1511 dividi.
586 1453 812 1509 Rursus
841 1467 974 1506 vero
1005 1448 1360 1522 principium
1405 1452 1496 1503 est
1525 1447 1700 1502 etiam
1734 1447 1814 1517 id,
1849 1446 2004 1519 quod

359 1561 465 1601 nec
486 1549 552 1599 ut
572 1559 728 1615 pars,
749 1557 853 1596 nec
875 1555 1040 1612 azquo
1061 1555 1127 1593 ac
1150 1542 1337 1592 totum
1351 1541 1463 1603 est,
1485 1542 1552 1591 ut
1571 1542 1740 1591 antea
1761 1536 2003 1591 dictum.

358 1632 538 1698 Quale
568 1647 701 1686 vero
732 1628 993 1686 continui
1051 1631 1140 1683 est
1199 1625 1571 1698 principium,
1624 1624 1798 1680 talem
1830 1624 2002 1680 etiam

359 1721 733 1780 conveniente
786 1717 957 1773 modo
1017 1717 1192 1771 finem
1271 1718 1497 1785 oportet
1553 1713 1756 1784 accipi.
1808 1711 2002 1768 Veluti

355 1812 521 1867 linea:
552 1807 929 1882 principium,
959 1809 1050 1860 est
1080 1807 1363 1874 punctum
1389 1819 1401 1857 :
1436 1807 1492 1856 et
1518 1802 1652 1856 ﬁnis
1674 1801 1838 1868 item,
1861 1818 2004 1873 pun-

2363 643 2404 663 κν

2117 648 2298 700 Ἐοικε
2359 644 2404 699 δ’
2457 645 2603 720 ἀρ·χὴ
2664 646 2863 706 παντὸς
2923 649 3184 720 συνεχοῦς
3251 646 3514 720 ὑπάρχειν
3565 644 3759 719 διττήο

2116 741 2382 809 γραμμῆς
2442 730 2701 801 δηλονότι
2776 735 2864 787 καὶ
2933 733 3246 810 ἐπιφανείας
3321 734 3410 788 καὶ
3487 737 3762 811 σώματος,

2115 822 2320 898 χρόνου
2349 842 2407 876 τε
2435 822 2524 875 καὶ
2556 824 2842 891 κινήσεως,
2875 823 3027 875 Ἐστι
3071 821 3164 893 μὶν
3214 823 3315 898 γάρ
3359 822 3508 898 ἀρχή
3558 826 3646 879 καὶ
3699 827 3763 881 τὸ

2115 911 2532 985 προηγούμενον
2597 910 2758 986 μέρος
2812 914 2910 962 τοῦ
2969 915 3254 985 συνεχοῦς,
3285 910 3417 988 ὅπερ
3465 913 3554 967 καὶ
3612 915 3763 991 ἀόρι-

2117 999 2239 1054 στόν
2298 999 2429 1072 ἐστι,
2464 997 2554 1053 διὰ
2606 1001 2668 1052 τὸ
2718 998 2800 1053 ἐπ’
2851 997 3070 1074 ἄπειρον
3121 998 3256 1053 εἶναι
3307 998 3530 1074 δυνάμει
3565 999 3764 1078 διαιρε-

2115 1087 2227 1143 τόν.
2286 1090 2437 1142 Ἐστι
2496 1085 2554 1142 δὲ
2610 1086 2775 1142 πάλιν
2807 1087 2954 1163 ἀρχὴ
3002 1088 3092 1142 καὶ
3123 1089 3158 1155 ἠ
3190 1089 3266 1161 μή
3298 1089 3375 1152 ὡς
3409 1091 3597 1165 μέρος,
3631 1091 3762 1164 μηδ’

2117 1175 2284 1249 ὁμοία
2335 1181 2414 1247 τῷ
2470 1175 2609 1248 ὅλῳ,
2663 1177 2899 1251 καθάπερ
2969 1176 3314 1252 προείρηται.
3373 1180 3567 1234 Ὁποία
3622 1178 3670 1235 δ’
3722 1184 3759 1250 ἡ

2115 1264 2262 1340 ἀρχὴ
2292 1269 2390 1319 τοῦ
2422 1269 2706 1340 συνεχοῦς,
2737 1269 2982 1318 τοιοῦτον
3017 1267 3128 1340 χρὴ
3169 1267 3259 1320 καὶ
3306 1268 3369 1320 τὸ
3420 1266 3586 1343 πέρας
3633 1290 3763 1324 κατ-

2117 1352 2383 1423 αλλήλως
2431 1349 2834 1426 λαμϐάνεσθαι’
2899 1354 3012 1408 οἷον
3064 1357 3099 1423 ἡ
3147 1361 3247 1423 τῆς
3297 1363 3562 1428 γραμμῆς
3611 1357 3756 1434 ἀρχή

2114 1449 2372 1515 σημεῖον·
2421 1442 2511 1496 καί
2539 1443 2602 1496 τὸ
2648 1443 2813 1516 πέρας
2857 1449 3114 1516 σημεῖον.
3145 1443 3208 1498 Εἰ
3255 1441 3314 1498 δὲ
3358 1444 3422 1499 τὸ
3479 1447 3760 1522 προηγοὺ-

2119 1552 2278 1604 μενον
2344 1530 2508 1605 μέρος
2565 1537 2666 1600 τῆς
2715 1538 2976 1606 γραμμῆς
3006 1532 3082 1594 ὡς
3114 1532 3260 1608 ἀρχή
3291 1533 3495 1604 ταύτης
3544 1531 3762 1609 λαμϐά-

2114 1640 2280 1690 νοιτο,
2310 1620 2398 1674 καὶ
2426 1621 2490 1674 τὸ
2517 1625 2827 1675 τελευταῖον
2865 1622 3029 1696 μέρος
3077 1627 3180 1691 τῆς
3223 1629 3492 1698 γραμμῆς
3539 1624 3615 1686 ὡς
3662 1625 3758 1680 πέ-

2117 1730 2210 1784 ρας
2241 1709 2442 1778 ταύτης
2474 1703 2797 1781 λαμϐάνοιτ’
2828 1710 2907 1766 ἄν.
2940 1710 3046 1766 Τὸν
3073 1708 3233 1764 αὑτὸν
3279 1707 3336 1766 δὲ
3376 1711 3576 1786 τρόπον
3626 1715 3757 1769 κάπὶ

2113 1799 2313 1859 παντὸς
2346 1801 2628 1871 συνεχοῦς.

355 1906 514 1957 ctum
536 1897 752 1955 est.Sin
783 1900 977 1952 autem
1014 1893 1363 1949 antecedens
1397 1891 1563 1947 lineae
1597 1908 1753 1964 pars,
1795 1896 1860 1946 ut
1901 1890 2256 1962 principium
2289 1887 2450 1945 illius
2480 1893 2754 1944 sumatur
2781 1907 2795 1945 :
2849 1888 3062 1946 ultima
3090 1890 3267 1946 etiam
3296 1907 3432 1963 pars
3462 1890 3658 1964 lineas,
3694 1898 3762 1950 ut

354 1988 489 2044 ﬁnis
512 1986 673 2042 illius
703 1983 1037 2056 accipietur.
1068 1984 1254 2052 Atque
1279 1981 1481 2036 eodem
1515 1983 1686 2035 modo
1717 1979 1774 2034 in
1805 1979 1964 2034 omni
1996 1979 2271 2035 continuo
2303 1994 2395 2034 res
2426 1994 2489 2032 se
2513 1977 2708 2034 habet.

428 2079 479 2132 4.
513 2076 758 2146 Insuper
785 2072 1002 2128 dicitur
1052 2072 1341 2141 cujusque
1393 2069 1473 2125 rei
1523 2069 1749 2125 ratione
1779 2074 2000 2141 tempo-

355 2167 436 2222 ris
465 2163 819 2238 principium
852 2159 1261 2234 generationis,
1289 2159 1483 2230 ipsum
1516 2165 1748 2230 tempus
1770 2174 1885 2229 quo
1907 2174 1999 2213 res

356 2255 612 2328 primum
643 2251 783 2307 oriri
837 2249 1044 2322 coepit;
1096 2249 1249 2320 quod
1299 2247 1429 2304 ideo
1476 2248 1719 2303 definire
1765 2264 1879 2302 non
1911 2251 2001 2302 est

355 2343 542 2409 facile,
575 2342 711 2412 quia
741 2339 959 2412 quaevis
991 2355 1128 2410 pars
1179 2335 1496 2407 cujuslibet
1544 2335 1805 2393 continui
1836 2340 1998 2408 pote-

355 2437 504 2489 state
528 2432 588 2487 in
625 2429 922 2485 infinitum
953 2427 1252 2482 dividitur.
1721 2431 1729 2440 '

421 2523 477 2576 5.
509 2519 611 2576 His
643 2519 723 2574 ita
752 2516 1046 2573 distinctis
1077 2515 1426 2586 inquirenda
1446 2515 1572 2585 jam
1607 2519 1745 2569 sunt
1775 2513 1996 2586 princi-

354 2611 451 2682 pia
468 2615 526 2665 et
547 2625 736 2665 causa
758 2621 1072 2678 corporum
1097 2603 1454 2660 naturalium
1475 2608 1533 2660 et
1571 2603 1786 2675 quibus
1811 2604 1999 2675 primo

353 2705 480 2756 orta
508 2703 666 2762 sunt,
698 2702 756 2752 et
783 2695 843 2750 in
892 2711 1018 2767 quis
1069 2698 1360 2766 postremo
1409 2693 1621 2748 iterum
1670 2692 2000 2748 dissolvun-

351 2791 449 2842 tur
503 2787 543 2839 ⁷.
603 2783 887 2850 Quoniam
937 2781 1116 2854 igitur
1172 2781 1326 2850 quod
1385 2783 1715 2852 generatur,
1777 2796 1891 2834 non
1932 2794 2001 2834 ex

352 2873 632 2946 quolibet,
665 2872 766 2928 sed
801 2887 870 2926 ex
909 2869 1198 2925 contrario
1219 2873 1570 2940 generatur;
1599 2885 1703 2924 nec
1724 2870 1783 2923 in
1814 2869 2000 2940 quod-

353 2963 514 3028 libet,
574 2961 677 3017 sed
740 2961 800 3015 in
859 2958 1220 3014 contrarium
1278 2957 1678 3028 corrumpitur
1729 2956 2000 3029 (exempli

353 3051 564 3125 gratia,
593 3066 664 3106 ex
697 3047 1010 3104 immusico
1036 3061 1140 3102 seu
1170 3062 1237 3102 eo
1268 3045 1423 3118 quod
1458 3046 1683 3101 musica
1712 3045 1999 3117 privatum

352 3147 459 3209 est;
495 3141 558 3195 fit
586 3139 881 3195 musicum
909 3155 923 3205 ;
957 3141 1015 3192 et
1044 3152 1251 3192 rursus
1271 3136 1331 3190 in
1354 3135 1730 3191 immusicum
1755 3135 2000 3204 interit),

357 3246 484 3302 quae
533 3228 722 3301 prima
755 3228 793 3281 7
831 3229 888 3281 et
930 3239 1208 3296 suprema
1258 3239 1326 3278 ex
1374 3223 1683 3279 contrariis
1711 3223 1973 3295 cogitari)

354 3321 624 3392 possunt,
647 3331 956 3388 corporum
995 3313 1171 3368 etiam
1201 3313 1560 3384 generationi
1600 3313 1997 3384 subjectorum

354 3408 547 3480 prima
576 3405 793 3461 fuerint
822 3401 1127 3476 principia.
1177 3401 1373 3456 Prima
1417 3405 1610 3456 autem
1639 3406 1695 3456 et
1725 3417 2000 3473 suprema

353 3497 619 3552 omnium
641 3492 1065 3550 contrariorum
1088 3490 1419 3562 cogitantur
1439 3490 1625 3545 forma
1643 3493 1700 3545 et
1730 3489 1996 3562 privatio.

356 3584 602 3640 Proinde
649 3583 769 3638 haec
821 3579 1179 3636 naturalium
1230 3579 1590 3650 (corporum)
1628 3577 1818 3650 prima
1860 3582 2000 3634 sunt

355 3673 659 3745 principia.
721 3669 1201 3740 Quandoquidem
1254 3672 1449 3722 autem
1501 3667 1850 3722 contrariae
1887 3685 1997 3722 nu-

355 3777 516 3817 mero
546 3776 748 3816 eorum
799 3775 926 3830 quis
983 3758 1041 3812 in
1095 3757 1358 3828 subjecto
1417 3762 1577 3825 sunt,
1625 3773 1752 3812 esse
1781 3773 1996 3828 cogno-

353 3855 640 3915 scuntur;
673 3853 730 3904 et
775 3863 908 3902 cum
965 3846 1200 3918 quidem
1261 3861 1362 3917 per
1416 3861 1477 3900 se
1530 3850 1688 3910 sunt,
1721 3845 1840 3917 pati
1872 3863 1904 3900 a
1937 3862 1998 3900 se

353 3939 604 3994 invicem
636 3937 908 4007 afﬁcique
939 3952 1052 3990 non
1098 3938 1380 4005 possunt:
1433 3935 1679 4005 (oportet
1708 3933 1862 3988 enim
1896 3951 1996 4006 pa-

353 4028 516 4083 riens
547 4025 902 4082 remanendo
935 4023 1074 4095 pati,
1105 4023 1401 4078 contraria
1427 4028 1625 4078 autem
1658 4039 1719 4078 se
1745 4023 1994 4078 invicem

355 4133 473 4172 non
500 4115 836 4181 sustinent;
862 4113 963 4168 sed
998 4112 1057 4166 in
1081 4113 1343 4182 subjecto
1382 4111 1440 4165 in
1478 4128 1539 4166 se
1559 4111 1803 4167 invicem
1828 4128 1997 4183 agere

354 4210 616 4278 possent.
640 4203 869 4259 Etenim
893 4200 1275 4256 immusicum
1314 4204 1372 4255 et
1413 4201 1706 4254 musicum
1744 4201 1793 4255 si
1817 4217 1916 4271 per
1936 4217 1997 4256 se

353 4295 494 4359 sint,
531 4311 565 4350 a
594 4311 656 4349 se
684 4291 931 4347 invicem
962 4290 1081 4362 pati
1113 4306 1227 4344 non
1261 4294 1530 4361 possunt,
1561 4289 1675 4344 nisi
1708 4288 1765 4344 in
1799 4290 1997 4360 subje-

351 4389 462 4452 cto,
492 4384 552 4438 in
583 4383 840 4446 Socrate,
889 4379 1045 4435 verbi
1099 4395 1298 4445 causa,
1346 4377 1434 4432 vel
1476 4377 1711 4432 Platone
1738 4377 1998 4446 fuerint.)

351 4471 599 4528 Proinde
628 4475 782 4527 certe
824 4473 883 4524 et
913 4469 1098 4524 forma
1151 4472 1206 4522 et
1259 4466 1502 4538 privatio
1559 4467 1821 4537 subjecto
1851 4483 1997 4538 quo-

350 4564 483 4618 dam
516 4577 664 4633 opus
694 4559 930 4629 habent,
962 4558 1021 4612 in
1053 4573 1167 4629 quo
1195 4556 1370 4612 etiam
1413 4556 1542 4626 ipsa
1571 4571 1740 4626 agere
1772 4556 1999 4627 possint

351 4651 409 4705 in
468 4667 529 4706 se
577 4649 846 4704 invicem.
907 4647 1250 4718 Subjectum
1308 4644 1464 4700 enim
1497 4646 1518 4677 ⁸
1574 4644 1728 4716 quod
1769 4661 1883 4699 non
1911 4649 1999 4700 est
2029 4665 2075 4730 Β

351 4739 706 4812 oppositum,
741 4742 1058 4807 utrumque
1087 4739 1285 4790 tamen
1317 4734 1717 4805 oppositorum
1749 4733 2000 4788 sustine-

349 4829 454 4884 bit.
488 4827 604 4884 Hoc
633 4832 829 4882 autem
863 4827 1194 4896 subjectum
1226 4823 1401 4879 fuerit
1430 4823 1699 4878 informis
1729 4827 1787 4878 et
1815 4822 1999 4894 quali-

350 4920 492 4974 tatis
549 4933 755 4990 expers
813 4915 1078 4984 materia,
1140 4912 1366 4986 primus
1426 4913 1758 4982 subjectum
1792 4911 1998 4983 primis

351 5008 657 5063 contrariis
723 5005 1092 5062 conveniens.
1169 5002 1302 5057 Tria
1379 5002 1558 5073 igitur
1640 4999 1997 5056 naturalium

349 5096 704 5167 (corporum)
775 5091 1165 5166 generationis
1232 5089 1421 5162 prima
1477 5094 1617 5145 sunt
1673 5089 1996 5161 principia:

351 5185 560 5250 forma,
592 5183 857 5255 privatio,
890 5187 948 5238 et
977 5180 1240 5236 materia.
1272 5179 1489 5234 Verum
1522 5183 1720 5234 tamen
1742 5178 1788 5233 8
1813 5178 1999 5234 forma

355 5273 590 5346 quidem
624 5279 680 5327 et
711 5273 952 5327 materia
985 5288 1086 5342 per
1129 5285 1190 5325 se
1239 5268 1652 5338 intelliguntur
1679 5283 1807 5323 esse
1837 5267 1996 5339 prin-

353 5363 506 5434 cipia
535 5363 590 5430 9;
626 5359 766 5433 quia
796 5360 1039 5415 materia
1071 5360 1266 5413 formae
1309 5358 1637 5427 subjicitur,
1676 5374 1789 5412 non
1817 5373 1996 5429 oppo-

352 5452 512 5507 nitur
540 5453 630 5520 ei;
683 5465 798 5522 quo
847 5449 1082 5504 nomine
1130 5448 1304 5502 etiam
1356 5447 1756 5502 advenientem
1806 5447 1996 5517 ipsam

352 5541 606 5598 sustinet
648 5539 736 5595 vel
767 5539 963 5611 potius
994 5537 1183 5608 ipsam
1216 5535 1471 5606 appetit;
1522 5535 1766 5607 privatio
1798 5540 1995 5590 autem

424 5684 549 5794 διὲξ·
573 5681 963 5794 κίὲαίθξίοίηίὲθ
996 5679 1168 5794 8‘3".
1207 5676 1446 5794 ⁶ςι¹ξ¹³ἔξῖ
1467 5693 1515 5794 ‘2'
1543 5679 1780 5794 ιὲιςέἓκι
1799 5678 1885 5794 ‘2'
1913 5677 2004 5794 $3;

348 5758 544 5834 53-60,
573 5758 664 5831 62,
741 5755 762 5794 ο
793 5755 820 5813 1

1979 3267 2070 3336 TC

2181 2154 2243 2212 δ’,
2277 2157 2394 2210 Ἐτι
2452 2150 2665 2228 λέγεται
2714 2160 2815 2222 τῆς
2868 2153 3002 2208 κατᾶ
3068 2154 3266 2230 χρόνον
3330 2155 3554 2212 ἑκάστου
3615 2161 3758 2233 γενὲ-

2111 2266 2244 2307 σεως
2297 2245 2441 2320 ἀρχή
2491 2243 2648 2305 αὐτὸς
2682 2243 2710 2297 ὁ
2741 2242 2941 2318 χρόνος
2974 2241 3025 2297 ἐν
3054 2244 3100 2314 ᾦ
3127 2244 3191 2298 τὸ
3245 2251 3473 2321 πρᾶγμα
3523 2249 3756 2322 πρώτως

2107 2332 2334 2410 ἤρξατο·
2384 2334 2441 2387 ὃν
2475 2330 2588 2387 οὐδ’
2621 2331 2798 2408 ὁρίσαι
2832 2329 3016 2408 ῥᾴδιον
3049 2329 3138 2386 διὰ
3177 2335 3239 2388 τὸ
3284 2333 3368 2389 ἐπ’
3417 2334 3634 2412 ἄπειρον
3680 2335 3757 2392 διο

2108 2425 2372 2499 αιρεῖσθαι
2405 2420 2628 2494 δυνάμει
2660 2427 2764 2476 πᾶν
2800 2420 2962 2497 μέρος
2993 2423 3191 2484 παντὸς
3232 2428 3513 2500 συνεχοῦς.

2180 2514 2237 2569 ε’.
2267 2511 2478 2566 Τοὺνων
2506 2510 2648 2565 οὕτω
2701 2507 3148 2586 διακεκριμένων,
3187 2515 3447 2583 ζητητέον
3487 2511 3598 2585 ἤδη
3657 2519 3753 2579 τάς

2109 2601 2284 2676 ἀρχάς
2340 2599 2428 2654 καὶ
2476 2600 2544 2654 τὰ
2589 2596 2733 2653 αἴτια
2776 2603 2884 2652 τῶν
2935 2604 3172 2676 φυσικῶν
3241 2603 3530 2674 σωμάτων,
3583 2602 3635 2673 ἐξ
3679 2605 3751 2658 ὧν

2108 2692 2341 2762 πρώτως
2395 2688 2666 2764 γεγόνασι,
2718 2689 2808 2742 καὶ
2868 2687 2943 2750 εἷς
3001 2688 3034 2742 a
3092 2687 3338 2764 ἐσχάτως
3389 2690 3523 2746 αὐτὰ
3587 2691 3751 2747 πάλιν

2110 2775 2442 2834 διαλύονται.
2501 2776 2649 2831 Ἐπεὶ
2701 2777 2878 2831 τοίνυν
2927 2777 2990 2830 τὸ
3043 2778 3330 2851 γινόμενον
3386 2779 3485 2834 οὑκ
3543 2779 3604 2835 ἐκ
3656 2786 3754 2836 τοῦ

2107 2866 2394 2942 τυχόντος,
2428 2863 2552 2920 ἀλλ’
2583 2864 2642 2920 ἐκ
2676 2869 2775 2920 τοῦ
2825 2864 3064 2920 ἐναντίου
3111 2866 3336 2941 γίνεται,
3370 2867 3459 2922 καὶ
3518 2868 3620 2924 οὐκ
3676 2869 3752 2932 εἶς

2107 2956 2170 3010 τὸ
2197 2955 2388 3031 τυχὸν,
2414 2952 2540 3009 ἀλλ’
2589 2954 2664 3015 εἷς
2704 2952 3014 3008 τούναντίον
3065 2955 3334 3032 φθείρεται
3365 2957 3502 3027 (οἷον
3553 2956 3612 3012 ἐκ
3656 2962 3752 3012 τοῦ

2109 3043 2352 3118 ἀμούσου
2381 3043 2581 3119 γίνεται
2609 3041 2672 3098 τὸ
2709 3044 2986 3116 μουσικὸν,
3017 3043 3107 3098 καὶ
3147 3043 3310 3100 πάλιν
3344 3045 3422 3107 εἷς
3465 3046 3529 3100 τὸ
3579 3043 3747 3119 ἄμου-

2110 3155 2198 3188 σον
2253 3133 2581 3210 φθείρεται)·
2638 3133 2706 3187 τὰ
2759 3136 2950 3208 πρῶτα
3004 3131 3093 3187 καὶ
3151 3132 3406 3188 ἀνωτάτω
3459 3139 3568 3189 τῶν
3602 3133 3751 3190 ἐναν-

2109 3222 2238 3276 τίων
2272 3221 2630 3294 ἐπινοοὺμενα
2661 3222 2762 3277 εἶεν
2814 3220 2873 3276 ἃν
2915 3225 3024 3276 τῶν
3079 3222 3181 3277 ὑπὸ
3227 3223 3430 3299 γένεσιν
3480 3225 3746 3298 σωμάτων

2108 3316 2320 3388 πρῶται
2378 3310 2581 3388 ἀρχαί⁸
2639 3315 2829 3384 πρῶτα
2885 3308 2942 3366 δὲ
3007 3309 3096 3365 καὶ
3172 3311 3430 3368 ἀνωτάτω
3503 3313 3751 3369 ἐναντίων

2110 3399 2356 3456 ἀπάντων
2417 3399 2702 3456 ἐπινοεῖται
2759 3401 2822 3454 τὸ
2880 3396 3022 3462 εἶδος
3076 3399 3165 3454 καὶ
3222 3403 3256 3470 ἡ
3317 3401 3590 3474 στέρησις.
3621 3403 3753 3478 ’Δρ-

2108 3489 2204 3564 χαὶ
2266 3486 2368 3563 ἄρα
2431 3492 2641 3564 πρῶται
2716 3492 2882 3543 ταῦτα
2937 3493 3046 3543 τῶν
3101 3493 3362 3567 φυσικῶν.
3421 3489 3579 3546 Ἀλλ’
3639 3490 3753 3546 ἐπεὶ

2105 3575 2360 3631 τάναντία
2411 3581 2517 3632 τῶν
2568 3577 2620 3632 ἐν
2681 3577 3024 3650 ὑποκειμένῳ
3094 3579 3432 3653 γινώσκεται,
3491 3580 3584 3634 καὶ
3636 3581 3753 3642 καθ’

2109 3667 2271 3720 ἑαυτὰ
2331 3667 2424 3739 μὲν
2479 3661 2607 3720 ὄντα
2669 3667 2898 3741 πάσχειν
2961 3667 3046 3720 ὑπ’
3097 3665 3362 3737 ἀλλήλων
3419 3667 3480 3722 οὐ
3539 3665 3750 3723 δύναται

2107 3753 2213 3826 (δεῖ
2264 3755 2356 3829 μὲν
2384 3756 2487 3830 γὰρ
2517 3756 2579 3809 τὸ
2634 3757 2849 3831 πάσχοτ
2901 3755 3168 3828 ὑπομένον
3217 3755 3466 3832 πάσχειν.
3497 3757 3755 3812 Τάναντία

2108 3841 2155 3898 δ’
2184 3844 2290 3920 οὐχ
2323 3843 2682 3917 ὑπομένουσιν
2709 3841 2933 3914 ἄλληλα
2957 3867 2969 3879 ·
3021 3844 3073 3899 ἐν
3135 3845 3476 3918 ὑποκειμένῳ
3522 3843 3580 3900 δὲ
3626 3844 3752 3921 δρᾷν

2108 3932 2184 3995 εἰς
2212 3931 2435 4003 ἄλληλα
2462 3930 2698 3990 δύναται.
2727 3935 2798 3988 Τὸ
2825 3936 2929 4009 γὰρ
2962 3932 3198 4006 ἄμουσον
3255 3934 3345 3988 καὶ
3389 3937 3449 3990 νὸ
3497 3937 3752 4008 μουσικὸν

2109 4022 2170 4076 οὐ
2221 4020 2438 4075 δύναται
2487 4021 2716 4096 πάσχειν
2769 4021 2856 4074 ὑπ’
2886 4019 3153 4091 ἀλλήλων
3204 4017 3333 4076 ὄντα
3369 4024 3485 4077 καθ’
3515 4024 3667 4094 αὑτά,
3702 4023 3746 4077 εἷ

2111 4112 2186 4184 μὴ
2222 4109 2272 4164 ἐν
2304 4109 2648 4182 ὑποκειμένῳ
2707 4106 2790 4178 εἷῆ
2821 4113 2900 4182 τῷ
2935 4111 3209 4184 Σωκράτει
3239 4111 3410 4187 τυχὸν
3435 4112 3471 4181 ἢ
3501 4116 3580 4183 τῷ
3610 4110 3752 4166 Πλά-

2104 4202 2298 4272 τωνι)·
2354 4196 2436 4254 δεῖ
2501 4199 2590 4252 καὶ
2653 4203 2734 4270 τῷ
2788 4196 2916 4254 εἷ’ὃει
2967 4199 3056 4253 καὶ
3114 4203 3182 4274 τῇ
3240 4203 3487 4275 στερήσει
3538 4202 3750 4262 πάντως

2109 4289 2469 4360 ὑποκειμένου
2498 4288 2644 4349 τινὸς
2695 4285 2746 4340 ἐν
2793 4287 2839 4359 ᾧ
2880 4286 2970 4342 καὶ
3017 4285 3144 4363 δρᾷν
3197 4287 3274 4350 εἷς
3318 4285 3544 4359 ἄλληλα
3589 4293 3751 4344 ταῦτα

2107 4375 2375 4434 δύναιντο.
2417 4377 2504 4445 Μὴ
2563 4376 2620 4430 ὃν
2671 4377 2776 4451 γάρ
2837 4375 3202 4449 ἀντικείμενον
3257 4377 3320 4430 τὸ
3375 4376 3749 4450 ὑποκείμενον,

2108 4467 2359 4540 ἑκάτερον
2413 4470 2520 4518 τῶν
2581 4465 2962 4536 ἀντικειμένων
3027 4465 3310 4538 ὑπομενεῖ.
3361 4469 3530 4520 Τοῦτο
3589 4463 3635 4520 δ’
3691 4465 3746 4519 ἂν

2108 4552 2191 4623 εἴη
2249 4555 2311 4608 τὸ
2373 4553 2750 4625 ὑποκείμενον,
2808 4555 2843 4622 ἡ
2904 4550 3141 4616 ἀνείδεος
3206 4552 3309 4624 ὕλη
3369 4554 3458 4608 καὶ
3538 4553 3744 4625 ἄποιος,

2107 4647 2322 4718 πρῶτον
2355 4641 2708 4714 ὑποκείμενον
2755 4642 2850 4703 τὰς
2899 4642 3118 4717 πρώτας
3177 4641 3566 4716 ἀντικειμένοις
3625 4665 3746 4698 κατ-

2107 4730 2379 4803 άλληλον,
2425 4736 2570 4807 τρεῖς
2630 4728 2732 4804 ἄρα
2781 4735 2888 4785 τῶν
2949 4736 3184 4809 φυσικῶν
3241 4733 3295 4785 αἱ
3345 4739 3444 4802 τῆς
3496 4734 3748 4808 γενέσεως

2106 4825 2316 4895 πρῶται
2375 4819 2575 4896 ἀρχαί’
2626 4820 2689 4872 τὸ
2748 4816 2916 4888 εἶδος,
2975 4822 3009 4888 ἡ
3082 4820 3332 4893 στέρησις
3383 4822 3473 4875 καὶ
3529 4824 3565 4890 ἡ
3623 4820 3746 4890 ὅλη.

2109 4908 2285 4966 Ἀλλὰ
2339 4908 2402 4964 τὸ
2464 4909 2558 4981 μὶν
2615 4906 2760 4970 εἶδος
2808 4909 2896 4963 καὶ
2928 4911 2961 4977 ἡ
3007 4907 3112 4979 ὕλη
3171 4911 3286 4964 καθ’
3317 4910 3450 4964 αὑτὰ
3505 4915 3744 4966 νοοῦνται

2108 4997 2295 5073 ἀρχαί,
2329 4995 2418 5052 διὰ
2445 4997 2508 5052 τὸ
2557 4999 2656 5066 τήν
2691 4996 2828 5066 ὕλην
2864 4998 3176 5060 ὑποκεῖσθαι
3207 5002 3288 5070 τῷ
3336 4996 3486 5071 εἷ’δει,
3518 5000 3607 5053 καὶ
3665 4998 3744 5052 ἀν-

2104 5088 2365 5142 τικεῖσθαι
2397 5086 2561 5158 αὐτῷ.
2593 5087 2685 5140 Διὸ
2735 5087 2825 5139 καὶ
2883 5085 3139 5159 ὑπομένει
3187 5088 3409 5162 προσιὸν
3467 5088 3615 5160 αὐτὸ,
3661 5086 3744 5140 καὶ

2107 5175 2308 5254 ἐφίεται
2375 5173 2586 5248 μᾶλλον
2641 5175 2824 5231 αὑτοῦ.
2881 5179 2940 5228 Ἦ
2986 5171 3042 5229 δὲ
3087 5177 3360 5249 στέρησις,
3411 5176 3742 5248 ἀντικειμένη

2105 5265 2194 5320 καὶ
2259 5264 2554 5326 ἀσὺνακτος
2602 5264 2733 5318 οὖσα
2781 5263 2920 5340 πρὸς
2963 5264 3025 5318 τὸ
3080 5261 3242 5338 εἶδος⁹
3276 5263 3538 5338 ἐξίσταται
3590 5264 3747 5319 ἐσιόνο

2105 5377 2198 5416 τος
2234 5353 2417 5410 αὑτοῦ.
2450 5355 2601 5409 Ὅθεν
2633 5353 2721 5408 καὶ
2770 5353 2905 5407 κατὰ
2952 5348 3297 5426 συμϐεϐηκὸς
3346 5354 3491 5430 ἀρχὴ
3550 5359 3742 5408 νοεῖται

2106 5447 2140 5513 ἡ
2175 5444 2445 5519 στέρησις,
2477 5443 2551 5504 ὡς
2607 5443 2769 5516 μόνον
2830 5443 3262 5518 προϋπάρχουσα
3315 5451 3416 5514 τῆς
3471 5445 3745 5519 γενέσεως.

2107 5532 2179 5586 Οὐ
2211 5533 2312 5608 γὰρ
2345 5531 2402 5586 ἂν
2436 5525 2614 5586 ἔσοιτο
2646 5531 2851 5608 γένεσις
2903 5533 2979 5604 μή
3031 5529 3198 5602 οὔσης
3247 5534 3546 5607 στερήσεως
3575 5551 3586 5561 ’
3637 5530 3746 5585 ἐπεὶ

2081 5687 2099 5720 7
2132 5676 2309 5751 Pbys.
2369 5694 2418 5732 c.
2477 5677 2532 5745 6,
2592 5680 2635 5732 t.
2695 5675 2787 5748 41,
2851 5675 2940 5740 43,
2995 5677 3082 5748 44,
3115 5676 3204 5734 47.
3279 5675 3504 5751 ⁸Ρῑιγε.
3537 5692 3588 5732 c.
3618 5677 3670 5748 7,
3702 5679 3744 5732 t.

855 5746 1028 5829 Pbys.
1059 5751 1114 5809 7.
1146 5753 1190 5810 t.
1218 5749 1312 5822 56,
1341 5746 1448 5818 57;
1481 5749 1508 5804 1
1542 5746 1716 5821 Phys.
1751 5765 1802 5804 c.
1831 5749 1887 5818 8,
1918 5753 1960 5807 t.
1989 5749 2081 5808 64.

3435 6431 3466 6438 -.,
3545 6430 3572 6436 _.
3640 6427 3672 6434 -
3719 6425 3762 6434 κα
3815 6424 3860 6432 -ι
3900 6423 3934 6428 —
