4108 6490
342 471 367 529 1
381 470 498 531 029

1669 467 2018 529 EPITOME
2061 466 2420 529 PHYSIGA.

3585 472 3611 530 l
3622 472 3741 534 030

340 602 404 657 τὸ
458 601 740 677 γινόμενον
786 602 845 657 ἐκ
900 603 976 674 μὴ
1043 599 1304 655 τοσούτου
1380 599 1677 678 πεφυκότος
1753 598 1979 674 γίνεται.

2098 618 2230 656 cum
2284 600 2479 655 formae
2537 604 2883 673 opponatur,
2941 606 2997 656 et
3061 619 3195 657 cum
3244 603 3372 675 ipsa
3399 603 3739 661 societatem
3786 626 3787 631 η

341 692 430 758 Μὴ
489 691 625 745 κατά
681 685 1026 763 συμϐεϐηκὸς
1075 686 1122 742 δ’
1169 687 1334 759 οὕσης
1403 688 1579 764 ἀρχῆς
1636 690 1734 756 τῆς
1785 689 1978 762 στερή-

343 799 500 847 σεως,
549 777 694 834 ἀλλὰ
738 779 855 833 καθ’
902 778 1051 846 αὑτὸ,
1103 775 1358 854 φθείροιτ⁹
1408 775 1466 831 ἂν
1514 777 1577 831 τὸ
1626 775 1980 848 ὑποκείμενον

343 867 397 922 ἐν
427 870 495 941 τῇ
524 867 726 938 ταύτης
755 862 1037 940 ἀποϐολῇ,
1077 863 1226 941 εἷ’περ
1273 867 1338 920 τὸ
1383 866 1516 920 εἶναι
1566 864 1711 937 αὐτῷ
1762 864 1851 918 σὺν
1905 868 1985 935 τῷ

341 956 653 1032 ἐστερῆσθαι
700 957 788 1026 ἧν.
836 956 1198 1032 Ἐστερημένη
1257 955 1357 1031 γὰρ
1413 959 1510 1010 τοῦ
1568 951 1744 1016 εἷ’δους
1791 956 1826 1022 ἡ
1876 952 1981 1021 ὕλη

343 1044 628 1122 ἐτύγχανεν
687 1044 838 1102 οὖσα.
888 1047 1049 1100 ’Ὠστε
1104 1049 1223 1106 πῶς
1283 1044 1376 1117 μὲν
1430 1050 1577 1120 τρεῖς
1639 1043 1805 1119 ἀρχαὶ
1855 1043 1985 1096 θεω-

344 1139 561 1212 ροῦνται
593 1139 698 1190 τῶν
748 1139 1023 1212 φυσικῶν’
1081 1138 1197 1195 πῶς
1257 1130 1315 1188 δὲ
1374 1130 1468 1187 δύο
1525 1140 1628 1202 τῆς
1684 1133 1987 1208 στερήσεως

341 1220 511 1293 οὔσης
569 1225 747 1300 ἀρχῆς
803 1224 939 1279 κατά
989 1217 1359 1296 συμϐεϐηκὸς,
1391 1218 1516 1277 ἀλλ’
1565 1221 1626 1276 οὐ
1683 1221 1802 1275 καθ’
1832 1217 1983 1274 αὑτό.

2089 689 2235 745 inire
2267 706 2380 745 non
2413 690 2617 761 possit,
2658 690 3020 763 ingrediente
3063 691 3192 763 ipsa
3247 692 3516 748 discedit.
3577 694 3739 750 Unde

2090 778 2263 833 etiam
2296 778 2538 850 privatio
2570 778 2921 851 principium
2955 796 3024 835 ex
3064 781 3357 836 accidente
3408 798 3537 838 esse
3566 782 3740 839 intel-

2092 865 2313 938 ligitur,
2349 871 2413 922 ut
2441 884 2567 937 qua
2599 873 2733 922 ante
2763 870 3195 939 generationem
3228 874 3456 926 tantum
3476 871 3741 928 exsistat.

2097 955 2299 1026 Neque
2328 955 2483 1010 enim
2511 956 2559 1011 si
2575 957 2943 1028 privationon
2963 958 3359 1030 sit,generatio
3389 960 3498 1015 erit
3521 977 3533 1014 :
3561 977 3745 1032 quan-

2093 1042 2407 1113 doquidem
2440 1044 2595 1113 quod
2616 1048 2946 1115 generatur,
2978 1061 3047 1100 ex
3076 1061 3141 1100 eo
3174 1046 3459 1117 quodnon
3474 1053 3562 1102 est
3584 1051 3741 1119 ejus-

2094 1129 2274 1194 modi,
2306 1131 2407 1186 sed
2437 1131 2507 1185 ad
2539 1131 2596 1185 id
2611 1136 2812 1203 aptum
2834 1138 3037 1188 natum
3058 1138 3486 1206 est,generatur
3509 1137 3742 1202 i°.Quod

2098 1219 2146 1274 si
2175 1224 2371 1273 autem
2389 1218 2630 1290 privatio
2653 1236 2768 1274 non
2791 1225 2944 1275 esset
2960 1221 3312 1293 principium
3333 1240 3434 1296 per
3451 1223 3740 1293 accidens,

346 1316 449 1371 sed
479 1331 585 1388 per
613 1331 676 1371 se
699 1333 713 1385 ;
738 1315 1070 1387 subjectum
1101 1314 1307 1387 utique
1327 1313 1386 1370 in
1419 1310 1919 1384 illius.abjectione
1932 1311 2398 1379 corrumperetur
2422 1325 2435 1375 ;
2456 1307 2747 1379 siquidem
2772 1309 3157 1381 ipsiessentiaa
3171 1311 3479 1380 ratio,cum
3505 1330 3570 1370 eo
3590 1316 3746 1387 quod

342 1408 433 1460 est
459 1403 752 1476 privatum
782 1420 933 1472 esse,
965 1403 1153 1471 foret;
1186 1402 1432 1459 materia
1461 1401 1678 1474 quippe
1708 1400 1897 1456 forma
1925 1396 2150 1470 privata
2176 1400 2349 1452 esset.
2376 1397 2817 1463 Quodammodo
2840 1413 2975 1470 ergo
3004 1398 3138 1464 tria,
3170 1400 3605 1472 quodammodo
3630 1404 3745 1459 duo

339 1490 699 1548 naturalium
727 1491 1082 1564 (corporum)
1113 1490 1401 1564 principia
1429 1488 1871 1546 considerantur
1898 1489 1942 1523 ¹¹
1970 1504 1984 1556 ;
2017 1501 2150 1542 cum
2164 1484 2408 1557 privatio
2422 1502 2539 1541 non
2551 1484 2629 1541 sit
2649 1485 3000 1559 principium
3016 1489 3316 1559 perse,sed
3340 1491 3740 1561 peraccidens.

414 1580 478 1643 ς’.
509 1577 694 1650 ’Ἄλλη
729 1576 788 1635 δέ
816 1578 955 1634 ἐστιν
985 1581 1021 1648 ἡ
1054 1577 1107 1634 ἐν
1164 1583 1287 1641 ταῖς
1342 1577 1697 1654 κατηγορίαις
1755 1574 1985 1631 ἀντικει-

346 1664 478 1741 μένη
508 1671 578 1742 τῇ
605 1664 710 1739 ἕξει
758 1669 1031 1745 στέρησις,
1066 1667 1143 1729 ὡς
1172 1669 1209 1736 ἠ
1238 1664 1515 1745 τυφλότης
1562 1669 1632 1740 τῇ
1691 1659 1832 1738 ἕψει,
1863 1663 1985 1733 ἥτις

341 1754 458 1810 οὐδ’
488 1757 824 1830 ἀνακάμπτει
852 1757 990 1833 πρὸς
1038 1757 1134 1826 τὴν
1187 1752 1293 1828 ἕξιν
1354 1753 1657 1830 μετέχουσά
1710 1774 1827 1814 πως
1884 1758 1986 1822 τῆς

340 1844 640 1916 ποιότητος
679 1845 770 1900 καὶ
829 1844 963 1915 αὐτὴ
1015 1844 1105 1899 καὶ
1161 1844 1661 1921 παρακεχρωσμένη
1721 1847 1801 1913 τῷ
1857 1838 1985 1895 εἷ’δει

344 1934 407 1989 οὗ
438 1932 651 2012 λέγεται
701 1933 973 2011 στέρησις.
1004 1931 1187 2004 ’Δλλη
1223 1930 1281 1987 δὲ
1326 1931 1490 1987 πάλιν
1539 1930 1672 2002 αὕτη
1714 1933 1750 1999 ἡ
1801 1931 1989 2004 στέρη-

346 2043 432 2085 σις
489 2021 913 2096 ἀνακάμπτουσα
992 2022 1131 2097 πρὸς
1184 2022 1248 2076 τὸ
1297 2018 1441 2082 οἶδος
1496 2021 1585 2075 καὶ
1641 2018 1983 2091 ἀντικειμένη

344 2111 510 2185 αὐτῷ,
542 2111 650 2187 οὐχ
678 2111 754 2174 ὡς
782 2111 1035 2188 στέρησις
1088 2107 1192 2181 ἕξει
1243 2110 1359 2184 (κᾶν
1410 2111 1662 2186 στέρησις
1711 2106 1987 2181 ὀνομάζη-

338 2203 473 2275 ται),
505 2200 630 2256 ἀλλ’
686 2200 827 2270 ὡςὴ
858 2199 1062 2276 ἠρεμία
1114 2203 1184 2273 τῇ
1239 2201 1449 2270 κινήσει
1508 2199 1599 2253 καὶ
1656 2195 1866 2269 ἁπλῶς,
1911 2197 1987 2258 ὡς

2167 1576 2219 1629 6.
2254 1573 2384 1630 Alia
2411 1578 2607 1631 autem
2627 1579 2717 1631 est
2744 1575 3140 1648 privatio,quae
3172 1577 3229 1632 in
3262 1579 3625 1652 categoriis“
3644 1582 3745 1637 ha-

2096 1662 2247 1718 bitui
2272 1663 2603 1736 opponitur,
2632 1664 2853 1720 utvisui
2879 1664 3128 1733 caecitas,
3162 1682 3287 1738 quae
3318 1684 3621 1741 nunquam
3667 1670 3741 1727 ad

2095 1752 2367 1808 habitum
2398 1754 2722 1821 revertitur,
2756 1755 3189 1825 quodammodo
3220 1756 3500 1814 nimirum
3530 1764 3586 1813 et
3615 1758 3744 1832 ipsa

2097 1840 2400 1912 qualitatis
2429 1842 2720 1914 particeps
2751 1847 2807 1897 et
2826 1842 3006 1899 tincta
3062 1844 3110 1898 9
3170 1844 3270 1899 illa
3328 1846 3518 1902 forma
3571 1851 3743 1917 cujus

2097 1929 2341 2001 privatio
2372 1930 2608 1986 dicitur.
2638 1932 2768 1986 Alia
2795 1936 2992 1987 autem
3049 1950 3256 1989 rursus
3314 1934 3438 1991 haec
3500 1936 3742 2008 privatio

2096 2035 2224 2091 qua
2254 2020 2326 2074 ad
2357 2019 2605 2076 formam
2636 2020 2802 2088 redit,
2837 2020 3007 2092 eique
3059 2023 3395 2095 opponitur,
3448 2042 3562 2081 non
3613 2025 3743 2098 qui-

2096 2109 2231 2163 dem
2263 2113 2327 2163 ut
2355 2107 2580 2163 habitui
2612 2108 2854 2181 privatio
2897 2111 3155 2180 (tametsi
3188 2112 3432 2184 privatio
3478 2115 3744 2171 nomine-

2096 2195 2240 2265 tur?,
2273 2198 2374 2253 sed
2406 2201 2472 2252 ut
2500 2197 2668 2269 quies
2700 2198 2905 2265 motui,
2933 2204 2990 2254 et
3020 2203 3082 2254 ut
3121 2200 3468 2273 simpliciter
3522 2204 3742 2261 dicam-

339 2270 612 2347 τάναντία.
643 2290 720 2344 Τά
769 2289 871 2366 γὰρ
901 2270 1213 2357 ’ἐναντία-ἢ
1275 2284 1391 2358 εἷ’δη
1452 2287 1542 2343 καὶ
1601 2284 1766 2366 ἄμφω
1824 2285 1983 2357 ἐστὶν,

2098 2284 2334 2357 perinde
2388 2290 2455 2341 ut
2510 2286 2818 2342 contraria.
2878 2287 3024 2343 Nam
3081 2305 3208 2360 quae
3239 2270 3532 2347 contraria
3580 2299 3737 2362 sunt,

341 2378 420 2442 ὡς
460 2379 674 2454 ψυχρὸν
721 2377 812 2432 καὶ
860 2377 1092 2453 θερμόν·
1153 2378 1190 2447 ἢ
1241 2378 1460 2453 θάτερον
1510 2375 1713 2451 ἐσχάτη
1762 2375 1987 2451 θατέρου

336 2466 654 2530 ἀπόπτωσις
702 2466 801 2539 (ὡς
847 2469 881 2537 ἡ
929 2466 1111 2521 ἀδικία
1146 2466 1235 2521 καὶ
1266 2468 1303 2536 ἡ
1335 2463 1552 2538 δειλία),
1582 2464 1817 2543 πεφυκὸς
1868 2464 1989 2537 μέν·

334 2578 420 2612 τοι
451 2556 590 2634 πρὸς
625 2556 689 2611 τὸ
736 2553 878 2619 εἶδος
925 2556 1311 2629 ἀνακάμπτειν.
1343 2557 1469 2610 Ὅτε
1524 2552 1583 2609 δὲ
1628 2555 1705 2628 μὴ
1752 2554 1983 2632 πέφυκεν

341 2646 727 2720 ἀνακάμπτειν,
755 2643 870 2700 τότ’
918 2642 1058 2700 ἐστὶν
1119 2639 1290 2707 ὅντως
1341 2644 1610 2720 στέρησις.
1659 2641 1807 2713 Αὕτη
1861 2639 1920 2696 δὲ
1948 2644 1983 2710 ἡ

339 2739 422 2807 τῷ
478 2731 606 2789 εἷ’δει
658 2733 997 2808 ἀντικειμένη
1066 2733 1313 2809 στέρησις
1391 2733 1526 2806 μετὰ
1574 2739 1677 2802 τῆς
1731 2731 1867 2806 πρὸς
1923 2730 1986 2784 τὸ

340 2818 484 2884 εἶδος
525 2818 972 2892 ἐπιτηδειότητος
1021 2822 1326 2897 θεωρεῖται,
1369 2818 1609 2895 καθάπερ
1655 2819 1745 2873 καὶ
1794 2820 1830 2887 ἡ
1864 2818 1988 2893 ἠρε-

345 2908 446 2981 μία
497 2910 631 2984 μετὰ
682 2912 782 2979 τῆς
853 2909 991 2985 πρὸς
1060 2910 1160 2978 τήν
1234 2908 1445 2978 κίνησιν
1522 2904 1983 2978 ἐπιτηδειότητος.

340 2998 575 3075 Ἠρεμία
623 3018 684 3053 τε
736 3000 839 3075 γάρ
903 2996 1043 3053 ἐστιν
1101 3000 1136 3068 ἡ
1192 3003 1289 3052 τοῦ
1362 2995 1663 3076 πεφυκότος
1729 2997 1984 3051 κινεῖσθαι

344 3086 634 3159 ἀκινησία·
704 3089 794 3143 καὶ
865 3087 1116 3164 στέρησις
1180 3085 1410 3142 ἀπουσία
1464 3085 1514 3142 ἐν
1569 3091 1648 3159 τῷ
1703 3084 1983 3164 πεφυκότι.

340 3176 531 3232 Τοίνυν
583 3176 719 3231 κατὰ
775 3177 874 3245 τὴν
931 3180 1041 3231 τῶν
1097 3174 1346 3231 ἐναντίων
1405 3174 1749 3247 ἀντίθεσιν,ἡ
1791 3174 1985 3250 στέρη-

341 3288 427 3329 σις
469 3267 561 3321 καὶ
597 3266 659 3320 τὸ
686 3262 827 3328 εἶδος
876 3264 1188 3323 ἀντίκειται.
1227 3267 1389 3320 Ὥστε
1433 3264 1568 3320 κατά
1607 3266 1705 3332 τήν
1753 3263 1828 3326 εἰς
1886 3261 1984 3319 ἄλ-

341 3352 495 3426 ληλα
519 3353 725 3409 τούτων
762 3348 1073 3429 μεταϐολὴν
1104 3355 1204 3424 τὴν
1232 3352 1434 3430 γένεσιν
1491 3352 1851 3409 ἐπιτελεῖσθαι
1896 3352 1987 3407 καὶ

339 3445 443 3515 τήν
476 3442 675 3523 φθοράν
688 3488 701 3499 .

2095 2379 2199 2431 aut
2226 2374 2402 2431 etiam
2429 2376 2601 2431 ambo
2631 2376 2855 2448 species
2886 2380 3043 2449 sunt,
3078 2382 3143 2433 ut
3172 2378 3450 2452 frigidum
3500 2386 3558 2436 et
3599 2382 3744 2438 cali-

2094 2463 2237 2518 dum
2262 2506 2275 2532 ,
2309 2462 2688 2518 aut'alterum
2721 2464 2793 2519 ab
2822 2464 3002 2521 altero
3032 2464 3374 2540 longissime
3404 2469 3596 2539 cadit;
3643 2472 3744 2527 sed

2094 2551 2177 2608 ita
2204 2556 2401 2611 tamen
2433 2556 2642 2607 natura
2669 2558 3069 2625 comparatum
3100 2559 3210 2624 est,
3256 2561 3323 2612 ut
3367 2558 3440 2613 ad
3497 2560 3746 2616 formam

2094 2640 2280 2697 redire
2307 2640 2507 2714 possit.
2541 2641 2687 2696 Cum
2715 2645 2913 2697 autem
2946 2648 3160 2700 natura
3200 2644 3285 2701 sic
3341 2653 3747 2719 comparatum

2092 2746 2208 2785 non
2231 2734 2338 2801 est,
2373 2735 2438 2785 ut
2467 2730 2671 2786 reverti
2702 2730 2907 2802 possit.
2940 2735 3080 2788 tunc
3137 2750 3269 2790 vere
3324 2740 3415 2791 est
3467 2736 3738 2809 privatio.

2093 2822 2281 2891 Atque
2312 2818 2433 2875 haec
2464 2820 2660 2875 forma:
2702 2821 2971 2893 opposita
3021 2821 3270 2894 privatio
3325 2841 3461 2880 cum
3520 2826 3738 2898 aptitu-

2094 2908 2232 2965 dine
2263 2910 2333 2963 ad
2366 2908 2614 2964 formam
2641 2925 2654 2973 ;
2681 2909 3180 2980 quemadmodum
3212 2913 3386 2968 etiam
3418 2914 3749 2985 quies,cum

2095 2997 2424 3071 aptitudine
2455 2997 2525 3053 ad
2557 3003 2786 3053 motum
2817 2999 3237 3056 consideratur.
3286 3002 3434 3057 Nam
3493 3006 3551 3058 et
3578 3004 3746 3075 quies

2095 3092 2186 3143 est
2213 3087 2597 3143 immobilitas
2627 3087 2756 3158 ejus
2786 3089 2942 3160 quod
2973 3089 3055 3145 ita
3079 3096 3287 3145 natura
3343 3098 3748 3164 comparatum

2095 3180 2203 3247 est,
2262 3180 2326 3232 ut
2377 3177 2573 3232 noveri
2633 3177 2852 3249 possit;
2886 3182 2944 3233 et
2971 3177 3237 3250 privatio,
3277 3184 3366 3236 est
3394 3180 3660 3236 absentia
3684 3181 3746 3237 in

2096 3284 2162 3324 eo
2221 3267 2375 3338 quod
2425 3265 2510 3321 sic
2539 3270 2749 3321 natura
2778 3272 3182 3338 comparatum
3211 3271 3320 3324 est.
3353 3268 3599 3325 Proinde
3630 3286 3746 3341 qua

2095 3356 2320 3413 ratione
2347 3353 2639 3410 contraria
2666 3355 3096 3427 pugnantinter
3121 3357 3454 3429 se,privatio
3483 3363 3541 3413 et
3561 3358 3750 3414 forma

2096 3447 2495 3518 opponuntur,
2530 3446 2595 3499 ut
2623 3460 2727 3515 per
2754 3447 3019 3500 mutuam
3049 3444 3313 3518 ipsarum
3364 3448 3745 3504 mutationem

2097 3533 2392 3609 generatio
2421 3538 2480 3590 et
2508 3534 2800 3606 corruptio
2831 3534 3170 3607 perﬁciatur
3201 3535 3265 3590 ⁸³.

415 3623 476 3693 ζ’.
508 3621 662 3680 Ἀλλ’
691 3620 742 3677 εἷ’
763 3620 1018 3677 τάναντία
1046 3620 1149 3677 ὑπὸ
1176 3621 1241 3676 τὸ
1285 3619 1415 3676 αὐτὸ
1460 3621 1614 3699 γένος
1660 3622 1783 3694 εἰσί,
1815 3620 1879 3677 τό
1929 3619 1987 3678 δὲ

2166 3626 2222 3680 7.
2255 3624 2367 3680 Sed
2398 3624 2553 3679 dicat
2580 3622 2815 3695 aliquis]
2848 3623 2898 3679 si
2929 3624 3221 3681 contraria
3249 3625 3358 3681 sub
3377 3625 3582 3681 eodem
3611 3630 3754 3682 sunt

342 3708 489 3774 εἶδος
541 3710 633 3766 καὶ
680 3713 716 3782 ἡ
749 3709 999 3787 στέρησις
1048 3708 1273 3784 ἐναντία,
1322 3709 1550 3786 πότερον
1602 3710 1704 3766 ὑπὸ
1750 3711 1813 3766 τὸ
1859 3710 1987 3766 αὐτὸ

338 3801 495 3877 γένος
546 3799 705 3869 εἷσίν;
750 3796 789 3869 ἤ
836 3800 1052 3861 πάντως
1095 3799 1271 3854 ἐκεῖνα
1313 3804 1422 3855 τῶν
1468 3799 1719 3855 ἐναντίων
1767 3800 1869 3855 ὑπὸ
1924 3801 1988 3855 τὸ

340 3889 474 3946 αὐτὸ
502 3887 657 3965 γένος
697 3887 859 3957 ἐστὶν,
891 3887 990 3943 ὅσα
1030 3884 1145 3959 εἷ’δη
1197 3888 1287 3944 καὶ
1339 3890 1524 3966 ἄμφω,
1557 3890 1734 3952 καθὼς
1781 3889 1845 3944 τὸ
1892 3892 1989 3964 ψυ-

344 3979 483 4056 χρὸν
531 3977 621 4033 καὶ
677 3976 739 4032 τὰ
796 3976 1025 4053 θερμόνο
1087 3978 1159 4031 ὧν
1216 3974 1274 4032 δὲ
1330 3978 1549 4053 θάτερον
1599 3977 1802 4053 ἐσχάτη
1854 3977 1989 4033 ἀπό-

344 4087 554 4129 πτωσις
598 4070 696 4121 τοῦ
744 4063 965 4139 λοιποῦ,
993 4066 1142 4121 ταῦτ’
1194 4064 1293 4120 οὐκ
1336 4065 1537 4142 ἀνάγκη
1581 4070 1661 4139 τῷ
1706 4065 1851 4139 αὐτῷ
1899 4065 1989 4142 γέ-

344 4177 428 4213 νει
459 4152 808 4231 συνάγεσθαιο
869 4152 1050 4230 ὥσπερ
1108 4150 1223 4208 οὐδ’
1267 4153 1456 4217 ἁπλῶς
1509 4155 1609 4223 τὴν
1667 4152 1987 4231 ἀνυπαρξίαν

347 4244 439 4301 καὶ
500 4246 599 4315 τὴν
656 4242 901 4321 ὕπαρξιν.
933 4245 1003 4298 Τὸ
1047 4243 1141 4317 μὲν
1194 4244 1298 4319 γὰρ
1349 4243 1448 4299 οὐκ
1497 4240 1628 4313 ἔστι,
1658 4244 1720 4299 τὸ
1761 4241 1807 4298 δ’
1857 4241 1990 4302 ἔστι.

345 4337 456 4389 Τοῦ
515 4334 591 4407 μὴ
651 4327 805 4395 ὄντος
837 4329 896 4388 δὲ
931 4331 1022 4387 καὶ
1069 4336 1169 4388 τοῦ
1217 4329 1371 4394 ὄντος
1426 4336 1545 4395 πῶς
1593 4331 1653 4387 ἂν
1706 4330 1789 4402 εἷή
1839 4333 1990 4409 γένος

344 4420 570 4491 κοινόν;
621 4420 731 4476 Οὔκ
781 4418 890 4491 ἤδη
939 4421 1141 4492 τοίνυν,
1186 4420 1335 4499 εἷ’περ
1397 4421 1551 4477 οὐσία
1614 4442 1697 4483 τις
1745 4423 1807 4476 τὸ
1854 4419 1993 4484 εἶδός

350 4511 514 4584 ἐστιν,
544 4506 708 4567 ἔσοιτ’
749 4509 811 4566 ἃν
864 4510 957 4566 καὶ
985 4513 1021 4581 ἡ
1062 4511 1311 4588 στέρησις
1352 4510 1499 4574 ὅλως
1551 4510 1722 4566 οὐσία.
1763 4511 1834 4565 Τὸ
1896 4511 1990 4585 μὲν

345 4600 449 4678 γὰρ
499 4596 640 4662 εἶδος
691 4599 807 4654 ἐπεὶ
860 4599 995 4673 μετά
1036 4605 1137 4670 τῆς
1183 4597 1323 4672 ὕλης
1360 4600 1459 4668 τὴν
1518 4598 1768 4664 σύνθετον
1808 4599 1991 4654 οὐσίαν

348 4687 684 4760 συνίστησιν,
715 4684 799 4758 εἴη
850 4688 910 4743 ἂν
964 4686 1053 4743 καί
1112 4686 1265 4744 οὐσία
1320 4706 1435 4752 τις·
1468 4691 1504 4759 ἡ
1538 4685 1598 4744 δέ
1633 4710 1696 4764 γε
1744 4689 1995 4766 στέρησις

345 4777 448 4846 τήν
518 4776 769 4841 σύνθετον
842 4775 1025 4832 οὐσίαν
1084 4773 1381 4833 διαλύουσά
1423 4798 1484 4833 τε
1536 4777 1626 4832 καὶ
1683 4777 1993 4855 φθείρουσα,

348 4870 468 4929 πῶς
502 4864 562 4921 ἂν
615 4862 700 4936 εἴη
756 4862 903 4928 ὅλως
959 4864 1152 4934 οὐσίας
1204 4862 1302 4936 Εἷίη
1356 4862 1401 4920 δ’
1454 4865 1513 4921 ἂν
1552 4865 1616 4921 τὸ
1661 4863 1803 4929 εἶδος
1841 4865 1997 4921 οὐσία

352 4952 568 5029 μᾶλλον
615 4955 706 5010 καὶ
752 4954 814 5009 οὐ
883 4949 1250 5029 συμϐεϐηκὸς,
1297 4955 1387 5010 καὶ
1437 4954 1489 5010 ἐν
1546 4954 1880 5029 ὑποκειμένῳ
1924 4959 1993 5030 τῇ

348 5041 456 5118 ὕλῃ
502 5044 844 5120 γινώσκεται,
874 5041 964 5099 διὰ
1008 5044 1072 5099 τὸ
1123 5044 1258 5118 μετά
1295 5051 1397 5115 τῆς
1446 5043 1586 5116 ὕλης
1614 5046 1714 5114 τήν
1747 5045 1991 5100 σύνθετον

347 5132 532 5188 οὐσίαν
589 5132 900 5204 ἀποτελεῖν,
958 5132 1123 5210 μέρος
1179 5131 1380 5204 ταύτης
1449 5133 1760 5210 γινόμενον,
1815 5133 1995 5211 ὥσπερ

347 5221 417 5291 δὴ
447 5221 538 5277 καὶ
567 5224 603 5292 ἡ
636 5220 765 5294 ὕλη.
799 5221 898 5277 Καὶ
935 5221 1115 5295 τούτῳ
1156 5219 1458 5301 διαφέροιεν
1509 5221 1569 5278 ἂν
1620 5220 1884 5295 ἀλλήλων
1933 5223 1996 5278 τὸ

350 5307 498 5373 εἶδος
545 5309 639 5365 καῖ
680 5310 744 5365 τὸ
793 5304 1163 5385 συμϐεϐηκὸς,
1191 5311 1287 5366 κᾶν
1339 5308 1505 5389 ἄμφω
1553 5310 1605 5366 ἐν
1657 5311 1997 5385 ὑποκειμένῳ

350 5397 604 5475 λέγοιντο
636 5398 790 5475 εἶναι,
822 5397 905 5454 ὅτι
933 5399 998 5455 τὸ
1032 5400 1126 5474 μὶν
1156 5394 1502 5474 συμϐεϐηκὸς
1544 5403 1614 5475 τῇ
1667 5399 1825 5472 οὐσίᾳ
1874 5421 1995 5455 συν-

351 5485 515 5544 ελθὸν
569 5486 632 5542 οὐ
672 5484 892 5544 δύναταί
944 5508 998 5543 τι
1050 5494 1277 5559 ποιῆσαι
1336 5488 1589 5545 σύνθετον
1647 5490 1763 5564 μετ’
1790 5489 1996 5560 αὐτ-ἧς’

350 5574 534 5652 ὥσπερ
591 5572 660 5644 δὴ
714 5576 807 5632 καὶ
843 5578 879 5646 ἡ
929 5575 1179 5653 στέρησις
1235 5578 1310 5651 μὴ
1372 5574 1644 5652 δυναμένη
1709 5578 1844 5651 μετά
1898 5584 1998 5647 τῆς

2025 5006 2072 5071 D

2095 3731 2342 3789 genere;
2394 3714 2581 3768 forma
2636 3717 2831 3768 autem
2889 3717 2948 3769 et
2990 3712 3236 3784 privatio
3265 3714 3559 3769 contraria
3587 3720 3750 3780 sunt,

2095 3810 2295 3859 utrum
2326 3803 2435 3857 sub
2466 3801 2668 3856 eodem
2698 3816 2907 3873 genere
2953 3802 3173 3857 erunt?
3229 3819 3306 3858 an
3364 3803 3601 3860 omnino
3654 3802 3751 3860 illo

2096 3894 2199 3949 10
2229 3892 2465 3946 demum
2498 3889 2791 3945 contraria
2819 3893 2961 3945 sunt
2990 3890 3101 3946 sub
3132 3891 3334 3947 eodem
3366 3908 3748 3965 genere,quae

2098 3979 2270 4036 ambo
2302 3977 2478 4033 etiam
2509 3976 2733 4048 species
2762 3982 2921 4045 sunt,
2955 3982 3022 4033 ut
3051 3978 3328 4051 frigidum
3368 3986 3425 4036 et
3453 3980 3750 4049 calidum;

2098 4083 2349 4140 quorum
2380 4070 2577 4121 autem
2608 4064 2856 4121 alterum
2887 4083 2921 4121 a
2950 4066 3174 4139 reliquo
3203 4067 3546 4140 longissime
3575 4069 3754 4140 cadit,

2098 4157 2222 4213 haec
2253 4157 2326 4212 ad
2357 4156 2512 4211 idem
2543 4171 2729 4227 genus
2758 4154 2951 4228 colligi
2982 4173 3098 4212 non
3136 4160 3225 4213 est
3252 4173 3524 4227 necesse;
3550 4174 3753 4232 quem-

2100 4245 2418 4303 admodum
2474 4248 2538 4299 ut
2619 4242 2965 4315 simpliciter
3019 4245 3233 4313 dicam,
3274 4262 3378 4303 nec
3406 4247 3753 4304 exsistentiaa

2100 4334 2483 4408 privationem
2513 4336 2570 4388 et
2596 4332 2785 4404 ipsam
2830 4333 3247 4390 exsistentiam.
3300 4334 3402 4391 Illa
3431 4334 3609 4407 enim,
3638 4352 3754 4392 non

2101 4428 2228 4492 est;
2262 4423 2407 4490 haec,
2440 4425 2548 4491 est,
2579 4422 2756 4493 Atqui
2788 4422 2917 4493 ejus
2948 4423 3104 4494 quod
3135 4428 3242 4496 est,
3302 4427 3358 4479 et
3413 4424 3543 4495 ejus
3598 4425 3752 4496 quod

2101 4516 2357 4579 nonest,
2403 4511 2502 4583 qui
2560 4527 2871 4566 commune
2926 4527 3113 4584 genus
3160 4529 3288 4569 esse
3341 4513 3573 4585 possit?
3629 4513 3756 4569 Non

2101 4618 2236 4674 ergo
2268 4599 3066 4674 protinus,siquidemtorma
3094 4600 3172 4656 sit
3193 4601 3447 4657 essentia
3489 4601 3754 4674 quaedam

2102 4692 2278 4747 etiam
2361 4688 2605 4761 privatio
2683 4688 2938 4744 essentia
3003 4688 3241 4745 omnino
3298 4689 3491 4746 fuerit.
3549 4691 3759 4747 Forma

2102 4781 2260 4836 enim
2309 4778 2449 4850 quia
2496 4794 2630 4834 cum
2690 4777 2936 4834 materia
2984 4779 3301 4835 essentiam
3372 4779 3758 4853 compositam

2105 4867 2428 4935 constituit,
2461 4866 2717 4923 essentia
2748 4867 3014 4939 quaedam
3047 4868 3221 4923 fuerit
3243 4885 3257 4937 ;
3281 4872 3341 4924 at
3360 4885 3494 4924 vero
3515 4868 3762 4941 privatio

2106 4956 2244 5029 quia
2302 4955 2555 5029 positam
2614 4956 2930 5011 essentiam
3005 4954 3272 5012 dissolvit
3319 4960 3375 5013 et
3413 4957 3758 5030 corrumpit,

2103 5046 2395 5119 quomodo
2424 5044 2663 5100 tandem
2694 5044 2947 5100 essentia
2971 5061 3099 5101 esse
3130 5045 3385 5117 poterit?
3423 5047 3633 5102 Forma
3662 5063 3763 5103 au-

2103 5139 2222 5191 tem
2253 5133 2508 5190 essentia
2535 5133 2730 5205 potius
2759 5133 2954 5202 fuerit,
2985 5139 3042 5189 et
3071 5150 3184 5190 non
3216 5134 3486 5191 accidens
3514 5154 3527 5192 :
3551 5139 3760 5192 tamet-

2104 5224 2156 5279 si
2205 5224 2264 5278 in
2324 5223 2612 5293 subjecto,
2671 5221 2732 5277 in
2784 5221 3047 5291 materia,
3079 5238 3207 5279 esse
3237 5231 3763 5296 agnoscatur,pro-

2105 5317 2305 5384 pterea
2333 5312 2489 5382 quod
2518 5327 2653 5366 cum
2706 5310 2954 5366 materia
3008 5312 3395 5384 compositam
3442 5312 3761 5368 essentiam

2052 5443 2054 5445 ›
2106 5401 2342 5469 efficiat,
2373 5416 2507 5455 cum
2538 5416 2675 5473 pars
2722 5399 2801 5456 sit
2853 5399 3036 5469 illius,
3092 5401 3593 5474 quemadmodum
3622 5417 3763 5459 sane

2106 5489 2285 5546 etiam
2316 5487 2580 5546 materia.
2609 5491 2796 5562 Atque
2823 5489 2933 5546 hoc
2979 5506 3014 5546 a
3066 5507 3129 5546 se
3185 5489 3431 5546 invicem
3489 5490 3679 5547 forma
3706 5494 3764 5546 et

2107 5578 2377 5634 accidens
2408 5577 2702 5647 diﬂ'erunt,
2735 5579 2974 5635 tametsi
3005 5579 3179 5635 ambo
3222 5578 3282 5635 in
3341 5578 3603 5650 subjecto
3635 5594 3763 5634 esse

421 5722 473 5847 1g
494 5720 729 5847 itPgﬂys.
757 5737 809 5791 ο,
836 5722 894 5791 8,
924 5725 969 5778 t.
1001 5722 1092 5777 66.
1172 5723 1215 5758 “
1248 5723 1274 5778 1
1311 5722 1482 5797 Phys.
1515 5739 1567 5780 ο.
1599 5723 1656 5796 8,
1689 5725 1733 5778 t.
1765 5722 1857 5794 67,
1888 5723 1979 5779 70.

2098 5725 2103 5758 ι
2132 5721 2257 5778 Lib.
2287 5723 2479 5794 Categ.
2514 5738 2564 5779 ο.
2600 5721 2687 5790 10,
2717 5737 2767 5795 ε,
2796 5722 2887 5779 20.
2991 5722 3034 5758 ¹³
3066 5722 3092 5777 1
3117 5721 3294 5798 Pbys.
3344 5737 3396 5778 ο.
3425 5721 3481 5777 6.
3510 5723 3555 5777 t.
3584 5720 3674 5788 50,
3706 5723 3764 5779 et

352 5810 407 5850 c.
437 5794 494 5864 8,
524 5796 570 5850 t.
601 5794 690 5849 37.
