4108 6466
376 484 527 546 1031

1609 478 2040 541 NICEPHORI
2084 479 2524 542 BLEMMIDE

3623 478 3785 539 1032

370 616 661 685 dicantur,
696 613 852 686 quod
885 611 1153 668 accidens
1185 627 1319 666 cum
1349 611 1605 667 essentia
1646 628 2028 685 congressum

2148 606 2281 680 ὕλης
2311 609 2558 665 σύνθετόν
2587 631 2640 665 τι
2689 615 2936 680 ποιῆσαι,
2968 604 3317 682 συμϐεϐηκός
3369 608 3479 665 ἐστι
3536 612 3607 683 τῇ
3654 609 3782 683 ὕλῃ.

372 721 488 759 non
520 706 714 775 potest
742 699 961 771 aliquid
1004 715 1140 753 cum
1195 715 1264 753 ea
1315 698 1711 769 compositum
1768 698 2032 767 efﬁcere;

372 789 871 866 quemadmodum
900 804 1042 843 sane
1069 785 1245 841 etiam
1276 786 1695 858 privatio,quia
1712 803 1828 842 non
1846 790 2038 859 potest

2143 699 2214 752 Τὸ
2245 696 2290 753 δ’
2322 696 2462 761 εἶδος
2492 700 2589 769 τὴν
2619 698 2863 754 σύνθετον
2894 697 3076 753 οὐσίαν
3112 699 3245 771 μετὰ
3273 704 3373 762 τῆς
3429 695 3571 768 ὕλης
3613 702 3784 769 ποιεῖ,

2143 785 2420 842 κάντεῦθεν
2453 786 2552 842 οὐκ
2581 783 2693 843 ἔστι
2721 780 3090 861 συμϐεϐηκός.

372 896 508 936 cum
566 877 811 934 materia
865 876 1088 948 aliquid
1147 877 1243 930 ιι
1306 876 1700 946 compositum
1759 876 2079 948 efficere“,
2140 877 2412 934 accidens
2441 882 2532 934 est
2590 877 2888 934 materiae:
2922 877 3111 933 forma
3146 879 3344 933 autem
3375 893 3509 934 cum
3539 876 3790 934 materia

373 968 690 1025 essentiam
739 966 1122 1038 compositam
1154 964 1371 1031 efﬁcit;
1414 968 1471 1019 et
1491 964 1735 1036 proinde
1766 982 1881 1020 non
1915 969 2006 1021 est
2037 965 2324 1022 accidens.

441 1060 496 1114 8.
546 1056 710 1123 Quod
751 1055 801 1111 si
851 1056 1102 1127 [regeret
1153 1052 1367 1125 aliquis
1426 1053 1705 1125 amplius]
1764 1055 2030 1110 essentia

373 1146 520 1202 nihil
552 1144 930 1209 contrarium,
964 1144 1160 1198 formae
1210 1146 1405 1197 autem
1458 1142 1703 1214 privatio
1752 1147 1842 1199 est
1896 1159 2030 1198 con-

375 1233 900 1308 traria,[quomodo
923 1232 1121 1288 formis
1138 1231 1249 1287 erit
1267 1232 1522 1287 essentia
1540 1231 1590 1303 ?]
1604 1234 1817 1287 Verum
1847 1231 1929 1286 illi
1943 1247 2036 1287 es-

375 1324 572 1382 sentiae
590 1321 733 1378 nihil
749 1327 839 1378 est
856 1319 1212 1376 contrarium
1224 1336 1371 1391 ,quaa
1384 1337 1689 1393 nunquam
1701 1320 1759 1374 in
1775 1319 2037 1391 subjecto

377 1410 1001 1481 consideratur,forma
1020 1412 1216 1465 autem
1236 1414 1530 1481 quatenus
1550 1409 1610 1464 in
1628 1409 2042 1480 subjecto,ma.

373 1499 1197 1574 teria,agnoscitur,hactenus
1223 1498 1400 1553 etiam
1424 1496 1505 1552 illi
1532 1497 1777 1570 privatio
1799 1503 1889 1553 est
1908 1514 2042 1556 con-

374 1592 575 1649 traria.
610 1588 828 1645 Deinde
849 1603 983 1643 vero
998 1587 1187 1642 forma
1199 1586 1321 1641 haec
1334 1603 1407 1642 ne
1422 1587 1658 1659 quidem
1685 1587 1940 1641 essentia
1952 1599 2041 1650 est

373 1680 629 1754 proprie,
666 1676 1167 1751 quemadmodum
1203 1692 1305 1731 nec
1344 1677 1608 1731 materia.
1632 1676 1691 1731 Si
1726 1675 1880 1731 enim
1930 1675 2043 1733 ele-

376 1774 578 1826 menta
593 1768 664 1824 al:
688 1767 780 1823 his
797 1782 924 1838 qua:
938 1768 1164 1820 suntex
1184 1763 1486 1820 elementis
1502 1763 1729 1819 diversa
1753 1769 1893 1820 sunt
1912 1765 2040 1837 (ne—

375 1877 488 1932 que
518 1858 675 1915 enim
697 1856 891 1912 carnis
904 1854 1429 1918 elementa,carnes
1443 1870 1508 1908 su
1518 1854 1773 1923 nt),satis
1790 1854 2040 1910 manife—

373 1955 531 2007 stum
561 1952 653 2005 est
681 1962 788 2002 nec
817 1943 1082 2000 essentia
1112 1942 1421 2014 elementa,
1466 1942 1699 2015 proprie
1747 1944 2040 1999 essentias

373 2055 523 2108 esse,
539 2035 732 2110 qualis
756 2039 848 2090 est
867 2050 936 2089 ea
965 2049 1097 2106 quae
1121 2035 1347 2087 constat
1366 2047 1435 2087 ex
1454 2031 1737 2104 ipsis.Sed
1761 2033 2038 2103 quoniam

373 2127 631 2185 essentia
658 2122 1002 2179 intentionis
1033 2126 1090 2177 et
1119 2120 1485 2176 remissionis
1514 2120 1736 2176 ratione
1784 2120 2037 2185 dicitur;

375 2221 549 2273 erunt
579 2215 936 2285 haecquoque
967 2211 1398 2282 quodammodo
1456 2212 1743 2278 essentiae,
1798 2227 2036 2284 compo-

375 2307 490 2362 sita
518 2309 713 2360 tamen
745 2300 1081 2362 deteriores.
1112 2304 1169 2354 et
1198 2303 1264 2353 ut
1297 2299 1380 2353 ita
1409 2298 1623 2368 dicam,
1674 2298 2036 2368 essentiales,

375 2410 490 2450 non
546 2389 850 2456 essentia;
910 2405 1025 2461 quo
1082 2387 1318 2443 nomine
1378 2386 1553 2441 etiam
1613 2403 1920 2459 corporeae,
1981 2393 2037 2445 et

374 2500 489 2539 non
521 2496 782 2553 corpora.
808 2478 938 2533 Haec
968 2481 1160 2532 autem
1192 2493 1325 2532 cum
1360 2476 1440 2530 ita
1471 2492 1533 2531 se
1581 2476 1853 2547 habeant,
1886 2494 2030 2548 quo-

373 2572 508 2626 dam
539 2568 813 2640 equidem
845 2567 1016 2621 modo
1048 2566 1235 2621 forma
1265 2564 1450 2633 magis
1489 2566 1745 2619 essentia
1803 2565 2033 2621 videtur

372 2676 538 2726 esse;
574 2657 831 2730 quodam
863 2660 1056 2710 autem
1089 2654 1261 2709 modo
1320 2653 1421 2709 12
1481 2653 1747 2710 materia.
1803 2654 2030 2710 Etenim

378 2748 569 2820 quoad
606 2744 990 2802 stabilitatem
1023 2743 1262 2815 quidem
1295 2747 1354 2798 et
1409 2742 1796 2813 subjectionis
1855 2744 2032 2800 ratio-

373 2854 505 2892 nem
542 2834 789 2892 materia
819 2832 1007 2906 magis
1037 2848 1215 2904 quam
1248 2832 1435 2887 forma
1457 2836 1732 2887 censetur
1752 2832 2028 2904 essentia,

2216 1055 2288 1123 η’.
2322 1053 2386 1109 Εἰ
2445 1051 2503 1109 δὲ
2556 1058 2625 1129 τῇ
2685 1053 2841 1125 οὐσίᾳ
2897 1051 3131 1109 ἐναντίον
3188 1051 3379 1109 οὐδέν’
3436 1057 3517 1126 τῷ
3560 1051 3620 1109 δὲ
3657 1050 3791 1109 εἴδει

2146 1140 2354 1199 ἐναντία
2400 1146 2436 1213 ἡ
2483 1144 2760 1220 στέρησις
2811 1140 2938 1198 ἀλλ’
2986 1142 3159 1217 ἐκείνῃ
3212 1146 3284 1217 τῇ
3340 1142 3499 1214 οὐσίᾳ
3554 1142 3789 1199 ἐναντίον

2146 1228 2300 1285 οὐδὲν
2330 1235 2400 1305 τῇ
2432 1232 2509 1304 μὴ
2562 1231 2614 1286 ἐν
2664 1231 3006 1305 ὑποκειμένῳ
3047 1230 3394 1308 θεωρουμένῃ
3436 1230 3589 1289 ποτὲ.
3619 1229 3692 1288 T6
3731 1228 3792 1286 δὲ

2148 1317 2291 1383 εἶδος
2318 1322 2434 1375 καθ’
2462 1320 2491 1375 ’ὀ
2530 1320 2581 1375 ἐν
2635 1319 2971 1393 ὑπονειμὲνῳ
3016 1323 3085 1395 τῇ
3134 1318 3239 1395 ὕλῃ
3284 1320 3626 1398 γινώσκεται,
3655 1320 3795 1376 κατᾶ

2146 1414 2307 1466 τοῦτο
2358 1410 2448 1464 καὶ
2498 1409 2730 1465 ἐναντίον
2776 1405 2891 1486 ἔχει
2939 1410 3039 1478 τὴν
3086 1408 3353 1483 στέρησιν.
3402 1410 3628 1467 Ἔπειτα
3666 1405 3796 1466 οὐδὲ

2149 1499 2352 1576 κυρίως
2384 1498 2540 1554 οὐσία
2563 1499 2626 1554 τὸ
2670 1503 2917 1555 τοιοῦτον
2969 1495 3109 1561 εἶδός
3158 1498 3534 1575 ὲστινηῶσπερ
3579 1495 3707 1555 οὐδὲ
3753 1501 3791 1568 ἡ

2150 1586 2297 1659 ὕλη·
2357 1588 2402 1642 εί
2459 1590 2560 1663 γὰρ
2614 1583 2771 1664 ἕτερα
2821 1586 2889 1642 τὰ
2939 1592 3186 1663 στοιχεῖα
3247 1591 3355 1642 τῶν
3421 1591 3794 1663 στοιχειωτῶν

2149 1675 2299 1752 (οὐδὲ
2355 1677 2457 1752 γὰρ
2513 1683 2613 1746 τῆς
2662 1676 2857 1751 σαρκὸς
2908 1677 2976 1731 τὰ
3033 1681 3279 1752 στοιχεῖα
3307 1677 3497 1752 σάρκες
3526 1675 3706 1750 εἰσὶν),
3738 1672 3797 1732 εὖ

2151 1763 2344 1837 ὃηλον,
2378 1766 2452 1826 ὡς
2482 1762 2607 1820 οὐδὲ
2632 1766 2701 1820 τὰ
2744 1768 2842 1834 τῆς
2891 1764 3078 1828 οὐσίας
3120 1770 3369 1841 στοιχεῖα
3394 1767 3582 1839 (ταῦτα
3629 1762 3688 1820 δὲ
3732 1765 3797 1821 τὸ

2150 1853 2293 1918 εἶδος
2342 1853 2431 1911 καί
2479 1857 2515 1925 ἡ
2565 1851 2699 1928 ὕλη)
2729 1854 2932 1931 κυρίως
2980 1854 3041 1909 ἂν
3084 1854 3185 1909 εἷεν
3232 1853 3445 1910 οὐσίαι·
3478 1854 3643 1911 ὁποία
3670 1857 3708 1924 ἡ
3742 1853 3796 1926 ἐξ

2150 1944 2347 2004 αὐτῶν.
2381 1941 2537 1999 Ἀλλ’
2568 1942 2786 2019 ἐπείπερ
2816 1946 2851 2013 ἡ
2884 1941 3041 1999 οὐσία
3077 1944 3215 1999 κατᾶ
3257 1944 3321 1999 τὸ
3378 1940 3592 2018 μᾶλλον
3640 1940 3795 2021 λέγε-

2147 2055 2237 2088 ται
2289 2031 2378 2089 καί
2433 2033 2497 2087 τὸ
2550 2035 2735 2105 ἦττον,
2785 2028 2992 2088 ἔσοιντό
3042 2053 3160 2096 πως
3207 2031 3296 2089 καὶ
3350 2036 3519 2090 ταῦτα
3572 2032 3794 2090 οὖσίαιο

2150 2122 2373 2199 χείρους
2406 2122 2587 2195 μέντοι
2619 2128 2719 2192 τῆς
2750 2121 3021 2194 συνθέτου,
3050 2122 3139 2176 καὶ
3171 2124 3285 2177 οἷον
3334 2121 3502 2178 εἰπεῖν
3548 2119 3792 2194 οὗσιώδη

2150 2212 2237 2265 καὶ
2283 2210 2383 2266 οὐκ
2436 2209 2636 2266 οὐσίαι.
2703 2210 2847 2265 Διότι
2903 2210 2993 2265 καὶ
3049 2212 3355 2285 σωματικὰ,
3386 2209 3511 2267 ἀλλ’
3564 2210 3627 2265 οὗ
3686 2214 3797 2266 σώ-

2156 2321 2317 2373 ματα.
2348 2301 2562 2354 Τούτων
2614 2295 2685 2353 δι’
2716 2298 2888 2361 οὕτως
2939 2298 3201 2375 ἐχόντων,
3233 2305 3350 2362 πῶς
3401 2300 3496 2374 μὶν
3538 2301 3603 2355 τὸ
3653 2298 3799 2363 εἶδος

2151 2386 2365 2462 μᾶλλον
2421 2387 2575 2443 οὐσία
2630 2385 2799 2460 δοκεῖ,
2831 2392 2949 2451 πῶς
3007 2386 3066 2444 δὲ
3094 2391 3131 2458 ἡ
3162 2387 3269 2459 ὕλη
3297 2408 3311 2457 ;
3343 2390 3486 2444 Κατὰ
3535 2389 3632 2462 μὲν
3690 2390 3797 2465 γὰρ

2136 2479 2200 2532 τὸ
2234 2476 2465 2550 μόνιμον
2492 2476 2583 2532 καὶ
2610 2477 2674 2531 τὸ
2716 2476 3027 2532 ὑποκεῖσθαι
3077 2475 3291 2550 μᾶλλον
3340 2481 3437 2532 τοῦ
3486 2474 3664 2540 εἴδους
3709 2478 3801 2533 οὐ-

2140 2565 2291 2635 σίαή
2324 2565 2430 2635 ὕλη
2484 2564 2800 2638 νομίζεται·
2845 2565 3074 2620 καθόσον
3124 2562 3171 2619 δ’
3202 2565 3411 2639 ἑκάστῳ
3456 2571 3563 2621 τῶν
3624 2560 3800 2622 ὄντων

2138 2654 2273 2709 κατὰ
2296 2655 2360 2709 τὸ
2390 2650 2532 2717 εἶδος
2561 2652 2624 2709 τὰ
2658 2654 2790 2709 εἶναί
2838 2653 2949 2709 ἐστι
2999 2654 3136 2728 (καθ’
3166 2655 3197 2709 ὃ
3225 2653 3315 2709 καὶ
3375 2651 3631 2731 διαφέρον
3686 2660 3799 2710 τῶν

2139 2741 2326 2798 ἄλλων
2386 2742 2468 2798 ἐπ’
2525 2743 2727 2805 οἰκείας
2779 2741 3077 2814 καθέστηκε
3129 2742 3387 2820 φύσεως),
3433 2743 3569 2799 κατὰ
3625 2747 3797 2799 τοῦτο

2143 2831 2356 2905 μᾶλλον
2390 2832 2547 2887 οὐσία
2573 2831 2637 2887 τὸ
2669 2828 2813 2895 εἶδος
2844 2825 3306 2905 ὑπολαμϐάνεται.

373 2930 664 3000 quatenus
742 2927 939 2979 autem
996 2921 1206 2993 cuique
1253 2921 1333 2977 rei
1389 2936 1564 2976 suum
1596 2938 1725 2977 esse
1755 2938 1857 2993 per
1885 2922 2135 2978 formam
2187 2927 2278 2980 est
2305 2925 2431 2995 (per
2458 2937 2638 2995 quam
2675 2922 2853 2985 etiam
2883 2924 2955 2978 ab
2991 2920 3121 2978 aliis
3151 2922 3425 2978 differens
3454 2922 3514 2979 in
3545 2922 3787 2996 propria

379 3013 651 3071 consistit
691 3011 945 3083 natura),
976 3015 1218 3066 eatenus
1250 3009 1435 3064 forma
1465 3009 1653 3082 magis
1685 3012 1941 3066 essentia
1964 3011 2388 3068 exsistimatur.

441 3105 494 3159 9.
528 3108 706 3158 Porro
737 3099 896 3157 aliud
927 3103 1018 3155 est
1047 3096 1407 3154 naturalium
1440 3114 1751 3170 corporum
1813 3098 2027 3171 princi-

371 3193 469 3268 pia
498 3192 811 3264 inquirere,
844 3206 913 3245 ex
938 3188 1154 3261 quibus
1188 3186 1408 3259 aliquid
1443 3204 1555 3242 non
1590 3204 1693 3259 per
1739 3188 2031 3254 accidens,

370 3291 470 3348 sed
506 3308 607 3364 per
636 3306 697 3345 se
728 3293 922 3344 ortum
953 3291 1076 3342 est:
1110 3290 1168 3342 et
1197 3285 1353 3341 aliud
1402 3290 1493 3340 est
1546 3285 1891 3357 simpliciter
1922 3286 2032 3355 [di-

369 3382 497 3450 ctae]
532 3376 877 3433 mutationis
918 3374 1207 3448 principia
1262 3373 1560 3445 indagare.
1612 3375 1811 3439 Quoad
1870 3375 2035 3446 prius

369 3483 527 3539 ergo,
590 3465 833 3537 privatio
886 3463 998 3519 erit
1052 3467 1108 3518 et
1164 3461 1480 3534 pricipium
1512 3466 1569 3518 et
1599 3479 1777 3517 causa
1810 3479 1909 3532 per
1936 3480 2034 3517 ac-

368 3555 571 3611 cidens
595 3572 608 3610 :
636 3559 700 3608 ut
731 3570 858 3624 quae
891 3569 1005 3608 non
1037 3551 1249 3607 existat
1278 3551 1336 3606 in
1369 3567 1428 3605 re
1484 3567 1612 3622 quae
1672 3552 1878 3617 oritur,
1926 3552 2028 3607 sed

368 3644 547 3699 etiam
578 3644 649 3699 ab
681 3659 750 3698 ea
779 3642 1045 3713 sejuncta
1074 3641 1171 3696 sit.
1207 3639 1448 3696 Materia
1476 3640 1633 3695 enim
1663 3645 1721 3696 et
1752 3640 1940 3695 forma
1971 3640 2030 3695 in

369 3749 436 3789 eo
466 3731 619 3804 quod
649 3730 836 3787 oritur
856 3731 1136 3795 existunt,
1193 3733 1250 3783 et
1307 3732 1614 3800 propterea
1670 3728 1851 3784 etiam
1907 3726 2033 3783 ele-

370 3820 656 3877 mentaria
686 3836 884 3875 rerum
916 3816 1275 3891 generationi
1309 3818 1712 3886 subiectarum
1746 3816 2033 3888 principia

368 3909 646 3965 dicuntur
676 3908 755 3975 '5;
788 3906 1003 3978 quippe
1032 3905 1321 3961 elementa
1353 3906 1409 3960 in
1443 3921 1510 3961 ea
1540 3921 1600 3960 re
1630 3921 1757 3976 quae
1806 3908 2035 3959 constat

369 4014 439 4053 ex
466 3997 635 4070 ipsis,
660 3996 906 4052 existere
945 4010 1179 4050 necesse
1235 3999 1343 4048 est.
1404 3994 1604 4057 Quoad
1668 3997 1867 4050 autem
1924 4009 2033 4065 po-

371 4087 610 4153 sterius,
644 4084 893 4157 privatio
924 4099 1038 4138 non
1070 4087 1301 4137 tantum
1334 4098 1436 4153 per
1486 4081 1759 4137 accidens
1817 4081 2032 4154 princi-

369 4192 530 4248 pium
563 4177 621 4229 et
648 4189 829 4229 causa
851 4171 1010 4243 erit,.
1038 4171 1138 4226 sed
1180 4171 1309 4242 jam
1358 4169 1534 4225 etiam
1591 4186 1694 4242 per
1737 4187 1817 4226 se.
1873 4171 2035 4226 Sicut

369 4264 528 4321 enim
562 4263 749 4318 forma
780 4258 1121 4316 mutationis
1152 4259 1223 4314 ad
1256 4275 1385 4313 esse
1407 4274 1586 4314 causa
1632 4264 1740 4330 est,
1787 4259 1868 4314 ita
1916 4260 2033 4332 pri-

368 4354 543 4425 vatio,
604 4352 675 4407 ad
729 4366 843 4406 non
902 4366 1051 4405 esse.
1110 4348 1257 4403 Hinc
1303 4347 1483 4420 igitur
1513 4347 1889 4403 manifestum
1921 4352 2032 4418 est,

371 4458 548 4497 unam
577 4440 958 4508 eamdemque
990 4453 1110 4494 rem
1165 4436 1454 4492 contrario
1512 4436 1685 4491 modo
1742 4435 2031 4491 affectam.

369 4530 797 4587 contrariorum
826 4544 1064 4583 causam
1088 4526 1472 4581 effici.Forma
1502 4525 1657 4580 enim
1690 4541 1823 4580 cum
1871 4525 2037 4581 adest

372 4620 633 4692 quidem,
688 4616 1079 4688 generationis
1134 4614 1236 4669 13
1267 4630 1446 4669 causa
1477 4630 1579 4686 per
1610 4629 1709 4680 se;
1744 4630 1876 4668 cum
1937 4630 2038 4669 au-

370 4710 492 4764 tem
552 4708 740 4768 abest,
802 4703 1193 4776 corruptionis
1247 4718 1427 4758 causa
1483 4706 1571 4757 est
1618 4718 1720 4773 per
1743 4702 2033 4772 accidens,

371 4797 607 4853 inverso
637 4795 811 4851 modo
842 4792 1087 4866 privatio
1119 4809 1181 4847 se
1211 4792 1406 4847 habet.
1460 4794 1601 4845 Cum
1660 4792 1813 4845 enim
1870 4790 2037 4845 adest

375 4886 635 4958 quidem,
668 4882 1061 4955 corruptionis
1091 4898 1266 4937 causa
1296 4896 1398 4952 per
1414 4896 1510 4947 se;
1545 4895 1678 4933 cum
1698 4895 1830 4933 vero
1848 4879 2037 4961 abest,
2071 4898 2118 4962 D

375 4974 770 5049 generationis
797 4989 979 5028 causa
1008 4974 1099 5026 est
1136 4986 1238 5041 per
1267 4968 1557 5025 accidens.
1592 4971 1799 5032 Aut,ut
1828 4966 2041 5022 rectius

377 5065 590 5134 dicam,
619 5063 865 5134 privatio
896 5065 954 5116 et
985 5076 1114 5115 cum
1145 5058 1309 5113 adest
1339 5062 1396 5113 et
1427 5073 1559 5111 cum
1592 5056 1776 5122 abest,
1804 5072 2042 5127 genera_

375 5152 554 5208 tionis
606 5167 782 5205 causa
828 5154 919 5205 est
948 5165 1050 5221 per
1076 5147 1382 5209 accidens;
1416 5162 1550 5201 cum
1582 5144 1820 5216 quidem
1852 5144 2036 5208 adest,

380 5244 685 5313 propterea
715 5240 867 5310 quod
900 5239 955 5292 id
990 5238 1144 5309 quod
1178 5237 1386 5304 oritur,
1415 5251 1484 5290 ex
1512 5251 1579 5290 eo
1606 5235 1760 5306 quod
1795 5249 1912 5289 non
1951 5236 2041 5289 est

379 5327 742 5401 hujusmodi,
774 5327 909 5382 oriri
942 5330 1203 5396 oportet;
1238 5342 1372 5379 cum
1418 5328 1613 5378 autem
1662 5321 1847 5389 abest,
1880 5321 2036 5394 quod

376 5419 508 5492 ipsa
533 5416 906 5482 abscedente,
938 5417 1125 5470 forma
1149 5413 1492 5469 innascitur.

452 5577 495 5616 ιδ
526 5577 553 5634 1
590 5574 762 5650 Phys.
795 5591 845 5631 ου
878 5574 933 5647 3,
958 5577 982 5629 t
1009 5574 1099 5642 60,
1130 5574 1221 5628 66.
1328 5574 1371 5608 “
1400 5573 1425 5627 1
1461 5571 1633 5644 Phys.
1666 5587 1716 5627 c.
1749 5573 1803 5629 9.
1849 5576 1891 5629 t.
1942 5574 2031 5629 57.

2212 3099 2275 3155 θ’.
2309 3096 2485 3155 Ἀλλο
2543 3094 2602 3152 δὲ
2660 3096 2800 3152 ἐστιν
2855 3096 3029 3173 ἀρχὰς
3080 3101 3188 3152 τῶν
3239 3100 3479 3176 φυσικῶν
3515 3097 3791 3172 σωμάτων

2144 3192 2339 3256 ζητεῖν,
2387 3185 2438 3258 ἐξ
2468 3188 2543 3241 ὧν
2587 3184 2777 3263 γέγονὲ
2824 3207 2877 3241 τι
2926 3188 3003 3258 μὴ
3050 3186 3188 3241 κατά
3236 3180 3604 3260 συμϐεϐηκὸς,
3648 3184 3798 3241 ἀλλὰ

2142 3276 2258 3339 καθ’
2306 3275 2457 3346 αὐτὸ,
2487 3275 2577 3329 καὶ
2624 3272 2765 3329 ἄλλο
2819 3268 3131 3348 μεταϐολῆς
3180 3272 3369 3336 ἁπλῶς
3415 3274 3592 3352 ἀρχὰς
3642 3275 3797 3351 ἐρευ-

2141 3369 2253 3434 νᾷν.
2303 3364 2445 3418 Κατὰ
2505 3364 2596 3437 μὲν
2658 3363 2748 3418 οὗν
2807 3365 2870 3418 τὸ
2915 3367 3133 3439 πρῶτον
3182 3366 3218 3433 ἡ
3269 3364 3520 3439 στέρησις
3591 3363 3652 3419 ἂν
3704 3359 3796 3434 εἴη

2143 3453 2288 3529 ἀρχή
2339 3474 2397 3508 τε
2441 3455 2531 3507 καὶ
2579 3450 2749 3507 αἴτιον
2797 3452 2934 3507 κατὰ
2980 3446 3346 3525 συμϐεϐηκὸς,
3376 3453 3452 3514 ὡς
3505 3454 3580 3525 μὴ
3637 3450 3802 3507 ἐνυπ-

2061 3533 2105 3599 C
2144 3544 2315 3618 ἄρχον
2375 3546 2455 3613 τῷ
2500 3543 2797 3617 γινομένῳ,
2836 3540 2982 3597 ἀλλὰ
3037 3540 3172 3614 (καὶ)
3228 3542 3635 3618 κεχωρισμένον
3694 3542 3797 3596 αὖ·

2139 3636 2257 3689 τοῦ.
2288 3636 2348 3686 Ἡ
2381 3628 2487 3701 ὕλη
2518 3631 2620 3708 γὰρ
2662 3630 2751 3686 καὶ
2808 3631 2870 3684 τὸ
2929 3627 3070 3692 εἶδος
3118 3628 3477 3707 ἐνυπάρχουσι
3525 3634 3605 3702 τῷ
3642 3651 3799 3707 γινο-

2146 3719 2305 3794 μένῳ,
2340 3720 2427 3775 καὶ
2460 3717 2549 3774 διὰ
2574 3724 2735 3775 τοῦτο
2764 3718 2857 3775 καί
2885 3716 3258 3795 στοιχειώδεις
3317 3718 3486 3796 ἀρχαὶ
3526 3723 3634 3774 τῶν
3688 3720 3798 3776 ὑπὸ

2141 3810 2348 3884 γένεσιν
2415 3807 2681 3884 λέγονται.
2753 3808 3110 3884 Ἐνυπάρχειν
3183 3806 3286 3883 γὰρ
3370 3807 3657 3884 ἀναγκαῖον
3727 3806 3799 3862 τὰ

2143 3902 2390 3973 στοιχεῖα
2432 3901 2513 3969 τῷ
2556 3900 2914 3972 ποιχειωτῷ.
2968 3895 3111 3950 Κατὰ
3163 3892 3222 3950 δὲ
3261 3893 3324 3949 τὸ
3373 3891 3621 3972 δεύτερον
3689 3893 3796 3949 οὐκ

2143 3986 2202 4041 ἂν
2256 3983 2339 4057 εἴη
2404 3984 2567 4058 μόνον
2625 3985 2761 4040 κατὰ
2818 3978 3167 4057 συμϐεϐηκὸς
3223 3983 3371 4060 ἀρχὴ
3443 3982 3533 4038 καὶ
3612 3979 3793 4038 αἴτιον

2140 4077 2171 4128 ’ἓ
2235 4076 2517 4151 στέρησις·
2577 4070 2844 4144 ἀλλ’-ἥδη
2896 4074 2986 4128 καὶ
3039 4074 3158 4128 καθ’
3211 4071 3476 4135 αὖτό.⁸Ως
3532 4071 3638 4149 γὰρ
3685 4079 3794 4143 τῆς

2144 4163 2221 4225 εἰς
2249 4163 2312 4218 τὸ
2345 4162 2478 4218 εἶναι
2514 4156 2822 4236 μεταϐολῆς
2852 4158 3023 4215 αἶσιον
3053 4162 3116 4215 τὸ
3145 4156 3319 4223 εἶδος·
3380 4158 3524 4215 οὕτω
3580 4166 3681 4229 τῆς
3713 4160 3795 4223 εἰς

2141 4253 2202 4307 τὸ
2254 4253 2328 4326 μὴ
2372 4252 2505 4306 εἶναι
2536 4253 2572 4321 ἡ
2606 4249 2877 4327 στέρησις.
2912 4247 3091 4319 Δῆλον
3149 4246 3240 4304 οὗν
3293 4248 3556 4319 ἐντεῦθεν,
3594 4248 3681 4303 ὅτι
3727 4249 3796 4305 τὸ

2143 4341 2272 4396 αὐτὸ
2326 4341 2415 4396 καὶ
2456 4340 2511 4395 ἓν
2562 4338 2813 4401 ἐναντίως
2865 4335 3202 4411 διακείμενον
3250 4342 3358 4393 τῶν
3419 4335 3670 4393 ἐναντίων
3711 4337 3796 4393 αἷ-

2140 4452 2256 4485 τιον
2285 4430 2512 4506 γίνεται.
2543 4433 2620 4503 Τῇ
2675 4428 2770 4503 μὲν
2828 4427 2932 4504 γὰρ
2988 4425 3258 4503 παρουσίᾳ
3311 4427 3375 4482 τὸ
3431 4423 3573 4489 εἶδος
3617 4425 3791 4481 αἲτιόν

2144 4520 2252 4574 ἐστι
2308 4522 2405 4588 τῆς
2461 4518 2717 4594 γενέσεως
2768 4518 2885 4572 καθ’
2941 4515 3107 4572 αὐτό’
3137 4520 3209 4590 τῇ
3267 4513 3313 4570 δ’
3345 4515 3581 4587 ἀπουσίᾳ
3616 4513 3791 4571 αἴτιον

2140 4612 2239 4678 τῆς
2296 4610 2498 4688 φθορᾶς
2556 4608 2693 4663 κατὰ
2748 4600 3117 4680 συμϐεϐηκός.
3165 4606 3227 4660 Ἡ
3284 4604 3536 4682 στέρησις
3594 4601 3643 4659 δ’
3690 4603 3791 4680 ἔμ-

2142 4697 2306 4753 πάλιν
2330 4719 2342 4732 ο
2382 4700 2451 4771 τῇ
2486 4699 2580 4770 μὲν
2613 4695 2883 4772 παρουσίᾳ
2908 4698 3009 4764 τῆς
3057 4696 3265 4772 φθορᾶς
3308 4691 3479 4749 α’ίτιον
3527 4695 3647 4749 καθ’
3691 4694 3791 4749 αὖ·

2143 4786 2233 4842 τό’
2264 4790 2334 4860 τῇ
2366 4782 2411 4839 δ’
2445 4785 2677 4855 ἀπουσίᾳ
2720 4792 2819 4854 τῆς
2861 4783 3117 4859 γενέσεως
3177 4778 3347 4838 αἶ’τιον
3400 4785 3537 4837 κατά
3584 4777 3787 4855 συμϐε-

2149 4871 2339 4946 ϐηκός.
2375 4877 2395 4895 ’⁸
2428 4880 2469 4929 Η
2508 4871 2718 4947 μᾶλλον
2745 4874 2881 4927 κατὰ
2908 4874 3008 4942 τὴν
3039 4871 3335 4948 παρουσίαν
3367 4872 3459 4926 καὶ
3507 4872 3647 4927 κατὰ
3691 4873 3791 4941 τήν

2150 4963 2407 5019 ἀπουσίαν
2451 4960 2533 5032 εἰῇ
2587 4962 2646 5017 ἂν
2678 4964 2712 5031 ἡ
2740 4963 2987 5038 στέρησις
3019 4958 3190 5015 αἷττιον
3247 4961 3383 5015 κατὰ
3441 4954 3791 5035 συμϐεϐηκός

2148 5061 2246 5123 τῆς
2326 5052 2621 5129 γενέσεως-
2690 5051 2827 5105 κατὰ
2902 5050 2995 5123 μὲν
3052 5050 3151 5119 τὴν
3209 5048 3527 5125 παρουσίαν,
3589 5047 3677 5103 ὅτι
3733 5047 3791 5103 ἐκ

2153 5143 2227 5216 μή
2284 5141 2540 5196 τοιούτου
2621 5136 2702 5195 δεῖ
2767 5139 3009 5214 γενέσθαι
3053 5138 3116 5193 τὸ
3167 5137 3491 5217 γινόμενονς
3550 5138 3687 5192 κατὰ
3734 5133 3790 5191 δὶ

2146 5233 2244 5301 τὴν
2299 5228 2581 5300 ἀπουσίαν,
2613 5229 2695 5285 ὅτι
2747 5228 3151 5305 ἀπογινομάνης
3208 5226 3375 5297 αὐτῆς
3425 5227 3488 5281 τὸ
3528 5224 3671 5288 εἶδος
3700 5224 3788 5302 ἐγ-

2145 5321 2368 5399 γίνεται.
