4108 6512
286 398 444 464 1033
1610 394 1901 459 EPITOM

2052 396 2355 459 HYSICA.
3520 400 3674 461 1034

1570 530 1942 591 SYNOPSIS
1985 530 2286 592 CAPITIS
2328 532 2407 608 ΙΙ,

1150 634 1307 689 OUOD
1349 635 1461 681 EST
1504 635 1580 679 ΒΕ
1621 634 1895 681 MATERIA
1939 634 2016 678 ET
2055 634 2259 680 FORMA
2305 637 2382 681 ET
2422 635 2813 682 PBIVATIONE.

291 741 351 799 1.
373 738 436 799 Ε
436 756 481 799 :c
506 736 694 816 variis
720 733 1104 816 divisionibus
1130 743 1189 816 et
1211 733 1705 816 subdivisionibus
1731 752 2088 816 eorumqu
2111 737 2358 815 proprie
2385 736 2531 816 fieri
2552 735 2851 816 dicuntur,
2870 732 3128 816 ostendit»
3148 753 3502 816 quacunque
3527 754 3670 815 pro-

360 820 500 900 prie
529 814 1086 907 ﬁant,_ex'subjecto
1113 813 1290 907 ﬁeri).
1306 814 1562 906 adeoque
1589 833 1756 907 etnec
1783 813 1944 907 quod
1961 813 2137 907 ﬁant,
2170 813 2326 907 etes:
2353 813 2416 906 eo
2445 834 2519 907 ea:
2538 834 2675 907 quo
2687 813 3188 907 ﬁant,composita
3233 834 3351 875 esse
3368 813 3676 907 ,"quorum

368 893 658 980 posterius
686 894 909 975 duplex
934 902 1040 980 est,
1072 893 1328 980 materia
1356 904 1415 955 et
1452 893 1737 980 privatio,
1769 902 1836 952 ut
1858 894 1951 980 ita
1978 901 2034 952 et
2061 893 2176 980 duo
2205 904 2259 953 et
2279 894 2412 980 tria
2431 893 2951 980 sint;naturalium_
2976 893 3289 980 corporum
3322 893 3672 980 principia;

369 971 485 1039 duo
508 995 703 1057 perse
730 971 981 1057 materia
1007 985 1058 1057 et
1073 976 1301 1057 forma,
1338 971 1581 1034 tertium
1603 971 2028 1057 peraccidens,
2054 974 2495 1057 privatim—2.
2520 974 2900 1057 Demonstrat
2923 971 3495 1057 hanc-privationem
3521 971 3674 1037 male

371 1076 411 1119 a
438 1054 721 1120 veteribus
745 1055 928 1135 fuisse
952 1054 1402 1136 sublatam,cum
1426 1072 1548 1136 qua
1574 1054 1860 1115 nimirum
1886 1055 2385 1136 etiamquantum
2410 1056 2472 1115 in
2501 1056 2645 1134 ipsis
2668 1056 2810 1135 fuit,
2817 1056 3257 1136 generationem
3274 1064 3333 1116 et
3349 1057 3677 1136 corruptio-

367 1158 501 1199 nem
530 1156 727 1198 rerum
746 1133 1124 1196 naturalium
1141 1133 1844 1214 sustulerunt,earumque
1871 1139 1912 1192 ι
1926 1141 1976 1192 4
1997 1133 2320 1194 mistionem
2348 1133 2647 1196 duntaxat
2670 1133 2728 1196 et
2752 1136 3060 1196 mistorum
3079 1134 3512 1197 dissolutionem
3523 1133 3675 1197 ’.ςαό-

368 1219 703 1279 stituerunt.
738 1251 817 1259 —
844 1217 905 1275 3.
938 1215 1038 1276 Ad
1058 1214 1435 1293 objectionem
1462 1222 1668 1275 contra
1697 1213 2134 1293 generationem
2163 1223 2220 1273 et
2246 1215 2681 1293 corruptionem
2709 1234 2910 1275 rerum
2937 1216 3304 1277 naturalium
3334 1235 3372 1277 a
3390 1216 3679 1278 veteribus

369 1308 585 1378 motam
613 1305 672 1357 et
697 1293 1077 1378 indiscussam
1097 1293 1329 1378 duplici
1355 1294 1739 1378 distinctione
1753 1293 1903 1378 entzs
1930 1293 2430 1378 respondet,quod
2446 1295 2733 1378 nimirum
2760 1295 2931 1378 aliud
2954 1298 3032 1356 sit
3043 1315 3153 1378 per
3180 1295 3436 1369 se,aliud
3443 1315 3558 1378 per
3583 1315 3678 1357 ac-

370 1377 584 1449 cidens,
617 1384 677 1436 et
699 1374 861 1456 quod
882 1375 1016 1457 item
1046 1371 1217 1436 aliud
1238 1376 1318 1457 sit
1342 1374 1456 1457 tale
1479 1386 1636 1447 actu,
1671 1371 1843 1435 aliud
1860 1371 2129 1457 potentia
2158 1392 2183 1449 ,'
2209 1371 2634 1457 efostenditn'd
2658 1376 2817 1457 quod
2834 1375 2928 1454 ﬁt,
2930 1371 3163 1457 partim
3191 1394 3266 1436 ex
3290 1395 3355 1438 eo
3384 1371 3546 1457 quod
3568 1385 3673 1449 est,

367 1458 593 1539 partim
622 1455 788 1517 exeo
816 1455 979 1547 quod
999 1465 1263 1548 non-est;
1275 1455 1417 1548 ﬁeri
1442 1476 1467 1516 .·
1490 1473 1694 1546 rursus
1721 1455 1883 1545 quod
1907 1461 2331 1548 corrumpitur,
2356 1456 2582 1534 partim
2613 1455 2675 1548 in
2802 1455 2962 1537 quod
2984 1458 3320 1548 esti,pnartim
3349 1455 3411 1548 in
3441 1456 3508 1548 id
3520 1456 3685 1548 quod

372 1531 490 1597 non
518 1546 623 1610 est,
655 1531 975 1617 corrumpi.
1009 1570 1087 1579 —
1114 1538 1172 1617 4.
1206 1531 1392 1595 Docet
1414 1531 1741 1617 materiam
1748 1534 2009 1614 primam
2037 1531 2337 1617 analogia,
2356 1531 2550 1615 quam
2578 1536 2662 1597 ad
2673 1531 2828 1597 alias
2852 1531 3316 1617 resiarti/iczales
3352 1531 3552 1617 habet,
3581 1555 3680 1597 co-

375 1620 618 1697 gnosci;
644 1616 747 1698 sed
771 1614 963 1698 adhuc
986 1616 1318 1698 perfectius
1334 1616 1591 1675 omnium
1622 1615 1957 1698 formarum
1986 1614 2298 1692 negatione
2323 1614 2423 1674 seu
2448 1614 3210 1698 remotz'onei:—5.Recenset
3226 1616 3474 1698 aliquod
3498 1625 3681 1698 mate-

377 1692 487 1758 riae
514 1692 1019 1788 appellationes,e't
1045 1692 1105 1755 in
1125 1696 1343 1787 primis
1369 1713 1556 1788 quare
1582 1692 1710 1755 eam
1737 1692 1919 1788 Platq
1933 1712 2223 1785 magnum
2250 1703 2307 1754 et
2328 1712 2581 1775 parvum
2603 1695 2924 1788 appellasse
2952 1696 3136 1788 viden
3159 1692 3683 1788 possz?.:-6.Alio-

378 1797 511 1839 rum
541 1772 855 1858 sententias
881 1775 951 1836 de
974 1772 1225 1858 materia
1253 1772 1516 1858 expc—init,
1549 1772 1945 1858 quorum_alii
1965 1792 2094 1833 eam
2124 1772 2547 1858 incorpoream,
2572 1772 2692 1837 alii
2704 1796 2945 1858 corpus,
2974 1778 3079 1838 sed
3100 1772 3485 1858 qualitatibus
3513 1776 3684 1838 orba-

380 1867 523 1932 tum,
558 1854 888 1918 rationibus
914 1856 1033 1937 suis
1061 1856 1195 1937 nixi
1222 1851 2209 1937 appellarunt.—_—_7.Commemorat
2233 1851 2394 1937 quod
2418 1874 2544 1916 eam
2572 1851 2827 1937 quidam
2843 1856 3062 1919 ethnici
3079 1851 3422 1937 philosophi
3441 1866 3602 1917 ortus
3630 1866 3686 1917 et

379 1931 653 1998 interitus
677 1945 975 2018 expertem
1006 1931 1324 2018 imaginati
1346 1933 1709 2018 fuerint,ub_i
1729 1935 1829 2018 pie
1855 1931 2170 2018 distinguit
2185 1931 2625 2018 et'_docet,iquo'd
2636 1935 2885 2018 physice
2904 1931 3149 1998 ortus'et
3178 1931 3448 1997 interitus
3473 1938 3554 1997 sit
3578 1955 3685 1998 erro

371 2026 594 2110 pers,et
620 2012 781 2098 quod
803 2012 1489 2111 hyperphqsz'cenrqtfone
1507 2012 1817 2111 creationis
1845 2026 1920 2105 ea:
1946 2012 2129 2111 nihilo
2157 2021 2214 2075 et
2242 2014 2304 2073 in
2329 2012 2580 2111 niihiium
2609 2012 3175 2111 destruqttg‘qnismum
3197 2025 3389 2110 ortam
3417 2036 3533 2111 esse
3562 2026 3687 2111 tum

379 2093 756 2159 interituram
787 2093 913 2177 dici
928 2093 1202 2177 p6ssit.-—
1217 2094 1715 2177 _8.Platonicos_’et
1754 2093 2180 2177 Peripateticos
2207 2093 2758 2177 conciliat.quorum
2778 2097 2879 2177 illi
2902 2105 3009 2177 15
3039 2098 3347 2158 materiam
3357 2096 3683 2177 alteratio-

376 2179 471 2238 nis
496 2186 811 2320 expestem,
845 2173 1137 2238 hi'totam
1166 2175 1516 2239 alterationi
1553 2173 1878 2254 subiectam
1904 2173 2175 2253 fecerunt
2206 2191 2220 2234 :
2254 2173 2416 2255 quod
2456 2173 2737 2238 nimirum
2766 2176 2863 2239 illi
2889 2176 2961 2239 de
2979 2179 3204 2259 prima,
3236 2177 3309 2238 hi
3330 2175 3401 2238 de
3436 2175 3689 2239 secunda

376 2260 631 2320 materia
682 2256 845 2319 acuti
867 2257 1007 2317 sint.

376 2256 631 2321 materia
660 2256 845 2320 locuti
867 2257 1007 2317 sint.

1901 2346 2089 2361 —

936 2427 1194 2479 ΚΕΦΑΛ.
1218 2423 1298 2479 -Β’.
1478 2428 1487 2439 ⁸
1971 2422 2028 2488 Α

1478 2428 1487 2439 ‘
1971 2422 2028 2488 Α
2702 2424 2934 2480 CAPUT
2973 2425 3039 2480 II.

558 2519 687 2584 Περι
716 2519 816 2583 τῆς
846 2510 988 2585 ὕλης
1016 2510 1233 2585 καὶτοῦ
1262 2508 1438 2573 εἷ’δους
1466 2509 1558 2565 καὶ
1584 2516 1687 2579 τῆς

2336 2510 2409 2566 De
2438 2513 2684 2568 materia
2709 2512 2761 2569 et
2783 2515 2965 2584 forma
2990 2522 3041 2570 et
3060 2514 3395 2585 privatione.

968 2602 1288 2639 στερήσεως.

968 2584 1288 2657 στερήσεως.

371 2680 437 2731 α’.
467 2676 584 2729 Τῶν
610 2671 810 2748 κυρίως
845 2671 1141 2747 γινομένων
1185 2671 1253 2725 τὰ
1286 2671 1379 2745 μὲν
1426 2670 1501 2732 ὡς
1546 2666 1695 2724 ἁπλᾶ
1719 2667 1941 2743 γίνεται,

2124 2669 2175 2723 1.
2210 2669 2421 2727 Eorum
2466 2688 2593 2744 quae
2640 2674 2873 2745 proprie
2923 2673 3093 2745 ﬁunt,
3134 2673 3246 2730 alia
3293 2679 3360 2731 ut
3402 2672 3695 2747 simplicia

298 2763 368 2820 τὸ,
396 2760 442 2819 δ’
472 2762 546 2825 ὡς
579 2760 818 2817 σύνθετα.
867 2760 943 2814 Τὰ
995 2759 1090 2832 μὲν
1123 2756 1213 2814 οὖν
1266 2758 1488 2815 σύνθετα
1517 2758 1773 2828 συνθέσει,
1804 2757 1920 2818 (hci

2072 2757 2224 2827 iunt,
2256 2759 2372 2815 alia
2402 2764 2468 2815 ul.
2498 2762 2822 2834 composita
2853 2764 2916 2818 ¹⁶.
2936 2762 3270 2836 Composita
3298 2764 3558 2836 quidem,
3592 2780 3694 2836 per

300 2852 466 2908 oixia-
495 2855 602 2906 τῶν
633 2847 680 2905 δ’
710 2848 898 2905 ἁπλῶν
926 2849 995 2904 τὰ
1026 2847 1119 2921 μὲν
1152 2847 1226 2909 ὡς
1273 2844 1363 2903 διὰ
1393 2848 1613 2923 βάθους,
1649 2847 1718 2900 τὰ
1746 2844 1792 2900 δ’
1823 2845 1921 2920 (ὡς

2069 2847 2556 2920 :ompositionem,
2590 2853 2655 2905 ut
2707 2851 2919 2908 domus
2952 2869 2965 2909 :
2999 2852 3357 2925 simplicium
3386 2869 3519 2909 vero
3556 2852 3691 2925 alia,

298 2939 595 3011 ἐπιπολῆς.
629 2938 823 2995 Καὶτὰ
864 2938 958 3011 μὲν
1012 2935 1284 3007 ἐπιπολῆς
1341 2933 1834 3012 μετασχηματίσει·
1867 2934 1920 2988 ὡ,

2068 2939 2119 2991 1t
2147 2951 2251 3008 per
2300 2937 2796 3009 profunditatem;
2828 2939 2945 2996 alia
2984 2957 3116 2998 vero
3164 2946 3229 2997 ut
3256 2942 3317 2997 in
3367 2941 3690 3014 superﬁcie.

297 3030 423 3086 ὅταν
463 3029 524 3084 ἐκ
551 3027 777 3107 σφαίρας
807 3023 1025 3101 ἀνδριὰς
1054 3024 1294 3100 γίνηται,
1327 3024 1362 3095 ἢ
1398 3022 1587 3087 ἁπλῶς
1620 3024 1679 3078 ἐκ
1706 3022 1919 3099 χαλκοῦ

2071 3026 2132 3080 \c
2161 3043 2230 3082 ea
2273 3026 2508 3098 quidem
2541 3044 2670 3099 quae
2720 3030 3114 3101 superﬁciarie
3144 3031 3313 3100 ﬁunt,
3345 3046 3450 3103 per
3495 3030 3693 3103 ﬁgurae

295 3116 496 3175 τῶνδὲ
525 3114 614 3172 διὰ
650 3117 849 3193 βάθους
877 3116 945 3171 τὰ
975 3114 1068 3189 μὶν
1099 3112 1358 3169 καθόλου⁸
1392 3114 1468 3176 ὡς
1499 3114 1527 3168 ὁ
1557 3115 1838 3189 σνθρωπος
1888 3111 1917 3166 ὲ

2073 3114 2574 3171 :ommutationem
2607 3117 2758 3172 ﬁunt
2780 3122 2874 3186 ;ut
2903 3134 3037 3174 cum
3066 3137 3135 3175 ex
3150 3118 3322 3192 globo
3351 3124 3451 3175 aut
3471 3118 3695 3191 simpli-

301 3208 613 3284 σπέρματος
669 3203 1068 3277 ἀλλοιουμένου
1099 3221 1113 3234 ⁸
1170 3203 1239 3257 τὰ
1294 3199 1352 3256 δὲ
1404 3203 1541 3257 κατὰ
1601 3201 1764 3278 μέρος
1800 3223 1811 3234 ·
1854 3221 1923 3255 κα

2075 3201 2198 3257 :iter
2227 3218 2296 3257 ex
2338 3219 2449 3259 aere
2478 3203 2544 3258 ﬁt
2591 3209 2805 3260 statua.
2840 3207 3054 3262 Eorum
3087 3211 3283 3264 autem
3335 3224 3461 3280 qua
3491 3212 3558 3264 ut
3593 3224 3697 3279 per

293 3295 503 3354 τούτων
556 3295 625 3351 τὰ
683 3294 777 3367 μὲν
826 3291 1132 3369 προσθέσει,
1182 3291 1257 3353 ὡς
1304 3292 1371 3345 τὰ
1423 3290 1774 3363 αὐξανόμενα,
1805 3287 1915 3345 τὰὲ

2068 3291 2513 3363 profunditatem
2545 3293 2714 3363 ﬁunt,
2745 3296 3012 3366 quaedam
3041 3296 3103 3350 in
3136 3297 3475 3353 universum
3504 3297 3690 3366 ﬁunt;

296 3385 598 3464 ἀφαιρέσει,
647 3383 723 3446 ὡς
772 3383 840 3438 τὰ
889 3380 1202 3455 μειούμενα.
1233 3379 1419 3434 Τοίνυν
1474 3379 1519 3433 εἰ
1548 3377 1721 3434 πάντὰ
1747 3380 1814 3434 τὰ
1850 3400 1915 3433 κυ

2072 3385 2121 3435 1t
2150 3380 2323 3435 homo
2378 3397 2447 3436 ex
2477 3381 2700 3449 semine
2733 3381 3133 3439 alterationem
3180 3386 3505 3455 subeunte;
3538 3401 3694 3458 quae-

298 3474 437 3551 ρίως
482 3467 739 3550 γινόμενα
792 3469 928 3526 κατά
979 3490 1102 3524 τινα
1156 3468 1359 3544 γίνεται
1415 3467 1622 3523 τούτων
1666 3472 1771 3523 τῶν
1820 3467 1916 3543 τρό

2074 3468 2193 3523 lam
2224 3484 2294 3523 ex
2340 3472 2523 3539 parte.
2556 3471 2627 3522 Et
2654 3469 2862 3526 horum
2895 3470 3010 3526 alia
3054 3472 3205 3528 ﬁunt
3233 3489 3335 3545 per
3380 3472 3696 3545 appositio-

298 3581 439 3619 πωνο
490 3561 559 3617 τὰ
605 3558 662 3616 δὲ
712 3561 847 3615 κατὰ
894 3557 1122 3621 τούτους
1168 3578 1428 3634 γινομενα
1471 3556 1599 3620 τοὺς
1629 3556 1920 3633 τρόπουςέ

2074 3572 2212 3624 iam,
2246 3559 2310 3611 ut
2339 3572 2465 3627 quae
2517 3563 2789 3613 crescunt
2819 3576 2832 3614 :
2869 3558 2985 3616 alia
3012 3577 3117 3632 per
3157 3560 3595 3630 detractionem,
3630 3567 3696 3619 ut

302 3649 664 3724 ὑποκειμένου
722 3647 926 3724 γίνεται
984 3647 1096 3721 (καὶ
1154 3647 1256 3724 γάρ
1313 3646 1423 3702 ἐστί
1472 3668 1525 3702 τι
1573 3647 1635 3701 τὸ
1677 3664 1920 3721 μετασχη

2074 3662 2185 3716 [use
2233 3644 2594 3702 decrescunt.
2644 3647 2892 3703 Proinde
2945 3648 2994 3704 si
3046 3650 3244 3705 omnia
3290 3667 3418 3723 qua:
3465 3651 3696 3724 proprie

302 3738 663 3816 ματιζόμενον
699 3782 714 3808 ,
763 3737 852 3792 καὶ
924 3736 988 3791 τὸ
1054 3732 1454 3809 ἀλλοιούμενον
1490 3777 1505 3804 ,
1563 3735 1653 3789 καὶ
1708 3734 1795 3790 ἐπὶ
1850 3739 1924 3788 toi

2069 3733 2225 3804 Fiunt,
2257 3734 2583 3790 secundum
2633 3735 2839 3792 horum
2870 3738 3177 3793 modorum
3207 3738 3462 3810 aliquem
3499 3740 3651 3796 ﬁunt
3677 3759 3691 3810 ;

300 3793 590 3906 ξέρᾇσόιέςέι
636 3793 924 3904 γινομένου
974 3820 1086 3881 ἔστι
1133 3845 1185 3880 τι
1228 3793 1684 3901 ᾦιπροστιίθέται,
1732 3824 1822 3879 καὶ
1860 3822 1922 3878 ἐπ

2072 3839 2184 3895 luas
2233 3826 2428 3878 autem
2458 3824 2783 3880 secundum
2813 3825 2921 3881 hos
2963 3828 3168 3883 modos
3199 3828 3370 3900 ﬁunt,
3402 3845 3472 3885 ex
3497 3829 3694 3900 subje-

295 3921 399 3973 τοῦ
460 3916 734 3995 ἀφαιρέσει
793 3911 860 3968 οὗ
913 3913 1240 3992 ἀφαιρεῖται·
1298 3911 1410 3967 ἔστι
1468 3910 1526 3967 δὲ
1580 3913 1669 3968 καὶ
1718 3911 1803 3967 ἐπὶ
1850 3918 1917 3981 τῆ

2079 3914 2151 3967 :to
2182 3910 2334 3966 ﬁunt
2379 3913 2491 3982 {est
2517 3912 2673 3968 enim
2704 3912 2926 3986 aliquid
2972 3932 3106 3971 cum
3136 3915 3197 3971 in
3228 3915 3404 3973 aliam
3451 3917 3701 3990 ﬁguram

306 4006 604 4067 συνθέσεως
653 4003 718 4058 τὰ
765 4001 1154 4076 συντιθέμενα),
1208 3998 1377 4071 δῆλον
1428 4000 1510 4056 ὅτι
1560 4002 1732 4058 πάντα
1766 4002 1835 4056 τὰ
1859 4021 1925 4055 κυ

2087 4003 2482 4066 :ommutatur,
2510 4004 2568 4055 et
2595 4002 2751 4072 quod
2796 4001 3112 4074 alteratur;
3146 4009 3203 4061 et
3232 4006 3292 4061 in
3322 4022 3389 4063 eo
3418 4007 3573 4078 quod
3606 4022 3709 4079 per

307 4095 444 4172 ρίως
518 4092 777 4170 γινόμενα
851 4090 903 4162 ἐξ
978 4090 1334 4163 ὑποκειμένου
1408 4089 1666 4166 γίνεται.
1724 4091 1790 4145 Ei
1865 4089 1928 4144 οὗ

2087 4087 2493 4161 ippositionem
2543 4088 2632 4157 ﬁt,
2661 4094 2751 4146 est
2780 4089 3001 4164 aliquid
3053 4093 3147 4149 cui
3178 4095 3527 4167 apponitur;
3550 4100 3609 4151 et
3648 4094 3709 4151 in

306 4184 401 4241 καὶ
435 4180 785 4255 ὑποκείμενόν
836 4179 889 4236 τί
937 4179 1076 4235 ἐστιν
1108 4178 1159 4234 ἐν
1202 4180 1347 4254 πάσῃ
1393 4178 1614 4254 γενέσει,
1662 4179 1752 4234 καὶ
1789 4179 1851 4234 τὸ
1881 4183 1928 4234 τὶ

2091 4194 2135 4233 :0
2182 4177 2336 4250 quod
2368 4193 2471 4249 per
2522 4178 2962 4250 detractionem,
2995 4186 3085 4238 est
3129 4182 3353 4256 aliquid
3382 4183 3474 4239 cui
3523 4184 3713 4238 detra-

313 4273 657 4346 ὑποκειμένῳ
701 4268 1087 4347 έπιγινύμενον·
1141 4265 1310 4338 δῆλον
1352 4267 1435 4323 ὅτι
1483 4274 1586 4345 πᾶν
1630 4268 1694 4323 τὸ
1741 4258 1935 4343 γινόμε

2095 4266 2269 4334 )itur;
2300 4269 2357 4321 et
2381 4265 2635 4338 denique
2687 4267 2746 4322 in
2779 4270 3203 4341 compositione
3233 4275 3373 4327 sunt
3401 4288 3528 4342 quae
3557 4287 3717 4327 com-

312 4382 407 4417 vov
466 4358 713 4425 σύνθετόν
771 4357 911 4414 ἐστιν
961 4354 1022 4412 ἔκ
1069 4378 1129 4411 τε
1184 4360 1281 4412 τοῦ
1340 4356 1370 4411 ὃ
1424 4356 1666 4433 γίνεται,
1723 4356 1934 4413 τουτέστ

2102 4354 2425 4426 ιοῃυηιυιι);
2459 4355 2561 4410 16
2582 4356 2959 4413 manifestum
2992 4359 3307 4427 est,omnia
3335 4376 3462 4431 quae
3492 4358 3724 4432 proprie

314 4453 416 4506 τοῦ
466 4442 667 4519 εἴδους,
726 4446 816 4502 καὶ
874 4443 934 4500 ἐκ
971 4448 1071 4500 τοῦ
1116 4442 1426 4519 γινομένου.
1477 4445 1661 4499 Διττὸν
1689 4441 1747 4498 δὲ
1783 4449 1936 4500 τοῦτο

2102 4444 2247 4514 iunt,
2281 4459 2350 4498 ex
2380 4443 2645 4513 subjecto
2676 4444 2823 4499 ﬁeri.
2855 4445 3018 4509 Quod
3050 4447 3099 4501 si
3130 4447 3310 4518 igitur
3337 4447 3399 4503 in
3436 4446 3595 4502 omni
3626 4463 3724 4520 ge-

316 4538 384 4594 τό
430 4558 490 4593 τε
539 4535 914 4609 ὑποκείμενον,
967 4533 1138 4608 ἤγουν
1187 4534 1222 4602 ἡ
1257 4531 1389 4603 ὕλη,
1441 4532 1531 4587 καὶ
1557 4532 1621 4587 τὸ
1668 4532 1938 4607 ἀντικείμε

2104 4530 2382 4587 ieratione
2412 4548 2546 4587 cum
2570 4533 2905 4604 subjectum
2937 4537 3027 4589 est
3056 4533 3434 4606 aliquid,tum
3466 4537 3620 4607 quod
3653 4536 3726 4592 ad

321 4648 416 4681 νον
444 4630 523 4698 τῷ
552 4623 703 4697 εἴδει,
752 4621 924 4699 ἤγουν
973 4624 1008 4691 ἡ
1059 4619 1332 4697 στέρησις.
1379 4619 1586 4675 Γίνεται
1634 4621 1737 4697 γὰρ
1784 4621 1849 4676 τὸ
1899 4621 1943 4676 εἶ

2104 4620 2414 4690 Iubjectum
2469 4622 2715 4687 accedit,
2747 4622 3126 4677 manifestum
3166 4628 3274 4696 est,
3306 4624 3593 4696 quidquid
3642 4625 3726 4693 ﬁt,

326 4715 442 4786 δος,
477 4716 591 4770 οἷον
623 4716 659 4784 ἡ
692 4712 858 4783 οἰκία,
906 4709 967 4766 ἔκ
990 4731 1050 4765 τε
1092 4713 1199 4764 τῶν
1251 4709 1616 4784 ὑποκειμένων
1666 4707 1835 4773 λίθων
1885 4731 1948 4765 κα

2107 4727 2155 4764 :x
2184 4725 2250 4764 eo
2300 4709 2457 4781 quod
2511 4709 2597 4777 ﬁt,
2625 4708 2736 4764 hoc
2784 4714 2873 4765 est
2919 4710 3126 4776 forma,
3166 4716 3224 4766 et
3265 4728 3335 4767 ex
3378 4729 3464 4781 eo,
3497 4729 3567 4768 ex
3615 4730 3729 4785 quo

326 4802 505 4876 ξύλων
541 4848 556 4876 ,
613 4802 718 4858 κάκ
789 4807 889 4871 τῆς
949 4801 1251 4875 στερήσεως
1284 4846 1301 4872 ,
1351 4796 1479 4868 ἤτοι
1551 4803 1646 4854 τοῦ
1705 4800 1780 4872 μὴ
1843 4799 1948 4854 slva

2113 4801 2173 4870 it,
2224 4799 2615 4869 compositum
2664 4814 2812 4853 esse.
2862 4800 3039 4870 Atqui
3089 4799 3197 4855 hoc
3244 4800 3460 4873 duplex
3502 4805 3636 4857 est:
3677 4805 3735 4857 et

331 4892 497 4949 οἷκία-
552 4891 685 4947 κάπὶ
728 4894 835 4945 τῶν
881 4887 1067 4945 ἄλλων
1118 4887 1345 4962 ὁμοίως.
1390 4892 1543 4965 Τρεῖς
1591 4885 1693 4962 ἄρα
1736 4891 1834 4958 τῆς
1872 4893 1953 4942 τῶ

2113 4886 2596 4957 mbjectum,puta
2617 4886 2859 4942 materia
2884 4905 2897 4955 ;
2920 4892 2977 4942 et
2997 4888 3151 4959 quod
3171 4890 3367 4944 formae
3397 4890 3735 4962 apponitur,

328 4986 573 5061 φυσικῶν
632 4981 892 5057 γενέσεως
940 4982 1150 5053 πρῶται
1209 4976 1394 5055 ἀρχαί”
1454 4977 1518 5032 τὸ
1578 4976 1930 5051 ὑποκείμενον

2113 4991 2201 5031 10c
2230 4979 2318 5030 est
2363 4973 2609 5045 privatio
2643 4977 2707 5029 1⁷.
2739 4975 2829 5030 Fit
2858 4975 3013 5030 enim
3055 4976 3262 5049 forma,
3295 4978 3456 5034 velut
3501 4981 3735 5051 domus,

330 5068 501 5148 ἤγουν
559 5072 594 5140 ἡ
652 5067 805 5141 ὕλη,
864 5066 955 5122 καὶ
1008 5067 1076 5120 τὰ
1126 5063 1222 5120 δύο
1278 5064 1665 5139 ἀντικείμενα,
1723 5065 1785 5121 τὸ
1844 5063 1951 5120 εἷδο

2113 5080 2165 5120 ex
2196 5063 2477 5135 subjectis
2527 5063 2826 5135 lapidibus
2856 5069 2914 5119 et
2942 5063 3118 5137 lignis
3147 5082 3161 5134 ;
3193 5070 3251 5121 et
3280 5083 3348 5122 ex
3394 5068 3735 5140 privatione,

335 5155 554 5229 δηλαδὴ
604 5157 693 5213 καὶ
740 5159 776 5227 ἡ
827 5154 1093 5231 στέρησις.
1146 5151 1320 5211 Ἀλλὰ
1364 5157 1482 5216 πῶς
1527 5154 1621 5227 μὲν
1672 5153 1839 5229 τρεὶς,
1870 5157 1957 5208 πῶ

2120 5169 2210 5208 ιοο
2242 5157 2349 5223 est,
2381 5168 2447 5207 eo
2479 5153 2634 5223 quod
2666 5169 2780 5208 non
2811 5157 2933 5208 erat
2961 5154 3193 5210 domus.
3214 5157 3288 5210 At
3314 5156 3375 5211 in
3406 5157 3535 5213 aliis
3567 5158 3742 5214 rebus

341 5245 401 5303 δὲ
432 5244 549 5320 δύο,
579 5254 680 5316 τῆς
712 5250 944 5325 φυσικῆς
973 5247 1082 5298 τῶν
1133 5242 1398 5316 σωμάτων
1448 5240 1700 5318 γενέσεως
1743 5242 1798 5296 αἱ
1833 5246 1963 5318 πρῶ

2122 5242 2303 5297 :odem
2356 5241 2528 5296 modo
2558 5256 2652 5297 res
2683 5258 2744 5296 se
2791 5240 2985 5297 habet.
3037 5243 3174 5299 Tria
3203 5261 3338 5318 ergo
3386 5246 3744 5303 naturalium

337 5357 427 5392 ται
478 5335 686 5412 ἀρχαῑ;
720 5335 941 5412 Λέγεται
988 5331 1278 5407 πρότερον,
1328 5329 1412 5386 ὅτι
1464 5332 1580 5387 καθ’
1627 5332 1763 5386 αὐτὰ
1813 5332 1906 5405 μὲν
1953 5354 1959 5363 ·

2125 5329 2458 5402 corporum]
2519 5329 2913 5401 generationis
2968 5330 3159 5404 prima
3217 5338 3356 5390 sunt
3409 5336 3747 5409 principia:

345 5422 455 5496 ὕλη
485 5425 577 5480 καὶ
605 5425 668 5480 τὸ
717 5421 860 5487 εἶδος
909 5421 1094 5499 ἀρχαί·
1143 5420 1279 5476 κατὰ
1325 5414 1671 5494 συμϐεϐηκὸς
1719 5417 1777 5475 δὲ
1809 5422 1844 5491 ἡ
1876 5421 1965 5476 στέ

2126 5419 2458 5491 ιυὶῇθοῐυηι,
2493 5423 2635 5491 puta
2682 5420 2944 5490 materia,
2974 5426 3031 5477 et
3059 5422 3175 5477 duo
3203 5424 3473 5496 opposita
3496 5426 3748 5497 [contra-

343 5535 526 5589 ρησις,
2104 5509 2231 5579 ria],
2263 5507 2452 5563 forma
2476 5507 2750 5564 videlicet
2778 5513 2834 5564 et
2863 5510 3110 5582 privatio
3142 5512 3206 5567 ¹⁸.
3235 5511 3452 5570 Verum
3491 5530 3750 5587 quonam

353 5605 529 5661 modo
573 5604 709 5672 tria,
738 5621 854 5677 quo
885 5619 1090 5658 rursus
1137 5601 1312 5655 modo
1344 5599 1459 5655 duo
1492 5604 1631 5654 sunt
1679 5598 2036 5655 naturalium
2068 5613 2378 5668 corporum
2426 5597 2824 5669 generationis
2855 5598 3148 5672 principia
3170 5601 3197 5655 ‘I
3227 5602 3456 5658 Dictum
3500 5609 3590 5658 est
3619 5607 3750 5658 ant-

352 5710 443 5760 ea,
471 5693 627 5766 quod
657 5709 760 5765 per
789 5707 851 5747 se
882 5691 1118 5762 quidem
1149 5687 1439 5761 principia
1468 5692 1627 5759 sunt,
1659 5687 1904 5744 materia
1931 5691 1989 5742 et
2016 5688 2241 5754 forma;
2274 5701 2378 5756 per
2403 5685 2672 5741 accidens
2702 5690 2921 5754 autem,
2955 5688 3218 5759 privatio.

407 5808 454 5849 ιθ
486 5808 514 5865 1
552 5806 730 5883 Pbys.
764 5822 815 5864 ο.
846 5807 901 5875 8,
933 5809 976 5862 t.
1005 5805 1098 5872 62,
1128 5804 1219 5870 63,
1250 5802 1341 5859 64.
1420 5802 1463 5841 ιτ
1491 5804 1519 5858 1
1553 5801 1729 5879 Phys,
1752 5819 1804 5860 c.
1837 5806 1892 5871 8,
1923 5806 1967 5859 t.
1997 5803 2029 5859 6

1420 5802 1463 5841 ¹⁷
1491 5804 1519 5858 1
1553 5801 1729 5879 Phys,
1752 5819 1804 5860 c.
1837 5806 1892 5871 8,
1923 5806 1967 5859 t.
1997 5802 2088 5872 60,
2118 5800 2210 5871 66,
2239 5800 2329 5858 67.
2409 5800 2453 5838 ¹⁸
2486 5801 2511 5857 1
2545 5800 2717 5875 Phys.
2748 5805 2791 5859 t.
2823 5802 2915 5871 67,
2946 5804 3033 5861 80.

614 5935 878 5997 ΡΑτιιυι..
935 5930 1255 5994 CXXXIV.
2163 6002 2169 6011 δ

2163 6002 2169 6011 δ
3394 5930 3467 5989 33
