4024 6516
417 451 573 511 1035

1666 449 2067 511 NICEPQORI
2112 444 2382 510 BLEMM
2392 449 2547 510 ῙΠιΕ

3648 445 3809 508 1036

481 585 535 636 2.
584 586 744 636 Hanc
792 568 1171 653 privationem
1219 596 1352 634 cum
1404 579 1584 652 aliqui
1631 597 1697 635 ex
1755 580 2047 637 veteribus

2233 580 2300 655 β’.
2349 579 2555 649 Ταύτην
2612 580 2712 648 τήν
2770 577 3017 654 στέρησίν
3073 600 3214 639 τινες
3268 581 3376 632 τῶν
3434 578 3809 654 ἀρχαιοτέρων

410 689 525 728 non
576 670 1017 734 intellexissent,
1068 669 1390 724 naturalem
1435 670 1899 741 generationem,
1950 670 2050 725 iti-

408 760 659 831 demque
680 758 1109 826 corruptionem
1131 758 1513 813 sustulerunt.
1528 758 1800 815 Dicebant
1820 758 2045 815 enim“:

408 848 469 903 Si
500 863 672 902 omne
700 847 855 918 quod
887 845 1061 914 ﬁt,vel
1093 863 1162 901 ex
1189 863 1255 901 eo
1286 847 1440 916 quod
1472 847 1676 919 est,vel
1698 865 1767 903 ex
1795 864 1862 903 eo
1893 849 2048 919 quod

407 953 525 993 non
556 939 665 1003 est,
698 934 822 990 ﬁeri
870 950 1107 990 necesse
1133 938 1241 1000 est,
1272 936 1373 990 sed
1425 953 1531 992 nec
1561 954 1630 993 ex
1658 942 1789 993 ente
1836 939 1931 992 17
1985 937 2051 992 ﬁt

409 1042 513 1082 ens
542 1026 683 1097 (jam
734 1024 912 1090 enim,
947 1027 1260 1094 antequam
1310 1024 1428 1090 ﬁat,
1462 1042 1566 1081 ens
1595 1031 1744 1097 est);
1772 1042 1874 1081 nec
1921 1043 2049 1081 rur-

410 1130 512 1170 sus
542 1130 611 1168 ex
642 1130 758 1167 non
788 1115 919 1168 ente
947 1112 1051 1182 (sit
1079 1112 1236 1167 enim
1259 1111 1479 1183 aliquid
1503 1120 1729 1186 oportet
1756 1115 1815 1169 id
1838 1130 1905 1169 ex
1935 1130 2050 1185 quo

410 1203 477 1257 ﬁt
523 1201 765 1273 aliquid,
797 1206 854 1256 et
885 1206 949 1255 ut
1001 1217 1123 1255 rem
1158 1219 1271 1256 uno
1310 1204 1482 1257 verbo
1532 1203 1905 1274 complectar,
1934 1220 2048 1258 non

408 1307 513 1347 ens
567 1290 713 1345 nihil
751 1291 860 1361 est)
893 1308 905 1345 :
940 1305 1305 1361 consequens
1352 1295 1461 1356 est,
1492 1307 1565 1346 ne
1615 1292 2050 1364 generationem

408 1379 647 1452 quidem
673 1395 778 1434 nec
808 1379 1237 1451 corruptionem
1269 1380 1488 1435 esse.In
1520 1380 1658 1452 quid
1690 1382 1847 1436 enim
1879 1379 2054 1436 resol-

402 1474 569 1525 vetur
608 1468 690 1539 id,
723 1468 878 1539 quod
929 1484 1045 1523 non
1096 1483 1165 1523 ex
1212 1467 1406 1539 aliquo
1454 1474 1649 1524 ortum
1698 1470 1835 1525 est?
1864 1470 2051 1534 Quare

403 1557 599 1613 mistio
644 1560 876 1612 tantum
906 1556 1015 1612 erit
1044 1561 1103 1611 et
1132 1557 1442 1612 mistorum
1483 1556 1812 1613 dissolutio.
1844 1558 1907 1613 In
1940 1558 2049 1613 hac

2163 669 2239 736 μὴ
2271 667 2639 738 ἐννοήσαντες,
2685 669 2785 736 τὴν
2840 667 3067 742 φυσικὴν
3113 664 3326 721 ἀνεῖλον
3366 666 3589 742 γένεσιν·
3623 665 3808 720 ὡσαύ-

2156 777 2264 818 τως
2295 756 2383 810 καὶ
2428 757 2652 834 φθορὰν,
2693 752 2877 830 ἔλεγον
2925 756 3049 831 γάρ·
3101 754 3163 810 Εἰ
3214 761 3316 809 πᾶν
3366 756 3395 809 ’ὁ
3438 754 3639 830 γίνεται
3686 756 3722 823 ἢ
3754 753 3807 825 ἐξ

2158 838 2315 906 ὄντος
2358 846 2394 912 ἢ
2447 844 2505 899 έκ
2561 846 2637 917 μὴ
2688 840 2844 907 ὄντος
2893 845 3093 920 ἀνάγκη
3153 844 3421 920 γίνεσθαι·
3477 840 3601 899 οὔτε
3658 840 3707 898 δ’
3753 841 3807 913 ἐξ

2159 928 2314 995 ὄντος
2341 933 2404 988 τὸ
2449 930 2509 986 ὃν
2551 932 2747 1008 γίνεται
2786 930 2916 1005 (ἤδη
2964 933 3065 1008 γάρ
3117 929 3230 987 ἔστι
3273 933 3381 1009 πρὸ
3426 936 3524 987 τοῦ
3562 932 3806 1007 γινέσθαι

2156 1022 2219 1076 τὸ
2248 1020 2351 1095 ὃν),
2395 1019 2508 1076 οὔτ’
2555 1020 2621 1076 αὖ
2669 1020 2729 1075 ἐκ
2779 1024 2854 1094 μὴ
2911 1017 3066 1083 ὄντος
3116 1017 3222 1095 (δεῖ
3266 1021 3367 1098 γὰρ
3398 1020 3534 1076 εἶναί
3575 1020 3721 1075 τιτὸ
3753 1019 3808 1091 ἐξ

2159 1108 2221 1163 οὗ
2250 1109 2443 1185 γένοιτ’
2490 1106 2571 1163 ἄν·
2602 1109 2693 1164 καὶ
2722 1108 2867 1170 ὅλως
2914 1111 2978 1163 τὸ
3026 1111 3101 1182 μὴ
3146 1108 3203 1164 ὃν
3257 1106 3412 1164 οὐδέν
3462 1108 3652 1180 ἐστιν),
3683 1106 3810 1163 οὔτε

2158 1198 2357 1274 γένεσις
2388 1198 2447 1253 ἃν
2490 1195 2596 1269 εἷἠ,
2644 1195 2768 1252 οὔτε
2814 1195 2872 1252 δὲ
2920 1198 3113 1275 φθορά.
3162 1197 3258 1259 Εἷς
3305 1198 3358 1252 τί
3387 1198 3491 1274 γάρ
3533 1194 3809 1267 άναλυθή-

2160 1308 2304 1341 σεται
2352 1287 2416 1340 τὸ
2462 1289 2536 1360 μή
2570 1284 2630 1341 ἔκ
2669 1308 2818 1348 τινος
2862 1286 3083 1363 γεγονός
3116 1306 3129 1355 ;
3164 1285 3302 1341 ὥστε
3348 1286 3494 1359 μίξις
3540 1284 3650 1340 ἐστὶ
3705 1285 3806 1358 μό-

2158 1397 2269 1449 νον³
2328 1375 2417 1430 καὶ
2463 1380 2569 1430 τῶν
2622 1377 2887 1449 μιγέντων
2937 1372 3239 1448 διάλλαξις.
3285 1379 3461 1429 Ταῦτα
3509 1371 3809 1446 διηπόρουν

2158 1465 2220 1519 τὸ
2250 1463 2379 1518 αὐτὸ
2423 1468 2503 1536 τῷ
2545 1463 2818 1541 γινομένῳ
2871 1463 3034 1538 μόνον
3078 1462 3351 1526 ἐννοῦντες
3399 1459 3477 1517 ὅν·
3533 1464 3611 1537 μή
3642 1461 3703 1518 ὃν
3748 1460 3809 1517 δὲ

2158 1554 2222 1607 τὸ
2245 1552 2418 1623 πάντη
2456 1554 2532 1625 μὴ
2567 1548 2647 1607 ὄν.

401 1646 763 1702 dubitatione
819 1646 1224 1715 versabantur,
1263 1647 1404 1701 dum
1461 1662 1565 1703 ens
1622 1647 1775 1703 idem
1835 1663 1970 1702 cum
2027 1662 2094 1703 eo
2149 1645 2306 1716 quod
2336 1644 2436 1712 fit;
2471 1660 2585 1700 non
2645 1660 2750 1700 ens
2789 1647 3007 1714 autem,
3048 1644 3204 1717 quod
3260 1644 3499 1700 omnino
3539 1660 3657 1700 non
3706 1644 3811 1711 sit,

405 1732 838 1791 existimabant.

474 1852 527 1905 3.
560 1853 633 1906 At
662 1866 794 1906 vero
847 1849 995 1905 scire
1024 1851 1326 1921 oportebat
1356 1851 1586 1906 duobus
1640 1851 1829 1906 modis
1860 1867 1963 1906 ens
1994 1854 2051 1905 et
2081 1852 2125 1915 Β

404 1954 519 1993 non
546 1955 651 1993 ens
679 1938 793 1993 dici
828 1956 841 1993 :
875 1937 1032 1992 aliud
1064 1937 1301 2009 quidem
1351 1955 1455 2011 per
1483 1956 1564 2006 se,
1597 1939 1756 1995 aliud
1785 1956 1919 1994 vero
1950 1955 2051 2010 per

405 2026 694 2082 accidens.
730 2026 823 2082 Sic
870 2027 1028 2081 enim
1079 2027 1325 2082 materia
1371 2028 1605 2098 quidem
1637 2045 1740 2100 per
1782 2028 2050 2084 accidens

407 2116 621 2171 dicitur
660 2132 776 2171 non
819 2131 924 2171 ens
971 2131 1141 2183 esse;
1189 2116 1328 2187 quia
1372 2115 1715 2187 privationis
1761 2116 2050 2189 particeps

408 2207 521 2272 est,
552 2220 677 2276 quas
726 2204 970 2276 privatio
995 2220 1098 2275 per
1146 2220 1209 2259 se
1238 2221 1355 2259 non
1387 2221 1492 2261 ens
1538 2210 1777 2261 vocatur
1806 2208 1869 2260 2°.
1903 2206 2049 2261 Nam

406 2292 607 2348 formae
635 2292 916 2347 duntaxat
958 2292 1222 2348 absentia
1252 2309 1381 2349 esse
1410 2294 1768 2366 agnoscitur,
1802 2300 1857 2350 et
1904 2292 2051 2349 nihil

405 2380 584 2436 aliud.
617 2385 699 2435 Ac
746 2396 953 2436 rursus
1001 2381 1246 2436 materia
1272 2398 1374 2453 per
1418 2398 1479 2438 se
1528 2399 1631 2437 ens
1678 2381 2049 2455 [appellatur]

407 2473 472 2525 ut
509 2469 838 2539 subjectum
861 2486 881 2531 ,ο
913 2469 1159 2542 privatio
1207 2475 1401 2526 autem
1452 2487 1557 2526 ens
1606 2487 1709 2541 per
1759 2471 2049 2542 accidens,

405 2558 563 2630 quod
611 2557 751 2628 enti,
782 2557 892 2613 hoc
940 2563 1030 2613 est
1074 2559 1349 2626 materias,
1382 2559 1624 2616 accidat.
1654 2562 1730 2615 Ac
1777 2564 2055 2631 praeterea

406 2663 512 2703 ens
542 2662 675 2702 cum
720 2646 778 2701 id
821 2647 975 2719 quod
1006 2651 1314 2719 potestate,
1346 2652 1472 2703 tum
1503 2649 1560 2703 id
1591 2649 1744 2720 quod
1777 2654 1907 2704 actu
1940 2654 2046 2715 est,

407 2735 717 2809 significat.
752 2735 847 2790 Sic
875 2735 1055 2808 igitur
1085 2736 1329 2791 materia
1357 2736 1593 2808 quidem
1628 2742 1910 2809 potestate
1939 2742 2047 2805 est,

409 2826 562 2897 quod
606 2824 708 2894 ﬁt;
743 2841 858 2880 non
890 2828 1085 2880 autem
1124 2829 1277 2879 actu.
1310 2825 1501 2880 Causa
1530 2830 1724 2882 autem
1772 2826 2047 2894 materiae,

410 2915 563 2986 quod
612 2914 903 2985 ejusmodi
934 2918 1204 2969 naturam
1245 2913 1442 2985 habet,
1474 2920 1562 2971 est
1605 2916 1889 2988 privatio;
1922 2932 2050 2988 quas

409 3002 675 3059 absentia
703 3002 803 3057 18
837 3007 926 3057 est
954 3003 1015 3057 in
1047 3019 1112 3057 eo
1144 3004 1299 3074 quod
1327 3009 1537 3059 natura
1568 3004 1650 3060 sic
1689 3011 1890 3077 aptum
1921 3010 2047 3073 est;

406 3109 532 3164 quae
580 3092 777 3160 etiam,
821 3091 959 3163 quia
985 3091 1246 3163 [quidem
1296 3092 1563 3149 absentia
1610 3100 1720 3161 est,
1765 3094 1942 3149 efﬁcit
1987 3099 2053 3150 ut

405 3181 650 3237 materia
696 3196 814 3235 non
844 3181 921 3235 sit
967 3183 1124 3246 actu,
1155 3181 1310 3252 quod
1360 3181 1584 3248 oritur;
1619 3183 1759 3254 quia
1804 3200 1939 3239 vero
1989 3183 2047 3237 in

403 3269 666 3341 subjecto
714 3272 805 3323 est
833 3269 988 3340 quod
1030 3271 1241 3323 natura
1288 3268 1373 3324 sic
1402 3275 1603 3340 aptum
1651 3275 1759 3339 est,
1793 3272 2046 3327 materiae

403 3362 662 3430 praestat,
712 3361 777 3413 ut
829 3361 1115 3428 potestate
1172 3357 1249 3413 sit
1300 3375 1470 3414 omne
1518 3358 1575 3412 id
1635 3361 1789 3430 quod
1842 3360 2045 3416 oritur.

404 3446 592 3511 Quare
619 3446 774 3518 quod
806 3446 892 3513 ﬁt,
925 3462 995 3501 ex
1042 3462 1107 3500 eo
1140 3446 1293 3516 quod
1326 3447 1736 3518 quadantenus
1766 3453 1873 3519 est,
1903 3465 2047 3520 qua-

408 3538 698 3592 dantenus
748 3552 863 3591 non
892 3540 1000 3605 est,
1050 3536 1273 3602 oritur;
1306 3541 1363 3591 et
1414 3553 1617 3592 rursus
1670 3537 1728 3592 in
1784 3539 1864 3609 id,
1895 3539 2050 3611 quod

411 3627 821 3698 quadantenus
846 3625 1370 3696 est,quadantenus
1387 3641 1499 3681 non
1517 3628 1993 3700 est,corrumpitu
2005 3646 2050 3684 r.

413 3718 612 3785 Neque
628 3713 784 3769 enim
813 3730 928 3768 uno
952 3713 1123 3769 modo
1153 3712 1369 3768 dicitur
1386 3730 1489 3769 ens
1507 3718 1565 3769 et
1585 3731 1695 3769 non
1728 3733 2055 3787 ens,quem-

417 3802 733 3858 admodum
778 3801 1187 3873 opinabantur,
1223 3801 1322 3873 qui
1360 3802 1793 3874 generationem
1826 3808 1883 3859 et
1930 3821 2054 3860 cor-

418 3890 747 3963 ruptionem
795 3888 1116 3947 tollebant:
1159 3892 1261 3946 sed
1313 3892 1437 3946 fieri
1488 3898 1696 3964 potest,
1752 3898 1816 3948 ut
1871 3910 2055 3949 unum

421 3981 696 4051 idemque
743 3982 800 4034 et
827 3996 929 4034 ens
969 3985 1023 4034 et
1077 3996 1191 4035 non
1235 3996 1339 4035 ens
1387 3980 1481 4036 sit.
1511 3982 1625 4037 Nec
1677 3984 2057 4039 contradictio

419 4073 724 4142 propterea
772 4067 949 4124 simul
976 4085 1177 4124 verum
1208 4068 1435 4125 dixerit.
1468 4070 1664 4133 Quoad
1715 4071 1869 4127 aliud
1901 4073 2056 4128 enim

418 4162 605 4226 ens,et
633 4158 821 4230 quoad
857 4156 1013 4212 aliud
1047 4174 1162 4212 non
1192 4174 1296 4213 ens
1318 4158 1596 4214 erit.Nam
1628 4160 1782 4216 haud
1816 4164 2061 4218 materia

416 4252 475 4304 et
502 4247 745 4320 privatio
776 4245 900 4302 sola
932 4250 1070 4301 sunt
1099 4250 1157 4301 et
1184 4246 1339 4302 entia
1367 4252 1424 4302 et
1453 4265 1567 4303 non
1600 4250 1934 4315 entia,sicut
1966 4250 2058 4305 di-

2225 1848 2289 1921 γ’.
2334 1852 2545 1921 Ἐχηῆν
2601 1843 2649 1900 δ’
2696 1844 2973 1915 ἐπιστῆναι
3024 1842 3107 1901 ὅτι
3156 1843 3330 1921 διχῶς
3383 1843 3602 1920 λέγεται
3649 1847 3714 1901 τὸ
3743 1845 3804 1901 ὃν

2157 1933 2339 1989 καὶτὸ
2376 1937 2450 2008 μή
2484 1935 2566 1989 ὃν·
2619 1936 2681 1989 τὸ
2732 1935 2826 2007 μὲν
2877 1936 2994 1988 καθ’
3043 1935 3195 2002 αὐτὸ,
3241 1935 3304 1989 τὸ
3335 1931 3394 1988 δὲ
3439 1936 3576 1989 κατὰ
3602 1930 3808 2008 συμϐε-

2158 2018 2350 2093 ϐηκός.
2383 2023 2567 2085 Οὕτως
2617 2021 2707 2077 οὗν
2748 2026 2784 2093 ἡ
2833 2024 2927 2096 μὲν
2961 2021 3067 2094 ὕλη
3107 2024 3245 2078 κατὰ
3269 2018 3619 2097 συμϐεϐηκὸς
3651 2021 3809 2099 λέγε-

2156 2112 2355 2187 ταὶμή
2388 2112 2469 2185 ὃν,
2498 2117 2578 2184 τῷ
2629 2113 2875 2189 μετέχειν
2923 2119 3025 2182 τῆς
3075 2115 3399 2188 στερήσεως·
3449 2112 3571 2182 ἥτις
3617 2112 3811 2190 στέρη-

2158 2223 2241 2264 σις
2284 2203 2399 2256 καθ’
2447 2202 2578 2256 αὑτὸ
2625 2200 2871 2257 καλεῖται
2923 2202 3001 2274 μή
3053 2198 3131 2258 ὄν.
3181 2202 3445 2273 ’Δπουσίᾳ
3489 2203 3592 2278 γὰρ
3639 2203 3808 2275 μόνον

2154 2295 2252 2345 τοῦ
2304 2287 2481 2353 εἷ’δους
2529 2291 2847 2366 γινώσκεται
2901 2291 2992 2345 καὶ
3045 2286 3197 2345 οὐδέν
3240 2290 3449 2366 ἓτερον.
3490 2293 3591 2346 Καὶ
3638 2290 3807 2347 πάλιν

2157 2382 2191 2449 ἡ
2228 2379 2319 2453 μὲν
2349 2379 2454 2451 ὕλη
2486 2381 2605 2434 καθ’
2650 2379 2782 2434 αὑτὸ
2829 2378 2912 2449 ὃν,
2958 2380 3033 2442 ὡς
3086 2367 3463 2452 ὑποκείμενον,
3507 2382 3542 2450 ἡ
3586 2378 3646 2436 δὲ
3693 2379 3813 2436 στέ-

2159 2489 2315 2545 ρησις
2345 2468 2481 2523 κατά
2529 2463 2874 2541 συμϐεϐηκὸς
2928 2466 3009 2541 ὂν,
3043 2467 3127 2523 ὅτι
3172 2473 3253 2541 τῷ
3282 2463 3415 2538 ὄντι,
3455 2470 3698 2524 τουτέστι
3733 2473 3809 2543 τῇ

2157 2555 2280 2629 ὕλῃ,
2315 2551 2644 2631 συμϐέϐηκε·
2697 2558 2786 2611 καὶ
2837 2555 2913 2612 ἔτι
2968 2558 3033 2612 τὸ
3080 2556 3137 2612 ὃν
3167 2557 3231 2612 τό
3275 2578 3337 2613 τε
3382 2555 3605 2631 δυνάμει
3637 2555 3814 2628 δηλοῖ

2156 2645 2245 2700 καὶ
2275 2647 2337 2701 τὸ
2370 2644 2623 2723 ἐνεργείᾳ.
2670 2644 2853 2708 Οὕτως
2904 2646 2994 2701 οὗν
3045 2649 3080 2716 ἡ
3126 2645 3230 2717 ὕλη
3274 2644 3499 2720 δυνάμει
3531 2646 3628 2720 μὲν
3662 2645 3809 2702 ἔστιν

2157 2734 2289 2811 ὅπερ
2335 2735 2559 2811 γίνεται,
2618 2734 2858 2810 ἐνεργείᾳ
2914 2732 2961 2789 δ’
3017 2732 3100 2793 οὔ.
3152 2734 3312 2792 Αίτία
3343 2733 3401 2791 δὲ
3444 2740 3513 2809 τῇ
3571 2734 3677 2811 ὕλῃ
3703 2743 3815 2807 τῆς

2155 2824 2411 2894 τοιαύτης
2472 2824 2680 2902 φύσεως
2737 2827 2773 2894 ἡ
2834 2824 3081 2901 στέρησίς
3138 2824 3276 2880 ἐστιν
3310 2870 3324 2897 ,
3386 2825 3616 2880 ἀπουσία
3674 2823 3821 2881 οὖσα

2157 2911 2209 2965 ἐν
2262 2916 2342 2983 τῷ
2370 2912 2629 2990 πεφυκότι
2668 2932 2680 2945 ’
2711 2914 2800 2968 καὶ
2840 2910 2929 2968 διὰ
2980 2913 3074 2987 μὶν
3123 2914 3186 2969 τὸ
3234 2913 3465 2968 ἀπουσία
3496 2914 3653 2986 εἶναι,
3685 2936 3821 2970 ποι-

2158 3005 2290 3055 οῦσα
2318 3002 2415 3071 τήν
2445 3000 2582 3070 ὕλην
2636 3003 2711 3075 μή
2764 3001 2898 3058 εἶναι
2951 3001 3191 3079 ἐνεργείᾳ
3219 3002 3248 3057 ’ὁ
3284 3001 3507 3078 γίνεται-
3542 3000 3632 3059 διὰ
3664 3001 3722 3059 δὲ
3746 3005 3820 3059 τὸ

2158 3088 2209 3143 ἐν
2232 3094 2312 3162 τῷ
2338 3090 2597 3167 πεφυκότι
2630 3087 2853 3164 δυνάμει
2882 3092 2982 3161 τήν
3013 3089 3153 3162 ὕλην
3187 3091 3339 3163 εἶναι,
3370 3092 3473 3145 πὰν
3517 3092 3547 3146 ’ὁ
3577 3090 3817 3168 γίνεται,

2157 3178 2491 3254 παράγουσα.
2523 3180 2675 3234 Ὥστε
2720 3180 2750 3234 ’ὁ
2777 3179 3001 3254 γίνεται,
3055 3179 3116 3235 ἐκ
3148 3185 3245 3235 τοῦ
3274 3187 3350 3250 πῆ
3388 3181 3483 3254 μὲν
3516 3176 3697 3254 ὄντος,
3728 3186 3824 3253 πῆ

2160 3264 2217 3321 δὲ
2251 3267 2328 3339 μὴ
2369 3262 2524 3330 ὄντος
2553 3268 2775 3343 γίνεται·
2824 3270 2916 3323 καὶ
2965 3268 3235 3346 φθείρεται
3282 3268 3447 3324 πάλιν
3494 3270 3571 3333 εἰς
3613 3271 3679 3326 τὸ
3725 3279 3815 3343 πῆ

2162 3356 2255 3428 μὶν
2284 3356 2366 3423 ὃν,
2410 3362 2485 3425 πῆ
2538 3353 2595 3411 δὲ
2641 3357 2717 3428 μή
2750 3352 2830 3411 ὅν.
2864 3354 3002 3412 Οὐδὲ
3049 3357 3153 3434 γὰρ
3195 3363 3456 3434 μοναχῶς
3503 3358 3716 3435 λέγεται
3743 3361 3820 3416 τὸ

2159 3442 2216 3498 ὅν
2247 3443 2337 3498 καὶ
2383 3443 2446 3498 τὸ
2496 3445 2572 3517 μὴ
2627 3442 2709 3514 δν,
2756 3444 2937 3507 καθὼς
2989 3442 3163 3515 ᾤοντυ
3194 3446 3248 3500 o't
3285 3446 3385 3514 τὴν
3414 3446 3622 3520 γένεσιν
3654 3448 3816 3502 ἀναι-

2161 3537 2377 3608 ροῦντες
2421 3533 2511 3588 καὶ
2558 3533 2656 3602 τὴν
2709 3535 2931 3612 φθοράν·
2984 3532 3128 3590 άΛλὰ
3180 3531 3399 3589 δυνατὸν
3440 3535 3505 3590 τὸ
3548 3536 3679 3591 αὐτὸ
3712 3538 3816 3592 καὶ

2158 3621 2213 3677 ’ἐν
2266 3617 2322 3675 ὄν
2380 3642 2439 3676 τε
2495 3620 2584 3675 καὶ
2645 3622 2720 3694 μὴ
2772 3620 2830 3677 ὃν
2863 3622 3018 3679 εἶναι.
3058 3623 3157 3678 Καὶ
3205 3623 3304 3678 οὐκ
3349 3622 3407 3679 ἂν
3437 3622 3521 3694 εἴη
3570 3623 3813 3697 συναλη.

2162 3710 2390 3766 θεύουσα
2435 3712 2470 3780 ἡ
2504 3710 2803 3787 ἀντίφασις.
2852 3712 2978 3766 Κατ’
3025 3708 3166 3766 ἄΛλο
3213 3712 3308 3785 μὲν
3358 3713 3463 3789 γὰρ
3513 3709 3659 3769 ἔσται
3704 3712 3769 3769 ὃν
3805 3760 3823 3785 ,

2164 3801 2279 3856 κατ’
2310 3797 2450 3855 ἄλλο
2483 3796 2541 3854 δὲ
2574 3800 2648 3873 μὴ
2681 3795 2765 3858 ὅν.
2794 3799 2866 3854 Οὐ
2882 3801 2983 3876 γὰρ
3014 3803 3048 3870 ἠ
3072 3799 3177 3871 ὕλη
3210 3802 3298 3856 καὶ
3328 3803 3363 3871 ἠ
3397 3801 3645 3879 στέρησις
3671 3803 3825 3877 μόνα

2164 3889 2253 3945 καὶ
2286 3885 2415 3944 ὄντα
2453 3888 2541 3943 καὶ
2576 3889 2652 3960 μὴ
2698 3883 2827 3943 ὅντα
2874 3887 3028 3961 εἰσὶν,
3084 3887 3265 3965 ὥσπερ
3299 3887 3531 3966 εἷ’ρηταιο
3564 3889 3706 3947 ἀλλᾶ
3742 3890 3818 3963 δή

2165 3979 2254 4034 καὶ
2299 3983 2407 4033 τῶν
2450 3977 2671 4033 τελείων
2724 3975 2880 4032 εἱδῶν
2923 3974 3145 4033 ἕκαστον
3190 3978 3280 4034 καὶ
3326 3975 3383 4033 ὅν
3436 3978 3544 4035 ἐστι
3587 3980 3676 4034 καὶ
3710 3983 3817 4053 ιμή

2167 4064 2243 4122 ὄν·
2267 4069 2320 4123 τὶ
2354 4067 2446 4141 μὲν
2481 4065 2562 4136 ὃν,
2610 4066 2663 4121 τὶ
2713 4064 2770 4121 δὲ
2816 4068 2890 4140 μὴ
2944 4062 3020 4121 ὅν.
3075 4068 3199 4122 Οἷον
3232 4068 3260 4122 ὁ
3292 4066 3577 4144 ἅνθρωπος
3619 4067 3676 4123 ὃν
3709 4070 3816 4143 μὲν

2166 4154 2325 4229 ἔστιν,
2357 4155 2473 4211 ἐπεὶ
2504 4154 2808 4232 ἄνθρωπος’
2846 4156 2919 4229 μή
2954 4154 3011 4210 ὃν
3063 4152 3140 4225 δὲ,
3173 4153 3311 4211 διότι
3355 4157 3463 4233 οὐχ
3490 4156 3680 4221 ἵππος,
3714 4161 3824 4216 Διὰ

2166 4248 2267 4323 γὰρ
2334 4247 2396 4300 τὸ
2469 4243 2681 4314 πλῆθος
2741 4244 2831 4299 καὶ
2889 4243 3070 4307 αὐτοῖς
3131 4251 3250 4309 τοῖς
3320 4244 3557 4311 τελείοις
3614 4245 3818 4304 εἴδεσιν

415 4342 574 4393 ctum
605 4340 739 4393 est:
774 4336 873 4391 sed
914 4334 1090 4390 etiam
1131 4334 1375 4407 singulae
1425 4337 1677 4408 perfecte
1726 4339 1949 4409 species
2000 4343 2051 4395 et

2164 4334 2500 4410 έπεισάγεται
2525 4334 2586 4388 τὸ
2616 4335 2690 4407 μή
2722 4328 2801 4388 ὄν.

411 4443 515 4484 ens
545 4430 684 4481 sunt
709 4428 765 4480 et
796 4440 911 4479 non
959 4439 1065 4478 ens
1099 4448 1112 4480 :
1142 4427 1207 4478 ut
1235 4440 1361 4495 quas
1410 4424 1645 4496 quidem
1695 4424 1915 4498 aliquid
1965 4427 2102 4495 sint,
2136 4425 2355 4498 aliquid
2402 4441 2538 4480 vero
2583 4441 2697 4480 non
2743 4423 2862 4480 sint
2888 4442 2903 4493 ;
2934 4422 3185 4495 exempli
3230 4425 3438 4497 gratia,
3468 4425 3645 4484 homo
3700 4444 3815 4485 ens

410 4516 645 4587 quidem
693 4517 802 4583 est,
858 4513 996 4584 quia
1047 4513 1220 4568 homo
1250 4520 1375 4579 est;
1408 4529 1523 4569 non
1570 4529 1674 4569 ens
1724 4519 1940 4582 autem,
1984 4515 2124 4588 quia
2166 4531 2352 4588 equus
2404 4530 2521 4569 non
2572 4516 2681 4569 est.
2721 4512 2943 4586 Quippe
2991 4511 3387 4570 multitudinis
3438 4532 3617 4572 causa
3662 4517 3819 4590 ipsis

408 4604 586 4660 etiam
617 4601 887 4674 perfectis
916 4599 1221 4671 speciebus
1250 4616 1364 4655 non
1395 4617 1500 4657 ens
1531 4602 2009 4674 superiuducitur
2040 4605 2107 4659 ²¹.

480 4719 532 4773 4.
566 4718 742 4773 Porro
773 4715 1018 4771 materia
1045 4733 1112 4770 ex
1143 4715 1411 4789 analogia
1442 4718 1856 4789 [proportione]
1877 4736 2053 4793 quam

408 4806 589 4863 habet
616 4807 685 4861 ad
718 4822 810 4861 res
860 4804 1026 4870 alias,
1058 4806 1158 4860 I9
1192 4804 1445 4860 naturali
1477 4806 1713 4877 quidem
1756 4809 1926 4863 modo
1957 4825 2052 4865 co-

407 4896 727 4968 gnoscitur.
760 4895 925 4950 Sicut
972 4892 1128 4948 enim
1160 4910 1238 4948 as
1268 4894 1340 4948 ad
1374 4899 1650 4961 statuam,
1683 4900 1785 4950 aut
1824 4896 2052 4968 lignum

407 4986 479 5041 ad
527 4985 763 5055 lectum,
796 4988 898 5038 aut
943 4984 1015 5037 ad
1049 4981 1205 5037 aliud
1247 4982 1467 5054 aliquid
1517 4983 1819 5041 artiﬁciale
1866 4988 2052 5042 forma

404 5071 749 5145 insignitum
799 5072 857 5126 id
908 5071 1062 5142 quod
1118 5072 1312 5125 formaa
1362 5087 1567 5143 expers
1597 5076 1686 5127 est
1732 5077 2051 5144 antequam

403 5162 652 5216 formam
708 5160 937 5231 accipit,
970 5177 1032 5214 se
1077 5160 1296 5215 habet:
1333 5160 1409 5215 ita
1443 5161 1633 5231 prima
1685 5161 1928 5216 materia
1977 5160 2049 5215 ad

403 5249 692 5306 naturalia
722 5250 1006 5321 [corpora]
1040 5266 1101 5304 se
1131 5248 1326 5305 habet.
1349 5253 1535 5321 Atque
1565 5250 1674 5305 hoc
1705 5265 1844 5306 sane
1877 5250 2049 5305 modo

401 5356 470 5395 ex
486 5338 755 5410 analogia
772 5338 843 5393 ad
867 5354 958 5393 res
977 5337 1120 5393 alias
1145 5338 1449 5393 materiam
1469 5339 2046 5411 comprehendimus.

397 5430 479 5485 Ex
525 5427 851 5500 specierum
913 5429 1106 5481 autem
1155 5426 1462 5498 negatione
1519 5428 1836 5499 perfectius
1896 5430 2047 5496 [eam

396 5516 850 5590 cognoscimus].
884 5515 1026 5570 Cum
1079 5515 1235 5569 enim
1269 5515 1503 5571 ultimas
1549 5518 1772 5587 species
1804 5517 1956 5571 inter
1985 5533 2047 5572 se

392 5609 620 5666 nvicem
654 5605 1002 5662 commutari
1051 5609 1107 5658 et
1138 5610 1448 5676 propterea
1478 5606 1747 5675 subjecto
1784 5606 2042 5677 quodam

2245 4714 2305 4771 δ’.
2363 4717 2687 4772 Γινώσκιται
2746 4712 2794 4770 δ’
2848 4717 2884 4785 ἠ
2935 4713 3040 4785 ὕλη
3091 4720 3329 4794 φυσικῶς
3381 4716 3476 4789 μὶν
3526 4716 3579 4788 ἐξ
3610 4716 3819 4773 ἀναλο-

2160 4805 2279 4881 γίας
2325 4812 2426 4874 τῆς
2477 4805 2615 4881 πρὸς
2664 4801 2861 4860 τᾶλλα.
2916 4802 3015 4858 Καὶ
3064 4804 3166 4879 γὰρ
3209 4803 3286 4866 ὡς
3336 4805 3472 4881 πρὸς
3524 4802 3822 4880 ἀνδριάντα

2161 4892 2391 4969 χαλκὸς,
2445 4894 2480 4963 ἢ
2525 4893 2662 4967 πρὸς
2703 4891 2895 4963 κλίνην
2945 4890 3124 4965 ξύλον,
3174 4893 3210 4961 ἢ
3260 4893 3397 4969 πρὸς
3443 4890 3585 4949 ἄλλο
3624 4914 3677 4948 τι
3704 4899 3825 4949 τῶν

2162 4980 2402 5057 ἐχόντων
2438 4982 2652 5059 μορφὴν
2700 4985 2980 5056 τεχνητῶν
3018 4981 3082 5036 τὸ
3126 4978 3370 5060 ἄμορφον
3404 4979 3519 5058 ἔχει
3550 4983 3678 5060 πρὶν
3710 4982 3823 5039 λα-

2162 5066 2272 5126 ϐεῖν
2303 5072 2402 5141 τὴν
2439 5073 2651 5149 μορφήν
2680 5089 2693 5102 ·
2746 5070 2917 5133 οὕτως
2967 5065 3082 5147 ἔχει
3131 5072 3166 5140 ἡ
3199 5072 3387 5146 πρώτη
3424 5070 3530 5142 ὕλη
3578 5073 3717 5149 πρὸς
3746 5074 3829 5128 τὰ

2160 5162 2375 5238 φυσικά.
2408 5165 2605 5214 Τοῦτον
2661 5159 2752 5232 μὲν
2804 5156 2894 5213 οὖν
2943 5159 3035 5213 τὸν
3082 5159 3285 5236 τρόπον
3332 5165 3575 5238 φυσικῶς
3624 5160 3685 5216 ἐκ
3710 5164 3827 5231 τῆς

2159 5249 2449 5327 ἀναγογίας
2519 5251 2617 5317 τῆς
2692 5248 2826 5324 πρὸς
2882 5246 3063 5304 τᾶλλα
3116 5250 3213 5317 τήν
3270 5248 3405 5318 ὕλην
3459 5245 3823 5322 καταμϐάνο-

2162 5360 2274 5410 μεν*
2336 5337 2396 5393 ἐκ
2451 5335 2508 5393 δὲ
2562 5345 2663 5408 τῆς
2721 5336 3038 5416 ἀποφάσεως
3093 5342 3200 5391 τῶν
3249 5334 3405 5392 εἰδῶν
3451 5337 3826 5414 τελεώτερον,

2155 5428 2230 5481 Τὰ
2296 5426 2579 5483 τελευταῖα
2649 5427 2751 5504 γὰρ
2810 5423 2926 5497 εἷ’δη
3006 5425 3323 5499 θεασάμενοι
3378 5427 3517 5504 πρὸς
3580 5425 3829 5496 ἄλληλα

2161 5511 2571 5591 μεταϐάλλοντα
2604 5562 2619 5585 ,
2674 5516 2763 5571 καὶ
2836 5513 2923 5570 διὰ
2995 5514 3156 5571 τοῦτό
3226 5536 3371 5578 τινος
3446 5515 3829 5589 ὑποκειμένου

2156 5604 2403 5679 δεόμενα,
2452 5604 2755 5681 πεφυκότος
2807 5601 3059 5679 δέχεσθαι
3100 5606 3245 5679 παρὰ
3295 5604 3461 5680 μέρος
3506 5607 3613 5659 τῶν
3657 5604 3832 5661 ἀντι-

463 5846 481 5884 ί
514 5840 685 5916 Phys.
719 5856 769 5897 c.
800 5840 857 5909 9,
889 5841 933 5894 t.
965 5836 1055 5892 71.
1135 5836 1180 5871 2°
1213 5838 1238 5893 1
1275 5835 1444 5911 Phys.
1477 5851 1528 5891 ο.
1560 5836 1617 5904 9,
1647 5840 1694 5892 ι.
1726 5838 1818 5894 75.
1898 5840 1942 5876 ²¹
1979 5840 2005 5897 1
2039 5838 2051 5894 ]

2167 5855 2215 5895 s.
2248 5855 2297 5894 c.
2329 5839 2383 5903 8,
2415 5840 2557 5894 text.
2588 5838 2698 5907 69;
2732 5836 2892 5896 Plato
2921 5837 2981 5893 in
3013 5837 3252 5908 Timaeo,
3276 5853 3334 5910 p.
3369 5836 3541 5896 1061..
