4024 6506
237 432 383 509 1037

1568 443 1917 509 EPITOME
1958 442 2293 509 PHYSICA
2306 491 2322 507 .

3460 451 3617 516 {038

234 576 488 650 κειμένων
539 575 808 654 ἑκάτερον·
861 575 947 631 ἐπὶ
996 576 1095 646 τὴν
1145 571 1350 631 ἔννοιαν
1399 582 1500 646 τῆς
1530 574 1669 647 ὕλης
1714 574 1870 652 ἐρχό-

1984 577 2247 650 indigere
2276 578 2762 650 perspexerimus,
2794 581 2950 652 quod
3003 579 3084 637 ita
3130 585 3342 639 natura
3380 600 3614 657 compa-

238 677 363 739 μεθα
413 666 529 721 κατ’
573 665 839 743 ἀπόφασιν
886 668 994 720 τῶν
1042 662 1222 737 εἱδῶν,
1268 665 1369 734 τὴν
1419 665 1494 727 εἷς
1522 664 1584 720 τὰ
1626 663 1863 721 δεκτικὸν

234 753 532 831 ἀπάγουσαν
565 754 914 830 ὑποκείμενον
925 800 938 812 .

301 1023 356 1080 ε’.
408 1020 614 1093 Ταύτην
667 1023 766 1090 τὴν
827 1020 965 1091 ὓλην
1026 1022 1161 1098 μέγα
1207 1022 1297 1076 καὶ
1346 1021 1535 1097 μικρὸν
1578 1021 1606 1074 ὁ
1636 1020 1864 1076 Πλάτων

237 1110 528 1184 ὠνόμασεν,
580 1120 641 1165 ἐκ
693 1115 819 1184 μιᾶς
866 1109 1181 1174 ἀντιθέσεως
1232 1111 1403 1173 πάσας
1453 1109 1588 1184 αὐτῇ
1636 1110 1729 1172 τὰς
1782 1111 1869 1164 ἀν-

235 1199 453 1262 τιθέσεις
502 1205 777 1272 προσεῖναι
829 1203 1136 1275 μαρτυρῶν,
1186 1198 1275 1254 καὶ
1331 1196 1498 1254 δυάδα
1544 1196 1591 1253 δ’
1621 1198 1866 1275 ἀόριστον

236 1289 317 1343 καὶ
368 1287 740 1363 ἀσυμμετρίαν
800 1287 966 1357 αὐτὴν
1020 1287 1268 1343 ἐκάλεσεν
1297 1306 1310 1320 ·
1368 1290 1434 1357 ἧς
1497 1287 1632 1362 μέρη
1707 1288 1865 1364 ὑπερ-

236 1372 369 1448 ϐολή
400 1398 460 1432 τε
483 1377 572 1432 καὶ
598 1373 862 1451 ἔλλειψις,
909 1375 998 1431 καὶ
1044 1376 1108 1431 τὸ
1154 1374 1299 1432 πολὺ
1347 1377 1436 1431 καὶ
1475 1375 1681 1453 ὀλίγον,
1711 1377 1799 1431 καὶ
1828 1379 1865 1446 ἡ

237 1466 504 1539 ἀνισότης,
556 1465 727 1522 πάντα
770 1471 839 1540 τῇ
885 1465 989 1542 ὕλῃ
1038 1469 1400 1542 προσήκοντα,
1451 1466 1583 1541 ἅπερ
1623 1464 1753 1528 ἴσως
1782 1463 1870 1521 διὰ

232 1561 323 1612 τοῦ
378 1554 615 1633 μεγάλου
663 1556 753 1611 καὶ
801 1560 899 1611 τοῦ
960 1560 1160 1631 μικροῦ
1207 1555 1366 1618 αὐτὸς
1416 1553 1737 1626 ἐνεδείξατο·
1792 1556 1869 1618 ὡς

228 1651 324 1715 τῆς
357 1644 516 1717 ὕλης,
565 1643 855 1718 ἀσωμάτου
912 1645 1005 1718 μὲν
1053 1643 1145 1699 καὶ
1192 1643 1487 1721 ἀμεγέθους
1544 1640 1733 1715 οῦσης,
1778 1644 1867 1699 καὶ

233 1731 315 1788 διὰ
368 1739 528 1789 τοῦτο
580 1739 775 1809 μικρᾶς
831 1733 890 1788 ἂν
944 1732 1249 1809 λεγομένης
1284 1756 1296 1767 ·
1355 1734 1552 1795 παντὸς
1602 1730 1648 1787 δ’
1705 1728 1868 1809 ὄγκου

230 1823 315 1878 καὶ
362 1823 539 1894 πάσης
587 1820 911 1885 διαστάσεως
960 1821 1170 1894 αἰτίας,
1219 1822 1307 1877 καὶ
1358 1819 1445 1877 διὰ
1488 1826 1649 1878 τοῦτο
1699 1823 1866 1899 μεγά-

234 1911 351 1982 λης.

300 2092 361 2153 ς’.
392 2089 599 2161 Ταύτην
653 2087 721 2159 δὴ
763 2092 863 2160 τήν
912 2089 1051 2161 ὕλην
1098 2091 1239 2152 τινες
1290 2091 1382 2163 μὲν
1425 2091 1710 2164 ἀσώματον
1742 2087 1867 2169 ἔφα-

232 2200 340 2234 σαν·
393 2177 556 2235 ἄλλοι
608 2176 666 2233 δὲ
709 2183 869 2252 σῶμα
913 2179 1240 2250 κεκλήκασιν
1291 2177 1480 2235 ἄποιον
1509 2198 1520 2210 ·
1555 2181 1606 2235 οἱ
1659 2181 1752 2254 μὲν
1781 2178 1869 2235 διὰ

229 2269 289 2322 τὸ
343 2268 477 2323 εἶναι
534 2267 812 2330 παντελῶς
869 2267 1105 2344 ἀμεγέθη
1162 2289 1223 2323 τε
1279 2268 1368 2323 καὶ
1427 2267 1761 2341 ἀδιάστατον,
1815 2269 1866 2324 οἱ

231 2354 287 2411 δε
333 2353 422 2411 διὰ
464 2356 528 2411 τὸ
578 2357 691 2411 οἷον
744 2356 965 2433 πάρεσιν
1014 2355 1274 2434 ὑπάρχειν
1324 2357 1413 2412 καὶ
1463 2356 1727 2427 ἔκστασιν,
1776 2358 1866 2413 καὶ

227 2444 493 2523 ἀοριστίαν
541 2454 647 2516 τῆς
692 2445 985 2519 ἀσωμάτου
1037 2445 1126 2501 καὶ
1189 2445 1481 2524 ἀμερίστου
1527 2447 1616 2502 καὶ
1664 2453 1867 2518 νοητῆς

229 2533 433 2612 φύσεως
468 2576 481 2589 .
533 2536 689 2589 Ὅθεν
739 2534 829 2589 καὶ
874 2539 1035 2608 σῶμα
1077 2535 1276 2606 ταύτην
1332 2534 1585 2591 ἐκάλεσαν
1621 2578 1635 2604 ,
1694 2535 1756 2590 ού
1804 2536 1865 2590 τὸ

224 2624 337 2678 κατ’
392 2620 534 2685 εἶδος
589 2623 680 2678 καὶ
738 2621 902 2699 λόγον
965 2623 1226 2701 ὑφεστὼς,
1274 2624 1363 2678 καὶ
1408 2624 1552 2700 τρισὶ
1591 2620 1864 2679 διαστάσε-

225 2733 305 2767 σιν
338 2712 638 2788 ὡρισμένον
693 2709 997 2783 εἰδητικῶς’
1050 2710 1196 2767 ἀλλά
1244 2713 1307 2767 τὸ
1356 2714 1557 2782 πάντην
1606 2711 1865 2789 παρειμέ-

222 2822 310 2856 νον
339 2821 398 2856 τε
420 2800 510 2856 καὶ
542 2799 926 2875 ἐκλελυμένον,
958 2800 1046 2855 καὶ
1072 2801 1407 2877 πανταχόθεν
1437 2801 1542 2856 ἀπὸ
1570 2806 1668 2856 τοῦ
1709 2797 1863 2864 ὄντος

222 2889 484 2967 ἀπορῥέον
515 2889 591 2952 εἰς
622 2890 684 2944 τὸ
717 2891 792 2963 μή
825 2884 904 2944 ὅν.

295 2981 354 3049 ζ’.
410 2978 616 3050 Ταύτην
676 2980 773 3048 τήν
834 2979 971 3051 ὕλην
1030 2980 1119 3035 καὶ
1177 2977 1444 3059 ἄφθαρτον
1517 2981 1865 3059 φαντάζονται

220 3067 309 3123 καὶ
353 3066 663 3143 ἀγέννητον.
711 3069 782 3123 Τὸ
833 3069 925 3142 μὲν
978 3070 1081 3144 γὰρ
1135 3067 1275 3132 εἶδος
1332 3070 1423 3124 καὶ
1468 3071 1567 3138 τήν
1613 3070 1863 3144 στέρησιν

219 3157 295 3219 ὡς
345 3155 555 3212 ἐναντία
601 3155 840 3232 γίνεσθαί
884 3178 944 3212 τε
988 3156 1079 3212 καὶ
1128 3154 1436 3236 φθείρεφθαι
1485 3157 1720 3234 λέγουσι·
1774 3158 1864 3214 καί

213 3250 313 3300 τοῦ
366 3246 459 3320 μὲν
512 3242 687 3307 εἷ’δους
734 3245 999 3321 παρόντος
1044 3246 1257 3301 ἀπεῖναι
1307 3249 1404 3316 τὴν
1454 3246 1726 3322 στέρησιν,
1763 3250 1861 3317 τῆς

1895 1948 1943 2014 Β

1977 670 2168 722 ratum
2219 667 2316 737 sit,
2364 671 2429 723 ut
2477 672 2795 741 utrumque
2840 670 3266 728 contrariorum
3313 688 3418 745 per
3461 673 3616 732 vices

1976 754 2273 827 suscipere
2304 756 2531 829 possit;
2564 756 2624 812 in
2656 757 2912 813 materiae
2943 758 3210 816 notitiam
3253 776 3357 832 per
3399 761 3616 820 forma-

1974 859 2107 897 rum
2128 844 2496 916 negationem
2520 846 2592 901 ad
2615 846 2947 917 subjectum
2965 847 3323 920 suscipiendi
3340 850 3616 910 facultate

1976 932 2289 1003 praeditum
2320 934 2704 991 abducentem
2734 936 3103 1008 pervenimus
3135 938 3202 993 ²².

2044 1021 2099 1076 5.
2132 1020 2292 1078 Hanc
2324 1024 2626 1080 materiam
2656 1024 2818 1081 Plato
2851 1026 2896 1060 ²³
2942 1043 3225 1099 magnum
3276 1032 3334 1084 et
3370 1046 3613 1102 parvum

1976 1108 2305 1181 appellavit,
2328 1126 2397 1167 ex
2426 1129 2545 1169 una
2572 1114 2937 1185 oppositione
2958 1132 3163 1173 omnes
3192 1116 3277 1172 illi
3298 1119 3614 1190 oppositio-

1977 1214 2079 1254 nes
2111 1198 2303 1256 inesse
2331 1201 2671 1270 testificans,
2705 1206 2763 1259 et
2805 1203 3148 1260 dualitatem
3176 1205 3614 1263 interminatam

1977 1291 2034 1342 et
2074 1289 2509 1359 asymmetriam
2556 1290 2746 1363 [quasi
2790 1291 2974 1361 dicas,
3004 1293 3616 1352 incommensurabili-

1976 1376 2178 1447 tatem]
2219 1377 2408 1449 ipsam
2432 1379 2693 1449 vocavit;
2726 1380 2893 1451 cujus
2924 1386 3116 1454 partes
3146 1386 3308 1453 sunt,
3338 1399 3615 1441 excessus

1977 1467 2034 1519 et
2062 1465 2347 1535 defectus,
2378 1470 2435 1522 et
2465 1467 2717 1523 multum
2748 1473 2805 1524 et
2831 1485 3107 1541 paucum,
3138 1475 3195 1526 et
3223 1471 3612 1544 inaequalitas,

1978 1553 2174 1609 omnia
2221 1555 2474 1611 materiae
2520 1557 2944 1626 convenientia,
2999 1574 3126 1630 quae
3177 1560 3443 1617 fortassis
3489 1562 3616 1634 ipse
3658 1594 3659 1597 η

1978 1658 2082 1714 per
2130 1658 2409 1716 magnum
2464 1648 2520 1700 et
2564 1660 2807 1715 parvum
2854 1646 3288 1719 subindicavit;
3321 1650 3424 1706 20
3461 1651 3615 1720 quod

1978 1731 2222 1787 materia
2258 1732 2516 1804 corporis
2564 1733 2803 1805 quidem
2850 1738 2907 1790 et
2953 1736 3379 1809 magnitudinis
3409 1753 3614 1811 expers

1977 1820 2075 1888 sit,
2128 1824 2187 1876 et
2245 1825 2551 1894 eapropter
2606 1838 2784 1895 parva
2840 1822 3113 1893 dicatur;
3169 1825 3361 1883 omnis
3418 1831 3613 1885 autem

1979 1908 2152 1966 molis
2205 1915 2263 1965 et
2314 1910 2699 1968 dimensionis
2747 1928 2928 1969 causa
2972 1912 3069 1980 sit,
3118 1917 3176 1969 et
3221 1914 3352 1972 ideo
3399 1932 3614 1990 magna

1976 1997 2363 2070 [appelletur].

2044 2090 2099 2141 6.
2130 2086 2289 2143 Hanc
2320 2087 2599 2144 nimirum
2640 2090 2943 2146 materiam
2986 2089 3169 2163 aliqui
3210 2092 3469 2163 corporis
3516 2110 3612 2149 ex-

1977 2180 2196 2249 pertem
2230 2177 2538 2247 dixerunt;
2573 2177 2669 2233 alii
2702 2195 2911 2250 corpus
2933 2178 3318 2251 qualitatibus
3342 2181 3612 2238 orbatum

1975 2273 2293 2334 vocarunt;
2343 2265 2427 2320 illi
2476 2267 2713 2338 quidem
2752 2268 2909 2338 quod
2940 2284 3181 2339 prorsus
3211 2270 3615 2341 magnitudine

1974 2358 2031 2410 et
2061 2355 2425 2411 dimensione
2456 2359 2621 2411 vacet
2649 2373 2662 2423 ;
2696 2355 2755 2410 hi
2785 2372 2918 2411 vero
2948 2358 3104 2428 quod
3135 2355 3314 2413 veluti
3343 2360 3612 2415 remissio

1975 2446 2033 2499 et
2060 2443 2316 2499 excessio
2348 2446 2404 2499 et
2432 2443 2685 2498 inﬁnitio
2717 2444 2796 2499 sit
2824 2445 3175 2516 incorporeas
3207 2450 3265 2502 et
3292 2446 3615 2519 impartibi-

1975 2531 2047 2587 lis
2096 2531 2598 2603 intelligibilisque
2626 2535 2847 2588 natura;
2878 2535 2945 2587 3‘.
2980 2533 3226 2591 Proinde
3253 2535 3406 2591 hanc
3433 2538 3610 2594 etiam

1976 2638 2186 2694 corpus
2217 2620 2605 2693 appellarunt,
2638 2638 2753 2677 non
2803 2622 2858 2677 id
2909 2622 3065 2693 quod
3114 2639 3221 2695 per
3261 2623 3511 2681 formam
3554 2631 3613 2683 et

1974 2711 2258 2766 rationem
2292 2711 2417 2781 [seu
2439 2710 2713 2782 speciem]
2746 2711 3050 2778 subsistat,
3074 2712 3175 2767 sed
3197 2714 3349 2783 quod
3368 2731 3612 2786 prorsus

1975 2799 2290 2855 remissum
2323 2802 2378 2854 et
2407 2798 2667 2855 solutum
2698 2799 2793 2865 sit,
2819 2804 2876 2855 et
2904 2800 3064 2857 omni
3095 2816 3162 2856 ex
3186 2806 3350 2874 parte
3375 2803 3448 2859 ab
3478 2808 3612 2861 ente

1974 2888 2036 2944 in
2067 2906 2181 2945 non
2210 2905 2315 2943 ens
2348 2887 2567 2943 deﬂuat
2590 2889 2652 2944 ³⁵.

2042 2980 2099 3033 7.
2131 2978 2201 3032 Et
2229 2976 2380 3032 hanc
2411 2976 2715 3033 materiam
2747 2977 2920 3033 etiam
2952 2979 3346 3050 generationis
3386 2984 3443 3036 et
3483 2997 3610 3037 cor-

1976 3065 2265 3138 ruptionis
2295 3071 2588 3138 expertem
2619 3065 3038 3138 imaginantur.
3069 3067 3335 3124 Formam
3366 3070 3523 3125 enim
3554 3074 3613 3126 et

1974 3155 2354 3228 privationem
2386 3159 2451 3210 ut
2478 3155 2768 3211 contraria
2795 3156 3057 3227 generari
3096 3161 3154 3212 et
3196 3159 3492 3230 corrumpi
3521 3159 3611 3215 di-

1974 3249 2153 3314 cunt;
2212 3248 2270 3300 et
2323 3248 2606 3317 prasente
2662 3243 2898 3315 quidem
2957 3245 3166 3315 forma,
3227 3246 3609 3318 privationem

215 3331 275 3389 δὲ
322 3310 623 3410 στερήσεως
667 3310 949 3409 παρούσης
999 3334 1211 3390 ἀπεῖναι
1252 3336 1315 3391 τὸ
1370 3310 1556 3407 είδος,⁵
1583 3336 1672 3391 καὶ
1716 3335 1859 3391 οὕτω

1984 3334 2179 3390 abesse
2206 3351 2219 3402 ;
2253 3333 2572 3405 privatione
2601 3338 2795 3388 autem
2826 3338 3131 3405 praesente,
3165 3334 3413 3391 formam
3443 3337 3610 3393 abes-

210 3423 312 3491 τήν
384 3421 631 3498 γέννησιν
707 3421 1067 3488 ἐπιτελεῖσθαι
1141 3424 1230 3479 καὶ
1287 3427 1385 3494 τήν
1455 3424 1651 3503 φθοράν
1689 3447 1700 3459 ·
1758 3426 1858 3494 τήν

1984 3440 2072 3491 se;
2121 3438 2187 3478 ac
2237 3421 2321 3478 ita
2359 3421 2791 3494 generationem
2821 3425 2879 3477 et
2909 3422 3341 3495 corruptionem
3371 3424 3607 3497 perﬁci;

213 3510 356 3583 ὕλην
389 3509 435 3566 δ’
466 3509 625 3568 οὖσαν
681 3513 1031 3587 ὑποκείμενον
1080 3512 1169 3568 καὶ
1218 3514 1353 3569 κατά
1391 3514 1455 3569 τὸ
1504 3511 1725 3588 δυνάμει
1765 3514 1862 3569 ού-

1984 3511 2280 3567 materiam
2308 3514 2524 3579 autem,
2548 3527 2681 3566 cum
2714 3511 2791 3566 sit
2819 3510 3152 3581 subjectum
3181 3516 3238 3568 et
3265 3513 3326 3568 in
3356 3529 3422 3570 eo
3453 3515 3609 3586 quod

215 3600 514 3675 σιωμένην,
571 3601 660 3657 καὶ
722 3602 856 3675 μετὰ
907 3609 1009 3672 τῆς
1065 3604 1367 3678 στερήσεως
1425 3603 1579 3674 εἶναι,
1631 3604 1721 3658 καὶ
1765 3607 1863 3659 τοῦ

1984 3605 2061 3656 est
2090 3603 2374 3672 potestate
2403 3616 2573 3656 suam
2602 3600 2814 3655 habeat
2840 3599 3178 3669 essentiam,
3209 3607 3267 3657 et
3313 3618 3447 3659 cum
3487 3604 3609 3676 pri-

218 3686 401 3753 εἴδους
453 3689 695 3767 ἐνεργείᾳ
742 3690 1008 3767 παρόντος
1066 3692 1264 3764 μένειν,
1323 3692 1412 3746 καὶ
1471 3690 1749 3761 διασώζειν
1803 3694 1863 3747 τὸ

1984 3690 2199 3745 ratione
2226 3705 2377 3752 esse,
2406 3692 2464 3744 et
2491 3688 2679 3743 forma
2706 3691 2839 3744 actu
2880 3693 3161 3761 prasente
3191 3706 3446 3760 manere,
3472 3691 3611 3748 hoc-

218 3776 448 3852 δυνάμει
487 3778 655 3849 αὐτῆς
706 3779 1098 3853 ἀναλλοίωτον,
1150 3779 1265 3835 ὅθεν
1318 3777 1458 3853 μηδὲ
1507 3775 1866 3855 μεταϐάλλειν

216 3866 424 3936 ταύτην
497 3868 601 3923 ἀπὸ
670 3872 768 3922 τοῦ
843 3865 1065 3942 δυνάμει
1142 3868 1218 3931 εἷς
1275 3869 1339 3924 τὸ
1398 3867 1632 3946 ἐνεργείᾳ
1683 3871 1815 3925 ποτε
1849 3890 1862 3904 ⁸

218 3953 372 4010 ἀλλᾶ
404 3953 659 4028 μένουσαν
694 3953 826 4033 ὅπερ
874 3955 1005 4029 ἐστὶ,
1059 3954 1309 4032 δέχεσθαι
1355 3958 1417 4012 τὸ
1462 3955 1621 4020 εἶδος·
1652 3958 1741 4012 καὶ
1769 3962 1866 4013 τοῦ

216 4040 402 4106 είδους
479 4043 901 4121 ὑποχωροῦντος
958 4044 1131 4120 μένειν
1197 4044 1362 4102 πάλιν
1417 4045 1548 4123 ὅπερ
1605 4046 1867 4123 πρότερον

221 4132 319 4201 ἦν,
371 4132 460 4187 καὶ
509 4132 651 4188 οὕτω
694 4135 831 4207 μήτε
874 4133 1110 4211 γίνεσθαι
1164 4137 1302 4209 μήτε
1339 4134 1660 4213 φθείρεσθαι.
1712 4137 1866 4199 Ἰσως

219 4217 284 4275 δὲ
337 4224 459 4283 πῶς
520 4222 614 4294 μὲν
674 4222 971 4298 ἀγέννητος
1029 4220 1172 4278 ἔσται
1221 4226 1256 4294 ἡ
1288 4222 1393 4295 ὕλη
1442 4224 1532 4279 καὶ
1577 4222 1867 4303 ἄφθαρτος,

218 4313 344 4372 πῶς
375 4306 433 4364 δὲ
473 4312 702 4386 γεννητή
749 4312 838 4367 καὶ
885 4312 1021 4368 κατά
1067 4312 1223 4392 φύσιν
1273 4314 1502 4390 φθαρτή.
1555 4312 1872 4389 Ἀγέννητος

269 4399 297 4453 ὲ
418 4397 446 4419 ‘I‘
538 4396 563 4419 ν
791 4399 819 4456 δ
856 4401 871 4421 κ
962 4402 990 4457 ὸ
1202 4399 1226 4423 ,Ι
1520 4402 1533 4424 ‹

225 4420 327 4469 μν
387 4420 477 4455 ουν
536 4420 680 4455 εσται
716 4444 730 4471 ,
828 4422 881 4456 ια
928 4421 958 4455 τ
1063 4404 1137 4476 μὴ
1202 4422 1261 4457 εκ
1311 4424 1455 4465 τινος
1515 4403 1871 4476 υποκειμένου

222 4487 453 4560 πρώτου
498 4490 612 4544 καθ’
656 4488 786 4545 αὐτὸ
834 4489 1230 4567 ἐνυπάρχοντος
1281 4490 1536 4567 γίνεσθαι·
1584 4491 1716 4563 αὕτη
1768 4492 1871 4567 γὰρ

221 4576 447 4652 πρῶτόν
499 4576 638 4633 ἐστιν
694 4577 1044 4653 ὑποκείμενον
1078 4627 1094 4653 ,
1155 4579 1453 4656 ἐνυπάρχον
1519 4582 1638 4645 καθ’
1693 4581 1821 4636 αὑτὸ
1857 4625 1871 4651 ,

1974 3794 2088 3850 que
2119 3793 2294 3833 suum
2325 3780 2612 3849 potestate
2641 3793 2771 3833 esse
2817 3777 2888 3833 ab
2937 3778 3098 3833 omni
3139 3779 3479 3837 alteratione
3509 3782 3599 3839 21

1974 3868 2227 3923 liberum
2257 3881 2599 3921 conservare
2626 3866 2670 3900 ³⁸
2699 3883 2713 3934 ;
2760 3870 2936 3937 atque
2964 3866 3101 3923 hinc
3133 3867 3303 3940 efﬁci,
3336 3886 3402 3924 ut
3439 3886 3545 3926 nec
3583 3887 3618 3927 a

1976 3959 2262 4029 potestate
2290 3971 2418 4010 esse
2456 3954 2529 4010 ad
2572 3958 2704 4010 actu
2737 3971 2866 4011 esse
2897 3961 3308 4023 commutatur,
3341 3959 3443 4014 sed
3490 3976 3614 4016 ma-

1976 4061 2122 4101 nens
2152 4045 2308 4115 quod
2339 4048 2446 4111 est,
2479 4043 2728 4099 formam
2762 4044 3081 4117 suscipiat;
3127 4051 3185 4102 et
3231 4047 3419 4103 forma
3456 4064 3616 4105 rece-

1978 4134 2149 4191 dente
2179 4136 2412 4188 maneat
2439 4132 2650 4187 iterum
2684 4134 2841 4204 quod
2886 4135 3051 4206 prius
3081 4139 3240 4204 erat;
3292 4140 3349 4192 et
3390 4135 3475 4192 sic
3513 4153 3619 4194 nec

1978 4225 2288 4295 generetur
2316 4236 2421 4275 nec
2467 4225 2896 4293 corrumpatur.
2929 4223 3216 4280 Fortassis
3247 4229 3443 4281 autem
3475 4242 3619 4298 quo-

1980 4309 2293 4366 dammodo
2350 4310 2594 4365 materia
2653 4310 3045 4382 generationis
3110 4317 3168 4368 et
3231 4313 3620 4386 corruptionis

1982 4416 2186 4473 expers
2215 4403 2304 4455 est
2328 4423 2342 4466 ;
2375 4399 2807 4470 quodammodo
2832 4403 3028 4456 autem
3058 4401 3421 4473 generationi
3449 4407 3507 4459 et
3536 4419 3624 4459 se-

1982 4489 2239 4546 cundum
2272 4493 2537 4544 naturam
2582 4487 2941 4560 corruptioni
2989 4493 3078 4545 est
3124 4490 3392 4547 obnoxia.
3423 4494 3624 4564 Itaque

1984 4576 2377 4651 generationis
2407 4576 2644 4650 quidem
2687 4593 2891 4649 expers
2937 4578 3067 4648 erit,
3100 4578 3258 4650 quod
3308 4596 3378 4636 ex
3427 4578 3624 4652 aliquo

225 4664 325 4721 καὶ
375 4663 643 4744 ἄφθαρτος
695 4665 859 4723 πάλιν
908 4667 1043 4722 κατᾶ
1092 4669 1183 4723 τὸν
1233 4668 1388 4724 αὐτὸν
1436 4668 1636 4746 λόγον,
1688 4667 1778 4725 διὰ
1815 4669 1870 4725 τὲ

1986 4668 2248 4739 subjecto
2277 4665 2466 4739 primo
2496 4666 2652 4737 quod
2682 4681 2785 4737 per
2813 4682 2876 4722 se
2906 4666 3065 4737 insit,
3089 4684 3204 4723 non
3227 4672 3536 4740 generetur
3556 4669 3621 4721 ³⁷.

228 4756 313 4828 μὴ
348 4754 480 4810 εἶναί
516 4775 634 4810 τινα
674 4753 1004 4832 στοιχειώδη
1056 4757 1257 4828 ταύτης
1303 4757 1502 4834 ἀρχὴν,
1552 4758 1630 4821 εἷς
1675 4759 1742 4828 ἢν
1790 4760 1880 4814 καὶ

224 4843 647 4916 ἀναλτθήσεται,
698 4843 745 4899 εἴ
785 4865 850 4920 γε
892 4845 955 4899 τὸ
1009 4845 1358 4923 φθειρόμεόν
1413 4851 1671 4925 φυσικῶς,
1713 4847 1775 4902 ού
1805 4852 1883 4921 τῷ

226 4930 555 4996 ἀναλύεσθαι
616 4932 693 4995 εἰς
745 4933 809 4988 τὸ
869 4934 946 5006 μὴ
994 4931 1052 4988 ὃν
1102 4934 1404 5012 φθείρεσθαι
1458 4933 1689 5012 λέγεται,
1738 4933 1884 4990 ἀλλὰ

224 5024 315 5093 τῷ
363 5019 731 5097 (ἀναλύεσθαι)
787 5021 862 5084 εἷς
920 5021 1091 5079 ἐκεῖνο
1150 5021 1202 5093 ἐξ
1259 5021 1320 5078 οὗ
1370 5024 1604 5100 πρώτως
1660 5023 1884 5101 ἐνυπάρ-

225 5129 435 5186 χοντος
487 5111 622 5184 (καὶ)
684 5112 761 5184 μὴ
819 5112 954 5166 κατᾶ
1015 5106 1385 5186 συμϐεϐηκὸς,
1444 5112 1702 5189 ἐγεγόνει.
1760 5119 1884 5167 Γεν-

225 5199 379 5269 νητή
414 5195 472 5254 δέ
502 5198 642 5255 ἐστιν
672 5202 708 5270 ἡ
761 5199 867 5271 ὕλη
900 5202 1036 5256 κατὰ
1079 5201 1142 5256 τὸ
1192 5198 1335 5277 ἔχειν
1381 5200 1553 5257 αἰτιον
1599 5201 1884 5273 ποιητικόν

224 5309 287 5343 τι
317 5288 411 5343 καὶ
435 5287 673 5359 τελικὸν,
723 5289 784 5345 ἐκ
826 5294 924 5345 τοῦ
975 5287 1207 5364 μηδαμῆ
1264 5288 1532 5365 μηδαμῶς
1581 5286 1734 5353 ὄντος
1785 5290 1887 5346 ὑπὸ

229 5380 377 5433 Θεοῦ
432 5380 770 5455 παραχθιῖσα
826 5378 900 5442 εἷς
953 5376 1147 5455 δεῖγμα
1196 5379 1286 5435 καὶ
1348 5379 1737 5455 μεγαλωσύνην
1786 5387 1885 5450 τῆς

228 5465 556 5544 γαθότητος
605 5467 768 5524 αὐτοῦ
833 5465 925 5524 καί
973 5465 1271 5543 δυνάμεως.
1326 5469 1475 5524 Ἐπεὶ
1516 5474 1648 5546 γοῦρ
1694 5471 1729 5540 ἡ
1779 5468 1886 5540 ὕλη

1991 4757 2123 4827 Ipsa
2142 4755 2295 4812 enim
2319 4755 2570 4827 primum
2592 4758 2681 4810 est
2701 4755 3032 4825 subjectum
3057 4757 3213 4826 quod
3234 4772 3337 4829 per
3357 4773 3421 4814 se
3451 4756 3625 4812 inest.

1988 4845 2104 4901 Nec
2133 4860 2265 4900 vero
2311 4842 2700 4915 corruptionis
2747 4843 2857 4899 erit
2902 4844 3165 4914 subjecta
3215 4861 3317 4916 per
3361 4846 3627 4902 eamdem

1991 4933 2298 5003 rationem,
2322 4932 2477 5004 quod
2509 4930 2735 4986 nullum
2765 4931 3117 4989 elementare
3147 4933 3227 4991 sit
3255 4933 3445 5006 ipsius
3475 4933 3634 5006 prin-

1992 5022 2211 5094 cipium
2261 5021 2316 5075 in
2363 5020 2520 5091 quod
2549 5019 2725 5075 etiam
2759 5020 3117 5090 resolvatur;
3151 5022 3443 5095 siquidem
3475 5022 3631 5094 quod

1991 5110 2192 5166 interit
2211 5108 2573 5175 naturaliter,
2597 5125 2712 5164 non
2743 5108 2871 5166 ideo
2902 5111 3060 5182 quod
3089 5110 3150 5167 in
3181 5128 3294 5168 non
3317 5129 3423 5168 ens
3451 5109 3630 5167 resol-
3724 5128 3727 5129 '

1993 5204 2182 5266 vatur,
2213 5198 2449 5254 interire
2478 5197 2716 5265 dicitur,
2739 5198 2839 5254 sed
2872 5200 3025 5271 quod
3058 5199 3119 5256 in
3150 5201 3208 5256 id
3242 5199 3634 5274 [resolvatur],

1995 5307 2065 5347 ex
2091 5305 2206 5360 quo
2237 5291 2303 5342 ut
2330 5286 2588 5358 primum
2608 5285 2845 5358 inesset,
2870 5304 2986 5343 non
3017 5306 3120 5361 per
3148 5290 3439 5355 accidens,
3462 5304 3635 5363 gene-

1997 5382 2189 5435 ratum
2220 5377 2429 5431 fuerat.
2461 5374 2831 5431 Generationi
2861 5379 3056 5432 autem
3088 5378 3355 5450 subjecta
3384 5381 3474 5433 est
3512 5392 3639 5432 ma-

1997 5467 2162 5538 teria,
2178 5468 2468 5538 quatenus
2484 5480 2724 5520 causam
2741 5464 2919 5522 habet
2933 5465 3282 5524 efﬁcientem
3298 5471 3355 5524 et
3370 5465 3607 5523 ﬁnalem
3626 5481 3640 5533 ;

315 5631 365 5665 ²⁹
398 5631 422 5685 1
457 5630 631 5704 Pbys.
666 5631 1075 5704 0:170._t._80.7_
1113 5631 1159 5666 ’3
1190 5629 1355 5686 Plato
1384 5630 1584 5704 Parm.
1613 5636 1670 5704 et
1698 5632 1852 5686 Tim.

1984 5631 2078 5686 Iot.
2100 5629 2249 5704 Enn.
2279 5628 2335 5704 ἓ,
2503 5625 2557 5704 4.,
2589 5640 2639 5704 c.
2675 5625 2737 5681 11
2766 5625 2947 5704 ,Ζαῦ,
2969 5624 3071 5684 lib.
3099 5627 3136 5682 2
3164 5628 3237 5704 de
3257 5625 3647 5704 materia_pri-

236 5718 455 5777 ma,_c.
485 5695 661 5777 9;“
692 5702 829 5758 Zab.
853 5702 994 5758 ibid.
1020 5702 1122 5758 lib.
1152 5704 1207 5774 2,
1239 5718 1291 5758 c.
1326 5704 1413 5759 12.
1491 5704 1535 5738 95
1566 5702 1593 5758 1
1629 5703 1801 5777 Pbys.
1833 5718 1863 5758 ο

1988 5747 2004 5775 ,
2034 5706 2077 5758 t.
2111 5700 2201 5756 82.
2280 5697 2325 5733 ⁵⁸⁸
2351 5697 2485 5753 Zab.
2522 5698 2547 5752 1
2583 5696 2654 5753 de
2684 5700 2823 5753 mat.
2848 5696 3057 5773 prima,
3089 5715 3138 5756 c.
3174 5700 3259 5755 11.
3334 5699 3378 5733 ²¹²
3409 5698 3430 5752 1
3469 5695 3642 5773 PSys.

228 5774 419 5843 ο.1ικ
455 5777 496 5830 ι
537 5773 628 5828 82.
