4024 6444
267 544 424 607 1041

269 761 616 838 συμϐεϐηκὸς
667 763 724 820 δὲ
773 767 800 820 6
853 767 1108 842 Μαρκίων
1164 764 1313 837 ἴσως,
1348 769 1381 836 ἢ
1432 770 1458 822 ὁ
1507 770 1780 844 τρίπηχυς
1814 771 1847 837 ἦ
1882 770 1908 822 6

269 853 516 930 ἐρυθρός.
579 850 784 925 Συνέϐη
861 855 964 930 γὰρ
1038 860 1116 927 τῷ
1172 854 1443 932 ἀνδριάντι
1507 857 1908 927 ἀνεστηλῶσθαι

270 941 360 999 διὰ
400 943 691 1019 Μαρκίωνα
741 944 831 998 καὶ
875 943 1153 1007 καλεῖσθαι
1210 944 1506 1020 Μαρκίωνι,
1565 947 1653 1000 καὶ
1712 948 1910 1018 τριπή-

265 1052 358 1108 χει
388 1032 521 1086 εἴναι
552 1033 586 1101 ἢ
623 1032 852 1109 ἐρυθρῷ.

341 1121 408 1196 β’.
441 1125 556 1176 Τῶν
606 1121 790 1176 αἰτίων
845 1119 902 1176 δὲ
948 1123 1038 1177 καὶ
1087 1127 1193 1177 τῶν
1243 1123 1496 1178 αἰτιατῶν
1527 1125 1688 1196 ὁμοῦ,
1718 1128 1826 1177 τῶν
1856 1144 1914 1177 τε

263 1211 385 1274 καθ’
441 1210 620 1281 ἑαυτὰ,
676 1208 766 1264 καὶ
847 1212 983 1264 κατά
1059 1206 1428 1283 συμϐεϐηκὸς,
1487 1212 1554 1266 τὰ
1633 1213 1726 1283 μὲν
1805 1208 1912 1265 ἔστι

264 1304 535 1374 προσεχῆ,
569 1299 639 1352 τά
688 1295 745 1352 δὲ
797 1298 1008 1375 πόρῥωο
1060 1301 1193 1372 οἷον,
1248 1300 1515 1376 προσεχὲς
1573 1296 1740 1354 αἷίτιον
1799 1301 1914 1354 καθ’

266 1385 393 1442 οὗτὸ
467 1384 625 1442 τοῦδε
692 1392 790 1442 τοῦ
849 1384 1160 1462 ἀνδριάντος
1211 1386 1301 1444 ὅδε
1361 1390 1389 1443 6
1447 1386 1910 1465 ἀνδριαντοποιός·

262 1475 352 1530 καὶ
396 1471 472 1530 ἔτι
522 1474 712 1552 πόρρω
760 1477 788 1529 6
835 1475 1112 1552 τεχνίτης.
1174 1478 1448 1553 Προσεχὶς
1506 1478 1742 1533 αἰτιατὸν
1797 1481 1913 1543 καθ’

261 1563 392 1619 αὐτὸ
440 1562 600 1619 τοῦδε
647 1568 744 1620 τοῦ
797 1562 1246 1641 ἀνδριαντοποιοῦ
1279 1564 1370 1621 ὅδε
1399 1567 1426 1620 6
1456 1564 1691 1642 ἀνδριάς·
1724 1567 1913 1644 πόρρω

265 1654 323 1708 δὲ
353 1655 381 1708 6
410 1650 600 1715 ἁπλῶς
631 1651 876 1728 ἀνδριὰς,
904 1656 993 1709 καὶ
1025 1652 1100 1709 ἔτι
1132 1658 1166 1725 ἡ
1202 1655 1385 1711 εἰκών.
1419 1657 1692 1732 Προσεχές
1742 1653 1910 1711 αἷίειον

260 1743 397 1798 κατὰ
462 1737 811 1816 συμϐεϐηκὸς
857 1744 887 1797 6
936 1741 1325 1806 Πολύκλειτος·
1381 1744 1568 1821 πόρρω
1637 1741 1693 1799 δὲ
1750 1745 1777 1798 6
1825 1744 1912 1799 ἅν-

261 1834 502 1909 θρωπος·
550 1830 639 1886 καὶ
706 1826 784 1887 ἔτι
846 1831 909 1888 τὸ
980 1837 1136 1905 ζῶον,
1188 1833 1222 1902 ἢ
1275 1835 1302 1889 6
1353 1833 1566 1896 λευκός·
1616 1835 1705 1889 καὶ
1763 1832 1840 1888 ἔτι
1887 1835 1913 1888 6

262 1921 812 1997 κεχρωματισμὲνος,
867 1921 965 1976 Καὶ
1020 1924 1084 1977 τὸ
1137 1923 1231 1995 μὲν
1283 1921 1496 1995 λευκὸν,
1528 1923 1617 1977 καὶ
1667 1921 1810 1984 ὅλως
1852 1923 1915 1977 τὸ

264 2009 806 2086 κεχρωματισμένον,
875 2010 1012 2065 κατὰ
1094 2005 1442 2084 συμϐεϐηκὸς
1537 2010 1768 2087 ὑπάρχει
1837 2016 1915 2087 τῷ

267 2084 643 2170 Πολυκλείτῳο
691 2099 719 2152 ὁ
770 2095 817 2153 δ’
864 2095 1149 2174 ἄνθρωπος
1201 2098 1290 2153 καὶ
1340 2097 1486 2161 ὅλως
1515 2100 1581 2153 τὸ
1611 2084 1745 2168 ζῶον
1789 2084 1916 2154 καθ’

265 2185 414 2242 αὐτό.
465 2190 552 2258 Τῷ
601 2183 870 2262 ἀνδριάντι
916 2187 976 2242 οὐ
1029 2187 1191 2261 μόνον
1226 2188 1254 2242 6
1287 2185 1477 2250 λευκὸς
1516 2188 1605 2243 καὶ
1637 2189 1664 2242 6
1693 2208 1907 2263 κεχρω-

269 2275 618 2348 ματισμὲνος,
652 2273 797 2330 ἀλλὰ
840 2275 929 2330 καὶ
963 2277 991 2330 6
1023 2273 1302 2352 ἄνθρωπος
1346 2277 1435 2331 καὶ
1481 2277 1544 2332 τὸ
1585 2281 1743 2350 ζῶον,
1775 2279 1910 2332 κατά

265 2358 614 2436 συμϐεϐηκός
665 2363 796 2419 εἰσιν
848 2363 1014 2422 αἴτια.
1065 2365 1128 2420 Εἰ
1176 2367 1280 2442 γάρ
1323 2367 1351 2420 6
1401 2364 1770 2428 Πολύκλειτος
1827 2363 1909 2420 αἶ’-

261 2473 401 2522 τιος,
464 2454 598 2507 κατὰ
669 2448 1026 2526 συμϐεϐηκὸς
1087 2458 1184 2509 τοῦ
1259 2451 1568 2530 ἀνδριάντος
1636 2454 1766 2527 ἐστὶ,
1831 2460 1910 2526 τῷ

263 2539 618 2614 Πολυκλείτῳ
660 2539 718 2597 δὲ
761 2544 879 2597 καθ’
928 2543 1056 2598 αὑτὸ
1126 2543 1358 2619 ὑπάρχει
1404 2546 1433 2599 6
1480 2545 1761 2621 ἄνθρωπος
1817 2544 1906 2598 καὶ

259 2629 324 2684 τὸ
390 2634 549 2701 ζῶον
594 2631 683 2686 καὶ
732 2632 760 2686 6
808 2629 1099 2708 ἄνθρωπος
1160 2633 1263 2709 ἄρα
1323 2632 1413 2686 καὶ
1462 2634 1524 2687 τὸ
1584 2637 1718 2702 ζῶον
1774 2635 1907 2687 κατὰ

256 2713 610 2793 ’συμϐεϐηκός
661 2719 790 2774 εἰσιν
861 2718 1008 2776 αἰίτια
1077 2726 1174 2776 τοῦ
1250 2719 1581 2798 ἀνδριάντος.
1633 2723 1906 2797 Προσεχὲς

261 2807 498 2863 αἱτιατὸν
547 2809 684 2863 κατά
739 2803 1086 2882 συμϐεϐηκὸς
1132 2811 1160 2864 6
1207 2810 1485 2886 Μαρκίων·
1531 2809 1721 2887 πόῤῥω
1778 2807 1836 2864 δὲ
1879 2811 1906 2864 6

261 2896 671 2970 ὠνομασμένος.
721 2897 819 2951 Καὶ
870 2897 1034 2953 πάλιν
1081 2900 1351 2975 προσεχὲς
1397 2899 1634 2953 αίτιατὸν
1685 2896 1808 2954 τόδε
1843 2900 1906 2954 τὸ

259 2983 525 3060 τρίπηχψ
575 2985 766 3062 πόρῥω
814 2985 871 3040 δὲ
920 2987 948 3040 6
997 2985 1184 3049 ἁπλῶς
1250 2985 1528 3063 τρίπηχυς
1596 2987 1685 3042 καὶ
1742 2985 1818 3043 ἔτι
1877 2990 1905 3042 6

262 3073 746 3148 μεμεγεθισμένος·
797 3072 943 3130 ἀλλὰ
985 3076 1047 3130 τὸ
1105 3076 1199 3148 μὲν
1249 3075 1494 3152 τρίπηχυ
1533 3077 1622 3131 καὶ
1682 3076 1744 3130 τὸ
1805 3098 1905 3149 με-

263 3162 641 3237 μεγεθισμένον
719 3163 855 3217 κατὰ
933 3158 1276 3237 συμϐεϐηκὸς
1330 3169 1416 3236 τῷ·
1483 3164 1782 3240 Μαρκίωνι,
1841 3166 1904 3220 τὸ

258 3249 646 3324 ὠνομασμένον
703 3248 762 3306 δὲ
814 3253 934 3315 καθ’
992 3251 1144 3308 αὑτό.
1206 3253 1385 3307 Πάντα
1443 3249 1488 3307 δ’
1547 3254 1686 3325 ὁμοῦ
1737 3258 1905 3308 ταῦτα

255 3339 348 3395 καὶ
392 3339 461 3393 τά
513 3343 737 3394 τοιαῦτα
783 3342 919 3396 κατά
983 3335 1328 3414 συμϐεϐηκὸς
1392 3341 1604 3396 αἰτιατὰ
1657 3347 1753 3396 τοῦ
1809 3341 1901 3396 άν-

1596 548 1944 612 EPlTOME
1985 548 2346 610 PHYSICA.

267 680 501 732 τοποιοῦ
567 676 803 732 αἰτιατὸν
875 678 991 741 καθ’
1048 677 1177 733 αὐτὸ
1254 680 1346 751 μὶν
1407 680 1433 733 ὁ
1491 677 1728 755 ἀνδριὰς,
1787 681 1903 734 κατέ

2039 696 2140 751 per
2171 698 2233 736 se
2263 681 2498 752 quidem
2533 686 2620 737 est
2664 686 2857 738 statua
2889 701 2902 750 ;

3512 555 3664 616 1042

2963 699 3066 755 per
3120 684 3388 739 accidens
3447 692 3664 756 autem,

2019 772 2259 824 Marcion
2318 771 2482 838 forte,
2517 776 2616 826 aut
2673 773 3001 839 tricubitus,
3044 778 3143 827 aut
3200 775 3383 828 rufus.
3447 775 3669 832 Accidit

2029 859 2184 912 enim
2218 865 2444 925 statuae,
2481 866 2546 914 ut
2578 865 2813 932 propter
2859 861 3205 916 Marcionem
3263 869 3450 917 erecta
3478 864 3668 932 fuerit,

2024 951 2080 1001 et
2138 948 2392 1003 Marcion
2476 953 2798 1017 vocaretur,
2883 967 2947 1004 ac
3037 950 3308 1005 tricubita
3378 958 3478 1006 aut
3535 954 3666 1008 rufa

2023 1037 2187 1091 foret.
3412 1100 3416 1105 ,

2091 1126 2330 1180 2.Porro
2345 1141 2655 1180 causarum
2684 1131 2740 1180 et
2760 1128 3096 1182 eﬂ‘ectorum
3117 1127 3455 1194 simul,cum
3479 1145 3582 1201 per
3600 1147 3663 1186 se

2024 1217 2151 1268 tum
2193 1230 2294 1284 per
2325 1214 2614 1281 accidens,
2638 1213 2752 1270 alia
2780 1216 3107 1287 propinqua
3127 1217 3413 1282 sunt,alia
3441 1223 3664 1276 remota

2022 1301 2692 1375 ExempliIgratiamausa
2714 1305 3044 1376 propinqua
3068 1321 3242 1376 perse
3271 1305 3518 1377 hujusce
3549 1313 3664 1363 sta-

2022 1393 2136 1445 tuae
2166 1396 2254 1446 est
2279 1391 2372 1446 hic
2389 1391 2709 1447 statuarius
2734 1411 2747 1459 ;
2780 1398 3002 1448 remota
3015 1393 3521 1465 vero,simpliciter
3541 1400 3658 1451 sta-

2023 1479 2284 1547 tuarius;
2317 1484 2376 1534 et
2405 1480 2594 1534 adhuc
2624 1481 2916 1551 remotior,
2937 1481 3661 1554 artifex.Propinquumef-

2023 1569 2239 1623 fectum
2255 1585 2358 1640 per
2372 1585 2432 1624 se
2444 1568 2689 1639 hujusce
2704 1569 2968 1624 statuarii
2985 1574 3073 1625 est
3085 1570 3205 1625 hec
3219 1575 3411 1627 statua
3434 1597 3448 1639 ;
3471 1589 3659 1628 remo-

2022 1661 2147 1711 tum
2180 1661 2395 1724 autem,
2426 1657 2768 1728 simpliciter
2797 1661 3027 1726 statua;
3061 1662 3117 1714 et
3136 1659 3408 1731 amplius,
3441 1659 3656 1733 imago.

2023 1745 2357 1817 Propinqua
2371 1762 2547 1801 causa
2559 1763 2661 1818 per
2672 1747 2942 1802 accidens
2955 1753 3042 1802 est
3056 1747 3376 1820 Polycletus
3401 1768 3414 1816 ;
3440 1753 3662 1805 remota

2025 1835 2420 1903 autem,homo
2447 1853 2459 1901 ;
2488 1840 2545 1890 et
2575 1835 2765 1890 adhuc
2782 1835 3433 1908 remotior.animal,aut
3461 1838 3658 1907 albus;

2023 1927 2078 1979 et
2108 1940 2277 1995 porro
2308 1923 2496 1979 colore
2516 1913 2903 1996 praeditusAc
2917 1924 3112 1980 album
3128 1925 3366 1996 quidem
3380 1931 3437 1981 et
3461 1927 3658 1999 ipsum

2026 2012 2263 2067 omnino
2323 2011 2511 2067 colore
2581 2013 2909 2084 praeditum,
2957 2013 3246 2086 Polycleto
3299 2015 3502 2070 insunt
3556 2033 3658 2088 per

2024 2101 2333 2168 accidens;
2364 2101 2542 2156 homo
2575 2105 2767 2157 autem
2799 2107 2856 2157 et
2885 2102 3120 2158 omnino
3167 2103 3407 2170 animal,
3440 2120 3541 2174 per
3569 2120 3652 2160 se.

2019 2191 2087 2245 At
2111 2205 2246 2246 vero
2275 2194 2480 2245 statua:
2511 2207 2624 2246 non
2657 2195 2888 2246 tantum
2921 2191 3091 2248 albus
3113 2196 3179 2246 ut
3206 2191 3516 2264 coloratus,
3550 2194 3652 2249 sed

2019 2279 2118 2334 26
2150 2279 2328 2334 etiam
2350 2279 2523 2345 homo
2553 2283 2610 2334 et
2626 2279 2841 2335 animal
2873 2296 2974 2351 per
2999 2280 3269 2336 accidens
3299 2284 3438 2336 sunt
3466 2298 3652 2337 causae

2016 2369 2161 2424 Cum
2193 2367 2346 2423 enim
2380 2367 2701 2441 Polycletus
2729 2385 2906 2424 causa
2943 2373 3148 2425 statuae
3213 2369 3291 2425 sit
3345 2387 3448 2441 per
3501 2370 3651 2426 acci-

2018 2458 2183 2523 dens,
2215 2457 2503 2528 Polycleto
2534 2461 2731 2513 autem
2763 2475 2866 2529 per
2895 2475 2955 2514 se
2995 2458 3137 2513 insit
3190 2459 3365 2515 homo
3423 2465 3480 2514 et
3532 2460 3652 2515 ani-

2019 2544 2156 2617 mal,
2189 2545 2485 2601 hominem
2515 2545 2696 2618 igitur
2723 2551 2779 2602 et
2808 2546 3022 2602 animal
3051 2565 3152 2619 per
3198 2547 3467 2603 accidens
3524 2565 3652 2604 esse

2017 2649 2205 2687 causaa
2235 2636 2442 2688 statuae
2475 2649 2710 2688 necesse
2753 2637 2860 2688 est.
2919 2634 3324 2705 Propinquum
3382 2635 3652 2690 effectum

2018 2738 2119 2793 per
2148 2722 2415 2776 accidens
2445 2726 2533 2776 est
2571 2721 2826 2777 Marcion
2852 2740 2864 2777 :
2899 2726 3207 2793 remotum,
3242 2723 3475 2778 nomine
3504 2740 3652 2795 prm-

2016 2809 2194 2864 ditus.
2231 2815 2297 2864 Et
2326 2812 2538 2865 iterum
2573 2810 2964 2882 propinquum
2993 2811 3263 2866 effectum
3295 2817 3383 2866 est
3414 2812 3522 2867 hoc
3555 2811 3655 2867 tri-

2021 2899 2320 2966 cubitulm;
2354 2903 2643 2954 remotum
2674 2904 2890 2965 autem,
2923 2899 3265 2971 simpliciter
3301 2898 3652 2968 tricubitus;

2014 2992 2074 3043 et
2102 2987 2293 3043 adhuc
2323 2988 2624 3055 remotius,
2659 2987 3374 3059 magnitudinepraeditus.
3408 2988 3519 3042 Sed
3550 2988 3654 3042 tri-

2015 3077 2277 3132 cubitum
2312 3077 2547 3147 quidem
2579 3080 2637 3130 et
2685 3075 3087 3147 magnitudine
3147 3076 3456 3148 praeditum
3509 3075 3656 3132 Mar-

2015 3165 2166 3220 cioni
2191 3165 2395 3219 insunt
2423 3181 2526 3236 per
2557 3164 2863 3233 accidens;
2899 3165 3134 3220 nomine
3159 3164 3466 3236 praeditum
3498 3180 3651 3233 vero,

2012 3271 2113 3326 per
2142 3270 2222 3309 se.
2276 3253 2486 3309 Omnia
2539 3258 2732 3308 autem
2791 3253 2910 3308 haec
2943 3257 3000 3308 et
3051 3253 3230 3323 hujus
3275 3253 3504 3325 generis
3537 3253 3654 3309 alia

2013 3359 2115 3414 per
2165 3342 2435 3398 accidens
2489 3346 2632 3397 sunt
2686 3342 2887 3412 effecta
2943 3341 3307 3396 statuarii”.
3366 3342 3653 3398 Caeterum

257 3425 664 3504 δριαντοποιοῦσ
708 3430 776 3483 τὰ
820 3431 937 3484 καθ’
965 3429 1095 3485 αὐτὸ
1137 3427 1195 3484 δὲ
1248 3431 1338 3485 καὶ
1393 3429 1459 3485 τὰ
1512 3432 1647 3485 κατά
1702 3426 1902 3504 συμϐε-

2019 3447 2206 3486 causae
2237 3448 2371 3486 cum
2401 3448 2504 3502 per
2533 3447 2616 3498 se,
2648 3435 2776 3485 tum
2808 3447 2908 3502 per
2939 3429 3227 3499 accidens,
3257 3446 3372 3485 non
3418 3434 3652 3486 tantum

256 3511 430 3588 ϐηκὸς
460 3513 605 3572 aliud
637 3518 714 3591 μὴ
750 3516 912 3590 μόνον
963 3515 1410 3592 ἀπολελυμένως,
1444 3517 1590 3575 ἀλλὰ
1628 3518 1717 3573 καὶ
1767 3540 1904 3592 συμ-

253 3603 666 3682 πεπλεγμένωςτ
730 3604 948 3662 δύναται
1033 3605 1308 3683 λέγεσθαι·
1370 3609 1485 3662 οἷον
1563 3605 1734 3662 αἷίτιον
1807 3613 1904 3664 τοῦ

254 3692 574 3772 ἀνδριάντες
645 3694 706 3750 οὗ
780 3695 944 3764 μόνον
1007 3697 1034 3750 6
1084 3693 1530 3772 ἀνδριαντοποιὸς
1601 3695 1790 3772 ῥηθείη
1843 3696 1900 3750 ἂν

257 3780 468 3856 ἶδικῶς,
520 3783 610 3838 καὶ
660 3782 824 3839 πάλιν
879 3782 1064 3847 ἷδικῶς
1113 3787 1148 3840 ὁ·
1180 3784 1572 3856 Πολύκλειτος,
1613 3783 1759 3840 ἀλλά
1813 3787 1902 3840 καὶ

256 3873 396 3928 κατὰ
490 3870 814 3946 συμπλοκὴν
889 3873 917 3927 6
994 3871 1364 3936 Πολύκλειτος
1457 3871 1904 3947 ἀνδριαντοποιός

251 3959 528 4024 Ὡσαύτως
558 3958 616 4016 δὲ
644 3962 824 4016 καὶτὰ
855 3960 1089 4020 αἰτιατά.

323 4056 393 4124 γ’.
428 4049 646 4106 Πάντων
679 4049 738 4105 δὲ
763 4055 870 4105 τῶν
905 4051 1208 4127 εἰρημένων
1237 4051 1423 4106 αῗτίων
1477 4053 1568 4106 καὶ
1626 4051 1899 4122 αἰτιατῶν,

249 4143 360 4195 τῶν
406 4159 466 4194 τε
511 4141 630 4204 καθ’
659 4140 788 4195 αὑτὸ
836 4140 926 4195 καὶ
973 4145 1082 4195 τῶν
1125 4139 1260 4195 κατὰ
1308 4135 1674 4214 συμϐεϐηκὸς,
1705 4145 1812 4195 τῶν
1843 4162 1902 4195 τε

252 4231 542 4304 προσεχῶν
589 4227 680 4282 καὶ
722 4233 830 4284 τῶν
877 4228 1088 4306 πόρρω,
1137 4231 1204 4284 τὰ
1252 4230 1346 4303 μὲν
1397 4227 1616 4303 δυνάμει
1666 4229 1896 4306 λέγεται,

249 4318 318 4372 τὰ
366 4315 425 4372 δὲ
472 4315 730 4392 ἐνεργείᾳ,
780 4318 852 4372 Τὸ
919 4316 1141 4391 δυνάμει
1188 4315 1245 4372 δὲ
1286 4323 1377 4373 νῦν
1433 4319 1496 4373 οὐ
1550 4319 1613 4373 τὸ
1672 4318 1785 4374 οἷόν
1840 4341 1899 4374 τε

249 4406 487 4481 γίνεσθαι
539 4403 722 4478 δηλοῖ,
772 4405 898 4461 ἀλλ’
947 4404 1138 4468 ἁπλῶς
1193 4407 1255 4461 τὸ
1306 4408 1381 4480 μὴ
1443 4407 1712 4484 ἐνεργοῦν,
1767 4408 1901 4480 μήτ’

248 4493 316 4550 αὖ
366 4493 775 4571 ἐνεργούμενον.
809 4494 920 4549 Οὐκ
960 4494 1166 4570 ἐνεργεῖ
1214 4493 1272 4550 δὲ
1312 4495 1401 4550 καὶ
1447 4497 1513 4550 τὰ
1556 4498 1643 4551 οἷά
1667 4518 1726 4551 τε
1757 4497 1893 4573 ἐνερ-

247 4585 412 4659 γῆσαι
482 4583 573 4637 καὶ
655 4582 722 4637 τὰ
802 4581 1118 4656 πεπαυμένα
1195 4586 1292 4638 τοῦ
1378 4582 1628 4659 ἐνεργεῖν·
1709 4583 1889 4662 ὥσπερ

246 4669 413 4727 πάλιν
474 4670 572 4724 οὐκ
641 4669 957 4744 ἐνεργεῖται,
1015 4669 1103 4725 καὶ
1157 4673 1226 4725 τὰ
1281 4671 1368 4725 οἷά
1421 4693 1479 4726 τε
1535 4672 1884 4749 ἐνεργηθῆναι

2015 3519 2306 3588 absolute,
2337 3520 2439 3575 sed
2462 3520 2640 3575 etiam
2675 3521 2984 3591 conjuncte
3015 3519 3128 3574 dici
3160 3523 3446 3590 possunt;
3475 3518 3654 3574 veluti

2014 3625 2193 3664 causa
2222 3612 2429 3664 statuae
2478 3625 2592 3664 non
2618 3612 2848 3663 tantum
2873 3607 3192 3664 statuarius
3237 3607 3507 3676 seorsim,
3549 3609 3650 3664 sed

2012 3699 2189 3754 etiam
2209 3699 2537 3768 conjuncte,
2559 3697 2880 3770 Polycletus
2913 3697 3236 3752 statuarius
3261 3696 3375 3751 dici
3401 3696 3648 3769 poterit;

2013 3788 2332 3858 eodemque
2362 3786 2535 3842 etiam
2568 3787 2740 3841 modo
2771 3787 2974 3841 effecta
3003 3802 3064 3841 se
3101 3785 3279 3840 habet
3308 3787 3371 3840 ³ο.

2081 3966 2135 4019 3.
2168 3965 2383 4020 Omnes
2438 3965 2681 4036 insuper
2735 3980 2920 4018 causa:
2991 3967 3048 4018 et
3092 3964 3294 4018 effecta
3323 3964 3395 4018 de
3433 3963 3649 4035 quibus

2012 4055 2229 4109 dictum
2290 4058 2399 4118 est,
2449 4070 2582 4108 cum
2614 4069 2738 4122 quaa
2769 4069 2871 4124 per
2903 4067 2963 4108 se
2988 4056 3044 4106 et
3072 4068 3175 4123 per
3203 4052 3491 4119 accidens,
3522 4056 3650 4108 tum

2011 4161 2136 4215 quae
2171 4142 2499 4214 propinqua
2528 4146 2584 4198 et
2613 4147 2835 4198 remota
2865 4146 3038 4208 sunt;
3082 4140 3294 4212 partim
3345 4145 3646 4212 potestate,

2010 4232 2222 4304 partim
2253 4236 2386 4286 actu
2418 4231 2714 4286 dicuntur.
2738 4231 3025 4285 Potestate
3057 4233 3251 4284 autem
3291 4229 3386 4284 hic
3443 4247 3557 4285 non
3589 4230 3647 4284 id

1954 4319 1961 4328 '
2008 4323 2162 4392 quod
2196 4319 2321 4376 ﬁeri
2350 4324 2559 4390 potest,
2593 4319 2883 4386 declarat;
2919 4318 3019 4374 sed
3052 4319 3205 4389 quod
3236 4333 3339 4372 nec
3371 4317 3507 4388 agit,
3542 4333 3648 4373 nec

2005 4409 2219 4481 agitur.
2256 4411 2351 4465 27
2388 4409 2565 4479 Atqui
2593 4425 2707 4463 non
2753 4411 2935 4479 agunt
2981 4423 3115 4461 cum
3146 4422 3214 4460 ea
3261 4423 3386 4476 quae
3439 4405 3648 4477 agendi

2002 4499 2218 4553 habent
2239 4498 2708 4569 potentiam,tum
2723 4513 2848 4568 quae
2882 4511 3049 4566 agere
3070 4494 3650 4558 cessaverunt.Quem

1999 4588 2316 4643 admodum
2346 4586 2604 4641 vicissim
2648 4603 2762 4640 non
2821 4589 3092 4657 aguntur,
3150 4599 3281 4638 cum
3339 4599 3466 4654 quae
3524 4600 3633 4654 po—

1994 4676 2237 4731 tentiam
2269 4675 2485 4730 habent
2513 4691 2630 4745 qua
2652 4673 2743 4745 agi
2777 4673 3021 4745 possint,
3058 4677 3188 4726 tum
3250 4688 3376 4742 quae
3426 4671 3516 4741 agi
3547 4672 3618 4726 de

245 4758 338 4813 καὶ
409 4759 478 4812 τὰ
548 4759 865 4831 πεπαυμένα
942 4763 1039 4813 τοῦ
1106 4757 1451 4836 ἐνεργεῖσθαι.
1512 4761 1585 4816 Τὰ
1644 4762 1737 4834 μὲν
1793 4761 1884 4819 οὖν

2016 4765 2241 4820 εἰει-ατη.
2300 4766 2436 4829 Quae
2488 4764 2667 4835 igitur
2725 4779 2911 4817 causae
2967 4764 3024 4816 et
3068 4761 3271 4815 effecta
3300 4765 3441 4816 sunt
3469 4764 3623 4831 actu,

250 4845 494 4923 ἐνεργείᾳ
565 4843 709 4902 αἴτια
763 4848 853 4902 καὶ
910 4849 1018 4921 (τὰ)
1069 4847 1297 4921 αἰτιατά,
1358 4849 1470 4921 ἅμα
1520 4871 1578 4904 τε
1633 4849 1741 4906 ἔστι
1798 4853 1887 4907 καὶ

245 4932 413 4991 πάλιν
477 4935 590 5009 ἅμα
650 4935 750 4990 οὐκ
798 4933 958 4990 ἔστιν·
989 4933 1161 5010 ἤγουν
1212 4937 1538 5014 συνεισφέρει
1584 4959 1642 4992 τε
1672 4937 1896 5010 ἄλληλα

245 5023 340 5080 καὶ
388 5029 714 5100 συναναιρεῖ.
746 5029 899 5096 ’Ἅμα
953 5024 1056 5101 γάρ
1116 5023 1253 5079 ἐστιν
1304 5026 1332 5079 6
1381 5024 1690 5099 οἷ’κοδομῶν
1751 5027 1895 5083 οἰκο-

247 5110 444 5186 δόμος,
475 5112 565 5166 καὶ
603 5111 667 5166 τὸ
711 5109 1173 5185 οἰκοδομούμενον
1207 5108 1430 5184 οἴκημα·
1462 5113 1550 5168 καὶ
1605 5115 1680 5186 μή
1740 5110 1891 5177 ὄντος

240 5204 341 5255 τοῦ
398 5197 850 5274 οἰκοδομοῦντος,
905 5197 1028 5254 οὐδὲ
1089 5201 1152 5254 τὸ
1219 5198 1678 5275 οἷ’κοδομούμενόν
1729 5203 1889 5262 ἐστιν.

242 5288 520 5351 Ὡσαύτως
585 5289 674 5344 καὶ
746 5293 843 5344 τοῦ
901 5286 1362 5363 οἰκοδομουμένου
1424 5292 1499 5363 μή
1559 5287 1734 5364 ὄντος,
1795 5292 1893 5348 οὐκ

242 5375 385 5433 ἔστιν
446 5375 559 5433 οὐδ’
591 5379 619 5433 6
653 5376 983 5451 οἰκοδομῶν.
1015 5379 1090 5432 Τὰ
1147 5375 1203 5432 δὲ
1259 5376 1481 5452 δυνάμει
1526 5380 1625 5434 οὐκ
1669 5380 1750 5435 ἀεὶ
1780 5381 1892 5454 ἅμα

241 5465 356 5521 ἔστι
406 5466 498 5521 καὶ
548 5467 661 5541 ἅμα
709 5465 808 5522 οὐκ
856 5465 987 5522 ἔστι.
1037 5467 1266 5522 Δυνατὸν
1323 5469 1425 5543 γάρ
1477 5469 1512 5537 ἢ
1561 5470 1658 5538 τήν
1717 5469 1887 5524 οἰκίαν

243 5553 544 5628 διαμένειν,
590 5556 681 5610 τὸν
746 5552 793 5610 δ’
837 5552 1131 5628 οἰκοδόμον
1199 5557 1391 5611 Θανεῖν·
1451 5559 1486 5625 ἢ
1541 5561 1728 5612 τοῦτον
1793 5559 1888 5630 μὲν

244 5648 342 5718 ζῇν
368 5640 468 5714 ἔτι,
498 5644 599 5713 τήν
628 5643 674 5698 δ’
708 5643 879 5698 οἰκίαν
912 5649 1248 5702 καταπεσεῖν.

319 5788 368 5867 ’3
395 5786 633 5867 ZtPhys.
665 5803 724 5844 c.‘
747 5791 802 5857 3,
832 5792 874 5845 t.
904 5789 995 5844 36.
1071 5789 1118 5825 3°
1151 5790 1187 5843 2
1241 5788 1412 5862 Phys.
1447 5807 1495 5847 ο.
1545 5791 1600 5862 3,
1644 5795 1690 5848 t.
1720 5791 1809 5848 34.
1883 5793 1927 5828 ³1
1957 5792 2192 5867 2'Phys.
2226 5811 2275 5851 c.
2309 5795 2362 5862 3,
2421 5797 2463 5849 t.
2512 5794 2577 5847 37
2605 5817 2619 5862 ;
2651 5794 2683 5848 4
2731 5793 3050 5867 Metaphys,
3083 5809 3130 5849 ο·
3165 5793 3218 5846 2.

241 5874 292 5916 c.
324 5859 382 5929 3,
415 5863 456 5916 t.
480 5859 570 5916 38'.

2005 4853 2180 4909 simul
2243 4857 2299 4908 et
2356 4856 2514 4920 sunt,
2565 4857 2622 4907 et
2680 4850 2855 4906 simul
2897 4867 3008 4905 non
3042 4853 3182 4905 sunt
3207 4849 3249 4883 ⁸1
3282 4866 3294 4904 :
3329 4848 3438 4904 hoc
3467 4852 3557 4904 est
3585 4865 3648 4904 se

2005 4947 2208 4997 mutuo
2268 4941 2445 4996 simul
2500 4944 2556 4994 et
2609 4941 2866 4994 inferunt
2901 4943 2957 4994 et
2995 4937 3224 4993 tollunt.
3257 4937 3445 4992 Simul
3482 4937 3640 4992 enim

2003 5036 2143 5087 sunt
2173 5030 2466 5084 aediﬁcans
2489 5029 2858 5096 architectus,
2891 5031 2948 5082 et
2977 5027 3189 5081 domus
3219 5042 3346 5096 quae
3391 5026 3639 5081 aedifica-

2002 5125 2134 5184 tur;
2169 5123 2226 5173 et
2257 5119 2306 5172 si
2337 5135 2453 5172 non
2485 5117 2562 5172 sit
2591 5117 2902 5184 aediﬁcans,
2937 5132 3041 5171 nec
3072 5115 3183 5170 erit
3220 5115 3372 5188 quod
3397 5114 3640 5170 aediﬁca-

2001 5214 2133 5275 tur;
2167 5207 2490 5278 eodemque
2522 5206 2693 5260 modo
2724 5205 2772 5259 si
2804 5221 2919 5259 non
2949 5205 3025 5259 sit
3078 5205 3234 5274 quod
3291 5203 3632 5273 aadiﬁcatur,

2001 5314 2106 5352 nec
2164 5295 2273 5351 erit
2318 5296 2631 5349 aadiflcans.
2687 5296 2819 5359 Quae
2851 5311 2982 5349 vero
3014 5297 3296 5366 potestate
3327 5295 3486 5360 sunt,
3516 5310 3633 5348 non

2001 5400 2231 5456 semper
2260 5383 2436 5439 simul
2465 5387 2605 5438 sunt
2633 5386 2689 5437 et
2717 5381 2892 5437 simul
2931 5399 3047 5438 non
3077 5385 3235 5438 sunt.
3270 5381 3419 5436 Fieri
3475 5381 3631 5438 enim

2000 5478 2210 5548 potest,
2246 5477 2311 5527 ut
2337 5472 2423 5528 vel
2455 5473 2675 5527 Domus
2704 5475 3058 5543 permaneat,
3101 5487 3233 5526 cum
3283 5470 3632 5526 architectus

1997 5568 2086 5619 est
2116 5567 2381 5619 mortuus
2448 5560 2533 5616 vel
2560 5562 2654 5616 hic
2685 5562 2922 5632 quidem
2953 5560 3142 5616 adhuc
3173 5561 3345 5627 vivat,
3368 5576 3502 5614 cum
3534 5559 3635 5614 do-

1999 5669 2130 5708 mus
2160 5650 2417 5722 collapsa
2443 5654 2531 5705 est
2560 5651 2623 5704 ³³.

3315 5791 3362 5824 ³2
3389 5790 3425 5842 2
3453 5788 3605 5859 Phys
