4024 6452
428 527 582 588 1043

425 747 535 804 hoc
563 753 670 813 est,
699 750 989 819 praecipua
1036 768 1213 807 causa
1259 751 1611 824 inquirenda
1656 760 1761 810 est.
1798 756 2059 828 Exempli

421 838 617 910 gratia
646 837 821 893 homo
845 840 1113 906 aediﬁcat,
1145 841 1284 912 quia
1323 843 1636 899 azdiﬁcator
1691 849 1815 900 est:
1881 846 2058 899 aediﬁ-

427 931 586 981 cator
615 931 811 981 autem
845 943 948 1000 per
985 930 1417 986 aadiﬁcatoriam
1467 933 1731 988 edificat.
1794 934 2057 990 fEdifica-

425 1015 575 1070 toria
623 1016 802 1085 igitur
847 1017 1007 1088 prior
1054 1023 1111 1073 et
1161 1020 1349 1091 magis
1408 1022 1701 1093 praecipua
1748 1039 1922 1078 causa
1951 1029 2056 1078 est.

426 1109 712 1160 Praeterea
761 1122 948 1162 causa
1006 1108 1086 1162 ita
1144 1114 1281 1163 sunt
1332 1111 1716 1182 assignandaa,
1750 1118 1814 1168 ut
1845 1114 2062 1168 effectis

427 1194 794 1263 conveniant,
853 1195 1030 1250 veluti
1062 1198 1399 1269 propinquae
1445 1200 1790 1272 propinquis
1831 1207 2061 1257 remota:

428 1282 704 1350 remotis;
739 1287 950 1355 etquae
981 1285 1219 1356 quidem
1253 1288 1353 1343 28
1403 1293 1532 1342 actu
1595 1288 1732 1355 sint,
1783 1289 1876 1344 bis
1935 1307 2065 1361 quae

427 1377 567 1428 sunt
597 1376 726 1427 actu
752 1389 765 1427 :
802 1390 928 1444 quae
958 1380 1151 1429 autem
1180 1381 1463 1447 potestate
1512 1377 1630 1432 sint
1679 1378 1771 1433 bis
1803 1397 1929 1450 qua
1963 1397 2064 1451 po-

423 1464 632 1518 testate
661 1464 819 1517 sunt.

499 1579 553 1632 5.
588 1582 764 1634 Porro
795 1578 951 1634 baud
983 1578 1041 1634 in
1075 1578 1206 1635 aliis
1237 1581 1458 1638 effectis
1479 1582 1602 1637 aliae
1645 1599 1832 1638 causa:
1874 1584 2064 1640 consi-

429 1667 710 1722 derantur
737 1668 818 1734 83;
850 1667 1026 1723 veluti
1061 1669 1120 1723 in
1151 1668 1264 1724 alio
1294 1670 1528 1725 effectos
1568 1689 1744 1727 causa
1786 1673 2064 1741 efficiens,

429 1760 486 1810 et
516 1757 574 1811 in
601 1755 714 1812 alio
747 1756 958 1824 ﬁnalis,
993 1762 1047 1812 et
1081 1758 1136 1812 in
1166 1757 1277 1813 alio
1309 1776 1516 1815 rursus
1549 1760 1700 1827 alia;
1735 1763 1836 1816 sed
1869 1761 2066 1817 multa:

431 1845 491 1899 in
524 1862 661 1911 uno,
691 1845 778 1901 vel
804 1846 1001 1918 potius
1059 1847 1115 1901 in
1171 1864 1523 1919 unoquoque
1575 1866 1799 1916 omnes,
1832 1852 2067 1906 tametsi

430 1952 850 2005 nonnunquam
909 1935 1137 2008 aliquot
1193 1953 1378 1992 causa:
1432 1938 1489 1992 in
1523 1955 1706 1994 unum
1738 1945 1967 1996 coeunt.
2003 1941 2065 1994 In

433 2023 605 2078 domo
663 2024 819 2079 enim
850 2041 1028 2080 causa
1069 2025 1328 2080 efﬁciens
1359 2026 1674 2082 aediﬁcator
1704 2033 1810 2095 est,
1844 2029 1932 2084 vel
1966 2048 2065 2102 po-
2099 2049 2146 2114 B

431 2113 551 2167 tius
585 2112 714 2183 ipsa
742 2111 1064 2168 aediﬁcandi
1107 2114 1369 2169 scientia.
1415 2115 1655 2182 Finalis,
1716 2117 2068 2191 pluviarum,

431 2206 738 2256 ventorum
771 2206 828 2257 et
851 2206 1100 2258 aestuum
1133 2203 1412 2274 depulsio.
1465 2209 1532 2260 Et
1575 2207 1894 2263 materialis
1952 2209 2074 2280 qui-

433 2291 591 2358 dem,
620 2290 861 2361 lapides,
893 2290 1052 2362 ligna
1100 2296 1156 2347 et
1210 2291 1442 2360 lutum;
1506 2294 1768 2350 formatis
1815 2314 1971 2352 vero.
2006 2299 2072 2351 ﬁ-

435 2395 582 2451 gura
609 2383 667 2433 et
686 2379 913 2443 forma;
940 2383 995 2434 et
1036 2380 1094 2434 in
1127 2381 1469 2436 universum
1522 2383 1742 2454 species
1775 2385 1845 2440 ad
1905 2387 2073 2456 cujus

440 2466 887 2522 similitudinem
917 2467 1186 2523 efficitur.
1220 2470 1379 2533 Quod
1413 2471 1462 2525 si
1485 2488 1616 2526 vero
1646 2471 1861 2544 aliquis
1898 2474 2072 2529 etiam

439 2557 512 2612 de
542 2555 972 2612 instrumentali
1004 2557 1260 2628 inquirat
1287 2583 1300 2625 ;
1332 2571 1575 2624 serram,
1634 2564 1690 2614 et
1749 2561 1986 2633 asciam,
2020 2568 2077 2618 et

439 2644 941 2716 perpendiculum,
974 2649 1028 2700 et
1058 2646 1172 2700 alia
1203 2647 1468 2716 quaedam
1490 2647 1868 2704 inveniet.Sin
1901 2651 2076 2706 etiam

439 2734 509 2789 de
534 2734 868 2806 exemplari,
897 2738 985 2789 est
1014 2733 1113 2789 illa
1153 2735 1362 2790 domus
1393 2737 1704 2792 delineatio
1735 2743 1790 2793 et
1849 2742 2075 2794 confor-

436 2823 614 2878 matio
646 2841 773 2894 quas
805 2823 966 2896 prius
998 2823 1055 2877 in
1105 2828 1298 2878 mente
1354 2825 1590 2880 exstitit.
1654 2827 1826 2882 Porro
1883 2834 2076 2884 autem

435 2912 496 2968 in
526 2911 878 2984 quibusdam
912 2911 1213 2967 effectibus
1246 2913 1516 2985 quaedam
1562 2931 1750 2970 causae
1803 2915 1862 2970 in
1890 2933 2075 2972 unum

433 3005 642 3058 mutuo
671 3005 880 3058 coeunt
897 3000 1030 3056 3‘.ln
1050 3001 1418 3056 naturalibus
1446 3003 1602 3058 enim
1615 3004 1789 3060 rebus
1817 3010 1873 3060 et
1895 3006 2081 3061 forma

433 3099 493 3147 et.
521 3091 656 3146 ﬁnis
689 3091 842 3145 idem
876 3095 1046 3157 sunt;
1097 3090 1571 3161 quandoquidem
1610 3097 1827 3146 natura:
1880 3095 2076 3149 formae

435 3197 613 3236 causa
643 3179 840 3234 omnia
871 3179 1268 3234 antecedentia
1301 3179 1555 3234 molitur.
1594 3180 1859 3252 Suntque
1892 3182 2078 3237 forma

437 3273 494 3325 et
524 3268 657 3324 ﬁnis
688 3268 908 3323 ratione
937 3266 1172 3338 quidem
1203 3271 1259 3323 et
1289 3268 1626 3323 deﬁnitione
1647 3269 1760 3324 duo
1790 3289 1803 3336 ;
1837 3288 2078 3327 numero

439 3362 633 3413 autem
664 3361 721 3412 et
749 3357 1008 3427 subjecto
1039 3373 1223 3411 unum
1283 3361 1439 3412 sunt.
1499 3357 1686 3421 Quare
1738 3359 1836 3415 29
1894 3360 2071 3416 inter-

1669 531 2091 595 NICEPHORI
2133 532 2573 595 BLEMMIDIE

496 660 709 716 4.18m
768 677 900 716 vero
953 663 1241 734 cujusque
1301 665 1378 720 rei
1439 670 1717 738 perpetuo
1759 684 2054 737 suprema,
2088 671 2142 734 Α

3663 530 3816 593 1044

2244 662 2306 721 δ’.
2341 667 2454 738 Χρὴ
2489 663 2535 718 δ’
2563 665 2642 720 ἀεὶ
2685 665 2746 719 τὸ
2797 662 3112 740 ἀκρότατον,
3144 659 3315 718 εἷ’τουν
3361 661 3424 718 τὸ
3479 663 3807 739 κυριώτατον

2170 753 2340 808 αἴτιον
2393 755 2616 808 ἑκάστου
2662 759 2768 808 τῶν
2818 752 3151 828 πραγμάτων
3215 757 3414 821 ζητεῖν·
3468 753 3598 822 οἷον,
3639 753 3667 806 6
3721 750 3811 806 ἄν·

2168 845 2384 918 θρωπος
2436 841 2737 915 οἰκοδομεῖ,
2788 841 2924 897 διότι
2990 839 3304 914 οἰκοδόμος·
3358 839 3640 913 οἰκοδομεῖ
3689 839 3734 895 δ’
3784 842 3810 894 6

2171 930 2464 1004 οἰκοδόμος
2493 933 2628 986 κατὰ
2663 934 2763 1000 τήν
2813 928 3190 1004 οἰκοδομικήν·
3240 933 3274 999 ἡ
3333 928 3435 1006 ἄρα
3486 929 3809 1003 οἰκοδομικὴ

2169 1021 2429 1096 πρότερον
2486 1021 2573 1074 καὶ
2632 1021 2959 1095 κυριώτερον
3019 1017 3212 1076 αἰετιον.
3263 1021 3380 1074 "Et:
3440 1017 3812 1089 καταλλήλως

2168 1116 2284 1172 τοῖς
2334 1110 2592 1170 αἰτιατοῖς
2640 1107 2932 1163 ἀποδοτέον
2962 1110 3028 1163 τά
3066 1105 3229 1162 αἴτια·
3282 1110 3394 1163 οἷον
3443 1113 3560 1169 τοῖς
3617 1127 3812 1181 προσε-

2171 1198 2292 1274 χέσι
2335 1200 2401 1252 τά
2448 1205 2716 1274 προσεχῆ,
2748 1199 2836 1252 καὶ
2883 1203 2998 1258 τοῖς
3042 1197 3230 1272 πόρρω
3274 1197 3342 1251 τὰ
3369 1196 3579 1272 ποῤῥω·
3612 1201 3701 1250 καί
3749 1197 3814 1250 τά

2177 1288 2268 1358 μὲν
2329 1287 2462 1341 κατά
2514 1288 2576 1341 τὸ
2634 1285 2873 1362 ἐνεργείᾳ
2954 1291 3071 1348 τοῖς
3127 1287 3261 1340 κατὰ
3314 1288 3378 1340 τὸ
3436 1285 3690 1362 ἐνεργείᾳ,
3749 1285 3816 1338 τά

2175 1373 2231 1430 δὲ
2261 1378 2395 1430 κατὰ
2423 1378 2484 1431 τὸ
2511 1374 2733 1448 δυνάμει
2761 1382 2878 1438 τοῖς
2906 1376 3040 1430 κατὰ
3067 1374 3129 1429 τό
3162 1373 3405 1447 δννάμει.

2247 1581 2302 1636 ε’.
2337 1579 2446 1634 Οὐκ
2494 1577 2688 1642 ἄλλοις
2739 1578 2797 1634 δὲ
2841 1584 2948 1634 τῶν
3004 1579 3255 1633 αἰτιατῶν
3304 1576 3449 1632 ἄλλα
3493 1577 3601 1632 τῶν
3634 1577 3816 1632 αἰτίων

2177 1667 2592 1744 ἐνθεωροῦνται·
2653 1670 2764 1722 οἷον
2840 1667 2996 1739 ἄλλῳ
3072 1669 3164 1741 μὲν
3232 1667 3457 1738 αἰτιατῷ
3532 1668 3818 1735 ποιητικὸν

2176 1755 2369 1828 αἴτιον,
2405 1756 2562 1829 ἄλλῳ
2613 1755 2668 1812 δὲ
2713 1756 2949 1827 τελικὸν,
2981 1757 3070 1811 καὶ
3123 1756 3288 1831 ἑτέρῳ
3333 1756 3394 1809 οὗ
3435 1753 3641 1830 ἓτερον·
3673 1755 3819 1810 ἀλλά

2176 1844 2360 1900 πολλὰ
2388 1852 2466 1918 τῷ
2498 1846 2595 1918 ἐνὶ,
2633 1844 2842 1918 μᾶλλον
2873 1843 2918 1900 δ’
2948 1847 3151 1918 ἑκάστῳ
3198 1845 3262 1899 τά
3307 1846 3495 1899 πάντα·
3547 1844 3642 1898 x“uv
3689 1865 3820 1899 ποτε

2178 1930 2373 2005 συνέϐη
2430 1936 2546 1989 τινά
2599 1940 2707 1990 τῶν
2769 1934 2953 1988 αἰτίων
3015 1934 3089 1996 εἰς
3146 1930 3223 1990 ἓν.
3258 1933 3377 1987 Ἐπὶ
3414 1933 3506 2005 μὲν
3561 1934 3664 2008 γάρ
3719 1940 3819 2001 τῆς

2178 2023 2349 2084 οἰκίας
2411 2021 2579 2078 αἰετιον
2637 2025 2664 2078 6
2713 2021 3003 2096 οἰκοδόμος
3042 2023 3348 2093 ποιητικὸν,
3406 2022 3441 2090 ἢ
3507 2019 3718 2094 μᾶλλον
3781 2025 3815 2090 ἡ

2181 2109 2530 2184 οἰκοδομική.
2588 2112 2808 2167 Τελικὸν
2869 2110 2988 2180 δὲὴ
3022 2111 3348 2181 ἀπαλέξησις
3405 2115 3511 2164 τῶν
3567 2105 3817 2185 ὄμϐρων,

2180 2205 2285 2254 τῶν
2340 2201 2552 2274 ἀνέμων
2608 2201 2695 2254 καὶ
2738 2205 2843 2254 τῶν
2902 2202 3214 2272 καυμάτων.
3248 2199 3343 2254 Καὶ
3398 2198 3582 2254 ὑλικὸν
3636 2200 3730 2270 μὲν
3770 2200 3820 2252 oi

2184 2287 2349 2360 λίθοι,
2380 2290 2446 2342 τά
2476 2287 2608 2359 ξύλα
2649 2289 2738 2343 καὶ
2770 2291 2798 2342 6
2827 2289 3030 2359 πηλός,
3064 2286 3260 2344 εἷδικὸν
3295 2287 3352 2343 δὲ
3380 2289 3442 2342 τὸ
3484 2295 3678 2364 σχῆμα
3733 2287 3822 2342 καὶ

2184 2379 2219 2445 ἡ
2256 2379 2459 2455 μορφὴ,
2493 2377 2580 2432 καὶ
2613 2375 2766 2439 ὅλιος
2795 2378 2856 2431 τὸ
2887 2375 3029 2439 εἶδος
3059 2379 3176 2431 καθ’
3211 2378 3240 2432 ’ὀ
3270 2377 3492 2452 γίνεται.
3525 2377 3587 2432 Εἰ
3640 2374 3698 2431 δέ
3742 2398 3824 2438 τις

2190 2465 2378 2535 ζητοίη
2435 2465 2522 2520 καὶ
2583 2465 2892 2541 ὀργανικὸν,
2935 2467 3147 2542 εὑρήσει
3194 2465 3284 2520 τὸν
3335 2465 3546 2541 πρίονα,
3593 2465 3656 2519 τὸ
3707 2467 3827 2518 σκέο

2186 2568 2416 2629 παρνον,
2480 2556 2577 2623 τὴν
2651 2556 2890 2625 κάθετον,
2949 2555 3037 2608 καὶ
3109 2552 3251 2609 ἄλλα
3302 2553 3440 2610 τινά.
3503 2553 3566 2608 Εἰ
3627 2550 3683 2607 δὲ
3737 2554 3825 2607 καὶ

2186 2640 2697 2718 παραδειγματικὸν,
2762 2640 2902 2698 ἔστιν
2966 2645 3000 2712 ἡ
3072 2640 3510 2719 προδιατύπωσις
3578 2649 3680 2710 τῆς
3741 2641 3828 2695 οἰ-

2186 2731 2304 2792 κίας
2361 2733 2451 2784 καὶ
2507 2729 3012 2808 προδιαμόρφωσις.
3067 2731 3186 2785 Ἐπὶ
3247 2729 3303 2786 δέ
3352 2753 3513 2785 τινων
3573 2730 3823 2784 αἰτιατῶν

2185 2841 2305 2874 τινα
2351 2825 2454 2874 τῶν
2513 2819 2699 2874 αἰτίων
2764 2819 3034 2890 ἀλλήλοις
3102 2820 3452 2895 συνέρχονται
3510 2819 3584 2880 εἰς
3640 2819 3826 2875 ταυτό.

2187 2909 2258 2962 Τὸ
2304 2907 2432 2962 αὐτὸ
2479 2910 2578 2984 γάρ
2628 2908 2677 2962 ἐν
2728 2914 2972 2983 φυσικοῖς
3020 2908 3109 2962 καὶ
3159 2905 3297 2970 εἶδός
3331 2907 3440 2962 ἐστι
3497 2907 3585 2962 καὶ
3643 2905 3825 2967 τέλος·

2191 2996 2408 3070 ἐπείπερ
2441 3000 2475 3066 ἡ
2518 2997 2672 3071 φύσις
2723 2994 2877 3052 ἕνεκα
2920 3002 3016 3052 τοῦ
3065 2995 3238 3060 εἴδους
3301 3003 3610 3072 μηχανᾶται
3657 2997 3830 3050 πάντα

2189 3087 2253 3140 τὰ
2281 3087 2684 3161 προηγούμενα,
2718 3087 2817 3141 Καὶ
2848 3085 2958 3141 ἔστι
2986 3087 3048 3141 τὸ
3080 3084 3217 3148 εἶδος
3263 3086 3352 3140 καὶ
3405 3084 3468 3139 τὸ
3518 3083 3677 3146 τέλος
3730 3081 3825 3138 δύο

2193 3174 2286 3246 μὲν
2319 3174 2452 3228 κατὰ
2479 3175 2568 3228 τὸν
2604 3173 2790 3249 λόγον·
2822 3173 2877 3228 ἓν
2913 3171 2969 3227 δὲ
3006 3174 3120 3227 κατ’
3165 3173 3393 3249 ἀριθμὸν
3442 3171 3530 3226 καὶ
3577 3171 3642 3225 τὸ
3692 3171 3824 3225 ὐπο-

2187 3262 2452 3335 κείμενον.
2513 3265 2672 3316 Ὥστε
2729 3262 2805 3324 εἰς
2860 3262 2913 3317 ’ἐν
2971 3257 3217 3338 ἔρχεσθαι
3289 3259 3502 3316 δύναταί
3579 3281 3710 3314 ποτε
3764 3259 3826 3313 τὸ

2188 3349 2386 3406 εἰδικὸν
2435 3350 2603 3406 αἴτιον
2636 3351 2724 3406 καὶ
2750 3353 2812 3406 τὸ
2839 3350 3070 3406 τελικόν.
3123 3351 3323 3406 Ἐνίοτε
3371 3348 3428 3405 δὲ
3469 3350 3634 3405 ταυτὸ
3682 3350 3824 3424 γίνε-

439 3448 581 3502 dum
614 3445 875 3501 formatis
905 3448 961 3500 et
987 3444 1182 3500 ﬁnalis
1213 3461 1390 3500 causa
1419 3445 1479 3499 in
1520 3463 1704 3501 unum
1755 3449 1907 3503 coire
1937 3466 2070 3521 pos-

2184 3461 2266 3494 ται
2299 3442 2512 3503 τούτοις
2543 3441 2632 3495 καὶ
2678 3441 2740 3495 τὸ
2787 3440 3098 3509 ποιητικὸν,
3130 3439 3173 3494 εἰ
3222 3437 3309 3494 καί
3357 3441 3432 3512 μή
3482 3444 3559 3510 τῷ
3609 3439 3825 3492 ὑποκει-

439 3541 599 3592 sunt.
632 3535 743 3590 Sed
776 3539 834 3588 et
864 3550 1285 3605 nonnunquam
1313 3533 1486 3589 etiam
1518 3551 1652 3589 cum
1685 3535 1776 3591 his
1800 3538 2076 3593 coincidit

439 3623 697 3680 efﬁciens
723 3641 736 3690 ;
759 3622 894 3678 licet
925 3639 1037 3677 non
1070 3623 1354 3693 subjecto,
1387 3623 1474 3678 vel
1507 3640 1771 3692 numero,
1796 3630 1852 3681 et
1886 3627 2075 3698 specie

435 3716 653 3768 tamen.
689 3711 871 3767 Homo
902 3711 1056 3766 enim
1100 3711 1398 3766 hominem
1453 3718 1727 3784 generat;
1789 3720 1993 3786 estque
2023 3716 2073 3770 ei

438 3801 538 3872 qui
569 3803 900 3873 generatur,
933 3805 1094 3871 pater
1122 3801 1553 3871 quodammodo
1584 3817 1761 3857 causa
1792 3804 2071 3859 efﬁciens.

438 3889 704 3960 quicum
734 3904 798 3943 eo
831 3889 1020 3959 quoad
1070 3888 1320 3959 speciem
1371 3893 1426 3943 et
1475 3890 1740 3945 essentia;
1790 3893 2073 3948 rationem

437 3978 593 4032 idem
623 3982 713 4031 est
743 3977 806 4030 ³⁵.
836 3978 1079 4047 Insuper
1108 3980 1163 4032 et
1193 3976 1308 4032 alia
1337 3977 1583 4033 aliorum
1637 3980 1841 4035 eodem
1902 3982 2073 4037 modo

437 4081 625 4121 causa:
656 4069 814 4134 sunt,
849 4068 913 4119 ut
933 4064 1196 4120 laborare
1237 4065 1395 4120 bonae
1425 4065 1800 4134 valetudinis,
1834 4073 1891 4124 et
1922 4071 2074 4126 bona

432 4155 704 4210 valetudo
727 4153 1028 4209 laborandi
1059 4170 1235 4208 causa
1263 4159 1390 4211 est:
1421 4171 1533 4209 non
1567 4155 1755 4210 solum
1803 4158 1957 4213 enim
1989 4157 2071 4213 la-

435 4243 641 4298 borare
673 4244 832 4297 bonae
863 4241 1214 4297 valetudinis
1247 4259 1426 4298 causa
1467 4248 1556 4298 est
1606 4245 1888 4311 efﬁciens,
1921 4247 2074 4302 bona

435 4338 631 4388 autem
661 4330 928 4386 valetudo
961 4330 1151 4385 ﬁnalis
1183 4348 1360 4386 causa
1388 4331 1714 4400 laborandi,
1777 4335 2065 4406 siquidem

433 4421 597 4476 bona:
634 4419 989 4476 valetudinis
1019 4419 1205 4491 gratia
1235 4420 1849 4492 laborsuscipitur,sed
1873 4423 2072 4495 utique

431 4510 609 4564 etiam
669 4509 822 4563 bona
875 4508 1142 4563 valetudo
1212 4508 1514 4563 laborandi
1573 4526 1749 4564 causa
1811 4512 2072 4568 efﬁciens

433 4597 813 4670 agnoscitur;
847 4595 1138 4667 siquidem
1169 4595 1220 4651 is
1253 4597 1424 4652 modo
1457 4597 1555 4669 qui
1589 4598 1734 4652 bene
1782 4598 1954 4667 valet,
1988 4600 2070 4654 1a-

431 4687 636 4742 borare
665 4691 722 4742 et
751 4703 898 4758 opus
929 4702 1102 4740 suum
1135 4702 1396 4741 exercere
1440 4690 1649 4758 potest.
1712 4688 1898 4750 Quare
1955 4707 2073 4744 una

3174 3526 3216 3549 ε),
3276 3526 3304 3546 τ

2187 3530 2352 3602 μένῳ,
2390 3527 2529 3602 μηδέ
2574 3534 2653 3601 τῷ
2702 3529 2934 3605 ἀριθμῷο
2983 3531 3119 3590 τέως
3171 3527 3216 3582 δ’
3246 3527 3335 3583 οὖν

2184 3631 2400 3694 θρωπος
2457 3620 2560 3694 γάρ
2620 3617 2897 3694 ἄνθρωπον
2955 3624 3130 3694 γεννᾷ·
3191 3617 3281 3672 καὶ
3341 3613 3447 3672 ἔστι
3501 3622 3580 3688 τῷ
3627 3637 3826 3692 γεννωο

3380 3533 3460 3600 τῷ
3510 3525 3666 3584 εἷ’δει.
3698 3529 3827 3582 "Av-

2187 3707 2331 3779 μένῳ
2389 3707 2673 3778 ποιητικόν
2755 3730 2873 3769 πως
2933 3705 3101 3762 αἴτιον
3152 3708 3180 3761 6
3236 3707 3438 3783 πατὴρ,
3496 3707 3688 3761 ταυτὸν
3751 3703 3822 3760 ὢν

2184 3796 2327 3868 αὐτῷ
2374 3797 2508 3851 κατὰ
2552 3797 2614 3851 τὸ
2665 3793 2805 3858 εἶδος
2852 3797 2942 3850 καὶ
2987 3797 3078 3851 τὸν
3123 3795 3283 3872 λόγον
3314 3804 3414 3865 τῆς
3461 3795 3665 3856 οὐσίας.
3697 3797 3827 3848 Τινά

2183 3883 2240 3940 δὲ
2295 3885 2383 3939 καὶ
2431 3885 2566 3940 κατὰ
2608 3886 2700 3940 τὸν
2745 3885 2903 3940 αὐτὸν
2935 3885 3131 3960 τρόπον
3165 3883 3429 3956 ἀλλήλων
3462 3885 3600 3939 ἐστὶν
3657 3881 3822 3938 αἰίτιαο

2182 3974 2258 4036 ὡς
2298 3975 2360 4028 τὸ
2409 3980 2590 4028 πονεῖν
2630 3982 2728 4043 τῆς
2789 3973 3012 4046 εὐεξίας,
3045 3977 3079 4043 ἡ
3130 3973 3300 4044 εὐεξία
3354 3994 3412 4028 τε
3463 3978 3558 4027 τοῦ
3616 3979 3822 4028 πονεῖν

2183 4061 2243 4116 οὐ
2286 4063 2448 4136 μόνον
2504 4064 2604 4139 γάρ
2633 4063 2696 4117 τὸ
2731 4063 2824 4136 μὲν
2857 4068 3038 4117 πονεῖν
3087 4061 3256 4117 αἷίτιόν
3307 4061 3414 4116 ἐστι
3471 4069 3571 4131 τῆς
3621 4061 3824 4132 εὐεξίας

2180 4153 2486 4222 ποιητικὸν,
2537 4154 2571 4220 ἡ
2633 4149 2678 4205 δ’
2736 4150 2907 4221 εὐεξία
2960 4148 3174 4206 τελικδν
3235 4148 3404 4204 αἷίτιον
3462 4155 3560 4204 τοῦ
3617 4156 3826 4217 πονεῖν,

2182 4239 2396 4316 ἐπείπερ
2472 4237 2626 4296 ἕνεκα
2722 4247 2821 4310 τῆς
2904 4239 3100 4310 εὐεξίας
3198 4234 3678 4314 παραλαμϐάνεται
3762 4239 3824 4293 τὸ

2181 4334 2379 4384 πονεῖν·
2441 4328 2585 4385 ἀλλὰ
2657 4327 2722 4398 δὴ
2796 4329 2885 4383 καὶ
2943 4332 2978 4398 ἡ
3035 4329 3204 4400 εὐεξία
3281 4328 3566 4397 ποιητικὸν
3649 4326 3822 4382 αἴτιον

2179 4419 2493 4492 γινώσκεται
2597 4423 2691 4472 τοῦ
2787 4423 2990 4472 πονεῖν’
3081 4417 3186 4493 εἴγε
3287 4422 3383 4471 τοῦ
3485 4417 3821 4478 εὐεκτοῦντός

2181 4507 2290 4561 ἐστι
2344 4508 2407 4561 τὸ
2467 4505 2717 4561 δύνασθαι
2770 4513 2951 4561 πονεῖν
3009 4529 3067 4561 τε
3112 4507 3200 4561 καὶ
3260 4505 3514 4582 ἐνεργεῖν.
3550 4509 3710 4560 Ὥστε
3762 4508 3821 4560 τὸ

2179 4595 2306 4650 αὐτὸ
2355 4596 2444 4650 καὶ
2473 4596 2527 4650 ’ἐν
2562 4593 2779 4650 δύναται
2833 4595 3158 4671 πλεοναχῶς
3214 4617 3272 4650 τε
3324 4595 3493 4649 αἴτιον
3556 4593 3818 4672 λέγεσθαι,

2178 4684 2267 4738 καὶ
2326 4685 2460 4739 κατᾶ
2514 4685 2603 4739 τὸν
2664 4683 2820 4739 αὐτὸν
2877 4684 3078 4760 τρόπον
3156 4683 3491 4760 εὑρίσκεσθαί
3571 4705 3678 4738 που
3731 4685 3819 4738 xui

431 4777 753 4846 eademque
782 4791 870 4830 res
902 4774 1172 4845 pluribus
1200 4774 1391 4830 modis
1421 4791 1599 4829 causa
1618 4775 1751 4843 dici,
1803 4781 1858 4831 et
1879 4779 2069 4847 quoad

2184 4771 2348 4828 αἴτιον
2378 4775 2518 4846 ὁμοῦ
2543 4775 2632 4828 xui
2661 4773 2917 4828 αἰτιατόν.

432 4867 705 4921 eumdem
736 4865 975 4919 modum
1006 4868 1127 4918 tam
1149 4879 1327 4918 causa
1353 4879 1531 4933 quam
1569 4863 1807 4920 effectus
1857 4865 2070 4921 alicubi

432 4955 672 5026 reperiri
701 4957 894 5026 potest
918 4955 982 5006 ³⁵.

502 5072 555 5124 6.
617 5074 916 5125 Postremo
997 5068 1172 5124 etiam
1205 5068 1499 5123 fortunam
1531 5071 1587 5122 et
1625 5085 1827 5123 casum
1862 5086 2070 5126 causas

432 5159 720 5230 quasdam
777 5162 1060 5230 tanquam
1119 5157 1458 5226 efﬁcientes,
1516 5165 1890 5213 verumtamen
1971 5177 2073 5230 per

434 5247 703 5303 accidens
753 5247 1048 5317 appellant
1104 5247 1168 5301 ³⁷.
1212 5247 1465 5302 Fortuna
1549 5247 1707 5301 enim
1789 5251 1845 5302 et
1900 5265 2072 5303 casus

431 5353 623 5391 causa:
654 5337 916 5406 quaedam
947 5341 1087 5389 sunt
1117 5351 1220 5406 per
1251 5335 1519 5390 accidens
1550 5335 1607 5388 in
1641 5335 1711 5390 iis
1744 5351 1870 5406 qua:
1923 5339 2073 5392 ﬁunt

428 5425 678 5496 alicujus
710 5423 916 5496 gratia,
949 5430 1006 5479 et
1034 5425 1242 5479 horum
1283 5425 1338 5478 in
1384 5423 1500 5478 illis
1550 5441 1675 5495 quas
1733 5442 1862 5480 raro
1924 5427 2072 5480 ﬁunt

425 5514 570 5571 Cum
601 5513 704 5569 80
731 5512 887 5568 enim
917 5511 1260 5584 contingens
1302 5513 1587 5567 trifariam
1628 5514 1955 5569 dividatur:
2009 5515 2068 5569 in

490 5785 534 5817 ss
563 5787 595 5834 :2
624 5781 794 5856 Phys.
830 5797 879 5849 c,
907 5781 961 5848 3,
993 5784 1040 5856 ι,
1070 5780 1140 5835 30
1164 5780 1244 5856 Lf}
1277 5778 1598 5856 Metapbys.
1619 5796 1685 5856 .0;
1709 5783 1763 5856 2:

419 5872 468 5911 c.
502 5861 552 5910 2.
589 5857 630 5890 ³ο
659 5851 894 5929 2Ῥὺγε.
931 5871 979 5910 c.
1010 5854 1065 5924 5,
1097 5857 1137 5908 ι.
1170 5852 1258 5921 53,
1292 5856 1349 5908 et
1377 5868 1426 5907 c.
1457 5852 1511 5921 6,
1546 5856 1585 5905 t.
1617 5851 1706 5918 57,
1737 5851 1826 5905 65.

1839 5780 1937 5833 ³⁸2
1962 5779 2135 5847 Pbys.
2184 5797 2234 5835 c.
2265 5781 2321 5847 7,
2349 5782 2392 5835 t.
2422 5780 2512 5833 70.

1905 5853 1947 5885 37
1978 5854 2012 5906 2
2043 5849 2212 5924 Pbys.
2245 5868 2294 5906 c.
2326 5853 2380 5923 5,
2407 5855 2448 5906 t.
2483 5852 2569 5922 48,
2603 5850 2694 5921 50,
2729 5849 2831 5916 51,
2853 5853 2979 5905 etc.
3012 5850 3065 5921 6,
3097 5853 3138 5904 t.
3171 5849 3262 5904 57.

2253 5075 2313 5130 ς’,
2349 5067 2575 5142 Λέγουσι
2638 5065 2694 5121 δὲ
2750 5067 2837 5120 καὶ
2889 5067 2987 5134 τήν
3039 5065 3213 5141 τύχην
3265 5066 3353 5119 καὶ
3407 5066 3470 5120 τὸ
3516 5066 3818 5138 αὐτόματον

2181 5155 2327 5210 αἶὲιά
2382 5178 2503 5211 τινα
2545 5156 2711 5210 οἷονεί
2770 5156 3051 5224 ποιητικά,
3083 5154 3228 5223 πλὴν
3263 5155 3397 5208 κατὰ
3453 5150 3819 5226 συμϐεϐηκός,

2181 5245 2331 5319 Τύχη
2382 5247 2481 5319 γὰρ
2543 5247 2632 5299 καὶ
2697 5244 3000 5316 αὐτόματον
3056 5240 3200 5298 αἷίτιά
3255 5264 3372 5296 τινα
3428 5245 3565 5297 κατὰ
3622 5238 3821 5315 συμϐε-

2180 5329 2350 5404 ϐηκὸς
2402 5334 2453 5388 ἐν
2502 5340 2620 5396 τοῖς
2667 5331 2821 5389 ἕνεκά
2865 5353 2960 5387 του
3007 5332 3337 5406 γινομένοις,
3370 5331 3459 5386 καὶ
3513 5332 3718 5386 τούτων
3769 5331 3819 5386 ἐν

2177 5429 2295 5485 τοῖς
2344 5423 2426 5477 ἐπ’
2456 5420 2694 5478 ἔλαττον.
2727 5426 2831 5476 Τοῦ
2881 5422 2983 5496 γὰρ
3029 5419 3386 5496 ἐνδεχομένου
3445 5417 3821 5496 διαιρουμένου

2177 5517 2407 5588 τριχῶς,
2436 5508 2510 5573 εἰς
2555 5532 2614 5566 τε
2645 5511 2709 5566 τὸ
2753 5509 2840 5565 ἐπὶ
2889 5508 3054 5582 πολὺ,
3104 5509 3192 5564 καὶ
3237 5509 3301 5564 τὸ
3345 5507 3553 5580 ἐπίσης,
3615 5511 3705 5564 καὶ
3758 5510 3819 5564 τὸ

2591 5779 2636 5852 τῆδ
2666 5779 2696 5832 4
2727 5777 2903 5852 Phys.
2963 5793 3039 5852 C'_
3073 5778 3126 5846 3,
3159 5777 3362 5852 t._738;
3397 5777 3426 5830 4
3489 5776 3815 5852 Metapbys.
