4024 6442
217 533 372 596 1045

1525 535 1875 598 EPITOME
1919 535 2278 598 PHYSICA.

3448 533 3604 596 1046

215 662 297 718 ἐπ’
355 660 596 718 ἔλαττον·
654 664 687 734 ἡ
749 663 889 740 τύχη
949 663 1038 719 καὶ
1096 665 1159 720 τὸ
1206 664 1504 739 αὐτόματον
1544 667 1592 721 ἓν
1624 671 1740 728 τοῖς
1773 665 1834 721 ἐπ

1967 669 2020 721 id
2055 669 2208 739 quod
2245 673 2307 723 ut
2339 667 2676 740 plurimum,
2710 672 2766 723 et
2794 666 2850 722 in
2885 665 2941 721 id
2969 666 3124 738 quod
3147 681 3213 721 ex
3235 681 3417 736 aequo,
3451 669 3508 721 et
3538 665 3596 720 in

215 750 434 808 ἔλαττον
465 752 586 830 φαίν
595 773 762 810 ονται.

297 931 355 998 ζ’.
389 930 551 998 Καὶὴ
589 931 682 1003 μὲν
712 930 856 1006 τύχη
906 930 956 984 ἐν
1009 935 1126 992 τοῖς
1171 931 1304 986 κατά
1349 930 1678 1007 προαίρεσινο
1714 934 1848 1004 οἷον,

213 1015 371 1080 εἷ’τις
415 1017 501 1073 ἐπὶ
547 1023 626 1073 τῶ
665 1014 984 1074 καταϐαλεῖν
1031 1017 1281 1092 θεμέλιον
1337 1019 1582 1074 σκάπτων
1635 1017 1851 1095 ἐνέτυχε

212 1107 482 1182 θησαυρῑξν
514 1104 654 1161 τὸδ’
700 1106 1001 1180 αὐτόματον
1057 1107 1106 1162 ἐν
1157 1113 1275 1170 τοῖς
1322 1109 1456 1163 κατὰ
1503 1109 1680 1186 φύσιν·
1735 1110 1847 1163 οἷον

213 1192 267 1249 εἷ’
333 1207 494 1259 ποθεν
569 1195 720 1260 λίθος
803 1199 876 1268 μή
936 1217 1082 1258 τινος
1155 1195 1407 1272 ῥίψαντος
1468 1196 1626 1252 αὐτὸν
1684 1197 1848 1270 μόνος

209 1282 545 1358 κατενεχθεὶς
595 1281 845 1353 ἐπάταξεν
896 1281 1195 1360 ἄνθρωπον,
1241 1285 1276 1353 ἢ
1324 1305 1470 1346 τινος
1535 1281 1696 1346 ἷίππος
1747 1286 1848 1340 ὑπὸ

205 1375 312 1426 τῶν
391 1369 672 1444 πολεμίων
746 1369 973 1450 ληφθεὶς
1039 1373 1127 1427 καὶ
1200 1374 1293 1434 τὰς
1361 1373 1625 1448 προτέρας
1679 1374 1847 1446 νομὰς

207 1461 521 1537 φαντασθείς
575 1459 650 1522 εἷς
698 1460 788 1514 τὸν
833 1460 1032 1516 οἰκεῖον
1082 1459 1343 1532 δεσπότην
1394 1461 1528 1529 ἦλθε
1573 1460 1697 1523 τοὺς
1745 1484 1844 1517 πο-

209 1548 435 1621 λεμίους
502 1553 727 1626 φυγών·
788 1551 942 1628 φύσις
1015 1551 1114 1626 γὰρ
1181 1551 1270 1605 καὶ
1342 1556 1484 1605 πᾶσα
1539 1553 1572 1620 ἡ
1642 1549 1846 1626 ἄλογος

205 1643 450 1693 καΛεῖται
510 1642 620 1709 ζῶή
653 1680 665 1693 .
726 1641 879 1694 Ὅθεν
926 1639 994 1695 τὰ
1052 1641 1145 1713 μὲν
1219 1635 1668 1714 ἐπισυμϐαίνοντα
1730 1647 1846 1703 ταῖς

141 1768 146 1773 .
205 1724 426 1801 ἀλόγοις
504 1727 797 1804 ἐνεργείαις
863 1728 954 1782 καὶ
1028 1734 1274 1806 φυσικαῖς
1349 1730 1453 1783 ἀπὸ
1505 1728 1845 1802 ταυτομάτου

206 1815 354 1892 φασί”
415 1815 504 1870 καὶ
557 1817 621 1871 τὸ
667 1816 1123 1892 προηγησάμενον
1184 1815 1351 1872 αἷίτιὸν
1400 1817 1644 1894 λέγουσιν
1690 1817 1846 1873 αὐτό-

209 1924 376 1975 ματον
410 1945 423 1957 .
482 1907 619 1962 ’Ὀσα
693 1902 750 1959 δὲ
803 1911 921 1967 ταῖς
988 1907 1123 1960 κατά
1178 1905 1489 1982 προαίρεσιν
1559 1905 1843 1983 ἐνεργείαις

205 1986 567 2064 ἐσισυμϐαίνει
601 2040 617 2062 ,
687 1995 835 2048 ταῦτ’
892 1994 998 2049 ἀπὸ
1051 1993 1230 2070 τύχης
1273 2016 1286 2028 ο

202 2081 674 2159 παρυφισταμένην
762 2082 932 2138 αἰτίαν
1011 2087 1076 2156 τῇ
1158 2085 1468 2160 προαιρέσει
1549 2083 1637 2138 καὶ
1707 2085 1840 2139 κατὰ

201 2169 534 2246 προαίρεσιν.

1964 757 2018 810 id
2053 758 2205 828 quod
2237 775 2366 812 raro
2385 757 2669 829 contingit
2699 775 2710 824 ;
2739 758 2973 813 fortuna
3004 759 3060 812 et
3082 773 3252 810 casus
3275 756 3333 809 in
3359 755 3448 810 his
3472 770 3600 827 spe-

1958 849 2207 910 ctantur,
2240 863 2366 916 quae
2399 863 2527 900 raro
2560 846 2924 916 contingunt.

2026 936 2081 987 7.
2134 935 2203 989 Et
2259 935 2490 990 fortuna
2549 935 2787 1006 quidem
2845 935 2902 988 in
2960 934 3031 988 iis
3092 950 3218 1004 qua
3272 934 3594 988 secundum

1958 1020 2294 1077 electionem
2328 1024 2515 1090 ﬁunt;
2550 1023 2725 1077 veluti
2760 1022 2809 1076 si
2840 1021 2971 1093 quis
3029 1023 3100 1077 ad
3145 1022 3592 1077 fundamentum

1951 1110 2291 1180 jaciendum
2344 1111 2567 1166 fodiens
2615 1111 2672 1165 in
2722 1111 3066 1174 thesaurum
3112 1111 3366 1177 incidat;
3421 1128 3593 1166 casus

1959 1203 2154 1254 autem
2197 1199 2256 1252 in
2311 1199 2382 1254 iis
2432 1217 2561 1271 quae
2619 1201 2940 1254 secundum
2999 1204 3268 1254 naturam
3327 1200 3477 1253 ﬁunt
3506 1200 3588 1268 33;

1957 1287 2204 1358 exempli
2236 1288 2444 1359 gratia,
2474 1289 2520 1343 si
2555 1287 2823 1343 alicunde
2869 1287 3019 1359 lapis
3062 1292 3126 1342 ut
3177 1304 3345 1343 nemo
3392 1289 3589 1359 ipsum

1956 1378 2261 1448 projecerit
2291 1395 2323 1432 a
2362 1395 2423 1431 se
2473 1378 2748 1449 delapsus
2798 1377 3150 1448 percusserit
3193 1377 3489 1433 hominem
3523 1379 3586 1444 3°,

1955 1471 2055 1520 aut
2087 1464 2338 1536 alicujus
2369 1483 2554 1537 equus
2604 1467 2674 1521 ab
2725 1466 2993 1521 hostibus
3043 1471 3248 1537 captus
3295 1470 3351 1520 et
3397 1466 3590 1537 priora

1955 1572 2174 1628 pascua
2202 1556 2559 1628 imaginatus
2591 1557 2662 1610 ab
2696 1555 2963 1611 hostibus
2996 1556 3134 1627 fuga
3161 1554 3394 1627 elapsus
3417 1555 3514 1626 sit,
3532 1561 3590 1611 et

1955 1645 2027 1699 ad
2061 1645 2360 1716 proprium
2394 1645 2698 1700 dominum
2717 1661 2778 1700 se
2801 1643 3128 1699 contulerit.
3151 1645 3296 1699 Nam
3321 1648 3375 1698 et
3396 1645 3587 1700 omnis

1954 1735 2127 1789 bruta
2154 1735 2289 1801 vita,
2325 1737 2535 1789 natura
2558 1733 2788 1788 dicitur.
2824 1733 2986 1788 Unde
3032 1733 3206 1788 etiam
3256 1749 3380 1803 quae
3419 1735 3589 1790 ratio-

1954 1823 2046 1877 nis
2073 1822 2405 1893 expertibus
2435 1827 2492 1878 et
2523 1822 2889 1878 naturalibus
2919 1821 3351 1893 operationibus
3380 1823 3588 1877 adven-

1951 1911 2078 1967 titia
2102 1911 2322 1967 ratione
2352 1912 2646 1976 accidunt,
2674 1929 2708 1967 a
2739 1928 2877 1966 casu
2909 1911 3324 1983 pronuntiant;
3359 1914 3415 1966 et
3444 1928 3585 1966 cau-

1344 1995 1433 2049 καὶ
1492 1993 1685 2070 τύχην,
1743 1997 1834 2064 τὴν

1954 2017 2080 2055 sam
2111 2005 2529 2072 antegressam,
2565 2016 2765 2056 casum
2798 2003 3154 2071 nuncupant.
3207 1999 3340 2062 Quae
3389 2003 3582 2054 autem

1949 2089 2279 2144 actionibus
2335 2090 2404 2144 ab
2454 2089 2734 2144 electione
2783 2087 3286 2159 proficiscentibus
3344 2088 3584 2159 insuper

1947 2178 2218 2233 accidunt
2247 2179 2311 2244 ‘0,
2345 2178 2464 2233 hac
2495 2195 2529 2234 a
2570 2178 2802 2232 fortuna
2829 2178 3211 2249 proﬁtentur;
3245 2179 3302 2230 et
3343 2193 3578 2232 causam

201 2275 328 2331 quae
359 2259 625 2316 electioni
656 2265 714 2316 et
741 2262 814 2316 ab
844 2260 1121 2318 electione
1150 2262 1293 2317 ortis
1314 2263 1485 2332 juxta
1514 2263 1758 2325 assistit.
1791 2264 2084 2322 fortunam
2117 2267 2411 2338 appellant
2429 2269 2494 2322 υ.

276 2345 347 2415 η’.
406 2343 566 2401 Ἀλλ’
625 2345 827 2422 ἀγαθὴν
889 2347 981 2418 μὲν
1039 2347 1213 2423 τύχην
1249 2390 1262 2416 ,
1322 2346 1446 2402 ὅταν
1517 2370 1571 2402 τι
1641 2347 1832 2424 ἀγαθὸν

200 2429 382 2508 ἀποϐῇ
431 2433 642 2513 φαύλην
691 2432 755 2506 δ’,
802 2433 925 2490 ὅταν
975 2433 1200 2514 φαῦλον.
1247 2435 1469 2491 Ὁπόταν
1525 2434 1582 2491 δὲ
1608 2437 1675 2491 τὰ
1705 2437 1836 2491 ἀπο-

198 2518 451 2578 ϐαίνοντα
509 2523 729 2600 μέγεθος
788 2519 984 2600 ἔχωσιν
1016 2569 1030 2595 ,
1091 2524 1337 2600 εὐτυχίαν
1396 2525 1484 2580 καὶ
1545 2524 1833 2602 δυστυχίαν

198 2613 342 2692 φασί.
375 2614 445 2667 Τὸ
477 2610 522 2667 δ’
554 2613 798 2689 εὐτυχεῖν
842 2614 932 2668 καὶ
978 2614 1041 2668 τὸ
1090 2613 1370 2690 δυστυχεῖν
1423 2614 1474 2669 ἐν
1503 2620 1620 2676 τοῖς
1678 2613 1834 2669 δυνα-

202 2700 382 2775 μένοις
451 2703 702 2778 πράττειν
780 2702 1139 2778 γνωρίζεται.
1201 2703 1300 2756 Καὶ
1374 2703 1476 2778 γὰρ
1553 2702 1834 2778 εὐπραγεῖν

197 2789 310 2846 ἐστι
358 2791 449 2846 καὶ
500 2789 840 2867 δόσπραγείν.
891 2793 1041 2856 Ὅθεν
1093 2789 1245 2846 οὐδὲν
1295 2790 1503 2867 ἄψυχον
1557 2793 1592 2862 ἢ
1648 2794 1834 2869 θηρίον

196 2880 232 2948 ἢ
293 2877 506 2935 παιδίον
561 2880 806 2955 εὐτυχεῖν
864 2879 1080 2955 λέγεται
1128 2880 1330 2954 κυρίως
1379 2880 1408 2934 ύ
1458 2878 1762 2956 δυστυχεῖν,
1791 2882 1837 2936 εἰ

199 2969 276 3040 μὴ
333 2970 451 3032 καθ’
508 2968 808 3041 ὁμοιότητα
840 2988 854 3000 θ
907 2970 1086 3030 καθὼς
1142 2963 1242 3038 ἔχη
1296 2970 1631 3046 Πρώταρχος
1689 2969 1836 3024 εὐτυ-

104 3112 113 3120 ,
194 3061 319 3132 χεῖς
356 3059 489 3112 εἶναι
518 3057 645 3119 τοὺς
678 3056 860 3119 λίθους
893 3055 943 3127 ἐξ
983 3059 1056 3112 ὧν
1103 3055 1154 3112 δὶ
1199 3058 1402 3132 βωμοὶ,
1436 3056 1518 3112 ὅτι
1546 3063 1832 3131 τιμῶνται·

194 3146 247 3200 οἱ
278 3143 324 3200 δ’
355 3145 620 3220 ὁμόζυγες
653 3144 825 3200 αὐτῶν
856 3150 1301 3202 καταπατοῦνται.

2015 2355 2069 2408 8.
2103 2355 2171 2408 Et
2199 2354 2434 2420 bonam,
2465 2354 2703 2425 quidem
2727 2354 3018 2408 fortunam
3043 2369 3176 2407 cum
3198 2353 3420 2425 aliquid
3440 2353 3577 2408 boni

1945 2442 2172 2507 evenit;
2207 2441 2441 2509 malam,
2474 2459 2607 2497 cum
2639 2441 2774 2496 mali
2802 2441 3042 2512 aliquid.
3069 2441 3308 2508 Quando
3328 2441 3576 2513 denique

1947 2529 2018 2584 iis
2049 2546 2174 2600 qua
2206 2530 2497 2598 eveniunt,
2552 2531 2890 2602 magnitudo
2939 2530 3207 2600 quaedam
3254 2531 3344 2584 81
3405 2531 3578 2600 inest,

1947 2616 2197 2691 εὐτυχίαν
2232 2620 2302 2686 ‘2,
2333 2619 2441 2673 hoc
2471 2623 2560 2674 est
2608 2619 2903 2689 ingentem
2946 2619 3187 2672 fortuna
3237 2619 3585 2689 prosperita-

1948 2713 2084 2775 tem,
2118 2711 2175 2762 et
2221 2703 2508 2780 δυστυχίαν
2555 2707 2611 2760 id
2659 2711 2747 2762 est
2793 2707 3000 2777 ingens
3049 2706 3434 2760 infortunium
3481 2724 3582 2762 no-

1947 2798 2174 2851 minant
2214 2797 2280 2850 ‘3.
2347 2797 2727 2851 Fortunatum
2787 2799 2982 2849 autem
3041 2799 3099 2849 et
3157 2795 3581 2850 infortunatum

1946 2901 2074 2940 esse
2106 2886 2162 2939 in
2195 2885 2267 2940 iis
2299 2902 2424 2956 quae
2456 2888 2704 2956 possunt
2727 2899 2915 2955 agere,
2941 2883 3440 2938 animadvertitur.
3466 2885 3583 2939 Hoc

1946 2973 2102 3028 enim
2131 2973 2284 3028 idem
2317 2978 2405 3028 est
2436 2974 2589 3044 quod
2619 2988 2892 3044 praepere
2922 2976 2978 3027 et
3008 2971 3159 3026 male
3189 2987 3376 3043 agere.
3419 2972 3581 3027 Unde

1946 3063 2031 3126 ﬁt,
2067 3067 2130 3117 ut
2155 3061 2382 3117 nullum
2426 3062 2836 3127 inanimatum,
2889 3065 2988 3114 aut
3033 3061 3240 3127 bestia,
3290 3064 3391 3114 aut
3437 3078 3582 3132 puer

1946 3151 2276 3205 fortunatus
2309 3155 2408 3205 aut
2436 3150 2831 3204 infortunatus
2879 3165 3006 3204 esse
3055 3148 3283 3220 proprie
3326 3149 3574 3216 dicatur,

195 3236 312 3292 nisi
343 3253 447 3308 per
475 3236 948 3306 similitudinem,
981 3237 1475 3309 quemadmodum
1509 3238 1859 3294 Protarchus
1890 3239 2053 3306 dixit,
2096 3240 2420 3295 fortunatos
2441 3255 2567 3294 esse
2595 3238 2817 3309 lapides
2858 3255 2924 3293 ex
2971 3237 3184 3308 quibus
3229 3237 3433 3292 altaria
3478 3255 3576 3293 ex-

193 3329 525 3393 struuntur,
560 3325 715 3396 quod
746 3325 964 3381 honore
992 3325 1358 3392 afﬁciantur;
1389 3343 1522 3382 cum
1554 3326 1762 3398 reliqui
1794 3328 1893 3399 qui
1926 3332 2064 3383 sunt
2091 3328 2353 3399 ejusdem
2385 3327 2632 3400 generis,
2663 3327 2908 3398 pedibus
2938 3326 3352 3382 conculcentur
3369 3327 3429 3381 “.
3505 3345 3508 3350 ·

273 3423 302 3476 θ
324 3456 338 3468 .
367 3411 660 3488 Συνάγεται
691 3410 748 3466 δὲ
775 3411 866 3467 καὶ
904 3415 939 3481 ἡ
989 3413 1132 3488 τύχη
1181 3412 1270 3467 καὶ
1316 3415 1378 3468 τὸ
1421 3413 1723 3487 αὐτόματον
1753 3414 1828 3476 εἷς

2009 3418 2061 3471 9.
2092 3421 2222 3471 Jam
2255 3433 2384 3471 vero
2418 3419 2650 3471 fortuna
2679 3423 2736 3471 et
2763 3433 2933 3470 casus
2980 3416 3050 3469 ad
3101 3415 3185 3470 sic
3231 3414 3578 3486 generaliter

187 3499 251 3554 τὸ
305 3505 532 3576 γενικῶς
589 3501 974 3573 ὠνομασμένον
1028 3500 1330 3574 αὐτόματον
1366 3545 1378 3558 .
1436 3507 1603 3556 Τοῦτο
1661 3500 1718 3557 δὲ
1771 3504 1833 3557 τὸ

188 3593 387 3650 κοινῶς
442 3587 744 3662 αὐτόματον
813 3588 957 3643 οὕτω
1009 3587 1269 3660 κέκληται
1343 3591 1416 3652 ὡς
1475 3591 1604 3644 αὐτὸ
1664 3590 1835 3663 μάτην

189 3678 314 3733 ὅσον
375 3676 461 3732 ἐπὶ
515 3682 594 3750 τῷ
650 3676 1036 3732 ἀκολουθοῦντι
1086 3677 1484 3752 ἀποτελέσματι
1540 3679 1832 3756 προσγινό-

194 3783 372 3840 μενον⁶
434 3764 556 3821 ὅσον
613 3767 717 3842 γὰρ
777 3765 866 3821 ἐπὶ
913 3770 983 3840 τῇ
1042 3765 1244 3842 εὐρέσει
1289 3772 1386 3822 τοῦ
1436 3771 1704 3843 θησαυροῦ
1740 3768 1835 3842 μά-

186 3875 288 3926 την
320 3857 355 3925 ἡ
390 3855 581 3930 σκάψις
623 3855 965 3932 προγέγονεν,
1017 3854 1132 3910 ἐπεὶ
1183 3853 1272 3910 διὰ
1313 3857 1413 3925 τὴν
1453 3862 1549 3911 τοῦ
1578 3857 1832 3930 θεμελίου

186 3939 500 4012 καταϐολὴν
546 3943 636 3998 καὶ
696 3947 732 4013 ἡ
788 3948 886 3998 τοῦ
943 3943 1095 3999 λίθου
1149 3947 1444 4021 καταφορὰ,
1499 3947 1587 4000 καὶ
1644 3949 1677 4016 ἡ
1735 3943 1850 4000 τοῦ

181 4030 360 4086 ’ίππου
399 4031 457 4086 ἐκ
501 4037 608 4087 τῶν
655 4030 937 4106 πολεμίων
985 4034 1148 4111 φυγή,
1205 4033 1377 4106 μάτην
1427 4033 1548 4088 ὅσον
1601 4033 1685 4088 ἐπὶ
1714 4040 1830 4096 τοῖς

186 4118 735 4198 παρηκολουθηκόσιν
839 4120 1236 4194 ἀποτελέσμασι
1342 4121 1728 4198 προγεγόνασιν
1815 4163 1828 4175 .

187 4206 326 4265 Οὔτε
381 4210 482 4286 γὰρ
541 4211 570 4264 ὁ
627 4208 780 4272 λίθος
833 4206 989 4265 ἕνεκα
1041 4215 1138 4264 τοῦ
1193 4209 1417 4280 πατάξαι
1473 4213 1790 4281 κατήνεκται
1815 4229 1826 4240 ·

189 4295 302 4354 οὐθ’
361 4300 390 4354 ὁ
445 4296 610 4361 ἵππος
672 4299 798 4361 τοὺς
872 4298 1172 4372 πολεμίους
1250 4299 1564 4378 ἐκπέφευγεν
1605 4346 1618 4371 ,
1681 4295 1832 4354 ἕνεκα

185 4392 286 4442 τοῦ
331 4388 469 4461 πρὸς
512 4389 603 4442 τὸν
658 4384 793 4442 ἴδιον
843 4385 1105 4458 δεσπότην
1139 4387 1330 4452 ἐλθεῖν·
1384 4387 1508 4444 ἀλλ’
1537 4390 1564 4443 ὁ
1601 4389 1692 4462 μὲν
1740 4386 1832 4442 ’ίνα

187 4476 280 4530 τὸν
342 4475 540 4530 οἰκεῖον
599 4472 878 4551 καταλάϐῃ
932 4475 1129 4547 τόπον,
1182 4477 1242 4530 τὸ
1300 4477 1447 4531 κάτω
1475 4478 1589 4530 ’καὶ
1649 4477 1829 4549 μέσον,

189 4562 363 4638 ἤγουν
397 4565 425 4618 ὁ
457 4563 610 4626 λίθος
649 4565 838 4639 (πάντα
885 4565 988 4639 γὰρ
1035 4565 1103 4619 τὰ
1153 4564 1290 4640 βάρη
1342 4565 1620 4643 αὐτοφυῶς
1653 4564 1739 4620 ἐπὶ
1768 4566 1831 4619 τὸ

187 4653 411 4729 κέντρον
442 4654 629 4729 ὁρμᾷ)·
663 4655 692 4708 ὁ
723 4651 768 4708 δ’
801 4649 964 4715 ἷίππος
991 4651 1084 4707 τίνα
1112 4654 1249 4730 πρὸς
1279 4655 1372 4716 τὰς
1420 4656 1668 4724 συνήθεις
1701 4651 1831 4726 ἔλθῃ

185 4762 379 4815 νομας.

274 4921 327 4977 ι’.
387 4916 572 4974 Δῗίτιον
633 4915 692 4973 δὲ
746 4917 898 4992 ὅμως
949 4921 1013 4975 τὸ
1063 4925 1164 4975 πᾶν
1225 4918 1524 4993 αὐτόματον
1583 4918 1830 4995 λέγεται·

187 5006 334 5064 διότι
395 5008 470 5080 μή
515 5006 976 5082 προηγησαμένου
1022 5005 1180 5062 τοῦδε
1227 5009 1325 5063 οὐκ
1377 5008 1435 5062 ἂν
1478 5008 1542 5062 τὸ
1587 5012 1830 5061 τοιοῦτον

182 5096 352 5158 τέλος
407 5094 848 5166 ἐπηκολούθησεν
891 5140 903 5152 .
962 5093 1146 5153 Αἷίτιον
1199 5097 1379 5165 μέντοι
1432 5101 1528 5150 τοῦ
1583 5095 1834 5150 τοιούτου

184 5184 385 5247 τέλους
413 5186 549 5239 κατᾶ
591 5179 954 5259 συμϐεϐηκὸς,
1005 5183 1129 5240 ἀλλ’
1177 5185 1238 5239 οὐ
1279 5187 1392 5241 καθ’
1441 5184 1590 5239 αὐτό·
1643 5187 1755 5239 οἷον
1798 5187 1832 5253 ἡ

188 5275 390 5346 σκάψις
446 5271 618 5328 αἷίτιον
682 5273 774 5345 μὲν
827 5276 892 5342 ἧν
948 5274 1062 5328 καθ’
1116 5273 1243 5328 αὐτὸ
1295 5277 1392 5342 τῆς
1437 5278 1534 5327 τοῦ
1581 5272 1836 5346 θεμελίου

185 5355 532 5430 καταϐολῆςο
585 5357 780 5430 συνέϐη
834 5359 890 5416 δὲ
927 5360 1169 5436 γενέσθαι
1213 5361 1300 5416 καὶ
1342 5368 1442 5432 τῆς
1494 5367 1590 5415 τοῦ
1638 5364 1836 5430 θησαυ-

189 5453 293 5525 ροῦ
342 5449 598 5524 εὑρέσεως
647 5445 818 5504 αἷίτιον
848 5492 862 5519 ,
911 5449 1178 5525 γενομένη
1235 5451 1408 5524 μάτην
1458 5448 1579 5504 ὅσον
1631 5448 1717 5503 ἐπὶ
1767 5453 1836 5523 τῇ

189 5537 399 5613 εὐρέσει
426 5542 525 5594 τοῦ
553 5540 846 5614 θησαυροῦ.

263 5774 309 5810 ⁸³
338 5773 383 5844 2
404 5774 580 5844 Phys.
613 5788 662 5829 ο.
694 5773 749 5844 6,
779 5776 822 5827 t.
839 5774 928 5828 61.

188 5846 238 5883 ”
263 5847 302 5901 2
324 5842 510 5916 Phys.‘
533 5860 583 5903 ο.
613 5843 668 5912 5,
699 5842 742 5900 ιζ
768 5844 860 5898 56.
936 5844 981 5878 ‘3
1007 5846 1041 5898 2
1068 5842 1242 5916 Phys.
1263 5842 1317 5899 δ.
1349 5845 1403 5912 6,
1436 5849 1478 5900 t.
1511 5844 1604 5912 58,
1633 5844 1722 5897 59.

1033 5772 1078 5807 ³³
1105 5774 1140 5826 2
1169 5771 1342 5845 Phys.
1378 5789 1427 5828 ο.
1459 5773 1513 5839 6,
1537 5775 1580 5826 t.
1617 5772 1707 5836 60,
1734 5772 1824 5838 63,
1864 5771 1958 5825 66.
2057 5771 2101 5804 ⁸ο
2129 5771 2164 5824 2
2192 5771 2364 5842 Phys.
2398 5786 2442 5824 ο.

1033 5853 1041 5896 ι
1068 5842 1242 5913 Phys.
1267 5861 1317 5899 c.
1349 5845 1403 5912 6,
1436 5849 1478 5900 t.
1511 5844 1604 5912 58,
1633 5844 1722 5897 59.
1801 5842 1903 5897 “2
1926 5841 2097 5913 Phys.
2131 5858 2181 5896 ο.
2211 5843 2266 5909 6,
2299 5846 2339 5896 t.
2372 5842 2442 5894 57

1943 3505 2164 3560 dictum
2196 3522 2396 3561 casum
2428 3503 2739 3576 colligitur.
2776 3504 2894 3558 Hoc
2942 3507 3137 3558 autem
3185 3502 3576 3558 communiter

1943 3598 2243 3666 acceptum
2304 3595 2366 3660 ⁸⁵,
2430 3591 2751 3662 αὐτόματον,
2811 3592 2893 3646 sic
2949 3595 3218 3646 vocatum
3262 3596 3369 3657 est,
3419 3592 3576 3662 quod

1945 3680 2072 3735 αὐτὸ
2123 3681 2319 3753 μάτην,
2369 3683 2426 3736 id
2479 3687 2586 3748 est,
2631 3682 2828 3752 ipsum
2874 3681 3115 3745 frustra,
3165 3683 3454 3751 quantum
3504 3680 3578 3734 ad

1943 3771 2309 3841 subsequens
2367 3771 2632 3825 effectum
2692 3769 2921 3835 attinet,
2972 3768 3227 3823 accedat.
3283 3771 3578 3832 Quantum

1944 3859 2096 3914 enim
2130 3860 2198 3914 ad
2232 3859 2492 3916 thesauri
2525 3858 2919 3913 inventionem
2951 3857 3183 3926 attinet,
3228 3856 3406 3912 fossio
3455 3856 3576 3911 fru-

1942 3953 2064 4004 stra
2111 3948 2443 4019 prmeessit:
2500 3949 2776 4018 quoniam
2839 3950 3074 4017 prOpter
3131 3945 3574 4000 fundamentum

1935 4036 2271 4108 jaciendum
2305 4037 2601 4107 [suscepta
2652 4035 2898 4106 fuerat]:
2935 4035 3201 4105 itemque
3249 4033 3458 4104 lapidis
3505 4033 3575 4088 ab

1942 4125 2060 4181 alto
2109 4142 2278 4180 casus
2336 4129 2393 4180 et
2447 4124 2580 4194 equi
2630 4125 2700 4178 ab
2745 4122 3013 4178 hostibus
3061 4123 3197 4194 fuga
3241 4122 3475 4191 frustra,
3525 4121 3575 4176 si

1940 4213 2142 4269 effecta
2169 4230 2296 4284 quae
2328 4213 2641 4268 subsecuta
2668 4217 2806 4266 sunt
2834 4214 3078 4282 spectes,
3113 4213 3572 4265 antecesserunt.

1938 4301 2054 4356 Nec
2082 4302 2238 4356 enim
2268 4300 2417 4373 lapis
2449 4298 2807 4371 percutiendi
2835 4298 3085 4369 alicujus
3107 4299 3296 4369 gratia
3328 4297 3574 4364 decidit;

1940 4406 2044 4444 nec
2075 4406 2261 4462 equus
2285 4395 2588 4461 propterea
2617 4388 2690 4443 ab
2719 4387 2986 4442 hostibus
3015 4387 3114 4442 32
3147 4387 3392 4457 aufugit,
3418 4389 3484 4439 ut
3503 4384 3575 4439 ad

1943 4479 2240 4550 proprium
2271 4478 2574 4532 dominum
2607 4494 2668 4531 se
2695 4476 3014 4542 conferret;
3049 4475 3148 4529 sed
3196 4474 3292 4529 ille
3316 4473 3575 4544 quidem,

1939 4566 2088 4638 lapis
2116 4567 2352 4632 scilicet,
2388 4570 2452 4620 ut
2479 4565 2781 4637 proprium
2821 4563 3033 4630 locum,
3069 4562 3320 4618 inferum
3353 4565 3496 4632 puta
3523 4566 3583 4616 et

1945 4654 2222 4725 medium,
2255 4658 2563 4725 occuparet
2587 4652 2804 4724 (gravia
2833 4653 2989 4706 enim
3010 4651 3208 4706 omnia
3229 4667 3336 4705 sua
3367 4653 3582 4705 natura

1862 4782 1909 4845 Β
1946 4745 2016 4800 ad
2047 4748 2310 4799 centrum
2342 4759 2475 4798 cum
2506 4741 2726 4813 impetu
2758 4740 3083 4811 moventur)
3110 4757 3122 4806 ;
3158 4755 3344 4810 equus
3362 4742 3578 4808 autem,

1942 4837 2008 4888 ut
2039 4833 2109 4887 ad
2141 4836 2416 4887 consueta
2446 4847 2664 4902 pascua
2692 4845 2753 4884 se
2775 4828 3077 4883 conferret.

2014 4923 2099 4975 10.
2132 4920 2347 4975 Verum
2380 4919 2534 4974 enim
2554 4935 2685 4973 vero
2703 4917 2895 4972 omnis
2917 4933 3108 4984 casus,
3132 4932 3310 4971 causa
3329 4915 3543 4970 dicitur
3563 4939 3577 4982 ;

1943 5009 2081 5080 quia
2111 5009 2221 5064 nisi
2255 5009 2347 5063 hic
2375 5007 2784 5079 praecessisset,
2817 5005 3106 5076 ejusmodi
3137 5005 3272 5059 ﬁnis
3293 5004 3576 5059 subsecu-

1941 5103 2036 5152 tus
2069 5098 2222 5152 haud
2251 5097 2494 5163 fuisset;
2526 5094 2760 5150 tametsi
2791 5094 3038 5164 hujusce
3085 5093 3219 5148 iinis
3267 5109 3446 5148 causa
3491 5095 3582 5148 est

1944 5203 2046 5258 per
2077 5185 2364 5252 accidens,
2391 5189 2448 5239 et
2479 5199 2592 5238 non
2625 5199 2725 5254 per
2769 5198 2848 5237 se.
2901 5180 3094 5237 Veluti
3143 5181 3320 5236 fossio
3370 5181 3578 5236 funda-

1945 5273 2126 5329 menti
2166 5273 2400 5342 quidem
2424 5271 2679 5342 jaciendi
2711 5287 2888 5325 causa
2915 5275 3040 5324 erat
3067 5286 3168 5341 per
3215 5285 3276 5324 se
3304 5287 3317 5337 ;
3370 5268 3582 5324 accidit

1947 5367 2164 5427 autem,
2197 5365 2262 5415 ut
2303 5359 2652 5415 inventionis
2681 5359 2942 5414 thesauri
2982 5375 3160 5414 causa
3206 5358 3397 5413 ﬁeret:
3445 5374 3581 5413 cum

1948 5453 2234 5522 quantum
2266 5449 2335 5502 ad
2370 5448 2762 5503 inventionem
2794 5447 3053 5503 thesauri
3085 5447 3310 5514 attinet,
3361 5447 3581 5502 frustra

1949 5541 2222 5610 suscepta
2252 5537 2445 5592 fuerit.

2057 5771 2101 5804 ‘0
2129 5771 2164 5824 2
2192 5768 2364 5842 Phys.
2398 5786 2448 5824 ο.
2475 5771 2530 5837 5,
2563 5769 2734 5842 t.52._
2828 5769 2870 5802 ‘1
2899 5769 2935 5821 2
2963 5767 3233 5842 Phys.__c.
3286 5767 3340 5832 5,
3397 5769 3435 5820 t.
3484 5765 3577 5819 56.

2542 5842 2584 5874 ‘5
2612 5841 2647 5894 2
2675 5839 2850 5911 Phys.
2886 5857 2934 5894 c.
2967 5841 3020 5908 6,
3055 5844 3095 5893 t.
3127 5839 3216 5891 63.
