4024 6498
336 499 485 565 1051

1575 506 1998 570 NICEPHOBI
2040 506 2482 570 BLEMMIDE

3559 501 3718 565 {053

333 636 518 692 tentia
547 640 637 692 est
665 635 1069 708 imperfectum
1103 639 1198 706 sit,
1231 639 1415 712 ipsius
1464 642 1640 697 etiam
1673 643 1820 697 actio
1853 642 1966 696 im-

2104 661 2136 694 re
2181 644 2277 694 τοῦ
2326 637 2570 712 δυνάμει·
2603 638 2709 715 οὐχ
2766 637 2847 694 δτι
2907 637 3106 714 ἐνεργεῖ
3157 636 3273 691 κατ’
3302 635 3467 704 αὐτὴν
3512 635 3578 690 τὸ
3631 633 3719 690 δυ-

336 726 586 796 perfecta
615 726 727 780 erit
758 743 770 780 :
821 731 878 781 et
907 726 1066 783 illius
1111 728 1286 784 etiam
1319 735 1483 786 actus
1532 731 1685 802 quod
1717 731 1973 803 potentia

336 819 444 878 est,
477 830 591 868 non
641 815 796 885 quod
843 817 1167 871 secundum
1217 833 1344 873 eam
1377 822 1530 891 agat,
1563 820 1662 875 89
1710 819 1767 874 id
1818 820 1970 891 quod

337 903 594 974 potentia
621 907 730 968 est,
763 905 861 960 sed
894 906 1046 976 quod
1069 911 1296 978 agatur.
1323 909 1484 973 Quod
1512 909 1668 964 enim
1701 913 1831 963 actu
1862 912 1970 975 est,

337 992 532 1063 ipsum
567 1008 736 1063 agere
791 999 1006 1065 potest,
1037 1000 1326 1066 quatenus
1374 1002 1503 1052 actu
1535 1003 1659 1064 est;
1693 997 1972 1068 quemad-

338 1081 576 1135 modum
607 1081 761 1153 ignis
791 1083 1072 1150 calefacit,
1101 1101 1235 1140 cum
1267 1089 1396 1140 actu
1432 1087 1505 1142 sit
1535 1086 1778 1142 calidus.
1813 1086 1975 1151 Quod

339 1174 530 1225 autem
565 1171 822 1242 potentia
850 1177 956 1240 est,
992 1178 1280 1245 quatenus
1307 1181 1395 1230 est
1422 1175 1701 1246 potentia,
1735 1175 1973 1246 patitur,

339 1275 453 1314 non
486 1259 641 1332 agit;
675 1261 1169 1331 quemadmodum
1193 1279 1344 1335 aqua
1373 1264 1582 1335 caleﬁt,
1614 1282 1747 1320 cum
1781 1269 1980 1336 poten'

340 1347 421 1402 tia
451 1349 528 1403 sit
573 1348 776 1403 calida.
813 1350 934 1404 Etsi
972 1367 1106 1406 vero
1153 1369 1307 1424 aqua
1353 1369 1480 1423 quae
1527 1353 1717 1408 adhuc
1765 1352 1972 1422 calefit,

341 1437 472 1508 ipsa
501 1453 732 1508 quoque
779 1437 1082 1506 calefacit;
1137 1445 1333 1496 tamen
1383 1447 1672 1512 quatenus
1719 1440 1975 1513 amplius

343 1523 589 1580 caleﬁeri
621 1530 831 1596 potest,
863 1532 1105 1583 eatenus
1159 1528 1370 1596 calefit,
1404 1546 1537 1586 cum
1570 1532 1848 1602 potentia,
1881 1547 1973 1585 ca-

342 1612 461 1668 lida
490 1614 567 1669 sit
595 1615 786 1670 adhuc
822 1631 924 1687 per
953 1633 1034 1671 se.
1067 1621 1363 1682 Quatenus
1404 1624 1597 1675 autem
1648 1619 1858 1675 caloris
1887 1624 1976 1674 est

340 1702 651 1776 particeps,
683 1709 926 1760 eatenus
955 1706 1237 1776 calefacit,
1273 1714 1338 1763 ut
1366 1725 1496 1780 quae
1524 1714 1654 1764 actu
1685 1708 1871 1763 calida
1901 1707 1978 1763 sit

2082 730 2260 801 νάμει,
2320 727 2444 783 ἀλλ’
2518 727 2599 782 ὅτι
2672 727 2981 804 ἐνεργεῖται.
3041 728 3111 781 Τὸ
3183 726 3285 800 γὰρ
3366 724 3607 800 ἐνεργείᾳ
3662 722 3719 778 δν

2085 817 2250 872 ἐκεῖνο
2353 815 2568 872 δύναται
2671 817 2920 892 ἐνεργεῖν.
3007 816 3138 879 καθὸ
3238 813 3473 890 ἐνεργείᾳ
3556 813 3718 868 ἐστίν·

2083 905 2263 982 ὥσπερ
2319 906 2382 961 τὸ
2439 911 2543 982 πῦρ
2612 905 2909 980 θερμαίνει,
2959 905 3154 980 θερμὸν
3225 902 3284 958 ὃν
3341 902 3603 979 ἐνεργείᾳ.
3653 903 3722 956 Τὸ

2083 993 2140 1050 δέ
2189 993 2432 1068 δυνάμει,
2471 994 2604 1059 καθὸ
2652 991 2875 1066 δυνάμει
2917 994 3135 1069 πάσχει,
3186 992 3285 1047 οὐκ
3340 991 3561 1068 ἐνεργεῖ·
3624 1011 3726 1045 κα·-

2083 1085 2189 1146 θὼς
2218 1085 2280 1138 τὸ
2311 1081 2456 1156 ὕδωρ
2505 1083 2865 1159 θερμαίνεται,
2901 1080 3125 1155 δυνάμει
3170 1080 3440 1157 τυγχάνον
3495 1079 3722 1154 θερμόν.

2083 1172 2147 1228 Εἰ
2205 1170 2262 1227 δέ
2320 1171 2453 1245 (καὶ)
2501 1172 2916 1246 θερμαινόμενον
2976 1167 3051 1225 ἔτι
3107 1171 3171 1225 τὸ
3229 1167 3374 1246 ὕδωρ
3445 1168 3724 1245 θερμαίνει

2081 1261 2170 1316 καὶ
2227 1261 2376 1333 αὐτὸ,
2412 1259 2555 1317 ἀλλὰ
2598 1263 2716 1316 καθ’
2772 1262 2801 1317 ’ὀ
2860 1262 2954 1334 μὲν
3013 1257 3269 1315 ἐπιπλέον
3328 1257 3547 1314 δύναται
3608 1259 3726 1333 θερ-

2088 1351 2375 1424 μανθῆναι,
2427 1351 2561 1405 κατὰ
2608 1355 2770 1405 τοῦτο
2840 1350 3194 1426 θερμαίνεται·
3247 1345 3470 1421 δυνάμει
3526 1347 3588 1401 δν
3652 1345 3728 1402 ἔτι

2083 1441 2279 1515 θερμὸν
2339 1439 2454 1493 κατ’
2512 1439 2661 1494 αὖτό’
2722 1441 2836 1494 καθ’
2894 1441 2924 1494 ’ὸ
2975 1437 3033 1494 δὲ
3094 1439 3308 1514 μετέχει
3365 1436 3730 1513 θερμότητος,

2083 1528 2218 1582 κατὰ
2297 1533 2458 1583 τοῦτο
2544 1528 2840 1604 θερμαίνει,
2929 1527 3168 1603 ἐνεργείᾳ
3223 1526 3280 1581 δν
3333 1526 3533 1602 θερμὸν
3614 1526 3732 1580 καθ’

2084 1617 2235 1674 αὑτό.
2265 1616 2452 1671 Τοίνυν
2511 1618 2547 1685 ἡ
2605 1615 2818 1686 κίνησις
2873 1618 3144 1687 παθητική
3203 1636 3287 1677 τις
3343 1615 3590 1690 ἐνέργεια
3635 1617 3730 1668 τοῦ

2085 1702 2308 1778 δυνάμει
2340 1706 2682 1779 γινώσκεται.

343 1810 446 1866 per
474 1809 554 1848 se.
599 1793 958 1866 Quapropter
1003 1800 1193 1852 metus
1224 1798 1351 1868 ejus
1395 1798 1547 1868 quod
1603 1803 1691 1854 est
1721 1797 1977 1870 potentia
2015 1796 2283 1867 passivus
2312 1795 2549 1868 quidam
2581 1801 2746 1852 actus
2775 1794 3162 1868 cognoscitur.

413 1909 467 1962 3.
501 1907 984 1980 Quandoquidem
1011 1911 1166 1966 enim
1197 1913 1480 1984 quidquid
1513 1913 1622 1968 sub
1653 1912 1978 1985 generatio-

2157 1911 2224 1984 γ’.
2259 1910 2358 1964 Καὶ
2402 1909 2504 1984 γὰρ
2550 1908 2764 1985 ἐπείπερ
2797 1907 2848 1979 ἐξ
2879 1906 3018 1978 ὕλης
3068 1907 3156 1962 καὶ
3206 1903 3380 1968 εἴδους
3440 1907 3732 1975 συνέστηκε

345 2012 478 2053 nem
521 1996 694 2063 cadit,
747 2013 814 2052 ex
866 1999 1107 2055 materia
1151 2005 1208 2055 et
1245 2001 1433 2057 forma
1479 2006 1754 2070 constat;
1805 2001 1981 2057 habet

345 2085 522 2140 etiam
568 2087 825 2158 potentia
853 2091 910 2141 et
956 2092 1088 2142 actu
1135 2105 1281 2160 esse,
1314 2090 1624 2162 ipsumque
1675 2091 1893 2146 moveri
1925 2095 1982 2144 et

347 2190 595 2240 movere,
629 2175 785 2244 quod
816 2175 1052 2246 perinde
1082 2181 1170 2232 est
1221 2195 1288 2234 ac
1317 2179 1366 2234 si
1414 2179 1592 2250 dicas,
1626 2180 1746 2252 pati
1775 2183 1831 2235 et
1858 2179 1980 2235 efﬁ-

349 2278 493 2318 cere.
522 2263 592 2317 Et
621 2264 811 2334 quoad
846 2264 1091 2321 formam
1122 2267 1382 2337 quidem,
1414 2269 1610 2340 ipsum
1653 2273 1783 2324 actu
1813 2284 1980 2336 esse;

347 2352 536 2422 quoad
568 2368 700 2406 vero
743 2353 1068 2421 materiam,
1102 2355 1296 2427 ipsum
1346 2358 1605 2429 potentia
1627 2375 1756 2414 esse
1785 2357 1980 2413 habet.

349 2440 417 2496 Et
449 2439 682 2511 quidem
713 2441 782 2495 ad
815 2446 944 2497 actu
977 2459 1106 2498 esse
1148 2446 1397 2515 pertinet
1425 2462 1612 2518 agere,
1645 2452 1702 2502 et
1731 2463 1984 2515 movere,

350 2533 408 2584 et
437 2529 700 2598 efﬁcere;
743 2531 815 2585 ad
863 2532 1122 2602 potentia
1166 2550 1297 2589 vero
1327 2551 1456 2591 esse
1508 2537 1774 2608 [spectat]
1807 2536 1900 2608 agi
1929 2541 1986 2592 et

352 2617 567 2673 moveri
595 2623 651 2674 et
679 2619 818 2690 pati.
850 2619 1010 2676 Unde
1040 2621 1122 2690 fit,
1157 2639 1290 2678 cum
1323 2629 1516 2680 motus
1547 2626 1674 2694 ejus
1705 2626 1859 2697 quod
1891 2642 1988 2697 po-

351 2706 534 2761 tentia
562 2709 669 2776 est,
703 2711 866 2763 actus
892 2725 1019 2764 esse
1050 2709 1297 2781 dicatur,
1331 2716 1396 2766 ut
1425 2713 1620 2784 passio
1668 2713 1745 2768 sit
1769 2714 1985 2785 potius.

355 2795 641 2851 Fortassis
672 2800 864 2852 autem
895 2799 1069 2853 etiam
1102 2799 1318 2855 idcirco
1335 2806 1504 2857 actus
1524 2803 1626 2857 40
1655 2801 1769 2857 dici
1792 2805 1987 2873 queat,

355 2882 492 2955 quia
521 2885 674 2955 quod
715 2891 998 2954 movetur,
1031 2905 1065 2943 a
1109 2893 1318 2944 natura
1363 2889 1475 2944 sibi
1507 2889 1683 2945 insita
1731 2890 1991 2962 proxime

354 2972 548 3040 habet,
582 2978 647 3028 ut
689 2991 792 3046 pro
841 2992 949 3031 sua
997 2977 1322 3047 aptitudine
1371 2983 1706 3046 moveatur;
1757 2978 1991 3034 tametsi

356 3061 612 3134 primum
638 3063 990 3136 principium
1011 3069 1203 3121 motus
1223 3067 1316 3122 sui
1344 3066 1702 3123 extrinsecus
1725 3067 1987 3140 accipiat.

355 3149 589 3222 Proprie
617 3166 751 3206 vero
778 3152 1064 3225 quidquid
1097 3159 1382 3226 movetur,
1415 3155 1651 3226 patitur,
1687 3173 1802 3211 non
1849 3156 1988 3228 agit.

2084 2003 2192 2054 τῶν
2249 1999 2351 2053 ὑπὸ
2400 1997 2601 2074 γένεσιν
2655 1994 2896 2068 ἕκαστον,
2928 1993 3043 2072 ἔχει
3095 1995 3196 2072 γὰρ
3243 1996 3305 2050 τὸ
3357 1992 3588 2068 δυνάμει
3645 1993 3733 2048 καὶ

2085 2089 2148 2142 τὸ
2198 2086 2433 2163 ἐνεργείᾳ
2479 2087 2567 2142 καὶ
2612 2086 2674 2141 τὸ
2728 2087 2985 2140 κινεῖσθαι
3041 2085 3130 2140 καὶ
3183 2085 3248 2139 τὸ
3293 2088 3482 2155 κινεῖν,
3540 2082 3732 2137 ταυτὸν

2090 2174 2136 2231 δ’
2186 2176 2377 2246 εἰπεῖν,
2407 2176 2634 2251 πάσχειν
2677 2197 2738 2230 τε
2783 2174 2872 2229 καὶ
2923 2180 3122 2230 ποιεῖν.
3177 2172 3276 2227 Καὶ
3331 2172 3467 2227 κατὰ
3529 2172 3625 2244 μὲν
3674 2170 3732 2225 τὸ

2090 2263 2232 2327 εἶδος
2307 2260 2424 2340 ἔχει
2469 2266 2530 2320 τὸ
2579 2263 2832 2340 ἐνεργείᾳ,
2883 2264 3017 2318 κατὰ
3069 2259 3126 2318 δὲ
3179 2263 3286 2330 τήκ
3334 2259 3472 2330 ὕλην
3527 2259 3592 2314 τὸ
3651 2256 3736 2313 δυ-

2089 2353 2270 2427 νάμει.
2320 2353 2420 2408 Καὶ
2477 2358 2567 2407 τνῦ
2626 2353 2720 2426 μὶν
2798 2351 3038 2427 ἐνεργείᾳ
3085 2350 3196 2406 ἐστὶ
3251 2351 3314 2404 τὸ
3371 2349 3607 2425 ἐνεργεῖν
3653 2345 3738 2401 καὶ

2091 2449 2254 2498 κινεῖν
2313 2443 2403 2497 καὶ
2456 2448 2663 2497 ποιεῖν’
2723 2445 2820 2496 τοῦ
2897 2438 3119 2513 δυνάμει
3177 2438 3235 2494 δὲ
3291 2438 3352 2493 τὸ
3411 2437 3737 2512 ἐνεργεῖσθαι

2093 2533 2182 2588 καὶ
2252 2533 2511 2587 κινεῖσθαι
2559 2530 2648 2586 καὶ
2705 2528 2958 2606 πάσχειν.
3016 2532 3169 2593 Ὅθεν
3218 2531 3254 2598 ἡ
3300 2527 3536 2597 κίνησις,
3598 2523 3736 2599 ἐνέρ-

2093 2642 2213 2697 γεια
2263 2624 2360 2676 τοῦ
2417 2617 2640 2692 δυνάμει
2702 2618 2992 2695 λεγομένη,
3050 2617 3217 2678 πάθος
3285 2613 3494 2689 μᾶλλον
3577 2612 3733 2667 ἐστιν.

2097 2711 2370 2786 Ἐνέργεια
2425 2707 2482 2763 δὲ
2538 2707 2738 2784 λέγοιτ’
2793 2706 2851 2762 ἂν
2909 2705 3060 2778 ἴσως,
3091 2705 3182 2761 καὶ
3239 2702 3378 2759 διότι
3431 2706 3492 2758 τὸ
3553 2700 3734 2756 κινού-

2101 2819 2257 2872 μενον
2315 2798 2416 2852 ὑπὸ
2469 2804 2570 2866 τῆς
2629 2797 2681 2852 ἐν
2743 2795 2888 2867 αὖτῷ
2944 2795 3156 2874 φύσεως
3206 2793 3320 2870 ἔχει
3359 2795 3653 2868 προσεχῶς
3677 2789 3736 2843 τὸ

2095 2888 2377 2956 κινεῖσθαι,
2434 2885 2570 2940 κατὰ
2622 2886 2722 2954 τήν
2784 2883 2984 2940 οῗκείαν
3036 2881 3470 2954 ἐπιτηδειότητα,
3506 2880 3604 2934 κᾶν
3642 2879 3735 2945 τὴν

2096 2976 2320 3049 πρώτην
2371 2979 2466 3030 τοῦ
2510 2979 2771 3038 κινεῖσθαι
2821 2974 2998 3050 ἀρχὴν
3059 2970 3246 3043 ἔξωθεν
3306 2964 3608 3043 λαμϐάνοι.
3639 2975 3736 3022 Κυ-

2099 3064 2228 3140 ρίως
2287 3061 2344 3119 δὲ
2395 3069 2497 3118 πᾶν
2549 3063 2612 3117 τὸ
2667 3062 3007 3134 κινούμενον,
3039 3061 3172 3116 καθὸ
3223 3065 3474 3127 κινεῖται,
3517 3057 3732 3134 πάσχει,

2097 3153 2196 3207 οὐκ
2225 3152 2448 3228 ἐνεργεῖ.
2480 3153 2542 3207 Ὀ
2589 3149 2648 3207 δὲ
2697 3153 2774 3224 μὴ
2826 3153 3047 3226 πάσχει,
3105 3147 3228 3204 οὐδὲ
3290 3153 3540 3203 κινεῖται.
3595 3145 3733 3201 Διότι

356 3240 517 3304 Quod
550 3256 666 3295 non
696 3241 936 3312 patitur,
967 3258 1072 3298 nec
1122 3249 1388 3299 movetur
1433 3244 1606 3300 etiam
1641 3262 1653 3300 :
1690 3250 1991 3318 propterea

2104 3241 2162 3296 τὸ
2221 3242 2315 3314 μὲν
2376 3238 2597 3313 δυνάμει
2654 3241 2785 3295 καθὸ
2842 3237 3062 3312 δυνάμει
3137 3243 3360 3294 κινεῖται
3417 3230 3732 3309 μεταϐαῖνον

2105 3330 2120 3343 ι
2171 3331 2184 3343 ι
2274 3330 2287 3343 \
2349 3330 2363 3343 ς
2537 3329 2548 3343 1
2725 3329 2739 3343 \
2793 3331 2806 3343 Ι
2912 3328 2923 3343 Ι
3132 3324 3216 3343 IK!
3333 3325 3343 3343 Ι
3436 3325 3450 3343 9
3648 3323 3662 3343 Ἰ
3712 3321 3726 3343 ὶ

356 3328 510 3398 quod
544 3328 602 3382 id
633 3329 788 3400 quod
838 3329 1094 3401 potentia
1125 3336 1214 3387 est
1264 3337 1554 3405 quatenus
1595 3334 1853 3406 potentia
1901 3338 1991 3390 est

2104 3330 2188 3386 ἐπὶ
2234 3330 2297 3386 τὸ
2346 3329 2603 3406 ἐνεργείᾳ·
2652 3329 2742 3384 καὶ
2782 3331 2818 3398 ἡ
2868 3328 3082 3398 κίνησις
3125 3324 3249 3389 ὁδός
3291 3325 3374 3388 τίς
3432 3325 3576 3380 ἐστιν
3637 3323 3734 3377 ἀπὸ

357 3420 624 3472 movetur
651 3418 722 3472 ad
769 3417 827 3473 id
859 3420 1014 3490 quod
1045 3423 1177 3476 actu
1223 3427 1314 3477 est
1357 3423 1734 3479 transeundo.
1775 3423 1991 3494 Estque

2104 3425 2192 3475 τοῦ
2223 3417 2442 3493 δυνάμει
2492 3418 2580 3473 ἐπὶ
2618 3420 2680 3473 τὸ
2726 3417 2961 3495 ἐνεργείᾳ
2990 3411 3392 3486 διαϐιϐάζουσα·
3423 3414 3486 3470 τὸ
3520 3411 3570 3468 δ’
3602 3411 3736 3486 ἐνερ-

357 3509 554 3561 motus
583 3505 675 3561 via
715 3508 982 3578 quaedam
1015 3511 1086 3564 ab
1113 3525 1241 3566 esse
1292 3511 1549 3582 potentia
1577 3512 1649 3567 ad
1699 3515 1832 3568 actu
1863 3527 1992 3568 esse

357 3595 732 3651 transferens.
775 3597 935 3662 Quod
982 3602 1176 3654 autem
1225 3605 1360 3656 actu
1410 3605 1518 3669 est,
1568 3605 1857 3673 quatenus
1904 3604 1994 3658 est

360 3688 515 3748 actu,
549 3687 744 3739 motus
774 3701 977 3757 expers
1009 3691 1224 3744 manet.

430 3789 481 3842 4.
517 3789 691 3845 Porro
721 3791 874 3861 quod
904 3797 993 3847 est
1019 3795 1294 3865 potentia,
1326 3804 1413 3852 est
1443 3796 1501 3852 id
1532 3798 1686 3868 quod
1719 3801 1909 3869 potest
1940 3801 1998 3852 et

327 3877 441 3958 ‘ita
490 3882 699 3934 natura
743 3887 1144 3952 comparatum
1194 3889 1301 3950 est,
1361 3890 1426 3940 ut
1479 3886 1601 3941 fieri
1652 3887 1838 3958 possit
1887 3886 1998 3942 hoc

362 3968 516 4038 quod
548 3968 805 4037 potentia
834 3968 1046 4025 dicitur
1072 3987 1085 4026 :
1121 3973 1275 4042 quod
1307 3979 1502 4030 autem
1547 3979 1636 4030 est
1666 3980 1819 4047 actu,
1850 3974 1995 4030 illud

361 4059 451 4111 est
480 4055 636 4127 quod
659 4057 784 4126 jam
817 4057 875 4112 id
906 4063 1015 4128 est,
1047 4062 1202 4131 quod
1234 4066 1366 4117 actu
1398 4064 1630 4119 dicitur.

433 4162 488 4216 5.
521 4161 780 4233 Exempli
829 4164 1015 4235 gratia
1064 4183 1078 4221 :
1128 4166 1512 4224 scholasticus
1558 4170 1869 4239 Zosimion,
1900 4171 2001 4241 qui

366 4265 499 4304 cum
530 4249 701 4305 albus
750 4255 922 4319 esset,
967 4269 1000 4308 a
1046 4254 1322 4311 diuturno
1370 4258 1572 4312 morbo
1622 4258 1786 4331 niger
1816 4259 2001 4315 factus

367 4343 474 4406 est,
525 4340 690 4411 prius
737 4344 870 4395 actu
922 4340 1088 4398 albus
1135 4349 1276 4413 erat,
1327 4346 1492 4418 niger
1534 4363 1669 4402 vero
1724 4349 1999 4420 potentia,

369 4428 844 4500 quandoquidem
876 4429 1042 4502 niger
1071 4432 1194 4486 ﬁeri
1225 4438 1466 4504 poterat.
1500 4436 1797 4499 Quatenus
1829 4437 2005 4506 igitur

369 4515 542 4572 albus
581 4522 723 4584 erat,
758 4521 974 4574 moveri
1026 4537 1140 4576 non
1193 4522 1530 4591 dicebatur;
1581 4530 1873 4596 quatenus
1902 4543 2004 4580 au-

2098 3509 2219 3586 γείᾳ
2244 3509 2376 3565 καθὸ
2406 3505 2639 3584 ἐνεργείᾳ
2671 3507 2815 3582 μένει
2841 3505 3091 3575 ἀκίνητον

2175 3793 2239 3852 δ’.
2274 3793 2505 3867 Δυνάμει
2559 3793 2652 3865 μὶν
2713 3789 2803 3846 οὗν
2859 3791 2998 3846 ἐστιν
3047 3790 3076 3844 ’ὁ
3133 3786 3346 3844 δύναται
3403 3785 3491 3842 καὶ
3542 3785 3736 3862 πέφυκε

2103 3884 2346 3959 γενέσθαι
2402 3887 2582 3953 τοῦτο,
2641 3881 2670 3936 ’ὁ
2726 3879 2935 3956 λέγεται
2994 3878 3236 3950 δυνάμει·
3291 3875 3532 3954 ἐνεργείᾳ
3580 3873 3656 3946 δὶ,
3709 3873 3736 3926 ’ὀ

2104 3972 2212 4044 ἤδη
2249 3972 2359 4028 ἐστὶ
2387 3975 2568 4042 τοῦτο,
2595 3970 2624 4024 ὃ
2655 3966 2864 4044 λέγεται
2896 3965 3157 4043 ἐνεργείᾳ.

2181 4171 2238 4226 ε’.
2269 4171 2393 4223 Οῖον
2456 4168 2484 4222 ὁ
2539 4163 2903 4242 σχολαστικὸς
2958 4161 3266 4236 Ζωσιμίων,
3322 4160 3384 4221 ’ὸς
3442 4159 3634 4219 λευκὸς
3672 4152 3737 4209 ὢν

2112 4259 2214 4314 ὑπὸ
2244 4260 2552 4331 νοσήματος
2587 4254 2854 4330 ἐμελάνθη
2891 4251 3138 4330 χρονίου,
3167 4248 3429 4327 πρότερον
3477 4250 3544 4318 ἧν
3607 4247 3740 4321 ἐνερ-

2111 4346 2234 4424 γείᾳ
2307 4345 2521 4406 λευκός·
2583 4343 2804 4417 δυνάμει
2864 4339 2921 4397 δὲ
2979 4339 3168 4415 μέλας,
3229 4338 3447 4414 ἐπείπερ
3517 4335 3741 4424 ἠδύνατο

2111 4421 2349 4512 γενέσθαι
2399 4432 2591 4508 μέλας.
2640 4433 2781 4487 Καθὸ
2833 4431 2926 4504 μὲν
2977 4427 3067 4485 οὖν
3112 4428 3324 4496 λευκὸς,
3357 4426 3457 4481 οὐκ
3513 4425 3576 4480 ἂν
3634 4421 3743 4478 ἐλὲ·

2113 4545 2238 4600 γετο
2320 4525 2600 4578 κινεῖσθαι·
2659 4520 2791 4585 καθὸ
2854 4517 2912 4574 δὲ
2981 4517 3170 4592 μέλας,
3231 4515 3449 4589 ἐπείπερ
3529 4512 3742 4584 δυνάμει

367 4610 487 4659 tem
520 4605 702 4679 niger,
737 4607 1028 4677 siquidem
1079 4611 1339 4681 potentia
1384 4611 1443 4667 id
1473 4619 1617 4684 erat,
1650 4631 1783 4670 cum
1815 4614 1991 4687 nigre-

2115 4613 2426 4690 ἐτύγχανεν,
2484 4610 2562 4666 ὅτ’
2646 4608 2846 4685 ἤρξατο
2924 4605 3265 4682 μελαίνεσθαι
3315 4605 3428 4703 ,καὶ
3499 4604 3625 4703 ἀπὸ.
3655 4602 3743 4654 τοῦ

371 4694 568 4749 dinem
599 4696 941 4752 contrahere
970 4699 1162 4770 ccepit,
1196 4704 1369 4771 atque
1400 4701 1471 4756 ab
1521 4719 1586 4758 eo
1618 4704 1770 4774 quod
1805 4708 2007 4775 poten-

371 4780 453 4836 tia
483 4787 647 4854 niger
687 4788 829 4853 erat,
864 4786 934 4840 ad
985 4785 1043 4841 id
1075 4791 1139 4842 ut
1168 4792 1299 4843 actu
1331 4789 1497 4861 niger
1547 4791 1710 4846 fieret
1757 4791 2007 4847 adduce-

373 4869 582 4939 batur;
614 4875 739 4926 tum
774 4873 845 4928 ad
895 4875 1258 4948 nigredinem
1306 4879 1524 4934 moveri
1557 4880 1877 4936 dicebatur.
1907 4881 2003 4934 41

373 4963 564 5029 Atque
593 4960 692 5017 illa
721 4962 1043 5034 nigredinis
1088 4967 1428 5037 contractio,
1463 4972 1657 5024 motus
1685 4973 1848 5036 erat;
1883 4985 2010 5039 qua;

375 5051 542 5102 actus
568 5053 693 5104 erat
721 5050 1066 5109 Zosimionis
1111 5056 1369 5126 potentia
1415 5057 1587 5128 nigri,
1621 5061 1905 5129 quantum
1938 5058 2011 5112 ad

377 5137 696 5207 potentiam
727 5140 948 5209 attinet,
982 5142 1090 5198 hoc
1121 5150 1228 5213 est,
1263 5151 1552 5217 quatenus
1580 5146 1659 5201 ita
1713 5163 2012 5218 compara-

377 5229 477 5278 tus
506 5228 652 5292 erat,
681 5229 748 5279 ut
779 5227 944 5298 niger
980 5232 1105 5286 ﬁeri
1153 5239 1369 5304 posset.
1403 5235 1785 5307 Posteaquam
1819 5240 2014 5291 autem

378 5311 545 5382 niger
575 5312 762 5367 factus
792 5320 898 5380 est,
931 5334 1044 5373 non
1076 5322 1200 5390 jam
1233 5328 1518 5393 quantum
1550 5325 1622 5380 ad
1653 5323 2016 5397 nigredinem

381 5400 611 5467 attinet,
643 5403 1003 5474 movebatur,
1035 5409 1134 5463 sed
1163 5410 1220 5464 in
1255 5411 1553 5483 nigredine
1596 5412 1876 5469 constitit.
1912 5411 2016 5468 Eo-

380 5491 514 5544 dem
544 5488 726 5561 igitur
761 5491 936 5547 etiam
967 5497 1140 5552 modo
1171 5514 1342 5554 omne
1389 5502 1542 5571 quod
1577 5506 1710 5557 actu
1758 5506 1868 5570 est,
1901 5518 2019 5558 non

384 5581 672 5648 movetur,
704 5583 991 5649 quatenus
1022 5587 1155 5640 actu
1185 5591 1293 5641 est.

453 5685 508 5739 6.
539 5684 651 5739 Sed
699 5701 885 5758 neque
934 5690 1148 5746 moveri
1197 5691 1420 5764 aliquid
1463 5695 1699 5764 dicitur,
1732 5701 2022 5768 quatenus

2118 4689 2341 4774 δυνάμει
2421 4698 2590 4774 μέλας
2670 4699 2745 4754 εἰς
2818 4697 2880 4752 τὸ
2955 4695 3190 4771 ἐνεργείᾳ
3267 4692 3434 4768 μὲλας
3511 4689 3742 4766 γενέσθαι

2115 4793 2410 4868 προήγετο,
2440 4788 2551 4844 τότ’
2611 4788 2670 4842 ἂν
2729 4785 2814 4841 ἐπὶ
2869 4785 2932 4841 τὸ
2992 4783 3157 4858 μέλαν
3216 4780 3430 4859 ἐλέγετο
3475 4779 3742 4868 κινεῖσθαι.

2119 4865 2218 4936 Καὶ
2264 4880 2331 4948 ἦν
2379 4881 2414 4948 ἡ
2453 4875 2706 4951 μέλανσις
2757 4875 2990 4946 κίνησις,
3039 4873 3273 4951 ἐνέργεια
3329 4869 3461 4927 οὖσα
3511 4875 3609 4926 τοῦ
3664 4865 3744 4921 δυ-

2120 4971 2275 5043 νάμει
2311 4966 2542 5041 μέλανος
2589 4963 2955 5038 Ζωσιμίωνος,
3012 4963 3148 5018 κατὰ
3197 4963 3260 5017 τὸ
3303 4958 3550 5034 δυνάμει.
3599 4976 3742 5013 τουτ-

2122 5058 2230 5114 ἐστι
2287 5057 2417 5112 καθὸ
2471 5055 2722 5132 ἐπεφύκει
2790 5053 3030 5128 γενέσθαι
3101 5050 3289 5124 μὲλας.
3344 5052 3469 5104 Ὅτε
3517 5047 3565 5104 δ’
3613 5045 3744 5132 ἐνερ-

2120 5147 2238 5225 γείᾳ
2285 5145 2469 5221 γέγονε
2533 5131 2721 5217 μέλας,
2767 5142 2948 5197 οὗκέτι
3021 5141 3154 5195 κατὰ
3204 5139 3268 5194 τὸ
3329 5136 3498 5211 μέλαν
3579 5131 3744 5225 nveni-

2129 5218 2308 5309 μενοςή
2339 5218 2428 5302 ἦν’
2489 5231 2614 5289 ἀλλ’
2678 5228 2899 5300 ἕστηκεν
2947 5227 3000 5284 ἐν
3045 5232 3122 5299 τῷ
3173 5225 3388 5300 μέλανι.
3445 5226 3546 5280 Τὸν
3603 5218 3746 5309 αὐτὸν

2123 5303 2321 5400 τρόπον
2353 5319 2493 5396 (οὖν)
2546 5319 2633 5375 καί
2689 5325 2791 5374 πᾶν
2843 5317 3076 5394 ἐνεργείᾳ
3127 5314 3206 5388 ὃν,
3242 5313 3305 5369 οὗ
3351 5317 3578 5369 κινεῖται
3629 5303 3744 5364 καθό

2126 5412 2265 5468 ἐστιν
2299 5409 2555 5488 ἐνεργείᾳ.

2202 5697 2268 5761 ς’.
2301 5693 2458 5752 Ἀλλ’
2505 5690 2631 5748 οὐδὲ
2683 5690 2817 5756 καθὸ
2865 5688 3086 5764 δυνάμει
3136 5686 3336 5763 λέγοιτ’
3383 5682 3441 5740 ἄν
3491 5704 3544 5740 τι
3594 5679 3743 5738 κινεῖ-

385 5772 648 5846 potentia
677 5777 784 5841 est,
803 5775 941 5832 dum
974 5777 1032 5833 in
1065 5781 1324 5851 potentia
1345 5786 1575 5838 tantum
1596 5789 1793 5840 manet
1820 5790 1879 5840 et
1901 5784 1988 5842 sol

2132 5787 2272 5859 σθαι,
2317 5786 2473 5858 μένον
2524 5779 2743 5855 δυνάμει
2795 5779 2975 5855 μόνως
3029 5777 3117 5833 καὶ
3173 5775 3310 5851 μόνῃ
3363 5768 3746 5844 ἐπιτηδειότητι

387 5859 717 5935 aptitudine
745 5867 1118 5936 cognocitur
1151 5886 1164 5924 :
1196 5886 1396 5928 verum
1441 5873 1675 5943 quando
1703 5890 1738 5930 a
1765 5874 1986 5945 potenti

2131 5874 2550 5956 γνωριζόμενον.
2603 5868 2761 5927 Ἀλλ’
2809 5868 2932 5926 ὅταν
3001 5866 3107 5922 ἀπὸ
3180 5868 3276 5920 τοῦ
3323 5859 3545 5938 δύνᾶμιι
3595 5873 3748 5935 μετα·
