4024 6454
290 513 446 579 1053

1608 521 1955 587 EPITOME
1996 522 2353 586 PHYSICA.

3522 520 3676 585 1054

291 641 473 723 ϐάλλῃ
515 647 578 703 τὸ
628 646 863 727 ἐνεργείᾳ
916 649 1072 723 μένον
1123 646 1199 705 ἔτι
1248 647 1504 725 δυνάμει,
1554 653 1675 709 τότε
1718 651 1919 731 λέγεται

2042 671 2172 712 esse
2203 657 2275 711 ad
2308 659 2436 712 actu
2468 672 2597 712 esse
2625 659 2908 726 movetur,
2926 670 3059 711 cum
3080 652 3314 710 interim
3335 652 3527 710 adhuc
3548 669 3677 710 esse

287 738 569 794 κινεῖσθαι.
628 739 727 794 Διά
778 760 864 793 τοι
916 744 1076 795 τοῦτο
1134 740 1440 815 πρόσκειτα⁹
1488 747 1567 815 τῷ
1619 746 1718 811 τῆς
1773 744 1927 811 κινή-

289 846 423 887 σεως
471 826 684 902 ὁρισμῷ
736 828 799 882 τὸ
852 828 1184 899 ᾖτοιοῦτον,
1235 826 1403 904 ἤγουν
1436 832 1499 886 τὸ
1542 832 1675 886 καθὸ
1706 828 1927 904 δυνάμει

291 913 428 969 ἐστίν
483 912 570 970 ἵνα
607 915 702 971 κᾶν
749 921 827 989 τῷ
892 918 1229 991 ὑποκειμένῳ
1281 921 1470 974 ταυτὸν
1514 920 1551 995 ᾖ
1600 922 1660 974 τὸ
1705 918 1930 993 δυνάμει

287 1003 377 1058 καὶ
433 1004 494 1059 τὸ
551 1003 806 1081 ἐνεργείᾳ·
858 1008 993 1061 κατὰ
1045 1007 1110 1062 τὸ
1164 1005 1383 1081 δυνάμει
1440 1008 1698 1083 γινομένη
1752 1011 1787 1078 ἡ
1844 1008 1927 1063 κί-

287 1112 438 1161 νησις
493 1094 752 1170 θεωροῖτο
786 1112 799 1125 ·
856 1095 946 1149 καὶ
1022 1092 1128 1158 ἕως
1183 1095 1241 1151 ἂν
1314 1093 1390 1152 ἔτι
1444 1099 1809 1173 περισώζηται
1866 1098 1928 1152 τὸ

290 1178 560 1253 δυνάμει.
610 1181 814 1237 Τούτου
868 1184 980 1260 γὰρ
1027 1182 1231 1247 τελέως
1291 1184 1668 1259 ἀπολουμένου
1719 1186 1929 1257 κίνησις

289 1268 388 1325 οὐκ
441 1268 588 1328 ἔστι.
629 1272 698 1325 Τὸ
744 1272 848 1349 γάρ
896 1258 1136 1349 ἐνεργείᾳ
1181 1270 1482 1349 γενόμενον
1512 1258 1737 1329 καθόσον
1783 1274 1925 1351 ἐνερ-

284 1357 422 1433 γείᾳ,
473 1356 572 1413 οὐκ
618 1356 670 1412 ἐν
721 1361 929 1430 κινήσει
978 1359 1138 1414 ἐστίν·
1188 1359 1239 1414 ἐν
1291 1360 1466 1415 στάσει
1518 1358 1575 1415 δὲ
1620 1359 1709 1416 καί
1763 1366 1924 1436 μονῇ.

286 1446 391 1501 Κάν
439 1445 618 1520 τούτῳ
659 1450 694 1517 ἡ
743 1447 954 1517 κίνησις
998 1446 1243 1528 διαφέροι
1296 1449 1354 1504 ἂν
1421 1454 1517 1504 τοῦ
1587 1448 1826 1527 ἐνεργείᾳ
1869 1472 1928 1506 τε

284 1535 374 1590 καὶ
428 1542 531 1605 τῆς
584 1534 801 1599 τελείας
876 1536 1140 1613 ἐνεργείας
1175 1558 1187 1571 ·
1249 1536 1330 1593 ὅτι
1408 1538 1495 1594 ἐπὶ
1568 1540 1661 1611 μὲν
1718 1538 1924 1594 τούτων

283 1619 536 1700 ἔφθαρται
590 1625 654 1679 τὸ
711 1622 950 1698 δυνάμει’
1013 1625 1100 1681 ἐπὶ
1152 1623 1210 1680 δὲ
1255 1629 1353 1695 τῆς
1409 1629 1694 1699 κινήσεως,
1740 1628 1923 1701 μένον-

282 1734 376 1776 τος
432 1721 527 1769 τοῦ
606 1711 826 1788 δυνάμει
895 1717 994 1784 τῆς
1061 1718 1327 1786 κινήσεως
1402 1716 1725 1772 ἐπιτελεῖται
1777 1716 1923 1793 ἐνέρ-

282 1823 420 1877 γεια.
1254 1866 1259 1871 .

356 1892 427 1960 ζ’.
488 1890 662 1948 Πάλιν
722 1891 934 1963 κίνησίς
992 1891 1131 1947 ἐστιν
1188 1892 1495 1968 ἐντελέχεια
1548 1916 1646 1949 του
1700 1897 1925 1964 κινητοῦ

280 1978 317 2053 ᾖ
365 1981 609 2049 κινητὸν,
656 1977 829 2056 ἤγουν
877 1979 1115 2056 ἐνέργεια
1169 1983 1441 2052 παθητική
1488 1986 1582 2037 τοῦ
1629 1981 1923 2056 δυναμένου
1955 2023 2003 2089 Β

338 2068 367 2089 λ
480 2088 483 2089 ν
617 2068 629 2089 ι
931 2076 992 2089 ,η
1073 2069 1084 2089 ι
1342 2070 1355 2084 ι
1575 2066 1605 2089 ρ
1645 2068 1666 2089 κ
1711 2076 1733 2086 ..
1830 2070 1845 2089 ,
1902 2072 1916 2089 κ

280 2068 368 2123 καὶ
425 2068 728 2146 πεφυκότος
798 2069 1085 2139 κινηθῆναί
1154 2090 1214 2124 τε
1270 2070 1357 2124 καὶ
1437 2066 1759 2143 μεταϐαλεῖν
1820 2070 1925 2126 ἀπὸ

202 2212 207 2215 .
284 2154 442 2212 τοῦδε
490 2156 566 2219 εἰς
609 2154 755 2229 τόδε,
802 2159 936 2222 καθὸ
986 2156 1202 2213 δύναται
1252 2159 1341 2213 καὶ
1389 2158 1640 2237 πέφυκεν,
1689 2158 1751 2214 οὗ
1792 2161 1925 2224 καθὸ

284 2242 393 2316 ἤδη
446 2242 609 2302 ἔστιν.
659 2246 722 2301 Εἰ
775 2244 833 2301 δὲ
878 2251 976 2300 τοῦ
1025 2251 1249 2317 κινητοῦ
1293 2246 1401 2303 ἐστι
1443 2248 1669 2319 τοιαύτη
1720 2248 1925 2305 ἐντελέ-

284 2353 412 2409 χεια
453 2336 488 2404 ἡ
548 2333 778 2407 κίνησις,
828 2333 996 2404 δῆλον
1039 2335 1113 2398 ὡς
1164 2334 1263 2390 ούκ
1304 2335 1355 2391 ἐν
1398 2340 1477 2409 τῷ
1506 2340 1765 2411 κινοῦντι,
1798 2335 1923 2393 ἀλλ’

283 2421 335 2477 ἐν
390 2426 470 2495 τῷ
526 2424 826 2497 κινουμένῳ
883 2423 1042 2480 ἐστίν.
1102 2424 1166 2479 Εἰ
1225 2422 1282 2479 δὲ
1328 2427 1363 2493 ἠ
1413 2424 1596 2498 ὅρασις
1627 2424 1724 2481 οὐκ
1762 2425 1815 2481 ἐν
1844 2430 1924 2498 τῷ

283 2511 548 2588 ὁρωμένῳ
579 2558 593 2584 ,
654 2510 779 2567 ἀλλ’
853 2512 906 2567 ἐν
975 2517 1054 2585 τῷ
1129 2515 1323 2586 ὁρῶντι
1387 2516 1727 2591 τυγχάνουσα
1772 2563 1788 2589 ,
1869 2515 1920 2570 ἐν

278 2605 359 2672 τῷ
404 2604 643 2656 κινοῦντι
691 2601 822 2656 εἶναι
871 2601 961 2656 καὶ
1006 2606 1252 2657 ποιοῦντι
1301 2600 1468 2657 δοκεῖ·
1513 2601 1637 2658 ἀλλ’
1690 2603 1792 2659 ὑπὸ
1820 2611 1921 2674 τῆς

282 2688 477 2762 λέξεως
530 2692 565 2760 ἡ
625 2689 800 2759 ἀπάτη
858 2690 1273 2769 προφερομένης
1349 2692 1443 2764 μὲν
1517 2691 1874 2769 ἐνεργητικῶς
1906 2739 1920 2765 ,

282 2776 433 2833 ούδὶν
493 2776 538 2833 δ’
590 2778 752 2854 ἧττον
811 2776 1089 2849 δηλούσης
1156 2786 1379 2857 πρᾶγμα
1433 2781 1749 2852 παθητικόν.
1810 2787 1920 2837 Πᾶν

279 2868 382 2943 γὰρ
435 2868 543 2940 (τὸ)
598 2867 980 2942 αἰσθανόμενον
1049 2867 1249 2945 πάσχει
1322 2869 1410 2925 καὶ
1467 2869 1527 2924 ού
1585 2875 1777 2925 ποιεῖ’
1837 2868 1921 2925 διὸ

279 2956 433 3025 καὶὴ
493 2955 677 3033 ὅρασις
737 2956 789 3012 ἐν
843 2963 921 3030 τῷ
978 2958 1175 3034 ὁρῶντι
1235 2956 1385 3025 οὖσα,
1439 2958 1491 3013 ἐν
1536 2964 1615 3031 τῷ
1654 2958 1919 3035 πάσχοντι

281 3042 415 3116 (καὶ)
490 3042 795 3117 κινουμένῳ
874 3043 1006 3111 ἐστὶ,
1080 3045 1256 3107 καθὼς
1308 3045 1397 3099 καὶ
1451 3046 1506 3100 αἱ
1574 3042 1762 3101 λοιπαὶ
1811 3051 1917 3101 τῶν

281 3130 580 3201 αἰσθήσεων
630 3131 682 3187 ἐν
738 3137 855 3195 τοῖς
914 3132 1321 3207 αἰσθανομένοις
1381 3133 1529 3188 εἰσίν’
1592 3135 1699 3211 οὐχ
1746 3136 1820 3197 ὡς
1867 3134 1917 3189 ἐν

280 3219 487 3291 κινοῦσί
513 3241 572 3275 τε
620 3219 709 3275 καὶ
758 3225 1026 3292 ποιοῦσιν,
1075 3218 1204 3277 ἀλλ’
1249 3222 1323 3284 ὡς
1375 3221 1427 3277 ἐν
1462 3222 1800 3295 κινουμένοις
1832 3224 1921 3279 καὶ

280 3309 573 3385 πάσχουσι.
647 3325 653 3333 '

358 3577 431 3647 η’.
464 3577 563 3631 Καὶ
593 3574 764 3638 ἄλλος
796 3575 882 3630 καὶ
916 3575 1078 3653 λόγος
1132 3574 1448 3633 ἀποδίδοται
1497 3581 1593 3648 τῆς
1635 3581 1918 3653 κινήσεως,

276 3661 533 3719 δεικνύων
597 3662 764 3732 αὐτὴν
816 3668 913 3719 τοῦ
952 3685 1227 3728 κινουντος
1279 3666 1369 3720 καὶ
1422 3671 1707 3730 ποιοῦντος
1759 3666 1919 3724 οὖσαν

272 3751 475 3826 κυρίως
535 3751 797 3829 ἐνέργειαν
834 3798 848 3823 ,
905 3751 994 3807 καὶ
1066 3752 1158 3807 ἀπ’
1209 3753 1374 3809 αὐτοῦ
1444 3755 1539 3827 μὲν
1603 3755 1919 3833 ἀρχομένην

272 3862 332 3896 τε
373 3841 463 3896 καὶ
521 3838 917 3914 ἐνδιδομένην,
978 3840 1431 3916 ἐνστηριζομένην
1490 3841 1548 3899 δὲ
1598 3845 1687 3900 καὶ
1748 3845 1919 3921 ἐμμέ-

272 3950 460 3985 νουσαν
512 3934 593 4002 τῷ
649 3928 951 4004 κινουμένῳ
1006 3930 1095 3985 καὶ
1152 3930 1474 4007 πάσχονται.
1532 3934 1590 3987 '0
1647 3931 1705 3989 δὲ
1757 3933 1918 4012 λόγος

269 4022 541 4081 τοιοῦτος·
607 4015 828 4089 Κίνησίς
892 4019 1032 4075 ἐστιν
1094 4018 1330 4096 ἐνέργεια
1385 4026 1482 4075 τοῦ
1534 4027 1810 4086 κινοῦντος
1864 4023 1915 4079 ἐν

268 4111 349 4180 τῷ
401 4108 710 4181 κινουμένῳ
744 4149 755 4162 .
816 4107 915 4163 Καὶ
976 4109 1079 4184 γὰρ
1155 4110 1190 4177 ἡ
1252 4105 1607 4183 οἰκοδόμησις
1683 4111 1918 4188 ἐνέργειά

271 4217 381 4252 εστι
423 4201 521 4251 τοῦ
566 4193 991 4269 οἰκοδομοῦντος
1048 4196 1101 4252 ἐν
1157 4202 1237 4270 τῷ
1296 4196 1768 4274 οἰκοδομουμένῳ’
1827 4201 1916 4256 καὶ

271 4285 538 4362 ἰάτρευσις
606 4283 841 4362 ἐνέργεια
887 4290 984 4340 τοῦ
1033 4284 1373 4361 ἰατρεύοντος
1429 4288 1481 4343 ἐν
1534 4293 1614 4361 τῷ
1672 4289 1914 4366 ἰάτρευο-

271 4373 438 4448 μένῳ.
497 4371 676 4428 ’Δλλο
736 4371 793 4429 δέ
849 4373 987 4429 ἐστιν
1044 4372 1403 4449 οἰκοδόμησις
1458 4378 1549 4431 καὶ
1609 4376 1911 4454 ἰάτρευσις·

263 4464 355 4519 καὶ
414 4460 555 4519 ἄλλο
606 4463 668 4518 τὸ
732 4460 1120 4537 ᾠκοδομῆσθαι
1175 4464 1266 4518 καὶ
1316 4464 1641 4539 ἰατρεῦσθαι.
1696 4468 1758 4522 Ἡ
1818 4468 1913 4540 μὲν

262 4554 366 4630 γὰρ
421 4548 780 4625 οἰκοδόμησις
836 4552 925 4607 καὶ
985 4552 1250 4629 ἰάτρευσις
1307 4552 1360 4608 ἐν
1425 4558 1505 4627 τῷ
1562 4555 1797 4631 γίνεσθαι
1852 4558 1915 4612 τὸ

266 4640 403 4696 εἶναι
461 4635 671 4717 ἔχουσι’
730 4639 1051 4715 τουτέστιν,
1111 4641 1162 4696 ἐν
1232 4646 1311 4715 τῷ
1374 4640 1776 4717 οἰκοδομεῖσθαι
1853 4646 1914 4700 τὸ

264 4728 905 4820 οἰκοδομούμενᾼονίκαί
960 4730 1012 4785 ἐν
1067 4735 1148 4803 τῷ
1198 4730 1526 4820 ἰατρεύεσθαι
1574 4732 1638 4787 τὸ
1679 4732 1917 4811 ἰατρευό-
1944 4754 1992 4820 D

267 4838 467 4892 μενον.
528 4818 601 4873 Τὸ
659 4814 704 4872 δ’
761 4815 1149 4892 ᾠκοδομῆσθαι
1219 4820 1310 4875 καὶ
1372 4819 1674 4896 ἰατρεῢσθαι
1732 4820 1782 4877 ἐν
1835 4828 1915 4895 τῷ

259 4905 503 4984 γενέσθαι
550 4906 615 4961 τὸ
666 4905 798 4961 εἶναι
849 4901 1213 4980 λαμϐάνουσι.
1268 4909 1365 4963 Διὸ
1419 4909 1509 4963 καὶ
1557 4906 1912 4984 οἰκοδόμησις

264 4994 360 5068 μὲν
390 4994 481 5050 καὶ
535 4994 800 5070 ἰάτρευσις
848 4997 1089 5066 κινήσεις
1146 4995 1265 5050 εἰσίο
1312 4998 1375 5052 τὸ
1421 4994 1469 5052 δ’
1517 4995 1911 5073 ᾠκοδομῆσθαι

258 5084 352 5139 καὶ
411 5082 723 5159 ἰατρεῦσθαι
773 5084 1085 5154 κεκινῆσθαί
1143 5083 1304 5142 ἐστιν.
1368 5086 1435 5140 Αἱ
1493 5084 1595 5162 ἄρα
1651 5084 1913 5151 διαθέσεις

260 5174 316 5228 αἱ
395 5172 502 5227 ἀπὸ
575 5176 682 5227 τῶν
760 5175 1023 5244 κινήσεων
1106 5173 1450 5249 ἐγγινόμεναι
1519 5178 1759 5247 κινήσεις
1814 5176 1914 5232 οὐκ

258 5260 417 5334 εἰσὶν,
453 5258 579 5316 ἀλλ’
611 5260 1024 5335 ἀποτελέσματα
1048 5266 1155 5317 τῶν
1188 5265 1474 5334 κινήσεων.

336 5350 399 5405 θ’.
433 5349 583 5405 Ἐπεὶ
626 5348 684 5405 δὲ
728 5352 764 5419 ἡ
813 5349 1027 5421 κίνησις
1073 5350 1125 5405 ἐν
1178 5356 1258 5423 τῷ
1303 5351 1610 5427 κινουμένῳ
1658 5354 1761 5408 ὑπὸ
1813 5358 1910 5409 τοῦ

254 5437 533 5501 κινοῦντός
588 5436 730 5493 ἐστιν
763 5484 778 5511 ,
838 5438 913 5501 ὡς
992 5440 1086 5513 μὲν
1167 5439 1218 5494 ἐν
1295 5444 1376 5513 τῷ
1443 5442 1700 5515 κινουένῳ
1757 5441 1906 5516 οὖσα,

2039 744 2296 816 potentia
2322 748 2575 812 maneat,
2607 749 2733 799 tum
2763 744 2977 800 moveri
3007 741 3237 799 dicitur.
3252 743 3563 815 Propterea
3583 743 3679 798 de-

2038 831 2288 887 ﬁnitioni
2310 838 2504 889 motus
2527 834 2817 905 adjectum
2839 837 2947 900 est,
2971 837 3281 904 quaternus
3302 832 3419 887 tale
3441 836 3550 899 est,
3566 831 3676 888 hoc

2037 926 2143 988 est,
2177 926 2466 993 quatenus
2526 923 2784 994 potentia
2839 926 2964 990 est;
3016 926 3098 988 ut,
3131 920 3364 977 tametsi
3412 920 3673 991 subjecto

2038 1010 2191 1066 idem
2223 1010 2361 1079 sint,
2390 1012 2543 1083 quod
2572 1012 2830 1085 potentia
2856 1016 2914 1067 et
2933 1015 3062 1066 actu
3095 1014 3220 1079 est;
3254 1013 3448 1066 motus
3476 1014 3673 1066 tamen

2038 1100 2227 1171 quoad
2257 1116 2385 1156 esse
2414 1102 2676 1173 potentia
2719 1102 2918 1156 factun
2949 1100 3368 1164 consideretur,
3399 1103 3457 1155 et
3484 1115 3672 1170 quan-

2038 1188 2135 1243 diu
2185 1187 2381 1260 ipsum
2433 1190 2691 1261 potentia
2739 1207 2868 1245 esse
2926 1188 3220 1245 incolume
3275 1192 3667 1244 conservatur.

2035 1280 2154 1332 Hoc
2201 1278 2357 1333 enim
2407 1294 2649 1350 prorsus
2697 1278 3041 1351 interempto
3089 1294 3206 1333 non
3257 1277 3554 1348 [amplius]
3585 1281 3675 1333 est

2037 1369 2252 1421 motus.
2284 1365 2444 1429 Quod
2476 1366 2629 1422 enim
2664 1370 2796 1423 actu
2825 1383 2951 1423 esse
2981 1370 3357 1422 consecutum
3388 1370 3497 1432 est,
3529 1382 3672 1436 qua-

2036 1456 2207 1510 tenus
2238 1458 2368 1509 actu
2410 1458 2520 1522 est,
2549 1471 2664 1510 non
2703 1459 2793 1510 est
2838 1455 2899 1510 in
2947 1459 3131 1522 motu,
3163 1455 3265 1510 sed
3312 1454 3371 1510 in
3411 1457 3564 1510 statu
3616 1457 3673 1509 et

2035 1542 2382 1598 constantia.
2413 1544 2599 1614 Atque
2630 1543 2689 1598 in
2720 1542 2830 1599 hoc
2859 1547 3050 1599 motus
3071 1544 3145 1599 ab
3165 1560 3230 1600 eo
3252 1543 3407 1614 quod
3430 1546 3520 1599 est
3537 1546 3668 1598 actu

2034 1634 2092 1686 et
2116 1631 2189 1686 ab
2213 1633 2340 1703 ipso
2372 1631 2624 1703 perfecto
2654 1636 2787 1687 actu
2823 1631 3050 1700 differt;
3083 1633 3183 1688 42
3216 1632 3369 1704 quod
3401 1631 3461 1686 in
3491 1630 3581 1687 bis
3611 1630 3669 1686 id

2036 1720 2191 1792 quod
2223 1719 2484 1791 potentia
2522 1726 2631 1787 est,
2667 1720 2889 1776 interiit
2919 1738 2934 1789 ;
2984 1721 3043 1776 in
3089 1724 3249 1777 motu
3297 1723 3511 1787 autem,
3545 1737 3670 1776 ma-

2035 1813 2209 1863 nente
2240 1825 2306 1864 eo
2338 1809 2492 1880 quod
2523 1813 2612 1864 est
2643 1810 2921 1880 potentia,
2953 1812 3148 1865 motus
3178 1809 3328 1865 actio
3352 1809 3669 1881 perﬁcitur.

2102 1900 2156 1951 7.
2216 1898 2493 1968 Rursum,
2549 1902 2741 1954 motus
2799 1903 2890 1955 est
2944 1896 3266 1955 entelechia
3335 1897 3570 1955 mobilis
3601 1900 3667 1967 ι’,

2034 1987 2322 2054 quatenus
2351 1988 2441 2039 est
2471 1984 2706 2055 mobile,
2740 1984 2847 2040 hoc
2884 1991 2991 2057 est,
3023 1990 3190 2041 actus
3239 1986 3507 2058 passivus
3544 1987 3673 2058 ejus

2034 2072 2189 2143 quod
2222 2073 2481 2144 potentia
2528 2076 2637 2141 est,
2670 2076 2727 2128 et
2771 2072 2851 2129 ita
2892 2077 3103 2130 natura
3147 2079 3573 2147 comparatum,
3605 2078 3671 2131 ut

2034 2161 2251 2216 moveri
2300 2166 2358 2216 et
2403 2163 2475 2218 ab
2520 2162 2628 2217 hoc
2657 2162 2717 2217 in
2750 2162 2859 2218 hoc
2889 2162 3105 2219 mutari
3144 2164 3347 2236 possit,
3380 2167 3670 2235 quatenus

2034 2252 2224 2321 potest
2265 2254 2322 2305 et
2369 2254 2578 2305 natura
2625 2255 3026 2322 comparatum
3058 2255 3167 2319 est,
3218 2268 3334 2307 non
3382 2256 3669 2324 quatenus

2024 2338 2151 2408 jam
2182 2342 2287 2394 est.
2323 2339 2485 2403 Quod
2514 2338 2561 2393 si
2594 2342 2788 2394 autem
2820 2344 3016 2395 motus
3045 2343 3134 2395 est
3180 2340 3468 2411 ejusmodi
3509 2344 3670 2396 ente-

2032 2425 2220 2481 lechia
2269 2427 2349 2482 rei
2399 2426 2634 2483 mobilis
2658 2428 2724 2494 5°,
2769 2428 3146 2483 manifestum
3203 2432 3310 2497 est,
3361 2444 3494 2484 eum
3553 2445 3670 2484 non

2031 2513 2092 2568 in
2145 2522 2431 2581 movente,
2480 2516 2583 2570 sed
2637 2515 2697 2571 in
2756 2532 2822 2571 eo
2879 2516 3034 2587 quod
3093 2520 3378 2583 movetur,
3420 2532 3568 2572 esse.
3602 2516 3672 2573 Et

2032 2602 2083 2658 si
2137 2619 2271 2658 vero
2301 2604 2336 2671 ἡ
2369 2596 2577 2677 ὅρασις,
2636 2603 2694 2658 id
2728 2608 2817 2660 est
2843 2604 3010 2676 visio,
3051 2620 3179 2676 quae
3237 2621 3351 2660 non
3404 2605 3463 2661 in
3521 2605 3666 2675 viso,

2031 2691 2133 2746 sed
2164 2691 2223 2745 in
2250 2690 2476 2747 vidente
2506 2692 2751 2762 exsistit,
2781 2692 2840 2746 in
2875 2697 3138 2749 movente
3177 2699 3235 2749 et
3283 2697 3492 2765 agente
3540 2710 3669 2750 esse

2028 2778 2291 2846 videtur;
2325 2779 2583 2851 deceptio
2614 2784 2810 2835 tamen
2832 2798 2868 2837 a
2889 2780 3139 2838 dictione
3164 2782 3369 2850 oritur,
3393 2798 3519 2854 quae
3541 2782 3668 2854 qui-

2031 2868 2163 2923 dem
2195 2868 2275 2923 ita
2313 2870 2604 2941 profertur
2644 2869 2813 2941 quasi
2856 2869 3141 2926 actionem
3173 2869 3478 2942 significet,
3512 2870 3665 2926 nihi-

2029 2955 2287 3012 lominus
2317 2962 2512 3013 tamen
2561 2974 2684 3013 rem
2734 2958 3025 3029 passivam
3064 2958 3338 3015 declarat.
3371 2959 3663 3030 Quidquid

2029 3045 2184 3100 enim
2234 3047 2430 3115 sentit,
2462 3046 2681 3118 patitur
2725 3052 2784 3103 et
2831 3063 2945 3103 non
2995 3048 3132 3120 agit.
3175 3047 3537 3119 Quapropter
3581 3052 3667 3104 et-

2029 3132 2147 3189 iam
2176 3134 2321 3189 visio
2352 3135 2485 3191 licet
2527 3133 2586 3189 in
2634 3135 2868 3191 vidente
2915 3135 3009 3204 sit,
3042 3140 3238 3192 tamen
3287 3136 3347 3192 in
3390 3137 3663 3209 patiente,

2029 3239 2213 3295 eoque
2259 3224 2415 3295 quod
2466 3230 2753 3292 movetur,
2785 3229 2917 3281 est:
2954 3226 3448 3297 quemadmodum
3488 3226 3665 3283 etiam

2030 3311 2238 3385 reliqui
2293 3329 2503 3369 sensus
2560 3312 2620 3368 in
2668 3313 3054 3370 sentientibus
3110 3319 3269 3383 sunt,
3324 3331 3439 3370 non
3489 3318 3555 3371 ut
3604 3314 3664 3370 in

1947 3388 1991 3455 C
2029 3400 2397 3457 moventibus
2427 3404 2485 3457 et
2512 3402 2840 3475 agentibus,
2874 3403 2974 3459 sed
3021 3406 3087 3457 ut
3132 3402 3193 3457 in
3239 3402 3310 3459 iis
3363 3419 3491 3475 qua;
3532 3419 3653 3459 mo-

2027 3495 2237 3545 ventur
2265 3494 2325 3545 et
2354 3481 2656 3561 patiuntur
2682 3492 2749 3545 ⁵1.

2102 3581 2155 3634 8.
2186 3582 2255 3634 Et
2283 3578 2398 3635 alia
2426 3596 2558 3635 vero
2578 3579 2754 3635 etiam
2787 3583 2981 3636 motus
3012 3580 3274 3636 deﬁnitio
3306 3580 3663 3655 assignatur,

2030 3684 2157 3738 qua
2186 3668 2441 3724 ostendit
2473 3669 2667 3739 ipsum
2699 3668 2986 3724 moventis
3016 3678 3071 3724 et
3100 3668 3404 3725 efﬁcientis
3435 3670 3666 3743 proprie

2031 3761 2226 3813 actum
2255 3773 2404 3827 esse,
2436 3760 2503 3813 ut
2533 3756 2632 3828 qui
2662 3758 2763 3813 48
2795 3757 2866 3813 ab
2897 3756 3025 3828 ipso
3074 3756 3312 3828 quidem
3342 3757 3583 3829 incipiat
3609 3762 3668 3814 et

2029 3844 2339 3911 tribuatur,
2371 3845 2429 3899 in
2480 3861 2547 3900 eo
2587 3849 2785 3900 autem
2819 3845 2974 3917 quod
3014 3850 3275 3901 movetur
3321 3850 3379 3902 et
3424 3846 3664 3919 patitur,

2028 3931 2304 3988 fulciatur
2323 3937 2381 3989 et
2401 3937 2655 3989 maneat.
2676 3933 3020 4006 Hujusmodi
3044 3938 3239 3990 autem
3269 3938 3360 3991 est
3383 3934 3662 4000 deﬁnitio;

2027 4021 2219 4077 Motus
2249 4025 2337 4078 est
2365 4026 2531 4077 actus
2560 4022 2688 4093 ejus
2720 4023 2875 4094 quod
2907 4026 3097 4079 movet
3124 4021 3186 4077 in
3211 4037 3280 4078 eo
3301 4023 3455 4095 quod
3477 4040 3665 4081 move-

2025 4113 2141 4164 tur.
2174 4110 2498 4167 A'idificatio
2551 4110 2708 4165 enim
2758 4115 2923 4166 actus
2969 4113 3058 4166 est
3103 4110 3444 4168 ediﬁcantis
3489 4112 3548 4167 in
3596 4129 3662 4169 eo

2027 4199 2182 4269 quod
2214 4198 2531 4254 aedificatur
2555 4216 2568 4254 :
2601 4203 2659 4254 et
2686 4199 2912 4255 sanatio
2940 4203 3030 4255 est
3047 4204 3213 4256 actus
3232 4200 3495 4257 eanantis
3513 4200 3573 4256 in
3596 4217 3662 4259 eo

2025 4288 2181 4359 quod
2214 4293 2475 4343 sanatur.
2496 4286 2668 4343 Aliud
2691 4291 2885 4344 autem
2910 4292 2998 4343 est
3015 4287 3316 4345 aediﬁcatio
3336 4293 3394 4344 et
3411 4289 3659 4345 sanatio:

2025 4375 2300 4448 aliudque
2340 4377 2689 4432 aediﬁcatum
2738 4381 2796 4432 et
2841 4381 3111 4432 sanatum
3161 4392 3308 4433 esse.
3338 4377 3661 4434 Ediﬂcatio

2024 4464 2179 4521 enim
2210 4469 2267 4521 et
2296 4465 2523 4521 sanatio
2567 4465 2627 4520 in
2677 4466 2803 4536 ipso
2851 4465 2976 4521 ﬁeri
3024 4482 3199 4520 suum
3248 4481 3375 4521 esse
3405 4465 3656 4532 habent;

2022 4553 2133 4610 hoc
2159 4559 2267 4622 est,
2298 4554 2358 4609 in
2390 4571 2455 4609 eo
2487 4555 2628 4609 dum
2660 4553 2983 4609 aediﬁcatur
3010 4554 3068 4609 id
3115 4555 3269 4626 quod
3317 4554 3655 4623 aedificatur,

2022 4648 2082 4699 et
2110 4643 2251 4698 dum
2283 4647 2526 4697 sanatur
2553 4642 2610 4697 id
2650 4642 2801 4713 quod
2833 4646 3093 4697 sanatur.
3144 4644 3217 4697 At
3244 4658 3378 4698 vero
3407 4642 3657 4699 aediﬁca-

2022 4735 2150 4786 tum
2181 4736 2238 4787 et
2266 4736 2534 4788 sanatum
2564 4746 2714 4798 esse,
2741 4747 2811 4786 ex
2838 4729 2948 4786 hoc
2978 4731 3132 4802 quod
3162 4730 3313 4786 facta
3339 4735 3496 4797 sunt,
3528 4746 3657 4788 esse

2024 4819 2334 4891 accipiunt.
2370 4821 2729 4891 Quapropter
2782 4819 2955 4875 etiam
2986 4817 3286 4875 zediiicatio
3327 4822 3386 4874 et
3430 4819 3655 4877 sanatio

2023 4912 2219 4964 motus
2248 4912 2386 4964 sunt
2418 4926 2431 4963 :
2463 4909 2814 4964 aedificatum
2866 4910 3061 4963 autem
3108 4911 3167 4963 et
3208 4912 3480 4963 sanatum
3527 4924 3657 4965 esse

2022 5001 2247 5053 motum
2279 5013 2426 5053 esse.
2459 4996 2812 5052 Aii'ectiones
2842 4996 3039 5067 itaque
3067 5012 3192 5066 qua:
3221 4995 3423 5051 insunt
3449 5012 3519 5053 ex
3539 5013 3658 5054 mo-

2019 5084 2201 5152 tibus,
2235 5102 2349 5141 non
2372 5089 2511 5141 sunt
2540 5089 2754 5157 motus,
2786 5085 2886 5140 sed
2909 5083 3114 5140 effecta
3144 5089 3432 5140 motuum.

2088 5353 2143 5409 9.
2178 5351 2462 5417 Quoniam
2495 5355 2692 5408 autem
2724 5355 2922 5408 motus
2953 5354 3043 5407 est
3079 5351 3140 5407 in
3187 5368 3255 5408 eo
3286 5352 3440 5424 quod
3466 5368 3502 5407 a
3531 5368 3655 5409 mo-

2016 5444 2186 5498 vente
2220 5444 2521 5507 movetur;
2572 5444 2639 5495 ut
2686 5439 2922 5512 quidem
2970 5439 3031 5495 in
3080 5457 3147 5496 eo
3193 5440 3347 5513 quod
3394 5443 3659 5497 movetur

254 5528 532 5597 παθητική
589 5547 650 5581 τε
693 5526 784 5583 καὶ
840 5524 1043 5598 ἀτελὴς
1097 5526 1335 5605 ἐνέργεια
1391 5528 1606 5606 λέγεται
1639 5574 1652 5588 .
1712 5532 1907 5609 Διόπερ

2034 5529 2264 5597 axsistit,
2324 5528 2592 5600 passivus
2668 5533 2727 5585 et
2790 5527 3169 5601 imperfectus
3223 5532 3391 5585 actus
3445 5528 3659 5586 dicitur

253 5612 345 5668 καὶ
402 5614 464 5669 τὸ
517 5612 833 5689 κινούμενον
887 5612 1020 5691 ὅπερ
1064 5614 1175 5670 ἐστὶ
1226 5615 1290 5671 τὸ
1334 5612 1580 5691 δυνάμει,
1619 5619 1821 5695 πάσχει
1850 5639 1910 5674 τε

2041 5616 2515 5691 quandoquidem
2586 5618 2763 5674 etiam
2821 5617 2976 5693 quod
3035 5621 3323 5693 movetur,
3381 5616 3491 5673 hoc
3543 5619 3653 5674 est.

326 5829 374 5865 ἰθ
399 5829 434 5884 3
462 5826 633 5900 Phys.
666 5844 717 5885 c.
746 5830 802 5898 2,
833 5832 876 5885 t.
909 5829 995 5884 16.
1071 5829 1118 5865 ⁶⁰
1143 5830 1180 5885 2
1208 5828 1381 5903 Phys.
1413 5847 1462 5887 ο.
1487 5833 1541 5904 2,
1573 5835 1615 5887 t.
1650 5833 1737 5889 18.
1815 5833 1859 5871 ⁶¹
1884 5833 1919 5889 3

2034 5849 2116 5906 ys.
2149 5847 2200 5889 ο.
2232 5831 2288 5902 3,
2320 5833 2364 5887 ι.
2394 5830 2490 5898 23,
