  <div class='ocr_page' id='page_1' title='image "/cluster/home/n/w/nwhite01/storage/ocr_20150623/142/mdp.39015078384792/535.png"; bbox 0 0 4024 6440; ppageno 0'>
   <div class='ocr_carea' id='block_1_1' title="bbox 311 451 467 518">
    <p class='ocr_par' dir='ltr' id='par_1_1' title="bbox 311 451 467 518">
     <span class='ocr_line' id='line_1_1' title="bbox 311 451 467 518; baseline 0.026 -4"><span class='ocrx_word' id='word_1_1' title='bbox 311 451 467 518; x_wconf 67' lang='grc' dir='ltr'><strong>ίθδΰ</strong></span> 
     </span>
    </p>
   </div>
   <div class='ocr_carea' id='block_1_2' title="bbox 1556 459 2457 534">
    <p class='ocr_par' dir='ltr' id='par_1_2' title="bbox 1556 459 2457 534">
     <span class='ocr_line' id='line_1_2' title="bbox 1556 459 2457 534; baseline 0.01 -8"><span class='ocrx_word' id='word_1_2' title='bbox 1556 459 1978 530; x_wconf 77' lang='lat' dir='ltr'><strong>NICEPHORI</strong></span> <span class='ocrx_word' id='word_1_3' title='bbox 2020 466 2457 534; x_wconf 71' lang='lat' dir='ltr'><strong>BLEMMIDE</strong></span> 
     </span>
    </p>
   </div>
   <div class='ocr_carea' id='block_1_3' title="bbox 3542 465 3699 536">
    <p class='ocr_par' dir='ltr' id='par_1_3' title="bbox 3542 465 3699 536">
     <span class='ocr_line' id='line_1_3' title="bbox 3542 465 3699 536; baseline 0 0"><span class='ocrx_word' id='word_1_4' title='bbox 3542 465 3699 536; x_wconf 71' lang='grc' dir='ltr'>ωιδ</span> 
     </span>
    </p>
   </div>
   <div class='ocr_carea' id='block_1_4' title="bbox 313 587 1944 683">
    <p class='ocr_par' dir='ltr' id='par_1_4' title="bbox 313 587 1944 671">
     <span class='ocr_line' id='line_1_4' title="bbox 313 587 1944 671; baseline 0.007 -29"><span class='ocrx_word' id='word_1_5' title='bbox 313 587 468 659; x_wconf 89' lang='lat' dir='ltr'><strong>quod</strong></span> <span class='ocrx_word' id='word_1_6' title='bbox 500 588 759 659; x_wconf 90' lang='lat' dir='ltr'><strong>potentia</strong></span> <span class='ocrx_word' id='word_1_7' title='bbox 788 593 896 660; x_wconf 87' lang='lat' dir='ltr'><strong>est,</strong></span> <span class='ocrx_word' id='word_1_8' title='bbox 929 607 1064 648; x_wconf 89' lang='lat' dir='ltr'><strong>cum</strong></span> <span class='ocrx_word' id='word_1_9' title='bbox 1090 593 1328 665; x_wconf 85' lang='lat' dir='ltr'><strong>patitur,</strong></span> <span class='ocrx_word' id='word_1_10' title='bbox 1361 601 1649 668; x_wconf 78' lang='lat' dir='ltr'><strong>quatenus</strong></span> <span class='ocrx_word' id='word_1_11' title='bbox 1691 600 1944 671; x_wconf 84' lang='lat' dir='ltr'><strong>potentia</strong></span> 
     </span>
    </p>
   </div>
   <div class='ocr_carea' id='block_1_5' title="bbox 2058 587 3700 683">
    <p class='ocr_par' dir='ltr' id='par_1_5' title="bbox 2058 599 3700 683">
     <span class='ocr_line' id='line_1_5' title="bbox 2058 599 3700 683; baseline 0.004 -29"><span class='ocrx_word' id='word_1_12' title='bbox 2058 602 2186 656; x_wconf 82' lang='grc' dir='ltr'>καθὸ</span> <span class='ocrx_word' id='word_1_13' title='bbox 2243 599 2489 675; x_wconf 79' lang='grc' dir='ltr'><strong>δυνάμει,</strong></span> <span class='ocrx_word' id='word_1_14' title='bbox 2537 603 2626 658; x_wconf 85' lang='grc' dir='ltr'><strong>καὶ</strong></span> <span class='ocrx_word' id='word_1_15' title='bbox 2680 604 2777 672; x_wconf 76' lang='grc' dir='ltr'><strong>τήν</strong></span> <span class='ocrx_word' id='word_1_16' title='bbox 2836 601 2991 683; x_wconf 75' lang='grc' dir='ltr'>φύσιν</span> <span class='ocrx_word' id='word_1_17' title='bbox 3046 603 3189 660; x_wconf 79' lang='grc' dir='ltr'>ἐστὶν</span> <span class='ocrx_word' id='word_1_18' title='bbox 3243 600 3452 667; x_wconf 79' lang='grc' dir='ltr'>ἀτελές.</span> <span class='ocrx_word' id='word_1_19' title='bbox 3492 607 3555 659; x_wconf 88' lang='grc' dir='ltr'>Ὃ</span> <span class='ocrx_word' id='word_1_20' title='bbox 3594 604 3700 681; x_wconf 75' lang='grc' dir='ltr'><strong>γὰρ</strong></span> 
     </span>
    </p>
   </div>
   <div class='ocr_carea' id='block_1_6' title="bbox 311 679 1951 752">
    <p class='ocr_par' dir='ltr' id='par_1_6' title="bbox 311 679 1951 752">
     <span class='ocr_line' id='line_1_6' title="bbox 311 679 1951 752; baseline 0.009 -23"><span class='ocrx_word' id='word_1_21' title='bbox 311 681 420 746; x_wconf 83' lang='lat' dir='ltr'><strong>est,</strong></span> <span class='ocrx_word' id='word_1_22' title='bbox 448 681 570 731; x_wconf 90' lang='lat' dir='ltr'><strong>tum</strong></span> <span class='ocrx_word' id='word_1_23' title='bbox 595 679 1222 752; x_wconf 81' lang='lat' dir='ltr'><strong>naturaimperfectum</strong></span> <span class='ocrx_word' id='word_1_24' title='bbox 1251 689 1374 740; x_wconf 90' lang='lat' dir='ltr'><strong>est:</strong></span> <span class='ocrx_word' id='word_1_25' title='bbox 1401 688 1660 742; x_wconf 89' lang='lat' dir='ltr'><strong>nondum</strong></span> <span class='ocrx_word' id='word_1_26' title='bbox 1684 689 1838 743; x_wconf 89' lang='lat' dir='ltr'><strong>enim</strong></span> <span class='ocrx_word' id='word_1_27' title='bbox 1863 694 1951 743; x_wconf 88' lang='lat' dir='ltr'><strong>est</strong></span> 
     </span>
    </p>
   </div>
   <div class='ocr_carea' id='block_1_7' title="bbox 311 765 1948 849">
    <p class='ocr_par' dir='ltr' id='par_1_7' title="bbox 311 765 1948 849">
     <span class='ocr_line' id='line_1_7' title="bbox 311 765 1948 849; baseline 0.008 -31"><span class='ocrx_word' id='word_1_28' title='bbox 311 765 463 835; x_wconf 90' lang='lat' dir='ltr'><strong>quod</strong></span> <span class='ocrx_word' id='word_1_29' title='bbox 493 766 759 836; x_wconf 88' lang='lat' dir='ltr'><strong>dicitur);</strong></span> <span class='ocrx_word' id='word_1_30' title='bbox 797 773 859 824; x_wconf 90' lang='lat' dir='ltr'><strong>ut</strong></span> <span class='ocrx_word' id='word_1_31' title='bbox 888 775 1083 825; x_wconf 88' lang='lat' dir='ltr'><strong>autem</strong></span> <span class='ocrx_word' id='word_1_32' title='bbox 1125 790 1156 827; x_wconf 89' lang='lat' dir='ltr'><strong>a</strong></span> <span class='ocrx_word' id='word_1_33' title='bbox 1187 777 1289 828; x_wconf 74' lang='grc'><strong>44</strong></span> <span class='ocrx_word' id='word_1_34' title='bbox 1321 781 1583 832; x_wconf 76' lang='lat' dir='ltr'><strong>movente</strong></span> <span class='ocrx_word' id='word_1_35' title='bbox 1633 778 1948 849; x_wconf 84' lang='lat' dir='ltr'><strong>proficisci-</strong></span> 
     </span>
    </p>
   </div>
   <div class='ocr_carea' id='block_1_8' title="bbox 308 856 1946 936">
    <p class='ocr_par' dir='ltr' id='par_1_8' title="bbox 308 856 1946 936">
     <span class='ocr_line' id='line_1_8' title="bbox 308 856 1946 936; baseline 0.009 -29"><span class='ocrx_word' id='word_1_36' title='bbox 308 857 424 922; x_wconf 91' lang='lat' dir='ltr'><strong>tur,</strong></span> <span class='ocrx_word' id='word_1_37' title='bbox 460 856 646 926; x_wconf 87' lang='lat' dir='ltr'><strong>magis</strong></span> <span class='ocrx_word' id='word_1_38' title='bbox 677 858 907 930; x_wconf 85' lang='lat' dir='ltr'><strong>proprie</strong></span> <span class='ocrx_word' id='word_1_39' title='bbox 935 863 992 914; x_wconf 93' lang='lat' dir='ltr'><strong>et</strong></span> <span class='ocrx_word' id='word_1_40' title='bbox 1020 861 1334 931; x_wconf 81' lang='lat' dir='ltr'><strong>perfectius</strong></span> <span class='ocrx_word' id='word_1_41' title='bbox 1367 870 1533 920; x_wconf 89' lang='lat' dir='ltr'><strong>actus</strong></span> <span class='ocrx_word' id='word_1_42' title='bbox 1579 865 1693 920; x_wconf 90' lang='lat' dir='ltr'><strong>dici</strong></span> <span class='ocrx_word' id='word_1_43' title='bbox 1738 870 1946 936; x_wconf 80' lang='lat' dir='ltr'><strong>queat;</strong></span> 
     </span>
    </p>
   </div>
   <div class='ocr_carea' id='block_1_9' title="bbox 311 944 1947 1025">
    <p class='ocr_par' dir='ltr' id='par_1_9' title="bbox 311 944 1947 1025">
     <span class='ocr_line' id='line_1_9' title="bbox 311 944 1947 1025; baseline 0.009 -30"><span class='ocrx_word' id='word_1_44' title='bbox 311 944 787 1014; x_wconf 83' lang='lat' dir='ltr'><strong>quandoquidem</strong></span> <span class='ocrx_word' id='word_1_45' title='bbox 817 948 991 1003; x_wconf 88' lang='lat' dir='ltr'><strong>etiam</strong></span> <span class='ocrx_word' id='word_1_46' title='bbox 1023 965 1262 1006; x_wconf 89' lang='lat' dir='ltr'><strong>movens</strong></span> <span class='ocrx_word' id='word_1_47' title='bbox 1293 951 1464 1024; x_wconf 80' lang='lat' dir='ltr'><strong>quale</strong></span> <span class='ocrx_word' id='word_1_48' title='bbox 1495 957 1603 1024; x_wconf 86' lang='lat' dir='ltr'><strong>est,</strong></span> <span class='ocrx_word' id='word_1_49' title='bbox 1637 954 1790 1025; x_wconf 91' lang='lat' dir='ltr'><strong>quod</strong></span> <span class='ocrx_word' id='word_1_50' title='bbox 1818 959 1947 1010; x_wconf 90' lang='lat' dir='ltr'><strong>actu</strong></span> 
     </span>
    </p>
   </div>
   <div class='ocr_carea' id='block_1_10' title="bbox 310 1034 1948 1113">
    <p class='ocr_par' dir='ltr' id='par_1_10' title="bbox 310 1034 1948 1113">
     <span class='ocr_line' id='line_1_10' title="bbox 310 1034 1948 1113; baseline 0.009 -28"><span class='ocrx_word' id='word_1_51' title='bbox 310 1034 420 1102; x_wconf 87' lang='lat' dir='ltr'><strong>est,</strong></span> <span class='ocrx_word' id='word_1_52' title='bbox 474 1048 609 1088; x_wconf 91' lang='lat' dir='ltr'><strong>cum</strong></span> <span class='ocrx_word' id='word_1_53' title='bbox 660 1035 730 1089; x_wconf 88' lang='lat' dir='ltr'><strong>ad</strong></span> <span class='ocrx_word' id='word_1_54' title='bbox 788 1038 1081 1108; x_wconf 80' lang='lat' dir='ltr'><strong>agendum</strong></span> <span class='ocrx_word' id='word_1_55' title='bbox 1129 1040 1285 1095; x_wconf 89' lang='lat' dir='ltr'><strong>valet</strong></span> <span class='ocrx_word' id='word_1_56' title='bbox 1328 1047 1619 1113; x_wconf 79' lang='lat' dir='ltr'><strong>quatenus</strong></span> <span class='ocrx_word' id='word_1_57' title='bbox 1666 1047 1796 1098; x_wconf 89' lang='lat' dir='ltr'><strong>actu</strong></span> <span class='ocrx_word' id='word_1_58' title='bbox 1839 1047 1948 1109; x_wconf 91' lang='lat' dir='ltr'><strong>est,</strong></span> 
     </span>
    </p>
   </div>
   <div class='ocr_carea' id='block_1_11' title="bbox 309 1123 1946 1204">
    <p class='ocr_par' dir='ltr' id='par_1_11' title="bbox 309 1123 1946 1204">
     <span class='ocr_line' id='line_1_11' title="bbox 309 1123 1946 1204; baseline 0.009 -30"><span class='ocrx_word' id='word_1_59' title='bbox 309 1123 436 1175; x_wconf 89' lang='lat' dir='ltr'><strong>tum</strong></span> <span class='ocrx_word' id='word_1_60' title='bbox 467 1126 679 1178; x_wconf 88' lang='lat' dir='ltr'><strong>natura</strong></span> <span class='ocrx_word' id='word_1_61' title='bbox 707 1125 1027 1195; x_wconf 73' lang='lat' dir='ltr'><strong>perfectum</strong></span> <span class='ocrx_word' id='word_1_62' title='bbox 1059 1133 1166 1184; x_wconf 90' lang='lat' dir='ltr'><strong>est.</strong></span> <span class='ocrx_word' id='word_1_63' title='bbox 1195 1129 1419 1202; x_wconf 83' lang='lat' dir='ltr'><strong>Quippe</strong></span> <span class='ocrx_word' id='word_1_64' title='bbox 1447 1131 1621 1187; x_wconf 83' lang='lat' dir='ltr'><strong>etiam</strong></span> <span class='ocrx_word' id='word_1_65' title='bbox 1661 1136 1750 1188; x_wconf 85' lang='lat' dir='ltr'><strong>est</strong></span> <span class='ocrx_word' id='word_1_66' title='bbox 1792 1133 1946 1204; x_wconf 93' lang='lat' dir='ltr'><strong>quod</strong></span> 
     </span>
    </p>
   </div>
   <div class='ocr_carea' id='block_1_12' title="bbox 309 1208 1378 1286">
    <p class='ocr_par' dir='ltr' id='par_1_12' title="bbox 309 1208 1378 1286">
     <span class='ocr_line' id='line_1_12' title="bbox 309 1208 1378 1286; baseline 0.009 -23"><span class='ocrx_word' id='word_1_67' title='bbox 309 1208 541 1265; x_wconf 90' lang='lat' dir='ltr'><strong>dicitur.</strong></span> <span class='ocrx_word' id='word_1_68' title='bbox 575 1211 764 1268; x_wconf 82' lang='lat' dir='ltr'><strong>Motus</strong></span> <span class='ocrx_word' id='word_1_69' title='bbox 796 1215 1039 1286; x_wconf 89' lang='lat' dir='ltr'><strong>proinde</strong></span> <span class='ocrx_word' id='word_1_70' title='bbox 1078 1222 1244 1274; x_wconf 87' lang='lat' dir='ltr'><strong>actus</strong></span> <span class='ocrx_word' id='word_1_71' title='bbox 1273 1223 1378 1275; x_wconf 90' lang='lat' dir='ltr'><strong>est.</strong></span> 
     </span>
    </p>
   </div>
   <div class='ocr_carea' id='block_1_13' title="bbox 383 1299 1946 1380">
    <p class='ocr_par' dir='ltr' id='par_1_13' title="bbox 383 1299 1946 1380">
     <span class='ocr_line' id='line_1_13' title="bbox 383 1299 1946 1380; baseline 0.009 -28"><span class='ocrx_word' id='word_1_72' title='bbox 383 1300 469 1352; x_wconf 92' lang='grc'><strong>10.</strong></span> <span class='ocrx_word' id='word_1_73' title='bbox 500 1299 776 1373; x_wconf 86' lang='lat' dir='ltr'><strong>Idemque</strong></span> <span class='ocrx_word' id='word_1_74' title='bbox 806 1308 864 1358; x_wconf 93' lang='lat' dir='ltr'><strong>et</strong></span> <span class='ocrx_word' id='word_1_75' title='bbox 889 1308 954 1360; x_wconf 91' lang='lat' dir='ltr'><strong>ut</strong></span> <span class='ocrx_word' id='word_1_76' title='bbox 981 1306 1150 1374; x_wconf 90' lang='lat' dir='ltr'><strong>actio,</strong></span> <span class='ocrx_word' id='word_1_77' title='bbox 1184 1311 1240 1362; x_wconf 91' lang='lat' dir='ltr'><strong>et</strong></span> <span class='ocrx_word' id='word_1_78' title='bbox 1268 1313 1332 1363; x_wconf 92' lang='lat' dir='ltr'><strong>ut</strong></span> <span class='ocrx_word' id='word_1_79' title='bbox 1361 1309 1556 1380; x_wconf 92' lang='lat' dir='ltr'><strong>passio</strong></span> <span class='ocrx_word' id='word_1_80' title='bbox 1587 1315 1676 1366; x_wconf 89' lang='lat' dir='ltr'><strong>est</strong></span> <span class='ocrx_word' id='word_1_81' title='bbox 1693 1311 1760 1365; x_wconf 64' lang='lat'><strong>‘9.</strong></span> <span class='ocrx_word' id='word_1_82' title='bbox 1781 1311 1946 1366; x_wconf 86' lang='lat' dir='ltr'><strong>Actio</strong></span> 
     </span>
    </p>
   </div>
   <div class='ocr_carea' id='block_1_14' title="bbox 311 1391 1944 1468">
    <p class='ocr_par' dir='ltr' id='par_1_14' title="bbox 311 1391 1944 1468">
     <span class='ocr_line' id='line_1_14' title="bbox 311 1391 1944 1468; baseline 0.008 -26"><span class='ocrx_word' id='word_1_83' title='bbox 311 1391 506 1444; x_wconf 87' lang='lat' dir='ltr'><strong>autem</strong></span> <span class='ocrx_word' id='word_1_84' title='bbox 534 1394 591 1444; x_wconf 89' lang='lat' dir='ltr'><strong>et</strong></span> <span class='ocrx_word' id='word_1_85' title='bbox 640 1391 836 1462; x_wconf 88' lang='lat' dir='ltr'><strong>passio</strong></span> <span class='ocrx_word' id='word_1_86' title='bbox 882 1393 1107 1450; x_wconf 82' lang='lat' dir='ltr'><strong>ratione</strong></span> <span class='ocrx_word' id='word_1_87' title='bbox 1151 1396 1386 1468; x_wconf 88' lang='lat' dir='ltr'><strong>quidem</strong></span> <span class='ocrx_word' id='word_1_88' title='bbox 1437 1398 1756 1465; x_wconf 72' lang='lat' dir='ltr'><strong>differunt;</strong></span> <span class='ocrx_word' id='word_1_89' title='bbox 1808 1399 1944 1454; x_wconf 91' lang='lat' dir='ltr'><strong>sub-</strong></span> 
     </span>
    </p>
   </div>
   <div class='ocr_carea' id='block_1_15' title="bbox 303 1476 1948 1556">
    <p class='ocr_par' dir='ltr' id='par_1_15' title="bbox 303 1476 1948 1556">
     <span class='ocr_line' id='line_1_15' title="bbox 303 1476 1948 1556; baseline 0.007 -26"><span class='ocrx_word' id='word_1_90' title='bbox 303 1476 457 1546; x_wconf 89' lang='lat' dir='ltr'><strong>jecto</strong></span> <span class='ocrx_word' id='word_1_91' title='bbox 487 1482 681 1534; x_wconf 85' lang='lat' dir='ltr'><strong>autem</strong></span> <span class='ocrx_word' id='word_1_92' title='bbox 732 1497 914 1536; x_wconf 87' lang='lat' dir='ltr'><strong>unum</strong></span> <span class='ocrx_word' id='word_1_93' title='bbox 971 1484 1248 1556; x_wconf 86' lang='lat' dir='ltr'><strong>idemque</strong></span> <span class='ocrx_word' id='word_1_94' title='bbox 1295 1491 1433 1542; x_wconf 89' lang='lat' dir='ltr'><strong>sunt</strong></span> <span class='ocrx_word' id='word_1_95' title='bbox 1479 1487 1682 1554; x_wconf 61' lang='lat' dir='ltr'><strong>ambae,</strong></span> <span class='ocrx_word' id='word_1_96' title='bbox 1731 1492 1794 1542; x_wconf 87' lang='lat' dir='ltr'><strong>ut</strong></span> <span class='ocrx_word' id='word_1_97' title='bbox 1840 1488 1948 1542; x_wconf 91' lang='lat' dir='ltr'><strong>do-</strong></span> 
     </span>
    </p>
   </div>
   <div class='ocr_carea' id='block_1_16' title="bbox 310 1565 1949 1644">
    <p class='ocr_par' dir='ltr' id='par_1_16' title="bbox 310 1565 1949 1644">
     <span class='ocr_line' id='line_1_16' title="bbox 310 1565 1949 1644; baseline 0.006 -26"><span class='ocrx_word' id='word_1_98' title='bbox 310 1565 476 1620; x_wconf 88' lang='lat' dir='ltr'><strong>cendi</strong></span> <span class='ocrx_word' id='word_1_99' title='bbox 507 1571 564 1621; x_wconf 91' lang='lat' dir='ltr'><strong>et</strong></span> <span class='ocrx_word' id='word_1_100' title='bbox 592 1567 854 1624; x_wconf 89' lang='lat' dir='ltr'><strong>discendi</strong></span> <span class='ocrx_word' id='word_1_101' title='bbox 887 1574 1074 1638; x_wconf 87' lang='lat' dir='ltr'><strong>actus,</strong></span> <span class='ocrx_word' id='word_1_102' title='bbox 1108 1577 1289 1644; x_wconf 88' lang='lat' dir='ltr'><strong>utque</strong></span> <span class='ocrx_word' id='word_1_103' title='bbox 1321 1590 1598 1629; x_wconf 88' lang='lat' dir='ltr'><strong>ascensus</strong></span> <span class='ocrx_word' id='word_1_104' title='bbox 1628 1580 1685 1629; x_wconf 91' lang='lat' dir='ltr'><strong>et</strong></span> <span class='ocrx_word' id='word_1_105' title='bbox 1713 1575 1949 1630; x_wconf 88' lang='lat' dir='ltr'><strong>descen-</strong></span> 
     </span>
    </p>
   </div>
   <div class='ocr_carea' id='block_1_17' title="bbox 309 1655 1950 1732">
    <p class='ocr_par' dir='ltr' id='par_1_17' title="bbox 309 1655 1950 1732">
     <span class='ocr_line' id='line_1_17' title="bbox 309 1655 1950 1732; baseline 0.007 -26"><span class='ocrx_word' id='word_1_106' title='bbox 309 1669 411 1708; x_wconf 85' lang='lat' dir='ltr'><strong>sus</strong></span> <span class='ocrx_word' id='word_1_107' title='bbox 440 1655 502 1708; x_wconf 73' lang='lat'><strong>‘3.</strong></span> <span class='ocrx_word' id='word_1_108' title='bbox 559 1656 707 1720; x_wconf 91' lang='lat' dir='ltr'><strong>Quin</strong></span> <span class='ocrx_word' id='word_1_109' title='bbox 756 1656 876 1714; x_wconf 90' lang='lat' dir='ltr'><strong>imo</strong></span> <span class='ocrx_word' id='word_1_110' title='bbox 933 1659 1132 1730; x_wconf 85' lang='lat' dir='ltr'><strong>potius</strong></span> <span class='ocrx_word' id='word_1_111' title='bbox 1186 1667 1243 1717; x_wconf 90' lang='lat' dir='ltr'><strong>et</strong></span> <span class='ocrx_word' id='word_1_112' title='bbox 1299 1663 1561 1732; x_wconf 88' lang='lat' dir='ltr'><strong>subjecto</strong></span> <span class='ocrx_word' id='word_1_113' title='bbox 1617 1667 1674 1717; x_wconf 87' lang='lat' dir='ltr'><strong>et</strong></span> <span class='ocrx_word' id='word_1_114' title='bbox 1728 1662 1950 1717; x_wconf 83' lang='lat' dir='ltr'><strong>ratione</strong></span> 
     </span>
    </p>
   </div>
   <div class='ocr_carea' id='block_1_18' title="bbox 309 1743 1951 1822">
    <p class='ocr_par' dir='ltr' id='par_1_18' title="bbox 309 1743 1951 1822">
     <span class='ocr_line' id='line_1_18' title="bbox 309 1743 1951 1822; baseline 0.007 -26"><span class='ocrx_word' id='word_1_115' title='bbox 309 1758 465 1798; x_wconf 89' lang='lat' dir='ltr'><strong>unus</strong></span> <span class='ocrx_word' id='word_1_116' title='bbox 495 1743 770 1817; x_wconf 88' lang='lat' dir='ltr'><strong>idemque</strong></span> <span class='ocrx_word' id='word_1_117' title='bbox 801 1752 998 1804; x_wconf 89' lang='lat' dir='ltr'><strong>motus</strong></span> <span class='ocrx_word' id='word_1_118' title='bbox 1027 1754 1134 1820; x_wconf 90' lang='lat' dir='ltr'><strong>est,</strong></span> <span class='ocrx_word' id='word_1_119' title='bbox 1169 1751 1268 1821; x_wconf 90' lang='lat' dir='ltr'><strong>qui</strong></span> <span class='ocrx_word' id='word_1_120' title='bbox 1319 1752 1390 1806; x_wconf 87' lang='lat' dir='ltr'><strong>ab</strong></span> <span class='ocrx_word' id='word_1_121' title='bbox 1440 1767 1506 1806; x_wconf 88' lang='lat' dir='ltr'><strong>eo</strong></span> <span class='ocrx_word' id='word_1_122' title='bbox 1554 1752 1709 1822; x_wconf 89' lang='lat' dir='ltr'><strong>quod</strong></span> <span class='ocrx_word' id='word_1_123' title='bbox 1757 1756 1951 1807; x_wconf 85' lang='lat' dir='ltr'><strong>movet</strong></span> 
     </span>
    </p>
   </div>
   <div class='ocr_carea' id='block_1_19' title="bbox 306 1829 1945 1911">
    <p class='ocr_par' dir='ltr' id='par_1_19' title="bbox 306 1829 1945 1911">
     <span class='ocr_line' id='line_1_19' title="bbox 306 1829 1945 1911; baseline 0.006 -27"><span class='ocrx_word' id='word_1_124' title='bbox 306 1829 366 1884; x_wconf 90' lang='lat' dir='ltr'><strong>in</strong></span> <span class='ocrx_word' id='word_1_125' title='bbox 399 1847 466 1886; x_wconf 93' lang='lat' dir='ltr'><strong>eo</strong></span> <span class='ocrx_word' id='word_1_126' title='bbox 497 1834 650 1903; x_wconf 91' lang='lat' dir='ltr'><strong>quod</strong></span> <span class='ocrx_word' id='word_1_127' title='bbox 706 1839 968 1891; x_wconf 88' lang='lat' dir='ltr'><strong>movetur</strong></span> <span class='ocrx_word' id='word_1_128' title='bbox 1015 1838 1259 1893; x_wconf 79' lang='lat' dir='ltr'><strong>exsistit.</strong></span> <span class='ocrx_word' id='word_1_129' title='bbox 1306 1840 1502 1911; x_wconf 91' lang='lat' dir='ltr'><strong>Neque</strong></span> <span class='ocrx_word' id='word_1_130' title='bbox 1547 1840 1702 1894; x_wconf 89' lang='lat' dir='ltr'><strong>enim</strong></span> <span class='ocrx_word' id='word_1_131' title='bbox 1743 1856 1945 1911; x_wconf 87' lang='lat' dir='ltr'><strong>quem-</strong></span> 
     </span>
    </p>
   </div>
   <div class='ocr_carea' id='block_1_20' title="bbox 309 1919 1948 1996">
    <p class='ocr_par' dir='ltr' id='par_1_20' title="bbox 309 1919 1948 1996">
     <span class='ocr_line' id='line_1_20' title="bbox 309 1919 1948 1996; baseline 0.005 -22"><span class='ocrx_word' id='word_1_132' title='bbox 309 1919 626 1977; x_wconf 88' lang='lat' dir='ltr'><strong>admodum</strong></span> <span class='ocrx_word' id='word_1_133' title='bbox 689 1923 836 1979; x_wconf 77' lang='lat' dir='ltr'><strong>actio</strong></span> <span class='ocrx_word' id='word_1_134' title='bbox 879 1930 935 1979; x_wconf 88' lang='lat' dir='ltr'><strong>et</strong></span> <span class='ocrx_word' id='word_1_135' title='bbox 983 1925 1178 1996; x_wconf 89' lang='lat' dir='ltr'><strong>passio</strong></span> <span class='ocrx_word' id='word_1_136' title='bbox 1223 1927 1584 1994; x_wconf 89' lang='lat' dir='ltr'><strong>dividuntur,</strong></span> <span class='ocrx_word' id='word_1_137' title='bbox 1641 1927 1741 1982; x_wconf 88' lang='lat' dir='ltr'><strong>illa</strong></span> <span class='ocrx_word' id='word_1_138' title='bbox 1795 1928 1948 1984; x_wconf 85' lang='lat' dir='ltr'><strong>circa</strong></span> 
     </span>
    </p>
   </div>
   <div class='ocr_carea' id='block_1_21' title="bbox 2061 688 3701 770">
    <p class='ocr_par' dir='ltr' id='par_1_21' title="bbox 2061 688 3701 770">
     <span class='ocr_line' id='line_1_21' title="bbox 2061 688 3701 770; baseline 0.004 -27"><span class='ocrx_word' id='word_1_139' title='bbox 2061 688 2296 764; x_wconf 88' lang='grc' dir='ltr'>λέγεται,</span> <span class='ocrx_word' id='word_1_140' title='bbox 2349 688 2502 745; x_wconf 70' lang='grc' dir='ltr'>οὔπω</span> <span class='ocrx_word' id='word_1_141' title='bbox 2551 689 2710 749; x_wconf 75' lang='grc' dir='ltr'>ἔστιν.</span> <span class='ocrx_word' id='word_1_142' title='bbox 2740 694 2828 755; x_wconf 73' lang='grc' dir='ltr'><strong>Ὠς</strong></span> <span class='ocrx_word' id='word_1_143' title='bbox 2877 691 2923 748; x_wconf 80' lang='grc' dir='ltr'>δ’</span> <span class='ocrx_word' id='word_1_144' title='bbox 2973 694 3075 748; x_wconf 83' lang='grc' dir='ltr'><strong>ὑπὸ</strong></span> <span class='ocrx_word' id='word_1_145' title='bbox 3120 697 3217 748; x_wconf 73' lang='grc' dir='ltr'><strong>τοῦ</strong></span> <span class='ocrx_word' id='word_1_146' title='bbox 3249 698 3528 756; x_wconf 83' lang='grc' dir='ltr'>κινοῦντος</span> <span class='ocrx_word' id='word_1_147' title='bbox 3557 693 3701 770; x_wconf 86' lang='grc' dir='ltr'>ἐνέρ-</span> 
     </span>
    </p>
   </div>
   <div class='ocr_carea' id='block_1_22' title="bbox 2057 779 3704 858">
    <p class='ocr_par' dir='ltr' id='par_1_22' title="bbox 2057 779 3704 858">
     <span class='ocr_line' id='line_1_22' title="bbox 2057 779 3704 858; baseline 0.002 -26"><span class='ocrx_word' id='word_1_148' title='bbox 2057 798 2175 853; x_wconf 86' lang='grc' dir='ltr'>γεια</span> <span class='ocrx_word' id='word_1_149' title='bbox 2207 779 2409 854; x_wconf 86' lang='grc' dir='ltr'>λέγοιτ’</span> <span class='ocrx_word' id='word_1_150' title='bbox 2460 780 2518 835; x_wconf 79' lang='grc' dir='ltr'><strong>ἂν</strong></span> <span class='ocrx_word' id='word_1_151' title='bbox 2566 781 2893 858; x_wconf 86' lang='grc' dir='ltr'>κυριώτερόν</span> <span class='ocrx_word' id='word_1_152' title='bbox 2942 804 3000 837; x_wconf 91' lang='grc' dir='ltr'><strong>τε</strong></span> <span class='ocrx_word' id='word_1_153' title='bbox 3029 783 3118 837; x_wconf 81' lang='grc' dir='ltr'><strong>καὶ</strong></span> <span class='ocrx_word' id='word_1_154' title='bbox 3164 780 3519 858; x_wconf 79' lang='grc' dir='ltr'><strong>τελειότερον.</strong></span> <span class='ocrx_word' id='word_1_155' title='bbox 3551 783 3704 838; x_wconf 71' lang='grc' dir='ltr'>Ἐπεὶ</span> 
     </span>
    </p>
   </div>
   <div class='ocr_carea' id='block_1_23' title="bbox 2058 869 3707 947">
    <p class='ocr_par' dir='ltr' id='par_1_23' title="bbox 2058 869 3707 947">
     <span class='ocr_line' id='line_1_23' title="bbox 2058 869 3707 947; baseline 0.004 -27"><span class='ocrx_word' id='word_1_156' title='bbox 2058 869 2146 921; x_wconf 81' lang='grc' dir='ltr'><strong>καὶ</strong></span> <span class='ocrx_word' id='word_1_157' title='bbox 2201 869 2265 923; x_wconf 87' lang='grc' dir='ltr'>τὸ</span> <span class='ocrx_word' id='word_1_158' title='bbox 2322 874 2522 938; x_wconf 79' lang='grc' dir='ltr'>κινοῦν,</span> <span class='ocrx_word' id='word_1_159' title='bbox 2580 869 2711 947; x_wconf 80' lang='grc' dir='ltr'>ὅπερ</span> <span class='ocrx_word' id='word_1_160' title='bbox 2770 870 2880 926; x_wconf 84' lang='grc' dir='ltr'>ἐστὶ</span> <span class='ocrx_word' id='word_1_161' title='bbox 2935 873 2998 925; x_wconf 89' lang='grc' dir='ltr'>τὸ</span> <span class='ocrx_word' id='word_1_162' title='bbox 3053 871 3312 946; x_wconf 78' lang='grc' dir='ltr'>ἐνεργείᾳ,</span> <span class='ocrx_word' id='word_1_163' title='bbox 3364 871 3594 946; x_wconf 77' lang='grc' dir='ltr'>ἐνεργεῖν</span> <span class='ocrx_word' id='word_1_164' title='bbox 3645 893 3707 927; x_wconf 87' lang='grc' dir='ltr'><strong>τε</strong></span> 
     </span>
    </p>
   </div>
   <div class='ocr_carea' id='block_1_24' title="bbox 2061 956 3700 1037">
    <p class='ocr_par' dir='ltr' id='par_1_24' title="bbox 2061 956 3700 1037">
     <span class='ocr_line' id='line_1_24' title="bbox 2061 956 3700 1037; baseline 0.005 -28"><span class='ocrx_word' id='word_1_165' title='bbox 2061 956 2235 1032; x_wconf 77' lang='grc' dir='ltr'>ἰσχύει</span> <span class='ocrx_word' id='word_1_166' title='bbox 2265 959 2398 1021; x_wconf 82' lang='grc' dir='ltr'><strong>καθὸ</strong></span> <span class='ocrx_word' id='word_1_167' title='bbox 2431 957 2686 1035; x_wconf 78' lang='grc' dir='ltr'>ἐνεργείᾳ,</span> <span class='ocrx_word' id='word_1_168' title='bbox 2733 961 2822 1014; x_wconf 83' lang='grc' dir='ltr'><strong>καὶ</strong></span> <span class='ocrx_word' id='word_1_169' title='bbox 2873 961 2969 1028; x_wconf 77' lang='grc' dir='ltr'><strong>τήν</strong></span> <span class='ocrx_word' id='word_1_170' title='bbox 3011 960 3165 1037; x_wconf 77' lang='grc' dir='ltr'>φύσιν</span> <span class='ocrx_word' id='word_1_171' title='bbox 3204 961 3436 1036; x_wconf 76' lang='grc' dir='ltr'>ὑπάρχει</span> <span class='ocrx_word' id='word_1_172' title='bbox 3466 960 3700 1018; x_wconf 81' lang='grc' dir='ltr'>τέλειον.</span> 
     </span>
    </p>
   </div>
   <div class='ocr_carea' id='block_1_25' title="bbox 2055 1045 3707 1125">
    <p class='ocr_par' dir='ltr' id='par_1_25' title="bbox 2055 1045 3707 1125">
     <span class='ocr_line' id='line_1_25' title="bbox 2055 1045 3707 1125; baseline 0.003 -27"><span class='ocrx_word' id='word_1_173' title='bbox 2055 1051 2115 1098; x_wconf 83' lang='grc' dir='ltr'>Ὀ</span> <span class='ocrx_word' id='word_1_174' title='bbox 2170 1048 2270 1122; x_wconf 81' lang='grc' dir='ltr'>γὰρ</span> <span class='ocrx_word' id='word_1_175' title='bbox 2330 1045 2565 1122; x_wconf 83' lang='grc' dir='ltr'>λέγεται,</span> <span class='ocrx_word' id='word_1_176' title='bbox 2621 1053 2782 1103; x_wconf 76' lang='grc' dir='ltr'>τοῦτο</span> <span class='ocrx_word' id='word_1_177' title='bbox 2839 1050 2929 1104; x_wconf 84' lang='grc' dir='ltr'>καὶ</span> <span class='ocrx_word' id='word_1_178' title='bbox 2991 1048 3160 1105; x_wconf 79' lang='grc' dir='ltr'>ἔστιν.</span> <span class='ocrx_word' id='word_1_179' title='bbox 3220 1055 3280 1103; x_wconf 87' lang='grc' dir='ltr'>Ἡ</span> <span class='ocrx_word' id='word_1_180' title='bbox 3335 1049 3552 1120; x_wconf 69' lang='grc' dir='ltr'>κίνησις</span> <span class='ocrx_word' id='word_1_181' title='bbox 3601 1051 3707 1125; x_wconf 72' lang='grc' dir='ltr'>ἄρα</span> 
     </span>
    </p>
   </div>
   <div class='ocr_carea' id='block_1_26' title="bbox 2057 1133 2309 1211">
    <p class='ocr_par' dir='ltr' id='par_1_26' title="bbox 2057 1133 2309 1211">
     <span class='ocr_line' id='line_1_26' title="bbox 2057 1133 2309 1211; baseline 0.004 -23"><span class='ocrx_word' id='word_1_182' title='bbox 2057 1133 2309 1211; x_wconf 88' lang='grc' dir='ltr'>ἐνέργεια.</span> 
     </span>
    </p>
   </div>
   <div class='ocr_carea' id='block_1_27' title="bbox 2139 1295 3709 1370">
    <p class='ocr_par' dir='ltr' id='par_1_27' title="bbox 2139 1295 3709 1370">
     <span class='ocr_line' id='line_1_27' title="bbox 2139 1295 3709 1370; baseline 0.004 -21"><span class='ocrx_word' id='word_1_183' title='bbox 2139 1303 2188 1350; x_wconf 88' lang='grc' dir='ltr'><strong>ι’.</strong></span> <span class='ocrx_word' id='word_1_184' title='bbox 2223 1295 2321 1351; x_wconf 85' lang='grc' dir='ltr'>Καὶ</span> <span class='ocrx_word' id='word_1_185' title='bbox 2352 1297 2428 1359; x_wconf 82' lang='grc' dir='ltr'><strong>ὡς</strong></span> <span class='ocrx_word' id='word_1_186' title='bbox 2481 1298 2703 1367; x_wconf 81' lang='grc' dir='ltr'>ποίησις</span> <span class='ocrx_word' id='word_1_187' title='bbox 2750 1298 2840 1353; x_wconf 80' lang='grc' dir='ltr'><strong>καὶ</strong></span> <span class='ocrx_word' id='word_1_188' title='bbox 2889 1299 2965 1361; x_wconf 82' lang='grc' dir='ltr'><strong>ὡς</strong></span> <span class='ocrx_word' id='word_1_189' title='bbox 3010 1296 3248 1369; x_wconf 77' lang='grc' dir='ltr'>πάθησις</span> <span class='ocrx_word' id='word_1_190' title='bbox 3273 1301 3314 1368; x_wconf 76' lang='grc' dir='ltr'>ἠ</span> <span class='ocrx_word' id='word_1_191' title='bbox 3342 1299 3500 1370; x_wconf 70' lang='grc' dir='ltr'>αὐτή.</span> <span class='ocrx_word' id='word_1_192' title='bbox 3533 1299 3709 1370; x_wconf 61' lang='grc' dir='ltr'>Ποίηω</span> 
     </span>
    </p>
   </div>
   <div class='ocr_carea' id='block_1_28' title="bbox 2057 1383 3706 1465">
    <p class='ocr_par' dir='ltr' id='par_1_28' title="bbox 2057 1383 3706 1465">
     <span class='ocr_line' id='line_1_28' title="bbox 2057 1383 3706 1465; baseline 0.002 -27"><span class='ocrx_word' id='word_1_193' title='bbox 2057 1405 2139 1447; x_wconf 85' lang='grc' dir='ltr'><strong>σις</strong></span> <span class='ocrx_word' id='word_1_194' title='bbox 2185 1383 2243 1439; x_wconf 74' lang='grc' dir='ltr'>δὲ</span> <span class='ocrx_word' id='word_1_195' title='bbox 2298 1387 2387 1440; x_wconf 85' lang='grc' dir='ltr'>καὶ</span> <span class='ocrx_word' id='word_1_196' title='bbox 2447 1388 2678 1456; x_wconf 79' lang='grc' dir='ltr'>πάθησις</span> <span class='ocrx_word' id='word_1_197' title='bbox 2731 1392 2812 1459; x_wconf 82' lang='grc' dir='ltr'>τῷ</span> <span class='ocrx_word' id='word_1_198' title='bbox 2866 1385 3018 1464; x_wconf 86' lang='grc' dir='ltr'>λόγῳ</span> <span class='ocrx_word' id='word_1_199' title='bbox 3079 1388 3175 1461; x_wconf 80' lang='grc' dir='ltr'>μὶν</span> <span class='ocrx_word' id='word_1_200' title='bbox 3235 1385 3565 1465; x_wconf 76' lang='grc' dir='ltr'>διαφέρουσι·</span> <span class='ocrx_word' id='word_1_201' title='bbox 3621 1392 3706 1460; x_wconf 77' lang='grc' dir='ltr'><strong>τῷ</strong></span> 
     </span>
    </p>
   </div>
   <div class='ocr_carea' id='block_1_29' title="bbox 2058 1471 3709 1555">
    <p class='ocr_par' dir='ltr' id='par_1_29' title="bbox 2058 1471 3709 1555">
     <span class='ocr_line' id='line_1_29' title="bbox 2058 1471 3709 1555; baseline 0.002 -27"><span class='ocrx_word' id='word_1_202' title='bbox 2058 1471 2104 1528; x_wconf 87' lang='grc' dir='ltr'>δ’</span> <span class='ocrx_word' id='word_1_203' title='bbox 2136 1475 2473 1548; x_wconf 78' lang='grc' dir='ltr'><strong>ὑποκειμένῳ</strong></span> <span class='ocrx_word' id='word_1_204' title='bbox 2521 1476 2683 1531; x_wconf 85' lang='grc' dir='ltr'>ταυτὸ</span> <span class='ocrx_word' id='word_1_205' title='bbox 2729 1477 2819 1531; x_wconf 80' lang='grc' dir='ltr'><strong>καὶ</strong></span> <span class='ocrx_word' id='word_1_206' title='bbox 2867 1475 2922 1531; x_wconf 82' lang='grc' dir='ltr'>ἓν</span> <span class='ocrx_word' id='word_1_207' title='bbox 2976 1473 3141 1555; x_wconf 73' lang='grc' dir='ltr'>ἄμφω</span> <span class='ocrx_word' id='word_1_208' title='bbox 3191 1476 3343 1547; x_wconf 72' lang='grc' dir='ltr'>εἰσὶν,</span> <span class='ocrx_word' id='word_1_209' title='bbox 3393 1477 3468 1538; x_wconf 83' lang='grc' dir='ltr'>ὡς</span> <span class='ocrx_word' id='word_1_210' title='bbox 3499 1473 3709 1549; x_wconf 79' lang='grc' dir='ltr'>δίδαξις</span> 
     </span>
    </p>
   </div>
   <div class='ocr_carea' id='block_1_30' title="bbox 2056 1560 3707 1635">
    <p class='ocr_par' dir='ltr' id='par_1_30' title="bbox 2056 1560 3707 1635">
     <span class='ocr_line' id='line_1_30' title="bbox 2056 1560 3707 1635; baseline 0.001 -17"><span class='ocrx_word' id='word_1_211' title='bbox 2056 1564 2146 1618; x_wconf 82' lang='grc' dir='ltr'><strong>καὶ</strong></span> <span class='ocrx_word' id='word_1_212' title='bbox 2208 1563 2436 1635; x_wconf 82' lang='grc' dir='ltr'>μάθησις</span> <span class='ocrx_word' id='word_1_213' title='bbox 2468 1609 2486 1632; x_wconf 95' lang='grc'><strong>,</strong></span> <span class='ocrx_word' id='word_1_214' title='bbox 2533 1567 2623 1620; x_wconf 88' lang='grc' dir='ltr'><strong>καὶ</strong></span> <span class='ocrx_word' id='word_1_215' title='bbox 2674 1565 2750 1628; x_wconf 82' lang='grc' dir='ltr'><strong>ὡς</strong></span> <span class='ocrx_word' id='word_1_216' title='bbox 2809 1560 3063 1628; x_wconf 75' lang='grc' dir='ltr'>ἀνάϐασις</span> <span class='ocrx_word' id='word_1_217' title='bbox 3121 1564 3212 1620; x_wconf 82' lang='grc' dir='ltr'><strong>καὶ</strong></span> <span class='ocrx_word' id='word_1_218' title='bbox 3269 1561 3560 1627; x_wconf 76' lang='grc' dir='ltr'>κατάϐασις</span> <span class='ocrx_word' id='word_1_219' title='bbox 3593 1584 3610 1602; x_wconf 88' lang='grc'><strong>·</strong></span> <span class='ocrx_word' id='word_1_220' title='bbox 3667 1566 3707 1634; x_wconf 73' lang='grc' dir='ltr'><strong>ἢ</strong></span> 
     </span>
    </p>
   </div>
   <div class='ocr_carea' id='block_1_31' title="bbox 2062 1650 3704 1728">
    <p class='ocr_par' dir='ltr' id='par_1_31' title="bbox 2062 1650 3704 1728">
     <span class='ocr_line' id='line_1_31' title="bbox 2062 1650 3704 1728; baseline 0.001 -20"><span class='ocrx_word' id='word_1_221' title='bbox 2062 1650 2279 1725; x_wconf 83' lang='grc' dir='ltr'>μᾶλλον</span> <span class='ocrx_word' id='word_1_222' title='bbox 2306 1652 2395 1707; x_wconf 80' lang='grc' dir='ltr'><strong>καὶ</strong></span> <span class='ocrx_word' id='word_1_223' title='bbox 2450 1657 2529 1725; x_wconf 78' lang='grc' dir='ltr'>τῷ</span> <span class='ocrx_word' id='word_1_224' title='bbox 2586 1655 2925 1727; x_wconf 71' lang='grc' dir='ltr'>ὑποκειμένῳ</span> <span class='ocrx_word' id='word_1_225' title='bbox 2979 1653 3069 1710; x_wconf 82' lang='grc' dir='ltr'>καὶ</span> <span class='ocrx_word' id='word_1_226' title='bbox 3115 1659 3193 1726; x_wconf 79' lang='grc' dir='ltr'><strong>τῷ</strong></span> <span class='ocrx_word' id='word_1_227' title='bbox 3243 1651 3399 1728; x_wconf 84' lang='grc' dir='ltr'>λόγῳ</span> <span class='ocrx_word' id='word_1_228' title='bbox 3447 1652 3530 1723; x_wconf 58' lang='grc' dir='ltr'>εἷίη</span> <span class='ocrx_word' id='word_1_229' title='bbox 3576 1655 3704 1723; x_wconf 78' lang='grc' dir='ltr'><strong>ἃνὴ</strong></span> 
     </span>
    </p>
   </div>
   <div class='ocr_carea' id='block_1_32' title="bbox 2057 1740 3708 1816">
    <p class='ocr_par' dir='ltr' id='par_1_32' title="bbox 2057 1740 3708 1816">
     <span class='ocr_line' id='line_1_32' title="bbox 2057 1740 3708 1816; baseline 0.002 -22"><span class='ocrx_word' id='word_1_230' title='bbox 2057 1741 2266 1812; x_wconf 82' lang='grc' dir='ltr'>κίνησις</span> <span class='ocrx_word' id='word_1_231' title='bbox 2302 1741 2397 1814; x_wconf 82' lang='grc' dir='ltr'><strong>μία</strong></span> <span class='ocrx_word' id='word_1_232' title='bbox 2425 1743 2515 1797; x_wconf 86' lang='grc' dir='ltr'><strong>καὶ</strong></span> <span class='ocrx_word' id='word_1_233' title='bbox 2562 1743 2720 1815; x_wconf 81' lang='grc' dir='ltr'>αὑτή,</span> <span class='ocrx_word' id='word_1_234' title='bbox 2768 1742 2819 1798; x_wconf 89' lang='grc' dir='ltr'><strong>ἐν</strong></span> <span class='ocrx_word' id='word_1_235' title='bbox 2863 1747 2942 1816; x_wconf 81' lang='grc' dir='ltr'>τῷ</span> <span class='ocrx_word' id='word_1_236' title='bbox 2969 1743 3276 1816; x_wconf 77' lang='grc' dir='ltr'>κινουμένῳ</span> <span class='ocrx_word' id='word_1_237' title='bbox 3306 1740 3437 1797; x_wconf 75' lang='grc' dir='ltr'>οὖσα</span> <span class='ocrx_word' id='word_1_238' title='bbox 3467 1741 3569 1797; x_wconf 81' lang='grc' dir='ltr'><strong>ὑπὸ</strong></span> <span class='ocrx_word' id='word_1_239' title='bbox 3604 1747 3708 1797; x_wconf 74' lang='grc' dir='ltr'><strong>τοῦ</strong></span> 
     </span>
    </p>
   </div>
   <div class='ocr_carea' id='block_1_33' title="bbox 2055 1829 3704 1908">
    <p class='ocr_par' dir='ltr' id='par_1_33' title="bbox 2055 1829 3704 1908">
     <span class='ocr_line' id='line_1_33' title="bbox 2055 1829 3704 1908; baseline 0.001 -24"><span class='ocrx_word' id='word_1_240' title='bbox 2055 1835 2350 1892; x_wconf 71' lang='grc' dir='ltr'>κινοῦντοςο</span> <span class='ocrx_word' id='word_1_241' title='bbox 2411 1829 2536 1886; x_wconf 75' lang='grc' dir='ltr'>οὑδὲ</span> <span class='ocrx_word' id='word_1_242' title='bbox 2592 1834 2696 1907; x_wconf 76' lang='grc' dir='ltr'>γὰρ</span> <span class='ocrx_word' id='word_1_243' title='bbox 2741 1830 2920 1908; x_wconf 82' lang='grc' dir='ltr'>ὥσπερ</span> <span class='ocrx_word' id='word_1_244' title='bbox 2977 1835 3012 1901; x_wconf 76' lang='grc' dir='ltr'>ἡ</span> <span class='ocrx_word' id='word_1_245' title='bbox 3065 1832 3286 1901; x_wconf 81' lang='grc' dir='ltr'>ποίησις</span> <span class='ocrx_word' id='word_1_246' title='bbox 3329 1833 3418 1886; x_wconf 81' lang='grc' dir='ltr'><strong>καὶ</strong></span> <span class='ocrx_word' id='word_1_247' title='bbox 3447 1833 3482 1901; x_wconf 77' lang='grc' dir='ltr'><strong>ἡ</strong></span> <span class='ocrx_word' id='word_1_248' title='bbox 3523 1830 3704 1902; x_wconf 70' lang='grc' dir='ltr'>πάθη-</span> 
     </span>
    </p>
   </div>
   <div class='ocr_carea' id='block_1_34' title="bbox 2055 1920 3704 1996">
    <p class='ocr_par' dir='ltr' id='par_1_34' title="bbox 2055 1920 3704 1996">
     <span class='ocr_line' id='line_1_34' title="bbox 2055 1920 3704 1996; baseline 0.001 -23"><span class='ocrx_word' id='word_1_249' title='bbox 2055 1939 2140 1981; x_wconf 87' lang='grc' dir='ltr'><strong>σις</strong></span> <span class='ocrx_word' id='word_1_250' title='bbox 2193 1920 2520 1994; x_wconf 79' lang='grc' dir='ltr'>μερίζονται,</span> <span class='ocrx_word' id='word_1_251' title='bbox 2568 1923 2602 1990; x_wconf 85' lang='grc' dir='ltr'><strong>ἡ</strong></span> <span class='ocrx_word' id='word_1_252' title='bbox 2667 1921 2760 1993; x_wconf 71' lang='grc' dir='ltr'>μὲν</span> <span class='ocrx_word' id='word_1_253' title='bbox 2815 1921 2938 1996; x_wconf 82' lang='grc' dir='ltr'>περὶ</span> <span class='ocrx_word' id='word_1_254' title='bbox 2988 1921 3090 1990; x_wconf 74' lang='grc' dir='ltr'>τὴν</span> <span class='ocrx_word' id='word_1_255' title='bbox 3141 1921 3370 1974; x_wconf 78' lang='grc' dir='ltr'>ἀπὸτοῦ</span> <span class='ocrx_word' id='word_1_256' title='bbox 3415 1924 3704 1981; x_wconf 79' lang='grc' dir='ltr'>ποιοῦντος</span> 
     </span>
    </p>
   </div>
   <div class='ocr_carea' id='block_1_35' title="bbox 309 2007 1944 2089">
    <p class='ocr_par' dir='ltr' id='par_1_35' title="bbox 309 2008 1944 2089">
     <span class='ocr_line' id='line_1_35' title="bbox 309 2008 1944 2089; baseline 0.006 -27"><span class='ocrx_word' id='word_1_257' title='bbox 309 2008 671 2066; x_wconf 72' lang='lat' dir='ltr'><strong>affectionem</strong></span> <span class='ocrx_word' id='word_1_258' title='bbox 705 2013 776 2067; x_wconf 89' lang='lat' dir='ltr'><strong>ab</strong></span> <span class='ocrx_word' id='word_1_259' title='bbox 807 2017 1050 2084; x_wconf 86' lang='lat' dir='ltr'><strong>agente;</strong></span> <span class='ocrx_word' id='word_1_260' title='bbox 1101 2015 1222 2071; x_wconf 59' lang='lat' dir='ltr'><strong>haec</strong></span> <span class='ocrx_word' id='word_1_261' title='bbox 1268 2016 1422 2072; x_wconf 91' lang='lat' dir='ltr'><strong>circa</strong></span> <span class='ocrx_word' id='word_1_262' title='bbox 1465 2033 1591 2073; x_wconf 86' lang='lat' dir='ltr'><strong>eam</strong></span> <span class='ocrx_word' id='word_1_263' title='bbox 1623 2033 1750 2089; x_wconf 78' lang='lat' dir='ltr'><strong>quas</strong></span> <span class='ocrx_word' id='word_1_264' title='bbox 1781 2034 1816 2072; x_wconf 92' lang='lat' dir='ltr'><strong>a</strong></span> <span class='ocrx_word' id='word_1_265' title='bbox 1846 2033 1944 2088; x_wconf 88' lang='lat' dir='ltr'><strong>pa-</strong></span> 
     </span>
    </p>
   </div>
   <div class='ocr_carea' id='block_1_36' title="bbox 2058 2007 3700 2089">
    <p class='ocr_par' dir='ltr' id='par_1_36' title="bbox 2058 2007 3700 2084">
     <span class='ocr_line' id='line_1_36' title="bbox 2058 2007 3700 2084; baseline -0.001 -21"><span class='ocrx_word' id='word_1_266' title='bbox 2058 2007 2261 2084; x_wconf 89' lang='grc' dir='ltr'>σχέσιν,</span> <span class='ocrx_word' id='word_1_267' title='bbox 2292 2011 2328 2078; x_wconf 79' lang='grc' dir='ltr'>ἡ</span> <span class='ocrx_word' id='word_1_268' title='bbox 2363 2007 2421 2064; x_wconf 76' lang='grc' dir='ltr'>δὲ</span> <span class='ocrx_word' id='word_1_269' title='bbox 2457 2009 2581 2084; x_wconf 85' lang='grc' dir='ltr'>περὶ</span> <span class='ocrx_word' id='word_1_270' title='bbox 2610 2010 2710 2078; x_wconf 76' lang='grc' dir='ltr'>τὴν</span> <span class='ocrx_word' id='word_1_271' title='bbox 2757 2008 2862 2064; x_wconf 83' lang='grc' dir='ltr'>ἀπὸ</span> <span class='ocrx_word' id='word_1_272' title='bbox 2907 2013 3006 2064; x_wconf 72' lang='grc' dir='ltr'><strong>τοῦ</strong></span> <span class='ocrx_word' id='word_1_273' title='bbox 3050 2010 3381 2084; x_wconf 57' lang='grc' dir='ltr'>πάσχοντος</span> <span class='ocrx_word' id='word_1_274' title='bbox 3414 2007 3558 2062; x_wconf 75' lang='grc' dir='ltr'>οὕτω</span> <span class='ocrx_word' id='word_1_275' title='bbox 3610 2009 3700 2062; x_wconf 73' lang='grc' dir='ltr'><strong>καὶ</strong></span> 
     </span>
    </p>
   </div>
   <div class='ocr_carea' id='block_1_37' title="bbox 308 2095 1944 2178">
    <p class='ocr_par' dir='ltr' id='par_1_37' title="bbox 308 2095 1944 2178">
     <span class='ocr_line' id='line_1_37' title="bbox 308 2095 1944 2178; baseline 0.008 -29"><span class='ocrx_word' id='word_1_276' title='bbox 308 2095 488 2153; x_wconf 89' lang='lat' dir='ltr'><strong>tiente</strong></span> <span class='ocrx_word' id='word_1_277' title='bbox 518 2102 607 2154; x_wconf 89' lang='lat' dir='ltr'><strong>est</strong></span> <span class='ocrx_word' id='word_1_278' title='bbox 634 2100 897 2157; x_wconf 87' lang='lat' dir='ltr'><strong>exoriens</strong></span> <span class='ocrx_word' id='word_1_279' title='bbox 922 2120 936 2170; x_wconf 90' lang='lat'><strong>;</strong></span> <span class='ocrx_word' id='word_1_280' title='bbox 974 2102 1058 2158; x_wconf 91' lang='lat' dir='ltr'><strong>sic</strong></span> <span class='ocrx_word' id='word_1_281' title='bbox 1085 2104 1261 2160; x_wconf 89' lang='lat' dir='ltr'><strong>etiam</strong></span> <span class='ocrx_word' id='word_1_282' title='bbox 1294 2112 1365 2160; x_wconf 90' lang='lat' dir='ltr'><strong>ab</strong></span> <span class='ocrx_word' id='word_1_283' title='bbox 1395 2105 1522 2177; x_wconf 87' lang='lat' dir='ltr'><strong>ipso</strong></span> <span class='ocrx_word' id='word_1_284' title='bbox 1552 2106 1760 2178; x_wconf 90' lang='lat' dir='ltr'><strong>[motu]</strong></span> <span class='ocrx_word' id='word_1_285' title='bbox 1791 2106 1944 2178; x_wconf 89' lang='lat' dir='ltr'><strong>quod</strong></span> 
     </span>
    </p>
   </div>
   <div class='ocr_carea' id='block_1_38' title="bbox 2058 2095 3690 2178">
    <p class='ocr_par' dir='ltr' id='par_1_38' title="bbox 2058 2095 3690 2170">
     <span class='ocr_line' id='line_1_38' title="bbox 2058 2095 3690 2170; baseline -0.001 -18"><span class='ocrx_word' id='word_1_286' title='bbox 2058 2099 2146 2152; x_wconf 71' lang='grc' dir='ltr'><strong>ἀπ’</strong></span> <span class='ocrx_word' id='word_1_287' title='bbox 2174 2097 2339 2166; x_wconf 73' lang='grc' dir='ltr'>αὐτῆς</span> <span class='ocrx_word' id='word_1_288' title='bbox 2388 2099 2452 2152; x_wconf 84' lang='grc' dir='ltr'><strong>τὸ</strong></span> <span class='ocrx_word' id='word_1_289' title='bbox 2500 2098 2603 2153; x_wconf 87' lang='grc' dir='ltr'>ὑπὸ</span> <span class='ocrx_word' id='word_1_290' title='bbox 2643 2096 2802 2153; x_wconf 78' lang='grc' dir='ltr'>τοῦδε</span> <span class='ocrx_word' id='word_1_291' title='bbox 2849 2097 2939 2153; x_wconf 83' lang='grc' dir='ltr'><strong>καὶ</strong></span> <span class='ocrx_word' id='word_1_292' title='bbox 2983 2099 3047 2152; x_wconf 87' lang='grc' dir='ltr'>τὸ</span> <span class='ocrx_word' id='word_1_293' title='bbox 3095 2097 3149 2152; x_wconf 88' lang='grc' dir='ltr'><strong>ἐν</strong></span> <span class='ocrx_word' id='word_1_294' title='bbox 3182 2095 3324 2169; x_wconf 80' lang='grc' dir='ltr'>τῷδε</span> <span class='ocrx_word' id='word_1_295' title='bbox 3352 2099 3690 2170; x_wconf 79' lang='grc' dir='ltr'>μεμέρισταιο</span> 
     </span>
    </p>
   </div>
   <div class='ocr_carea' id='block_1_39' title="bbox 311 2184 1944 2264">
    <p class='ocr_par' dir='ltr' id='par_1_39' title="bbox 311 2187 1944 2262">
     <span class='ocr_line' id='line_1_39' title="bbox 311 2187 1944 2262; baseline 0.006 -22"><span class='ocrx_word' id='word_1_296' title='bbox 311 2190 400 2241; x_wconf 87' lang='lat' dir='ltr'><strong>est</strong></span> <span class='ocrx_word' id='word_1_297' title='bbox 427 2188 500 2242; x_wconf 81' lang='lat' dir='ltr'><strong>ab</strong></span> <span class='ocrx_word' id='word_1_298' title='bbox 530 2187 640 2243; x_wconf 90' lang='lat' dir='ltr'><strong>hoc</strong></span> <span class='ocrx_word' id='word_1_299' title='bbox 668 2193 726 2244; x_wconf 93' lang='lat' dir='ltr'><strong>et</strong></span> <span class='ocrx_word' id='word_1_300' title='bbox 754 2191 909 2260; x_wconf 90' lang='lat' dir='ltr'><strong>quod</strong></span> <span class='ocrx_word' id='word_1_301' title='bbox 940 2197 1028 2248; x_wconf 90' lang='lat' dir='ltr'><strong>est</strong></span> <span class='ocrx_word' id='word_1_302' title='bbox 1057 2193 1116 2247; x_wconf 91' lang='lat' dir='ltr'><strong>in</strong></span> <span class='ocrx_word' id='word_1_303' title='bbox 1147 2193 1257 2249; x_wconf 86' lang='lat' dir='ltr'><strong>hoc</strong></span> <span class='ocrx_word' id='word_1_304' title='bbox 1304 2194 1581 2250; x_wconf 86' lang='lat' dir='ltr'><strong>distincta</strong></span> <span class='ocrx_word' id='word_1_305' title='bbox 1617 2199 1792 2262; x_wconf 90' lang='lat' dir='ltr'><strong>sunt;</strong></span> <span class='ocrx_word' id='word_1_306' title='bbox 1843 2195 1944 2250; x_wconf 90' lang='lat' dir='ltr'><strong>sed</strong></span> 
     </span>
    </p>
   </div>
   <div class='ocr_carea' id='block_1_40' title="bbox 2058 2184 3690 2264">
    <p class='ocr_par' dir='ltr' id='par_1_40' title="bbox 2058 2184 3690 2264">
     <span class='ocr_line' id='line_1_40' title="bbox 2058 2184 3690 2264; baseline -0.001 -23"><span class='ocrx_word' id='word_1_307' title='bbox 2058 2184 2178 2242; x_wconf 76' lang='grc' dir='ltr'>ἀλλ’</span> <span class='ocrx_word' id='word_1_308' title='bbox 2227 2187 2392 2264; x_wconf 75' lang='grc' dir='ltr'>ἄμφω</span> <span class='ocrx_word' id='word_1_309' title='bbox 2435 2191 2604 2241; x_wconf 80' lang='grc' dir='ltr'>ταῦτα</span> <span class='ocrx_word' id='word_1_310' title='bbox 2648 2187 2747 2255; x_wconf 79' lang='grc' dir='ltr'>τὴν</span> <span class='ocrx_word' id='word_1_311' title='bbox 2799 2185 2920 2260; x_wconf 83' lang='grc' dir='ltr'>μίαν</span> <span class='ocrx_word' id='word_1_312' title='bbox 2969 2185 3181 2258; x_wconf 80' lang='grc' dir='ltr'>κίνησιν</span> <span class='ocrx_word' id='word_1_313' title='bbox 3230 2184 3570 2261; x_wconf 76' lang='grc' dir='ltr'>συμπληροῖ,</span> <span class='ocrx_word' id='word_1_314' title='bbox 3599 2186 3690 2241; x_wconf 82' lang='grc' dir='ltr'><strong>τὸν</strong></span> 
     </span>
    </p>
   </div>
   <div class='ocr_carea' id='block_1_41' title="bbox 309 2271 1944 2355">
    <p class='ocr_par' dir='ltr' id='par_1_41' title="bbox 309 2275 1944 2355">
     <span class='ocr_line' id='line_1_41' title="bbox 309 2275 1944 2355; baseline 0.005 -26"><span class='ocrx_word' id='word_1_315' title='bbox 309 2275 482 2330; x_wconf 86' lang='lat' dir='ltr'><strong>ambo</strong></span> <span class='ocrx_word' id='word_1_316' title='bbox 511 2275 633 2332; x_wconf 68' lang='lat' dir='ltr'><strong>hac</strong></span> <span class='ocrx_word' id='word_1_317' title='bbox 663 2294 847 2333; x_wconf 90' lang='lat' dir='ltr'><strong>unum</strong></span> <span class='ocrx_word' id='word_1_318' title='bbox 887 2285 1111 2336; x_wconf 90' lang='lat' dir='ltr'><strong>motum</strong></span> <span class='ocrx_word' id='word_1_319' title='bbox 1157 2281 1472 2354; x_wconf 90' lang='lat' dir='ltr'><strong>complent,</strong></span> <span class='ocrx_word' id='word_1_320' title='bbox 1503 2283 1692 2355; x_wconf 87' lang='lat' dir='ltr'><strong>ipsius</strong></span> <span class='ocrx_word' id='word_1_321' title='bbox 1739 2283 1944 2339; x_wconf 85' lang='lat' dir='ltr'><strong>deﬁni-</strong></span> 
     </span>
    </p>
   </div>
   <div class='ocr_carea' id='block_1_42' title="bbox 2058 2271 2820 2355">
    <p class='ocr_par' dir='ltr' id='par_1_42' title="bbox 2058 2271 2820 2351">
     <span class='ocr_line' id='line_1_42' title="bbox 2058 2271 2820 2351; baseline 0.003 -22"><span class='ocrx_word' id='word_1_322' title='bbox 2058 2271 2215 2350; x_wconf 86' lang='grc' dir='ltr'>λόγον</span> <span class='ocrx_word' id='word_1_323' title='bbox 2247 2274 2412 2344; x_wconf 73' lang='grc' dir='ltr'>αὐτῆς</span> <span class='ocrx_word' id='word_1_324' title='bbox 2441 2273 2820 2351; x_wconf 82' lang='grc' dir='ltr'>ἀπαρτίζοντα.</span> 
     </span>
    </p>
   </div>
   <div class='ocr_carea' id='block_1_43' title="bbox 308 2362 1692 2427">
    <p class='ocr_par' dir='ltr' id='par_1_43' title="bbox 308 2362 1692 2427">
     <span class='ocr_line' id='line_1_43' title="bbox 308 2362 1692 2427; baseline 0.007 -10"><span class='ocrx_word' id='word_1_325' title='bbox 308 2362 526 2419; x_wconf 87' lang='lat' dir='ltr'><strong>tionem</strong></span> <span class='ocrx_word' id='word_1_326' title='bbox 569 2367 843 2423; x_wconf 89' lang='lat' dir='ltr'><strong>omnibus</strong></span> <span class='ocrx_word' id='word_1_327' title='bbox 873 2368 998 2424; x_wconf 90' lang='lat' dir='ltr'><strong>suis</strong></span> <span class='ocrx_word' id='word_1_328' title='bbox 1029 2371 1290 2426; x_wconf 88' lang='lat' dir='ltr'><strong>numeris</strong></span> <span class='ocrx_word' id='word_1_329' title='bbox 1319 2371 1692 2427; x_wconf 85' lang='lat' dir='ltr'><strong>absolventia.</strong></span> 
     </span>
    </p>
   </div>
   <div class='ocr_carea' id='block_1_44' title="bbox 385 2451 1944 2531">
    <p class='ocr_par' dir='ltr' id='par_1_44' title="bbox 385 2453 1941 2531">
     <span class='ocr_line' id='line_1_44' title="bbox 385 2453 1941 2531; baseline 0.006 -25"><span class='ocrx_word' id='word_1_330' title='bbox 385 2453 469 2507; x_wconf 86' lang='grc'>11.</span> <span class='ocrx_word' id='word_1_331' title='bbox 532 2453 704 2510; x_wconf 90' lang='lat' dir='ltr'><strong>Porro</strong></span> <span class='ocrx_word' id='word_1_332' title='bbox 764 2461 986 2512; x_wconf 89' lang='lat' dir='ltr'><strong>motum</strong></span> <span class='ocrx_word' id='word_1_333' title='bbox 1047 2459 1157 2514; x_wconf 91' lang='lat' dir='ltr'><strong>sub</strong></span> <span class='ocrx_word' id='word_1_334' title='bbox 1217 2459 1544 2531; x_wconf 85' lang='lat' dir='ltr'><strong>quantitate</strong></span> <span class='ocrx_word' id='word_1_335' title='bbox 1607 2459 1941 2530; x_wconf 83' lang='lat' dir='ltr'><strong>collocant;</strong></span> 
     </span>
    </p>
   </div>
   <div class='ocr_carea' id='block_1_45' title="bbox 2058 2451 3692 2531">
    <p class='ocr_par' dir='ltr' id='par_1_45' title="bbox 2136 2451 3692 2523">
     <span class='ocr_line' id='line_1_45' title="bbox 2136 2451 3692 2523; baseline 0.001 -18"><span class='ocrx_word' id='word_1_336' title='bbox 2136 2454 2221 2510; x_wconf 87' lang='grc' dir='ltr'>ια’.</span> <span class='ocrx_word' id='word_1_337' title='bbox 2274 2451 2533 2508; x_wconf 81' lang='grc' dir='ltr'><strong>Τάττουσι</strong></span> <span class='ocrx_word' id='word_1_338' title='bbox 2582 2451 2640 2508; x_wconf 76' lang='grc' dir='ltr'>δὲ</span> <span class='ocrx_word' id='word_1_339' title='bbox 2689 2454 2788 2521; x_wconf 78' lang='grc' dir='ltr'>τὴν</span> <span class='ocrx_word' id='word_1_340' title='bbox 2837 2451 3045 2523; x_wconf 85' lang='grc' dir='ltr'>κίνησιν</span> <span class='ocrx_word' id='word_1_341' title='bbox 3093 2452 3196 2508; x_wconf 89' lang='grc' dir='ltr'><strong>ὑπὸ</strong></span> <span class='ocrx_word' id='word_1_342' title='bbox 3238 2453 3302 2507; x_wconf 86' lang='grc' dir='ltr'>τὸ</span> <span class='ocrx_word' id='word_1_343' title='bbox 3339 2451 3525 2507; x_wconf 78' lang='grc' dir='ltr'>ποσόνο</span> <span class='ocrx_word' id='word_1_344' title='bbox 3578 2451 3692 2507; x_wconf 82' lang='grc' dir='ltr'>ἐπεὶ</span> 
     </span>
    </p>
   </div>
   <div class='ocr_carea' id='block_1_46' title="bbox 309 2539 1944 2620">
    <p class='ocr_par' dir='ltr' id='par_1_46' title="bbox 309 2541 1944 2620">
     <span class='ocr_line' id='line_1_46' title="bbox 309 2541 1944 2620; baseline 0.005 -24"><span class='ocrx_word' id='word_1_345' title='bbox 309 2541 785 2614; x_wconf 90' lang='lat' dir='ltr'><strong>quandoquidem</strong></span> <span class='ocrx_word' id='word_1_346' title='bbox 861 2550 1098 2617; x_wconf 84' lang='lat' dir='ltr'><strong>propter</strong></span> <span class='ocrx_word' id='word_1_347' title='bbox 1169 2548 1652 2616; x_wconf 75' lang='lat' dir='ltr'><strong>magnitudinem,</strong></span> <span class='ocrx_word' id='word_1_348' title='bbox 1711 2548 1769 2604; x_wconf 92' lang='lat' dir='ltr'><strong>in</strong></span> <span class='ocrx_word' id='word_1_349' title='bbox 1827 2565 1944 2620; x_wconf 90' lang='lat' dir='ltr'><strong>qua</strong></span> 
     </span>
    </p>
   </div>
   <div class='ocr_carea' id='block_1_47' title="bbox 2058 2539 3694 2620">
    <p class='ocr_par' dir='ltr' id='par_1_47' title="bbox 2058 2539 3694 2618">
     <span class='ocr_line' id='line_1_47' title="bbox 2058 2539 3694 2618; baseline 0 -22"><span class='ocrx_word' id='word_1_350' title='bbox 2058 2539 2201 2596; x_wconf 85' lang='grc' dir='ltr'><strong>δοκεῖ</strong></span> <span class='ocrx_word' id='word_1_351' title='bbox 2225 2543 2458 2618; x_wconf 75' lang='grc' dir='ltr'>συνεχής</span> <span class='ocrx_word' id='word_1_352' title='bbox 2488 2540 2576 2597; x_wconf 77' lang='grc' dir='ltr'>διὰ</span> <span class='ocrx_word' id='word_1_353' title='bbox 2623 2543 2684 2597; x_wconf 89' lang='grc' dir='ltr'>τὸ</span> <span class='ocrx_word' id='word_1_354' title='bbox 2738 2541 2957 2618; x_wconf 81' lang='grc' dir='ltr'>μέγεθος</span> <span class='ocrx_word' id='word_1_355' title='bbox 3003 2541 3056 2596; x_wconf 87' lang='grc' dir='ltr'><strong>ἐν</strong></span> <span class='ocrx_word' id='word_1_356' title='bbox 3082 2542 3128 2614; x_wconf 81' lang='grc' dir='ltr'>ᾧ</span> <span class='ocrx_word' id='word_1_357' title='bbox 3171 2543 3472 2616; x_wconf 68' lang='grc' dir='ltr'>θεωρεῖται*</span> <span class='ocrx_word' id='word_1_358' title='bbox 3515 2541 3694 2605; x_wconf 77' lang='grc' dir='ltr'>καθὼς</span> 
     </span>
    </p>
   </div>
   <div class='ocr_carea' id='block_1_48' title="bbox 310 2627 1944 2708">
    <p class='ocr_par' dir='ltr' id='par_1_48' title="bbox 310 2631 1940 2708">
     <span class='ocr_line' id='line_1_48' title="bbox 310 2631 1940 2708; baseline 0.004 -23"><span class='ocrx_word' id='word_1_359' title='bbox 310 2631 732 2699; x_wconf 75' lang='lat' dir='ltr'><strong>consideratur,</strong></span> <span class='ocrx_word' id='word_1_360' title='bbox 793 2634 1106 2690; x_wconf 89' lang='lat' dir='ltr'><strong>continuus</strong></span> <span class='ocrx_word' id='word_1_361' title='bbox 1154 2636 1418 2701; x_wconf 89' lang='lat' dir='ltr'><strong>videtur;</strong></span> <span class='ocrx_word' id='word_1_362' title='bbox 1443 2638 1940 2708; x_wconf 88' lang='lat' dir='ltr'><strong>quemadmodum</strong></span> 
     </span>
    </p>
   </div>
   <div class='ocr_carea' id='block_1_49' title="bbox 2058 2627 3694 2708">
    <p class='ocr_par' dir='ltr' id='par_1_49' title="bbox 2058 2627 3694 2707">
     <span class='ocr_line' id='line_1_49' title="bbox 2058 2627 3694 2707; baseline 0 -22"><span class='ocrx_word' id='word_1_363' title='bbox 2058 2631 2308 2707; x_wconf 73' lang='grc' dir='ltr'>ὑχρόνος</span> <span class='ocrx_word' id='word_1_364' title='bbox 2365 2629 2454 2686; x_wconf 80' lang='grc' dir='ltr'><strong>διὰ</strong></span> <span class='ocrx_word' id='word_1_365' title='bbox 2504 2633 2603 2701; x_wconf 79' lang='grc' dir='ltr'>τὴν</span> <span class='ocrx_word' id='word_1_366' title='bbox 2667 2631 2898 2702; x_wconf 83' lang='grc' dir='ltr'>κίνησιν.</span> <span class='ocrx_word' id='word_1_367' title='bbox 2960 2631 3058 2685; x_wconf 80' lang='grc' dir='ltr'><strong>Καὶ</strong></span> <span class='ocrx_word' id='word_1_368' title='bbox 3116 2631 3218 2686; x_wconf 87' lang='grc' dir='ltr'><strong>ὑπὸ</strong></span> <span class='ocrx_word' id='word_1_369' title='bbox 3269 2631 3338 2684; x_wconf 78' lang='grc' dir='ltr'><strong>τὰ</strong></span> <span class='ocrx_word' id='word_1_370' title='bbox 3380 2629 3515 2706; x_wconf 89' lang='grc' dir='ltr'>πρός</span> <span class='ocrx_word' id='word_1_371' title='bbox 3552 2651 3605 2685; x_wconf 86' lang='grc' dir='ltr'><strong>τι</strong></span> <span class='ocrx_word' id='word_1_372' title='bbox 3635 2627 3694 2685; x_wconf 76' lang='grc' dir='ltr'>δὲ</span> 
     </span>
    </p>
   </div>
   <div class='ocr_carea' id='block_1_50' title="bbox 308 2718 1944 2798">
    <p class='ocr_par' dir='ltr' id='par_1_50' title="bbox 308 2721 1940 2798">
     <span class='ocr_line' id='line_1_50' title="bbox 308 2721 1940 2798; baseline 0.006 -27"><span class='ocrx_word' id='word_1_373' title='bbox 308 2721 541 2789; x_wconf 85' lang='lat' dir='ltr'><strong>tempus</strong></span> <span class='ocrx_word' id='word_1_374' title='bbox 567 2724 803 2791; x_wconf 80' lang='lat' dir='ltr'><strong>prOpter</strong></span> <span class='ocrx_word' id='word_1_375' title='bbox 831 2726 1077 2778; x_wconf 89' lang='lat' dir='ltr'><strong>motum.</strong></span> <span class='ocrx_word' id='word_1_376' title='bbox 1111 2727 1177 2778; x_wconf 88' lang='lat' dir='ltr'><strong>Et</strong></span> <span class='ocrx_word' id='word_1_377' title='bbox 1205 2741 1335 2780; x_wconf 92' lang='lat' dir='ltr'><strong>vero</strong></span> <span class='ocrx_word' id='word_1_378' title='bbox 1365 2725 1540 2780; x_wconf 85' lang='lat' dir='ltr'><strong>etiam</strong></span> <span class='ocrx_word' id='word_1_379' title='bbox 1590 2726 1647 2780; x_wconf 91' lang='lat' dir='ltr'><strong>in</strong></span> <span class='ocrx_word' id='word_1_380' title='bbox 1695 2725 1768 2781; x_wconf 88' lang='lat' dir='ltr'><strong>iis</strong></span> <span class='ocrx_word' id='word_1_381' title='bbox 1815 2742 1940 2798; x_wconf 84' lang='lat' dir='ltr'><strong>quae</strong></span> 
     </span>
    </p>
   </div>
   <div class='ocr_carea' id='block_1_51' title="bbox 2058 2718 3691 2798">
    <p class='ocr_par' dir='ltr' id='par_1_51' title="bbox 2058 2718 3691 2796">
     <span class='ocr_line' id='line_1_51' title="bbox 2058 2718 3691 2796; baseline -0.002 -21"><span class='ocrx_word' id='word_1_382' title='bbox 2058 2721 2245 2790; x_wconf 74' lang='grc' dir='ltr'>ταύτην</span> <span class='ocrx_word' id='word_1_383' title='bbox 2303 2721 2560 2790; x_wconf 83' lang='grc' dir='ltr'>τιθέασιν,</span> <span class='ocrx_word' id='word_1_384' title='bbox 2621 2718 2729 2796; x_wconf 51' lang='grc' dir='ltr'>εἴγε</span> <span class='ocrx_word' id='word_1_385' title='bbox 2783 2723 2817 2790; x_wconf 84' lang='grc' dir='ltr'>ἡ</span> <span class='ocrx_word' id='word_1_386' title='bbox 2874 2719 3086 2789; x_wconf 82' lang='grc' dir='ltr'>κίνησις</span> <span class='ocrx_word' id='word_1_387' title='bbox 3145 2720 3463 2792; x_wconf 84' lang='grc' dir='ltr'>κινουμένου</span> <span class='ocrx_word' id='word_1_388' title='bbox 3536 2719 3691 2788; x_wconf 82' lang='grc' dir='ltr'>κίνη-</span> 
     </span>
    </p>
   </div>
   <div class='ocr_carea' id='block_1_52' title="bbox 310 2805 1941 2886">
    <p class='ocr_par' dir='ltr' id='par_1_52' title="bbox 310 2805 1941 2886">
     <span class='ocr_line' id='line_1_52' title="bbox 310 2805 1941 2886; baseline 0.006 -26"><span class='ocrx_word' id='word_1_389' title='bbox 310 2806 382 2861; x_wconf 87' lang='lat' dir='ltr'><strong>ad</strong></span> <span class='ocrx_word' id='word_1_390' title='bbox 434 2805 654 2878; x_wconf 89' lang='lat' dir='ltr'><strong>aliquid</strong></span> <span class='ocrx_word' id='word_1_391' title='bbox 703 2809 1052 2877; x_wconf 87' lang='lat' dir='ltr'><strong>referuntur,</strong></span> <span class='ocrx_word' id='word_1_392' title='bbox 1106 2827 1241 2867; x_wconf 90' lang='lat' dir='ltr'><strong>eum</strong></span> <span class='ocrx_word' id='word_1_393' title='bbox 1292 2817 1615 2884; x_wconf 88' lang='lat' dir='ltr'><strong>reponunt;</strong></span> <span class='ocrx_word' id='word_1_394' title='bbox 1648 2813 1941 2886; x_wconf 88' lang='lat' dir='ltr'><strong>siquidem</strong></span> 
     </span>
    </p>
   </div>
   <div class='ocr_carea' id='block_1_53' title="bbox 308 2898 1945 2971">
    <p class='ocr_par' dir='ltr' id='par_1_53' title="bbox 308 2898 1945 2971">
     <span class='ocr_line' id='line_1_53' title="bbox 308 2898 1945 2971; baseline 0.006 -23"><span class='ocrx_word' id='word_1_395' title='bbox 308 2899 523 2962; x_wconf 90' lang='lat' dir='ltr'><strong>motus,</strong></span> <span class='ocrx_word' id='word_1_396' title='bbox 582 2898 711 2967; x_wconf 82' lang='lat' dir='ltr'><strong>ejus</strong></span> <span class='ocrx_word' id='word_1_397' title='bbox 757 2899 912 2971; x_wconf 90' lang='lat' dir='ltr'><strong>quod</strong></span> <span class='ocrx_word' id='word_1_398' title='bbox 961 2901 1058 2957; x_wconf 71' lang='lat'><strong>45</strong></span> <span class='ocrx_word' id='word_1_399' title='bbox 1110 2905 1395 2968; x_wconf 88' lang='lat' dir='ltr'><strong>movetur,</strong></span> <span class='ocrx_word' id='word_1_400' title='bbox 1445 2907 1536 2957; x_wconf 90' lang='lat' dir='ltr'><strong>est</strong></span> <span class='ocrx_word' id='word_1_401' title='bbox 1608 2907 1840 2971; x_wconf 88' lang='lat' dir='ltr'><strong>motus;</strong></span> <span class='ocrx_word' id='word_1_402' title='bbox 1887 2907 1945 2958; x_wconf 89' lang='lat' dir='ltr'><strong>et</strong></span> 
     </span>
    </p>
   </div>
   <div class='ocr_carea' id='block_1_54' title="bbox 309 2985 1943 3059">
    <p class='ocr_par' dir='ltr' id='par_1_54' title="bbox 309 2985 1943 3059">
     <span class='ocr_line' id='line_1_54' title="bbox 309 2985 1943 3059; baseline 0.005 -21"><span class='ocrx_word' id='word_1_403' title='bbox 309 2985 462 3055; x_wconf 90' lang='lat' dir='ltr'><strong>quod</strong></span> <span class='ocrx_word' id='word_1_404' title='bbox 500 2990 781 3055; x_wconf 87' lang='lat' dir='ltr'><strong>movetur,</strong></span> <span class='ocrx_word' id='word_1_405' title='bbox 813 3005 915 3059; x_wconf 90' lang='lat' dir='ltr'><strong>per</strong></span> <span class='ocrx_word' id='word_1_406' title='bbox 943 2993 1166 3044; x_wconf 88' lang='lat' dir='ltr'><strong>motum</strong></span> <span class='ocrx_word' id='word_1_407' title='bbox 1202 2994 1482 3046; x_wconf 88' lang='lat' dir='ltr'><strong>movetur.</strong></span> <span class='ocrx_word' id='word_1_408' title='bbox 1516 2992 1802 3047; x_wconf 88' lang='lat' dir='ltr'><strong>Fortassis</strong></span> <span class='ocrx_word' id='word_1_409' title='bbox 1844 3009 1943 3048; x_wconf 84' lang='lat' dir='ltr'><strong>au-</strong></span> 
     </span>
    </p>
   </div>
   <div class='ocr_carea' id='block_1_55' title="bbox 309 3075 1942 3148">
    <p class='ocr_par' dir='ltr' id='par_1_55' title="bbox 309 3075 1942 3148">
     <span class='ocr_line' id='line_1_55' title="bbox 309 3075 1942 3148; baseline 0.006 -21"><span class='ocrx_word' id='word_1_410' title='bbox 309 3075 427 3128; x_wconf 86' lang='lat' dir='ltr'><strong>tem</strong></span> <span class='ocrx_word' id='word_1_411' title='bbox 477 3077 673 3131; x_wconf 89' lang='lat' dir='ltr'><strong>motus</strong></span> <span class='ocrx_word' id='word_1_412' title='bbox 719 3091 854 3131; x_wconf 90' lang='lat' dir='ltr'><strong>cum</strong></span> <span class='ocrx_word' id='word_1_413' title='bbox 901 3077 1240 3134; x_wconf 84' lang='lat' dir='ltr'><strong>indeﬁnitus</strong></span> <span class='ocrx_word' id='word_1_414' title='bbox 1290 3079 1387 3148; x_wconf 89' lang='lat' dir='ltr'><strong>sit,</strong></span> <span class='ocrx_word' id='word_1_415' title='bbox 1427 3079 1487 3134; x_wconf 91' lang='lat' dir='ltr'><strong>in</strong></span> <span class='ocrx_word' id='word_1_416' title='bbox 1537 3079 1696 3136; x_wconf 89' lang='lat' dir='ltr'><strong>nullo</strong></span> <span class='ocrx_word' id='word_1_417' title='bbox 1742 3081 1942 3136; x_wconf 88' lang='lat' dir='ltr'><strong>decem</strong></span> 
     </span>
    </p>
   </div>
   <div class='ocr_carea' id='block_1_56' title="bbox 305 3164 1940 3240">
    <p class='ocr_par' dir='ltr' id='par_1_56' title="bbox 305 3164 1940 3240">
     <span class='ocr_line' id='line_1_56' title="bbox 305 3164 1940 3240; baseline 0.006 -25"><span class='ocrx_word' id='word_1_418' title='bbox 305 3175 583 3233; x_wconf 85' lang='lat' dir='ltr'><strong>generum</strong></span> <span class='ocrx_word' id='word_1_419' title='bbox 615 3164 988 3221; x_wconf 84' lang='lat' dir='ltr'><strong>definitorum</strong></span> <span class='ocrx_word' id='word_1_420' title='bbox 1019 3184 1123 3238; x_wconf 88' lang='lat' dir='ltr'><strong>per</strong></span> <span class='ocrx_word' id='word_1_421' title='bbox 1149 3184 1212 3223; x_wconf 92' lang='lat' dir='ltr'><strong>se</strong></span> <span class='ocrx_word' id='word_1_422' title='bbox 1241 3167 1567 3240; x_wconf 89' lang='lat' dir='ltr'><strong>recipietur.</strong></span> <span class='ocrx_word' id='word_1_423' title='bbox 1599 3173 1742 3224; x_wconf 83' lang='lat' dir='ltr'><strong>Cum</strong></span> <span class='ocrx_word' id='word_1_424' title='bbox 1785 3169 1940 3224; x_wconf 90' lang='lat' dir='ltr'><strong>enim</strong></span> 
     </span>
    </p>
   </div>
   <div class='ocr_carea' id='block_1_57' title="bbox 306 3255 1940 3328">
    <p class='ocr_par' dir='ltr' id='par_1_57' title="bbox 306 3255 1940 3328">
     <span class='ocr_line' id='line_1_57' title="bbox 306 3255 1940 3328; baseline 0.005 -24"><span class='ocrx_word' id='word_1_425' title='bbox 306 3263 374 3305; x_wconf 88' lang='lat' dir='ltr'><strong>ea</strong></span> <span class='ocrx_word' id='word_1_426' title='bbox 415 3266 542 3321; x_wconf 72' lang='lat' dir='ltr'><strong>quae</strong></span> <span class='ocrx_word' id='word_1_427' title='bbox 583 3257 722 3307; x_wconf 84' lang='lat' dir='ltr'><strong>sunt</strong></span> <span class='ocrx_word' id='word_1_428' title='bbox 769 3269 834 3308; x_wconf 87' lang='lat' dir='ltr'><strong>ac</strong></span> <span class='ocrx_word' id='word_1_429' title='bbox 882 3255 1122 3310; x_wconf 89' lang='lat' dir='ltr'><strong>deﬁnita</strong></span> <span class='ocrx_word' id='word_1_430' title='bbox 1169 3261 1329 3324; x_wconf 88' lang='lat' dir='ltr'><strong>sunt,</strong></span> <span class='ocrx_word' id='word_1_431' title='bbox 1357 3260 1620 3328; x_wconf 86' lang='lat' dir='ltr'><strong>respectu</strong></span> <span class='ocrx_word' id='word_1_432' title='bbox 1665 3261 1826 3312; x_wconf 90' lang='lat' dir='ltr'><strong>actus</strong></span> <span class='ocrx_word' id='word_1_433' title='bbox 1875 3273 1940 3312; x_wconf 92' lang='lat' dir='ltr'><strong>ac</strong></span> 
     </span>
    </p>
   </div>
   <div class='ocr_carea' id='block_1_58' title="bbox 2049 2807 3694 2883">
    <p class='ocr_par' dir='ltr' id='par_1_58' title="bbox 2049 2807 3694 2883">
     <span class='ocr_line' id='line_1_58' title="bbox 2049 2807 3694 2883; baseline -0.001 -19"><span class='ocrx_word' id='word_1_434' title='bbox 2049 2830 2151 2882; x_wconf 85' lang='grc' dir='ltr'>σις,</span> <span class='ocrx_word' id='word_1_435' title='bbox 2209 2809 2298 2864; x_wconf 80' lang='grc' dir='ltr'><strong>καὶ</strong></span> <span class='ocrx_word' id='word_1_436' title='bbox 2354 2811 2416 2864; x_wconf 87' lang='grc' dir='ltr'>τὸ</span> <span class='ocrx_word' id='word_1_437' title='bbox 2470 2808 2790 2883; x_wconf 80' lang='grc' dir='ltr'>κινούμενον</span> <span class='ocrx_word' id='word_1_438' title='bbox 2852 2811 3062 2880; x_wconf 80' lang='grc' dir='ltr'>κινήσει</span> <span class='ocrx_word' id='word_1_439' title='bbox 3118 2807 3432 2881; x_wconf 80' lang='grc' dir='ltr'>κινούμενον</span> <span class='ocrx_word' id='word_1_440' title='bbox 3460 2852 3473 2864; x_wconf 99' lang='grc'><strong>.</strong></span> <span class='ocrx_word' id='word_1_441' title='bbox 3531 2809 3694 2870; x_wconf 70' lang='grc' dir='ltr'>Ἴσως</span> 
     </span>
    </p>
   </div>
   <div class='ocr_carea' id='block_1_59' title="bbox 2049 2895 3693 2974">
    <p class='ocr_par' dir='ltr' id='par_1_59' title="bbox 2049 2895 3693 2974">
     <span class='ocr_line' id='line_1_59' title="bbox 2049 2895 3693 2974; baseline -0.003 -20"><span class='ocrx_word' id='word_1_442' title='bbox 2049 2897 2096 2954; x_wconf 85' lang='grc' dir='ltr'>δ’</span> <span class='ocrx_word' id='word_1_443' title='bbox 2134 2897 2383 2974; x_wconf 78' lang='grc' dir='ltr'>ἀόριστός</span> <span class='ocrx_word' id='word_1_444' title='bbox 2427 2919 2513 2961; x_wconf 85' lang='grc' dir='ltr'><strong>τις</strong></span> <span class='ocrx_word' id='word_1_445' title='bbox 2551 2896 2685 2953; x_wconf 75' lang='grc' dir='ltr'>οὖσα</span> <span class='ocrx_word' id='word_1_446' title='bbox 2728 2901 2762 2968; x_wconf 78' lang='grc' dir='ltr'><strong>ἡ</strong></span> <span class='ocrx_word' id='word_1_447' title='bbox 2815 2897 3044 2969; x_wconf 75' lang='grc' dir='ltr'>κίνησις,</span> <span class='ocrx_word' id='word_1_448' title='bbox 3096 2896 3147 2952; x_wconf 90' lang='grc' dir='ltr'><strong>ἐν</strong></span> <span class='ocrx_word' id='word_1_449' title='bbox 3191 2895 3365 2952; x_wconf 81' lang='grc' dir='ltr'>οὐδενὶ</span> <span class='ocrx_word' id='word_1_450' title='bbox 3405 2900 3512 2950; x_wconf 80' lang='grc' dir='ltr'>τῶν</span> <span class='ocrx_word' id='word_1_451' title='bbox 3564 2897 3693 2972; x_wconf 73' lang='grc' dir='ltr'>ὡριο</span> 
     </span>
    </p>
   </div>
   <div class='ocr_carea' id='block_1_60' title="bbox 2048 2984 3689 3064">
    <p class='ocr_par' dir='ltr' id='par_1_60' title="bbox 2048 2984 3689 3064">
     <span class='ocr_line' id='line_1_60' title="bbox 2048 2984 3689 3064; baseline -0.002 -23"><span class='ocrx_word' id='word_1_452' title='bbox 2048 2987 2258 3060; x_wconf 74' lang='grc' dir='ltr'>σμένων</span> <span class='ocrx_word' id='word_1_453' title='bbox 2319 2984 2444 3042; x_wconf 84' lang='grc' dir='ltr'>δέκα</span> <span class='ocrx_word' id='word_1_454' title='bbox 2497 2991 2662 3064; x_wconf 77' lang='grc' dir='ltr'>γενῶν</span> <span class='ocrx_word' id='word_1_455' title='bbox 2716 2987 2833 3042; x_wconf 80' lang='grc' dir='ltr'>καθ’</span> <span class='ocrx_word' id='word_1_456' title='bbox 2890 2985 3056 3054; x_wconf 80' lang='grc' dir='ltr'>αὐτὴν</span> <span class='ocrx_word' id='word_1_457' title='bbox 3107 2987 3519 3060; x_wconf 69' lang='grc' dir='ltr'>συναχθήσεται.</span> <span class='ocrx_word' id='word_1_458' title='bbox 3573 2988 3689 3038; x_wconf 74' lang='grc' dir='ltr'>Τῶν</span> 
     </span>
    </p>
   </div>
   <div class='ocr_carea' id='block_1_61' title="bbox 2047 3071 3689 3152">
    <p class='ocr_par' dir='ltr' id='par_1_61' title="bbox 2047 3071 3689 3152">
     <span class='ocr_line' id='line_1_61' title="bbox 2047 3071 3689 3152; baseline -0.002 -22"><span class='ocrx_word' id='word_1_459' title='bbox 2047 3077 2148 3152; x_wconf 77' lang='grc' dir='ltr'><strong>γὰρ</strong></span> <span class='ocrx_word' id='word_1_460' title='bbox 2177 3071 2345 3131; x_wconf 69' lang='grc' dir='ltr'>ὄντων</span> <span class='ocrx_word' id='word_1_461' title='bbox 2399 3077 2489 3130; x_wconf 71' lang='grc' dir='ltr'><strong>καὶ</strong></span> <span class='ocrx_word' id='word_1_462' title='bbox 2537 3074 2849 3150; x_wconf 83' lang='grc' dir='ltr'>ὡρισμένων</span> <span class='ocrx_word' id='word_1_463' title='bbox 2884 3075 2924 3144; x_wconf 73' lang='grc' dir='ltr'><strong>ἢ</strong></span> <span class='ocrx_word' id='word_1_464' title='bbox 2971 3075 3215 3129; x_wconf 57' lang='grc' dir='ltr'>κατὰτὸ</span> <span class='ocrx_word' id='word_1_465' title='bbox 3259 3071 3485 3148; x_wconf 80' lang='grc' dir='ltr'>δυνάμει</span> <span class='ocrx_word' id='word_1_466' title='bbox 3533 3072 3689 3149; x_wconf 84' lang='grc' dir='ltr'>λεγο-</span> 
     </span>
    </p>
   </div>
   <div class='ocr_carea' id='block_1_62' title="bbox 2053 3159 3691 3241">
    <p class='ocr_par' dir='ltr' id='par_1_62' title="bbox 2053 3159 3691 3241">
     <span class='ocr_line' id='line_1_62' title="bbox 2053 3159 3691 3241; baseline -0.002 -21"><span class='ocrx_word' id='word_1_467' title='bbox 2053 3163 2248 3238; x_wconf 84' lang='grc' dir='ltr'>μένων,</span> <span class='ocrx_word' id='word_1_468' title='bbox 2292 3165 2329 3234; x_wconf 76' lang='grc' dir='ltr'><strong>ἢ</strong></span> <span class='ocrx_word' id='word_1_469' title='bbox 2386 3167 2522 3220; x_wconf 84' lang='grc' dir='ltr'><strong>κατά</strong></span> <span class='ocrx_word' id='word_1_470' title='bbox 2573 3163 2952 3241; x_wconf 64' lang='grc' dir='ltr'>τὸένεργείᾳ,</span> <span class='ocrx_word' id='word_1_471' title='bbox 2983 3161 3261 3234; x_wconf 61' lang='grc' dir='ltr'>ἠίκίνησις</span> <span class='ocrx_word' id='word_1_472' title='bbox 3319 3162 3372 3217; x_wconf 88' lang='grc' dir='ltr'><strong>ἐν</strong></span> <span class='ocrx_word' id='word_1_473' title='bbox 3422 3159 3691 3237; x_wconf 75' lang='grc' dir='ltr'>οὐδετέρῳ</span> 
     </span>
    </p>
   </div>
   <div class='ocr_carea' id='block_1_63' title="bbox 2045 3248 3692 3328">
    <p class='ocr_par' dir='ltr' id='par_1_63' title="bbox 2045 3248 3692 3328">
     <span class='ocr_line' id='line_1_63' title="bbox 2045 3248 3692 3328; baseline -0.002 -20"><span class='ocrx_word' id='word_1_474' title='bbox 2045 3252 2251 3308; x_wconf 81' lang='grc' dir='ltr'>τούτων</span> <span class='ocrx_word' id='word_1_475' title='bbox 2296 3260 2515 3323; x_wconf 83' lang='grc' dir='ltr'>τεθῆναι</span> <span class='ocrx_word' id='word_1_476' title='bbox 2564 3251 2803 3310; x_wconf 81' lang='grc' dir='ltr'>δύναται.</span> <span class='ocrx_word' id='word_1_477' title='bbox 2855 3250 2952 3306; x_wconf 84' lang='grc' dir='ltr'><strong>Καὶ</strong></span> <span class='ocrx_word' id='word_1_478' title='bbox 2999 3253 3100 3328; x_wconf 85' lang='grc' dir='ltr'><strong>γὰρ</strong></span> <span class='ocrx_word' id='word_1_479' title='bbox 3146 3252 3207 3306; x_wconf 79' lang='grc' dir='ltr'>τὸ</span> <span class='ocrx_word' id='word_1_480' title='bbox 3257 3248 3481 3324; x_wconf 81' lang='grc' dir='ltr'>δυνάμει</span> <span class='ocrx_word' id='word_1_481' title='bbox 3529 3250 3692 3324; x_wconf 80' lang='grc' dir='ltr'>μόνον</span> 
     </span>
    </p>
   </div>
   <div class='ocr_carea' id='block_1_64' title="bbox 306 3329 1944 3418">
    <p class='ocr_par' dir='ltr' id='par_1_64' title="bbox 306 3339 1938 3416">
     <span class='ocr_line' id='line_1_64' title="bbox 306 3339 1938 3416; baseline 0.005 -24"><span class='ocrx_word' id='word_1_482' title='bbox 306 3339 576 3408; x_wconf 64' lang='lat' dir='ltr'><strong>potentiae</strong></span> <span class='ocrx_word' id='word_1_483' title='bbox 620 3341 910 3414; x_wconf 87' lang='lat' dir='ltr'><strong>dicantur,</strong></span> <span class='ocrx_word' id='word_1_484' title='bbox 944 3347 1139 3400; x_wconf 88' lang='lat' dir='ltr'><strong>motus</strong></span> <span class='ocrx_word' id='word_1_485' title='bbox 1178 3345 1236 3399; x_wconf 92' lang='lat' dir='ltr'><strong>in</strong></span> <span class='ocrx_word' id='word_1_486' title='bbox 1286 3345 1493 3401; x_wconf 87' lang='lat' dir='ltr'><strong>horum</strong></span> <span class='ocrx_word' id='word_1_487' title='bbox 1540 3348 1747 3401; x_wconf 88' lang='lat' dir='ltr'><strong>neutro</strong></span> <span class='ocrx_word' id='word_1_488' title='bbox 1802 3344 1938 3416; x_wconf 91' lang='lat' dir='ltr'><strong>poni</strong></span> 
     </span>
    </p>
   </div>
   <div class='ocr_carea' id='block_1_65' title="bbox 2058 3329 3694 3418">
    <p class='ocr_par' dir='ltr' id='par_1_65' title="bbox 2058 3336 3694 3418">
     <span class='ocr_line' id='line_1_65' title="bbox 2058 3336 3694 3418; baseline -0.002 -22"><span class='ocrx_word' id='word_1_489' title='bbox 2058 3343 2107 3397; x_wconf 74' lang='grc' dir='ltr'>ὂν</span> <span class='ocrx_word' id='word_1_490' title='bbox 2157 3339 2310 3397; x_wconf 70' lang='grc' dir='ltr'>οὔπω</span> <span class='ocrx_word' id='word_1_491' title='bbox 2347 3347 2591 3398; x_wconf 65' lang='grc' dir='ltr'>κινεῖταν</span> <span class='ocrx_word' id='word_1_492' title='bbox 2649 3341 2740 3396; x_wconf 83' lang='grc' dir='ltr'><strong>καὶ</strong></span> <span class='ocrx_word' id='word_1_493' title='bbox 2793 3341 2856 3396; x_wconf 86' lang='grc' dir='ltr'>τὸ</span> <span class='ocrx_word' id='word_1_494' title='bbox 2912 3339 3148 3418; x_wconf 81' lang='grc' dir='ltr'>ἐνεργείᾳ</span> <span class='ocrx_word' id='word_1_495' title='bbox 3200 3341 3257 3395; x_wconf 82' lang='grc' dir='ltr'>ὃν</span> <span class='ocrx_word' id='word_1_496' title='bbox 3314 3339 3414 3395; x_wconf 80' lang='grc' dir='ltr'><strong>οὐκ</strong></span> <span class='ocrx_word' id='word_1_497' title='bbox 3467 3336 3545 3394; x_wconf 79' lang='grc' dir='ltr'>ἔτι</span> <span class='ocrx_word' id='word_1_498' title='bbox 3602 3360 3694 3393; x_wconf 87' lang='grc' dir='ltr'>κι-</span> 
     </span>
    </p>
   </div>
   <div class='ocr_carea' id='block_1_66' title="bbox 305 3429 1939 3504">
    <p class='ocr_par' dir='ltr' id='par_1_66' title="bbox 305 3429 1939 3504">
     <span class='ocr_line' id='line_1_66' title="bbox 305 3429 1939 3504; baseline 0.004 -23"><span class='ocrx_word' id='word_1_499' title='bbox 305 3430 516 3498; x_wconf 88' lang='lat' dir='ltr'><strong>potest.</strong></span> <span class='ocrx_word' id='word_1_500' title='bbox 549 3429 694 3485; x_wconf 89' lang='lat' dir='ltr'><strong>Nam</strong></span> <span class='ocrx_word' id='word_1_501' title='bbox 725 3435 782 3486; x_wconf 91' lang='lat' dir='ltr'><strong>et</strong></span> <span class='ocrx_word' id='word_1_502' title='bbox 807 3433 961 3503; x_wconf 92' lang='lat' dir='ltr'><strong>quod</strong></span> <span class='ocrx_word' id='word_1_503' title='bbox 992 3433 1250 3504; x_wconf 89' lang='lat' dir='ltr'><strong>potentia</strong></span> <span class='ocrx_word' id='word_1_504' title='bbox 1278 3438 1508 3490; x_wconf 87' lang='lat' dir='ltr'><strong>tantum</strong></span> <span class='ocrx_word' id='word_1_505' title='bbox 1539 3439 1647 3500; x_wconf 89' lang='lat' dir='ltr'><strong>est,</strong></span> <span class='ocrx_word' id='word_1_506' title='bbox 1675 3435 1939 3489; x_wconf 91' lang='lat' dir='ltr'><strong>nondum</strong></span> 
     </span>
    </p>
   </div>
   <div class='ocr_carea' id='block_1_67' title="bbox 305 3519 1938 3596">
    <p class='ocr_par' dir='ltr' id='par_1_67' title="bbox 305 3519 1938 3596">
     <span class='ocr_line' id='line_1_67' title="bbox 305 3519 1938 3596; baseline 0.004 -27"><span class='ocrx_word' id='word_1_507' title='bbox 305 3519 610 3586; x_wconf 86' lang='lat' dir='ltr'><strong>movetur;</strong></span> <span class='ocrx_word' id='word_1_508' title='bbox 652 3522 710 3574; x_wconf 92' lang='lat' dir='ltr'><strong>et</strong></span> <span class='ocrx_word' id='word_1_509' title='bbox 738 3521 894 3591; x_wconf 89' lang='lat' dir='ltr'><strong>quod</strong></span> <span class='ocrx_word' id='word_1_510' title='bbox 925 3525 1056 3577; x_wconf 89' lang='lat' dir='ltr'><strong>actu</strong></span> <span class='ocrx_word' id='word_1_511' title='bbox 1087 3527 1196 3593; x_wconf 86' lang='lat' dir='ltr'><strong>est,</strong></span> <span class='ocrx_word' id='word_1_512' title='bbox 1227 3539 1342 3578; x_wconf 89' lang='lat' dir='ltr'><strong>non</strong></span> <span class='ocrx_word' id='word_1_513' title='bbox 1374 3523 1628 3596; x_wconf 88' lang='lat' dir='ltr'><strong>amplius</strong></span> <span class='ocrx_word' id='word_1_514' title='bbox 1657 3526 1938 3579; x_wconf 86' lang='lat' dir='ltr'><strong>movetur.</strong></span> 
     </span>
    </p>
   </div>
   <div class='ocr_carea' id='block_1_68' title="bbox 377 3605 1943 3682">
    <p class='ocr_par' dir='ltr' id='par_1_68' title="bbox 377 3605 1943 3682">
     <span class='ocr_line' id='line_1_68' title="bbox 377 3605 1943 3682; baseline 0.004 -25"><span class='ocrx_word' id='word_1_515' title='bbox 377 3605 466 3658; x_wconf 79' lang='lat'><strong>12.</strong></span> <span class='ocrx_word' id='word_1_516' title='bbox 497 3605 667 3662; x_wconf 86' lang='lat' dir='ltr'><strong>Aliud</strong></span> <span class='ocrx_word' id='word_1_517' title='bbox 699 3612 893 3664; x_wconf 88' lang='lat' dir='ltr'><strong>autem</strong></span> <span class='ocrx_word' id='word_1_518' title='bbox 925 3613 1014 3664; x_wconf 91' lang='lat' dir='ltr'><strong>est</strong></span> <span class='ocrx_word' id='word_1_519' title='bbox 1042 3613 1319 3681; x_wconf 86' lang='lat' dir='ltr'><strong>potentia,</strong></span> <span class='ocrx_word' id='word_1_520' title='bbox 1348 3614 1405 3666; x_wconf 89' lang='lat' dir='ltr'><strong>et</strong></span> <span class='ocrx_word' id='word_1_521' title='bbox 1442 3611 1600 3666; x_wconf 89' lang='lat' dir='ltr'><strong>aliud</strong></span> <span class='ocrx_word' id='word_1_522' title='bbox 1651 3611 1804 3682; x_wconf 92' lang='lat' dir='ltr'><strong>quod</strong></span> <span class='ocrx_word' id='word_1_523' title='bbox 1853 3613 1943 3666; x_wconf 87' lang='lat' dir='ltr'><strong>est</strong></span> 
     </span>
    </p>
   </div>
   <div class='ocr_carea' id='block_1_69' title="bbox 307 3693 1940 3771">
    <p class='ocr_par' dir='ltr' id='par_1_69' title="bbox 307 3693 1940 3771">
     <span class='ocr_line' id='line_1_69' title="bbox 307 3693 1940 3771; baseline 0.004 -25"><span class='ocrx_word' id='word_1_524' title='bbox 307 3693 602 3762; x_wconf 88' lang='lat' dir='ltr'><strong>potentia;</strong></span> <span class='ocrx_word' id='word_1_525' title='bbox 636 3694 891 3768; x_wconf 89' lang='lat' dir='ltr'><strong>itemque</strong></span> <span class='ocrx_word' id='word_1_526' title='bbox 922 3697 1079 3753; x_wconf 91' lang='lat' dir='ltr'><strong>aliud</strong></span> <span class='ocrx_word' id='word_1_527' title='bbox 1109 3705 1199 3755; x_wconf 88' lang='lat' dir='ltr'><strong>est</strong></span> <span class='ocrx_word' id='word_1_528' title='bbox 1228 3700 1382 3771; x_wconf 90' lang='lat' dir='ltr'><strong>quod</strong></span> <span class='ocrx_word' id='word_1_529' title='bbox 1415 3703 1504 3755; x_wconf 90' lang='lat' dir='ltr'><strong>est</strong></span> <span class='ocrx_word' id='word_1_530' title='bbox 1521 3705 1674 3769; x_wconf 88' lang='lat' dir='ltr'><strong>actu,</strong></span> <span class='ocrx_word' id='word_1_531' title='bbox 1697 3703 1754 3755; x_wconf 90' lang='lat' dir='ltr'><strong>et</strong></span> <span class='ocrx_word' id='word_1_532' title='bbox 1781 3699 1940 3755; x_wconf 90' lang='lat' dir='ltr'><strong>aliud</strong></span> 
     </span>
    </p>
   </div>
   <div class='ocr_carea' id='block_1_70' title="bbox 309 3782 1942 3861">
    <p class='ocr_par' dir='ltr' id='par_1_70' title="bbox 309 3782 1942 3861">
     <span class='ocr_line' id='line_1_70' title="bbox 309 3782 1942 3861; baseline 0.005 -27"><span class='ocrx_word' id='word_1_533' title='bbox 309 3784 494 3836; x_wconf 82' lang='lat' dir='ltr'><strong>actus.</strong></span> <span class='ocrx_word' id='word_1_534' title='bbox 530 3782 620 3837; x_wconf 92' lang='lat' dir='ltr'><strong>Illi</strong></span> <span class='ocrx_word' id='word_1_535' title='bbox 659 3783 838 3857; x_wconf 84' lang='lat' dir='ltr'><strong>igitur</strong></span> <span class='ocrx_word' id='word_1_536' title='bbox 865 3788 1018 3858; x_wconf 90' lang='lat' dir='ltr'><strong>quod</strong></span> <span class='ocrx_word' id='word_1_537' title='bbox 1050 3791 1138 3842; x_wconf 89' lang='lat' dir='ltr'><strong>est</strong></span> <span class='ocrx_word' id='word_1_538' title='bbox 1185 3789 1467 3860; x_wconf 89' lang='lat' dir='ltr'><strong>potentia,</strong></span> <span class='ocrx_word' id='word_1_539' title='bbox 1515 3789 1572 3844; x_wconf 92' lang='lat' dir='ltr'><strong>id</strong></span> <span class='ocrx_word' id='word_1_540' title='bbox 1621 3789 1773 3861; x_wconf 91' lang='lat' dir='ltr'><strong>quod</strong></span> <span class='ocrx_word' id='word_1_541' title='bbox 1807 3792 1942 3844; x_wconf 88' lang='lat' dir='ltr'><strong>actu</strong></span> 
     </span>
    </p>
   </div>
   <div class='ocr_carea' id='block_1_71' title="bbox 309 3871 1943 3948">
    <p class='ocr_par' dir='ltr' id='par_1_71' title="bbox 309 3871 1943 3948">
     <span class='ocr_line' id='line_1_71' title="bbox 309 3871 1943 3948; baseline 0.006 -25"><span class='ocrx_word' id='word_1_542' title='bbox 309 3872 419 3933; x_wconf 85' lang='lat' dir='ltr'><strong>est,</strong></span> <span class='ocrx_word' id='word_1_543' title='bbox 453 3871 803 3942; x_wconf 87' lang='lat' dir='ltr'><strong>opponitur;</strong></span> <span class='ocrx_word' id='word_1_544' title='bbox 855 3875 1124 3946; x_wconf 72' lang='lat' dir='ltr'><strong>potentias</strong></span> <span class='ocrx_word' id='word_1_545' title='bbox 1171 3893 1324 3945; x_wconf 84' lang='lat' dir='ltr'><strong>vero,</strong></span> <span class='ocrx_word' id='word_1_546' title='bbox 1361 3882 1545 3934; x_wconf 90' lang='lat' dir='ltr'><strong>actus.</strong></span> <span class='ocrx_word' id='word_1_547' title='bbox 1579 3879 1646 3933; x_wconf 90' lang='lat' dir='ltr'><strong>Et</strong></span> <span class='ocrx_word' id='word_1_548' title='bbox 1686 3877 1943 3948; x_wconf 89' lang='lat' dir='ltr'><strong>potentia</strong></span> 
     </span>
    </p>
   </div>
   <div class='ocr_carea' id='block_1_72' title="bbox 309 3956 1941 4038">
    <p class='ocr_par' dir='ltr' id='par_1_72' title="bbox 309 3956 1941 4038">
     <span class='ocr_line' id='line_1_72' title="bbox 309 3956 1941 4038; baseline 0.007 -28"><span class='ocrx_word' id='word_1_549' title='bbox 309 3956 547 4027; x_wconf 88' lang='lat' dir='ltr'><strong>quidem</strong></span> <span class='ocrx_word' id='word_1_550' title='bbox 595 3964 684 4014; x_wconf 88' lang='lat' dir='ltr'><strong>est</strong></span> <span class='ocrx_word' id='word_1_551' title='bbox 735 3963 988 4032; x_wconf 83' lang='lat' dir='ltr'><strong>perfecta</strong></span> <span class='ocrx_word' id='word_1_552' title='bbox 1033 3966 1298 4020; x_wconf 63' lang='lat' dir='ltr'><strong>essentia</strong></span> <span class='ocrx_word' id='word_1_553' title='bbox 1340 3967 1701 4038; x_wconf 56' lang='lat' dir='ltr'><strong>praeparatio,</strong></span> <span class='ocrx_word' id='word_1_554' title='bbox 1734 3971 1790 4022; x_wconf 89' lang='lat' dir='ltr'><strong>et</strong></span> <span class='ocrx_word' id='word_1_555' title='bbox 1826 3983 1941 4022; x_wconf 90' lang='lat' dir='ltr'><strong>non</strong></span> 
     </span>
    </p>
   </div>
   <div class='ocr_carea' id='block_1_73' title="bbox 306 4044 1942 4126">
    <p class='ocr_par' dir='ltr' id='par_1_73' title="bbox 306 4044 1942 4126">
     <span class='ocr_line' id='line_1_73' title="bbox 306 4044 1942 4126; baseline 0.006 -26"><span class='ocrx_word' id='word_1_556' title='bbox 306 4044 586 4117; x_wconf 86' lang='lat' dir='ltr'><strong>impedita</strong></span> <span class='ocrx_word' id='word_1_557' title='bbox 615 4049 684 4103; x_wconf 88' lang='lat' dir='ltr'><strong>ad</strong></span> <span class='ocrx_word' id='word_1_558' title='bbox 718 4051 1010 4122; x_wconf 86' lang='lat' dir='ltr'><strong>agendum</strong></span> <span class='ocrx_word' id='word_1_559' title='bbox 1058 4055 1476 4126; x_wconf 87' lang='lat' dir='ltr'><strong>promptitudo,</strong></span> <span class='ocrx_word' id='word_1_560' title='bbox 1509 4056 1626 4110; x_wconf 91' lang='lat' dir='ltr'><strong>vim</strong></span> <span class='ocrx_word' id='word_1_561' title='bbox 1658 4055 1942 4112; x_wconf 87' lang='lat' dir='ltr'><strong>inferendi</strong></span> 
     </span>
    </p>
   </div>
   <div class='ocr_carea' id='block_1_74' title="bbox 311 4135 1942 4216">
    <p class='ocr_par' dir='ltr' id='par_1_74' title="bbox 311 4135 1942 4216">
     <span class='ocr_line' id='line_1_74' title="bbox 311 4135 1942 4216; baseline 0.007 -27"><span class='ocrx_word' id='word_1_562' title='bbox 311 4139 479 4190; x_wconf 85' lang='lat' dir='ltr'><strong>actus</strong></span> <span class='ocrx_word' id='word_1_563' title='bbox 511 4135 734 4194; x_wconf 87' lang='lat' dir='ltr'><strong>habens</strong></span> <span class='ocrx_word' id='word_1_564' title='bbox 767 4155 781 4193; x_wconf 89' lang='lat'><strong>:</strong></span> <span class='ocrx_word' id='word_1_565' title='bbox 815 4142 1311 4211; x_wconf 87' lang='lat' dir='ltr'><strong>quemadmodum</strong></span> <span class='ocrx_word' id='word_1_566' title='bbox 1333 4143 1585 4198; x_wconf 90' lang='lat' dir='ltr'><strong>dicimus</strong></span> <span class='ocrx_word' id='word_1_567' title='bbox 1613 4144 1808 4216; x_wconf 90' lang='lat' dir='ltr'><strong>ignem</strong></span> <span class='ocrx_word' id='word_1_568' title='bbox 1839 4144 1942 4200; x_wconf 85' lang='lat' dir='ltr'><strong>ha-</strong></span> 
     </span>
    </p>
   </div>
   <div class='ocr_carea' id='block_1_75' title="bbox 312 4223 1946 4303">
    <p class='ocr_par' dir='ltr' id='par_1_75' title="bbox 312 4223 1946 4303">
     <span class='ocr_line' id='line_1_75' title="bbox 312 4223 1946 4303; baseline 0.006 -25"><span class='ocrx_word' id='word_1_569' title='bbox 312 4223 449 4280; x_wconf 89' lang='lat' dir='ltr'><strong>bere</strong></span> <span class='ocrx_word' id='word_1_570' title='bbox 502 4227 710 4282; x_wconf 88' lang='lat' dir='ltr'><strong>urendi</strong></span> <span class='ocrx_word' id='word_1_571' title='bbox 744 4230 1090 4300; x_wconf 90' lang='lat' dir='ltr'><strong>potentiam.</strong></span> <span class='ocrx_word' id='word_1_572' title='bbox 1122 4230 1385 4286; x_wconf 89' lang='lat' dir='ltr'><strong>Potentia</strong></span> <span class='ocrx_word' id='word_1_573' title='bbox 1431 4237 1626 4287; x_wconf 87' lang='lat' dir='ltr'><strong>autem</strong></span> <span class='ocrx_word' id='word_1_574' title='bbox 1677 4248 1824 4303; x_wconf 85' lang='lat' dir='ltr'><strong>esse,</strong></span> <span class='ocrx_word' id='word_1_575' title='bbox 1857 4237 1946 4289; x_wconf 92' lang='lat' dir='ltr'><strong>est</strong></span> 
     </span>
    </p>
   </div>
   <div class='ocr_carea' id='block_1_76' title="bbox 314 4313 1944 4392">
    <p class='ocr_par' dir='ltr' id='par_1_76' title="bbox 314 4313 1944 4392">
     <span class='ocr_line' id='line_1_76' title="bbox 314 4313 1944 4392; baseline 0.007 -25"><span class='ocrx_word' id='word_1_576' title='bbox 314 4313 579 4384; x_wconf 89' lang='lat' dir='ltr'><strong>aptitudo</strong></span> <span class='ocrx_word' id='word_1_577' title='bbox 610 4315 951 4388; x_wconf 81' lang='lat' dir='ltr'><strong>imperfecta</strong></span> <span class='ocrx_word' id='word_1_578' title='bbox 981 4320 1051 4373; x_wconf 86' lang='lat' dir='ltr'><strong>ad</strong></span> <span class='ocrx_word' id='word_1_579' title='bbox 1081 4321 1235 4390; x_wconf 88' lang='lat' dir='ltr'><strong>quod</strong></span> <span class='ocrx_word' id='word_1_580' title='bbox 1277 4320 1492 4376; x_wconf 89' lang='lat' dir='ltr'><strong>dicitur</strong></span> <span class='ocrx_word' id='word_1_581' title='bbox 1510 4321 1766 4392; x_wconf 89' lang='lat' dir='ltr'><strong>potentia</strong></span> <span class='ocrx_word' id='word_1_582' title='bbox 1793 4337 1944 4389; x_wconf 88' lang='lat' dir='ltr'><strong>esse,</strong></span> 
     </span>
    </p>
   </div>
   <div class='ocr_carea' id='block_1_77' title="bbox 310 4401 1944 4480">
    <p class='ocr_par' dir='ltr' id='par_1_77' title="bbox 310 4401 1944 4480">
     <span class='ocr_line' id='line_1_77' title="bbox 310 4401 1944 4480; baseline 0.006 -24"><span class='ocrx_word' id='word_1_583' title='bbox 310 4401 505 4474; x_wconf 87' lang='lat' dir='ltr'><strong>ipsum</strong></span> <span class='ocrx_word' id='word_1_584' title='bbox 538 4419 706 4476; x_wconf 87' lang='lat' dir='ltr'><strong>agere</strong></span> <span class='ocrx_word' id='word_1_585' title='bbox 739 4406 813 4461; x_wconf 91' lang='lat' dir='ltr'><strong>ab</strong></span> <span class='ocrx_word' id='word_1_586' title='bbox 862 4405 974 4462; x_wconf 89' lang='lat' dir='ltr'><strong>alio</strong></span> <span class='ocrx_word' id='word_1_587' title='bbox 1022 4408 1331 4480; x_wconf 88' lang='lat' dir='ltr'><strong>accipiens,</strong></span> <span class='ocrx_word' id='word_1_588' title='bbox 1364 4415 1420 4464; x_wconf 89' lang='lat' dir='ltr'><strong>et</strong></span> <span class='ocrx_word' id='word_1_589' title='bbox 1465 4426 1579 4465; x_wconf 89' lang='lat' dir='ltr'><strong>non</strong></span> <span class='ocrx_word' id='word_1_590' title='bbox 1623 4427 1657 4464; x_wconf 88' lang='lat' dir='ltr'><strong>a</strong></span> <span class='ocrx_word' id='word_1_591' title='bbox 1687 4427 1749 4466; x_wconf 90' lang='lat' dir='ltr'><strong>se</strong></span> <span class='ocrx_word' id='word_1_592' title='bbox 1777 4411 1944 4466; x_wconf 89' lang='lat' dir='ltr'><strong>emit-</strong></span> 
     </span>
    </p>
   </div>
   <div class='ocr_carea' id='block_1_78' title="bbox 307 4494 1944 4570">
    <p class='ocr_par' dir='ltr' id='par_1_78' title="bbox 307 4494 1944 4570">
     <span class='ocr_line' id='line_1_78' title="bbox 307 4494 1944 4570; baseline 0.005 -24"><span class='ocrx_word' id='word_1_593' title='bbox 307 4494 460 4559; x_wconf 84' lang='lat' dir='ltr'><strong>tens,</strong></span> <span class='ocrx_word' id='word_1_594' title='bbox 491 4495 987 4564; x_wconf 88' lang='lat' dir='ltr'><strong>quemadmodum</strong></span> <span class='ocrx_word' id='word_1_595' title='bbox 1019 4497 1270 4553; x_wconf 87' lang='lat' dir='ltr'><strong>dicimus</strong></span> <span class='ocrx_word' id='word_1_596' title='bbox 1300 4515 1498 4554; x_wconf 90' lang='lat' dir='ltr'><strong>semen</strong></span> <span class='ocrx_word' id='word_1_597' title='bbox 1531 4500 1788 4570; x_wconf 88' lang='lat' dir='ltr'><strong>potentia</strong></span> <span class='ocrx_word' id='word_1_598' title='bbox 1816 4515 1944 4556; x_wconf 87' lang='lat' dir='ltr'><strong>esse</strong></span> 
     </span>
    </p>
   </div>
   <div class='ocr_carea' id='block_1_79' title="bbox 309 4580 1945 4661">
    <p class='ocr_par' dir='ltr' id='par_1_79' title="bbox 309 4580 1945 4661">
     <span class='ocr_line' id='line_1_79' title="bbox 309 4580 1945 4661; baseline 0.006 -26"><span class='ocrx_word' id='word_1_599' title='bbox 309 4580 549 4636; x_wconf 83' lang='lat' dir='ltr'><strong>animal.</strong></span> <span class='ocrx_word' id='word_1_600' title='bbox 583 4583 758 4639; x_wconf 93' lang='lat' dir='ltr'><strong>Porro</strong></span> <span class='ocrx_word' id='word_1_601' title='bbox 813 4588 945 4640; x_wconf 90' lang='lat' dir='ltr'><strong>actu</strong></span> <span class='ocrx_word' id='word_1_602' title='bbox 999 4591 1105 4657; x_wconf 89' lang='lat' dir='ltr'><strong>est,</strong></span> <span class='ocrx_word' id='word_1_603' title='bbox 1147 4587 1303 4658; x_wconf 91' lang='lat' dir='ltr'><strong>quod</strong></span> <span class='ocrx_word' id='word_1_604' title='bbox 1361 4604 1529 4660; x_wconf 87' lang='lat' dir='ltr'><strong>agere</strong></span> <span class='ocrx_word' id='word_1_605' title='bbox 1573 4589 1700 4659; x_wconf 90' lang='lat' dir='ltr'><strong>jam</strong></span> <span class='ocrx_word' id='word_1_606' title='bbox 1754 4593 1945 4661; x_wconf 87' lang='lat' dir='ltr'><strong>potest</strong></span> 
     </span>
    </p>
   </div>
   <div class='ocr_carea' id='block_1_80' title="bbox 2047 3435 2235 3485">
    <p class='ocr_par' dir='ltr' id='par_1_80' title="bbox 2047 3435 2235 3485">
     <span class='ocr_line' id='line_1_80' title="bbox 2047 3435 2235 3485; baseline -0.011 -1"><span class='ocrx_word' id='word_1_607' title='bbox 2047 3435 2235 3485; x_wconf 87' lang='grc' dir='ltr'>νεῖται.</span> 
     </span>
    </p>
   </div>
   <div class='ocr_carea' id='block_1_81' title="bbox 2133 3603 3690 3682">
    <p class='ocr_par' dir='ltr' id='par_1_81' title="bbox 2133 3603 3690 3682">
     <span class='ocr_line' id='line_1_81' title="bbox 2133 3603 3690 3682; baseline 0.001 -22"><span class='ocrx_word' id='word_1_608' title='bbox 2133 3607 2220 3682; x_wconf 73' lang='grc' dir='ltr'>ιβ’.</span> <span class='ocrx_word' id='word_1_609' title='bbox 2255 3604 2433 3662; x_wconf 83' lang='grc' dir='ltr'>Ἀλλο</span> <span class='ocrx_word' id='word_1_610' title='bbox 2464 3605 2522 3663; x_wconf 84' lang='grc' dir='ltr'><strong>δέ</strong></span> <span class='ocrx_word' id='word_1_611' title='bbox 2553 3607 2756 3664; x_wconf 77' lang='grc' dir='ltr'>ἐστιτὸ</span> <span class='ocrx_word' id='word_1_612' title='bbox 2787 3604 3032 3680; x_wconf 81' lang='grc' dir='ltr'>δυνάμει,</span> <span class='ocrx_word' id='word_1_613' title='bbox 3065 3605 3154 3662; x_wconf 78' lang='grc' dir='ltr'>καὶ</span> <span class='ocrx_word' id='word_1_614' title='bbox 3202 3604 3346 3662; x_wconf 81' lang='grc' dir='ltr'>ἄλλο</span> <span class='ocrx_word' id='word_1_615' title='bbox 3372 3608 3408 3676; x_wconf 81' lang='grc' dir='ltr'>ἡ</span> <span class='ocrx_word' id='word_1_616' title='bbox 3439 3603 3690 3680; x_wconf 73' lang='grc' dir='ltr'>δύναμις·</span> 
     </span>
    </p>
   </div>
   <div class='ocr_carea' id='block_1_82' title="bbox 2048 3693 3694 3773">
    <p class='ocr_par' dir='ltr' id='par_1_82' title="bbox 2048 3693 3694 3773">
     <span class='ocr_line' id='line_1_82' title="bbox 2048 3693 3694 3773; baseline -0.002 -22"><span class='ocrx_word' id='word_1_617' title='bbox 2048 3696 2138 3751; x_wconf 80' lang='grc' dir='ltr'>καὶ</span> <span class='ocrx_word' id='word_1_618' title='bbox 2170 3693 2310 3751; x_wconf 78' lang='grc' dir='ltr'>ἄλλο</span> <span class='ocrx_word' id='word_1_619' title='bbox 2345 3697 2409 3752; x_wconf 87' lang='grc' dir='ltr'>τὸ</span> <span class='ocrx_word' id='word_1_620' title='bbox 2430 3693 2698 3773; x_wconf 76' lang='grc' dir='ltr'>ἐνεργείᾳ,</span> <span class='ocrx_word' id='word_1_621' title='bbox 2744 3697 2834 3752; x_wconf 83' lang='grc' dir='ltr'>καὶ</span> <span class='ocrx_word' id='word_1_622' title='bbox 2881 3693 3022 3751; x_wconf 72' lang='grc' dir='ltr'>ἄλλο</span> <span class='ocrx_word' id='word_1_623' title='bbox 3067 3697 3104 3764; x_wconf 75' lang='grc' dir='ltr'><strong>ἡ</strong></span> <span class='ocrx_word' id='word_1_624' title='bbox 3154 3694 3408 3770; x_wconf 72' lang='grc' dir='ltr'>ἐνέργεια.</span> <span class='ocrx_word' id='word_1_625' title='bbox 3458 3698 3549 3766; x_wconf 81' lang='grc' dir='ltr'><strong>Τῷ</strong></span> <span class='ocrx_word' id='word_1_626' title='bbox 3598 3695 3694 3768; x_wconf 80' lang='grc' dir='ltr'>μὶν</span> 
     </span>
    </p>
   </div>
   <div class='ocr_carea' id='block_1_83' title="bbox 2049 3780 3693 3862">
    <p class='ocr_par' dir='ltr' id='par_1_83' title="bbox 2049 3780 3693 3862">
     <span class='ocr_line' id='line_1_83' title="bbox 2049 3780 3693 3862; baseline 0 -24"><span class='ocrx_word' id='word_1_627' title='bbox 2049 3781 2141 3838; x_wconf 72' lang='grc' dir='ltr'>οὖν</span> <span class='ocrx_word' id='word_1_628' title='bbox 2193 3781 2419 3860; x_wconf 85' lang='grc' dir='ltr'>δυνάμει</span> <span class='ocrx_word' id='word_1_629' title='bbox 2461 3785 2525 3840; x_wconf 88' lang='grc' dir='ltr'>τὸ</span> <span class='ocrx_word' id='word_1_630' title='bbox 2573 3784 2810 3862; x_wconf 79' lang='grc' dir='ltr'>ἐνεργείᾳ</span> <span class='ocrx_word' id='word_1_631' title='bbox 2855 3783 3187 3840; x_wconf 78' lang='grc' dir='ltr'>ἀντίκειται·</span> <span class='ocrx_word' id='word_1_632' title='bbox 3234 3787 3305 3856; x_wconf 77' lang='grc' dir='ltr'><strong>τῇ</strong></span> <span class='ocrx_word' id='word_1_633' title='bbox 3361 3780 3588 3857; x_wconf 81' lang='grc' dir='ltr'>δυνάμει</span> <span class='ocrx_word' id='word_1_634' title='bbox 3635 3781 3693 3838; x_wconf 67' lang='grc' dir='ltr'>δὲ</span> 
     </span>
    </p>
   </div>
   <div class='ocr_carea' id='block_1_84' title="bbox 2049 3869 3688 3950">
    <p class='ocr_par' dir='ltr' id='par_1_84' title="bbox 2049 3869 3688 3950">
     <span class='ocr_line' id='line_1_84' title="bbox 2049 3869 3688 3950; baseline -0.001 -22"><span class='ocrx_word' id='word_1_635' title='bbox 2049 3875 2094 3942; x_wconf 78' lang='grc' dir='ltr'><strong>ἡ</strong></span> <span class='ocrx_word' id='word_1_636' title='bbox 2144 3873 2384 3950; x_wconf 84' lang='grc' dir='ltr'>ἐνέργεια</span> <span class='ocrx_word' id='word_1_637' title='bbox 2415 3916 2428 3928; x_wconf 91' lang='grc'><strong>.</strong></span> <span class='ocrx_word' id='word_1_638' title='bbox 2489 3873 2588 3929; x_wconf 80' lang='grc' dir='ltr'>Καὶ</span> <span class='ocrx_word' id='word_1_639' title='bbox 2659 3876 2695 3943; x_wconf 79' lang='grc' dir='ltr'>ἡ</span> <span class='ocrx_word' id='word_1_640' title='bbox 2756 3871 2977 3947; x_wconf 79' lang='grc' dir='ltr'>δύναμις</span> <span class='ocrx_word' id='word_1_641' title='bbox 3211 3869 3323 3927; x_wconf 80' lang='grc' dir='ltr'>ἔστι</span> <span class='ocrx_word' id='word_1_642' title='bbox 3378 3874 3688 3946; x_wconf 81' lang='grc' dir='ltr'>παρασκευῆ</span> 
     </span>
    </p>
   </div>
   <div class='ocr_carea' id='block_1_85' title="bbox 2048 3958 3689 4037">
    <p class='ocr_par' dir='ltr' id='par_1_85' title="bbox 2048 3958 3689 4037">
     <span class='ocr_line' id='line_1_85' title="bbox 2048 3958 3689 4037; baseline -0.002 -19"><span class='ocrx_word' id='word_1_643' title='bbox 2048 3961 2233 4019; x_wconf 83' lang='grc' dir='ltr'>τελεία</span> <span class='ocrx_word' id='word_1_644' title='bbox 2275 3970 2376 4032; x_wconf 84' lang='grc' dir='ltr'>τῆς</span> <span class='ocrx_word' id='word_1_645' title='bbox 2424 3964 2627 4035; x_wconf 76' lang='grc' dir='ltr'>οὐσίας,</span> <span class='ocrx_word' id='word_1_646' title='bbox 2670 3963 2761 4019; x_wconf 88' lang='grc' dir='ltr'><strong>καὶ</strong></span> <span class='ocrx_word' id='word_1_647' title='bbox 2808 3961 3099 4036; x_wconf 72' lang='grc' dir='ltr'>ἑτοιμότης</span> <span class='ocrx_word' id='word_1_648' title='bbox 3151 3958 3601 4037; x_wconf 76' lang='grc' dir='ltr'>ἀκώλυτοςπρὸς</span> <span class='ocrx_word' id='word_1_649' title='bbox 3629 3962 3689 4015; x_wconf 84' lang='grc' dir='ltr'>τὸ</span> 
     </span>
    </p>
   </div>
   <div class='ocr_carea' id='block_1_86' title="bbox 2049 4049 3683 4129">
    <p class='ocr_par' dir='ltr' id='par_1_86' title="bbox 2049 4049 3683 4129">
     <span class='ocr_line' id='line_1_86' title="bbox 2049 4049 3683 4129; baseline -0.004 -22"><span class='ocrx_word' id='word_1_650' title='bbox 2049 4051 2278 4129; x_wconf 80' lang='grc' dir='ltr'>ἐνεργεῖν</span> <span class='ocrx_word' id='word_1_651' title='bbox 2315 4099 2330 4126; x_wconf 79' lang='lat'><strong>,</strong></span> <span class='ocrx_word' id='word_1_652' title='bbox 2385 4052 2596 4121; x_wconf 73' lang='grc' dir='ltr'>οἱστική</span> <span class='ocrx_word' id='word_1_653' title='bbox 2648 4055 2746 4121; x_wconf 79' lang='grc' dir='ltr'><strong>τῆς</strong></span> <span class='ocrx_word' id='word_1_654' title='bbox 2800 4050 3090 4128; x_wconf 83' lang='grc' dir='ltr'>ἐνεργείας·</span> <span class='ocrx_word' id='word_1_655' title='bbox 3150 4051 3226 4112; x_wconf 85' lang='grc' dir='ltr'>ὡς</span> <span class='ocrx_word' id='word_1_656' title='bbox 3277 4049 3506 4127; x_wconf 79' lang='grc' dir='ltr'>λέγομεν</span> <span class='ocrx_word' id='word_1_657' title='bbox 3541 4093 3556 4119; x_wconf 95' lang='grc'><strong>,</strong></span> <span class='ocrx_word' id='word_1_658' title='bbox 3617 4049 3683 4102; x_wconf 84' lang='grc' dir='ltr'><strong>Τὸ</strong></span> 
     </span>
    </p>
   </div>
   <div class='ocr_carea' id='block_1_87' title="bbox 2050 4136 3680 4219">
    <p class='ocr_par' dir='ltr' id='par_1_87' title="bbox 2050 4136 3680 4219">
     <span class='ocr_line' id='line_1_87' title="bbox 2050 4136 3680 4219; baseline -0.002 -23"><span class='ocrx_word' id='word_1_659' title='bbox 2050 4147 2157 4219; x_wconf 74' lang='grc' dir='ltr'><strong>πδρ</strong></span> <span class='ocrx_word' id='word_1_660' title='bbox 2233 4138 2350 4218; x_wconf 83' lang='grc' dir='ltr'>ἔχει</span> <span class='ocrx_word' id='word_1_661' title='bbox 2424 4139 2650 4214; x_wconf 80' lang='grc' dir='ltr'>δύναμιν</span> <span class='ocrx_word' id='word_1_662' title='bbox 2701 4143 2990 4209; x_wconf 78' lang='grc' dir='ltr'>καυστικὴν</span> <span class='ocrx_word' id='word_1_663' title='bbox 3027 4185 3041 4198; x_wconf 93' lang='grc'><strong>.</strong></span> <span class='ocrx_word' id='word_1_664' title='bbox 3103 4141 3340 4213; x_wconf 81' lang='grc' dir='ltr'>Δονάμει</span> <span class='ocrx_word' id='word_1_665' title='bbox 3415 4136 3474 4194; x_wconf 72' lang='grc' dir='ltr'>δὲ</span> <span class='ocrx_word' id='word_1_666' title='bbox 3545 4138 3680 4192; x_wconf 81' lang='grc' dir='ltr'>ἐστιν</span> 
     </span>
    </p>
   </div>
   <div class='ocr_carea' id='block_1_88' title="bbox 2052 4227 3682 4307">
    <p class='ocr_par' dir='ltr' id='par_1_88' title="bbox 2052 4227 3682 4307">
     <span class='ocr_line' id='line_1_88' title="bbox 2052 4227 3682 4307; baseline -0.003 -20"><span class='ocrx_word' id='word_1_667' title='bbox 2052 4228 2433 4302; x_wconf 76' lang='grc' dir='ltr'>ἐπιτηδειότης</span> <span class='ocrx_word' id='word_1_668' title='bbox 2486 4231 2702 4300; x_wconf 69' lang='grc' dir='ltr'>ἀτελὴςκ</span> <span class='ocrx_word' id='word_1_669' title='bbox 2757 4231 2894 4307; x_wconf 80' lang='grc' dir='ltr'>πρὸς</span> <span class='ocrx_word' id='word_1_670' title='bbox 2949 4231 2986 4285; x_wconf 83' lang='grc' dir='ltr'><strong>ὃ·</strong></span> <span class='ocrx_word' id='word_1_671' title='bbox 3035 4228 3252 4304; x_wconf 83' lang='grc' dir='ltr'>λέγεται</span> <span class='ocrx_word' id='word_1_672' title='bbox 3308 4227 3568 4302; x_wconf 75' lang='grc' dir='ltr'>δυνάμει,</span> <span class='ocrx_word' id='word_1_673' title='bbox 3617 4227 3682 4282; x_wconf 80' lang='grc' dir='ltr'>τὸ</span> 
     </span>
    </p>
   </div>
   <div class='ocr_carea' id='block_1_89' title="bbox 2052 4315 3685 4396">
    <p class='ocr_par' dir='ltr' id='par_1_89' title="bbox 2052 4315 3685 4396">
     <span class='ocr_line' id='line_1_89' title="bbox 2052 4315 3685 4396; baseline -0.002 -22"><span class='ocrx_word' id='word_1_674' title='bbox 2052 4319 2280 4396; x_wconf 82' lang='grc' dir='ltr'>ἐνεργεῖν</span> <span class='ocrx_word' id='word_1_675' title='bbox 2331 4321 2456 4394; x_wconf 86' lang='grc' dir='ltr'>παρ’</span> <span class='ocrx_word' id='word_1_676' title='bbox 2514 4318 2688 4375; x_wconf 81' lang='grc' dir='ltr'>ἄλλου</span> <span class='ocrx_word' id='word_1_677' title='bbox 2747 4315 3042 4394; x_wconf 84' lang='grc' dir='ltr'>δεχομένη,</span> <span class='ocrx_word' id='word_1_678' title='bbox 3085 4318 3178 4372; x_wconf 88' lang='grc' dir='ltr'>καὶ</span> <span class='ocrx_word' id='word_1_679' title='bbox 3234 4317 3335 4373; x_wconf 76' lang='grc' dir='ltr'>οὐκ</span> <span class='ocrx_word' id='word_1_680' title='bbox 3378 4317 3464 4396; x_wconf 69' lang='grc' dir='ltr'><strong>ἀφ’</strong></span> <span class='ocrx_word' id='word_1_681' title='bbox 3493 4316 3685 4387; x_wconf 69' lang='grc' dir='ltr'>εαυτῆς</span> 
     </span>
    </p>
   </div>
   <div class='ocr_carea' id='block_1_90' title="bbox 2050 4403 3693 4484">
    <p class='ocr_par' dir='ltr' id='par_1_90' title="bbox 2050 4403 3693 4484">
     <span class='ocr_line' id='line_1_90' title="bbox 2050 4403 3693 4484; baseline -0.003 -21"><span class='ocrx_word' id='word_1_682' title='bbox 2050 4405 2488 4482; x_wconf 74' lang='grc' dir='ltr'>προϐάλλουσαο</span> <span class='ocrx_word' id='word_1_683' title='bbox 2550 4408 2625 4470; x_wconf 83' lang='grc' dir='ltr'>ὡς</span> <span class='ocrx_word' id='word_1_684' title='bbox 2701 4404 2929 4484; x_wconf 81' lang='grc' dir='ltr'>λέγομεν</span> <span class='ocrx_word' id='word_1_685' title='bbox 2964 4451 2979 4477; x_wconf 94' lang='grc'><strong>,</strong></span> <span class='ocrx_word' id='word_1_686' title='bbox 3036 4405 3106 4461; x_wconf 86' lang='grc' dir='ltr'><strong>Τὸ</strong></span> <span class='ocrx_word' id='word_1_687' title='bbox 3177 4407 3417 4483; x_wconf 77' lang='grc' dir='ltr'>σπέρμα</span> <span class='ocrx_word' id='word_1_688' title='bbox 3468 4403 3693 4478; x_wconf 71' lang='grc' dir='ltr'>δυνάμει</span> 
     </span>
    </p>
   </div>
   <div class='ocr_carea' id='block_1_91' title="bbox 2055 4492 3693 4574">
    <p class='ocr_par' dir='ltr' id='par_1_91' title="bbox 2055 4492 3693 4574">
     <span class='ocr_line' id='line_1_91' title="bbox 2055 4492 3693 4574; baseline -0.002 -22"><span class='ocrx_word' id='word_1_689' title='bbox 2055 4502 2213 4567; x_wconf 79' lang='grc' dir='ltr'>ζῶον.</span> <span class='ocrx_word' id='word_1_690' title='bbox 2255 4497 2530 4574; x_wconf 83' lang='grc' dir='ltr'>Ἐνεργείᾳ</span> <span class='ocrx_word' id='word_1_691' title='bbox 2581 4495 2640 4552; x_wconf 80' lang='grc' dir='ltr'><strong>δέ</strong></span> <span class='ocrx_word' id='word_1_692' title='bbox 2691 4496 2876 4571; x_wconf 79' lang='grc' dir='ltr'>ἐστιν,</span> <span class='ocrx_word' id='word_1_693' title='bbox 2933 4497 2963 4550; x_wconf 76' lang='grc' dir='ltr'><strong>’ὀ</strong></span> <span class='ocrx_word' id='word_1_694' title='bbox 3019 4494 3253 4572; x_wconf 82' lang='grc' dir='ltr'>ἐνεργεῖν</span> <span class='ocrx_word' id='word_1_695' title='bbox 3307 4493 3418 4566; x_wconf 75' lang='grc' dir='ltr'>ἤδη</span> <span class='ocrx_word' id='word_1_696' title='bbox 3473 4492 3693 4549; x_wconf 78' lang='grc' dir='ltr'>δύναται</span> 
     </span>
    </p>
   </div>
   <div class='ocr_carea' id='block_1_92' title="bbox 2049 4582 3694 4662">
    <p class='ocr_par' dir='ltr' id='par_1_92' title="bbox 2049 4582 3694 4662">
     <span class='ocr_line' id='line_1_92' title="bbox 2049 4582 3694 4662; baseline -0.003 -21"><span class='ocrx_word' id='word_1_697' title='bbox 2049 4590 2167 4641; x_wconf 79' lang='grc' dir='ltr'>κατ’</span> <span class='ocrx_word' id='word_1_698' title='bbox 2234 4587 2405 4642; x_wconf 87' lang='grc' dir='ltr'>ἐκεῖνο</span> <span class='ocrx_word' id='word_1_699' title='bbox 2472 4587 2502 4641; x_wconf 82' lang='grc' dir='ltr'><strong>’ὁ</strong></span> <span class='ocrx_word' id='word_1_700' title='bbox 2561 4585 2774 4662; x_wconf 87' lang='grc' dir='ltr'>λέγεται</span> <span class='ocrx_word' id='word_1_701' title='bbox 2812 4605 2826 4618; x_wconf 75' lang='grc' dir='ltr'><strong><em>ο</em></strong></span> <span class='ocrx_word' id='word_1_702' title='bbox 2885 4585 2964 4647; x_wconf 81' lang='grc' dir='ltr'><strong>ὡς</strong></span> <span class='ocrx_word' id='word_1_703' title='bbox 3036 4583 3402 4661; x_wconf 78' lang='grc' dir='ltr'>Ἀριστόξενος</span> <span class='ocrx_word' id='word_1_704' title='bbox 3478 4582 3694 4660; x_wconf 74' lang='grc' dir='ltr'>λέγεται</span> 
     </span>
    </p>
   </div>
   <div class='ocr_carea' id='block_1_93' title="bbox 310 4671 1944 4762">
    <p class='ocr_par' dir='ltr' id='par_1_93' title="bbox 310 4671 1944 4745">
     <span class='ocr_line' id='line_1_93' title="bbox 310 4671 1944 4745; baseline 0.006 -21"><span class='ocrx_word' id='word_1_705' title='bbox 310 4671 636 4726; x_wconf 87' lang='lat' dir='ltr'><strong>secundum</strong></span> <span class='ocrx_word' id='word_1_706' title='bbox 668 4672 724 4726; x_wconf 90' lang='lat' dir='ltr'><strong>id</strong></span> <span class='ocrx_word' id='word_1_707' title='bbox 759 4675 914 4745; x_wconf 92' lang='lat' dir='ltr'><strong>quod</strong></span> <span class='ocrx_word' id='word_1_708' title='bbox 947 4675 1178 4731; x_wconf 91' lang='lat' dir='ltr'><strong>dicitur.</strong></span> <span class='ocrx_word' id='word_1_709' title='bbox 1201 4677 1702 4740; x_wconf 88' lang='lat' dir='ltr'><strong>Quemadmodum</strong></span> <span class='ocrx_word' id='word_1_710' title='bbox 1732 4676 1944 4733; x_wconf 88' lang='lat' dir='ltr'><strong>Aristo-</strong></span> 
     </span>
    </p>
   </div>
   <div class='ocr_carea' id='block_1_94' title="bbox 2058 4671 3696 4762">
    <p class='ocr_par' dir='ltr' id='par_1_94' title="bbox 2058 4671 3696 4762">
     <span class='ocr_line' id='line_1_94' title="bbox 2058 4671 3696 4762; baseline -0.002 -32"><span class='ocrx_word' id='word_1_711' title='bbox 2058 4677 2332 4748; x_wconf 78' lang='grc' dir='ltr'>μουσικὸς,</span> <span class='ocrx_word' id='word_1_712' title='bbox 2392 4675 2635 4752; x_wconf 79' lang='grc' dir='ltr'>ἐνεργείᾳ</span> <span class='ocrx_word' id='word_1_713' title='bbox 2675 4673 2749 4730; x_wconf 83' lang='grc' dir='ltr'>ὣν</span> <span class='ocrx_word' id='word_1_714' title='bbox 2805 4673 3087 4747; x_wconf 75' lang='grc' dir='ltr'>μουσικόςο</span> <span class='ocrx_word' id='word_1_715' title='bbox 3137 4671 3525 4762; x_wconf 14' lang='grc' dir='ltr'>έπεὶδύνατειιν</span> <span class='ocrx_word' id='word_1_716' title='bbox 3557 4672 3696 4728; x_wconf 80' lang='grc' dir='ltr'>κατὰ</span> 
     </span>
    </p>
   </div>
   <div class='ocr_carea' id='block_1_95' title="bbox 309 4760 1944 4840">
    <p class='ocr_par' dir='ltr' id='par_1_95' title="bbox 309 4760 1944 4837">
     <span class='ocr_line' id='line_1_95' title="bbox 309 4760 1944 4837; baseline 0.006 -25"><span class='ocrx_word' id='word_1_717' title='bbox 309 4775 491 4814; x_wconf 82' lang='lat' dir='ltr'><strong>xenus</strong></span> <span class='ocrx_word' id='word_1_718' title='bbox 521 4760 737 4817; x_wconf 86' lang='lat' dir='ltr'><strong>dicitur</strong></span> <span class='ocrx_word' id='word_1_719' title='bbox 764 4763 1028 4820; x_wconf 89' lang='lat' dir='ltr'><strong>musicus</strong></span> <span class='ocrx_word' id='word_1_720' title='bbox 1055 4781 1188 4820; x_wconf 89' lang='lat' dir='ltr'><strong>cum</strong></span> <span class='ocrx_word' id='word_1_721' title='bbox 1220 4770 1348 4820; x_wconf 90' lang='lat' dir='ltr'><strong>actu</strong></span> <span class='ocrx_word' id='word_1_722' title='bbox 1383 4765 1460 4821; x_wconf 91' lang='lat' dir='ltr'><strong>sit</strong></span> <span class='ocrx_word' id='word_1_723' title='bbox 1477 4766 1777 4833; x_wconf 88' lang='lat' dir='ltr'><strong>musicus;</strong></span> <span class='ocrx_word' id='word_1_724' title='bbox 1807 4782 1944 4837; x_wconf 90' lang='lat' dir='ltr'><strong>quo-</strong></span> 
     </span>
    </p>
   </div>
   <div class='ocr_carea' id='block_1_96' title="bbox 2058 4760 3697 4840">
    <p class='ocr_par' dir='ltr' id='par_1_96' title="bbox 2058 4761 3697 4840">
     <span class='ocr_line' id='line_1_96' title="bbox 2058 4761 3697 4840; baseline -0.001 -22"><span class='ocrx_word' id='word_1_725' title='bbox 2058 4764 2150 4833; x_wconf 84' lang='grc' dir='ltr'><strong>τήν</strong></span> <span class='ocrx_word' id='word_1_726' title='bbox 2204 4765 2493 4837; x_wconf 83' lang='grc' dir='ltr'>μουσικὴν</span> <span class='ocrx_word' id='word_1_727' title='bbox 2524 4763 2756 4840; x_wconf 79' lang='grc' dir='ltr'>ἐνεργεῖν</span> <span class='ocrx_word' id='word_1_728' title='bbox 2790 4809 2804 4835; x_wconf 89' lang='grc'><strong>,</strong></span> <span class='ocrx_word' id='word_1_729' title='bbox 2862 4763 2994 4818; x_wconf 79' lang='grc' dir='ltr'>καθὸ</span> <span class='ocrx_word' id='word_1_730' title='bbox 3057 4761 3310 4836; x_wconf 70' lang='grc' dir='ltr'>μουσικός</span> <span class='ocrx_word' id='word_1_731' title='bbox 3346 4805 3360 4818; x_wconf 94' lang='grc'><strong>.</strong></span> <span class='ocrx_word' id='word_1_732' title='bbox 3417 4761 3697 4837; x_wconf 74' lang='grc' dir='ltr'>Ἐνέρτεια</span> 
     </span>
    </p>
   </div>
   <div class='ocr_carea' id='block_1_97' title="bbox 310 4846 1944 4926">
    <p class='ocr_par' dir='ltr' id='par_1_97' title="bbox 310 4847 1944 4926">
     <span class='ocr_line' id='line_1_97' title="bbox 310 4847 1944 4926; baseline 0.006 -25"><span class='ocrx_word' id='word_1_733' title='bbox 310 4847 466 4902; x_wconf 88' lang='lat' dir='ltr'><strong>niam</strong></span> <span class='ocrx_word' id='word_1_734' title='bbox 519 4851 841 4907; x_wconf 88' lang='lat' dir='ltr'><strong>secundum</strong></span> <span class='ocrx_word' id='word_1_735' title='bbox 887 4853 1173 4908; x_wconf 88' lang='lat' dir='ltr'><strong>musicam</strong></span> <span class='ocrx_word' id='word_1_736' title='bbox 1225 4869 1393 4926; x_wconf 88' lang='lat' dir='ltr'><strong>agere</strong></span> <span class='ocrx_word' id='word_1_737' title='bbox 1416 4859 1627 4926; x_wconf 89' lang='lat' dir='ltr'><strong>potest,</strong></span> <span class='ocrx_word' id='word_1_738' title='bbox 1660 4859 1944 4926; x_wconf 87' lang='lat' dir='ltr'><strong>quatenus</strong></span> 
     </span>
    </p>
   </div>
   <div class='ocr_carea' id='block_1_98' title="bbox 2058 4846 3703 4926">
    <p class='ocr_par' dir='ltr' id='par_1_98' title="bbox 2058 4846 3703 4926">
     <span class='ocr_line' id='line_1_98' title="bbox 2058 4846 3703 4926; baseline -0.001 -20"><span class='ocrx_word' id='word_1_739' title='bbox 2058 4849 2110 4906; x_wconf 84' lang='grc' dir='ltr'><strong>δέ</strong></span> <span class='ocrx_word' id='word_1_740' title='bbox 2141 4852 2281 4907; x_wconf 88' lang='grc' dir='ltr'>ἐστιν</span> <span class='ocrx_word' id='word_1_741' title='bbox 2311 4857 2347 4922; x_wconf 80' lang='grc' dir='ltr'>ἠ</span> <span class='ocrx_word' id='word_1_742' title='bbox 2389 4854 2494 4907; x_wconf 84' lang='grc' dir='ltr'>ἀπὸ</span> <span class='ocrx_word' id='word_1_743' title='bbox 2540 4859 2642 4922; x_wconf 84' lang='grc' dir='ltr'><strong>τῆς</strong></span> <span class='ocrx_word' id='word_1_744' title='bbox 2691 4849 2969 4925; x_wconf 75' lang='grc' dir='ltr'>δυνάμεως</span> <span class='ocrx_word' id='word_1_745' title='bbox 3013 4846 3703 4926; x_wconf 65' lang='grc' dir='ltr'>προϐωλςλομένηκίνησις</span> 
     </span>
    </p>
   </div>
   <div class='ocr_carea' id='block_1_99' title="bbox 308 4934 1944 5018">
    <p class='ocr_par' dir='ltr' id='par_1_99' title="bbox 308 4935 1944 5016">
     <span class='ocr_line' id='line_1_99' title="bbox 308 4935 1944 5016; baseline 0.007 -27"><span class='ocrx_word' id='word_1_746' title='bbox 308 4935 408 4990; x_wconf 72' lang='lat'><strong>46</strong></span> <span class='ocrx_word' id='word_1_747' title='bbox 439 4937 723 4994; x_wconf 90' lang='lat' dir='ltr'><strong>musicus.</strong></span> <span class='ocrx_word' id='word_1_748' title='bbox 756 4942 931 4997; x_wconf 84' lang='lat' dir='ltr'><strong>Actus</strong></span> <span class='ocrx_word' id='word_1_749' title='bbox 963 4946 1156 4997; x_wconf 89' lang='lat' dir='ltr'><strong>autem</strong></span> <span class='ocrx_word' id='word_1_750' title='bbox 1190 4947 1278 4997; x_wconf 87' lang='lat' dir='ltr'><strong>est</strong></span> <span class='ocrx_word' id='word_1_751' title='bbox 1309 4948 1502 4999; x_wconf 91' lang='lat' dir='ltr'><strong>motus</strong></span> <span class='ocrx_word' id='word_1_752' title='bbox 1535 4944 1737 5000; x_wconf 82' lang='lat' dir='ltr'><strong>efﬁcax</strong></span> <span class='ocrx_word' id='word_1_753' title='bbox 1780 4943 1880 5016; x_wconf 89' lang='lat' dir='ltr'><strong>qui</strong></span> <span class='ocrx_word' id='word_1_754' title='bbox 1913 4961 1944 5000; x_wconf 89' lang='lat' dir='ltr'><strong>a</strong></span> 
     </span>
    </p>
   </div>
   <div class='ocr_carea' id='block_1_100' title="bbox 2058 4934 3696 5018">
    <p class='ocr_par' dir='ltr' id='par_1_100' title="bbox 2058 4934 3696 5018">
     <span class='ocr_line' id='line_1_100' title="bbox 2058 4934 3696 5018; baseline -0.002 -22"><span class='ocrx_word' id='word_1_755' title='bbox 2058 4941 2286 5018; x_wconf 77' lang='grc' dir='ltr'>ἐνεργός·</span> <span class='ocrx_word' id='word_1_756' title='bbox 2333 4942 2544 5018; x_wconf 82' lang='grc' dir='ltr'>ἐνεργὸς</span> <span class='ocrx_word' id='word_1_757' title='bbox 2595 4937 2653 4996; x_wconf 86' lang='grc' dir='ltr'><strong>δέ</strong></span> <span class='ocrx_word' id='word_1_758' title='bbox 2712 4939 2920 5015; x_wconf 71' lang='grc' dir='ltr'>(ἐστιν),</span> <span class='ocrx_word' id='word_1_759' title='bbox 2967 4942 3004 5010; x_wconf 80' lang='grc' dir='ltr'>ἠ</span> <span class='ocrx_word' id='word_1_760' title='bbox 3061 4939 3113 4995; x_wconf 84' lang='grc' dir='ltr'><strong>ἐν</strong></span> <span class='ocrx_word' id='word_1_761' title='bbox 3175 4943 3262 5011; x_wconf 73' lang='grc' dir='ltr'>τῷ</span> <span class='ocrx_word' id='word_1_762' title='bbox 3304 4936 3449 5015; x_wconf 72' lang='grc' dir='ltr'>ἔργῳ</span> <span class='ocrx_word' id='word_1_763' title='bbox 3481 4955 3497 4973; x_wconf 81' lang='lat'><strong><em>°</em></strong></span> <span class='ocrx_word' id='word_1_764' title='bbox 3537 4934 3696 5016; x_wconf 72' lang='grc' dir='ltr'>ἔργον</span> 
     </span>
    </p>
   </div>
   <div class='ocr_carea' id='block_1_101' title="bbox 306 5024 1944 5105">
    <p class='ocr_par' dir='ltr' id='par_1_101' title="bbox 306 5025 1943 5105">
     <span class='ocr_line' id='line_1_101' title="bbox 306 5025 1943 5105; baseline 0.005 -27"><span class='ocrx_word' id='word_1_765' title='bbox 306 5025 565 5094; x_wconf 89' lang='lat' dir='ltr'><strong>potentia</strong></span> <span class='ocrx_word' id='word_1_766' title='bbox 595 5029 904 5085; x_wconf 91' lang='lat' dir='ltr'><strong>emittitur.</strong></span> <span class='ocrx_word' id='word_1_767' title='bbox 937 5030 1159 5087; x_wconf 80' lang='lat' dir='ltr'><strong>Efﬁcax</strong></span> <span class='ocrx_word' id='word_1_768' title='bbox 1191 5035 1385 5087; x_wconf 85' lang='lat' dir='ltr'><strong>autem</strong></span> <span class='ocrx_word' id='word_1_769' title='bbox 1436 5037 1523 5088; x_wconf 91' lang='lat' dir='ltr'><strong>est</strong></span> <span class='ocrx_word' id='word_1_770' title='bbox 1571 5033 1812 5104; x_wconf 90' lang='lat' dir='ltr'><strong>[motus]</strong></span> <span class='ocrx_word' id='word_1_771' title='bbox 1842 5033 1943 5105; x_wconf 93' lang='lat' dir='ltr'><strong>qui</strong></span> 
     </span>
    </p>
   </div>
   <div class='ocr_carea' id='block_1_102' title="bbox 2058 5024 3700 5105">
    <p class='ocr_par' dir='ltr' id='par_1_102' title="bbox 2058 5024 3700 5105">
     <span class='ocr_line' id='line_1_102' title="bbox 2058 5024 3700 5105; baseline -0.01 -8"><span class='ocrx_word' id='word_1_772' title='bbox 2058 5028 2110 5085; x_wconf 57' lang='grc' dir='ltr'>δὲ</span> <span class='ocrx_word' id='word_1_773' title='bbox 2137 5033 2172 5100; x_wconf 68' lang='grc' dir='ltr'><strong>ἢ</strong></span> <span class='ocrx_word' id='word_1_774' title='bbox 2201 5049 2262 5085; x_wconf 82' lang='grc' dir='ltr'>τε</span> <span class='ocrx_word' id='word_1_775' title='bbox 2315 5030 2536 5100; x_wconf 81' lang='grc' dir='ltr'>ποίησις</span> <span class='ocrx_word' id='word_1_776' title='bbox 2591 5029 2704 5084; x_wconf 76' lang='grc' dir='ltr'>καὶ¹</span> <span class='ocrx_word' id='word_1_777' title='bbox 2737 5032 2773 5099; x_wconf 81' lang='grc' dir='ltr'>ἡ</span> <span class='ocrx_word' id='word_1_778' title='bbox 2804 5031 3017 5105; x_wconf 76' lang='grc' dir='ltr'>πρᾶξις.</span> <span class='ocrx_word' id='word_1_779' title='bbox 3065 5031 3129 5083; x_wconf 89' lang='grc' dir='ltr'><strong><em>Ἣ</em></strong></span> <span class='ocrx_word' id='word_1_780' title='bbox 3158 5027 3381 5099; x_wconf 83' lang='grc' dir='ltr'>ποίησις</span> <span class='ocrx_word' id='word_1_781' title='bbox 3402 5070 3404 5072; x_wconf 53' lang='grc' dir='ltr'><strong>τ</strong></span> <span class='ocrx_word' id='word_1_782' title='bbox 3429 5024 3488 5083; x_wconf 63' lang='grc' dir='ltr'>δὲ</span> <span class='ocrx_word' id='word_1_783' title='bbox 3534 5029 3700 5096; x_wconf 73' lang='grc' dir='ltr'>καίιὴ·</span> 
     </span>
    </p>
   </div>
   <div class='ocr_carea' id='block_1_103' title="bbox 305 5112 1944 5206">
    <p class='ocr_par' dir='ltr' id='par_1_103' title="bbox 305 5112 1939 5192">
     <span class='ocr_line' id='line_1_103' title="bbox 305 5112 1939 5192; baseline 0.007 -26"><span class='ocrx_word' id='word_1_784' title='bbox 305 5112 366 5167; x_wconf 91' lang='lat' dir='ltr'><strong>in</strong></span> <span class='ocrx_word' id='word_1_785' title='bbox 396 5130 567 5184; x_wconf 89' lang='lat' dir='ltr'><strong>opere</strong></span> <span class='ocrx_word' id='word_1_786' title='bbox 601 5117 888 5173; x_wconf 83' lang='lat' dir='ltr'><strong>consistit.</strong></span> <span class='ocrx_word' id='word_1_787' title='bbox 924 5119 1074 5192; x_wconf 90' lang='lat' dir='ltr'><strong>Opes</strong></span> <span class='ocrx_word' id='word_1_788' title='bbox 1104 5137 1258 5192; x_wconf 85' lang='lat' dir='ltr'><strong>vero,</strong></span> <span class='ocrx_word' id='word_1_789' title='bbox 1293 5126 1367 5176; x_wconf 91' lang='lat' dir='ltr'><strong>et.</strong></span> <span class='ocrx_word' id='word_1_790' title='bbox 1394 5122 1614 5178; x_wconf 69' lang='lat' dir='ltr'><strong>effectio</strong></span> <span class='ocrx_word' id='word_1_791' title='bbox 1663 5126 1720 5177; x_wconf 92' lang='lat' dir='ltr'><strong>et</strong></span> <span class='ocrx_word' id='word_1_792' title='bbox 1769 5123 1939 5178; x_wconf 87' lang='lat' dir='ltr'><strong>actio.</strong></span> 
     </span>
    </p>
   </div>
   <div class='ocr_carea' id='block_1_104' title="bbox 2058 5112 3696 5206">
    <p class='ocr_par' dir='ltr' id='par_1_104' title="bbox 2058 5115 3696 5206">
     <span class='ocr_line' id='line_1_104' title="bbox 2058 5115 3696 5206; baseline -0.001 -33"><span class='ocrx_word' id='word_1_793' title='bbox 2058 5119 2241 5196; x_wconf 76' lang='grc' dir='ltr'>πρᾶξις</span> <span class='ocrx_word' id='word_1_794' title='bbox 2297 5119 2357 5174; x_wconf 88' lang='grc' dir='ltr'><strong>ἐκ</strong></span> <span class='ocrx_word' id='word_1_795' title='bbox 2411 5122 2508 5173; x_wconf 80' lang='grc' dir='ltr'><strong>τοῦ</strong></span> <span class='ocrx_word' id='word_1_796' title='bbox 2563 5122 2764 5206; x_wconf 60' lang='grc' dir='ltr'>ποιεῖν</span> <span class='ocrx_word' id='word_1_797' title='bbox 2798 5119 2886 5173; x_wconf 83' lang='grc' dir='ltr'><strong>καὶ</strong></span> <span class='ocrx_word' id='word_1_798' title='bbox 2944 5117 3052 5192; x_wconf 81' lang='grc' dir='ltr'>(ἐκ)</span> <span class='ocrx_word' id='word_1_799' title='bbox 3101 5120 3200 5172; x_wconf 75' lang='grc' dir='ltr'>τοῦ</span> <span class='ocrx_word' id='word_1_800' title='bbox 3251 5115 3522 5206; x_wconf 75' lang='grc' dir='ltr'>πράττειν’</span> <span class='ocrx_word' id='word_1_801' title='bbox 3567 5115 3696 5191; x_wconf 75' lang='grc' dir='ltr'>περὶ</span> 
     </span>
    </p>
   </div>
   <div class='ocr_carea' id='block_1_105' title="bbox 303 5200 1944 5283">
    <p class='ocr_par' dir='ltr' id='par_1_105' title="bbox 303 5200 1941 5283">
     <span class='ocr_line' id='line_1_105' title="bbox 303 5200 1941 5283; baseline 0.008 -29"><span class='ocrx_word' id='word_1_802' title='bbox 303 5200 538 5256; x_wconf 76' lang='lat' dir='ltr'><strong>Efi‘ectio</strong></span> <span class='ocrx_word' id='word_1_803' title='bbox 570 5203 819 5276; x_wconf 89' lang='lat' dir='ltr'><strong>denique</strong></span> <span class='ocrx_word' id='word_1_804' title='bbox 869 5210 926 5262; x_wconf 92' lang='lat' dir='ltr'><strong>et</strong></span> <span class='ocrx_word' id='word_1_805' title='bbox 974 5207 1123 5263; x_wconf 91' lang='lat' dir='ltr'><strong>actio</strong></span> <span class='ocrx_word' id='word_1_806' title='bbox 1172 5209 1243 5264; x_wconf 92' lang='lat' dir='ltr'><strong>ab</strong></span> <span class='ocrx_word' id='word_1_807' title='bbox 1293 5209 1595 5266; x_wconf 89' lang='lat' dir='ltr'><strong>efﬁciendo</strong></span> <span class='ocrx_word' id='word_1_808' title='bbox 1635 5215 1692 5266; x_wconf 90' lang='lat' dir='ltr'><strong>et</strong></span> <span class='ocrx_word' id='word_1_809' title='bbox 1719 5211 1941 5283; x_wconf 88' lang='lat' dir='ltr'><strong>agendo</strong></span> 
     </span>
    </p>
   </div>
   <div class='ocr_carea' id='block_1_106' title="bbox 2058 5200 3692 5283">
    <p class='ocr_par' dir='ltr' id='par_1_106' title="bbox 2058 5202 3692 5283">
     <span class='ocr_line' id='line_1_106' title="bbox 2058 5202 3692 5283; baseline -0.001 -21"><span class='ocrx_word' id='word_1_810' title='bbox 2058 5210 2122 5263; x_wconf 76' lang='grc' dir='ltr'>ὧν</span> <span class='ocrx_word' id='word_1_811' title='bbox 2158 5208 2210 5264; x_wconf 90' lang='grc' dir='ltr'><strong>έν</strong></span> <span class='ocrx_word' id='word_1_812' title='bbox 2237 5213 2317 5280; x_wconf 78' lang='grc' dir='ltr'><strong>τῷ</strong></span> <span class='ocrx_word' id='word_1_813' title='bbox 2343 5207 2548 5283; x_wconf 82' lang='grc' dir='ltr'>πρώτῳ</span> <span class='ocrx_word' id='word_1_814' title='bbox 2581 5202 2784 5283; x_wconf 74' lang='grc' dir='ltr'>βιϐλίῳ</span> <span class='ocrx_word' id='word_1_815' title='bbox 2806 5207 2946 5262; x_wconf 75' lang='grc' dir='ltr'>κατὰ</span> <span class='ocrx_word' id='word_1_816' title='bbox 2969 5202 3692 5282; x_wconf 69' lang='grc' dir='ltr'>τὸ-εἰκοπὸνκαὶτίταρων</span> 
     </span>
    </p>
   </div>
   <div class='ocr_carea' id='block_1_107' title="bbox 303 5293 1944 5376">
    <p class='ocr_par' dir='ltr' id='par_1_107' title="bbox 303 5293 1942 5371">
     <span class='ocr_line' id='line_1_107' title="bbox 303 5293 1942 5371; baseline 0.008 -28"><span class='ocrx_word' id='word_1_817' title='bbox 303 5293 441 5344; x_wconf 86' lang='lat' dir='ltr'><strong>sunt</strong></span> <span class='ocrx_word' id='word_1_818' title='bbox 475 5308 488 5345; x_wconf 74' lang='grc' dir='ltr'>ε</span> <span class='ocrx_word' id='word_1_819' title='bbox 535 5305 787 5363; x_wconf 87' lang='lat' dir='ltr'><strong>quorum</strong></span> <span class='ocrx_word' id='word_1_820' title='bbox 818 5293 879 5348; x_wconf 90' lang='lat' dir='ltr'><strong>in</strong></span> <span class='ocrx_word' id='word_1_821' title='bbox 912 5296 1102 5366; x_wconf 89' lang='lat' dir='ltr'><strong>primo</strong></span> <span class='ocrx_word' id='word_1_822' title='bbox 1135 5296 1285 5354; x_wconf 89' lang='lat' dir='ltr'><strong>libro</strong></span> <span class='ocrx_word' id='word_1_823' title='bbox 1307 5298 1381 5371; x_wconf 91' lang='grc'><strong>(1)</strong></span> <span class='ocrx_word' id='word_1_824' title='bbox 1431 5299 1620 5370; x_wconf 90' lang='lat' dir='ltr'><strong>capite</strong></span> <span class='ocrx_word' id='word_1_825' title='bbox 1669 5298 1942 5356; x_wconf 89' lang='lat' dir='ltr'><strong>vicesimo</strong></span> 
     </span>
    </p>
   </div>
   <div class='ocr_carea' id='block_1_108' title="bbox 2058 5293 2844 5376">
    <p class='ocr_par' dir='ltr' id='par_1_108' title="bbox 2058 5295 2844 5376">
     <span class='ocr_line' id='line_1_108' title="bbox 2058 5295 2844 5376; baseline -0.001 -25"><span class='ocrx_word' id='word_1_826' title='bbox 2058 5295 2339 5376; x_wconf 75' lang='grc' dir='ltr'>κεφάλαιον</span> <span class='ocrx_word' id='word_1_827' title='bbox 2354 5328 2356 5332; x_wconf 65' lang='grc' dir='ltr'><strong>τ</strong></span> <span class='ocrx_word' id='word_1_828' title='bbox 2370 5297 2817 5372; x_wconf 77' lang='grc' dir='ltr'>προϋπέμνησται</span> <span class='ocrx_word' id='word_1_829' title='bbox 2831 5327 2844 5356; x_wconf 59' lang='grc' dir='ltr'>δ</span> 
     </span>
    </p>
   </div>
   <div class='ocr_carea' id='block_1_109' title="bbox 303 5381 1498 5449">
    <p class='ocr_par' dir='ltr' id='par_1_109' title="bbox 303 5381 1498 5449">
     <span class='ocr_line' id='line_1_109' title="bbox 303 5381 1498 5449; baseline 0.008 -16"><span class='ocrx_word' id='word_1_830' title='bbox 303 5383 510 5449; x_wconf 84' lang='lat' dir='ltr'><strong>quarto</strong></span> <span class='ocrx_word' id='word_1_831' title='bbox 541 5397 574 5435; x_wconf 80' lang='grc' dir='ltr'><strong>ο.</strong></span> <span class='ocrx_word' id='word_1_832' title='bbox 606 5381 774 5437; x_wconf 88' lang='lat' dir='ltr'><strong>nobis</strong></span> <span class='ocrx_word' id='word_1_833' title='bbox 807 5388 939 5438; x_wconf 86' lang='lat' dir='ltr'><strong>ante</strong></span> <span class='ocrx_word' id='word_1_834' title='bbox 971 5384 1122 5440; x_wconf 86' lang='lat' dir='ltr'><strong>facta</strong></span> <span class='ocrx_word' id='word_1_835' title='bbox 1147 5391 1237 5442; x_wconf 92' lang='lat' dir='ltr'><strong>est</strong></span> <span class='ocrx_word' id='word_1_836' title='bbox 1263 5386 1498 5444; x_wconf 89' lang='lat' dir='ltr'><strong>mentio.</strong></span> 
     </span>
    </p>
   </div>
   <div class='ocr_carea' id='block_1_110' title="bbox 373 5583 1794 5662">
    <p class='ocr_par' dir='ltr' id='par_1_110' title="bbox 373 5583 1794 5662">
     <span class='ocr_line' id='line_1_110' title="bbox 373 5583 1794 5662; baseline 0.004 -19"><span class='ocrx_word' id='word_1_837' title='bbox 373 5583 419 5623; x_wconf 81' lang='grc'><strong>⁸²</strong></span> <span class='ocrx_word' id='word_1_838' title='bbox 448 5588 481 5643; x_wconf 90' lang='grc'><strong>3</strong></span> <span class='ocrx_word' id='word_1_839' title='bbox 510 5584 682 5660; x_wconf 81' lang='lat' dir='ltr'><strong>Phys.</strong></span> <span class='ocrx_word' id='word_1_840' title='bbox 717 5603 766 5642; x_wconf 92' lang='lat' dir='ltr'><strong>c.</strong></span> <span class='ocrx_word' id='word_1_841' title='bbox 796 5588 853 5655; x_wconf 89' lang='lat'><strong>2,</strong></span> <span class='ocrx_word' id='word_1_842' title='bbox 884 5590 926 5642; x_wconf 94' lang='lat' dir='ltr'><strong>t.</strong></span> <span class='ocrx_word' id='word_1_843' title='bbox 959 5587 1046 5643; x_wconf 90' lang='grc'>18.</span> <span class='ocrx_word' id='word_1_844' title='bbox 1124 5589 1167 5623; x_wconf 77' lang='grc'><strong>⁵³</strong></span> <span class='ocrx_word' id='word_1_845' title='bbox 1195 5589 1229 5643; x_wconf 92' lang='lat'>3</span> <span class='ocrx_word' id='word_1_846' title='bbox 1258 5589 1428 5662; x_wconf 80' lang='lat' dir='ltr'><strong>Phys.</strong></span> <span class='ocrx_word' id='word_1_847' title='bbox 1460 5609 1507 5649; x_wconf 81' lang='grc' dir='ltr'><strong>ο.</strong></span> <span class='ocrx_word' id='word_1_848' title='bbox 1536 5593 1590 5661; x_wconf 88' lang='lat'><strong>2,</strong></span> <span class='ocrx_word' id='word_1_849' title='bbox 1631 5595 1673 5649; x_wconf 91' lang='lat' dir='ltr'><strong>t.</strong></span> <span class='ocrx_word' id='word_1_850' title='bbox 1704 5591 1794 5648; x_wconf 88' lang='lat'><strong>22.</strong></span> 
     </span>
    </p>
   </div>
   <div class='ocr_carea' id='block_1_111' title="bbox 372 5791 1420 5871">
    <p class='ocr_par' dir='ltr' id='par_1_111' title="bbox 372 5791 1420 5871">
     <span class='ocr_line' id='line_1_111' title="bbox 372 5791 1420 5871; baseline 0.001 -19"><span class='ocrx_word' id='word_1_851' title='bbox 372 5796 448 5871; x_wconf 94' lang='grc'>(1)</span> <span class='ocrx_word' id='word_1_852' title='bbox 477 5796 542 5853; x_wconf 92' lang='lat' dir='ltr'><strong>Id</strong></span> <span class='ocrx_word' id='word_1_853' title='bbox 572 5796 661 5854; x_wconf 88' lang='lat' dir='ltr'><strong>est</strong></span> <span class='ocrx_word' id='word_1_854' title='bbox 687 5793 954 5870; x_wconf 89' lang='lat' dir='ltr'><strong>Epitome</strong></span> <span class='ocrx_word' id='word_1_855' title='bbox 980 5791 1187 5867; x_wconf 86' lang='lat' dir='ltr'><strong>logica,</strong></span> <span class='ocrx_word' id='word_1_856' title='bbox 1220 5810 1420 5868; x_wconf 86' lang='lat' dir='ltr'><strong>supra.</strong></span> 
     </span>
    </p>
   </div>
  </div>
