4024 6514
290 474 443 550 ιθετ

292 675 592 773 λέγέταιτὸ
622 698 850 770 πρᾶγμα
904 691 991 745 καὶ
1048 691 1184 745 κατὰ
1235 692 1333 760 τὴν
1397 688 1625 764 δύναμιν
1686 689 1929 764 δυνάμει,

289 785 378 842 καὶ
437 785 573 839 κατὰ
615 784 713 851 τὴν
764 779 1026 856 ἐνέργειαν
1078 779 1342 855 ἐνεργείᾳ.
1385 781 1478 835 Διὸ
1517 780 1607 836 καὶ
1663 781 1725 835 τὸ
1783 777 1936 834 δυνά-

296 885 381 948 μει
442 871 638 943 διττὸν,
698 869 789 925 καὶ
841 868 904 924 τὸ
963 867 1203 944 ἐνεργείᾳ
1277 865 1477 925 διττόν.
1535 868 1756 944 Λέγεται
1830 868 1934 942 γὰρ

293 961 515 1035 δυνάμει
591 959 680 1015 καὶ
746 958 808 1012 τὸ
865 958 980 1012 κατ’
1037 954 1457 1028 ἐπιτηδειότητα
1533 955 1702 1030 μόνην
1769 955 1934 1023 ἀτελῆ

299 1053 468 1126 μήπω
554 1046 822 1122 μηδαμῶς
898 1045 1181 1122 γενόμενον
1266 1051 1427 1102 τοῦτο
1483 1045 1512 1100 δ
1567 1044 1807 1122 λέγεται·
1862 1044 1938 1105 ὠς

299 1137 546 1214 εἷίπομεν,
577 1137 648 1191 Τὸ
680 1134 894 1212 σπέρμα
949 1132 1167 1207 δυνάμει
1229 1138 1388 1204 ζῶον,
1419 1133 1508 1189 καὶ
1557 1134 1632 1195 ὡς
1685 1131 1938 1209 λὲγομεν.

297 1231 368 1285 Τὸ
422 1223 637 1283 παιδίον
678 1223 918 1297 ,δυνάμει
978 1222 1256 1296 μουσικόν·
1290 1222 1374 1278 ὅτι
1433 1220 1650 1278 δύναται
1704 1222 1940 1298 γενέσθαι

297 1319 361 1372 τὸ
396 1318 489 1391 μὲν
523 1315 738 1390 σπέρμα
771 1316 928 1384 ζῶον,
957 1312 1022 1366 τὸ
1069 1310 1288 1366 παιοίον
1344 1309 1400 1366 δὲ
1461 1310 1736 1384 μουσικόν.
1770 1307 1944 1367 Ἀλλὰ

299 1406 388 1461 καὶ
439 1406 501 1460 τὸ
554 1402 840 1479 γενόμενον
904 1402 996 1474 μὲν
1053 1396 1162 1471 ἤδη
1235 1401 1326 1455 καὶ
1393 1401 1492 1469 τὴν
1560 1397 1665 1470 ἕξιν
1731 1397 1940 1455 τελείαν

301 1491 454 1571 ἔχον,
488 1494 564 1568 μὴ
623 1490 866 1567 ἐνεργοῦν
928 1487 985 1544 δὲ
1039 1490 1155 1544 κατ’
1209 1489 1398 1560 αὐτὴν,
1448 1486 1670 1563 δυνάμει
1731 1487 1942 1563 λέγεται

301 1583 391 1639 καὶ
439 1580 610 1656 [αὐτὰ
690 1580 763 1642 ὡς
836 1576 1058 1652 δυνάμει
1114 1579 1370 1652 μουσικὸν
1425 1578 1517 1632 τὸν
1579 1577 1942 1655 Ἀριστόξενον

1609 468 1959 534 EPITOME
1999 468 2355 536 PHYSICA.

341 609 448 684 if.
477 604 688 662 Τούτων
718 602 860 664 οὕτω
908 599 1278 676 διωρισμένων
1339 604 1450 678 χρή
1503 604 1787 678 γινώσκειν
1846 600 1928 657 ὅτι

2116 604 2198 658 13.
2233 603 2334 661 His
2357 605 2438 661 ita
2473 607 2878 680 determniatis
2935 608 3238 670 sciendum
3295 613 3384 666 est
3441 627 3562 667 rem
3621 615 3680 668 et

2049 76 2070 82 -
2166 70 2175 73 ”
2268 72 2321 83 *3

1250 101 1283 104 ι
1458 101 1502 113 .

835 118 884 126 η.
2666 125 2668 129 .

3525 477 3682 542 1058

2043 694 2366 749 secundum
2417 697 2756 766 potentiam,
2808 697 3064 768 potentia
3117 714 3247 753 esse
3290 699 3437 768 dici;
3473 704 3530 755 et
3584 715 3676 756 se-

2044 781 2302 836 cundum
2331 788 2553 852 actum,
2583 789 2738 840 actu.
2772 786 3135 856 Quapropter
3163 787 3339 841 etiam
3379 789 3536 859 quod
3570 805 3679 860 po-
3707 858 3710 862 η

2042 869 2229 926 tentia
2257 874 2366 942 est,
2394 871 2608 943 duplex
2637 877 2728 927 est
2759 892 2774 938 ;
2806 876 2864 928 et
2911 874 3064 943 quod
3122 878 3257 929 actu
3299 883 3404 942 est,
3465 875 3683 947 duplex

2046 961 2153 1012 est.
2187 958 2406 1015 Dicitur
2433 961 2590 1015 enim
2651 962 2930 1032 potentia,
2956 963 3110 1033 quod
3144 965 3467 1020 secundum
3493 965 3681 1022 solam

2047 1045 2442 1118 imperfectam
2477 1048 2860 1120 aptitudinem
2901 1052 3162 1106 nondum
3213 1051 3405 1108 adhuc
3462 1053 3680 1109 factum

2048 1136 2138 1188 est
2157 1133 2266 1189 hoc
2296 1136 2450 1206 quod
2481 1137 2694 1192 dicitur
2724 1138 3045 1208 ;quomodo
3085 1139 3340 1197 diximus
3366 1158 3563 1198 semen
3583 1159 3682 1214 po-

2049 1222 2235 1278 tentia
2258 1239 2385 1279 esse
2414 1225 2651 1293 animal,
2675 1230 2732 1280 et
2761 1228 3050 1298 quomodo
3083 1229 3400 1286 asserimus
3431 1248 3677 1302 puerum

2051 1310 2308 1383 potentia
2337 1328 2464 1367 esse
2499 1313 2829 1382 musicum;
2862 1317 3017 1387 quod
3051 1333 3249 1374 semen
3298 1319 3536 1389 quidem
3568 1321 3687 1378 aui-

2053 1397 2191 1468 mal,
2225 1416 2369 1471 puer
2397 1405 2592 1456 autem
2643 1403 2905 1458 musicus
2951 1403 3071 1458 ﬁeri
3131 1410 3340 1470 potest.
3393 1409 3503 1464 Sed
3527 1411 3682 1480 quod

2045 1487 2171 1559 jam
2207 1488 2423 1544 factum
2451 1494 2622 1557 est,et
2653 1491 2971 1562 perfectum
3009 1491 3274 1549 habitum
3307 1496 3550 1566 obtinet,
3583 1516 3686 1554 nec

2053 1579 2233 1632 tatem
2267 1579 2591 1633 secundum
2621 1579 2788 1634 illum
2819 1581 2957 1652 agit,
2989 1585 3046 1636 et
3071 1581 3263 1653 ipsum
3291 1587 3549 1656 potentia
3605 1588 3686 1642 di-

303 1672 557 1748 λὲγομεν,
589 1669 713 1728 ὅταν
767 1667 829 1724 ού
869 1667 1136 1744 κιθαρίζῃ,
1185 1665 1312 1723 ἀλλ’
1338 1668 1377 1736 ἢ
1435 1665 1664 1740 καθεύδῃ
1708 1668 1744 1736 ἢ
1803 1664 1948 1723 ἄλλα

2071 1665 2233 1732 :itur;
2266 1667 2763 1737 quemadmodum
2793 1669 3200 1725 Aristoxenum
3232 1675 3488 1743 potentia
3544 1676 3688 1732 dici-

300 1781 352 1817 τι
385 1761 598 1837 ἐνεργῇ.
637 1757 782 1814 Κατὰ
806 1761 968 1813 τοῦτο
1013 1757 1076 1811 τὸ
1120 1755 1516 1830 σημαινόμενον
1576 1757 1664 1811 καὶ
1721 1757 1784 1810 τὸ
1839 1759 1945 1830 πῦρ

2071 1770 2189 1809 nus
2222 1753 2534 1825 musicum,
2584 1773 2719 1811 cum
2763 1756 2983 1812 cithara
3037 1775 3151 1814 non
3204 1761 3380 1829 canit,
3437 1763 3538 1818 sed
3589 1771 3691 1820 aut

305 1848 530 1924 δυνάμει
609 1846 838 1924 λᾶγομεν
930 1845 1238 1916 καυστικὸν,
1313 1843 1439 1900 ὅταν
1518 1846 1592 1918 μή
1662 1843 1807 1919 καίῃ.
1877 1844 1948 1898 Τὸ

2071 1843 2293 1910 iormit,
2325 1848 2427 1898 aut
2459 1843 2616 1900 aliud
2649 1845 2790 1916 quid
2807 1847 3148 1917 agit.Quoad
3165 1847 3272 1904 hoc
3295 1849 3688 1922 signiﬁcatum

310 1940 403 2014 μὲν
464 1936 554 1994 οὖν
585 1940 804 2014 πρῶτον
840 1933 1064 2008 δυνάμει
1113 1933 1330 2010 λέγεται
1383 1933 1591 2007 ἀτελὲς,
1619 1933 1682 2040 τὸ
1731 1931 1788 1988 δὲ
1810 1930 1952 2040 εἤδεύ-

2071 1931 2310 1987 1icimus
2331 1932 2505 1988 etiam
2528 1932 2721 2006 ignem
2754 1935 3011 2006 potentia
3061 1953 3249 2008 urere,
3299 1941 3533 2010 quando
3573 1960 3689 1997 non

2071 2019 2217 2040 --μει
2275 2020 2603 2040 τμη-,μω
2691 2039 2727 2040 κν
2819 2025 2830 2040 .
3036 2024 3070 2040 ,ι
3169 2027 3246 2040 --
3353 2032 3361 2040 .
3426 2028 3436 2039 .
3618 2031 3639 2040 η

304 2048 458 2102 τερον
509 2025 738 2082 τὲλειον·
792 2025 882 2080 καὶ
938 2025 1016 2079 τὸ
1054 2025 1148 2097 μὲν
1205 2027 1421 2100 πρῶτον
1471 2029 1587 2079 κατ’
1643 2019 1948 2092 ἐπιτηδειό-

305 2136 465 2190 τητα,
488 2115 551 2171 τὸ
609 2112 668 2169 δὲ
723 2111 968 2190 δεύτερον
1025 2111 1254 2167 τέλειον·
1315 2111 1405 2167 καὶ
1460 2112 1523 2166 τὸ
1584 2112 1678 2186 μὲν
1731 2114 1946 2188 πρῶτον

307 2211 421 2261 κατ’
469 2199 904 2274 ἐπιτηδειότητα,
934 2200 997 2256 τὸ
1045 2198 1103 2256 δὲ
1146 2197 1390 2277 δεύτερον
1435 2201 1552 2258 καθ’
1594 2196 1720 2270 ἕξιν.
1765 2200 1950 2254 Διττὸν

309 2293 366 2350 δὲ
413 2293 504 2350 καὶ
559 2293 622 2348 τὸ
682 2290 920 2368 ἐνεργείᾳ
974 2289 1184 2367 λέγεται
1240 2289 1302 2345 τό
1357 2310 1415 2344 τε
1461 2287 1751 2364 δυνάμενον
1802 2288 1947 2365 ἐνερ-

304 2389 418 2459 γεῖν
489 2383 606 2438 κατ’
657 2380 826 2439 ἐκεῖνο
901 2380 1015 2436 καθ’
1064 2379 1093 2433 ’ὁ
1140 2378 1277 2453 (καὶ)
1335 2377 1572 2454 λέγεται,
1627 2380 1702 2452 μὴ
1759 2379 1948 2451 ,μέντοι

307 2472 580 2548 ἐνεργοῦν·
625 2468 759 2546 ὅπερ
815 2467 1021 2524 ιταυτόν
1093 2466 1203 2524 ἐστι
1258 2472 1336 2540 τῷ
1393 2465 1628 2544 δευτέρῳ
1686 2487 1951 2540 σημαινο-

313 2561 458 2635 μὲνῳ
539 2563 637 2618 τοῦ
718 2555 963 2631 δυνάμει·
1037 2557 1134 2612 ,καὶ
1217 2558 1280 2612 τὸ
1357 2557 1493 2613 κατὰ
1557 2557 1657 2626 τήν
1737 2555 1953 2632 ἐνεργὸν

309 2649 520 2720 κίνησιν
622 2643 1012 2722 θεωρούμενον·
1099 2643 1234 2716 οἷον,
1335 2643 1458 2700 ὅταν
1533 2645 1563 2699 ὁ
1637 2645 1732 2718 μὲν
1806 2645 1953 2718 ’Δρι-

311 2736 556 2809 στόξενος
585 2733 857 2812 κιθαρίζῃ,
886 2731 1014 2806 καίῃ
1045 2729 1103 2786 δὲ
1129 2732 1193 2787 τὸ
1222 2736 1329 2806 πῦρ
1357 2735 1685 2806 πρακτικῶς.

390 2911 474 2972 ιδ’.
520 2913 591 2969 Τὸ
643 2909 821 2968 τοίνυν
881 2907 1126 2987 δεύτερον
1178 2906 1400 2983 δονάμει
1462 2904 1621 2984 μέσον
1678 2906 1790 2962 ἐσσὶ
1846 2911 1954 2962 τῶν

315 3025 375 3068 τε
401 3004 575 3072 πάντη
606 3000 696 3056 καὶ
755 2999 934 3073 μόνως
982 2993 1150 3053 ὄντων
1201 2995 1442 3071 δυνάμει,
1484 2997 1574 3052 καὶ
1627 2999 1736 3051 τῶν
1781 2996 1955 3066 πάντη

317 3092 408 3150 καὶ
459 3091 639 3167 μόνως
691 3083 857 3144 ὄντων
905 3086 1164 3164 ἐνεργείᾳ·
1198 3089 1289 3142 ἅτε
1333 3086 1652 3166 ἀμφοτέρων
1707 3084 1955 3160 μετέχον,

316 3181 408 3236 καὶ
463 3179 599 3257 πρὸς
679 3179 926 3252 ἑκάτερον
983 3175 1220 3253 ὑράρχον
1275 3175 1338 3231 τὸ
1391 3171 1592 3250 ἕτερον·
1651 3176 1764 3229 οἷον
1823 3174 1959 3248 πρὸς

323 3271 418 3344 μὲν
474 3269 538 3324 τὸ
601 3271 818 3343 πρῶτον
897 3261 1120 3338 δυνάμει
1170 3262 1414 3340 ἐνεργείᾳ
1467 3265 1549 3332 ὃν,
1606 3263 1744 3338 πρὸς
1793 3259 1851 3317 δὲ
1895 3262 1959 3316 τὸ

2059 2019 2239 2076 nurit.
2274 2020 2440 2076 Prius
2470 2020 2648 2094 igitur
2679 2025 2833 2094 quod
2856 2024 3114 2095 potentia
3150 2027 3246 2081 47
3283 2032 3390 2098 est,
3421 2028 3692 2102 imperfe-

2059 2113 2218 2163 ctum
2253 2127 2269 2161 :
2300 2109 2612 2180 posterius,
2645 2111 2964 2183 perfectum
2995 2113 3226 2169 dicitur.
3271 2113 3337 2170 Et
3365 2117 3527 2188 prius
3559 2120 3694 2190 qui-

2061 2196 2192 2252 dem
2224 2197 2413 2267 quoad
2445 2197 2854 2270 aptitudinem,
2891 2201 3180 2271 posterius
3201 2205 3390 2274 quoad
3424 2205 3689 2264 habitum

2062 2284 2294 2340 dicitur.
2353 2286 2464 2342 Sed
2522 2292 2579 2342 et
2621 2288 2775 2359 quod
2830 2294 2962 2344 actu
3012 2294 3121 2358 est,
3179 2291 3391 2363 duplex
3433 2294 3692 2366 dicitur;

2061 2377 2118 2429 et
2147 2373 2299 2445 quod
2332 2375 2555 2446 operari
2579 2381 2790 2448 potest,
2823 2378 3141 2434 secundum
3173 2378 3318 2435 illud
3341 2383 3509 2452 juxta
3539 2387 3696 2456 quod

2061 2461 2238 2517 etiam
2269 2461 2502 2518 dicitur.
2533 2464 2768 2520 tametsi
2827 2482 2943 2521 non
2991 2470 3297 2538 operetur;
3330 2473 3487 2542 quod
3543 2474 3698 2530 idem

2061 2554 2151 2606 est
2179 2566 2313 2605 cum
2353 2551 2609 2607 secundo
2661 2552 2987 2625 signiﬁcato
3043 2557 3173 2626 ejus
3230 2560 3384 2628 quod
3440 2565 3700 2633 potentia

2063 2637 2312 2708 dicitur;
2345 2642 2402 2696 et
2430 2641 2585 2711 quod
2618 2643 2943 2697 secundum
2971 2643 3269 2702 efﬁcacem
3310 2653 3534 2707 motum
3566 2669 3698 2709 con-

2065 2726 2374 2799 sideratur,
2404 2727 2584 2784 veluti
2611 2745 2746 2786 cum
2774 2731 3154 2790 Aristoxenus
3183 2735 3408 2810 cithara
3435 2741 3610 2810 canit,
3644 2748 3702 2800 et

2065 2817 2218 2890 ignis
2248 2834 2445 2874 revera
2470 2818 2607 2874 urit.

2138 2907 2226 2962 14.
2252 2906 2544 2963 Posterius
2575 2907 2754 2981 igitur
2781 2912 2937 2981 quod
2969 2916 3228 2984 potentia
3281 2920 3390 2988 est,
3441 2919 3700 2978 medium

2067 2999 2156 3050 est
2187 2995 2336 3050 inter
2355 3012 2421 3051 ea
2451 3012 2578 3068 quae
2608 2997 2844 3054 omnino
2873 3005 2930 3055 et
2957 3005 3185 3057 tantum
3215 3006 3496 3077 potentia,
3553 3026 3705 3082 quaa-

2069 3100 2182 3156 que
2211 3084 2448 3140 omnino
2478 3091 2535 3140 et
2562 3090 2796 3143 tantum
2829 3093 2961 3145 actu
2988 3095 3126 3146 sunt
3152 3109 3165 3159 ;
3193 3093 3349 3162 quod
3388 3096 3701 3170 utriusque

2069 3173 2144 3228 sit
2194 3173 2502 3244 particeps,
2525 3179 2582 3229 et
2609 3175 2681 3229 ad
2714 3181 3027 3248 utrumque
3067 3178 3314 3236 alterum
3345 3184 3608 3253 exsistat,
3642 3192 3706 3243 ut

2069 3262 2223 3332 quod
2256 3261 2491 3333 quidem
2522 3263 2592 3317 ad
2625 3263 2789 3334 prius
2818 3267 3097 3336 potentia,
3131 3273 3481 3342 actu,quoad
3513 3277 3701 3345 poste-

319 3341 566 3434 δεύτερον
615 3341 850 3433 ἐνεργείᾳ
898 3351 1141 3428 δυνάμει.
1180 3353 1250 3408 Τὸ
1306 3357 1525 3427 πρῶτον
1584 3350 1676 3406 οὗν
1737 3349 1958 3425 δυνάμει

2072 3349 2195 3404 rius
2217 3355 2346 3404 actu
2378 3351 2636 3421 potentia
2663 3352 2761 3408 sit.
2795 3353 2964 3408 Prius
3011 3354 3190 3427 igitur
3236 3341 3702 3433 potentia—quod

317 3448 379 3502 τὸ
427 3445 636 3517 ἀτελὲς,
684 3442 864 3520 ὥσπερ
913 3439 1142 3516 εἷ’ρηται,
1171 3437 1260 3495 διὰ
1311 3447 1414 3510 τῆς
1468 3441 1732 3510 κινήσεως
1776 3439 1852 3501 εἰς
1895 3439 1960 3492 τὸ

317 3540 534 3610 πρῶτον
617 3531 860 3608 ἐνεργείᾳ
927 3529 1244 3606 προάγεται.
1305 3529 1379 3584 Οὐ
1451 3529 1556 3604 γὰρ
1615 3527 1665 3601 ἐξ
1725 3527 1959 3603 ἀνάγκης

319 3625 410 3682 καὶ
466 3624 541 3687 εἷς
589 3624 652 3678 τὸ
696 3619 966 3696 δεύτερον.
1007 3619 1107 3674 Καὶ
1157 3618 1356 3674 ὁπόταν
1397 3619 1461 3673 τὸ
1507 3617 1681 3681 οὕτως
1709 3618 1767 3673 ὃν
1801 3615 1958 3672 δυνά-

327 3736 414 3792 μει
472 3713 607 3787 πρὸς
653 3712 714 3766 τὸ
745 3708 984 3786 ἐνεργείᾳ
1033 3709 1275 3784 γενέσθαι
1315 3710 1498 3784 χωρῇ,
1553 3707 1630 3780 μὴ
1680 3705 1964 3781 ἐξιστάμε-

322 3825 410 3859 νον
451 3806 547 3858 τοῦ
594 3798 819 3872 δυνάμει
873 3797 949 3859 εἰς
995 3797 1056 3851 τὸ
1102 3796 1381 3868 παντελὲς,
1429 3795 1553 3851 τότε
1605 3795 1832 3872 λὲγομεν
1881 3815 1992 3850 κι-’

326 3893 526 3948 νεῖσθαι
557 3887 709 3944 αύτό.

403 3981 480 4038 ιε’.
542 3977 809 4033 Κινεῖσθαι
874 3972 932 4030 δὲ
1001 3975 1064 4029 τὸ
1123 3971 1345 4047 δυνάμει
1403 3972 1678 4048 λέγοντες,
1728 3971 1789 4026 οὐ
1862 3972 1963 4040 τὴν

328 4064 747 4140 ἐπιτηδειότητα
793 4061 1054 4120 κινεῖσθαί
1094 4083 1290 4139 φαμεν,
1348 4059 1494 4116 ἀλλὰ
1548 4059 1611 4116 τὸ
1669 4061 1769 4129 τὴν
1842 4059 1966 4116 ἐπι-

325 4153 654 4228 τηδειότητα
753 4150 1107 4225 κεκτημένον,
1190 4151 1432 4208 τουτέστι
1511 4151 1574 4204 τὸ
1663 4147 1967 4220 ἐπιτήδειον

326 4245 458 4301 αὐτὸ
510 4243 642 4298 καθὸ
685 4240 932 4297 τοιοῦτόν
984 4238 1124 4295 ἐστιν
1174 4238 1305 4315 ὅπερ
1361 4237 1548 4310 πάλιν,
1609 4236 1698 4293 ὅτε
1757 4239 1832 4311 μή
1889 4259 1970 4292 κι-

325 4339 498 4389 νέῖται
545 4331 664 4395 καθ’
713 4331 780 4398 ἢν
837 4328 1041 4407 πέφυκε
1093 4329 1356 4382 κινεῖσθαι
1417 4325 1648 4398 κίνησιν,
1697 4325 1823 4382 τότε
1879 4325 1967 4381 λέ-

325 4442 492 4499 γομεν
541 4417 670 4474 αὐτὸ
711 4419 828 4473 κατ’
876 4416 1078 4486 ἐκείνην
1127 4417 1228 4486 τὴν
1274 4415 1482 4485 κίνησιν
1542 4415 1790 4490 ἠρεμεῖν·
1839 4416 1968 4488 ἠρε-

333 4509 431 4583 μία
486 4507 588 4585 γάρ
645 4506 784 4563 ἐστιν
852 4504 1104 4575 ἀκινησία
1172 4507 1269 4559 τοῦ
1339 4503 1638 4581 πεφυκότος
1715 4505 1971 4558 κινεῖσθαι

329 4596 421 4653 ὅτε
469 4595 692 4674 π’ἐφυκε,
739 4594 830 4650 καὶ
888 4587 949 4648 οὗ
1007 4591 1229 4672 πέφυκε,
1287 4593 1377 4648 καὶ
1435 4592 1508 4655 ὡς
1564 4591 1815 4670 πέφυκεν.
1849 4595 1974 4648 Ὅτε

2068 3437 2474 3510 imperfectum
2506 3443 2612 3508 est,
2647 3444 2712 3495 ut
2739 3441 3014 3508 diximus,
3041 3461 3144 3515 per
3171 3451 3396 3503 motum
3429 3449 3500 3504 ad
3540 3451 3704 3522 prius

2070 3530 2202 3582 actu
2253 3527 2608 3598 perducitur.
2658 3528 2770 3584 Nec
2829 3530 2987 3586 enim
3033 3535 3360 3591 necessario
3406 3537 3580 3593 etiam
3635 3541 3707 3595 ad

2071 3615 2380 3686 posterius.
2407 3616 2475 3670 Et
2501 3617 2735 3687 quando
2761 3619 2914 3689 quod
2945 3620 3026 3675 ita
3055 3623 3312 3692 potentia
3350 3631 3440 3680 est
3472 3627 3546 3682 ad
3572 3632 3704 3684 actu

2071 3719 2199 3759 esse
2230 3705 2506 3776 procedit,
2540 3705 2621 3760 ita
2651 3710 2844 3762 tamen
2871 3712 2937 3763 ut
2967 3725 3079 3764 non
3104 3711 3341 3768 omnino
3371 3719 3427 3770 et
3453 3717 3704 3787 perfecte

2072 3793 2144 3848 ad
2171 3808 2236 3847 eo
2268 3793 2546 3861 discedat,
2581 3795 2737 3865 quod
2768 3797 3028 3867 potentia
3048 3803 3176 3868 est;
3207 3805 3334 3858 tum
3365 3801 3561 3875 ipsum
3581 3822 3708 3862 mo-

2071 3880 2190 3936 veri
2209 3881 2481 3938 dicimus.

2147 3971 2232 4025 15.
2253 3973 2394 4025 Cum
2423 3974 2619 4026 autem
2647 3973 2864 4028 moveri
2889 3974 3142 4032 dicimus
3175 3977 3231 4032 id
3264 3981 3418 4050 quod
3449 3983 3710 4053 potentia

2074 4061 2306 4126 est,non
2337 4059 2855 4131 aptitudinem,sed
2887 4062 2944 4118 id
2978 4067 3133 4136 quod
3163 4067 3555 4138 aptitudinem
3579 4089 3711 4143 pos-

2075 4147 2246 4214 sidet,
2279 4147 2387 4202 hoc
2414 4151 2525 4216 est,
2554 4147 2749 4221 ipsum
2780 4151 2883 4207 48
2907 4158 3108 4224 aptum
3140 4160 3429 4226 quatenus
3458 4159 3573 4215 tale
3602 4166 3711 4230 est,

2077 4236 2294 4292 moveri
2326 4236 2795 4308 pronuntiamus.
2838 4241 2998 4304 Quod
3027 4260 3232 4299 rursus
3263 4261 3395 4302 cum
3427 4264 3542 4304 non
3592 4265 3716 4306 mo-

2075 4330 2262 4394 vetur,
2296 4341 2410 4396 quo
2433 4329 2592 4382 motu
2624 4329 2872 4385 moverit
2911 4337 3112 4402 aptum
3173 4338 3298 4401 est;
3334 4339 3458 4390 tum
3517 4337 3715 4408 ipsum

2080 4414 2271 4486 quoad
2301 4414 2474 4470 istam
2517 4421 2741 4472 motum
2782 4418 3078 4490 quiescere
3134 4421 3382 4478 dicimus
3412 4424 3478 4480 ⁵⁵.
3539 4426 3713 4490 Quies

2080 4503 2236 4559 enim
2267 4508 2355 4559 est
2382 4504 2764 4562 immobilitas
2789 4509 2917 4578 ejus
2957 4510 3111 4580 quod
3145 4510 3225 4566 ita
3246 4517 3458 4568 natura
3505 4518 3705 4586 aptum

2082 4597 2171 4649 est
2195 4597 2260 4648 ut
2289 4593 2506 4650 moveri
2537 4595 2745 4667 possit,
2777 4597 3032 4667 quando,
3061 4598 3160 4653 ubi
3192 4603 3250 4654 et
3294 4603 3584 4671 quomodo
3615 4621 3717 4660 na-

333 4687 428 4761 μὶν
477 4685 730 4764 πέφυκεν,
782 4681 1000 4759 ἐπείπερ
1066 4682 1166 4738 οὐκ
1216 4681 1276 4737 ἃν
1331 4683 1393 4737 τὸ
1449 4682 1721 4774 ἀρτιγενες
1765 4679 1958 4774 *σκυλάι

2081 4686 2214 4738 tura
2241 4693 2446 4753 aptum
2471 4686 2577 4737 est.
2612 4683 2852 4746 Quando
2884 4685 3120 4756 quidem
3154 4691 3365 4744 natura
3393 4689 3491 4746 ita.
3513 4697 3716 4763 aptum

329 4795 446 4831 κιον
491 4774 715 4850 ἠρεμεὶν
751 4771 979 4849 ,λέγοιτο
1027 4771 1162 4827 κατᾶ
1195 4770 1258 4826 τὸ
1287 4771 1438 4847 ὁρᾷν·
1470 4769 1674 4848 πέφυκε
1726 4771 1820 4846 μὶν
1872 4772 1958 4848 γὰε

2084 4775 2193 4839 est,
2227 4771 2506 4843 quoniam
2541 4787 2741 4828 recens
2772 4773 2965 4828 editus
3007 4774 3235 4832 catulus
3279 4779 3470 4848 quoad
3526 4780 3718 4836 visum

332 4865 484 4939 ὁρᾷν,
519 4860 652 4919 ἀλλ’
702 4861 800 4918 οὐκ
849 4859 1005 4925 εὐθὺς
1051 4859 1113 4915 τὸ
1159 4860 1370 4936 τεχθὲν·
1416 4858 1554 4915 ὅπου
1614 4857 1673 4914 δὶ
1718 4861 1971 4939 πέφυκεν,

329 4951 548 5028 ἐπείπερ
593 4957 695 5021 τῆς
744 4949 795 5004 ἐν
839 4947 953 5026 ἀέρι
983 4950 1269 5022 κινήσεως,
1302 4947 1402 5004 οὐκ
1447 4947 1507 5004 ἂν
1559 4948 1610 5003 οἱ
1659 4947 1843 5024 ῗχθύες
1889 4947 1978 5005 λέ-

329 5061 516 5117 γοιντο
570 5040 817 5116 ἠρεμεῖν.
867 5034 1003 5092 Οὐδὲ
1054 5039 1158 5113 γὰρ
1202 5039 1238 5107 ὴ
1289 5036 1444 5115 φύσις
1500 5036 1684 5100 αὐτοῖς
1745 5035 1975 5093 δέδωκεν

333 5129 386 5185 ἐν
437 5127 643 5204 ἀερίοις
703 5126 854 5183 εἶναι.
907 5125 1055 5190 Καθὰ
1113 5123 1170 5180 δὲ
1223 5124 1474 5202 πέφυκεν,
1521 5126 1710 5200 ὅτιπερ
1760 5125 1860 5181 οὐκ
1917 5126 1975 5180 ἂν

336 5219 390 5274 οἱ
431 5213 582 5296 ὄφεις
631 5223 732 5286 τῆς
778 5215 914 5270 κατᾶ
959 5211 1166 5290 βάδισιν
1232 5216 1498 5285 κινήσεως
1557 5213 1805 5291 λέγοιντο
1854 5215 1979 5291 ἠρε-

340 5312 478 5381 μεῖν·
547 5303 858 5381 ἐρπυστικοὶ
923 5304 1067 5379 (γὰρ)
1127 5302 1188 5358 ἐκ
1243 5302 1475 5382 φύσεως,
1531 5303 1620 5360 καὶ
1698 5303 1760 5359 οὖ
1826 5301 1979 5378 βαδι-

336 5394 532 5454 στικοί.
572 5395 642 5449 Τὸ
690 5393 870 5449 τοίνυν
923 5391 1161 5470 πεφυκὸς
1206 5394 1468 5448 κινεῖσθαι
1521 5391 1609 5448 καὶ
1671 5394 1744 5466 μή
1803 5391 1981 5448 κινού-

341 5506 498 5560 μενον
549 5483 711 5540 ὁπότε
756 5483 977 5562 πέφυκε,
1026 5480 1116 5536 καὶ
1174 5477 1296 5545 ἔνθα
1353 5482 1576 5560 πέφυκε,
1608 5481 1695 5536 καὶ
1755 5482 1829 5544 ὡς
1889 5483 1979 5538 πέ-

338 5594 470 5650 φυκε
553 5579 652 5641 τῆς
718 5573 978 5640 κινήσεως
1045 5569 1247 5640 ταύτης
1327 5569 1703 5645 ἐστερημένον,
1763 5568 1977 5646 λέγεται

337 5661 582 5736 ἠρεμεῖν.
624 5660 887 5714 Ἐντεῦθεν
949 5655 1117 5728 δῆλον
1180 5657 1254 5720 ὡς
1311 5658 1427 5714 ἐπεὶ
1482 5659 1547 5714 τὸ
1601 5665 1750 5714 Θεῖον
1783 5659 1980 5715 παντά-

335 5769 495 5804 πασιν
549 5745 736 5819 ἄυλον,
765 5747 943 5816 πάσης
999 5742 1443 5817 ἐπιτηδειότητος
1495 5748 1584 5802 καὶ
1640 5747 1815 5818 πάσης
1863 5749 1979 5804 ἀτε-

338 5835 489 5899 λείας
541 5835 953 5912 ὁπερεξῄρηται,
985 5834 1074 5889 καί
1120 5833 1250 5891 αὐτὸ
1309 5835 1554 5916 ὑπάρχον
1612 5837 1701 5893 καὶ
1758 5835 1977 5894 αύτοτέ-

412 6071 458 6110 ⁵³
487 6071 522 6128 3
551 6068 777 6144 Pbysic.
809 6085 860 6128 c.
891 6069 947 6142 4,
977 6072 1022 6128 ι.
1052 6069 1141 6129 20.

2084 4860 2385 4932 quiescere
2405 4876 2521 4914 non
2552 4859 2784 4915 dicitur.
2817 4860 3039 4917 Natura
3072 4863 3226 4919 enim
3260 4870 3432 4936 aptus
3471 4872 3561 4924 est
3589 4869 3719 4940 qui-

2087 4950 2242 5016 dem,
2269 4952 2333 5003 ut
2358 4947 2553 5002 videre
2609 4947 2947 5019 possit:sed
3004 4955 3200 5008 tamen
3247 4970 3362 5009 non
3428 4957 3627 5012 statim
3658 4962 3725 5013 ut

2088 5041 2180 5093 est
2210 5035 2422 5092 editus.
2458 5036 2562 5091 Ubi
2593 5039 2786 5091 autem
2818 5041 3029 5094 natura
3073 5044 3275 5111 aptum
3317 5047 3428 5110 est,
3487 5047 3721 5116 quando

2089 5125 2324 5198 quidem
2347 5124 2538 5196 quoad
2571 5128 2794 5179 motum
2825 5125 2884 5180 in
2917 5143 3046 5182 aere
3062 5128 3252 5200 pisces
3278 5131 3576 5202 quiescere
3606 5151 3722 5191 non

2089 5214 2384 5269 dicuntur.
2417 5212 2614 5284 Neque
2645 5213 2800 5268 enim
2833 5218 3043 5270 natura
3071 5216 3214 5288 ipsis
3246 5221 3552 5291 concessit,
3581 5227 3642 5277 ut
3664 5223 3724 5278 in

2088 5317 2218 5357 aere
2239 5300 2508 5356 viverent.
2541 5303 2838 5365 Quomodo
2862 5302 3114 5375 denique
3138 5309 3348 5361 natura
3376 5314 3578 5378 aptum
3615 5315 3724 5378 est,

2089 5389 2562 5463 quandoquidem
2593 5394 2891 5461 serpentes
2926 5394 3114 5464 quoad
3140 5394 3444 5466 gradiendi
3502 5403 3726 5454 motum

2089 5479 2388 5553 quiescere
2437 5495 2550 5533 non
2615 5479 2909 5534 dicuntur.
2961 5480 3240 5554 Serpendi
3296 5484 3451 5540 enim
3508 5491 3564 5542 et
3613 5505 3727 5544 non

2088 5569 2391 5641 gradiendi
2423 5567 2762 5622 facultatem
2793 5586 2827 5622 a
2859 5574 3066 5624 natura
3093 5571 3329 5628 habent.
3363 5575 3523 5638 Quod
3555 5577 3731 5648 igitur

2089 5663 2300 5715 natura
2330 5663 2530 5729 aptum
2575 5661 2664 5712 est
2719 5661 2785 5712 ut
2838 5659 3053 5714 moveri
3112 5662 3318 5732 possit,
3380 5681 3484 5721 nec
3531 5670 3727 5721 tamen

2089 5752 2372 5815 movetur,
2397 5747 2651 5818 quando,
2684 5750 2740 5801 et
2768 5746 2890 5813 ubi,
2905 5752 2960 5802 et
2981 5751 3271 5819 quomodo
3289 5756 3499 5809 natura
3519 5759 3722 5825 aptum

2088 5842 2175 5896 est
2208 5853 2221 5894 :
2255 5836 2315 5894 id
2349 5841 2511 5892 motu
2540 5835 2650 5892 hoc
2680 5835 2970 5908 privatum
3001 5838 3298 5911 quiescere
3323 5839 3552 5898 dicitur.
3582 5841 3728 5901 Hinc
