4024 6504
286 401 436 469 1061

925 541 1178 593 ΚΕΦΑΛ.
1223 542 1284 592 Ε.

622 627 738 680 Ἔτι
767 625 891 701 περὶ
922 627 1186 696 κινήσεως
1218 626 1307 680 καὶ
1337 625 1586 702 ἠρεμίας.

359 767 424 823 α’.
481 767 565 822 Ἐν
617 767 865 842 τέσσαρσι
917 766 1270 843 κατηγορίαις
1345 768 1623 843 θεωρεῖται
1681 769 1716 835 ἡ
1775 765 1927 835 κίνη-

290 876 390 917 σις·
433 855 484 910 ὲν
536 854 708 927 οὐσίᾳ,
740 853 944 930 γένεσις
1001 855 1090 910 καὶ
1139 854 1326 932 φθορά·
1373 854 1424 910 ἐν
1485 859 1657 927 ποσῷ,
1707 850 1927 924 αὔξησις

287 943 377 999 καὶ
412 943 648 1016 μείωσις·
710 943 762 998 ἐν
817 949 979 1015 ποιῷ,
1039 942 1358 1006 ἀλλοίωσις·
1419 944 1470 998 ἐν
1527 948 1596 1017 τῇ
1649 947 1753 998 ποῦ
1809 963 1931 997 κατ-

289 1031 512 1108 ηγορίᾳ,
564 1034 599 1102 ἡ
656 1033 794 1087 κατὰ
871 1031 1036 1087 τόπον
1127 1027 1427 1105 μεταϐολὴ,
1486 1032 1607 1101 ἥτις
1687 1029 1932 1085 καλεῖται

294 1121 452 1198 φορά.
505 1125 795 1197 Διαιρεῖται
854 1118 897 1174 δ’
954 1120 1088 1190 αὕτη
1147 1121 1223 1183 εἰς
1276 1123 1376 1191 τὴν
1432 1121 1515 1175 ἐπ’
1573 1118 1798 1191 εὐθείας,
1841 1118 1931 1174 καὶ

294 1209 369 1271 εἷς
399 1211 499 1279 τὴν
547 1209 756 1282 κύκλῳ,
785 1209 875 1264 καὶ
927 1210 1004 1272 εἷς
1047 1210 1146 1278 τὴν
1191 1210 1250 1265 ἐκ
1293 1209 1498 1264 τούτων
1558 1211 1775 1282 μικτήν.
1809 1215 1934 1263 Κοι-

292 1297 454 1368 νότης
512 1295 602 1352 οὖν
655 1297 793 1352 ἐστιν
845 1300 881 1367 ἡ
929 1297 1164 1372 κίνηαις,
1215 1298 1524 1372 ὁμωνύμως
1597 1317 1932 1373 κατηγορου-

300 1385 432 1460 μένη
484 1391 594 1442 τῶν
647 1384 917 1465 διαφόρων
974 1390 1260 1459 κινήσεων.
1293 1391 1495 1464 ’Ὠσπερ
1540 1387 1642 1464 γὰρ
1689 1388 1752 1440 νὰ
1805 1381 1932 1461 γένη

296 1475 348 1530 έν
381 1476 463 1537 οἷς
489 1477 524 1545 ἡ
554 1474 768 1544 κίνησις
798 1475 1131 1550 γενικώτατα
1178 1472 1306 1531 ὄντα
1358 1477 1512 1553 γένος
1567 1474 1665 1530 οὐκ
1716 1473 1933 1550 ἔχουσιν

297 1562 439 1620 ἄλλο
469 1559 892 1635 ἐπαναϐεϐηκός·
929 1563 1071 1619 οὕτω
1121 1562 1187 1634 δὴ
1243 1565 1333 1620 καὶ
1388 1563 1440 1619 ἐν
1485 1564 1668 1626 αὐτοῖς
1698 1565 1936 1633 κινήςσει

299 1653 397 1708 οὐκ
454 1649 641 1728 ἔχουσι
696 1651 848 1729 γένος
911 1649 1314 1728 περιλαμϐάνον
1373 1651 1553 1715 αὐτάς.
1614 1653 1939 1726 Ὡμώνυμος

301 1740 346 1797 δ’
375 1739 507 1796 οὖσα
559 1745 596 1812 ἡ
654 1741 886 1815 κίνησις,
921 1740 991 1796 δι’
1021 1743 1329 1817 ὁμωνύμων
1393 1740 1584 1821 ἔφθασε
1622 1741 1748 1803 τοὺς
1772 1740 1938 1808 αὐτῆς

302 1829 498 1907 λόγους
556 1827 851 1887 ἀπολαϐεῖν
900 1837 1019 1894 ταῖς
1085 1829 1362 1909 διαφόροις
1438 1829 1700 1902 ἰδιότησιν
1772 1829 1938 1898 αὐτῆς

305 1919 710 1998 έφαρμόζοντας
721 1966 732 1978 .

381 2216 446 2292 β’.
475 2218 567 2270 Ὦν
595 2217 788 2292 πρώτη
847 2217 937 2271 καὶ
983 2215 1288 2293 κυριωτάτη
1341 2214 1480 2271 ἐστὶν
1536 2217 1572 2285 ἡ
1631 2212 1788 2292 φορά.
1850 2219 1948 2267 Κο-

309 2306 544 2382 ριωτάτη
608 2305 726 2379 μὲν,
777 2302 962 2374 ἐπειδὴ
1016 2310 1123 2360 τῶν
1182 2301 1368 2360 ἄλλων
1417 2303 1762 2380 ἐναργεστέρα
1814 2323 1945 2378 τυγ-

307 2396 482 2471 χάνει⁶
544 2391 630 2449 διὸ
677 2394 766 2448 καὶ
843 2393 1031 2456 ἁπλῶς
1106 2393 1364 2449 κινεῖσθαί
1439 2414 1611 2473 φαμεν
1685 2393 1747 2447 τὸ
1815 2393 1950 2446 κατὰ

305 2483 472 2540 τόπον
504 2483 842 2557 κινούμενον.
873 2486 934 2538 Ὃ
991 2481 1048 2538 δὲ
1075 2485 1211 2539 κατὰ
1263 2484 1427 2538 τόπον
1487 2485 1728 2558 ἠρεμοῦν
1772 2479 1946 2552 ἄλλην

308 2573 429 2627 τινὰ
482 2577 702 2628 κινεῖται
759 2571 988 2644 κίνησιν,
1045 2579 1120 2642 πῆ
1175 2571 1408 2647 λέγομεν
1462 2569 1593 2626 αὐτὸ
1668 2571 1948 2639 κινεῖσθαι,

309 2663 424 2718 κατ’
489 2659 707 2732 αὔξησιν
787 2662 957 2737 τυχὸν
1009 2661 1045 2730 ἢ
1109 2660 1331 2735 μείωσιν
1390 2661 1426 2730 ἢ
1480 2658 1798 2717 ἆλλοιωσιν.
1855 2659 1952 2713 Διὰ

308 2755 470 2806 τοῦτο
525 2751 616 2805 καὶ
667 2750 731 2805 τὸ
786 2751 922 2805 κατὰ
964 2749 1131 2805 τόπον
1193 2751 1274 2829 ὑφ’
1331 2751 1522 2805 ἑαυτοῦ
1583 2743 1949 2823 μεταϐάλλον,

309 2837 435 2910 ἤτοι
465 2840 529 2894 τὸ
589 2843 746 2912 ζῶον,
779 2836 931 2901 ἰδίως
983 2839 1337 2913 ὀνομάζουσιν
1396 2838 1762 2909 αὐτοκίνητον.
1798 2835 1951 2892 Οὕτω

318 2930 413 3004 μὲν
447 2925 536 2982 οὖν
567 2926 874 3003 κυριωτάτη
906 2932 1012 2982 τῶν
1046 2928 1230 2984 ἄλλῶν
1261 2930 1524 3000 κινήσεων
1555 2930 1590 2998 ἡ
1624 2927 1759 2982 κατά
1785 2925 1948 2981 τόπον

316 3022 684 3094 μαρτυρεῖται.

382 3315 448 3389 γ’.
477 3313 675 3390 Πρώτη
709 3309 768 3367 δὲ
822 3312 1256 3389 προηγουμένως
1318 3313 1437 3386 μὲν,
1494 3312 1569 3374 ὡς
1625 3310 1950 3385 ἰεελειοτέρα⁸

313 3407 420 3458 τῶν
467 3403 568 3479 γὰρ
601 3402 838 3473 ζώντων,
869 3401 994 3471 ἤτοι
1049 3406 1158 3456 τῶν
1217 3399 1500 3476 ἐμψύχων,
1530 3400 1598 3455 τὰ
1658 3401 1751 3474 μὲν
1811 3398 1956 3461 ὅλως

317 3492 545 3562 ἀκίνητα
590 3491 725 3545 κανὰ
767 3489 967 3560 ταύτην
1014 3491 1114 3560 την
1146 3489 1380 3560 κίνησιν,
1409 3490 1498 3544 οἶα
1550 3490 1618 3542 τὰ
1677 3488 1815 3566 φυτά
1867 3487 1958 3542 καὶ

315 3583 386 3636 τὰ
440 3579 857 3658 προσπεφυκότα
900 3583 1009 3634 τῶν
1041 3580 1216 3649 ζώων,
1249 3577 1282 3632 ἃ
1336 3575 1625 3633 καλοῦνται
1689 3577 1956 3654 ζωόφυτα’

318 3675 434 3732 τοῖς
472 3666 530 3724 δὲ
593 3666 993 3742 τελειουμένοις
1027 3669 1256 3744 ὑπάρχει
1287 3668 1350 3722 τὸ
1404 3668 1539 3722 κατὰ
1591 3665 1755 3722 τόπον
1795 3671 1959 3720 κινεῖ-

322 3761 465 3827 σθαι,
496 3759 572 3820 ὡς
625 3759 694 3812 τὰ
742 3754 1012 3833 λεγόμενα
1059 3756 1381 3827 αὐτοκίνητα
1439 3761 1568 3828 ζῶα,
1601 3755 1634 3810 ἃ
1695 3753 1760 3825 δὴ
1826 3754 1964 3828 μόνα

322 3848 412 3903 καὶ
467 3844 789 3922 ἀδιορίστως
866 3851 975 3915 ζῶα
1047 3845 1231 3902 καλεῖν
1320 3845 1604 3919 εἰώθαμεν.
1662 3845 1726 3900 Εἰ
1782 3845 1961 3900 τοίνυν

321 3934 632 4011 τελειότερα
686 3937 780 4009 μὲν
837 3941 944 3990 τῶν
995 3939 1170 4013 φυτῶν
1202 3936 1270 3990 τὰ
1301 3935 1568 4012 ζωόφυτα,
1600 3931 1824 3995 πλείους
1873 3930 1964 3987 δυ-

323 4026 511 4098 νάμεις
569 4023 763 4099 ἔχοντα
832 4025 1089 4100 ψυχικάς-
1147 4024 1352 4080 τούτων
1413 4021 1469 4078 δὲ
1524 4021 1688 4078 πάλιν
1735 4024 1803 4077 τὰ
1856 4026 1967 4091 ζῶα

324 4111 461 4168 κατά
513 4113 713 4186 τρόπον
776 4112 966 4186 ὅμοιον
1025 4111 1384 4188 ἐντελέστερα,
1413 4117 1529 4174 τοῖς
1591 4113 1752 4181 ζώοις
1806 4109 1851 4166 δ’
1902 4109 1966 4165 αὖ

324 4201 730 4275 τελειουμένοις
786 4205 820 4272 ἡ
873 4203 1010 4257 κατὰ
1080 4202 1245 4257 τόπον
1325 4201 1663 4277 προσγίνεται
1735 4201 1964 4271 κίνησις·

330 4291 466 4361 αὕτη
522 4291 582 4346 ἂν
629 4288 713 4362 εἴη
770 4290 1093 4367 τελεωτέρα,
1124 4292 1213 4346 καὶ
1271 4288 1361 4346 διὰ
1413 4295 1573 4345 τοῦτο
1632 4291 1720 4345 καὶ
1777 4310 1972 4364 τιμιω-

326 4381 477 4455 τέρα,
506 4380 595 4434 καὶ
642 4381 835 4456 πρώτη
876 4384 984 4434 τῶν
1045 4376 1227 4435 ἅλλῶν
1281 4381 1562 4450 κινήσεων.
1600 4380 1670 4434 Τὸ
1726 4381 1828 4454 γὰρ
1882 4401 1969 4434 τε-

330 4469 621 4545 λεώτερον,
680 4467 894 4546 ὅσῳπερ
974 4468 1033 4524 ἂν
1091 4468 1128 4544 ᾗ
1189 4467 1540 4543 τελεώτερον,
1598 4469 1839 4542 τοσούτῳ
1912 4489 1975 4543 γε

328 4563 436 4614 τῶν
471 4556 829 4635 ἀτελεστέρων
863 4561 954 4614 καὶ
983 4557 1347 4634 ἐντιμότερον.

1608 397 1954 468 EPITOME
1997 399 2349 469 PHYSICA.

1954 541 2011 607 A

3452 463 3455 466 .
3514 408 3669 472 1062

2684 539 2906 596 CAPUT
2949 540 3020 596 V.

2477 626 2662 682 Adhuc
2688 627 2753 684 de
2778 631 2930 685 motu
2959 637 3009 684 et
3038 631 3233 700 quiete.

2109 769 2157 822 1.
2189 771 2375 823 Motus
2405 769 2449 803 ³⁵
2479 768 2536 823 in
2569 777 2818 840 quatuor
2847 771 3314 842 praedicamentis
3345 773 3669 829 considera-

2036 862 2134 913 tur
2168 876 2180 912 :
2213 859 2272 912 in
2304 859 2654 925 substantia,
2711 860 3006 931 generatio
3064 865 3120 915 et
3177 861 3469 933 corruptio
3532 880 3545 917 :
3609 862 3670 917 in

2039 947 2380 1018 quantitate,
2428 947 2824 1019 augmentatio
2854 951 2912 1002 et
2941 948 3252 1004 diminutio
3314 966 3327 1004 :
3391 949 3448 1004 in
3481 949 3672 1021 quali-

2038 1038 2177 1101 tate,
2234 1033 2493 1089 alteratio
2527 1053 2540 1090 :
2573 1034 2632 1090 in
2663 1035 3111 1106 prmdicamento
3143 1036 3264 1101 ubi,
3299 1037 3547 1093 mutatio
3579 1053 3674 1093 se-

2041 1123 2302 1178 cundum
2332 1121 2545 1190 locum,
2581 1140 2706 1194 quae
2755 1123 2892 1179 latio
2948 1131 3189 1180 vocatur
3227 1127 3289 1180 ⁵⁸.
3341 1130 3517 1182 Porro
3550 1127 3673 1182 haec

2041 1210 2102 1266 in
2133 1227 2262 1266 eam
2285 1228 2412 1282 quae
2432 1213 2755 1267 secundum
2777 1218 2996 1268 rectam
3024 1213 3238 1269 lineam
3265 1215 3352 1281 ﬁt,
3383 1220 3439 1270 et
3466 1215 3524 1270 in
3549 1232 3678 1270 eam

2043 1315 2169 1371 qua:
2199 1299 2260 1354 in
2293 1300 2492 1355 orbem
2521 1301 2606 1367 ﬁt,
2644 1301 2744 1356 54
2773 1304 2830 1356 et
2857 1302 2916 1356 in
2947 1319 3074 1358 eam
3115 1320 3225 1374 que
3254 1320 3323 1358 ex
3351 1303 3441 1359 his
3503 1305 3680 1360 mista

2044 1392 2134 1444 est
2189 1387 2486 1443 dividitur.
2545 1389 2734 1444 Motus
2791 1405 2926 1461 ergo
2979 1391 3366 1447 communitas
3411 1393 3678 1464 quaedam

2045 1480 2154 1545 est,
2189 1493 2312 1548 quae
2369 1476 2612 1532 diversis
2654 1477 2910 1537 motibus
2962 1479 3247 1550 aequivoce
3305 1482 3676 1552 praedicatur.

2045 1565 2119 1621 Ut
2146 1565 2302 1620 enim
2331 1581 2564 1638 genera,
2621 1566 2680 1620 in
2713 1566 2928 1637 quibus
2979 1572 3173 1624 motus
3205 1573 3312 1636 est,
3346 1586 3480 1625 cum
3510 1586 3682 1642 gene-

2047 1653 2343 1710 ralissima
2369 1653 2508 1722 sint,
2560 1670 2744 1726 genus
2775 1655 3010 1728 aliquod
3069 1656 3382 1714 sublimius
3432 1676 3545 1714 non
3576 1659 3678 1715 ha-

2046 1743 2186 1798 bent
2217 1760 2230 1811 ;
2263 1742 2344 1797 ita
2373 1743 2548 1798 etiam
2580 1749 2774 1799 motus
2809 1745 2910 1816 qui
2940 1745 3000 1800 in
3030 1745 3175 1816 ipsis
3204 1751 3552 1819 sunt,genus
3568 1765 3682 1806 non

2048 1832 2266 1886 habent
2295 1848 2409 1903 quo
2440 1832 3025 1904 comprehendantur.
3077 1836 3220 1890 Cum
3252 1841 3446 1891 autem
3488 1843 3683 1892 motus

1975 1908 2022 1972 Β
2053 1922 2130 1975 sit
2157 1920 2680 1991 aaquivocum,suas
2707 1921 3071 1979 definitiones
3092 1940 3194 1995 per
3221 1925 3515 1996 aequivoca
3544 1944 3684 1998 prae-

2051 2008 2229 2078 ripuit
2284 2025 2410 2079 quae
2467 2009 2712 2066 diversis
2776 2010 2944 2082 ipsus
3019 2013 3473 2084 proprietatibus
3543 2032 3682 2070 con-

2051 2101 2292 2169 gruunt.

2125 2216 2177 2268 2.
2211 2215 2462 2278 Quarum
2497 2214 2686 2286 prima
2741 2219 2797 2270 et
2853 2216 3104 2272 maxime
3134 2218 3367 2290 propria
3397 2223 3486 2274 est
3527 2220 3686 2277 latio.

2056 2302 2305 2357 Maxime
2333 2304 2566 2375 propria
2595 2304 2852 2374 quidem,
2900 2306 3373 2378 quandoquidem
3406 2307 3538 2364 aliis
3570 2311 3686 2365 evi-

2056 2391 2284 2447 dentior
2311 2396 2419 2447 est.
2452 2392 2575 2456 Qua
2605 2393 2675 2447 de
2707 2409 2885 2449 causa
2911 2394 2954 2428 ⁸⁷
3000 2395 3174 2450 etiam
3205 2395 3263 2450 id
3295 2399 3448 2466 quod
3479 2415 3686 2454 secun-

2057 2481 2198 2536 dum
2256 2481 2450 2536 locum
2483 2486 2760 2549 movetur,
2797 2482 3140 2554 simpliciter
3168 2485 3382 2540 moveri
3413 2487 3689 2545 dicimus.

2060 2571 2221 2634 Quod
2255 2575 2450 2625 autem
2482 2571 2805 2626 secundum
2838 2571 3029 2626 locum
3081 2573 3387 2644 quiescens
3423 2575 3533 2632 alio
3581 2578 3692 2632 ali-

2059 2676 2173 2730 quo
2206 2665 2468 2714 movetur
2499 2664 2678 2730 motu,
2713 2660 3140 2730 quodammodo
3171 2664 3386 2719 moveri
3418 2664 3689 2736 dicimus,

2059 2748 2251 2820 quoad
2311 2748 2846 2819 augmentationem
2916 2754 3014 2804 aut
3089 2750 3538 2809 diminutionem
3592 2760 3695 2811 aut

2060 2836 2460 2892 alterationem
2494 2837 2731 2893 scilicet.
2763 2837 3121 2910 Quapropter
3149 2839 3322 2895 etiam
3377 2843 3532 2913 quod
3564 2861 3598 2899 a
3626 2861 3687 2900 se

2059 2926 2188 2998 ipso
2219 2927 2542 2981 secundum
2575 2925 2767 2982 locum
2819 2931 3100 2996 mutatur,
3133 2927 3243 2984 hoc
3299 2934 3388 2985 est
3447 2931 3691 3000 animal,

2061 3017 2292 3088 proprie
2345 3012 2715 3084 αὐτοκίνητον,
2775 3016 2882 3072 hoc
2947 3022 3056 3087 est,
3113 3034 3147 3072 a
3204 3018 3394 3090 seipso
3453 3021 3690 3092 mobile,

2063 3103 2390 3176 appellant.
2467 3104 2560 3160 Sic
2640 3105 2819 3177 igitur
2892 3110 3115 3162 motum
3199 3109 3522 3164 secundum
3605 3109 3698 3166 lo-

2064 3211 2197 3248 cum
2226 3193 2378 3248 inter
2405 3209 2608 3249 omnes
2666 3194 2918 3250 maxime
2955 3196 3256 3268 proprium
3288 3213 3416 3253 esse
3445 3203 3692 3255 constat.

2137 3311 2190 3364 3.
2251 3309 2479 3364 Primus
2518 3314 2711 3364 autem
2757 3310 2800 3344 δε
2858 3309 3133 3382 primario
3186 3312 3422 3383 quidem
3484 3330 3497 3368 :
3560 3314 3699 3385 quia

2068 3398 2390 3470 perfectior.
2422 3397 2751 3453 Viventium
2783 3398 2960 3469 enim,
3015 3399 3072 3454 id
3123 3404 3230 3466 est,
3261 3401 3358 3458 55
3412 3402 3698 3459 animato-

2070 3502 2199 3540 rum
2258 3486 2524 3557 quedam
2574 3487 2763 3558 quoad
2821 3487 2978 3542 hunc
3036 3492 3256 3544 motum
3291 3491 3529 3546 omnino
3562 3496 3702 3547 sunt

2069 3573 2414 3639 immobilia,
2445 3572 2624 3629 veluti
2653 3573 2864 3645 plantae
2889 3592 2902 3642 ;
2949 3578 3005 3629 et
3035 3591 3161 3646 quas
3193 3576 3545 3633 animalibus
3575 3595 3699 3634 ma-

2070 3663 2224 3718 xime
2273 3666 2524 3733 cognata
2552 3667 2709 3731 sunt,
2764 3679 2887 3732 quae
2941 3664 3246 3736 zoophyta,
3279 3665 3336 3719 id
3388 3670 3476 3722 est
3505 3673 3706 3738 panta-

2074 3751 2375 3819 nimantia,
2433 3755 2756 3806 vocantur:
2796 3751 2869 3807 iis
2925 3757 3120 3808 autem
3179 3771 3305 3825 quae
3357 3756 3708 3826 perfectione

2073 3846 2211 3897 sunt
2240 3841 2496 3912 praadita,
2530 3840 2684 3895 inest
2727 3844 2791 3895 ut
2837 3843 3158 3897 secundum
3189 3842 3382 3899 locum
3435 3862 3706 3902 movean-

2073 3939 2170 3985 tur
2198 3931 2261 3998 59,
2295 3935 2359 3984 ut
2399 3945 2467 3984 ea
2514 3946 2640 4001 quae
2688 3935 2968 3985 vocantur
2997 3948 3031 3985 a
3072 3931 3283 4003 seipsis
3315 3934 3555 3989 mobilia
3584 3934 3707 3990 ani-

2075 4019 2271 4086 malia,
2292 4035 2416 4088 quae
2444 4035 2584 4074 sane
2615 4018 2804 4074 solum
2835 4023 2891 4074 et
2920 4020 3047 4074 sine
3075 4021 3558 4078 determinatione
3588 4023 3708 4078 ani-

2077 4107 2257 4165 malia
2286 4124 2492 4163 vocare
2524 4107 2952 4162 consuevimus.
3007 4109 3168 4172 Quod
3203 4110 3251 4165 si
3283 4111 3459 4182 igitur
3489 4111 3703 4182 plantis

2078 4197 2420 4271 perfectiora
2447 4200 2587 4251 sunt
2616 4195 3264 4269 plantanimantia,quia
3289 4199 3484 4270 plures
3505 4200 3710 4255 anime

2080 4288 2382 4344 facultates
2457 4285 2673 4341 habent
2722 4303 2734 4353 ;
2791 4285 3045 4340 vicissim
3111 4292 3303 4341 autem
3360 4287 3451 4342 his
3511 4288 3713 4343 eodem

2082 4377 2254 4433 modo
2289 4373 2565 4430 animalia
2611 4373 2953 4445 perfectiora
2985 4377 3123 4428 sunt
3155 4390 3168 4429 :
3203 4391 3268 4430 ac
3301 4375 3548 4446 denique
3587 4375 3716 4430 ani-

2083 4465 2336 4521 malibus
2368 4480 2495 4534 quae
2526 4463 2934 4534 perfectionem
2966 4463 3246 4533 majorem
3277 4463 3716 4529 habent,motus

2083 4559 2144 4613 in
2201 4555 2327 4610 loco
2384 4552 2724 4624 adjungitur
2777 4569 2792 4608 :
2852 4551 2948 4606 hic
2980 4551 3180 4622 utique
3237 4556 3294 4606 et
3329 4551 3634 4622 perfectior
3662 4555 3720 4606 et

332 4650 575 4724 proinde
604 4649 894 4720 mobilior,
917 4653 974 4707 et
999 4651 1218 4707 caeteris
1249 4650 1508 4706 motibus
1537 4648 1694 4722 prior
1723 4649 2081 4723 erit.Quippe
2111 4645 2268 4720 quod
2300 4641 2609 4715 perfectius
2638 4644 2969 4712 est,quanto
2998 4640 3232 4712 quidem
3264 4644 3354 4695 est
3383 4640 3715 4713 perfectius,

333 4745 496 4796 tanto
527 4739 702 4796 etiam
728 4739 1257 4812 imperfectioribus
1284 4743 1374 4796 est
1402 4739 1796 4812 praestantius.

407 4850 469 4911 δ’.
510 4851 664 4910 Ἀλλ’
712 4849 824 4908 οὐδ’
897 4850 1212 4924 ἐξαλλάσσει
1291 4854 1390 4921 τήν
1471 4856 1569 4906 τοῦ
1651 4851 1970 4925 κινουμένου
2005 4855 2050 4920 D

335 4941 651 4998 κατάστασιν
701 4945 736 5012 ἡ
784 4941 940 5020 φορά·
1003 4940 1237 5017 καθάπερ
1297 4941 1349 4995 αἱ
1411 4939 1601 4995 λοιπαὶ
1669 4945 1777 4995 τῶν
1832 4941 1983 5010 κινή-

338 5052 492 5088 σεων·
549 5028 673 5087 οὕτε
747 5033 844 5100 τὴν
931 5030 1134 5100 οὐσίαν,
1202 5030 1278 5092 ὡς
1359 5030 1563 5107 γένεσις
1637 5029 1727 5083 καὶ
1787 5027 1977 5107 φθοράο

339 5118 462 5177 οὔτε
509 5122 573 5177 τὸ
623 5122 813 5194 ποσὸν,
870 5121 944 5183 ὡς
1004 5117 1222 5191 αὔξησις
1273 5119 1363 5173 καὶ
1435 5118 1678 5191 μείωσις·
1728 5117 1850 5172 οὕτε
1917 5116 1980 5170 τὸ

337 5209 515 5282 ποιὰν,
576 5211 648 5272 ὡς
732 5208 1050 5271 ἀλλοίωσις.
1109 5209 1179 5262 Τὸ
1255 5205 1312 5263 δὲ
1369 5206 1635 5286 φυλάττον
1711 5208 1811 5276 τήν
1886 5210 1981 5260 τοῦ

339 5300 658 5375 κινουμένου
736 5297 1052 5354 κατάστασιν
1117 5302 1224 5352 τῶν
1309 5299 1383 5371 μή
1463 5295 1841 5375 φυλαττόντων
1905 5317 1983 5350 τι-

345 5391 610 5467 μιώτερον
667 5388 727 5445 ἂν
802 5387 1038 5464 κριθείη,
1096 5386 1186 5442 καὶ
1263 5383 1351 5440 διὰ
1417 5385 1562 5441 τοῦτ’
1641 5385 1771 5440 αὐτὸ
1845 5383 1980 5459 πρό-

337 5501 494 5558 τερον
505 5522 516 5535 .

227 5702 240 5710 ~
415 5671 523 5727 ⁵³3
569 5665 997 5739 Pbys.c.1,t.
1048 5665 1100 5714 4.
1177 5665 1320 5711 ⁵⁵8]

344 5745 516 5816 Phys.
559 5757 610 5796 c.
643 5740 731 5805 10,
763 5742 804 5794 t.
825 5735 916 5805 58,
948 5737 1006 5790 et
1034 5733 1121 5803 14,
1155 5734 1195 5785 t.
1227 5730 1320 5784 77.

2155 4852 2209 4905 4.
2265 4849 2378 4905 Sed
2443 4861 2624 4917 neque
2680 4846 2806 4916 ejus
2863 4845 3013 4916 quod
3074 4848 3336 4899 movetur
3392 4847 3610 4899 statum
3667 4847 3725 4898 et

2093 4937 2481 4999 conditionem
2503 4935 2778 4989 immutat
2799 4931 2938 4987 latio
2967 4934 3030 4998 6°,
3063 4933 3559 5004 quemadmodum
3593 4931 3724 4988 reli-

2091 5028 2191 5099 qui
2221 5032 2414 5082 motus
2441 5042 2453 5091 ;
2515 5039 2618 5077 nec
2649 5022 3063 5088 substantiam,
3098 5025 3160 5075 ut
3191 5021 3484 5093 generatio
3516 5025 3573 5076 et
3600 5037 3728 5075 cor-

2092 5115 2282 5188 ruptio
2308 5133 2320 5182 ;
2354 5130 2458 5168 nec
2489 5110 2892 5182 quantitatem,
2945 5113 3010 5164 ut
3048 5110 3441 5181 augmentatio
3473 5115 3529 5164 et
3554 5109 3726 5164 dimi-

2092 5205 2283 5271 nutio;
2309 5219 2412 5258 nec
2460 5200 2819 5273 qualitatem,
2843 5203 2908 5254 ut
2931 5197 3392 5269 alteratio.Atqui
3421 5200 3550 5269 ejus
3571 5198 3728 5270 quod

2093 5298 2358 5348 movetur
2388 5295 2605 5346 statum
2655 5304 3032 5352 conservans,
3082 5286 3199 5344 illis
3231 5304 3358 5359 quae
3389 5287 3584 5360 ipsum
3615 5304 3731 5343 non

2093 5385 2458 5448 conservant,
2502 5377 2901 5452 praestantius,
2949 5378 3051 5434 56
3109 5382 3167 5432 et
3206 5381 3512 5449 propterea
3556 5376 3734 5433 etiam

2093 5471 2259 5544 prius
2285 5468 2604 5541 judicatur.

1087 5702 1100 5714 .
1177 5659 1220 5693 ⁸³
1249 5659 1283 5711 8
1313 5655 1488 5720 Phys.
1520 5671 1574 5720 c,
1608 5655 1695 5708 12.
1729 5657 1772 5708 t.
1816 5652 1906 5707 64.

2069 5651 2090 5704 3
2128 5648 2300 5720 Phys.
2347 5645 2591 5716 ο.14,¹ί,
2636 5645 2726 5698 77.
2805 5644 2847 5678 δε
2876 5643 2909 5696 8
2941 5643 3112 5717 Phys.
3164 5661 3213 5699 c.
3261 5644 3421 5714 10,t.
3467 5643 3558 5699 58.
3633 5641 3738 5694 ωε

1395 5672 1488 5763 6ys.
1520 5672 1574 5721 c,
1608 5672 1695 5708 ιι.
1729 5672 1772 5708 ι.
1816 5672 1906 5707 οτι.
1983 5672 2022 5686 υ·
2056 5672 2090 5704 o

1418 5728 1440 5762 ο
1469 5727 1504 5781 8
1533 5725 1710 5798 Pbys.
1745 5741 1797 5780 c.
1830 5724 1918 5795 ιο,
1949 5726 1993 5779 t.
2023 5722 2113 5781 56.
