4024 6456
374 347 528 409 1063

373 566 532 638 prior
590 570 680 621 est
756 565 912 620 latio.
968 567 1465 637 Augmentatione
1531 566 1685 621 enim
1743 565 2005 622 alteratio

373 660 583 710 natura
613 655 768 726 prior
796 659 885 708 est
930 655 974 691 ⁶¹
1036 655 1534 726 (quandoquidem
1566 655 1720 726 quod
1767 659 2005 710 natura-

370 743 503 800 liter
552 747 818 814 augetur,
869 743 941 797 ab
991 741 1267 799 alimento
1299 744 1496 815 augeri
1528 743 1671 799 solet
1706 763 1720 806 ;
1762 744 2004 798 alimen-

369 837 500 888 tum
531 836 727 888 autem
758 831 946 904 primo
987 832 1223 903 quidem
1267 849 1382 888 non
1429 837 1519 888 est
1547 831 1737 887 simile
1766 833 1815 886 ei
1851 834 2005 904 quod

372 922 568 987 alitur,
600 921 699 976 sed
734 937 835 992 per
891 919 1288 976 alterationem
1335 922 1387 976 ei
1436 921 1798 976 assimilatur
1825 927 1882 976 et
1912 937 2006 993 ag-

372 1010 714 1083 glutinatur,
758 1009 1069 1080 ipsumque
1126 1009 1309 1064 nutrit
1364 1014 1422 1064 et
1475 1014 1682 1081 auget;
1717 1015 1892 1080 atque
1923 1010 2006 1064 ita

371 1097 902 1172 augmentationem
943 1097 1206 1154 alteratio
1239 1098 1570 1170 praecedit);
1604 1097 2002 1153 alterationem

369 1193 565 1245 autem
620 1187 821 1243 localis
875 1187 1122 1242 mutatio
1176 1187 1480 1256 praecedit;
1512 1186 1760 1258 exempli
1820 1187 2006 1258 gratia

370 1277 432 1333 in
463 1275 814 1332 animalibus
844 1274 1188 1331 alimentum
1221 1275 1292 1330 ad
1322 1274 1710 1330 ventriculum
1745 1274 2003 1330 delatum

367 1367 621 1438 primam
652 1363 1052 1419 alterationem
1079 1364 1256 1431 subit,
1288 1364 1429 1418 dum
1466 1379 1565 1434 per
1610 1362 1768 1417 illius
1798 1379 2003 1418 conco-

371 1455 586 1526 quendi
612 1453 942 1508 facultatem
965 1451 1169 1524 chylus
1193 1452 1470 1518 efﬁcitur;
1504 1456 1560 1506 et
1584 1452 1664 1506 ita
1695 1457 2002 1523 postquam

371 1544 441 1599 ad
475 1543 656 1614 hepar
685 1543 963 1612 pervenit,
989 1541 1047 1594 in
1081 1541 1425 1613 sanguinem
1454 1545 1749 1606 mutatur;
1779 1545 1836 1594 et
1867 1540 2004 1594 hinc

370 1632 622 1702 denique
672 1631 724 1685 ei
767 1631 920 1701 quod
968 1628 1243 1695 nutritur,
1295 1628 1675 1685 assimilatur.
1725 1631 1910 1699 Atque
1942 1633 2007 1683 ut

369 1719 708 1776 summatim
755 1719 967 1785 dicam,
1019 1719 1250 1789 quando
1295 1722 1609 1789 utrumque
1639 1718 1696 1771 in
1730 1718 1866 1772 sede
1899 1734 2004 1772 sua

369 1813 586 1876 manet,
619 1824 752 1862 cum
778 1806 837 1861 id
859 1807 1013 1878 quod
1037 1805 1395 1873 alterat,tum
1425 1807 1483 1861 id
1515 1807 1667 1878 quod
1702 1805 2002 1871 alteratur,

368 1897 492 1952 ﬁeri
555 1895 757 1967 nequit
810 1893 1092 1950 alteratio.
1154 1893 1378 1949 Localis
1418 1910 1522 1966 ego
1578 1899 1770 1950 motus
1827 1893 1912 1948 vel
1944 1893 2002 1948 in

369 1985 629 2054 alterato,
660 1983 746 2039 vel
777 1983 837 2037 in
868 1983 1164 2050 alterante,
1195 1983 1285 2038 vel
1316 1983 1492 2038 etiam
1544 1984 1603 2037 in
1635 1988 1882 2054 utroque
1915 1999 2004 2037 re-

369 2074 658 2146 quiritur;
692 2072 982 2143 siquidem
1042 2071 1306 2127 alteratio
1340 2072 1536 2127 futura
1607 2071 1702 2126 sit.
1736 2073 1793 2126 Si
1824 2071 2006 2143 igitur

369 2163 526 2236 prior
543 2167 630 2218 est
649 2160 914 2216 alteratio
939 2159 1189 2216 naturali
1213 2160 1449 2231 quidem
1481 2160 2003 2232 augmentatione“

371 2253 506 2324 (non
539 2249 696 2307 enim
725 2251 900 2305 etiam
957 2249 1389 2316 mathematica,
1437 2265 1554 2320 qua
1591 2250 2003 2320 circumposito

368 2355 658 2413 gnomone
697 2337 1048 2411 quadratum
1103 2341 1557 2408 augmentatur),
1619 2337 1712 2392 51
1770 2353 2002 2392 omnem

370 2434 565 2485 autem
598 2427 997 2484 alterationem
1029 2427 1294 2497 quaedam
1324 2426 1383 2481 in
1431 2425 1556 2482 loco
1612 2426 1819 2481 mutati
1851 2431 2008 2480 ante-

373 2518 566 2586 cedit;
599 2520 809 2572 natura
833 2515 1054 2570 caeteris
1081 2515 1339 2570 motibus
1369 2513 1506 2570 latio
1537 2514 1694 2586 prior
1739 2516 1865 2570 erit.
1898 2518 2006 2570 Ge-

374 2606 595 2663 neratio
646 2605 802 2660 enim
833 2605 876 2638 ⁶³
913 2608 971 2660 et
1027 2603 1322 2676 corruptio
1380 2603 1610 2676 proprie
1664 2609 1858 2659 motus
1889 2620 2004 2659 non

371 2713 502 2753 esse
533 2695 592 2750 in
618 2693 998 2766 sequentibus
1027 2693 1527 2748 monstrabuntur.

445 2785 498 2839 6.
528 2784 808 2853 Tempore
835 2786 1112 2854 praeterea
1135 2797 1251 2836 non
1283 2781 1425 2837 solis
1470 2781 1728 2836 motibus
1771 2787 2005 2836 natura-

373 2873 529 2928 libus
561 2870 931 2942 reliquis,sed
949 2870 1124 2926 etiam
1152 2869 1523 2941 generatione
1553 2874 1611 2925 et
1639 2870 2007 2942 corruptione

373 2960 577 3018 localis
625 2966 817 3016 motus
867 2959 1023 3032 prior
1068 2963 1177 3013 est.
1242 2958 1543 3030 Corruptio
1604 2959 1761 3014 enim
1814 2960 2005 3029 quoad

378 3055 610 3122 tempus
640 3047 798 3104 omni
829 3047 1150 3103 mutatione
1179 3051 1267 3102 est
1316 3047 1616 3119 posterior,
1668 3053 1734 3102 ut
1777 3065 1903 3119 quae
1935 3048 2007 3102 ab

377 3155 442 3195 eo
475 3138 630 3210 quod
660 3141 749 3193 est
779 3137 848 3192 ad
881 3136 938 3190 id
974 3137 1126 3208 quod
1161 3153 1273 3190 non
1313 3141 1419 3204 est,
1482 3136 1747 3191 transitio
1777 3135 1876 3192 sit.
1907 3136 2009 3191 Ge-

1611 345 2034 408 NICEPHOM
2073 341 2515 408 BLEMMIDAE

441 480 498 534 5.
557 479 837 532 Prmterea
893 493 1024 532 vero
1083 476 1257 533 etiam
1306 481 1514 532 natura
1563 477 1695 532 aliis
1745 477 2000 532 motibus
2029 486 2086 551 Α

3607 347 3778 410 ιοοιι

2188 479 2242 532 ε’.
2278 482 2395 530 Ἔτι
2447 474 2503 530 δὲ
2556 475 2642 530 καὶ
2688 475 2839 551 φύσει
2910 474 3145 551 προτέρα
3190 481 3297 530 τῶν
3356 475 3540 532 ana»,
3603 481 3772 549 κινή-

2116 586 2246 619 σεων
2280 568 2314 633 ἡ
2347 566 2506 642 φορά.
2556 569 2666 632 Τῆς
2726 565 2820 636 μὲν
2879 566 2983 640 γὰρ
3041 565 3311 635 αὐξήσεως
3358 569 3392 635 ἡ
3452 564 3774 630 ἀλλοίωσίς

2114 654 2222 708 ἐστι
2253 654 2487 729 προτέρα
2545 654 2679 707 κατά
2736 653 2889 730 φύσιν
2949 653 3085 725 (ἐπεὶ
3142 655 3203 707 τὸ
3260 660 3495 732 φυσικῶς
3526 655 3770 728 αὐξόμε-

2112 765 2201 797 νον
2279 743 2379 797 ὑπὸ
2453 749 2658 820 τροφῆς
2735 739 2977 812 αῦξεσθαι
3056 745 3306 820 πέφυκεν·
3367 747 3401 812 ἡ
3469 741 3525 798 δὲ
3579 747 3769 820 τροφή

2111 829 2376 906 πρότερον
2428 831 2520 902 μὲν
2571 828 2709 884 ἔστιν
2758 829 2865 905 οὐχ
2913 829 3078 902 ὁμοία
3122 835 3202 902 τῷ
3249 831 3586 906 τρεφομένῳ,
3644 833 3768 903 ἐξο-

2117 923 2365 990 μοιοῦται
2396 915 2453 972 δὲ
2479 917 2656 989 τοῦτῳ
2705 915 2774 971 δι’
2821 917 3189 980 ἀλλοιώσεως.
3225 920 3322 974 Καὶ
3379 921 3768 995 προσκρίνεται

2112 1006 2201 1060 καὶ
2265 1005 2444 1084 τρέφει
2504 1006 2592 1060 καὶ
2658 1002 2800 1076 αῦξει
2876 1005 3024 1074 αὐτὸ,
3077 1007 3165 1060 καὶ
3234 1005 3376 1061 οὕτω
3432 1015 3770 1083 προηγεῖται

2110 1101 2209 1162 τῆς
2259 1093 2528 1166 αὐξήσεως
2580 1095 2614 1162 ἡ
2659 1093 3002 1168 ἀλλοίωσις),
3032 1093 3386 1157 ἀλλοιώσεως
3435 1093 3491 1150 δὲ
3538 1100 3571 1166 ἡ
3625 1098 3771 1152 κατά

2109 1182 2272 1237 τόπον
2327 1177 2626 1254 μεταϐολή·
2678 1185 2791 1236 οἷον
2864 1182 2950 1236 ἐπὶ
3013 1188 3117 1237 τῶν
3171 1185 3324 1252 ζώων
3363 1187 3398 1253 ὴ
3447 1188 3622 1263 τροφή
3680 1191 3771 1257 τῷ

2112 1272 2378 1347 στομάχῳ
2469 1273 2885 1346 προσενεχθεῖσα
2973 1272 3070 1339 τήν
3158 1273 3382 1347 πρώτην
3457 1271 3766 1328 ἀλλοίωσιν

2109 1358 2450 1426 ἀλλοιοῦται,
2497 1359 2930 1435 χυλοποιηθεῖσα
2990 1357 3080 1412 διὰ
3124 1364 3220 1414 τοῦ
3267 1359 3318 1414 ἐν
3374 1361 3507 1435 αὐτῇ
3564 1384 3764 1417 πεπτι-

2111 1452 2230 1517 κοῦ,
2262 1449 2352 1502 καὶ
2384 1449 2526 1501 οὕτω
2555 1446 2817 1521 γενομένη
2868 1450 3002 1522 πρὸς
3051 1449 3111 1502 τὸ
3155 1451 3300 1525 ἧπαρ
3354 1449 3762 1523 ἐξαιματοῦται,

2110 1537 2388 1600 κάντεῦθεν
2438 1535 2776 1608 ἐξομοιοῦται
2849 1541 2926 1607 τῷ
2973 1536 3307 1614 τρεφομένῳ.
3360 1539 3459 1592 Καὶ
3517 1537 3765 1603 καθόλου

2113 1622 2159 1678 δ’
2217 1625 2406 1696 εἰπεῖν,
2461 1629 2558 1678 τοῦ
2620 1623 2974 1687 ἀλλοιοῦντος
3031 1625 3119 1680 καὶ
3176 1631 3272 1680 τοῦ
3330 1626 3758 1701 ἀλλοιουμένου,

2115 1712 2383 1785 μενόντων
2456 1715 2589 1767 κατά
2653 1715 2840 1790 χώραν
2901 1714 3124 1784 ἑαυτῶν,
3181 1713 3279 1769 οὐκ
3335 1714 3393 1770 ἂν
3453 1715 3759 1779 ἀλλοίωσις

2113 1803 2347 1877 γένοιτο.
2381 1807 2470 1856 Δεῖ
2498 1806 2628 1876 γοῦν
2655 1804 2918 1871 κινήσεως
2967 1809 3198 1871 τοπικῆς
3251 1803 3286 1872 ἢ
3344 1809 3440 1858 τοῦ
3497 1805 3761 1862 ἀλλοιου-

2117 1893 2299 1964 μένου,
2357 1893 2391 1959 ἢ
2452 1897 2546 1945 τοῦ
2611 1890 2989 1964 ἀλλοιοῦντος,
3133 1893 3222 1947 καὶ
3296 1893 3641 1970 ἀμφοτέρων,
3710 1897 3760 1950 εἰ

2117 1979 2306 2052 μὲλλ;ι
2370 1982 2608 2055 γενέσθαι
2666 1979 2987 2042 ἀλλοίωσις.
3038 1981 3100 2037 Εἰ
3149 1981 3328 2036 τοίνυν
3377 1982 3613 2060 προτέρα
3665 1985 3760 2056 μὲν

2111 2077 2210 2138 τῆς
2260 2072 2489 2148 φυσικῆς
2538 2068 2810 2139 αὐξήσεως
2850 2072 2884 2138 ἡ
2916 2067 3214 2132 ἀλλοίωσις
3263 2070 3348 2143 (οὐ
3397 2073 3498 2147 γὰρ
3549 2070 3614 2140 δὴ
3668 2074 3760 2128 καὶ

2109 2166 2209 2227 τῆς
2282 2165 2667 2231 μαθηματικῆς
2730 2159 2847 2213 καθ’
2893 2161 2959 2227 ἢν
3021 2157 3231 2229 αὔξεται
3301 2161 3364 2214 τὸ
3417 2163 3755 2237 τετράγωνον

2107 2251 2178 2320 τῇ
2227 2248 2493 2321 περιθέσει
2540 2251 2637 2302 τοῦ
2685 2248 3015 2322 γνώμονος).
3068 2250 3244 2320 πάσης
3304 2247 3348 2304 δ’
3402 2248 3758 2312 ἀλλοιώσεως

2109 2336 2432 2410 προηγεῖταί
2519 2357 2598 2399 τις
2677 2338 2812 2390 κατὰ
2883 2337 3050 2391 τόπον
3128 2333 3430 2411 μεταϐολή·
3519 2341 3760 2416 προτέρα

2113 2424 2265 2500 φύσει
2343 2429 2451 2478 τῶν
2533 2422 2717 2478 ἄλλων
2807 2424 2865 2478 ἂν
2951 2422 3032 2495 εἷή
3129 2429 3390 2497 κινήσεων
3471 2431 3505 2497 ἡ
3593 2432 3753 2507 φορά.

2115 2513 2324 2574 Γένεσις
2383 2515 2486 2588 γὰρ
2541 2513 2629 2566 καὶ
2671 2514 2846 2589 φθορά
2905 2515 2980 2586 μή
3043 2515 3194 2569 οὖσαι
3246 2516 3450 2592 κυρίως
3489 2522 3755 2592 κινήσεις,

2115 2601 2167 2656 ἐν
2200 2608 2315 2664 τοῖς
2349 2602 2634 2675 ἑπομένοις
2668 2599 3071 2677 δειχθήσονται.

2186 2782 2250 2844 ς’.
2303 2781 2492 2856 Χρόνῳ
2550 2779 2606 2835 δὲ
2662 2781 2972 2858 προτερεύει
3034 2784 3108 2854 μὴ
3175 2783 3350 2856 μόνων
3399 2789 3507 2839 τῶν
3569 2785 3757 2842 ἄλλων

2115 2874 2350 2948 φυσικῶν
2402 2872 2664 2940 κινήσεων
2713 2873 2747 2940 ἡ
2796 2873 2930 2925 κατά
3001 2872 3190 2945 τόπον,
3241 2871 3385 2928 ἀλλά
3458 2876 3546 2928 καὶ
3610 2878 3757 2950 γενέ-

2115 2981 2247 3021 σεως
2309 2959 2396 3014 καὶ
2447 2961 2662 3037 φθορᾶς.
2713 2962 2898 3034 Φθορά
2957 2961 3049 3032 μὲν
3103 2963 3202 3037 γὰρ
3258 2962 3467 3031 ἁπάσης
3528 2961 3760 3037 μεταϐο-

2118 3047 2222 3117 λῆς
2283 3049 2679 3124 ὑστεροχρονεῖ,
2735 3044 3026 3121 μετάϐασις
3102 3050 3161 3105 ἐκ
3230 3057 3327 3106 τοῦ
3401 3051 3557 3117 ὄντος
3633 3055 3762 3110 οῦσα

2116 3137 2250 3211 πρὸς
2301 3137 2364 3190 τὸ
2417 3138 2491 3209 μὴ
2545 3133 2620 3190 ὄν·
2648 3138 2849 3212 γένεσις
2900 3136 2957 3192 δὲ
3005 3135 3242 3215 προτέρά
3291 3141 3384 3212 μὲν
3426 3141 3506 3219 ἐφ’
3538 3143 3763 3198 ἑκάστου

378 3227 600 3283 neratio
632 3231 826 3282 autem
858 3227 904 3259 ⁶⁴
934 3226 993 3280 in
1042 3241 1393 3296 unoquoque
1437 3241 1636 3280 eorum
1670 3241 1796 3296 quae
1837 3227 2004 3291 fiunt,

2119 3230 2223 3279 τῶν
2268 3227 2586 3299 γινομένων,
2625 3230 2723 3280 τοῦ
2762 3226 2924 3280 αὐτοῦ
2973 3224 3187 3297 δηλαδή
3237 3229 3327 3283 καὶ
3359 3230 3477 3293 ἑνὸς
3525 3253 3759 3288 σκοπου-

377 3318 429 3373 si
459 3333 641 3372 unum
668 3315 934 3370 videlicet
961 3313 1234 3386 idemque
1265 3313 1666 3385 respiciamus,
1701 3315 1859 3386 prior
1883 3331 2008 3385 per-

377 3405 672 3479 epicietur.
731 3404 1110 3474 Posteaquam
1169 3403 1325 3458 enim
1361 3419 1451 3459 res
1490 3408 1780 3474 generata,
1814 3408 1920 3470 est,
1955 3407 2011 3458 et

375 3513 479 3568 per
551 3493 866 3551 essentiam
944 3491 1233 3559 subsistit,
1300 3498 1438 3547 tunc
1497 3492 1732 3547 demum
1789 3493 2008 3547 caeteris

375 3583 650 3654 motibus,
682 3589 737 3637 et
767 3581 1002 3637 tandem
1030 3579 1197 3636 locali
1239 3586 1520 3636 movetur.
1570 3580 1627 3634 Si
1678 3585 1874 3636 autem
1919 3598 2008 3637 co-

373 3673 630 3746 gitamus
663 3671 1049 3742 antiquiorem
1103 3669 1217 3725 filio
1259 3675 1480 3742 patrem
1538 3685 1687 3734 esse,
1721 3675 2009 3742 quatenus

375 3762 666 3834 perfectus
699 3759 869 3814 homo
901 3763 1035 3814 ante
1064 3759 1261 3824 fuit,et
1289 3763 1449 3813 motu
1479 3757 1645 3814 locali
1679 3775 1793 3814 non
1825 3759 2011 3814 caruit

373 3849 550 3905 etiam
582 3853 896 3919 antequam
930 3851 1091 3918 pater
1122 3847 1320 3914 fieret;
1353 3852 1546 3918 atque,
1569 3855 1632 3901 ut
1663 3847 2006 3902 summatim

373 3939 586 4008 dicam,
617 3935 824 3991 caelum
857 3952 949 3991 res
993 3951 1195 3990 omnes
1226 3935 1487 3990 conditas
1518 3940 1804 3991 vetustate
1833 3952 2009 4008 supe-

373 4043 522 4097 rare,
581 4024 853 4081 lationem
910 4029 1106 4080 autem
1159 4022 1300 4079 coelo
1359 4040 1484 4080 esse
1527 4024 1808 4089 insitam;
1871 4042 2011 4081 sane

373 4115 513 4171 latio
560 4115 734 4170 etiam
783 4113 973 4184 quoad
1021 4117 1250 4182 tempus
1297 4112 1455 4167 omni
1506 4118 1664 4168 motu
1716 4118 1772 4168 et
1820 4118 2008 4169 muta-

377 4205 558 4275 tione,
590 4204 852 4274 adeoque
881 4202 1054 4258 etiam
1105 4201 1232 4273 ipsa
1281 4201 1649 4272 generatione
1699 4203 1856 4273 prior
1884 4220 2012 4258 esse

381 4292 864 4366 deprehendetur.
924 4291 1324 4359 Generatione}
1356 4295 1550 4345 autem
1581 4291 1708 4345 dico
1739 4291 2008 4359 naturali,

381 4400 508 4456 quae
541 4399 610 4437 ex
652 4397 717 4436 eo
749 4381 904 4452 quod
937 4378 1194 4452 potentia
1222 4383 1329 4449 est,
1375 4382 1506 4434 actu
1553 4395 1685 4434 vero
1743 4380 1842 4436 58
1896 4395 2012 4435 non

379 4477 490 4538 est,
547 4471 616 4527 ad
679 4475 809 4525 actu
871 4485 998 4525 esse
1052 4468 1382 4540 progressio
1430 4472 1519 4522 est
1564 4471 1621 4523 et
1675 4468 2014 4540 temporalis

379 4559 686 4615 transitus.
720 4556 1202 4628 Quandoquidem
1233 4556 1407 4611 etiam
1461 4555 1635 4611 aliam
1688 4557 2012 4629 generatio-

382 4665 513 4704 nem
546 4645 690 4702 ratio
722 4645 986 4719 ugnoscit
1016 4644 1264 4699 naturali
1297 4643 1721 4712 sublimiorem,
1773 4662 1899 4716 quae
1927 4650 2015 4700 est

380 4735 635 4792 universi
690 4751 760 4791 ex
817 4751 1056 4806 prorsus
1114 4732 1297 4788 nihilo
1354 4733 1658 4788 existentia
1714 4738 1770 4789 et
1825 4734 2017 4806 prima

379 4825 720 4896 procreatio.
785 4822 1291 4887 Quemadmodum
1347 4822 1502 4876 enim
1553 4822 1809 4877 efﬁciens
1839 4839 2018 4878 causa

383 4912 597 4984 duplex
627 4917 750 4980 est;
786 4916 842 4968 et
871 4911 1198 4983 propinqua
1228 4927 1351 4980 quae
1383 4915 1592 4964 natura
1622 4927 1749 4965 esse
1780 4909 2017 4978 dicitur,

384 5004 441 5056 et
497 5000 773 5073 primario
844 5017 909 5054 ac
969 4999 1198 5072 proprie
1270 5015 1464 5065 causa,
1523 5014 1648 5070 quae
1701 5003 1788 5054 est
1853 5015 2020 5055 mens

385 5089 844 5155 architectatrix;
867 5088 951 5143 sic
973 5087 1269 5160 generatio
1291 5085 1506 5157 duplex
1529 5091 1618 5141 est
1648 5104 1764 5142 una
1783 5087 2019 5158 quidem

385 5193 454 5232 ex
483 5176 956 5248 praesubsistente
978 5181 1112 5248 apta
1133 5175 1376 5231 materia
1393 5177 1463 5230 ad
1497 5176 1744 5230 formam
1767 5177 2022 5246 aliquam

387 5281 520 5322 cum
552 5264 858 5336 temporali
881 5265 1213 5320 extensione
1240 5264 1541 5336 productio
1563 5265 1756 5336 (cujus
1787 5265 2023 5336 quidem

2123 3315 2305 3386 μένοις
2381 3317 2801 3386 θεωρηθήσεται.
2863 3317 3010 3370 Μετά
3084 3317 3185 3392 γὰρ
3257 3319 3319 3372 τὸ
3391 3320 3625 3395 γενέσθαι
3697 3324 3761 3377 τὸ

2114 3407 2342 3476 πρᾶγμα
2422 3401 2511 3455 καὶ
2595 3407 2711 3455 κατ’
2792 3401 2972 3457 οὐσίαν
3063 3404 3378 3475 ὑποστῆναι,
3463 3408 3588 3464 τότε
3664 3411 3760 3471 τὰς

2116 3487 2288 3550 ἄλλας
2343 3495 2567 3544 κινεῖται
2622 3493 2881 3562 κινήσεις,
2941 3491 3028 3547 καὶ
3081 3491 3388 3549 τελευταίαν
3446 3497 3547 3566 τὴν
3599 3519 3755 3553 τοπι-

2115 3579 2238 3648 κήν.
2296 3583 2566 3634 Ἐννοοῦσι
2623 3575 2668 3633 δ’
2725 3581 2882 3652 ἡμῖν,
2932 3581 3005 3642 ὡς
3061 3582 3090 3634 ὁ
3146 3585 3326 3658 πατὴρ
3393 3581 3755 3662 πρεσϐύτερος

2113 3671 2210 3720 τοῦ
2240 3668 2360 3721 υἱοῦ
2393 3667 2604 3729 τέλειος
2654 3668 2936 3743 ἅνθρωπος
2981 3666 3076 3740 ὢν,
3108 3671 3197 3725 καὶ
3245 3671 3344 3741 τῆς
3400 3676 3538 3729 κατὰ
3590 3676 3755 3732 τόπον

2121 3756 2196 3828 μὴ
2257 3754 2614 3831 ἐστερημένος
2679 3759 2966 3828 κινήσεως,
3025 3757 3114 3812 καί
3172 3761 3307 3835 πρὸς
3365 3767 3463 3817 τοῦ
3517 3765 3760 3840 γενέσθαι

2116 3845 2314 3919 πατὴρ,
2345 3842 2489 3906 ὅλως
2534 3865 2592 3899 τε
2633 3849 2730 3900 τοῦ
2771 3851 2999 3920 γενητοῦ
3047 3849 3242 3911 παντὸς
3299 3851 3327 3904 ὁ
3384 3851 3610 3927 οὐρανὸς
3665 3853 3762 3927 ἀρ·

2116 3933 2428 4010 χαιὸτατος,
2459 3938 2538 4005 τῷ
2586 3931 2632 3988 δ’
2682 3933 2890 4010 οὐρανῷ
2943 3938 3194 4013 συμφυὴς
3251 3941 3284 4007 ἡ
3347 3941 3507 4017 φορὰ,
3548 3941 3761 4005 πάντως

2116 4027 2150 4093 ἡ
2198 4024 2338 4102 φορὰ
2394 4021 2628 4098 προτέρα
2679 4024 2768 4077 καὶ
2820 4024 2954 4078 κατά
3004 4025 3203 4100 χρόνον
3263 4025 3441 4100 πάσης
3497 4033 3762 4102 κινήσεως

2117 4112 2206 4166 καὶ
2259 4105 2566 4185 μεταϐολῆς
2614 4112 2704 4197 καὶ
2735 4111 2907 4182 αὐτῆς
2957 4111 3022 4182 δὴ
3081 4122 3182 4184 τῆς
3241 4116 3499 4192 γενέσεως
3551 4121 3767 4197 εὑρεθή-

2117 4219 2284 4256 σεται.
2336 4198 2593 4261 Γενέσεως
2644 4196 2702 4253 δὲ
2745 4198 2893 4274 λέγῳ
2944 4208 3045 4272 τῆς
3100 4211 3330 4280 φυσικῆς
3383 4205 3504 4275 ἥτις
3559 4196 3695 4263 ἐστὶν
3729 4211 3764 4278 ἡ

2122 4287 2181 4342 ἐκ
2208 4291 2305 4341 τοῦ
2355 4284 2577 4359 δυνάμει
2629 4283 2805 4361 ὄντος,
2841 4288 3080 4364 ἐνεργείᾳ
3130 4289 3188 4347 δὲ
3239 4295 3312 4366 μὴ
3361 4289 3538 4370 ὄντος,
3571 4297 3647 4360 εἰς
3703 4298 3768 4354 τὸ

2119 4375 2358 4452 ἐνεργείᾳ
2443 4376 2575 4431 εἶναι
2661 4375 2896 4449 πρόοδος
2954 4381 3043 4434 καὶ
3125 4379 3413 4454 μετάϐασις
3484 4383 3765 4462 ἔγχρονος.

2126 4464 2259 4520 Επεί
2288 4464 2374 4519 τοί
2403 4486 2466 4540 γε
2495 4465 2584 4519 καὶ
2614 4464 2791 4535 ἄλλην
2849 4469 3048 4543 γένεσιν
3107 4467 3248 4526 οἶδεν
3297 4473 3326 4526 ὁ
3385 4473 3571 4550 λόγος,
3637 4477 3767 4552 ὑπὲρ

2115 4555 2214 4622 τήν
2277 4555 2507 4631 φυσικὴν
2562 4551 2718 4617 οὗςαν
2767 4559 2865 4626 τὴν
2927 4557 2986 4612 ἐκ
3040 4563 3138 4613 τοῦ
3199 4557 3429 4635 μηδαμῆ
3495 4561 3767 4637 μηδαμῶς

2121 4637 2276 4704 ὄντος
2342 4641 2563 4718 ὕπαρξιν
2622 4649 2718 4698 τοῦ
2783 4645 3088 4720 σύμπαντος
3127 4649 3218 4703 καὶ
3283 4652 3508 4726 πρώτην
3577 4653 3770 4708 οὐσίω-

2122 4753 2223 4788 σιν.
2267 4734 2468 4808 ’Ὠσπερ
2518 4733 2621 4809 γὰρ
2670 4732 2733 4788 τὸ
2783 4737 3068 4805 ποιητικὸν
3126 4735 3296 4793 αἴτιον
3353 4737 3549 4813 διττὸν,
3601 4743 3664 4798 τό
3717 4763 3772 4797 τε

2124 4820 2390 4896 προσεχὲς
2439 4819 2570 4896 ὅπερ
2609 4823 2644 4890 ἡ
2679 4821 2838 4900 φύσις
2896 4822 3109 4899 λέγεται
3168 4827 3321 4898 εἶναι,
3382 4829 3470 4883 καὶ
3517 4831 3580 4884 τὸ
3623 4831 3773 4906 πρώ-

2125 4930 2232 4970 τως
2285 4909 2374 4963 καὶ
2431 4909 2629 4985 κυρίως
2692 4909 2886 4985 αἶ’τιον,
2937 4911 3069 4990 ὅπερ
3128 4914 3267 4970 ἐστίν
3329 4919 3355 4972 ὁ
3413 4924 3538 4980 νοῦς
3591 4921 3618 4975 ὁ
3677 4918 3771 4990 δη-

2133 4998 2408 5073 μιουργός·
2456 4998 2602 5087 ,οὕτω
2661 4997 2812 5070 διττή
2872 5004 2906 5072 ἡ
2965 5004 3258 5077 γὲνεσις,ἡ
3297 5007 3390 5079 μὲν
3452 5007 3510 5062 ἐκ
3566 5022 3771 5087 προϋφ-

2131 5088 2368 5157 εστώσης
2419 5085 2557 5158 ὕλης
2619 5087 2925 5159 ἐπιτηδείου
3004 5093 3080 5154 εἰς
3162 5091 3301 5157 εἶδός
3374 5117 3426 5150 τι
3479 5085 3771 5174 προαγωγὴ

2137 5176 2269 5248 μετά
2298 5184 2563 5252 χρονικῆς
2595 5181 2943 5253 παρατάσεως
2975 5181 3196 5253 (ταύτης
3254 5181 3311 5238 δὲ
3364 5192 3464 5254 τῆς
3520 5187 3774 5262 γενέσεως

2135 5265 2280 5341 ἀρχὴ
2328 5266 2416 5320 καὶ
2465 5265 2608 5320 αἰτία
2648 5269 2947 5344 προσεχὴς,
2978 5270 3039 5324 τὸ
3089 5268 3132 5325 δ’
3177 5270 3557 5348 ἀληθέστερον,
3594 5297 3778 5332 συναι-

387 5353 780 5426 generationis
812 5351 1161 5425 principium
1196 5357 1252 5407 et
1307 5369 1500 5418 causa,
1544 5352 1653 5422 vel,
1714 5357 1778 5408 ut
1831 5355 2011 5410 verius

2133 5353 2220 5408 τία
2265 5357 2298 5423 ἡ
2351 5354 2506 5432 φύσις
2569 5355 2751 5429 ἐστίν)·
2809 5360 2843 5427 ἡ
2896 5355 2939 5412 δ’
2977 5359 3131 5434 ἑτέρα
3186 5362 3388 5436 γένεσις
3449 5361 3780 5442 δημιουργία

459 5571 505 5605 ⁸³
535 5570 570 5623 8
595 5567 768 5642 Phys.
799 5585 848 5642 cf.
876 5567 971 5642 ές),
1005 5570 1046 5632 t,
1080 5566 1259 5642 55,_et
1286 5566 1320 5642 2
1349 5565 1426 5642 de
1448 5567 1676 5639 Anima,
1707 5584 1756 5634 c,
1790 5569 1842 5635 3,
1897 5572 1940 5624 t.
1989 5569 2076 5624 45.

2151 5570 2197 5606 ⁶²
2227 5570 2348 5626 Lib.
2404 5571 2837 5643 Categoriarum
2886 5589 2936 5628 c.
2972 5575 3057 5644 14,
3088 5592 3136 5630 s.
3167 5577 3220 5631 5.

393 5648 437 5703 t.
471 5643 660 5701 10-12.
686 5637 702 5642 ⁷
736 5641 782 5675 ⁶⁴
811 5641 845 5696 8
876 5638 1049 5712 Phye.
1081 5653 1129 5692 c.
1166 5637 1254 5705 10,
1282 5641 1326 5692 t.
1358 5637 1446 5693 57.

3298 5578 3343 5613 ⁶³
3370 5579 3406 5632 5
3437 5577 3607 5651 Phys.
3648 5595 3699 5642 ο,
3726 5580 3779 5646 5,
