4024 6500
192 457 351 518 1065
1523 454 1870 518 EPITOME
1914 455 2273 517 PHYSICA.
3433 453 3590 513 1066

188 589 288 640 τοῦ
318 583 654 661 πράγματος,
686 584 773 640 καὶ
800 589 899 641 τοῦ
954 582 1083 658 μηδ’
1115 583 1261 648 ὅλως
1319 580 1474 649 ὄντος
1530 592 1830 662 παραγωγῆ

1955 586 2175 659 loquar,
2209 588 2492 658 adjuvans
2539 604 2717 643 causa
2759 591 2848 643 est
2891 586 3122 658 natura)
3157 605 3169 654 ;
3225 584 3408 641 altera
3454 601 3590 641 vero

187 675 370 749 χωρὶς
425 681 525 743 τῆς
574 675 787 729 οἱασοῦν
835 675 1207 750 παρατάσεως.
1255 673 1462 745 Ταύτης
1523 682 1622 745 τῆς
1683 673 1830 748 γενὲ-

1955 677 2239 749 generatio
2262 681 2351 732 est
2378 677 2602 732 effectio
2633 676 2735 747 rei,
2756 681 2812 731 et
2834 678 2961 745 ejus
2981 675 3137 748 quod
3164 674 3324 731 nullo
3352 673 3590 731 omnino

186 783 326 824 σεως
357 761 504 839 ἀρχὴ
535 762 624 817 καὶ
656 762 800 817 αἰτία
845 762 986 837 μόνη
1047 762 1187 818 ἐστὶν
1220 765 1254 833 ἡ
1289 763 1616 840 παντουργὸς
1672 762 1834 841 σοφία

1955 766 2116 821 modo
2148 771 2290 833 erat,
2339 766 2466 822 sine
2512 765 2634 821 ulla
2670 766 3004 821 extensione
3055 764 3348 820 adductio.
3400 768 3592 835 Atque

185 851 280 906 xui
359 850 586 925 δύναμις
658 856 752 906 τοῦ
807 856 962 922 Θεοῦ,
1019 855 1054 922 ἡ
1117 851 1207 907 καὶ
1263 852 1360 921 τῆς
1403 851 1540 923 ὕλης
1594 850 1684 905 καὶ
1731 858 1833 920 τῆς

1955 855 2194 926 aujusce
2224 854 2618 927 generationis
2669 853 3026 927 principium
3058 858 3116 910 et
3146 870 3325 909 causa
3352 851 3476 909 sola
3503 855 3594 909 est

188 939 402 1019 φύσεως
440 940 530 996 καὶ
570 945 677 995 τῶν
726 935 894 997 ὅντων
935 942 1182 996 ἀπάντων
1238 943 1525 1011 ποιητική.
1555 945 1681 1002 Πῶς
1739 940 1831 1009 μὲν

1955 943 2213 999 amnium
2246 961 2443 999 rerum
2477 944 2735 1000 effectrix
2779 943 3065 1015 sapientia
3096 946 3152 998 et
3177 942 3438 1015 potentia
3464 942 3592 1012 Dei,

190 1026 285 1085 οὗν
344 1032 379 1099 ἡ
436 1030 571 1085 κατὰ
623 1030 790 1085 τόπον
856 1025 1135 1104 μεταϐολὴ
1200 1031 1391 1106 πρώτη
1470 1033 1653 1084 πασῶν
1726 1033 1832 1082 τῶν

1955 1046 2071 1101 quas
2101 1036 2158 1085 el.
2192 1031 2448 1086 materiae
2497 1034 2556 1088 et
2580 1034 2821 1097 naturae,
2855 1034 2913 1086 et
2958 1030 3223 1086 omnium
3271 1046 3399 1101 quas
3429 1035 3589 1101 sunt,

189 1120 457 1191 κινήσεων
512 1117 603 1174 καὶ
659 1118 825 1190 αὐτῆς
884 1126 984 1190 τῆς
1040 1117 1293 1196 γενέσεως
1339 1117 1429 1173 καί
1487 1118 1644 1181 ποίας
1686 1115 1832 1194 γενέ-

1955 1117 2201 1174 effectrix
2245 1122 2354 1174 est.
2387 1118 2687 1185 Quomodo
2716 1148 2724 1188 ε
2734 1119 2917 1192 igitur
2943 1117 3146 1175 localis
3175 1118 3426 1176 mutatio
3471 1135 3595 1176 om-

1945 1206 2123 1262 nibus
2151 1206 2432 1274 motibus,
2460 1207 2709 1281 ipsaque
2729 1207 2908 1264 etiam
2938 1207 3314 1280 generatione
3341 1211 3401 1264 et
3429 1202 3601 1281 quali

1944 1296 2316 1368 generatione
2346 1295 2506 1369 prior
2528 1297 2627 1366 sit,
2659 1296 2880 1353 dictum
2911 1301 3020 1355 est.

2012 1386 2068 1442 7.
2099 1385 2181 1440 Ex
2208 1385 2300 1442 his
2330 1402 2465 1443 vero
2514 1402 2642 1458 quae
2697 1386 2856 1443 dicta
2900 1391 3059 1454 sunt,
3107 1390 3339 1444 constat
3384 1386 3583 1463 etiam,

1944 1475 2101 1547 quod
2131 1479 2329 1531 motus
2358 1474 2660 1532 circularis
2688 1475 2964 1533 omnibus
3011 1475 3299 1533 localibus
3328 1476 3589 1533 motibus

1944 1564 2105 1635 prior
2153 1563 2275 1632 sit;
2330 1564 2472 1635 quia
2537 1563 2716 1620 etiam
2780 1566 2881 1622 59
2947 1565 3149 1637 primae
3216 1564 3586 1623 sensibilium

1945 1657 2371 1722 creaturarum,
2391 1669 2601 1725 nempe
2630 1652 2793 1721 coelo,
2823 1672 2859 1710 a
2889 1657 3100 1711 natura
3142 1657 3232 1711 est
3271 1654 3487 1712 insitus
3513 1654 3590 1710 ⁸⁸.

191 1229 352 1280 σεως,
385 1207 617 1285 εἴρηται.

269 1388 329 1456 ζ’.
358 1384 534 1456 Δῆλον
594 1385 641 1441 δ’
696 1386 757 1441 ἐκ
807 1390 917 1442 τῶν
976 1385 1303 1460 εἰρημένων,
1330 1384 1412 1441 ὅτι
1463 1385 1615 1456 καὶὴ
1646 1383 1836 1458 κύκλῳ

189 1477 403 1548 κίνησις
467 1479 652 1531 πασῶν
708 1474 1019 1552 προτερεύει
1068 1479 1176 1531 τῶν
1233 1474 1370 1530 κατά
1440 1474 1604 1530 τόπον
1682 1475 1836 1544 κινή-

190 1586 351 1639 σεων,
384 1563 467 1620 ὅτι
508 1564 598 1620 καὶ
651 1568 732 1638 τῷ
780 1567 984 1640 πρώτῳ
1038 1569 1144 1619 τῶν
1203 1564 1471 1635 αἰσθητῶν
1528 1564 1839 1638 κτισμάτων

185 1659 270 1727 τῷ
325 1653 537 1730 οὐρανῷ
594 1655 868 1732 συμφυής.
922 1656 1095 1728 Τριῶν
1156 1652 1248 1708 οὗν
1318 1651 1490 1707 οὐσῶν
1571 1653 1836 1722 κινήσεων

185 1746 462 1814 τοπικῶν,
492 1748 592 1812 τῆς
651 1740 733 1796 ἐπ’
792 1740 1016 1814 εὐθείας,
1065 1746 1166 1810 τῆς
1220 1738 1431 1814 κύκλῳ,
1480 1739 1570 1794 καὶ
1624 1742 1723 1809 τῆς
1780 1739 1840 1795 ἐκ

1955 1740 2091 1796 Cum
2122 1740 2303 1813 igitur
2322 1745 2442 1798 tres
2467 1740 2681 1798 locales
2710 1741 2831 1798 sint
2859 1747 3076 1812 motus,
3100 1744 3203 1816 qui
3232 1759 3412 1817 super
3439 1746 3598 1801 recta

184 1830 395 1887 τούτων
452 1832 668 1905 μικτῆς,
697 1832 795 1900 τῆς
828 1830 923 1903 μὲν
977 1835 1177 1905 μικτῆς
1222 1829 1330 1905 οὐχ
1356 1832 1392 1899 ἡ
1425 1828 1613 1902 κύκλῳ
1647 1829 1836 1903 μόνον,

1955 1828 2103 1887 linea
2147 1831 2233 1903 ﬁt,
2279 1831 2602 1900 circularis,
2632 1836 2690 1888 et
2733 1850 2803 1890 ex
2847 1833 2943 1889 his
2997 1833 3211 1889 mistus
3240 1850 3255 1889 :
3288 1832 3486 1907 palam
3529 1833 3593 1890 in

191 1918 339 1976 ἀλλὰ
392 1920 482 1975 καὶ
536 1920 572 1989 ἡ
628 1918 710 1974 ἐπ’
771 1918 975 1982 εὐθείας
1049 1917 1412 1995 ὡμολόγηται
1490 1917 1835 1995 προτερεύειν

1955 1919 2213 1977 confesso
2261 1925 2351 1977 est
2403 1922 2471 1991 ⁸⁸,
2520 1939 2634 1979 non
2685 1922 3033 1979 circularem
3086 1927 3342 1993 tantum,
3389 1924 3491 1981 sed
3538 1927 3597 1980 et

190 2009 333 2083 (ἐπεὶ
379 2012 485 2064 τῶν
544 2009 805 2074 συνθέτων
866 2008 1019 2085 φύσει
1076 2008 1314 2085 πρότερα
1362 2008 1431 2063 τά
1487 2005 1674 2082 ἁπλᾶ)·
1735 2013 1834 2078 τῆς

1955 2008 2311 2066 rectilineum
2366 2010 2545 2067 misto
2593 2012 2817 2069 anteire
2844 2012 3149 2084 (quoniam
3198 2016 3411 2069 natura
3440 2028 3599 2069 com-

192 2095 241 2153 δ’
270 2097 353 2154 ἐπ’
403 2096 608 2160 εὐθείας
660 2098 853 2174 πρώτη
913 2096 1052 2152 ἐστὶν
1082 2099 1116 2167 ἡ
1162 2095 1372 2171 κύκλῳ,
1406 2094 1544 2152 διότι
1598 2097 1688 2152 καὶ
1745 2095 1836 2166 ἀρ-

1955 2097 2151 2171 positis
2202 2098 2494 2172 simplicia
2538 2100 2735 2172 priora
2777 2103 2937 2171 sunt)
2980 2120 2994 2172 ;
3048 2100 3346 2158 rectilineo
3392 2105 3592 2158 autem

192 2186 455 2264 χαιοτέρα
504 2186 595 2242 καὶ
655 2184 793 2241 διότι
853 2185 1218 2262 μονιμωτέρα.
1250 2185 1402 2256 Μόνη
1439 2186 1543 2263 γὰρ
1575 2184 1709 2257 αὕτη
1743 2183 1836 2240 δύ-

1955 2186 2287 2243 :ircularem
2326 2188 2582 2261 priorem
2611 2206 2767 2258 esse;
2810 2206 2945 2246 cum
2988 2191 3129 2263 quia
3156 2194 3247 2247 est
3274 2188 3591 2263 antiquior,

192 2296 348 2331 ναται
406 2277 641 2351 συνεχὴς
701 2275 834 2330 εἶναι
894 2272 1084 2330 διόλου
1137 2280 1246 2330 τῶν
1302 2273 1488 2330 ἄλλων
1521 2275 1574 2346 ἐξ
1605 2276 1834 2330 ἀντικει-

1955 2279 2072 2331 tum
2103 2276 2242 2349 quia
2271 2280 2361 2333 est
2390 2277 2676 2335 stabilior.
2707 2279 2876 2336 Solus
2920 2279 3078 2336 enim
3106 2281 3151 2316 ⁸⁷
3184 2279 3424 2336 omnino
3454 2296 3596 2336 con-

199 2364 374 2439 μένων
409 2363 483 2427 είς
540 2363 877 2439 ἀντικείμενα
921 2365 1223 2440 γινομένων
1281 2365 1371 2420 καὶ
1429 2362 1834 2420 διακοπτουσῶν

1955 2365 2149 2422 tinuus
2192 2382 2321 2422 esse
2370 2370 2759 2439 potest;cum
2810 2369 3002 2424 caeteri
3052 2385 3121 2425 ex
3178 2368 3489 2425 contrariis
3538 2368 3599 2424 in

1945 2453 2237 2510 contraria
2265 2455 2428 2524 ﬁant,
2462 2460 2520 2512 et
2562 2474 2679 2512 non
2727 2460 2959 2513 tantum
2987 2456 3203 2514 locales
3250 2460 3467 2524 motus,
3499 2471 3594 2513 ex-

1945 2546 2111 2615 cepto
2168 2542 2457 2614 circulari,
2516 2546 2617 2601 sed
2673 2545 2849 2602 etiam
2924 2545 3162 2619 reliquae
3234 2545 3590 2603 mutationes

1946 2631 2391 2689 continuitatem
2458 2634 2785 2690 necessario
2852 2634 3227 2692 intersecent.
3288 2634 3592 2691 Generatio

1947 2720 2105 2776 enim
2134 2737 2204 2777 ex
2232 2738 2299 2777 eo
2329 2722 2485 2794 quod
2515 2739 2633 2778 non
2659 2723 2829 2779 estin
2859 2723 2919 2778 id
2950 2725 3107 2796 quod
3137 2724 3323 2794 est“;
3357 2740 3598 2797 corrup-

1947 2809 2030 2866 tio
2060 2826 2131 2866 ex
2182 2827 2248 2866 eo
2279 2811 2435 2882 quod
2474 2828 2592 2867 non
2621 2816 2730 2881 est,
2762 2811 2823 2868 in
2853 2812 2914 2867 id
2962 2813 3118 2885 quod
3166 2816 3275 2884 est,
3308 2812 3437 2869 ﬁeri
3487 2828 3598 2870 con

195 2454 247 2528 ἐξ
282 2455 519 2530 ἀνάγκης
565 2453 629 2509 τὸ
658 2453 901 2530 συνεχὲς,
939 2456 1014 2527 μὴ
1081 2454 1243 2528 μόνον
1299 2458 1408 2508 τῶν
1463 2458 1700 2510 τοπικῶν
1759 2474 1838 2508 κι-

192 2544 403 2615 νήσεων
432 2547 539 2598 τῶν
571 2542 717 2620 παρὰ
739 2544 838 2612 τὴν
887 2540 1093 2616 κύκλῳ,
1127 2540 1275 2599 ἀλλά
1328 2544 1418 2598 καὶ
1472 2548 1580 2599 τῶν
1641 2543 1836 2618 ἒτέρων

198 2627 541 2708 μεταϐολῶν·
573 2634 611 2703 ἡ
646 2632 741 2706 μὲν
795 2633 899 2707 γὰρ
959 2628 1164 2708 γένεσις
1222 2632 1282 2688 ἐκ
1333 2636 1431 2688 τοῦ
1465 2634 1542 2707 μὴ
1574 2627 1730 2694 ὄντος
1760 2632 1836 2694 εἷς

190 2723 257 2777 τὸ
310 2719 368 2776 θν
401 2721 627 2797 γίνεται,
658 2723 694 2792 ἡ
728 2718 787 2776 δὲ
842 2722 1018 2800 φθορά
1073 2721 1135 2777 ἐκ
1187 2725 1286 2778 τοῦ
1334 2718 1488 2785 ὄντος
1532 2722 1609 2785 εἷς
1638 2722 1701 2776 τὸ
1761 2722 1836 2795 μή

196 2806 279 2865 ὅν·
310 2813 347 2881 ἡ
403 2807 623 2882 αὔξησις
679 2809 739 2866 ἐκ
791 2815 887 2865 τοῦ
943 2816 1140 2889 μικροῦ
1209 2811 1284 2873 εἷς
1338 2813 1401 2867 τὸ
1463 2810 1618 2887 μέγα·
1665 2811 1755 2866 καὶ
1802 2813 1839 2880 ἡ

198 2899 402 2979 φθίσις,
456 2897 629 2955 εἷ’τουν
688 2902 725 2969 ἡ
788 2900 1034 2974 μείωσις,
1094 2900 1154 2956 ἐκ
1207 2905 1305 2956 τοῦ
1366 2901 1613 2975 μείζονος
1646 2900 1724 2962 εἷς
1779 2900 1842 2955 τὸ

1955 2899 2177 2967 suevit;
2210 2901 2609 2973 augmentatio
2639 2917 2708 2957 ex
2736 2917 2913 2973 parvo
2943 2900 3007 2958 in
3035 2916 3319 2974 magnum
3343 2923 3358 2972 ;
3400 2903 3597 2958 decre-

195 2987 443 3044 ἕλαττοψ
484 2991 521 3059 ἡ
577 2987 879 3053 ἀλλοίωσις
935 2989 995 3045 ἐκ
1048 2994 1155 3045 τῶν
1215 2989 1465 3046 ἐναντίων
1524 2992 1706 3046 παθῶν
1765 2989 1842 3052 εἷς

1955 2988 2032 3045 tio
2060 3005 2163 3044 seu
2206 2989 2517 3045 diminutio
2565 3007 2635 3046 ex
2682 2992 2904 3062 majore
2931 2992 3004 3047 ad
3053 2991 3292 3064 minus;
3332 2991 3596 3049 alteratio

196 3077 466 3134 τάναντία’
525 3077 615 3133 καὶ
674 3080 710 3149 ἡ
768 3078 852 3133 ἐπ’
906 3078 1108 3142 εὐθείας
1166 3079 1306 3158 φορά
1352 3080 1412 3134 ἐκ
1438 3084 1545 3135 τῶν
1593 3078 1842 3135 ἐναντίων

1955 3094 2023 3133 ex
2067 3077 2377 3134 contrariis
2426 3078 2801 3150 passionibus
2841 3080 2902 3135 in
2947 3081 3305 3149 contrarias;
3356 3085 3414 3137 et
3458 3079 3599 3137 latio

199 3166 384 3223 τόπων
444 3166 521 3229 εἷς
575 3167 704 3230 τοὺς
760 3166 1051 3231 ἐναντίους·
1086 3167 1145 3223 ἐκ
1171 3172 1268 3223 τοῦ
1315 3169 1427 3224 ἄνω
1477 3169 1555 3231 εἷς
1582 3169 1645 3224 τὸ
1674 3169 1842 3223 κάτω’

1956 3166 2282 3223 secundum
2328 3170 2549 3223 rectam
2594 3168 2812 3224 lineam
2861 3185 2930 3224 ex
2984 3168 3128 3226 locis
3173 3169 3482 3226 contrariis
3537 3168 3600 3225 in

202 3255 264 3311 ἐκ
290 3260 389 3311 τοῦ
418 3252 716 3331 ἔμπροσθεν
750 3256 827 3320 είς
855 3254 1163 3321 τοῦπισθεν·
1200 3256 1260 3312 ἐκ
1284 3262 1393 3313 τῶν
1439 3255 1625 3329 δεξιῶν
1675 3257 1753 3319 εὶς
1781 3259 1842 3312 τὰ

1957 3255 2268 3324 contraria,
2298 3272 2369 3312 ex
2414 3272 2627 3329 supero
2656 3256 2717 3312 in
2764 3257 3084 3325 infernum,
3125 3275 3195 3314 ex
3222 3258 3512 3316 anteriore
3539 3257 3602 3314 in

204 3346 479 3421 ἀριστερα,
509 3345 600 3401 καὶ
660 3343 945 3403 ἀνάπαλιν.
1006 3346 1155 3402 Ἐπεὶ
1209 3351 1338 3423 γοῦν
1399 3348 1456 3402 αἱ
1512 3344 1702 3402 λοιπαί
1743 3350 1842 3401 πᾶ-

1963 3345 2365 3417 posteriorem,
2397 3362 2468 3401 ex
2509 3346 2708 3402 dextro
2757 3346 2818 3403 in
2849 3346 3159 3403 sinistrum
3202 3351 3263 3404 et
3289 3350 3492 3404 contra
3534 3348 3603 3402 ⁸⁸.
3646 3374 3647 3377 η

201 3454 291 3489 σαι
350 3435 591 3505 κινήσεις
645 3433 696 3506 ἐξ
753 3434 1132 3509 ἀντικειμένων
1206 3434 1283 3498 εἲς
1352 3435 1693 3510 ἀντικείμενα
1765 3456 1851 3510 γι-

200 3543 407 3596 νονται,
441 3519 733 3602 διαφόρους
762 3523 937 3601 ἀρχὰς
965 3519 1190 3600 ἔχουσαι
1246 3524 1338 3579 xui
1391 3524 1525 3596 τέλη
1595 3522 1847 3603 διάφορα,

203 3616 447 3688 συνεχεῖς
507 3611 605 3668 οὐκ
662 3612 722 3668 ἂν
770 3612 872 3668 εἶεν
928 3611 1140 3669 διόλου.
1194 3615 1441 3690 Συνεχής
1495 3614 1600 3690 γάρ
1659 3610 1850 3669 διόλου

200 3700 415 3772 κίνησίς
487 3700 628 3757 ἐστιν
702 3703 739 3772 ἡ
815 3700 1076 3777 γινομένη
1156 3704 1387 3758 πάντοτε
1451 3705 1486 3773 ἡ
1543 3703 1703 3777 αὐτὴ,
1760 3703 1851 3758 καὶ

199 3790 371 3867 πέρας
428 3788 717 3866 ἀναγκαῖον
794 3791 871 3864 μή
940 3788 1163 3866 ἔχουσα.
1222 3792 1286 3846 Ἦ
1341 3789 1399 3845 δὲ
1458 3792 1532 3866 μὴ
1592 3790 1850 3866 γινομένη

198 3878 437 3935 πάντοτε
491 3881 526 3949 ἡ
577 3877 736 3949 αὐτὴ,
785 3878 876 3933 καὶ
942 3876 1032 3933 διὰ
1100 3883 1259 3935 τοῦτο
1334 3883 1646 3935 καταντῶσα
1716 3881 1852 3954 πρὸς

202 3970 431 4044 πέρατα,
487 3968 725 4044 ἀνάγκην
809 3964 927 4043 ἔχει
1012 3968 1147 4023 κατά
1202 3969 1271 4023 τὰ
1344 3970 1548 4046 πέρατα
1602 3970 1851 4046 ἠρεμεῖν.

1958 3434 2245 3498 Quoniam
2273 3434 2455 3507 igitur
2473 3436 2542 3471 ⁸³*
2566 3435 2756 3492 caeteri
2783 3453 2988 3493 omnes
3005 3440 3200 3493 motus
3216 3452 3288 3493 ex
3315 3435 3599 3510 oppositis

1961 3522 2022 3578 in
2052 3523 2320 3596 opposita
2347 3524 2517 3594 ﬁunt,
2549 3540 2683 3580 cum
2704 3524 2932 3581 diversa
2949 3524 3238 3598 principia
3262 3528 3320 3582 et
3340 3524 3600 3581 diversos

1962 3612 2108 3668 ﬁnes
2160 3612 2452 3680 habeant;
2501 3613 2764 3669 continui
2794 3615 2897 3669 ϐυ
2926 3630 3030 3687 per
3076 3614 3275 3670 omnia
3324 3629 3454 3671 esse
3482 3628 3601 3670 non

1961 3705 2228 3774 possunt.
2253 3701 2579 3758 Continuus
2595 3703 2752 3758 enim
2774 3720 2877 3776 per
2899 3703 3099 3759 omnia
3135 3707 3332 3760 motus
3353 3706 3461 3773 est,
3498 3702 3603 3775 qui

1962 3806 2195 3863 semper
2238 3791 2395 3846 idem
2443 3795 2551 3859 est,
2582 3795 2641 3847 et
2684 3792 3001 3848 terminum
3050 3792 3447 3849 necessarium
3486 3808 3605 3849 non

1962 3880 2159 3936 habet.
2192 3879 2303 3944 Qui
2331 3883 2530 3935 autem
2576 3880 2734 3937 idem
2767 3897 3000 3953 semper
3044 3898 3162 3937 non
3191 3886 3280 3938 est
3308 3882 3375 3950 ⁷ο,
3407 3884 3466 3938 et
3493 3881 3605 3938 hac

1965 3969 2037 4024 de
2066 3984 2246 4025 causa
2275 3969 2348 4024 ad
2396 3969 2679 4025 terminos
2724 3970 2964 4025 tandem
3012 3970 3295 4042 pervenit,
3327 3970 3424 4027 hic
3453 3970 3611 4026 circa

207 4059 506 4135 Ἦρεμήσει
533 4057 712 4113 τοίνυν
753 4056 805 4113 ἐν
854 4061 934 4130 τῷ
980 4059 1338 4133 ὢτικειμένῳ
1395 4059 1457 4113 τὸ
1513 4057 1842 4131 κινούμενονἶ

1964 4059 2248 4114 terminos
2276 4057 2606 4114 necessario
2647 4058 2916 4130 quiescit.
2948 4060 3311 4132 Quapropter
3337 4059 3399 4116 in
3429 4075 3613 4132 oppo-

207 4147 302 4203 xui
359 4145 534 4209 οὕτως
590 4146 666 4208 εἷς
718 4146 783 4200 τὸ
835 4145 1198 4221 ἀντικείμενον
1249 4145 1543 4221 ἐλεύσεται,
1577 4148 1842 4211 κάντεῦθεκ

1967 4147 2079 4203 sito
2104 4146 2366 4219 quiescet
2392 4147 2452 4203 id
2483 4148 2640 4220 quod
2670 4152 2953 4221 movetur,
2976 4153 3035 4205 et
3062 4149 3146 4205 ita
3168 4150 3242 4205 ad
3273 4147 3610 4221 oppositum

209 4238 247 4305 ἡ
276 4236 376 4304 τῆς
407 4237 670 4307 κινήσεως
708 4235 962 4311 συνέχεια
999 4233 1405 4309 διακοπήσεται.
1438 4238 1508 4292 Τὸ
1567 4235 1625 4292 δὲ
1669 4236 1842 4310 κύκλα

1968 4236 2300 4309 perveniet;
2347 4235 2604 4309 hincque
2649 4241 2845 4313 motus
2894 4237 3252 4294 continuitas
3297 4237 3611 4294 incidetur.

211 4322 513 4403 φερόμενον
598 4323 707 4400 οὐχ
785 4320 889 4395 ἕξει
970 4324 1206 4402 ἀνάγκην
1262 4327 1556 4402 ἠρεμῆσαι,
1610 4327 1710 4396 τὴν
1760 4325 1842 4381 αὐ·

1969 4325 2135 4392 Quod
2182 4329 2380 4383 autem
2428 4325 2788 4383 circulariter
2834 4330 3118 4397 movetur,
3165 4343 3302 4383 cum
3332 4325 3614 4395 eamdem

208 4416 316 4485 τήν
347 4410 471 4468 ὁδὸν
500 4418 738 4490 συνεῖρον
767 4412 849 4469 ἀεὶ
877 4414 969 4470 καὶ
998 4414 1294 4494 φερόμενον
1325 4414 1414 4471 ἐπὶ
1441 4414 1628 4473 ταυτά.

1971 4431 2206 4488 semper
2231 4415 2387 4471 viam
2418 4415 2708 4485 conﬁciat,
2727 4420 2786 4473 et
2806 4417 2880 4473 ad
2908 4417 3112 4473 eadem
3141 4416 3380 4485 feratur,
3412 4429 3613 4472 neces-

1973 4504 2126 4561 sario
2156 4520 2273 4560 non
2304 4505 2585 4578 quiescet.

288 4612 346 4660 η.
380 4586 559 4645 ’Ἄλλο
612 4586 671 4643 δέ
727 4587 866 4645 ἐστιν
925 4588 1151 4666 ἠρεμία,
1182 4591 1273 4646 καὶ
1304 4588 1445 4647 ἄλλο
1494 4592 1660 4669 πέρας
1713 4593 1835 4663 κινή

2043 4594 2099 4648 8.
2129 4592 2415 4649 Caeterum
2441 4593 2600 4650 aliud
2633 4595 2820 4665 quies,
2853 4598 2910 4650 et
2939 4593 3099 4651 aliud
3138 4597 3332 4651 motus
3361 4597 3453 4651 est
3481 4592 3618 4650 ﬁnis

214 4698 353 4751 σεως
409 4676 498 4732 καὶ
554 4677 724 4753 ἀρχή.
757 4678 820 4732 Ἡ
879 4678 974 4751 μὲν
1028 4680 1131 4756 γὰρ
1161 4678 1367 4756 ἠρεμία
1395 4679 1629 4735 ἀπουσία
1656 4680 1842 4757 τυγχά

1975 4687 2154 4755 atque
2184 4682 2561 4755 principium.
2594 4681 2767 4749 Quies
2797 4682 2955 4739 enim
2986 4688 3076 4739 est
3104 4687 3302 4739 motus
3331 4681 3616 4753 absentia,

215 4790 295 4825 νει
354 4768 644 4840 κινήσεως,
702 4766 753 4821 ἐν
810 4766 1102 4842 παρατάσει
1187 4769 1534 4845 θεωρουμὲνη
1592 4770 1717 4842 τινὶ,
1779 4767 1842 4824 διε

1976 4789 2105 4844 quae
2136 4771 2197 4827 in
2244 4771 2578 4828 extensione
2623 4772 2878 4845 quadam
2926 4772 3350 4845 consideratur,
3380 4774 3439 4828 et
3486 4787 3620 4843 pro-

214 4860 380 4912 τοῦτο
435 4853 525 4910 καί
573 4853 817 4931 διαιρετή
850 4856 1086 4932 καθάπερ
1117 4859 1152 4926 ἡ
1185 4857 1420 4930 κίνησις.
1451 4860 1527 4916 Τὸ
1586 4855 1644 4913 8‘5
1701 4858 1840 4935 πέρα

1978 4865 2177 4934 pterea
2216 4861 2492 4917 divisioni
2544 4861 2879 4932 subjicitur,
2914 4861 3067 4917 sicut
3110 4864 3168 4917 et
3210 4864 3427 4917 motus.
3459 4859 3621 4916 Finis

217 4945 313 5000 xui
343 4947 378 5015 ἡ
413 4944 561 5021 ἀρχὴ
617 4951 719 5015 τῆς
764 4946 1030 5015 κινήσεως
1062 4945 1113 5000 ἐν
1143 4947 1214 5019 τῇ
1268 4949 1474 5018 κινήσει
1536 4947 1638 5003 sici
1703 4945 1842 5021 μηδε

1981 4953 2180 5005 autem
2209 4953 2266 5005 et
2286 4949 2643 5021 principium
2674 4954 2871 5006 motus
2894 4950 2954 5005 in
2989 4953 3151 5005 motu
3174 4955 3334 5016 sunt,
3365 4952 3432 5005 ut
3460 4947 3627 5005 nulla

225 5039 355 5109 μιᾶς
417 5034 716 5109 μετέχοντα
778 5035 1149 5110 παρατάσεως·
1212 5034 1328 5091 ὅθεν
1400 5037 1491 5091 xui
1578 5034 1842 5113 ἀδιαίρετα

1981 5038 2318 5095 extensione
2368 5038 2841 5107 communicent;
2893 5039 3047 5094 unde
3093 5039 3270 5095 etiam
3320 5036 3627 5095 divisionis

224 5123 322 5178 Διὸ
380 5123 469 5178 καὶ
505 5124 568 5178 τὸ
597 5124 822 5199 ἠρεμεῖν
856 5122 908 5178 ἐν
940 5128 1175 5200 χρονικῇ
1231 5126 1524 5202 παρατάσει
1577 5125 1686 5181 ἐστὶ
1740 5147 1838 5182 κατ

1984 5131 2125 5183 sunt
2152 5128 2426 5199 expertia.
2458 5128 2823 5200 QuaprOpter
2868 5129 3045 5183 etiam
3096 5128 3293 5200 ipsum
3326 5127 3626 5199 quiescere

225 5212 327 5281 τὴν
383 5211 613 5286 ἠρεμίαν
673 5210 754 5285 ὃν,
787 5210 968 5288 ὥσπερ
1025 5213 1160 5268 κατά
1211 5214 1312 5283 τὴν
1367 5213 1578 5284 κίνησιν
1627 5215 1690 5270 τὸ
1718 5221 1842 5270 κινεῖ

1985 5216 2046 5272 in
2068 5215 2376 5289 temporali
2398 5216 2733 5272 extensione
2748 5221 2998 5283 est,cum
3022 5217 3348 5274 secundum
3372 5216 3631 5289 quietem

228 5304 372 5372 σθαι,
428 5302 492 5355 τὸ
568 5298 830 5369 ἵστασθαι,
889 5301 978 5356 καὶ
1048 5302 1112 5357 τὸ
1187 5304 1557 5379 ἠρεμίζεσθαι.
1613 5306 1842 5360 Κινεῖσθο

1987 5305 2102 5374 sit;
2136 5305 2378 5378 perinde
2409 5309 2476 5361 ut
2520 5306 2845 5361 secundum
2890 5310 3119 5363 motum
3165 5309 3255 5362 est
3302 5306 3543 5374 moveri,
3575 5308 3633 5361 et

228 5390 336 5467 γάρ
395 5389 506 5445 ἐστι
562 5390 652 5445 καὶ
708 5390 772 5445 τὸ
820 5387 1063 5445 ἵστασθαι
1121 5391 1212 5447 xui
1264 5393 1326 5447 τὸ
1384 5392 1758 5469 ἡρεμίζεσθαι.
1809 5400 1842 5447 Τ

1990 5395 2140 5464 sisti,
2173 5398 2231 5451 et
2282 5395 2356 5451 ad
2405 5394 2662 5466 quietem
2713 5397 3081 5452 contendere.
3114 5395 3343 5453 Etenim
3391 5399 3450 5452 et
3481 5394 3635 5464 sisti,

234 5481 332 5556 μὲν
361 5480 466 5556 γάρ
497 5477 637 5535 ἐστιν
672 5478 761 5533 ἐπὶ
809 5478 989 5535 στάσιν
1030 5478 1257 5555 ὁδεύειν,
1287 5483 1349 5537 τὸ
1383 5479 1430 5536 δ’
1486 5481 1567 5538 ἐπ’
1626 5483 1842 5557 ἠρεμίας

1991 5488 2048 5540 et
2111 5484 2184 5539 ad
2248 5483 2504 5555 quietem
2583 5486 2931 5542 contendere
3014 5486 3232 5543 moveri
3299 5489 3410 5542 est.
3486 5483 3635 5541 Illud

308 5715 417 5791 “:8
442 5715 702 5791 Rhyae.
726 5717 814 5791 β,
845 5719 889 5773 t.
919 5717 1128 5791 75._66
1157 5716 1192 5769 8
1219 5715 1496 5791 Physica
1518 5716 1605 5791 l_2_,
1636 5719 1680 5772 t.
1711 5715 1842 5791 64,;

1955 5757 1964 5771 .
1995 5717 2082 5791 ᾧ,
2112 5719 2157 5773 t.
2180 5716 2277 5791 _7_5:
2314 5716 2396 5791 _‘f7
2426 5718 2461 5771 8
2489 5716 2667 5791 Phys.
2703 5734 2754 5773 ο.
2788 5718 2875 5785 13,
2902 5722 2945 5776 t.
2975 5719 3068 5777 75.
3142 5716 3190 5756 ⁸⁸
3216 5720 3249 5774 8
3282 5718 3454 5791 Phys.
3483 5719 3529 5772 t.
3551 5715 3647 5784 11,

238 5791 284 5846 t.
315 5786 407 5857 62,
432 5786 552 5842 63.’
598 5788 645 5822 ⁸ο
671 5789 706 5842 8
733 5788 907 5861 Phys.
933 5804 981 5843 ο.
1018 5788 1104 5859 12,
1134 5791 1178 5842 t.
1209 5786 1326 5844 64f
1372 5787 1443 5823 ‘9'
1469 5786 1697 5862 8Phys.
1734 5804 1785 5847 ο.
1818 5788 1842 5844 1

1955 5805 1984 5848 ;.
2011 5788 2102 5848 76.
2179 5788 2224 5825 ⁷ο
2250 5788 2286 5844 8
2314 5787 2490 5864 Phys.
2522 5786 2707 5864 c.'12,
2731 5793 2776 5848 ι.
2809 5790 2901 5848 64.

525 5914 793 5980 Ριτεοι..
841 5914 954 5980 Gn.
998 5913 1226 5981 CXLII.

2670 5969 2675 5975 .
3288 5917 3366 5981 34
