4024 6472
457 479 611 538 1067

1683 469 2107 536 NICEPHORI
2151 468 2589 531 BLEMMIDE

3699 467 3881 534 1068

455 610 613 665 enim
657 613 746 665 est
791 607 863 664 ad
925 611 1173 673 statum,
1222 608 1330 663 hoc
1381 609 1451 664 ad
1496 608 1751 679 quietem
1804 602 2075 679 progredi

2210 600 2308 654 Λιὸ
2354 601 2527 655 πάντα
2573 604 2743 655 ταῦτα
2783 599 3080 676 παράτασιν
3130 601 3395 676 χρονικὴν
3465 601 3871 675 ὑπομένουσιν,

456 699 818 769 Quapropter
865 696 1063 751 omnia
1110 696 1230 751 haec
1270 697 1653 768 temporalem
1699 694 2094 751 extensionem

454 786 551 841 Ol
583 784 878 841 sustinent
898 786 990 852 70',
1017 786 1514 856 quemadmodum
1529 788 1587 840 et
1604 783 1800 858 ipsum
1830 784 2092 857 generari

454 878 514 930 et
552 873 870 945 corrumpi,
900 878 958 929 et
1003 874 1210 941 vivere,
1244 878 1301 929 et
1348 877 1516 942 mori,
1549 878 1609 930 et
1655 891 1784 946 quea
1832 874 1927 929 his
1955 875 2096 928 sunt

455 961 691 1019 similia.
724 964 797 1017 At
842 979 977 1018 vero
1004 963 1201 1035 ipsum
1229 967 1455 1018 motum
1502 979 1652 1035 esse,
1684 966 1742 1019 et
1786 962 2094 1033 institisse,

455 1056 516 1107 et
555 1051 868 1123 quievisse,
899 1057 957 1108 et
986 1056 1326 1125 generatum
1357 1057 1818 1124 corruptumque
1865 1067 2016 1119 esse,
2037 1054 2095 1106 et

453 1140 668 1197 vixisse
690 1145 749 1196 et
787 1145 1087 1195 mortuum
1120 1141 1321 1207 fuisse,
1354 1146 1412 1196 et
1458 1158 1585 1212 quae
1617 1144 1757 1196 sunt
1786 1139 1966 1210 hujus
1995 1154 2092 1210 ge-

454 1230 634 1297 neris,
664 1229 887 1285 nullam
934 1230 1331 1286 extensionem
1386 1230 1654 1285 tolerant.
1688 1230 1813 1283 Non
1844 1228 2001 1283 enim
2034 1228 2089 1281 in

449 1322 715 1392 tempore
735 1319 1136 1392 perﬁciuntur,
1155 1320 1253 1375 sed
1284 1318 1344 1373 in
1365 1320 1645 1391 temporis
1672 1318 1943 1387 termino,
1958 1333 2092 1372 cum

449 1411 715 1464 motuum
746 1408 983 1464 termini
1017 1409 1139 1464 sint
1167 1412 1225 1464 et
1252 1407 1488 1477 limites,
1521 1412 1578 1463 et
1606 1424 1675 1463 ea
1698 1407 1769 1462 de
1798 1423 1978 1463 causa
2005 1405 2093 1460 di—

448 1496 671 1553 visione
693 1497 852 1552 omni
881 1501 1108 1553 vacent.

519 1586 574 1640 9.
606 1588 971 1658 Quapropter
1011 1586 1187 1642 etiam
1225 1589 1460 1658 tempus
1504 1585 1564 1641 in
1596 1602 1710 1657 quo
1758 1602 1851 1640 res
1881 1600 2093 1656 quam-

450 1691 681 1748 cunque
706 1674 1091 1730 mutationem
1115 1674 1353 1730 subibat
1375 1691 1509 1730 cum
1530 1691 1597 1731 eo
1618 1675 1678 1730 in
1700 1690 1817 1747 quo
1847 1674 2092 1728 mutatio

452 1762 721 1819 absoluta
749 1767 856 1830 est,
889 1780 1004 1818 non
1052 1767 1143 1819 est
1172 1764 1365 1834 majus
1395 1779 1461 1819 eo
1510 1764 1567 1817 in
1600 1780 1715 1835 quo
1745 1761 1870 1818 solo
1901 1766 2092 1817 muta-

450 1852 670 1907 tionem
719 1852 989 1917 subibat;
1038 1851 1512 1924 quandoquidem
1563 1868 1677 1907 non
1726 1851 1786 1906 in
1832 1856 2093 1923 tempore

2204 688 2383 766 ὥσπερ
2448 690 2537 745 καὶ
2597 692 2660 746 τὸ
2707 691 2944 767 γίνεσθαι
3011 690 3101 746 καὶ
3146 695 3211 746 τὸ
3261 691 3592 770 φθείρεσθαι,
3644 692 3744 748 καὶ
3801 695 3869 749 τό

2206 782 2300 851 ζῇν
2349 778 2439 834 καὶ
2494 782 2559 835 τὸ
2628 781 2900 851 θνήσκειν,
2948 780 3040 835 καὶ
3104 779 3203 835 ὅσα
3266 780 3482 844 τούτοις
3548 782 3867 859 παρόμοια.

2201 867 2272 921 Τὸ
2321 865 2379 922 δὲ
2441 870 2776 941 κεκινῆσθαι,
2823 868 2915 923 καὶ
2971 868 3035 924 τὸ
3098 868 3331 942 ἑστάναι,
3379 870 3469 925 καὶ
3521 870 3586 926 τὸ
3636 872 3866 947 ἠρεμη-

2200 955 2367 1029 κέναι,
2441 959 2504 1012 τὸ
2604 956 2908 1033 γενέσθαιτε
2992 958 3083 1013 καὶ
3165 957 3447 1037 ἐφθάρθαι,
3512 959 3605 1015 καὶ
3697 966 3868 1031 ζῆσαι

2200 1045 2290 1099 καὶ
2357 1051 2557 1117 θανεῖν,
2625 1046 2715 1101 καὶ
2782 1048 2851 1101 τὰ
2910 1051 3136 1102 τοιαῦτα
3207 1045 3465 1121 οὐδεμίαν
3532 1053 3868 1126 καρτεροῦσι

2202 1136 2515 1207 παράτασιν·
2588 1135 2649 1189 οὐ
2711 1136 2815 1211 γάρ
2879 1134 2931 1189 ἐν
2995 1135 3183 1211 χρόνῳ
3249 1134 3662 1209 ἀποτελοῦνται,
3735 1136 3867 1194 ἀλλ’

2202 1222 2254 1276 ἐν
2338 1223 2526 1299 πέρατι
2610 1224 2815 1299 χρόνου
2899 1223 3104 1300 πέρατα
3191 1228 3453 1296 κινήσεων
3539 1221 3672 1281 ὄντα
3770 1226 3865 1281 καὶ

2202 1315 2432 1383 καταντή
2443 1333 2604 1385 ματα,
2634 1313 2722 1368 καὶ
2750 1311 2838 1368 διὰ
2863 1318 3026 1369 τοῦτο
3053 1315 3116 1368 τὸ
3147 1312 3374 1369 σύνολον
3405 1315 3603 1391 ἀμερῆ.

2273 1582 2334 1643 θ’.
2369 1580 2464 1635 Διὸ
2495 1581 2585 1635 καὶ
2612 1581 2641 1634 ὁ
2685 1580 2887 1657 χρόνος
2931 1581 2983 1636 ἐν
3023 1582 3071 1653 ᾧ
3116 1583 3217 1651 τὴν
3267 1583 3559 1638 ὁποιανοῦν
3615 1578 3857 1657 μεταϐο-

2202 1667 2304 1737 λὴν
2346 1671 2410 1723 τὸ
2476 1674 2701 1745 πρᾶγμα
2758 1664 3043 1742 μετέϐαλε,
3098 1671 3233 1743 μετὰ
3276 1675 3373 1725 τοῦ
3420 1670 3472 1725 έν
3516 1672 3563 1739 ᾦ
3617 1667 3853 1745 μεταϐέ-

2201 1752 2423 1831 ϐληκεν,
2456 1758 2556 1813 οὐκ
2601 1758 2712 1814 ἔστι
2767 1759 2962 1832 μείζων
3014 1765 3113 1814 τοῦ
3162 1760 3216 1815 ἐν
3260 1761 3307 1833 ᾧ
3350 1755 3615 1834 μετέϐαλε
3657 1762 3852 1836 μόνου⁸

2203 1842 2341 1901 διότι
2373 1846 2473 1902 οὐκ
2505 1846 2556 1902 έν
2607 1847 2795 1924 χρόνῳ
2848 1844 3275 1922 μεταϐέϐληκεν,
3301 1848 3430 1905 ἀλλ’
3461 1850 3514 1905 ὲν
3564 1850 3612 1922 ᾧ
3656 1851 3857 1926 πέρατι

451 1940 697 1995 mutatio
727 1939 997 1996 absoluta
1027 1940 1160 2008 fuit,
1192 1940 1293 1995 sed
1326 1941 1385 1995 in
1434 1940 1684 1995 termino
1714 1941 1843 2013 ejus
1872 1945 2077 2012 tempo.

2199 1940 2298 2041 136
2346 1937 2397 1991 ἐν
2441 1935 2488 2009 ᾧ
2542 1931 2805 2010 μετέϐαλε
2853 1938 3079 2041 χρόνου.
3110 1939 3182 2041 3‘6
3231 1935 3290 1994 δὲ
3329 1940 3497 2016 πέρας
3527 1937 3737 1995 ἄποσον
3772 1941 3856 2011 ὃν,

448 2029 531 2087 ris
559 2046 675 2100 quo
703 2028 1085 2085 mutationem
1108 2029 1362 2086 subibat.
1388 2029 1699 2085 Terminus
1728 2033 1924 2084 autem
1954 2044 2087 2083 cum

444 2118 791 2189 quantitatis
821 2118 898 2173 sit
916 2134 1120 2189 expers
1145 2135 1159 2186 ;
1185 2133 1373 2189 neque
1394 2118 1445 2173 si
1476 2118 1833 2190 adjungatur
1861 2118 1960 2185 [rei
1991 2117 2091 2172 ali-

441 2206 581 2278 cui],
612 2211 807 2279 auget,
840 2223 1031 2279 neque
1059 2206 1110 2261 si
1164 2206 1566 2272 subtrahatur,
1608 2207 1842 2261 minuit.
1877 2210 2087 2274 Quem-

442 2295 762 2353 admodum
786 2295 967 2368 igitur
985 2295 1150 2351 lineaa
1180 2295 1470 2351 terminus
1492 2300 1549 2350 et
1573 2296 1927 2367 principium
1950 2300 2090 2351 sunt

440 2388 659 2456 puncta
689 2384 1118 2457 magnitudinis
1150 2388 1207 2439 et
1236 2383 1544 2439 divisionis
1574 2385 1852 2457 expertia,
1884 2385 2087 2440 eodem

441 2472 616 2529 modo
647 2473 823 2528 etiam
850 2477 1046 2528 motus
1091 2488 1263 2528 omne
1310 2473 1667 2545 principium
1716 2478 1773 2528 et
1800 2472 2089 2529 terminus

444 2560 660 2628 omnis,
691 2560 957 2632 partibus
987 2564 1044 2615 et
1063 2560 1349 2616 divisione
1379 2565 1596 2616 carent.
1625 2563 1751 2616 Haec
1782 2566 1976 2617 autem
2008 2581 2089 2614 κι-

443 2648 681 2720 νήματα,
728 2655 793 2704 ut
836 2648 1016 2721 aliqui
1066 2654 1319 2721 vertunt,
1371 2654 1615 2718 mutata,
1665 2655 1962 2705 vocantur.
2023 2651 2090 2705 Et

446 2736 599 2793 sicut
630 2737 783 2793 linea
810 2753 912 2809 per
940 2742 1160 2809 puncta
1205 2742 1455 2806 secatur,
1488 2739 1589 2795 62
1620 2742 1675 2794 et
1704 2743 1988 2811 punctum
2017 2740 2089 2795 de

446 2824 601 2881 linea
631 2825 776 2881 nihil
816 2824 1070 2881 detrahit
1102 2842 1115 2881 :
1148 2826 1231 2881 ita
1260 2830 1316 2881 et
1362 2831 1557 2882 motus
1592 2842 1694 2897 per
1719 2827 1786 2879 τὰ
1814 2828 2088 2899 κινήματα

442 2914 742 2983 dividitur,
774 2931 878 2969 nec
924 2914 1131 2985 κίνημα
1171 2916 1242 2971 de
1285 2919 1445 2970 motu
1495 2915 1821 2987 quidquam
1852 2918 2085 2990 accipit.

516 3005 601 3060 10.
634 3004 702 3058 Et
734 3003 887 3058 sicut
916 3003 1148 3058 inﬁnita
1177 3008 1332 3058 recta
1380 3002 1534 3059 linea
1564 3003 1807 3058 inveniri
1839 3022 1951 3061 non
1985 3025 2085 3078 po-

440 3095 556 3148 test
583 3092 841 3164 (omnem
873 3092 1031 3147 enim
1062 3096 1280 3148 rectam
1304 3091 1504 3164 prima;
1536 3093 1774 3164 sphazrae
1804 3094 2088 3152 diameter

437 3181 843 3253 magnitudine
890 3185 1151 3253 superat,
1210 3197 1336 3252 quae
1399 3180 1696 3236 evidenter
1738 3182 1904 3238 ﬁnita
1950 3184 2083 3256 est),

435 3269 518 3325 ita
548 3286 737 3343 neque
766 3287 944 3343 super
992 3273 1149 3325 recta
1177 3268 1331 3325 linea
1379 3274 1574 3326 motus
1605 3270 1759 3327 ullus
1810 3271 2077 3329 inﬁnitus

2200 2022 2324 2080 οὔτε
2369 2024 2792 2101 προστιθέμενον
2860 2022 3029 2097 αὔξει,
3077 2023 3191 2081 οὔτ’
3248 2024 3315 2081 αὖ
3371 2032 3521 2100 μειοῖ
3581 2026 3856 2105 ἀφαιρού-

2202 2135 2381 2188 μενον.
2428 2113 2676 2190 Καθάπερ
2727 2112 2819 2169 οὗν
2858 2122 2960 2185 τῆς
3014 2122 3281 2192 γραμμῆς
3326 2117 3391 2171 τὸ
3438 2116 3606 2192 πέρας
3662 2118 3761 2172 καὶ
3818 2119 3855 2187 ὴ

2196 2203 2343 2279 ἀρχὴ
2396 2202 2598 2277 σημεῖά
2672 2202 2813 2258 ἐστιν
2881 2203 3116 2280 ἀμεγέθη
3164 2204 3253 2260 καὶ
3298 2202 3497 2278 ἄτομα·
3545 2206 3639 2260 τὸν
3684 2206 3853 2261 αὐτὸν

2195 2292 2395 2369 τρόπον
2443 2293 2533 2346 καὶ
2579 2294 2676 2361 τῆς
2721 2295 2987 2363 κινήσεως
3043 2293 3193 2369 ἀρχῆ
3235 2300 3379 2349 πᾶσα
3424 2295 3514 2349 καὶ
3562 2296 3703 2349 ἅπαν
3750 2296 3851 2351 πέ-

2198 2401 2293 2455 ρας
2364 2382 2539 2455 ἀμερῆ
2611 2402 2728 2436 τινα
2786 2382 2875 2436 καὶ
2943 2380 3219 2456 ἀδιαίρετά
3266 2382 3390 2439 εἶσι.
3434 2380 3740 2439 Καλοῦνται
3794 2382 3853 2439 δὲ

2193 2475 2361 2525 ταῦτα
2427 2472 2723 2543 κινήματα.
2783 2472 2883 2525 Καὶ
2959 2470 3141 2548 ὥσπερ
3197 2475 3232 2541 ἡ
3289 2473 3521 2547 γραμμή
3592 2471 3851 2547 τέμνεται

2194 2558 2330 2614 κατά
2374 2558 2441 2612 τά
2490 2564 2713 2631 σημεῖα,
2743 2559 2833 2613 καὶ
2879 2560 2942 2614 τὸ
2994 2565 3223 2634 σημεῖον
3274 2559 3374 2615 οὐκ
3436 2560 3750 2639 ἀφαιρεῖταί
3795 2583 3854 2616 τι

2194 2654 2295 2717 τῆς
2343 2654 2627 2723 γραμμῆς
2678 2646 2823 2702 οὕτω
2871 2647 2963 2703 καὶ
3009 2652 3044 2718 ἡ
3095 2648 3307 2721 κίνησις
3374 2647 3663 2727 διαιρεῖται
3709 2652 3851 2705 κατά

2196 2736 2304 2810 (τά)
2342 2738 2636 2808 κινήματα,
2687 2736 2777 2790 καὶ
2830 2743 2934 2807 τῆς
2999 2739 3265 2809 κινήσεως
3313 2734 3467 2793 οὐδὲν
3520 2734 3851 2812 ἀπολαμϐάο

2193 2845 2272 2879 νει
2304 2823 2366 2878 τὸ
2394 2822 2516 2894 κίνη
2528 2844 2621 2897 μα.

2268 3002 2317 3054 ι’.
2354 3001 2449 3054 Καὶ
2494 2999 2673 3077 ὥσπερ
2726 3000 2825 3055 οὐκ
2886 2999 3027 3057 ἔστιν
3104 3003 3275 3079 εὑρεῖν
3347 2999 3569 3079 ἄπειρον
3633 3003 3848 3059 εὐθεῖαν

2192 3090 2457 3164 γραμμήν
2506 3090 2729 3164 (μείζων
2778 3089 2879 3167 γὰρ
2926 3089 3137 3162 ἀπάσης
3206 3091 3408 3154 εὐθείας
3456 3093 3493 3161 ἠ
3538 3098 3642 3162 τῆς
3690 3094 3849 3169 πρώ-

2190 3199 2291 3249 της
2336 3178 2562 3257 σφαίρας
2612 3176 2923 3255 διάμετρος,
2969 3179 3094 3250 ἥτις
3157 3178 3394 3256 ἐναργῶς
3459 3179 3843 3255 πεπέρασται)·

2192 3267 2364 3329 οὕτως
2448 3264 2559 3322 οὐδ’
2642 3267 2725 3323 ἐπ’
2806 3266 3012 3332 εὐθείας
3092 3267 3306 3338 κίνησις
3391 3266 3618 3343 οὐδεμία
3695 3270 3843 3325 tia-civ

435 3363 544 3415 est.
607 3341 767 3422 Quod
820 3341 977 3413 enim
1042 3361 1085 3394 τί
1145 3375 1323 3430 super
1374 3363 1533 3413 racta
1588 3358 1745 3414 linea
1789 3366 2074 3431 movetur,

2189 3354 2432 3433 ἄπειρος.
2478 3358 2550 3411 Τὸ
2599 3357 2703 3432 γὰρ
2756 3355 2838 3410 ἐπ’
2879 3356 3086 3420 εὐθείας
3132 3356 3452 3431 κινούμενον
3501 3341 3651 3434 εἴπερ
3707 3358 3842 3414 ἀνα-

437 3447 728 3519 siquidem
779 3446 1115 3514 reﬂectitur,
1150 3447 1299 3503 duos
1348 3451 1547 3503 motus
1574 3448 1769 3520 efﬁcit,
1804 3449 2078 3523 deinceps

438 3536 675 3609 quidem
709 3551 771 3592 se
814 3540 1259 3607 consequentes,
1290 3553 1407 3591 non
1435 3541 1634 3591 tamen
1666 3537 1815 3593 inter
1844 3555 1905 3594 se
1935 3556 2077 3596 con-

435 3624 654 3681 tinuos.
700 3625 983 3695 Deinceps
1030 3625 1074 3660 ἰε
1123 3629 1318 3680 autem
1365 3630 1525 3693 sunt,
1554 3625 1707 3681 inter
1754 3644 1880 3699 quas
1935 3628 2076 3684 nihil

432 3712 745 3769 htervenit
773 3714 1039 3783 ejusdem
1069 3714 1319 3785 generis.
1352 3713 1642 3770 Continua
1670 3732 1803 3772 vero
1828 3716 2075 3773 invicem

433 3806 595 3869 sunt,
627 3818 878 3873 quorum
928 3800 1167 3858 alterius
1210 3803 1345 3858 ﬁnis
1389 3807 1479 3858 est
1524 3803 1880 3877 principium
1930 3806 2075 3863 alte-

436 3891 561 3946 rius
584 3892 651 3946 ‘3.
687 3890 955 3946 Continui
986 3890 1168 3963 igitur
1210 3892 1386 3947 etiam
1436 3896 1632 3948 motus
1662 3900 1803 3950 sunt
1830 3896 1893 3962 7‘,
1928 3912 2071 3967 quo-

429 3995 561 4033 rum
591 3979 825 4035 termini
880 3996 1064 4034 unum
1113 3984 1272 4051 sunt,
1307 3998 1440 4036 cum
1472 3986 1530 4036 et
1577 3981 1689 4053 ipsi
1738 3984 1857 4039 sint
1898 3984 2072 4040 unius

428 4068 811 4140 ejusdemque
834 4068 1066 4140 speciei,
1093 4073 1152 4124 et
1171 4068 1311 4125 item
1335 4069 1393 4125 id
1416 4071 1571 4141 quod
1605 4077 1867 4126 movetur
1886 4089 2071 4129 unum

428 4156 706 4228 idemque
757 4157 853 4213 sit.
883 4156 991 4221 Qui
1021 4172 1158 4229 ergo
1206 4162 1402 4213 motus
1429 4159 1581 4213 inter
1619 4174 1681 4214 se
1710 4164 1850 4215 sunt
1894 4162 2071 4217 conti-

429 4245 556 4311 nui,
615 4245 853 4302 omnino
902 4247 1077 4302 etiam
1121 4245 1395 4318 deinceps
1444 4251 1585 4303 sunt
1631 4262 1646 4302 :
1696 4264 1813 4304 non
1870 4254 2069 4308 autem

427 4333 607 4390 etiam
656 4334 755 4406 qui
788 4334 1067 4405 deinceps
1117 4338 1277 4403 sunt,
1310 4333 1464 4390 illico
1510 4334 1666 4391 inter
1715 4353 1777 4392 se
1805 4339 2067 4394 continui

424 4428 586 4480 sunt.
619 4423 781 4489 Quod
809 4423 991 4496 igitur
1008 4440 1185 4496 super
1212 4427 1370 4478 recta
1397 4423 1553 4479 linea
1580 4429 1863 4495 movetur,
1882 4427 2065 4499 siqui-

423 4512 556 4568 dem
589 4512 913 4581 retrocedit,
959 4512 1234 4584 deinceps
1267 4513 1503 4584 quidem
1554 4529 1617 4569 se
1646 4520 2067 4588 consequentes

420 4605 618 4657 motus
651 4601 825 4670 facit;
857 4607 918 4658 at
948 4618 1063 4657 non
1087 4601 1263 4657 etiam
1295 4602 1538 4674 proinde
1559 4604 1889 4660 continuos.
1912 4606 2066 4663 Inter

2185 3446 2442 3518 κάμπτει,
2494 3442 2589 3499 δύο
2662 3447 2905 3516 κινήσεις
2973 3450 3142 3517 ποιεῖ,
3194 3445 3385 3524 ἐφεξῆς
3439 3447 3560 3519 μὲν,
3609 3446 3673 3502 οὐ
3729 3449 3846 3520 μὴν

2186 3540 2429 3610 συνεχεῖς
2460 3531 2761 3604 ἀλλήλαις.
2798 3534 3024 3612 Ἐφεξῆς
3076 3532 3135 3590 δέ
3174 3533 3330 3605 εἶσιν,
3364 3536 3439 3589 ὧν
3487 3535 3587 3591 οὐκ
3634 3533 3745 3591 ἔστι
3788 3558 3846 3592 τι

2186 3624 2436 3699 συγγενὲς
2517 3623 2733 3695 μεταξύ·
2808 3623 2883 3685 ὡς
2951 3622 3145 3702 ἐφεξῆς
3206 3622 3382 3685 οἰκίας
3452 3623 3712 3701 λέγομεν,
3758 3626 3841 3680 ὧν

2189 3710 2382 3784 μεταξὺ
2439 3711 2539 3767 οὐκ
2597 3709 2738 3767 ἔστιν
2816 3711 2971 3787 ἑτέρα
3040 3711 3211 3766 οίκία.
3272 3712 3373 3767 Καὶ
3448 3716 3693 3783 κινήσεις
3745 3712 3845 3769 οὗν

2184 3798 2393 3876 ἐφεξῆς,
2433 3801 2508 3854 ὧν
2555 3798 2667 3855 ἐστί
2713 3821 2797 3863 τις
2847 3796 3112 3874 ὁμοειδὴς
3161 3801 3375 3871 κίνησις
3427 3802 3642 3875 μεταξύ.
3677 3808 3844 3858 Συνε-

2183 3895 2260 3963 χῆ
2312 3886 2356 3942 δ’
2393 3886 2669 3955 ἀλλήλοις
2719 3887 2881 3957 ἐστὶν,
2927 3890 3002 3943 ὧν
3067 3890 3294 3965 θατέρου
3345 3891 3406 3945 τὸ
3456 3890 3628 3966 πέρας
3686 3890 3843 3968 ἀρχὴ

2179 3977 2377 4053 γίνεται
2425 3981 2523 4032 τοῦ
2571 3976 2790 4036 λοιποῦ.
2838 3976 2937 4032 Καὶ
2985 3983 3231 4053 συνεχεῖς
3281 3979 3372 4033 οὖν
3421 3976 3703 4050 ἀλλήλαις
3748 4001 3840 4034 κι-

2178 4069 2380 4138 νήσεις,
2432 4066 2579 4122 ῶντά
2622 4066 2829 4143 πέρατα
2878 4065 2956 4140 ἓν,
3004 4065 3180 4121 αὐτῶν
3238 4087 3299 4123 τε
3343 4065 3518 4122 οὐσῶν
3562 4064 3837 4142 ὁμοειδῶν

2176 4155 2267 4209 καὶ
2295 4160 2391 4210 τοῦ
2416 4154 2740 4229 κινουμένου
2780 4155 3148 4232 τυγχάνοντος
3190 4161 3288 4211 τοῦ
3337 4155 3502 4211 αὐτοῦ
3548 4155 3639 4211 καί
3688 4155 3829 4219 ἑνός.

2179 4245 2247 4297 Αἱ
2280 4245 2374 4317 μὲν
2424 4243 2516 4300 οὖν
2566 4250 2811 4321 συνεχεῖς
2860 4242 3136 4316 ἀλλήλαις
3184 4248 3425 4316 κινήσεις
3474 4245 3693 4308 πάντως
3741 4245 3837 4301 καί

2176 4332 2386 4412 ἐφεξῆς·
2439 4334 2501 4389 οὐ
2556 4335 2665 4407 μὴν
2711 4330 2770 4389 δὲ
2806 4334 2897 4390 καὶ
2945 4334 3000 4388 αἱ
3051 4334 3238 4413 ἐφεξῆς
3282 4331 3392 4406 ἤδη
3442 4334 3533 4390 καὶ
3582 4340 3834 4411 συνεχεῖς

2177 4420 2474 4493 ἀλλήλαις.
2531 4423 2601 4477 Τὸ
2664 4427 2792 4499 γοῦν
2866 4423 2950 4478 ἐπ’
3005 4422 3211 4486 εὐθείας
3275 4423 3621 4498 κινούμενον,
3680 4421 3829 4498 εἴπερ

2176 4512 2531 4585 ἀνακάμπτει,
2607 4517 2757 4567 ποιεῖ
2833 4512 2928 4585 μὲν
3014 4512 3203 4591 ἐφεξῆς
3266 4512 3361 4576 τὰς
3430 4515 3699 4585 κινήσεις,
3764 4512 3828 4568 οὐ

2177 4600 2285 4673 μὴν
2334 4598 2392 4656 δὲ
2456 4601 2549 4656 καὶ
2608 4607 2878 4677 συνεχεῖς.
2932 4601 3141 4673 Μεταξὺ
3206 4600 3311 4678 γὰρ
3378 4606 3486 4657 τῶν
3561 4602 3825 4658 τοιούτων

414 4689 756 4761 hujusmodi
786 4688 944 4746 enim
992 4694 1186 4745 motus
1217 4690 1385 4761 quies
1433 4691 1701 4761 quaedam
1732 4692 2062 4766 intervenit,

2189 4691 2440 4760 ιινήσεων
2486 4689 2690 4767 ἠρεμία
2739 4689 2824 4752 τίς
2891 4689 3023 4761 ἐστι,
3081 4688 3445 4746 διακόπτουσα
3509 4692 3612 4761 τὴν
3677 4691 3823 4747 συνέ-

414 4794 541 4849 qua:
561 4778 1003 4834 coutinuitatem
1028 4777 1362 4833 intersecat.
1383 4779 1485 4833 63
1506 4779 1881 4834 Terminatur
1902 4783 2058 4838 enim

2189 4797 2350 4853 [ειαν.
2416 4783 2753 4853 Περατοῦται
2808 4778 2913 4854 γὰρ
2972 4781 3008 4849 ἡ
3067 4780 3260 4857 πρώτη
3320 4778 3555 4850 κίνησις,
3610 4779 3702 4835 καὶ
3748 4780 3821 4841 ὡς

410 4868 638 4938 primus
667 4872 883 4938 motus,
911 4872 968 4922 et
998 4871 1063 4922 ut
1095 4868 1167 4922 ab
1218 4866 1335 4922 alio
1366 4866 1652 4939 principio
1701 4867 1849 4923 alter
1873 4871 2054 4925 conﬁ-

414 4955 584 5010 citur.
636 4956 790 5012 Inter
854 4957 1031 5012 ﬁnem
1080 4960 1275 5011 autem
1331 4955 1543 5027 primi,
1587 4961 1644 5011 et
1701 4957 2053 5031 principium

413 5045 652 5099 secundi
696 5045 862 5117 quies
926 5044 1119 5101 media
1184 5045 1539 5117 agnoscitur.
1591 5045 1715 5101 Duo
1781 5047 1937 5102 enim
1986 5048 2053 5101 ﬁ-

411 5132 519 5187 niti
584 5134 864 5189 rectilinei
936 5140 1126 5191 motus
1179 5151 1241 5190 se
1310 5134 1555 5190 invicem
1604 5134 1664 5190 in
1732 5152 1848 5191 uno
1897 5138 2051 5206 κινή-

413 5240 540 5291 ματι
576 5238 691 5276 non
722 5226 973 5295 tangunt
1004 5240 1017 5277 :
1065 5224 1565 5295 quemadmodum
1594 5224 1722 5279 duae
1754 5224 1930 5280 ﬁnitae
1961 5243 2053 5283 re-

408 5313 512 5365 ctaa
544 5311 604 5364 in
639 5327 751 5366 uno
794 5317 1010 5382 puncto
1043 5313 1192 5368 inter
1230 5330 1291 5369 se
1322 5314 1568 5368 invicem
1614 5312 1873 5386 copulari
1916 5330 2049 5386 pos-

403 5403 561 5454 sunt.
596 5399 970 5455 Manifestum
1018 5400 1125 5457 hoc
1172 5402 1425 5457 reddunt
1468 5402 1666 5475 ﬁgura
1713 5401 2047 5458 rectilineaa.

402 5486 775 5545 Diversarum
803 5490 960 5545 enim
1010 5489 1247 5560 quidem
1278 5496 1569 5546 rectarum
1615 5490 1907 5547 linearum
1932 5494 2048 5547 ter-

2167 4868 2257 4921 ἀπ’
2306 4863 2484 4938 ἄλλης
2532 4866 2714 4942 ἀρχῆς
2742 4869 2778 4937 ἡ
2830 4867 2985 4943 ἑτέρα
3024 4866 3375 4924 ἐπιτελεῖται.
3412 4869 3588 4923 Μέσον
3622 4865 3681 4924 δὲ
3728 4873 3821 4924 τοῦ

2163 4954 2396 5032 πέρατος
2441 4963 2542 5026 τῆς
2590 4956 2815 5032 πρώτης
2864 4956 2955 5011 καὶ
3001 4963 3102 5026 τῆς
3156 4956 3335 5032 ἀρχῆς
3401 4963 3501 5027 τῆς
3569 4954 3817 5033 δευτέρας

2162 5047 2197 5113 ἡ
2251 5043 2456 5119 ἠρεμία
2500 5045 2845 5118 γινώσκεται.
2896 5044 3000 5100 Δύο
3059 5045 3163 5120 γὰρ
3212 5047 3620 5121 πεπερασμέναι
3662 5048 3815 5116 κινή-

2162 5154 2272 5194 σεις
2332 5132 2414 5187 ἐπ’
2468 5132 2676 5195 εὐθείας
2735 5132 3004 5204 ἀλλήλωτ
3063 5133 3169 5210 οὐχ
3199 5135 3458 5189 ἅπτονται
3499 5136 3622 5198 καθ’
3648 5133 3704 5189 ἓν
3735 5155 3814 5188 κι-

2158 5242 2328 5295 νημα·
2379 5225 2617 5297 καθάπερ
2687 5222 2887 5287 εὐθεῖαι
2956 5220 3051 5277 δύο
3103 5221 3507 5300 πεπτρασμέναι
3567 5221 3814 5278 δύνανται

2158 5312 2276 5365 καθ’
2349 5308 2405 5365 ἓν
2494 5316 2722 5384 σημεῖον
2807 5310 3083 5383 ἀλλήλαις
3190 5311 3563 5377 συνάπτεσθαι.
3634 5310 3814 5382 Δηλο-

2157 5404 2376 5455 ποιοῦσι
2428 5399 2491 5454 τὸ
2542 5398 2841 5476 λεγόμενον
2890 5401 2956 5455 τὰ
3004 5405 3113 5456 τῶν
3164 5403 3468 5478 σχημάτων
3513 5400 3813 5479 εὐθύγραμ-

2161 5509 2255 5563 μα.
2313 5493 2433 5544 Τῶν
2497 5489 2590 5562 μὶν
2658 5489 2764 5566 γὰρ
2824 5486 3097 5567 διαφόρων
3176 5489 3395 5556 εὐθειῶν
3469 5489 3537 5545 τὰ
3612 5491 3815 5567 πέρατα

470 5724 541 5799 ’ζοξ
568 5724 604 5779 6
641 5721 897 5799 Phys._c.
934 5722 1021 5792 12,
1054 5739 1102 5799 ι,
1122 5720 1213 5791 67,
1389 5721 1454 5799 _"_‘
1487 5721 1723 5799 8APlhys.
1755 5723 1927 5799 9:12,
1958 5724 2008 5799 tt
2036 5721 2077 5777 ὅ

2205 5721 2252 5758 τε
2280 5721 2318 5776 5
2347 5720 2519 5795 Phys.
2552 5737 2603 5783 θ.
2633 5721 2690 5795 5,
2724 5724 2768 5779 t.
2796 5723 2888 5781 25.
2967 5724 3012 5760 τε
3039 5723 3076 5779 5
3105 5723 3279 5799 Pbys.
3312 5741 3364 5781 c.
3394 5723 3451 5794 5,
3473 5725 3519 5779 t.
3547 5724 3642 5792 26,
3669 5724 3729 5779 et
3748 5722 3809 5790 6,

400 5799 443 5856 ι.
477 5796 565 5853 39.
644 5796 689 5832 7‘
716 5793 751 5851 5
782 5794 954 5870 Phys.
989 5811 1039 5851 c.
1073 5795 1155 5861 6.,
1184 5799 1226 5848 t.
1255 5794 1348 5865 39,
1377 5793 1467 5863 41,
1499 5797 1557 5849 et
1583 5796 1636 5848 8.
1670 5810 1720 5850 ο.
1756 5794 1843 5863 12,
1874 5796 1918 5849 t.
1948 5793 2039 5851 61.
