  <div class='ocr_page' id='page_1' title='image "/cluster/home/n/w/nwhite01/storage/ocr_20150623/142/mdp.39015078384792/542.png"; bbox 0 0 4024 6496; ppageno 0'>
   <div class='ocr_carea' id='block_1_1' title="bbox 210 457 370 521">
    <p class='ocr_par' dir='ltr' id='par_1_1' title="bbox 210 457 370 521">
     <span class='ocr_line' id='line_1_1' title="bbox 210 457 370 521; baseline 0.006 -2"><span class='ocrx_word' id='word_1_1' title='bbox 210 457 370 521; x_wconf 78' lang='grc'>1069</span> 
     </span>
    </p>
   </div>
   <div class='ocr_carea' id='block_1_2' title="bbox 1518 457 2261 523">
    <p class='ocr_par' dir='ltr' id='par_1_2' title="bbox 1518 457 2261 523">
     <span class='ocr_line' id='line_1_2' title="bbox 1518 457 2261 523; baseline 0 -3"><span class='ocrx_word' id='word_1_2' title='bbox 1518 457 1866 521; x_wconf 86' lang='lat' dir='ltr'>EPITOME</span> <span class='ocrx_word' id='word_1_3' title='bbox 1909 459 2261 523; x_wconf 88' lang='lat' dir='ltr'>PHYSICA.</span> 
     </span>
    </p>
   </div>
   <div class='ocr_carea' id='block_1_3' title="bbox 3453 463 3611 525">
    <p class='ocr_par' dir='ltr' id='par_1_3' title="bbox 3453 463 3611 525">
     <span class='ocr_line' id='line_1_3' title="bbox 3453 463 3611 525; baseline 0.013 -2"><span class='ocrx_word' id='word_1_4' title='bbox 3453 463 3611 525; x_wconf 80' lang='grc'>1070</span> 
     </span>
    </p>
   </div>
   <div class='ocr_carea' id='block_1_4' title="bbox 211 587 1871 668">
    <p class='ocr_par' dir='ltr' id='par_1_4' title="bbox 211 587 1854 668">
     <span class='ocr_line' id='line_1_4' title="bbox 211 587 1854 668; baseline -0.001 -22"><span class='ocrx_word' id='word_1_5' title='bbox 211 588 509 668; x_wconf 69' lang='grc' dir='ltr'>ἐφαρμόζει</span> <span class='ocrx_word' id='word_1_6' title='bbox 538 587 628 646; x_wconf 79' lang='grc' dir='ltr'>διὰ</span> <span class='ocrx_word' id='word_1_7' title='bbox 655 591 716 645; x_wconf 90' lang='grc' dir='ltr'>τὸ</span> <span class='ocrx_word' id='word_1_8' title='bbox 748 590 1034 662; x_wconf 80' lang='grc' dir='ltr'>ὑπομένειν</span> <span class='ocrx_word' id='word_1_9' title='bbox 1083 587 1270 659; x_wconf 86' lang='grc' dir='ltr'>αὐτὰς,</span> <span class='ocrx_word' id='word_1_10' title='bbox 1302 592 1409 644; x_wconf 87' lang='grc' dir='ltr'>τῶν</span> <span class='ocrx_word' id='word_1_11' title='bbox 1472 587 1531 644; x_wconf 77' lang='grc' dir='ltr'>δὲ</span> <span class='ocrx_word' id='word_1_12' title='bbox 1584 588 1854 667; x_wconf 87' lang='grc' dir='ltr'>διαφόρων</span> 
     </span>
    </p>
   </div>
   <div class='ocr_carea' id='block_1_5' title="bbox 1982 587 3612 668">
    <p class='ocr_par' dir='ltr' id='par_1_5' title="bbox 1982 593 3612 667">
     <span class='ocr_line' id='line_1_5' title="bbox 1982 593 3612 667; baseline 0.004 -20"><span class='ocrx_word' id='word_1_13' title='bbox 1982 593 2112 648; x_wconf 74' lang='lat' dir='ltr'>rnini</span> <span class='ocrx_word' id='word_1_14' title='bbox 2169 598 2300 666; x_wconf 92' lang='lat' dir='ltr'>apte</span> <span class='ocrx_word' id='word_1_15' title='bbox 2359 595 2666 665; x_wconf 82' lang='lat' dir='ltr'>cohaerent,</span> <span class='ocrx_word' id='word_1_16' title='bbox 2726 594 2866 666; x_wconf 92' lang='lat' dir='ltr'>quia</span> <span class='ocrx_word' id='word_1_17' title='bbox 2922 595 3061 666; x_wconf 73' lang='lat' dir='ltr'>ipsze</span> <span class='ocrx_word' id='word_1_18' title='bbox 3120 601 3505 667; x_wconf 83' lang='lat' dir='ltr'>permanent;</span> <span class='ocrx_word' id='word_1_19' title='bbox 3552 601 3612 654; x_wconf 92' lang='lat' dir='ltr'>at</span> 
     </span>
    </p>
   </div>
   <div class='ocr_carea' id='block_1_6' title="bbox 211 675 1852 756">
    <p class='ocr_par' dir='ltr' id='par_1_6' title="bbox 211 675 1852 756">
     <span class='ocr_line' id='line_1_6' title="bbox 211 675 1852 756; baseline -0.001 -21"><span class='ocrx_word' id='word_1_20' title='bbox 211 679 296 735; x_wconf 80' lang='grc' dir='ltr'>ἐπ’</span> <span class='ocrx_word' id='word_1_21' title='bbox 326 679 534 744; x_wconf 78' lang='grc' dir='ltr'>εὐθείας</span> <span class='ocrx_word' id='word_1_22' title='bbox 565 681 830 750; x_wconf 78' lang='grc' dir='ltr'>κινήσεων</span> <span class='ocrx_word' id='word_1_23' title='bbox 859 675 1104 740; x_wconf 85' lang='grc' dir='ltr'>οὐδόλως</span> <span class='ocrx_word' id='word_1_24' title='bbox 1157 677 1450 756; x_wconf 79' lang='grc' dir='ltr'>ἐφαρμόζει</span> <span class='ocrx_word' id='word_1_25' title='bbox 1506 679 1573 733; x_wconf 79' lang='grc' dir='ltr'>τὰ</span> <span class='ocrx_word' id='word_1_26' title='bbox 1628 680 1852 754; x_wconf 85' lang='grc' dir='ltr'>πέρατα,</span> 
     </span>
    </p>
   </div>
   <div class='ocr_carea' id='block_1_7' title="bbox 214 765 1856 844">
    <p class='ocr_par' dir='ltr' id='par_1_7' title="bbox 214 765 1856 844">
     <span class='ocr_line' id='line_1_7' title="bbox 214 765 1856 844; baseline -0.002 -20"><span class='ocrx_word' id='word_1_27' title='bbox 214 766 306 824; x_wconf 81' lang='grc' dir='ltr'>διὰ</span> <span class='ocrx_word' id='word_1_28' title='bbox 357 768 422 824; x_wconf 85' lang='grc' dir='ltr'>τὸ</span> <span class='ocrx_word' id='word_1_29' title='bbox 478 768 530 824; x_wconf 84' lang='grc' dir='ltr'>ἐν</span> <span class='ocrx_word' id='word_1_30' title='bbox 587 768 798 841; x_wconf 85' lang='grc' dir='ltr'>ἀστάτῳ</span> <span class='ocrx_word' id='word_1_31' title='bbox 857 766 959 844; x_wconf 79' lang='grc' dir='ltr'>ῥοῇ</span> <span class='ocrx_word' id='word_1_32' title='bbox 989 771 1222 842; x_wconf 80' lang='grc' dir='ltr'>χρονικῇ</span> <span class='ocrx_word' id='word_1_33' title='bbox 1253 765 1486 842; x_wconf 81' lang='grc' dir='ltr'>γίνεσθαι</span> <span class='ocrx_word' id='word_1_34' title='bbox 1542 768 1638 830; x_wconf 74' lang='grc' dir='ltr'>τὰς</span> <span class='ocrx_word' id='word_1_35' title='bbox 1694 770 1856 838; x_wconf 75' lang='grc' dir='ltr'>κινή-</span> 
     </span>
    </p>
   </div>
   <div class='ocr_carea' id='block_1_8' title="bbox 210 853 1858 931">
    <p class='ocr_par' dir='ltr' id='par_1_8' title="bbox 210 853 1858 931">
     <span class='ocr_line' id='line_1_8' title="bbox 210 853 1858 931; baseline -0.002 -19"><span class='ocrx_word' id='word_1_36' title='bbox 210 876 343 920; x_wconf 84' lang='grc' dir='ltr'>σεις·</span> <span class='ocrx_word' id='word_1_37' title='bbox 402 859 682 922; x_wconf 74' lang='grc' dir='ltr'>κάντεῦθεν</span> <span class='ocrx_word' id='word_1_38' title='bbox 739 855 932 931; x_wconf 83' lang='grc' dir='ltr'>(δῆλόν</span> <span class='ocrx_word' id='word_1_39' title='bbox 989 855 1121 928; x_wconf 82' lang='grc' dir='ltr'>ἐστι)</span> <span class='ocrx_word' id='word_1_40' title='bbox 1174 857 1248 929; x_wconf 84' lang='grc' dir='ltr'>μή</span> <span class='ocrx_word' id='word_1_41' title='bbox 1309 853 1558 911; x_wconf 83' lang='grc' dir='ltr'>δύνασθαι</span> <span class='ocrx_word' id='word_1_42' title='bbox 1615 857 1677 910; x_wconf 88' lang='grc' dir='ltr'>τὸ</span> <span class='ocrx_word' id='word_1_43' title='bbox 1729 855 1858 910; x_wconf 88' lang='grc' dir='ltr'>αὐτὸ</span> 
     </span>
    </p>
   </div>
   <div class='ocr_carea' id='block_1_9' title="bbox 213 944 1856 1021">
    <p class='ocr_par' dir='ltr' id='par_1_9' title="bbox 213 944 1856 1021">
     <span class='ocr_line' id='line_1_9' title="bbox 213 944 1856 1021; baseline -0.001 -19"><span class='ocrx_word' id='word_1_44' title='bbox 213 947 304 1002; x_wconf 84' lang='grc' dir='ltr'>καὶ</span> <span class='ocrx_word' id='word_1_45' title='bbox 361 945 417 1002; x_wconf 81' lang='grc' dir='ltr'>ἓν</span> <span class='ocrx_word' id='word_1_46' title='bbox 483 947 691 1019; x_wconf 79' lang='grc' dir='ltr'>κίνημα</span> <span class='ocrx_word' id='word_1_47' title='bbox 745 945 910 1021; x_wconf 89' lang='grc' dir='ltr'>πέρας</span> <span class='ocrx_word' id='word_1_48' title='bbox 968 944 1100 1000; x_wconf 80' lang='grc' dir='ltr'>εἶναι</span> <span class='ocrx_word' id='word_1_49' title='bbox 1155 952 1255 1014; x_wconf 78' lang='grc' dir='ltr'>τῆς</span> <span class='ocrx_word' id='word_1_50' title='bbox 1311 945 1537 1020; x_wconf 82' lang='grc' dir='ltr'>πρώτης</span> <span class='ocrx_word' id='word_1_51' title='bbox 1592 947 1856 1016; x_wconf 77' lang='grc' dir='ltr'>κινήσεως</span> 
     </span>
    </p>
   </div>
   <div class='ocr_carea' id='block_1_10' title="bbox 215 1028 1858 1112">
    <p class='ocr_par' dir='ltr' id='par_1_10' title="bbox 215 1028 1858 1112">
     <span class='ocr_line' id='line_1_10' title="bbox 215 1028 1858 1112; baseline -0.002 -21"><span class='ocrx_word' id='word_1_52' title='bbox 215 1035 430 1106; x_wconf 75' lang='grc' dir='ltr'>καὶτῆς</span> <span class='ocrx_word' id='word_1_53' title='bbox 464 1033 712 1112; x_wconf 89' lang='grc' dir='ltr'>δευτέρας</span> <span class='ocrx_word' id='word_1_54' title='bbox 771 1035 972 1111; x_wconf 81' lang='grc' dir='ltr'>ἀρχὴν,</span> <span class='ocrx_word' id='word_1_55' title='bbox 1007 1028 1421 1107; x_wconf 75' lang='grc' dir='ltr'>λαμϐανόμενον</span> <span class='ocrx_word' id='word_1_56' title='bbox 1485 1030 1587 1105; x_wconf 83' lang='grc' dir='ltr'>δὶς,</span> <span class='ocrx_word' id='word_1_57' title='bbox 1621 1032 1858 1110; x_wconf 83' lang='grc' dir='ltr'>καθάπερ</span> 
     </span>
    </p>
   </div>
   <div class='ocr_carea' id='block_1_11' title="bbox 218 1121 1861 1199">
    <p class='ocr_par' dir='ltr' id='par_1_11' title="bbox 218 1121 1861 1199">
     <span class='ocr_line' id='line_1_11' title="bbox 218 1121 1861 1199; baseline -0.002 -20"><span class='ocrx_word' id='word_1_58' title='bbox 218 1125 308 1179; x_wconf 80' lang='grc' dir='ltr'>ἐπὶ</span> <span class='ocrx_word' id='word_1_59' title='bbox 358 1129 465 1180; x_wconf 93' lang='grc' dir='ltr'>τῶν</span> <span class='ocrx_word' id='word_1_60' title='bbox 516 1124 797 1193; x_wconf 83' lang='grc' dir='ltr'>εὐθειῶνὴ</span> <span class='ocrx_word' id='word_1_61' title='bbox 831 1125 1055 1199; x_wconf 76' lang='grc' dir='ltr'>στιγμή.</span> <span class='ocrx_word' id='word_1_62' title='bbox 1118 1121 1357 1198; x_wconf 77' lang='grc' dir='ltr'>Διαρῥέει</span> <span class='ocrx_word' id='word_1_63' title='bbox 1415 1123 1518 1196; x_wconf 80' lang='grc' dir='ltr'>γὰρ</span> <span class='ocrx_word' id='word_1_64' title='bbox 1576 1123 1604 1176; x_wconf 86' lang='grc' dir='ltr'>ὁ</span> <span class='ocrx_word' id='word_1_65' title='bbox 1661 1121 1861 1199; x_wconf 87' lang='grc' dir='ltr'>χρόνος</span> 
     </span>
    </p>
   </div>
   <div class='ocr_carea' id='block_1_12' title="bbox 223 1209 1860 1286">
    <p class='ocr_par' dir='ltr' id='par_1_12' title="bbox 223 1209 1860 1286">
     <span class='ocr_line' id='line_1_12' title="bbox 223 1209 1860 1286; baseline -0.002 -18"><span class='ocrx_word' id='word_1_66' title='bbox 223 1212 420 1286; x_wconf 79' lang='grc' dir='ltr'>μεταξὺ</span> <span class='ocrx_word' id='word_1_67' title='bbox 474 1212 564 1268; x_wconf 81' lang='grc' dir='ltr'>καὶ</span> <span class='ocrx_word' id='word_1_68' title='bbox 619 1210 796 1283; x_wconf 84' lang='grc' dir='ltr'>διιστᾷ</span> <span class='ocrx_word' id='word_1_69' title='bbox 847 1212 916 1266; x_wconf 78' lang='grc' dir='ltr'>τὰ</span> <span class='ocrx_word' id='word_1_70' title='bbox 970 1213 1260 1284; x_wconf 72' lang='grc' dir='ltr'>κινήματα.</span> <span class='ocrx_word' id='word_1_71' title='bbox 1321 1212 1383 1266; x_wconf 86' lang='grc' dir='ltr'><strong><em>Ἦ</em></strong></span> <span class='ocrx_word' id='word_1_72' title='bbox 1441 1209 1500 1266; x_wconf 68' lang='grc' dir='ltr'>δὲ</span> <span class='ocrx_word' id='word_1_73' title='bbox 1553 1215 1661 1266; x_wconf 88' lang='grc' dir='ltr'>τῶν</span> <span class='ocrx_word' id='word_1_74' title='bbox 1710 1232 1860 1282; x_wconf 86' lang='grc' dir='ltr'>κινη-</span> 
     </span>
    </p>
   </div>
   <div class='ocr_carea' id='block_1_13' title="bbox 223 1298 1860 1377">
    <p class='ocr_par' dir='ltr' id='par_1_13' title="bbox 223 1298 1860 1377">
     <span class='ocr_line' id='line_1_13' title="bbox 223 1298 1860 1377; baseline -0.001 -21"><span class='ocrx_word' id='word_1_75' title='bbox 223 1303 408 1376; x_wconf 80' lang='grc' dir='ltr'>μάτων</span> <span class='ocrx_word' id='word_1_76' title='bbox 465 1299 738 1363; x_wconf 81' lang='grc' dir='ltr'>διάστασις</span> <span class='ocrx_word' id='word_1_77' title='bbox 798 1299 1029 1377; x_wconf 77' lang='grc' dir='ltr'>ἠρεμίαν</span> <span class='ocrx_word' id='word_1_78' title='bbox 1087 1304 1260 1375; x_wconf 80' lang='grc' dir='ltr'>γεννᾷ.</span> <span class='ocrx_word' id='word_1_79' title='bbox 1320 1306 1428 1370; x_wconf 85' lang='grc' dir='ltr'>Τῆς</span> <span class='ocrx_word' id='word_1_80' title='bbox 1485 1302 1588 1377; x_wconf 82' lang='grc' dir='ltr'>γὰρ</span> <span class='ocrx_word' id='word_1_81' title='bbox 1655 1298 1742 1355; x_wconf 78' lang='grc' dir='ltr'>ἐπὶ</span> <span class='ocrx_word' id='word_1_82' title='bbox 1797 1302 1860 1355; x_wconf 87' lang='grc' dir='ltr'>τὸ</span> 
     </span>
    </p>
   </div>
   <div class='ocr_carea' id='block_1_14' title="bbox 219 1386 1860 1468">
    <p class='ocr_par' dir='ltr' id='par_1_14' title="bbox 219 1386 1860 1468">
     <span class='ocr_line' id='line_1_14' title="bbox 219 1386 1860 1468; baseline -0.001 -22"><span class='ocrx_word' id='word_1_83' title='bbox 219 1389 330 1446; x_wconf 82' lang='grc' dir='ltr'>ἄνω</span> <span class='ocrx_word' id='word_1_84' title='bbox 360 1396 532 1468; x_wconf 79' lang='grc' dir='ltr'>φορᾶς</span> <span class='ocrx_word' id='word_1_85' title='bbox 561 1395 658 1444; x_wconf 79' lang='grc' dir='ltr'>τοῦ</span> <span class='ocrx_word' id='word_1_86' title='bbox 687 1388 841 1454; x_wconf 87' lang='grc' dir='ltr'>λίθου</span> <span class='ocrx_word' id='word_1_87' title='bbox 888 1389 950 1444; x_wconf 88' lang='grc' dir='ltr'>τὸ</span> <span class='ocrx_word' id='word_1_88' title='bbox 994 1389 1170 1465; x_wconf 86' lang='grc' dir='ltr'>τέρμα</span> <span class='ocrx_word' id='word_1_89' title='bbox 1226 1386 1486 1445; x_wconf 79' lang='grc' dir='ltr'>διίσταται</span> <span class='ocrx_word' id='word_1_90' title='bbox 1531 1396 1634 1460; x_wconf 81' lang='grc' dir='ltr'>τῆς</span> <span class='ocrx_word' id='word_1_91' title='bbox 1681 1390 1860 1465; x_wconf 84' lang='grc' dir='ltr'>ἀρχῆς</span> 
     </span>
    </p>
   </div>
   <div class='ocr_carea' id='block_1_15' title="bbox 219 1477 1861 1557">
    <p class='ocr_par' dir='ltr' id='par_1_15' title="bbox 219 1477 1861 1557">
     <span class='ocr_line' id='line_1_15' title="bbox 219 1477 1861 1557; baseline -0.001 -22"><span class='ocrx_word' id='word_1_92' title='bbox 219 1487 320 1551; x_wconf 82' lang='grc' dir='ltr'>τῆς</span> <span class='ocrx_word' id='word_1_93' title='bbox 381 1479 470 1535; x_wconf 83' lang='grc' dir='ltr'>ἐπὶ</span> <span class='ocrx_word' id='word_1_94' title='bbox 510 1479 573 1534; x_wconf 87' lang='grc' dir='ltr'>τὸ</span> <span class='ocrx_word' id='word_1_95' title='bbox 602 1477 748 1534; x_wconf 84' lang='grc' dir='ltr'>κάτω</span> <span class='ocrx_word' id='word_1_96' title='bbox 779 1483 966 1557; x_wconf 74' lang='grc' dir='ltr'>φορᾶς,</span> <span class='ocrx_word' id='word_1_97' title='bbox 996 1483 1076 1551; x_wconf 77' lang='grc' dir='ltr'>τῷ</span> <span class='ocrx_word' id='word_1_98' title='bbox 1100 1477 1400 1552; x_wconf 76' lang='grc' dir='ltr'>ὁξυκινήτῳ</span> <span class='ocrx_word' id='word_1_99' title='bbox 1429 1486 1527 1549; x_wconf 84' lang='grc' dir='ltr'>τῆς</span> <span class='ocrx_word' id='word_1_100' title='bbox 1575 1482 1671 1534; x_wconf 77' lang='grc' dir='ltr'>τοῦ</span> <span class='ocrx_word' id='word_1_101' title='bbox 1727 1478 1861 1554; x_wconf 83' lang='grc' dir='ltr'>χρό-</span> 
     </span>
    </p>
   </div>
   <div class='ocr_carea' id='block_1_16' title="bbox 218 1566 1860 1646">
    <p class='ocr_par' dir='ltr' id='par_1_16' title="bbox 218 1566 1860 1646">
     <span class='ocr_line' id='line_1_16' title="bbox 218 1566 1860 1646; baseline -0.001 -22"><span class='ocrx_word' id='word_1_102' title='bbox 218 1591 316 1624; x_wconf 86' lang='grc' dir='ltr'>νου</span> <span class='ocrx_word' id='word_1_103' title='bbox 349 1567 503 1646; x_wconf 72' lang='grc' dir='ltr'>ῥοῆς⁸</span> <span class='ocrx_word' id='word_1_104' title='bbox 555 1567 673 1633; x_wconf 77' lang='grc' dir='ltr'>ὅθεν</span> <span class='ocrx_word' id='word_1_105' title='bbox 731 1567 823 1623; x_wconf 86' lang='grc' dir='ltr'>καὶ</span> <span class='ocrx_word' id='word_1_106' title='bbox 861 1566 1064 1644; x_wconf 74' lang='grc' dir='ltr'>ἠρεμία</span> <span class='ocrx_word' id='word_1_107' title='bbox 1118 1589 1200 1630; x_wconf 89' lang='grc' dir='ltr'>τις</span> <span class='ocrx_word' id='word_1_108' title='bbox 1257 1573 1453 1623; x_wconf 85' lang='grc' dir='ltr'>νοεῖται</span> <span class='ocrx_word' id='word_1_109' title='bbox 1509 1566 1702 1641; x_wconf 81' lang='grc' dir='ltr'>μεταξὺ</span> <span class='ocrx_word' id='word_1_110' title='bbox 1752 1571 1860 1623; x_wconf 86' lang='grc' dir='ltr'>τῶν</span> 
     </span>
    </p>
   </div>
   <div class='ocr_carea' id='block_1_17' title="bbox 222 1651 1860 1734">
    <p class='ocr_par' dir='ltr' id='par_1_17' title="bbox 222 1651 1860 1734">
     <span class='ocr_line' id='line_1_17' title="bbox 222 1651 1860 1734; baseline -0.002 -21"><span class='ocrx_word' id='word_1_111' title='bbox 222 1655 319 1713; x_wconf 87' lang='grc' dir='ltr'>δύο</span> <span class='ocrx_word' id='word_1_112' title='bbox 375 1661 472 1712; x_wconf 80' lang='grc' dir='ltr'>τοῦ</span> <span class='ocrx_word' id='word_1_113' title='bbox 531 1656 686 1712; x_wconf 76' lang='grc' dir='ltr'>λίθου</span> <span class='ocrx_word' id='word_1_114' title='bbox 745 1659 949 1734; x_wconf 86' lang='grc' dir='ltr'>φορῶν.</span> <span class='ocrx_word' id='word_1_115' title='bbox 982 1657 1080 1710; x_wconf 81' lang='grc' dir='ltr'>Διά</span> <span class='ocrx_word' id='word_1_116' title='bbox 1130 1659 1298 1711; x_wconf 78' lang='grc' dir='ltr'>ταῦτα</span> <span class='ocrx_word' id='word_1_117' title='bbox 1342 1654 1521 1710; x_wconf 86' lang='grc' dir='ltr'>τοίνυν</span> <span class='ocrx_word' id='word_1_118' title='bbox 1567 1655 1666 1710; x_wconf 86' lang='grc' dir='ltr'>οὐκ</span> <span class='ocrx_word' id='word_1_119' title='bbox 1720 1651 1860 1710; x_wconf 78' lang='grc' dir='ltr'>ἔστιν</span> 
     </span>
    </p>
   </div>
   <div class='ocr_carea' id='block_1_18' title="bbox 221 1742 1862 1821">
    <p class='ocr_par' dir='ltr' id='par_1_18' title="bbox 221 1742 1862 1821">
     <span class='ocr_line' id='line_1_18' title="bbox 221 1742 1862 1821; baseline -0.002 -19"><span class='ocrx_word' id='word_1_120' title='bbox 221 1746 306 1802; x_wconf 80' lang='grc' dir='ltr'>ἐπ’</span> <span class='ocrx_word' id='word_1_121' title='bbox 363 1745 566 1809; x_wconf 82' lang='grc' dir='ltr'>εὐθείας</span> <span class='ocrx_word' id='word_1_122' title='bbox 625 1744 870 1815; x_wconf 81' lang='grc' dir='ltr'>ἐννοῆσαι</span> <span class='ocrx_word' id='word_1_123' title='bbox 919 1744 1126 1815; x_wconf 83' lang='grc' dir='ltr'>κίνησιν</span> <span class='ocrx_word' id='word_1_124' title='bbox 1188 1742 1428 1821; x_wconf 81' lang='grc' dir='ltr'>ἄπειρον.</span> <span class='ocrx_word' id='word_1_125' title='bbox 1476 1743 1597 1800; x_wconf 79' lang='grc' dir='ltr'>Ἐπὶ</span> <span class='ocrx_word' id='word_1_126' title='bbox 1657 1742 1714 1800; x_wconf 78' lang='grc' dir='ltr'>δὲ</span> <span class='ocrx_word' id='word_1_127' title='bbox 1767 1748 1862 1799; x_wconf 83' lang='grc' dir='ltr'>τοῦ</span> 
     </span>
    </p>
   </div>
   <div class='ocr_carea' id='block_1_19' title="bbox 219 1832 1863 1911">
    <p class='ocr_par' dir='ltr' id='par_1_19' title="bbox 219 1832 1863 1911">
     <span class='ocr_line' id='line_1_19' title="bbox 219 1832 1863 1911; baseline -0.002 -20"><span class='ocrx_word' id='word_1_128' title='bbox 219 1834 427 1892; x_wconf 79' lang='grc' dir='ltr'>κύκλου</span> <span class='ocrx_word' id='word_1_129' title='bbox 458 1832 869 1911; x_wconf 73' lang='grc' dir='ltr'>συνδραμόντων</span> <span class='ocrx_word' id='word_1_130' title='bbox 910 1833 1182 1905; x_wconf 77' lang='grc' dir='ltr'>ἀλλήλοις</span> <span class='ocrx_word' id='word_1_131' title='bbox 1231 1841 1329 1903; x_wconf 83' lang='grc' dir='ltr'>τῆς</span> <span class='ocrx_word' id='word_1_132' title='bbox 1388 1835 1566 1910; x_wconf 78' lang='grc' dir='ltr'>ἀρχῆς</span> <span class='ocrx_word' id='word_1_133' title='bbox 1621 1834 1711 1889; x_wconf 83' lang='grc' dir='ltr'>καὶ</span> <span class='ocrx_word' id='word_1_134' title='bbox 1765 1838 1863 1889; x_wconf 80' lang='grc' dir='ltr'>τοῦ</span> 
     </span>
    </p>
   </div>
   <div class='ocr_carea' id='block_1_20' title="bbox 1968 683 3611 742">
    <p class='ocr_par' dir='ltr' id='par_1_20' title="bbox 1968 683 3611 742">
     <span class='ocr_line' id='line_1_20' title="bbox 1968 683 3611 742; baseline 0.003 -6"><span class='ocrx_word' id='word_1_135' title='bbox 1968 687 2236 737; x_wconf 83' lang='lat' dir='ltr'>motuum</span> <span class='ocrx_word' id='word_1_136' title='bbox 2290 684 2652 740; x_wconf 88' lang='lat' dir='ltr'>diversorum</span> <span class='ocrx_word' id='word_1_137' title='bbox 2710 683 3145 740; x_wconf 89' lang='lat' dir='ltr'>rectilineorum</span> <span class='ocrx_word' id='word_1_138' title='bbox 3203 685 3440 740; x_wconf 83' lang='lat' dir='ltr'>termini</span> <span class='ocrx_word' id='word_1_139' title='bbox 3495 686 3611 742; x_wconf 93' lang='lat' dir='ltr'>sibi</span> 
     </span>
    </p>
   </div>
   <div class='ocr_carea' id='block_1_21' title="bbox 1965 775 3608 846">
    <p class='ocr_par' dir='ltr' id='par_1_21' title="bbox 1965 775 3608 846">
     <span class='ocr_line' id='line_1_21' title="bbox 1965 775 3608 846; baseline 0.004 -22"><span class='ocrx_word' id='word_1_140' title='bbox 1965 787 2205 840; x_wconf 86' lang='lat' dir='ltr'>prorsus</span> <span class='ocrx_word' id='word_1_141' title='bbox 2236 790 2353 829; x_wconf 90' lang='lat' dir='ltr'>non</span> <span class='ocrx_word' id='word_1_142' title='bbox 2383 777 2734 846; x_wconf 88' lang='lat' dir='ltr'>congruunt,</span> <span class='ocrx_word' id='word_1_143' title='bbox 2767 777 3076 845; x_wconf 89' lang='lat' dir='ltr'>propterea</span> <span class='ocrx_word' id='word_1_144' title='bbox 3104 775 3260 844; x_wconf 92' lang='lat' dir='ltr'>quod</span> <span class='ocrx_word' id='word_1_145' title='bbox 3305 779 3499 831; x_wconf 89' lang='lat' dir='ltr'>motus</span> <span class='ocrx_word' id='word_1_146' title='bbox 3547 775 3608 831; x_wconf 91' lang='lat' dir='ltr'>in</span> 
     </span>
    </p>
   </div>
   <div class='ocr_carea' id='block_1_22' title="bbox 1963 857 3609 935">
    <p class='ocr_par' dir='ltr' id='par_1_22' title="bbox 1963 857 3609 935">
     <span class='ocr_line' id='line_1_22' title="bbox 1963 857 3609 935; baseline 0.005 -23"><span class='ocrx_word' id='word_1_147' title='bbox 1963 857 2226 915; x_wconf 86' lang='lat' dir='ltr'>instabili</span> <span class='ocrx_word' id='word_1_148' title='bbox 2255 862 2535 934; x_wconf 90' lang='lat' dir='ltr'>temporis</span> <span class='ocrx_word' id='word_1_149' title='bbox 2564 861 2722 916; x_wconf 83' lang='lat' dir='ltr'>ﬂuxu</span> <span class='ocrx_word' id='word_1_150' title='bbox 2755 861 2924 915; x_wconf 90' lang='lat' dir='ltr'>ﬁunt.</span> <span class='ocrx_word' id='word_1_151' title='bbox 2954 861 3144 935; x_wconf 76' lang='lat' dir='ltr'>Atque</span> <span class='ocrx_word' id='word_1_152' title='bbox 3172 861 3310 917; x_wconf 92' lang='lat' dir='ltr'>hinc</span> <span class='ocrx_word' id='word_1_153' title='bbox 3358 864 3609 920; x_wconf 81' lang='lat' dir='ltr'>manife-</span> 
     </span>
    </p>
   </div>
   <div class='ocr_carea' id='block_1_23' title="bbox 1968 949 3607 1024">
    <p class='ocr_par' dir='ltr' id='par_1_23' title="bbox 1968 949 3607 1024">
     <span class='ocr_line' id='line_1_23' title="bbox 1968 949 3607 1024; baseline 0.004 -21"><span class='ocrx_word' id='word_1_154' title='bbox 1968 950 2127 1003; x_wconf 84' lang='lat' dir='ltr'>stum</span> <span class='ocrx_word' id='word_1_155' title='bbox 2185 954 2273 1004; x_wconf 88' lang='lat' dir='ltr'>est</span> <span class='ocrx_word' id='word_1_156' title='bbox 2333 967 2448 1005; x_wconf 92' lang='lat' dir='ltr'>non</span> <span class='ocrx_word' id='word_1_157' title='bbox 2495 967 2668 1022; x_wconf 87' lang='lat' dir='ltr'>posse</span> <span class='ocrx_word' id='word_1_158' title='bbox 2716 967 2902 1005; x_wconf 90' lang='lat' dir='ltr'>unum</span> <span class='ocrx_word' id='word_1_159' title='bbox 2953 955 3010 1006; x_wconf 90' lang='lat' dir='ltr'>et</span> <span class='ocrx_word' id='word_1_160' title='bbox 3054 950 3212 1007; x_wconf 90' lang='lat' dir='ltr'>idem</span> <span class='ocrx_word' id='word_1_161' title='bbox 3259 949 3469 1024; x_wconf 80' lang='grc' dir='ltr'>κίνημα</span> <span class='ocrx_word' id='word_1_162' title='bbox 3516 954 3607 1009; x_wconf 89' lang='lat' dir='ltr'>bis</span> 
     </span>
    </p>
   </div>
   <div class='ocr_carea' id='block_1_24' title="bbox 1969 1038 3607 1114">
    <p class='ocr_par' dir='ltr' id='par_1_24' title="bbox 1969 1038 3607 1114">
     <span class='ocr_line' id='line_1_24' title="bbox 1969 1038 3607 1114; baseline 0.004 -23"><span class='ocrx_word' id='word_1_163' title='bbox 1969 1041 2267 1108; x_wconf 90' lang='lat' dir='ltr'>sumptum</span> <span class='ocrx_word' id='word_1_164' title='bbox 2295 1038 2470 1109; x_wconf 87' lang='lat' dir='ltr'>primi</span> <span class='ocrx_word' id='word_1_165' title='bbox 2491 1043 2686 1095; x_wconf 90' lang='lat' dir='ltr'>motus</span> <span class='ocrx_word' id='word_1_166' title='bbox 2706 1039 2882 1095; x_wconf 81' lang='lat' dir='ltr'>finem</span> <span class='ocrx_word' id='word_1_167' title='bbox 2905 1043 2962 1096; x_wconf 91' lang='lat' dir='ltr'>et</span> <span class='ocrx_word' id='word_1_168' title='bbox 2985 1041 3226 1096; x_wconf 90' lang='lat' dir='ltr'>secundi</span> <span class='ocrx_word' id='word_1_169' title='bbox 3251 1041 3607 1114; x_wconf 86' lang='lat' dir='ltr'>principium</span> 
     </span>
    </p>
   </div>
   <div class='ocr_carea' id='block_1_25' title="bbox 1968 1126 3612 1200">
    <p class='ocr_par' dir='ltr' id='par_1_25' title="bbox 1968 1126 3612 1200">
     <span class='ocr_line' id='line_1_25' title="bbox 1968 1126 3612 1200; baseline 0.003 -19"><span class='ocrx_word' id='word_1_170' title='bbox 1968 1142 2116 1195; x_wconf 85' lang='lat' dir='ltr'>esse,</span> <span class='ocrx_word' id='word_1_171' title='bbox 2168 1126 2663 1199; x_wconf 86' lang='lat' dir='ltr'>quemadmodum</span> <span class='ocrx_word' id='word_1_172' title='bbox 2710 1132 2996 1200; x_wconf 90' lang='lat' dir='ltr'>punctum</span> <span class='ocrx_word' id='word_1_173' title='bbox 3052 1128 3111 1184; x_wconf 90' lang='lat' dir='ltr'>in</span> <span class='ocrx_word' id='word_1_174' title='bbox 3169 1129 3359 1187; x_wconf 85' lang='lat' dir='ltr'>lineis.</span> <span class='ocrx_word' id='word_1_175' title='bbox 3414 1131 3612 1188; x_wconf 82' lang='lat' dir='ltr'>Efﬂuit</span> 
     </span>
    </p>
   </div>
   <div class='ocr_carea' id='block_1_26' title="bbox 1968 1215 3610 1290">
    <p class='ocr_par' dir='ltr' id='par_1_26' title="bbox 1968 1215 3610 1290">
     <span class='ocr_line' id='line_1_26' title="bbox 1968 1215 3610 1290; baseline 0.001 -20"><span class='ocrx_word' id='word_1_176' title='bbox 1968 1215 2124 1271; x_wconf 90' lang='lat' dir='ltr'>enim</span> <span class='ocrx_word' id='word_1_177' title='bbox 2155 1215 2391 1271; x_wconf 87' lang='lat' dir='ltr'>interim</span> <span class='ocrx_word' id='word_1_178' title='bbox 2422 1220 2677 1289; x_wconf 83' lang='lat' dir='ltr'>tempus,</span> <span class='ocrx_word' id='word_1_179' title='bbox 2709 1221 2767 1273; x_wconf 90' lang='lat' dir='ltr'>et</span> <span class='ocrx_word' id='word_1_180' title='bbox 2807 1217 3095 1289; x_wconf 87' lang='lat' dir='ltr'>disjungit</span> <span class='ocrx_word' id='word_1_181' title='bbox 3129 1219 3424 1290; x_wconf 81' lang='grc' dir='ltr'>κινήματα,</span> <span class='ocrx_word' id='word_1_182' title='bbox 3453 1240 3610 1290; x_wconf 86' lang='grc' dir='ltr'>κινη-</span> 
     </span>
    </p>
   </div>
   <div class='ocr_carea' id='block_1_27' title="bbox 1973 1304 3610 1381">
    <p class='ocr_par' dir='ltr' id='par_1_27' title="bbox 1973 1304 3610 1381">
     <span class='ocr_line' id='line_1_27' title="bbox 1973 1304 3610 1381; baseline 0.004 -24"><span class='ocrx_word' id='word_1_183' title='bbox 1973 1304 2154 1375; x_wconf 83' lang='grc' dir='ltr'>μάτων</span> <span class='ocrx_word' id='word_1_184' title='bbox 2215 1309 2413 1360; x_wconf 89' lang='lat' dir='ltr'>autem</span> <span class='ocrx_word' id='word_1_185' title='bbox 2478 1304 2795 1376; x_wconf 86' lang='lat' dir='ltr'>disjunctio</span> <span class='ocrx_word' id='word_1_186' title='bbox 2861 1305 3112 1377; x_wconf 85' lang='lat' dir='ltr'>quietem</span> <span class='ocrx_word' id='word_1_187' title='bbox 3177 1307 3390 1381; x_wconf 84' lang='lat' dir='ltr'>gignit.</span> <span class='ocrx_word' id='word_1_188' title='bbox 3450 1308 3610 1364; x_wconf 89' lang='lat' dir='ltr'>Finis</span> 
     </span>
    </p>
   </div>
   <div class='ocr_carea' id='block_1_28' title="bbox 1970 1393 3608 1468">
    <p class='ocr_par' dir='ltr' id='par_1_28' title="bbox 1970 1393 3608 1468">
     <span class='ocr_line' id='line_1_28' title="bbox 1970 1393 3608 1468; baseline 0.002 -18"><span class='ocrx_word' id='word_1_189' title='bbox 1970 1394 2126 1450; x_wconf 90' lang='lat' dir='ltr'>enim</span> <span class='ocrx_word' id='word_1_190' title='bbox 2159 1398 2352 1449; x_wconf 88' lang='lat' dir='ltr'>motus</span> <span class='ocrx_word' id='word_1_191' title='bbox 2382 1393 2594 1465; x_wconf 88' lang='lat' dir='ltr'>lapidis</span> <span class='ocrx_word' id='word_1_192' title='bbox 2625 1411 2738 1466; x_wconf 88' lang='lat' dir='ltr'>quo</span> <span class='ocrx_word' id='word_1_193' title='bbox 2769 1411 3007 1450; x_wconf 85' lang='lat' dir='ltr'>sursum</span> <span class='ocrx_word' id='word_1_194' title='bbox 3039 1395 3222 1451; x_wconf 83' lang='lat' dir='ltr'>fertur</span> <span class='ocrx_word' id='word_1_195' title='bbox 3247 1413 3282 1452; x_wconf 87' lang='lat' dir='ltr'>a</span> <span class='ocrx_word' id='word_1_196' title='bbox 3322 1396 3608 1468; x_wconf 92' lang='lat' dir='ltr'>principio</span> 
     </span>
    </p>
   </div>
   <div class='ocr_carea' id='block_1_29' title="bbox 1970 1483 3608 1557">
    <p class='ocr_par' dir='ltr' id='par_1_29' title="bbox 1970 1483 3608 1557">
     <span class='ocr_line' id='line_1_29' title="bbox 1970 1483 3608 1557; baseline 0.002 -18"><span class='ocrx_word' id='word_1_197' title='bbox 1970 1483 2097 1553; x_wconf 87' lang='lat' dir='ltr'>ejus</span> <span class='ocrx_word' id='word_1_198' title='bbox 2128 1486 2324 1538; x_wconf 90' lang='lat' dir='ltr'>motus</span> <span class='ocrx_word' id='word_1_199' title='bbox 2355 1499 2469 1554; x_wconf 91' lang='lat' dir='ltr'>quo</span> <span class='ocrx_word' id='word_1_200' title='bbox 2499 1485 2774 1539; x_wconf 86' lang='lat' dir='ltr'>deorsum</span> <span class='ocrx_word' id='word_1_201' title='bbox 2801 1488 3086 1551; x_wconf 89' lang='lat' dir='ltr'>movetur,</span> <span class='ocrx_word' id='word_1_202' title='bbox 3109 1500 3212 1557; x_wconf 91' lang='lat' dir='ltr'>per</span> <span class='ocrx_word' id='word_1_203' title='bbox 3240 1485 3608 1557; x_wconf 83' lang='lat' dir='ltr'>rapiditatem</span> 
     </span>
    </p>
   </div>
   <div class='ocr_carea' id='block_1_30' title="bbox 1971 1571 3611 1646">
    <p class='ocr_par' dir='ltr' id='par_1_30' title="bbox 1971 1571 3611 1646">
     <span class='ocr_line' id='line_1_30' title="bbox 1971 1571 3611 1646; baseline 0.002 -20"><span class='ocrx_word' id='word_1_204' title='bbox 1971 1571 2164 1627; x_wconf 82' lang='lat' dir='ltr'>ﬂuxus</span> <span class='ocrx_word' id='word_1_205' title='bbox 2211 1572 2494 1644; x_wconf 87' lang='lat' dir='ltr'>temporis</span> <span class='ocrx_word' id='word_1_206' title='bbox 2543 1572 2948 1645; x_wconf 88' lang='lat' dir='ltr'>distinguitur.</span> <span class='ocrx_word' id='word_1_207' title='bbox 2997 1572 3161 1629; x_wconf 87' lang='lat' dir='ltr'>Unde</span> <span class='ocrx_word' id='word_1_208' title='bbox 3208 1574 3387 1629; x_wconf 88' lang='lat' dir='ltr'>etiam</span> <span class='ocrx_word' id='word_1_209' title='bbox 3444 1575 3611 1646; x_wconf 89' lang='lat' dir='ltr'>quies</span> 
     </span>
    </p>
   </div>
   <div class='ocr_carea' id='block_1_31' title="bbox 1971 1660 3609 1734">
    <p class='ocr_par' dir='ltr' id='par_1_31' title="bbox 1971 1660 3609 1734">
     <span class='ocr_line' id='line_1_31' title="bbox 1971 1660 3609 1734; baseline 0.001 -17"><span class='ocrx_word' id='word_1_210' title='bbox 1971 1660 2171 1732; x_wconf 85' lang='lat' dir='ltr'>aliqua</span> <span class='ocrx_word' id='word_1_211' title='bbox 2199 1661 2350 1716; x_wconf 90' lang='lat' dir='ltr'>inter</span> <span class='ocrx_word' id='word_1_212' title='bbox 2380 1661 2526 1717; x_wconf 89' lang='lat' dir='ltr'>duas</span> <span class='ocrx_word' id='word_1_213' title='bbox 2570 1660 2784 1734; x_wconf 86' lang='lat' dir='ltr'>lapidis</span> <span class='ocrx_word' id='word_1_214' title='bbox 2829 1660 3076 1718; x_wconf 82' lang='lat' dir='ltr'>lationes</span> <span class='ocrx_word' id='word_1_215' title='bbox 3105 1663 3609 1719; x_wconf 84' lang='lat' dir='ltr'>animadvertitur.</span> 
     </span>
    </p>
   </div>
   <div class='ocr_carea' id='block_1_32' title="bbox 1971 1748 3614 1823">
    <p class='ocr_par' dir='ltr' id='par_1_32' title="bbox 1971 1748 3614 1823">
     <span class='ocr_line' id='line_1_32' title="bbox 1971 1748 3614 1823; baseline 0.002 -17"><span class='ocrx_word' id='word_1_216' title='bbox 1971 1751 2289 1822; x_wconf 89' lang='lat' dir='ltr'>Eapropter</span> <span class='ocrx_word' id='word_1_217' title='bbox 2326 1749 2507 1821; x_wconf 86' lang='lat' dir='ltr'>igitur</span> <span class='ocrx_word' id='word_1_218' title='bbox 2547 1748 2747 1805; x_wconf 90' lang='lat' dir='ltr'>nullus</span> <span class='ocrx_word' id='word_1_219' title='bbox 2792 1754 2990 1806; x_wconf 90' lang='lat' dir='ltr'>motus</span> <span class='ocrx_word' id='word_1_220' title='bbox 3035 1767 3212 1823; x_wconf 86' lang='lat' dir='ltr'>super</span> <span class='ocrx_word' id='word_1_221' title='bbox 3257 1755 3415 1808; x_wconf 86' lang='lat' dir='ltr'>recta</span> <span class='ocrx_word' id='word_1_222' title='bbox 3456 1751 3614 1809; x_wconf 88' lang='lat' dir='ltr'>linea</span> 
     </span>
    </p>
   </div>
   <div class='ocr_carea' id='block_1_33' title="bbox 1971 1839 3613 1912">
    <p class='ocr_par' dir='ltr' id='par_1_33' title="bbox 1971 1839 3613 1912">
     <span class='ocr_line' id='line_1_33' title="bbox 1971 1839 3613 1912; baseline 0.002 -18"><span class='ocrx_word' id='word_1_223' title='bbox 1971 1839 2242 1894; x_wconf 89' lang='lat' dir='ltr'>inﬁnitus</span> <span class='ocrx_word' id='word_1_224' title='bbox 2273 1839 2515 1911; x_wconf 87' lang='lat' dir='ltr'>cogitari</span> <span class='ocrx_word' id='word_1_225' title='bbox 2545 1840 2647 1895; x_wconf 77' lang='lat'>64</span> <span class='ocrx_word' id='word_1_226' title='bbox 2678 1843 2887 1912; x_wconf 88' lang='lat' dir='ltr'>potest.</span> <span class='ocrx_word' id='word_1_227' title='bbox 2920 1841 2993 1894; x_wconf 86' lang='lat' dir='ltr'>At</span> <span class='ocrx_word' id='word_1_228' title='bbox 3021 1839 3083 1896; x_wconf 94' lang='lat' dir='ltr'>in</span> <span class='ocrx_word' id='word_1_229' title='bbox 3116 1840 3332 1896; x_wconf 87' lang='lat' dir='ltr'>circulo</span> <span class='ocrx_word' id='word_1_230' title='bbox 3361 1841 3426 1906; x_wconf 75' lang='grc'>⁷⁵,</span> <span class='ocrx_word' id='word_1_231' title='bbox 3479 1858 3613 1898; x_wconf 89' lang='lat' dir='ltr'>cum</span> 
     </span>
    </p>
   </div>
   <div class='ocr_carea' id='block_1_34' title="bbox 221 1920 1871 2027">
    <p class='ocr_par' dir='ltr' id='par_1_34' title="bbox 221 1920 1864 2002">
     <span class='ocr_line' id='line_1_34' title="bbox 221 1920 1864 2002; baseline -0.001 -21"><span class='ocrx_word' id='word_1_232' title='bbox 221 1924 477 2002; x_wconf 85' lang='grc' dir='ltr'>πέρατος,</span> <span class='ocrx_word' id='word_1_233' title='bbox 524 1923 614 1979; x_wconf 86' lang='grc' dir='ltr'>καὶ</span> <span class='ocrx_word' id='word_1_234' title='bbox 645 1926 680 1993; x_wconf 82' lang='grc' dir='ltr'>ἠ</span> <span class='ocrx_word' id='word_1_235' title='bbox 713 1920 904 1995; x_wconf 87' lang='grc' dir='ltr'>κύκλῳ</span> <span class='ocrx_word' id='word_1_236' title='bbox 959 1922 1172 1994; x_wconf 87' lang='grc' dir='ltr'>κίνησις</span> <span class='ocrx_word' id='word_1_237' title='bbox 1224 1921 1468 1990; x_wconf 80' lang='grc' dir='ltr'>ἄπειρος’</span> <span class='ocrx_word' id='word_1_238' title='bbox 1509 1920 1682 1979; x_wconf 57' lang='grc' dir='ltr'>εἷίτουν</span> <span class='ocrx_word' id='word_1_239' title='bbox 1739 1924 1864 1979; x_wconf 84' lang='grc' dir='ltr'>ἀπε-</span> 
     </span>
    </p>
   </div>
   <div class='ocr_carea' id='block_1_35' title="bbox 1982 1920 3613 2027">
    <p class='ocr_par' dir='ltr' id='par_1_35' title="bbox 1982 1927 3613 2000">
     <span class='ocr_line' id='line_1_35' title="bbox 1982 1927 3613 2000; baseline 0.002 -18"><span class='ocrx_word' id='word_1_240' title='bbox 1982 1927 2326 2000; x_wconf 85' lang='lat' dir='ltr'>principium</span> <span class='ocrx_word' id='word_1_241' title='bbox 2378 1931 2434 1984; x_wconf 90' lang='lat' dir='ltr'>et</span> <span class='ocrx_word' id='word_1_242' title='bbox 2482 1928 2616 1983; x_wconf 87' lang='lat' dir='ltr'>ﬁnis</span> <span class='ocrx_word' id='word_1_243' title='bbox 2665 1933 3036 1998; x_wconf 83' lang='lat' dir='ltr'>concurrant,</span> <span class='ocrx_word' id='word_1_244' title='bbox 3071 1932 3266 1985; x_wconf 91' lang='lat' dir='ltr'>motus</span> <span class='ocrx_word' id='word_1_245' title='bbox 3310 1929 3613 1986; x_wconf 87' lang='lat' dir='ltr'>circularis</span> 
     </span>
    </p>
   </div>
   <div class='ocr_carea' id='block_1_36' title="bbox 225 2011 1862 2092">
    <p class='ocr_par' dir='ltr' id='par_1_36' title="bbox 225 2011 1862 2092">
     <span class='ocr_line' id='line_1_36' title="bbox 225 2011 1862 2092; baseline -0.002 -22"><span class='ocrx_word' id='word_1_246' title='bbox 225 2015 463 2092; x_wconf 87' lang='grc' dir='ltr'>ράτωτος</span> <span class='ocrx_word' id='word_1_247' title='bbox 525 2011 742 2068; x_wconf 88' lang='grc' dir='ltr'>δύναται</span> <span class='ocrx_word' id='word_1_248' title='bbox 799 2011 1056 2089; x_wconf 88' lang='grc' dir='ltr'>γίνεσθαι,</span> <span class='ocrx_word' id='word_1_249' title='bbox 1113 2016 1297 2067; x_wconf 91' lang='grc' dir='ltr'>πασῶν</span> <span class='ocrx_word' id='word_1_250' title='bbox 1361 2015 1469 2067; x_wconf 92' lang='grc' dir='ltr'>τῶν</span> <span class='ocrx_word' id='word_1_251' title='bbox 1554 2017 1862 2090; x_wconf 73' lang='grc' dir='ltr'>περιφορῶν</span> 
     </span>
    </p>
   </div>
   <div class='ocr_carea' id='block_1_37' title="bbox 221 2100 1863 2177">
    <p class='ocr_par' dir='ltr' id='par_1_37' title="bbox 221 2100 1863 2177">
     <span class='ocr_line' id='line_1_37' title="bbox 221 2100 1863 2177; baseline 0.004 -23"><span class='ocrx_word' id='word_1_252' title='bbox 221 2105 342 2169; x_wconf 82' lang='grc' dir='ltr'>καθ’</span> <span class='ocrx_word' id='word_1_253' title='bbox 391 2102 448 2158; x_wconf 78' lang='grc' dir='ltr'>’ἐν</span> <span class='ocrx_word' id='word_1_254' title='bbox 501 2101 709 2176; x_wconf 83' lang='grc' dir='ltr'>κίνημα</span> <span class='ocrx_word' id='word_1_255' title='bbox 783 2101 1195 2174; x_wconf 72' lang='grc' dir='ltr'>συναπτομένων</span> <span class='ocrx_word' id='word_1_256' title='bbox 1271 2100 1360 2156; x_wconf 82' lang='grc' dir='ltr'>καὶ</span> <span class='ocrx_word' id='word_1_257' title='bbox 1435 2100 1863 2177; x_wconf 84' lang='grc' dir='ltr'>συνεχιζομένων</span> 
     </span>
    </p>
   </div>
   <div class='ocr_carea' id='block_1_38' title="bbox 224 2187 1868 2268">
    <p class='ocr_par' dir='ltr' id='par_1_38' title="bbox 224 2187 1868 2268">
     <span class='ocr_line' id='line_1_38' title="bbox 224 2187 1868 2268; baseline -0.002 -21"><span class='ocrx_word' id='word_1_258' title='bbox 224 2189 524 2263; x_wconf 82' lang='grc' dir='ltr'>ἀλλήλαις,</span> <span class='ocrx_word' id='word_1_259' title='bbox 555 2192 643 2247; x_wconf 81' lang='grc' dir='ltr'>καὶ</span> <span class='ocrx_word' id='word_1_260' title='bbox 701 2190 779 2253; x_wconf 90' lang='grc' dir='ltr'>ὡς</span> <span class='ocrx_word' id='word_1_261' title='bbox 838 2196 966 2264; x_wconf 80' lang='grc' dir='ltr'>μιᾶς</span> <span class='ocrx_word' id='word_1_262' title='bbox 1022 2194 1320 2268; x_wconf 82' lang='grc' dir='ltr'>περιφορᾶς</span> <span class='ocrx_word' id='word_1_263' title='bbox 1374 2187 1717 2264; x_wconf 76' lang='grc' dir='ltr'>τελουμένων</span> <span class='ocrx_word' id='word_1_264' title='bbox 1758 2195 1868 2246; x_wconf 89' lang='grc' dir='ltr'>τῶν</span> 
     </span>
    </p>
   </div>
   <div class='ocr_carea' id='block_1_39' title="bbox 223 2273 1862 2356">
    <p class='ocr_par' dir='ltr' id='par_1_39' title="bbox 223 2273 1862 2356">
     <span class='ocr_line' id='line_1_39' title="bbox 223 2273 1862 2356; baseline -0.002 -20"><span class='ocrx_word' id='word_1_265' title='bbox 223 2279 370 2337; x_wconf 75' lang='grc' dir='ltr'>ὅλων</span> <span class='ocrx_word' id='word_1_266' title='bbox 425 2281 621 2356; x_wconf 87' lang='grc' dir='ltr'>μέχρις</span> <span class='ocrx_word' id='word_1_267' title='bbox 677 2279 736 2334; x_wconf 79' lang='grc' dir='ltr'>ἃν</span> <span class='ocrx_word' id='word_1_268' title='bbox 793 2279 857 2334; x_wconf 86' lang='grc' dir='ltr'>τὸ</span> <span class='ocrx_word' id='word_1_269' title='bbox 910 2280 1220 2334; x_wconf 81' lang='grc' dir='ltr'>τελευταῖον</span> <span class='ocrx_word' id='word_1_270' title='bbox 1260 2273 1614 2334; x_wconf 81' lang='grc' dir='ltr'>καταλάϐοιεν</span> <span class='ocrx_word' id='word_1_271' title='bbox 1674 2280 1862 2356; x_wconf 84' lang='grc' dir='ltr'>πέρας,</span> 
     </span>
    </p>
   </div>
   <div class='ocr_carea' id='block_1_40' title="bbox 219 2364 1867 2444">
    <p class='ocr_par' dir='ltr' id='par_1_40' title="bbox 219 2364 1867 2444">
     <span class='ocr_line' id='line_1_40' title="bbox 219 2364 1867 2444; baseline -0.002 -19"><span class='ocrx_word' id='word_1_272' title='bbox 219 2371 285 2426; x_wconf 86' lang='grc' dir='ltr'>τὸ</span> <span class='ocrx_word' id='word_1_273' title='bbox 343 2370 638 2444; x_wconf 70' lang='grc' dir='ltr'>ὡρισμένον</span> <span class='ocrx_word' id='word_1_274' title='bbox 699 2367 884 2430; x_wconf 87' lang='grc' dir='ltr'>αὐταῖς</span> <span class='ocrx_word' id='word_1_275' title='bbox 942 2367 1045 2422; x_wconf 81' lang='grc' dir='ltr'>ὑπὸ</span> <span class='ocrx_word' id='word_1_276' title='bbox 1101 2370 1198 2421; x_wconf 76' lang='grc' dir='ltr'>τοῦ</span> <span class='ocrx_word' id='word_1_277' title='bbox 1247 2368 1343 2436; x_wconf 79' lang='grc' dir='ltr'>τήν</span> <span class='ocrx_word' id='word_1_278' title='bbox 1401 2367 1624 2440; x_wconf 85' lang='grc' dir='ltr'>πρώτην</span> <span class='ocrx_word' id='word_1_279' title='bbox 1680 2364 1867 2429; x_wconf 82' lang='grc' dir='ltr'>δόντος</span> 
     </span>
    </p>
   </div>
   <div class='ocr_carea' id='block_1_41' title="bbox 224 2454 1867 2535">
    <p class='ocr_par' dir='ltr' id='par_1_41' title="bbox 224 2454 1867 2535">
     <span class='ocr_line' id='line_1_41' title="bbox 224 2454 1867 2535; baseline -0.002 -21"><span class='ocrx_word' id='word_1_280' title='bbox 224 2461 430 2535; x_wconf 78' lang='grc' dir='ltr'>ἀρχήν.</span> <span class='ocrx_word' id='word_1_281' title='bbox 465 2459 564 2513; x_wconf 84' lang='grc' dir='ltr'>Διά</span> <span class='ocrx_word' id='word_1_282' title='bbox 615 2479 674 2512; x_wconf 90' lang='grc' dir='ltr'>τε</span> <span class='ocrx_word' id='word_1_283' title='bbox 702 2461 832 2534; x_wconf 74' lang='grc' dir='ltr'>γοῦν</span> <span class='ocrx_word' id='word_1_284' title='bbox 869 2458 969 2527; x_wconf 77' lang='grc' dir='ltr'>τὴν</span> <span class='ocrx_word' id='word_1_285' title='bbox 1000 2454 1256 2526; x_wconf 76' lang='grc' dir='ltr'>τοιαύτην</span> <span class='ocrx_word' id='word_1_286' title='bbox 1291 2457 1569 2532; x_wconf 89' lang='grc' dir='ltr'>συνέχειαν</span> <span class='ocrx_word' id='word_1_287' title='bbox 1602 2457 1636 2526; x_wconf 81' lang='grc' dir='ltr'>ἡ</span> <span class='ocrx_word' id='word_1_288' title='bbox 1670 2455 1867 2511; x_wconf 91' lang='grc' dir='ltr'>κυκλο-</span> 
     </span>
    </p>
   </div>
   <div class='ocr_carea' id='block_1_42' title="bbox 223 2544 1867 2628">
    <p class='ocr_par' dir='ltr' id='par_1_42' title="bbox 223 2544 1867 2628">
     <span class='ocr_line' id='line_1_42' title="bbox 223 2544 1867 2628; baseline -0.002 -25"><span class='ocrx_word' id='word_1_289' title='bbox 223 2548 392 2628; x_wconf 76' lang='grc' dir='ltr'>φορία</span> <span class='ocrx_word' id='word_1_290' title='bbox 446 2546 747 2621; x_wconf 88' lang='grc' dir='ltr'>τελεωτέρα</span> <span class='ocrx_word' id='word_1_291' title='bbox 802 2545 933 2617; x_wconf 79' lang='grc' dir='ltr'>ἐστὶ,</span> <span class='ocrx_word' id='word_1_292' title='bbox 963 2546 1053 2600; x_wconf 84' lang='grc' dir='ltr'>καὶ</span> <span class='ocrx_word' id='word_1_293' title='bbox 1110 2545 1303 2620; x_wconf 82' lang='grc' dir='ltr'>πρώτη</span> <span class='ocrx_word' id='word_1_294' title='bbox 1361 2547 1460 2614; x_wconf 72' lang='grc' dir='ltr'>τῆς</span> <span class='ocrx_word' id='word_1_295' title='bbox 1520 2545 1602 2600; x_wconf 79' lang='grc' dir='ltr'>ἐπ’</span> <span class='ocrx_word' id='word_1_296' title='bbox 1659 2544 1867 2609; x_wconf 77' lang='grc' dir='ltr'>εὐθείας</span> 
     </span>
    </p>
   </div>
   <div class='ocr_carea' id='block_1_43' title="bbox 221 2639 510 2708">
    <p class='ocr_par' dir='ltr' id='par_1_43' title="bbox 221 2639 510 2708">
     <span class='ocr_line' id='line_1_43' title="bbox 221 2639 510 2708; baseline -0.01 -14"><span class='ocrx_word' id='word_1_297' title='bbox 221 2639 510 2708; x_wconf 76' lang='grc' dir='ltr'>κινήσεως.</span> 
     </span>
    </p>
   </div>
   <div class='ocr_carea' id='block_1_44' title="bbox 301 2720 1867 2800">
    <p class='ocr_par' dir='ltr' id='par_1_44' title="bbox 301 2720 1867 2800">
     <span class='ocr_line' id='line_1_44' title="bbox 301 2720 1867 2800; baseline -0.002 -19"><span class='ocrx_word' id='word_1_298' title='bbox 301 2727 386 2783; x_wconf 86' lang='grc' dir='ltr'>ια’.</span> <span class='ocrx_word' id='word_1_299' title='bbox 420 2724 520 2781; x_wconf 86' lang='grc' dir='ltr'>Καὶ</span> <span class='ocrx_word' id='word_1_300' title='bbox 577 2724 663 2780; x_wconf 77' lang='grc' dir='ltr'>ὅτι</span> <span class='ocrx_word' id='word_1_301' title='bbox 717 2723 856 2797; x_wconf 87' lang='grc' dir='ltr'>μόνη</span> <span class='ocrx_word' id='word_1_302' title='bbox 913 2725 1146 2800; x_wconf 85' lang='grc' dir='ltr'>πέφυκεν</span> <span class='ocrx_word' id='word_1_303' title='bbox 1201 2720 1440 2796; x_wconf 76' lang='grc' dir='ltr'>ὁμαλής.</span> <span class='ocrx_word' id='word_1_304' title='bbox 1485 2722 1568 2780; x_wconf 79' lang='grc' dir='ltr'>Τὰ</span> <span class='ocrx_word' id='word_1_305' title='bbox 1623 2723 1727 2799; x_wconf 76' lang='grc' dir='ltr'>γὰρ</span> <span class='ocrx_word' id='word_1_306' title='bbox 1785 2723 1867 2778; x_wconf 78' lang='grc' dir='ltr'>ἐπ’</span> 
     </span>
    </p>
   </div>
   <div class='ocr_carea' id='block_1_45' title="bbox 227 2809 1869 2891">
    <p class='ocr_par' dir='ltr' id='par_1_45' title="bbox 227 2809 1869 2891">
     <span class='ocr_line' id='line_1_45' title="bbox 227 2809 1869 2891; baseline -0.003 -19"><span class='ocrx_word' id='word_1_307' title='bbox 227 2815 434 2881; x_wconf 85' lang='grc' dir='ltr'>εὐθείας</span> <span class='ocrx_word' id='word_1_308' title='bbox 491 2812 597 2870; x_wconf 85' lang='grc' dir='ltr'>εἷ’τε</span> <span class='ocrx_word' id='word_1_309' title='bbox 649 2814 786 2868; x_wconf 87' lang='grc' dir='ltr'>κατά</span> <span class='ocrx_word' id='word_1_310' title='bbox 841 2813 995 2891; x_wconf 85' lang='grc' dir='ltr'>φύσιν</span> <span class='ocrx_word' id='word_1_311' title='bbox 1051 2809 1158 2868; x_wconf 77' lang='grc' dir='ltr'>εἶ’τε</span> <span class='ocrx_word' id='word_1_312' title='bbox 1211 2812 1357 2886; x_wconf 85' lang='grc' dir='ltr'>παρά</span> <span class='ocrx_word' id='word_1_313' title='bbox 1413 2811 1567 2889; x_wconf 84' lang='grc' dir='ltr'>φύσιν</span> <span class='ocrx_word' id='word_1_314' title='bbox 1613 2810 1869 2886; x_wconf 86' lang='grc' dir='ltr'>κινούμε-</span> 
     </span>
    </p>
   </div>
   <div class='ocr_carea' id='block_1_46' title="bbox 226 2900 1869 2980">
    <p class='ocr_par' dir='ltr' id='par_1_46' title="bbox 226 2900 1869 2980">
     <span class='ocr_line' id='line_1_46' title="bbox 226 2900 1869 2980; baseline -0.002 -21"><span class='ocrx_word' id='word_1_315' title='bbox 226 2926 310 2977; x_wconf 88' lang='grc' dir='ltr'>να,</span> <span class='ocrx_word' id='word_1_316' title='bbox 361 2900 668 2978; x_wconf 81' lang='grc' dir='ltr'>ἀνωμάλως</span> <span class='ocrx_word' id='word_1_317' title='bbox 717 2900 822 2957; x_wconf 81' lang='grc' dir='ltr'>ἀπὸ</span> <span class='ocrx_word' id='word_1_318' title='bbox 867 2905 968 2970; x_wconf 75' lang='grc' dir='ltr'>τῆς</span> <span class='ocrx_word' id='word_1_319' title='bbox 1013 2901 1194 2976; x_wconf 83' lang='grc' dir='ltr'>ἀρχῆς</span> <span class='ocrx_word' id='word_1_320' title='bbox 1243 2901 1456 2980; x_wconf 85' lang='grc' dir='ltr'>φέρεται</span> <span class='ocrx_word' id='word_1_321' title='bbox 1501 2902 1636 2977; x_wconf 88' lang='grc' dir='ltr'>πρὸς</span> <span class='ocrx_word' id='word_1_322' title='bbox 1671 2901 1735 2956; x_wconf 88' lang='grc' dir='ltr'>τὸ</span> <span class='ocrx_word' id='word_1_323' title='bbox 1782 2900 1869 2956; x_wconf 87' lang='grc' dir='ltr'>τέ-</span> 
     </span>
    </p>
   </div>
   <div class='ocr_carea' id='block_1_47' title="bbox 228 2987 1866 3068">
    <p class='ocr_par' dir='ltr' id='par_1_47' title="bbox 228 2987 1866 3068">
     <span class='ocr_line' id='line_1_47' title="bbox 228 2987 1866 3068; baseline -0.004 -18"><span class='ocrx_word' id='word_1_324' title='bbox 228 2993 350 3056; x_wconf 87' lang='grc' dir='ltr'>λος.</span> <span class='ocrx_word' id='word_1_325' title='bbox 391 2992 466 3047; x_wconf 78' lang='grc' dir='ltr'>Τὰ</span> <span class='ocrx_word' id='word_1_326' title='bbox 534 2992 627 3066; x_wconf 75' lang='grc' dir='ltr'>μὲν</span> <span class='ocrx_word' id='word_1_327' title='bbox 681 2989 785 3067; x_wconf 77' lang='grc' dir='ltr'>γὰρ</span> <span class='ocrx_word' id='word_1_328' title='bbox 839 2991 985 3066; x_wconf 81' lang='grc' dir='ltr'>παρὰ</span> <span class='ocrx_word' id='word_1_329' title='bbox 1051 2989 1205 3068; x_wconf 83' lang='grc' dir='ltr'>φύσιν</span> <span class='ocrx_word' id='word_1_330' title='bbox 1264 2989 1555 3066; x_wconf 82' lang='grc' dir='ltr'>φερόμενα,</span> <span class='ocrx_word' id='word_1_331' title='bbox 1615 2987 1714 3044; x_wconf 76' lang='grc' dir='ltr'>ὅσα</span> <span class='ocrx_word' id='word_1_332' title='bbox 1772 2991 1866 3064; x_wconf 75' lang='grc' dir='ltr'>μὲν</span> 
     </span>
    </p>
   </div>
   <div class='ocr_carea' id='block_1_48' title="bbox 226 3077 1866 3157">
    <p class='ocr_par' dir='ltr' id='par_1_48' title="bbox 226 3077 1866 3157">
     <span class='ocr_line' id='line_1_48' title="bbox 226 3077 1866 3157; baseline -0.004 -19"><span class='ocrx_word' id='word_1_333' title='bbox 226 3081 478 3138; x_wconf 75' lang='grc' dir='ltr'>ἕλκονται</span> <span class='ocrx_word' id='word_1_334' title='bbox 541 3077 865 3157; x_wconf 87' lang='grc' dir='ltr'>βραδύτερον</span> <span class='ocrx_word' id='word_1_335' title='bbox 924 3077 1173 3157; x_wconf 84' lang='grc' dir='ltr'>φέρονται</span> <span class='ocrx_word' id='word_1_336' title='bbox 1240 3080 1339 3148; x_wconf 77' lang='grc' dir='ltr'>τήν</span> <span class='ocrx_word' id='word_1_337' title='bbox 1417 3079 1617 3155; x_wconf 76' lang='grc' dir='ltr'>ἀρχὴν,</span> <span class='ocrx_word' id='word_1_338' title='bbox 1679 3080 1866 3134; x_wconf 80' lang='grc' dir='ltr'>θᾶττον</span> 
     </span>
    </p>
   </div>
   <div class='ocr_carea' id='block_1_49' title="bbox 227 3166 1870 3245">
    <p class='ocr_par' dir='ltr' id='par_1_49' title="bbox 227 3166 1870 3245">
     <span class='ocr_line' id='line_1_49' title="bbox 227 3166 1870 3245; baseline -0.002 -17"><span class='ocrx_word' id='word_1_339' title='bbox 227 3171 288 3228; x_wconf 77' lang='grc' dir='ltr'>δὲ</span> <span class='ocrx_word' id='word_1_340' title='bbox 331 3176 412 3244; x_wconf 78' lang='grc' dir='ltr'>τῷ</span> <span class='ocrx_word' id='word_1_341' title='bbox 458 3167 672 3226; x_wconf 76' lang='grc' dir='ltr'>ἕλκοντι</span> <span class='ocrx_word' id='word_1_342' title='bbox 720 3167 1113 3239; x_wconf 85' lang='grc' dir='ltr'>πλησιάζοντα,</span> <span class='ocrx_word' id='word_1_343' title='bbox 1146 3166 1236 3223; x_wconf 72' lang='grc' dir='ltr'>διὰ</span> <span class='ocrx_word' id='word_1_344' title='bbox 1281 3170 1342 3223; x_wconf 88' lang='grc' dir='ltr'>τὸ</span> <span class='ocrx_word' id='word_1_345' title='bbox 1395 3167 1606 3241; x_wconf 81' lang='grc' dir='ltr'>μᾶλλον</span> <span class='ocrx_word' id='word_1_346' title='bbox 1655 3168 1870 3245; x_wconf 79' lang='grc' dir='ltr'>ἐπικρα-</span> 
     </span>
    </p>
   </div>
   <div class='ocr_carea' id='block_1_50' title="bbox 222 3255 1871 3334">
    <p class='ocr_par' dir='ltr' id='par_1_50' title="bbox 222 3255 1871 3334">
     <span class='ocr_line' id='line_1_50' title="bbox 222 3255 1871 3334; baseline -0.002 -17"><span class='ocrx_word' id='word_1_347' title='bbox 222 3266 336 3318; x_wconf 86' lang='grc' dir='ltr'>τεῖν</span> <span class='ocrx_word' id='word_1_348' title='bbox 369 3260 495 3316; x_wconf 92' lang='grc' dir='ltr'>τότε</span> <span class='ocrx_word' id='word_1_349' title='bbox 521 3261 620 3330; x_wconf 70' lang='grc' dir='ltr'>τὴν</span> <span class='ocrx_word' id='word_1_350' title='bbox 646 3263 745 3314; x_wconf 81' lang='grc' dir='ltr'>τοῦ</span> <span class='ocrx_word' id='word_1_351' title='bbox 769 3256 1025 3321; x_wconf 72' lang='grc' dir='ltr'>ἕλκοντος</span> <span class='ocrx_word' id='word_1_352' title='bbox 1057 3256 1302 3332; x_wconf 89' lang='grc' dir='ltr'>δύναμιν.</span> <span class='ocrx_word' id='word_1_353' title='bbox 1335 3260 1471 3312; x_wconf 87' lang='grc' dir='ltr'>Ὅσα</span> <span class='ocrx_word' id='word_1_354' title='bbox 1513 3255 1570 3312; x_wconf 77' lang='grc' dir='ltr'>δὲ</span> <span class='ocrx_word' id='word_1_355' title='bbox 1619 3257 1871 3334; x_wconf 74' lang='grc' dir='ltr'>ῥιπτοῦν-</span> 
     </span>
    </p>
   </div>
   <div class='ocr_carea' id='block_1_51' title="bbox 1971 2017 3611 2091">
    <p class='ocr_par' dir='ltr' id='par_1_51' title="bbox 1971 2017 3611 2091">
     <span class='ocr_line' id='line_1_51' title="bbox 1971 2017 3611 2091; baseline 0.002 -19"><span class='ocrx_word' id='word_1_356' title='bbox 1971 2017 2237 2073; x_wconf 87' lang='lat' dir='ltr'>inﬁnitus</span> <span class='ocrx_word' id='word_1_357' title='bbox 2267 2019 2374 2084; x_wconf 87' lang='lat' dir='ltr'>est,</span> <span class='ocrx_word' id='word_1_358' title='bbox 2409 2017 2531 2073; x_wconf 89' lang='lat' dir='ltr'>sive</span> <span class='ocrx_word' id='word_1_359' title='bbox 2576 2017 2990 2074; x_wconf 87' lang='lat' dir='ltr'>interminatus</span> <span class='ocrx_word' id='word_1_360' title='bbox 3031 2018 3158 2074; x_wconf 86' lang='lat' dir='ltr'>fieri</span> <span class='ocrx_word' id='word_1_361' title='bbox 3204 2022 3432 2091; x_wconf 90' lang='lat' dir='ltr'>potest;</span> <span class='ocrx_word' id='word_1_362' title='bbox 3476 2035 3611 2075; x_wconf 90' lang='lat' dir='ltr'>cum</span> 
     </span>
    </p>
   </div>
   <div class='ocr_carea' id='block_1_52' title="bbox 1973 2105 3614 2182">
    <p class='ocr_par' dir='ltr' id='par_1_52' title="bbox 1973 2105 3614 2182">
     <span class='ocr_line' id='line_1_52' title="bbox 1973 2105 3614 2182; baseline 0.001 -20"><span class='ocrx_word' id='word_1_363' title='bbox 1973 2123 2177 2162; x_wconf 91' lang='lat' dir='ltr'>omnes</span> <span class='ocrx_word' id='word_1_364' title='bbox 2231 2105 2636 2162; x_wconf 89' lang='lat' dir='ltr'>conversiones</span> <span class='ocrx_word' id='word_1_365' title='bbox 2693 2123 2810 2162; x_wconf 90' lang='lat' dir='ltr'>uno</span> <span class='ocrx_word' id='word_1_366' title='bbox 2865 2106 3124 2178; x_wconf 81' lang='grc' dir='ltr'>κινήματι</span> <span class='ocrx_word' id='word_1_367' title='bbox 3180 2109 3614 2182; x_wconf 89' lang='lat' dir='ltr'>conjungantur</span> 
     </span>
    </p>
   </div>
   <div class='ocr_carea' id='block_1_53' title="bbox 1973 2194 3611 2263">
    <p class='ocr_par' dir='ltr' id='par_1_53' title="bbox 1973 2194 3611 2263">
     <span class='ocr_line' id='line_1_53' title="bbox 1973 2194 3611 2263; baseline 0.001 -11"><span class='ocrx_word' id='word_1_368' title='bbox 1973 2199 2030 2252; x_wconf 90' lang='lat' dir='ltr'>et</span> <span class='ocrx_word' id='word_1_369' title='bbox 2058 2195 2475 2251; x_wconf 84' lang='lat' dir='ltr'>continuentur</span> <span class='ocrx_word' id='word_1_370' title='bbox 2503 2194 2773 2263; x_wconf 87' lang='lat' dir='ltr'>invicem,</span> <span class='ocrx_word' id='word_1_371' title='bbox 2805 2199 2863 2250; x_wconf 90' lang='lat' dir='ltr'>et</span> <span class='ocrx_word' id='word_1_372' title='bbox 2909 2199 2974 2251; x_wconf 89' lang='lat' dir='ltr'>ut</span> <span class='ocrx_word' id='word_1_373' title='bbox 3013 2197 3309 2253; x_wconf 88' lang='lat' dir='ltr'>conversio</span> <span class='ocrx_word' id='word_1_374' title='bbox 3340 2214 3459 2252; x_wconf 91' lang='lat' dir='ltr'>una</span> <span class='ocrx_word' id='word_1_375' title='bbox 3486 2213 3611 2253; x_wconf 90' lang='lat' dir='ltr'>om-</span> 
     </span>
    </p>
   </div>
   <div class='ocr_carea' id='block_1_54' title="bbox 1973 2283 3611 2356">
    <p class='ocr_par' dir='ltr' id='par_1_54' title="bbox 1973 2283 3611 2356">
     <span class='ocr_line' id='line_1_54' title="bbox 1973 2283 3611 2356; baseline 0.001 -15"><span class='ocrx_word' id='word_1_376' title='bbox 1973 2301 2078 2341; x_wconf 89' lang='lat' dir='ltr'>nes</span> <span class='ocrx_word' id='word_1_377' title='bbox 2107 2283 2506 2356; x_wconf 89' lang='lat' dir='ltr'>perﬁciantur,</span> <span class='ocrx_word' id='word_1_378' title='bbox 2529 2284 2711 2340; x_wconf 91' lang='lat' dir='ltr'>donec</span> <span class='ocrx_word' id='word_1_379' title='bbox 2741 2288 3064 2340; x_wconf 86' lang='lat' dir='ltr'>extremum</span> <span class='ocrx_word' id='word_1_380' title='bbox 3093 2286 3410 2341; x_wconf 87' lang='lat' dir='ltr'>terminum</span> <span class='ocrx_word' id='word_1_381' title='bbox 3441 2303 3611 2342; x_wconf 90' lang='lat' dir='ltr'>occu-</span> 
     </span>
    </p>
   </div>
   <div class='ocr_carea' id='block_1_55' title="bbox 1973 2373 3614 2448">
    <p class='ocr_par' dir='ltr' id='par_1_55' title="bbox 1973 2373 3614 2448">
     <span class='ocr_line' id='line_1_55' title="bbox 1973 2373 3614 2448; baseline 0 -17"><span class='ocrx_word' id='word_1_382' title='bbox 1973 2373 2253 2448; x_wconf 84' lang='lat' dir='ltr'>paverint,</span> <span class='ocrx_word' id='word_1_383' title='bbox 2279 2373 2377 2445; x_wconf 87' lang='lat' dir='ltr'>qui</span> <span class='ocrx_word' id='word_1_384' title='bbox 2404 2373 2548 2444; x_wconf 88' lang='lat' dir='ltr'>ipsis</span> <span class='ocrx_word' id='word_1_385' title='bbox 2573 2373 2644 2428; x_wconf 89' lang='lat' dir='ltr'>ab</span> <span class='ocrx_word' id='word_1_386' title='bbox 2675 2390 2762 2439; x_wconf 90' lang='lat' dir='ltr'>eo,</span> <span class='ocrx_word' id='word_1_387' title='bbox 2787 2391 2820 2429; x_wconf 90' lang='lat' dir='ltr'>a</span> <span class='ocrx_word' id='word_1_388' title='bbox 2848 2390 2964 2445; x_wconf 88' lang='lat' dir='ltr'>quo</span> <span class='ocrx_word' id='word_1_389' title='bbox 2984 2375 3240 2446; x_wconf 91' lang='lat' dir='ltr'>primum</span> <span class='ocrx_word' id='word_1_390' title='bbox 3263 2375 3614 2447; x_wconf 89' lang='lat' dir='ltr'>principium</span> 
     </span>
    </p>
   </div>
   <div class='ocr_carea' id='block_1_56' title="bbox 1976 2463 3618 2536">
    <p class='ocr_par' dir='ltr' id='par_1_56' title="bbox 1976 2463 3618 2536">
     <span class='ocr_line' id='line_1_56' title="bbox 1976 2463 3618 2536; baseline -0.001 -17"><span class='ocrx_word' id='word_1_391' title='bbox 1976 2466 2340 2535; x_wconf 87' lang='lat' dir='ltr'>acceperunt,</span> <span class='ocrx_word' id='word_1_392' title='bbox 2392 2463 2758 2533; x_wconf 67' lang='lat' dir='ltr'>praestitutus</span> <span class='ocrx_word' id='word_1_393' title='bbox 2809 2466 2918 2518; x_wconf 92' lang='lat' dir='ltr'>est.</span> <span class='ocrx_word' id='word_1_394' title='bbox 2949 2463 3188 2536; x_wconf 87' lang='lat' dir='ltr'>Propter</span> <span class='ocrx_word' id='word_1_395' title='bbox 3236 2463 3388 2519; x_wconf 87' lang='lat' dir='ltr'>hanc</span> <span class='ocrx_word' id='word_1_396' title='bbox 3435 2463 3618 2536; x_wconf 86' lang='lat' dir='ltr'>igitur</span> 
     </span>
    </p>
   </div>
   <div class='ocr_carea' id='block_1_57' title="bbox 1977 2549 3616 2623">
    <p class='ocr_par' dir='ltr' id='par_1_57' title="bbox 1977 2549 3616 2623">
     <span class='ocr_line' id='line_1_57' title="bbox 1977 2549 3616 2623; baseline -0.001 -16"><span class='ocrx_word' id='word_1_397' title='bbox 1977 2551 2421 2609; x_wconf 87' lang='lat' dir='ltr'>continuitatem</span> <span class='ocrx_word' id='word_1_398' title='bbox 2453 2549 2754 2607; x_wconf 89' lang='lat' dir='ltr'>circularis</span> <span class='ocrx_word' id='word_1_399' title='bbox 2785 2553 2980 2606; x_wconf 87' lang='lat' dir='ltr'>motus</span> <span class='ocrx_word' id='word_1_400' title='bbox 3010 2552 3318 2623; x_wconf 87' lang='lat' dir='ltr'>perfectior</span> <span class='ocrx_word' id='word_1_401' title='bbox 3344 2556 3403 2608; x_wconf 94' lang='lat' dir='ltr'>et</span> <span class='ocrx_word' id='word_1_402' title='bbox 3441 2551 3616 2609; x_wconf 91' lang='lat' dir='ltr'>recti-</span> 
     </span>
    </p>
   </div>
   <div class='ocr_carea' id='block_1_58' title="bbox 1974 2639 2658 2711">
    <p class='ocr_par' dir='ltr' id='par_1_58' title="bbox 1974 2639 2658 2711">
     <span class='ocr_line' id='line_1_58' title="bbox 1974 2639 2658 2711; baseline -0.003 -15"><span class='ocrx_word' id='word_1_403' title='bbox 1974 2640 2129 2697; x_wconf 90' lang='lat' dir='ltr'>lineo</span> <span class='ocrx_word' id='word_1_404' title='bbox 2161 2644 2324 2694; x_wconf 90' lang='lat' dir='ltr'>motu</span> <span class='ocrx_word' id='word_1_405' title='bbox 2357 2639 2516 2711; x_wconf 92' lang='lat' dir='ltr'>prior</span> <span class='ocrx_word' id='word_1_406' title='bbox 2551 2643 2658 2696; x_wconf 90' lang='lat' dir='ltr'>est.</span> 
     </span>
    </p>
   </div>
   <div class='ocr_carea' id='block_1_59' title="bbox 2048 2726 3618 2800">
    <p class='ocr_par' dir='ltr' id='par_1_59' title="bbox 2048 2726 3618 2800">
     <span class='ocr_line' id='line_1_59' title="bbox 2048 2726 3618 2800; baseline 0.001 -16"><span class='ocrx_word' id='word_1_407' title='bbox 2048 2730 2135 2784; x_wconf 84' lang='lat'>11.</span> <span class='ocrx_word' id='word_1_408' title='bbox 2168 2729 2432 2800; x_wconf 90' lang='lat' dir='ltr'>Itemque</span> <span class='ocrx_word' id='word_1_409' title='bbox 2461 2727 2602 2799; x_wconf 89' lang='lat' dir='ltr'>quia</span> <span class='ocrx_word' id='word_1_410' title='bbox 2633 2726 2794 2784; x_wconf 92' lang='lat' dir='ltr'>solus</span> <span class='ocrx_word' id='word_1_411' title='bbox 2824 2731 2914 2784; x_wconf 91' lang='lat' dir='ltr'>est</span> <span class='ocrx_word' id='word_1_412' title='bbox 2937 2727 3262 2800; x_wconf 77' lang='lat' dir='ltr'>aequabilis.</span> <span class='ocrx_word' id='word_1_413' title='bbox 3293 2729 3432 2794; x_wconf 72' lang='lat' dir='ltr'>Quae</span> <span class='ocrx_word' id='word_1_414' title='bbox 3461 2729 3618 2786; x_wconf 91' lang='lat' dir='ltr'>enim</span> 
     </span>
    </p>
   </div>
   <div class='ocr_carea' id='block_1_60' title="bbox 1977 2815 3620 2885">
    <p class='ocr_par' dir='ltr' id='par_1_60' title="bbox 1977 2815 3620 2885">
     <span class='ocr_line' id='line_1_60' title="bbox 1977 2815 3620 2885; baseline 0 -11"><span class='ocrx_word' id='word_1_415' title='bbox 1977 2819 2048 2874; x_wconf 89' lang='lat' dir='ltr'>ad</span> <span class='ocrx_word' id='word_1_416' title='bbox 2094 2821 2312 2873; x_wconf 89' lang='lat' dir='ltr'>rectam</span> <span class='ocrx_word' id='word_1_417' title='bbox 2341 2815 2559 2872; x_wconf 91' lang='lat' dir='ltr'>lineam</span> <span class='ocrx_word' id='word_1_418' title='bbox 2610 2821 2938 2885; x_wconf 87' lang='lat' dir='ltr'>moventur,</span> <span class='ocrx_word' id='word_1_419' title='bbox 2974 2817 3094 2873; x_wconf 91' lang='lat' dir='ltr'>sive</span> <span class='ocrx_word' id='word_1_420' title='bbox 3143 2817 3466 2873; x_wconf 87' lang='lat' dir='ltr'>secundum</span> <span class='ocrx_word' id='word_1_421' title='bbox 3516 2835 3620 2874; x_wconf 86' lang='lat' dir='ltr'>na-</span> 
     </span>
    </p>
   </div>
   <div class='ocr_carea' id='block_1_61' title="bbox 1975 2906 3625 2979">
    <p class='ocr_par' dir='ltr' id='par_1_61' title="bbox 1975 2906 3625 2979">
     <span class='ocr_line' id='line_1_61' title="bbox 1975 2906 3625 2979; baseline -0.001 -16"><span class='ocrx_word' id='word_1_422' title='bbox 1975 2912 2191 2975; x_wconf 91' lang='lat' dir='ltr'>turam,</span> <span class='ocrx_word' id='word_1_423' title='bbox 2225 2906 2344 2962; x_wconf 91' lang='lat' dir='ltr'>sive</span> <span class='ocrx_word' id='word_1_424' title='bbox 2373 2909 2582 2978; x_wconf 64' lang='lat' dir='ltr'>praeter</span> <span class='ocrx_word' id='word_1_425' title='bbox 2610 2909 2879 2961; x_wconf 87' lang='lat' dir='ltr'>naturam</span> <span class='ocrx_word' id='word_1_426' title='bbox 2909 2909 3273 2970; x_wconf 84' lang='lat' dir='ltr'>moveantur,</span> <span class='ocrx_word' id='word_1_427' title='bbox 3305 2906 3625 2979; x_wconf 69' lang='lat' dir='ltr'>inaequabi-</span> 
     </span>
    </p>
   </div>
   <div class='ocr_carea' id='block_1_62' title="bbox 1977 2994 3622 3067">
    <p class='ocr_par' dir='ltr' id='par_1_62' title="bbox 1977 2994 3622 3067">
     <span class='ocr_line' id='line_1_62' title="bbox 1977 2994 3622 3067; baseline 0 -16"><span class='ocrx_word' id='word_1_428' title='bbox 1977 2997 2111 3052; x_wconf 91' lang='lat' dir='ltr'>liter</span> <span class='ocrx_word' id='word_1_429' title='bbox 2155 3014 2189 3051; x_wconf 90' lang='lat' dir='ltr'>a</span> <span class='ocrx_word' id='word_1_430' title='bbox 2237 2994 2521 3067; x_wconf 90' lang='lat' dir='ltr'>principio</span> <span class='ocrx_word' id='word_1_431' title='bbox 2571 2995 2644 3050; x_wconf 90' lang='lat' dir='ltr'>ad</span> <span class='ocrx_word' id='word_1_432' title='bbox 2689 2995 2866 3050; x_wconf 86' lang='lat' dir='ltr'>finem</span> <span class='ocrx_word' id='word_1_433' title='bbox 2896 2994 3286 3067; x_wconf 81' lang='lat' dir='ltr'>perferuntur.</span> <span class='ocrx_word' id='word_1_434' title='bbox 3319 2996 3547 3052; x_wconf 89' lang='lat' dir='ltr'>Etenim</span> <span class='ocrx_word' id='word_1_435' title='bbox 3577 2996 3622 3032; x_wconf 78' lang='lat'>7°</span> 
     </span>
    </p>
   </div>
   <div class='ocr_carea' id='block_1_63' title="bbox 1979 3084 3620 3157">
    <p class='ocr_par' dir='ltr' id='par_1_63' title="bbox 1979 3084 3620 3157">
     <span class='ocr_line' id='line_1_63' title="bbox 1979 3084 3620 3157; baseline 0 -17"><span class='ocrx_word' id='word_1_436' title='bbox 1979 3102 2104 3157; x_wconf 63' lang='lat' dir='ltr'>qua</span> <span class='ocrx_word' id='word_1_437' title='bbox 2154 3088 2364 3156; x_wconf 85' lang='lat' dir='ltr'>praeter</span> <span class='ocrx_word' id='word_1_438' title='bbox 2409 3087 2680 3138; x_wconf 87' lang='lat' dir='ltr'>naturam</span> <span class='ocrx_word' id='word_1_439' title='bbox 2729 3084 3014 3149; x_wconf 83' lang='lat' dir='ltr'>feruntur,</span> <span class='ocrx_word' id='word_1_440' title='bbox 3046 3084 3340 3156; x_wconf 90' lang='lat' dir='ltr'>siquidem</span> <span class='ocrx_word' id='word_1_441' title='bbox 3383 3085 3620 3140; x_wconf 89' lang='lat' dir='ltr'>trahan-</span> 
     </span>
    </p>
   </div>
   <div class='ocr_carea' id='block_1_64' title="bbox 1976 3171 3620 3244">
    <p class='ocr_par' dir='ltr' id='par_1_64' title="bbox 1976 3171 3620 3244">
     <span class='ocr_line' id='line_1_64' title="bbox 1976 3171 3620 3244; baseline 0 -15"><span class='ocrx_word' id='word_1_442' title='bbox 1976 3177 2095 3239; x_wconf 90' lang='lat' dir='ltr'>tur,</span> <span class='ocrx_word' id='word_1_443' title='bbox 2125 3172 2350 3229; x_wconf 85' lang='lat' dir='ltr'>tardius</span> <span class='ocrx_word' id='word_1_444' title='bbox 2398 3173 2458 3227; x_wconf 92' lang='lat' dir='ltr'>in</span> <span class='ocrx_word' id='word_1_445' title='bbox 2502 3171 2786 3244; x_wconf 90' lang='lat' dir='ltr'>principio</span> <span class='ocrx_word' id='word_1_446' title='bbox 2825 3172 3113 3240; x_wconf 87' lang='lat' dir='ltr'>feruntur,</span> <span class='ocrx_word' id='word_1_447' title='bbox 3148 3171 3392 3228; x_wconf 90' lang='lat' dir='ltr'>celerius</span> <span class='ocrx_word' id='word_1_448' title='bbox 3425 3177 3620 3229; x_wconf 87' lang='lat' dir='ltr'>autem</span> 
     </span>
    </p>
   </div>
   <div class='ocr_carea' id='block_1_65' title="bbox 1984 3260 3620 3333">
    <p class='ocr_par' dir='ltr' id='par_1_65' title="bbox 1984 3260 3620 3333">
     <span class='ocr_line' id='line_1_65' title="bbox 1984 3260 3620 3333; baseline 0 -15"><span class='ocrx_word' id='word_1_449' title='bbox 1984 3279 2118 3318; x_wconf 90' lang='lat' dir='ltr'>cum</span> <span class='ocrx_word' id='word_1_450' title='bbox 2159 3261 2414 3317; x_wconf 84' lang='lat' dir='ltr'>trahenti</span> <span class='ocrx_word' id='word_1_451' title='bbox 2460 3260 2950 3332; x_wconf 86' lang='lat' dir='ltr'>appropinquant,</span> <span class='ocrx_word' id='word_1_452' title='bbox 2994 3261 3149 3332; x_wconf 89' lang='lat' dir='ltr'>quod</span> <span class='ocrx_word' id='word_1_453' title='bbox 3199 3261 3458 3333; x_wconf 90' lang='lat' dir='ltr'>potentia</span> <span class='ocrx_word' id='word_1_454' title='bbox 3503 3266 3620 3318; x_wconf 85' lang='lat' dir='ltr'>tra-</span> 
     </span>
    </p>
   </div>
   <div class='ocr_carea' id='block_1_66' title="bbox 222 3327 1871 3422">
    <p class='ocr_par' dir='ltr' id='par_1_66' title="bbox 222 3344 1869 3422">
     <span class='ocr_line' id='line_1_66' title="bbox 222 3344 1869 3422; baseline -0.002 -17"><span class='ocrx_word' id='word_1_455' title='bbox 222 3371 314 3406; x_wconf 91' lang='grc' dir='ltr'>ται</span> <span class='ocrx_word' id='word_1_456' title='bbox 371 3351 561 3403; x_wconf 80' lang='grc' dir='ltr'>Θᾰττον</span> <span class='ocrx_word' id='word_1_457' title='bbox 624 3348 718 3420; x_wconf 72' lang='grc' dir='ltr'>μὲν</span> <span class='ocrx_word' id='word_1_458' title='bbox 778 3351 1046 3402; x_wconf 79' lang='grc' dir='ltr'>κινοῦνται</span> <span class='ocrx_word' id='word_1_459' title='bbox 1103 3346 1241 3422; x_wconf 88' lang='grc' dir='ltr'>πρὸς</span> <span class='ocrx_word' id='word_1_460' title='bbox 1289 3350 1358 3420; x_wconf 80' lang='grc' dir='ltr'>τῇ</span> <span class='ocrx_word' id='word_1_461' title='bbox 1416 3345 1586 3422; x_wconf 79' lang='grc' dir='ltr'>ἀρχῇ·</span> <span class='ocrx_word' id='word_1_462' title='bbox 1646 3344 1869 3422; x_wconf 80' lang='grc' dir='ltr'>ἅφιστά-</span> 
     </span>
    </p>
   </div>
   <div class='ocr_carea' id='block_1_67' title="bbox 1982 3327 3618 3422">
    <p class='ocr_par' dir='ltr' id='par_1_67' title="bbox 1983 3349 3618 3421">
     <span class='ocr_line' id='line_1_67' title="bbox 1983 3349 3618 3421; baseline -0.001 -14"><span class='ocrx_word' id='word_1_463' title='bbox 1983 3351 2178 3407; x_wconf 90' lang='lat' dir='ltr'>hentis</span> <span class='ocrx_word' id='word_1_464' title='bbox 2207 3356 2334 3405; x_wconf 90' lang='lat' dir='ltr'>tum</span> <span class='ocrx_word' id='word_1_465' title='bbox 2365 3349 2554 3421; x_wconf 85' lang='lat' dir='ltr'>magis</span> <span class='ocrx_word' id='word_1_466' title='bbox 2584 3349 2955 3417; x_wconf 87' lang='lat' dir='ltr'>dominetur;</span> <span class='ocrx_word' id='word_1_467' title='bbox 3007 3349 3098 3404; x_wconf 87' lang='lat' dir='ltr'>sin</span> <span class='ocrx_word' id='word_1_468' title='bbox 3129 3367 3263 3406; x_wconf 92' lang='lat' dir='ltr'>vero</span> <span class='ocrx_word' id='word_1_469' title='bbox 3299 3350 3618 3421; x_wconf 87' lang='lat' dir='ltr'>jaciantur,</span> 
     </span>
    </p>
   </div>
   <div class='ocr_carea' id='block_1_68' title="bbox 228 3432 1872 3512">
    <p class='ocr_par' dir='ltr' id='par_1_68' title="bbox 228 3432 1872 3512">
     <span class='ocr_line' id='line_1_68' title="bbox 228 3432 1872 3512; baseline -0.001 -20"><span class='ocrx_word' id='word_1_470' title='bbox 228 3458 364 3512; x_wconf 91' lang='grc' dir='ltr'>μενα</span> <span class='ocrx_word' id='word_1_471' title='bbox 420 3434 476 3492; x_wconf 81' lang='grc' dir='ltr'>δέ</span> <span class='ocrx_word' id='word_1_472' title='bbox 528 3457 610 3512; x_wconf 84' lang='grc' dir='ltr'>γε,</span> <span class='ocrx_word' id='word_1_473' title='bbox 645 3433 993 3511; x_wconf 86' lang='grc' dir='ltr'>βραδύτερον,</span> <span class='ocrx_word' id='word_1_474' title='bbox 1027 3434 1360 3508; x_wconf 72' lang='grc' dir='ltr'>ἐκλυομένης</span> <span class='ocrx_word' id='word_1_475' title='bbox 1418 3432 1555 3505; x_wconf 82' lang='grc' dir='ltr'>δῆτα</span> <span class='ocrx_word' id='word_1_476' title='bbox 1609 3442 1708 3505; x_wconf 84' lang='grc' dir='ltr'>τῆς</span> <span class='ocrx_word' id='word_1_477' title='bbox 1766 3437 1872 3491; x_wconf 85' lang='grc' dir='ltr'>ἀπὸ</span> 
     </span>
    </p>
   </div>
   <div class='ocr_carea' id='block_1_69' title="bbox 222 3521 1870 3602">
    <p class='ocr_par' dir='ltr' id='par_1_69' title="bbox 222 3521 1870 3602">
     <span class='ocr_line' id='line_1_69' title="bbox 222 3521 1870 3602; baseline -0.001 -21"><span class='ocrx_word' id='word_1_478' title='bbox 222 3530 325 3581; x_wconf 74' lang='grc' dir='ltr'>τοῦ</span> <span class='ocrx_word' id='word_1_479' title='bbox 376 3525 629 3602; x_wconf 77' lang='grc' dir='ltr'>ῥίψαντος</span> <span class='ocrx_word' id='word_1_480' title='bbox 688 3521 990 3595; x_wconf 82' lang='grc' dir='ltr'>ἐνδοθείσης</span> <span class='ocrx_word' id='word_1_481' title='bbox 1052 3522 1351 3598; x_wconf 86' lang='grc' dir='ltr'>δυνάμεως.</span> <span class='ocrx_word' id='word_1_482' title='bbox 1385 3523 1539 3579; x_wconf 79' lang='grc' dir='ltr'>Οὕτω</span> <span class='ocrx_word' id='word_1_483' title='bbox 1593 3547 1679 3580; x_wconf 91' lang='grc' dir='ltr'>τοι</span> <span class='ocrx_word' id='word_1_484' title='bbox 1716 3525 1870 3594; x_wconf 83' lang='grc' dir='ltr'>καὶὴ</span> 
     </span>
    </p>
   </div>
   <div class='ocr_carea' id='block_1_70' title="bbox 229 3611 1871 3690">
    <p class='ocr_par' dir='ltr' id='par_1_70' title="bbox 229 3611 1871 3690">
     <span class='ocr_line' id='line_1_70' title="bbox 229 3611 1871 3690; baseline -0.001 -20"><span class='ocrx_word' id='word_1_485' title='bbox 229 3615 404 3687; x_wconf 80' lang='grc' dir='ltr'>ζωϊκὴ</span> <span class='ocrx_word' id='word_1_486' title='bbox 465 3615 677 3686; x_wconf 72' lang='grc' dir='ltr'>κίνησις</span> <span class='ocrx_word' id='word_1_487' title='bbox 735 3613 869 3669; x_wconf 78' lang='grc' dir='ltr'>εἶναι</span> <span class='ocrx_word' id='word_1_488' title='bbox 931 3614 1024 3688; x_wconf 72' lang='grc' dir='ltr'>μὲν</span> <span class='ocrx_word' id='word_1_489' title='bbox 1080 3619 1278 3689; x_wconf 86' lang='grc' dir='ltr'>ταχεῖα</span> <span class='ocrx_word' id='word_1_490' title='bbox 1325 3611 1538 3669; x_wconf 89' lang='grc' dir='ltr'>δύναται</span> <span class='ocrx_word' id='word_1_491' title='bbox 1575 3614 1871 3690; x_wconf 76' lang='grc' dir='ltr'>καταρχὰς·</span> 
     </span>
    </p>
   </div>
   <div class='ocr_carea' id='block_1_71' title="bbox 226 3700 1877 3782">
    <p class='ocr_par' dir='ltr' id='par_1_71' title="bbox 226 3700 1877 3782">
     <span class='ocr_line' id='line_1_71' title="bbox 226 3700 1877 3782; baseline -0.002 -21"><span class='ocrx_word' id='word_1_492' title='bbox 226 3707 499 3782; x_wconf 77' lang='grc' dir='ltr'>προϊοῦσα</span> <span class='ocrx_word' id='word_1_493' title='bbox 525 3700 602 3773; x_wconf 74' lang='grc' dir='ltr'>δὲ,</span> <span class='ocrx_word' id='word_1_494' title='bbox 631 3707 730 3759; x_wconf 77' lang='grc' dir='ltr'>τοῦ</span> <span class='ocrx_word' id='word_1_495' title='bbox 776 3701 982 3778; x_wconf 88' lang='grc' dir='ltr'>τάχους</span> <span class='ocrx_word' id='word_1_496' title='bbox 1011 3702 1218 3781; x_wconf 83' lang='grc' dir='ltr'>ὑφίησι.</span> <span class='ocrx_word' id='word_1_497' title='bbox 1251 3701 1356 3757; x_wconf 77' lang='grc' dir='ltr'>Κᾶν</span> <span class='ocrx_word' id='word_1_498' title='bbox 1389 3704 1494 3780; x_wconf 83' lang='grc' dir='ltr'>γὰρ</span> <span class='ocrx_word' id='word_1_499' title='bbox 1551 3703 1877 3775; x_wconf 86' lang='grc' dir='ltr'>αὐτοκίνητα</span> 
     </span>
    </p>
   </div>
   <div class='ocr_carea' id='block_1_72' title="bbox 231 3789 1877 3870">
    <p class='ocr_par' dir='ltr' id='par_1_72' title="bbox 231 3789 1877 3870">
     <span class='ocr_line' id='line_1_72' title="bbox 231 3789 1877 3870; baseline -0.001 -21"><span class='ocrx_word' id='word_1_500' title='bbox 231 3794 480 3870; x_wconf 83' lang='grc' dir='ltr'>λέγοιντο</span> <span class='ocrx_word' id='word_1_501' title='bbox 524 3793 591 3847; x_wconf 83' lang='grc' dir='ltr'>τὰ</span> <span class='ocrx_word' id='word_1_502' title='bbox 623 3796 754 3862; x_wconf 85' lang='grc' dir='ltr'>ζῶα,</span> <span class='ocrx_word' id='word_1_503' title='bbox 787 3789 876 3847; x_wconf 82' lang='grc' dir='ltr'>διὰ</span> <span class='ocrx_word' id='word_1_504' title='bbox 902 3793 964 3847; x_wconf 93' lang='grc' dir='ltr'>τὸ</span> <span class='ocrx_word' id='word_1_505' title='bbox 996 3791 1048 3846; x_wconf 86' lang='grc' dir='ltr'>ἐν</span> <span class='ocrx_word' id='word_1_506' title='bbox 1080 3793 1292 3855; x_wconf 74' lang='grc' dir='ltr'>ἑαυτοῖς</span> <span class='ocrx_word' id='word_1_507' title='bbox 1326 3791 1470 3868; x_wconf 79' lang='grc' dir='ltr'>ἔχειν</span> <span class='ocrx_word' id='word_1_508' title='bbox 1525 3793 1593 3848; x_wconf 78' lang='grc' dir='ltr'>τὰ</span> <span class='ocrx_word' id='word_1_509' title='bbox 1645 3800 1743 3863; x_wconf 86' lang='grc' dir='ltr'>τῆς</span> <span class='ocrx_word' id='word_1_510' title='bbox 1789 3815 1877 3848; x_wconf 85' lang='grc' dir='ltr'>το-</span> 
     </span>
    </p>
   </div>
   <div class='ocr_carea' id='block_1_73' title="bbox 228 3877 1879 3958">
    <p class='ocr_par' dir='ltr' id='par_1_73' title="bbox 228 3877 1879 3958">
     <span class='ocr_line' id='line_1_73' title="bbox 228 3877 1879 3958; baseline 0 -22"><span class='ocrx_word' id='word_1_511' title='bbox 228 3888 402 3951; x_wconf 83' lang='grc' dir='ltr'>πικῆς</span> <span class='ocrx_word' id='word_1_512' title='bbox 457 3883 719 3951; x_wconf 74' lang='grc' dir='ltr'>κινήσεως</span> <span class='ocrx_word' id='word_1_513' title='bbox 804 3877 950 3936; x_wconf 67' lang='grc' dir='ltr'>αἷίτια</span> <span class='ocrx_word' id='word_1_514' title='bbox 1003 3881 1097 3942; x_wconf 79' lang='grc' dir='ltr'>τὰς</span> <span class='ocrx_word' id='word_1_515' title='bbox 1149 3881 1349 3956; x_wconf 82' lang='grc' dir='ltr'>ψυχάς·</span> <span class='ocrx_word' id='word_1_516' title='bbox 1409 3879 1535 3936; x_wconf 82' lang='grc' dir='ltr'>ἀλλ’</span> <span class='ocrx_word' id='word_1_517' title='bbox 1593 3879 1682 3936; x_wconf 76' lang='grc' dir='ltr'>οὖν</span> <span class='ocrx_word' id='word_1_518' title='bbox 1733 3882 1879 3958; x_wconf 83' lang='grc' dir='ltr'>παρὰ</span> 
     </span>
    </p>
   </div>
   <div class='ocr_carea' id='block_1_74' title="bbox 231 3968 1878 4050">
    <p class='ocr_par' dir='ltr' id='par_1_74' title="bbox 231 3968 1878 4050">
     <span class='ocr_line' id='line_1_74' title="bbox 231 3968 1878 4050; baseline 0.001 -26"><span class='ocrx_word' id='word_1_519' title='bbox 231 3971 392 4050; x_wconf 85' lang='grc' dir='ltr'>φύσιν</span> <span class='ocrx_word' id='word_1_520' title='bbox 425 3970 705 4040; x_wconf 80' lang='grc' dir='ltr'>ἠκίνησις</span> <span class='ocrx_word' id='word_1_521' title='bbox 752 3973 860 4025; x_wconf 89' lang='grc' dir='ltr'>τῶν</span> <span class='ocrx_word' id='word_1_522' title='bbox 922 3968 1188 4042; x_wconf 85' lang='grc' dir='ltr'>σωμάτων</span> <span class='ocrx_word' id='word_1_523' title='bbox 1247 3969 1450 4045; x_wconf 83' lang='grc' dir='ltr'>γίνεται</span> <span class='ocrx_word' id='word_1_524' title='bbox 1507 3971 1582 4032; x_wconf 84' lang='grc' dir='ltr'>ὡς</span> <span class='ocrx_word' id='word_1_525' title='bbox 1639 3969 1878 4047; x_wconf 82' lang='grc' dir='ltr'>ἐτεροκι-</span> 
     </span>
    </p>
   </div>
   <div class='ocr_carea' id='block_1_75' title="bbox 227 4057 1880 4136">
    <p class='ocr_par' dir='ltr' id='par_1_75' title="bbox 227 4057 1880 4136">
     <span class='ocr_line' id='line_1_75' title="bbox 227 4057 1880 4136; baseline -0.001 -21"><span class='ocrx_word' id='word_1_526' title='bbox 227 4060 438 4131; x_wconf 72' lang='grc' dir='ltr'>νήτων,</span> <span class='ocrx_word' id='word_1_527' title='bbox 499 4057 826 4132; x_wconf 85' lang='grc' dir='ltr'>ὠθουμένων</span> <span class='ocrx_word' id='word_1_528' title='bbox 905 4057 1116 4136; x_wconf 82' lang='grc' dir='ltr'>βιαίως·</span> <span class='ocrx_word' id='word_1_529' title='bbox 1176 4057 1412 4133; x_wconf 86' lang='grc' dir='ltr'>καθάπερ</span> <span class='ocrx_word' id='word_1_530' title='bbox 1489 4059 1590 4114; x_wconf 85' lang='grc' dir='ltr'>ὑπὸ</span> <span class='ocrx_word' id='word_1_531' title='bbox 1649 4057 1880 4135; x_wconf 80' lang='grc' dir='ltr'>μοχλῶν</span> 
     </span>
    </p>
   </div>
   <div class='ocr_carea' id='block_1_76' title="bbox 233 4147 1876 4225">
    <p class='ocr_par' dir='ltr' id='par_1_76' title="bbox 233 4147 1876 4225">
     <span class='ocr_line' id='line_1_76' title="bbox 233 4147 1876 4225; baseline 0 -21"><span class='ocrx_word' id='word_1_532' title='bbox 233 4148 342 4204; x_wconf 83' lang='grc' dir='ltr'>ὐπὸ</span> <span class='ocrx_word' id='word_1_533' title='bbox 387 4151 497 4203; x_wconf 91' lang='grc' dir='ltr'>τῶν</span> <span class='ocrx_word' id='word_1_534' title='bbox 557 4148 632 4210; x_wconf 85' lang='grc' dir='ltr'>ὡς</span> <span class='ocrx_word' id='word_1_535' title='bbox 691 4147 944 4223; x_wconf 83' lang='grc' dir='ltr'>ὀργάνοις</span> <span class='ocrx_word' id='word_1_536' title='bbox 1022 4148 1330 4224; x_wconf 87' lang='grc' dir='ltr'>χρωμένων</span> <span class='ocrx_word' id='word_1_537' title='bbox 1387 4147 1603 4212; x_wconf 80' lang='grc' dir='ltr'>τούτοις</span> <span class='ocrx_word' id='word_1_538' title='bbox 1661 4153 1876 4225; x_wconf 71' lang='grc' dir='ltr'>ψυχῶν*</span> 
     </span>
    </p>
   </div>
   <div class='ocr_carea' id='block_1_77' title="bbox 233 4233 1882 4312">
    <p class='ocr_par' dir='ltr' id='par_1_77' title="bbox 233 4233 1882 4312">
     <span class='ocr_line' id='line_1_77' title="bbox 233 4233 1882 4312; baseline 0 -20"><span class='ocrx_word' id='word_1_539' title='bbox 233 4234 325 4292; x_wconf 88' lang='grc' dir='ltr'>διὸ</span> <span class='ocrx_word' id='word_1_540' title='bbox 381 4234 573 4310; x_wconf 83' lang='grc' dir='ltr'>κάμνει</span> <span class='ocrx_word' id='word_1_541' title='bbox 630 4235 720 4291; x_wconf 81' lang='grc' dir='ltr'>καί</span> <span class='ocrx_word' id='word_1_542' title='bbox 775 4235 1121 4298; x_wconf 84' lang='grc' dir='ltr'>ἀναπαύσεως</span> <span class='ocrx_word' id='word_1_543' title='bbox 1177 4233 1345 4291; x_wconf 84' lang='grc' dir='ltr'>δεῖται</span> <span class='ocrx_word' id='word_1_544' title='bbox 1432 4238 1507 4310; x_wconf 83' lang='grc' dir='ltr'>μὴ</span> <span class='ocrx_word' id='word_1_545' title='bbox 1588 4237 1882 4312; x_wconf 88' lang='grc' dir='ltr'>κινούμενα</span> 
     </span>
    </p>
   </div>
   <div class='ocr_carea' id='block_1_78' title="bbox 232 4323 1882 4402">
    <p class='ocr_par' dir='ltr' id='par_1_78' title="bbox 232 4323 1882 4402">
     <span class='ocr_line' id='line_1_78' title="bbox 232 4323 1882 4402; baseline -0.001 -21"><span class='ocrx_word' id='word_1_546' title='bbox 232 4324 374 4382; x_wconf 84' lang='grc' dir='ltr'>κατᾶ</span> <span class='ocrx_word' id='word_1_547' title='bbox 427 4325 604 4402; x_wconf 89' lang='grc' dir='ltr'>φύσιν.</span> <span class='ocrx_word' id='word_1_548' title='bbox 636 4325 700 4380; x_wconf 90' lang='grc' dir='ltr'><strong>Ἡ</strong></span> <span class='ocrx_word' id='word_1_549' title='bbox 752 4323 854 4401; x_wconf 75' lang='grc' dir='ltr'>γὰρ</span> <span class='ocrx_word' id='word_1_550' title='bbox 910 4325 1046 4380; x_wconf 84' lang='grc' dir='ltr'>κατᾶ</span> <span class='ocrx_word' id='word_1_551' title='bbox 1101 4323 1256 4402; x_wconf 82' lang='grc' dir='ltr'>φύσιν</span> <span class='ocrx_word' id='word_1_552' title='bbox 1309 4325 1498 4388; x_wconf 86' lang='grc' dir='ltr'>αὐτοῖς</span> <span class='ocrx_word' id='word_1_553' title='bbox 1547 4326 1762 4397; x_wconf 86' lang='grc' dir='ltr'>κίνησις</span> <span class='ocrx_word' id='word_1_554' title='bbox 1794 4325 1882 4381; x_wconf 80' lang='grc' dir='ltr'>ἐπὶ</span> 
     </span>
    </p>
   </div>
   <div class='ocr_carea' id='block_1_79' title="bbox 231 4413 1884 4491">
    <p class='ocr_par' dir='ltr' id='par_1_79' title="bbox 231 4413 1884 4491">
     <span class='ocr_line' id='line_1_79' title="bbox 231 4413 1884 4491; baseline 0.001 -21"><span class='ocrx_word' id='word_1_555' title='bbox 231 4414 306 4471; x_wconf 75' lang='grc' dir='ltr'>τὰ</span> <span class='ocrx_word' id='word_1_556' title='bbox 355 4413 502 4469; x_wconf 81' lang='grc' dir='ltr'>κάτω</span> <span class='ocrx_word' id='word_1_557' title='bbox 560 4413 724 4487; x_wconf 82' lang='grc' dir='ltr'>ἐστὶν,</span> <span class='ocrx_word' id='word_1_558' title='bbox 785 4413 964 4491; x_wconf 82' lang='grc' dir='ltr'>ὥσπερ</span> <span class='ocrx_word' id='word_1_559' title='bbox 1039 4414 1128 4469; x_wconf 84' lang='grc' dir='ltr'>καὶ</span> <span class='ocrx_word' id='word_1_560' title='bbox 1211 4415 1368 4470; x_wconf 83' lang='grc' dir='ltr'>παντὶ</span> <span class='ocrx_word' id='word_1_561' title='bbox 1448 4415 1659 4488; x_wconf 87' lang='grc' dir='ltr'>σώματι</span> <span class='ocrx_word' id='word_1_562' title='bbox 1722 4415 1884 4490; x_wconf 85' lang='grc' dir='ltr'>βάρος</span> 
     </span>
    </p>
   </div>
   <div class='ocr_carea' id='block_1_80' title="bbox 234 4500 1882 4582">
    <p class='ocr_par' dir='ltr' id='par_1_80' title="bbox 234 4500 1882 4582">
     <span class='ocr_line' id='line_1_80' title="bbox 234 4500 1882 4582; baseline 0.001 -23"><span class='ocrx_word' id='word_1_563' title='bbox 234 4501 446 4580; x_wconf 79' lang='grc' dir='ltr'>ἔχοντι.</span> <span class='ocrx_word' id='word_1_564' title='bbox 481 4502 564 4561; x_wconf 83' lang='grc' dir='ltr'>Τὰ</span> <span class='ocrx_word' id='word_1_565' title='bbox 614 4500 671 4558; x_wconf 76' lang='grc' dir='ltr'>δὲ</span> <span class='ocrx_word' id='word_1_566' title='bbox 725 4505 862 4558; x_wconf 85' lang='grc' dir='ltr'>κατά</span> <span class='ocrx_word' id='word_1_567' title='bbox 917 4503 1073 4582; x_wconf 86' lang='grc' dir='ltr'>φύσιν</span> <span class='ocrx_word' id='word_1_568' title='bbox 1129 4501 1294 4560; x_wconf 88' lang='grc' dir='ltr'>πάλιν</span> <span class='ocrx_word' id='word_1_569' title='bbox 1352 4503 1645 4579; x_wconf 89' lang='grc' dir='ltr'>κινούμενα</span> <span class='ocrx_word' id='word_1_570' title='bbox 1692 4507 1882 4560; x_wconf 80' lang='grc' dir='ltr'>θᾶττον</span> 
     </span>
    </p>
   </div>
   <div class='ocr_carea' id='block_1_81' title="bbox 237 4591 1883 4666">
    <p class='ocr_par' dir='ltr' id='par_1_81' title="bbox 237 4591 1883 4666">
     <span class='ocr_line' id='line_1_81' title="bbox 237 4591 1883 4666; baseline 0.001 -18"><span class='ocrx_word' id='word_1_571' title='bbox 237 4597 468 4648; x_wconf 83' lang='grc' dir='ltr'>κινεῖται</span> <span class='ocrx_word' id='word_1_572' title='bbox 493 4596 611 4655; x_wconf 86' lang='grc' dir='ltr'>τοῖς</span> <span class='ocrx_word' id='word_1_573' title='bbox 641 4592 830 4656; x_wconf 90' lang='grc' dir='ltr'>τόποις</span> <span class='ocrx_word' id='word_1_574' title='bbox 875 4591 1048 4647; x_wconf 88' lang='grc' dir='ltr'>αὐτῶν</span> <span class='ocrx_word' id='word_1_575' title='bbox 1107 4591 1494 4666; x_wconf 85' lang='grc' dir='ltr'>πλησιάζοντα,</span> <span class='ocrx_word' id='word_1_576' title='bbox 1525 4601 1627 4664; x_wconf 85' lang='grc' dir='ltr'>τῆς</span> <span class='ocrx_word' id='word_1_577' title='bbox 1682 4593 1883 4656; x_wconf 78' lang='grc' dir='ltr'>οἰκείας</span> 
     </span>
    </p>
   </div>
   <div class='ocr_carea' id='block_1_82' title="bbox 1982 3437 3620 3510">
    <p class='ocr_par' dir='ltr' id='par_1_82' title="bbox 1982 3437 3620 3510">
     <span class='ocr_line' id='line_1_82' title="bbox 1982 3437 3620 3510; baseline -0.001 -14"><span class='ocrx_word' id='word_1_578' title='bbox 1982 3439 2227 3496; x_wconf 90' lang='lat' dir='ltr'>celerius</span> <span class='ocrx_word' id='word_1_579' title='bbox 2251 3438 2490 3510; x_wconf 90' lang='lat' dir='ltr'>quidem</span> <span class='ocrx_word' id='word_1_580' title='bbox 2517 3438 2576 3492; x_wconf 92' lang='lat' dir='ltr'>in</span> <span class='ocrx_word' id='word_1_581' title='bbox 2607 3437 2892 3509; x_wconf 84' lang='lat' dir='ltr'>principio</span> <span class='ocrx_word' id='word_1_582' title='bbox 2915 3443 3241 3506; x_wconf 90' lang='lat' dir='ltr'>moventur,</span> <span class='ocrx_word' id='word_1_583' title='bbox 3264 3456 3398 3494; x_wconf 91' lang='lat' dir='ltr'>cum</span> <span class='ocrx_word' id='word_1_584' title='bbox 3425 3444 3620 3495; x_wconf 91' lang='lat' dir='ltr'>autem</span> 
     </span>
    </p>
   </div>
   <div class='ocr_carea' id='block_1_83' title="bbox 1982 3526 3626 3594">
    <p class='ocr_par' dir='ltr' id='par_1_83' title="bbox 1982 3526 3626 3594">
     <span class='ocr_line' id='line_1_83' title="bbox 1982 3526 3626 3594; baseline -0.001 -10"><span class='ocrx_word' id='word_1_585' title='bbox 1982 3529 2296 3585; x_wconf 88' lang='lat' dir='ltr'>remotiora</span> <span class='ocrx_word' id='word_1_586' title='bbox 2338 3529 2494 3591; x_wconf 87' lang='lat' dir='ltr'>sunt,</span> <span class='ocrx_word' id='word_1_587' title='bbox 2525 3526 2787 3594; x_wconf 83' lang='lat' dir='ltr'>tardius;</span> <span class='ocrx_word' id='word_1_588' title='bbox 2842 3526 3144 3583; x_wconf 88' lang='lat' dir='ltr'>deﬁciente</span> <span class='ocrx_word' id='word_1_589' title='bbox 3196 3526 3475 3582; x_wconf 88' lang='lat' dir='ltr'>nimirum</span> <span class='ocrx_word' id='word_1_590' title='bbox 3525 3527 3626 3583; x_wconf 88' lang='lat' dir='ltr'>illa</span> 
     </span>
    </p>
   </div>
   <div class='ocr_carea' id='block_1_84' title="bbox 1981 3614 3624 3689">
    <p class='ocr_par' dir='ltr' id='par_1_84' title="bbox 1981 3614 3624 3689">
     <span class='ocr_line' id='line_1_84' title="bbox 1981 3614 3624 3689; baseline -0.002 -14"><span class='ocrx_word' id='word_1_591' title='bbox 1981 3618 2037 3676; x_wconf 91' lang='lat' dir='ltr'>vi</span> <span class='ocrx_word' id='word_1_592' title='bbox 2068 3634 2195 3689; x_wconf 65' lang='lat' dir='ltr'>quae</span> <span class='ocrx_word' id='word_1_593' title='bbox 2243 3634 2277 3672; x_wconf 89' lang='lat' dir='ltr'>a</span> <span class='ocrx_word' id='word_1_594' title='bbox 2317 3615 2571 3686; x_wconf 88' lang='lat' dir='ltr'>jaciente</span> <span class='ocrx_word' id='word_1_595' title='bbox 2599 3615 2788 3670; x_wconf 88' lang='lat' dir='ltr'>fuerat</span> <span class='ocrx_word' id='word_1_596' title='bbox 2816 3614 3012 3671; x_wconf 88' lang='lat' dir='ltr'>insita.</span> <span class='ocrx_word' id='word_1_597' title='bbox 3048 3616 3142 3672; x_wconf 89' lang='lat' dir='ltr'>Sic</span> <span class='ocrx_word' id='word_1_598' title='bbox 3171 3616 3351 3688; x_wconf 83' lang='lat' dir='ltr'>igitur</span> <span class='ocrx_word' id='word_1_599' title='bbox 3395 3621 3451 3672; x_wconf 91' lang='lat' dir='ltr'>et</span> <span class='ocrx_word' id='word_1_600' title='bbox 3497 3616 3624 3672; x_wconf 91' lang='lat' dir='ltr'>ani-</span> 
     </span>
    </p>
   </div>
   <div class='ocr_carea' id='block_1_85' title="bbox 1985 3703 3623 3778">
    <p class='ocr_par' dir='ltr' id='par_1_85' title="bbox 1985 3703 3623 3778">
     <span class='ocr_line' id='line_1_85' title="bbox 1985 3703 3623 3778; baseline 0 -17"><span class='ocrx_word' id='word_1_601' title='bbox 1985 3706 2157 3762; x_wconf 89' lang='lat' dir='ltr'>malis</span> <span class='ocrx_word' id='word_1_602' title='bbox 2187 3707 2380 3761; x_wconf 90' lang='lat' dir='ltr'>motus</span> <span class='ocrx_word' id='word_1_603' title='bbox 2408 3703 2468 3759; x_wconf 94' lang='lat' dir='ltr'>in</span> <span class='ocrx_word' id='word_1_604' title='bbox 2500 3703 2786 3776; x_wconf 89' lang='lat' dir='ltr'>principio</span> <span class='ocrx_word' id='word_1_605' title='bbox 2807 3704 3044 3776; x_wconf 88' lang='lat' dir='ltr'>quidem</span> <span class='ocrx_word' id='word_1_606' title='bbox 3069 3704 3220 3760; x_wconf 89' lang='lat' dir='ltr'>celer</span> <span class='ocrx_word' id='word_1_607' title='bbox 3239 3721 3365 3762; x_wconf 91' lang='lat' dir='ltr'>esse</span> <span class='ocrx_word' id='word_1_608' title='bbox 3396 3709 3623 3778; x_wconf 84' lang='lat' dir='ltr'>potest;</span> 
     </span>
    </p>
   </div>
   <div class='ocr_carea' id='block_1_86' title="bbox 1985 3792 3626 3866">
    <p class='ocr_par' dir='ltr' id='par_1_86' title="bbox 1985 3792 3626 3866">
     <span class='ocr_line' id='line_1_86' title="bbox 1985 3792 3626 3866; baseline -0.001 -15"><span class='ocrx_word' id='word_1_609' title='bbox 1985 3796 2086 3851; x_wconf 88' lang='lat' dir='ltr'>sed</span> <span class='ocrx_word' id='word_1_610' title='bbox 2127 3798 2507 3866; x_wconf 88' lang='lat' dir='ltr'>posteaquam</span> <span class='ocrx_word' id='word_1_611' title='bbox 2555 3792 2858 3863; x_wconf 90' lang='lat' dir='ltr'>processit,</span> <span class='ocrx_word' id='word_1_612' title='bbox 2890 3793 2961 3848; x_wconf 90' lang='lat' dir='ltr'>de</span> <span class='ocrx_word' id='word_1_613' title='bbox 3013 3793 3306 3849; x_wconf 88' lang='lat' dir='ltr'>celeritate</span> <span class='ocrx_word' id='word_1_614' title='bbox 3355 3794 3626 3850; x_wconf 86' lang='lat' dir='ltr'>remittit.</span> 
     </span>
    </p>
   </div>
   <div class='ocr_carea' id='block_1_87' title="bbox 1984 3879 3627 3955">
    <p class='ocr_par' dir='ltr' id='par_1_87' title="bbox 1984 3879 3627 3955">
     <span class='ocr_line' id='line_1_87' title="bbox 1984 3879 3627 3955; baseline 0 -16"><span class='ocrx_word' id='word_1_615' title='bbox 1984 3884 2107 3939; x_wconf 87' lang='lat' dir='ltr'>Etsi</span> <span class='ocrx_word' id='word_1_616' title='bbox 2137 3882 2290 3938; x_wconf 89' lang='lat' dir='ltr'>enim</span> <span class='ocrx_word' id='word_1_617' title='bbox 2319 3883 2361 3916; x_wconf 79' lang='grc'>⁷⁷</span> <span class='ocrx_word' id='word_1_618' title='bbox 2410 3879 2752 3949; x_wconf 83' lang='grc' dir='ltr'>αὐτοκίνητα,</span> <span class='ocrx_word' id='word_1_619' title='bbox 2783 3881 2842 3935; x_wconf 91' lang='lat' dir='ltr'>id</span> <span class='ocrx_word' id='word_1_620' title='bbox 2891 3885 2998 3952; x_wconf 87' lang='lat' dir='ltr'>est,</span> <span class='ocrx_word' id='word_1_621' title='bbox 3031 3883 3127 3939; x_wconf 76' lang='lat'>65</span> <span class='ocrx_word' id='word_1_622' title='bbox 3180 3899 3214 3937; x_wconf 91' lang='lat' dir='ltr'>a</span> <span class='ocrx_word' id='word_1_623' title='bbox 3253 3882 3464 3955; x_wconf 88' lang='lat' dir='ltr'>seipsis</span> <span class='ocrx_word' id='word_1_624' title='bbox 3503 3899 3627 3939; x_wconf 86' lang='lat' dir='ltr'>mo-</span> 
     </span>
    </p>
   </div>
   <div class='ocr_carea' id='block_1_88' title="bbox 1984 3969 3628 4045">
    <p class='ocr_par' dir='ltr' id='par_1_88' title="bbox 1984 3969 3628 4045">
     <span class='ocr_line' id='line_1_88' title="bbox 1984 3969 3628 4045; baseline 0 -17"><span class='ocrx_word' id='word_1_625' title='bbox 1984 3977 2112 4028; x_wconf 91' lang='lat' dir='ltr'>tum</span> <span class='ocrx_word' id='word_1_626' title='bbox 2161 3971 2454 4038; x_wconf 85' lang='lat' dir='ltr'>habentia,</span> <span class='ocrx_word' id='word_1_627' title='bbox 2487 3969 2757 4026; x_wconf 86' lang='lat' dir='ltr'>dicantur</span> <span class='ocrx_word' id='word_1_628' title='bbox 2793 3970 3088 4039; x_wconf 87' lang='lat' dir='ltr'>animalia,</span> <span class='ocrx_word' id='word_1_629' title='bbox 3121 3976 3426 4044; x_wconf 91' lang='lat' dir='ltr'>propterea</span> <span class='ocrx_word' id='word_1_630' title='bbox 3472 3973 3628 4045; x_wconf 86' lang='lat' dir='ltr'>quod</span> 
     </span>
    </p>
   </div>
   <div class='ocr_carea' id='block_1_89' title="bbox 1985 4059 3628 4133">
    <p class='ocr_par' dir='ltr' id='par_1_89' title="bbox 1985 4059 3628 4133">
     <span class='ocr_line' id='line_1_89' title="bbox 1985 4059 3628 4133; baseline -0.001 -16"><span class='ocrx_word' id='word_1_631' title='bbox 1985 4063 2047 4118; x_wconf 92' lang='lat' dir='ltr'>in</span> <span class='ocrx_word' id='word_1_632' title='bbox 2092 4078 2153 4117; x_wconf 90' lang='lat' dir='ltr'>se</span> <span class='ocrx_word' id='word_1_633' title='bbox 2200 4060 2346 4133; x_wconf 92' lang='lat' dir='ltr'>ipsis</span> <span class='ocrx_word' id='word_1_634' title='bbox 2383 4059 2588 4115; x_wconf 87' lang='lat' dir='ltr'>localis</span> <span class='ocrx_word' id='word_1_635' title='bbox 2625 4063 2821 4115; x_wconf 91' lang='lat' dir='ltr'>motus</span> <span class='ocrx_word' id='word_1_636' title='bbox 2855 4075 3064 4116; x_wconf 87' lang='lat' dir='ltr'>causas</span> <span class='ocrx_word' id='word_1_637' title='bbox 3093 4060 3367 4128; x_wconf 87' lang='lat' dir='ltr'>habeant,</span> <span class='ocrx_word' id='word_1_638' title='bbox 3401 4061 3628 4116; x_wconf 89' lang='lat' dir='ltr'>animas</span> 
     </span>
    </p>
   </div>
   <div class='ocr_carea' id='block_1_90' title="bbox 1988 4150 3629 4222">
    <p class='ocr_par' dir='ltr' id='par_1_90' title="bbox 1988 4150 3629 4222">
     <span class='ocr_line' id='line_1_90' title="bbox 1988 4150 3629 4222; baseline -0.001 -16"><span class='ocrx_word' id='word_1_639' title='bbox 1988 4150 2269 4206; x_wconf 90' lang='lat' dir='ltr'>nimirum</span> <span class='ocrx_word' id='word_1_640' title='bbox 2294 4167 2308 4217; x_wconf 90' lang='lat'>;</span> <span class='ocrx_word' id='word_1_641' title='bbox 2343 4165 2651 4220; x_wconf 90' lang='lat' dir='ltr'>corporum</span> <span class='ocrx_word' id='word_1_642' title='bbox 2674 4152 2872 4204; x_wconf 88' lang='lat' dir='ltr'>tamen</span> <span class='ocrx_word' id='word_1_643' title='bbox 2895 4153 3091 4205; x_wconf 91' lang='lat' dir='ltr'>motus</span> <span class='ocrx_word' id='word_1_644' title='bbox 3119 4154 3326 4222; x_wconf 72' lang='lat' dir='ltr'>praeter</span> <span class='ocrx_word' id='word_1_645' title='bbox 3355 4155 3629 4205; x_wconf 91' lang='lat' dir='ltr'>naturam</span> 
     </span>
    </p>
   </div>
   <div class='ocr_carea' id='block_1_91' title="bbox 1989 4237 3630 4311">
    <p class='ocr_par' dir='ltr' id='par_1_91' title="bbox 1989 4237 3630 4311">
     <span class='ocr_line' id='line_1_91' title="bbox 1989 4237 3630 4311; baseline 0 -17"><span class='ocrx_word' id='word_1_646' title='bbox 1989 4240 2077 4308; x_wconf 87' lang='lat' dir='ltr'>ﬁt,</span> <span class='ocrx_word' id='word_1_647' title='bbox 2111 4243 2177 4295; x_wconf 92' lang='lat' dir='ltr'>ut</span> <span class='ocrx_word' id='word_1_648' title='bbox 2206 4255 2332 4311; x_wconf 76' lang='lat' dir='ltr'>quae</span> <span class='ocrx_word' id='word_1_649' title='bbox 2364 4237 2554 4294; x_wconf 88' lang='lat' dir='ltr'>aliena</span> <span class='ocrx_word' id='word_1_650' title='bbox 2580 4238 2634 4293; x_wconf 91' lang='lat' dir='ltr'>vi</span> <span class='ocrx_word' id='word_1_651' title='bbox 2666 4242 3032 4304; x_wconf 89' lang='lat' dir='ltr'>moveantur,</span> <span class='ocrx_word' id='word_1_652' title='bbox 3062 4241 3237 4311; x_wconf 86' lang='lat' dir='ltr'>atque</span> <span class='ocrx_word' id='word_1_653' title='bbox 3280 4239 3352 4294; x_wconf 88' lang='lat' dir='ltr'>ab</span> <span class='ocrx_word' id='word_1_654' title='bbox 3401 4238 3630 4294; x_wconf 88' lang='lat' dir='ltr'>anima-</span> 
     </span>
    </p>
   </div>
   <div class='ocr_carea' id='block_1_92' title="bbox 1989 4326 3630 4400">
    <p class='ocr_par' dir='ltr' id='par_1_92' title="bbox 1989 4326 3630 4400">
     <span class='ocr_line' id='line_1_92' title="bbox 1989 4326 3630 4400; baseline -0.003 -15"><span class='ocrx_word' id='word_1_655' title='bbox 1989 4329 2124 4394; x_wconf 89' lang='lat' dir='ltr'>bus,</span> <span class='ocrx_word' id='word_1_656' title='bbox 2143 4344 2269 4400; x_wconf 73' lang='lat' dir='ltr'>quae</span> <span class='ocrx_word' id='word_1_657' title='bbox 2291 4327 2436 4400; x_wconf 90' lang='lat' dir='ltr'>ipsis</span> <span class='ocrx_word' id='word_1_658' title='bbox 2455 4326 2613 4383; x_wconf 90' lang='lat' dir='ltr'>velut</span> <span class='ocrx_word' id='word_1_659' title='bbox 2630 4326 3039 4383; x_wconf 87' lang='lat' dir='ltr'>instrumentis</span> <span class='ocrx_word' id='word_1_660' title='bbox 3060 4331 3329 4395; x_wconf 87' lang='lat' dir='ltr'>utuntur,</span> <span class='ocrx_word' id='word_1_661' title='bbox 3347 4331 3630 4398; x_wconf 84' lang='lat' dir='ltr'>tanquam</span> 
     </span>
    </p>
   </div>
   <div class='ocr_carea' id='block_1_93' title="bbox 1993 4414 3631 4488">
    <p class='ocr_par' dir='ltr' id='par_1_93' title="bbox 1993 4414 3631 4488">
     <span class='ocr_line' id='line_1_93' title="bbox 1993 4414 3631 4488; baseline -0.002 -14"><span class='ocrx_word' id='word_1_662' title='bbox 1993 4436 2027 4474; x_wconf 89' lang='lat' dir='ltr'>a</span> <span class='ocrx_word' id='word_1_663' title='bbox 2062 4417 2310 4472; x_wconf 91' lang='lat' dir='ltr'>victibus</span> <span class='ocrx_word' id='word_1_664' title='bbox 2341 4416 2696 4488; x_wconf 89' lang='lat' dir='ltr'>quibusdam</span> <span class='ocrx_word' id='word_1_665' title='bbox 2727 4414 3146 4487; x_wconf 86' lang='lat' dir='ltr'>propellantur.</span> <span class='ocrx_word' id='word_1_666' title='bbox 3181 4415 3304 4480; x_wconf 89' lang='lat' dir='ltr'>Qua</span> <span class='ocrx_word' id='word_1_667' title='bbox 3334 4416 3406 4470; x_wconf 92' lang='lat' dir='ltr'>de</span> <span class='ocrx_word' id='word_1_668' title='bbox 3433 4432 3631 4483; x_wconf 79' lang='lat' dir='ltr'>causa,</span> 
     </span>
    </p>
   </div>
   <div class='ocr_carea' id='block_1_94' title="bbox 1994 4503 3636 4576">
    <p class='ocr_par' dir='ltr' id='par_1_94' title="bbox 1994 4503 3636 4576">
     <span class='ocr_line' id='line_1_94' title="bbox 1994 4503 3636 4576; baseline -0.002 -14"><span class='ocrx_word' id='word_1_669' title='bbox 1994 4523 2130 4562; x_wconf 90' lang='lat' dir='ltr'>cum</span> <span class='ocrx_word' id='word_1_670' title='bbox 2152 4505 2476 4562; x_wconf 90' lang='lat' dir='ltr'>secundum</span> <span class='ocrx_word' id='word_1_671' title='bbox 2499 4507 2770 4559; x_wconf 89' lang='lat' dir='ltr'>naturam</span> <span class='ocrx_word' id='word_1_672' title='bbox 2795 4520 2909 4558; x_wconf 92' lang='lat' dir='ltr'>non</span> <span class='ocrx_word' id='word_1_673' title='bbox 2931 4507 3296 4570; x_wconf 89' lang='lat' dir='ltr'>moveantur,</span> <span class='ocrx_word' id='word_1_674' title='bbox 3316 4503 3636 4576; x_wconf 83' lang='lat' dir='ltr'>fatigantur</span> 
     </span>
    </p>
   </div>
   <div class='ocr_carea' id='block_1_95' title="bbox 1995 4591 3636 4667">
    <p class='ocr_par' dir='ltr' id='par_1_95' title="bbox 1995 4591 3636 4667">
     <span class='ocr_line' id='line_1_95' title="bbox 1995 4591 3636 4667; baseline -0.002 -15"><span class='ocrx_word' id='word_1_675' title='bbox 1995 4600 2052 4652; x_wconf 90' lang='lat' dir='ltr'>et</span> <span class='ocrx_word' id='word_1_676' title='bbox 2081 4595 2334 4667; x_wconf 89' lang='lat' dir='ltr'>quietem</span> <span class='ocrx_word' id='word_1_677' title='bbox 2366 4593 2725 4648; x_wconf 85' lang='lat' dir='ltr'>desiderant.</span> <span class='ocrx_word' id='word_1_678' title='bbox 2753 4591 3048 4647; x_wconf 91' lang='lat' dir='ltr'>Naturalis</span> <span class='ocrx_word' id='word_1_679' title='bbox 3075 4592 3232 4648; x_wconf 90' lang='lat' dir='ltr'>enim</span> <span class='ocrx_word' id='word_1_680' title='bbox 3265 4592 3410 4665; x_wconf 89' lang='lat' dir='ltr'>ipsis</span> <span class='ocrx_word' id='word_1_681' title='bbox 3441 4596 3636 4648; x_wconf 87' lang='lat' dir='ltr'>motus</span> 
     </span>
    </p>
   </div>
   <div class='ocr_carea' id='block_1_96' title="bbox 239 4679 1871 4760">
    <p class='ocr_par' dir='ltr' id='par_1_96' title="bbox 239 4679 1871 4760">
     <span class='ocr_line' id='line_1_96' title="bbox 239 4679 1871 4760; baseline -0.001 -21"><span class='ocrx_word' id='word_1_682' title='bbox 239 4681 514 4753; x_wconf 87' lang='grc' dir='ltr'>ὁλότητος</span> <span class='ocrx_word' id='word_1_683' title='bbox 548 4680 820 4760; x_wconf 81' lang='grc' dir='ltr'>ἐφιέμενα,</span> <span class='ocrx_word' id='word_1_684' title='bbox 852 4681 942 4736; x_wconf 85' lang='grc' dir='ltr'>καὶ</span> <span class='ocrx_word' id='word_1_685' title='bbox 999 4680 1088 4736; x_wconf 88' lang='grc' dir='ltr'>ἀπ’</span> <span class='ocrx_word' id='word_1_686' title='bbox 1141 4679 1307 4751; x_wconf 79' lang='grc' dir='ltr'>αὐτῆς</span> <span class='ocrx_word' id='word_1_687' title='bbox 1365 4679 1762 4756; x_wconf 87' lang='grc' dir='ltr'>δυναμούμενα,</span> <span class='ocrx_word' id='word_1_688' title='bbox 1794 4683 1871 4737; x_wconf 46' lang='grc' dir='ltr'>καΤ</span> 
     </span>
    </p>
   </div>
   <div class='ocr_carea' id='block_1_97' title="bbox 1982 4679 3634 4760">
    <p class='ocr_par' dir='ltr' id='par_1_97' title="bbox 1995 4681 3634 4754">
     <span class='ocr_line' id='line_1_97' title="bbox 1995 4681 3634 4754; baseline -0.002 -14"><span class='ocrx_word' id='word_1_689' title='bbox 1995 4686 2269 4740; x_wconf 90' lang='lat' dir='ltr'>deorsum</span> <span class='ocrx_word' id='word_1_690' title='bbox 2314 4686 2422 4753; x_wconf 87' lang='lat' dir='ltr'>est,</span> <span class='ocrx_word' id='word_1_691' title='bbox 2466 4681 2621 4737; x_wconf 90' lang='lat' dir='ltr'>sicut</span> <span class='ocrx_word' id='word_1_692' title='bbox 2666 4681 2826 4736; x_wconf 90' lang='lat' dir='ltr'>omni</span> <span class='ocrx_word' id='word_1_693' title='bbox 2877 4681 3105 4752; x_wconf 90' lang='lat' dir='ltr'>corpori</span> <span class='ocrx_word' id='word_1_694' title='bbox 3156 4681 3440 4753; x_wconf 87' lang='lat' dir='ltr'>gravitate</span> <span class='ocrx_word' id='word_1_695' title='bbox 3491 4698 3634 4754; x_wconf 70' lang='lat' dir='ltr'>prae-</span> 
     </span>
    </p>
   </div>
   <div class='ocr_carea' id='block_1_98' title="bbox 240 4767 1887 4844">
    <p class='ocr_par' dir='ltr' id='par_1_98' title="bbox 240 4767 1887 4844">
     <span class='ocr_line' id='line_1_98' title="bbox 240 4767 1887 4844; baseline 0.001 -18"><span class='ocrx_word' id='word_1_696' title='bbox 240 4770 413 4826; x_wconf 78' lang='grc' dir='ltr'>οἱονεὶ</span> <span class='ocrx_word' id='word_1_697' title='bbox 475 4769 686 4843; x_wconf 82' lang='grc' dir='ltr'>μᾶλλον</span> <span class='ocrx_word' id='word_1_698' title='bbox 747 4767 1182 4844; x_wconf 76' lang='grc' dir='ltr'>εἷδοποιούμενα.</span> <span class='ocrx_word' id='word_1_699' title='bbox 1213 4773 1374 4826; x_wconf 75' lang='grc' dir='ltr'>’Ὠστε</span> <span class='ocrx_word' id='word_1_700' title='bbox 1426 4770 1489 4826; x_wconf 81' lang='grc' dir='ltr'>τὸ</span> <span class='ocrx_word' id='word_1_701' title='bbox 1543 4771 1625 4826; x_wconf 81' lang='grc' dir='ltr'>ἐπ’</span> <span class='ocrx_word' id='word_1_702' title='bbox 1681 4772 1887 4838; x_wconf 88' lang='grc' dir='ltr'>εὐθείας</span> 
     </span>
    </p>
   </div>
   <div class='ocr_carea' id='block_1_99' title="bbox 240 4856 1890 4938">
    <p class='ocr_par' dir='ltr' id='par_1_99' title="bbox 240 4856 1890 4938">
     <span class='ocr_line' id='line_1_99' title="bbox 240 4856 1890 4938; baseline 0.002 -24"><span class='ocrx_word' id='word_1_703' title='bbox 240 4860 560 4932; x_wconf 88' lang='grc' dir='ltr'>κινούμενον</span> <span class='ocrx_word' id='word_1_704' title='bbox 622 4856 729 4914; x_wconf 59' lang='grc' dir='ltr'>είίτε</span> <span class='ocrx_word' id='word_1_705' title='bbox 784 4861 919 4915; x_wconf 68' lang='grc' dir='ltr'>κατὰ</span> <span class='ocrx_word' id='word_1_706' title='bbox 988 4859 1162 4938; x_wconf 85' lang='grc' dir='ltr'>φύσιν,</span> <span class='ocrx_word' id='word_1_707' title='bbox 1223 4858 1329 4916; x_wconf 42' lang='lat' dir='ltr'>sicce</span> <span class='ocrx_word' id='word_1_708' title='bbox 1384 4862 1527 4936; x_wconf 77' lang='grc' dir='ltr'>παρὰ</span> <span class='ocrx_word' id='word_1_709' title='bbox 1586 4861 1759 4938; x_wconf 88' lang='grc' dir='ltr'>φύσιν,</span> <span class='ocrx_word' id='word_1_710' title='bbox 1805 4865 1890 4918; x_wconf 82' lang='grc' dir='ltr'>ἆν-</span> 
     </span>
    </p>
   </div>
   <div class='ocr_carea' id='block_1_100' title="bbox 241 4947 1889 5026">
    <p class='ocr_par' dir='ltr' id='par_1_100' title="bbox 241 4947 1889 5026">
     <span class='ocr_line' id='line_1_100' title="bbox 241 4947 1889 5026; baseline 0.002 -22"><span class='ocrx_word' id='word_1_711' title='bbox 241 4947 472 5022; x_wconf 84' lang='grc' dir='ltr'>ώμαλον</span> <span class='ocrx_word' id='word_1_712' title='bbox 529 4954 763 5004; x_wconf 88' lang='grc' dir='ltr'>ποιεῖται</span> <span class='ocrx_word' id='word_1_713' title='bbox 820 4950 919 5018; x_wconf 76' lang='grc' dir='ltr'>τὴν</span> <span class='ocrx_word' id='word_1_714' title='bbox 979 4949 1208 5020; x_wconf 88' lang='grc' dir='ltr'>κίνησιν·</span> <span class='ocrx_word' id='word_1_715' title='bbox 1256 4949 1417 5022; x_wconf 86' lang='grc' dir='ltr'>μόνον</span> <span class='ocrx_word' id='word_1_716' title='bbox 1474 4948 1531 5005; x_wconf 80' lang='grc' dir='ltr'>δὲ</span> <span class='ocrx_word' id='word_1_717' title='bbox 1584 4951 1647 5005; x_wconf 85' lang='grc' dir='ltr'>τὸ</span> <span class='ocrx_word' id='word_1_718' title='bbox 1700 4951 1889 5026; x_wconf 85' lang='grc' dir='ltr'>κύκλῳ</span> 
     </span>
    </p>
   </div>
   <div class='ocr_carea' id='block_1_101' title="bbox 239 5036 1886 5117">
    <p class='ocr_par' dir='ltr' id='par_1_101' title="bbox 239 5036 1886 5117">
     <span class='ocr_line' id='line_1_101' title="bbox 239 5036 1886 5117; baseline 0.002 -24"><span class='ocrx_word' id='word_1_719' title='bbox 239 5037 540 5116; x_wconf 87' lang='grc' dir='ltr'>φερόμενον</span> <span class='ocrx_word' id='word_1_720' title='bbox 603 5037 831 5112; x_wconf 84' lang='grc' dir='ltr'>ὁμαλῶς</span> <span class='ocrx_word' id='word_1_721' title='bbox 887 5036 1103 5094; x_wconf 88' lang='grc' dir='ltr'>δυναται</span> <span class='ocrx_word' id='word_1_722' title='bbox 1175 5037 1426 5117; x_wconf 86' lang='grc' dir='ltr'>φέρεσθαι</span> <span class='ocrx_word' id='word_1_723' title='bbox 1497 5045 1576 5111; x_wconf 79' lang='grc' dir='ltr'>τῶ</span> <span class='ocrx_word' id='word_1_724' title='bbox 1634 5040 1715 5094; x_wconf 82' lang='grc' dir='ltr'>ἀεὶ</span> <span class='ocrx_word' id='word_1_725' title='bbox 1773 5039 1886 5097; x_wconf 84' lang='grc' dir='ltr'>ἷ¹σον</span> 
     </span>
    </p>
   </div>
   <div class='ocr_carea' id='block_1_102' title="bbox 241 5126 1888 5206">
    <p class='ocr_par' dir='ltr' id='par_1_102' title="bbox 241 5126 1888 5206">
     <span class='ocr_line' id='line_1_102' title="bbox 241 5126 1888 5206; baseline 0.002 -24"><span class='ocrx_word' id='word_1_726' title='bbox 241 5126 529 5206; x_wconf 81' lang='grc' dir='ltr'>ἀφεστάναι</span> <span class='ocrx_word' id='word_1_727' title='bbox 588 5134 688 5198; x_wconf 83' lang='grc' dir='ltr'>τῆς</span> <span class='ocrx_word' id='word_1_728' title='bbox 743 5127 922 5204; x_wconf 84' lang='grc' dir='ltr'>ἀρχῆς</span> <span class='ocrx_word' id='word_1_729' title='bbox 979 5127 1068 5182; x_wconf 85' lang='grc' dir='ltr'>καὶ</span> <span class='ocrx_word' id='word_1_730' title='bbox 1121 5132 1218 5182; x_wconf 78' lang='grc' dir='ltr'>τοῦ</span> <span class='ocrx_word' id='word_1_731' title='bbox 1274 5129 1524 5203; x_wconf 80' lang='grc' dir='ltr'>πέρατος,</span> <span class='ocrx_word' id='word_1_732' title='bbox 1580 5128 1710 5205; x_wconf 82' lang='grc' dir='ltr'>ὅπερ</span> <span class='ocrx_word' id='word_1_733' title='bbox 1779 5130 1888 5186; x_wconf 81' lang='grc' dir='ltr'>ἐστὶ</span> 
     </span>
    </p>
   </div>
   <div class='ocr_carea' id='block_1_103' title="bbox 238 5216 1890 5295">
    <p class='ocr_par' dir='ltr' id='par_1_103' title="bbox 238 5216 1890 5295">
     <span class='ocr_line' id='line_1_103' title="bbox 238 5216 1890 5295; baseline 0.002 -25"><span class='ocrx_word' id='word_1_734' title='bbox 238 5217 306 5271; x_wconf 85' lang='grc' dir='ltr'>τὸ</span> <span class='ocrx_word' id='word_1_735' title='bbox 358 5217 603 5292; x_wconf 87' lang='grc' dir='ltr'>κέντρον,</span> <span class='ocrx_word' id='word_1_736' title='bbox 660 5216 751 5271; x_wconf 87' lang='grc' dir='ltr'>καὶ</span> <span class='ocrx_word' id='word_1_737' title='bbox 813 5218 941 5290; x_wconf 82' lang='grc' dir='ltr'>μήτ’</span> <span class='ocrx_word' id='word_1_738' title='bbox 997 5217 1089 5272; x_wconf 83' lang='grc' dir='ltr'>ἀπ’</span> <span class='ocrx_word' id='word_1_739' title='bbox 1143 5217 1306 5272; x_wconf 82' lang='grc' dir='ltr'>αὐτοῦ</span> <span class='ocrx_word' id='word_1_740' title='bbox 1377 5219 1515 5291; x_wconf 78' lang='grc' dir='ltr'>μήτε</span> <span class='ocrx_word' id='word_1_741' title='bbox 1571 5220 1708 5295; x_wconf 86' lang='grc' dir='ltr'>πρὸς</span> <span class='ocrx_word' id='word_1_742' title='bbox 1760 5219 1890 5275; x_wconf 84' lang='grc' dir='ltr'>αὐτὸ</span> 
     </span>
    </p>
   </div>
   <div class='ocr_carea' id='block_1_104' title="bbox 245 5305 1892 5388">
    <p class='ocr_par' dir='ltr' id='par_1_104' title="bbox 245 5305 1892 5388">
     <span class='ocr_line' id='line_1_104' title="bbox 245 5305 1892 5388; baseline 0.001 -27"><span class='ocrx_word' id='word_1_743' title='bbox 245 5305 520 5384; x_wconf 82' lang='grc' dir='ltr'>φέρεσθαι,</span> <span class='ocrx_word' id='word_1_744' title='bbox 557 5305 701 5361; x_wconf 81' lang='grc' dir='ltr'>ἀλλᾶ</span> <span class='ocrx_word' id='word_1_745' title='bbox 748 5307 874 5382; x_wconf 86' lang='grc' dir='ltr'>περὶ</span> <span class='ocrx_word' id='word_1_746' title='bbox 932 5305 1082 5362; x_wconf 87' lang='grc' dir='ltr'>αὐτό.</span> <span class='ocrx_word' id='word_1_747' title='bbox 1115 5306 1209 5360; x_wconf 87' lang='grc' dir='ltr'>Διὸ</span> <span class='ocrx_word' id='word_1_748' title='bbox 1264 5306 1387 5383; x_wconf 83' lang='grc' dir='ltr'>περὶ</span> <span class='ocrx_word' id='word_1_749' title='bbox 1416 5308 1478 5361; x_wconf 86' lang='grc' dir='ltr'>τὸ</span> <span class='ocrx_word' id='word_1_750' title='bbox 1509 5307 1636 5362; x_wconf 86' lang='grc' dir='ltr'>αὐτὸ</span> <span class='ocrx_word' id='word_1_751' title='bbox 1667 5309 1892 5388; x_wconf 85' lang='grc' dir='ltr'>στρεφό-</span> 
     </span>
    </p>
   </div>
   <div class='ocr_carea' id='block_1_105' title="bbox 250 5392 1888 5471">
    <p class='ocr_par' dir='ltr' id='par_1_105' title="bbox 250 5392 1888 5471">
     <span class='ocr_line' id='line_1_105' title="bbox 250 5392 1888 5471; baseline 0.001 -21"><span class='ocrx_word' id='word_1_752' title='bbox 250 5415 434 5468; x_wconf 87' lang='grc' dir='ltr'>μενον,</span> <span class='ocrx_word' id='word_1_753' title='bbox 492 5396 582 5449; x_wconf 88' lang='grc' dir='ltr'>καὶ</span> <span class='ocrx_word' id='word_1_754' title='bbox 641 5396 703 5450; x_wconf 88' lang='grc' dir='ltr'>τὸ</span> <span class='ocrx_word' id='word_1_755' title='bbox 755 5392 869 5450; x_wconf 61' lang='grc' dir='ltr'>ἴσον</span> <span class='ocrx_word' id='word_1_756' title='bbox 954 5393 1158 5471; x_wconf 84' lang='grc' dir='ltr'>ἀπέχον</span> <span class='ocrx_word' id='word_1_757' title='bbox 1218 5395 1319 5468; x_wconf 82' lang='grc' dir='ltr'>ἀεὶ,</span> <span class='ocrx_word' id='word_1_758' title='bbox 1380 5397 1588 5470; x_wconf 85' lang='grc' dir='ltr'>ὁμοίως</span> <span class='ocrx_word' id='word_1_759' title='bbox 1643 5402 1888 5454; x_wconf 85' lang='grc' dir='ltr'>κινεῖται.</span> 
     </span>
    </p>
   </div>
   <div class='ocr_carea' id='block_1_106' title="bbox 245 5480 1894 5566">
    <p class='ocr_par' dir='ltr' id='par_1_106' title="bbox 245 5480 1894 5566">
     <span class='ocr_line' id='line_1_106' title="bbox 245 5480 1894 5566; baseline 0.002 -28"><span class='ocrx_word' id='word_1_760' title='bbox 245 5484 430 5559; x_wconf 75' lang='grc' dir='ltr'>Ἀρχὴ</span> <span class='ocrx_word' id='word_1_761' title='bbox 465 5480 639 5539; x_wconf 75' lang='grc' dir='ltr'>δὲκαὶ</span> <span class='ocrx_word' id='word_1_762' title='bbox 669 5482 836 5559; x_wconf 84' lang='grc' dir='ltr'>πέρας</span> <span class='ocrx_word' id='word_1_763' title='bbox 866 5483 954 5539; x_wconf 89' lang='grc' dir='ltr'>καὶ</span> <span class='ocrx_word' id='word_1_764' title='bbox 1007 5488 1166 5559; x_wconf 85' lang='grc' dir='ltr'>μέσον</span> <span class='ocrx_word' id='word_1_765' title='bbox 1219 5482 1425 5540; x_wconf 88' lang='grc' dir='ltr'>κύκλου</span> <span class='ocrx_word' id='word_1_766' title='bbox 1479 5507 1539 5542; x_wconf 91' lang='grc' dir='ltr'>τε</span> <span class='ocrx_word' id='word_1_767' title='bbox 1593 5486 1682 5542; x_wconf 86' lang='grc' dir='ltr'>καὶ</span> <span class='ocrx_word' id='word_1_768' title='bbox 1739 5487 1894 5566; x_wconf 86' lang='grc' dir='ltr'>σφαί-</span> 
     </span>
    </p>
   </div>
   <div class='ocr_carea' id='block_1_107' title="bbox 1999 4771 3636 4842">
    <p class='ocr_par' dir='ltr' id='par_1_107' title="bbox 1999 4771 3636 4842">
     <span class='ocr_line' id='line_1_107' title="bbox 1999 4771 3636 4842; baseline -0.003 -12"><span class='ocrx_word' id='word_1_769' title='bbox 1999 4775 2142 4830; x_wconf 91' lang='lat' dir='ltr'>dito.</span> <span class='ocrx_word' id='word_1_770' title='bbox 2197 4773 2422 4828; x_wconf 83' lang='lat' dir='ltr'>Rursus</span> <span class='ocrx_word' id='word_1_771' title='bbox 2480 4775 2675 4826; x_wconf 90' lang='lat' dir='ltr'>autem</span> <span class='ocrx_word' id='word_1_772' title='bbox 2705 4771 2748 4805; x_wconf 77' lang='grc'>⁷⁸</span> <span class='ocrx_word' id='word_1_773' title='bbox 2795 4787 2923 4842; x_wconf 73' lang='lat' dir='ltr'>quae</span> <span class='ocrx_word' id='word_1_774' title='bbox 2982 4771 3306 4826; x_wconf 89' lang='lat' dir='ltr'>secundum</span> <span class='ocrx_word' id='word_1_775' title='bbox 3364 4775 3636 4827; x_wconf 88' lang='lat' dir='ltr'>naturam</span> 
     </span>
    </p>
   </div>
   <div class='ocr_carea' id='block_1_108' title="bbox 1999 4859 3638 4933">
    <p class='ocr_par' dir='ltr' id='par_1_108' title="bbox 1999 4859 3638 4933">
     <span class='ocr_line' id='line_1_108' title="bbox 1999 4859 3638 4933; baseline -0.004 -12"><span class='ocrx_word' id='word_1_776' title='bbox 1999 4867 2325 4933; x_wconf 86' lang='lat' dir='ltr'>moventur,</span> <span class='ocrx_word' id='word_1_777' title='bbox 2349 4860 2598 4916; x_wconf 87' lang='lat' dir='ltr'>celerius</span> <span class='ocrx_word' id='word_1_778' title='bbox 2619 4863 2924 4916; x_wconf 89' lang='lat' dir='ltr'>moventur</span> <span class='ocrx_word' id='word_1_779' title='bbox 2952 4876 3086 4914; x_wconf 92' lang='lat' dir='ltr'>cum</span> <span class='ocrx_word' id='word_1_780' title='bbox 3116 4861 3188 4916; x_wconf 90' lang='lat' dir='ltr'>ad</span> <span class='ocrx_word' id='word_1_781' title='bbox 3219 4859 3345 4916; x_wconf 87' lang='lat' dir='ltr'>loca</span> <span class='ocrx_word' id='word_1_782' title='bbox 3373 4877 3481 4915; x_wconf 88' lang='lat' dir='ltr'>sua</span> <span class='ocrx_word' id='word_1_783' title='bbox 3510 4876 3638 4933; x_wconf 90' lang='lat' dir='ltr'>pro-</span> 
     </span>
    </p>
   </div>
   <div class='ocr_carea' id='block_1_109' title="bbox 1999 4948 3637 5024">
    <p class='ocr_par' dir='ltr' id='par_1_109' title="bbox 1999 4948 3637 5024">
     <span class='ocr_line' id='line_1_109' title="bbox 1999 4948 3637 5024; baseline -0.002 -17"><span class='ocrx_word' id='word_1_784' title='bbox 1999 4953 2132 5024; x_wconf 90' lang='lat' dir='ltr'>pius</span> <span class='ocrx_word' id='word_1_785' title='bbox 2163 4951 2467 5017; x_wconf 88' lang='lat' dir='ltr'>accedunt,</span> <span class='ocrx_word' id='word_1_786' title='bbox 2503 4954 2569 5004; x_wconf 91' lang='lat' dir='ltr'>ut</span> <span class='ocrx_word' id='word_1_787' title='bbox 2615 4966 2742 5020; x_wconf 76' lang='lat' dir='ltr'>quze</span> <span class='ocrx_word' id='word_1_788' title='bbox 2789 4948 3184 5020; x_wconf 82' lang='lat' dir='ltr'>integritatem</span> <span class='ocrx_word' id='word_1_789' title='bbox 3233 4953 3290 5004; x_wconf 91' lang='lat' dir='ltr'>et</span> <span class='ocrx_word' id='word_1_790' title='bbox 3335 4948 3637 5022; x_wconf 81' lang='lat' dir='ltr'>perfectio-</span> 
     </span>
    </p>
   </div>
   <div class='ocr_carea' id='block_1_110' title="bbox 1999 5038 3636 5111">
    <p class='ocr_par' dir='ltr' id='par_1_110' title="bbox 1999 5038 3636 5111">
     <span class='ocr_line' id='line_1_110' title="bbox 1999 5038 3636 5111; baseline -0.001 -15"><span class='ocrx_word' id='word_1_791' title='bbox 1999 5059 2132 5097; x_wconf 89' lang='lat' dir='ltr'>nem</span> <span class='ocrx_word' id='word_1_792' title='bbox 2166 5056 2335 5096; x_wconf 86' lang='lat' dir='ltr'>suam</span> <span class='ocrx_word' id='word_1_793' title='bbox 2381 5041 2671 5111; x_wconf 87' lang='lat' dir='ltr'>expetant,</span> <span class='ocrx_word' id='word_1_794' title='bbox 2704 5041 2761 5092; x_wconf 88' lang='lat' dir='ltr'>et</span> <span class='ocrx_word' id='word_1_795' title='bbox 2809 5038 2880 5092; x_wconf 87' lang='lat' dir='ltr'>ab</span> <span class='ocrx_word' id='word_1_796' title='bbox 2929 5054 2998 5093; x_wconf 88' lang='lat' dir='ltr'>ea</span> <span class='ocrx_word' id='word_1_797' title='bbox 3043 5038 3221 5093; x_wconf 90' lang='lat' dir='ltr'>robur</span> <span class='ocrx_word' id='word_1_798' title='bbox 3267 5038 3636 5106; x_wconf 87' lang='lat' dir='ltr'>contrahant,</span> 
     </span>
    </p>
   </div>
   <div class='ocr_carea' id='block_1_111' title="bbox 2000 5127 3643 5202">
    <p class='ocr_par' dir='ltr' id='par_1_111' title="bbox 2000 5127 3643 5202">
     <span class='ocr_line' id='line_1_111' title="bbox 2000 5127 3643 5202; baseline -0.002 -17"><span class='ocrx_word' id='word_1_799' title='bbox 2000 5130 2307 5202; x_wconf 88' lang='lat' dir='ltr'>magisque</span> <span class='ocrx_word' id='word_1_800' title='bbox 2347 5132 2412 5183; x_wconf 93' lang='lat' dir='ltr'>ut</span> <span class='ocrx_word' id='word_1_801' title='bbox 2459 5127 2541 5182; x_wconf 89' lang='lat' dir='ltr'>ita</span> <span class='ocrx_word' id='word_1_802' title='bbox 2588 5127 2800 5193; x_wconf 90' lang='lat' dir='ltr'>dicam,</span> <span class='ocrx_word' id='word_1_803' title='bbox 2841 5127 3250 5182; x_wconf 89' lang='lat' dir='ltr'>informentur.</span> <span class='ocrx_word' id='word_1_804' title='bbox 3283 5130 3643 5200; x_wconf 82' lang='lat' dir='ltr'>QuaprOpter</span> 
     </span>
    </p>
   </div>
   <div class='ocr_carea' id='block_1_112' title="bbox 2002 5215 3644 5292">
    <p class='ocr_par' dir='ltr' id='par_1_112' title="bbox 2002 5215 3644 5292">
     <span class='ocr_line' id='line_1_112' title="bbox 2002 5215 3644 5292; baseline -0.002 -17"><span class='ocrx_word' id='word_1_805' title='bbox 2002 5219 2156 5292; x_wconf 91' lang='lat' dir='ltr'>quod</span> <span class='ocrx_word' id='word_1_806' title='bbox 2187 5234 2365 5290; x_wconf 89' lang='lat' dir='ltr'>super</span> <span class='ocrx_word' id='word_1_807' title='bbox 2395 5222 2550 5272; x_wconf 88' lang='lat' dir='ltr'>recta</span> <span class='ocrx_word' id='word_1_808' title='bbox 2592 5215 2743 5271; x_wconf 89' lang='lat' dir='ltr'>linea</span> <span class='ocrx_word' id='word_1_809' title='bbox 2777 5215 2896 5272; x_wconf 89' lang='lat' dir='ltr'>sive</span> <span class='ocrx_word' id='word_1_810' title='bbox 2925 5217 3252 5272; x_wconf 91' lang='lat' dir='ltr'>secundum</span> <span class='ocrx_word' id='word_1_811' title='bbox 3285 5217 3405 5273; x_wconf 90' lang='lat' dir='ltr'>sive</span> <span class='ocrx_word' id='word_1_812' title='bbox 3435 5221 3644 5290; x_wconf 71' lang='lat' dir='ltr'>praeter</span> 
     </span>
    </p>
   </div>
   <div class='ocr_carea' id='block_1_113' title="bbox 2001 5303 3647 5374">
    <p class='ocr_par' dir='ltr' id='par_1_113' title="bbox 2001 5303 3647 5374">
     <span class='ocr_line' id='line_1_113' title="bbox 2001 5303 3647 5374; baseline -0.003 -11"><span class='ocrx_word' id='word_1_813' title='bbox 2001 5312 2270 5363; x_wconf 88' lang='lat' dir='ltr'>naturam</span> <span class='ocrx_word' id='word_1_814' title='bbox 2303 5309 2585 5371; x_wconf 89' lang='lat' dir='ltr'>movetur,</span> <span class='ocrx_word' id='word_1_815' title='bbox 2610 5303 3020 5374; x_wconf 72' lang='lat' dir='ltr'>inaequabilem</span> <span class='ocrx_word' id='word_1_816' title='bbox 3052 5307 3280 5359; x_wconf 80' lang='lat' dir='ltr'>motum</span> <span class='ocrx_word' id='word_1_817' title='bbox 3309 5303 3524 5370; x_wconf 82' lang='lat' dir='ltr'>efﬁcit;</span> <span class='ocrx_word' id='word_1_818' title='bbox 3558 5319 3647 5359; x_wconf 94' lang='lat' dir='ltr'>so-</span> 
     </span>
    </p>
   </div>
   <div class='ocr_carea' id='block_1_114' title="bbox 2000 5391 3649 5465">
    <p class='ocr_par' dir='ltr' id='par_1_114' title="bbox 2000 5391 3649 5465">
     <span class='ocr_line' id='line_1_114' title="bbox 2000 5391 3649 5465; baseline -0.004 -12"><span class='ocrx_word' id='word_1_819' title='bbox 2000 5397 2126 5452; x_wconf 88' lang='lat' dir='ltr'>lum</span> <span class='ocrx_word' id='word_1_820' title='bbox 2156 5399 2350 5452; x_wconf 91' lang='lat' dir='ltr'>autem</span> <span class='ocrx_word' id='word_1_821' title='bbox 2381 5394 2441 5448; x_wconf 91' lang='lat' dir='ltr'>id</span> <span class='ocrx_word' id='word_1_822' title='bbox 2485 5393 2640 5464; x_wconf 91' lang='lat' dir='ltr'>quod</span> <span class='ocrx_word' id='word_1_823' title='bbox 2673 5391 3034 5448; x_wconf 84' lang='lat' dir='ltr'>circulariter</span> <span class='ocrx_word' id='word_1_824' title='bbox 3065 5397 3348 5458; x_wconf 88' lang='lat' dir='ltr'>movetur,</span> <span class='ocrx_word' id='word_1_825' title='bbox 3383 5391 3649 5465; x_wconf 68' lang='lat' dir='ltr'>aequabi—</span> 
     </span>
    </p>
   </div>
   <div class='ocr_carea' id='block_1_115' title="bbox 2000 5483 3649 5556">
    <p class='ocr_par' dir='ltr' id='par_1_115' title="bbox 2000 5483 3649 5556">
     <span class='ocr_line' id='line_1_115' title="bbox 2000 5483 3649 5556; baseline -0.002 -15"><span class='ocrx_word' id='word_1_826' title='bbox 2000 5486 2136 5543; x_wconf 89' lang='lat' dir='ltr'>liter</span> <span class='ocrx_word' id='word_1_827' title='bbox 2165 5484 2299 5541; x_wconf 80' lang='lat' dir='ltr'>ferri</span> <span class='ocrx_word' id='word_1_828' title='bbox 2330 5486 2558 5556; x_wconf 88' lang='lat' dir='ltr'>potest;</span> <span class='ocrx_word' id='word_1_829' title='bbox 2606 5487 2844 5556; x_wconf 90' lang='lat' dir='ltr'>propter</span> <span class='ocrx_word' id='word_1_830' title='bbox 2890 5483 3051 5555; x_wconf 92' lang='lat' dir='ltr'>quod</span> <span class='ocrx_word' id='word_1_831' title='bbox 3099 5497 3330 5556; x_wconf 90' lang='lat' dir='ltr'>semper</span> <span class='ocrx_word' id='word_1_832' title='bbox 3376 5485 3434 5538; x_wconf 89' lang='lat' dir='ltr'>et</span> <span class='ocrx_word' id='word_1_833' title='bbox 3483 5496 3649 5552; x_wconf 68' lang='lat' dir='ltr'>aequo</span> 
     </span>
    </p>
   </div>
   <div class='ocr_carea' id='block_1_116' title="bbox 322 5711 1871 5801">
    <p class='ocr_par' dir='ltr' id='par_1_116' title="bbox 322 5717 1868 5801">
     <span class='ocr_line' id='line_1_116' title="bbox 322 5717 1868 5801; baseline 0.003 -29"><span class='ocrx_word' id='word_1_834' title='bbox 322 5718 430 5772; x_wconf 77' lang='grc'>⁷⁵8</span> <span class='ocrx_word' id='word_1_835' title='bbox 475 5717 652 5793; x_wconf 77' lang='lat' dir='ltr'>Phys.</span> <span class='ocrx_word' id='word_1_836' title='bbox 698 5735 750 5776; x_wconf 91' lang='lat' dir='ltr'>c.</span> <span class='ocrx_word' id='word_1_837' title='bbox 806 5719 897 5790; x_wconf 90' lang='lat'>12,</span> <span class='ocrx_word' id='word_1_838' title='bbox 948 5722 992 5774; x_wconf 88' lang='lat' dir='ltr'>t.</span> <span class='ocrx_word' id='word_1_839' title='bbox 1040 5719 1134 5773; x_wconf 86' lang='lat'>75.</span> <span class='ocrx_word' id='word_1_840' title='bbox 1211 5720 1254 5755; x_wconf 72' lang='grc'>⁷⁸</span> <span class='ocrx_word' id='word_1_841' title='bbox 1283 5720 1318 5774; x_wconf 91' lang='lat'>8</span> <span class='ocrx_word' id='word_1_842' title='bbox 1365 5719 1548 5796; x_wconf 81' lang='lat' dir='ltr'>Phys.</span> <span class='ocrx_word' id='word_1_843' title='bbox 1603 5737 1655 5778; x_wconf 86' lang='lat'><strong>0.</strong></span> <span class='ocrx_word' id='word_1_844' title='bbox 1706 5721 1794 5801; x_wconf 68' lang='lat'>14,</span> <span class='ocrx_word' id='word_1_845' title='bbox 1841 5723 1868 5778; x_wconf 89' lang='lat' dir='ltr'>t</span> 
     </span>
    </p>
   </div>
   <div class='ocr_carea' id='block_1_117' title="bbox 1982 5711 3655 5801">
    <p class='ocr_par' dir='ltr' id='par_1_117' title="bbox 1982 5711 3655 5795">
     <span class='ocr_line' id='line_1_117' title="bbox 1982 5711 3655 5795; baseline -0.002 -19"><span class='ocrx_word' id='word_1_846' title='bbox 1982 5721 2018 5778; x_wconf 77' lang='grc'>5.</span> <span class='ocrx_word' id='word_1_847' title='bbox 2093 5721 2138 5757; x_wconf 76' lang='grc'>’⁸⁷</span> <span class='ocrx_word' id='word_1_848' title='bbox 2168 5721 2204 5776; x_wconf 90' lang='grc'>8</span> <span class='ocrx_word' id='word_1_849' title='bbox 2244 5719 2420 5795; x_wconf 75' lang='lat' dir='ltr'>Phys.</span> <span class='ocrx_word' id='word_1_850' title='bbox 2471 5734 2520 5773; x_wconf 91' lang='lat' dir='ltr'>c.</span> <span class='ocrx_word' id='word_1_851' title='bbox 2582 5717 2670 5788; x_wconf 86' lang='grc'>14,</span> <span class='ocrx_word' id='word_1_852' title='bbox 2719 5719 2762 5772; x_wconf 91' lang='lat' dir='ltr'>t.</span> <span class='ocrx_word' id='word_1_853' title='bbox 2807 5717 2898 5774; x_wconf 89' lang='lat'>77.</span> <span class='ocrx_word' id='word_1_854' title='bbox 2974 5715 3019 5751; x_wconf 81' lang='grc'>⁷⁸</span> <span class='ocrx_word' id='word_1_855' title='bbox 3045 5715 3082 5770; x_wconf 88' lang='lat'><strong>5</strong></span> <span class='ocrx_word' id='word_1_856' title='bbox 3120 5713 3295 5789; x_wconf 74' lang='lat' dir='ltr'>Phys.</span> <span class='ocrx_word' id='word_1_857' title='bbox 3335 5730 3386 5769; x_wconf 87' lang='grc' dir='ltr'>ο.</span> <span class='ocrx_word' id='word_1_858' title='bbox 3423 5711 3480 5784; x_wconf 89' lang='grc'>9,</span> <span class='ocrx_word' id='word_1_859' title='bbox 3511 5715 3553 5769; x_wconf 92' lang='lat' dir='ltr'>t.</span> <span class='ocrx_word' id='word_1_860' title='bbox 3584 5711 3655 5773; x_wconf 76' lang='grc'><strong>61</strong></span> 
     </span>
    </p>
   </div>
   <div class='ocr_carea' id='block_1_118' title="bbox 244 5792 341 5851">
    <p class='ocr_par' dir='ltr' id='par_1_118' title="bbox 244 5792 341 5851">
     <span class='ocr_line' id='line_1_118' title="bbox 244 5792 341 5851; baseline -0.052 0"><span class='ocrx_word' id='word_1_861' title='bbox 244 5792 341 5851; x_wconf 76' lang='grc'>64.</span> 
     </span>
    </p>
   </div>
  </div>
