4024 6438
480 457 630 517 1071
1727 456 2131 517 ΝΙΟΕΡΗΟΒῙ

2245 453 2630 516 LEMMIDE
3734 455 3902 514 1072

477 588 780 644 intervallo
837 606 870 642 a
929 589 1216 661 principio
1267 594 1323 645 et
1391 590 1526 658 fine,
1587 590 1694 646 hoc
1750 595 1857 657 est,
1923 592 2120 644 centro

2243 607 2356 662 ρας,
2386 587 2450 640 τὸ
2498 585 2712 658 κέντρον
2763 583 2925 638 ἐστίν·
2975 584 3124 660 ἀρχὴ
3175 585 3292 656 μὲν,
3325 583 3407 639 ὅτι
3445 585 3585 639 κατὰ
3625 585 3736 654 τὴν
3790 585 3900 639 ἀπὸ

476 679 694 745 distet;
735 683 791 732 et
839 695 1026 749 neque
1074 679 1146 734 ab
1198 678 1346 750 ipso,
1391 696 1578 751 neque
1629 681 1700 735 ad
1755 680 1972 750 ipsum,
2022 677 2124 733 sed

2243 680 2332 729 του
2387 674 2608 750 κέντρου
2670 670 2787 743 ἴσην
2844 672 3194 728 ἀπόστασινδ
3248 695 3307 729 τε
3360 671 3563 736 κύκλος
3599 673 3898 751 ὑφίσταται

477 767 630 822 circa
661 767 855 836 ipsum
888 767 1126 822 feratur.
1169 767 1531 840 Quapropter
1578 784 1713 823 cum
1762 768 1917 822 circa
1964 767 2120 821 idem

2243 763 2320 818 ιαὶ
2369 765 2404 832 ἡ
2453 768 2670 841 σφαῖρα·
2723 764 2910 837 πέρας,
2959 761 3042 816 ὅτι
3091 768 3256 817 πᾶσαι
3304 763 3359 817 αἱ
3407 763 3512 818 ἀπὸ
3572 771 3677 832 τῆς
3749 784 3904 840 περι-

474 859 752 928 perpetuo
773 859 1056 920 versetur,
1081 855 1321 927 parique
1349 873 1579 928 semper
1599 855 1903 912 intervallo
1926 855 2120 920 distet,

2243 853 2443 931 φερείας
2501 853 2751 928 γραμμαὶ
2812 851 2887 913 εἷς
2941 851 3072 906 αὐτὸ
3137 856 3492 929 περατοῦνται
3553 851 3756 926 μέσον,
3815 853 3904 908 ὅτε

474 942 747 998 similiter
778 946 1059 997 movetur.
1094 943 1195 997 66
1227 943 1508 999 Centrum
1553 949 1748 999 autem
1797 950 1854 1001 et
1903 944 2124 1016 princi-

2243 941 2569 1018 πανταχόθεν
2631 938 2743 995 ἴσον
2818 941 2921 995 ἀπὸ
2995 943 3091 1009 τῆς
3166 941 3505 1019 περιφερείας
3586 938 3899 1010 διέπῆκεν.

473 1032 640 1104 pium
671 1036 728 1086 et
749 1031 903 1100 ﬁnis,
928 1035 986 1086 et
1015 1032 1275 1088 medium
1300 1032 1502 1088 circuli
1525 1033 1800 1105 globique
1822 1039 1930 1089 est.
1956 1032 2124 1086 Prin-

476 1120 696 1192 cipium
719 1120 1022 1188 nimirum,
1052 1119 1191 1193 quia
1213 1122 1541 1176 secundum
1563 1121 1846 1193 aequalem
1873 1139 1907 1176 a
1926 1125 2124 1176 centro

2235 1030 2389 1085 Οὕτω
2417 1035 2545 1107 γοῦν
2600 1029 2690 1084 καὶ
2738 1030 2874 1084 κατὰ
2918 1030 2980 1084 τὸ
3022 1027 3228 1103 ὁμαλὲς
3275 1028 3577 1106 τιμιωτέρα
3627 1029 3755 1086 ἐστὶ
3814 1032 3903 1086 καὶ

2235 1120 2428 1194 πρώτη
2462 1125 2559 1187 τῆς
2593 1117 2674 1172 ἐπ’
2708 1117 2909 1178 εὐθείας
2937 1119 3197 1187 κινήσεως
3230 1120 3264 1186 ἡ
3297 1116 3657 1194 κυκλοτερής.

475 1209 815 1265 distantiam
861 1215 987 1265 tum
1037 1209 1312 1279 circulus,
1366 1214 1493 1266 tum
1543 1211 1752 1283 globus
1801 1211 2104 1278 subsistit;
2159 1211 2316 1277 ﬁnis,
2369 1210 2508 1282 quia
2558 1225 2761 1265 omnes
2810 1226 2846 1264 a
2893 1208 3366 1264 circumferentia
3417 1208 3584 1264 lineae
3643 1209 3710 1264 in
3772 1209 3902 1282 ipso

473 1298 864 1354 terminantur
893 1300 976 1367 7°;
1026 1299 1306 1370 medium,
1339 1300 1478 1370 quia
1524 1301 1915 1372 undecunque
1964 1318 1998 1355 a
2049 1299 2518 1354 circumferentia
2557 1298 2736 1354 distat
2765 1298 3087 1371 aequaliter.
3120 1298 3215 1354 Sic
3244 1297 3441 1369 itaque
3472 1298 3655 1354 etiam
3690 1300 3900 1371 quoad

474 1387 926 1460 aquabilitatem
974 1387 1277 1444 circularis
1327 1393 1521 1444 motus
1580 1394 1734 1445 recto
1783 1387 2152 1460 praestantior
2203 1393 2260 1444 et
2306 1388 2465 1460 prior
2513 1392 2621 1443 est.

548 1531 633 1585 12.
667 1531 779 1586 Sed
810 1544 883 1585 ne
913 1529 1151 1601 quidem
1183 1534 1341 1586 recto
1373 1531 1697 1603 comparari
1730 1535 1938 1603 potest.
1962 1530 2125 1586 Com-

475 1635 680 1693 parare
730 1623 925 1674 autem
976 1619 1070 1672 hic
1126 1619 1474 1686 assimilare,
1523 1619 1784 1676 conferre
1831 1625 1888 1674 et
1945 1617 2125 1674 simul

2308 1529 2399 1604 ιβ’.
2455 1529 2605 1582 Ἐστι
2682 1526 2738 1584 δὲ
2807 1527 2896 1582 καὶ
2963 1522 3319 1600 ἀσύμϐλητος
3517 1529 3602 1584 ἐπ’
3660 1527 3898 1589 εὐθείας.

2238 1612 2587 1689 Συμϐάλλειν
2634 1615 2692 1672 δὲ
2740 1615 2954 1692 λέγεται
3002 1616 3064 1670 τὸ
3110 1611 3482 1692 παραϐάλλειν
3522 1618 3616 1672 καὶ
3665 1619 3898 1693 συγκρέ-

476 1709 799 1781 expendere
848 1707 1084 1763 dicitur.
1145 1707 1271 1763 Non
1325 1708 1522 1780 itaque
1569 1707 1872 1764 circularis
1931 1713 2126 1765 motus

2243 1727 2366 1778 νειν,
2399 1707 2487 1760 καὶ
2540 1705 2686 1768 ὅλως
2735 1707 3110 1776 συνεξετάζειν.
3144 1705 3255 1760 Οὐκ
3300 1703 3411 1761 ἔστι
3457 1711 3587 1781 γοῦν
3620 1709 3656 1776 ἡ
3703 1705 3898 1778 κύκλῳ

2283 1795 2294 1811 Ι
2547 1799 2574 1809 ι-
2643 1794 2656 1811 ’
2710 1796 2723 1811 1
2801 1795 2849 1811 9-
2895 1794 2907 1811 1
3145 1789 3203 1811 ,κ
3305 1795 3320 1811 \
3495 1796 3509 1811 ι
3613 1796 3628 1811 \
3706 1802 3768 1811 --

476 1801 631 1853 recto
661 1797 850 1868 quoad
884 1796 1239 1852 celeritatem
1292 1801 1350 1852 et
1392 1796 1783 1868 aequalitatem
1815 1801 1918 1852 aut
1948 1795 2130 1852 tardi-

479 1891 660 1942 tatem
683 1885 1012 1958 comparari
1033 1889 1255 1958 potest;
1281 1887 1419 1957 quia
1439 1903 1626 1958 neque
1648 1886 1951 1943 circularis
1976 1885 2132 1942 linea

478 1980 646 2032 rectas
701 1978 1077 2048 camparatur
1119 1976 1184 2029 3°.
1247 1980 1439 2046 Neque
1493 1976 1650 2031 enim
1706 1976 1974 2047 ipsarum
2040 1979 2130 2030 est

479 2065 812 2120 communis
851 2081 1148 2120 mensura.
1183 2064 1346 2120 Unde
1399 2065 1462 2119 ﬁt
1511 2068 1576 2119 ut
1621 2080 1725 2119 nec
1775 2068 1933 2120 recta
1977 2062 2131 2119 linea

481 2153 748 2209 circulari
795 2153 1035 2224 aequalis
1079 2153 1257 2208 statui
1310 2154 1513 2225 possit.
1551 2152 1636 2208 Illi
1685 2157 1879 2208 autem
1929 2157 2128 2208 motus

482 2243 806 2314 comparari
834 2246 1104 2314 possunt,
1127 2243 1226 2313 qui
1251 2258 1494 2297 numero
1516 2241 1813 2307 differunt,
1838 2242 2128 2312 ejusdem-

483 2349 596 2404 que
641 2332 870 2403 generis
915 2335 1054 2386 sunt
1104 2336 1160 2386 et
1198 2331 1430 2402 speciei.
1464 2331 1748 2396 Quoniam
1780 2332 1936 2386 enim
1967 2331 2007 2364 ⁸³
2063 2347 2131 2386 ea

485 2439 612 2493 quae
645 2421 942 2488 differunt,
968 2425 1069 2476 aut
1099 2436 1310 2492 genere
1340 2420 1635 2487 differunt,
1661 2424 1762 2474 aut
1790 2420 2002 2491 specie,
2029 2423 2132 2474 aut

485 2527 769 2574 numero;
813 2527 928 2581 qua
974 2509 1301 2564 differentia
1349 2516 1382 2564 a
1435 2526 1497 2564 se
1547 2509 1797 2564 invicem
1849 2509 2132 2563 differunt

486 2617 614 2672 qua:
656 2602 984 2665 moventur,
1018 2603 1311 2668 quatenus
1341 2601 1682 2665 moventur;
1716 2599 1919 2653 eadem
1951 2597 2126 2652 etiam

485 2687 600 2760 ipsi
631 2691 826 2742 motus
865 2686 1160 2741 differunt.
1195 2687 1254 2741 Si
1303 2686 1458 2741 enim
1510 2703 1576 2741 ea
1622 2703 1750 2758 qua:
1799 2691 2125 2755 moventur,

485 2778 714 2850 generis
748 2775 969 2831 ratione
1000 2775 1276 2831 differunt
1302 2795 1316 2843 ;
1351 2778 1545 2830 motus
1576 2775 1754 2830 etiam
1784 2790 1994 2847 genere
2025 2775 2122 2830 6⁸1

486 2866 789 2933 different;
823 2863 1069 2936 exempli
1099 2865 1305 2936 gratia,
1329 2865 1377 2919 si
1410 2864 1555 2918 illud
1587 2863 1824 2935 quidem
1855 2880 2127 2935 augmen-

483 2960 661 3023 tatur,
713 2955 821 3009 hoc
869 2970 1002 3008 vero
1053 2952 1376 3020 dealbatur,
1427 2953 1822 3022 augmentatio
1869 2953 2044 3008 etiam
2093 2970 2130 3009 a

485 3043 849 3101 dealbatione
895 3042 1087 3114 quoad
1134 3057 1320 3114 genus
1365 3041 1736 3114 discrepabit.
1769 3042 1994 3097 Etenim
2027 3041 2127 3097 illa

2241 1795 2450 1864 κίνησις
2508 1799 2578 1868 τῇ
2639 1794 2723 1850 ἐπ’
2765 1794 2973 1860 εὐθείας
3031 1789 3328 1868 συμϐλητὴ
3383 1796 3518 1850 κατᾶ
3570 1796 3637 1850 τὸ
3699 1802 3899 1860 θᾶττον

2238 1884 2326 1938 καὶ
2378 1884 2443 1938 τὸ
2498 1882 2610 1938 ἴσον
2642 1885 2678 1952 ἢ
2732 1884 2796 1939 τὸ
2854 1881 3209 1960 βραδύτερον,
3240 1882 3322 1938 ὅτι
3387 1883 3529 1957 μηδέ
3581 1884 3655 1959 τῇ
3719 1885 3901 1956 εὐθείᾳ

2239 1977 2470 2049 γραμμῇ
2540 1967 2916 2046 συμϐάλλεται
2987 1975 3022 2042 ἡ
3084 1975 3401 2051 περιφερής.
3467 1971 3543 2027 Οὐ
3609 1973 3715 2050 γάρ
3791 1973 3898 2028 ἐστι

2236 2062 2419 2117 κοινὸν
2455 2063 2652 2135 μέτρον
2684 2061 2882 2118 αὐτῶν.
2914 2063 3066 2118 ’Όθεν
3113 2059 3226 2116 οὐδ’
3258 2059 3400 2117 ἔστιν
3451 2061 3661 2117 εὐθεῖαν
3713 2084 3900 2138 γραμ-

2241 2154 2348 2223 μὴν
2373 2150 2493 2220 ἴσην
2518 2156 2796 2227 περιφερεῖ
2822 2147 3038 2207 εἰδέναι.
3056 2146 3382 2224 Συμϐληταῖ
3408 2149 3465 2206 δὲ
3483 2155 3736 2222 κινήσεις
3762 2153 3896 2207 εἰσὶν

2237 2241 2293 2294 αἱ
2349 2241 2564 2314 ἀριθμῷ
2621 2237 2987 2316 διαφέρουσαι,
3022 2242 3312 2314 ὁμογενοῖς
3366 2261 3425 2295 τε
3464 2241 3553 2295 καὶ
3585 2238 3894 2314 ὁμοειδεῖς.

2237 2330 2389 2385 Ἐπεὶ
2432 2331 2532 2404 γὰρ
2579 2329 2645 2382 τὰ
2692 2326 3008 2405 διαφέροντα
3054 2329 3090 2398 ἢ
3139 2331 3279 2402 γένει
3339 2326 3602 2407 διαφέρει,
3649 2331 3685 2399 ἢ
3741 2328 3898 2400 εἴδει,

2237 2419 2272 2487 ἢ
2305 2419 2541 2492 ἀριθμῷ,
2573 2418 2692 2480 καθ’
2733 2420 2798 2486 ἢν
2859 2415 3117 2493 διαφορὰν
3172 2419 3239 2472 τὰ
3292 2417 3584 2492 κινούμενα
3649 2417 3894 2498 διαφέρει

2237 2506 2504 2577 ἀλλήλων
2548 2508 2682 2562 καθὸ
2742 2505 3053 2580 κινούμενα·
3105 2507 3240 2562 κατᾶ
3302 2507 3503 2576 ταύτην
3573 2506 3894 2587 διαφέρουσι

2238 2595 2327 2650 καὶ
2376 2597 2430 2649 αἱ
2476 2597 2734 2666 κινήσεις.
2769 2594 2832 2650 Εἴ
2876 2596 2970 2668 μὶν
3020 2595 3123 2670 γὰρ
3171 2597 3307 2650 κατὰ
3351 2596 3507 2672 γένος
3557 2600 3592 2667 ἡ
3641 2601 3755 2652 τῶν
3812 2620 3895 2652 κι-

2235 2684 2511 2758 νουμένων
2580 2681 2811 2762 διαφορὰ
2867 2681 2974 2755 εἴη,
3025 2685 3115 2739 καὶ
3164 2686 3219 2739 αἱ
3274 2687 3514 2756 κινήσεις
3578 2684 3894 2765 διαφέροιεν

2238 2775 2298 2830 ἂν
2344 2774 2480 2828 κατὰ
2521 2772 2694 2850 γένος·
2749 2774 2862 2827 οἷον
2916 2773 2962 2827 εἷ
3001 2773 3066 2828 τὸ
3118 2775 3213 2847 μὲν
3264 2771 3497 2847 αὔξεται,
3545 2776 3609 2830 τὸ
3654 2774 3712 2831 δὲ
3770 2777 3892 2832 λευ-

2233 2863 2490 2934 καίνεται,
2522 2862 2611 2917 καὶ
2660 2865 2696 2932 ἡ
2739 2861 2960 2933 αὔξησις
3027 2863 3168 2936 γένει
3242 2860 3431 2919 διοίσει
3491 2866 3591 2934 τῆς
3659 2863 3891 2921 λευκάν-

2236 2974 2394 3015 σεως.
2424 2951 2522 3006 Καὶ
2569 2953 2670 3028 γὰρ
2722 2955 2758 3022 ἡ
2809 2953 2902 3026 μὲν
2969 2952 3104 3007 κατὰ
3152 2953 3257 3026 (τὸ)
3299 2953 3487 3026 ποσὸν,
3541 2956 3577 3022 ἡ
3631 2951 3688 3008 δὲ
3755 2955 3894 3010 κατὰ

2235 3043 2340 3116 (τὸ)
2386 3041 2565 3110 ποιὸν,
2616 3043 2750 3118 ἅπερ
2810 3040 2920 3096 ἐστὶ
2978 3038 3209 3120 διάφορα
3253 3043 3382 3117 γένη
3436 3047 3536 3098 τοῦ
3591 3039 3777 3106 ὄντος.
3827 3045 3889 3098 Εἰ

486 3134 724 3206 quidem
784 3132 1108 3187 secundum
1165 3131 1580 3202 quantitatem,
1629 3131 1754 3186 haec
1800 3131 2126 3186 secundum

2243 3128 2300 3185 δὲ
2342 3127 2471 3186 εἷ’δει
2528 3117 2766 3208 διαφέρει
2819 3130 2887 3184 τὰ
2942 3117 3253 3204 κίνούμενα,
3286 3128 3414 3186 εἷ’δει
3472 3133 3562 3186 καὶ
3609 3133 3665 3186 αἱ
3724 3136 3888 3202 κινή-

486 3222 826 3295 qualitatem
849 3221 936 3289 fit,
958 3237 1082 3292 qua
1118 3220 1348 3275 diversa
1369 3224 1508 3276 sunt
1534 3221 1686 3275 entis
1711 3236 1940 3291 genera.
1965 3220 2127 3286 Quod

483 3312 533 3367 si
565 3311 756 3383 specie
779 3309 1050 3365 differant
1079 3326 1147 3364 ea
1175 3326 1302 3379 quae
1327 3313 1652 3376 moventur,
1677 3313 1874 3364 motus
1897 3325 2131 3380 quoque

483 3399 697 3472 speciei
727 3398 954 3454 ratione
983 3397 1357 3452 dissidebunt
1387 3412 1401 3452 :
1453 3401 1518 3452 ut
1549 3397 1838 3452 dealbatio
1887 3415 1920 3452 a
1967 3398 2130 3453 deni-

483 3489 766 3562 gratione,
810 3492 866 3544 et
914 3487 1249 3542 rectilineus
1299 3490 1492 3541 motus
1540 3504 1574 3541 a
1626 3487 2021 3542 conversione.
2072 3487 2132 3543 Si

482 3595 617 3634 vero
667 3579 725 3631 in
768 3576 884 3631 illis
916 3594 1041 3648 quae
1074 3581 1404 3641 moventur,
1437 3577 1666 3631 numeri
1699 3581 1929 3631 tantum
1963 3576 2132 3631 diffe-

488 3668 676 3723 rentia
725 3671 850 3732 est;
902 3665 1023 3720 solo
1071 3667 1247 3720 etiam
1300 3682 1543 3720 numero
1598 3669 1793 3721 motus
1841 3665 2129 3735 different,

492 3755 592 3826 qui
625 3771 765 3810 sane
792 3754 969 3809 etiam
1003 3754 1115 3808 sibi
1145 3755 1391 3809 invicem
1424 3757 1629 3809 mutuo
1661 3755 1987 3826 comparari
2035 3772 2134 3826 po-

489 3847 690 3898 terunt
717 3844 762 3877 ⁸²
793 3861 806 3908 ;
859 3841 1105 3913 exempli
1155 3842 1362 3914 gratia,
1396 3842 1657 3898 humana
1699 3842 1992 3914 generatio
2022 3843 2132 3898 hu-

493 3949 678 3988 mana:
708 3931 1091 4003 generationi,
1121 3935 1178 3985 et
1223 3947 1338 3985 non
1369 3931 1614 4001 equinae,
1651 3932 1867 4003 quippe
1898 3933 1985 3986 ὶιεο
2017 3949 2132 3988 non

490 4027 630 4077 sunt
661 4020 925 4089 eiusdem
957 4019 1188 4090 speciei.
1222 4019 1289 4072 Et
1335 4020 1538 4074 eodem
1579 4019 1752 4074 modo
1785 4025 2136 4091 augmenta-

488 4111 569 4166 tio
613 4109 1072 4181 augmentationi
1104 4109 1368 4178 ejusdem
1418 4107 1648 4178 speciei.
1685 4108 2024 4180 Pariterque
2073 4111 2133 4166 in

486 4199 846 4262 alterations,
901 4197 1060 4252 velut
1107 4196 1414 4264 dealbatio,
1445 4195 1820 4265 dealbationi,
1868 4202 1926 4252 et
1972 4200 2135 4254 deni-

2239 3240 2348 3282 σεις
2403 3218 2676 3275 διοίσοιεν’
2712 3219 2789 3282 ὡς
2845 3222 2880 3290 ἡ
2943 3219 3224 3282 λεύκανσις
3274 3223 3375 3290 τῆς
3427 3218 3767 3294 μελάνσεως,
3800 3223 3892 3276 καὶ

2239 3312 2274 3379 ἡ
2308 3309 2390 3364 ἐπ’
2449 3308 2653 3373 εὐθείας
2710 3309 2852 3386 φορᾶ
2905 3315 3008 3379 τῆς
3067 3315 3385 3386 περιφορᾶς.
3446 3309 3509 3365 Εἰ
3567 3307 3614 3365 δ’
3671 3310 3895 3386 ἀριθμῷ

2243 3399 2395 3472 μόνῳ
2441 3403 2559 3460 τοῖς
2604 3398 2948 3471 κινουμένοις
2992 3400 3028 3467 ἡ
3080 3395 3330 3477 διαφορὰ,
3367 3398 3519 3472 μόνῳ
3564 3399 3656 3454 καὶ
3703 3402 3762 3454 αἱ
3809 3423 3898 3455 κι-

2239 3489 2420 3558 νήσεις
2443 3487 2662 3564 ἀριθμῷ
2691 3485 3011 3565 διαφέροιεν,
3043 3487 3100 3541 αἳ
3157 3485 3222 3556 δὴ
3280 3487 3371 3542 καί
3411 3487 3690 3559 ἀλλήλαις
3749 3486 3900 3545 ἔσον-

2239 3598 2327 3630 ται
2379 3571 2713 3649 συμϐληιιῖαί⁹
2777 3577 2891 3630 οἷον
2950 3577 2984 3645 ἡ
3044 3576 3348 3652 ἀνθρωπεία
3420 3578 3623 3654 γένεσις
3681 3582 3753 3652 τῇ
3809 3579 3899 3633 ἀν·

2241 3666 2485 3741 θρωπείᾳ
2545 3667 2763 3742 γενέσει,
2814 3665 2903 3720 καὶ
2966 3665 3027 3720 οὐ
3073 3670 3141 3740 τῇ
3213 3666 3421 3738 ἱππείᾳ·
3461 3667 3550 3721 καὶ
3620 3670 3726 3744 γὰρ
3791 3669 3903 3745 οὐχ

2243 3752 2536 3827 ὁμοειδεῖς·
2569 3754 2724 3823 καὶὴ
2775 3752 2996 3824 αὔξησις
3054 3753 3310 3816 ὡσαύτως
3364 3759 3434 3830 τῇ
3489 3753 3742 3829 ὁμοειδεῖ
3801 3758 3898 3812 αὐ-

2244 3844 2411 3913 ξήσειο
2445 3843 2534 3898 καὶ
2587 3841 2675 3897 ἐπὶ
2732 3849 2832 3912 τῆς
2889 3840 3244 3906 ἀλλοιώσεως
3299 3845 3390 3899 τὸν
3450 3845 3608 3900 αὐτὸν
3667 3846 3893 3919 τρόπον·

2245 3934 2356 3987 οἷον
2389 3935 2424 4000 ἡ
2475 3930 2757 3993 λεύκανσις
2812 3932 2882 4003 τῇ
2939 3929 3236 4006 λευκάνσει,
3294 3933 3384 3988 καὶ
3441 3937 3476 4003 ἡ
3522 3933 3786 4007 μέλανσις

2248 4017 2521 4092 μελάνσει,
2553 4018 2642 4072 καὶ
2701 4017 2787 4072 ἐπὶ
2842 4025 2942 4087 τῆς
2999 4026 3232 4089 τοπικῆς
3286 4023 3613 4091 κινήσεως-ἡ
3662 4022 3749 4076 ἐπ’
3807 4024 3893 4079 εὐ-

2245 4109 2389 4171 θείας
2443 4111 2512 4182 τῇ
2545 4107 2627 4162 ἐπ’
2660 4106 2890 4177 εὐθείας,
2921 4107 3011 4162 καὶ
3040 4111 3076 4178 ἠ
3107 4107 3444 4186 κυκλοτερὴς
3500 4115 3570 4185 τῇ
3625 4111 3890 4169 κυκλοτε-

2247 4204 2346 4275 ρεῖ·
2380 4197 2470 4252 καὶ
2503 4196 2589 4252 ἐπὶ
2617 4201 2724 4252 τῶν
2759 4195 2944 4251 ἄλλων
2978 4199 3210 4272 ὁμοίως.

487 4289 676 4361 gratio
724 4285 1134 4359 denigrationi,
1163 4290 1220 4341 et
1268 4287 1328 4341 in
1379 4290 1541 4340 motu
1591 4284 1759 4342 locali
1809 4287 2144 4346 rectilineus
2190 4288 2510 4357 rectilineo,
2547 4292 2605 4344 et
2649 4287 2950 4345 circularis
2997 4289 3291 4358 circulari,
3331 4295 3389 4347 et
3432 4291 3493 4347 in
3542 4290 3677 4348 aliis
3727 4293 3890 4349 simi-

488 4378 644 4434 liter.

563 4521 650 4576 13.
683 4523 862 4575 Porro
891 4519 936 4553 ⁸³
991 4518 1101 4573 hoc
1153 4522 1220 4572 ut
1268 4522 1467 4573 motus
1515 4517 1667 4574 inter
1708 4534 1771 4574 se
1815 4521 2138 4592 comparari
2167 4522 2216 4588 Ι)

486 4608 734 4681 possint,
767 4607 913 4662 nihil
961 4607 1208 4677 impedit
1242 4606 1771 4662 instrumentorum
1802 4608 2130 4681 diversitas,

484 4715 588 4769 per
643 4715 770 4770 quae
825 4700 1019 4752 motus
1075 4698 1269 4751 ﬁunt:
1329 4696 1578 4768 exempli
1631 4697 1840 4769 gratia,
1889 4698 1937 4754 si
1995 4698 2133 4755 huic

488 4787 686 4859 pedes,
711 4787 809 4842 alii
841 4803 1044 4858 pennae
1076 4785 1293 4840 fuerint
1324 4785 1717 4841 instrumenta
1746 4791 1960 4843 motus.
1985 4788 2132 4844 Nam

487 4875 604 4932 alia
633 4876 869 4948 quidem
916 4876 1015 4929 68
1068 4875 1294 4930 ratione
1338 4874 1660 4930 ambulatio
1710 4893 1743 4930 a
1792 4875 1986 4932 volatu
2018 4877 2131 4932 dif-

489 4964 619 5034 fert,
654 4965 843 5035 quoad
900 4965 1182 5019 nimirum
1227 4969 1445 5019 certam
1480 4964 1798 5035 quamdam
1829 4965 2132 5036 qualitatis

487 5053 936 5124 ﬁgurationem;
996 5058 1055 5108 at
1113 5054 1300 5124 quoad
1361 5052 1602 5108 localem
1659 5053 1935 5125 speciem,
1985 5055 2132 5110 nihil

485 5140 778 5195 differunt.
830 5141 1192 5212 Quapropter
1251 5141 1429 5197 etiam
1487 5143 1813 5212 comparari
1861 5150 2131 5214 possunt,

481 5229 800 5285 dummodo
853 5232 924 5284 ad
979 5237 1195 5285 rectam
1247 5235 1348 5285 aut
1397 5231 1641 5286 fractam
1695 5231 1911 5287 lineam
1956 5232 2130 5289 etiam

482 5317 655 5373 ambo
687 5319 1090 5373 conficiantur.
1127 5321 1342 5374 Omnes
1376 5325 1569 5374 autem
1613 5319 1890 5376 rectilinei
1936 5326 2131 5378 motus

481 5407 635 5462 inter
677 5424 740 5462 se
780 5407 1024 5463 invicem
1058 5410 1383 5480 comparari
1416 5415 1708 5480 poterunt,
1744 5415 1808 5464 ut
1862 5411 2007 5467 nihil
2059 5413 2131 5468 ad

481 5497 592 5553 hoc
625 5496 1026 5568 impedimenti
1077 5497 1222 5566 ipsis
1275 5499 1478 5551 afferat
1508 5498 1913 5555 habitudinem
1942 5501 2128 5556 diver-

2321 4527 2402 4595 ιγ’.
2436 4517 2682 4596 Διαφέρει
2713 4516 2772 4574 δὲ
2802 4517 2953 4575 οὐδέν
3004 4520 3082 4584 εἷς
3127 4520 3191 4576 τὸ
3240 4516 3563 4595 συμϐλητὰς
3611 4523 3750 4579 εἶναι
3802 4525 3890 4585 τὰς

2241 4611 2480 4679 κινήσεις
2530 4611 2565 4678 ἡ
2612 4613 2718 4663 τῶν
2772 4608 3010 4686 ὀργάνων
3063 4611 3392 4687 ἑτεροιότης,
3426 4609 3496 4666 δι’
3535 4613 3612 4666 ὧν
3661 4613 3800 4688 (καὶ)
3840 4614 3884 4668 αἱ

2241 4699 2498 4768 κινήσεις
2532 4699 2669 4770 οἷον,
2703 4698 2748 4752 εἰ
2801 4702 2882 4770 τῷ
2941 4699 3033 4771 μὲν
3093 4697 3257 4762 πόδες
3311 4700 3434 4773 εἷεν,
3465 4705 3546 4773 τῷ
3602 4698 3663 4756 δὲ
3705 4701 3884 4778 πτέρυ-

2242 4807 2333 4861 γες
2385 4787 2452 4840 τὰ
2509 4782 2704 4862 ὄργανα
2759 4794 2861 4855 τῆς
2916 4790 3201 4858 κινήσεως.
3233 4787 3461 4852 ’Ἄλλως
3497 4791 3723 4867 μὲνγὰρ
3785 4789 3887 4845 διει-

2242 4876 2388 4952 φέρει
2451 4873 2659 4950 βάδισις
2718 4879 2988 4946 πτήσεως,
3020 4876 3192 4952 ἤγουν
3245 4879 3379 4933 κατὰ
3420 4879 3511 4934 τὸν
3563 4881 3722 4935 ποιὸν
3756 4901 3884 4954 σχη-

2246 4964 2537 5037 ματισμόν·
2569 4965 2704 5019 κατά
2733 4963 2790 5019 δὲ
2819 4966 2880 5019 τὸ
2914 4968 3136 5021 τοπικὸν
3189 4965 3328 5029 εἶδος
3379 4967 3439 5023 οὐ
3495 4966 3760 5046 διαφέρει.
3794 4967 3880 5023 Διὸ

2240 5053 2329 5107 καὶ
2389 5048 2723 5126 συμϐληταὶ.
2761 5054 2922 5127 μόνον
2979 5055 3024 5110 εἰ
3083 5055 3163 5110 ἐπ’
3196 5056 3420 5128 εὐθείας,
3542 5057 3631 5112 ἐπὶ
3690 5056 3880 5113 κεκλα-

2241 5143 2442 5214 σμένης
2499 5142 2588 5197 καὶ
2645 5141 2809 5219 ἄμφω
2858 5143 3127 5202 τελοῖντο.
3161 5152 3329 5200 Πᾶσαι
3381 5143 3438 5200 δὲ
3482 5148 3537 5201 αἱ
3568 5146 3652 5202 ἐπ’
3686 5147 3884 5206 εὐθείας

2239 5234 2474 5301 κινήσεις
2558 5229 2833 5303 ἀλλήλαις
2920 5232 3124 5288 ἔσονται
3212 5229 3550 5308 συμϐληταὶ,
3625 5233 3883 5309 μηδόλως

2241 5317 2667 5394 ἐμποδιζόμεναι
2732 5325 2812 5392 τῷ
2869 5319 3114 5400 διαφόρῳ
3182 5328 3289 5378 τῶν
3346 5323 3606 5399 σχέσεων·
3670 5325 3885 5397 ἐπείπερ

2241 5410 2294 5464 ἓν
2326 5411 2388 5465 τὸ
2421 5409 2772 5481 ὑποκείμενον
2813 5406 2998 5488 ἔχουσι
3055 5413 3153 5480 τὴν
3213 5412 3436 5485 εὐθεῖαν,
3467 5413 3556 5468 καὶ
3619 5411 3886 5487 ὁμοειδεῖς

2243 5498 2330 5554 διὰ
2359 5499 2524 5553 τοῦτό
2558 5499 2655 5552 εἷ’σι
2693 5500 2844 5572 μόνῳ
2869 5506 2948 5572 τῷ
2976 5501 3193 5575 ἀριθμῷ
3233 5499 3606 5579 διαφέρουσαι.

547 5696 652 5772 τῖδ
685 5694 855 5772 phis“.
909 5711 975 5772 cn.’
1011 5695 1192 5772 “At;
1406 5694 1450 5726 ⁸ο
1476 5693 1509 5744 7
1543 5693 1717 5772 P_hys.
1769 5713 1842 5772 (ί.Δ
1868 5698 1924 5766 5,
1973 5701 2016 5754 ι.
2059 5698 2126 5754 21

2243 5698 2288 5756 4.
2366 5697 2408 5732 ει
2437 5697 2473 5752 7
2515 5697 2689 5772 Phys.
2731 5714 2778 5752 c.
2821 5699 2876 5765 5,
2907 5703 2946 5754 t.
2981 5699 3088 5768 32;
3119 5700 3154 5753 8
3183 5699 3321 5772 Top.
3355 5714 3406 5757 c.
3437 5698 3493 5753 7.
3569 5698 3618 5734 ⁸³
3646 5699 3682 5752 7
3711 5696 3887 5771 Phys.

473 5784 530 5830 ο.
576 5769 632 5841 5,
683 5771 726 5824 t.
769 5757 868 5837 33,
920 5768 1006 5822 34.
1084 5757 1192 5820 ⁸³7
1241 5763 1416 5837 Pbys.
1471 5779 1518 5825 c.
1571 5757 1722 5838 5ft.
1779 5768 1873 5829 30.

3718 6121 4004 6434 HJ
