4024 6438
212 423 374 487 10⁵13

1543 425 1891 488 EPITOME
1932 424 2291 489 PHYSICA.

3467 425 3623 488 1074

211 561 361 616 sitas
391 576 405 628 ;
439 556 917 630 quandoquidem
943 572 1130 612 unum
1159 555 1514 627 subjectum,
1547 562 1763 613 rectam
1794 557 2032 627 lineam,
2069 560 2314 627 habent,
2371 564 2428 616 et
2459 560 2699 631 proinde
2750 559 3012 629 ejusdem
3071 557 3286 631 speciei
3336 561 3493 627 sunt,
3527 577 3618 616 so-

207 647 449 720 liusque
472 645 704 702 numeri
727 644 1114 701 differentiam
1145 645 1483 702 admittunt.

287 733 369 792 ιδ’.
411 735 640 805 Ἑκάστη
694 731 751 788 δὲ
797 737 982 788 πασῶν
1027 739 1133 787 τῶν
1177 737 1440 804 κινήσεων
1490 734 1578 789 καὶ
1628 733 1859 809 ἠρεμίαν
1891 737 1945 803 Α

211 823 592 896 ἀντικειμένην
638 819 754 898 ἔχει
803 822 892 878 καὶ
934 821 1180 892 κίνησιν·
1243 821 1343 877 οὐκ
1398 820 1505 877 ἔστι
1567 820 1624 878 δὲ
1680 823 1861 885 στάσις

209 915 248 982 ἡ
284 911 505 988 ἠρεμία.
565 911 664 966 Καὶ
719 913 820 987 γὰρ
880 910 1120 987 ἐνέργειά
1171 933 1255 973 τις
1303 911 1393 966 καὶ
1443 914 1478 980 ἡ
1532 912 1736 979 στάσις,
1773 909 1864 966 καί

210 999 358 1064 εἶδος
385 1004 455 1074 τῇ
483 1002 693 1070 κινήσει
746 999 1058 1076 σύστοιχον,
1109 1001 1186 1062 ὡς
1216 998 1451 1075 λέγομεν
1501 999 1681 1055 στάσιν
1717 997 1860 1076 ἔχειν

208 1089 267 1145 ἐν
298 1094 378 1162 τῷ
423 1088 570 1162 μέσῳ
595 1089 696 1158 τήν
745 1095 871 1163 γῆν.
926 1090 1200 1165 Ἐνὲργεια
1248 1089 1350 1165 γὰρ
1398 1095 1500 1158 τῆς
1553 1092 1659 1164 γῆς
1698 1091 1760 1143 τὸ
1813 1089 1864 1144 έν

212 1179 365 1252 μέσῳ
397 1177 684 1249 ἑστηκυῖαν
737 1177 869 1232 εἶναι
914 1176 1102 1248 αὐτήν’
1153 1176 1332 1254 ὥσπερ
1379 1183 1476 1232 τοῦ
1526 1176 1759 1254 οὐρανοῦ
1798 1178 1862 1233 τὸ

203 1268 463 1323 κινεῖσθαι
522 1266 648 1342 περὶ
703 1266 766 1320 τὸ
827 1265 1009 1338 μέσον.
1069 1267 1131 1322 Ἡ
1180 1263 1226 1320 δ’
1287 1266 1493 1342 ἠρεμία
1569 1265 1668 1321 οὐκ
1719 1264 1858 1322 ἔστιν

203 1356 467 1433 ἐνέργεια,
525 1355 689 1429 μόνον
749 1353 796 1409 δ’
854 1353 1086 1410 ἀπουσία
1140 1357 1424 1426 κινήσεως.
1483 1355 1560 1430 Τῇ
1619 1356 1714 1428 μὲν
1766 1353 1858 1411 οῦν

201 1446 343 1502 κατὰ
395 1444 564 1501 τόπον
610 1446 817 1515 κινήσει
866 1445 1003 1500 κατὰ
1047 1443 1214 1500 τόπον
1269 1444 1474 1521 ἠρεμία
1528 1443 1855 1500 ἀντίκειται·

201 1534 298 1591 καὶ
354 1537 422 1608 τῇ
480 1534 596 1589 κατ’
644 1533 948 1590 ἀλλοίωσιν
996 1534 1112 1589 κατ’
1155 1531 1452 1588 ἀλλοίωσιν
1483 1553 1497 1566 υ
1528 1533 1618 1589 καὶ
1668 1533 1858 1596 ἁπλῶς

206 1623 378 1680 εἰπεῖν
441 1627 540 1696 μιᾷ
593 1622 787 1696 ἑκάστῃ
838 1623 1049 1691 κινήσει
1101 1626 1182 1693 τῷ
1241 1623 1457 1698 ἀριθμῷ
1509 1623 1599 1676 καὶ
1657 1625 1692 1691 ἡ
1750 1622 1857 1697 πρὸ

202 1719 308 1781 τῆς
364 1711 622 1781 τοιαύτης
699 1712 960 1780 κινήσεως
1018 1710 1221 1786 ἠρεμία
1254 1754 1267 1779 ,
1325 1711 1416 1764 καὶ
1473 1712 1508 1780 ἠ
1569 1713 1705 1783 μετά
1757 1713 1858 1779 τήν

205 1801 464 1870 τοιαύτην
519 1799 726 1871 κίνησιν
779 1798 1157 1874 ἀντιμάχεται’
1220 1798 1457 1872 μάλιστα
1518 1801 1612 1872 μὲν
1670 1798 1760 1854 οὖν
1820 1802 1855 1868 ἡ

202 1891 439 1966 πρὸτῆς
469 1891 756 1960 κινήσεως.
785 1891 852 1941 "0
902 1889 1004 1964 γὰρ
1054 1890 1090 1958 ἡ
1141 1888 1353 1958 κίνησις
1400 1887 1584 1966 φεύγει
1632 1889 1720 1943 καὶ
1771 1889 1858 1943 οὗ-

199 1999 349 2040 τινος
379 1977 634 2048 ἐκστῆναι
664 1975 902 2048 σπεύδει,
954 1982 1115 2032 τοῦτο
1158 1975 1370 2051 μᾶλλον
1416 1977 1652 2032 ἐναντίον
1695 1978 1852 2052 αὐτῇ.

202 2071 350 2144 Πρὸς
394 2071 425 2124 ὃ
473 2065 520 2123 δ’
567 2068 747 2123 ἄπεισι
794 2066 883 2122 καὶ
938 2066 1071 2143 ὅπερ
1115 2066 1381 2142 ἐπείγεται
1425 2067 1852 2140 καταλήψεσθαι,

197 2163 365 2214 τοῦτο
422 2161 540 2220 πῶς
596 2159 796 2212 οἱκεῖον
842 2156 980 2229 αὐτῇ
1012 2174 1026 2224 ;
1063 2157 1309 2226 Κινήσεις
1368 2153 1415 2210 δ’
1462 2154 1693 2212 ἐναντίαι
1727 2156 1858 2212 εἰσὶν

199 2248 238 2317 ἢ
279 2245 492 2319 μᾶλλον
543 2241 842 2319 μεταϐολαὶ
890 2247 1097 2320 γένεσις
1148 2245 1237 2299 καὶ
1289 2246 1483 2322 φθορὰ,
1514 2245 1734 2316 αὔξησις
1763 2245 1853 2300 καὶ

205 2336 450 2410 μείωσις”
486 2335 573 2390 ἐπὶ
604 2333 662 2390 δὲ
710 2342 812 2404 τῆς
859 2333 1234 2406 ἀλλοιώσεως,
1279 2333 1566 2409 θέρμανσις
1613 2333 1700 2388 καὶ
1750 2334 1852 2407 ψύ-

203 2429 305 2497 ξις,
357 2423 639 2486 λεύκανσίς
688 2444 748 2478 τε
789 2424 879 2478 καὶ
933 2422 1211 2495 μέλανσις,
1261 2423 1352 2477 καὶ
1399 2420 1564 2477 ἄλλαι
1612 2423 1852 2498 συζυγίαι

202 2512 477 2592 διάφοροι.
510 2512 630 2568 Ἐπὶ
662 2509 720 2568 δὲ
748 2519 845 2581 τῆς
891 2512 1028 2566 κατά
1076 2511 1235 2566 τόκον
1294 2506 1625 2584 μεταϐολῆς,
1675 2515 1710 2580 ἡ
1742 2511 1853 2567 ἅνω

199 2604 297 2658 καὶ
318 2605 354 2671 ἡ
379 2601 546 2670 κάτω,
577 2603 654 2663 ὡς
683 2601 735 2656 ἐν
772 2603 956 2673 μήκειο
987 2603 1023 2669 ἡ
1056 2601 1132 2662 εἱς
1179 2599 1246 2654 τὰ
1290 2597 1436 2669 δεξιά
1483 2601 1573 2654 καὶ
1601 2603 1635 2669 ἡ
1682 2600 1757 2662 εἰς
1787 2602 1855 2655 τὰ

202 2692 480 2768 ἀριστερὰ,
527 2691 604 2752 ὡς
657 2690 708 2744 ἐν
762 2691 976 2745 πλάτει’
1010 2692 1046 2758 ἡ
1078 2691 1153 2751 εἱς
1193 2691 1566 2764 τοῦμπροσθεν
1593 2689 1680 2744 καὶ
1713 2692 1747 2760 ἠ
1775 2689 1851 2753 εἷς

199 2777 531 2854 τούντισθεν,
563 2781 639 2843 ὡς
671 2778 722 2834 ἐν
758 2778 928 2855 βάθει.

280 3055 357 3103 ιε’.
402 3050 524 3106 Τῶν
575 3045 836 3103 τοιούτων
897 3044 956 3102 δὲ
1006 3049 1247 3102 τοπικῶν
1303 3048 1566 3118 κινήσεων
1628 3045 1709 3101 ἐπ’
1765 3045 1850 3101 εὐ-

201 3135 361 3200 θείας
390 3135 562 3192 οὐσών
594 3138 630 3206 ἠ
662 3132 772 3191 ἄνω
796 3136 887 3190 καὶ
915 3137 952 3204 ἡ
1001 3136 1149 3191 κάτω
1196 3134 1355 3207 μόναι
1402 3134 1602 3211 κυρίως
1650 3133 1848 3190 ἁπλαῖ-

200 3231 392 3282 πασῶν
417 3225 520 3302 γὰρ
546 3229 656 3281 τῶν
700 3225 836 3280 κατᾶ
879 3225 1046 3280 τόπον
1099 3218 1416 3297 μεταϐολῶν
1465 3229 1612 3300 τρεῖς
1655 3226 1710 3278 αἱ
1754 3245 1847 3279 κυ-

176 3315 340 3392 ρίως
397 3313 570 3370 ἀπλαῖ
600 3335 613 3348 ο
670 3315 706 3383 ἡ
760 3313 886 3390 περὶ
935 3313 1000 3368 τὸ
1048 3318 1147 3368 τοῦ
1219 3312 1420 3374 παντὸς
1481 3313 1660 3385 μέσον,
1725 3311 1848 3382 ἤτις

201 3403 346 3461 ἐστὶν
406 3405 443 3472 ἡ
518 3400 729 3475 κύκλῳ·
785 3405 820 3472 ὴ
897 3402 1001 3457 ἀπὸ
1049 3406 1145 3456 τοῦ
1209 3400 1399 3474 μέσου,
1457 3401 1580 3470 ἥτις
1656 3401 1850 3476 (ἐστὶν)

2040 739 2127 794 14.
2162 739 2338 796 Porro
2369 738 2622 810 quisque
2651 741 2848 794 motus
2878 742 2934 792 et
2989 736 3244 809 quietem
3300 740 3358 793 et
3386 742 3612 794 motum

1973 828 2307 899 oppositum
2336 828 2512 884 habet
2545 845 2558 895 ;
2592 828 2690 883 sed
2731 826 2897 897 quies
2943 842 3059 880 non
3109 830 3199 881 est
3242 826 3435 882 statio.
3462 827 3610 884 Nam

1972 918 2029 970 et
2056 917 2228 972 statio
2257 920 2421 972 actus
2461 915 2704 988 quidam
2765 920 2851 971 est
2909 915 2973 986 ⁸⁸,
3029 918 3085 970 et
3143 915 3366 986 species
3423 916 3608 971 motui

1971 1005 2305 1077 conjugata,
2361 1005 2856 1076 quemadmodum
2905 1007 3121 1059 terram
3171 1004 3231 1057 in
3261 1003 3451 1060 medio
3494 1009 3609 1060 sta-

1970 1091 2188 1148 tionem
2220 1093 2434 1149 habere
2490 1094 2763 1150 dicimus.
2821 1097 3000 1149 Actus
3058 1093 3215 1148 enim
3274 1097 3440 1148 terra:
3497 1097 3604 1161 est,

1972 1181 2128 1252 quod
2175 1181 2303 1253 ipsa
2359 1185 2476 1237 stat
2531 1182 2590 1236 in
2643 1181 2835 1236 medio
2869 1199 2882 1249 ;
2915 1182 3413 1253 quemadmodum
3480 1182 3608 1238 caeli

1971 1271 2166 1338 [actus
2197 1271 2328 1341 est],
2353 1271 2508 1342 quod
2560 1269 2755 1342 ipsum
2804 1270 2958 1326 circa
3007 1269 3268 1325 medium
3320 1273 3605 1327 movetur.

1968 1361 2040 1414 At
2065 1375 2200 1414 vero
2232 1358 2402 1431 quies
2434 1375 2551 1414 non
2581 1364 2670 1414 est
2715 1362 2904 1428 actus,
2951 1360 3053 1415 sed
3103 1363 3301 1415 motus
3325 1360 3612 1416 duntaxat

1969 1447 2253 1503 absentia.
2285 1447 2476 1504 Locali
2510 1447 2751 1518 proinde
2772 1447 2956 1503 motui
3011 1447 3213 1503 localis
3244 1448 3412 1520 quies
3437 1464 3613 1522 oppo-

1968 1537 2146 1602 nitur,
2189 1536 2593 1593 alternationis
2643 1538 2830 1592 motui
2899 1537 3255 1594 alterationis
3314 1538 3520 1611 quies;
3551 1543 3610 1594 et

1966 1629 2034 1680 ut
2053 1625 2397 1698 simpliciter
2425 1626 2859 1697 dicam,cuique
2879 1626 3066 1682 motui
3080 1628 3270 1698 quoad
3291 1643 3604 1684 numerum

1967 1715 2068 1770 uni
2100 1715 2267 1786 quies
2297 1715 2472 1770 etiam
2504 1732 2636 1770 cum
2668 1733 2798 1787 quae
2827 1719 3053 1770 motum
3083 1715 3427 1787 hujusmodi
3455 1733 3601 1788 prai-

1965 1804 2137 1871 cedit,
2169 1805 2268 1858 69
2303 1807 2431 1858 tum
2482 1821 2608 1875 qua:
2659 1805 2946 1876 sequitur,
2988 1809 3276 1877 repugnat
3306 1824 3321 1874 ;
3352 1806 3604 1861 maxime

1965 1898 2161 1949 tamen
2192 1909 2279 1961 ea,
2313 1910 2438 1964 quas
2471 1897 2691 1948 mstum
2724 1893 3185 1965 praecedit.Quod
3215 1893 3373 1949 enim
3407 1899 3605 1950 motus

1965 1982 2135 2054 fugit,
2167 1985 2222 2037 et
2253 1999 2289 2038 a
2317 1998 2432 2053 quo
2463 1982 2755 2038 discedere
2785 1982 3042 2048 festinat,
3095 1983 3206 2038 hoc
3264 1983 3376 2054 ipsi
3417 1983 3605 2055 magis

1966 2076 2056 2127 est
2086 2071 2466 2127 contrarium.
2510 2071 2572 2125 Id
2619 2075 2816 2126 autem
2865 2071 2938 2125 ad
2989 2072 3144 2142 quod
3194 2071 3334 2140 abit,
3367 2076 3424 2127 et
3453 2072 3607 2143 quod

1967 2160 2398 2233 apprehendere
2429 2158 2746 2224 contendit,
2780 2159 2970 2231 magis
3003 2159 3111 2215 hoc
3152 2159 3265 2231 ipsi
3322 2160 3609 2216 familiare

1964 2252 2072 2305 est.
2105 2249 2393 2306 Contrarii
2426 2252 2622 2303 autem
2653 2251 2870 2318 motus,
2899 2247 2987 2303 vel
3019 2248 3213 2320 potius
3252 2249 3608 2306 mutationes

1963 2341 2121 2405 sunt,
2156 2336 2452 2408 generatio
2480 2342 2536 2391 et
2565 2337 2882 2407 corruptio,
2916 2337 3314 2409 augmentatio
3344 2342 3401 2392 et
3434 2336 3607 2392 dimi-

1964 2426 2132 2482 nutio
2163 2426 2226 2479 εδ.
2261 2426 2324 2479 In
2357 2424 2696 2480 alteratione
2727 2428 2922 2479 autem
2954 2424 3253 2480 calefactio
3283 2428 3339 2480 et
3364 2425 3608 2497 refrige-

1962 2515 2131 2582 ratio,
2163 2514 2453 2570 dealbatio
2483 2517 2542 2568 et
2579 2513 2926 2585 denigratio,
2981 2513 3225 2584 aliseque
3262 2513 3435 2568 varia:
3463 2529 3600 2568 con-

1955 2604 2308 2676 jugationes.
2346 2604 2408 2658 In
2439 2602 2606 2658 locali
2656 2602 2906 2673 denique
2962 2602 3307 2670 mutatione,
3354 2619 3481 2673 quas
3510 2606 3601 2658 est

1962 2709 2197 2749 sursum
2229 2699 2442 2763 etquae
2494 2695 2583 2746 est
2629 2691 2927 2761 deorsum,
2970 2695 3036 2746 ut
3095 2692 3150 2744 in
3185 2690 3548 2762 longitudine
3579 2710 3593 2759 ;

1961 2799 2089 2854 quae
2127 2785 2217 2836 est
2262 2781 2628 2836 dextrorsum
2684 2784 2742 2834 et
2783 2779 3214 2849 sinistrorsum,
3273 2783 3340 2834 ut
3395 2780 3456 2836 in
3511 2779 3597 2835 la-

1959 2870 2211 2927 titudine
2245 2888 2258 2938 ;
2291 2885 2418 2942 quas
2444 2873 2531 2926 est
2560 2873 2694 2925 ante
2724 2873 2782 2925 et
2809 2874 2983 2938 retro,
3015 2874 3083 2925 ut
3135 2869 3194 2926 in
3237 2868 3601 2942 profundita-

1959 2963 2038 3016 te.

2032 3049 2118 3103 15.
2155 3048 2437 3104 Caeterum
2467 3064 2602 3103 cum
2650 3046 2993 3118 bujusmodi
3039 3046 3252 3103 locales
3301 3050 3498 3102 motus
3542 3047 3602 3102 in

1960 3141 2185 3192 rectum
2215 3138 2381 3204 ﬁant,
2415 3136 2524 3192 soli
2573 3140 2771 3192 tamen
2805 3135 2889 3190 illi
2923 3136 3022 3207 qui
3078 3152 3316 3190 sursum
3348 3139 3406 3190 et
3435 3135 3600 3192 deor-

1960 3242 2094 3282 sum
2125 3227 2296 3292 ﬁunt,
2329 3225 2562 3298 proprie
2590 3228 2730 3280 sunt
2777 3224 3095 3295 simplices.
3129 3223 3404 3279 Omnium
3445 3224 3602 3280 enim

1959 3314 2235 3372 localium
2283 3314 2679 3369 mutationum
2721 3317 2839 3368 tres
2904 3317 3137 3368 tantum
3191 3317 3330 3368 sunt
3371 3313 3605 3384 proprie

1959 3403 2258 3476 simplices
2290 3422 2303 3458 :
2340 3419 2467 3474 quae
2500 3403 2654 3458 circa
2684 3402 2941 3457 universi
2973 3402 3234 3457 medium
3264 3402 3495 3470 est,boc
3517 3405 3605 3458 est

199 3496 239 3562 ἡ
274 3490 405 3547 ἄνω
438 3491 528 3548 καὶ
557 3494 592 3561 ἡ
643 3491 730 3546 ἐπὶ
772 3491 836 3546 τὸ
884 3492 1063 3564 μέσον,
1112 3491 1234 3560 ἥτις
1283 3492 1318 3560 ἠ
1366 3491 1533 3548 κάτω.
1584 3491 1758 3547 Μύναι
1808 3489 1854 3546 δ’

1968 3493 2292 3561 circularis;
2327 3508 2452 3563 quas
2485 3496 2574 3548 est
2631 3508 2664 3546 a
2694 3491 2887 3546 medio
2948 3489 3058 3546 hoc
3090 3494 3332 3561 estquae
3365 3507 3602 3546 sursum

200 3581 360 3637 αὗται
398 3579 598 3654 κυρίως
646 3577 837 3650 ἀπλαῖ,
887 3578 1026 3635 διότι
1070 3579 1287 3642 ταύταις
1338 3579 1528 3652 μόναις
1580 3584 1851 3634 κινοῦνται

204 3674 449 3749 φυσικῶς
495 3671 565 3724 τὰ
613 3666 874 3724 δοκοῦντα
918 3673 1025 3724 τῶν
1077 3671 1345 3743 σωμάτων
1391 3667 1558 3725 ἁπλᾶ.
1610 3675 1758 3724 Πᾶσα
1805 3667 1850 3723 δ’

205 3759 359 3829 ἁπλῆ
391 3757 604 3829 κίνησις
636 3757 815 3814 ἁπλοῦ
855 3757 1002 3820 τινός
1051 3757 1161 3812 έστι
1207 3759 1461 3830 σώματος
1507 3758 1643 3812 κατᾶ
1671 3759 1848 3836 φύσιν,

202 3849 298 3904 καὶ
326 3847 521 3910 παντὸς
549 3845 730 3902 ἁπλοῦ
757 3848 1014 3922 σώματος
1039 3850 1073 3916 ἡ
1107 3849 1306 3925 φυσικὴ
1334 3845 1544 3918 κίνησις
1587 3845 1734 3917 ἁπλῆ
1765 3847 1849 3909 τίς

201 3938 338 3994 ἐστι.

277 4222 360 4284 ις’.
411 4223 540 4282 Ταῖς
601 4218 694 4291 μὲν
749 4217 841 4271 οὖν
883 4215 968 4273 ἐπ’
1013 4216 1219 4280 εὐθείας
1277 4222 1468 4296 φοραῖς
1521 4217 1848 4289 ἐναντίωσις,

199 4311 280 4372 ὡς
331 4305 564 4380 εἷ’ρηται,
598 4305 873 4382 πρόσεστι’
926 4310 996 4380 τῇ
1043 4305 1234 4378 κύκλῳ
1283 4303 1342 4361 δὲ
1385 4308 1593 4376 κινήσει
1641 4305 1850 4375 κίνησιν

203 4396 460 4471 οὐδεμίαν
494 4395 733 4452 ἐναντίαν
792 4395 924 4451 εἶναί
972 4416 1119 4474 φασι.
1171 4395 1274 4451 Καὶ
1323 4393 1404 4450 ὅτι
1441 4397 1536 4467 μὲν
1584 4394 1684 4450 οὐκ
1711 4395 1853 4450 ἐναν-

201 4492 448 4544 τιοῦνται
480 4486 758 4558 ἀλλήλαις
788 4491 824 4558 ἡ
877 4486 928 4557 ἐξ
977 4482 1245 4554 ἀνατολῆς
1295 4484 1372 4546 εἰς
1418 4481 1647 4558 δυσμὰς,
1694 4486 1849 4554 καὶὴ

205 4577 270 4633 ἐκ
297 4573 514 4650 δυσμῶν
559 4576 635 4639 sic;
681 4574 966 4647 ἀνατολὰς,
1019 4570 1296 4650 ἔγνωσται.
1345 4573 1444 4628 Καὶ
1491 4575 1594 4649 γὰρ
1641 4575 1695 4628 αἱ
1745 4578 1850 4628 τῶν

205 4664 501 4736 πλανητῶν
560 4669 802 4744 σφαῖραι,
853 4665 970 4719 κατ’
1028 4663 1194 4741 ἄμφω
1239 4663 1435 4723 ταύτας
1480 4661 1577 4724 τὰς
1634 4682 1855 4738 περιφο-

208 4754 304 4830 ρὰς
354 4754 780 4832 περιφέρονται·
839 4755 941 4823 τὴν
1027 4751 1119 4825 μὲν
1197 4751 1333 4806 κατὰ
1404 4749 1559 4828 φύσιν
1635 4752 1735 4820 τὴν
1795 4751 1854 4806 ἐκ

1961 3583 2065 3650 ﬁt;
2102 3599 2228 3653 quae
2268 3584 2358 3636 est
2405 3582 2474 3635 ad
2525 3580 2809 3644 medium,
2858 3579 2968 3634 hoc
3016 3582 3103 3634 est
3151 3595 3282 3650 quae
3329 3579 3602 3634 deorsum

1960 3672 2045 3727 ﬁt.
2079 3671 2222 3727 Solae
2269 3674 2466 3726 autem
2514 3670 2601 3724 ba:
2654 3668 2884 3741 proprie
2931 3667 3226 3740 simplices
3274 3671 3433 3738 sunt,
3467 3668 3605 3740 quia

1961 3758 2303 3817 naturaliter
2350 3758 2443 3813 bis
2493 3757 2633 3814 solis
2683 3761 2990 3813 moventur
3056 3773 3125 3812 ea
3173 3773 3418 3828 corpora
3474 3774 3600 3829 quas

1961 3847 2258 3920 simplicia
2287 3864 2414 3902 esse
2442 3846 2729 3902 videntur.
2763 3846 2968 3901 Omnis
2998 3851 3194 3901 autem
3217 3845 3465 3917 simplex
3485 3861 3604 3902 mo-

1963 3942 2058 3993 tus
2094 3938 2193 3991 70
2224 3935 2509 4009 simplicis
2538 3934 2790 4006 alicujus
2829 3934 3089 4006 corporis
3139 3947 3228 3990 est
3275 3934 3601 3990 secundum

1961 4029 2233 4082 naturam
2268 4041 2283 4080 :
2315 4029 2372 4080 et
2401 4023 2593 4080 omnis
2624 4023 2909 4095 simplicis
2931 4023 3190 4095 corporis
3203 4027 3398 4080 motus
3430 4027 3604 4080 natu-

1962 4115 2103 4172 ralis
2132 4113 2382 4186 simplex
2411 4113 2654 4185 quidam
2685 4117 2795 4169 est.

2035 4224 2122 4278 16.
2155 4221 2315 4277 Retis
2345 4220 2527 4293 igitur
2557 4218 2814 4275 motibus
2843 4218 3246 4286 contrarietas,
3279 4221 3346 4273 ut
3385 4218 3604 4274 dictum

1961 4311 2114 4367 inest
2148 4336 2164 4380 ;
2195 4310 2462 4366 circulari
2494 4314 2688 4365 autem
2714 4307 3158 4376 motui,nullum
3185 4311 3413 4363 motum
3445 4308 3604 4379 [con-

1961 4401 2236 4472 trarium]
2267 4416 2395 4456 esse
2425 4399 2642 4454 dicunt.
2680 4398 2842 4462 Quod
2877 4399 3033 4452 enim
3056 4400 3251 4453 motus
3281 4397 3352 4452 ab
3384 4401 3514 4453 ortu
3542 4396 3602 4452 in

1961 4506 2258 4557 occasum,
2292 4493 2351 4544 et
2379 4489 2452 4544 ab
2485 4505 2695 4544 occasu
2729 4488 2786 4542 in
2837 4491 3029 4543 ortum
3072 4503 3186 4541 non
3220 4485 3340 4541 sint
3371 4489 3601 4542 contra-

1961 4579 2055 4647 rii,
2088 4578 2452 4651 exploratum
2483 4583 2592 4632 est.
2634 4577 2900 4648 Namque
2945 4575 3315 4647 planetarum
3365 4574 3603 4646 sphaere

1963 4667 2249 4724 ambabus
2279 4666 2372 4722 his
2423 4665 2902 4722 conversionibus
2951 4663 3484 4719 circumferuntur:
3514 4663 3601 4718 al-

1962 4759 2087 4812 tera
2119 4755 2443 4810 secundum
2467 4753 2840 4824 naturam,ab
2855 4769 3063 4808 occasu
3095 4752 3153 4806 in
3180 4756 3395 4820 ortum;
3421 4750 3602 4808 altera

207 4841 429 4916 δυσμῶν
477 4842 555 4905 εἷς
605 4841 886 4904 ἀνατολάς’
932 4841 1031 4908 τὴν
1079 4837 1137 4895 δὲ
1169 4839 1363 4916 βιαίως
1390 4839 1481 4894 καὶ
1513 4840 1644 4915 ὑπὲρ
1671 4839 1850 4918 φύσιν,

1967 4843 2211 4900 violenta
2236 4847 2294 4899 et
2317 4859 2498 4914 supra
2527 4847 2821 4909 naturam,
2865 4841 3079 4913 quippe
3127 4841 3284 4912 quod
3311 4857 3446 4895 cum
3478 4841 3598 4896 for-

204 4931 284 4993 ὡς
333 4931 658 5008 ἰσχυροτέρᾳ
707 4931 797 4985 καὶ
841 4929 1107 5007 κρείττονι
1159 4932 1228 5002 τῇ
1276 4927 1506 4984 ἀπλανεῖ
1550 4949 1848 5004 συμπερια-

201 5019 428 5097 γόμενοι
460 5020 598 5097 πρὸς
646 5016 851 5093 δυσμὰς
906 5017 957 5089 ἐξ
1005 5016 1306 5075 ἀνατολῶν.
1367 5017 1615 5072 Εναντίαι
1666 5015 1756 5072 οῦν
1792 5019 1846 5072 αἱ

204 5109 492 5183 εἰρημέναι
525 5107 676 5164 οὖσαι
727 5106 1038 5186 περιφοραὶ,
1087 5110 1206 5169 πῶς
1237 5105 1297 5161 ἂν
1344 5111 1542 5161 συνεῖεν
1572 5105 1847 5177 ἀλλήλαις

201 5198 256 5254 ἐν
280 5201 358 5270 τῷ
387 5197 536 5271 αὐτῷ
566 5197 754 5274 χρόνῳ
780 5198 896 5252 καθ’
923 5196 980 5251 ἓν
1040 5195 1392 5270 ὑποκείμενον
1428 5215 1442 5266 ;
1471 5197 1588 5249 ’Ότι
1630 5193 1687 5249 δὲ
1720 5194 1850 5268 μηδ’

205 5286 291 5344 ἐπ’
349 5285 554 5351 εὐθείας
618 5284 833 5357 κίνησις
881 5285 1208 5340 ἐναντιοῦται
1260 5285 1469 5354 κινήσει
1526 5289 1849 5362 περιφερεῖ,

201 5376 640 5452 τοιουτοτρόπως
727 5373 1205 5444 κατασκευάζουσιν
1242 5418 1254 5430 .
1326 5373 1395 5428 Αἱ
1478 5371 1559 5427 ἐπ’
1644 5373 1849 5437 εὐθείας

205 5467 450 5536 κινήσεις
507 5462 738 5519 ἐναντίαι
795 5460 1071 5534 ἀλλήλαις
1131 5461 1290 5517 εἰσίν.
1353 5467 1444 5515 ’Ἐν
1507 5458 1553 5514 δ’
1614 5461 1850 5517 ἐναντίον

205 5554 309 5610 ἑνί·
370 5555 458 5609 καὶ
503 5550 593 5608 διὰ
635 5556 796 5608 τοῦτο
855 5549 1082 5626 οὐδεμία
1128 5556 1236 5606 τῶν
1281 5551 1362 5605 ἐπ’
1413 5548 1614 5611 εὐθείας
1671 5555 1849 5628 φορῶν

279 5753 328 5788 ⁸⁸
352 5750 584 5826 5Pbys.
615 5766 665 5808 c.
696 5751 752 5810 8.
782 5753 828 5808 t.
857 5751 950 5808 53.
1025 5749 1072 5786 ⁸⁸
1098 5751 1132 5805 8
1161 5749 1334 5824 Pbys.
1366 5767 1416 5808 ο.
1450 5751 1536 5821 12,
1560 5753 1604 5818 t,
1634 5751 1724 5805 64.

1955 4932 2089 4988 tiori
2122 4934 2178 4986 et
2207 4930 2432 4986 meliori
2465 4930 2849 4986 inerrantium
2900 4927 3202 4984 stellarum
3250 4927 3478 5001 sphaera
3525 4929 3598 4985 ab

1958 5025 2088 5076 ortu
2139 5020 2198 5074 in
2246 5036 2518 5075 occasum
2569 5019 3062 5090 circumagantur.
3119 5018 3278 5084 Quod
3334 5017 3385 5073 si
3419 5016 3600 5090 igitur

1957 5110 2080 5165 istas
2130 5108 2533 5166 conversiones
2575 5111 2772 5163 essent
2812 5105 3136 5176 contrariae,
3176 5107 3279 5178 qui
3309 5106 3433 5163 ﬁeri
3464 5124 3600 5180 pos-

1959 5204 2067 5264 set,
2111 5202 2178 5253 ut
2224 5197 2424 5254 eodem
2467 5201 2726 5268 tempore
2786 5195 2846 5250 in
2900 5212 3015 5250 uno
3076 5195 3338 5268 subjecto
3381 5196 3602 5252 coirent

1958 5286 2205 5342 invicem
2236 5286 2264 5340 ‘I
2293 5286 2454 5352 Quod
2482 5288 2677 5341 autem
2718 5301 2789 5340 ne
2821 5283 3158 5340 rectilineus
3208 5285 3445 5356 quidem
3476 5302 3601 5342 mo-

1960 5380 2055 5430 tus
2086 5374 2135 5430 ei
2160 5374 2261 5445 qui
2291 5375 2350 5429 in
2382 5375 2580 5430 orbem
2613 5375 2678 5428 iit
2733 5373 3060 5429 contrarius
3118 5374 3215 5440 sit,
3276 5374 3386 5430 boc
3427 5375 3600 5432 modo

1961 5465 2327 5520 confirmant.
2363 5463 2665 5519 Rectilinei
2696 5469 2894 5518 motus
2914 5463 3068 5518 inter
3097 5479 3160 5518 se
3187 5461 3437 5518 invicem
3461 5466 3603 5517 sunt

1962 5553 2255 5610 contrarii.
2291 5553 2480 5609 Unum
2516 5557 2712 5608 autem
2746 5553 2846 5608 uni
2892 5558 2980 5608 est
3029 5551 3406 5607 contrarium.
3462 5552 3603 5606 Pro-
