4024 6450
418 437 574 501 1075

1659 439 2084 505 NICEPHORI
2127 439 2567 503 BLEMMIDzE

3665 438 3841 499 1076

418 578 548 644 pter
576 572 633 627 id
666 587 802 645 ergo
847 571 1022 629 etiam
1067 571 1265 630 nullus
1313 572 1646 631 rectilineus
1692 581 1889 631 motus
1937 575 2058 630 cir-

2182 571 2496 626 ἓναντιοῦται
2543 575 2612 645 τῇ
2660 569 2870 644 κύκλῳ,
2917 568 3010 625 ἵνα
3064 571 3140 644 μὴ
3191 567 3366 625 πλείω
3413 567 3624 625 ἐναντία
3682 569 3844 624 ἀντι.-

421 662 603 720 culari
635 666 724 719 est
753 662 1100 732 contrarius,
1133 680 1206 720 ne
1233 663 1405 736 plura
1432 665 1723 721 contraria
1751 665 1854 719 uni
1884 681 2064 736 oppo-

423 755 659 807 nantur.

497 877 584 932 17.
615 875 793 947 Atqui
841 875 998 931 haud
1043 875 1164 932 scio
1214 893 1287 932 an
1335 877 1456 932 haec
1509 877 1872 934 conﬁrmatio
1911 895 1944 933 a
1974 894 2060 934 re-

423 963 810 1038 prehensione
839 965 1030 1020 aliena
1058 965 1154 1032 sit,
1199 971 1263 1021 ut
1314 967 1555 1038 quidam
1613 972 1906 1023 asserunt.
1939 968 2062 1022 Non

425 1055 582 1111 enim
623 1053 988 1127 impossibile
1021 1056 1110 1110 71
1147 1060 1238 1110 est
1283 1055 1612 1112 rectilineos
1645 1060 1840 1112 motus
1871 1061 1930 1112 et
1957 1057 2066 1112 cir-

427 1143 610 1200 culari
635 1147 693 1199 et
722 1144 832 1199 sibi
866 1144 1112 1200 invicem
1139 1146 1328 1217 quoad
1359 1145 1519 1201 aliud
1550 1151 1728 1218 atque
1757 1146 1915 1201 aliud
1937 1162 2066 1202 esse

428 1233 751 1289 contrarios
782 1251 795 1288 :
821 1249 887 1287 ac
908 1233 957 1288 si
989 1249 1393 1289 rursusunum
1409 1235 1508 1289 uni
1539 1239 1603 1289 ut
1629 1233 1912 1290 utrationi
1933 1252 2066 1291 con-

427 1328 774 1378 sentaneum
801 1325 906 1390 est,
941 1323 1292 1379 contrarium
1315 1323 1887 1388 inveniri.0uatenus
1908 1325 2064 1380 enim

426 1414 696 1468 motuum
728 1410 1157 1467 rectilineorum
1203 1410 1558 1483 simplicium
1611 1430 1765 1468 unus
1805 1430 2064 1483 sursum,

428 1499 574 1556 alter
601 1501 872 1556 deorsum
898 1500 981 1564 ﬁt,
1031 1501 1224 1572 quoad
1283 1500 1542 1556 locorum
1599 1502 2065 1558 contrarietatem

430 1591 695 1662 pugnant
716 1588 963 1644 invicem
998 1607 1012 1656 ;
1044 1593 1332 1660 quatenus
1365 1592 1607 1645 autem“s
1638 1590 1920 1648 rectilinei
1943 1608 2066 1646 mo-

429 1681 528 1732 tus
559 1679 630 1732 ab
661 1677 794 1733 aliis
823 1677 1056 1748 punctis
1077 1678 1388 1750 incipiunt,
1421 1683 1479 1735 et
1508 1679 1567 1734 in
1599 1679 1712 1735 alia
1742 1681 2020 1736 desinunt
2053 1723 2066 1748 ,

432 1783 566 1823 cum
598 1770 799 1822 contra
818 1766 1117 1822 circularis
1138 1771 1334 1823 motus
1366 1769 1436 1824 ab
1468 1769 1672 1824 eodem
1721 1769 1982 1842 incipiat,
2013 1773 2070 1824 et

432 1856 492 1911 in
522 1857 677 1911 idem
705 1856 1001 1928 perveniat
1031 1874 1044 1911 :
1076 1861 1132 1912 et
1181 1861 1466 1928 quatenus
1515 1859 1730 1914 iterum
1779 1857 2066 1915 rectilinei

2168 662 2414 735 ταχθεῖεν
2447 660 2544 716 ἐνί.

2245 879 2325 944 ιζ’.
2382 876 2614 945 Μήποτε
2661 872 2708 929 δ’
2755 874 2854 929 οὐκ
2902 870 3044 928 ἔστιν
3089 873 3460 944 ἀνεπίληπτος
3507 877 3543 944 ἡ
3593 874 3836 943 τοιαύτη

2171 966 2494 1033 κατασκευὴ,
2553 963 2628 1026 ὥς
2677 965 2817 1026 τίνες
2878 962 3162 1042 ἐφιστῶσιν
3196 1005 3207 1016 .
3267 962 3340 1017 Οὐ
3399 963 3500 1038 γὰρ
3562 961 3840 1018 ἀδύνατον

2169 1053 2264 1115 τὰς
2315 1051 2398 1106 ἐπ’
2448 1052 2648 1114 εὐθείας
2697 1055 2936 1122 κινήσεις
2975 1055 3044 1125 τῇ
3091 1051 3282 1124 κύκλῳ
3326 1073 3385 1106 τε
3413 1051 3501 1106 καὶ
3542 1050 3844 1120 ἀλλήλαις

2172 1141 2533 1198 ἐναντιοῦσθαι
2579 1147 2692 1196 κατ’
2743 1138 2884 1195 ἄλλο
2922 1139 3010 1195 καὶ
3057 1138 3220 1212 ἄλλο,
3251 1139 3340 1196 καὶ
3387 1139 3529 1194 οὕτω
3569 1139 3749 1195 πάλιν
3779 1139 3840 1194 ’ἐν

2175 1229 2409 1287 ἐναντίον
2450 1232 2527 1286 ἐνὶ
2568 1232 2705 1286 κατά
2753 1230 2917 1304 λόγον
2973 1229 3301 1306 εὑρίσκεσθαι
3336 1275 3349 1286 .
3398 1230 3535 1284 Καθὸ
3590 1230 3693 1302 μὲν
3729 1229 3840 1304 γὰρ

2174 1323 2209 1389 ἡ
2245 1321 2338 1392 μὶν
2374 1322 2484 1374 ἅνω
2539 1324 2647 1374 τῶν
2706 1320 2788 1374 ἐπ’
2847 1318 3053 1383 εὐθείας
3100 1321 3366 1389 κινήσεων
3411 1323 3518 1374 τῶν
3548 1319 3838 1390 ἀπλῶν,ἡ

2177 1410 2234 1464 δέ
2262 1411 2431 1476 κάτω,
2481 1411 2747 1486 μάχονται
2789 1410 2922 1483 πρὸς
2977 1406 3230 1478 ἀλλήλας
3275 1408 3410 1462 κατά
3436 1408 3534 1476 τὴν
3567 1411 3680 1461 τῶν
3741 1409 3838 1462 τό·

2176 1521 2291 1553 πων
2342 1498 2702 1568 ἐναντιότητα.
2761 1499 2900 1560 Καθὸ
2960 1494 3004 1551 δ’
3058 1499 3111 1551 αἱ
3171 1498 3266 1570 μὲν
3325 1495 3409 1551 ἐπ’
3468 1497 3677 1558 εὐθείας
3745 1498 3840 1552 ἀπ’

2177 1587 2363 1643 ἄλλων
2400 1587 2643 1660 σημείων
2674 1588 2953 1662 ἄρχονται,
3001 1587 3091 1640 καὶ
3141 1586 3217 1648 εἷς
3265 1583 3417 1661 ἔτερα
3462 1586 3839 1662 καταλήγου-

2178 1699 2281 1732 σιψ
2342 1680 2378 1746 ἡ
2437 1674 2494 1731 δὲ
2547 1674 2736 1749 κύκλῳ
2790 1675 3003 1746 κίνησις
3062 1676 3166 1730 ἀπὸ
3221 1679 3318 1730 τοῦ
3375 1675 3538 1730 αὐτοῦ
3599 1674 3839 1751 ἄρχεται

2177 1767 2267 1821 καὶ
2325 1765 2398 1827 εἷς
2453 1765 2518 1820 τὸ
2578 1765 2706 1820 αὐτὸ
2761 1769 3012 1834 καταντᾷ·
3071 1764 3161 1819 καὶ
3216 1766 3349 1828 καθὸ
3400 1764 3566 1820 πάλιν
3622 1766 3679 1818 αἱ
3739 1767 3838 1836 μὲν

2179 1855 2262 1910 ἐπ’
2293 1854 2494 1919 εὐθείας
2527 1852 2785 1910 ἄκλαστοι
2832 1854 2967 1908 κατά
3012 1859 3114 1907 πᾶν
3166 1853 3266 1907 εἰσι
3320 1852 3528 1927 μόριον,
3570 1854 3607 1921 ἡ
3640 1853 3843 1926 κύκλῳ

433 1949 628 2000 motus
677 1944 837 2000 omni
869 1960 937 2000 ex
965 1948 1130 2016 parte
1160 1950 1300 2000 sunt
1330 1947 1640 2017 ejusmodi,
1666 1951 1730 2002 ut
1756 1946 1945 2019 frangi
1977 1964 2071 2004 ne-

2182 1943 2238 1999 δέ
2271 1942 2412 2017 μηδὲ
2438 1945 2500 1998 τὸ
2528 1944 2695 2019 τυχὸν
2746 1939 2860 2018 ἔχει
2916 1941 3106 2018 μόριον
3155 1939 3440 1996 ἄκλαστον·
3472 1941 3552 1997 ἔτι
3601 1941 3660 1996 δὲ
3702 1945 3842 1998 καθὸ

433 2037 689 2106 queant;
730 2051 865 2088 cum
882 2037 1086 2089 contra
1106 2033 1406 2090 circularis
1426 2039 1622 2091 motus
1653 2035 1875 2092 nullam
1907 2053 2069 2109 pror-

434 2139 536 2178 sus
567 2126 791 2194 partem
823 2122 1052 2190 habeat,
1084 2140 1200 2194 qua
1227 2124 1417 2196 frangi
1450 2141 1565 2180 non
1593 2126 1779 2197 possit
1811 2143 1824 2192 ;
1857 2130 1914 2180 et
1932 2142 2072 2196 qua-

431 2215 606 2269 tenus
631 2211 675 2246 ⁸⁷
715 2211 955 2283 insuper
983 2211 1312 2269 rectilineos
1343 2213 1434 2269 bis
1491 2230 1667 2286 super
1698 2214 1906 2270 iisdem
1937 2232 2071 2286 spa-

433 2301 534 2356 tiis
561 2301 688 2356 sine
717 2301 910 2372 quiete
939 2300 1304 2373 impossibile
1334 2306 1423 2358 est
1448 2303 1735 2369 ﬁeri,cum
1767 2303 2070 2360 circularis

436 2393 638 2447 contra
667 2391 932 2446 eamdem
961 2390 1115 2445 viam
1147 2391 1274 2446 sine
1322 2391 1515 2462 quiete
1570 2391 1851 2448 inﬁnities
1902 2408 2070 2464 pera-

435 2484 558 2553 gret
595 2497 608 2548 ;
641 2483 932 2550 quatenus
961 2479 1214 2551 denique
1241 2480 1284 2514 ⁸⁸
1303 2480 1734 2536 rectilineorum
1765 2481 1963 2537 nullus
1983 2485 2072 2536 est

436 2567 761 2639 aequabilis,
795 2585 929 2622 cum
960 2572 1163 2623 contra
1190 2569 1491 2626 circularis
1522 2575 1860 2642 perpetuam
1883 2587 2071 2642 aequa-

435 2655 719 2712 bilitatem
751 2656 964 2712 habere
992 2657 1213 2728 possit;
1247 2659 1319 2714 ob
1352 2658 2073 2732 bas,inquam,proprieta-

433 2749 521 2801 tes
555 2749 844 2817 motuum,
876 2763 992 2801 non
1037 2750 1228 2802 autem
1270 2748 1342 2803 ob
1391 2747 1651 2804 locorum
1698 2749 2072 2805 contrarieta-

435 2839 577 2903 tem,
610 2834 910 2892 circularis
935 2840 1132 2892 motus
1180 2837 1494 2893 rectilineis
1546 2837 1875 2893 contrarius
1909 2853 2070 2910 repe-

435 2924 603 2995 ritur,
655 2925 930 2980 omnibus
979 2924 1299 2981 rectilineis
1358 2927 1616 2982 motibus
1663 2926 1838 2982 unius
1889 2927 2076 2982 instar

437 3014 714 3085 sumptis,
746 3017 811 3068 ut
840 3015 891 3068 ei
925 3014 1026 3086 qui
1057 3015 1115 3068 in
1164 3014 1364 3070 orbem
1414 3015 1498 3081 ﬁt,
1549 3020 1936 3088 opponantur.
1975 3017 2073 3072 72

435 3106 630 3174 Atque
685 3101 818 3158 talis
873 3102 1207 3174 oppositum
1291 3104 1502 3159 modus
1559 3103 1733 3160 etiam
1811 3106 1872 3160 in
1941 3104 2074 3161 aliis

436 3192 612 3248 rebus
640 3189 934 3246 invenitur
962 3192 1026 3244 9°.
1077 3190 1318 3262 Equale
1357 3192 1514 3247 enim
1568 3197 1626 3248 et
1675 3193 1987 3258 mediocre,
2020 3193 2073 3250 ei

2176 2036 2271 2096 τὰς
2333 2034 2426 2106 μὲν
2460 2032 2541 2087 ἐπ’
2571 2032 2773 2096 εὐθείας
2806 2029 2888 2094 δὶς
2942 2031 3029 2086 ἐπὶ
3053 2034 3161 2085 τῶν
3205 2030 3382 2086 αὐτῶν
3420 2028 3541 2086 ἄνευ
3592 2032 3841 2106 ἠρεμίας

2179 2122 2424 2198 γενέσθαι
2455 2119 2729 2192 ἀδύνατον,
2778 2123 2813 2190 ἠ
2864 2117 2922 2176 δὲ
2967 2118 3158 2192 κύκλῳ
3202 2121 3301 2189 τὴν
3350 2121 3517 2189 αὐτὴν
3551 2121 3676 2174 ἄνευ
3711 2123 3847 2195 ἠρε-

2184 2210 2310 2286 μίας
2372 2210 2621 2286 μυριάκις
2671 2209 2902 2286 περίεισι
2937 2227 2950 2243 ⁶
3008 2209 3098 2263 καὶ
3154 2208 3239 2264 ὅτι
3292 2213 3400 2264 τῶν
3459 2209 3555 2282 μὶν
3617 2208 3704 2263 ἐπ’
3759 2209 3843 2264 εὖ·

2179 2299 2321 2362 θείας
2373 2297 2599 2373 οὐδεμία
2648 2299 2786 2354 ἐστὶν
2837 2297 3095 2372 ὁμαλής,
3144 2302 3212 2372 τῇ
3261 2296 3451 2371 κύκλῳ
3501 2296 3559 2352 δὲ
3609 2295 3845 2353 δυνατὸν

2183 2388 2264 2443 ἀεὶ
2291 2389 2546 2465 τυγχάνει
2577 2389 2638 2442 τὸ
2689 2387 2916 2461 ὁμαλὲς·
2966 2387 3102 2442 κατᾶ
3145 2391 3311 2441 ταῦτα
3359 2384 3426 2455 δὴ
3455 2387 3524 2441 τὰ
3554 2383 3843 2458 ἰδιώματα

2179 2481 2288 2532 τῶν
2344 2479 2630 2547 κινήσεων,
2681 2475 2742 2531 οὐ
2795 2477 2902 2550 μὴν
2951 2477 3087 2530 κατὰ
3130 2476 3230 2544 τήν
3276 2479 3385 2530 τῶν
3441 2475 3625 2530 τόπων
3685 2475 3844 2531 ἐναν-

2179 2565 2426 2637 τιότητα,
2476 2569 2545 2639 τῇ
2575 2563 2764 2638 κύκλῳ
2810 2565 2946 2638 πρὸς
2989 2564 3084 2626 τὰς
3132 2562 3214 2618 ἐπ’
3262 2563 3468 2628 εὐθείας
3519 2563 3845 2626 ἐναντίωσις

2183 2655 2523 2730 εὑρεθήσεται
2579 2658 2686 2709 τῶν
2746 2653 2890 2709 ὅλων
2951 2652 3166 2708 εὐθειῶν
3220 2655 3503 2724 κινήσεων,
3563 2654 3641 2716 ὡς
3704 2661 3842 2726 μιᾶς

2181 2739 2610 2816 λαμϐανομένων
2661 2743 2795 2819 πρὸς
2841 2743 2940 2812 τὴν
2998 2741 3251 2796 ἀντίθεσιν
3309 2749 3410 2812 τῆς
3465 2747 3842 2820 περιφεροῦς.

2180 2836 2434 2894 Τοιοῦτος
2467 2829 2524 2886 δέ
2569 2831 2771 2908 τρόπος
2818 2829 3132 2886 ἀντιθέσεων
3176 2829 3266 2886 καὶ
3310 2830 3391 2886 ἐπ’
3444 2829 3632 2885 ἄλλων
3660 2852 3843 2908 πραγ.

2187 2924 2367 2994 μάτων
2427 2920 2724 2996 εὑρίσκεται
2761 2965 2773 2978 .
2832 2921 2903 2976 Τὸ
2975 2922 3077 2996 γὰρ
3148 2919 3263 2976 ἴσον
3317 2919 3406 2975 καὶ
3463 2920 3526 2975 τὸ
3610 2921 3838 2996 μέτριον

2181 3009 2469 3064 ἀντίκειται
2509 3013 2588 3081 τῷ
2637 3008 2954 3085 ὑπερέχοντι
3002 3010 3091 3064 καὶ
3141 3013 3220 3080 τῷ
3269 3009 3694 3084 ὑπερεχομένῳ,
3757 3015 3842 3082 τῷ

2185 3099 2388 3171 μείζονι
2423 3097 2569 3173 λέγω
2610 3098 2700 3152 καὶ
2743 3103 2824 3171 τῷ
2856 3097 3119 3156 ἐλάττονι.
3152 3095 3322 3153 Πάλιν
3353 3097 3396 3152 δ’
3428 3095 3704 3168 ἀλλήλοις
3742 3100 3843 3152 ἀν-

2179 3187 2431 3242 τίκεινται
2475 3188 2536 3242 τὸ
2593 3187 2772 3260 μεῖζόν
2811 3208 2871 3242 τε
2909 3185 2998 3242 καὶ
3043 3187 3108 3242 τὸ
3154 3185 3401 3244 ἔλαττον.
3434 3186 3589 3242 Οὕτω
3638 3185 3707 3256 δή
3742 3189 3842 3242 καὶ

435 3281 590 3352 quod
622 3279 862 3337 excedit.
895 3283 952 3335 et
979 3279 1029 3334 ei
1060 3281 1213 3352 quod
1247 3280 2068 3354 exceditur,majori,inquam,

2183 3276 2237 3330 αἱ
2311 3276 2494 3351 ἀρεταὶ
2568 3275 2892 3351 συμμετρίαι
2970 3276 3123 3331 οὖσαι
3157 3323 3173 3348 ,
3232 3281 3352 3339 ταῖς
3428 3277 3837 3349 ἀσυμμετρίαις

2188 3366 2203 3383 1
2393 3369 2421 3379 ιν
2679 3371 2701 3381 ν
2789 3365 2802 3382 ο
2920 3359 2951 3383 ρ
2989 3365 3010 3383 \
3060 3371 3082 3380 ι-
3163 3363 3188 3383 δ
3233 3364 3253 3383 ἢ
3349 3367 3361 3383 1
3521 3365 3538 3383 \
3653 3371 3677 3381 ~
3745 3364 3796 3383 ’Χ

434 3373 493 3425 et
522 3369 734 3425 minori
765 3369 1080 3440 opponitur
1097 3370 1178 3437 9°;
1211 3386 1277 3424 ac
1299 3386 1534 3425 rursum
1563 3372 1754 3441 majus
1786 3375 1843 3425 et
1874 3371 2071 3427 minus

435 3457 547 3513 sibi
578 3457 822 3513 invicem
855 3459 1336 3530 opponuntur.Ac
1367 3459 1450 3514 ita
1474 3475 1614 3514 sane
1630 3459 1805 3514 etiam
1827 3459 2070 3515 virtutes

435 3562 570 3600 cum
621 3547 1050 3602 mediocritates
1100 3547 1236 3617 sint,
1286 3547 1359 3602 iis
1407 3565 1534 3619 quae
1600 3565 1633 3603 a
1678 3549 2078 3606 mediocritate

437 3638 660 3690 remota
688 3640 845 3707 sunt,
877 3636 1214 3692 excessibus
1248 3636 1471 3693 scilicet
1499 3642 1557 3693 et
1585 3637 1910 3693 defectibus
1940 3655 2076 3694 con-

435 3722 752 3778 trariantur
787 3743 799 3792 ;
830 3741 896 3779 ac
949 3742 1156 3781 rursus
1219 3741 1492 3781 excessus
1544 3730 1598 3781 et
1655 3727 1915 3782 defectus
1963 3727 2076 3783 sibi

436 3816 642 3866 mutuo
674 3818 1020 3884 repugnant.
1079 3815 1294 3870 Eodem
1354 3814 1494 3870 item
1564 3816 1736 3872 modo
1795 3821 1992 3873 motus
2022 3822 2079 3873 et

437 3899 696 3954 motibus
724 3905 781 3956 et
809 3902 1106 3973 quietibus
1127 3903 1531 3970 adversantur,
1558 3921 1622 3960 ac
1645 3923 1880 3961 rursum
1913 3907 2075 3977 quie-

437 3990 527 4043 tes
558 3987 668 4044 sibi
699 3988 944 4044 invicem
966 3995 1360 4062 opponuntur,
1395 4009 1524 4063 quae
1555 3993 1614 4047 in
1655 3993 1962 4050 contrariis
1989 3994 2076 4050 lo-

436 4076 521 4132 cis
543 4081 600 4131 et
629 4078 941 4134 contrariis
971 4079 1350 4150 qualitatibus
1379 4085 1435 4136 et
1457 4081 1883 4152 quantitatibus
1914 4087 2072 4140 sunt.

435 4164 698 4236 Exempli
735 4165 942 4237 gratia,
993 4168 1160 4238 quies
1209 4168 1268 4222 in
1319 4169 1618 4240 superiore
1648 4168 1771 4225 loco
1801 4171 1983 4242 quieti
2013 4172 2072 4228 in

433 4252 707 4308 inferiore
740 4271 753 4307 :
786 4253 954 4326 quies
984 4255 1045 4309 in
1077 4254 1208 4312 albo
1269 4255 1448 4328 quieti
1480 4257 1538 4312 in
1572 4258 1740 4330 nigro
1767 4275 1781 4324 ;
1815 4275 1879 4314 ac
1911 4259 2073 4315 deni-

435 4356 547 4413 que
577 4340 691 4397 illae
721 4359 849 4415 quae
881 4344 1167 4416 quosdam
1200 4351 1397 4401 motus
1426 4347 1780 4417 praecedunt,
1801 4347 1917 4404 illis
1947 4365 2073 4420 quae

432 4431 668 4487 eosdem
699 4433 1270 4502 sequuntur.Verum
1303 4433 1414 4490 alio
1439 4435 1611 4490 modo
1643 4440 1837 4492 motus
1869 4437 2071 4508 quieti,

432 4523 491 4576 et
521 4518 634 4575 alio
697 4521 869 4576 modo
929 4521 1113 4578 motui
1171 4523 1508 4594 opponitur.
1573 4523 1753 4578 Motui
1814 4525 1971 4580 enim
2011 4533 2075 4582 ut

2184 3366 2566 3436 ἐναντιοῦνται,
2610 3371 2728 3427 ταῖς
2783 3359 3109 3441 ὑπερϐολαῖς
3159 3363 3419 3435 δηλονότι
3447 3365 3538 3419 καὶ
3582 3371 3706 3427 ταῖς
3740 3364 3838 3421 ἐλ-

2181 3453 2438 3528 λείψεσιν·
2495 3449 2792 3530 ὑπερϐολαὶ
2845 3451 2902 3509 δὲ
2946 3453 3036 3509 καὶ
3084 3453 3357 3528 ἐλλείψεις
3405 3451 3685 3524 ἀλλήλαις
3728 3455 3838 3526 μά-

2182 3564 2396 3620 χονται,
2443 3542 2532 3597 καὶ
2580 3545 2820 3614 κινήσεις
2866 3542 3110 3612 κινήσεσί
3138 3563 3197 3596 τε
3237 3544 3326 3596 καὶ
3379 3542 3636 3618 ἡρεμίαις
3689 3542 3841 3598 ἀντι-

2185 3635 2479 3702 θετοῦνται,
2536 3631 2626 3686 καὶ
2677 3631 2901 3708 ἠρεμίαι
2957 3630 3120 3686 πάλιν
3181 3629 3455 3702 ἀλλήλαις
3510 3633 3566 3685 αἱ
3616 3630 3670 3685 ἐν
3711 3638 3840 3694 τοῖς

2185 3721 2444 3784 ἐναντίοις
2491 3723 2678 3783 τόποις
2726 3721 2816 3775 καὶ
2861 3726 2980 3783 ταῖς
3031 3720 3292 3782 ἐναντίαις
3337 3720 3622 3789 ποιότησιν
3660 3720 3697 3789 ἢ
3728 3742 3840 3775 πο-

2187 3811 2425 3881 σότησιν·
2459 3812 2572 3866 οἷον
2623 3814 2658 3880 ἡ
2709 3810 2760 3865 ἐν
2809 3814 2889 3882 τῷ
2936 3807 3046 3864 ἄνω
3089 3809 3294 3886 ἠρεμία
3455 3810 3506 3864 ἐν
3549 3815 3631 3882 τῷ
3659 3808 3836 3865 κάτω’

2185 3901 2274 3954 καὶ
2304 3903 2338 3970 ἡ
2372 3899 2424 3954 ἐν
2455 3904 2534 3972 τῷ
2584 3898 2762 3971 λευκῷ
2803 3904 2871 3973 τῇ
2923 3897 2973 3953 ἐν
3019 3903 3097 3970 τῷ
3151 3897 3363 3971 μὲλανι’
3415 3899 3504 3953 καὶ
3554 3896 3746 3960 ἅπλῶς
3779 3901 3840 3953 αἱ

2186 3990 2292 4065 πρὸ
2342 3993 2447 4044 τῶν
2504 3985 2732 4044 τοιῶνδε
2783 3990 3044 4058 κινήσεων
3097 3993 3216 4049 ταῖς
3277 3988 3410 4060 μετά
3463 3987 3561 4049 τὰς
3614 3985 3839 4042 τοιάσδε

2185 4081 2447 4148 κινήσεις.
2481 4075 2705 4138 Ἀλλως
2737 4073 2794 4131 δὲ
2823 4080 2890 4150 τῇ
2938 4073 3144 4151 ἠρεμίᾳ
3173 4078 3208 4145 ἡ
3239 4075 3473 4146 κίνησις,
3519 4076 3612 4129 καὶ
3644 4073 3836 4137 ἄλλως

2182 4171 2251 4242 τῇ
2283 4170 2493 4238 κινήσει
2538 4165 2848 4224 ἀντίκειται.
2879 4169 2956 4240 Τῇ
3009 4165 3103 4238 μὲν
3151 4164 3252 4241 γὰρ
3301 4166 3530 4236 κινήσει,
3566 4164 3640 4225 ὡς
3687 4163 3836 4218 ἐναν-

2180 4257 2283 4330 τίῳ
2333 4253 2483 4329 εἷ’δει,
2514 4259 2583 4330 τῇ
2633 4253 2678 4309 δ’
2723 4254 2948 4329 ἠρεμίᾳ,
2998 4254 3076 4316 ὡς
3123 4255 3436 4308 ἀποπτώσει
3481 4258 3580 4308 τοῦ
3627 4251 3835 4315 εἴδους.

2180 4352 2268 4409 Ὦς
2325 4347 2462 4419 ἄκρα
2520 4342 2578 4400 δὲ
2631 4341 2795 4398 πάλιν
2851 4343 2908 4398 αἱ
2965 4343 3191 4419 ἠρεμίαι
3237 4341 3515 4412 ἀλλήλαις
3555 4342 3837 4406 ἀνθίσταν-

2180 4457 2288 4493 ται.
2320 4435 2391 4489 Τὸ
2444 4434 2537 4507 μὲν
2589 4430 2681 4487 οὖν
2733 4431 3039 4487 ἐναντίωσιν
3088 4430 3234 4508 ἔχειν
3283 4430 3372 4485 καὶ
3417 4431 3516 4499 τήν
3559 4429 3837 4510 κυκλοφο-

2184 4525 2321 4604 ρίαν,
2353 4522 2501 4584 ὅπως
2529 4522 2619 4576 καὶ
2648 4521 2766 4576 τίνα
2794 4520 3020 4597 τρόπον,
3051 4517 3282 4595 εἷ’ρηται.

433 4608 739 4665 contrariae
765 4610 997 4682 speciei,
1030 4611 1211 4682 quieti
1241 4616 1439 4667 autem
1489 4616 1554 4668 ut
1600 4612 1956 4685 prolapsioni
2008 4633 2042 4672 a
2088 4617 2300 4691 specie.
2361 4617 2441 4669 Ac
2486 4629 2691 4669 rursus
2739 4612 2964 4683 quietes
3001 4615 3066 4666 ut
3112 4613 3368 4667 extrema
3413 4609 3666 4666 invicem
3715 4610 3838 4667 dis-

429 4697 623 4754 sident
651 4700 718 4755 θί.
751 4698 910 4763 Quod
941 4700 1121 4773 igitur
1149 4700 1325 4757 etiam
1355 4700 1657 4758 circularis
1689 4706 1887 4758 motus
1934 4703 2158 4778 aliquid
2209 4701 2569 4763 contrarium
2612 4700 2844 4770 habeat,
2895 4704 2954 4757 et
2999 4700 3294 4771 quomodo
3342 4699 3402 4755 id
3447 4698 3575 4768 ﬁat,
3606 4699 3836 4756 dictum

427 4790 536 4843 est.

497 4931 585 4985 18.
619 4929 740 4987 Illis
781 4933 976 4987 autem
1025 4931 1128 5004 qui
1160 4931 1233 4988 ab
1257 4932 1418 4988 omni
1475 4948 1612 4988 eum
1661 4933 2071 4992 contrarietate
2099 4939 2147 5004 D

422 5017 707 5090 eximunt,
742 5018 850 5076 hoc
881 5021 1248 5093 propositum
1284 5023 1380 5078 73
1425 5027 1533 5090 est,
1568 5026 1635 5078 ut
1683 5022 1819 5078 hinc
1849 5023 2072 5080 scilicet

422 5106 635 5163 coelum
677 5110 1089 5179 generationis,
1148 5111 1398 5183 indeque
1455 5111 1634 5166 etiam
1677 5111 2071 5184 corruptionis

421 5211 626 5268 expers
656 5212 785 5252 esse
814 5203 1163 5255 monstrent.
1198 5200 1257 5255 Si
1296 5201 1476 5268 enim,
1510 5199 1806 5272 inquiunt,
1837 5205 2068 5257 contra-

421 5283 642 5340 riorum
673 5287 948 5341 contrarii
980 5293 1178 5343 motus
1209 5293 1368 5357 sunt,
1399 5289 1571 5361 cujus
1603 5288 1685 5343 rei
1717 5289 1899 5344 motui
1933 5287 2071 5344 nul-

421 5371 517 5429 lus
545 5377 634 5429 est
665 5375 1015 5440 contrarius,
1047 5393 1119 5433 ne
1151 5392 1220 5432 ea
1251 5377 1488 5448 quidem
1540 5377 1864 5449 quidquam
1897 5377 2073 5433 habet

421 5463 975 5528 contrarium.Quod
1006 5465 1056 5520 si
1089 5465 1269 5536 igitur
1297 5465 1520 5522 caelesti
1548 5467 1730 5522 motui
1765 5467 1963 5522 nullus
1981 5471 2071 5524 est

489 5696 531 5780 :6
566 5696 798 5780 .3_P_h'ys.
823 5713 874 5752 c.
903 5697 997 5780 12,
1067 5697 1158 5752 73.
1270 5697 1323 5780 ξε.
1365 5697 1399 5749 8
1430 5695 1599 5780 Phys.
1633 5712 1692 5780 c’.‘
1724 5697 1911 5780 linat.
1951 5697 2042 5751 76.

2255 4940 2345 5003 ιη’.
2376 4937 2502 4994 Τοῖς
2546 4929 2605 4987 δὲ
2647 4929 2826 5002 πάσης
2882 4928 3257 4999 ἐναντιότητος
3300 4928 3503 5000 ταύτην
3553 4928 3832 5005 ὑπερεξαι-

2182 5026 2334 5094 ροῦσι
2367 5021 2568 5084 σκοπός
2619 5019 2728 5075 ἐστι
2774 5019 2866 5074 τὸν
2915 5019 3141 5096 οὐρανὸν
3190 5018 3423 5074 ἐντεῦθεν
3475 5015 3644 5089 δεῖξαι
3676 5016 3831 5088 δῆθεν

2179 5111 2493 5187 ἀγέννητον,
2544 5108 2660 5164 ὅθεν
2721 5109 2811 5163 καὶ
2871 5107 3159 5186 ἄφθαρτον.
3219 5107 3283 5162 Εἰ
3341 5108 3442 5183 γὰρ
3498 5111 3608 5162 τῶν
3671 5106 3836 5162 ἐναν-

2178 5199 2332 5272 τίων,
2365 5199 2542 5276 φασὶν,
2593 5197 2827 5252 ἐναντίαι
2874 5196 2964 5252 καὶ
3013 5197 3069 5250 αἱ
3121 5196 3304 5274 φοραὶ,
3336 5193 3399 5250 οὗ
3447 5199 3518 5269 τῇ
3564 5201 3709 5273 φορᾷ
3755 5195 3832 5269 μὴ

2181 5284 2318 5343 ἔστιν
2370 5287 2580 5343 ἐναντία
2625 5286 2794 5365 φορὰ,
2847 5283 2958 5339 οὐδ’
3006 5285 3134 5340 αὐτὸ
3184 5282 3298 5361 ἔχει
3346 5306 3400 5339 τι
3448 5283 3685 5340 ἐναντίον
3725 5329 3737 5341 .
3767 5283 3835 5338 Εἰ

2179 5377 2355 5432 τοίνυν
2409 5381 2477 5451 τῇ
2529 5375 2763 5452 οὐρανίῳ
2813 5379 2953 5452 φορᾷ
3002 5375 3078 5446 μή
3129 5371 3241 5428 ἔστι
3288 5395 3369 5435 τις
3404 5373 3618 5428 ἐναντία
3669 5373 3831 5452 φορὰ,

2177 5463 2303 5520 οὐδὲ
2332 5471 2410 5538 τῷ
2435 5465 2644 5540 οὐρανῷ
2675 5463 2785 5518 ἐστί
2818 5485 2869 5518 τι
2904 5462 3160 5518 ἐναντίον.
3194 5463 3264 5516 Τὸ
3310 5463 3601 5537 γινόμενον
3654 5459 3713 5516 δὲ
3741 5461 3830 5516 καὶ

2153 5698 2198 5732 ³⁸
2221 5769 2229 5770 7
2250 5699 2300 5770 787
2339 5696 2513 5770 Ijbys.
2576 5713 2627 5752 c.
2662 5697 2840 5770 Mat.
2875 5695 2966 5770 76.
2988 5765 3048 5770 __
3079 5695 3126 5732 ⁸⁸
3180 5697 3215 5752 8
3244 5695 3416 5770 Ρὴίγε.
3449 5696 3627 5770 0.11.
3657 5698 3701 5753 t.
3731 5696 3821 5752 62.

418 5763 462 5805 ⁹⁰
491 5770 526 5826 2
556 5772 627 5826 ad
661 5763 782 5826 Nic.
817 5786 868 5826 c.
900 5771 936 5825 8
968 5763 1043 5839 ;“1
1079 5784 1235 5842 mag.
1269 5768 1438 5841 Mor.,
1470 5763 1587 5837 c,'9
1614 5793 1629 5837 ;
1660 5769 1696 5822 2
1724 5768 1968 5824 Eudem.
2001 5785 2053 5826 ο.

2215 5769 2260 5807 οι
2288 5769 2326 5825 5
2353 5763 2526 5842 Ph'ys.
2557 5769 2613 5825 8.
2644 5770 2688 5825 t.
2718 5767 2809 5836 53,
2841 5771 2899 5824 et
2925 5769 2959 5822 8
2987 5765 3162 5841 Phys.
3187 5783 3239 5826 ο.
3276 5763 3362 5840 μί,
3394 5771 3439 5823 t.
3459 5767 3552 5824 76.
