4024 6438
445 373 603 436 1079

1689 379 2118 442 NICEPHORI
2160 382 2600 447 BLEMMIDIE

3701 377 3873 462 1080

443 523 737 598 posterius
768 539 914 580 esse.
951 524 1118 581 Prius
1148 526 1384 598 quidem
1416 527 1526 584 hoc
1555 546 1621 585 ex
1653 547 1766 602 quo
1823 535 2088 588 mutatur

2214 513 2442 602 ξστερον·
2475 518 2736 594 πρότερον
2775 523 2868 594 μὲν
2899 523 2962 576 τὸ
2991 522 3042 592 ἐξ
3074 523 3136 578 οῦ
3191 519 3521 596 μεταϐάλλει
3572 529 3640 582 τὸ
3697 550 3869 600 μετα-

442 613 502 669 id
536 614 692 686 quod
723 617 986 670 mutatur
1015 634 1029 683 ;
1060 615 1357 686 posterius
1386 634 1542 688 vero,
1577 620 1634 673 in
1685 621 1838 691 quod
1872 624 2084 691 [muta-

444 704 585 774 tur].
620 702 1034 758 Consideratur
1064 721 1234 775 porro
1268 708 1512 762 mutatio
1541 708 1601 762 in
1633 709 2088 766 contradictione

443 795 504 848 et
530 791 591 847 in
623 791 930 847 contrariis
951 793 1281 864 speciebus,
1315 811 1448 849 cum
1480 795 1599 852 illis
1637 815 1763 869 qua:
1795 797 2084 870 simplici-

443 885 535 937 ter
563 884 702 936 sunt
729 882 1051 949 contrarias,
1087 881 1196 938 hoc
1218 888 1308 938 est
1337 888 1604 941 extrema:
1628 905 1641 952 ;
1688 887 1892 958 quales
1951 891 2092 943 sunt

445 969 645 1026 album
677 973 736 1025 et
764 970 1036 1042 nigrum;
1067 975 1195 1026 tum
1225 972 1299 1028 iis
1331 990 1456 1045 quae
1489 977 1920 1046 quodammodo
1951 979 2090 1032 sunt

444 1058 769 1128 contrarias,
803 1059 912 1114 hoc
944 1063 1033 1115 est
1060 1059 1424 1117 intermediae
1455 1064 1519 1117 9‘.
1581 1065 1743 1130 Quod
1801 1066 1958 1120 enim
1998 1064 2087 1120 in-

441 1147 796 1203 termedium
854 1151 962 1218 est,
1023 1149 1299 1204 contrarii
1342 1151 1626 1208 rationem
1669 1153 1741 1207 ad
1774 1157 2090 1224 utrumque

440 1240 831 1294 extremorum
879 1236 1138 1293 obtinet:
1194 1238 1352 1294 velut
1383 1240 1582 1295 minus
1643 1240 1844 1297 album
1904 1243 1974 1297 ad
1999 1242 2087 1297 ni-

440 1341 611 1400 grum
643 1325 882 1398 quidem
912 1329 1001 1382 est
1029 1326 1252 1393 album,
1285 1330 1386 1384 sed
1418 1330 1490 1384 ad
1525 1331 1714 1402 magis
1747 1330 1946 1386 album
2001 1332 2088 1386 ni-

441 1430 612 1489 grum
633 1417 743 1470 est.
774 1414 936 1487 Nigri
961 1415 1117 1472 enim
1149 1416 1424 1472 mistione
1454 1418 1653 1474 minus
1708 1418 1907 1475 album
1953 1420 2090 1475 obo-

439 1503 609 1560 ritur.
633 1504 942 1575 Propterea
969 1504 1147 1559 etiam
1174 1522 1308 1561 cum
1337 1507 1394 1560 id
1429 1509 1584 1578 quod
1635 1508 1832 1564 minus
1890 1507 2089 1564 album

442 1596 532 1650 est
558 1592 618 1648 in
649 1593 838 1666 magis
868 1592 1068 1649 album
1103 1598 1387 1665 mutatur,
1418 1600 1702 1668 tanquam
1727 1614 1794 1652 ex
1837 1597 2005 1669 nigro
2030 1597 2091 1652 in

445 1681 645 1738 album
675 1681 741 1736 ﬁt
771 1683 1041 1738 mutatio.
1074 1684 1236 1748 Quod
1272 1684 1428 1739 enim
1446 1685 1644 1740 minus
1666 1685 1866 1741 album
1887 1691 1978 1741 est
1999 1703 2090 1741 ra-

445 1771 603 1826 tione
623 1769 976 1842 nigredinis,
1008 1788 1134 1842 quae
1164 1771 1276 1844 ipsi
1317 1773 1487 1842 inest,
1522 1774 1581 1828 in
1641 1775 1829 1846 magis
1888 1774 2089 1830 album

2197 599 2426 660 ϐάλλονο
2460 607 2678 682 ὕστερον
2730 607 2788 664 δὲ
2815 611 2878 666 τὸ
2929 612 3004 673 εἰς
3036 611 3085 670 ὅ.
3118 618 3407 688 Θεωρεῖται
3442 613 3528 685 δ’ἡ
3569 599 3866 690 μεταϐολὴ

2198 693 2248 748 ἐν
2305 694 2574 773 ἀντιφάσει
2638 698 2728 752 καὶ
2783 699 2833 754 ἐν
2891 706 3008 762 τοῖς
3069 699 3326 764 ἐναντίοις
3382 702 3569 777 εἷ’δεσι,
3634 713 3763 770 τοῖς
3813 731 3870 763 τε

2197 781 2390 846 ἀπλῶς
2421 784 2702 856 ἐναντίοις,
2729 786 2900 863 ἤγουν
2931 795 3047 851 τοῖς
3095 791 3304 866 ἄκροις,
3338 793 3500 848 ὁποῖα
3546 796 3610 850 τὸ
3664 793 3864 851 λευκὸν

2197 872 2285 924 καὶ
2315 872 2378 926 τὸ
2431 873 2619 946 μέλαν·
2667 877 2756 930 καὶ
2804 883 2918 939 τοῖς
2957 881 3037 947 πῆ
3085 879 3365 953 ἐναντίοις,
3413 881 3538 952 ἤτοι
3586 890 3715 946 τοῖς
3772 907 3868 958 με·

2195 961 2343 1030 ταξύ.
2402 964 2470 1016 Τὸ
2524 965 2623 1038 γὰρ
2682 965 2876 1038 μεταξὺ
2931 967 3022 1020 τὸν
3075 972 3174 1023 τοῦ
3232 969 3464 1025 ἐναντίου
3516 969 3689 1049 λόγον
3743 973 3864 1050 ἔχει

2197 1053 2333 1126 πρὸς
2391 1051 2636 1126 ἑκάτερον
2693 1060 2800 1108 τῶν
2862 1052 3039 1132 ἄκρων
3069 1075 3081 1089 ·
3146 1060 3258 1113 οἷον
3313 1060 3374 1113 τὸ
3431 1063 3591 1128 ἦττον
3662 1062 3863 1118 λευκὸν

2198 1141 2333 1215 πρὸς
2374 1143 2466 1214 μὲν
2513 1143 2575 1196 τὸ
2630 1141 2798 1215 μέλαν
2850 1142 3040 1200 λευκόν
3089 1146 3220 1201 ἐστι·
3278 1148 3444 1220 μέλαν
3493 1148 3552 1205 δέ
3598 1153 3746 1225 πρὸς
3801 1155 3866 1208 τὸ

2202 1226 2413 1301 μᾶλλον
2468 1227 2659 1286 λευκόν
2699 1275 2712 1287 .
2753 1233 2905 1302 Μίξει
2947 1235 3049 1308 γὰρ
3096 1239 3193 1289 τοῦ
3256 1234 3488 1308 μέλανος
3535 1237 3751 1312 γίνεται
3803 1242 3866 1296 τὸ

2197 1320 2359 1386 ἧττον
2416 1316 2630 1376 λευκόν.
2663 1321 2756 1375 Διὸ
2815 1323 2904 1376 καὶ
2962 1322 3084 1377 ὅταν
3137 1323 3211 1386 είς
3268 1324 3329 1379 τό
3383 1325 3594 1398 μᾶλλον
3664 1328 3862 1385 λευκὸν

2203 1402 2519 1480 μεταϐάλλῃ
2548 1409 2610 1462 τὸ
2668 1411 2830 1478 ἦττον
2890 1409 3102 1483 λευκὸν,
3157 1413 3231 1474 ὡς
3283 1412 3341 1468 ἐκ
3374 1413 3608 1487 μέλανος
3653 1417 3866 1492 γίνεται

2199 1497 2334 1570 πρὸς
2384 1497 2444 1550 τό
2496 1495 2686 1552 λευκὸν
2734 1501 2769 1568 ἡ
2824 1495 3128 1572 μεταϐολή.
3175 1503 3244 1556 Τὸ
3283 1503 3384 1578 γὰρ
3431 1505 3595 1572 ἦττον
3665 1505 3864 1561 λευκὸν

2198 1587 2333 1638 κατά
2359 1585 2422 1638 τὸ
2448 1583 2500 1640 ἐν
2549 1586 2695 1658 αὐτῷ
2747 1583 2917 1659 μέλαν
2974 1584 3306 1660 μεταϐάλλει
3348 1593 3485 1668 πρὸς
3532 1595 3595 1647 τὸ
3640 1594 3863 1666 μᾶλλον

2200 1671 2389 1728 λευκόν
2441 1720 2452 1731 .
2512 1678 2666 1729 ’Ὁθεν
2731 1676 2821 1730 καὶ
2902 1680 3095 1751 μερική
3159 1679 3364 1753 γίνεται
3432 1683 3468 1750 ἡ
3544 1680 3864 1755 μεταϐολή.

2199 1761 2468 1825 Ὡσαύτως
2526 1763 2615 1817 καὶ
2675 1762 2764 1818 ὅτε
2812 1767 2874 1819 τὸ
2935 1765 3148 1836 μᾶλλον
3209 1767 3398 1823 λευκὸν
3459 1770 3535 1832 εἲς
3587 1771 3655 1826 τὸ
3698 1775 3864 1841 ἧττον

449 1861 730 1914 mutatur.
764 1858 928 1914 Unde
949 1859 1125 1914 etiam
1151 1861 1405 1931 quadam
1436 1864 1667 1916 tantum
1691 1865 1936 1933 exparte
1966 1864 2090 1930 [seu

2214 1846 2535 1907 αεταϐάλλει
2592 1851 2782 1907 λευκὸν
2821 1898 2835 1922 ,
2892 1853 2967 1916 ὡς
3012 1854 3070 1909 ἐκ
3103 1853 3298 1910 λευκοῦ
3329 1859 3463 1933 πρὸς
3497 1859 3673 1932 μέλαν
3720 1862 3866 1937 γίνε-

449 1946 841 2020 particularis]
889 1948 956 2002 ﬁt
1001 1948 1248 2004 mutatio
1300 1950 1361 2003 95.
1421 1949 1632 2005 Eodem
1687 1949 1863 2005 etiam
1921 1950 2091 2005 modo

452 2036 688 2108 quando
715 2035 774 2091 id
805 2037 961 2107 quod
993 2037 1184 2108 magis
1215 2040 1304 2092 est
1333 2037 1534 2093 album
1564 2039 1628 2094 in
1663 2040 1862 2095 minus
1893 2038 2092 2094 album

453 2127 736 2191 mutatur,
771 2129 1052 2196 tanquam
1079 2141 1146 2180 ex
1177 2125 1305 2182 albo
1328 2127 1389 2181 in
1420 2127 1650 2199 nigrum
1703 2128 1768 2182 ﬁt
1824 2128 2091 2183 mutatio.

453 2212 519 2269 In
547 2212 912 2285 nigredinem
937 2213 1094 2269 enim
1125 2232 1250 2286 qua:
1281 2215 1340 2269 in
1363 2216 1559 2272 minus
1582 2217 1712 2272 albo
1735 2217 1906 2285 est,id
1939 2217 2093 2288 quod

453 2301 642 2373 magis
671 2301 870 2357 album
902 2306 1010 2370 est,
1043 2320 1110 2358 ex
1141 2308 1303 2375 parte
1351 2309 1632 2360 mutatur.
1689 2308 1768 2360 Ac
1835 2322 1964 2361 eam
2025 2305 2096 2360 ob

2201 1941 2288 1995 ταὶ
2320 1943 2358 2009 ἡ
2391 1936 2690 2012 μεταϐολὴ.
2724 1942 2868 2016 Πρὸς
2918 1944 3022 2018 γάρ
3072 1941 3124 1997 ἐν
3153 1949 3232 2015 τῷ
3287 1944 3474 2013 ἥττονι
3525 1945 3714 2019 λευκῷ
3737 1936 3742 1937 ⁷
3766 1951 3864 2021 μέ-

2204 2029 2302 2084 λαν
2335 2025 2666 2103 μεταϐάλλει
2693 2039 2744 2084 τί
2773 2036 2870 2085 τοῦ
2917 2031 3128 2104 μᾶλλον
3183 2033 3397 2088 λευκοῦ.
3450 2037 3547 2090 Διά
3574 2058 3660 2090 τοι
3697 2043 3862 2093 τοῦτο

2206 2123 2242 2188 ἡ
2293 2118 2353 2174 ἐκ
2396 2124 2502 2174 τῶν
2568 2119 2762 2191 μεταξὺ
2809 2121 2944 2193 πρὸς
2984 2121 3052 2175 τά
3096 2122 3291 2193 μεταξὺ
3335 2119 3616 2196 μεταϐολὴ
3647 2134 3731 2196 πῆ
3768 2127 3868 2182 λέ-

2205 2226 2372 2284 γεται·
2431 2211 2466 2276 ἡ
2526 2205 2572 2261 δ’
2631 2208 2690 2262 ἐκ
2743 2213 2850 2262 τῶν
2906 2210 3083 2286 ἄκρων
3141 2211 3328 2274 ἁπλῶς
3374 2214 3623 2268 καλεῖται
3695 2237 3863 2288 μετα-

2209 2291 2374 2366 ϐολή.

437 2407 691 2464 causam
723 2392 968 2448 mutatio
998 2408 1124 2464 quae
1169 2409 1237 2447 ex
1284 2393 1648 2450 intermediis
1698 2395 1770 2449 ad
1825 2395 1921 2449 78
1953 2390 2310 2449 intermedia
2339 2389 2403 2442 ﬁt
2457 2388 2712 2460 quadam
2743 2405 2813 2444 ex
2837 2393 3000 2461 parte
3056 2389 3307 2446 dicitur:
3349 2409 3478 2463 quas
3534 2398 3740 2450 autem
3798 2412 3869 2453 ex

447 2479 728 2535 extremis
756 2479 842 2551 ﬁt,
877 2480 1219 2552 simpliciier
1248 2481 1493 2537 mutatio
1550 2487 1806 2538 vocatur.

522 2569 578 2622 2.
609 2567 890 2624 Caterum
920 2570 964 2604 ’6
989 2569 1167 2626 latius
1191 2574 1352 2642 patét
1379 2572 1628 2628 mutatio
1659 2588 1838 2643 quam
1881 2577 2096 2627 motus.

456 2656 672 2714 Omnes
701 2657 856 2714 enim
886 2658 960 2714 ab
987 2675 1053 2714 eo
1083 2661 1238 2730 quod
1274 2660 1532 2732 potentia
1563 2665 1653 2716 est
1685 2662 1756 2716 ad
1807 2665 1938 2716 actu
1972 2677 2100 2717 esse

459 2746 865 2819 progessiones
897 2752 1168 2804 manente
1187 2748 1422 2804 interim
1481 2751 1639 2820 quod
1699 2753 1788 2806 est
1843 2750 2101 2821 potentia

461 2849 612 2904 esse,
639 2836 994 2892 mutationes
1024 2841 1184 2893 sunt.
1207 2838 1424 2893 Verum
1451 2854 1519 2894 ex
1547 2838 1638 2894 bis
1669 2837 1786 2894 illas
1807 2855 1934 2910 quae
1956 2839 2102 2895 dun-

460 2927 619 2982 taxat
648 2939 717 2979 ex
757 2927 1283 2997 quomodocunque
1339 2927 1648 2983 contrariis
1705 2927 2010 3000 speciebus
2041 2927 2100 2982 in

462 3013 787 3070 contrarias
815 3014 1037 3085 species
1067 3015 1442 3072 transitiones
1493 3021 1632 3071 sunt
1687 3010 2025 3072 remanente
2047 3021 2104 3072 et

465 3103 850 3159 mutationem
872 3103 1198 3160 sustinente
1228 3105 1512 3176 subjecto.
1544 3105 1631 3160 hs:
1665 3106 1852 3178 magis
1875 3105 2104 3178 proprie

464 3195 661 3248 motus
690 3191 1091 3248 nominantur.
1153 3195 1289 3257 Quae
1338 3197 1534 3250 autem
1592 3211 1709 3251 non
1767 3199 2106 3251 remanente

463 3281 725 3352 subjecto
755 3281 798 3315 ⁸⁷
827 3281 946 3336 sive
976 3296 1045 3336 ex
1074 3281 1382 3338 contrariis
1424 3283 1736 3355 speciebus
1768 3284 1827 3338 in
1881 3288 2105 3339 contra-

463 3369 581 3426 rias
610 3369 834 3442 species
862 3373 1189 3441 transeunt,
1227 3372 1350 3427 sive
1379 3389 1494 3428 non
1527 3389 1596 3427 ex
1626 3373 1934 3429 contrariis
1975 3389 2106 3445 spe-

463 3458 663 3516 ciebus
693 3457 754 3513 in
786 3459 1130 3528 contrarias,
1160 3461 1261 3516 sed
1294 3477 1396 3533 per
1430 3460 1861 3534 prolapsionem
1918 3467 1975 3517 et
2005 3462 2126 3517 ab-'

463 3548 714 3604 sentiam
744 3547 985 3604 alterius
1014 3549 1341 3621 specierum
1373 3551 1748 3606 manifestam
1793 3551 2108 3608 contrarie-

463 3639 644 3692 tatem
673 3636 891 3692 habent
919 3635 981 3692 in
1010 3637 1084 3694 iis
1113 3655 1182 3694 ex
1211 3638 1428 3709 quibus
1477 3643 1536 3694 et
1577 3640 1636 3694 in
1695 3656 1824 3712 quae
1885 3643 2113 3696 mutan-

463 3728 564 3780 tur
589 3726 654 3792 9”,
685 3725 773 3780 hae
805 3726 1036 3798 proprie
1064 3728 1348 3783 duntaxat
1394 3728 1749 3784 mutationes
1806 3733 2108 3797 vocantur,

467 3830 584 3870 non
615 3816 833 3884 motus,
864 3831 992 3886 quae
1021 3819 1158 3872 sunt
1188 3817 1486 3888 generatio
1515 3821 1573 3873 et
1629 3819 1948 3890 corruptio,
1983 3835 2109 3890 quas

469 3903 794 3959 secundum
815 3903 1211 3960 substantiam
1229 3906 1584 3962 mutationes
1608 3911 1764 3962 sunt.
1789 3907 2112 3964 Generatur

467 3991 626 4048 enim
652 3991 709 4046 id
741 3993 897 4062 quod
923 3999 1255 4064 generatur,
1297 3998 1354 4049 et
1412 3996 1809 4067 corrumpitur
1838 3997 1895 4051 id
1956 3997 2110 4068 quod

467 4081 863 4152 corrumpitur
918 4096 986 4136 ex
1026 4081 1312 4138 contrario
1398 4083 1457 4137 in
1545 4083 1923 4152 contrarium,
1992 4084 2113 4140 sive

467 4174 790 4241 utrumque
829 4170 905 4225 sit
935 4171 1305 4242 species,sive
1325 4171 1574 4227 alterum
1599 4172 1675 4228 sit
1703 4173 1945 4228 alterius
1975 4190 2112 4244 pro-

467 4256 675 4329 lapsio.
707 4258 908 4329 Neque
937 4257 1091 4313 enim
1124 4259 1510 4332 omnispeciei
1539 4261 1762 4332 species
1785 4263 2112 4316 necessario

466 4350 556 4403 est
585 4347 902 4404 contraria.
931 4348 1212 4412 Quaenam
1247 4350 1342 4404 79
1388 4349 1544 4404 enim
1605 4349 1833 4405 homini
1891 4350 2114 4421 species

467 4435 762 4492 contraria
790 4439 890 4491 aut
919 4435 1143 4492 musico
1174 4437 1365 4493 aﬂ‘erri
1396 4438 1616 4509 queat?
1641 4455 1775 4494 cum
1852 4438 2115 4494 absentia

471 4523 711 4582 alterius
758 4524 991 4597 speciei,
1051 4525 1160 4581 hoc
1217 4530 1306 4581 est
1361 4526 1635 4598 privatio,
1683 4527 1900 4598 ubique
1951 4543 2113 4599 repe-

428 4650 443 4666 .
467 4612 674 4670 riatur.

2281 2569 2346 2642 β’.
2398 2568 2552 2620 Ἔστι
2601 2563 2648 2618 δ’
2699 2563 2957 2621 ἐπιπλέον
3007 2574 3109 2636 τῆς
3157 2567 3423 2641 κινήσεως
3468 2573 3503 2638 ἡ
3539 2567 3865 2643 μεταϐολή.

2208 2662 2376 2710 Πᾶσαι
2440 2655 2533 2727 μὲν
2590 2655 2692 2730 γὰρ
2750 2656 2805 2708 αἱ
2851 2655 2957 2710 ἀπὸ
3012 2662 3108 2711 τοῦ
3142 2655 3364 2730 δυνάμει
3419 2659 3496 2720 εἷς
3525 2661 3588 2714 τὸ
3621 2659 3869 2738 ἐνεργείᾳ

2208 2742 2456 2822 πρόοδοι,
2493 2745 2745 2816 μένοντος
2796 2740 2873 2798 ἔτι
2916 2749 3012 2799 τοῦ
3061 2743 3304 2820 δυνάμει,
3362 2743 3663 2820 μεταϐολαί
3703 2750 3866 2827 εἰσιν,

2209 2831 2387 2890 Ἀλλὰ
2431 2832 2638 2887 τούτων
2690 2831 2811 2888 ὅσαι
2861 2835 2957 2907 μὲν
3011 2835 3174 2908 μόνον
3222 2834 3274 2906 ἐξ
3323 2835 3570 2892 ἐναντίων
3606 2839 3865 2895 ὁπωσοῦν

2210 2920 2366 2978 εἰδῶν
2418 2922 2494 2984 εἷς
2550 2921 2758 2977 ἐναντία
2788 2919 2904 2992 εἷ’δη
2958 2923 3295 2996 μετελεύσεις
3344 2924 3499 2995 εἷ’σὶν,
3551 2927 3865 3001 ὑπομένον-

2208 3033 2303 3074 τος
2330 3016 2427 3066 τοῦ
2477 3011 2830 3084 ὑποκειμένου
2871 3011 2960 3066 καὶ
3012 3007 3449 3084 μεταϐάλλοντος
3483 3059 3499 3084 ,
3556 3014 3715 3070 αὗται
3779 3040 3864 3072 κι-

2210 3103 2392 3172 νήσεις
2449 3099 2808 3173 ὀνομάζονται
2867 3102 3215 3177 κυριώτερον·
3279 3101 3398 3158 ὅσαι
3456 3101 3536 3176 δὲ,
3579 3110 3681 3160 τοῦ
3735 3107 3868 3162 ὑπο-

2212 3188 2464 3262 κειμένου
2498 3189 2573 3261 μὴ
2626 3187 3014 3262 ὑπομένοντος,
3067 3187 3163 3244 εἶθ-ις’
3209 3190 3259 3261 ἐξ
3290 3191 3545 3247 ἐναντίων
3594 3191 3760 3249 εἰδῶν
3797 3197 3873 3259 εἷς

2217 3277 2429 3334 ἐναντία
2463 3273 2870 3350 μεταϐαίνουσιν
2920 3276 3061 3350 εἷ’δη,
3112 3276 3217 3334 εἷίτε
3263 3281 3339 3353 μὴ
3385 3280 3437 3350 ἐξ
3484 3280 3744 3338 ἐναντίων
3798 3285 3872 3340 εἷ-

2221 3365 2325 3422 δῶν
2359 3366 2436 3428 εἷς
2469 3365 2682 3420 ἐναντία
2709 3363 2849 3438 εἷ’δη,
2883 3366 3029 3422 ἀλλά
3072 3369 3190 3422 κατ’
3237 3368 3550 3425 ἀπόπτωσιν
3581 3373 3675 3426 καὶ
3706 3372 3879 3429 ἀπου-

2221 3456 2336 3511 σίαν
2393 3454 2616 3531 Θατέρου
2671 3456 2825 3530 (τῶν)
2885 3455 3042 3511 εἰδῶν
3103 3456 3505 3535 ἐμφαινομένην
3564 3462 3668 3530 τήν
3723 3462 3880 3517 ἐναν-

2217 3545 2403 3600 τίωσιν
2451 3542 2691 3620 ἔχουσιν,
2739 3543 2790 3598 ἐν
2822 3550 2939 3607 τοῖς
2988 3544 3039 3616 ἐξ
3069 3547 3142 3599 ὧν
3173 3546 3262 3600 καὶ
3312 3546 3388 3608 εἴς
3433 3546 3465 3601 ἃ
3496 3545 3884 3621 μεταϐάλλουο

2219 3655 2323 3705 σιν,
2382 3634 2539 3688 αὗται
2596 3633 2886 3688 καλοῦνται
2925 3629 3224 3707 μεταϐολαὶ
3277 3635 3435 3708 μόνον
3484 3639 3717 3714 κυρίως,
3752 3640 3884 3696 ἀλλ’

2221 3721 2283 3776 οὐ
2340 3725 2597 3793 κινήσεις,
2657 3719 2855 3784 αἷίτινές
2919 3723 3049 3776 εἰσιν
3095 3726 3130 3792 ἡ
3189 3724 3391 3799 γένεσις
3449 3727 3539 3781 καὶ
3585 3729 3621 3795 ἡ
3679 3730 3881 3806 φθορὰ,

2218 3813 2333 3866 κατ’
2375 3811 2554 3866 οὐσίαν
2589 3809 2744 3866 οὖσαι
2797 3808 3118 3885 μεταϐολαί.
3161 3815 3368 3868 Γίνεται
3400 3815 3501 3891 γὰρ
3548 3816 3610 3869 τὸ
3651 3818 3879 3892 γινόμε-

2217 3922 2306 3956 νον
2362 3901 2451 3956 καὶ
2511 3901 2780 3979 φθείρεται
2839 3901 2902 3956 τὸ
2969 3901 3321 3978 φθειρόμενον
3383 3903 3434 3974 ἐξ
3492 3903 3738 3961 ἐναντίου
3802 3908 3880 3970 εἷς

2217 3989 2476 4058 ἐναντίον,
2536 3987 2642 4045 εἷίτε
2699 3990 2829 4064 (καὶ)
2881 3990 3201 4068 ἀμφοτέρων
3261 3987 3428 4047 ὅντων
3496 3990 3657 4048 είδῶν
3691 4041 3705 4065 ,
3768 3994 3877 4051 εἴτε

2219 4080 2443 4154 θατέρου
2502 4073 2655 4140 ὄντος
2713 4079 3079 4142 ἀποπτώσεως
3135 4085 3233 4134 τοῦ
3291 4078 3508 4137 λοιποῦ.
3567 4081 3642 4135 Οὗ
3685 4084 3793 4159 γὰρ
3827 4084 3877 4155 ἐξ

2223 4168 2460 4243 ἀνάγκης
2511 4165 2642 4222 εἷ’δει
2685 4169 2845 4222 παντὶ
2903 4165 3046 4230 εἶδος
3101 4166 3336 4223 ἐναντίον
3391 4169 3518 4226 ἐστί.
3551 4169 3612 4224 Τί
3663 4173 3770 4247 γὰρ
3802 4178 3881 4244 τῷ

2221 4257 2493 4332 ἀνθρώπῳ
2544 4257 2780 4312 ἐναντίον
2833 4254 2975 4319 εἶδος
3035 4252 3196 4312 ἔσοιτ’
3247 4257 3306 4312 ἂν
3353 4257 3391 4327 ἢ
3438 4263 3516 4330 τῷ
3565 4265 3817 4332 μουσικῷ
3863 4281 3876 4330 ;

2224 4346 2488 4403 Ἀπουσία
2532 4342 2590 4400 δὲ
2637 4346 2862 4422 θατέρου
2908 4342 3103 4418 εἷ’δους,
3155 4344 3325 4422 ἤγουν
3382 4349 3418 4416 ἡ
3466 4345 3742 4424 στέρησις,
3801 4351 3881 4404 5'3-

2224 4434 2461 4511 ρίσκεται
2490 4439 2793 4510 πανταχοῦ.

2295 4527 2364 4599 γ’.
2399 4522 2576 4579 Ἀλλὰ
2620 4524 2752 4578 ποτὲ
2780 4524 2873 4598 μὲν
2905 4526 2940 4593 ἡ
2991 4523 3241 4599 στέρησις
3275 4523 3409 4598 μετὰ
3448 4523 3667 4580 τελείου
3698 4523 3873 4588 εἴδους

2225 4613 2361 4683 ἐστὶ,
2417 4611 2626 4676 νελείας
2675 4614 2772 4676 τὰς
2802 4612 2967 4668 αὐτοῦ
3011 4612 3326 4676 συστατικὰς
3376 4608 3679 4685 ποιότηωας
3718 4611 3873 4691 ἕχον·

541 4703 596 4758 3.
630 4702 742 4758 Sed
773 4702 1068 4764 interdum
1119 4703 1367 4776 privatio
1424 4721 1560 4760 cum
1615 4704 1869 4776 perfecta
1924 4704 2102 4777 specie

2221 4723 2336 4770 τος,
2369 4701 2550 4778 ὥσπερ
2580 4705 2615 4772 ἡ
2662 4701 2714 4757 ἐν
2766 4706 2844 4774 τῷ
2894 4699 3044 4757 ὕδατι
3095 4701 3343 4778 στέρησις
3382 4707 3479 4758 τοῦ
3519 4702 3697 4779 πυρὰς
3726 4688 3873 4760 unive-

472 4795 565 4849 est
592 4791 878 4864 perfectas
907 4809 1005 4849 eas
1037 4793 1252 4864 quibus
1283 4793 1660 4849 constituitur
1687 4793 1999 4866 qualitates
2015 4793 2114 4850 ha-

472 4881 682 4937 bente:
718 4881 1214 4953 quemadmodum
1247 4881 1493 4955 privatio
1524 4882 1678 4955 ignis
1723 4899 1850 4956 quae
1881 4883 1942 4937 in
1965 4899 2118 4955 aqua

473 4972 564 5026 est
592 4969 768 5025 simul
799 4974 887 5027 est
911 4987 1046 5026 cum
1079 4988 1241 5043 aquae
1274 4972 1465 5043 specie
1493 4989 1619 5043 quae
1650 4972 1904 5043 perfecta
1932 4977 2021 5027 est
2051 4989 2116 5028 ac

474 5057 761 5132 perfectas
791 5076 929 5116 suas
961 5059 1278 5132 qualitates
1307 5061 1564 5118 obtinet:
1609 5061 1796 5134 frigus
1848 5060 2120 5117 videlicet

472 5150 532 5203 et
551 5145 1014 5220 humorem,quae
1038 5150 1193 5223 ignis
1217 5150 1603 5222 qualitatibus
1627 5154 1766 5205 sunt
1790 5149 2112 5205 contrariae.

470 5237 553 5292 Ac
584 5239 893 5308 propterea
921 5238 1076 5309 ignis
1106 5256 1220 5295 non
1253 5243 1482 5296 tantum
1516 5256 1584 5295 ex
1613 5257 1722 5295 sua
1769 5239 2112 5312 privatione,

471 5324 573 5381 sed
631 5323 808 5380 etiam
864 5341 932 5381 ex
989 5329 1282 5384 contraria
1337 5329 1450 5385 sibi
1499 5328 1690 5401 specie
1721 5328 1845 5383 ﬁeri
1877 5328 2114 5396 dicitur,

468 5413 710 5481 Quando
742 5429 877 5469 vero
907 5430 1042 5471 cum
1071 5416 1326 5488 perfecta
1355 5418 1546 5489 specie
1576 5434 1692 5474 non
1728 5416 1961 5474 exsistit
1991 5416 2115 5488 pri-

538 5648 573 5702 2
601 5648 846 5722 9"l‘bys.
893 5665 945 5706 c.
975 5649 1030 5706 2.
1063 5652 1106 5705 t.
1136 5649 1192 5718 7,
1250 5649 1303 5703 9.

1381 5647 1424 5683 9⁵
1449 5649 1485 5704 5
1513 5649 1690 5722 Phys,
1724 5667 1772 5707 ο.
1806 5651 1858 5721 1,
1892 5667 1929 5706 1.
1960 5651 2016 5705 6.

470 5739 521 5784 ο.
550 5725 602 5780 2.
644 5725 683 5776 t.
718 5721 772 5775 7.

2095 5649 2139 5684 9°
2167 5647 2405 5721 5Phys.
2463 5664 2514 5702 c.
2560 5648 2617 5715 2,
2676 5647 2720 5682 97
2759 5647 2797 5701 5
2843 5645 3018 5719 Phys.
3077 5662 3127 5703 ο.
3169 5646 3225 5714 2,
3284 5649 3327 5702 ι.
3384 5647 3440 5703 8.

2224 4813 2306 4846 στι
2363 4796 2440 4863 τῷ
2497 4788 2625 4846 εἷ’δει
2665 4795 2762 4844 τοῦ
2820 4789 3015 4853 ὕδατος
3071 4790 3264 4864 τελείῳ
3320 4787 3451 4864 ὄντι,
3510 4791 3602 4846 καὶ
3657 4791 3871 4856 τελείας

2222 4880 2317 4942 τὰς
2351 4880 2401 4935 ἐν
2443 4880 2588 4952 αὗτῷ
2629 4880 2926 4950 ποιότητας
2969 4877 3175 4955 ἔχοντι,
3202 4882 3303 4948 τήν
3347 4880 3671 4958 ψυχρότητα
3701 4879 3868 4953 δηλον

2225 4968 2306 5024 ότι
2365 4970 2453 5024 καὶ
2511 4971 2610 5037 τήν
2664 4969 2972 5045 ὑγρότητα,
3027 4970 3121 5032 τὰς
3154 4969 3392 5032 ἐναντίας
3437 4975 3557 5032 ταῖς
3611 4971 3866 5040 ποιότησι

2222 5062 2319 5112 τοῦ
2349 5058 2536 5134 πυρός.
2589 5059 2686 5112 Καὶ
2737 5056 2827 5113 διὰ
2871 5063 3031 5112 τοῦτο
3080 5059 3187 5132 (τὸ)
3225 5063 3331 5134 πῦρ
3381 5058 3444 5113 οὐ
3487 5057 3648 5132 μόνον
3684 5059 3867 5128 ἐκτῆς

2224 5146 2425 5209 οἰκείας
2495 5149 2798 5222 στερήσεως
2836 5193 2851 5216 ,
2900 5146 3046 5202 ἀλλὰ
3092 5147 3194 5202 κάκ
3244 5153 3342 5202 τοῦ
3395 5147 3631 5203 ἐναντίου
3698 5150 3868 5219 ἑαυτῷ

2225 5233 2398 5298 εἷ’δους
2458 5235 2672 5312 λέγεται
2723 5235 2982 5311 γίνεσθαι.
3031 5237 3190 5291 Ὅταν
3248 5233 3306 5291 δὲ
3359 5237 3435 5310 μὴ
3491 5232 3617 5291 εἷ’δει
3674 5235 3866 5309 τελείῳ

3542 5645 3648 5702 ωδ
3682 5643 3864 5717 phys.
