4024 6458
305 431 460 503 1081

1618 404 1968 504 EPITOME
2010 437 2374 502 PHYSICA.

3539 433 3696 499 1082

304 571 624 648 συνυπάρχῃ
660 575 696 642 ἡ
747 543 1014 650 στέρησις,
1062 571 1189 629 ἀλλ’
1240 573 1414 646 ὑλικῷ
1467 595 1573 630 τινι
1623 570 1942 642 ἐπιτηδείως

2057 573 2228 639 vatio,
2261 573 2362 627 sed
2392 587 2526 627 cum
2575 569 2863 627 materiali
2909 569 3106 643 aliquo
3152 569 3227 625 ad
3279 584 3407 625 eam
3439 569 3692 641 speciem

303 657 490 738 ἔχοντι
529 659 774 730 δέξασθαι
820 662 883 716 τὸ
935 659 1079 724 εἶδος
1123 664 1186 717 τὸ
1232 662 1591 735 ἀντικείμενον
1750 663 1941 734 στερή-

302 771 404 821 σει,
446 750 520 812 ὡς
550 752 585 820 ἡ
620 749 671 804 ἐν
700 755 780 823 τῷ
827 751 1093 827 σπέρματι
1152 750 1403 828 στέρησις
1457 756 1555 805 τοῦ
1614 751 1773 820 ζώου·
1823 750 1946 804 τότε

304 839 404 895 οὐκ
434 837 485 909 ἐξ
519 836 695 901 εἷ”δους
722 838 986 912 ἐναντίου,
1019 839 1141 895 ἀλλ’
1177 839 1228 911 ἐξ
1284 839 1543 902 ἀπουσίας
1594 837 1770 901 εἷ’δους
1818 837 1945 908 ἤτοι

307 929 610 1004 στερήσεως
666 926 881 1003 λέγεται
925 928 1160 1005 γίνεσθαι
1211 929 1274 984 τὸ
1330 929 1631 1005 γινόμενον*
1683 929 1796 1004 οὐχ
1862 927 1942 983 ὅτι

305 1017 405 1073 οὐκ
439 1015 600 1071 ’ἔστιν
657 1015 796 1080 εἶδός
851 1038 911 1072 τε
966 1017 1056 1073 καὶ
1099 1019 1161 1072 τὸ
1209 1017 1442 1094 σπέρμα,
1474 1017 1601 1073 ἀλλ’
1629 1017 1711 1073 ὅτι
1758 1016 1942 1080 ἀτελὲς

304 1105 447 1169 εἶδος
479 1106 567 1160 καὶ
599 1104 736 1177 ὕλης
768 1104 932 1182 λόγον
985 1106 1180 1183 ἐπέχον
1239 1109 1373 1184 πρὸς
1425 1109 1524 1176 τὴν
1582 1112 1678 1162 τοῦ
1733 1105 1944 1176 τελείου

304 1193 481 1258 εἷ’δους
515 1195 826 1268 ὑπόστασιν,
857 1197 946 1251 καὶ
982 1197 1059 1258 εἷς
1119 1197 1289 1251 ἐκεῖνο
1343 1199 1442 1265 τήν
1502 1195 1638 1266 ὅλην
1682 1197 1945 1268 κεκτημὲ-

302 1305 394 1341 νον
419 1286 518 1354 τὴν
557 1284 842 1363 ἀναφοράν.
876 1285 998 1340 Εἷσὶ
1049 1285 1106 1341 δέ
1148 1307 1289 1347 τινες
1339 1283 1469 1348 ἴσως
1508 1286 1602 1341 κάν
1650 1290 1728 1358 τῷ
1784 1287 1944 1360 σπέρ-

307 1394 435 1448 ματι
481 1372 770 1444 ποιότητες
830 1373 1136 1429 ἐναντίωσιν
1205 1373 1429 1451 ἔχουσαι
1491 1375 1626 1450 πρὸς
1683 1375 1776 1436 τὰς
1848 1378 1945 1428 τοῦ

303 1461 742 1536 ἀποτελουμένου
798 1462 1117 1534 ποιότητας,
1177 1463 1303 1519 ἀλλ’
1361 1463 1570 1525 ἀτελεῖς
1624 1465 1712 1518 καὶ
1792 1461 1946 1518 αὗται

301 1551 390 1607 καὶ
424 1551 530 1626 οὐχ
558 1551 632 1613 ὡς
688 1553 743 1606 αἱ
800 1557 903 1607 τῶν
961 1550 1185 1606 τελείων
1246 1551 1401 1608 εἰδῶν
1442 1551 1668 1611 τέλειαι.
1702 1553 1794 1607 Διὸ
1826 1551 1944 1607 ὅσαι

309 1641 402 1712 μὲν
433 1638 663 1694 ἐναντίαι
707 1662 825 1702 πως
872 1642 991 1702 ταῖς
1032 1646 1130 1695 τοῦ
1178 1640 1620 1714 ἀποτελουμένου
1661 1636 1944 1710 ποιότησίν

304 1729 438 1782 εἰσιν
490 1728 541 1782 ἐν
586 1734 666 1800 τῷ
716 1730 1005 1804 σπέρματι,
1040 1731 1174 1804 πρὸς
1222 1730 1318 1789 τὰς
1363 1735 1461 1785 τοῦ
1508 1728 1947 1802 ἀποτελουμένου

305 1816 600 1886 ποιότητας
634 1813 1059 1890 μεταϐάλλουσι,
1087 1822 1185 1872 τοῦ
1228 1821 1322 1890 μὲν
1385 1819 1552 1893 ὑγροῦ
1605 1823 1702 1872 τοῦ
1760 1818 1812 1873 ἐν
1871 1823 1948 1889 τῷ

304 1906 572 1980 σπέρματι
639 1906 1048 1979 ξηραινομένου,
1096 1912 1193 1961 τοῦ
1259 1904 1317 1962 δὲ
1379 1912 1662 1983 σφαιρικοῦ
1713 1907 1943 1962 ἐκτεινου
1978 1947 2027 2012 Β

357 1995 367 2012 .
548 1995 609 2012 ..Α
756 1993 799 2012 α.
861 1996 872 2012 .
1019 1993 1043 2012 δ
1074 2002 1097 2012 -
1246 2002 1270 2011 υ
1429 2001 1453 2010 η
1521 1997 1535 2012 ς
1681 1995 1700 2012 κ
1836 1996 1846 2012 .

308 1995 488 2067 μένου.
548 1995 702 2048 Ὅσαι
753 1993 799 2049 δ’
853 1993 1124 2068 ὁμοειδεῖς
1179 2002 1298 2058 ταῖς
1361 2001 1458 2051 τοῦ
1510 1995 1949 2069 ἀποτελουμένου

303 2083 458 2154 εἰσὶν,
490 2083 550 2138 ἐκ
577 2088 674 2138 τοῦ
704 2081 928 2146 ἀτελοῦς
962 2079 1363 2157 μεταϐάλλουσι
1423 2087 1558 2161 πρὸς
1610 2087 1673 2140 τὸ
1720 2084 1946 2142 τέλειον.

303 2173 401 2226 Διά
429 2177 558 2246 γοῦν
587 2173 648 2226 τὸ
679 2171 864 2234 ἀτελὲς
914 2179 1016 2242 τῆς
1068 2171 1352 2235 διαθέσεως
1412 2179 1508 2228 τοῦ
1568 2175 1948 2247 ὑποκειμένου,

300 2259 424 2315 ὅταν
481 2260 542 2314 ἐκ
598 2259 904 2336 σπέρματος
956 2262 1020 2316 τὸ
1075 2267 1209 2330 ζῶον
1241 2262 1276 2331 ἢ
1318 2261 1370 2332 ἐξ
1423 2261 1666 2335 ἀμούσου
1725 2261 1948 2338 λέγηται

293 2350 359 2404 τὸ
421 2350 700 2421 μουσικὸν,
734 2349 832 2404 οὐκ
891 2349 941 2420 ἐξ
1003 2350 1242 2405 ἐναντίου
1302 2348 1502 2423 εἷ’δους,
1560 2350 1685 2406 ἀλλ’
1735 2350 1794 2406 ἐκ
1847 2359 1947 2420 τῆς

298 2437 562 2500 ἀπουσίας
616 2443 712 2493 τοῦ
772 2436 948 2500 εἶ’δους
1005 2439 1094 2493 καὶ
1152 2442 1248 2507 τῆς
1295 2442 1596 2515 στερήσεως
1629 2438 1841 2515 λέγεται
1869 2439 1948 2516 γί-

298 2529 500 2583 νεσθαι.
535 2529 633 2581 Διὰ
658 2529 827 2582 ταῦτά
877 2549 963 2581 τοι
1020 2528 1109 2581 καὶ
1165 2527 1215 2596 ἐξ
1271 2526 1508 2582 ἐναντίου
1564 2529 1803 2602 γίνεσθαι
1859 2528 1948 2582 καὶ

309 2617 387 2678 εἰς
415 2615 718 2670 τούναντίον
748 2616 1060 2694 φθὸίρεσθαι
1117 2615 1326 2692 λέγεται
1380 2623 1482 2671 πᾶν
1541 2617 1604 2670 τὸ
1661 2617 1946 2692 γινόμενον

306 2705 396 2759 καὶ
428 2704 801 2782 φθειρόμενον,
832 2705 922 2759 καὶ
953 2704 1159 2779 γένεσις
1198 2710 1341 2758 πᾶσα
1383 2705 1474 2760 καὶ
1521 2705 1695 2782 φθορᾶ
1751 2707 1946 2783 φυσική

309 2798 506 2856 κοινῶς
562 2792 814 2862 λέγονται
868 2794 983 2848 κατ’
1042 2793 1339 2870 ἀντίφασιν.
1371 2795 1448 2850 Τὸ
1503 2795 1608 2870 γὰρ
1662 2794 1720 2848 ’ὸν
1769 2794 1950 2849 καὶτὸ

312 2883 388 2955 μὴ
420 2881 501 2953 ὃν,
532 2884 664 2938 καθὸ
707 2883 772 2937 τὸ
825 2883 916 2955 μὲν
951 2881 1032 2953 ὃν,
1062 2882 1125 2936 τὸ
1159 2880 1214 2936 δὲ
1248 2883 1323 2955 μὴ
1356 2881 1415 2936 ὃν
1449 2882 1660 2938 ἐναντία
1690 2880 1804 2954 εἷ’δη
1872 2884 1945 2955 μὴ

307 2967 457 3042 ὄντα,
511 2972 610 3040 τήν
695 2971 956 3026 ἀντίθεσιν
1041 2972 1400 3048 ἀντιφατικῶς
1474 2975 1753 3028 ποιοῦνται
1811 2973 1948 3048 πρὸς

308 3057 551 3130 ἄλληλα.

382 3146 442 3205 δ’.
478 3148 685 3210 Γένεσις
734 3146 791 3203 δέ
849 3147 988 3204 ἐστιν
1018 3151 1053 3218 ἡ
1087 3147 1147 3204 ἐκ
1199 3153 1296 3204 τοῦ
1359 3151 1434 3221 μή
1486 3145 1639 3212 ὄντος
1673 3149 1747 3211 εἰς
1774 3150 1837 3204 τὸ
1889 3150 1948 3204 ὃν

314 3232 594 3312 μεταϐολή
652 3237 741 3292 καὶ
800 3236 1114 3311 μετάϐασις,
1143 3235 1312 3312 ἤγουν
1344 3240 1378 3307 ἠ
1425 3239 1618 3312 μεταξὺ
1673 3236 1799 3301 ὁδὸς
1851 3247 1950 3308 τῆς

2052 678 2178 734 quae
2209 661 2513 734 privationi
2542 661 2856 733 Opponitur
2885 660 3314 732 suscipiendam
3362 675 3691 715 accommo-

2053 752 2281 817 dato,ut
2311 750 2371 804 in
2404 751 2646 818 semine,
2701 748 2971 805 animalis
3020 747 3265 820 privatio
3291 765 3304 816 ;
3330 752 3459 804 tum
3485 764 3602 804 non
3623 765 3692 804 ex

2055 840 2245 911 specie
2276 839 2587 905 contraria,
2623 839 2722 894 sed
2752 854 2822 893 ex
2851 837 3064 909 speciei
3121 837 3406 908 absentia,
3462 837 3573 892 hoc
3602 841 3692 894 est

2055 929 2400 1000 privatione,
2425 927 2686 1000 generari
2718 927 2934 982 dicitur
2972 927 3127 998 quod
3185 930 3496 998 generatur
3525 942 3538 982 :
3573 943 3690 983 non

2055 1018 2210 1088 quod
2241 1033 2355 1073 non
2387 1018 2560 1072 etiam
2581 1033 2777 1072 semen
2809 1016 2885 1072 sit
2914 1016 3111 1087 aliqua
3135 1015 3378 1087 species,
3405 1015 3506 1070 sed
3534 1017 3691 1087 quod

2061 1105 2401 1178 imperfecta
2456 1105 2533 1161 sit
2581 1106 2823 1178 species,
2885 1109 2941 1159 et
2996 1105 3251 1160 materiae
3282 1104 3566 1160 rationem
3619 1106 3692 1160 ad

2053 1196 2315 1267 perfectae
2345 1195 2556 1266 speciei
2578 1194 3023 1250 subsistentiam
3072 1193 3300 1260 habeat,
3334 1194 3407 1248 ad
3437 1209 3686 1265 eamque

2054 1288 2237 1340 totam
2269 1284 2609 1339 relationem
2631 1283 2906 1339 obtineat.
2931 1283 3082 1338 Sunt
3112 1287 3306 1338 autem
3338 1283 3485 1338 forte
3512 1282 3689 1337 etiam

2053 1373 2113 1428 in
2144 1373 2368 1428 semine
2393 1372 2701 1444 qualitates
2731 1373 2998 1444 quaedam
3022 1372 3074 1426 ei
3105 1372 3258 1443 quod
3284 1371 3423 1427 hinc
3447 1371 3699 1433 efﬁcitur

2055 1463 2157 1520 80
2187 1463 2487 1519 contrariae
2521 1481 2534 1518 :
2569 1463 2670 1518 sed
2719 1465 2776 1518 et
2805 1462 2941 1533 ipsae
2986 1461 3362 1533 imperfectae,
3413 1476 3602 1532 neque
3630 1465 3697 1516 ut

2055 1554 2442 1626 perfectarum
2489 1552 2816 1624 specierum
2882 1551 3548 1623 perfectaeQuapropter
3576 1549 3688 1605 illae

2056 1659 2183 1713 quae
2209 1642 2337 1713 ejus
2359 1641 2513 1712 quod
2548 1641 2798 1696 efficitur
2817 1638 3201 1712 qualitatibus
3222 1642 3360 1694 sunt
3379 1639 3439 1693 in
3470 1638 3695 1695 semine

2056 1730 2487 1802 quodammodo
2518 1728 2905 1794 contrariae,in
2927 1729 3053 1799 ejus
3085 1729 3239 1799 quod
3270 1727 3520 1783 efﬁcitur
3550 1743 3694 1798 qua-

2054 1819 2248 1874 litates
2280 1823 2607 1886 mutantur,
2639 1818 2780 1873 dum
2837 1817 2897 1871 id
2929 1817 3167 1888 quidem
3197 1817 3349 1888 quod
3381 1816 3442 1870 in
3473 1815 3695 1872 semine

2056 1907 2366 1962 humidum
2397 1911 2484 1964 est
2537 1907 2769 1975 arescit,
2802 1907 2958 1977 quod
2991 1909 3187 1960 autem
3233 1906 3553 1961 rotundum
3587 1908 3694 1973 est,

2057 1997 2384 2053 extenditur
2411 2013 2423 2052 :
2458 2013 2585 2067 quae
2628 2013 2760 2073 vero
2803 2011 2938 2050 cum
2968 2011 3034 2050 eo
3066 1995 3223 2066 quod
3254 1994 3504 2049 efﬁcitur
3533 1994 3697 2064 ejus-

2058 2086 2190 2140 dem
2220 2086 2432 2157 speciei
2463 2088 2620 2150 sunt,
2648 2100 2716 2140 ex
2743 2084 3080 2156 imperfecto
3111 2083 3170 2137 in
3203 2083 3520 2154 perfectum
3569 2099 3697 2137 mu-

2057 2174 2572 2230 tantur.Nimirum
2606 2177 2843 2245 propter
2868 2171 3269 2244 imperfectam
3299 2172 3545 2242 subjecti
3578 2171 3697 2227 dis-

2057 2263 2406 2335 positionem
2435 2280 2569 2318 cum
2599 2279 2667 2317 ex
2697 2262 2920 2317 semine
2966 2260 3183 2316 animal
3232 2264 3335 2314 aut
3380 2276 3449 2314 ex
3475 2259 3692 2314 immu-

2058 2351 2177 2408 sico
2201 2352 2494 2407 musicum
2516 2351 2639 2406 ﬁeri
2673 2351 3032 2417 dicitur,non
3064 2367 3132 2405 ex
3161 2348 3453 2404 contraria
3481 2349 3696 2420 specie,

2059 2443 2158 2496 sed
2191 2458 2258 2496 ex
2290 2440 2501 2512 speciei
2537 2441 2803 2496 absentia
2851 2443 2906 2494 et
2937 2438 3255 2510 privatione
3307 2437 3430 2493 ﬁeri
3461 2437 3697 2493 dicitur.

2057 2531 2241 2602 Atque
2273 2533 2579 2602 eapropter
2606 2535 2664 2585 et
2691 2546 2758 2585 ex
2791 2527 3078 2584 contrario
3099 2527 3359 2599 generari
3393 2529 3450 2582 et
3479 2527 3539 2581 in
3569 2543 3700 2582 con-

2058 2618 2304 2673 trarium
2354 2617 2648 2689 corrumpi
2697 2616 2911 2672 dicitur
2958 2616 3244 2687 quidquid
3284 2619 3593 2688 generatur
3641 2619 3700 2670 et

2058 2706 2554 2778 corrumpitur.Ac
2583 2706 2776 2761 omnis
2799 2705 3096 2778 generatio
3125 2709 3182 2759 et
3210 2704 3503 2776 corruptio
3535 2707 3699 2758 natu-

2059 2795 2198 2852 ralis
2218 2795 2518 2852 communi
2539 2796 2710 2850 modo
2736 2811 2840 2867 per
2859 2793 3380 2850 contradictionem
3398 2793 3696 2848 dicuntur.

2057 2885 2204 2940 Nam
2236 2900 2340 2940 ens
2369 2888 2425 2939 et
2454 2901 2570 2940 non
2601 2901 2704 2939 ens
2737 2885 2802 2952 99,
2828 2886 3122 2955 quatenus
3150 2882 3296 2937 illud
3317 2885 3424 2949 est,
3440 2880 3549 2937 hoc
3577 2898 3694 2937 non

2057 2977 2165 3041 est,
2199 2989 2332 3028 cum
2364 2973 2585 3045 species
2616 2971 2912 3028 contrarie
2956 2988 3069 3026 non
3101 2972 3239 3038 sint,
3271 2968 3694 3042 oppositionem

2057 3063 2130 3118 ad
2163 3061 2500 3133 sejinvicem
2531 3060 3037 3118 contradictoriam
3067 3059 3346 3116 efﬁciunt.

2129 3151 2497 3207 4.Generatio
2552 3155 2746 3206 autem
2770 3154 2860 3206 est
2889 3167 2955 3206 ex
2979 3167 3095 3205 non
3126 3152 3257 3204 ente
3276 3148 3335 3203 in
3363 3165 3465 3204 ens
3501 3152 3695 3203 muta-

2055 3240 2137 3296 tio
2167 3257 2233 3296 ac
2261 3241 2564 3307 transitus;
2594 3240 2704 3295 hoc
2734 3243 2824 3294 est
2851 3239 2946 3293 via
2973 3237 3339 3308 intermedia,
3356 3254 3472 3309 qua
3496 3238 3686 3293 res8‘l

308 3327 414 3381 ἀπὸ
469 3330 567 3380 τοῦ
625 3328 700 3400 μὴ
759 3326 892 3381 εἶναι
923 3325 999 3388 εἷς
1030 3328 1092 3381 τὸ
1140 3327 1271 3381 εἶναι
1323 3331 1422 3381 τοῦ
1465 3330 1780 3403 πράγματος
1810 3327 1944 3383 ἀπο-

2057 3345 2126 3384 ex
2151 3346 2266 3384 non
2295 3345 2425 3384 esse
2453 3329 2523 3383 ad
2545 3345 2672 3384 esse
2702 3326 3407 3399 constituitur.Corruptio
3439 3330 3641 3381 contra
3674 3328 3690 3360 ί

302 3413 698 3476 καταστάσεως.
734 3417 921 3491 Φθορὰ
960 3413 1018 3470 δὲ
1045 3418 1081 3485 ἡ
1113 3415 1172 3470 ἐκ
1197 3420 1294 3470 τοῦ
1325 3411 1480 3478 ὄντος
1530 3416 1606 3478 εἷς
1647 3417 1710 3470 τὸ
1763 3417 1837 3490 μὴ
1887 3415 1944 3470 ὃν

309 3503 519 3576 ὁμοίως
555 3498 858 3577 μεταϐολὴ,
888 3508 987 3559 τοῦ
1042 3499 1197 3566 ὄντος
1243 3505 1444 3577 καὶμὴ
1508 3499 1660 3566 ὄντος
1715 3503 1962 3580 ἐνεργείᾳ

309 3587 763 3666 λαμϐανομένων.
797 3592 870 3647 Οὐ
903 3591 1150 3668 Λέγονται
1182 3590 1240 3648 δὲ
1283 3593 1483 3665 κυρίως
1519 3595 1761 3664 κινήσεις
1790 3595 1825 3662 ἠ
1857 3594 1947 3668 γέ-

303 3703 448 3744 νεσις
477 3682 570 3736 καὶ
596 3685 630 3750 ἡ
663 3681 856 3760 φθοράο
892 3680 1030 3736 διότι
1061 3683 1156 3737 κᾶν
1187 3680 1372 3744 ἀτελὲς
1407 3681 1639 3758 ἐνέργεια
1666 3686 1702 3752 ἡ
1734 3682 1948 3751 κίνησις

302 3768 401 3825 κᾶν
457 3771 755 3840 παθητικὴ,
787 3768 935 3839 πλὴν
993 3771 1058 3826 τὸ
1111 3771 1425 3844 κινούμενον
1485 3771 1719 3847 ἐνεργείᾳ
1771 3771 1828 3825 ὃν
1859 3772 1948 3826 καὶ

304 3857 576 3932 ὑπομένον
609 3860 870 3914 κινεῖσθαι
900 3861 1034 3935 χρή·
1075 3861 1136 3914 τὸ
1187 3857 1245 3914 δὲ
1295 3861 1370 3932 μὴ
1421 3858 1478 3913 ὃν
1529 3859 1770 3936 ἐνεργείᾳ
1821 3858 1949 3932 μηδ’

303 3947 592 4021 ὑπομένον,
654 3945 779 4003 οὐδὲ
828 3947 1142 4021 κινούμενόν
1203 3949 1363 4004 ἐστιν.
1421 3945 1557 4003 Οὐδέ
1616 3949 1717 4024 γὰρ
1767 3942 1948 4023 ὥσπερ

305 4038 335 4092 ὁ
367 4037 650 4111 ἄνθρωπος
694 4036 936 4112 ἐνεργείᾳ
965 4034 1039 4092 ὣν
1088 4035 1178 4091 καὶ
1233 4038 1407 4109 μένων
1455 4033 1740 4111 ἅνθρωπος
1784 4043 1950 4091 κινεῖ-

301 4147 412 4198 ται,
445 4124 580 4180 κατά
605 4146 658 4179 τι
715 4129 820 4180 τῶν
881 4125 931 4180 ἐν
994 4125 1138 4197 αὖτῷ
1179 4121 1603 4200 συμϐεϐηκότων
1659 4125 1948 4198 αὐξόμενος

305 4215 344 4284 ἢ
390 4213 871 4288 λευκαινόμενοςῆ
924 4213 1243 4290 φερόμενος,
1274 4213 1414 4268 οὕτω
1470 4213 1558 4267 καὶ
1613 4213 1718 4283 ὕλη
1787 4234 1946 4286 μετα-

310 4299 509 4360 ϐάλλει
537 4305 673 4359 κατὰ
700 4304 800 4373 τήν
828 4303 1051 4380 γένεσιν.
1085 4305 1184 4358 Διά
1230 4324 1314 4358 τοι
1344 4297 1504 4358 τοῦτο
1537 4305 1574 4372 ἡ
1624 4301 1683 4357 ἐκ
1723 4307 1821 4357 τοῦ
1873 4304 1948 4376 μὴ

309 4388 463 4455 ὄντος
494 4393 569 4455 εἷς
599 4393 662 4447 τὸ
694 4393 827 4447 εἶναι
857 4390 1095 4467 πρόοδος
1153 4392 1252 4447 οὐκ
1307 4390 1417 4446 ἔστι
1456 4391 1686 4462 κίνησις.
1721 4392 1869 4446 Ἐπεὶ
1896 4390 1954 4446 δὲ

305 4482 407 4551 τήν
483 4479 623 4552 ὕλην
684 4481 792 4555 (οὐ)
851 4480 1084 4557 λέγομεν
1166 4481 1511 4558 ὑφεστηκέναι
1592 4481 1707 4535 καθ’
1762 4481 1953 4550 ἑαυτὴν

304 4567 457 4644 (οὐδὲ
511 4571 617 4647 γὰρ
676 4569 728 4640 ἐξ
786 4567 926 4640 ὕλης
981 4571 1072 4624 καὶ
1122 4567 1298 4631 εἷ’δους
1328 4569 1648 4643 τὰσώματα
1703 4567 1948 4645 λέγοντες

306 4658 370 4715 ἐκ
396 4656 864 4735 προϋπαρχούσης
895 4657 1036 4729 ὕλης
1063 4659 1101 4728 ἢ
1144 4663 1558 4736 προϋφεστῶτος
1617 4655 1798 4720 εἷ’δους
1851 4660 1950 4728 τὴν
1979 4683 2027 4748 D

304 4753 416 4804 τῶν
475 4745 744 4822 σωμάτων
828 4746 1085 4820 τιθέμεθα
1149 4748 1419 4818 σύστασιν,
1477 4745 1604 4802 ἀλλ’
1660 4745 1742 4802 ὅτι
1802 4747 1949 4824 λόγῳ

311 4836 464 4911 μόνῳ
523 4834 886 4910 διακρίνοντες
943 4836 1033 4890 ἀπ’
1084 4835 1350 4906 ἀλλήλων
1400 4837 1498 4905 τήν
1557 4833 1695 4906 ὕλην
1742 4837 1831 4891 καὶ
1886 4838 1949 4892 τὸ

305 4923 452 4988 εἶδος
515 4923 786 4999 δυνάμεθα
859 4926 1076 5001 θεωρεῖν
1155 4925 1402 5001 ἑκάτερον
1477 4927 1598 4980 καθ’
1651 4925 1800 4980 αὑτό·
1859 4927 1948 4981 καὶ

301 5015 404 5092 γὰρ
463 5012 742 5088 οὐδέτερον
800 5014 1094 5084 ὑποστῆναι
1152 5011 1371 5070 δύναται
1448 5015 1670 5090 θατέρου
1725 5016 1946 5091 χωρὶς),

309 5103 442 5180 ὅπερ
504 5103 581 5166 ὡς
634 5101 741 5174 ὕλη
779 5099 1112 5178 λαμϐάνεται
1167 5104 1258 5158 καὶ
1316 5101 1530 5179 λέγεται
1593 5105 1668 5177 μὴ
1729 5102 1810 5176 ὃν,
1860 5102 1948 5159 καί

305 5197 468 5248 τοῦτο
502 5194 636 5266 μετᾶ
691 5190 868 5256 εἷ’δους
916 5191 1233 5268 εὑρίσκεται,
1264 5193 1299 5261 ἢ
1350 5191 1562 5248 τελείου
1610 5194 1646 5262 ἢ
1702 5192 1945 5255 ἀτελοῦς.

309 5281 411 5337 Καὶ
459 5277 518 5337 ’o'v
568 5303 620 5336 τι
665 5278 806 5338 ἔστιν
851 5278 1061 5354 ἄλλως,
1094 5280 1304 5358 λέγεται
1354 5279 1411 5336 δὲ
1461 5283 1536 5356 μὴ
1596 5277 1675 5335 ὅν·
1729 5281 1946 5357 ἐπείπερ

309 5370 554 5446 ἐνεργείᾳ
606 5369 706 5427 οὐκ
760 5369 901 5426 ἔστιν
939 5371 970 5426 ’ὁ
999 5370 1220 5446 γίνεται.
1253 5371 1322 5425 Τὸ
1379 5367 1437 5425 δὲ
1482 5375 1698 5426 τοιοῦτο
1756 5372 1831 5443 μὴ
1891 5369 1948 5424 ὃν

309 5460 371 5514 οὗ
408 5463 656 5533 κινεῖται,
689 5455 812 5515 οὔτε
865 5460 983 5514 καθ’
1013 5458 1192 5531 ἑαυτὸ,
1223 5455 1345 5516 οὔτε
1395 5461 1531 5514 κατὰ
1579 5454 1943 5534 συμϐεϐηκός.

301 5546 437 5604 Οὔτε
466 5546 571 5624 γὰρ
598 5549 730 5604 καθὸ
764 5550 840 5622 μὴ
872 5546 983 5604 ἔστι
1013 5553 1257 5621 κινεῖται,
1292 5545 1415 5604 οὔτε
1440 5554 1519 5621 τῷ
1567 5547 1709 5604 ἄλλο
1764 5571 1816 5604 τι
1875 5549 1947 5604 εἶ-

372 5765 417 5801 "
443 5763 500 5821 5.
529 5762 706 5837 Phys.
734 5779 786 5820 ο.
814 5762 871 5821 2.
898 5766 943 5820 t.
972 5763 1028 5820 7.
1061 5762 1102 5835 l,
1132 5763 1187 5820 5.
1217 5763 1370 5838 Phys
1399 5781 1448 5822 ο.
1480 5765 1520 5821 1.
1552 5768 1596 5821 t.
1629 5766 1684 5836 4,
1715 5767 1773 5822 et
1799 5782 1850 5822 ο.
1878 5768 1934 5837 2,
1967 5766 2008 5822 ι.
2041 5765 2096 5821 7.

2057 3418 2259 3474 eodem
2291 3419 2464 3472 modo
2494 3434 2562 3473 ex
2591 3421 2722 3472 ente
2747 3417 2806 3471 in
2834 3433 2950 3472 non
2971 3432 3076 3471 ens
3109 3415 3376 3482 mutatio,
3411 3419 3476 3470 ut
3504 3431 3610 3471 ens
3639 3418 3698 3471 et

2057 3524 2174 3563 non
2204 3523 2309 3562 ens
2341 3510 2469 3562 actu
2497 3510 2826 3562 sumantur.
2853 3505 3136 3560 Ceterum
3165 3503 3459 3576 generatio
3489 3507 3546 3559 et
3577 3520 3697 3559 cor-

2057 3613 2124 3651 ru
2133 3595 2250 3667 ptio
2270 3595 2501 3667 proprie
2521 3598 2715 3650 motus
2733 3611 2848 3649 non
2866 3594 3142 3649 dicuntur
3165 3619 3180 3661 ;
3210 3597 3515 3665 propterea
3535 3592 3694 3664 quod

2054 3685 2165 3741 etsi
2194 3687 2388 3740 motus
2417 3683 2790 3755 imperfectus
2821 3687 2879 3738 et
2907 3682 3174 3754 passivus
3223 3686 3389 3737 actus
3419 3683 3497 3737 sit
3526 3684 3568 3751 ⁵³,
3602 3685 3696 3736 ta-

2057 3789 2191 3829 men
2221 3773 2278 3827 id
2311 3773 2465 3844 quod
2493 3776 2846 3842 movetur,ut
2866 3776 2998 3827 actu
3019 3771 3095 3827 sit
3116 3776 3173 3826 et
3202 3776 3455 3841 maneat,
3479 3770 3697 3825 moveri

2058 3877 2294 3918 necesse
2323 3861 2434 3929 sit;
2468 3862 2619 3931 quod
2669 3865 2866 3917 autem
2902 3864 3032 3916 actu
3081 3878 3197 3915 non
3227 3864 3335 3931 est,
3392 3875 3580 3931 neque
3610 3876 3698 3914 re-

2058 3954 2275 4017 manet,
2307 3967 2380 4006 ne
2411 3954 2712 4005 moveatur
2735 3950 2994 4020 quidem.
3027 3950 3225 4021 Neque
3247 3948 3404 4004 enim
3425 3949 3701 4019 quemad-

2057 4039 2298 4096 modum
2331 4040 2506 4094 homo
2539 4043 2672 4094 actu
2699 4039 2986 4094 exsistens
3008 4043 3066 4094 et
3097 4054 3350 4095 manens
3380 4037 3556 4094 homo
3583 4054 3702 4093 mo-

2054 4132 2242 4198 vetur,
2276 4129 2417 4182 dum
2447 4143 2551 4198 per
2579 4127 2902 4183 accidentia
2941 4144 3067 4198 quae
3096 4127 3157 4181 in
3193 4128 3319 4199 ipso
3351 4130 3491 4182 sunt
3519 4143 3694 4198 auge-

2057 4221 2156 4272 tur
2185 4220 2286 4271 aut
2341 4216 2666 4286 dealbatur,
2699 4217 2878 4272 autin
2909 4215 3036 4272 loco
3084 4220 3380 4287 movetur,
3413 4216 3496 4270 ita
3523 4215 3697 4270 etiam

2058 4305 2301 4361 materia
2330 4306 2391 4360 in
2421 4305 2790 4378 generatione
2820 4310 3101 4360 mutatur.
3153 4305 3452 4376 Proptetea
3480 4320 3548 4358 ex
3578 4320 3692 4358 non

2057 4397 2189 4450 ente
2219 4394 2290 4449 ad
2321 4410 2449 4449 esse
2505 4393 2832 4465 progressio
2865 4397 3064 4448 motus
3096 4410 3210 4448 non
3269 4397 3376 4447 est.
3410 4391 3697 4456 Quoniam

2058 4487 2257 4539 autem
2290 4482 2595 4539 materiam
2627 4482 2943 4555 separatim
2973 4482 3248 4537 exsistere
3291 4498 3405 4535 non
3444 4480 3697 4535 dicimus

2058 4572 2272 4643 (neque
2311 4571 2469 4628 enim
2519 4588 2651 4627 cum
2693 4587 2762 4626 ex
2810 4570 3056 4626 materia
3100 4574 3158 4625 et
3211 4569 3398 4624 forma
3444 4568 3696 4624 dicimus

2058 4677 2317 4732 corpora,
2351 4677 2420 4716 ex
2449 4660 2882 4732 praeexsistente
2939 4659 3184 4714 materia
3239 4663 3340 4712 aut
3383 4657 3694 4728 praesubsi-

2058 4754 2246 4806 stente
2273 4750 2461 4805 forma
2490 4767 2732 4822 corpora
2761 4748 3078 4804 constituta
3106 4763 3234 4803 esse
3269 4747 3520 4802 dicimus
3544 4764 3558 4815 ;
3591 4747 3693 4802 sed

2059 4839 2212 4910 quod
2243 4837 2366 4894 sola
2393 4839 2614 4893 ratione
2665 4838 2968 4892 materiam
3000 4841 3058 4892 et
3086 4838 3332 4892 formam
3376 4853 3412 4891 a
3452 4852 3514 4891 se
3543 4835 3696 4890 invi-

2057 4942 2182 4982 cem
2214 4926 2631 4997 discernentes,
2649 4932 2957 4998 utramque
2988 4925 3298 4996 sejunctim
3329 4923 3696 4980 considerare

2057 5032 2410 5087 possumus;
2445 5015 2662 5088 quippe
2693 5019 2899 5071 neutra
2947 5016 3201 5085 abseque
3241 5013 3422 5069 altera
3449 5013 3696 5069 seorsim

2059 5103 2376 5160 subsistere
2407 5105 2641 5176 potest),
2665 5104 2721 5159 id
2754 5104 2909 5174 quod
2940 5109 3222 5174 tanquam
3254 5101 3499 5157 materia
3521 5101 3699 5157 sumi-

2055 5197 2172 5260 tur,
2201 5198 2260 5250 et
2290 5209 2404 5248 non
2436 5209 2540 5249 ens
2564 5193 2800 5261 dicitur,
2835 5197 2891 5247 et
2921 5209 3053 5248 cum
3098 5194 3286 5247 forma
3310 5190 3397 5246 vel
3443 5190 3699 5262 perfecta

2055 5284 2145 5338 vel
2175 5281 2514 5354 imperfecta
2534 5282 2634 5339 82
2654 5283 2960 5354 reperitur.
2983 5283 3052 5337 Et
3080 5297 3417 5353 quanquam
3438 5279 3584 5335 alias
3621 5280 3698 5335 sit

2055 5389 2182 5439 ens,
2207 5375 2404 5427 tamen
2437 5373 2688 5428 non'ens
2719 5371 2934 5427 dicitur
2986 5390 2998 5426 :
3053 5370 3528 5443 quandoquidem
3560 5372 3694 5424 actu

2056 5477 2172 5517 non
2201 5465 2291 5517 est
2335 5461 2489 5531 quod
2541 5461 2626 5516 ﬁt.
2681 5462 2751 5516 Et
2778 5461 2891 5518 hoc
2918 5461 3186 5516 videlicet
3215 5476 3330 5515 non
3377 5475 3482 5516 ens
3507 5475 3695 5529 neque

2055 5566 2159 5623 per
2186 5565 2248 5606 se
2276 5564 2464 5620 neque
2493 5566 2598 5621 per
2651 5551 2922 5608 accidens
2975 5555 3262 5606 movetur.
3293 5549 3494 5626 Neque
3536 5547 3694 5606 enim

2175 5766 2197 5800 ²
2225 5764 2263 5819 5
2291 5763 2465 5840 Phys,
2493 5782 2541 5822 c.
2566 5765 2605 5822 Ι.
2638 5770 2679 5822 t.
2711 5767 2764 5822 8.
