4024 6456
487 403 640 470 1083

1727 407 2150 474 NICEPHORI
2191 409 2625 475 BLEMMIDE

3710 413 3843 478 1084

486 545 779 611 quatenus
809 557 921 596 non
953 545 1042 597 est
1070 544 1353 611 movetur,
1408 557 1596 616 neque
1635 550 1926 616 quatenus
1955 545 2106 600 aliud

2227 563 2310 596 ναι
2358 542 2616 618 ἐνεργείᾳ,
2661 541 2725 597 τὸ
2768 540 2898 597 αὐτὸ
2949 539 3107 615 μένον
3159 546 3417 608 κινεῖσθαι
3467 537 3703 598 δύναται·
3748 546 3842 598 οἷον

483 628 760 699 quiddam
793 633 924 685 actu
955 634 1061 696 est,
1096 647 1229 686 cum
1273 633 1330 686 id
1365 632 1558 704 ipsum
1613 640 1864 704 maneat,
1897 635 2114 691 moveri

480 722 706 789 potest;
738 719 982 790 exempli
1015 721 1202 792 gratia
1234 737 1248 776 :
1280 737 1478 778 semen
1510 739 1615 778 nec
1647 729 1710 778 ut
1737 725 1955 780 animal
1988 742 2113 780 mo-

476 810 643 862 vetur
671 810 881 879 (neque
909 807 1065 863 enim
1096 808 1312 865 animal
1371 812 1499 883 est),
1543 829 1647 868 nec
1680 817 1745 868 ut
1801 831 2020 869 semen.
2054 815 2112 869 Si

478 895 634 950 enim
665 912 899 968 quoquo
931 898 1102 952 modo
1133 898 1192 952 in
1225 900 1591 970 generatione
1636 906 1916 972 mutetur,
1949 920 1982 957 a
2011 921 2112 958 na-

478 989 612 1040 tura
641 1002 750 1040 sua
777 985 1043 1053 discedit,
1075 990 1131 1042 et
1156 987 1295 1042 dum
1343 993 1627 1055 mutatur,
1661 1008 1774 1046 non
1807 997 2003 1046 manet
2032 1010 2114 1048 se-

477 1075 739 1144 men,sed
772 1091 1003 1146 semper
1034 1075 1176 1130 alias
1209 1076 1364 1132 aliud
1398 1095 1500 1149 per
1530 1079 1909 1136 mutationem
1934 1081 2110 1136 efﬁci-

475 1166 591 1218 tur.
644 1162 787 1218 Cum
834 1163 1013 1236 igitur
1059 1167 1079 1198 ⁵
1129 1164 1235 1220 hoc
1268 1168 1439 1221 modo
1485 1185 1598 1222 non
1648 1185 1750 1223 ens
1810 1175 2112 1241 propterea

475 1253 693 1306 moveri
727 1269 837 1307 non
870 1254 1326 1324 possit,mutatio
1357 1259 1552 1310 autem
1586 1273 1620 1310 a
1651 1273 1763 1311 non
1796 1263 1926 1312 ente
1958 1258 2113 1313 hunc

474 1338 534 1394 in
566 1341 804 1395 modum
831 1341 906 1395 sit
929 1344 1221 1414 generatio
1255 1361 1267 1400 :
1303 1361 1414 1399 non
1446 1344 1626 1415 igitur
1655 1347 1948 1417 generatio
1989 1364 2112 1401 mo-

477 1433 573 1484 tus
603 1429 727 1484 erit.
763 1431 870 1485 Sed
932 1447 1002 1486 ne
1051 1433 1216 1503 quies
1246 1433 1503 1504 quidem.
1538 1434 1680 1488 Nam
1716 1435 1868 1504 quod
1905 1441 2113 1490 natura

477 1522 678 1588 aptum
710 1524 820 1584 est,
853 1524 918 1575 ut
948 1523 1160 1576 moveri
1220 1522 1422 1593 possit,
1468 1523 1523 1576 id
1555 1540 1686 1578 cum
1750 1541 1862 1578 non
1921 1541 2110 1578 move-

477 1594 590 1676 tur,
637 1607 932 1679 quiescere
980 1610 1213 1675 dicitur,
1261 1611 1415 1681 quod
1459 1628 1599 1667 sane
1645 1616 1734 1668 est
1794 1617 1924 1668 actu
1985 1629 2108 1667 ens.

476 1695 636 1758 Quod
695 1701 889 1751 autem
943 1699 1157 1754 moveri
1186 1717 1300 1755 non
1334 1704 1546 1771 potest,
1605 1701 1662 1756 id
1697 1719 1767 1756 ne
1815 1702 2110 1772 quiescere

478 1785 715 1855 quidem
739 1791 946 1857 potest.
983 1789 1649 1861 Quaproptergeneratio
1673 1807 1861 1863 neque
1893 1795 2108 1858 motus,

476 1889 662 1944 neque
693 1875 859 1946 quies
889 1880 994 1932 est.
1029 1879 1161 1942 Qua:
1193 1894 1326 1934 cum
1357 1879 1440 1934 ita
1470 1896 1530 1934 se
1555 1879 1826 1945 habeant,
1860 1896 1964 1936 nec
1992 1897 2107 1935 cor-
2139 1914 2188 1979 B

476 1962 669 2033 ruptio
716 1963 805 2019 vel
849 1969 1044 2020 motus
1092 1965 1257 2038 quies
1292 1967 1469 2023 etiam
1520 1969 1648 2023 erit.
1692 1969 1870 2024 Motui
1903 1969 2056 2023 enim
2090 1970 2112 2003 ⁶

473 2049 562 2105 vel
593 2055 788 2107 motus
813 2052 900 2108 vel
932 2053 1097 2125 quies
1128 2056 1459 2127 opponitur.
1493 2059 1655 2123 Quod
1695 2059 1744 2114 si
1784 2059 2108 2130 generatio-

475 2155 609 2194 nem
642 2139 852 2196 borum
883 2147 1158 2199 neutrum
1188 2145 1289 2201 88
1322 2162 1450 2202 esse
1503 2151 1806 2203 ostensum
1864 2152 1972 2214 est,
2008 2147 2108 2218 qui

474 2227 598 2282 fieri
629 2231 838 2301 potest,
888 2235 951 2286 ut
999 2234 1291 2305 corruptio
1323 2240 1518 2292 motus
1555 2236 1688 2292 sit?
1742 2236 1842 2308 qui
1873 2252 2108 2292 rursum

472 2316 660 2388 quies,
692 2334 824 2373 cum
856 2321 1149 2391 generatio
1179 2323 1272 2378 cui
1303 2325 1595 2397 corruptio
1625 2326 1960 2398 opponitur,
1994 2342 2111 2380 mo-

471 2407 570 2459 tus
602 2422 717 2461 non
746 2407 871 2462 sit?
899 2409 1201 2466 Generatio
1257 2412 1436 2483 igitur
1491 2417 1548 2468 et
1590 2415 1882 2486 corruptio
1915 2421 2109 2473 motus

471 2493 561 2549 vel
589 2493 816 2564 quietes
873 2513 986 2553 non
1044 2504 1202 2566 sunt,
1257 2502 1358 2557 sed
1418 2503 1772 2560 mutationes
1802 2504 2106 2562 duntaxat.

475 2581 619 2637 Cum
651 2589 844 2640 autem
903 2592 1096 2644 motus
1129 2605 1241 2644 non
1274 2591 1410 2658 sint,
1471 2592 1726 2663 quietem
1765 2595 2106 2666 oppositam

475 2687 590 2726 non
622 2672 856 2745 habent,
890 2677 989 2731 sed
1021 2678 1366 2735 vacuitatem
1399 2699 1433 2736 a
1475 2683 1795 2738 mutatione
1825 2687 2105 2754 tanquam

474 2761 860 2831 mutationes;
889 2766 1258 2839 vacuitatem,
1289 2769 1594 2840 inquam,a
1623 2771 1947 2826 mutatione
1979 2788 2105 2843 quae

474 2849 653 2920 quieti
683 2853 1051 2924 proportione
1089 2858 1454 2928 respondeat.
1515 2859 1675 2914 Sicut
1731 2860 1882 2917 enim
1941 2861 2106 2932 quies

471 2943 666 2996 motus
697 2941 979 3009 absentia,
1039 2944 1120 3000 ita
1172 2946 1431 3002 vacuitas
1489 2965 1522 3002 a
1561 2950 1885 3004 mutatione
1916 2955 2106 3005 muta-

464 3026 644 3084 tionis
674 3034 760 3084 est
790 3031 1076 3087 absentia.
1109 3036 1614 3099 Quemadmodum
1646 3037 1825 3108 igitur
1857 3038 2105 3109 quietes,

466 3114 546 3168 ita
575 3117 750 3172 etiam
779 3121 1111 3177 vacationes
1151 3139 1184 3178 a
1234 3123 1556 3180 mutatione
1605 3127 1968 3198 oppositione
1998 3127 2106 3182 ha-

2223 631 2286 685 τὸ
2317 633 2532 704 σπέρμα
2575 628 2698 686 οὔτε
2743 632 2873 686 καθὸ
2925 637 3058 700 ζῶον
3085 637 3311 687 κινεῖται
3339 629 3487 706 (οὐδὲ
3531 633 3634 708 γάρ
3679 631 3838 705 ἐστιν),

2225 718 2347 774 οὔτε
2411 721 2540 774 καθὸ
2607 720 2839 797 σπέρμω
2891 721 2981 775 καὶ
3042 721 3142 798 γὰρ
3195 721 3243 776 εἰ
3290 726 3470 783 ποσῶς
3535 716 3842 793 μεταϐάλλει

2223 812 2356 864 κατά
2419 811 2648 884 γὲνεσιν,
2712 817 2812 878 τῆς
2888 810 3079 864 ἑαυτοῦ
3148 809 3410 880 ἐξίσταται
3477 809 3710 887 φύσεως,
3771 814 3842 865 καὶ

2225 893 2587 971 μεταϐάλλον,
2621 898 2681 954 οὐ
2717 898 2862 972 μένει
2892 899 3129 974 σπέρμα,
3161 898 3306 954 ἀλλὰ
3348 898 3433 953 ἀεὶ
3481 897 3683 954 ἄλλοτε
3726 896 3841 955 ἄλλο

2222 989 2422 1062 γίνεται
2456 990 2589 1042 κατά
2626 991 2723 1057 τήν
2777 983 3109 1062 μεταϐολήν.
3145 989 3207 1042 Εἰ
3247 987 3424 1042 τοίνυν
3469 989 3531 1043 τὸ
3580 987 3722 1042 οὕτω
3780 991 3840 1061 μή

2222 1075 2280 1130 ὂν
2315 1076 2376 1130 οὐ
2410 1074 2627 1132 δύναται
2661 1074 2749 1131 διὰ
2784 1082 2950 1131 ταῦτα
2981 1079 3262 1145 κινεῖσθαι,
3295 1079 3329 1146 ἠ
3377 1075 3422 1132 δ’
3473 1076 3531 1131 ἐκ
3578 1081 3676 1131 τοῦ
3723 1077 3841 1131 οῧτω

2229 1168 2304 1238 μή
2354 1161 2504 1228 ὄντος
2557 1161 2832 1239 μεταϐολή
2889 1166 3092 1242 γένεσίς
3143 1165 3305 1220 ἐστιν·
3361 1165 3458 1220 οὐκ
3507 1163 3650 1221 ἔστιν
3699 1164 3839 1240 ἅραὴ

2222 1255 2422 1330 γένεσις
2469 1255 2697 1324 κίνησις.
2751 1253 2906 1310 Ἀλλ’
2953 1253 3066 1309 οὐδ’
3104 1255 3326 1328 ἠρεμία·
3376 1255 3438 1308 τὸ
3483 1255 3585 1330 γὰρ
3631 1256 3840 1332 πεφυκὸς

2219 1350 2500 1414 κινεῖσθαι,
2540 1349 2700 1399 τοῦτο
2765 1345 2854 1399 καὶ
2919 1347 3116 1420 ἠρεμεῖ
3184 1346 3260 1417 μὴ
3339 1345 3684 1417 κινούμενον,
3731 1343 3838 1419 ὅπερ

2221 1433 2330 1487 ἐστῖ
2369 1435 2431 1488 τὸ
2480 1433 2714 1509 ἐνεργείᾳ
2761 1429 2839 1491 ὅν.
2867 1435 2930 1487 Ὃ
2974 1432 3031 1487 δὲ
3081 1434 3342 1488 κινεῖσθαι
3389 1431 3674 1503 ἀδύνατον,
3704 1438 3839 1487 τοῦτο

2220 1522 2307 1576 καὶ
2349 1525 2572 1595 ἠρεμεῖν
2642 1521 2922 1578 ἀδύνατον.
2969 1525 3128 1576 Ὥστε
3195 1521 3292 1576 οὐκ
3356 1521 3497 1576 ἔστιν
3561 1524 3596 1590 ἡ
3647 1521 3837 1596 γένεσις,

2220 1607 2341 1665 οὔτε
2389 1611 2622 1683 κίνησις,
2672 1609 2794 1665 οὔτε
2844 1610 3064 1686 ἠρεμία.
3108 1610 3166 1665 Et
3215 1608 3262 1665 δ’
3309 1608 3427 1685 ἔχει
3478 1611 3630 1664 ταῦθ’
3669 1609 3837 1676 οὕτως,

2221 1696 2335 1754 οὐδ’
2386 1702 2420 1768 ἡ
2471 1702 2648 1778 φθορά
2698 1699 2906 1769 κίνησίς
2956 1699 3119 1766 ἐστιν,
3171 1696 3294 1754 οὔτε
3355 1700 3462 1771 μήν
3514 1698 3736 1774 ἠρεμία.
3779 1701 3836 1770 Τῇ

2220 1791 2426 1858 κινήσει
2490 1789 2589 1864 γὰρ
2642 1789 2676 1857 ἢ
2753 1788 2962 1858 κίνησις
3005 1788 3039 1856 ἢ
3089 1787 3292 1862 ἠρεμία
3346 1787 3410 1841 τὸ
3467 1786 3836 1858 ἀντικείμενον.

2220 1875 2289 1930 Εἴ
2337 1875 2394 1931 δὲ
2453 1875 2582 1950 μηδ’
2609 1874 2790 1952 ἓτερον
2850 1874 2981 1931 οὖσα
3036 1875 3242 1931 τούτων
3269 1878 3303 1946 ἡ
3334 1876 3542 1951 γένεσις
3575 1872 3837 1944 δέδεικται,

2218 1969 2334 2028 πῶς
2368 1966 2426 2020 ἂν
2471 1964 2553 2036 εἷή
2587 1965 2798 2035 κίνησις
2829 1967 2865 2034 ἡ
2899 1963 3110 2042 φθορά;
3145 1969 3268 2027 Πῶς
3316 1962 3374 2019 δί
3419 1963 3588 2019 πάλιν
3638 1963 3834 2040 ἠρεμίᾳ,

2222 2055 2297 2126 μή
2348 2050 2512 2125 οὔσης
2562 2056 2826 2122 κινήσεως
2892 2059 2991 2122 τῆς
3037 2052 3315 2128 γενέσεως,
3369 2054 3508 2128 ᾗπερ
3572 2052 3835 2107 ἀντίκειται

2217 2147 2252 2212 ἠ
2286 2144 2495 2221 φθορά;
2527 2142 2638 2198 Οὐκ
2666 2141 2768 2219 ἄρα
2810 2143 2844 2210 ἡ
2894 2141 3100 2216 γένεσις
3148 2141 3238 2196 καῖ
3283 2143 3318 2210 ἠ
3369 2142 3545 2218 φθορά
3600 2143 3835 2212 κινήσεις,

2217 2229 2342 2288 οὕτε
2387 2233 2634 2305 ἠρεμίαι,
2688 2230 2850 2304 μόνον
2901 2228 2958 2285 δὲ
3007 2225 3324 2303 μεταϐολαί.
3377 2233 3628 2300 Κινήσεις
3671 2227 3726 2285 δὲ
3773 2231 3834 2302 μὴ

2218 2321 2392 2394 οὖσαι,
2442 2321 2671 2398 ἠρεμίαν
2718 2321 3091 2392 ἀντικειμένην
3128 2318 3236 2394 οὐχ
3281 2316 3511 2392 ἕξουσιν,
3558 2317 3682 2374 ἀλλ’
3725 2319 3834 2392 ἀμε-

2215 2407 2514 2481 ταϐλησίαν
2565 2411 2640 2472 ὡς
2705 2404 3027 2482 μεταϐολαὶ,
3092 2402 3496 2481 ἀμεταϐλησίαν
3561 2407 3834 2483 ἀναλογοῦ-

2218 2521 2309 2555 σαν
2356 2503 2426 2573 τῇ
2480 2497 2702 2574 ἠρεμίᾳ.
2753 2497 2941 2559 Καθὼς
2991 2498 3093 2573 γὰρ
3140 2499 3177 2566 ἡ
3226 2496 3431 2571 ἠρεμία
3487 2496 3718 2552 ἀπουσία
3765 2518 3830 2550 κι-

2215 2590 2443 2658 νήσεως,
2493 2587 2664 2647 οὕτως
2709 2588 2744 2655 ἡ
2796 2579 3172 2658 ἀμεταϐλησία
3234 2583 3467 2638 ἀπουσία
3528 2579 3832 2657 μεταϐολῆς.

2214 2680 2415 2751 ’Ὠσπερ
2467 2674 2558 2731 οὖν
2599 2676 2864 2749 ἠρεμιῶν,
2920 2673 3063 2728 οὕτω
3123 2672 3212 2728 καὶ
3270 2668 3696 2746 ἀμεταϐλησιῶν
3738 2670 3832 2726 ἀντί

2215 2769 2355 2828 θεσις
2412 2766 2774 2842 εὑρεθήσεται,
2804 2763 2892 2818 καὶ
2943 2759 3148 2818 ἔσονται
3195 2764 3229 2827 ἡ
3282 2761 3332 2816 ἐν
3382 2766 3460 2833 τῷ
3507 2757 3623 2817 ὄντι
3663 2764 3832 2834 ἀμεταο

2216 2852 2419 2926 ϐλησία
2447 2855 2535 2909 καὶ
2565 2856 2600 2922 ἠ
2635 2853 2684 2907 ἐν
2716 2857 2796 2924 τῷ
2828 2853 2905 2925 μὴ
2937 2847 3046 2905 ὄντι
3083 2849 3360 2922 ἀλλήλαις
3403 2849 3832 2924 ἀντιθετούμεναι.

2216 2945 2346 3021 Περὶ
2404 2944 2496 3018 μὶν
2563 2941 2654 2997 οὖν
2714 2945 2822 2996 τῶν
2891 2942 3008 2995 κατ’
3057 2939 3236 2995 οὐσίαν
3302 2935 3648 3012 μεταϐολῶν,
3690 2938 3830 3014 ἤγουν

2213 3043 2313 3105 τῆς
2367 3030 2554 3094 ἁπλῶς
2608 3032 2869 3106 γενέσεως
2925 3029 3014 3085 καὶ
3073 3031 3298 3105 φθορᾶς,
3339 3028 3578 3103 εἰρήσθω
3629 3032 3832 3083 τοσαῦτα

2213 3125 2328 3180 κατ’
2358 3122 2508 3178 ἐπιτο
2519 3123 2623 3195 μήν
2659 3121 2761 3175 ὑπο
2770 3121 2871 3192 μνή
2880 3140 3014 3181 σεως
3025 3160 3036 3172 .

465 3202 596 3259 bere
626 3207 1170 3279 deprehendentur;
1205 3216 1378 3284 atque
1407 3215 1668 3270 vacuitas
1697 3232 1729 3270 a
1761 3215 2081 3272 mutatione
2109 3217 2169 3272 in
2195 3221 2346 3282 ente,
2379 3219 2436 3269 et
2461 3213 2724 3268 vacuitas
2755 3210 3130 3267 amutatione
3167 3208 3225 3264 in
3259 3224 3376 3264 non
3405 3210 3538 3263 ente
3571 3207 3682 3265 sibi
3710 3206 3834 3262 invi-

464 3309 589 3349 cem
620 3303 1007 3368 opponentur.
1039 3300 1120 3356 De
1151 3303 1574 3359 mutationibus
1603 3321 1738 3377 ergo
1769 3307 2092 3361 secundum
2121 3304 2539 3370 substantiam,
2583 3302 2694 3357 hoc
2721 3305 2830 3370 est,
2862 3300 2933 3355 de
2959 3297 3212 3370 simplici
3243 3297 3624 3370 generatione
3652 3302 3705 3354 et
3730 3312 3832 3353 cor-

465 3384 738 3455 ruptione
755 3387 875 3441 haec
908 3405 1011 3459 pro
1042 3391 1385 3462 compendio
1412 3395 1921 3450 commentationis
1952 3395 2106 3451 dicta
2132 3395 2270 3452 sint.

532 3474 894 3544 5.Dicuntur,
919 3495 1086 3548 porro
1118 3481 1292 3536 etiam
1317 3483 1669 3538 mutationes
1697 3484 2098 3556 accidentales,
2133 3487 2176 3553 C

463 3563 864 3633 generationes
910 3568 1198 3638 quaedam,
1249 3574 1306 3626 et
1347 3571 1748 3643 corruptiones
1778 3574 1914 3628 item
1948 3591 2102 3645 quaa-

463 3651 639 3719 dam;
672 3653 846 3708 veluti
904 3659 1300 3728 augmentatio
1343 3664 1433 3716 est
1482 3661 1779 3732 generatio
1811 3662 2102 3732 quaedam,

463 3739 775 3798 diminutio
808 3761 939 3800 vero
986 3751 1074 3801 est
1103 3749 1398 3820 corruptio
1431 3751 1720 3820 quzedam.
1753 3751 1869 3806 Nec
1896 3768 2100 3822 quem-

463 3830 780 3886 admodum
805 3833 1056 3890 dicimus
1087 3836 1302 3892 animal
1334 3843 1676 3910 generatum
1709 3856 2000 3906 esse,cum
2034 3857 2102 3895 ex

461 3918 684 3975 semine
713 3921 798 3989 ﬁt,
831 3923 931 3978 84
977 3928 1034 3979 et
1087 3932 1426 3997 corruptum
1457 3944 1606 3999 esse,
1638 3944 1773 3984 cum
1806 3933 2103 3984 mortuum

465 4008 672 4080 fuerat,
705 4010 788 4065 sic
819 4011 1035 4068 animal
1065 4014 1406 4085 simpliciter
1426 4020 1768 4088 generatum
1801 4033 1928 4071 esse
1959 4017 2101 4071 dici-

466 4112 618 4162 mus,
653 4115 785 4154 cum
811 4099 1136 4156 bicubitum
1160 4103 1303 4157 forte
1334 4103 1551 4157 factum
1585 4103 1777 4166 fuerit,
1813 4103 1911 4158 sed
1944 4102 2098 4173 quod

465 4184 680 4241 animal
709 4187 1034 4244 bicubitum
1055 4195 1394 4262 generatum
1416 4190 1911 4264 sit,animalisque
1943 4192 2102 4246 bicu-

463 4275 650 4331 bitum
670 4284 1007 4350 corruptum
1029 4280 1133 4335 sit:
1151 4281 1422 4352 quodque
1439 4280 1658 4335 animal
1679 4279 1880 4335 album
1928 4297 2098 4352 gene-

463 4369 658 4421 ratum
690 4367 785 4436 sit,
819 4371 876 4423 et
922 4369 1194 4424 animalis
1232 4369 1436 4426 albedo
1489 4373 1762 4441 corrupta
1803 4370 1900 4424 sit.
1954 4369 2100 4424 Nam

465 4457 522 4510 et
549 4455 608 4510 in
661 4455 1024 4529 alterations,
1073 4457 1381 4529 dealbatio,
1428 4457 1723 4530 generatio
1755 4458 2023 4530 quaedam
2083 4475 2096 4513 :

464 4543 788 4617 denigratio
854 4550 1071 4619 autem,
1159 4547 1450 4619 corruptio
1519 4547 1787 4619 quaedam
1864 4546 2096 4602 dicitur.

461 4637 782 4692 Commune
835 4636 992 4692 enim
1047 4641 1136 4692 est
1186 4637 1247 4692 in
1300 4637 1575 4693 omnibus
1635 4635 2099 4708 praedicamentis

460 4723 606 4795 (sive
660 4725 954 4798 generatio
1027 4725 1375 4799 simpliciter
1445 4725 1866 4791 consideretur,
1922 4729 1988 4780 ut
2041 4726 2100 4780 in

460 4813 826 4884 substantiis,
859 4815 979 4872 sive
1011 4816 1277 4888 quasdam
1307 4815 1623 4887 generatio,
1657 4818 1723 4871 ut
1763 4819 1829 4870 ut
1856 4814 1916 4869 in
1947 4813 2100 4870 acci-

457 4902 774 4976 dentibus),
808 4908 873 4960 ut
922 4922 1048 4978 quae
1104 4905 1165 4961 in
1227 4904 1471 4961 meliora
1498 4909 1557 4960 et
1586 4903 1988 4976 praestantiora
2012 4907 2102 4959 est

459 4993 723 5064 mutatio,
782 4995 1076 5067 generatio
1124 4995 1392 5065 dicatur;
1427 5010 1554 5064 qua
1613 4994 1673 5047 in
1729 4992 2016 5048 deteriora
2043 4996 2100 5048 et

457 5081 681 5154 viliora,
714 5085 1007 5156 corruptio
1039 5102 1052 5140 :
1089 5085 1335 5157 exempli
1364 5085 1572 5157 gratia,
1632 5083 1691 5138 in
1752 5081 2098 5138 substantiis

456 5171 704 5227 mutatio
746 5189 781 5228 a
827 5176 983 5229 terra
1025 5175 1084 5228 in
1138 5174 1354 5246 ignem,
1413 5172 1706 5246 generatio
1752 5169 2099 5242 simpliciter

456 5262 692 5333 dicitur,
724 5265 1017 5335 corruptio
1068 5269 1263 5319 autem
1296 5263 1564 5334 quaedam
1595 5279 1608 5318 :
1645 5265 1845 5318 contra
1877 5277 1944 5316 ex
1973 5259 2096 5331 igni

455 5353 514 5407 in
545 5355 761 5408 terram
795 5353 1108 5424 [mutatio],
1141 5351 1432 5424 corruptio
1463 5351 1826 5424 simpliciter,
1859 5366 2098 5423 genera-

453 5443 535 5498 tio
583 5445 779 5498 autem
837 5442 1104 5513 quaedam
1161 5450 1439 5496 vocatur:
1473 5458 1539 5497 eo
1600 5440 1754 5513 quod
1786 5439 1993 5495 melior
2039 5441 2096 5493 et

451 5531 821 5606 praestantior
848 5535 906 5587 et
936 5530 1126 5603 magis
1145 5530 1398 5586 essentia
1419 5535 1509 5585 est
1537 5529 1691 5601 ignis
1713 5527 2056 5585 exsistentia
2078 5543 2092 5580 :

519 5753 556 5812 5
585 5749 762 5826 Phys.
795 5765 845 5806 c.
875 5749 934 5816 2,
964 5749 1006 5803 t.
1038 5746 1094 5804 8.
1126 5744 1158 5818 §
1192 5744 1230 5800 5
1260 5742 1432 5817 Phys.
1475 5759 1526 5813 c,
1554 5745 1609 5800 2.
1643 5745 1689 5798 t.
1724 5743 1778 5796 8.

2286 3483 2342 3538 ε’.
2373 3480 2629 3556 Λέγονται
2661 3476 2719 3532 δὲ
2743 3476 2832 3532 καὶ
2875 3476 2930 3530 αἱ
2973 3476 3109 3530 κατά
3156 3468 3504 3547 συμϐεϐηκὸς
3561 3467 3830 3547 μεταϐολαὶ

2211 3572 2440 3645 γενέσεις
2480 3568 2616 3630 τινὲς
2665 3567 2755 3621 καὶ
2804 3565 2999 3643 φθοραί
3046 3582 3207 3624 τινες·
3243 3565 3357 3618 οἷον
3410 3565 3445 3632 ἡ
3501 3563 3599 3636 μὲν
3641 3560 3828 3632 αὔξησις

2211 3659 2415 3735 γένεσίς
2447 3679 2551 3729 τις,
2584 3656 2756 3735 φθορὰ
2807 3652 2865 3710 δέ
2890 3675 2973 3716 τις
3005 3655 3040 3723 ἡ
3092 3651 3338 3725 μείωσις.
3372 3652 3469 3707 Καὶ
3518 3652 3630 3728 οὐχ
3677 3650 3829 3723 ὥσπερ

2213 3747 2441 3824 λὲγομεν
2501 3745 2583 3801 ὅτι
2639 3743 2822 3821 γέγονε
2869 3743 2934 3798 τὸ
2983 3746 3142 3812 ζῶον,
3185 3739 3264 3795 ὅτ’
3313 3740 3374 3796 ἐκ
3422 3742 3727 3816 σπέρματος
3763 3735 3829 3812 γέ-

2210 3859 2382 3906 νοιτο,
2413 3836 2502 3891 καὶ
2550 3833 2632 3889 ὅτι
2683 3832 2957 3912 ἔφθαρται,
3005 3830 3095 3886 ὅτε
3144 3829 3211 3899 δὴ
3257 3827 3500 3899 τεθναίηο
3550 3831 3644 3885 τὸν
3691 3826 3824 3883 αὐτὸν

2209 3914 2410 4002 τρόπον
2470 3923 2700 3998 λὲγομεν
2773 3920 2857 3975 ὅτι
2915 3921 3099 3996 γέγονε
3155 3920 3218 3973 τὸ
3270 3922 3406 3986 ζῶον
3455 3917 3667 3988 ἁπλῶς,
3721 3915 3824 4002 ὅταν

2210 4000 2430 4089 γενηται
2479 4009 2690 4086 δίπηχυ
2738 4009 2929 4084 τυχὸν,
2972 4005 3098 4063 ἀλλ’
3129 4006 3213 4062 ὅτι
3251 4007 3445 4081 γέγονε
3489 4005 3554 4060 τὸ
3607 4010 3735 4075 ζῶον
3767 4000 3828 4057 δί-

2211 4123 2389 4178 πηχυ,
2422 4101 2510 4156 καὶ
2544 4098 2799 4178 ἔφθαρται
2830 4101 2927 4153 τοῦ
2971 4097 3112 4166 ζώου
3160 4096 3223 4151 τὸ
3275 4093 3506 4169 δίπηχυ·
3538 4095 3630 4150 καὶ
3676 4093 3831 4168 γέγονε

2210 4190 2273 4245 τὸ
2328 4194 2462 4258 ζῶον
2515 4188 2726 4257 λευκὸν,
2759 4186 2847 4241 καὶ
2897 4184 3149 4264 ἔφθαρται
3205 4188 3302 4238 τοῦ
3357 4185 3498 4252 ζώου
3546 4185 3611 4238 τὸ
3644 4178 3827 4238 λευκόν.

2213 4277 2310 4333 Καὶ
2377 4276 2459 4331 ἐπ’
2516 4275 2868 4336 ἀλλοιώσεως
2916 4277 2951 4343 ἠ
3007 4274 3104 4347 μὲν
3167 4273 3452 4334 λεύκανσις
3519 4269 3723 4347 γένεσίς
3762 4285 3828 4325 τις

2213 4367 2450 4442 λέγεται,
2482 4367 2655 4442 φθορὰ
2709 4362 2766 4419 δὲ
2810 4385 2893 4426 τις
2924 4366 2959 4433 ἡ
2997 4361 3276 4436 μὲλανσις.
3311 4362 3498 4416 Κοινὸν
3559 4362 3662 4436 γὰρ
3711 4353 3825 4414 ἐστὶν

2210 4456 2262 4510 ἐν
2313 4457 2542 4517 ἁπάσαις
2590 4453 2947 4529 κατηγορίαις
2994 4449 3124 4525 (εἷίτε
3190 4449 3396 4528 γένεσις
3462 4449 3654 4512 ἁπλῶς
3715 4449 3824 4501 θεω-

2211 4549 2362 4621 ροῖτο
2420 4542 2656 4619 καθάπερ
2723 4543 2775 4597 ἐν
2846 4540 3071 4612 οὐσίαις,
3126 4536 3232 4595 εἷ’τε
3277 4539 3360 4601 τὶς
3405 4537 3631 4616 γένεσις,
3678 4535 3825 4591 καθὼς

2209 4620 2261 4688 ἓν
2327 4627 2721 4706 συμϐεϐηκόσι)
2767 4630 2830 4686 τὸ
2876 4631 2974 4698 τὴν
3029 4629 3124 4702 μὶν
3188 4626 3275 4683 ἐπὶ
3340 4627 3406 4682 τᾶ.
3475 4627 3702 4704 κρείττω
3756 4620 3826 4677 καὶ

2207 4723 2508 4797 τιμιώτερα
2569 4715 2878 4794 μεταϐολὴν
2945 4717 3148 4793 γένεσιν
3209 4717 3481 4792 λέγεσθαι,
3541 4715 3737 4795 φθορὰν
3779 4706 3823 4764 δὲ

2205 4811 2304 4879 τὴν
2353 4810 2440 4864 ἐπὶ
2488 4810 2556 4864 τὰ
2593 4807 2766 4885 χείρω
2814 4807 2904 4863 καὶ
2952 4805 3271 4882 ἀτιμότερα·
3314 4806 3426 4860 οἷον
3468 4803 3560 4861 ἐπὶ
3606 4808 3707 4860 τῶν
3757 4797 3825 4854 οὗ·

2208 4903 2337 4954 σιῶν
2379 4902 2414 4968 ἡ
2469 4900 2560 4972 μὲν
2619 4899 2723 4954 ἀπὸ
2769 4903 2870 4967 τῆς
2909 4898 3011 4973 γῆς
3045 4889 3324 4969 μεταϐολή
3355 4892 3495 4970 πρὸς
3522 4895 3586 4949 τὸ
3614 4897 3714 4968 πῦρ
3757 4887 3824 4964 γέ-

2205 5009 2347 5052 νεσις
2398 4987 2589 5050 ἁπλῶς
2640 4985 2878 5062 λέγεται,
2929 4986 3103 5063 φθορὰ
3153 4981 3212 5039 δὲ
3253 4981 3360 5048 τίςο
3411 4985 3447 5053 ἠ
3497 4980 3542 5038 δ’
3585 4983 3686 5038 ἀπὸ
3747 4979 3821 5033 τοῦ

2204 5078 2374 5153 πυρὸς
2430 5077 2507 5134 εἷς
2564 5078 2664 5147 τήν
2721 5083 2824 5152 γῆν
2884 5075 3059 5154 φθορά
3110 5074 3205 5148 μὲν
3236 5071 3482 5128 καλεῖται
3513 5065 3818 5142 ἁπλῶς,γέ-

2203 5188 2348 5230 νεσις
2379 5165 2438 5222 δε
2463 5165 2547 5228 τὶς
2575 5170 2656 5239 τῷ
2692 5185 2922 5242 κρειττω
2969 5161 3060 5219 καὶ
3107 5161 3437 5240 τιμιωτέραν
3484 5160 3575 5216 καὶ
3635 5155 3817 5242 μᾶλλον

2206 5257 2386 5312 οὐσίαν
2429 5256 2561 5312 εἶναι
2609 5240 2979 5330 τήν-ὕπαρξιν
3026 5257 3124 5308 τοῦ
3174 5251 3367 5329 πυρὸς,
3417 5250 3590 5327 χείρω
3651 5245 3704 5302 δὲ
3748 5240 3820 5298 καὶ

2203 5346 2521 5420 ἆτιμοτέρον
2566 5345 2658 5400 καὶ
2704 5346 2866 5413 ἧττον
2918 5341 3101 5398 οὐσίαν
3144 5344 3243 5411 τῆς
3283 5343 3385 5417 γῆς
3445 5340 3544 5407 τὴν
3611 5333 3818 5430 ὗπόπαῖ

2203 5455 2306 5491 σιν·
2363 5431 2492 5490 εἷ’δει
2570 5435 2663 5508 μὲν
2725 5434 2828 5508 γὰρ
2902 5429 3161 5506 ἀναλογεῖ
3206 5431 3270 5485 τὸ
3316 5432 3446 5503 πῦρ,
3497 5426 3600 5501 ὕλῃ
3646 5422 3701 5479 δὲ
3746 5422 3817 5508 καὶ

2202 5525 2446 5598 στερήσει
2495 5526 2530 5592 ἢ
2573 5505 2672 5599 γῆ.
2704 5505 2852 5578 Ἐπεὶ
2899 5522 3000 5598 γὰρ
3035 5505 3199 5594 ἡμὶν
3251 5517 3359 5589 ὕλη
3399 5516 3700 5593 περιέχεται
3729 5505 3814 5564 ὑπὸ
