4024 6458
249 464 404 528 1085

1560 462 1908 529 EPI'I‘OME
1951 463 2313 527 PHYSICA.

3483 451 3642 516 1086

244 600 343 652 τοῦ
383 592 582 667 εἷ’δους,
612 597 676 652 τὸ
707 593 765 652 δέ
803 593 943 658 εἶδος
987 594 1229 673 περιέχει
1276 597 1374 667 τήν
1427 596 1590 668 ὕλην,
1614 597 1779 673 πέρας
1824 597 1882 652 ὃν

2015 597 2250 653 ieterior
2280 600 2475 653 autem
2519 598 2577 652 et
2621 593 2792 650 vilior
2837 596 2895 649 et
2943 591 3141 648 minus
3189 588 3444 646 essentia
3472 593 3640 644 terras

247 686 338 740 καὶ
368 683 493 762 ὅρος
522 684 692 754 αὐτῆς
723 684 982 760 (περαίνει
1013 686 1112 761 γὰρ
1140 688 1230 740 καὶ
1281 686 1449 762 ὁρίζει
1493 687 1555 741 τὸ
1601 694 1701 756 τῆς
1751 685 1889 754 ὕλης

250 773 472 850 ἄπειρόν
521 795 580 830 τε
636 775 726 830 καὶ
775 774 1068 851 ἀόριστον)·
1117 776 1206 830 καὶ
1257 775 1343 830 ἐπὶ
1393 781 1497 831 τῶν
1544 774 1889 846 εἰδοπεποιη-

254 863 428 938 μένων
477 861 586 934 ἤδη
638 862 905 937 σωμάτων
945 865 1096 938 (τῶν)
1126 864 1262 919 κατά
1307 866 1399 920 τὸν
1445 865 1608 920 τόπον
1655 869 1894 940 φυσικῶς

248 952 581 1026 κινουμένων
613 953 676 1008 τὸ
710 954 804 1026 μὲν
832 952 1225 1029 περιεχόμενον
1260 953 1398 1024 ὕλης
1445 953 1502 1008 ἂν
1553 951 1674 1030 ἔχοι
1725 952 1891 1028 λόγον

251 1045 520 1116 (τοιοῦτον
572 1039 630 1096 δὲ
679 1041 740 1096 τὸ
797 1041 931 1118 βαρὺ
978 1043 1067 1096 καὶ
1119 1043 1169 1097 ἐν
1208 1043 1375 1116 μέσῳ,
1406 1043 1677 1098 τουτέστιν
1709 1045 1744 1112 ἡ
1776 1045 1893 1119 γῆ),

249 1129 313 1186 τὰ
367 1128 423 1185 δὲ
477 1130 732 1206 περιέχον
772 1129 966 1193 εἴδους.
1013 1135 1266 1187 Τοιοῦτον
1329 1130 1387 1187 δὲ
1438 1133 1501 1187 τὸ
1557 1136 1755 1210 κοῦφον
1805 1131 1893 1187 καὶ

252 1220 384 1290 ἄνω,
434 1219 676 1273 τουτέστι
725 1220 786 1274 τὸ
829 1223 957 1295 πῦρ·
1015 1218 1104 1274 καὶ
1161 1225 1267 1274 τῶν
1319 1219 1510 1293 μεταξὺ
1566 1220 1656 1274 καὶ
1709 1221 1893 1294 σωμά-

250 1329 380 1378 των,
410 1305 582 1383 ἤγουν
622 1311 719 1362 τοῦ
763 1307 920 1384 ἀέρος
949 1307 1164 1362 καὶτοῦ
1212 1307 1428 1378 ὕδατος,
1458 1309 1521 1363 τὸ
1572 1311 1665 1382 μὲν
1714 1329 1895 1383 περιε-

254 1397 516 1473 χόμενον,
549 1395 681 1472 ὅπερ
715 1396 826 1452 ἐστὶ
855 1398 918 1451 τὸ
948 1395 1117 1472 ὕδωρ,
1149 1396 1287 1467 ὕλης
1322 1398 1379 1452 ἂν
1413 1395 1532 1474 ἔχοι
1567 1398 1731 1474 λόγον
1763 1398 1897 1473 πρὸς

252 1487 343 1540 τὸν
411 1484 541 1561 ἀέρα
604 1486 694 1540 τὸν
763 1485 1106 1562 περιέχοντα,
1161 1484 1337 1548 εἷ’δους
1393 1485 1450 1541 δὲ
1507 1485 1668 1563 λόγον
1719 1489 1746 1541 ὁ
1792 1488 1895 1563 ἀὴρ

254 1575 392 1648 πρὸς
422 1575 484 1628 τὸ
507 1571 653 1649 ὕδωρ
681 1575 743 1628 τὸ
772 1573 1160 1649 περιεχόμενον
1196 1576 1283 1629 ὑπ’
1315 1575 1497 1630 αὐτοῦ.
1531 1577 1623 1630 Διὸ
1667 1577 1742 1648 μὴ
1798 1576 1896 1648 μό-

254 1682 344 1718 νον
379 1662 465 1718 έπὶ
496 1665 638 1736 (τῆς)
671 1669 772 1737 γῆς
813 1663 902 1718 καὶ
934 1665 1102 1739 πυρὸς
1135 1667 1169 1733 ἡ
1208 1665 1300 1736 μὲν
1347 1664 1452 1718 ἀπὸ
1500 1671 1606 1740 γῆς
1656 1665 1730 1726 εἰς
1791 1670 1897 1740 πῦρ

261 1746 538 1824 μεταϐολή
592 1750 791 1826 γένεσις
834 1751 1023 1813 ἁπλῶς
1074 1752 1274 1828 λέγοιτ’
1326 1752 1406 1825 ἂν,
1463 1753 1634 1831 φθορὰ
1695 1751 1752 1807 δέ
1795 1753 1896 1814 τίς·

257 1843 294 1911 ἠ
341 1840 448 1896 ἀπὸ
491 1841 660 1916 πυρὸς
712 1839 757 1895 δ’
797 1841 874 1903 εἰς
919 1849 1023 1916 γῆν
1066 1844 1242 1920 φθορὰ
1295 1843 1386 1915 μὲν
1435 1840 1642 1913 ἁπλῶς,
1695 1842 1898 1918 γένεσις

2002 687 2421 753 subsistentia;
2453 684 2606 758 ignis
2638 684 2794 739 enim
2825 683 3045 750 formae,
3076 685 3230 736 terra
3272 695 3405 736 vero
3454 681 3640 732 mate-

2002 777 2096 832 riai
2128 781 2186 832 et
2215 775 2525 849 privationi
2575 773 2944 846 proportione
2988 769 3319 843 respondet.
3353 767 3638 833 Quoniam

2002 867 2157 922 enim
2211 865 2456 920 materia
2514 865 2750 935 quidem
2809 881 2844 917 a
2900 862 3088 916 forma
3137 859 3235 915 85
3285 857 3638 924 continetur,

2003 956 2190 1011 forma
2237 959 2430 1009 autem
2479 954 2738 1009 continet
2784 951 3110 1017 materiam,
3171 952 3236 1003 ut
3292 964 3418 1019 quae
3474 947 3640 1018 ipsus

2003 1045 2339 1100 extremitas
2368 1059 2435 1100 ac
2465 1044 2598 1098 ﬁnis
2629 1043 2706 1098 sit
2735 1041 2944 1114 (ipsius
2993 1039 3150 1094 enim
3181 1036 3641 1093 immensitatem

2005 1149 2069 1189 ac
2125 1132 2477 1188 infinitatem
2535 1132 2811 1186 terminat
2866 1134 2922 1185 et
2978 1125 3469 1196 circumscribit);
3511 1124 3641 1179 ideo

2003 1223 2180 1278 etiam
2211 1223 2269 1276 in
2301 1221 2643 1292 corporibus
2682 1221 2807 1291 jam
2847 1217 3196 1283 informatis,
3231 1233 3356 1287 qua
3391 1213 3641 1269 naturali

2005 1311 2228 1366 ratione
2256 1327 2358 1381 per
2387 1310 2578 1365 locum
2606 1313 2931 1372 moventur,
2964 1307 3021 1360 id
3053 1307 3208 1378 quod
3247 1303 3639 1372 continentur,

2004 1399 2140 1470 (tale
2190 1416 2400 1454 aumen
2447 1402 2536 1453 est
2587 1399 2739 1469 quod
2801 1396 3080 1469 gravitate
3127 1393 3432 1467 praeditum
3480 1396 3535 1447 et
3581 1390 3642 1444 in

2007 1489 2198 1543 medio
2230 1488 2410 1543 situm
2442 1490 2550 1554 est,
2585 1486 2691 1541 hoc
2727 1490 2815 1541 est
2847 1485 3020 1554 terra)
3052 1483 3307 1539 materiae
3357 1481 3642 1536 rationem

2007 1577 2264 1644 obtinet;
2316 1577 2469 1648 quod
2529 1580 2723 1631 autem
2785 1575 3042 1630 continet
3096 1572 3290 1644 (quale
3347 1575 3435 1627 est
3487 1570 3641 1642 quod

2006 1665 2236 1720 levitate
2268 1665 2574 1738 praeditum
2627 1669 2684 1720 et
2733 1664 2794 1718 in
2842 1661 3127 1734 superiori
3171 1661 3296 1716 loco
3349 1664 3456 1727 est,
3489 1659 3645 1731 ignis

2005 1754 2314 1825 videlicet),
2365 1755 2563 1809 formae
2636 1753 2759 1808 vice
2831 1752 2973 1808 obit.
3035 1753 3106 1806 Et
3165 1749 3643 1806 intermediorum

2008 1861 2140 1899 vero
2179 1844 2356 1899 etiam
2403 1858 2737 1914 corporum,
2768 1842 2876 1897 hoc
2920 1846 3027 1911 est,
3061 1841 3212 1896 aeris
3262 1843 3319 1895 et
3367 1855 3551 1910 aquae,
3586 1837 3645 1891 id

260 1927 319 1984 δὲ
346 1929 449 1992 τίς·
485 1928 630 1984 ἀλλά
656 1929 746 1984 καὶ
777 1930 858 2007 ἐφ’
887 1927 1078 1992 ὕδατος
1123 1929 1212 1984 καί
1250 1930 1407 2007 ἀέρος
1437 1934 1472 2000 ἡ
1509 1931 1602 2004 μὲν
1655 1933 1742 2008 ἀφ’
1772 1929 1899 1986 ὕδα-

436 2019 449 2036 ,
554 2018 595 2036 Ἰ
869 2014 900 2036 ρ
940 2018 959 2036 κ
990 2021 1002 2036 1
1134 2019 1153 2036 \
1204 2025 1224 2035 -ι
1259 2021 1272 2036 ὶ
1323 2020 1347 2036 ﬁ
1449 2023 1461 2036 ν
1515 2019 1534 2036 \
1557 2026 1583 2035 ευ
1721 2022 1730 2036 Ι

2015 1932 2246 2004 quidem
2277 1933 2432 2003 quod
2473 1932 2822 2002 continetur,
2854 1931 3008 2002 quod
3055 1933 3144 1985 est
3185 1946 3357 2000 aqua,
3393 1928 3646 1983 materies

259 2040 351 2080 τος
406 2019 481 2080 εἷς
543 2018 672 2092 ἀέρα
732 2014 1010 2092 μεταϐολὴ
1061 2019 1272 2075 καλοῖτ’
1321 2020 1381 2074 ἂν
1437 2019 1626 2083 ἁπλῶς
1676 2022 1900 2096 γένεσις,

260 2107 435 2184 φθορὰ
492 2105 550 2162 δὲ
599 2107 772 2177 τίςοὴ
830 2105 874 2162 δ’
932 2109 1022 2163 ἀπ’
1079 2109 1234 2184 ἀέρος
1283 2109 1360 2170 εἷς
1417 2107 1562 2183 ὕδωρ
1625 2105 1902 2182 μεταϐολὴ

259 2196 435 2274 φθορὰ
485 2197 578 2269 μὲν
623 2194 834 2269 ἁπλῶς,
878 2197 1080 2273 γένεσις
1122 2195 1179 2252 δὲ
1226 2197 1327 2258 τίς.
1378 2197 1450 2252 Οὐ
1506 2197 1666 2271 μόνον
1720 2196 1765 2252 δ’
1817 2199 1904 2253 ἐπὶ

257 2290 365 2340 τῶν
418 2285 614 2340 οὐσιῶν
684 2285 822 2340 ἐστιν
875 2288 909 2356 ὴ
962 2286 1222 2361 εἰρημένη
1285 2285 1564 2362 ἀναλογία,
1616 2286 1761 2343 ἀλλά
1815 2289 1903 2342 καὶ

261 2373 314 2429 έν
361 2380 492 2429 πᾶσι
538 2379 655 2436 τοῖς
703 2374 930 2450 γένεσιν.
967 2376 1051 2430 Ἐν
1101 2376 1194 2450 μὲν
1244 2380 1322 2448 τῷ
1369 2381 1521 2448 ποσῷ
1558 2377 1618 2430 τὸ
1654 2378 1788 2452 μέγα
1815 2376 1904 2431 καὶ

257 2463 320 2516 τὸ
367 2459 512 2517 πολὺ
557 2459 687 2517 εἷ’δει
732 2462 1002 2539 ἀναλογεῖ,
1032 2464 1094 2518 τὸ
1151 2464 1342 2540 μικρὸν
1394 2462 1452 2519 δὲ
1500 2467 1590 2519 καὶ
1629 2466 1690 2520 τὸ
1722 2464 1906 2540 ὀλίγον

260 2549 384 2625 ὕλῃ.
440 2551 538 2605 Καὶ
591 2555 627 2621 ἡ
689 2552 782 2625 μὲν
842 2549 1064 2623 αὔξησις
1127 2551 1334 2625 εἷ’δει,·λ
1398 2551 1456 2608 δὲ
1515 2553 1736 2628 μείωσις
1779 2554 1902 2628 ὕλῃ.

261 2640 356 2695 Διὸ
397 2641 486 2694 καὶ
533 2643 568 2710 ἡ
624 2642 717 2714 μὲν
764 2645 834 2716 τῇ
875 2643 1071 2718 γενέσει
1140 2641 1331 2715 ἔοικεν,
1381 2646 1415 2712 ἡ
1468 2640 1526 2698 δὲ
1588 2647 1657 2717 τῇ
1712 2645 1902 2722 φθορᾷ.

262 2730 348 2784 Ἐν
401 2726 457 2783 δὲ
501 2734 580 2802 τῷ
626 2735 770 2802 ποιῷ
814 2731 877 2785 τὸ
932 2731 1025 2804 μὲν
1067 2729 1258 2786 λευκὸν
1305 2731 1394 2786 καὶ
1440 2733 1502 2787 τὸ
1546 2733 1742 2805 θερμὸν
1777 2729 1905 2787 εἴδει

263 2817 536 2892 ἀναλογεῖ,
570 2817 634 2872 τὸ
683 2815 741 2873 δὲ
794 2816 962 2891 μέλαν
999 2819 1088 2873 καὶ
1118 2820 1181 2874 τὸ
1211 2819 1422 2896 ψυχρὸν
1454 2818 1577 2893 ὕλῃ.
1611 2822 1760 2875 Ὅθεν
1817 2820 1906 2874 καὶ

263 2903 548 2968 λεύκανσις
616 2907 706 2961 καὶ
765 2906 1053 2983 θέρμανσις
1120 2908 1353 2983 γενέσεις
1405 2908 1531 2979 εἶεν,
1584 2908 1666 2979 ἂν,
1716 2909 1907 2988 φθοραὶ

264 2991 322 3048 δὲ
369 2994 624 3066 μέλανσίς
688 3016 747 3049 τε
806 2995 896 3049 καὶ
942 2994 1264 3072 ψύχρσνσις.
1314 2994 1494 3058 ’Ὀλως
1541 2996 1644 3072 γὰρ
1693 2996 1744 3050 ἐν
1793 3003 1910 3058 ταῖς

261 3083 555 3147 ἀντιθέσεσι
609 3084 677 3138 τὰ
731 3083 958 3160 κρείττω
1028 3086 1120 3158 μὲν
1179 3086 1252 3148 ὡς
1334 3083 1462 3140 εἷ’δει
1540 3085 1912 3161 ἀναλογοῦντα

265 3165 622 3244 λαμϐάνεται,
656 3172 732 3234 ὡς
763 3170 868 3247 ὕλῃ
901 3170 958 3228 δὲ
984 3173 1075 3228 καὶ
1104 3176 1350 3250 στερήσει
1393 3175 1461 3228 τὰ
1503 3172 1907 3252 καταδεέστερα.

263 3260 358 3314 Διὸ
404 3259 493 3315 καὶ
539 3260 742 3315 καθόλο
868 3267 896 3278 ”
1017 3259 1042 3280 “
1085 3261 1094 3280 '
1369 3262 1387 3296 έ
1605 3263 1614 3276 ’

440 3299 444 3303 ›
749 3283 778 3315 υ
825 3283 968 3316 πασα
1014 3279 1280 3338 οιακρισις
1329 3284 1534 3337 γένεσις
1583 3261 1730 3325 ὁλως
1777 3262 1912 3334 κλη-

2013 2021 2298 2076 rationem
2330 2022 2506 2077 habet
2534 2021 2606 2076 ad
2636 2035 2830 2076 aerem
2852 2019 3246 2074 continentem
3277 2035 3291 2072 :
3325 2034 3423 2072 aer
3452 2021 3646 2071 autem

2012 2112 2210 2165 formae
2242 2111 2528 2166 rationem
2559 2110 2630 2165 ad
2663 2125 2879 2180 aquam
2910 2125 3036 2180 quae
3059 2107 3391 2162 continetur
3411 2105 3646 2177 abipso.

2013 2200 2372 2270 Quapropter
2399 2216 2513 2254 non
2551 2203 2782 2253 tantum
2831 2198 2984 2253 circa
3025 2202 3241 2252 terram
3288 2199 3346 2250 et
3391 2195 3586 2267 ignem
3619 2211 3654 2248 a

2014 2290 2171 2342 terra
2199 2286 2257 2340 in
2283 2286 2480 2358 ignem
2529 2285 2796 2348 mutatio,
2827 2283 3171 2356 simpliciter
3213 2281 3508 2357 generatio
3538 2280 3653 2336 dici

2014 2379 2223 2447 potest,
2251 2374 2545 2447 corruptio
2603 2378 2798 2430 autem
2855 2374 3121 2446 quaedam
3164 2389 3177 2427 :
3239 2377 3296 2427 et
3350 2374 3550 2427 contra
3580 2371 3652 2426 ab

2014 2465 2134 2536 igni
2191 2464 2249 2518 in
2307 2469 2522 2520 terram
2579 2463 2894 2535 [mutatio],
2949 2461 3295 2534 simpliciter
3335 2462 3651 2532 corruptio,

2018 2554 2312 2625 generatio
2343 2558 2536 2609 autem
2570 2553 2836 2625 quaedam
2871 2570 2883 2607 :
2917 2553 3018 2607 sed
3067 2556 3125 2606 et
3171 2551 3324 2607 circa
3353 2566 3566 2622 aquam
3597 2552 3656 2605 et

2019 2659 2210 2698 aerem
2243 2642 2488 2698 mutatio
2519 2643 2756 2714 quidem
2787 2643 2858 2697 ab
2890 2659 3042 2713 aqua
3079 2641 3136 2695 in
3170 2657 3381 2706 aerem,
3413 2654 3651 2711 genera-

2015 2732 2094 2788 tio
2128 2731 2372 2804 simplex
2402 2731 2512 2788 dici
2546 2736 2754 2804 potest,
2796 2730 3090 2803 corruptio
3121 2735 3316 2785 autem
3351 2729 3650 2802 quaedam;

2017 2826 2073 2876 et
2128 2826 2329 2876 contra
2385 2822 2457 2875 ab
2516 2838 2646 2876 aere
2693 2821 2751 2875 in
2802 2836 3015 2892 aquam
3061 2819 3326 2888 mutatio,
3358 2817 3654 2889 corruptio

2018 2911 2254 2982 quidem
2287 2911 2386 2966 86
2418 2909 2781 2981 simpliciter,
2806 2908 3100 2981 generatio
3133 2912 3328 2963 autem
3359 2907 3650 2978 quaedam.

2017 3001 2140 3055 Non
2174 3004 2368 3054 autem
2416 2999 2475 3053 in
2523 2995 2890 3054 substantiis'
2919 2999 3220 3067 duntaxat,
3253 2997 3353 3052 sed
3385 2996 3562 3052 etiam
3593 2995 3652 3049 in

2018 3089 2293 3144 omnibus
2350 3086 2662 3161 generibus
2719 3087 2874 3142 dicta
2931 3085 3194 3156 analogia
3237 3085 3544 3156 reperitur.
3595 3085 3658 3139 In

2019 3177 2348 3249 quantitate
2388 3177 2624 3248 quidem
2676 3191 2958 3247 magnum
3016 3178 3072 3230 et
3129 3173 3383 3229 multum
3439 3173 3659 3241 formae,

2022 3283 2266 3337 parvum
2298 3271 2354 3320 et
2383 3282 2636 3337 pancum
2669 3265 2924 3320 materiae
2951 3289 2964 3331 ;
2996 3268 3054 3318 et
3081 3263 3479 3336 augmentatio
3521 3261 3662 3316 item

263 3348 382 3418 θείη
415 3349 496 3419 ἂν,
529 3351 702 3427 φθορά
741 3347 799 3404 δὲ
840 3350 1148 3405 τούναντίον
1191 3354 1226 3421 ἡ
1279 3351 1579 3428 σύγκρισις,
1611 3351 1693 3406 ὅτι
1741 3359 1902 3430 κρεῖτ·

2027 3357 2245 3422 formaa,
2278 3353 2590 3410 diminutio
2618 3353 2871 3409 materiae
2912 3353 3283 3425 proportione
3327 3351 3660 3422 respondet.

261 3456 354 3490 τον
401 3437 436 3504 ἡ
484 3434 748 3513 διάκρισις
802 3437 951 3492 δοκεῖ
993 3441 1091 3507 τῆς
1141 3439 1491 3514 συγκρίσεως.
1542 3441 1612 3494 Τὸ
1670 3447 1912 3516 κρεῖττον

264 3521 432 3578 δὲκαὶ
466 3523 529 3579 τὸ
559 3531 746 3602 χεῖρον
790 3525 841 3579 έν
889 3532 1017 3581 πᾶσι
1068 3529 1347 3604 θεωρεῖται
1395 3534 1510 3590 τοῖς
1559 3527 1727 3586 οὖσιν.
1761 3529 1913 3584 Οὕτω

261 3614 392 3687 (τοι)
437 3615 527 3668 καὶ
583 3614 939 3691 Πυθαγόρειοι
973 3616 1292 3692 συστοιχίας
1341 3619 1487 3680 τινάς
1537 3618 1910 3691 ἀντικειμένας

263 3701 475 3778 ἐξεῦρον
537 3699 664 3758 δέκα
717 3705 810 3758 τὸν
867 3705 1122 3780 ἀριθμὸν,
1159 3705 1334 3782 ὑφ’δις
1369 3706 1548 3783 ὥσπερ
1611 3707 1688 3770 εἷς
1739 3709 1912 3784 ἀρχὰς

259 3791 329 3846 τὰ
357 3788 484 3846 ὅντα
517 3793 734 3866 (πάντα)
765 3793 1074 3869 συνάγουσι.

2025 3446 2095 3500 Et
2124 3444 2366 3516 proinde
2396 3443 2496 3498 illa
2524 3443 2906 3516 generationi,
2939 3442 3059 3496 haec
3106 3441 3465 3512 corruptioni
3497 3439 3661 3495 simi-

2023 3533 2096 3588 lis
2127 3538 2233 3589 est.
2271 3533 2329 3587 [n
2361 3532 2642 3603 qualitate
2671 3547 2808 3587 vero
2839 3530 3038 3586 album
3070 3535 3126 3585 et
3153 3529 3408 3584 calidum
3442 3529 3660 3594 formae,

2023 3622 2257 3693 nigrum
2290 3626 2348 3676 et
2369 3621 2646 3693 frigidum
2667 3619 2924 3675 materiae
2955 3618 3454 3691 respondet.Unde
3485 3617 3662 3673 etiam

2022 3710 2306 3766 dealbatio
2375 3715 2430 3765 et
2505 3709 2802 3765 calefactio
2854 3707 3278 3781 generationes,
3337 3706 3662 3779 denigratio

2021 3803 2078 3855 et
2107 3799 2466 3871 refrigeratio
2496 3798 2898 3870 corruptiones
2946 3801 3106 3853 sunt.
3137 3798 3283 3852 Nam
3331 3797 3572 3851 omnino
3603 3795 3664 3850 in

263 3882 728 3954 oppositionibus
757 3885 1181 3956 praestantiora,
1213 3891 1278 3942 ut
1310 3887 1527 3954 formae,
1550 3887 1754 3943 viliora
1782 3892 2000 3953 autem,
2025 3894 2088 3944 ut
2119 3889 2372 3943 materiae
2402 3893 2460 3943 et
2493 3887 2798 3959 privationi
2830 3885 3246 3958 respondentia
3277 3884 3664 3957 accipiuntur,

265 3973 633 4044 Quapropter
690 3973 864 4029 etiam
892 3975 951 4028 in
980 3976 1318 4031 universum
1350 3977 1542 4032 omnis
1572 3977 1834 4047 secretio,
1867 3977 2104 4033 omnino
2157 3978 2450 4048 generatio
2479 3995 2493 4045 ;
2545 3977 2834 4033 concretio
2885 3981 3106 4043 contra,
3138 3975 3431 4046 corruptio
3477 3973 3668 4029 vocari

263 4064 460 4130 queat,
493 4067 803 4133 propterea
849 4063 1000 4134 quod
1035 4063 1276 4120 secretio
1308 4065 1659 4121 concretioni
1691 4066 2032 4122 antecellere
2061 4067 2308 4121 videtur.
2334 4066 2540 4121 Melius
2566 4082 2735 4138 porro
2783 4070 2840 4121 et
2860 4067 3029 4137 pejus
3051 4065 3109 4121 in
3133 4064 3407 4120 omnibus
3428 4063 3664 4118 entibus

262 4149 687 4206 consideratur.
721 4151 814 4207 Sic
844 4152 1020 4208 etiam
1052 4153 1395 4226 Pythagorei
1426 4155 1725 4226 oppositas
1755 4159 2044 4228 quasdam
2075 4158 2517 4228 conjugationes
2549 4172 2792 4211 numero
2815 4157 3012 4211 decem
3037 4155 3383 4210 invenerunt
3412 4153 3482 4208 ad
3515 4168 3664 4224 quas

266 4241 548 4310 tanquam
578 4239 649 4295 ad
677 4240 990 4312 principia,
1022 4242 1221 4298 omnia
1248 4243 1407 4298 entia
1436 4243 1740 4316 colligunt.

265 4344 364 4397 Καὶ
393 4345 428 4413 ἡ
466 4343 572 4435 μὲν,
597 4344 854 4435 κρείττων
876 4351 1014 4435 ’μοῖ-

1256 4347 1598 4422 ἀντικειμένη
1709 4349 1909 4426 χείρων

339 4434 406 4504 ρει
442 4414 572 4491 παρ’
628 4414 812 4478 αὐτοῖς
873 4414 1013 4473 ἔστιν
1090 4414 1248 4488 αὕτη·
1466 4414 1476 4422 ’
1587 4414 1598 4419 ⁷
1661 4459 1663 4461 ι

2022 4352 2118 4407 87
2153 4353 2230 4406 Ac
2262 4352 2624 4423 praestentior
2669 4351 2797 4423 qui-
2872 4350 3390 4423 Opposita7autem
3413 4364 3480 4402 ac
3509 4348 3667 4403 dete-

2093 4425 2226 4495 dem
2257 4420 2411 4494 apud
2457 4425 2618 4494 ipsos
2657 4420 2792 4495 pars
2920 4420 2937 4423 “
2961 4420 3090 4477 rior
3119 4439 3254 4493 pars
3293 4420 3413 4475 hac
3444 4425 3532 4475 est

338 4485 533 4556 αὕτηο’
1214 4485 1222 4488 ’

2093 4494 2215 4550 Ι]ωο
2245 4485 2353 4550 est.

266 4593 521 4667 ’Δγαθὸν,
1087 4596 1286 4665 Κακὸν,

2023 4605 2272 4657 Bonum.
2880 4600 3124 4655 Malum.

266 4681 462 4756 Πέρας,
1092 4685 1372 4759 Ἀπειρον,

2026 4690 2206 4746 Finis.
2884 4689 3207 4745 Inﬁnitum.

261 4774 372 4846 Περ
382 4771 542 4843 ιττὸν,
1095 4773 1162 4828 ’Δ
1169 4793 1230 4848 ρτ
1239 4794 1316 4828 ιον
1328 4818 1343 4844 ,

2022 4779 2237 4850 Impar.
2880 4783 3012 4834 Par.

261 4860 380 4932 Ἕν,
1095 4861 1340 4934 Πλῆθος,

2017 4868 2232 4924 Unum.
2877 4866 3213 4922 Multitudo.

264 4947 463 5020 Δεξιὸν,
1101 4951 1432 5026 Ἀριστερὸν,

2018 4956 2318 5012 Dextrum.
2873 4954 3212 5010 Sinistrum.

267 5041 416 5109 Φῶς,
1100 5040 1322 5113 Σκότος,

2021 5047 2268 5100 Lumen.
2873 5043 3168 5099 Tenebrae.

261 5125 485 5202 νΑῤῥεν,
1095 5128 1272 5199 Θῆλυ,

2021 5133 2338 5190 Masculus.
2875 5131 3136 5188 Femina.

265 5216 556 5291 Ἥρεμοῦν,
1095 5218 1257 5274 Κινού
1266 5239 1448 5292 μενον,

2021 5223 2360 5287 Quiescens.
2883 5222 3128 5278 Motum.

262 5303 432 5376 Εὐθὺ,
1093 5307 1412 5382 Καμπύλον,

2025 5313 2265 5368 Rectum
2277 5355 2289 5367 .
2880 5311 3154 5368 Curvum.

259 5393 632 5470 Τετράγωνον,
1091 5397 1473 5472 Ἐτερόμηκες.

2021 5401 2403 5464 Quadratum.
2889 5401 3084 5456 Altera
3114 5405 3276 5474 parte
3304 5401 3557 5474 longius.

334 5502 397 5563 ς’.
429 5503 590 5556 ’Ὀταν
622 5501 715 5574 μὶν
758 5499 848 5557 οῦν
899 5501 950 5573 ἐξ
997 5501 1182 5574 ἄλλης
1232 5503 1417 5567 οὐσιας
1468 5505 1545 5567 εἷς
1590 5504 1768 5574 ἄλλην
1817 5505 1915 5560 οὗ-

262 5589 378 5644 σίαν
422 5585 711 5664 μετάϐασις
750 5589 988 5666 γίνηται,
1019 5593 1056 5662 ἢ
1105 5591 1156 5664 ἐξ
1200 5591 1405 5666 ἁπλῆς,
1446 5595 1523 5657 ὡς
1564 5593 1624 5649 ἐκ
1669 5596 1912 5670 σπέρμα-

332 5769 352 5803 ⁷
383 5768 410 5822 1
445 5767 766 5842 Metaphys.
799 5784 851 5824 e.
882 5768 941 5826 5.

2092 5510 2147 5562 6.
2180 5511 2324 5563 Cum
2355 5507 2536 5579 igitur
2563 5523 2630 5561 ex
2661 5505 2776 5562 alia
2813 5508 3147 5563 substantia
3193 5509 3251 5562 in
3303 5508 3477 5564 aliam
3524 5509 3664 5564 sub-

2024 5595 2300 5653 stantiam
2357 5596 2422 5651 ﬁt
2475 5595 2780 5669 transitus,
2813 5601 2915 5653 aut
2969 5614 3037 5653 ex
3095 5597 3459 5670 imperfecta,
3486 5600 3550 5654 ut
3595 5613 3665 5653 ex
