4024 6476
435 386 595 450 1087

1680 383 2101 450 NIGEPHORI
2145 383 2585 446 BLEMMIDE

3686 385 3823 446 {-088

434 522 657 578 semine
687 519 903 577 animal
930 537 943 589 ;
981 523 1082 576 aut
1127 537 1195 577 ex
1241 521 1514 593 perfecta,
1546 524 1612 576 ut
1639 537 1707 576 ex
1739 536 1892 591 aqua
1921 536 2020 574 aer
2051 535 2061 571 :

2182 535 2274 576 τος
2345 519 2506 593 ζῶον,
2554 517 2590 583 ἢ
2641 516 2699 570 ἐκ
2759 514 2989 584 τελείας,
3039 515 3114 578 ὡς
3182 514 3234 585 ἐξ
3278 511 3466 578 ὕδατος
3535 515 3672 591 ἀὴρ,
3719 516 3822 571 τότε

436 615 562 666 tum
614 609 910 682 generatio
958 613 1048 664 est
1092 610 1456 682 simpliciter.
1489 611 1633 666 Cum
1682 614 1875 664 autem
1922 610 2074 664 circa

433 699 668 770 aliquod
702 699 889 754 forma
917 699 1224 771 praditum
1256 700 1322 754 fit
1352 699 1598 754 mutatio
1631 699 1853 754 ratione
1881 699 2074 769 cujus-

432 789 567 844 dam
619 787 936 843 accidentis
981 789 1134 860 quod
1187 788 1246 842 in
1292 789 1420 860 ipso
1471 792 1580 855 est,
1608 788 1786 843 veluti
1837 788 2071 859 quando

427 893 580 948 aqua
608 876 823 942 oaleﬁt,
854 882 918 932 ut
947 895 981 932 a
1009 877 1236 948 liquida
1265 882 1475 933 natura
1506 895 1614 933 sua
1661 894 1777 932 non
1821 877 2069 946 deﬁciat,

423 969 564 1021 tunc
595 966 864 1036 quaedam
891 965 1149 1038 quidem,
1185 965 1354 1020 calidi
1387 965 1687 1036 nimirum,
1719 972 1808 1021 est
1837 981 2072 1036 genera-

424 1055 528 1123 tio,
571 1058 748 1110 totem
801 1059 994 1109 autem
1049 1055 1317 1110 alteratio
1365 1060 1473 1110 est.
1526 1056 1672 1110 Nam
1727 1054 2072 1126 simpliciter

421 1143 718 1216 generatio
739 1145 780 1210 3,
832 1143 1014 1213 aliud,
1065 1143 1330 1200 alteratio
1378 1148 1596 1212 autem,
1638 1143 1919 1216 qualitate
1968 1143 2068 1198 88

420 1231 692 1286 differens
723 1231 926 1288 efﬁcit.
959 1235 1032 1288 At
1063 1249 1200 1288 cum
1224 1233 1293 1288 ad
1318 1232 1569 1304 speciem
1592 1232 1851 1304 aliquam
1877 1232 2069 1288 simile

423 1319 644 1392 aliquid
690 1336 758 1376 ex
807 1320 1083 1375 dissimili
1133 1338 1235 1392 per
1284 1319 1687 1377 alterationem
1735 1321 2066 1393 apponitur,

425 1414 599 1481 atque
629 1409 767 1464 hinc
797 1410 869 1465 ad
901 1426 1160 1465 massam
1188 1414 1245 1465 et
1273 1411 1687 1481 quantitatem,
1719 1427 1847 1481 quae
1891 1416 1978 1465 est
2009 1411 2068 1465 in

422 1515 682 1571 corpore,
705 1499 768 1553 ﬁt
799 1499 1075 1569 accessio,
1100 1499 1398 1572 generatio
1421 1500 1655 1571 quidem
1681 1504 1772 1555 est
1801 1501 2066 1570 quaedam

420 1588 598 1643 etiam
631 1587 762 1655 hoc,
790 1591 980 1643 totum
1012 1592 1206 1643 autem
1240 1588 1657 1659 augmentatio.

489 1679 544 1732 7.
578 1677 769 1732 Veluti
810 1693 945 1732 cum
993 1676 1170 1749 lignis
1222 1676 1340 1750 igni
1394 1677 1677 1749 appositis
1722 1682 1778 1732 et
1806 1677 2068 1732 accensis

421 1765 669 1820 ﬂammae
703 1766 770 1819 ﬁt
807 1765 1254 1820 incrementum.
1286 1766 1526 1828 Quando
1557 1770 1755 1821 autem
1788 1782 1854 1820 ex
1885 1765 2067 1837 ligno-

2181 602 2386 676 γένεσίς
2420 602 2558 659 ἐστιν
2591 602 2806 666 ἁπλῶς·
2835 604 2960 658 ὅταν
2991 602 3047 659 δὲ
3099 605 3311 680 γίνηται
3349 604 3469 680 περί
3521 627 3580 659 τι
3631 602 3820 660 53:30:5-

2183 693 2483 766 ποιημένον
2548 688 2849 765 μεταϐολή,
2907 693 3042 748 κατά
3089 716 3144 748 τι
3212 698 3316 748 τῶν
3395 688 3818 766 συμϐεϐηκότων

2183 781 2347 854 αὐτῷ’
2383 784 2495 836 οἷον
2529 781 2652 836 ὅταν
2698 784 2760 837 τὸ
2809 781 2954 858 ὕδωρ
3003 784 3355 859 θερμαίνηται
3406 790 3510 852 τῆς
3571 781 3824 857 ὑδατηρᾶς

2186 872 2262 943 μὴ
2322 871 2660 944 ἐξιστάμενον
2719 871 2948 949 φύσεως,
2977 872 3100 927 τότε
3141 894 3225 934 τις
3291 873 3383 945 μὲν
3445 869 3564 927 ἔστι
3612 872 3822 946 γένεσις³

2179 965 2277 1015 τοῦ
2337 963 2542 1036 θερμοῦ
2601 958 2880 1031 δηλονότι,
2910 962 2972 1015 τὸ
3026 959 3073 1014 δ’
3103 960 3232 1016 ὅλον
3285 959 3614 1022 ἀλλοίωσις.
3651 963 3713 1015 Ἣ

2179 1052 2283 1124 γάρ
2311 1050 2504 1111 ἁπλῶς
2532 1049 2736 1124 γένεσις
2785 1048 2926 1105 ἄλλο
2963 1055 3130 1121 ποιεῖ,
3165 1048 3391 1106 ἀλλοῖον
3424 1048 3481 1104 δὲ
3513 1054 3553 1118 ἡ
3591 1050 3826 1105 ἀλλοίω-

2180 1160 2284 1200 σις.
2318 1142 2478 1193 Ὅταν
2513 1137 2568 1194 δέ
2598 1160 2703 1192 τινι
2745 1143 2852 1193 τῶν
2903 1137 3059 1194 εἰδῶν
3102 1138 3298 1212 ὁμοίου
3353 1139 3498 1201 τινὸς
3550 1139 3825 1214 πρόσθεσις

2178 1227 2230 1298 ἐξ
2278 1228 2536 1300 ἀνομοίου
2584 1228 2802 1303 γένηται
2857 1225 2928 1282 δι’
2967 1226 3343 1298 ἀλλοιώσεως,
3387 1229 3683 1283 κάντεῦθεν
3728 1228 3823 1282 ἐπί-

2179 1315 2326 1379 δοσις
2357 1321 2453 1371 τοῦ
2485 1313 2646 1392 ὄγκου
2690 1317 2781 1371 καὶ
2827 1321 2924 1370 τοῦ
2961 1321 3133 1371 ποσοῦ
3160 1321 3258 1371 τοῦ
3301 1317 3352 1371 ἐν
3411 1317 3660 1390 σώματι,
3692 1317 3820 1391 γένε-

2177 1428 2260 1468 σις
2314 1406 2406 1478 μέν
2446 1406 2531 1468 τίς
2579 1405 2808 1460 ἐστικαὶ
2857 1404 2917 1460 τὰ
2947 1410 3216 1475 τοιοῦτον,
3246 1406 3308 1460 τὸ
3358 1403 3416 1460 δὲ
3462 1406 3693 1479 σύμπαν
3738 1403 3824 1459 αὗ-

2179 1497 2348 1567 ξησις.

2250 1675 2308 1742 ζ’.
2365 1676 2490 1728 Οἷον
2547 1673 2674 1727 ὅταν
2718 1677 2796 1743 τῷ
2847 1673 2975 1745 πυρὶ
3033 1670 3207 1742 ξύλων
3263 1673 3683 1747 προστεθέντων
3745 1673 3820 1726 καὶ

2177 1760 2505 1839 ἐξαφθέντων
2567 1759 2807 1822 ἐπίδοσις
2864 1760 3084 1836 γένηται
3139 1769 3240 1830 τῆς
3295 1760 3527 1838 φλογός.
3563 1764 3729 1816 ’Ὸταν
3782 1759 3821 1814 δ’

438 1871 569 1908 rum
596 1859 696 1909 aut
721 1853 970 1909 aliorum
1002 1870 1311 1926 corporum
1345 1853 1812 1926 attritioneignis
1836 1855 2061 1909 exstite-

2177 1851 2283 1904 ἀπὸ
2307 1850 2685 1926 παρατρίψεως
2716 1848 2890 1920 ξύλων
2922 1851 2958 1918 ἢ
3003 1847 3212 1904 λοιπῶν
3271 1851 3543 1923 σωμάτων
3609 1849 3818 1924 γένηται

2217 1944 2242 1952 ..
2372 1941 2384 1952 .
2573 1944 2597 1952 -
2797 1938 2810 1952 .
2948 1935 3002 1952 ν.
3305 1940 3318 1952 .
3428 1938 3515 1952 ,η
3544 1940 3559 1952 ι
3685 1939 3694 1952 .
3785 1938 3795 1952 .

417 1943 512 2010 rit,
536 1942 649 1998 tale
681 1942 823 2014 quid
854 1959 970 1997 non
1023 1942 1179 2013 ignis
1227 1943 1646 2015 augmentatio,
1680 1944 1781 1997 sed
1832 1947 2063 1998 tantum

417 2031 712 2103 generatio
743 2034 849 2086 est.
883 2031 1126 2094 Quando
1156 2031 1408 2102 denique
1440 2031 1595 2103 ignis
1625 2031 1743 2103 igni
1793 2032 2063 2103 adjungi-

418 2123 535 2185 tur,
569 2117 824 2174 accessio
853 2119 1008 2191 ignis
1051 2123 1281 2174 tantum
1330 2125 1586 2175 vocatur.
1624 2125 1812 2192 Atque
1858 2121 2061 2176 eodem

420 2209 594 2262 modo
627 2225 718 2262 res
748 2208 803 2262 in
834 2207 964 2262 aliis
994 2207 1331 2264 inanimatis
1375 2209 1716 2280 corporibus
1759 2226 1822 2265 se
1871 2211 2060 2266 habet.

419 2298 529 2352 Sed
559 2297 619 2350 in
651 2296 929 2352 animatis
961 2297 1032 2352 ad
1065 2297 1337 2352 eumdem
1378 2299 1617 2353 modum
1665 2299 1729 2352 fit
1778 2315 2062 2371 augmen-

413 2386 557 2441 tatio
583 2385 907 2442 assimilato
938 2385 1219 2440 nimirum
1253 2387 1612 2443 nutrimento
1643 2404 1747 2459 per
1777 2388 2064 2444 alteratri-

419 2491 544 2530 cem
575 2473 914 2531 facultatem
946 2465 1185 2546 ei'quod
1217 2475 1494 2544 nutritur,
1519 2481 1576 2531 et
1603 2476 1791 2532 eidem
1825 2478 2062 2550 apposi-

414 2567 494 2632 to,
529 2566 705 2636 atque
752 2563 886 2619 hinc
933 2564 1256 2619 secundum
1310 2565 1745 2636 proportionem
1779 2567 2060 2623 membris

413 2650 672 2721 corporis
725 2649 999 2705 omnibus
1049 2653 1561 2708 accrescentibus:
1615 2658 1682 2708 ut
1729 2654 2062 2710 substantia

415 2755 546 2811 quae
565 2740 907 2812 adjungitur
926 2744 1120 2795 totum
1142 2741 1384 2796 omnino
1403 2758 1614 2812 corpus
1637 2759 1750 2797 non
1774 2748 2055 2815 penetret,

414 2829 516 2883 sed
567 2827 818 2899 priorem
869 2829 1196 2900 protrudat,
1225 2829 1442 2902 illaque
1487 2831 1748 2888 vicissim
1780 2832 2058 2904 priorem,

415 2924 589 2988 atque
619 2916 700 2972 ita
727 2920 849 2973 tota
879 2920 1068 2990 major
1099 2919 1220 2987 ﬁat,
1251 2923 1310 2974 et
1355 2920 1679 2976 secundum
1731 2921 2056 2993 proportio-

416 3022 551 3062 nem
581 3010 769 3061 totum
800 3023 1013 3078 corpus
1044 3011 1364 3075 accrescat;
1398 3009 1896 3080 quemadmodum
1926 3025 2060 3065 con-

415 3100 506 3150 tra
536 3095 594 3150 in
627 3111 864 3167 corpore
894 3097 1050 3168 quod
1081 3097 1386 3165 minuitur,
1420 3103 1478 3152 et
1527 3102 1790 3170 rugatur,
1823 3098 2057 3171 propin-

415 3183 549 3256 quis
602 3185 872 3257 partibus
929 3185 1028 3240 89
1088 3187 1381 3242 evacuatis
1440 3187 1778 3244 universum
1845 3205 2058 3259 corpus

416 3273 867 3329 diminutionem
890 3275 1068 3342 subit,
1089 3276 1716 3348 pertranspositionem
1739 3278 2056 3349 quamdam

415 3368 474 3418 et
541 3363 1019 3420 retrocessionem
1104 3364 1492 3422 diminutione
1566 3365 1807 3436 indique
1883 3367 2054 3422 facta.

414 3455 593 3506 Porro
623 3455 818 3508 autem
851 3468 956 3508 nec
987 3454 1140 3525 quod
1173 3454 1360 3509 efﬂuit
1389 3459 1445 3510 et
1484 3453 1751 3524 discedit,
1783 3455 2055 3523 diminui,

414 3556 519 3596 nec
574 3542 729 3610 quod
777 3542 1140 3614 adjungitur,
1174 3543 1372 3615 augeri
1403 3543 1617 3599 dicitur
1650 3563 1662 3611 ;
1717 3546 1951 3601 tametsi
1981 3545 2057 3600 il-

412 3629 513 3684 lud
564 3645 666 3700 per
711 3630 1126 3687 detractionem
1173 3634 1391 3702 minus,
1424 3632 1533 3689 hoc
1580 3651 1685 3705 per
1729 3635 2057 3705 adjunctio-

411 3734 546 3773 nem
605 3720 797 3789 majus
858 3721 980 3775 ﬁeri
1042 3721 1290 3776 videtur.
1369 3723 1514 3777 Nam
1591 3724 1745 3794 quod
1850 3725 2059 3780 minui-

407 3810 503 3860 tur
577 3811 634 3861 et
707 3812 956 3878 augetur
1030 3825 1336 3866 remanere
1409 3816 1694 3884 opportet,
1773 3816 1838 3866 ut
1911 3813 2057 3868 illud

409 3895 648 3967 quidem
701 3896 1153 3952 diminutionem
1202 3899 1514 3967 sustineat,
1554 3900 1662 3956 hoc
1713 3907 2056 3974 augmenta-

409 3984 630 4040 tionem
662 3984 963 4055 suscipiat.
997 3989 1066 4040 Et
1095 3986 1228 4042 licet
1273 3987 1587 4060 aliquando
1629 3991 2054 4046 nutrimentum

413 4072 475 4128 in
507 4074 713 4128 ﬂatum
739 4077 1016 4142 mutetur,
1041 4091 1157 4130 non
1180 4079 1375 4132 tamen
1398 4082 1665 4150 augetur.
1684 4079 1831 4134 Nam
1864 4083 2058 4135 muta-

418 4162 502 4217 tio
532 4161 738 4217 ﬂatum
769 4165 858 4218 est
905 4163 1196 4235 corruptio
1252 4164 1434 4237 illius,
1467 4183 1582 4222 non
1637 4167 2055 4240 augmentatio.

417 4251 488 4306 Et
517 4250 626 4306 hoc
655 4252 892 4307 nomine
923 4254 1320 4325 augmentatio
1349 4255 1421 4310 ab
1452 4254 1792 4311 alteratione
1828 4257 2060 4313 differre

418 4343 613 4411 queat,
649 4341 802 4412 quod
833 4339 1090 4397 alterans
1119 4341 1416 4398 interdum
1445 4343 1711 4400 vicissim
1760 4345 2057 4414 alteratur,

419 4429 916 4500 quemadmodum
935 4447 1041 4486 nos
1064 4431 1412 4488 vestimenta
1430 4449 1557 4504 quae
1579 4433 1789 4505 frigida
1809 4441 1944 4490 sunt
1969 4452 2058 4489 ca-

415 4517 743 4586 lefacimus,
759 4518 1082 4575 etvicissim
1105 4520 1177 4576 ab
1197 4520 1342 4592 ipsis
1363 4521 1610 4576 calorem
1634 4524 2058 4593 contrahimus;

2175 1944 2303 2011 πῦρ,
2333 1941 2395 1993 τὸ
2449 1944 2694 1994 τοιοῦτον
2755 1938 2854 1993 οὐκ
2911 1935 3130 2008 αὔξησις
3187 1940 3378 2014 πυρὸς,
3417 1938 3572 1994 ἀλλά
3629 1938 3816 2013 γένεσίς

2173 2028 2329 2102 (ἐστι)
2389 2024 2567 2101 μόνον.
2610 2031 2770 2082 Ὅταν
2819 2025 2876 2082 δὲ
2918 2031 3026 2103 πῦρ
3072 2028 3201 2102 πυρὶ
3252 2027 3610 2102 προστεθείη,
3666 2048 3816 2103 προσ-

2175 2121 2316 2189 θήκη
2379 2117 2539 2190 μόνον
2595 2114 2844 2170 καλεῖται
2898 2115 3088 2190 πυρός.
3121 2114 3393 2177 Ὡσαύτως
3455 2112 3504 2169 δ’
3547 2113 3669 2190 ἔχει
3701 2114 3814 2168 κάπὶ

2170 2212 2276 2260 τῶν
2323 2205 2507 2260 ἄλλων
2565 2204 2791 2280 ἀψύχων
2853 2205 3142 2276 σωμάτων.
3195 2203 3372 2259 Ἀλλὰ
3410 2201 3478 2272 δὴ
3529 2203 3671 2258 κάπὶ
3722 2207 3814 2255 τῶν

2175 2295 2442 2370 ἐμψύχων
2503 2295 2674 2355 οὕτως
2715 2293 2936 2363 αὔξησις
2992 2292 3216 2367 γίνεται,
3272 2300 3372 2362 τῆς
3439 2300 3656 2371 τροφῆς
3715 2292 3812 2363 ἐξο-

2176 2386 2513 2458 μοιουμένης
2548 2381 2806 2453 δηλονότι
2839 2388 2918 2454 τῷ
2946 2383 3264 2460 τρεφομένῳ
3308 2379 3396 2435 διά
3424 2390 3528 2452 τῆς
3576 2383 3630 2436 έν
3681 2383 3809 2449 αὐτῷ

2173 2473 2541 2541 ἀλλοιωτικῆς
2621 2471 2902 2545 δυνάμεως
2978 2471 3067 2526 καὶ
3145 2471 3580 2547 προστιθεμένης
3659 2470 3806 2539 αὐτῷτ

2170 2564 2447 2618 κάντεῦθεν
2488 2567 2595 2616 τῶν
2641 2560 2906 2633 σωμάτων
2958 2557 3308 2629 έπιδιὸούσης
3363 2561 3482 2613 κατ’
3532 2559 3806 2634 ἀναλογίαν

2171 2652 2459 2722 ὁλότητος,
2489 2658 2590 2720 τῆς
2625 2652 2718 2723 μὲν
2746 2649 3173 2724 προστιθεμένης
3207 2648 3392 2710 οὐσίας
3445 2651 3525 2720 μή
3578 2647 3806 2716 διιούσης

2171 2739 2361 2796 διόλου
2392 2745 2562 2809 πάντη
2597 2745 2694 2794 τοῦ
2740 2741 3016 2812 σώματος,
3046 2738 3406 2812 προωθούσης
3458 2735 3520 2792 δὲ
3566 2739 3668 2806 τὴν
3714 2737 3806 2811 πρὸ

2168 2830 2356 2900 αὐτῆς,
2388 2828 2635 2899 κάκείνης
2683 2828 2939 2890 ὡσαύτως
2984 2829 3083 2896 τήν
3131 2828 3238 2903 πρὸ
3281 2826 3491 2896 ἐκείνης
3541 2827 3633 2880 καὶ
3678 2824 3804 2880 οὕτω

2166 2926 2266 2988 τῆς
2307 2917 2445 2988 ὅλης
2491 2917 2745 2980 πλείονος
2771 2916 3082 2992 γινομένης,
3115 2916 3208 2971 καὶ
3252 2916 3389 2971 κατά
3436 2910 3602 2991 λόγον
3647 2909 3802 2968 ἐπιδι-

2169 3007 2358 3071 δόντος
2413 3006 2588 3076 πάντη
2645 3011 2744 3062 τοῦ
2800 3007 3074 3079 σώματος·
3118 3004 3298 3081 ὥσπερ
3356 3003 3670 3059 τούναντίον
3726 2999 3802 3055 ἐπὶ

2165 3103 2262 3153 τοῦ
2318 3098 2644 3171 μειουμένου
2708 3095 2798 3150 καὶ
2883 3093 3274 3172 ῥυτιδουμένου
3360 3095 3639 3166 σώματος,
3711 3094 3802 3144 τῶν

2169 3187 2420 3258 πλησίων
2471 3185 2801 3259 κινουμένων
2865 3185 3074 3260 μορίων
3118 3185 3179 3238 τὸ
3237 3189 3341 3238 πᾶν
3399 3186 3563 3256 σῶμα
3619 3183 3799 3255 πάσχει

2087 3254 2131 3321 C
2168 3279 2266 3346 τὴν
2312 3276 2558 3349 μείωσιν,
2597 3277 2732 3330 κατὰ
2784 3273 3059 3347 μετάθεσίν
3105 3293 3226 3328 τινα
3287 3273 3378 3327 καὶ
3423 3273 3544 3326 καθ’
3595 3268 3797 3345 ὑποχώ-

2169 3387 2324 3443 ρησιν
2355 3372 2605 3441 πανταχῆ
2664 3361 2954 3438 γινομένης
3008 3365 3107 3431 τῆς
3171 3363 3472 3431 μειώσεως.
3505 3358 3642 3416 Οὔτε
3672 3356 3723 3414 δὲ
3746 3357 3799 3410 τὸ

2165 3454 2430 3531 ἀπορῥέον
2488 3454 2578 3509 καὶ
2634 3452 2994 3532 ἀφιστάμενον
3066 3450 3278 3527 λέγεται
3349 3454 3652 3524 μειοῦσθαι,
3693 3443 3798 3501 οὔτε

2163 3545 2228 3599 τὸ
2257 3543 2681 3620 προστιθέμενον
2716 3539 2981 3614 αὔξεσθαι,
3011 3540 3108 3595 κᾶν
3156 3541 3218 3596 τὸ
3265 3540 3358 3612 μὲν
3405 3535 3632 3596 ἔλαττον
3680 3535 3795 3606 δοκῇ

2168 3632 2257 3689 διὰ
2284 3637 2380 3687 τοῦ
2412 3634 2749 3711 ἀφαιρεῖσθαι
2794 3631 3103 3706 γινόμενον,
3133 3630 3197 3684 τὸ
3243 3628 3300 3683 δὲ
3348 3633 3532 3702 μεῖζον
3587 3627 3674 3682 διὰ
3713 3627 3794 3680 τοῦ

2164 3722 2562 3798 προστίθεσθαι.
2613 3723 2683 3776 Τὸ
2732 3722 2834 3796 γὰρ
2889 3719 3210 3792 μειούμενον
3257 3719 3347 3773 καὶ
3389 3719 3452 3772 τὸ
3496 3718 3794 3791 αὐξόμενον,

2168 3813 2525 3885 ὑπομένοντα,
2558 3812 2670 3888 χρή
2701 3811 2764 3866 τὸ
2799 3811 2893 3882 μὲν
2943 3811 3042 3879 τήν
3093 3807 3313 3881 μείωσιν
3363 3806 3621 3883 πάσχειν,
3647 3806 3703 3860 τὸ
3745 3800 3792 3856 δὲ

2165 3903 2264 3970 τὴν
2298 3899 2517 3970 αὔξησιν
2570 3896 2841 3974 δέχεσθαι.
2876 3898 2981 3952 Κᾶν
3032 3917 3165 3952 ποτε
3195 3898 3230 3965 ἡ
3260 3897 3441 3972 τροφή
3495 3889 3792 3968 μεταϐάλλῃ

2167 3991 2243 4053 εἷς
2300 3994 2533 4062 πνεῦμα,
2567 3987 2665 4042 οὐκ
2719 3984 2950 4058 αὔξεταιο
2997 3985 3172 4064 φθορά
3217 3983 3321 4061 γάρ
3379 3983 3517 4039 ἐστιν
3581 3979 3787 4049 αὐτῆςῆ

2168 4078 2638 4153 ἐμπνευμάτωσις,
2688 4074 2814 4132 ἀλλ’
2866 4076 2964 4132 οὐκ
3020 4071 3264 4146 αὔξησις.
3315 4073 3419 4129 Κάν
3466 4072 3648 4146 τούτῳ
3692 4067 3787 4124 δια·

2167 4171 2321 4248 φέροι
2368 4167 2426 4223 ἂν
2473 4165 2828 4228 ἀλλοιώσεως
2873 4161 3113 4237 αὔξησις,
3162 4161 3245 4218 ὅτι
3292 4163 3355 4217 τὸ
3409 4163 3502 4235 μὲν
3553 4159 3786 4248 ἀλλοιοῦν

2169 4243 2307 4313 ἔστιν
2343 4256 2432 4311 ὅτε
2479 4253 2918 4325 ἀνταλλοιοῦται,
2951 4254 3088 4308 καθά
3128 4273 3234 4306 που
3279 4251 3346 4306 τὰ
3372 4248 3588 4324 [ἱμάτια
3631 4243 3791 4324 ψυχρά

2169 4343 2298 4402 ὄντα
2353 4344 2712 4422 θερμαίνομεν
2771 4346 2934 4415 ἡμεῖς
2987 4341 3076 4396 καὶ
3147 4339 3668 4416 ἀντιθερμαινόμεθα
3716 4332 3789 4390 ὑπ’

2170 4437 2368 4506 αὐτῶν,
2398 4435 2489 4488 καὶ
2520 4435 2548 4486 ὁ
2580 4432 2632 4487 ἐν
2657 4438 2776 4493 τοῖς
2812 4428 3122 4507 βαλανείοις
3161 4430 3267 4504 ἀήρ
3316 4431 3464 4501 ἡμᾶς
3514 4425 3788 4505 θερμαίνων

2170 4523 2630 4599 ἀντιθερμαίνεται
2674 4522 2760 4598 ὑφ’
2799 4523 2980 4593 ἡμῶν.
3013 4520 3084 4574 Τὸ
3132 4517 3178 4573 δ’
3221 4517 3376 4592 αὗξον
3422 4517 3521 4573 οὐκ
3564 4514 3786 4584 ἀνταύξε-

419 4610 477 4662 et
508 4606 852 4664 balneorum
884 4625 982 4664 aer
1020 4626 1126 4664 nos
1156 4608 1499 4666 calefaciens
1523 4611 1781 4668 vicissim
1811 4612 2000 4668 caleﬁt
2029 4630 2061 4669 a

2173 4635 2256 4670 ται
2287 4614 2526 4669 πώποτε.
2561 4609 2985 4686 Προστιθέμενον
3019 4606 3076 4664 δὲ
3113 4612 3194 4680 τῷ
3251 4607 3528 4681 αὐξομένῳ
3587 4606 3676 4662 καὶ
3726 4601 3787 4660 εἷς

423 4695 691 4752 nobis.At
713 4697 868 4769 quod
885 4702 1078 4770 auget,
1092 4715 1208 4753 non
1228 4698 1490 4754 vicissim
1511 4704 1760 4772 augetur
1775 4718 2055 4772 unquam;

425 4785 526 4840 sed
551 4801 684 4840 cum
705 4786 756 4842 ei
779 4787 934 4854 quod
956 4791 1203 4859 augetur
1220 4788 1582 4861 adjungitur,
1603 4797 1657 4844 et
1677 4789 1737 4845 in
1758 4791 1885 4862 ejus
1907 4793 2062 4862 quod

423 4877 671 4946 augetur
682 4875 1072 4931 substantiam
1087 4881 1274 4932 mutat
1284 4894 1350 4932 ur
1362 4878 1433 4933 ab
1445 4878 1772 4934 eanaturali
1792 4879 2064 4936 facultate

426 4978 551 5032 quae
583 4963 642 5016 in
673 4978 739 5018 eo
763 4968 852 5020 est
873 4965 1028 5035 quod
1052 4971 1334 5038 augetur;
1369 4966 1448 5021 ita
1469 4967 1709 5022 demum
1725 4974 2065 5042 augmenta-

423 5048 637 5105 tionem
670 5056 926 5122 praestat,
954 5052 1316 5110 similaribus
1355 5053 1576 5110 scilicet
1603 5057 1869 5126 partibus
1894 5059 1915 5093 ⁹
1934 5049 2062 5114 eam

423 5137 635 5209 primo,
667 5147 720 5194 ct
751 5140 888 5196 hinc
918 5142 1021 5196 90
1051 5141 1226 5198 etiam
1257 5143 1713 5201 dissimilaribus
1735 5146 2066 5218 excipienti-

423 5226 679 5282 bus.Hoc
697 5233 890 5284 autem
913 5230 1137 5297 fit,cum
1157 5233 1310 5304 quod
1331 5234 2062 5308 adjungiturexsuperatid

423 5317 579 5387 quod
612 5317 937 5372 detrahitur
957 5319 1015 5372 in
1036 5320 1393 5390 quantitate;
1417 5322 1561 5377 Cum
1575 5324 1731 5379 enim
1745 5327 2064 5397 corporalis

422 5405 667 5461 materia
691 5405 751 5460 in
769 5407 1045 5462 continuo
1075 5408 1292 5464 efﬂuxu
1309 5414 1366 5465 et
1385 5411 1603 5468 afﬂuxu
1630 5414 1945 5470 constituta
1965 5415 2061 5485 sit,

422 5493 727 5567 quandoid
751 5495 905 5567 quod
930 5495 1118 5550 afﬂuit
1140 5501 1196 5552 et
1214 5497 1556 5572 ingreditur,
1571 5501 1804 5575 plusest
1823 5518 1890 5559 eo
1907 5505 2062 5576 quod

2169 4704 2268 4773 τὴν
2317 4706 2414 4757 τοῦ
2460 4699 2757 4773 αὐξομένου
2808 4692 3151 4772 μεταϐάλλον
3219 4696 3419 4768 οὐσίαν,
3472 4695 3577 4751 ὑπὸ
3616 4697 3708 4765 τῆς
3749 4688 3789 4744 ἐν

2172 4792 2317 4864 αὐτῷ
2350 4789 2417 4860 δὴ
2463 4795 2542 4862 τῷ
2587 4789 2865 4862 αὐξομένῳ
2916 4784 3192 4860 δυνάμεως
3239 4791 3490 4864 φυσικῆς,
3523 4784 3665 4840 οὕτω
3707 4779 3787 4847 τήν

2171 4878 2389 4952 αὔξησιν
2423 4877 2801 4955 ἀπεργάζεται,
2832 4880 2940 4932 τῶν
2973 4878 3321 4950 ὁμοιομερῶν
3352 4871 3614 4945 δηλονότι
3659 4868 3786 4947 πρώ-

2170 4991 2278 5032 τως
2335 4966 2644 5044 δεχομένων
2700 4965 2890 5036 αὐτὴν,
2921 4965 3197 5029 κάντεῦθεν
3256 4963 3345 5020 καὶ
3400 4967 3506 5018 τῶν
3561 4963 3786 5035 ἀνομοιο-

2175 5063 2376 5136 μερῶν.
2431 5063 2599 5112 Τοῦτο
2675 5054 2732 5110 δὲ
2803 5055 3024 5132 γίνεται,
3085 5052 3208 5109 ὅταν
3264 5055 3325 5108 τὸ
3388 5052 3785 5126 προστιθέμενον

2173 5143 2491 5223 ὑπερϐάλλῃ
2545 5150 2643 5201 τοῦ
2697 5143 3098 5223 ἀφαιρουμένου
3155 5143 3292 5199 κατὰ
3338 5142 3443 5218 (τὸ)
3475 5136 3784 5223 ποσόν.Τῆς

2171 5221 2285 5314 γὰρ
2303 5241 2618 5310 σωματικῆς
2651 5221 2789 5304 ὕλης
2833 5233 2882 5288 ἐν
2943 5237 3161 5308 συνεχεῖ
3215 5229 3603 5300 καθεστηκυίας
3659 5221 3783 5314 ἐτιιρ-

2174 5325 2274 5402 ῥοῇ
2303 5346 2362 5380 τε
2389 5325 2478 5380 καὶ
2510 5323 2778 5401 ἀπορῥοῇ,
2811 5321 2934 5378 ὅταν
2971 5323 3065 5396 μὲν
3103 5323 3167 5376 τὸ
3197 5319 3440 5397 ἐπιῤῥέον
3500 5318 3591 5375 καὶ
3647 5313 3779 5402 eloti?

2171 5399 2361 5471 πλεῖον
2392 5412 2474 5483 εἷή
2507 5399 3014 5489 τοῦ-ἀπορρέοντος
3071 5411 3161 5466 καὶ
3217 5408 3605 5488 ἀφισταμένου,
3634 5399 3780 5483 τροφῆ

2171 5503 2259 5560 καὶ
2290 5500 2512 5575 αὔξησις
2539 5503 2760 5579 γίνεται·
2794 5499 2918 5558 ὅταν
2970 5498 3017 5556 δ’
3067 5496 3200 5574 ἴσον,
3231 5499 3404 5579 τροφή
3468 5497 3647 5574 μόνον·
3679 5492 3778 5550 ὅσαν

487 5711 508 5746 ⁸
537 5711 619 5768 De
646 5713 775 5769 ortu
797 5714 854 5769 et
881 5709 1141 5784 interitu,
1175 5727 1225 5768 ο.
1257 5712 1311 5768 4;
1387 5713 1414 5768 1
1448 5713 1524 5770 De
1553 5716 1683 5771 ortu
1711 5719 1769 5773 et
1792 5717 2050 5790 interitu,
2083 5737 2133 5778 c.
2163 5720 2221 5779 5.
