4024 6456
237 456 414 516 1089

1581 452 1924 517 ΕΡΙΤΟΜΕ
1968 456 2305 517 PHYSIGA
2319 500 2333 515 .

3497 457 3525 512 1
3537 456 3656 516 090

242 583 310 641 δέ
342 606 410 660 γε
450 585 538 640 καὶ
588 579 828 656 ἔλαττον,
875 585 1049 660 τροφὴ
1099 583 1188 639 καὶ
1237 583 1476 658 μείωσις⁷
1521 583 1900 647 συντελοῦντος

2025 588 2206 643 efﬂuit
2235 592 2292 643 et
2321 587 2846 654 abscedit,nutritio
2869 587 3264 658 augmentatio
3286 586 3378 653 ﬁt;
3421 587 3656 658 quando

238 679 352 731 τοῦ
385 672 716 736 ἐπεισιόντος
758 673 836 736 εἷς
892 668 1062 747 μόνην
1105 677 1204 730 τοῦ⁹
1253 671 1428 736 εἷ’δους
1469 675 1590 729 τινὰ
1632 674 1899 752 φυλακήν.

245 766 412 819 Ἐστι
440 763 543 838 γὰρ
572 761 661 816 καὶ
695 765 792 817 τοῦ
837 766 1008 818 ποσοῦ
1059 761 1381 836 μειουμένου
1409 763 1472 818 τὸ
1524 759 1666 824 εἶδος
1698 762 1900 840 φυλάτ-

241 855 458 910 τεσθαι.
492 851 565 906 Οὐ
594 849 699 927 γάρ
743 850 884 906 ἐστιν
927 853 963 921 ἠ
1013 850 1233 926 μείωσις
1279 853 1368 906 καὶ
1403 854 1438 920 ἠ
1489 851 1664 931 φθίσις
1711 851 1901 912 ἁπλῶς

246 942 453 1020 φθορὰ,
502 939 649 996 ἀλλὰ
687 939 771 1003 τὶς
822 941 1018 1018 φθορά·
1069 939 1306 1018 καθάπερ
1354 943 1389 1011 ἡ
1439 938 1656 1012 αὔξησις
1702 939 1903 1016 γένεσις

242 1031 362 1093 τίς.

2014 681 2208 732 autem
2238 677 2458 748 aequale
2487 677 2792 744 duntaxat,
2824 676 3065 731 nutritio
3113 681 3343 730 tantum
3371 700 3386 743 ;
3419 677 3654 746 quando

2014 765 2263 837 denique
2320 766 2537 831 minus,
2590 764 2937 820 nutritio‘et
2982 763 3332 827 diminutio;
3385 769 3450 818 ut
3495 765 3653 836 quod

2013 854 2356 926 ingreditur,
2380 855 2489 909 hoc
2516 858 2743 909 tantum
2768 857 3020 925 praestet,
3049 857 3114 907 ut
3145 853 3368 924 Species
3390 869 3651 924 quoquo-

2013 944 2183 998 modo
2228 947 2616 1000 conservetur.
2649 946 2846 998 Potest
2873 942 3032 998 enim
3080 942 3255 996 etiam
3287 942 3655 998 decrescente

2014 1032 2339 1103 quantitate
2367 1033 2592 1104 species
2615 1031 2963 1087 conservari.
2987 1031 3186 1102 Neque
3207 1030 3362 1085 enim
3393 1030 3654 1086 diminu-

244 1121 336 1177 tio
370 1124 428 1178 et
473 1119 725 1177 decretio
774 1118 1023 1192 simplex
1049 1121 1138 1176 est
1157 1119 1471 1192 corruptio,
1505 1119 1606 1176 sed
1654 1119 1948 1192 corruptio
1996 1121 2303 1193 quaedam;
2337 1121 2833 1192 quemadmodum
2883 1118 3303 1192 augmentatio,
3351 1121 3652 1191 generatio

250 1211 552 1283 quaedam.

329 1300 403 1369 η’.
434 1297 556 1353 Ἐπὶ
607 1295 665 1352 δὲ
707 1303 810 1366 τῆς
855 1295 991 1351 κατὰ
1035 1295 1203 1351 τόπον
1241 1290 1551 1370 μεταϐολῆς
1583 1297 1618 1365 ἡ
1668 1296 1762 1368 μὲν
1797 1297 1906 1350 ἄνω

249 1387 396 1443 κατᾶ
443 1384 598 1465 φύσιν
650 1385 810 1460 φορὰ,
854 1385 944 1440 καὶ
998 1387 1033 1454 ἡ
1085 1384 1160 1447 εἷς
1207 1386 1275 1440 τὰ
1321 1382 1485 1457 δεξιὰ,
1517 1385 1605 1438 καὶ
1654 1386 1688 1452 ἡ
1737 1384 1812 1448 εἷς
1840 1384 1908 1440 τὰ

253 1475 585 1553 ἔμπροσθεν,
636 1473 867 1551 γενέσεις
915 1473 974 1529 ἂν
1026 1474 1127 1529 εἶὲν
1153 1493 1318 1536 τινες’
1367 1474 1561 1552 φθοραὶ
1611 1470 1668 1528 δὲ
1694 1495 1837 1536 τινες
1866 1477 1902 1544 ἡ

255 1566 337 1628 εἷς
380 1567 449 1620 τὰ
492 1567 639 1620 κάτω
687 1565 856 1641 φορὰ,
906 1563 995 1618 καὶ
1043 1567 1079 1632 ἡ
1131 1564 1209 1625 εὶς
1259 1563 1530 1639 ἀριστερὰ,
1586 1563 1675 1618 καὶ
1726 1564 1801 1625 εἰς
1839 1565 1905 1618 τὰ

255 1650 500 1712 ὄπισθεν.

2086 1300 2140 1352 8.
2174 1302 2250 1353 At
2279 1297 2338 1353 in
2369 1314 2438 1355 ea
2467 1299 2788 1354 mutatione
2827 1315 2951 1370 qua
2982 1314 3084 1369 per
3112 1297 3305 1353 locum
3338 1299 3422 1369 fit,
3454 1300 3526 1354 ad
3557 1316 3656 1354 su-

2015 1388 2301 1460 periorem
2332 1391 2389 1443 et
2437 1389 2698 1444 dextram
2730 1391 2787 1444 et
2830 1387 3178 1442 anteriorem
3209 1392 3432 1458 partem
3465 1393 3658 1444 motus

2015 1475 2320 1542 naturalis,
2345 1477 2747 1548 generationes
2777 1477 3043 1547 quaedam
3070 1494 3082 1543 ;
3116 1476 3394 1531 contrain
3425 1476 3659 1533 inferio-

2013 1581 2160 1634 rem,
2190 1569 2249 1621 et
2291 1566 2593 1621 sinistram
2647 1570 2705 1621 et
2752 1565 3134 1636 posteriorem
3183 1569 3407 1636 partem
3443 1570 3659 1635 motus,

2013 1655 2414 1727 corruptiones
2444 1654 2712 1725 quaedam
2742 1653 2855 1708 dici
2887 1658 3122 1725 queant.

1548 1865 1890 1923 SYNOPSIS
1927 1867 2204 1924 CAPITIS
2243 1868 2362 1924 VII.

1621 1971 1772 2017 QUOD
1812 1973 1912 2011 EST
1949 1973 2020 2010 DE
2056 1973 2306 2013 NATURA.

254 2076 356 2131 οι
394 2076 451 2164 l.
481 2072 706 2154 Deﬁnit
731 2081 1014 2164 naturam
1041 2079 1097 2164 et
1124 2071 1520 2164 deﬁnitionem
1544 2070 2003 2164 paraphrastice
2025 2074 2484 2164 interpretatur.
2511 2107 2589 2117 —
2606 2076 2665 2163 2,.
2699 2072 2881 2134 Docet
2907 2070 3194 2164 quomodo
3225 2073 3283 2132 in
3312 2073 3653 2164 deﬁnitione

345 2151 578 2215 naturae
603 2152 951 2234 vocabulum
969 2162 1168 2234 motus
1195 2151 1272 2234 sit
1299 2151 1725 2234 accipiendum,
1759 2161 1814 2212 et
1841 2151 2003 2234 quod
2028 2151 2249 2214 natura
2274 2156 2349 2213 sit
2388 2172 2565 2234 causa
2593 2153 2721 2233 ejus
2746 2151 3112 2234 propinqua,
3145 2151 3387 2234 ipsaque
3411 2156 3585 2215 etiam
3614 2173 3652 2234 α

345 2234 466 2296 Deo
494 2244 796 2295 moveatur
817 2253 844 2310 ;
871 2233 978 2292 ubi
1005 2234 1177 2294 etiam
1207 2231 1477 2293 distincte
1504 2231 1712 2303 tradit,
1738 2231 2025 2312 quohodo
2052 2243 2272 2293 natura
2295 2231 2627 2294 secundum
2660 2231 2950 2294 rationem
2975 2231 3419 2312 agere—dicatur
3452 2255 3465 2294 :
3503 2233 3653 2294 unde

341 2317 525 2394 infert
548 2323 827 2375 naturam
854 2313 1060 2374 merito
1089 2333 1126 2375 α
1157 2312 1405 2394 Platone
1423 2331 1660 2394 causam
1680 2312 2184 2394 instrumentalem
2213 2333 2328 2374 esse
2353 2313 2732 2394 appellatam,
2765 2323 2817 2373 et
2846 2323 3040 2373 actum
3066 2315 3195 2392 ejus
3215 2315 3412 2394 potius
3439 2334 3652 2394 quam-

345 2392 484 2455 dam
509 2395 933 2475 perpessionem
961 2412 1098 2455 esse.
1130 2427 1207 2438 —
1237 2395 1294 2453 3.
1339 2393 1464 2454 Cur
1492 2393 1553 2453 in
1582 2392 1912 2475 deﬁnitzone
1941 2392 2292 2475 adjiciatur,
2316 2392 2735 2475 cuilinest,seu
2765 2395 2893 2473 ejus
2924 2395 2983 2452 in
3013 2413 3128 2472 quo
3142 2392 3235 2475 est
3254 2392 3286 2449 ?
3304 2429 3382 2438 —
3401 2392 3466 2455 4:
3499 2393 3648 2468 Cur,

256 2540 263 2546 _
332 2473 534 2556 primo
611 2473 690 2519 ‘—

717 2477 774 2534 5.
815 2473 963 2547 Cur,
990 2493 1101 2554 per
1126 2492 1205 2544 se,
1239 2483 1294 2534 et
1322 2493 1441 2534 non
1468 2471 1780 2534 secundum
1808 2471 2120 2534 accidens?
2155 2506 2226 2516 -—
2253 2476 2313 2532 6.
2351 2473 2468 2534 Per
2509 2471 2820 2534 cellarium
2847 2471 3088 2554 exponit
3115 2472 3426 2534 discrimen
3456 2494 3650 2554 rerum

339 2551 710 2647 naturalium
738 2563 794 2647 e't
824 2551 1368 2647 artiﬁcialiumL—
1397 2559 1456 2615 7.
1489 2554 1689 2647 Quare
1716 2563 1938 2647 natura
1955 2563 2029 2647 ‘et
2056 2562 2241 2647 motus
2262 2563 2316 2614 et
2337 2555 2553 2647 quietis
2572 2551 2942 2647 principium
2989 2551 3249 2647 dicatur,
3273 2563 3334 2647 “et
3363 2553 3652 2634 quomodo

340 2634 446 2696 hoc
472 2634 876 2716 accipiendum
901 2632 999 2695 sit.
1014 2669 1113 2716 _—
1142 2634 1201 2716 8.
1239 2634 1534 2716 Quomodo
1580 2634 1882 2716 diﬂerant,
1918 2632 1978 2685 τὸ
2025 2643 2246 2716 natura
2292 2632 2370 2694 εί
2390 2632 2703 2694 secundum
2759 2632 3058 2716 naturam,
3093 2641 3146 2693 et
3168 2634 3321 2716 quid
3345 2632 3659 2716 utrumque

339 2717 438 2776 sit.
473 2750 548 2761 --
573 2713 635 2778 9.
668 2714 966 2796 Superius
987 2714 1296 2776 discrimen
1325 2715 1658 2796 conﬁrmat,
1690 2723 1748 2773 et
1773 2713 1854 2774 ad
1874 2733 1950 2796 ea
1971 2733 2102 2794 qua:
2126 2714 2282 2796 ﬁunt
2312 2725 2533 2795 praeter
2561 2723 2838 2796 naturam
2881 2714 3071 2796 refert
3097 2713 3271 2796 etiam
3300 2716 3447 2775 vitia
3477 2734 3516 2776 α
3543 2713 3653 2776 na-

345 2804 482 2857 tura
510 2793 813 2876 contracta
838 2805 899 2856 et
925 2794 1205 2876 defectus,
1237 2804 1295 2856 et
1319 2795 1580 2876 reliquas
1612 2803 1857 2876 naturae
1885 2793 2407 2876 alienationem—ut
2436 2796 2494 2854 in
2537 2795 2832 2876 monstris,
2867 2794 2974 2854 ubi
3014 2793 3194 2854 simul
3236 2803 3481 2854 zstorum
3512 2813 3658 2855 cau-

341 2895 467 2936 sam
495 2875 861 2957 matertalem
889 2873 1125 2956 quidem
1152 2877 1414 2957 exponit.
1438 2873 1524 2921 ‘—
1556 2875 1654 2936 10.
1687 2873 2020 2935 Discrimen
2049 2873 2329 2955 explicat,
2359 2873 2645 2956 quomodo
2681 2883 2901 2955 praeter
2926 2884 3210 2935 naturam
3237 2883 3294 2935 et
3319 2893 3504 2956 supra
3534 2894 3646 2936 na-

345 2965 542 3018 turam
569 2954 878 3036 diﬁerant.

874 3172 1176 3225 ΚΕΦΑΛ.
1219 3168 1304 3224 Ζ’.

898 3258 1029 3332 Περὶ
1060 3255 1288 3333 φύσεως.

338 3345 403 3403 α’.
435 3343 602 3406 Φύσις
633 3343 772 3400 ἐστὶν
818 3346 966 3422 ἀρχὴ
1014 3347 1276 3415 κινήσεως
1320 3345 1410 3399 καὶ
1459 3345 1716 3419 ἠρεμίας,
1767 3345 1818 3399 ἐν
1867 3345 1913 3417 ᾧ

269 3433 499 3510 ὑπάρχει
549 3435 784 3508 πρώτως
833 3435 948 3488 καθ’
997 3433 1126 3488 αὐτὸ
1175 3433 1265 3488 καὶ
1329 3434 1404 3506 μὴ
1450 3434 1586 3488 κατὰ
1632 3428 1910 3506 συμϐεϐη-

265 3522 380 3585 κός.
412 3523 562 3577 Ἐπεὶ
595 3519 640 3578 δ’
671 3525 706 3592 ἡ
756 3522 966 3593 κίνησις
1016 3521 1255 3597 ἐνέργεια
1298 3527 1396 3576 τοῦ
1442 3520 1664 3596 δυνάμει
1698 3522 1912 3598 ἐλέγετο

265 3613 396 3666 καθὸ
428 3609 676 3686 δυνάμει,
725 3612 885 3689 ἀργία
933 3609 990 3666 δὲ
1033 3611 1229 3666 τούτου
1273 3614 1306 3681 ἡ
1353 3611 1576 3688 ἠρεμίαο
1629 3613 1692 3666 τὸ
1741 3609 1910 3667 αἶ’τιον

266 3707 365 3770 τῆς
419 3700 678 3770 τοιαύτης
729 3700 998 3777 ἐνεργείας
1055 3701 1144 3755 καὶ
1203 3699 1393 3776 ἀργίας
1449 3704 1482 3770 ἡ
1535 3701 1690 3779 φύσις
1748 3701 1912 3771 ἐστὶν,

266 3788 431 3866 ¹ἤγουν
487 3792 522 3858 ἡ
575 3789 721 3866 παρά
760 3794 858 3844 τοῦ
909 3787 1249 3866 δημιουργοῦ
1287 3795 1405 3851 τοῖς
1459 3795 1706 3868 φυσικοῖς
1764 3789 1915 3844 ἐντε-

270 3880 417 3933 θεῖσα
463 3884 622 3932 πᾶσιν
675 3875 1055 3949 ἐπιτηδειότης
1110 3878 1199 3933 καὶ
1259 3875 1488 3952 δύναμις
1546 3879 1644 3933 οὐκ
1701 3879 1915 3933 ἐπείσα-

269 3987 391 4029 κτος
422 3969 558 4044 πρὸς
603 3968 669 4022 τὸ
721 3969 812 4046 ἀφ’
862 3969 1062 4022 ἑαυτῶν
1107 3969 1365 4022 κινεῖσθαι
1409 3968 1499 4022 καὶ
1530 3963 1910 4041 μεταϐάλλειν,

270 4056 357 4111 καὶ
394 4054 560 4111 πάλιν
609 4056 698 4134 ἀφ’
748 4057 948 4111 ἑαυτῶν
997 4056 1254 4120 παύεσθαι
1305 4063 1410 4126 τῆσ
1451 4055 1711 4126 τοιαύτης
1758 4059 1913 4128 κινή-

273 4166 404 4208 σεως
434 4145 524 4200 καὶ
577 4140 906 4218 μεταϐολῆς·
938 4147 973 4215 ἡ
1024 4144 1248 4215 τοιαύτη
1291 4144 1508 4208 τούτοις
1554 4145 1702 4209 ἐντὸς
1731 4145 1912 4201 οἰκου-

276 4238 437 4308 ροῦσα
466 4231 657 4313 εὐφυΐα
686 4234 841 4312 φύσις
873 4234 1203 4307 ὠνόμασται.

345 4324 416 4396 β’.
473 4325 581 4394 Τὴν
639 4323 850 4394 κίνησιν
895 4321 953 4379 δὲ
997 4317 1496 4398 παραλαμϐάνομεν
1544 4323 1766 4379 ἐνταῦθα
1805 4344 1917 4378 κοι-

274 4411 482 4489 νότερον
532 4411 650 4467 ἀντὶ
698 4411 875 4484 πάσης
928 4407 1240 4486 μεταϐολῆς
1276 4458 1288 4471 .
1338 4413 1547 4483 Ταύτης
1588 4419 1688 4483 τῆς
1742 4434 1918 4486 μετα-

274 4495 484 4572 ϐολῆς,
543 4499 722 4575 ὥσπερ
781 4499 849 4570 δὴ
907 4503 997 4556 καὶ
1051 4503 1153 4572 τῆς
1209 4497 1616 4576 ἆμεταϐλησίας
1670 4505 1706 4572 ἡ
1757 4503 1914 4580 φύσις

273 4589 412 4644 αῗτία
459 4589 623 4662 ἐστὶν,
671 4590 819 4645 αἰτία
864 4593 1147 4666 προσεχής
1191 4611 1252 4646 τε
1299 4590 1389 4645 καὶ
1433 4593 1625 4662 κινητή
1665 4633 1677 4646 .
1731 4599 1916 4646 Κινου-

276 4680 405 4752 μένη
456 4679 560 4756 γὰρ
591 4678 745 4758 φύσις
786 4684 944 4736 κινεῖ.
998 4680 1236 4756 Πρώτως
1284 4676 1342 4734 δὲ
1388 4679 1477 4734 καὶ
1525 4680 1795 4752 ἀκινήτως
1826 4683 1915 4737 καὶ

271 4767 469 4844 κυρίως
522 4768 666 4823 αἰτία
711 4773 820 4824 τῶν
865 4768 1111 4823 ἁπάντων
1154 4767 1243 4823 καὶ
1293 4767 1462 4838 αὐτῆς
1508 4776 1607 4839 τῆς
1649 4769 1856 4848 φύσεως
1887 4772 1915 4826 ὁ

273 4856 420 4919 Θεός.
452 4857 516 4911 Εἰ
549 4853 607 4912 δὲ
634 4857 724 4912 καὶ
754 4862 926 4913 ποιεῖν
959 4859 994 4927 ἡ
1027 4857 1184 4936 φύσις
1235 4855 1450 4933 λέγεται
1499 4858 1588 4914 καὶ
1634 4861 1769 4914 κατὰ
1818 4859 1912 4915 λό-

274 4966 362 5020 γον
403 4950 598 5018 ποιεῖν,
650 4944 778 5000 ἆλλ’
823 4947 851 4999 ὁ
901 4944 1188 5014 ποιητικὰς
1243 4945 1406 5021 λόγος
1459 4944 1637 5010 διττός
1672 4970 1684 4982 ·
1737 4949 1766 5002 ὁ
1819 4950 1912 5022 μὲν

274 5039 582 5108 γνωπικῶς
634 5039 807 5090 ποιῶν
854 5034 942 5089 καὶ
991 5034 1191 5109 κυρίως
1239 5040 1432 5107 ποιῶν,
1484 5037 1512 5089 ὁ
1561 5034 1619 5090 δὲ
1661 5039 1912 5112 γνώσεως

280 5123 368 5196 μὲν
429 5124 552 5200 ἄτερ
601 5123 689 5178 καί
731 5132 831 5194 τῆς
883 5125 960 5186 εἰς
1010 5125 1195 5178 ἑαυτὸν
1243 5123 1604 5202 ἐπιστροφῆς,
1662 5128 1915 5202 τεταγμέ-

275 5233 378 5274 νως
425 5209 482 5266 δὲ
530 5214 619 5267 καὶ
665 5213 981 5290 ὡρισμένως
1034 5214 1122 5268 καὶ
1174 5212 1586 5288 προηγουμένου
1631 5216 1778 5276 τινὸς
1825 5217 1912 5270 τέ-

276 5301 401 5363 λους
429 5299 601 5359 ἕνεκα.
652 5305 797 5358 Κατὰ
841 5307 1029 5358 τοῦτον
1077 5302 1170 5356 τὸν
1218 5300 1383 5377 λόγον
1417 5305 1452 5372 ἡ
1493 5303 1646 5380 φύσις
1698 5303 1910 5379 λέγεται

274 5396 460 5463 ποιεῖν,
512 5389 714 5468 ἄλογος
761 5390 894 5447 οὖσα
935 5390 1069 5446 κατᾶ
1113 5392 1205 5446 τὸν
1255 5395 1472 5468 πρῶτον
1520 5390 1706 5467 λόγον.
1756 5396 1908 5457 Ὅθεν

274 5478 490 5542 εἰκότως
543 5480 828 5556 ὀργανικὸν
879 5479 1048 5536 αἶ’τιον
1106 5482 1134 5535 ὁ
1197 5478 1426 5536 Πλάτων
1475 5481 1674 5550 ταύτην
1727 5482 1906 5559 φησίν·

273 5567 486 5646 ἐπείπερ
535 5569 715 5648 ὥσπερ
767 5572 829 5625 τὸ
878 5572 1174 5648 σκέπαρνον
1205 5571 1242 5639 ἢ
1276 5571 1304 5624 ὁ
1334 5571 1509 5646 πρίων
1561 5571 1660 5625 οὐκ
1699 5569 1905 5625 οἷ’δασιν

271 5655 414 5713 οὐδὲν
449 5657 500 5713 ἐν
531 5665 649 5722 τοῖς
678 5666 986 5736 τεχνητοῖς,
1020 5658 1192 5720 οὕτως
1240 5656 1357 5712 οὐδ’
1405 5658 1455 5712 ἐν
1487 5665 1605 5720 τοῖς
1655 5666 1901 5737 φυσικοῖς

335 5786 383 5825 ιο
408 5788 445 5844 2
472 5784 646 5863 Pbys.
677 5803 754 5858 0.,
784 5790 828 5845 ι.
859 5787 914 5846 3.
994 5790 1038 5827 ιι
1074 5787 1103 5846 1
1135 5789 1217 5845 De
1242 5784 1498 5860 legibus,
1530 5803 1589 5862 p.
1619 5787 1749 5848 767.

1945 3173 1994 3237 Β
2025 3190 2028 3194 ί

2641 3168 2872 3224 CAPUT
2909 3168 3027 3224 VII.

2674 3259 2752 3313 De
2779 3267 3007 3313 natura.

2094 3349 2143 3402 1.
2177 3348 2392 3403 Natura
2423 3349 2465 3389 ¹ο
2495 3351 2583 3402 est
2607 3347 2954 3420 principium
2982 3349 3174 3402 motus
3203 3349 3262 3400 et
3293 3343 3506 3416 quietis
3527 3345 3656 3414 ejus

2021 3437 2082 3492 in
2113 3454 2228 3508 quo
2257 3441 2365 3507 est,
2408 3436 2617 3508 primo,
2649 3453 2752 3508 per
2778 3453 2860 3496 se.
2891 3440 2950 3491 et
2998 3452 3116 3490 non
3163 3434 3486 3490 secundum
3517 3433 3664 3489 acci-

2021 3527 2184 3582 dens.
2219 3525 2504 3592 Quoniam
2537 3529 2733 3580 autem
2767 3529 2961 3580 motus
2991 3526 3119 3595 ejus
3148 3525 3250 3580 92
3274 3523 3430 3594 quod
3462 3527 3662 3594 poten-

2020 3615 2102 3670 tia
2115 3619 2206 3670 est
2222 3619 2511 3687 quatenus
2531 3621 2620 3670 est
2640 3614 2898 3686 potentia
2915 3618 3101 3678 actus,
3127 3617 3186 3668 et
3205 3611 3370 3684 quies
3393 3612 3658 3682 ejusdem

2021 3703 2266 3759 cessatio
2298 3703 2597 3758 dicebatur
2621 3721 2635 3771 ;
2667 3703 2846 3773 hujus
2871 3707 3035 3758 actus
3051 3706 3108 3756 et
3123 3699 3464 3757 cessationis
3486 3716 3664 3755 causa

2021 3797 2108 3847 est
2138 3796 2346 3847 natura
2377 3808 2391 3846 :
2425 3791 2533 3846 hoc
2563 3795 2671 3859 est,
2704 3792 2877 3846 rebus
2925 3791 3200 3846 omnibus
3233 3787 3599 3844 naturalibus
3629 3805 3663 3843 a

2021 3879 2317 3935 conditore
2345 3879 2525 3935 insita
2552 3879 2837 3952 aptitudo,
2870 3884 2927 3934 et
2956 3880 3215 3950 potentia
3243 3895 3358 3933 non
3390 3877 3662 3934 adventi—

2020 3970 2124 4037 tia,
2153 3985 2270 4040 qua
2299 3986 2334 4024 a
2377 3968 2587 4041 seipsis
2635 3969 2851 4024 moveri
2899 3973 2957 4023 et
3003 3967 3239 4034 mutari,
3271 3971 3330 4022 et
3373 3983 3580 4023 rursus
3633 3984 3666 4020 a

2023 4057 2232 4130 seipsis
2281 4059 2352 4113 ab
2401 4057 2689 4129 ejusmodi
2735 4063 2897 4112 motu
2947 4061 3004 4112 et
3069 4057 3395 4112 mutatione
3436 4072 3665 4111 cessare

2022 4151 2266 4219 queunt.
2300 4146 2603 4217 Ejusmodi
2633 4163 2759 4217 quae
2791 4145 2851 4201 in
2883 4145 3028 4218 ipsis
3056 4145 3282 4201 habitat
3312 4148 3532 4200 naturae
3562 4161 3666 4215 ap-

2023 4237 2232 4303 titudo,
2265 4240 2476 4291 natura
2505 4235 2806 4290 nominata
2830 4239 2938 4290 est.

2092 4327 2144 4380 2.
2178 4329 2355 4380 Porro
2387 4328 2609 4380 motum
2637 4323 2731 4378 hic
2775 4323 3168 4380 communiter
3195 4339 3298 4393 pro
3348 4320 3501 4377 omni
3535 4337 3665 4376 mu-

2022 4413 2241 4469 tatione
2273 4412 2612 4484 accipimus.
2645 4411 2834 4482 Hujus
2860 4410 3040 4483 igitur
3069 4409 3435 4477 mutationis,
3466 4423 3668 4479 quem-

2025 4503 2343 4558 admodum
2371 4506 2427 4557 et
2452 4499 2762 4556 vacuitatis
2792 4516 2825 4554 a
2875 4498 3215 4563 mutatione,
3249 4513 3428 4552 causa
3456 4499 3670 4551 natura

2026 4596 2133 4648 est.
2165 4591 2373 4659 Causa,
2417 4589 2679 4661 inquam,
2713 4587 3042 4660 propinqua
3071 4591 3130 4641 et
3173 4585 3355 4640 motui
3385 4585 3667 4653 subjecta.

2023 4682 2243 4736 Natura
2269 4679 2426 4734 enim
2453 4681 2737 4743 movetur,
2765 4681 2822 4732 et
2852 4676 2933 4732 ita
2963 4677 3201 4730 demum
3232 4677 3442 4729 movet.
3479 4672 3669 4728 Primo

2024 4775 2220 4825 autem
2251 4771 2308 4823 et
2337 4767 2462 4822 sine
2493 4771 2653 4822 motu
2705 4771 2762 4820 et
2807 4764 3058 4837 proprie,
3092 4763 3378 4828 omnium,
3411 4763 3671 4832 adeoque

2023 4858 2211 4930 ipsius
2241 4857 2418 4912 etiam
2467 4860 2688 4910 natura:
2742 4871 2937 4920 causa,
2972 4858 3124 4908 Deus
3154 4856 3261 4907 est.
3317 4851 3437 4906 Etsi
3468 4853 3664 4905 autem

2023 4947 2198 5002 etiam
2230 4950 2438 5000 natura
2467 4944 2654 4998 facere
2684 4943 2916 5007 dicitur,
2942 4946 2998 4997 et
3028 4941 3349 4996 secundum
3380 4937 3666 4994 rationem

2023 5036 2180 5102 facit,
2213 5039 2411 5088 tamen
2441 5032 2699 5086 efﬁciens
2747 5031 2895 5085 ratio
2926 5029 3139 5100 duplex
3186 5032 3275 5084 est
3307 5046 3318 5083 :
3353 5027 3534 5083 altera
3566 5041 3668 5097 per

2022 5123 2324 5180 scientiam
2355 5127 2411 5177 et
2436 5122 2665 5193 proprie
2696 5119 2936 5187 faciens,
2965 5119 3144 5174 altera
3183 5117 3307 5173 sine
3338 5115 3582 5171 scientia
3609 5118 3668 5169 et

2022 5213 2328 5268 reflexione
2360 5212 2431 5265 ad
2464 5211 2741 5281 seipsam,
2775 5208 3038 5263 ordinate
3068 5211 3264 5262 tamen
3317 5209 3375 5261 et
3404 5205 3586 5273 ﬁnite,
3615 5208 3672 5258 et

2021 5301 2415 5358 antecedentis
2446 5298 2696 5370 alicujus
2723 5297 2857 5352 ﬁnis
2878 5298 3086 5369 gratia.
3115 5295 3310 5360 Quoad
3333 5294 3484 5350 hanc
3504 5293 3674 5349 ratio-

2021 5408 2156 5446 nem
2187 5393 2394 5444 natura
2424 5387 2640 5442 dicitur
2670 5386 2878 5453 facere,
2913 5403 3048 5441 cum
3081 5384 3273 5457 quoad
3307 5383 3561 5454 priorem
3586 5397 3673 5435 ra-

2022 5482 2238 5535 tionem
2267 5493 2471 5548 expers
2502 5475 2744 5531 rationis
2777 5475 2870 5531 sit.
2900 5475 3063 5530 Unde
3095 5473 3271 5530 etiam
3304 5471 3513 5527 merito
3539 5487 3672 5526 cau-

2020 5586 2147 5625 sam
2178 5568 2281 5623 93
2312 5563 2820 5623 instrumentalem
2866 5564 3025 5620 Plato
3058 5565 3098 5599 ”
3130 5579 3258 5619 eam
3291 5560 3666 5634 pronuntiat;

2019 5658 2322 5732 quoniam,
2355 5661 2422 5713 ut
2450 5657 2609 5713 ascia
2637 5659 2695 5712 et
2724 5671 2888 5712 serra
2917 5653 3064 5711 nihil
3096 5651 3337 5710 omnino
3368 5647 3663 5708 noruntin
