4024 6496
449 378 597 446 1091

1694 375 2116 444 NICEPHORI
2163 380 2598 444 BLEMMIDAS

3707 383 3840 446 1092

447 515 622 570 rebus
654 512 1076 577 artificialibus,
1110 509 1192 567 sic
1243 526 1432 582 neque
1464 514 1672 568 natura
1715 513 1773 568 in
1808 511 2077 568 naturall-

2201 513 2236 580 ἡ
2265 511 2442 588 φύσις.
2478 511 2654 566 Πάντα
2684 509 2741 567 δὲ
2775 511 2954 585 μόνως
2998 513 3026 566 6
3068 509 3404 589 δημιουργὸς
3451 519 3593 577 νοῦς
3624 535 3837 590 προαιω-

444 605 574 658 bus.
600 603 732 658 Sola
763 606 957 657 autem
991 600 1089 656 illa
1121 601 1389 655 omnium
1423 618 1615 656 rerum
1653 602 2089 657 architectatrix

447 709 614 748 mens
645 695 777 746 ante
805 707 990 746 aevum
1021 691 1130 745 scit
1159 689 1358 745 omnia
1373 695 1429 744 et
1457 690 1686 762 proprie
1719 690 1872 756 facit,
1894 695 1957 746 ut
1987 708 2086 746 na-

446 787 579 838 tura
609 778 794 837 solum
844 779 1256 852 aptitudinem,
1290 795 1466 850 quam
1499 796 1533 834 a
1581 796 1775 834 rerum
1823 780 2085 834 omnium

446 870 744 928 conditore
774 869 1015 940 accepit,
1049 867 1273 922 inferne
1296 868 1581 938 praebeat;
1614 867 1738 939 ipse
1769 874 1965 922 autem
1997 885 2084 922 re-

446 977 577 1015 rum
609 958 874 1014 omnium
919 957 1183 1012 conditor
1214 973 1317 1028 pro
1349 973 1457 1012 sua
1498 955 1792 1011 voluntate
1826 959 1998 1011 tinem
2031 961 2087 1012 et

447 1048 862 1122 perfectionem
917 1061 1166 1116 superne
1214 1050 1494 1116 tanquam
1546 1045 1733 1100 lucem
1766 1046 2083 1117 quamdam

447 1137 724 1211 porrigat.
756 1135 920 1191 Unde
969 1134 1143 1190 etiam
1193 1138 1411 1189 natura:
1461 1139 1626 1189 actus
1673 1135 1966 1206 perpessio
1997 1139 2087 1190 est

444 1225 662 1299 potius.
695 1224 788 1279 Sir.
817 1224 972 1278 enim
1003 1223 1176 1278 modo
1208 1222 1362 1292 facit,
1398 1227 1461 1276 ut
1491 1224 1746 1294 patiatur
1774 1224 1949 1278 etiam
1984 1240 1997 1277 :
2030 1227 2087 1278 et

443 1316 528 1372 sic
562 1318 774 1379 movet,
805 1317 869 1368 ut
898 1311 1073 1368 etiam
1105 1316 1425 1367 moveatur.
1452 1316 1538 1366 Ita
1569 1312 1847 1367 nimirum
1879 1317 2086 1366 natura

444 1409 534 1462 est
563 1403 918 1476 principium
967 1405 1024 1457 et
1070 1418 1248 1456 causa
1294 1405 1489 1456 motus
1521 1418 1636 1473 quo
1685 1405 1947 1456 movetur
1977 1401 2084 1456 ali-

443 1493 605 1568 quid,
629 1496 686 1547 et
717 1491 931 1563 quietis
957 1506 1074 1560 qua
1098 1489 1170 1544 ad
1195 1489 1450 1560 quietem
1478 1489 1704 1556 tendit;
1729 1489 2081 1561 principium

443 1587 638 1638 autem
669 1585 726 1636 et
754 1596 932 1636 causa
960 1579 1010 1633 ei
1046 1577 1127 1633 rei
1176 1577 1270 1633 cui
1302 1578 1490 1650 primo
1539 1595 1641 1650 per
1670 1595 1730 1633 sc
1761 1584 1817 1634 et
1851 1597 1964 1633 non
1999 1595 2083 1634 se-

442 1671 701 1727 cundum
733 1669 1000 1724 accidens
1031 1668 1202 1722 inest.

512 1762 567 1814 3.
601 1759 910 1829 Adjectum
942 1772 1112 1828 porro
1160 1758 1268 1822 est,
1297 1755 1357 1810 in
1406 1771 1521 1826 quo
1552 1756 1723 1826 inest,
1755 1757 1828 1812 ob
1859 1773 1924 1811 ea
1955 1773 2081 1828 quae

2196 599 2321 661 νίως
2377 600 2648 655 ἐπίσταται
2698 602 2785 655 καὶ
2835 602 3034 674 κυρίως
3083 608 3266 672 ποιεῖ,
3317 602 3500 676 μόνην
3536 602 3838 674 ἐπιτηδειό-

2195 709 2333 756 τητα
2388 690 2622 743 κάτωθεν
2672 689 3057 765 παρεχομένης
3106 696 3206 759 τῆς
3254 690 3498 768 φύσεως,
3557 692 3627 760 ἢν
3676 687 3836 746 ἔλαδεν

2197 778 2300 831 ἀπὸ
2330 782 2425 831 τοῦ
2474 775 2835 854 δημιουργοῦ,
2884 778 3047 833 αὐτοῦ
3094 775 3151 833 δὲ
3197 783 3294 832 τοῦ
3337 777 3704 855 δημιουργοῦ
3729 781 3838 834 κατᾶ

2193 866 2256 919 τὸ
2305 867 2504 920 οἰκεῖον
2565 865 2824 943 βούλημα
2870 869 2933 922 τὸ
2981 867 3138 929 τέλος
3191 869 3387 932 ἄνωθεν
3435 867 3838 942 έπιλάμποντος

2193 958 2347 1018 Ὅθεν
2401 957 2490 1010 καὶ
2546 958 2581 1026 ἡ
2639 963 2739 1025 τῆς
2813 957 3018 1034 φύσεως
3094 956 3331 1033 ἐνέργεια
3384 959 3575 1020 πάθος
3649 956 3835 1030 μᾶλλόν

2195 1043 2325 1098 ἐστι.
2387 1044 2681 1120 Πάσχουσα
2728 1045 2832 1119 γὰρ
2880 1052 3029 1100 ποιεῖ
3075 1047 3164 1100 καί
3207 1048 3511 1120 κινουμένη
3559 1051 3718 1103 κινεῖ.
3754 1046 3836 1101 0'5-

2191 1155 2301 1195 τως
2334 1132 2473 1188 ἐστὶν
2534 1137 2567 1202 ἡ
2627 1134 2780 1211 φύτις
2839 1135 2984 1210 ἆρχή
3044 1135 3132 1189 καὶ
3189 1135 3334 1190 αἰτία
3385 1138 3550 1209 (τῆς)
3592 1138 3834 1207 κινήσεως

2191 1229 2291 1290 τῆς
2321 1225 2456 1276 κατὰ
2483 1224 2544 1278 τὸ
2572 1229 2855 1296 κινεῖσθαι,
2885 1225 2972 1278 καὶ
3024 1223 3254 1300 ἠρεμίας
3298 1227 3396 1293 τῆς
3447 1226 3600 1279 κατὰ
3628 1226 3691 1278 τὸ
3731 1228 3834 1299 ἡρε-

2198 1311 2460 1383 μίζεσΘαι³
2514 1313 2659 1388 ἀρχή
2711 1311 2769 1366 δὲ
2820 1312 2908 1367 καὶ
2960 1312 3104 1368 αίτία
3149 1319 3228 1385 τῷ
3276 1315 3574 1388 πράγματι
3624 1313 3832 1386 ἐκείνῳ,

2194 1399 2244 1454 ἐν
2274 1401 2320 1471 ᾧ
2348 1400 2598 1477 ὑπάρχει·
2633 1401 2864 1476 πρώτως
2903 1403 3020 1456 καθ’
3061 1401 3211 1472 αὐτὸ,
3260 1402 3349 1456 καὶ
3401 1404 3485 1475 μή
3539 1403 3683 1458 κατὰ
3725 1422 3834 1473 συμ-

2194 1485 2446 1560 ϐεϐηκός.

2261 1758 2330 1830 γ’.
2382 1755 2699 1832 Πρόσκειται
2739 1758 2801 1812 τὸ
2853 1757 2904 1812 ἐν
2951 1757 2997 1828 ᾧ
3050 1756 3278 1833 ὑπάρχει
3333 1754 3423 1812 διὰ
3471 1759 3548 1812 τὰ
3587 1758 3825 1833 τεχνητὰ.

442 1852 563 1903 arte
592 1848 881 1902 constant.
912 1844 1041 1898 Haec
1090 1843 1247 1898 enim
1299 1847 1463 1897 extra
1494 1859 1554 1898 se
1605 1860 1811 1899 causas
1844 1843 2077 1898 habent.

2193 1851 2361 1899 Ταῦτα
2387 1847 2487 1921 γὰρ
2520 1843 2707 1916 ἔξωθεν
2756 1844 2872 1922 ἔχει
2918 1845 2986 1900 τὰ
3033 1843 3196 1902 αἷίτια.
3250 1847 3313 1900 Ἡ
3360 1848 3469 1922 γάρ
3517 1843 3824 1918 οἰκοδομικὴ

439 1935 831 1992 ίΕάίίῘΟᾶῐΟΓίθ.
851 1933 1007 1989 enim
1034 1933 1245 1987 domus
1267 1931 1504 2002 quidem
1527 1949 1704 1987 causa
1723 1937 1838 1998 est;
1865 1933 2082 1986 extrin-

440 2043 610 2083 secus
640 2028 835 2080 autem
857 2039 985 2078 eam
1010 2021 1166 2092 facit,
1187 2024 1244 2076 et
1273 2037 1387 2076 non
1407 2025 1498 2077 est
1528 2021 1586 2076 in
1617 2021 1810 2076 domo.
1836 2023 1920 2091 (In
1946 2022 2081 2075 sedi-

439 2117 675 2171 ﬁcatore
720 2113 935 2184 quippe
979 2111 1116 2181 est.)
1147 2113 1508 2181 Quapropter
1558 2125 1662 2165 nec
1711 2109 2084 2164 mdiﬁcatoria

440 2209 530 2259 est
558 2207 772 2257 natura
799 2201 1029 2256 domus.

511 2295 562 2346 4.
595 2292 899 2362 Adjectum
926 2293 1015 2344 est
1045 2289 1184 2344 item
1209 2289 1417 2362 primo,
1445 2288 1583 2358 quia
1607 2287 1783 2342 etiam
1816 2287 1998 2342 lectus
2021 2287 2079 2341 in

439 2381 633 2452 seipso
666 2379 1017 2451 principium
1039 2378 1143 2432 94
1167 2383 1364 2432 motus
1384 2381 1440 2432 et
1469 2376 1680 2448 quietis
1713 2376 1906 2431 habet.
1935 2376 2080 2430 Nam

437 2470 488 2526 si
517 2486 586 2527 ex
615 2468 912 2540 superiore
943 2465 1068 2522 loco
1101 2466 1398 2521 demissus
1431 2466 1620 2533 fuerit,
1656 2465 1712 2519 in
1746 2465 2077 2519 inferiorem

442 2559 644 2614 fertur.
678 2555 788 2611 Sed
820 2571 934 2610 non
966 2555 1156 2626 primo
1189 2554 1339 2610 inest
1369 2554 1518 2609 lecto
1567 2558 1760 2608 motus
1790 2553 2078 2622 ejusmodi

435 2645 814 2719 principium,
846 2660 1046 2698 verum
1079 2642 1261 2714 ligno,
1292 2660 1358 2698 ac
1389 2659 1491 2714 per
1519 2642 1661 2697 illud
1694 2643 1930 2697 demum
1962 2642 2076 2696 lec-

435 2743 514 2792 to.
549 2737 626 2790 Ac
657 2734 728 2789 ob
758 2733 816 2787 id
838 2748 908 2787 ne
940 2732 1224 2788 naturalis
1243 2732 1478 2804 quidem
1503 2731 1716 2786 dicitur
1746 2731 1952 2800 lectus,
1977 2731 2076 2785 sed

436 2823 778 2882 artificialis.
802 2823 1103 2886 Quatenus
1131 2822 1289 2876 enim
1313 2821 1495 2876 lectus
1527 2825 1634 2888 est,
1662 2825 1933 2876 naturam
1963 2837 2077 2875 non

436 2914 630 2970 habet.

505 3005 560 3058 5.
595 3002 904 3073 Adjectum
947 3003 1036 3056 est
1065 3015 1166 3070 per
1209 3015 1271 3055 se
1301 3003 1358 3054 et
1387 3015 1500 3053 non
1554 2998 1878 3054 secundum
1929 2998 2076 3053 acci-

434 3091 580 3148 dens
613 3093 679 3161 ¹²,
713 3090 813 3162 qui
844 3094 1132 3162 aegrotans
1155 3087 1416 3143 medicus
1439 3087 1699 3158 seipsum
1732 3102 1939 3140 sanare
1971 3103 2078 3158 po-

431 3185 562 3248 test,
599 3185 773 3252 atque
800 3179 884 3234 ita
909 3177 1263 3250 principium
1294 3181 1350 3232 et
1379 3193 1615 3231 causam
1642 3181 1833 3230 motus
1865 3180 1922 3230 et
1952 3192 2076 3230 mu-

2193 1935 2339 1988 αἷτία
2395 1936 2487 2007 μὶν
2544 1933 2651 1989 ἔστι
2700 1942 2798 2004 τῆς
2846 1935 3046 2005 οἰκίας,
3095 1931 3285 2005 ἔξωθεν
3336 1933 3396 1990 δὲ
3424 1941 3606 2007 ποιεῖ,
3638 1935 3724 1990 καὶ
3751 1933 3829 1988 οὐκ

2193 2023 2245 2078 ἐν
2267 2029 2336 2097 τῇ
2378 2023 2522 2095 οἰκίᾳ
2575 2025 2804 2098 ὑπάρχει
2837 2022 2912 2097 (ἐν
2956 2028 3034 2095 τῷ
3078 2022 3358 2096 οἰκοδόμῳ
3397 2026 3558 2100 γάρ)”
3615 2022 3700 2079 διὸ
3728 2018 3828 2078 οὐδὲ

2192 2114 2348 2192 φζτις
2375 2120 2475 2182 τῆς
2507 2112 2682 2175 οἰκίας
2713 2115 2746 2182 ἡ
2781 2111 3105 2185 οἰκοδομική
3140 2111 3272 2168 ἐστι.

2263 2289 2322 2346 δ’.
2361 2290 2675 2365 Πρόσκειται
2719 2292 2780 2345 τὸ
2829 2293 3082 2367 πρώτως,
3129 2289 3212 2344 ὅτι
3247 2291 3335 2344 καὶ
3369 2291 3404 2360 ἠ
3458 2289 3632 2359 κλίνη
3668 2287 3818 2364 ἀρχὴν

2190 2376 2303 2454 ἔχει
2337 2382 2600 2449 κινήσεως
2649 2379 2738 2434 καὶ
2788 2379 3018 2455 ἠρεμίας
3070 2377 3120 2433 ἐν
3167 2379 3350 2452 ἑαυτῇ.
3405 2380 3696 2455 Ἀφεθεῖσα
3736 2376 3817 2450 γὰρ

2190 2471 2386 2531 ἄνωθεν
2437 2468 2524 2522 ἐπὶ
2571 2469 2637 2522 τὰ
2684 2467 2829 2522 κάτω
2879 2467 3112 2545 φέρεται.
3170 2465 3323 2523 Ἀλλ’
3373 2466 3438 2521 οὐ
3490 2466 3723 2541 πρώτως
3761 2465 3816 2533 τῇ

2188 2555 2347 2631 κλίνῃ
2374 2565 2472 2626 τῆς
2501 2557 2756 2629 τοιαύτης
2811 2557 3044 2633 ὑπάρχει
3094 2558 3356 2626 κινήσεως
3405 2557 3441 2625 ἠ
3475 2556 3655 2630 ἀρχὴ,
3698 2548 3820 2607 ἀλλᾶ

2187 2651 2264 2718 τῷ
2293 2645 2439 2719 ξύλῳ
2468 2647 2555 2701 καὶ
2606 2644 2674 2701 δι’
2723 2646 2892 2701 αὐτοῦ
2937 2650 3005 2719 τῇ
3050 2643 3226 2718 κλίνῃ.
3277 2648 3434 2708 Ὅθεν
3486 2641 3617 2698 οὐδὲ
3645 2640 3812 2718 φυσική

2190 2735 2404 2811 λέγεται
2435 2739 2469 2804 ἡ
2501 2735 2686 2806 κλίνη,
2721 2734 2864 2790 ἀλλά
2913 2737 3174 2810 τεχνητή,
3224 2736 3364 2788 Καθὸ
3391 2736 3498 2809 γὰρ
3538 2731 3718 2801 κλίνη,
3739 2725 3814 2806 φύ-

2187 2847 2268 2879 σιν
2300 2824 2400 2879 ούκ
2425 2823 2560 2900 ἔχει.

2259 3005 2315 3059 ε’.
2351 3003 2670 3080 Πρόσκειται
2721 3002 2784 3057 τὸ
2834 3004 2950 3057 καθ’
3001 3001 3130 3057 αὐτὸ
3181 3002 3269 3056 καὶ
3325 3003 3400 3075 μή
3453 3000 3594 3057 κατὰ
3640 2989 3809 3070 συμϐε-

2187 3088 2380 3161 ϐηκὸς,
2430 3091 2512 3147 ὅτι
2564 3093 2592 3146 6
2641 3097 2813 3146 νοσῶν
2870 3092 3056 3167 ἱατρὸς
3111 3092 3320 3146 ’ἰάσαιτο
3381 3090 3442 3144 ἂν
3496 3087 3697 3144 ἑαυτόν
3737 3083 3808 3138 καὶ

2188 3181 2361 3242 οὕτως
2385 3182 2482 3249 τήν
2511 3181 2688 3256 ἀρχὴν
2741 3180 2828 3234 καὶ
2878 3181 3049 3234 αἰτίαν
3098 3186 3198 3249 τῆς
3250 3178 3325 3240 εἰς
3373 3179 3472 3248 τήν
3519 3176 3711 3252 ὑγίειαν
3739 3193 3806 3226 κι-

431 3247 758 3326 tationisin
792 3247 1195 3325 sanitatem—in
1228 3266 1419 3337 seipso
1451 3265 1727 3329 habebit;
1762 3270 1818 3319 et
1860 3264 2070 3336 primo,

2193 3274 2390 3341 νήσεως
2437 3271 2526 3324 καὶ
2580 3267 2889 3342 μεταϐολῆς
2936 3266 3040 3339 ἕξει
3089 3268 3140 3323 ἐν
3201 3268 3374 3339 ἑαυτῷ
3427 3266 3521 3322 καί
3578 3264 3800 3340 πρώτως⁶

432 3377 548 3416 non
578 3365 774 3415 tamen
806 3375 909 3430 per
940 3373 1022 3412 se.
1055 3355 1181 3411 Non
1206 3355 1362 3410 enim
1393 3371 1511 3425 qua
1538 3359 1827 3425 aegrotans
1859 3353 2075 3424 princi-

429 3450 592 3521 pium
622 3453 815 3503 motus
847 3447 905 3501 in
938 3445 1248 3501 sanitatem
1283 3444 1339 3498 in
1371 3443 1562 3514 seipso
1595 3443 1805 3509 habet;
1840 3443 1940 3496 sed
1975 3459 2074 3513 per

429 3539 720 3607 accidens,
753 3541 1044 3607 quatenus
1066 3533 1296 3600 accidit,
1320 3538 1402 3598 ut,
1438 3533 1539 3603 qui
1568 3534 2075 3603 aagrotabat,esset

430 3625 712 3680 medicus.

495 3715 550 3768 6.
583 3712 883 3768 Naturalia
916 3712 1096 3783 igitur
1152 3710 1430 3766 motionis
1478 3726 1715 3764 causam
1748 3710 1806 3763 in
1839 3710 2070 3780 seipsis,

428 3801 755 3857 artificialia
784 3807 981 3856 autem
1014 3800 1374 3856 extrinsecus
1417 3799 1654 3854 habent.
1689 3799 1885 3870 Neque
1914 3800 2070 3854 enim

427 3889 850 3962 artifex,neque
874 3907 968 3946 ars
995 3890 1052 3944 in
1079 3889 1288 3960 seipsis
1314 3894 1570 3954 [causam
1596 3893 1790 3944 motus
1811 3887 2070 3957 habent.]

426 3978 652 4035 Etenim
683 3979 854 4052 gleba
883 3980 954 4034 ad
1004 3977 1279 4033 inferiora
1308 3978 1508 4047 fertur,
1543 3994 1676 4032 cum
1710 3977 2072 4033 extrinsecus

425 4084 540 4123 non
573 4071 910 4135 moveatur;
944 4067 1130 4122 lectus
1153 4071 1348 4121 autem
1379 4065 1742 4121 extrinsecus
1765 4066 2068 4138 figuratur.

425 4157 497 4212 Et
526 4173 703 4212 causa
725 4156 962 4229 quidem
985 4173 1089 4210 cur
1109 4155 1299 4227 gleba,
1317 4171 1450 4210 cum
1476 4155 1548 4210 ad
1581 4154 1872 4225 integrum
1895 4172 2068 4210 suum

423 4243 777 4300 elementum
805 4245 1152 4317 pervenerit,
1188 4243 1469 4315 quiescat,
1502 4242 1660 4298 intus
1691 4248 1813 4310 est;
1849 4259 1952 4298 cur
1974 4260 2072 4298 au-

420 4337 541 4389 tem
576 4333 760 4390 lectus
792 4335 1085 4406 ﬁguratus
1107 4331 1580 4400 sit,extrinsecus
1611 4333 1682 4387 ab
1716 4332 1933 4387 artifice
1959 4340 2067 4388 est.

419 4423 566 4478 Nam
597 4428 654 4478 et
702 4424 760 4477 in
814 4423 888 4478 iis
938 4439 1066 4494 quae
1099 4425 1308 4477 natura
1337 4425 1394 4476 et
1443 4437 1570 4492 quae
1603 4425 1724 4476 arte
1776 4426 2066 4489 constant,

423 4513 520 4568 95
552 4512 706 4567 unde
737 4515 952 4579 motus,
979 4511 1114 4565 inde
1136 4511 1310 4565 etiam
1333 4510 1546 4581 quietis
1579 4514 1668 4564 est
1692 4509 2066 4581 principium.

488 4603 542 4654 7.
579 4601 752 4656 Porro
787 4617 901 4655 non
953 4599 1150 4655 omnia
1181 4616 1308 4670 quas
1359 4603 1564 4653 natura
1613 4603 1940 4666 moventur,
1973 4615 2068 4653 se-
2103 4615 2147 4680 D

423 4690 682 4745 cundum
717 4705 948 4744 omnem
982 4689 1071 4743 sui
1105 4692 1298 4743 motus
1351 4687 1603 4758 speciem
1637 4686 1937 4758 quiescere
1969 4703 2069 4742 ne-

422 4795 583 4835 cesse
614 4783 733 4846 est;
769 4779 870 4834 sed
923 4777 1190 4848 quaedam
1235 4793 1369 4830 cum
1419 4781 1780 4840 moveantur,
1815 4775 2069 4846 quietem

419 4869 594 4923 etiam
628 4867 809 4922 motui
833 4867 1244 4922 succedentem
1277 4865 1495 4919 habent
1523 4885 1536 4929 ς
1573 4865 1840 4935 quaedam
1872 4869 2070 4919 autem

421 4957 582 5011 itain
615 4956 740 5012 loco
772 4961 1100 5020 moventur,
1130 4959 1194 5009 ut
1223 4971 1524 5024 nunquam
1552 4953 1695 5025 ipsis
1726 4954 1880 5024 quod
1914 4953 2069 5008 hunc

421 5049 649 5100 motum
698 5045 923 5100 accidat
971 5044 1290 5116 quiescere.
1343 5045 1420 5098 Ac
1488 5048 1792 5114 propterea
1841 5047 2068 5110 natura,

420 5151 548 5206 qua:
579 5134 932 5206 principium
965 5140 1022 5190 et
1051 5151 1228 5190 causa
1259 5138 1456 5188 motus
1489 5137 1543 5186 et
1575 5131 1788 5202 quietis
1820 5131 2067 5199 exsistit,

420 5222 494 5278 iis
524 5239 652 5294 qua:
682 5228 986 5278 moventur
1044 5223 1153 5278 hoc
1185 5226 1420 5295 praestat
1466 5225 1529 5276 ut
1560 5226 1943 5288 moveantur;
1998 5220 2072 5274 iis

423 5329 550 5384 qua:
580 5311 910 5382 quiescunt,
941 5311 1050 5366 hoc
1094 5312 1292 5383 ipsum
1325 5315 1390 5366 ut
1418 5310 1759 5382 quiescant;
1795 5309 2070 5365 omnibus

423 5405 618 5457 autem
647 5399 708 5455 in
741 5399 1078 5456 universum
1126 5399 1518 5467 naturalibus,
1550 5404 1615 5454 ut
1644 5403 1986 5455 moveantur
2013 5402 2070 5454 et

344 5543 346 5545 ,
424 5491 735 5562 quiescant
764 5489 1163 5561 [suppeditat].
1199 5493 1388 5559 Atque
1418 5489 1486 5544 ad
1521 5488 1675 5543 hunc
1698 5489 1938 5544 modum
1972 5504 2072 5542 na-

507 5707 552 5746 ³³
579 5708 616 5762 2
642 5704 817 5782 Phys.
849 5719 899 5761 c.
938 5707 986 5774 1,
1017 5706 1059 5761 t.
1091 5702 1146 5760 3.

2185 3359 2251 3414 οὐ
2288 3361 2392 3433 μήν
2427 3357 2483 3413 δὲ
2513 3359 2601 3413 καὶ
2631 3361 2745 3414 καθ’
2795 3358 2971 3414 ἑαυτό.
3004 3358 3077 3412 Ού
3116 3357 3216 3434 γὰρ
3303 3360 3475 3410 νοσῶν
3522 3357 3622 3423 τήν
3653 3350 3801 3426 ἀρχήν

2181 3457 2280 3518 τῆς
2331 3451 2596 3519 κινήσεως
2646 3456 2745 3517 τῆς
2800 3447 2877 3509 εἰς
2923 3448 3123 3522 ὑγίειαν
3165 3446 3226 3500 ’ἐν
3278 3447 3452 3516 ἑαυτῷ
3503 3441 3636 3519 ἔχει·
3684 3436 3801 3493 ἀλλά

2182 3541 2318 3593 κατὰ
2365 3533 2729 3612 συμϐεϐηκὸς,
2785 3537 2918 3591 καθὸ
2967 3530 3277 3610 συμϐέϐηκε
3320 3539 3400 3607 τῷ
3448 3537 3686 3589 νοσοῦντι
3737 3526 3799 3580 i1-

2180 3633 2293 3704 τρῷ
2324 3627 2476 3684 εἶναι.

2257 3719 2315 3786 ζ’.
2347 3719 2423 3770 Τὰ
2484 3717 2577 3789 μὶν
2636 3714 2726 3770 οὖν
2779 3716 2976 3793 φυσικὰ
3031 3716 3130 3784 τήν
3189 3713 3359 3768 αἶτίαν
3413 3720 3516 3783 τῆς
3569 3710 3797 3778 κινήσεως

2182 3805 2232 3860 ἐν
2268 3807 2476 3867 ἑαυτοῖς
2511 3802 2647 3881 ἔχει.
2699 3806 2763 3858 τὰ
2795 3791 2852 3859 δὲ
2896 3804 3135 3879 τεχνητὰ
3186 3800 3398 3875 ἔξωθεν.
3441 3799 3579 3856 Οὐδὲ
3623 3799 3712 3874 γὰρ
3757 3791 3794 3845 ἐν

2183 3896 2391 3957 ἑαυτοῖς
2439 3895 2468 3948 6
2514 3894 2786 3968 τεχνίτης,
2841 3891 2954 3946 οὐδ’
2997 3893 3031 3961 ἠ
3075 3893 3267 3967 τέχνη.
3316 3890 3546 3962 Φέρεται
3599 3889 3683 3962 μὲν
3717 3881 3797 3958 γὰρ

2182 3983 2366 4038 ἐπὶτὰ
2394 3985 2540 4038 κάτω
2644 3981 2826 4058 βῶλος
2871 3981 2969 4036 οὐκ
3013 3979 3202 4050 ἔξωθεν
3248 3981 3568 4052 κινουμένη·
3612 3989 3795 4050 σχημα·

2178 4073 2380 4141 τίζεται
2428 4070 2486 4126 δὲ
2529 4075 2564 4140 ἡ
2595 4069 2757 4140 κλίνη
2792 4068 3001 4144 ἔξωθεν.
3035 4069 3132 4123 Καὶ
3174 4071 3209 4138 ἡ
3259 4069 3404 4123 αἰτία
3452 4066 3513 4124 δὲ
3558 4073 3653 4135 τῆς
3695 4061 3792 4134 ἠρε-

2184 4161 2385 4235 μίσεως
2414 4163 2484 4232 τῇ
2517 4161 2610 4234 μὲν
2665 4157 2853 4236 βώλῳ,
2905 4152 3283 4231 καταλαϐούσῃ
3325 4158 3425 4225 τήν
3468 4157 3656 4222 ἑαυτῆς
3693 4143 3790 4203 ὁλό-

2179 4252 2332 4320 τήτα.
2369 4247 2598 4319 ἔνδοθεν,
2627 4253 2706 4320 τῷ
2763 4250 3134 4324 σχηματισμῷ
3167 4243 3222 4300 δὲ
3265 4253 3364 4315 τῆς
3395 4243 3591 4315 κλίνης
3633 4240 3787 4310 ἔξωθεν

2179 4339 2285 4393 ἀπὸ
2312 4343 2408 4394 τοῦ
2455 4337 2725 4414 τεχνίτου.
2759 4336 2862 4391 Κάν
2903 4341 3019 4397 τοῖς
3056 4335 3191 4390 κατὰ
3221 4334 3376 4412 φύσιν
3405 4335 3538 4411 γὰρ,
3563 4332 3652 4387 κάν
3697 4325 3787 4414 τοῖς

2178 4430 2313 4483 κατᾶ
2339 4407 2562 4503 τέχνην,
2596 4427 2714 4491 ὅθεν
2761 4429 2796 4496 ἠ
2841 4427 2986 4502 ἀρχὴ
3028 4432 3129 4495 τῆς
3181 4407 3692 4495 κινήσεως-ἐκεῖθεν
3719 4407 3785 4466 καὶ

2179 4519 2214 4586 ἡ
2247 4520 2344 4586 τῆς
2375 4516 2609 4592 ἠρεμίας
2641 4517 2809 4592 ἀρχή·
3282 4601 3288 4602 ,
3498 4601 3504 4602 ί
3773 4585 3783 4602 ς

2252 4609 2310 4675 ζ’.
2346 4606 2418 4659 Ού
2475 4606 2648 4659 πάντα
2708 4602 2766 4659 δὲ
2823 4604 2889 4658 τὰ
2941 4602 3093 4681 φύσει
3141 4601 3437 4674 κινούμενα
3484 4601 3677 4674 ἀνάγκη
3719 4601 3785 4643 καί

2178 4697 2402 4772 ἠρεμεῖν
2440 4695 2574 4749 κατά
2625 4699 2728 4748 πᾶν
2785 4691 2926 4754 εἶδος
2971 4695 3068 4761 τῆς
3106 4691 3311 4745 τούτων
3367 4692 3646 4760 κινήσεως·
3675 4675 3786 4735 ἀλλᾶ

2176 4786 2296 4840 τινὰ
2360 4785 2453 4857 μὲν
2503 4783 2798 4856 κινούμενα
2849 4783 2936 4836 καὶ
2981 4781 3212 4856 ἠρεμίαν
3261 4776 3376 4855 ἔχει
3432 4771 3782 4857 διαδεχομένῇν

2178 4873 2538 4943 τὴνκίνησιν·
2598 4873 2707 4927 τισὶ
2767 4870 2822 4926 δὲ
2869 4873 3131 4925 κινεῖσθαι
3191 4871 3283 4942 μὶν
3337 4868 3388 4922 έν
3436 4868 3590 4939 τόπῳ
3626 4848 3785 4930 συμϐέ-

2180 4959 2366 5033 ϐηκεν,
2409 4961 2666 5016 οὐδέποτε
2713 4959 2769 5015 δὲ
2815 4961 2951 5014 κατᾶ
2998 4961 3098 5027 τήν
3137 4958 3390 5026 τοιαύτην
3443 4957 3641 5026 κίνησιν
3686 4947 3780 5043 ﬁt“:

2183 5057 2320 5124 μεῖν.
2383 5053 2533 5106 Ὅθεν
2594 5053 2628 5120 ἡ
2679 5049 2875 5127 φύσις,
2928 5049 3074 5124 ἀρχή
3121 5047 3210 5101 καὶ
3258 5046 3401 5100 αἰτία
3448 5047 3690 5114 κινήσεως
3713 5047 3779 5126 κτξί

2179 5139 2411 5216 ἠρεμίας
2442 5140 2812 5214 τυγχάνουσα,
2857 5143 2975 5199 τοῖς
3029 5137 3122 5210 μὲν
3163 5134 3504 5208 κινουμένοις
3553 5127 3680 5186 ἔσται
3705 5136 3776 5223 1°,”

2177 5231 2434 5284 κινεῖσθαι
2488 5230 2783 5303 παρεκτική
2820 5245 2834 5258 ⁸
2883 5232 3001 5288 τοῖς
3051 5223 3107 5280 δὲ
3154 5225 3243 5279 καὶ
3293 5225 3558 5298 ἠρεμοῦσι
3601 5214 3677 5272 καὶ
3715 5214 3780 5303 αξ·

2177 5323 2273 5372 τοῦ
2325 5315 2458 5386 δῆτο
2515 5322 2610 5372 τοῦ
2659 5320 2908 5393 ἠρεμεῖνο
2957 5321 3108 5372 πᾶσι.
3139 5313 3184 5368 δ’
3234 5315 3374 5385 ὁμοῦ
3411 5315 3527 5372 τοῖς
3577 5308 3776 5393 φυσικοιξ

2176 5412 2271 5462 τοῦ
2310 5407 2570 5463 κινεῖσθαί
2617 5427 2675 5462 τε
2720 5405 2810 5460 καὶ
2857 5407 3102 5481 ἠρεμεῖν.
3155 5402 3338 5464 Οῧτως
3387 5404 3422 5470 ἡ
3473 5398 3620 5478 φύσις
3662 5378 3774 5481 ᾆρῖξή

2178 5499 2443 5569 κινήσεως
2501 5495 2590 5551 καὶ
2641 5467 3274 5570 ἠρεμίαςιγινώσκεται.
3333 5491 3432 5545 Καὶ
3482 5467 3584 5565 ἧὰρ
3626 5477 3678 5535 οὀ
3704 5467 3773 5546 μό’

3931 5655 3938 5817 ι
