4024 6466
224 439 396 509 1093

1559 437 1904 514 EPITOME
1948 442 2305 514 PHYSICA.

3474 454 3630 517 1094

219 599 326 632 νον
355 577 420 633 τὸ
450 577 687 653 αἰθέριον
735 577 870 633 ἅπαν
922 581 1079 652 σῶμα
1124 583 1348 635 κινεῖται
1401 580 1606 652 κίνησιν
1640 579 1872 652 ἄληκτον

1992 587 2126 640 tura
2155 588 2350 640 motus
2379 587 2436 638 et
2461 582 2675 655 quietis
2701 577 3052 654 principium
3084 597 3212 638 esse
3268 586 3625 656 agnoscitur.

219 667 490 738 τοπικὴν,
527 664 672 722 ἀλλά
702 663 768 736 δὴ
815 668 904 722 καὶ⁵
940 668 1003 722 τὸ
1049 673 1178 745 πῦρ,
1209 668 1344 724 κατά
1391 669 1454 724 τὸ
1501 675 1750 726 τοιοῦτον
1782 673 1882 740 τῆς

221 756 500 825 κινήσεως
529 751 694 825 εἶδος,
748 752 1005 812 οὐδέποτε
1049 758 1266 833 ἠρεμεῖ.
1309 756 1474 812 Φύσει
1520 758 1622 835 γάρ
1653 757 1880 814 ἐστικαὶ

223 843 368 899 αὐτὸ
399 842 722 915 ἀεικίνητον.

313 1112 386 1182 η’.
419 1111 668 1190 Διαφέρει
701 1109 745 1167 δ’
774 1111 1039 1184 ἀλλήλων
1085 1114 1148 1168 τὸ
1195 1111 1346 1192 φύσει
1395 1113 1484 1168 καὶ
1531 1113 1594 1168 τὸ
1622 1116 1758 1169 κατὰ
1782 1113 1880 1192 φύη

229 1219 344 1255 σιν.
406 1199 696 1256 Ἐπιπλέον
752 1202 853 1278 γὰρ
902 1203 965 1257 τὸ
1023 1202 1174 1280 φύσει
1230 1207 1327 1256 τοῦ
1374 1203 1510 1257 κατά
1555 1202 1732 1280 φύσιν.
1779 1203 1879 1258 Καὶ

227 1287 390 1365 φύσει
449 1289 543 1362 μὲν
591 1287 806 1364 λέγεται
858 1296 962 1347 πᾶν
1009 1291 1074 1346 τὸ
1120 1289 1563 1366 παρακολουθοῦν
1613 1291 1702 1346 καὶ
1743 1313 1881 1363 συμ-

223 1374 423 1434 ϐαῖνον
480 1383 550 1453 τῇ
605 1384 804 1458 φυσικῇ
863 1379 1018 1452 οὐσίᾳ
1049 1424 1068 1448 ,
1124 1380 1259 1444 καθὸ
1312 1379 1535 1454 τοιαύτῃ
1568 1402 1580 1414 ·
1641 1386 1754 1434 οῐον
1803 1385 1882 1452 τῷ

225 1467 448 1542 σώματι
503 1469 566 1523 τὸ
625 1468 884 1544 ὑγιαίνειν
940 1470 1030 1524 καὶ
1084 1469 1148 1523 τὸ
1193 1474 1390 1528 νοσεῖν,
1451 1467 1628 1524 Ἀλλά
1666 1470 1730 1525 τὸ
1782 1470 1877 1543 μὲν

229 1557 488 1634 ὑγιαίνειν
533 1559 668 1612 κατᾶ
723 1557 877 1635 φύσιν
937 1557 1208 1634 λέγομεν,
1271 1558 1344 1620 ὡς
1394 1553 1686 1613 ἀποϐαῖνον
1745 1557 1880 1612 κατὰ

223 1646 294 1700 τὸ
323 1649 470 1721 (τῆς)
499 1645 706 1725 φύσεως
758 1646 1034 1721 βούλημαο
1083 1647 1146 1702 τὸ
1197 1645 1254 1702 δὲ
1301 1652 1497 1718 νοσεῖν,
1528 1649 1672 1723 παρὰ
1701 1646 1876 1724 φύσιν

225 1736 323 1790 καὶ
352 1739 432 1808 τῷ
452 1735 584 1812 πυρὶ
615 1735 770 1814 φύσει
818 1737 913 1810 μὲν
961 1736 1050 1791 καὶ
1094 1738 1229 1791 κατὰ
1267 1735 1420 1814 φύσιν
1466 1739 1500 1805 ἡ
1547 1734 1634 1790 ἐπί
1673 1736 1741 1791 τὰ
1770 1734 1876 1791 ἅνω

229 1823 393 1902 φορά·
426 1826 462 1894 ἡ
496 1821 543 1878 δ’
572 1823 659 1880 ἐπὶ
708 1826 776 1879 τὰ
812 1826 960 1879 κάτω
1007 1822 1095 1879 διὰ
1141 1826 1285 1898 (τῆς)
1337 1823 1552 1900 βαρείας
1596 1822 1734 1895 ὕλης
1779 1846 1876 1879 κα-

227 1911 405 1982 θολκῆ
437 1917 528 1966 νοῦ
555 1914 724 1989 πυρὸς
755 1912 907 1992 φύσει
937 1913 1025 1968 καὶ
1074 1912 1136 1967 ού
1187 1913 1322 1968 κατὰ
1372 1912 1546 1990 φύσιν.
1598 1911 1733 1967 Οὐδὲ
1771 1915 1874 1989 γὰρ

228 2003 266 2070 ἡ
301 2001 460 2077 φύσις
495 1999 752 2077 βούλεται
793 2003 892 2071 τήν
936 2000 1288 2071 τελειωτικήν
1335 2006 1433 2057 τοῦ
1483 1999 1657 2064 εἴδους
1706 2001 1872 2078 ἐνέρ-

226 2110 381 2166 γειαν
413 2084 912 2166 παραϐλάπτεσθαι.

299 2269 363 2323 θ’.
397 2266 496 2322 Καὶ
546 2268 614 2322 τὰ
670 2267 730 2322 ἐκ
777 2275 996 2343 γενετῆς
1055 2266 1112 2322 δὲ
1165 2269 1496 2344 πηρώματα,
1553 2268 1642 2322 καὶ
1698 2269 1766 2322 τὰ
1823 2267 1874 2322 ἐν

227 2358 499 2433 στερήσει,
530 2357 618 2411 καὶ
669 2355 814 2419 ὅλως
861 2358 928 2411 τὰ
972 2357 1352 2432 ἀποτεύγματα
1398 2356 1550 2435 φύσει
1593 2357 1686 2430 μὲν
1718 2356 1871 2431 λέγε-

222 2465 318 2499 ται
375 2442 465 2500 διὰ
517 2446 581 2500 τὸ
634 2446 750 2500 κατ’
807 2445 1070 2522 ἐνέργειαν
1129 2445 1366 2522 γίνεσθαι
1416 2447 1626 2524 φύσεως
1657 2491 1671 2516 ,
1729 2445 1875 2520 παρὰ

231 2535 389 2613 φύσιν
418 2532 592 2589 δὲκαὶ
640 2534 702 2590 οὐ
754 2535 889 2590 κατᾶ
936 2534 1114 2614 φύσιν,
1161 2534 1244 2590 ὅτι
1296 2532 1424 2609 μηδ’
1453 2538 1488 2604 ἡ
1520 2534 1674 2613 φύσις
1715 2533 1786 2596 εἷς
1817 2556 1868 2589 τι

224 2628 474 2679 τοιοῦτον
526 2624 643 2698 ὁρᾷ.
695 2625 898 2679 Γίνεται
953 2621 1011 2679 δὲ
1058 2629 1155 2679 τοῦ
1205 2621 1398 2680 τέλους
1449 2624 1683 2700 ἁμαρτία
1729 2620 1867 2678 ἔστιν

229 2710 340 2781 ὅτε,
373 2711 553 2788 ὥσπερ
585 2712 637 2767 ἐν
668 2719 784 2775 τοῖς
814 2711 994 2789 ἔργοις
1042 2720 1145 2782 τῆς
1193 2714 1392 2788 τέχνης
1441 2714 1588 2787 παρά
1632 2713 1722 2767 τὸν
1771 2719 1873 2782 τῆς

225 2802 426 2876 τέχνης
487 2801 706 2856 σκοπόν·
769 2800 912 2856 οὕτω
968 2803 1064 2856 κάν
1119 2807 1236 2864 τοῖς
1296 2799 1473 2878 ἔργοις
1516 2804 1614 2870 τῆς
1665 2801 1872 2879 φύσεως

230 2890 377 2966 παρὰ
402 2891 466 2945 τὸ
494 2897 593 2960 τῆς
627 2889 834 2969 φύσεως
890 2891 1165 2965 βούλημα·
1221 2890 1338 2946 ὅθεν
1384 2892 1419 2960 ἢ
1477 2888 1565 2944 διὰ
1614 2888 1818 2945 πλεονα
1848 2923 1871 2933 -

229 2981 365 3053 σμὸν
395 2978 557 3052 ὕλης,
588 2980 624 3048 ἢ
657 2977 725 3033 δι’
754 2978 1021 3054 ἔλλειψιν,
1052 2981 1088 3048 ἤ
1123 2977 1211 3034 διὰ
1240 2981 1592 3056 παρατροπήν
1634 2979 1872 3054 ἀποτυγ-

228 3067 413 3143 χάνειν
565 3067 720 3146 φύσις
780 3067 988 3144 λέγεται
1046 3072 1143 3122 τοῦ
1202 3073 1428 3125 σκοποῦ.
1480 3067 1768 3132 Κάντεῦθεν
1807 3069 1876 3122 τὰ

226 3157 372 3233 παρᾶ
398 3158 497 3226 τὴν
526 3159 755 3235 φυσικὴν
797 3159 1076 3228 συνήθειαν
1129 3158 1507 3233 ἀποτεύγματα
1555 3156 1790 3234 γίνονταί
1815 3178 1874 3212 τε

226 3245 315 3300 καὶ
346 3244 591 3322 λέγονται
602 3291 614 3304 .

298 3515 353 3571 ι’.
395 3514 646 3591 Διαφέρει
678 3510 735 3567 δὲ
780 3511 870 3567 καὶ
916 3514 979 3567 τὸ
1029 3512 1172 3589 παρά
1203 3512 1358 3590 φύσιν
1403 3511 1493 3566 καὶ
1526 3512 1657 3589 ὑπὲρ
1689 3513 1867 3590 φύσιν,

226 3602 483 3679 ἐκτροπαὶ
531 3601 622 3656 καὶ
672 3602 836 3680 ἄμφω
881 3606 979 3656 τοῦ
1026 3603 1162 3656 κατά
1208 3600 1363 3678 φύσιν
1409 3601 1762 3677 τυγχάνοντα,
1793 3607 1871 3674 τῷ

222 3692 285 3747 τὸ
319 3692 411 3766 μὲν
447 3691 578 3766 ὑπὲρ
609 3689 764 3768 φύσιν
815 3688 1080 3766 ἐκτροπὴν
1135 3690 1398 3766 ὑπάρχειν
1446 3694 1548 3744 τοῦ
1594 3692 1727 3745 κατὰ
1769 3689 1867 3766 φύ-

224 3801 304 3835 σιν
363 3778 452 3834 έπὶ
507 3780 570 3834 τὸ
623 3779 867 3855 κρεῖττόν
921 3800 982 3833 τε
1029 3779 1118 3833 καὶ
1168 3777 1474 3856 ὠφέλιμον,
1518 3779 1580 3833 τὸ
1630 3777 1687 3834 δὲ
1724 3781 1870 3856 παρὰ

227 3868 379 3947 φύσιν
433 3868 700 3943 ἐκτροπὴν
746 3873 843 3922 τοῦ
883 3869 1020 3922 κατὰ
1075 3866 1230 3946 φύσιν
1290 3866 1379 3922 ἐπὶ
1423 3867 1486 3922 τὸ
1534 3873 1719 3943 χεῖρον
1779 3869 1867 3922 καὶ

228 3953 512 4034 βλαϐερόνο
544 3958 634 4012 καὶ
669 3955 750 4011 ὅτι
780 3957 843 4010 τὸ
899 3957 993 4030 μὲν
1043 3958 1191 4032 παρὰ
1237 3956 1391 4034 φύσιν
1442 3955 1599 4032 ἔργον
1634 3956 1743 4012 ἐστὶ
1774 3979 1869 4036 φυ-

222 4053 376 4116 σικῆς
435 4046 728 4114 ἀσθενείας,
781 4045 845 4099 τὸ
899 4042 946 4099 δ’
976 4046 1108 4121 ὑπὲρ
1167 4045 1323 4123 φύσιν
1359 4043 1502 4108 θείας
1535 4043 1814 4119 δυνάμεως
1851 4090 1863 4102 .

1993 673 2118 730 Non
2137 675 2290 728 enim
2315 671 2649 727 universum
2668 674 2899 725 tantum
2913 671 3217 726 aetherium
3237 689 3448 744 corpus
3469 679 3626 730 motu

1990 761 2158 817 locali
2189 760 2522 817 incessabili
2551 764 2833 830 movetur,
2868 760 2970 814 sed
3010 760 3184 814 etiam
3217 761 3372 832 ignis
3427 766 3624 834 quoad

1991 849 2141 905 hanc
2171 853 2366 906 motus
2401 849 2653 921 speciem
2685 864 2987 919 nunquam
3028 849 3293 919 quiescit.
3327 850 3472 905 Nam
3503 851 3629 923 ipse

1989 955 2221 1011 quoque
2252 943 2461 995 natura
2490 939 2572 994 ita
2600 941 3113 1009 comparatus,est,
3145 941 3209 992 ut
3238 954 3469 1010 semper
3498 956 3629 996 mo-

1987 1032 2206 1082 veatur.

2057 1116 2112 1170 8.
2146 1115 2318 1172 Porro
2352 1117 2397 1153 13
2424 1115 2486 1170 τὸ
2517 1119 2725 1170 natura
2756 1118 2813 1170 et
2844 1115 3166 1170 secundum
3199 1120 3468 1173 naturam
3499 1135 3628 1175 esse

1989 1204 2303 1260 differunt:
2336 1206 2554 1278 quippe
2581 1202 2642 1257 τὸ
2673 1209 2882 1259 natura
2918 1203 3098 1260 latius
3129 1210 3288 1277 patet
3333 1223 3510 1278 quam
3541 1224 3629 1264 se-

1990 1294 2246 1349 cundum
2280 1300 2568 1350 naturam.
2605 1295 2672 1348 Et
2699 1299 2909 1348 natura
2939 1293 3176 1364 quidem
3199 1293 3432 1362 dicitur,
3453 1313 3625 1353 omne

1990 1382 2142 1454 quod
2176 1383 2498 1439 naturalem
2531 1381 2942 1447 substantiam,
2977 1386 3265 1453 quatenus
3321 1383 3454 1439 talis
3514 1392 3624 1452 est,

1988 1471 2318 1542 comitatur,
2352 1473 2518 1543 eique
2549 1471 2779 1534 accidit,
2809 1469 2983 1525 veluti
3014 1471 3238 1543 corpori
3258 1489 3464 1529 sanum
3499 1490 3624 1532 esse

1987 1560 2089 1614 96
2119 1563 2176 1615 et
2203 1567 2497 1629 aegrotare.
2532 1560 2643 1615 Sed
2676 1575 2887 1614 sanum
2919 1575 3045 1614 esse
3076 1561 3399 1616 secundum
3451 1568 3621 1620 natu-

1987 1665 2112 1704 ram
2139 1649 2411 1718 dicimus,
2440 1653 2504 1703 ut
2523 1649 2848 1705 secundum
2881 1651 3105 1703 naturae
3125 1648 3477 1705 voluntatem
3499 1667 3625 1707 eve-

1987 1730 2502 1810 niens;'aegrotare
2549 1741 2744 1793 autem
2797 1741 3003 1808 praeter
3053 1741 3346 1793 naturam.
3402 1738 3472 1794 Et
3503 1740 3620 1812 igni

1985 1825 2220 1896 quidem
2251 1830 2458 1880 natura
2497 1830 2553 1880 et
2583 1825 2909 1880 secundum
2940 1828 3212 1879 naturam
3261 1825 3436 1893 inest,
3469 1834 3533 1882 ut
3562 1829 3622 1882 in

1988 1914 2288 1985 superiora
2316 1913 2442 1969 loca
2471 1914 2689 1968 feratur
2717 1931 2730 1981 ;
2763 1917 2822 1968 at
2850 1929 2984 1967 cum
3017 1913 3168 1985 ignis
3200 1914 3258 1968 in
3290 1914 3621 1971 inferiorem

1983 2002 2177 2058 locum
2209 2020 2311 2075 per
2334 2019 2566 2075 gravem
2602 2002 2902 2058 materiam
2935 2001 3302 2072 deprimitur,
3334 2002 3390 2058 id
3414 2009 3622 2059 natura

1984 2097 2042 2148 et
2070 2110 2183 2147 non
2216 2092 2537 2148 secundum
2571 2096 2839 2146 naturam
2870 2091 2953 2144 ﬁt.
2987 2090 3185 2160 Neque
3215 2091 3370 2146 enim
3412 2097 3620 2148 natura

1983 2200 2116 2238 eum
2166 2187 2359 2238 actum
2392 2183 2492 2253 qui
2524 2181 2775 2252 speciem
2808 2179 3031 2251 perﬁcit
3067 2179 3274 2235 oblaadi
3331 2180 3472 2236 vult.

2053 2273 2106 2327 9.
2141 2273 2209 2326 Et
2243 2289 2376 2327 vero
2403 2271 2576 2326 etiam
2607 2275 2825 2324 natura;
2859 2269 2996 2324 vitia
3025 2269 3097 2325 ab
3128 2274 3256 2324 ortu
3301 2274 3614 2328 contracta.

1983 2366 2041 2416 et
2079 2378 2206 2432 quae
2237 2361 2296 2415 in
2340 2360 2656 2431 privatione
2686 2357 3034 2424 consistunt,
3069 2363 3125 2412 et
3166 2361 3230 2412 ut
3275 2360 3615 2415 summatim

1982 2449 2195 2516 dicam,
2219 2465 2348 2520 quae
2380 2453 2584 2519 praeter
2612 2447 2996 2502 intentionem
3027 2447 3196 2512 ﬁunt,
3245 2453 3454 2502 natura
3483 2450 3618 2520 qui-

1983 2538 2115 2592 dem
2148 2538 2445 2601 dicuntur,
2477 2540 2783 2608 propterea
2812 2536 2964 2606 quod
3015 2536 3339 2591 secundum
3397 2542 3616 2592 natura:

1984 2626 2267 2680 actionem
2299 2626 2485 2692 ﬁunt;
2517 2625 2616 2679 sed
2653 2627 2857 2695 praeter
2885 2627 3156 2678 naturam
3187 2627 3242 2678 et
3273 2641 3387 2679 non
3419 2641 3620 2680 secun-

1983 2715 2124 2769 dum
2157 2719 2447 2784 naturam,
2481 2712 2619 2784 quia
2648 2728 2718 2766 ne
2768 2715 2979 2767 natura
3029 2711 3264 2783 quidem
3323 2714 3615 2784 ejusmodi

1982 2803 2120 2874 quid
2154 2802 2409 2874 respicit.
2442 2801 2604 2856 Sicut
2635 2805 2829 2855 autem
2852 2800 2909 2854 in
2944 2800 3084 2855 artis
3109 2800 3381 2871 operibus
3413 2806 3620 2873 praeter

1983 2890 2128 2945 artis
2160 2890 2562 2956 intentionem,
2597 2889 2678 2943 ita
2709 2888 2768 2942 in
2827 2891 3046 2942 natura;
3078 2888 3352 2959 operibus
3409 2894 3618 2960 printer

1982 2984 2200 3036 natura:
2240 2978 2597 3034 voluntatem
2630 2993 3053 3047 nonnunquam
3086 2994 3120 3032 a
3153 2977 3267 3032 ﬁne
3314 2977 3616 3034 aberratur

1982 3070 2145 3126 Unde
2174 3068 2261 3124 vel
2296 3071 2529 3140 propter
2556 3064 3025 3133 redundantiam,
3052 3066 3140 3120 vel
3171 3070 3405 3137 propter
3459 3067 3614 3122 defe-

1982 3164 2163 3224 ctum,
2190 3156 2276 3213 vel
2309 3164 2542 3228 propter
2561 3154 3029 3226 depravationem
3070 3153 3345 3221 materiae,
3406 3159 3616 3211 natura

1981 3266 2015 3304 a
2040 3264 2212 3320 scopo
2239 3247 2506 3302 aberrare
2532 3243 2765 3299 dicitur.
2816 3247 3006 3315 Atque
3039 3242 3175 3298 hinc
3224 3246 3430 3314 praeter
3486 3261 3593 3300 con

1899 3321 1941 3388 C
1979 3336 2348 3393 suetudinem
2380 3331 2703 3389 naturalem
2726 3329 2988 3387 infelices
3018 3347 3326 3388 successus
3347 3332 3618 3388 oriuntur

1980 3431 2037 3482 et
2065 3424 2358 3480 dicuntur.

2051 3515 2139 3568 10.
2200 3513 2486 3568 Diti'erunt
2517 3513 2710 3566 autem
2740 3514 2798 3564 et
2825 3513 3033 3581 printer
3069 3508 3167 3564 97
3229 3513 3523 3577 naturam,
3563 3513 3621 3566 et

1980 3619 2158 3675 supra
2187 3605 2479 3665 naturam,
2512 3616 2640 3670 quae
2666 3598 2838 3653 ambo
2869 3613 3100 3668 quoque
3140 3597 3211 3652 ab
3242 3614 3308 3652 eo
3340 3597 3493 3668 quod
3526 3613 3616 3653 se-

1979 3691 2237 3746 cundum
2278 3693 2551 3744 naturam
2592 3691 2702 3752 est,
2762 3685 3113 3742 deﬂexiones
3153 3690 3329 3754 sunt;
3389 3687 3526 3758 quia
3555 3685 3614 3740 id

1979 3779 2132 3851 quod
2166 3795 2344 3849 supra
2376 3781 2644 3832 naturam
2659 3779 2747 3831 est
2776 3775 2848 3830 ab
2880 3791 2944 3830 eo
2977 3774 3128 3846 quod
3156 3775 3481 3830 secundum
3513 3791 3616 3829 na-

1976 3872 2170 3922 turam
2202 3871 2291 3921 est
2320 3866 2390 3920 ad
2423 3864 2794 3937 praestantius
2833 3862 3056 3934 aliquid
3089 3865 3146 3918 et
3175 3862 3399 3928 utilius,
3459 3862 3615 3933 quod

1977 3959 2170 4012 autem
2204 3958 2407 4025 praeter
2436 3957 2707 4007 naturam
2761 3955 2868 4018 est,
2903 3951 2974 4005 ab
3005 3966 3072 4004 eo
3103 3951 3256 4020 quod
3289 3951 3612 4006 secundum

1977 4048 2247 4100 naturam
2278 4046 2386 4108 est,
2422 4041 2492 4096 ad
2521 4039 2775 4096 deterius
2813 4043 2870 4094 et
2926 4036 3154 4094 exitiale
3219 4039 3526 4106 deﬂectat;
3561 4043 3618 4093 et

222 4138 358 4210 quia
397 4136 458 4192 id
490 4137 646 4208 quod
703 4140 910 4208 praater
967 4141 1244 4192 naturam
1303 4140 1412 4203 est,
1444 4136 1730 4193 naturalis
1767 4133 2188 4192 imbecillitatis
2246 4147 2415 4203 opus,
2467 4130 2620 4202 quod
2671 4133 2761 4184 est
2822 4144 3001 4200 supra
3052 4131 3347 4196 naturam,
3406 4127 3614 4182 divinae

220 4225 489 4298 potentiae
519 4242 666 4298 opus
690 4225 787 4280 sit.

1476 4458 1822 4514 SYNOPSIS
1851 4456 2125 4513 CAPITIS
2159 4455 2299 4511 VIII.

1582 4564 1774 4603 ADHUC
1801 4564 1872 4602 DE
1903 4563 2151 4602 NA'I‘URA.

221 4649 273 4706 1.
312 4643 801 4725 Philosophorum
831 4643 900 4704 de
919 4654 1141 4707 natura
1171 4645 1560 4726 discrepantes
1591 4647 2195 4726 opinionesyecénset,
2221 4662 2474 4726 quorum
2503 4641 2620 4726 alii
2641 4641 2972 4726 materiam,
3032 4639 3148 4699 alii
3194 4639 3453 4718 formam
3501 4632 3616 4726 alii

291 4720 668 4807 compositum
682 4743 770 4807 ea:
798 4726 1052 4787 materia
1073 4734 1129 4787 et
1152 4720 1375 4806 forma;
1407 4725 1526 4786 alii
1549 4720 1735 4805 ipsam
1761 4723 2206 4807 productionem
2226 4720 2332 4807 refi
2353 4722 2652 4782 naturalis
2680 4720 3059 4807 appellarunt
3105 4728 3408 4779 naturam.
3444 4751 3522 4807 -ῖ
3543 4721 3602 4776 2.

291 4796 518 4888 Nomen
546 4805 778 4885 quidem
803 4812 1014 4888 φὺσεως
1038 4796 1244 4888 ultimo
1273 4796 1610 4888 enumerata
1656 4796 2010 4885 signiﬁcato,
2044 4805 2148 4865 sed
2171 4803 2459 4888 notionem
2489 4821 2676 4888 causa;
2704 4796 2990 4880 efﬁcienti
3009 4818 3208 4858 rerum
3230 4796 3606 4888 naturalium

280 4877 572 4968 proxima}
601 4877 949 4967 respondere
968 4886 1149 4968 dicit!
1175 4885 1336 4967 quod
1353 4887 1615 4968 exemplo
1644 4877 1821 4946 etiam
1849 4889 1999 4946 artis
2022 4884 2334 4968 statuaries
2364 4883 2544 4948 docet,
2578 4877 2841 4968 cujuslet
2892 4890 3127 4968 παίωνα).
3145 4897 3219 4938 ea:
3265 4877 3603 4968 Aristotelis

290 4957 520 5047 quidem
547 4957 836 5029 sententia
865 4957 1292 5047 quintuplicem
1322 4957 1656 5047 analog'iam
1689 4985 1818 5047 cum
1848 4963 2326 5047 ungui/ferentia
2371 4957 2654 5047 exponit}
2695 4996 2773 5004 —
2802 4963 2867 5047 3._
2921 4958 3215 5047 Eamdem
3232 4957 3608 5047 “analogiam

287 5036 432 5107 artis
461 5050 771 5108 statuariae
795 5058 850 5108 et
869 5036 1106 5107 natura
1139 5065 1214 5106 ex
1233 5036 1522 5107 sententia
1545 5046 1818 5106 Platonis
1847 5036 2278 5124 indicaﬂquam
2309 5036 2691 5124 etiammagzs
2723 5038 2943 5124 probat
2969 5038 3074 5097 98
3101 5039 3194 5097 uti
3219 5036 3598 5099 Christianae

287 5127 568 5208 religioni
587 5131 779 5208 magis
805 5137 1272 5190 consentaneum.
1309 5161 1385 5170 —
1405 5129 1466 5186 4.
1499 5126 1969 5208 Disputationem
1999 5124 2068 5184 de
2097 5119 2318 5183 natura
2347 5121 2569 5182 duobus
2639 5119 2929 5202 capitibus
2982 5128 3411 5200 pertractatam
3467 5135 3607 5176 con-

289 5207 470 5270 cludit
497 5217 553 5268 et
586 5207 840 5270 breviter
866 5217 1100 5269 natura
1127 5208 1333 5287 effecta
1361 5207 1588 5287 repetit.

1867 5346 1945 5356 .—_

843 5449 1100 5504 ΚΕΦΑΛ.
1143 5447 1222 5503 Η’.

757 5539 880 5591 Ἕτι
905 5534 1030 5612 περὶ
1063 5534 1296 5612 φύσεως.

274 5645 322 5684 α.
374 5625 550 5680 Ἔνιοι
599 5625 693 5699 μὲν
740 5625 841 5695 τήν
892 5623 943 5681 ἐν
997 5623 1205 5697 ἑκάστῳ
1251 5621 1390 5695 ὕλην
1439 5621 1694 5678 ἐκάλεσαν
1747 5619 1843 5702 φύ-

287 5772 329 5807 ¹³
353 5769 390 5824 2
419 5768 590 5843 Phys.
622 5785 673 5826 c.
703 5768 759 5838 4,
790 5769 845 5826 5.

2564 5439 2792 5496 CAPUT
2819 5439 2968 5494 VIII.

2517 5529 2704 5586 Adhuc
2748 5529 2813 5586 de
2857 5536 3058 5585 natura

2021 5621 2075 5678 l.
2099 5619 2375 5677 Nonnulli
2431 5619 2735 5677 materiam
2792 5636 2920 5692 quae
2950 5618 3012 5674 in
3042 5632 3394 5692 unaquaque
3425 5631 3486 5672 re
3514 5619 3606 5672 est
