4024 6448
492 400 648 460 1095

1742 395 1790 452 Ν
1799 390 2161 454 ICEPHORI
2204 391 2642 454 BLEMMIDAS

3533 85 3542 96 ι
3601 87 3610 102 ι
3647 76 3776 104 ’τὺζῐ

3706 401 3825 463 1096

493 536 761 588 naturam
794 531 1160 594 vocaverunt,
1193 527 1300 583 hoc
1331 531 1439 596 est,
1471 527 1528 581 id
1571 528 1724 598 quod
1760 527 1818 581 in
1868 541 2118 596 unaqua-

2237 544 2340 594 σιν,
2372 522 2495 592 ἤτοι
2525 527 2587 580 τὸ
2639 527 2868 601 πρώτως
2917 525 2967 581 ἐν
3017 527 3223 599 ἑκάστῳ
3270 532 3374 581 τῶν
3421 533 3652 604 φυσικῶν
3694 531 3819 606 ὑπάρ-

493 639 605 693 que
634 638 695 674 re
723 617 975 675 naturali
1007 617 1195 688 primo
1221 617 1393 686 inest,
1439 615 1853 670 concinnitatis
1901 631 2127 686 expers,

493 715 558 766 ut
580 714 786 764 statuae
817 707 1052 779 quidem
1089 710 1360 762 naturam
1393 721 1520 760 esse
1545 723 1646 770 aes,
1688 704 1815 759 lecti
1879 703 2126 774 lignum,

488 804 546 855 et
575 797 814 854 alterius
845 795 1175 867 cujuspiam
1209 798 1332 849 arte
1357 795 1516 848 facta
1553 793 1818 860 rei,aliud
1847 836 1860 859 ,
1891 799 2126 846 natura-

489 888 562 943 lis
591 891 790 942 autem
821 884 1014 941 omnis
1044 883 1577 954 corporis,primam
1610 887 1667 938 ct
1697 881 1996 953 qualitatis
2025 898 2126 936 ex-

483 982 706 1049 pertem
736 974 1068 1029 materiam.
1095 972 1402 1028 Materiam
1452 978 1648 1027 autem
1702 972 1973 1026 dixerunt
2023 988 2126 1025 na-

479 1070 674 1120 turam
704 1067 1010 1135 propterea
1032 1062 1188 1132 quod
1246 1062 1304 1116 in
1366 1061 1641 1116 omnibus
1694 1059 2124 1116 mutationibus

482 1153 1190 1224 remaneat,eamdemque
1208 1167 1438 1222 semper
1459 1149 1754 1220 sit.Aliqui
1785 1153 1987 1203 contra
2009 1148 2123 1202 for-

481 1259 638 1298 mam
672 1260 800 1314 quaa
831 1241 1138 1296 materiam
1156 1239 1636 1309 ambit,naturam
1672 1241 2117 1310 nuncuparunt;

477 1331 616 1403 quia
646 1331 967 1386 secundum
999 1328 1266 1385 naturale
1305 1346 1517 1384 nomen
1551 1327 1794 1382 materia
1818 1343 1930 1381 non
1963 1326 2119 1381 dica-

479 1428 589 1486 lur,
622 1420 969 1493 priusquam
1000 1419 1186 1474 forma
1216 1416 1572 1489 susceperit;
1621 1416 2118 1488 quemadmodum

478 1525 666 1580 neque
686 1526 762 1564 aes
793 1507 1010 1564 dicitur
1033 1511 1247 1575 statua,
1283 1511 1598 1577 antequam
1633 1509 1838 1560 statuae
1871 1505 2117 1559 formam

477 1597 800 1669 acceperit;
836 1601 901 1651 ut
932 1595 1176 1651 materia
1209 1599 1439 1650 tantum
1495 1599 1780 1666 potestate
1827 1594 1922 1659 sit,
1981 1610 2116 1647 cum

478 1701 845 1758 unaquaeque
884 1700 978 1741 res
1041 1689 1174 1740 actu
1231 1685 1569 1755 designetur
1624 1688 1682 1738 et
1732 1683 2112 1755 exprimatur.

476 1775 583 1840 Qui
619 1773 932 1846 perfectius
965 1775 1010 1809 ¹⁴
1037 1789 1215 1839 quam
1248 1772 1470 1845 priores
1495 1773 1566 1828 de
1588 1776 1797 1827 natura
1827 1772 2116 1841 conjectu-

2239 633 2339 686 χον
2400 613 2760 689 ἀρῥύθμιστον
2796 635 2807 646 ·
2864 617 2936 676 ὡς
2992 615 3303 691 ἀνδριάντος
3363 617 3454 689 μὶν
3530 617 3672 693 φύσιν
3725 621 3822 675 eiu:

2238 700 2469 776 χαλκὸν,
2519 702 2710 773 κλίνης
2761 701 2816 758 δὲ
2867 703 3047 774 ξύλον,
3097 706 3186 759 καὶ
3237 703 3406 760 ἄλλου
3443 711 3552 761 τῶν
3596 716 3820 783 τεχνητῶν

2238 788 2397 843 ἄλλο’
2445 796 2543 846 τοῦ
2588 798 2813 869 φυσικοῦ
2863 792 2920 846 δὲ
2966 793 3161 854 παντὸς
3213 796 3462 866 σώματος
3500 797 3597 862 την
3647 799 3820 871 πρώτην

2237 878 2374 948 ὕλην
2409 881 2495 933 καὶ
2546 879 2756 936 ἄποιον.
2811 882 3072 957 Εἶρήκασι
3127 879 3184 936 δὲ
3213 882 3365 959 φύσιν
3396 883 3496 951 τὴν
3547 882 3676 953 ὕλην
3705 932 3717 955 ,

2232 968 2294 1020 τὸ
2327 969 2609 1040 ὑπομένειν
2663 969 2713 1023 ἐν
2765 976 2882 1032 ταῖς
2929 970 3208 1032 παντοίαις
3261 965 3611 1043 μεταϐολαῖς,
3647 974 3725 1027 καὶ
3748 978 3817 1042 τὴν

2234 1055 2397 1124 αὐτὴν
2433 1059 2565 1112 εἶναι
2601 1056 2911 1121 διαπαντός.
2957 1060 3109 1121 Τιοὲς
3157 1057 3213 1113 δὲ
3256 1059 3378 1136 περὶ
3424 1062 3524 1129 τὴν
3559 1059 3687 1129 ὕλην
3716 1062 3821 1123 εἶδος

2233 1146 2386 1222 φύσιν
2419 1145 2727 1220 ὠνόμασαν,
2777 1147 2865 1202 διὰ
2893 1148 2956 1202 τὸ
2992 1150 3067 1220 μή
3119 1147 3362 1224 λέγεσθαι
3415 1151 3516 1217 τήν
3569 1147 3695 1222 ὕλην
3724 1153 3821 1206 κατὰ

2229 1236 2291 1288 τὸ
2340 1236 2561 1312 φυσικὸν
2615 1232 2810 1309 ὄνομα,
2857 1237 2981 1312 πρὶν
3029 1237 3092 1290 τὸ
3146 1233 3287 1298 εἶδος
3331 1233 3653 1307 ἀπολαϐεῖν,
3681 1239 3820 1315 ὥσπερ

2230 1320 2354 1378 οὐδὲ
2382 1325 2470 1378 τὸν
2502 1323 2707 1400 χαλκὸν
2761 1324 3008 1400 λέγεσθαι
3056 1323 3358 1401 ἀνδριάντα,
3391 1325 3520 1400 πρὶν
3563 1328 3622 1382 τὸ
3651 1333 3733 1382 τοῦ
3757 1329 3821 1382 ἀνα

2229 1410 2476 1488 δριάντος
2526 1411 2667 1475 εἶδος
2719 1409 3034 1487 ἀπολαϐεῖν,
3083 1415 3158 1476 ὡς
3208 1413 3430 1487 δυνάμει
3491 1416 3649 1489 μόνον
3697 1417 3821 1486 οὔσης

2225 1505 2322 1570 τῆς
2379 1502 2516 1573 ὕλης
2553 1549 2569 1572 ,
2617 1505 2840 1558 ἑκάστου
2916 1501 3020 1576 (δὲ)
3068 1508 3176 1558 τῶν
3249 1505 3584 1578 πραγπάτων
3638 1505 3821 1582 ἐνεργείᾳ

2228 1593 2787 1668 χαρακτηριζομένου.
2831 1590 3052 1662 ’Έδοξαν
3111 1591 3158 1647 δ’
3207 1593 3355 1648 οὗτοι
3405 1593 3720 1669 τελεώτερον
3759 1596 3820 1648 τὸν

2226 1682 2456 1756 πρώτων
2497 1682 2851 1757 στοχάζεσθαι
2897 1682 3020 1757 περὶ
3065 1681 3296 1759 φύσεως.
3329 1684 3544 1758 Ἐτεροι
3591 1685 3649 1738 τὸ
3692 1684 3824 1738 σύνθε-

2221 1791 2312 1823 τον
2347 1768 2398 1839 ἐξ
2424 1769 2562 1839 ὕλης
2592 1770 2681 1825 καὶ
2731 1768 2906 1831 εἴδους
2949 1773 3105 1848 φύσιν
3154 1770 3402 1844 εἰρήκασι
3454 1770 3546 1826 διὰ
3571 1773 3632 1828 τὸ
3671 1773 3823 1847 ἄνθρω-

3766 885 3782 902 ε
3809 890 3816 902 \

3761 908 3822 939 011

478 1880 604 1919 ram
635 1864 822 1919 facere
875 1863 1166 1918 videntur.
1200 1862 1312 1916 Alii
1344 1861 1730 1933 compositum
1765 1877 1834 1916 ex
1870 1860 2115 1915 materia

2231 1879 2324 1912 πον
2376 1858 2427 1928 ἐξ
2475 1859 2759 1933 ἀνθρώπου
2809 1859 3064 1934 γίνεσθαι,
3117 1860 3205 1913 καὶ
3268 1860 3396 1935 βοῦν
3451 1861 3512 1914 ἐκ
3571 1860 3709 1934 βοῦς,
3756 1861 3820 1914 καὶ

471 1957 529 2008 et
556 1953 746 2008 forma
773 1955 1047 2007 naturam
1079 1951 1371 2016 dixerunt,
1395 1955 1701 2022 propterea
1731 1950 1886 2021 quod
1937 1948 2111 2004 homo

472 2057 540 2096 ex
567 2041 824 2110 homine,
857 2041 963 2095 bos
993 2056 1062 2095 ex
1093 2040 1256 2106 bove,
1289 2044 1346 2094 et
1371 2044 1436 2094 ut
1463 2040 1566 2095 99
1603 2040 1852 2094 breviter
1899 2040 2110 2107 dicam,

472 2130 861 2200 compositum
890 2146 958 2184 ex
989 2128 1312 2200 composito
1343 2128 1583 2184 oriatur.
1620 2129 1734 2183 lloc
1779 2134 1972 2183 autem
2005 2145 2112 2183 na-

475 2224 625 2286 tura,
660 2235 775 2273 non
807 2224 1020 2272 natura
1047 2222 1156 2272 est.
1187 2217 1298 2271 Alii
1332 2218 1500 2288 quasi
1560 2217 2024 2288 productionem,
2059 2221 2115 2271 et

476 2306 912 2376 generationem
943 2311 1000 2360 et
1033 2310 1278 2376 motum,
1302 2322 1417 2376 quo
1447 2324 1481 2361 a
1510 2306 1865 2377 producente
1900 2308 2112 2377 produ-

478 2393 629 2448 citur
657 2395 1026 2466 productum,
1047 2393 1197 2449 hanc
1228 2400 1496 2450 naturam
1529 2410 1657 2449 esse
1686 2394 2112 2451 existimarunt.

483 2483 991 2547 Quemadmodum
1019 2483 1175 2538 enim
1206 2482 1264 2536 in
1318 2484 1666 2538 vestimento
1713 2488 1802 2539 est
1854 2484 1909 2538 id
1961 2485 2113 2556 quod

471 2572 633 2638 texit,
666 2571 775 2626 hoc
806 2576 896 2628 est
929 2575 1152 2638 textor;
1186 2575 1243 2626 et
1273 2573 1425 2643 quod
1448 2572 1680 2640 texitur,
1730 2572 1838 2628 hoc
1879 2578 1968 2629 est
2018 2591 2114 2629 ve-

474 2659 814 2715 stimentum
843 2678 856 2727 ;
889 2665 945 2715 et
974 2660 1147 2715 tertio
1168 2659 1292 2715 loco
1341 2664 1570 2715 textura
1601 2678 1726 2732 quae
1761 2666 1954 2718 motus
1985 2663 2114 2734 qui-

472 2750 607 2803 dam
639 2753 728 2804 est
753 2750 825 2804 ab
856 2749 1145 2805 efﬁciente
1168 2749 1227 2803 in
1254 2749 1312 2803 id
1343 2750 1498 2820 quod
1532 2750 1820 2818 efﬁcitur;
1855 2752 1937 2806 sic
1970 2753 2025 2808 in
2052 2771 2112 2810 re

2222 1947 2409 2009 ἀπλῶς
2456 1946 2513 2002 ἐκ
2541 1952 2636 2002 τοῦ
2675 1949 2924 2002 συνθετου
2968 1949 3030 2002 τὸ
3079 1948 3338 2003 σύνθετον.
3391 1953 3564 2004 Τοῦτο
3615 1949 3666 2004 δὲ
3705 1950 3821 2026 φύσει

2222 2036 2383 2106 ἐστΐν,
2430 2035 2556 2090 ἀλλ’
2605 2036 2667 2090 ού
2718 2038 2894 2114 φύσις.
2948 2035 3146 2093 ’Ἀλλοι
3195 2040 3294 2107 τήν
3345 2040 3459 2093 οἷον
3517 2037 3716 2115 ἔκφυσιν
3759 2039 3820 2091 καὶ

2220 2129 2420 2202 γένεσιν
2453 2127 2540 2180 καὶ
2582 2127 2791 2196 κίνησιν
2839 2128 2954 2180 καθ’
3001 2127 3066 2195 ἦν
3115 2127 3218 2181 ὑπὸ
3265 2132 3360 2182 τοῦ
3414 2128 3639 2205 φύοντος
3678 2131 3818 2206 φύετιι

2220 2217 2282 2270 τὸ
2323 2216 2612 2293 φάμενον,
2669 2215 2869 2284 ταύτην
2923 2216 3055 2270 εἶναι
3104 2215 3258 2293 φύσιν
3318 2213 3619 2273 ὑπέλαϐον.
3665 2220 3819 2289 Ὥσπερ

2223 2306 2325 2380 γὰρ
2359 2305 2442 2358 ἐπὶ
2472 2310 2568 2359 τοῦ
2600 2304 2818 2376 ἱματίου
2856 2304 2918 2358 τὸ
2962 2304 3176 2381 ύφαῖνόν
3226 2303 3387 2377 ἐστιν,
3440 2303 3606 2382 ἤγουν
3639 2308 3665 2360 ὁ
3704 2307 3818 2383 ὑφάν-

2220 2415 2344 2463 της,
2374 2395 2462 2448 καὶ
2509 2395 2573 2448 τὸ
2608 2394 2994 2472 ὑφαινόμενον,
3025 2391 3149 2462 ἤτοι
3199 2393 3261 2448 τὸ
3312 2393 3557 2467 ἱμάτιον,
3587 2396 3671 2450 καὶ
3700 2394 3818 2468 τρίτη

2224 2486 2257 2551 ἡ
2309 2483 2526 2559 ὕφανσις
2575 2481 2785 2552 κίνησίς
2835 2503 2916 2544 τις
2969 2480 3100 2537 οῦσα
3149 2483 3254 2537 ἀπὸ
3297 2487 3396 2538 τοῦ
3451 2489 3718 2545 ποιοῦντος
3758 2483 3819 2537 ἐπὶ

2221 2574 2284 2626 τὸ
2315 2571 2616 2647 γινόμενον
2650 2570 2823 2632 οὕτως
2874 2570 2961 2625 ἐπὶ
3008 2575 3106 2625 τοῦ
3153 2576 3376 2648 φυσικοῦ
3429 2574 3496 2627 τὸ
3525 2574 3649 2650 φύον
3686 2571 3822 2626 καὶτὸ

2225 2661 2518 2739 φυόμενον,
2549 2661 2637 2715 καὶ
2673 2660 2866 2733 μεταξὺ
2902 2660 3102 2737 ἀμφοῖν
3134 2663 3168 2729 ἡ
3195 2660 3422 2732 τοιαύτη
3459 2661 3636 2740 φύσις,
3664 2664 3694 2731 ἡ
3737 2662 3819 2715 οἷον

2224 2751 2437 2829 ἔκφυσις
2470 2752 2536 2820 ἢν
2570 2749 2828 2825 ἐλέγομεν
2857 2749 2947 2803 καὶ
2983 2744 3312 2821 μεταϐολήν.

473 2837 724 2893 naturali
754 2843 843 2894 est
873 2839 930 2894 id
963 2839 1117 2910 quod
1148 2839 1436 2910 producit,
1468 2843 1523 2894 et
1545 2841 1697 2910 quod
1732 2842 2092 2916 producitur,
2134 2851 2191 2903 et
2220 2862 2347 2917 qua;
2395 2844 2546 2899 inter
2585 2846 2882 2912 utrunque
2936 2841 3241 2911 interjecta
3293 2845 3383 2898 est
3414 2841 3573 2918 φύσις
3595 2841 3820 2915 [natura].

477 2944 655 2998 quam
685 2932 909 2984 motum
943 2931 1001 2982 et
1032 2927 1416 2983 mutationem
1471 2927 1834 2983 dicebamus.

552 3017 606 3071 2.
639 3017 868 3072 Naturae
917 3032 1051 3087 ergo
1108 3032 1320 3071 nomen
1359 3015 1495 3071 huic
1526 3007 1677 3091 φύσει
1737 3018 2022 3090 (naturae),
2053 3024 2121 3093 τῇ

479 3104 593 3158 οἷον
635 3103 847 3177 ἐκφύσει
880 3106 1035 3177 (quae
1063 3109 1152 3160 est
1182 3105 1353 3176 quasi
1383 3105 1710 3176 productio)
1727 3110 2032 3176 convenit;
2067 3115 2125 3164 at

476 3194 634 3249 notio
664 3193 920 3249 nominis
963 3193 1014 3248 ei
1073 3210 1200 3265 quae
1258 3193 1455 3264 propri
1479 3191 1634 3269 φύσις
1667 3199 1776 3260 est,
1833 3197 2120 3269 quadrat;

476 3298 604 3353 quae
637 3298 730 3337 res
762 3286 972 3337 natura
1012 3285 1346 3337 constantes
1403 3287 1666 3354 procreat
1712 3289 1768 3338 et
1824 3285 2114 3356 producit,

475 3376 650 3442 atque
682 3371 945 3425 omnium
979 3387 1169 3426 rerum
1195 3370 1550 3426 naturalium
1567 3372 1828 3443 proxime
1854 3374 2115 3429 efﬁciens

477 3477 655 3516 causa
685 3465 792 3515 est.
825 3460 1322 3522 Quemadmodem
1353 3461 1509 3516 enim
1560 3466 1766 3517 statuae
1825 3479 2001 3518 causa
2029 3467 2118 3518 est

479 3565 574 3603 ars
605 3548 907 3619 statuaria,
939 3548 1306 3620 aliarumque
1335 3553 1458 3604 arte
1489 3551 1887 3606 constantiam
1919 3568 2116 3606 rerum

483 3640 624 3690 sunt
653 3635 775 3692 alia;
807 3642 996 3704 artes;
1037 3639 1241 3693 eodem
1295 3639 1468 3694 modo
1526 3639 1884 3696 naturalium
1939 3641 2116 3696 etiam

480 3739 726 3795 operum
756 3730 965 3781 natura
994 3743 1170 3781 causa
1198 3731 1304 3797 est,
1365 3729 1861 3798 quemadmodum
1893 3747 1961 3784 ex
1991 3747 2120 3801 pro-

479 3814 744 3884 portione
775 3814 1129 3886 agnoscitur.
1159 3815 1304 3870 Nam
1336 3818 1684 3888 azriquidem
1709 3818 1952 3874 materia
1983 3835 2122 3890 qua-

475 3901 660 3956 litatis
690 3918 931 3974 expers;
966 3903 1160 3958 formaa
1202 3909 1394 3960 autem
1449 3911 1678 3976 statuae,
1739 3909 1894 3962 100
1953 3914 2119 3966 natu-

473 3989 614 4044 ralis
644 3990 831 4046 forma
853 4009 866 4046 z
891 3992 1018 4063 jam
1051 3993 1182 4048 azris
1221 3993 1405 4048 motui
1439 3995 1511 4049 ad
1571 3996 1962 4068 recipiendam
1994 4007 2119 4058 sta-

473 4083 590 4135 tua
618 4080 891 4148 formam,
951 4082 1078 4152 ipsa
1146 4081 1304 4137 velut
1361 4084 1698 4155 productio,
1756 4086 1887 4156 hoc,
1947 4096 2117 4147 natu-

475 4168 617 4223 ralis
647 4173 840 4225 motus
867 4173 922 4225 et
952 4171 1235 4226 mutatio:
1271 4174 1570 4228 statuaries
1603 4190 1773 4244 porro
1821 4179 1952 4246 arti,
1987 4197 2118 4252 quae

477 4257 574 4312 aeri
607 4275 782 4314 causa
808 4263 1003 4315 motus
1033 4261 1259 4326 est,boc
1289 4266 1396 4332 est,
1422 4262 1617 4334 ipsum
1649 4281 1726 4318 aes
1752 4267 1821 4320 ad
1855 4271 2118 4326 statuam

482 4347 756 4403 omnibus
788 4349 1050 4404 numeris
1079 4349 1492 4406 absolvendam
1509 4357 1701 4408 movet
1721 4357 1777 4407 et
1801 4359 2118 4430 componit,

479 4451 548 4490 ea
577 4452 702 4507 quae
737 4437 969 4509 prepria
1000 4443 1211 4494 natura
1241 4439 1487 4508 dicitur;
1521 4440 1632 4512 ipsi
1694 4442 1944 4516 denique
2002 4451 2119 4504 sta-

480 4528 612 4593 tuae,
646 4526 801 4595 quod
830 4543 899 4580 ex
930 4527 1178 4582 materia
1205 4532 1262 4582 et
1319 4528 1507 4584 forma
1559 4534 1648 4585 est
1705 4535 2114 4606 compositum,

2309 3021 2373 3093 β’.
2405 3018 2474 3072 Τὸ
2508 3019 2602 3090 μὲν
2651 3014 2741 3069 οῦν
2792 3012 2966 3088 ὄνομα
3009 3022 3109 3084 τῆς
3160 3014 3368 3094 φύσεως
3410 3019 3668 3094 προσήκει
3696 3014 3822 3086 ταύτῃ

2229 3113 2298 3181 τῇ
2329 3109 2503 3186 φύσει,
2533 3110 2601 3178 τῇ
2651 3109 2765 3161 οἷον
2814 3105 3047 3183 ἐκφύσει·
3081 3107 3115 3174 ἡ
3163 3102 3220 3159 δὲ
3265 3111 3361 3160 τοῦ
3407 3106 3667 3181 ὀνόματος
3693 3103 3822 3160 ἔννοια

2229 3203 2297 3272 τῇ
2330 3197 2528 3272 κυρίως
2576 3194 2868 3273 ἐφαρμόζει
2907 3194 3081 3271 φύσει,
3131 3193 3201 3268 τῇ
3251 3194 3459 3272 φυούσῃ
3509 3196 3596 3250 καί
3642 3188 3823 3249 ἀναϐλα-

2230 3287 2488 3360 στανούσῃ
2532 3287 2599 3340 τὰ
2644 3285 2858 3362 φυσικὰ,
2911 3283 3000 3337 καὶ
3052 3288 3314 3357 ποιητικῇ
3363 3284 3514 3356 αἰτίᾳ
3561 3284 3680 3358 οῧσῃ
3724 3282 3822 3335 κατὰ

2225 3378 2285 3430 τὸ
2333 3376 2596 3452 προσεχὲς
2646 3373 2886 3428 ἁπάντων
2938 3378 3044 3426 τῶν
3098 3377 3357 3450 φυσικῶν.
3391 3376 3594 3448 ’Ὠσπερ
3639 3373 3724 3449 γὰρ
3753 3373 3822 3424 τοῦ

2225 3463 2538 3539 ἀνδριάντος
2717 3462 2861 3517 αἰτία
2909 3464 2944 3530 ἡ
2994 3459 3548 3536 ἀνδριαντοποιητικὴ
3580 3465 3727 3537 τὲχνη
3759 3458 3821 3512 καὶ

2226 3559 2331 3608 τῶν
2392 3551 2574 3608 ἄλλων
2633 3555 2899 3626 τεχνικῶν
2949 3548 3116 3626 ἔργων
3174 3552 3229 3604 αἱ
3285 3550 3478 3606 λοιπαὶ
3528 3551 3718 3628 τὲχναιο
3758 3549 3821 3600 τὸν

2227 3641 2384 3696 αὐτὸν
2417 3642 2614 3715 τρόπον
2663 3641 2753 3695 καὶ
2802 3644 2910 3694 τῶν
2943 3644 3176 3717 φυσικῶν
3226 3638 3393 3715 ἔργων
3449 3645 3485 3709 ἡ
3541 3640 3683 3718 φύσις
3720 3634 3823 3691 αἰτία

2227 3730 2390 3802 ἐστὶν,
2449 3731 2524 3792 ὡς
2574 3730 2624 3800 ἐξ
2672 3727 2964 3804 ἀναλογίας
3016 3731 3363 3803 γινώσκεται.
3427 3727 3704 3802 Ἀναλογεῖ
3746 3726 3819 3798 γὰρ

2225 3825 2304 3891 τῷ
2339 3821 2431 3893 μὲν
2466 3819 2662 3895 χαλκῷ
2707 3821 2740 3888 ἡ
2788 3816 2978 3880 ἄποιος
3026 3817 3155 3889 ὕλη,
3204 3822 3282 3890 τῷ
3332 3816 3388 3873 δὲ
3418 3823 3518 3873 τοῦ
3567 3815 3818 3890 ἀνδριάντος

2228 3906 2357 3963 εἷ’δει
2389 3909 2449 3962 τὸ
2481 3909 2699 3986 φυσικὸν
2744 3905 2904 3969 εἶδοςι
2956 3911 3022 3981 τῇ
3069 3909 3276 3977 κινήσει
3329 3904 3386 3962 δὲ
3415 3913 3515 3963 τοῦ
3565 3904 3819 3982 χαλκοῖ)τῇ

2227 3999 2369 4071 πρὸς
2407 3999 2470 4052 τὸ
2521 3995 2764 4067 δέξασθαι
2814 3997 2876 4051 τὸ
2931 4000 3027 4050 τοῦ
3084 3993 3393 4069 ἀνδριάντος
3450 3995 3611 4064 εἶδος,
3656 3997 3686 4063 ἡ
3736 3992 3817 4045 οἷον

2228 4085 2465 4156 ἔκφυσις,
2512 4084 2683 4161 ἤγουν
2733 4088 2768 4154 ἡ
2820 4085 3016 4161 φυσικὴ
3069 4083 3279 4154 κίνησις
3322 4084 3410 4138 καὶ
3464 4079 3819 4158 μεταϐολή.τῇ

2227 4174 2776 4250 ἀνδριαντοποιητικῇ
2827 4171 2884 4228 δὲ
2926 4173 3094 4248 τέχνῃ
3138 4177 3207 4246 τῇ
3259 4172 3404 4244 αἰτίᾳ
3432 4179 3512 4245 τῷ
3550 4171 3725 4249 χαλκῷ
3749 4173 3820 4234 τῆς

2226 4269 2486 4335 κινήσεως
2521 4312 2534 4336 ,
2595 4263 2766 4340 ἤγουν
2843 4266 2912 4336 τῇ
2971 4261 3192 4335 κινούσῃ
3248 4263 3337 4316 καὶ
3399 4261 3716 4338 ῥυθμιζούσῃ
3755 4255 3818 4308 τὸν

2228 4353 2434 4428 χαλκὸν
2496 4355 2631 4429 πρὸς
2679 4352 2992 4425 ἀνδριάντος
3038 4352 3344 4424 ἀπάρτισιν,
3395 4354 3431 4420 ἡ
3466 4351 3657 4427 κυρίως
3707 4346 3820 4424 φύσις

2227 4442 2500 4518 ἀναλογεῖ’
2529 4443 2674 4515 αὐτῷ
2722 4439 2780 4496 δὲ
2818 4445 2897 4513 τῷ
2943 4437 3213 4516 ἀνδριάντι
3265 4440 3328 4495 τὸ
3377 4439 3428 4513 ἐξ
3482 4440 3618 4510 ὕλης
3658 4437 3733 4492 καὶ
3767 4430 3817 4486 εἴ·

2230 4528 2355 4593 δους
2381 4531 2650 4594 σύνθετον·
2703 4526 2834 4605 ὅπερ
2884 4529 3022 4583 ἐστὶν
3075 4525 3232 4605 ἔργον
3280 4530 3379 4597 τῆς
3430 4529 3654 4606 φύσεως,
3684 4523 3817 4593 ὥσπερ

480 4613 851 4682 proportione
899 4617 1227 4686 respondet,
1286 4618 1439 4688 quod
1499 4623 1717 4674 natura:
1802 4637 1949 4692 opus
1991 4630 2118 4680 est:

2231 4627 2324 4690 τῆς
2371 4617 2654 4696 ἀνδριάντο
2706 4625 3000 4688 ποιητικῆς
3047 4618 3075 4671 ὁ
3126 4615 3378 4694 ἀνδριάς.
3425 4615 3581 4675 Ἀλλ“
3632 4615 3707 4671 ἐπὶ
3757 4609 3820 4681 μὲν

479 4699 720 4770 perinde
751 4705 815 4756 ut
843 4703 988 4758 artis
1019 4704 1335 4773 statuariaa,
1371 4710 1584 4762 statua.
1619 4708 1832 4764 Verum
1865 4710 1924 4766 in
1978 4714 2122 4770 artis

483 4787 721 4857 quidem
745 4792 1018 4862 operibus
1051 4797 1244 4848 motus
1267 4811 1445 4850 causa
1473 4796 1832 4853 extrinsecus
1873 4800 2120 4870 exsistit,

483 4891 616 4929 cum
650 4877 726 4931 sit
757 4879 814 4933 in
847 4881 1068 4936 artiﬁce
1097 4886 1155 4936 et
1183 4898 1249 4936 ex
1277 4882 1402 4954 ipso
1433 4889 1742 4956 operetur;
1775 4886 1833 4940 in
1879 4894 2122 4944 natura-

483 4960 642 5017 libus
671 4972 865 5022 autem
899 4970 1174 5040 operibus
1203 4971 1364 5026 intus
1405 4979 1514 5040 est,
1567 4991 1699 5029 cum
1755 4977 2121 5034 naturalibus

484 5051 759 5120 operibus
791 5054 902 5125 ipsi
933 5057 1010 5111 sit
1039 5058 1236 5114 insita.
1270 5061 1391 5124 Quo
1421 5062 1596 5117 etiam
1630 5080 1722 5119 ars
1751 5069 1808 5118 et
1851 5071 2059 5121 natura
2089 5085 2120 5122 a

485 5153 547 5192 se
579 5139 822 5197 invicem
853 5143 1152 5200 differunt.
1183 5151 1372 5218 Atque
1403 5150 1522 5204 hac
1547 5152 1782 5222 quidem
1806 5153 1878 5207 ad
1901 5154 2123 5210 Aristo-

483 5223 613 5279 telis
648 5244 888 5300 scopum
931 5236 1230 5303 accedunt,
1282 5237 1382 5307 qui
1441 5243 1709 5295 naturam
1769 5242 2120 5299 efﬁcientem

485 5327 724 5371 causam
757 5318 1076 5375 constituit.

565 5406 618 5459 3.
642 5405 804 5468 Quod
837 5410 1028 5462 autem
1046 5409 1202 5464 Plato
1234 5412 1443 5467 melius
1478 5416 1546 5469 de
1572 5415 1678 5470 hoc
1699 5418 2121 5486 disserat,dum

485 5495 812 5569 principem
846 5502 1123 5567 mentem,
1163 5500 1510 5557 efﬁcientem
1559 5507 1819 5561 omnium
1879 5525 2122 5566 causam

562 5694 608 5737 ιι
633 5696 669 5755 2
691 5691 868 5768 Phys,
898 5709 948 5752 ο.
977 5693 1019 5768 1,
1052 5697 1095 5754 t.
1129 5697 1216 5754 ιι.
1251 5698 1336 5754 12.

2228 4713 2335 4762 τῶν
2366 4715 2467 4778 τῆς
2523 4708 2723 4783 τέχνης
2773 4707 2944 4783 ἔργων
2993 4709 3027 4776 ἡ
3077 4714 3178 4775 τῆς
3208 4708 3475 4776 κινήσεως
3513 4705 3650 4760 αἰτία
3677 4698 3816 4772 ἔξωθὲν

2231 4797 2369 4850 ἐστιν
2420 4796 2471 4851 ἐν
2520 4801 2599 4868 τῷ
2641 4796 2860 4873 τεχνίτῃ
2909 4793 3058 4867 οὖσα,
3113 4795 3200 4849 καὶ
3252 4794 3301 4866 ἐξ
3352 4794 3518 4849 αὐτοῦ
3565 4793 3817 4868 ἐνεργοῦσιν

2233 4885 2318 4940 ἐπὶ
2369 4883 2425 4940 δὲ
2478 4890 2584 4939 τῶν
2637 4890 2873 4963 φυσικῶν
2920 4882 3090 4960 ἔργων
3142 4880 3350 4938 ἔνδοθεν
3403 4879 3638 4961 ἔμφυτος
3681 4877 3817 4933 αὐτοῖς

2229 4981 2345 5035 τοῖς
2394 4972 2575 5050 ἔργοις
2603 4980 2719 5036 τοῖς
2771 4979 3038 5050 φυσικοῖς.
3073 4971 3168 5026 Καὶ
3219 4971 3396 5044 τούτῳ
3439 4970 3666 5049 διαφέρει
3694 4966 3814 5037 τέχνη

2231 5063 2318 5117 καὶ
2370 5063 2544 5140 φύσις.
2596 5067 2769 5116 Ταῦτα
2821 5063 2914 5135 μὲν
2967 5061 3102 5116 κατά
3147 5061 3238 5116 τὸν
3294 5060 3692 5134 Ἀριστοτέλους
3735 5069 3818 5105 σκο⁶

2232 5151 2330 5205 πὸν
2361 5153 2642 5225 τιθεμένου
2671 5152 2769 5219 τὴν
2805 5151 2958 5227 φύσιν
2993 5149 3159 5205 αἰτιον
3190 5151 3499 5220 ποιητικόν.

2506 5416 2546 5436 ας

2300 5419 2451 5494 γ’.Εἰ
2502 5416 2558 5473 δὲ
2605 5423 2844 5493 κρεῖττον
2897 5419 2924 5472 ὁ
2975 5415 3203 5472 Πλάτων
3251 5418 3372 5490 περὶ
3403 5416 3602 5470 τούτων
3634 5408 3810 5489 φιλοπ·

2233 5513 2340 5585 φεῖ,
2372 5509 2461 5562 τὸν
2496 5508 2868 5583 ἀρχικώτατον
2897 5512 3018 5562 νοῦν
3072 5504 3239 5562 αἴτιον
3290 5505 3570 5576 ποιητικὸν
3615 5499 3810 5554 ἁπάντων
