4024 6432
176 435 336 503 1097
469 387 473 392 ’
1509 437 1765 504 ΕΡιΤοι

1996 437 2262 504 .YSICA.
2635 505 2637 507 ,
3429 440 3585 503 1098

173 569 634 646 ἀποφαινόμενος,
714 569 997 645 ὀργανικὸν
1079 569 1167 626 καὶ
1222 563 1321 639 τήν
1389 569 1544 648 φύσιν
1603 569 1762 626 dum

1994 573 2299 641 renuntiat,
2361 589 2429 629 ex
2486 573 2690 629 eadem
2750 572 3122 644 proportione
3178 572 3392 628 volenti
3451 589 3583 644 pera

177 657 354 714 εἷ’τουν
398 659 685 731 συναίτιον,
741 659 802 715 ἐκ
835 667 934 731 τῆς
983 659 1149 728 αὐτῆς
1204 659 1490 736 ἀναλογίας
1539 659 1705 732 ἔξεστι
1747 682 1766 714 ⁴¹Ι

1990 662 2158 716 iiccre
2187 661 2338 717 licet.
2372 663 2536 726 Quod
2568 661 2748 733 igitur
2781 661 3050 717 naturale
3091 678 3303 733 corpus
3353 668 3410 717 et
3458 679 3579 718 ma-

181 747 508 822 βουλομένῳ
534 752 834 808 κατανοεῖν.
866 750 985 802 Ὅτι
1038 749 1130 819 μὲν
1175 746 1265 802 οῦν
1296 748 1359 802 τὸ
1406 754 1625 826 φυσικὸν
1669 753 1770 821 σῶε

1986 752 2140 805 iriam
2193 755 2250 806 et
2292 751 2540 805 formam
2572 750 2784 805 habeat
2817 751 2908 821 (ex
2956 750 3050 806 his
3100 750 3258 805 enim
3309 752 3575 822 constat),

177 837 269 892 καὶ
320 835 457 908 ὕλην
509 833 624 913 ἔχει
683 837 773 892 καὶ
825 833 966 898 εἶδος
1020 835 1102 908 (ἐκ
1145 836 1350 891 τούτων
1404 837 1549 913 γὰρ),
1599 837 1688 891 καὶ
1741 837 1766 890 ὅ

1984 839 2211 910 uodque
2241 844 2581 910 generatum
2621 839 2719 908 sit,
2751 844 2808 893 et
2854 839 3008 909 quod
3059 845 3286 894 motum
3318 840 3465 894 101
3502 841 3573 895 ad

175 924 427 1000 γενητὸν,
456 925 545 980 καὶ
597 922 686 980 διὰ
731 929 892 980 τοῦτο
940 925 1150 996 κίνησιν
1198 920 1312 1000 ἔχει
1341 926 1442 995 τήν
1484 923 1571 978 ἐπὶ
1599 923 1764 1000 γένεσι

2020 928 2368 982 nerationem
2392 927 2626 997 habeat,
2649 931 2706 982 et
2733 931 2868 982 ante
2898 927 3097 982 omnia
3119 932 3313 983 motus
3337 945 3574 983 causam
3607 943 3609 946 ‘

175 1013 268 1068 καὶ
317 1014 422 1087 πρὸ
469 1014 684 1068 πάντων
732 1014 797 1068 τὸ
845 1020 948 1082 τῆς
998 1015 1263 1084 κινήσεως
1319 1010 1489 1068 αἷίτιον
1539 1015 1764 1085 (κινήσει

1988 1014 2172 1086 [υἰρρο
2221 1015 2268 1070 si
2322 1019 2518 1070 motus
2569 1016 2665 1082 sit,
2699 1015 2938 1071 omnino
2987 1015 3288 1086 quippiam
3337 1033 3577 1072 movens

174 1102 279 1178 γὰρ
326 1098 514 1174 οῦσης,
561 1103 779 1164 πάντως
827 1099 937 1156 ἔστι
989 1123 1041 1157 τι
1087 1102 1150 1155 τὸ
1199 1104 1442 1174 κινοῦν),
1485 1105 1651 1156 ταῦτα
1696 1105 1763 1154 πᾶ

1987 1119 2064 1159 ise
2095 1119 2328 1159 necesse
2370 1108 2523 1172 est);
2579 1103 2700 1159 haec
2747 1104 2900 1176 apud
2947 1120 3150 1160 omnes
3181 1104 3403 1160 ratione
3433 1123 3576 1182 prae-

175 1196 296 1253 τοῖς
323 1190 492 1267 λόγου
527 1189 848 1266 μετέχουσιν
894 1188 1277 1265 ὡμολόγηται.
1309 1189 1496 1244 Τοίνυν
1546 1189 1682 1244 κατὰ
1725 1210 1764 1242 τ·

1985 1192 2089 1246 itos
2119 1191 2178 1255 in
2210 1191 2474 1247 confesso
2503 1195 2664 1246 sunt.
2689 1193 3049 1262 Quapropter
3076 1191 3398 1246 secundum
3433 1209 3574 1263 prae-

178 1279 589 1356 προειρημένην
639 1277 929 1346 ἀναλογίαν
980 1276 1311 1355 ἁναλογείτω
1367 1278 1459 1350 μὶν
1512 1281 1591 1349 τῷ
1632 1274 1767 1354 χαλ)

1986 1279 2150 1335 ictam
2184 1279 2614 1352 proportionem
2647 1279 2745 1334 aeri
2789 1281 2941 1351 quod
2992 1284 3278 1351 potestate
3325 1285 3414 1336 est
3461 1286 3575 1338 sta-

179 1372 261 1439 τῷ
320 1365 542 1441 δυνάμει
611 1365 882 1443 ἀνδριάντι
934 1370 970 1437 ἡ
1031 1367 1222 1440 πρώτη
1281 1366 1369 1422 καὶ
1427 1363 1660 1429 ἀνείδεος
1719 1363 1768 1419 ὕ]

1987 1385 2057 1440 ia,
2087 1368 2274 1440 prima
2305 1373 2362 1423 et
2392 1368 2603 1440 speciei
2635 1384 2858 1441 expers,
2895 1373 2953 1423 et
3001 1368 3269 1424 informis
3311 1370 3576 1442 materia,

176 1456 268 1511 καὶ
330 1457 596 1534 ἄμορφος,
653 1459 689 1525 ἡ
746 1455 907 1529 μόνον
959 1453 1162 1531 ἔχουσα
1204 1456 1268 1510 τὸ
1316 1453 1558 1529 δυνάμει,
1589 1452 1759 1530 ἤγουν

1987 1474 2065 1511 ua:
2095 1456 2202 1512 hoc
2231 1461 2461 1512 tantum
2494 1456 2688 1523 habet,
2724 1461 2788 1510 ut
2833 1461 3117 1528 potestate
3149 1456 3260 1526 sit;
3311 1457 3420 1512 hoc
3466 1462 3576 1528 est,

180 1541 314 1598 οὖσα
343 1540 566 1616 δυνάμει
596 1542 766 1598 πάντα
811 1543 878 1597 τά
927 1543 1142 1621 φυσικὰ,
1189 1545 1380 1598 ταυτὸν
1429 1540 1473 1597 δ’
1523 1543 1713 1612 εἰπεῖν,
1763 1564 1769 1578 ι

1986 1562 2063 1600 uae
2094 1550 2375 1616 potestate
2427 1548 2516 1600 est
2562 1561 2654 1600 res
2701 1546 2894 1600 omnis
2943 1545 3226 1600 naturalis
3272 1546 3390 1602 sive
3421 1548 3575 1618 quod

181 1633 497 1706 σωματικά.
552 1634 647 1703 Τῷ
695 1629 824 1686 εἴδει
873 1629 929 1685 δὲ
982 1635 1079 1686 τοῦ
1136 1629 1445 1708 ἀνδριάντος
1496 1632 1558 1685 τὸ
1605 1651 1770 1708 φυσικι

1985 1635 2088 1689 lem
2121 1633 2277 1688 dictu
2310 1638 2418 1699 est,
2453 1650 2624 1689 omne
2654 1649 2889 1705 corpus,
2920 1633 3292 1705 pr0portione
3336 1650 3574 1707 respon-

180 1717 324 1782 εἶδος
373 1720 438 1774 τὸ
482 1722 581 1788 τῆς
635 1716 774 1790 ὕλης
830 1719 1172 1796 μορφωτικόν
1208 1738 1222 1751 ⁸
1272 1722 1307 1788 ἡ
1360 1717 1416 1774 δὲ
1462 1722 1559 1773 τοῦ
1603 1716 1769 1792 δυνάμ

1983 1727 2068 1778 eat
2099 1738 2110 1776 :
2145 1727 2204 1777 at
2234 1723 2429 1776 formae
2462 1726 2665 1777 statuae
2696 1721 2883 1777 forma
2914 1721 3200 1777 naturalis
3231 1739 3357 1793 quae
3392 1729 3572 1778 mate-

181 1809 455 1885 ἐνέργεια,
517 1806 683 1883 ἤγουν
740 1809 775 1878 ἠ
848 1808 1062 1878 κίνησις
1115 1809 1231 1862 καθ’
1287 1809 1354 1876 ἣν
1417 1806 1710 1883 ἐνεργεῖται
1762 1827 1770 1842 ι

1989 1827 2082 1866 am
2116 1810 2407 1865 informat.
2432 1810 2563 1864 Jam
2594 1826 2728 1865 vero
2759 1813 2924 1865 actus
2955 1811 3082 1880 ejus
3109 1812 3263 1882 quod
3294 1816 3577 1883 potestate

180 1894 404 1969 δυνάμει
454 1896 830 1972 προαγόμενον
888 1896 965 1958 εἷς
1018 1897 1081 1950 τὸ
1138 1895 1393 1970 ἐνεργείᾳ,
1445 1898 1514 1969 τῇ
1557 1899 1653 1948 τοῦ
1682 1893 1769 1970 χα]

1983 1903 2042 1969 st,
2077 1899 2184 1954 hoc
2213 1904 2321 1964 est,
2356 1903 2549 1954 motus
2581 1915 2695 1969 quo
2725 1898 2977 1953 efﬁcitur
3017 1899 3074 1953 id
3116 1900 3270 1970 quod
3303 1916 3372 1955 ex
3415 1907 3572 1972 pote-

177 1990 277 2041 κοῦ
306 1986 441 2060 πρὸς
467 1984 531 2040 τὰ
581 1982 1164 2056 ἀνδριαντοποιηθῆναι
1213 1987 1420 2054 κινήσει
1465 1983 1766 2058 ἀναλογείτι

1985 1992 2084 2043 ιειίε
2116 2005 2243 2042 esse
2271 1989 2343 2042 ad
2377 1991 2510 2042 actu
2537 2004 2664 2042 esse
2694 1988 3035 2058 producitur
3068 2005 3080 2042 :
3124 1988 3254 2043 aeris
3285 1989 3472 2044 motui
3502 1991 3574 2044 ad

179 2080 247 2149 τῇ
293 2073 556 2145 διαλύσει,
602 2079 672 2149 τῇ
723 2072 1030 2142 διαπλάσει,
1078 2077 1145 2148 τῇ
1191 2070 1438 2144 διαξέσει.
1490 2073 1634 2128 Κατὰ
1661 2077 1768 2127 ταῦι

1985 2092 2043 2130 oc
2093 2080 2157 2130 ut
2208 2082 2401 2131 statua
2452 2075 2814 2143 conficiatur,
2865 2076 2974 2131 hoc
3023 2081 3129 2147 est,
3180 2076 3574 2148 dissolutioni,

178 2165 278 2240 γάρ
337 2165 366 2218 6
423 2161 647 2236 δυνάμει
707 2161 943 2236 ἀνδριὰς,
1001 2161 1169 2238 ἤγουν
1226 2163 1254 2216 ὁ
1311 2161 1542 2237 χαλκὸς,
1599 2166 1767 2216 κινεῖτ

1992 2165 2234 2231 'fictioni,
2265 2165 2603 2236 expolitioni
2635 2163 2935 2235 analogice
2967 2166 3331 2235 respondeat.
3367 2166 3581 2220 Secun-

179 2253 316 2327 πρὸς
367 2252 431 2306 τὸ
475 2251 717 2327 γενέσθαι
765 2255 834 2325 τῇ
885 2250 1126 2326 ἐνεργείᾳ
1174 2249 1410 2326 ἀνδριάς.
1451 2251 1521 2304 Τὸ
1571 2246 1615 2304 δ’
1654 2247 1768 2304 αἶ’τιη

1990 2271 2076 2308 1m
2110 2253 2218 2308 hoc
2267 2253 2422 2308 enim
2470 2253 2528 2306 id
2587 2253 2744 2323 quod
2786 2258 3070 2324 potestate
3101 2259 3190 2308 est
3219 2257 3434 2320 statua,
3469 2254 3579 2309 hoc

177 2343 276 2409 τῆς
333 2342 596 2410 κινήσεως
653 2344 722 2413 τῇ
776 2338 900 2413 ὕλῃ,
958 2340 1076 2402 καθ’
1133 2340 1193 2407 ἣν
1243 2338 1454 2408 κίνησιν
1502 2338 1564 2392 τὸ
1602 2335 1766 2410 δυνάμ

1987 2347 2024 2397 st
2052 2359 2148 2407 sas,
2183 2343 2254 2397 ad
2304 2342 2361 2396 id
2414 2346 2680 2396 movetur
2730 2347 2793 2395 ut
2840 2347 2970 2395 actu
3019 2341 3122 2395 fiat
3165 2346 3378 2396 statua.
3415 2343 3576 2406 Quod

179 2427 347 2498 αὐτῆς
402 2427 717 2502 ἐνεργεῖται,
772 2427 1018 2482 τουτέστι
1073 2428 1191 2490 καθ’
1244 2429 1304 2496 ἣν
1355 2427 1569 2496 κίνησιν
1624 2425 1683 2480 ἐκ
1727 2447 1768 2479 τι

1988 2430 2188 2500 anique
2220 2429 2472 2484 materiae
2502 2446 2681 2484 causa
2711 2433 2906 2484 motus
2936 2435 3045 2496 est,
3070 2447 3184 2501 quo
3218 2437 3378 2485 motu
3410 2431 3480 2486 ab
3513 2448 3577 2487 eo

181 2514 399 2590 δυνάμει
433 2515 564 2570 εἶναι
613 2521 772 2589 σῶμα
820 2515 1042 2592 φυσικὸν
1089 2517 1124 2585 ἠ
1157 2513 1263 2584 ὕλη
1320 2515 1614 2590 προάγεται
1663 2514 1770 2576 εἷς’

1988 2519 2093 2573 uod
2125 2521 2408 2588 potestate
2439 2522 2527 2572 est
2557 2533 2767 2588 corpus
2799 2517 3062 2572 naturale
3092 2519 3163 2573 ad
3194 2518 3304 2574 hoc
3341 2523 3406 2574 ut
3446 2524 3577 2574 actu

181 2604 418 2681 ἐνεργείᾳ
448 2604 577 2659 εἶναι
625 2609 784 2677 σῶμα
831 2605 1050 2682 φυσικὸν
1101 2607 1281 2678 (τοῦτο
1330 2601 1388 2658 δὲ
1413 2605 1475 2658 τὸ
1526 2601 1694 2658 αἶ’τιον
1724 2624 1770 2656 τι

1990 2611 2012 2660 ι
2033 2623 2242 2675 corpus
2264 2605 2548 2671 naturale,
2576 2605 2820 2660 materia
2843 2606 3187 2676 producitur
3210 2607 3395 2678 (atqui
3427 2607 3578 2664 hanc

180 2694 334 2770 φύσιν
393 2691 693 2768 ἐλέγομεν),
751 2692 1088 2766 ἀναλογείτω
1140 2695 1208 2766 τῇ
1275 2690 1769 2768 ἀνδριαντοποιητι)

1987 2711 2194 2758 iusam,
2222 2699 2492 2749 naturam
2517 2694 2900 2765 dicebamus),
2927 2695 3226 2750 statuariae
3247 2697 3352 2750 arti
3375 2698 3576 2752 eadem

180 2782 366 2856 τέχνῃ.
414 2785 500 2852 Τῷ
545 2777 971 2856 ἀνδριαντοποιῷ
1017 2785 1143 2856 γοῦν
1198 2779 1343 2852 αὐτῷ
1391 2785 1470 2851 τῷ
1517 2779 1736 2854 τεχνίτῃ

1991 2785 2307 2855 roportione
2340 2783 2704 2854 respondeat.
2729 2783 3021 2838 Statuario
3054 2785 3234 2856 igitur
3264 2786 3374 2856 ipsi
3408 2791 3464 2842 et
3493 2805 3580 2841 ar-

179 2869 244 2924 τὸ
292 2867 611 2944 ἀναλογοῦν,
660 2869 695 2938 ἢ
746 2868 961 2930 πάντως
1005 2869 1034 2922 6
1081 2873 1298 2944 πρῶτος
1343 2868 1432 2922 καὶ
1481 2867 1694 2938 ἀληθὴς
1739 2889 1768 2922 τ

1989 2872 2076 2927 ﬁci
2110 2872 2248 2943 quid
2297 2876 2386 2928 est
2433 2872 2586 2943 quod
2622 2873 2775 2928 I02
2809 2858 3180 2944 proportione
3211 2875 3578 2947 respondeat,

184 2957 380 3034 χνίτης
424 2960 513 3013 καὶ
564 2954 916 3032 δημιουργὸς,
967 2957 1026 3019 ὅς
1075 2956 1214 3012 ἐστιν
1265 2958 1291 3010 6
1345 2955 1473 3018 Θεὸς
1525 2975 1538 3024 ;
1595 2965 1773 3010 Δυνατι

1989 2978 2114 3015 iam
2145 2960 2380 3016 omnino
2412 2961 2639 3033 primus
2682 2960 2780 3015 ille
2833 2965 2888 3015 et
2934 2977 3106 3015 verus
3159 2963 3364 3019 artifex
3402 2967 3578 3035 atque

186 3045 275 3102 οὖν
305 3047 405 3115 τὴν
447 3045 650 3121 τέχνην
707 3045 857 3107 ἐκτὸς
904 3046 1038 3099 εἶναι
1085 3049 1181 3100 τοῦ
1230 3044 1482 3120 τεχνίτου
1517 3063 1529 3113 ;
1565 3044 1659 3098 Καὶ
1709 3049 1775 3098 πᾶ

1989 3050 2199 3104 mditor
2250 3050 2351 3121 qui
2398 3054 2486 3104 est
2535 3050 2733 3104 Deus?
2777 3050 2998 3106 Fierine
3046 3050 3224 3121 igitur
3270 3056 3477 3121 potest,
3512 3058 3578 3108 ut

184 3131 328 3190 ἔσται
352 3135 608 3211 τεχνίτης
641 3132 797 3196 οὗτος
823 3135 923 3204 τὴν
963 3134 1162 3208 τέχνην
1217 3132 1316 3187 οὐκ
1346 3131 1486 3208 ἔχων
1521 3138 1571 3187 ἐν
1605 3134 1773 3204 ἑαυτῷ

1986 3155 2031 3193 rs
2061 3138 2137 3192 sit
2165 3142 2324 3192 extra
2354 3138 2632 3193 artificem
2662 3142 2684 3194 Ρ
2733 3140 2802 3193 Et
2849 3155 2964 3210 quo
3002 3139 3239 3194 tandem
3280 3141 3452 3196 modo
3481 3141 3575 3196 hic

185 3226 252 3280 Ἣ
303 3223 432 3299 γοῦν
494 3223 547 3278 οῗ
598 3227 666 3297 τῇ
715 3223 883 3298 τέχνῃ
929 3223 1026 3291 τὴν
1083 3221 1237 3300 φύσιν
1290 3221 1588 3291 εἰκάζοντες
1624 3219 1774 3275 δώσοι

1988 3227 2046 3282 -it
2073 3226 2295 3292 artifex,
2328 3226 2428 3296 qui
2461 3231 2644 3281 artem
2675 3225 2735 3281 in
2767 3242 2828 3282 se
2868 3243 2984 3281 non
3015 3227 3272 3283 habeat?
3314 3229 3420 3294 Qui
3467 3230 3577 3302 igi-

186 3334 264 3367 σιν
299 3313 433 3367 εἶναι
479 3313 577 3381 τὴν
625 3312 778 3390 φύσιν
828 3311 974 3387 παρὰ
1171 3315 1285 3382 Θεῷ
1327 3311 1417 3365 καὶ
1466 3314 1600 3365 Θεοῦ
1639 3309 1775 3388 σοφίι

1989 3331 2037 3368 ir
2086 3314 2194 3370 arti
2247 3319 2513 3369 naturam
2565 3321 2929 3385 comparant,
2961 3320 3061 3370 aut
3110 3321 3377 3372 naturam
3425 3299 3578 3390 apin

184 3401 274 3456 καὶ
327 3405 519 3477 γνῶσιν
572 3398 773 3470 ταύτην
827 3397 1167 3470 καλέσουσιν,
1226 3401 1260 3468 ἢ
1323 3400 1374 3454 οἱ
1433 3398 1682 3474 λέγοντες
1731 3420 1773 3452 ττ

1994 3419 2126 3458 eum
2158 3419 2286 3458 esse
2316 3403 2657 3474 concedent,
2681 3402 2897 3474 Deique
2927 3403 3272 3476 sapientiam
3307 3410 3361 3460 et
3391 3407 3583 3478 cogni-

187 3489 342 3569 φύσιν
389 3488 710 3566 ἐνυπάρχειν
759 3493 878 3550 τοῖς
928 3493 1173 3566 φυσικοῖς
1218 3489 1334 3560 τὸν,
1385 3488 1512 3543 Θεὸν
1562 3495 1664 3557 τῆς
1719 3488 1776 3542 έα

1996 3508 2157 3546 onem
2190 3509 2317 3547 eam
2350 3490 2728 3562 appellabunt
2762 3509 2774 3545 :
2809 3497 2909 3547 aut
2938 3494 2985 3547 si
3020 3499 3290 3548 naturam
3320 3494 3378 3549 in
3413 3496 3585 3552 rebus

185 3582 282 3634 τοῦ
339 3577 528 3656 σοφίας
583 3575 674 3632 καὶ
733 3576 986 3652 γνώσεως
1046 3574 1496 3650 ἀλλοτριώσουσι.
1557 3577 1645 3646 Μή
1703 3597 1774 3630 πο

1999 3580 2312 3636 ituralibus
2340 3579 2534 3635 inesse
2562 3579 2776 3648 dicent,
2806 3580 2990 3636 Deum
3019 3599 3050 3637 a
3080 3599 3189 3638 sua
3219 3583 3501 3654 sapientia
3531 3589 3588 3639 et

189 3670 317 3742 γοῦν
354 3711 368 3737 ,
427 3665 647 3741 ἐπείπερ
701 3663 752 3719 ἐν
821 3670 942 3726 ταῖς
1010 3665 1230 3740 τέχναις
1300 3665 1390 3719 καὶ
1447 3660 1646 3740 ὄργανά
1701 3663 1778 3718 εἰσ

2001 3668 2271 3741 ignitione
2300 3668 2696 3724 removebunt.
2727 3669 3005 3740 Nunquid
3034 3670 3213 3742 igitur
3243 3688 3376 3726 cum
3411 3672 3468 3726 in
3503 3690 3590 3727 ar-

193 3755 509 3830 ὑπουργικὰ,
575 3752 789 3830 βέλτιον
836 3753 1002 3820 εἶπεῖν
1054 3755 1154 3822 τὴν
1213 3751 1367 3831 φύσιν
1421 3752 1630 3830 ὀργάνῳ
1692 3751 1782 3826 μᾶ]

2000 3759 2101 3812 bus
2151 3756 2325 3813 etiam
2376 3757 2772 3813 instrumenta
2812 3759 3161 3814 administra
3205 3761 3343 3830 sint,
3379 3761 3589 3817 melius

193 3843 289 3900 λον
345 3840 625 3918 ἀναλογεῖν
694 3842 810 3914 θείᾳ
867 3841 1009 3918 ῥοπῇ
1068 3841 1434 3914 κινουμένην,
1496 3841 1584 3896 καὶ
1637 3838 1782 3896 ἄλλοι

1997 3846 2054 3900 ~it
2083 3847 2295 3912 dicere,
2330 3851 2596 3900 naturam
2632 3863 2766 3901 cum
2799 3847 3188 3903 instrumento
3234 3847 3430 3920 potius
3479 3849 3586 3904 ha-

193 3930 379 3994 ἄλλως
429 3931 498 3986 τὰ
554 3931 749 4010 φυσικά
827 3931 1248 4004 μετατιθεμένην
1301 3929 1390 3985 καὶ
1453 3931 1782 4004 μετατρέπου

2000 3950 2079 3989 are
2109 3933 2564 4006 proportionem,
2598 3951 2724 4006 quae
2768 3934 2962 3989 divino
2994 3939 3139 3990 nutu
3174 3942 3497 4004 moveatur,
3531 3942 3589 3993 et

194 4041 309 4090 σαν,
370 4021 454 4082 οἷς
513 4021 541 4074 6
600 4017 935 4096 δημιουργὸς
986 4019 1264 4074 ἐπίσταται
1320 4016 1511 4094 λόγοις
1564 4019 1699 4074 κατᾶ
1733 4021 1783 4073 τί

2008 4024 2090 4078 ias
2121 4021 2234 4078 alio
2266 4022 2438 4077 modo
2469 4039 2561 4077 res
2591 4023 2886 4078 naturales
2916 4027 3263 4095 transponat
3299 4029 3354 4080 et
3397 4025 3586 4080 inver-

194 4109 427 4187 ἔμφυτον
480 4107 643 4163 αὐτοῦ
702 4107 889 4186 σοφίαν
949 4108 1038 4162 καὶ
1093 4107 1472 4178 ἀκατάληπτον
1506 4153 1519 4177 ,
1577 4108 1678 4177 τήν
1731 4111 1783 4161 τε

1995 4113 2051 4174 it,
2075 4109 2400 4164 rationibus
2433 4107 2712 4164 nimirum
2744 4109 2839 4175 iis,
2863 4127 3010 4181 quas
3041 4111 3164 4182 ipse
3190 4114 3454 4168 conditor
3483 4131 3584 4184 pro

192 4197 335 4254 ὅλων
392 4198 684 4269 ποιητικὴν
743 4198 832 4252 καὶ
889 4198 1202 4266 συνεκτικὴν
1263 4196 1352 4251 καὶ
1410 4190 1781 4269 διακυϐερνητι

1997 4215 2054 4253 ιιι
2084 4196 2195 4252 sibi
2245 4197 2421 4251 insita
2462 4201 2519 4252 et
2565 4197 2831 4252 omnium
2862 4198 3170 4253 hominum
3203 4200 3586 4271 comprehen—

192 4290 316 4359 χήν.
1947 4287 2172 4342 sionem
2231 4285 2542 4356 eﬂ‘ugiente
2599 4286 2904 4357 sapientia,
2967 4305 3080 4358 qua
3138 4288 3408 4343 universa
3468 4288 3590 4343 haec

1947 4374 2146 4442 efﬁcit,
2181 4378 2376 4429 tuetur
2404 4378 2459 4428 et
2489 4375 2796 4446 gubernat,
2827 4376 3090 4447 cognitas
3121 4375 3344 4432 habet?

267 4462 329 4522 δ’.
361 4469 600 4520 Τοσαῦτα
628 4464 718 4520 καὶ
761 4463 884 4540 περὶ
936 4462 1169 4541 φύσεως,
1213 4461 1335 4532 ἤτις
1368 4461 1530 4533 ἐστὶν,
1581 4463 1656 4525 ὡς
1688 4459 1838 4538 εἶ’ρη-

2022 4464 2073 4518 li.
2107 4463 2174 4517 Et
2204 4462 2323 4517 haec
2355 4464 2525 4517 etiam
2561 4463 2631 4517 de
2662 4468 2888 4532 natura,
2923 4481 3073 4535 quae,
3107 4470 3170 4519 ut
3201 4466 3444 4536 dictum,
3475 4465 3592 4521 illis

193 4573 302 4623 ται,
351 4559 468 4617 τοῖς
532 4551 1022 4627 μέν’κινουμένοις
1084 4551 1288 4625 μόνον,
1350 4552 1493 4628 ἀρχὴ
1552 4555 1782 4621 κινήσεω

2004 4569 2077 4606 ias
2125 4551 2409 4606 duntaxat
2455 4555 2781 4618 moventur,
2816 4552 3170 4624 principium
3225 4559 3465 4609 motus:
3521 4554 3593 4610 iis

195 4647 312 4704 τοῖς
370 4638 428 4696 δὲ
478 4642 816 4715 κινουμένοις
864 4640 954 4695 καὶ
1012 4641 1331 4715 ἠρεμοῦσιν,
1384 4640 1528 4715 ἀρχὴ
1577 4641 1784 4710 κινήσει

2006 4657 2080 4695 aa:
2111 4642 2417 4694 moventur
2445 4642 2503 4694 et
2532 4639 2857 4708 quiescunt,
2885 4645 3079 4695 motus
3109 4645 3166 4696 et
3194 4641 3406 4712 quietis
3442 4641 3595 4714 prin-

196 4730 286 4785 καὶ
343 4729 594 4807 ἠρεμίας,
655 4731 801 4805 ἀρχὴ
859 4729 946 4784 καὶ
1006 4727 1152 4782 αῗτία
1207 4729 1506 4804 προσεχής·
1570 4728 1630 4782 τὸ
1676 4748 1785 4782 κινε

2013 4728 2192 4800 pium,
2220 4725 2573 4798 principium
2594 4726 2836 4797 inquam
2863 4735 2918 4782 et
2948 4745 3122 4784 causa
3155 4730 3452 4800 proxima:
3487 4729 3595 4784 hoc

198 4814 400 4893 ἔχουσα
445 4817 536 4873 καὶ
586 4817 868 4894 ἠρεμίζειν
911 4817 979 4871 τὰ
1031 4817 1134 4870 ὑπὸ
1181 4817 1281 4885 τὴν
1310 4812 1579 4886 αἶ’σθησιν,
1617 4820 1785 4870 τοιῶσ

2003 4818 2197 4883 abens,
2233 4820 2296 4870 ut
2326 4821 2571 4878 moveat,
2603 4821 2660 4870 et
2708 4817 2780 4871 ad
2824 4817 3078 4887 quietem
3108 4819 3260 4872 103
3294 4819 3592 4888 perducat,

199 4926 316 4968 πως
357 4903 602 4975 ἕκαστον,
649 4905 785 4961 κατὰ
829 4907 928 4976 τήν
977 4909 1150 4960 νεῦσιν
1191 4908 1287 4958 τοῦ
1338 4903 1506 4977 μόνου
1555 4907 1723 4982 σοφοῦ
1754 4905 1784 4958 ἁ

2006 4925 2022 4961 ι
2069 4922 2194 4977 quae
2242 4905 2352 4960 sub
2402 4921 2641 4959 sensum
2693 4906 2930 4970 cadunt,
2961 4912 3115 4960 certo
3161 4906 3393 4978 singula
3425 4907 3595 4962 modo

199 4994 512 5071 χιτέκτονος
540 4993 629 5049 καὶ
660 4991 976 5049 πανταιτίου
1003 4995 1158 5048 Θεοῦ.

2010 5012 2057 5050 ro
2109 4993 2285 5048 unius
2333 4992 2492 5047 illius
2541 4993 2823 5065 sapientis
2866 4995 3167 5050 architecti
3212 4996 3599 5068 omniumque

1955 5099 2152 5140 rerum
2182 5083 2436 5138 auctoris
2470 5082 2569 5138 Dei
2602 5087 2748 5138 nutu
2789 5089 2845 5138 et
2872 5083 3132 5140 arbitrio.

1461 5295 1841 5358 SYNOPSlS
1887 5295 2190 5357 CAPITIS
2235 5296 2312 5355 IX
2330 5341 2345 5366 ,

1362 5407 1518 5460 QUOD
1564 5409 1672 5453 EST
1712 5409 1791 5452 DE
1833 5409 1979 5456 LOCO
2022 5409 2100 5453 ET
2141 5409 2445 5453 TEMPORE.

204 5505 264 5565 1.
298 5502 362 5564 Ε
363 5522 401 5565 a
429 5521 561 5584 quae
588 5511 744 5584 sunt.
777 5499 1225 5582 quadri/ariam
1254 5495 1490 5565 dividit,
1528 5501 1588 5556 in
1632 5509 2136 5584 momenmentum
2164 5498 2492 5578 prinmpia,
2525 5519 2749 5584 eaquae
2782 5514 3103 5575 moventur,
3138 5513 3194 5566 et
3239 5504 3488 5584 denique
3541 5522 3611 5564 ea

285 5600 416 5664 qua?
434 5577 579 5644 sunt
607 5577 814 5664 hortm}
842 5577 1046 5664 gratio
1064 5598 1090 5656 ,'
1117 5587 1173 5638 et
1197 5587 1491 5664 praeterea
1516 5581 1812 5664 corporis,
1838 5577 1970 5664 loci,
2004 5590 2212 5646 motus,
2256 5587 2314 5664 et_
2358 5577 2648 5661 temporis—
2687 5595 2946 5664 mutuam
2979 5585 3168 5658 σχὲσω
3201 5605 3300 5645 seu
3341 5577 3607 5663 a7fectz'o-

286 5656 417 5724 ﬁem
443 5663 748 5746 proponit.
783 5656 863 5707 -ζ
892 5664 951 5720 2.
988 5656 1211 5746 Locum
1235 5656 1512 5746 describi}
1536 5656 2063 5746 etidescrzptionem
2086 5656 2543 5746 parun/irastz’ce
2571 5661 2852 5746 επρίξσίιτ,
2887 5673 2941 5724 et
2985 5656 3180 5746 primo
3217 5656 3616 5746 genujégquart:

287 5737 626 5828 superﬁcies
656 5743 890 5804 dicatur
914 5739 1156 5822 probat,
1178 5746 1232 5800 et
1258 5738 1717 5855 participatione
1745 5737 2398 5804 lobatidz'me'nsz'ouibus
2428 5737 2816 5823 longitudinis
2847 5755 2903 5807 et
2933 5737 3269 5807 latitudinis
3290 5737 3612 5820 subjectum

494 5877 759 5943 Ριτιιοι..
809 5876 919 5940 Gn.
967 5871 1198 5951 CXLII,
3256 5877 3331 5939 35
