4024 6442
453 331 481 388 1
492 329 611 391 099
1687 330 1735 388 Ν
1744 327 2111 390 ICEPHORI

2227 328 2594 393 JEMMIDIE
3712 328 3843 390 1100

532 480 647 521 esse
675 467 991 541 monstrat,
1017 460 1157 541 quia
1185 460 1467 519 nimirum
1495 468 1578 520 est
1602 460 1959 541 superﬁcies.
1995 493 2073 541 5—
2102 462 2163 521 3.
2200 460 2496 541 Exempla
2529 461 2645 522 loci
2668 469 2935 535 recenset,
2970 471 3025 522 et
3055 461 3119 521 in
3155 460 3352 540 primo
3380 478 3505 539 per
3534 461 3843 540 occupatio-

532 561 660 600 nem
690 539 871 600 dttuit
888 539 1263 619 objectionem
1298 542 1561 620 tacitam,
1586 552 1641 600 et
1674 542 1736 599 in
1765 540 1956 600 altero
1986 540 2326 601 divisionem
2353 539 2470 601 laci
2496 543 2555 601 in
2586 541 3066 601 universaliorem
3094 549 3149 600 et
3161 539 3731 620 particulariorem,
3751 542 3844 601 sive

534 621 800 703 latiorem
831 627 885 678 et
914 620 1310 703 angustiorem
1344 619 1628 703 insinuat.
1661 655 1737 663 —
1765 620 2080 703 4._Locum
2106 622 2505 701 propinquum
2537 623 2648 703 qui
2668 622 2842 682 etiam
2872 640 3061 703 magis
3097 619 3383 703 proprius
3409 629 3526 703 _est
3574 619 3840 703 declarat,

530 711 585 760 et
611 701 911 778 geminum
937 718 1066 781 elus
1096 700 1364 779 ofﬁcium
1393 701 1660 781 exponit,
1685 701 1979 760 continere
2006 711 2063 760 et
2088 699 2377 781 suscipere
2406 699 2681 761 locatum.
2704 735 2784 746 —
2808 705 2869 761 5.
2901 699 3130 761 Relicta
3158 701 3270 761 hac
3297 699 3368 760 de
3396 699 3535 781 loco
3564 702 3838 770 sententia,

531 781 870 860 quinetiam
901 780 1236 839 Aristotelis
1263 789 1364 848 est,
1398 780 1708 860 propriam
1749 782 1929 859 affert
1972 783 2338 852 sententiam,
2372 791 2432 841 et
2476 781 2661 842 locum
2711 800 2827 840 non
2876 790 3109 841 tantum
3151 781 3351 860 primo
3399 780 3627 860 definit
3672 790 3727 840 et
3755 801 3845 860 pro

533 859 762 940 duplici
821 866 976 919 [04
1022 860 1166 919 situs
1213 859 1570 939 differentia,
1600 860 1918 920 essentialis
1962 872 2019 920 et
2069 861 2396 932 adventitii,
2432 863 2491 920 in
2544 861 2871 921 naturalem
2919 870 2979 920 et
3023 859 3442 921 occidentalem
3478 859 3734 931 dividit,
3761 859 3842 919 sed

531 943 707 1000 etiam
732 958 843 1019 pro
871 940 1194 999 essentialis
1222 941 1367 999 situs
1398 942 1727 1001 variatione
1757 940 1944 1000 locum
1973 959 2200 1020 quoque
2228 940 2558 1001 naturalem
2587 940 2930 1007 subdividit,
2967 941 3029 999 in
3074 960 3204 999 eum
3250 958 3425 1020 quem
3472 940 3752 1020 quaslibet
3774 960 3845 998 res

533 1020 709 1080 liabet
738 1028 803 1078 ut
832 1028 1013 1079 totum
1038 1038 1159 1102 per
1173 1038 1232 1079 se
1260 1033 1521 1101 accepta,
1553 1031 1608 1080 et
1640 1024 1700 1079 in
1728 1039 1855 1080 eum
1900 1040 2070 1100 quem
2100 1020 2288 1102 liabet
2337 1031 2401 1079 ut
2441 1041 2587 1102 pars
2632 1022 2900 1081 universi
2923 1021 3309 1102 considerata.
3344 1038 3527 1102 quem
3561 1030 3850 1098 utrumque

534 1108 801 1181 exempto
833 1108 1005 1158 terra?
1033 1099 1319 1169 declarat,
1353 1099 1407 1160 et
1448 1102 1792 1181 posterioris
1822 1099 1997 1160 etiam
2047 1100 2162 1159 vim
2210 1099 2543 1161 naturalem
2571 1102 2835 1177 exponit.
2871 1134 2947 1146 —-
2975 1104 3036 1159 6.
3071 1099 3297 1181 Locum
3336 1099 3499 1159 hunc
3550 1119 3724 1180 quem
3767 1101 3848 1181 ille

536 1178 837 1256 intelligit,
867 1189 1045 1257 negat
1073 1182 1336 1259 corporis
1368 1178 1716 1240 continentis
1744 1181 2174 1239 extremitatem
2203 1200 2340 1247 esse,
2375 1191 2429 1239 et
2473 1182 2735 1240 eumdem
2778 1199 2816 1240 a
2860 1199 2925 1239 re
2955 1178 3405 1257 inseparabilem
3434 1178 3573 1240 esse
3596 1178 3840 1247 ostendit,

535 1278 666 1341 cum
693 1259 924 1341 quidem
954 1258 1363 1319 Aristotelicus
1396 1260 1561 1341 locus
1579 1262 1657 1319 sit
1680 1258 2048 1341 separabilils,
2085 1268 2148 1318 ut
2179 1280 2257 1341 ac
2282 1261 2601 1320 locatorum
2631 1279 2942 1341 corporum
2969 1260 3357 1319 translatioue
3387 1269 3570 1340 patet
3594 1279 3621 1333 ,'
3670 1269 3724 1319 et
3760 1277 3849 1335 per

541 1336 783 1411 μόρισμα
814 1340 1019 1417 infert,
1052 1358 1181 1421 quas
1208 1349 1510 1400 moventur
1540 1336 1821 1421 localiter,
1851 1339 2075 1421 partim
2124 1341 2187 1421 in
2208 1339 2380 1421 loco,
2410 1342 2635 1421 partim
2665 1336 2783 1399 non
2823 1341 2885 1398 in
2915 1338 3037 1421 loco
3065 1358 3204 1398 esse.
3236 1373 3314 1383 —
3435 1341 3671 1421 Aperit
3706 1357 3849 1421 quem

535 1436 721 1498 supra
747 1438 952 1499 nempe
978 1418 1234 1500 membro
1262 1421 1467 1498 quinto
1494 1440 1603 1500 per
1631 1418 1896 1500 accidens
1930 1418 2116 1500 locum
2145 1418 2389 1500 dixerit,
2411 1418 2641 1481 scilicet
2671 1418 3106 1480 Aristotelicum
3134 1438 3157 1494 ,'
3184 1437 3354 1500 quem
3381 1418 3528 1480 item
3582 1418 3675 1478 ibi
3702 1418 3847 1500 situm

538 1498 921 1559 adventitium
950 1498 1299 1578 appellarit.
1322 1534 1407 1580 γ-
1437 1498 1507 1559 8.
1530 1499 1942 1578 Deﬁnitionem
1990 1498 2105 1580 loci
2146 1498 2395 1580 alteram
2442 1519 2573 1580 quas
2615 1509 2719 1571 est,
2753 1518 3023 1559 mensura
3067 1498 3217 1558 situs
3257 1518 3464 1580 eorum
3509 1517 3645 1579 qua
3691 1499 3849 1580 posita

538 1587 696 1661 sunt,
729 1575 1141 1661 commendat;
1169 1579 1333 1661 quod
1353 1597 1575 1640 omnem
1607 1575 1796 1639 locum
1825 1578 2296 1661 comprehendat,
2326 1575 2469 1639 curri
2505 1599 2637 1640 eum
2682 1580 2794 1661 qui
2833 1589 2914 1639 est
2960 1581 3020 1661 in
3050 1577 3434 1661 corporibus,
3454 1575 3589 1661 tum
3770 1575 3855 1657 qui

542 1667 623 1720 est
650 1660 714 1717 in
745 1660 1122 1740 incorporeas,
1157 1657 1225 1718 ut
1251 1660 1426 1720 etiam
1457 1661 1519 1719 in
1547 1661 1848 1734 numeris;
1877 1657 2022 1739 quin
2061 1666 2120 1718 et
2157 1678 2523 1740 corporeum,
2559 1657 2708 1719 cum'
2736 1657 3091 1740 naturalem,
3130 1657 3252 1718 tum
3302 1657 3776 1740 accidentalem;
3809 1663 3851 1715 et

543 1738 875 1820 naturalem
906 1737 1128 1798 iterum
1177 1748 1509 1820 utrumque.
1544 1743 1740 1819 Atque
1787 1737 1901 1800 ita_
1923 1737 2377 1820 disputationem
2419 1738 2490 1799 de
2538 1739 2659 1800 loco
2704 1738 3020 1820 concludit.
3052 1743 3218 1820 —-_9.
3269 1737 3369 1820 f4d
3410 1737 3846 1820 disputationem

542 1816 771 1900 accedit
796 1818 865 1879 de
896 1826 1172 1898 tempore,
1200 1819 1360 1898 quod
1387 1815 1655 1900 primum
1686 1815 2026 1898 incomplete
2059 1838 2175 1898 per
2221 1838 2526 1879 numerum
2570 1827 2757 1879 motus
2811 1818 3079 1900 deﬁnit;_
3098 1816 3317 1900 deinde
3357 1815 3683 1900 numerum
3723 1815 3850 1896 facit

545 1898 835 1979 duplicem
883 1897 1245 1958 numeratem
1301 1909 1357 1959 et
1387 1897 1794 1971 numeratum,
1830 1897 2133 1979 ipsumque
2164 1905 2338 1979 _105
2371 1908 2774 1960 numerantem
2801 1897 3127 1979 subdividit
3153 1900 3218 1958 in
3246 1917 3379 1959 eum
3404 1899 3528 1978 qui
3550 1907 3641 1959 est
3675 1915 3848 1957 secun-

545 1976 683 2037 dum
712 1986 1123 2057 quantitatem,
1157 1987 1210 2037 et
1238 1980 1298 2037 in
1325 1999 1455 2039 eum
1484 1981 1597 2060 qui
1615 1988 1696 2039 est
1723 1976 2046 2039 secundum
2064 1976 2352 2060 ordinem,
2385 1997 2471 2060 ac_
2487 1980 2736 2060 denique
2764 1977 3013 2038 ostendit
3041 1987 3261 2060 tempus
3301 1976 3625 2060 numerum
3670 1993 3777 2060 esse
3808 1981 3849 2034 et

548 2055 944 2139 numerantem
976 2066 1030 2116 et
1058 2070 1427 2119 numeratum
1449 2078 1473 2134 ;
1490 2055 1601 2118 sed
1626 2068 1991 2139 numeratum
2021 2058 2337 2139 secundum
2359 2055 2649 2139 ordinem;
2672 2058 2781 2119 hoc
2808 2069 2912 2131 est,
2937 2055 3252 2139 secundum
3275 2058 3447 2138 prius
3478 2068 3540 2119 et
3561 2055 3843 2139 poem-ms,

551 2138 818 2219 idque_in
850 2148 1009 2196 motu
1030 2138 1228 2219 primo
1276 2149 1333 2198 et
1370 2138 1630 2219 simplici
1651 2138 1956 2210 circulari,
1988 2138 2180 2217 qualis
2231 2148 2311 2197 est
2358 2138 2597 2219 ctelestis
2644 2148 2830 2198 motus
2862 2156 2885 2196 .'
2933 2137 3219 2219 quomodo
3271 2134 3579 2219 temporis
3609 2134 3842 2219 deﬁnitio

551 2213 896 2299 completur.
930 2251 1005 2261 -κ
1034 2213 1131 2277 10.
1169 2216 1427 2278 Ostendit
1457 2213 1679 2299 tempus
1722 2213 2059 2299 mensurare
2104 2227 2319 2299 motum
2367 2217 2744 2289 circularem,
2775 2213 3018 2299 eumque
3067 2213 3512 2290 calestemfsed
3552 2213 3687 2297 per
3710 2213 3843 2274 illum

552 2317 747 2357 omnes
775 2297 925 2356 alios
954 2310 1141 2356 motus
1169 2317 1191 2358 .'
1239 2308 1295 2358 et
1321 2317 1436 2359 esse
1464 2297 1696 2377 quidem
1729 2308 1919 2357 motus
1948 2297 2259 2357 circularis
2288 2317 2598 2358 numerum
2650 2307 2770 2358 tum
2818 2297 3242 2370 numerantem,
3275 2307 3398 2356 tum
3444 2304 3806 2377 numeratum
3828 2311 3846 2367 ,'

560 2378 662 2438 sed
685 2387 1027 2438 caeterorum
1058 2386 1317 2437 motuum
1343 2373 1744 2438 numerantem
1774 2377 2087 2449 duntaxat,
2119 2396 2237 2436 non
2281 2379 2456 2439 etiam
2502 2389 2896 2438 numeratum.
2936 2376 3104 2440 Unde
3151 2380 3338 2453 infert
3380 2387 3620 2457 tempus
3665 2373 3845 2457 ubiun

562 2458 713 2518 idem
742 2477 885 2538 esse.
907 2491 990 2538 7-7—-
1017 2461 1112 2517 11.
1146 2457 1453 2538 [tationem
1480 2459 1761 2536 assignat,
1791 2477 1976 2537 quare
2004 2458 2413 2538 tempusiquod
2442 2477 2572 2538 cum
2598 2469 2758 2518 motu
2788 2457 2978 2538 loculi
2996 2467 3084 2517 est
3124 2449 3445 2538 evidentius
3487 2449 3573 2517 sit
3616 2475 3679 2516 eo
3721 2449 3848 2534 quod

557 2547 638 2598 est
665 2556 793 2597 cum
818 2537 959 2619 aliis
986 2537 1233 2597 motibus
1253 2559 1276 2606 ;
1303 2549 1360 2598 et
1387 2539 1564 2619 quasi
1582 2558 1691 2618 per
1716 2536 2130 2619 correctionem
2152 2536 2282 2618 subj
2287 2538 2392 2598 icit
2418 2537 2575 2598 illud
2602 2539 2793 2618 ipsum
2821 2536 2981 2618 quod
3005 2547 3088 2597 est
3113 2557 3244 2619 cum
3275 2536 3459 2598 locali
3473 2546 3640 2619 motu
3662 2544 3846 2610 tempus

557 2620 735 2678 etiam
765 2616 910 2678 alios
939 2627 1125 2698 motus
1161 2616 1521 2677 mensurare.
1555 2616 1630 2663 -ἔ-
1666 2622 1761 2678 12.
1814 2617 2041 2677 Probat
2086 2616 2305 2698 tempus
2351 2637 2466 2678 non
2514 2616 2737 2678 tantum
2779 2616 3198 2698 motuum,_sed
3240 2627 3419 2677 etiam
3462 2618 3844 2698 quieturum:

552 2717 905 2788 mensuram,
932 2696 1043 2788 ubi
1067 2698 1584 2788 etiamduplicegn
1591 2699 1739 2788 facit
1766 2707 2009 2769 motum,
2034 2695 2215 2788 unum
2246 2699 2356 2777 qui
2377 2698 2569 2788 quieti
2586 2699 2923 2788 opponitur,
2949 2707 3007 2788 et
3028 2696 3279 2788 alterum
3300 2716 3403 2777 qui
3430 2695 3618 2757 etiam
3635 2695 3845 2788 quiete”:

552 2767 1010 2858 comprehendit,
1041 2788 1093 2837 et
1121 2767 1371 2857 denique
1400 2767 1792 2858 deﬁnitionem
1826 2767 2101 2839 temooris
2144 2767 2357 2858 novam
2382 2767 2670 2857 ‘subjici't.’
2699 2813 2774 2822 —
2809 2767 3175 2851 13.71ndicat
3219 2767 3407 2858 quare
3454 2767 3682 2856 temsz
3718 2767 3846 2852 quod

549 2866 634 2918 est
660 2856 946 2938 continua,
978 2856 1283 2938 quantitas
1313 2856 1588 2918 numerus
1616 2857 1875 2930 dicatur,
1910 2858 2014 2917 ubi
2036 2856 2283 2917 ostendit
2312 2859 2499 2937 ipsum
2530 2877 2649 2917 non
2683 2866 2914 2917 tantum
2952 2856 3262 2917 numerum
3304 2856 3407 2917 sed
3447 2867 3511 2917 et
3555 2868 3844 2938 mensuram

546 2958 661 2998 esse
684 2961 707 3005 ;
729 2935 1072 3018 perinde'ut
1096 2946 1149 2997 et
1180 2958 1455 2998 numerus
1483 2940 1594 3018 qui
1616 2948 1675 2997 et
1702 2939 1822 3017 ipse
1851 2946 1931 3018 est
1962 2956 2035 3018 ea?
2064 2935 2637 3018 quatuor-mensuris
2668 2944 2833 3018 10$
2860 2956 3006 3018 quas
3033 2945 3341 3018 enumerat
3375 2946 3432 2996 et
3480 2935 3754 3018 explicat.
3780 2961 3839 3018 ς·-

551 3010 934 3098 14.7Tempus
964 3018 1022 3076 in
1047 3019 1418 3097 praeteritum
1455 3010 1510 3077 et
1554 3010 1824 3097 futurum
1844 3010 2092 3098 dividit:
2138 3027 2194 3075 et
2221 3014 2281 3068 τὸ
2311 3037 2465 3098 nunc
2506 3036 2616 3098 per
2659 3016 2821 3098 quod
2863 3010 3071 3098 divisio
3117 3016 3191 3098 ﬁt
3240 3017 3520 3096 temporis
3556 3010 3835 3098 'analogige

552 3089 837 3188 declarat;
871 3107 925 3188 et
957 3089 1178 3188 tevnpus
1204 3117 1318 3188 esse
1348 3089 1658 3188 negat_.'_-—
1683 3101 1789 3188 '45.
1825 3096 2023 3177 Ipsum
2056 3098 2243 3188 etiam
2269 3094 2334 3188 τὸ
2362 3089 2518 3188 nunc
2545 3089 2761 3188 dividit
2790 3098 2851 3157 in
2882 3095 2946 3188 id
2989 3089 3151 3178 quod
3184 3089 3382 3188 primo
3429 3107 3487 3156 et
3533 3114 3644 3188 per
3670 3089 3842 3188 ¹ξεῃίτιι

554 3178 794 3248 dicitur,
834 3186 889 3237 et
911 3171 1172 3257 partium
1203 3187 1379 3258 atque
1409 3171 1713 3238 divisionis
1741 3171 1954 3256 expers
1983 3185 2064 3236 est
2091 3196 2114 3250 ,·
2162 3186 2221 3258 et
2250 3178 2327 3258 Ain
2376 3177 2442 3236 id
2486 3176 2649 3257 quod
2695 3187 2958 3257 respectu
2993 3171 3303 3258 prasentis
3334 3171 3617 3258 temporis
3643 3171 3835 3238 dicitur.

555 3276 626 3319 ac
654 3254 931 3338 temporis
954 3275 1099 3338 pars
1127 3265 1209 3318 est
1234 3254 1388 3325 {ubi
1413 3259 1587 3319 etiam
1611 3254 1868 3338 praesens
1898 3266 2121 3336 tempus
2150 3255 2379 3335 deﬁnit,
2418 3266 2474 3317 et
2492 3254 2696 3338 ipsum
2726 3254 2957 3338 quoque
2986 3254 3147 3318 Nunc
3177 3254 3305 3318 dici
3324 3254 3604 3317 ostendit.

1114 3414 1349 3471 CAPUT
1388 3415 1478 3471 IX.

1000 3509 1081 3560 De
1110 3505 1225 3561 loco
1257 3507 1306 3559 ct
1336 3509 1593 3575 tempore.

548 3595 600 3647 1.
634 3593 846 3649 Eorum
880 3609 1006 3664 quae
1039 3596 1199 3659 sunt,
1231 3592 1345 3649 alia
1394 3599 1591 3648 motus
1640 3583 1798 3663 sunt,
1832 3597 1896 3648 ut
1942 3608 2120 3665 gene-

474 3681 726 3736 rationes
773 3685 829 3736 et
882 3681 1277 3747 alterationes,
1320 3685 1378 3735 et
1430 3681 1666 3752 reliqua:
1717 3680 2116 3737 mutationes:

471 3768 589 3824 alia
616 3772 810 3823 autem
841 3774 1109 3824 motuum
1141 3768 1453 3841 principia,
1482 3774 1546 3825 ut
1573 3769 1849 3841 primario
1881 3770 2117 3840 quidem

450 3862 625 3912 «Deus
655 3856 773 3929 (hic
801 3856 958 3911 enim
997 3873 1233 3912 summa
1277 3863 1333 3912 et
1381 3858 1671 3928 praecipue
1700 3857 1892 3913 omnis
1924 3862 2118 3913 motus

473 3962 652 4001 causa
671 3946 780 4016 est)
802 3963 815 4013 ;
839 3949 1260 4016 consequenter
1280 3949 1477 4000 autem
1500 3947 1698 4001 anima
1719 3962 1846 4019 quae
1869 3946 2120 4018 ipsumet

473 4051 507 4089 a
546 4050 608 4089 se
638 4038 830 4089 movet
857 4033 957 4089 illa
988 4050 1111 4105 quae
1143 4033 1330 4105 ipsius
1361 4039 1501 4089 sunt
1531 4034 1871 4106 participia;
1905 4051 1971 4089 ac
2002 4039 2117 4089 ter-

470 4123 554 4179 tio
584 4123 821 4178 demum
856 4122 979 4177 loco
1011 4127 1240 4190 natura,
1270 4138 1396 4193 quae
1428 4122 1578 4177 hanc
1610 4123 1996 4194 aptitudinem
2029 4140 2116 4179 re-

472 4211 584 4266 bus
615 4210 983 4267 naturalibus
1012 4211 1197 4280 ali‘ert,
1233 4215 1296 4265 ut
1344 4227 1445 4281 per
1493 4227 1554 4265 se
1602 4216 1965 4278 moveantur,
1999 4228 2114 4266 non

470 4300 608 4356 item
655 4317 725 4356 ex
770 4315 851 4356 se.
893 4303 1041 4354 Nam
1093 4299 1202 4354 hoc
1256 4298 1602 4354 animalium
1652 4302 1742 4354 est
1790 4301 2111 4370 proprium.

468 4388 640 4462 Ergo,
671 4389 934 4461 inquam,
976 4405 1177 4443 eorum
1227 4404 1352 4457 qua":
1400 4392 1539 4442 sunt
1588 4386 1702 4442 alia
1750 4392 1969 4454 motus,
2001 4388 2117 4443 alia

470 4482 735 4534 motuum
784 4483 922 4532 sunt
969 4477 1299 4548 principia;
1344 4476 1458 4531 alia
1510 4493 1640 4547 quas
1691 4481 2013 4544 moventur,
2049 4482 2115 4533 ut

466 4583 709 4639 corpora
735 4566 884 4638 ipsa,
917 4582 1049 4621 cum
1080 4565 1373 4637 simplicia
1403 4569 1532 4621 tum
1580 4565 1906 4637 composita
1934 4583 1947 4633 ;
1998 4565 2115 4621 alia

465 4655 717 4727 denique
745 4672 947 4711 eorum
979 4654 1161 4724 gratia
1195 4671 1321 4726 quae
1369 4659 1696 4724 moventur,
1732 4658 1795 4707 ut
1843 4653 2006 4709 locus
2057 4659 2113 4709 et

463 4745 945 4816 tempus.Corpus
967 4744 1149 4815 igitur
1169 4744 1405 4816 quidem
1436 4743 1494 4797 in
1529 4742 1674 4812 loco,
1698 4746 1891 4797 motus
1914 4747 2110 4797 autem

463 4833 523 4888 in
565 4794 914 4905 clorporefet
944 4794 1090 4887 ιῖη
1127 4794 1365 4903 ῐθἸωριιε
1396 4794 1754 4902 denique,in
1808 4836 1967 4885 motu
1999 4836 2107 4885 est.
2142 4794 2188 4858 Β

534 4924 588 4975 2.
625 4922 692 4976 Et
722 4921 883 4977 locus
911 4923 953 4956 ¹⁶
999 4922 1235 4993 quidem
1266 4924 1354 4975 est
1395 4919 1746 4975 continentis
1805 4918 2110 4990 [corporis]

469 5010 806 5064 extremitas
838 5010 1158 5066 immobilis
1189 5026 1303 5081 qua
1333 5009 1590 5063 continet
1632 5007 1689 5061 id
1739 5008 1891 5078 quod
1927 5009 2108 5063 conti-

468 5101 643 5151 netur
676 5097 718 5131 ιθ
751 5112 763 5151 :
816 5096 923 5152 hoc
954 5103 1059 5165 est,
1093 5114 1209 5168 qua
1240 5097 1297 5151 id
1328 5097 1482 5168 quod
1515 5096 1847 5151 continetur
1877 5112 2009 5150 cum
2043 5112 2110 5151 eo

467 5184 621 5257 quod
670 5183 926 5239 continet
974 5191 1304 5240 contactum
1354 5185 1547 5240 habet.
1600 5183 2106 5246 Quemadmodum

464 5274 621 5330 enim
656 5289 756 5327 vas
788 5273 941 5344 quod
984 5272 1145 5327 locus
1185 5274 1285 5345 qui
1315 5272 1621 5329 transferri
1654 5278 1845 5344 potest
1873 5273 2104 5341 dicitur,

460 5380 579 5420 non
611 5363 805 5434 ipsum
837 5365 1025 5416 totum
1061 5362 1189 5431 ejus
1220 5364 1372 5433 quod
1404 5361 1738 5417 continetur
1779 5361 1943 5417 locus
1995 5368 2104 5429 est,

2148 3426 2204 3491 A

2873 3418 3131 3470 ΚΕΦΑΛ.
3171 3414 3247 3470 Θ’.

2693 3503 2824 3579 Περὶ
2855 3502 3029 3558 τόπου
3059 3501 3149 3558 καὶ
3188 3501 3416 3579 χρόνου.

2302 3592 2366 3647 α’.
2416 3594 2530 3645 Τῶν
2583 3576 2866 3646 ὅντων-τὰ
2918 3591 3011 3665 μὲν
3064 3576 3324 3663 κινήσεις,
3374 3590 3451 3653 ὡς
3496 3588 3733 3667 γενέσεις,
3770 3576 3835 3667 καῖ

2228 3676 2579 3751 ἀλλοιώσεις,
2630 3679 2720 3734 καὶ
2766 3680 2820 3734 αἱ
2872 3677 3066 3734 λοιπαὶ
3119 3674 3448 3752 μεταϐολαὶ,
3490 3665 3564 3735 τά
3612 3675 3668 3732 δέ
3707 3665 3837 3747 ἀρχαὶ

2226 3771 2490 3839 κινήσεων
2525 3791 2537 3803 ·
2609 3769 2682 3831 ὠς
2739 3766 3174 3845 προηγουμένως
3252 3768 3346 3841 μὲν
3406 3770 3435 3824 ὁ
3489 3770 3663 3836 θεὸς,
3715 3757 3834 3816 οὗτος

2225 3856 2324 3932 γάρ
2374 3856 2483 3911 ἐστι
2533 3858 2629 3930 (τὸ
2675 3861 2935 3932 πρῶτον)
2984 3856 3073 3912 καὶ
3128 3856 3470 3933 ἀρχιώτατον
3526 3854 3687 3911 αἴτιον
3730 3845 3831 3903 ἁπά-

2227 3965 2325 4015 σης
2349 3947 2616 4015 κινήσεως
2652 3967 2665 3979 ·
2718 3944 2999 4017 ἑπομένως
3054 3942 3111 4000 δὲ
3158 3946 3193 4015 ’ἦ
3244 3946 3423 4020 ψυχὴ,
3471 3944 3608 4013 αὗτῆ
3638 3936 3829 4020 ὑφ’ὲωῗδέ

2223 4039 2323 4102 τῆς
2371 4038 2595 4088 κινοῦσα
2642 4035 2710 4089 τὰ
2753 4033 2957 4103 ταύτης
3013 4034 3313 4109 μετέχοντα
3345 4054 3359 4067 ο
3413 4035 3557 4089 κατὰ,
3592 4030 3750 4108 τρίτον
3789 4018 3832 4075 δὶ

2224 4121 2386 4196 λόγον
2419 4122 2448 4191 ἠ
2482 4120 2636 4198 φύσις
2688 4119 3070 4193 ἐπιτηδειότης
3125 4120 3259 4177 οὖσα
3303 4127 3419 4185 τοῖς
3469 4124 3704 4201 φυσικοῖς
3727 4110 3828 4187 πρὸς

2221 4211 2283 4264 τὸ
2311 4216 2571 4275 κινεῖσθαι
2615 4211 2703 4289 ἀφ’
2753 4212 2977 4283 ἑαυτῶν,
3029 4211 3090 4266 ού
3145 4213 3254 4284 μὴν
3303 4212 3389 4290 ὑφ’
3438 4212 3658 4267 ἑαυτῶν.
3696 4205 3826 4259 Τοῦτο

2222 4300 2325 4374 γὰρ
2367 4297 2511 4354 ’ἰδιον
2561 4287 2671 4354 τῶν
2720 4300 2895 4368 ζώων.
2944 4299 3019 4354 Τὰ
3065 4300 3159 4372 μὲν
3211 4297 3303 4354 οὖν
3348 4287 3455 4355 τῶν
3508 4296 3668 4356 ὄντων
3708 4287 3824 4356 xml’

2223 4409 2330 4449 σεις
2384 4387 2505 4457 εἰσὶ,
2563 4389 2631 4442 τὰ
2687 4385 2745 4443 δὲ
2803 4388 2970 4465 ἀρχαὶ
3015 4390 3303 4461 κινήσεων,
3350 4389 3420 4443 τὰ
3466 4386 3527 4444 δὲ
3562 4383 3819 4465 κιονύμεγφι

2221 4476 2295 4538 ὡς
2340 4478 2407 4530 τὰ
2450 4476 2695 4550 σώματα,
2744 4477 2812 4531 τά
2858 4498 2917 4531 τε
2966 4476 3115 4533 ἁπλᾶ
3158 4476 3248 4532 καὶ
3296 4477 3363 4531 τὰ
3411 4469 3744 4533 σύνθετα’τά

2222 4562 2311 4619 διὰ
2337 4565 2403 4619 τὰ
2431 4564 2743 4638 κινούμενα,
2794 4565 2870 4627 ὡς
2916 4564 3085 4627 τόπος
3134 4564 3223 4621 καί
3272 4565 3492 4642 χρόνος.
3540 4566 3608 4621 Τὸ
3650 4560 3728 4635 μὲν
3754 4548 3818 4642 οἶςί

2221 4659 2381 4726 σῶμα
2411 4653 2461 4708 έν
2493 4636 2649 4726 τόπῳ
2680 4652 2843 4724 ἐστὶν,
2876 4654 2909 4724 ἠ
2946 4651 3004 4708 δὲ
3050 4636 3347 4726 κίνησις-έν
3372 4658 3452 4726 τῷ
3494 4655 3712 4728 σώματι·
3736 4644 3759 4698 ὁ
3781 4636 3821 4694 δὲ

2220 4743 2420 4819 χρόνος
2454 4742 2504 4798 έν
2535 4747 2604 4817 τῇ
2635 4745 2867 4814 κινήσει.

2297 4921 2361 4995 β’.
2396 4918 2494 4974 Καὶ
2540 4920 2707 4983 τόπος
2763 4921 2857 4993 μὲν
2901 4918 3009 4975 ἔστι
3058 4921 3122 4977 τὸ
3166 4942 3264 4976 του
3312 4921 3656 4997 περιέχοντος
3688 4911 3812 4997 πέμπε

2220 5009 2472 5078 ἀκίνητον
2521 5009 2637 5063 καθ’
2696 5009 2725 5062 ὃ
2774 5008 3019 5084 περιέχει
3062 5011 3123 5064 τὸ
3170 5008 3561 5085 περιεχόμενον
3600 5053 3612 5065 .
3657 4995 3810 5058 Ταυτὸν

2220 5094 2266 5151 δ’
2347 5097 2515 5151 εἰπεῖν
2618 5098 2733 5151 καθ’
2821 5098 2849 5151 ’ὁ
2953 5101 3158 5176 συναφή
3260 5098 3369 5153 ἐστι
3471 5088 3808 5176 περιεχομένου

2216 5183 2306 5236 καὶ
2365 5183 2720 5259 περιέχοντος
2755 5227 2768 5241 .
2828 5184 2917 5246 Ὠς
2991 5175 3106 5261 γὰρ
3167 5188 3229 5240 τὸ
3305 5186 3522 5261 ἀγγεῖον
3594 5185 3620 5240 ’ὃ
3683 5175 3810 5232 τόπος

2219 5269 2434 5345 λέγεται
2517 5273 2892 5350 μεταφορητὸς
2945 5317 2959 5343 ,
3039 5273 3138 5328 οὐκ
3214 5270 3324 5329 ἔστι
3405 5274 3613 5348 σύμπαν
3681 5264 3806 5350 τόπος

2214 5365 2310 5414 τοῦ
2358 5348 2780 5437 περιεχομένου,
2831 5359 2959 5416 ἀλλ’
3002 5363 3036 5432 ἠ
3089 5362 3238 5426 ἐντὸς
3284 5364 3448 5419 αὐτοῦ
3477 5362 3632 5432 κοίλη
3660 5348 3804 5437 tutel:—

2214 5470 2345 5520 νεια,
2406 5452 2521 5504 καθ’
2581 5453 2648 5520 ἢν
2684 5455 2763 5523 τῷ
2808 5450 3187 5527 περιεχομένῳ
3245 5454 3579 5508 συνάπτεται·
3632 5447 3705 5502 τὸν
3738 5433 3804 5491 αὖ·

2212 5539 2304 5593 τὸν
2361 5538 2561 5611 τρόπον
2619 5540 2708 5595 καὶ
2770 5540 2798 5594 ὁ
2855 5540 3044 5612 τόπος,
3092 5540 3158 5602 ’ὸς
3190 5541 3402 5618 ἀγγεῖον
3457 5535 3805 5618 ἆμεταφόρῃτον

2215 5624 2429 5702 λέγεται
2466 5671 2479 5697 ,
2534 5627 2672 5681 κατὰ
2726 5629 2825 5697 τήν
2904 5629 3212 5702 ἁπτομένην
3281 5633 3392 5683 τῶν
3459 5617 3799 5708 περιεχομένων

2213 5717 2480 5791 σωμάτων
2539 5714 2847 5797 ἐπιφάνειαν
2906 5722 3131 5777 νοεῖται.
3188 5716 3373 5775 Τοίνυν
3428 5720 3517 5775 καὶ
3569 5713 3797 5786 ἆισυῖιματος

457 5453 558 5511 sed
592 5456 824 5507 interna
852 5451 980 5521 ejus
1010 5467 1263 5506 concava
1293 5451 1633 5523 superficies
1674 5467 1791 5522 qua
1840 5450 1900 5504 id
1950 5452 2104 5522 quod

454 5542 785 5600 continetur
814 5540 1048 5612 attingit
1084 5557 1095 5594 :
1137 5540 1341 5594 eodem
1372 5540 1545 5593 modo
1576 5538 1751 5593 etiam
1782 5538 1965 5599 locus,
2004 5540 2104 5611 qui

452 5651 553 5690 vas
577 5632 730 5705 quod
758 5628 1061 5687 transferri
1088 5645 1200 5683 non
1228 5629 1415 5699 possit
1446 5628 1685 5695 dicitur,
1705 5628 1876 5697 juxta
1906 5644 2106 5698 super-

452 5724 647 5780 ﬁciem
696 5738 812 5794 qua
866 5721 1139 5776 contenta
1170 5732 1414 5788 corpora
1444 5714 1699 5787 attingit,
1732 5714 2101 5788 intelligitur.

526 5842 566 5877 ³⁵
596 5841 629 5900 4
656 5839 829 5915 Phys.
861 5854 910 5896 ο.
945 5838 998 5908 4,
1030 5839 1071 5891 t.
1109 5835 1195 5904 14,
1229 5838 1363 5891 etc.
1396 5836 1450 5907 6,
1483 5837 1525 5889 t.
1559 5833 1646 5888 41.
1727 5833 1769 5869 ¹⁶
1800 5833 1830 5887 4
1861 5831 2032 5907 Phys.
2071 5849 2111 5890 c.

2236 5839 2278 5891 t.
2324 5836 2411 5903 17,
2455 5839 2513 5895 et
2550 5851 2600 5893 ο.
2631 5838 2686 5905 ὃ,
2719 5840 2762 5894 ι.
2796 5838 3005 5904 41,’42.
