4024 6432
211 467 381 529 1101

1550 465 1895 528 ΕΡΙΤΟΜΕ
1941 466 2296 529 PHYSlCA.

3475 471 3629 533 1102

213 599 246 652 6
296 597 469 660 τόπος
517 598 626 654 ἐστὶ
679 597 768 653 καὶ
827 595 1106 659 διαστατὸς
1174 599 1308 652 κατὰ
1373 597 1574 670 μέθεξιν
1649 603 1745 652 τοῦ
1815 596 1853 652 ἐι

1985 600 2232 656 Proinde
2278 603 2317 635 ¹⁷
2364 601 2526 656 locus
2582 600 2842 672 corporis
2890 617 3093 672 expers
3152 605 3241 655 est
3299 604 3625 658 secundum

208 687 398 759 τόπῳ·
469 686 750 766 ἐπιφάνεια
822 687 923 764 γάρ
992 686 1150 742 ἐστιν·
1220 689 1254 754 ἡ
1324 683 1370 740 δ’
1433 685 1713 760 ἐπιφάνεια
1780 687 1868 740 καὶ

215 776 519 848 ἀσώματος
554 776 784 852 ὑπάρχει
816 776 904 830 καὶ
952 775 1087 830 κατᾶ
1133 781 1308 848 μῆκος
1354 775 1443 828 καὶ
1492 775 1698 836 πλάτος
1753 771 1866 828 δια-

211 865 413 934 στατή.

289 1079 360 1154 γ’.
408 1081 524 1132 Τῶν
597 1077 689 1149 μὶν
750 1073 840 1131 οὖν
910 1076 1058 1137 ἐντὸς
1146 1080 1243 1130 τοῦ
1308 1075 1539 1151 οὐρανοῦ
1601 1074 1865 1148 σωμάτων

211 1166 472 1222 ἁπάντων
521 1166 686 1227 τόπος
735 1164 874 1220 ἐστὶν
926 1168 961 1234 ἡ
1005 1163 1168 1234 κοίλη
1241 1169 1336 1218 τοῦ
1395 1165 1623 1240 οὐρανοῦ
1681 1163 1869 1241 ἐπιφά-

208 1277 355 1310 νεια.
386 1255 453 1310 Εἴ
500 1257 603 1330 γὰρ
651 1253 741 1308 καὶ
790 1259 1014 1308 κινεῖται
1065 1253 1092 1306 6
1137 1252 1364 1327 οὐρανὸς
1415 1253 1549 1306 κατά
1602 1252 1699 1320 τὴν
1759 1257 1865 1306 τῶν

217 1343 433 1420 μορίων
492 1343 681 1421 φορὰν,
744 1341 868 1397 ἀλλ’
925 1338 1107 1418 ἕτερον
1151 1341 1352 1417 τρόπον
1414 1341 1666 1410 ἀκίνητός
1734 1340 1864 1410 ἐστι,

209 1433 356 1496 καθὸ
408 1433 484 1505 μὴ
537 1429 896 1505 μεταλλάσσει
944 1431 1108 1486 τόπον
1156 1429 1300 1492 ὅλως
1353 1431 1513 1503 ὁμοῦ.
1564 1431 1688 1484 Καθ’
1735 1428 1863 1484 ὅλον

217 1521 319 1595 μὲν
352 1519 444 1576 οὖν
478 1519 731 1591 ἀκίνητός
762 1519 891 1574 ἐστι·
945 1521 1082 1575 κατὰ
1116 1519 1254 1595 μέρη
1307 1516 1364 1574 δὲ
1409 1519 1627 1588 κινητός
1673 1540 1731 1574 τε
1777 1519 1865 1572 καὶ

213 1608 474 1680 ἀκίνητος
527 1609 617 1664 καὶ
676 1608 1053 1682 ὁμαλεστάτην
1109 1609 1208 1677 τὴν
1267 1607 1475 1677 κίνησιν
1542 1606 1631 1662 καί
1689 1608 1866 1682 ἄκρως

208 1697 548 1774 τεταγμένην
595 1695 947 1769 ποιούμενος.
984 1695 1152 1750 Πάλιν
1186 1696 1220 1765 ἡ
1268 1695 1402 1750 κατᾶ
1446 1696 1546 1762 τὴν
1593 1696 1729 1770 πρὸς
1773 1695 1862 1749 τὸν

211 1785 350 1862 ἀέρα
381 1787 620 1864 συναφὴν
653 1785 934 1863 ἐπιφάνεια
977 1790 1075 1840 τοῦ
1124 1785 1339 1860 αἰθέρος
1385 1783 1551 1845 τόπος
1598 1783 1707 1838 ἐστὶ
1755 1788 1862 1839 τῶν

212 1875 320 1930 ὑπὸ
371 1874 606 1946 σελήνην
660 1874 944 1950 στοιχείων
996 1874 1085 1929 καὶ
1148 1878 1254 1928 τῶν
1326 1870 1533 1928 λοιπῶν
1594 1871 1860 1945 σωμάτων

1983 689 2490 760 participationem
2524 690 2652 760 ejus
2684 690 2836 761 quod
2870 689 2925 743 in
2976 688 3101 744 loco
3131 695 3239 756 est,
3272 691 3623 746 dimensioni

1981 778 2295 847 subjicitur
2327 796 2340 844 ;
2375 779 2590 849 quippe
2620 778 2959 849 superﬁcies
2989 784 3098 849 est,
3145 780 3483 850 superﬁcies
3516 797 3623 835 au-

1981 871 2096 920 tem
2134 872 2190 920 et
2221 883 2461 938 corpore
2490 873 2677 933 vacat,
2710 872 2766 922 et
2822 868 3145 922 secundum
3195 867 3620 940 longitudinem

1978 959 2034 1009 et
2065 954 2436 1010 latitudinem
2471 954 2822 1010 dimensioni
2852 958 2941 1010 est
2969 956 3237 1010 obnoxia.

2047 1079 2100 1132 3.
2135 1078 2348 1132 Eorum
2376 1078 2554 1149 igitur
2583 1079 2847 1133 omnium
2879 1096 3004 1150 quas
3037 1080 3190 1134 intra
3239 1080 3450 1136 cmlum
3483 1088 3625 1139 sunt

1978 1182 2288 1237 corporum
2322 1170 2485 1221 locus
2515 1172 2602 1222 est
2631 1184 2882 1222 concava
2911 1168 3034 1222 caeli
3054 1170 3622 1240 superﬁcies.Nam”

1978 1255 2085 1309 etsi
2113 1256 2269 1325 quad
2302 1255 2556 1326 partium
2616 1255 2892 1310 lationem
2945 1263 3210 1311 movetur
3239 1257 3470 1325 cmlum,
3506 1259 3620 1316 alio

1977 1348 2171 1398 tamen
2207 1345 2378 1400 modo
2409 1350 2500 1399 est
2529 1343 2828 1400 immobile
2863 1362 2877 1411 ;
2911 1349 3200 1415 quatenus
3225 1345 3414 1401 locum
3447 1347 3506 1402 in
3538 1352 3620 1404 to-

1975 1435 2097 1486 tum
2134 1431 2309 1486 simul
2342 1449 2454 1486 non
2491 1433 2783 1487 immutat.
2817 1435 3018 1504 Itaque
3058 1435 3248 1504 quoad
3285 1439 3498 1502 totum,
3532 1441 3622 1492 est

1975 1520 2276 1575 immobile
2306 1539 2319 1587 ;
2356 1522 2545 1592 quoad
2577 1526 2770 1593 partes
2794 1527 3012 1582 autem,
3045 1523 3258 1578 mobile
3291 1541 3304 1591 ;
3339 1528 3619 1597 motuque

1975 1609 2432 1682 aequabilissimo
2465 1615 2520 1664 et
2551 1609 2988 1665 ordinatissime
3039 1611 3243 1666 cietur.
3299 1613 3521 1668 Rursus
3552 1631 3619 1669 ea

1974 1699 2203 1753 aetheris
2236 1699 2387 1753 108
2419 1699 2777 1769 superﬁcies,
2810 1716 2927 1769 qua
2955 1716 3088 1754 cum
3147 1716 3278 1755 aere
3309 1701 3618 1773 conjungi-

1972 1786 2151 1858 gitur,
2184 1785 2606 1841 elementorum
2635 1787 2789 1841 infra
2816 1786 3017 1842 lunam
3051 1793 3109 1842 et
3138 1787 3496 1860 reliquorum
3528 1790 3614 1845 in-

1973 1875 2248 1930 feriorum
2282 1891 2590 1946 corporum
2616 1874 2778 1931 locus
2809 1876 2990 1931 est.Et
3011 1877 3094 1931 sic
3124 1878 3398 1950 deinceps
3428 1894 3614 1950 usque

207 1968 320 2017 τῶν
369 1962 683 2038 κατωτέρω,
733 1962 822 2016 καὶ
874 1963 998 2032 έξῆς
1053 1961 1216 2037 μέχρι
1264 1960 1354 2015 καὶ
1401 1965 1508 2014 τῶν
1560 1959 1643 2014 ἐπὶ
1697 1961 1853 2034 μέρος

1971 1964 2041 2019 ad
2083 1963 2466 2035 particularia
2512 1979 2773 2035 corpora,
2830 1964 3115 2036 ampliora
3161 1970 3217 2021 et
3275 1967 3615 2038 angustiora

208 2053 482 2126 σωμάτων
531 2050 960 2125 καθολικώτεροι
1010 2049 1170 2104 τόποι
1217 2049 1307 2104 καὶ
1361 2049 1715 2125 μερικώτεροι
1767 2049 1856 2104 εὑ-

209 2142 550 2216 ρεθήσονται.

283 2245 346 2303 δ’.
380 2246 478 2300 Καὶ
519 2247 548 2300 6
597 2247 878 2322 προσεχής
923 2244 1115 2312 τόπος,
1164 2244 1363 2307 ἐκεῖνος
1405 2244 1492 2299 καὶ
1544 2240 1856 2318 ἷδιαίτερος,

207 2335 270 2398 ὅς
330 2335 468 2390 ἐστιν
515 2336 550 2404 ἠ
600 2337 734 2389 κατὰ
777 2336 878 2404 τὴν
931 2334 1067 2410 πρὸς
1109 2335 1172 2388 τὸ
1213 2335 1468 2409 περιέχον
1529 2337 1686 2405 σῶμα
1739 2351 1856 2386 συν-

207 2425 352 2501 αφὴν
383 2422 661 2501 ἐπιφάνεια
701 2427 799 2478 τοῦ
847 2423 1026 2498 ἀέρος,
1056 2422 1094 2490 ἢ
1124 2425 1221 2476 τοῦ
1260 2417 1454 2483 ὕδατος
1501 2421 1535 2489 ἢ
1583 2427 1682 2490 τῆς
1729 2427 1854 2495 γῆς,

212 2514 289 2586 μὴ
323 2508 707 2588 μεταῤῥέοντος
737 2509 996 2581 δηλονότι
1047 2515 1144 2566 τοῦ
1202 2508 1417 2580 ὕδατος,
1443 2508 1530 2563 ⁰ίνα
1566 2511 1640 2583 μὴ
1674 2509 1749 2571 ὡς
1799 2509 1849 2562 ἐν

205 2601 412 2676 ἀγγείῳ
473 2599 682 2674 μᾶλλον
733 2601 767 2670 ἢ
819 2600 896 2662 ὡς
945 2599 997 2654 ἐν
1041 2599 1195 2672 τόπῳ
1238 2600 1301 2654 τὸ
1351 2599 1402 2653 ἐν
1449 2598 1636 2670 ἐκείνῳ
1693 2603 1853 2670 σῶμα

204 2687 546 2767 ὑποληφθείη
618 2687 709 2744 διὰ
773 2689 836 2743 τὸ
908 2689 1280 2766 μεταφορητὸν
1353 2692 1444 2743 τοῦ
1516 2686 1688 2741 τόπου
1753 2691 1850 2740 τοῦ

203 2777 255 2831 έν
309 2781 389 2848 τῷ
436 2774 610 2832 ὕδατι⁹
660 2778 751 2831 καὶ
817 2774 1054 2849 μάλιστα
1103 2776 1150 2830 εἰ
1209 2777 1297 2831 καὶ
1354 2777 1416 2830 τὸ
1493 2780 1652 2847 σῶμα
1711 2796 1847 2848 συμ-

204 2866 580 2944 μεταφέροιτο.
633 2866 690 2919 Ὀ
750 2866 844 2938 μὶν
911 2863 1002 2919 οὖν
1065 2864 1353 2941 εἰρημένος
1405 2863 1572 2925 τόπος
1630 2865 1657 2918 6
1713 2865 1848 2918 κατὰ

196 2955 296 3024 τήν
347 2956 618 3030 περιοχήν
663 2953 774 3008 ἐστι
820 2953 908 3008 καὶ
961 2950 1266 3029 ὑποδοχήν.
1317 2953 1413 3008 Καὶ
1471 2953 1574 3028 γὰρ
1622 2949 1842 3006 ἕκαστον

197 3047 306 3097 τῶν
337 3041 704 3118 περιεχόντων
736 3041 939 3116 γίνεται
978 3041 1148 3103 τόπος
1191 3046 1270 3112 τῷ
1324 3039 1719 3116 περιεχομένῳ,
1754 3039 1844 3094 καὶ

199 3131 274 3193 ὡς
303 3131 639 3207 περιεκτικὸς
672 3129 857 3202 αὐτοῦ,
891 3131 985 3185 καὶ
1014 3131 1089 3192 ὡς
1121 3127 1492 3192 ὑποδεκτικός.

270 3363 326 3420 ε’.
358 3362 456 3416 Καὶ
496 3360 652 3422 οὗτός
707 3359 845 3414 ἐστιν
905 3361 934 3414 ὁ
985 3358 1275 3421 πλατυκῶς
1326 3358 1623 3433 λεγόμενος
1671 3357 1840 3419 τόπος
1870 3329 1912 3395 C

198 3451 258 3513 ’ὸς
285 3451 375 3506 καὶ
403 3450 657 3519 ἀκίνητός
688 3449 798 3504 ἐστι
826 3448 915 3502 καὶ
955 3449 1226 3524 χωριστὸς
1275 3445 1474 3502 ἄλλοτε
1522 3445 1710 3508 ἄλλως
1757 3467 1846 3520 γι-

201 3529 431 3612 νόμενος
475 3539 612 3594 κατὰ
654 3538 755 3608 τὴν
799 3541 905 3591 τῶν
957 3538 1223 3609 σωμάτων
1279 3537 1619 3608 μετάστασιν.
1664 3541 1846 3589 ’Έοικε

206 3626 263 3684 δὲ
319 3629 453 3683 κατὰ
498 3627 662 3703 λόγον
719 3620 1094 3703 ἀκριϐέστερον
1147 3626 1175 3678 6
1222 3625 1412 3694 τόπος,
1467 3625 1660 3698 μέτρον
1712 3625 1846 3678 εἶναι

203 3719 296 3786 τῆς
348 3721 453 3771 τῶν
503 3715 766 3788 κειμένων
811 3713 1027 3780 θέσεως·
1082 3712 1260 3790 ὥσπερ
1291 3714 1380 3768 καὶ
1424 3714 1452 3767 6
1495 3713 1694 3789 χρόνος
1748 3714 1845 3786 μέ-

203 3826 327 3883 τρον
378 3804 487 3860 ἐστὶ
535 3811 636 3874 τῆς
691 3809 796 3858 τῶν
845 3803 1174 3878 κινουμένων
1240 3805 1524 3873 κινήσεως.
1579 3803 1739 3870 Διττὴ
1789 3800 1847 3855 δὲ

205 3895 238 3963 ἠ
298 3893 455 3965 θέσις,
514 3895 548 3963 ἡ
624 3893 716 3966 μὲν
768 3890 1066 3962 οὐσιώδης,
1114 3893 1149 3961 ἠ
1191 3889 1235 3946 δ’
1280 3891 1612 3953 ἐπείσακτος.
1660 3890 1848 3952 Διττὸς

207 3980 296 4037 οὖν
337 3981 426 4036 καὶ
471 3982 499 4036 6
545 3980 736 4052 τόπος,
769 3981 797 4034 6
842 3980 936 4054 μὲν
981 3980 1116 4035 κατὰ
1163 3980 1339 4058 φύσιν,
1372 3981 1400 4033 6
1433 3977 1490 4033 δὲ
1537 3980 1673 4033 κατὰ
1708 4000 1844 4051 συμ-

207 4065 457 4140 ϐεϐηκός.
502 4067 677 4126 Ἀλλὰ
724 4068 813 4123 καὶ
860 4069 895 4138 ἠ
946 4066 1220 4137 οὐσιώδης
1270 4068 1412 4131 θέσις
1459 4067 1635 4136 διττὴ,
1669 4068 1702 4136 ἡ
1750 4067 1844 4140 μὲν

205 4157 335 4214 κατὰ
378 4158 470 4213 τὸν
524 4157 836 4229 εὐθετισμὸν
890 4157 980 4210 καὶ
1024 4157 1122 4225 τὴν
1173 4155 1412 4226 εὐταξίαν
1465 4160 1572 4211 τῶν
1631 4155 1844 4209 οἷγείων

212 4245 410 4320 μορίων
467 4244 692 4300 ἑκάστου
741 4245 1088 4320 πράγματος,
1143 4244 1217 4306 ὡς
1267 4243 1400 4299 ὅλου
1449 4243 1845 4319 θεωρουμένου,

209 4336 319 4391 καθ’
383 4336 444 4404 ἢν
509 4333 720 4412 κεφαλὴ
769 4334 864 4406 μέν
915 4333 1002 4388 καὶ
1057 4338 1238 4408 χεῖρες
1290 4331 1377 4387 καὶ
1426 4330 1588 4394 πόδες
1637 4332 1728 4386 καὶ
1782 4333 1851 4386 τὰ

213 4420 375 4478 λοιπᾶ
435 4427 544 4478 τῶν
603 4420 808 4496 μορίων
877 4421 965 4477 ἐπὶ
1011 4423 1152 4490 ζῴου
1208 4419 1438 4476 τοιῶσδε
1491 4426 1660 4475 κεῖται
1716 4421 1850 4496 πρὸς

216 4508 434 4581 ἄλληλά
484 4532 544 4566 τε
573 4510 663 4566 καὶ
711 4511 844 4585 πρὸς
891 4511 953 4564 τὸ
986 4510 1114 4564 ὅλον
1171 4514 1307 4579 ζῶον
1347 4509 1436 4564 καὶ
1466 4509 1528 4564 τὸ
1558 4508 1686 4564 ὅλον
1715 4510 1850 4584 πρὸς

208 4600 272 4654 τὰ
315 4602 474 4676 μέρη·
530 4598 671 4675 ῥίζαι
722 4596 780 4653 δὲ
833 4599 924 4653 καὶ
975 4598 1208 4674 στελέχη
1258 4598 1348 4653 καὶ
1378 4595 1573 4652 κλάδοι
1623 4597 1709 4652 ἐπὶ
1759 4619 1852 4674 φυ-

1967 2051 2095 2107 loca
2125 2051 2506 2123 reperientur.

2035 2248 2087 2303 4.
2118 2247 2188 2301 Et
2215 2246 2580 2318 prepinquus
2627 2246 2724 2302 ille
2775 2247 2939 2303 locus
2981 2247 3136 2304 idem
3186 2249 3363 2304 etiam
3413 2250 3600 2322 magis

1965 2337 2054 2390 est
2083 2334 2483 2408 proprius,qui
2507 2337 2833 2390 secundum
2855 2335 3284 2407 copulationem
3314 2353 3446 2392 cum
3469 2353 3602 2394 con-

1962 2423 2179 2479 tinente
2211 2440 2450 2494 corpore
2479 2424 2818 2494 superﬁcies
2847 2430 2934 2479 est
2966 2424 3135 2492 aeris,
3169 2429 3268 2480 aut
3298 2429 3603 2496 aqua),aut

1961 2516 2147 2582 terrae,
2183 2528 2294 2567 non
2327 2512 2711 2567 transﬁuente
2752 2511 3020 2568 videlicet
3078 2530 3250 2584 aqua,
3301 2531 3371 2569 ne
3429 2519 3494 2568 ut
3541 2514 3601 2568 in

1960 2617 2093 2655 vase
2124 2599 2318 2672 potius
2349 2617 2526 2671 quam
2562 2605 2623 2655 ut
2654 2600 2710 2654 in
2743 2599 2868 2655 loco
2899 2618 3111 2673 corpus
3142 2602 3297 2673 quod
3330 2602 3389 2657 in
3425 2618 3490 2657 eo
3514 2606 3604 2659 est

1959 2688 2296 2760 accipiatur,
2323 2690 2461 2759 quia
2489 2691 2794 2743 transferri
2826 2695 3017 2759 potest
3056 2689 3219 2745 locus
3241 2690 3341 2760 qui
3363 2691 3420 2744 in
3446 2707 3602 2762 aqua

1958 2782 2162 2845 est,ac
2191 2783 2313 2831 tum
2365 2778 2709 2849 praesrtim,
2760 2793 2894 2832 cum
2926 2778 3102 2833 etiam
3156 2795 3367 2849 corpus
3419 2779 3597 2834 simul

1957 2866 2324 2922 transfertur.
2355 2869 2542 2937 Atque
2574 2865 2666 2920 hic
2715 2866 2950 2937 quidem
3002 2865 3165 2921 locus
3213 2867 3596 2938 comprehen-

1956 2955 2138 3011 sionis
2167 2960 2224 3010 et
2245 2954 2632 3026 susceptionis
2655 2954 2877 3010 ratione
2907 2955 3414 3020 exsistit.Quodvis
3435 2956 3593 3011 enim

1954 3059 2154 3099 eorum
2187 3059 2314 3114 quae
2344 3043 2642 3099 continent
2672 3042 2835 3098 locus
2866 3044 2930 3098 ﬁt
2959 3044 3008 3100 ei
3041 3045 3195 3116 quod
3241 3044 3590 3109 continetur,

1953 3149 2085 3187 cum
2119 3133 2270 3204 quod
2301 3132 2497 3205 ipsum
2528 3133 3002 3205 comprehendat,
3035 3136 3162 3188 tum
3220 3134 3373 3204 quod
3405 3133 3592 3188 susci~

1951 3219 2090 3291 piat.

2023 3362 2075 3416 5·
2109 3364 2296 3433 Atque
2343 3361 2437 3417 hic
2484 3361 2689 3418 latiore
2736 3362 3162 3434 signiﬁcatione
3210 3363 3403 3418 dictus
3429 3363 3594 3421 locus

1955 3453 2065 3515 est,
2097 3451 2195 3522 qui
2227 3451 2400 3505 etiam
2434 3455 2524 3506 est
2552 3450 2872 3506 immobilis
2905 3455 2963 3505 et
2990 3451 3419 3522 separabilis,et
3448 3453 3594 3508 alias

1957 3539 2109 3594 alius
2141 3555 2244 3611 pro
2285 3548 2591 3610 corporum
2645 3538 2994 3611 migratione
3042 3539 3312 3598 efﬁcitur.
3359 3544 3432 3596 At
3463 3559 3595 3597 vero

1957 3625 2140 3698 locus,
2169 3628 2217 3682 si
2248 3627 2576 3683 accuratius
2607 3627 2940 3698 loquamur,
2982 3629 3132 3684 situs
3164 3645 3362 3684 rerum
3393 3645 3594 3686 earum

1957 3731 2083 3786 quae
2115 3714 2314 3786 positae
2346 3720 2484 3770 sunt
2524 3732 2800 3771 mensura
2849 3733 2977 3772 esse
3023 3717 3274 3785 videtur,
3310 3719 3597 3790 quemad-

1958 3805 2196 3859 modum
2229 3803 2402 3859 etiam
2436 3808 2671 3874 tempus
2703 3804 2980 3860 motionis
3013 3821 3212 3860 earum
3247 3822 3441 3861 rerum
3469 3823 3598 3878 quae

1959 3896 2266 3948 moventur
2294 3909 2569 3947 mensura
2600 3898 2706 3947 est.
2741 3893 2965 3964 Duplex
3024 3899 3218 3949 autem
3262 3895 3412 3950 situs
3460 3901 3550 3951 est
3582 3912 3594 3950 :

1957 3998 2111 4036 unus
2139 3979 2489 4046 essentialis,
2523 3979 2667 4036 alter
2714 3981 2866 4035 109
2925 3982 3296 4038 adventitius.
3355 3983 3599 4038 Proinde

1958 4069 2134 4124 etiam
2171 4067 2337 4124 locus
2377 4067 2588 4138 duplex
2633 4074 2724 4124 est
2756 4087 2768 4125 :
2804 4087 2958 4125 unus
3014 4071 3085 4125 ad
3147 4076 3420 4126 naturam
3469 4089 3599 4144 per-

1958 4156 2175 4221 tinens,
2211 4158 2357 4212 alter
2386 4172 2455 4211 ex
2486 4156 2804 4212 accidente.
2839 4159 2950 4213 Sed
2977 4162 3033 4212 et
3087 4160 3415 4214 essentialis
3447 4161 3596 4214 situs

1960 4245 2174 4316 duplex
2222 4250 2329 4300 est.
2375 4245 2540 4300 Unus
2588 4245 2809 4302 ratione
2857 4247 3154 4301 concinnzs
3208 4253 3264 4302 et
3321 4248 3598 4302 ordinatae

1959 4333 2359 4389 collocationis
2391 4334 2646 4405 partium
2701 4333 3016 4406 cujuslibet
3066 4335 3147 4388 rei
3199 4340 3488 4406 quatenus
3536 4339 3601 4390 ut

1958 4427 2145 4477 totum
2179 4422 2601 4489 consideratur,
2628 4423 2800 4493 juxta
2845 4440 3020 4494 quam
3074 4429 3248 4495 caput
3281 4424 3516 4494 quidem
3546 4427 3603 4478 et

1962 4527 2173 4566 manus
2208 4516 2266 4565 et
2292 4511 2466 4582 pedes
2524 4515 2583 4565 et
2625 4516 2844 4566 caetera:
2890 4516 3087 4582 partes
3145 4512 3416 4567 animalis
3447 4516 3602 4568 certo

1961 4599 2236 4670 quopiam
2268 4599 2440 4653 modo
2485 4598 2608 4653 sitas
2657 4605 2796 4654 sunt
2843 4615 2976 4653 cum
3028 4600 3100 4654 ad
3152 4616 3215 4655 se
3247 4600 3513 4666 invicem,
3547 4605 3604 4655 et

207 4691 308 4742 τῶν
365 4687 594 4760 ὁμοίως·
644 4688 678 4756 ἡ
736 4684 794 4741 δὲ
865 4687 1000 4741 κατὰ
1039 4685 1132 4741 τὸν
1175 4691 1270 4740 τοῦ
1328 4682 1461 4740 ὅλου
1521 4686 1596 4747 ὡς
1651 4687 1849 4760 μέρους

1969 4688 2029 4741 1d
2061 4691 2247 4742 totum
2279 4686 2517 4752 animal,
2549 4691 2675 4742 tum
2705 4687 2901 4758 ipsum
2961 4691 3150 4742 totum
3209 4687 3474 4760 [animal]
3528 4689 3598 4743 ad

210 4777 340 4851 πρὸς
395 4776 458 4829 τὸ
516 4773 844 4851 ὁλικώτερον
909 4775 1193 4852 ἀναφοράν.
1226 4777 1318 4837 Ὡς
1372 4775 1475 4848 γὰρ
1512 4778 1621 4828 τῶν
1672 4778 1849 4849 μερῶν

209 4861 422 4918 ἕκαστον
454 4865 575 4926 καθ’
604 4864 761 4917 ἑαυτὸ
797 4864 892 4935 μὲν
925 4861 1054 4918 ὅλον
1080 4863 1134 4917 τί
1167 4862 1300 4930 ἐστι,
1331 4863 1468 4938 πρὸς
1515 4861 1572 4916 δέ
1615 4863 1677 4917 τὸ
1723 4861 1851 4918 ὅλον

212 4951 415 5028 λέγεται
479 4950 660 5026 μέροςο
715 4953 830 5006 οἷον
873 4953 907 5021 ἠ
939 4951 1150 5028 κεφαλὴ
1190 4953 1308 5014 καθ’
1353 4952 1544 5019 ἑαυτὴν
1600 4952 1692 5024 μὲν
1747 4949 1852 5019 ὅλη

212 5041 486 5116 τυγχάνει,
524 5039 688 5116 μέρος
746 5037 804 5094 δὲ
859 5044 956 5095 τοῦ
999 5040 1251 5112 σώματος
1285 5038 1519 5114 λέγεται·
1548 5040 1637 5093 τὸν
1696 5038 1853 5093 αὐτὸν

214 5130 406 5207 τρόπον
451 5129 541 5184 καὶ
591 5129 654 5184 τὸ
703 5127 831 5184 ὅλον
885 5129 1020 5206 πρὸς
1091 5129 1421 5203 ὁλικώτερον
1475 5126 1635 5199 ἄλλο,
1694 5128 1855 5200 μέρος

218 5218 370 5274 έστίν·
426 5221 540 5274 οἷον
589 5219 623 5288 ἡ
657 5225 730 5294 γῆ
764 5220 879 5273 καθ’
927 5219 1118 5286 ἑαυτὴν
1175 5218 1267 5290 μὲν
1319 5217 1422 5286 ὅλη
1474 5216 1606 5288 ἐστὶ,
1635 5217 1769 5292 πρὸς
1803 5214 1858 5271 δὲ

217 5309 276 5363 τὸ
331 5309 544 5382 σύμπαν
603 5312 700 5362 τοῦ
759 5307 970 5381 κόσμου
1028 5306 1239 5382 λέγεται
1303 5309 1488 5381 μέρος.
1522 5305 1708 5366 Διττὸς
1767 5303 1856 5359 οὖν

219 5395 320 5454 ἐστι
361 5407 452 5452 καί
483 5398 512 5450 6
544 5398 680 5452 κατὰ
727 5397 882 5476 φύσιν
933 5395 1120 5457 τόπος’
1156 5396 1183 5449 6
1220 5395 1312 5468 μὲν
1359 5393 1726 5448 τῶνόἶκείων
1759 5414 1857 5465 μο-

222 5484 342 5562 ρίων
401 5487 624 5541 ἑκάστου
673 5484 1007 5559 εὐθετισμὸς,
1049 5485 1076 5538 ὁ
1109 5481 1166 5538 δὲ
1221 5483 1522 5562 ἀφορισμὸς
1575 5481 1665 5538 καὶ
1721 5479 1860 5552 κλῆ-

291 5776 328 5815 ”
360 5773 591 5856 4Phys.
627 5790 675 5831 c.
711 5774 765 5840 3,
799 5776 840 5829 t.
874 5775 928 5842 8,
965 5775 1051 5830 10.
1133 5772 1174 5807 ’⁸
1205 5772 1237 5828 4
1269 5770 1441 5845 Phys.
1475 5786 1523 5828 c.
1553 5771 1608 5825 7.
1641 5772 1682 5828 t.
1711 5769 1800 5826 74.

1965 4779 2198 4847 partes;
2226 4775 2450 4830 radices
2480 4774 2618 4829 item
2651 4779 2707 4830 et
2747 4775 2976 4846 stipites
3009 4781 3066 4830 et
3114 4777 3261 4830 rami
3294 4777 3350 4831 in
3388 4777 3604 4848 plantis

1963 4862 2215 4918 similem
2249 4863 2306 4916 in
2341 4863 2603 4918 modum.
2652 4862 2810 4918 Alter
2857 4868 3052 4919 autem
3103 4864 3324 4919 ratione
3372 4882 3439 4920 ea
3489 4882 3607 4936 qua

1963 4955 2149 5005 totum
2187 4955 2250 5005 ut
2278 4967 2413 5022 pars
2443 4951 2514 5005 ad
2564 4951 2617 5004 id
2673 4952 2826 5022 quod
2875 4951 3052 5007 latius
3101 4957 3280 5024 patet,
3335 4953 3601 5008 refertur.

1965 5039 2466 5103 Quemadmodum
2495 5037 2649 5093 enim
2682 5040 2937 5110 partium
2963 5040 3237 5111 quaelibet
3267 5057 3369 5112 per
3391 5058 3452 5096 se
3475 5041 3605 5113 qui-

1967 5128 2096 5182 dem
2122 5131 2306 5182 totum
2341 5133 2428 5181 est
2460 5126 2780 5197 aliquid,ad
2812 5133 2997 5182 totum
3031 5134 3224 5183 autem
3259 5129 3439 5184 relata
3472 5147 3608 5202 pars

1968 5215 2180 5271 dicitur
2211 5233 2223 5271 :
2256 5215 2435 5270 veluti
2467 5220 2642 5286 caput
2658 5233 2761 5287 per
2785 5233 2848 5272 se
2880 5217 3117 5287 quidem
3145 5223 3335 5274 totum
3359 5219 3608 5287 exsistit,

1969 5322 2103 5376 pars
2134 5309 2326 5358 autem
2362 5304 2619 5375 corporis
2651 5304 2864 5360 dicitur
2903 5322 2915 5360 :
2952 5309 3222 5362 eumdem
3266 5308 3338 5362 ad
3372 5307 3611 5362 modum

1969 5399 2158 5448 totum
2189 5392 2366 5448 etiam
2401 5395 2472 5447 ad
2501 5392 2720 5464 aliquid
2757 5393 2935 5449 latius
2985 5399 3191 5467 patens
3225 5395 3273 5451 si
3307 5397 3615 5463 referatur,

1970 5498 2106 5555 pars
2136 5485 2226 5537 est
2259 5499 2272 5550 ;
2306 5481 2554 5555 exempli
2586 5482 2793 5555 gratia,
2828 5487 2983 5540 terra
3012 5500 3115 5558 per
3147 5501 3209 5541 se
3253 5485 3491 5558 quidem
3525 5486 3615 5540 to-
