4024 6440
388 385 546 445 1103

1639 379 2061 442 NICEPHOBI
2105 382 2542 445 BLEMMIDE

3627 384 3791 447 “04

387 521 516 572 tum
547 519 635 571 est
661 513 886 571 ratione
915 516 1111 568 autem
1142 512 1324 568 totius
1357 513 1583 579 mundi,
1635 529 1771 585 pars
1819 514 2034 570 dicitur

2150 534 2236 588 ρος
2286 513 2363 576 εἷς
2410 516 2653 591 κατοχὴν
2702 515 2775 570 ένὶ
2827 515 3032 586 ἑκάστῳ
3076 519 3186 569 τῶν
3232 518 3329 570 τοῦ
3375 511 3510 570 ὅλου
3572 514 3788 590 κόσμου

389 605 607 676 Duplex
636 608 725 659 est
757 603 939 674 igitur
957 601 1132 656 etiam
1163 601 1448 656 naturalis
1475 602 1637 658 locus
1673 620 1686 657 :
1719 620 1874 658 unus
1904 621 2032 675 pro-

389 691 1040 767 priarumcujusquerei
1077 691 1334 762 partium
1359 696 1494 762 apta
1518 695 1574 745 et
1602 693 1890 747 concinna
1918 692 2031 748 col-

385 779 1068 852 locatio;alterseparatio
1082 784 1138 834 et
1168 797 1294 834 sors
1318 780 1388 834 ad
1413 781 1796 836 continendas
1826 782 2028 854 singu-

385 873 473 928 las
503 870 682 926 totius
718 869 924 924 mundi
956 871 1302 940 partes.Quo
1325 869 1479 923 ll0
1511 870 1843 942 signiﬁcatu
1869 872 2030 926 locus

385 967 552 1017 terra:
582 959 796 1014 dicitur
827 958 1079 1012 universi
1113 958 1393 1012 medium.
1441 961 1518 1012 Ac
1549 959 1597 1012 si
1630 959 1763 1030 quis
1813 964 2029 1014 terram

389 1068 419 1107 e
448 1051 564 1105 situ
601 1065 774 1120 quem
806 1047 980 1101 habet
1009 1047 1068 1101 in
1101 1046 1305 1100 mundi
1337 1047 1527 1101 medio
1566 1048 1864 1113 emoverit,
1898 1065 2028 1119 pro-

388 1139 650 1212 priarum
681 1137 955 1206 equidem
989 1137 1243 1206 partium
1277 1140 1474 1206 aptam
1506 1133 1946 1191 collocationem
1970 1137 2029 1191 in

390 1227 722 1298 integritate
754 1242 861 1279 sua
890 1224 1163 1279 retinebit
1196 1241 1208 1278 :
1245 1224 1344 1278 sed
1378 1229 1504 1277 tum
1538 1229 1602 1277 ut
1633 1223 2031 1280 universitatis

390 1333 528 1390 pars
558 1315 735 1369 situm
769 1330 944 1368 suum
978 1329 1091 1368 non
1142 1312 1398 1367 habebit.
1445 1312 1808 1384 Quapropter
1853 1313 2030 1368 etiam

390 1407 522 1478 ipsa
549 1408 672 1459 tota
701 1403 959 1457 demissa
991 1401 1060 1456 ad
1091 1401 1349 1456 medium
1387 1401 1622 1467 feretur,
1648 1402 1879 1456 tametsi
1909 1419 2034 1474 par-

392 1501 478 1551 tes
507 1493 694 1565 ipsius
735 1490 1177 1546 collocationem
1227 1490 1723 1560 [conjunctionem
1769 1490 2033 1559 localem]

394 1587 660 1638 mutuam
694 1579 1002 1649 retineant,
1036 1594 1170 1632 cum
1203 1578 1329 1648 ipsa
1360 1578 1534 1632 etiam
1576 1583 1732 1633 extra
1772 1580 2032 1634 medium

391 1671 639 1726 existere
670 1667 1017 1739 cogitatione
1065 1666 1445 1737 concipiatur.
1506 1665 1692 1736 Hujus
1733 1665 1848 1729 loci
1900 1684 2034 1739 gra-

2145 607 2343 678 μερῶν·
2373 605 2505 666 καθὸ
2559 601 2767 679 λέγεται
2824 603 2990 663 τόπος
3047 608 3145 670 τῆς
3203 609 3308 675 γῆς
3353 604 3417 656 τὸ
3469 603 3631 674 μέσον
3693 608 3789 657 τοῦ

2138 691 2358 753 παντός.
2391 690 2494 746 Κᾶν
2543 713 2624 753 τις
2673 691 2948 761 ὲκστήσειε
2989 691 3088 758 τὴν
3139 697 3243 765 γῆν
3291 697 3390 760 τῆς
3438 691 3560 765 περὶ
3589 693 3657 746 τὸ
3697 691 3788 763 μέ-

2140 800 2230 832 σον
2285 784 2381 833 τοῦ
2432 783 2628 842 παντὸς
2679 781 2896 851 θέσεως,
2927 783 3033 834 τῶν
3086 779 3180 851 μὶν
3231 777 3444 833 οἰκείων
3481 784 3664 855 μερῶν
3698 780 3788 834 τὸν

2142 867 2450 940 εὐθετισμὸν
2496 869 2545 922 έν
2594 874 2662 942 τῇ
2713 868 2885 938 οἷκείᾳ
2925 867 3130 937 καθέξει
3164 865 3412 938 ὁλότητι·
3470 869 3570 937 τήν
3605 865 3658 922 δ’
3717 867 3789 928 ὡς

2144 956 2305 1032 μέρος
2353 963 2449 1011 τοῦ
2491 959 2690 1019 παντὸς
2739 957 2846 1032 οὐχ
2890 954 2992 1030 ἕξει
3033 956 3155 1010 τότε
3183 955 3345 1013 θέσιν.
3378 958 3471 1010 Διὸ
3499 957 3591 1010 καὶ
3649 955 3789 1026 αὕτη

2140 1045 2244 1114 ὅλη
2286 1046 2537 1123 ἀφεθεῖσα
2564 1046 2649 1100 ἐπὶ
2678 1048 2741 1100 τὸ
2776 1045 2933 1118 μέσον
2965 1044 3168 1114 οἷσθείη
3221 1045 3300 1098 ἄν·
3352 1045 3528 1100 καίτοι
3581 1049 3697 1098 τῶν
3741 1043 3790 1098 έν

2141 1133 2275 1207 αὐτῇ
2330 1140 2507 1208 μερῶν
2551 1137 2649 1203 τήν
2701 1135 2837 1210 πρὸς
2889 1132 3112 1204 ἄλληλα
3160 1131 3542 1211 φυλαττόντων
3604 1132 3796 1188 συντό-

2141 1245 2336 1292 πωσιν,
2368 1224 2456 1277 καὶ
2506 1223 2629 1278 ὅταν
2662 1223 2797 1293 αὕτη
2830 1229 3010 1276 νοοῖτο
3061 1219 3162 1292 ἔξω
3214 1226 3312 1276 τοῦ
3367 1224 3531 1295 μέσου
3589 1223 3798 1297 τυγχά-

2139 1333 2319 1367 νουσα.
2354 1313 2450 1365 Διὰ
2493 1313 2584 1365 τὸν
2627 1312 2792 1366 τόπον
2840 1315 3058 1378 τοῦτον,
3097 1310 3186 1364 καὶ
3234 1311 3300 1364 τά
3345 1309 3645 1383 κινούμενα
3704 1331 3798 1387 φυ-

2144 1405 2307 1461 σικῶς
2380 1401 2470 1454 καὶ
2535 1400 2602 1454 τά
2664 1401 2945 1472 ἱστάμενα,
3001 1399 3069 1452 τὰ
3141 1399 3233 1470 μὲν
3305 1404 3549 1469 κινεῖται,
3608 1399 3684 1452 τὰ
3752 1397 3796 1453 δ’

2140 1486 2384 1558 ἕστηκεν·
2438 1488 2532 1542 ἳνα
2588 1496 2689 1557 τῆς
2755 1490 2832 1550 ὡς
2907 1490 3044 1564 μέρη
3119 1482 3316 1549 θέσεως
3375 1485 3426 1540 ἐν
3480 1485 3795 1561 καταλήψει

2143 1579 2403 1651 γένωνται
2457 1579 2524 1631 τά
2575 1576 2888 1650 κινούμενα·
2924 1577 2990 1630 τὰ
3047 1573 3090 1630 δ’
3146 1576 3407 1648 ἱστάμενα
3460 1580 3542 1647 τῷ
3602 1574 3798 1653 ἀφορι-

2145 1666 2318 1721 σθέντι
2376 1662 2530 1738 τόπῳ
2584 1666 2798 1727 τούτοις
2857 1667 2930 1727 ὡς
2982 1666 3194 1741 μέρεσιν
3246 1662 3794 1741 έμφιλοχωροῦνται.

397 1760 498 1828 tia,
533 1762 590 1813 et
636 1774 703 1812 ea
752 1773 878 1827 qua:
927 1760 1252 1822 moventur,
1298 1753 1642 1809 naturaliter
1692 1757 1755 1812 ‘9.
1820 1760 1873 1809 et
1914 1772 2038 1826 quae
2087 1757 2439 1828 consistunt,
2501 1757 2714 1828 partim
2774 1761 3101 1826 moventur,
3151 1754 3363 1827 partim
3413 1757 3800 1822 consistunt;

393 1852 460 1902 ut
488 1864 615 1918 quae
647 1851 970 1912 moventur,
1004 1849 1286 1914 tanquam
1320 1847 1533 1914 partes,
1565 1844 1746 1898 situm
1778 1843 2222 1915 apprehendant
2253 1863 2267 1914 ;
2301 1863 2427 1917 quae
2457 1846 2808 1913 consistunt,
2841 1845 2902 1901 in
2931 1845 3057 1901 loco
3087 1843 3200 1899 sibi
3232 1847 3298 1899 ut
3324 1844 3597 1916 partibus
3627 1843 3800 1899 attri-

393 1937 555 2004 buto,
589 1935 844 1991 suaviter
873 1936 1327 1988 commorentur.

464 2025 518 2078 6.
555 2024 667 2077 [lac
699 2022 878 2093 igitur
907 2020 1129 2075 ratione
1158 2019 1320 2074 locus
1380 2036 1494 2074 non
1553 2019 1664 2075 erit
1704 2020 2039 2075 extremitas
2069 2025 2117 2090 Β

395 2111 750 2168 continentis
781 2108 1104 2182 [corporis].
1138 2108 1436 2171 Quomodo
1485 2110 1641 2163 enim
1687 2108 2039 2163 continentis

397 2199 655 2271 corporis
688 2197 1021 2253 extremitas
1062 2196 1237 2252 fuerit
1277 2197 1500 2251 ordinis
1550 2203 1607 2251 et
1653 2197 2039 2267 separationis

399 2304 580 2345 causa
602 2303 735 2342 cum
769 2287 898 2358 ipsa
927 2285 1122 2357 potius
1151 2285 1486 2340 extremitas
1534 2286 1605 2340 ab
1657 2286 1743 2339 eis
1801 2301 1928 2356 quae
1978 2285 2038 2340 in

400 2379 531 2449 ipsa
561 2381 701 2431 sunt
729 2379 784 2430 et
813 2375 885 2429 ab
915 2375 1044 2446 ipsa
1074 2373 1468 2439 continentur,
1527 2374 1858 2429 deﬁniatur.
1901 2377 2037 2428 Pro-

402 2466 663 2538 priarum
688 2479 824 2534 ergo
857 2463 1143 2533 cujusque
1172 2461 1253 2517 rei
1286 2461 1542 2533 partium
1575 2467 1710 2533 apta
1748 2467 1804 2517 et
1833 2479 2038 2518 conve-

402 2555 570 2611 niens
601 2553 899 2610 collocatio
931 2562 1018 2608 est
1048 2551 1211 2608 locus
1260 2551 1688 2624 inseparabilis,
1747 2551 1866 2606 sive
1917 2567 2038 2606 mo-

399 2648 603 2698 veatur
632 2643 753 2697 sive
785 2642 1046 2712 quiescat
1074 2658 1186 2696 res.
1221 2640 1365 2694 Nam
1397 2642 1550 2694 idem
1585 2657 1816 2710 semper
1847 2643 2044 2694 manet

401 2732 743 2788 llldonec
791 2748 882 2785 res
933 2729 1236 2784 exstiterit.
1296 2727 1577 2799 Reliquus
1633 2733 1827 2781 autem
1880 2727 2043 2782 locus

401 2825 724 2893 separatur.
759 2818 1000 2884 Quando
1030 2818 1185 2873 enim
1236 2822 1542 2871 moventur
1597 2832 1858 2886 corpora,
1905 2832 2040 2870 cum

399 2910 544 2982 ipsis
566 2910 734 2980 juxta
765 2925 878 2962 non
932 2912 1215 2962 movetur.
1246 2922 1372 2976 quae
1405 2907 1475 2960 de
1508 2921 1684 2959 causa
1704 2904 1880 2958 etiam
1913 2920 2040 2975 quas

401 2999 725 3054 secundum
757 2996 950 3051 locum
986 2999 1308 3061 moventur,
1344 2992 1776 3064 quodammodo
1807 2991 1865 3045 in
1917 2991 2042 3046 loco

403 3101 555 3152 esse,
589 3083 1023 3156 quodammodo
1076 3083 1132 3136 in
1172 3082 1297 3137 loco
1329 3098 1444 3135 non
1475 3097 1603 3135 esse
1651 3080 1946 3134 dicuntur.
1982 3079 2042 3133 In

403 3175 528 3230 loco
559 3174 715 3230 enim
747 3172 839 3227 bis
895 3177 960 3226 ut
1011 3170 1274 3242 partibus
1331 3170 1402 3224 de
1459 3168 1687 3240 signato
1739 3185 1851 3222 non
1885 3171 2042 3222 sunt.

403 3262 565 3318 Alias
594 3262 750 3317 enim
818 3260 1205 3331 quiescerent,
1263 3259 1313 3312 si
1349 3258 1506 3312 hunc
1535 3256 1725 3312 locum
1757 3259 2042 3312 tenerent.

2219 2027 2279 2083 ς’.
2315 2022 2459 2074 Κατὰ
2508 2025 2702 2075 τοῦτον
2737 2019 2828 2074 οὖν
2867 2021 2960 2074 τὸν
3013 2018 3175 2095 λόγον
3209 2021 3237 2073 6
3271 2019 3439 2080 τόπος
3491 2018 3594 2072 οὐκ
3657 2017 3801 2071 ἔσται

2147 2110 2208 2163 τὸ
2247 2108 2412 2184 πέρας
2467 2113 2562 2163 τοῦ
2611 2110 2984 2185 περιέχοντος.
3016 2113 3138 2169 Πῶς
3189 2108 3292 2183 γὰρ
3342 2108 3401 2161 ἂν
3458 2105 3542 2176 εἴη
3592 2107 3657 2161 τὸ
3710 2110 3802 2161 τοῦ

2149 2197 2501 2274 περιέχοντος
2555 2199 2719 2273 πέρας
2773 2198 2970 2268 τάξεως
3017 2194 3188 2250 αἴτιον
3220 2197 3255 2265 ἢ
3302 2196 3638 2272 ἀφορισμοῦ,
3673 2194 3802 2248 αὐτὸ

2155 2285 2365 2358 μᾶλλον
2397 2287 2459 2340 τὸ
2489 2286 2653 2362 πέρας
2684 2286 3000 2360 ὁριζόμενον
3047 2285 3149 2340 ὑπὸ
3193 2289 3300 2339 τῶν
3351 2285 3404 2340 ἐν
3450 2284 3600 2356 αὐτῷ
3659 2304 3801 2359 γινο·

2155 2373 2328 2445 μένων
2385 2375 2474 2430 καὶ
2547 2377 2634 2430 ὑπ’
2693 2375 2856 2430 αὐτοῦ
2931 2376 3375 2451 περιεχομένων;
3435 2378 3490 2426 Ὁ
3551 2373 3648 2446 μὲν
3713 2370 3800 2426 οὖν

2147 2467 2254 2517 τῶν
2297 2464 2511 2519 οἰκείων
2573 2465 2778 2541 μορίων
2841 2464 3063 2519 ἑκάστου
3123 2462 3431 2534 εὐθετισμὸς
3486 2461 3801 2538 ἀχώριστός

2151 2551 2262 2606 ἐστι
2315 2554 2504 2625 τόπος,
2555 2555 2648 2607 κᾶν
2703 2561 2915 2623 κινῆται
2966 2554 3028 2607 τὸ
3105 2559 3348 2628 πρᾶγμα,
3406 2551 3504 2605 κᾶν
3589 2551 3797 2626 ἠρεμῇ·

2155 2637 2297 2714 μένει
2357 2642 2459 2719 γὰρ
2518 2639 2772 2712 διηνεκὴς
2815 2643 2842 2696 6
2873 2643 3052 2712 αὐτὸς,
3087 2638 3189 2696 ἔστ’
3247 2640 3305 2695 ἂν
3355 2639 3392 2713 ᾖ
3430 2641 3492 2694 τὸ
3549 2645 3796 2713 πρᾶγμα·

2151 2731 2180 2784 ὁ
2213 2729 2269 2784 δὲ
2319 2729 2513 2793 λοιπὸς
2559 2731 2727 2793 τόπος
2779 2731 3096 2806 χωρίζεται.
3131 2728 3475 2801 Κινουμένων
3531 2729 3635 2803 γὰρ
3693 2732 3800 2781 τῶν

2149 2819 2415 2890 σωμάτων
2473 2821 2534 2874 οὗ
2585 2825 2908 2894 συγκινεῖται
2962 2818 3163 2880 αὐτοῖς’
3220 2815 3305 2871 διὸ
3365 2818 3455 2871 καὶ
3529 2817 3600 2870 τὰ
3664 2817 3799 2870 κατὰ

2149 2903 2314 2961 τόπον
2374 2907 2661 2979 κινούμενα
2713 2912 2828 2969 πῶς
2892 2908 2984 2979 μὲν
3043 2909 3094 2960 έν
3142 2905 3296 2978 τόπῳ
3329 2905 3462 2959 εἶναι
3523 2903 3795 2979 λέγονται,

2152 3000 2266 3057 πῶς
2329 2993 2374 3050 δ’
2405 2995 2504 3050 οὐκ
2558 2994 2609 3049 ἐν
2665 2996 2838 3068 τόπῳ.
2873 2997 2956 3050 Ἐν
3021 2996 3114 3068 μὲν
3173 2994 3276 3069 γὰρ
3323 2998 3402 3066 τῷ
3430 2992 3796 3071 ἀφωρισμένῳ

2150 3083 2304 3156 τόπῳ
2360 3084 2577 3146 τούτοις
2634 3085 2707 3146 ὡς
2767 3085 2976 3159 μέρεσιν
3017 3082 3115 3138 οὐκ
3167 3081 3319 3137 εἰσίν·
3354 3083 3389 3150 ἢ
3423 3082 3526 3157 γὰρ
3557 3081 3799 3156 ἠρέμουν

2150 3173 2241 3226 τὸν
2267 3177 2511 3227 τοιοῦτον
2543 3172 2712 3228 τόπον
2743 3175 3045 3248 κατέχοντα
3071 3177 3156 3227 Ἐν
3208 3169 3266 3226 δὲ
3293 3171 3450 3243 τόπῳ
3482 3170 3617 3224 εἶσῖν
3650 3169 3797 3248 ἀφω-

2155 3262 2394 3334 ρισμένῳ
2478 3262 2718 3334 σώμασιν
2807 3259 3022 3332 ἄλλοις,
3077 3265 3156 3332 τῷ
3227 3259 3346 3336 ἀέρι
3401 3260 3571 3334 τυχὸν
3632 3259 3667 3327 ἢ
3725 3261 3801 3329 τῷ

404 3357 479 3407 At
507 3352 567 3407 in
596 3351 720 3406 loco
747 3349 1090 3421 corporibus
1135 3347 1263 3402 aliis
1325 3350 1592 3418 separato
1649 3349 1808 3413 sunt,
1871 3349 1937 3400 ut
1983 3344 2043 3400 in
2076 3391 2118 3457 Ο
2159 3347 2331 3406 ὕδατι.

408 3457 537 3497 aere
567 3439 725 3495 verbi
757 3438 945 3510 gratia
975 3443 1078 3492 aut
1107 3453 1278 3507 aqua.

475 3531 530 3582 7.
562 3530 750 3600 Atque
781 3526 873 3582 hic
905 3531 993 3582 est
1019 3527 1067 3580 is
1091 3525 1252 3580 locus
1271 3525 1367 3596 qui
1402 3523 1606 3579 latiore
1623 3522 2048 3595 significatione

408 3617 492 3672 sic
515 3616 748 3685 dicitur,
781 3615 911 3670 aliis
951 3614 1186 3685 quidem
1243 3615 1599 3684 assignatus,
1631 3629 1699 3666 ex
1751 3611 2047 3666 accidente

411 3709 608 3760 autem
641 3720 841 3758 eorum
886 3720 1012 3773 qum
1066 3708 1372 3757 moventur
1417 3701 1581 3756 locus
1612 3701 1868 3756 effectus.
1898 3699 2042 3756 Nam

411 3797 609 3848 motus
669 3807 785 3863 quo
843 3790 1065 3861 aliquid
1125 3791 1450 3846 secundum
1506 3789 1700 3844 locum
1756 3793 2044 3855 movetur,

408 3880 553 3936 alias
583 3878 726 3934 alios
748 3878 897 3934 situs
929 3879 1198 3943 assumit,
1222 3877 1566 3934 intermedio
1597 3893 1729 3934 aere
1754 3881 1855 3932 aut
1891 3893 2044 3948 aqua

403 3967 606 4023 divisis
646 3967 827 4022 donec
877 3966 1216 4038 praterierit
1261 3966 1318 4020 id
1391 3966 1545 4036 quod
1594 3965 1884 4021 valentius
1932 3971 2037 4021 est.

398 4058 589 4128 Atque
621 4055 772 4112 situs
804 4072 977 4126 quem
1014 4054 1224 4126 accipit
1261 4055 1318 4108 id
1372 4055 1525 4126 quod
1579 4058 1858 4120 movetur,
1910 4071 2040 4124 par-

397 4147 548 4201 tium
581 4144 733 4200 aeris
764 4149 866 4198 aut
892 4160 1054 4214 aquae
1084 4144 1234 4197 situs
1263 4147 1352 4197 est
1390 4167 1404 4208 ;
1437 4143 1501 4196 ﬁt
1556 4147 1750 4196 autem
1781 4142 1955 4197 etiam
1989 4143 2041 4198 ei

398 4235 553 4306 quod
587 4233 1032 4300 movetur,situs
1063 4230 1608 4294 adventitius.Quod
1639 4231 1818 4302 igitur
1842 4231 2038 4303 ipsum

397 4328 464 4378 ut
494 4323 574 4378 rei
610 4327 834 4377 motum
881 4321 1188 4376 subeuntis
1238 4319 1419 4374 situm
1471 4319 1731 4389 metitur,
1780 4320 1830 4374 ei
1880 4321 2036 4391 quod

397 4417 662 4467 movetur
725 4410 888 4466 locus
959 4410 1022 4463 ﬁt
1064 4425 1167 4480 per
1220 4409 1511 4464 accidens.
1577 4407 1939 4479 QuaprOpter
1985 4409 2036 4463 ei

397 4501 550 4572 quod
585 4499 808 4564 ratione
838 4498 948 4553 loci
982 4502 1263 4568 movetur,
1282 4503 1486 4568 praeter
1515 4502 1711 4568 aptam
1743 4501 1800 4552 et
1831 4513 2034 4552 conve-

394 4589 651 4645 nientem
685 4605 926 4644 suarum
957 4587 1208 4658 partium
1243 4585 1680 4640 collocationem
1724 4583 1886 4640 locus
1919 4603 2032 4642 non

389 4683 479 4732 est
510 4677 801 4749 preprius.
837 4679 1018 4743 Quem
1053 4675 1208 4730 enim
1251 4677 1544 4745 permutat
1595 4671 1787 4727 locum
1835 4691 1949 4729 non
1983 4675 2032 4730 is

2229 3529 2288 3596 ζ’.
2321 3527 2418 3581 Καὶ
2451 3527 2608 3590 οὗτός
2646 3527 2784 3582 ἐστιν
2837 3529 2865 3581 ὁ
2913 3527 2964 3580 έν
3009 3524 3202 3580 πλάτει
3263 3523 3556 3600 λεγόμενος
3613 3524 3802 3591 τόπος,

2155 3613 2348 3677 ἄλλοις
2385 3617 2478 3688 μὲν
2508 3616 2839 3692 κληρωθείς,
2871 3615 3007 3670 κατὰ
3044 3608 3388 3688 συμϐεϐηκὸς
3435 3611 3494 3668 δὲ
3548 3614 3641 3668 καὶ
3694 3616 3797 3667 τῶν

2151 3705 2487 3776 κινουμένων
2543 3705 2710 3767 τόπος
2765 3704 3068 3780 γινόμενος.
3125 3708 3186 3758 Ἡ
3241 3703 3346 3778 γὰρ
3420 3703 3559 3756 κατὰ
3629 3702 3793 3757 τόπον

2151 3792 2362 3863 κίνησις
2409 3795 2603 3857 θέσεων
2664 3792 2864 3848 ἄλλοτε
2922 3793 3106 3848 ἄλλων
3167 3791 3279 3847 ἐστὶ
3336 3791 3643 3864 μετάληψις
3698 3795 3791 3844 τοῦ

2156 3881 2347 3954 μεταξὺ
2379 3881 2532 3958 ἀέρος
2562 3882 2596 3951 ἢ
2623 3887 2720 3937 τοῦ
2750 3879 2944 3944 ὕδατος
2975 3879 3356 3956 διαιρουμένου
3397 3877 3502 3942 ἕως
3554 3880 3615 3935 ἂν
3666 3899 3793 3955 παρ-

2151 3967 2303 4033 έλθοί
2358 3971 2420 4024 τὸ
2474 3970 2846 4046 ἰσχυρότερον.
2899 3971 2997 4025 Καὶ
3055 3971 3089 4038 ἠ
3122 3968 3265 4033 θέσις
3322 3971 3383 4038 ἢν
3447 3963 3793 4042 μεταλαμϐά-

2148 4080 2223 4113 νει
2255 4059 2316 4112 τὸ
2346 4059 2661 4132 κινούμενον
2693 4064 2799 4113 τῶν
2834 4063 2928 4112 τοῦ
2978 4059 3132 4134 ἀέρος
3181 4056 3293 4112 ἐστὶ
3357 4056 3564 4133 μορίων
3630 4057 3791 4124 θέσις,

2148 4148 2182 4214 ἢ
2213 4151 2321 4200 τῶν
2352 4151 2447 4200 τοῦ
2477 4146 2692 4208 ὕδατος.
2725 4147 2929 4202 Γίνεται
2963 4144 3019 4201 δὲ
3067 4147 3156 4201 καὶ
3213 4151 3291 4218 τῷ
3341 4145 3650 4220 κινουμένῳ
3709 4147 3791 4200 θέ-

2149 4256 2229 4296 σις
2259 4234 2590 4297 ἐπείσακτος.
2622 4236 2693 4289 Τὸ
2726 4240 2855 4311 γοῦν
2892 4239 3120 4311 μετροῦν
3155 4234 3320 4303 αὐτὴν
3355 4234 3431 4296 ὡς
3476 4238 3576 4288 τοῦ
3623 4255 3794 4288 κινου-

2153 4323 2316 4396 μένου
2366 4323 2505 4378 θέσιν
2556 4324 2724 4386 τόπος
2774 4323 2884 4378 έστὶ
2932 4328 3010 4396 τῷ
3059 4323 3365 4396 κινουμένῳ
3409 4323 3546 4377 κατὰ
3597 4317 3791 4395 συμϐε-

2146 4407 2336 4481 ϐηκός.
2370 4415 2530 4467 Ὥστε
2573 4417 2652 4484 τῷ
2697 4413 3002 4486 κινουμένῳ
3038 4412 3176 4468 κατᾶ
3216 4408 3383 4466 τόπον
3437 4408 3575 4472 ἴδιος
3635 4411 3794 4470 τόπος

2145 4501 2243 4554 οὐκ
2292 4499 2402 4554 ἔστι
2452 4501 2596 4574 παρᾶ
2645 4503 2734 4556 τὸν
2788 4501 3099 4574 εὐθετισμὸν
3157 4505 3266 4556 τῶν
3313 4499 3530 4555 οἷ’κείων
3595 4505 3791 4575 μερῶν.

2141 4591 2231 4642 Ὃν
2282 4591 2382 4665 γάρ
2433 4585 2700 4662 διαμείϐει
2749 4591 2939 4660 τόπον,
2990 4590 3090 4645 οὐκ
3145 4589 3309 4645 αὐτοῦ
3369 4590 3604 4664 ὑπάρχει
3664 4589 3790 4667 ἀφο-

2144 4677 2359 4752 ρισμὸς,
2393 4677 2536 4732 ἀλλὰ
2565 4682 2658 4732 τοῦ
2690 4681 3042 4754 περιέχοντος
3077 4679 3234 4752 ἀέρος
3263 4679 3299 4746 ἢ
3342 4674 3543 4739 ὕδατος
3593 4678 3657 4731 οὗ
3705 4677 3787 4732 καὶ

389 4768 545 4822 112
580 4766 664 4820 illi
695 4771 952 4821 secretus
997 4769 1104 4832 est,
1165 4764 1264 4819 sed
1324 4762 1681 4818 continentis
1731 4763 1882 4818 aeris
1935 4768 2037 4819 aut

2150 4768 2204 4820 τὸ
2252 4766 2570 4840 κινούμενον
2625 4766 2827 4823 ἄλλοτε
2871 4768 2922 4823 ἐν
2974 4765 3131 4840 ἄλλῳ
3184 4768 3336 4844 μέφει
3383 4765 3588 4843 πέφυκε
3647 4765 3785 4840 γίνε-

385 4871 550 4926 aquas
585 4872 598 4910 :
628 4857 798 4925 cujus
829 4855 1006 4909 etiam
1029 4853 1177 4909 alias
1206 4851 1266 4908 in
1297 4850 1411 4906 alia
1434 4855 1597 4922 parte
1629 4850 1910 4905 constitui
1941 4868 2035 4906 so-

384 4940 466 4996 let
494 4941 553 4996 id
585 4944 739 5012 quod
774 4946 1055 4997 movetur.

455 5031 508 5082 8.
544 5028 822 5085 Praeclare
852 5030 1033 5100 igitur
1073 5029 1268 5084 locum
1318 5026 1628 5092 definiunt,
1681 5025 1780 5098 qui
1833 5027 2030 5098 ipsum

387 5116 538 5170 situs
571 5132 771 5170 eorum
804 5135 931 5187 quae
964 5117 1152 5188 posita
1181 5120 1320 5170 sunt
1341 5131 1676 5170 mensuram
1708 5131 1835 5169 esse
1865 5115 2031 5170 aiunt

380 5203 524 5259 Nam
561 5203 681 5258 haec
703 5205 962 5260 definitio
987 5223 1218 5260 omnem
1244 5205 1437 5259 locum
1453 5203 2024 5275 comprehendit,qui

382 5306 517 5345 cum
550 5291 609 5345 in
641 5294 1003 5363 corporibus,
1039 5300 1163 5347 tum
1197 5294 1255 5347 in
1288 5291 1646 5362 incorporeis
1691 5292 2022 5347 considera-

377 5382 494 5434 tur.
530 5378 752 5449 Quippe
783 5385 839 5435 et
869 5381 925 5434 in
960 5381 1316 5453 incorporeis
1348 5381 1497 5435 situs
1547 5380 1770 5436 ratione
1800 5382 2022 5438 ordinis

375 5465 729 5538 intelligitur
761 5494 774 5537 ς
809 5471 1308 5541 quemadmodum
1342 5468 1606 5526 binarius
1662 5473 1796 5526 ante
1825 5475 2020 5529 terna-

448 5673 494 5717 ιιι
523 5671 556 5728 4
588 5670 762 5749 Phys.
797 5690 847 5738 ο.
879 5675 932 5746 4,
966 5678 1008 5732 t.
1043 5675 1129 5746 48,
1162 5675 1250 5734 49.

2147 4857 2283 4912 σθαι.

2213 5034 2282 5101 η’.
2317 5031 2511 5094 Καλῶς
2569 5031 2659 5087 οὗν
2721 5033 2987 5109 ὁρίζονται
3042 5033 3135 5087 τὸν
3205 5032 3372 5086 τόπον
3429 5033 3483 5086 οἱ
3540 5030 3785 5107 λέγοντες

2140 5121 2298 5174 αὐτὸν
2355 5120 2548 5195 μέτρον
2597 5121 2728 5175 εἶναι
2776 5128 2876 5190 τῆς
2926 5125 3033 5174 τῶν
3082 5120 3418 5192 κινουμένων
3475 5118 3700 5182 θέσεως.
3731 5120 3784 5171 Ὀ

2137 5210 2240 5283 γὰρ
2290 5209 2520 5285 ὁρισμὸς
2549 5210 2706 5271 οὗτος
2749 5204 3145 5284 περιλαμϐάνει
3191 5211 3364 5264 πάντα
3406 5208 3578 5264 τόπον
3626 5205 3679 5262 ἕν
3732 5226 3785 5260 τε

2134 5299 2377 5369 σώμασιν
2403 5295 2454 5351 ἔν
2493 5318 2552 5352 τε
2599 5297 2911 5370 ἀσωμάτοις
2957 5297 3353 5370 θεωρούμενον.
3387 5297 3488 5351 Καὶ
3538 5296 3590 5352 έν
3643 5295 3784 5350 ἀσω-

2136 5385 2325 5458 μάτοις
2369 5386 2470 5461 γάρ
2523 5387 2666 5449 θέσις
2710 5393 2908 5442 νοεῖται
2957 5388 3092 5440 κατά
3136 5388 3234 5456 τὴν
3283 5385 3454 5456 τάξιν·
3512 5387 3588 5448 ὡς
3629 5383 3779 5459 λέγε-

2127 5495 2214 5532 ται
2267 5476 2472 5532 κεῖσθαι
2530 5476 2630 5546 τὴν
2683 5473 2850 5531 δυάδα
2907 5476 3014 5554 πρὸ
3079 5482 3179 5547 τῆς
3242 5471 3490 5550 τριάδος,
3541 5474 3630 5531 καὶ
3685 5473 3778 5542 τὴν
