4024 6434
287 460 443 527 4405

1586 456 1937 524 EPITOME
1978 454 2343 525 PHYSICA.

3532 469 3687 533 4106

283 592 476 672 τριάδα
529 615 636 672 προ
691 600 792 666 τῆς
848 590 1124 672 τετράδοςο
1183 592 1272 651 καὶ
1329 592 1465 650 κατὰ
1507 595 1606 664 τήν
1673 591 1928 661 τοιαύτην

2044 593 2216 659 rium,
2251 599 2306 651 et
2333 597 2626 657 ternarius
2658 604 2791 657 ante
2820 599 3258 673 quaternarium
3301 602 3528 676 positus
3558 619 3687 661 esse

287 685 427 742 θέσιν
475 685 679 748 τόπους
745 682 968 758 οἷ’δαμεν
1036 686 1304 760 ἀριθμῶν.
1350 687 1503 742 ’Ἐστι
1555 681 1611 738 δὲ
1656 683 1751 738 κάν
1810 687 1926 743 τοῖς

286 776 498 848 σώμασι
549 773 708 845 θέσις,
742 775 818 836 ὡς
867 773 1097 850 εἶ’ρηται,
1131 776 1165 844 ἡ
1207 771 1480 844 ούσιώδης
1529 775 1618 828 καὶ
1665 775 1700 842 ἡ
1751 771 1925 826 ἐπείσ-

284 885 443 926 ακτος
471 863 562 919 καὶ
591 867 626 934 ἡ
659 861 930 934 ούσιώδης
974 861 1150 934 διττή.
1200 866 1359 918 Ὥστε
1405 863 1540 917 κατά
1583 862 1647 916 τὸ
1702 863 1798 928 τῆς
1848 863 1929 924 θέ-

283 974 415 1015 σεως
473 951 728 1031 διάφορον
791 954 819 1008 6
881 950 1282 1026 ἀποδεδομένος
1336 952 1507 1006 τόπου
1573 946 1741 1024 λόγος
1810 955 1926 1012 τοῖς

286 1040 566 1121 διαφόροις
608 1041 901 1120 ἐφαρμόζει
948 1039 1162 1105 τόπδις.
1188 1041 1248 1095 Τί
1296 1042 1390 1114 μὶν
1445 1038 1535 1096 οὖν
1597 1039 1705 1094 ἐστι
1760 1039 1928 1101 τόπος

287 1131 720 1189 ὑποτετύπωται.

353 1311 416 1366 θ’.
451 1309 652 1383 Χρόνος
712 1307 768 1364 δέ
839 1308 979 1364 ἐστιν
1039 1309 1270 1382 ἀριθμὸς
1329 1310 1612 1379 κινήσεως.
1674 1305 1927 1362 Καλεῖται

284 1395 330 1454 δ’
388 1398 615 1474 ἀριθμὸς
698 1398 787 1453 καὶ
864 1400 893 1453 6
969 1398 1212 1474 ἀριθμῶν
1281 1397 1370 1452 καὶ
1423 1399 1451 1452 6
1508 1395 1926 1473 ἀριθμούμενος,

283 1487 462 1564 ὥσπερ
495 1485 709 1563 λέγεται
746 1489 940 1564 μέτρον
971 1489 1034 1543 τὸ
1082 1492 1308 1564 μετροῦν
1358 1509 1416 1542 τε
1463 1487 1552 1542 καὶ
1593 1487 1655 1540 τὸ
1708 1481 1931 1561 μετρού-

287 1596 464 1650 μενοψ
499 1577 611 1631 οἷον
664 1578 692 1632 6
746 1574 1035 1650 μοναδικὸς
1094 1577 1348 1648 ἀριθμὸς,
1377 1573 1550 1650 ἤγουν
1586 1576 1612 1629 6
1645 1574 1704 1630 ἐκ
1762 1575 1926 1647 μονά-

283 1664 389 1722 δων
441 1664 868 1738 συντεθειμένος,
899 1667 990 1721 καὶ
1032 1665 1262 1739 ἀριθμὸς
1302 1663 1488 1720 ’ίππων
1541 1665 1575 1734 ἢ
1631 1665 1794 1740 βοῶν.
1829 1662 1927 1717 Καὶ

280 1754 445 1811 πάλιν
503 1757 679 1830 χοῖνιξ
712 1758 747 1824 ἡ
780 1754 968 1825 ξυλίνη
1029 1755 1313 1824 καὶὴτοῦ
1370 1752 1540 1808 σίτου·
1601 1754 1689 1808 καὶ
1750 1753 1927 1830 ἀμφο-

282 1845 402 1918 ρεὺς
432 1846 460 1900 ὁ
513 1843 801 1918 κεράμειος
860 1844 949 1899 καὶ
1001 1845 1028 1898 ὁ
1078 1848 1175 1899 τοῦ
1231 1840 1445 1905 ὕδατος.
1508 1840 1683 1900 Ἀλλά
1729 1842 1818 1896 καὶ
1865 1842 1927 1896 τὸ

282 1932 682 2010 ἀριθμούμενον
729 1931 904 1988 διττόν
964 1932 1096 2004 ἐστι,
1135 1933 1197 1987 τὸ
1257 1935 1351 2005 μὲν
1408 1931 1544 1987 κατά
1596 1932 1785 2000 ποσὸν,
1850 1931 1924 1992 ὡς
1959 1958 2004 2022 Β

281 2021 510 2099 λέγομεν
561 2020 656 2078 δύο
704 2025 946 2093 κινήσεις
976 2023 1011 2091 ἢ
1042 2027 1209 2098 τρεῖς⁹
1258 2023 1320 2077 τὸ
1369 2019 1426 2076 δὲ
1467 2022 1603 2076 κατά
1644 2021 1816 2093 τάξιν,
1849 2020 1923 2082 ὡς

280 2110 514 2187 λέγομεν
573 2110 842 2185 προτέραν
897 2111 1108 2179 κίνησιν
1151 2110 1239 2166 καὶ
1275 2110 1516 2185 ὑστέραν.
1558 2111 1739 2164 Ἔστιν
1773 2106 1862 2163 οὖν
1897 2109 1924 2162 ὁ

279 2199 482 2276 χρόνος
535 2199 765 2275 ἀριθμὸς
820 2201 1085 2268 κινήσεως
1139 2199 1228 2253 καὶ
1285 2198 1360 2260 ὡς
1419 2198 1661 2271 ἀριθμῶν
1703 2196 1792 2250 καὶ
1852 2196 1925 2256 ὡς

278 2287 700 2364 ἀριθμούμενοςο
760 2286 1160 2364 ἀριθμούμενος
1238 2284 1296 2341 δὲ
1372 2287 1507 2341 κατά
1579 2287 1678 2354 τὴν
1753 2283 1920 2354 τάξιν·

278 2375 403 2448 ἤτοι
457 2377 594 2432 κατά
639 2378 701 2431 τὸ
758 2375 1018 2452 πρότερόν
1063 2398 1123 2431 τε
1173 2375 1262 2430 καὶ
1315 2375 1556 2447 ὕστερονο
1600 2379 1698 2429 τοῦ
1727 2374 1921 2450 πρότε-

282 2487 371 2542 ρον
429 2464 520 2520 καί
575 2465 792 2541 ὕστερον
828 2460 1258 2538 λαμϐανομένων
1288 2467 1423 2520 κατά
1476 2466 1575 2534 τήν
1635 2468 1730 2517 τοῦ
1789 2463 1922 2517 εἶναι

281 2552 594 2629 παράτασιν.
636 2554 977 2629 Ἀριθμεῖται
1039 2553 1132 2626 μὲν
1189 2551 1279 2607 οὗν
1328 2553 1356 2606 6
1401 2551 1602 2628 χρόνος
1663 2553 1764 2607 ὑπὸ
1821 2558 1920 2620 τῆς

280 2642 504 2718 πρώτης
557 2641 646 2696 καὶ
705 2639 886 2710 ἁπλῆς
969 2644 1235 2712 κινήσεως
1313 2649 1414 2710 τῆς
1491 2639 1918 2719 κυκλοφορικῆς·

281 2727 686 2800 ἀνταριθμεῖται
721 2725 779 2782 δὲ
832 2725 995 2782 πάλιν
1029 2727 1216 2800 αὐτήν,
1247 2728 1311 2782 Εἰ
1365 2731 1439 2802 μὴ
1490 2730 1590 2805 γὰρ
1639 2729 1741 2783 ὑπὸ
1791 2729 1922 2806 χρό-

281 2839 375 2872 νου
405 2819 441 2887 ἡ
474 2816 696 2886 τοιαύτη
725 2817 954 2888 κίνησις,
991 2817 1092 2872 ὑπὸ
1121 2817 1265 2880 τίνος
1297 2819 1624 2892 ἀριθμηθείη
1661 2819 1719 2872 ἄν
1748 2837 1760 2887 ;

357 3001 407 3051 ι’.
446 2995 552 3063 Τὴν
585 2998 808 3069 πρώτην
841 2991 932 3049 οὗν
972 2993 1061 3048 καὶ
1103 2996 1440 3070 κυριωτάτην
1484 2999 1592 3050 τῶν
1659 2997 1923 3065 κινήσεων

281 3083 378 3152 τὴν
439 3081 803 3161 κυκλοφορίαν
836 3083 864 3136 6
895 3083 1091 3160 χρόνος
1142 3088 1370 3159 μετρῶν,
1401 3086 1515 3138 κατ’
1573 3083 1780 3154 ἐκείνην
1837 3085 1928 3139 καὶ

285 3173 379 3234 τὰς
435 3169 608 3234 ἄλλας
665 3173 906 3242 κινήσεις
968 3178 1173 3246 μετρεῖ.
1235 3181 1371 3228 Ωστε
1411 3180 1514 3242 τῆς
1574 3174 1666 3246 μὲν
1727 3173 1928 3230 κυκλο-

285 3263 518 3337 φορικῆς
574 3263 841 3332 κινήσεως
897 3261 1130 3335 ἀριθμὸς
1189 3258 1332 3316 ἔσται
1392 3262 1420 3315 6
1478 3261 1672 3336 χρόνος
1709 3262 1808 3321 ,καὶ
1857 3263 1931 3325 ὡς

286 3350 530 3426 ἀριθμῶν
563 3350 652 3404 καὶ
682 3350 756 3411 ὡς
791 3350 1207 3426 ἀριθμούμενος·
1245 3355 1354 3405 τῶν
1406 3348 1464 3405 δὲ
1512 3349 1721 3406 λοιπῶν
1772 3353 1926 3422 κινή-

285 3459 417 3493 σεων
450 3439 523 3500 ὡς
560 3437 800 3514 ἀριθμῶν
855 3438 1042 3510 μόνον,
1076 3437 1137 3492 ού
1192 3441 1297 3513 μὴν
1346 3439 1434 3494 καὶ
1485 3440 1558 3501 ὡς
1597 3439 1930 3514 ἀριθμούμε-

283 3548 396 3589 νος.
431 3525 505 3582 Ού
553 3527 658 3602 γὰρ
688 3525 821 3600 (καί)
871 3533 973 3595 τῆς
1019 3525 1157 3600 ἐμῆς
1218 3525 1502 3603 βαδίσεως,
1539 3529 1627 3583 καὶ
1671 3536 1772 3598 τῆς
1829 3536 1928 3598 σῆς

285 3613 618 3678 λευκάνσεως
653 3615 882 3691 ἀριθμὸς
914 3610 1058 3670 ἔσται
1092 3617 1119 3669 ὁ
1157 3616 1359 3691 χρόνος
1408 3617 1482 3679 ὡς
1525 3617 1929 3694 ἀριθμούμενος

285 3703 423 3777 (ἐπεὶ
484 3704 530 3758 εί
583 3703 745 3759 τοῦτό
793 3725 876 3779 γε,
909 3703 1008 3758 οὐκ
1059 3703 1116 3758 ἃν
1173 3706 1239 3774 ἦν
1300 3702 1615 3783 ἀδιάφορος,
1651 3704 1762 3761 οὐδ’
1819 3709 1931 3779 ἅμα

285 3794 402 3858 καθ’
449 3791 504 3848 ’ἐν
563 3796 654 3847 νῦν
713 3791 1152 3870 ἀφοριζόμενος),
1211 3792 1357 3848 ἀλλὰ
1405 3801 1506 3863 τῆς
1563 3796 1788 3870 πρώτης
1841 3795 1928 3849 καὶ

289 3881 469 3952 ἁπλῆς
497 3885 595 3937 τοῦ
625 3881 852 3956 ούρανοῦ
909 3884 1174 3952 κινήσεως
1234 3882 1405 3955 μόνης
1463 3883 1760 3959 ἀριθμητὸν
1797 3883 1868 3938 ὢν
1905 3886 1931 3938 ὁ

286 3970 487 4048 χρόνος
543 3973 679 4026 κατά
731 3971 793 4025 τὸ
856 3970 1066 4040 ἐκείνης
1141 3971 1401 4047 πρότερόν
1460 3993 1519 4026 τε
1569 3972 1658 4027 καὶ
1710 3973 1928 4050 ὕστερον

287 4060 371 4134 (τὸ
425 4060 526 4135 γὰρ
587 4059 848 4137 πρότερόν
905 4081 964 4115 τε
1017 4059 1107 4114 καὶ
1164 4059 1381 4134 ὕστερον
1425 4065 1522 4130 τῆς
1548 4062 1807 4133 τοιαύτης
1853 4084 1934 4117 κι-

285 4151 492 4220 νήσεως
551 4148 951 4224 ἀριθμούμενον
993 4149 1021 4203 6
1079 4148 1278 4224 χρόνος
1337 4149 1521 4225 ἐστίν).
1570 4151 1752 4214 Οὕτως
1812 4151 1929 4229 ἀρι-

286 4240 416 4312 θμεῖ
456 4239 525 4292 τὰ
568 4236 619 4292 ἐν
668 4243 785 4300 τοῖς
834 4234 1116 4316 διαφόροις
1161 4240 1401 4309 κινήσεσι
1451 4239 1686 4316 πρότερά
1731 4261 1790 4295 τε
1843 4241 1932 4295 καὶ

287 4326 483 4402 ὕστερα
539 4327 658 4390 καθ’
686 4325 741 4381 ’ἐν
800 4327 863 4382 τὸ
925 4327 1123 4382 οἰκεῖον
1150 4332 1266 4386 νῦν.
1298 4329 1390 4382 Διὸ
1437 4329 1526 4382 καὶ
1576 4329 1688 4402 ἅμα
1734 4349 1930 4384 παντα-

287 4420 394 4491 χοῦ
426 4416 454 4470 6
484 4414 645 4478 αὐτός
676 4413 787 4470 ἐστι
815 4415 1016 4492 χρόνος
1065 4416 1258 4492 μέτρον
1310 4414 1570 4492 ὑπάρχων
1626 4416 1801 4488 πάσης
1853 4439 1933 4472 κι-

287 4507 514 4576 νήσεως.
600 4503 796 4580 Χρόνῳ
904 4504 1009 4580 γὰρ
1095 4509 1365 4581 μετρεῖται
1452 4505 1706 4579 σύμπασα
1781 4505 1934 4576 κίνη-

289 4614 392 4656 σις.

2037 681 2270 739 dicitur.
2327 688 2513 759 Atque
2571 689 2749 762 hujus
2807 691 2957 747 situs
3025 691 3246 747 ratione
3304 710 3684 749 numerorum

2036 770 2194 828 locos
2249 775 2540 833 novimus.
2598 781 2700 835 Est
2748 785 2941 836 autem
2996 781 3173 836 etiam
3222 781 3282 836 in
3342 782 3686 854 corporibus

2039 861 2188 916 situs
2221 867 2720 934 quemadmodum
2753 870 2971 926 dictum
3005 876 3111 938 est,
3145 871 3473 927 essentialis
3504 877 3562 926 et
3592 873 3686 927 ad-

2037 952 2336 1008 ventitius.
2370 955 2438 1010 Et
2467 957 2796 1014 essentialis
2828 959 3061 1030 duplex.
3099 960 3205 1014 Pro
3236 959 3561 1016 diﬂ‘erentia
3592 978 3678 1018 er-

2037 1056 2109 1112 go
2141 1043 2293 1098 situs
2324 1045 2623 1118 assignata
2668 1047 2778 1103 loci
2825 1049 3087 1105 definitio
3137 1049 3383 1105 diversis
3413 1049 3555 1107 locis
3586 1069 3679 1108 ac-

2039 1132 2463 1188 commodatur.
2497 1135 2644 1198 Quid
2676 1152 2812 1208 ergo
2869 1137 3033 1193 locus
3065 1137 3161 1209 sit,
3198 1139 3278 1194 ita
3307 1139 3679 1212 designatum

2039 1220 2144 1272 est.

2107 1308 2160 1362 9.
2193 1309 2450 1380 Tempus
2504 1315 2700 1367 autem
2731 1315 2776 1348 ²⁰
2805 1318 2894 1370 est
2941 1331 3223 1372 numerus
3253 1321 3467 1374 motus.
3499 1318 3683 1375 Voca-

2038 1397 2135 1448 tur
2164 1401 2359 1452 autem
2393 1416 2677 1456 numerus
2708 1419 2840 1457 cum
2871 1403 2921 1458 is
2954 1404 3052 1475 qui
3100 1409 3390 1472 numerat,
3423 1411 3548 1461 tum
3581 1408 3680 1479 qui

2039 1490 2407 1554 numeratur;
2433 1491 2930 1558 quemadmodum
2951 1509 3227 1548 mensura
3243 1494 3456 1549 dicitur
3470 1497 3536 1564 ²¹,
3558 1499 3676 1551 tam

2039 1588 2165 1642 quae
2199 1580 2519 1647 mensurat,
2556 1595 2729 1649 quam
2763 1597 2888 1651 qua:
2915 1586 3311 1637 mensuratur.
3335 1583 3528 1639 Veluti
3560 1601 3678 1640 mo-

2039 1662 2149 1715 nad
2161 1661 2284 1717 icus
2302 1681 2603 1733 numerus,
2618 1667 2726 1722 hoc
2739 1673 2845 1741 est,
2865 1686 2933 1724 ex
2948 1670 3270 1727 unitatibus
3283 1690 3407 1727 com
3418 1673 3644 1744 positus
3664 1686 3678 1735 ξ

2037 1753 2092 1804 et
2123 1767 2403 1808 numerus
2424 1769 2708 1824 equorum
2738 1762 2838 1812 aut
2860 1758 3058 1814 boum.
3090 1761 3156 1814 Et
3202 1778 3409 1818 rursus
3453 1762 3681 1817 chmnix

2038 1837 2459 1911 lignea,etitem
2474 1844 2650 1900 tritici
2675 1863 2685 1913 ;
2703 1850 2758 1900 et
2771 1847 3052 1918 amphora
3068 1848 3501 1922 ﬁglina,etitem
3515 1867 3682 1923 aquae

2038 1929 2191 1984 1l3
2223 1931 2525 2003 amphora.
2550 1933 2661 1988 Sed
2692 1933 2746 1988 id
2783 1935 2885 1988 cod
2919 1941 3284 2004 numeratur,
3317 1939 3527 2009 duplex
3548 1943 3674 1996 est:

2037 2034 2219 2072 unum
2251 2019 2477 2076 ratione
2507 2022 2869 2091 quantitatis,
2913 2026 3204 2094 quomodo
3234 2027 3381 2082 duos
3431 2032 3532 2083 aut
3559 2033 3677 2086 tres

2037 2111 2231 2162 motus
2264 2107 2514 2165 dicimus
2542 2135 2555 2176 ;
2585 2110 2832 2166 alterum
2867 2112 3086 2168 ratione
3115 2115 3358 2184 ordinis,
3383 2119 3676 2188 quomodo

2036 2195 2288 2267 priorem
2317 2202 2372 2252 et
2409 2199 2790 2270 posteriorem
2840 2206 3063 2254 motum
3113 2201 3387 2259 dicimus.
3421 2206 3677 2277 Tempus

2033 2283 2216 2355 igitur
2246 2290 2441 2342 motus
2468 2301 2600 2341 cum
2627 2292 2690 2342 ut
2721 2305 3058 2355 numerans,
3090 2294 3215 2344 tum
3250 2296 3314 2346 ut
3336 2299 3676 2350 numeratus

2034 2389 2315 2428 numerus
2339 2379 2464 2442 est;
2489 2392 2807 2431 numerans
2829 2381 3018 2432 autem
3039 2381 3366 2435 secundum
3388 2381 3672 2452 ordinem,

2033 2462 2152 2518 sive
2183 2465 2506 2518 secundum
2541 2466 2704 2535 prius
2735 2469 2791 2520 et
2822 2467 3136 2537 posterius,
3173 2469 3350 2540 priori
3393 2476 3450 2525 et
3482 2476 3672 2542 poste-

2033 2551 2172 2605 riori
2201 2553 2522 2606 secundum
2546 2553 2735 2624 ipsius
2758 2571 2884 2609 esse
2906 2558 3300 2612 extensionem
3331 2560 3582 2630 acceptis
3606 2562 3672 2615 2’.

2031 2640 2388 2695 Numeratur
2416 2657 2551 2712 ergo
2583 2646 2814 2713 tempus
2845 2659 2878 2697 a
2922 2643 3109 2714 primo
3140 2649 3196 2699 et
3225 2645 3478 2716 simplici
3511 2653 3673 2702 motu

2033 2729 2323 2798 circulari,
2373 2729 2755 2800 vicissimque
2792 2748 2925 2786 eum
2977 2739 3266 2788 numerat.
3299 2735 3424 2790 Nisi
3453 2737 3606 2792 enim
3641 2732 3706 2794 ad

2034 2823 2294 2890 tempore
2319 2818 2608 2888 ejusmodi
2642 2823 2837 2874 motus
2858 2822 3331 2894 [numeraretur],
3356 2841 3389 2880 a
3411 2842 3525 2897 quo
3554 2833 3674 2882 tan-

2036 2908 2167 2963 dem
2201 2907 2649 2963 numerabitur?

2109 2997 2195 3052 40.
2230 2997 2378 3051 Dum
2409 3013 2544 3068 ergo
2601 2998 2857 3068 primum
2905 3004 2962 3054 et
2993 2999 3244 3056 maxime
3291 3002 3676 3075 principalem

2039 3092 2290 3152 motum,
2323 3085 2757 3142 conversionem
2791 3087 3092 3154 nimirum,
3149 3095 3384 3162 tempus
3416 3092 3674 3162 metitur,

2040 3175 2365 3230 secundum
2396 3173 2557 3228 illam
2595 3174 2768 3230 etiam
2820 3176 2966 3231 alios
3011 3182 3202 3232 motus
3233 3181 3490 3235 metitur.
3522 3181 3678 3244 Qua-

2041 3268 2278 3336 propter
2308 3267 2542 3334 tempus
2572 3263 2685 3318 erit
2733 3263 3033 3319 circularis
3077 3266 3315 3336 quidem
3349 3272 3541 3323 motus
3571 3286 3678 3322 nu-

2042 3368 2238 3407 merus
2312 3368 2443 3405 cum
2519 3355 2585 3405 ut
2658 3367 2997 3418 numerans,
3075 3357 3199 3408 tum
3273 3359 3337 3409 ut
3405 3373 3677 3411 numera-

2043 3447 2174 3506 tus;
2234 3445 2574 3496 caeterorum
2640 3446 2837 3495 autem
2898 3446 3167 3497 motuum
3241 3448 3305 3497 ut
3360 3461 3678 3502 numerans

2039 3531 2340 3595 duntaxat,
2393 3545 2506 3583 non
2556 3529 2690 3583 item
2752 3533 2815 3583 ut
2863 3533 3225 3584 numeratus.
3274 3530 3470 3602 Neque
3517 3533 3675 3588 enim

2040 3618 2456 3674 ambulationis
2537 3633 2694 3683 mea,
2774 3623 2830 3672 et
2902 3621 3013 3672 tuae
3085 3619 3473 3676 dealbationis
3528 3626 3674 3678 tem-

2041 3726 2149 3781 pus
2179 3714 2268 3764 est
2297 3723 2578 3761 numerus
2620 3709 2684 3759 ut
2728 3713 3068 3762 numeratus
3099 3708 3596 3781 (quandoquidem
3627 3711 3676 3766 si

2038 3799 2148 3853 hoc
2179 3798 2260 3852 ita
2289 3800 2582 3861 csset,non
2613 3794 3143 3864 essetindiﬁ‘erens,
3189 3813 3377 3868 neque
3407 3799 3585 3854 simul
3616 3799 3676 3854 in

2041 3903 2156 3941 uno
2189 3889 2402 3957 puncto
2435 3884 2890 3955 secerneretur);
2943 3885 3043 3938 sed
3075 3901 3209 3940 cum
3241 3886 3414 3958 primi
3447 3892 3506 3942 et
3533 3888 3676 3943 sim-

2042 3974 2208 4046 plicis
2259 3977 2453 4027 motus
2484 3973 2639 4026 114
2687 3970 2938 4027 caelestis
2990 3972 3173 4028 solius
3226 3975 3303 4029 sit
3346 3980 3582 4047 tempus
3621 3978 3678 4031 id

2043 4064 2197 4136 quod
2232 4065 2574 4116 numeratur
2619 4061 2944 4116 secundum
2991 4061 3150 4117 illius
3199 4061 3362 4134 prius
3401 4068 3458 4119 et
3487 4069 3678 4136 poste-

2042 4153 2183 4206 rius.
2218 4151 2386 4218 (Nam
2437 4149 2599 4221 prius
2647 4153 2704 4204 et
2751 4149 3043 4220 posterius
3092 4151 3269 4223 hujus
3319 4156 3512 4208 motus
3543 4171 3680 4210 cum

2042 4244 2386 4296 numeratur
2436 4244 2671 4310 tempus
2718 4238 2850 4309 est.)
2893 4238 2984 4292 Sic
3033 4239 3286 4310 denique
3331 4258 3398 4296 ea
3445 4258 3570 4312 quae
3620 4242 3681 4297 in

2043 4327 2446 4384 differentibus
2499 4326 2755 4381 motibus
2807 4326 3000 4398 priora
3047 4330 3104 4381 et
3155 4329 3475 4398 posteriora
3521 4334 3682 4394 sunt,

2043 4416 2366 4471 secundum
2389 4430 2572 4468 unum
2591 4429 2764 4468 suum
2786 4430 2940 4467 nunc
2954 4420 3222 4468 numerat
3238 4415 3303 4467 2⁵.
3323 4419 3685 4488 Quapropter

2043 4505 2217 4561 etiam
2252 4503 2428 4560 simul
2461 4503 2677 4572 ubique
2724 4502 2878 4556 idem
2922 4507 3155 4574 tempus
3184 4507 3276 4557 est
3305 4505 3456 4574 quod
3491 4505 3684 4559 omnis

2043 4598 2239 4650 motus
2270 4607 2549 4648 mensura
2576 4589 2820 4645 exsistit.
2843 4590 3125 4662 Tempore
3154 4590 3308 4646 enim
3340 4592 3534 4648 omnis
3559 4609 3684 4648 mo-

1959 4685 2006 4750 D
2038 4687 2136 4739 tus
2167 4683 2563 4737 mensuratur.

363 4776 445 4825 ια’.
503 4771 706 4846 ’Ὠσπερ
762 4767 820 4825 δὶ
872 4773 981 4824 τῶν
1040 4767 1226 4826 ἄλλων
1270 4773 1532 4842 κινήσεων
1589 4771 1938 4848 ἐναργεστέρα

289 4859 430 4914 ἐστὶν
462 4861 498 4928 ἡ
528 4859 665 4914 κατᾶ
689 4859 828 4932 (τὸν)
855 4857 1044 4914 τόπον*
1093 4858 1236 4914 οὕτω
1273 4857 1362 4914 καί
1396 4862 1424 4916 6
1453 4860 1620 4935 ταύτῃ
1664 4866 1732 4936 τῇ
1786 4865 1938 4934 κινή-

290 4969 370 5003 σει
414 4949 586 5003 συνὼν
620 4947 822 5024 χρόνος
851 4946 1222 5024 ὲναργέστερός
1251 4948 1360 5004 ἐστι
1417 4954 1512 5004 τοῦ
1565 4957 1685 5013 ταῖς
1744 4949 1938 5013 ἄλλαις

291 5035 543 5098 συνόντος
571 5037 836 5107 κινήσεσι.
870 5038 957 5106 Μή
990 5057 1122 5090 ποτε
1154 5033 1200 5091 δ’
1229 5033 1604 5113 ἀκριϐέστερον
1647 5045 1937 5094 σκοποῦντι

290 5125 381 5181 καὶ
412 5127 467 5180 αἱ
518 5123 686 5180 ἄλλαι
733 5131 900 5179 πᾶσαι
946 5127 1188 5194 κινήσεις
1238 5128 1351 5180 οἷον
1380 5127 1630 5202 γενέσεις,
1665 5128 1936 5200 αὐξήσεις,

286 5213 615 5278 ἀλλοιώσεις
668 5215 770 5270 ὑπὸ
816 5219 912 5269 τοῦ
956 5210 1160 5289 χρόνου
1223 5221 1539 5288 μετροῦνται
1570 5217 1814 5291 (τούτου)
1842 5223 1937 5272 τοῦ

287 5307 357 5378 τῇ
385 5307 589 5377 τοπικῇ
643 5302 895 5365 συνόντος
930 5304 1177 5375 ’κινήσει.
1209 5307 1399 5379 Ὥραις
1428 5305 1528 5380 γὰρ
1575 5307 1664 5360 καὶ
1708 5306 1938 5382 ἡμέραις

286 5392 376 5448 καὶ
439 5392 573 5467 μησὶ
631 5392 720 5447 καὶ
781 5392 1042 5453 ἐνιαυτοῖς
1098 5392 1188 5447 καὶ
1243 5397 1350 5448 τῶν
1415 5390 1601 5450 ἄλλων
1672 5397 1936 5465 κινήσεων

289 5481 546 5557 ὁρίζομεν
572 5482 674 5550 τήν
701 5481 1018 5556 παράτασιν.
1141 5483 1152 5496 ⁸

354 5732 401 5768 ³ο
430 5730 673 5804 liﬂPhys.
700 5747 751 5804 c.
782 5730 951 5804 46,,t.
996 5729 1120 5804 494.

1197 5731 1241 5768 ’ί
1271 5731 1529 5804 liﬂPbys.
1556 5749 1606 5789 c.
1640 5733 1728 5803 46,
1761 5737 1802 5790 t.
1852 5735 1976 5792 402.

285 5806 423 5862 etc.
453 5803 544 5876 48,
577 5802 619 5860 ι.
650 5802 775 5862 uo.

853 5801 900 5838 ³⁵
926 5802 960 5858 4
987 5801 1166 5876 Phys.
1196 5819 1247 5859 ο.
1278 5803 1366 5873 49,
1398 5801 1598 5861 t.'448.

2121 4771 2206 4826 14.
2231 4767 2736 4836 Quemadmodum
2758 4770 2954 4821 autem
2975 4766 3250 4821 omnibus
3272 4767 3403 4824 aliis
3426 4769 3682 4826 motibus

2048 4858 2368 4917 evidentior
2414 4862 2502 4912 est
2553 4856 2604 4910 is
2652 4856 2751 4926 qui
2800 4854 3021 4910 ratione
3069 4853 3177 4909 loci
3227 4857 3332 4923 ﬁt;
3383 4856 3467 4912 sic
3505 4857 3683 4913 etiam

2047 4955 2281 5020 tempus
2313 4946 2466 5017 quod
2501 4961 2635 5000 cum
2678 4945 2804 5014 ipso
2834 4949 2923 4998 est
2969 4942 3291 4998 evidentius
3322 4950 3411 5000 est
3434 4962 3500 5002 eo
3530 4947 3687 5019 quod

2049 5055 2184 5094 cum
2214 5036 2343 5090 aliis
2374 5035 2632 5090 motibus
2663 5033 2909 5087 exsistit.
2935 5037 3123 5103 Atque
3153 5033 3325 5088 etiam
3359 5034 3515 5090 haud
3549 5035 3688 5104 scio,

2049 5145 2121 5183 an
2157 5142 2271 5179 non
2303 5125 2351 5180 si
2401 5140 2522 5178 rem
2572 5120 2901 5177 accuratius
2949 5121 3534 5191 consideraverimus,
3584 5124 3695 5180 hoc

2049 5223 2283 5286 tempus
2334 5215 2488 5285 quod
2538 5229 2673 5267 cum
2725 5209 2891 5264 locali
2949 5214 3110 5264 motu
3160 5213 3540 5281 conjunctum
3584 5218 3692 5281 est,

2050 5311 2286 5363 caeteros
2318 5306 2489 5358 etiam
2523 5307 2740 5365 motus,
2773 5299 2929 5353 velut
2957 5299 3380 5369 generationes,
3417 5319 3696 5375 augmen-

2049 5396 2323 5458 tationes,
2357 5390 2730 5447 alterationes
2763 5388 3038 5442 metiatur
3060 5388 3086 5441 ‘I
3119 5389 3225 5443 Per
3247 5390 3419 5460 horas
3451 5392 3605 5446 enim
3638 5396 3695 5447 et

2049 5485 2174 5539 dies
2200 5487 2257 5536 et
2305 5496 2536 5536 menses
2585 5482 2643 5533 et
2681 5494 2866 5532 annos
2919 5477 3166 5531 aliorum
3215 5478 3390 5533 etiam
3423 5484 3691 5534 motuum

2048 5570 2444 5629 extensionem
2479 5567 2796 5623 deﬁnimus
2822 5567 2886 5620 ²⁴.

2054 5734 2152 5789 ²²ἇ
2186 5731 2357 5801 Phys.
2392 5747 2440 5786 ο.
2497 5729 2586 5798 46,
2635 5732 2676 5783 t.
2727 5729 2817 5782 99.
2896 5727 2940 5761 ³³
2971 5727 3001 5780 4
3050 5725 3221 5797 Phys.
3257 5742 3306 5779 c.
3341 5725 3428 5794 47,
3463 5729 3500 5779 t.
3541 5727 3667 5794 103;
