4024 6498
369 410 522 472 H07

1614 397 2040 470 NICEPHORI
2082 395 2523 467 BLEMMIDE

3632 386 3787 457 4.408

439 547 526 599 12.
559 542 683 598 Non
714 545 908 598 autem
958 539 1282 597 motionum
1331 544 1584 609 tantum,
1633 539 1733 594 sed
1764 542 1821 593 et
1845 536 2006 609 quie-

2196 531 2285 606 ιβ’.
2336 530 2410 584 Οὐ
2471 528 2634 602 μόνον
2690 524 2748 584 δὶ
2799 531 2906 582 τῶν
2979 525 3243 597 κινήσεων
3300 523 3536 627 μέτρονν
3582 519 3724 578 ἐστὶν
3754 523 3781 578 6

365 637 491 689 tum
526 648 802 688 mensura
848 635 1083 701 tempus
1131 636 1237 685 est.
1279 629 1421 685 Nam
1467 633 1524 683 et
1570 628 1655 682 ha
1685 645 1720 682 a
1750 632 2011 696 tempore

367 740 471 796 per
499 722 768 778 accidens
814 725 1253 775 mensurantur.
1288 718 1487 789 Neque
1530 717 1684 772 enim
1720 721 2011 787 quatenus

370 811 615 883 quietes,
649 809 759 869 hoc
790 815 900 874 est,
949 814 1217 864 motuum
1261 807 1538 862 absentia:
1578 810 1736 875 sunt,
1772 810 2011 861 eatenus

369 903 821 965 mensurantur;
853 900 953 953 sed
989 902 1278 969 quatenus
1322 902 1380 951 et
1416 896 1548 967 ipsa
1578 893 2011 967 quodammodo

368 989 521 1045 115
555 993 750 1042 motus
780 987 893 1042 dici
927 992 1168 1058 queunt.
1220 985 1444 1057 Duplex
1485 984 1641 1039 enim
1678 990 1873 1038 motus
1901 987 2008 1045 est,

367 1096 523 1133 unus
554 1077 734 1149 quieti
759 1077 1086 1149 oppositus,
1111 1074 1257 1130 alter
1276 1075 1452 1129 ﬂuxio
1474 1073 1819 1145 simpliciter
1848 1080 1903 1126 et
1920 1088 2012 1127 ex-

366 1166 577 1235 tensio,
628 1165 729 1237 qui
776 1166 950 1220 etiam
1007 1164 1262 1236 quietem
1322 1162 1782 1234 comprehendit.
1837 1162 2010 1215 Tem-

368 1273 479 1328 pus
510 1256 688 1328 igitur
715 1271 849 1309 cum
883 1254 940 1308 id
991 1253 1145 1324 quod
1180 1257 1462 1318 movetur,
1502 1256 1627 1304 tum
1660 1250 1813 1321 quod
1846 1248 2008 1321 quie-

370 1345 505 1411 scit,
521 1342 780 1398 metitur.
812 1343 954 1399 Nam
974 1347 1031 1397 et
1053 1345 1317 1396 motuum
1338 1340 1465 1409 ejus
1484 1338 1840 1403 metietur,et
1856 1337 2011 1409 quie-

369 1438 487 1489 tem
519 1436 740 1505 quanta
767 1431 862 1495 sit,
895 1431 1002 1485 hoc
1035 1436 1121 1485 est
1152 1430 1460 1500 utriusque
1489 1445 1691 1483 eorum
1724 1433 2008 1499 quantum

370 1514 439 1569 ad
474 1512 789 1568 essentiam
823 1510 1052 1576 attinet,
1104 1509 1524 1564 extensionem.
1571 1508 1756 1571 Quare
1797 1514 1860 1561 ut
1889 1523 2010 1561 rem

373 1600 577 1673 paucis
606 1599 799 1655 verbis
846 1599 1060 1666 dicam,
1108 1602 1342 1669 tempus
1389 1598 1517 1668 ejus
1568 1596 1839 1651 ﬂuxionis
1884 1611 2013 1667 qua:

371 1690 432 1745 in
466 1687 837 1762 generatione
867 1692 957 1744 est
986 1703 1265 1742 mensura
1292 1691 1379 1741 est
1404 1728 1417 1753 ,
1442 1702 1568 1759 quae
1600 1685 1837 1757 quidem
1861 1700 2015 1739 com-

374 1777 572 1833 munis
602 1780 691 1833 est
716 1781 774 1833 et
804 1780 998 1831 motus
1028 1779 1085 1829 et
1114 1774 1329 1846 quietis
1350 1777 1407 1828 et
1435 1772 1703 1829 essentia:
1732 1772 1790 1827 in
1823 1771 2012 1827 omni-

372 1867 485 1922 bus
517 1865 693 1923 rebus
723 1882 851 1937 quae
882 1868 1257 1936 generantur.

445 1956 532 2011 13.
582 1954 839 2026 Tempus
882 1957 1076 2008 autem
1129 1951 1353 2007 dictum
1406 1949 1516 2005 fuit
1564 1966 1869 2019 numerus,
1902 1965 2015 2004 non

380 2044 533 2115 quod
586 2041 929 2114 simpliciter
976 2056 1258 2096 numerus
1308 2038 1382 2094 sit
1431 2038 1930 2110 (quandoquidem
1964 2043 2021 2093 et

378 2131 575 2203 ipsum
634 2135 693 2187 et
748 2130 1114 2195 continuum,
1164 2126 1661 2200 quemadmodum
1716 2132 1909 2182 motus
1958 2132 2017 2182 et

379 2219 765 2292 magnitudo),
816 2220 917 2275 sed
966 2219 1122 2289 quod
1173 2234 1275 2288 per
1323 2215 1758 2271 distinctionem
1809 2215 2022 2288 prioris

376 2312 435 2363 et
462 2307 801 2380 posterioris
832 2308 980 2377 ejus,
1032 2305 1186 2377 quod
1236 2305 1291 2359 in
1342 2304 1779 2360 continuatione
1807 2310 1917 2375 est,
1950 2305 2023 2359 ab

379 2396 452 2451 iis
475 2396 833 2467 agnoscitur,
860 2394 956 2465 qui
978 2399 1212 2466 tempus
1234 2393 1450 2447 sentire
1472 2398 1736 2464 possunt,
1766 2398 2023 2465 propter-

377 2500 445 2540 ea
474 2500 755 2539 numerus
803 2484 1016 2539 dicitur
1058 2484 1123 2537 ³⁸.
1174 2484 1289 2538 Nec
1340 2499 1472 2537 vero
1526 2481 1874 2553 simpliciter
1913 2500 2020 2537 nu-

379 2589 576 2628 merus
606 2576 716 2639 est,
745 2573 844 2628 sed
897 2577 953 2628 et
981 2573 1109 2644 ipsa
1157 2589 1435 2626 mensura
1480 2576 1588 2637 est,
1634 2571 2022 2642 quemadmo-

378 2661 519 2715 dum
552 2677 853 2716 numerus.
886 2661 1146 2725 Quatuor
1194 2661 1348 2716 enim
1382 2676 1671 2715 mensurae
1719 2663 1880 2729 sunt,
1913 2676 2022 2714 nu-

378 2765 597 2817 merus,
630 2751 998 2822 magnitudo,
1047 2747 1209 2805 locus
1260 2753 1317 2804 et
1342 2752 1595 2819 tempus.
1639 2748 1709 2802 Et
1738 2764 2021 2803 numerus

378 2838 614 2909 quidem
630 2839 1067 2906 discretionem;
1086 2838 1450 2911 magnitudo,
1466 2838 1802 2892 distantiam
1826 2855 1839 2904 ;
1858 2836 2022 2893 locus

378 2929 571 2985 omnis
599 2929 831 3001 generis
852 2928 1029 2983 situm
1057 2945 1071 2993 ;
1096 2932 1349 2999 tempus,
1373 2925 1766 2998 generationis
1797 2925 2019 2981 ﬂuxum

378 3019 533 3073 116
562 3021 617 3073 et
646 3016 1040 3072 extensionem
1073 3016 1332 3070 metitur.

447 3106 536 3160 H.
564 3105 738 3160 Porro
759 3108 995 3175 tempus
1018 3102 1248 3175 proprie
1268 3102 1548 3157 dividitur
1572 3101 1631 3157 in
1659 3102 2019 3174 praeteritum

2120 620 2344 696 χρόνος,
2375 618 2521 675 ἀλλὰ
2586 616 2653 687 δὴ
2699 618 2789 672 καὶ
2832 621 2938 672 τῶν
2982 617 3250 689 ἠρεμιῶν.
3302 613 3401 669 Καὶ
3460 611 3636 667 αὗται

2122 710 2226 764 ὑπὸ
2276 708 2480 784 χρόνου
2549 712 2867 784 μετροῦνται
2931 706 3066 760 κατὰ
3128 698 3514 777 συμϐεϐηκός.
3573 699 3652 754 0-3
3693 703 3787 777 γὰρ

2120 798 2253 861 καθὸ
2318 796 2566 873 ἠρεμίαι,
2615 794 2910 869 τουτέστιν,
2961 793 3213 849 ἆπουσίαι
3283 795 3597 863 κινήσεων,
3667 791 3790 845 κατᾶ

2118 892 2278 941 τοῦτο
2334 890 2670 960 μετροῦνται·
2718 882 2865 940 ἀλλὰ
2905 884 3039 948 καθὸ
3086 884 3176 938 καὶ
3224 882 3378 938 αὗταί
3446 901 3586 942 πως
3649 881 3789 951 κινή-

2120 995 2230 1037 σεις
2259 974 2503 1051 λεχθεῖεν
2555 973 2637 1030 ἄν.
2674 974 2835 1042 Διττὴ
2886 975 2990 1050 γὰρ
3022 975 3057 1042 ἡ
3088 970 3322 1043 κίνησις,
3372 973 3410 1040 ἡ
3472 970 3582 1043 μὲν
3658 970 3788 1023 ἀντι-

2119 1063 2341 1136 κειμένη
2410 1068 2478 1136 τῇ
2527 1063 2754 1139 ἠρεμίᾳ,
2803 1065 2839 1132 ἡ
2882 1059 2941 1116 δὲ
2990 1062 3090 1137 ῥοὴ
3138 1059 3329 1123 ἅπλῶς
3376 1059 3473 1115 καὶ
3544 1058 3786 1133 παράτα-

2120 1173 2221 1223 σις,
2269 1152 2394 1221 ἥτις
2437 1151 2546 1207 ἐστὶ
2596 1158 2698 1220 τῆς
2746 1150 2981 1223 ἠρεμίας
3029 1148 3426 1225 περιληπτική.
3474 1150 3660 1203 "Qa-=8
3709 1168 3793 1218 με·

2118 1244 2307 1317 τρῆσει
2338 1242 2366 1296 6
2398 1241 2599 1317 χρόνος
2646 1240 2736 1294 καὶ
2780 1240 2844 1294 τὸ
2889 1238 3207 1311 κινούμενον
3250 1235 3341 1292 καί
3395 1237 3463 1291 τὸ
3520 1238 3787 1312 ἠρεμοῦν.

2118 1331 2226 1398 Τὴν
2272 1330 2374 1405 γὰρ
2412 1329 2624 1399 κίνησιν
2677 1327 2839 1383 αὐτοῦ
2892 1330 3147 1401 μετρήσει
3213 1326 3302 1381 καὶ
3367 1326 3474 1395 τὴν
3553 1325 3788 1399 ἠρεμίαν

2121 1416 2293 1486 ὁπόση
2344 1438 2446 1485 τις,
2497 1414 2669 1492 ἤγουν
2720 1417 2969 1491 ἑκατέρας
3021 1415 3197 1470 αὐτῶν
3243 1415 3343 1482 τὴν
3399 1414 3556 1469 κατᾶ
3604 1413 3674 1467 τὸ
3722 1411 3791 1467 εἶ-

2119 1527 2205 1560 ναι
2298 1507 2617 1582 παράτασιν.
2707 1508 2868 1561 ’Ὡστε
2945 1503 3235 1559 συνελόντα
3317 1503 3508 1581 φάναι,
3597 1502 3790 1579 μέτρον

2121 1593 2262 1649 έστὶν
2291 1596 2319 1650 6
2349 1594 2554 1670 χρόνος
2583 1597 2682 1664 τῆς
2734 1594 2784 1650 έν
2833 1592 3032 1669 γενέσει
3085 1592 3241 1669 ῥοῆς,
3272 1591 3395 1661 ἥτις
3449 1590 3580 1646 ἐστὶ
3636 1591 3789 1658 κοινή

2121 1683 2210 1737 καὶ
2275 1685 2541 1754 κινήσεως
2607 1683 2696 1738 καὶ
2763 1681 2996 1760 ἠρεμίας
3058 1681 3147 1736 καὶ
3211 1684 3308 1736 τοῦ
3373 1679 3425 1735 έν
3479 1686 3628 1735 πᾶσι
3684 1685 3791 1741 τοῖς

2121 1771 2431 1847 γινομένοις
2465 1771 2619 1826 εἶναι.

2204 1950 2288 2025 ιγ’.
2354 1947 2615 2004 Λέλεκται
2690 1946 2749 2004 δὲ
2828 1949 3057 2025 ἀριθμὸς
3123 1948 3153 2002 6
3211 1947 3436 2025 χρόνος,
3512 1944 3644 2021 οὐχ
3714 1943 3789 1999 δτι

2129 2035 2320 2099 ἁπλῶς
2366 2035 2505 2092 ἐστιν
2567 2038 2800 2115 ἀριθμὸς
2845 2036 2985 2112 (ἐπεὶ
3022 2036 3257 2112 συνεχὴς
3304 2035 3395 2091 καὶ
3439 2034 3645 2105 αὐτὸς,
3694 2031 3792 2087 ὥσ-

2128 2145 2229 2199 περ
2262 2128 2297 2196 ἡ
2328 2126 2539 2197 κίνησις
2577 2126 2668 2181 καὶ
2716 2126 2777 2182 τὸ
2818 2127 3081 2202 μέγεθος),
3114 2124 3241 2181 ἀλλ’
3269 2124 3345 2186 ὡς
3384 2127 3466 2196 τῷ
3510 2120 3790 2197 διορισμῷ

2127 2219 2225 2269 τοῦ
2277 2213 2329 2269 έν
2372 2219 2440 2289 τῇ
2491 2214 2743 2292 συνεχείᾳ
2790 2214 3077 2293 (προτέρου
3132 2213 3223 2269 καὶ
3287 2214 3548 2289 ὑπέρου)
3593 2228 3790 2286 γνωρι-

2134 2304 2359 2377 ζόμενος
2411 2304 2514 2359 ὑπὸ
2556 2309 2662 2359 τῶν
2717 2303 2987 2359 αἰσθέσθαι
3038 2302 3254 2379 ’χρόνου
3304 2299 3656 2375 δυναμένων,
3710 2295 3791 2353 διὰ

2128 2397 2290 2448 τοῦτο
2324 2390 2533 2469 λέγεται
2571 2393 2822 2469 ἀριθμός.
2857 2392 2967 2448 Οὐκ
3015 2390 3123 2448 ἔστι
3174 2390 3221 2447 δ’
3271 2390 3462 2453 ἁπλῶς
3528 2387 3789 2464 ἀριθμὸς,

2132 2479 2277 2537 ἀλλὰ
2326 2480 2519 2557 μέτρον
2568 2482 2660 2536 καὶ
2708 2481 2890 2553 αὐτὸς,
2929 2480 3110 2555 ὥσπερ
3160 2481 3189 2534 6
3237 2480 3490 2556 ἀριθμός.
3548 2477 3787 2551 Τέσσαρα

2129 2570 2230 2646 γάρ
2280 2570 2381 2625 εἰσι
2435 2569 2623 2646 μέτρα,
2676 2569 2932 2645 ἀριθμός,
2985 2569 3231 2645 μέγεθος,
3279 2568 3448 2631 τόπος
3508 2568 3610 2623 καὶ
3660 2564 3787 2642 χρό-

2131 2679 2241 2720 νος.
2278 2658 2379 2713 Καὶ
2426 2659 2455 2713 6
2504 2659 2597 2732 μὲν
2642 2659 2874 2735 ἀριθμὸς
2922 2659 3021 2729 τὴν
3072 2655 3337 2733 διάκρισιν
3388 2661 3605 2732 μετρεῖ,
3642 2653 3707 2709 τὸ
3735 2649 3785 2707 δὲ

2135 2747 2364 2822 μέγεθος
2424 2749 2524 2816 τήν
2589 2745 2884 2817 διαστάσιν,
2928 2748 2957 2803 6
3005 2744 3064 2802 δὲ
3124 2747 3295 2808 τόπος
3355 2747 3456 2815 τὴν
3520 2742 3779 2800 παντοίαν

2131 2837 2298 2908 θέσιν,
2331 2838 2360 2891 6
2391 2833 2450 2891 δὲ
2482 2835 2682 2912 χρόνος
2711 2838 2811 2906 τὴν
2838 2843 2941 2907 τῆς
2971 2835 3232 2913 γενέσεως
3280 2834 3413 2912 ῥοὴν
3456 2835 3554 2890 καὶ
3612 2830 3775 2907 παρά-

2127 2946 2229 2980 τασ
2234 2947 2277 2979 ιν
2287 2966 2301 2979 .

2204 3099 2286 3157 ιδ’.
2322 3107 2615 3179 Διαιρεῖται
2666 3098 2725 3157 δὲ
2772 3103 2801 3158 6
2841 3102 3043 3178 χρόνος
3087 3101 3287 3176 κυρίως
3332 3101 3409 3163 εἰς
3457 3095 3774 3175 παρεληλυ-

376 3199 435 3250 et
467 3194 767 3249 futurum:
818 3197 876 3247 et
923 3208 1025 3264 per
1072 3207 1227 3246 NUNC
1275 3191 1573 3245 dividitur.
1623 3190 1838 3261 Estque
1865 3205 2016 3244 NUNC

2133 3192 2259 3246 θότα
2324 3191 2414 3246 καὶ
2485 3189 2780 3264 μέλλοντα,
2824 3190 2912 3247 καὶ
2983 3188 3271 3267 διαιρεῖται
3329 3189 3467 3263 κατρ
3504 3190 3578 3244 τὸ
3628 3192 3767 3243 ΝΥΝ.

375 3281 650 3355 praeteriti
684 3281 922 3352 quidem
955 3280 1111 3344 ﬁnis,
1158 3279 1337 3333 futuri
1389 3279 1583 3333 autem
1617 3277 2008 3348 principium:

2133 3280 2224 3336 Καὶ
2286 3277 2394 3335 ἔστι
2464 3281 2528 3335 τὸ
2595 3287 2726 3334 ΝΥΝ
2790 3279 2955 3356 πέρας
3010 3281 3103 3353 μὲν
3151 3284 3249 3335 τοῦ
3305 3274 3770 3353 παρεληλυθότος,

374 3371 655 3442 temporis
683 3385 816 3424 vero
848 3385 985 3440 pars
1008 3385 1078 3423 ne
1109 3367 1354 3422 minima
1375 3366 1612 3438 quidem
1636 3367 1700 3420 9°.
1725 3365 1833 3421 Sed
1860 3366 2017 3438 quod

372 3464 462 3514 est
505 3459 565 3513 in
617 3457 768 3513 linea
816 3461 1096 3529 punctum
1147 3462 1204 3512 et
1250 3457 1308 3510 in
1357 3460 1519 3510 motu
1579 3453 1782 3526 κίνημα
1837 3473 1850 3511 :
1909 3455 2018 3510 hoc

371 3549 549 3605 etiam
575 3551 665 3603 est
686 3563 845 3601 NUNC
873 3547 931 3600 in
965 3550 1243 3617 tempore.
1276 3544 1629 3610 Quantitatis
1654 3546 1809 3599 enim
1844 3549 1901 3599 et
1937 3543 2020 3598 di-

371 3637 614 3691 visionis
655 3635 911 3706 expertia
940 3643 1079 3689 sunt
1107 3636 1151 3669 ²⁷
1188 3639 1494 3706 punctum,
1524 3632 1729 3705 κίνημα
1758 3638 1816 3690 et
1844 3650 2015 3690 NUNC.

375 3721 442 3777 Et
467 3722 548 3776 ita
576 3723 815 3794 quidem
861 3740 924 3778 se
970 3723 1145 3778 habet
1192 3724 1346 3795 quod
1397 3722 1584 3794 primo
1631 3727 1690 3777 et
1738 3738 1839 3793 per
1876 3739 2017 3778 NUNC

373 3809 607 3866 dicitur.

444 3901 529 3955 45.
564 3901 1067 3963 Quemadmodum
1100 3905 1295 3955 autem
1331 3900 1494 3956 locus
1524 3899 1764 3967 dicitur,
1794 3904 1848 3955 et
1879 3917 2015 3956 con-

370 3988 612 4043 tinentis
660 3989 1017 4061 extremitas,
1069 3995 1125 4043 et
1177 3994 1299 4044 tota
1346 3991 1557 4045 domus
1601 3989 1761 4045 locus
1802 3990 2019 4044 dicitur

371 4079 499 4148 ejus
530 4076 630 4149 qui
662 4077 722 4132 in
745 4077 917 4132 domo
940 4082 1346 4148 est,quatenus
1377 4078 1732 4133 continentis
1749 4079 2019 4133 extremi-

370 4171 552 4221 tatem
584 4169 638 4221 in
675 4182 735 4221 se
765 4166 1131 4221 continenter
1152 4167 1324 4221 habet
1352 4184 1364 4221 :
1390 4166 1474 4221 sic
1496 4167 1670 4221 etiam
1702 4184 1853 4221 NUNC
1879 4167 2018 4221 dici-

371 4261 467 4310 tur
495 4255 558 4318 “,
590 4271 721 4309 cum
754 4255 810 4309 id
837 4255 990 4325 quod
1028 4255 1217 4327 primo
1248 4260 1302 4309 et
1335 4271 1435 4326 per
1464 4272 1546 4317 se,
1582 4255 1689 4309 hoc
1718 4261 1825 4321 est,
1859 4257 2012 4327 quod

372 4342 626 4412 partium
660 4350 717 4398 et
746 4342 1049 4398 divisionis
1097 4360 1334 4414 expers:
1388 4348 1513 4397 tum
1549 4343 1604 4396 id
1636 4345 1827 4414 ipsum
1862 4345 2015 4414 quod

374 4431 597 4485 ratione
629 4432 936 4503 prmsentis
960 4433 1234 4500 temporis
1258 4431 1492 4497 dicitur,
1525 4431 1677 4502 quod
1706 4448 1845 4485 sane
1875 4436 2017 4486 tem-

373 4520 530 4590 poris
562 4536 695 4590 pars
728 4527 834 4586 est,
869 4526 922 4575 et
954 4521 1270 4574 secundum
1312 4519 1575 4575 latiorem
1607 4518 1951 4573 divisionem
1985 4536 2016 4572 a

375 4609 662 4679 praaterito
696 4614 752 4663 et
781 4611 975 4663 futuro
1005 4615 1210 4664 contra
1241 4609 1643 4681 distinguitur.
1676 4608 2017 4679 Diciturque

375 4696 484 4751 hoc
515 4714 690 4762 NUNC,
744 4697 1025 4769 temporis
1080 4714 1255 4769 pars;
1291 4702 1582 4769 quatenus
1634 4696 1691 4749 in
1741 4713 1801 4751 se
1831 4696 2023 4751 conti-

375 4790 578 4839 neuter
610 4786 801 4853 habet,
839 4787 994 4857 quod
1048 4786 1237 4858 primo
1284 4792 1339 4841 et
1370 4803 1472 4857 per
1510 4803 1572 4841 se
1604 4802 1758 4839 NUNC
1788 4784 2020 4839 dicitur.

377 4874 633 4928 Praesens
666 4873 843 4944 igitur
872 4879 1111 4946 tempus
1144 4881 1249 4941 est,
1285 4875 1525 4946 quodin
1557 4880 1867 4945 utramque
1899 4892 2023 4946 par-

372 4965 490 5015 tem
531 4964 756 5031 adjacet
805 4962 1036 5034 proprie
1083 4962 1224 5017 dicti
1270 4978 1463 5029 NUNC;
1495 4961 1846 5033 particulare
1875 4966 2020 5016 tem-

373 5064 506 5119 pus,
540 5066 605 5103 ex
640 5052 933 5120 praeterito
981 5055 1037 5106 et
1067 5052 1215 5105 ἘΙῚ
1269 5051 1466 5106 futuro
1517 5057 1832 5118 constans;
1861 5051 2017 5121 quod

370 5134 442 5189 ob
477 5135 997 5207 propinquitatem,
1037 5154 1215 5208 quam
1249 5155 1381 5193 cum
1416 5138 1648 5210 proprie
1679 5138 1831 5194 dicto
1864 5155 2020 5194 NUNC

367 5221 565 5291 habet,
600 5224 922 5295 ipsummet
951 5226 1126 5281 etiam
1163 5243 1320 5282 NUNC
1352 5227 1588 5282 dicitur.

2126 3368 2274 3444 ἀρχὴ
2325 3365 2384 3424 δὲ
2430 3369 2519 3424 καὶ
2559 3373 2657 3424 τοῦ
2707 3366 3026 3441 μέλλοντος,
3075 3368 3282 3445 χρόνου
3329 3365 3391 3424 δὲ
3438 3366 3611 3443 μέρος
3658 3360 3772 3419 οὐδὲ

2124 3457 2509 3534 τούλάχιστον,
2540 3456 2668 3513 ἀλλ’
2701 3457 2833 3533 ὅπερ
2864 3457 3004 3513 ἐστὶν
3038 3456 3090 3513 ἐν
3120 3461 3352 3534 γραμμῇ
3401 3460 3658 3530 σημεῖον·
3690 3451 3769 3507 καὶ

2125 3545 2335 3619 κίνημα
2392 3545 2445 3601 ἐν
2495 3548 2724 3617 κινήσει·
2775 3550 2948 3601 τοῦτο
3004 3543 3063 3601 δὲ
3123 3545 3175 3601 ἐν
3242 3544 3431 3621 χρόνῳ
3493 3545 3562 3599 τὸ
3627 3547 3769 3598 ΝΥΝ.

2126 3636 2338 3692 Ἀποσα
2382 3636 2483 3712 γὰρ
2528 3635 2617 3691 καὶ
2666 3632 2844 3708 ἄτομα
2896 3635 2960 3690 τὸ
3009 3640 3258 3708 σημεῖον,
3305 3636 3369 3689 τὸ
3414 3633 3630 3705 κίνημα
3690 3629 3768 3685 καὶ

2124 3725 2187 3779 τὸ
2235 3730 2388 3779 ΝΥΝ.
2439 3724 2538 3779 Καὶ
2577 3723 2752 3787 οὕτως
2797 3725 2891 3797 μὲν
2942 3720 3057 3801 ἔχει
3100 3724 3163 3779 τὸ
3205 3724 3439 3799 πρώτως
3500 3723 3597 3778 καὶ
3662 3717 3769 3782 καθ’

2125 3810 2255 3867 αὐτὸ
2286 3811 2586 3887 λεγόμενον
2614 3818 2765 3867 ΝΥΝ.

2201 3902 2279 3959 ιε’.
2334 3904 2538 3977 ’Ὠσπερ
2596 3898 2654 3955 δὲ
2710 3901 2875 3963 τόπος
2933 3899 3148 3975 λέγεται
3208 3901 3303 3973 μὲν
3358 3900 3448 3955 καὶ
3504 3900 3569 3955 τὸ
3617 3899 3765 3973 πέρας

2124 3995 2222 4045 τοῦ
2286 3990 2665 4066 περιέχοντος
2738 3989 2948 4066 λέγεται
3016 3988 3075 4045 δὲ
3138 3990 3229 4045 καὶ
3285 3992 3322 4060 ἡ
3391 3989 3537 4045 οἰκία
3615 3993 3761 4052 πᾶσα,

2123 4078 2291 4141 τόπος
2340 4084 2437 4133 τοῦ
2487 4077 2539 4133 έν
2587 4083 2657 4153 τῇ
2706 4078 2854 4151 οἰκίᾳ
2897 4074 3067 4152 ὄντος,
3115 4078 3344 4134 καθόσον
3394 4076 3515 4153 ἔχει
3581 4094 3762 4154 προσε-

2126 4174 2246 4243 χῶς
2290 4167 2341 4223 ἐν
2391 4168 2553 4242 ἑαυτῇ
2595 4168 2658 4223 τὸ
2704 4173 2802 4223 τοῦ
2848 4168 3200 4245 περιέχοντος
3250 4169 3438 4242 πέρας·
3491 4166 3639 4222 οὕτω
3686 4161 3763 4218 λέ-

2126 4277 2277 4331 γεται
2336 4256 2424 4311 καὶ
2478 4262 2606 4311 ΝΥΝ
2656 4256 2718 4311 τό
2765 4277 2824 4312 τε
2879 4258 3112 4334 πρώτως
3164 4255 3253 4311 καὶ
3306 4256 3426 4321 καθ’
3453 4254 3613 4323 αὐτὸ,
3650 4273 3761 4309 του-

2124 4344 2289 4416 τέστι,
2345 4346 2407 4400 τὸ
2466 4344 2665 4421 ἀμερὲς
2710 4346 2801 4400 καὶ
2863 4342 3185 4420 ἀδιαίρετον,
3234 4344 3325 4400 καὶ
3390 4343 3525 4399 αὐτὸ
3590 4340 3659 4412 δὴ
3708 4337 3760 4394 τὸ

2124 4435 2262 4490 κατὰ
2321 4432 2521 4509 χρόνον
2592 4434 2684 4488 τὸν
2754 4431 3016 4488 ἐνεστῶτα
3084 4432 3403 4508 λεγόμενον·
3454 4430 3591 4508 ὅπερ
3669 4426 3762 4486 ἐστὶ

2132 4522 2294 4595 μέρος
2362 4521 2589 4597 χρόνου,
2641 4518 3143 4598 ἀντιδιαιροόμενον
3207 4520 3344 4575 κατὰ
3404 4520 3503 4587 τὴν
3580 4517 3768 4574 πλατυο

2055 4632 2097 4696 D
2128 4610 2228 4677 κήν
2310 4606 2570 4686 διαίρεσιν
2649 4610 2787 4685 πρὸς
2847 4608 3267 4686 παρεληλυθότα
3329 4598 3447 4663 καῖ
3485 4605 3765 4696 με’λλονταθ

2132 4699 2221 4752 καὶ
2265 4697 2477 4773 λέγεται
2544 4705 2674 4753 ΝΥΝ
2739 4700 2801 4752 16
2866 4703 3118 4754 τοιοῦτον
3172 4702 3270 4753 τοῦ
3328 4697 3536 4775 χρόνου
3595 4695 3763 4771 μέρος,

2134 4786 2361 4850 καθόσον
2414 4786 2531 4864 ἔχει
2582 4786 2631 4841 ἐν
2694 4788 2866 4860 ἑαυτῷ
2932 4791 3219 4864 προσεχῶς
3275 4787 3338 4842 τὸ
3393 4786 3629 4862 πρώτως
3690 4779 3764 4837 καὶ

2133 4882 2248 4938 καθ’
2303 4875 2434 4930 αὐτὸ
2509 4873 2806 4950 λεγόμενον
2888 4882 3039 4933 ΝΥΝ.
3098 4875 3356 4938 Ἐνεστὼς
3420 4872 3513 4929 οὖν
3576 4873 3763 4951 χρόνος

2132 4962 2271 5017 ἐστὶν
2324 4965 2352 5018 ὁ
2400 4963 2482 5041 ἐφ’
2527 4964 2750 5041 ἑκάτερα
2795 4964 3188 5041 παρακείμενος
3234 4968 3312 5036 τῷ
3371 4964 3575 5039 κυρίως
3624 4964 3758 5017 ΝΥΝ.

2130 5053 2330 5131 χρόνος
2401 5051 2620 5126 μερικὸς
2685 5052 2745 5107 ἐκ
2806 5051 3253 5130 παρεληλυθότος
3316 5050 3408 5107 καὶ
3471 5049 3758 5125 μέλλοντος

2129 5143 2411 5213 συνεστὼς,
2462 5142 2551 5197 καὶ
2614 5139 2703 5196 διὰ
2762 5143 2862 5211 τήν
2908 5140 3044 5216 πρὸς
3089 5142 3152 5197 16
3207 5141 3410 5217 κυρίως
3459 5146 3588 5196 ΝΥΝ
3656 5158 3757 5216 γει-

2126 5229 2324 5301 νίασιν,
2356 5237 2487 5286 ΝΥΝ
2516 5230 2815 5307 λεγόμενος
2843 5229 2933 5286 καὶ
2958 5229 3143 5294 αὐτός.

435 5402 478 5433 23
508 5402 540 5455 4
576 5400 745 5472 phys.
776 5418 824 5456 c.
858 5401 948 5473 l9,
981 5406 1020 5457 t.
1059 5403 1179 5459 114.
1256 5405 1300 5439 ²⁸
1330 5404 1361 5457 4
1393 5404 1568 5477 Phys.
1597 5424 1647 5461 c.
1681 5408 1834 5476 l9,t.
1869 5407 1990 5477 121,

2133 5446 2146 5469 .
2226 5410 2271 5447 ³⁷
2300 5411 2331 5465 4
2363 5409 2536 5483 Pbys.
2570 5427 2620 5467 c.
2644 5412 2734 5480 14,
2769 5414 2811 5466 t.
2836 5411 2929 5471 89.
3002 5411 3047 5445 ²τ
3076 5410 3109 5464 4
3140 5409 3314 5482 Pbys.
3340 5408 3501 5481 (5,49,
3533 5412 3577 5466 t.
3610 5408 3728 5469 {22.
