  <div class='ocr_page' id='page_1' title='image "/cluster/home/n/w/nwhite01/storage/ocr_20150623/142/mdp.39015078384792/562.png"; bbox 0 0 4024 6456; ppageno 0'>
   <div class='ocr_carea' id='block_1_1' title="bbox 212 460 406 531">
    <p class='ocr_par' dir='ltr' id='par_1_1' title="bbox 212 460 406 531">
     <span class='ocr_line' id='line_1_1' title="bbox 212 460 406 531; baseline 0.021 -4"><span class='ocrx_word' id='word_1_1' title='bbox 212 460 406 531; x_wconf 64' lang='grc'><strong><em>1109</em></strong></span> 
     </span>
    </p>
   </div>
   <div class='ocr_carea' id='block_1_2' title="bbox 1554 468 2305 536">
    <p class='ocr_par' dir='ltr' id='par_1_2' title="bbox 1554 468 2305 536">
     <span class='ocr_line' id='line_1_2' title="bbox 1554 468 2305 536; baseline 0 -2"><span class='ocrx_word' id='word_1_2' title='bbox 1554 468 1906 536; x_wconf 83' lang='lat' dir='ltr'><strong><em>EPITOME</em></strong></span> <span class='ocrx_word' id='word_1_3' title='bbox 1948 469 2305 536; x_wconf 78' lang='lat' dir='ltr'><strong><em>PHYSICA.</em></strong></span> 
     </span>
    </p>
   </div>
   <div class='ocr_carea' id='block_1_3' title="bbox 3502 460 3660 530">
    <p class='ocr_par' dir='ltr' id='par_1_3' title="bbox 3502 460 3660 530">
     <span class='ocr_line' id='line_1_3' title="bbox 3502 460 3660 530; baseline 0 0"><span class='ocrx_word' id='word_1_4' title='bbox 3502 460 3660 530; x_wconf 76' lang='lat' dir='ltr'><strong><em>mo</em></strong></span> 
     </span>
    </p>
   </div>
   <div class='ocr_carea' id='block_1_4' title="bbox 1567 605 2343 663">
    <p class='ocr_par' dir='ltr' id='par_1_4' title="bbox 1567 605 2343 663">
     <span class='ocr_line' id='line_1_4' title="bbox 1567 605 2343 663; baseline 0 0"><span class='ocrx_word' id='word_1_5' title='bbox 1567 605 1911 663; x_wconf 88' lang='lat' dir='ltr'><strong><em>SYNOPSIS</em></strong></span> <span class='ocrx_word' id='word_1_6' title='bbox 1949 605 2229 663; x_wconf 89' lang='lat' dir='ltr'><strong><em>CAPITIS</em></strong></span> <span class='ocrx_word' id='word_1_7' title='bbox 2277 607 2343 663; x_wconf 90' lang='grc' dir='ltr'><strong><em>Χ.</em></strong></span> 
     </span>
    </p>
   </div>
   <div class='ocr_carea' id='block_1_5' title="bbox 1592 711 2315 758">
    <p class='ocr_par' dir='ltr' id='par_1_5' title="bbox 1592 711 2315 758">
     <span class='ocr_line' id='line_1_5' title="bbox 1592 711 2315 758; baseline 0.003 -7"><span class='ocrx_word' id='word_1_8' title='bbox 1592 711 1744 758; x_wconf 91' lang='lat' dir='ltr'><strong><em>QUOD</em></strong></span> <span class='ocrx_word' id='word_1_9' title='bbox 1782 711 1885 751; x_wconf 82' lang='lat' dir='ltr'><strong><em>EST</em></strong></span> <span class='ocrx_word' id='word_1_10' title='bbox 1922 712 1991 750; x_wconf 79' lang='lat' dir='ltr'><strong><em>DE</em></strong></span> <span class='ocrx_word' id='word_1_11' title='bbox 2031 713 2148 751; x_wconf 85' lang='lat' dir='ltr'>INFI</span> <span class='ocrx_word' id='word_1_12' title='bbox 2165 713 2315 753; x_wconf 85' lang='lat' dir='ltr'><strong><em>NITO.</em></strong></span> 
     </span>
    </p>
   </div>
   <div class='ocr_carea' id='block_1_6' title="bbox 223 788 3652 884">
    <p class='ocr_par' dir='ltr' id='par_1_6' title="bbox 223 788 3652 884">
     <span class='ocr_line' id='line_1_6' title="bbox 223 788 3652 884; baseline 0.001 -34"><span class='ocrx_word' id='word_1_13' title='bbox 223 793 255 850; x_wconf 76' lang='grc'><strong>1</strong></span> <span class='ocrx_word' id='word_1_14' title='bbox 278 836 294 849; x_wconf 92' lang='grc'><strong><em>.</em></strong></span> <span class='ocrx_word' id='word_1_15' title='bbox 342 788 614 884; x_wconf 74' lang='lat' dir='ltr'><strong><em>Quinque</em></strong></span> <span class='ocrx_word' id='word_1_16' title='bbox 642 790 986 884; x_wconf 82' lang='lat' dir='ltr'><strong><em>signiﬁcata</em></strong></span> <span class='ocrx_word' id='word_1_17' title='bbox 1017 790 1251 884; x_wconf 80' lang='lat' dir='ltr'><strong><em>inﬁniti</em></strong></span> <span class='ocrx_word' id='word_1_18' title='bbox 1264 802 1535 884; x_wconf 84' lang='lat' dir='ltr'><strong><em>recenset,</em></strong></span> <span class='ocrx_word' id='word_1_19' title='bbox 1567 813 1818 884; x_wconf 79' lang='lat' dir='ltr'><strong><em>quorum</em></strong></span> <span class='ocrx_word' id='word_1_20' title='bbox 1858 795 2119 873; x_wconf 86' lang='lat' dir='ltr'><strong><em>primum</em></strong></span> <span class='ocrx_word' id='word_1_21' title='bbox 2150 796 2421 884; x_wconf 65' lang='lat' dir='ltr'><strong><em>conuenit</em></strong></span> <span class='ocrx_word' id='word_1_22' title='bbox 2442 796 2713 876; x_wconf 86' lang='lat' dir='ltr'><strong><em>partium</em></strong></span> <span class='ocrx_word' id='word_1_23' title='bbox 2740 803 2796 884; x_wconf 74' lang='lat' dir='ltr'><strong><em>et</em></strong></span> <span class='ocrx_word' id='word_1_24' title='bbox 2822 794 3178 884; x_wconf 71' lang='lat' dir='ltr'><strong><em>quantitatis</em></strong></span> <span class='ocrx_word' id='word_1_25' title='bbox 3196 792 3559 884; x_wconf 72' lang='lat' dir='ltr'><strong><em>expertibus.</em></strong></span> <span class='ocrx_word' id='word_1_26' title='bbox 3580 799 3652 884; x_wconf 42' lang='lat' dir='ltr'><strong><em>.ut</em></strong></span> 
     </span>
    </p>
   </div>
   <div class='ocr_carea' id='block_1_7' title="bbox 317 871 3654 956">
    <p class='ocr_par' dir='ltr' id='par_1_7' title="bbox 317 871 3654 956">
     <span class='ocr_line' id='line_1_7' title="bbox 317 871 3654 956; baseline 0.001 -28"><span class='ocrx_word' id='word_1_27' title='bbox 317 881 539 949; x_wconf 86' lang='lat' dir='ltr'><strong><em>puncto</em></strong></span> <span class='ocrx_word' id='word_1_28' title='bbox 569 871 755 956; x_wconf 65' lang='lat' dir='ltr'><strong><em>tineae,</em></strong></span> <span class='ocrx_word' id='word_1_29' title='bbox 784 871 1010 931; x_wconf 86' lang='lat' dir='ltr'><strong><em>mutato</em></strong></span> <span class='ocrx_word' id='word_1_30' title='bbox 1042 871 1109 956; x_wconf 68' lang='lat' dir='ltr'><strong><em>in</em></strong></span> <span class='ocrx_word' id='word_1_31' title='bbox 1133 882 1311 945; x_wconf 90' lang='lat' dir='ltr'><strong><em>motu,</em></strong></span> <span class='ocrx_word' id='word_1_32' title='bbox 1334 883 1389 932; x_wconf 88' lang='lat' dir='ltr'><strong><em>et</em></strong></span> <span class='ocrx_word' id='word_1_33' title='bbox 1401 871 1681 933; x_wconf 72' lang='lat' dir='ltr'><strong><em>momento</em></strong></span> <span class='ocrx_word' id='word_1_34' title='bbox 1704 871 2062 956; x_wconf 75' lang='lat' dir='ltr'><strong><em>intempore.</em></strong></span> <span class='ocrx_word' id='word_1_35' title='bbox 2087 910 2163 917; x_wconf 98' lang='lat'><strong>—</strong></span> <span class='ocrx_word' id='word_1_36' title='bbox 2179 878 2239 956; x_wconf 80' lang='lat'><strong>2.</strong></span> <span class='ocrx_word' id='word_1_37' title='bbox 2314 871 2455 955; x_wconf 77' lang='lat' dir='ltr'><strong><em>ujus</em></strong></span> <span class='ocrx_word' id='word_1_38' title='bbox 2464 887 2716 954; x_wconf 82' lang='lat' dir='ltr'><strong><em>propter</em></strong></span> <span class='ocrx_word' id='word_1_39' title='bbox 2728 871 2993 956; x_wconf 79' lang='lat' dir='ltr'><strong><em>ﬁguram</em></strong></span> <span class='ocrx_word' id='word_1_40' title='bbox 3013 895 3131 935; x_wconf 89' lang='lat' dir='ltr'><strong><em>non</em></strong></span> <span class='ocrx_word' id='word_1_41' title='bbox 3156 877 3287 935; x_wconf 68' lang='lat' dir='ltr'><strong><em>licet</em></strong></span> <span class='ocrx_word' id='word_1_42' title='bbox 3310 885 3374 935; x_wconf 86' lang='lat' dir='ltr'><strong><em>ut</em></strong></span> <span class='ocrx_word' id='word_1_43' title='bbox 3390 874 3654 956; x_wconf 78' lang='lat' dir='ltr'><strong><em>invenias</em></strong></span> 
     </span>
    </p>
   </div>
   <div class='ocr_carea' id='block_1_8' title="bbox 319 950 3651 1114">
    <p class='ocr_par' dir='ltr' id='par_1_8' title="bbox 319 950 3651 1114">
     <span class='ocr_line' id='line_1_8' title="bbox 319 950 3651 1034; baseline 0.001 -24"><span class='ocrx_word' id='word_1_44' title='bbox 319 952 751 1010; x_wconf 74' lang='lat' dir='ltr'><strong><em>extremitatem</em></strong></span> <span class='ocrx_word' id='word_1_45' title='bbox 775 971 797 1018; x_wconf 80' lang='lat'><strong><em>,°</em></strong></span> <span class='ocrx_word' id='word_1_46' title='bbox 822 970 922 1010; x_wconf 87' lang='lat' dir='ltr'><strong><em>seu</em></strong></span> <span class='ocrx_word' id='word_1_47' title='bbox 950 950 1109 1032; x_wconf 88' lang='lat' dir='ltr'><strong><em>quod</em></strong></span> <span class='ocrx_word' id='word_1_48' title='bbox 1133 956 1598 1031; x_wconf 78' lang='lat' dir='ltr'><strong><em>progressionem</em></strong></span> <span class='ocrx_word' id='word_1_49' title='bbox 1629 952 1865 1033; x_wconf 83' lang='lat' dir='ltr'><strong><em>quidem</em></strong></span> <span class='ocrx_word' id='word_1_50' title='bbox 1894 950 2093 1024; x_wconf 67' lang='lat' dir='ltr'><strong><em>habet,</em></strong></span> <span class='ocrx_word' id='word_1_51' title='bbox 2117 955 2219 1014; x_wconf 86' lang='lat' dir='ltr'><strong><em>sed</em></strong></span> <span class='ocrx_word' id='word_1_52' title='bbox 2234 955 2317 1014; x_wconf 86' lang='lat' dir='ltr'><strong><em>ad</em></strong></span> <span class='ocrx_word' id='word_1_53' title='bbox 2334 950 2504 1027; x_wconf 49' lang='lat' dir='ltr'><strong><em>liuius</em></strong></span> <span class='ocrx_word' id='word_1_54' title='bbox 2530 950 3171 1034; x_wconf 21' lang='lat' dir='ltr'><strong><em>ﬁnempeﬁrvenirenon&#39;</em></strong></span> <span class='ocrx_word' id='word_1_55' title='bbox 3204 956 3367 1015; x_wconf 84' lang='lat' dir='ltr'><strong><em>ossis.</em></strong></span> <span class='ocrx_word' id='word_1_56' title='bbox 3389 956 3448 1014; x_wconf 93' lang='lat'><strong>3.</strong></span> <span class='ocrx_word' id='word_1_57' title='bbox 3480 952 3651 1028; x_wconf 76' lang='lat' dir='ltr'><strong><em>Quod</em></strong></span> 
     </span>
     <span class='ocr_line' id='line_1_9' title="bbox 320 977 3651 1114; baseline 0.001 -25"><span class='ocrx_word' id='word_1_58' title='bbox 320 1032 775 1090; x_wconf 83' lang='lat' dir='ltr'><strong><em>construetionis</em></strong></span> <span class='ocrx_word' id='word_1_59' title='bbox 803 1050 982 1091; x_wconf 77' lang='lat' dir='ltr'><strong><em>causa</em></strong></span> <span class='ocrx_word' id='word_1_60' title='bbox 1013 1031 1237 1114; x_wconf 82' lang='lat' dir='ltr'><strong><em>invium</em></strong></span> <span class='ocrx_word' id='word_1_61' title='bbox 1266 1043 1365 1103; x_wconf 86' lang='lat' dir='ltr'><strong><em>est,</em></strong></span> <span class='ocrx_word' id='word_1_62' title='bbox 1399 1044 1686 1114; x_wconf 55' lang='lat' dir='ltr'><strong><em>autggre</em></strong></span> <span class='ocrx_word' id='word_1_63' title='bbox 1717 1034 1971 1092; x_wconf 85' lang='lat' dir='ltr'><strong><em>transiri</em></strong></span> <span class='ocrx_word' id='word_1_64' title='bbox 2003 1045 2210 1113; x_wconf 80' lang='lat' dir='ltr'><em>potest.</em></span> <span class='ocrx_word' id='word_1_65' title='bbox 2242 1071 2321 1079; x_wconf 90' lang='lat'><strong><em>—</em></strong></span> <span class='ocrx_word' id='word_1_66' title='bbox 2374 1039 2432 1095; x_wconf 82' lang='grc'>4.</span> <span class='ocrx_word' id='word_1_67' title='bbox 2488 1036 2655 1110; x_wconf 81' lang='lat' dir='ltr'><strong><em>Quod</em></strong></span> <span class='ocrx_word' id='word_1_68' title='bbox 2692 1056 2800 1096; x_wconf 89' lang='lat' dir='ltr'><strong><em>sua</em></strong></span> <span class='ocrx_word' id='word_1_69' title='bbox 2855 1047 3076 1095; x_wconf 88' lang='lat' dir='ltr'><strong><em>natura</em></strong></span> <span class='ocrx_word' id='word_1_70' title='bbox 3123 977 3359 1114; x_wconf 47' lang='lat' dir='ltr'><strong><em>petitum</em></strong></span> <span class='ocrx_word' id='word_1_71' title='bbox 3402 1044 3503 1103; x_wconf 89' lang='lat' dir='ltr'><strong><em>est,</em></strong></span> <span class='ocrx_word' id='word_1_72' title='bbox 3552 1031 3651 1093; x_wconf 87' lang='lat' dir='ltr'><strong><em>sed</em></strong></span> 
     </span>
    </p>
   </div>
   <div class='ocr_carea' id='block_1_9' title="bbox 320 1031 3076 1113">
    <p class='ocr_par' dir='ltr' id='par_1_9' title="bbox 320 1031 3076 1113">
     <span class='ocr_line' id='line_1_10' title="bbox 320 1031 3076 1113; baseline 0.002 -24"><span class='ocrx_word' id='word_1_73' title='bbox 320 1032 775 1090; x_wconf 83' lang='lat' dir='ltr'><strong><em>construetionis</em></strong></span> <span class='ocrx_word' id='word_1_74' title='bbox 803 1031 982 1091; x_wconf 77' lang='lat' dir='ltr'><strong><em>causa</em></strong></span> <span class='ocrx_word' id='word_1_75' title='bbox 1013 1031 1237 1113; x_wconf 84' lang='lat' dir='ltr'><strong><em>invium</em></strong></span> <span class='ocrx_word' id='word_1_76' title='bbox 1266 1043 1365 1103; x_wconf 86' lang='lat' dir='ltr'><strong><em>est,</em></strong></span> <span class='ocrx_word' id='word_1_77' title='bbox 1399 1044 1507 1093; x_wconf 83' lang='lat' dir='ltr'><strong><em>aut</em></strong></span> <span class='ocrx_word' id='word_1_78' title='bbox 1529 1031 1686 1111; x_wconf 70' lang='lat' dir='ltr'><strong><em>aegre</em></strong></span> <span class='ocrx_word' id='word_1_79' title='bbox 1717 1034 1971 1092; x_wconf 88' lang='lat' dir='ltr'><strong><em>transiri</em></strong></span> <span class='ocrx_word' id='word_1_80' title='bbox 2003 1045 2210 1113; x_wconf 86' lang='lat' dir='ltr'><em>potest.</em></span> <span class='ocrx_word' id='word_1_81' title='bbox 2242 1071 2321 1079; x_wconf 90' lang='lat'><strong><em>—</em></strong></span> <span class='ocrx_word' id='word_1_82' title='bbox 2374 1039 2432 1095; x_wconf 82' lang='grc'>4.</span> <span class='ocrx_word' id='word_1_83' title='bbox 2488 1036 2655 1110; x_wconf 81' lang='lat' dir='ltr'><strong><em>Quod</em></strong></span> <span class='ocrx_word' id='word_1_84' title='bbox 2692 1031 2800 1096; x_wconf 84' lang='lat' dir='ltr'><strong><em>sua</em></strong></span> <span class='ocrx_word' id='word_1_85' title='bbox 2855 1047 3076 1095; x_wconf 88' lang='lat' dir='ltr'><strong><em>natura</em></strong></span> 
     </span>
    </p>
   </div>
   <div class='ocr_carea' id='block_1_10' title="bbox 310 1111 3240 1193">
    <p class='ocr_par' dir='ltr' id='par_1_10' title="bbox 310 1111 3240 1193">
     <span class='ocr_line' id='line_1_11' title="bbox 310 1111 3240 1193; baseline 0.001 -28"><span class='ocrx_word' id='word_1_86' title='bbox 310 1120 564 1193; x_wconf 77' lang='lat' dir='ltr'><strong><em>propter</em></strong></span> <span class='ocrx_word' id='word_1_87' title='bbox 590 1113 948 1171; x_wconf 72' lang='lat' dir='ltr'><strong><em>extrinsecus</em></strong></span> <span class='ocrx_word' id='word_1_88' title='bbox 981 1111 1293 1171; x_wconf 75' lang='lat' dir='ltr'><strong><em>adueniens</em></strong></span> <span class='ocrx_word' id='word_1_89' title='bbox 1322 1113 1807 1193; x_wconf 83' lang='lat' dir='ltr'><strong><em>impedimentum</em></strong></span> <span class='ocrx_word' id='word_1_90' title='bbox 1840 1111 2109 1185; x_wconf 63' lang='lat' dir='ltr'><strong><em>transtri,</em></strong></span> <span class='ocrx_word' id='word_1_91' title='bbox 2132 1135 2251 1174; x_wconf 90' lang='lat' dir='ltr'><strong><em>non</em></strong></span> <span class='ocrx_word' id='word_1_92' title='bbox 2275 1125 2475 1192; x_wconf 86' lang='lat' dir='ltr'><strong><em>potest</em></strong></span> <span class='ocrx_word' id='word_1_93' title='bbox 2499 1150 2563 1159; x_wconf 87' lang='lat'><strong><em>—-</em></strong></span> <span class='ocrx_word' id='word_1_94' title='bbox 2593 1118 2652 1175; x_wconf 84' lang='lat'><strong><em>5.</em></strong></span> <span class='ocrx_word' id='word_1_95' title='bbox 2680 1114 2797 1191; x_wconf 61' lang='lat' dir='ltr'><strong><em>(’u]</em></strong></span> <span class='ocrx_word' id='word_1_96' title='bbox 2808 1135 2871 1175; x_wconf 87' lang='lat' dir='ltr'><strong><em>us</em></strong></span> <span class='ocrx_word' id='word_1_97' title='bbox 2898 1111 3131 1190; x_wconf 82' lang='lat' dir='ltr'><strong><em>semper</em></strong></span> <span class='ocrx_word' id='word_1_98' title='bbox 3151 1115 3240 1174; x_wconf 76' lang='lat' dir='ltr'><strong><em>ali</em></strong></span> 
     </span>
    </p>
   </div>
   <div class='ocr_carea' id='block_1_11' title="bbox 3174 1031 3655 1103">
    <p class='ocr_par' dir='ltr' id='par_1_11' title="bbox 3174 1031 3655 1103">
     <span class='ocr_line' id='line_1_12' title="bbox 3174 1031 3655 1103; baseline -0.002 -10"><span class='ocrx_word' id='word_1_99' title='bbox 3174 1035 3359 1094; x_wconf 76' lang='lat' dir='ltr'><strong><em>nilum</em></strong></span> <span class='ocrx_word' id='word_1_100' title='bbox 3402 1044 3503 1103; x_wconf 88' lang='lat' dir='ltr'><strong><em>est,</em></strong></span> <span class='ocrx_word' id='word_1_101' title='bbox 3552 1031 3655 1093; x_wconf 87' lang='lat' dir='ltr'><strong><em>sed</em></strong></span> 
     </span>
    </p>
   </div>
   <div class='ocr_carea' id='block_1_12' title="bbox 3280 1133 3647 1191">
    <p class='ocr_par' dir='ltr' id='par_1_12' title="bbox 3280 1133 3647 1191">
     <span class='ocr_line' id='line_1_13' title="bbox 3280 1133 3647 1191; baseline -0.003 -18"><span class='ocrx_word' id='word_1_102' title='bbox 3280 1134 3359 1174; x_wconf 87' lang='lat' dir='ltr'><strong><em>ua</em></strong></span> <span class='ocrx_word' id='word_1_103' title='bbox 3374 1133 3519 1191; x_wconf 87' lang='lat' dir='ltr'><strong><em>pars</em></strong></span> <span class='ocrx_word' id='word_1_104' title='bbox 3546 1134 3647 1173; x_wconf 86' lang='lat' dir='ltr'><strong><em>su-</em></strong></span> 
     </span>
    </p>
   </div>
   <div class='ocr_carea' id='block_1_13' title="bbox 314 1134 3646 1275">
    <p class='ocr_par' dir='ltr' id='par_1_13' title="bbox 314 1134 3646 1275">
     <span class='ocr_line' id='line_1_14' title="bbox 314 1134 3646 1193; baseline 0.002 -28"><span class='ocrx_word' id='word_1_105' title='bbox 314 1134 564 1190; x_wconf 75' lang='lat' dir='ltr'><strong><em>proprer</em></strong></span> <span class='ocrx_word' id='word_1_106' title='bbox 590 1134 948 1171; x_wconf 71' lang='lat' dir='ltr'><strong><em>extrinsecus</em></strong></span> <span class='ocrx_word' id='word_1_107' title='bbox 981 1134 1293 1171; x_wconf 84' lang='lat' dir='ltr'><strong><em>aaoemens</em></strong></span> <span class='ocrx_word' id='word_1_108' title='bbox 1322 1134 1807 1193; x_wconf 73' lang='lat' dir='ltr'><strong><em>impedimentum</em></strong></span> <span class='ocrx_word' id='word_1_109' title='bbox 1840 1134 2109 1185; x_wconf 78' lang='lat' dir='ltr'><strong><em>transm,</em></strong></span> <span class='ocrx_word' id='word_1_110' title='bbox 2132 1135 2251 1174; x_wconf 90' lang='lat' dir='ltr'><strong><em>non</em></strong></span> <span class='ocrx_word' id='word_1_111' title='bbox 2275 1134 2475 1192; x_wconf 31' lang='lat' dir='ltr'><strong><em>petest.</em></strong></span> <span class='ocrx_word' id='word_1_112' title='bbox 2499 1150 2563 1159; x_wconf 87' lang='lat'><strong><em>—-</em></strong></span> <span class='ocrx_word' id='word_1_113' title='bbox 2593 1134 2652 1175; x_wconf 72' lang='grc' dir='ltr'>ς).</span> <span class='ocrx_word' id='word_1_114' title='bbox 2680 1134 2871 1191; x_wconf 63' lang='lat' dir='ltr'><strong><em>unus</em></strong></span> <span class='ocrx_word' id='word_1_115' title='bbox 2898 1135 3124 1190; x_wconf 78' lang='lat' dir='ltr'><strong><em>semper</em></strong></span> <span class='ocrx_word' id='word_1_116' title='bbox 3151 1134 3233 1174; x_wconf 78' lang='lat' dir='ltr'><strong><em>au</em></strong></span> <span class='ocrx_word' id='word_1_117' title='bbox 3280 1134 3359 1174; x_wconf 89' lang='lat' dir='ltr'><strong><em>ua</em></strong></span> <span class='ocrx_word' id='word_1_118' title='bbox 3374 1134 3519 1191; x_wconf 87' lang='lat' dir='ltr'><strong><em>pars</em></strong></span> <span class='ocrx_word' id='word_1_119' title='bbox 3546 1134 3646 1173; x_wconf 85' lang='lat' dir='ltr'><strong><em>su-</em></strong></span> 
     </span>
     <span class='ocr_line' id='line_1_15' title="bbox 314 1134 3646 1275; baseline 0.001 -25"><span class='ocrx_word' id='word_1_120' title='bbox 314 1190 533 1250; x_wconf 86' lang='lat' dir='ltr'><strong><em>menda</em></strong></span> <span class='ocrx_word' id='word_1_121' title='bbox 559 1200 757 1259; x_wconf 83' lang='lat' dir='ltr'><strong><em>restat,</em></strong></span> <span class='ocrx_word' id='word_1_122' title='bbox 791 1194 968 1272; x_wconf 81' lang='lat' dir='ltr'><strong><em>quale</em></strong></span> <span class='ocrx_word' id='word_1_123' title='bbox 993 1200 1074 1250; x_wconf 89' lang='lat' dir='ltr'><strong><em>est</em></strong></span> <span class='ocrx_word' id='word_1_124' title='bbox 1107 1194 1174 1275; x_wconf 87' lang='lat' dir='ltr'><strong><em>in_</em></strong></span> <span class='ocrx_word' id='word_1_125' title='bbox 1193 1212 1460 1275; x_wconf 84' lang='lat' dir='ltr'><strong><em>numero.</em></strong></span> <span class='ocrx_word' id='word_1_126' title='bbox 1496 1193 1928 1269; x_wconf 84' lang='lat' dir='ltr'><strong><em>magnitudine,</em></strong></span> <span class='ocrx_word' id='word_1_127' title='bbox 1962 1202 2028 1253; x_wconf 92' lang='lat' dir='ltr'><strong><em>et</em></strong></span> <span class='ocrx_word' id='word_1_128' title='bbox 2060 1205 2338 1269; x_wconf 88' lang='lat' dir='ltr'><strong><em>tempore.</em></strong></span> <span class='ocrx_word' id='word_1_129' title='bbox 2382 1229 2452 1240; x_wconf 84' lang='lat'><strong>—-</strong></span> <span class='ocrx_word' id='word_1_130' title='bbox 2481 1197 2539 1255; x_wconf 90' lang='lat'><strong>6.</strong></span> <span class='ocrx_word' id='word_1_131' title='bbox 2569 1196 2873 1273; x_wconf 81' lang='lat' dir='ltr'><strong><em>Inﬁnitum</em></strong></span> <span class='ocrx_word' id='word_1_132' title='bbox 2905 1195 3105 1275; x_wconf 83' lang='lat' dir='ltr'><strong><em>quinti</em></strong></span> <span class='ocrx_word' id='word_1_133' title='bbox 3122 1134 3284 1253; x_wconf 68' lang='lat' dir='ltr'><strong><em>morZ’</em></strong></span> <span class='ocrx_word' id='word_1_134' title='bbox 3300 1214 3430 1254; x_wconf 85' lang='lat' dir='ltr'><strong><em>cum</em></strong></span> <span class='ocrx_word' id='word_1_135' title='bbox 3470 1196 3531 1252; x_wconf 83' lang='lat' dir='ltr'><strong><em>in</em></strong></span> <span class='ocrx_word' id='word_1_136' title='bbox 3570 1194 3646 1275; x_wconf 86' lang='lat' dir='ltr'><strong><em>iis</em></strong></span> 
     </span>
    </p>
   </div>
   <div class='ocr_carea' id='block_1_14' title="bbox 318 1271 3652 1410">
    <p class='ocr_par' dir='ltr' id='par_1_14' title="bbox 318 1271 3652 1410">
     <span class='ocr_line' id='line_1_16' title="bbox 318 1271 3652 1410; baseline 0.001 -81"><span class='ocrx_word' id='word_1_137' title='bbox 318 1286 454 1349; x_wconf 76' lang='lat' dir='ltr'><strong><em>quae</em></strong></span> <span class='ocrx_word' id='word_1_138' title='bbox 481 1271 813 1349; x_wconf 65' lang='lat' dir='ltr'><strong><em>augentur,</em></strong></span> <span class='ocrx_word' id='word_1_139' title='bbox 831 1280 953 1330; x_wconf 90' lang='lat' dir='ltr'><strong><em>tum</em></strong></span> <span class='ocrx_word' id='word_1_140' title='bbox 957 1290 1103 1410; x_wconf 45' lang='lat' dir='ltr'><strong><em>iure</em></strong></span> <span class='ocrx_word' id='word_1_141' title='bbox 1133 1271 1506 1345; x_wconf 85' lang='lat' dir='ltr'><strong><em>dividuntur,</em></strong></span> <span class='ocrx_word' id='word_1_142' title='bbox 1535 1281 1824 1353; x_wconf 82' lang='lat' dir='ltr'><strong><em>potestate</em></strong></span> <span class='ocrx_word' id='word_1_143' title='bbox 1846 1282 2074 1336; x_wconf 84' lang='lat' dir='ltr'><strong><em>tantum</em></strong></span> <span class='ocrx_word' id='word_1_144' title='bbox 2106 1276 2282 1335; x_wconf 88' lang='lat' dir='ltr'><strong><em>inesse</em></strong></span> <span class='ocrx_word' id='word_1_145' title='bbox 2300 1275 2528 1353; x_wconf 82' lang='lat' dir='ltr'><strong><em>probat.</em></strong></span> <span class='ocrx_word' id='word_1_146' title='bbox 2558 1271 2674 1335; x_wconf 86' lang='lat' dir='ltr'><strong><em>non</em></strong></span> <span class='ocrx_word' id='word_1_147' title='bbox 2689 1284 2846 1336; x_wconf 87' lang='lat' dir='ltr'><strong><em>actu.</em></strong></span> <span class='ocrx_word' id='word_1_148' title='bbox 2873 1271 2947 1318; x_wconf 65' lang='grc' dir='ltr'><strong><em>-ἰ</em></strong></span> <span class='ocrx_word' id='word_1_149' title='bbox 2968 1282 3027 1334; x_wconf 85' lang='lat'><strong><em>7.</em></strong></span> <span class='ocrx_word' id='word_1_150' title='bbox 3056 1274 3338 1335; x_wconf 83' lang='lat' dir='ltr'><strong><em>Declarat</em></strong></span> <span class='ocrx_word' id='word_1_151' title='bbox 3360 1274 3652 1352; x_wconf 76' lang='lat' dir='ltr'><strong><em>quomodo</em></strong></span> 
     </span>
     <span class='ocr_line' id='line_1_17' title="bbox 321 1350 3651 1410; baseline 0 -1"><span class='ocrx_word' id='word_1_152' title='bbox 321 1350 622 1410; x_wconf 79' lang='lat' dir='ltr'><strong><em>inﬁnitum</em></strong></span> <span class='ocrx_word' id='word_1_153' title='bbox 654 1351 717 1410; x_wconf 89' lang='lat' dir='ltr'><strong><em>in</em></strong></span> <span class='ocrx_word' id='word_1_154' title='bbox 744 1370 807 1410; x_wconf 80' lang='lat' dir='ltr'><em>eo</em></span> <span class='ocrx_word' id='word_1_155' title='bbox 836 1369 952 1410; x_wconf 88' lang='lat' dir='ltr'><strong><em>auo</em></strong></span> <span class='ocrx_word' id='word_1_156' title='bbox 1027 1350 1216 1410; x_wconf 83' lang='lat' dir='ltr'><strong><em>dividi</em></strong></span> <span class='ocrx_word' id='word_1_157' title='bbox 1244 1363 1295 1410; x_wconf 92' lang='lat' dir='ltr'><strong><em>et</em></strong></span> <span class='ocrx_word' id='word_1_158' title='bbox 1324 1356 1484 1410; x_wconf 85' lang='lat' dir='ltr'><strong><em>ouod</em></strong></span> <span class='ocrx_word' id='word_1_159' title='bbox 1513 1370 1733 1410; x_wconf 87' lang='lat' dir='ltr'><strong><em>auoere</em></strong></span> <span class='ocrx_word' id='word_1_160' title='bbox 1762 1361 1969 1410; x_wconf 74' lang='lat' dir='ltr'><strong><em>potest.</em></strong></span> <span class='ocrx_word' id='word_1_161' title='bbox 1997 1356 2156 1410; x_wconf 83' lang='lat' dir='ltr'><strong><em>insit.</em></strong></span> <span class='ocrx_word' id='word_1_162' title='bbox 2189 1389 2267 1399; x_wconf 86' lang='lat'><strong><em>—-</em></strong></span> <span class='ocrx_word' id='word_1_163' title='bbox 2293 1356 2331 1410; x_wconf 90' lang='lat'>8</span> <span class='ocrx_word' id='word_1_164' title='bbox 2392 1355 2683 1410; x_wconf 78' lang='lat' dir='ltr'><strong><em>Eamlicat</em></strong></span> <span class='ocrx_word' id='word_1_165' title='bbox 2710 1358 2765 1410; x_wconf 81' lang='lat' dir='ltr'><strong><em>in</em></strong></span> <span class='ocrx_word' id='word_1_166' title='bbox 2792 1354 3083 1410; x_wconf 78' lang='lat' dir='ltr'><strong><em>inﬁnitum</em></strong></span> <span class='ocrx_word' id='word_1_167' title='bbox 3106 1355 3313 1410; x_wconf 83' lang='lat' dir='ltr'><strong><em>divisio</em></strong></span> <span class='ocrx_word' id='word_1_168' title='bbox 3343 1362 3398 1410; x_wconf 88' lang='lat' dir='ltr'><strong><em>et</em></strong></span> <span class='ocrx_word' id='word_1_169' title='bbox 3421 1353 3651 1410; x_wconf 85' lang='lat' dir='ltr'><strong><em>auctio-</em></strong></span> 
     </span>
    </p>
   </div>
   <div class='ocr_carea' id='block_1_15' title="bbox 321 1350 952 1441">
    <p class='ocr_par' dir='ltr' id='par_1_15' title="bbox 321 1350 952 1441">
     <span class='ocr_line' id='line_1_18' title="bbox 321 1350 952 1441; baseline 0 -32"><span class='ocrx_word' id='word_1_170' title='bbox 321 1350 622 1441; x_wconf 69' lang='lat' dir='ltr'><strong><em>inﬁnitum</em></strong></span> <span class='ocrx_word' id='word_1_171' title='bbox 654 1351 717 1410; x_wconf 89' lang='lat' dir='ltr'><strong><em>in</em></strong></span> <span class='ocrx_word' id='word_1_172' title='bbox 744 1370 807 1441; x_wconf 79' lang='lat' dir='ltr'><em>eo</em></span> <span class='ocrx_word' id='word_1_173' title='bbox 836 1369 952 1441; x_wconf 83' lang='lat' dir='ltr'><strong><em>quo</em></strong></span> 
     </span>
    </p>
   </div>
   <div class='ocr_carea' id='block_1_16' title="bbox 1027 1350 3651 1432">
    <p class='ocr_par' dir='ltr' id='par_1_16' title="bbox 1027 1350 3651 1432">
     <span class='ocr_line' id='line_1_19' title="bbox 1027 1350 3651 1432; baseline 0.001 -22"><span class='ocrx_word' id='word_1_174' title='bbox 1027 1350 1216 1412; x_wconf 83' lang='lat' dir='ltr'><strong><em>dividi</em></strong></span> <span class='ocrx_word' id='word_1_175' title='bbox 1244 1363 1295 1413; x_wconf 90' lang='lat' dir='ltr'><strong><em>et</em></strong></span> <span class='ocrx_word' id='word_1_176' title='bbox 1324 1356 1484 1432; x_wconf 83' lang='lat' dir='ltr'><strong><em>quod</em></strong></span> <span class='ocrx_word' id='word_1_177' title='bbox 1513 1350 1733 1431; x_wconf 83' lang='lat' dir='ltr'><strong><em>augere</em></strong></span> <span class='ocrx_word' id='word_1_178' title='bbox 1757 1361 1969 1430; x_wconf 88' lang='lat' dir='ltr'><strong><em>potest,</em></strong></span> <span class='ocrx_word' id='word_1_179' title='bbox 1997 1356 2156 1425; x_wconf 88' lang='lat' dir='ltr'><strong><em>insit,</em></strong></span> <span class='ocrx_word' id='word_1_180' title='bbox 2189 1389 2267 1399; x_wconf 87' lang='lat'><strong><em>—-</em></strong></span> <span class='ocrx_word' id='word_1_181' title='bbox 2293 1350 2331 1415; x_wconf 87' lang='lat'>8</span> <span class='ocrx_word' id='word_1_182' title='bbox 2388 1355 2683 1432; x_wconf 61' lang='lat' dir='ltr'><strong><em>Explicat</em></strong></span> <span class='ocrx_word' id='word_1_183' title='bbox 2710 1358 2765 1415; x_wconf 88' lang='lat' dir='ltr'><strong><em>in</em></strong></span> <span class='ocrx_word' id='word_1_184' title='bbox 2792 1354 3083 1432; x_wconf 82' lang='lat' dir='ltr'><strong><em>inﬁnitum</em></strong></span> <span class='ocrx_word' id='word_1_185' title='bbox 3106 1355 3313 1414; x_wconf 86' lang='lat' dir='ltr'><strong><em>divisio</em></strong></span> <span class='ocrx_word' id='word_1_186' title='bbox 3343 1350 3398 1414; x_wconf 81' lang='lat' dir='ltr'><strong><em>et</em></strong></span> <span class='ocrx_word' id='word_1_187' title='bbox 3421 1353 3651 1413; x_wconf 82' lang='lat' dir='ltr'><strong><em>auctio-</em></strong></span> 
     </span>
    </p>
   </div>
   <div class='ocr_carea' id='block_1_17' title="bbox 318 1431 3642 1516">
    <p class='ocr_par' dir='ltr' id='par_1_17' title="bbox 318 1431 3642 1516">
     <span class='ocr_line' id='line_1_20' title="bbox 318 1431 3642 1516; baseline 0.002 -27"><span class='ocrx_word' id='word_1_188' title='bbox 318 1431 517 1516; x_wconf 63' lang='grc' dir='ltr'>φασιιῲ</span> <span class='ocrx_word' id='word_1_189' title='bbox 546 1440 707 1516; x_wconf 64' lang='lat' dir='ltr'><strong><em>uetus</em></strong></span> <span class='ocrx_word' id='word_1_190' title='bbox 736 1433 845 1516; x_wconf 69' lang='lat' dir='ltr'><strong><em>sit,</em></strong></span> <span class='ocrx_word' id='word_1_191' title='bbox 868 1431 998 1516; x_wconf 73' lang='lat' dir='ltr'><strong><em>ejus</em></strong></span> <span class='ocrx_word' id='word_1_192' title='bbox 1029 1432 1155 1491; x_wconf 91' lang='lat' dir='ltr'><strong><em>nim</em></strong></span> <span class='ocrx_word' id='word_1_193' title='bbox 1173 1431 1518 1516; x_wconf 79' lang='lat' dir='ltr'><strong><em>irumguod</em></strong></span> <span class='ocrx_word' id='word_1_194' title='bbox 1532 1441 1817 1516; x_wconf 82' lang='lat' dir='ltr'><strong><em>potestate</em></strong></span> <span class='ocrx_word' id='word_1_195' title='bbox 1845 1441 1948 1516; x_wconf 80' lang='lat' dir='ltr'><strong><em>est,</em></strong></span> <span class='ocrx_word' id='word_1_196' title='bbox 1984 1444 2042 1516; x_wconf 91' lang='lat' dir='ltr'><strong><em>e_t</em></strong></span> <span class='ocrx_word' id='word_1_197' title='bbox 2068 1444 2229 1495; x_wconf 87' lang='lat' dir='ltr'><strong><em>actus</em></strong></span> <span class='ocrx_word' id='word_1_198' title='bbox 2262 1431 2659 1516; x_wconf 84' lang='lat' dir='ltr'><strong><em>imperfectus,</em></strong></span> <span class='ocrx_word' id='word_1_199' title='bbox 2717 1431 2875 1516; x_wconf 84' lang='lat' dir='ltr'><strong><em>quod</em></strong></span> <span class='ocrx_word' id='word_1_200' title='bbox 2916 1435 3108 1495; x_wconf 82' lang='lat' dir='ltr'><strong><em>simili</em></strong></span> <span class='ocrx_word' id='word_1_201' title='bbox 3146 1443 3335 1516; x_wconf 83' lang='lat' dir='ltr'><strong><em>motus</em></strong></span> <span class='ocrx_word' id='word_1_202' title='bbox 3383 1432 3642 1516; x_wconf 81' lang='lat' dir='ltr'><strong><em>declara,</em></strong></span> 
     </span>
    </p>
   </div>
   <div class='ocr_carea' id='block_1_18' title="bbox 319 1509 3648 1595">
    <p class='ocr_par' dir='ltr' id='par_1_18' title="bbox 319 1509 3648 1595">
     <span class='ocr_line' id='line_1_21' title="bbox 319 1509 3648 1595; baseline 0.002 -26"><span class='ocrx_word' id='word_1_203' title='bbox 319 1509 441 1569; x_wconf 75' lang='lat' dir='ltr'><strong><em>tur.</em></strong></span> <span class='ocrx_word' id='word_1_204' title='bbox 555 1510 937 1595; x_wconf 25' lang='lat' dir='ltr'><strong><em>ASententiam</em></strong></span> <span class='ocrx_word' id='word_1_205' title='bbox 969 1509 1246 1595; x_wconf 62' lang='lat' dir='ltr'><strong><em>hactenus</em></strong></span> <span class='ocrx_word' id='word_1_206' title='bbox 1275 1509 1614 1595; x_wconf 73' lang='lat' dir='ltr'><strong><em>expositam</em></strong></span> <span class='ocrx_word' id='word_1_207' title='bbox 1630 1512 1699 1572; x_wconf 92' lang='lat' dir='ltr'><strong><em>de</em></strong></span> <span class='ocrx_word' id='word_1_208' title='bbox 1729 1521 1764 1570; x_wconf 80' lang='grc' dir='ltr'><strong><em>ι</em></strong></span> <span class='ocrx_word' id='word_1_209' title='bbox 1781 1517 1885 1572; x_wconf 83' lang='grc'><strong><em>18</em></strong></span> <span class='ocrx_word' id='word_1_210' title='bbox 1920 1514 2179 1595; x_wconf 78' lang='lat' dir='ltr'><strong><em>inﬁnito,</em></strong></span> <span class='ocrx_word' id='word_1_211' title='bbox 2213 1509 2374 1594; x_wconf 83' lang='lat' dir='ltr'><strong><em>quod</em></strong></span> <span class='ocrx_word' id='word_1_212' title='bbox 2399 1509 2682 1575; x_wconf 76' lang='lat' dir='ltr'><strong><em>nimirum</em></strong></span> <span class='ocrx_word' id='word_1_213' title='bbox 2711 1509 2995 1576; x_wconf 64' lang='lat' dir='ltr'><strong><em>oonsistat</em></strong></span> <span class='ocrx_word' id='word_1_214' title='bbox 3020 1515 3081 1575; x_wconf 89' lang='lat' dir='ltr'><strong><em>in</em></strong></span> <span class='ocrx_word' id='word_1_215' title='bbox 3112 1514 3343 1592; x_wconf 83' lang='lat' dir='ltr'><strong><em>inﬁnita</em></strong></span> <span class='ocrx_word' id='word_1_216' title='bbox 3364 1513 3648 1595; x_wconf 74' lang='lat' dir='ltr'><strong><em>divisione</em></strong></span> 
     </span>
    </p>
   </div>
   <div class='ocr_carea' id='block_1_19' title="bbox 316 1587 3642 1676">
    <p class='ocr_par' dir='ltr' id='par_1_19' title="bbox 316 1587 3642 1676">
     <span class='ocr_line' id='line_1_22' title="bbox 316 1587 3642 1676; baseline 0.001 -25"><span class='ocrx_word' id='word_1_217' title='bbox 316 1598 376 1651; x_wconf 88' lang='lat' dir='ltr'><strong><em>et</em></strong></span> <span class='ocrx_word' id='word_1_218' title='bbox 416 1587 754 1676; x_wconf 54' lang='lat' dir='ltr'><strong><em>additium,</em></strong></span> <span class='ocrx_word' id='word_1_219' title='bbox 771 1591 1123 1676; x_wconf 75' lang='lat' dir='ltr'><strong><em>auctoritate</em></strong></span> <span class='ocrx_word' id='word_1_220' title='bbox 1155 1587 1422 1653; x_wconf 78' lang='lat' dir='ltr'><strong><em>Platonis</em></strong></span> <span class='ocrx_word' id='word_1_221' title='bbox 1452 1612 1558 1676; x_wconf 81' lang='lat' dir='ltr'><strong><em>con</em></strong></span> <span class='ocrx_word' id='word_1_222' title='bbox 1570 1593 1797 1676; x_wconf 80' lang='lat' dir='ltr'><strong><em>ﬁrmat.</em></strong></span> <span class='ocrx_word' id='word_1_223' title='bbox 1832 1627 1909 1636; x_wconf 92' lang='lat'><strong>—</strong></span> <span class='ocrx_word' id='word_1_224' title='bbox 1942 1587 2038 1657; x_wconf 76' lang='grc'><strong><em>10.</em></strong></span> <span class='ocrx_word' id='word_1_225' title='bbox 2070 1587 2299 1656; x_wconf 72' lang='lat' dir='ltr'><strong><em>Probat</em></strong></span> <span class='ocrx_word' id='word_1_226' title='bbox 2328 1605 2465 1656; x_wconf 88' lang='lat' dir='ltr'><strong><em>actu</em></strong></span> <span class='ocrx_word' id='word_1_227' title='bbox 2486 1597 2751 1676; x_wconf 87' lang='lat' dir='ltr'><strong><em>perfecto</em></strong></span> <span class='ocrx_word' id='word_1_228' title='bbox 2777 1595 3005 1676; x_wconf 73' lang='lat' dir='ltr'><strong><em>nullam</em></strong></span> <span class='ocrx_word' id='word_1_229' title='bbox 3033 1613 3138 1655; x_wconf 87' lang='lat' dir='ltr'><strong><em>nec</em></strong></span> <span class='ocrx_word' id='word_1_230' title='bbox 3169 1587 3642 1676; x_wconf 73' lang='lat' dir='ltr'><strong><em>magnitudinem</em></strong></span> 
     </span>
    </p>
   </div>
   <div class='ocr_carea' id='block_1_20' title="bbox 315 1669 3641 1757">
    <p class='ocr_par' dir='ltr' id='par_1_20' title="bbox 315 1669 3641 1757">
     <span class='ocr_line' id='line_1_23' title="bbox 315 1669 3641 1757; baseline 0.002 -29"><span class='ocrx_word' id='word_1_231' title='bbox 315 1688 425 1730; x_wconf 84' lang='lat' dir='ltr'><strong><em>nec</em></strong></span> <span class='ocrx_word' id='word_1_232' title='bbox 449 1670 881 1757; x_wconf 76' lang='lat' dir='ltr'><strong><em>multitudinem</em></strong></span> <span class='ocrx_word' id='word_1_233' title='bbox 914 1669 1219 1757; x_wconf 78' lang='lat' dir='ltr'><strong><em>inﬁnitam</em></strong></span> <span class='ocrx_word' id='word_1_234' title='bbox 1249 1691 1412 1757; x_wconf 78' lang='lat' dir='ltr'><strong><em>esse;</em></strong></span> <span class='ocrx_word' id='word_1_235' title='bbox 1442 1669 1619 1753; x_wconf 78' lang='lat' dir='ltr'><strong><em>idque</em></strong></span> <span class='ocrx_word' id='word_1_236' title='bbox 1645 1673 1909 1757; x_wconf 74' lang='lat' dir='ltr'><strong><em>primum</em></strong></span> <span class='ocrx_word' id='word_1_237' title='bbox 1938 1676 2219 1757; x_wconf 67' lang='lat' dir='ltr'><strong><em>ostensive</em></strong></span> <span class='ocrx_word' id='word_1_238' title='bbox 2265 1669 2613 1754; x_wconf 64' lang='lat' dir='ltr'><strong><em>argumEnto</em></strong></span> <span class='ocrx_word' id='word_1_239' title='bbox 2642 1675 2793 1747; x_wconf 77' lang='lat' dir='ltr'><strong><em>eceli,</em></strong></span> <span class='ocrx_word' id='word_1_240' title='bbox 2840 1673 3002 1757; x_wconf 81' lang='lat' dir='ltr'><strong><em>quod</em></strong></span> <span class='ocrx_word' id='word_1_241' title='bbox 3026 1669 3357 1757; x_wconf 77' lang='lat' dir='ltr'><strong><em>_corporum</em></strong></span> <span class='ocrx_word' id='word_1_242' title='bbox 3386 1672 3641 1757; x_wconf 77' lang='lat' dir='ltr'><strong><em>guidem</em></strong></span> 
     </span>
    </p>
   </div>
   <div class='ocr_carea' id='block_1_21' title="bbox 316 1750 3642 1833">
    <p class='ocr_par' dir='ltr' id='par_1_21' title="bbox 316 1750 3642 1833">
     <span class='ocr_line' id='line_1_24' title="bbox 316 1750 3642 1833; baseline 0.002 -25"><span class='ocrx_word' id='word_1_243' title='bbox 316 1751 583 1833; x_wconf 77' lang='lat' dir='ltr'><strong><em>omnium</em></strong></span> <span class='ocrx_word' id='word_1_244' title='bbox 610 1750 939 1833; x_wconf 73' lang='lat' dir='ltr'><strong><em>maximum</em></strong></span> <span class='ocrx_word' id='word_1_245' title='bbox 969 1758 1071 1833; x_wconf 76' lang='lat' dir='ltr'><strong><em>est,</em></strong></span> <span class='ocrx_word' id='word_1_246' title='bbox 1102 1750 1204 1810; x_wconf 89' lang='lat' dir='ltr'><strong><em>sed</em></strong></span> <span class='ocrx_word' id='word_1_247' title='bbox 1230 1750 1468 1828; x_wconf 80' lang='lat' dir='ltr'><strong><em>finitum</em></strong></span> <span class='ocrx_word' id='word_1_248' title='bbox 1494 1750 2074 1833; x_wconf 27' lang='lat' dir='ltr'><strong><em>tumA’magnitudine</em></strong></span> <span class='ocrx_word' id='word_1_249' title='bbox 2119 1775 2319 1816; x_wconf 88' lang='lat' dir='ltr'><strong><em>rerum</em></strong></span> <span class='ocrx_word' id='word_1_250' title='bbox 2343 1750 2813 1829; x_wconf 52' lang='lat' dir='ltr'><strong><em>&#39;contentarum;</em></strong></span> <span class='ocrx_word' id='word_1_251' title='bbox 2845 1750 3070 1816; x_wconf 57' lang='lat' dir='ltr'><strong><em>&#39;deinde</em></strong></span> <span class='ocrx_word' id='word_1_252' title='bbox 3126 1750 3259 1815; x_wconf 63' lang='lat' dir='ltr'><strong><em>vero</em></strong></span> <span class='ocrx_word' id='word_1_253' title='bbox 3313 1750 3491 1814; x_wconf 78' lang='lat' dir='ltr'><strong><em>etidm</em></strong></span> <span class='ocrx_word' id='word_1_254' title='bbox 3530 1772 3642 1833; x_wconf 85' lang='lat' dir='ltr'><strong><em>per</em></strong></span> 
     </span>
    </p>
   </div>
   <div class='ocr_carea' id='block_1_22' title="bbox 319 1828 1857 1911">
    <p class='ocr_par' dir='ltr' id='par_1_22' title="bbox 319 1828 1857 1911">
     <span class='ocr_line' id='line_1_25' title="bbox 319 1828 1857 1911; baseline 0.002 -22"><span class='ocrx_word' id='word_1_255' title='bbox 319 1828 676 1911; x_wconf 79' lang='lat' dir='ltr'><strong><em>impossibile</em></strong></span> <span class='ocrx_word' id='word_1_256' title='bbox 701 1828 1079 1911; x_wconf 84' lang='lat' dir='ltr'><strong><em>supponenda</em></strong></span> <span class='ocrx_word' id='word_1_257' title='bbox 1109 1848 1351 1892; x_wconf 88' lang='lat' dir='ltr'><strong><em>arenam</em></strong></span> <span class='ocrx_word' id='word_1_258' title='bbox 1391 1850 1506 1893; x_wconf 88' lang='lat' dir='ltr'><strong><em>esse</em></strong></span> <span class='ocrx_word' id='word_1_259' title='bbox 1537 1828 1857 1911; x_wconf 76' lang='lat' dir='ltr'><strong><em>inﬁnitam.</em></strong></span> 
     </span>
    </p>
   </div>
   <div class='ocr_carea' id='block_1_23' title="bbox 888 1991 1244 2043">
    <p class='ocr_par' dir='ltr' id='par_1_23' title="bbox 888 1991 1244 2043">
     <span class='ocr_line' id='line_1_26' title="bbox 888 1991 1244 2043; baseline 0.006 -2"><span class='ocrx_word' id='word_1_260' title='bbox 888 1991 1143 2043; x_wconf 81' lang='grc' dir='ltr'><strong><em>ΚΕΦΔΛ.</em></strong></span> <span class='ocrx_word' id='word_1_261' title='bbox 1186 1992 1244 2043; x_wconf 88' lang='grc' dir='ltr'><strong><em>Ρ.</em></strong></span> 
     </span>
    </p>
   </div>
   <div class='ocr_carea' id='block_1_24' title="bbox 846 2073 1264 2151">
    <p class='ocr_par' dir='ltr' id='par_1_24' title="bbox 846 2073 1264 2151">
     <span class='ocr_line' id='line_1_27' title="bbox 846 2073 1264 2151; baseline 0 -21"><span class='ocrx_word' id='word_1_262' title='bbox 846 2073 978 2151; x_wconf 79' lang='grc' dir='ltr'>Περὶ</span> <span class='ocrx_word' id='word_1_263' title='bbox 1016 2073 1264 2149; x_wconf 77' lang='grc' dir='ltr'>ἀπείρου.</span> 
     </span>
    </p>
   </div>
   <div class='ocr_carea' id='block_1_25' title="bbox 295 2158 1886 2239">
    <p class='ocr_par' dir='ltr' id='par_1_25' title="bbox 295 2158 1886 2239">
     <span class='ocr_line' id='line_1_28' title="bbox 295 2158 1886 2239; baseline 0.001 -22"><span class='ocrx_word' id='word_1_264' title='bbox 295 2168 373 2217; x_wconf 91' lang='grc' dir='ltr'>α’.</span> <span class='ocrx_word' id='word_1_265' title='bbox 432 2162 505 2217; x_wconf 74' lang='grc' dir='ltr'><strong><em>Τὸ</em></strong></span> <span class='ocrx_word' id='word_1_266' title='bbox 562 2158 784 2238; x_wconf 72' lang='grc' dir='ltr'>ἄπειρον</span> <span class='ocrx_word' id='word_1_267' title='bbox 840 2160 1052 2238; x_wconf 69' lang='grc' dir='ltr'>λέγεται</span> <span class='ocrx_word' id='word_1_268' title='bbox 1103 2167 1406 2238; x_wconf 80' lang='grc' dir='ltr'>πενταχῶς’</span> <span class='ocrx_word' id='word_1_269' title='bbox 1457 2158 1551 2218; x_wconf 69' lang='grc' dir='ltr'>ἕνα</span> <span class='ocrx_word' id='word_1_270' title='bbox 1611 2164 1703 2236; x_wconf 73' lang='grc' dir='ltr'>μὲν</span> <span class='ocrx_word' id='word_1_271' title='bbox 1755 2162 1886 2239; x_wconf 89' lang='grc' dir='ltr'>τρό-</span> 
     </span>
    </p>
   </div>
   <div class='ocr_carea' id='block_1_26' title="bbox 220 2249 1883 2327">
    <p class='ocr_par' dir='ltr' id='par_1_26' title="bbox 220 2249 1883 2327">
     <span class='ocr_line' id='line_1_29' title="bbox 220 2249 1883 2327; baseline 0 -21"><span class='ocrx_word' id='word_1_272' title='bbox 220 2270 328 2306; x_wconf 97' lang='grc' dir='ltr'><strong><em>πον</em></strong></span> <span class='ocrx_word' id='word_1_273' title='bbox 387 2250 453 2306; x_wconf 81' lang='grc' dir='ltr'><strong><em>τὸ</em></strong></span> <span class='ocrx_word' id='word_1_274' title='bbox 508 2251 708 2325; x_wconf 72' lang='grc' dir='ltr'>ἀμερὲς</span> <span class='ocrx_word' id='word_1_275' title='bbox 757 2272 815 2306; x_wconf 91' lang='grc' dir='ltr'><strong><em>τε</em></strong></span> <span class='ocrx_word' id='word_1_276' title='bbox 870 2253 958 2307; x_wconf 70' lang='grc' dir='ltr'><strong><em>καὶ</em></strong></span> <span class='ocrx_word' id='word_1_277' title='bbox 1021 2249 1243 2310; x_wconf 79' lang='grc' dir='ltr'>ἄποσον.</span> <span class='ocrx_word' id='word_1_278' title='bbox 1276 2252 1352 2313; x_wconf 88' lang='grc' dir='ltr'>ὡς</span> <span class='ocrx_word' id='word_1_279' title='bbox 1393 2250 1444 2306; x_wconf 77' lang='grc' dir='ltr'><strong><em>ἐν</em></strong></span> <span class='ocrx_word' id='word_1_280' title='bbox 1497 2255 1730 2327; x_wconf 82' lang='grc' dir='ltr'>γραμμῇ</span> <span class='ocrx_word' id='word_1_281' title='bbox 1785 2273 1883 2322; x_wconf 86' lang='grc' dir='ltr'><strong><em>ση-</em></strong></span> 
     </span>
    </p>
   </div>
   <div class='ocr_carea' id='block_1_27' title="bbox 226 2340 1874 2417">
    <p class='ocr_par' dir='ltr' id='par_1_27' title="bbox 226 2340 1874 2417">
     <span class='ocr_line' id='line_1_30' title="bbox 226 2340 1874 2417; baseline 0.001 -23"><span class='ocrx_word' id='word_1_282' title='bbox 226 2344 409 2413; x_wconf 76' lang='grc' dir='ltr'>μεῖον.</span> <span class='ocrx_word' id='word_1_283' title='bbox 442 2341 618 2414; x_wconf 78' lang='grc' dir='ltr'>Πὲρας</span> <span class='ocrx_word' id='word_1_284' title='bbox 650 2341 744 2414; x_wconf 72' lang='grc' dir='ltr'>μὲν</span> <span class='ocrx_word' id='word_1_285' title='bbox 784 2340 886 2417; x_wconf 74' lang='grc' dir='ltr'><strong><em>γάρ</em></strong></span> <span class='ocrx_word' id='word_1_286' title='bbox 930 2341 1157 2416; x_wconf 83' lang='grc' dir='ltr'>ὑκάρχει</span> <span class='ocrx_word' id='word_1_287' title='bbox 1187 2347 1451 2417; x_wconf 84' lang='grc' dir='ltr'>γραμμῆς</span> <span class='ocrx_word' id='word_1_288' title='bbox 1506 2341 1569 2395; x_wconf 88' lang='grc' dir='ltr'><strong><em>τὸ</em></strong></span> <span class='ocrx_word' id='word_1_289' title='bbox 1627 2345 1874 2414; x_wconf 83' lang='grc' dir='ltr'>σημεῖον.</span> 
     </span>
    </p>
   </div>
   <div class='ocr_carea' id='block_1_28' title="bbox 217 2425 1879 2505">
    <p class='ocr_par' dir='ltr' id='par_1_28' title="bbox 217 2425 1879 2505">
     <span class='ocr_line' id='line_1_31' title="bbox 217 2425 1879 2505; baseline -0.002 -20"><span class='ocrx_word' id='word_1_290' title='bbox 217 2427 368 2485; x_wconf 78' lang='grc' dir='ltr'>Αὐτὸ</span> <span class='ocrx_word' id='word_1_291' title='bbox 430 2426 488 2483; x_wconf 72' lang='grc' dir='ltr'>δὲ</span> <span class='ocrx_word' id='word_1_292' title='bbox 539 2429 605 2484; x_wconf 84' lang='grc' dir='ltr'><strong><em>τὸ</em></strong></span> <span class='ocrx_word' id='word_1_293' title='bbox 660 2434 889 2503; x_wconf 83' lang='grc' dir='ltr'>σημεῖον</span> <span class='ocrx_word' id='word_1_294' title='bbox 970 2425 1106 2484; x_wconf 70' lang='grc' dir='ltr'>ξ’διον</span> <span class='ocrx_word' id='word_1_295' title='bbox 1164 2427 1331 2505; x_wconf 78' lang='grc' dir='ltr'>πὲρας</span> <span class='ocrx_word' id='word_1_296' title='bbox 1390 2428 1490 2484; x_wconf 82' lang='grc' dir='ltr'><strong><em>οὐκ</em></strong></span> <span class='ocrx_word' id='word_1_297' title='bbox 1547 2426 1685 2504; x_wconf 78' lang='grc' dir='ltr'>ἔχει,</span> <span class='ocrx_word' id='word_1_298' title='bbox 1740 2426 1879 2483; x_wconf 84' lang='grc' dir='ltr'><strong>διότι</strong></span> 
     </span>
    </p>
   </div>
   <div class='ocr_carea' id='block_1_29' title="bbox 224 2514 1876 2595">
    <p class='ocr_par' dir='ltr' id='par_1_29' title="bbox 224 2514 1876 2595">
     <span class='ocr_line' id='line_1_32' title="bbox 224 2514 1876 2595; baseline -0.001 -23"><span class='ocrx_word' id='word_1_299' title='bbox 224 2514 374 2591; x_wconf 78' lang='grc' dir='ltr'>μηδὲ</span> <span class='ocrx_word' id='word_1_300' title='bbox 426 2516 588 2595; x_wconf 75' lang='grc' dir='ltr'>μέρος</span> <span class='ocrx_word' id='word_1_301' title='bbox 635 2518 698 2573; x_wconf 88' lang='grc' dir='ltr'><strong><em>τὸ</em></strong></span> <span class='ocrx_word' id='word_1_302' title='bbox 750 2517 984 2573; x_wconf 79' lang='grc' dir='ltr'>οἷονοῦν.</span> <span class='ocrx_word' id='word_1_303' title='bbox 1034 2518 1188 2573; x_wconf 90' lang='grc' dir='ltr'>Ὅθεν</span> <span class='ocrx_word' id='word_1_304' title='bbox 1238 2516 1328 2578; x_wconf 81' lang='grc' dir='ltr'><strong><em>καὶ</em></strong></span> <span class='ocrx_word' id='word_1_305' title='bbox 1378 2516 1579 2594; x_wconf 75' lang='grc' dir='ltr'>ὅσαπερ</span> <span class='ocrx_word' id='word_1_306' title='bbox 1640 2517 1698 2572; x_wconf 75' lang='grc' dir='ltr'>ἂν</span> <span class='ocrx_word' id='word_1_307' title='bbox 1758 2539 1876 2572; x_wconf 89' lang='grc' dir='ltr'>συν-</span> 
     </span>
    </p>
   </div>
   <div class='ocr_carea' id='block_1_30' title="bbox 220 2603 1880 2682">
    <p class='ocr_par' dir='ltr' id='par_1_30' title="bbox 220 2603 1880 2682">
     <span class='ocr_line' id='line_1_33' title="bbox 220 2603 1880 2682; baseline 0.001 -23"><span class='ocrx_word' id='word_1_308' title='bbox 220 2604 377 2669; x_wconf 74' lang='grc' dir='ltr'>έλθοι</span> <span class='ocrx_word' id='word_1_309' title='bbox 453 2610 673 2677; x_wconf 86' lang='grc' dir='ltr'>σημεῖα,</span> <span class='ocrx_word' id='word_1_310' title='bbox 755 2605 949 2681; x_wconf 89' lang='grc' dir='ltr'>μόριον</span> <span class='ocrx_word' id='word_1_311' title='bbox 1032 2605 1132 2661; x_wconf 81' lang='grc' dir='ltr'>οὐκ</span> <span class='ocrx_word' id='word_1_312' title='bbox 1213 2603 1529 2661; x_wconf 74' lang='grc' dir='ltr'><strong><em>ἀποτελέσει</em></strong></span> <span class='ocrx_word' id='word_1_313' title='bbox 1615 2609 1880 2682; x_wconf 82' lang='grc' dir='ltr'><strong><em>γραμμῆς</em></strong></span> 
     </span>
    </p>
   </div>
   <div class='ocr_carea' id='block_1_31' title="bbox 223 2691 1880 2770">
    <p class='ocr_par' dir='ltr' id='par_1_31' title="bbox 223 2691 1880 2770">
     <span class='ocr_line' id='line_1_34' title="bbox 223 2691 1880 2770; baseline -0.001 -21"><span class='ocrx_word' id='word_1_314' title='bbox 223 2691 355 2749; x_wconf 70' lang='grc' dir='ltr'>οὐδὲ</span> <span class='ocrx_word' id='word_1_315' title='bbox 400 2693 790 2770; x_wconf 68' lang='grc' dir='ltr'>τούλάχιστονο</span> <span class='ocrx_word' id='word_1_316' title='bbox 850 2694 1067 2770; x_wconf 80' lang='grc' dir='ltr'>ἐπείπερ</span> <span class='ocrx_word' id='word_1_317' title='bbox 1131 2691 1243 2748; x_wconf 84' lang='grc' dir='ltr'>οὐδ’</span> <span class='ocrx_word' id='word_1_318' title='bbox 1295 2693 1561 2765; x_wconf 78' lang='grc' dir='ltr'>ἀλλήλων</span> <span class='ocrx_word' id='word_1_319' title='bbox 1622 2696 1880 2749; x_wconf 80' lang='grc' dir='ltr'>ἅπτεσθαι</span> 
     </span>
    </p>
   </div>
   <div class='ocr_carea' id='block_1_32' title="bbox 220 2779 1879 2861">
    <p class='ocr_par' dir='ltr' id='par_1_32' title="bbox 220 2779 1879 2861">
     <span class='ocr_line' id='line_1_35' title="bbox 220 2779 1879 2861; baseline -0.001 -23"><span class='ocrx_word' id='word_1_320' title='bbox 220 2779 464 2854; x_wconf 69' lang='grc' dir='ltr'>δύναται,</span> <span class='ocrx_word' id='word_1_321' title='bbox 496 2781 625 2838; x_wconf 87' lang='grc' dir='ltr'>ἀλλ’</span> <span class='ocrx_word' id='word_1_322' title='bbox 668 2782 964 2861; x_wconf 76' lang='grc' dir='ltr'>ἐφαρμόζει</span> <span class='ocrx_word' id='word_1_323' title='bbox 1013 2782 1079 2837; x_wconf 73' lang='grc' dir='ltr'>τὰ</span> <span class='ocrx_word' id='word_1_324' title='bbox 1108 2782 1301 2837; x_wconf 86' lang='grc' dir='ltr'>πάντα.</span> <span class='ocrx_word' id='word_1_325' title='bbox 1335 2785 1410 2837; x_wconf 80' lang='grc' dir='ltr'>Τά</span> <span class='ocrx_word' id='word_1_326' title='bbox 1467 2782 1568 2858; x_wconf 75' lang='grc' dir='ltr'><strong><em>γὰρ</em></strong></span> <span class='ocrx_word' id='word_1_327' title='bbox 1602 2782 1879 2856; x_wconf 83' lang='grc' dir='ltr'><strong><em>ἁπτόμενα</em></strong></span> 
     </span>
    </p>
   </div>
   <div class='ocr_carea' id='block_1_33' title="bbox 221 2868 1877 2948">
    <p class='ocr_par' dir='ltr' id='par_1_33' title="bbox 221 2868 1877 2948">
     <span class='ocr_line' id='line_1_36' title="bbox 221 2868 1877 2948; baseline -0.002 -21"><span class='ocrx_word' id='word_1_328' title='bbox 221 2872 361 2927; x_wconf 82' lang='grc' dir='ltr'><strong><em>κατά</em></strong></span> <span class='ocrx_word' id='word_1_329' title='bbox 406 2870 611 2948; x_wconf 69' lang='grc' dir='ltr'>πέρατα</span> <span class='ocrx_word' id='word_1_330' title='bbox 640 2872 917 2927; x_wconf 79' lang='grc' dir='ltr'>ἅπτονται.</span> <span class='ocrx_word' id='word_1_331' title='bbox 952 2873 1049 2926; x_wconf 83' lang='grc' dir='ltr'>Ὧν</span> <span class='ocrx_word' id='word_1_332' title='bbox 1091 2868 1150 2925; x_wconf 76' lang='grc' dir='ltr'>δὲ</span> <span class='ocrx_word' id='word_1_333' title='bbox 1183 2870 1347 2947; x_wconf 70' lang='grc' dir='ltr'>μέρος</span> <span class='ocrx_word' id='word_1_334' title='bbox 1379 2870 1553 2933; x_wconf 76' lang='grc' dir='ltr'>οὐθὲν,</span> <span class='ocrx_word' id='word_1_335' title='bbox 1589 2869 1759 2940; x_wconf 78' lang='grc' dir='ltr'>δῆλον</span> <span class='ocrx_word' id='word_1_336' title='bbox 1794 2870 1877 2925; x_wconf 77' lang='grc' dir='ltr'><strong><em>ὅτι</em></strong></span> 
     </span>
    </p>
   </div>
   <div class='ocr_carea' id='block_1_34' title="bbox 225 2956 1878 3037">
    <p class='ocr_par' dir='ltr' id='par_1_34' title="bbox 225 2956 1878 3037">
     <span class='ocr_line' id='line_1_37' title="bbox 225 2956 1878 3037; baseline -0.001 -23"><span class='ocrx_word' id='word_1_337' title='bbox 225 2959 316 3014; x_wconf 83' lang='grc' dir='ltr'><strong><em>καὶ</em></strong></span> <span class='ocrx_word' id='word_1_338' title='bbox 349 2961 519 3037; x_wconf 69' lang='grc' dir='ltr'>πέρας</span> <span class='ocrx_word' id='word_1_339' title='bbox 551 2960 725 3024; x_wconf 76' lang='grc' dir='ltr'>οὐθὲν·</span> <span class='ocrx_word' id='word_1_340' title='bbox 762 2960 844 3022; x_wconf 79' lang='grc' dir='ltr'>οἷς</span> <span class='ocrx_word' id='word_1_341' title='bbox 876 2956 935 3014; x_wconf 75' lang='grc' dir='ltr'>δὲ</span> <span class='ocrx_word' id='word_1_342' title='bbox 969 2961 1045 3033; x_wconf 82' lang='grc' dir='ltr'>μὴ</span> <span class='ocrx_word' id='word_1_343' title='bbox 1079 2957 1190 3013; x_wconf 83' lang='grc' dir='ltr'>ἔστι</span> <span class='ocrx_word' id='word_1_344' title='bbox 1219 2959 1409 3033; x_wconf 69' lang='grc' dir='ltr'>πέρας,</span> <span class='ocrx_word' id='word_1_345' title='bbox 1442 2958 1567 3013; x_wconf 74' lang='grc' dir='ltr'>οὐδὲ</span> <span class='ocrx_word' id='word_1_346' title='bbox 1593 2959 1656 3014; x_wconf 75' lang='grc' dir='ltr'>τὸ</span> <span class='ocrx_word' id='word_1_347' title='bbox 1715 2961 1878 3014; x_wconf 82' lang='grc' dir='ltr'>ἅπτε-</span> 
     </span>
    </p>
   </div>
   <div class='ocr_carea' id='block_1_35' title="bbox 227 3037 1875 3125">
    <p class='ocr_par' dir='ltr' id='par_1_35' title="bbox 227 3037 1875 3125">
     <span class='ocr_line' id='line_1_38' title="bbox 227 3037 1875 3125; baseline 0 -22"><span class='ocrx_word' id='word_1_348' title='bbox 227 3050 366 3103; x_wconf 86' lang='grc' dir='ltr'>σθαι.</span> <span class='ocrx_word' id='word_1_349' title='bbox 428 3050 722 3104; x_wconf 76' lang='grc' dir='ltr'>’Ἀπτεσθαι</span> <span class='ocrx_word' id='word_1_350' title='bbox 756 3037 885 3125; x_wconf 58' lang='grc' dir='ltr'><strong><em>’γὰρ</em></strong></span> <span class='ocrx_word' id='word_1_351' title='bbox 943 3046 1215 3125; x_wconf 75' lang='grc' dir='ltr'>λέγονται,</span> <span class='ocrx_word' id='word_1_352' title='bbox 1244 3049 1317 3102; x_wconf 83' lang='grc' dir='ltr'><strong><em>ὧν</em></strong></span> <span class='ocrx_word' id='word_1_353' title='bbox 1378 3048 1490 3121; x_wconf 81' lang='grc' dir='ltr'><strong><em>ἅμα</em></strong></span> <span class='ocrx_word' id='word_1_354' title='bbox 1536 3049 1602 3102; x_wconf 76' lang='grc' dir='ltr'>τὰ</span> <span class='ocrx_word' id='word_1_355' title='bbox 1650 3048 1875 3123; x_wconf 73' lang='grc' dir='ltr'>πέρατα.</span> 
     </span>
    </p>
   </div>
   <div class='ocr_carea' id='block_1_36' title="bbox 229 3134 1875 3213">
    <p class='ocr_par' dir='ltr' id='par_1_36' title="bbox 229 3134 1875 3213">
     <span class='ocr_line' id='line_1_39' title="bbox 229 3134 1875 3213; baseline -0.002 -21"><span class='ocrx_word' id='word_1_356' title='bbox 229 3139 321 3192; x_wconf 85' lang='grc' dir='ltr'><strong><em>Ὃν</em></strong></span> <span class='ocrx_word' id='word_1_357' title='bbox 355 3134 415 3192; x_wconf 77' lang='grc' dir='ltr'>δὲ</span> <span class='ocrx_word' id='word_1_358' title='bbox 443 3136 610 3213; x_wconf 87' lang='grc' dir='ltr'>λόγον</span> <span class='ocrx_word' id='word_1_359' title='bbox 643 3134 757 3213; x_wconf 83' lang='grc' dir='ltr'>ἔχει</span> <span class='ocrx_word' id='word_1_360' title='bbox 813 3138 878 3192; x_wconf 87' lang='grc' dir='ltr'><strong><em>τὸ</em></strong></span> <span class='ocrx_word' id='word_1_361' title='bbox 916 3142 1144 3210; x_wconf 83' lang='grc' dir='ltr'>σημεῖον</span> <span class='ocrx_word' id='word_1_362' title='bbox 1200 3135 1252 3191; x_wconf 78' lang='grc' dir='ltr'>ἐν</span> <span class='ocrx_word' id='word_1_363' title='bbox 1286 3140 1542 3213; x_wconf 81' lang='grc' dir='ltr'>γραμμῇ,</span> <span class='ocrx_word' id='word_1_364' title='bbox 1573 3137 1665 3191; x_wconf 83' lang='grc' dir='ltr'><strong><em>τὸν</em></strong></span> <span class='ocrx_word' id='word_1_365' title='bbox 1717 3137 1875 3191; x_wconf 80' lang='grc' dir='ltr'>αὐτὸν</span> 
     </span>
    </p>
   </div>
   <div class='ocr_carea' id='block_1_37' title="bbox 231 3223 1875 3303">
    <p class='ocr_par' dir='ltr' id='par_1_37' title="bbox 231 3223 1875 3303">
     <span class='ocr_line' id='line_1_40' title="bbox 231 3223 1875 3303; baseline 0.001 -24"><span class='ocrx_word' id='word_1_366' title='bbox 231 3224 285 3280; x_wconf 77' lang='grc' dir='ltr'><strong><em>ἐν</em></strong></span> <span class='ocrx_word' id='word_1_367' title='bbox 366 3225 555 3303; x_wconf 85' lang='grc' dir='ltr'>χρόνῳ</span> <span class='ocrx_word' id='word_1_368' title='bbox 626 3224 690 3281; x_wconf 78' lang='grc' dir='ltr'>τὸ</span> <span class='ocrx_word' id='word_1_369' title='bbox 765 3232 917 3297; x_wconf 89' lang='grc' dir='ltr'><strong><em>ΝΥΝ,</em></strong></span> <span class='ocrx_word' id='word_1_370' title='bbox 976 3225 1066 3281; x_wconf 86' lang='grc' dir='ltr'>καὶ</span> <span class='ocrx_word' id='word_1_371' title='bbox 1125 3225 1176 3280; x_wconf 77' lang='grc' dir='ltr'><strong><em>ἐν</em></strong></span> <span class='ocrx_word' id='word_1_372' title='bbox 1239 3228 1447 3296; x_wconf 78' lang='grc' dir='ltr'>κινήσει</span> <span class='ocrx_word' id='word_1_373' title='bbox 1520 3225 1583 3280; x_wconf 86' lang='grc' dir='ltr'><strong><em>τὸ</em></strong></span> <span class='ocrx_word' id='word_1_374' title='bbox 1646 3223 1875 3298; x_wconf 78' lang='grc' dir='ltr'>κίνημα.</span> 
     </span>
    </p>
   </div>
   <div class='ocr_carea' id='block_1_38' title="bbox 226 3313 958 3387">
    <p class='ocr_par' dir='ltr' id='par_1_38' title="bbox 226 3313 958 3387">
     <span class='ocr_line' id='line_1_41' title="bbox 226 3313 958 3387; baseline -0.001 -18"><span class='ocrx_word' id='word_1_375' title='bbox 226 3314 385 3369; x_wconf 79' lang='grc' dir='ltr'>Ὥστε</span> <span class='ocrx_word' id='word_1_376' title='bbox 430 3315 494 3370; x_wconf 88' lang='grc' dir='ltr'><strong><em>τὸ</em></strong></span> <span class='ocrx_word' id='word_1_377' title='bbox 567 3319 816 3387; x_wconf 83' lang='grc' dir='ltr'>σημεῖον.</span> <span class='ocrx_word' id='word_1_378' title='bbox 896 3313 958 3368; x_wconf 89' lang='grc' dir='ltr'><strong><em>τὸ</em></strong></span> 
     </span>
    </p>
   </div>
   <div class='ocr_carea' id='block_1_39' title="bbox 229 3399 1880 3478">
    <p class='ocr_par' dir='ltr' id='par_1_39' title="bbox 229 3399 1880 3478">
     <span class='ocr_line' id='line_1_42' title="bbox 229 3399 1880 3478; baseline 0 -21"><span class='ocrx_word' id='word_1_379' title='bbox 229 3400 427 3478; x_wconf 79' lang='grc' dir='ltr'>ἔχοντα</span> <span class='ocrx_word' id='word_1_380' title='bbox 465 3403 628 3478; x_wconf 65' lang='grc' dir='ltr'>μὲρτῑ,</span> <span class='ocrx_word' id='word_1_381' title='bbox 673 3401 953 3457; x_wconf 77' lang='grc' dir='ltr'>κάντεῦθεν</span> <span class='ocrx_word' id='word_1_382' title='bbox 1014 3399 1155 3475; x_wconf 75' lang='grc' dir='ltr'>μηδὲ</span> <span class='ocrx_word' id='word_1_383' title='bbox 1211 3400 1415 3477; x_wconf 81' lang='grc' dir='ltr'>πὲρατα</span> <span class='ocrx_word' id='word_1_384' title='bbox 1466 3400 1555 3455; x_wconf 79' lang='grc' dir='ltr'><strong><em>διὰ</em></strong></span> <span class='ocrx_word' id='word_1_385' title='bbox 1581 3406 1742 3457; x_wconf 79' lang='grc' dir='ltr'>τοῦτο</span> <span class='ocrx_word' id='word_1_386' title='bbox 1792 3400 1880 3457; x_wconf 83' lang='grc' dir='ltr'><strong><em>λέ-</em></strong></span> 
     </span>
    </p>
   </div>
   <div class='ocr_carea' id='block_1_40' title="bbox 227 3487 1568 3566">
    <p class='ocr_par' dir='ltr' id='par_1_40' title="bbox 227 3487 1568 3566">
     <span class='ocr_line' id='line_1_43' title="bbox 227 3487 1568 3566; baseline 0 -21"><span class='ocrx_word' id='word_1_387' title='bbox 227 3510 411 3566; x_wconf 86' lang='grc' dir='ltr'>γονται</span> <span class='ocrx_word' id='word_1_388' title='bbox 447 3487 661 3566; x_wconf 79' lang='grc' dir='ltr'>ἄπειρα,</span> <span class='ocrx_word' id='word_1_389' title='bbox 692 3490 890 3545; x_wconf 86' lang='grc' dir='ltr'>ταυτὸν</span> <span class='ocrx_word' id='word_1_390' title='bbox 924 3487 970 3544; x_wconf 81' lang='grc' dir='ltr'>δ’</span> <span class='ocrx_word' id='word_1_391' title='bbox 1002 3490 1192 3562; x_wconf 73' lang='grc' dir='ltr'>εἲπεῖν,</span> <span class='ocrx_word' id='word_1_392' title='bbox 1227 3490 1568 3564; x_wconf 83' lang='grc' dir='ltr'>ἇπεράτωτα.</span> 
     </span>
    </p>
   </div>
   <div class='ocr_carea' id='block_1_41' title="bbox 1914 1993 1968 2058">
    <p class='ocr_par' dir='ltr' id='par_1_41' title="bbox 1914 1993 1968 2058">
     <span class='ocr_line' id='line_1_44' title="bbox 1914 1993 1968 2058; baseline 0 0"><span class='ocrx_word' id='word_1_393' title='bbox 1914 1993 1968 2058; x_wconf 87' lang='grc' dir='ltr'><strong>Α</strong></span> 
     </span>
    </p>
   </div>
   <div class='ocr_carea' id='block_1_42' title="bbox 2652 1993 2987 2050">
    <p class='ocr_par' dir='ltr' id='par_1_42' title="bbox 2652 1993 2987 2050">
     <span class='ocr_line' id='line_1_45' title="bbox 2652 1993 2987 2050; baseline -0.006 0"><span class='ocrx_word' id='word_1_394' title='bbox 2652 1993 2882 2050; x_wconf 88' lang='lat' dir='ltr'><strong><em>CAPUT</em></strong></span> <span class='ocrx_word' id='word_1_395' title='bbox 2920 1994 2987 2049; x_wconf 90' lang='lat' dir='ltr'><strong><em>X.</em></strong></span> 
     </span>
    </p>
   </div>
   <div class='ocr_carea' id='block_1_43' title="bbox 2636 2082 2999 2151">
    <p class='ocr_par' dir='ltr' id='par_1_43' title="bbox 2636 2082 2999 2151">
     <span class='ocr_line' id='line_1_46' title="bbox 2636 2082 2999 2151; baseline 0 -15"><span class='ocrx_word' id='word_1_396' title='bbox 2636 2083 2710 2137; x_wconf 91' lang='lat' dir='ltr'><em>De</em></span> <span class='ocrx_word' id='word_1_397' title='bbox 2755 2082 2999 2151; x_wconf 85' lang='lat' dir='ltr'><strong><em>inﬁnito.</em></strong></span> 
     </span>
    </p>
   </div>
   <div class='ocr_carea' id='block_1_44' title="bbox 2069 2169 3641 2245">
    <p class='ocr_par' dir='ltr' id='par_1_44' title="bbox 2069 2169 3641 2245">
     <span class='ocr_line' id='line_1_47' title="bbox 2069 2169 3641 2245; baseline 0.002 -21"><span class='ocrx_word' id='word_1_398' title='bbox 2069 2171 2119 2226; x_wconf 92' lang='grc'><strong><em>1.</em></strong></span> <span class='ocrx_word' id='word_1_399' title='bbox 2155 2169 2457 2226; x_wconf 84' lang='lat' dir='ltr'><strong><em>Infinitum</em></strong></span> <span class='ocrx_word' id='word_1_400' title='bbox 2491 2170 2754 2243; x_wconf 89' lang='lat' dir='ltr'><strong><em>quinque</em></strong></span> <span class='ocrx_word' id='word_1_401' title='bbox 2784 2170 2973 2227; x_wconf 88' lang='lat' dir='ltr'><strong><em>modis</em></strong></span> <span class='ocrx_word' id='word_1_402' title='bbox 3002 2170 3217 2227; x_wconf 91' lang='lat' dir='ltr'><strong><em>dicitur</em></strong></span> <span class='ocrx_word' id='word_1_403' title='bbox 3244 2172 3309 2227; x_wconf 70' lang='lat'><strong><em>’9.</em></strong></span> <span class='ocrx_word' id='word_1_404' title='bbox 3343 2171 3469 2228; x_wconf 91' lang='lat' dir='ltr'><strong><em>Uno</em></strong></span> <span class='ocrx_word' id='word_1_405' title='bbox 3514 2172 3641 2245; x_wconf 87' lang='lat' dir='ltr'><strong><em>qui-</em></strong></span> 
     </span>
    </p>
   </div>
   <div class='ocr_carea' id='block_1_45' title="bbox 1995 2258 3638 2331">
    <p class='ocr_par' dir='ltr' id='par_1_45' title="bbox 1995 2258 3638 2331">
     <span class='ocr_line' id='line_1_48' title="bbox 1995 2258 3638 2331; baseline 0.002 -18"><span class='ocrx_word' id='word_1_406' title='bbox 1995 2258 2127 2313; x_wconf 85' lang='lat' dir='ltr'><strong><em>dem</em></strong></span> <span class='ocrx_word' id='word_1_407' title='bbox 2161 2258 2355 2325; x_wconf 91' lang='lat' dir='ltr'><strong><em>modo,</em></strong></span> <span class='ocrx_word' id='word_1_408' title='bbox 2389 2259 2542 2331; x_wconf 89' lang='lat' dir='ltr'><strong><em>quod</em></strong></span> <span class='ocrx_word' id='word_1_409' title='bbox 2575 2258 2831 2330; x_wconf 82' lang='lat' dir='ltr'><strong><em>partium</em></strong></span> <span class='ocrx_word' id='word_1_410' title='bbox 2861 2262 2919 2314; x_wconf 90' lang='lat' dir='ltr'><strong><em>et</em></strong></span> <span class='ocrx_word' id='word_1_411' title='bbox 2938 2259 3283 2330; x_wconf 79' lang='lat' dir='ltr'><strong><em>quantitatis</em></strong></span> <span class='ocrx_word' id='word_1_412' title='bbox 3304 2276 3508 2331; x_wconf 83' lang='lat' dir='ltr'><strong><em>expers</em></strong></span> <span class='ocrx_word' id='word_1_413' title='bbox 3529 2265 3638 2328; x_wconf 89' lang='lat' dir='ltr'><strong><em>est,</em></strong></span> 
     </span>
    </p>
   </div>
   <div class='ocr_carea' id='block_1_46' title="bbox 1995 2345 3639 2419">
    <p class='ocr_par' dir='ltr' id='par_1_46' title="bbox 1995 2345 3639 2419">
     <span class='ocr_line' id='line_1_49' title="bbox 1995 2345 3639 2419; baseline 0.002 -18"><span class='ocrx_word' id='word_1_414' title='bbox 1995 2350 2063 2401; x_wconf 88' lang='lat' dir='ltr'><strong><em>ut</em></strong></span> <span class='ocrx_word' id='word_1_415' title='bbox 2091 2350 2376 2417; x_wconf 89' lang='lat' dir='ltr'><strong><em>punctum</em></strong></span> <span class='ocrx_word' id='word_1_416' title='bbox 2408 2346 2467 2401; x_wconf 91' lang='lat' dir='ltr'><strong><em>in</em></strong></span> <span class='ocrx_word' id='word_1_417' title='bbox 2498 2345 2672 2403; x_wconf 90' lang='lat' dir='ltr'><strong><em>linea.</em></strong></span> <span class='ocrx_word' id='word_1_418' title='bbox 2726 2346 2947 2418; x_wconf 90' lang='lat' dir='ltr'><strong><em>Quippe</em></strong></span> <span class='ocrx_word' id='word_1_419' title='bbox 2994 2352 3283 2419; x_wconf 89' lang='lat' dir='ltr'><strong><em>punctum</em></strong></span> <span class='ocrx_word' id='word_1_420' title='bbox 3336 2345 3501 2404; x_wconf 69' lang='lat' dir='ltr'><strong><em>lineae</em></strong></span> <span class='ocrx_word' id='word_1_421' title='bbox 3550 2353 3639 2405; x_wconf 89' lang='lat' dir='ltr'><strong><em>est</em></strong></span> 
     </span>
    </p>
   </div>
   <div class='ocr_carea' id='block_1_47' title="bbox 1993 2434 3633 2507">
    <p class='ocr_par' dir='ltr' id='par_1_47' title="bbox 1993 2434 3633 2507">
     <span class='ocr_line' id='line_1_50' title="bbox 1993 2434 3633 2507; baseline 0.002 -18"><span class='ocrx_word' id='word_1_422' title='bbox 1993 2434 2347 2490; x_wconf 85' lang='lat' dir='ltr'><strong><em>extremitas.</em></strong></span> <span class='ocrx_word' id='word_1_423' title='bbox 2406 2435 2582 2507; x_wconf 83' lang='lat' dir='ltr'><strong><em>Atqui</em></strong></span> <span class='ocrx_word' id='word_1_424' title='bbox 2629 2434 2827 2507; x_wconf 90' lang='lat' dir='ltr'><strong><em>ipsum</em></strong></span> <span class='ocrx_word' id='word_1_425' title='bbox 2877 2438 3158 2505; x_wconf 90' lang='lat' dir='ltr'><strong><em>punctum</em></strong></span> <span class='ocrx_word' id='word_1_426' title='bbox 3207 2436 3633 2492; x_wconf 80' lang='lat' dir='ltr'><strong><em>extremitatem</em></strong></span> 
     </span>
    </p>
   </div>
   <div class='ocr_carea' id='block_1_48' title="bbox 1995 2523 3635 2597">
    <p class='ocr_par' dir='ltr' id='par_1_48' title="bbox 1995 2523 3635 2597">
     <span class='ocr_line' id='line_1_51' title="bbox 1995 2523 3635 2597; baseline 0.002 -20"><span class='ocrx_word' id='word_1_427' title='bbox 1995 2523 2290 2594; x_wconf 85' lang='lat' dir='ltr'><strong><em>propriam</em></strong></span> <span class='ocrx_word' id='word_1_428' title='bbox 2317 2540 2433 2579; x_wconf 92' lang='lat' dir='ltr'><strong><em>non</em></strong></span> <span class='ocrx_word' id='word_1_429' title='bbox 2465 2523 2661 2591; x_wconf 86' lang='lat' dir='ltr'><strong><em>habet,</em></strong></span> <span class='ocrx_word' id='word_1_430' title='bbox 2695 2527 3001 2594; x_wconf 82' lang='lat' dir='ltr'><strong><em>propterea</em></strong></span> <span class='ocrx_word' id='word_1_431' title='bbox 3022 2524 3176 2594; x_wconf 89' lang='lat' dir='ltr'><strong><em>quod</em></strong></span> <span class='ocrx_word' id='word_1_432' title='bbox 3200 2539 3387 2596; x_wconf 91' lang='lat' dir='ltr'><strong><em>neque</em></strong></span> <span class='ocrx_word' id='word_1_433' title='bbox 3409 2529 3635 2597; x_wconf 88' lang='lat' dir='ltr'><strong><em>partem</em></strong></span> 
     </span>
    </p>
   </div>
   <div class='ocr_carea' id='block_1_49' title="bbox 1994 2611 3638 2684">
    <p class='ocr_par' dir='ltr' id='par_1_49' title="bbox 1994 2611 3638 2684">
     <span class='ocr_line' id='line_1_52' title="bbox 1994 2611 3638 2684; baseline 0.002 -19"><span class='ocrx_word' id='word_1_434' title='bbox 1994 2611 2177 2666; x_wconf 88' lang='lat' dir='ltr'><strong><em>ullam</em></strong></span> <span class='ocrx_word' id='word_1_435' title='bbox 2210 2612 2405 2667; x_wconf 80' lang='lat' dir='ltr'><strong><em>habet.</em></strong></span> <span class='ocrx_word' id='word_1_436' title='bbox 2442 2611 2604 2667; x_wconf 90' lang='lat' dir='ltr'><strong><em>Unde</em></strong></span> <span class='ocrx_word' id='word_1_437' title='bbox 2635 2612 2721 2681; x_wconf 83' lang='lat' dir='ltr'><strong><em>fit,</em></strong></span> <span class='ocrx_word' id='word_1_438' title='bbox 2746 2616 2830 2678; x_wconf 91' lang='lat' dir='ltr'><strong><em>ut,</em></strong></span> <span class='ocrx_word' id='word_1_439' title='bbox 2859 2616 3236 2683; x_wconf 85' lang='lat' dir='ltr'><strong><em>quotcunque</em></strong></span> <span class='ocrx_word' id='word_1_440' title='bbox 3257 2629 3398 2668; x_wconf 88' lang='lat' dir='ltr'><strong><em>sane</em></strong></span> <span class='ocrx_word' id='word_1_441' title='bbox 3421 2617 3638 2684; x_wconf 90' lang='lat' dir='ltr'><strong><em>puncta</em></strong></span> 
     </span>
    </p>
   </div>
   <div class='ocr_carea' id='block_1_50' title="bbox 1992 2700 3635 2772">
    <p class='ocr_par' dir='ltr' id='par_1_50' title="bbox 1992 2700 3635 2772">
     <span class='ocr_line' id='line_1_53' title="bbox 1992 2700 3635 2772; baseline 0.002 -18"><span class='ocrx_word' id='word_1_442' title='bbox 1992 2700 2463 2771; x_wconf 87' lang='lat' dir='ltr'><strong><em>congrediantur,</em></strong></span> <span class='ocrx_word' id='word_1_443' title='bbox 2496 2717 2568 2754; x_wconf 90' lang='lat' dir='ltr'><strong><em>ne</em></strong></span> <span class='ocrx_word' id='word_1_444' title='bbox 2617 2700 2926 2755; x_wconf 89' lang='lat' dir='ltr'><strong><em>minimam</em></strong></span> <span class='ocrx_word' id='word_1_445' title='bbox 2978 2705 3176 2756; x_wconf 88' lang='lat' dir='ltr'><strong><em>tamen</em></strong></span> <span class='ocrx_word' id='word_1_446' title='bbox 3226 2705 3451 2772; x_wconf 87' lang='lat' dir='ltr'><strong><em>partem</em></strong></span> <span class='ocrx_word' id='word_1_447' title='bbox 3500 2701 3635 2757; x_wconf 76' lang='lat' dir='ltr'><strong><em>effe-</em></strong></span> 
     </span>
    </p>
   </div>
   <div class='ocr_carea' id='block_1_51' title="bbox 1991 2789 3635 2862">
    <p class='ocr_par' dir='ltr' id='par_1_51' title="bbox 1991 2789 3635 2862">
     <span class='ocr_line' id='line_1_54' title="bbox 1991 2789 3635 2862; baseline 0.001 -19"><span class='ocrx_word' id='word_1_448' title='bbox 1991 2792 2153 2843; x_wconf 88' lang='lat' dir='ltr'><strong><em>ctura</em></strong></span> <span class='ocrx_word' id='word_1_449' title='bbox 2180 2789 2299 2844; x_wconf 89' lang='lat' dir='ltr'><strong><em>sint</em></strong></span> <span class='ocrx_word' id='word_1_450' title='bbox 2324 2808 2337 2857; x_wconf 90' lang='lat'><strong>;</strong></span> <span class='ocrx_word' id='word_1_451' title='bbox 2361 2790 2578 2862; x_wconf 91' lang='lat' dir='ltr'><strong><em>quippe</em></strong></span> <span class='ocrx_word' id='word_1_452' title='bbox 2599 2806 2733 2844; x_wconf 86' lang='lat' dir='ltr'><strong><em>cum</em></strong></span> <span class='ocrx_word' id='word_1_453' title='bbox 2757 2806 2828 2845; x_wconf 91' lang='lat' dir='ltr'><strong><em>ne</em></strong></span> <span class='ocrx_word' id='word_1_454' title='bbox 2850 2789 3087 2862; x_wconf 86' lang='lat' dir='ltr'><strong><em>quidem</em></strong></span> <span class='ocrx_word' id='word_1_455' title='bbox 3119 2789 3368 2845; x_wconf 90' lang='lat' dir='ltr'><strong><em>invicem</em></strong></span> <span class='ocrx_word' id='word_1_456' title='bbox 3415 2807 3476 2845; x_wconf 89' lang='lat' dir='ltr'><strong><em>se</em></strong></span> <span class='ocrx_word' id='word_1_457' title='bbox 3506 2791 3635 2845; x_wconf 82' lang='lat' dir='ltr'><strong><em>tan-</em></strong></span> 
     </span>
    </p>
   </div>
   <div class='ocr_carea' id='block_1_52' title="bbox 1991 2877 3630 2951">
    <p class='ocr_par' dir='ltr' id='par_1_52' title="bbox 1991 2877 3630 2951">
     <span class='ocr_line' id='line_1_55' title="bbox 1991 2877 3630 2951; baseline 0.001 -20"><span class='ocrx_word' id='word_1_458' title='bbox 1991 2894 2123 2949; x_wconf 85' lang='lat' dir='ltr'><strong><em>gere</em></strong></span> <span class='ocrx_word' id='word_1_459' title='bbox 2156 2878 2403 2949; x_wconf 84' lang='lat' dir='ltr'><strong><em>possint,</em></strong></span> <span class='ocrx_word' id='word_1_460' title='bbox 2441 2879 2542 2933; x_wconf 89' lang='lat' dir='ltr'><strong><em>sed</em></strong></span> <span class='ocrx_word' id='word_1_461' title='bbox 2570 2878 2769 2935; x_wconf 83' lang='lat' dir='ltr'><strong><em>omnia</em></strong></span> <span class='ocrx_word' id='word_1_462' title='bbox 2799 2877 2911 2933; x_wconf 90' lang='lat' dir='ltr'><strong><em>sibi</em></strong></span> <span class='ocrx_word' id='word_1_463' title='bbox 2938 2881 3282 2951; x_wconf 88' lang='lat' dir='ltr'><strong><em>congruant.</em></strong></span> <span class='ocrx_word' id='word_1_464' title='bbox 3316 2880 3450 2943; x_wconf 65' lang='lat' dir='ltr'><strong><em>Qum</em></strong></span> <span class='ocrx_word' id='word_1_465' title='bbox 3472 2878 3630 2933; x_wconf 87' lang='lat' dir='ltr'><strong><em>enim</em></strong></span> 
     </span>
    </p>
   </div>
   <div class='ocr_carea' id='block_1_53' title="bbox 1991 2966 3638 3037">
    <p class='ocr_par' dir='ltr' id='par_1_53' title="bbox 1991 2966 3638 3037">
     <span class='ocr_line' id='line_1_56' title="bbox 1991 2966 3638 3037; baseline 0 -17"><span class='ocrx_word' id='word_1_466' title='bbox 1991 2982 2052 3020; x_wconf 89' lang='lat' dir='ltr'><strong><em>se</em></strong></span> <span class='ocrx_word' id='word_1_467' title='bbox 2082 2969 2354 3037; x_wconf 82' lang='lat' dir='ltr'><strong><em>tangunt,</em></strong></span> <span class='ocrx_word' id='word_1_468' title='bbox 2387 2967 2580 3036; x_wconf 86' lang='lat' dir='ltr'><strong><em>quoad</em></strong></span> <span class='ocrx_word' id='word_1_469' title='bbox 2628 2966 3022 3021; x_wconf 84' lang='lat' dir='ltr'><strong><em>extremitates</em></strong></span> <span class='ocrx_word' id='word_1_470' title='bbox 3070 2982 3135 3021; x_wconf 88' lang='lat' dir='ltr'><strong><em>se</em></strong></span> <span class='ocrx_word' id='word_1_471' title='bbox 3182 2968 3451 3037; x_wconf 88' lang='lat' dir='ltr'><strong><em>tangunt.</em></strong></span> <span class='ocrx_word' id='word_1_472' title='bbox 3501 2967 3638 3031; x_wconf 68' lang='lat' dir='ltr'><strong><em>Quae</em></strong></span> 
     </span>
    </p>
   </div>
   <div class='ocr_carea' id='block_1_54' title="bbox 1991 3053 3633 3125">
    <p class='ocr_par' dir='ltr' id='par_1_54' title="bbox 1991 3053 3633 3125">
     <span class='ocr_line' id='line_1_57' title="bbox 1991 3053 3633 3125; baseline 0 -16"><span class='ocrx_word' id='word_1_473' title='bbox 1991 3058 2187 3109; x_wconf 89' lang='lat' dir='ltr'><strong><em>autem</em></strong></span> <span class='ocrx_word' id='word_1_474' title='bbox 2221 3058 2443 3125; x_wconf 89' lang='lat' dir='ltr'><strong><em>partem</em></strong></span> <span class='ocrx_word' id='word_1_475' title='bbox 2474 3053 2697 3109; x_wconf 86' lang='lat' dir='ltr'><strong><em>nullam</em></strong></span> <span class='ocrx_word' id='word_1_476' title='bbox 2729 3054 2970 3119; x_wconf 87' lang='lat' dir='ltr'><strong><em>habent,</em></strong></span> <span class='ocrx_word' id='word_1_477' title='bbox 3015 3071 3083 3109; x_wconf 92' lang='lat' dir='ltr'><strong><em>ea</em></strong></span> <span class='ocrx_word' id='word_1_478' title='bbox 3135 3070 3240 3110; x_wconf 89' lang='lat' dir='ltr'><strong><em>nec</em></strong></span> <span class='ocrx_word' id='word_1_479' title='bbox 3294 3053 3633 3109; x_wconf 84' lang='lat' dir='ltr'><strong><em>extremita-</em></strong></span> 
     </span>
    </p>
   </div>
   <div class='ocr_carea' id='block_1_55' title="bbox 1988 3142 3634 3214">
    <p class='ocr_par' dir='ltr' id='par_1_55' title="bbox 1988 3142 3634 3214">
     <span class='ocr_line' id='line_1_58' title="bbox 1988 3142 3634 3214; baseline -0.001 -16"><span class='ocrx_word' id='word_1_480' title='bbox 1988 3146 2107 3198; x_wconf 88' lang='lat' dir='ltr'><strong><em>tem</em></strong></span> <span class='ocrx_word' id='word_1_481' title='bbox 2150 3142 2364 3197; x_wconf 88' lang='lat' dir='ltr'><strong><em>habere</em></strong></span> <span class='ocrx_word' id='word_1_482' title='bbox 2419 3146 2667 3199; x_wconf 87' lang='lat' dir='ltr'><strong><em>constat.</em></strong></span> <span class='ocrx_word' id='word_1_483' title='bbox 2718 3145 2852 3209; x_wconf 67' lang='lat' dir='ltr'><strong><em>Quae</em></strong></span> <span class='ocrx_word' id='word_1_484' title='bbox 2908 3142 3634 3214; x_wconf 87' lang='lat' dir='ltr'><strong><em>denique-extremitatem</em></strong></span> 
     </span>
    </p>
   </div>
   <div class='ocr_carea' id='block_1_56' title="bbox 1988 3229 3627 3303">
    <p class='ocr_par' dir='ltr' id='par_1_56' title="bbox 1988 3229 3627 3303">
     <span class='ocr_line' id='line_1_59' title="bbox 1988 3229 3627 3303; baseline -0.001 -19"><span class='ocrx_word' id='word_1_485' title='bbox 1988 3247 2103 3284; x_wconf 90' lang='lat' dir='ltr'><strong><em>non</em></strong></span> <span class='ocrx_word' id='word_1_486' title='bbox 2136 3229 2372 3300; x_wconf 88' lang='lat' dir='ltr'><strong><em>habent,</em></strong></span> <span class='ocrx_word' id='word_1_487' title='bbox 2409 3230 2479 3286; x_wconf 91' lang='lat' dir='ltr'><strong><em>iis</em></strong></span> <span class='ocrx_word' id='word_1_488' title='bbox 2504 3246 2575 3286; x_wconf 89' lang='lat' dir='ltr'><strong><em>ne</em></strong></span> <span class='ocrx_word' id='word_1_489' title='bbox 2600 3231 2837 3302; x_wconf 87' lang='lat' dir='ltr'><strong><em>quidem</em></strong></span> <span class='ocrx_word' id='word_1_490' title='bbox 2861 3230 3054 3302; x_wconf 89' lang='lat' dir='ltr'><strong><em>ipsum</em></strong></span> <span class='ocrx_word' id='word_1_491' title='bbox 3079 3236 3317 3303; x_wconf 84' lang='lat' dir='ltr'><strong><em>tangere</em></strong></span> <span class='ocrx_word' id='word_1_492' title='bbox 3339 3229 3627 3285; x_wconf 89' lang='lat' dir='ltr'><strong><em>convenit.</em></strong></span> 
     </span>
    </p>
   </div>
   <div class='ocr_carea' id='block_1_57' title="bbox 1037 3312 1878 3389">
    <p class='ocr_par' dir='ltr' id='par_1_57' title="bbox 1037 3312 1873 3386">
     <span class='ocr_line' id='line_1_60' title="bbox 1037 3312 1873 3386; baseline 0 -18"><span class='ocrx_word' id='word_1_493' title='bbox 1037 3320 1190 3385; x_wconf 84' lang='grc' dir='ltr'><strong><em>ΝΥΝ,</em></strong></span> <span class='ocrx_word' id='word_1_494' title='bbox 1246 3313 1337 3368; x_wconf 86' lang='grc' dir='ltr'><strong><em>καὶ</em></strong></span> <span class='ocrx_word' id='word_1_495' title='bbox 1393 3314 1454 3368; x_wconf 89' lang='grc' dir='ltr'><strong><em>τὸ</em></strong></span> <span class='ocrx_word' id='word_1_496' title='bbox 1509 3312 1733 3386; x_wconf 88' lang='grc' dir='ltr'>κίνημα,</span> <span class='ocrx_word' id='word_1_497' title='bbox 1797 3314 1873 3386; x_wconf 79' lang='grc' dir='ltr'>μὴ</span> 
     </span>
    </p>
   </div>
   <div class='ocr_carea' id='block_1_58' title="bbox 1998 3312 3636 3389">
    <p class='ocr_par' dir='ltr' id='par_1_58' title="bbox 1998 3318 3636 3389">
     <span class='ocr_line' id='line_1_61' title="bbox 1998 3318 3636 3389; baseline -0.001 -17"><span class='ocrx_word' id='word_1_498' title='bbox 1998 3318 2247 3389; x_wconf 86' lang='lat' dir='ltr'><strong><em>I‘angere</em></strong></span> <span class='ocrx_word' id='word_1_499' title='bbox 2276 3320 2431 3374; x_wconf 74' lang='lat'><strong><em>119</em></strong></span> <span class='ocrx_word' id='word_1_500' title='bbox 2464 3318 2618 3373; x_wconf 89' lang='lat' dir='ltr'><strong><em>enim</em></strong></span> <span class='ocrx_word' id='word_1_501' title='bbox 2652 3335 2713 3373; x_wconf 89' lang='lat' dir='ltr'><strong><em>se</em></strong></span> <span class='ocrx_word' id='word_1_502' title='bbox 2763 3318 3041 3373; x_wconf 87' lang='lat' dir='ltr'><strong><em>dicuntur</em></strong></span> <span class='ocrx_word' id='word_1_503' title='bbox 3082 3319 3331 3373; x_wconf 87' lang='lat' dir='ltr'><strong><em>invicem</em></strong></span> <span class='ocrx_word' id='word_1_504' title='bbox 3378 3318 3443 3383; x_wconf 75' lang='grc' dir='ltr'><strong><em>³ο,</em></strong></span> <span class='ocrx_word' id='word_1_505' title='bbox 3492 3333 3636 3389; x_wconf 88' lang='lat' dir='ltr'><strong><em>quo-</em></strong></span> 
     </span>
    </p>
   </div>
   <div class='ocr_carea' id='block_1_59' title="bbox 1991 3403 3637 3477">
    <p class='ocr_par' dir='ltr' id='par_1_59' title="bbox 1991 3403 3637 3477">
     <span class='ocr_line' id='line_1_62' title="bbox 1991 3403 3637 3477; baseline -0.001 -16"><span class='ocrx_word' id='word_1_506' title='bbox 1991 3422 2123 3461; x_wconf 87' lang='lat' dir='ltr'><strong><em>rum</em></strong></span> <span class='ocrx_word' id='word_1_507' title='bbox 2157 3407 2554 3462; x_wconf 82' lang='lat' dir='ltr'><strong><em>extremitates</em></strong></span> <span class='ocrx_word' id='word_1_508' title='bbox 2586 3405 2765 3461; x_wconf 89' lang='lat' dir='ltr'><strong><em>simul</em></strong></span> <span class='ocrx_word' id='word_1_509' title='bbox 2796 3409 2954 3462; x_wconf 90' lang='lat' dir='ltr'><strong><em>sunt.</em></strong></span> <span class='ocrx_word' id='word_1_510' title='bbox 2988 3406 3162 3462; x_wconf 88' lang='lat' dir='ltr'><strong><em>Porro</em></strong></span> <span class='ocrx_word' id='word_1_511' title='bbox 3190 3423 3365 3477; x_wconf 91' lang='lat' dir='ltr'><strong><em>quam</em></strong></span> <span class='ocrx_word' id='word_1_512' title='bbox 3397 3405 3459 3460; x_wconf 90' lang='lat' dir='ltr'><strong><em>in</em></strong></span> <span class='ocrx_word' id='word_1_513' title='bbox 3482 3403 3637 3460; x_wconf 89' lang='lat' dir='ltr'><strong><em>linea</em></strong></span> 
     </span>
    </p>
   </div>
   <div class='ocr_carea' id='block_1_60' title="bbox 1989 3492 3632 3566">
    <p class='ocr_par' dir='ltr' id='par_1_60' title="bbox 1989 3492 3632 3566">
     <span class='ocr_line' id='line_1_63' title="bbox 1989 3492 3632 3566; baseline 0 -18"><span class='ocrx_word' id='word_1_514' title='bbox 1989 3499 2276 3565; x_wconf 90' lang='lat' dir='ltr'><strong><em>punctum</em></strong></span> <span class='ocrx_word' id='word_1_515' title='bbox 2312 3512 2325 3549; x_wconf 91' lang='lat'><strong>:</strong></span> <span class='ocrx_word' id='word_1_516' title='bbox 2358 3511 2484 3550; x_wconf 89' lang='lat' dir='ltr'><strong><em>eam</em></strong></span> <span class='ocrx_word' id='word_1_517' title='bbox 2514 3511 2671 3549; x_wconf 69' lang='lat' dir='ltr'><strong><em>nunc</em></strong></span> <span class='ocrx_word' id='word_1_518' title='bbox 2700 3495 2759 3549; x_wconf 90' lang='lat' dir='ltr'><strong><em>in</em></strong></span> <span class='ocrx_word' id='word_1_519' title='bbox 2812 3502 3088 3566; x_wconf 86' lang='lat' dir='ltr'><strong><em>tempore,</em></strong></span> <span class='ocrx_word' id='word_1_520' title='bbox 3140 3498 3197 3549; x_wconf 89' lang='lat' dir='ltr'><strong><em>et</em></strong></span> <span class='ocrx_word' id='word_1_521' title='bbox 3238 3497 3531 3549; x_wconf 85' lang='lat' dir='ltr'><strong><em>mutatum</em></strong></span> <span class='ocrx_word' id='word_1_522' title='bbox 3570 3492 3632 3548; x_wconf 88' lang='lat' dir='ltr'><strong><em>in</em></strong></span> 
     </span>
    </p>
   </div>
   <div class='ocr_carea' id='block_1_61' title="bbox 230 3580 3630 3655">
    <p class='ocr_par' dir='ltr' id='par_1_61' title="bbox 230 3580 3630 3655">
     <span class='ocr_line' id='line_1_64' title="bbox 230 3580 3630 3655; baseline 0 -18"><span class='ocrx_word' id='word_1_523' title='bbox 230 3584 389 3637; x_wconf 87' lang='lat' dir='ltr'><strong><em>motu</em></strong></span> <span class='ocrx_word' id='word_1_524' title='bbox 422 3580 708 3637; x_wconf 89' lang='lat' dir='ltr'><strong><em>rationem</em></strong></span> <span class='ocrx_word' id='word_1_525' title='bbox 743 3580 937 3636; x_wconf 85' lang='lat' dir='ltr'><strong><em>habet.</em></strong></span> <span class='ocrx_word' id='word_1_526' title='bbox 970 3580 1217 3636; x_wconf 87' lang='lat' dir='ltr'><strong><em>Proinde</em></strong></span> <span class='ocrx_word' id='word_1_527' title='bbox 1248 3584 1533 3652; x_wconf 90' lang='lat' dir='ltr'><strong><em>punctum</em></strong></span> <span class='ocrx_word' id='word_1_528' title='bbox 1595 3596 1769 3647; x_wconf 84' lang='lat' dir='ltr'><strong>NUNC,</strong></span> <span class='ocrx_word' id='word_1_529' title='bbox 1826 3584 1886 3636; x_wconf 86' lang='lat' dir='ltr'><strong><em>et</em></strong></span> <span class='ocrx_word' id='word_1_530' title='bbox 1943 3587 2259 3648; x_wconf 87' lang='lat' dir='ltr'><strong><em>mutatum,</em></strong></span> <span class='ocrx_word' id='word_1_531' title='bbox 2319 3600 2452 3638; x_wconf 90' lang='lat' dir='ltr'><strong><em>cum</em></strong></span> <span class='ocrx_word' id='word_1_532' title='bbox 2516 3588 2712 3655; x_wconf 87' lang='lat' dir='ltr'><strong><em>partes</em></strong></span> <span class='ocrx_word' id='word_1_533' title='bbox 2768 3600 2883 3638; x_wconf 89' lang='lat' dir='ltr'><strong><em>non</em></strong></span> <span class='ocrx_word' id='word_1_534' title='bbox 2942 3583 3215 3650; x_wconf 88' lang='lat' dir='ltr'><strong><em>habeant,</em></strong></span> <span class='ocrx_word' id='word_1_535' title='bbox 3271 3586 3329 3638; x_wconf 89' lang='lat' dir='ltr'><strong><em>et</em></strong></span> <span class='ocrx_word' id='word_1_536' title='bbox 3388 3581 3630 3654; x_wconf 89' lang='lat' dir='ltr'><strong><em>proinde</em></strong></span> 
     </span>
    </p>
   </div>
   <div class='ocr_carea' id='block_1_62' title="bbox 227 3667 3484 3743">
    <p class='ocr_par' dir='ltr' id='par_1_62' title="bbox 227 3667 3484 3743">
     <span class='ocr_line' id='line_1_65' title="bbox 227 3667 3484 3743; baseline 0 -18"><span class='ocrx_word' id='word_1_537' title='bbox 227 3685 331 3726; x_wconf 87' lang='lat' dir='ltr'><strong><em>nec</em></strong></span> <span class='ocrx_word' id='word_1_538' title='bbox 352 3669 768 3735; x_wconf 82' lang='lat' dir='ltr'><strong><em>extremitates,</em></strong></span> <span class='ocrx_word' id='word_1_539' title='bbox 800 3668 951 3724; x_wconf 86' lang='lat' dir='ltr'><strong><em>hanc</em></strong></span> <span class='ocrx_word' id='word_1_540' title='bbox 982 3668 1055 3722; x_wconf 91' lang='lat' dir='ltr'><strong><em>ob</em></strong></span> <span class='ocrx_word' id='word_1_541' title='bbox 1088 3684 1326 3724; x_wconf 87' lang='lat' dir='ltr'><strong><em>causam</em></strong></span> <span class='ocrx_word' id='word_1_542' title='bbox 1359 3667 1614 3735; x_wconf 84' lang='lat' dir='ltr'><strong><em>inﬁnita,</em></strong></span> <span class='ocrx_word' id='word_1_543' title='bbox 1645 3673 1700 3723; x_wconf 88' lang='lat' dir='ltr'><strong><em>et</em></strong></span> <span class='ocrx_word' id='word_1_544' title='bbox 1733 3669 1890 3740; x_wconf 90' lang='lat' dir='ltr'><strong><em>quod</em></strong></span> <span class='ocrx_word' id='word_1_545' title='bbox 1921 3669 2081 3725; x_wconf 90' lang='lat' dir='ltr'><strong><em>idem</em></strong></span> <span class='ocrx_word' id='word_1_546' title='bbox 2109 3672 2267 3726; x_wconf 89' lang='lat' dir='ltr'><strong><em>dictu</em></strong></span> <span class='ocrx_word' id='word_1_547' title='bbox 2300 3676 2408 3743; x_wconf 83' lang='lat' dir='ltr'><strong><em>est,</em></strong></span> <span class='ocrx_word' id='word_1_548' title='bbox 2440 3671 2874 3726; x_wconf 75' lang='lat' dir='ltr'><strong><em>extremitatum</em></strong></span> <span class='ocrx_word' id='word_1_549' title='bbox 2906 3670 3160 3742; x_wconf 86' lang='lat' dir='ltr'><strong><em>expertia</em></strong></span> <span class='ocrx_word' id='word_1_550' title='bbox 3190 3671 3484 3726; x_wconf 87' lang='lat' dir='ltr'><strong><em>dicuntur.</em></strong></span> 
     </span>
    </p>
   </div>
   <div class='ocr_carea' id='block_1_63' title="bbox 302 3752 1882 3832">
    <p class='ocr_par' dir='ltr' id='par_1_63' title="bbox 302 3752 1882 3832">
     <span class='ocr_line' id='line_1_66' title="bbox 302 3752 1882 3832; baseline -0.002 -20"><span class='ocrx_word' id='word_1_551' title='bbox 302 3756 364 3832; x_wconf 80' lang='grc' dir='ltr'><strong><em>β’.</em></strong></span> <span class='ocrx_word' id='word_1_552' title='bbox 395 3755 541 3811; x_wconf 79' lang='grc' dir='ltr'><strong><em>Κατᾶ</em></strong></span> <span class='ocrx_word' id='word_1_553' title='bbox 583 3752 830 3831; x_wconf 75' lang='grc' dir='ltr'>δεύτερον</span> <span class='ocrx_word' id='word_1_554' title='bbox 874 3754 1077 3831; x_wconf 88' lang='grc' dir='ltr'>τρόπον</span> <span class='ocrx_word' id='word_1_555' title='bbox 1131 3752 1353 3831; x_wconf 82' lang='grc' dir='ltr'>ἄπειρον</span> <span class='ocrx_word' id='word_1_556' title='bbox 1398 3752 1637 3830; x_wconf 73' lang='grc' dir='ltr'>λέγεται,</span> <span class='ocrx_word' id='word_1_557' title='bbox 1672 3755 1733 3808; x_wconf 80' lang='grc' dir='ltr'>οὗ</span> <span class='ocrx_word' id='word_1_558' title='bbox 1792 3752 1882 3809; x_wconf 81' lang='grc' dir='ltr'>διὰ</span> 
     </span>
    </p>
   </div>
   <div class='ocr_carea' id='block_1_64' title="bbox 229 3841 1876 3920">
    <p class='ocr_par' dir='ltr' id='par_1_64' title="bbox 229 3841 1876 3920">
     <span class='ocr_line' id='line_1_67' title="bbox 229 3841 1876 3920; baseline -0.001 -22"><span class='ocrx_word' id='word_1_559' title='bbox 229 3844 291 3899; x_wconf 78' lang='grc' dir='ltr'><strong><em>τὸ</em></strong></span> <span class='ocrx_word' id='word_1_560' title='bbox 362 3850 556 3920; x_wconf 72' lang='grc' dir='ltr'>σχῆμα</span> <span class='ocrx_word' id='word_1_561' title='bbox 629 3843 796 3919; x_wconf 73' lang='grc' dir='ltr'>πέρας</span> <span class='ocrx_word' id='word_1_562' title='bbox 870 3842 969 3898; x_wconf 76' lang='grc' dir='ltr'><strong><em>οὐκ</em></strong></span> <span class='ocrx_word' id='word_1_563' title='bbox 1027 3841 1166 3898; x_wconf 80' lang='grc' dir='ltr'>ἔστιν</span> <span class='ocrx_word' id='word_1_564' title='bbox 1228 3844 1425 3919; x_wconf 83' lang='grc' dir='ltr'>εὑρεῖν,</span> <span class='ocrx_word' id='word_1_565' title='bbox 1487 3844 1562 3906; x_wconf 87' lang='grc' dir='ltr'>ὡς</span> <span class='ocrx_word' id='word_1_566' title='bbox 1625 3842 1713 3897; x_wconf 81' lang='grc' dir='ltr'><strong><em>ἐπὶ</em></strong></span> <span class='ocrx_word' id='word_1_567' title='bbox 1769 3848 1876 3898; x_wconf 83' lang='grc' dir='ltr'>τῶν</span> 
     </span>
    </p>
   </div>
   <div class='ocr_carea' id='block_1_65' title="bbox 231 3929 1881 4011">
    <p class='ocr_par' dir='ltr' id='par_1_65' title="bbox 231 3929 1881 4011">
     <span class='ocr_line' id='line_1_68' title="bbox 231 3929 1881 4011; baseline -0.001 -23"><span class='ocrx_word' id='word_1_568' title='bbox 231 3930 499 3988; x_wconf 79' lang='grc' dir='ltr'>κυκλικῶν</span> <span class='ocrx_word' id='word_1_569' title='bbox 546 3952 606 3987; x_wconf 86' lang='grc' dir='ltr'>τε</span> <span class='ocrx_word' id='word_1_570' title='bbox 650 3931 741 3987; x_wconf 83' lang='grc' dir='ltr'><strong><em>καὶ</em></strong></span> <span class='ocrx_word' id='word_1_571' title='bbox 794 3936 1113 4011; x_wconf 78' lang='grc' dir='ltr'>σφαιρικῶν,</span> <span class='ocrx_word' id='word_1_572' title='bbox 1162 3932 1285 3987; x_wconf 87' lang='grc' dir='ltr'>Ἐπὶ</span> <span class='ocrx_word' id='word_1_573' title='bbox 1341 3931 1547 3986; x_wconf 78' lang='grc' dir='ltr'>τούτων</span> <span class='ocrx_word' id='word_1_574' title='bbox 1608 3929 1709 4007; x_wconf 80' lang='grc' dir='ltr'>γάρ</span> <span class='ocrx_word' id='word_1_575' title='bbox 1768 3931 1881 3986; x_wconf 74' lang='grc' dir='ltr'>ἐστι</span> 
     </span>
    </p>
   </div>
   <div class='ocr_carea' id='block_1_66' title="bbox 229 4015 1876 4096">
    <p class='ocr_par' dir='ltr' id='par_1_66' title="bbox 229 4015 1876 4096">
     <span class='ocr_line' id='line_1_69' title="bbox 229 4015 1876 4096; baseline -0.001 -19"><span class='ocrx_word' id='word_1_576' title='bbox 229 4022 334 4096; x_wconf 88' lang='grc' dir='ltr'><strong><em>(τὸ)</em></strong></span> <span class='ocrx_word' id='word_1_577' title='bbox 407 4015 701 4095; x_wconf 76' lang='grc' dir='ltr'>λαμϐάνειν</span> <span class='ocrx_word' id='word_1_578' title='bbox 777 4020 857 4076; x_wconf 82' lang='grc' dir='ltr'><strong><em>ἀεὶ</em></strong></span> <span class='ocrx_word' id='word_1_579' title='bbox 932 4021 1069 4075; x_wconf 83' lang='grc' dir='ltr'>κατὰ</span> <span class='ocrx_word' id='word_1_580' title='bbox 1151 4022 1252 4089; x_wconf 81' lang='grc' dir='ltr'><strong><em>τήν</em></strong></span> <span class='ocrx_word' id='word_1_581' title='bbox 1336 4021 1727 4096; x_wconf 76' lang='grc' dir='ltr'><strong><em>περιστροφὴν,</em></strong></span> <span class='ocrx_word' id='word_1_582' title='bbox 1783 4021 1876 4075; x_wconf 75' lang='grc' dir='ltr'>κᾶν</span> 
     </span>
    </p>
   </div>
   <div class='ocr_carea' id='block_1_67' title="bbox 231 4107 1878 4178">
    <p class='ocr_par' dir='ltr' id='par_1_67' title="bbox 231 4107 1878 4178">
     <span class='ocr_line' id='line_1_70' title="bbox 231 4107 1878 4178; baseline -0.001 -12"><span class='ocrx_word' id='word_1_583' title='bbox 231 4109 332 4166; x_wconf 83' lang='grc' dir='ltr'>ἀπὸ</span> <span class='ocrx_word' id='word_1_584' title='bbox 382 4114 490 4165; x_wconf 79' lang='grc' dir='ltr'><strong><em>τῶν</em></strong></span> <span class='ocrx_word' id='word_1_585' title='bbox 548 4108 723 4164; x_wconf 74' lang='grc' dir='ltr'>αὐτῶν</span> <span class='ocrx_word' id='word_1_586' title='bbox 785 4108 874 4164; x_wconf 77' lang='grc' dir='ltr'>ἐπὶ</span> <span class='ocrx_word' id='word_1_587' title='bbox 929 4113 1097 4164; x_wconf 77' lang='grc' dir='ltr'>ταῦτα</span> <span class='ocrx_word' id='word_1_588' title='bbox 1146 4107 1311 4165; x_wconf 88' lang='grc' dir='ltr'>πάλιν</span> <span class='ocrx_word' id='word_1_589' title='bbox 1362 4109 1453 4163; x_wconf 82' lang='grc' dir='ltr'><strong><em>καὶ</em></strong></span> <span class='ocrx_word' id='word_1_590' title='bbox 1482 4108 1649 4164; x_wconf 87' lang='grc' dir='ltr'>πάλιν</span> <span class='ocrx_word' id='word_1_591' title='bbox 1684 4111 1719 4178; x_wconf 82' lang='grc' dir='ltr'><strong>ἡ</strong></span> <span class='ocrx_word' id='word_1_592' title='bbox 1752 4108 1878 4164; x_wconf 81' lang='grc' dir='ltr'>ἀνα-</span> 
     </span>
    </p>
   </div>
   <div class='ocr_carea' id='block_1_68' title="bbox 228 4196 752 4273">
    <p class='ocr_par' dir='ltr' id='par_1_68' title="bbox 228 4196 752 4273">
     <span class='ocr_line' id='line_1_71' title="bbox 228 4196 752 4273; baseline -0.004 -19"><span class='ocrx_word' id='word_1_593' title='bbox 228 4196 485 4269; x_wconf 81' lang='grc' dir='ltr'>κύκλησις</span> <span class='ocrx_word' id='word_1_594' title='bbox 513 4197 752 4273; x_wconf 84' lang='grc' dir='ltr'>γίνηται.</span> 
     </span>
    </p>
   </div>
   <div class='ocr_carea' id='block_1_69' title="bbox 293 4284 1882 4364">
    <p class='ocr_par' dir='ltr' id='par_1_69' title="bbox 293 4284 1882 4364">
     <span class='ocr_line' id='line_1_72' title="bbox 293 4284 1882 4364; baseline -0.003 -20"><span class='ocrx_word' id='word_1_595' title='bbox 293 4294 356 4364; x_wconf 87' lang='grc' dir='ltr'><strong><em>γ’.</em></strong></span> <span class='ocrx_word' id='word_1_596' title='bbox 401 4287 589 4361; x_wconf 83' lang='grc' dir='ltr'>Τρίτον</span> <span class='ocrx_word' id='word_1_597' title='bbox 649 4285 856 4362; x_wconf 86' lang='grc' dir='ltr'>τρόπον</span> <span class='ocrx_word' id='word_1_598' title='bbox 914 4284 1137 4362; x_wconf 78' lang='grc' dir='ltr'>ἄπειρον</span> <span class='ocrx_word' id='word_1_599' title='bbox 1196 4285 1409 4361; x_wconf 75' lang='grc' dir='ltr'>λέγεται</span> <span class='ocrx_word' id='word_1_600' title='bbox 1466 4285 1530 4341; x_wconf 85' lang='grc' dir='ltr'><strong><em>τὸ</em></strong></span> <span class='ocrx_word' id='word_1_601' title='bbox 1580 4284 1669 4341; x_wconf 76' lang='grc' dir='ltr'><strong><em>διὰ</em></strong></span> <span class='ocrx_word' id='word_1_602' title='bbox 1723 4306 1882 4341; x_wconf 88' lang='grc' dir='ltr'>κατα-</span> 
     </span>
    </p>
   </div>
   <div class='ocr_carea' id='block_1_70' title="bbox 240 4372 1882 4452">
    <p class='ocr_par' dir='ltr' id='par_1_70' title="bbox 240 4372 1882 4452">
     <span class='ocr_line' id='line_1_73' title="bbox 240 4372 1882 4452; baseline -0.001 -21"><span class='ocrx_word' id='word_1_603' title='bbox 240 4376 430 4445; x_wconf 79' lang='grc' dir='ltr'>οκευήν</span> <span class='ocrx_word' id='word_1_604' title='bbox 497 4374 745 4452; x_wconf 82' lang='grc' dir='ltr'>ὑπάρχον</span> <span class='ocrx_word' id='word_1_605' title='bbox 805 4372 1193 4448; x_wconf 83' lang='grc' dir='ltr'>ἀδιαπόρευτον</span> <span class='ocrx_word' id='word_1_606' title='bbox 1249 4377 1283 4444; x_wconf 81' lang='grc' dir='ltr'><strong>ἢ</strong></span> <span class='ocrx_word' id='word_1_607' title='bbox 1337 4374 1549 4447; x_wconf 80' lang='grc' dir='ltr'>μᾶλλον</span> <span class='ocrx_word' id='word_1_608' title='bbox 1596 4372 1882 4430; x_wconf 89' lang='grc' dir='ltr'>δυσδιαπό-</span> 
     </span>
    </p>
   </div>
   <div class='ocr_carea' id='block_1_71' title="bbox 235 4459 1882 4542">
    <p class='ocr_par' dir='ltr' id='par_1_71' title="bbox 235 4459 1882 4542">
     <span class='ocr_line' id='line_1_74' title="bbox 235 4459 1882 4542; baseline -0.002 -21"><span class='ocrx_word' id='word_1_609' title='bbox 235 4484 431 4542; x_wconf 84' lang='grc' dir='ltr'>ρευτον·</span> <span class='ocrx_word' id='word_1_610' title='bbox 492 4465 569 4528; x_wconf 84' lang='grc' dir='ltr'>ὡς</span> <span class='ocrx_word' id='word_1_611' title='bbox 626 4466 656 4519; x_wconf 87' lang='grc' dir='ltr'>ὁ</span> <span class='ocrx_word' id='word_1_612' title='bbox 709 4459 1029 4539; x_wconf 75' lang='grc' dir='ltr'>λαϐύρινθος</span> <span class='ocrx_word' id='word_1_613' title='bbox 1102 4465 1249 4540; x_wconf 85' lang='grc' dir='ltr'><strong><em>παρά</em></strong></span> <span class='ocrx_word' id='word_1_614' title='bbox 1323 4465 1495 4537; x_wconf 85' lang='grc' dir='ltr'>Κρησὶ</span> <span class='ocrx_word' id='word_1_615' title='bbox 1568 4465 1658 4518; x_wconf 83' lang='grc' dir='ltr'><strong><em>καὶ</em></strong></span> <span class='ocrx_word' id='word_1_616' title='bbox 1735 4465 1882 4537; x_wconf 88' lang='grc' dir='ltr'>παρὰ</span> 
     </span>
    </p>
   </div>
   <div class='ocr_carea' id='block_1_72' title="bbox 235 4549 1878 4629">
    <p class='ocr_par' dir='ltr' id='par_1_72' title="bbox 235 4549 1878 4629">
     <span class='ocr_line' id='line_1_75' title="bbox 235 4549 1878 4629; baseline -0.002 -19"><span class='ocrx_word' id='word_1_617' title='bbox 235 4551 673 4628; x_wconf 81' lang='grc' dir='ltr'>Λακεδαιμονίοις</span> <span class='ocrx_word' id='word_1_618' title='bbox 726 4553 756 4607; x_wconf 84' lang='grc' dir='ltr'>ὁ</span> <span class='ocrx_word' id='word_1_619' title='bbox 830 4551 1056 4624; x_wconf 82' lang='grc' dir='ltr'><strong><em>Κεάδας,</em></strong></span> <span class='ocrx_word' id='word_1_620' title='bbox 1116 4549 1239 4608; x_wconf 79' lang='grc' dir='ltr'>ἔνθα</span> <span class='ocrx_word' id='word_1_621' title='bbox 1317 4551 1445 4615; x_wconf 83' lang='grc' dir='ltr'>τοὺς</span> <span class='ocrx_word' id='word_1_622' title='bbox 1524 4553 1878 4629; x_wconf 83' lang='grc' dir='ltr'>κατακρίτους</span> 
     </span>
    </p>
   </div>
   <div class='ocr_carea' id='block_1_73' title="bbox 241 4637 1881 4718">
    <p class='ocr_par' dir='ltr' id='par_1_73' title="bbox 241 4637 1881 4718">
     <span class='ocr_line' id='line_1_76' title="bbox 241 4637 1881 4718; baseline -0.002 -20"><span class='ocrx_word' id='word_1_623' title='bbox 241 4637 503 4698; x_wconf 72' lang='grc' dir='ltr'>ἐνέϐαλον.</span> <span class='ocrx_word' id='word_1_624' title='bbox 571 4645 692 4697; x_wconf 88' lang='grc' dir='ltr'>Ὅτι</span> <span class='ocrx_word' id='word_1_625' title='bbox 745 4643 851 4718; x_wconf 77' lang='grc' dir='ltr'><strong><em>γὰρ</em></strong></span> <span class='ocrx_word' id='word_1_626' title='bbox 908 4639 1250 4715; x_wconf 80' lang='grc' dir='ltr'>διεξώδευται</span> <span class='ocrx_word' id='word_1_627' title='bbox 1310 4637 1657 4718; x_wconf 77' lang='grc' dir='ltr'>λαϐύρινθος,</span> <span class='ocrx_word' id='word_1_628' title='bbox 1716 4639 1881 4714; x_wconf 80' lang='grc' dir='ltr'><strong><em>ἔδειξε</em></strong></span> 
     </span>
    </p>
   </div>
   <div class='ocr_carea' id='block_1_74' title="bbox 241 4728 1878 4806">
    <p class='ocr_par' dir='ltr' id='par_1_74' title="bbox 241 4728 1878 4806">
     <span class='ocr_line' id='line_1_77' title="bbox 241 4728 1878 4806; baseline -0.003 -18"><span class='ocrx_word' id='word_1_629' title='bbox 241 4729 494 4793; x_wconf 86' lang='grc' dir='ltr'>Δαίδαλος</span> <span class='ocrx_word' id='word_1_630' title='bbox 553 4733 582 4786; x_wconf 85' lang='grc' dir='ltr'>ὁ</span> <span class='ocrx_word' id='word_1_631' title='bbox 636 4730 1036 4804; x_wconf 71' lang='grc' dir='ltr'>τεκτηνάμενος</span> <span class='ocrx_word' id='word_1_632' title='bbox 1116 4728 1294 4801; x_wconf 73' lang='grc' dir='ltr'>αὐτὸν,</span> <span class='ocrx_word' id='word_1_633' title='bbox 1363 4728 1453 4784; x_wconf 83' lang='grc' dir='ltr'>ὅτε</span> <span class='ocrx_word' id='word_1_634' title='bbox 1537 4731 1878 4806; x_wconf 75' lang='grc' dir='ltr'>καθειρχθεὶς</span> 
     </span>
    </p>
   </div>
   <div class='ocr_carea' id='block_1_75' title="bbox 2059 3758 3631 3831">
    <p class='ocr_par' dir='ltr' id='par_1_75' title="bbox 2059 3758 3631 3831">
     <span class='ocr_line' id='line_1_78' title="bbox 2059 3758 3631 3831; baseline 0.001 -18"><span class='ocrx_word' id='word_1_635' title='bbox 2059 3760 2113 3813; x_wconf 83' lang='grc'>2.</span> <span class='ocrx_word' id='word_1_636' title='bbox 2147 3760 2415 3816; x_wconf 89' lang='lat' dir='ltr'><strong><em>Secundo</em></strong></span> <span class='ocrx_word' id='word_1_637' title='bbox 2448 3765 2645 3815; x_wconf 87' lang='lat' dir='ltr'><strong><em>autem</em></strong></span> <span class='ocrx_word' id='word_1_638' title='bbox 2668 3760 2839 3815; x_wconf 90' lang='lat' dir='ltr'><strong><em>modo</em></strong></span> <span class='ocrx_word' id='word_1_639' title='bbox 2870 3759 3164 3815; x_wconf 90' lang='lat' dir='ltr'><strong><em>inﬁnitum</em></strong></span> <span class='ocrx_word' id='word_1_640' title='bbox 3195 3758 3428 3828; x_wconf 90' lang='lat' dir='ltr'><strong><em>dicitur,</em></strong></span> <span class='ocrx_word' id='word_1_641' title='bbox 3462 3759 3631 3831; x_wconf 87' lang='lat' dir='ltr'><strong><em>cujus</em></strong></span> 
     </span>
    </p>
   </div>
   <div class='ocr_carea' id='block_1_76' title="bbox 1989 3847 3633 3920">
    <p class='ocr_par' dir='ltr' id='par_1_76' title="bbox 1989 3847 3633 3920">
     <span class='ocr_line' id='line_1_79' title="bbox 1989 3847 3633 3920; baseline 0 -18"><span class='ocrx_word' id='word_1_642' title='bbox 1989 3849 2326 3903; x_wconf 86' lang='lat' dir='ltr'><strong><em>extremitas</em></strong></span> <span class='ocrx_word' id='word_1_643' title='bbox 2357 3852 2595 3919; x_wconf 87' lang='lat' dir='ltr'><strong><em>propter</em></strong></span> <span class='ocrx_word' id='word_1_644' title='bbox 2624 3848 2873 3920; x_wconf 81' lang='lat' dir='ltr'><strong><em>figuram</em></strong></span> <span class='ocrx_word' id='word_1_645' title='bbox 2906 3847 3153 3904; x_wconf 86' lang='lat' dir='ltr'><strong><em>inveniri</em></strong></span> <span class='ocrx_word' id='word_1_646' title='bbox 3184 3865 3297 3903; x_wconf 91' lang='lat' dir='ltr'><strong><em>non</em></strong></span> <span class='ocrx_word' id='word_1_647' title='bbox 3320 3851 3532 3920; x_wconf 86' lang='lat' dir='ltr'><strong><em>potest,</em></strong></span> <span class='ocrx_word' id='word_1_648' title='bbox 3566 3850 3633 3902; x_wconf 83' lang='lat' dir='ltr'><strong><em>ut</em></strong></span> 
     </span>
    </p>
   </div>
   <div class='ocr_carea' id='block_1_77' title="bbox 1991 3934 3631 4008">
    <p class='ocr_par' dir='ltr' id='par_1_77' title="bbox 1991 3934 3631 4008">
     <span class='ocr_line' id='line_1_80' title="bbox 1991 3934 3631 4008; baseline 0.001 -19"><span class='ocrx_word' id='word_1_649' title='bbox 1991 3936 2050 3991; x_wconf 90' lang='lat' dir='ltr'><strong><em>in</em></strong></span> <span class='ocrx_word' id='word_1_650' title='bbox 2092 3936 2477 3992; x_wconf 89' lang='lat' dir='ltr'><strong><em>circularibus</em></strong></span> <span class='ocrx_word' id='word_1_651' title='bbox 2507 3941 2563 3991; x_wconf 90' lang='lat' dir='ltr'><strong><em>et</em></strong></span> <span class='ocrx_word' id='word_1_652' title='bbox 2592 3934 2869 4008; x_wconf 86' lang='lat' dir='ltr'><strong><em>globosis.</em></strong></span> <span class='ocrx_word' id='word_1_653' title='bbox 2903 3938 2966 3991; x_wconf 85' lang='lat' dir='ltr'><strong><em>In</em></strong></span> <span class='ocrx_word' id='word_1_654' title='bbox 2998 3936 3094 3992; x_wconf 88' lang='lat' dir='ltr'><strong><em>his</em></strong></span> <span class='ocrx_word' id='word_1_655' title='bbox 3139 3936 3295 3991; x_wconf 91' lang='lat' dir='ltr'><strong><em>enim</em></strong></span> <span class='ocrx_word' id='word_1_656' title='bbox 3351 3952 3451 4006; x_wconf 90' lang='lat' dir='ltr'><strong><em>per</em></strong></span> <span class='ocrx_word' id='word_1_657' title='bbox 3492 3952 3631 3991; x_wconf 89' lang='lat' dir='ltr'><strong><em>con-</em></strong></span> 
     </span>
    </p>
   </div>
   <div class='ocr_carea' id='block_1_78' title="bbox 1989 4023 3631 4096">
    <p class='ocr_par' dir='ltr' id='par_1_78' title="bbox 1989 4023 3631 4096">
     <span class='ocr_line' id='line_1_81' title="bbox 1989 4023 3631 4096; baseline 0.001 -19"><span class='ocrx_word' id='word_1_658' title='bbox 1989 4024 2315 4079; x_wconf 87' lang='lat' dir='ltr'><strong><em>versionem</em></strong></span> <span class='ocrx_word' id='word_1_659' title='bbox 2350 4040 2582 4096; x_wconf 89' lang='lat' dir='ltr'><strong><em>semper</em></strong></span> <span class='ocrx_word' id='word_1_660' title='bbox 2612 4023 2833 4095; x_wconf 90' lang='lat' dir='ltr'><strong><em>aliquid</em></strong></span> <span class='ocrx_word' id='word_1_661' title='bbox 2866 4023 3003 4079; x_wconf 81' lang='lat' dir='ltr'><strong><em>licet</em></strong></span> <span class='ocrx_word' id='word_1_662' title='bbox 3033 4028 3098 4079; x_wconf 91' lang='lat' dir='ltr'><strong><em>ut</em></strong></span> <span class='ocrx_word' id='word_1_663' title='bbox 3146 4023 3418 4095; x_wconf 88' lang='lat' dir='ltr'><strong><em>accipias,</em></strong></span> <span class='ocrx_word' id='word_1_664' title='bbox 3472 4027 3631 4078; x_wconf 88' lang='lat' dir='ltr'><strong><em>tam-</em></strong></span> 
     </span>
    </p>
   </div>
   <div class='ocr_carea' id='block_1_79' title="bbox 1990 4111 3627 4184">
    <p class='ocr_par' dir='ltr' id='par_1_79' title="bbox 1990 4111 3627 4184">
     <span class='ocr_line' id='line_1_82' title="bbox 1990 4111 3627 4184; baseline -0.001 -17"><span class='ocrx_word' id='word_1_665' title='bbox 1990 4111 2098 4167; x_wconf 89' lang='lat' dir='ltr'><strong><em>etsi</em></strong></span> <span class='ocrx_word' id='word_1_666' title='bbox 2128 4112 2342 4168; x_wconf 87' lang='lat' dir='ltr'><strong><em>iterum</em></strong></span> <span class='ocrx_word' id='word_1_667' title='bbox 2392 4116 2567 4184; x_wconf 90' lang='lat' dir='ltr'><strong><em>atquc</em></strong></span> <span class='ocrx_word' id='word_1_668' title='bbox 2623 4112 2836 4167; x_wconf 89' lang='lat' dir='ltr'><strong><em>iterum</em></strong></span> <span class='ocrx_word' id='word_1_669' title='bbox 2892 4113 2964 4168; x_wconf 91' lang='lat' dir='ltr'><strong><em>ab</em></strong></span> <span class='ocrx_word' id='word_1_670' title='bbox 3022 4111 3233 4168; x_wconf 89' lang='lat' dir='ltr'><strong><em>iisdem</em></strong></span> <span class='ocrx_word' id='word_1_671' title='bbox 3293 4112 3364 4167; x_wconf 84' lang='lat' dir='ltr'><strong><em>ad</em></strong></span> <span class='ocrx_word' id='word_1_672' title='bbox 3423 4111 3627 4167; x_wconf 89' lang='lat' dir='ltr'><strong><em>eadem</em></strong></span> 
     </span>
    </p>
   </div>
   <div class='ocr_carea' id='block_1_80' title="bbox 1991 4200 2426 4255">
    <p class='ocr_par' dir='ltr' id='par_1_80' title="bbox 1991 4200 2426 4255">
     <span class='ocr_line' id='line_1_83' title="bbox 1991 4200 2426 4255; baseline 0.002 -1"><span class='ocrx_word' id='word_1_673' title='bbox 1991 4200 2268 4255; x_wconf 87' lang='lat' dir='ltr'><strong><em>revolutio</em></strong></span> <span class='ocrx_word' id='word_1_674' title='bbox 2308 4201 2426 4255; x_wconf 85' lang='lat' dir='ltr'><strong><em>ﬁat.</em></strong></span> 
     </span>
    </p>
   </div>
   <div class='ocr_carea' id='block_1_81' title="bbox 2058 4288 3623 4358">
    <p class='ocr_par' dir='ltr' id='par_1_81' title="bbox 2058 4288 3623 4358">
     <span class='ocr_line' id='line_1_84' title="bbox 2058 4288 3623 4358; baseline 0.001 -17"><span class='ocrx_word' id='word_1_675' title='bbox 2058 4288 2111 4343; x_wconf 91' lang='lat'><strong><em>3.</em></strong></span> <span class='ocrx_word' id='word_1_676' title='bbox 2143 4288 2329 4344; x_wconf 89' lang='lat' dir='ltr'><strong><em>Tertio</em></strong></span> <span class='ocrx_word' id='word_1_677' title='bbox 2379 4289 2553 4344; x_wconf 90' lang='lat' dir='ltr'><strong><em>modo</em></strong></span> <span class='ocrx_word' id='word_1_678' title='bbox 2601 4288 2896 4344; x_wconf 84' lang='lat' dir='ltr'><strong><em>inﬁnitum</em></strong></span> <span class='ocrx_word' id='word_1_679' title='bbox 2960 4288 3195 4355; x_wconf 90' lang='lat' dir='ltr'><strong><em>dicitur,</em></strong></span> <span class='ocrx_word' id='word_1_680' title='bbox 3263 4288 3418 4358; x_wconf 90' lang='lat' dir='ltr'><strong><em>quod</em></strong></span> <span class='ocrx_word' id='word_1_681' title='bbox 3484 4302 3623 4342; x_wconf 87' lang='lat' dir='ltr'><strong><em>con-</em></strong></span> 
     </span>
    </p>
   </div>
   <div class='ocr_carea' id='block_1_82' title="bbox 1991 4374 3625 4448">
    <p class='ocr_par' dir='ltr' id='par_1_82' title="bbox 1991 4374 3625 4448">
     <span class='ocr_line' id='line_1_85' title="bbox 1991 4374 3625 4448; baseline -0.001 -17"><span class='ocrx_word' id='word_1_682' title='bbox 1991 4376 2324 4431; x_wconf 87' lang='lat' dir='ltr'><strong><em>structionis</em></strong></span> <span class='ocrx_word' id='word_1_683' title='bbox 2404 4395 2582 4432; x_wconf 91' lang='lat' dir='ltr'><strong><em>causa</em></strong></span> <span class='ocrx_word' id='word_1_684' title='bbox 2663 4376 3012 4448; x_wconf 88' lang='lat' dir='ltr'><strong><em>impervium</em></strong></span> <span class='ocrx_word' id='word_1_685' title='bbox 3088 4380 3197 4441; x_wconf 87' lang='lat' dir='ltr'><strong><em>est,</em></strong></span> <span class='ocrx_word' id='word_1_686' title='bbox 3270 4374 3359 4431; x_wconf 86' lang='lat' dir='ltr'><strong><em>vel</em></strong></span> <span class='ocrx_word' id='word_1_687' title='bbox 3431 4374 3625 4445; x_wconf 87' lang='lat' dir='ltr'><strong><em>potius</em></strong></span> 
     </span>
    </p>
   </div>
   <div class='ocr_carea' id='block_1_83' title="bbox 1995 4462 3623 4537">
    <p class='ocr_par' dir='ltr' id='par_1_83' title="bbox 1995 4462 3623 4537">
     <span class='ocr_line' id='line_1_86' title="bbox 1995 4462 3623 4537; baseline -0.002 -18"><span class='ocrx_word' id='word_1_688' title='bbox 1995 4481 2144 4536; x_wconf 60' lang='lat' dir='ltr'><strong><em>aegre</em></strong></span> <span class='ocrx_word' id='word_1_689' title='bbox 2191 4465 2430 4520; x_wconf 88' lang='lat' dir='ltr'><strong><em>transiri</em></strong></span> <span class='ocrx_word' id='word_1_690' title='bbox 2481 4468 2695 4536; x_wconf 85' lang='lat' dir='ltr'><strong><em>potest,</em></strong></span> <span class='ocrx_word' id='word_1_691' title='bbox 2753 4469 2818 4520; x_wconf 88' lang='lat' dir='ltr'><strong><em>ut</em></strong></span> <span class='ocrx_word' id='word_1_692' title='bbox 2865 4463 3235 4537; x_wconf 81' lang='lat' dir='ltr'><strong><em>labyrinthus</em></strong></span> <span class='ocrx_word' id='word_1_693' title='bbox 3282 4462 3435 4534; x_wconf 88' lang='lat' dir='ltr'><strong><em>apud</em></strong></span> <span class='ocrx_word' id='word_1_694' title='bbox 3492 4465 3623 4517; x_wconf 88' lang='lat' dir='ltr'><strong><em>Cre-</em></strong></span> 
     </span>
    </p>
   </div>
   <div class='ocr_carea' id='block_1_84' title="bbox 1987 4542 3623 4624">
    <p class='ocr_par' dir='ltr' id='par_1_84' title="bbox 1987 4542 3623 4624">
     <span class='ocr_line' id='line_1_87' title="bbox 1987 4542 3623 4624; baseline -0.002 -17"><span class='ocrx_word' id='word_1_695' title='bbox 1987 4556 2205 4619; x_wconf 83' lang='lat' dir='ltr'><strong><em>tenses,</em></strong></span> <span class='ocrx_word' id='word_1_696' title='bbox 2237 4557 2295 4608; x_wconf 90' lang='lat' dir='ltr'><strong><em>et</em></strong></span> <span class='ocrx_word' id='word_1_697' title='bbox 2325 4554 2476 4624; x_wconf 90' lang='lat' dir='ltr'><strong><em>apud</em></strong></span> <span class='ocrx_word' id='word_1_698' title='bbox 2530 4552 3001 4609; x_wconf 69' lang='lat' dir='ltr'><strong><em>Lacedaemonios</em></strong></span> <span class='ocrx_word' id='word_1_699' title='bbox 3051 4551 3289 4619; x_wconf 88' lang='lat' dir='ltr'><strong><em>Ceadas,</em></strong></span> <span class='ocrx_word' id='word_1_700' title='bbox 3338 4550 3398 4604; x_wconf 90' lang='lat' dir='ltr'><strong><em>in</em></strong></span> <span class='ocrx_word' id='word_1_701' title='bbox 3446 4542 3623 4620; x_wconf 77' lang='lat' dir='ltr'><strong><em>quem</em></strong></span> 
     </span>
    </p>
   </div>
   <div class='ocr_carea' id='block_1_85' title="bbox 1989 4639 3624 4711">
    <p class='ocr_par' dir='ltr' id='par_1_85' title="bbox 1989 4639 3624 4711">
     <span class='ocr_line' id='line_1_88' title="bbox 1989 4639 3624 4711; baseline -0.001 -15"><span class='ocrx_word' id='word_1_702' title='bbox 1989 4641 2407 4696; x_wconf 85' lang='lat' dir='ltr'><strong><em>condemnatos</em></strong></span> <span class='ocrx_word' id='word_1_703' title='bbox 2440 4642 2829 4711; x_wconf 88' lang='lat' dir='ltr'><strong><em>conjecerunt.</em></strong></span> <span class='ocrx_word' id='word_1_704' title='bbox 2863 4641 3025 4704; x_wconf 89' lang='lat' dir='ltr'><strong><em>Quod</em></strong></span> <span class='ocrx_word' id='word_1_705' title='bbox 3057 4640 3216 4696; x_wconf 89' lang='lat' dir='ltr'><strong><em>enim</em></strong></span> <span class='ocrx_word' id='word_1_706' title='bbox 3254 4639 3624 4711; x_wconf 80' lang='lat' dir='ltr'><strong><em>labyrinthus</em></strong></span> 
     </span>
    </p>
   </div>
   <div class='ocr_carea' id='block_1_86' title="bbox 1991 4726 3624 4800">
    <p class='ocr_par' dir='ltr' id='par_1_86' title="bbox 1991 4726 3624 4800">
     <span class='ocr_line' id='line_1_89' title="bbox 1991 4726 3624 4800; baseline -0.002 -17"><span class='ocrx_word' id='word_1_707' title='bbox 1991 4734 2329 4800; x_wconf 87' lang='lat' dir='ltr'><strong><em>penetratus</em></strong></span> <span class='ocrx_word' id='word_1_708' title='bbox 2360 4728 2550 4793; x_wconf 84' lang='lat' dir='ltr'><strong><em>fuerit,</em></strong></span> <span class='ocrx_word' id='word_1_709' title='bbox 2583 4728 2849 4784; x_wconf 72' lang='lat' dir='ltr'><strong><em>Daedalus</em></strong></span> <span class='ocrx_word' id='word_1_710' title='bbox 2873 4729 2973 4800; x_wconf 91' lang='lat' dir='ltr'><strong><em>qui</em></strong></span> <span class='ocrx_word' id='word_1_711' title='bbox 2995 4745 3127 4783; x_wconf 89' lang='lat' dir='ltr'><strong><em>eum</em></strong></span> <span class='ocrx_word' id='word_1_712' title='bbox 3154 4726 3624 4783; x_wconf 85' lang='lat' dir='ltr'><strong><em>fabrefecitindi-</em></strong></span> 
     </span>
    </p>
   </div>
   <div class='ocr_carea' id='block_1_87' title="bbox 242 4814 1878 4895">
    <p class='ocr_par' dir='ltr' id='par_1_87' title="bbox 242 4814 1878 4895">
     <span class='ocr_line' id='line_1_90' title="bbox 242 4814 1878 4895; baseline -0.002 -19"><span class='ocrx_word' id='word_1_713' title='bbox 242 4821 338 4877; x_wconf 80' lang='grc' dir='ltr'>ὑπὸ</span> <span class='ocrx_word' id='word_1_714' title='bbox 392 4819 609 4882; x_wconf 75' lang='grc' dir='ltr'>Μίνωος</span> <span class='ocrx_word' id='word_1_715' title='bbox 670 4818 763 4875; x_wconf 75' lang='grc' dir='ltr'>σὺν</span> <span class='ocrx_word' id='word_1_716' title='bbox 806 4823 887 4892; x_wconf 82' lang='grc' dir='ltr'>τῷ</span> <span class='ocrx_word' id='word_1_717' title='bbox 938 4819 1041 4891; x_wconf 79' lang='grc' dir='ltr'>υἱῷ</span> <span class='ocrx_word' id='word_1_718' title='bbox 1083 4818 1299 4894; x_wconf 80' lang='grc' dir='ltr'>Ἰκαρίῳ</span> <span class='ocrx_word' id='word_1_719' title='bbox 1350 4815 1499 4881; x_wconf 75' lang='grc' dir='ltr'>ἐντός</span> <span class='ocrx_word' id='word_1_720' title='bbox 1553 4814 1878 4895; x_wconf 77' lang='grc' dir='ltr'>λαϐυρίνθου</span> 
     </span>
    </p>
   </div>
   <div class='ocr_carea' id='block_1_88' title="bbox 1998 4814 3623 4895">
    <p class='ocr_par' dir='ltr' id='par_1_88' title="bbox 1998 4815 3623 4889">
     <span class='ocr_line' id='line_1_91' title="bbox 1998 4815 3623 4889; baseline -0.001 -16"><span class='ocrx_word' id='word_1_721' title='bbox 1998 4819 2081 4873; x_wconf 86' lang='lat' dir='ltr'><strong><em>cio</em></strong></span> <span class='ocrx_word' id='word_1_722' title='bbox 2112 4823 2220 4887; x_wconf 90' lang='lat' dir='ltr'><strong><em>est,</em></strong></span> <span class='ocrx_word' id='word_1_723' title='bbox 2252 4819 2486 4889; x_wconf 86' lang='lat' dir='ltr'><strong><em>quando</em></strong></span> <span class='ocrx_word' id='word_1_724' title='bbox 2513 4835 2547 4873; x_wconf 86' lang='lat' dir='ltr'><strong><em>a</em></strong></span> <span class='ocrx_word' id='word_1_725' title='bbox 2572 4819 2761 4873; x_wconf 84' lang='lat' dir='ltr'><strong><em>Minoe</em></strong></span> <span class='ocrx_word' id='word_1_726' title='bbox 2792 4818 2945 4872; x_wconf 89' lang='lat' dir='ltr'><strong><em>intra</em></strong></span> <span class='ocrx_word' id='word_1_727' title='bbox 2974 4833 3107 4871; x_wconf 91' lang='lat' dir='ltr'><strong><em>eum</em></strong></span> <span class='ocrx_word' id='word_1_728' title='bbox 3139 4833 3274 4871; x_wconf 91' lang='lat' dir='ltr'><strong><em>cum</em></strong></span> <span class='ocrx_word' id='word_1_729' title='bbox 3304 4815 3424 4871; x_wconf 87' lang='lat' dir='ltr'><strong><em>ﬁlio</em></strong></span> <span class='ocrx_word' id='word_1_730' title='bbox 3462 4816 3623 4871; x_wconf 90' lang='lat' dir='ltr'><strong><em>Icaro</em></strong></span> 
     </span>
    </p>
   </div>
   <div class='ocr_carea' id='block_1_89' title="bbox 246 4905 1882 4987">
    <p class='ocr_par' dir='ltr' id='par_1_89' title="bbox 246 4905 1882 4987">
     <span class='ocr_line' id='line_1_92' title="bbox 246 4905 1882 4987; baseline -0.002 -23"><span class='ocrx_word' id='word_1_731' title='bbox 246 4906 458 4987; x_wconf 67' lang='grc' dir='ltr'>ἀπέδρα·</span> <span class='ocrx_word' id='word_1_732' title='bbox 492 4908 582 4964; x_wconf 84' lang='grc' dir='ltr'><strong><em>καὶ</em></strong></span> <span class='ocrx_word' id='word_1_733' title='bbox 648 4908 756 4985; x_wconf 87' lang='grc' dir='ltr'><strong><em>πρὸ</em></strong></span> <span class='ocrx_word' id='word_1_734' title='bbox 809 4905 1006 4963; x_wconf 78' lang='grc' dir='ltr'>τούτου</span> <span class='ocrx_word' id='word_1_735' title='bbox 1065 4905 1271 4977; x_wconf 79' lang='grc' dir='ltr'>Θησεὺς</span> <span class='ocrx_word' id='word_1_736' title='bbox 1326 4905 1473 4962; x_wconf 88' lang='grc' dir='ltr'>λίνον</span> <span class='ocrx_word' id='word_1_737' title='bbox 1532 4906 1725 4981; x_wconf 78' lang='grc' dir='ltr'>ἐξάψας</span> <span class='ocrx_word' id='word_1_738' title='bbox 1780 4913 1882 4976; x_wconf 80' lang='grc' dir='ltr'>τῆς</span> 
     </span>
    </p>
   </div>
   <div class='ocr_carea' id='block_1_90' title="bbox 244 4992 1879 5075">
    <p class='ocr_par' dir='ltr' id='par_1_90' title="bbox 244 4992 1879 5075">
     <span class='ocr_line' id='line_1_93' title="bbox 244 4992 1879 5075; baseline -0.002 -23"><span class='ocrx_word' id='word_1_739' title='bbox 244 4995 397 5075; x_wconf 76' lang='grc' dir='ltr'>θύρας</span> <span class='ocrx_word' id='word_1_740' title='bbox 482 4996 534 5052; x_wconf 76' lang='grc' dir='ltr'>ἐν</span> <span class='ocrx_word' id='word_1_741' title='bbox 614 5001 694 5069; x_wconf 84' lang='grc' dir='ltr'>τῷ</span> <span class='ocrx_word' id='word_1_742' title='bbox 773 4994 993 5051; x_wconf 74' lang='grc' dir='ltr'>εἰσιέναι</span> <span class='ocrx_word' id='word_1_743' title='bbox 1070 4996 1371 5066; x_wconf 73' lang='grc' dir='ltr'>ὑποθήκαις</span> <span class='ocrx_word' id='word_1_744' title='bbox 1441 4992 1732 5064; x_wconf 73' lang='grc' dir='ltr'>Δαιδάλου,</span> <span class='ocrx_word' id='word_1_745' title='bbox 1790 4995 1879 5049; x_wconf 85' lang='grc' dir='ltr'><strong><em>καὶ</em></strong></span> 
     </span>
    </p>
   </div>
   <div class='ocr_carea' id='block_1_91' title="bbox 246 5081 1880 5165">
    <p class='ocr_par' dir='ltr' id='par_1_91' title="bbox 246 5081 1880 5165">
     <span class='ocr_line' id='line_1_94' title="bbox 246 5081 1880 5165; baseline -0.002 -23"><span class='ocrx_word' id='word_1_746' title='bbox 246 5091 397 5142; x_wconf 74' lang='grc' dir='ltr'>τοῦτο</span> <span class='ocrx_word' id='word_1_747' title='bbox 474 5084 837 5165; x_wconf 73' lang='grc' dir='ltr'>ἐφελκόμενος</span> <span class='ocrx_word' id='word_1_748' title='bbox 894 5084 947 5140; x_wconf 80' lang='grc' dir='ltr'>ἐν</span> <span class='ocrx_word' id='word_1_749' title='bbox 1020 5088 1101 5156; x_wconf 81' lang='grc' dir='ltr'>τῷ</span> <span class='ocrx_word' id='word_1_750' title='bbox 1155 5083 1366 5155; x_wconf 77' lang='grc' dir='ltr'>ἐξιέναι.</span> <span class='ocrx_word' id='word_1_751' title='bbox 1426 5086 1544 5139; x_wconf 89' lang='grc' dir='ltr'>Ὅτι</span> <span class='ocrx_word' id='word_1_752' title='bbox 1600 5081 1658 5140; x_wconf 71' lang='grc' dir='ltr'>δὲ</span> <span class='ocrx_word' id='word_1_753' title='bbox 1708 5083 1796 5138; x_wconf 85' lang='grc' dir='ltr'><strong><em>καὶ</em></strong></span> <span class='ocrx_word' id='word_1_754' title='bbox 1852 5086 1880 5139; x_wconf 87' lang='grc' dir='ltr'>ὁ</span> 
     </span>
    </p>
   </div>
   <div class='ocr_carea' id='block_1_92' title="bbox 243 5171 1878 5247">
    <p class='ocr_par' dir='ltr' id='par_1_92' title="bbox 243 5171 1878 5247">
     <span class='ocr_line' id='line_1_95' title="bbox 243 5171 1878 5247; baseline -0.003 -16"><span class='ocrx_word' id='word_1_755' title='bbox 243 5172 457 5247; x_wconf 72' lang='grc' dir='ltr'>Κεάδας,</span> <span class='ocrx_word' id='word_1_756' title='bbox 514 5171 788 5245; x_wconf 73' lang='grc' dir='ltr'>ἐδήλωσεν</span> <span class='ocrx_word' id='word_1_757' title='bbox 862 5176 898 5243; x_wconf 82' lang='grc' dir='ltr'><strong>ἡ</strong></span> <span class='ocrx_word' id='word_1_758' title='bbox 977 5173 1208 5243; x_wconf 80' lang='grc' dir='ltr'>ἀλώπηξ</span> <span class='ocrx_word' id='word_1_759' title='bbox 1285 5174 1321 5243; x_wconf 79' lang='grc' dir='ltr'><strong>ἡ</strong></span> <span class='ocrx_word' id='word_1_760' title='bbox 1397 5173 1488 5227; x_wconf 86' lang='grc' dir='ltr'>τὸν</span> <span class='ocrx_word' id='word_1_761' title='bbox 1577 5175 1878 5242; x_wconf 80' lang='grc' dir='ltr'>Μεσσήνιον</span> 
     </span>
    </p>
   </div>
   <div class='ocr_carea' id='block_1_93' title="bbox 234 5257 1880 5339">
    <p class='ocr_par' dir='ltr' id='par_1_93' title="bbox 234 5257 1880 5339">
     <span class='ocr_line' id='line_1_96' title="bbox 234 5257 1880 5339; baseline -0.005 -17"><span class='ocrx_word' id='word_1_762' title='bbox 234 5260 616 5339; x_wconf 68' lang='grc' dir='ltr'>Ἀριστομένην</span> <span class='ocrx_word' id='word_1_763' title='bbox 672 5259 1036 5339; x_wconf 75' lang='grc' dir='ltr'>ποδηγήσασα</span> <span class='ocrx_word' id='word_1_764' title='bbox 1090 5260 1181 5316; x_wconf 89' lang='grc' dir='ltr'><strong><em>καὶ</em></strong></span> <span class='ocrx_word' id='word_1_765' title='bbox 1254 5262 1355 5330; x_wconf 82' lang='grc' dir='ltr'><strong><em>τὴν</em></strong></span> <span class='ocrx_word' id='word_1_766' title='bbox 1429 5257 1667 5331; x_wconf 66' lang='grc' dir='ltr'>διέξοδον</span> <span class='ocrx_word' id='word_1_767' title='bbox 1735 5259 1880 5332; x_wconf 82' lang='grc' dir='ltr'>αὐτῷ</span> 
     </span>
    </p>
   </div>
   <div class='ocr_carea' id='block_1_94' title="bbox 240 5349 572 5425">
    <p class='ocr_par' dir='ltr' id='par_1_94' title="bbox 240 5349 572 5425">
     <span class='ocr_line' id='line_1_97' title="bbox 240 5349 572 5425; baseline -0.003 -18"><span class='ocrx_word' id='word_1_768' title='bbox 240 5349 572 5425; x_wconf 79' lang='grc' dir='ltr'>ὁποδείξασα.</span> 
     </span>
    </p>
   </div>
   <div class='ocr_carea' id='block_1_95' title="bbox 303 5435 1876 5517">
    <p class='ocr_par' dir='ltr' id='par_1_95' title="bbox 303 5435 1876 5517">
     <span class='ocr_line' id='line_1_98' title="bbox 303 5435 1876 5517; baseline -0.002 -22"><span class='ocrx_word' id='word_1_769' title='bbox 303 5437 656 5513; x_wconf 72' lang='lat' dir='ltr'><strong><em>3&#39;.Té1:¢p1:ov</em></strong></span> <span class='ocrx_word' id='word_1_770' title='bbox 715 5438 917 5517; x_wconf 88' lang='grc' dir='ltr'>τρόπον</span> <span class='ocrx_word' id='word_1_771' title='bbox 972 5436 1187 5513; x_wconf 66' lang='grc' dir='ltr'>λέγεται</span> <span class='ocrx_word' id='word_1_772' title='bbox 1246 5435 1493 5515; x_wconf 81' lang='grc' dir='ltr'>ἄπειρον.</span> <span class='ocrx_word' id='word_1_773' title='bbox 1554 5438 1582 5493; x_wconf 79' lang='grc' dir='ltr'>ὃ</span> <span class='ocrx_word' id='word_1_774' title='bbox 1639 5437 1876 5514; x_wconf 82' lang='grc' dir='ltr'>πεφυκὸς</span> 
     </span>
    </p>
   </div>
   <div class='ocr_carea' id='block_1_96' title="bbox 239 5523 1875 5607">
    <p class='ocr_par' dir='ltr' id='par_1_96' title="bbox 239 5523 1875 5607">
     <span class='ocr_line' id='line_1_99' title="bbox 239 5523 1875 5607; baseline -0.003 -22"><span class='ocrx_word' id='word_1_775' title='bbox 239 5526 566 5607; x_wconf 83' lang='grc' dir='ltr'>διαπόρευσιν</span> <span class='ocrx_word' id='word_1_776' title='bbox 639 5526 784 5605; x_wconf 80' lang='grc' dir='ltr'>ἔχειν</span> <span class='ocrx_word' id='word_1_777' title='bbox 841 5524 1173 5600; x_wconf 78' lang='grc' dir='ltr'>ἀδιεξίτητόν</span> <span class='ocrx_word' id='word_1_778' title='bbox 1233 5526 1373 5582; x_wconf 78' lang='grc' dir='ltr'>ἐστιν</span> <span class='ocrx_word' id='word_1_779' title='bbox 1444 5523 1651 5589; x_wconf 59' lang='grc' dir='ltr'>ἄλλως</span> <span class='ocrx_word' id='word_1_780' title='bbox 1711 5524 1875 5580; x_wconf 88' lang='grc' dir='ltr'>καθά-</span> 
     </span>
    </p>
   </div>
   <div class='ocr_carea' id='block_1_97' title="bbox 241 5614 1873 5692">
    <p class='ocr_par' dir='ltr' id='par_1_97' title="bbox 241 5614 1873 5692">
     <span class='ocr_line' id='line_1_100' title="bbox 241 5614 1873 5692; baseline -0.004 -20"><span class='ocrx_word' id='word_1_781' title='bbox 241 5637 328 5692; x_wconf 87' lang='grc' dir='ltr'><strong><em>περ</em></strong></span> <span class='ocrx_word' id='word_1_782' title='bbox 376 5620 411 5688; x_wconf 82' lang='grc' dir='ltr'>ἠ</span> <span class='ocrx_word' id='word_1_783' title='bbox 474 5614 866 5692; x_wconf 71' lang='grc' dir='ltr'>διακεκαυμένη</span> <span class='ocrx_word' id='word_1_784' title='bbox 942 5616 1031 5672; x_wconf 87' lang='grc' dir='ltr'><strong><em>καὶ</em></strong></span> <span class='ocrx_word' id='word_1_785' title='bbox 1086 5617 1122 5684; x_wconf 80' lang='grc' dir='ltr'>ἡ</span> <span class='ocrx_word' id='word_1_786' title='bbox 1180 5616 1580 5691; x_wconf 72' lang='grc' dir='ltr'>κατεψυγμένη.</span> <span class='ocrx_word' id='word_1_787' title='bbox 1632 5619 1719 5686; x_wconf 79' lang='grc' dir='ltr'><strong><em>Τῷ</em></strong></span> <span class='ocrx_word' id='word_1_788' title='bbox 1780 5615 1873 5686; x_wconf 74' lang='grc' dir='ltr'>μὲν</span> 
     </span>
    </p>
   </div>
   <div class='ocr_carea' id='block_1_98' title="bbox 307 5776 1722 5853">
    <p class='ocr_par' dir='ltr' id='par_1_98' title="bbox 307 5776 1722 5853">
     <span class='ocr_line' id='line_1_101' title="bbox 307 5776 1722 5853; baseline -0.004 -16"><span class='ocrx_word' id='word_1_789' title='bbox 307 5780 349 5815; x_wconf 77' lang='grc'>³³</span> <span class='ocrx_word' id='word_1_790' title='bbox 373 5781 407 5837; x_wconf 91' lang='grc'><strong>3</strong></span> <span class='ocrx_word' id='word_1_791' title='bbox 432 5779 602 5853; x_wconf 76' lang='lat' dir='ltr'><strong><em>Phys.</em></strong></span> <span class='ocrx_word' id='word_1_792' title='bbox 636 5794 686 5836; x_wconf 78' lang='grc' dir='ltr'><strong><em>ο.</em></strong></span> <span class='ocrx_word' id='word_1_793' title='bbox 717 5778 774 5848; x_wconf 83' lang='grc'>6,</span> <span class='ocrx_word' id='word_1_794' title='bbox 806 5779 851 5833; x_wconf 82' lang='grc' dir='ltr'><strong><em>ι.</em></strong></span> <span class='ocrx_word' id='word_1_795' title='bbox 882 5776 969 5837; x_wconf 87' lang='lat'><strong><em>35.</em></strong></span> <span class='ocrx_word' id='word_1_796' title='bbox 1047 5777 1092 5813; x_wconf 70' lang='lat'><strong><em>3°</em></strong></span> <span class='ocrx_word' id='word_1_797' title='bbox 1118 5776 1156 5832; x_wconf 84' lang='lat'>5</span> <span class='ocrx_word' id='word_1_798' title='bbox 1177 5776 1354 5851; x_wconf 83' lang='lat' dir='ltr'><strong><em>Phys.</em></strong></span> <span class='ocrx_word' id='word_1_799' title='bbox 1387 5794 1438 5835; x_wconf 86' lang='grc' dir='ltr'><strong><em>ο.</em></strong></span> <span class='ocrx_word' id='word_1_800' title='bbox 1468 5778 1523 5847; x_wconf 89' lang='grc'>5,</span> <span class='ocrx_word' id='word_1_801' title='bbox 1556 5779 1601 5832; x_wconf 89' lang='lat' dir='ltr'><strong><em>t.</em></strong></span> <span class='ocrx_word' id='word_1_802' title='bbox 1633 5776 1722 5831; x_wconf 82' lang='lat'><strong><em>&#39;22.</em></strong></span> 
     </span>
    </p>
   </div>
   <div class='ocr_carea' id='block_1_99' title="bbox 1991 4902 3622 4976">
    <p class='ocr_par' dir='ltr' id='par_1_99' title="bbox 1991 4902 3622 4976">
     <span class='ocr_line' id='line_1_102' title="bbox 1991 4902 3622 4976; baseline -0.003 -15"><span class='ocrx_word' id='word_1_803' title='bbox 1991 4906 2306 4962; x_wconf 88' lang='lat' dir='ltr'><strong><em>conclusus</em></strong></span> <span class='ocrx_word' id='word_1_804' title='bbox 2327 4907 2510 4961; x_wconf 89' lang='lat' dir='ltr'><strong><em>evasit</em></strong></span> <span class='ocrx_word' id='word_1_805' title='bbox 2532 4910 2618 4973; x_wconf 90' lang='lat' dir='ltr'><strong><em>;et</em></strong></span> <span class='ocrx_word' id='word_1_806' title='bbox 2642 4911 2774 4960; x_wconf 85' lang='lat' dir='ltr'><strong><em>ante</em></strong></span> <span class='ocrx_word' id='word_1_807' title='bbox 2795 4922 2930 4960; x_wconf 89' lang='lat' dir='ltr'><strong><em>eum</em></strong></span> <span class='ocrx_word' id='word_1_808' title='bbox 2956 4905 3234 4970; x_wconf 89' lang='lat' dir='ltr'><strong><em>Theseus,</em></strong></span> <span class='ocrx_word' id='word_1_809' title='bbox 3261 4902 3383 4976; x_wconf 89' lang='lat' dir='ltr'><strong><em>qui,</em></strong></span> <span class='ocrx_word' id='word_1_810' title='bbox 3411 4902 3622 4958; x_wconf 69' lang='lat' dir='ltr'><strong><em>Daedali</em></strong></span> 
     </span>
    </p>
   </div>
   <div class='ocr_carea' id='block_1_100' title="bbox 1991 4990 3621 5065">
    <p class='ocr_par' dir='ltr' id='par_1_100' title="bbox 1991 4990 3621 5065">
     <span class='ocr_line' id='line_1_103' title="bbox 1991 4990 3621 5065; baseline -0.002 -16"><span class='ocrx_word' id='word_1_811' title='bbox 1991 5012 2194 5065; x_wconf 84' lang='lat' dir='ltr'><strong><em>suasu,</em></strong></span> <span class='ocrx_word' id='word_1_812' title='bbox 2228 4994 2391 5049; x_wconf 87' lang='lat' dir='ltr'><strong><em>ﬁlum</em></strong></span> <span class='ocrx_word' id='word_1_813' title='bbox 2432 4994 2653 5049; x_wconf 87' lang='lat' dir='ltr'><strong><em>foribus</em></strong></span> <span class='ocrx_word' id='word_1_814' title='bbox 2682 5010 2814 5049; x_wconf 89' lang='lat' dir='ltr'><strong><em>cum</em></strong></span> <span class='ocrx_word' id='word_1_815' title='bbox 2845 4993 3247 5065; x_wconf 86' lang='lat' dir='ltr'><strong><em>ingrederetur</em></strong></span> <span class='ocrx_word' id='word_1_816' title='bbox 3292 4990 3621 5065; x_wconf 87' lang='lat' dir='ltr'><strong><em>alligatum,</em></strong></span> 
     </span>
    </p>
   </div>
   <div class='ocr_carea' id='block_1_101' title="bbox 1989 5080 3621 5154">
    <p class='ocr_par' dir='ltr' id='par_1_101' title="bbox 1989 5080 3621 5154">
     <span class='ocr_line' id='line_1_104' title="bbox 1989 5080 3621 5154; baseline -0.001 -18"><span class='ocrx_word' id='word_1_817' title='bbox 1989 5081 2142 5137; x_wconf 88' lang='lat' dir='ltr'><strong><em>inter</em></strong></span> <span class='ocrx_word' id='word_1_818' title='bbox 2169 5082 2585 5154; x_wconf 88' lang='lat' dir='ltr'><strong><em>egrediendum</em></strong></span> <span class='ocrx_word' id='word_1_819' title='bbox 2622 5098 2856 5153; x_wconf 90' lang='lat' dir='ltr'><strong><em>quoque</em></strong></span> <span class='ocrx_word' id='word_1_820' title='bbox 2902 5098 3102 5137; x_wconf 90' lang='lat' dir='ltr'><strong><em>secum</em></strong></span> <span class='ocrx_word' id='word_1_821' title='bbox 3152 5082 3407 5136; x_wconf 84' lang='lat' dir='ltr'><strong><em>attraxit.</em></strong></span> <span class='ocrx_word' id='word_1_822' title='bbox 3459 5080 3621 5145; x_wconf 89' lang='lat' dir='ltr'><strong><em>Quod</em></strong></span> 
     </span>
    </p>
   </div>
   <div class='ocr_carea' id='block_1_102' title="bbox 1990 5168 3623 5241">
    <p class='ocr_par' dir='ltr' id='par_1_102' title="bbox 1990 5168 3623 5241">
     <span class='ocr_line' id='line_1_105' title="bbox 1990 5168 3623 5241; baseline -0.001 -17"><span class='ocrx_word' id='word_1_823' title='bbox 1990 5174 2184 5224; x_wconf 88' lang='lat' dir='ltr'><strong><em>autem</em></strong></span> <span class='ocrx_word' id='word_1_824' title='bbox 2215 5170 2370 5225; x_wconf 72' lang='lat' dir='ltr'><strong><em>I20</em></strong></span> <span class='ocrx_word' id='word_1_825' title='bbox 2399 5170 2573 5224; x_wconf 86' lang='lat' dir='ltr'><strong><em>etiam</em></strong></span> <span class='ocrx_word' id='word_1_826' title='bbox 2602 5186 2632 5225; x_wconf 90' lang='lat' dir='ltr'><strong><em>e</em></strong></span> <span class='ocrx_word' id='word_1_827' title='bbox 2680 5169 2870 5225; x_wconf 89' lang='lat' dir='ltr'><strong><em>Ceada</em></strong></span> <span class='ocrx_word' id='word_1_828' title='bbox 2903 5169 3045 5224; x_wconf 85' lang='lat' dir='ltr'><strong><em>exiri</em></strong></span> <span class='ocrx_word' id='word_1_829' title='bbox 3098 5169 3371 5241; x_wconf 87' lang='lat' dir='ltr'><strong><em>potuerit,</em></strong></span> <span class='ocrx_word' id='word_1_830' title='bbox 3418 5168 3623 5240; x_wconf 91' lang='lat' dir='ltr'><strong><em>vulpes</em></strong></span> 
     </span>
    </p>
   </div>
   <div class='ocr_carea' id='block_1_103' title="bbox 1989 5257 3621 5329">
    <p class='ocr_par' dir='ltr' id='par_1_103' title="bbox 1989 5257 3621 5329">
     <span class='ocr_line' id='line_1_106' title="bbox 1989 5257 3621 5329; baseline -0.001 -16"><span class='ocrx_word' id='word_1_831' title='bbox 1989 5258 2368 5313; x_wconf 72' lang='lat' dir='ltr'><strong><em>manifestum</em></strong></span> <span class='ocrx_word' id='word_1_832' title='bbox 2401 5258 2555 5329; x_wconf 82' lang='lat' dir='ltr'><strong><em>fecit,</em></strong></span> <span class='ocrx_word' id='word_1_833' title='bbox 2601 5276 2725 5329; x_wconf 66' lang='lat' dir='ltr'><strong><em>quae</em></strong></span> <span class='ocrx_word' id='word_1_834' title='bbox 2771 5257 3126 5313; x_wconf 88' lang='lat' dir='ltr'><strong><em>Aristomeni</em></strong></span> <span class='ocrx_word' id='word_1_835' title='bbox 3176 5258 3468 5313; x_wconf 88' lang='lat' dir='ltr'><strong><em>Messenio</em></strong></span> <span class='ocrx_word' id='word_1_836' title='bbox 3515 5258 3621 5312; x_wconf 91' lang='lat' dir='ltr'><strong><em>du-</em></strong></span> 
     </span>
    </p>
   </div>
   <div class='ocr_carea' id='block_1_104' title="bbox 1987 5346 3167 5416">
    <p class='ocr_par' dir='ltr' id='par_1_104' title="bbox 1987 5346 3167 5416">
     <span class='ocr_line' id='line_1_107' title="bbox 1987 5346 3167 5416; baseline 0 -15"><span class='ocrx_word' id='word_1_837' title='bbox 1987 5347 2134 5401; x_wconf 88' lang='lat' dir='ltr'><strong><em>ctrix</em></strong></span> <span class='ocrx_word' id='word_1_838' title='bbox 2164 5347 2293 5416; x_wconf 81' lang='lat' dir='ltr'><strong><em>fuit,</em></strong></span> <span class='ocrx_word' id='word_1_839' title='bbox 2324 5352 2382 5401; x_wconf 88' lang='lat' dir='ltr'><strong><em>et</em></strong></span> <span class='ocrx_word' id='word_1_840' title='bbox 2413 5346 2633 5401; x_wconf 85' lang='lat' dir='ltr'><strong><em>exitum</em></strong></span> <span class='ocrx_word' id='word_1_841' title='bbox 2666 5348 3167 5402; x_wconf 88' lang='lat' dir='ltr'><strong><em>commonstravit.</em></strong></span> 
     </span>
    </p>
   </div>
   <div class='ocr_carea' id='block_1_105' title="bbox 2057 5433 3623 5506">
    <p class='ocr_par' dir='ltr' id='par_1_105' title="bbox 2057 5433 3623 5506">
     <span class='ocr_line' id='line_1_108' title="bbox 2057 5433 3623 5506; baseline 0.001 -18"><span class='ocrx_word' id='word_1_842' title='bbox 2057 5435 2109 5488; x_wconf 89' lang='grc'><strong><em>4.</em></strong></span> <span class='ocrx_word' id='word_1_843' title='bbox 2151 5433 2369 5497; x_wconf 87' lang='lat' dir='ltr'><strong><em>Quarto</em></strong></span> <span class='ocrx_word' id='word_1_844' title='bbox 2416 5434 2586 5490; x_wconf 89' lang='lat' dir='ltr'><strong><em>modo</em></strong></span> <span class='ocrx_word' id='word_1_845' title='bbox 2642 5435 2939 5490; x_wconf 83' lang='lat' dir='ltr'><strong><em>inﬁnitum</em></strong></span> <span class='ocrx_word' id='word_1_846' title='bbox 2998 5435 3231 5505; x_wconf 85' lang='lat' dir='ltr'><strong><em>dicitur,</em></strong></span> <span class='ocrx_word' id='word_1_847' title='bbox 3282 5435 3434 5506; x_wconf 90' lang='lat' dir='ltr'><strong><em>quod</em></strong></span> <span class='ocrx_word' id='word_1_848' title='bbox 3489 5451 3623 5490; x_wconf 91' lang='lat' dir='ltr'><strong><em>cum</em></strong></span> 
     </span>
    </p>
   </div>
   <div class='ocr_carea' id='block_1_106' title="bbox 1986 5522 3626 5595">
    <p class='ocr_par' dir='ltr' id='par_1_106' title="bbox 1986 5522 3626 5595">
     <span class='ocr_line' id='line_1_109' title="bbox 1986 5522 3626 5595; baseline 0 -16"><span class='ocrx_word' id='word_1_849' title='bbox 1986 5528 2197 5579; x_wconf 85' lang='lat' dir='ltr'><strong><em>natura</em></strong></span> <span class='ocrx_word' id='word_1_850' title='bbox 2222 5524 2303 5577; x_wconf 84' lang='lat' dir='ltr'><strong><em>ita</em></strong></span> <span class='ocrx_word' id='word_1_851' title='bbox 2333 5528 2739 5595; x_wconf 86' lang='lat' dir='ltr'><strong><em>comparatum</em></strong></span> <span class='ocrx_word' id='word_1_852' title='bbox 2773 5525 2869 5590; x_wconf 85' lang='lat' dir='ltr'><strong><em>sit,</em></strong></span> <span class='ocrx_word' id='word_1_853' title='bbox 2907 5528 2970 5579; x_wconf 89' lang='lat' dir='ltr'><strong><em>ut</em></strong></span> <span class='ocrx_word' id='word_1_854' title='bbox 2990 5524 3225 5579; x_wconf 82' lang='lat' dir='ltr'><strong><em>transiri</em></strong></span> <span class='ocrx_word' id='word_1_855' title='bbox 3261 5525 3446 5595; x_wconf 83' lang='lat' dir='ltr'><strong><em>possit</em></strong></span> <span class='ocrx_word' id='word_1_856' title='bbox 3472 5541 3485 5587; x_wconf 85' lang='lat'><strong>;</strong></span> <span class='ocrx_word' id='word_1_857' title='bbox 3510 5522 3626 5579; x_wconf 82' lang='lat' dir='ltr'><strong><em>alia</em></strong></span> 
     </span>
    </p>
   </div>
   <div class='ocr_carea' id='block_1_107' title="bbox 1984 5610 3623 5683">
    <p class='ocr_par' dir='ltr' id='par_1_107' title="bbox 1984 5610 3623 5683">
     <span class='ocr_line' id='line_1_110' title="bbox 1984 5610 3623 5683; baseline 0.001 -18"><span class='ocrx_word' id='word_1_858' title='bbox 1984 5616 2176 5666; x_wconf 87' lang='lat' dir='ltr'><strong><em>tamen</em></strong></span> <span class='ocrx_word' id='word_1_859' title='bbox 2209 5610 2432 5667; x_wconf 87' lang='lat' dir='ltr'><strong><em>ratione</em></strong></span> <span class='ocrx_word' id='word_1_860' title='bbox 2462 5613 2777 5668; x_wconf 83' lang='lat' dir='ltr'><strong><em>transitum</em></strong></span> <span class='ocrx_word' id='word_1_861' title='bbox 2814 5630 2926 5668; x_wconf 90' lang='lat' dir='ltr'><strong><em>non</em></strong></span> <span class='ocrx_word' id='word_1_862' title='bbox 2960 5612 3234 5683; x_wconf 84' lang='lat' dir='ltr'><strong><em>admittit,</em></strong></span> <span class='ocrx_word' id='word_1_863' title='bbox 3294 5619 3358 5667; x_wconf 88' lang='lat' dir='ltr'><strong><em>ut</em></strong></span> <span class='ocrx_word' id='word_1_864' title='bbox 3402 5613 3623 5667; x_wconf 88' lang='lat' dir='ltr'><strong><em>torrida</em></strong></span> 
     </span>
    </p>
   </div>
  </div>
