4024 6484
399 381 549 446 HM

1643 371 2070 441 NICEPHORI
2112 371 2546 442 BLEMMIDE

3667 369 3828 436 ιιι,

401 521 460 571 et
512 515 722 589 frigida
777 516 966 586 [terra
1024 513 1216 586 Zona].
1278 512 1424 578 Quia
1481 513 1635 568 enim
1695 512 2038 584 magnitudo

2183 508 2254 581 dp
2316 508 2540 580 ὡρίσθαι
2599 511 2662 565 τὸ
2733 510 2954 586 μέγεθος
3034 507 3230 580 αὐτῶν,
3293 503 3670 585 διαπορευταὶ
3738 502 3825 560 καὶ

401 604 662 676 ipsarum
695 605 934 659 deﬁnita
961 609 1070 673 est,
1103 603 1288 658 ambs:
1311 602 1487 657 etiam
1508 603 1745 658 transiri
1768 608 2035 674 possunt.

2149 594 2314 674 ἄμφω
2372 598 2524 653 εἰσίν.
2561 599 2718 656 Ἀλλ’
2758 603 2792 669 ἡ
2843 605 2942 654 τοῦ
2988 599 3146 674 ἀέρος
3196 597 3544 674 ἀσυμμετρία
3612 594 3824 650 κωλύει

403 695 618 749 Verum
681 694 832 749 aeris
889 693 1264 766 intemperies
1320 691 1536 759 obstat,
1596 709 1669 747 ne
1746 693 2038 764 peragrari

2183 686 2246 752 ἠν
2279 685 2453 741 αὐτῶν
2489 685 2828 758 διεξέλευσιν.

401 787 639 854 queant.

471 873 525 924 5.
564 871 843 936 Quintum
875 873 918 908 ³ι
949 876 1005 926 et
1040 871 1228 943 magis
1256 871 1558 943 proprium
1593 871 1806 926 inﬁniti
1857 871 2042 943 signi-

403 962 642 1015 ticatum
676 965 783 1030 est,
817 961 983 1031 cujus
1019 976 1250 1031 semper
1269 958 1488 1030 aliquid
1511 959 1645 1014 licet
1673 965 1738 1014 ut
1765 961 2040 1031 accipias,

403 1065 516 1104 non
553 1049 704 1104 idem
739 1054 934 1104 tamen
966 1050 1030 1102 ³³.
1067 1049 1183 1103 Hoc
1215 1053 1408 1102 autem
1440 1048 1498 1103 in
1560 1065 1802 1104 numero
1848 1050 2040 1119 quoad

405 1137 803 1203 additionem;
864 1137 922 1192 in
976 1137 1403 1208 magnitudine,
1449 1138 1639 1208 quoad
1698 1137 2042 1193 divisionem

407 1230 727 1297 spectatur.
761 1226 905 1280 Nam
945 1231 1002 1279 et
1050 1226 1209 1280 omni
1254 1241 1497 1280 numero
1545 1242 1774 1297 semper
1822 1226 2041 1297 aliquid

407 1314 619 1368 addere
645 1314 798 1382 licet,
830 1319 885 1369 et
915 1330 1088 1369 omne
1118 1315 1460 1369 continuum
1494 1314 1552 1368 in
1602 1315 1896 1370 inﬁnitum
1943 1331 2045 1387 po-

407 1408 525 1458 test
557 1403 754 1457 dividi.
791 1403 851 1457 In
882 1407 1140 1473 tempore
1189 1407 1384 1457 autem
1429 1405 1601 1457 ambo
1655 1403 2042 1458 conveniunt:

409 1491 631 1546 additio
662 1489 940 1545 nimirum
983 1495 1037 1544 et
1077 1490 1302 1546 divisio.
1354 1491 1423 1544 Et
1469 1490 1763 1546 additione
1807 1492 2044 1563 quidem

408 1579 674 1634 futurum
708 1583 940 1650 tempus
972 1578 1148 1634 habet
1176 1583 1240 1632 ut
1269 1578 1565 1633 inﬁnitum
1598 1579 1673 1634 sit
1700 1595 1714 1645 ;
1766 1580 2047 1636 divisione

408 1675 603 1725 autem
637 1668 1013 1739 praeteritum.

478 1759 532 1812 6.
565 1758 740 1812 Porro
767 1761 962 1812 autem
996 1760 1052 1810 et
1082 1756 1138 1810 in
1171 1755 1263 1810 his
1295 1772 1420 1827 quae
1451 1761 1742 1827 augentur
1768 1758 1832 1823 ³⁸,
1879 1762 1935 1811 et
1986 1757 2045 1811 in

2223 865 2276 919 ε’.
2313 863 2566 936 Πέμπτον
2605 865 3007 938 σημαινόμενον
3037 869 3134 920 τοῦ
3176 863 3400 936 ἀπείρου
3447 864 3542 918 καὶ
3613 863 3828 936 κυριώ-

2149 971 2322 1026 τερον,
2378 951 2439 1006 οὗ
2490 952 2631 1007 ἐστιν
2681 948 3099 1026 ἀντιλαμϐάνειν
3148 953 3210 1008 οὖ
3255 955 3318 1007 τὸ
3369 952 3521 1008 αὐτό.
3559 957 3755 1006 Τοῦτο
3787 949 3829 1005 δ’

2153 1039 2240 1094 ἐπὶ
2290 1046 2387 1094 τοῦ
2431 1042 2662 1115 ἀριθμοῦ
2712 1045 2991 1119 Θεωρεῖται
3055 1043 3191 1096 κατᾶ
3243 1042 3557 1118 πρόσθεσιν·
3622 1041 3724 1095 ἐπὶ
3777 1039 3831 1094 δὲ

2157 1129 2416 1201 μεγέθους
2501 1131 2636 1184 κατὰ
2711 1127 2990 1206 διαίρεσιν.
3052 1129 3214 1184 Παντί
3280 1151 3336 1184 τε
3405 1131 3511 1205 γὰρ
3601 1130 3831 1204 ἀριθμῷ

2153 1216 2492 1290 προστιθέναι
2561 1216 2698 1274 ἔστιν
2763 1219 2866 1288 ἀεὶ,
2917 1219 3004 1273 καὶ
3052 1225 3154 1273 πᾶν
3210 1219 3429 1294 συνεχὲς
3506 1217 3603 1273 ἐπ’
3684 1215 3832 1272 ἄπει-

2157 1324 2247 1378 ρον
2321 1306 2553 1382 ὑπάρχει
2612 1305 2900 1383 διαιρετόν.
2963 1308 3082 1362 Ἐπὶ
3141 1305 3198 1362 δὲ
3270 1312 3367 1362 τοῦ
3439 1307 3673 1384 χρόνου
3742 1309 3830 1361 καὶ

2157 1392 2322 1472 ἄμφω
2383 1397 2756 1472 συνέρχονται,
2816 1395 3102 1472 πρόσθεσις
3156 1393 3371 1467 δηλαδὴ
3435 1397 3530 1451 καὶ
3619 1394 3830 1472 διαίρε-

2155 1503 2255 1544 σις.
2312 1483 2411 1538 Καὶ
2465 1484 2747 1559 προσθέσει
2808 1486 2902 1557 μὶν
2936 1487 2964 1539 ὁ
3000 1484 3220 1558 μέλλων
3271 1483 3384 1560 ἔχει
3432 1485 3498 1540 τὸ
3557 1485 3825 1560 ἄπειρον·

2157 1572 2185 1624 ὁ
2215 1570 2617 1646 παρεληλυθὼς
2648 1571 2706 1628 δὲ
2735 1571 3011 1648 διαιρέσει.

2229 1769 2290 1811 ς.
2327 1749 2425 1803 Καὶ
2453 1755 2571 1812 τοῖς
2615 1747 2933 1822 αὐξομένοις
2983 1747 3040 1804 δὲ
3089 1750 3178 1805 καὶ
3222 1755 3341 1812 τοῖς
3398 1746 3826 1827 διαιρουμένοις

406 1847 500 1902 his
530 1862 657 1918 quae
688 1845 1053 1910 dividuntur,
1073 1847 1360 1916 potestate
1382 1843 1679 1899 inﬁnitum
1707 1845 1859 1900 inest
1879 1845 2047 1916 ,quia

2183 1837 2377 1910 ἰυνάμει
2406 1836 2469 1892 τι)
2502 1837 2720 1912 ἄπειρον
2752 1837 3070 1894 ἕνεστιν·δτι
3092 1836 3310 1894 δύναται
3334 1836 3604 1908 δηλονότι
3635 1840 3709 1894 τὸ
3734 1839 3825 1911 μὲν

2199 1923 2338 1942 ν.-
2487 1925 2657 1942 ει...
2806 1934 2881 1942 _-
2992 1925 3186 1942 ......
3320 1927 3708 1942 ..-ις

407 1934 631 1991 scilicet
657 1932 757 1987 illa
801 1932 1022 2005 augeri,
1073 1932 1194 1986 haec
1239 1931 1444 2002 dividi,
1495 1948 1728 2004 semper
1775 1937 2044 2005 possunt.

406 2022 609 2093 Neque
637 2020 794 2076 enim
827 2036 1104 2076 numerus
1137 2023 1270 2074 actu
1311 2019 1371 2074 in
1403 2019 1698 2075 inﬁnitum
1732 2026 1941 2076 auctus
1962 2025 2051 2076 est

409 2109 648 2182 (quippe
692 2109 885 2164 omnis
942 2109 1088 2164 121
1153 2112 1286 2163 actu
1349 2113 1642 2180 sumptus,
1703 2110 2051 2164 terminatus

409 2199 518 2268 est)
544 2215 556 2265 ;
586 2213 776 2268 neque
807 2197 1152 2268 magnitudo
1184 2197 1244 2250 in
1275 2196 1536 2252 inﬁnitas
1567 2202 1761 2268 partes
1785 2199 1896 2254 erit
1917 2204 2046 2254 actu

413 2286 619 2342 divisa.
647 2285 850 2342 Omnis
881 2284 1038 2339 enim
1072 2283 1278 2340 divisio
1319 2290 1450 2339 actu
1493 2285 1665 2353 facta,
1713 2286 1910 2342 ﬁnitas
1958 2305 2053 2342 se-

417 2376 638 2431 ctiones
670 2373 920 2445 reponit.
942 2372 1231 2445 Sicigitur
1247 2373 1420 2428 etiam
1445 2390 1617 2429 omne
1641 2379 1874 2446 tempus
1899 2377 2053 2446 quod

421 2467 555 2519 actu
587 2463 839 2518 divisum
873 2467 980 2531 est,
1010 2466 1111 2516 aut
1141 2461 1498 2516 additionem
1531 2464 1810 2534 suscepit,
1851 2465 2054 2519 termi-

423 2556 627 2608 natum
660 2554 766 2606 est.
799 2551 1158 2621 Quapropter
1186 2549 1482 2604 inﬁnitum
1515 2549 1572 2605 in
1616 2551 1832 2622 quibus
1883 2553 2058 2608 rebus

424 2642 597 2706 inest,
656 2643 939 2710 potestate
994 2638 1384 2710 cognoscitur.
1444 2639 1508 2694 In
1567 2656 1634 2695 eo
1687 2641 1842 2695 enim
1902 2642 2057 2712 quod

424 2745 654 2800 semper
685 2727 863 2783 secari
898 2726 1104 2799 possit,
1135 2743 1238 2782 nec
1261 2744 1521 2798 unquam
1554 2729 1731 2784 sectio
1791 2729 2056 2796 desinat;

423 2823 481 2874 et
511 2832 741 2888 semper
769 2815 967 2887 augeri
1003 2815 1206 2888 possit,
1240 2832 1343 2870 nec
1377 2833 1638 2888 unquam
1669 2818 1900 2873 desinat
1955 2835 2059 2874 au-

422 2906 555 2974 ctio,
587 2905 888 2960 inﬁnitum
923 2904 1346 2960 consideratur.

490 2996 544 3047 7.
587 2993 835 3048 Proinde
866 2992 1164 3048 inﬁnitum
1193 2993 1251 3048 in
1284 3010 1350 3049 eo
1381 2994 1535 3065 quod
1567 2995 1769 3062 dividi,
1802 3000 1860 3051 et
1884 2995 1945 3050 in
1993 3012 2060 3051 eo

421 3083 575 3154 quod
609 3081 804 3153 augeri
839 3085 1049 3151 potest,
1082 3080 1272 3136 locum
1324 3081 1518 3137 habet.
1571 3083 1687 3138 Etsi
1737 3083 1892 3137 enim
1945 3101 2059 3139 non

420 3170 732 3234 dividatur,
768 3169 823 3222 id
867 3169 1020 3239 quod
1082 3169 1262 3223 dividi
1322 3175 1534 3240 potest,
1595 3176 1698 3226 aut
1756 3177 2059 3243 augeatur,

2160 1923 2427 1997 αὔξεσθαι,
2449 1927 2511 1981 τὸ
2543 1925 2600 1982 δὶ
2629 1925 2948 2004 διαιρεῖσθαι
2981 1927 3080 1983 ἀεί.
3115 1925 3249 1983 Οὔτε
3275 1929 3376 2004 γάρ
3407 1927 3661 2003 ἀριθμὸς
3688 1929 3829 2003 ἐνερ-

2158 2015 2277 2089 γείᾳ
2325 2013 2464 2069 ἐστὶν
2516 2014 2592 2077 εἷς
2639 2017 2858 2092 ἄπειρον
2909 2015 3155 2089 αὐξηθεὶς
3206 2019 3331 2089 (πᾶς
3376 2017 3477 2092 γὰρ
3513 2017 3543 2071 ὁ
3579 2017 3827 2094 ληφθεὶς

2161 2102 2398 2179 ἐνεργείᾳ
2453 2103 2822 2178 πεπέρασται),
2886 2101 3009 2160 οὔτε
3071 2104 3292 2181 μέγεθος
3356 2105 3600 2182 ἐνεργείᾳ
3681 2103 3826 2160 ἔσται

2161 2189 2488 2267 διῃρημένον
2538 2192 2614 2254 εἷς
2665 2190 2876 2267 ἄπειρα.
2927 2199 3076 2248 Πᾶσα
3104 2193 3207 2268 γὰρ
3255 2191 3517 2269 διαίρεσις
3575 2194 3828 2270 ἐνεργείᾳ

2162 2286 2438 2356 γεγονυῖα,
2493 2283 2872 2357 πεπερασμένα
2924 2283 2992 2335 τὰ
3044 2283 3309 2355 τμήματα
3361 2281 3601 2352 τίθησιν.
3671 2281 3824 2337 Οὕτω

2162 2370 2340 2425 τοίνυν
2396 2370 2486 2424 καὶ
2529 2376 2632 2432 πᾶς
2678 2371 2877 2446 χρόνος
2927 2370 3161 2447 ἐνεργείᾳ
3206 2368 3516 2446 διαιρεθεὶς,
3556 2373 3592 2440 ἢ
3648 2367 3826 2448 πρόσ-

2167 2469 2308 2521 θεσιν
2400 2455 2741 2534 δεδεγμένος,
2809 2457 3156 2535 πεπέρασται.
3221 2463 3382 2514 Ὥστε
3456 2463 3521 2515 τὸ
3591 2459 3821 2534 ἄπειρον

2167 2549 2355 2623 οἷσπερ
2399 2544 2588 2619 ἔνεστι,
2641 2545 2864 2620 δυνάμει
2927 2549 3268 2622 γινώσκεται·
3321 2548 3372 2602 έν
3425 2549 3532 2625 γὰρ
3585 2555 3674 2621 τῷ
3733 2547 3822 2604 δύ-

2165 2638 2352 2691 νασθαι
2420 2635 2650 2691 πάντοτε
2694 2636 2980 2710 τέμνεσθαι
3028 2637 3118 2690 καὶ
3172 2635 3430 2710 μηδαμοῦ
3475 2637 3818 2712 καταλήγειν

2165 2728 2264 2794 τὴν
2315 2727 2515 2798 τομὴν,
2564 2726 2652 2781 καὶ
2704 2725 2868 2780 πάλιν
2922 2724 3165 2796 αὔξεσθαι
3207 2725 3436 2782 πάντοτε
3479 2728 3575 2782 καὶ
3641 2725 3818 2800 μηδα-

2173 2818 2277 2886 μοῦ
2347 2811 2672 2889 καταλήγειν
2743 2815 2843 2881 τὴν
2909 2811 3150 2887 αὔξησιν,
3201 2815 3481 2889 θεωρεῖται
3524 2817 3592 2870 τὸ
3668 2813 3816 2870 ἄπει-

2171 2923 2283 2978 ρον.

2244 2993 2302 3060 ζ’.
2365 2992 2448 3046 Ἐν
2495 2995 2577 3063 τῷ
2625 2988 2877 3067 διαιρετῷ
2942 2992 3044 3068 ἄρα
3089 2990 3152 3047 τὸ
3202 2989 3443 3068 ἄπειρον,
3493 2994 3588 3047 καὶ
3639 2993 3698 3048 ἐν
3743 3013 3818 3063 τῳ

2169 3078 2402 3152 αὖξητῷ.
2451 3079 2555 3134 Κᾶν
2609 3079 2711 3154 γὰρ
2763 3082 2839 3152 μὴ
2893 3078 3166 3154 διαιρῆται
3213 3081 3276 3135 τὸ
3328 3078 3624 3156 διαιρετὸν,
3657 3083 3694 3151 ἢ
3727 3078 3815 3136 αῦ-

2172 3169 2326 3238 ξηται
2355 3169 2417 3221 τὸ
2448 3164 2696 3237 αὐξητόν’
2731 3166 2858 3223 ἀλλ’
2887 3165 2987 3223 οὗκ
3037 3169 3098 3222 τὸ
3150 3169 3244 3241 μὶν
3297 3168 3380 3224 ἐπ’
3433 3171 3659 3245 ἄπειρόν
3714 3169 3816 3224 ἐστι

423 3259 575 3330 quod
605 3257 802 3330 augeri
837 3262 1045 3328 potest,
1079 3263 1274 3313 tamen
1305 3259 1446 3313 illud
1478 3260 1711 3329 quidem
1764 3241 2057 3315 in—inﬁni-

2183 3253 2465 3330 διαιρετὸν,
2494 3258 2557 3310 τὸ
2615 3253 2659 3310 δ’
2719 3255 2801 3310 ἐπ’
2861 3256 3079 3333 ἄπειρον
3113 3257 3362 3327 αὐξητόν.
3391 3257 3452 3312 Et
3485 3241 3685 3313 δὲ’κᾶν
3742 3261 3816 3328 τῷ

424 3353 548 3402 tum
582 3346 782 3414 dividi,
817 3347 924 3401 hoc
954 3352 1147 3402 autem
1183 3346 1241 3400 in
1274 3346 1574 3402 inﬁnitum
1605 3348 1803 3420 augeri
1851 3353 2058 3420 potest.

423 3436 772 3507 Quanquam
806 3439 1002 3489 autem
1033 3436 1207 3490 etiam
1255 3436 1314 3489 in
1363 3452 1430 3492 eo
1479 3437 1632 3507 quod
1682 3436 1964 3492 dividitur
2008 3442 2065 3492 et

426 3524 580 3594 quod
611 3527 880 3594 augetur,
914 3523 1214 3579 inﬁnitum
1257 3525 1682 3592 consideratur,
1735 3526 1819 3581 sic
1867 3531 2062 3581 tamen

427 3613 658 3682 saltem,
695 3611 954 3683 quandiu
989 3612 1271 3668 dividitur
1298 3619 1354 3668 et
1385 3619 1653 3686 augetur.

498 3701 552 3755 8.
587 3702 802 3771 Estque
853 3699 1042 3756 auctio
1091 3707 1147 3757 et
1193 3702 1400 3758 divisio
1443 3702 1501 3757 in
1551 3702 1847 3758 inﬁnitum
1900 3708 2066 3759 actus

426 3791 554 3859 ejus
586 3790 739 3860 quod
774 3793 1057 3860 potestate
1086 3794 1194 3853 est,
1229 3795 1286 3846 et
1315 3791 1691 3863 imperfectus
1738 3796 1925 3848 actus.
1979 3792 2068 3848 Fit

427 3877 582 3932 enim
612 3882 948 3931 remanente
978 3894 1043 3931 eo
1076 3878 1231 3948 quod
1266 3883 1548 3949 potestate
1577 3886 1686 3948 est,
1731 3884 1787 3935 et
1830 3880 1888 3934 in
1941 3881 2063 3935 ﬁeri

428 3982 601 4020 suum
635 3981 762 4019 esse
795 3966 986 4019 habet.
1040 3967 1105 4020 Et
1156 3969 1655 4036 quemadmodum
1699 3969 1777 4023 rei
1833 3968 2068 4024 mobilis

427 4058 592 4108 actus
627 4055 728 4123 qui
762 4053 952 4124 ipsum
990 4059 1271 4124 potestate
1298 4061 1508 4123 servat,
1539 4062 1734 4110 motus
1765 4073 1892 4112 esse
1913 4058 2066 4113 dice-

427 4143 619 4208 batur,
653 4141 731 4196 ita
761 4142 934 4196 etiam
968 4144 1096 4212 ejus
1122 4144 1276 4213 quod
1327 4144 1506 4198 dividi
1561 4149 1618 4199 et
1663 4145 1859 4217 augeri
1913 4145 2065 4202 122

429 4235 617 4301 potest
647 4235 814 4285 actus
844 4230 943 4302 qui
977 4231 1169 4302 ipsum
1204 4236 1486 4300 potestate
1511 4233 1737 4299 retinet,
1773 4234 2066 4288 inﬁnitum

429 4319 669 4374 obtinet.
702 4319 848 4374 Nam
881 4318 1058 4374 simul
1100 4335 1165 4374 ac
1198 4337 1230 4373 a
1261 4324 1542 4390 potestate
1591 4337 1719 4376 esse
1767 4323 2068 4393 sejunctus

429 4408 626 4476 fuerit,
659 4408 1083 4464 extremitatem
1117 4409 1360 4480 accepit,
1384 4415 1440 4463 et
1473 4409 1860 4465 inﬁnitionem
1893 4412 2066 4482 depo~

432 4497 567 4553 suit.
603 4499 964 4569 QuaprOpter
994 4497 1294 4551 inﬁnitum
1327 4497 1399 4553 ab
1429 4497 1538 4552 hoc
1571 4502 1634 4552 ut
1663 4503 1944 4569 potestate
1967 4500 2065 4569 sit,

433 4603 545 4641 non
579 4587 807 4641 decedit
829 4587 893 4639 ³⁸.

499 4677 552 4729 9.
587 4676 681 4729 Sic
713 4675 888 4730 etiam
919 4674 1083 4729 Plato
1124 4690 1402 4746 magnum
1454 4680 1511 4730 et
1559 4692 1825 4747 parvum,
1874 4677 2070 4732 inﬁni-

430 4767 555 4818 tum
589 4764 834 4829 dicebat,
869 4762 1007 4835 quia
1037 4763 1094 4817 in
1142 4769 1388 4834 utroque
1439 4764 1736 4818 inﬁnitum
1788 4769 2072 4835 potestate

427 4856 533 4908 est.
567 4853 630 4906 ³⁵.

500 4942 584 4994 10.
636 4942 706 4994 At
735 4945 864 4995 actu
916 4940 1172 5011 perfecto
1214 4939 1375 4994 nulla
1424 4955 1527 4995 nec
1577 4941 1918 5012 magnitudo
1963 4959 2068 4997 nec

425 5027 742 5082 multitudo
776 5029 1006 5083 inﬁnita
1036 5029 1093 5082 in
1127 5029 1345 5083 mundo
1377 5035 1484 5083 est.
1519 5028 1658 5084 Cum
1693 5028 1848 5084 enim
1881 5031 2071 5101 major

423 5117 567 5172 ccelo
602 5117 944 5188 magnitudo
982 5135 1091 5172 non
1138 5118 1234 5180 sit,
1288 5117 1394 5172 hoc
1441 5122 1636 5172 tamen
1687 5119 2066 5174 terminatum

419 5210 546 5272 est;
583 5205 1062 5275 quandoquidem
1094 5206 1269 5260 etiam
1303 5210 1499 5261 motus
1531 5205 1690 5261 illius
1719 5207 2068 5263 terminatus

420 5297 529 5349 est.
563 5293 776 5348 Totum
813 5293 968 5348 enim
993 5292 1241 5348 breviori
1265 5310 1442 5365 quam
1469 5294 1644 5350 unius
1668 5295 2066 5367 nycbthemeri

421 5399 522 5438 seu
559 5379 850 5436 naturalis
881 5381 992 5436 diei
1019 5381 1207 5451 spatio
1239 5383 1308 5436 ab
1333 5383 1534 5437 eodem
1561 5389 1776 5454 puncto
1807 5385 1878 5438 ad
1911 5385 2066 5441 idem

420 5468 916 5526 circumvolvitur.
968 5469 1113 5524 Cum
1164 5474 1359 5524 autem
1407 5469 1616 5526 coelum
1667 5473 1819 5543 quod
1869 5475 2070 5529 omnia

497 5618 513 5649 ι
550 5615 583 5668 3
615 5613 787 5683 Phys.
819 5629 868 5667 c.
900 5614 957 5679 6,
989 5615 1030 5666 t.
1051 5611 1142 5666 63.

424 5702 474 5743 c.
509 5688 560 5755 4,
594 5689 636 5741 ι.
668 5687 758 5754 27,
792 5690 922 5741 etc.
957 5684 1010 5754 6,
1045 5687 1086 5739 t.
1121 5685 1208 5738 61.
1289 5685 1330 5717 ³⁵
1361 5685 1394 5736 3
1426 5683 1596 5755 Pbys.
1630 5701 1680 5739 c.
1711 5687 1766 5753 5,
1800 5690 1839 5740 ι.
1872 5687 1960 5749 59,
1992 5692 2098 5744 etc.

1277 5613 1323 5645 ³²
1350 5613 1382 5665 3
1413 5611 1584 5683 Phys.
1643 5629 1693 5668 c.
1725 5616 1777 5670 6.
1814 5619 1855 5670 t.
1888 5616 1978 5683 46,
2003 5621 2138 5672 etc.
2171 5617 2227 5683 7,
2255 5620 2296 5671 t.
2323 5616 2413 5670 68.

2173 3342 2534 3420 διαιρουμένῳ
2590 3344 2679 3398 καὶ
2746 3344 3026 3418 αὐξομένῳ
3101 3351 3380 3421 θεωρεῖται
3444 3347 3507 3400 τὸ
3572 3345 3812 3423 ἄπειρον,

2173 3430 2301 3487 ἀλλ’
2331 3429 2438 3486 ἔστ’
2470 3430 2528 3486 ἂν
2563 3429 2836 3506 διαιρῆται
2866 3433 2900 3501 ἢ
2934 3429 3179 3503 αὔξηται.

2245 3698 2316 3767 η’.
2351 3696 2448 3751 Καὶ
2497 3691 2636 3751 ἔστιν
2687 3699 2722 3765 ἡ
2775 3694 2856 3751 ἐπ’
2906 3695 3124 3774 ἄπειρον
3177 3695 3397 3769 αὔξησις
3463 3700 3553 3755 καὶ
3620 3699 3812 3776 διαίρεε

2176 3805 2256 3846 σις
2316 3784 2552 3860 ἐνέργεια
2597 3788 2694 3839 τοῦ
2724 3781 2967 3858 δυνάμει,
2998 3785 3088 3840 καὶ
3146 3785 3346 3856 ἀτελὴς
3404 3788 3658 3864 δνέργεια.
3709 3788 3811 3846 Μέ-

2173 3895 2362 3936 νοντος
2418 3874 2521 3949 γὰρ
2580 3878 2675 3928 τοῦ
2726 3871 2948 3946 δυνάμει
2988 3873 3210 3948 γίνεται,
3262 3875 3358 3930 κάν
3437 3881 3517 3948 τῷ
3583 3878 3812 3953 γίνεσθαι

2173 3963 2236 4017 τὸ
2286 3962 2418 4017 εἶναι
2470 3962 2605 4039 ἔχει.
2638 3963 2734 4017 Καὶ
2790 3962 2970 4039 ὥσπερ
3015 3965 3049 4032 ὴ
3081 3968 3176 4018 τοῦ
3231 3970 3457 4034 κινητοῦ
3515 3965 3813 4043 ἐντελέχεια

2177 4049 2518 4129 φυλάττουσα
2545 4052 2606 4106 τὸ
2657 4048 2902 4123 δυνάμει,
2935 4051 3146 4121 κίνησις
3197 4050 3416 4128 έλέγετο
3464 4054 3622 4110 εἶναι·
3682 4053 3811 4111 οὕτω

2174 4139 2264 4194 καὶ
2323 4143 2357 4209 ἡ
2415 4145 2513 4194 τοῦ
2567 4137 2838 4213 διαιρετοῦ
2883 4140 2970 4195 καὶ
3031 4146 3126 4195 τοῦ
3206 4142 3439 4214 αὐξητοῦ
3514 4143 3812 4219 ἐντελεχεια

2177 4226 2521 4306 φυλάττουσα
2564 4229 2628 4283 τὸ
2671 4226 2917 4301 δυνάμει,
2961 4229 3023 4283 τὸ
3072 4229 3288 4304 ἄπειρον
3341 4229 3479 4307 ἔχει.
3512 4237 3619 4288 Τοῦ
3674 4230 3812 4288 δυνάο

2183 4337 2268 4388 μει
2325 4317 2425 4392 γὰρ
2493 4317 2827 4392 χωρισθεῖσα
2881 4317 3050 4392 πέρας
3108 4313 3290 4385 ἔλαϐε,
3343 4319 3433 4373 καὶ
3487 4321 3551 4375 τὸ
3603 4321 3808 4394 ἄπειρον

2177 4399 2501 4462 ἀπελάϐετο.
2571 4408 2731 4460 Ὥστε
2798 4409 2894 4459 τοῦ
2973 4402 3196 4480 δυνάμει
3271 4409 3334 4461 τὸ
3409 4409 3631 4484 ἄπειρον
3728 4407 3812 4463 οὐκ

2179 4493 2462 4563 ἐξίσταται.

2251 4673 2310 4734 θ’,
2341 4670 2494 4724 Οὕτω
2552 4671 2641 4724 καὶ
2696 4669 2924 4726 Πλάτων
2981 4673 3044 4726 τὸ
3118 4673 3257 4747 μέγα
3331 4674 3420 4729 καὶ
3494 4676 3559 4730 τὸ
3633 4675 3808 4750 μικρὸν

2181 4761 2400 4836 ἄπειρον
2470 4756 2681 4834 ἔλεγεν,
2743 4759 2825 4814 ὅτι
2895 4757 2974 4836 ἐφ’
3033 4760 3253 4836 ἑκάτερά
3311 4761 3450 4818 ἐστιν
3514 4767 3548 4832 ἡ
3609 4762 3810 4838 ἀπειρία

2181 4847 2424 4922 δυνάμει.

2255 4940 2302 4992 ι’.
2339 4936 2614 5010 Ἐνεργείᾳ
2677 4934 2733 4990 δὲ
2805 4935 2987 5006 τελείᾳ
3053 4935 3157 4992 οὐκ
3222 4935 3361 4994 ἔστιν
3426 4941 3647 5018 ἄπειρον
3705 4938 3810 4998 οὔτε

2187 5028 2433 5103 μέγεθος,
2467 5024 2594 5080 οὔτε
2647 5023 2859 5094 πλῆθος
2906 5024 2958 5079 έν
3014 5031 3094 5098 τῷ
3132 5026 3323 5100 κόσμῳ
3382 5027 3556 5088 οὐδέν.
3591 5032 3811 5108 Μέγεθος

2179 5117 2282 5191 γὰρ
2339 5115 2439 5170 οὐκ
2486 5113 2596 5169 ἔστι
2651 5119 2833 5186 μεῖζον
2878 5117 2973 5168 τοῦ
3019 5113 3269 5190 οὐρανοῦ,
3298 5117 3388 5172 καὶ
3440 5119 3600 5184 οὗτος
3658 5121 3808 5196 ὑπάρ-

2178 5225 2267 5280 ’χει
2353 5201 2778 5279 πεπερασμένος
2863 5199 3049 5271 ἐπειδὴ
3111 5205 3199 5257 καὶ
3260 5207 3295 5274 ἡ
3351 5205 3547 5264 τούτου
3617 5208 3810 5280 κίνησις

2178 5293 2580 5367 πεπερασμένη·
2632 5291 2731 5345 Καὶ
2779 5290 2883 5365 γὰρ
2927 5288 3170 5346 ἐλάττονι
3223 5293 3410 5370 χρόνῳ
3467 5301 3564 5352 τοῦ
3620 5301 3807 5376 νυχθη-

2183 5383 2350 5455 μέρου
2409 5379 2625 5452 σύμπας
2678 5379 2737 5433 ἐκ
2781 5382 2878 5433 τοῦ
2935 5378 3098 5433 αὐτοῦ
3159 5380 3233 5443 εἰς
3263 5383 3326 5437 τὸ
3355 5383 3486 5440 αὐτὸ
3536 5384 3807 5464 περιστρέ-

2178 5492 2352 5550 φεται.
2384 5475 2489 5524 Τοῦ
2521 5467 2566 5524 δ’
2597 5467 2825 5545 οὐρανοῦ
2871 5470 2969 5520 τοῦ
2997 5468 3059 5522 τὸ
3103 5475 3206 5523 πᾶν
3260 5473 3617 5550 περιέχοντος
3666 5496 3807 5532 πεπε-

2537 5613 2583 5648 ”
2611 5613 2645 5668 3
2676 5611 2848 5683 Pbys.
2883 5626 2934 5666 c.
2965 5612 3021 5681 6,
3045 5615 3087 5668 t.
3119 5613 3192 5668 57
3215 5619 3272 5672 et
3298 5616 3386 5673 59.
3520 5619 3570 5655 ⁸⁴
3597 5621 3631 5676 3
3653 5620 3803 5693 Phys.
