4024 6576
399 446 558 511 1118

1653 449 2074 516 NICEPHORI
2116 447 2558 514 BLEMMIDE

3667 448 3858 513 1116

396 580 720 655 principiis,
755 582 826 638 de
871 582 1118 639 materia
1163 581 1429 642 videlicet
1475 589 1531 642 et
1580 585 1786 656 forma,
1820 587 1939 643 sive
1969 587 2040 641 de

2166 583 2350 645 παντὸς
2381 585 2635 656 σώματος
2667 587 2914 662 φυσικοῦ,
2962 589 3063 654 τῆς
3114 581 3254 655 ὕλης
3301 579 3522 654 δηλαδή
3581 582 3688 639 καὶ
3739 587 3853 639 τοῦ

399 672 646 726 materia
675 671 974 742 qualitatis
1005 679 1256 742 experte,
1277 678 1335 728 et
1367 673 1643 744 qualitate
1667 675 2037 730 immateriali

397 764 609 829 (forma
652 761 808 815 enim
860 761 1113 832 qualitas
1161 769 1272 825 est.
1304 766 1778 836 quandoquidem
1829 781 2040 835 corpus

399 849 679 920 qualitate
711 852 980 904 affectum
1015 851 1566 921 informat),dictum
1599 854 1835 923 quidem
1871 859 2041 906 antea

395 943 522 1004 est;
557 955 711 992 nunc
741 945 935 993 autem
967 939 1037 993 de
1058 939 1190 994 aliis
1212 938 1561 1010 quibusdam
1591 943 1864 996 secundis
1885 943 2032 997 127

398 1026 700 1098 principiis
733 1028 1048 1098 corporeis,
1079 1044 1206 1098 qua
1253 1045 1318 1083 ex
1367 1030 1571 1100 primis
1621 1030 1736 1085 illis
1790 1031 2037 1085 conﬂata

393 1119 551 1183 sunt,
585 1116 767 1170 oratio
811 1117 1190 1181 instituetur;
1244 1134 1371 1186 quae
1408 1120 1635 1189 proprie
1665 1119 1951 1174 elementa
1981 1126 2039 1175 et

391 1203 686 1274 simplicia
717 1221 960 1276 corpora
1007 1205 1394 1276 appellantur.
1428 1207 1725 1262 Elementa
1777 1209 2033 1278 quidem,

392 1292 545 1362 quod
604 1299 809 1348 caetera
869 1293 1162 1348 naturalia
1220 1311 1462 1366 corpora
1521 1296 1780 1366 proxime
1831 1315 1897 1351 ex
1945 1297 2036 1351 his

391 1385 695 1446 constant;
753 1381 1044 1452 simplicia
1091 1388 1284 1437 autem
1337 1399 1599 1454 corpora,
1650 1384 1698 1438 si
1752 1402 1884 1438 cum
1946 1385 2036 1438 bis

391 1485 518 1540 quae
549 1469 876 1524 conﬂantur
905 1487 972 1524 ex
1003 1470 1170 1540 ipsis,
1205 1471 1601 1526 conferantur.
1636 1471 1847 1527 Omnia
1877 1472 2031 1526 enim

392 1573 463 1612 ex
487 1557 704 1628 quibus
735 1559 1080 1630 compositio
1112 1560 1194 1627 fit,
1230 1559 1322 1615 bis
1355 1577 1479 1631 quae
1510 1577 1578 1615 ex
1626 1561 1769 1632 ipsis
1800 1577 2034 1631 compo-

394 1651 642 1716 nuntur,
672 1647 1032 1718 simpliciora
1061 1653 1219 1704 sunt.

466 1737 521 1790 2.
549 1737 709 1800 Quod
744 1736 928 1808 igitur
956 1735 1014 1790 in
1045 1738 1250 1793 formis
1292 1738 1670 1794 contrarietas
1717 1738 1792 1792 sit
1820 1738 2036 1810 (omnis

391 1822 546 1880 enim
577 1825 874 1895 generatio
896 1841 963 1880 ex
983 1827 1366 1892 contrario,et
1385 1844 1590 1882 rursus
1611 1827 1802 1882 omnis
1833 1844 2036 1882 corru-

389 1911 510 1982 ptio
533 1912 592 1966 in
621 1913 980 1967 contrarium
995 1913 1076 1984 ﬁt)
1093 1919 1225 1970 ante
1238 1920 1760 1970 commemoratum
1779 1917 2038 1980 est.Quo-

392 1999 552 2054 niam
584 2004 779 2056 autem
809 2001 852 2035 ³⁷
884 2003 1234 2056 naturalium
1260 2008 1318 2057 et
1335 2002 1704 2058 sensibilium
1728 2020 2036 2075 corporum

391 2087 660 2144 omnium
691 2088 1039 2161 inquirendo
1072 2090 1374 2162 principia,
1408 2093 1713 2146 materiam
1736 2097 1792 2147 et
1815 2096 2038 2147 contra-

395 2177 661 2231 rietatem
688 2177 1022 2233 invenimus
1046 2184 1102 2234 et
1133 2181 1550 2235 constituimus
1575 2199 1588 2248 ;
1622 2181 1892 2253 princeps
1912 2197 2032 2235 om-

398 2265 490 2320 nis
520 2267 921 2330 contrarietas,
940 2267 1236 2324 sensibilis
1257 2269 1392 2335 erit;
1417 2286 1521 2324 nec
1545 2275 1738 2324 tamen
1762 2286 2037 2341 quaecun-

397 2371 510 2426 que
539 2354 857 2422 sensibilis,
893 2357 994 2411 sed
1027 2374 1094 2412 ea
1134 2358 1369 2413 demum
1423 2375 1549 2429 qua:
1601 2360 1854 2412 materiae
1906 2375 2036 2425 pro-

394 2442 550 2498 xime
589 2445 903 2513 conjuncta
951 2449 1008 2500 et
1049 2447 1300 2501 maxime
1347 2448 1680 2501 communis
1711 2454 1817 2512 est,
1853 2461 1908 2522 et
1939 2463 2040 2518 per

391 2532 592 2586 omnia
621 2549 859 2602 corpora
905 2540 1170 2604 vagatur.
1209 2535 1510 2606 Ejusmodi
1570 2542 1765 2590 autem
1825 2541 1914 2590 est
1972 2553 2040 2591 ea

393 2637 520 2692 quae
553 2621 664 2675 sub
695 2626 916 2676 tactum
951 2624 1125 2677 cadit.
1153 2625 1296 2679 Cum
1331 2625 1485 2678 enim
1514 2625 1738 2696 primus
1771 2624 2038 2679 omnium

392 2725 675 2765 sensuum
727 2712 1048 2766 secundum
1104 2719 1376 2767 naturam
1430 2714 1506 2768 sit
1556 2720 1787 2780 tactus;
1833 2714 2039 2768 merito

393 2798 570 2854 etiam
603 2799 1089 2856 communissima
1109 2802 1332 2857 ratione
1355 2803 1527 2857 rebus
1549 2802 1824 2858 omnibus
1848 2803 2038 2858 sensi-

397 2886 614 2942 bilibus
645 2887 753 2942 boc
784 2889 1041 2960 impertit
1073 2896 1135 2944 ut
1165 2890 1326 2962 tangi
1363 2892 1608 2961 possint.
1643 2898 1851 2946 Eorum
1883 2891 2041 2946 enim

397 2991 528 3046 quae
554 2976 856 3030 sensibilis
889 2984 1046 3043 sunt,
1073 2979 1338 3050 quaedam
1372 2980 1549 3034 videri
1587 2981 1736 3036 128
1771 2997 1884 3035 non
1909 2997 2041 3052 pos-

392 3069 553 3129 sunt,
587 3071 889 3136 pr0pterea
918 3068 1070 3137 quod
1114 3068 1307 3122 colore
1339 3073 1556 3134 carent,
1583 3070 1774 3140 qualis
1797 3073 1886 3124 est
1915 3086 2040 3137 aer;

393 3153 657 3224 quaedam
677 3154 864 3208 audiri
884 3161 1196 3226 nequeunt,
1224 3157 1679 3228 quiastrepitum
1705 3175 1818 3212 non
1841 3159 2042 3224 edunt,

396 3244 457 3295 ut
491 3241 743 3313 spuugia
764 3247 820 3297 et
853 3243 1021 3310 lana;
1058 3246 1535 3316 quandoquidem
1559 3246 1734 3300 etiam
1764 3246 1968 3301 solidis
1989 3250 2046 3301 et

2151 669 2349 744 εἷ’δους,
2381 669 2504 741 ἤτοι
2552 679 2654 742 τῆς
2700 671 2894 727 ἀποίου
2942 670 3082 742 ὕλης
3129 671 3221 728 καί
3265 679 3368 742 τῆς
3425 671 3612 729 ἀΰλου
3665 671 3853 728 ποιό-

2146 781 2332 830 τητος·
2394 761 2621 830 ποιότης
2677 762 2776 836 γὰρ
2833 761 2895 816 τὸ
2968 759 3111 823 εἶδος
3146 782 3158 794 σ
3220 761 3333 816 ἐπεὶ
3391 763 3668 834 σώματος
3742 783 3849 816 πε-

2147 850 2458 923 ποιωμένου
2509 847 2812 904 εἰδοποιόν·
2871 855 2962 904 νῦν
3018 848 3074 905 δέ
3132 851 3254 925 περί
3311 872 3472 905 τινων
3531 851 3752 906 ἄλλων
3821 853 3849 905 ὁ

2149 938 2313 1011 λόγος
2370 938 2558 1013 ἀρχῶν
2607 935 2866 1012 δευτέρων
2926 936 3330 1011 σωματοειδῶν,
3389 938 3449 993 ἐκ
3485 943 3604 992 τῶν
3669 940 3846 1014 πρώ-

2144 1048 2250 1081 των
2299 1027 2668 1100 συγκειμένων
2719 1027 2926 1102 ἀρχῶν,
2976 1027 3172 1089 α’τινες
3220 1025 3372 1088 ἰδίως
3416 1033 3687 1102 στοιχεῖα
3745 1028 3843 1080 καὶ

2147 1114 2294 1170 ἀπλᾶ
2340 1114 2831 1191 προσαγορεύονται
2891 1117 3149 1187 σώματαο
3208 1122 3456 1191 στοιχεῖα
3519 1118 3624 1188 μὲν
3669 1160 3684 1181 ,
3749 1116 3838 1171 ὅτι

2142 1205 2208 1258 τὰ
2298 1202 2466 1258 λοιπὶι
2545 1205 2742 1280 φυσικᾶ
2816 1204 3043 1276 σώματα
3117 1209 3404 1280 προσεχῶς
3482 1204 3544 1260 ἐκ
3618 1205 3856 1261 τοῦτων

2148 1291 2509 1347 συνίστανται·
2570 1293 2799 1364 σώματα
2861 1290 2908 1346 δ’
2968 1291 3133 1361 ἁπλᾶ,
3194 1294 3330 1368 πρὸς
3385 1294 3453 1347 τὰ
3498 1293 3856 1368 συγκείμενα

2146 1379 2205 1434 ἐκ
2265 1379 2473 1435 τούτων
2570 1374 3039 1455 παραϐαλλόμενα
3072 1423 3085 1436 .
3177 1380 3355 1435 Πάντα
3421 1381 3528 1457 γὰρ
3616 1380 3676 1451 ἐξ
3754 1380 3836 1435 ὧν

2145 1471 2178 1538 ἡ
2239 1469 2475 1530 σύνθεσις
2539 1473 2646 1523 τῶν
2711 1467 2760 1541 ἐξ
2836 1467 3050 1523 ἐκείνων
3109 1470 3503 1542 συντιθεμένων
3567 1468 3774 1524 ἁπλού
3810 1503 3834 1512 -

2144 1577 2321 1633 στερα.

2216 1729 2281 1787 ϐ’.
2315 1737 2431 1788 Ὅτι
2470 1735 2562 1806 μὲν
2599 1733 2690 1788 οὖν
2726 1733 3036 1803 ἐναντιότης
3068 1733 3120 1788 ἐν
3159 1739 3275 1796 τοῖς
3306 1730 3468 1788 εἴδεσι
3501 1736 3684 1807 (πᾶσα
3717 1736 3831 1808 vi;

2143 1821 2344 1898 γένεσις
2400 1822 2458 1877 ἐκ
2506 1827 2602 1877 τοῦ
2660 1822 2935 1894 ἐναντίου,
2995 1822 3085 1876 καὶ
3135 1820 3300 1876 πάλιν
3356 1821 3433 1883 εἰς
3487 1821 3833 1876 τούναντίον

2143 1916 2289 1965 πᾶσα
2380 1911 2574 1988 φθορὰ)
2651 1911 3102 1985 προϋπὲμνησται
3155 1930 3167 1941 ·
3231 1909 3316 1964 ὅτι
3391 1907 3452 1964 δὲ
3531 1909 3826 1982 σωμάτων

2145 2003 2382 2078 φυσικῶν
2438 2000 2526 2053 καὶ
2585 1999 2854 2068 αἰσθητῶν
2915 1999 3162 2052 ἁπάντων
3227 2001 3514 2067 ζητοῦντες
3581 1999 3772 2074 ἀρχὰς
3811 2045 3826 2070 ,

2144 2089 2239 2156 τήν
2300 2086 2438 2142 ῧλπν
2492 2087 2582 2141 καὶ
2637 2087 2736 2154 τήν
2793 2085 3099 2141 ἐναντίωσιν
3155 2083 3416 2162 ἔγνωμεν,
3473 2086 3726 2154 αἰσθητή
3761 2088 3828 2140 ἂν

2146 2173 2228 2246 εἷίη
2283 2182 2425 2230 πᾶσα
2482 2174 2790 2236 ἐναντίωσις
2845 2175 3096 2250 ἀρχικὴ,
3154 2174 3242 2228 καὶ
3303 2173 3408 2250 οὐχ
3466 2177 3500 2244 ἡ
3562 2179 3830 2250 τυχοῦσα

2146 2265 2416 2336 αἰσθητὴ,
2467 2262 2596 2319 ἀλλ’
2647 2267 2680 2332 ἡ
2733 2268 2801 2337 τῇ
2853 2264 2958 2336 ὕλῃ
3013 2262 3418 2338 προσεχεστάτη
3479 2263 3575 2318 καὶ
3624 2284 3823 2318 κοινο-

2143 2356 2278 2424 τάτη
2330 2353 2419 2408 καὶ
2471 2350 2560 2406 διὰ
2589 2354 2806 2406 πάντων
2857 2357 2964 2406 τῶν
3012 2351 3280 2424 σωμάτων
3335 2349 3623 2422 διήκουσα.
3690 2358 3827 2407 Τοι-

2146 2443 2281 2512 αὕτη
2332 2439 2389 2496 δέ
2431 2441 2572 2495 ἐστιν
2623 2445 2658 2510 ἡ
2710 2443 2874 2510 ἁπτή.
2927 2441 3126 2515 Ηρώτη
3170 2441 3272 2515 γὰρ
3306 2438 3438 2494 οὖσα
3482 2442 3624 2496 κατά
3658 2442 3823 2518 eam

2145 2535 2181 2600 ἡ
2241 2532 2349 2609 ἀφή
2425 2535 2607 2585 πασῶν
2669 2534 2776 2584 τῶν
2836 2528 3137 2599 αἰσθήσεων
3169 2574 3184 2600 ,
3248 2528 3471 2591 εἰκότως
3546 2531 3642 2584 καὶ
3725 2535 3825 2584 τοῦ

2148 2622 2320 2675 ἁτττοῦ
2384 2615 2709 2692 μεταδίδωσι
2766 2619 3097 2678 κοινοτάτως
3152 2623 3283 2671 πᾶσι
3333 2623 3447 2678 τοῖς
3501 2618 3820 2687 αἰσθητοῖς.

2148 2710 2276 2763 Τινά
2337 2709 2429 2781 μὲν
2481 2707 2580 2783 γὰρ
2639 2711 2748 2761 τῶν
2807 2705 3077 2776 αἰσθητῶν
3123 2705 3326 2780 ἀόρατα
3371 2703 3457 2760 διὰ
3501 2707 3566 2761 τὸ
3618 2707 3822 2783 ἀχρω-

2153 2799 2429 2871 μάτιστον,
2479 2797 2592 2857 οἷος
2640 2797 2667 2850 ὁ
2717 2796 2844 2872 ἀήρ·
2898 2795 3020 2850 τινὰ
3071 2791 3130 2849 δέ
3179 2794 3506 2867 ἀνήκουστα,
3554 2795 3632 2858 ὡς
3674 2797 3819 2870 ἀψό-

2150 2908 2295 2965 φητα
2324 2887 2438 2948 οἷος
2471 2887 2500 2941 ὁ
2531 2884 2764 2960 σπόγγος
2794 2883 2885 2938 καὶ
2933 2885 2996 2938 τὸ
3042 2881 3205 2959 ἔριον·
3258 2883 3396 2938 ὅπου
3444 2904 3508 2958 γε
3558 2884 3651 2938 καὶ
3681 2891 3822 2955 ⁸τοῖς

2148 2981 2255 3030 τῶν
2286 2975 2552 3046 σωμάτων
2608 2973 2916 3034 ἀντιτύποις
2968 2971 3029 3026 οὐ
3075 2973 3192 3026 καθ’
3243 2971 3396 3042 αὐτὰ,
3449 2976 3519 3044 τῇ
3565 2970 3625 3028 δὲ
3671 2972 3822 3049 πρὸς

2149 3066 2239 3120 τὸν
2299 3064 2430 3139 ἀέρα
2481 3061 2794 3138 προσρήξει,
2846 3062 3050 3139 πέφυκε
3091 3062 3153 3115 τὸ
3202 3063 3431 3138 ψοφεῖν.
3482 3060 3636 3118 Ἀλλ’
3686 3059 3824 3116 οὐδὲ

2152 3155 2206 3208 αἰ
2270 3152 2433 3225 ὀσμαὶ
2489 3149 2580 3206 διὰ
2623 3153 2834 3205 πάντων
2889 3154 2996 3204 τῶν
3049 3149 3364 3220 αἰσθητῶν.
3418 3147 3559 3204 Ἰδοὺ
3619 3151 3728 3226 γὰρ
3791 3152 3822 3206 ὁ

2153 3242 2259 3317 ἀὴρ
2307 3241 2486 3311 ὥσπερ
2537 3241 2857 3315 χρώματος,
2911 3238 3054 3293 οὕτω
3107 3238 3196 3292 καθ
3249 3238 3426 3311 ὀσμῆς
3479 3235 3622 3300 ἰδίας
3673 3239 3819 3311 ἆμιέ-

389 3327 777 3385 renitentibus
807 3334 1150 3402 corporibus
1184 3351 1297 3387 non
1323 3351 1422 3404 per
1449 3335 1642 3405 se,sed
1668 3340 1902 3407 propter
1921 3334 2037 3389 col-

2166 3333 2359 3392 ismoc'
2420 3328 2510 3384 καὶ
2567 3327 2734 3402 ταύτῃ
2784 3325 3273 3402 διαπορθμευτικὸς
3329 3326 3528 3402 γίνεται
3575 3328 3821 3402 χρωμὰ-

393 3415 660 3472 lisionem
696 3435 829 3474 cum
863 3437 988 3475 aere
1021 3423 1291 3476 convenit
1331 3423 1696 3488 naturaliter,
1730 3429 1794 3478 ut
1826 3424 2040 3494 strepi-

398 3509 522 3560 tum
550 3507 744 3562 edant.
777 3509 883 3563 Sed
919 3526 1022 3564 nec
1053 3510 1227 3564 etiam
1279 3512 1486 3566 odores
1537 3528 1636 3583 per
1678 3513 1876 3566 omnia
1908 3529 2042 3568 sen-

397 3593 592 3649 sibilia
621 3596 975 3669 [vagantur].
1002 3598 1229 3653 Videsis
1259 3599 1412 3654 enim
1448 3617 1638 3655 aerem
1665 3618 1677 3666 ;
1714 3601 1764 3655 is
1796 3605 1860 3655 ut
1891 3600 2044 3656 colo-

399 3681 500 3749 ris,
533 3683 616 3736 ita
645 3683 817 3738 etiam
845 3687 1061 3757 proprii
1084 3688 1277 3742 odoris
1301 3705 1504 3760 expers
1530 3694 1655 3756 est;
1689 3695 1744 3744 et
1770 3690 2047 3744 hactenus

397 3773 984 3840 transportandorum
1017 3774 1277 3830 colorum
1326 3782 1382 3831 et
1412 3777 1657 3832 odorum
1709 3777 2044 3833 facultatem

395 3854 595 3912 habet.
625 3859 774 3924 Quin
806 3877 877 3915 ne
909 3863 1147 3933 quidem
1179 3864 1353 3919 etiam
1400 3865 1711 3935 qualitates
1761 3884 1887 3937 quas
1937 3868 2045 3921 sub

393 3950 634 4016 gustum
667 3948 906 4012 cadunt,
941 3955 1082 4006 sunt
1107 3951 1166 4007 in
1199 3953 1498 4008 omnibus.
1532 3957 1700 4026 Aqua
1728 3956 1884 4010 enim
1919 3971 2050 4026 quas

2147 3442 2255 3475 των
2303 3440 2362 3474 τε
2408 3419 2497 3474 καὶ
2550 3417 2756 3490 ὀσμῶν.
2811 3417 2965 3473 ἈλΛ’
2997 3412 3123 3470 οὐδὲ
3166 3415 3382 3490 γευσταὶ
3427 3415 3719 3485 ποιότητες
3757 3415 3812 3470 ἐν

2153 3509 2310 3564 πᾶσίν
2361 3507 2482 3565 εἰσι.
2514 3507 2585 3562 Τὸ
2626 3511 2753 3582 γοῦν
2803 3503 2949 3581 ὕδωρ
2998 3509 3115 3566 τοῖς
3170 3509 3374 3579 χυμοῖς
3423 3503 3816 3577 ὑποκείμενον⁷

2155 3596 2369 3674 ἄχυμόν
2415 3597 2527 3652 ἐστι
2583 3596 2699 3650 καθ’
2747 3593 2914 3648 αὐτό⁶
2971 3593 3138 3666 μόνας
3180 3590 3237 3646 δὶ
3289 3589 3380 3646 διὰ
3433 3592 3652 3646 πάντων
3700 3597 3815 3647 τῶν

2155 3685 2422 3759 σωμάτων
2471 3680 2950 3760 διαπεφοιτηκυίας
3003 3683 3100 3742 τὰς
3151 3680 3324 3741 ἁπτάς
3374 3681 3588 3754 ὁρῶμεν
3649 3679 3816 3734 ποιό-

2153 3795 2343 3842 τητας.
2375 3772 2566 3828 Ἀπταὶ
2599 3769 2700 3848 ἄρα
2743 3769 2844 3825 εἶεν
2898 3768 2956 3824 ἂν
3003 3769 3341 3830 ἐναντιώσεις
3390 3768 3448 3821 αἱ
3479 3764 3568 3822 διὰ
3596 3766 3813 3823 πάντων

2153 3867 2263 3918 τῶν
2321 3863 2586 3935 σωμάτων
2650 3857 2855 3929 διήκειν
2911 3855 3221 3930 δυνάμεναι,
3280 3856 3371 3911 καὶ
3430 3855 3813 3912 καινόταταται

2158 3950 2288 4006 εἶναι
2319 3949 2507 4025 ἀρχαί.

396 4033 707 4104 saporibus
736 4038 1000 4108 subjecta
1041 4044 1148 4107 est,
1182 4058 1286 4112 per
1332 4059 1394 4097 se
1442 4043 1668 4114 saporis
1717 4060 1920 4115 expers
1968 4047 2074 4099 est.
2109 4041 2276 4097 Solas
2307 4046 2502 4096 autem
2533 4055 2631 4094 eas
2661 4037 2975 4110 qualitates
3004 4053 3133 4108 qua
3164 4037 3274 4092 sub
3305 4039 3529 4091 tactum
3560 4035 3751 4090 cadun
3765 4040 3812 4106 t,

398 4123 598 4179 omnia
629 4140 872 4196 corpora
902 4144 1207 4200 peragrare
1238 4130 1523 4185 videmus.
1553 4131 1665 4185 Illas
1695 4132 1870 4203 igitur
1901 4131 2338 4186 contrarietates
2367 4129 2477 4184 sub
2495 4133 2713 4183 tactum
2746 4127 3007 4192 veniunt,
3041 4141 3168 4196 quae
3202 4141 3306 4197 per
3335 4123 3535 4180 omnia
3564 4140 3815 4196 corpora

399 4213 676 4283 grassari,
711 4219 766 4269 et
797 4218 1289 4273 communissima
1320 4219 1608 4290 principia
1640 4237 1768 4276 esse
1803 4227 2070 4291 possunt.

470 4301 523 4355 3.
558 4301 832 4364 Quaenam
865 4322 1002 4376 ergo
1035 4311 1174 4361 sunt
1201 4324 1278 4363 eaa
1311 4311 1752 4364 contrarietates
1784 4328 1910 4381 quae
1934 4312 2043 4364 sub

399 4393 618 4445 tactum
653 4393 868 4448 cadunt
891 4394 972 4448 ‘3?
995 4396 1260 4451 caliditas
1291 4402 1347 4450 et
1379 4396 1689 4469 frigiditas,
1724 4398 2044 4454 bumiditas

400 4482 458 4532 et
482 4479 735 4552 siccitas,
763 4481 965 4538 levitas
996 4488 1054 4538 et
1083 4487 1358 4557 gravitas,
1386 4485 1660 4541 mollities
1690 4492 1746 4541 et
1775 4487 2043 4557 durities,

400 4567 708 4625 viscositas
739 4576 796 4626 et
824 4573 1090 4642 ariditas,
1122 4573 1329 4629 levitas
1361 4579 1418 4630 et
1450 4576 1758 4646 asperitas,
1791 4577 2046 4633 tenuitas

403 4660 461 4711 et
489 4659 804 4730 crassities,
829 4662 1037 4716 raritas
1065 4667 1121 4716 et
1149 4664 1430 4729 densitas,
1451 4681 1576 4735 quae
1608 4682 1812 4720 omnes
1843 4666 2044 4736 conju-

404 4747 668 4816 gationes
699 4766 944 4806 numero
969 4752 1123 4806 129
1155 4757 1283 4806 octo
1333 4757 1491 4808 sunt.
1539 4753 1756 4808 Harum
1810 4754 2046 4825 quidem

2224 4307 2288 4382 γ’.
2348 4306 2495 4368 Τίνες
2555 4301 2644 4358 οὖν
2706 4302 3043 4362 ἐναντιώσεις
3102 4300 3268 4355 ἀπται
3324 4299 3667 4376 ;Θερμότης
3723 4299 3812 4354 καὶ

2153 4395 2438 4470 ψυχρότης
2472 4440 2485 4466 ,
2568 4391 2802 4468 ὑγρότης
2871 4390 2963 4446 καὶ
3039 4389 3273 4465 ξηρότης
3308 4435 3321 4461 ,
3381 4389 3660 4467 κουφότης
3723 4388 3811 4442 καὶ

2158 4483 2420 4559 βαρύτης,
2477 4481 2792 4555 μαλακότης
2838 4480 2927 4534 καὶ
2978 4476 3315 4554 σκληρότης,
3349 4476 3694 4553 γλισχρότης
3723 4477 3808 4530 καὶ

2153 4573 2478 4649 κραυρότης,
2555 4568 2772 4639 λειότης
2853 4568 2942 4622 καὶ
2999 4566 3280 4643 τραχύτης
3319 4609 3335 4636 ,
3390 4563 3663 4636 λεπτότης
3720 4563 3807 4619 καὶ

2155 4660 2426 4736 παχύτης,
2491 4659 2728 4732 μανότης
2785 4673 2877 4712 καί
2931 4655 3206 4725 πυκνότης
3242 4698 3256 4724 ,
3309 4654 3402 4708 τὸν
3464 4654 3696 4730 ἀριθμὸν
3755 4654 3808 4706 αἱ

2155 4756 2319 4805 πᾶσαι
2352 4748 2591 4824 συζυγίαι
2645 4747 2808 4803 ὀκτώ.
2857 4745 3074 4800 Τούτων
3120 4744 3260 4806 τινὲς
3306 4743 3402 4816 μὲν
3453 4742 3516 4797 οὗ
3562 4740 3805 4809 δύνανται

407 4834 620 4906 aliqua:
650 4837 710 4892 in
743 4854 805 4893 se
832 4838 1078 4895 invicem
1113 4856 1282 4913 agere
1313 4846 1635 4911 nequeunt,
1669 4842 1877 4914 aliquae
1921 4859 2041 4898 verc

2166 4837 2292 4916 δρᾷν
2351 4839 2428 4900 εἰς
2482 4836 2756 4908 ἀλλήλας,
2811 4834 2954 4896 τινὲς
3014 4830 3071 4888 δὲ
3124 4839 3244 4894 ταῖς
3293 4829 3491 4894 ἄλλαις
3547 4830 3808 4908 ἐμπεριέ-

406 4927 465 4978 in
499 4925 630 4981 aliis
652 4928 1038 4984 continentur.
1069 4932 1142 4985 At
1165 4929 1528 5002 principibus
1549 4931 2055 4988 contrarietatibus

405 5016 694 5081 convenit,
729 5021 794 5070 ut
821 5022 879 5072 et
908 5023 1038 5073 totis
1071 5035 1172 5089 per
1203 5023 1356 5074 totas
1388 5019 1446 5074 in
1481 5036 1542 5075 se
1575 5025 1753 5091 agant
1783 5020 2055 5086 invicem,

406 5103 558 5173 quod
595 5120 694 5172 per
736 5121 835 5159 eas
876 5107 1173 5176 generatio
1222 5111 1278 5162 et
1327 5110 1622 5180 corruptio
1673 5109 2053 5180 perficiatur;

405 5205 510 5244 nec
557 5189 682 5245 aliae
728 5192 838 5247 sub
893 5194 1026 5249 aliis
1086 5194 1461 5250 collocentur.
1495 5196 1602 5258 Qui
1645 5197 1803 5252 enim
1845 5195 2056 5269 aequali

405 5277 622 5334 honore
656 5280 945 5351 principia
975 5299 1104 5337 esse
1132 5284 1418 5354 possent?

475 5369 527 5421 4.
561 5367 745 5422 Grave
776 5369 955 5440 igitur
981 5376 1038 5425 et
1067 5371 1206 5440 leve,
1242 5389 1636 5446 asperumque
1662 5377 1719 5429 et
1748 5373 1909 5442 laeve,
1951 5391 2055 5430 nec

406 5472 576 5528 agere
630 5472 735 5511 nec
793 5457 911 5528 pati
973 5465 1241 5530 possunt.
1293 5461 1492 5533 Neque
1543 5463 1698 5517 enim
1748 5462 1836 5518 vel
1885 5479 2058 5536 grave

406 5545 772 5619 gravitatem,
803 5546 890 5602 vel
927 5546 1050 5603 leve
1095 5547 1387 5606 levitatem
1435 5551 1626 5608 vicino
1673 5553 1899 5624 corpori
1941 5554 2057 5608 im-

471 5747 516 5783 ετ
543 5746 580 5802 2
609 5745 690 5803 De
718 5748 850 5802 ortu
879 5748 939 5803 et
968 5744 1207 5802 interitu
1237 5762 1288 5802 c.
1323 5747 1374 5802 1.
1416 5723 1498 5781 ’δε
1529 5747 1676 5803 Ibid.
1708 5764 1758 5804 c.
1791 5751 1845 5804 2.

2170 4948 2381 5004 χονται.
2444 4927 2714 5001 Προσήκει
2759 4921 2816 4980 δὲ
2870 4927 2988 4985 ταῖς
3047 4921 3299 4998 ἀρχικαῖς
3346 4919 3675 4991 ἐναντιότησι
3721 4918 3806 4974 καί

2165 5015 2292 5091 δρᾷν
2335 5015 2410 5077 εἷς
2457 5012 2711 5084 ἀλλήλας
2760 5011 2893 5074 ὅλας
2943 5010 3012 5065 δι’
3063 5008 3232 5083 ὅλων,
3283 5008 3358 5070 ὡς
3409 5007 3470 5063 ἂν
3517 5005 3586 5063 δι’
3635 5007 3804 5063 αὐτῶν

2165 5102 2474 5160 ἐπιτελοῖτο
2531 5101 2742 5178 γένεσις
2795 5100 2886 5155 καὶ
2941 5099 3135 5176 φθορὰ,
3179 5097 3268 5153 καὶ
3323 5093 3450 5170 μῆδ⁹
3499 5094 3672 5159 ἄλλας
3725 5097 3807 5152 ὑπ’

2165 5190 2338 5255 ἄλλας
2368 5189 2648 5266 τετάχθαι.
2687 5192 2808 5250 Πῶς
2856 5189 2957 5264 γὰρ
2997 5185 3056 5242 ἃν
3105 5187 3208 5241 εἶεν
3258 5185 3547 5259 ὁμοτίμως
3597 5184 3803 5261 ἀρχαί;

2237 5368 2298 5426 δ’.
2351 5372 2421 5425 Τὸ
2479 5370 2571 5442 μὲν
2623 5365 2713 5423 οὖν
2764 5364 2899 5443 βαρὺ
2943 5365 3033 5421 καὶ
3078 5365 3140 5420 τὸ
3187 5367 3412 5440 κοῦφον,
3457 5359 3522 5417 τὰ
3549 5361 3725 5438 τραχύ
3752 5381 3808 5416 τε

2163 5460 2345 5515 καὶτὸ
2395 5459 2564 5527 λεῖον,
2620 5453 2744 5512 οὕτε
2799 5459 2973 5510 ποιεῖν
3035 5449 3160 5509 οὔτε
3213 5451 3442 5526 πάσχειν
3505 5449 3804 5526 ἰσχύουσιν.

2165 5546 2299 5604 Οίίτε
2349 5548 2450 5624 γὰρ
2525 5547 2587 5602 τὸ
2667 5543 2804 5621 βαρὺ
2864 5540 3123 5617 μεταδοίη
3179 5541 3237 5596 ἃν
3290 5541 3368 5609 τῷ
3431 5539 3807 5614 παρακειμένῳ
