4024 6450
184 413 343 488 111⁸7

1516 415 1864 485 EPITOME
1903 414 2266 488 PHYSICA.

3432 413 3462 476 i
3475 408 3592 475 1'18

187 547 515 626 βαρύτητος,
565 543 688 605 οὔτε
740 547 802 605 τὸ
850 553 1048 629 κοῦφον
1117 550 1472 629 κουφότητος·
1525 548 1637 608 οὔτ’
1694 550 1822 606 αὐτὸ

1946 557 2148 626 pertire
2196 563 2420 632 queat;
2473 575 2578 615 nec
2625 572 2832 614 rursus
2882 567 3178 628 asperum,
3223 549 3589 623 speritatem,

176 637 360 715 τραχὺ
390 638 753 715 τραχύτητος,
788 634 910 694 οὕτε
937 640 999 695 τὸ
1031 637 1176 695 λεῖον
1212 640 1514 710 λειότητος.

258 729 314 784 ε’.
346 729 422 784 Τὸ
476 725 717 800 μαλακὸν
770 725 826 782 δὲ
872 729 961 782 καὶ
1008 730 1073 784 τὸ
1120 729 1379 806 σκληρὸν,
1429 731 1491 784 τὸ
1555 729 1824 806 γλίσχρον

174 815 272 872 καὶ
316 817 380 871 τὸ
428 821 682 892 κραῦρον,
722 817 785 872 τὸ
837 815 1032 873 λεπτὸν
1081 817 1168 872 καί
1212 821 1272 873 τὸ
1320 819 1493 895 παχὺ,
1544 819 1606 874 τὸ
1659 819 1824 892 μανὸν

175 907 275 960 καὶ
330 906 393 960 τὸ
450 907 672 974 πυκνὸν,
724 902 892 961 ταῦτα
965 906 1136 962 πάντα
1206 911 1284 980 τῷ
1364 908 1510 984 ὑγρῷ
1587 907 1675 962 καὶ
1750 911 1829 978 τῷ

166 996 336 1070 ,ξηρῷ
398 994 777 1069 συνυπάγεται.
831 995 900 1048 Τὸ
963 996 1056 1067 μὲν
1112 997 1210 1072 γὰρ
1273 997 1431 1070 ὑγρὸν
1489 996 1599 1072 ὅρῳ
1657 993 1827 1050 ἀλλο-

172 1083 319 1159 τρίῳ
377 1081 651 1158 εὑόριστόν
713 1082 824 1137 ἐστι
878 1083 966 1138 καὶ
1018 1089 1124 1138 τῶν
1184 1085 1366 1160 πόρων
1400 1084 1826 1155 ἀναπληστικόν.

259 1174 320 1235 ς’.
370 1175 622 1226 Τοιοῦτον
703 1172 792 1226 καὶ
873 1172 934 1226 τὸ
1008 1171 1362 1250 λεπτομερὲς,
1430 1173 1830 1249 εὑπεριόριστον

173 1258 300 1338 ὅρῳ
342 1260 499 1314 παντὶ
552 1261 640 1314 καὶ
689 1265 795 1314 τῶν
844 1263 1148 1331 κενοτητων
1210 1260 1682 1338 ἀναπληρωτικόν.
1735 1261 1827 1323 Εἷς

176 1345 450 1422 μέδιμνον
493 1349 593 1423 γὰρ
641 1347 853 1424 καρύων
922 1346 1313 1422 ἐμϐαλλομένη
1378 1349 1684 1424 σεμίδαλις,
1737 1348 1828 1404 δύ-

165 1458 336 1492 ναται
384 1433 696 1492 διεισδὺνειν
749 1437 882 1510 (καὶ)
932 1438 1006 1499 εἷς
1050 1439 1145 1500 τὰς
1212 1438 1405 1511 μεταξὺ
1462 1444 1569 1493 τῶν
1615 1439 1825 1515 καρύων

168 1527 339 1588 κενὰς
408 1531 504 1580 τοῦ
588 1531 803 1599 στερεοῦ
881 1527 1134 1600 σώματος
1204 1528 1392 1603 χώρας
1473 1529 1561 1582 καὶ
1633 1528 1827 1590 ταύτας

169 1613 558 1690 ἀναπληροῦν.
587 1616 658 1670 Τὸ
701 1614 832 1670 αὑτὸ
883 1612 941 1670 δὲ
985 1616 1073 1670 καὶ
1125 1616 1188 1670 τὸ
1219 1617 1376 1691 ὑγρὸν
1409 1623 1575 1672 ποιεῖ.
1607 1617 1676 1670 Τὸ
1725 1617 1827 1692 γὰρ

170 1701 334 1778 ὕδωρ
379 1703 535 1757 παντὶ
584 1703 876 1767 ἀκολουθεῖ
923 1703 1034 1780 ὅρῳ
1070 1710 1148 1777 τῷ
1179 1707 1468 1778 ἁπτομένῳ
1511 1705 1600 1759 καὶ
1648 1707 1827 1782 περιέ-

171 1811 364 1868 χοντι.
398 1793 496 1846 Διά
549 1797 716 1846 ταῦτα
765 1792 942 1848 τοίνυν
1008 1795 1109 1848 ὑπὸ
1150 1794 1214 1847 τὸ
1262 1795 1421 1870 ὑγρὸν
1473 1793 1719 1848 τάττουσι
1767 1795 1829 1849 τὸ

173 1879 404 1938 λεπτόν.
464 1879 702 1954 Ὁμοίως
767 1878 821 1936 δὲ
874 1880 961 1936 καὶ
1027 1882 1130 1937 ὑπὸ
1204 1883 1266 1937 τὸ
1323 1883 1484 1958 ξηρὸν
1532 1881 1594 1936 16
1650 1882 1821 1959 παχύ.
1860 1917 1908 1983 Β

173 1968 435 2046 Καθάπερ
483 1970 586 2047 γὰρ
643 1970 706 2025 τὸ
765 1970 926 2045 ξηρὸν
970 1974 1049 2042 τῷ
1099 1972 1191 2044 μὲν
1243 1971 1428 2044 οἰκείῳ
1483 1970 1596 2046 ὅρῳ
1656 1971 1830 2048 εὑόρι-

174 2080 332 2131 στον,
364 2063 443 2130 τῷ
484 2054 534 2114 δ’
584 2057 865 2136 ἀλλοτρίῳ
929 2056 1242 2132 δυσόριστον
1310 2055 1670 2134 (ἀντιϐατικὸν
1727 2062 1829 2136 γάρ

176 2147 320 2219 ἔστι,
377 2145 468 2202 καῖ
547 2153 664 2210 τοῖς
749 2148 1114 2224 περιέχουσιν,
1184 2149 1282 2203 οὑκ
1352 2147 1679 2222 ἀκολουθεῖ)”
1738 2150 1828 2204 τὸν

175 2235 346 2292 αὑτὸν
404 2235 604 2312 τρόπον
662 2237 752 2292 καὶ
808 2238 869 2292 τὸ
925 2237 1075 2314 παχὺ
1138 2236 1506 2315 μεγαλομερὲς
1537 2239 1594 2293 ὃν
1623 2239 1722 2293 οὑκ
1753 2239 1830 2301 εἷς

173 2326 373 2401 χώραν
405 2322 590 2380 δίεισιν
625 2327 852 2382 ἅπασαν.

259 2416 316 2483 ζ’.
348 2413 620 2476 Ὡσαύτως
687 2413 773 2468 καὶ
842 2415 904 2468 τὸ
961 2413 1160 2470 πυκνὸν
1227 2417 1316 2470 καὶ
1382 2416 1444 2470 τὸ
1511 2417 1717 2493 ἀραιὸν,
1767 2416 1830 2470 τὸ

179 2503 284 2576 μὶν
318 2504 419 2557 ὑπὸ
448 2503 510 2557 τὸ
541 2503 702 2577 ξηρὸν
731 2503 958 2575 τιθέασι,
989 2505 1051 2558 τὸ
1083 2501 1127 2557 δ’
1163 2505 1262 2559 ὑπὸ
1293 2505 1356 2558 τὸ
1395 2504 1579 2579 ὑγρόν.

255 2593 328 2662 η’.
379 2593 604 2662 Μήποτε
667 2589 725 2646 δὲ
788 2593 877 2646 καὶ
939 2593 1003 2646 τὸ
1061 2590 1256 2647 λεπτὸν
1306 2591 1393 2647 καῖ
1442 2594 1505 2648 τὸ
1549 2593 1720 2669 παχὺ,
1769 2595 1830 2649 τὸ

181 2679 355 2753 μανόν
406 2702 462 2734 τε
511 2681 598 2735 καὶ
645 2681 708 2735 τὸ
756 2681 951 2735 πυκνὸν
1000 2685 1107 2736 τῶν
1160 2686 1460 2750 ποιητικῶν
1510 2683 1599 2736 καὶ
1655 2685 1828 2752 παθη-

172 2774 345 2824 τικῶν
420 2767 906 2841 ἆποδοκιμασθεῖεν
965 2769 1349 2838 ἐναντιώσεων,
1411 2768 1499 2825 διὰ
1571 2771 1633 2825 τὸ
1702 2769 1830 2844 μηδ’

179 2857 320 2913 αὐτὰ
350 2855 605 2922 δύνασθαι
638 2855 766 2934 δρᾷν
799 2857 905 2913 ὅλα
935 2855 1004 2913 δι’
1034 2857 1177 2915 ὅλων
1213 2859 1288 2921 εἷς
1320 2857 1561 2930 ἄλληλα·
1595 2861 1684 2914 καὶ
1733 2859 1832 2914 οὐκ

181 2945 247 3000 ἂν
304 2949 402 3016 τήν
464 2947 647 3020 ἅμμον
767 2948 864 3015 τὴν
911 2945 1105 3024 τέφραν
1163 2947 1516 3022 ἀναγκασθείη
1568 2969 1647 3009 τις
1698 2949 1831 3023 ὑγρὰ

178 3033 407 3090 καλέσαι
469 3033 559 3089 διὰ
609 3037 708 3105 τήν
768 3034 986 3090 ἐνοῦσαν
1017 3035 1200 3098 αὐτοῖς
1252 3035 1660 3112 λεπτομέρειαν,
1695 3037 1831 3112 ξηρὰ

180 3120 484 3199 προδήλως
520 3124 854 3200 ὑπάρχοντα.

251 3213 315 3266 θ’.
363 3213 434 3266 Τὸ
493 3211 760 3288 γλίσχρον
834 3211 891 3268 δὲ
965 3217 1208 3291 φανερῶς
1278 3212 1438 3288 ὑγρόν
1517 3213 1629 3268 ἐστι
1695 3213 1828 3286 μετὰ

176 3301 385 3363 πάθους
428 3300 596 3362 τινός.
649 3302 711 3355 Εἰ
763 3299 819 3355 δὲ
864 3301 927 3356 τὸ
966 3301 1236 3378 γλίσχρον
1297 3303 1475 3377 ὑγρὸν,
1515 3301 1824 3357 τούναντίον

175 3388 346 3462 αὐτῷ,
405 3389 652 3444 τουτέστι
724 3389 787 3444 τὸ
843 3395 1098 3466 κραῦρον,
1160 3386 1305 3444 ἔσται
1357 3389 1539 3466 ξηρόν.
1598 3391 1672 3445 Τὰ
1724 3391 1824 3466 γὰρ

173 3475 387 3533 ἐναντία
414 3482 529 3539 τοῖς
561 3476 820 3540 ἐναντίοις
853 3477 1210 3554 ὑπάρχουσιν.

251 3566 299 3622 ι’.
333 3565 564 3621 Ὑπείκει
623 3564 680 3620 δὲ
723 3566 787 3621 τὸ
856 3565 1100 3639 μαλακὸν
1149 3571 1218 3642 τῇ
1270 3569 1378 3646 ἁφῇ
1428 3569 1557 3622 καθὸ
1607 3569 1823 3644 μετέχει

171 3653 498 3730 ὑγρότητος.
559 3655 632 3709 Τὸ
684 3655 786 3730 γὰρ
849 3654 1085 3710 ὑπείκειν
1142 3652 1278 3721 ἴδιόν
1341 3655 1448 3710 ἐστι
1490 3661 1586 3711 τοῦ
1637 3657 1820 3734 ὑγροῦ.

171 3742 268 3797 Διὸ
296 3741 384 3796 καὶ
413 3741 474 3796 16
504 3741 748 3816 μαλακὸν
778 3742 1248 3821 περιληφθήσεται
1279 3749 1358 3817 τῷ
1389 3745 1556 3820 ὑγρῷ.

247 3920 330 3973 ια’.
367 3918 540 3992 Δῇλον
571 3917 617 3974 δ’
647 3918 731 3974 ὅτι
789 3921 878 3974 καὶ
907 3919 970 3975 16
1002 3918 1240 3996 σκληρὸν
1271 3926 1348 3993 τῷ
1378 3922 1546 3998 ξηρῷ.
1588 3923 1823 3996 Φανερὸν

172 4005 264 4063 οῦν
295 4007 556 4081 ἐντεῦθεν,
589 4009 664 4070 ὡς
697 4006 792 4064 δύο
825 4009 1190 4079 ἐναντιότητες
1223 4011 1387 4065 ἁπταὶ
1414 4010 1822 4086 περιλείπονται

171 4103 461 4174 πεφυκυῖαι
510 4103 684 4152 ποιεῖν
735 4119 793 4152 τε
835 4098 924 4152 καὶ
972 4099 1199 4174 πάσχειν
1250 4099 1373 4153 ὅλαι
1425 4097 1495 4152 δι’
1531 4097 1699 4169 ὅλων,
1731 4099 1820 4154 καὶ

175 4183 446 4258 μηδαμῶς
493 4205 630 4240 τισιν
702 4185 1185 4261 ἐμπεριεχόμεναι·
1235 4187 1508 4263 θερμότης
1552 4187 1703 4242 αὗται
1752 4186 1817 4258 δή

167 4273 258 4328 καὶ
317 4273 627 4350 ψυχρότης,
687 4275 924 4350 ὑγρότης
983 4297 1042 4330 τε
1094 4277 1182 4330 καὶ
1243 4275 1500 4352 ξηρότης,
1549 4276 1603 4332 αἳ
1644 4277 1820 4332 κοιναὶ

167 4362 385 4424 πάντως
443 4361 546 4417 εἶεν
606 4362 666 4418 ἃν
709 4360 977 4418 εἰδοποιοὶ
1050 4363 1218 4440 ἀρχαὶ
1276 4366 1490 4419 πάντων
1551 4369 1816 4438 σωμάτων

164 4455 273 4507 τῶν
314 4451 589 4522 αἰσθητῶν
601 4496 613 4508 .

243 4541 332 4616 ιβ’.
367 4541 467 4595 Καὶ
508 4545 606 4595 τοῦ
653 4537 832 4615 διεροῦ
889 4538 947 4596 δὲ
995 4540 1085 4595 καὶ
1142 4546 1239 4596 τοῦ
1306 4537 1666 4619 βεϐρεγμένου
1729 4544 1819 4598 καὶ

1937 652 2038 701 aut
2068 648 2226 713 laeve,
2258 649 2594 704 laevitatem.

2005 737 2061 791 5.
2092 739 2162 791 At
2192 737 2364 793 molle
2395 754 2523 793 vero
2555 741 2612 792 et
2642 737 2880 803 durum,
2914 732 3207 788 viscosum
3241 733 3297 785 et
3327 729 3583 794 aridum,

1936 828 2110 880 tenue
2141 831 2196 881 et
2225 843 2511 893 crassum,
2531 842 2727 880 rarum
2759 827 2816 878 et
2845 819 3332 885 densum,01nnia
3361 818 3484 873 haec
3515 820 3586 872 ad

1938 912 2248 971 humidum
2279 922 2334 971 et
2364 916 2581 970 siccum
2606 914 2984 967 reducuntur.
3006 909 3324 964 Humidum
3361 906 3514 961 enim
3537 906 3583 941 3°

1938 1001 2125 1057 alieno
2157 1005 2405 1059 termino
2438 1002 2603 1058 facile
2637 1003 2837 1056 linitur
2865 1005 2922 1054 et
2945 1003 3243 1053 meatuum
3276 994 3580 1066 replendo-

1939 1107 2068 1144 rum
2105 1090 2376 1146 facultate
2407 1097 2494 1145 est
2524 1091 2854 1162 praeditum.

2008 1181 2060 1234 6.
2085 1180 2425 1250 Cujusmodi
2443 1181 2619 1235 etiam
2646 1185 2734 1233 est
2759 1177 2915 1249 quod
2935 1178 3128 1247 partes
3150 1174 3326 1229 habet
3341 1177 3577 1238 tenues;

1939 1273 2004 1322 ut
2033 1268 2186 1338 quod
2219 1267 2379 1322 omni
2413 1268 2658 1322 termino
2683 1266 2848 1321 facile
2879 1264 3268 1331 contineatur,
3299 1267 3355 1316 et
3385 1259 3585 1316 inania

1938 1357 2128 1427 spatia
2171 1357 2414 1427 expleat.
2451 1357 2507 1411 Si
2544 1356 2698 1410 enim
2756 1355 2813 1409 in
2848 1371 3065 1408 nucum
3117 1352 3377 1406 modium
3412 1348 3582 1421 siligo

1937 1443 2253 1514 injiciatur,
2283 1445 2341 1500 in
2367 1445 2745 1500 intermedias
2761 1443 2930 1500 solidi
2954 1441 3212 1514 corporis
3243 1456 3458 1495 nucum
3492 1454 3580 1493 re-

1937 1533 2140 1604 giones
2187 1551 2400 1588 vacuas
2462 1538 2765 1605 penetrare
2833 1547 3050 1602 easque
3098 1529 3317 1600 replere
3371 1529 3580 1599 potest.

1938 1622 2099 1685 Quod
2130 1623 2285 1678 idem
2319 1639 2458 1678 sane
2488 1623 2666 1677 etiam
2689 1621 2997 1676 humidum
3022 1617 3215 1673 efﬁcit.
3238 1619 3405 1688 Aqua
3425 1615 3582 1671 enim

1938 1727 2174 1766 omnem
2206 1711 2524 1766 terminum
2557 1709 2870 1766 comitatur
2895 1709 2994 1780 qui
3027 1709 3181 1763 130
3213 1706 3450 1777 quidem
3489 1708 3581 1758 at-

1937 1799 2111 1871 tingit
2127 1805 2182 1854 et
2203 1800 2477 1856 continet.
2491 1797 2998 1870 Eapropterigitur
3019 1796 3127 1850 sub
3145 1795 3386 1850 humido
3408 1799 3583 1848 tenue

1943 1888 2268 1955 collocant;
2318 1893 2374 1944 et
2422 1887 2600 1943 simili
2651 1887 2875 1943 ratione
2932 1901 3198 1941 crassum
3243 1884 3353 1938 sub
3406 1880 3579 1936 sicco.

1943 1979 2448 2044 Quemadmodum
2480 1977 2636 2032 enim
2668 1977 2889 2032 siccum
2921 1990 3026 2030 suo
3067 1972 3303 2044 quidem
3332 1969 3582 2025 termino

1942 2066 2128 2132 facile,
2153 2066 2342 2122 alieno
2366 2072 2561 2122 autem
2594 2064 2908 2120 difﬁculter
2929 2065 3225 2118 coercetur
3245 2063 3470 2127 (contra
3493 2057 3580 2112 ni-

1941 2156 2096 2210 tendi
2129 2156 2284 2210 enim
2317 2155 2432 2210 vim
2466 2155 2663 2221 habet,
2699 2170 2804 2208 nec
2836 2153 2909 2207 iis
2941 2168 3066 2223 quas
3093 2148 3393 2204 continent
3421 2145 3583 2202 obse-

1940 2244 2162 2316 quitur)
2195 2260 2207 2297 :
2239 2244 2441 2299 eodem
2473 2244 2645 2299 modo
2674 2243 2847 2297 etiam
2871 2255 3136 2296 crassum
3168 2253 3300 2292 cum
3332 2235 3585 2307 grandes

1942 2337 2135 2404 partes
2165 2332 2395 2402 habeat,
2429 2333 2486 2387 in
2520 2348 2751 2386 omnem
2785 2330 3080 2402 regionem
3114 2343 3229 2381 non
3262 2327 3544 2396 penetrat.

2009 2423 2062 2474 7.
2103 2423 2262 2476 llaud
2296 2438 2463 2476 secus
2492 2421 2667 2476 etiam
2716 2421 2963 2474 densum
2996 2422 3052 2472 et
3081 2431 3300 2480 rarum,
3333 2413 3582 2468 alterum

1941 2510 2049 2565 sub
2078 2511 2252 2574 sicco,
2285 2509 2530 2564 alterum
2565 2512 2674 2564 sub
2707 2508 2950 2562 humido
2983 2505 3368 2561 constituunt.

2009 2601 2062 2653 8.
2095 2599 2407 2670 Nunquam
2431 2615 2560 2653 vero
2584 2599 2760 2652 etiam
2790 2603 2963 2651 tenue
2993 2601 3047 2649 et
3079 2609 3367 2657 crassum,
3387 2605 3582 2645 rarum

1939 2694 1996 2744 et
2024 2690 2269 2744 densum
2304 2689 2374 2743 ab
2405 2689 2791 2743 efficientibus
2813 2691 2870 2741 et
2898 2684 3252 2757 patientibus
3270 2680 3584 2736 contrarie-

1939 2778 2161 2832 tatibus
2209 2777 2338 2832 ideo
2381 2777 2866 2848 repudiabuntur,
2920 2777 3224 2844 propterea
3274 2769 3428 2841 quod
3481 2784 3586 2822 nec

1938 2866 2067 2938 ipsa
2099 2871 2218 2921 tota
2249 2883 2351 2938 per
2379 2870 2499 2920 tota
2520 2866 2575 2920 in
2609 2882 2670 2920 se
2691 2864 2940 2920 invicem
2973 2878 3140 2932 agere
3173 2862 3443 2932 possunt.
3470 2857 3583 2912 Neo

1939 2971 2174 3010 arenam
2206 2958 2307 3009 aut
2357 2954 2609 3010 cinerem
2641 2953 2713 3009 ob
2761 2968 2888 3006 eam
2935 2949 3188 3022 partium
3237 2946 3582 3003 tenuitatem

1938 3060 2066 3114 quae
2115 3043 2270 3098 inest
2314 3043 2481 3114 ipsis,
2515 3043 2760 3098 humida
2808 3055 3013 3098 vocare
3059 3042 3298 3110 cogetur
3345 3033 3579 3107 aliquis,

1938 3148 2069 3187 cum
2109 3133 2415 3188 manifesto
2446 3132 2598 3186 sicca
2628 3131 2765 3186 sint.

2007 3221 2061 3274 9.
2095 3221 2270 3276 Porro
2301 3221 2616 3285 viscosum,
2650 3219 2960 3274 manifesto
2991 3215 3298 3271 humidum
3329 3216 3419 3268 est
3442 3227 3578 3267 cum

1857 3273 1902 3342 α
1941 3309 2239 3364 affectione
2287 3310 2582 3380 quapiam.
2617 3310 2776 3374 Quod
2829 3306 2876 3362 si
2928 3307 3218 3360 viscosum
3265 3307 3354 3357 est
3383 3300 3578 3356 humi-

1936 3398 2099 3462 dum,
2148 3398 2504 3451 contrarium
2561 3398 2710 3464 ejus,
2758 3395 2865 3450 hoc
2913 3399 3002 3448 est
3053 3393 3304 3457 aridum,
3354 3389 3576 3445 siccum

1934 3486 2079 3551 erit;
2115 3487 2405 3540 contraria
2435 3485 2648 3556 quippe
2682 3485 2886 3539 insunt
2915 3480 3240 3536 contrariis.

2008 3575 2090 3628 10.
2129 3574 2299 3629 Molle
2329 3574 2581 3646 denique
2629 3573 2809 3627 tactui
2854 3572 3025 3633 cedit,
3059 3575 3350 3640 quatenus
3380 3567 3575 3622 humi-

1934 3663 2132 3719 ditatis
2180 3667 2270 3720 est
2316 3663 2625 3734 particeps.
2657 3662 2869 3718 Cedere
2919 3675 3174 3730 namque
3217 3656 3442 3712 humidi
3489 3659 3578 3710 est

1932 3752 2254 3824 proprium.
2283 3755 2643 3823 Quapropter
2663 3751 2836 3805 etiam
2860 3751 3007 3804 131
3040 3747 3215 3802 molle
3236 3748 3346 3802 sub
3377 3745 3576 3800 humi-

1933 3841 2005 3895 do
2037 3840 2598 3911 comprehendetur;
2633 3842 2690 3894 et
2719 3843 2784 3893 ut
2811 3837 2996 3908 liquet
3016 3837 3230 3891 durum
3263 3835 3372 3890 sub
3398 3834 3570 3889 sicco.

2005 3929 2090 3982 11.
2123 3930 2203 3983 Ex
2231 3928 2324 3984 his
2351 3928 2530 4000 igitur
2559 3931 2737 4000 patet,
2759 3927 2904 3982 duas
2939 3923 3579 3996 relinquicontrarieta-

1931 4020 2019 4072 tes
2046 4016 2294 4083 tactiles,
2314 4033 2441 4088 quae
2473 4018 2555 4070 ita
2588 4021 2798 4070 natura
2813 4018 3158 4086 comparatae
3189 4012 3326 4079 sint,
3350 4016 3415 4066 ut
3444 4015 3573 4067 totes
3646 4030 3650 4039 υ

1933 4122 2034 4177 per
2064 4111 2215 4160 totas
2239 4110 2415 4177 agant
2436 4110 2492 4160 et
2513 4105 2830 4176 patiantur,
2856 4109 2911 4158 et
2939 4103 3278 4172 neutiquam
3312 4101 3421 4155 sub
3444 4099 3574 4154 aliis

1931 4192 2226 4264 aliquibus
2258 4193 2672 4249 contineantur
2703 4210 2715 4247 :
2751 4210 2877 4264 quae
2909 4197 3049 4247 sunt
3087 4190 3355 4245 caliditas
3387 4193 3444 4243 et
3474 4187 3572 4241 l‘ri-

1929 4282 2165 4350 giditas,
2198 4282 2525 4337 humiditas
2551 4287 2606 4336 et
2631 4281 2884 4345 siccitas,
2920 4297 3045 4351 quae
3078 4279 3285 4349 utique
3307 4293 3572 4332 commu-

1933 4370 2028 4424 nia
2059 4374 2196 4425 sunt
2224 4371 2488 4426 omnium
2521 4370 2822 4426 sensilium
2857 4384 3160 4440 corporum
3194 4364 3572 4420 informantia

1856 4483 1861 4487 -
1930 4459 2237 4530 principia.

2001 4548 2086 4601 12.
2121 4547 2397 4602 Czelerum
2453 4552 2510 4602 et
2559 4543 2754 4617 διερὸν,
2786 4546 2895 4600 hoc
2942 4549 3049 4615 est,
3084 4545 3324 4598 madens
3376 4546 3433 4597 et
3459 4541 3569 4597 hu-

166 4633 265 4685 τοῦ
318 4627 474 4691 ἰδίως
537 4630 724 4706 ὑγροῦ,
774 4631 904 4684 καθὸ
959 4635 1203 4700 τοιαῦτα,
1258 4629 1320 4686 16
1390 4631 1580 4694 ἁπλῶς
1659 4632 1819 4706 ὑγρὸν

1946 4641 2203 4702 nectum,
2237 4640 2294 4691 et
2322 4636 2474 4707 quod
2510 4635 2740 4707 proprie
2793 4635 3104 4688 humidum
3137 4637 3244 4695 est,
3278 4635 3568 4702 quatenus

168 4716 508 4791 περιεκτικόν
562 4715 693 4772 ἐστι.
728 4718 910 4793 Διερὸν
970 4719 1064 4791 μὲν
1123 4717 1212 4773 οῦν
1273 4719 1489 4794 λέγεται
1531 4721 1591 4774 16
1625 4720 1815 4774 ἐπιπο-

171 4805 276 4876 λῆς
345 4801 472 4881 ἔχον
551 4803 846 4882 ἀλλοτρίαν
922 4806 1212 4882 ὑγρότητα·
1276 4809 1350 4870 ὡς
1410 4806 1462 4864 εἶ’
1511 4831 1591 4870 νις
1671 4806 1816 4885 ὕδωρ

172 4893 387 4970 ἐπιχέοι
422 4891 563 4966 λίθῳ
590 4894 761 4970 τυχὸν
789 4894 824 4963 ἢ
858 4893 1004 4967 ξύλῳ
1035 4895 1070 4963 ἢ
1115 4896 1256 4964 ζώου
1309 4898 1523 4969 σώματι
1552 4898 1585 4964 ἦ
1614 4897 1818 4969 ἱματίῳ

177 4981 428 5059 μετρίως.
459 4982 531 5036 Τὸ
559 4983 661 5058 γὰρ
704 4981 755 5036 έν
791 4981 939 5058 βαθει
989 4985 1088 5052 τήν
1137 4982 1430 5060 ἀλλοτρίαν
1484 4981 1610 5061 ἔχον
1655 4986 1817 5062 ὑγρό-

168 5091 306 5141 τητα
368 5064 736 5145 βεϐρεγμένον
790 5071 1233 5145 κατονομάζεται,
1267 5075 1382 5135 οἷος
1442 5074 1672 5150 ὑπάρχει
1730 5073 1818 5128 καὶ

171 5160 200 5214 ὁ
238 5158 444 5230 πηλός.
507 5156 684 5222 Ἰδίως
743 5156 801 5214 δὲ
857 5158 1102 5216 καλεῖται
1163 5161 1320 5238 ὑγρὸν
1368 5163 1430 5216 τὸ
1461 5161 1588 5238 ἔχον
1618 5162 1816 5217 οἰκείαν

172 5248 224 5304 ἐν
273 5252 354 5321 τῷ
416 5249 567 5326 βάθει
646 5249 1028 5324 κεκρυμμένην
1103 5250 1373 5326 ὑγρότητα
1430 5251 1518 5308 καὶ
1578 5249 1816 5306 δεικνὺον

166 5337 355 5410 αὑτήνο
416 5337 659 5414 καθάπερ
707 5338 735 5392 ὁ
793 5337 965 5413 κηρὸς
1021 5336 1111 5394 καὶ
1169 5339 1198 5394 ὁ
1264 5335 1553 5412 μόλιϐδος,
1601 5339 1688 5395 καὶ
1753 5339 1822 5393 τὰ

175 5426 345 5483 λοιπὰ
371 5429 477 5482 τῶν
509 5431 724 5495 τηκτῶν
754 5425 846 5482 ὅτε
871 5429 1152 5497 τήκονται.

245 5731 292 5766 δ’
313 5733 351 5786 2
379 5729 460 5788 De
488 5732 619 5787 ortu
649 5733 706 5786 et
733 5728 972 5787 interitu
1003 5746 1134 5806 cap.
1162 5732 1220 5792 2.
1297 5731 1342 5767 ⁴⁰
1369 5731 1521 5792 Ibid.

1927 4725 2215 4792 ejusmodi
2239 4727 2475 4788 sunt,ab
2489 4741 2555 4779 eo
2581 4725 2733 4794 quod
2757 4722 3106 4795 simpliciter
3126 4719 3433 4775 humidum
3461 4723 3570 4788 est,

1927 4814 2440 4882 comprehenditur
2473 4815 2536 4867 ‘0.
2572 4813 2811 4867 Madens
2834 4812 3068 4882 quidem
3098 4809 3339 4880 proinde
3360 4808 3574 4862 dicitur

1930 4904 2083 4974 quod
2118 4902 2424 4972 superficie
2446 4907 2618 4956 tenus
2641 4901 2886 4956 alienam
2921 4900 3094 4954 habet
3117 4898 3526 4952 bumiditatem
3555 4913 3568 4963 ;

1931 4995 1995 5044 ut
2020 4991 2066 5044 si
2101 4991 2234 5061 quis
2265 4989 2323 5044 in
2368 4990 2622 5062 lapidem
2655 4988 2904 5060 exempli
2953 4986 3158 5058 gratia,
3191 4989 3293 5041 aut
3320 4985 3568 5057 lignum,

1927 5084 2028 5134 aut
2048 5096 2258 5150 corpus
2281 5077 2550 5134 animalis
2572 5084 2672 5133 aut
2692 5083 2932 5139 vestem.
2957 5092 3126 5147 parce
3147 5091 3360 5146 aquam
3392 5073 3502 5128 eﬂ'u
3515 5090 3575 5127 n-

1928 5167 2052 5223 dat.
2089 5168 2148 5222 1d
2205 5167 2362 5222 enim
2407 5167 2562 5237 quod
2615 5167 2673 5221 in
2717 5165 3091 5221 interioribus
3140 5164 3408 5235 partibus
3441 5160 3572 5217 alie-

1929 5272 2065 5310 nam
2099 5255 2509 5310 humiditatem
2543 5255 2734 5321 habet,
2771 5254 3108 5308 humectum
3156 5247 3569 5321 nuncupatur“;

1928 5344 2101 5417 quale
2129 5344 2314 5398 lutum
2349 5348 2455 5399 est.
2495 5342 2722 5415 Proprie
2754 5348 2947 5396 antem
2982 5340 3291 5396 humidum
3308 5342 3568 5406 vocatur,

1929 5433 2084 5506 quod
2119 5432 2469 5505 peculiarem
2503 5432 2561 5487 in
2593 5432 2712 5486 imo
2733 5430 3137 5486 absconditam
3170 5429 3346 5485 habet
3373 5427 3570 5484 humi-

1928 5521 2170 5578 ditatem
2199 5537 2445 5593 eamque
2476 5519 2753 5589 ostendit,
2785 5525 2849 5574 ut
2877 5537 3028 5585 cera,
3059 5523 3117 5576 et
3146 5518 3478 5591 plumbum,
3511 5520 3569 5572 et

1927 5612 2134 5666 caetera
2163 5626 2290 5682 qua
2321 5609 2642 5681 liquescere
2671 5614 2939 5681 possunt,
2971 5623 3106 5665 cum
3137 5607 3493 5680 liquescunt.
