4024 6596
397 469 554 536 1119
1645 471 1984 536 NIGEPHO

2265 470 2548 535 MMIDE
3658 472 3690 531 1
3703 467 3853 531 120

470 607 556 663 13.
589 605 749 671 Quod
783 606 832 662 si
879 605 1225 680 simpliciter
1274 608 1584 666 humidum
1633 626 1700 665 ea
1725 626 1852 682 quae
1885 609 2040 664 dicta

2263 627 2314 681 μ
2373 605 2437 660 Ei
2493 601 2551 660 δὲ
2605 607 2713 659 τῶν
2773 602 3042 680 ῥηθέντων
3116 597 3518 678 περιληπτικόν
3592 600 3710 658 ἐστι
3771 602 3852 655 τὸ

400 699 556 762 sunt,
590 697 1052 769 comprehendit,
1088 699 1241 755 I82
1275 698 1458 771 liquet
1488 699 1543 754 id
1577 701 1732 771 quod
1765 697 1989 769 simplic

2266 699 2342 756 ὦς
2397 693 2580 770 ὑγρὸν,
2641 691 2810 763 δῆλον
2866 692 2948 748 ὅτι
3007 694 3097 748 καὶ
3143 697 3248 748 τῶν
3298 694 3707 765 ἀντικειμένων
3773 693 3849 746 τὸ

392 789 484 840 ter
509 785 729 840 siccum
761 791 870 852 est,
905 787 1194 842 contraria
1225 787 1401 843 etiam
1434 789 1746 844 continere.
1781 788 1981 859 Oppon

2265 788 2339 846 ὦς
2370 783 2554 859 ξηρόν.
2589 783 2908 838 ’Δντίκειται
2951 780 3008 837 δὲ
3049 787 3128 855 τῷ
3169 783 3262 855 μὲν
3315 780 3484 858 διερῷ
3533 783 3605 836 τὸ
3665 779 3851 840 ἰδίως

391 877 486 928 tur
517 877 710 928 autem
740 875 998 929 madenti
1021 876 1258 946 quidem
1287 877 1343 931 id
1373 877 1528 948 quod
1563 877 1793 948 pr0prie
1815 876 1975 931 siccu

2262 873 2330 938 ὃν,
2391 871 2522 947 ὅπερ
2602 869 2715 926 οὐδ’
2795 870 3067 941 ἐπιπολῆς
3149 870 3447 946 ἀλλοτρίαν
3533 871 3851 945 {lyp/1113::

393 966 502 1031 est,
526 963 680 1033 quod
706 978 778 1017 ne
800 964 1106 1034 superﬁcie
1128 969 1299 1021 tenus
1319 966 1554 1036 quidem
1581 965 1828 1020 alienam
1846 965 1982 1019 hum

2256 979 2412 1015 εκται·
2462 966 2541 1032 τῷ
2588 958 2646 1015 δὲ
2692 955 3040 1036 βεϐρεγμένῳ
3086 959 3150 1014 τὸ
3199 955 3466 1036 ἄϐροχον·
3519 963 3613 1030 τῷ
3667 957 3845 1018 ἰδίως

393 1051 635 1106 ditatem
668 1051 907 1122 recipit;
945 1053 1217 1109 humecto
1246 1054 1456 1110 deinde
1479 1055 1535 1109 id
1571 1055 1725 1126 quod
1750 1055 1982 1109 bumect

2255 1054 2299 1121 ᾦ
2355 1047 2412 1104 δὲ
2467 1051 2530 1105 τὸ
2576 1049 2842 1124 πεπηγός’
2902 1050 2992 1104 οἷά
3060 1049 3160 1104 εἰσι
3233 1049 3295 1104 τὸ
3367 1044 3676 1124 ὄστρακον,
3733 1049 3843 1102 καὶ

396 1139 577 1210 tionis
597 1156 801 1211 expers
825 1146 943 1209 est;
977 1141 1227 1214 denique
1258 1144 1410 1216 quod
1439 1145 1669 1216 proprie
1702 1144 1985 1198 bumectu‘

2250 1137 2576 1210 »μετάλλων
2607 1141 2673 1194 τά
2702 1161 2760 1194 τε
2819 1141 2894 1212 μή
2949 1140 3122 1209 τηκτὰ
3177 1137 3266 1194 καὶ
3322 1140 3390 1193 τὰ
3447 1140 3639 1209 τηκτά
3697 1138 3839 1214 πρὶν

397 1232 508 1294 est,
541 1230 692 1300 quod
743 1235 1078 1286 concretum
1111 1237 1200 1287 est
1231 1236 1287 1287 et
1339 1233 1618 1305 rigidum,
1653 1237 1718 1287 ut
1768 1237 1961 1287 ostrea

2253 1232 2309 1301 ᾗ.
2367 1234 2482 1283 Τῶν
2543 1229 2647 1304 γὰρ
2719 1227 3049 1303 πεπηγότων
3103 1229 3171 1282 τὰ
3229 1229 3322 1301 μὲν
3379 1230 3584 1299 τηκτὰ,
3654 1229 3724 1282 τά
3785 1228 3841 1280 δ’

400 1315 655 1388 metalla,
704 1334 840 1372 cum
889 1335 1020 1390 quas
1060 1319 1379 1390 liquescere
1428 1339 1544 1377 non
1595 1326 1861 1393 possunt,
1916 1327 2042 1374 tum
2153 1318 2377 1387 ἄτηκτα.

396 1422 522 1478 qua:
554 1413 801 1478 possunt
829 1407 1170 1480 liquescere,
1204 1411 1303 1466 sed
1336 1416 1650 1482 antequam
1681 1411 2028 1481 liquescant.
2064 1408 2480 1464 Concretorum
2527 1408 2683 1464 enim
2714 1413 2772 1464 et
2820 1409 3143 1481 rigidorum
3174 1409 3443 1481 quedam
3479 1407 3837 1479 liquescere

397 1498 682 1565 possunt;
718 1497 984 1566 quaedam
1018 1513 1130 1554 non
1164 1504 1411 1570 possunt
1442 1499 1764 1572 liquescere

467 1583 556 1639 14.
587 1583 718 1638 Jam
749 1601 881 1639 vero
912 1585 1256 1657 simpliciter
1301 1589 1610 1643 humidum
1639 1593 1748 1653 est,
1776 1588 1930 1660 quod
1963 1591 2044 1642 to-

2248 1581 2308 1638 3'.
2364 1584 2552 1659 Ὑγρὸν
2615 1582 2662 1638 δ’
2721 1583 2933 1656 ἁπλῶς,
2992 1585 3125 1660 ὅπερ
3203 1583 3331 1640 ὅλον
3392 1582 3463 1639 δι’
3524 1583 3670 1639 ὅλον
3743 1583 3837 1639 ἀΞῖ

397 1675 525 1726 tum
557 1687 660 1744 per
687 1673 887 1729 omnia
908 1675 1279 1731 manifestam
1302 1677 1713 1732 humiditatem
1747 1677 1980 1748 propria

2244 1674 2377 1741 ρερᾶν
2461 1672 2663 1728 οἰκείαν
2747 1674 3024 1749 ὑγρότητα
3105 1673 3381 1744 κέκτηται’
3466 1674 3560 1727 καὶ
3659 1674 3833 1748 ξηρὸν

400 1775 632 1830 semper
661 1761 881 1817 obtinet
913 1778 925 1815 :
959 1767 1015 1818 et
1045 1763 1265 1819 siccum
1290 1765 1656 1836 simpliciter,
1677 1766 1828 1836 quod
1863 1764 1989 1820 simi

2247 1766 2365 1832 iam,
2427 1760 2559 1837 ὅπερ
2619 1761 2747 1818 ὅλον
2810 1760 2880 1816 δι’
2929 1762 3062 1818 ὅλου
3121 1762 3328 1835 ὁμοίως
3389 1759 3640 1839 ἔμφυτον
3709 1761 3836 1838 ἔχει

400 1849 624 1904 ratione
653 1855 840 1905 totum
873 1869 975 1922 per
1003 1855 1200 1908 omnia
1232 1854 1554 1909 siccitatem
1586 1854 1762 1909 habet
1783 1854 2041 1908 insitam.
2153 1849 2444 1925 ξηρότητα.

475 1939 560 1992 15.
581 1939 715 2003 Quae
738 1956 871 1995 cum
895 1941 974 1995 ita
994 1957 1120 1996 sese
1143 1942 1415 2010 habeant,
1440 1943 1720 2014 quoniam
1747 1943 1802 1997 in
1825 1942 2046 1998 univer-

2249 1941 2304 1995 ε’.
2335 1939 2548 1994 Τούτων
2624 1938 2796 2001 οὕτως
2873 1940 3130 2014 ἐχόντων,
3189 1938 3304 1995 ἐπεὶ
3361 1939 3612 1995 καθόλου
3681 1947 3833 1995 πᾶσα

401 2043 533 2082 sum
567 2027 761 2084 omnis
791 2029 1171 2086 contrarietas
1203 2047 1330 2102 quas
1361 2031 1539 2086 tactui
1571 2031 1882 2103 subjicitur
1911 2048 1981 2086 cu

2242 2028 2465 2097 ιντιότης
2517 2029 2657 2097 ἁπτὴ
2707 2030 2970 2098 ποιητικὴ
3021 2029 3110 2084 καὶ
3164 2030 3460 2100 παθητικὴ,
3492 2035 3619 2090 ταῖς
3677 2030 3831 2104 εἰρη-

401 2115 612 2187 agendi
659 2120 786 2171 tum
837 2118 1094 2189 patiendi
1140 2119 1477 2176 facultatem
1521 2121 1744 2176 habens
1795 2120 1866 2175 ad
1898 2121 1990 2174 du:

2234 2137 2337 2177 ναις
2386 2113 2481 2170 δύο
2532 2116 2807 2191 συζυγίαις
2858 2117 3159 2192 συνάγεται,
3203 2115 3432 2190 οὐδεμία
3482 2114 3545 2172 δὲ
3599 2117 3823 2172 τούτων

400 2203 534 2260 illas
602 2213 1089 2263 commemoratae
1153 2209 1416 2282 syzygias
1483 2210 1797 2283 colligitur,
1841 2214 1989 2264 neuti

2242 2205 2261 2258 ὃ
2307 2207 2405 2273 τήν
2461 2205 2642 2281 ἑτέραν
2694 2204 2991 2279 εὑρίσκεται
3023 2203 3172 2279 (οὑδὲ
3201 2207 3303 2280 γὰρ
3350 2205 3413 2260 τὰ
3463 2207 3682 2278 θερμὸν
3738 2207 3831 2260 καὶ

402 2297 598 2348 autem
648 2293 858 2350 harum
909 2297 1020 2350 sub
1071 2296 1254 2353 altera
1302 2298 1597 2354 invenitur
1641 2304 1852 2370 (neque
1879 2298 1980 2368 Leni

2275 2293 2437 2368 ξηρὸν
2507 2291 2659 2348 οὐδὲν
2740 2295 2843 2349 ὑπὸ
2917 2295 3138 2371 θάτερον
3223 2293 3492 2351 τάττεται.
3557 2294 3667 2348 Καὶ
3728 2296 3829 2371 γὰρ

404 2381 594 2437 ullum
624 2381 881 2439 calidum
913 2390 1015 2439 aut
1061 2386 1283 2442 siccum
1316 2389 1426 2442 sub
1479 2387 1659 2443 altero
1691 2387 1993 2443 collocatur

2244 2403 2332 2444 τως
2366 2381 2424 2436 ἂν
2453 2382 2519 2451 ἦν
2549 2387 2652 2437 πᾶν
2686 2383 2886 2457 θερμὸν
2929 2383 3020 2438 καὶ
3070 2383 3255 2456 ξηρὸν,
3287 2385 3322 2451 ἣ
3351 2389 3454 2437 πᾶν
3512 2385 3688 2458 ξηρὸν
3741 2383 3833 2438 καὶ

406 2469 623 2543 quippe
651 2470 796 2527 alias
827 2489 998 2528 omne
1030 2474 1285 2530 calidum
1308 2476 1486 2532 etiam
1521 2477 1759 2541 siccum,
1793 2481 1850 2531 et
1878 2493 1995 2531 om!

2243 2471 2379 2543 ιμόν·
2413 2469 2536 2525 οὔτε
2590 2471 2653 2525 τὸ
2705 2473 2919 2546 ψυχρὸν
2968 2471 3058 2526 καὶ
3106 2473 3169 2526 τὸ
3204 2472 3366 2546 ὑγρὸν
3400 2469 3558 2526 οὐδὲν
3597 2473 3712 2526 ὑπὸ
3767 2474 3832 2526 τὸ

406 2560 630 2616 siccum
659 2559 832 2615 etiam
864 2561 1118 2618 calidum
1152 2565 1334 2633 foret;
1368 2581 1556 2637 neque
1587 2567 1740 2622 188
1773 2565 1995 2637 frigidu

2249 2559 2356 2614 nov
2415 2557 2504 2614 διὰ
2557 2561 2742 2615 ταυτά·
2775 2559 2974 2633 πολλῷ
3003 2582 3063 2637 γε
3113 2559 3325 2633 μᾶλλον
3380 2557 3509 2614 οὐδὲ
3569 2561 3838 2615 τάναντία

406 2652 464 2703 et
491 2647 802 2705 humidum
852 2651 1040 2706 ullum
1092 2655 1202 2709 sub
1251 2655 1433 2710 altero
1479 2657 1680 2710 eadem
1723 2656 1793 2710 de
1833 2671 1995 2710 causa

2246 2649 2268 2704 ὑ
2326 2648 2598 2704 τᾶναντία’
2653 2653 2772 2711 πῶς
2829 2650 2934 2724 γὰρ
3003 2647 3194 2704 ἕσοιντ⁹
3253 2648 3312 2703 ἃν
3394 2646 3710 2718 ὑπάλληλα
3763 2651 3835 2703 τὶ

409 2736 597 2791 multo
627 2743 820 2793 autem
856 2740 1051 2795 minus
1099 2743 1390 2798 contraria
1432 2743 1542 2798 sub
1573 2743 1918 2811 contrariis;
1953 2759 1998 2814 q'

2244 2737 2761 2814 χόμενα;),πάντως
2792 2735 3052 2808 εὔδηλον,
3083 2737 3165 2793 ὅτι
3200 2739 3266 2792 τὰ
3309 2739 3548 2814 πρώτως
3583 2739 3693 2794 ὑπὸ
3723 2743 3833 2793 τῶν

407 2828 565 2881 enim
599 2829 1052 2899 repugnantium
1100 2830 1216 2886 alia
1265 2832 1375 2887 sub
1407 2831 1537 2887 aliis
1587 2849 1717 2888 esse
1748 2831 1976 2904 possint

2242 2826 2470 2900 ιημένων
2578 2826 2940 2882 ἐναντιώσεων
3041 2825 3462 2895 εἲδοποιούμενα
3571 2828 3831 2900 σώματα,

413 2914 556 2969 satis
588 2917 843 2986 profecto
884 2922 1113 2973 constat
1140 2936 1209 2974 ea
1252 2936 1495 2992 corpora
1525 2937 1653 2992 quae
1701 2937 1736 2975 a
1767 2919 2002 2992 praedict

2239 2917 2314 2970 ὗτ’
2369 2915 2428 2970 ἂν
2488 2915 2588 2972 εἶεν
2650 2921 2900 2991 στοιχεῖα
2956 2923 3204 2993 προσεχῆ
3263 2915 3480 2970 πάντων
3545 2918 3828 2989 σωμάτων

413 3003 927 3061 contrarietatibus
984 3007 1174 3080 primo
1223 3009 1637 3077 informantur,
1698 3007 2002 3065 naturaliu:

984 3007 1174 3080 primo
1223 3009 1637 3077 informantur,
1698 3007 2058 3065 naturalium
2165 3009 2274 3060 τῶν
2307 3009 2568 3082 φυσικῶν.

415 3108 725 3164 corporum
757 3095 1022 3150 omnium
1055 3097 1316 3168 proxima
1346 3097 1632 3154 elementa
1659 3114 1808 3154 esse.

491 3182 576 3235 16.
611 3182 970 3239 lnformatur
1013 3184 1210 3256 itaque
1253 3186 1440 3256 primo
1475 3187 1630 3258 ignis
1659 3187 1896 3258 quidem
1929 3185 2063 3242 cali-

2247 3184 2328 3245 ις’.
2378 3179 2747 3236 Εἶδοποιεῖται
2800 3183 2893 3255 μὲν
2939 3179 3034 3235 οὑν
3074 3181 3309 3256 πρώτως
3355 3179 3419 3234 τὸ
3477 3184 3588 3255 πῦρ
3619 3179 3827 3256 θερμό-

415 3269 598 3326 ditata
647 3276 704 3325 et
751 3272 1011 3328 siccitate
1036 3273 1102 3340 ⁴¹,
1141 3278 1198 3328 et
1243 3290 1375 3329 vero
1422 3273 1715 3330 caliditate
1764 3275 2004 3330 maxime

2244 3295 2294 3327 τι
2343 3272 2432 3327 καὶ
2487 3271 2767 3349 ξηρότητι’
2820 3272 2911 3327 καὶ
2965 3269 3200 3344 μάλιστά
3257 3291 3318 3346 γε
3363 3271 3686 3343 θερμότητιο
3723 3270 3753 3324 ὁ
3783 3266 3833 3322 δ’

416 3375 516 3415 aer
545 3359 840 3416 caliditate
870 3367 927 3416 et
951 3362 1317 3433 bumiditate,
1352 3365 1540 3436 magis
1569 3369 1764 3419 tamen
1798 3363 2005 3418 humid

2238 3381 2280 3437 ,ρ
2340 3359 2637 3433 θερμότητι
2692 3359 2781 3414 καὶ
2831 3360 3114 3436 ὑγρότητι,
3169 3358 3259 3414 καὶ
3317 3358 3486 3414 πλέον
3542 3358 3827 3434 ὑγρότητι·

413 3452 534 3504 tate
561 3474 575 3517 ;
607 3465 758 3520 aqua
789 3450 1136 3507 bumiditate
1166 3457 1222 3507 et
1249 3421 1584 3524 frigiditate,
1604 3454 1704 3508 sed
1740 3452 1928 3524 magis
1961 3453 2002 3506 fr

2239 3421 2261 3437 VI
2293 3447 2340 3504 δ’
2396 3421 3034 3523 ὅὸωρώγρὸτητιυκαί.
3080 3421 3409 3524 ψυχρότητι,
3455 3448 3546 3502 καὶ
3589 3421 3828 3520 ’μᾶλλον

419 3536 694 3610 giditate;
729 3542 884 3594 terra
913 3540 1230 3611 trigiditate
1259 3546 1318 3596 et
1347 3541 1631 3608 siccitate,
1655 3543 1756 3598 sed
1789 3547 1853 3596 ut
1883 3541 2008 3613 plur

2241 3539 2504 3614 ,χρότητιο
2559 3541 2594 3608 ἡ
2659 3535 2717 3593 δὲ
2766 3540 2841 3612 γῆ
2887 3537 3194 3614 ψυχρότητι
3252 3536 3342 3592 καὶ
3387 3535 3673 3612 ξηρότητι,
3739 3535 3830 3590 καὶ

421 3643 585 3681 mum
644 3627 903 3683 siccitate
957 3629 1025 3684 ‘9.
1074 3630 1231 3701 Ignis
1280 3631 1522 3701 proinde
1571 3636 1626 3686 et
1675 3647 1773 3686 aer
1820 3635 1877 3685 et
1912 3635 2010 3685 teri

2242 3627 2440 3682 ὑπίπαν
2473 3627 2752 3702 ξηρότητι.
2789 3631 2902 3700 Πῦρ
2935 3623 3037 3701 ἄρα
3073 3625 3162 3680 καὶ
3222 3625 3328 3700 ἀήρ
3383 3624 3473 3679 καὶ
3531 3622 3681 3699 ὕδωρ
3741 3623 3831 3678 καὶ

422 3716 878 3786 compositorum
911 3718 1269 3774 naturalium
1315 3735 1623 3792 corporum
1658 3719 1921 3792 proxima
1950 3718 2011 3774 eli

2236 3723 2245 3786 ᾖ
2295 3719 2543 3792 στοιχεῖα
2610 3717 2860 3790 προσεχῆ
2915 3718 3022 3768 τῶν
3081 3713 3342 3770 συνθέτων
3398 3711 3670 3784 σωμάτων
3719 3716 3825 3766 τῶν

425 3807 622 3858 menta
651 3809 810 3859 sunt.

2179 3809 2435 3884 φυσικῶν.

498 3892 584 3945 17.
617 3892 751 3955 Quae
795 3893 1075 3950 nimirum
1127 3894 1434 3967 elementa,
1467 3913 1582 3953 non
1631 3901 1921 3968 quatenus
1953 3896 2070 3952 ele-

2257 3898 2334 3962 ιζ’.
2367 3897 2434 3950 Ἃ
2483 3889 2548 3961 δὴ
2609 3896 2880 3967 στοιχεῖα,
2909 3890 2971 3946 οὐ
3030 3891 3163 3956 καθὸ
3224 3895 3492 3966 στοιχεῖα,
3550 3889 3682 3945 καθὸ
3743 3889 3832 3944 καὶ

427 3985 624 4036 menta
640 3986 795 4048 sunt,
813 3983 913 4038 sed
940 3989 1232 4054 quatenus
1253 4002 1494 4058 corpora
1516 3986 1796 4057 qualitate
1809 3986 2014 4058 praedit

2244 3983 2408 4055 lpum
2436 3979 2808 4054 πεποιωμένα,
2839 3980 2889 4051 ἐξ
2919 3977 3185 4051 ἀλλήλων
3228 4001 3286 4035 τε
3343 3979 3547 4054 γίνεται
3605 3979 3695 4033 καὶ
3757 3978 3833 4038 εἷς

425 4084 561 4124 cum
592 4086 660 4125 ex
689 4086 751 4125 se
781 4070 1026 4128 invicem
1057 4079 1429 4145 generantur,
1460 4079 1586 4130 tum
1642 4076 1700 4129 in
1731 4093 1793 4131 se
1825 4075 2011 4130 invice

2246 4069 2407 4142 ληλα
2493 4068 2780 4148 φθείρεται.
2840 4069 2938 4123 Καὶ
2994 4069 3063 4124 τὰ
3124 4069 3218 4142 μὲν
3277 4070 3460 4137 κοινὴν
3529 4066 3835 4140 κεκτημένα

427 4162 903 4230 corrumpuntur.
937 4162 1015 4215 Ac
1045 4177 1245 4216 eorum
1272 4162 1508 4234 quidem
1541 4180 1668 4234 quae
1700 4180 2010 4219 commune

2233 4159 2471 4230 οιότητα,
2503 4159 2741 4234 καθάπερ
2770 4159 2832 4213 τὸ
2862 4162 2969 4234 πῦρ
2999 4157 3090 4213 καὶ
3121 4159 3148 4213 ὁ
3178 4158 3284 4234 ἀὴρ
3340 4159 3436 4227 τὴν
3490 4155 3822 4232 θερμότητα,

429 4246 772 4319 qualitatem
807 4249 1072 4304 obtinent
1103 4252 1168 4317 ιδ,
1203 4256 1267 4306 ut
1297 4251 1450 4323 ignis
1481 4258 1537 4306 et
1567 4269 1665 4307 aer
1693 4251 2018 4308 caliditaten

2244 4249 2272 4304 ιὶ
2303 4250 2364 4303 τὸ
2395 4245 2540 4324 ὕδωρ
2570 4247 2659 4302 καὶ
2689 4249 2723 4316 ἡ
2753 4253 2822 4324 γῆ
2870 4248 2969 4317 τήν
3023 4246 3364 4322 ψυχρότητα,
3400 4242 3603 4321 ῥᾳδίως
3666 4249 3833 4300 ταῦτα

430 4334 690 4406 itemque
740 4353 894 4407 aqua
937 4343 994 4393 et
1024 4344 1179 4394 terra
1219 4339 1618 4411 frigiditatem,
1656 4340 1822 4395 facile
1873 4340 2019 4395 alia:

2240 4333 2521 4394 εταὸάλλει
2567 4335 2641 4398 εἲς
2670 4333 2913 4408 ἄλληλα,
2945 4337 3083 4391 κατὰ
3123 4336 3248 4408 μίαν
3293 4335 3566 4406 ποιότητα
3606 4335 3829 4406 πάμπαν

434 4423 548 4478 alia
576 4429 900 4493 mutantur,
936 4432 1001 4481 ut
1043 4444 1168 4499 quae
1223 4428 1400 4484 unius
1447 4429 1731 4484 duntaxat
1777 4427 2023 4500 qualitat

2242 4433 2255 4497 ᾗ
2311 4421 2739 4500 μεταϐάλλοντα·
2770 4425 2838 4480 τὰ
2897 4423 2956 4480 δὲ
3008 4425 3098 4480 καὶ
3149 4425 3266 4479 κατ’
3315 4425 3480 4501 ἄμφω
3527 4424 3625 4485 τὰς
3679 4421 3831 4477 ποιό-

435 4513 658 4568 ratione
689 4519 1007 4572 mutentur.
1041 4515 1174 4580 Quae
1208 4521 1402 4572 autem
1442 4517 1748 4590 utriusque
1779 4516 2024 4589 qualitat

2242 4537 2354 4586 πτας
2465 4514 2824 4587 ἀντικείμενα,
2916 4511 3240 4591 βραδυτέραν
3357 4517 3594 4568 ποιεῖται
3693 4513 3831 4586 ’πρὸς

431 4601 654 4658 ratione
688 4609 1084 4676 opponuntur,
1116 4606 1344 4662 tardius
1387 4607 1544 4662 1.84
1591 4606 1651 4662 in
1682 4623 1744 4662 se
1776 4610 2020 4662 mutanti

2244 4602 2416 4675 ίληλα
2442 4605 2542 4673 τήν
2587 4599 2916 4677 μεταϐολήν·
2961 4604 3036 4666 ὡς
3079 4604 3142 4658 τὸ
3196 4599 3341 4680 ὕδωρ
3391 4600 3482 4656 καὶ
3529 4602 3592 4656 τὸ
3642 4605 3772 4677 πῦρ,
3799 4601 3833 4666 ἡ

430 4689 704 4760 invicem,
738 4697 802 4748 ut
846 4710 1001 4765 aqua
1049 4699 1106 4749 et
1157 4695 1330 4767 ignis,
1363 4695 1622 4768 itemque
1669 4699 1824 4750 terra
1872 4698 1929 4750 et
1961 4709 2019 4749 ae

2016 4710 2078 4761 π’,
2189 4700 2262 4769 γῆ
2291 4714 2352 4749 τε
2373 4691 2464 4747 καὶ
2495 4693 2522 4746 ὁ
2548 4693 2676 4769 ἀὴρ,
2707 4692 2741 4746 ἃ
2772 4689 2838 4762 δὴ
2871 4691 2960 4747 καὶ
2992 4689 3183 4754 ἁπλῶς
3212 4689 3420 4746 ἐναντία
3448 4689 3605 4747 εΐσίν.

432 4795 562 4850 quae
594 4799 735 4838 sane
766 4782 942 4838 etiam
975 4783 1237 4840 absolute
1269 4788 1408 4840 sunt
1431 4783 1743 4840 contraria.
2111 4785 2161 4852 D

503 4871 588 4924 18.
621 4871 743 4926 Etsi
774 4888 906 4928 vero
936 4873 982 4906 “
1033 4872 1156 4928 haec
1204 4873 1545 4929 substantiae
1583 4877 1749 4943 sunt,
1782 4869 1929 4927 nihil
1979 4887 2078 4926 au-

2260 4877 2348 4941 ιη’.
2381 4870 2446 4926 Εἰ
2478 4867 2524 4924 δ’
2555 4869 2730 4925 οὐσίαι
2771 4873 2960 4940 ταῦτα,
2990 4873 3059 4943 τῇ
3103 4868 3259 4942 οὐσίᾳ
3288 4866 3333 4924 δ’
3366 4867 3604 4924 ἐναντίον
3659 4863 3831 4937 οὐδὲν,

429 4962 546 5015 tem
580 4960 923 5016 substantia;
954 4966 1042 5017 est
1067 4962 1425 5018 contrarium
1453 4980 1466 5030 ;
1501 4979 1616 5018 non
1647 4966 1843 5017 tamen
1876 4964 2016 5034 quat

2244 4958 2316 5014 ιλ⁹
2360 4959 2422 5014 οὐ
2471 4960 2591 5014 καθ’
2639 4959 2667 5013 ὃ
2717 4957 2892 5014 οὐσίαι
2940 4959 3030 5014 καὶ
3087 4959 3440 5032 ὑποκείμενα,
3488 4956 3630 5012 κατὰ
3673 4959 3833 5010 τοῦτο

431 5051 603 5102 tenus
635 5049 979 5105 substantiae
1003 5055 1060 5106 et
1089 5051 1356 5120 subjecta
1385 5055 1544 5115 sunt,
1568 5053 1810 5106 eatenus
1838 5049 1990 5104 inter

2250 5052 2550 5104 αντιοῦνται
2577 5048 2713 5124 πρὸς
2744 5043 2968 5118 ἄλληλα
3021 5051 3129 5123 πῦρ
3177 5047 3266 5102 καὶ
3322 5043 3494 5122 ὕδωρ,
3523 5045 3615 5100 καὶ
3676 5045 3837 5100 πάλιν

436 5138 728 5192 contraria
757 5144 895 5194 sunt
927 5140 1081 5212 ignis
1119 5147 1174 5195 et
1203 5156 1377 5212 aqua,
1411 5140 1668 5212 itemque
1700 5155 1798 5194 aer
1825 5142 1882 5193 et
1907 5141 2025 5192 terr

2245 5137 2299 5212 ἦρ
2330 5136 2419 5191 καὶ
2464 5143 2558 5212 γῆ,
2591 5133 2737 5191 ἀλλὰ
2792 5136 2911 5200 καθ’
2941 5135 3004 5198 ἃς
3063 5133 3460 5191 εἰδοποιοῦνται
3518 5133 3834 5205 ποιότητας.

434 5226 536 5280 sed
590 5228 782 5297 quoad
842 5229 1154 5300 qualitates
1203 5229 1420 5299 quibus
1468 5229 1883 5284 informantur.
1937 5226 2022 5281 Na

2246 5231 2257 5280 [
2312 5226 2411 5301 γάρ
2473 5224 2525 5280 ἐν
2584 5224 2713 5302 πυρὶ
2773 5223 3046 5301 θερμότης
3100 5229 3169 5299 τῇ
3218 5224 3267 5279 ἐν
3319 5223 3472 5279 ὕδατι
3530 5223 3835 5299 ψυχρότητι

431 5312 587 5386 ignis
611 5314 878 5371 caliditas
906 5317 1208 5389 frigiditati
1229 5331 1393 5390 aquae
1425 5320 1734 5389 repugnat,
1750 5314 2020 5370 vincissin

2246 5313 2455 5390 άχεται,
2483 5313 2573 5370 καὶ
2621 5315 2656 5383 ἡ
2707 5313 2942 5390 ξηρότης
2991 5312 3056 5368 αὗ
3101 5317 3170 5388 τῇ
3206 5311 3490 5390 ὑγρότητι.
3521 5311 3622 5367 Καὶ
3680 5306 3835 5366 πάλιν

432 5419 546 5475 que
579 5402 812 5460 siccitas
844 5403 1202 5462 humiditati.
1235 5407 1304 5462 Et
1342 5423 1547 5462 rursus
1578 5405 1732 5460 aeris
1764 5403 2020 5460 humidit

2265 5403 2317 5459 ἐν
2378 5402 2492 5479 ἀέρι
2555 5401 2786 5478 ὑγρότης
2839 5406 2908 5476 τῇ
2965 5400 3018 5457 ἐν
3076 5405 3148 5477 γῇ
3203 5400 3482 5479 ξηρότητι·
3533 5399 3625 5456 καὶ
3657 5403 3692 5469 ἡ
3725 5401 3838 5473 θερ-

435 5491 684 5548 siccitati
714 5497 904 5560 terrae,
938 5497 994 5548 et
1022 5493 1290 5550 caliditas
1337 5495 1661 5568 frigiditati.
1697 5496 1769 5550 Ac
1799 5492 2024 5565 simplic

2248 5492 2375 5564 ότης
2421 5495 2490 5566 τῇ
2547 5490 2880 5567 ψυχρότητι.
2912 5490 3011 5547 Καὶ
3070 5490 3258 5554 ἁπλῶς
3315 5489 3402 5546 ἐπὶ
3461 5491 3680 5545 πάντων
3735 5491 3837 5542 τῶν

437 5589 530 5642 ter
559 5583 618 5638 in
651 5582 928 5639 omnibus
957 5581 1263 5639 elementis
1283 5585 1582 5640 contrariae
1613 5582 1929 5656 qualitates
1958 5599 2024 5638 co

2252 5581 2486 5658 εοιχείων
2571 5581 2627 5635 αἱ
2713 5579 2940 5636 ἐναντίαι
3017 5579 3307 5651 ποιότητες
3388 5584 3508 5643 ταῖς
3579 5576 3841 5637 ἐναντίαις

444 5673 640 5732 trariis
668 5676 1066 5747 opponuntur.

963 5676 1066 5729 tur.
2202 5670 2529 5726 ἀντίκεινται
2541 5711 2552 5726 .

514 5803 558 5840 ⁴¹
590 5808 626 5864 2
649 5800 732 5860 De
762 5803 893 5859 ortu
925 5803 984 5858 et
1012 5796 1253 5856 interitu
1284 5813 1334 5854 c.
1368 5797 1422 5853 4.
1499 5797 1543 5842 ⁵³
1572 5794 1722 5852 Ibid.
1751 5811 1801 5852 c.
1832 5797 1886 5852 3.
1963 5796 2008 5831 ⁴³
2040 5795 2102 5854 Ib

1499 5797 1543 5842 ⁵³
1572 5794 1722 5852 Ibid.
1751 5811 1801 5852 c.
1832 5797 1886 5852 3.
1963 5796 2008 5831 ⁴³
2040 5794 2184 5854 Ibid.
2217 5811 2268 5853 ο.
2300 5796 2355 5866 4,
2384 5795 2439 5852 5.
2515 5792 2562 5833 ⁴⁴
2593 5792 2740 5852 Ibid.
2773 5791 2885 5851 0.3
2911 5786 2970 5852 et
2995 5795 3051 5851 8.
