4024 6494
158 505 311 574 1121

153 733 282 790 τινὰ
337 732 498 806 (μετὰ
554 732 658 807 γὰρ
715 735 812 786 τοῦ
863 731 1082 807 πρώτου
1141 732 1497 804 ὑποκειμένου
1548 729 1804 802 δηλονότι

153 825 262 890 τῆς
311 819 450 890 ὕλης
504 818 832 874 ἀποτελοῦσι
875 820 938 874 τὸ
983 816 1227 895 δεύτερον
1284 819 1634 893 ὑποκείμενον
1683 819 1808 888 ἥτοι

155 911 227 965 τὸ
257 911 459 982 σῶμα)·
517 907 662 976 πλὴν
721 909 839 971 καθ’
896 906 1056 970 αὐτὰς
1099 908 1466 985 θεωρούμεναι
1498 908 1672 984 χωρὶς
1714 913 1810 962 τοῦ

161 995 550 1070 ὑποκειμένου.
610 990 996 1070 συμϐεϐηκότα
1052 996 1194 1052 εἶσί.
1257 998 1348 1052 Διὸ
1403 997 1492 1052 καὶ
1546 994 1662 1066 εἷ’δη
1721 997 1811 1052 καὶ

161 1082 437 1140 εἰδοποιοί
481 1083 776 1139 καλοῦνται
817 1083 1108 1155 ποιότητες
1153 1086 1230 1147 ὡς
1287 1086 1471 1158 ἐτέρου
1518 1081 1668 1148 ὄντος
1717 1089 1813 1140 τοῦ

163 1171 348 1235 εἴδους
397 1173 427 1228 ’ὸ
471 1177 689 1227 ποιοῦσι
739 1172 887 1249 παρᾶ
923 1174 988 1228 τὸ
1036 1171 1177 1236 εἶδος
1224 1175 1343 1238 καθ’
1372 1175 1401 1228 ’ὀ
1435 1174 1587 1230 αὗται
1622 1174 1812 1250 λέγον-

158 1283 258 1317 ται
314 1259 453 1332 εἴδη.
515 1262 586 1316 Τὸ
647 1261 742 1334 μὲν
793 1262 895 1338 γὰρ
953 1263 1087 1335 μετά
1135 1269 1236 1333 τῆς
1297 1261 1435 1333 ὕλης
1482 1269 1685 1319 νοεῖται
1726 1263 1816 1319 καὶ

165 1349 332 1405 οὐσία
358 1350 446 1405 καὶ
505 1350 853 1423 ὑποκείμενόν
913 1350 1069 1406 ἐστιν’
1130 1351 1205 1413 ὡς
1253 1352 1317 1406 τὸ
1362 1357 1468 1427 πῦρ
1515 1354 1649 1408 καθὸ
1687 1357 1817 1428 πῦρ,

164 1439 264 1495 καὶ
294 1441 329 1509 ἡ
360 1445 428 1515 γῆ
462 1439 593 1494 καθὸ
623 1445 718 1512 γῆ,
750 1440 840 1494 καὶ
878 1439 946 1494 τὰ
997 1438 1166 1495 λοιπὰ
1213 1445 1321 1495 τῶν
1369 1441 1816 1515 ἀποτελουμένων

168 1525 356 1583 εἰδῶν.
393 1528 595 1582 Ἐκεῖνο
628 1524 684 1582 δὲ
703 1527 768 1582 τὸ
799 1525 941 1590 εἶδος
976 1529 1110 1592 καθὸ
1138 1529 1191 1583 αἱ
1234 1529 1524 1601 ποιότητες
1573 1529 1819 1606 λέγονται

169 1613 298 1685 εἷ’δη
357 1614 532 1691 χωρίς
585 1635 645 1670 τε
698 1621 796 1684 τῆς
852 1614 993 1686 ὕλης
1065 1615 1356 1672 ἐπινοεῖται
1406 1618 1544 1691 (πῶς
1600 1618 1700 1694 γὰρ
1761 1617 1818 1672 ἂν

170 1702 366 1766 ἄλλως
396 1703 448 1774 ἐξ
477 1703 617 1774 ὕλης
663 1703 753 1758 καὶ
807 1701 984 1765 εἷ’δους
1019 1702 1260 1780 λεχθεῖεν
1291 1705 1358 1760 τὰ
1390 1707 1650 1780 adipata;
1682 1712 1703 1778 )
1732 1708 1822 1762 καὶ

170 1792 281 1847 οὐκ
327 1788 467 1846 ἔστιν
512 1789 624 1846 οὐδ’
681 1790 836 1846 ούσία
891 1789 1006 1846 οὐδ’
1063 1793 1435 1866 ὑποκείμενον,
1493 1793 1544 1849 ἐν
1607 1796 1823 1850 ὑποκει-

180 1880 332 1954 μένῳ
361 1878 419 1934 δὶ
453 1878 706 1951 μάλιστα.

1475 499 1824 572 EPITOME
1867 502 2230 573 PHYSICA.

235 645 316 699 ιθ’.
357 643 525 698 Πᾶσαι
581 639 629 696 δ’
674 634 954 704 οὑσιώδεις
1000 641 1309 713 ποιότητες,
1357 643 1453 697 κᾶν
1499 642 1628 696 ὦσιν
1682 639 1798 712 εἷ’δη
1833 645 1886 711 Α

326 13 3976 124 ῌ-,π-π-

3403 505 3558 572 1122

1990 645 2073 699 19.
2107 645 2281 700 Porro
2307 659 2648 716 quanquam
2678 659 2880 699 omnes
2918 641 3339 699 substantiales
3372 644 3556 716 quali-

1915 738 2065 790 tates
2097 738 2234 790 sunt
2263 735 2458 789 formae
2490 735 2756 805 quaedam
2788 734 2945 804 (cum
3005 733 3192 804 primo
3224 735 3379 788 enim
3412 735 3556 789 sub-

1909 823 2088 894 jecto,
2120 822 2363 878 materia
2393 821 2695 890 nimirum,
2758 821 3170 877 secundarium
3201 821 3558 892 subjectum,

1919 910 2037 966 sive
2066 927 2278 982 corpus
2309 909 2640 977 absolvunt)
2664 927 2677 977 ;
2711 926 2813 980 per
2837 926 2899 964 se
2920 915 3117 964 tamen
3141 908 3265 965 sine
3296 910 3560 978 subjecto

1920 999 2314 1067 consideratis,
2348 998 2665 1054 accidentia
2696 1003 2853 1052 sunt.
2887 999 3247 1069 Quapropter
3275 1002 3332 1052 et
3363 998 3560 1053 forma:

1922 1091 1979 1142 et
2006 1087 2390 1142 informantes
2424 1086 2735 1159 qualitates
2779 1090 3082 1157 vocantur,
3143 1086 3298 1157 quod
3330 1087 3561 1142 diversa

1924 1176 2002 1231 sit
2032 1176 2212 1230 forma
2247 1193 2423 1248 quam
2463 1175 2725 1231 efficiunt
2779 1177 2854 1229 ab
2912 1192 2976 1230 ea
3035 1176 3359 1231 secundum
3389 1192 3566 1246 quam

1924 1265 2062 1336 ipsae
2121 1264 2318 1319 formae
2376 1269 2675 1319 vocantur.
2734 1263 2928 1318 Altera
2959 1263 3113 1318 enim
3147 1280 3279 1319 cum
3325 1263 3573 1319 materia

1925 1351 2355 1422 intelligitur,et
2379 1351 2635 1406 essentia
2657 1355 2830 1423 atque
2843 1351 3178 1422 subjectum
3201 1355 3309 1420 est;
3331 1356 3396 1407 ut
3415 1351 3569 1424 ignis

1928 1445 2216 1512 quatenus
2249 1440 2422 1512 ignis,
2454 1444 2510 1494 et
2539 1444 2692 1494 terra
2724 1444 3012 1512 quatenus
3033 1443 3210 1510 terra,
3241 1444 3299 1496 et
3329 1440 3570 1512 reliquae

1931 1528 2128 1584 forma:
2159 1545 2282 1601 qua:
2313 1528 2714 1583 absolvuntur.
2769 1527 2872 1584 llla
2918 1533 3111 1583 autem
3172 1529 3320 1586 135
3359 1529 3570 1596 forma,

1923 1618 2091 1688 juxta
2120 1634 2297 1688 quam
2355 1616 2668 1688 qualitates
2701 1618 2978 1672 dicuntur
3025 1618 3242 1684 formae,
3275 1634 3408 1673 cum
3445 1617 3574 1674 sine

1932 1707 2177 1762 materia
2207 1707 2463 1779 cogitatu
2490 1706 2767 1778 (quonam
2793 1707 2949 1761 enim
2981 1705 3125 1762 alias
3152 1712 3316 1777 pacto
3347 1724 3416 1762 ex
3447 1723 3573 1762 ma-

1931 1795 2077 1850 teria
2093 1801 2150 1850 et
2166 1796 2390 1850 formad
2404 1795 2471 1849 ici
2486 1811 2727 1866 corpora
2742 1794 3027 1866 possent?)
3040 1799 3168 1850 tum
3189 1813 3292 1851 nec
3306 1798 3574 1852 substan-

1933 1883 2036 1951 tia,
2060 1900 2165 1939 nec
2196 1884 2527 1955 subjectum
2555 1888 2680 1950 est;
2715 1885 2811 1938 sed
2847 1883 2904 1937 in
2939 1884 3200 1954 subjecto
3233 1885 3502 1941 maxime.

253 1969 318 2025 κ’.
380 1966 484 2022 Κᾶν
543 1988 675 2022 ποτε
732 1966 886 2022 οὐσία
943 1967 1198 2044 λεχθείη,
1259 1967 1347 2024 διὰ
1399 1975 1561 2026 τοῦτο
1615 1971 1823 2048 λέγεται

290 2055 302 2072 ,
422 2053 446 2072 εκ
483 2056 498 2072 .
592 2056 607 2072 ς
779 2057 793 2072 κ
917 2060 944 2071 ..
1005 2057 1019 2072 ο
1242 2057 1253 2072 ,
1409 2057 1464 2072 κ,
1574 2061 1596 2072 λ
1751 2061 1760 2072 .

2004 1973 2093 2026 20.
2149 1973 2217 2026 Et
2275 1987 2614 2043 quanquam
2674 1970 2988 2042 aliquando
3041 1973 3373 2028 substantia
3424 1973 3580 2028 dicta

176 2055 358 2127 οὐσία,
419 2053 508 2110 διὰ
553 2056 616 2110 τὸ
670 2057 803 2129 μετά
851 2060 949 2111 τοῦ
999 2057 1359 2132 ὑποκειμένου¹
1406 2057 1656 2114 δύνασθαι
1702 2061 1824 2134 μίαν

178 2144 368 2200 οὐσίαν
426 2143 732 2215 ἀποτελεῖν,
791 2145 880 2199 καὶ
941 2146 1016 2218 μὴ
1075 2146 1422 2222 ἀπογίνεσθαι
1485 2153 1582 2203 τοῦ
1632 2149 1823 2204 ἀποτε-

181 2233 468 2294 λεσθέντπ
496 2233 673 2308 χωρὶς
705 2239 806 2302 τῆς
851 2232 1047 2288 τούτου
1095 2241 1319 2312 φθορᾶς,
1359 2237 1550 2291 ταυτὸν
1584 2234 1630 2291 δ’
1661 2237 1828 2292 εἰπεῖν

180 2319 507 2384 διαλύσεως.

255 2411 356 2467 κα’.
408 2410 506 2464 Διά
563 2411 732 2465 ταῦτά
775 2431 862 2466 τοι
909 2409 972 2466 τδ
1023 2410 1165 2474 εἶδος
1209 2413 1298 2468 καὶ
1352 2411 1572 2492 δευτέρα
1617 2415 1834 2491 λέγεται

179 2499 278 2554 καὶ
307 2497 484 2567 ἥττων
518 2498 692 2571 οὐσία,
729 2499 939 2572 μᾶλλον
991 2497 1049 2555 δὲ
1093 2500 1354 2565 οὐσιῶδες
1400 2504 1490 2559 καὶ
1521 2505 1619 2560 οὐκ
1659 2505 1831 2564 οὐσία.

183 2587 289 2643 Καὶ
346 2585 410 2641 αὖ
456 2586 622 2643 πάλιν
669 2589 976 2664 κυριώτατα
1030 2591 1121 2644 καὶ
1170 2592 1403 2666 πρώτως
1452 2594 1541 2648 καὶ
1602 2593 1839 2667 μάλιστα

189 2674 348 2731 οὐσία
404 2675 778 2755 φιλοσοφεῖται
822 2678 968 2753 παρά
1011 2682 1118 2732 τῶν
1168 2673 1337 2742 ὅντως
1384 2679 1698 2761 φιλοσόφων
1748 2684 1838 2738 καὶ

191 2762 600 2839 δογματίζεται.
630 2765 702 2819 Τὸ
761 2765 855 2838 μὶν
915 2765 1018 2840 γὰρ
1077 2765 1198 2822 ἄνευ
1245 2775 1346 2839 τῆς
1407 2768 1547 2833 ὕλπς
1581 2772 1834 2827 ἐπινοού-

196 2874 355 2926 μενον
415 2853 488 2915 ὡς
549 2852 890 2928 ὑποκειμένῳ
938 2859 1006 2929 τῇ
1056 2854 1160 2931 ὕλῃ
1209 2855 1503 2931 δυνάμενον
1563 2859 1708 2936 ἔχειν
1741 2864 1842 2931 τὴν

199 2941 422 3018 ὕπαρξιν
483 2941 706 3005 εῖκότως
764 2941 918 2997 οὐσία
974 2942 1036 2998 ού
1092 2945 1295 3021 κυρίως
1350 2944 1601 3022 λέγεται·
1663 2950 1726 3004 τὸ
1786 2948 1846 3005 δὲ

205 3030 341 3105 μετά
383 3032 482 3099 τῆς
533 3028 671 3101 ὕλης
721 3029 778 3085 ὃν
829 3029 1071 3106 ἐνεργείᾳ
1110 3034 1200 3088 καὶ
1251 3036 1367 3108 μετ’
1411 3036 1576 3106 αὐτῆς
1623 3058 1845 3114 χρημα-

197 3118 347 3188 τίζον
399 3118 452 3173 ἓν
495 3119 872 3193 ὑποκείμενον,
925 3121 1000 3183 ὡς
1041 3122 1176 3177 κατά
1222 3121 1552 3200 συνεκδοχήν
1603 3126 1662 3180 ἐκ
1699 3128 1846 3183 θατέ-

205 3228 302 3283 ρου
355 3211 462 3262 τῶν
524 3203 888 3265 συνελθόντων
949 3209 1024 3272 εἷς
1083 3211 1172 3266 τὸν
1224 3216 1321 3266 τοῦ
1377 3214 1627 3269 συνθέτου
1675 3216 1845 3292 ἀπαρ-

198 3295 392 3368 τισμὸν
424 3298 964 3373 προσαγορευομένου
1007 3302 1104 3353 τοῦ
1135 3298 1464 3372 σύμπαντος,
1493 3303 1556 3356 τὸ
1602 3308 1848 3358 τοιοῦτον

203 3381 347 3440 εἶδος
399 3381 624 3448 δικαίως
674 3385 733 3440 ἃν
793 3385 949 3441 ούσία
1001 3387 1310 3464 κυριώτατά
1362 3411 1420 3445 τε
1466 3391 1557 3445 καὶ
1615 3393 1847 3469 πρώτως

200 3473 293 3527 καὶ
342 3472 579 3545 μάλιστα
624 3472 860 3551 λέγοιτο.
906 3480 1074 3530 Τοῦτο
1122 3474 1179 3531 δέ
1226 3476 1334 3532 ἐστι
1381 3479 1443 3534 τὸ
1501 3477 1846 3536 εἰδικώτατον

201 3565 387 3617 πασῶν
443 3565 550 3616 τῶν
623 3561 711 3617 ἐπὶ
790 3563 989 3639 μέρους
1058 3564 1252 3620 οὐσιῶν
1309 3567 1703 3643 περιληπτικὸν
1760 3570 1851 3624 καὶ

204 3646 579 3718 συλληπτικδν
652 3650 742 3706 καὶ
819 3651 982 3728 λόγον
1039 3650 1165 3729 ἔχον
1237 3655 1374 3732 πρὸς
1433 3656 1595 3720 αὐτὰς
1630 3703 1645 3729 ,
1703 3659 1761 3713 ὃν
1814 3661 1849 3727 ἡ

206 3735 410 3809 ὁλότης
454 3739 591 3814 πρὸς
637 3741 733 3803 τὰς
781 3741 1164 3818 ὁμοιομερείας
1215 3744 1402 3815 αὐτῆς.
1453 3746 1605 3801 Οὕτω
1657 3745 1723 3816 δὴ
1762 3748 1852 3802 καὶ

209 3825 438 3882 Πλάτων
469 3827 596 3889 τοὺς
627 3828 763 3883 κατὰ
786 3827 948 3906 μέρος
968 3830 1287 3908 ἀνθρώπους
1310 3833 1593 3909 ἀνθρώπου
1615 3836 1854 3913 κέρματα

212 3915 674 3992 προσηγόρευσεν.

359 4093 369 4110 ο
511 4092 523 4112 ν
573 4098 599 4108 ~
955 4093 964 4110 ν
1737 4107 1766 4118 ...

284 4093 390 4168 κβ.
453 4094 640 4150 Ουσων
697 4091 754 4149 δὲ
809 4115 1077 4170 τεσσαρων
1135 4100 1444 4169 ποιοτήτων
1502 4100 1805 4158 καθολικων
1841 4150 1855 4176 ,

213 4181 439 4244 εἰκότως
485 4182 573 4236 καὶ
622 4183 686 4237 τὰ
732 4190 980 4259 στοιχεῖα
1024 4184 1252 4262 τέσσαρα
1296 4188 1499 4264 γέγονε,
1548 4190 1637 4245 καὶ
1679 4189 1858 4255 διττάς

209 4269 267 4325 ’ὲν
323 4267 544 4326 ἕκαστον
603 4270 777 4326 αὐτῶν
835 4273 1130 4344 ποιότητας
1210 4274 1560 4353 ἐκληρώσατο
1597 4325 1609 4336 .
1670 4280 1860 4344 Μόνως

210 4359 318 4435 γὰρ
347 4357 525 4422 οὕτως
570 4365 688 4423 τοῖς
737 4361 1037 4438 στοιχείοις
1086 4363 1394 4436 ἐναντιότης
1440 4387 1500 4422 τε
1528 4369 1617 4422 καὶ
1667 4368 1860 4445 συγγέ-

211 4467 357 4503 νειαν
411 4445 668 4523 πρόσεστι
703 4492 716 4506 .
777 4446 847 4503 δι’
901 4449 963 4512 ἃς
1032 4453 1240 4526 γένεσις
1311 4455 1400 4508 καὶ
1456 4457 1629 4533 φθορά
1681 4459 1769 4513 καὶ
1825 4461 1860 4527 ἡ

215 4533 453 4608 διαμονή
509 4541 608 4591 τοῦ
657 4537 878 4601 παντός.
938 4539 1034 4594 Διά
1085 4541 1180 4614 μὲν
1245 4541 1346 4618 γὰρ
1402 4544 1500 4612 τήν
1560 4543 1861 4601 ἐναντίωσιν

215 4621 542 4679 ἐπιτελεῖται
612 4627 817 4700 γένεσις
870 4627 959 4682 καὶ
1019 4627 1193 4705 φθορά
1225 4651 1237 4663 ·
1295 4636 1441 4686 πᾶσα
1505 4632 1605 4710 γὰρ
1660 4635 1864 4709 γένεσις

1937 2060 2135 2130 fuerit,
2194 2064 2500 2132 propterea
2529 2065 2722 2114 tamen
2784 2059 3116 2115 substantia
3175 2061 3406 2131 dicitur,
3441 2061 3579 2132 quia

1939 2166 2072 2204 cum
2106 2149 2366 2219 subjecto
2399 2165 2576 2204 unam
2608 2149 2998 2203 substantiam
3030 2148 3328 2205 absolvere
3359 2153 3570 2221 potest,

1939 2256 2045 2295 nec
2079 2239 2150 2293 ab
2182 2255 2246 2294 eo
2279 2238 2432 2308 quod
2465 2237 2799 2293 absolutum
2828 2243 2917 2293 est
2947 2237 3223 2309 citraipsi
3255 2237 3580 2304 interitum,

1942 2327 2061 2384 sive
2092 2328 2246 2399 quod
2277 2327 2430 2382 idem
2460 2331 2568 2396 est,
2601 2325 3042 2382 dissolutionem
3076 2327 3259 2382 abest.

2011 2417 2101 2470 21.
2135 2417 2316 2481 Quam
2351 2432 2491 2470 sane
2547 2415 2621 2469 ob
2653 2431 2885 2469 causam
2948 2415 3133 2469 forma
3162 2419 3219 2469 et
3247 2414 3502 2469 secunda
3531 2417 3589 2469 et

1945 2505 2144 2560 minus
2200 2503 2532 2559 substantia
2587 2503 2819 2570 dicitur,
2870 2503 3012 2574 quin
3071 2502 3191 2558 imo
3225 2503 3419 2574 potius
3449 2501 3591 2557 sub-

1947 2593 2219 2650 stantiale
2249 2593 2492 2664 aliquid,
2533 2596 2590 2647 et
2644 2609 2756 2646 non
2815 2591 3166 2647 substantia.
3213 2591 3589 2662 Rursumque

1949 2682 2123 2739 etiam
2158 2681 2558 2753 propriissime
2587 2683 2642 2735 et
2671 2679 2859 2751 primo
2890 2685 2947 2734 et
2978 2680 3229 2735 maxime
3259 2679 3590 2734 substantia

1951 2791 1984 2828 a
2055 2771 2208 2825 veris
2275 2768 2638 2841 philosophis
2689 2767 2943 2822 traditur
2987 2771 3043 2822 et
3094 2767 3391 2822 statuitur.
3452 2767 3587 2831 Qua:

1951 2861 2107 2916 enim
2139 2859 2375 2932 quidem
2409 2857 2536 2912 sine
2565 2857 2810 2911 materia
2838 2857 3182 2928 concipitur,
3215 2862 3495 2928 tanquam
3528 2854 3589 2909 in

1951 2951 2233 3020 subjecto,
2267 2947 2509 3002 materia
2538 2945 2758 3001 scilicet
2797 2945 3164 3000 existentiam
3211 2945 3423 3000 habere
3455 2961 3590 3016 pos-

1955 3041 2050 3108 sit,
2098 3037 2302 3093 merito
2352 3036 2685 3091 substantia
2731 3034 2961 3106 proprie
3013 3050 3125 3088 non
3171 3033 3403 3088 dicitur.
3457 3035 3590 3098 Quae

1955 3133 2151 3183 autem
2179 3142 2315 3181 cum
2347 3123 2589 3179 materia
2621 3127 2749 3178 actu
2785 3125 2955 3193 est,et
2983 3138 3116 3177 cum
3148 3138 3216 3177 ea
3246 3138 3428 3176 unum
3461 3121 3594 3176 sub-

1949 3219 2175 3288 jectum
2233 3213 2590 3283 nominatur,
2646 3216 2929 3282 tanquam
2961 3227 3063 3282 per
3092 3210 3491 3279 synecdochen
3522 3208 3594 3264 ab

1958 3305 2138 3361 altero
2155 3319 2355 3359 eorum
2375 3319 2499 3373 quae
2523 3301 2595 3356 ad
2617 3299 3007 3370 compositum
3030 3299 3305 3354 omnibus
3327 3299 3590 3355 numeris

1959 3391 2375 3450 absolvendum
2449 3393 2805 3445 concurrunt
2861 3387 3129 3443 universo
3205 3392 3600 3459 nuncupata;

1958 3480 2300 3553 hujusmodi
2345 3479 2531 3534 forma
2553 3480 2688 3549 jure
2711 3477 2931 3548 optimo
2955 3477 3286 3532 substantia
3315 3477 3596 3548 propriis-

1960 3571 2107 3627 sime
2138 3574 2194 3624 et
2225 3567 2480 3640 primum
2540 3572 2596 3622 et
2629 3567 2878 3621 maxime
2908 3565 3062 3621 186
3092 3565 3205 3620 dici
3238 3571 3432 3635 queat.
3467 3564 3598 3620 Haec

1961 3664 2155 3716 autem
2187 3657 2439 3712 maxime
2468 3653 2740 3727 specialis
2768 3661 2877 3720 est,
2907 3670 3034 3725 qua:
3065 3652 3446 3725 particulares
3475 3668 3602 3708 om-

1961 3765 2064 3804 nes
2095 3745 2454 3802 substantias
2484 3741 2946 3813 circumpletilur
2975 3747 3031 3798 et
3051 3741 3513 3813 comprehendit,
3547 3745 3604 3797 et

1961 3836 2227 3894 eamdem
2258 3834 2330 3889 ad
2361 3833 2726 3904 ipsas,quam
2759 3831 3052 3902 integrum
3084 3829 3324 3902 aliquod
3355 3831 3426 3885 ad
3444 3829 3607 3885 simi-

1963 3927 2113 3982 lares
2144 3940 2282 3980 suas
2316 3927 2508 3995 partes
2540 3922 2822 3976 rationem
2855 3919 3030 3975 habet
3059 3920 3122 3973 ⁴⁶.
3176 3919 3270 3974 Sic
3295 3919 3455 3974 Plato
3487 3918 3608 3975 sin-

1965 4014 2135 4088 gulos
2164 4011 2455 4077 homines,
2480 4008 2738 4064 hominis
2770 4009 3095 4079 fragmenta
3125 4008 3504 4079 nuncupavit.

2035 4104 2125 4156 22.
2161 4101 2331 4156 Porro
2363 4115 2495 4153 cum
2540 4095 2895 4152 universales
2942 4095 3255 4167 qualitates
3312 4095 3432 4150 sint
3461 4111 3603 4166 qua-

1966 4195 2120 4259 tuor,
2175 4206 2291 4244 non
2322 4186 2613 4242 immerito
2645 4184 2817 4241 etiam
2849 4189 3099 4256 quatuor
3128 4183 3415 4239 elementa
3441 4187 3600 4250 sunt,

1968 4285 2025 4337 et
2045 4278 2338 4351 duplicem
2369 4275 2706 4348 qualitatem
2738 4289 2940 4329 eorum
2972 4271 3205 4344 singula
3234 4276 3601 4343 acceperunt.

1969 4371 2057 4425 Sic
2087 4367 2242 4424 enim
2274 4367 2557 4420 duntaxat
2575 4363 2880 4419 elementis
2909 4368 3037 4416 tum
3069 4359 3446 4416 contrarielas
3479 4365 3606 4414 tum

1971 4455 2237 4530 cognatio
2268 4454 2438 4518 inest,
2471 4468 2722 4523 quarum
2768 4467 2946 4506 causa
2993 4448 3288 4521 generatio
3318 4453 3378 4504 et
3405 4464 3605 4502 corru-

1972 4548 2092 4618 ptio
2119 4550 2177 4601 et
2205 4543 2383 4599 totius
2416 4540 2670 4596 universi
2701 4538 3062 4594 conservatio
3089 4537 3336 4593 exsistit.
3369 4535 3612 4592 Contra-

1974 4633 2200 4690 rietatis
2231 4631 2385 4686 enim
2418 4645 2595 4684 causa
2624 4627 2920 4699 generatio
2950 4631 3008 4680 et
3036 4624 3330 4696 corruptio
3363 4623 3612 4680 absolvi-

217 4711 279 4766 ἐκ
323 4717 421 4767 τοῦ
477 4710 716 4769 ἐναντίου
749 4716 851 4770 ὑπὸ
899 4721 997 4771 τοῦ
1047 4717 1288 4773 ἐναντίου
1322 4739 1334 4751 ·
1378 4720 1468 4774 καὶ
1518 4727 1660 4777 πᾶσα
1690 4725 1844 4801 φθορὲ

1967 4729 2101 4790 tur;
2136 4721 2352 4792 quippe
2395 4717 2588 4773 omnis
2642 4715 2938 4787 generatio
2997 4730 3065 4768 ex
3122 4713 3410 4768 contrario
3461 4717 3616 4768 esta

220 4801 298 4863 εἰς
325 4801 636 4858 τούναντίον
671 4803 773 4860 ύπό
817 4810 915 4860 τοῦ
955 4805 1196 4861 ἐναντίου
1239 4805 1428 4867 πάλιν.
1461 4809 1581 4886 Οὐχ
1629 4811 1731 4867 ὑπὸ
1772 4817 1869 4867 τοῦ

217 4889 483 4966 τυχόντος
513 4892 617 4969 γὰρ
646 4894 846 4970 πάσχει
877 4895 938 4949 τὸ
988 4894 1222 4971 πάσχον,
1274 4895 1400 4952 ἀλλ’
1451 4898 1554 4953 ὑπὸ
1597 4904 1694 4954 τοῦ
1726 4901 1870 4956 ἐναν-

219 4977 360 5033 τίου·
396 4979 508 5033 οἷον
568 4980 630 5034 τὸ
688 4982 899 5059 ψυχρὸν
965 4983 1068 5038 ὑπὸ
1115 4988 1212 5039 τοῦ
1261 4990 1464 5058 θερμοῦ
1517 4989 1716 5063 πάσχει
1769 4990 1867 5058 τήν

221 5069 534 5142 θέρμανσιν.
590 5068 694 5154 Κᾶν
727 5072 756 5125 ὁ
796 5069 1000 5148 λύχνος
1051 5072 1127 5136 εἷς
1177 5075 1441 5150 πυρκαϊὰν
1491 5077 1871 5154 προσενεχθεὶς

219 5157 410 5231 πάσχῃ
459 5157 558 5226 τήν
615 5153 811 5231 σϐέσιν,
871 5159 999 5215 ἀλλ’
1055 5161 1162 5238 οὐχ
1220 5163 1305 5241 ὑφ’
1363 5163 1561 5236 ὁμοίου
1607 5153 1808 5242 πάσχει
1842 5167 1870 5221 ὁ

222 5244 451 5332 λύχνος,
507 5245 610 5300 ὑπὸ
657 5244 702 5301 δ’
746 5248 1008 5308 ἐναντίου.
1064 5252 1160 5305 Καὶ
1209 5251 1310 5328 γάρ
1359 5255 1394 5322 ἡ
1447 5251 1682 5308 ἐλάττων
1735 5254 1872 5332 φλὸξ

220 5329 580 5388 ἐκδαπανᾶται
635 5335 738 5390 ὑπὸ
792 5344 895 5407 τῆς
955 5339 1200 5412 μείζονος
1235 5359 1248 5371 ⁸
1308 5339 1636 5396 ἐναντιοῦται
1696 5329 1757 5397 δὲ
1808 5344 1873 5398 τὸ

223 5425 515 5494 μεῖζοντῷ
555 5421 762 5492 ἥττονι.
814 5427 911 5482 Διὰ
961 5429 1054 5502 μὲν
1104 5426 1195 5483 οὖν
1247 5429 1346 5497 τήν
1400 5429 1706 5485 ἐναντίωσιν
1755 5430 1872 5486 ἐπι-

216 5508 456 5565 τελεῖται
505 5511 710 5586 γένεσις
753 5515 842 5569 καὶ
894 5517 1087 5594 φθορά·
1141 5515 1230 5572 διὰ
1274 5515 1331 5572 δὲ
1374 5520 1473 5588 τὴν
1523 5521 1829 5595 συγγένειαν
1858 5566 1872 5591 ,

220 5594 465 5671 διαμένει
521 5599 583 5653 τὸ
631 5606 754 5657 πᾶν.
817 5603 1148 5660 Συνάπτεται
1206 5607 1308 5682 γὰρ
1364 5608 1399 5676 ἡ
1459 5614 1530 5682 γῆ
1584 5594 1662 5680 τῷ
1720 5605 1871 5664 ὕδατι

220 5685 360 5744 κατὰ
386 5687 450 5741 τὸ
479 5689 715 5766 ψυχρὸν,
745 5691 834 5747 καὶ
877 5694 939 5748 τὸ
990 5691 1138 5771 ὕδωρ
1185 5699 1264 5770 τῷ
1310 5695 1451 5774 ἀέρι,
1496 5695 1560 5753 τὸ
1593 5696 1753 5778 ὑγρὸν
1782 5698 1872 5755 καὶ

293 5813 344 5854 κ
367 5812 406 5872 2
435 5812 516 5872 De
545 5819 676 5875 ortu
706 5821 765 5876 et
791 5818 1028 5878 interitu
1055 5836 1107 5879 0.
1134 5821 1190 5880 5.
1279 5907 1281 5910 γ

1978 4810 2303 4877 contrario;
2333 4811 2534 4862 contra
2553 4803 2744 4860 omnis
2761 4801 3055 4873 corruptio
3089 4803 3146 4856 in
3173 4800 3531 4856 contrarium
3579 4817 3615 4856 a

1980 4897 2287 4956 contrario.
2351 4894 2477 4952 Non
2525 4893 2678 4948 enim
2727 4907 2761 4946 a
2811 4890 3014 4962 quovis
3065 4894 3286 4961 patitur
3340 4887 3397 4943 id
3457 4887 3612 4960 quod

1980 4988 2218 5062 patitur,
2275 4983 2375 5040 sed
2409 5000 2442 5038 a
2472 4980 2800 5047 contrario;
2831 4977 3003 5034 veluti
3059 4977 3335 5050 frigidum
3365 4994 3401 5032 a
3429 4976 3618 5032 calido

1980 5073 2414 5133 calefactionem
2462 5070 2730 5126 sustinet.
2764 5070 2841 5122 Ac
2884 5083 3218 5138 quanquam
3266 5065 3503 5121 lucerna
3558 5065 3619 5120 in

1979 5166 2274 5237 ingentem
2303 5175 2508 5232 rogum
2541 5158 2800 5227 conjecta
2821 5155 3262 5211 exstinctionem
3293 5153 3472 5217 subit,
3504 5169 3621 5208 non

1979 5259 2177 5309 tamen
2209 5268 2242 5305 a
2272 5247 2448 5305 simili
2510 5246 2729 5318 patitur
2759 5244 3020 5312 lucerna,
3081 5245 3182 5299 sed
3241 5260 3275 5298 a
3304 5241 3618 5298 contrario.

1980 5343 2203 5413 Quippe
2234 5337 2424 5394 minor
2445 5336 2682 5390 flamma
2703 5351 2736 5388 ιι
2759 5333 2977 5404 majore
3006 5333 3397 5400 consumitur,
3423 5331 3620 5402 majus

1983 5438 2177 5487 autem
2207 5425 2417 5483 minori
2448 5428 2537 5479 est
2565 5422 2945 5477 contrarium.
2971 5425 3157 5488 Quare
3188 5418 3620 5477 contrarietatis

1981 5535 2159 5576 causa
2188 5513 2480 5588 generatio
2530 5516 2586 5567 et
2614 5511 2907 5582 corruptio
2941 5511 3257 5582 perficitur.
3290 5511 3362 5564 At
3407 5523 3620 5580 cogna-

1981 5608 2158 5664 tionis
2213 5603 2400 5678 gratia
2455 5599 2807 5656 universitas
2872 5605 3196 5673 permanet.
3265 5599 3412 5654 Nam
3469 5601 3624 5653 terra

1983 5713 2146 5770 aquae
2176 5693 2325 5753 18⁵1
2369 5688 2560 5764 quoad
2592 5687 2990 5764 frigiditatem,
3025 5695 3083 5749 et
3112 5705 3265 5764 aqua
3320 5687 3438 5744 aeri
3469 5682 3625 5759 quod
