4024 6498
421 431 579 491 1123

1664 423 1710 481 Ν
1720 417 2087 482 ICEPHOBI
2133 413 2570 479 BLEMMIDE

3679 422 3832 487 1124

419 561 849 627 bumiditatcm,
872 560 929 612 et
958 572 1055 610 aer
1078 554 1198 627 igni
1220 555 1408 625 quoad
1443 553 1883 617 caliditatem,et
1903 552 2041 622 ignis

2170 549 2198 601 ὁ
2229 547 2333 622 άῆρ
2393 553 2472 619 τῷ
2529 549 2657 623 πυρὶ
2689 550 2826 603 κατᾶ
2854 551 2916 603 τὸ
2946 549 3166 625 θερμὸν,
3198 552 3287 607 καί
3338 553 3403 607 τὸ
3459 556 3574 630 πῦρ
3636 559 3706 627 τῇ
3763 561 3832 630 γῇ

417 656 587 706 terra:
617 647 806 720 quoad
840 646 1160 700 siccitatem
1182 642 1575 713 coniungitur.
1611 649 1796 714 Atque
1826 646 1905 696 ita
1926 659 2061 695 con-

417 740 626 794 cinnus
684 737 921 808 quidam
954 733 1208 789 circulus
1269 733 1501 788 unionis
1541 749 1731 787 rerum
1795 748 2062 802 pugnan-

415 829 562 882 tium
595 843 660 882 ac
686 827 900 880 chorus
931 840 999 877 ex
1025 821 1541 877 contrarietatibus
1585 827 1641 875 et
1672 823 2061 875 communita-

414 916 574 971 tibus
603 914 715 968 sibi
743 919 945 967 mutuo
976 911 1280 965 devinctus
1330 912 1606 964 omnibus
1636 910 1761 964 suis
1795 910 2060 979 partibus

416 1003 755 1060 absolvitur.

484 1094 574 1147 23.
638 1090 784 1155 Quin
847 1093 904 1144 et
963 1088 1284 1159 ponderum
1357 1104 1590 1158 quoque
1666 1087 1888 1141 ratione
1945 1087 2059 1142 ele-

420 1187 615 1237 menta
663 1184 722 1234 et
772 1177 1119 1248 copulantur
1167 1182 1223 1230 et
1273 1176 1652 1230 dirimuntur.
1714 1177 1854 1230 Nam
1908 1182 2061 1230 terra

409 1277 644 1326 tantum
676 1268 870 1340 gravis
901 1273 1011 1331 est,
1048 1282 1165 1336 qua
1221 1266 1290 1319 de
1324 1283 1504 1319 causa
1534 1271 1722 1320 sustat
1759 1265 2054 1318 omnibus.

413 1361 569 1432 Ignis
625 1364 852 1411 tantum
913 1356 1074 1420 levis,
1136 1361 1489 1425 quapropter
1547 1355 1721 1408 etiam
1783 1354 2056 1408 omnibus

410 1447 700 1505 imminet.
753 1463 880 1516 quae
935 1449 1146 1498 natura
1194 1444 1520 1497 secundum
1573 1450 1786 1497 rectam
1837 1441 2052 1496 lineam

413 1541 758 1598 moventur;
809 1549 962 1603 aqua
993 1547 1168 1600 quam
1222 1536 1378 1583 terra
1434 1530 1670 1601 quidem
1724 1528 1923 1593 levior,
1974 1527 2052 1581 ei-

410 1641 524 1696 pue
582 1621 946 1684 imminens;
1009 1620 1108 1674 sed
1161 1625 1354 1672 tamen
1411 1617 1639 1688 gravior
1697 1633 1873 1686 quam
1933 1635 2052 1682 aer,

407 1714 640 1785 ipsique
680 1712 958 1766 substans
1019 1726 1031 1762 :
1091 1724 1189 1762 aer
1217 1707 1469 1777 denique
1513 1722 1666 1775 aqua
1717 1705 1915 1771 levior,
1949 1706 2048 1759 sed

406 1801 526 1873 igni
559 1799 807 1872 gravior.
834 1799 1196 1867 Quapropter
1221 1811 1322 1864 per
1346 1810 1408 1848 se
1437 1798 1495 1847 et
1526 1793 2051 1864 simpliciter,terra

2173 637 2310 690 κατὰ
2338 637 2400 690 τὸ
2431 637 2612 709 ξηρόν.
2649 637 2743 691 Καὶ
2778 637 2920 692 οὕτω
2967 660 3048 701 τις
3099 638 3300 701 κύκλος
3361 641 3699 717 ἐναρμόνιος
3737 652 3835 712 τῆς

2171 729 2278 778 τῶν
2351 722 2676 801 μαχομένων
2757 727 2998 789 ὲνώσεως
3075 728 3446 804 ἀπαρτίζεται,
3506 731 3605 785 καὶ
3661 735 3833 808 χορὸς

2171 812 2571 882 ἀλληλένδετος
2620 815 2669 887 ἐξ
2737 815 3122 887 έναντιοτήτων
3180 819 3271 873 καὶ
3324 826 3641 876 κοινωνιῶν
3705 843 3836 895 συμ-

2169 901 2576 976 πληρούμενος.

2240 1087 2340 1153 κγ’.
2403 1081 2500 1134 Καὶ
2559 1083 2692 1136 κατὰ
2747 1083 2844 1144 τὰς
2903 1081 3072 1158 ῥοπάς
3152 1081 3209 1138 δὲ
3280 1085 3347 1140 τὰ
3414 1089 3681 1163 στοιχεῖα
3746 1092 3833 1144 καὶ

2170 1167 2523 1223 συνάπτονται
2579 1171 2667 1223 καὶ
2723 1167 3040 1228 διίστανται.
3091 1178 3283 1247 Βαρεῖα
3333 1174 3426 1245 μὲν
3482 1176 3596 1250 γὰρ
3653 1177 3830 1249 μόνως

2167 1258 2201 1324 ἡ
2262 1264 2357 1330 γῆ’
2423 1255 2508 1311 διὸ
2557 1258 2644 1313 καὶ
2705 1265 2862 1312 πᾶσιν
2914 1259 3215 1337 ὑφίσταται.
3253 1267 3463 1342 Κοῦφον
3518 1261 3582 1319 δὲ
3649 1267 3830 1338 μόνως

2164 1345 2226 1398 τὸ
2280 1349 2406 1421 πῦρ·
2441 1343 2525 1400 διὸ
2582 1347 2669 1401 καὶ
2727 1353 2883 1402 πᾶσιν
2945 1347 3259 1418 ἐπιπολάζει
3292 1351 3436 1413 ὅσοις
3495 1352 3588 1406 ἐπ’
3622 1355 3827 1417 εὐθείας

2162 1434 2224 1486 τὸ
2273 1434 2520 1511 φέρεσθαι
2579 1441 2838 1513 φυσικῶς.
2884 1437 2953 1491 Τὸ
3002 1435 3048 1491 δ’
3110 1435 3255 1515 ὕδωρ
3320 1441 3666 1518 κουφότερον
3734 1445 3825 1516 μὲν

2161 1529 2262 1590 τῆς
2320 1530 2423 1597 γῆς
2481 1524 2570 1578 καὶ
2619 1524 2786 1598 ταύτῃ
2838 1523 3187 1598 ἐπιπολάζον,
3246 1527 3540 1605 βαρύτερον
3611 1528 3676 1586 δὲ
3731 1538 3826 1588 τεῦ

2164 1612 2320 1684 ἀέρος
2385 1612 2473 1666 καὶ
2538 1613 2719 1685 τούτῳ
2789 1614 3165 1690 ὑφιστάμενον.
3223 1617 3357 1692 ’Δὴρ
3417 1615 3476 1672 δὲ
3555 1624 3666 1673 τοῦ
3730 1623 3822 1692 μὲν

2161 1696 2352 1761 ὕδατος
2408 1701 2761 1778 κουφότερος,
2809 1707 2906 1756 τοῦ
2961 1703 3130 1778 πυρὸς
3183 1701 3239 1758 δὲ
3288 1706 3619 1782 βαρύτερος.
3664 1712 3827 1764 Ὥστε

2158 1789 2278 1841 καθ’
2334 1789 2462 1843 αὐτὸ
2519 1790 2608 1843 καὶ
2669 1788 2860 1852 ἁπλῶς
2920 1789 3054 1865 βαρὺ
3126 1792 3220 1863 μὶν
3279 1801 3554 1870 στοιχεῖον
3624 1799 3664 1866 ἡ
3726 1806 3821 1872 γῆν

406 1890 643 1961 quidem
671 1903 840 1958 grave
876 1884 1270 1949 elementum;
1318 1882 1491 1953 ignis,
1526 1881 1683 1948 leve;
1718 1899 1816 1936 aer
1847 1899 2041 1952 porro-

2159 1880 2359 1954 κοῦφον
2419 1875 2476 1932 δὲ
2519 1879 2581 1931 τὸ
2627 1883 2754 1954 πῦρ·
2806 1879 2834 1932 ὁ
2881 1876 2928 1932 δ’
2977 1878 3080 1954 ἀὴρ
3128 1880 3217 1934 καὶ
3259 1882 3320 1935 τὸ
3352 1880 3500 1958 ὕδωρ
3559 1885 3712 1960 πρός
3772 1908 3821 1941 τι

404 1982 460 2033 et
489 1994 643 2048 aqua
673 1975 744 2030 ad
777 1972 998 2044 aliquid
1035 1976 1092 2026 et
1122 1971 1532 2041 quadamtenus
1563 1986 1695 2024 cum
1729 1969 1876 2024 levia
1906 1977 2046 2025 sunt

404 2071 528 2121 tum
561 2063 776 2137 gravia,
802 2067 859 2117 et
887 2077 993 2115 suo
1017 2061 1341 2114 interventu
1386 2059 1706 2130 plurimum
1739 2076 1771 2112 a
1801 2076 1861 2113 se
1893 2059 2042 2113 invi-

401 2169 526 2209 cem
557 2152 786 2211 dissita.
846 2150 1040 2220 ignem
1101 2147 1365 2201 videlicet
1393 2152 1450 2201 et
1505 2152 1745 2213 terram,
1779 2147 1927 2202 inter
1983 2165 2045 2203 se

403 2246 609 2298 mutuo
640 2238 995 2294 devinciunt.

472 2331 563 2383 24.
597 2328 857 2392 Quodam
891 2326 1044 2380 enim
1107 2325 1279 2380 modo
1336 2324 1524 2395 magis
1581 2326 1874 2379 contraria
1908 2333 2046 2382 sunt

400 2416 557 2489 ignis
586 2421 642 2471 et
671 2431 824 2486 aqua
858 2431 870 2468 :
904 2415 1159 2484 quodam
1194 2413 1365 2467 modo
1419 2413 1573 2483 ignis
1604 2420 1658 2467 et
1689 2424 1860 2467 terra.
1896 2415 2041 2469 Nam

400 2505 624 2560 ratione
699 2503 935 2574 quidem
1007 2503 1305 2572 agentium
1375 2505 1432 2556 et
1489 2500 1829 2572 patientium
1889 2503 2042 2558 188

400 2591 926 2664 qualitatem,ignis
957 2595 1013 2646 et
1043 2607 1194 2661 aqua
1227 2589 1414 2660 magis
1448 2594 1588 2644 sunt
1617 2592 2040 2655 contraria,sed

398 2684 623 2738 ratione
654 2682 975 2753 ponderum
1010 2683 1163 2733 terra
1191 2684 1249 2732 et
1280 2678 1433 2749 ignis
1465 2677 1574 2732 sibi
1624 2678 1869 2732 invicem
1905 2684 2044 2736 sunt

396 2771 686 2827 contraria
713 2770 1108 2823 maxime.Hac
1124 2767 1278 2822 enim
1303 2784 1370 2821 ex
1391 2783 1565 2821 causa
1589 2767 1762 2820 etiam
1789 2769 2043 2824 maxima

399 2859 545 2930 ipsis
577 2858 795 2914 ratione
828 2857 933 2912 loci
959 2856 1240 2910 distantia
1269 2855 1550 2927 contigit;
1584 2857 1737 2926 quod
1775 2858 2043 2928 superior

398 2948 678 3003 nimirum
708 2952 863 3000 terra
906 2945 1183 3000 omnibus
1239 2944 1579 3014 corporibus
1623 2950 1712 2998 est
1759 2944 2036 3012 inferior;

396 3036 662 3106 superior
686 3028 1158 3103 conlra,hociest,
1192 3032 1451 3103 proxime
1483 3032 1634 3086 infra
1664 3031 1864 3087 lunam
1890 3033 2040 3105 ignis

395 3124 634 3178 exstitit.

459 3214 551 3267 25.
585 3210 871 3266 Caeterum
897 3209 989 3263 hic
1011 3209 1083 3263 de
1106 3207 1446 3264 elementari
1481 3208 1614 3279 igne
1644 3209 1941 3280 loquimur
1971 3212 2034 3279 ιθ,

2156 1965 2244 2018 καί
2293 1985 2369 2033 πη
2420 1966 2594 2044 κοῦφά
2639 1989 2697 2022 τε
2738 1969 2827 2022 καί
2882 1967 3047 2044 βαρέα
3093 1968 3218 2039 εἱσὶ,
3247 1970 3336 2024 καὶ
3390 1968 3461 2025 δι’
3493 1971 3712 2027 ἑαυτῶν
3753 1976 3819 2028 τά

2154 2053 2407 2108 πλεῖστον
2441 2053 2720 2124 διεστῶτα,
2751 2057 2813 2109 τὸ
2845 2062 2950 2132 πῦρ
2984 2055 3196 2126 δηλαδῆ
3231 2058 3318 2112 καὶ
3347 2059 3447 2126 τὴν
3483 2067 3592 2135 γῆν
3633 2060 3817 2133 ἀλλή-

2157 2143 2275 2204 λοις
2307 2143 2627 2199 συνάπτουσι
2639 2187 2649 2198 .

2224 2319 2320 2377 κε’.
2354 2326 2476 2384 Πῶς
2534 2322 2625 2394 μὲν
2676 2323 2775 2398 γάρ
2827 2321 3038 2377 ἐναντία
3088 2322 3298 2396 μᾶλλον
3348 2325 3409 2379 τὸ
3437 2330 3550 2401 πῦρ
3605 2327 3706 2382 καὶ
3750 2331 3814 2384 τὸ

2154 2407 2322 2486 ὕδωρ,
2367 2415 2484 2473 πῶς
2537 2409 2594 2465 δὲ
2622 2412 2684 2466 τὸ
2716 2416 2822 2486 πῦρ
2868 2411 2955 2466 καὶ
2997 2415 3031 2481 ἡ
3062 2419 3175 2488 ﬁ;
3217 2415 3359 2468 Κατά
3410 2415 3506 2488 μὲν
3557 2418 3668 2492 γάρ
3719 2419 3815 2480 τὰς

2151 2501 2440 2568 ποιητικὰς
2489 2499 2578 2553 καὶ
2627 2501 2928 2570 παθητικάς
2977 2501 3272 2570 ποιότητας
3311 2502 3373 2556 τὸ
3421 2507 3531 2578 πῦρ
3591 2505 3691 2558 καὶ
3747 2508 3813 2560 τὸ

2152 2585 2298 2661 ὕδωρ
2355 2587 2566 2642 ἐναντία
2627 2587 2836 2660 μᾶλλόν
2893 2588 3014 2659 εἰσι,
3040 2590 3174 2644 κατᾶ
3205 2587 3262 2645 δὲ
3305 2591 3400 2653 τὰς
3455 2590 3634 2667 ῥοπάς
3664 2597 3701 2662 ἡ
3733 2601 3804 2668 γῆ

2150 2676 2238 2729 καὶ
2266 2678 2328 2730 τὸ
2371 2682 2476 2751 πῦρ
2526 2674 2801 2747 ἀλλήλοις
2844 2677 3215 2734 ἐναντιώτατα.
3255 2679 3350 2733 Καὶ
3398 2680 3502 2756 γὰρ
3556 2680 3800 2746 ἐντεῦθεν

2150 2767 2184 2833 ἡ
2214 2765 2350 2818 κατὰ
2373 2767 2536 2819 τόπον
2568 2765 2657 2818 ἀπ’
2689 2763 2952 2836 ἀλλήλων
2988 2764 3259 2829 διάστασις
3316 2767 3548 2839 πλείστη
3580 2771 3805 2834 τούτοις

2151 2848 2481 2926 συμϐέϐηκεο
2557 2854 2845 2929 κατωτέρω
2932 2857 3025 2927 μὲν
3119 2860 3229 2910 τῶν
3303 2855 3448 2911 ὅλων
3527 2858 3804 2932 σωμάτων

2150 2940 2315 3010 οὔσης
2362 2950 2459 3012 τῆς
2509 2950 2634 3017 γῆς,
2686 2942 2936 3016 ἀνωτέρω
2985 2941 3042 2998 δὲ
3089 2943 3277 3010 πάλιν,
3325 2942 3492 3022 ἤγουν
3549 2947 3658 3002 ὑπὸ
3703 2949 3808 3018 τήν

2149 3031 2384 3101 σελήνην
2416 3031 2564 3093 εὐθὺς
2616 3031 2956 3107 ὑπάρχοντος
2987 3036 3084 3088 τοῦ
3113 3033 3303 3110 πυρός.

2220 3215 2311 3266 κε’.
2359 3211 2614 3264 Ἐνταῦθα
2667 3206 2724 3262 δὲ
2787 3210 2849 3263 τὸ
2894 3208 3245 3286 στοιχειῶδες
3294 3210 3528 3286 λέγομεν
3587 3218 3722 3288 πῦρ,
3770 3215 3804 3268 ’ὁ

390 3301 491 3371 qui
522 3298 826 3354 succensio
869 3296 1099 3369 proprie
1140 3304 1397 3364 vocatur,
1449 3296 1587 3366 quia
1644 3313 1777 3350 cum
1813 3303 2035 3352 motum

2159 3297 2390 3352 καλεῖται
2447 3295 2598 3358 ἰδίως
2633 3296 2966 3370 ὑπέκκαυμα,
3002 3297 3090 3353 διὰ
3130 3299 3192 3354 τὸ
3249 3303 3512 3370 κινήσεως
3573 3299 3795 3376 ἐπιτυγ-

391 3389 646 3459 aliquem
681 3386 1060 3451 nanciscitur,
1125 3384 1470 3456 plerumque
1530 3384 1950 3450 inﬂammatur,
1983 3392 2040 3441 et

391 3476 682 3547 ejusmodi
715 3474 783 3529 ﬁt
840 3474 993 3545 ignis
1043 3473 1146 3544 qui
1199 3473 1367 3528 nobis
1400 3473 1533 3527 usui
1564 3479 1652 3527 est
1695 3479 1752 3527 et
1777 3474 2036 3530 inservit.

394 3565 597 3620 Diﬂ'ert
625 3563 780 3619 enim
811 3563 964 3633 ignis
1007 3561 1378 3617 elementaris
1434 3561 1505 3616 ab
1537 3577 1603 3616 eo
1659 3562 1756 3632 qui
1799 3563 2039 3618 inservit

395 3652 568 3707 nobis
597 3653 661 3717 ⁸⁷,
694 3652 847 3722 quod
880 3651 930 3705 is
959 3651 1057 3721 qui
1092 3651 1262 3704 nobis
1294 3650 1552 3714 inservit,
1587 3667 1766 3720 supra
1798 3653 2036 3706 modum

399 3739 655 3794 fervidus
686 3744 810 3805 est;
843 3739 1338 3809 quemadmodum
1363 3737 1576 3808 glacies
1597 3755 1775 3809 supra
1796 3741 2036 3794 modum

393 3827 626 3899 frigida.
688 3827 851 3881 Unde
909 3843 1092 3895 neque
1135 3843 1168 3880 a
1225 3825 1428 3896 glacie,
1489 3842 1677 3896 neque
1733 3828 1805 3881 ab
1837 3844 1902 3882 eo
1936 3828 2034 3899 qui

393 3915 564 3970 nobis
593 3915 652 3969 in
686 3931 796 3969 usu
829 3918 915 3968 est
945 3913 1079 3986 igne
1109 3913 1430 3984 quidquam
1463 3914 1743 3985 gignitur.
1777 3915 2038 3971 Elemen-

391 4003 538 4059 taris
562 4019 694 4059 vero
724 4003 877 4074 ignis
933 4009 990 4057 et
1027 4019 1180 4072 aqua
1209 4002 1577 4057 elementaiis
1608 4003 1882 4074 gignendi
1916 4005 2032 4059 vim

394 4092 695 4155 habent,et
726 4091 797 4146 ad
828 4090 1288 4160 compositorum
1323 4106 1634 4160 corporum
1666 4093 2032 4148 constitutio-

395 4197 530 4237 nem
563 4185 988 4245 assumuntur;
1022 4179 1256 4249 quando
1313 4183 1509 4232 autem
1567 4179 1637 4232 ad
1685 4180 2033 4236 immodera-

392 4270 613 4324 tionem
643 4268 973 4333 discedunt,
1027 4268 1149 4320 haec
1207 4265 1443 4336 quidem
1471 4264 1740 4342 glaciem,
1773 4268 1872 4323 ille
1903 4287 2034 4325 vero

394 4359 588 4430 ignem
623 4354 1063 4410 ministerialem
1095 4353 1292 4408 etﬁcit.

459 4447 551 4500 26.
600 4444 745 4500 Cum
801 4444 982 4515 igitur
1037 4443 1285 4498 alterum
1336 4442 1688 4498 elementum
1767 4445 2034 4516 pluribus

390 4535 658 4608 partibus
696 4534 920 4588 excedit
966 4531 1250 4599 alterum;
1286 4537 1413 4586 tum
1445 4534 1601 4602 quod
1657 4534 1855 4589 minus
1885 4542 1973 4590 est
2002 4553 2035 4590 a

2146 3386 2308 3462 χάνον
2353 3388 2498 3448 τινὸς
2549 3385 2818 3448 πολλάκις
2870 3387 3170 3442 έκκαίεσθαι
3239 3388 3326 3442 καὶ
3388 3389 3630 3464 γίνεσθαι
3689 3396 3796 3464 πῦρ

2147 3477 2334 3530 ὁποῖον
2369 3475 2428 3528 τὸ
2461 3474 2512 3528 ἐν
2539 3478 2607 3548 τῇ
2640 3477 2835 3549 χρήσει
2866 3476 2954 3530 καὶ
3007 3473 3339 3533 διακονικόν.
3370 3478 3438 3531 Τὸ
3489 3479 3595 3554 γάρ
3645 3500 3793 3533 στοι-

2146 3560 2374 3640 χειῶδες
2426 3567 2531 3637 πῦρ
2582 3561 2720 3616 ἄλλο
2768 3562 2820 3616 τί
2871 3562 2980 3617 ἐστι
3027 3563 3172 3639 παρὰ
3200 3565 3262 3619 τὸ
3291 3561 3620 3620 διακονικόν·
3656 3563 3796 3620 διότι

2143 3653 2206 3706 τὸ
2256 3650 2558 3716 διακονικὸν
2610 3647 2917 3724 ὑπερϐολὴν
2979 3650 3094 3726 ἔχει
3142 3651 3354 3720 ζέσεως’
3408 3653 3590 3730 ὥσπερ
3647 3655 3794 3708 καὶὸ

2145 3738 2486 3816 κρύσταλλος
2551 3739 2779 3813 ψύξεως.
2853 3740 3002 3793 Ὅθεν
3082 3737 3192 3794 οὔθ’
3267 3741 3370 3795 ὑπὸ
3445 3741 3794 3816 κρυστάλλου

2151 3827 2498 3902 ζωογονεῖταί
2530 3848 2603 3892 τι,
2636 3825 2749 3890 οὔθ’
2791 3826 2893 3881 ὑπὸ
2947 3832 3044 3882 τοῦ
3082 3827 3134 3882 ἐν
3168 3831 3364 3904 χρήσει
3394 3829 3590 3905 πυρός.
3624 3831 3696 3884 Τὸ
3743 3828 3800 3884 δὲ

2149 3913 2497 3991 στοιχειῶδες
2553 3919 2658 3988 πῦρ
2715 3915 2805 3969 καὶ
2859 3916 2921 3968 τὸ
2975 3913 3327 3991 στοιχειῶδες
3368 3914 3514 3994 ὕδωρ
3553 3918 3802 3993 ζωογόνα

2150 4005 2271 4074 εἰσὶ,
2330 4004 2419 4058 καὶ
2477 4005 2614 4079 πρὸς
2691 4003 2938 4057 σύστασιν
3010 4009 3114 4058 τῶν
3193 4006 3457 4060 συνθέτων
3521 4009 3794 4079 σωμάτων

2148 4087 2684 4168 παραλαμϐάνονται·
2761 4091 2966 4161 ἐξιόντα
3023 4091 3068 4146 δ’
3123 4092 3202 4146 ἐπ’
3256 4093 3538 4169 ἀμετρίαν,
3589 4096 3652 4149 τὸ
3706 4096 3800 4167 μὲν

2143 4182 2234 4236 τὸν
2276 4178 2637 4256 κρύσταλλον,
2669 4179 2730 4233 τὸ
2764 4177 2821 4233 δὲ
2849 4183 3013 4234 τοῦτο
3049 4180 3113 4234 τὸ
3157 4177 3462 4236 διακονικὸν
3513 4181 3796 4259 ἐργάζεται

2146 4289 2273 4342 πυρ.

2217 4449 2315 4509 κς’.
2359 4446 2545 4500 Ἡνίκα
2599 4446 2691 4519 μὲν
2747 4466 2837 4500 ουν
2899 4447 3117 4521 θάτερον
3178 4452 3281 4501 τῶν
3345 4450 3638 4524 στοιχείων
3706 4449 3793 4504 ἐπὶ

2146 4533 2334 4589 πλεῖον
2370 4533 2620 4611 ὑπερέχει
2651 4532 2894 4610 θατέρου,
2926 4535 3048 4589 τότε
3110 4530 3441 4608 μεταϐάλλει
3471 4539 3535 4591 τὸ
3567 4535 3791 4594 ἔλαττον

389 4623 594 4694 majori
655 4626 997 4692 superatum
1051 4620 1422 4690 immutatur,
1485 4621 1637 4675 139
1698 4627 1756 4676 et
1812 4627 1924 4677 tale
1969 4626 2034 4679 fit

2159 4625 2253 4678 ὕπὸ
2283 4627 2381 4678 τοῦ
2427 4621 2684 4684 πλείονος
2733 4623 3120 4698 κρατούμενον,
3151 4624 3238 4678 καὶ
3294 4626 3500 4699 γίνεται
3549 4627 3614 4680 τὸ
3662 4627 3795 4700 σύμ-

389 4716 578 4766 totum
611 4709 784 4782 quale
816 4710 872 4764 id
926 4711 1079 4782 quod
1112 4714 1440 4780 superatur.
1493 4712 1635 4764 Cum
1677 4716 1870 4767 autem
1903 4730 2037 4769 con-

389 4802 570 4855 traria
601 4799 801 4854 omnia
830 4799 1084 4870 aequales
1116 4799 1550 4869 quodammodo
1590 4799 1740 4854 vires
1799 4801 2034 4874 habent,

390 4887 739 4959 nullumque
772 4888 1063 4958 reliquum
1093 4904 1442 4959 magnopere
1473 4894 1750 4958 superat;
1785 4895 1910 4945 tum
1943 4893 2038 4947 de-

391 4993 554 5032 mum
587 4977 978 5048 compositum
1028 4977 1299 5038 efﬁcitur,
1335 4978 1474 5030 dum
1522 4977 1768 5031 alterum
1801 4981 1921 5051 agit
1976 4983 2035 5036 in

393 5063 640 5119 alterum
672 5071 728 5119 et
760 5082 963 5119 rursus
994 5065 1244 5120 alterum
1289 5065 1507 5136 patitur
1539 5066 1610 5119 ab
1644 5066 1822 5122 altero
1849 5086 1861 5134 ;
1897 5087 2035 5124 neu-

389 5153 750 5223 trumqueab
777 5154 952 5208 altero
977 5160 1212 5225 propter
1225 5154 1433 5208 virium
1457 5155 1624 5224 quasi
1647 5157 2036 5225 aequalitatem

393 5241 776 5310 vincitur,sed
811 5242 1119 5310 utriusque
1141 5244 1478 5298 extremitas
1502 5244 2037 5318 retunditur,atque

391 5330 808 5386 intermedium
839 5329 1068 5400 aliquod
1101 5333 1302 5385 oritur.
1337 5331 1483 5393 Quia
1531 5338 1723 5386 autem
1755 5333 2034 5389 interme-

389 5419 553 5474 dium
613 5418 772 5473 istud
834 5418 1084 5490 simplex
1139 5425 1195 5474 et
1253 5419 1558 5475 inviduum
1639 5438 1750 5475 non
1811 5429 1898 5478 est
1955 5426 2034 5494 (in

389 5506 699 5565 latitudine
751 5506 907 5562 enim
959 5508 1379 5574 consideraiur,
1419 5513 1478 5563 et
1524 5509 1774 5565 multum
1807 5511 2037 5569 differre

390 5595 560 5666 solet,
593 5597 1087 5670 quemadmodum
1130 5596 1246 5652 albi
1275 5603 1332 5652 et
1362 5597 1512 5668 nigri
1572 5598 1983 5657 intermedium
2019 5629 2034 5673 ;

456 5741 559 5802 ιοί
595 5741 830 5799 Memor,
890 5759 940 5798 c,
1000 5743 1050 5797 4.
1129 5741 1169 5775 *τ
1202 5741 1235 5798 3
1264 5739 1343 5796 De
1375 5745 1503 5795 ortu
1536 5745 1591 5794 et
1621 5739 1856 5799 interitu
1889 5763 1936 5802 c.
1970 5750 2020 5806 3.

2149 4734 2251 4766 παν
2312 4714 2501 4766 ὁποῖον
2545 4711 2608 4765 τὸ
2650 4706 3015 4786 ὑπερϐάλλον.
3049 4715 3207 4766 Ὅταν
3244 4710 3301 4767 δέ
3330 4734 3447 4774 πως
3484 4713 3641 4789 ἰσάζῃ
3667 4715 3796 4769 τάν-

2149 4801 2302 4856 αντία
2357 4801 2530 4855 πάντα
2585 4799 2674 4854 καὶ
2718 4797 2885 4872 μηδὲν
2920 4800 3359 4876 ἐπικρατέστερον
3391 4801 3429 4875 ᾗ
3459 4804 3596 4857 κατᾶ
3651 4803 3794 4858 πολὺ

2146 4897 2242 4946 τοῦ
2287 4891 2506 4959 λοιποῦ,
2540 4889 2652 4943 τότ’
2701 4888 3043 4944 ἀποτελεῖται
3087 4891 3150 4944 τὸ
3211 4890 3480 4958 σύνθετον,
3542 4893 3794 4967 ἑκατέρου

2148 4979 2385 5053 δρῶντος
2438 4979 2514 5040 εἷς
2576 4978 2823 5051 ἑκάτερον
2905 4977 2993 5032 καὶ
3051 4979 3155 5033 ὑπὸ
3209 4979 3433 5056 θατέρου
3485 4981 3794 5057 πάσχοντος

2148 5072 2390 5140 θατέρον,
2441 5068 2529 5122 καὶ
2591 5063 2887 5142 μηδετέρου
2947 5072 3402 5143 κατακρατοῦντος
3463 5070 3648 5142 ἑτέρου
3706 5067 3794 5124 διὰ

2145 5161 2243 5226 τὴν
2295 5159 2406 5212 οἷον
2460 5155 2684 5224 ἰσότητα
2725 5160 2833 5209 τῶν
2881 5152 3182 5229 δυνάμεων,
3214 5156 3358 5212 ἀλλὰ
3411 5157 3789 5230 κολαζομένης

2151 5248 2244 5321 μὲν
2298 5253 2397 5315 τῆς
2475 5244 2736 5316 ἑκατέρων
2819 5245 3120 5319 ἀκρότητος
3195 5247 3483 5321 γινομένου
3544 5244 3600 5301 δέ

2152 5334 2365 5410 μεταξύ.
2401 5332 2546 5387 Διότι
2591 5329 2637 5386 δ’
2670 5330 2773 5386 οὐκ
2810 5329 2947 5387 ἔστιν
2999 5333 3196 5388 ἐνιαῖον
3242 5336 3330 5389 καὶ
3381 5336 3583 5408 ὰτομον
3631 5339 3788 5389 τοῦτο

2145 5426 2207 5479 τὸ
2269 5421 2462 5496 μεταξὺ
2516 5421 2626 5494 (καὶ
2683 5423 2785 5496 γὰρ
2845 5421 2895 5475 ἐν
2936 5419 3129 5477 πλάτει
3161 5424 3439 5499 Θεωρεῖται
3495 5424 3586 5479 καὶ
3645 5420 3788 5478 πολὺ

2150 5512 2406 5590 διάφορόν
2440 5511 2572 5583 ἐστι,
2620 5511 2757 5573 καθὰ
2802 5510 2890 5564 καὶ
2937 5511 2999 5564 τὸ
3051 5511 3244 5584 μεταξὺ
3294 5516 3390 5566 τοῦ
3450 5511 3646 5566 λευκοῦ
3698 5509 3788 5565 καὶ

2144 5608 2242 5660 τοῦ
2278 5601 2532 5679 μέλανος.
2566 5598 2763 5676 Ὠχρὸν
2793 5598 2893 5676 γὰρ
2933 5599 3023 5654 καὶ
3079 5600 3282 5678 πυρῥὸν
3341 5599 3429 5656 καὶ
3489 5599 3644 5680 φαιὸν
3700 5598 3790 5655 καὶ

3649 5267 3791 5306 τινος
