  <div class='ocr_page' id='page_1' title='image "/cluster/home/n/w/nwhite01/storage/ocr_20150623/142/mdp.39015078384792/570.png"; bbox 0 0 4024 6442; ppageno 0'>
   <div class='ocr_carea' id='block_1_1' title="bbox 153 421 1827 496">
    <p class='ocr_par' dir='ltr' id='par_1_1' title="bbox 153 421 1817 490">
     <span class='ocr_line' id='line_1_1' title="bbox 153 421 1817 490; baseline 0.001 -3"><span class='ocrx_word' id='word_1_1' title='bbox 153 429 179 487; x_wconf 77' lang='grc' dir='ltr'>ί</span> <span class='ocrx_word' id='word_1_2' title='bbox 193 423 308 486; x_wconf 72' lang='grc'>128</span> <span class='ocrx_word' id='word_1_3' title='bbox 1470 421 1817 490; x_wconf 77' lang='lat' dir='ltr'>EPITOME</span> 
     </span>
    </p>
   </div>
   <div class='ocr_carea' id='block_1_2' title="bbox 1944 421 3553 496">
    <p class='ocr_par' dir='ltr' id='par_1_2' title="bbox 1944 423 3553 496">
     <span class='ocr_line' id='line_1_2' title="bbox 1944 423 3553 496; baseline 0.004 -8"><span class='ocrx_word' id='word_1_4' title='bbox 1944 423 2223 490; x_wconf 88' lang='lat' dir='ltr'>lYSICA.</span> <span class='ocrx_word' id='word_1_5' title='bbox 3394 433 3553 496; x_wconf 70' lang='grc'><strong>1126</strong></span> 
     </span>
    </p>
   </div>
   <div class='ocr_carea' id='block_1_3' title="bbox 150 553 1827 633">
    <p class='ocr_par' dir='ltr' id='par_1_3' title="bbox 150 553 1798 628">
     <span class='ocr_line' id='line_1_3' title="bbox 150 553 1798 628; baseline -0.001 -17"><span class='ocrx_word' id='word_1_6' title='bbox 150 554 299 612; x_wconf 77' lang='grc' dir='ltr'>ἄλλα</span> <span class='ocrx_word' id='word_1_7' title='bbox 353 555 582 628; x_wconf 80' lang='grc' dir='ltr'>πολλὰ),</span> <span class='ocrx_word' id='word_1_8' title='bbox 631 553 719 611; x_wconf 80' lang='grc' dir='ltr'>διὰ</span> <span class='ocrx_word' id='word_1_9' title='bbox 764 561 925 612; x_wconf 78' lang='grc' dir='ltr'>τοῦτο</span> <span class='ocrx_word' id='word_1_10' title='bbox 978 557 1067 612; x_wconf 90' lang='grc' dir='ltr'>καὶ</span> <span class='ocrx_word' id='word_1_11' title='bbox 1111 557 1176 612; x_wconf 76' lang='grc' dir='ltr'>τὰ</span> <span class='ocrx_word' id='word_1_12' title='bbox 1232 555 1348 628; x_wconf 73' lang='grc' dir='ltr'>εἷ’δη</span> <span class='ocrx_word' id='word_1_13' title='bbox 1397 562 1504 612; x_wconf 81' lang='grc' dir='ltr'>τῶν</span> <span class='ocrx_word' id='word_1_14' title='bbox 1541 556 1798 612; x_wconf 74' lang='grc' dir='ltr'>συνθέτων</span> 
     </span>
    </p>
   </div>
   <div class='ocr_carea' id='block_1_4' title="bbox 1944 553 3554 633">
    <p class='ocr_par' dir='ltr' id='par_1_4' title="bbox 1955 559 3554 633">
     <span class='ocr_line' id='line_1_4' title="bbox 1955 559 3554 633; baseline 0.006 -21"><span class='ocrx_word' id='word_1_15' title='bbox 1955 559 2127 631; x_wconf 89' lang='lat' dir='ltr'>uippe</span> <span class='ocrx_word' id='word_1_16' title='bbox 2175 561 2458 633; x_wconf 90' lang='lat' dir='ltr'>pallidum</span> <span class='ocrx_word' id='word_1_17' title='bbox 2512 567 2568 618; x_wconf 89' lang='lat' dir='ltr'>et</span> <span class='ocrx_word' id='word_1_18' title='bbox 2621 564 2816 618; x_wconf 80' lang='lat' dir='ltr'>rufum</span> <span class='ocrx_word' id='word_1_19' title='bbox 2866 569 2923 619; x_wconf 89' lang='lat' dir='ltr'>et</span> <span class='ocrx_word' id='word_1_20' title='bbox 2983 565 3212 622; x_wconf 83' lang='lat' dir='ltr'>fuscum</span> <span class='ocrx_word' id='word_1_21' title='bbox 3257 571 3316 622; x_wconf 89' lang='lat' dir='ltr'>et</span> <span class='ocrx_word' id='word_1_22' title='bbox 3366 567 3554 623; x_wconf 90' lang='lat' dir='ltr'>multa</span> 
     </span>
    </p>
   </div>
   <div class='ocr_carea' id='block_1_5' title="bbox 149 641 1827 728">
    <p class='ocr_par' dir='ltr' id='par_1_5' title="bbox 149 641 1794 723">
     <span class='ocr_line' id='line_1_5' title="bbox 149 641 1794 723; baseline 0.001 -25"><span class='ocrx_word' id='word_1_23' title='bbox 149 643 381 700; x_wconf 76' lang='grc' dir='ltr'>πλείονά</span> <span class='ocrx_word' id='word_1_24' title='bbox 424 645 483 698; x_wconf 87' lang='grc' dir='ltr'>τέ</span> <span class='ocrx_word' id='word_1_25' title='bbox 531 645 630 699; x_wconf 79' lang='grc' dir='ltr'>εἰσι</span> <span class='ocrx_word' id='word_1_26' title='bbox 674 645 764 698; x_wconf 82' lang='grc' dir='ltr'>καὶ</span> <span class='ocrx_word' id='word_1_27' title='bbox 813 644 1078 714; x_wconf 77' lang='grc' dir='ltr'>ἀλλήλων</span> <span class='ocrx_word' id='word_1_28' title='bbox 1129 643 1420 718; x_wconf 79' lang='grc' dir='ltr'>διοίσοντα,</span> <span class='ocrx_word' id='word_1_29' title='bbox 1467 647 1560 708; x_wconf 75' lang='grc' dir='ltr'>τὰς</span> <span class='ocrx_word' id='word_1_30' title='bbox 1608 641 1794 723; x_wconf 76' lang='grc' dir='ltr'>διαφό-</span> 
     </span>
    </p>
   </div>
   <div class='ocr_carea' id='block_1_6' title="bbox 1944 641 3554 728">
    <p class='ocr_par' dir='ltr' id='par_1_6' title="bbox 1946 647 3554 728">
     <span class='ocr_line' id='line_1_6' title="bbox 1946 647 3554 728; baseline 0.006 -28"><span class='ocrx_word' id='word_1_31' title='bbox 1946 647 2063 716; x_wconf 86' lang='lat' dir='ltr'>lia),</span> <span class='ocrx_word' id='word_1_32' title='bbox 2118 658 2418 721; x_wconf 79' lang='lat' dir='ltr'>propterea</span> <span class='ocrx_word' id='word_1_33' title='bbox 2474 652 2649 706; x_wconf 86' lang='lat' dir='ltr'>etiam</span> <span class='ocrx_word' id='word_1_34' title='bbox 2709 653 3165 723; x_wconf 82' lang='lat' dir='ltr'>compositorum</span> <span class='ocrx_word' id='word_1_35' title='bbox 3223 657 3447 728; x_wconf 84' lang='lat' dir='ltr'>species</span> <span class='ocrx_word' id='word_1_36' title='bbox 3496 660 3554 711; x_wconf 91' lang='lat' dir='ltr'>et</span> 
     </span>
    </p>
   </div>
   <div class='ocr_carea' id='block_1_7' title="bbox 153 730 1827 811">
    <p class='ocr_par' dir='ltr' id='par_1_7' title="bbox 153 730 1801 809">
     <span class='ocr_line' id='line_1_7' title="bbox 153 730 1801 809; baseline 0.001 -22"><span class='ocrx_word' id='word_1_37' title='bbox 153 753 282 809; x_wconf 88' lang='grc' dir='ltr'>ρους</span> <span class='ocrx_word' id='word_1_38' title='bbox 343 730 624 795; x_wconf 80' lang='grc' dir='ltr'>οὐσιώδεις</span> <span class='ocrx_word' id='word_1_39' title='bbox 660 754 719 788; x_wconf 91' lang='grc' dir='ltr'>τε</span> <span class='ocrx_word' id='word_1_40' title='bbox 761 735 849 788; x_wconf 79' lang='grc' dir='ltr'>καὶ</span> <span class='ocrx_word' id='word_1_41' title='bbox 907 732 1257 797; x_wconf 82' lang='grc' dir='ltr'>ἐπουσιώδεις</span> <span class='ocrx_word' id='word_1_42' title='bbox 1310 735 1606 804; x_wconf 78' lang='grc' dir='ltr'>ποιότητας</span> <span class='ocrx_word' id='word_1_43' title='bbox 1663 735 1801 789; x_wconf 87' lang='grc' dir='ltr'>κτώ-</span> 
     </span>
    </p>
   </div>
   <div class='ocr_carea' id='block_1_8' title="bbox 1944 730 3555 811">
    <p class='ocr_par' dir='ltr' id='par_1_8' title="bbox 1951 735 3555 811">
     <span class='ocr_line' id='line_1_8' title="bbox 1951 735 3555 811; baseline 0.007 -23"><span class='ocrx_word' id='word_1_44' title='bbox 1951 735 2106 790; x_wconf 90' lang='lat' dir='ltr'>lures</span> <span class='ocrx_word' id='word_1_45' title='bbox 2137 745 2275 792; x_wconf 90' lang='lat' dir='ltr'>sunt</span> <span class='ocrx_word' id='word_1_46' title='bbox 2305 744 2479 809; x_wconf 79' lang='lat' dir='ltr'>atque</span> <span class='ocrx_word' id='word_1_47' title='bbox 2503 739 2886 795; x_wconf 81' lang='lat' dir='ltr'>diﬂ‘erentesa</span> <span class='ocrx_word' id='word_1_48' title='bbox 2916 758 2977 796; x_wconf 90' lang='lat' dir='ltr'>se</span> <span class='ocrx_word' id='word_1_49' title='bbox 3006 742 3273 811; x_wconf 86' lang='lat' dir='ltr'>invicem,</span> <span class='ocrx_word' id='word_1_50' title='bbox 3309 745 3555 801; x_wconf 83' lang='lat' dir='ltr'>diversis</span> 
     </span>
    </p>
   </div>
   <div class='ocr_carea' id='block_1_9' title="bbox 1911 828 3552 904">
    <p class='ocr_par' dir='ltr' id='par_1_9' title="bbox 1911 828 3552 904">
     <span class='ocr_line' id='line_1_9' title="bbox 1911 828 3552 904; baseline 0.007 -26"><span class='ocrx_word' id='word_1_51' title='bbox 1911 840 2043 879; x_wconf 91' lang='lat' dir='ltr'>cum</span> <span class='ocrx_word' id='word_1_52' title='bbox 2077 828 2566 882; x_wconf 89' lang='lat' dir='ltr'>substantialibus</span> <span class='ocrx_word' id='word_1_53' title='bbox 2591 835 2712 883; x_wconf 90' lang='lat' dir='ltr'>tum</span> <span class='ocrx_word' id='word_1_54' title='bbox 2745 831 3136 885; x_wconf 83' lang='lat' dir='ltr'>substantiam</span> <span class='ocrx_word' id='word_1_55' title='bbox 3188 849 3552 904; x_wconf 89' lang='lat' dir='ltr'>consequen-</span> 
     </span>
    </p>
   </div>
   <div class='ocr_carea' id='block_1_10' title="bbox 1912 913 3552 988">
    <p class='ocr_par' dir='ltr' id='par_1_10' title="bbox 1912 913 3552 988">
     <span class='ocr_line' id='line_1_10' title="bbox 1912 913 3552 988; baseline 0.007 -23"><span class='ocrx_word' id='word_1_56' title='bbox 1912 913 2074 967; x_wconf 81' lang='lat' dir='ltr'>tibus</span> <span class='ocrx_word' id='word_1_57' title='bbox 2129 916 2377 985; x_wconf 68' lang='lat' dir='ltr'>praeditze</span> <span class='ocrx_word' id='word_1_58' title='bbox 2437 917 2867 988; x_wconf 71' lang='lat' dir='ltr'>qualitatibus;</span> <span class='ocrx_word' id='word_1_59' title='bbox 2931 935 3031 986; x_wconf 90' lang='lat' dir='ltr'>pro</span> <span class='ocrx_word' id='word_1_60' title='bbox 3106 919 3552 988; x_wconf 85' lang='lat' dir='ltr'>elementorum,</span> 
     </span>
    </p>
   </div>
   <div class='ocr_carea' id='block_1_11' title="bbox 1913 999 3558 1076">
    <p class='ocr_par' dir='ltr' id='par_1_11' title="bbox 1913 999 3558 1076">
     <span class='ocr_line' id='line_1_11' title="bbox 1913 999 3558 1076; baseline 0.007 -23"><span class='ocrx_word' id='word_1_61' title='bbox 1913 999 2089 1071; x_wconf 87' lang='lat' dir='ltr'>ignis,</span> <span class='ocrx_word' id='word_1_62' title='bbox 2123 1005 2293 1072; x_wconf 87' lang='lat' dir='ltr'>aeris,</span> <span class='ocrx_word' id='word_1_63' title='bbox 2329 1022 2492 1076; x_wconf 68' lang='lat' dir='ltr'>aquae</span> <span class='ocrx_word' id='word_1_64' title='bbox 2523 1011 2579 1060; x_wconf 90' lang='lat' dir='ltr'>et</span> <span class='ocrx_word' id='word_1_65' title='bbox 2609 1011 2772 1059; x_wconf 63' lang='lat' dir='ltr'>terra?</span> <span class='ocrx_word' id='word_1_66' title='bbox 2816 1006 3108 1062; x_wconf 91' lang='lat' dir='ltr'>mistionis</span> <span class='ocrx_word' id='word_1_67' title='bbox 3165 1007 3558 1066; x_wconf 86' lang='lat' dir='ltr'>alterationis-</span> 
     </span>
    </p>
   </div>
   <div class='ocr_carea' id='block_1_12' title="bbox 158 822 1800 899">
    <p class='ocr_par' dir='ltr' id='par_1_12' title="bbox 158 822 1800 899">
     <span class='ocr_line' id='line_1_12' title="bbox 158 822 1800 899; baseline -0.001 -23"><span class='ocrx_word' id='word_1_68' title='bbox 158 843 312 895; x_wconf 74' lang='grc' dir='ltr'>μεναο</span> <span class='ocrx_word' id='word_1_69' title='bbox 345 822 479 878; x_wconf 86' lang='grc' dir='ltr'>κατά</span> <span class='ocrx_word' id='word_1_70' title='bbox 522 823 621 891; x_wconf 82' lang='grc' dir='ltr'>τήν</span> <span class='ocrx_word' id='word_1_71' title='bbox 670 823 828 877; x_wconf 76' lang='grc' dir='ltr'>ποιὰν</span> <span class='ocrx_word' id='word_1_72' title='bbox 877 827 984 878; x_wconf 78' lang='grc' dir='ltr'>τῶν</span> <span class='ocrx_word' id='word_1_73' title='bbox 1036 823 1320 899; x_wconf 75' lang='grc' dir='ltr'>στοιχείων</span> <span class='ocrx_word' id='word_1_74' title='bbox 1373 824 1558 899; x_wconf 83' lang='grc' dir='ltr'>κρᾶσίν</span> <span class='ocrx_word' id='word_1_75' title='bbox 1607 844 1666 878; x_wconf 92' lang='grc' dir='ltr'>τε</span> <span class='ocrx_word' id='word_1_76' title='bbox 1711 823 1800 877; x_wconf 79' lang='grc' dir='ltr'>καὶ</span> 
     </span>
    </p>
   </div>
   <div class='ocr_carea' id='block_1_13' title="bbox 153 909 1801 987">
    <p class='ocr_par' dir='ltr' id='par_1_13' title="bbox 153 909 1801 987">
     <span class='ocr_line' id='line_1_13' title="bbox 153 909 1801 987; baseline 0.001 -21"><span class='ocrx_word' id='word_1_77' title='bbox 153 910 458 967; x_wconf 81' lang='grc' dir='ltr'>ἀλλοίωσιν</span> <span class='ocrx_word' id='word_1_78' title='bbox 488 915 586 965; x_wconf 79' lang='grc' dir='ltr'>τοῦ</span> <span class='ocrx_word' id='word_1_79' title='bbox 615 911 806 986; x_wconf 88' lang='grc' dir='ltr'>πυρὸς,</span> <span class='ocrx_word' id='word_1_80' title='bbox 856 916 950 966; x_wconf 77' lang='grc' dir='ltr'>τοῦ</span> <span class='ocrx_word' id='word_1_81' title='bbox 1001 912 1180 987; x_wconf 81' lang='grc' dir='ltr'>ἀέρος,</span> <span class='ocrx_word' id='word_1_82' title='bbox 1209 916 1307 967; x_wconf 78' lang='grc' dir='ltr'>τοῦ</span> <span class='ocrx_word' id='word_1_83' title='bbox 1338 909 1552 981; x_wconf 71' lang='grc' dir='ltr'>ὕδατος,</span> <span class='ocrx_word' id='word_1_84' title='bbox 1583 912 1673 966; x_wconf 87' lang='grc' dir='ltr'>καὶ</span> <span class='ocrx_word' id='word_1_85' title='bbox 1701 918 1801 979; x_wconf 78' lang='grc' dir='ltr'>τῆς</span> 
     </span>
    </p>
   </div>
   <div class='ocr_carea' id='block_1_14' title="bbox 150 1002 274 1075">
    <p class='ocr_par' dir='ltr' id='par_1_14' title="bbox 150 1002 274 1075">
     <span class='ocr_line' id='line_1_14' title="bbox 150 1002 274 1075; baseline -0.04 -15"><span class='ocrx_word' id='word_1_86' title='bbox 150 1002 274 1075; x_wconf 75' lang='grc' dir='ltr'>γῆς.</span> 
     </span>
    </p>
   </div>
   <div class='ocr_carea' id='block_1_15' title="bbox 231 1175 1806 1252">
    <p class='ocr_par' dir='ltr' id='par_1_15' title="bbox 231 1175 1806 1252">
     <span class='ocr_line' id='line_1_15' title="bbox 231 1175 1806 1252; baseline 0.001 -23"><span class='ocrx_word' id='word_1_87' title='bbox 231 1180 326 1244; x_wconf 81' lang='grc' dir='ltr'>κζ.</span> <span class='ocrx_word' id='word_1_88' title='bbox 377 1179 550 1230; x_wconf 76' lang='grc' dir='ltr'>Ταῦτα</span> <span class='ocrx_word' id='word_1_89' title='bbox 599 1175 700 1250; x_wconf 75' lang='grc' dir='ltr'>γὰρ</span> <span class='ocrx_word' id='word_1_90' title='bbox 757 1176 894 1248; x_wconf 87' lang='grc' dir='ltr'>μόνα</span> <span class='ocrx_word' id='word_1_91' title='bbox 941 1182 1189 1252; x_wconf 77' lang='grc' dir='ltr'>στοιχεῖα</span> <span class='ocrx_word' id='word_1_92' title='bbox 1233 1181 1341 1231; x_wconf 81' lang='grc' dir='ltr'>τῶν</span> <span class='ocrx_word' id='word_1_93' title='bbox 1397 1178 1662 1250; x_wconf 80' lang='grc' dir='ltr'>σωμάτων</span> <span class='ocrx_word' id='word_1_94' title='bbox 1711 1197 1806 1230; x_wconf 90' lang='grc' dir='ltr'>κα-</span> 
     </span>
    </p>
   </div>
   <div class='ocr_carea' id='block_1_16' title="bbox 156 1262 1808 1342">
    <p class='ocr_par' dir='ltr' id='par_1_16' title="bbox 156 1262 1808 1342">
     <span class='ocr_line' id='line_1_16' title="bbox 156 1262 1808 1342; baseline -0.002 -23"><span class='ocrx_word' id='word_1_95' title='bbox 156 1263 276 1319; x_wconf 85' lang='grc' dir='ltr'>λεῖν</span> <span class='ocrx_word' id='word_1_96' title='bbox 309 1263 543 1334; x_wconf 79' lang='grc' dir='ltr'>ἀξιοῦσιν</span> <span class='ocrx_word' id='word_1_97' title='bbox 578 1265 630 1317; x_wconf 75' lang='grc' dir='ltr'>οἱ</span> <span class='ocrx_word' id='word_1_98' title='bbox 677 1262 924 1318; x_wconf 85' lang='grc' dir='ltr'>πλεῖστοι</span> <span class='ocrx_word' id='word_1_99' title='bbox 969 1270 1074 1319; x_wconf 78' lang='grc' dir='ltr'>τῶν</span> <span class='ocrx_word' id='word_1_100' title='bbox 1125 1269 1363 1342; x_wconf 79' lang='grc' dir='ltr'>φυσικῶν</span> <span class='ocrx_word' id='word_1_101' title='bbox 1397 1287 1408 1298; x_wconf 87' lang='grc'>·</span> <span class='ocrx_word' id='word_1_102' title='bbox 1442 1267 1514 1318; x_wconf 83' lang='grc' dir='ltr'>ὧν</span> <span class='ocrx_word' id='word_1_103' title='bbox 1565 1265 1677 1319; x_wconf 82' lang='grc' dir='ltr'>ἐστι</span> <span class='ocrx_word' id='word_1_104' title='bbox 1720 1262 1808 1319; x_wconf 71' lang='grc' dir='ltr'>καὶ</span> 
     </span>
    </p>
   </div>
   <div class='ocr_carea' id='block_1_17' title="bbox 159 1349 1806 1425">
    <p class='ocr_par' dir='ltr' id='par_1_17' title="bbox 159 1349 1806 1425">
     <span class='ocr_line' id='line_1_17' title="bbox 159 1349 1806 1425; baseline -0.002 -17"><span class='ocrx_word' id='word_1_105' title='bbox 159 1354 192 1408; x_wconf 85' lang='grc' dir='ltr'>ὁ</span> <span class='ocrx_word' id='word_1_106' title='bbox 223 1352 274 1407; x_wconf 79' lang='grc' dir='ltr'>ἐν</span> <span class='ocrx_word' id='word_1_107' title='bbox 308 1353 515 1425; x_wconf 76' lang='grc' dir='ltr'>ἷάτροῖς</span> <span class='ocrx_word' id='word_1_108' title='bbox 566 1349 795 1424; x_wconf 75' lang='grc' dir='ltr'>δόκιμος</span> <span class='ocrx_word' id='word_1_109' title='bbox 847 1351 1113 1422; x_wconf 75' lang='grc' dir='ltr'>Γαληνόςο</span> <span class='ocrx_word' id='word_1_110' title='bbox 1164 1356 1263 1422; x_wconf 80' lang='grc' dir='ltr'>τήν</span> <span class='ocrx_word' id='word_1_111' title='bbox 1316 1353 1452 1422; x_wconf 76' lang='grc' dir='ltr'>ὕλην</span> <span class='ocrx_word' id='word_1_112' title='bbox 1505 1351 1679 1408; x_wconf 77' lang='grc' dir='ltr'>δὲκαὶ</span> <span class='ocrx_word' id='word_1_113' title='bbox 1708 1355 1806 1422; x_wconf 71' lang='grc' dir='ltr'>τήν</span> 
     </span>
    </p>
   </div>
   <div class='ocr_carea' id='block_1_18' title="bbox 154 1437 1810 1518">
    <p class='ocr_par' dir='ltr' id='par_1_18' title="bbox 154 1437 1810 1518">
     <span class='ocr_line' id='line_1_18' title="bbox 154 1437 1810 1518; baseline 0 -24"><span class='ocrx_word' id='word_1_114' title='bbox 154 1439 450 1510; x_wconf 81' lang='grc' dir='ltr'>ποιότητα,</span> <span class='ocrx_word' id='word_1_115' title='bbox 487 1437 609 1508; x_wconf 72' lang='grc' dir='ltr'>ἤτοι</span> <span class='ocrx_word' id='word_1_116' title='bbox 640 1440 703 1494; x_wconf 89' lang='grc' dir='ltr'>τὸ</span> <span class='ocrx_word' id='word_1_117' title='bbox 736 1438 898 1508; x_wconf 74' lang='grc' dir='ltr'>εἶδος,</span> <span class='ocrx_word' id='word_1_118' title='bbox 936 1441 1114 1514; x_wconf 82' lang='grc' dir='ltr'>μόνως</span> <span class='ocrx_word' id='word_1_119' title='bbox 1146 1441 1339 1518; x_wconf 80' lang='grc' dir='ltr'>ἀρχὰς,</span> <span class='ocrx_word' id='word_1_120' title='bbox 1388 1441 1574 1517; x_wconf 80' lang='grc' dir='ltr'>ἀρχῶν</span> <span class='ocrx_word' id='word_1_121' title='bbox 1621 1439 1810 1517; x_wconf 76' lang='grc' dir='ltr'>διαφο-</span> 
     </span>
    </p>
   </div>
   <div class='ocr_carea' id='block_1_19' title="bbox 159 1527 1816 1606">
    <p class='ocr_par' dir='ltr' id='par_1_19' title="bbox 159 1527 1816 1606">
     <span class='ocr_line' id='line_1_19' title="bbox 159 1527 1816 1606; baseline 0.001 -23"><span class='ocrx_word' id='word_1_122' title='bbox 159 1530 260 1606; x_wconf 75' lang='grc' dir='ltr'>ρὰν</span> <span class='ocrx_word' id='word_1_123' title='bbox 291 1527 379 1582; x_wconf 78' lang='grc' dir='ltr'>καὶ</span> <span class='ocrx_word' id='word_1_124' title='bbox 411 1527 696 1602; x_wconf 78' lang='grc' dir='ltr'>στοιχείων</span> <span class='ocrx_word' id='word_1_125' title='bbox 745 1527 1015 1600; x_wconf 77' lang='grc' dir='ltr'>τιθέμενοι</span> <span class='ocrx_word' id='word_1_126' title='bbox 1052 1550 1064 1562; x_wconf 88' lang='grc'><strong>·</strong></span> <span class='ocrx_word' id='word_1_127' title='bbox 1107 1530 1168 1584; x_wconf 87' lang='grc' dir='ltr'>τὸ</span> <span class='ocrx_word' id='word_1_128' title='bbox 1215 1530 1308 1590; x_wconf 76' lang='grc' dir='ltr'>τὰς</span> <span class='ocrx_word' id='word_1_129' title='bbox 1366 1529 1458 1602; x_wconf 72' lang='grc' dir='ltr'>μὲν</span> <span class='ocrx_word' id='word_1_130' title='bbox 1510 1530 1685 1605; x_wconf 71' lang='grc' dir='ltr'>ἀρχὰς</span> <span class='ocrx_word' id='word_1_131' title='bbox 1717 1529 1816 1584; x_wconf 82' lang='grc' dir='ltr'>οὐκ</span> 
     </span>
    </p>
   </div>
   <div class='ocr_carea' id='block_1_20' title="bbox 160 1616 1812 1692">
    <p class='ocr_par' dir='ltr' id='par_1_20' title="bbox 160 1616 1812 1692">
     <span class='ocr_line' id='line_1_20' title="bbox 160 1616 1812 1692; baseline -0.001 -20"><span class='ocrx_word' id='word_1_132' title='bbox 160 1616 218 1687; x_wconf 78' lang='grc' dir='ltr'>ἐξ</span> <span class='ocrx_word' id='word_1_133' title='bbox 245 1616 479 1690; x_wconf 79' lang='grc' dir='ltr'>ἀνάγκης</span> <span class='ocrx_word' id='word_1_134' title='bbox 530 1617 810 1690; x_wconf 81' lang='grc' dir='ltr'>ὁμογενεῖς</span> <span class='ocrx_word' id='word_1_135' title='bbox 858 1616 992 1670; x_wconf 78' lang='grc' dir='ltr'>εἶναι</span> <span class='ocrx_word' id='word_1_136' title='bbox 1046 1623 1161 1679; x_wconf 91' lang='grc' dir='ltr'>τοῖς</span> <span class='ocrx_word' id='word_1_137' title='bbox 1219 1618 1530 1692; x_wconf 78' lang='grc' dir='ltr'>πράγμασιν</span> <span class='ocrx_word' id='word_1_138' title='bbox 1579 1619 1651 1670; x_wconf 83' lang='grc' dir='ltr'>ὧν</span> <span class='ocrx_word' id='word_1_139' title='bbox 1684 1617 1812 1671; x_wconf 81' lang='grc' dir='ltr'>εἰσιν</span> 
     </span>
    </p>
   </div>
   <div class='ocr_carea' id='block_1_21' title="bbox 163 1702 1814 1782">
    <p class='ocr_par' dir='ltr' id='par_1_21' title="bbox 163 1702 1814 1782">
     <span class='ocr_line' id='line_1_21' title="bbox 163 1702 1814 1782; baseline -0.001 -22"><span class='ocrx_word' id='word_1_140' title='bbox 163 1705 356 1782; x_wconf 83' lang='grc' dir='ltr'>ἀρχαὶ,</span> <span class='ocrx_word' id='word_1_141' title='bbox 386 1706 454 1759; x_wconf 75' lang='grc' dir='ltr'>τὰ</span> <span class='ocrx_word' id='word_1_142' title='bbox 501 1702 559 1760; x_wconf 73' lang='grc' dir='ltr'>δὲ</span> <span class='ocrx_word' id='word_1_143' title='bbox 607 1709 854 1780; x_wconf 85' lang='grc' dir='ltr'>στοιχεῖα</span> <span class='ocrx_word' id='word_1_144' title='bbox 903 1706 1114 1767; x_wconf 78' lang='grc' dir='ltr'>πάντως</span> <span class='ocrx_word' id='word_1_145' title='bbox 1163 1705 1423 1782; x_wconf 85' lang='grc' dir='ltr'>ὁμογενῆ.</span> <span class='ocrx_word' id='word_1_146' title='bbox 1457 1706 1550 1760; x_wconf 88' lang='grc' dir='ltr'>Διὸ</span> <span class='ocrx_word' id='word_1_147' title='bbox 1588 1707 1686 1774; x_wconf 82' lang='grc' dir='ltr'>τήν</span> <span class='ocrx_word' id='word_1_148' title='bbox 1721 1707 1814 1777; x_wconf 70' lang='grc' dir='ltr'>μὲν</span> 
     </span>
    </p>
   </div>
   <div class='ocr_carea' id='block_1_22' title="bbox 165 1791 1816 1869">
    <p class='ocr_par' dir='ltr' id='par_1_22' title="bbox 165 1791 1816 1869">
     <span class='ocr_line' id='line_1_22' title="bbox 165 1791 1816 1869; baseline 0.001 -22"><span class='ocrx_word' id='word_1_149' title='bbox 165 1792 350 1861; x_wconf 78' lang='grc' dir='ltr'>ἁπλῆν</span> <span class='ocrx_word' id='word_1_150' title='bbox 387 1791 674 1863; x_wconf 84' lang='grc' dir='ltr'>ποιότητα,</span> <span class='ocrx_word' id='word_1_151' title='bbox 727 1794 838 1847; x_wconf 76' lang='grc' dir='ltr'>οἷον</span> <span class='ocrx_word' id='word_1_152' title='bbox 882 1795 981 1862; x_wconf 83' lang='grc' dir='ltr'>τήν</span> <span class='ocrx_word' id='word_1_153' title='bbox 1041 1793 1350 1868; x_wconf 82' lang='grc' dir='ltr'>θερμότητα</span> <span class='ocrx_word' id='word_1_154' title='bbox 1407 1795 1442 1862; x_wconf 85' lang='grc' dir='ltr'>ἢ</span> <span class='ocrx_word' id='word_1_155' title='bbox 1495 1795 1594 1862; x_wconf 77' lang='grc' dir='ltr'>τήν</span> <span class='ocrx_word' id='word_1_156' title='bbox 1655 1793 1816 1869; x_wconf 79' lang='grc' dir='ltr'>ξηρό-</span> 
     </span>
    </p>
   </div>
   <div class='ocr_carea' id='block_1_23' title="bbox 1916 1091 2298 1158">
    <p class='ocr_par' dir='ltr' id='par_1_23' title="bbox 1916 1091 2298 1158">
     <span class='ocr_line' id='line_1_23' title="bbox 1916 1091 2298 1158; baseline 0.01 -16"><span class='ocrx_word' id='word_1_157' title='bbox 1916 1106 2028 1158; x_wconf 90' lang='lat' dir='ltr'>que</span> <span class='ocrx_word' id='word_1_158' title='bbox 2057 1091 2298 1146; x_wconf 82' lang='lat' dir='ltr'>ratione.</span> 
     </span>
    </p>
   </div>
   <div class='ocr_carea' id='block_1_24' title="bbox 1987 1179 3572 1260">
    <p class='ocr_par' dir='ltr' id='par_1_24' title="bbox 1987 1179 3572 1260">
     <span class='ocr_line' id='line_1_24' title="bbox 1987 1179 3572 1260; baseline 0.008 -29"><span class='ocrx_word' id='word_1_159' title='bbox 1987 1179 2077 1231; x_wconf 87' lang='lat'>57.</span> <span class='ocrx_word' id='word_1_160' title='bbox 2112 1179 2245 1234; x_wconf 86' lang='lat' dir='ltr'>Sola</span> <span class='ocrx_word' id='word_1_161' title='bbox 2277 1181 2430 1234; x_wconf 88' lang='lat' dir='ltr'>enim</span> <span class='ocrx_word' id='word_1_162' title='bbox 2480 1181 2598 1235; x_wconf 71' lang='lat' dir='ltr'>haec</span> <span class='ocrx_word' id='word_1_163' title='bbox 2634 1181 2865 1251; x_wconf 80' lang='lat' dir='ltr'>plurimi</span> <span class='ocrx_word' id='word_1_164' title='bbox 2912 1201 2980 1238; x_wconf 79' lang='lat' dir='ltr'>ex</span> <span class='ocrx_word' id='word_1_165' title='bbox 3043 1184 3298 1256; x_wconf 83' lang='lat' dir='ltr'>physicis</span> <span class='ocrx_word' id='word_1_166' title='bbox 3357 1203 3572 1260; x_wconf 90' lang='lat' dir='ltr'>corpo-</span> 
     </span>
    </p>
   </div>
   <div class='ocr_carea' id='block_1_25' title="bbox 1921 1267 3573 1341">
    <p class='ocr_par' dir='ltr' id='par_1_25' title="bbox 1921 1267 3573 1341">
     <span class='ocr_line' id='line_1_25' title="bbox 1921 1267 3573 1341; baseline 0.008 -24"><span class='ocrx_word' id='word_1_167' title='bbox 1921 1281 2048 1319; x_wconf 88' lang='lat' dir='ltr'>rum</span> <span class='ocrx_word' id='word_1_168' title='bbox 2073 1267 2357 1322; x_wconf 86' lang='lat' dir='ltr'>elementa</span> <span class='ocrx_word' id='word_1_169' title='bbox 2376 1286 2575 1323; x_wconf 86' lang='lat' dir='ltr'>vocare</span> <span class='ocrx_word' id='word_1_170' title='bbox 2597 1270 2915 1339; x_wconf 72' lang='lat' dir='ltr'>dignantur</span> <span class='ocrx_word' id='word_1_171' title='bbox 2943 1315 2955 1336; x_wconf 88' lang='lat'>,</span> <span class='ocrx_word' id='word_1_172' title='bbox 2977 1290 3224 1341; x_wconf 88' lang='lat' dir='ltr'>quorum</span> <span class='ocrx_word' id='word_1_173' title='bbox 3245 1291 3276 1327; x_wconf 91' lang='lat' dir='ltr'>e</span> <span class='ocrx_word' id='word_1_174' title='bbox 3328 1292 3573 1332; x_wconf 85' lang='lat' dir='ltr'>numero</span> 
     </span>
    </p>
   </div>
   <div class='ocr_carea' id='block_1_26' title="bbox 1924 1348 3572 1423">
    <p class='ocr_par' dir='ltr' id='par_1_26' title="bbox 1924 1348 3572 1423">
     <span class='ocr_line' id='line_1_26' title="bbox 1924 1348 3572 1423; baseline 0.008 -26"><span class='ocrx_word' id='word_1_175' title='bbox 1924 1360 2146 1416; x_wconf 63' lang='lat' dir='ltr'>magna:</span> <span class='ocrx_word' id='word_1_176' title='bbox 2193 1348 2342 1401; x_wconf 89' lang='lat' dir='ltr'>inter</span> <span class='ocrx_word' id='word_1_177' title='bbox 2403 1350 2662 1403; x_wconf 87' lang='lat' dir='ltr'>medicos</span> <span class='ocrx_word' id='word_1_178' title='bbox 2713 1352 3076 1405; x_wconf 76' lang='lat' dir='ltr'>auctoritatis</span> <span class='ocrx_word' id='word_1_179' title='bbox 3130 1352 3385 1408; x_wconf 90' lang='lat' dir='ltr'>Galenus</span> <span class='ocrx_word' id='word_1_180' title='bbox 3436 1361 3572 1423; x_wconf 85' lang='lat' dir='ltr'>est;</span> 
     </span>
    </p>
   </div>
   <div class='ocr_carea' id='block_1_27' title="bbox 1924 1435 3576 1514">
    <p class='ocr_par' dir='ltr' id='par_1_27' title="bbox 1924 1435 3576 1514">
     <span class='ocr_line' id='line_1_27' title="bbox 1924 1435 3576 1514; baseline 0.006 -26"><span class='ocrx_word' id='word_1_181' title='bbox 1924 1435 2229 1488; x_wconf 82' lang='lat' dir='ltr'>materiam</span> <span class='ocrx_word' id='word_1_182' title='bbox 2268 1441 2460 1489; x_wconf 89' lang='lat' dir='ltr'>autem</span> <span class='ocrx_word' id='word_1_183' title='bbox 2496 1442 2551 1489; x_wconf 90' lang='lat' dir='ltr'>et</span> <span class='ocrx_word' id='word_1_184' title='bbox 2583 1437 2923 1506; x_wconf 64' lang='lat' dir='ltr'>qnetlitatem</span> <span class='ocrx_word' id='word_1_185' title='bbox 2959 1440 3076 1494; x_wconf 83' lang='lat' dir='ltr'>sive</span> <span class='ocrx_word' id='word_1_186' title='bbox 3111 1442 3380 1505; x_wconf 79' lang='lat' dir='ltr'>formam,</span> <span class='ocrx_word' id='word_1_187' title='bbox 3415 1443 3576 1514; x_wconf 89' lang='lat' dir='ltr'>prin-</span> 
     </span>
    </p>
   </div>
   <div class='ocr_carea' id='block_1_28' title="bbox 1925 1523 3580 1600">
    <p class='ocr_par' dir='ltr' id='par_1_28' title="bbox 1925 1523 3580 1600">
     <span class='ocr_line' id='line_1_28' title="bbox 1925 1523 3580 1600; baseline 0.005 -22"><span class='ocrx_word' id='word_1_188' title='bbox 1925 1524 2074 1595; x_wconf 90' lang='lat' dir='ltr'>cipia</span> <span class='ocrx_word' id='word_1_189' title='bbox 2106 1523 2820 1593; x_wconf 75' lang='lat' dir='ltr'>duntaxat,dill‘erentiam</span> <span class='ocrx_word' id='word_1_190' title='bbox 2867 1526 3017 1580; x_wconf 91' lang='lat' dir='ltr'>inter</span> <span class='ocrx_word' id='word_1_191' title='bbox 3074 1529 3362 1600; x_wconf 90' lang='lat' dir='ltr'>principia</span> <span class='ocrx_word' id='word_1_192' title='bbox 3423 1534 3580 1587; x_wconf 73' lang='grc'>140</span> 
     </span>
    </p>
   </div>
   <div class='ocr_carea' id='block_1_29' title="bbox 1927 1613 3572 1689">
    <p class='ocr_par' dir='ltr' id='par_1_29' title="bbox 1927 1613 3572 1689">
     <span class='ocr_line' id='line_1_29' title="bbox 1927 1613 3572 1689; baseline 0.004 -21"><span class='ocrx_word' id='word_1_193' title='bbox 1927 1619 1983 1669; x_wconf 89' lang='lat' dir='ltr'>et</span> <span class='ocrx_word' id='word_1_194' title='bbox 2011 1613 2300 1667; x_wconf 88' lang='lat' dir='ltr'>elementa</span> <span class='ocrx_word' id='word_1_195' title='bbox 2331 1614 2769 1680; x_wconf 87' lang='lat' dir='ltr'>constituentes,</span> <span class='ocrx_word' id='word_1_196' title='bbox 2805 1615 2956 1684; x_wconf 91' lang='lat' dir='ltr'>quod</span> <span class='ocrx_word' id='word_1_197' title='bbox 2993 1615 3279 1687; x_wconf 88' lang='lat' dir='ltr'>principia</span> <span class='ocrx_word' id='word_1_198' title='bbox 3309 1619 3572 1689; x_wconf 78' lang='lat' dir='ltr'>ejusdem</span> 
     </span>
    </p>
   </div>
   <div class='ocr_carea' id='block_1_30' title="bbox 1927 1701 3577 1776">
    <p class='ocr_par' dir='ltr' id='par_1_30' title="bbox 1927 1701 3577 1776">
     <span class='ocr_line' id='line_1_30' title="bbox 1927 1701 3577 1776; baseline 0.003 -17"><span class='ocrx_word' id='word_1_199' title='bbox 1927 1719 2061 1759; x_wconf 91' lang='lat' dir='ltr'>cum</span> <span class='ocrx_word' id='word_1_200' title='bbox 2097 1701 2188 1755; x_wconf 89' lang='lat' dir='ltr'>his</span> <span class='ocrx_word' id='word_1_201' title='bbox 2224 1702 2398 1755; x_wconf 90' lang='lat' dir='ltr'>rebus</span> <span class='ocrx_word' id='word_1_202' title='bbox 2430 1717 2678 1772; x_wconf 89' lang='lat' dir='ltr'>quarum</span> <span class='ocrx_word' id='word_1_203' title='bbox 2710 1706 2849 1755; x_wconf 89' lang='lat' dir='ltr'>sunt</span> <span class='ocrx_word' id='word_1_204' title='bbox 2877 1702 3163 1774; x_wconf 90' lang='lat' dir='ltr'>principia</span> <span class='ocrx_word' id='word_1_205' title='bbox 3187 1707 3416 1776; x_wconf 81' lang='lat' dir='ltr'>generis</span> <span class='ocrx_word' id='word_1_206' title='bbox 3447 1724 3577 1764; x_wconf 90' lang='lat' dir='ltr'>esse</span> 
     </span>
    </p>
   </div>
   <div class='ocr_carea' id='block_1_31' title="bbox 1931 1789 3573 1863">
    <p class='ocr_par' dir='ltr' id='par_1_31' title="bbox 1931 1789 3573 1863">
     <span class='ocr_line' id='line_1_31' title="bbox 1931 1789 3573 1863; baseline 0.004 -18"><span class='ocrx_word' id='word_1_207' title='bbox 1931 1790 2174 1846; x_wconf 89' lang='lat' dir='ltr'>minime</span> <span class='ocrx_word' id='word_1_208' title='bbox 2205 1805 2440 1844; x_wconf 90' lang='lat' dir='ltr'>necesse</span> <span class='ocrx_word' id='word_1_209' title='bbox 2472 1790 2586 1855; x_wconf 87' lang='lat' dir='ltr'>sit;</span> <span class='ocrx_word' id='word_1_210' title='bbox 2618 1806 2751 1844; x_wconf 90' lang='lat' dir='ltr'>cum</span> <span class='ocrx_word' id='word_1_211' title='bbox 2803 1789 3090 1845; x_wconf 90' lang='lat' dir='ltr'>elementa</span> <span class='ocrx_word' id='word_1_212' title='bbox 3145 1793 3408 1863; x_wconf 83' lang='lat' dir='ltr'>ejusdem</span> <span class='ocrx_word' id='word_1_213' title='bbox 3449 1813 3573 1851; x_wconf 87' lang='lat' dir='ltr'>om-</span> 
     </span>
    </p>
   </div>
   <div class='ocr_carea' id='block_1_32' title="bbox 161 1877 1827 1988">
    <p class='ocr_par' dir='ltr' id='par_1_32' title="bbox 161 1881 1816 1988">
     <span class='ocr_line' id='line_1_32' title="bbox 161 1881 1816 1958; baseline -0.001 -21"><span class='ocrx_word' id='word_1_214' title='bbox 161 1903 326 1952; x_wconf 82' lang='grc' dir='ltr'>τητα,</span> <span class='ocrx_word' id='word_1_215' title='bbox 357 1883 392 1949; x_wconf 78' lang='grc' dir='ltr'><strong>ἢ</strong></span> <span class='ocrx_word' id='word_1_216' title='bbox 437 1883 536 1950; x_wconf 76' lang='grc' dir='ltr'>τήν</span> <span class='ocrx_word' id='word_1_217' title='bbox 584 1881 925 1957; x_wconf 81' lang='grc' dir='ltr'>ψυχρότητα,</span> <span class='ocrx_word' id='word_1_218' title='bbox 977 1883 1011 1950; x_wconf 84' lang='grc' dir='ltr'>ἣ</span> <span class='ocrx_word' id='word_1_219' title='bbox 1055 1883 1153 1950; x_wconf 74' lang='grc' dir='ltr'>τὴν</span> <span class='ocrx_word' id='word_1_220' title='bbox 1201 1881 1496 1957; x_wconf 83' lang='grc' dir='ltr'>ὑγρότητα,</span> <span class='ocrx_word' id='word_1_221' title='bbox 1547 1882 1816 1958; x_wconf 81' lang='grc' dir='ltr'>στοιχεῖόν</span> 
     </span>
     <span class='ocr_line' id='line_1_33' title="bbox 367 1968 1809 1988; baseline 0.001 -1"><span class='ocrx_word' id='word_1_222' title='bbox 367 1977 394 1987; x_wconf 63' lang='grc' dir='ltr'>α</span> <span class='ocrx_word' id='word_1_223' title='bbox 559 1971 606 1988; x_wconf 62' lang='grc' dir='ltr'><strong>ΑΙ</strong></span> <span class='ocrx_word' id='word_1_224' title='bbox 872 1969 884 1988; x_wconf 86' lang='grc'><strong><em>1</em></strong></span> <span class='ocrx_word' id='word_1_225' title='bbox 1147 1977 1172 1988; x_wconf 58' lang='grc' dir='ltr'>θ</span> <span class='ocrx_word' id='word_1_226' title='bbox 1243 1983 1259 1988; x_wconf 83' lang='grc'><strong>-</strong></span> <span class='ocrx_word' id='word_1_227' title='bbox 1391 1971 1403 1988; x_wconf 85' lang='grc' dir='ltr'><strong><em>Ι</em></strong></span> <span class='ocrx_word' id='word_1_228' title='bbox 1615 1972 1640 1988; x_wconf 66' lang='grc' dir='ltr'><strong><em>θ’</em></strong></span> <span class='ocrx_word' id='word_1_229' title='bbox 1753 1968 1809 1988; x_wconf 51' lang='grc' dir='ltr'><strong>δῖ</strong></span> 
     </span>
    </p>
   </div>
   <div class='ocr_carea' id='block_1_33' title="bbox 1944 1877 3578 1988">
    <p class='ocr_par' dir='ltr' id='par_1_33' title="bbox 1944 1877 3578 1988">
     <span class='ocr_line' id='line_1_34' title="bbox 1944 1877 3578 1952; baseline 0.004 -19"><span class='ocrx_word' id='word_1_230' title='bbox 1944 1879 2067 1933; x_wconf 75' lang='lat' dir='ltr'>nino</span> <span class='ocrx_word' id='word_1_231' title='bbox 2092 1881 2211 1932; x_wconf 89' lang='lat' dir='ltr'>sint</span> <span class='ocrx_word' id='word_1_232' title='bbox 2232 1877 2484 1949; x_wconf 85' lang='lat' dir='ltr'>generis.</span> <span class='ocrx_word' id='word_1_233' title='bbox 2518 1879 2642 1942; x_wconf 88' lang='lat' dir='ltr'>Qua</span> <span class='ocrx_word' id='word_1_234' title='bbox 2688 1878 2759 1932; x_wconf 91' lang='lat' dir='ltr'>de</span> <span class='ocrx_word' id='word_1_235' title='bbox 2817 1896 2994 1934; x_wconf 88' lang='lat' dir='ltr'>causa</span> <span class='ocrx_word' id='word_1_236' title='bbox 3048 1881 3391 1952; x_wconf 81' lang='lat' dir='ltr'>qualitatem</span> <span class='ocrx_word' id='word_1_237' title='bbox 3441 1885 3578 1940; x_wconf 84' lang='lat' dir='ltr'>sim-</span> 
     </span>
     <span class='ocr_line' id='line_1_35' title="bbox 1944 1965 3451 1988; baseline 0 0"><span class='ocrx_word' id='word_1_238' title='bbox 1944 1967 2134 1988; x_wconf 73' lang='lat' dir='ltr'>-l!-___</span> <span class='ocrx_word' id='word_1_239' title='bbox 2191 1965 2345 1988; x_wconf 53' lang='grc' dir='ltr'>---μὶ-2</span> <span class='ocrx_word' id='word_1_240' title='bbox 2402 1966 2576 1988; x_wconf 61' lang='grc' dir='ltr'>-..-ᾹῘ-</span> <span class='ocrx_word' id='word_1_241' title='bbox 2664 1966 3005 1988; x_wconf 60' lang='grc' dir='ltr'>Α-13.13ι-ι-..-</span> <span class='ocrx_word' id='word_1_242' title='bbox 3111 1975 3164 1988; x_wconf 39' lang='grc' dir='ltr'>ηι</span> <span class='ocrx_word' id='word_1_243' title='bbox 3266 1970 3276 1982; x_wconf 79' lang='grc'><strong><em>⁸</em></strong></span> <span class='ocrx_word' id='word_1_244' title='bbox 3356 1972 3388 1988; x_wconf 73' lang='grc' dir='ltr'>σι</span> <span class='ocrx_word' id='word_1_245' title='bbox 3442 1979 3451 1988; x_wconf 78' lang='grc' dir='ltr'>ι</span> 
     </span>
    </p>
   </div>
   <div class='ocr_carea' id='block_1_34' title="bbox 168 1968 1816 2049">
    <p class='ocr_par' dir='ltr' id='par_1_34' title="bbox 168 1968 1816 2049">
     <span class='ocr_line' id='line_1_36' title="bbox 168 1968 1816 2049; baseline 0 -24"><span class='ocrx_word' id='word_1_246' title='bbox 168 1992 299 2049; x_wconf 76' lang='grc' dir='ltr'>φασι</span> <span class='ocrx_word' id='word_1_247' title='bbox 327 1977 428 2040; x_wconf 76' lang='grc' dir='ltr'>τῆς</span> <span class='ocrx_word' id='word_1_248' title='bbox 457 1971 711 2034; x_wconf 74' lang='grc' dir='ltr'>συνθέτου</span> <span class='ocrx_word' id='word_1_249' title='bbox 759 1969 1054 2040; x_wconf 83' lang='grc' dir='ltr'>ποιότητος</span> <span class='ocrx_word' id='word_1_250' title='bbox 1105 1977 1205 2040; x_wconf 76' lang='grc' dir='ltr'>τῆς</span> <span class='ocrx_word' id='word_1_251' title='bbox 1238 1971 1571 2046; x_wconf 84' lang='grc' dir='ltr'>θερμότητος</span> <span class='ocrx_word' id='word_1_252' title='bbox 1608 1972 1720 2044; x_wconf 78' lang='grc' dir='ltr'>ἅμα</span> <span class='ocrx_word' id='word_1_253' title='bbox 1750 1968 1816 2039; x_wconf 74' lang='grc' dir='ltr'>δὴ</span> 
     </span>
    </p>
   </div>
   <div class='ocr_carea' id='block_1_35' title="bbox 166 2057 1818 2136">
    <p class='ocr_par' dir='ltr' id='par_1_35' title="bbox 166 2057 1818 2136">
     <span class='ocr_line' id='line_1_37' title="bbox 166 2057 1818 2136; baseline 0 -22"><span class='ocrx_word' id='word_1_254' title='bbox 166 2060 258 2114; x_wconf 78' lang='grc' dir='ltr'>καὶ</span> <span class='ocrx_word' id='word_1_255' title='bbox 302 2059 625 2136; x_wconf 81' lang='grc' dir='ltr'>ξηρότητος,</span> <span class='ocrx_word' id='word_1_256' title='bbox 683 2059 771 2113; x_wconf 85' lang='grc' dir='ltr'>καὶ</span> <span class='ocrx_word' id='word_1_257' title='bbox 824 2057 988 2114; x_wconf 78' lang='grc' dir='ltr'>πάλιν</span> <span class='ocrx_word' id='word_1_258' title='bbox 1041 2066 1141 2128; x_wconf 86' lang='grc' dir='ltr'>τῆς</span> <span class='ocrx_word' id='word_1_259' title='bbox 1191 2059 1538 2136; x_wconf 79' lang='grc' dir='ltr'>ψυχρότητος</span> <span class='ocrx_word' id='word_1_260' title='bbox 1591 2061 1703 2133; x_wconf 81' lang='grc' dir='ltr'>ἅμα</span> <span class='ocrx_word' id='word_1_261' title='bbox 1752 2057 1818 2129; x_wconf 77' lang='grc' dir='ltr'>δὴ</span> 
     </span>
    </p>
   </div>
   <div class='ocr_carea' id='block_1_36' title="bbox 163 2144 1820 2224">
    <p class='ocr_par' dir='ltr' id='par_1_36' title="bbox 163 2144 1820 2224">
     <span class='ocr_line' id='line_1_38' title="bbox 163 2144 1820 2224; baseline -0.001 -21"><span class='ocrx_word' id='word_1_262' title='bbox 163 2148 258 2203; x_wconf 78' lang='grc' dir='ltr'>καὶ</span> <span class='ocrx_word' id='word_1_263' title='bbox 320 2147 638 2224; x_wconf 79' lang='grc' dir='ltr'>ὑγρότητος·</span> <span class='ocrx_word' id='word_1_264' title='bbox 703 2148 764 2202; x_wconf 86' lang='grc' dir='ltr'>τὸ</span> <span class='ocrx_word' id='word_1_265' title='bbox 820 2144 867 2202; x_wconf 84' lang='grc' dir='ltr'>δ’</span> <span class='ocrx_word' id='word_1_266' title='bbox 915 2145 1120 2202; x_wconf 76' lang='grc' dir='ltr'>ἁπλοῦν</span> <span class='ocrx_word' id='word_1_267' title='bbox 1182 2153 1340 2221; x_wconf 82' lang='grc' dir='ltr'>σῶμα</span> <span class='ocrx_word' id='word_1_268' title='bbox 1387 2149 1640 2221; x_wconf 87' lang='grc' dir='ltr'>σώματος</span> <span class='ocrx_word' id='word_1_269' title='bbox 1675 2169 1820 2203; x_wconf 86' lang='grc' dir='ltr'>στοι-</span> 
     </span>
    </p>
   </div>
   <div class='ocr_carea' id='block_1_37' title="bbox 168 2233 1826 2312">
    <p class='ocr_par' dir='ltr' id='par_1_37' title="bbox 168 2233 1826 2312">
     <span class='ocr_line' id='line_1_39' title="bbox 168 2233 1826 2312; baseline 0 -22"><span class='ocrx_word' id='word_1_270' title='bbox 168 2241 324 2312; x_wconf 82' lang='grc' dir='ltr'>χεῖον</span> <span class='ocrx_word' id='word_1_271' title='bbox 354 2239 450 2290; x_wconf 78' lang='grc' dir='ltr'>τοῦ</span> <span class='ocrx_word' id='word_1_272' title='bbox 496 2237 570 2307; x_wconf 86' lang='grc' dir='ltr'>μή</span> <span class='ocrx_word' id='word_1_273' title='bbox 624 2233 823 2303; x_wconf 81' lang='grc' dir='ltr'>ἁπλοῦ,</span> <span class='ocrx_word' id='word_1_274' title='bbox 876 2237 991 2290; x_wconf 81' lang='grc' dir='ltr'>οἷον</span> <span class='ocrx_word' id='word_1_275' title='bbox 1037 2236 1100 2290; x_wconf 90' lang='grc' dir='ltr'>τὸ</span> <span class='ocrx_word' id='word_1_276' title='bbox 1153 2240 1258 2312; x_wconf 76' lang='grc' dir='ltr'>πῦρ</span> <span class='ocrx_word' id='word_1_277' title='bbox 1308 2238 1343 2305; x_wconf 76' lang='grc' dir='ltr'><strong>ἢ</strong></span> <span class='ocrx_word' id='word_1_278' title='bbox 1391 2237 1479 2290; x_wconf 86' lang='grc' dir='ltr'>τὸν</span> <span class='ocrx_word' id='word_1_279' title='bbox 1533 2236 1662 2312; x_wconf 81' lang='grc' dir='ltr'>ἀέρα</span> <span class='ocrx_word' id='word_1_280' title='bbox 1690 2237 1725 2305; x_wconf 74' lang='grc' dir='ltr'><strong>ἢ</strong></span> <span class='ocrx_word' id='word_1_281' title='bbox 1764 2236 1826 2290; x_wconf 84' lang='grc' dir='ltr'>τὸ</span> 
     </span>
    </p>
   </div>
   <div class='ocr_carea' id='block_1_38' title="bbox 170 2323 1824 2400">
    <p class='ocr_par' dir='ltr' id='par_1_38' title="bbox 170 2323 1824 2400">
     <span class='ocr_line' id='line_1_40' title="bbox 170 2323 1824 2400; baseline 0 -21"><span class='ocrx_word' id='word_1_282' title='bbox 170 2323 320 2400; x_wconf 75' lang='grc' dir='ltr'>ὕδωρ</span> <span class='ocrx_word' id='word_1_283' title='bbox 379 2325 414 2393; x_wconf 71' lang='grc' dir='ltr'><strong>ἢ</strong></span> <span class='ocrx_word' id='word_1_284' title='bbox 496 2325 593 2393; x_wconf 74' lang='grc' dir='ltr'>τήν</span> <span class='ocrx_word' id='word_1_285' title='bbox 666 2331 768 2398; x_wconf 79' lang='grc' dir='ltr'>γῆν</span> <span class='ocrx_word' id='word_1_286' title='bbox 805 2370 820 2395; x_wconf 80' lang='grc'>,</span> <span class='ocrx_word' id='word_1_287' title='bbox 880 2330 1152 2399; x_wconf 89' lang='grc' dir='ltr'>στοιχεῖον</span> <span class='ocrx_word' id='word_1_288' title='bbox 1211 2326 1466 2397; x_wconf 85' lang='grc' dir='ltr'>σώματος</span> <span class='ocrx_word' id='word_1_289' title='bbox 1519 2329 1616 2379; x_wconf 78' lang='grc' dir='ltr'>τοῦ</span> <span class='ocrx_word' id='word_1_290' title='bbox 1676 2346 1767 2380; x_wconf 93' lang='grc' dir='ltr'>συν</span> <span class='ocrx_word' id='word_1_291' title='bbox 1801 2358 1824 2368; x_wconf 93' lang='grc'><strong><em>-</em></strong></span> 
     </span>
    </p>
   </div>
   <div class='ocr_carea' id='block_1_39' title="bbox 171 2409 1825 2489">
    <p class='ocr_par' dir='ltr' id='par_1_39' title="bbox 171 2409 1825 2489">
     <span class='ocr_line' id='line_1_41' title="bbox 171 2409 1825 2489; baseline 0 -21"><span class='ocrx_word' id='word_1_292' title='bbox 171 2415 350 2470; x_wconf 81' lang='grc' dir='ltr'>Θέτου.</span> <span class='ocrx_word' id='word_1_293' title='bbox 385 2418 557 2486; x_wconf 84' lang='grc' dir='ltr'>Σῶμα</span> <span class='ocrx_word' id='word_1_294' title='bbox 605 2414 706 2489; x_wconf 74' lang='grc' dir='ltr'>γὰρ</span> <span class='ocrx_word' id='word_1_295' title='bbox 758 2409 964 2466; x_wconf 79' lang='grc' dir='ltr'>ἁπλοῦν</span> <span class='ocrx_word' id='word_1_296' title='bbox 1017 2413 1123 2483; x_wconf 79' lang='grc' dir='ltr'>ὕλη</span> <span class='ocrx_word' id='word_1_297' title='bbox 1187 2414 1320 2486; x_wconf 86' lang='grc' dir='ltr'>μετά</span> <span class='ocrx_word' id='word_1_298' title='bbox 1355 2412 1670 2482; x_wconf 84' lang='grc' dir='ltr'>ποιότητος·</span> <span class='ocrx_word' id='word_1_299' title='bbox 1708 2426 1825 2488; x_wconf 87' lang='grc' dir='ltr'>θερ-</span> 
     </span>
    </p>
   </div>
   <div class='ocr_carea' id='block_1_40' title="bbox 180 2501 1828 2577">
    <p class='ocr_par' dir='ltr' id='par_1_40' title="bbox 180 2501 1828 2577">
     <span class='ocr_line' id='line_1_42' title="bbox 180 2501 1828 2577; baseline 0 -21"><span class='ocrx_word' id='word_1_300' title='bbox 180 2502 418 2574; x_wconf 85' lang='grc' dir='ltr'>μότητος</span> <span class='ocrx_word' id='word_1_301' title='bbox 449 2501 617 2577; x_wconf 88' lang='grc' dir='ltr'>τυχὸν</span> <span class='ocrx_word' id='word_1_302' title='bbox 669 2501 705 2570; x_wconf 71' lang='grc' dir='ltr'><strong>ἢ</strong></span> <span class='ocrx_word' id='word_1_303' title='bbox 765 2501 1114 2576; x_wconf 86' lang='grc' dir='ltr'>ψυχρότητος</span> <span class='ocrx_word' id='word_1_304' title='bbox 1167 2503 1201 2570; x_wconf 66' lang='grc' dir='ltr'><strong>ἢ</strong></span> <span class='ocrx_word' id='word_1_305' title='bbox 1259 2501 1556 2576; x_wconf 78' lang='grc' dir='ltr'>ξηρότητος</span> <span class='ocrx_word' id='word_1_306' title='bbox 1601 2501 1635 2569; x_wconf 71' lang='grc' dir='ltr'><strong>ἢ</strong></span> <span class='ocrx_word' id='word_1_307' title='bbox 1671 2502 1828 2576; x_wconf 80' lang='grc' dir='ltr'>ὑγρό-</span> 
     </span>
    </p>
   </div>
   <div class='ocr_carea' id='block_1_41' title="bbox 175 2611 366 2661">
    <p class='ocr_par' dir='ltr' id='par_1_41' title="bbox 175 2611 366 2661">
     <span class='ocr_line' id='line_1_43' title="bbox 175 2611 366 2661; baseline 0.01 -16"><span class='ocrx_word' id='word_1_308' title='bbox 175 2611 342 2661; x_wconf 91' lang='grc' dir='ltr'>τητος</span> <span class='ocrx_word' id='word_1_309' title='bbox 353 2635 366 2647; x_wconf 91' lang='grc'><strong>.</strong></span> 
     </span>
    </p>
   </div>
   <div class='ocr_carea' id='block_1_42' title="bbox 262 2854 1836 2931">
    <p class='ocr_par' dir='ltr' id='par_1_42' title="bbox 262 2854 1836 2931">
     <span class='ocr_line' id='line_1_44' title="bbox 262 2854 1836 2931; baseline -0.001 -21"><span class='ocrx_word' id='word_1_310' title='bbox 262 2858 345 2927; x_wconf 87' lang='grc' dir='ltr'>κη’</span> <span class='ocrx_word' id='word_1_311' title='bbox 379 2901 392 2914; x_wconf 91' lang='grc'><strong>.</strong></span> <span class='ocrx_word' id='word_1_312' title='bbox 468 2857 543 2910; x_wconf 76' lang='grc' dir='ltr'>Τὰ</span> <span class='ocrx_word' id='word_1_313' title='bbox 621 2855 714 2928; x_wconf 79' lang='grc' dir='ltr'>μὶν</span> <span class='ocrx_word' id='word_1_314' title='bbox 791 2855 882 2909; x_wconf 78' lang='grc' dir='ltr'>οὗν</span> <span class='ocrx_word' id='word_1_315' title='bbox 971 2854 1227 2931; x_wconf 73' lang='grc' dir='ltr'>εἰρημένα</span> <span class='ocrx_word' id='word_1_316' title='bbox 1293 2855 1521 2931; x_wconf 81' lang='grc' dir='ltr'>τέσσαρα</span> <span class='ocrx_word' id='word_1_317' title='bbox 1591 2861 1836 2931; x_wconf 78' lang='grc' dir='ltr'>στοιχεῖα</span> 
     </span>
    </p>
   </div>
   <div class='ocr_carea' id='block_1_43' title="bbox 187 2941 1832 3020">
    <p class='ocr_par' dir='ltr' id='par_1_43' title="bbox 187 2941 1832 3020">
     <span class='ocr_line' id='line_1_45' title="bbox 187 2941 1832 3020; baseline -0.001 -22"><span class='ocrx_word' id='word_1_318' title='bbox 187 2946 396 3019; x_wconf 81' lang='grc' dir='ltr'>καθαρά</span> <span class='ocrx_word' id='word_1_319' title='bbox 463 2943 552 2998; x_wconf 82' lang='grc' dir='ltr'>καὶ</span> <span class='ocrx_word' id='word_1_320' title='bbox 625 2942 892 3019; x_wconf 78' lang='grc' dir='ltr'>εἰλικρινῆ</span> <span class='ocrx_word' id='word_1_321' title='bbox 972 2948 1097 3005; x_wconf 78' lang='grc' dir='ltr'>νοῦς</span> <span class='ocrx_word' id='word_1_322' title='bbox 1157 2944 1320 3016; x_wconf 83' lang='grc' dir='ltr'>μόνος</span> <span class='ocrx_word' id='word_1_323' title='bbox 1374 2941 1484 2998; x_wconf 75' lang='grc' dir='ltr'>οἶδε</span> <span class='ocrx_word' id='word_1_324' title='bbox 1546 2941 1832 3020; x_wconf 85' lang='grc' dir='ltr'>διακρίνων</span> 
     </span>
    </p>
   </div>
   <div class='ocr_carea' id='block_1_44' title="bbox 189 3029 1834 3108">
    <p class='ocr_par' dir='ltr' id='par_1_44' title="bbox 189 3029 1834 3108">
     <span class='ocr_line' id='line_1_46' title="bbox 189 3029 1834 3108; baseline 0 -21"><span class='ocrx_word' id='word_1_325' title='bbox 189 3034 339 3107; x_wconf 83' lang='grc' dir='ltr'>ὁρᾷν.</span> <span class='ocrx_word' id='word_1_326' title='bbox 374 3029 510 3087; x_wconf 78' lang='grc' dir='ltr'>Οὐδὲ</span> <span class='ocrx_word' id='word_1_327' title='bbox 558 3033 662 3108; x_wconf 80' lang='grc' dir='ltr'>γάρ</span> <span class='ocrx_word' id='word_1_328' title='bbox 713 3031 850 3086; x_wconf 79' lang='grc' dir='ltr'>ἐστιν</span> <span class='ocrx_word' id='word_1_329' title='bbox 899 3030 1050 3087; x_wconf 71' lang='grc' dir='ltr'>οὐδὲν</span> <span class='ocrx_word' id='word_1_330' title='bbox 1094 3031 1268 3087; x_wconf 79' lang='grc' dir='ltr'>αὐτῶν</span> <span class='ocrx_word' id='word_1_331' title='bbox 1320 3032 1512 3106; x_wconf 77' lang='grc' dir='ltr'>ἀμιγὲς</span> <span class='ocrx_word' id='word_1_332' title='bbox 1556 3037 1664 3087; x_wconf 86' lang='grc' dir='ltr'>τῶν</span> <span class='ocrx_word' id='word_1_333' title='bbox 1713 3031 1834 3088; x_wconf 90' lang='grc' dir='ltr'>λοι-</span> 
     </span>
    </p>
   </div>
   <div class='ocr_carea' id='block_1_45' title="bbox 186 3119 1834 3196">
    <p class='ocr_par' dir='ltr' id='par_1_45' title="bbox 186 3119 1834 3196">
     <span class='ocr_line' id='line_1_47' title="bbox 186 3119 1834 3196; baseline 0 -20"><span class='ocrx_word' id='word_1_334' title='bbox 186 3125 304 3176; x_wconf 82' lang='grc' dir='ltr'>πῶν</span> <span class='ocrx_word' id='word_1_335' title='bbox 342 3143 354 3155; x_wconf 89' lang='grc'><strong>·</strong></span> <span class='ocrx_word' id='word_1_336' title='bbox 415 3119 569 3176; x_wconf 84' lang='grc' dir='ltr'>διότι</span> <span class='ocrx_word' id='word_1_337' title='bbox 641 3121 815 3175; x_wconf 85' lang='grc' dir='ltr'>πάντα</span> <span class='ocrx_word' id='word_1_338' title='bbox 868 3121 1167 3176; x_wconf 83' lang='grc' dir='ltr'>νενόθευται</span> <span class='ocrx_word' id='word_1_339' title='bbox 1242 3125 1357 3182; x_wconf 85' lang='grc' dir='ltr'>τοῖς</span> <span class='ocrx_word' id='word_1_340' title='bbox 1431 3122 1784 3196; x_wconf 71' lang='grc' dir='ltr'>ἑτερογενέσιν</span> <span class='ocrx_word' id='word_1_341' title='bbox 1821 3167 1834 3193; x_wconf 89' lang='grc'>,</span> 
     </span>
    </p>
   </div>
   <div class='ocr_carea' id='block_1_46' title="bbox 189 3206 1833 3284">
    <p class='ocr_par' dir='ltr' id='par_1_46' title="bbox 189 3206 1833 3284">
     <span class='ocr_line' id='line_1_48' title="bbox 189 3206 1833 3284; baseline -0.001 -20"><span class='ocrx_word' id='word_1_342' title='bbox 189 3207 360 3264; x_wconf 71' lang='grc' dir='ltr'>ε’ίτουν</span> <span class='ocrx_word' id='word_1_343' title='bbox 421 3206 738 3284; x_wconf 75' lang='grc' dir='ltr'>ἑτεροειδέσι</span> <span class='ocrx_word' id='word_1_344' title='bbox 793 3207 882 3263; x_wconf 81' lang='grc' dir='ltr'>καί</span> <span class='ocrx_word' id='word_1_345' title='bbox 943 3210 1325 3283; x_wconf 74' lang='grc' dir='ltr'>ἀναμέμικται,</span> <span class='ocrx_word' id='word_1_346' title='bbox 1387 3209 1476 3264; x_wconf 78' lang='grc' dir='ltr'>καὶ</span> <span class='ocrx_word' id='word_1_347' title='bbox 1540 3208 1751 3282; x_wconf 84' lang='grc' dir='ltr'>μᾶλλον</span> <span class='ocrx_word' id='word_1_348' title='bbox 1797 3210 1833 3279; x_wconf 71' lang='grc' dir='ltr'><strong>ἢ</strong></span> 
     </span>
    </p>
   </div>
   <div class='ocr_carea' id='block_1_47' title="bbox 1934 1965 3578 2042">
    <p class='ocr_par' dir='ltr' id='par_1_47' title="bbox 1934 1965 3578 2042">
     <span class='ocr_line' id='line_1_49' title="bbox 1934 1965 3578 2042; baseline 0.005 -22"><span class='ocrx_word' id='word_1_349' title='bbox 1934 1967 2162 2038; x_wconf 88' lang='lat' dir='ltr'>plicem,</span> <span class='ocrx_word' id='word_1_350' title='bbox 2191 1965 2348 2021; x_wconf 85' lang='lat' dir='ltr'>verbi</span> <span class='ocrx_word' id='word_1_351' title='bbox 2398 1966 2605 2036; x_wconf 86' lang='lat' dir='ltr'>gratia,</span> <span class='ocrx_word' id='word_1_352' title='bbox 2659 1966 3036 2034; x_wconf 82' lang='lat' dir='ltr'>caliditatem,</span> <span class='ocrx_word' id='word_1_353' title='bbox 3071 1975 3171 2024; x_wconf 87' lang='lat' dir='ltr'>aut</span> <span class='ocrx_word' id='word_1_354' title='bbox 3231 1970 3578 2042; x_wconf 90' lang='lat' dir='ltr'>siccitatem,</span> 
     </span>
    </p>
   </div>
   <div class='ocr_carea' id='block_1_48' title="bbox 1933 2055 3582 2132">
    <p class='ocr_par' dir='ltr' id='par_1_48' title="bbox 1933 2055 3582 2132">
     <span class='ocr_line' id='line_1_50' title="bbox 1933 2055 3582 2132; baseline 0.004 -21"><span class='ocrx_word' id='word_1_355' title='bbox 1933 2061 2033 2111; x_wconf 90' lang='lat' dir='ltr'>aut</span> <span class='ocrx_word' id='word_1_356' title='bbox 2067 2055 2466 2127; x_wconf 72' lang='lat' dir='ltr'>t‘rigiditatem,</span> <span class='ocrx_word' id='word_1_357' title='bbox 2500 2062 2600 2109; x_wconf 90' lang='lat' dir='ltr'>aut</span> <span class='ocrx_word' id='word_1_358' title='bbox 2630 2055 3040 2112; x_wconf 89' lang='lat' dir='ltr'>humiditatem</span> <span class='ocrx_word' id='word_1_359' title='bbox 3074 2061 3407 2131; x_wconf 70' lang='lat' dir='ltr'>compositae</span> <span class='ocrx_word' id='word_1_360' title='bbox 3439 2079 3582 2132; x_wconf 86' lang='lat' dir='ltr'>qua-</span> 
     </span>
    </p>
   </div>
   <div class='ocr_carea' id='block_1_49' title="bbox 1931 2143 3579 2214">
    <p class='ocr_par' dir='ltr' id='par_1_49' title="bbox 1931 2143 3579 2214">
     <span class='ocr_line' id='line_1_51' title="bbox 1931 2143 3579 2214; baseline 0.003 -14"><span class='ocrx_word' id='word_1_361' title='bbox 1931 2143 2118 2201; x_wconf 84' lang='lat' dir='ltr'>litatis</span> <span class='ocrx_word' id='word_1_362' title='bbox 2149 2143 2500 2198; x_wconf 89' lang='lat' dir='ltr'>elementum</span> <span class='ocrx_word' id='word_1_363' title='bbox 2533 2161 2663 2198; x_wconf 81' lang='lat' dir='ltr'>eese</span> <span class='ocrx_word' id='word_1_364' title='bbox 2711 2146 2898 2214; x_wconf 90' lang='lat' dir='ltr'>aiunt,</span> <span class='ocrx_word' id='word_1_365' title='bbox 2931 2145 3240 2203; x_wconf 88' lang='lat' dir='ltr'>caliditatis</span> <span class='ocrx_word' id='word_1_366' title='bbox 3299 2150 3579 2205; x_wconf 89' lang='lat' dir='ltr'>nimirum</span> 
     </span>
    </p>
   </div>
   <div class='ocr_carea' id='block_1_50' title="bbox 1936 2230 3584 2306">
    <p class='ocr_par' dir='ltr' id='par_1_50' title="bbox 1936 2230 3584 2306">
     <span class='ocr_line' id='line_1_52' title="bbox 1936 2230 3584 2306; baseline 0.005 -20"><span class='ocrx_word' id='word_1_367' title='bbox 1936 2237 1993 2286; x_wconf 89' lang='lat' dir='ltr'>et</span> <span class='ocrx_word' id='word_1_368' title='bbox 2022 2231 2303 2286; x_wconf 85' lang='lat' dir='ltr'>siccitatis</span> <span class='ocrx_word' id='word_1_369' title='bbox 2334 2230 2530 2299; x_wconf 90' lang='lat' dir='ltr'>simul,</span> <span class='ocrx_word' id='word_1_370' title='bbox 2567 2249 2889 2304; x_wconf 86' lang='lat' dir='ltr'>rursusque</span> <span class='ocrx_word' id='word_1_371' title='bbox 2933 2233 3271 2306; x_wconf 84' lang='lat' dir='ltr'>frigiditatis</span> <span class='ocrx_word' id='word_1_372' title='bbox 3321 2237 3497 2292; x_wconf 87' lang='lat' dir='ltr'>simul</span> <span class='ocrx_word' id='word_1_373' title='bbox 3527 2243 3584 2294; x_wconf 85' lang='lat' dir='ltr'>et</span> 
     </span>
    </p>
   </div>
   <div class='ocr_carea' id='block_1_51' title="bbox 1937 2318 3575 2396">
    <p class='ocr_par' dir='ltr' id='par_1_51' title="bbox 1937 2318 3575 2396">
     <span class='ocr_line' id='line_1_53' title="bbox 1937 2318 3575 2396; baseline 0.005 -22"><span class='ocrx_word' id='word_1_374' title='bbox 1937 2319 2342 2387; x_wconf 89' lang='lat' dir='ltr'>humiditatis;</span> <span class='ocrx_word' id='word_1_375' title='bbox 2405 2318 2652 2391; x_wconf 84' lang='lat' dir='ltr'>simplex</span> <span class='ocrx_word' id='word_1_376' title='bbox 2690 2321 2826 2374; x_wconf 90' lang='lat' dir='ltr'>item</span> <span class='ocrx_word' id='word_1_377' title='bbox 2872 2337 3102 2392; x_wconf 91' lang='lat' dir='ltr'>corpus,</span> <span class='ocrx_word' id='word_1_378' title='bbox 3163 2325 3422 2396; x_wconf 87' lang='lat' dir='ltr'>corporis</span> <span class='ocrx_word' id='word_1_379' title='bbox 3462 2342 3575 2382; x_wconf 88' lang='lat' dir='ltr'>non</span> 
     </span>
    </p>
   </div>
   <div class='ocr_carea' id='block_1_52' title="bbox 1939 2407 3579 2485">
    <p class='ocr_par' dir='ltr' id='par_1_52' title="bbox 1939 2407 3579 2485">
     <span class='ocr_line' id='line_1_54' title="bbox 1939 2407 3579 2485; baseline 0.004 -22"><span class='ocrx_word' id='word_1_380' title='bbox 1939 2408 2222 2479; x_wconf 84' lang='lat' dir='ltr'>simplicis</span> <span class='ocrx_word' id='word_1_381' title='bbox 2248 2407 2638 2475; x_wconf 88' lang='lat' dir='ltr'>elementum;</span> <span class='ocrx_word' id='word_1_382' title='bbox 2671 2408 2915 2481; x_wconf 83' lang='lat' dir='ltr'>exempli</span> <span class='ocrx_word' id='word_1_383' title='bbox 2949 2412 3154 2482; x_wconf 83' lang='lat' dir='ltr'>gratia,</span> <span class='ocrx_word' id='word_1_384' title='bbox 3204 2412 3422 2485; x_wconf 82' lang='lat' dir='ltr'>ignem,</span> <span class='ocrx_word' id='word_1_385' title='bbox 3477 2419 3579 2470; x_wconf 83' lang='lat' dir='ltr'>aut</span> 
     </span>
    </p>
   </div>
   <div class='ocr_carea' id='block_1_53' title="bbox 1939 2501 3580 2574">
    <p class='ocr_par' dir='ltr' id='par_1_53' title="bbox 1939 2501 3580 2574">
     <span class='ocr_line' id='line_1_55' title="bbox 1939 2501 3580 2574; baseline 0.005 -23"><span class='ocrx_word' id='word_1_386' title='bbox 1939 2513 2152 2561; x_wconf 89' lang='lat' dir='ltr'>aerem,</span> <span class='ocrx_word' id='word_1_387' title='bbox 2176 2501 2275 2550; x_wconf 88' lang='lat' dir='ltr'>aut</span> <span class='ocrx_word' id='word_1_388' title='bbox 2303 2513 2535 2562; x_wconf 85' lang='lat' dir='ltr'>aquam,</span> <span class='ocrx_word' id='word_1_389' title='bbox 2579 2502 2681 2551; x_wconf 88' lang='lat' dir='ltr'>aut</span> <span class='ocrx_word' id='word_1_390' title='bbox 2711 2502 2946 2563; x_wconf 88' lang='lat' dir='ltr'>terram,</span> <span class='ocrx_word' id='word_1_391' title='bbox 2981 2501 3289 2571; x_wconf 90' lang='lat' dir='ltr'>compositi</span> <span class='ocrx_word' id='word_1_392' title='bbox 3320 2504 3580 2574; x_wconf 89' lang='lat' dir='ltr'>corporis</span> 
     </span>
    </p>
   </div>
   <div class='ocr_carea' id='block_1_54' title="bbox 1940 2584 3585 2659">
    <p class='ocr_par' dir='ltr' id='par_1_54' title="bbox 1940 2584 3585 2659">
     <span class='ocr_line' id='line_1_56' title="bbox 1940 2584 3585 2659; baseline 0.003 -18"><span class='ocrx_word' id='word_1_393' title='bbox 1940 2585 2317 2641; x_wconf 86' lang='lat' dir='ltr'>elementum.</span> <span class='ocrx_word' id='word_1_394' title='bbox 2374 2584 2633 2656; x_wconf 85' lang='lat' dir='ltr'>Simplex</span> <span class='ocrx_word' id='word_1_395' title='bbox 2687 2587 2842 2641; x_wconf 90' lang='lat' dir='ltr'>enim</span> <span class='ocrx_word' id='word_1_396' title='bbox 2913 2603 3124 2659; x_wconf 89' lang='lat' dir='ltr'>corpus</span> <span class='ocrx_word' id='word_1_397' title='bbox 3171 2595 3279 2655; x_wconf 92' lang='lat' dir='ltr'>est,</span> <span class='ocrx_word' id='word_1_398' title='bbox 3341 2592 3585 2647; x_wconf 83' lang='lat' dir='ltr'>materia</span> 
     </span>
    </p>
   </div>
   <div class='ocr_carea' id='block_1_55' title="bbox 1941 2673 3586 2744">
    <p class='ocr_par' dir='ltr' id='par_1_55' title="bbox 1941 2673 3586 2744">
     <span class='ocr_line' id='line_1_57' title="bbox 1941 2673 3586 2744; baseline 0.004 -13"><span class='ocrx_word' id='word_1_399' title='bbox 1941 2691 2075 2731; x_wconf 91' lang='lat' dir='ltr'>cum</span> <span class='ocrx_word' id='word_1_400' title='bbox 2109 2673 2389 2744; x_wconf 87' lang='lat' dir='ltr'>qualitate</span> <span class='ocrx_word' id='word_1_401' title='bbox 2438 2675 2767 2744; x_wconf 87' lang='lat' dir='ltr'>conjuncta,</span> <span class='ocrx_word' id='word_1_402' title='bbox 2826 2691 2957 2729; x_wconf 92' lang='lat' dir='ltr'>cum</span> <span class='ocrx_word' id='word_1_403' title='bbox 3020 2677 3312 2734; x_wconf 84' lang='lat' dir='ltr'>caliditate</span> <span class='ocrx_word' id='word_1_404' title='bbox 3365 2679 3586 2736; x_wconf 80' lang='lat' dir='ltr'>scilicet</span> 
     </span>
    </p>
   </div>
   <div class='ocr_carea' id='block_1_56' title="bbox 1943 2762 3410 2834">
    <p class='ocr_par' dir='ltr' id='par_1_56' title="bbox 1943 2762 3410 2834">
     <span class='ocr_line' id='line_1_58' title="bbox 1943 2762 3410 2834; baseline 0.002 -15"><span class='ocrx_word' id='word_1_405' title='bbox 1943 2768 2044 2819; x_wconf 89' lang='lat' dir='ltr'>aut</span> <span class='ocrx_word' id='word_1_406' title='bbox 2074 2762 2410 2833; x_wconf 84' lang='lat' dir='ltr'>frigiditate,</span> <span class='ocrx_word' id='word_1_407' title='bbox 2444 2767 2542 2816; x_wconf 89' lang='lat' dir='ltr'>aut</span> <span class='ocrx_word' id='word_1_408' title='bbox 2573 2764 2855 2834; x_wconf 89' lang='lat' dir='ltr'>siccitate,</span> <span class='ocrx_word' id='word_1_409' title='bbox 2898 2769 2998 2819; x_wconf 92' lang='lat' dir='ltr'>aut</span> <span class='ocrx_word' id='word_1_410' title='bbox 3043 2766 3410 2823; x_wconf 88' lang='lat' dir='ltr'>humiditate.</span> 
     </span>
    </p>
   </div>
   <div class='ocr_carea' id='block_1_57' title="bbox 2013 2850 3586 2923">
    <p class='ocr_par' dir='ltr' id='par_1_57' title="bbox 2013 2850 3586 2923">
     <span class='ocr_line' id='line_1_59' title="bbox 2013 2850 3586 2923; baseline 0.005 -18"><span class='ocrx_word' id='word_1_411' title='bbox 2013 2852 2102 2905; x_wconf 86' lang='lat'>28.</span> <span class='ocrx_word' id='word_1_412' title='bbox 2162 2851 2409 2904; x_wconf 88' lang='lat' dir='ltr'>Proinde</span> <span class='ocrx_word' id='word_1_413' title='bbox 2458 2850 2612 2905; x_wconf 88' lang='lat' dir='ltr'>dicta</span> <span class='ocrx_word' id='word_1_414' title='bbox 2644 2851 2764 2906; x_wconf 74' lang='lat' dir='ltr'>haec</span> <span class='ocrx_word' id='word_1_415' title='bbox 2812 2858 3064 2923; x_wconf 89' lang='lat' dir='ltr'>quatuor</span> <span class='ocrx_word' id='word_1_416' title='bbox 3130 2853 3417 2910; x_wconf 89' lang='lat' dir='ltr'>elementa</span> <span class='ocrx_word' id='word_1_417' title='bbox 3460 2858 3586 2914; x_wconf 89' lang='lat' dir='ltr'>sola</span> 
     </span>
    </p>
   </div>
   <div class='ocr_carea' id='block_1_58' title="bbox 1945 2939 3579 3014">
    <p class='ocr_par' dir='ltr' id='par_1_58' title="bbox 1945 2939 3579 3014">
     <span class='ocr_line' id='line_1_60' title="bbox 1945 2939 3579 3014; baseline 0.004 -20"><span class='ocrx_word' id='word_1_418' title='bbox 1945 2957 2108 2994; x_wconf 89' lang='lat' dir='ltr'>mens</span> <span class='ocrx_word' id='word_1_419' title='bbox 2163 2939 2500 2994; x_wconf 88' lang='lat' dir='ltr'>discernens</span> <span class='ocrx_word' id='word_1_420' title='bbox 2557 2940 2799 2994; x_wconf 90' lang='lat' dir='ltr'>intuerit</span> <span class='ocrx_word' id='word_1_421' title='bbox 2855 2947 3044 3011; x_wconf 91' lang='lat' dir='ltr'>potest</span> <span class='ocrx_word' id='word_1_422' title='bbox 3084 2943 3146 2996; x_wconf 71' lang='lat'>‘3.</span> <span class='ocrx_word' id='word_1_423' title='bbox 3199 2943 3396 3014; x_wconf 88' lang='lat' dir='ltr'>Neque</span> <span class='ocrx_word' id='word_1_424' title='bbox 3425 2945 3579 3000; x_wconf 89' lang='lat' dir='ltr'>enim</span> 
     </span>
    </p>
   </div>
   <div class='ocr_carea' id='block_1_59' title="bbox 1944 3027 3584 3089">
    <p class='ocr_par' dir='ltr' id='par_1_59' title="bbox 1944 3027 3584 3089">
     <span class='ocr_line' id='line_1_61' title="bbox 1944 3027 3584 3089; baseline 0.004 -7"><span class='ocrx_word' id='word_1_425' title='bbox 1944 3027 2130 3082; x_wconf 91' lang='lat' dir='ltr'>ullum</span> <span class='ocrx_word' id='word_1_426' title='bbox 2189 3043 2388 3081; x_wconf 89' lang='lat' dir='ltr'>eorum</span> <span class='ocrx_word' id='word_1_427' title='bbox 2421 3043 2454 3081; x_wconf 88' lang='lat' dir='ltr'>a</span> <span class='ocrx_word' id='word_1_428' title='bbox 2493 3031 2797 3081; x_wconf 82' lang='lat' dir='ltr'>caeteorum</span> <span class='ocrx_word' id='word_1_429' title='bbox 2857 3029 3261 3084; x_wconf 88' lang='lat' dir='ltr'>commistione</span> <span class='ocrx_word' id='word_1_430' title='bbox 3317 3031 3584 3089; x_wconf 89' lang='lat' dir='ltr'>immune</span> 
     </span>
    </p>
   </div>
   <div class='ocr_carea' id='block_1_60' title="bbox 1944 3114 3583 3190">
    <p class='ocr_par' dir='ltr' id='par_1_60' title="bbox 1944 3114 3583 3190">
     <span class='ocr_line' id='line_1_62' title="bbox 1944 3114 3583 3190; baseline 0.004 -21"><span class='ocrx_word' id='word_1_431' title='bbox 1944 3120 2033 3170; x_wconf 89' lang='lat' dir='ltr'>est</span> <span class='ocrx_word' id='word_1_432' title='bbox 2066 3132 2078 3181; x_wconf 92' lang='lat'><strong>;</strong></span> <span class='ocrx_word' id='word_1_433' title='bbox 2115 3121 2418 3186; x_wconf 87' lang='lat' dir='ltr'>propterea</span> <span class='ocrx_word' id='word_1_434' title='bbox 2443 3114 2596 3185; x_wconf 91' lang='lat' dir='ltr'>quod</span> <span class='ocrx_word' id='word_1_435' title='bbox 2623 3114 2820 3169; x_wconf 90' lang='lat' dir='ltr'>omnia</span> <span class='ocrx_word' id='word_1_436' title='bbox 2839 3116 2911 3170; x_wconf 92' lang='lat' dir='ltr'>ab</span> <span class='ocrx_word' id='word_1_437' title='bbox 2939 3115 3022 3171; x_wconf 90' lang='lat' dir='ltr'>eis</span> <span class='ocrx_word' id='word_1_438' title='bbox 3050 3133 3175 3188; x_wconf 71' lang='lat' dir='ltr'>qua:</span> <span class='ocrx_word' id='word_1_439' title='bbox 3213 3115 3369 3173; x_wconf 90' lang='lat' dir='ltr'>aliud</span> <span class='ocrx_word' id='word_1_440' title='bbox 3393 3135 3583 3190; x_wconf 85' lang='lat' dir='ltr'>genus</span> 
     </span>
    </p>
   </div>
   <div class='ocr_carea' id='block_1_61' title="bbox 1946 3202 3588 3273">
    <p class='ocr_par' dir='ltr' id='par_1_61' title="bbox 1946 3202 3588 3273">
     <span class='ocr_line' id='line_1_63' title="bbox 1946 3202 3588 3273; baseline 0.004 -16"><span class='ocrx_word' id='word_1_441' title='bbox 1946 3220 2069 3258; x_wconf 91' lang='lat' dir='ltr'>sem</span> <span class='ocrx_word' id='word_1_442' title='bbox 2102 3203 2274 3257; x_wconf 88' lang='lat' dir='ltr'>aliam</span> <span class='ocrx_word' id='word_1_443' title='bbox 2310 3203 2560 3273; x_wconf 90' lang='lat' dir='ltr'>speciem</span> <span class='ocrx_word' id='word_1_444' title='bbox 2585 3202 2822 3268; x_wconf 90' lang='lat' dir='ltr'>habent,</span> <span class='ocrx_word' id='word_1_445' title='bbox 2867 3204 3194 3259; x_wconf 87' lang='lat' dir='ltr'>adulterata</span> <span class='ocrx_word' id='word_1_446' title='bbox 3224 3214 3279 3260; x_wconf 92' lang='lat' dir='ltr'>et</span> <span class='ocrx_word' id='word_1_447' title='bbox 3309 3223 3442 3261; x_wconf 92' lang='lat' dir='ltr'>cum</span> <span class='ocrx_word' id='word_1_448' title='bbox 3501 3208 3588 3264; x_wconf 85' lang='lat' dir='ltr'>eis</span> 
     </span>
    </p>
   </div>
   <div class='ocr_carea' id='block_1_62' title="bbox 186 3281 1827 3375">
    <p class='ocr_par' dir='ltr' id='par_1_62' title="bbox 186 3281 1827 3375">
     <span class='ocr_line' id='line_1_64' title="bbox 186 3281 1827 3375; baseline 0 -23"><span class='ocrx_word' id='word_1_449' title='bbox 186 3299 349 3367; x_wconf 85' lang='grc' dir='ltr'>ἧττον</span> <span class='ocrx_word' id='word_1_450' title='bbox 399 3281 666 3368; x_wconf 71' lang='grc' dir='ltr'>ἀλληλων</span> <span class='ocrx_word' id='word_1_451' title='bbox 718 3281 1062 3375; x_wconf 58' lang='grc' dir='ltr'>μετείληφενέ</span> <span class='ocrx_word' id='word_1_452' title='bbox 1124 3281 1264 3351; x_wconf 69' lang='grc' dir='ltr'>ὥστε</span> <span class='ocrx_word' id='word_1_453' title='bbox 1320 3299 1457 3352; x_wconf 74' lang='grc' dir='ltr'>κατὰ</span> <span class='ocrx_word' id='word_1_454' title='bbox 1504 3281 1565 3351; x_wconf 79' lang='grc' dir='ltr'>τὸ</span> <span class='ocrx_word' id='word_1_455' title='bbox 1618 3297 1827 3374; x_wconf 83' lang='grc' dir='ltr'>ἐπικρα-</span> 
     </span>
    </p>
   </div>
   <div class='ocr_carea' id='block_1_63' title="bbox 1944 3281 3587 3375">
    <p class='ocr_par' dir='ltr' id='par_1_63' title="bbox 1948 3291 3587 3364">
     <span class='ocr_line' id='line_1_65' title="bbox 1948 3291 3587 3364; baseline 0.003 -18"><span class='ocrx_word' id='word_1_456' title='bbox 1948 3291 2226 3363; x_wconf 89' lang='lat' dir='ltr'>permista</span> <span class='ocrx_word' id='word_1_457' title='bbox 2255 3297 2415 3361; x_wconf 80' lang='lat' dir='ltr'>sunt,</span> <span class='ocrx_word' id='word_1_458' title='bbox 2441 3295 2498 3345; x_wconf 88' lang='lat' dir='ltr'>et</span> <span class='ocrx_word' id='word_1_459' title='bbox 2527 3307 2588 3346; x_wconf 88' lang='lat' dir='ltr'>se</span> <span class='ocrx_word' id='word_1_460' title='bbox 2635 3291 2777 3362; x_wconf 89' lang='lat' dir='ltr'>ipsis</span> <span class='ocrx_word' id='word_1_461' title='bbox 2805 3291 3048 3348; x_wconf 88' lang='lat' dir='ltr'>invicem</span> <span class='ocrx_word' id='word_1_462' title='bbox 3081 3293 3267 3364; x_wconf 90' lang='lat' dir='ltr'>magis</span> <span class='ocrx_word' id='word_1_463' title='bbox 3326 3301 3427 3350; x_wconf 90' lang='lat' dir='ltr'>aut</span> <span class='ocrx_word' id='word_1_464' title='bbox 3478 3296 3587 3350; x_wconf 91' lang='lat' dir='ltr'>mi-</span> 
     </span>
    </p>
   </div>
   <div class='ocr_carea' id='block_1_64' title="bbox 185 3382 1838 3461">
    <p class='ocr_par' dir='ltr' id='par_1_64' title="bbox 185 3382 1838 3461">
     <span class='ocr_line' id='line_1_66' title="bbox 185 3382 1838 3461; baseline -0.001 -19"><span class='ocrx_word' id='word_1_465' title='bbox 185 3390 310 3442; x_wconf 84' lang='grc' dir='ltr'>τοῦν</span> <span class='ocrx_word' id='word_1_466' title='bbox 339 3386 402 3440; x_wconf 89' lang='grc' dir='ltr'>τὸ</span> <span class='ocrx_word' id='word_1_467' title='bbox 437 3385 531 3458; x_wconf 74' lang='grc' dir='ltr'>μὲν</span> <span class='ocrx_word' id='word_1_468' title='bbox 565 3389 672 3461; x_wconf 82' lang='grc' dir='ltr'>πῦρ</span> <span class='ocrx_word' id='word_1_469' title='bbox 721 3384 1096 3459; x_wconf 75' lang='grc' dir='ltr'>ὀνομάζεσθαι,</span> <span class='ocrx_word' id='word_1_470' title='bbox 1123 3385 1184 3440; x_wconf 91' lang='grc' dir='ltr'>τὸ</span> <span class='ocrx_word' id='word_1_471' title='bbox 1232 3382 1278 3438; x_wconf 86' lang='grc' dir='ltr'>δ’</span> <span class='ocrx_word' id='word_1_472' title='bbox 1310 3382 1477 3460; x_wconf 54' lang='grc' dir='ltr'>ὕδωρ</span> <span class='ocrx_word' id='word_1_473' title='bbox 1522 3387 1610 3440; x_wconf 85' lang='grc' dir='ltr'>καὶ</span> <span class='ocrx_word' id='word_1_474' title='bbox 1646 3387 1708 3440; x_wconf 87' lang='grc' dir='ltr'>τὸ</span> <span class='ocrx_word' id='word_1_475' title='bbox 1745 3387 1838 3460; x_wconf 72' lang='grc' dir='ltr'>μὲν</span> 
     </span>
    </p>
   </div>
   <div class='ocr_carea' id='block_1_65' title="bbox 187 3471 670 3551">
    <p class='ocr_par' dir='ltr' id='par_1_65' title="bbox 187 3471 670 3551">
     <span class='ocr_line' id='line_1_67' title="bbox 187 3471 670 3551; baseline 0 -21"><span class='ocrx_word' id='word_1_476' title='bbox 187 3475 340 3551; x_wconf 85' lang='grc' dir='ltr'>ἀέρα,</span> <span class='ocrx_word' id='word_1_477' title='bbox 367 3474 432 3530; x_wconf 89' lang='grc' dir='ltr'>τὸ</span> <span class='ocrx_word' id='word_1_478' title='bbox 462 3471 520 3529; x_wconf 77' lang='grc' dir='ltr'>δὲ</span> <span class='ocrx_word' id='word_1_479' title='bbox 548 3475 670 3550; x_wconf 76' lang='grc' dir='ltr'>γῆν.</span> 
     </span>
    </p>
   </div>
   <div class='ocr_carea' id='block_1_66' title="bbox 258 3649 1837 3727">
    <p class='ocr_par' dir='ltr' id='par_1_66' title="bbox 258 3649 1837 3727">
     <span class='ocr_line' id='line_1_68' title="bbox 258 3649 1837 3727; baseline -0.001 -20"><span class='ocrx_word' id='word_1_480' title='bbox 258 3655 356 3708; x_wconf 87' lang='grc' dir='ltr'>κθ’.</span> <span class='ocrx_word' id='word_1_481' title='bbox 386 3657 556 3707; x_wconf 80' lang='grc' dir='ltr'>Τοῦτο</span> <span class='ocrx_word' id='word_1_482' title='bbox 611 3649 657 3706; x_wconf 82' lang='grc' dir='ltr'>δ’</span> <span class='ocrx_word' id='word_1_483' title='bbox 705 3650 1022 3727; x_wconf 77' lang='grc' dir='ltr'>ὑπαγορεύει</span> <span class='ocrx_word' id='word_1_484' title='bbox 1069 3650 1158 3706; x_wconf 83' lang='grc' dir='ltr'>καὶ</span> <span class='ocrx_word' id='word_1_485' title='bbox 1209 3649 1340 3721; x_wconf 73' lang='grc' dir='ltr'>αὕτη</span> <span class='ocrx_word' id='word_1_486' title='bbox 1375 3654 1411 3720; x_wconf 83' lang='grc' dir='ltr'>ἡ</span> <span class='ocrx_word' id='word_1_487' title='bbox 1459 3649 1724 3721; x_wconf 62' lang='grc' dir='ltr'>αἳσθησις.</span> <span class='ocrx_word' id='word_1_488' title='bbox 1775 3653 1837 3706; x_wconf 72' lang='grc' dir='ltr'><strong>Ἠ</strong></span> 
     </span>
    </p>
   </div>
   <div class='ocr_carea' id='block_1_67' title="bbox 188 3738 1836 3818">
    <p class='ocr_par' dir='ltr' id='par_1_67' title="bbox 188 3738 1836 3818">
     <span class='ocr_line' id='line_1_69' title="bbox 188 3738 1836 3818; baseline -0.002 -22"><span class='ocrx_word' id='word_1_489' title='bbox 188 3743 292 3818; x_wconf 71' lang='grc' dir='ltr'>γὰρ</span> <span class='ocrx_word' id='word_1_490' title='bbox 349 3749 420 3816; x_wconf 84' lang='grc' dir='ltr'>γῆ</span> <span class='ocrx_word' id='word_1_491' title='bbox 482 3741 763 3816; x_wconf 76' lang='grc' dir='ltr'>συνέχεται</span> <span class='ocrx_word' id='word_1_492' title='bbox 822 3741 916 3812; x_wconf 75' lang='grc' dir='ltr'>μὲν</span> <span class='ocrx_word' id='word_1_493' title='bbox 965 3739 1054 3794; x_wconf 89' lang='grc' dir='ltr'>καὶ</span> <span class='ocrx_word' id='word_1_494' title='bbox 1115 3738 1181 3792; x_wconf 81' lang='grc' dir='ltr'>οὐ</span> <span class='ocrx_word' id='word_1_495' title='bbox 1260 3738 1709 3815; x_wconf 72' lang='grc' dir='ltr'>κατατέθραυπαι</span> <span class='ocrx_word' id='word_1_496' title='bbox 1767 3742 1836 3806; x_wconf 77' lang='grc' dir='ltr'>τῆ</span> 
     </span>
    </p>
   </div>
   <div class='ocr_carea' id='block_1_68' title="bbox 187 3825 1836 3903">
    <p class='ocr_par' dir='ltr' id='par_1_68' title="bbox 187 3825 1836 3903">
     <span class='ocr_line' id='line_1_70' title="bbox 187 3825 1836 3903; baseline -0.001 -19"><span class='ocrx_word' id='word_1_497' title='bbox 187 3827 482 3903; x_wconf 80' lang='grc' dir='ltr'>συμπλοκῇ</span> <span class='ocrx_word' id='word_1_498' title='bbox 511 3833 608 3884; x_wconf 77' lang='grc' dir='ltr'>τοῦ</span> <span class='ocrx_word' id='word_1_499' title='bbox 656 3825 849 3890; x_wconf 79' lang='grc' dir='ltr'>ὕδατος</span> <span class='ocrx_word' id='word_1_500' title='bbox 881 3827 1046 3882; x_wconf 76' lang='grc' dir='ltr'>οἱονεί</span> <span class='ocrx_word' id='word_1_501' title='bbox 1085 3849 1188 3882; x_wconf 90' lang='grc' dir='ltr'>τινι</span> <span class='ocrx_word' id='word_1_502' title='bbox 1236 3826 1414 3901; x_wconf 80' lang='grc' dir='ltr'>κόλλῃ</span> <span class='ocrx_word' id='word_1_503' title='bbox 1462 3825 1836 3900; x_wconf 79' lang='grc' dir='ltr'>συνδεδεμένη.</span> 
     </span>
    </p>
   </div>
   <div class='ocr_carea' id='block_1_69' title="bbox 187 3915 1838 3994">
    <p class='ocr_par' dir='ltr' id='par_1_69' title="bbox 187 3915 1838 3994">
     <span class='ocr_line' id='line_1_71' title="bbox 187 3915 1838 3994; baseline -0.001 -21"><span class='ocrx_word' id='word_1_504' title='bbox 187 3917 505 3994; x_wconf 84' lang='grc' dir='ltr'>Κέχρωσται</span> <span class='ocrx_word' id='word_1_505' title='bbox 582 3915 639 3971; x_wconf 71' lang='grc' dir='ltr'>δὲ</span> <span class='ocrx_word' id='word_1_506' title='bbox 695 3917 784 3972; x_wconf 84' lang='grc' dir='ltr'>καὶ</span> <span class='ocrx_word' id='word_1_507' title='bbox 842 3915 1248 3990; x_wconf 75' lang='grc' dir='ltr'>ἀνεζωπύρηται</span> <span class='ocrx_word' id='word_1_508' title='bbox 1313 3920 1394 3987; x_wconf 80' lang='grc' dir='ltr'>τῷ</span> <span class='ocrx_word' id='word_1_509' title='bbox 1461 3917 1636 3991; x_wconf 85' lang='grc' dir='ltr'>πυρί·</span> <span class='ocrx_word' id='word_1_510' title='bbox 1697 3915 1838 3986; x_wconf 71' lang='grc' dir='ltr'>πλήο</span> 
     </span>
    </p>
   </div>
   <div class='ocr_carea' id='block_1_70' title="bbox 188 4001 1836 4082">
    <p class='ocr_par' dir='ltr' id='par_1_70' title="bbox 188 4001 1836 4082">
     <span class='ocr_line' id='line_1_72' title="bbox 188 4001 1836 4082; baseline -0.002 -21"><span class='ocrx_word' id='word_1_511' title='bbox 188 4027 290 4082; x_wconf 88' lang='grc' dir='ltr'>ρης</span> <span class='ocrx_word' id='word_1_512' title='bbox 341 4004 397 4061; x_wconf 81' lang='grc' dir='ltr'>’δέ</span> <span class='ocrx_word' id='word_1_513' title='bbox 443 4005 582 4060; x_wconf 82' lang='grc' dir='ltr'>ἐστιν</span> <span class='ocrx_word' id='word_1_514' title='bbox 631 4005 713 4059; x_wconf 82' lang='grc' dir='ltr'>ἀεὶ</span> <span class='ocrx_word' id='word_1_515' title='bbox 762 4009 840 4076; x_wconf 81' lang='grc' dir='ltr'>τῷ</span> <span class='ocrx_word' id='word_1_516' title='bbox 869 4009 1010 4076; x_wconf 86' lang='grc' dir='ltr'>κενῷ</span> <span class='ocrx_word' id='word_1_517' title='bbox 1065 4005 1252 4080; x_wconf 84' lang='grc' dir='ltr'>χώραν</span> <span class='ocrx_word' id='word_1_518' title='bbox 1311 4005 1386 4076; x_wconf 78' lang='grc' dir='ltr'>μή</span> <span class='ocrx_word' id='word_1_519' title='bbox 1450 4001 1693 4072; x_wconf 77' lang='grc' dir='ltr'>διδοῦσα,</span> <span class='ocrx_word' id='word_1_520' title='bbox 1741 4003 1836 4059; x_wconf 71' lang='grc' dir='ltr'>κᾶν</span> 
     </span>
    </p>
   </div>
   <div class='ocr_carea' id='block_1_71' title="bbox 189 4089 1838 4172">
    <p class='ocr_par' dir='ltr' id='par_1_71' title="bbox 189 4089 1838 4172">
     <span class='ocr_line' id='line_1_73' title="bbox 189 4089 1838 4172; baseline -0.001 -24"><span class='ocrx_word' id='word_1_521' title='bbox 189 4093 428 4172; x_wconf 73' lang='grc' dir='ltr'>ἀποῤῥέῃ</span> <span class='ocrx_word' id='word_1_522' title='bbox 487 4092 576 4147; x_wconf 75' lang='grc' dir='ltr'>διὰ</span> <span class='ocrx_word' id='word_1_523' title='bbox 631 4095 728 4161; x_wconf 77' lang='grc' dir='ltr'>τὴν</span> <span class='ocrx_word' id='word_1_524' title='bbox 789 4097 885 4147; x_wconf 77' lang='grc' dir='ltr'>τοῦ</span> <span class='ocrx_word' id='word_1_525' title='bbox 944 4093 1100 4167; x_wconf 85' lang='grc' dir='ltr'>ἀέρος</span> <span class='ocrx_word' id='word_1_526' title='bbox 1157 4089 1499 4167; x_wconf 75' lang='grc' dir='ltr'>παρείσδυσιν</span> <span class='ocrx_word' id='word_1_527' title='bbox 1534 4133 1546 4146; x_wconf 89' lang='grc'>.</span> <span class='ocrx_word' id='word_1_528' title='bbox 1608 4092 1699 4146; x_wconf 89' lang='grc' dir='ltr'>Διὸ</span> <span class='ocrx_word' id='word_1_529' title='bbox 1749 4093 1838 4146; x_wconf 84' lang='grc' dir='ltr'>καὶ</span> 
     </span>
    </p>
   </div>
   <div class='ocr_carea' id='block_1_72' title="bbox 185 4176 1832 4256">
    <p class='ocr_par' dir='ltr' id='par_1_72' title="bbox 185 4176 1832 4256">
     <span class='ocr_line' id='line_1_74' title="bbox 185 4176 1832 4256; baseline -0.002 -19"><span class='ocrx_word' id='word_1_530' title='bbox 185 4179 407 4252; x_wconf 70' lang='grc' dir='ltr'>ἕστηκεν</span> <span class='ocrx_word' id='word_1_531' title='bbox 461 4176 641 4256; x_wconf 75' lang='grc' dir='ltr'>ὄρθιος</span> <span class='ocrx_word' id='word_1_532' title='bbox 694 4179 782 4236; x_wconf 78' lang='grc' dir='ltr'>καὶ</span> <span class='ocrx_word' id='word_1_533' title='bbox 833 4179 1081 4255; x_wconf 85' lang='grc' dir='ltr'>ἀνέχεται</span> <span class='ocrx_word' id='word_1_534' title='bbox 1116 4180 1190 4252; x_wconf 75' lang='grc' dir='ltr'>μὴ</span> <span class='ocrx_word' id='word_1_535' title='bbox 1223 4185 1557 4237; x_wconf 85' lang='grc' dir='ltr'>πεπτωκυῖα.</span> <span class='ocrx_word' id='word_1_536' title='bbox 1590 4179 1743 4234; x_wconf 75' lang='grc' dir='ltr'>Οὕτω</span> <span class='ocrx_word' id='word_1_537' title='bbox 1775 4177 1832 4234; x_wconf 75' lang='grc' dir='ltr'>δὲ</span> 
     </span>
    </p>
   </div>
   <div class='ocr_carea' id='block_1_73' title="bbox 186 4265 1384 4344">
    <p class='ocr_par' dir='ltr' id='par_1_73' title="bbox 186 4265 1384 4344">
     <span class='ocr_line' id='line_1_75' title="bbox 186 4265 1384 4344; baseline -0.002 -18"><span class='ocrx_word' id='word_1_538' title='bbox 186 4271 317 4327; x_wconf 79' lang='grc' dir='ltr'>κάπὶ</span> <span class='ocrx_word' id='word_1_539' title='bbox 347 4275 454 4326; x_wconf 83' lang='grc' dir='ltr'>τῶν</span> <span class='ocrx_word' id='word_1_540' title='bbox 488 4267 673 4325; x_wconf 81' lang='grc' dir='ltr'>ἄλλων</span> <span class='ocrx_word' id='word_1_541' title='bbox 704 4269 990 4344; x_wconf 75' lang='grc' dir='ltr'>στοιχείων</span> <span class='ocrx_word' id='word_1_542' title='bbox 1025 4265 1163 4323; x_wconf 81' lang='grc' dir='ltr'>ἔστιν</span> <span class='ocrx_word' id='word_1_543' title='bbox 1194 4269 1384 4344; x_wconf 78' lang='grc' dir='ltr'>εὑρεῖν.</span> 
     </span>
    </p>
   </div>
   <div class='ocr_carea' id='block_1_74' title="bbox 262 4353 1836 4435">
    <p class='ocr_par' dir='ltr' id='par_1_74' title="bbox 262 4353 1836 4435">
     <span class='ocr_line' id='line_1_76' title="bbox 262 4353 1836 4435; baseline -0.002 -20"><span class='ocrx_word' id='word_1_544' title='bbox 262 4360 328 4415; x_wconf 90' lang='grc' dir='ltr'>λ’.</span> <span class='ocrx_word' id='word_1_545' title='bbox 388 4357 567 4415; x_wconf 83' lang='grc' dir='ltr'>Ἀλλᾶ</span> <span class='ocrx_word' id='word_1_546' title='bbox 620 4357 712 4413; x_wconf 81' lang='grc' dir='ltr'>καὶ</span> <span class='ocrx_word' id='word_1_547' title='bbox 769 4357 860 4412; x_wconf 80' lang='grc' dir='ltr'>ἀπ’</span> <span class='ocrx_word' id='word_1_548' title='bbox 916 4356 1080 4425; x_wconf 71' lang='grc' dir='ltr'>αὐτῆς</span> <span class='ocrx_word' id='word_1_549' title='bbox 1134 4363 1235 4427; x_wconf 80' lang='grc' dir='ltr'>τῆς</span> <span class='ocrx_word' id='word_1_550' title='bbox 1290 4353 1680 4433; x_wconf 79' lang='grc' dir='ltr'>στοιχειώδους</span> <span class='ocrx_word' id='word_1_551' title='bbox 1737 4357 1836 4435; x_wconf 79' lang='grc' dir='ltr'>φύ-</span> 
     </span>
    </p>
   </div>
   <div class='ocr_carea' id='block_1_75' title="bbox 189 4445 1835 4522">
    <p class='ocr_par' dir='ltr' id='par_1_75' title="bbox 189 4445 1835 4522">
     <span class='ocr_line' id='line_1_77' title="bbox 189 4445 1835 4522; baseline -0.001 -20"><span class='ocrx_word' id='word_1_552' title='bbox 189 4469 326 4510; x_wconf 90' lang='grc' dir='ltr'>σεως</span> <span class='ocrx_word' id='word_1_553' title='bbox 385 4445 496 4502; x_wconf 78' lang='grc' dir='ltr'>ἔστι</span> <span class='ocrx_word' id='word_1_554' title='bbox 554 4447 616 4502; x_wconf 89' lang='grc' dir='ltr'>τὸ</span> <span class='ocrx_word' id='word_1_555' title='bbox 672 4445 968 4522; x_wconf 89' lang='grc' dir='ltr'>λεγόμενον</span> <span class='ocrx_word' id='word_1_556' title='bbox 1021 4446 1369 4514; x_wconf 69' lang='grc' dir='ltr'>κατανοῆσαι.</span> <span class='ocrx_word' id='word_1_557' title='bbox 1419 4445 1493 4498; x_wconf 82' lang='grc' dir='ltr'>Τὰ</span> <span class='ocrx_word' id='word_1_558' title='bbox 1538 4447 1639 4521; x_wconf 80' lang='grc' dir='ltr'>γὰρ</span> <span class='ocrx_word' id='word_1_559' title='bbox 1691 4467 1835 4500; x_wconf 88' lang='grc' dir='ltr'>στοι-</span> 
     </span>
    </p>
   </div>
   <div class='ocr_carea' id='block_1_76' title="bbox 189 4531 1834 4612">
    <p class='ocr_par' dir='ltr' id='par_1_76' title="bbox 189 4531 1834 4612">
     <span class='ocr_line' id='line_1_78' title="bbox 189 4531 1834 4612; baseline -0.002 -21"><span class='ocrx_word' id='word_1_560' title='bbox 189 4541 336 4612; x_wconf 72' lang='grc' dir='ltr'>χεῖα,</span> <span class='ocrx_word' id='word_1_561' title='bbox 383 4537 516 4600; x_wconf 85' lang='grc' dir='ltr'>καθὸ</span> <span class='ocrx_word' id='word_1_562' title='bbox 569 4540 832 4611; x_wconf 82' lang='grc' dir='ltr'>στοιχεῖα,</span> <span class='ocrx_word' id='word_1_563' title='bbox 882 4535 1001 4598; x_wconf 86' lang='grc' dir='ltr'>καθ’</span> <span class='ocrx_word' id='word_1_564' title='bbox 1045 4533 1178 4588; x_wconf 78' lang='grc' dir='ltr'>αὐτὰ</span> <span class='ocrx_word' id='word_1_565' title='bbox 1221 4535 1313 4606; x_wconf 74' lang='grc' dir='ltr'>μὲν</span> <span class='ocrx_word' id='word_1_566' title='bbox 1361 4531 1605 4604; x_wconf 70' lang='grc' dir='ltr'>οὐδαμοῦ</span> <span class='ocrx_word' id='word_1_567' title='bbox 1655 4533 1794 4588; x_wconf 82' lang='grc' dir='ltr'>ἐστιν</span> <span class='ocrx_word' id='word_1_568' title='bbox 1822 4551 1834 4564; x_wconf 83' lang='grc'>⁶</span> 
     </span>
    </p>
   </div>
   <div class='ocr_carea' id='block_1_77' title="bbox 1947 3378 3587 3453">
    <p class='ocr_par' dir='ltr' id='par_1_77' title="bbox 1947 3378 3587 3453">
     <span class='ocr_line' id='line_1_79' title="bbox 1947 3378 3587 3453; baseline 0.003 -19"><span class='ocrx_word' id='word_1_569' title='bbox 1947 3397 2058 3434; x_wconf 91' lang='lat' dir='ltr'>nus</span> <span class='ocrx_word' id='word_1_570' title='bbox 2081 3378 2533 3448; x_wconf 81' lang='lat' dir='ltr'>communicant,</span> <span class='ocrx_word' id='word_1_571' title='bbox 2572 3384 2636 3433; x_wconf 90' lang='lat' dir='ltr'>ut</span> <span class='ocrx_word' id='word_1_572' title='bbox 2667 3381 2795 3450; x_wconf 87' lang='lat' dir='ltr'>ejus</span> <span class='ocrx_word' id='word_1_573' title='bbox 2843 3381 3032 3452; x_wconf 87' lang='lat' dir='ltr'>gratia</span> <span class='ocrx_word' id='word_1_574' title='bbox 3063 3383 3215 3451; x_wconf 92' lang='lat' dir='ltr'>quod</span> <span class='ocrx_word' id='word_1_575' title='bbox 3277 3385 3587 3453; x_wconf 72' lang='grc' dir='ltr'>ρι’ωάοωί-</span> 
     </span>
    </p>
   </div>
   <div class='ocr_carea' id='block_1_78' title="bbox 1945 3467 3583 3540">
    <p class='ocr_par' dir='ltr' id='par_1_78' title="bbox 1945 3467 3583 3540">
     <span class='ocr_line' id='line_1_80' title="bbox 1945 3467 3583 3540; baseline 0.005 -18"><span class='ocrx_word' id='word_1_576' title='bbox 1945 3473 2118 3522; x_wconf 91' lang='lat' dir='ltr'>natur</span> <span class='ocrx_word' id='word_1_577' title='bbox 2139 3467 2294 3523; x_wconf 89' lang='lat' dir='ltr'>aliud</span> <span class='ocrx_word' id='word_1_578' title='bbox 2324 3467 2498 3538; x_wconf 86' lang='lat' dir='ltr'>ignis,</span> <span class='ocrx_word' id='word_1_579' title='bbox 2530 3467 2689 3522; x_wconf 90' lang='lat' dir='ltr'>aliud</span> <span class='ocrx_word' id='word_1_580' title='bbox 2713 3468 3052 3540; x_wconf 89' lang='lat' dir='ltr'>aqua,aliud</span> <span class='ocrx_word' id='word_1_581' title='bbox 3083 3487 3199 3539; x_wconf 89' lang='lat' dir='ltr'>aer,</span> <span class='ocrx_word' id='word_1_582' title='bbox 3235 3471 3395 3528; x_wconf 88' lang='lat' dir='ltr'>aliud</span> <span class='ocrx_word' id='word_1_583' title='bbox 3429 3479 3583 3530; x_wconf 89' lang='lat' dir='ltr'>terra</span> 
     </span>
    </p>
   </div>
   <div class='ocr_carea' id='block_1_79' title="bbox 1945 3560 2333 3627">
    <p class='ocr_par' dir='ltr' id='par_1_79' title="bbox 1945 3560 2333 3627">
     <span class='ocr_line' id='line_1_81' title="bbox 1945 3560 2333 3627; baseline -0.005 -16"><span class='ocrx_word' id='word_1_584' title='bbox 1945 3560 2333 3627; x_wconf 90' lang='lat' dir='ltr'>nuncupetur.</span> 
     </span>
    </p>
   </div>
   <div class='ocr_carea' id='block_1_80' title="bbox 2015 3644 3586 3716">
    <p class='ocr_par' dir='ltr' id='par_1_80' title="bbox 2015 3644 3586 3716">
     <span class='ocr_line' id='line_1_82' title="bbox 2015 3644 3586 3716; baseline 0.004 -18"><span class='ocrx_word' id='word_1_585' title='bbox 2015 3647 2103 3698; x_wconf 85' lang='lat'>29.</span> <span class='ocrx_word' id='word_1_586' title='bbox 2140 3645 2197 3698; x_wconf 91' lang='lat' dir='ltr'>Id</span> <span class='ocrx_word' id='word_1_587' title='bbox 2233 3644 2384 3715; x_wconf 90' lang='lat' dir='ltr'>quod</span> <span class='ocrx_word' id='word_1_588' title='bbox 2418 3645 2562 3698; x_wconf 76' lang='grc'>141</span> <span class='ocrx_word' id='word_1_589' title='bbox 2600 3644 2776 3698; x_wconf 84' lang='lat' dir='ltr'>etiam</span> <span class='ocrx_word' id='word_1_590' title='bbox 2811 3645 2935 3716; x_wconf 91' lang='lat' dir='ltr'>ipse</span> <span class='ocrx_word' id='word_1_591' title='bbox 2965 3663 3174 3702; x_wconf 89' lang='lat' dir='ltr'>sensus</span> <span class='ocrx_word' id='word_1_592' title='bbox 3228 3648 3586 3711; x_wconf 88' lang='lat' dir='ltr'>subindicat.</span> 
     </span>
    </p>
   </div>
   <div class='ocr_carea' id='block_1_81' title="bbox 1947 3732 3589 3810">
    <p class='ocr_par' dir='ltr' id='par_1_81' title="bbox 1947 3732 3589 3810">
     <span class='ocr_line' id='line_1_83' title="bbox 1947 3732 3589 3810; baseline 0.004 -22"><span class='ocrx_word' id='word_1_593' title='bbox 1947 3734 2124 3788; x_wconf 88' lang='lat' dir='ltr'>Terra</span> <span class='ocrx_word' id='word_1_594' title='bbox 2135 3732 2289 3786; x_wconf 89' lang='lat' dir='ltr'>enim</span> <span class='ocrx_word' id='word_1_595' title='bbox 2308 3748 2408 3803; x_wconf 91' lang='lat' dir='ltr'>per</span> <span class='ocrx_word' id='word_1_596' title='bbox 2429 3749 2623 3802; x_wconf 73' lang='lat' dir='ltr'>aequa:</span> <span class='ocrx_word' id='word_1_597' title='bbox 2637 3735 3002 3803; x_wconf 88' lang='lat' dir='ltr'>complexum</span> <span class='ocrx_word' id='word_1_598' title='bbox 3017 3735 3193 3790; x_wconf 89' lang='lat' dir='ltr'>veluti</span> <span class='ocrx_word' id='word_1_599' title='bbox 3209 3737 3430 3809; x_wconf 91' lang='lat' dir='ltr'>glutine</span> <span class='ocrx_word' id='word_1_600' title='bbox 3447 3755 3589 3810; x_wconf 87' lang='lat' dir='ltr'>quo-</span> 
     </span>
    </p>
   </div>
   <div class='ocr_carea' id='block_1_82' title="bbox 1947 3820 3591 3897">
    <p class='ocr_par' dir='ltr' id='par_1_82' title="bbox 1947 3820 3591 3897">
     <span class='ocr_line' id='line_1_84' title="bbox 1947 3820 3591 3897; baseline 0.002 -20"><span class='ocrx_word' id='word_1_601' title='bbox 1947 3823 2080 3877; x_wconf 87' lang='lat' dir='ltr'>dam</span> <span class='ocrx_word' id='word_1_602' title='bbox 2116 3821 2380 3875; x_wconf 88' lang='lat' dir='ltr'>devincta</span> <span class='ocrx_word' id='word_1_603' title='bbox 2409 3820 2743 3874; x_wconf 89' lang='lat' dir='ltr'>continetur</span> <span class='ocrx_word' id='word_1_604' title='bbox 2779 3827 2836 3875; x_wconf 95' lang='lat' dir='ltr'>et</span> <span class='ocrx_word' id='word_1_605' title='bbox 2894 3839 3008 3877; x_wconf 91' lang='lat' dir='ltr'>non</span> <span class='ocrx_word' id='word_1_606' title='bbox 3037 3824 3302 3879; x_wconf 85' lang='lat' dir='ltr'>confrata</span> <span class='ocrx_word' id='word_1_607' title='bbox 3331 3830 3454 3893; x_wconf 89' lang='lat' dir='ltr'>est;</span> <span class='ocrx_word' id='word_1_608' title='bbox 3491 3843 3591 3897; x_wconf 87' lang='lat' dir='ltr'>per</span> 
     </span>
    </p>
   </div>
   <div class='ocr_carea' id='block_1_83' title="bbox 1947 3908 3585 3982">
    <p class='ocr_par' dir='ltr' id='par_1_83' title="bbox 1947 3908 3585 3982">
     <span class='ocr_line' id='line_1_85' title="bbox 1947 3908 3585 3982; baseline 0.002 -18"><span class='ocrx_word' id='word_1_609' title='bbox 1947 3910 2139 3982; x_wconf 90' lang='lat' dir='ltr'>ignem</span> <span class='ocrx_word' id='word_1_610' title='bbox 2157 3908 2570 3963; x_wconf 85' lang='lat' dir='ltr'>coloreinfecta</span> <span class='ocrx_word' id='word_1_611' title='bbox 2583 3909 3061 3978; x_wconf 86' lang='lat' dir='ltr'>etsuscitataest;</span> <span class='ocrx_word' id='word_1_612' title='bbox 3080 3910 3401 3982; x_wconf 88' lang='lat' dir='ltr'>plenaitem</span> <span class='ocrx_word' id='word_1_613' title='bbox 3431 3929 3585 3968; x_wconf 78' lang='lat' dir='ltr'>sem-</span> 
     </span>
    </p>
   </div>
   <div class='ocr_carea' id='block_1_84' title="bbox 1951 3997 3590 4072">
    <p class='ocr_par' dir='ltr' id='par_1_84' title="bbox 1951 3997 3590 4072">
     <span class='ocr_line' id='line_1_86' title="bbox 1951 3997 3590 4072; baseline 0.002 -19"><span class='ocrx_word' id='word_1_614' title='bbox 1951 3997 2548 4070; x_wconf 89' lang='lat' dir='ltr'>perestlocumvacuo</span> <span class='ocrx_word' id='word_1_615' title='bbox 2581 4014 2692 4051; x_wconf 92' lang='lat' dir='ltr'>non</span> <span class='ocrx_word' id='word_1_616' title='bbox 2719 3999 3065 4066; x_wconf 89' lang='lat' dir='ltr'>concedens,</span> <span class='ocrx_word' id='word_1_617' title='bbox 3088 4001 3321 4054; x_wconf 88' lang='lat' dir='ltr'>tametsi</span> <span class='ocrx_word' id='word_1_618' title='bbox 3358 4010 3590 4072; x_wconf 89' lang='lat' dir='ltr'>propter</span> 
     </span>
    </p>
   </div>
   <div class='ocr_carea' id='block_1_85' title="bbox 1949 4084 3582 4155">
    <p class='ocr_par' dir='ltr' id='par_1_85' title="bbox 1949 4084 3582 4155">
     <span class='ocr_line' id='line_1_87' title="bbox 1949 4084 3582 4155; baseline 0.002 -15"><span class='ocrx_word' id='word_1_619' title='bbox 1949 4087 2098 4141; x_wconf 87' lang='lat' dir='ltr'>aeris</span> <span class='ocrx_word' id='word_1_620' title='bbox 2121 4084 2659 4155; x_wconf 86' lang='lat' dir='ltr'>subingressionem</span> <span class='ocrx_word' id='word_1_621' title='bbox 2693 4086 2938 4140; x_wconf 77' lang='lat' dir='ltr'>diffluat.</span> <span class='ocrx_word' id='word_1_622' title='bbox 2969 4087 3092 4150; x_wconf 89' lang='lat' dir='ltr'>Qua</span> <span class='ocrx_word' id='word_1_623' title='bbox 3111 4089 3180 4141; x_wconf 92' lang='lat' dir='ltr'>de</span> <span class='ocrx_word' id='word_1_624' title='bbox 3211 4105 3388 4142; x_wconf 86' lang='lat' dir='ltr'>causa</span> <span class='ocrx_word' id='word_1_625' title='bbox 3408 4090 3582 4144; x_wconf 90' lang='lat' dir='ltr'>etiam</span> 
     </span>
    </p>
   </div>
   <div class='ocr_carea' id='block_1_86' title="bbox 1951 4174 3587 4245">
    <p class='ocr_par' dir='ltr' id='par_1_86' title="bbox 1951 4174 3587 4245">
     <span class='ocr_line' id='line_1_88' title="bbox 1951 4174 3587 4245; baseline 0.001 -17"><span class='ocrx_word' id='word_1_626' title='bbox 1951 4179 2140 4228; x_wconf 87' lang='lat' dir='ltr'>erecta</span> <span class='ocrx_word' id='word_1_627' title='bbox 2170 4178 2284 4228; x_wconf 91' lang='lat' dir='ltr'>stat</span> <span class='ocrx_word' id='word_1_628' title='bbox 2309 4174 2446 4237; x_wconf 76' lang='lat' dir='ltr'>‘°,et</span> <span class='ocrx_word' id='word_1_629' title='bbox 2485 4174 2664 4227; x_wconf 76' lang='lat' dir='ltr'>ruinas</span> <span class='ocrx_word' id='word_1_630' title='bbox 2721 4191 2921 4245; x_wconf 83' lang='lat' dir='ltr'>expers</span> <span class='ocrx_word' id='word_1_631' title='bbox 2981 4181 3362 4231; x_wconf 89' lang='lat' dir='ltr'>sustentatur.</span> <span class='ocrx_word' id='word_1_632' title='bbox 3425 4177 3587 4239; x_wconf 89' lang='lat' dir='ltr'>Quod</span> 
     </span>
    </p>
   </div>
   <div class='ocr_carea' id='block_1_87' title="bbox 1950 4260 3587 4334">
    <p class='ocr_par' dir='ltr' id='par_1_87' title="bbox 1950 4260 3587 4334">
     <span class='ocr_line' id='line_1_89' title="bbox 1950 4260 3587 4334; baseline 0.001 -18"><span class='ocrx_word' id='word_1_633' title='bbox 1950 4262 2103 4316; x_wconf 91' lang='lat' dir='ltr'>idem</span> <span class='ocrx_word' id='word_1_634' title='bbox 2136 4260 2311 4316; x_wconf 87' lang='lat' dir='ltr'>etiam</span> <span class='ocrx_word' id='word_1_635' title='bbox 2346 4261 2403 4314; x_wconf 91' lang='lat' dir='ltr'>in</span> <span class='ocrx_word' id='word_1_636' title='bbox 2427 4261 2649 4316; x_wconf 69' lang='lat' dir='ltr'>caeteris</span> <span class='ocrx_word' id='word_1_637' title='bbox 2678 4261 2982 4318; x_wconf 86' lang='lat' dir='ltr'>elementis</span> <span class='ocrx_word' id='word_1_638' title='bbox 3017 4264 3254 4334; x_wconf 90' lang='lat' dir='ltr'>perinde</span> <span class='ocrx_word' id='word_1_639' title='bbox 3279 4265 3587 4334; x_wconf 87' lang='lat' dir='ltr'>reperitur.</span> 
     </span>
    </p>
   </div>
   <div class='ocr_carea' id='block_1_88' title="bbox 2019 4349 3588 4423">
    <p class='ocr_par' dir='ltr' id='par_1_88' title="bbox 2019 4349 3588 4423">
     <span class='ocr_line' id='line_1_90' title="bbox 2019 4349 3588 4423; baseline 0.002 -18"><span class='ocrx_word' id='word_1_640' title='bbox 2019 4352 2108 4405; x_wconf 90' lang='lat'>30.</span> <span class='ocrx_word' id='word_1_641' title='bbox 2140 4351 2248 4404; x_wconf 87' lang='lat' dir='ltr'>Sed</span> <span class='ocrx_word' id='word_1_642' title='bbox 2295 4354 2352 4404; x_wconf 91' lang='lat' dir='ltr'>et</span> <span class='ocrx_word' id='word_1_643' title='bbox 2402 4350 2475 4403; x_wconf 91' lang='lat' dir='ltr'>ab</span> <span class='ocrx_word' id='word_1_644' title='bbox 2531 4349 2660 4421; x_wconf 90' lang='lat' dir='ltr'>ipsa</span> <span class='ocrx_word' id='word_1_645' title='bbox 2711 4351 3046 4406; x_wconf 88' lang='lat' dir='ltr'>elementari</span> <span class='ocrx_word' id='word_1_646' title='bbox 3081 4357 3289 4406; x_wconf 88' lang='lat' dir='ltr'>natura</span> <span class='ocrx_word' id='word_1_647' title='bbox 3344 4352 3400 4406; x_wconf 94' lang='lat' dir='ltr'>id</span> <span class='ocrx_word' id='word_1_648' title='bbox 3434 4353 3588 4423; x_wconf 89' lang='lat' dir='ltr'>quod</span> 
     </span>
    </p>
   </div>
   <div class='ocr_carea' id='block_1_89' title="bbox 1949 4436 3588 4495">
    <p class='ocr_par' dir='ltr' id='par_1_89' title="bbox 1949 4436 3588 4495">
     <span class='ocr_line' id='line_1_91' title="bbox 1949 4436 3588 4495; baseline 0.002 -3"><span class='ocrx_word' id='word_1_649' title='bbox 1949 4439 2164 4492; x_wconf 91' lang='lat' dir='ltr'>dicitur</span> <span class='ocrx_word' id='word_1_650' title='bbox 2193 4437 2622 4492; x_wconf 87' lang='lat' dir='ltr'>animadvertas</span> <span class='ocrx_word' id='word_1_651' title='bbox 2670 4436 2820 4493; x_wconf 90' lang='lat' dir='ltr'>licet.</span> <span class='ocrx_word' id='word_1_652' title='bbox 2857 4439 3153 4494; x_wconf 82' lang='lat' dir='ltr'>Elementa</span> <span class='ocrx_word' id='word_1_653' title='bbox 3190 4439 3346 4494; x_wconf 90' lang='lat' dir='ltr'>enim</span> <span class='ocrx_word' id='word_1_654' title='bbox 3381 4445 3444 4494; x_wconf 91' lang='lat' dir='ltr'>ut</span> <span class='ocrx_word' id='word_1_655' title='bbox 3472 4440 3588 4495; x_wconf 89' lang='lat' dir='ltr'>ele-</span> 
     </span>
    </p>
   </div>
   <div class='ocr_carea' id='block_1_90' title="bbox 1949 4527 3588 4596">
    <p class='ocr_par' dir='ltr' id='par_1_90' title="bbox 1949 4527 3588 4596">
     <span class='ocr_line' id='line_1_92' title="bbox 1949 4527 3588 4596; baseline 0.002 -16"><span class='ocrx_word' id='word_1_656' title='bbox 1949 4531 2146 4580; x_wconf 90' lang='lat' dir='ltr'>menta</span> <span class='ocrx_word' id='word_1_657' title='bbox 2176 4541 2278 4596; x_wconf 91' lang='lat' dir='ltr'>per</span> <span class='ocrx_word' id='word_1_658' title='bbox 2309 4540 2370 4579; x_wconf 92' lang='lat' dir='ltr'>se</span> <span class='ocrx_word' id='word_1_659' title='bbox 2401 4541 2692 4595; x_wconf 86' lang='lat' dir='ltr'>nusquam</span> <span class='ocrx_word' id='word_1_660' title='bbox 2725 4531 2863 4580; x_wconf 89' lang='lat' dir='ltr'>sunt</span> <span class='ocrx_word' id='word_1_661' title='bbox 2889 4544 2902 4594; x_wconf 92' lang='lat'><strong>;</strong></span> <span class='ocrx_word' id='word_1_662' title='bbox 2937 4527 3432 4596; x_wconf 88' lang='lat' dir='ltr'>quemadmodum</span> <span class='ocrx_word' id='word_1_663' title='bbox 3481 4545 3588 4584; x_wconf 90' lang='lat' dir='ltr'>nec</span> 
     </span>
    </p>
   </div>
   <div class='ocr_carea' id='block_1_91' title="bbox 189 4611 1827 4708">
    <p class='ocr_par' dir='ltr' id='par_1_91' title="bbox 189 4611 1827 4702">
     <span class='ocr_line' id='line_1_93' title="bbox 189 4611 1827 4702; baseline -0.002 -22"><span class='ocrx_word' id='word_1_664' title='bbox 189 4611 371 4702; x_wconf 72' lang='grc' dir='ltr'>ὥσπερ</span> <span class='ocrx_word' id='word_1_665' title='bbox 423 4622 547 4679; x_wconf 78' lang='grc' dir='ltr'>οὐδὲ</span> <span class='ocrx_word' id='word_1_666' title='bbox 594 4625 662 4679; x_wconf 79' lang='grc' dir='ltr'>τὰ</span> <span class='ocrx_word' id='word_1_667' title='bbox 707 4628 804 4678; x_wconf 78' lang='grc' dir='ltr'>τοῦ</span> <span class='ocrx_word' id='word_1_668' title='bbox 854 4621 1024 4697; x_wconf 89' lang='grc' dir='ltr'>λόγου</span> <span class='ocrx_word' id='word_1_669' title='bbox 1074 4628 1319 4698; x_wconf 85' lang='grc' dir='ltr'>στοιχεῖα</span> <span class='ocrx_word' id='word_1_670' title='bbox 1369 4623 1435 4676; x_wconf 73' lang='grc' dir='ltr'>τὰ</span> <span class='ocrx_word' id='word_1_671' title='bbox 1484 4619 1650 4676; x_wconf 81' lang='grc' dir='ltr'>εἷ’κοσι</span> <span class='ocrx_word' id='word_1_672' title='bbox 1700 4623 1827 4677; x_wconf 88' lang='grc' dir='ltr'>τέσ-</span> 
     </span>
    </p>
   </div>
   <div class='ocr_carea' id='block_1_92' title="bbox 1944 4611 3584 4708">
    <p class='ocr_par' dir='ltr' id='par_1_92' title="bbox 1948 4611 3584 4683">
     <span class='ocr_line' id='line_1_94' title="bbox 1948 4611 3584 4683; baseline 0.001 -15"><span class='ocrx_word' id='word_1_673' title='bbox 1948 4612 2226 4668; x_wconf 91' lang='lat' dir='ltr'>orationis</span> <span class='ocrx_word' id='word_1_674' title='bbox 2257 4611 2544 4666; x_wconf 88' lang='lat' dir='ltr'>elementa</span> <span class='ocrx_word' id='word_1_675' title='bbox 2577 4613 2781 4683; x_wconf 86' lang='lat' dir='ltr'>viginti</span> <span class='ocrx_word' id='word_1_676' title='bbox 2831 4619 3080 4683; x_wconf 90' lang='lat' dir='ltr'>quatuor</span> <span class='ocrx_word' id='word_1_677' title='bbox 3112 4631 3124 4680; x_wconf 91' lang='lat'><strong>;</strong></span> <span class='ocrx_word' id='word_1_678' title='bbox 3158 4613 3258 4668; x_wconf 88' lang='lat' dir='ltr'>sed</span> <span class='ocrx_word' id='word_1_679' title='bbox 3314 4613 3466 4669; x_wconf 90' lang='lat' dir='ltr'>inter</span> <span class='ocrx_word' id='word_1_680' title='bbox 3521 4631 3584 4670; x_wconf 88' lang='lat' dir='ltr'>se</span> 
     </span>
    </p>
   </div>
   <div class='ocr_carea' id='block_1_93' title="bbox 189 4705 1836 4790">
    <p class='ocr_par' dir='ltr' id='par_1_93' title="bbox 189 4705 1836 4790">
     <span class='ocr_line' id='line_1_95' title="bbox 189 4705 1836 4790; baseline -0.002 -21"><span class='ocrx_word' id='word_1_681' title='bbox 189 4733 362 4790; x_wconf 82' lang='grc' dir='ltr'>σαρα⁶</span> <span class='ocrx_word' id='word_1_682' title='bbox 416 4710 485 4768; x_wconf 84' lang='grc' dir='ltr'>δι’</span> <span class='ocrx_word' id='word_1_683' title='bbox 532 4711 797 4783; x_wconf 75' lang='grc' dir='ltr'>ἀλλήλων</span> <span class='ocrx_word' id='word_1_684' title='bbox 844 4709 892 4765; x_wconf 83' lang='grc' dir='ltr'>δ’</span> <span class='ocrx_word' id='word_1_685' title='bbox 939 4710 1019 4765; x_wconf 80' lang='grc' dir='ltr'>ἀεὶ</span> <span class='ocrx_word' id='word_1_686' title='bbox 1065 4705 1426 4786; x_wconf 80' lang='grc' dir='ltr'>κεχωρηκότα</span> <span class='ocrx_word' id='word_1_687' title='bbox 1476 4710 1538 4764; x_wconf 85' lang='grc' dir='ltr'>αὸ</span> <span class='ocrx_word' id='word_1_688' title='bbox 1587 4711 1836 4774; x_wconf 83' lang='grc' dir='ltr'>σύνθετον</span> 
     </span>
    </p>
   </div>
   <div class='ocr_carea' id='block_1_94' title="bbox 185 4795 1834 4876">
    <p class='ocr_par' dir='ltr' id='par_1_94' title="bbox 185 4795 1834 4876">
     <span class='ocr_line' id='line_1_96' title="bbox 185 4795 1834 4876; baseline -0.002 -19"><span class='ocrx_word' id='word_1_689' title='bbox 185 4799 528 4858; x_wconf 80' lang='grc' dir='ltr'>ἀποδιδόασι.</span> <span class='ocrx_word' id='word_1_690' title='bbox 562 4801 660 4855; x_wconf 86' lang='grc' dir='ltr'>Καὶ</span> <span class='ocrx_word' id='word_1_691' title='bbox 709 4801 813 4876; x_wconf 72' lang='grc' dir='ltr'>γὰρ</span> <span class='ocrx_word' id='word_1_692' title='bbox 858 4795 1037 4872; x_wconf 80' lang='grc' dir='ltr'>ὥσπερ</span> <span class='ocrx_word' id='word_1_693' title='bbox 1078 4800 1146 4853; x_wconf 74' lang='grc' dir='ltr'>τὰ</span> <span class='ocrx_word' id='word_1_694' title='bbox 1201 4799 1338 4874; x_wconf 86' lang='grc' dir='ltr'>μέρη</span> <span class='ocrx_word' id='word_1_695' title='bbox 1385 4802 1481 4852; x_wconf 76' lang='grc' dir='ltr'>τοῦ</span> <span class='ocrx_word' id='word_1_696' title='bbox 1529 4797 1662 4853; x_wconf 81' lang='grc' dir='ltr'>ὅλου</span> <span class='ocrx_word' id='word_1_697' title='bbox 1705 4820 1834 4873; x_wconf 89' lang='grc' dir='ltr'>τυγ-</span> 
     </span>
    </p>
   </div>
   <div class='ocr_carea' id='block_1_95' title="bbox 187 4884 1833 4966">
    <p class='ocr_par' dir='ltr' id='par_1_95' title="bbox 187 4884 1833 4966">
     <span class='ocr_line' id='line_1_97' title="bbox 187 4884 1833 4966; baseline -0.002 -22"><span class='ocrx_word' id='word_1_698' title='bbox 187 4890 343 4966; x_wconf 87' lang='grc' dir='ltr'>χάνει</span> <span class='ocrx_word' id='word_1_699' title='bbox 406 4889 567 4966; x_wconf 87' lang='grc' dir='ltr'>μέρη,</span> <span class='ocrx_word' id='word_1_700' title='bbox 620 4889 710 4943; x_wconf 82' lang='grc' dir='ltr'>καὶ</span> <span class='ocrx_word' id='word_1_701' title='bbox 767 4889 882 4942; x_wconf 84' lang='grc' dir='ltr'>καθ’</span> <span class='ocrx_word' id='word_1_702' title='bbox 941 4886 1075 4942; x_wconf 72' lang='grc' dir='ltr'>αὐτὰ</span> <span class='ocrx_word' id='word_1_703' title='bbox 1132 4886 1263 4941; x_wconf 74' lang='grc' dir='ltr'>εἶναι</span> <span class='ocrx_word' id='word_1_704' title='bbox 1326 4886 1386 4940; x_wconf 79' lang='grc' dir='ltr'>οὗ</span> <span class='ocrx_word' id='word_1_705' title='bbox 1441 4884 1655 4941; x_wconf 76' lang='grc' dir='ltr'>δύναται</span> <span class='ocrx_word' id='word_1_706' title='bbox 1695 4886 1833 4962; x_wconf 89' lang='grc' dir='ltr'>μέρη</span> 
     </span>
    </p>
   </div>
   <div class='ocr_carea' id='block_1_96' title="bbox 187 4973 1838 5050">
    <p class='ocr_par' dir='ltr' id='par_1_96' title="bbox 187 4973 1838 5050">
     <span class='ocr_line' id='line_1_98' title="bbox 187 4973 1838 5050; baseline -0.003 -17"><span class='ocrx_word' id='word_1_707' title='bbox 187 4975 336 5033; x_wconf 73' lang='grc' dir='ltr'>ὄντα’</span> <span class='ocrx_word' id='word_1_708' title='bbox 389 4977 532 5033; x_wconf 76' lang='grc' dir='ltr'>οὕτω</span> <span class='ocrx_word' id='word_1_709' title='bbox 583 4978 672 5032; x_wconf 82' lang='grc' dir='ltr'>καὶ</span> <span class='ocrx_word' id='word_1_710' title='bbox 701 4977 768 5031; x_wconf 65' lang='grc' dir='ltr'>τὰ</span> <span class='ocrx_word' id='word_1_711' title='bbox 799 4980 1046 5050; x_wconf 80' lang='grc' dir='ltr'>στοιχεῖα</span> <span class='ocrx_word' id='word_1_712' title='bbox 1090 4979 1187 5028; x_wconf 81' lang='grc' dir='ltr'>τοῦ</span> <span class='ocrx_word' id='word_1_713' title='bbox 1233 4973 1485 5028; x_wconf 72' lang='grc' dir='ltr'>συνθέτου</span> <span class='ocrx_word' id='word_1_714' title='bbox 1534 4973 1644 5028; x_wconf 84' lang='grc' dir='ltr'>ἐστῖ</span> <span class='ocrx_word' id='word_1_715' title='bbox 1696 4996 1838 5030; x_wconf 88' lang='grc' dir='ltr'>στοι-</span> 
     </span>
    </p>
   </div>
   <div class='ocr_carea' id='block_1_97' title="bbox 188 5060 1839 5144">
    <p class='ocr_par' dir='ltr' id='par_1_97' title="bbox 188 5060 1839 5144">
     <span class='ocr_line' id='line_1_99' title="bbox 188 5060 1839 5144; baseline -0.003 -22"><span class='ocrx_word' id='word_1_716' title='bbox 188 5072 337 5144; x_wconf 84' lang='grc' dir='ltr'>χεῖα,</span> <span class='ocrx_word' id='word_1_717' title='bbox 391 5067 480 5122; x_wconf 85' lang='grc' dir='ltr'>καὶ</span> <span class='ocrx_word' id='word_1_718' title='bbox 536 5064 605 5121; x_wconf 83' lang='grc' dir='ltr'>δι’</span> <span class='ocrx_word' id='word_1_719' title='bbox 650 5064 912 5135; x_wconf 72' lang='grc' dir='ltr'>ἀλλήλων</span> <span class='ocrx_word' id='word_1_720' title='bbox 974 5062 1055 5118; x_wconf 81' lang='grc' dir='ltr'>ἀεὶ</span> <span class='ocrx_word' id='word_1_721' title='bbox 1102 5062 1411 5138; x_wconf 79' lang='grc' dir='ltr'>κεχώρηκε,</span> <span class='ocrx_word' id='word_1_722' title='bbox 1457 5062 1546 5116; x_wconf 78' lang='grc' dir='ltr'>καὶ</span> <span class='ocrx_word' id='word_1_723' title='bbox 1579 5060 1839 5118; x_wconf 82' lang='grc' dir='ltr'>οὐδέποτε</span> 
     </span>
    </p>
   </div>
   <div class='ocr_carea' id='block_1_98' title="bbox 186 5148 1838 5233">
    <p class='ocr_par' dir='ltr' id='par_1_98' title="bbox 186 5148 1838 5233">
     <span class='ocr_line' id='line_1_100' title="bbox 186 5148 1838 5233; baseline -0.003 -22"><span class='ocrx_word' id='word_1_724' title='bbox 186 5157 306 5219; x_wconf 75' lang='grc' dir='ltr'>καθ’</span> <span class='ocrx_word' id='word_1_725' title='bbox 364 5155 498 5210; x_wconf 79' lang='grc' dir='ltr'>αὖτᾶ</span> <span class='ocrx_word' id='word_1_726' title='bbox 554 5154 865 5233; x_wconf 81' lang='grc' dir='ltr'>ὑφέστηκεν·</span> <span class='ocrx_word' id='word_1_727' title='bbox 920 5149 1192 5222; x_wconf 77' lang='grc' dir='ltr'>ἀλλήλοις</span> <span class='ocrx_word' id='word_1_728' title='bbox 1242 5148 1300 5205; x_wconf 72' lang='grc' dir='ltr'>δὲ</span> <span class='ocrx_word' id='word_1_729' title='bbox 1348 5155 1563 5228; x_wconf 79' lang='grc' dir='ltr'>πρῶτον</span> <span class='ocrx_word' id='word_1_730' title='bbox 1615 5172 1838 5206; x_wconf 76' lang='grc' dir='ltr'>συνανα-</span> 
     </span>
    </p>
   </div>
   <div class='ocr_carea' id='block_1_99' title="bbox 186 5237 1835 5320">
    <p class='ocr_par' dir='ltr' id='par_1_99' title="bbox 186 5237 1835 5320">
     <span class='ocr_line' id='line_1_101' title="bbox 186 5237 1835 5320; baseline -0.003 -21"><span class='ocrx_word' id='word_1_731' title='bbox 186 5243 448 5320; x_wconf 85' lang='grc' dir='ltr'>κραθέντα</span> <span class='ocrx_word' id='word_1_732' title='bbox 492 5243 582 5298; x_wconf 79' lang='grc' dir='ltr'>καὶ</span> <span class='ocrx_word' id='word_1_733' title='bbox 641 5244 759 5298; x_wconf 86' lang='grc' dir='ltr'>κατ’</span> <span class='ocrx_word' id='word_1_734' title='bbox 823 5241 1160 5317; x_wconf 78' lang='grc' dir='ltr'>ἐπικράτειαν</span> <span class='ocrx_word' id='word_1_735' title='bbox 1213 5239 1328 5301; x_wconf 72' lang='grc' dir='ltr'>ἑνὸς</span> <span class='ocrx_word' id='word_1_736' title='bbox 1380 5237 1787 5308; x_wconf 79' lang='grc' dir='ltr'>εἶδοποιηθέντα</span> <span class='ocrx_word' id='word_1_737' title='bbox 1821 5261 1835 5275; x_wconf 78' lang='grc' dir='ltr'><strong>ο</strong></span> 
     </span>
    </p>
   </div>
   <div class='ocr_carea' id='block_1_100' title="bbox 185 5325 1840 5404">
    <p class='ocr_par' dir='ltr' id='par_1_100' title="bbox 185 5325 1840 5404">
     <span class='ocr_line' id='line_1_102' title="bbox 185 5325 1840 5404; baseline -0.004 -16"><span class='ocrx_word' id='word_1_738' title='bbox 185 5333 359 5396; x_wconf 79' lang='grc' dir='ltr'>οὕτως</span> <span class='ocrx_word' id='word_1_739' title='bbox 391 5334 465 5395; x_wconf 85' lang='grc' dir='ltr'>ὡς</span> <span class='ocrx_word' id='word_1_740' title='bbox 509 5333 560 5403; x_wconf 80' lang='grc' dir='ltr'>ἐξ</span> <span class='ocrx_word' id='word_1_741' title='bbox 609 5331 797 5387; x_wconf 81' lang='grc' dir='ltr'>ἁπλῶν</span> <span class='ocrx_word' id='word_1_742' title='bbox 847 5334 954 5384; x_wconf 77' lang='grc' dir='ltr'>τῶν</span> <span class='ocrx_word' id='word_1_743' title='bbox 1006 5329 1123 5383; x_wconf 83' lang='grc' dir='ltr'>κατ’</span> <span class='ocrx_word' id='word_1_744' title='bbox 1165 5327 1503 5404; x_wconf 81' lang='grc' dir='ltr'>ἐπικράτειαν</span> <span class='ocrx_word' id='word_1_745' title='bbox 1548 5329 1684 5382; x_wconf 83' lang='grc' dir='ltr'>κατᾶ</span> <span class='ocrx_word' id='word_1_746' title='bbox 1713 5325 1840 5382; x_wconf 83' lang='grc' dir='ltr'>δευ-</span> 
     </span>
    </p>
   </div>
   <div class='ocr_carea' id='block_1_101' title="bbox 183 5416 1841 5499">
    <p class='ocr_par' dir='ltr' id='par_1_101' title="bbox 183 5416 1841 5499">
     <span class='ocr_line' id='line_1_103' title="bbox 183 5416 1841 5499; baseline -0.004 -22"><span class='ocrx_word' id='word_1_747' title='bbox 183 5421 340 5499; x_wconf 86' lang='grc' dir='ltr'>τέραν</span> <span class='ocrx_word' id='word_1_748' title='bbox 373 5421 603 5477; x_wconf 66' lang='grc' dir='ltr'>σύνθεσιν</span> <span class='ocrx_word' id='word_1_749' title='bbox 626 5423 694 5476; x_wconf 70' lang='grc' dir='ltr'>τὰ</span> <span class='ocrx_word' id='word_1_750' title='bbox 723 5441 779 5475; x_wconf 89' lang='grc' dir='ltr'>τε</span> <span class='ocrx_word' id='word_1_751' title='bbox 811 5423 921 5489; x_wconf 79' lang='grc' dir='ltr'>ζῶα</span> <span class='ocrx_word' id='word_1_752' title='bbox 951 5421 1236 5472; x_wconf 83' lang='grc' dir='ltr'>συνιστῶσι</span> <span class='ocrx_word' id='word_1_753' title='bbox 1263 5417 1354 5471; x_wconf 84' lang='grc' dir='ltr'>καὶ</span> <span class='ocrx_word' id='word_1_754' title='bbox 1381 5416 1450 5471; x_wconf 80' lang='grc' dir='ltr'>τὰ</span> <span class='ocrx_word' id='word_1_755' title='bbox 1479 5417 1616 5494; x_wconf 73' lang='grc' dir='ltr'>φυτὰ</span> <span class='ocrx_word' id='word_1_756' title='bbox 1645 5416 1734 5470; x_wconf 86' lang='grc' dir='ltr'>καὶ</span> <span class='ocrx_word' id='word_1_757' title='bbox 1773 5416 1841 5471; x_wconf 77' lang='grc' dir='ltr'>τὰ</span> 
     </span>
    </p>
   </div>
   <div class='ocr_carea' id='block_1_102' title="bbox 189 5511 556 5587">
    <p class='ocr_par' dir='ltr' id='par_1_102' title="bbox 189 5511 556 5587">
     <span class='ocr_line' id='line_1_104' title="bbox 189 5511 556 5587; baseline 0.003 -23"><span class='ocrx_word' id='word_1_758' title='bbox 189 5512 328 5587; x_wconf 84' lang='grc' dir='ltr'>μέρη</span> <span class='ocrx_word' id='word_1_759' title='bbox 360 5511 532 5566; x_wconf 76' lang='grc' dir='ltr'>αὐτῶν</span> <span class='ocrx_word' id='word_1_760' title='bbox 543 5551 556 5565; x_wconf 93' lang='grc'><em>.</em></span> 
     </span>
    </p>
   </div>
   <div class='ocr_carea' id='block_1_103' title="bbox 1947 4700 3582 4772">
    <p class='ocr_par' dir='ltr' id='par_1_103' title="bbox 1947 4700 3582 4772">
     <span class='ocr_line' id='line_1_105' title="bbox 1947 4700 3582 4772; baseline 0.001 -15"><span class='ocrx_word' id='word_1_761' title='bbox 1947 4707 2150 4757; x_wconf 88' lang='lat' dir='ltr'>mutuo</span> <span class='ocrx_word' id='word_1_762' title='bbox 2179 4700 2568 4754; x_wconf 90' lang='lat' dir='ltr'>commeantia</span> <span class='ocrx_word' id='word_1_763' title='bbox 2597 4700 2987 4771; x_wconf 88' lang='lat' dir='ltr'>compositum</span> <span class='ocrx_word' id='word_1_764' title='bbox 3037 4718 3246 4772; x_wconf 89' lang='lat' dir='ltr'>corpus</span> <span class='ocrx_word' id='word_1_765' title='bbox 3297 4702 3582 4759; x_wconf 80' lang='lat' dir='ltr'>efﬁciunt.</span> 
     </span>
    </p>
   </div>
   <div class='ocr_carea' id='block_1_104' title="bbox 1946 4789 3582 4864">
    <p class='ocr_par' dir='ltr' id='par_1_104' title="bbox 1946 4789 3582 4864">
     <span class='ocr_line' id='line_1_106' title="bbox 1946 4789 3582 4864; baseline 0.001 -19"><span class='ocrx_word' id='word_1_766' title='bbox 1946 4789 2451 4864; x_wconf 88' lang='lat' dir='ltr'>Quemadmodum</span> <span class='ocrx_word' id='word_1_767' title='bbox 2510 4789 2665 4843; x_wconf 90' lang='lat' dir='ltr'>enim</span> <span class='ocrx_word' id='word_1_768' title='bbox 2717 4796 2909 4860; x_wconf 87' lang='lat' dir='ltr'>partes</span> <span class='ocrx_word' id='word_1_769' title='bbox 2966 4791 3144 4844; x_wconf 86' lang='lat' dir='ltr'>totius</span> <span class='ocrx_word' id='word_1_770' title='bbox 3185 4795 3324 4844; x_wconf 88' lang='lat' dir='ltr'>sunt</span> <span class='ocrx_word' id='word_1_771' title='bbox 3366 4795 3582 4862; x_wconf 84' lang='lat' dir='ltr'>partes,</span> 
     </span>
    </p>
   </div>
   <div class='ocr_carea' id='block_1_105' title="bbox 1949 4877 3588 4949">
    <p class='ocr_par' dir='ltr' id='par_1_105' title="bbox 1949 4877 3588 4949">
     <span class='ocr_line' id='line_1_107' title="bbox 1949 4877 3588 4949; baseline 0.001 -15"><span class='ocrx_word' id='word_1_772' title='bbox 1949 4896 2052 4934; x_wconf 89' lang='lat' dir='ltr'>nec</span> <span class='ocrx_word' id='word_1_773' title='bbox 2077 4877 2388 4948; x_wconf 83' lang='lat' dir='ltr'>separatim</span> <span class='ocrx_word' id='word_1_774' title='bbox 2414 4883 2470 4931; x_wconf 89' lang='lat' dir='ltr'>et</span> <span class='ocrx_word' id='word_1_775' title='bbox 2503 4894 2602 4947; x_wconf 91' lang='lat' dir='ltr'>per</span> <span class='ocrx_word' id='word_1_776' title='bbox 2650 4895 2710 4932; x_wconf 90' lang='lat' dir='ltr'>se</span> <span class='ocrx_word' id='word_1_777' title='bbox 2741 4895 2870 4932; x_wconf 90' lang='lat' dir='ltr'>esse</span> <span class='ocrx_word' id='word_1_778' title='bbox 2901 4882 3166 4949; x_wconf 89' lang='lat' dir='ltr'>possunt,</span> <span class='ocrx_word' id='word_1_779' title='bbox 3202 4894 3335 4933; x_wconf 89' lang='lat' dir='ltr'>cum</span> <span class='ocrx_word' id='word_1_780' title='bbox 3396 4885 3588 4949; x_wconf 86' lang='lat' dir='ltr'>partes</span> 
     </span>
    </p>
   </div>
   <div class='ocr_carea' id='block_1_106' title="bbox 1948 4965 3587 5038">
    <p class='ocr_par' dir='ltr' id='par_1_106' title="bbox 1948 4965 3587 5038">
     <span class='ocr_line' id='line_1_108' title="bbox 1948 4965 3587 5038; baseline 0.001 -16"><span class='ocrx_word' id='word_1_781' title='bbox 1948 4968 2085 5031; x_wconf 89' lang='lat' dir='ltr'>sint,</span> <span class='ocrx_word' id='word_1_782' title='bbox 2119 4968 2200 5021; x_wconf 90' lang='lat' dir='ltr'>sic</span> <span class='ocrx_word' id='word_1_783' title='bbox 2227 4965 2400 5019; x_wconf 89' lang='lat' dir='ltr'>etiam</span> <span class='ocrx_word' id='word_1_784' title='bbox 2434 4965 2719 5021; x_wconf 84' lang='lat' dir='ltr'>elementa</span> <span class='ocrx_word' id='word_1_785' title='bbox 2750 4967 3055 5038; x_wconf 77' lang='lat' dir='ltr'>compositi</span> <span class='ocrx_word' id='word_1_786' title='bbox 3112 4973 3250 5022; x_wconf 91' lang='lat' dir='ltr'>sunt</span> <span class='ocrx_word' id='word_1_787' title='bbox 3279 4968 3587 5037; x_wconf 90' lang='lat' dir='ltr'>elementa,</span> 
     </span>
    </p>
   </div>
   <div class='ocr_carea' id='block_1_107' title="bbox 1945 5053 3587 5128">
    <p class='ocr_par' dir='ltr' id='par_1_107' title="bbox 1945 5053 3587 5128">
     <span class='ocr_line' id='line_1_109' title="bbox 1945 5053 3587 5128; baseline 0.001 -18"><span class='ocrx_word' id='word_1_788' title='bbox 1945 5061 2003 5110; x_wconf 90' lang='lat' dir='ltr'>et</span> <span class='ocrx_word' id='word_1_789' title='bbox 2033 5071 2134 5126; x_wconf 91' lang='lat' dir='ltr'>per</span> <span class='ocrx_word' id='word_1_790' title='bbox 2163 5071 2224 5108; x_wconf 90' lang='lat' dir='ltr'>se</span> <span class='ocrx_word' id='word_1_791' title='bbox 2255 5053 2501 5107; x_wconf 90' lang='lat' dir='ltr'>invicem</span> <span class='ocrx_word' id='word_1_792' title='bbox 2536 5061 2886 5121; x_wconf 89' lang='lat' dir='ltr'>commeant,</span> <span class='ocrx_word' id='word_1_793' title='bbox 2920 5072 3024 5110; x_wconf 89' lang='lat' dir='ltr'>nec</span> <span class='ocrx_word' id='word_1_794' title='bbox 3055 5073 3314 5127; x_wconf 90' lang='lat' dir='ltr'>unquam</span> <span class='ocrx_word' id='word_1_795' title='bbox 3348 5073 3587 5128; x_wconf 80' lang='lat' dir='ltr'>separa-</span> 
     </span>
    </p>
   </div>
   <div class='ocr_carea' id='block_1_108' title="bbox 1947 5142 3582 5216">
    <p class='ocr_par' dir='ltr' id='par_1_108' title="bbox 1947 5142 3582 5216">
     <span class='ocr_line' id='line_1_110' title="bbox 1947 5142 3582 5216; baseline 0.002 -19"><span class='ocrx_word' id='word_1_796' title='bbox 1947 5145 2050 5198; x_wconf 88' lang='lat' dir='ltr'>tim</span> <span class='ocrx_word' id='word_1_797' title='bbox 2107 5142 2473 5208; x_wconf 86' lang='lat' dir='ltr'>subsistunt;</span> <span class='ocrx_word' id='word_1_798' title='bbox 2519 5159 2718 5196; x_wconf 88' lang='lat' dir='ltr'>verum</span> <span class='ocrx_word' id='word_1_799' title='bbox 2755 5144 2902 5198; x_wconf 87' lang='lat' dir='ltr'>inter</span> <span class='ocrx_word' id='word_1_800' title='bbox 2933 5162 2993 5199; x_wconf 92' lang='lat' dir='ltr'>se</span> <span class='ocrx_word' id='word_1_801' title='bbox 3029 5145 3271 5199; x_wconf 88' lang='lat' dir='ltr'>invicem</span> <span class='ocrx_word' id='word_1_802' title='bbox 3325 5145 3582 5216; x_wconf 89' lang='lat' dir='ltr'>primum</span> 
     </span>
    </p>
   </div>
   <div class='ocr_carea' id='block_1_109' title="bbox 1947 5230 3586 5304">
    <p class='ocr_par' dir='ltr' id='par_1_109' title="bbox 1947 5230 3586 5304">
     <span class='ocr_line' id='line_1_111' title="bbox 1947 5230 3586 5304; baseline 0.001 -17"><span class='ocrx_word' id='word_1_803' title='bbox 1947 5230 2255 5287; x_wconf 89' lang='lat' dir='ltr'>commista</span> <span class='ocrx_word' id='word_1_804' title='bbox 2301 5236 2357 5283; x_wconf 90' lang='lat' dir='ltr'>et</span> <span class='ocrx_word' id='word_1_805' title='bbox 2389 5246 2491 5300; x_wconf 90' lang='lat' dir='ltr'>per</span> <span class='ocrx_word' id='word_1_806' title='bbox 2531 5231 2703 5285; x_wconf 89' lang='lat' dir='ltr'>unius</span> <span class='ocrx_word' id='word_1_807' title='bbox 2753 5233 3190 5304; x_wconf 69' lang='lat' dir='ltr'>prmpotentiam</span> <span class='ocrx_word' id='word_1_808' title='bbox 3246 5234 3586 5302; x_wconf 73' lang='lat' dir='ltr'>informata,</span> 
     </span>
    </p>
   </div>
   <div class='ocr_carea' id='block_1_110' title="bbox 1945 5317 3586 5393">
    <p class='ocr_par' dir='ltr' id='par_1_110' title="bbox 1945 5317 3586 5393">
     <span class='ocr_line' id='line_1_112' title="bbox 1945 5317 3586 5393; baseline 0.001 -18"><span class='ocrx_word' id='word_1_809' title='bbox 1945 5321 2028 5375; x_wconf 92' lang='lat' dir='ltr'>ita</span> <span class='ocrx_word' id='word_1_810' title='bbox 2047 5320 2283 5374; x_wconf 92' lang='lat' dir='ltr'>demum</span> <span class='ocrx_word' id='word_1_811' title='bbox 2316 5333 2384 5371; x_wconf 87' lang='lat' dir='ltr'>ex</span> <span class='ocrx_word' id='word_1_812' title='bbox 2415 5317 2506 5371; x_wconf 89' lang='lat' dir='ltr'>bis</span> <span class='ocrx_word' id='word_1_813' title='bbox 2538 5335 2664 5389; x_wconf 65' lang='lat' dir='ltr'>quae</span> <span class='ocrx_word' id='word_1_814' title='bbox 2725 5321 3037 5390; x_wconf 65' lang='lat' dir='ltr'>praevalent</span> <span class='ocrx_word' id='word_1_815' title='bbox 3063 5329 3124 5376; x_wconf 88' lang='lat' dir='ltr'>ut</span> <span class='ocrx_word' id='word_1_816' title='bbox 3180 5339 3248 5376; x_wconf 86' lang='lat' dir='ltr'>ex</span> <span class='ocrx_word' id='word_1_817' title='bbox 3305 5321 3586 5393; x_wconf 89' lang='lat' dir='ltr'>simplici-</span> 
     </span>
    </p>
   </div>
   <div class='ocr_carea' id='block_1_111' title="bbox 1947 5406 3586 5478">
    <p class='ocr_par' dir='ltr' id='par_1_111' title="bbox 1947 5406 3586 5478">
     <span class='ocr_line' id='line_1_113' title="bbox 1947 5406 3586 5478; baseline 0.001 -13"><span class='ocrx_word' id='word_1_818' title='bbox 1947 5411 2077 5478; x_wconf 89' lang='lat' dir='ltr'>bus,</span> <span class='ocrx_word' id='word_1_819' title='bbox 2110 5406 2456 5463; x_wconf 84' lang='lat' dir='ltr'>secundaria</span> <span class='ocrx_word' id='word_1_820' title='bbox 2488 5409 2911 5478; x_wconf 90' lang='lat' dir='ltr'>compositione</span> <span class='ocrx_word' id='word_1_821' title='bbox 2959 5427 3094 5466; x_wconf 90' lang='lat' dir='ltr'>cum</span> <span class='ocrx_word' id='word_1_822' title='bbox 3127 5408 3407 5466; x_wconf 88' lang='lat' dir='ltr'>animalia</span> <span class='ocrx_word' id='word_1_823' title='bbox 3458 5416 3586 5466; x_wconf 88' lang='lat' dir='ltr'>tum</span> 
     </span>
    </p>
   </div>
   <div class='ocr_carea' id='block_1_112' title="bbox 1948 5493 3203 5570">
    <p class='ocr_par' dir='ltr' id='par_1_112' title="bbox 1948 5493 3203 5570">
     <span class='ocr_line' id='line_1_114' title="bbox 1948 5493 3203 5570; baseline 0.004 -19"><span class='ocrx_word' id='word_1_824' title='bbox 1948 5498 2178 5570; x_wconf 88' lang='lat' dir='ltr'>plantas</span> <span class='ocrx_word' id='word_1_825' title='bbox 2207 5493 2666 5566; x_wconf 88' lang='lat' dir='ltr'>earumdemque</span> <span class='ocrx_word' id='word_1_826' title='bbox 2695 5503 2889 5568; x_wconf 90' lang='lat' dir='ltr'>partes</span> <span class='ocrx_word' id='word_1_827' title='bbox 2918 5500 3203 5556; x_wconf 83' lang='lat' dir='ltr'>efﬁciunt.</span> 
     </span>
    </p>
   </div>
   <div class='ocr_carea' id='block_1_113' title="bbox 260 5637 3586 5710">
    <p class='ocr_par' dir='ltr' id='par_1_113' title="bbox 260 5637 3586 5710">
     <span class='ocr_line' id='line_1_115' title="bbox 260 5637 3586 5710; baseline -0.002 -2"><span class='ocrx_word' id='word_1_828' title='bbox 260 5665 304 5699; x_wconf 74' lang='grc' dir='ltr'>ιε</span> <span class='ocrx_word' id='word_1_829' title='bbox 333 5653 370 5708; x_wconf 88' lang='lat'><strong><em>2</em></strong></span> <span class='ocrx_word' id='word_1_830' title='bbox 399 5657 477 5710; x_wconf 90' lang='lat' dir='ltr'>De</span> <span class='ocrx_word' id='word_1_831' title='bbox 509 5659 639 5709; x_wconf 89' lang='lat' dir='ltr'>ortu</span> <span class='ocrx_word' id='word_1_832' title='bbox 668 5658 725 5709; x_wconf 86' lang='lat' dir='ltr'>et</span> <span class='ocrx_word' id='word_1_833' title='bbox 761 5651 998 5707; x_wconf 85' lang='lat' dir='ltr'>interitu</span> <span class='ocrx_word' id='word_1_834' title='bbox 1028 5665 1077 5705; x_wconf 93' lang='lat' dir='ltr'>c.</span> <span class='ocrx_word' id='word_1_835' title='bbox 1110 5650 1162 5704; x_wconf 88' lang='lat'>3.</span> <span class='ocrx_word' id='word_1_836' title='bbox 1192 5647 1440 5708; x_wconf 88' lang='lat' dir='ltr'>Fermel.</span> <span class='ocrx_word' id='word_1_837' title='bbox 1472 5648 1552 5705; x_wconf 89' lang='lat' dir='ltr'>lib</span> <span class='ocrx_word' id='word_1_838' title='bbox 1576 5693 1588 5706; x_wconf 94' lang='lat'>.</span> <span class='ocrx_word' id='word_1_839' title='bbox 1612 5650 1648 5704; x_wconf 86' lang='lat'>2</span> <span class='ocrx_word' id='word_1_840' title='bbox 1669 5649 1751 5706; x_wconf 91' lang='lat' dir='ltr'>De</span> <span class='ocrx_word' id='word_1_841' title='bbox 1781 5641 2105 5706; x_wconf 83' lang='lat' dir='ltr'>elementis.</span> <span class='ocrx_word' id='word_1_842' title='bbox 2137 5637 2264 5694; x_wconf 86' lang='lat' dir='ltr'>Jov.</span> <span class='ocrx_word' id='word_1_843' title='bbox 2302 5639 2604 5695; x_wconf 88' lang='lat' dir='ltr'>Pontanus</span> <span class='ocrx_word' id='word_1_844' title='bbox 2658 5637 2760 5696; x_wconf 88' lang='lat' dir='ltr'>lib.</span> <span class='ocrx_word' id='word_1_845' title='bbox 2807 5641 2860 5709; x_wconf 83' lang='grc'>4,</span> <span class='ocrx_word' id='word_1_846' title='bbox 2886 5641 2966 5698; x_wconf 91' lang='lat' dir='ltr'>De</span> <span class='ocrx_word' id='word_1_847' title='bbox 3025 5642 3202 5699; x_wconf 88' lang='lat' dir='ltr'>rebus</span> <span class='ocrx_word' id='word_1_848' title='bbox 3249 5638 3586 5700; x_wconf 69' lang='lat' dir='ltr'>coelestibus</span> 
     </span>
    </p>
   </div>
   <div class='ocr_carea' id='block_1_114' title="bbox 185 5720 1306 5797">
    <p class='ocr_par' dir='ltr' id='par_1_114' title="bbox 185 5720 1306 5797">
     <span class='ocr_line' id='line_1_116' title="bbox 185 5720 1306 5797; baseline -0.01 -12"><span class='ocrx_word' id='word_1_849' title='bbox 185 5726 234 5762; x_wconf 68' lang='lat'>‘9</span> <span class='ocrx_word' id='word_1_850' title='bbox 262 5727 357 5784; x_wconf 84' lang='lat' dir='ltr'>Ps.</span> <span class='ocrx_word' id='word_1_851' title='bbox 382 5740 492 5796; x_wconf 76' lang='grc' dir='ltr'>σιν,</span> <span class='ocrx_word' id='word_1_852' title='bbox 525 5741 580 5780; x_wconf 87' lang='lat' dir='ltr'>v.</span> <span class='ocrx_word' id='word_1_853' title='bbox 612 5725 685 5797; x_wconf 84' lang='lat'>5;</span> <span class='ocrx_word' id='word_1_854' title='bbox 709 5721 1067 5780; x_wconf 69' lang='lat' dir='ltr'>Ecclesiaste</span> <span class='ocrx_word' id='word_1_855' title='bbox 1094 5737 1134 5793; x_wconf 86' lang='grc' dir='ltr'>ι,</span> <span class='ocrx_word' id='word_1_856' title='bbox 1165 5737 1220 5776; x_wconf 92' lang='lat' dir='ltr'>v.</span> <span class='ocrx_word' id='word_1_857' title='bbox 1251 5720 1306 5794; x_wconf 67' lang='grc' dir='ltr'>Δ,</span> 
     </span>
    </p>
   </div>
  </div>
