4024 6438
423 393 580 457 1127

423 615 521 670 nia
569 614 872 670 terrestria
901 629 1145 685 corpora
1193 612 1326 683 plus
1365 616 1528 666 terra:
1585 628 1761 683 quam
1823 611 2071 682 reliquo-

421 719 555 757 rum
584 701 1006 757 elementorum
1038 701 1591 766 obtinent.Quodvis
1621 700 1778 755 enim
1809 700 1963 755 circa
1983 699 2067 754 lo-

423 808 559 848 cum
592 807 767 846 suum
801 789 934 862 plus
964 790 1075 844 sibi
1100 789 1374 844 vindicat.
1409 789 1572 852 Quod
1627 789 1675 842 si
1709 805 1845 860 ergo
1903 793 2067 842 terra

421 884 584 940 locus
616 879 873 934 universi
902 879 1162 934 medium
1194 883 1321 945 est;
1355 878 1447 932 his
1503 894 1631 949 quae
1663 883 1803 932 sunt
1829 877 1885 930 in
1945 876 2067 930 loco

420 980 606 1035 terra,
669 966 995 1039 plurimum
1042 969 1208 1020 terrae.
1261 964 1475 1032 inerit;
1537 965 1747 1019 deinde
1800 969 1856 1018 et
1902 981 2066 1035 aquas

417 1059 474 1112 et
532 1053 683 1110 aeris
739 1058 797 1108 et
869 1053 1024 1124 ignis
1078 1069 1180 1124 pro
1262 1053 1484 1107 ratione
1566 1049 1772 1106 localis
1855 1050 2066 1106 horum

417 1144 840 1201 elementorum
919 1157 953 1196 a
1043 1146 1198 1196 terra
1280 1141 1571 1196 distantias
1651 1144 1877 1210 partem
1969 1156 2066 1194 ca-

421 1231 612 1305 piunt.

1674 387 2097 454 NICEPHORI
2144 385 2580 451 BLEMMIDE

493 527 584 582 31.
617 529 962 598 Quanquam
993 523 1208 597 planta:
1235 527 1294 579 et
1311 523 1592 580 animalia
1647 524 1800 581 1-12
1823 527 1879 579 et
1936 539 2062 578 om-
2093 527 2142 592 Α

3674 384 3834 455 11Ξ8

2249 520 2349 576 λα’.
2408 519 2670 581 Πλείονος
2735 520 2917 592 μέντοι
2975 524 3083 574 τῶν
3133 518 3319 578 ἄλλων
3374 525 3662 601 στοιχείων
3705 543 3833 597 μετ·-

2179 607 2291 684 έχει
2321 615 2421 678 τῆς
2451 611 2550 685 γῆς
2601 607 2666 662 τά
2714 607 2851 685 φυτᾶ
2900 606 2991 662 καὶ
3040 608 3105 663 τὰ
3163 614 3273 678 ζῶα
3319 611 3406 667 καὶ
3453 612 3554 668 ὅσα
3583 613 3836 689 περίγεια

2177 697 2420 769 σώματα.
2472 699 2733 750 Ἕκαστον
2783 696 2885 770 γὰρ
2935 694 3059 771 περί
3095 698 3187 752 τὸν
3237 700 3435 756 οἰκεῖον
3483 702 3653 758 τόπον
3691 699 3836 776 μᾶλ-

2179 783 2274 838 λον
2306 783 2638 842 πλεονεκτεῖ,
2674 784 2770 839 Καὶ
2823 784 2868 839 εἶ
2913 788 3011 855 τῆς
3056 792 3157 861 γῆς
3206 787 3374 851 τόπος
3421 790 3485 845 τὸ
3539 792 3707 864 μέσον
3740 795 3838 844 τοῦ

2176 874 2396 946 παντὸς,
2453 880 2569 934 τοῖς
2627 873 2773 927 οὗτιν
2836 873 2887 928 έν
2945 879 3024 946 τῷ
3071 875 3226 948 τόπῳ
3282 884 3382 947 τῆς
3425 885 3531 952 γῆς
3570 877 3834 934 πλεῖστον

2179 962 2397 1037 ὑπάρξει
2444 970 2545 1032 τῆς
2588 953 2709 1038 γῆς’
2759 962 2872 1016 εἶτα
2919 963 3008 1018 καὶ
3069 961 3262 1027 ὕδατος
3335 968 3585 1039 μετέσται
3645 967 3838 1030 αὐτοῖς

2177 1049 2335 1126 ἀέρος
2367 1072 2424 1105 τε
2452 1052 2542 1105 καὶ
2572 1051 2741 1126 πυρὸς
2794 1052 2930 1125 πρὸς
2975 1049 3142 1126 λόγον
3175 1060 3275 1123 τῆς
3321 1055 3425 1110 ἀπὸ
3459 1063 3562 1130 γῆς
3595 1072 3838 1124 τουτωνὶ

2174 1143 2281 1192 τῶν
2314 1138 2599 1215 στοιχείων
2630 1145 2863 1208 τοπικῆς
2895 1135 3239 1202 διαστάσεως.

1760 1379 2106 1434 SYNOPSIS
2137 1378 2415 1434 CAPITIS
2446 1378 2567 1449 XII,

424 1498 574 1544 QUOD
604 1497 703 1536 ιετ
734 1497 807 1535 DE
837 1494 1090 1534 FLAMMIS
1119 1493 1481 1534 ARDENTIBUS
1511 1493 1634 1540 ρυλε
1693 1495 1750 1532 ΙΝ
1800 1494 1968 1532 COELO
2023 1493 2340 1543 APPARENT,

2394 1493 2460 1530 ΕΤ
2503 1492 2574 1530 DE
2611 1493 2684 1532 IIS
2740 1493 2871 1540 QU‘E
2918 1492 3120 1533 GAPRE
3168 1495 3235 1534 ET
3285 1495 3455 1536 FACES
3501 1497 3570 1536 ET
3627 1499 3842 1539 ετειιι

1775 1565 1937 1604 DISCU
1946 1565 2197 1603 RRENTES
2237 1563 2534 1602 VOCANTUB

425 1671 484 1728 1.
521 1666 750 1728 Dividit
777 1659 1654 1748 totamrerumfuniversitatem
1684 1663 1965 1748 divisione
1994 1665 2218 1744 integri
2243 1665 2304 1748 in
2329 1672 2532 1742 partes
2560 1682 2694 1748 suas
2707 1684 2745 1748 ’,οἱ
2767 1666 3051 1748 nimirum
3107 1667 3170 1724 in
3223 1667 3515 1748 regionem
3561 1671 3839 1748 superio-

503 1767 626 1806 rem
644 1766 744 1806 seu
770 1746 1158 1825 art/aeriam,et
1177 1747 1518 1822 inferiorem
1545 1764 1645 1825 seu
1675 1745 2101 1804 elementarem.
2128 1778 2204 1787 —
2234 1746 2538 1825 2.7Aerem
2567 1744 2894 1825 suodividit
2913 1747 2976 1805 in
2995 1764 3129 1805 eum
3157 1747 3438 1825 quicirca
3467 1744 3698 1808 terram
3720 1760 3829 1824 est,

497 1837 554 1887 et
574 1828 635 1886 in
655 1845 783 1887 eum
799 1845 990 1906 quem
1011 1824 1154 1906 dicit
1185 1820 1301 1885 esse
1321 1828 1509 1905 ignem
1538 1824 1965 1906 elementarem,
2016 1826 2129 1906 qui
2150 1824 2337 1902 magis
2370 1825 2616 1902 praprie
2650 1820 2967 1895 ὑπέκκαυμα
3005 1820 3243 1885 vocetur
3264 1844 3292 1901 ;
3318 1835 3374 1885 et
3403 1828 3616 1887 iterum
3649 1820 3829 1881 ὑπὲκὲ

499 1925 681 1975 καυμα
709 1904 1040 1966 subdividit
1066 1905 1131 1964 in
1161 1904 1352 1983 magis
1380 1914 1438 1964 et
1463 1905 1655 1964 minus
1678 1923 1919 1984 purum,
1955 1904 2114 1983 quod
2143 1913 2455 1982 utrumque
2480 1912 2623 1963 utet
2649 1922 2842 1964 aerem
2875 1907 3212 1984 continuum
3241 1923 3369 1965 cum
3399 1907 3613 1966 avt/iere
3639 1927 3834 1969 move-

502 1988 564 2046 ri
585 1987 957 2067 pronuntiat,
991 1994 1229 2067 excepto
1259 1984 1378 2067 solo
1407 2003 1480 2067 eo_
1505 1983 1693 2067 aere,
1719 1985 1825 2067 qui
1863 1986 2259 2067 intra__terrae
2305 1985 2744 2067 prominencias
2799 1994 2868 2067 et
2894 1983 3384 2067 ingquabilitates
3423 1989 3769 2047 continetur
3807 2007 3830 2050 :

502 2063 672 2147 quem
705 2080 897 2126 tamen
930 2063 1416 2147 ipsumiulteriore
1441 2063 1741 2147 divisione
1759 2065 1818 2122 in
1847 2083 1976 2147 eum
2010 2063 2417 2147 dispescitqui
2452 2073 2588 2147 tera:
2613 2069 2772 2147 ηαξ
2807 2063 3057 2147 vicinior
3084 2075 3140 2124 et
3153 2065 3404 2142 proinde
3432 2067 3686 2147 calidior
3715 2079 3827 2143 est,

499 2141 559 2205 et
577 2165 705 2205 eum
734 2147 902 2225 quia
935 2141 1096 2227 terra
1121 2145 1402 2227 remotior
1430 2163 1612 2223 eaque
1641 2144 1710 2204 de
1739 2162 1915 2227 causa
1943 2141 2230 2227 frigidior
2263 2141 2590 2203 eisistit—
2621 2146 2680 2203 3.
2713 2143 3025 2227 Dup_l_icem
3054 2163 3134 2227 ρῳ
3142 2141 3302 2227 terra
3331 2155 3385 2227 et
3397 2164 3555 2227 aqna
3579 2141 3832 2209 exlium?

503 2228 715 2285 tionem
734 2223 1016 2308 generari
1069 2223 1338 2308 ostendit,
1364 2243 1712 2308 uaporosam
1743 2233 1796 2282 et
1825 2224 2140 2308 [umidam
2173 2242 2352 2308 quam
2383 2232 2703 2308 utramque
2719 2223 2979 2308 explicat
3006 2234 3063 2284 et
3091 2224 3379 2308 discribit.
3520 2232 3580 2288 4.
3631 2228 3834 2308 Vapo-

500 2325 624 2365 rem
653 2316 706 2364 et
738 2303 1197 2376 exhalationem,
1231 2303 1528 2382 fumidam
1557 2306 1797 2372 scilicet,
1831 2303 2224 2384 aliquousque
2250 2305 2462 2362 mastim
2487 2312 2539 2362 et
2572 2303 2881 2364 indiserete
2899 2304 3124 2384 efferri,
3158 2304 3262 2364 sed
3281 2306 3519 2384 tandem
3567 2303 3826 2382 secerni,

496 2395 552 2445 et
593 2395 904 2465 utrumque
931 2383 1378 2465 sibiqcognatum
1411 2403 1622 2465 corpus
1650 2394 1702 2443 et
1727 2389 2174 2465 convenientem
2201 2383 2388 2465 locum
2417 2401 2696 2462 quaerere.
2720 2419 2797 2427 —
2817 2387 2874 2444 5.
2915 2385 3212 2457 Quatenus
3270 2383 3584 2456 ὑπέκκαυμα
3630 2389 3833 2449 incen-

497 2405 552 2445 ετ
593 2405 904 2465 utrumque
931 2405 1043 2444 εισι
1070 2405 1378 2463 cognatum
1411 2405 1622 2522 cog/ms
1650 2405 1702 2443 ei
1746 2405 2174 2442 convenientem
2201 2405 2388 2442 iocum
2417 2405 2696 2462 quaerere.
2720 2419 2797 2427 —
2817 2405 2874 2444 ο.
2915 2405 3212 2457 quatenus
3270 2405 3584 2456 υπεκκαυμα
3630 2408 3831 2449 incen-

497 2465 697 2538 datur,
729 2476 787 2524 et
814 2463 1098 2544 quomodo
1125 2464 1366 2546 ﬂamma
1396 2482 1484 2546 ar_
1513 2483 1610 2546 ens
1636 2463 1970 2546 efﬁciatur.
1993 2497 2070 2505 —
2098 2464 2171 2546 6._
2196 2463 2498 2546 Quomodo
2543 2473 2764 2546 eceterae
2800 2467 3028 2546 _igmtae
3085 2466 3486 2544 impressiones
3508 2467 3687 2546 ﬁant,
3763 2478 3831 2528 ut

494 2546 755 2624 primum
782 2541 988 2624 capra.
1021 2579 1096 2587 —
1125 2541 1185 2602 Ἷ.
1223 2542 1518 2624 Quomodo
1548 2545 1665 2622 fax
1691 2563 1788 2603 seu
1812 2544 2012 2624 torris.
2045 2577 2123 2585 —
2143 2541 2529 2624 8.70uomodo
2564 2543 2744 2604 stellte
2773 2541 3182 2624 discurrentes“.
3216 2579 3293 2588 —
3322 2547 3382 2605 9.
3417 2541 3642 2607 Stellas
3707 2548 3835 2608 dis-

499 2622 796 2684 currentes
821 2622 875 2684 et
901 2624 1008 2684 lzoc
1035 2633 1093 2683 et
1121 2624 1238 2683 alio
1259 2623 1428 2682 modo
1451 2624 1608 2703 ﬁeri.
1641 2659 1719 2668 —
1752 2627 1848 2683 lO.
1887 2622 2086 2703 Ignem
2118 2623 2229 2703 qui
2250 2623 2581 2682 excretione
2612 2624 2672 2682 in
2684 2623 2877 2703 media
2905 2643 3060 2683 aeris
3098 2625 3336 2703 regione
3367 2636 3692 2703 generatur
3721 2628 3826 2687 id-

502 2703 730 2794 terdum
762 2706 820 2794 in
845 2714 1042 2794 terras.
1052 2715 1106 2763 et
1130 2705 1325 2764 maria
1343 2701 1662 2794 decideret
1673 2713 1727 2794 et
1753 2703 1987 2794 quando
2035 2702 2058 2760 Α

2173 2702 2302 2782 fiat.
2336 2737 2413 2794 -_—
2445 2705 2539 2762 11.
2576 2703 2789 2763 Stellas
2811 2701 3201 2794 discurrentes
3223 2701 3281 2794 ἐν
3335 2701 3417 2774 τῷ
3448 2705 3825 2794 ξιπεκκαῦματι

494 2803 604 2864 per
679 2785 1203 2864 inflammationem
1263 2802 1275 2842 :
1331 2784 1393 2864 in
1442 2800 1576 2843 aere
1620 2783 1937 2862 frigidiore
1967 2800 2078 2864 per
2129 2784 2520 2864 excretianem
2575 2784 2873 2861 generari.
2919 2817 2998 2826 ης
3071 2787 3166 2864 12.
3205 2783 3625 2845 Excretionem
3647 2788 3827 2846 istam

495 2862 720 2945 semper
741 2862 810 2924 in
837 2865 1163 2944 oppositam
1192 2862 1914 2945 condensatz'onispartem
1941 2862 2097 2945 ﬁeri.
2122 2897 2196 2906 —
2220 2864 2315 2945 13.
2353 2863 2670 2945 Occupatio
2701 2883 2902 2922 eorum
2922 2882 3056 2943 quae
3085 2863 3348 2945 deorsum
3375 2866 3827 2945 proﬁciuntur.

492 2939 677 3006 multa
709 2945 770 3004 in
815 2939 1209 3005 transversum
1237 2945 1479 3003 moveri.
1520 2947 1612 3002 14.
1643 2939 1949 3024 Conclutio
1981 2940 2058 3024 ᾀνι

2173 2939 2486 3008 ›αλαιωτική
2503 2939 2632 3022 qua
2654 2939 3200 3013 causa-,materialzs
3228 2953 3287 3024 et
3307 2939 3590 3024 efficiens,
3627 2945 3821 3006 dicto-

493 3044 624 3084 rum
656 3034 1019 3105 spectrorum
1049 3033 1417 3104 repetuntur.
1450 3057 1524 3105 έ-
1556 3025 1649 3083 15.
1679 3021 2113 3105 βονθίἰαζιξωη,
2147 3040 2367 3105 quoex
2395 3021 2595 3105 cursus
2645 3024 2950 3105 uelocitate
3002 3021 3374 3105 arguentium
3426 3028 3820 3105 proponitur,

488 3101 722 3186 spectra
742 3104 902 3164 dicta
933 3101 1152 3177 omnia,
1185 3113 1242 3164 et
1271 3104 1563 3183 imprimis
1581 3101 1885 3163 stellarum
1915 3101 2396 3175 discurrentium,
2433 3102 2604 3181 infra
2637 3101 2834 3163 lunam
2882 3103 3040 3182 ﬁeri.

2011 3215 2217 3228 —

969 3280 1200 3336 CAPUT
1240 3280 1338 3335 XII

411 3371 486 3426 De
516 3371 754 3434 ﬂammis
781 3370 1113 3425 ardentibus
1142 3384 1266 3440 quae
1285 3371 1346 3433 in
1388 3370 1518 3424 creto
1575 3373 1860 3440 apparent,
1920 3377 1971 3424 et
1993 3369 2059 3424 de

480 3442 552 3496 iis
582 3457 703 3512 qum
723 3457 909 3513 capra
932 3444 988 3496 et
1014 3442 1161 3514 faces
1218 3445 1269 3496 et
1315 3442 1496 3502 stellae
1551 3440 1916 3495 discurrentes
1963 3456 2056 3495 vo-

481 3523 703 3568 cantur.

481 3604 638 3656 144
672 3602 719 3655 1.
751 3601 1012 3672 Desuper
1041 3599 1278 3671 quidem
1314 3616 1347 3654 a
1379 3599 1731 3655 ﬁrmamenti
1773 3601 2054 3672 principio

413 3704 603 3760 usque
624 3689 695 3743 ad
719 3687 869 3742 lunae
902 3687 1664 3751 extremitatem,e:thereum
1697 3694 1786 3743 est
1805 3705 2052 3759 corpus;

415 3776 572 3830 infra
601 3779 798 3830 autem
821 3776 891 3830 ad
925 3776 1182 3830 medium
1216 3781 1272 3830 et
1303 3777 1454 3830 circa
1486 3775 1746 3830 medium
1785 3775 2056 3847 gravissi-

416 3880 515 3918 ma
535 3868 592 3918 et
621 3862 1006 3934 frigidissima
1035 3879 1276 3934 corpora
1306 3867 1464 3930 sunt,
1505 3867 1660 3917 terra
1691 3868 1748 3918 et
1804 3879 1956 3933 aqua
1977 3864 2047 3933 5°;

410 3956 468 4006 et
497 3955 650 4006 terra
681 3950 917 4020 quidem
973 3952 1044 4005 ad
1095 3951 1382 4018 medium,
1441 3967 1594 4021 aqua
1643 3957 1838 4007 autem
1901 3953 2054 4006 circa

409 4039 719 4094 medium:
767 4039 918 4093 inter
976 4037 1096 4094 haec
1140 4043 1334 4093 autem
1381 4055 1621 4109 corpora
1675 4043 1733 4094 et
1777 4039 2050 4094 aetherem

406 4143 506 4181 aer
535 4130 644 4191 est,
675 4130 732 4182 et
748 4126 903 4199 ignis
935 4127 1032 4182 ille
1063 4127 1163 4198 qui
1217 4127 1590 4182 elementaris
1642 4134 1881 4182 vocatur
1912 4146 1925 4195 ;
1957 4145 2052 4184 aer

405 4215 644 4286 quidem
672 4221 883 4271 terram
911 4221 969 4270 et
995 4233 1209 4287 aquam
1241 4231 1605 4286 consequens
1631 4234 1644 4284 ;
1679 4221 1811 4287 post
1857 4233 2049 4272 aerem

404 4319 537 4358 vero
566 4303 719 4375 ignis
751 4302 1122 4359 elementaris
1153 4303 1495 4375 collocatus,
1524 4306 1621 4376 qui
1673 4305 1940 4361 diversus
1962 4311 2051 4360 est

405 4392 476 4447 ab
508 4409 574 4447 eo
598 4392 696 4464 qui
731 4399 863 4448 actu
895 4393 1049 4464 ignis
1078 4398 1167 4448 est
1195 4394 1260 4463 δι,
1297 4394 1404 4448 hoc
1427 4397 1537 4461 est,
1564 4394 1664 4464 qui
1699 4393 1826 4448 usui
1851 4397 2048 4449 nostro

407 4480 670 4550 inservit,
701 4485 791 4536 est
820 4497 934 4552 que
963 4497 1236 4537 excessus
1288 4487 1346 4536 et
1401 4481 1568 4552 quasi
1621 4481 2050 4537 effervescentis

407 4569 578 4624 calidi
612 4570 678 4623 ⁵³.

2792 3279 3052 3334 ΚΕΦΔΛ.
3096 3279 3191 3331 ΙΒ’.

2171 3365 2298 3443 Περι
2355 3369 2460 3443 τῷν
2511 3363 2847 3443 φαινομένων
2910 3363 3132 3443 φλργῶν
3187 3367 3492 3443 καιομένων
3525 3368 3676 3443 *περὶ
3731 3370 3826 3423 τὸν

2239 3433 2462 3511 οὐρανὸν
2498 3433 2586 3511 aia}
2616 3433 2735 3511 τῷνΔ
2757 3433 3112 3511 καλουμένων
3165 3433 3359 3511 αἰγῶν,
3399 3439 3488 3492 καὶ
3520 3433 3703 3494 δαλῶν
3731 3442 3825 3494 καὶ

2239 3457 2300 3490 ου
2343 3457 2462 3489 ανον
2498 3457 2586 3489 και
2616 3457 2724 3489 των
2757 3456 3112 3509 καΛουμενων

2239 3456 2418 3562 δαςκῶν
2442 3507 2530 3561 καὶ
2559 3503 2878 3561 διαθεόντων
2907 3507 3162 3583 ἀστέρων.

2236 3598 2300 3652 α’.
2329 3598 2564 3659 ’Ἁνωθεν
2619 3596 2712 3668 μὲν
2763 3595 2869 3649 ἀπὸ
2920 3599 3018 3664 τῆς
3064 3596 3244 3671 ἀρχῆς
3291 3601 3389 3650 τοῦ
3439 3599 3820 3673 στερεώματος

2168 3684 2333 3760 μέχρι
2390 3683 2478 3738 καὶ
2538 3688 2632 3738 τοῦ
2678 3685 2947 3758 τέρματος
3000 3691 3103 3753 τῆς
3167 3682 3406 3755 σελήνης
3460 3687 3523 3740 τὸ
3581 3686 3822 3761 αἰθέριόν

2164 3773 2271 3827 έστι
2305 3778 2483 3845 σῶμα
2517 3773 2662 3826 κάτω
2716 3770 2762 3826 ’δ’
2812 3771 2898 3827 ἐπὶ
2945 3774 3008 3827 τὸ
3042 3774 3200 3846 μέσον
3252 3774 3342 3828 καὶ
3390 3777 3514 3851 περὶ
3558 3777 3620 3830 τὸ
3654 3775 3817 3848 μέσον

2159 3862 2227 3916 τὰ
2273 3866 2378 3915 τῶν
2428 3860 2693 3934 σωμάτων
2750 3861 3023 3936 βαρύτατα
3070 3862 3160 3915 καὶ
3218 3861 3576 3937 ψυχρότατα,
3630 3871 3701 3939 γῆ
3759 3885 3822 3919 τε

2161 3951 2249 4004 καὶ
2282 3947 2448 4024 ὕδωρ·
2482 3951 2517 4018 ἡ
2568 3957 2636 4024 γῆ
2697 3950 2787 4023 μὲν
2843 3949 2932 4003 ἐπι
2981 3951 3043 4004 τὸ
3091 3949 3274 4023 μέσον,
3319 3951 3382 4005 τὸ
3415 3948 3463 4005 δ’
3513 3949 3664 4027 ὕδωρ
3695 3954 3819 4028 περὶ

2159 4039 2221 4093 τὸ
2275 4037 2454 4111 μέσον
2509 4036 2703 4110 μεταξὺ
2753 4034 2810 4092 δὲ
2855 4037 3065 4092 τούτων
3117 4041 3223 4092 τῶν
3270 4039 3538 4111 σωμάτων
3584 4041 3675 4095 καὶ
3719 4046 3817 4095 τοῦ

2162 4127 2370 4201 αἰθέρος
2427 4127 2454 4179 ὁ
2513 4125 2618 4201 ἀήρ
2670 4125 2781 4180 ἐστι
2825 4127 2914 4180 καὶ
2970 4127 3032 4179 τὸ
3084 4123 3423 4200 καλούμενον
3463 4126 3815 4205 στοιχειῶδες

2160 4219 2288 4289 πῦρ,
2324 4214 2588 4288 ἐχόμενος
2643 4215 2738 4285 μὶν
2782 4221 2882 4283 τῆς
2931 4222 3037 4288 γῆς
3080 4214 3169 4268 καὶ
3216 4218 3312 4269 τοῦ
3367 4213 3563 4279 ὕδατος
3612 4218 3640 4272 ὁ
3685 4217 3812 4292 ἀήρ·

2163 4303 2297 4374 μετὰ
2345 4299 2402 4356 δὲ
2450 4302 2540 4355 τὸν
2595 4300 2727 4378 ἀέρα
2770 4301 2833 4355 τὸ
2881 4307 2986 4375 πῦρ
3039 4302 3356 4378 τεταγμένον
3408 4304 3471 4359 τὸ
3521 4310 3809 4382 στοιχειῶ-

2161 4387 2269 4456 δες,
2301 4387 2442 4444 ἄλλο
2480 4390 2752 4464 τυγχάνον
2799 4390 2946 4465 παρὰ
2990 4389 3054 4444 τὰ
3099 4389 3411 4466 ἐντελεχείᾳ
3461 4397 3591 4468 πῦρ,
3641 4392 3811 4469 ἤγουν

2156 4478 2219 4531 τὸ
2262 4475 2587 4548 διακονικὸν,
2635 4477 2768 4552 ὅπερ
2814 4477 2953 4532 ἐστὶν
3006 4477 3313 4554 ὑπερβολὴ,
3364 4479 3455 4534 καὶ
3508 4483 3621 4536 οἷον
3677 4481 3811 4551 ζέσις

2158 4568 2382 4642 Θερμοῦ.

473 4657 528 4710 2.
561 4656 737 4712 Porro
770 4656 920 4713 aeris
953 4658 1049 4729 qui
1085 4662 1318 4733 propter
1349 4657 1406 4711 id
1440 4657 1593 4728 quod
1652 4656 1834 4712 vincit
1864 4658 1923 4712 in
1981 4675 2047 4714 eo

2237 4656 2302 4730 β’.
2362 4660 2466 4710 Τοῦ
2526 4653 2583 4710 δὲ
2640 4653 2938 4730 λεγομένου
2996 4655 3154 4731 ἀέρος
3233 4656 3322 4712 διὰ
3375 4659 3437 4712 τὸ
3497 4659 3812 4732 ἐπικρατοῦν

407 4743 492 4798 sic
521 4745 756 4813 dicitur,
789 4763 924 4817 pars
954 4751 1123 4801 terra:
1153 4747 1362 4814 vicina,
1413 4744 1655 4800 humida
1680 4750 1769 4800 est
1798 4747 2048 4802 maxime

403 4836 462 4886 et
482 4832 692 4889 calida.
727 4833 950 4888 Etenim
999 4833 1166 4890 siccae
1217 4833 1455 4906 quidem
1512 4833 1685 4888 etiam
1729 4833 2046 4890 exhalatio-

403 4919 555 4973 nise
616 4926 769 4976 terra
824 4927 912 4976 est
971 4922 1316 4994 particeps;
1379 4921 1510 4992 plus
1569 4925 1760 4976 tamen
1818 4922 2051 4994 vaporis

405 5005 690 5062 humidis.
710 5008 1060 5079 Hujusmodi
1091 5010 1273 5081 igitur
1301 5014 1391 5064 est
1418 5007 1579 5064 illius
1604 5007 1875 5064 elementi
1894 5010 2048 5081 quod

405 5108 600 5148 aerem
631 5095 997 5166 appellamus
1027 5113 1094 5152 ea
1151 5114 1286 5169 pars
1317 5113 1442 5168 quae
1498 5100 1666 5151 terrae
1696 5097 1885 5152 vicina
1939 5102 2048 5153 est.

402 5180 539 5243 Quae
570 5188 767 5237 autem
799 5184 1110 5240 sublimior
1129 5191 1218 5240 est
1252 5184 1371 5250 illa,
1400 5183 1590 5240 calida
1634 5186 1759 5256 jam
1791 5191 1848 5241 et
1900 5185 2050 5242 sicca

401 5273 509 5322 est.
535 5269 723 5340 Atque
746 5269 840 5326 hic
871 5272 1024 5343 ignis
1066 5273 1162 5328 ille
1192 5277 1301 5340 est,
1334 5271 1433 5344 qui
1483 5271 1856 5328 elementaris
1886 5290 2052 5330 voca-

405 5360 528 5424 tur,
568 5358 661 5426 qui
707 5357 839 5414 licet
866 5359 1020 5430 ignis
1074 5365 1350 5416 consueto
1381 5377 1540 5416 more
1571 5361 1816 5430 dicatur,
1869 5361 2056 5434 magis

403 5446 625 5498 tamem
682 5447 913 5518 proprie
971 5447 1306 5518 ὑπέκκαυμα,
1339 5448 1396 5503 id
1438 5455 1544 5521 est,
1595 5451 1919 5518 succensio,
1953 5467 2056 5506 seu

398 5531 605 5603 fomes,
638 5541 896 5590 vocatur.
940 5538 1326 5592 Succenditur
1368 5537 1523 5592 enim
1585 5556 1736 5611 saepe
1781 5541 2058 5612 exiguum

2157 4743 2278 4798 ὅσον
2316 4744 2408 4816 μὲν
2458 4745 2581 4819 περὶ
2619 4744 2719 4812 τήν
2771 4746 2870 4819 γῆν
2919 4743 3082 4819 ὑγρόν
3134 4744 3242 4800 ἐστι
3298 4745 3536 4818 μάλιστα
3566 4748 3656 4803 καὶ
3692 4759 3808 4823 θερ-

2163 4834 2260 4904 μὸν
2292 4831 2531 4908 (μετέχει
2565 4833 2657 4905 μὶν
2699 4831 2799 4907 γὰρ
2849 4831 2940 4885 καί
2987 4852 3135 4895 τινος
3184 4832 3596 4907 ἀναθυμιάσεως
3646 4836 3810 4911 ξηρᾶς

2160 4919 2218 4974 ἐκ
2247 4926 2346 4989 τῆς
2374 4922 2519 4995 γῆς)·
2551 4921 2614 4975 τὸ
2640 4917 2698 4974 δὲ
2724 4917 2891 4974 πλέον
2933 4919 3162 4994 ἀτμίδος
3211 4921 3351 4977 ἐστὶν
3395 4923 3584 4999 ὑγρᾶς.
3614 4924 3687 4978 Τὸ
3721 4924 3813 4997 μὶν

2161 5007 2251 5063 οῦν
2283 5009 2406 5084 περὶ
2436 5009 2532 5077 τὴν
2559 5011 2657 5085 γῆν
2679 5013 2776 5063 τοῦ
2797 5007 2884 5086 ὐφ’
2908 5011 3068 5082 ἡμῶν
3091 5009 3436 5084 καλουμένου
3457 5010 3619 5089 ἀέρος
3639 5015 3817 5067 τοιοῦ-

2159 5116 2272 5150 τον·
2305 5098 2367 5151 τὸ
2400 5093 2445 5151 δ’
2475 5096 2606 5172 ὑπὲρ
2635 5100 2796 5151 τοῦτο
2829 5096 3026 5170 θερμὸν
3059 5098 3149 5152 καὶ
3172 5097 3333 5172 ξηρὸν
3364 5096 3619 5170 ἤδη.Καὶ
3655 5098 3813 5154 τοῦτό

2165 5184 2274 5240 ἐστι
2332 5183 2668 5257 καλούμενον
2725 5181 3074 5259 στοιχειῶδες
3131 5191 3258 5262 πῦρ,
3319 5188 3347 5243 ὃ
3398 5185 3487 5242 διὰ
3533 5191 3810 5259 συνήθειαν

2165 5272 2377 5349 λέγεται
2435 5278 2582 5348 πῦρ·
2642 5274 2969 5349 κυριώτερον
3031 5271 3089 5328 δὲ
3143 5273 3389 5331 καλεῖται
3451 5277 3809 5350 ὑπέκκαυμα.

2163 5362 2528 5417 Ὑπεκκαίεται
2578 5363 2679 5438 γὰρ
2737 5359 3012 5424 πολλάκις
3071 5371 3266 5439 μικρᾶς
3342 5364 3602 5441 έπιτυχὸν
3657 5366 3810 5435 κινή-

2168 5471 2326 5518 σεως,
2383 5451 2471 5505 καὶ
2525 5455 2631 5527 πῦρ
2690 5449 3062 5505 έντελέστατον
3119 5451 3343 5528 γίνεται.
3402 5459 3573 5509 Τοῦτο
3633 5451 3698 5522 δὴ
3747 5453 3810 5507 τὸ

2171 5539 2487 5613 ὑπέκκαυμα
2533 5540 2757 5615 συνεχές
2814 5538 2923 5594 ἐστι
2980 5543 3060 5614 τῷ
3115 5540 3309 5618 αἰθέρι.
3371 5543 3516 5600 Κατὰ
3569 5541 3672 5620 γὰρ
3715 5541 3811 5612 τήν

473 5654 574 5714 ⁸⁰1
627 5658 940 5734 Meteor.o,
975 5663 1029 5718 3.
1059 5664 1103 5703 δι
1135 5663 1172 5715 2
1229 5661 1311 5717 De
1367 5661 1496 5719 oriu
1557 5665 1613 5717 et
1665 5649 1905 5722 interitu
1958 5681 2008 5725 ο.

2173 5665 2207 5709 ⁵³
2241 5667 2268 5727 1
2306 5666 2442 5726 Met.
2476 5682 2522 5725 ο.
2560 5663 2614 5726 3.
