4024 6446
201 437 360 496 1129

1517 433 1864 494 EPITOME
1911 435 2268 494 PHYSICA.

3441 438 3598 498 1130

189 566 386 638 κοίλην
437 564 742 644 ἐπιφάνειαν
800 573 903 635 τῆς
961 566 1286 635 σεληνιακῆς
1340 564 1566 643 σφαίρας
1601 610 1614 634 ,
1665 564 1826 636 τούτιι

1957 568 2131 622 etiam
2168 573 2391 624 motum
2453 573 2764 624 consecuta
2821 573 2876 624 et
2933 569 3395 641 perfectissimus
3441 573 3588 628 145

190 655 553 727 συνάπτεται,
611 656 701 710 καὶ
762 653 941 732 ὥσπερ
999 660 1096 710 τοῦ
1155 653 1364 730 αἰθέρος
1417 657 1478 709 τὸ
1548 656 1640 726 μὲν
1701 653 1838 709 ἔστιν

189 745 513 822 εἰλικρινές,
560 745 624 800 τὸ
669 742 715 799 δ’
762 747 922 814 ἧττον
971 744 1246 819 καθαρὸν,
1295 744 1384 798 καὶ
1437 743 1671 817 μάλιστα
1718 742 1839 798 ὅσον

185 834 299 890 ἐστὶ
356 834 481 910 περὶ
536 835 634 903 τὴν
694 834 830 888 κατά
882 832 946 888 τὸ
1015 833 1333 905 ὑπέκκαυμα
1392 833 1625 910 συναφὴν
1655 879 1671 905 ,
1731 833 1842 886 οἷον

189 922 509 996 ὑποστάθμη
560 927 658 978 τοῦ
695 922 912 997 αἰθέρος
961 917 1042 976 ἔν’
1093 921 1236 976 οὕτω
1285 919 1353 990 δὴ
1403 922 1492 976 καὶ
1535 925 1633 976 τοῦ
1682 922 1841 976 ὑπεκ-

185 1013 464 1085 καύματος
537 1011 601 1066 τὸ
661 1011 755 1084 μὲν
816 1009 958 1066 ἔστιν
1025 1009 1169 1072 ὅλως
1228 1011 1424 1085 θερμὸν
1481 1009 1572 1064 καὶ
1631 1009 1837 1085 ξηρὸν,

185 1100 315 1156 ὅσον
367 1101 479 1155 ἄνω
536 1097 748 1174 μᾶλλον
798 1100 890 1154 καὶ
937 1103 1038 1154 τοῦ
1086 1098 1300 1174 αἰθέρος
1350 1097 1653 1175 ἐγγύτερον,
1701 1099 1763 1152 τὸ
1795 1095 1841 1152 δ’

184 1192 348 1258 ἦττον
399 1193 650 1244 τοιοῦτον
685 1235 699 1260 ,
760 1187 883 1243 ὅσον
957 1187 1248 1263 κατωτέρω
1319 1186 1408 1241 καὶ
1463 1191 1560 1241 τοῦ
1625 1186 1838 1262 αἰθέρος

186 1279 488 1354 ἀπώτερον.
543 1276 867 1353 Φερομένων
924 1276 1024 1351 γὰρ
1074 1275 1264 1348 κύκλῳ
1328 1279 1426 1330 τοῦ
1481 1271 1698 1350 αἰθέρος
1750 1275 1840 1329 καὶ

183 1372 294 1423 τῶν
346 1366 398 1422 ἐν
447 1365 594 1438 αύτῷ
637 1366 929 1440 σωμάτων,
977 1365 1039 1420 τὸ
1086 1365 1355 1440 προσεχὲς
1404 1363 1485 1419 ἀεὶ
1531 1368 1601 1437 τῇ
1630 1361 1840 1434 κινήσεί

188 1446 595 1532 διακρινόμενον
647 1454 969 1530 ἐκπυροῦται
998 1500 1014 1526 ,
1065 1453 1154 1508 καὶ
1203 1449 1312 1508 ἔστι
1356 1452 1680 1528 θερμότερον
1734 1454 1836 1525 μά-

186 1543 345 1600 λιστα
386 1543 478 1598 καὶ
529 1541 836 1619 ξηρότερον.
887 1545 1046 1596 Ὅσον
1093 1539 1151 1596 δὲ
1194 1546 1291 1596 τοῦ
1349 1540 1558 1618 αἰθέρος
1613 1539 1840 1619 ἀφέστη-

184 1636 464 1707 κεν,ἦττον
526 1633 757 1709 ὑπάρχει
803 1636 1050 1687 τοιοῦτον
1121 1631 1255 1706 πρὸς
1330 1629 1496 1706 λόγον
1550 1633 1648 1699 τῆς
1709 1630 1840 1685 ἀπο-

179 1725 440 1784 στάσεως.
502 1726 844 1797 Συγκινεῖται
898 1719 955 1775 δὲ
1003 1725 1082 1792 τῷ
1137 1718 1308 1796 αἰθέρι
1364 1719 1500 1774 κατὰ
1559 1717 1726 1793 λόγον
1773 1719 1837 1772 τὸ

181 1813 319 1868 ἅπαν
395 1809 716 1883 ὑπέκκαυμα
764 1830 777 1842 ·
855 1809 1180 1888 συμφέρεται
1257 1806 1315 1863 δέ
1384 1829 1501 1870 πως
1581 1805 1668 1862 διὰ
1738 1809 1838 1876 τὴν

179 1901 458 1976 συνέχειαν
489 1900 642 1955 καὶὸ
689 1897 952 1972 ἐλόμενος
999 1897 1196 1953 τούτου
1244 1898 1372 1973 ἀήρ·
1404 1896 1550 1966 πλὴν
1601 1901 1700 1952 τοῦ
1745 1891 1835 1950 ὅν-

178 2011 274 2052 τος
331 1989 479 2051 ἐντὸς
525 1993 632 2043 τῶν
678 1994 778 2057 τῆς
826 1991 928 2064 γῆς
981 1986 1184 2062 ἐξοχῶν
1242 1986 1334 2041 καὶ
1391 1985 1832 2062 ἀναπληροῦντος

176 2080 274 2141 τὰς
323 2075 642 2152 ἀνωμαλίας
697 2083 799 2146 τῆς
858 2079 962 2151 γῆς
1020 2076 1110 2130 καὶ
1167 2074 1554 2151 ἀπαρτίζοντος
1609 2073 1829 2147 ταύτην,

175 2168 256 2230 ὡς
313 2167 446 2222 εἶναι
508 2163 827 2243 σφαιροειδῆ
885 2163 976 2220 σὺν
1036 2164 1200 2236 αὐτῷ·
1258 2163 1416 2219 οὗτος
1465 2164 1568 2240 γὰρ
1601 2162 1699 2217 ούκ
1728 2159 1826 2235 ἔτι,

173 2254 366 2329 κύκλῳ
441 2255 864 2330 συμπεριάγεται
902 2271 914 2283 ⁸
975 2251 1114 2308 διότι
1172 2249 1397 2328 θολερὸς
1453 2252 1542 2306 καὶ
1599 2250 1779 2326 παχὺς
1811 2296 1826 2323 ,

174 2345 455 2409 κάντεῦθεν
518 2343 812 2420 βαρύτερος
867 2343 957 2398 καὶ
1028 2341 1344 2412 δυσκίνητος
1377 2361 1391 2374 ο
1450 2339 1536 2395 ὅτι
1608 2341 1698 2395 καὶ
1750 2346 1830 2414 τῷ

177 2431 332 2489 ὕδατι
390 2433 481 2488 καὶ
535 2436 605 2507 τῇ
662 2439 730 2508 γῆ
784 2432 1066 2508 συγγενής’
1118 2428 1247 2492 ἴσως
1295 2431 1385 2484 καὶ
1431 2433 1538 2484 τῶν
1587 2429 1722 2484 κατᾶ
1761 2430 1830 2484 τὰ

172 2517 279 2599 ὄρη
321 2522 526 2597 ἐξοχῶν
576 2520 909 2576 κωλυουσῶν
955 2519 1118 2574 αὑτοῦ
1164 2520 1263 2587 τὴν
1317 2517 1650 2592 μετάστασιν.
1690 2518 1824 2572 Τού-

167 2633 273 2667 του
325 2609 393 2681 δὴ
442 2615 538 2666 τοῦ
587 2612 742 2685 ἀέρος
786 2614 884 2665 τοῦ
937 2611 1013 2682 μὴ
1061 2607 1478 2685 συγκινουμένου
1534 2613 1612 2680 τῷ
1665 2609 1826 2663 ὑπεκ-

165 2700 404 2774 καύματι
468 2699 591 2754 ὅσον
654 2697 1031 2774 ἀπογειότερόν
1091 2696 1223 2769 ἐστι,
1281 2702 1441 2752 τοῦτο
1492 2694 1550 2751 δὲ
1597 2697 1686 2751 καὶ
1725 2699 1826 2770 ψυ-

167 2789 436 2866 χρότερον
462 2809 474 2822 ⁸
515 2787 606 2843 διὰ
653 2789 716 2842 τὸ
773 2789 902 2860 μήθ’
933 2787 1037 2842 ὑπὸ
1081 2789 1342 2858 κινήσεως
1393 2786 1525 2858 μήθ’
1575 2786 1677 2840 ὑπὸ
1718 2790 1827 2841 τῶν

173 2879 423 2948 ἡλιακῶν
483 2877 710 2932 ἀκτίνων
747 2875 1148 2949 ἀνακλωμένων
1198 2874 1590 2951 θερμαίνεσθαι.
1654 2880 1826 2948 Προσ-

167 2971 484 3023 πιπτουσῶν
541 2966 643 3043 γὰρ
697 2969 804 3019 τῶν
867 2963 1115 3033 ἡλιακῶν
1175 2963 1404 3019 ἀκτίνων
1461 2967 1528 3037 τῇ
1579 2966 1674 3038 γῇ,
1733 2963 1824 3018 καὶ

173 3056 343 3112 πάλιν
399 3055 458 3110 ἐκ
511 3055 713 3126 ταύτης
774 3051 1196 3127 ἀνακλωμένων,
1254 3055 1324 3126 τῇ
1384 3049 1554 3126 διπλῇ
1601 3049 1824 3127 παρόδῳ

169 3143 521 3220 θερμαίνεται
562 3190 578 3217 ,
638 3144 667 3197 '6
750 3139 964 3215 μᾶλλον
1037 3140 1454 3218 προσγειότερόν
1531 3139 1640 3194 ἐστι
1724 3144 1822 3194 τοῦ

168 3233 350 3309 ἀέρος·
410 3233 472 3287 τὸ
529 3229 576 3286 δ’
633 3231 1016 3307 ἀπογειότερον
1093 3229 1322 3293 καθόσον
1387 3228 1768 3304 ἀπογειότερον
1804 3272 1819 3299 ,

164 3323 307 3378 κατά
360 3325 617 3376 τοσοῦτον
677 3320 739 3375 οὐ
803 3317 1018 3396 δέχεται
1072 3321 1170 3388 τὴν
1222 3317 1281 3373 ἐκ
1324 3324 1424 3388 τῆς
1479 3317 1821 3380 ἀνακλάσεως

160 3415 279 3465 τῶν
335 3409 563 3464 ἀκτίνων
623 3408 950 3485 θερμότητα.
1008 3409 1373 3480 Ἐξασθενοῦσι
1430 3407 1530 3483 γὰρ
1587 3407 1643 3460 αἱ
1691 3405 1816 3460 ἀνα-

163 3496 413 3570 κλάσεις,
447 3497 522 3559 εἰς
546 3497 724 3572 ἀχανῆ
755 3498 846 3553 τὸν
874 3497 1004 3572 ἀέρα
1032 3495 1313 3572 χεομένων
1339 3500 1446 3550 τῶν
1479 3494 1706 3550 ἀκτίνων
1729 3495 1818 3550 καὶ

162 3584 537 3660 σκιδναμένων
548 3628 560 3640 .

1953 657 2108 730 ignis
2140 659 2410 713 efﬁcitur.
2444 659 2572 712 Haec
2607 658 2884 712 nimirum
2919 659 3222 714 succensio
3279 659 3472 716 athcri
3507 668 3596 717 est

1952 747 2227 802 continua
2260 766 2271 815 ;
2305 749 2520 818 quippe
2543 748 2733 818 quoad
2764 764 3076 803 concavam
3110 747 3336 803 lunaris
3357 750 3596 819 sphaera

1948 837 2313 907 superﬁciem
2363 835 2450 890 illi
2509 837 2901 908 conjungitur.
2949 839 3029 892 Ac
3089 839 3594 909 quemadmodum

1951 925 2180 980 atheris
2211 942 2347 996 pars
2380 925 2494 980 alia
2523 926 2762 996 quidem
2795 926 3043 996 sincera,
3076 926 3190 982 alia
3216 944 3348 982 vero
3395 928 3594 984 minus

1950 1031 2097 1085 pura
2126 1018 2234 1081 est,
2266 1019 2323 1069 et
2351 1015 2409 1068 in
2444 1015 2648 1086 primis
2679 1031 2748 1071 ea
2779 1031 2903 1085 quae
2949 1032 3083 1071 cum
3141 1016 3522 1073 succensione
3550 1017 3595 1052 ⁵³

1950 1102 2346 1175 conjungitur,
2390 1119 2516 1174 quas
2583 1102 2762 1159 veluti
2845 1103 2954 1158 faex
3008 1107 3097 1159 est
3151 1104 3385 1160 aetheris
3435 1123 3447 1160 :
3509 1106 3593 1160 ita

1949 1191 2172 1246 scilicet
2218 1191 2392 1246 etiam
2453 1191 2675 1247 fomitis
2724 1208 2860 1263 pars
2909 1193 3177 1263 quaedam
3208 1197 3298 1248 est
3353 1194 3590 1250 omnino

1949 1279 2138 1335 calida
2165 1285 2223 1336 et
2252 1280 2423 1336 sicca.
2456 1286 2674 1352 quanto
2705 1280 3017 1335 sublimior
3045 1284 3100 1336 et
3121 1281 3322 1337 aetheri
3351 1283 3588 1354 propin-

1949 1369 2119 1440 quior
2148 1374 2236 1424 est
2269 1394 2283 1437 ;
2314 1370 2580 1441 quaedam
2611 1373 2807 1424 autem
2839 1387 2955 1425 non
2984 1371 3068 1424 ita
3107 1369 3298 1426 calida
3325 1375 3380 1426 et
3412 1371 3586 1441 sicca,

1949 1462 2165 1529 quanto
2197 1458 2436 1514 inferior
2463 1463 2521 1514 et
2551 1458 2623 1512 ab
2655 1458 2867 1513 mthere
2897 1459 3192 1514 remotior.
3225 1459 3370 1514 Cum
3429 1461 3588 1516 enim

1947 1547 2124 1603 aether
2153 1551 2210 1603 et
2239 1563 2364 1619 quae
2413 1547 2473 1602 in
2533 1547 2660 1618 ipso
2720 1551 2861 1603 sunt
2890 1564 3152 1618 corpora,
3184 1547 3243 1603 in
3303 1548 3587 1605 circulum

1944 1635 2251 1691 volvantur
2282 1653 2294 1690 :
2331 1636 2486 1708 quod
2535 1636 2582 1690 ei
2643 1635 2890 1691 coharet
2912 1637 2955 1673 δι
2990 1640 3268 1709 perpetuo
3300 1642 3463 1692 motu
3495 1654 3586 1694 se-

1946 1728 2171 1779 cretum
2202 1723 2689 1795 inﬂammatur,et
2719 1740 2951 1780 summe
2980 1724 3236 1780 calidum
3269 1730 3445 1798 atque
3475 1726 3587 1783 sic-

1945 1828 2078 1867 cum
2107 1817 2198 1868 est
2229 1831 2242 1880 ;
2271 1814 2427 1885 quod
2473 1818 2668 1868 autem
2700 1812 2773 1868 ab
2804 1812 3017 1868 aathere
3081 1812 3282 1881 distat,
3343 1832 3447 1886 pro
3499 1815 3585 1870 di-

1944 1900 2170 1956 stantia
2201 1901 2425 1957 ratione
2457 1901 2655 1956 minus
2687 1900 2940 1956 calidum
2972 1905 3030 1957 et
3059 1901 3282 1957 siccum
3311 1907 3419 1958 est.
3449 1903 3481 1958 J
3490 1920 3585 1959 am

1939 2004 2071 2044 vero
2103 2006 2239 2044 cum
2268 1989 2478 2045 aethere
2509 1990 2781 2046 universa
2810 1990 3114 2045 succensio
3173 1994 3400 2046 servata
3446 2008 3585 2062 pro-

1941 2078 2204 2148 portione
2235 2077 2412 2133 simul
2445 2082 2730 2143 movetur,
2763 2079 2864 2134 sed
2895 2081 2953 2133 et
2999 2082 3240 2150 propter
3283 2079 3583 2136 continui-

1941 2169 2119 2222 tatem
2151 2167 2500 2238 conjunctus
2530 2166 2617 2221 illi
2647 2183 2746 2223 aer
2776 2167 3210 2238 quodammodo
3242 2169 3580 2239 movetur“;

1941 2254 2026 2309 illi
2075 2261 2310 2327 excepto
2358 2256 2460 2326 qui
2510 2255 2665 2311 intra
2710 2255 3134 2328 prominentias
3187 2260 3352 2312 terrm
3383 2260 3492 2327 est,
3527 2261 3584 2312 et

1939 2343 2426 2415 inequabilitates
2455 2347 2622 2399 terrae
2652 2343 2859 2416 replet,
2901 2349 2966 2399 ut
2990 2343 3121 2416 ipsa
3165 2361 3299 2399 cum
3329 2361 3396 2400 eo
3427 2344 3581 2400 orbi-

1938 2431 2152 2488 cularis
2181 2433 2277 2488 sit.
2312 2433 2438 2488 Non
2474 2432 2630 2488 enim
2679 2433 2934 2504 amplius
2982 2433 3078 2487 hic
3127 2433 3187 2487 in
3220 2434 3420 2489 orbem
3468 2434 3579 2490 cir-

1937 2521 2290 2592 cumagitur,
2322 2521 2463 2592 quia
2490 2521 2766 2576 turbidus
2795 2527 2852 2577 et
2891 2538 3128 2578 crassus
3159 2526 3216 2578 et
3245 2521 3382 2578 hinc
3402 2522 3580 2579 etiam

1935 2609 2164 2680 gravior
2192 2613 2302 2680 est,
2335 2615 2392 2664 et
2421 2609 2710 2680 ejusmodi
2743 2611 2898 2666 146
2953 2610 3054 2681 qui
3103 2609 3418 2666 difficulter
3461 2627 3583 2667 mo-

1934 2697 2054 2752 veri
2087 2702 2306 2769 queat;
2344 2697 2483 2769 quia
2512 2702 2638 2753 tum
2687 2715 2850 2769 aquas
2905 2701 3032 2753 tum
3083 2702 3248 2754 terrea
3297 2704 3579 2772 cognatus

1934 2790 2044 2852 est,
2079 2802 2143 2842 ac
2172 2786 2319 2842 forte
2348 2786 2524 2841 etiam
2555 2790 2863 2858 propterea
2891 2788 3046 2858 quod
3104 2788 3394 2843 montium
3426 2789 3577 2844 emi-

1935 2875 2141 2930 nentiae
2172 2875 2581 2948 migrationem
2612 2877 2739 2947 ejus
2797 2875 3149 2947 impediunt.
3203 2877 3388 2948 Hujus
3435 2894 3577 2934 sane

1933 2965 2086 3020 aeris
2110 2981 2246 3037 pars
2275 2980 2345 3019 ea
2400 2981 2527 3035 qua
2586 2981 2720 3020 cum
2781 2965 3166 3020 succensione
3221 2965 3400 3021 simul
3457 2983 3573 3022 non

1933 3057 2217 3122 movetur,
2251 3057 2472 3124 quanto
2502 3070 2535 3107 a
2558 3057 2714 3108 terra
2743 3057 2832 3109 est
2858 3053 3156 3120 remotior,
3187 3057 3349 3109 tanto
3396 3054 3572 3109 etiam

1931 3141 2197 3213 frigidior
2227 3146 2316 3198 est
2349 3159 2362 3197 :
2396 3146 2702 3214 propterea
2750 3141 2904 3212 quod
2961 3157 3066 3196 nec
3121 3159 3155 3197 a
3186 3147 3348 3197 motu
3405 3159 3511 3198 nec
3540 3159 3575 3198 a

1931 3231 2111 3286 radiis
2168 3230 2460 3286 solaribus
2492 3230 2740 3298 caleﬁat,
2792 3246 2926 3284 cum
2978 3230 3396 3301 refringuntur.
3426 3230 3572 3286 Cum

1851 3303 1894 3370 C
1933 3319 2089 3375 enim
2121 3319 2342 3376 solares
2372 3318 2520 3374 radii
2549 3319 2609 3372 in
2657 3323 2870 3374 terram
2927 3319 3216 3387 incidunt,
3269 3322 3327 3374 et
3377 3319 3572 3376 denuo

1927 3424 1996 3464 ex
2043 3409 2171 3480 ipsa
2220 3407 2639 3478 refringuntur,
2697 3406 2916 3478 duplici
2946 3407 3196 3463 transitu
3255 3406 3446 3463 calefit
3502 3425 3572 3464 ea

1929 3515 2063 3571 pars
2095 3497 2246 3552 aeris
2275 3513 2406 3567 quae
2434 3500 2597 3552 terras
2629 3500 2720 3551 est
2755 3496 2998 3551 vicinior
3030 3513 3044 3564 ;
3077 3512 3203 3567 quae
3249 3501 3446 3553 autem
3481 3502 3571 3553 est

1928 3585 2450 3656 remotior,quanto
2473 3585 2841 3652 remotior,ea
2860 3585 2930 3640 de
2961 3601 3140 3640 causa
3169 3602 3237 3640 ex
3267 3586 3568 3641 radiorum

163 3677 519 3734 retractione
549 3675 800 3734 calorem
831 3693 947 3733 non
977 3676 1202 3748 recipit.
1237 3675 1552 3732 Debiliores
1585 3674 1743 3731 enim
1763 3675 1807 3710 ⁵⁸
1835 3675 1986 3730 ﬁunt
2015 3675 2184 3738 radii,
2215 3691 2348 3730 cum
2379 3675 2438 3729 in
2469 3678 2702 3730 vastum
2755 3690 2948 3730 aerem
2995 3674 3324 3730 funduntur
3360 3679 3418 3730 et
3447 3675 3567 3732 dis-

167 3766 225 3824 si
232 3771 469 3839 pantur.

243 3855 314 3927 γ’,
367 3853 581 3908 Τούτων
627 3851 801 3913 οὕτως
859 3851 1226 3925 ὑποκειμένων
1286 3849 1598 3930 σαφίστερον
1651 3849 1812 3906 εἷ’πω-

165 3963 293 4017 μεν,
321 3941 405 3996 ὅτι
432 3944 532 4010 τῆς
563 3947 668 4016 γῆς
722 3940 812 3995 καὶ
855 3944 952 3995 τοῦ
1001 3938 1195 4002 ὕδατος
1228 3941 1330 3995 ὑπὸ
1373 3944 1470 3994 τοῦ
1499 3939 1663 4008 ἡλίου
1692 3941 1812 4016 θερ-

165 4030 540 4104 μαινομένων,
589 4027 716 4098 ἤτοι
761 4031 860 4098 τῆς
918 4036 1022 4104 γῆς
1079 4028 1246 4098 αὐτῆς
1292 4029 1382 4082 καὶ
1429 4030 1621 4089 παντὸς
1653 4027 1816 4104 ὑγροῦ

154 4124 266 4175 τοῦ
315 4118 367 4173 έν
411 4118 545 4193 αὐτῇ
593 4118 684 4174 καὶ
740 4118 863 4194 περὶ
915 4117 1104 4189 αὐτὴν,
1152 4115 1411 4195 διάφορος
1466 4117 1817 4188 ἀναθυμίασις

156 4205 392 4284 γίνεται·
441 4206 532 4261 καὶ
583 4208 619 4276 ἡ
657 4207 750 4279 μὲν
806 4205 865 4260 έκ
910 4210 1009 4260 τοῦ
1055 4206 1217 4282 ὑγροῦ
1267 4206 1426 4281 ὑγρ),
1476 4205 1598 4273 ἥτις
1637 4202 1818 4259 καλεῖ-

160 4315 259 4351 ται
309 4295 490 4368 ἀτμίςο
541 4297 577 4365 ἡ
610 4292 654 4349 δ’
685 4295 775 4349 ἀπ’
826 4294 992 4364 αὐτῆς
1044 4301 1144 4364 τῆς
1193 4293 1375 4356 οὐσίας
1420 4300 1519 4363 τῆς
1567 4295 1690 4369 γῆς,
1723 4293 1815 4364 ξη-

161 4389 271 4462 ρᾶς
330 4379 518 4455 οὔσης,
575 4384 756 4459 ξηρὰ,
817 4383 938 4454 ἥτις
997 4383 1086 4438 καὶ
1159 4380 1452 4452 καπνώδης
1513 4382 1603 4437 καὶ
1659 4402 1817 4436 πνευ-

165 4469 434 4548 ματώδης
480 4472 832 4546 ἀναθυμίασις
882 4471 1114 4549 λέγεται’
1161 4473 1250 4527 καὶ
1305 4471 1492 4534 ἁπλῶς
1542 4469 1685 4526 οὕτω
1728 4470 1818 4525 καὶ

161 4557 492 4636 ἀδιορίστως
548 4559 900 4634 ἀναθυμίασις
955 4560 1274 4634 ὀνομάζεται
1319 4603 1332 4617 .
1398 4560 1704 4634 Μετέχουσι
1763 4556 1820 4613 δὲ

1995 3855 2049 3908 3.
2102 3852 2204 3907 His
2251 3852 2336 3908 ita
2387 3852 2701 3908 substratis
2748 3851 2963 3908 clarius
3010 3851 3091 3907 ita
3140 3852 3504 3908 disseramus
3545 3869 3560 3907 :

1925 3957 2060 3997 cum
2090 3948 2244 3996 terra
2272 3945 2328 3996 et
2357 3958 2510 4012 aqua
2539 3940 2814 3997 oalefiunt
2844 3957 2879 3996 a
2906 3939 3046 4008 sole,
3080 3941 3268 4013 ipsius
3298 3939 3566 3997 videlicet

1924 4034 2089 4086 terrae
2120 4030 2429 4102 omnisque
2450 4029 2678 4084 humidi
2701 4030 2856 4101 quod
2889 4034 2976 4086 est
3003 4031 3153 4086 inea
3180 4035 3238 4085 et
3261 4029 3415 4086 circa
3435 4045 3565 4085 eam

1924 4119 2095 4174 variae
2147 4117 2540 4174 exhalationes
2598 4119 2932 4174 efﬁciuntur
2980 4138 2996 4174 :
3038 4136 3156 4175 una
3211 4119 3446 4191 quidem
3497 4135 3566 4174 ex

1927 4207 2170 4262 humido
2199 4206 2462 4273 humida,
2515 4223 2641 4278 qua
2691 4224 2870 4280 vapor
2912 4211 3150 4263 vocatur
3181 4226 3196 4276 ;
3223 4209 3406 4263 altera
3431 4222 3564 4262 vero

1927 4311 2058 4367 quae
2088 4312 2156 4350 ex
2183 4299 2349 4350 terrae
2403 4295 2567 4351 siccae
2609 4296 2959 4364 substantia,
2992 4296 3122 4368 ipsa
3151 4312 3383 4368 quoque
3412 4295 3567 4351 sicca

1927 4389 2035 4450 est,
2069 4401 2194 4455 quae
2226 4385 2456 4439 fumosa
2497 4391 2553 4439 et
2601 4384 2854 4439 ﬂatuosa
2900 4383 3186 4440 exhalatio
3234 4384 3466 4455 dicitur,
3500 4399 3566 4439 ac

1926 4471 2009 4527 ita
2037 4473 2214 4528 etiam
2248 4472 2595 4544 simpliciter
2621 4476 2679 4528 et
2710 4473 2838 4529 sine
2875 4473 3357 4529 determinatione
3385 4472 3565 4528 exha-

1927 4559 2068 4616 latio
2127 4561 2482 4617 nominatur.
2536 4563 2734 4616 Ambaa
2801 4565 2997 4616 autem
3070 4561 3382 4616 caliditatis
3425 4563 3567 4616 sunt

160 4649 264 4707 καὶ
312 4645 477 4726 ἄμφω
533 4649 893 4725 θερμότητος,
944 4654 1024 4722 τῷ
1076 4647 1165 4704 διὰ
1217 4649 1524 4726 θερμότητα
1553 4648 1812 4722 γίνεσθαι.

1939 4649 2257 4722 participes,
2309 4652 2459 4705 147
2519 4651 2658 4721 quia
2705 4655 2943 4721 propter
2984 4649 3236 4706 calorem
3304 4650 3455 4705 ﬁunt
3498 4651 3562 4703 ⁵⁷.

159 4737 271 4796 Καὶ
329 4735 468 4793 ἔστιν
545 4737 769 4812 ἀτμίδος
833 4740 926 4812 μὲν
990 4738 1146 4817 φύσις
1205 4740 1403 4814 θερμὸν
1457 4739 1547 4793 καὶ
1607 4735 1764 4814 ὑγρὸν
1799 4783 1814 4810 ,

163 4826 580 4901 ἀναθυμιάσεως
639 4825 697 4882 δὲ
773 4827 928 4906 φύσις
1004 4828 1200 4904 θερμὸν
1279 4828 1368 4882 καὶ
1449 4827 1638 4903 ξηρόν.
1720 4827 1816 4881 Καὶ

162 4915 315 4972 ἔστιν
373 4916 534 4991 ἀτμὶς
592 4913 859 4991 δυνάμει,
923 4918 1036 4971 οῖον
1095 4914 1241 4990 ὕδωρ
1275 4937 1287 4949 ·
1352 4916 1702 4990 ἀναθυμίασις
1761 4913 1819 4970 δὲ

165 5004 420 5078 δυνάμει,
481 5007 595 5061 οἷον
651 5011 777 5083 πῦρ.
825 5004 921 5061 Καὶ
970 5008 1005 5076 ἡ
1056 5008 1148 5078 μὲν
1184 5005 1528 5078 ἀναθυμίασις
1559 5003 1820 5060 ἐπιπολά-

173 5099 255 5163 ζει
306 5091 396 5147 διὰ
446 5093 758 5172 κουφότητα
805 5095 888 5168 (τὸ
934 5095 1034 5170 γὰρ
1086 5095 1284 5170 θερμὸν
1333 5094 1605 5170 ξηρότητα
1654 5114 1819 5168 προσ-

172 5176 369 5252 λαϐὸν,
427 5187 626 5260 κοῦφον
687 5183 932 5258 γίνεται)’
993 5185 1027 5252 ἡ
1088 5180 1134 5237 δ’
1187 5182 1350 5256 ἀτμὶς
1405 5182 1681 5260 ὑφίσταται
1732 5178 1821 5235 διὰ

173 5270 476 5348 βαρύτητα,
507 5273 578 5326 Τὸ
601 5273 702 5348 γὰρ
737 5271 894 5349 ὑγρὸν
932 5270 1149 5347 μετέχει
1185 5271 1508 5348 βαρύτητος.

258 5443 322 5503 δ’.
371 5446 549 5523 Μέχρι
603 5449 695 5522 μὲν
746 5447 836 5503 οὖν
885 5469 1031 5511 τινος
1081 5451 1115 5518 ἡ
1146 5447 1308 5520 ἀτμὶς
1346 5447 1494 5516 καὶὴ
1529 5447 1821 5519 ἀναθυμία-

171 5555 257 5590 σις
309 5535 634 5610 συμμίκτως
683 5537 773 5592 καὶ
833 5534 1155 5612 ἀδιακρίτως
1213 5534 1547 5611 ἀνέρχονταιο
1595 5539 1819 5611 προϊοῦ-

1929 4741 2006 4794 Αο
2025 4740 2256 4810 vaporis
2311 4739 2549 4811 quidem
2599 4743 2809 4794 natura
2839 4737 3028 4794 calida
3078 4743 3167 4794 est
3191 4743 3246 4794 et
3274 4739 3522 4794 humida
3548 4757 3564 4807 ;

1928 4826 2312 4884 exbalationis
2361 4831 2572 4883 natura
2627 4826 2815 4882 calida
2870 4831 2928 4882 et
2975 4827 3130 4883 sicca
3183 4832 3293 4883 est.
3350 4828 3567 4899 Estque

1926 4933 2106 4988 vapor
2156 4917 2390 4989 quidem
2438 4919 2743 4988 potestate,
2806 4915 2983 4970 veluti
3049 4933 3201 4988 aqua
3235 4935 3248 4985 ;
3281 4915 3566 4972 exhalatio

1931 5008 2128 5060 autem
2185 5008 2473 5076 potestate
2525 5003 2701 5059 veluti
2776 5003 2931 5077 ignis
2986 5009 3094 5060 est.
3145 5007 3225 5061 Ac
3280 5003 3566 5060 exhalatio

1931 5093 2168 5164 quidem
2199 5097 2433 5165 propter
2461 5092 2752 5148 levitatem
2782 5093 3000 5148 eminet
3041 5093 3279 5166 (quippe
3309 5093 3568 5150 calidum

1932 5182 2192 5237 siccitate
2222 5186 2457 5253 accepta
2484 5181 2605 5236 leve
2635 5181 2926 5253 efficitur),
2958 5199 3135 5254 vapor
3189 5187 3383 5238 autem
3432 5199 3566 5256 pro-

1931 5273 2062 5342 pter
2082 5269 2420 5342 gravitatem
2451 5269 2706 5326 subsidit
2735 5288 2748 5338 ;
2790 5270 3102 5326 humidum
3126 5271 3281 5327 enim
3314 5273 3565 5343 gravita-

1930 5360 2006 5416 tis
2037 5365 2125 5415 est
2154 5359 2464 5431 particeps.

2001 5449 2055 5502 4.
2088 5448 2491 5519 Aliquousque
2519 5464 2654 5520 ergo
2685 5454 2742 5505 et
2775 5466 2954 5520 vapor
3004 5455 3061 5506 et
3105 5451 3394 5508 exhalatio
3425 5452 3568 5508 mis-

1929 5537 2036 5592 tim
2064 5552 2129 5591 ac
2159 5535 2469 5593 indiscrete
2499 5539 2842 5609 ascendunt,
2891 5541 2991 5596 sed
3039 5557 3354 5615 progressu
3383 5557 3570 5599 secer-

245 5751 291 5788 ⁸³
321 5751 348 5809 1
382 5751 619 5810 Meteor.
653 5768 706 5810 ο.
737 5752 793 5810 3.
868 5751 914 5787 ⁵⁴
943 5752 970 5809 1
1002 5751 1239 5809 Meteor.
1270 5767 1321 5809 c.
1351 5751 1406 5810 3.
1482 5749 1526 5787 ⁵⁸
1554 5748 1698 5808 ibid.
1773 5748 1818 5787 ⁸⁵

1939 5748 2124 5808 leteor
2152 5765 2209 5810 ο.
2246 5751 2303 5806 3.
2379 5749 2423 5789 ⁸⁷
2453 5751 2480 5808 1
2514 5751 2747 5814 Meteor.
2779 5769 2830 5810 ο.
2862 5755 2915 5808 3.

451 5879 716 5944 Panos.
765 5879 876 5944 Gs.
923 5878 1150 5944 CXLII.

3208 5882 3285 5938 36
