4024 6480
487 443 663 536 113l-

1733 447 2152 508 NlCEPHOltl
2199 450 2634 509 BLEMMlDlE

3729 453 3868 511 H32

485 581 724 643 nuntur,
758 580 934 648 atque
965 581 1278 648 utrumque
1316 578 1520 649 quaerit
1565 578 1623 633 id
1675 580 1828 650 quod
1885 579 1995 636 slbi
2025 597 2092 635 co

2237 601 2323 633 σαι
2372 577 2429 634 δὲ
2477 577 2837 655 διακρίνωνται
2887 581 2974 636 καὶ
3021 582 3084 635 τὸ
3140 583 3388 658 συγγενὲς
3445 583 3672 659 ἑκατέρα
3737 589 3870 653 ζητεῖ

483 670 726 737 gnatum
757 670 846 721 est
878 691 892 732 ;
927 665 1186 737 adeoque
1224 683 1403 737 vapor
1450 666 1687 738 quidem
1746 669 1990 724 inferius
2035 685 2121 725 re-

481 755 789 827 linquitur,
818 754 1106 810 exhalatio
1155 759 1350 810 autem
1403 772 1533 810 cum
1577 758 1953 813 succensione
1984 775 2121 813 eon-

471 845 969 918 jungitur.Neque
990 845 1146 900 enim
1178 846 1482 900 succensio
1505 846 1696 917 quoad
1728 847 2118 903 substantiam

481 935 640 992 aliud
672 934 996 1006 quidquam
1027 938 1136 1001 est,
1171 949 1350 1004 quam
1380 933 1668 990 exhalatio
1699 952 1733 990 a
1789 952 1998 1008 vapore
2029 953 2118 992 se-

477 1030 700 1098 parata,
735 1040 840 1079 nec
868 1023 1148 1096 permista
1177 1039 1311 1078 cum
1341 1039 1427 1078 eo.

547 1117 602 1170 5.
659 1114 900 1178 Quando
955 1112 1136 1184 igitur
1191 1112 1235 1146 ⁵⁸
1293 1112 1594 1168 succensio
1655 1113 1921 1169 circulari
1955 1119 2115 1170 motu

478 1209 885 1274 movetur,qua
901 1206 1063 1274 parte
1093 1201 1166 1256 ad
1197 1201 1719 1258 inﬂammationem
1746 1202 2116 1258 subeundam

478 1297 614 1364 apta
642 1297 698 1348 et
738 1295 1007 1346 concreta
1035 1295 1146 1356 est,
1195 1289 1304 1346 hac
1359 1289 1778 1346 inﬂammatur.
1841 1291 2003 1354 Quod
2061 1293 2111 1346 si

476 1381 656 1454 igitur
728 1379 1154 1453 longitudinem
1227 1378 1401 1434 habet
1472 1383 1528 1434 et
1609 1379 1978 1435 latitudinem
2054 1380 2112 1435 id

477 1471 631 1543 quod
663 1470 1045 1539 faceenditur,
1102 1468 1339 1523 ﬂamma
1405 1469 1618 1524 ardens
1675 1474 1939 1541 apparet,
2015 1470 2115 1524 sti-

476 1559 633 1634 pulis
662 1558 779 1614 illis
810 1576 937 1631 qua!
987 1560 1046 1613 in
1103 1557 1258 1614 arvis
1314 1558 1728 1628 incenduntur,
1783 1574 1896 1613 non
1957 1559 2110 1614 absi-

475 1650 652 1706 milis.

543 1741 598 1794 6.
629 1739 790 1802 Quod
825 1737 876 1793 si
903 1735 1328 1808 longitudinem
1362 1734 1558 1802 habet,
1606 1736 1707 1790 sed
1766 1753 1882 1791 non
1932 1735 2108 1792 etiam

473 1829 920 1901 respondentem
950 1825 1101 1880 148
1133 1823 1525 1894 latitudinem,
1556 1829 1680 1879 tum
1711 1841 1885 1897 capra
1916 1826 1981 1880 ﬁt
2009 1831 2112 1881 aut

2229 670 2506 724 κάντεῦθεν
2561 673 2596 738 ἡ
2658 671 2752 742 μὶν
2802 670 2966 743 ἀτμὶς
3014 670 3506 745 ἐναπολιμπάνεται
3563 674 3865 746 κατωτέρω,

2228 760 2262 826 ἡ
2295 755 2342 812 δ’
2399 759 2750 831 ἀναθυμίασις
2811 760 2945 832 μετᾶ
3000 765 3097 814 τοῦ
3156 761 3566 834 ὑπεκκαύματος
3626 761 3866 836 γίνεται.

2227 844 2390 901 Οὐδὲν
2469 849 2571 924 γάρ
2629 846 2766 902 ἐστιν
2823 845 2961 903 ἄλλο
3019 851 3196 923 (κατὰ)
3259 851 3357 919 τὴν
3418 851 3596 905 οὐσίαν
3657 852 3730 906 τὸ
3783 851 3870 905 ὑπ-

2227 934 2467 1008 έκκαυμα
2516 939 2554 1005 ἧ
2623 937 2973 1010 ἀναθυμίασις
3031 936 3265 1012 ἀτμίδος
3339 942 3736 1015 κεχωρισμένη
3791 941 3868 995 καὶ

2227 1025 2455 1099 ἀμιγής.

2296 1120 2350 1167 ε’.
2381 1115 2452 1168 Τὸ
2501 1114 2679 1168 τοίνυν
2740 1115 3056 1188 ὑπέκκαυμα
3111 1117 3429 1191 κινούμενον
3483 1119 3588 1172 ὑπὸ
3632 1126 3748 1188 τῆς
3784 1123 3868 1172 τοῦ

2221 1201 2623 1281 κυκλοφορικοῦ
2669 1207 2948 1275 κινήσεως,
2997 1207 3115 1259 καθ’
3146 1207 3174 1260 ὃ
3207 1206 3264 1260 ἂν
3323 1207 3560 1279 μάλιστα
3598 1209 3707 1276 τήν
3745 1208 3869 1284 πρὸς

2221 1290 2284 1344 τὸ
2313 1289 2595 1367 ἐξαφθῆναι
2643 1289 3058 1363 ἐπιτηδειότητα
3105 1293 3194 1347 καὶ
3243 1293 3490 1348 σύστασιν
3542 1293 3685 1370 ἔχει,
3748 1297 3869 1350 κατὰ

2221 1384 2379 1434 τοῦτο
2440 1379 2735 1449 ἐξάπτεται.
2795 1389 2892 1436 “Av
2937 1382 3032 1454 μὲν
3084 1380 3174 1436 οὖν
3231 1389 3410 1456 μῆκος
3449 1380 3552 1459 ἔχῃ
3598 1386 3694 1438 καὶ
3743 1383 3869 1439 πλά-

2218 1489 2311 1530 τος
2356 1469 2418 1522 τὸ
2461 1468 2838 1542 έξαπτόμενον,
2888 1470 3127 1549 φαίνεται
3185 1472 3446 1546 καιομένη
3503 1473 3664 1550 φλὸξ,
3737 1476 3868 1550 παρὰ

2220 1555 2472 1627 πλησίως
2546 1564 2664 1620 ταῖς
2724 1559 2776 1614 ἐν
2835 1558 3092 1635 ἀρούραις
3149 1559 3533 1634 έξαπτομέναις
3594 1560 3869 1635 καλάμαις

2219 1646 2528 1720 γινόμενον.
2700 1659 2706 1664 ’

2290 1737 2354 1798 ς’.
2395 1738 2492 1791 Ἂν
2541 1735 2597 1791 δὲ
2640 1743 2812 1808 μῆκος
2865 1738 2958 1810 μὲν
2999 1734 3120 1814 ἔχῃ,
3174 1737 3367 1811 μηκέτι
3419 1736 3477 1794 δὲ
3520 1738 3614 1794 καὶ
3663 1738 3869 1803 πλάτος

2217 1824 2504 1899 ἀνάλογον,
2550 1825 2673 1880 τότε
2724 1825 2925 1899 γίνεται
2971 1826 3054 1897 αἲξ
3096 1828 3131 1896 ἢ
3160 1824 3328 1890 δαλὸς
3356 1829 3391 1896 ἣ
3420 1825 3648 1883 διαθέων
3695 1827 3863 1884 εῗτουν

472 1919 568 1974 fax
597 1922 700 1972 aut
728 1916 1062 1972 discurrens
1094 1913 1212 1970 sive
1244 1913 1548 1986 prosiliens
1589 1913 1772 1969 stella.
1831 1915 1888 1968 Si
1949 1916 2093 1970 enim

2218 1909 2444 1984 διᾴττων
2506 1915 2698 1989 ἀστήρ.
2729 1921 2825 1970 “Av
2889 1916 2982 1987 μὲν
3031 1915 3133 1990 γὰρ
3286 1914 3452 1971 πλέον
3503 1918 3644 1972 κατὰ
3691 1926 3865 1990 μῆκος

471 2009 630 2080 quod
684 2005 1019 2062 accenditur
1080 2004 1138 2058 in
1195 2001 1621 2074 longitudinem
1670 2003 1859 2075 magis
1915 2009 2109 2076 pateat

471 2112 649 2168 quam
683 2097 741 2150 in
796 2092 1186 2160 latitudinem,
1220 2096 1393 2163 atque
1424 2091 1480 2146 in
1532 2091 1835 2162 obliquum
1894 2094 2108 2149 ardens

469 2185 915 2256 deﬂagrationes
945 2183 1229 2254 quasdam
1261 2185 1317 2236 et
1345 2181 1713 2236 excursiones
1773 2181 2102 2236 inﬂamma-

466 2274 644 2330 tionis
665 2273 1004 2328 efficiatnon
1024 2269 1448 2342 separatas,sed
1465 2285 1598 2324 cum
1615 2270 1842 2324 ardenti
1865 2286 2105 2342 corpore

464 2361 980 2434 totocopulatas,ut
1007 2357 1324 2415 scintlllare
1343 2358 1610 2414 videatur
1640 2375 1653 2425 ;
1680 2358 1787 2413 hoc
1809 2374 1985 2430 capra
1999 2376 2099 2414 no-

467 2453 746 2508 minatur.

533 2543 590 2596 7.
621 2540 723 2596 Sin
753 2543 947 2595 autem
980 2538 1040 2592 in
1070 2535 1498 2608 longitudinem
1534 2539 1763 2591 tantum
1796 2537 2100 2592 incensum

465 2630 660 2698 fuerit,
693 2632 758 2684 ut
788 2644 904 2684 non
933 2628 1110 2683 etiam
1143 2623 1440 2693 scintillet,
1498 2624 1616 2680 tale
1673 2625 1815 2696 quid
1874 2625 1968 2680 fax
1999 2644 2098 2683 vo-

462 2724 648 2776 catur.

533 2810 586 2863 8.
611 2807 851 2874 Quando
882 2805 1132 2877 denique
1161 2820 1278 2860 non
1308 2821 1426 2859 una
1481 2808 1537 2858 et
1592 2805 1870 2859 continua
1924 2803 2100 2859 fuerit

461 2898 838 2953 inﬂammatae
869 2893 1268 2951 succensionis
1300 2892 1770 2966 magnitudo,sed
1796 2893 2100 2948 intervalla

460 2987 638 3044 habet
666 2990 752 3056 (ut
783 2985 952 3058 quasi
984 2984 1172 3056 ipsius
1201 2987 1394 3055 partes
1449 2999 1483 3037 a
1514 2999 1576 3038 se
1605 2982 1852 3037 invicem
1899 2983 2096 3053 sejun-

461 3081 564 3132 σιω
595 3078 735 3138 sint,
767 3073 1013 3146 singulae
1063 3088 1231 3127 suam
1280 3070 1707 3126 concretionem
1768 3071 2044 3142 habeant)
2078 3091 2091 3140 ;

456 3165 587 3237 ipsa
615 3168 804 3220 aatem
862 3160 1164 3217 intervalla
1220 3164 1455 3216 tenuem
1511 3161 1827 3231 quamdam
1859 3159 2096 3216 exhala-

455 3254 674 3310 tionem
735 3251 1054 3308 subeundae
1137 3248 1585 3305 inﬂammationi
1645 3249 1833 3321 ipsam
1916 3251 2091 3304 etiam

2214 2003 2276 2055 τὸ
2309 2003 2633 2076 ἀπτόμενον,
2682 1999 2904 2058 ἔλαττον
2953 2002 3010 2058 δὲ
3057 2006 3190 2059 κατὰ
3237 2003 3464 2077 πλάτος,
3510 2007 3652 2061 κατά
3702 2005 3765 2062 δὲ
3807 2009 3868 2062 τὲ

2214 2089 2420 2166 πλάγια
2475 2092 2808 2165 καιόμενον,
2867 2093 3104 2148 ποιεῖταί
3175 2115 3324 2156 τινας
3385 2094 3725 2170 έκπυρώσεις
3783 2098 3865 2151 καὶ

2216 2178 2485 2256 ἐκδρομὰς
2561 2189 2663 2250 τῆς
2739 2181 2973 2256 ἐξάψεως
3060 2184 3136 2256 μὴ
3222 2185 3339 2238 καθ’
3420 2183 3583 2246 αὑτὰς
3643 2231 3658 2254 ,
3722 2185 3865 2242 ἀλλὰ

2215 2269 2549 2343 συνηρμένας
2605 2270 2722 2343 ὅλῳ
2775 2276 2854 2342 τῷ
2909 2271 3184 2344 καιομένῳ
3242 2273 3488 2344 σώματι,
3543 2274 3624 2335 ὡς
3687 2271 3861 2330 δοκεῖν

2212 2358 2742 2434 ἀποσπινθρηρίζειν,
2775 2361 2838 2415 τὸ
2866 2365 3110 2416 τοιοῦτον
3143 2359 3226 2432 αἲξ
3261 2361 3609 2435 ὀνομάζεται.

2284 2541 2341 2605 ζ’.
2403 2539 2561 2591 Ὅταν
2618 2534 2674 2591 δὲ
2735 2537 2896 2610 μόνον
2953 2538 3059 2592 έπὶς
3095 2541 3159 2594 τὸ
3221 2546 3394 2611 μῆκος
3437 2539 3474 2614 ᾖ
3528 2539 3859 2613 ἐξημμένον,

2213 2625 2404 2698 μηκέτι
2437 2623 2494 2680 δὲ
2523 2626 2611 2680 καὶ
2659 2626 3156 2704 ἀποσπινθηρίζων,
3205 2629 3268 2683 τὸ
3314 2633 3560 2684 τοιοῦτον
3611 2628 3859 2697 καλεῖται

2209 2712 2395 2778 δαλός.

2278 2805 2348 2873 η’.
2431 2805 2522 2860 Ἂν
2585 2801 2641 2858 δὲ
2700 2807 2775 2878 μὴ
2833 2804 2888 2859 ἓν
2947 2805 3162 2883 ὑπάρχῃ
3219 2807 3309 2861 καὶ
3366 2809 3592 2883 συνεχὲς
3646 2809 3709 2862 τὸ
3764 2815 3859 2864 τοῦ

2208 2891 2568 2965 ἐξαπτομένω
2645 2893 3057 2966 ὑπεκκαύματος
3136 2902 3353 2968 μῆκος,
3411 2895 3558 2951 ἀλλὰ
3634 2894 3856 2968 διαστή-

2210 3003 2349 3055 ματα
2406 2980 2534 3057 ἒχον
2583 2983 2683 3052 (ὡς
2739 2982 3158 3059 κεχωρισμένων
3217 2979 3385 3039 ὄντων
3435 2985 3526 3039 ἀπ’
3586 2985 3859 3057 ἀλλήλων

2203 3076 2309 3124 τῶν
2356 3071 2550 3126 τούτου
2603 3077 2804 3146 μερῶν,
2857 3069 2993 3127 ἰδίαν
3043 3072 3289 3127 σύστασιν
3336 3071 3562 3148 ἔχοντος
3627 3075 3854 3131 ἑκάστου

2205 3159 2437 3233 αὐτῶν),
2482 3160 2570 3214 καὶ
2633 3160 2698 3214 τὰ
2745 3157 3087 3233 διαστήματα
3133 3158 3190 3216 δὲ
3247 3159 3448 3229 λεπτὴν
3498 3162 3856 3236 ἀναθυμίασιν

2205 3245 2309 3323 ἔχῃ
2337 3248 2478 3320 τινὰ,
2510 3247 2648 3324 πρὸς
2676 3249 2738 3302 τὸ
2789 3247 3110 3318 ἐκκαυθῆναι
3154 3249 3243 3304 καὶ
3295 3249 3461 3318 αὐτὴν
3517 3249 3856 3322 ἐπιτήδειον,

456 3348 654 3416 aptam
677 3341 949 3410 habeant,
981 3339 1268 3394 distantes
1301 3341 1496 3392 autem
1549 3355 1582 3392 a
1611 3316 1686 3393 se—
1728 3338 1975 3394 invicem
2002 3338 2088 3393 hae

2212 3336 2483 3413 ἀφεστῶτα
2540 3334 2587 3391 δ’
2647 3336 2738 3390 ἀπ’
2793 3334 3056 3407 ἀλλήλων
3112 3339 3180 3392 τὰ
3231 3337 3367 3412 μέρη
3418 3343 3516 3393 τοῦ
3543 3341 3859 3396 τοιοιούτου

458 3431 632 3488 istius
662 3429 1062 3486 succensionis
1092 3433 1287 3498 partes
1317 3427 1772 3498 profunditatem
1815 3431 1872 3482 et
1901 3426 2094 3483 latitu-

459 3521 654 3576 dinem
687 3515 1036 3591 longitudini
1081 3533 1278 3588 parem
1337 3515 1657 3585 obtineant,
1717 3520 1856 3570 tunc
1912 3515 2090 3572 stellae

455 3609 811 3676 efﬁciuntur,
837 3624 965 3679 quae
997 3606 1265 3678 prosilire
1310 3606 1602 3661 videntur.
1658 3608 1800 3660 Cum
1859 3605 2015 3660 enim
2046 3606 2090 3639 ⁶⁰

452 3714 523 3753 ex
543 3697 882 3768 hujusmodi
913 3695 1383 3752 concretionibus
1414 3711 1480 3749 ea
1511 3711 1636 3766 quae
1695 3694 1884 3765 prima
1939 3700 2029 3750 est
2057 3712 2091 3749 a

456 3791 615 3842 motu
649 3785 1013 3840 inﬂammata
1067 3783 1260 3850 fuerit,
1296 3799 1426 3838 mox
1484 3783 1639 3855 ignis
1697 3800 1798 3854 per
1853 3789 2086 3839 tenuem

455 3873 880 3932 exhalationem
912 3890 1040 3928 eam
1072 3890 1198 3944 quis
1229 3872 1534 3942 interjecta
1571 3877 1659 3927 est
1687 3873 1760 3926 ad
1791 3889 1916 3928 eam
1948 3890 2086 3928 con-

453 3966 768 4020 cretionem
801 3963 953 4017 I49
986 3979 1110 4034 qua:
1141 3963 1414 4032 deinceps
1455 3961 1571 4016 slta
1616 3967 1724 4026 est,
1784 3961 2084 4017 distribui-

450 4058 568 4124 tur,
604 4052 996 4124 eumdemque
1025 4051 1085 4104 in
1117 4051 1358 4106 modum
1387 4050 1460 4104 ab
1493 4049 1599 4104 hac
1630 4050 1702 4104 ad
1735 4051 2080 4120 proximam,

451 4143 628 4214 idque
657 4142 944 4212 tantisper
972 4139 1127 4207 facit,
1163 4140 1344 4194 donec
1374 4155 1576 4194 omnes
1608 4139 1678 4194 ad
1712 4138 1934 4193 dictum
1966 4156 2086 4193 mo-

451 4236 592 4287 dum
653 4231 764 4285 sibi
812 4229 1058 4284 invicem
1124 4228 1400 4299 deinceps
1470 4228 1690 4298 positas
1748 4228 2083 4283 istiusmodi

449 4319 850 4376 succensionis
909 4317 1306 4374 concretiones
1371 4317 1737 4388 peragrarit;
1810 4316 2084 4388 idemque

446 4410 601 4483 ignis
633 4409 732 4481 qui
764 4426 798 4464 a
828 4407 1113 4479 principio
1145 4410 1382 4478 propter
1423 4404 1666 4460 celerem
1714 4405 2076 4462 distributio-

446 4515 580 4554 nem
613 4513 863 4570 superne
894 4495 1233 4551 movebatur
1264 4499 1366 4549 aut
1395 4494 1813 4566 projiciebatur
1853 4495 2082 4549 videtur

443 4585 945 4652 Quemadmodum
971 4586 1130 4640 enim
1160 4583 1218 4639 in
1251 4583 1504 4638 lucernis
1524 4599 1656 4637 cum
1689 4599 1806 4637 una
1837 4583 2074 4651 ardet“,

2203 3425 2610 3499 ὑπεκκαύματος
2643 3423 2744 3501 ἔχῃ
2792 3426 2881 3480 καὶ
2926 3427 3088 3502 βάθος
3139 3425 3227 3481 καί
3280 3425 3486 3488 πλάτος
3531 3428 3747 3499 ὁμοίως
3777 3433 3857 3501 τῷ

2204 3517 2390 3586 μήκει,
2446 3515 2569 3569 τότε
2615 3513 2852 3590 γίνονται
2903 3516 2955 3569 οἱ
3006 3513 3286 3577 δοκοῦντες
3335 3513 3564 3586 διᾴττειν
3612 3517 3855 3593 ἀστέρες·

2198 3605 2357 3658 Ὅταν
2415 3604 2517 3678 γὰρ
2555 3606 2590 3672 ἠ
2641 3605 2832 3678 πρώτη
2890 3604 3113 3677 κειμένη
3173 3610 3279 3660 τῶν
3337 3605 3600 3660 τοιούτων
3661 3606 3860 3660 συστά-

2199 3714 2331 3746 σεων
2368 3693 2468 3747 ὑπὸ
2496 3701 2598 3762 τῆς
2645 3695 2910 3764 κινήσεως
2951 3693 3205 3768 έκκαυθῇ,
3251 3695 3465 3769 ταχέως
3512 3695 3574 3749 τὸ
3621 3700 3730 3772 πῦρ
3765 3693 3858 3749 διὰ

2195 3789 2294 3850 τῆς
2363 3781 2557 3855 μεταξὺ
2622 3780 2825 3850 λεπτῆς
2878 3781 3286 3855 ἀναθυμιάσεως
3343 3783 3429 3837 ἐπὶ
3482 3785 3580 3853 τὴν
3658 3771 3853 3862 ἐρρεξῆς

2197 3870 2449 3943 κειμένην
2501 3870 2745 3926 σύστασιν
2797 3868 3118 3940 διαδίδοται,
3155 3872 3245 3926 καὶ
3288 3873 3394 3927 ἀπὸ
3431 3873 3635 3942 ταύτης
3680 3873 3853 3928 πάλιν

2197 3959 2406 4032 ὁμοίως
2436 3959 2522 4014 ἐπὶ
2568 3962 2666 4030 τήν
2720 3967 2832 4033 μετ’
2868 3960 3058 4032 αὑτήν·
3091 3961 3179 4015 καὶ
3227 3966 3389 4016 τοῦτο
3439 3967 3586 4016 ποιεῖ
3627 3959 3737 4024 ἕως
3792 3964 3851 4016 ἂν

2197 4047 2396 4122 ἐπέλθῃ
2424 4049 2595 4111 πάσας
2641 4050 2736 4111 τὰς
2781 4049 2916 4104 κατὰ
2960 4050 3050 4104 τὸν
3085 4050 3369 4123 εἰρημένον
3413 4051 3616 4126 τρόπον
3653 4051 3849 4129 ἐφεξῆς

2196 4135 2458 4207 ἀλλήλων
2510 4133 2670 4199 οὔσας
2717 4139 2996 4200 συστάσεις
3041 4143 3139 4193 τοῦ
3186 4139 3440 4194 τοιούτου
3501 4140 3854 4213 ὑπεκκαύμα-

2191 4247 2306 4288 τοςο
2337 4226 2426 4280 καὶ
2458 4226 2693 4304 φαίνεται
2723 4228 2786 4281 τὸ
2836 4231 2942 4303 πῦρ
2993 4228 3056 4281 τὸ
3089 4226 3218 4282 αὐτὸ
3265 4230 3364 4298 τὴν
3414 4230 3592 4304 ἀρχὴν
3651 4231 3848 4284 ἄνωθεν

2192 4314 2488 4392 φερόμενον
2540 4315 2576 4384 ἢ
2627 4314 2981 4391 ῥιπτούμενον
3032 4312 3122 4370 διὰ
3173 4317 3271 4385 τὴν
3315 4322 3538 4392 ταχεῖαν
3582 4315 3847 4372 διάδοσιν.

2192 4405 2278 4464 Ὧς
2309 4404 2408 4480 γὰρ
2457 4403 2544 4458 ἐπὶ
2591 4408 2697 4458 τῶν
2749 4403 2990 4479 λύχνων,
3043 4403 3166 4459 ὅταν
3200 4404 3227 4458 ὀ
3264 4406 3358 4478 μὲν
3381 4405 3626 4478 καίηται,
3676 4404 3849 4467 ἄλλος

2192 4489 2238 4546 δ’
2294 4487 2643 4555 ἀποσϐεσθεὶς
2717 4491 2872 4556 εὐθὺς
2947 4493 3181 4567 ὑποτεθῇ
3261 4493 3429 4565 αὐτῷ,
3502 4497 3536 4563 ἡ
3597 4495 3703 4549 ἀπὸ
3751 4498 3848 4549 τοῦ

2186 4581 2376 4636 νεωστὶ
2455 4577 2777 4654 έσϐεσμένου
2863 4580 3236 4659 ἀναφερομένη
3326 4582 3681 4656 ἀναθυμίασις
3761 4582 3847 4637 ἐπὶ

442 4677 624 4733 altera
654 4681 850 4732 autem
882 4673 1164 4728 exstincta
1192 4674 1390 4728 statim
1429 4671 1514 4725 illi
1555 4672 1858 4744 supposita
1885 4673 2078 4740 fuerit,

2212 4672 2284 4740 τὴν
2333 4675 2431 4725 τοῦ
2478 4671 2770 4743 καιομένου
2825 4668 3006 4748 φλόγα
3055 4671 3299 4748 ἀφθεῐσα,
3348 4673 3478 4726 καθὸ
3522 4670 3847 4742 ἐπλησίασεν

441 4765 730 4822 exhalatio
789 4781 915 4836 qua:
972 4780 1040 4818 ex
1090 4777 1292 4817 recens
1345 4761 1632 4816 exstincta
1689 4761 1760 4815 ad
1825 4762 2083 4818 ardentis

441 4856 742 4910 ﬂammam
774 4853 1010 4908 eﬂ‘ertur
1038 4853 1297 4922 incensa,
1330 4855 1622 4922 quatenus
1672 4852 1742 4905 ad
1788 4849 1948 4906 illam
1980 4853 2079 4906 ad-

442 4951 602 4998 mota
631 4949 741 5011 est,
775 4942 1134 5014 suppositam
1166 4939 1465 4994 lucernam
1497 4939 1825 4994 inﬂammat
1857 4957 1869 5006 ;
1904 4943 1968 4994 ut
1989 4958 2080 4995 ex-

442 5031 658 5088 halatio
689 5049 757 5086 ea
786 5049 911 5102 quae
942 5029 1214 5101 deinceps
1242 5029 1508 5099 sequitur
1555 5029 1626 5083 ab
1659 5045 1726 5082 ea
1756 5045 1880 5098 qua:
1914 5029 2078 5099 prius

441 5121 514 5175 ab
537 5121 794 5175 ardentis
835 5121 1080 5174 lucernae
1127 5119 1365 5174 ﬂamma
1411 5135 1655 5173 accensa
1705 5123 1813 5182 est,
1844 5117 2074 5172 inﬂam-

441 5214 650 5278 metur,
685 5209 866 5263 donec
897 5209 966 5262 ad
999 5207 1142 5262 illud
1193 5206 1442 5262 lucernis
1497 5205 1849 5278 ellychnium
1896 5223 1929 5261 a
1959 5224 2073 5277 quo

440 5295 730 5352 exhalatio
782 5301 907 5350 orta
961 5303 1069 5362 est,
1130 5300 1468 5366 perventum
1528 5295 1702 5349 fuerit
1737 5313 1750 5363 ;
1785 5312 1888 5350 nec
1920 5296 2072 5367 ignis

437 5403 566 5442 sese
593 5385 936 5449 diffundere,
967 5385 1108 5439 dum
1137 5384 1292 5438 aliud
1326 5400 1394 5439 ex
1423 5385 1534 5439 alio
1582 5384 1931 5452 incenditur,
1969 5386 2070 5439 sed

435 5475 493 5531 id
528 5475 682 5548 quod
714 5472 902 5545 primo
934 5472 1240 5528 incensum
1273 5478 1362 5528 est
1417 5473 1633 5528 moveri
1682 5472 1911 5528 videtur
1944 5491 1957 5528 :
1989 5473 2070 5528 ita

433 5565 559 5621 fieri
599 5561 1053 5619 existimandum
1104 5565 1191 5617 est
1222 5561 1396 5616 etiam
1445 5561 1506 5616 in
1549 5561 1668 5618 lllis
1706 5561 1889 5618 stellis
1939 5578 2066 5634 quae

505 5770 548 5807 ⁵⁸
580 5772 605 5827 1
633 5773 867 5826 Meteor.
902 5784 951 5824 c.
986 5768 1038 5824 4.
1113 5767 1156 5802 ⁵⁹
1189 5768 1215 5824 1
1248 5767 1484 5824 Meteor.
1517 5781 1565 5822 c.
1599 5769 1649 5824 4.

1727 5767 1772 5803 ⁶⁰
1801 5767 1949 5825 Ibid.
1980 5783 2032 5824 ο.
2067 5768 2119 5825 4.

2192 4759 2349 4833 αὐτῇ,
2384 4759 2594 4829 ἐξάπτει
2639 4759 2729 4813 τὸν
2783 4758 3136 4832 ὑποκείμενον
3192 4756 3419 4834 λύχνον,
3473 4758 3847 4833 ἐξαπτομένης

2187 4851 2286 4917 τῆς
2343 4848 2532 4926 ἐφεξῆς
2584 4849 2983 4922 ἀναθυμιάσεως
3030 4852 3098 4922 τῇ
3147 4849 3338 4922 πρώτῃ
3411 4847 3693 4926 ἐξαφθείσῃ
3743 4849 3848 4903 ὑπὸ

2186 4945 2287 5007 τῆς
2341 4942 2438 4992 τοῦ
2495 4937 2782 5009 καιομένου
2860 4936 3067 5012 λύχνου
3136 4935 3346 5015 φλογὸς
3424 4936 3528 4999 ἓως
3596 4945 3698 5008 τῆς
3751 4941 3848 4992 τοῦ

2190 5026 2397 5102 λύχνου
2441 5023 2771 5102 θρυαλλίδος
2822 5025 2910 5101 ἀφ’
2957 5028 3024 5094 ἧς
3072 5028 3106 5094 ἡ
3167 5025 3546 5098 ἀναθυμίασις·
3601 5027 3846 5104 φαίνεται

2186 5111 2243 5169 δὲ
2275 5114 2335 5169 οὐ
2371 5112 2746 5187 διαδιδόμενον
2780 5115 2843 5168 τὸ
2879 5119 2984 5190 πῦρ
3011 5113 3185 5169 ἄλλου
3216 5112 3266 5184 ἐξ
3298 5112 3474 5169 ἄλλου
3507 5115 3845 5188 ἁπτομένου,

2182 5201 2328 5257 ἀλλά
2371 5204 2434 5258 τὸ
2480 5209 2694 5280 πρῶτον
2748 5203 2910 5280 ἁφθὲν
2964 5203 3302 5280 φερόμενον·
3357 5201 3535 5264 οὕτως
3596 5202 3851 5276 ὑπολαμ-

2151 5289 2357 5350 ,ϐάνειν
2387 5295 2499 5368 χρὴ
2552 5292 2683 5346 κάπὶ
2731 5297 2836 5346 τῶν
2888 5289 3118 5362 διᾴττειν
3167 5312 3256 5345 και
3309 5291 3564 5369 φέρεσθαι
3618 5290 3848 5347 δοκούν-

2177 5404 2283 5437 των
2341 5381 2574 5457 ἀστέρων
2636 5383 2873 5456 γίνεσθαι
2907 5401 2919 5414 '
2983 5379 3158 5437 ἄλλου
3219 5382 3334 5454 μετ’
3410 5377 3554 5436 ἄλλο
3624 5382 3849 5457 ταχέως

2176 5472 2542 5544 ἐξαπτομένου
2594 5469 2682 5527 διὰ
2727 5474 2825 5542 τὴν
2872 5471 3006 5546 πρὸς
3055 5474 3214 5526 τοῦτο
3262 5466 3687 5542 ἐπιτηδειότητα
3734 5477 3846 5541 τῆς

2179 5562 2542 5636 ὑποκειμένης
2575 5558 2734 5633 ὕλης.
