4024 6508
208 503 362 561 1133

1535 499 1878 560 EPITOME
1927 501 2281 561 PHYSICA.

3443 507 3597 563 1134

205 632 470 706 prosilire
499 637 556 689 et
584 634 775 706 vagari
808 634 1095 702 videntur,
1131 636 1195 688 ut
1224 633 1338 689 alia
1367 638 1498 705 post
1525 632 1702 688 aliam
1734 637 1969 704 propter
1999 634 2323 704 subjectam
2357 638 2657 689 materiam
2693 653 2820 706 quae
2851 636 2922 690 ad
2956 635 3064 689 hoc
3117 635 3310 707 ipsum
3345 643 3478 708 apta
3511 642 3601 692 est

206 722 579 778 accendatur.

276 810 338 872 θ’.
371 809 488 863 Ὁτὲ
520 809 614 882 μὲν
662 807 834 870 οὕτως
885 809 936 862 οἱ
969 805 1271 879 διᾴττοντες
1327 808 1564 884 γίνονται
1617 808 1720 862 ὑπὸ
1747 815 1847 877 τῆς

2029 812 2082 864 9.
2120 812 2414 866 Interdum
2448 812 2626 884 igitur
2669 813 2826 868 hunc
2856 813 2915 867 in
2963 814 3200 868 modum
3236 815 3383 869 ﬁunt
3413 814 3600 885 prosi-

203 900 465 968 κινήσεως
512 902 619 952 τῶν
672 897 936 973 ούρανίων
988 896 1255 970 σωμάτων
1334 897 1696 971 ἐξαπτομένω
1749 901 1846 951 τοῦ

206 985 562 1060 ὑποκειμένου
642 985 825 1048 αὐτοῖς
908 983 974 1055 δὴ
1060 991 1176 1048 τοῖς
1256 986 1528 1063 οὐρανίοις
1603 987 1845 1058 σώμασιν

203 1072 510 1144 ἐπιτηδείου
541 1076 676 1151 πρὸς
712 1071 892 1148 ἔξαψιν
951 1073 1359 1148 ὑπεκκαύματος
1412 1075 1501 1130 καὶ
1549 1077 1611 1129 τὸ
1661 1075 1848 1152 ἐφεξῆς

205 1163 540 1236 έξάπτοντος,
593 1163 771 1240 ὥσπερ
821 1164 1051 1238 εἴρηται.
1099 1164 1213 1219 Ὁτὶ
1261 1162 1306 1218 δ’
1355 1165 1415 1218 ἐκ
1461 1169 1557 1218 τοῦ
1605 1185 1845 1218 συνιστα-

209 1251 368 1326 μένου
425 1250 514 1307 διὰ
563 1251 716 1326 ψύξιν
773 1253 928 1328 ἀέρος
987 1253 1047 1315 ’ὃς
1097 1253 1200 1307 ὑπὸ
1252 1253 1316 1307 τὸ
1375 1253 1692 1325 ὑπέκκαυμα
1746 1253 1844 1320 τὴν

206 1339 346 1395 θέσιν
375 1337 491 1416 ἔχει
519 1341 582 1395 τὸ
632 1339 1100 1414 ἐναπειλημμένον
1146 1339 1198 1395 έν
1245 1339 1390 1412 αύτῷ
1442 1341 1640 1416 θερμὸν
1691 1361 1844 1417 περι-

206 1427 590 1502 στελλόμενον,
642 1428 732 1484 καὶ
774 1428 877 1484 ὑπὸ
941 1433 1039 1484 τοῦ
1101 1431 1456 1506 περιέχοντος
1513 1429 1642 1484 αὐτὸ
1689 1429 1846 1505 ἀέρος

204 1516 514 1593 ψυχόμενον
559 1518 648 1572 καὶ
699 1516 774 1580 εἷς
823 1516 878 1573 ἓν
932 1517 1347 1595 ἀθροιζόμενον,
1398 1519 1613 1597 ἐξαφθὲν
1665 1517 1847 1582 ἐκθλί-

206 1601 352 1661 ϐεται
412 1608 546 1680 μετά
599 1607 718 1682 βίας
775 1607 864 1662 καὶ
916 1608 1150 1685 φέρεται,
1208 1605 1389 1684 ὥσπερ
1443 1608 1510 1662 τὰ
1552 1606 1848 1681 έλπυρηνι-

208 1695 405 1768 ζόμενα
477 1695 835 1772 ῥιπτούμενον
899 1698 1037 1769 (οἷον
1098 1696 1174 1758 ὡς
1233 1696 1430 1750 ὁπόταν
1501 1699 1662 1770 ἡμῶν
1721 1695 1846 1758 τοὺς

208 1781 503 1846 δακτύλους
550 1785 954 1863 συσφιγγόντων
1005 1785 1094 1840 καὶ
1147 1784 1382 1858 μάλιστα
1426 1785 1517 1840 τὸν
1576 1786 1741 1860 μέγαν
1791 1806 1850 1839 τε

205 1873 291 1927 καὶ
345 1871 436 1927 τὸν
514 1871 738 1949 λιχανὸν
813 1874 944 1950 ὑπὲρ
1021 1871 1084 1928 τδ
1148 1873 1306 1946 μέσον
1387 1878 1484 1928 τοῦ
1562 1875 1799 1948 πυρῆνος
1830 1920 1845 1946 ,

208 1960 554 2031 έξολισθαίνει
613 1963 640 2017 6
699 1964 875 2040 πυρὴν
953 1963 1042 2017 καὶ
1114 1960 1322 2034 ἐκπηδᾷ
1375 1963 1467 2017 καὶ
1529 1960 1741 2034 μᾶλλον
1802 1961 1848 2017 εἰ

209 2052 423 2126 μετέχει
479 2050 762 2122 λειότητος
837 2052 926 2106 καὶ
986 2049 1389 2128 γλισχρότητος
1424 2097 1438 2123 ,
1499 2050 1573 2112 ὡς
1633 2051 1686 2104 οἱ
1741 2054 1845 2104 τῶν

207 2139 400 2195 ἐλαιῶν
448 2140 634 2195 κόκκοι
682 2145 856 2214 πυροῦ
914 2149 1109 2216 σχῆμα
1155 2142 1406 2219 φέροντες
1454 2140 1543 2195 καὶ
1601 2141 1668 2194 τὰ
1719 2138 1844 2194 τού-

1956 898 2164 955 lientes
2195 900 2395 967 stellae,
2431 902 2568 956 dum
2606 903 2758 957 150
2790 920 2822 956 a
2853 907 3015 957 motu
3065 919 3373 974 corporum
3407 903 3604 958 caeles-

1955 989 2128 1060 tium,
2162 990 2259 1061 qui
2302 990 2446 1061 ipsis
2493 990 2714 1046 scilicet
2761 991 3095 1047 coelestibus
3142 992 3481 1063 corporibus
3525 993 3599 1048 ad

1956 1077 2354 1133 incensionem
2387 1083 2557 1150 aptus
2586 1080 2772 1134 fomes
2799 1081 3099 1151 subjectus
3129 1085 3215 1135 est
3239 1081 3595 1149 accenditur,

1956 1173 2013 1222 et
2042 1183 2176 1222 enm
2208 1168 2309 1239 qui
2358 1168 2627 1240 deinceps
2672 1174 2780 1234 est,
2809 1169 2980 1224 sicuti
3034 1170 3280 1236 dictum,
3313 1161 3594 1225 incendit.

1954 1257 2251 1311 Interdum
2302 1260 2496 1312 autem
2545 1273 2614 1311 ex
2663 1262 3067 1313 concrescente
3113 1261 3349 1329 propter
3412 1258 3598 1330 frigus

1955 1359 2084 1400 aere
2114 1344 2214 1416 qui
2238 1344 2406 1415 juxta
2452 1346 2884 1401 successionem
2936 1346 3162 1419 positus
3211 1351 3320 1414 est,
3353 1347 3508 1418 quod
3538 1346 3598 1402 in

1955 1449 2022 1488 eo
2071 1431 2280 1488 caloris
2330 1432 2596 1489 relictum
2645 1437 2735 1489 est
2787 1434 3194 1507 confringitur,
3245 1438 3300 1490 et
3348 1435 3420 1491 ab
3469 1451 3600 1492 aere

1957 1537 2070 1592 quo
2103 1521 2434 1578 continetur
2481 1522 2797 1595 frigescens
2841 1526 2896 1577 et
2926 1523 2985 1577 in
3036 1541 3221 1579 unum
3269 1541 3332 1579 se
3363 1539 3598 1596 cogens,

1956 1609 2165 1665 deinde
2189 1609 2494 1666 incensum
2523 1610 2580 1664 vi
2631 1609 2865 1666 eliditur
2893 1614 2949 1666 et
2978 1617 3241 1667 movetur
3280 1611 3458 1667 veluti
3489 1629 3600 1668 nu-

1958 1697 2062 1753 clei
2095 1698 2295 1770 digitis
2325 1701 2650 1770 projectum
2683 1699 2789 1771 (uti
2822 1717 2956 1754 cum
2987 1716 3164 1772 super
3193 1701 3452 1756 medium
3484 1718 3598 1756 nu—

1957 1785 2145 1842 cleum
2177 1787 2392 1860 digitos
2421 1787 2713 1860 imprimis
2751 1805 3028 1861 magnum
3059 1794 3118 1844 et
3157 1789 3409 1845 indicem
3439 1806 3598 1845 com-

1957 1875 2293 1947 primimus,
2323 1876 2574 1932 elabitur
2603 1883 2660 1932 et
2687 1877 2880 1932 exsilit
2908 1877 3171 1947 nucleus,
3195 1895 3378 1951 eoque
3407 1879 3598 1952 magis

1958 1965 2007 2020 si
2055 1964 2301 2021 laevitate
2362 1970 2418 2021 et
2469 1966 2769 2022 vicositate
2837 1966 2914 2021 sit
2962 1966 3260 2038 praeditus,
3314 1969 3597 2039 quemad-

1958 2054 2199 2109 modum
2239 2053 2522 2110 olivarum
2553 2055 2704 2111 acini
2734 2055 2834 2125 qui
2886 2054 3063 2109 tritici
3095 2055 3344 2127 ﬁguram
3391 2073 3505 2128 prae
3535 2072 3598 2112 se

1959 2141 2213 2210 fuerunt,
2248 2147 2304 2198 et
2334 2143 2447 2198 alia
2475 2142 2567 2198 his
2600 2142 2860 2214 similia),
2894 2148 3034 2198 tunc
3083 2160 3223 2200 sane
3252 2143 3410 2199 idem
3442 2144 3596 2217 ignis

202 2249 316 2291 τοις
344 2229 661 2306 παρόμοια).
713 2201 844 2284 Τότε
891 2201 1049 2298 δθξῖεέξ
1079 2201 1235 2284 αὐτὸ.
1257 2228 1403 2303 μένει
1433 2233 1563 2304 πῦρ,
1595 2227 1722 2283 ἀλλ’
1752 2227 1850 2282 οὐκ

1967 2235 2175 2298 manet,
2200 2201 2319 2287 Ised
2373 2232 2429 2286 id
2481 2233 2634 2304 quod
2684 2201 2958 2304 deinceps
3006 2236 3095 2287 est
3145 2249 3259 2287 non
3310 2201 3596 2289 acced’dit.

207 2317 413 2388 ἐξάπτει
432 2317 494 2374 τὸ
519 2319 729 2398 ἐφεξῆς.
755 2319 1104 2397 Ἀμφοτέρως
1133 2319 1222 2374 οὗν
1250 2315 1442 2373 δοκοῦν
1467 2319 1518 2372 οἱ
1543 2315 1845 2390 διᾴττοντες

202 2407 461 2483 γίνεσθαι.

279 2497 328 2550 ι’.
361 2501 528 2551 Τοῦτο
563 2496 745 2571 μέντοι
785 2498 847 2552 τὸ
895 2496 1123 2574 ἐκκρίσει
1173 2502 1510 2573 γεννώμενον
1557 2501 1664 2572 πῦρ
1707 2495 1846 2551 πολ-

205 2583 362 2647 λάκις
418 2585 493 2648 εἷς
547 2587 609 2641 τὸ
664 2585 809 2642 κάτω
871 2587 1034 2663 μέρος
1094 2581 1439 2659 θλιϐόμενον,
1490 2585 1577 2640 καὶ
1628 2585 1704 2647 εἷς
1745 2592 1845 2661 γῆν

201 2675 293 2730 καὶ
350 2674 425 2737 εἷς
484 2674 748 2739 θάλασσαν
808 2677 1160 2752 καταφέρεται
1218 2676 1306 2730 καὶ
1358 2674 1567 2750 νύκτωρ
1615 2674 1703 2728 καὶ
1753 2694 1845 2746 με-

204 2761 446 2837 θημέραν
473 2763 680 2840 αἰθρίας
728 2760 915 2835 οὔσης.
964 2764 1096 2818 Τότε
1144 2761 1202 2818 δὲ
1247 2762 1462 2842 φέρεται
1508 2762 1676 2832 κάτω,
1725 2761 1850 2816 ὅταν

203 2849 310 2905 ἀπὸ
356 2856 455 2906 τοῦ
504 2851 614 2906 ἄνω
666 2853 861 2928 μέρους
904 2855 939 2922 ἡ
986 2856 1082 2907 τοῦ
1132 2853 1287 2929 ἀέρος
1345 2850 1617 2912 πύκνωσίς
1654 2871 1714 2904 τε
1759 2849 1849 2904 καὶ

204 2938 358 3012 ψύξις
406 2939 700 3016 ἀρξαμένη,
747 2940 810 2996 τὸ
841 2939 1312 3014 έναπειλημμένον
1356 2941 1489 3014 αὐτῇ
1523 2940 1720 3016 θερμὸν
1772 2938 1847 3000 εἷς

202 3029 268 3082 τὸ
320 3029 466 3084 κάτω
522 3029 684 3106 μέρος
741 3030 1034 3086 ἀπώσεται.
1068 3031 1166 3084 Διά
1208 3033 1370 3084 τοῦτο
1416 3029 1504 3083 καὶ
1537 3029 1565 3082 6
1595 3028 1846 3104 κεραυνὸς

205 3121 313 3193 πῦρ
362 3115 434 3172 ὢν
485 3117 560 3180 εἷς
605 3119 668 3173 τὸ
714 3117 860 3174 κάτω
904 3119 1119 3198 φέρεται
1163 3115 1252 3172 διὰ
1300 3119 1399 3187 τήν
1455 3117 1625 3191 βίαιον
1668 3114 1848 3170 ἔκθλι-

203 3208 320 3278 ψιν,
375 3205 490 3262 ἐπεὶ
544 3211 624 3280 τῷ
682 3209 811 3283 πυρί
866 3207 1001 3263 κατὰ
1043 3207 1198 3285 φύσιν
1238 3209 1274 3276 ἡ
1321 3206 1398 3270 εἰς
1442 3206 1505 3261 τὸ
1552 3203 1658 3260 ἅνω
1688 3205 1848 3283 φορά.

284 3475 366 3531 ια’.
399 3475 532 3528 Ὅσα
564 3475 658 3547 μὲν
715 3473 807 3528 οὗν
855 3473 906 3528 έν
953 3478 1032 3545 τῷ
1075 3469 1331 3548 ἆνωτέρῳ
1376 3472 1587 3545 σώματι
1631 3471 1683 3526 έν
1714 3472 1760 3544 ᾧ
1788 3471 1851 3527 τὸ

1959 2319 2211 2390 Utroque
2260 2320 2439 2392 igitur
2486 2322 2656 2377 modo
2722 2320 2902 2376 stellae
2952 2325 3296 2392 proruentes
3341 2321 3467 2378 ﬁeri
3511 2321 3596 2376 vi-

1958 2409 2190 2465 dentur.

2030 2499 2116 2552 10.
2149 2498 2495 2569 Quanquam
2545 2497 2640 2552 hic
2672 2497 2826 2570 ignis
2857 2499 2955 2570 qui
3003 2499 3332 2555 excretione
3361 2515 3598 2572 genera-

1956 2591 2073 2654 tur,
2107 2602 2258 2658 saape
2288 2587 2345 2640 in
2395 2586 2730 2642 inferiorem
2779 2591 3004 2659 partem
3047 2586 3287 2642 eliditur
3316 2588 3386 2658 ⁸⁸,
3420 2587 3598 2660 inque

1953 2680 2170 2731 terram
2201 2680 2258 2729 et
2305 2692 2483 2745 mare,
2515 2691 2648 2730 cum
2696 2680 2870 2730 noctu
2909 2679 3037 2730 tum
3081 2675 3360 2743 interdiu,
3394 2692 3597 2733 sereno

1957 2763 2100 2819 coelo
2129 2763 2403 2818 defertur.
2436 2764 2584 2818 Tum
2615 2769 2810 2818 autem
2839 2765 3110 2819 deorsum
3146 2765 3348 2833 fertur,
3383 2781 3516 2820 cum
3563 2783 3597 2821 a

1958 2852 2256 2923 superiore
2303 2856 2464 2923 parte
2510 2852 2887 2908 condensatio
2935 2857 2994 2907 et
3033 2852 3394 2924 refrigeratio
3443 2853 3594 2909 aeris

1959 2942 2208 3012 incepta,
2251 2940 2530 3013 quicquid
2559 2940 2619 2995 in
2652 2940 2782 3012 ipsa
2811 2939 3020 2996 caloris
3052 2940 3317 2996 relictum
3351 2943 3497 2998 151
3534 2947 3589 2998 et

1958 3029 2253 3085 inclusum
2275 3034 2381 3100 est,
2405 3029 2462 3083 in
2491 3028 2822 3084 inferiorem
2839 3033 3061 3100 partem
3088 3028 3424 3101 propulerit.
3443 3032 3591 3096 Qua-

1959 3123 2194 3192 propter
2220 3120 2266 3154 ⁶²
2299 3119 2473 3174 etiam
2505 3117 2870 3183 fulmen,etsi
2901 3117 3054 3190 ignis
3086 3118 3287 3185 est,ad
3317 3117 3592 3175 inferiora

1957 3211 2153 3263 tamen
2205 3211 2441 3279 propter
2494 3207 2806 3262 violentam
2872 3206 3302 3278 expressionem
3360 3207 3590 3276 fertur;

1960 3297 2434 3368 quandoquidem
2502 3295 2627 3368 igni
2675 3297 3000 3352 secundum
3067 3300 3336 3352 naturam
3403 3301 3598 3354 motus

1961 3403 2198 3441 sursum
2229 3384 2516 3441 convenit.

2033 3475 2118 3529 11.
2151 3475 2519 3544 Quaecunque
2567 3473 2748 3544 igitur
2796 3475 2854 3529 in
2906 3473 3205 3544 superiore
3253 3489 3492 3546 corpore
3538 3473 3599 3529 in

208 3560 526 3636 ὑπέκκαιῖμα
560 3609 574 3634 ,
627 3560 950 3635 διᾳττόντων
1018 3563 1269 3640 φάσματα
1338 3561 1541 3637 γίνεταὶ
1598 3565 1676 3633 τῷ
1735 3559 1848 3630 ἐξά-

1967 3580 2077 3635 quo
2109 3568 2197 3619 est
2223 3563 2546 3628 succensio,
2577 3561 3004 3634 prosilientium
3038 3561 3341 3617 stellarum
3373 3566 3600 3634 spectra

200 3663 426 3715 πτεσθαι
483 3651 709 3727 γίνεται,
761 3659 861 3721 τῆς
922 3651 1325 3724 ἀναθυμιάσεως
1373 3649 1724 3723 ἐκκαιομένης
1762 3650 1850 3703 καὶ

199 3741 338 3794 κατᾶ
393 3741 454 3794 τὸ
511 3741 630 3810 ἑξῆς
691 3738 1096 3814 διαδιδομένης,
1153 3741 1228 3803 ὡς
1287 3737 1519 3816 εἷ’ρηται’
1568 3739 1665 3793 ὅσα
1712 3736 1756 3792 δ’
1800 3739 1852 3793 ἐν

198 3833 284 3899 τῷ
328 3829 637 3902 κατωτέρῳ,
689 3825 810 3884 ἔνθα
859 3832 886 3885 ὁ
917 3830 1043 3907 ἀὴρ,
1071 3834 1140 3904 τῇ
1188 3829 1442 3905 ἐκκρίσει·
1497 3833 1574 3901 τῷ
1602 3828 1853 3903 ψυχομέ-

203 3938 306 3986 νης
351 3921 451 3987 τῆς
500 3919 665 3995 ὑγρᾶς
712 3919 1112 3992 ἀναθυμιάσεως
1162 3917 1212 3992 ἐξ
1261 3917 1426 3988 αὐτῆς
1472 3919 1572 3986 τὴν
1620 3916 1851 3994 ἔκκρισιν

201 4005 466 4082 γίνεσθαι.

287 4184 374 4259 ιβ’.
406 4185 493 4246 Ὦς
549 4181 596 4238 δ’
649 4184 708 4239 ἂν
760 4181 862 4261 ἔχῃ
911 4186 1108 4248 θέσεως
1155 4188 1191 4255 ἡ
1240 4183 1582 4258 πυκνουμένη
1633 4183 1723 4238 καὶ
1757 4185 1856 4256 ψυ-

205 4270 428 4346 χομὲνη
488 4273 873 4346 ἀναθυμίασις,
937 4273 1028 4328 καὶ
1085 4274 1164 4352 ἐφ’
1225 4272 1257 4328 ἃ
1312 4273 1687 4348 τεττραμμένη
1747 4269 1854 4342 ein,

205 4359 384 4422 οὕτως
433 4360 574 4422 εἰκὸς
622 4362 711 4416 καὶ
764 4360 852 4416 ἐπὶ
901 4367 1067 4417 ταῦτα
1110 4365 1171 4416 τὸ
1220 4361 1270 4434 ἐξ
1320 4361 1486 4431 αὐτῆς
1539 4359 1855 4435 έκκρινόμε-

202 4469 300 4504 νον
334 4450 582 4527 φέρεσθαι
628 4454 760 4526 πῦρ.
813 4452 882 4505 Ἢ
923 4451 1023 4527 γὰρ
1073 4450 1150 4512 εἷς
1197 4451 1260 4504 τὸ
1310 4448 1420 4504 ἅνω
1468 4448 1705 4525 γίνεσθαι
1755 4450 1855 4518 τήν

205 4537 469 4616 ἔκκρισιν,
517 4537 576 4594 ἂν
620 4538 852 4594 κάτωθεν
902 4541 937 4610 ἡ
971 4538 1262 4601 πύκνωσις·
1297 4541 1332 4609 ἢ
1375 4540 1453 4602 εἰς
1500 4538 1761 4613 πλάγιον,
1797 4537 1856 4593 ἂν

206 4627 381 4682 ἐκεῖσε
408 4623 601 4697 συνέϐη
634 4630 670 4697 ἡ
700 4627 991 4690 πύκνωσις
1022 4629 1059 4698 ἢ
1091 4642 1262 4698 κάτω,
1297 4627 1356 4683 ἂν
1397 4625 1594 4684 ἄνωθεν
1634 4631 1670 4697 ἡ
1711 4627 1856 4704 ἀρχὴ

203 4722 311 4785 τῆς
341 4736 475 4771 πυκν
485 4717 668 4779 ώσεως
699 4717 940 4793 γίνηται.

289 4984 375 5058 ιγ’.
405 4983 480 5039 Τὰ
505 4981 692 5039 πολλὰ
723 4983 905 5057 μέντοι
934 4987 1041 5038 τῶν
1075 4983 1152 5046 εἰς
1193 4984 1256 5038 τὸ
1304 4983 1450 5039 κάτω
1485 4983 1858 5060 ῥιπτουμένων

214 5071 292 5133 εἷς
339 5073 400 5127 τὸ
443 5071 671 5148 πλάγιον
723 5073 987 5150 φέρεται,
1033 5069 1121 5127 διὰ
1163 5073 1226 5127 τὸ
1277 5071 1371 5127 δύο
1431 5073 1544 5146 ἅμα
1594 5078 1863 5137 ποιεῖσθαι

210 5164 382 5215 ταῦτα
428 5160 628 5236 φοράς·
687 5163 786 5230 τήν
842 5162 935 5234 μὲν
986 5161 1062 5224 εἷς
1107 5163 1170 5217 τὸ
1223 5163 1333 5217 ἄνω
1378 5163 1467 5217 καὶ
1516 5163 1652 5217 κατὰ
1706 5161 1860 5240 φύσιν

217 5247 358 5321 (ἐπεὶ
401 5253 479 5320 τῷ
525 5249 654 5326 πυρῖ
698 5249 832 5305 κατὰ
876 5249 1029 5328 φύσιν
1077 5252 1137 5305 τὸ
1187 5253 1293 5305 ἅνω
1344 5252 1634 5330 φέρεσθαι),
1684 5251 1781 5319 τήν
1816 5249 1864 5306 δ’

216 5335 293 5398 εἷς
340 5337 403 5391 τὸ
450 5337 595 5392 κάτω
650 5337 842 5414 βιαίως
891 5337 980 5393 διὰ
1019 5341 1116 5409 τὴν
1168 5336 1433 5414 ἔκθλιψιν.
1487 5340 1584 5394 Καὶ
1638 5337 1777 5394 ἔστιν
1824 5341 1859 5409 ἡ

217 5424 294 5486 εἷς
343 5425 406 5480 τὸ
448 5425 678 5503 πλάγιον
730 5429 869 5506 φορὰ
917 5425 977 5483 ἔκ
1023 5450 1082 5484 τε
1123 5435 1223 5498 τῆς
1265 5427 1376 5484 ἄνω
1432 5430 1520 5484 καὶ
1567 5437 1667 5498 τῆς
1713 5427 1861 5484 κάτω

221 5516 419 5587 μικτή.
469 5521 636 5571 Τοῦτο
689 5514 745 5572 δὲ
800 5517 1024 5593 γίνεται.
1082 5518 1208 5575 ὅταν
1270 5517 1399 5592 μηδ’
1454 5518 1606 5596 ἑτέρα
1660 5519 1858 5591 πάντη,

219 5600 377 5681 έπικρ
386 5607 504 5679 ατῇ.

293 5820 336 5857 ⁶¹
371 5820 398 5878 1
433 5819 670 5880 Metecr.
703 5838 754 5878 c.
785 5823 838 5882 4.
913 5822 961 5860 ⁸³
991 5822 1138 5881 Ibid.
1171 5840 1223 5881 c.
1250 5824 1302 5880 1.
1374 5823 1420 5861 ⁸³
1449 5823 1598 5882 Ibid.
1629 5839 1680 5880 c.
1714 5823 1767 5880 4.

1891 4936 1938 5001 D

1961 3652 2128 3720 ﬁunt,
2163 3668 2265 3722 per
2285 3650 2809 3706 inﬂammationem
2841 3651 3007 3715 ﬁunt,
3036 3655 3102 3705 ut
3119 3651 3397 3706 nimirum
3421 3651 3600 3706 exha-

1962 3740 2100 3796 latio
2131 3740 2506 3804 accendatur,
2540 3745 2596 3794 et
2627 3740 2696 3794 ad
2732 3739 2788 3793 id
2822 3740 2974 3811 quod
3009 3739 3285 3812 deinceps
3315 3739 3600 3812 sequitur,

1964 3833 2029 3884 ut
2057 3829 2277 3884 dictum
2309 3833 2418 3897 est,
2438 3829 2844 3884 distribuatur.
2877 3828 3173 3900 Quotquot
3197 3833 3390 3884 autem
3423 3828 3484 3882 in
3513 3827 3602 3883 in-

1965 3917 2170 3974 feriore
2219 3918 2390 3986 ﬁunt,
2423 3917 2522 3972 ubi
2569 3935 2667 3972 aer
2698 3921 2806 3983 est,
2839 3933 2942 3989 per
2987 3917 3372 3973 excretionem
3404 3917 3556 3972 ﬁunt
3589 3934 3604 3972 :

1965 4008 2121 4079 quod
2152 4005 2362 4079 frigore
2392 4011 2800 4062 concrescente
2846 4005 3092 4062 humida
3120 4005 3484 4062 exhalatione
3523 4005 3608 4061 sic

1964 4113 2034 4152 ex
2061 4095 2192 4168 ipsa
2205 4095 2320 4150 .ﬁat
2348 4094 2597 4151 excretio
2628 4095 2692 4149 ⁸³.

2039 4186 2124 4239 12.
2157 4184 2338 4239 Prout
2366 4201 2499 4239 vero
2531 4183 2645 4238 sita
2692 4183 2866 4239 fuerit
2887 4183 2988 4239 illa
3035 4185 3392 4240 densescens
3422 4200 3488 4240 ac
3513 4183 3610 4238 fri-

1966 4289 2103 4347 gore
2152 4289 2529 4328 concrescens
2573 4270 2885 4340 exhalatio,
2919 4289 2986 4328 ac
3032 4272 3093 4328 in
3141 4289 3319 4344 quam
3370 4288 3430 4328 se
3477 4288 3606 4343 par-

1966 4368 2084 4418 tem
2133 4362 2516 4430 converterit;
2567 4361 2651 4417 sic
2681 4378 2912 4432 quoque
2961 4362 3021 4415 in
3071 4363 3337 4418 eamdem
3382 4365 3608 4432 partem

1967 4452 2157 4524 ignem
2196 4450 2362 4506 illum
2395 4451 2495 4522 qui
2527 4467 2595 4506 ex
2627 4451 2753 4522 ipsa
2801 4449 3152 4520 excernitur,
3185 4450 3321 4505 ferri
3353 4465 3612 4506 cunsen-

1967 4544 2206 4596 taneum
2266 4544 2375 4595 est.
2422 4540 2568 4595 Nam
2619 4539 2710 4594 vel
2755 4556 2994 4595 sursum
3044 4539 3431 4594 excretionem
3481 4537 3609 4594 ﬁeri

1969 4647 2074 4702 par
2129 4633 2238 4698 est,
2300 4629 2349 4684 si
2406 4627 2780 4685 condensatio
2858 4628 2917 4683 in
2975 4627 3246 4684 interiore
3301 4627 3424 4684 loco
3482 4627 3611 4682 fue-

1969 4717 2090 4786 rit;
2124 4717 2214 4773 vel
2261 4717 2320 4772 in
2367 4717 2693 4789 obliquum,
2727 4716 2777 4773 si
2826 4716 2965 4771 illuc
3010 4720 3254 4789 vergat;
3303 4715 3393 4772 vel
3441 4716 3609 4772 deor-

1971 4823 2127 4874 sum,
2195 4810 2252 4862 et
2333 4821 2584 4877 superne
2660 4806 2760 4860 ﬁat
2851 4804 3328 4862 condensationis
3404 4803 3616 4877 princi-

1970 4895 2153 4966 pium.

2048 4985 2132 5040 13.
2166 4985 2513 5055 Quanquam
2543 4982 2749 5056 multa
2796 4998 2999 5039 eorum
3049 4999 3176 5054 qua:
3223 4983 3497 5039 deorsum
3521 4982 3614 5053 ja-

1974 5072 2229 5142 ciuntur,
2290 5071 2348 5127 in
2402 5076 2802 5127 transversum
2854 5071 3143 5140 feruntur,
3192 5071 3348 5143 quod
3397 5070 3616 5143 duplici

1972 5160 2073 5216 illa
2103 5167 2263 5216 motu
2310 5160 2609 5228 cieantur;
2642 5177 2757 5215 uno
2798 5177 3035 5216 sursum
3067 5165 3125 5215 et
3156 5161 3480 5216 secundum
3512 5176 3614 5215 na-

1971 5256 2162 5305 turam
2197 5251 2349 5306 I52
2395 5249 2635 5322 (quippe
2689 5249 2809 5320 igni
2864 5267 3100 5305 sursum
3149 5249 3368 5306 moveri
3415 5265 3620 5305 secun-

1973 5340 2113 5394 dum
2149 5343 2420 5393 naturam
2470 5337 2782 5408 convenit),
2814 5337 2993 5394 altero
3043 5339 3318 5395 deorsum
3367 5355 3470 5410 per
3496 5336 3615 5392 vim

1970 5428 2233 5484 elisionis
2281 5444 2460 5482 causa
2490 5427 2554 5481 ⁶⁴.
2598 5427 2816 5498 Estque
2866 5428 2961 5482 hic
3015 5427 3290 5500 obliquus
3337 5433 3532 5483 motus
3561 5430 3620 5482 et

1970 5535 2039 5573 ex
2069 5535 2134 5572 eo
2167 5516 2267 5588 qui
2301 5531 2538 5571 sursum
2569 5519 2626 5569 et
2655 5531 2722 5570 ex
2750 5532 2816 5570 eo
2849 5516 2947 5587 qui
2980 5517 3256 5572 deorsum
3286 5517 3352 5572 ﬁt
3380 5517 3616 5572 mistus.

1968 5606 2132 5672 Quod
2175 5604 2413 5676 quidem
2462 5603 2548 5672 ﬁt,
2581 5619 2717 5659 cum
2765 5609 2970 5661 neuter
3017 5622 3121 5679 per
3149 5606 3347 5662 omnia
3394 5621 3613 5679 prava-

1965 5692 2067 5751 let.

1843 5823 1890 5862 “
1916 5821 2066 5884 Ibid.
2099 5836 2151 5877 c.
2183 5819 2235 5878 4.
