4024 6488
247 545 404 606 1137

1570 547 1916 610 EPITOME
1958 549 2323 610 PHYSICA.

3487 546 3516 604 1
3533 543 3644 611 1138

313 693 380 751 γ’.
414 675 478 734 Εἰ
511 676 608 750 μὶν
637 675 738 753 γὰρ
764 676 936 748 πάντη
984 675 1150 751 ὁμοία
1178 678 1214 747 ἡ
1247 673 1429 752 ἔξαψις
1479 676 1562 748 εἴη
1611 686 1710 747 τῆς
1762 679 1871 734 ἀνα·

2069 681 2122 736 3.
2158 680 2217 738 Si
2247 679 2402 735 enim
2437 695 2538 752 per
2565 678 2764 735 omnia
2792 676 3005 736 similis
3051 675 3224 735 fuerit
3252 675 3641 737 exhalationis

244 765 552 844 φερομένης
605 766 1010 839 ἀναθυμιάσεως
1057 767 1145 823 καὶ
1213 769 1327 822 οἷον
1380 766 1748 845 σφαιροειδὴς,
1797 790 1889 822 κο-

246 858 429 928 μήτης
476 855 816 929 ὀνομάζεται·
871 856 916 911 εἰ
961 853 1007 910 δ’
1055 856 1356 930 ἐπιμήκης,
1389 856 1674 933 πωγωνίας
1722 877 1889 933 προσ-

241 943 575 1022 αγορεύεται.

312 1120 379 1180 δ’.
410 1123 510 1178 Καὶ
561 1119 726 1201 ἄμφω
779 1120 836 1178 δὲ
882 1127 1052 1196 κοινῷ
1108 1122 1260 1200 λόγῳ
1315 1130 1554 1196 κομῆται
1612 1121 1886 1198 λέγονται.

239 1209 494 1268 Συντελεῖ
534 1209 579 1267 δ’
626 1214 661 1281 ἡ
705 1213 939 1268 κάτωθεν
991 1211 1364 1290 ἀναφερομένη
1389 1213 1525 1288 πρὸς
1572 1208 1750 1286 ἔξαψιν
1802 1209 1886 1268 εὕ-

233 1322 432 1378 κρατος
491 1300 846 1374 ἀναθυμίασις
900 1306 1020 1364 τοῖς
1067 1303 1336 1375 κομήταις
1381 1298 1455 1364 εἴς
1503 1324 1562 1356 τε
1620 1299 1882 1374 διαμονὴν

234 1388 502 1466 χορηγίαν
535 1390 851 1464 παρέχουσα
876 1394 957 1462 τῷ
985 1391 1136 1464 πυρὶ,
1168 1391 1256 1446 καὶ
1291 1391 1367 1453 εἷς
1409 1392 1510 1460 τὴν
1555 1397 1657 1460 τῆς
1703 1390 1883 1464 κόμης

233 1477 542 1556 φαντασίαν.
595 1477 668 1532 Οὐ
734 1478 837 1552 γὰρ
906 1478 1330 1555 περιωρισμένον
1397 1480 1487 1534 καὶ
1548 1479 1883 1556 ἐπιτετορευ-

237 1567 394 1640 μένον
434 1565 546 1622 έστί
593 1568 656 1621 τὸ
703 1566 1012 1639 καιόμενον,
1072 1565 1200 1623 ἀλλ’
1246 1565 1514 1644 ἐκδρομάς
1559 1589 1704 1632 τινας
1753 1567 1882 1644 ἔχον

235 1656 328 1711 καὶ
394 1655 610 1733 ἐξοχὰς,
665 1653 734 1711 δι’
791 1655 854 1719 ἃς
909 1659 944 1726 ἡ
1003 1656 1260 1734 φαντασία
1329 1664 1429 1726 τῆς
1494 1653 1674 1732 κόμης
1740 1658 1879 1734 γίνε-

229 1766 338 1803 ται.

299 1925 360 1980 ε’.
395 1926 556 1979 Ὅταν
611 1923 705 1997 μὲν
751 1923 842 1978 οὗν
893 1925 928 1993 ἡ
959 1922 1184 1994 τοιαύτη
1231 1925 1377 2001 ἀρχή
1425 1927 1524 1994 τῆς
1573 1926 1876 1986 συστάσεως

222 2032 283 2066 τε
320 2013 409 2067 καὶ
453 2011 686 2086 ἐξάψεως
735 2011 787 2067 ἐν
836 2017 915 2084 τῷ
959 2013 1248 2086 κατωτέρῳ
1294 2013 1510 2088 γένηται
1563 2014 1739 2087 τόπῳ,
1779 2010 1870 2069 καὶ

233 2101 310 2172 μή
367 2097 600 2171 πλησίον
658 2105 766 2155 τῶν
820 2100 1079 2178 ἀστέρων,
1130 2103 1248 2166 καθ’
1301 2103 1484 2158 δαυτὸν
1539 2103 1570 2158 ὁ
1619 2106 1872 2177 κομήτης

226 2189 489 2267 φαίνεται.
545 2192 706 2245 Ὅταν
757 2187 803 2245 δ’
834 2189 997 2265 ἐγγῦς
1037 2195 1136 2245 τοῦ
1182 2191 1395 2267 αἰθέρος
1440 2191 1542 2246 ὑπό
1587 2213 1708 2247 τινα
1761 2198 1871 2248 τῶν

227 2277 464 2354 ἀστέρων
485 2279 523 2347 ἢ
543 2283 650 2334 τῶν
683 2277 1056 2352 πλανωμένων
1087 2281 1122 2348 ἢ
1153 2284 1261 2335 τῶν
1293 2278 1546 2335 ἀπλανῶν
1577 2285 1612 2351 ἡ
1645 2282 1869 2350 τοιαύτη

221 2365 576 2441 ἀναθυμίασις
642 2370 832 2441 συστῇ,
893 2367 1000 2423 ὑπὸ
1060 2374 1160 2437 τῆς
1227 2373 1324 2424 τοῦ
1400 2369 1622 2446 ἀστέρος
1669 2370 1872 2425 ἐκείνου

220 2457 492 2526 κινήσεως
521 2455 620 2524 τήν
647 2454 818 2510 αἰτίαν
866 2458 966 2526 τῆς
1009 2458 1311 2520 συστάσεως
1357 2457 1446 2513 καὶ
1493 2466 1593 2528 τῆς
1641 2457 1872 2534 ἐξάψεως

223 2542 430 2620 ἔχουσα
460 2546 550 2618 [ς’]
579 2545 691 2618 (καὶ
748 2544 851 2621 γὰρ
896 2544 956 2599 οὐ
1009 2544 1173 2618 μόνον
1201 2547 1228 2600 6
1258 2543 1441 2618 ἥλιος,
1475 2545 1620 2602 ἀλλὰ
1673 2547 1762 2603 καὶ
1820 2549 1873 2602 οἱ

227 2633 445 2710 ἀστέρες
505 2631 593 2688 διὰ
645 2639 746 2702 τῆς
800 2635 1064 2704 κινήσεως
1121 2634 1492 2710 θερμαίνοντες
1574 2636 1674 2705 τήν
1745 2643 1871 2712 γῆν,

225 2723 602 2794 ἀναθυμιάσεις
633 2719 951 2779 ἀνέλκουσιν
981 2722 1033 2793 ἐξ
1069 2722 1234 2792 αὐτῆς
1268 2723 1357 2778 καὶ
1410 2722 1621 2796 μᾶλλον
1673 2724 1732 2780 ἐκ
1773 2729 1871 2778 τοῦ

223 2809 425 2884 ἀέρος)·
455 2809 580 2866 τότε
629 2807 696 2879 δὴ
744 2810 868 2866 τότε
920 2815 1030 2868 τῶν
1085 2812 1549 2889 προϋπαρχόντων
1591 2835 1673 2875 τις
1715 2813 1868 2869 ἀστέ-

221 2917 330 2973 ρων
361 2900 612 2972 κομήτης
642 2899 898 2978 φαίνεται.

293 2988 352 3056 ζ’,
396 2988 468 3043 Οὐ
520 2989 626 3063 γὰρ
672 2991 707 3058 ἡ
757 2990 1054 3066 φαινομένη
1100 2988 1248 3062 κόμη
1289 2994 1395 3045 τῶν
1446 2989 1682 3067 ἀστέρων
1731 2992 1868 3067 πρός

218 3075 406 3138 αὐτοῖς
489 3076 720 3153 ὑπάρχει
789 3082 908 3140 τοῖς
984 3077 1259 3153 ἀστράσιν,
1313 3077 1440 3135 ἀλλ’
1511 3079 1599 3134 ὑπ’
1673 3079 1868 3143 αὐτοὺς

219 3162 351 3220 οὖσα
400 3164 644 3244 φαίνεται
690 3166 826 3242 πρὸς
887 3165 1090 3239 αὐτοῖς,
1149 3167 1237 3222 καὶ
1296 3170 1720 3244 συμπεριάγεται
1772 3169 1866 3224 αύση

218 3275 280 3310 το
291 3275 353 3316 ις.

295 3343 364 3412 η’.
396 3345 554 3399 Ὅταν
610 3343 706 3416 μὲν
756 3341 846 3399 οὖν
892 3345 1146 3421 ἀνωτέρω
1191 3344 1282 3401 καὶ
1311 3344 1547 3414 πλησίον
1583 3352 1679 3403 τοῦ
1730 3349 1869 3414 αἰθέ-

1999 785 2126 840 quae
2172 769 2434 824 evehitur
2487 767 2894 836 inﬂammatio,
2943 784 3008 823 ac
3065 765 3242 822 veluti
3299 765 3455 838 globi
3513 782 3642 839 spe-

2000 857 2147 914 ciem
2195 875 2309 930 prm
2357 874 2420 914 se
2469 858 2635 922 ferat,
2685 861 2932 925 cometa,
2982 857 3039 912 id
3091 860 3199 926 est,
3232 855 3440 912 crinita
3468 855 3641 914 stella

1998 947 2250 1015 dicitur;
2302 949 2393 1004 sin
2451 950 2648 1002 autem
2709 946 2980 1018 oblonga,
3040 945 3282 1002 barbata
3337 961 3639 1017 nuncupa-

1996 1040 2114 1092 tur.

2067 1126 2119 1180 4.
2155 1126 2263 1181 Sed
2295 1125 2478 1180 ambae
2509 1124 2685 1181 etiam
2723 1123 3023 1180 communi
3067 1121 3349 1179 vocabulo
3398 1126 3636 1179 cometes

1996 1215 2363 1270 dicuntur“.
2395 1215 2678 1270 Caeterum
2726 1212 2827 1269 illa
2873 1214 3020 1269 bene
3067 1215 3391 1285 temperata
3438 1211 3508 1266 ad
3541 1212 3636 1267 in-

1995 1303 2451 1359 ﬂammationem
2480 1301 2767 1358 exhalatio
2799 1319 2924 1373 qua:
2964 1301 3188 1357 inferne
3235 1318 3473 1356 sursum
3520 1300 3631 1356 fer-

1993 1396 2110 1459 tur,
2140 1409 2272 1447 cum
2305 1393 2377 1448 od
2409 1392 2776 1448 durationem
2809 1391 3052 1447 cometis
3083 1391 3373 1457 conducit,
3409 1390 3634 1446 fomen-

1993 1486 2121 1536 tum
2153 1482 2273 1555 igni
2306 1480 2708 1553 suppeditans,
2736 1485 2862 1534 tum
2903 1481 2973 1535 ad
3006 1496 3183 1534 comae
3214 1479 3462 1550 ﬁguram
3506 1478 3630 1534 efﬁ-

1992 1570 2257 1627 ciendam
2307 1570 2469 1626 utilis
2520 1574 2626 1626 est.
2655 1570 2855 1641 Neque
2904 1569 3062 1624 enim
3111 1568 3491 1626 circumcirca
3527 1568 3630 1624 de-

1990 1660 2225 1716 finitum
2282 1663 2339 1714 et
2396 1660 2770 1715 detornatum
2827 1662 2917 1714 est
2962 1657 3020 1712 id
3069 1657 3223 1728 quod
3267 1657 3492 1728 ﬂagrat,
3526 1656 3630 1714 sed

1990 1766 2305 1822 procursus
2353 1749 2606 1821 quodam
2648 1748 2827 1804 habet
2879 1751 2936 1803 et
2989 1745 3338 1802 eminentiae
3395 1749 3633 1818 propter

1988 1855 2138 1910 quas
2167 1855 2345 1894 comae
2376 1839 2565 1910 ﬁgura
2589 1837 2794 1893 oritur.

2055 1929 2110 1983 5.
2144 1929 2288 1983 Cum
2319 1928 2500 2000 igitur
2527 1926 2864 1983 istiusmodi
2893 1925 3279 1982 concretionis
3309 1929 3368 1980 et
3398 1923 3627 1982 inﬂam-

1986 2017 2261 2072 mationis
2316 2016 2671 2089 principium
2733 2017 2792 2070 in
2846 2015 3118 2072 inferiore
3174 2013 3301 2070 loco
3357 2014 3448 2080 fit,
3506 2029 3624 2072 non

1981 2122 2158 2178 prope
2189 2105 2414 2171 stellas,
2444 2121 2547 2177 per
2585 2120 2646 2160 se
2671 2108 2897 2160 cometa
2925 2104 3200 2160 cernitur.
3253 2102 3397 2159 Cum
3426 2109 3618 2159 autem

1981 2211 2161 2267 prope
2182 2194 2478 2265 aetherem,
2503 2195 2614 2250 sub
2634 2193 2832 2265 aliqua
2853 2192 3153 2249 stellarum
3175 2196 3277 2248 aut
3295 2191 3618 2248 errantium

1981 2288 2084 2339 aut
2140 2283 2526 2340 inerrantium
2584 2285 2756 2353 (quas
2812 2283 2956 2338 ﬁxas
3021 2281 3271 2352 vocant),
3331 2279 3619 2337 exhalatio

1979 2372 2272 2444 ejusmodi
2303 2373 2650 2439 constiterit,
2683 2372 2755 2428 ab
2789 2369 2950 2427 illius
2981 2370 3160 2426 stellae
3191 2373 3352 2426 motu
3384 2385 3621 2426 concre-

1981 2460 2162 2518 tionis
2189 2462 2343 2519 156
2371 2465 2428 2516 et
2457 2458 2938 2517 inﬂammationis
2967 2477 3084 2514 suae
3115 2475 3352 2514 causam
3375 2457 3624 2526 habens,

1981 2551 2083 2621 ([6]
2113 2566 2227 2605 non
2260 2549 2416 2606 enim
2450 2548 2535 2605 sol
2565 2549 2869 2612 duntaxat,
2901 2549 3002 2604 sed
3034 2551 3090 2602 et
3116 2545 3285 2602 stella
3312 2551 3476 2604 motu
3506 2549 3623 2602 ter-

1983 2656 2108 2694 ram
2161 2637 2585 2704 calefacientes,
2617 2635 3018 2694 exhalationes
3065 2653 3128 2692 ex
3181 2652 3250 2692 ea
3278 2635 3366 2691 vel
3396 2651 3466 2692 ex
3495 2651 3628 2692 aere

1981 2728 2177 2800 potius
2209 2727 2552 2799 attrahunt),
2583 2731 2725 2782 tunc
2751 2741 2912 2791 sane,
2941 2730 3101 2792 tunc,
3136 2725 3402 2796 inquam,
3422 2740 3626 2780 earum

1985 2817 2288 2875 stellarum
2322 2834 2451 2889 quae
2491 2817 2618 2888 jam
2669 2819 2802 2872 ante
2841 2819 3051 2887 praesto
3082 2818 3244 2882 sunt,
3276 2813 3474 2886 aliqua
3511 2814 3624 2870 cri-

1983 2907 2107 2963 nita
2136 2911 2395 2979 apparet.

2051 3000 2101 3050 7.
2131 2997 2329 3069 Neque
2369 2995 2526 3051 enim
2571 2992 2749 3050 crinis
2796 2993 2895 3049 ille
2941 2991 3245 3049 stellarum
3297 2992 3398 3064 qui
3449 3007 3623 3063 appa-

1979 3089 2085 3151 ret,
2116 3085 2294 3157 ispsis
2323 3085 2475 3140 inest
2505 3082 2691 3140 stellis
2717 3108 2732 3152 ;
2762 3083 2864 3138 sed
2894 3099 3026 3139 cum
3059 3081 3213 3138 infra
3243 3082 3403 3154 ipsas
3429 3081 3527 3150 sit,
3549 3081 3620 3137 ad

1977 3173 2135 3245 ipsas
2167 3177 2365 3230 tamen
2393 3176 2634 3246 apparet
2663 3176 2722 3228 et
2751 3188 2886 3228 cum
2916 3170 3062 3244 ipsis
3091 3170 3152 3228 in
3178 3171 3379 3227 orbem
3417 3185 3620 3227 versa-

1974 3264 2091 3317 tur.

2049 3352 2102 3408 8.
2164 3350 2308 3406 Cum
2357 3349 2538 3422 igitur
2583 3349 2857 3422 superius
2903 3352 2961 3404 et
2989 3364 3171 3421 prope
3199 3347 3476 3404 aetherem
3507 3347 3619 3404 sub

223 3451 316 3506 ρος
365 3431 466 3486 ὑπό
513 3453 636 3487 τινα
679 3436 787 3486 τῶν
839 3432 1074 3509 ἀστέρων
1107 3436 1142 3503 ἡ
1193 3433 1339 3508 κόμη
1383 3435 1626 3510 γένηται,
1679 3435 1867 3511 ἐκείνῳ

1991 3438 2178 3511 aliqua
2207 3421 2508 3494 stellarum
2541 3454 2708 3494 coma
2738 3454 2838 3494 seu
2871 3437 3050 3494 crinis
3096 3437 3411 3507 exstiterat,
3439 3435 3618 3492 simul

219 3525 565 3594 συγκινεῖται,
627 3521 701 3583 ὡς
761 3520 967 3577 ἐκείνου
1020 3525 1090 3596 τῇ
1158 3521 1381 3598 τοιαύτῃ
1455 3525 1699 3580 συστάσει
1763 3528 1862 3594 τὴν

215 3607 392 3664 αἰτίαν
443 3608 802 3686 παρέχοντος.
861 3612 1020 3665 Ὅταν
1106 3607 1164 3666 δὲ
1234 3614 1524 3689 κατωτέρω
1588 3615 1678 3668 καὶ
1749 3621 1866 3679 καθ’

218 3697 404 3753 ἑαυτὸν
455 3699 483 3752 6
533 3701 789 3771 κομήτης
845 3704 1032 3773 συστῇ,
1075 3699 1252 3756 οὐκέτι
1304 3701 1412 3756 τινὶ
1466 3706 1574 3757 τῶν
1632 3703 1867 3778 ἀστέρων

219 3783 528 3861 ἰσοδρομεῖ,
557 3785 682 3843 ἀλλ’
723 3786 1079 3866 έφυστερίζων
1128 3790 1219 3844 καὶ
1267 3789 1698 3865 ὑπολειπόμενος
1747 3793 1864 3870 φαί-

1975 3533 2241 3584 movetur
2287 3545 2421 3584 cum
2473 3526 2595 3594 illa,
2628 3527 2760 3598 ipsa
2815 3527 3156 3598 hujusmodi
3215 3525 3618 3582 constitutioni

1975 3632 2214 3672 causam
2247 3617 2558 3688 praebente.
2590 3615 2736 3670 Cum
2779 3619 2973 3671 autem
3021 3614 3265 3670 inferius
3312 3618 3372 3670 et
3417 3629 3521 3684 per
3555 3630 3618 3672 se

1973 3709 2202 3762 cometa
2231 3705 2558 3761 constiterit
2572 3705 2637 3770 ⁸⁷,
2670 3720 2786 3759 non
2817 3703 3070 3775 amplius
3102 3703 3226 3776 pari
3257 3719 3391 3758 cum
3422 3702 3620 3774 aliqua

1973 3794 2276 3850 stellarum
2307 3811 2485 3848 cursu
2517 3793 2720 3858 fertur,
2752 3793 2852 3848 sed
2900 3791 3128 3847 tardius
3173 3791 3455 3862 subsequi
3497 3795 3556 3847 et
3582 3807 3617 3846 a

217 3895 383 3934 νεται.
454 3876 686 3947 Τοιαύτη
770 3878 871 3953 γὰρ
923 3880 957 3946 ἡ
1013 3877 1226 3949 κίνησίς
1307 3900 1367 3934 τε
1434 3880 1523 3936 καὶ
1597 3883 1866 3960 περιφορὰ

1991 3899 2130 3955 ergo
2159 3882 2408 3954 relinqui
2437 3882 2684 3937 videtur.
2714 3879 2870 3936 Talis
2899 3879 3054 3936 enim
3079 3883 3169 3935 est
3199 3878 3405 3936 mundi
3453 3878 3612 3935 circa

213 3968 310 4019 τοῦ
366 3963 576 4038 κόσμου
626 3969 725 4020 τοῦ
789 3966 913 4041 περὶ
970 3973 1092 4043 γῆν,
1156 3966 1256 4022 οὐκ
1324 3965 1695 4042 ἴσοδρομοῢσα
1745 3976 1862 4033 τοῖς

213 4052 502 4127 οὖρανίοις“
553 4050 681 4108 ἀλλ’
738 4051 852 4109 οὐδ’
904 4054 1128 4128 ὁμαλῶς
1186 4055 1369 4119 αὐτοῖς
1426 4056 1689 4131 ἑπομένη,
1749 4058 1862 4114 οὐδ’

215 4135 454 4216 ἀκριϐῶς
515 4144 797 4221 σφαιρικήο
858 4143 952 4198 ἅτε
1031 4145 1106 4216 μὴ
1181 4145 1317 4200 κατὰ
1373 4144 1527 4223 φύσιν
1595 4147 1736 4202 οὕτω
1795 4146 1861 4217 δὴ

216 4234 517 4308 σφαιρικῶς
581 4232 916 4305 κινουμένων
992 4236 1098 4288 τῶν
1170 4234 1480 4310 περιγείων,
1538 4233 1664 4292 ἀλλ’
1732 4238 1861 4292 ὑπο-

215 4317 526 4396 συρομένων
587 4319 766 4392 μόνων
845 4321 948 4376 ὑπὸ
1021 4327 1121 4390 τῆς
1187 4327 1294 4377 τῶν
1375 4322 1635 4400 οὐρανίων
1717 4328 1865 4397 κινή-

213 4428 368 4470 πως.

285 4586 348 4642 θ’.
382 4584 447 4642 Εἰ
496 4583 554 4641 δὲ
599 4585 691 4641 καὶ
743 4587 797 4641 οἱ
852 4584 1124 4658 πλάνητες
1187 4587 1375 4663 βιαίως
1431 4594 1706 4645 κινοῦνται
1764 4593 1862 4660 τήν

214 4674 307 4731 ἀπ’
363 4673 645 4731 ἀνατολῶν
709 4675 787 4737 εἰς
844 4671 1070 4748 δυσμὰς,
1130 4674 1276 4732 ἀλλά
1348 4682 1485 4740 τέως
1550 4680 1585 4747 ἡ
1653 4679 1866 4751 κίνησις

215 4762 394 4818 αὐτῶν
427 4765 711 4842 σφαιρική”
739 4767 850 4819 τῶν
877 4759 936 4819 δὲ
963 4763 1254 4840 περιγείων
1284 4765 1345 4819 ού
1368 4765 1615 4837 τοιαύτη.

289 4942 341 4996 ι’.
384 4943 504 4996 ’Ότι
555 4937 612 4995 δὲ
657 4938 920 5016 πυρώδης
965 4944 1004 5011 ἡ
1048 4945 1156 4997 τῶν
1211 4947 1471 5016 κομητῶν
1522 4943 1630 5001 ἐστι
1678 4945 1867 5002 σύστα-

217 5051 321 5102 σις,
349 5030 411 5084 τὸ
460 5029 740 5103 σημαίνειν
785 5030 1037 5108 αυχμούς
1083 5052 1141 5087 τε
1181 5033 1272 5086 καὶ
1319 5033 1594 5105 πνεύματα
1648 5035 1870 5099 πλείους

217 5117 416 5181 αὐτοὺς
471 5120 792 5195 γινομένους
845 5121 1164 5193 τεκμήριον.
1225 5123 1384 5176 Ὅταν
1444 5123 1547 5198 γὰρ
1603 5127 1637 5193 ἡ
1695 5127 1868 5202 θερμή

221 5207 312 5263 καὶ
357 5205 619 5282 πυρώδης
684 5209 1036 5283 ἀναθυμίασις
1094 5208 1384 5284 πλεονάζῃ,
1434 5212 1584 5266 οὗτοί
1629 5233 1688 5268 τε
1735 5214 1873 5269 συνί-

222 5317 458 5370 στανται,
489 5298 581 5354 καὶ
642 5298 745 5353 ὑπὸ
798 5305 901 5368 τῆς
945 5297 1202 5369 τοιαύτης
1262 5300 1668 5373 ἀναθυμιάσεως
1699 5303 1726 5355 6
1768 5304 1872 5378 ἀήρ

224 5385 515 5462 ξηρότερος
566 5387 790 5462 γίνεται·
839 5387 929 5442 καὶ
978 5384 1303 5463 διακρίνεται
1351 5389 1439 5443 καὶ
1498 5386 1775 5446 διαλύεται
1811 5393 1875 5447 τὸ

220 5473 504 5549 ἐξατμίζον
565 5477 672 5531 ἀπὸ
726 5481 824 5532 τοῦ
879 5476 1002 5552 περὶ
1055 5477 1156 5545 τὴν
1206 5484 1307 5552 γῆν
1337 5477 1509 5533 τόπου
1541 5479 1631 5534 καὶ
1690 5482 1875 5558 ἀναφε-

218 5563 448 5638 ρόμενον
508 5565 689 5642 ὑγρὸν,
748 5565 886 5622 ὥστε
947 5566 1022 5640 μὴ
1094 5565 1432 5624 συνίστασθαι
1511 5566 1714 5644 ῥᾳδίως
1785 5569 1874 5625 καὶ

223 5648 584 5727 μεταϐάλλειν
615 5655 693 5718 εἰς
724 5653 893 5732 ὕδωρ.

290 5871 335 5908 ⁸⁸
362 5872 389 5929 1
423 5870 660 5930 Meteor.
691 5889 740 5930 ο.
770 5873 825 5929 7.
899 5871 944 5908 ⁸⁷
973 5870 1120 5929 Ibid.
1196 5873 1240 5909 ⁸⁸
1269 5871 1418 5930 Ibid.

1971 3976 2190 4029 terram
2223 3976 2418 4026 motus
2443 3975 2500 4027 et
2527 3970 2847 4040 conversio,
2874 3973 2942 4024 ut
2968 3967 3250 4040 aequalem
3283 3967 3614 4024 omlestibus

1973 4059 2360 4134 [corporibus]
2393 4063 2616 4114 motum
2649 4075 2766 4114 non
2795 4058 3079 4121 observet,
3114 4057 3215 4112 sed
3266 4071 3374 4112 nec
3421 4072 3613 4128 aequa-

1970 4150 2166 4206 biliter
2193 4165 2262 4204 ea
2285 4147 2614 4214 comitetur,
2642 4162 2748 4202 nec
2778 4145 3022 4218 sphaera:
3049 4144 3301 4217 speciem
3331 4143 3618 4216 exquisite

1972 4238 2272 4304 imitetur;
2323 4236 2540 4308 quippe
2569 4252 2704 4292 cum
2738 4251 2984 4307 corpora
3009 4238 3175 4291 terras
3205 4233 3471 4306 proxima
3500 4249 3617 4289 non

1972 4327 2056 4382 ita
2086 4326 2412 4382 secundum
2445 4329 2716 4380 naturam
2766 4324 2828 4380 in
2879 4324 3077 4380 orbem
3119 4327 3482 4393 moveantur,
3513 4321 3614 4378 sed

1971 4419 2204 4472 tantum
2234 4432 2268 4471 a
2296 4413 2622 4471 cmlestium
2654 4415 3011 4486 [corporum]
3057 4415 3219 4468 motu
3261 4411 3432 4481 juxta
3473 4426 3614 4482 pro-

1972 4504 2304 4560 trahantur.

2044 4594 2098 4648 9.
2133 4594 2482 4664 Quanquam
2529 4607 2663 4647 vero
2711 4590 2889 4647 etiam
2939 4590 3088 4647 157
3137 4588 3393 4647 erratica
3435 4585 3616 4644 stellas

1973 4681 2254 4738 violenter
2283 4681 2354 4737 ab
2385 4685 2516 4736 ortu
2545 4679 2606 4735 in
2637 4695 2908 4736 occasum
2943 4682 3268 4748 moventur,
3301 4680 3498 4734 motus
3526 4680 3613 4732 ta-

1901 4789 1946 4854 D
1979 4788 2114 4827 men
2145 4787 2344 4828 earum
2379 4770 2436 4825 in
2468 4769 2666 4824 orbem
2698 4773 2805 4834 est,
2837 4785 2970 4824 cum
3001 4783 3310 4840 corporum
3335 4770 3502 4822 terrae
3529 4765 3615 4824 vi-

1980 4861 2246 4917 cinorum
2277 4863 2473 4915 motus
2503 4874 2618 4913 non
2649 4858 2726 4913 sit
2751 4857 3062 4927 ejusmodi.

2053 4953 2138 5005 10.
2173 4951 2348 5005 Porro
2375 4964 2508 5004 vero
2557 4950 2912 5004 cometarum
2967 4945 3445 5001 constitutionem
3488 4960 3618 5000 esse

1981 5041 2212 5114 igneam
2245 5039 2302 5094 id
2348 5042 2437 5092 est
2479 5035 2716 5102 indicio,
2748 5035 2901 5106 quod
2961 5035 3010 5089 si
3059 5034 3254 5107 plures
3303 5034 3522 5089 fuerint
3547 5034 3612 5101 ⁸³,

1981 5135 2038 5186 et
2066 5133 2243 5184 aestus
2273 5131 2330 5182 et
2356 5130 2561 5182 ventos
2591 5125 2917 5194 designent.
2942 5124 3086 5179 Cum
3139 5124 3296 5178 enim
3343 5122 3536 5180 calida
3562 5128 3620 5179 et

1981 5217 2154 5289 ignea
2200 5213 2484 5270 exhalatio
2533 5212 2813 5280 abundat,
2849 5213 3058 5282 partim
3110 5211 3223 5283 ipsi
3269 5211 3619 5276 conﬂantur,

1983 5305 2197 5378 partim
2229 5304 2300 5358 ab
2330 5301 2686 5374 ejuscemodi
2719 5300 3086 5356 exhalatione
3117 5298 3324 5356 siccior
3372 5316 3470 5356 aer
3497 5299 3621 5356 efﬁ-

1984 5394 2157 5461 citur,
2189 5393 2519 5462 humorque
2547 5389 2643 5445 ille
2674 5389 2771 5461 qui
2804 5406 2872 5445 ex
2899 5388 3026 5444 loco
3055 5393 3222 5444 terrae
3269 5388 3459 5446 vicino
3491 5405 3626 5446 eva-

1983 5488 2149 5555 porat
2193 5485 2250 5536 et
2296 5478 2664 5546 subvehitur,
2694 5478 3016 5551 dissipatur
3065 5483 3122 5533 et
3166 5477 3529 5548 dissolvitur,
3563 5483 3630 5535 ut

1984 5571 2127 5628 haut
2156 5569 2237 5625 ita
2276 5567 2444 5624 facile
2492 5571 2828 5624 concrescat
2882 5571 2939 5623 et
2987 5567 3045 5622 in
3096 5584 3313 5640 aquam
3362 5583 3624 5624 commu-

1982 5663 2156 5716 tatur.
