4024 6440
396 437 548 500 1139

398 660 598 714 crebro
629 662 691 712 ut
735 655 913 712 stellae
957 655 1346 728 prosilientes,
1379 658 1709 727 exsistunt;
1761 657 2037 731 quodque

397 747 573 803 etiam
606 746 704 818 qui
732 746 1040 816 exsistunt,
1074 750 1236 801 extra
1268 747 1460 818 potius
1492 766 1666 820 quam
1689 750 1844 804 intra
1867 750 2038 821 tropi-

397 853 497 891 cos
527 835 815 891 exsistunt
849 853 861 890 :
895 851 1134 890 causam
1165 852 1292 890 esse
1323 843 1564 892 censent
1595 838 1736 894 solis
1767 838 2038 893 aliorum-

395 941 508 997 que
537 924 902 996 planetarum
937 928 1208 979 motum:
1253 925 1352 996 qui
1405 943 1538 981 cum
1585 927 1738 982 intra
1785 929 2037 999 tropicos

395 1018 740 1070 moveantur
768 1013 888 1079 (hic
921 1013 1076 1067 enim
1105 1013 1366 1085 signiferi
1399 1015 1602 1070 circuli
1650 1017 1710 1070 in
1760 1034 1875 1087 quo
1918 1033 2037 1071 mo-

393 1106 490 1158 tus
547 1102 913 1174 planetarum
973 1102 1290 1173 perﬁcitur,
1350 1104 1499 1159 situs
1558 1106 1686 1176 est),
1737 1105 2037 1162 densiores

395 1195 452 1247 et
536 1191 913 1264 conglobatas
995 1191 1412 1258 exhalationes,
1473 1211 1598 1265 quae
1679 1200 2034 1249 cometarum

396 1285 536 1337 sunt
582 1279 846 1346 materia,
895 1279 1236 1352 disgregant
1292 1285 1356 1336 ut
1413 1282 1735 1354 plurimum
1781 1288 1839 1339 et
1884 1288 2036 1339 exte-

398 1373 583 1425 nuant
608 1371 672 1423 δ’.

472 1461 559 1514 12.
592 1458 844 1514 Maxime
889 1463 1084 1514 autem
1113 1459 1170 1513 in
1201 1476 1382 1515 causa
1427 1477 1556 1517 esse
1601 1461 1848 1533 videtur,
1882 1463 2034 1534 quod

399 1549 460 1604 in
491 1549 621 1605 istis
670 1548 934 1621 partibus
986 1552 1220 1604 cometae
1269 1567 1385 1605 non
1435 1551 1722 1617 oriuntur,
1755 1552 1892 1623 quia
1922 1552 2037 1607 fere

397 1638 459 1693 in
517 1638 686 1692 lactis
743 1637 1061 1710 regionem,
1113 1638 1264 1695 158
1320 1639 1426 1694 hoc
1485 1644 1594 1709 est,
1635 1640 1695 1695 in
1753 1640 2036 1696 circulum

398 1726 696 1782 Galaxiam
754 1726 1010 1783 maxima
1067 1727 1356 1798 ejusmodi
1411 1727 1844 1784 exbalationum
1903 1746 2039 1800 pars

397 1815 744 1885 excernitur,
793 1815 1130 1887 ibidemque
1188 1815 1428 1872 collecta
1485 1817 1675 1873 lucem
1727 1835 1854 1874 eam
1911 1835 2038 1889 quae

396 1904 756 1977 conspicitur
785 1905 979 1959 efﬁcit.

471 1995 556 2048 13.
591 1995 1094 2058 Quemadmodum
1147 1995 1305 2050 enim
1357 1995 1535 2051 stellae
1583 1996 1850 2067 quaedam
1898 2012 2036 2051 cum

397 2087 658 2140 errantes
673 2083 737 2151 7°,
766 2088 892 2137 tum
916 2084 1303 2150 innerrantes,
1323 2084 1565 2151 crinitae,
1591 2089 1655 2140 ut
1681 2085 1903 2140 dictum
1928 2089 2035 2152 est,

397 2172 687 2240 videntur,
719 2188 853 2227 cum
885 2173 1038 2227 infra
1079 2173 1238 2244 ipsas
1285 2173 1518 2229 densior
1565 2173 1850 2230 exhalatio
1901 2191 2035 2230 con-

401 2261 609 2317 crescit
633 2265 688 2316 et
717 2261 1118 2316 inﬂammatur
1147 2267 1201 2317 et
1231 2279 1362 2316 cum
1395 2263 1540 2334 ipsis
1589 2263 1764 2318 simul
1803 2280 2039 2319 conver-

400 2350 590 2406 titur:
621 2350 704 2404 sic
735 2349 908 2405 etiam
963 2351 1023 2405 in
1084 2352 1264 2407 lacteo
1314 2352 1528 2407 circulo
1579 2369 1670 2406 res
1719 2369 1780 2408 se
1829 2353 2040 2408 habere

397 2439 648 2494 videtur.
683 2440 843 2504 Quod
876 2439 1030 2494 enim
1063 2440 1350 2495 exhalatio
1381 2458 1466 2507 ea,
1501 2458 1626 2512 qua
1661 2441 1813 2496 circa
1860 2459 2038 2496 unam

399 2528 737 2600 quampiam
771 2527 999 2583 stellam
1027 2529 1272 2595 exsistit,
1308 2529 1485 2585 crinis
1517 2531 1763 2601 ﬁguram
1813 2531 1990 2586 efﬁcit
2023 2555 2038 2599 ;

397 2616 552 2672 idem
585 2616 759 2672 etiam
792 2618 932 2672 dum
964 2617 1024 2671 in
1056 2617 1126 2672 iis
1153 2617 1340 2674 stellis
1369 2619 1427 2672 in
1461 2617 1676 2689 quibus
1697 2618 1783 2673 lac
1803 2623 2042 2690 apparet

399 2704 576 2760 simul
623 2706 708 2771 ﬁt,
741 2705 1023 2760 circulum
1074 2706 1229 2762 hunc
1277 2707 1376 2776 qui
1422 2707 1645 2762 lacteus
1696 2708 2038 2779 appellatur,

398 2793 626 2849 efﬁcere
654 2795 900 2849 videtur.
934 2796 1096 2861 Quod
1130 2796 1310 2868 igitur
1338 2796 1491 2851 circa
1518 2813 1695 2852 unam
1737 2797 2039 2852 stellarum

399 2882 524 2938 ﬁeri
557 2887 766 2954 potest,
798 2883 854 2938 id
887 2884 1064 2939 etiam
1097 2885 1154 2938 in
1191 2886 1455 2940 universo
1490 2885 1629 2940 ccelo
1660 2885 1783 2941 ﬁeri
1811 2902 1925 2941 non
1955 2890 2043 2942 est

399 2971 942 3028 inconsentaneum.
974 2973 1030 3027 Si
1062 2974 1217 3028 enim
1250 2974 1427 3029 unius
1466 2974 1643 3029 stellae
1694 2980 1888 3030 motus
1911 2976 2044 3031 facit

400 3061 516 3116 tale
546 3061 792 3133 aliquid,
825 3079 940 3117 non
990 3063 1312 3118 absurdum
1363 3068 1452 3119 est
1503 3064 1854 3134 existimare,
1885 3065 2040 3136 quod

405 3150 668 3206 omnium
692 3151 1430 3222 etiam[stellarum]motus
1452 3153 1606 3208 idem
1630 3157 1902 3225 praestare
1916 3171 2043 3225 pos-

400 3239 498 3304 sit,
529 3244 594 3294 ut
623 3239 1048 3295 exhalationem
1099 3241 1210 3296 sibi
1260 3240 1557 3296 subditam
1601 3242 1956 3298 exsuscitent
1985 3247 2042 3298 et

397 3328 767 3384 inﬂamment
795 3333 852 3384 et
881 3345 1078 3385 secum
1110 3330 1364 3386 trahant.

469 3419 554 3472 14.
588 3418 876 3474 Caeterum
908 3417 1017 3473 hoc
1047 3419 1240 3490 potius
1290 3419 1414 3474 ﬁeri
1465 3423 1923 3475 consentaneum
1955 3426 2044 3476 est

399 3507 459 3561 in
487 3521 554 3561 ea
585 3506 710 3562 cceli
742 3512 925 3579 parte,
954 3508 1011 3561 in
1063 3525 1180 3580 qua
1231 3507 1428 3579 plures
1480 3509 1672 3564 densae
1716 3512 1774 3564 et
1816 3525 2040 3582 magna;

401 3594 580 3650 stellae
612 3599 768 3650 sunt.
803 3600 1003 3667 Itaque
1032 3596 1091 3650 in
1123 3595 1372 3652 Zodiaco
1421 3596 1707 3652 exhalatio
1751 3598 2040 3668 ejusmodi

399 3687 458 3738 et
485 3683 812 3738 concressio
842 3702 957 3740 non
990 3689 1205 3752 manet,
1238 3689 1541 3758 propterea
1571 3687 1723 3744 I59
1757 3689 1909 3759 quod
1955 3687 2041 3743 sol

399 3775 457 3826 et
493 3772 680 3827 caeteri
731 3773 973 3843 planetae
1023 3774 1122 3845 qui
1170 3791 1273 3845 per
1317 3775 1474 3830 hunc
1526 3781 1852 3845 moventur,
1884 3778 2041 3848 ejus-

399 3860 558 3915 modi
589 3861 1053 3916 concressionem
1088 3862 1425 3936 disgregant
1454 3868 1512 3918 et
1539 3869 1874 3920 extenuant.

473 4038 559 4092 15.
593 4039 754 4104 Quod
789 4043 984 4094 autem
1006 4039 1227 4096 lacteus
1257 4041 1513 4098 circulus
1544 4043 1643 4114 qui
1674 4047 1732 4098 et
1761 4043 1888 4115 ipse
1918 4061 2040 4100 ma-

397 4127 594 4182 ximus
623 4130 713 4182 est
758 4133 815 4183 et
860 4127 1134 4200 obliquus
1183 4133 1246 4184 ut
1291 4131 1592 4199 Zodiacus,
1624 4131 1877 4204 tropicos
1923 4133 2041 4188 situ

399 4215 643 4284 excedit,
677 4216 941 4289 aliosque
970 4217 1216 4273 circulos
1247 4235 1361 4274 non
1395 4219 1596 4291 procul
1629 4237 1661 4276 a
1692 4221 1843 4292 polis
1876 4222 2043 4277 attin-

395 4305 501 4378 git,
534 4312 590 4360 et
619 4299 686 4361 ex
717 4305 957 4379 obliqua
988 4312 1148 4380 parte
1178 4308 1404 4363 Zodiaci
1435 4308 1774 4377 collocatur,
1796 4315 1853 4365 et
1883 4329 1952 4366 ne
1983 4312 2039 4366 in

393 4394 521 4467 ipso
553 4393 796 4466 planetae
828 4401 1190 4464 moveantur,
1216 4398 1489 4469 quodque
1509 4403 1789 4469 praeterea
1811 4401 2041 4473 magnis

395 4488 452 4539 et
483 4483 808 4556 splendidis
839 4484 1027 4540 stellis
1058 4489 1148 4540 est
1177 4486 1448 4556 refertus,
1483 4487 1690 4542 rationi
1735 4495 2040 4545 consenta-

397 4588 574 4628 neum
607 4577 697 4627 est
727 4573 1022 4640 arbitrari,
1056 4590 1190 4628 cum
1224 4575 1296 4630 ob
1334 4575 1535 4642 situm,
1573 4579 1699 4631 tum
1739 4577 1812 4632 ob
1842 4577 2037 4634 stella-

1639 435 2063 498 NICEPHOBI
2106 437 2541 499 BLEMMIDE

469 571 556 624 11.
591 567 750 634 Quod
783 570 977 624 autem
1009 583 1121 622 non
1155 566 1234 622 ita
1283 566 1454 623 multi
1503 575 1764 641 cometae,
1798 587 1902 625 nec
1953 570 2033 625 ita
2063 571 2112 637 A

3641 435 3806 496 1H0

2221 570 2304 622 ια’.
2335 573 2440 623 Τοῦ
2501 567 2556 624 δὲ
2616 569 2691 640 μή
2749 567 2982 643 γίνεσθαι
3039 563 3284 628 πολλοὺς
3342 567 3595 638 κομήτας
3657 563 3808 637 μηδὲ

2143 656 2458 719 πλειστάκις
2505 659 2579 718 ὡς
2621 658 2673 712 οἱ
2720 655 3046 727 διᾴττοντες,
3080 653 3224 710 ἀλλὰ
3265 654 3352 709 καὶ
3381 655 3515 717 τοὺς
3567 655 3802 730 γινομέ-

2144 769 2268 809 νους
2319 747 2468 808 ἐκτὸς
2524 752 2630 802 τῶν
2705 751 2980 822 τροπικῶν
3059 744 3297 820 γίνεσθαι
3368 741 3583 816 μᾶλλον
3655 742 3804 818 ἤπερ

2147 836 2318 908 ἐντὸς,
2351 837 2522 891 αῖτίαν
2553 837 2757 900 τιθέασι
2797 837 2894 903 τήν
2945 840 3042 889 τοῦ
3094 833 3255 903 ἡλίου
3299 832 3388 887 καὶ
3444 837 3554 886 τῶν
3608 829 3807 887 ἄλλων

2144 924 2431 993 πλανητῶν
2477 924 2706 994 κίνησιν,
2762 924 2815 979 οἳ
2862 923 3056 997 μεταξὺ
3119 926 3225 977 τῶν
3295 926 3568 997 τροπικῶν
3617 921 3810 975 κινού-

2149 1034 2302 1084 μενοι
2363 1013 2603 1086 (τοιαύτη
2655 1015 2757 1088 γάρ
2805 1016 2840 1082 ἡ
2887 1018 2987 1067 τοῦ
3055 1009 3319 1081 ζωδιακοῦ
3374 1010 3517 1074 θέσις
3566 1011 3690 1064 καθ’
3740 1012 3804 1064 ὃν

2143 1107 2250 1156 τῶν
2294 1101 2586 1172 πλανητῶν
2614 1106 2648 1171 ἡ
2682 1103 2916 1175 κίνησις)
2968 1099 3301 1176 διακρίνουσι
3345 1102 3412 1155 τὰ
3457 1097 3652 1154 πολλά
3711 1098 3808 1153 καὶ

2147 1189 2467 1246 λεπτύνουσι
2514 1193 2610 1254 τὰς
2659 1192 2985 1266 πυκνοτέρας
3035 1189 3124 1244 καὶ
3173 1188 3552 1262 πεπιλημένας
3600 1189 3808 1242 ἀναθυ-

2150 1281 2355 1354 μάσεις,
2384 1279 2439 1335 α’ί
2466 1283 2605 1344 τινές
2635 1281 2764 1337 εἰσιν
2795 1279 2899 1352 ὕλη
2932 1285 3040 1335 τῶν
3070 1284 3352 1352 κομητῶν.

2221 1461 2308 1535 ιβ’.
2343 1458 2590 1514 Μάλιστα
2637 1457 2681 1514 δ’
2728 1459 2874 1514 αἰτία
2921 1456 3070 1514 δοκεῖ
3117 1461 3214 1512 τοῦ
3268 1457 3344 1530 μὴ
3387 1456 3632 1531 γίνεσθαι
3666 1456 3812 1511 κατὰ

2144 1553 2311 1603 ταῦτα
2359 1549 2426 1602 τά
2473 1547 2610 1624 μέρη
2644 1549 2910 1622 κομήτας,
2941 1547 3015 1608 ὡς
3065 1545 3257 1601 έπίπαν
3313 1547 3375 1600 τὸ
3422 1544 3496 1606 εἷς
3545 1545 3649 1613 τὴν
3707 1549 3811 1598 τοῦ

2147 1637 2417 1712 γάλακτος
2447 1638 2658 1713 χώραν,
2689 1635 2855 1713 ἤγουν
2900 1635 2976 1697 είς
3023 1636 3114 1690 τὸν
3166 1631 3422 1709 γαλαξίαν
3473 1631 3712 1703 κὺκλον,
3744 1634 3810 1688 τὸ

2146 1725 2400 1781 πλεῖστον
2484 1731 2590 1780 τῶν
2677 1725 2937 1780 τοιούτων
3025 1725 3430 1796 ἀναθυμιάσεων
3503 1723 3809 1798 ἀποκρίνε-

2147 1818 2285 1870 σθαιο
2344 1815 2560 1870 κάκεῖσε
2614 1814 3020 1890 ἀθροιζόμενον,
3079 1817 3252 1867 ποιεῖν
3307 1813 3414 1886 (τὸ)
3470 1811 3809 1889 φαινόμενον

2066 1939 2114 2004 Β
2147 1909 2278 1982 φῶς.

2220 1995 2308 2068 ιγ’.
2342 1996 2502 2048 ’Ὡστε
2553 1992 2654 2068 γάρ
2711 2013 2854 2054 τινες
2908 1997 3016 2047 τῶν
3064 1990 3299 2066 ἀστέρων
3336 1990 3371 2059 ἢ
3413 1993 3521 2044 τῶν
3583 1987 3812 2059 πλανη-

2144 2088 2251 2138 τῶν
2284 2084 2318 2152 ἧ
2349 2082 2439 2137 καὶ
2500 2087 2608 2137 τῶν
2681 2079 2936 2137 ἀπλανῶν
2994 2081 3273 2159 φαίνονται
3326 2081 3589 2152 κομῆται,
3645 2078 3813 2133 καθά-

2147 2193 2246 2248 περ
2307 2171 2540 2249 εἶ’ρηται,
2589 2172 2978 2244 συνισταμένης
3011 2171 3095 2226 ὑπ’
3152 2168 3344 2230 αὐτοὺς
3391 2167 3814 2242 ἀναθυμιάσεως

2147 2261 2478 2337 πυκνοτέρας
2534 2261 2624 2316 καὶ
2679 2261 3043 2334 ἐξαπτομένης
3107 2260 3196 2315 καὶ
3253 2257 3817 2336 συμπεριφερομένης

2147 2352 2351 2414 αὐτοῖς’
2387 2351 2528 2405 οὕτω
2562 2348 2712 2405 δοκεῖ
2757 2350 2894 2404 κάπὶ
2939 2354 3035 2404 τοῦ
3091 2347 3352 2424 γαλαξίου
3406 2345 3652 2422 γίνεσθαι
3712 2347 3813 2400 κύ-

2183 2440 2215 2496 λ
2336 2443 2356 2460 .
2495 2441 2508 2456 ι
2683 2461 2722 2474 ,-
2790 2439 2804 2458 κ
2851 2436 2875 2457 η
3022 2443 3048 2452 -
3160 2437 3174 2454 .
3257 2437 3267 2454 ρ
3582 2457 3590 2470 ,
3675 2436 3688 2454 ι
3769 2457 3817 2478 ,ρ

2147 2463 2180 2495 κ
2222 2463 2301 2495 ου.
2359 2446 2398 2494 Ο
2448 2461 2551 2516 γαρ
2597 2443 2631 2508 ἡ
2691 2459 2805 2511 ..ερι
2855 2459 2942 2492 ενα
2985 2460 3090 2492 των
3150 2457 3385 2511 αστερων
3445 2436 3814 2507 ἀναθομιασ.ς

2145 2530 2366 2599 τοιαύτη
2428 2529 2690 2604 γενομένη
2751 2530 3003 2600 κομήτην
3065 2531 3231 2597 ποιεῖ,
3280 2529 3439 2579 τοῦτο
3495 2525 3624 2598 περὶ
3673 2523 3812 2585 τοὺς

2149 2617 2369 2694 ἀστέρας
2423 2615 2536 2690 ἅμα
2589 2613 2865 2694 γινόμενον
2924 2617 3038 2670 καθ’
3093 2614 3185 2677 οὓς
3241 2615 3302 2668 τὸ
3330 2611 3473 2690 γάλα
3528 2612 3810 2690 φαίνεται,

2147 2709 2236 2762 τὸν
2292 2706 2628 2780 καλούμενον
2689 2703 2946 2780 γαλαξίαν
3011 2703 3209 2760 κύκλον
3253 2702 3421 2758 ἔοικεν
3483 2701 3808 2756 ἀποτελεῖν.

2149 2799 2220 2852 Τὸ
2275 2796 2451 2851 τοίνυν
2522 2794 2645 2870 περὶ
2717 2792 2811 2849 ἕνα
2876 2798 2984 2848 τῶν
3053 2792 3289 2870 ἀστέρων
3344 2792 3584 2868 γίνεσθαι
3633 2812 3815 2869 πεφυ-

2149 2886 2241 2946 κὸς
2275 2885 2374 2940 οὐκ
2403 2885 2622 2946 ἀπεικὸς
2651 2884 2883 2960 γίνεσθαι
2914 2881 3002 2937 καὶ
3033 2881 3157 2958 περὶ
3208 2883 3297 2935 τὸν
3358 2879 3486 2936 ὅλον
3540 2879 3805 2956 οὐρανόν.

2150 2973 2213 3029 Ei‘
2269 2975 2371 3049 γὰρ
2431 2974 2548 3035 ένὸς
2605 2973 2824 3048 ἀστέρος
2884 2971 3095 3042 κίνησις
3137 2975 3285 3025 ποιεῖ
3311 2990 3362 3023 τι
3392 2973 3671 3040 τοιοῦτον,
3709 2968 3815 3024 οὑκ

2151 3064 2349 3117 ἄτοπον
2419 3057 2713 3117 ὑπολαϐεῖν
2757 3061 2846 3115 καὶ
2893 3061 2991 3129 τὴν
3041 3064 3147 3114 τῶν
3199 3059 3412 3113 πάντων
3464 3057 3681 3127 κίνησιν
3747 3059 3810 3111 τὸ

2149 3151 2278 3205 αὐτὸ
2310 3149 2560 3206 δύνασθαι
2598 3156 2772 3206 ποιεῖν
2820 3151 2894 3211 ὡς
2955 3149 3244 3225 ἐκριπίζειν
3303 3167 3360 3202 τε
3416 3145 3505 3201 καὶ
3557 3144 3811 3216 ἐξάπειν

2147 3243 2244 3310 τήν
2271 3242 2360 3296 ὑπ’
2387 3241 2583 3301 αὐτοὺς
2613 3239 2960 3313 ἀναθυμίασιν
2993 3238 3081 3293 καὶ
3113 3236 3546 3315 συνεφέλκεσθαι.

2225 3417 2308 3476 ιδ’.
2341 3420 2411 3473 Τὸ
2467 3423 2713 3472 τοιοῦτον
2776 3415 2832 3472 δὲ
2877 3416 3111 3492 γίνεσθαι
3164 3413 3378 3488 μᾶλλον
3423 3411 3593 3485 εἰκὸς,
3625 3414 3752 3475 καθ’
3781 3413 3812 3466 ’ὀ

2155 3509 2317 3584 μέρος
2353 3512 2451 3563 τοῦ
2482 3507 2717 3584 οὐρανοῦ
2747 3507 2992 3562 πλεῖστοι
3028 3505 3118 3560 καὶ
3165 3501 3360 3558 πυκνοὶ
3414 3501 3504 3556 καὶ
3568 3498 3813 3576 μεγάλοι

2150 3596 2367 3671 ἀστέρες
2428 3595 2552 3652 εἶσί.
2586 3597 2732 3651 Κατὰ
2794 3595 2886 3669 μὶν
2945 3592 3035 3650 οὖν
3085 3594 3175 3648 τὸν
3213 3589 3540 3662 ζωδιακὸνή
3573 3589 3808 3659 τοιαύτη

2153 3685 2503 3758 ἀναθυμίασις
2551 3685 2641 3740 καὶ
2691 3683 2940 3746 σύστασις
2987 3683 3048 3737 ού
3100 3681 3261 3756 μένεν
3315 3677 3452 3735 διότι
3501 3679 3641 3734 κατὰ
3684 3683 3814 3732 τοῦ-

2147 3795 2238 3829 τον
2274 3777 2301 3829 ὁ
2332 3772 2497 3844 ἥλιος
2528 3773 2618 3829 καὶ
2659 3775 2712 3828 οἳ
2759 3771 2946 3828 λοιποὶ
2996 3770 3307 3844 κινούμενοι
3355 3767 3631 3837 πλανῆτες
3684 3764 3807 3822 δια-

2151 3863 2396 3940 κρίνουσι
2469 3865 2569 3933 τήν
2653 3861 2908 3932 τοιαύτην
2993 3861 3238 3916 σύστασιν
3323 3858 3414 3914 καὶ
3511 3855 3810 3912 λεπτύνου-

2150 3975 2252 4012 σιν.

2223 4043 2300 4096 ιε’.
2352 4043 2467 4096 Ὀτι
2510 4040 2556 4096 δ’
2605 4042 2633 4096 ὁ
2683 4039 2941 4116 γαλαξίας
2996 4037 3199 4100 κύκλος
3262 4037 3516 4110 μέγιστος
3579 4032 3653 4089 ὢν
3713 4036 3808 4090 καὶ

2149 4131 2310 4194 αὐτὸς
2357 4133 2446 4186 καὶ
2496 4130 2654 4202 λοξὸς
2703 4129 2883 4206 ὥσπερ
2933 4129 2961 4183 ὁ
3013 4125 3298 4198 ζωδιακὸς,
3335 4120 3670 4200 ὑπερϐάλλει

2152 4221 2289 4285 θέσει
2349 4219 2475 4282 τοὺς
2524 4219 2842 4293 τροπικοὺς,
2899 4217 2989 4272 καί
3050 4238 3212 4272 τινων
3260 4214 3452 4288 ἑτέρων
3517 4213 3808 4291 ἐφάπτεται

2150 4309 2366 4366 κύκλων
2402 4307 2463 4364 οὒ
2493 4309 2684 4386 πόρῥω
2725 4313 2834 4363 τῶν
2886 4306 3073 4362 πόλων
3123 4301 3319 4375 ὅντων,
3348 4303 3438 4358 καὶ
3485 4308 3663 4358 κεῖται
3707 4307 3804 4358 τοῦ

2153 4397 2418 4468 ζωδιακοῦ
2478 4399 2536 4452 ἐκ
2592 4397 2838 4473 πλαγίων
2890 4397 2964 4458 ὡς
3027 4397 3100 4468 μὴ
3157 4394 3272 4448 κατ’
3330 4391 3486 4446 αὑτὸν
3545 4393 3804 4446 κινεῖσθαι

2147 4487 2278 4549 τοὺς
2307 4486 2608 4557 πλάνητας,
2642 4485 2724 4540 ὅτι
2769 4507 2829 4540 τε
2875 4482 3097 4561 πλήρης
3127 4484 3155 4537 ὁ
3183 4481 3349 4543 τόπος
3405 4478 3659 4556 μεγάλων
3712 4480 3802 4534 καὶ

2151 4573 2417 4650 λαμπρῶν
2485 4575 2746 4648 ἀστέρων,
2810 4570 3037 4649 εὔλογον
3095 4565 3542 4643 ὑπολαμϐάνεται
3600 4567 3690 4624 διά
3744 4590 3802 4623 τε

395 4677 526 4716 rum
559 4678 685 4732 quae
715 4662 771 4716 in
796 4661 924 4734 ipso
955 4667 1096 4718 sunt
1129 4663 1571 4720 multitudinem
1603 4669 1659 4720 et
1689 4666 2040 4738 magnitudi-

2160 4666 2247 4733 τὴν
2280 4664 2419 4719 θέσιν
2450 4665 2540 4718 καὶ
2567 4665 2631 4718 τὸ
2660 4668 2768 4718 τῶν
2818 4669 2932 4717 κατ’
2961 4661 3120 4717 αὐτὸν
3163 4658 3394 4733 ἀστέρων
3447 4657 3666 4728 πλῆθος
3711 4657 3800 4712 καὶ

395 4766 528 4805 nem
561 4767 688 4806 eam
720 4751 1153 4808 exhalationem
1203 4769 1329 4824 quae
1381 4758 1769 4825 congregatur
1813 4760 1870 4810 et
1907 4772 2044 4810 con-

393 4839 604 4894 crescit
632 4844 689 4895 et
718 4839 1141 4912 inﬂammatur,
1173 4841 1260 4896 lac
1292 4843 1350 4897 in
1382 4843 1510 4914 ipso
1543 4843 1791 4899 efﬁcere.

469 5016 554 5068 16.
589 5016 776 5087 Hujus
808 5022 1003 5074 autem
1055 5019 1137 5074 rei
1189 5018 1331 5074 illud
1385 5020 1619 5094 signum
1665 5025 1776 5090 est,
1804 5024 1958 5093 quod
1989 5028 2046 5079 et

396 5102 586 5174 ipsius
616 5104 821 5159 circuli
853 5108 1138 5163 concretio
1171 5107 1423 5180 amplior
1452 5115 1560 5176 est,
1596 5114 1652 5165 et
1700 5111 1894 5166 lumen
1947 5129 2040 5168 co-

392 5191 600 5264 piosus
643 5193 702 5247 in
757 5193 934 5251 altero
985 5196 1373 5269 semicirculo,
1425 5215 1542 5270 qua
1588 5204 1750 5271 parte
1801 5199 2042 5271 duplam

397 5281 868 5353 magnitudinem
902 5283 1117 5340 habere
1140 5285 1363 5343 lacteus
1385 5286 1640 5343 circulus
1662 5289 2042 5360 conspicitur,

395 5368 494 5425 ubi
527 5370 782 5438 majores
812 5376 870 5426 et
899 5373 1202 5429 densiores
1235 5375 1413 5430 stellae
1445 5381 1600 5432 sunt.

463 5460 548 5514 17.
584 5459 642 5513 Si
687 5460 866 5531 igitur
911 5461 1020 5515 hoc
1069 5461 1124 5516 in
1176 5463 1392 5518 circulo
1441 5465 1638 5522 lumen
1691 5472 1950 5539 apparet,
1983 5465 2042 5520 in

391 5563 504 5619 quo
539 5546 733 5601 multae
762 5551 820 5603 et
850 5564 1072 5620 magna
1104 5548 1282 5603 stella
1315 5557 1474 5618 sunt,
1508 5557 1562 5607 et
1616 5570 1824 5609 rursus
1855 5553 2042 5626 ipsius

457 5765 502 5800 ⁸ο
532 5765 560 5821 1
594 5763 830 5823 Meteor.
863 5781 913 5821 c.
946 5763 1001 5835 7,
1033 5763 1087 5819 8.
1165 5763 1211 5799 ⁷ο
1239 5762 1384 5820 Ibid.
1418 5780 1467 5821 c.
1504 5765 1558 5821 8.

2158 4753 2383 4828 μέγεθος
2451 4751 2845 4830 ἀθροιζομένην
2899 4751 3000 4820 τήν
3068 4748 3420 4820 ἀναθυμίασιν
3499 4747 3591 4801 καῖ
3667 4767 3801 4800 συνι-

2155 4841 2420 4914 σταμένην
2492 4841 2583 4896 καὶ
2676 4840 3042 4914 ὲξαπτομὲνην
3122 4843 3296 4892 ποιεῖν
3370 4835 3421 4890 έν
3494 4834 3677 4908 τούτῳ
3742 4835 3800 4889 τὸ

2149 4931 2310 5007 γάλα.

2228 5022 2310 5083 ις’.
2343 5019 2548 5074 Τούτου
2593 5018 2639 5073 δ’
2680 5019 2740 5074 ἂν
2789 5015 2871 5088 εἰῇ
2928 5021 3157 5090 σημεῖον
3215 5017 3277 5071 τὸ
3329 5014 3420 5070 καὶ
3478 5014 3647 5070 αὑτοῦ
3708 5016 3803 5067 τοῦ

2152 5108 2357 5164 κύκλου
2387 5110 2485 5177 τὴν
2521 5107 2767 5162 σύστασιν
2801 5105 2976 5162 πλείω
3007 5105 3139 5162 εἶναι
3173 5105 3262 5160 καὶ
3320 5102 3511 5160 πλεῖον
3571 5104 3636 5158 τὸ
3691 5106 3801 5180 φῶς

2155 5197 2206 5252 ἐν
2233 5202 2312 5269 τῷ
2369 5197 2536 5274 έτέρῳ
2585 5194 2905 5270 ἡμικυκλίῳ
2963 5195 3080 5258 καθ’
3109 5194 3137 5249 ὃ
3171 5191 3404 5262 διπλόην
3446 5191 3571 5246 τινὰ
3597 5188 3742 5266 ἔχων
3776 5190 3803 5244 ὁ

2153 5284 2410 5361 γαλαξίας
2449 5287 2660 5362 ὁρᾶται,
2695 5284 2745 5340 ἐν
2787 5285 2832 5356 ᾦ
2885 5282 3102 5356 μείζους
3149 5281 3238 5337 καὶ
3286 5278 3614 5356 πυκνότεραι
3661 5278 3807 5333 ἀστέ-

2154 5395 2242 5451 ρες
2274 5375 2423 5429 εἰσίν.

2227 5466 2313 5532 ιζ’.
2347 5464 2412 5519 Εἴ
2438 5463 2617 5518 τοίνυν
2648 5462 2697 5518 ἐν
2728 5466 2807 5533 τῷ
2835 5459 3023 5533 κύκλῳ
3063 5459 3243 5531 τούτῳ
3286 5457 3529 5536 φαίνεται
3575 5456 3638 5510 τὸ
3687 5458 3803 5532 φῶς

2154 5550 2203 5606 ἐν
2240 5553 2286 5624 ᾧ
2326 5550 2531 5608 πολλοὶ
2559 5553 2648 5606 καὶ
2696 5549 2928 5625 μεγάλοι
2976 5549 3214 5623 ἀστέρες,
3243 5548 3332 5602 καὶ
3379 5545 3544 5601 αὑτοῦ
3600 5541 3660 5597 δὲ
3708 5547 3805 5597 τοῦ
