4024 6446
289 467 438 529 1141

1607 467 1954 530 EPITOME
1999 467 2357 531 PHYSICA.

3529 463 3687 522 1142

285 597 492 656 κύκλου
549 595 716 654 πλέον
775 597 936 655 πάλιν
999 599 1186 674 ὁρᾶται
1242 599 1306 654 τὸ
1363 603 1515 678 φῶς,
1576 599 1626 655 ἐν
1682 597 1728 672 ᾤ
1780 599 1924 677 μέρει

2048 603 2244 661 circuli
2278 605 2469 676 majus
2499 603 2697 660 lumen
2728 599 2788 657 in
2839 617 2908 658 ea
2955 601 3118 672 parte
3163 594 3440 668 cernitur,
3475 595 3535 652 in
3567 613 3684 668 qua

286 687 512 748 πλείους
554 688 644 743 καὶ
697 688 912 762 μείζους
970 689 1204 764 ἀστέρες·
1259 686 1484 763 εὔλογον
1533 689 1659 751 τοὺς
1712 689 1932 764 ἀστέρας

286 777 376 832 καὶ
427 778 527 846 τήν
581 777 794 845 κίνησιν
853 777 1027 832 αὑτῶν
1077 782 1172 832 τοῦ
1229 778 1365 832 κατά
1414 778 1502 831 τὸν
1551 777 1804 854 γαλαξίαν
1838 777 1935 832 πά-

287 869 418 929 θους
473 863 618 921 αἷίεια
675 866 806 922 εἶναι
863 865 1086 930 οἷέσθαι·
1149 867 1263 922 ἐπεὶ
1319 866 1407 921 καὶ
1467 869 1680 921 πάντων
1723 871 1830 922 τῶν
1883 867 1934 921 έν

285 960 354 1030 τῇ
388 955 659 1031 λεγομένῃ
691 955 920 1011 ἀπλανεῖ
949 955 1146 1034 σφαίρᾳ
1171 953 1412 1025 κύκλων,
1464 955 1514 1010 ἐν
1564 955 1743 1028 τούτῳ
1783 957 1934 1029 μόνῳ

284 1045 352 1099 τὰ
395 1044 588 1118 μεταξὺ
635 1046 899 1100 τοιούτων
948 1044 1183 1122 ἀστέρων
1225 1043 1596 1121 πεκλήρωται.
1645 1047 1789 1100 Κατᾶ
1832 1045 1931 1120 γὰρ

283 1133 410 1196 τοὺς
439 1132 644 1196 ἄλλους
693 1131 929 1196 κύκλους
979 1135 1178 1211 φανερὰ
1222 1131 1590 1206 διαλείμματα
1637 1134 1930 1212 φαίνονται,

284 1224 370 1278 καὶ
402 1223 563 1278 τόποι
593 1221 818 1294 πολλοὶ,
852 1223 1088 1298 ἀστέρων
1121 1222 1286 1278 κενοί.

358 1313 447 1383 ιη’.
477 1313 657 1367 Ἔστιν
701 1310 792 1367 οὖν
834 1313 894 1366 τὸ
941 1311 1100 1388 γάλα,
1154 1313 1229 1374 ὡς
1282 1313 1396 1367 οἷον
1444 1312 1746 1388 ὁρίσασθαι,
1777 1315 1810 1381 ἡ
1845 1310 1933 1367 διὰ

281 1401 381 1468 τήν
435 1398 669 1474 ἔκκρισιν
721 1401 984 1475 γινομένη
1033 1405 1129 1454 τοῦ
1183 1401 1438 1475 μεγίστου
1487 1400 1690 1456 κύκλου
1734 1402 1880 1474 κόμη
1915 1443 1926 1454 .

281 1489 394 1561 Διὸ,
426 1491 606 1552 καθὼς
656 1486 868 1564 εἷ’ρηται
914 1488 1196 1565 πρότερον,
1229 1488 1290 1544 οὖ
1321 1489 1524 1544 πολλοὶ
1570 1487 1694 1544 οὐδὲ
1724 1488 1931 1546 πολλά-

279 1599 364 1639 κις
413 1584 651 1650 κομῆται
700 1578 939 1652 γίνονται
987 1575 1074 1632 διὰ
1118 1578 1180 1632 τὸ
1228 1579 1326 1646 τήν
1375 1578 1632 1649 τοιαύτην
1678 1580 1924 1634 σύστασιν

2044 696 2241 768 plures
2270 701 2326 750 et
2355 696 2606 766 majores
2636 691 2817 749 stellae
2862 689 3268 762 reperiuntur;
3312 686 3520 743 rationi
3551 703 3684 743 con-

2045 789 2388 840 sentaneum
2418 789 2506 840 est
2536 781 2825 852 arbitrari,
2853 799 2886 836 a
2914 778 3103 835 stellis
3140 781 3197 833 et
3223 777 3484 850 ipsarum
3520 781 3682 833 motu

2044 872 2295 928 lacteum
2329 871 2610 928 circulum
2642 869 2928 944 proﬁcisci
2957 887 2971 934 ;
3019 867 3235 940 quippe
3269 867 3420 922 160
3451 883 3583 921 cum
3617 882 3686 921 ex

2043 961 2317 1017 omnibus
2365 961 2598 1016 circulis
2647 959 2748 1032 qui
2796 959 2854 1013 in
2906 956 3208 1013 stellarum
3255 956 3500 1010 ﬁxurum
3547 955 3684 1010 orbe

2044 1056 2201 1118 sunt,
2233 1051 2292 1106 in
2325 1051 2435 1105 hoc
2469 1051 2591 1106 solo
2640 1047 2990 1104 intermedia
3021 1045 3149 1100 loca
3177 1043 3359 1100 stellis
3392 1041 3684 1114 ejusmodi

2043 1139 2263 1211 repleta
2291 1138 2428 1194 sint.
2462 1140 2524 1194 ln
2558 1138 2690 1194 aliis
2719 1137 2875 1193 enim
2908 1133 3145 1190 circulis
3169 1133 3481 1187 manifesta
3507 1131 3684 1188 inter-

2040 1227 2192 1282 valla
2220 1232 2276 1282 et
2305 1227 2491 1282 multa
2517 1227 2642 1283 loca
2673 1225 2857 1281 stellis
2884 1240 3071 1278 vacua
3095 1228 3431 1276 cernuntur.

2111 1317 2200 1371 48.
2233 1316 2344 1370 Lac
2377 1315 2575 1386 igitur,
2609 1313 2773 1368 utita
2802 1311 3098 1382 deﬁniam,
3121 1309 3172 1364 is
3204 1308 3442 1364 maximi
3477 1306 3680 1363 circuli

2040 1405 2218 1460 crinis
2250 1409 2356 1470 est,
2383 1403 2481 1474 qui
2515 1407 2747 1474 propter
2769 1400 3154 1456 excretionem
3178 1397 3427 1454 efﬁcitur
3456 1398 3520 1450 τί.
3545 1397 3680 1460 Quae

2039 1493 2239 1560 etiam,
2274 1497 2338 1547 ut
2358 1497 2490 1547 ante
2521 1491 2762 1561 dictum,
2788 1493 3094 1555 causaest,
3130 1491 3193 1542 ut
3223 1503 3327 1542 nec
3353 1484 3546 1553 multi,
3577 1501 3681 1540 nec

2038 1582 2240 1637 crebro
2295 1581 2439 1636 ﬁant
2468 1584 2725 1645 cometae,
2786 1579 2940 1650 quod
2999 1574 3339 1648 hujusmodi
3389 1572 3680 1629 concretio

2037 1675 2258 1726 secreta
2289 1669 2364 1724 sit
2393 1685 2458 1725 ac
2489 1669 2856 1724 continenter
2904 1667 2962 1721 in
2990 1665 3147 1721 hunc
3187 1664 3381 1720 locum
3414 1678 3678 1719 secerna-

2033 1763 2149 1813 tur.

280 1665 660 1742 ἀποκεκρίσθαι
715 1667 804 1721 καὶ
874 1670 1113 1742 συνεχῶς
1171 1667 1548 1744 ἀποκρίνεσθαι
1603 1669 1675 1730 εἰς
1733 1673 1923 1724 τοῦτον

277 1756 369 1809 τὸν
400 1753 582 1809 τόπον.

1553 1953 1897 2011 SYNOPSIS
1937 1955 2207 2011 CAPITIS
2253 1954 2392 2010 XIX.

1089 2058 1241 2104 QUOD
1279 2059 1380 2100 EST
1417 2061 1485 2099 DE
1526 2060 1752 2111 PLUVIA,
1783 2061 2091 2113 GRANDINE,
2134 2062 2286 2110 NIVE,
2324 2061 2475 2099 RORE
2511 2061 2579 2099 ET
2617 2059 2854 2099 PBUINA.

274 2143 331 2200 1.
359 2139 634 2222 Hujus_et
650 2138 898 2199 duorum
911 2141 1368 2222 praecedentium
1380 2143 1637 2222 capitum
1654 2151 1907 2203 meteora
1927 2142 2188 2204 diversas
2209 2161 2381 2203 causa
2403 2142 2640 2214 habent,
2657 2160 2785 2202 cum
2797 2139 3317 2222 meterialem,tum
3338 2139 3672 2218 efﬁcietem-

354 2257 419 2267 —
441 2224 502 2280 2.
527 2219 634 2303 Ex
655 2239 875 2303 vapore
885 2219 1035 2282 alias
1053 2221 1144 2303 vel
1155 2222 1369 2303 pluvia
1384 2219 1475 2283 vel
1480 2223 1838 2302 grando,vel
1845 2223 2132 2294 mamlius
2145 2243 2242 2282 ros
2261 2233 2319 2284 et
2331 2225 2556 2303 pruina
2568 2222 2959 2303 prolocorum
2972 2221 3309 2281 diversitate
3326 2229 3672 2303 generatur-

351 2333 426 2345 —
441 2304 498 2362 3.
519 2299 765 2384 Quando
779 2310 839 2384 e_t
845 2300 1131 2384 quomodo
1139 2299 1346 2384 pluvia
1358 2299 1692 2384 generetur.
1710 2339 1786 2347 —
1798 2309 1857 2364 4.
1873 2303 2204 2364 Humidum
2225 2299 2386 2384 quod
2397 2299 2837 2384 asoleevehitur
2850 2303 3060 2384 iterum
3075 2303 3138 2360 in
3151 2309 3371 2384 terram
3385 2299 3686 2372 decidit,si

352 2401 472 2440 non
501 2380 721 2453 eodem,
750 2380 884 2441 aliis
914 2390 1105 2441 tamen
1125 2380 1320 2457 annis,
1351 2380 1510 2463 quod
1537 2384 1844 2464 mani/esto
1865 2385 2033 2463 signo
2056 2380 2497 2464 comprobatur.
2523 2418 2598 2427 —
2619 2389 2681 2445 5.
2710 2383 2967 2443 Mutatio
2993 2401 3066 2442 ex
3095 2400 3254 2464 aqua
3277 2380 3335 2439 in
3347 2399 3552 2464 aerem
3579 2401 3679 2464 va-

343 2480 511 2544 pore,
543 2470 600 2520 et
620 2471 821 2541 postea
850 2479 924 2520 ex
953 2464 1187 2544 aere_in_
1208 2460 1426 2544 aquam
1450 2463 1608 2544 nube
1635 2460 1935 2544 mediante
1951 2465 2045 2544 ﬁt,
2079 2474 2141 2524 ut
2327 2463 2498 2524 ambo
2526 2483 2695 2544 aquae
2733 2468 2879 2544 ιεῃ
2918 2471 2974 2521 et
3004 2463 3156 2522 aeris
3183 2461 3314 2544 sint
3331 2460 3680 2544 intermedia

351 2539 580 2601 diverso
593 2539 850 2624 respecu.
875 2577 953 2585 —
981 2543 1041 2601 6.
1066 2539 1300 2624 Nebula
1311 2542 1462 2624 quid
1478 2552 1535 2603 et
1555 2554 1696 2624 quot
1712 2543 1897 2604 modis
1916 2539 2025 2624 fiat
2037 2554 2095 2604 et
2111 2539 2260 2624 quid
2272 2539 2590 2622 sigm'ﬁcet:
2613 2579 2688 2588 —
2716 2547 2776 2624 7.
2797 2541 3024 2602 Pluviae
3041 2541 3342 2624 generatio
3363 2549 3418 2599 et
3438 2543 3672 2619 species,

345 2640 546 2702 psecas
575 2620 637 2681 id
656 2620 738 2681 est
759 2621 990 2702 minuta
1005 2622 1219 2702 pluvia
1235 2634 1288 2683 et
1309 2620 1490 2683 imber
1511 2620 1901 2684 recensentur.
1916 2620 2002 2669 ⁷-
2018 2627 2079 2686 8.
2104 2620 2288 2684 Fiunt
2305 2620 2479 2684 aeriis
2500 2622 2858 2702 temporibus
2875 2631 3126 2702 propter
3143 2620 3277 2680 solis
3293 2630 3511 2680 motum
3529 2641 3678 2702 pro-

343 2701 570 2784 prium.
604 2735 683 2746 —
701 2705 758 2763 9.
797 2701 914 2762 Sed
939 2712 998 2784 et
1015 2701 1277 2783 quotidie
1304 2704 1574 2784 quaedam
1602 2704 1946 2776 eae/tumido,
1967 2716 2022 2765 et
2050 2705 2319 2784 quaedam
2340 2724 2415 2764 ea:
2442 2701 2685 2764 humore
2717 2701 2887 2784 terrae
2916 2701 3164 2784 admisto
3208 2703 3270 2761 in
3300 2701 3576 2784 vaporem
3604 2702 3682 2783 ﬁt

347 2783 598 2866 mutatio
611 2791 859 2862 propter
870 2781 1241 2866 solismotum
1254 2781 1764 2866 quotidianum,ex
1785 2786 1954 2865 cujus
1977 2781 2212 2866 vaporis
2234 2804 2301 2845 ea
2312 2795 2488 2866 parte
2508 2804 2635 2864 qua:
2658 2787 2718 2843 in
2735 2782 2945 2866 inﬁma
2957 2783 3199 2861 regione
3218 2783 3372 2841 aeris
3393 2781 3673 2866 subsistit,

344 2863 568 2944 pruina
580 2871 634 2922 et
650 2881 745 2922 ros
765 2871 1106 2940 generatur,
1127 2864 1231 2924 illa
1244 2862 1480 2944 quidem
1509 2865 1693 2924 hieme
1720 2875 1776 2924 et
1799 2862 2062 2944 frigidis
2080 2869 2138 2924 in
2171 2862 2330 2936 locis,
2365 2863 2460 2924 hic
2492 2862 2625 2924 vere
2649 2862 3021 2944 potissimum
3051 2871 3110 2922 et
3135 2871 3455 2944 autommo,
3500 2862 3677 2942 inque

347 2941 487 3031 locis
498 2944 1115 3034 temporatt’smtraque
1129 2941 1483 3034 aute—metelo
1496 2955 1553 3004 et
1567 2964 1766 3034 sereno
1783 2941 1841 3034 et
1857 2941 2203 3034 tranquillo,
2228 2964 2477 3026 quorum
2509 2941 2685 3004 etiam
2706 2943 3088 3034 subsistentia!
3119 2943 3179 3001 in
3209 2942 3418 3034 inﬁma
3437 2941 3676 3034 regibne

345 3023 502 3104 aeris
513 3023 747 3104 signum
756 3022 1302 3104 proponitur,quod
1313 3026 1374 3083 in
1387 3045 1516 3084 mon
1527 3025 1679 3084 tibus
1694 3022 2037 3086 editioribus
2058 3046 2175 3086 non
2196 3022 2570 3104 generentur.
2601 3061 2678 3070 —-
2701 3028 2792 3085 10.
2829 3024 2906 3086 Ut
2922 3024 3146 3104 pruina
3165 3034 3220 3082 et
3241 3041 3334 3081 ros
3357 3023 3416 3081 in
3437 3022 3666 3104 inﬁma,

345 3103 430 3162 ita
448 3101 684 3185 pluvia,
717 3101 950 3185 grando
971 3113 1024 3162 et
1046 3101 1229 3185 m'qiin
1259 3105 1449 3166 media
1470 3106 1706 3184 regione
1723 3107 1898 3184 ﬁunt.
1932 3140 2009 3150 --
2042 3109 2136 3165 11.
2173 3101 2392 3166 Pluvia
2421 3115 2479 3165 et
2493 3125 2588 3164 ros
2613 3115 2860 3185 propter
2887 3101 3146 3163 eamdem
3176 3121 3418 3185 causam
3426 3101 3672 3185 ﬁuntut

344 3191 397 3242 et
423 3181 647 3266 pruina
668 3193 842 3263 atque
866 3184 976 3243 m'a:
995 3182 1132 3266 {sed
1145 3183 1434 3266 differunt
1446 3181 1572 3266 tum
1589 3185 1708 3245 haec
1723 3181 1850 3245 tum
1873 3185 1982 3246 illa
2005 3187 2231 3266 partim
2255 3181 2656 3266 intentioneiet
2673 3181 3026 3266 remissione,
3050 3184 3270 3262 partim
3293 3181 3668 3266 multitudine

348 3270 400 3321 et
414 3263 728 3346 paucitate.
766 3297 838 3308 —
863 3266 958 3323 12.
986 3264 1159 3346 Sicut
1184 3263 1279 3324 res
1295 3264 1377 3325 ad
1388 3265 1677 3346 pluviam,
1715 3267 1795 3326 ita
1819 3263 2047 3346 pruina
2071 3265 2150 3346 ad
2178 3268 2454 3346 nivemse
2485 3265 2677 3346 habet,
2727 3273 2781 3324 et
2807 3264 2957 3346 quid
2979 3273 3232 3346 utraque
3257 3263 3334 3322 sit
3363 3272 3420 3322 et
3443 3281 3666 3346 quaex

346 3361 520 3426 causa
539 3342 921 3426 ﬁatutraque
936 3352 992 3402 et
1012 3343 1159 3426 quid
1169 3341 1418 3424 utraque
1444 3345 1755 3426 significet.
1788 3341 1865 3388 —'-
1898 3349 1991 3406 13.
2025 3345 2220 3406 Nubes
2241 3345 2387 3426 quid
2400 3347 2494 3426 sit,
2522 3345 2670 3426 quid
2697 3341 2832 3404 item
2860 3344 3091 3426 nebula,
3117 3341 3172 3403 et
3189 3353 3328 3426 quot
3346 3341 3530 3402 modis
3552 3341 3668 3426 hac

341 3421 472 3506 fiat.
488 3422 746 3503 quidque
757 3421 1126 3506 sitserenitus
1147 3443 1277 3505 qua
1288 3421 1346 3484 et
1356 3421 1565 3486 nubi'et
1585 3421 1804 3486 nebula
1826 3421 2265 3506 apponitur.
2284 3421 2608 3487 l4.Pluvia
2625 3425 2908 3505 quomodo
2926 3424 3034 3503 ﬁat
3045 3443 3120 3506 ea:
3138 3421 3317 3506 nube,
3332 3431 3520 3503 etquae
3543 3424 3673 3506 ejus

343 3501 711 3596 differentia?
737 3503 1024 3596 quomodo
1046 3501 1190 3596 item
1221 3524 1317 3564 ros
1328 3524 1400 3565 ex
1415 3507 1772 3596 vapOreﬁat.
1802 3501 1880 3550 -—'-
1898 3501 1998 3596 '15:
2037 3513 2078 3566 Ι
2093 3513 2197 3566 οι
2225 3505 2383 3580 Quid
2404 3507 2595 3596 nivem
2613 3501 2672 3596 et
2692 3507 2751 3596 in
2766 3501 2981 3596 prim—is
3017 3504 3144 3596 ejus
3163 3501 3475 3596 candorem
3505 3501 3670 3596 rigo-

343 3600 578 3667 remque
588 3582 827 3667 efﬁciat,
837 3593 893 3667 et
909 3585 1056 3667 quid
1075 3584 1292 3663 ninqor
1303 3582 1652 3667 appeiletur,
1662 3595 1716 3646 et
1733 3586 2022 3667 quomodo
2041 3605 2116 3646 ea:
2127 3605 2342 3667 vapore
2348 3586 2531 3667 pruin
2542 3606 2576 3645 a
2591 3582 2987 3667 ﬂat,quidque
3001 3582 3399 3667 drosopachne
3409 3583 3670 3667 dicatur.

343 3607 578 3661 remque
588 3607 893 3662 ι’]μιίαιβῑ
909 3607 1053 3664 quia
1075 3607 1292 3663 nmqor
1303 3607 1652 3666 appettetur,
1662 3607 1716 3646 et
1733 3607 2022 3667 quomaao
2041 3607 2116 3646 θεῖ’
2127 3607 2342 3661 vapore
2394 3607 2576 3645 ruma
2591 3607 2987 3666 [tangamque
3001 3607 3670 3664 arosopacnneawatur.

342 3695 418 3746 τ-
451 3663 546 3746 iﬁ.
582 3664 760 3746 icut
781 3663 996 3743 pluviae
1016 3674 1194 3746 ros,e_t
1213 3665 1350 3725 nivi
1359 3667 1582 3746 pruina
1602 3667 1930 3745 respondet,
1953 3669 2036 3726 ita
2055 3666 2210 3726 nihil
2221 3607 2452 3746 quidZm
2472 3666 2776 3744 grandini,
2802 3675 2856 3725 et
2883 3664 3170 3746 quomodo
3189 3662 3419 3746 grando
3438 3663 3571 3746 ﬁat.
3595 3697 3675 3707 -—

347 3743 442 3801 17.
473 3741 632 3826 Quid
650 3741 1396 3826 antire-:9{maaigidesnmu
1405 3755 1533 3804 tuus
1553 3741 1829 3806 adversus
1849 3767 1924 3807 σοι

2048 3767 2088 3805 ιε
2110 3746 2200 3823 (ut
2227 3741 2756 3826 'quidam'vertunt,
2791 3757 2846 3805 et
2867 3741 3154 3825 quomodo
3178 3741 3417 3826 grando
3434 3741 3560 3812 ﬁat.
3596 3777 3674 3787 —

345 3831 466 3882 tam
483 3824 542 3881 in
563 3821 794 3901 frigido
815 3821 991 3907 quam
1011 3824 1072 3882 in
1085 3825 1276 3884 calido
1290 3825 1475 3885 locum
1489 3826 1795 3899 babeat,ut
1812 3821 2177 3907 experientia
2192 3821 2706 3887 subterraneorum
2720 3821 3055 3907 locofumet
3072 3821 3364 3907 aquarum
3385 3825 3671 3907 fontana-

343 3921 476 3961 rum
506 3910 778 3988 testatur.
795 3937 872 3988 :-
896 3906 988 3988 19.
1016 3911 1472 3988 ’Δντιπερίστασις
1492 3907 1667 3988 etiam
1689 3909 1750 3966 in
1777 3903 1924 3988 supe:

2049 3927 2079 3966 e
2095 3907 2166 3987 ﬁt
2188 3907 2309 3966 loco
2336 3909 2511 3988 atris,
2543 3916 2597 3965 et
2626 3925 2773 3988 saepe
2802 3905 2896 3988 vel
2916 3903 3180 3988 pluviam
3201 3904 3295 3964 vel
3321 3903 3674 3988 grandinem

342 3982 646 4078 causatur:
680 4017 758 4078 -ς-
790 3984 886 4043 19.
916 3983 1164 4078 Quando
1182 3982 1412 4078 grando
1436 3987 1633 4078 potius
1649 4006 1826 4078 quqm
1842 3982 2058 4078 pluvia
2084 3982 2306 4078 tantum
2325 3986 2455 4078 ﬁat.
2482 3982 3063 4078 --20.Mutatzo:num
3084 3984 3389 4078 ejusmodi"
3423 3986 3673 4078 propius

343 4069 563 4146 terram
589 4061 892 4146 factarum
911 4083 1042 4146 quae
1071 4061 1225 4124 ratio
1239 4074 1296 4146 et
1322 4061 1595 4146 conditio.
1630 4061 1707 4110 ὲ
1737 4061 2002 4130 21.’6ιλν
2019 4065 2272 4146 grandes
2299 4061 2473 4126 stillae
2503 4085 2615 4125 non
2644 4066 2861 4126 cadant
2887 4061 3179 4125 densa;—
3200 4068 3300 4146 22.
3337 4061 3673 4146 Grandines

341 4141 554 4228 quibus
571 4144 732 4228 anni
745 4141 1106 4228 temporibus
1121 4145 1334 4224 magis,
1351 4145 1561 4228 quibus
1577 4147 1770 4206 minus
1797 4141 2256 4228 generentur.—
2281 4150 2381 4207 23.
2409 4146 2722 4226 Occupatio
2742 4167 2764 4208 .·
2787 4164 2904 4226 qua
2918 4145 2986 4206 de
3005 4164 3183 4206 causa
3197 4145 3360 4206 circa
3379 4142 3671 4205 Arabiam

340 4230 398 4282 et
437 4221 826 4303 (Ethiopian:
853 4221 1178 4285 crebriores
1222 4221 1278 4286 et
1307 4221 1752 4288 vehementiores
1774 4221 1999 4310 pluviae
2023 4237 2393 4308 generentur.

894 4387 1154 4438 ΚΕΦΔΛ.
1189 4384 1287 4439 1Δ’.

370 4467 501 4542 Περὶ
565 4462 802 4545 ὄμϐρου,
860 4469 1136 4549 χαλάζης,
1193 4471 1406 4547 χιόνος,
1466 4469 1660 4549 δρόσου
1721 4473 1810 4528 καὶ

965 4543 1150 4616 πάχνη
1163 4543 1206 4603 ς.

332 4628 396 4681 α’.
461 4631 666 4704 ’Ὠσπερ
745 4633 855 4684 τῶν
928 4630 1345 4707 προειρημένων
1416 4631 1661 4687 ἀπάντων
1733 4635 1916 4688 παθῶν

261 4713 433 4771 αἶ’τιον
493 4715 683 4772 ὑλικὸν
740 4718 774 4787 ἠ
837 4717 1189 4791 ἀναθυμίασις
1249 4719 1593 4796 ἐγνωρίζετο’
1648 4721 1790 4776 οὕτω
1850 4719 1915 4791 δὴ

261 4809 366 4859 τῶν
425 4809 518 4860 νῦν
573 4803 884 4881 λεγομένων
942 4805 1114 4862 αἴτιον
1181 4813 1428 4863 τοιοῦτον
1505 4811 1825 4885 γινώσκεται
1881 4813 1914 4880 ἠ

265 4893 444 4967 ἀτμίς.
492 4892 680 4952 Α’ίτιον
724 4893 781 4950 δὲ
828 4897 1114 4967 ποιητικὸν
1175 4896 1387 4952 ἐκείνων
1449 4899 1543 4971 μὲν
1607 4901 1641 4969 ἡ
1683 4903 1790 4954 τῶν
1824 4899 1916 4954 οὖ-

263 4984 461 5059 ρανίων
492 4983 728 5057 κίνησις,
761 4983 965 5040 τούτων
1000 4982 1058 5040 δὲ
1087 4986 1120 5056 ἠ
1153 4985 1328 5060 ψύξις.

339 5249 404 5325 β’.
436 5250 500 5305 Ἦ
544 5251 648 5326 γάρ
692 5271 781 5306 τοι
827 5251 992 5324 ἀτμὶς
1039 5251 1075 5322 ἢ
1131 5253 1504 5329 μετεωροτέρα
1551 5255 1773 5330 γίνεται,
1816 5255 1919 5310 ὑπὸ

264 5336 520 5401 πλείονος
590 5339 966 5418 ἀναφερομένη
1027 5340 1361 5416 θερμότητος
1398 5389 1412 5414 ,
1469 5343 1505 5412 ἢ
1569 5342 1714 5416 μένει
1771 5345 1920 5398 κάτω

264 5447 360 5481 ποι
387 5431 486 5481 τοῦ
533 5428 810 5505 περιγείου
840 5429 999 5502 ἀέρος
1047 5426 1135 5484 διὰ
1160 5431 1259 5498 τήν
1298 5431 1617 5507 βραχύτητα
1662 5437 1759 5486 τοῦ
1791 5433 1919 5487 ἀνά-

261 5537 453 5593 γοντος
483 5515 682 5588 ταύτην
713 5519 803 5594 Θερ
813 5522 936 5591 μοῢ.

337 5607 404 5679 γ’.
438 5606 587 5660 ’Δνω
641 5607 735 5680 μὲν
783 5605 874 5661 οὖν
932 5606 1274 5682 ἀνενεχθεῖσα
1321 5608 1410 5662 καὶ
1457 5611 1744 5685 ψυχθεῖσα,
1775 5609 1917 5684 γίνε-

263 5713 350 5748 ται
401 5687 610 5768 ὄμϐρος
643 5693 732 5748 καὶ
783 5693 1000 5771 χάλαζα
1044 5696 1134 5749 καὶ
1186 5697 1348 5771 χιώνο
1395 5695 1543 5753 κάτω
1591 5695 1648 5753 δὲ
1701 5698 1920 5771 μείνασα

339 5793 382 5829 ⁷³
415 5793 440 5849 1
477 5793 682 5850 Metor.
716 5811 766 5852 ο.
797 5795 852 5850 8.
929 5796 974 5832 ’³³
1005 5795 1154 5852 Ibid.
1191 5812 1242 5852 ο.
1272 5797 1327 5851 9.

1942 4390 1990 4454 Β

2645 4385 2878 4442 CAPUT
2916 4385 3056 4442 XIV.

2189 4480 2276 4532 De
2301 4476 2519 4548 pluvia,
2560 4475 2850 4547 grandine,
2881 4475 3031 4540 nive,
3062 4489 3184 4530 rore
3212 4476 3264 4528 et
3287 4473 3520 4544 pruina.

2099 4634 2150 4689 1.
2201 4634 2708 4700 Quemadmodum
2767 4649 2967 4689 earum
3016 4633 3280 4688 omnium
3331 4647 3458 4703 quae
3507 4631 3672 4703 prius

2035 4727 2504 4778 commemorata:
2537 4728 2675 4778 sunt
2700 4722 3098 4790 affectionum,
3145 4719 3466 4777 materialis
3496 4737 3676 4777 causa

2030 4828 2159 4867 esse
2188 4810 2478 4866 exhalatio
2509 4811 2924 4866 ostendebatur
2951 4826 2964 4863 :
3013 4809 3094 4864 ita
3123 4825 3323 4864 earum
3357 4809 3427 4864 de
3456 4808 3672 4880 quibus

2034 4916 2193 4955 nunc
2224 4916 2416 4956 sermo
2449 4904 2556 4966 est,
2605 4899 2959 4970 ejuscemodi
3013 4915 3192 4954 causa
3218 4914 3345 4952 esse
3373 4914 3553 4970 vapor
3583 4897 3672 4953 in-

2027 4987 2330 5060 telligitur.
2381 4992 2567 5042 Causa
2615 4991 2810 5043 autem
2859 4987 3116 5041 efﬁciens
3159 4985 3393 5041 illarum
3432 4986 3668 5058 quidem

2027 5082 2117 5132 est
2138 5081 2332 5131 motus
2363 5092 2668 5147 corporum
2700 5074 3024 5131 cmlestium
3051 5074 3293 5143 ;harum
3324 5079 3540 5146 autem,
3574 5091 3669 5130 re-

2031 5164 2350 5236 frigeratio.

2098 5256 2151 5307 2.
2186 5253 2342 5308 “[68
2375 5253 2562 5323 Vapor
2590 5253 2748 5306 enim
2779 5256 2880 5307 aut
2907 5251 3085 5308 altius
3132 5251 3420 5308 attollitur
3445 5253 3510 5324 ⁵³³,
3538 5269 3671 5308 cum

2030 5358 2064 5395 a
2113 5343 2334 5412 majore
2391 5339 2580 5395 calore
2635 5340 3014 5408 subvehitur;
3077 5346 3180 5397 aut
3233 5341 3384 5397 infra
3436 5341 3494 5396 in
3544 5357 3675 5398 aere

2029 5436 2193 5487 terrae
2226 5429 2415 5485 vicino
2447 5428 2520 5484 ob
2551 5428 2760 5484 caloris
2791 5429 2985 5501 ipsum
3022 5430 3402 5486 subvehentis
3431 5430 3674 5486 brevita-

2027 5525 2145 5575 tem
2178 5523 2458 5574 moratur.

2099 5607 2154 5660 3.
2186 5607 2329 5661 Cum
2378 5605 2576 5678 itaque
2623 5623 2861 5662 sursum
2913 5611 3146 5664 evectus
3193 5612 3252 5664 et
3294 5608 3670 5682 refrigeratus

2031 5695 2225 5762 fuerit,
2257 5695 2446 5752 imber
2474 5701 2531 5753 et
2555 5698 2778 5768 grando
2798 5703 2856 5754 et
2883 5699 2982 5753 nix
3005 5699 3276 5755 efﬁcitur.
3299 5702 3440 5753 Cum
3472 5702 3667 5753 autem
