4024 6478
354 427 514 489 1143

1605 423 2028 486 NIUEPHORI
2072 422 2512 485 BLEMM’lDzE

3607 419 3778 479 1144

354 560 507 618 infra
535 555 881 614 remanserit
901 558 957 610 et
978 554 1350 625 refrigeratus
1371 555 1566 620 fuerit,
1592 572 1688 611 ros
1707 560 1764 611 et
1789 556 1998 628 pruina

2130 553 2198 607 ιαὶ
2239 557 2529 629 ψυχθεῖσα,
2575 550 2781 628 γίνεται
2832 549 3026 627 δρόσος
3073 548 3163 606 καὶ
3211 547 3418 626 πάχνη.
3452 551 3613 603 ’Όταν
3669 543 3773 620 μὶν

359 652 689 722 generatur.
723 645 963 708 Quando
994 644 1148 699 enim
1210 661 1243 698 a
1292 649 1447 700 terra
1491 646 1556 699 fit
1613 645 1906 712 remotior,
1943 648 2007 699 ut

361 741 664 810 separetur
694 752 824 806 quae
872 734 1067 804 ipsum
1116 733 1301 787 evexit
1347 733 1534 790 calida
1563 738 1620 788 et
1658 734 1888 789 fumosa
1917 750 2007 789 ex-

361 826 604 890 halatio,
639 825 857 896 quique
886 823 1024 878 huic
1053 822 1217 877 adest
1245 822 1436 889 calor;
1469 824 1608 877 dum
1641 823 1741 877 illa
1771 823 2004 894 quidem

361 915 694 972 excernitur
717 918 774 968 et
796 912 1140 968 subvehitur
1161 911 1231 966 ad
1252 912 1536 981 fomitem,
1560 912 1694 967 huic
1708 917 1902 967 autem
1933 911 2006 966 ob

362 1005 470 1061 loci
502 1003 881 1076 frigiditatem
929 1001 1330 1072 extinguitur;
1383 1005 1521 1056 tunc
1565 1019 1744 1074 vapor
1772 1007 2006 1056 contra-

362 1098 454 1149 cto
501 1094 714 1165 frigore
763 1110 797 1146 a
846 1091 1146 1146 caliditate
1176 1091 1446 1145 desertus
1491 1091 1790 1156 densatur,
1843 1095 1898 1144 et
1947 1089 2006 1142 in

362 1183 580 1240 nubem
610 1199 678 1237 ex
709 1197 840 1237 aere
888 1179 1229 1244 concrescit,
1281 1179 1459 1250 inque
1503 1196 1715 1250 aquam
1748 1183 2009 1233 mutatur

362 1275 420 1328 et
449 1270 650 1343 pluvia
674 1269 944 1326 efﬁcitur.
976 1269 1081 1324 Est
1121 1285 1255 1323 vero
1287 1284 1466 1339 vapor
1493 1268 1731 1339 quidem
1762 1285 1830 1324 ex
1857 1284 2010 1338 aqua

364 1377 490 1432 quae
520 1362 872 1414 extenuatur
901 1363 957 1412 et
987 1357 1219 1424 rareﬁt;
1253 1355 1409 1410 idem
1438 1361 1633 1411 autem
1665 1360 2010 1411 extenuatus

363 1452 422 1504 et
450 1448 786 1515 rarefactus,
819 1463 916 1502 aer
945 1446 1012 1500 fit
1040 1463 1052 1512 ;
1079 1462 1178 1501 aer
1204 1462 1373 1517 porro
1404 1445 1766 1501 incrassatus
1796 1450 2010 1500 et~con~

366 1539 663 1607 densatus,
697 1537 881 1592 nubes
923 1535 1220 1602 efficitur;
1269 1535 1457 1590 nubes
1501 1534 1752 1606 denique
1783 1550 1918 1589 cum
1949 1534 2007 1588 in

369 1642 584 1698 aquam
612 1629 899 1689 mutatur,
930 1622 1190 1695 pluviam
1221 1627 1517 1678 causatur.

442 1806 493 1858 4.
523 1803 844 1858 Humidum
875 1817 1011 1874 ergo
1061 1803 1216 1875 quod
1266 1800 1351 1858 sol
1401 1803 1660 1874 quotidie
1691 1802 1927 1858 adducit
1956 1807 2013 1858 et

369 1893 576 1958 elevat,
609 1893 751 1947 dum
783 1891 840 1946 id
892 1889 1082 1945 calore
1131 1907 1237 1946 suo
1284 1891 1344 1944 in
1393 1907 1665 1962 vaporem
1704 1893 2008 1962 convertit,
2041 1925 2089 1990 Β

367 1987 642 2040 extenuat
670 1986 726 2036 et
755 1980 1069 2047 discernit;
1104 1981 1212 2035 hoc
1241 1983 1623 2052 posteaquam
1658 1981 1714 2035 in
1747 1982 2009 2053 superio-

368 2089 491 2129 rem
522 2072 716 2127 locum
747 2068 1057 2125 collectum
1079 2074 1168 2125 est
1192 2075 1249 2124 et
1284 2075 1516 2140 propter
1539 2069 1723 2142 frigus
1754 2071 2014 2126 constitit

370 2166 541 2230 atque
571 2159 883 2223 concrevit,
912 2159 1067 2213 164
1100 2175 1308 2214 rursus
1329 2157 1388 2213 in
1423 2175 1635 2230 aquam
1666 2176 2011 2215 conversum

369 2250 441 2306 ad
467 2254 683 2304 terram
716 2248 990 2302 defertur.
1025 2248 1090 2302 Et
1121 2263 1461 2318 quanquam
1489 2264 1600 2302 non
1636 2247 1884 2320 singulis
1915 2266 2015 2304 an-

369 2338 464 2393 nis
491 2336 861 2392 tantumdem
894 2342 1182 2407 quantum
1207 2341 1468 2390 evectum
1495 2342 1582 2391 est
1604 2337 1832 2392 decidat
1856 2355 1870 2405 ;
1903 2343 2014 2394 sta-

370 2427 449 2482 tis
478 2430 675 2481 tamen
718 2425 1082 2496 temporibus
1133 2425 1390 2480 defertur
1434 2429 1492 2481 et
1539 2427 1803 2481 redditur
1843 2444 2016 2483 omne

371 2515 684 2571 humidum
716 2514 871 2585 quod
901 2518 1162 2569 evectum
1184 2517 1290 2579 est,
1312 2514 1370 2567 id
1397 2515 1570 2569 etiam
1605 2516 1758 2586 quod
1783 2520 2017 2588 propter

372 2603 692 2660 tardiorem
721 2602 1104 2658 mutationem
1138 2602 1217 2657 ibi
1267 2619 1492 2658 moram
1523 2604 1676 2658 fecit.
1709 2605 2016 2675 Propterea

374 2693 551 2749 etiam
582 2696 714 2765 post
741 2708 926 2747 annos
971 2693 1188 2763 quibus
1219 2698 1394 2748 aestus
1425 2694 1613 2763 major
1643 2694 1769 2759 fuit,
1804 2694 2014 2748 iterum

375 2780 556 2854 pluvii
578 2781 787 2836 exoriri
810 2783 999 2836 solent
1022 2797 1035 2847 ;
1059 2779 1424 2836 exhalatione
1445 2781 1726 2836 nimirum
1749 2782 2013 2848 humida,

377 2885 503 2941 quas
551 2868 813 2923 nondum
866 2868 1150 2923 hactenus
1205 2873 1430 2924 mutata
1472 2869 1582 2924 fuit
1627 2870 1756 2940 ipsa
1783 2886 2017 2942 quoque

374 2958 760 3014 mutationem
794 2973 930 3012 cum
961 2956 1064 3012 illa
1092 2974 1220 3029 qua:
1255 2956 1537 3013 evehitur.
1571 2958 1879 3013 subeunte.
1934 3022 1936 3024 τ

442 3050 495 3102 5.
529 3047 774 3102 Mutatio
808 3045 987 3118 igitur
1011 3061 1079 3100 ex
1109 3063 1264 3118 aqua
1293 3046 1353 3100 in
1385 3062 1576 3102 aerem
1600 3047 1892 3102 mediante
1919 3065 2015 3102 va-

371 3153 510 3209 pore
539 3137 624 3191 ﬁt.
658 3139 853 3207 Vapor
880 3135 1038 3190 enim
1073 3139 1162 3190 est
1191 3152 1290 3191 aer
1319 3136 1593 3201 crassior,
1627 3135 1766 3206 quid
1794 3135 2011 3207 aliquid

372 3226 548 3282 etiam
579 3241 742 3294 aquae
791 3224 988 3293 habet,
1021 3227 1077 3278 et
1123 3232 1426 3295 propterea
1473 3223 1622 3278 aeris
1652 3229 1710 3279 et
1737 3241 1900 3296 aqua
1931 3230 2018 3281 est

2115 640 2253 715 (οὖν)
2325 643 2425 718 γὰρ
2497 641 2853 716 ἀπογειοτέρα
2929 639 3144 715 γένηται
3231 638 3584 715 χωριζομένη
3664 643 3773 704 τῆς

2112 730 2412 806 ἀναγούσης
2464 733 2662 800 ταύτην
2714 731 2920 804 θέρμης
2969 729 3060 784 xui
3107 725 3425 790 καπνώδους
3465 727 3772 798 ἀναθυμιά-

2115 842 2248 882 σεως
2294 821 2383 875 καὶ
2431 829 2530 890 τῆς
2583 819 2843 890 συνούσης
2886 819 3054 893 ταύτῃ
3103 817 3471 894 θερμότητος,
3522 819 3622 886 τῆς
3674 817 3781 889 μὲν

2115 908 2505 984 έκκρινομένης
2581 910 2670 964 xui
2729 910 3132 986 ἀναφερομένης
3182 907 3317 982 πρὸς
3368 907 3434 961 τὸ
3502 905 3780 960 ὑπέκκαυ-

2119 1021 2210 1071 μα,
2260 1002 2357 1067 τῆς
2406 997 2463 1053 δὲ
2513 994 2873 1072 σϐεννυμένης
2925 995 3015 1053 διὰ
3063 999 3163 1066 τήν
3212 1001 3309 1051 τοῦ
3338 995 3510 1050 τόπου
3554 994 3779 1070 ψυχρό-

2114 1109 2268 1158 τητα’
2317 1087 2440 1144 τότε
2489 1086 2554 1157 δὴ
2609 1087 2893 1163 ψυχομένη
2947 1090 2983 1156 ὴ
3016 1087 3176 1158 ἀτμὶς
3211 1083 3299 1140 διὸ.
3345 1087 3441 1153 τὴν
3474 1083 3776 1157 ἀπόλειψιν

2112 1182 2209 1231 τοῦ
2241 1180 2462 1253 θερμοῦ,
2516 1183 2808 1232 πυκνοῦται
2857 1176 2945 1231 xui
2993 1177 3069 1238 εἰς
3121 1178 3276 1253 νέφος
3320 1174 3371 1244 ἐξ
3419 1174 3575 1248 ἀέρος
3627 1173 3782 1227 συνί-

2116 1287 2323 1337 σταται,
2373 1267 2463 1321 καὶ
2507 1266 2583 1329 εἰς
2634 1263 2780 1340 ὕδωρ
2832 1259 3186 1337 μεταϐάλλει,
3237 1264 3326 1318 καὶ
3373 1258 3587 1338 ὄμϐρος
3629 1261 3780 1335 γίνε-

2113 1377 2220 1410 ται.
2258 1357 2411 1410 Ἐστι
2443 1353 2500 1410 δὲ
2528 1357 2563 1424 ἡ
2600 1355 2694 1427 μὲν
2730 1354 2889 1428 ἀτμὶς
2941 1353 3001 1409 ἐκ
3041 1359 3140 1409 τοῦ
3187 1351 3380 1414 ὕδατος
3427 1350 3780 1424 λεπτυνομέ-

2115 1465 2210 1499 νου
2286 1444 2374 1498 xui
2462 1444 2824 1520 ἀραιουμένου
2855 1465 2866 1477 ·
2919 1442 3055 1512 αὕτη
3133 1439 3190 1496 δὲ
3262 1442 3615 1496 λεπτυνθεῖσα
3682 1439 3779 1494 xui

2117 1532 2462 1604 ἀραιωθεῖσα,
2511 1533 2714 1607 γίνεται
2762 1532 2888 1607 ἀήρ·
2922 1532 2951 1586 ὁ
2994 1529 3039 1585 δ’
3087 1532 3192 1606 ἀήρ
3235 1529 3524 1606 παχυνθείς
3571 1549 3638 1583 τε
3684 1528 3780 1582 xui

2117 1621 2437 1692 πυκνωθεὶς,
2471 1621 2672 1696 γίνεται
2702 1621 2880 1698 νέφος·
2923 1621 2986 1675 τὸ
3016 1617 3074 1675 δὲ
3121 1621 3280 1696 νέφος
3314 1613 3668 1692 μεταϐάλλον
3700 1617 3780 1679 εἷς

2119 1709 2288 1785 ὕδωρ,
2317 1711 2407 1766 τὸν
2440 1704 2648 1787 ὄμϐρον
2680 1715 2846 1767 ποιεῖ.

2191 1797 2253 1856 δ’.
2302 1804 2362 1852 Ὀ
2407 1799 2580 1855 τοίνυν
2632 1799 2812 1875 ἀνάγει
2859 1799 2949 1852 xui
3004 1797 3317 1874 μετεωρίζει
3362 1801 3460 1852 τοῦ
3520 1796 3700 1871 ὑγροῦ
3752 1797 3783 1849 ὁ

2119 1888 2281 1956 ἥλιος
2331 1890 2696 1958 καθεχάστην,
2755 1887 2993 1960 ἀτμίζων
3053 1886 3122 1961 τῇ
3181 1881 3478 1960 θερμότητι
3535 1885 3629 1939 καὶ
3691 1887 3782 1939 λε-

2121 1978 2332 2032 πτύνων
2391 1978 2479 2032 xui
2541 1975 2814 2052 δικρίνων,
2870 1981 3031 2031 τοῦτο
3111 1975 3484 2049 συναθροισθὲν
3543 1974 3623 2035 εἷς
3691 1974 3787 2028 τὸν

2122 2065 2232 2121 ἅνω
2261 2067 2424 2121 τόπον
2459 2067 2546 2121 καὶ
2593 2063 2682 2120 διὰ
2721 2064 3044 2141 ψυχρότητα
3073 2065 3265 2118 συστὰν
3322 2064 3411 2118 καὶ
3467 2064 3790 2139 συγκριθὲν,

2121 2153 2284 2210 πάλιν
2347 2153 2493 2231 ὕδωρ
2546 2151 2854 2231 γενόμενον,
2909 2155 3044 2228 πρὸς
3104 2155 3204 2222 τὴν
3254 2159 3354 2229 γῆν
3395 2152 3786 2229 καταφέρεται.

2120 2247 2225 2300 Κᾶν
2262 2248 2336 2319 μή
2369 2247 2484 2300 κατ’
2542 2244 2779 2300 ἐνιαυτὸν
2832 2241 2890 2299 δὲ
2939 2241 3051 2299 ἴσον
3103 2248 3182 2316 τῷ
3237 2242 3520 2318 ἀναχθέντι
3568 2263 3784 2296 κατενε-

2122 2338 2254 2411 χθῇ,
2316 2334 2441 2391 ἀλλ’
2501 2333 2552 2388 ἕν
2613 2355 2721 2388 τισι
2775 2333 3125 2409 τεταγμένοις
3174 2332 3394 2409 χρόνοις
3424 2331 3783 2408 καταφέρεται

2120 2428 2210 2479 xui
2266 2421 2590 2479 ἀποδίδοται
2636 2428 2739 2478 πᾶν
2784 2424 2846 2478 τὸ
2903 2423 3126 2498 ἀναχθὶν
3189 2421 3374 2496 ὑγρὸν,
3404 2422 3494 2476 xui
3552 2421 3785 2495 ὑστερῆ-

2121 2535 2213 2568 σαν
2271 2518 2350 2584 τῷ
2411 2515 2485 2586 μή
2548 2513 2760 2588 ταχέως
2825 2507 3169 2585 μεταϐαλεῖν,
3227 2509 3321 2566 Διδ
3381 2510 3472 2564 καὶ
3525 2510 3666 2582 μετά
3720 2509 3786 2563 τὰ

2123 2602 2388 2678 αὐχμηρά
2442 2599 2534 2671 ἔτη
2595 2599 2747 2680 φιλεῖ
2800 2599 2966 2655 πάλιν
3027 2595 3279 2676 ἔπομϐρα
3334 2599 3572 2676 γίνεσθαι
3605 2645 3620 2671 ,
3676 2605 3778 2666 τῆς

2123 2687 2508 2764 ἀμεταϐλήτου
2583 2691 2839 2764 μεινάσης
2917 2690 3082 2764 ὑγρᾶς
3155 2689 3566 2761 ἀναθυμιάσεως
3637 2708 3777 2760 συμ-

2129 2775 2578 2855 μεταϐαλλούσης
2607 2783 2676 2853 τῇ
2705 2779 3095 2856 ἀναφερομένη.
3121 2817 3123 2820 ‹

2196 3049 2251 3105 ε’.
2285 3053 2344 3102 Ἦ
2389 3047 2480 3118 μὲν
2537 3043 2627 3100 οὖν
2687 3045 2738 3116 ἐξ
2789 3043 2982 3106 ὕδατος
3032 3043 3109 3106 εἰς
3163 3043 3294 3120 ἀέρα
3345 3038 3629 3117 μεταϐολὴ
3693 3041 3781 3098 διὰ

2129 3138 2296 3210 μέσης
2350 3133 2579 3208 ἀτμίδος
2635 3135 2885 3211 γίνεται.
2947 3135 3010 3188 Ἡ
3065 3134 3165 3208 γὰρ
3237 3133 3397 3206 ἀτμὶς
3471 3131 3780 3208 παχύτερᾶ

2127 3226 2266 3281 ἐστιν
2319 3225 2446 3301 ἀὴρ,
2485 3220 2629 3300 ἔχων
2679 3245 2734 3277 τι
2781 3222 2870 3278 xui
2923 3220 3141 3291 ὕδατος,
3169 3222 3260 3276 xui
3292 3219 3382 3277 διὰ
3425 3227 3591 3277 τοῦτο
3628 3221 3779 3295 ἀέρος

373 3313 809 3370 intermedium.
868 3317 943 3367 At
971 3327 1106 3368 vero
1152 3329 1221 3367 ex
1268 3329 1397 3369 aere
1439 3312 1500 3367 in
1533 3329 1745 3384 aquam
1773 3315 2014 3369 mutatio

2130 3296 2748 3390 ruyxuverxui'bSuroc
2801 3311 3016 3384 μεταξύ.
3049 3312 3112 3365 Ἣ
3160 3307 3207 3364 δ’
3236 3310 3288 3380 ἐξ
3338 3310 3496 3386 ἀέρος
3527 3311 3605 3372 εἷς
3632 3307 3774 3384 ὕδωρ

376 3403 668 3459 mediante
698 3401 852 3456 nube
904 3401 990 3456 ﬁt.
1023 3407 1104 3455 Ac
1154 3401 1308 3472 quod
1362 3418 1544 3472 vapor
1583 3401 1876 3473 deorsum,
1907 3401 2016 3458 hoc

377 3493 564 3548 nubes
587 3507 825 3546 sursum
857 3497 964 3545 est.
1000 3490 1197 3545 Ambo
1219 3489 1376 3544 enim
1407 3490 1560 3546 aeris
1598 3494 1655 3545 et
1686 3507 1853 3563 aquae
1881 3495 2019 3547 sunt

374 3578 743 3634 intermedia.

448 3670 504 3724 6.
532 3667 756 3724 Nebula
784 3671 979 3723 autem
1009 3669 1054 3711 78
1083 3670 1171 3722 est
1200 3666 1374 3723 nubis
1403 3667 1461 3722 ia
1493 3684 1707 3740 aquam
1739 3673 2017 3726 concretae

379 3760 437 3812 et
466 3761 706 3811 mutatae
738 3756 1130 3827 superﬂuitas.
1161 3757 1322 3821 Quod
1356 3756 1513 3812 enim
1542 3757 1601 3811 in
1628 3757 1803 3812 nubis
1833 3763 2018 3814 mnta-

379 3845 538 3900 tione
565 3844 626 3899 in
672 3860 885 3914 aquam
935 3843 1228 3910 relictum,
1278 3844 1386 3898 hoc
1429 3849 1538 3912 est,
1587 3846 1740 3917 quod
1772 3846 1832 3900 in
1866 3847 2018 3902 nube

381 3930 575 3987 sterile
605 3935 898 4000 repertum
931 3930 1126 3997 fuerit,
1175 3931 1235 3985 id
1275 3931 1526 4001 denique
1557 3931 1769 3988 nebula
1794 3938 1899 3990 est.
1933 3934 2020 3989 Fit

379 4023 575 4075 autem
607 4019 779 4074 etiam
811 4036 879 4073 ex
911 4020 1066 4074 nube
1115 4018 1346 4084 nebula,
1396 4021 1629 4090 quando
1675 4021 1760 4076 ita
1787 4022 2018 4094 conglo-

379 4109 503 4164 bari
528 4125 643 4163 non
674 4107 882 4178 potuit,
915 4113 980 4162 ut
1005 4107 1064 4161 in
1099 4124 1309 4178 aquam
1343 4114 1570 4163 mutata
1600 4109 1824 4164 fuisset.
1860 4111 2020 4166 Unde

377 4198 554 4254 etiam
587 4195 799 4251 nebula
846 4196 1178 4252 serenitatis
1231 4199 1379 4252 165
1416 4198 1608 4268 potius
1655 4215 1829 4270 quam
1858 4217 2019 4270 aqua

377 4285 612 4358 signum
647 4289 736 4340 est
766 4286 828 4339 7‘.
863 4285 962 4340 Est
1008 4285 1164 4339 enim
1199 4285 1368 4356 quasi
1410 4285 1624 4341 sterilis
1654 4287 1860 4353 nubes,
1893 4305 2018 4358 quae

377 4390 492 4429 non
526 4373 763 4445 quidem
797 4373 855 4428 in
881 4389 1094 4445 aquam
1129 4378 1411 4440 mutatur,
1437 4374 1575 4445 quia
1601 4375 1828 4446 siccior,
1860 4377 2022 4432 deor-

377 4479 509 4519 sum
541 4467 738 4518 tamen
769 4451 1118 4533 cadit,'quia
1149 4461 1432 4534 frigidior.

442 4643 496 4698 7.
533 4641 774 4707 Quando
807 4639 990 4714 igitur
1021 4640 1078 4694 in
1126 4639 1252 4695 loco
1284 4657 1317 4696 a
1360 4644 1514 4696 terra
1557 4641 1865 4697 remotiore
1895 4659 2022 4699 coa-
2053 4666 2098 4730 Ι)

373 4736 638 4787 cervatus
697 4746 874 4802 vapor
930 4729 1115 4801 frigus
1188 4730 1560 4800 contraxerit,
1622 4736 1687 4785 ut
1739 4731 2018 4798 diximus,

371 4824 514 4875 tunc
536 4817 733 4892 pluvia
753 4822 1068 4890 generatur
1091 4836 1104 4886 ;
1129 4835 1255 4889 quae
1278 4818 1515 4889 quidem
1538 4819 1584 4872 si
1606 4820 2021 4878 munitioribus

372 4910 640 4983 partibus
670 4915 726 4963 et
756 4925 870 4963 non
901 4907 1227 4978 confertim,
1262 4909 1361 4962 sed
1408 4907 1689 4980 paulatim
1721 4909 2018 4978 deciderit,

372 4997 542 5071 quasi
592 5013 660 5052 ex
709 4996 865 5052 nube
913 5001 1225 5068 generatur
1272 4997 1466 5065 modo,
1519 5014 1721 5069 psecas
1773 5014 1875 5054 seu
1909 4999 2019 5054 mi-

371 5091 515 5142 nuta
545 5085 744 5157 pluvia
789 5090 1047 5140 vocatur.
1095 5085 1198 5140 Sin
1245 5089 1440 5141 autem
1485 5086 1749 5157 partibus
1782 5088 2018 5158 majori-

370 5176 482 5232 bus
511 5179 567 5231 et
594 5173 936 5242 confertius,
969 5174 1138 5245 quasi
1171 5174 1420 5244 jamjam
1473 5174 1646 5229 nubis
1682 5177 1927 5231 mutatio
1959 5177 2016 5231 in

369 5280 583 5337 aquam
617 5263 694 5317 sit
725 5262 896 5329 facta,
929 5261 1118 5317 imber
1149 5263 1509 5322 nominatur.

439 5353 492 5408 8.
526 5349 727 5407 Solent
777 5355 972 5404 autem
1024 5351 1142 5405 haec
1181 5351 1354 5406 certis
1409 5350 1548 5407 anni
1579 5352 2017 5424 “temporibus

367 5442 513 5499 ﬁeri.
571 5439 872 5511 Ejusmodi
925 5439 1082 5494 enim
1131 5439 1527 5497 exhalationes
1575 5445 1631 5496 et
1661 5443 2015 5499 mutationes

367 5533 695 5588 secundum
718 5528 996 5601 .proprios
1027 5528 1169 5584 solis
1199 5535 1394 5585 motus
1439 5531 1591 5586 fiunt
1618 5531 1891 5601 maxime,
1923 5547 2012 5586 se-

2131 3399 2409 3478 μεταϐολή
2445 3401 2532 3456 διὰ
2560 3403 2725 3475 μέσου
2775 3401 2975 3477 γίνεται
3007 3401 3219 3478 νέφους.
3252 3399 3352 3454 Καὶ
3388 3398 3522 3476 ὅπερ
3553 3401 3588 3468 ἡ
3621 3399 3776 3470 ἀτμὶς

2125 3493 2293 3563 κάτω,
2328 3493 2472 3547 τοῦτ’
2518 3489 2628 3546 ἅνω
2673 3492 2736 3547 τὸ
2782 3490 2959 3568 νέφος’
2993 3488 3091 3544 Καὶ
3145 3490 3312 3567 ἄμφω
3353 3489 3460 3564 γάρ
3504 3487 3660 3563 ἀέρος
3689 3486 3774 3542 xui

2126 3579 2319 3642 ὕδατος
2355 3579 2571 3654 μεταξύ.

2199 3670 2262 3732 ς’.
2322 3669 2384 3721 Ἡ
2444 3666 2491 3721 δ’
2547 3665 2762 3743 ὁμίχλη
2821 3665 3138 3743 περίττωμα
3191 3671 3292 3734 τῆς
3343 3664 3420 3727 εἷς
3479 3661 3625 3741 ὕδωρ
3681 3668 3775 3719 τοῦ

2124 3757 2316 3836 νέφους
2376 3757 2703 3833 συγκρίσεως
2781 3755 2890 3811 ἐστι
2966 3754 3055 3810 καὶ
3117 3749 3427 3829 μεταϐολῆς
3464 3795 3478 3808 .
3536 3752 3606 3808 Τὸ
3676 3754 3774 3828 γὰρ

2129 3845 2451 3923 ὑπολειφθὲν
2510 3845 2615 3901 ἀπὸ
2672 3852 2771 3914 τῆς
2815 3843 3048 3921 νεφέλης
3099 3842 3149 3898 έν
3201 3847 3270 3916 τῇ
3320 3841 3396 3904 εἰς
3437 3839 3586 3918 ὕδωρ
3621 3862 3775 3914 μετα-

2128 3930 2293 4008 ϐολῇ,
2349 3933 2645 4006 τουτέστιν,
2691 3933 2822 4010 ὅπερ
2872 3932 2924 3988 έν
2971 3937 3039 4006 τῇ
3089 3929 3288 4009 νεφέλῃ
3336 3929 3530 4006 ἄγονον
3563 3929 3775 4004 εὖρέθῇ,

2132 4025 2207 4096 μὴ
2243 4021 2536 4095 δυνάμενον
2567 4023 2642 4086 εἰς
2673 4021 2821 4098 ὕδωρ
2858 4015 3204 4094 μεταϐαλεῖν,
3256 4017 3472 4094 ὁμίχλη
3520 4018 3775 4074 τολοιπόν

2128 4111 2260 4168 ἐστι.
2293 4111 2498 4166 Γίνεται
2531 4109 2579 4166 δ’
2610 4110 2825 4188 ὁμίχλη
2859 4109 2949 4164 καὶ
2977 4111 3041 4164 τὸ
3087 4108 3273 4186 νέφος,
3304 4108 3429 4163 ὅταν
3465 4109 3542 4181 μή
3578 4105 3776 4180 δυνηθῇ

2127 4198 2429 4270 πιληθῆναι
2482 4199 2678 4268 οὕτως,
2730 4199 2804 4261 ὡς
2853 4199 2927 4260 εἰς
2981 4196 3124 4274 ὕδωρ
3162 4191 3509 4270 μεταϐαλεῖν.
3563 4197 3776 4264 Ὅθενὴ

2129 4286 2341 4364 ὁμίχλη
2379 4288 2466 4343 καὶ
2517 4293 2742 4361 σημεῖον
2798 4287 3009 4360 μᾶλλον
3056 4283 3234 4347 εὐδίας
3281 4285 3420 4340 ἔστὶν
3473 4284 3615 4362 ἤπερ
3660 4283 3782 4340 ὕδα-

2125 4399 2240 4440 τος.
2296 4376 2510 4456 Νεφέλη
2561 4378 2665 4454 γὰρ
2715 4375 2896 4452 ὥσπερ
2957 4377 3152 4452 ἄγονος
3203 4373 3436 4450 ὑπάρχει
3491 4375 3568 4448 μὴ
3622 4395 3782 4448 μετα-

2128 4462 2410 4521 ϐάλλουσα
2462 4466 2554 4540 μὲν
2599 4465 2676 4528 εἷς
2725 4463 2870 4541 ὕδωρ
2920 4465 2995 4528 ὡς
3054 4465 3336 4541 ξηροτέρα,
3391 4461 3540 4518 κάτω
3589 4459 3651 4518 δὲ
3693 4462 3780 4517 πί-

2125 4576 2335 4610 πτουσα
2363 4553 2526 4610 πάλιν
2559 4556 2634 4617 ὡς
2663 4552 2994 4630 ψυχροτέρα.

2206 4647 2263 4713 ζ’.
2297 4645 2457 4698 Ὅταν
2495 4643 2589 4716 μὲν
2642 4643 2732 4697 οὗν
2777 4642 2827 4697 έν
2881 4647 2960 4714 τῷ
3012 4641 3376 4718 ἀπογειοτέρῳ
3421 4640 3577 4714 τόπῳ
3630 4661 3784 4696 συνα-

2130 4733 2438 4808 θροισθεῖσα
2493 4735 2529 4802 ἡ
2587 4731 2751 4805 ἀτμὶς
2833 4733 3043 4806 ψυχθῇ,
3100 4731 3282 4796 καθὼς
3337 4726 3547 4806 εἴρηται
3592 4776 3608 4803 ,
3663 4729 3785 4786 τότε

2130 4821 2334 4896 γίνεται
2379 4816 2608 4895 ὄμϐρος·
2665 4821 2725 4882 ’ὸς
2793 4821 2838 4876 εἰ
2898 4822 2992 4894 μὲν
3053 4819 3188 4874 κατά
3250 4819 3418 4896 μιχρά
3473 4819 3641 4897 μόρια
3686 4820 3783 4899 φέ-

2132 4930 2281 4986 ροιτο
2325 4909 2415 4964 καὶ
2467 4909 2542 4982 μὴ
2593 4908 2826 4984 ἀθρόως,
2880 4907 3028 4965 ἀλλά
3063 4909 3198 4964 κατά
3233 4908 3416 4984 μέρος,
3451 4907 3529 4972 ὡς
3560 4905 3781 4964 κατολί-

2127 5020 2219 5074 γον
2281 4998 2338 5053 ἐκ
2381 5004 2477 5053 τοῦ
2531 4994 2726 5076 νέφους
2781 4999 3140 5075 γεννώμενος,
3194 4995 3442 5053 καλεῖται
3487 4997 3672 5072 ψεκάς·
3735 4997 3778 5052 εἰ

2130 5084 2186 5141 δὲ
2235 5089 2371 5142 κατὰ
2423 5087 2593 5160 μείζω
2644 5087 2735 5142 καὶ
2785 5088 3153 5164 ἁθροώτερον,
3204 5087 3278 5148 ὡς
3324 5083 3435 5156 ἤδη
3483 5087 3782 5162 γενομένης

2125 5184 2224 5246 τῆς
2285 5176 2359 5239 εἷς
2438 5174 2584 5252 ὕδωρ
2641 5181 2737 5231 τοῦ
2784 5176 2977 5254 νέφους
3042 5170 3398 5250 μεταϐολῆς,
3460 5174 3781 5251 ὀνομάζεται

2129 5265 2298 5328 ὑετός.
2342 5329 2344 5331 γ

2195 5356 2266 5426 η’.
2307 5354 2536 5410 Φιλοῦσι
2589 5352 2646 5410 δὲ
2691 5360 2858 5410 ταῦτα
2904 5353 3139 5430 γίνεσθαι
3187 5356 3324 5410 κατά
3366 5355 3464 5417 τὰς
3516 5353 3781 5416 ἐνιαυσίας

2126 5442 2293 5519 ὥρας.
2350 5444 2417 5498 Αἱ
2463 5443 2564 5519 γὰρ
2613 5448 2856 5498 τοιαῦται
2914 5443 3296 5516 ἀναθυμιάσεις
3345 5443 3436 5498 xui
3479 5437 3776 5516 μεταϐολαὶ

2123 5531 2258 5585 κατὰ
2285 5531 2379 5593 τὰς
2411 5529 2554 5593 ἷδίας
2604 5534 2848 5602 κινήσεις
2881 5537 2979 5587 τοῦ
3026 5531 3190 5601 ἡλίου
3243 5530 3480 5606 μάλιστα
3516 5533 3777 5607 γίνονται,

437 5750 481 5786 ⁷⁸
513 5750 540 5808 1
573 5748 778 5807 Metor.
811 5763 862 5804 ο.
887 5747 924 5801 9
953 5763 968 5817 ;
999 5744 1080 5802 De
1109 5743 1328 5800 mundo
1379 5761 1429 5800 c.
1464 5745 1517 5799 4.
1596 5745 1641 5780 τι
1672 5745 1696 5800 1
1733 5744 1936 5802 Metor.
1965 5762 2014 5802 ο.

2190 5748 2256 5805 ’⁸.
2289 5747 2439 5804 Ibid.
