4024 6494
296 530 453 594 1145

294 755 391 809 Τὸν
440 755 541 830 γὰρ
582 755 780 810 οἰκεῖον
851 756 1050 812 κύκλον
1107 753 1344 829 ἀμείϐων
1396 759 1423 812 ὁ
1477 756 1660 830 ἥλιος,
1711 760 1780 814 τὰ
1841 761 1934 832 μὲν

1597 536 1945 600 ΕΡῙΤΟΜΕ
1988 536 2342 600 PHYSICA.

3531 527 3688 591 1146

295 665 412 721 καθ’
443 663 506 728 ’ὰς
536 666 774 737 κινήσεις
810 666 901 722 καὶ
950 665 1005 721 αἱ
1051 666 1187 744 ὧραι
1233 672 1331 722 τοῦ
1378 666 1528 732 ἔτους
1580 667 1930 744 διαιροῦνται.

2050 672 2303 727 cundum
2336 687 2484 744 quos
2504 669 2678 726 etiam
2706 667 2844 724 anni
2867 671 3135 740 tempora
3151 665 3511 724 dividuntur.
3536 665 3684 721 Cum

2045 761 2198 816 enim
2223 761 2520 832 proprium
2547 758 2827 815 circulum
2861 757 2946 814 sol
2977 757 3285 830 percurrit,
3308 755 3423 812 alia
3447 772 3514 810 ex
3545 754 3684 809 sub-

297 841 554 920 διακρίνει
586 849 690 899 τῶν
735 845 1098 919 ὑποκειμένων
1151 848 1438 919 σωμάτων,
1471 849 1702 917 πλησίον
1761 849 1935 904 αὐτῶν

2050 850 2212 920 iectis
2241 849 2582 922 corporibus
2603 849 2818 920 quibus
2847 847 3082 919 propior
3109 846 3380 916 efﬁcitur,
3407 843 3687 900 discernit

296 932 587 1009 γενόμενος
617 935 702 1008 (τά
729 955 787 988 τε
831 936 930 1010 γὰρ
979 932 1144 989 ὕδατα
1192 935 1443 991 λεπτύνει
1488 938 1576 992 καὶ
1620 939 1783 1009 αὐτὴν
1840 941 1938 1008 την

294 1024 416 1096 γῆν)
469 1021 560 1076 καὶ
615 1021 712 1083 τὰς
773 1022 1154 1095 ἀναθυμιάσεις
1220 1030 1384 1080 ποιεῖ·
1441 1027 1508 1080 τὰ
1555 1024 1611 1082 δὶ
1665 1026 1938 1104 συγκρίνει

294 1108 482 1179 πάλιν,
543 1110 901 1187 ἀφιστάμενος
962 1110 1171 1187 πόῤῥω.
1234 1113 1364 1169 Τότε
1434 1115 1536 1190 γὰρ
1603 1116 1940 1191 συγκρίνεται

293 1201 328 1268 ἠ
393 1199 526 1274 ὑγρά
581 1199 937 1272 ἀναθυμίασις
996 1201 1072 1263 εἷς
1121 1200 1254 1280 νέφη
1286 1203 1374 1257 καὶ
1431 1202 1615 1259 ὕδατα.
1665 1207 1815 1260 Ὅθεν
1868 1210 1937 1280 τῇ

293 1285 549 1364 προσόδῳ
599 1309 658 1342 τε
706 1289 795 1343 καὶ
846 1287 1031 1367 ἀφόδῳ
1071 1295 1178 1345 τῶν
1224 1291 1469 1346 ἐναντίων
1501 1299 1685 1358 παθῶν
1720 1297 1748 1348 6
1777 1294 1938 1362 ἥλιος

296 1374 468 1440 αἷίτιος
496 1376 719 1453 γίνεται,
751 1377 1068 1452 κινούμενος
1096 1380 1186 1433 τὸν
1221 1378 1501 1449 ζωδιακόν.

368 1467 429 1529 θ’.
466 1465 668 1520 Γίνεται
719 1463 774 1521 δὲ
820 1467 909 1522 καὶ
959 1471 1298 1544 καθημερινή
1361 1492 1442 1532 τις
1507 1471 1612 1526 ἀπὸ
1664 1479 1762 1540 τῆς
1818 1474 1941 1546 περὶ

295 1561 396 1629 γῆν
454 1554 751 1630 ὑγρότητος
804 1556 882 1618 εἶς
948 1555 1148 1630 ἀτμίδα
1209 1555 1509 1632 μεταϐολήο
1590 1558 1943 1634 λαμϐάνουσα

292 1643 380 1698 καὶ
411 1642 546 1714 αὕτη
592 1646 693 1712 τήν
743 1644 924 1720 ἀρχὴν
975 1646 1034 1700 ἐκ
1087 1654 1189 1716 τῆς
1237 1650 1609 1725 καθημερινῆς
1658 1652 1790 1727 ὑπὲρ
1837 1653 1938 1728 γῆν

291 1754 351 1788 τε
388 1733 478 1788 καὶ
539 1733 641 1788 ὑπὸ
691 1740 794 1809 γῆν
839 1739 935 1789 τοῦ
964 1733 1130 1804 ἡλίου
1159 1739 1429 1807 κινήσεως
1461 1740 1595 1794 κατὰ
1647 1741 1745 1809 τὴν
1809 1742 1943 1814 μετὰ

292 1826 389 1877 τοῦ
416 1823 614 1885 παντὸς
647 1824 1074 1902 συμπεριφοράν.
1111 1826 1203 1880 Ἐκ
1247 1824 1313 1895 δὴ
1371 1827 1573 1898 ταύτης
1616 1836 1717 1898 τῆς
1774 1832 1941 1902 καθης

299 1919 520 1988 μερινῆς
551 1909 802 1986 ἀτμίδος,
829 1913 929 1984 ὅση
971 1913 1031 1968 ἂν
1064 1916 1140 1986 μὴ
1193 1915 1461 1991 ἶσχύσειεν
1522 1918 1755 1974 ἐπιπολὺ
1815 1941 1939 1992 μετ’

293 2008 639 2078 εωρισθῆναι,
690 2000 779 2056 διὰ
831 2003 932 2072 τὴν
990 2002 1260 2059 ἀσθένειαν
1308 2010 1406 2060 τοῦ
1461 2005 1750 2082 ἀνάγοντος
1806 2009 1939 2064 ταύ-
1972 2041 2020 2105 Β

290 2111 389 2160 την
441 2095 664 2166 θερμοῦ,
717 2090 874 2166 ἐγγὺς
926 2098 1024 2161 τῆς
1083 2100 1188 2168 γῆς
1241 2095 1507 2169 ψυχθεῖσα
1559 2095 1767 2172 νύκτωρ
1821 2100 1940 2172 (ψυ-

293 2180 550 2256 χρότεραι
616 2180 719 2254 γὰρ
767 2181 823 2235 ui
870 2179 1076 2256 νύκτες)
1121 2180 1311 2259 δρόσον
1380 2185 1469 2238 καὶ
1528 2187 1743 2261 πάχνην
1805 2187 1944 2242 ἀπο-

293 2269 457 2326 τελεῖ·
520 2269 738 2344 πάχνην
775 2271 888 2344 μὲν,
931 2269 1054 2325 ὅταν
1114 2269 1202 2326 διὰ
1258 2271 1403 2327 πολὺ
1457 2276 1634 2350 ψῦχος
1689 2278 1724 2344 ἡ
1785 2277 1943 2349 ἀτμὶς

293 2358 428 2427 αὕτη
478 2363 623 2435 παγῇ
653 2359 761 2436 πρὸ
788 2364 884 2414 τοῦ
916 2359 992 2422 εἷς
1035 2358 1180 2436 ὕδωρ
1229 2357 1572 2435 μεταϐαλεῖνο
1626 2361 1816 2436 δρόσον
1865 2363 1940 2437 δὲ,

293 2447 418 2503 ὅταν
475 2452 553 2519 τῷ
609 2448 684 2520 μή
734 2447 872 2503 πάνυ
921 2450 1132 2525 ψυχρὸν
1166 2450 1298 2505 εἶναι
1327 2453 1390 2506 τὸ
1423 2452 1679 2528 περιέχον
1713 2455 1746 2523 ἠ
1783 2456 1941 2528 ἀτμὶς

292 2537 368 2599 είς
421 2535 567 2611 ὕδωρ
626 2535 932 2611 ἀλλοιωθῇ·
996 2540 1128 2610 μήθ’
1178 2538 1322 2594 οὕτω
1380 2548 1733 2617 θερμανθεῖσα
1807 2543 1944 2599 ὥστε

290 2626 636 2700 ξηρανθῆναι,
704 2627 835 2698 μήθ’
923 2625 1068 2681 οὕτω
1149 2630 1416 2704 ψυχθεῖσα
1494 2629 1630 2686 ὥστε
1685 2635 1938 2708 παγῆναι.

291 2715 444 2778 Ὅθεν
474 2716 509 2784 ἠ
548 2715 640 2786 μὲν
673 2716 859 2791 πάχνη
889 2720 1169 2792 χειμῶνος
1220 2718 1309 2772 καὶ
1360 2717 1412 2772 ἐν
1468 2725 1584 2782 τοῖς
1643 2739 1940 2797 χειμεριω-

289 2802 468 2878 τέροις
513 2802 716 2880 γίνεται
763 2803 975 2867 τόποις·
1028 2807 1063 2875 ἠ
1117 2803 1175 2860 δὲ
1231 2803 1446 2883 δρόσος,
1490 2804 1646 2884 ἔαρος
1707 2811 1942 2883 μάλιστα

291 2891 382 2947 καὶ
432 2893 804 2969 φθινοπώρου,
858 2891 948 2947 xui
999 2893 1050 2949 έν
1104 2894 1295 2958 τόποις
1356 2895 1656 2972 εὐκράτοις.
1715 2898 1940 2974 Αἷθρίας

295 2979 353 3036 δὲ
405 2983 494 3036 xui
550 2982 808 3055 νηνεμίας
868 2983 1001 3058 (καὶ)
1056 2981 1221 3062 ἄμφω
1291 2983 1549 3060 γίνονται.
1607 2988 1695 3055 Μὴ
1775 2983 1940 3056 οόσης

293 3072 395 3146 γὰρ
444 3070 651 3147 αἰθρίας
704 3071 802 3125 οὐκ
849 3071 908 3126 ἂν
951 3073 988 3142 ἡ
1038 3073 1197 3146 ἀτμὶς
1245 3073 1588 3152 ἀναφέροιτο’
1640 3075 1940 3150 ξηρότητος

292 3160 393 3236 γὰρ
425 3157 508 3214 δεῖ
537 3160 673 3235 πρὸς
731 3162 832 3230 τήν
891 3162 1172 3237 ἀναγωγὴν
1232 3162 1400 3232 αὐτῆς
1459 3163 1548 3218 καὶ
1606 3164 1939 3236 λεπτότητος

293 3247 346 3303 ἐν
370 3253 452 3320 τῷ
480 3250 812 3325 περιέχοντι,
845 3249 1136 3322 τουτέστιν,
1163 3249 1253 3306 τίνα
1286 3253 1362 3324 μὴ
1420 3253 1483 3306 τὸ
1529 3252 1784 3329 περιέχον
1843 3254 1939 3308 κά-

293 3348 488 3412 θυγρον
513 3337 572 3392 ἐκ
615 3343 724 3393 τῶν
769 3341 1217 3417 καταφερομένων
1280 3337 1502 3418 ὄμϐρων
1621 3343 1710 3397 καὶ
1765 3342 1935 3419 παχύ.

2048 939 2284 1012 (quippe
2333 956 2544 1011 aquam
2602 942 2877 994 extenuat
2931 937 3240 1008 ipsamque
3296 934 3565 1006 terram),
3626 938 3685 989 et

2047 1028 2443 1084 exhalationes
2473 1027 2651 1083 efﬁcit
2678 1045 2692 1093 ;
2726 1026 2840 1081 alia
2871 1031 3065 1081 autem
3107 1043 3141 1080 a
3192 1025 3407 1096 quibus
3439 1022 3687 1078 discedit

2047 1117 2303 1189 longius,
2337 1116 2703 1188 constringit.
2737 1118 2900 1170 Tunc
2930 1115 3085 1170 enim
3119 1114 3363 1169 humida
3403 1112 3692 1168 exhalatio

2048 1208 2107 1261 in
2141 1208 2327 1262 nubes
2377 1209 2432 1262 et
2482 1223 2666 1277 aquas
2706 1206 2951 1277 cogitur.
2987 1205 3150 1261 Unde
3196 1220 3303 1258 suo
3351 1219 3587 1258 accessu
3639 1205 3694 1257 et

2051 1312 2280 1351 recessu
2330 1295 2416 1350 sol
2476 1295 2898 1350 contrariarum
2949 1293 3289 1366 passionum
3349 1308 3528 1347 causa
3582 1295 3690 1359 est,

2050 1386 2190 1442 dum
2223 1390 2491 1440 movetur
2518 1385 2673 1440 I66
2704 1384 2761 1438 in
2793 1383 3056 1439 Zodiaco.

2119 1477 2174 1528 9.
2209 1475 2299 1530 Fit
2327 1479 2521 1528 autem
2554 1473 2726 1529 etiam
2763 1472 3102 1544 quotidiana
3145 1471 3413 1543 quaedam
3463 1487 3530 1526 ex
3579 1469 3690 1526 hu-

2052 1579 2213 1619 more
2242 1563 2396 1618 circa
2423 1567 2641 1618 terram
2680 1562 2740 1616 in
2780 1577 3053 1634 vaporem
3085 1561 3367 1627 mutatio;
3403 1576 3528 1631 quae
3560 1559 3687 1631 ipsa

2051 1651 2224 1708 etiam
2275 1671 2308 1706 υ.
2356 1652 2696 1723 quotidiano
2737 1651 2878 1707 solis
2916 1667 3094 1722 super
3135 1653 3192 1704 et
3238 1650 3441 1704 subter
3469 1653 3686 1704 terram

2054 1746 2212 1797 motu
2244 1758 2416 1812 quem
2447 1757 2818 1796 communem
2851 1739 3026 1795 habet
3063 1755 3196 1795 cum
3225 1738 3405 1794 totius
3435 1737 3689 1794 universi

2050 1830 2444 1900 conversione,
2475 1830 2659 1885 sumit
2688 1829 2944 1884 initium.
2977 1829 3164 1901 Hujus
3206 1827 3487 1883 nimirum
3539 1844 3690 1900 quo-

2050 1919 2258 1974 tidiani
2289 1920 2521 1992 vaporis
2551 1936 2678 1991 quae
2708 1935 2844 1990 pars
2885 1917 3063 1973 altius
3093 1916 3300 1973 elevari
3331 1921 3564 1990 propter
3593 1933 3690 1973 ca-

2051 2008 2154 2063 lidi
2199 2008 2396 2080 ipsum
2430 2009 2778 2064 adducentis
2805 2007 3208 2062 infirmitatem
3259 2022 3373 2062 non
3420 2005 3689 2074 valuerit,

2052 2115 2121 2153 ea
2162 2115 2295 2154 cum
2329 2115 2508 2169 prope
2538 2103 2754 2153 terram
2786 2097 3125 2170 refrigerata
3153 2099 3326 2150 noctu
3358 2095 3530 2150 fuerit
3557 2096 3692 2167 (no-

2053 2192 2173 2244 otes
2201 2187 2355 2242 enim
2387 2186 2716 2259 frigidiores
2746 2190 2925 2254 sunt),
2958 2202 3149 2242 rorem
3181 2190 3240 2240 et
3270 2184 3542 2256 pruinam
3573 2184 3693 2240 efﬁ-

2053 2276 2149 2332 cit.
2186 2275 2455 2331 Pruinam
2489 2276 2748 2347 quidem,
2783 2293 2917 2331 cum
2961 2277 3200 2346 propter
3246 2274 3452 2345 ingens
3508 2272 3691 2343 frigus

2051 2382 2232 2437 vapor
2260 2364 2356 2420 ille
2385 2364 2831 2436 conglaciaverit
2856 2365 2937 2432 7°;
2985 2380 3175 2420 rorem
3205 2379 3358 2430 vero,
3393 2378 3524 2418 cum
3560 2378 3692 2433 pro-

2052 2459 2251 2526 pterea
2281 2454 2435 2526 quod
2469 2455 2774 2509 continens
2805 2470 2919 2508 non
2953 2453 3095 2508 adeo
3127 2451 3404 2524 frigidum
3448 2455 3554 2522 est,
3587 2467 3690 2506 va-

2052 2560 2158 2615 por
2205 2543 2262 2597 in
2303 2559 2516 2614 aquam
2557 2542 2839 2597 alteratus
2870 2541 3078 2607 fuerit;
3129 2540 3410 2595 nimirum
3458 2556 3564 2596 nec
3611 2540 3693 2596 ita

2051 2631 2367 2688 calefactus
2414 2637 2480 2686 ut
2525 2631 2930 2699 exsiccaretur,
2964 2645 3070 2685 nec
3110 2629 3192 2684 ita
3223 2629 3598 2702 refrigeratus
3628 2632 3693 2684 ut

2051 2721 2454 2792 conglaciaret.
2489 2720 2652 2776 Unde
2681 2719 2892 2792 pruina
2921 2719 3159 2791 quidem
3192 2718 3386 2774 hieme
3424 2722 3482 2773 et
3523 2717 3690 2791 frigi-

2050 2811 2141 2866 dis
2171 2811 2237 2864 fit
2272 2810 2333 2866 in
2365 2809 2506 2865 locis
2532 2828 2545 2878 ;
2579 2826 2674 2864 ros
2705 2813 2896 2864 autem
2928 2824 3062 2864 vere
3091 2808 3467 2880 potissimum
3497 2811 3556 2863 et
3584 2823 3688 2862 au-

2048 2903 2276 2966 tumno,
2310 2898 2487 2970 inque
2516 2898 2856 2970 temperatis
2895 2895 3058 2952 locis.
3091 2897 3277 2952 Ambo
3327 2900 3521 2952 autem
3567 2895 3690 2952 haec

2051 3005 2254 3045 sereno
2285 2992 2342 3043 et
2369 2986 2687 3059 tranquillo
2712 2985 2854 3042 ccelo
2880 2987 3047 3041 fiunt.
3071 2986 3267 3055 Neque
3296 2985 3452 3040 enim
3472 2985 3516 3020 ’³⁷
3547 2983 3688 3040 οωΙο

2051 3095 2165 3133 non
2207 3079 2521 3133 exsistente
2566 3092 2768 3132 sereno
2815 3091 2996 3147 vapor
3047 3074 3210 3130 evehi
3263 3077 3477 3145 potest.
3509 3072 3698 3129 Sicci-.

2049 3170 2166 3221 tate
2207 3167 2363 3221 enim
2413 3170 2470 3221 et
2513 3165 2796 3220 tenuitate
2825 3163 3129 3235 [corporis]
3163 3161 3513 3218 continentis
3541 3177 3688 3233 opus

2049 3260 2139 3311 est
2167 3256 2237 3310 ad
2262 3255 2641 3330 elevationem
2663 3253 2853 3325 ipsius
2875 3273 2888 3316 ς
2923 3253 3032 3307 hoc
3053 3255 3163 3320 est,
3189 3267 3261 3306 ne
3291 3251 3595 3306 continens
3618 3266 3688 3305 ex

2049 3344 2456 3400 decidentibus
2486 3342 2776 3398 imbribus
2805 3341 3115 3396 humidum
3157 3355 3540 3410 crassumque
3586 3339 3682 3394 sit.

290 3425 421 3481 Τότε
452 3426 555 3500 γὰρ
587 3429 622 3496 ἡ
655 3426 817 3500 ἀτμὶς
847 3427 1146 3504 ἀναχθῆναι
1206 3429 1268 3484 οὐ
1322 3415 1558 3488 δύναται.
1589 3428 1723 3486 Οότε
1753 3429 1799 3486 δ’

2050 3435 2195 3489 I67
2234 3435 2393 3488 Tunc
2424 3432 2583 3488 enim
2613 3447 2851 3487 sursum
2883 3429 3090 3486 adduci
3120 3446 3298 3500 vapor
3327 3445 3441 3483 non
3473 3431 3681 3499 potest.

295 3535 398 3587 μου
428 3510 586 3578 ὄντος
616 3515 901 3571 συνίσταιτ’
950 3516 1010 3571 ἂν
1041 3519 1075 3587 ἠ
1111 3518 1270 3590 ἀτμὶς
1303 3517 1441 3573 ὥστε
1470 3526 1702 3595 παγῆναι
1759 3520 1796 3589 ἢ
1857 3520 1933 3583 εἷς

289 3601 434 3679 ὕδωρ
499 3599 843 3677 μεταϐαλεῖν,
905 3603 1050 3661 ἀλλᾶ
1103 3604 1376 3661 σκίδναιτό
1430 3629 1489 3662 τε
1544 3609 1634 3662 καὶ
1691 3606 1933 3687 διαφθεί-

290 3713 460 3768 ροιτο.
509 3695 813 3769 Τεκμήριον
875 3690 932 3748 δὲ
989 3693 1122 3768 (καὶ)
1178 3700 1275 3750 τοῦ
1331 3696 1670 3761 συνίστασθαι
1723 3700 1824 3768 τήν
1877 3719 1936 3753 τε

289 3780 503 3858 πάχνην
535 3781 624 3836 xxii
654 3780 752 3850 τὴν
787 3779 979 3858 δρόσον
1026 3784 1104 3852 μὴ
1164 3783 1354 3860 πόρῥω
1411 3789 1512 3855 τῆς
1568 3793 1673 3860 γῆς
1725 3788 1788 3841 τὸ
1845 3787 1932 3842 ἐπὶ

285 3874 402 3931 τοῖς
464 3867 828 3946 ὑψηλοτέροις
886 3865 1030 3947 ὄρεσι
1093 3869 1390 3949 μηδετέραν
1447 3873 1622 3929 αὐτῶν
1679 3874 1930 3951 γίνεσθαι.

362 4049 410 4104 ι’.
444 4048 638 4124 Πάχνη
675 4048 772 4122 μὶν
804 4048 896 4103 οὗν
925 4049 1016 4103 xui
1067 4046 1261 4123 δρόσος
1315 4051 1370 4106 ’ἐν
1426 4058 1546 4115 τοῖς
1590 4053 1932 4130 πσοσγειοτέ-

290 4156 407 4212 ροις
453 4136 792 4192 συνίστανται
841 4137 1048 4200 τόποιςο
1085 4133 1292 4216 ὄμϐρος
1341 4138 1398 4195 δὲ
1440 4142 1529 4196 καὶ
1577 4142 1812 4218 χάλαζα,
1844 4145 1932 4198 καὶ

287 4227 447 4302 χιὼν,
497 4225 550 4281 ἐν
602 4231 719 4288 τοῖς
779 4226 1203 4304 ἀπογειοτέροις’
1256 4225 1377 4284 ἔνθα
1445 4233 1576 4304 μήθ’
1623 4233 1651 4286 6
1696 4232 1800 4308 ἀήρ
1853 4232 1936 4308 ῥεῖ

284 4314 374 4370 καὶ
406 4315 857 4393 συμπεριφέρεται
889 4321 966 4388 τῷ
1004 4315 1194 4390 κύκλῳ
1242 4319 1545 4393 κινουμένῳ
1594 4321 1826 4393 σώματι,
1857 4322 1933 4385 ὡς

287 4401 377 4460 διὰ
433 4405 534 4473 τήν
584 4403 842 4475 τοιαύτην
906 4404 1054 4481 ῥύσιν
1111 4404 1202 4461 xui
1249 4407 1461 4478 κίνησιν
1513 4410 1608 4472 τὰς
1660 4411 1934 4474 συστάσεις

289 4494 364 4565 μή
398 4491 635 4567 γίνεσθαι
664 4496 771 4547 τῶν
817 4497 1012 4571 νεφῶν,
1050 4495 1189 4567 μήτε
1243 4500 1350 4550 τῶν
1410 4495 1654 4566 ἡλιακῶν
1702 4498 1930 4554 ἀκτίνων

285 4582 341 4636 αἱ
392 4578 712 4643 ἀνακλάσεις
770 4581 832 4636 τὸ
891 4577 1100 4637 ἔντονον
1147 4578 1387 4658 ἔχουσιν,
1450 4583 1588 4640 ὥστε
1665 4587 1772 4658 μὴν
1835 4592 1932 4642 τοῦ

285 4669 442 4746 ἀέρος
503 4669 580 4732 εἰς
636 4668 769 4748 νέφη
831 4669 1057 4742 πίλησιν
1134 4670 1441 4736 κωλύεσθαι
1487 4678 1555 4747 τῇ
1614 4676 1928 4751 θερμότητι.

2042 3523 2240 3594 Neque
2270 3539 2402 3578 vero
2431 3525 2601 3577 vento
2632 3519 2943 3575 exsistente
2985 3519 3300 3573 consistere
3344 3519 3539 3588 potest
3585 3531 3682 3570 va-

2042 3629 2167 3684 por,
2199 3616 2264 3667 ut
2293 3609 2626 3683 conglaciet‘
2644 3616 2747 3665 aut
2776 3609 2831 3663 in
2869 3624 3081 3680 aquam
3113 3611 3394 3676 mutetur,
3429 3604 3528 3660 sed
3562 3603 3680 3659 dis-

2041 3702 2269 3774 sipatur
2310 3705 2366 3755 et
2407 3699 2821 3770 corrumpitur.
2856 3697 3142 3753 Indicium
3180 3699 3375 3752 autem
3417 3699 3507 3750 est
3553 3695 3682 3764 ejus

2042 3791 2196 3862 quod
2229 3794 2318 3846 est
2350 3790 2558 3861 pruina
2601 3793 2658 3844 et
2701 3805 2797 3843 ros
2828 3804 2939 3843 non
2976 3785 3174 3859 procul
3227 3803 3260 3840 a
3304 3789 3460 3840 terra
3491 3781 3679 3838 consi-

2043 3885 2219 3950 stant,
2243 3879 2381 3952 quia
2402 3882 2678 3934 neutrum
2701 3893 2902 3934 eorum
2932 3875 2992 3931 in
3015 3874 3360 3931 editioribus
3379 3871 3680 3928 montibus

2040 3973 2349 4041 generetur
2371 3969 2436 4022 ⁷⁸.

2114 4059 2200 4112 10.
2233 4059 2420 4121 Quare
2449 4055 2661 4126 pruina
2697 4055 2934 4127 quidem
2975 4058 3033 4109 et
3076 4069 3172 4108 ros
3224 4052 3284 4108 in
3329 4051 3472 4107 locis
3512 4054 3681 4106 terras

2039 4146 2442 4215 vicinioribus,
2475 4148 2532 4200 at
2573 4160 2709 4200 vero
2759 4143 2949 4199 imber
2995 4146 3053 4198 et
3103 4141 3324 4214 grando
3371 4143 3428 4195 et
3480 4138 3579 4193 nix
3619 4137 3680 4193 in

2041 4235 2184 4291 locis
2229 4252 2264 4290 a
2301 4239 2456 4290 terra
2487 4232 2898 4289 remotioribus
2927 4231 3259 4288 consistunt
3290 4246 3302 4285 :
3353 4228 3454 4284 ubi
3493 4241 3681 4298 neque

2042 4341 2141 4380 aer
2163 4324 2291 4378 fluit
2319 4329 2377 4378 et
2406 4339 2540 4379 cum
2564 4339 2802 4394 corpore
2828 4323 2983 4393 quod
3011 4319 3277 4377 circulari
3288 4323 3374 4372 ter
3394 4319 3676 4385 movetur,

2042 4412 2220 4468 simul
2252 4412 2621 4477 convertitur,
2657 4411 2738 4466 uti
2772 4415 3005 4483 propter
3034 4407 3321 4479 ejusmodi
3355 4406 3575 4460 ﬂuxum
3624 4409 3682 4459 et

2041 4506 2268 4556 motum
2300 4501 2548 4556 nubium
2579 4500 2978 4556 concretiones
3007 4515 3120 4552 non
3154 4497 3330 4562 fiant;
3364 4509 3552 4564 neque
3583 4509 3679 4547 ra-

2041 4588 2270 4642 diorum
2285 4587 2563 4642 solarium
2581 4586 2954 4642 refractiones
2965 4584 3280 4640 efﬁcaciam
3296 4598 3424 4638 eam
3444 4581 3676 4646 habent,

2041 4683 2106 4732 ut
2135 4676 2286 4732 aeris
2317 4677 2376 4730 in
2411 4677 2597 4731 nubes
2618 4675 3123 4746 conglobationem
3146 4689 3252 4728 suo
3283 4670 3471 4726 calore
3501 4670 3681 4740 impe-

286 4760 370 4814 Ἐν
403 4756 470 4827 δὴ
500 4763 618 4821 τοῖς
647 4757 918 4822 τοιούτοις
960 4759 1151 4822 τόποις
1195 4766 1312 4823 τοῖς
1354 4763 1478 4838 περὶ
1525 4763 1592 4817 τὰ
1634 4763 1766 4841 νέφη
1819 4787 1932 4820 συν-

2050 4765 2164 4821 dire
2187 4771 2419 4837 queant.
2446 4767 2508 4820 In
2534 4764 2821 4835 ejusmodi
2845 4761 3067 4818 scilicet
3092 4762 3234 4817 locis
3255 4760 3469 4831 quibus
3492 4759 3678 4814 nubes

291 4848 524 4904 ίστανται
586 4843 676 4902 διὰ
729 4846 883 4921 ψύξιν
953 4843 1182 4923 ὄμϐρος,
1239 4851 1378 4925 χιών
1435 4872 1494 4906 τε
1549 4851 1638 4907 καὶ
1693 4853 1928 4928 χάλαζα.

359 5028 444 5082 ια’.
490 5027 590 5082 Καὶ
630 5028 659 5082 6
709 5026 805 5100 μὲν
857 5019 1066 5102 ὄμϐρος
1115 5024 1204 5082 διὰ
1256 5028 1357 5098 τὴν
1411 5027 1577 5098 αὐτὴν
1633 5030 1806 5087 αἰτίαν
1861 5037 1931 5107 τῇ

282 5113 466 5192 δρόσῳ
492 5115 713 5192 γίνεται·
747 5117 784 5185 ἠ
815 5116 955 5192 χιὼν
985 5113 1043 5170 δὲ
1082 5113 1171 5172 διὰ
1196 5117 1297 5186 τὴν
1329 5117 1494 5186 αὐτὴν
1527 5118 1700 5174 αἰτίαν
1733 5125 1800 5195 τῇ
1829 5121 1932 5176 πά-

285 5225 412 5281 χνῃ.
446 5205 694 5284 Διαφέρει
727 5201 772 5259 δ’
801 5199 1012 5282 ὄμϐρος
1058 5206 1149 5260 καὶ
1193 5203 1409 5279 δρόσος,
1446 5209 1535 5263 καὶ
1577 5208 1742 5264 πάλιν
1788 5211 1928 5286 χιὼν

281 5294 372 5349 καὶ
403 5295 613 5370 πάχνη,
642 5298 722 5366 τῷ
755 5291 968 5367 μᾶλλον
999 5295 1088 5348 καὶ
1117 5297 1278 5364 ἧττον
1309 5296 1399 5350 καὶ
1430 5293 1626 5367 πλήθει
1666 5298 1756 5352 καὶ
1808 5299 1928 5355 ὀλι-

278 5383 494 5458 γότητι.
532 5384 588 5437 Ὀ
645 5382 869 5459 μὲνγὰρ
930 5377 1160 5458 ὄμϐρος,
1192 5381 1388 5446 πολύς·
1443 5383 1503 5438 ἐκ
1556 5384 1775 5456 πολλῆς
1827 5388 1928 5465 γὰρ

279 5469 508 5545 ἀτμίδος
556 5471 758 5548 γίνεται
815 5473 1157 5547 ψυχομένηςο
1208 5473 1296 5527 καὶ
1346 5475 1374 5527 ὁ
1419 5474 1587 5537 τόπος
1645 5475 1696 5546 ἐξ
1755 5476 1816 5530 οὗ
1872 5497 1930 5531 τε

279 5560 598 5640 ἀναφέρεται
645 5560 735 5616 καὶ
785 5560 861 5624 εἷς
914 5561 972 5617 ὃν
1015 5561 1339 5639 ἀθροίζεται,
1365 5561 1562 5626 πολύςο
1596 5564 1685 5618 καὶ
1717 5566 1744 5619 6
1797 5565 1928 5640 χρό-

276 5671 370 5712 νος
428 5649 480 5705 έν
535 5651 581 5723 ᾧ
625 5670 685 5704 τε
731 5649 1047 5729 ἀναφέρετοι
1104 5650 1194 5707 καί
1251 5651 1304 5707 ἦν
1361 5653 1408 5724 ᾧ
1464 5651 1696 5730 ψύχεται
1726 5652 1922 5717 πολύς.

2041 4854 2432 4920 continentur,
2456 4870 2558 4926 per
2585 4851 3084 4924 refrigerationem
3111 4856 3170 4905 et
3197 4849 3392 4922 pluvia
3412 4853 3469 4904 et
3497 4848 3594 4902 nix
3623 4851 3680 4903 et

2040 4945 2262 5017 grando
2295 4944 2645 4999 consistunt.

2113 5034 2199 5088 11.
2233 5034 2304 5088 Et
2351 5032 2550 5104 pluvia
2592 5031 2824 5104 quidem
2867 5033 3103 5102 prepter
3140 5028 3405 5084 eamdem
3437 5042 3676 5082 causam

2041 5127 2278 5194 prOpter
2297 5138 2472 5192 quam
2505 5137 2598 5176 ros
2620 5123 2966 5193 generatur;
3000 5118 3097 5172 nix
3124 5133 3258 5172 vero
3283 5121 3520 5189 propter
3539 5133 3679 5172 ean-

2041 5213 2173 5266 dem
2186 5227 2423 5266 causam
2439 5227 2615 5282 quam
2632 5215 2867 5280 propter
2883 5207 3171 5280 pruina“:
3189 5207 3468 5262 differunt
3479 5210 3675 5261 autem

2039 5300 2235 5372 pluvia
2265 5305 2322 5356 et
2350 5316 2465 5367 ros,
2498 5299 2754 5369 itemque
2785 5314 2990 5353 rursus
3023 5297 3120 5351 nix
3163 5301 3219 5352 et
3247 5294 3458 5368 pruina
3487 5295 3676 5350 inten-

2037 5389 2260 5444 tioneet
2273 5385 3284 5458 remissioneitemque,multitudine
3297 5385 3672 5457 etpaucitate.

2037 5478 2241 5532 Pluvia
2269 5477 2423 5532 enim
2457 5477 2691 5548 copiosa
2721 5475 2875 5531 I68
2909 5481 3035 5543 est;
3088 5492 3157 5531 ex
3197 5475 3432 5546 cOpioso
3461 5474 3677 5546 quippe

2034 5583 2247 5639 vapore
2287 5567 2630 5638 frigescente
2671 5571 3022 5638 generatur;
3071 5572 3128 5620 et
3172 5565 3336 5620 locus
3382 5563 3558 5620 etiam
3607 5579 3675 5619 ex

2035 5672 2150 5729 quo
2181 5656 2438 5713 elevatur
2474 5661 2530 5713 et
2572 5656 2632 5711 in
2678 5673 2853 5729 quem
2885 5659 3258 5714 coacervatur
3285 5653 3519 5730 amplu
3547 5657 3671 5720 est;

351 5867 396 5903 ⁷⁸
426 5867 454 5923 1
485 5866 722 5925 Meteor.
754 5882 804 5926 ο.
839 5866 923 5925 10.
1003 5867 1046 5904 ⁷⁷
1074 5866 1222 5926 Ibid.
1295 5869 1341 5905 ’⁷⁸
1370 5869 1518 5929 Ibid.
1598 5869 1643 5907 ⁷⁸
1670 5869 1822 5929 Ibid.
1864 5887 1917 5928 υ.
1957 5872 2045 5928 11.
