4024 6442
314 430 469 495 1147

1559 444 1980 509 NICEPHORI
2023 446 2461 509 BLEMMIDE

3552 449 3714 510 1148

313 569 455 641 quin
494 573 551 624 et
592 573 823 643 tempus
854 587 967 644 quo
995 572 1252 632 elevatur
1280 582 1336 633 et
1366 596 1480 651 quo
1513 580 1784 651 frigescit,
1815 580 1937 636 lon-

2077 580 2272 654 ολίγον
2323 577 2380 635 δὲ
2435 579 2524 635 καὶ
2573 579 2844 658 ἐφήμερον
2897 581 2932 649 ἡ
3005 575 3198 655 δρόσος
3257 578 3345 634 καὶ
3401 577 3451 653 ἐξ
3513 578 3710 658 ὀλίγου

316 673 455 729 gum
489 663 596 714 est.
636 660 745 714 Res
777 677 905 716 vero
936 663 1209 736 exiguum
1258 669 1398 738 quid
1447 675 1537 724 est
1583 669 1947 743 singulorum

314 747 565 818 dierum,
599 753 656 803 et
683 766 750 804 ex
777 750 901 806 loco
932 758 1022 808 est
1051 755 1274 827 exiguo,
1309 757 1675 832 celeremque
1705 776 1951 832 genera-

317 834 533 891 tionem
566 836 760 893 habet.

387 926 472 980 12.
508 927 1011 992 Quemadmodum
1052 938 1247 990 autem
1297 953 1390 991 ros
1439 938 1508 992 ad
1562 938 1837 1010 pluviam,
1872 940 1952 994 ita

317 1015 527 1086 pruina
557 1017 626 1071 ad
662 1018 848 1073 nivem
884 1037 1010 1075 sese
1041 1022 1232 1079 habet.
1267 1025 1372 1080 Nix
1409 1027 1562 1082 enim
1611 1029 1784 1084 nubis
1829 1030 1948 1099 jam

314 1104 690 1160 consistentis
721 1111 808 1161 est
837 1109 1196 1182 congelatio;
1231 1115 1460 1184 pruina,
1482 1117 1712 1188 vaporis
1741 1133 1948 1188 conge-

315 1191 472 1248 latio.
507 1193 760 1267 Utraque
793 1203 986 1253 autem
1021 1206 1256 1272 propter
1284 1220 1562 1276 magnum
1598 1206 1781 1278 frigus
1813 1223 1947 1260 con-

313 1280 542 1352 gelant;
572 1290 827 1357 suntque
851 1287 936 1342 vel
961 1288 1110 1344 horaa
1133 1291 1220 1347 vel
1243 1293 1497 1363 regionis
1517 1295 1737 1366 frigidae
1761 1295 1946 1365 signa.

313 1369 435 1424 Nisi
477 1372 631 1426 enim
678 1374 864 1446 frigus
912 1379 1246 1448 praevaleret
1273 1382 1337 1446 ⁸ο,
1384 1399 1572 1454 neque
1618 1401 1814 1454 vapor,
1849 1383 1948 1454 qui

314 1458 562 1515 calorem
614 1479 646 1516 a
695 1480 810 1534 quo
842 1464 1098 1523 elevatus
1137 1476 1225 1524 est
1277 1471 1332 1526 in
1385 1472 1576 1544 seipso
1617 1473 1812 1542 habet,
1847 1489 1949 1527 nec

314 1548 501 1604 nubes
553 1551 1000 1622 congelasceret,
1047 1573 1174 1627 quae
1221 1563 1277 1614 et
1333 1559 1461 1630 ipsa
1517 1566 1709 1615 tamen
1759 1561 1950 1616 adhuc

313 1635 564 1693 calorem
607 1639 783 1696 habet
835 1644 906 1697 ab
957 1660 1023 1699 eo
1069 1645 1385 1718 reliquum,
1417 1649 1517 1720 qui
1562 1666 1833 1722 vaporem
1881 1667 1949 1706 ex

314 1729 471 1780 terra
510 1729 774 1801 sustulit,
806 1747 874 1785 ex
921 1749 1036 1804 quo
1089 1736 1275 1791 nubes
1325 1743 1432 1792 est.
1464 1742 1712 1794 Prorsus
1755 1745 1947 1794 autem

315 1815 502 1870 nubes
543 1817 754 1874 caloris
795 1823 885 1876 est
924 1823 1234 1896 particeps.
1266 1825 1382 1881 Hoc
1438 1828 1594 1883 enim
1643 1829 1702 1882 ni
1756 1828 1837 1884 ita
1888 1843 1950 1883 se

313 1904 580 1978 haberet,
641 1925 755 1963 non
812 1917 1074 1968 maneret
1131 1931 1400 1983 sursum,
1458 1917 1557 1972 sed
1615 1921 1681 1972 ut
1739 1917 1951 1973 nebula

313 1993 588 2050 deorsum
635 1999 883 2054 caderet.

387 2084 472 2138 13.
507 2085 702 2141 Nubes
727 2087 963 2158 quidem
991 2090 1171 2163 igitur
1198 2097 1286 2150 est
1309 2100 1772 2151 crassamentum
1800 2096 1954 2167 vapi-

314 2172 455 2226 dum
506 2176 877 2233 convolutum
937 2197 1098 2252 aquae
1156 2185 1496 2256 generandae
1545 2185 1660 2240 vim
1708 2185 1950 2240 habens.

314 2260 537 2316 Nebula
585 2280 717 2320 vero
765 2267 974 2339 vapida
1021 2270 1312 2327 exhalatio
1358 2289 1524 2343 aqum
1578 2291 1951 2346 nequaquam

314 2350 587 2422 genitrix,
620 2370 750 2409 aere
779 2356 1014 2427 quidem
1048 2359 1301 2431 densior,
1336 2362 1488 2416 nube
1519 2367 1715 2418 autem
1747 2365 1950 2433 rarior,

315 2439 495 2510 ﬁtque
533 2440 619 2496 vel
672 2460 740 2498 ex
781 2446 954 2501 nubis
985 2449 1270 2521 principio
1303 2456 1651 2522 rarescente,
1683 2453 1836 2508 ’169
1865 2452 1952 2508 vel

314 2543 383 2582 ex
415 2527 697 2600 reliquiis.
730 2534 1074 2591 Adversaria
1119 2542 1312 2592 autem
1367 2539 1458 2594 his
1507 2545 1594 2594 est
1646 2540 1950 2606 serenitas,

316 2632 442 2687 quaa
475 2618 620 2674 nihil
661 2620 817 2678 aliud
870 2630 958 2680 est
1005 2642 1181 2697 quam
1222 2645 1320 2683 aer
1357 2629 1595 2684 nulibus
1625 2630 1954 2702 nebulaque

316 2721 419 2777 per
448 2709 646 2764 omnia
684 2727 920 2768 vacuus.

388 2796 474 2849 14.
510 2797 588 2852 Ex
619 2799 771 2856 nube
801 2807 996 2858 autem
1031 2805 1226 2876 pluvia
1263 2807 1328 2861 ﬁt
1379 2824 1481 2879 per
1519 2809 1952 2880 expressionem

317 2883 503 2955 ipsius
535 2903 883 2960 magnopere
914 2893 1250 2950 incrassatea
1279 2915 1292 2964 ;
1341 2901 1542 2969 totque
1597 2899 1953 2954 differentias

317 2970 514 3040 habet,
550 2982 690 3046 quot
723 2979 896 3036 nubis
927 2981 1102 3037 habet
1129 2987 1522 3056 compressio;
1574 2986 1788 3059 quippe
1830 3005 1952 3056 quas

318 3059 367 3114 si
418 3062 665 3120 remissa
709 3067 904 3135 fuerit,
937 3070 1161 3139 molles,
1197 3073 1286 3128 sin
1319 3074 1648 3142 vehemens,
1693 3077 1953 3148 grossio-

317 3165 410 3204 res
459 3151 656 3208 stirias
711 3155 1012 3230 dispergit.
1065 3163 1251 3232 Atque
1306 3162 1414 3218 hoc
1461 3164 1648 3220 imber
1694 3170 1953 3234 vocatur,

316 3244 579 3296 contorta
604 3242 810 3314 pluviae
837 3247 1135 3305 stillicidia
1154 3267 1287 3306 cum
1319 3254 1647 3323 majuscula
1674 3253 1803 3326 ipsa
1827 3260 1952 3310 tum

307 3327 439 3400 jugi
471 3333 671 3387 tenore
703 3332 761 3388 in
806 3340 1022 3392 terram
1055 3340 1339 3396 cadentia.
1502 3319 1716 3414 vapore
1759 3349 1950 3398 autem
1983 3319 2026 3386 (ἶ

315 3432 410 3472 ros
441 3425 771 3490 generatur.
807 3423 922 3480 Ros
953 3426 1106 3481 enim
1140 3432 1228 3482 est
1268 3429 1578 3486 humidum
1626 3430 1686 3486 in
1735 3432 1953 3487 sereni-

313 3509 432 3562 tate
461 3523 562 3578 per
598 3511 887 3568 munitam
919 3517 1341 3571 concretionem
1375 3519 1668 3574 decidens.

389 3595 474 3650 15.
520 3597 720 3653 Nivem
783 3617 952 3670 porro
1007 3604 1188 3659 efficit
1247 3606 1422 3662 nubis
1479 3609 1845 3665 condensatae
1902 3615 1959 3666 et

316 3684 627 3756 congelatas
677 3689 994 3756 suffriatio,
1046 3709 1172 3763 quae
1223 3695 1565 3768 priusquam
1625 3698 1682 3752 in
1742 3716 1954 3770 aquam

317 3777 596 3844 mutetur,
619 3782 864 3833 contusa
889 3779 966 3834 sit
989 3781 1055 3835 εί.
1082 3782 1149 3836 Et
1179 3785 1446 3840 contusio
1469 3786 1706 3857 quidem
1735 3805 1958 3858 spumas

319 3861 572 3932 speciem
604 3871 988 3940 exactumque
1019 3872 1352 3938 candorem,
1384 3875 1707 3946 congelatio
1738 3882 1958 3947 autem,

318 3948 584 4008 humoris
615 3953 715 4025 qui
745 3955 917 4022 inest,
949 3963 1006 4013 et
1041 3961 1301 4016 nondum
1336 3962 1502 4019 fusus
1531 3971 1639 4032 est,
1672 3982 1806 4020 cum
1855 3983 1960 4022 nec

319 4037 496 4095 etiam
526 4042 714 4099 nubes
750 4045 1028 4104 rarefacta
1057 4049 1156 4119 sit,
1189 4049 1438 4121 rigorem
1469 4053 1666 4109 efficit.
1700 4054 1861 4118 Quod
1912 4057 1958 4111 si

319 4143 452 4182 cum
511 4129 729 4203 impetu
779 4137 836 4188 et
879 4137 1183 4192 confertim
1241 4139 1338 4194 nix
1388 4141 1635 4208 decidat,
1689 4143 1961 4215 niphetos

320 4218 590 4292 [ningor]
640 4223 995 4279 nominatur.
1047 4227 1170 4290 Quo
1220 4229 1394 4284 modo
1441 4236 1636 4286 autem
1694 4248 1763 4287 ex
1809 4235 1963 4288 nube

320 4308 438 4376 nix,
471 4309 673 4366 eodem
723 4329 790 4367 ex
837 4329 1046 4384 vapore
1098 4316 1309 4386 pruina
1355 4325 1685 4390 generatur.
1718 4321 1830 4376 Sed
1873 4327 1964 4378 est

320 4396 495 4452 etiam
529 4397 750 4470 aliquid
783 4402 930 4456 roris
979 4408 1036 4458 et
1085 4405 1306 4475 pruina:
1338 4406 1773 4477 intermedium,
1807 4411 1961 4481 quod

319 4485 760 4559 drosopachnen
792 4491 1017 4562 dicunt,
1051 4495 1148 4564 qui
1181 4500 1272 4550 est
1314 4513 1410 4552 ros
1449 4497 1960 4570 semicongelatus,

321 4576 476 4629 110
508 4579 676 4647 quasi
719 4595 813 4634 ros
846 4580 1185 4650 pruinosus.

397 4665 480 4720 16.
513 4666 727 4722 Pluviaa
760 4670 1004 4740 proinde
1034 4673 1272 4743 quidem
1317 4674 1375 4728 in
1430 4674 1556 4731 loco
1604 4693 1639 4734 a
1680 4680 1836 4732 terra
1881 4693 1973 4732 re-
2001 4685 2047 4750 ι)

323 4754 566 4811 motiore
597 4758 991 4814 concrescenti
1031 4778 1126 4817 ros
1173 4762 1328 4818 circa
1368 4767 1609 4831 terram,
1641 4765 1757 4820 nivi
1807 4765 1966 4838 prui-

323 4859 398 4898 na
445 4847 636 4915 quoad
678 4847 1111 4918 proportionem
1145 4852 1477 4922 respondet.
1512 4860 1586 4909 At
1632 4871 1765 4910 vero
1812 4854 1966 4926 quod

322 4933 594 5004 grandini
623 4937 994 5006 respondeat,
1027 4939 1181 4993 circa
1210 4944 1427 4996 terram
1460 4943 1604 4997 nihil
1637 4948 1744 5000 est.
1775 4945 1969 5015 Neque

324 5021 480 5076 enim
509 5039 578 5078 ex
608 5025 762 5080 nube
791 5025 849 5080 in
882 5027 1228 5097 grandinem
1260 5029 1325 5084 ﬁt
1355 5032 1603 5087 mutatio
1625 5033 1691 5103 δε,
1715 5033 1816 5088 sed
1851 5033 1966 5104 pri-

321 5124 486 5164 mum
537 5112 602 5166 ﬁt
647 5111 866 5184 pluvia,
901 5119 957 5170 et
997 5121 1234 5188 propter
1277 5117 1714 5190 antiperistasin
1759 5137 1969 5194 conge-

321 5196 420 5254 lat.

395 5289 482 5343 17.
515 5289 617 5346 Est
645 5294 842 5346 autem
870 5293 1297 5365 autiperistasis
1338 5297 1539 5368 [quam
1571 5298 1670 5353 alii
1713 5304 1969 5355 coarcta-

323 5377 565 5448 tionem,
589 5378 688 5434 alii
719 5382 1214 5453 compressionem
1242 5386 1501 5458 undique
1523 5387 1966 5456 circumtusam,

325 5467 422 5523 alii
454 5471 730 5524 mutuum
763 5469 1070 5527 adversum
1105 5479 1378 5529 conatum
1410 5478 1638 5549 vocant]
1673 5483 1968 5533 transmu-

322 5559 466 5614 tatio
517 5563 576 5614 et
631 5559 900 5616 transitio
947 5562 1213 5633 quaedam
1267 5564 1338 5618 ab
1393 5566 1789 5623 ambientibus
1818 5567 1972 5623 circa

2059 672 2251 736 τόπου,
2282 671 2370 724 καὶ
2401 676 2595 746 ταχεῖα
2685 670 2891 746 γένεσις
2922 668 3106 725 αὐτοῦ.

2134 939 2222 1013 ιβ’.
2257 939 2344 999 Ὠς
2385 935 2442 992 δὲ
2618 935 2808 1014 δρόσος
2853 939 2990 1009 πρὸς
3039 931 3271 1012 ὄμϐρον,
3323 938 3465 992 οὕτω
3513 939 3705 1013 πάχνη

2059 1027 2195 1103 πρὸς
2226 1027 2407 1102 χιόνα.
2442 1029 2503 1082 Ἠ
2538 1029 2630 1098 μὲν
2656 1029 2756 1103 γάρ
2788 1027 2927 1102 χιὼν
2979 1026 3137 1097 πῆξίς
3190 1025 3299 1081 ἐστι
3349 1027 3538 1104 νέφους
3593 1025 3709 1096 ἤδη

2061 1121 2408 1178 συνεστῶτοςο
2462 1118 2495 1185 ἡ
2548 1114 2604 1171 δὲ
2650 1115 2830 1192 πάχνη
2879 1116 3037 1186 πῆξις
3099 1113 3348 1188 ἀτμίδος.
3396 1117 3494 1171 Καὶ
3543 1115 3715 1193 ἄμφω

2060 1203 2117 1260 δὲ
2165 1203 2253 1260 διὰ
2304 1207 2437 1282 μέγα
2482 1208 2776 1280 πήγνυνται
2825 1209 3024 1280 ψῦχοςο
3071 1203 3160 1258 καὶ
3217 1205 3420 1276 σημεῖά
3479 1204 3618 1260 ἐστιν
3676 1207 3713 1272 ἣ

2061 1293 2203 1369 ὥρας
2261 1292 2296 1363 ἤ
2355 1294 2541 1370 χώρας
2595 1297 2828 1368 ψυχρᾶς.
2888 1293 2951 1347 Εἰ
3015 1294 3090 1364 μη
3150 1295 3254 1368 γὰρ
3315 1293 3596 1369 ἐπεκράτει
3646 1297 3714 1350 τὸ

2059 1388 2257 1459 ψῦχος,
2309 1380 2420 1437 οὔτ’
2468 1383 2526 1436 ἂν
2576 1384 2609 1452 ἠ
2660 1383 2822 1454 ἀτμὶς
2869 1382 3155 1457 ἐπήγνυτο,
3203 1383 3265 1436 τὸ
3315 1382 3506 1458 ἀνάγον
3575 1383 3711 1438 ταύ-

2056 1493 2156 1540 την
2204 1472 2402 1544 θερμὸν
2441 1468 2643 1547 ἔχουσα
2673 1470 2723 1526 ἐν
2758 1472 2942 1544 ἑαυτῇ,
2975 1467 3086 1525 οὔτ’
3135 1470 3194 1525 ἂν
3241 1471 3306 1525 τὸ
3353 1471 3510 1549 νέφος
3581 1469 3718 1548 ἔχον

2059 1558 2137 1615 ἔτι
2166 1562 2255 1614 καὶ
2286 1560 2415 1614 αὐτὸ
2451 1559 2759 1635 θερμότητα
2801 1561 2902 1628 την
2955 1559 3366 1637 ὗπολειφθεῖσαν
3414 1568 3514 1630 τῆς
3577 1582 3715 1632 μετ-

2060 1649 2359 1724 εωρισάσης
2417 1648 2476 1703 ἐκ
2529 1652 2627 1717 τῆς
2687 1656 2788 1724 γῆς
2843 1650 2943 1717 τὴν
2999 1646 3219 1720 ἀτμίδα,
3253 1647 3304 1722 ἐξ
3362 1652 3427 1718 ἧς
3482 1647 3718 1723 ἀτμίδος

2057 1739 2119 1793 τὸ
2148 1739 2328 1816 νέφος.
2363 1738 2583 1800 Πάντως
2627 1734 2685 1791 δὲ
2740 1737 2802 1792 τὸ
2850 1735 3011 1813 κέφος
3075 1737 3294 1812 μετέχει
3350 1739 3714 1813 θερμότητος·

2061 1827 2127 1884 Εἰ
2178 1828 2254 1900 μή
2303 1831 2464 1882 τοῦτο
2516 1828 2639 1902 γὰρ,
2674 1825 2772 1880 ούκ
2813 1825 2870 1880 ἃν
2923 1823 3147 1899 ἔμιμνεν
3189 1825 3320 1898 ἅνω,
3353 1825 3496 1882 ἀλλὰ
3544 1827 3717 1882 καθά,

1986 1952 2034 2017 Β
2063 1937 2162 1993 περ
2193 1915 2406 1993 ὁμίχλη
2437 1914 2728 1970 κατέπιπτε
2759 1912 2924 1972 κάτω.

2136 2102 2220 2170 ιγ’.
2257 2095 2432 2172 Νέφος
2466 2094 2560 2167 μὲν
2593 2091 2684 2148 οὖν
2718 2093 2826 2148 ἐστι
2855 2095 3038 2168 πάχος
3082 2091 3331 2166 ἀτμῶδες
3381 2115 3721 2170 συνεστραμ-

2066 2187 2224 2258 μένον
2273 2184 2499 2260 γόνιμον
2545 2181 2758 2253 ὕδατος,
2812 2180 3027 2257 ὁμίχλη
3090 2179 3146 2236 δὲ
3207 2181 3470 2255 ἀτμώδης
3526 2185 3725 2238 ἀναθυ-

2066 2275 2250 2349 μίασις
2331 2275 2526 2350 ἄγονος
2593 2272 2805 2336 ὕδατος
2871 2274 3026 2349 ἀέρος
3107 2275 3200 2347 μὶν
3260 2275 3584 2346 πυκνοτέρα,
3632 2273 3720 2328 νέ-

2063 2387 2195 2444 φους
2256 2362 2302 2419 δ’
2358 2363 2665 2440 ἀραιοτέρα.
2727 2364 2932 2418 Γῖνεται
2993 2361 3050 2417 δὲ
3102 2361 3225 2432 ἤτοι
3285 2361 3336 2432 ἐξ
3396 2362 3721 2438 ἀραιώσεως

2064 2455 2244 2530 ἀρχῆς
2301 2453 2512 2531 νέφους,
2569 2451 2605 2522 ἤ
2664 2451 2714 2522 ἐξ
2776 2451 3210 2525 ὑπολείμματος.
3272 2449 3597 2512 Ἀντίπαλος
3658 2449 3722 2505 δὲ

2060 2543 2275 2605 τούτοις
2302 2544 2336 2613 ἡ
2371 2542 2570 2617 αἰθρία,
2608 2539 2774 2615 μηδὲν
2816 2538 2998 2614 ’έτερον
3044 2539 3174 2596 οὖσα
3304 2540 3406 2608 ἀὴο
3467 2541 3540 2600 ὡς
3602 2538 3720 2593 ἐπί-

2062 2655 2165 2688 παν
2195 2631 2449 2710 ἀνέφελος
2481 2632 2570 2686 καὶ
2601 2629 2936 2706 ἀνόμιχλος.

2136 2809 2220 2867 ιδ’.
2257 2813 2348 2866 Ἐκ
2384 2814 2477 2883 μὲν
2527 2809 2618 2864 οὖν
2673 2816 2771 2866 τοῦ
2829 2811 3020 2888 νέφους
3073 2808 3274 2885 γίνεται
3333 2803 3543 2883 ὄμϐρος
3595 2808 3717 2861 κατ’

2064 2899 2354 2972 ἐκπιεσμὸν
2407 2900 2588 2971 αὐτοῦ,
2648 2897 2704 2955 εὗ
2761 2898 2908 2972 μάλα
2965 2899 3376 2973 πεπαχυμένοιν
3430 2894 3720 2974 διαιφορςὶς

2064 2989 2111 3044 δ’
2171 2975 2312 3066 ἷδχει
2361 2988 2647 3055 τοσαύτας,
2709 2988 2834 3050 ὅσας
2886 2988 2975 3042 καὶ
3007 2988 3042 3057 ἡ
3101 2991 3196 3040 τοῦ
3253 2987 3447 3064 νέφους
3503 2984 3716 3058 θλίψις.

2065 3078 2225 3136 Ἥπία
2279 3079 2373 3150 μὲν
2416 3079 2520 3154 γὰρ
2589 3076 2741 3146 οὖσα,
2796 3075 3042 3150 μαλακὰς
3103 3072 3338 3149 ψεκάδας
3393 3073 3717 3148 διασπείρει,

2062 3165 2270 3246 σφοδρά
2345 3165 2420 3239 δὲ,
2480 3164 2712 3240 ψεκάδας
2793 3164 2977 3243 ἁδράς.
3040 3166 3137 3220 Καὶ
3215 3169 3377 3219 τοῦτο
3451 3161 3716 3233 κέκληται

2066 3257 2236 3324 ὑετὸς,
2288 3251 2500 3332 ὄμϐρου
2548 3255 2932 3329 συστρέμματα
2977 3253 3184 3330 μεγάλα
3227 3251 3315 3308 καί
3366 3260 3568 3328 συνεχῆ
3618 3273 3720 3330 φε-

2065 3346 2270 3421 ρόμενα
2298 3345 2385 3400 ἐπὶ
2418 3352 2544 3419 γῆς.
2580 3345 2670 3399 Ἐκ
2701 3341 2758 3399 δὲ
2805 3350 2905 3413 τῆς
2959 3340 3184 3416 ἀτμίδος
3238 3341 3440 3418 γίνεται
3499 3339 3714 3418 δρόσος.

2065 3435 2264 3511 Δρόσος
2293 3433 2393 3510 γάρ
2425 3433 2564 3488 ἐστιν
2621 3433 2782 3508 ὑγρὸν
2835 3432 2886 3487 ἐν
2940 3431 3119 3508 αἰθρίᾳ
3166 3431 3302 3486 κατὰ
3352 3428 3555 3500 λεπτὴν
3619 3452 3716 3507 φε-

2066 3519 2128 3599 ρό
2137 3545 2294 3596 μενον
2327 3521 2596 3579 σύστασιν.

2139 3614 2217 3669 ιε’.
2250 3611 2417 3667 Χιόνα
2473 3607 2530 3665 δὲ
2587 3615 2735 3665 ποιεῖ
2789 3609 2980 3688 νέφους
3037 3608 3458 3680 πεπυκνωμένου
3513 3628 3575 3663 τε
3623 3607 3714 3662 καὶ

2067 3697 2532 3774 συμπεπηγμένω
2599 3697 2946 3772 ἀπόθραυσις,
2999 3696 3357 3758 ἀνακοπέντος
3431 3696 3537 3772 πρὸ
3612 3703 3714 3765 τῆς

2068 3787 2145 3848 εἰς
2186 3784 2332 3862 ὕδωρ
2369 3781 2700 3860 μεταϐολῆς.
2738 3786 3046 3862 Ἐργάζεται
3103 3783 3162 3840 δὲ
3208 3787 3244 3855 ἠ
3299 3785 3392 3858 μὲν
3452 3786 3596 3853 κοπὴ
3654 3785 3720 3839 τὸ

2069 3873 2313 3954 ἀφρῶδες
2367 3875 2456 3930 καὶ
2513 3872 2788 3930 ἔκλευκοψ
2828 3876 2863 3945 ἠ
2913 3874 3185 3948 σύμπηξις
3243 3872 3300 3929 δὲ
3355 3879 3452 3930 τοῦ
3510 3873 3721 3936 ἐνόντος

2071 3965 2234 4040 ὑγροῦ
2290 3965 2390 4033 τὴν
2452 3964 2778 4040 ψυχρότητα
2835 3965 3004 4036 μήπω
3071 3964 3326 4039 χυθέντος
3410 3965 3550 4036 μήτε
3622 3967 3722 4018 τοῦ

2067 4055 2261 4129 νέφους
2293 4051 2660 4128 ἡραιωμένου.
2696 4049 2916 4130 Σφοδρὰ
2960 4050 3019 4107 δὲ
3064 4053 3153 4108 καὶ
3200 4051 3370 4126 ἀθρόα
3420 4072 3722 4128 καταφερο-

2075 4142 2208 4216 μένη
2243 4143 2383 4218 χιὼν
2417 4143 2629 4220 νιφετὸς
2661 4141 3007 4214 ὀνομάζεται.
3046 4143 3138 4196 Ὃν
3173 4138 3230 4196 δὲ
3274 4140 3478 4215 τρόπον
3526 4139 3586 4194 έκ
3626 4144 3724 4194 τοῦ

2069 4231 2262 4310 νέφους
2293 4232 2328 4300 ἠ
2361 4232 2523 4306 χιὼν,
2555 4231 2648 4284 τὸν
2698 4229 2857 4284 αὐτὸν
2911 4229 2971 4285 ἐκ
3020 4236 3124 4298 τῆς
3171 4227 3398 4302 ἀτμίδος
3427 4230 3461 4299 ἠ
3512 4228 3723 4305 πάχνη.

2072 4321 2222 4375 Ἐστι
2256 4317 2313 4374 δὲ
2338 4318 2428 4374 καί
2473 4341 2528 4374 τι
2582 4317 2776 4392 μεταξὺ
2824 4316 3021 4394 δρόσου
3065 4318 3152 4374 καὶ
3196 4317 3435 4393 πάχνης,
3468 4318 3498 4373 ’ὀ
3529 4315 3722 4392 δροσο-

2071 4410 2286 4485 πάχνην
2319 4407 2497 4485 φασὶν,
2531 4408 2788 4482 ἠμιπαγῆ
2823 4405 3014 4483 δρόσον
3046 4408 3437 4484 τυγχάνουσαν.

2153 4677 2238 4738 ις’.
2271 4679 2360 4747 Τῷ
2392 4676 2487 4748 μέν
2521 4673 2612 4730 οὖν
2646 4669 2844 4752 ὄμϐρῳ
2877 4673 2928 4729 ἐν
2976 4679 3056 4747 τῷ
3101 4673 3346 4750 ἀπογείῳ
3401 4675 3554 4748 τόπῳ
3605 4695 3728 4730 συν-

2082 4765 2418 4837 ισταμένῳή
2455 4760 2646 4840 δρόσος
2705 4761 2972 4838 ἀνάλογον
3019 4762 3070 4818 ἐν
3115 4768 3194 4836 τῷ
3240 4764 3364 4840 περὶ
3605 4767 3730 4839 γῆν,

2075 4857 2144 4928 τῇ
2179 4851 2236 4908 δὲ
2283 4853 2428 4929 χιόνι
2461 4854 2496 4922 ἠ
2529 4852 2739 4928 πάχνη.
2775 4851 2936 4908 Οὐδὲν
2973 4850 3032 4907 δὲ
3058 4853 3119 4908 τὸ
3164 4852 3463 4929 ἀναλογοῦν
3629 4873 3730 4929 χα-

2078 4940 2216 5016 λάζῃ
2271 4942 2473 5018 γίνεται
2522 4943 2647 5015 περὶ
2903 4949 3030 5030 γῆν.
3077 4939 3214 5030 (ξύδέ
3266 4944 3368 5018 γὰρ
3429 4941 3488 4996 ἐκ
3542 4944 3736 5030 νέφους

2079 5031 2154 5094 εἷς
2211 5030 2455 5106 χάλαζαν
2489 5033 2523 5101 ἡ
2581 5025 2883 5105 μεταϐολὴ,
2917 5029 3044 5086 ἀλλ’
3091 5027 3302 5108 ὄμϐρος
3346 5030 3549 5107 γίνεται
3579 5025 3734 5107 ’πρό-

2075 5140 2254 5197 τερον,
2286 5120 2376 5175 καὶ
2410 5117 2480 5175 δι’
2507 5119 2934 5196 ἀντιπερίστασιν
2965 5121 3259 5196 πήγνυται.

2155 5299 2236 5367 ιζ’.
2289 5296 2751 5375 ’Δντιπερίστασις
2810 5295 2868 5353 δέ
2924 5296 3035 5353 ἐστι
3096 5297 3412 5372 μετάστασις
3486 5298 3578 5353 καὶ
3648 5319 3741 5371 με-

2077 5387 2398 5462 ταχώρησις
2430 5386 2491 5442 ἐκ
2531 5392 2640 5442 τῶν
2682 5385 2872 5461 κύκλῳ
2923 5389 3186 5463 γινομένη
3243 5387 3366 5462 περὶ
3432 5387 3498 5442 τὸ
3560 5388 3742 5461 μέσον·

2079 5479 2194 5531 οἷον
2247 5475 2374 5531 ὅταν
2433 5476 2876 5552 περιωθούμενόν
2933 5498 2987 5531 τι
3047 5475 3150 5532 ὑπό
3189 5497 3362 5549 τινος,
3389 5475 3523 5532 αὐτὸ
3580 5474 3743 5532 πάλιν

2079 5566 2142 5620 τὸ
2170 5565 2438 5640 προσεχὲς
2473 5565 2681 5640 ὁμοίως
2715 5567 3102 5642 ἀντιπεριωθῇ,
3131 5564 3347 5620 κάκεῖνο
3403 5563 3470 5634 δὴ
3504 5566 3567 5619 τὸ
3618 5563 3744 5640 ἐχό-

391 5787 436 5824 ⁸⁰
468 5787 494 5844 1
526 5789 761 5844 Meteor.
794 5803 844 5844 c.
880 5787 967 5845 11.
1043 5786 1088 5824 ⁸¹
1122 5786 1298 5859 Ibid.,
1325 5787 1407 5846 De
1446 5789 1669 5846 mundo
1708 5806 1836 5864 cap.
1882 5792 1936 5846 4.
2011 5791 2058 5828 ⁸³
2091 5792 2120 5849 1
2150 5793 2384 5850 lateor.
2420 5807 2471 5847 c.
2507 5791 2595 5846 12.
