4024 6456
326 463 482 529 1149

1647 471 1992 534 ΕΡΙΤΟΜΕ
2033 471 2393 534 PHYSICA.

3557 465 3713 530 H50

329 619 484 672 μενον
541 599 630 654 καὶ
696 598 872 666 οὕτως
921 599 1132 678 γίνηται
1191 607 1296 657 τῶν
1364 602 1545 659 τόπων
1599 602 1912 680 ἀνταλλαγή

2077 608 2336 663 medium
2369 606 2550 673 facta;
2598 602 2843 676 exempli
2878 602 3082 677 gratia,
3113 601 3346 674 quando
3384 599 3605 674 aliquid
3637 600 3708 656 ab

323 687 599 743 κάντεῦθεν
648 695 752 744 τῶν
795 691 887 764 μὲν
936 691 1088 767 πέριξ
1141 691 1321 746 τόπων
1373 692 1680 767 ἀπόλειψις,
1726 694 1862 770 πρὸς
1908 692 1965 748 δὲ

321 777 412 833 τὸν
476 779 633 850 μέσον
695 781 993 850 συνώθησις
1045 782 1135 835 καὶ
1200 781 1506 844 συνέλευσις
1542 826 1553 838 .
1609 788 1776 837 Τοῦτο
1831 787 1961 857 γοῦν

323 867 431 921 ἔστι
475 869 579 940 (τὸ)
626 869 909 944 γινόμενον
967 870 1096 924 κάπὶ
1143 875 1240 926 τοῦ
1287 875 1490 947 θερμοῦ
1518 893 1575 927 τε
1616 873 1829 927 καὶτοῦ
1859 876 1960 946 ψυ-

323 961 481 1033 χροῦ.
540 960 700 1012 Ὅταν
756 959 860 1034 γὰρ
918 958 1179 1034 ἐπικρατῇ
1239 962 1302 1015 τὸ
1355 962 1592 1037 θερμὸν,
1652 961 1857 1016 ἀπωθεῖ
1901 962 1962 1016 τὸ

321 1046 623 1116 πλησιάζον
679 1047 825 1120 αὐτῷ
864 1053 960 1102 τοῦ
1007 1052 1242 1124 ψυχροῖν
1284 1052 1498 1105 κάκεῖνο
1556 1050 1718 1105 πάλιν
1777 1051 1957 1126 βιαζό-

325 1156 478 1208 μενον
547 1136 607 1190 τὸ
685 1137 936 1213 σύνεγγυς
994 1138 1243 1202 ἀπωθεῖ·
1302 1140 1390 1194 καὶ
1451 1144 1623 1200 οὕτως
1692 1139 1962 1212 ἀντιμεθι-

322 1226 583 1298 στάμενον
657 1227 720 1280 τὸ
794 1227 1004 1302 ψυχρὸν
1081 1227 1359 1304 συνάγεται
1413 1230 1502 1282 καὶ
1562 1228 1908 1306 συσφίγγεται
1940 1274 1958 1301 ,

318 1315 406 1368 καὶ
465 1312 900 1391 δυναμικώτερον
947 1313 1173 1391 γίνεκαι.
1221 1323 1390 1372 Τοῦτο
1440 1315 1496 1372 δὲ
1541 1316 1741 1393 πάσχει
1778 1319 1959 1373 καὶτὸ

320 1404 539 1479 θερμὸν,
599 1403 796 1459 ὁπόταν
846 1404 1107 1481 ἐπικρατῇ
1154 1406 1216 1462 τὸ
1264 1407 1473 1482 ψυχρόν
1503 1451 1515 1462 .
1566 1409 1657 1462 Διὸ
1702 1407 1791 1462 καὶ
1846 1428 1960 1483 χει-

322 1496 502 1565 μῶνος
561 1493 655 1566 μὲν
709 1494 1008 1569 θερμότερά
1064 1495 1163 1550 εἰσι
1219 1495 1287 1550 τά
1331 1496 1432 1550 ὑπὸ
1476 1497 1574 1564 τήν
1623 1503 1751 1572 γῆν,
1782 1496 1870 1552 καὶ
1902 1498 1957 1550 αἱ

315 1582 490 1656 πηγαὶ
538 1586 646 1636 τῶν
708 1581 913 1637 ὑδάτων
963 1582 1340 1658 θερμαίνονται
1376 1631 1388 1653 ,
1447 1584 1524 1646 εἷς
1586 1586 1748 1660 βάθος
1806 1585 1953 1639 ἀπω-

317 1670 586 1743 θουμένης
633 1677 734 1740 τῆς
785 1669 992 1746 θέρμης
1043 1672 1145 1726 ὑπὸ
1185 1679 1284 1741 τῆς
1331 1678 1427 1727 τοῦ
1473 1674 1822 1748 περιέχοντος
1854 1676 1953 1748 ψύ-

315 1759 464 1830 ξεως.
519 1760 604 1813 Ἐν
661 1756 719 1813 δὲ
771 1765 889 1822 ταῖς
946 1758 1130 1822 ἀλέαις
1188 1760 1435 1834 τοῦμπα)
1455 1783 1498 1815 ιν
1553 1763 1620 1816 τὰ
1665 1767 1957 1838 πηγημαῖα

315 1845 480 1903 ὕδατα
521 1847 774 1924 ψύχεται,
827 1850 1178 1926 ψυχροτέρων
1229 1849 1528 1926 γινομένων
1560 1855 1663 1906 τῶν
1722 1852 1823 1906 ὑπὸ
1851 1859 1952 1927 γῆν

313 1935 402 1993 διὰ
426 1939 523 2007 τήν
555 1945 657 2007 τῆς
684 1938 1050 2014 περιεχούσης
1090 1938 1427 2015 θερμότητος
1459 1939 1817 2014 ἐπικράτειαν.

2075 697 2270 768 aliquo
2304 697 2694 768 undequaque
2725 699 3086 766 protrusum,
3117 692 3374 747 vicissim
3402 691 3598 764 ipsum
3621 707 3712 747 ea-

2073 786 2205 840 dem
2236 785 2456 840 ratione
2510 785 2854 840 continuum
2887 781 3142 854 undique
3171 781 3449 837 adversus
3481 797 3542 836 se
3573 797 3709 852 pro-

2070 875 2274 940 trudit,
2332 877 2389 929 et
2441 875 2546 928 hoc
2604 874 2660 928 id
2695 873 2849 944 quod
2882 887 3244 942 consequens
3270 873 3396 936 est;
3445 870 3528 925 sic
3558 869 3707 925 loco-

2072 981 2203 1019 rum
2238 964 2302 1018 ﬁt
2334 963 2704 1035 permutatio,
2738 966 2794 1017 et
2823 961 3208 1016 ambientium
3241 959 3478 1031 quidem
3511 959 3706 1014 deser-

2070 1053 2171 1118 tio,
2218 1053 2290 1106 ad
2345 1053 2604 1108 medium
2652 1056 2844 1106 autem
2879 1049 3174 1105 contrusio
3220 1055 3278 1104 et
3316 1048 3507 1104 coitio.
3541 1049 3702 1112 Quod

2071 1140 2307 1211 quidem
2341 1141 2459 1196 ﬁeri
2494 1141 2639 1196 solet
2669 1145 2726 1195 et
2755 1139 2814 1194 in
2847 1139 3034 1195 calido
3091 1143 3149 1193 et
3179 1139 3238 1193 in
3289 1137 3522 1210 frigido.
3558 1137 3700 1191 Cum

2069 1231 2222 1284 enim
2256 1230 2590 1284 dominatur
2609 1227 3160 1299 calidum,propellit
3189 1225 3472 1298 quidquid
3509 1225 3702 1296 frigidi

2071 1318 2181 1374 sibi
2236 1319 2491 1373 vicinum
2523 1322 2610 1372 est
2639 1335 2650 1372 :
2685 1321 2742 1372 et
2793 1317 2902 1372 hoc
2930 1315 3188 1372 vicissim
3233 1317 3369 1371 dum
3400 1315 3516 1368 vim
3552 1315 3698 1386 pati-

2069 1412 2182 1475 tur,
2203 1408 2594 1480 propinquum
2627 1405 2852 1478 repellit
2884 1423 2897 1461 :
2930 1405 3204 1476 atqueita
3234 1404 3510 1476 frigidum
3557 1405 3700 1458 dum

2067 1498 2358 1554 contraria
2377 1497 2719 1553 obsistentia
2739 1495 3166 1566 habet,cogi'tur
3181 1498 3238 1549 et
3257 1492 3696 1565 constringitur.

2069 1588 2481 1659 potentiusque
2537 1585 2806 1640 efﬁcitur.
2866 1585 3028 1649 Quod
3077 1583 3232 1638 idem
3284 1581 3458 1637 etiam
3491 1581 3701 1637 accidit

2066 1679 2212 1731 171
2251 1676 2458 1743 calido,
2489 1692 2623 1731 cum
2678 1674 2950 1746 frigidum
3013 1672 3367 1728 dominatur.
3402 1671 3698 1743 Quaprop-

2066 1769 2152 1820 ter
2173 1766 2348 1822 etiam
2379 1765 2424 1800 ⁸⁸
2451 1765 2659 1837 hyeme
2689 1765 3071 1820 subterranea
3099 1761 3225 1817 loca
3253 1761 3530 1816 calidiora
3559 1763 3701 1816 sunt

2064 1859 2122 1910 et
2171 1854 2356 1909 lontes
2406 1870 2691 1925 aquarum
2737 1851 3031 1922 caleﬁunt,
3065 1851 3203 1923 quia
3241 1849 3398 1905 calor
3451 1849 3511 1903 in
3542 1849 3696 1904 inte-

2064 1943 2216 2000 riora
2243 1961 2277 1998 a
2318 1943 2672 2000 continentis
2707 1941 3003 2014 [corporis]
3063 1939 3497 2012 refrigeratione
3535 1953 3697 1993 com-

313 2028 570 2100 pellitur.
602 2028 817 2084 Contra
846 2033 1040 2085 autem
1072 2029 1446 2087 calidioribus
1477 2031 1924 2104 tempestatibus
1955 2049 2117 2104 aqua;
2149 2033 2396 2088 fontanae
2428 2032 2766 2105 frigescunt,
2792 2032 2932 2086 dum
2965 2030 3343 2085 subterranea
3370 2027 3496 2083 loca
3524 2043 3697 2100 prop-

313 2122 397 2174 ter
430 2117 745 2174 ambientis
776 2117 986 2174 caloris
1015 2120 1340 2174 dominium
1375 2120 1674 2193 frigidiora
1703 2121 2057 2176 efﬁciuntur.

380 2206 471 2276 ιη’.
520 2209 688 2260 Τοῦτο
739 2210 865 2282 γοῦν
919 2201 1260 2277 ὑποϐηπτέον
1311 2209 1406 2262 κάν
1455 2213 1535 2280 τῷ
1582 2206 1690 2262 ἅνω
1748 2208 1945 2282 γίνεται

2135 2213 2217 2266 18.
2251 2211 2369 2267 Ηοο
2401 2211 2622 2267 scilicet
2655 2211 2831 2266 etiam
2858 2210 2917 2264 in
2946 2209 3244 2281 superiore
3271 2207 3394 2264 loco
3427 2207 3548 2262 ﬁeri
3579 2206 3695 2262 exi-

305 2293 476 2368 τόπῳ.
535 2297 694 2349 Ὅταν
743 2297 848 2371 γὰρ
905 2297 966 2350 τὸ
1023 2296 1278 2372 περιέχον
1332 2298 1550 2373 ὑπάρχῃ
1579 2299 1799 2372 θερμὸν,
1829 2297 1952 2352 τότε

305 2383 367 2437 τὸ
418 2386 627 2460 ψυχρον
676 2384 739 2438 τὸ
781 2383 830 2438 ἐν
885 2390 1002 2445 τοῖς
1058 2384 1235 2462 νέφεσι
1293 2385 1704 2462 κατισχόμενον,
1739 2387 1950 2442 ἀντιπε-

311 2472 651 2548 ριῖστάμενον
693 2469 881 2543 ἔξωθεν
932 2470 1037 2530 ἔσω
1084 2474 1221 2550 πρὸς
1276 2476 1436 2550 βάθος
1483 2473 1570 2530 διὰ
1611 2476 1708 2543 τήν
1763 2474 1952 2548 κύκλῳ

305 2559 653 2637 θερμότητα,
710 2563 798 2616 ὁτὲ
858 2565 949 2636 μὲν
1007 2563 1220 2638 ταχέως
1279 2562 1424 2639 ὕδωρ
1485 2563 1542 2618 ἐκ
1594 2569 1691 2618 τοῦ
1762 2566 1949 2642 νέφους

303 2654 470 2704 ποιεῖ·
504 2647 587 2704 διὸ
629 2650 718 2704 καὶ
766 2651 820 2704 αἱ
865 2649 1089 2724 ψεκάδες
1141 2651 1191 2706 ἐν
1235 2658 1354 2714 ταῖς
1401 2651 1666 2715 ἀλεειναῖς
1717 2654 1950 2727 ἡμέραις

307 2738 546 2811 μείζους,
607 2738 695 2794 καὶ
755 2739 897 2794 ὑετοὶ
954 2736 1149 2818 λάϐροι
1209 2741 1298 2796 καὶ
1359 2741 1684 2818 ἐπειγμένοι,
1747 2740 1835 2796 διὰ
1887 2742 1950 2796 τὸ

301 2827 496 2902 ἀθρόον
523 2836 623 2898 τῆς
678 2827 1008 2901 μεταϐολῆς.
1060 2833 1220 2885 Ὅταν
1266 2828 1314 2884 δ’
1353 2829 1428 2884 ἔτι
1484 2829 1694 2904 μᾶλλον
1737 2832 1949 2886 ἀντιπε-

301 2921 456 2992 ριστῇ
491 2917 639 2979 ἐντὸς
687 2918 750 2972 τὸ
796 2920 1029 2995 ψυχρὸν,
1071 2920 1147 2981 ὡς
1195 2919 1384 2975 πλεῖον
1429 2921 1479 2974 ὲν
1511 2925 1588 2993 τῷ
1623 2922 1766 2995 βάθει
1795 2922 1949 2995 γενέ-

300 3017 442 3078 σθαι,
478 3006 932 3078 συνελαυνόμενον
986 3008 1063 3070 εἷς
1111 3013 1270 3063 τοῦτο
1323 3009 1425 3063 ὑπὸ
1476 3016 1574 3078 τῆς
1620 3007 1720 3079 ἔξω
1757 3009 1950 3086 θερμό·

297 3114 485 3163 τητος,
539 3096 652 3168 ἅμα
691 3116 749 3149 τε
795 3097 894 3163 τήν
949 3095 1025 3158 εἰς
1079 3094 1224 3172 ὕδωρ
1279 3092 1586 3170 μεταϐολὴν
1630 3103 1727 3152 τοῦ
1756 3095 1947 3176 νέφους

301 3181 544 3254 ἐποίησε,
594 3183 683 3238 καὶ
738 3183 890 3246 εὐθὺς
945 3189 1025 3257 τῷ
1069 3186 1333 3260 γενέσθαι,
1381 3187 1444 3240 τὸ
1473 3184 1617 3258 ὕδωρ
1667 3184 1828 3260 ἔπηξε
1857 3187 1946 3242 καὶ

298 3269 587 3327 ἀπετέλεσε
613 3271 880 3348 χάλαζαν.

2065 2302 2423 2356 stimandum
2455 2306 2563 2356 est.
2593 2302 2740 2356 Cum
2807 2301 2959 2356 enim
3020 2299 3322 2354 continens
3355 2297 3528 2352 fuerit
3557 2295 3696 2351 cali-

2062 2392 2224 2456 dum,
2274 2396 2398 2446 tum
2451 2391 2726 2462 frigidum
2758 2389 2912 2461 quod
2952 2389 3012 2442 in
3059 2387 3317 2442 nubibus
3372 2390 3699 2442 coarctatur

2060 2485 2118 2535 et
2148 2497 2250 2552 per
2273 2480 2707 2552 antiperistasin
2735 2479 3094 2534 extrinsecus
3125 2477 3336 2531 factam
3374 2474 3694 2530 introrsum

2061 2570 2287 2641 cogitur
2335 2569 2404 2623 ad
2477 2569 2930 2640 profunditatem
2997 2565 3419 2621 circumdantis
3488 2563 3695 2619 caloris

2059 2659 2266 2729 gratia,
2317 2659 2608 2713 interdum
2641 2675 2709 2712 ex
2766 2657 2920 2711 nube
2977 2671 3186 2727 aquam
3215 2652 3474 2709 celeriter
3517 2653 3694 2709 efficit

2061 2749 2240 2821 (unde
2284 2748 2458 2803 etiam
2515 2751 2750 2820 propter
2804 2746 3120 2800 confertam
3152 2748 3210 2799 et
3237 2742 3531 2815 00piosam
3565 2758 3693 2796 mu-

2059 2838 2336 2893 tationem
2371 2837 2576 2892 diebus
2605 2835 2809 2890 calidis
2831 2833 2996 2889 stillae
3023 2832 3361 2904 grandiores
3391 2836 3448 2887 et
3477 2831 3694 2887 imbres

2058 2925 2368 2997 impetuosi
2401 2931 2457 2980 et
2503 2924 2792 2996 properati
2853 2922 3234 2994 exoriuntur).
3295 2921 3438 2976 Cum
3497 2925 3692 2976 autem

2059 3015 2246 3087 magis
2278 3015 2596 3069 introrsum
2646 3013 2820 3068 fuerit
2849 3011 3124 3082 frigidum
3156 3016 3422 3066 coactum
3454 3025 3561 3081 per
3591 3027 3692 3064 an-

2055 3103 2438 3174 tiperistasin,
2482 3107 2547 3157 ut
2601 3101 2658 3156 in
2693 3101 3146 3174 profunditatem
3188 3099 3376 3170 magis
3424 3097 3690 3168 resideat,

2056 3193 2126 3248 ad
2159 3209 2288 3248 eam
2321 3191 2601 3247 nimirum
2634 3191 2706 3246 ab
2764 3189 3041 3246 exteriore
3079 3189 3268 3244 calore
3297 3187 3690 3259 compulsum,

2055 3286 2182 3337 tum
2214 3280 2392 3336 simul
2414 3285 2471 3335 et
2501 3279 2676 3335 nubis
2698 3278 3078 3334 mutationem
3103 3277 3161 3331 in
3194 3293 3405 3348 aquam
3437 3276 3607 3342 fecit;
3636 3279 3692 3331 et

2054 3369 2231 3426 simul
2263 3386 2329 3425 ac
2358 3386 2426 3425 ea
2456 3369 2607 3430 facta
2635 3371 2742 3439 est,
2774 3383 2988 3440 aquam
3019 3365 3079 3421 in
3110 3365 3354 3439 glaciem
3387 3364 3688 3434 cenvertit,

2052 3463 2110 3514 et
2139 3458 2479 3531 grandinem
2511 3457 2716 3514 effecit.

373 3539 454 3595 ιθ’.
515 3535 812 3612 Συμόαίνει
873 3537 931 3595 δὲ
972 3545 1153 3614 τοῦτο,
1214 3541 1338 3596 ὅταν
1387 3543 1604 3618 ὑπάρχῃ
1652 3542 1855 3607 θάττων
1905 3545 1940 3612 ἡ

376 3627 396 3648 ι
572 3625 724 3648 ..ραις
946 3628 1450 3648 ,«.ςςε,
1704 3631 1915 3648 .,..

2127 3549 2211 3602 19.
2245 3547 2470 3602 Accidit
2498 3551 2692 3602 autem
2723 3546 2832 3602 hoc
2881 3545 3036 3602 I72
3085 3561 3218 3600 cum
3249 3542 3488 3599 celerior
3519 3543 3691 3598 fuerit

292 3627 452 3699 πῆξις
506 3631 604 3682 τοῦ
661 3625 877 3699 ὕδατος,
937 3629 973 3698 ἢ
1031 3633 1066 3699 ἡ
1127 3628 1214 3684 ἐπὶ
1272 3631 1340 3686 τὰ
1389 3631 1536 3686 κάτω
1589 3632 1728 3709 φορά
1756 3631 1938 3686 αὐτοῦ·

297 3711 412 3769 ἐπεὶ
457 3716 560 3792 γὰρ
610 3714 644 3784 ἤ
693 3736 752 3772 τε
793 3719 1074 3796 καταφορὰ
1118 3723 1216 3773 τοῦ
1264 3717 1457 3782 ὕδατος
1502 3720 1552 3774 ἐν
1583 3721 1769 3796 χρόνῳ
1798 3721 1940 3796 γίνε-

293 3804 445 3872 ταιῆ
490 3825 549 3858 τε
593 3805 753 3875 πῆξις
805 3804 856 3860 ἐν
907 3806 1115 3882 χρόνῳ,
1165 3807 1289 3862 ὅταν
1339 3807 1583 3864 ἐλάττονι
1628 3810 1811 3885 χρόνῳ
1845 3815 1940 3865 τοῦ

292 3898 392 3961 τῆς
423 3899 728 3970 καταφορᾶς
768 3896 804 3963 ἡ
852 3895 1014 3965 πῆξις
1060 3893 1305 3970 γένηται,
1347 3899 1615 3972 πήγνυται
1660 3898 1724 3952 τὸ
1770 3895 1938 3972 ὕδωρ,

294 3977 371 4034 ἔτι
402 3979 462 4035 ὃν
497 3981 605 4035 ἄνω
635 3980 687 4036 ἐν
714 3986 794 4053 τῷ
821 3981 976 4054 τόπῳ
1004 3987 1102 4038 τοῦ
1132 3985 1344 4063 νέφους.

361 4071 426 4124 κ’.
460 4071 608 4142 ’Ὀσῳ
639 4067 686 4153 δέ
717 4069 776 4124 ἂν
821 4069 1111 4146 ἐγγὺτερον
1163 4080 1266 4142 τῆς
1313 4076 1414 4150 γῆς
1465 4075 1521 4128 αἱ
1567 4080 1810 4130 τοιαῦται
1850 4078 1940 4153 γί-

291 4177 469 4212 νοιντο
517 4152 854 4231 μεταϐολαὶ,
900 4158 1144 4233 τοσούτῳ
1191 4161 1281 4215 καὶ
1328 4163 1657 4239 ἀθροώτεραι
1704 4161 1792 4218 διὰ
1835 4152 1935 4232 τὴν

288 4250 386 4299 τοῦ
431 4246 602 4301 τόπου
653 4247 982 4324 θερμότητα,
1040 4249 1130 4302 καὶ
1177 4248 1321 4304 πολὺ
1357 4251 1576 4324 μείζους
1626 4254 1678 4306 αἱ
1709 4250 1936 4326 ψεκάδες

289 4334 378 4388 καὶ
435 4336 504 4390 τὰ
559 4331 725 4390 ὕδατα
783 4331 1108 4413 λαϐρότερα,
1162 4338 1250 4393 καὶ
1283 4340 1337 4393 αἱ
1384 4338 1621 4415 χάλαζαι
1667 4341 1932 4417 μέγισται,

288 4422 377 4478 καὶ
410 4422 472 4478 οὗ
502 4423 836 4500 στρογγύλαι
865 4426 929 4480 τὸ
960 4433 1156 4500 σχῆμα
1209 4424 1298 4482 διὰ
1343 4429 1405 4482 τὸ
1442 4429 1648 4504 βραχὺν
1686 4432 1933 4508 φέρεσθαι

286 4511 453 4567 τόπον
485 4515 576 4568 καὶ
611 4515 687 4586 μή
720 4514 818 4576 τὰς
848 4514 1022 4569 αὑτῶν
1055 4514 1248 4591 ἐξοχὰς
1280 4516 1330 4572 ἐν
1363 4522 1442 4589 τῷ
1471 4516 1668 4591 πολλῷ
1713 4517 1932 4590 διαστή-

292 4622 417 4674 ματι
450 4602 863 4678 περιθραύεσθαι
891 4607 991 4672 τῆς
1022 4611 1352 4684 καταφορᾶς,
1385 4605 1516 4684 ὅπερ
1545 4607 1845 4684 πάσχουσιν
1879 4611 1934 4664 αἱ

286 4689 577 4767 φερόμεναι
609 4689 911 4767 πόρρωθεν.

353 4779 488 4842 καθ’.
540 4778 614 4834 Οὐ
661 4779 856 4835 πυκναὶ
905 4778 964 4836 δὲ
991 4781 1278 4838 πίπτουσιν
1328 4785 1382 4838 αἱ
1416 4784 1647 4862 μεγάλαι
1685 4785 1930 4861 ψεκάδες,

285 4862 374 4920 διά
400 4887 460 4922 τε
486 4867 550 4922 τὸ
599 4867 763 4944 ἐγγὺς
807 4867 1046 4946 γίνεσθαι
1091 4873 1189 4940 τήν
1234 4871 1440 4928 τούτων
1477 4869 1808 4949 μεταϐολὴν,
1842 4879 1931 4932 καὶ

283 4956 499 5032 φθάνειν
545 4955 639 5019 τὰς
687 4957 907 5034 πρώτας
961 4960 1348 5039 καταφέρεσθαι
1393 4963 1500 5038 πρὸ
1545 4971 1648 5034 τῆς
1692 4969 1800 5019 τῶν
1833 4965 1930 5020 ἆλ-
1963 4951 2008 5015 D

283 5041 395 5099 λων
447 5044 727 5120 γενέσεως,
777 5046 866 5102 καὶ
907 5044 996 5102 διὰ
1039 5050 1102 5104 τὸ
1157 5051 1232 5123 μὴ
1265 5049 1586 5125 διαιρεῖσθαι
1636 5052 1830 5115 ταύτας
1879 5054 1930 5109 ἐν

283 5133 394 5206 (τῇ)
452 5139 750 5214 καταφορᾷ·
809 5137 986 5198 καθὼς
1042 5139 1098 5192 αἱ
1144 5138 1234 5218 ἀφ’
1281 5138 1448 5215 ὕψους
1487 5141 1778 5218 φερόμεναι
1811 5141 1932 5198 δια-

277 5221 567 5295 τέμνονται
617 5223 706 5278 καὶ
756 5220 1158 5301 διαμερίζονται
1204 5231 1273 5302 τῇ
1335 5234 1513 5305 μακρᾷ
1557 5227 1790 5304 καθόδῳ,
1840 5231 1926 5286 κα)

280 5311 710 5387 σμικρυνόμεναι
737 5319 1080 5372 πυκνοῦνται.

348 5400 452 5476 κβ’.
528 5400 769 5456 Γίνονται
841 5399 898 5457 δὲ
977 5405 1032 5457 αἱ
1102 5403 1342 5480 χάλαζαι
1410 5404 1568 5484 ἓαρος
1651 5408 1744 5482 μὲν
1831 5410 1930 5483 μά-

277 5485 435 5544 λιστα
491 5490 581 5545 καὶ
630 5492 974 5566 μετοπώρου·
1019 5500 1119 5562 τῆς
1169 5491 1214 5548 δ’
1254 5495 1481 5572 ’ὀπώρας
1535 5496 1807 5572 ὀλιγάκις,
1847 5496 1925 5555 ἔτι

277 5573 327 5630 δ’
385 5576 469 5632 ἐπ’
525 5576 747 5635 ἔλαττον
804 5585 900 5634 τοῦ
956 5587 1270 5657 χειμῶνος,
1333 5583 1420 5639 καί
1477 5585 1600 5640 τότε
1657 5586 1779 5642 ὅταν
1838 5591 1927 5658 ἤτ-

345 5794 391 5832 ⁸³
424 5795 450 5851 1
480 5796 714 5852 Meteor.
747 5811 799 5853 ο.
838 5799 921 5853 12.
997 5797 1044 5835 ⁸⁴
1070 5797 1216 5856 Ibid.
1292 5800 1338 5836 ⁸⁵
1367 5799 1514 5860 Ibid.

2055 3654 2218 3708 aqua
2276 3635 2595 3709 congelatio
2647 3651 2822 3706 quam
2855 3635 3118 3706 ejusdem
3151 3634 3422 3688 deorsum
3454 3630 3687 3687 delatio.

2053 3726 2335 3792 Quoniam
2369 3724 2520 3781 enim
2554 3728 2611 3779 et
2639 3741 2804 3796 aqua
2861 3722 3074 3778 delatio
3106 3723 3165 3777 in
3196 3727 3455 3792 tempore
3510 3721 3576 3787 ⁵⁸,
3633 3725 3691 3775 et

2052 3814 2372 3884 congelatio
2403 3814 2540 3869 item
2589 3814 2648 3868 in
2681 3817 2940 3885 tempore
2963 3812 3062 3878 fit;
3096 3827 3228 3866 cum
3277 3809 3451 3866 citius
3509 3827 3687 3881 quam

2051 3904 2346 3958 deferatur
2375 3903 2439 3956 fit
2469 3901 2810 3974 congelatio,
2857 3900 3180 3972 conglaciat
3225 3916 3376 3970 aqua
3406 3898 3596 3954 adhuc
3628 3898 3688 3953 in

2049 3991 2347 4063 superiore
2377 3996 2537 4062 parte
2570 3990 2744 4045 nubis
2775 3990 3048 4045 existens.

2117 4081 2206 4134 20.
2241 4082 2466 4146 Quanto
2493 4079 2733 4152 propius
2764 4083 2958 4134 autem
2989 4083 3202 4134 terram
3235 4077 3520 4148 ejusmodi
3554 4092 3687 4132 mu-

2048 4169 2298 4224 tationes
2329 4169 2696 4241 contigerint,
2727 4173 2889 4224 tanto
2919 4168 3094 4223 etiam
3127 4171 3363 4240 pr0pter
3384 4165 3495 4222 loci
3533 4164 3684 4221 calo-

2048 4273 2171 4312 rem
2230 4257 2582 4328 copiosiores
2639 4259 2796 4324 sunt,
2830 4260 2887 4311 et
2934 4255 3119 4310 multo
3151 4256 3400 4324 majores
3431 4251 3597 4308 stillae
3629 4255 3685 4306 et

2047 4362 2206 4415 aqua:
2238 4345 2704 4416 impetuosiores,
2738 4349 2794 4400 et
2822 4345 3136 4417 grandines
3167 4341 3454 4409 maximae,
3488 4357 3592 4396 nec
3621 4341 3684 4395 ﬁ-

2045 4449 2192 4506 gura
2221 4436 2519 4501 rotunda;
2553 4435 2692 4506 quia
2731 4450 2834 4505 per
2869 4434 3040 4488 breve
3089 4433 3356 4486 feruntur
3401 4429 3678 4501 spatium,

2045 4540 2151 4578 nec
2182 4539 2381 4578 earum
2413 4524 2806 4579 extremitates
2837 4521 3008 4594 longo
3038 4519 3348 4576 delationis
3380 4517 3680 4574 intervallo

2045 4611 2102 4666 in
2130 4611 2375 4667 circuitu
2409 4613 2777 4684 franguntur,
2806 4611 2956 4682 quod
2992 4609 3107 4664 illis
3141 4607 3352 4663 accidit
3379 4623 3505 4679 quae
3531 4607 3679 4662 emi-

2044 4717 2156 4755 nus
2185 4700 2469 4756 feruntur.

2111 4789 2201 4844 21.
2233 4793 2358 4843 Jam
2409 4805 2542 4844 vero
2575 4804 2798 4860 magna:
2829 4786 2995 4842 stillae
3051 4802 3165 4840 non
3197 4785 3414 4840 cadunt
3464 4783 3676 4853 densae,

2041 4882 2097 4932 et
2126 4877 2264 4949 quia
2294 4894 2470 4949 prope
2503 4878 2567 4932 ﬁt
2623 4893 2824 4932 earum
2856 4875 3099 4931 mutatio
3127 4875 3192 4942 ⁸⁸,
3225 4879 3281 4928 et
3319 4873 3457 4944 quia
3487 4872 3678 4945 prima;

2042 4967 2203 5038 prius
2235 4967 2594 5037 deferuntur,
2630 4982 2806 5037 quam
2852 4963 2976 5019 aliae
3034 4968 3402 5036 generentur,
3433 4967 3491 5018 et
3540 4961 3681 5034 quia

2041 5053 2128 5110 hae
2160 5055 2216 5108 in
2252 5053 2540 5111 delatione
2577 5071 2688 5109 non
2723 5052 3065 5108 dividuntur
3118 5069 3130 5104 :
3180 5051 3675 5122 quemadmodum

2041 5160 2170 5215 quae
2202 5159 2270 5198 ex
2300 5142 2416 5198 alto
2446 5145 2733 5208 feruntur,
2765 5140 2938 5212 longo
2969 5141 3256 5196 descensu
3309 5140 3679 5195 dissecantur

2040 5238 2096 5288 et
2125 5232 2484 5300 dividuntur,
2516 5235 2574 5287 et
2599 5231 2942 5286 minutiores
2973 5230 3134 5285 facta;
3163 5229 3506 5284 densentur.

2107 5413 2196 5467 22.
2226 5411 2400 5466 Fiunt
2429 5427 2602 5483 porro
2631 5409 2946 5482 grandines
2976 5423 3107 5463 vere
3153 5406 3391 5479 quidem
3441 5404 3677 5478 potissi-

2038 5517 2201 5556 mum
2260 5503 2317 5555 et
2372 5500 2482 5555 sub
2540 5499 2714 5555 finem
2746 5499 3052 5566 autumni;
3104 5513 3234 5552 raro
3263 5499 3566 5562 autumno,
3620 5498 3678 5550 et

2035 5589 2463 5663 infrequentius
2494 5588 2740 5662 hyeme;
2774 5593 2947 5662 atque
3002 5592 3128 5644 tum
3186 5601 3319 5643 cum
3360 5584 3558 5643 minus
3587 5586 3677 5642 est
