4024 6454
268 442 420 504 “3|
1495 448 1857 511 NICEPHOI

2075 449 2399 512 ΒΜΜῙΒᾸΞ
3498 455 3527 514 1
3547 452 3664 512 152

261 574 498 648 frigoris
531 592 542 632 :
576 576 719 632 acin
750 577 1088 636 universum
1117 579 1269 636 ﬁunt
1287 581 1347 637 in
1370 581 1512 638 locis
1531 585 1850 655 temperatii

2076 603 2102 634 ν
2141 581 2178 655 ᾖ
2235 585 2435 658 ψῦχος.
2493 577 2674 645 Ὅλως
2731 579 2777 637 δ’
2829 581 2880 638 ἐν
2933 588 3052 646 τοῖς
3109 581 3514 660 εὐδιεινοτέροις
3571 584 3665 659 γί-

261 665 427 721 ribus
464 670 521 721 et
567 668 721 724 I78
766 670 1130 740 temporibus
1187 670 1565 729 calidioribus
1618 675 1684 740 ⁸⁸,
1732 676 1850 746 cuji

2078 692 2186 726 νται
2231 672 2421 734 τόποις
2475 673 2564 726 καὶ
2604 677 2721 734 τοῖς
2773 671 3162 746 ἀλεεινοτὲροις
3209 679 3421 750 καιροῖς
3472 671 3562 728 διὰ
3596 674 3667 728 τὸ

260 771 438 810 causa
467 759 558 811 est
585 757 1033 828 antiperistasis.
1085 761 1207 816 Non
1240 765 1435 817 autem
1477 764 1676 819 crebro
1707 770 1849 819 testa

2073 769 2110 829 is
2152 759 2634 836 ἀντιπεριστάσεως
2681 760 2869 816 αἴτιον.
2923 762 3000 819 Οὐ
3047 762 3286 837 γίνονται
3333 761 3389 818 δὲ
3441 761 3662 818 πολλά-

262 844 431 909 ﬁunt,
463 846 700 902 tametsi
733 847 922 920 magis
979 849 1056 904 sit
1104 850 1310 919 calida,
1345 853 1418 906 ob
1451 851 1712 908 humoris
1741 855 1851 909 def:

2072 873 2094 913 ς
2123 856 2220 904 τοῦ
2255 850 2463 926 θέρους,
2507 852 2686 906 καίτοι
2733 851 2945 925 μᾶλλον
2997 847 3152 913 ὄντος
3184 857 3406 928 θερμοῦ,
3440 850 3530 908 διὰ
3557 854 3661 921 τήν

262 939 424 989 ctum
455 935 553 1005 qui
585 951 717 991 vere
746 937 1018 1008 copiosus
1047 943 1136 994 est
1165 943 1222 995 et
1251 940 1321 996 ab
1353 941 1558 1013 hyeme
1599 944 1851 999 remansi

2072 938 2213 995 δειαν
2245 948 2343 1010 τῆς
2392 941 2714 1016 ὑγρότητος,
2765 940 2886 1010 ἥτις
2937 940 2989 996 ἐν
3020 946 3099 1013 τῷ
3127 939 3244 1017 ἔαρι
3273 939 3459 1012 πολλή
3515 942 3661 996 ἐστιν

262 1023 333 1078 Et
359 1040 493 1079 vero
531 1025 704 1080 etiam
751 1027 1019 1082 autumni
1067 1029 1200 1083 ﬁnis
1240 1031 1366 1100 jam
1398 1031 1688 1087 humescit
1727 1034 1844 1087 ﬁun

2074 1029 2116 1083 τὸ
2159 1033 2256 1084 τοῦ
2304 1035 2581 1105 χειμῶνος
2633 1029 2884 1102 μένουσα.
2943 1029 3040 1084 Καὶ
3098 1030 3161 1084 τὸ
3223 1030 3543 1106 μετόπωρον
3601 1028 3663 1086 δὲ

262 1129 376 1185 que
407 1113 580 1169 etiam
631 1120 914 1171 autumno
945 1118 1259 1188 grandines
1292 1120 1544 1175 maxime
1575 1122 1851 1177 desinenti

2073 1122 2117 1188 ῖη
2172 1119 2496 1192 ὑγραίνεται.
2545 1119 2782 1173 Γίνονται
2827 1116 2884 1174 δὲ
2937 1119 3025 1173 καὶ
3071 1126 3172 1188 τῆς
3224 1121 3441 1194 ὀπώρας
3473 1121 3662 1196 χάλα-

261 1219 396 1258 cum
429 1204 581 1274 quod
607 1205 731 1274 jam
777 1205 993 1260 humor
1040 1213 1250 1279 presio
1297 1209 1392 1274 sit,
1425 1213 1549 1264 tum
1598 1212 1750 1282 quod
1775 1212 1850 1282 ja1

2081 1229 2095 1261 ι
2147 1207 2235 1263 καὶ
2289 1207 2500 1280 μᾶλλον
2554 1207 2852 1283 ληγούσης,
2905 1206 2994 1263 διὰ
3038 1209 3102 1263 τὸ
3152 1206 3258 1279 ἤδη
3301 1231 3359 1264 τε
3386 1209 3664 1285 ὑγρότητα

261 1296 396 1348 ante
418 1309 514 1347 aer
539 1291 1013 1366 incaluerit,quin
1037 1295 1094 1350 in
1127 1314 1339 1369 aquam
1367 1303 1646 1353 mutatur.
1672 1300 1815 1355 Nam
1847 1324 1850 1347 ι

2078 1317 2164 1367 ραι,
2224 1296 2314 1350 καὶ
2367 1294 2454 1350 διὰ
2500 1297 2561 1351 τὸ
2619 1299 3082 1373 προτεθερμάνθαι
3128 1298 3220 1352 τὸν
3271 1297 3400 1373 ἀέρα
3437 1299 3528 1353 τὸν
3584 1298 3667 1360 εἰς

259 1380 368 1436 hoc
408 1395 476 1435 ex
507 1383 762 1452 quadam
794 1389 955 1455 parte
1009 1386 1080 1439 ad
1139 1386 1593 1458 refrigerationis
1640 1388 1848 1444 celerit:

2080 1406 2158 1461 ωρ
2194 1380 2626 1457 μεταϐάλλοντα.
2663 1382 3051 1459 Συμϐἀλλεται
3079 1388 3181 1462 γάρ
3211 1408 3330 1448 πως
3358 1387 3448 1440 καὶ
3493 1391 3663 1442 τοῦτο

261 1473 379 1524 tem
411 1475 502 1526 est
552 1471 713 1527 utile.
766 1474 901 1538 Quae
946 1475 1099 1528 enim
1160 1480 1330 1531 antea
1362 1476 1636 1532 calefacta
1672 1479 1850 1532 suntﬂ

2076 1475 2146 1535 »ὸς
2193 1477 2291 1544 τὴν
2336 1482 2619 1550 ταχυτῆτα
2669 1473 2768 1545 τῆς
2813 1475 3040 1548 ψύξεως.
3073 1477 3148 1529 Τὰ
3183 1475 3284 1551 γὰρ
3315 1487 3665 1552 προθερμαν-

261 1575 397 1615 cum
429 1560 672 1616 celerius
700 1565 825 1616 tum
855 1562 1255 1619 vehementius
1286 1566 1721 1636 refrigerantur.

2012 1560 2167 1624 θέντα
2192 1560 2490 1636 ταχύτερόν
2517 1583 2576 1615 τε
2603 1563 2692 1616 καὶ
2725 1562 3073 1637 ἰσχυρότερον
3101 1562 3350 1638 ψύχεται.

332 1649 422 1703 23.
476 1649 775 1706 Postremo
829 1651 874 1686 ⁸⁸
929 1652 1082 1707 circa
1125 1653 1395 1709 Arabiam
1450 1659 1509 1710 et
1544 1655 1903 1727 Ethiopiam

2081 1652 2179 1725 κγ’.
2240 1649 2466 1725 Μέγεται
2529 1648 2586 1704 δὲ
2641 1651 2763 1726 περὶ
2809 1651 2906 1719 τήν
2938 1646 3194 1726 Ἀραϐίαν
3245 1651 3335 1705 καὶ
3365 1651 3664 1706 Αἲθιοπίαν

265 1741 482 1804 estate,
543 1755 659 1794 non
702 1739 908 1812 hyeme
965 1739 1192 1812 pluvias
1252 1758 1466 1809 easque
1523 1744 1700 1800 etiam
1731 1744 1854 1800 vehi

2084 1739 2339 1814 Ξθέρους.
2399 1738 2524 1795 ἀλλ’
2575 1739 2637 1794 οὐ
2683 1744 2781 1794 τοῦ
2829 1744 3104 1816 χειμῶνος
3150 1739 3276 1801 τοὺς
3307 1735 3553 1816 ὄμϐρους
3582 1741 3673 1816 τί·-

264 1830 487 1882 mentes
517 1832 574 1882 et
601 1843 752 1899 sepe
783 1845 900 1884 uno
951 1829 1044 1884 die
1073 1830 1197 1885 ﬁeri
1259 1830 1460 1887 dicunt
1489 1851 1502 1900 ;
1544 1847 1853 1904 causamqt

2080 1829 2204 1899 ιθαι,
2263 1827 2352 1882 καὶ
2408 1833 2574 1883 ταῦτα
2631 1826 2920 1903 ῥαγδαίους
2971 1829 3063 1883 καὶ
3105 1836 3205 1898 τῆς
3255 1829 3419 1899 αὐτῆς
3450 1829 3669 1906 ἡμέρας

261 1915 444 1987 hujus
475 1916 554 1971 rei
585 1916 658 1972 ab
698 1917 1094 1988 antiperistasi
1125 1919 1398 1990 reddunt,
1445 1937 1572 1992 quae
1605 1922 1740 1977 inde
1768 1939 1850 1977 ex<

2076 1916 2301 1980 νλλάκις.
2354 1920 2453 1973 Καὶ
2506 1916 2822 1974 ἀποδίδοται
2867 1919 2958 1974 καὶ
2996 1923 3092 1973 τοῦ
3137 1918 3388 1974 τοιούτου
3419 1918 3592 1974 αἶ’τιον
3625 1922 3665 1989 ἡ

2248 2008 2258 2024 Ι
2526 2008 2550 2024 η
2736 2008 2746 2024 Ι
2955 2005 2981 2024 ᾗ
3017 2009 3032 2024 \
3131 2009 3147 2024 \
3231 2007 3277 2024 ’Κ
3415 2009 3426 2023 ι
3553 2008 3576 2024 Ο

263 2004 429 2072 ritur,
482 2006 634 2076 quod
683 2007 841 2078 regio
883 2006 1047 2062 valde
1093 2005 1282 2063 calida
1311 2012 1417 2063 est.
1464 2013 1530 2064 Et
1577 2011 1625 2064 si
1656 2011 1852 2066 enimi

2079 2008 2467 2084 τιπερίστασις,
2519 2008 2642 2077 ἥτις
2693 2008 2893 2083 γίνεται
2952 2005 3040 2062 διὰ
3094 2009 3154 2062 τὸ
3220 2007 3467 2076 ἀλεεινὴν
3526 2008 3667 2062 εἶναι

262 2091 377 2148 illis
408 2095 672 2164 partibus
703 2098 872 2149 aestas
903 2096 1154 2150 maxime
1184 2097 1338 2152 sicca
1367 2101 1457 2152 est
1501 2116 1514 2153 :
1565 2099 1623 2153 in
1655 2099 1784 2155 aliis
1814 2104 1851 2156 tl

2085 2116 2112 2150 ν
2145 2097 2332 2172 χώραν
2386 2097 2642 2172 ἰσχυρῶς.
2676 2097 2740 2150 Εἰ
2791 2094 2848 2150 δὲ
2877 2097 2941 2151 τὸ
2986 2095 3142 2172 θέρος
3173 2097 3224 2150 ἐν
3277 2096 3498 2158 ἐκείνοις
3545 2101 3668 2159 τοῖς

266 2198 398 2237 men
429 2181 572 2238 locis
603 2183 932 2255 pluviarum
956 2185 1201 2240 materia
1221 2191 1740 2259 coacervatur,quze
1762 2190 1855 2243 dm

2076 2185 2199 2261 ὲρεσι
2255 2183 2490 2258 μάλιστα
2549 2185 2864 2261 ξηρότατον,
2923 2185 3050 2241 ἀλλ’
3107 2185 3159 2240 ἐν
3218 2186 3412 2248 ἄλλοις
3467 2186 3665 2248 τόποις

262 2270 450 2326 ventis
483 2271 994 2327 anniversarsariis
1016 2274 1087 2327 ad
1113 2279 1340 2330 montes
1369 2273 1508 2330 illuc
1539 2275 1851 2348 compellit:

2089 2279 2194 2328 τῶν
2224 2270 2447 2350 ὄμϐρων
2477 2275 2778 2350 ἀθροίζεται
2827 2273 2956 2345 ὕλη,
3006 2273 3097 2328 καί
3148 2275 3251 2330 ὑπὸ
3278 2279 3385 2329 τῶν
3428 2274 3665 2343 ἐτησίων

265 2359 532 2416 consistit
571 2365 628 2415 et
669 2360 776 2416 has
822 2377 969 2433 quas
1011 2369 1491 2434 commemorant,
1543 2364 1766 2436 pluvias
1811 2381 1854 2438 gi

2076 2365 2333 2436 νευμάτων
2381 2364 2458 2426 εἰς
2503 2364 2569 2419 τὰ
2617 2363 2788 2419 ἐκεῖσε
2843 2359 2942 2440 ὅρη
2995 2364 3355 2436 ἀπωθουμένη
3414 2363 3665 2419 συνίστα-

267 2453 452 2506 uerat.
2011 2473 2123 2522 ται,
2149 2451 2238 2506 καὶ
2266 2451 2394 2514 τοὺς
2425 2451 2846 2528 ἱστορουμένους
2879 2451 3065 2515 ὑετοὺς
3093 2452 3383 2526 ἀπογεννῷ

1569 2678 1907 2734 SYNOPSIS
1946 2677 2218 2734 CAPITIS
2255 2677 2368 2735 XV.

1417 2784 1570 2832 QUOD
1608 2785 1709 2824 EST
1745 2784 1817 2823 DE
1852 2784 2127 2823 PONTIBUS
2164 2784 2231 2822 ET
2268 2783 2511 2823 FLUVIIS.

274 2888 316 2942 ‘l
335 2888 435 2942 14
469 2885 527 2942 1.
563 2883 840 2943 Removet
862 2903 1100 2945 causam
1128 2903 1244 2944 non
1291 2903 1490 2945 veram
1517 2883 1918 2964 generationis
1943 2884 2198 2962 fontium
2217 2891 2279 2964 et
2300 2882 2704 2964 ﬂuviorum,et
2729 2881 3104 2964 remotionem
3127 2881 3446 2964 probatae
3473 2901 3664 2962 argu-

350 2971 540 3044 mento
569 2963 944 3042 deﬂuentium
973 2983 1048 3025 ea:
1073 2964 1320 3024 nubibus
1348 2984 1644 3044 aquarum
1673 2963 1960 3044 declarat.
1995 2997 2074 3008 ——
2119 2967 2180 3024 2.
2233 2963 2410 3024 Verus
2457 2981 2665 3044 causas
2703 2963 2948 3036 indicat,
2981 2963 3191 3044 easque
3219 2963 3502 3043 explicat,
3532 2983 3672 3043 qua

346 3041 559 3126 easdem
587 3041 723 3104 sunt
752 3064 881 3104 cum
910 3045 1098 3106 causis
1126 3041 1417 3126 aquarum
1445 3063 1692 3126 superne
1719 3043 2209 3126 descendentium.
2241 3077 2317 3126 -ς
2347 3045 2407 3126 3,.
2443 3042 2782 3126 Occupatio.
2815 3041 3674 3126 —74.‘Co'mparattonem'ins-

358 3125 523 3206 tituit
549 3126 939 3206 generationis
968 3123 1260 3206 aquarum
1290 3145 1472 3204 supra
1501 3123 1555 3187 et
1586 3125 1750 3203 infra
1776 3133 2131 3206 terram._—
2180 3125 2248 3206 5.
2273 3123 2686 3206 Πιγίρνθητιῖινη
2708 3123 3022 3206 constituit
3043 3124 3300 3202 fontium
3329 3133 3386 3184 et
3408 3124 3668 3206 scaturi-

351 3205 576 3285 ginum.
616 3237 686 3250 -—
718 3209 777 3264 6.
812 3203 1113 3266 Plurimos
1143 3215 1201 3266 et
1225 3203 1513 3266 maximos
1537 3206 1730 3284 fontes
1758 3224 1794 3265 a
1831 3204 2123 3264 montibus
2151 3203 2489 3263 editioribus
2535 3204 2841 3264 excrdium
2870 3203 3104 3285 Ahabere
3127 3207 3505 3285 pronuntiat,
3537 3205 3674 3285 gui-

356 3283 460 3365 bus
486 3285 661 3365 etiam
693 3285 888 3345 multae
934 3287 1322 3365 scaturigines
1368 3283 1572 3346 vicina
1599 3295 1732 3345 sunt
1760 3306 1782 3352 ;
1833 3287 1974 3363 quia
2020 3285 2316 3365 nimirum
2351 3294 2570 3344 montes
2615 3283 2910 3363 ejusmodi
2972 3303 3102 3365 cum
3129 3283 3144 3285 ’
3176 3303 3396 3365 aquam
3423 3283 3672 3365 multum

349 3363 672 3445 pluvialem
702 3365 851 3438 infse
878 3363 1195 3447 recipiunt,
1235 3375 1356 3426 tum
1388 3368 1681 3446 copiosam
1715 3365 1946 3446 ipsimet
1973 3364 2396 3447 exuaporibus
2417 3367 2476 3424 in
2505 3384 2565 3447 se
2591 3365 2886 3447 generatis
2913 3363 3255 3447 conﬁciunt.
3290 3399 3369 3447 -_—
3395 3367 3454 3424 7.
3493 3364 3676 3447 Quasi

346 3442 458 3526 per
492 3524 504 3526 _
535 3448 795 3523 porisma
849 3442 1049 3524 infert,
1104 3447 1309 3525 ﬂuuios
1387 3442 1497 3525 qui
1535 3464 1608 3526 ea;
1663 3442 1888 3524 stagnis
1919 3444 2076 3506 oriri
2118 3442 2415 3526 videntur,
2472 3442 2857 3504 nihilominus
2902 3442 3131 3526 habere
3159 3444 3429 3506 exordia.
3490 3478 3579 3526 —A
3607 3445 3670 3504 8.

363 3524 584 3600 Quibus
611 3545 649 3586 a
675 3527 965 3587 montibus
991 3524 1293 3608 perennes,
1327 3534 1382 3586 et
1400 3524 1448 3587 7a
1477 3525 1689 3607 quibus
1720 3527 1932 3604 exigui
1955 3527 2232 3605 temporis
2225 3525 2431 3664 Jluvii
2472 3526 2769 3585 oriantur.
2805 3557 2883 3569 —
2911 3526 2970 3586 9.
3025 3525 3299 3585 Aliorum
3325 3524 3679 3585 sententiam

363 3605 425 3664 de
450 3607 682 3664 oriaine
713 3609 966 3664 fontium
997 3609 1297 3664 nrononit.
1348 3625 1589 3664 eamaue
1634 3607 1892 3664 primum
1944 3605 2221 3664 disnutan
2269 3606 2296 3664 i
2338 3607 2540 3664 aratia
2568 3605 2817 3664 refutat.
2869 3639 2948 3649 νο
2981 3605 3079 3664 10.
3117 3604 3406 3664 Eamdem
3435 3624 3509 3664 ea:
3536 3623 3679 3664 vera

356 3605 425 3665 de
450 3607 682 3688 origine
708 3609 966 3686 fontium
991 3604 1297 3688 proponit,
1348 3604 1597 3688 eamgue
1627 3607 1892 3685 primum
1944 3604 2296 3688 disputandi
2335 3607 2540 3684 gratia
2568 3605 2817 3683 refutat.
2869 3639 2948 3649 ν-
2981 3605 3079 3688 10.
3117 3604 3406 3688 Eamdem
3435 3624 3509 3666 ea:
3536 3623 3686 3665 vera

359 3685 552 3746 animi
571 3685 851 3749 sententia
875 3685 1116 3768 probat,
1148 3699 1208 3748 et
1233 3708 1362 3748 cum
1393 3685 1506 3748 illa
1528 3686 1910 3768 physicorum
1935 3685 2238 3767 superiore
2267 3694 2719 3746 commemorata
2745 3687 3033 3746 sententia
3071 3686 3375 3746 conciliat.

906 3920 1137 3978 CAPUT
1169 3919 1286 3976 xv.
1951 3918 1993 3984 α

1951 3918 1993 3984 c
2659 3917 2916 3971 ΚΕΦΑΛ.
2949 3914 3051 3972 IE’.

767 4012 841 4066 De
868 4010 1114 4082 fontibus
1141 4013 1194 4064 et
1224 4008 1429 4080 ﬂuviis.

2457 4002 2587 4076 Περὶ
2626 4007 2817 4079 πηγῶν
2852 4001 2942 4057 καὶ
2971 4007 3255 4076 ποταμῶν.

355 4100 407 4155 1.
455 4099 580 4155 Νοη
649 4103 714 4156 ut
765 4117 834 4156 ex
887 4116 1022 4155 vase
1069 4097 1267 4169 aliquo
1308 4101 1365 4153 et
1411 4100 1576 4152 antro
1625 4095 1922 4167 copiosam

2103 4093 2168 4146 α’.
2203 4091 2322 4167 Οὑχ
2352 4093 2426 4154 ὡς
2459 4092 2509 4163 ἐξ
2553 4091 2773 4169 ἀγγείου
2817 4092 2966 4154 τινὸς
3013 4091 3103 4146 καὶ
3141 4089 3358 4153 κοιλίας
3387 4089 3685 4166 ἠθροισμέ-

282 4192 524 4260 aquam!
547 4194 943 4246 coacervatum
993 4188 1242 4244 habente
1291 4203 1322 4242 e
1366 4191 1522 4240 terra
1571 4184 1760 4241 fontes
1792 4202 1871 4240 se:

2100 4202 2119 4235 ν
2179 4181 2375 4256 ἀθρόον
2429 4179 2576 4257 ὕδωρ
2636 4180 2876 4256 ἐχούσης
2933 4188 3033 4250 τῆς
3073 4187 3174 4257 γῆς
3221 4179 3580 4256 ἀπορῥέουσιν
3634 4180 3689 4234 αἱ

282 4279 395 4334 sim
475 4279 745 4346 effluunt,
815 4282 879 4333 ut
935 4277 1294 4349 quibusdam
1350 4275 1540 4330 visum
1599 4278 1708 4329 est.
1769 4275 1865 4328 17

2117 4269 2209 4344 γαὶ
2256 4271 2371 4325 κατ’
2424 4269 2633 4347 ὀλίγον,
2683 4269 2758 4333 ὥς
2806 4291 2944 4326 τισιν
2994 4267 3193 4341 ἔδοξεν.
3242 4267 3363 4324 Εἷσί
3410 4270 3531 4344 (μὲν
3563 4270 3699 4344 γὰρ),

281 4368 426 4422 Sunt
467 4367 625 4423 enim
667 4369 713 4403 3°
753 4367 990 4439 quidem
1039 4382 1292 4422 cavernae
1339 4365 1514 4420 etiam
1564 4363 1770 4434 aliqua:
1838 4362 1870 4417 i1

2100 4359 2124 4413 ,ί
2159 4381 2300 4422 τινες
2350 4358 2670 4429 κοιλότητες
2717 4357 2870 4415 ἔνδον
2919 4366 3017 4430 τῆς
3064 4366 3168 4435 γῆς
3201 4356 3410 4414 ὑδάτων
3443 4377 3689 4435 χωρητι-

282 4461 373 4512 tra
402 4460 618 4513 terram
677 4474 806 4529 qua:
837 4472 1024 4530 aquas
1072 4454 1330 4526 capiunt,
1373 4457 1429 4508 et
1487 4451 1703 4524 quibus
1733 4451 1871 4507 hien

2108 4447 2146 4520 ἶ,
2179 4448 2267 4526 ἀφ’
2298 4449 2370 4503 ὧν
2402 4447 2797 4525 πληρωθεισῶν
2827 4453 2928 4504 τοῦ
2957 4454 3233 4526 χειμῶνος
3279 4446 3579 4525 ἀπόρῥυσίς
3608 4467 3697 4510 τις

282 4545 541 4617 impletis
572 4545 773 4619 aliqua
802 4546 867 4600 ﬁt
896 4562 1061 4617 aquae
1120 4542 1414 4600 emanatio
1475 4559 1488 4597 :
1547 4541 1648 4596 sed
1683 4557 1798 4594 non
1839 4557 1868 4595 e

2106 4557 2232 4599 ατος
2264 4537 2488 4612 γίνεται.
2516 4537 2674 4594 Ἀλλ’
2705 4537 2767 4592 οὐ
2797 4538 2946 4592 τοῦτ’
2999 4536 3058 4594 ἂν
3109 4533 3197 4608 εἴη
3227 4540 3335 4591 τῶν
3381 4540 3571 4612 πηγῶν
3609 4531 3694 4588 αἶ’-

285 4635 400 4691 ista
439 4635 689 4691 fontium
721 4652 919 4691 causa.
978 4635 1175 4705 Neque
1206 4632 1363 4688 enim
1395 4631 1440 4666 9°
1487 4635 1642 4686 terra
1674 4630 1874 4701 profec‘

2105 4646 2175 4680 3v.
2230 4623 2365 4680 Οὐδὲ
2437 4626 2538 4703 γὰρ
2615 4625 2824 4700 ἐξήρκει
2901 4627 3116 4689 πάντως
3185 4627 3220 4696 ἠ
3279 4631 3354 4699 γῆ
3412 4630 3532 4688 ταῖς
3601 4627 3694 4678 τοῦ

285 4729 461 4781 tantae
511 4742 676 4797 aquae
741 4723 1170 4797 conceptaculis
1239 4721 1578 4787 sufﬁceret;
1626 4724 1691 4774 ut
1743 4734 1874 4788 neql

2105 4713 2299 4769 σοότου
2357 4711 2551 4778 ὕδατος
2611 4713 2935 4792 ὑποδοχαῖς,
2997 4713 3178 4791 ὥσπερ
3236 4711 3362 4769 οὐδὲ
3416 4715 3484 4769 τὰ
3536 4711 3693 4790 νέφηο

284 4814 788 4887 nubes,siquidem
813 4819 868 4869 et
888 4815 1028 4887 ipsa;
1057 4813 1115 4867 in
1150 4829 1213 4868 se
1242 4811 1524 4866 haberent
1552 4824 1764 4881 aquam
1805 4825 1873 4861 on

2106 4823 2189 4879 περ
2237 4803 2302 4873 ἦν
2353 4803 2443 4858 καί
2493 4803 2627 4859 αὐτὰ
2676 4803 3033 4881 προϋπάρχον
3092 4801 3292 4880 ἔχοντα
3344 4803 3407 4858 τὸ
3449 4802 3695 4871 ὑενισθη-

285 4920 420 4960 nem
454 4905 915 4976 praeexistentem
967 4920 1094 4974 quae
1136 4899 1470 4974 depluitura
1500 4902 1589 4954 est
1617 4915 1630 4966 ;
1686 4913 1790 4952 nec
1820 4895 1874 4951 a1

2111 4913 2270 4965 μενον
2305 4889 2451 4963 ὕδωρ
2495 4893 2855 4966 ἠθροισμένον
2906 4896 3042 4949 ἅπαν
3077 4893 3129 4947 ἐν
3172 4893 3406 4954 ἑαυτοῖς·
3439 4889 3586 4946 ἀλλᾶ
3619 4890 3693 4964 μή

286 4993 524 5066 quidem
557 5010 692 5066 pars
736 4993 1014 5049 deorsum
1046 4991 1313 5057 ferretur,
1365 4988 1482 5045 alia
1508 5003 1642 5043 vero
1672 4985 1866 5041 vicissi

1672 4985 1933 5041 vicissim
2040 4981 2104 5036 τὸ
2139 4982 2233 5055 μὲν
2263 4983 2640 5060 καταφέρεται,
2671 4983 2733 5038 τὸ
2765 4979 2812 5037 δ’
2843 4982 2997 5048 αὖθις
3029 4981 3250 5060 ἐγίνετο.

288 5087 685 5156 generaretur.

357 5173 411 5227 2.
447 5173 634 5236 Quare
672 5170 866 5241 potius
898 5187 1026 5242 qua
1057 5172 1370 5225 censentur
1399 5182 1586 5222 causa:
1647 5178 1933 5235 aquarum

2121 5161 2186 5236 β’.
2235 5162 2395 5215 Ὥστε
2445 5157 2659 5232 μαλλον
2712 5162 2845 5237 ἅπερ
2918 5157 3063 5215 αἹτια
3105 5164 3214 5215 τῶν
3262 5158 3340 5223 εἰς
3389 5165 3491 5235 γῆν
3543 5177 3698 5214 κατα-

288 5262 348 5317 in
401 5265 617 5316 terram
672 5259 1068 5314 decidentium
1125 5254 1471 5329 (materialis
1528 5253 1684 5310 enim
1757 5269 1877 5308 caus

2107 5249 2364 5326 ιρομὲνων
2415 5248 2620 5305 ὑδάτων
2672 5251 2906 5327 κρίνεται
2952 5247 3163 5325 (ὑλικὸν
3224 5249 3318 5322 μὲν
3377 5249 3480 5324 γὰρ
3531 5245 3696 5304 αἴτιον

2154 5338 2490 5351 .....
2827 5337 3256 5351 .........
3397 5331 3673 5351 -..ην

286 5368 468 5426 vapor
511 5353 600 5406 est
642 5367 656 5416 ;
712 5347 992 5414 efﬁciens,
1044 5345 1480 5426 refrigeratio);
1542 5344 1758 5400 eaedem
1799 5341 1875 5414 ips

2104 5341 2223 5394 itti
2274 5340 2309 5410 ἠ
2361 5338 2542 5413 ἀτμίς.
2594 5339 2880 5410 ποιητικὸν
2925 5337 2969 5393 δ’
2999 5341 3034 5408 ἡ
3081 5337 3284 5413 ψύξις),
3328 5337 3478 5392 ταῦτ’
3509 5335 3572 5392 ἂν
3615 5331 3693 5406 εἴη

288 5423 480 5497 causa;
529 5443 700 5494 erunt
752 5453 1038 5510 aquarum
1089 5454 1217 5509 quae
1264 5453 1334 5492 ex
1378 5425 1533 5490 terra
1582 5433 1873 5490 redduntu

2113 5429 2266 5484 ὶτῶν
2301 5427 2360 5484 ἐκ
2386 5435 2489 5506 γῆς
2539 5425 2940 5502 ἀναδιδομένων
2996 5426 3206 5484 ὑδάτων
3260 5423 3408 5486 uitta
3451 5426 3519 5480 τὰ
3547 5426 3699 5490 αὐτά.

288 5527 796 5598 Quemadmodum
831 5526 988 5583 enim
1022 5543 1203 5599 supra
1232 5529 1444 5581 terram
1485 5539 1805 5596 evaporans
1835 5539 1877 5577 ai

2116 5539 2247 5594 σπερ
2303 5520 2407 5594 γὰρ
2460 5519 2593 5592 ὑπὲρ
2645 5525 2750 5594 γῆν
2783 5520 2812 5574 ὁ
2859 5518 3104 5592 ἀτμίζων
3150 5517 3258 5594 ἀὴρ
3317 5516 3395 5580 εἷς
3429 5513 3578 5595 ὕδωρ
3610 5536 3705 5589 μι-

288 5624 348 5679 in
391 5635 607 5694 aquam
663 5621 947 5687 mutatur,
998 5631 1132 5672 cum
1175 5615 1588 5687 refrigeretur;
1620 5613 1704 5669 sic
1757 5612 1874 5667 etia

2113 5603 2302 5664 ϐάλλει
2362 5607 2678 5684 ψυχόμενος
2716 5627 2728 5639 ·
2790 5606 2962 5670 οὕτως
3043 5605 3392 5677 ὑποληπτέον
3451 5606 3542 5660 καὶ
3601 5605 3702 5661 ὑπὸ

357 5786 456 5844 ιιι
490 5739 730 5844 Mstsor.
762 5799 812 5841 ο.
848 5782 935 5840 12.
1011 5779 1056 5816 ιτ
1087 5776 1234 5837 Ibid.
1307 5776 1354 5812 ιο
1383 5774 1529 5833 Ibid.
1563 5791 1614 5832 c.
1656 5776 1743 5831 13.
1821 5775 1864 5810 σο
1894 5774 2040 5832 Ibid.
