  <div class='ocr_page' id='page_1' title='image "/cluster/home/n/w/nwhite01/storage/ocr_20150623/142/mdp.39015078384792/584.png"; bbox 0 0 4024 6516; ppageno 0'>
   <div class='ocr_carea' id='block_1_1' title="bbox 200 132 340 144">
    <p class='ocr_par' dir='ltr' id='par_1_1' title="bbox 200 132 340 144">
     <span class='ocr_line' id='line_1_1' title="bbox 200 132 340 144; baseline -0.007 0"><span class='ocrx_word' id='word_1_1' title='bbox 200 132 340 144; x_wconf 55' lang='grc' dir='ltr'>ι’...</span> 
     </span>
    </p>
   </div>
   <div class='ocr_carea' id='block_1_2' title="bbox 319 516 1995 589">
    <p class='ocr_par' dir='ltr' id='par_1_2' title="bbox 319 518 1975 589">
     <span class='ocr_line' id='line_1_2' title="bbox 319 518 1975 589; baseline -0.002 -1"><span class='ocrx_word' id='word_1_2' title='bbox 319 523 473 589; x_wconf 80' lang='grc'><strong>1153</strong></span> <span class='ocrx_word' id='word_1_3' title='bbox 1632 518 1975 586; x_wconf 78' lang='lat' dir='ltr'>EPITOME</span> 
     </span>
    </p>
   </div>
   <div class='ocr_carea' id='block_1_3' title="bbox 2115 516 3702 589">
    <p class='ocr_par' dir='ltr' id='par_1_3' title="bbox 2115 516 3702 585">
     <span class='ocr_line' id='line_1_3' title="bbox 2115 516 3702 585; baseline -0.001 -2"><span class='ocrx_word' id='word_1_4' title='bbox 2115 516 2377 585; x_wconf 82' lang='lat' dir='ltr'>.YSICA.</span> <span class='ocrx_word' id='word_1_5' title='bbox 3510 563 3512 566; x_wconf 52' lang='grc' dir='ltr'>ν</span> <span class='ocrx_word' id='word_1_6' title='bbox 3548 522 3702 582; x_wconf 69' lang='grc'>1154</span> 
     </span>
    </p>
   </div>
   <div class='ocr_carea' id='block_1_4' title="bbox 317 652 1995 735">
    <p class='ocr_par' dir='ltr' id='par_1_4' title="bbox 317 652 1995 734">
     <span class='ocr_line' id='line_1_4' title="bbox 317 652 1995 734; baseline -0.002 -22"><span class='ocrx_word' id='word_1_7' title='bbox 317 665 420 734; x_wconf 86' lang='grc' dir='ltr'>γῆν</span> <span class='ocrx_word' id='word_1_8' title='bbox 456 656 649 712; x_wconf 80' lang='grc' dir='ltr'>ἐκτῶν</span> <span class='ocrx_word' id='word_1_9' title='bbox 682 656 734 712; x_wconf 87' lang='grc' dir='ltr'>ἐν</span> <span class='ocrx_word' id='word_1_10' title='bbox 782 660 852 732; x_wconf 74' lang='grc' dir='ltr'>γῇ</span> <span class='ocrx_word' id='word_1_11' title='bbox 903 652 1144 728; x_wconf 83' lang='grc' dir='ltr'>ἀτμίδων</span> <span class='ocrx_word' id='word_1_12' title='bbox 1191 659 1472 732; x_wconf 81' lang='grc' dir='ltr'>γεννᾶσθαι</span> <span class='ocrx_word' id='word_1_13' title='bbox 1519 653 1665 733; x_wconf 78' lang='grc' dir='ltr'>ὕδωρ</span> <span class='ocrx_word' id='word_1_14' title='bbox 1715 654 1804 711; x_wconf 83' lang='grc' dir='ltr'>διὰ</span> <span class='ocrx_word' id='word_1_15' title='bbox 1856 656 1995 725; x_wconf 40' lang='grc' dir='ltr'>τήν,</span> 
     </span>
    </p>
   </div>
   <div class='ocr_carea' id='block_1_5' title="bbox 2115 652 3699 735">
    <p class='ocr_par' dir='ltr' id='par_1_5' title="bbox 2115 653 3699 735">
     <span class='ocr_line' id='line_1_5' title="bbox 2115 653 3699 735; baseline 0.002 -25"><span class='ocrx_word' id='word_1_16' title='bbox 2115 656 2222 710; x_wconf 76' lang='lat' dir='ltr'>ifra</span> <span class='ocrx_word' id='word_1_17' title='bbox 2275 660 2493 712; x_wconf 86' lang='lat' dir='ltr'>terram</span> <span class='ocrx_word' id='word_1_18' title='bbox 2549 671 2618 710; x_wconf 83' lang='lat' dir='ltr'>ex</span> <span class='ocrx_word' id='word_1_19' title='bbox 2675 653 3020 725; x_wconf 80' lang='lat' dir='ltr'>vaporibus,</span> <span class='ocrx_word' id='word_1_20' title='bbox 3080 653 3177 727; x_wconf 86' lang='lat' dir='ltr'>qui</span> <span class='ocrx_word' id='word_1_21' title='bbox 3235 660 3376 712; x_wconf 91' lang='lat' dir='ltr'>sunt</span> <span class='ocrx_word' id='word_1_22' title='bbox 3430 656 3490 711; x_wconf 90' lang='lat' dir='ltr'>in</span> <span class='ocrx_word' id='word_1_23' title='bbox 3550 657 3699 735; x_wconf 69' lang='lat' dir='ltr'>ipsa,</span> 
     </span>
    </p>
   </div>
   <div class='ocr_carea' id='block_1_6' title="bbox 318 742 1995 822">
    <p class='ocr_par' dir='ltr' id='par_1_6' title="bbox 318 745 1108 822">
     <span class='ocr_line' id='line_1_6' title="bbox 318 745 1108 822; baseline 0 -20"><span class='ocrx_word' id='word_1_24' title='bbox 318 748 534 803; x_wconf 81' lang='grc' dir='ltr'>ἐνοῦσαν</span> <span class='ocrx_word' id='word_1_25' title='bbox 564 750 633 821; x_wconf 79' lang='grc' dir='ltr'>τῇ</span> <span class='ocrx_word' id='word_1_26' title='bbox 664 750 736 820; x_wconf 83' lang='grc' dir='ltr'>γῇ</span> <span class='ocrx_word' id='word_1_27' title='bbox 769 745 1108 822; x_wconf 81' lang='grc' dir='ltr'>ψυχρότητα.</span> 
     </span>
    </p>
   </div>
   <div class='ocr_carea' id='block_1_7' title="bbox 2115 742 3703 822">
    <p class='ocr_par' dir='ltr' id='par_1_7' title="bbox 2115 742 3703 819">
     <span class='ocr_line' id='line_1_7' title="bbox 2115 742 3703 819; baseline 0.003 -21"><span class='ocrx_word' id='word_1_28' title='bbox 2115 760 2281 815; x_wconf 70' lang='lat' dir='ltr'>quam</span> <span class='ocrx_word' id='word_1_29' title='bbox 2315 744 2439 799; x_wconf 85' lang='lat' dir='ltr'>ﬁeri</span> <span class='ocrx_word' id='word_1_30' title='bbox 2469 742 2925 799; x_wconf 84' lang='lat' dir='ltr'>existimandum</span> <span class='ocrx_word' id='word_1_31' title='bbox 2957 749 3045 798; x_wconf 90' lang='lat' dir='ltr'>est</span> <span class='ocrx_word' id='word_1_32' title='bbox 3075 749 3310 816; x_wconf 85' lang='lat' dir='ltr'>propter</span> <span class='ocrx_word' id='word_1_33' title='bbox 3335 746 3522 818; x_wconf 84' lang='lat' dir='ltr'>frigus</span> <span class='ocrx_word' id='word_1_34' title='bbox 3547 748 3703 819; x_wconf 90' lang='lat' dir='ltr'>quod</span> 
     </span>
    </p>
   </div>
   <div class='ocr_carea' id='block_1_8' title="bbox 2069 831 2436 888">
    <p class='ocr_par' dir='ltr' id='par_1_8' title="bbox 2069 831 2436 888">
     <span class='ocr_line' id='line_1_8' title="bbox 2069 831 2436 888; baseline 0.003 -2"><span class='ocrx_word' id='word_1_35' title='bbox 2069 831 2235 888; x_wconf 61' lang='lat' dir='ltr'>terra;</span> <span class='ocrx_word' id='word_1_36' title='bbox 2266 833 2436 888; x_wconf 86' lang='lat' dir='ltr'>inest.</span> 
     </span>
    </p>
   </div>
   <div class='ocr_carea' id='block_1_9' title="bbox 389 923 1958 1002">
    <p class='ocr_par' dir='ltr' id='par_1_9' title="bbox 389 923 1958 1002">
     <span class='ocr_line' id='line_1_9' title="bbox 389 923 1958 1002; baseline -0.004 -20"><span class='ocrx_word' id='word_1_37' title='bbox 389 932 454 1002; x_wconf 57' lang='grc' dir='ltr'>γ.</span> <span class='ocrx_word' id='word_1_38' title='bbox 489 925 710 1000; x_wconf 90' lang='grc' dir='ltr'>Δέχεται</span> <span class='ocrx_word' id='word_1_39' title='bbox 791 924 882 997; x_wconf 74' lang='grc' dir='ltr'>μὲν</span> <span class='ocrx_word' id='word_1_40' title='bbox 954 923 1054 1000; x_wconf 81' lang='grc' dir='ltr'>γὰρ</span> <span class='ocrx_word' id='word_1_41' title='bbox 1112 926 1148 993; x_wconf 77' lang='grc' dir='ltr'><strong>ἡ</strong></span> <span class='ocrx_word' id='word_1_42' title='bbox 1204 923 1294 979; x_wconf 87' lang='grc' dir='ltr'>καὶ</span> <span class='ocrx_word' id='word_1_43' title='bbox 1351 930 1422 999; x_wconf 82' lang='grc' dir='ltr'>γῆ</span> <span class='ocrx_word' id='word_1_44' title='bbox 1481 924 1570 980; x_wconf 84' lang='grc' dir='ltr'>καὶ</span> <span class='ocrx_word' id='word_1_45' title='bbox 1625 927 1688 980; x_wconf 87' lang='grc' dir='ltr'>τὸ</span> <span class='ocrx_word' id='word_1_46' title='bbox 1744 924 1804 979; x_wconf 80' lang='grc' dir='ltr'>ἐκ</span> <span class='ocrx_word' id='word_1_47' title='bbox 1850 927 1958 978; x_wconf 89' lang='grc' dir='ltr'>τῶν</span> 
     </span>
    </p>
   </div>
   <div class='ocr_carea' id='block_1_10' title="bbox 322 1010 1961 1090">
    <p class='ocr_par' dir='ltr' id='par_1_10' title="bbox 322 1010 1961 1090">
     <span class='ocr_line' id='line_1_10' title="bbox 322 1010 1961 1090; baseline -0.002 -20"><span class='ocrx_word' id='word_1_48' title='bbox 322 1010 546 1090; x_wconf 71' lang='grc' dir='ltr'>ὄμϐρων</span> <span class='ocrx_word' id='word_1_49' title='bbox 592 1012 1019 1090; x_wconf 79' lang='grc' dir='ltr'>καταφερόμενον</span> <span class='ocrx_word' id='word_1_50' title='bbox 1079 1012 1155 1075; x_wconf 85' lang='grc' dir='ltr'>εἷς</span> <span class='ocrx_word' id='word_1_51' title='bbox 1213 1013 1379 1082; x_wconf 75' lang='grc' dir='ltr'>αὐτὴν</span> <span class='ocrx_word' id='word_1_52' title='bbox 1439 1011 1605 1090; x_wconf 73' lang='grc' dir='ltr'>ὕδωρ,</span> <span class='ocrx_word' id='word_1_53' title='bbox 1638 1015 1728 1070; x_wconf 82' lang='grc' dir='ltr'>καὶ</span> <span class='ocrx_word' id='word_1_54' title='bbox 1787 1013 1961 1086; x_wconf 86' lang='grc' dir='ltr'>στέγει</span> 
     </span>
    </p>
   </div>
   <div class='ocr_carea' id='block_1_11' title="bbox 322 1098 1964 1178">
    <p class='ocr_par' dir='ltr' id='par_1_11' title="bbox 322 1098 1964 1178">
     <span class='ocr_line' id='line_1_11' title="bbox 322 1098 1964 1178; baseline -0.002 -19"><span class='ocrx_word' id='word_1_55' title='bbox 322 1109 486 1160; x_wconf 80' lang='grc' dir='ltr'>τοῦτο</span> <span class='ocrx_word' id='word_1_56' title='bbox 535 1102 586 1158; x_wconf 84' lang='grc' dir='ltr'>ἐν</span> <span class='ocrx_word' id='word_1_57' title='bbox 644 1103 827 1176; x_wconf 73' lang='grc' dir='ltr'>ἑαυτῇ.</span> <span class='ocrx_word' id='word_1_58' title='bbox 878 1102 1103 1156; x_wconf 78' lang='grc' dir='ltr'>Δόναται</span> <span class='ocrx_word' id='word_1_59' title='bbox 1149 1099 1206 1156; x_wconf 76' lang='grc' dir='ltr'>δὲ</span> <span class='ocrx_word' id='word_1_60' title='bbox 1254 1098 1432 1177; x_wconf 70' lang='grc' dir='ltr'>ἕτερον</span> <span class='ocrx_word' id='word_1_61' title='bbox 1482 1107 1670 1178; x_wconf 79' lang='grc' dir='ltr'>γεννᾷν</span> <span class='ocrx_word' id='word_1_62' title='bbox 1722 1107 1964 1177; x_wconf 89' lang='grc' dir='ltr'>συνεχῶς</span> 
     </span>
    </p>
   </div>
   <div class='ocr_carea' id='block_1_12' title="bbox 328 1189 1680 1268">
    <p class='ocr_par' dir='ltr' id='par_1_12' title="bbox 328 1189 1680 1268">
     <span class='ocr_line' id='line_1_12' title="bbox 328 1189 1680 1268; baseline -0.002 -20"><span class='ocrx_word' id='word_1_63' title='bbox 328 1193 380 1248; x_wconf 79' lang='grc' dir='ltr'>ἐν</span> <span class='ocrx_word' id='word_1_64' title='bbox 410 1197 526 1254; x_wconf 91' lang='grc' dir='ltr'>τοῖς</span> <span class='ocrx_word' id='word_1_65' title='bbox 557 1192 694 1268; x_wconf 78' lang='grc' dir='ltr'>πρὸς</span> <span class='ocrx_word' id='word_1_66' title='bbox 721 1196 882 1247; x_wconf 80' lang='grc' dir='ltr'>τοῦτο</span> <span class='ocrx_word' id='word_1_67' title='bbox 921 1189 1248 1262; x_wconf 79' lang='grc' dir='ltr'>ἐπιτηδείοις</span> <span class='ocrx_word' id='word_1_68' title='bbox 1275 1191 1464 1253; x_wconf 80' lang='grc' dir='ltr'>τόποις</span> <span class='ocrx_word' id='word_1_69' title='bbox 1493 1191 1680 1261; x_wconf 85' lang='grc' dir='ltr'>αὐτῆς.</span> 
     </span>
    </p>
   </div>
   <div class='ocr_carea' id='block_1_13' title="bbox 403 1276 1971 1356">
    <p class='ocr_par' dir='ltr' id='par_1_13' title="bbox 403 1276 1971 1356">
     <span class='ocr_line' id='line_1_13' title="bbox 403 1276 1971 1356; baseline -0.001 -21"><span class='ocrx_word' id='word_1_70' title='bbox 403 1278 465 1338; x_wconf 88' lang='grc' dir='ltr'>δ’.</span> <span class='ocrx_word' id='word_1_71' title='bbox 494 1282 695 1356; x_wconf 81' lang='grc' dir='ltr'>Ὥσπερ</span> <span class='ocrx_word' id='word_1_72' title='bbox 727 1276 817 1334; x_wconf 75' lang='grc' dir='ltr'>οὖν</span> <span class='ocrx_word' id='word_1_73' title='bbox 849 1278 899 1334; x_wconf 80' lang='grc' dir='ltr'>ἐν</span> <span class='ocrx_word' id='word_1_74' title='bbox 940 1285 1018 1352; x_wconf 87' lang='grc' dir='ltr'>τῷ</span> <span class='ocrx_word' id='word_1_75' title='bbox 1077 1279 1207 1356; x_wconf 75' lang='grc' dir='ltr'>ὑπὲρ</span> <span class='ocrx_word' id='word_1_76' title='bbox 1262 1287 1365 1354; x_wconf 81' lang='grc' dir='ltr'>γῆν</span> <span class='ocrx_word' id='word_1_77' title='bbox 1415 1279 1570 1356; x_wconf 87' lang='grc' dir='ltr'>γόπῳ</span> <span class='ocrx_word' id='word_1_78' title='bbox 1612 1281 1747 1336; x_wconf 81' lang='grc' dir='ltr'>κατὰ</span> <span class='ocrx_word' id='word_1_79' title='bbox 1805 1277 1971 1356; x_wconf 86' lang='grc' dir='ltr'>μικρᾶ</span> 
     </span>
    </p>
   </div>
   <div class='ocr_carea' id='block_1_14' title="bbox 331 1364 1971 1444">
    <p class='ocr_par' dir='ltr' id='par_1_14' title="bbox 331 1364 1971 1444">
     <span class='ocr_line' id='line_1_14' title="bbox 331 1364 1971 1444; baseline -0.001 -20"><span class='ocrx_word' id='word_1_80' title='bbox 331 1369 706 1442; x_wconf 75' lang='grc' dir='ltr'>συνιστάμεναι</span> <span class='ocrx_word' id='word_1_81' title='bbox 788 1371 1002 1444; x_wconf 86' lang='grc' dir='ltr'>πρῶτον</span> <span class='ocrx_word' id='word_1_82' title='bbox 1051 1369 1106 1422; x_wconf 79' lang='grc' dir='ltr'>αἱ</span> <span class='ocrx_word' id='word_1_83' title='bbox 1175 1366 1404 1444; x_wconf 75' lang='grc' dir='ltr'>ῥανίδες,</span> <span class='ocrx_word' id='word_1_84' title='bbox 1463 1364 1626 1424; x_wconf 79' lang='grc' dir='ltr'>ἔπειτ’</span> <span class='ocrx_word' id='word_1_85' title='bbox 1697 1367 1971 1439; x_wconf 77' lang='grc' dir='ltr'>ἀλλήλαις</span> 
     </span>
    </p>
   </div>
   <div class='ocr_carea' id='block_1_15' title="bbox 337 1456 1972 1534">
    <p class='ocr_par' dir='ltr' id='par_1_15' title="bbox 337 1456 1972 1534">
     <span class='ocr_line' id='line_1_15' title="bbox 337 1456 1972 1534; baseline -0.001 -21"><span class='ocrx_word' id='word_1_86' title='bbox 337 1457 680 1533; x_wconf 80' lang='grc' dir='ltr'>μιγνύμεναι,</span> <span class='ocrx_word' id='word_1_87' title='bbox 711 1457 773 1511; x_wconf 77' lang='grc' dir='ltr'>τὸ</span> <span class='ocrx_word' id='word_1_88' title='bbox 800 1456 1109 1512; x_wconf 89' lang='grc' dir='ltr'>τελευταῖον</span> <span class='ocrx_word' id='word_1_89' title='bbox 1156 1459 1291 1530; x_wconf 74' lang='grc' dir='ltr'>μετὰ</span> <span class='ocrx_word' id='word_1_90' title='bbox 1336 1456 1580 1528; x_wconf 75' lang='grc' dir='ltr'>πλήθους</span> <span class='ocrx_word' id='word_1_91' title='bbox 1625 1458 1972 1534; x_wconf 82' lang='grc' dir='ltr'>κατάγονται,</span> 
     </span>
    </p>
   </div>
   <div class='ocr_carea' id='block_1_16' title="bbox 332 1543 1973 1622">
    <p class='ocr_par' dir='ltr' id='par_1_16' title="bbox 332 1543 1973 1622">
     <span class='ocr_line' id='line_1_16' title="bbox 332 1543 1973 1622; baseline -0.001 -20"><span class='ocrx_word' id='word_1_92' title='bbox 332 1545 580 1620; x_wconf 86' lang='grc' dir='ltr'>ποταμόν</span> <span class='ocrx_word' id='word_1_93' title='bbox 605 1566 726 1600; x_wconf 90' lang='grc' dir='ltr'>τινα</span> <span class='ocrx_word' id='word_1_94' title='bbox 755 1543 953 1600; x_wconf 79' lang='grc' dir='ltr'>ἄνωθεν</span> <span class='ocrx_word' id='word_1_95' title='bbox 1005 1545 1194 1622; x_wconf 92' lang='grc' dir='ltr'>ῥέοντα</span> <span class='ocrx_word' id='word_1_96' title='bbox 1235 1550 1508 1600; x_wconf 58' lang='grc' dir='ltr'>ποιοῦσαν</span> <span class='ocrx_word' id='word_1_97' title='bbox 1538 1547 1630 1601; x_wconf 89' lang='grc' dir='ltr'>τὸν</span> <span class='ocrx_word' id='word_1_98' title='bbox 1688 1547 1846 1602; x_wconf 81' lang='grc' dir='ltr'>αὐτὸν</span> <span class='ocrx_word' id='word_1_99' title='bbox 1906 1544 1973 1615; x_wconf 79' lang='grc' dir='ltr'>δὴ</span> 
     </span>
    </p>
   </div>
   <div class='ocr_carea' id='block_1_17' title="bbox 332 1633 1975 1713">
    <p class='ocr_par' dir='ltr' id='par_1_17' title="bbox 332 1633 1975 1713">
     <span class='ocr_line' id='line_1_17' title="bbox 332 1633 1975 1713; baseline -0.001 -22"><span class='ocrx_word' id='word_1_100' title='bbox 332 1636 534 1710; x_wconf 88' lang='grc' dir='ltr'>τρόπον</span> <span class='ocrx_word' id='word_1_101' title='bbox 593 1635 682 1690; x_wconf 82' lang='grc' dir='ltr'>καὶ</span> <span class='ocrx_word' id='word_1_102' title='bbox 741 1635 844 1689; x_wconf 89' lang='grc' dir='ltr'>ὑπὸ</span> <span class='ocrx_word' id='word_1_103' title='bbox 907 1641 1030 1710; x_wconf 81' lang='grc' dir='ltr'>γῆν,</span> <span class='ocrx_word' id='word_1_104' title='bbox 1092 1634 1152 1690; x_wconf 79' lang='grc' dir='ltr'>ἐκ</span> <span class='ocrx_word' id='word_1_105' title='bbox 1209 1640 1417 1709; x_wconf 80' lang='grc' dir='ltr'>μικρῶν</span> <span class='ocrx_word' id='word_1_106' title='bbox 1489 1633 1739 1713; x_wconf 77' lang='grc' dir='ltr'>ῥανίδων,</span> <span class='ocrx_word' id='word_1_107' title='bbox 1797 1635 1975 1712; x_wconf 84' lang='grc' dir='ltr'>ὥσπερ</span> 
     </span>
    </p>
   </div>
   <div class='ocr_carea' id='block_1_18' title="bbox 337 1719 1981 1802">
    <p class='ocr_par' dir='ltr' id='par_1_18' title="bbox 337 1719 1981 1802">
     <span class='ocr_line' id='line_1_18' title="bbox 337 1719 1981 1802; baseline -0.002 -22"><span class='ocrx_word' id='word_1_108' title='bbox 337 1722 596 1802; x_wconf 81' lang='grc' dir='ltr'>ίδροόσης</span> <span class='ocrx_word' id='word_1_109' title='bbox 626 1727 722 1793; x_wconf 78' lang='grc' dir='ltr'>τῆς</span> <span class='ocrx_word' id='word_1_110' title='bbox 754 1725 878 1799; x_wconf 79' lang='grc' dir='ltr'>γῆς,</span> <span class='ocrx_word' id='word_1_111' title='bbox 912 1719 1255 1779; x_wconf 77' lang='grc' dir='ltr'>συλλείϐεται</span> <span class='ocrx_word' id='word_1_112' title='bbox 1285 1729 1499 1800; x_wconf 87' lang='grc' dir='ltr'>πρῶτον</span> <span class='ocrx_word' id='word_1_113' title='bbox 1529 1725 1593 1779; x_wconf 91' lang='grc' dir='ltr'>τὸ</span> <span class='ocrx_word' id='word_1_114' title='bbox 1624 1722 1791 1801; x_wconf 82' lang='grc' dir='ltr'>ὕδωρ,</span> <span class='ocrx_word' id='word_1_115' title='bbox 1821 1723 1882 1779; x_wconf 89' lang='grc' dir='ltr'>τό</span> <span class='ocrx_word' id='word_1_116' title='bbox 1922 1745 1981 1778; x_wconf 88' lang='grc' dir='ltr'>τε</span> 
     </span>
    </p>
   </div>
   <div class='ocr_carea' id='block_1_19' title="bbox 336 1808 1980 1891">
    <p class='ocr_par' dir='ltr' id='par_1_19' title="bbox 336 1808 1980 1891">
     <span class='ocr_line' id='line_1_19' title="bbox 336 1808 1980 1891; baseline -0.001 -23"><span class='ocrx_word' id='word_1_117' title='bbox 336 1815 452 1868; x_wconf 86' lang='grc' dir='ltr'>κατ’</span> <span class='ocrx_word' id='word_1_118' title='bbox 482 1811 647 1882; x_wconf 76' lang='grc' dir='ltr'>αὑτῆς</span> <span class='ocrx_word' id='word_1_119' title='bbox 688 1809 839 1867; x_wconf 84' lang='grc' dir='ltr'>δύνον</span> <span class='ocrx_word' id='word_1_120' title='bbox 883 1811 986 1867; x_wconf 87' lang='grc' dir='ltr'>ὑπὸ</span> <span class='ocrx_word' id='word_1_121' title='bbox 1030 1817 1136 1867; x_wconf 90' lang='grc' dir='ltr'>τῶν</span> <span class='ocrx_word' id='word_1_122' title='bbox 1187 1808 1434 1891; x_wconf 74' lang='grc' dir='ltr'>ὄμϐρων,</span> <span class='ocrx_word' id='word_1_123' title='bbox 1465 1813 1554 1868; x_wconf 85' lang='grc' dir='ltr'>καὶ</span> <span class='ocrx_word' id='word_1_124' title='bbox 1603 1814 1666 1868; x_wconf 88' lang='grc' dir='ltr'>τὸ</span> <span class='ocrx_word' id='word_1_125' title='bbox 1713 1814 1980 1890; x_wconf 82' lang='grc' dir='ltr'>γεννώμε-</span> 
     </span>
    </p>
   </div>
   <div class='ocr_carea' id='block_1_20' title="bbox 337 1898 1980 1978">
    <p class='ocr_par' dir='ltr' id='par_1_20' title="bbox 337 1898 1980 1978">
     <span class='ocr_line' id='line_1_20' title="bbox 337 1898 1980 1978; baseline 0 -21"><span class='ocrx_word' id='word_1_126' title='bbox 337 1924 428 1957; x_wconf 92' lang='grc' dir='ltr'>νον</span> <span class='ocrx_word' id='word_1_127' title='bbox 463 1900 514 1957; x_wconf 79' lang='grc' dir='ltr'>ἐν</span> <span class='ocrx_word' id='word_1_128' title='bbox 539 1900 696 1975; x_wconf 76' lang='grc' dir='ltr'>αὐτῇ·</span> <span class='ocrx_word' id='word_1_129' title='bbox 728 1901 818 1956; x_wconf 82' lang='grc' dir='ltr'>καὶ</span> <span class='ocrx_word' id='word_1_130' title='bbox 865 1901 980 1955; x_wconf 82' lang='grc' dir='ltr'>οἷον</span> <span class='ocrx_word' id='word_1_131' title='bbox 1034 1901 1109 1963; x_wconf 82' lang='grc' dir='ltr'>εἷς</span> <span class='ocrx_word' id='word_1_132' title='bbox 1158 1898 1213 1956; x_wconf 69' lang='grc' dir='ltr'>ἓν</span> <span class='ocrx_word' id='word_1_133' title='bbox 1261 1924 1312 1957; x_wconf 92' lang='grc' dir='ltr'>τι</span> <span class='ocrx_word' id='word_1_134' title='bbox 1369 1899 1636 1973; x_wconf 85' lang='grc' dir='ltr'>πηδώσης</span> <span class='ocrx_word' id='word_1_135' title='bbox 1693 1910 1792 1973; x_wconf 85' lang='grc' dir='ltr'>τῆς</span> <span class='ocrx_word' id='word_1_136' title='bbox 1853 1909 1980 1978; x_wconf 80' lang='grc' dir='ltr'>γῆς,</span> 
     </span>
    </p>
   </div>
   <div class='ocr_carea' id='block_1_21' title="bbox 339 1989 1308 2067">
    <p class='ocr_par' dir='ltr' id='par_1_21' title="bbox 339 1989 1308 2067">
     <span class='ocr_line' id='line_1_21' title="bbox 339 1989 1308 2067; baseline -0.001 -21"><span class='ocrx_word' id='word_1_137' title='bbox 339 1993 396 2046; x_wconf 77' lang='grc' dir='ltr'>αἱ</span> <span class='ocrx_word' id='word_1_138' title='bbox 425 1990 599 2066; x_wconf 83' lang='grc' dir='ltr'>πηγαὶ</span> <span class='ocrx_word' id='word_1_139' title='bbox 624 1989 861 2065; x_wconf 87' lang='grc' dir='ltr'>γίνονται</span> <span class='ocrx_word' id='word_1_140' title='bbox 890 1989 980 2044; x_wconf 84' lang='grc' dir='ltr'>καὶ</span> <span class='ocrx_word' id='word_1_141' title='bbox 1010 1991 1066 2046; x_wconf 74' lang='grc' dir='ltr'>αἱ</span> <span class='ocrx_word' id='word_1_142' title='bbox 1093 1998 1308 2067; x_wconf 79' lang='grc' dir='ltr'>κρῆναι.</span> 
     </span>
    </p>
   </div>
   <div class='ocr_carea' id='block_1_22' title="bbox 414 2077 1983 2157">
    <p class='ocr_par' dir='ltr' id='par_1_22' title="bbox 414 2077 1983 2157">
     <span class='ocr_line' id='line_1_22' title="bbox 414 2077 1983 2157; baseline -0.001 -22"><span class='ocrx_word' id='word_1_143' title='bbox 414 2081 472 2137; x_wconf 86' lang='grc' dir='ltr'>ε’.</span> <span class='ocrx_word' id='word_1_144' title='bbox 505 2079 572 2135; x_wconf 76' lang='lat' dir='ltr'>Ai</span> <span class='ocrx_word' id='word_1_145' title='bbox 601 2079 772 2156; x_wconf 86' lang='grc' dir='ltr'>πηγαὶ</span> <span class='ocrx_word' id='word_1_146' title='bbox 817 2079 909 2152; x_wconf 79' lang='grc' dir='ltr'>μὲν</span> <span class='ocrx_word' id='word_1_147' title='bbox 959 2077 1049 2134; x_wconf 78' lang='grc' dir='ltr'>οὗν</span> <span class='ocrx_word' id='word_1_148' title='bbox 1100 2080 1267 2156; x_wconf 86' lang='grc' dir='ltr'>ἀρχαὶ</span> <span class='ocrx_word' id='word_1_149' title='bbox 1314 2079 1643 2157; x_wconf 87' lang='grc' dir='ltr'>τυγχάνουσι</span> <span class='ocrx_word' id='word_1_150' title='bbox 1699 2084 1983 2153; x_wconf 82' lang='grc' dir='ltr'>ποταμῶν·</span> 
     </span>
    </p>
   </div>
   <div class='ocr_carea' id='block_1_23' title="bbox 342 2166 1988 2244">
    <p class='ocr_par' dir='ltr' id='par_1_23' title="bbox 342 2166 1988 2244">
     <span class='ocr_line' id='line_1_23' title="bbox 342 2166 1988 2244; baseline -0.001 -19"><span class='ocrx_word' id='word_1_151' title='bbox 342 2170 400 2225; x_wconf 80' lang='grc' dir='ltr'>αἱ</span> <span class='ocrx_word' id='word_1_152' title='bbox 445 2166 503 2224; x_wconf 73' lang='grc' dir='ltr'>δὲ</span> <span class='ocrx_word' id='word_1_153' title='bbox 548 2175 740 2244; x_wconf 86' lang='grc' dir='ltr'>κρῆναι</span> <span class='ocrx_word' id='word_1_154' title='bbox 800 2168 989 2244; x_wconf 85' lang='grc' dir='ltr'>μικραὶ</span> <span class='ocrx_word' id='word_1_155' title='bbox 1031 2169 1206 2244; x_wconf 88' lang='grc' dir='ltr'>πηγαί</span> <span class='ocrx_word' id='word_1_156' title='bbox 1248 2169 1370 2241; x_wconf 82' lang='grc' dir='ltr'>εἰσι,</span> <span class='ocrx_word' id='word_1_157' title='bbox 1408 2171 1484 2244; x_wconf 77' lang='grc' dir='ltr'>μὴ</span> <span class='ocrx_word' id='word_1_158' title='bbox 1538 2167 1837 2243; x_wconf 73' lang='grc' dir='ltr'>δυναμένης</span> <span class='ocrx_word' id='word_1_159' title='bbox 1893 2168 1988 2223; x_wconf 72' lang='grc' dir='ltr'>αὖ·</span> 
     </span>
    </p>
   </div>
   <div class='ocr_carea' id='block_1_24' title="bbox 341 2256 1984 2336">
    <p class='ocr_par' dir='ltr' id='par_1_24' title="bbox 341 2256 1984 2336">
     <span class='ocr_line' id='line_1_24' title="bbox 341 2256 1984 2336; baseline -0.001 -22"><span class='ocrx_word' id='word_1_160' title='bbox 341 2262 452 2314; x_wconf 86' lang='grc' dir='ltr'>τῶν</span> <span class='ocrx_word' id='word_1_161' title='bbox 502 2256 729 2328; x_wconf 69' lang='grc' dir='ltr'>ἑκάστης</span> <span class='ocrx_word' id='word_1_162' title='bbox 786 2256 1055 2331; x_wconf 86' lang='grc' dir='ltr'>ποτάμιον</span> <span class='ocrx_word' id='word_1_163' title='bbox 1123 2259 1238 2313; x_wconf 85' lang='grc' dir='ltr'>καθ’</span> <span class='ocrx_word' id='word_1_164' title='bbox 1296 2260 1459 2328; x_wconf 77' lang='grc' dir='ltr'>αὑτὴν</span> <span class='ocrx_word' id='word_1_165' title='bbox 1519 2259 1691 2336; x_wconf 78' lang='grc' dir='ltr'>ῥεῦμα</span> <span class='ocrx_word' id='word_1_166' title='bbox 1744 2278 1984 2335; x_wconf 86' lang='grc' dir='ltr'>προαγα-</span> 
     </span>
    </p>
   </div>
   <div class='ocr_carea' id='block_1_25' title="bbox 347 2352 483 2425">
    <p class='ocr_par' dir='ltr' id='par_1_25' title="bbox 347 2352 483 2425">
     <span class='ocr_line' id='line_1_25' title="bbox 347 2352 483 2425; baseline 0.015 -23"><span class='ocrx_word' id='word_1_167' title='bbox 347 2352 460 2425; x_wconf 85' lang='grc' dir='ltr'>γεῖν</span> <span class='ocrx_word' id='word_1_168' title='bbox 471 2390 483 2404; x_wconf 93' lang='grc'>.</span> 
     </span>
    </p>
   </div>
   <div class='ocr_carea' id='block_1_26' title="bbox 420 2433 1990 2513">
    <p class='ocr_par' dir='ltr' id='par_1_26' title="bbox 420 2433 1990 2513">
     <span class='ocr_line' id='line_1_26' title="bbox 420 2433 1990 2513; baseline -0.001 -21"><span class='ocrx_word' id='word_1_169' title='bbox 420 2439 486 2502; x_wconf 85' lang='grc' dir='ltr'>ς’.</span> <span class='ocrx_word' id='word_1_170' title='bbox 515 2437 576 2490; x_wconf 79' lang='grc' dir='ltr'><strong>Οἱ</strong></span> <span class='ocrx_word' id='word_1_171' title='bbox 608 2435 855 2491; x_wconf 87' lang='grc' dir='ltr'>πλεῖστοι</span> <span class='ocrx_word' id='word_1_172' title='bbox 889 2433 1058 2490; x_wconf 75' lang='grc' dir='ltr'>δὲκαὶ</span> <span class='ocrx_word' id='word_1_173' title='bbox 1114 2436 1353 2513; x_wconf 86' lang='grc' dir='ltr'>μέγιστοι</span> <span class='ocrx_word' id='word_1_174' title='bbox 1411 2441 1517 2491; x_wconf 91' lang='grc' dir='ltr'>τῶν</span> <span class='ocrx_word' id='word_1_175' title='bbox 1573 2441 1834 2510; x_wconf 82' lang='grc' dir='ltr'>ποταμῶν</span> <span class='ocrx_word' id='word_1_176' title='bbox 1883 2436 1990 2491; x_wconf 82' lang='grc' dir='ltr'>ἀπὸ</span> 
     </span>
    </p>
   </div>
   <div class='ocr_carea' id='block_1_27' title="bbox 347 2524 1992 2603">
    <p class='ocr_par' dir='ltr' id='par_1_27' title="bbox 347 2524 1992 2603">
     <span class='ocr_line' id='line_1_27' title="bbox 347 2524 1992 2603; baseline -0.001 -21"><span class='ocrx_word' id='word_1_177' title='bbox 347 2531 456 2582; x_wconf 89' lang='grc' dir='ltr'>τῶν</span> <span class='ocrx_word' id='word_1_178' title='bbox 513 2524 869 2600; x_wconf 81' lang='grc' dir='ltr'>ὑψηλοτάτων</span> <span class='ocrx_word' id='word_1_179' title='bbox 917 2525 1124 2602; x_wconf 87' lang='grc' dir='ltr'>ῥέουσιν</span> <span class='ocrx_word' id='word_1_180' title='bbox 1177 2525 1340 2599; x_wconf 82' lang='grc' dir='ltr'>ὀρῶν.</span> <span class='ocrx_word' id='word_1_181' title='bbox 1381 2527 1561 2603; x_wconf 86' lang='grc' dir='ltr'>Ὀρεσι</span> <span class='ocrx_word' id='word_1_182' title='bbox 1608 2524 1664 2581; x_wconf 78' lang='grc' dir='ltr'>δὲ</span> <span class='ocrx_word' id='word_1_183' title='bbox 1718 2531 1992 2603; x_wconf 85' lang='grc' dir='ltr'>γειτνιῶσι</span> 
     </span>
    </p>
   </div>
   <div class='ocr_carea' id='block_1_28' title="bbox 351 2613 1990 2691">
    <p class='ocr_par' dir='ltr' id='par_1_28' title="bbox 351 2613 1990 2691">
     <span class='ocr_line' id='line_1_28' title="bbox 351 2613 1990 2691; baseline -0.001 -19"><span class='ocrx_word' id='word_1_184' title='bbox 351 2614 438 2672; x_wconf 79' lang='grc' dir='ltr'>καί</span> <span class='ocrx_word' id='word_1_185' title='bbox 486 2615 541 2670; x_wconf 79' lang='lat' dir='ltr'>ui</span> <span class='ocrx_word' id='word_1_186' title='bbox 597 2613 848 2670; x_wconf 88' lang='grc' dir='ltr'>πλεῖσται</span> <span class='ocrx_word' id='word_1_187' title='bbox 901 2621 1116 2688; x_wconf 80' lang='grc' dir='ltr'>κρῆναι,</span> <span class='ocrx_word' id='word_1_188' title='bbox 1157 2614 1247 2668; x_wconf 88' lang='grc' dir='ltr'>καὶ</span> <span class='ocrx_word' id='word_1_189' title='bbox 1303 2613 1354 2687; x_wconf 79' lang='grc' dir='ltr'>ἐξ</span> <span class='ocrx_word' id='word_1_190' title='bbox 1418 2614 1557 2691; x_wconf 83' lang='grc' dir='ltr'>ὀρῶν</span> <span class='ocrx_word' id='word_1_191' title='bbox 1614 2615 1990 2691; x_wconf 82' lang='grc' dir='ltr'>ἀποῤῥέουσιν.</span> 
     </span>
    </p>
   </div>
   <div class='ocr_carea' id='block_1_29' title="bbox 351 2699 1994 2779">
    <p class='ocr_par' dir='ltr' id='par_1_29' title="bbox 351 2699 1994 2779">
     <span class='ocr_line' id='line_1_29' title="bbox 351 2699 1994 2779; baseline -0.002 -20"><span class='ocrx_word' id='word_1_192' title='bbox 351 2706 439 2760; x_wconf 89' lang='grc' dir='ltr'>Ἐν</span> <span class='ocrx_word' id='word_1_193' title='bbox 470 2704 573 2779; x_wconf 77' lang='grc' dir='ltr'>γάρ</span> <span class='ocrx_word' id='word_1_194' title='bbox 603 2708 719 2765; x_wconf 86' lang='grc' dir='ltr'>τοῖς</span> <span class='ocrx_word' id='word_1_195' title='bbox 776 2699 985 2764; x_wconf 79' lang='grc' dir='ltr'>πεδίοις</span> <span class='ocrx_word' id='word_1_196' title='bbox 1053 2699 1236 2777; x_wconf 81' lang='grc' dir='ltr'>ὀλίγαι</span> <span class='ocrx_word' id='word_1_197' title='bbox 1281 2705 1517 2779; x_wconf 83' lang='grc' dir='ltr'>(κρῆναι)</span> <span class='ocrx_word' id='word_1_198' title='bbox 1562 2701 1842 2765; x_wconf 87' lang='grc' dir='ltr'>παντελῶς</span> <span class='ocrx_word' id='word_1_199' title='bbox 1891 2703 1994 2758; x_wconf 82' lang='grc' dir='ltr'>εἶσι</span> 
     </span>
    </p>
   </div>
   <div class='ocr_carea' id='block_1_30' title="bbox 355 2789 1989 2868">
    <p class='ocr_par' dir='ltr' id='par_1_30' title="bbox 355 2789 1989 2868">
     <span class='ocr_line' id='line_1_30' title="bbox 355 2789 1989 2868; baseline -0.001 -20"><span class='ocrx_word' id='word_1_200' title='bbox 355 2793 490 2868; x_wconf 84' lang='grc' dir='ltr'>(καὶ)</span> <span class='ocrx_word' id='word_1_201' title='bbox 518 2792 693 2867; x_wconf 82' lang='grc' dir='ltr'>πηγαὶ</span> <span class='ocrx_word' id='word_1_202' title='bbox 723 2792 812 2846; x_wconf 82' lang='grc' dir='ltr'>καὶ</span> <span class='ocrx_word' id='word_1_203' title='bbox 847 2791 1024 2868; x_wconf 80' lang='grc' dir='ltr'>ῥύσεις</span> <span class='ocrx_word' id='word_1_204' title='bbox 1058 2789 1262 2846; x_wconf 80' lang='grc' dir='ltr'>ὑδάτων</span> <span class='ocrx_word' id='word_1_205' title='bbox 1313 2793 1491 2868; x_wconf 78' lang='grc' dir='ltr'>χωρὶς</span> <span class='ocrx_word' id='word_1_206' title='bbox 1535 2797 1642 2846; x_wconf 86' lang='grc' dir='ltr'>τῶν</span> <span class='ocrx_word' id='word_1_207' title='bbox 1686 2792 1989 2866; x_wconf 71' lang='grc' dir='ltr'>ποταμίων*</span> 
     </span>
    </p>
   </div>
   <div class='ocr_carea' id='block_1_31' title="bbox 355 2878 1995 2958">
    <p class='ocr_par' dir='ltr' id='par_1_31' title="bbox 355 2878 1995 2958">
     <span class='ocr_line' id='line_1_31' title="bbox 355 2878 1995 2958; baseline 0 -22"><span class='ocrx_word' id='word_1_208' title='bbox 355 2882 389 2936; x_wconf 77' lang='grc' dir='ltr'>ἃ</span> <span class='ocrx_word' id='word_1_209' title='bbox 438 2882 520 2958; x_wconf 87' lang='grc' dir='ltr'>ῥεῖ</span> <span class='ocrx_word' id='word_1_210' title='bbox 571 2881 664 2953; x_wconf 76' lang='grc' dir='ltr'>μὲν</span> <span class='ocrx_word' id='word_1_211' title='bbox 708 2878 796 2935; x_wconf 80' lang='grc' dir='ltr'>διὰ</span> <span class='ocrx_word' id='word_1_212' title='bbox 837 2885 945 2936; x_wconf 90' lang='grc' dir='ltr'>τῶν</span> <span class='ocrx_word' id='word_1_213' title='bbox 995 2878 1218 2952; x_wconf 84' lang='grc' dir='ltr'>πεδίων,</span> <span class='ocrx_word' id='word_1_214' title='bbox 1251 2879 1366 2956; x_wconf 81' lang='grc' dir='ltr'>ἔχει</span> <span class='ocrx_word' id='word_1_215' title='bbox 1416 2879 1474 2936; x_wconf 79' lang='grc' dir='ltr'>δὲ</span> <span class='ocrx_word' id='word_1_216' title='bbox 1515 2883 1616 2950; x_wconf 84' lang='grc' dir='ltr'>τὴν</span> <span class='ocrx_word' id='word_1_217' title='bbox 1659 2881 1838 2957; x_wconf 80' lang='grc' dir='ltr'>ἀρχὴν</span> <span class='ocrx_word' id='word_1_218' title='bbox 1889 2881 1995 2936; x_wconf 86' lang='grc' dir='ltr'>ἀπὸ</span> 
     </span>
    </p>
   </div>
   <div class='ocr_carea' id='block_1_32' title="bbox 354 2968 1997 3046">
    <p class='ocr_par' dir='ltr' id='par_1_32' title="bbox 354 2968 1997 3046">
     <span class='ocr_line' id='line_1_32' title="bbox 354 2968 1997 3046; baseline -0.001 -21"><span class='ocrx_word' id='word_1_219' title='bbox 354 2976 462 3026; x_wconf 88' lang='grc' dir='ltr'>τῶν</span> <span class='ocrx_word' id='word_1_220' title='bbox 494 2970 656 3045; x_wconf 84' lang='grc' dir='ltr'>ὀρῶν.</span> <span class='ocrx_word' id='word_1_221' title='bbox 686 2971 761 3024; x_wconf 74' lang='grc' dir='ltr'>Τὰ</span> <span class='ocrx_word' id='word_1_222' title='bbox 788 2970 891 3046; x_wconf 80' lang='grc' dir='ltr'>γὰρ</span> <span class='ocrx_word' id='word_1_223' title='bbox 923 2968 1102 3044; x_wconf 82' lang='grc' dir='ltr'>ὀρεινὰ</span> <span class='ocrx_word' id='word_1_224' title='bbox 1129 2970 1219 3024; x_wconf 88' lang='lat' dir='ltr'>xui</span> <span class='ocrx_word' id='word_1_225' title='bbox 1253 2968 1438 3042; x_wconf 82' lang='grc' dir='ltr'>ὑψηλὰ</span> <span class='ocrx_word' id='word_1_226' title='bbox 1475 2972 1657 3046; x_wconf 85' lang='grc' dir='ltr'>χωρία</span> <span class='ocrx_word' id='word_1_227' title='bbox 1704 2971 1778 3034; x_wconf 86' lang='grc' dir='ltr'>ὡς</span> <span class='ocrx_word' id='word_1_228' title='bbox 1829 2991 1997 3046; x_wconf 89' lang='grc' dir='ltr'>σπογ-</span> 
     </span>
    </p>
   </div>
   <div class='ocr_carea' id='block_1_33' title="bbox 356 3057 1998 3136">
    <p class='ocr_par' dir='ltr' id='par_1_33' title="bbox 356 3057 1998 3136">
     <span class='ocr_line' id='line_1_33' title="bbox 356 3057 1998 3136; baseline 0 -23"><span class='ocrx_word' id='word_1_229' title='bbox 356 3059 470 3136; x_wconf 85' lang='grc' dir='ltr'>γιαί</span> <span class='ocrx_word' id='word_1_230' title='bbox 523 3079 664 3121; x_wconf 88' lang='grc' dir='ltr'>τινες</span> <span class='ocrx_word' id='word_1_231' title='bbox 732 3057 1155 3132; x_wconf 80' lang='grc' dir='ltr'>ἐπικρεμάμεναι</span> <span class='ocrx_word' id='word_1_232' title='bbox 1202 3063 1309 3112; x_wconf 91' lang='grc' dir='ltr'>τῶν</span> <span class='ocrx_word' id='word_1_233' title='bbox 1359 3058 1660 3134; x_wconf 85' lang='grc' dir='ltr'>χθαμαλῶν</span> <span class='ocrx_word' id='word_1_234' title='bbox 1709 3060 1845 3113; x_wconf 75' lang='grc' dir='ltr'>κατὰ</span> <span class='ocrx_word' id='word_1_235' title='bbox 1904 3081 1998 3132; x_wconf 87' lang='grc' dir='ltr'>μι-</span> 
     </span>
    </p>
   </div>
   <div class='ocr_carea' id='block_1_34' title="bbox 357 3143 1996 3226">
    <p class='ocr_par' dir='ltr' id='par_1_34' title="bbox 357 3143 1996 3226">
     <span class='ocr_line' id='line_1_34' title="bbox 357 3143 1996 3226; baseline 0.001 -24"><span class='ocrx_word' id='word_1_236' title='bbox 357 3150 462 3226; x_wconf 85' lang='grc' dir='ltr'>κρά</span> <span class='ocrx_word' id='word_1_237' title='bbox 534 3149 653 3221; x_wconf 77' lang='grc' dir='ltr'>μὲν,</span> <span class='ocrx_word' id='word_1_238' title='bbox 701 3144 966 3221; x_wconf 86' lang='grc' dir='ltr'>πολλαχῆ</span> <span class='ocrx_word' id='word_1_239' title='bbox 1018 3143 1076 3201; x_wconf 72' lang='grc' dir='ltr'>δὲ</span> <span class='ocrx_word' id='word_1_240' title='bbox 1123 3144 1451 3219; x_wconf 84' lang='grc' dir='ltr'>διαπηδῶσι,</span> <span class='ocrx_word' id='word_1_241' title='bbox 1502 3149 1591 3202; x_wconf 84' lang='grc' dir='ltr'>καὶ</span> <span class='ocrx_word' id='word_1_242' title='bbox 1648 3144 1996 3203; x_wconf 85' lang='grc' dir='ltr'>ἀποδιδόασιν</span> 
     </span>
    </p>
   </div>
   <div class='ocr_carea' id='block_1_35' title="bbox 361 3231 2000 3315">
    <p class='ocr_par' dir='ltr' id='par_1_35' title="bbox 361 3231 2000 3315">
     <span class='ocr_line' id='line_1_35' title="bbox 361 3231 2000 3315; baseline 0 -23"><span class='ocrx_word' id='word_1_243' title='bbox 361 3237 492 3314; x_wconf 80' lang='grc' dir='ltr'>ὅπερ</span> <span class='ocrx_word' id='word_1_244' title='bbox 543 3236 596 3291; x_wconf 80' lang='grc' dir='ltr'>ἐν</span> <span class='ocrx_word' id='word_1_245' title='bbox 650 3237 860 3298; x_wconf 72' lang='grc' dir='ltr'>ἑαυτοῖς</span> <span class='ocrx_word' id='word_1_246' title='bbox 918 3235 1024 3290; x_wconf 84' lang='grc' dir='ltr'>ἀπὸ</span> <span class='ocrx_word' id='word_1_247' title='bbox 1077 3240 1184 3290; x_wconf 92' lang='grc' dir='ltr'>τῶν</span> <span class='ocrx_word' id='word_1_248' title='bbox 1247 3231 1468 3312; x_wconf 71' lang='grc' dir='ltr'>ὄμϐρων</span> <span class='ocrx_word' id='word_1_249' title='bbox 1528 3235 1673 3315; x_wconf 74' lang='grc' dir='ltr'>ὕδωρ</span> <span class='ocrx_word' id='word_1_250' title='bbox 1731 3235 2000 3314; x_wconf 85' lang='grc' dir='ltr'>δεχόμενα</span> 
     </span>
    </p>
   </div>
   <div class='ocr_carea' id='block_1_36' title="bbox 361 3322 2001 3404">
    <p class='ocr_par' dir='ltr' id='par_1_36' title="bbox 361 3322 2001 3404">
     <span class='ocr_line' id='line_1_36' title="bbox 361 3322 2001 3404; baseline 0.001 -24"><span class='ocrx_word' id='word_1_251' title='bbox 361 3324 618 3404; x_wconf 73' lang='grc' dir='ltr'>φυλάττει</span> <span class='ocrx_word' id='word_1_252' title='bbox 669 3322 757 3379; x_wconf 77' lang='grc' dir='ltr'>διὰ</span> <span class='ocrx_word' id='word_1_253' title='bbox 800 3323 1126 3395; x_wconf 87' lang='grc' dir='ltr'>πυκνότητα.</span> <span class='ocrx_word' id='word_1_254' title='bbox 1169 3326 1283 3379; x_wconf 84' lang='grc' dir='ltr'>Ἔτι</span> <span class='ocrx_word' id='word_1_255' title='bbox 1331 3346 1391 3379; x_wconf 90' lang='grc' dir='ltr'>τε</span> <span class='ocrx_word' id='word_1_256' title='bbox 1430 3327 1520 3380; x_wconf 78' lang='lat' dir='ltr'>xui</span> <span class='ocrx_word' id='word_1_257' title='bbox 1566 3327 1664 3395; x_wconf 74' lang='grc' dir='ltr'>τὴν</span> <span class='ocrx_word' id='word_1_258' title='bbox 1711 3323 1781 3380; x_wconf 87' lang='grc' dir='ltr'>δι’</span> <span class='ocrx_word' id='word_1_259' title='bbox 1827 3325 2001 3381; x_wconf 85' lang='grc' dir='ltr'>αὐτῶν</span> 
     </span>
    </p>
   </div>
   <div class='ocr_carea' id='block_1_37' title="bbox 2015 2031 2064 2096">
    <p class='ocr_par' dir='ltr' id='par_1_37' title="bbox 2015 2031 2064 2096">
     <span class='ocr_line' id='line_1_37' title="bbox 2015 2031 2064 2096; baseline 0 0"><span class='ocrx_word' id='word_1_260' title='bbox 2015 2031 2064 2096; x_wconf 94' lang='grc' dir='ltr'>Β</span> 
     </span>
    </p>
   </div>
   <div class='ocr_carea' id='block_1_38' title="bbox 2144 921 3705 997">
    <p class='ocr_par' dir='ltr' id='par_1_38' title="bbox 2144 921 3705 997">
     <span class='ocr_line' id='line_1_38' title="bbox 2144 921 3705 997; baseline 0.004 -22"><span class='ocrx_word' id='word_1_261' title='bbox 2144 921 2196 975; x_wconf 90' lang='grc'>3.</span> <span class='ocrx_word' id='word_1_262' title='bbox 2229 925 2374 976; x_wconf 87' lang='lat' dir='ltr'>Nam</span> <span class='ocrx_word' id='word_1_263' title='bbox 2414 926 2570 978; x_wconf 91' lang='lat' dir='ltr'>terra</span> <span class='ocrx_word' id='word_1_264' title='bbox 2611 921 2848 992; x_wconf 87' lang='lat' dir='ltr'>quidem</span> <span class='ocrx_word' id='word_1_265' title='bbox 2889 921 3067 977; x_wconf 88' lang='lat' dir='ltr'>etiam</span> <span class='ocrx_word' id='word_1_266' title='bbox 3117 940 3330 995; x_wconf 87' lang='lat' dir='ltr'>aquam</span> <span class='ocrx_word' id='word_1_267' title='bbox 3379 940 3446 980; x_wconf 85' lang='lat' dir='ltr'>ex</span> <span class='ocrx_word' id='word_1_268' title='bbox 3490 925 3705 997; x_wconf 84' lang='lat' dir='ltr'>pluviis</span> 
     </span>
    </p>
   </div>
   <div class='ocr_carea' id='block_1_39' title="bbox 2075 1009 3705 1085">
    <p class='ocr_par' dir='ltr' id='par_1_39' title="bbox 2075 1009 3705 1085">
     <span class='ocr_line' id='line_1_39' title="bbox 2075 1009 3705 1085; baseline 0.004 -21"><span class='ocrx_word' id='word_1_269' title='bbox 2075 1009 2326 1066; x_wconf 78' lang='lat' dir='ltr'>delatam</span> <span class='ocrx_word' id='word_1_270' title='bbox 2358 1011 2582 1082; x_wconf 83' lang='lat' dir='ltr'>recipit,</span> <span class='ocrx_word' id='word_1_271' title='bbox 2616 1011 2865 1082; x_wconf 82' lang='lat' dir='ltr'>sinuque</span> <span class='ocrx_word' id='word_1_272' title='bbox 2895 1027 3001 1066; x_wconf 90' lang='lat' dir='ltr'>suo</span> <span class='ocrx_word' id='word_1_273' title='bbox 3032 1012 3193 1085; x_wconf 83' lang='lat' dir='ltr'>tegit.</span> <span class='ocrx_word' id='word_1_274' title='bbox 3223 1013 3332 1068; x_wconf 90' lang='lat' dir='ltr'>Sed</span> <span class='ocrx_word' id='word_1_275' title='bbox 3365 1019 3422 1068; x_wconf 87' lang='lat' dir='ltr'>et</span> <span class='ocrx_word' id='word_1_276' title='bbox 3448 1014 3622 1070; x_wconf 87' lang='lat' dir='ltr'>aliam</span> <span class='ocrx_word' id='word_1_277' title='bbox 3644 1016 3705 1070; x_wconf 93' lang='lat' dir='ltr'>in</span> 
     </span>
    </p>
   </div>
   <div class='ocr_carea' id='block_1_40' title="bbox 2077 1098 3705 1176">
    <p class='ocr_par' dir='ltr' id='par_1_40' title="bbox 2077 1098 3705 1176">
     <span class='ocr_line' id='line_1_40' title="bbox 2077 1098 3705 1176; baseline 0.004 -24"><span class='ocrx_word' id='word_1_278' title='bbox 2077 1098 2222 1155; x_wconf 90' lang='lat' dir='ltr'>locis</span> <span class='ocrx_word' id='word_1_279' title='bbox 2249 1101 2319 1154; x_wconf 91' lang='lat' dir='ltr'>ad</span> <span class='ocrx_word' id='word_1_280' title='bbox 2351 1099 2458 1154; x_wconf 92' lang='lat' dir='ltr'>hoc</span> <span class='ocrx_word' id='word_1_281' title='bbox 2499 1099 2725 1155; x_wconf 89' lang='lat' dir='ltr'>idoneis</span> <span class='ocrx_word' id='word_1_282' title='bbox 2775 1101 3136 1156; x_wconf 81' lang='lat' dir='ltr'>continenter</span> <span class='ocrx_word' id='word_1_283' title='bbox 3173 1117 3451 1173; x_wconf 88' lang='lat' dir='ltr'>generare</span> <span class='ocrx_word' id='word_1_284' title='bbox 3497 1109 3705 1176; x_wconf 84' lang='lat' dir='ltr'>potest.</span> 
     </span>
    </p>
   </div>
   <div class='ocr_carea' id='block_1_41' title="bbox 2151 1275 3711 1352">
    <p class='ocr_par' dir='ltr' id='par_1_41' title="bbox 2151 1275 3711 1352">
     <span class='ocr_line' id='line_1_41' title="bbox 2151 1275 3711 1352; baseline 0.006 -22"><span class='ocrx_word' id='word_1_285' title='bbox 2151 1277 2201 1330; x_wconf 86' lang='grc'>4.</span> <span class='ocrx_word' id='word_1_286' title='bbox 2237 1275 2741 1340; x_wconf 84' lang='lat' dir='ltr'>Quemadmodum</span> <span class='ocrx_word' id='word_1_287' title='bbox 2771 1277 2985 1348; x_wconf 89' lang='lat' dir='ltr'>ergoin</span> <span class='ocrx_word' id='word_1_288' title='bbox 3009 1277 3133 1334; x_wconf 92' lang='lat' dir='ltr'>loco</span> <span class='ocrx_word' id='word_1_289' title='bbox 3161 1280 3261 1350; x_wconf 87' lang='lat' dir='ltr'>qui</span> <span class='ocrx_word' id='word_1_290' title='bbox 3288 1297 3468 1352; x_wconf 82' lang='lat' dir='ltr'><strong>supra</strong></span> <span class='ocrx_word' id='word_1_291' title='bbox 3494 1286 3711 1339; x_wconf 85' lang='lat' dir='ltr'>terram</span> 
     </span>
    </p>
   </div>
   <div class='ocr_carea' id='block_1_42' title="bbox 2082 1365 3716 1440">
    <p class='ocr_par' dir='ltr' id='par_1_42' title="bbox 2082 1365 3716 1440">
     <span class='ocr_line' id='line_1_42' title="bbox 2082 1365 3716 1440; baseline 0.005 -20"><span class='ocrx_word' id='word_1_292' title='bbox 2082 1369 2191 1432; x_wconf 91' lang='lat' dir='ltr'>est,</span> <span class='ocrx_word' id='word_1_293' title='bbox 2214 1369 2390 1434; x_wconf 69' lang='lat' dir='ltr'>guttas</span> <span class='ocrx_word' id='word_1_294' title='bbox 2414 1365 2667 1436; x_wconf 90' lang='lat' dir='ltr'>primum</span> <span class='ocrx_word' id='word_1_295' title='bbox 2692 1365 3026 1421; x_wconf 79' lang='lat' dir='ltr'>minutatim</span> <span class='ocrx_word' id='word_1_296' title='bbox 3049 1374 3488 1440; x_wconf 81' lang='lat' dir='ltr'>coagmentatae,</span> <span class='ocrx_word' id='word_1_297' title='bbox 3507 1372 3716 1428; x_wconf 89' lang='lat' dir='ltr'>deinde</span> 
     </span>
    </p>
   </div>
   <div class='ocr_carea' id='block_1_43' title="bbox 2085 1454 3719 1528">
    <p class='ocr_par' dir='ltr' id='par_1_43' title="bbox 2085 1454 3719 1528">
     <span class='ocr_line' id='line_1_43' title="bbox 2085 1454 3719 1528; baseline 0.006 -21"><span class='ocrx_word' id='word_1_298' title='bbox 2085 1454 2237 1508; x_wconf 90' lang='lat' dir='ltr'>inter</span> <span class='ocrx_word' id='word_1_299' title='bbox 2267 1470 2328 1508; x_wconf 92' lang='lat' dir='ltr'>se</span> <span class='ocrx_word' id='word_1_300' title='bbox 2375 1455 2720 1520; x_wconf 67' lang='lat' dir='ltr'>commistze,</span> <span class='ocrx_word' id='word_1_301' title='bbox 2766 1455 3004 1510; x_wconf 84' lang='lat' dir='ltr'>tandem</span> <span class='ocrx_word' id='word_1_302' title='bbox 3055 1456 3115 1511; x_wconf 93' lang='lat' dir='ltr'>in</span> <span class='ocrx_word' id='word_1_303' title='bbox 3165 1459 3330 1528; x_wconf 92' lang='lat' dir='ltr'>copia</span> <span class='ocrx_word' id='word_1_304' title='bbox 3377 1459 3719 1517; x_wconf 82' lang='lat' dir='ltr'>deferuntur</span> 
     </span>
    </p>
   </div>
   <div class='ocr_carea' id='block_1_44' title="bbox 2089 1541 3720 1616">
    <p class='ocr_par' dir='ltr' id='par_1_44' title="bbox 2089 1541 3720 1616">
     <span class='ocr_line' id='line_1_44' title="bbox 2089 1541 3720 1616; baseline 0.007 -22"><span class='ocrx_word' id='word_1_305' title='bbox 2089 1541 2329 1596; x_wconf 91' lang='lat' dir='ltr'>ﬂuvium</span> <span class='ocrx_word' id='word_1_306' title='bbox 2360 1543 2513 1596; x_wconf 67' lang='lat'>176</span> <span class='ocrx_word' id='word_1_307' title='bbox 2545 1541 2800 1613; x_wconf 88' lang='lat' dir='ltr'>aliquem</span> <span class='ocrx_word' id='word_1_308' title='bbox 2851 1560 3101 1616; x_wconf 85' lang='lat' dir='ltr'>superne</span> <span class='ocrx_word' id='word_1_309' title='bbox 3151 1545 3427 1602; x_wconf 73' lang='lat' dir='ltr'>fluentem</span> <span class='ocrx_word' id='word_1_310' title='bbox 3469 1549 3720 1605; x_wconf 82' lang='lat' dir='ltr'>efﬁcien-</span> 
     </span>
    </p>
   </div>
   <div class='ocr_carea' id='block_1_45' title="bbox 2088 1632 3720 1710">
    <p class='ocr_par' dir='ltr' id='par_1_45' title="bbox 2088 1632 3720 1710">
     <span class='ocr_line' id='line_1_45' title="bbox 2088 1632 3720 1710; baseline 0.006 -25"><span class='ocrx_word' id='word_1_311' title='bbox 2088 1635 2175 1686; x_wconf 87' lang='lat' dir='ltr'>tes</span> <span class='ocrx_word' id='word_1_312' title='bbox 2202 1648 2216 1698; x_wconf 92' lang='lat'><strong>;</strong></span> <span class='ocrx_word' id='word_1_313' title='bbox 2251 1632 2454 1686; x_wconf 91' lang='lat' dir='ltr'>eodem</span> <span class='ocrx_word' id='word_1_314' title='bbox 2486 1648 2626 1686; x_wconf 90' lang='lat' dir='ltr'>sane</span> <span class='ocrx_word' id='word_1_315' title='bbox 2656 1633 2830 1688; x_wconf 88' lang='lat' dir='ltr'>etiam</span> <span class='ocrx_word' id='word_1_316' title='bbox 2863 1633 3034 1689; x_wconf 93' lang='lat' dir='ltr'>modo</span> <span class='ocrx_word' id='word_1_317' title='bbox 3065 1634 3217 1690; x_wconf 70' lang='lat' dir='ltr'>infra</span> <span class='ocrx_word' id='word_1_318' title='bbox 3247 1640 3463 1692; x_wconf 90' lang='lat' dir='ltr'>terram</span> <span class='ocrx_word' id='word_1_319' title='bbox 3493 1655 3562 1694; x_wconf 85' lang='lat' dir='ltr'>ex</span> <span class='ocrx_word' id='word_1_320' title='bbox 3585 1656 3720 1710; x_wconf 90' lang='lat' dir='ltr'>par-</span> 
     </span>
    </p>
   </div>
   <div class='ocr_carea' id='block_1_46' title="bbox 2088 1720 3723 1801">
    <p class='ocr_par' dir='ltr' id='par_1_46' title="bbox 2088 1720 3723 1801">
     <span class='ocr_line' id='line_1_46' title="bbox 2088 1720 3723 1801; baseline 0.007 -27"><span class='ocrx_word' id='word_1_321' title='bbox 2088 1720 2174 1776; x_wconf 86' lang='lat' dir='ltr'>vis</span> <span class='ocrx_word' id='word_1_322' title='bbox 2205 1720 2386 1792; x_wconf 85' lang='lat' dir='ltr'>guttis</span> <span class='ocrx_word' id='word_1_323' title='bbox 2418 1721 2586 1792; x_wconf 92' lang='lat' dir='ltr'>quasi</span> <span class='ocrx_word' id='word_1_324' title='bbox 2618 1722 2856 1778; x_wconf 90' lang='lat' dir='ltr'>sudaret</span> <span class='ocrx_word' id='word_1_325' title='bbox 2879 1727 3034 1778; x_wconf 89' lang='lat' dir='ltr'>terra</span> <span class='ocrx_word' id='word_1_326' title='bbox 3062 1723 3244 1780; x_wconf 88' lang='lat' dir='ltr'>stillat</span> <span class='ocrx_word' id='word_1_327' title='bbox 3275 1725 3528 1797; x_wconf 91' lang='lat' dir='ltr'>primum</span> <span class='ocrx_word' id='word_1_328' title='bbox 3569 1745 3723 1801; x_wconf 82' lang='lat' dir='ltr'>aqua</span> 
     </span>
    </p>
   </div>
   <div class='ocr_carea' id='block_1_47' title="bbox 2092 1809 3721 1887">
    <p class='ocr_par' dir='ltr' id='par_1_47' title="bbox 2092 1809 3721 1887">
     <span class='ocr_line' id='line_1_47' title="bbox 2092 1809 3721 1887; baseline 0.005 -22"><span class='ocrx_word' id='word_1_329' title='bbox 2092 1827 2227 1865; x_wconf 90' lang='lat' dir='ltr'>cum</span> <span class='ocrx_word' id='word_1_330' title='bbox 2277 1825 2403 1880; x_wconf 63' lang='lat' dir='ltr'>quae</span> <span class='ocrx_word' id='word_1_331' title='bbox 2448 1809 2636 1881; x_wconf 89' lang='lat' dir='ltr'>ipsam</span> <span class='ocrx_word' id='word_1_332' title='bbox 2669 1827 2703 1864; x_wconf 93' lang='lat' dir='ltr'>a</span> <span class='ocrx_word' id='word_1_333' title='bbox 2730 1809 2945 1882; x_wconf 85' lang='lat' dir='ltr'>pluviis</span> <span class='ocrx_word' id='word_1_334' title='bbox 2995 1812 3173 1882; x_wconf 89' lang='lat' dir='ltr'>subit,</span> <span class='ocrx_word' id='word_1_335' title='bbox 3225 1817 3351 1869; x_wconf 91' lang='lat' dir='ltr'>tum</span> <span class='ocrx_word' id='word_1_336' title='bbox 3401 1832 3526 1887; x_wconf 61' lang='lat' dir='ltr'>quae</span> <span class='ocrx_word' id='word_1_337' title='bbox 3574 1818 3721 1873; x_wconf 92' lang='lat' dir='ltr'>inibi</span> 
     </span>
    </p>
   </div>
   <div class='ocr_carea' id='block_1_48' title="bbox 2093 1897 3720 1978">
    <p class='ocr_par' dir='ltr' id='par_1_48' title="bbox 2093 1897 3720 1978">
     <span class='ocr_line' id='line_1_48' title="bbox 2093 1897 3720 1978; baseline 0.005 -24"><span class='ocrx_word' id='word_1_338' title='bbox 2093 1902 2404 1970; x_wconf 82' lang='lat' dir='ltr'>generatur</span> <span class='ocrx_word' id='word_1_339' title='bbox 2425 1915 2438 1965; x_wconf 94' lang='lat'>;</span> <span class='ocrx_word' id='word_1_340' title='bbox 2458 1897 2717 1970; x_wconf 88' lang='lat' dir='ltr'>adeoque</span> <span class='ocrx_word' id='word_1_341' title='bbox 2745 1898 2921 1954; x_wconf 88' lang='lat' dir='ltr'>veluti</span> <span class='ocrx_word' id='word_1_342' title='bbox 2944 1900 3242 1957; x_wconf 77' lang='lat' dir='ltr'>oonsiliret</span> <span class='ocrx_word' id='word_1_343' title='bbox 3262 1907 3413 1960; x_wconf 88' lang='lat' dir='ltr'>terra</span> <span class='ocrx_word' id='word_1_344' title='bbox 3435 1905 3495 1960; x_wconf 88' lang='lat' dir='ltr'>in</span> <span class='ocrx_word' id='word_1_345' title='bbox 3513 1923 3720 1978; x_wconf 89' lang='lat' dir='ltr'>unum,</span> 
     </span>
    </p>
   </div>
   <div class='ocr_carea' id='block_1_49' title="bbox 2095 1987 3104 2059">
    <p class='ocr_par' dir='ltr' id='par_1_49' title="bbox 2095 1987 3104 2059">
     <span class='ocr_line' id='line_1_49' title="bbox 2095 1987 3104 2059; baseline 0.004 -18"><span class='ocrx_word' id='word_1_346' title='bbox 2095 1987 2282 2043; x_wconf 88' lang='lat' dir='ltr'>fontes</span> <span class='ocrx_word' id='word_1_347' title='bbox 2312 1989 2370 2042; x_wconf 89' lang='lat' dir='ltr'>et</span> <span class='ocrx_word' id='word_1_348' title='bbox 2397 1987 2784 2059; x_wconf 81' lang='lat' dir='ltr'>scaturigines</span> <span class='ocrx_word' id='word_1_349' title='bbox 2816 1988 3104 2046; x_wconf 88' lang='lat' dir='ltr'>oriuntur.</span> 
     </span>
    </p>
   </div>
   <div class='ocr_carea' id='block_1_50' title="bbox 2163 2075 3731 2156">
    <p class='ocr_par' dir='ltr' id='par_1_50' title="bbox 2163 2075 3731 2156">
     <span class='ocr_line' id='line_1_50' title="bbox 2163 2075 3731 2156; baseline 0.007 -27"><span class='ocrx_word' id='word_1_350' title='bbox 2163 2077 2218 2130; x_wconf 89' lang='lat'>5.</span> <span class='ocrx_word' id='word_1_351' title='bbox 2250 2075 2462 2131; x_wconf 89' lang='lat' dir='ltr'>Fontes</span> <span class='ocrx_word' id='word_1_352' title='bbox 2490 2076 2732 2147; x_wconf 88' lang='lat' dir='ltr'>proinde</span> <span class='ocrx_word' id='word_1_353' title='bbox 2761 2076 3001 2147; x_wconf 88' lang='lat' dir='ltr'>quidem</span> <span class='ocrx_word' id='word_1_354' title='bbox 3032 2078 3340 2136; x_wconf 87' lang='lat' dir='ltr'>ﬂuviorum</span> <span class='ocrx_word' id='word_1_355' title='bbox 3365 2087 3504 2139; x_wconf 87' lang='lat' dir='ltr'>sunt</span> <span class='ocrx_word' id='word_1_356' title='bbox 3519 2084 3731 2156; x_wconf 87' lang='lat' dir='ltr'>princi-</span> 
     </span>
    </p>
   </div>
   <div class='ocr_carea' id='block_1_51' title="bbox 2095 2165 3727 2241">
    <p class='ocr_par' dir='ltr' id='par_1_51' title="bbox 2095 2165 3727 2241">
     <span class='ocr_line' id='line_1_51' title="bbox 2095 2165 3727 2241; baseline 0.007 -22"><span class='ocrx_word' id='word_1_357' title='bbox 2095 2165 2224 2237; x_wconf 89' lang='lat' dir='ltr'>pia;</span> <span class='ocrx_word' id='word_1_358' title='bbox 2258 2165 2645 2237; x_wconf 83' lang='lat' dir='ltr'>scaturigines</span> <span class='ocrx_word' id='word_1_359' title='bbox 2675 2170 2894 2234; x_wconf 88' lang='lat' dir='ltr'>autem,</span> <span class='ocrx_word' id='word_1_360' title='bbox 2925 2168 3118 2241; x_wconf 84' lang='lat' dir='ltr'>exigui</span> <span class='ocrx_word' id='word_1_361' title='bbox 3152 2170 3338 2228; x_wconf 88' lang='lat' dir='ltr'>fontes</span> <span class='ocrx_word' id='word_1_362' title='bbox 3370 2179 3545 2241; x_wconf 87' lang='lat' dir='ltr'>sunt;</span> <span class='ocrx_word' id='word_1_363' title='bbox 3593 2190 3727 2230; x_wconf 88' lang='lat' dir='ltr'>cum</span> 
     </span>
    </p>
   </div>
   <div class='ocr_carea' id='block_1_52' title="bbox 2096 2253 3730 2333">
    <p class='ocr_par' dir='ltr' id='par_1_52' title="bbox 2096 2253 3730 2333">
     <span class='ocr_line' id='line_1_52' title="bbox 2096 2253 3730 2333; baseline 0.007 -25"><span class='ocrx_word' id='word_1_364' title='bbox 2096 2253 2370 2324; x_wconf 84' lang='lat' dir='ltr'>quaelibet</span> <span class='ocrx_word' id='word_1_365' title='bbox 2400 2269 2601 2309; x_wconf 88' lang='lat' dir='ltr'>earum</span> <span class='ocrx_word' id='word_1_366' title='bbox 2628 2253 2922 2310; x_wconf 88' lang='lat' dir='ltr'>ﬂuvialem</span> <span class='ocrx_word' id='word_1_367' title='bbox 2953 2257 3266 2314; x_wconf 89' lang='lat' dir='ltr'>decursum</span> <span class='ocrx_word' id='word_1_368' title='bbox 3297 2275 3399 2331; x_wconf 91' lang='lat' dir='ltr'>per</span> <span class='ocrx_word' id='word_1_369' title='bbox 3429 2277 3491 2317; x_wconf 87' lang='lat' dir='ltr'>se</span> <span class='ocrx_word' id='word_1_370' title='bbox 3521 2263 3730 2333; x_wconf 76' lang='lat' dir='ltr'>produ-</span> 
     </span>
    </p>
   </div>
   <div class='ocr_carea' id='block_1_53' title="bbox 2098 2345 2958 2413">
    <p class='ocr_par' dir='ltr' id='par_1_53' title="bbox 2098 2345 2958 2413">
     <span class='ocr_line' id='line_1_53' title="bbox 2098 2345 2958 2413; baseline 0 -16"><span class='ocrx_word' id='word_1_371' title='bbox 2098 2357 2224 2397; x_wconf 91' lang='lat' dir='ltr'>cere</span> <span class='ocrx_word' id='word_1_372' title='bbox 2251 2345 2518 2413; x_wconf 88' lang='lat' dir='ltr'>nequeat.</span> <span class='ocrx_word' id='word_1_373' title='bbox 2956 2357 2958 2362; x_wconf 91' lang='grc'><strong>·</strong></span> 
     </span>
    </p>
   </div>
   <div class='ocr_carea' id='block_1_54' title="bbox 2166 2429 3730 2502">
    <p class='ocr_par' dir='ltr' id='par_1_54' title="bbox 2166 2429 3730 2502">
     <span class='ocr_line' id='line_1_54' title="bbox 2166 2429 3730 2502; baseline 0.008 -18"><span class='ocrx_word' id='word_1_374' title='bbox 2166 2431 2220 2485; x_wconf 84' lang='grc'>6.</span> <span class='ocrx_word' id='word_1_375' title='bbox 2257 2431 2430 2485; x_wconf 89' lang='lat' dir='ltr'>Porro</span> <span class='ocrx_word' id='word_1_376' title='bbox 2458 2429 2694 2502; x_wconf 89' lang='lat' dir='ltr'>plurimi</span> <span class='ocrx_word' id='word_1_377' title='bbox 2726 2436 2782 2487; x_wconf 90' lang='lat' dir='ltr'>et</span> <span class='ocrx_word' id='word_1_378' title='bbox 2827 2433 3064 2488; x_wconf 84' lang='lat' dir='ltr'>maximi</span> <span class='ocrx_word' id='word_1_379' title='bbox 3115 2434 3274 2491; x_wconf 89' lang='lat' dir='ltr'>ﬂuvii</span> <span class='ocrx_word' id='word_1_380' title='bbox 3317 2453 3387 2492; x_wconf 83' lang='lat' dir='ltr'>ex</span> <span class='ocrx_word' id='word_1_381' title='bbox 3421 2437 3730 2496; x_wconf 85' lang='lat' dir='ltr'>altissimis</span> 
     </span>
    </p>
   </div>
   <div class='ocr_carea' id='block_1_55' title="bbox 2100 2519 3734 2602">
    <p class='ocr_par' dir='ltr' id='par_1_55' title="bbox 2100 2519 3734 2602">
     <span class='ocr_line' id='line_1_55' title="bbox 2100 2519 3734 2602; baseline 0.007 -27"><span class='ocrx_word' id='word_1_382' title='bbox 2100 2520 2290 2575; x_wconf 89' lang='lat' dir='ltr'>ﬂuunt</span> <span class='ocrx_word' id='word_1_383' title='bbox 2343 2519 2660 2575; x_wconf 89' lang='lat' dir='ltr'>montibus.</span> <span class='ocrx_word' id='word_1_384' title='bbox 2719 2520 2829 2576; x_wconf 89' lang='lat' dir='ltr'>Sed</span> <span class='ocrx_word' id='word_1_385' title='bbox 2881 2527 2938 2576; x_wconf 92' lang='lat' dir='ltr'>et</span> <span class='ocrx_word' id='word_1_386' title='bbox 2995 2523 3260 2595; x_wconf 62' lang='lat' dir='ltr'>plurimae</span> <span class='ocrx_word' id='word_1_387' title='bbox 3345 2529 3734 2602; x_wconf 87' lang='lat' dir='ltr'>scaturigines</span> 
     </span>
    </p>
   </div>
   <div class='ocr_carea' id='block_1_56' title="bbox 2102 2608 3734 2676">
    <p class='ocr_par' dir='ltr' id='par_1_56' title="bbox 2102 2608 3734 2676">
     <span class='ocr_line' id='line_1_56' title="bbox 2102 2608 3734 2676; baseline 0.007 -12"><span class='ocrx_word' id='word_1_388' title='bbox 2102 2608 2402 2664; x_wconf 89' lang='lat' dir='ltr'>montibus</span> <span class='ocrx_word' id='word_1_389' title='bbox 2431 2608 2631 2664; x_wconf 68' lang='lat' dir='ltr'>vicinae</span> <span class='ocrx_word' id='word_1_390' title='bbox 2662 2614 2818 2676; x_wconf 90' lang='lat' dir='ltr'>sunt,</span> <span class='ocrx_word' id='word_1_391' title='bbox 2852 2615 2910 2665; x_wconf 90' lang='lat' dir='ltr'>et</span> <span class='ocrx_word' id='word_1_392' title='bbox 2939 2628 3007 2666; x_wconf 84' lang='lat' dir='ltr'>ex</span> <span class='ocrx_word' id='word_1_393' title='bbox 3036 2613 3339 2671; x_wconf 88' lang='lat' dir='ltr'>montibus</span> <span class='ocrx_word' id='word_1_394' title='bbox 3362 2617 3644 2674; x_wconf 89' lang='lat' dir='ltr'>deﬂuunt.</span> <span class='ocrx_word' id='word_1_395' title='bbox 3670 2621 3734 2675; x_wconf 91' lang='lat' dir='ltr'>In</span> 
     </span>
    </p>
   </div>
   <div class='ocr_carea' id='block_1_57' title="bbox 2102 2697 3736 2780">
    <p class='ocr_par' dir='ltr' id='par_1_57' title="bbox 2102 2697 3736 2780">
     <span class='ocr_line' id='line_1_57' title="bbox 2102 2697 3736 2780; baseline 0.007 -28"><span class='ocrx_word' id='word_1_396' title='bbox 2102 2697 2342 2770; x_wconf 90' lang='lat' dir='ltr'>planitie</span> <span class='ocrx_word' id='word_1_397' title='bbox 2374 2697 2528 2753; x_wconf 90' lang='lat' dir='ltr'>enim</span> <span class='ocrx_word' id='word_1_398' title='bbox 2573 2703 2724 2753; x_wconf 89' lang='lat' dir='ltr'>certe</span> <span class='ocrx_word' id='word_1_399' title='bbox 2767 2716 2962 2770; x_wconf 66' lang='lat' dir='ltr'>paucis</span> <span class='ocrx_word' id='word_1_400' title='bbox 3012 2710 3150 2756; x_wconf 84' lang='lat' dir='ltr'>sunt</span> <span class='ocrx_word' id='word_1_401' title='bbox 3203 2703 3612 2777; x_wconf 87' lang='lat' dir='ltr'>(scaturigines</span> <span class='ocrx_word' id='word_1_402' title='bbox 3659 2710 3736 2780; x_wconf 92' lang='lat' dir='ltr'>et)</span> 
     </span>
    </p>
   </div>
   <div class='ocr_carea' id='block_1_58' title="bbox 2104 2787 3735 2869">
    <p class='ocr_par' dir='ltr' id='par_1_58' title="bbox 2104 2787 3735 2869">
     <span class='ocr_line' id='line_1_58' title="bbox 2104 2787 3735 2869; baseline 0.006 -26"><span class='ocrx_word' id='word_1_403' title='bbox 2104 2792 2291 2844; x_wconf 83' lang='lat' dir='ltr'>fontes</span> <span class='ocrx_word' id='word_1_404' title='bbox 2322 2793 2379 2843; x_wconf 92' lang='lat' dir='ltr'>et</span> <span class='ocrx_word' id='word_1_405' title='bbox 2409 2787 2599 2842; x_wconf 83' lang='lat' dir='ltr'>ﬂuxus</span> <span class='ocrx_word' id='word_1_406' title='bbox 2629 2805 2936 2860; x_wconf 88' lang='lat' dir='ltr'>aquarum,</span> <span class='ocrx_word' id='word_1_407' title='bbox 2969 2792 3223 2862; x_wconf 87' lang='lat' dir='ltr'>exceptis</span> <span class='ocrx_word' id='word_1_408' title='bbox 3247 2793 3580 2851; x_wconf 88' lang='lat' dir='ltr'>ﬂuvialibus</span> <span class='ocrx_word' id='word_1_409' title='bbox 3608 2814 3735 2869; x_wconf 65' lang='lat' dir='ltr'>quae</span> 
     </span>
    </p>
   </div>
   <div class='ocr_carea' id='block_1_59' title="bbox 2105 2876 3737 2954">
    <p class='ocr_par' dir='ltr' id='par_1_59' title="bbox 2105 2876 3737 2954">
     <span class='ocr_line' id='line_1_59' title="bbox 2105 2876 3737 2954; baseline 0.006 -22"><span class='ocrx_word' id='word_1_410' title='bbox 2105 2895 2208 2951; x_wconf 90' lang='lat' dir='ltr'>per</span> <span class='ocrx_word' id='word_1_411' title='bbox 2237 2877 2411 2949; x_wconf 87' lang='lat' dir='ltr'>plana</span> <span class='ocrx_word' id='word_1_412' title='bbox 2439 2876 2676 2948; x_wconf 90' lang='lat' dir='ltr'>quidem</span> <span class='ocrx_word' id='word_1_413' title='bbox 2703 2879 3040 2946; x_wconf 91' lang='lat' dir='ltr'>decurrunt,</span> <span class='ocrx_word' id='word_1_414' title='bbox 3071 2882 3170 2936; x_wconf 90' lang='lat' dir='ltr'>sed</span> <span class='ocrx_word' id='word_1_415' title='bbox 3203 2881 3486 2954; x_wconf 88' lang='lat' dir='ltr'>originem</span> <span class='ocrx_word' id='word_1_416' title='bbox 3521 2884 3737 2941; x_wconf 90' lang='lat' dir='ltr'>habent</span> 
     </span>
    </p>
   </div>
   <div class='ocr_carea' id='block_1_60' title="bbox 2106 2965 3734 3038">
    <p class='ocr_par' dir='ltr' id='par_1_60' title="bbox 2106 2965 3734 3038">
     <span class='ocr_line' id='line_1_60' title="bbox 2106 2965 3734 3038; baseline 0.004 -16"><span class='ocrx_word' id='word_1_417' title='bbox 2106 2985 2139 3022; x_wconf 88' lang='lat' dir='ltr'>a</span> <span class='ocrx_word' id='word_1_418' title='bbox 2167 2967 2483 3022; x_wconf 88' lang='lat' dir='ltr'>montibus.</span> <span class='ocrx_word' id='word_1_419' title='bbox 2517 2965 2738 3038; x_wconf 89' lang='lat' dir='ltr'>Quippe</span> <span class='ocrx_word' id='word_1_420' title='bbox 2768 2971 3045 3022; x_wconf 90' lang='lat' dir='ltr'>montana</span> <span class='ocrx_word' id='word_1_421' title='bbox 3085 2975 3141 3023; x_wconf 89' lang='lat' dir='ltr'>et</span> <span class='ocrx_word' id='word_1_422' title='bbox 3187 2970 3345 3026; x_wconf 86' lang='lat' dir='ltr'>edita</span> <span class='ocrx_word' id='word_1_423' title='bbox 3387 2971 3512 3027; x_wconf 87' lang='lat' dir='ltr'>loca</span> <span class='ocrx_word' id='word_1_424' title='bbox 3557 2973 3734 3030; x_wconf 91' lang='lat' dir='ltr'>veluti</span> 
     </span>
    </p>
   </div>
   <div class='ocr_carea' id='block_1_61' title="bbox 2106 3055 3736 3132">
    <p class='ocr_par' dir='ltr' id='par_1_61' title="bbox 2106 3055 3736 3132">
     <span class='ocr_line' id='line_1_61' title="bbox 2106 3055 3736 3132; baseline 0.003 -20"><span class='ocrx_word' id='word_1_425' title='bbox 2106 3057 2360 3128; x_wconf 73' lang='lat' dir='ltr'>spongiae</span> <span class='ocrx_word' id='word_1_426' title='bbox 2390 3057 2657 3126; x_wconf 59' lang='lat' dir='ltr'>quadam</span> <span class='ocrx_word' id='word_1_427' title='bbox 2685 3055 3009 3112; x_wconf 89' lang='lat' dir='ltr'>humilibus</span> <span class='ocrx_word' id='word_1_428' title='bbox 3030 3057 3430 3128; x_wconf 87' lang='lat' dir='ltr'>impendentes</span> <span class='ocrx_word' id='word_1_429' title='bbox 3454 3063 3736 3132; x_wconf 83' lang='lat' dir='ltr'>pauxilla-</span> 
     </span>
    </p>
   </div>
   <div class='ocr_carea' id='block_1_62' title="bbox 2104 3145 3741 3222">
    <p class='ocr_par' dir='ltr' id='par_1_62' title="bbox 2104 3145 3741 3222">
     <span class='ocr_line' id='line_1_62' title="bbox 2104 3145 3741 3222; baseline 0.003 -20"><span class='ocrx_word' id='word_1_430' title='bbox 2104 3148 2212 3202; x_wconf 91' lang='lat' dir='ltr'>tim</span> <span class='ocrx_word' id='word_1_431' title='bbox 2240 3146 2498 3218; x_wconf 90' lang='lat' dir='ltr'>quidem,</span> <span class='ocrx_word' id='word_1_432' title='bbox 2531 3146 2631 3200; x_wconf 92' lang='lat' dir='ltr'>sed</span> <span class='ocrx_word' id='word_1_433' title='bbox 2664 3145 2868 3201; x_wconf 86' lang='lat' dir='ltr'>multis</span> <span class='ocrx_word' id='word_1_434' title='bbox 2897 3163 2966 3202; x_wconf 78' lang='lat' dir='ltr'>ex</span> <span class='ocrx_word' id='word_1_435' title='bbox 2990 3147 3254 3218; x_wconf 88' lang='lat' dir='ltr'>partibus</span> <span class='ocrx_word' id='word_1_436' title='bbox 3287 3157 3658 3222; x_wconf 89' lang='lat' dir='ltr'>rumpuntur,</span> <span class='ocrx_word' id='word_1_437' title='bbox 3684 3157 3741 3208; x_wconf 91' lang='lat' dir='ltr'>et</span> 
     </span>
    </p>
   </div>
   <div class='ocr_carea' id='block_1_63' title="bbox 2109 3234 3738 3309">
    <p class='ocr_par' dir='ltr' id='par_1_63' title="bbox 2109 3234 3738 3309">
     <span class='ocr_line' id='line_1_63' title="bbox 2109 3234 3738 3309; baseline 0.004 -18"><span class='ocrx_word' id='word_1_438' title='bbox 2109 3252 2324 3308; x_wconf 89' lang='lat' dir='ltr'>aquam</span> <span class='ocrx_word' id='word_1_439' title='bbox 2355 3236 2608 3290; x_wconf 89' lang='lat' dir='ltr'>reddunt</span> <span class='ocrx_word' id='word_1_440' title='bbox 2638 3251 2816 3306; x_wconf 90' lang='lat' dir='ltr'>quam</span> <span class='ocrx_word' id='word_1_441' title='bbox 2847 3234 2906 3289; x_wconf 92' lang='lat' dir='ltr'>in</span> <span class='ocrx_word' id='word_1_442' title='bbox 2951 3252 3014 3290; x_wconf 91' lang='lat' dir='ltr'>se</span> <span class='ocrx_word' id='word_1_443' title='bbox 3051 3252 3120 3291; x_wconf 86' lang='lat' dir='ltr'>ex</span> <span class='ocrx_word' id='word_1_444' title='bbox 3175 3237 3390 3309; x_wconf 89' lang='lat' dir='ltr'>pluviis</span> <span class='ocrx_word' id='word_1_445' title='bbox 3437 3239 3738 3298; x_wconf 89' lang='lat' dir='ltr'>collectam</span> 
     </span>
    </p>
   </div>
   <div class='ocr_carea' id='block_1_64' title="bbox 2110 3323 3741 3402">
    <p class='ocr_par' dir='ltr' id='par_1_64' title="bbox 2110 3323 3741 3402">
     <span class='ocr_line' id='line_1_64' title="bbox 2110 3323 3741 3402; baseline 0.004 -22"><span class='ocrx_word' id='word_1_446' title='bbox 2110 3328 2412 3380; x_wconf 87' lang='lat' dir='ltr'>asservant</span> <span class='ocrx_word' id='word_1_447' title='bbox 2440 3323 2747 3379; x_wconf 89' lang='lat' dir='ltr'>densitatis</span> <span class='ocrx_word' id='word_1_448' title='bbox 2778 3341 2894 3379; x_wconf 73' lang='lat' dir='ltr'>sua:</span> <span class='ocrx_word' id='word_1_449' title='bbox 2929 3340 3126 3380; x_wconf 90' lang='lat' dir='ltr'>causa.</span> <span class='ocrx_word' id='word_1_450' title='bbox 3179 3326 3326 3390; x_wconf 89' lang='lat' dir='ltr'>Quin</span> <span class='ocrx_word' id='word_1_451' title='bbox 3376 3333 3434 3383; x_wconf 92' lang='lat' dir='ltr'>et</span> <span class='ocrx_word' id='word_1_452' title='bbox 3485 3330 3741 3402; x_wconf 89' lang='lat' dir='ltr'>amplius</span> 
     </span>
    </p>
   </div>
   <div class='ocr_carea' id='block_1_65' title="bbox 364 3398 1995 3491">
    <p class='ocr_par' dir='ltr' id='par_1_65' title="bbox 364 3412 1995 3491">
     <span class='ocr_line' id='line_1_65' title="bbox 364 3412 1995 3491; baseline 0.001 -22"><span class='ocrx_word' id='word_1_453' title='bbox 364 3415 610 3469; x_wconf 73' lang='grc' dir='ltr'>ἀνιοῦσαν</span> <span class='ocrx_word' id='word_1_454' title='bbox 670 3413 729 3468; x_wconf 80' lang='grc' dir='ltr'>ἐκ</span> <span class='ocrx_word' id='word_1_455' title='bbox 788 3413 983 3490; x_wconf 78' lang='grc' dir='ltr'>βάθους</span> <span class='ocrx_word' id='word_1_456' title='bbox 1027 3412 1226 3487; x_wconf 83' lang='grc' dir='ltr'>ἀτμίδα</span> <span class='ocrx_word' id='word_1_457' title='bbox 1263 3413 1430 3489; x_wconf 76' lang='grc' dir='ltr'>ψύχει</span> <span class='ocrx_word' id='word_1_458' title='bbox 1459 3415 1524 3469; x_wconf 77' lang='grc' dir='ltr'>τὰ</span> <span class='ocrx_word' id='word_1_459' title='bbox 1550 3419 1772 3470; x_wconf 76' lang='grc' dir='ltr'>τοιαῦτα</span> <span class='ocrx_word' id='word_1_460' title='bbox 1821 3415 1995 3491; x_wconf 82' lang='grc' dir='ltr'>χωρία</span> 
     </span>
    </p>
   </div>
   <div class='ocr_carea' id='block_1_66' title="bbox 2115 3398 3746 3491">
    <p class='ocr_par' dir='ltr' id='par_1_66' title="bbox 2115 3398 3746 3490">
     <span class='ocr_line' id='line_1_66' title="bbox 2115 3398 3746 3490; baseline 0.004 -21"><span class='ocrx_word' id='word_1_461' title='bbox 2115 3431 2182 3469; x_wconf 83' lang='lat' dir='ltr'>ex</span> <span class='ocrx_word' id='word_1_462' title='bbox 2211 3417 2438 3470; x_wconf 89' lang='lat' dir='ltr'>suamet</span> <span class='ocrx_word' id='word_1_463' title='bbox 2467 3413 2861 3485; x_wconf 87' lang='lat' dir='ltr'>profunditate</span> <span class='ocrx_word' id='word_1_464' title='bbox 2891 3414 3302 3471; x_wconf 88' lang='lat' dir='ltr'>ascendentem</span> <span class='ocrx_word' id='word_1_465' title='bbox 3331 3398 3604 3490; x_wconf 82' lang='lat' dir='ltr'>vaporem</span> <span class='ocrx_word' id='word_1_466' title='bbox 3662 3436 3746 3476; x_wconf 88' lang='lat' dir='ltr'>re-</span> 
     </span>
    </p>
   </div>
   <div class='ocr_carea' id='block_1_67' title="bbox 363 3497 1999 3580">
    <p class='ocr_par' dir='ltr' id='par_1_67' title="bbox 363 3497 1999 3580">
     <span class='ocr_line' id='line_1_67' title="bbox 363 3497 1999 3580; baseline 0 -21"><span class='ocrx_word' id='word_1_467' title='bbox 363 3502 452 3559; x_wconf 88' lang='lat' dir='ltr'>xui</span> <span class='ocrx_word' id='word_1_468' title='bbox 494 3497 826 3577; x_wconf 76' lang='grc' dir='ltr'>μεταϐάλλει</span> <span class='ocrx_word' id='word_1_469' title='bbox 870 3500 945 3564; x_wconf 70' lang='grc' dir='ltr'>εἲς</span> <span class='ocrx_word' id='word_1_470' title='bbox 999 3499 1168 3576; x_wconf 75' lang='grc' dir='ltr'>ὕδωρ,</span> <span class='ocrx_word' id='word_1_471' title='bbox 1225 3503 1300 3565; x_wconf 86' lang='grc' dir='ltr'>ὡς</span> <span class='ocrx_word' id='word_1_472' title='bbox 1351 3502 1442 3557; x_wconf 84' lang='grc' dir='ltr'>καὶ</span> <span class='ocrx_word' id='word_1_473' title='bbox 1500 3507 1660 3558; x_wconf 73' lang='grc' dir='ltr'>τοῦτο</span> <span class='ocrx_word' id='word_1_474' title='bbox 1715 3503 1999 3580; x_wconf 89' lang='grc' dir='ltr'>γινόμενον</span> 
     </span>
    </p>
   </div>
   <div class='ocr_carea' id='block_1_68' title="bbox 363 3590 2002 3670">
    <p class='ocr_par' dir='ltr' id='par_1_68' title="bbox 363 3590 2002 3670">
     <span class='ocr_line' id='line_1_68' title="bbox 363 3590 2002 3670; baseline 0 -22"><span class='ocrx_word' id='word_1_475' title='bbox 363 3592 619 3670; x_wconf 79' lang='grc' dir='ltr'>ἀπορῥεῖν</span> <span class='ocrx_word' id='word_1_476' title='bbox 665 3590 718 3662; x_wconf 76' lang='grc' dir='ltr'><strong>ἐξ</strong></span> <span class='ocrx_word' id='word_1_477' title='bbox 768 3590 962 3646; x_wconf 81' lang='grc' dir='ltr'>αὐτῶν·</span> <span class='ocrx_word' id='word_1_478' title='bbox 1015 3591 1077 3646; x_wconf 83' lang='grc' dir='ltr'>οὐ</span> <span class='ocrx_word' id='word_1_479' title='bbox 1151 3593 1258 3666; x_wconf 73' lang='grc' dir='ltr'>μὴν</span> <span class='ocrx_word' id='word_1_480' title='bbox 1311 3592 1471 3666; x_wconf 86' lang='grc' dir='ltr'>μόνον</span> <span class='ocrx_word' id='word_1_481' title='bbox 1522 3594 1583 3647; x_wconf 87' lang='grc' dir='ltr'>τὸ</span> <span class='ocrx_word' id='word_1_482' title='bbox 1634 3592 1694 3648; x_wconf 79' lang='grc' dir='ltr'>ἐκ</span> <span class='ocrx_word' id='word_1_483' title='bbox 1734 3598 1843 3647; x_wconf 90' lang='grc' dir='ltr'>τῶν</span> <span class='ocrx_word' id='word_1_484' title='bbox 1901 3590 2002 3667; x_wconf 75' lang='grc' dir='ltr'>ὅμ-</span> 
     </span>
    </p>
   </div>
   <div class='ocr_carea' id='block_1_69' title="bbox 366 3680 1196 3758">
    <p class='ocr_par' dir='ltr' id='par_1_69' title="bbox 366 3680 1196 3758">
     <span class='ocr_line' id='line_1_69' title="bbox 366 3680 1196 3758; baseline -0.002 -22"><span class='ocrx_word' id='word_1_485' title='bbox 366 3683 512 3758; x_wconf 87' lang='grc' dir='ltr'>βρων</span> <span class='ocrx_word' id='word_1_486' title='bbox 545 3682 958 3756; x_wconf 86' lang='grc' dir='ltr'>προενυπάρχον</span> <span class='ocrx_word' id='word_1_487' title='bbox 991 3680 1196 3743; x_wconf 84' lang='grc' dir='ltr'>αὐτοῖς.</span> 
     </span>
    </p>
   </div>
   <div class='ocr_carea' id='block_1_70' title="bbox 439 3768 2003 3850">
    <p class='ocr_par' dir='ltr' id='par_1_70' title="bbox 439 3768 2003 3850">
     <span class='ocr_line' id='line_1_70' title="bbox 439 3768 2003 3850; baseline -0.001 -22"><span class='ocrx_word' id='word_1_488' title='bbox 439 3772 500 3840; x_wconf 80' lang='grc' dir='ltr'>ζ’.</span> <span class='ocrx_word' id='word_1_489' title='bbox 531 3772 690 3825; x_wconf 68' lang='grc' dir='ltr'>’Ὥστε</span> <span class='ocrx_word' id='word_1_490' title='bbox 736 3769 826 3824; x_wconf 84' lang='grc' dir='ltr'>καὶ</span> <span class='ocrx_word' id='word_1_491' title='bbox 874 3768 990 3824; x_wconf 78' lang='grc' dir='ltr'>ὅσοι</span> <span class='ocrx_word' id='word_1_492' title='bbox 1035 3774 1142 3824; x_wconf 91' lang='grc' dir='ltr'>τῶν</span> <span class='ocrx_word' id='word_1_493' title='bbox 1197 3775 1458 3843; x_wconf 88' lang='grc' dir='ltr'>ποταμῶν</span> <span class='ocrx_word' id='word_1_494' title='bbox 1513 3770 1564 3841; x_wconf 82' lang='grc' dir='ltr'>ἐξ</span> <span class='ocrx_word' id='word_1_495' title='bbox 1609 3769 1745 3826; x_wconf 69' lang='grc' dir='ltr'>ἑλῶν</span> <span class='ocrx_word' id='word_1_496' title='bbox 1793 3773 2003 3850; x_wconf 75' lang='grc' dir='ltr'>φαίνον-</span> 
     </span>
    </p>
   </div>
   <div class='ocr_carea' id='block_1_71' title="bbox 363 3857 2004 3938">
    <p class='ocr_par' dir='ltr' id='par_1_71' title="bbox 363 3857 2004 3938">
     <span class='ocr_line' id='line_1_71' title="bbox 363 3857 2004 3938; baseline 0 -23"><span class='ocrx_word' id='word_1_497' title='bbox 363 3880 452 3915; x_wconf 86' lang='grc' dir='ltr'>ται</span> <span class='ocrx_word' id='word_1_498' title='bbox 502 3858 730 3938; x_wconf 77' lang='grc' dir='ltr'>ῥέοντες,</span> <span class='ocrx_word' id='word_1_499' title='bbox 782 3859 840 3914; x_wconf 74' lang='grc' dir='ltr'>ἐκ</span> <span class='ocrx_word' id='word_1_500' title='bbox 879 3863 986 3913; x_wconf 89' lang='grc' dir='ltr'>τῶν</span> <span class='ocrx_word' id='word_1_501' title='bbox 1030 3857 1383 3935; x_wconf 70' lang='grc' dir='ltr'>ὑψηλοτέρων</span> <span class='ocrx_word' id='word_1_502' title='bbox 1435 3859 1616 3914; x_wconf 85' lang='grc' dir='ltr'>τόπων</span> <span class='ocrx_word' id='word_1_503' title='bbox 1670 3857 1854 3936; x_wconf 79' lang='grc' dir='ltr'>ἔχουσι</span> <span class='ocrx_word' id='word_1_504' title='bbox 1909 3861 2004 3923; x_wconf 81' lang='grc' dir='ltr'>τὰς</span> 
     </span>
    </p>
   </div>
   <div class='ocr_carea' id='block_1_72' title="bbox 367 3943 2006 4026">
    <p class='ocr_par' dir='ltr' id='par_1_72' title="bbox 367 3943 2006 4026">
     <span class='ocr_line' id='line_1_72' title="bbox 367 3943 2006 4026; baseline 0 -22"><span class='ocrx_word' id='word_1_505' title='bbox 367 3950 586 4026; x_wconf 83' lang='grc' dir='ltr'>πρώτας</span> <span class='ocrx_word' id='word_1_506' title='bbox 617 3947 814 4025; x_wconf 82' lang='grc' dir='ltr'>ἀρχάς.</span> <span class='ocrx_word' id='word_1_507' title='bbox 847 3949 1076 4011; x_wconf 85' lang='grc' dir='ltr'>Ἐκεῖθεν</span> <span class='ocrx_word' id='word_1_508' title='bbox 1123 3949 1226 4023; x_wconf 80' lang='grc' dir='ltr'>γάρ</span> <span class='ocrx_word' id='word_1_509' title='bbox 1274 3943 1693 4022; x_wconf 81' lang='grc' dir='ltr'>συλλειϐόμενον</span> <span class='ocrx_word' id='word_1_510' title='bbox 1743 3951 1804 4004; x_wconf 89' lang='grc' dir='ltr'>τὸ</span> <span class='ocrx_word' id='word_1_511' title='bbox 1861 3947 2006 4024; x_wconf 77' lang='grc' dir='ltr'>ὕδωρ</span> 
     </span>
    </p>
   </div>
   <div class='ocr_carea' id='block_1_73' title="bbox 369 4033 2008 4115">
    <p class='ocr_par' dir='ltr' id='par_1_73' title="bbox 369 4033 2008 4115">
     <span class='ocr_line' id='line_1_73' title="bbox 369 4033 2008 4115; baseline 0 -22"><span class='ocrx_word' id='word_1_512' title='bbox 369 4039 458 4094; x_wconf 80' lang='grc' dir='ltr'>καὶ</span> <span class='ocrx_word' id='word_1_513' title='bbox 508 4037 729 4115; x_wconf 80' lang='grc' dir='ltr'>συρῥέον</span> <span class='ocrx_word' id='word_1_514' title='bbox 783 4038 870 4092; x_wconf 81' lang='grc' dir='ltr'>καὶ</span> <span class='ocrx_word' id='word_1_515' title='bbox 920 4038 1252 4110; x_wconf 75' lang='grc' dir='ltr'>ὑπονομεῦον</span> <span class='ocrx_word' id='word_1_516' title='bbox 1301 4037 1368 4091; x_wconf 77' lang='grc' dir='ltr'>τά</span> <span class='ocrx_word' id='word_1_517' title='bbox 1411 4033 1537 4108; x_wconf 70' lang='grc' dir='ltr'>ἕλη,</span> <span class='ocrx_word' id='word_1_518' title='bbox 1573 4038 1632 4093; x_wconf 81' lang='grc' dir='ltr'>ἐκ</span> <span class='ocrx_word' id='word_1_519' title='bbox 1669 4038 1876 4093; x_wconf 83' lang='grc' dir='ltr'>τούτων</span> <span class='ocrx_word' id='word_1_520' title='bbox 1933 4039 2008 4101; x_wconf 85' lang='grc' dir='ltr'>ὡς</span> 
     </span>
    </p>
   </div>
   <div class='ocr_carea' id='block_1_74' title="bbox 372 4124 1005 4204">
    <p class='ocr_par' dir='ltr' id='par_1_74' title="bbox 372 4124 1005 4204">
     <span class='ocr_line' id='line_1_74' title="bbox 372 4124 1005 4204; baseline -0.002 -20"><span class='ocrx_word' id='word_1_521' title='bbox 372 4129 431 4184; x_wconf 78' lang='grc' dir='ltr'>ἐκ</span> <span class='ocrx_word' id='word_1_522' title='bbox 459 4132 648 4204; x_wconf 88' lang='grc' dir='ltr'>πηγῶν</span> <span class='ocrx_word' id='word_1_523' title='bbox 679 4124 1005 4183; x_wconf 83' lang='grc' dir='ltr'>ἀναδίδοται.</span> 
     </span>
    </p>
   </div>
   <div class='ocr_carea' id='block_1_75' title="bbox 443 4211 2008 4292">
    <p class='ocr_par' dir='ltr' id='par_1_75' title="bbox 443 4211 2008 4292">
     <span class='ocr_line' id='line_1_75' title="bbox 443 4211 2008 4292; baseline -0.003 -17"><span class='ocrx_word' id='word_1_524' title='bbox 443 4220 513 4288; x_wconf 91' lang='grc' dir='ltr'>η’.</span> <span class='ocrx_word' id='word_1_525' title='bbox 547 4216 608 4272; x_wconf 82' lang='lat' dir='ltr'>Ei</span> <span class='ocrx_word' id='word_1_526' title='bbox 644 4217 738 4289; x_wconf 74' lang='grc' dir='ltr'>μὲν</span> <span class='ocrx_word' id='word_1_527' title='bbox 772 4214 862 4271; x_wconf 75' lang='grc' dir='ltr'>οὖν</span> <span class='ocrx_word' id='word_1_528' title='bbox 892 4217 960 4270; x_wconf 81' lang='grc' dir='ltr'>τὰ</span> <span class='ocrx_word' id='word_1_529' title='bbox 1007 4215 1315 4288; x_wconf 86' lang='grc' dir='ltr'>ἐπικείμενα</span> <span class='ocrx_word' id='word_1_530' title='bbox 1370 4211 1471 4292; x_wconf 75' lang='grc' dir='ltr'>ὅρη</span> <span class='ocrx_word' id='word_1_531' title='bbox 1534 4215 1760 4291; x_wconf 85' lang='grc' dir='ltr'>μέγιστά</span> <span class='ocrx_word' id='word_1_532' title='bbox 1812 4238 1870 4272; x_wconf 89' lang='grc' dir='ltr'>τε</span> <span class='ocrx_word' id='word_1_533' title='bbox 1926 4213 2008 4287; x_wconf 63' lang='grc' dir='ltr'>εἷίη</span> 
     </span>
    </p>
   </div>
   <div class='ocr_carea' id='block_1_76' title="bbox 373 4304 2010 4381">
    <p class='ocr_par' dir='ltr' id='par_1_76' title="bbox 373 4304 2010 4381">
     <span class='ocr_line' id='line_1_76' title="bbox 373 4304 2010 4381; baseline -0.001 -19"><span class='ocrx_word' id='word_1_534' title='bbox 373 4307 463 4362; x_wconf 84' lang='grc' dir='ltr'>καὶ</span> <span class='ocrx_word' id='word_1_535' title='bbox 492 4306 664 4362; x_wconf 86' lang='grc' dir='ltr'>πυκνᾶ</span> <span class='ocrx_word' id='word_1_536' title='bbox 707 4306 797 4360; x_wconf 85' lang='grc' dir='ltr'>καὶ</span> <span class='ocrx_word' id='word_1_537' title='bbox 845 4306 1048 4381; x_wconf 77' lang='grc' dir='ltr'>ψυχρά,</span> <span class='ocrx_word' id='word_1_538' title='bbox 1085 4304 1261 4380; x_wconf 78' lang='grc' dir='ltr'>ῥέουσι</span> <span class='ocrx_word' id='word_1_539' title='bbox 1311 4305 1400 4360; x_wconf 80' lang='grc' dir='ltr'>καὶ</span> <span class='ocrx_word' id='word_1_540' title='bbox 1449 4305 1502 4359; x_wconf 79' lang='lat' dir='ltr'>oi</span> <span class='ocrx_word' id='word_1_541' title='bbox 1557 4304 1788 4360; x_wconf 77' lang='grc' dir='ltr'>ἐντεῦθεν</span> <span class='ocrx_word' id='word_1_542' title='bbox 1844 4327 2010 4361; x_wconf 91' lang='grc' dir='ltr'>ποτα-</span> 
     </span>
    </p>
   </div>
   <div class='ocr_carea' id='block_1_77' title="bbox 377 4392 2012 4473">
    <p class='ocr_par' dir='ltr' id='par_1_77' title="bbox 377 4392 2012 4473">
     <span class='ocr_line' id='line_1_77' title="bbox 377 4392 2012 4473; baseline 0 -23"><span class='ocrx_word' id='word_1_543' title='bbox 377 4396 471 4468; x_wconf 81' lang='grc' dir='ltr'>μοὶ</span> <span class='ocrx_word' id='word_1_544' title='bbox 522 4395 760 4453; x_wconf 80' lang='grc' dir='ltr'>ἀένναον.</span> <span class='ocrx_word' id='word_1_545' title='bbox 803 4395 866 4448; x_wconf 81' lang='lat' dir='ltr'>Oi</span> <span class='ocrx_word' id='word_1_546' title='bbox 911 4394 1014 4469; x_wconf 79' lang='grc' dir='ltr'>γὰρ</span> <span class='ocrx_word' id='word_1_547' title='bbox 1059 4398 1298 4448; x_wconf 77' lang='grc' dir='ltr'>τοιοῦτοι</span> <span class='ocrx_word' id='word_1_548' title='bbox 1345 4393 1503 4448; x_wconf 89' lang='grc' dir='ltr'>τόποι</span> <span class='ocrx_word' id='word_1_549' title='bbox 1560 4392 1811 4450; x_wconf 90' lang='grc' dir='ltr'>πλεῖστον</span> <span class='ocrx_word' id='word_1_550' title='bbox 1866 4393 2012 4473; x_wconf 80' lang='grc' dir='ltr'>ὕδωρ</span> 
     </span>
    </p>
   </div>
   <div class='ocr_carea' id='block_1_78' title="bbox 369 4481 2014 4560">
    <p class='ocr_par' dir='ltr' id='par_1_78' title="bbox 369 4481 2014 4560">
     <span class='ocr_line' id='line_1_78' title="bbox 369 4481 2014 4560; baseline -0.001 -21"><span class='ocrx_word' id='word_1_551' title='bbox 369 4485 461 4540; x_wconf 86' lang='grc' dir='ltr'>καὶ</span> <span class='ocrx_word' id='word_1_552' title='bbox 493 4481 745 4560; x_wconf 82' lang='grc' dir='ltr'>δέχονται</span> <span class='ocrx_word' id='word_1_553' title='bbox 773 4483 862 4538; x_wconf 86' lang='grc' dir='ltr'>καὶ</span> <span class='ocrx_word' id='word_1_554' title='bbox 895 4482 1137 4558; x_wconf 89' lang='grc' dir='ltr'>στέγουσι</span> <span class='ocrx_word' id='word_1_555' title='bbox 1177 4482 1266 4537; x_wconf 88' lang='grc' dir='ltr'>καὶ</span> <span class='ocrx_word' id='word_1_556' title='bbox 1296 4487 1533 4539; x_wconf 79' lang='grc' dir='ltr'>ποιοῦσι.</span> <span class='ocrx_word' id='word_1_557' title='bbox 1562 4486 1745 4545; x_wconf 88' lang='grc' dir='ltr'>Ὅσοις</span> <span class='ocrx_word' id='word_1_558' title='bbox 1797 4481 1854 4538; x_wconf 72' lang='grc' dir='ltr'>δὲ</span> <span class='ocrx_word' id='word_1_559' title='bbox 1909 4488 2014 4538; x_wconf 88' lang='grc' dir='ltr'>τῶν</span> 
     </span>
    </p>
   </div>
   <div class='ocr_carea' id='block_1_79' title="bbox 372 4570 2015 4648">
    <p class='ocr_par' dir='ltr' id='par_1_79' title="bbox 372 4570 2015 4648">
     <span class='ocr_line' id='line_1_79' title="bbox 372 4570 2015 4648; baseline -0.001 -20"><span class='ocrx_word' id='word_1_560' title='bbox 372 4573 634 4646; x_wconf 88' lang='grc' dir='ltr'>ποταμών</span> <span class='ocrx_word' id='word_1_561' title='bbox 714 4573 804 4627; x_wconf 84' lang='grc' dir='ltr'>καὶ</span> <span class='ocrx_word' id='word_1_562' title='bbox 876 4570 1301 4646; x_wconf 78' lang='grc' dir='ltr'>ἐπικρεμάμεναι</span> <span class='ocrx_word' id='word_1_563' title='bbox 1371 4575 1476 4625; x_wconf 90' lang='grc' dir='ltr'>τῶν</span> <span class='ocrx_word' id='word_1_564' title='bbox 1541 4570 1683 4648; x_wconf 83' lang='grc' dir='ltr'>ὀρῶν</span> <span class='ocrx_word' id='word_1_565' title='bbox 1742 4571 2015 4634; x_wconf 85' lang='grc' dir='ltr'>συστάσεις</span> 
     </span>
    </p>
   </div>
   <div class='ocr_carea' id='block_1_80' title="bbox 380 4656 2012 4738">
    <p class='ocr_par' dir='ltr' id='par_1_80' title="bbox 380 4656 2012 4738">
     <span class='ocr_line' id='line_1_80' title="bbox 380 4656 2012 4738; baseline -0.002 -21"><span class='ocrx_word' id='word_1_566' title='bbox 380 4663 566 4738; x_wconf 87' lang='grc' dir='ltr'>μικραί</span> <span class='ocrx_word' id='word_1_567' title='bbox 595 4661 749 4733; x_wconf 78' lang='grc' dir='ltr'>εἰσιν,</span> <span class='ocrx_word' id='word_1_568' title='bbox 778 4661 814 4729; x_wconf 69' lang='grc' dir='ltr'><strong>ἢ</strong></span> <span class='ocrx_word' id='word_1_569' title='bbox 849 4659 1051 4738; x_wconf 80' lang='grc' dir='ltr'>σομφαὶ</span> <span class='ocrx_word' id='word_1_570' title='bbox 1090 4660 1179 4714; x_wconf 82' lang='grc' dir='ltr'>καὶ</span> <span class='ocrx_word' id='word_1_571' title='bbox 1229 4656 1481 4722; x_wconf 84' lang='grc' dir='ltr'>λιθώδεις</span> <span class='ocrx_word' id='word_1_572' title='bbox 1529 4659 1619 4714; x_wconf 79' lang='grc' dir='ltr'>καὶ</span> <span class='ocrx_word' id='word_1_573' title='bbox 1667 4658 2012 4735; x_wconf 77' lang='grc' dir='ltr'>ἀργιλώδεις,</span> 
     </span>
    </p>
   </div>
   <div class='ocr_carea' id='block_1_81' title="bbox 2111 3501 3746 3577">
    <p class='ocr_par' dir='ltr' id='par_1_81' title="bbox 2111 3501 3746 3577">
     <span class='ocr_line' id='line_1_81' title="bbox 2111 3501 3746 3577; baseline 0.005 -20"><span class='ocrx_word' id='word_1_574' title='bbox 2111 3504 2391 3574; x_wconf 86' lang='lat' dir='ltr'>frigerant</span> <span class='ocrx_word' id='word_1_575' title='bbox 2418 3501 2710 3572; x_wconf 90' lang='lat' dir='ltr'>ejusmodi</span> <span class='ocrx_word' id='word_1_576' title='bbox 2741 3501 2888 3568; x_wconf 88' lang='lat' dir='ltr'>loca,</span> <span class='ocrx_word' id='word_1_577' title='bbox 2920 3508 2978 3558; x_wconf 90' lang='lat' dir='ltr'>et</span> <span class='ocrx_word' id='word_1_578' title='bbox 3006 3503 3066 3558; x_wconf 92' lang='lat' dir='ltr'>in</span> <span class='ocrx_word' id='word_1_579' title='bbox 3097 3520 3311 3576; x_wconf 90' lang='lat' dir='ltr'>aquam</span> <span class='ocrx_word' id='word_1_580' title='bbox 3359 3511 3626 3577; x_wconf 86' lang='lat' dir='ltr'>mutant;</span> <span class='ocrx_word' id='word_1_581' title='bbox 3679 3514 3746 3565; x_wconf 88' lang='lat' dir='ltr'>ut</span> 
     </span>
    </p>
   </div>
   <div class='ocr_carea' id='block_1_82' title="bbox 2111 3591 3741 3663">
    <p class='ocr_par' dir='ltr' id='par_1_82' title="bbox 2111 3591 3741 3663">
     <span class='ocr_line' id='line_1_82' title="bbox 2111 3591 3741 3663; baseline 0.004 -15"><span class='ocrx_word' id='word_1_582' title='bbox 2111 3597 2167 3648; x_wconf 93' lang='lat' dir='ltr'>et</span> <span class='ocrx_word' id='word_1_583' title='bbox 2195 3592 2317 3647; x_wconf 72' lang='lat' dir='ltr'>hzec</span> <span class='ocrx_word' id='word_1_584' title='bbox 2349 3607 2482 3646; x_wconf 92' lang='lat' dir='ltr'>cum</span> <span class='ocrx_word' id='word_1_585' title='bbox 2514 3591 2578 3645; x_wconf 83' lang='lat' dir='ltr'>fit</span> <span class='ocrx_word' id='word_1_586' title='bbox 2606 3607 2675 3646; x_wconf 86' lang='lat' dir='ltr'>ex</span> <span class='ocrx_word' id='word_1_587' title='bbox 2703 3591 2850 3663; x_wconf 89' lang='lat' dir='ltr'>ipsis</span> <span class='ocrx_word' id='word_1_588' title='bbox 2879 3594 3029 3648; x_wconf 75' lang='grc'>177</span> <span class='ocrx_word' id='word_1_589' title='bbox 3065 3593 3303 3663; x_wconf 83' lang='lat' dir='ltr'>efﬂuat;</span> <span class='ocrx_word' id='word_1_590' title='bbox 3355 3610 3462 3651; x_wconf 88' lang='lat' dir='ltr'>nec</span> <span class='ocrx_word' id='word_1_591' title='bbox 3502 3613 3572 3652; x_wconf 89' lang='lat' dir='ltr'>ea</span> <span class='ocrx_word' id='word_1_592' title='bbox 3614 3599 3741 3654; x_wconf 85' lang='lat' dir='ltr'>tan-</span> 
     </span>
    </p>
   </div>
   <div class='ocr_carea' id='block_1_83' title="bbox 2109 3678 3492 3752">
    <p class='ocr_par' dir='ltr' id='par_1_83' title="bbox 2109 3678 3492 3752">
     <span class='ocr_line' id='line_1_83' title="bbox 2109 3678 3492 3752; baseline 0.004 -15"><span class='ocrx_word' id='word_1_593' title='bbox 2109 3689 2236 3737; x_wconf 91' lang='lat' dir='ltr'>tum</span> <span class='ocrx_word' id='word_1_594' title='bbox 2268 3697 2394 3752; x_wconf 72' lang='lat' dir='ltr'>quae</span> <span class='ocrx_word' id='word_1_595' title='bbox 2423 3695 2492 3734; x_wconf 86' lang='lat' dir='ltr'>ex</span> <span class='ocrx_word' id='word_1_596' title='bbox 2521 3678 2734 3751; x_wconf 90' lang='lat' dir='ltr'>pluviis</span> <span class='ocrx_word' id='word_1_597' title='bbox 2763 3680 2906 3735; x_wconf 90' lang='lat' dir='ltr'>inibi</span> <span class='ocrx_word' id='word_1_598' title='bbox 2928 3681 3057 3752; x_wconf 87' lang='lat' dir='ltr'>jam</span> <span class='ocrx_word' id='word_1_599' title='bbox 3086 3686 3220 3738; x_wconf 87' lang='lat' dir='ltr'>ante</span> <span class='ocrx_word' id='word_1_600' title='bbox 3247 3685 3492 3742; x_wconf 82' lang='lat' dir='ltr'>exsistit.</span> 
     </span>
    </p>
   </div>
   <div class='ocr_carea' id='block_1_84' title="bbox 2181 3768 3746 3845">
    <p class='ocr_par' dir='ltr' id='par_1_84' title="bbox 2181 3768 3746 3845">
     <span class='ocr_line' id='line_1_84' title="bbox 2181 3768 3746 3845; baseline 0.006 -23"><span class='ocrx_word' id='word_1_601' title='bbox 2181 3770 2236 3823; x_wconf 88' lang='lat'>7.</span> <span class='ocrx_word' id='word_1_602' title='bbox 2269 3770 2456 3832; x_wconf 88' lang='lat' dir='ltr'>Quare</span> <span class='ocrx_word' id='word_1_603' title='bbox 2483 3783 2686 3823; x_wconf 91' lang='lat' dir='ltr'>omnes</span> <span class='ocrx_word' id='word_1_604' title='bbox 2715 3768 2873 3824; x_wconf 91' lang='lat' dir='ltr'>ﬂuvii</span> <span class='ocrx_word' id='word_1_605' title='bbox 2903 3770 3004 3840; x_wconf 90' lang='lat' dir='ltr'>qui</span> <span class='ocrx_word' id='word_1_606' title='bbox 3047 3787 3116 3826; x_wconf 81' lang='lat' dir='ltr'>ex</span> <span class='ocrx_word' id='word_1_607' title='bbox 3166 3773 3388 3845; x_wconf 85' lang='lat' dir='ltr'>stagnis</span> <span class='ocrx_word' id='word_1_608' title='bbox 3437 3775 3616 3832; x_wconf 90' lang='lat' dir='ltr'>ﬂuere</span> <span class='ocrx_word' id='word_1_609' title='bbox 3661 3776 3746 3832; x_wconf 87' lang='lat' dir='ltr'>vi-</span> 
     </span>
    </p>
   </div>
   <div class='ocr_carea' id='block_1_85' title="bbox 2116 3856 3754 3932">
    <p class='ocr_par' dir='ltr' id='par_1_85' title="bbox 2116 3856 3754 3932">
     <span class='ocr_line' id='line_1_85' title="bbox 2116 3856 3754 3932; baseline 0.007 -20"><span class='ocrx_word' id='word_1_610' title='bbox 2116 3860 2346 3927; x_wconf 90' lang='lat' dir='ltr'>dentur,</span> <span class='ocrx_word' id='word_1_611' title='bbox 2405 3873 2474 3912; x_wconf 83' lang='lat' dir='ltr'>ex</span> <span class='ocrx_word' id='word_1_612' title='bbox 2527 3856 2672 3913; x_wconf 91' lang='lat' dir='ltr'>locis</span> <span class='ocrx_word' id='word_1_613' title='bbox 2728 3856 3072 3914; x_wconf 88' lang='lat' dir='ltr'>editioribus</span> <span class='ocrx_word' id='word_1_614' title='bbox 3120 3877 3230 3916; x_wconf 91' lang='lat' dir='ltr'>sua</span> <span class='ocrx_word' id='word_1_615' title='bbox 3283 3862 3473 3932; x_wconf 90' lang='lat' dir='ltr'>prima</span> <span class='ocrx_word' id='word_1_616' title='bbox 3531 3865 3754 3925; x_wconf 89' lang='lat' dir='ltr'>habent</span> 
     </span>
    </p>
   </div>
   <div class='ocr_carea' id='block_1_86' title="bbox 2115 3946 3754 4021">
    <p class='ocr_par' dir='ltr' id='par_1_86' title="bbox 2115 3946 3754 4021">
     <span class='ocr_line' id='line_1_86' title="bbox 2115 3946 3754 4021; baseline 0.004 -17"><span class='ocrx_word' id='word_1_617' title='bbox 2115 3947 2367 4004; x_wconf 87' lang='lat' dir='ltr'>exordia.</span> <span class='ocrx_word' id='word_1_618' title='bbox 2415 3949 2558 4002; x_wconf 90' lang='lat' dir='ltr'>Cum</span> <span class='ocrx_word' id='word_1_619' title='bbox 2605 3946 2763 4002; x_wconf 92' lang='lat' dir='ltr'>enim</span> <span class='ocrx_word' id='word_1_620' title='bbox 2805 3946 2966 4002; x_wconf 91' lang='lat' dir='ltr'>illinc</span> <span class='ocrx_word' id='word_1_621' title='bbox 3013 3965 3167 4021; x_wconf 91' lang='lat' dir='ltr'>aqua</span> <span class='ocrx_word' id='word_1_622' title='bbox 3222 3950 3476 4008; x_wconf 90' lang='lat' dir='ltr'>destillet</span> <span class='ocrx_word' id='word_1_623' title='bbox 3513 3958 3570 4010; x_wconf 93' lang='lat' dir='ltr'>et</span> <span class='ocrx_word' id='word_1_624' title='bbox 3611 3971 3754 4011; x_wconf 87' lang='lat' dir='ltr'>con-</span> 
     </span>
    </p>
   </div>
   <div class='ocr_carea' id='block_1_87' title="bbox 2118 4035 3758 4116">
    <p class='ocr_par' dir='ltr' id='par_1_87' title="bbox 2118 4035 3758 4116">
     <span class='ocr_line' id='line_1_87' title="bbox 2118 4035 3758 4116; baseline 0.005 -24"><span class='ocrx_word' id='word_1_625' title='bbox 2118 4035 2260 4093; x_wconf 85' lang='lat' dir='ltr'>ﬂuat</span> <span class='ocrx_word' id='word_1_626' title='bbox 2289 4041 2346 4091; x_wconf 90' lang='lat' dir='ltr'>et</span> <span class='ocrx_word' id='word_1_627' title='bbox 2375 4052 2478 4107; x_wconf 91' lang='lat' dir='ltr'>per</span> <span class='ocrx_word' id='word_1_628' title='bbox 2505 4035 2805 4091; x_wconf 91' lang='lat' dir='ltr'>cuniculos</span> <span class='ocrx_word' id='word_1_629' title='bbox 2835 4041 3042 4109; x_wconf 89' lang='lat' dir='ltr'>stagna</span> <span class='ocrx_word' id='word_1_630' title='bbox 3071 4039 3298 4110; x_wconf 88' lang='lat' dir='ltr'>subeat,</span> <span class='ocrx_word' id='word_1_631' title='bbox 3330 4057 3399 4096; x_wconf 79' lang='lat' dir='ltr'>ex</span> <span class='ocrx_word' id='word_1_632' title='bbox 3438 4041 3530 4098; x_wconf 90' lang='lat' dir='ltr'>his</span> <span class='ocrx_word' id='word_1_633' title='bbox 3588 4039 3758 4116; x_wconf 87' lang='lat' dir='ltr'>quasi</span> 
     </span>
    </p>
   </div>
   <div class='ocr_carea' id='block_1_88' title="bbox 2120 4124 2718 4181">
    <p class='ocr_par' dir='ltr' id='par_1_88' title="bbox 2120 4124 2718 4181">
     <span class='ocr_line' id='line_1_88' title="bbox 2120 4124 2718 4181; baseline -0.002 0"><span class='ocrx_word' id='word_1_634' title='bbox 2120 4143 2188 4181; x_wconf 85' lang='lat' dir='ltr'>ex</span> <span class='ocrx_word' id='word_1_635' title='bbox 2217 4124 2478 4180; x_wconf 85' lang='lat' dir='ltr'>fontibus</span> <span class='ocrx_word' id='word_1_636' title='bbox 2507 4125 2718 4180; x_wconf 86' lang='lat' dir='ltr'>editur.</span> 
     </span>
    </p>
   </div>
   <div class='ocr_carea' id='block_1_89' title="bbox 2117 4213 3752 4287">
    <p class='ocr_par' dir='ltr' id='par_1_89' title="bbox 2117 4213 3752 4287">
     <span class='ocr_line' id='line_1_89' title="bbox 2117 4213 3752 4287; baseline 0.007 -22"><span class='ocrx_word' id='word_1_637' title='bbox 2117 4247 2130 4258; x_wconf 63' lang='grc' dir='ltr'>ν</span> <span class='ocrx_word' id='word_1_638' title='bbox 2186 4213 2240 4266; x_wconf 87' lang='grc'>8·</span> <span class='ocrx_word' id='word_1_639' title='bbox 2277 4213 2438 4276; x_wconf 90' lang='lat' dir='ltr'>Quod</span> <span class='ocrx_word' id='word_1_640' title='bbox 2465 4213 2513 4268; x_wconf 92' lang='lat' dir='ltr'>si</span> <span class='ocrx_word' id='word_1_641' title='bbox 2545 4213 2725 4285; x_wconf 89' lang='lat' dir='ltr'>igitur</span> <span class='ocrx_word' id='word_1_642' title='bbox 2754 4219 2983 4269; x_wconf 90' lang='lat' dir='ltr'>montes</span> <span class='ocrx_word' id='word_1_643' title='bbox 3031 4215 3459 4287; x_wconf 90' lang='lat' dir='ltr'>incumbentes,</span> <span class='ocrx_word' id='word_1_644' title='bbox 3512 4221 3752 4276; x_wconf 87' lang='lat' dir='ltr'>maximi</span> 
     </span>
    </p>
   </div>
   <div class='ocr_carea' id='block_1_90' title="bbox 2121 4301 3753 4374">
    <p class='ocr_par' dir='ltr' id='par_1_90' title="bbox 2121 4301 3753 4374">
     <span class='ocr_line' id='line_1_90' title="bbox 2121 4301 3753 4374; baseline 0.006 -16"><span class='ocrx_word' id='word_1_645' title='bbox 2121 4307 2260 4358; x_wconf 90' lang='lat' dir='ltr'>sunt</span> <span class='ocrx_word' id='word_1_646' title='bbox 2288 4302 2531 4358; x_wconf 90' lang='lat' dir='ltr'>etdensi</span> <span class='ocrx_word' id='word_1_647' title='bbox 2560 4307 2618 4357; x_wconf 90' lang='lat' dir='ltr'>et</span> <span class='ocrx_word' id='word_1_648' title='bbox 2673 4301 2868 4374; x_wconf 85' lang='lat' dir='ltr'>frigidi</span> <span class='ocrx_word' id='word_1_649' title='bbox 2920 4304 3095 4359; x_wconf 89' lang='lat' dir='ltr'>etiam</span> <span class='ocrx_word' id='word_1_650' title='bbox 3148 4306 3309 4362; x_wconf 88' lang='lat' dir='ltr'>ﬂuvii</span> <span class='ocrx_word' id='word_1_651' title='bbox 3369 4308 3504 4364; x_wconf 92' lang='lat' dir='ltr'>inde</span> <span class='ocrx_word' id='word_1_652' title='bbox 3561 4309 3753 4369; x_wconf 89' lang='lat' dir='ltr'>ﬂuunt</span> 
     </span>
    </p>
   </div>
   <div class='ocr_carea' id='block_1_91' title="bbox 2122 4392 3753 4470">
    <p class='ocr_par' dir='ltr' id='par_1_91' title="bbox 2122 4392 3753 4470">
     <span class='ocr_line' id='line_1_91' title="bbox 2122 4392 3753 4470; baseline 0.004 -23"><span class='ocrx_word' id='word_1_653' title='bbox 2122 4392 2473 4464; x_wconf 88' lang='lat' dir='ltr'>perenniter.</span> <span class='ocrx_word' id='word_1_654' title='bbox 2506 4392 2727 4464; x_wconf 89' lang='lat' dir='ltr'>Quippe</span> <span class='ocrx_word' id='word_1_655' title='bbox 2756 4394 3044 4463; x_wconf 85' lang='lat' dir='ltr'>ejusmodi</span> <span class='ocrx_word' id='word_1_656' title='bbox 3076 4394 3202 4451; x_wconf 91' lang='lat' dir='ltr'>loca</span> <span class='ocrx_word' id='word_1_657' title='bbox 3230 4396 3546 4468; x_wconf 90' lang='lat' dir='ltr'>plurimum</span> <span class='ocrx_word' id='word_1_658' title='bbox 3590 4415 3753 4470; x_wconf 65' lang='lat' dir='ltr'>aqua)</span> 
     </span>
    </p>
   </div>
   <div class='ocr_carea' id='block_1_92' title="bbox 2121 4481 3755 4554">
    <p class='ocr_par' dir='ltr' id='par_1_92' title="bbox 2121 4481 3755 4554">
     <span class='ocr_line' id='line_1_92' title="bbox 2121 4481 3755 4554; baseline 0.003 -16"><span class='ocrx_word' id='word_1_659' title='bbox 2121 4487 2179 4538; x_wconf 90' lang='lat' dir='ltr'>et</span> <span class='ocrx_word' id='word_1_660' title='bbox 2205 4481 2496 4552; x_wconf 85' lang='lat' dir='ltr'>recipiunt</span> <span class='ocrx_word' id='word_1_661' title='bbox 2522 4486 2578 4538; x_wconf 92' lang='lat' dir='ltr'>et</span> <span class='ocrx_word' id='word_1_662' title='bbox 2607 4486 2812 4554; x_wconf 90' lang='lat' dir='ltr'>tegunt</span> <span class='ocrx_word' id='word_1_663' title='bbox 2839 4488 2898 4538; x_wconf 88' lang='lat' dir='ltr'>et</span> <span class='ocrx_word' id='word_1_664' title='bbox 2927 4485 3148 4540; x_wconf 83' lang='lat' dir='ltr'>faciunt</span> <span class='ocrx_word' id='word_1_665' title='bbox 3186 4486 3251 4540; x_wconf 68' lang='lat'>9*.</span> <span class='ocrx_word' id='word_1_666' title='bbox 3287 4487 3510 4550; x_wconf 91' lang='lat' dir='ltr'>Quibus</span> <span class='ocrx_word' id='word_1_667' title='bbox 3553 4492 3755 4542; x_wconf 89' lang='lat' dir='ltr'>autem</span> 
     </span>
    </p>
   </div>
   <div class='ocr_carea' id='block_1_93' title="bbox 2124 4572 3761 4644">
    <p class='ocr_par' dir='ltr' id='par_1_93' title="bbox 2124 4572 3761 4644">
     <span class='ocr_line' id='line_1_93' title="bbox 2124 4572 3761 4644; baseline 0.001 -15"><span class='ocrx_word' id='word_1_668' title='bbox 2124 4573 2317 4629; x_wconf 90' lang='lat' dir='ltr'>ﬂuviis</span> <span class='ocrx_word' id='word_1_669' title='bbox 2347 4572 2751 4644; x_wconf 89' lang='lat' dir='ltr'>impendentes</span> <span class='ocrx_word' id='word_1_670' title='bbox 2811 4574 3101 4630; x_wconf 89' lang='lat' dir='ltr'>montium</span> <span class='ocrx_word' id='word_1_671' title='bbox 3131 4576 3575 4632; x_wconf 89' lang='lat' dir='ltr'>constitutiones</span> <span class='ocrx_word' id='word_1_672' title='bbox 3619 4580 3761 4632; x_wconf 88' lang='lat' dir='ltr'>sunt</span> 
     </span>
    </p>
   </div>
   <div class='ocr_carea' id='block_1_94' title="bbox 2119 4661 3760 4735">
    <p class='ocr_par' dir='ltr' id='par_1_94' title="bbox 2119 4661 3760 4735">
     <span class='ocr_line' id='line_1_94' title="bbox 2119 4661 3760 4735; baseline 0.001 -17"><span class='ocrx_word' id='word_1_673' title='bbox 2119 4663 2363 4735; x_wconf 68' lang='lat' dir='ltr'>exiguae,</span> <span class='ocrx_word' id='word_1_674' title='bbox 2398 4666 2498 4716; x_wconf 91' lang='lat' dir='ltr'>aut</span> <span class='ocrx_word' id='word_1_675' title='bbox 2528 4661 2752 4732; x_wconf 89' lang='lat' dir='ltr'>inanes,</span> <span class='ocrx_word' id='word_1_676' title='bbox 2786 4666 2842 4717; x_wconf 91' lang='lat' dir='ltr'>et</span> <span class='ocrx_word' id='word_1_677' title='bbox 2871 4661 3145 4734; x_wconf 77' lang='lat' dir='ltr'>lapidosze</span> <span class='ocrx_word' id='word_1_678' title='bbox 3193 4667 3251 4718; x_wconf 84' lang='lat' dir='ltr'>et</span> <span class='ocrx_word' id='word_1_679' title='bbox 3306 4663 3588 4735; x_wconf 78' lang='lat' dir='ltr'>argilosae,</span> <span class='ocrx_word' id='word_1_680' title='bbox 3639 4664 3760 4720; x_wconf 90' lang='lat' dir='ltr'>sive</span> 
     </span>
    </p>
   </div>
   <div class='ocr_carea' id='block_1_95' title="bbox 377 4745 1995 4834">
    <p class='ocr_par' dir='ltr' id='par_1_95' title="bbox 377 4745 1995 4818">
     <span class='ocr_line' id='line_1_95' title="bbox 377 4745 1995 4818; baseline -0.002 -11"><span class='ocrx_word' id='word_1_681' title='bbox 377 4749 550 4807; x_wconf 78' lang='grc' dir='ltr'>εἷ’τουν</span> <span class='ocrx_word' id='word_1_682' title='bbox 583 4750 768 4807; x_wconf 82' lang='grc' dir='ltr'>λευκαὶ</span> <span class='ocrx_word' id='word_1_683' title='bbox 800 4750 889 4804; x_wconf 80' lang='grc' dir='ltr'>καὶ</span> <span class='ocrx_word' id='word_1_684' title='bbox 942 4750 1055 4803; x_wconf 82' lang='grc' dir='ltr'>οἷον</span> <span class='ocrx_word' id='word_1_685' title='bbox 1095 4745 1433 4818; x_wconf 81' lang='grc' dir='ltr'>τιτανώδεις,</span> <span class='ocrx_word' id='word_1_686' title='bbox 1466 4749 1516 4803; x_wconf 78' lang='grc' dir='ltr'>οἱ</span> <span class='ocrx_word' id='word_1_687' title='bbox 1564 4754 1804 4804; x_wconf 79' lang='grc' dir='ltr'>τοιοῦτοι</span> <span class='ocrx_word' id='word_1_688' title='bbox 1848 4770 1995 4805; x_wconf 81' lang='grc' dir='ltr'>ποτα·</span> 
     </span>
    </p>
   </div>
   <div class='ocr_carea' id='block_1_96' title="bbox 2115 4745 3761 4834">
    <p class='ocr_par' dir='ltr' id='par_1_96' title="bbox 2125 4750 3761 4825">
     <span class='ocr_line' id='line_1_96' title="bbox 2125 4750 3761 4825; baseline 0.001 -18"><span class='ocrx_word' id='word_1_689' title='bbox 2125 4752 2267 4808; x_wconf 70' lang='lat' dir='ltr'>albae</span> <span class='ocrx_word' id='word_1_690' title='bbox 2288 4756 2347 4806; x_wconf 88' lang='lat' dir='ltr'>et</span> <span class='ocrx_word' id='word_1_691' title='bbox 2371 4750 2552 4805; x_wconf 90' lang='lat' dir='ltr'>veluti</span> <span class='ocrx_word' id='word_1_692' title='bbox 2582 4755 2837 4823; x_wconf 79' lang='lat' dir='ltr'>gypsatae</span> <span class='ocrx_word' id='word_1_693' title='bbox 2860 4769 2873 4818; x_wconf 90' lang='lat'><strong>;</strong></span> <span class='ocrx_word' id='word_1_694' title='bbox 2911 4751 3200 4822; x_wconf 85' lang='lat' dir='ltr'>ejusmodi</span> <span class='ocrx_word' id='word_1_695' title='bbox 3226 4750 3386 4806; x_wconf 87' lang='lat' dir='ltr'>ﬂuvii</span> <span class='ocrx_word' id='word_1_696' title='bbox 3417 4751 3580 4823; x_wconf 92' lang='lat' dir='ltr'>prius</span> <span class='ocrx_word' id='word_1_697' title='bbox 3605 4768 3761 4825; x_wconf 84' lang='lat' dir='ltr'>aqua</span> 
     </span>
    </p>
   </div>
   <div class='ocr_carea' id='block_1_97' title="bbox 380 4832 2016 4916">
    <p class='ocr_par' dir='ltr' id='par_1_97' title="bbox 380 4832 2016 4916">
     <span class='ocr_line' id='line_1_97' title="bbox 380 4832 2016 4916; baseline -0.001 -22"><span class='ocrx_word' id='word_1_698' title='bbox 380 4841 494 4913; x_wconf 79' lang='grc' dir='ltr'>μοὶ,</span> <span class='ocrx_word' id='word_1_699' title='bbox 549 4840 672 4916; x_wconf 85' lang='grc' dir='ltr'>πρὶν</span> <span class='ocrx_word' id='word_1_700' title='bbox 750 4837 990 4893; x_wconf 81' lang='grc' dir='ltr'>ἐπελθεῖν</span> <span class='ocrx_word' id='word_1_701' title='bbox 1047 4836 1175 4899; x_wconf 82' lang='grc' dir='ltr'>τοὺς</span> <span class='ocrx_word' id='word_1_702' title='bbox 1233 4836 1577 4914; x_wconf 78' lang='grc' dir='ltr'>χειμερινοὺς</span> <span class='ocrx_word' id='word_1_703' title='bbox 1635 4832 1895 4914; x_wconf 74' lang='grc' dir='ltr'>ὄμϐρους,</span> <span class='ocrx_word' id='word_1_704' title='bbox 1954 4838 2016 4893; x_wconf 85' lang='grc' dir='ltr'>τὸ</span> 
     </span>
    </p>
   </div>
   <div class='ocr_carea' id='block_1_98' title="bbox 373 4926 1072 5007">
    <p class='ocr_par' dir='ltr' id='par_1_98' title="bbox 373 4926 1072 5007">
     <span class='ocr_line' id='line_1_98' title="bbox 373 4926 1072 5007; baseline -0.001 -23"><span class='ocrx_word' id='word_1_705' title='bbox 373 4927 522 5007; x_wconf 67' lang='grc' dir='ltr'>ὕδωρ</span> <span class='ocrx_word' id='word_1_706' title='bbox 553 4926 1072 5005; x_wconf 84' lang='grc' dir='ltr'>προαπολείπουσιν.</span> 
     </span>
    </p>
   </div>
   <div class='ocr_carea' id='block_1_99' title="bbox 447 5010 2015 5092">
    <p class='ocr_par' dir='ltr' id='par_1_99' title="bbox 447 5010 2015 5092">
     <span class='ocr_line' id='line_1_99' title="bbox 447 5010 2015 5092; baseline 0 -21"><span class='ocrx_word' id='word_1_707' title='bbox 447 5019 507 5075; x_wconf 82' lang='grc' dir='ltr'>θ’.</span> <span class='ocrx_word' id='word_1_708' title='bbox 542 5017 606 5072; x_wconf 80' lang='grc' dir='ltr'>Εἰ</span> <span class='ocrx_word' id='word_1_709' title='bbox 637 5015 695 5072; x_wconf 79' lang='grc' dir='ltr'>δὲ</span> <span class='ocrx_word' id='word_1_710' title='bbox 720 5017 870 5072; x_wconf 76' lang='grc' dir='ltr'>ταῦθ’</span> <span class='ocrx_word' id='word_1_711' title='bbox 898 5015 1071 5077; x_wconf 79' lang='grc' dir='ltr'>οὕτως</span> <span class='ocrx_word' id='word_1_712' title='bbox 1103 5010 1241 5090; x_wconf 76' lang='grc' dir='ltr'>ἔχει,</span> <span class='ocrx_word' id='word_1_713' title='bbox 1270 5020 1390 5078; x_wconf 90' lang='grc' dir='ltr'>πῶς</span> <span class='ocrx_word' id='word_1_714' title='bbox 1431 5016 1491 5070; x_wconf 82' lang='grc' dir='ltr'>ἂν</span> <span class='ocrx_word' id='word_1_715' title='bbox 1542 5013 1738 5086; x_wconf 82' lang='grc' dir='ltr'>δόξειεν</span> <span class='ocrx_word' id='word_1_716' title='bbox 1790 5011 2015 5092; x_wconf 70' lang='grc' dir='ltr'>εὔλογον</span> 
     </span>
    </p>
   </div>
   <div class='ocr_carea' id='block_1_100' title="bbox 377 5101 2018 5180">
    <p class='ocr_par' dir='ltr' id='par_1_100' title="bbox 377 5101 2018 5180">
     <span class='ocr_line' id='line_1_100' title="bbox 377 5101 2018 5180; baseline -0.001 -19"><span class='ocrx_word' id='word_1_717' title='bbox 377 5106 438 5161; x_wconf 76' lang='grc' dir='ltr'>ἐκ</span> <span class='ocrx_word' id='word_1_718' title='bbox 462 5112 562 5176; x_wconf 82' lang='grc' dir='ltr'>τῆς</span> <span class='ocrx_word' id='word_1_719' title='bbox 594 5103 869 5175; x_wconf 81' lang='grc' dir='ltr'>θαλάσσης</span> <span class='ocrx_word' id='word_1_720' title='bbox 901 5101 1161 5178; x_wconf 74' lang='grc' dir='ltr'>ἄρχεσθαι</span> <span class='ocrx_word' id='word_1_721' title='bbox 1191 5104 1286 5166; x_wconf 79' lang='grc' dir='ltr'>τὰς</span> <span class='ocrx_word' id='word_1_722' title='bbox 1309 5105 1508 5180; x_wconf 79' lang='grc' dir='ltr'>πηγὰς,</span> <span class='ocrx_word' id='word_1_723' title='bbox 1545 5105 1620 5166; x_wconf 85' lang='grc' dir='ltr'>ὡς</span> <span class='ocrx_word' id='word_1_724' title='bbox 1665 5109 1761 5159; x_wconf 77' lang='grc' dir='ltr'>τοῦ</span> <span class='ocrx_word' id='word_1_725' title='bbox 1815 5103 2018 5168; x_wconf 85' lang='grc' dir='ltr'>θαλασ-</span> 
     </span>
    </p>
   </div>
   <div class='ocr_carea' id='block_1_101' title="bbox 375 5189 2017 5266">
    <p class='ocr_par' dir='ltr' id='par_1_101' title="bbox 375 5189 2017 5266">
     <span class='ocr_line' id='line_1_101' title="bbox 375 5189 2017 5266; baseline -0.001 -17"><span class='ocrx_word' id='word_1_726' title='bbox 375 5194 493 5249; x_wconf 87' lang='grc' dir='ltr'>σίου</span> <span class='ocrx_word' id='word_1_727' title='bbox 541 5190 736 5255; x_wconf 70' lang='grc' dir='ltr'>ίίδατος</span> <span class='ocrx_word' id='word_1_728' title='bbox 776 5191 1139 5266; x_wconf 84' lang='grc' dir='ltr'>διηθουμένου</span> <span class='ocrx_word' id='word_1_729' title='bbox 1187 5192 1274 5247; x_wconf 81' lang='grc' dir='ltr'>καὶ</span> <span class='ocrx_word' id='word_1_730' title='bbox 1325 5190 1710 5266; x_wconf 87' lang='grc' dir='ltr'>διυλιζομένου</span> <span class='ocrx_word' id='word_1_731' title='bbox 1771 5189 1860 5247; x_wconf 76' lang='grc' dir='ltr'>διὰ</span> <span class='ocrx_word' id='word_1_732' title='bbox 1917 5199 2017 5262; x_wconf 81' lang='grc' dir='ltr'>τῆς</span> 
     </span>
    </p>
   </div>
   <div class='ocr_carea' id='block_1_102' title="bbox 376 5279 2016 5359">
    <p class='ocr_par' dir='ltr' id='par_1_102' title="bbox 376 5279 2016 5359">
     <span class='ocr_line' id='line_1_102' title="bbox 376 5279 2016 5359; baseline -0.001 -22"><span class='ocrx_word' id='word_1_733' title='bbox 376 5290 503 5359; x_wconf 78' lang='grc' dir='ltr'>γῆς,</span> <span class='ocrx_word' id='word_1_734' title='bbox 534 5283 624 5338; x_wconf 85' lang='grc' dir='ltr'>καὶ</span> <span class='ocrx_word' id='word_1_735' title='bbox 672 5282 814 5337; x_wconf 75' lang='grc' dir='ltr'>οὕτω</span> <span class='ocrx_word' id='word_1_736' title='bbox 859 5281 1288 5358; x_wconf 87' lang='grc' dir='ltr'>γλυκαινομένου</span> <span class='ocrx_word' id='word_1_737' title='bbox 1327 5282 1415 5336; x_wconf 88' lang='lat' dir='ltr'>xui</span> <span class='ocrx_word' id='word_1_738' title='bbox 1464 5279 1871 5354; x_wconf 83' lang='grc' dir='ltr'>ἀναδιδομένου,</span> <span class='ocrx_word' id='word_1_739' title='bbox 1921 5302 2016 5336; x_wconf 87' lang='grc' dir='ltr'>κα-</span> 
     </span>
    </p>
   </div>
   <div class='ocr_carea' id='block_1_103' title="bbox 377 5367 2017 5449">
    <p class='ocr_par' dir='ltr' id='par_1_103' title="bbox 377 5367 2017 5449">
     <span class='ocr_line' id='line_1_103' title="bbox 377 5367 2017 5449; baseline -0.002 -23"><span class='ocrx_word' id='word_1_740' title='bbox 377 5373 488 5435; x_wconf 87' lang='grc' dir='ltr'>θὼς</span> <span class='ocrx_word' id='word_1_741' title='bbox 535 5371 634 5427; x_wconf 77' lang='grc' dir='ltr'>οὐκ</span> <span class='ocrx_word' id='word_1_742' title='bbox 682 5369 866 5446; x_wconf 80' lang='grc' dir='ltr'>ὀλίγοι</span> <span class='ocrx_word' id='word_1_743' title='bbox 911 5369 1453 5449; x_wconf 74' lang='grc' dir='ltr'>πεφυσιολογήκασι;</span> <span class='ocrx_word' id='word_1_744' title='bbox 1502 5367 1715 5443; x_wconf 80' lang='grc' dir='ltr'>μᾶλλον</span> <span class='ocrx_word' id='word_1_745' title='bbox 1773 5371 1876 5446; x_wconf 74' lang='grc' dir='ltr'>γὰρ</span> <span class='ocrx_word' id='word_1_746' title='bbox 1935 5369 2017 5442; x_wconf 75' lang='grc' dir='ltr'>ἂν,</span> 
     </span>
    </p>
   </div>
   <div class='ocr_carea' id='block_1_104' title="bbox 380 5457 2022 5536">
    <p class='ocr_par' dir='ltr' id='par_1_104' title="bbox 380 5457 2022 5536">
     <span class='ocr_line' id='line_1_104' title="bbox 380 5457 2022 5536; baseline -0.002 -19"><span class='ocrx_word' id='word_1_747' title='bbox 380 5462 425 5517; x_wconf 84' lang='grc' dir='ltr'>εἰ</span> <span class='ocrx_word' id='word_1_748' title='bbox 471 5465 615 5517; x_wconf 79' lang='grc' dir='ltr'>τοῦτ’</span> <span class='ocrx_word' id='word_1_749' title='bbox 641 5463 732 5532; x_wconf 86' lang='grc' dir='ltr'>ἦν,</span> <span class='ocrx_word' id='word_1_750' title='bbox 763 5461 821 5515; x_wconf 82' lang='grc' dir='ltr'>ἐκ</span> <span class='ocrx_word' id='word_1_751' title='bbox 864 5465 972 5516; x_wconf 86' lang='grc' dir='ltr'>τῶν</span> <span class='ocrx_word' id='word_1_752' title='bbox 1013 5458 1342 5536; x_wconf 83' lang='grc' dir='ltr'>κοιλοτέρων</span> <span class='ocrx_word' id='word_1_753' title='bbox 1390 5459 1595 5531; x_wconf 79' lang='grc' dir='ltr'>τόπων,</span> <span class='ocrx_word' id='word_1_754' title='bbox 1645 5458 1770 5514; x_wconf 73' lang='grc' dir='ltr'>ἀλλ’</span> <span class='ocrx_word' id='word_1_755' title='bbox 1817 5458 1914 5514; x_wconf 83' lang='grc' dir='ltr'>οὐκ</span> <span class='ocrx_word' id='word_1_756' title='bbox 1963 5457 2022 5514; x_wconf 78' lang='grc' dir='ltr'>ἐκ</span> 
     </span>
    </p>
   </div>
   <div class='ocr_carea' id='block_1_105' title="bbox 375 5547 1821 5629">
    <p class='ocr_par' dir='ltr' id='par_1_105' title="bbox 375 5547 1821 5629">
     <span class='ocr_line' id='line_1_105' title="bbox 375 5547 1821 5629; baseline -0.001 -21"><span class='ocrx_word' id='word_1_757' title='bbox 375 5556 483 5608; x_wconf 87' lang='grc' dir='ltr'>τῶν</span> <span class='ocrx_word' id='word_1_758' title='bbox 519 5550 872 5629; x_wconf 77' lang='grc' dir='ltr'>ὑψηλοτέρων</span> <span class='ocrx_word' id='word_1_759' title='bbox 907 5547 1087 5626; x_wconf 77' lang='grc' dir='ltr'>ἔρῥεον</span> <span class='ocrx_word' id='word_1_760' title='bbox 1118 5549 1174 5604; x_wconf 78' lang='lat' dir='ltr'>ui</span> <span class='ocrx_word' id='word_1_761' title='bbox 1205 5548 1376 5626; x_wconf 84' lang='grc' dir='ltr'>πηγαὶ</span> <span class='ocrx_word' id='word_1_762' title='bbox 1404 5549 1540 5604; x_wconf 80' lang='grc' dir='ltr'>κατᾶ</span> <span class='ocrx_word' id='word_1_763' title='bbox 1565 5547 1630 5603; x_wconf 85' lang='grc' dir='ltr'>τὸ</span> <span class='ocrx_word' id='word_1_764' title='bbox 1660 5547 1821 5611; x_wconf 84' lang='grc' dir='ltr'>εἰκός.</span> 
     </span>
    </p>
   </div>
   <div class='ocr_carea' id='block_1_106' title="bbox 449 5860 1018 5917">
    <p class='ocr_par' dir='ltr' id='par_1_106' title="bbox 449 5860 1018 5917">
     <span class='ocr_line' id='line_1_106' title="bbox 449 5860 1018 5917; baseline -0.005 0"><span class='ocrx_word' id='word_1_765' title='bbox 449 5863 489 5898; x_wconf 72' lang='grc' dir='ltr'>θ¹</span> <span class='ocrx_word' id='word_1_766' title='bbox 529 5862 553 5917; x_wconf 88' lang='grc'>1</span> <span class='ocrx_word' id='word_1_767' title='bbox 587 5864 815 5917; x_wconf 82' lang='lat' dir='ltr'>Meteor.</span> <span class='ocrx_word' id='word_1_768' title='bbox 850 5877 900 5916; x_wconf 90' lang='lat' dir='ltr'>c.</span> <span class='ocrx_word' id='word_1_769' title='bbox 938 5860 1018 5914; x_wconf 82' lang='grc'>14.</span> 
     </span>
    </p>
   </div>
   <div class='ocr_carea' id='block_1_107' title="bbox 2125 4838 3622 4912">
    <p class='ocr_par' dir='ltr' id='par_1_107' title="bbox 2125 4838 3622 4912">
     <span class='ocr_line' id='line_1_107' title="bbox 2125 4838 3622 4912; baseline 0.001 -16"><span class='ocrx_word' id='word_1_770' title='bbox 2125 4840 2423 4908; x_wconf 79' lang='lat' dir='ltr'>deficiunt,</span> <span class='ocrx_word' id='word_1_771' title='bbox 2459 4855 2635 4911; x_wconf 90' lang='lat' dir='ltr'>quam</span> <span class='ocrx_word' id='word_1_772' title='bbox 2664 4838 2918 4895; x_wconf 69' lang='lat' dir='ltr'>hibernae</span> <span class='ocrx_word' id='word_1_773' title='bbox 2951 4839 3157 4912; x_wconf 68' lang='lat' dir='ltr'>pluvia:</span> <span class='ocrx_word' id='word_1_774' title='bbox 3189 4839 3622 4912; x_wconf 75' lang='lat' dir='ltr'>supervenient.</span> 
     </span>
    </p>
   </div>
   <div class='ocr_carea' id='block_1_108' title="bbox 2194 5017 3760 5091">
    <p class='ocr_par' dir='ltr' id='par_1_108' title="bbox 2194 5017 3760 5091">
     <span class='ocr_line' id='line_1_108' title="bbox 2194 5017 3760 5091; baseline 0.002 -19"><span class='ocrx_word' id='word_1_775' title='bbox 2194 5021 2248 5074; x_wconf 90' lang='lat'>9.</span> <span class='ocrx_word' id='word_1_776' title='bbox 2282 5019 2444 5082; x_wconf 93' lang='lat' dir='ltr'>Quod</span> <span class='ocrx_word' id='word_1_777' title='bbox 2477 5019 2525 5073; x_wconf 91' lang='lat' dir='ltr'>si</span> <span class='ocrx_word' id='word_1_778' title='bbox 2554 5035 2687 5073; x_wconf 90' lang='lat' dir='ltr'>vero</span> <span class='ocrx_word' id='word_1_779' title='bbox 2735 5017 2856 5073; x_wconf 70' lang='lat' dir='ltr'>haec</span> <span class='ocrx_word' id='word_1_780' title='bbox 2915 5018 2995 5073; x_wconf 89' lang='lat' dir='ltr'>ita</span> <span class='ocrx_word' id='word_1_781' title='bbox 3063 5035 3126 5074; x_wconf 92' lang='lat' dir='ltr'>se</span> <span class='ocrx_word' id='word_1_782' title='bbox 3183 5019 3419 5087; x_wconf 84' lang='lat' dir='ltr'>habent,</span> <span class='ocrx_word' id='word_1_783' title='bbox 3470 5019 3760 5091; x_wconf 89' lang='lat' dir='ltr'>quomodo</span> 
     </span>
    </p>
   </div>
   <div class='ocr_carea' id='block_1_109' title="bbox 2128 5107 3763 5180">
    <p class='ocr_par' dir='ltr' id='par_1_109' title="bbox 2128 5107 3763 5180">
     <span class='ocr_line' id='line_1_109' title="bbox 2128 5107 3763 5180; baseline 0.001 -19"><span class='ocrx_word' id='word_1_784' title='bbox 2128 5107 2334 5161; x_wconf 87' lang='lat' dir='ltr'>rationi</span> <span class='ocrx_word' id='word_1_785' title='bbox 2365 5111 2827 5162; x_wconf 87' lang='lat' dir='ltr'>cunsentaneum</span> <span class='ocrx_word' id='word_1_786' title='bbox 2868 5112 2956 5162; x_wconf 91' lang='lat' dir='ltr'>est</span> <span class='ocrx_word' id='word_1_787' title='bbox 3005 5107 3193 5162; x_wconf 86' lang='lat' dir='ltr'>fontes</span> <span class='ocrx_word' id='word_1_788' title='bbox 3237 5125 3306 5163; x_wconf 83' lang='lat' dir='ltr'>ex</span> <span class='ocrx_word' id='word_1_789' title='bbox 3355 5109 3501 5162; x_wconf 89' lang='lat' dir='ltr'>mari</span> <span class='ocrx_word' id='word_1_790' title='bbox 3551 5108 3763 5180; x_wconf 89' lang='lat' dir='ltr'>princi-</span> 
     </span>
    </p>
   </div>
   <div class='ocr_carea' id='block_1_110' title="bbox 2129 5195 3766 5268">
    <p class='ocr_par' dir='ltr' id='par_1_110' title="bbox 2129 5195 3766 5268">
     <span class='ocr_line' id='line_1_110' title="bbox 2129 5195 3766 5268; baseline 0.002 -18"><span class='ocrx_word' id='word_1_791' title='bbox 2129 5195 2291 5268; x_wconf 89' lang='lat' dir='ltr'>pium</span> <span class='ocrx_word' id='word_1_792' title='bbox 2322 5196 2560 5261; x_wconf 89' lang='lat' dir='ltr'>habere,</span> <span class='ocrx_word' id='word_1_793' title='bbox 2592 5195 2760 5266; x_wconf 89' lang='lat' dir='ltr'>quasi</span> <span class='ocrx_word' id='word_1_794' title='bbox 2788 5212 2942 5266; x_wconf 89' lang='lat' dir='ltr'>aqua</span> <span class='ocrx_word' id='word_1_795' title='bbox 2991 5196 3218 5252; x_wconf 90' lang='lat' dir='ltr'>marina</span> <span class='ocrx_word' id='word_1_796' title='bbox 3269 5196 3662 5268; x_wconf 87' lang='lat' dir='ltr'>percolaretur</span> <span class='ocrx_word' id='word_1_797' title='bbox 3708 5201 3766 5253; x_wconf 92' lang='lat' dir='ltr'>et</span> 
     </span>
    </p>
   </div>
   <div class='ocr_carea' id='block_1_111' title="bbox 2129 5285 3764 5356">
    <p class='ocr_par' dir='ltr' id='par_1_111' title="bbox 2129 5285 3764 5356">
     <span class='ocr_line' id='line_1_111' title="bbox 2129 5285 3764 5356; baseline 0.001 -16"><span class='ocrx_word' id='word_1_798' title='bbox 2129 5285 2507 5340; x_wconf 72' lang='lat' dir='ltr'>defeecaretur</span> <span class='ocrx_word' id='word_1_799' title='bbox 2534 5301 2636 5356; x_wconf 91' lang='lat' dir='ltr'>per</span> <span class='ocrx_word' id='word_1_800' title='bbox 2665 5289 2904 5350; x_wconf 91' lang='lat' dir='ltr'>terram,</span> <span class='ocrx_word' id='word_1_801' title='bbox 2956 5290 3130 5356; x_wconf 90' lang='lat' dir='ltr'>atque</span> <span class='ocrx_word' id='word_1_802' title='bbox 3175 5285 3256 5340; x_wconf 89' lang='lat' dir='ltr'>ita</span> <span class='ocrx_word' id='word_1_803' title='bbox 3303 5285 3662 5342; x_wconf 89' lang='lat' dir='ltr'>dulcesceret</span> <span class='ocrx_word' id='word_1_804' title='bbox 3706 5289 3764 5341; x_wconf 91' lang='lat' dir='ltr'>et</span> 
     </span>
    </p>
   </div>
   <div class='ocr_carea' id='block_1_112' title="bbox 2130 5373 3763 5447">
    <p class='ocr_par' dir='ltr' id='par_1_112' title="bbox 2130 5373 3763 5447">
     <span class='ocr_line' id='line_1_112' title="bbox 2130 5373 3763 5447; baseline 0 -19"><span class='ocrx_word' id='word_1_805' title='bbox 2130 5374 2550 5442; x_wconf 88' lang='lat' dir='ltr'>restitueretur,</span> <span class='ocrx_word' id='word_1_806' title='bbox 2613 5374 3111 5442; x_wconf 87' lang='lat' dir='ltr'>quemadmodum</span> <span class='ocrx_word' id='word_1_807' title='bbox 3157 5391 3271 5430; x_wconf 92' lang='lat' dir='ltr'>non</span> <span class='ocrx_word' id='word_1_808' title='bbox 3320 5375 3490 5446; x_wconf 91' lang='lat' dir='ltr'>pauci</span> <span class='ocrx_word' id='word_1_809' title='bbox 3539 5373 3763 5447; x_wconf 82' lang='lat' dir='ltr'>physici</span> 
     </span>
    </p>
   </div>
   <div class='ocr_carea' id='block_1_113' title="bbox 2129 5462 3762 5535">
    <p class='ocr_par' dir='ltr' id='par_1_113' title="bbox 2129 5462 3762 5535">
     <span class='ocr_line' id='line_1_113' title="bbox 2129 5462 3762 5535; baseline 0.001 -18"><span class='ocrx_word' id='word_1_810' title='bbox 2129 5462 2578 5518; x_wconf 86' lang='lat' dir='ltr'>disseruerunt?</span> <span class='ocrx_word' id='word_1_811' title='bbox 2605 5463 2751 5517; x_wconf 87' lang='lat' dir='ltr'>Nam</span> <span class='ocrx_word' id='word_1_812' title='bbox 2779 5463 2826 5518; x_wconf 90' lang='lat' dir='ltr'>si</span> <span class='ocrx_word' id='word_1_813' title='bbox 2859 5463 2968 5519; x_wconf 90' lang='lat' dir='ltr'>hoc</span> <span class='ocrx_word' id='word_1_814' title='bbox 2998 5464 3080 5519; x_wconf 83' lang='lat' dir='ltr'>ita</span> <span class='ocrx_word' id='word_1_815' title='bbox 3107 5469 3282 5533; x_wconf 90' lang='lat' dir='ltr'>esset,</span> <span class='ocrx_word' id='word_1_816' title='bbox 3313 5482 3382 5520; x_wconf 81' lang='lat' dir='ltr'>ex</span> <span class='ocrx_word' id='word_1_817' title='bbox 3410 5464 3551 5520; x_wconf 91' lang='lat' dir='ltr'>locis</span> <span class='ocrx_word' id='word_1_818' title='bbox 3576 5463 3762 5535; x_wconf 85' lang='lat' dir='ltr'>magis</span> 
     </span>
    </p>
   </div>
   <div class='ocr_carea' id='block_1_114' title="bbox 2130 5551 3758 5617">
    <p class='ocr_par' dir='ltr' id='par_1_114' title="bbox 2130 5551 3758 5617">
     <span class='ocr_line' id='line_1_114' title="bbox 2130 5551 3758 5617; baseline 0.002 -11"><span class='ocrx_word' id='word_1_819' title='bbox 2130 5551 2306 5617; x_wconf 85' lang='lat' dir='ltr'>cavis,</span> <span class='ocrx_word' id='word_1_820' title='bbox 2338 5556 2395 5606; x_wconf 91' lang='lat' dir='ltr'>et</span> <span class='ocrx_word' id='word_1_821' title='bbox 2422 5566 2537 5607; x_wconf 91' lang='lat' dir='ltr'>non</span> <span class='ocrx_word' id='word_1_822' title='bbox 2578 5567 2647 5607; x_wconf 86' lang='lat' dir='ltr'>ex</span> <span class='ocrx_word' id='word_1_823' title='bbox 2666 5551 3010 5610; x_wconf 87' lang='lat' dir='ltr'>editioribus</span> <span class='ocrx_word' id='word_1_824' title='bbox 3061 5553 3248 5610; x_wconf 80' lang='lat' dir='ltr'>fontes</span> <span class='ocrx_word' id='word_1_825' title='bbox 3289 5553 3468 5611; x_wconf 89' lang='lat' dir='ltr'>ﬂuere</span> <span class='ocrx_word' id='word_1_826' title='bbox 3514 5567 3758 5610; x_wconf 90' lang='lat' dir='ltr'>consen-</span> 
     </span>
    </p>
   </div>
   <div class='ocr_carea' id='block_1_115' title="bbox 2127 5640 2800 5713">
    <p class='ocr_par' dir='ltr' id='par_1_115' title="bbox 2127 5640 2800 5713">
     <span class='ocr_line' id='line_1_115' title="bbox 2127 5640 2800 5713; baseline 0 -17"><span class='ocrx_word' id='word_1_827' title='bbox 2127 5643 2366 5696; x_wconf 87' lang='lat' dir='ltr'>taneum</span> <span class='ocrx_word' id='word_1_828' title='bbox 2397 5640 2582 5697; x_wconf 91' lang='lat' dir='ltr'>videri</span> <span class='ocrx_word' id='word_1_829' title='bbox 2604 5645 2800 5713; x_wconf 87' lang='lat' dir='ltr'>queat.</span> 
     </span>
    </p>
   </div>
  </div>
