4024 6446
421 421 569 483 1155

1653 409 2072 472 NICEPHORI
2122 403 2557 471 BLEMMIDJE

3631 411 3762 474 1156

487 557 572 610 10.
608 551 780 622 Atqui
814 565 944 604 vero
973 551 1030 602 et
1058 546 1165 601 hoc
1195 546 1245 600 si
1279 543 1392 600 alia
1436 544 1657 599 ratione
1701 542 2042 614 explicetur,

2231 547 2280 595 ι’.
2314 538 2536 600 Ἀλλως
2568 537 2624 593 δὲ
2654 537 2803 594 δοκεῖ
2833 540 2922 594 καὶ
2952 543 3113 594 τοῦτο
3144 546 3262 601 ταῖς
3305 539 3500 615 ἀρχαῖς
3549 537 3761 613 συμϐάλ-

413 639 717 715 principiis
748 635 899 692 I78
951 634 1197 689 fontium
1245 631 1552 688 convenire
1601 631 1847 685 videtur.
1905 634 2048 684 Cum

411 733 568 787 enim
600 734 754 784 terra
807 728 1044 796 pertusa
1102 727 1158 777 et
1207 718 1548 776 cuniculosa
1594 719 1671 773 sit
1717 724 1773 774 et
1819 717 2048 789 aliquas

409 817 578 891 quasi
610 831 783 871 venas
824 812 1067 878 habeat;
1115 809 1442 864 necessario
1493 809 1619 880 ipsa
1664 808 1935 862 universa
1981 823 2049 862 ex

409 907 556 962 mari
587 919 798 975 aquam
834 917 934 972 per
962 899 1307 954 divisionem
1339 903 1394 952 et
1424 897 1840 952 derivationem
1892 896 2045 950 acci-

409 996 532 1068 pit;
566 994 809 1048 humore
840 1007 909 1044 ex
941 987 1219 1060 proximis
1252 989 1395 1042 mari
1431 986 1695 1056 partibus
1726 985 1797 1040 ad
1858 1000 2045 1039 remo-

407 1084 582 1139 tiores
612 1083 972 1142 transeunte,
1003 1083 1060 1132 et
1092 1076 1229 1131 hinc
1274 1091 1554 1147 vaporum
1603 1074 1830 1145 copiam
1880 1078 2044 1128 terra:

409 1172 737 1245 praebente;
770 1169 871 1240 qui
902 1167 1043 1221 dum
1076 1165 1376 1220 elevantur
1405 1168 1462 1219 et
1495 1163 1931 1234 refrigerantur,
1982 1166 2047 1217 ut

409 1267 543 1318 ante
572 1259 793 1316 dictum
821 1261 930 1323 est,
961 1254 1214 1310 multum
1245 1269 1406 1325 aqua
1436 1250 1828 1324 generabitur.

2160 626 2344 690 λεσθαι
2378 633 2486 682 τῶν
2533 634 2751 702 πηγῶν,
2803 629 3098 704 Διάτρητος
3145 626 3273 682 οὖτα
3320 631 3354 697 ἡ
3402 631 3473 702 γῆ
3518 630 3602 683 καὶ
3655 631 3764 684 ὑπό-

2157 737 2344 789 νομος,
2376 717 2466 770 καὶ
2522 717 2706 790 ὥσπερ
2760 717 2906 778 τινάς
2964 714 3167 792 ἔχουσα
3215 712 3439 794 φλέϐας,
3497 718 3767 792 ἀναγκαίως

2158 804 2217 859 ἐκ
2244 813 2344 874 τῆς
2391 804 2665 874 θαλάσσης
2712 803 2925 881 δέχεται
2984 807 3046 860 τὸ
3103 804 3249 881 ὕδωρ
3309 813 3446 860 πᾶσσ
3494 808 3624 861 κατὰ
3673 805 3768 862 διά-

2157 891 2326 964 δοσιν,
2373 893 2432 948 έκ
2477 900 2586 949 τῶν
2638 894 2850 970 ἔγγιστα
3019 893 3257 969 Θαλάσσῃ
3307 899 3482 971 μερῶν
3540 903 3632 965 τῆς
3684 905 3770 971 γῆς

2156 978 2522 1045 διαϐαίνοντος
2577 989 2678 1038 τοῦ
2733 985 2899 1058 ὑγροῦ
2957 984 3044 1038 καὶ
3119 985 3253 1060 πρὸς
3326 985 3393 1038 τά
3445 985 3768 1060 πορῥωτέρω,

2154 1073 2431 1126 κάντεῦθεν
2497 1072 2682 1146 άτμῶν
2750 1072 3003 1150 ἀφθονίαν
3056 1077 3125 1145 τῇ
3183 1077 3255 1148 γῇ
3317 1073 3659 1149 παρέχοντος·
3707 1076 3768 1129 ὧν

2155 1162 2564 1238 ἀναφερομένων
2623 1162 2712 1216 καὶ
2771 1160 3122 1238 ψυχομένων,
3182 1163 3254 1223 ὡς
3321 1163 3652 1238 προείρηται,
3701 1164 3772 1239 γέ-

2150 1271 2299 1312 νεσις
2331 1248 2526 1313 ὕδατος
2558 1247 2703 1305 ἔσται
2734 1249 2972 1308 πολλοῦ,

1685 1437 2022 1494 SYNOPSIS
2059 1437 2342 1494 CAPITIS
2381 1439 2526 1495 XVI.

1808 1543 1961 1589 QUOD
1998 1543 2100 1582 EST
2136 1545 2207 1582 DE
2245 1544 2404 1583 ΙΑΒῙ.

415 1654 472 1708 1.
519 1646 707 1707 Varie
737 1642 1047 1702 dirisiones
1074 1657 1390 1718 aquarum.
1424 1671 1501 1718 -έ
1525 1637 1563 1696 2
1591 1634 1762 1696 Mare
1788 1654 1905 1718 uqn
1934 1645 2015 1693 est
2043 1635 2621 1718 manuelaboratum,
2646 1635 2750 1718 sed
2759 1646 2959 1718 sponte
2980 1646 3206 1718 natura
3227 1656 3346 1698 sua
3361 1646 3556 1698 ortum
3576 1657 3683 1698 non
3702 1649 3774 1700 ta-

489 1746 618 1787 men
647 1723 978 1805 efﬂuidum.
995 1715 1179 1805 :—_3.
1217 1717 1556 1805 Occupatio.
1589 1751 1667 1759 —
1687 1719 1745 1774 4.
1780 1715 1952 1805 Mare
1978 1734 2016 1775 α
2040 1715 2310 1796 partibus
2331 1716 2648 1805 altioribus
2661 1716 2744 1778 ad
2760 1715 3177 1797 cavioresﬂuit,
3203 1737 3319 1805 n‘on
3341 1727 3534 1778 tamen
3563 1720 3620 1805 iri
3631 1719 3778 1779 aliud

485 1796 914 1886 receptaculum
940 1801 1156 1886 efﬂuit,
1177 1817 1260 1886 ac
1287 1796 1539 1876 proinde
1567 1815 1726 1876 aqua
1755 1803 2038 1886 staguans
2063 1805 2350 1886 censetur.
2384 1833 2461 1840 —
2489 1801 2549 1886 5_.
2583 1797 2759 1886 Mare
2773 1817 2889 1856 non
2915 1811 3001 1886 est
3027 1796 3488 1886 aquafontana,
3512 1800 3649 1886 quia
3675 1818 3774 1858 non

488 1896 573 1948 est
600 1876 925 1964 effluidum.
959 1876 1037 1926 '-'-
1067 1880 1334 1964 6._Mare
1361 1886 1446 1937 est
1487 1895 1647 1956 aqua
1674 1876 2013 1946 collectitia,
2045 1895 2161 1934 non
2191 1884 2384 1936 tamen
2405 1876 3257 1964 exﬂuminibusxAlias’enim
3306 1876 3534 1964 potiusi
3550 1881 3773 1964 fontana

488 1977 546 2028 et
573 1956 817 2045 e/ﬂuida
845 1971 1005 2045 esset.
1039 1995 1117 2004 —
1139 1962 1198 2018 Ἰ.
1235 1958 1406 2045 Mare
1435 1965 1658 2045 nonnest
1685 1965 1983 2045 aeteruum,
2017 1966 2082 2014 ut
2109 1974 2291 2045 aeque
2318 1956 2585 2045 mundus,
2622 1956 3109 2045 quemadmodum
3130 1956 3371 2045 putavit
3409 1956 3770 2045 Aristoteles;

487 2047 588 2108 sed
603 2035 754 2106 'cum
777 2040 993 2102 mundo
1019 2058 1127 2119 per
1155 2039 1503 2098 creationem
1537 2036 1652 2119 Dei
1675 2038 1869 2119 «epit,
1903 2045 1970 2119 ut
1998 2035 2242 2096 tradunt
2294 2056 2476 2097 sacrae
2497 2035 2747 2119 Litterae
2775 2046 2830 2096 et
2866 2037 2987 2118 ﬁde
3027 2035 3380 2119 percipitur.
3414 2073 3494 2082 —
3522 2041 3580 2099 8.
3614 2039 3774 2101 Locus

488 2126 673 2187 maris
702 2127 902 2194 etiam,
934 2115 1204 2180 elementi
1227 2137 1398 2198 aqua
1425 2126 1508 2176 est
1536 2116 1711 2199 locus.
1749 2115 1877 2190 Qua
1907 2115 1975 2174 de
2017 2134 2195 2176 causa
2223 2119 2400 2199 etiam
2429 2116 2510 2177 ad
2536 2119 2720 2197 ipsum
2750 2115 2948 2178 omuia
2978 2115 3105 2178 alia
3132 2115 3419 2196 feruntur
3431 2119 3688 2199 ﬂumina.
3710 2153 3773 2162 —

489 2209 547 2268 9.
593 2203 922 2266 Salsedims
951 2211 1006 2260 et
1036 2197 1451 2260 amaritudinis
1480 2197 1663 2255 maris
1693 2215 1881 2256 causa?
1908 2205 2066 2266 sunt,
2099 2206 2220 2255 tum
2254 2197 2413 2256 illius
2445 2205 2486 2256 1
2508 2203 2607 2256 σο
2638 2199 2835 2272 statio,
2877 2208 2998 2257 tum
3026 2200 3389 2278 evaporatio,
3424 2197 3772 2278 quemadmo-

487 2288 626 2347 dum
655 2284 840 2344 simili
864 2280 1226 2342 declaratur.
1264 2314 1338 2324 —
1370 2282 1464 2337 10.
1502 2278 1670 2359 Quod
1697 2295 1861 2336 mare
1889 2279 2296 2359 nequemajus
2345 2295 2530 2357 neque
2571 2279 2765 2336 minus
2787 2358 2790 2359 ν
2813 2278 2945 2358 ﬁat.
2979 2313 3057 2321 —
3089 2281 3184 2338 11.
3244 2277 3372 2359 Cur
3408 2277 3572 2340 mare
3619 2298 3775 2359 neque

485 2367 713 2429 dulcius
730 2381 915 2442 neque
932 2361 1141 2421 salsius
1167 2357 1750 2442 efﬁciatur,adeoque
1768 2355 2025 2442 eamdem
2045 2355 2173 2435 fere
2190 2355 2557 2442 sempercum
2580 2355 2964 2442 quantitatem
2981 2368 3108 2442 tum
3131 2358 3478 2442 qualitatem
3498 2355 3774 2442 servet.'-_—

491 2451 586 2509 12.
627 2445 703 2507 Ut
727 2435 915 2528 ipsum
946 2459 1143 2528 mare,
1158 2435 1240 2498 sic
1268 2453 1326 2528 et
1351 2440 1475 2517 ejus
1496 2435 2042 2528 rqualitas,_sa‘l§edq
2068 2447 2122 2496 et
2150 2435 2488 2528 amaritudo
2515 2435 2736 2528 erepit;
2763 2437 2872 2498 ubi
2907 2439 3086 2498 etiam
3135 2435 3483 2528 seponitur,
3516 2438 3772 2520 quomodo

486 2516 1066 2606 accipiendumquqd
1093 2520 1247 2606 Deus
1265 2516 1634 2606 in_creatione
1653 2516 1973 2606 dixit,Fiat
1995 2516 2434 2606 ﬁrmamentum
2462 2520 2524 2577 in
2545 2516 2734 2606 medio
2761 2537 3055 2606 aquarum
3065 2529 3139 2606 ,et
3168 2516 3596 2606 dividat__int_er
3613 2539 3772 2598 aqua:

488 2597 806 2691 aquas._—
839 2597 934 2662 13ῖ
969 2601 1430 2691 Βαιιοεξηαίιοα
1453 2598 1940 2691 ροετενιοὴίηᾳιια
1962 2597 2187 2688 colligit
2226 2607 2303 2691 ut;
2319 2618 2476 2689 nunc
2507 2617 2544 2658 a
2587 2597 3004 2691 colorejsolari
3043 2599 3210 2691 facta
3255 2598 3582 2690 subtilioris

487 2678 752 2749 discretio
781 2701 957 2743 causa
984 2691 1061 2740 sit
1101 2679 1405 2740 salsedinis
1433 2689 1487 2738 et
1511 2679 1934 2760 amaritudinis
1961 2680 2226 2760 marinae,
2254 2678 2614 2760 itapriorem
2634 2679 2991 2760 marihujus
3013 2679 3320 2760 qualitatis
3339 2699 3579 2740 causam
3599 2678 3766 2760 fuisse,

484 2769 722 2849 pimum
742 2782 1005 2849 omnium
1035 2780 1071 2821 a
1097 2760 1474 2849 ﬁrmamento
1501 2760 1726 2849 factum
1769 2757 2172 2849 discretionem
2197 2775 2210 2816 :
2244 2757 2388 2838 quia
2413 2757 2503 2818 sol
2529 2777 2657 2818 cum
2691 2757 3093 2838 ﬁrmamento,
3124 2768 3183 2818 et
3203 2757 3642 2837 ﬁrmamentum
3667 2779 3772 2820 cum

485 2838 622 2920 sole,
651 2845 1029 2928 physicorum
1067 2838 1327 2901 omnium
1356 2858 1632 2900 consensu
1661 2840 1736 2898 sit
1760 2838 2013 2916 ejusdem
2042 2847 2289 2898 naturae.

1007 2991 1239 3048 CAPUT
1298 2990 1439 3045 XVI.

1079 3082 1152 3136 De
1196 3082 1370 3135 mari.

480 3179 528 3234 1.
585 3182 890 3247 Aquarum
921 3172 965 3206 ⁹²
999 3187 1125 3242 qua:
1179 3170 1331 3224 circa
1386 3173 1598 3223 terram
1658 3173 1714 3222 et
1772 3167 1830 3221 in
1887 3171 2045 3222 terra

409 3271 548 3324 sunt
576 3264 699 3320 alite
731 3262 1054 3327 ﬂuitantes,
1088 3259 1212 3314 aliae
1244 3263 1587 3328 stagnantes
1621 3261 1776 3310 sunt.
1811 3256 1879 3309 Et
1908 3255 2042 3310 ﬂui-

407 3359 600 3411 tantes
630 3351 867 3424 quidem
917 3365 1120 3404 omnes
1166 3364 1235 3402 ex
1284 3346 1540 3402 fontibus
1580 3345 1875 3416 aliquibus
1925 3361 2042 3398 suae

407 3441 679 3499 ﬂuxionis
711 3440 932 3494 habent
971 3436 1276 3509 principia,
1325 3436 1445 3490 sive
1491 3438 1694 3505 sponte
1742 3450 1849 3488 sua
1903 3438 2041 3488 ortae

407 3533 549 3596 sint,
577 3536 642 3584 ut
668 3526 952 3592 ﬂuviales,
986 3525 1108 3580 sive
1140 3542 1315 3579 manu
1349 3524 1664 3596 productae,
1691 3527 1756 3576 ut
1785 3539 1911 3592 quae
1944 3538 2044 3592 per

407 3619 638 3675 canales
667 3618 1017 3672 educuntur.
1073 3614 1246 3668 Porro
1297 3627 1582 3684 aquarum
1640 3611 2040 3681 stagnantium

406 3706 532 3762 alias
563 3709 701 3760 sunt
732 3703 1002 3768 fontanae,
1037 3700 1161 3756 alia;
1208 3698 1547 3754 collectitim.
1596 3698 1661 3751 Et
1709 3697 1917 3752 harum
1961 3697 2039 3751 si-

407 3793 528 3850 mul
557 3793 680 3848 aliis
711 3795 846 3847 sunt
873 3790 1046 3844 madu
1079 3789 1392 3860 productae,
1422 3786 1548 3842 alia:
1579 3803 1613 3841 a
1643 3787 1853 3858 seipsis
1880 3791 2038 3842 ortae.

408 3885 679 3939 Fontanus
708 3880 946 3952 quidem
995 3895 1174 3933 manu
1232 3878 1523 3949 productae
1574 3881 1713 3930 sunt
1759 3875 2038 3946 puteales.

407 3970 565 4027 180
617 3969 936 4025 Fodiuntur
977 3967 1133 4022 enim
1178 3966 1336 4038 putei
1367 3972 1423 4020 et
1471 3965 1542 4020 ad
1594 3981 1880 4034 aquarum
1931 3965 2041 4019 cir-

407 4057 860 4114 cumﬂuentium
892 4055 1286 4126 exceptionem
1345 4051 2043 4124 comprehensionemque

407 4149 843 4218 comparantur.
874 4148 938 4198 At
967 4159 1252 4214 aquarum
1285 4141 1684 4212 stagnantium
1730 4142 1978 4196 fontanae
2011 4131 2049 4195 εἰ

407 4235 617 4308 seipsis
648 4239 806 4300 ortis,
840 4249 966 4305 quae
996 4230 1237 4302 exiguos
1269 4231 1457 4285 fontes
1489 4234 1547 4283 et
1576 4228 1834 4284 locorum
1885 4230 2042 4283 cavi-

405 4330 556 4379 tates
613 4323 900 4389 obtinent,
953 4320 1190 4375 efﬂuere
1246 4323 1302 4373 et
1359 4317 1539 4371 dilabi
1598 4334 1711 4372 non
1770 4322 2036 4388 possunt.

407 4418 701 4485 Aquarum
735 4414 927 4465 autem
960 4406 1426 4470 collectitiarum,
1459 4423 1586 4476 quae
1619 4411 1720 4461 aut
1741 4422 1807 4461 ex
1827 4406 2038 4477 pluviis

405 4508 508 4558 aut
537 4518 604 4557 ex
635 4500 897 4556 amnium
930 4497 1145 4553 afﬂuxu
1179 4502 1340 4561 sunt,
1372 4495 1499 4550 alia,
1543 4495 1760 4550 habent
1798 4495 1868 4550 ab
1919 4501 2042 4552 arte

407 4593 729 4662 praeparata
758 4585 1143 4658 receptacula,
1174 4584 1295 4640 alia;
1327 4585 1398 4639 ad
1448 4584 1724 4639 cavitates
1780 4587 1839 4638 in
1889 4590 2043 4642 terra

406 4682 840 4744 coacervantur,
874 4692 1002 4747 quae
1033 4674 1206 4730 etiam
1240 4672 1620 4732 multitudine
1649 4677 1706 4727 et
1752 4675 2042 4745 paucitate

2073 3001 2121 3064 B

2773 2992 3026 3045 ΚΕΦΑΛ.
3071 2991 3162 3052 Ις’.

2746 3078 2875 3153 Περὶ
2907 3077 3146 3148 θαλάσση
3157 3099 3200 3139 ς.

2221 3167 2285 3219 α’.
2319 3171 2433 3220 Τῶν
2463 3165 2586 3239 περὶ
2617 3173 2715 3241 γῆν
2748 3167 2836 3221 καὶ
2871 3167 2959 3221 ἐπὶ
3011 3169 3113 3242 γῆς
3157 3164 3362 3221 ὑδάτων
3409 3169 3483 3222 τὰ
3532 3168 3620 3242 μὲν
3664 3165 3772 3242 ῥυτά

2153 3255 2284 3326 ἐστι,
2316 3256 2383 3308 τά
2430 3252 2486 3309 δέ
2530 3256 2785 3328 στάσιμα.
2821 3255 2918 3309 Καὶ
2965 3256 3032 3310 τὰ
3084 3257 3176 3328 μὲν
3233 3255 3365 3331 ῥυτὰ
3395 3258 3569 3312 πάντα
3605 3253 3660 3310 ἔκ
3704 3275 3770 3307 τι-

2150 3366 2255 3397 νων
2303 3340 2419 3419 ἔχει
2468 3349 2656 3419 πηγῶν
2708 3347 2804 3413 τῆς
2855 3345 3059 3420 ῥύσεως
3106 3345 3200 3406 τάς
3243 3345 3444 3420 ἀρχάς,
3492 3346 3584 3400 κᾶν
3640 3345 3770 3398 αὐτο-

2151 3439 2282 3509 φυῆ,
2325 3433 2460 3486 καθά
2495 3433 2563 3487 τά
2611 3433 2878 3506 ποτάμια,
2910 3433 3004 3487 κᾶν
3059 3433 3426 3510 χειρόκμητα,
3471 3437 3602 3489 καθά
3635 3435 3693 3487 τά
3734 3429 3771 3484 δ’

2151 3519 2359 3594 ὀχετῶν
2424 3520 2734 3596 ἐξαγόμενα.
2789 3527 2903 3576 Τῶν
2985 3519 3042 3575 δὲ
3117 3523 3389 3595 στασίμων
3472 3522 3666 3578 ὑδάτων
3719 3519 3770 3573 τά

2155 3609 2248 3680 μὲν
2310 3605 2418 3662 ἔστι
2477 3615 2709 3684 πηγαῖα,
2768 3611 2834 3664 τά
2884 3607 2942 3664 δὲ
2999 3609 3388 3686 συλλογιμαῖα·
3445 3614 3536 3667 καὶ
3596 3611 3768 3666 τούτων

2151 3697 2292 3770 ὁμοῦ
2320 3698 2385 3752 τά
2440 3698 2532 3771 μὲν
2577 3698 2943 3774 χειρόκμητα,
2979 3700 3043 3753 τά
3101 3695 3147 3753 δ’
3196 3699 3464 3778 αὐτοφυῆ.
3496 3700 3772 3776 Χειρόκμη-

2147 3805 2215 3839 τα
2267 3786 2359 3858 μὲν
2411 3793 2618 3863 πηγαῖα
2663 3788 2731 3842 τά
2770 3794 3071 3865 φρεατιαῖαο
3120 3789 3189 3843 τά
3239 3791 3441 3867 φρέατα
3492 3791 3592 3866 γάρ
3635 3785 3772 3862 δρόσ-

2151 3895 2294 3928 σεται
2344 3874 2432 3930 καί
2494 3878 2940 3946 κατασκευάζεται
2999 3877 3135 3946 πρὸς
3206 3879 3304 3946 τήν
3383 3883 3495 3934 τῶν
3553 3895 3772 3953 περιεχο-

2154 3964 2328 4036 μένων
2377 3961 2583 4020 ὑδάτων
2639 3968 2974 4042 συναγωγήν.
3030 3966 3271 4044 αὐτοφυῆ
3325 3964 3381 4021 δὲ
3432 3973 3637 4044 πηγαῖα
3683 3967 3767 4019 τῶν

2150 4053 2422 4124 στασίμων
2457 4052 2555 4107 ὅσα
2588 4055 2784 4130 μικράς
2817 4052 3012 4129 ἔχοντα
3066 4056 3248 4130 πηγάς
3303 4056 3392 4109 καὶ
3445 4056 3624 4111 τόπων
3677 4073 3773 4106 χοι·

2152 4137 2408 4210 λότητας,
2443 4140 2504 4196 οὑ
2536 4139 2754 4196 δύναται
2805 4143 3085 4219 ἀποῤῥεῖν.
3113 4147 3227 4198 Τῶν
3275 4141 3332 4198 δὲ
3387 4140 3769 4219 συλλογιμαίων

2154 4226 2358 4283 ὑδάτων
2387 4229 2422 4298 ἢ
2455 4229 2506 4300 ἐξ
2538 4231 2703 4285 ὑετῶν
2753 4227 2950 4303 ὄντων,
2982 4232 3016 4301 ἢ
3078 4231 3138 4286 ἐκ
3192 4233 3494 4307 γενομένης
3547 4230 3770 4307 ἐπιρῥοῆς

2150 4323 2434 4391 ποταμῶν,
2505 4320 2571 4373 τά
2648 4321 2742 4393 μὲν
2811 4317 3101 4394 δεξαμενάς
3179 4319 3294 4397 ἔχει
3370 4317 3769 4377 κατασκευαστὰς

2151 4408 2254 4462 ὑπὸ
2277 4407 2500 4482 τέχνης·
2533 4409 2600 4462 τά
2630 4406 2686 4462 δὲ
2714 4409 2851 4482 πρὸς
2901 4411 2997 4472 τάς
3057 4409 3144 4464 ἐπὶ
3198 4412 3339 4484 (τῆς)
3385 4413 3489 4486 γῆς
3547 4407 3771 4475 κοιλότη-

2148 4517 2244 4559 τας
2295 4496 2714 4573 συναθροίζεται,
2757 4497 2790 4551 ἃ
2839 4499 2928 4552 καὶ
2981 4495 3220 4576 διαφέρει
3278 4497 3482 4569 πλήθει
3539 4499 3624 4554 καὶ
3672 4495 3768 4551 ὀλι-

2149 4585 2364 4661 γότητι.
2392 4586 2490 4640 Καὶ
2547 4586 2762 4656 πλῆθος
2823 4588 2916 4660 μὲν
2978 4585 3176 4664 ἔχοντα
3232 4586 3526 4644 καλοῦνται
3588 4587 3767 4660 λίμναι·

2151 4673 2313 4750 ὀλίγα
2342 4673 2387 4730 δ’
2419 4671 2565 4748 ὄντα,
2601 4674 2833 4752 λέγοντα
2861 4675 3126 4752 τέλματα.

406 4767 702 4824 diﬂ'erunt.
738 4765 803 4821 Et
849 4765 1137 4837 siquidem
1169 4761 1547 4818 multitudine
1604 4766 1742 4818 sunt
1789 4763 2060 4836 praeditas,
2107 4770 2317 4839 stagna
2360 4775 2637 4823 vocantur
2670 4785 2682 4824 :
2716 4768 2806 4824 sin
2860 4773 3054 4825 autem
3104 4773 3243 4826 sunt
3289 4770 3527 4843 exigua,
3558 4767 3769 4842 paludes

408 4873 508 4913 seu
539 4856 665 4912 lacu
675 4874 758 4910 me
786 4859 1086 4911 vocantur.

475 4946 530 5000 2.
563 4948 696 5011 Quae
722 4960 852 4999 cum
887 4946 968 4999 ita
990 4961 1052 4998 se
1082 4943 1354 5010 habeant,
1389 4941 1543 5014 quod
1575 4958 1736 4997 mare
1767 4941 1842 4998 sit
1864 4958 2042 4998 manu

408 5035 626 5092 factum
653 5037 708 5089 et
731 5033 1114 5098 elaboratum,
1149 5031 1313 5086 nulla
1343 5031 1564 5086 ratione
1613 5031 1840 5086 nititur.
1894 5031 2039 5086 Cum

409 5127 604 5178 autem
636 5137 670 5175 a
699 5121 890 5192 seipso
931 5121 1008 5175 sit
1037 5127 1251 5183 ortum,
1279 5125 1382 5174 aut
1434 5118 1739 5174 eiﬂuidum
1787 5120 1896 5174 erit
1941 5125 2044 5176 aut

409 5215 710 5280 stagnans.
747 5209 806 5262 El
831 5209 1134 5264 et'ﬂuidum
1166 5209 1400 5281 quidem
1435 5225 1548 5263 non
1581 5213 1690 5264 est.
1724 5211 1844 5274 Quo
1888 5211 2045 5264 enim

410 5299 673 5356 efﬂueret
697 5297 718 5351 'I
749 5296 860 5352 Sed
892 5315 960 5352 ex
992 5297 1192 5352 multis
1211 5299 1310 5368 qui
1343 5301 1669 5368 Hyrcanum
1688 5302 1746 5352 et
1769 5297 2044 5368 Caspium

411 5404 571 5444 mare
605 5386 1076 5453 circumiverunt,
1119 5403 1244 5457 quae
1275 5387 1435 5441 nulla
1464 5403 1531 5440 ex
1560 5392 1721 5458 parte
1759 5387 1868 5441 sibi
1902 5386 2045 5440 invi-

409 5493 533 5534 cem
569 5477 880 5546 conjuncta
909 5475 1202 5546 videntur,
1253 5492 1422 5532 nemo
1472 5475 1682 5532 horum
1735 5474 1920 5532 ullum
1972 5476 2050 5532 ef-

407 5567 660 5628 ﬂuidum
682 5564 1087 5638 deprehendit.

474 5729 524 5811 _”
551 5731 589 5790 2
615 5729 850 5804 lateor,
882 5743 934 5786 ο.
965 5728 1018 5790 1.

2229 4943 2294 5018 β’.
2326 4941 2540 4997 Τούτων
2589 4942 2762 5005 οὕτως
2809 4942 3048 5020 ἐχόντων
3109 4944 3480 5022 χειρόκμητον
3532 4947 3622 5019 μὲν
3663 4943 3768 4999 εἶναι

2151 5031 2250 5098 τὴν
2283 5029 2547 5085 θάλασσαν
2593 5029 2786 5087 οὐδένα
2835 5031 2999 5109 λόγον
3047 5032 3183 5109 ἔχει·
3217 5034 3494 5113 αὐτοφυὴς
3528 5033 3573 5089 δ’
3603 5027 3768 5096 οὗσαῆ

2153 5119 2456 5195 ἀπόρῥυτος
2527 5118 2673 5176 ἔσται
2729 5123 2764 5190 ἢ
2825 5122 3105 5196 στάσιμος.
3162 5124 3259 5177 Καὶ
3332 5124 3631 5200 ἀπόρρυτος
3692 5119 3767 5192 μὶν

2155 5206 2254 5262 οὐκ
2313 5205 2440 5263 ἔστι·
2517 5214 2621 5263 ποῦ
2677 5211 2779 5284 γὰρ
2839 5209 2896 5264 ἂν
2955 5214 3244 5282 ποιήσαιτο
3307 5213 3403 5281 τὴν
3463 5211 3767 5288 άπόῤῥοιανὶ

2157 5295 2300 5352 ἀλλὰ
2337 5298 2426 5352 καὶ
2485 5296 2692 5353 πολλοὶ
2740 5299 2838 5368 τήν
2899 5300 3173 5374 Ὑρκανίαν
3229 5299 3492 5356 θάλασσαν
3553 5300 3637 5354 καὶ
3685 5297 3765 5362 τήν

2157 5386 2389 5441 Κασπίαν
2495 5384 2954 5463 περιοδεύσαντες,
3043 5387 3238 5451 α’ίτινες
3325 5388 3448 5445 οὐδὲ
3533 5387 3765 5466 ἐφάνησαν

2158 5473 2432 5546 ἀλλήλαις
2487 5475 2844 5530 συνάπτουσαι
2901 5477 3016 5532 κατ’
3064 5475 3240 5551 οὐδέν,
3296 5475 3473 5541 οὐδεὶς
3538 5472 3765 5549 οὐδεμίαν

2155 5563 2360 5622 τούτων
2392 5564 2539 5648 εὗρεν
2566 5564 2890 5646 ἀπόῤῥυτον.
