4024 6504
277 528 428 588 1157

1576 521 1922 589 EPITOME
1967 518 2328 588 PHYSlCA.

3513 532 3667 597 1158

343 661 411 733 γ’·
445 658 690 714 Φαίνεται
721 656 768 714 δ’
819 660 853 728 ἠ
914 657 1154 713 θάλασσα
1205 657 1397 734 ῥέουσα
1444 659 1577 712 κατὰ
1620 656 1747 719 τοὺς
1797 677 1912 712 στε-

2097 658 2149 713 3.
2178 658 2422 714 Videtur
2451 665 2644 717 autem
2679 679 2838 718 mare
2868 662 3046 720 ﬂuere
3068 660 3218 719 circa
3246 662 3371 721 loca
3390 673 3667 739 angusta,

272 747 398 810 νοὺς
448 747 671 820 τόπους,
699 750 773 802 ὦν
827 748 1126 823 ἑκατέρωσε
1182 746 1413 802 πλατεῖα
1467 746 1706 802 θάλασσά
1757 745 1918 800 ἐστιν.

271 838 446 891 Ὅπου
492 836 596 912 γὰρ
647 835 732 907 ἂν.
772 834 830 891 ἐκ
885 835 1123 898 πλατέος
1184 835 1454 911 πελάγους
1512 835 1587 897 εἷς
1645 834 1823 890 στενὸν
1885 834 1920 902 ἠ

275 925 514 981 θάλασσα
542 926 824 1000 συνάγεται
868 925 971 980 ὑπὸ
1016 932 1115 995 τῆς
1163 924 1528 1001 περιεχούσης
1571 924 1634 979 τὸ
1690 921 1924 998 πέλαγος

276 1015 382 1091 γῆς
437 1013 777 1091 ὑψηλοτέρας
829 1011 1012 1086 οὔσης,
1073 1015 1210 1069 κατά
1281 1019 1441 1068 τοῦτο
1519 1013 1758 1090 φαίνεται
1834 1010 1924 1065 καὶ

284 1102 649 1180 μεταρῥέουσα
700 1100 890 1158 ἄλλοτ’
939 1103 1020 1157 ἐπ’
1069 1100 1209 1158 ἄλλο
1264 1103 1427 1179 μέρος
1486 1099 1575 1156 διὰ
1619 1101 1684 1155 τὸ
1730 1098 1924 1155 ταλαν-

277 1192 518 1248 τεύεσθαι
564 1193 627 1247 τὸ
670 1189 816 1268 ὕδωρ
867 1189 1022 1268 δεῦρο
1079 1193 1292 1247 κάκεῖσε
1336 1189 1627 1252 πολλάκις.
1671 1192 1733 1243 Ὃ
1784 1188 1924 1264 γίνε-

277 1302 364 1337 ται
420 1282 514 1355 μὲν
565 1282 654 1336 καὶ
701 1280 754 1336 ἐν
814 1285 882 1355 τῇ
937 1282 1348 1355 ἀναπεπταμένῃ
1392 1279 1648 1354 θαλάσσῃ·
1720 1276 1925 1349 ἄδηλον

281 1368 339 1426 δέ
369 1369 501 1439 ἐστι,
530 1374 609 1442 τῷ
643 1371 717 1443 μὴ
751 1370 885 1425 εἶναι
916 1371 1014 1440 τήν
1056 1370 1223 1440 αὐτῆς
1269 1370 1568 1441 ἑκατέρωσε
1623 1375 1726 1443 γῆν
1778 1363 1926 1436 πλη-

279 1459 416 1532 σίον,
451 1465 570 1536 παρ’
599 1460 666 1529 ἣν
714 1453 1014 1533 ἀμείϐουσα
1064 1461 1100 1529 ἡ
1155 1457 1479 1536 μετάῤῥυσις
1533 1456 1733 1527 ταύτης
1789 1477 1928 1531 γνω-

283 1547 474 1624 ρίζοιτ’
507 1545 589 1605 ἄν.

353 1635 416 1694 δ’.
471 1637 579 1690 Ῥεῖ
626 1634 670 1691 δ’
716 1637 750 1706 ἠ
800 1635 1040 1692 θάλασσα
1111 1635 1200 1690 καὶ
1263 1636 1368 1691 ἀπὸ
1414 1639 1521 1689 τῶν
1573 1630 1925 1708 ὑψηλοτέρων

282 1723 449 1794 αὐτῆς
501 1724 588 1779 ἐπὶ
631 1725 699 1778 τὰ
734 1722 1023 1800 κοιλότερα
1074 1721 1162 1778 διὰ
1204 1725 1268 1779 τὸ
1311 1722 1524 1793 πλῆθος
1569 1726 1676 1777 τῶν
1731 1720 1806 1782 εἷς
1862 1719 1928 1774 τὰ

286 1813 596 1889 ὑψηκότερα
645 1811 848 1884 ταύτης
925 1807 1314 1886 ἐμϐαλλόντων
1381 1815 1664 1885 ποταμῶν·
1725 1810 1928 1886 πέφυκε

282 1903 387 1978 γὰρ
416 1903 480 1956 τὸ
511 1899 658 1977 ὕδωρ
684 1900 742 1956 ἐκ
768 1906 875 1956 τῶν
911 1900 1264 1977 ὑψηλοτέρων
1323 1900 1503 1956 τόπων
1531 1899 1608 1962 εἷς
1653 1900 1720 1953 τὰ
1766 1895 1930 1952 κοῖλα

283 1989 669 2069 καταφέρεσθαί
714 2011 773 2044 τε
819 1989 908 2044 καὶ
942 1989 1072 2066 ῥεῖν.
1102 1991 1251 2044 Ἔστι
1312 1986 1368 2044 δὲ
1416 1989 1506 2044 καὶ
1553 1989 1648 2042 κάν
1709 1991 1776 2060 τῇ
1835 1987 1927 2040 θα-

289 2078 458 2152 λάσσῃ
514 2077 582 2132 τὰ
636 2078 729 2150 μὲν
790 2077 957 2147 αὐτῆς
1011 2075 1343 2153 ὑψηλότερα,
1384 2079 1450 2132 τὰ
1507 2075 1565 2131 δὲ
1619 2073 1925 2150 κοιλότερα.

285 2168 468 2229 Ὅπως
528 2163 574 2221 δ’
606 2165 726 2236 ἂνή
762 2165 1001 2230 θάλασσα
1058 2166 1146 2242 ῥῇ,
1209 2164 1371 2222 πάλιν
1421 2165 1500 2244 ἐφ’
1559 2165 1752 2232 ἑαυτὴν
1814 2160 1928 2239 ἔχει

285 2256 347 2310 τὸ
380 2254 571 2332 ῥεῦμα,
602 2254 690 2309 καὶ
731 2254 792 2309 ού
851 2254 986 2329 πρὸς
1045 2251 1186 2309 ἄλλο
1244 2253 1461 2330 δοχεῖον
1520 2248 1808 2326 ἐμϐάλλει,
1839 2271 1931 2306 κα-

290 2344 456 2418 θάπερ
489 2344 542 2398 οἱ
598 2341 837 2416 ποταμοί
890 2344 1025 2419 πρὸς
1075 2343 1262 2414 αὐτήν,
1299 2345 1396 2398 Διὰ
1449 2347 1610 2398 τοῦτο
1667 2341 1756 2396 καὶ
1812 2339 1930 2395 στά-

288 2432 446 2506 σιμόν
498 2431 607 2486 ἐστι
658 2433 721 2487 τὸ
768 2429 914 2508 ὕδωρ
954 2439 1055 2502 τῆς
1112 2430 1404 2504 θαλάσσης,
1438 2431 1565 2488 ἀλλ’
1615 2429 1714 2485 οὐκ
1764 2428 1930 2506 ἆπόῤ-

291 2521 469 2599 ῥυτον.

363 2612 420 2667 ε’.
477 2609 748 2684 Στάσιμον
797 2608 843 2665 δ’
909 2609 968 2666 ὃν
1023 2607 1061 2680 ἥ
1124 2615 1361 2686 πηγαῖον
1420 2607 1456 2679 ἤ
1535 2606 1933 2684 συλλογιμαῖον

293 2698 376 2768 εἷίη
435 2701 516 2754 ἄν.
567 2697 722 2756 Ἀλλ’
760 2699 976 2776 ἐπείπερ
1007 2699 1074 2768 ἦν
1126 2705 1382 2774 πηγαῖον,
1414 2700 1480 2769 ἦν
1529 2698 1588 2753 ἂν
1631 2699 1721 2754 καὶ
1771 2697 1934 2774 ἀπόῤ-

296 2789 470 2866 ῥυτον.
527 2794 771 2864 Πηγαῖον
819 2790 920 2865 γὰρ
971 2786 1116 2864 ὕδωρ
1168 2788 1428 2866 αὐτοφυὲς
1495 2787 1752 2860 στάσιμον
1820 2784 1936 2841 ὀλί-

293 2899 387 2954 γον
447 2876 765 2954 εὑρίσκεται.
823 2875 959 2932 Οὐδὲ
1010 2878 1110 2955 γὰρ
1173 2878 1235 2933 τὸ
1284 2877 1388 2932 ἀπὸ
1450 2877 1692 2951 μείζονος
1749 2882 1935 2951 πηγῆς

288 2969 388 3036 τήν
444 2968 621 3042 ἀρχὴν
676 2961 803 3042 ἔχον
855 2963 1068 3021 δύναται
1119 2965 1375 3039 στάσιμον
1427 2965 1580 3020 εἶναι.
1626 2965 1724 3019 Διά
1773 2968 1934 3018 τοῦτο

290 3055 381 3110 καὶ
413 3055 531 3110 ὅσαι
562 3059 670 3110 τῶν
703 3053 914 3128 λιμνῶν
977 3054 1037 3110 ἐκ
1091 3059 1284 3130 πηγῶν
1339 3051 1528 3130 ἔχουσι
1585 3054 1680 3115 τὰς
1739 3054 1933 3129 ἀρχὰς,

290 3144 347 3198 αἱ
421 3143 516 3217 μὲν
594 3144 820 3221 φανερὰς
885 3142 1209 3219 ἀπορῥύσεις
1286 3147 1586 3212 ποιοῦνται,
1644 3142 1700 3195 αἱ
1758 3138 1815 3195 δὲ
1868 3132 1937 3195 δι’

289 3231 578 3304 ὑπονόμων
664 3233 1000 3308 ἱστοροῦνται
1085 3232 1221 3304 πρὸς
1303 3229 1568 3286 θάλασσαν
1658 3229 1933 3306 ἀποῤῥεῖν·

585 3321 600 3339 \
745 3321 759 3343 ε
821 3321 834 3338 ‘
933 3319 948 3341 \
995 3316 1022 3340 Ἰ
1208 3321 1222 3338 \
1388 3319 1412 3356 ,Ι
1893 3315 1905 3340 Ι

439 3342 464 3383 ς
514 3342 602 3376 και
650 3321 683 3391 ἠ
740 3341 843 3376 υπο
885 3342 948 3376 το
995 3341 1122 3397 ορος
1169 3341 1260 3375 τον
1309 3327 1581 3375 Καύκασον
1643 3319 1836 3391 λίμνη,
1870 3318 1935 3388 ἠν

2032 764 2282 818 quorum
2314 765 2383 804 ex
2411 755 2660 822 utraque
2706 757 2868 823 parte
2917 752 3177 824 amplum
3227 771 3385 810 mare
3415 762 3523 811 est.
3557 757 3666 812 Ubi

2031 834 2187 894 enim
2214 854 2282 892 ex
2312 839 2505 910 amplo
2555 839 2757 912 pelago
2790 841 2848 894 in
2891 846 3209 913 angustum
3248 843 3476 915 cogitur
3507 861 3666 901 mare

2033 945 2066 984 a
2095 935 2244 984 terra
2277 927 2420 982 181
2461 927 2792 982 continente
2837 927 3077 999 pelagus
3107 946 3238 986 cum
3265 930 3434 986 altior
3462 932 3559 1001 sit,
3595 934 3666 988 ob

2031 1016 2089 1072 id
2125 1017 2302 1070 ﬂuere
2333 1020 2388 1069 et
2418 1014 2561 1069 alias
2596 1015 2654 1069 in
2697 1015 2871 1070 aliam
2921 1022 3142 1088 partem
3194 1019 3435 1075 reﬂuere
3463 1021 3666 1092 depre-

2034 1105 2331 1170 henditur,
2381 1110 2684 1175 propterea
2728 1105 2880 1175 quod
2931 1105 3010 1159 ibi
3062 1123 3215 1178 aqua
3261 1110 3473 1180 saepius
3516 1109 3668 1166 ultro

2035 1193 2294 1263 citroque
2326 1190 2589 1246 libratur.
2643 1192 2804 1256 Quod
2853 1194 2920 1247 ﬁt
2971 1193 3206 1266 quidem
3253 1197 3428 1252 etiam
3459 1197 3520 1253 in
3551 1198 3668 1255 alto

2036 1279 2219 1336 mari:
2255 1279 2490 1334 evidens
2515 1284 2709 1335 autem
2736 1297 2847 1337 non
2869 1286 2976 1347 est,
3000 1285 3152 1354 quod
3179 1285 3451 1358 utrinque
3471 1287 3667 1360 ipsum

2037 1369 2301 1425 ambiens
2332 1373 2485 1424 terra
2514 1385 2691 1441 prope
2741 1387 2854 1424 non
2885 1370 2981 1440 sit,
3013 1373 3085 1427 ad
3117 1389 3294 1445 quam
3321 1372 3550 1432 alluens
3579 1392 3668 1432 re-

2035 1457 2486 1530 ciprocationem
2516 1458 2888 1514 manifestam
2919 1458 3180 1518 haberet.

2106 1637 2160 1690 4.
2193 1635 2324 1690 Fuit
2352 1639 2546 1690 autem
2596 1652 2756 1691 mare
2785 1636 2959 1692 etiam
3005 1637 3076 1692 ab
3108 1637 3411 1697 altioribus
3444 1641 3566 1697 suis
3597 1643 3667 1700 ad

2036 1722 2224 1796 magis
2256 1739 2587 1792 cavernosa,
2626 1728 2859 1795 propter
2888 1723 3199 1781 ﬂuminum
3231 1727 3670 1787 multitudinem

2037 1829 2164 1884 quis
2191 1813 2250 1867 in
2301 1811 2508 1867 altiora
2561 1812 2747 1884 ipsius
2805 1813 3080 1869 inﬂuunt.
3141 1815 3363 1888 Quippe
3413 1835 3566 1890 aqua
3603 1836 3671 1876 ex

2037 1899 2341 1956 altioribus
2371 1898 2516 1956 locis
2547 1900 2605 1955 in
2637 1917 2775 1956 cava
2803 1901 3009 1957 deferri
3041 1907 3098 1958 et
3123 1902 3301 1960 ﬂuere
3330 1909 3671 1976 consuevit;

2037 1993 2290 2062 suntque
2318 1990 2492 2045 etiam
2525 1989 2584 2044 in
2611 1991 2757 2046 mani
2806 1997 3001 2062 partes
3030 1991 3151 2048 alia
3200 1992 3452 2066 altiores,
3485 1999 3672 2054 cavio-

2039 2096 2132 2134 res
2179 2077 2324 2133 aliis.
2376 2079 2912 2151 Quomodocunque
2959 2085 3153 2136 autem
3199 2099 3358 2139 mare
3405 2085 3568 2152 ﬂuat,
3614 2088 3673 2142 in

2038 2165 2297 2236 seipsum
2326 2165 2536 2232 reﬂuit,
2571 2183 2676 2222 nec
2707 2167 2764 2221 in
2808 2167 2960 2222 aliud
2996 2169 3428 2242 receptaculum
3460 2173 3674 2246 inﬂuit,

2040 2255 2534 2325 quemadmodum
2593 2256 2653 2311 in
2707 2256 2901 2328 ipsum
2961 2257 3139 2315 ﬂuvii.
3195 2261 3318 2325 Qua
3371 2261 3441 2316 de
3499 2278 3677 2319 causa

2039 2342 2213 2398 etiam
2244 2349 2526 2415 stagnans
2558 2349 2648 2400 est
2677 2345 2856 2401 maris
2887 2363 3060 2418 aqua,
3092 2363 3206 2404 non
3237 2348 3497 2406 efﬂuida.

2108 2611 2162 2665 5.
2193 2610 2366 2682 Atqui
2398 2628 2532 2667 cum
2567 2615 2848 2684 stagnans
2894 2613 2989 2682 sit,
3023 2618 3124 2670 aut
3172 2617 3410 2673 fontana
3439 2619 3548 2674 erit
3579 2626 3680 2677 aut

2043 2696 2369 2754 collectitia.
2403 2700 2512 2755 Sed
2560 2700 2849 2771 siquidem
2899 2702 3138 2759 fontana
3179 2710 3352 2774 esset,
3389 2707 3590 2780 utique
3621 2715 3679 2765 et

2042 2786 2278 2842 efﬂuida
2303 2792 2474 2844 esset.
2509 2789 2730 2861 Quippe
2761 2789 3131 2846 fontanarum
3160 2809 3445 2864 aquarum
3474 2803 3680 2868 sponte

2045 2891 2160 2929 suae
2176 2881 2395 2931 natura:
2413 2882 2697 2945 ortarum,
2714 2895 2909 2950 paucis
2927 2885 3264 2952 stagnantes
3285 2885 3674 2955 reperiuntur.

2044 2963 2242 3034 Neque
2271 2965 2426 3020 enim
2460 2983 2586 3037 quis
2619 2983 2653 3020 a
2673 2967 2891 3038 majore
2914 2968 3070 3023 fonte
3099 2968 3449 3042 principium
3480 2972 3676 3046 habet,

2045 3058 2325 3125 stagnans
2353 3071 2482 3110 esse
2526 3059 2733 3127 potest.
2785 3057 3146 3129 QuaprOpter
3190 3059 3364 3114 etiam
3395 3066 3683 3133 quotquot

2046 3142 2210 3199 lacus
2260 3159 2328 3198 ex
2376 3143 2636 3200 fontibus
2692 3145 2906 3200 habent
2951 3146 3257 3218 principia,
3305 3147 3344 3202 ii
3393 3148 3480 3205 vel
3529 3151 3678 3208 182

2048 3233 2390 3288 manifestos
2421 3232 2642 3288 faciunt
2669 3233 2939 3304 efﬂuxus,
2979 3233 3066 3289 vel
3097 3251 3198 3305 per
3227 3235 3529 3292 cuniculos
3561 3255 3682 3294 me-

2049 3326 2354 3377 morantur
2381 3322 2453 3377 ad
2486 3339 2644 3378 mare
2671 3322 2942 3378 deﬂuere.
2970 3323 3472 3387 Quemadmodum
3503 3326 3680 3382 etiam

290 3409 386 3482 (οἱ)
420 3409 591 3464 ἐκεῖσε
644 3407 908 3473 θάλασσαν
960 3408 1187 3464 καλοῦσι
1233 3406 1323 3463 διὰ
1365 3409 1428 3463 τὸ
1491 3407 1733 3485 μέγεθος·
1795 3407 1929 3478 αὕτη

2052 3409 2205 3464 lacus
2235 3410 2279 3444 93
2310 3411 2419 3465 sub
2452 3414 2648 3465 monte
2691 3409 2968 3481 Caucaso,
3002 3426 3175 3481 quem
3209 3413 3412 3467 accolae
3443 3417 3684 3486 propter

290 3498 391 3572 γὰρ
439 3495 666 3553 πολλῶν
726 3503 988 3572 ποταμῶν
1037 3493 1426 3572 ἐμϐαλλόντων
1490 3498 1564 3560 εἰς
1625 3496 1786 3566 αὐτὴν
1844 3495 1933 3551 καὶ

297 3585 546 3663 μεγάλων
623 3587 722 3642 οὐκ
797 3583 996 3664 ἔχουσα
1067 3589 1286 3665 φανερὸν
1366 3584 1575 3663 ἔκρουν,
1653 3583 1934 3641 ἐκδίδωσιν

294 3676 397 3730 ὑπὸ
454 3683 554 3752 γῆν
609 3678 744 3731 κατά
803 3675 1077 3752 Κοραξοὺς
1130 3677 1254 3752 περὶ
1310 3677 1378 3731 τὰ
1433 3675 1743 3749 καλούμενα
1775 3675 1940 3752 βαθέα

293 3768 391 3818 τοῦ
446 3765 673 3823 Πόντου.
714 3768 870 3820 Ὅθεν
920 3766 1010 3820 καὶ
1062 3765 1252 3842 πόρῥω
1302 3773 1400 3835 τῆς
1454 3773 1558 3842 γῆς
1614 3765 1736 3841 περὶ
1792 3785 1940 3841 τρια-

293 3852 449 3907 κόσια
514 3851 702 3908 στάδια
767 3851 958 3930 σχεδὸν
1031 3851 1320 3908 ἀναδίδωσι
1369 3854 1602 3928 πότιμον
1658 3850 1803 3929 ὕδωρ
1852 3853 1940 3908 ἐπὶ

292 3941 458 3996 τόπον
492 3942 687 4000 πολύν.

368 4122 430 4184 ς’.
463 4121 611 4176 Ἐπεὶ
661 4121 838 4176 τοίνυν
878 4123 940 4176 τὸ
985 4129 1087 4192 τῆς
1135 4121 1408 4191 θαλάσσης
1478 4118 1624 4195 ὕδωρ
1683 4119 1939 4194 στάσιμον

297 4207 355 4263 ὃν
415 4208 514 4264 οὐκ
574 4209 682 4264 ἔστι
730 4216 985 4286 πηγαῖον,
1039 4210 1112 4272 ὡς
1173 4208 1460 4278 δείκνυται,
1513 4209 1752 4266 λείπεται
1809 4209 1942 4264 εἶναι

297 4295 720 4373 συλλογιμαῖον.
771 4297 880 4352 Ούκ
929 4297 988 4353 ἂν
1038 4296 1085 4353 δ’
1135 4296 1216 4369 εἷή
1270 4296 1662 4375 συλλογιμαῖον
1724 4297 1783 4352 ἐκ
1833 4301 1939 4352 τῶν

299 4386 613 4460 εἰσρεόντων
669 4386 720 4442 ἐν
778 4386 911 4461 αὐτῇ
968 4393 1252 4460 ποταμῶν,
1285 4387 1380 4442 κᾶν
1437 4385 1641 4442 πολλοὶ
1697 4387 1798 4440 ὦσι
1854 4387 1943 4440 καὶ

306 4475 568 4552 μέγιστοι.
600 4475 802 4530 Τούτου
851 4478 954 4553 γὰρ
1005 4472 1159 4538 ὄντος
1206 4478 1272 4546 ἧν
1321 4476 1378 4531 ἂν
1429 4475 1598 4531 πάλαι
1657 4477 1789 4530 ποτε
1835 4479 1942 4530 τῶν

301 4569 500 4641 καιρῶν
565 4563 894 4641 ὀλιγώτερον
941 4566 1004 4620 τὸ
1050 4573 1151 4635 τῆς
1200 4563 1470 4636 θαλάσσης
1520 4564 1688 4638 ὕδωρ,
1722 4564 1812 4619 καὶ
1863 4563 1942 4619 ἀεὶ

305 4652 627 4723 ἐπληθύετο.
677 4653 904 4710 Μᾶλλον
959 4651 1006 4710 δ’
1062 4655 1129 4724 ἦν
1187 4655 1246 4710 ἂν
1308 4652 1436 4730 ἕχον
1492 4654 1551 4709 ἐκ
1604 4659 1798 4729 πηγῶν
1848 4654 1944 4715 τὰς

2046 3497 2514 3571 magnitudinem
2569 3515 2728 3554 mare
2774 3502 3000 3554 vocant.
3054 3499 3158 3554 Hic
3188 3500 3342 3555 enim
3396 3501 3580 3556 multa
3626 3508 3683 3557 et

2048 3603 2261 3659 magna
2289 3587 2533 3642 ﬂumina
2553 3586 2612 3641 in
2636 3603 2696 3642 se
2718 3586 3024 3642 inﬂuentia
3049 3588 3352 3659 recipiens,
3377 3606 3481 3645 nec
3503 3591 3686 3646 mani-

2047 3676 2257 3731 festum
2292 3675 2571 3730 efﬂuxum
2603 3674 2848 3739 habens,
2899 3681 3114 3731 terram
3163 3677 3322 3732 subit
3358 3680 3416 3733 et
3444 3678 3683 3733 demum

2040 3765 2208 3836 juxta
2237 3764 2487 3820 Coraxos
2517 3763 2670 3819 circa
2697 3768 2899 3819 vocata
2929 3764 3161 3836 bathea,
3206 3765 3264 3820 id
3298 3771 3405 3832 est,
3441 3766 3686 3838 profun-

2049 3854 2124 3908 da
2152 3853 2312 3924 ponti
2343 3858 2610 3924 acceptas
2641 3853 2854 3908 evomit
2900 3869 3102 3919 aquas.
3155 3853 3316 3909 Unde
3345 3856 3519 3910 etiam
3552 3871 3685 3928 pro-

2049 3940 2143 3996 cul
2174 3958 2208 3996 a
2235 3945 2389 3996 terra
2417 3941 2488 3996 ad
2534 3945 2791 3996 trecenta
2839 3940 2955 3996 fere
2985 3940 3175 3996 stadia
3223 3941 3425 3999 multis
3453 3943 3513 3998 in
3546 3942 3688 4000 locis

2052 4048 2262 4103 aquam
2298 4030 2654 4103 potulentam
2686 4030 2919 4086 emittit.

2117 4121 2172 4174 6.
2207 4120 2493 4186 Quoniam
2527 4119 2706 4191 igitur
2727 4136 2880 4191 aqua
2911 4120 3090 4176 maris
3116 4137 3250 4176 cum
3279 4125 3560 4192 stagnans
3590 4123 3688 4190 sit,

2051 4223 2166 4263 non
2197 4212 2286 4262 est
2314 4207 2566 4275 fontana,
2603 4211 2664 4262 ut
2703 4207 3066 4262 ostenditur:
3120 4224 3248 4263 eam
3279 4224 3406 4264 esse
3438 4209 3690 4265 collecti-

2050 4295 2192 4350 tiam
2225 4294 2592 4367 relinquitur.
2646 4295 2769 4349 Non
2814 4294 2992 4350 fuerit
3038 4300 3231 4350 autem
3282 4295 3592 4352 collectitia
3620 4311 3691 4351 ex

2053 4383 2396 4438 ﬂuminibus
2443 4384 2638 4455 ipsum
2687 4383 3175 4454 ingredientibus,
3225 4385 3461 4439 tametsi
3505 4384 3693 4440 multa

2053 4473 2171 4528 sint
2200 4478 2257 4528 et
2289 4473 2560 4529 maxima.
2594 4473 2710 4526 Hoc
2739 4473 2897 4526 enim
2929 4472 2978 4526 si
3022 4477 3199 4540 esset,
3228 4471 3438 4544 priscis
3468 4477 3692 4544 tempo-

2053 4563 2215 4618 ribus
2245 4579 2399 4634 aqua
2427 4562 2606 4617 maris
2638 4561 2828 4616 minor
2860 4561 3084 4632 fuisset,
3119 4578 3468 4634 semperque
3500 4561 3695 4617 multi-

2053 4653 2383 4725 plicaretur.
2416 4652 2565 4716 Quin
2597 4651 2792 4722 potius
2823 4668 2891 4706 ex
2918 4650 3173 4705 fontibus
3207 4650 3446 4706 haberet
3477 4649 3694 4722 princi-

306 4742 480 4818 ἀρχὰς
525 4741 666 4819 ἥπερ
717 4741 776 4798 ἐκ
820 4747 1102 4817 ποταμῶν·
1152 4743 1243 4799 καὶ
1291 4743 1433 4798 οὕτω
1489 4743 1654 4799 πάλιν
1712 4742 1936 4820 ἀπόρῥυ-

2054 4742 2169 4814 pia,
2221 4757 2396 4812 quam
2443 4755 2513 4794 ex
2560 4738 2952 4807 ﬂuminibus;
2998 4743 3055 4795 et
3099 4738 3179 4793 ita
3226 4738 3415 4794 denuo
3456 4738 3698 4794 efﬂuida

304 4851 397 4885 τον
428 4831 513 4900 ἦν.

382 4924 439 4988 ζ’.
473 4921 535 4973 O't
571 4921 662 4994 μὲν
695 4921 787 4976 οὗν
814 4925 882 4996 τῇ
913 4921 1224 4996 ἀνθρωπίνῃ
1273 4921 1434 5000 σοφίᾳ
1478 4920 1567 4976 καὶ
1609 4922 1708 4990 τὴν
1761 4919 1955 4975 θάλασ-

310 5030 402 5064 σαν
436 5010 696 5085 ἄναρχον,
730 5010 909 5088 ὥσπερ
955 5009 1020 5081 δὴ
1079 5011 1170 5066 καὶ
1219 5011 1311 5066 τὸν
1365 5011 1568 5084 κόσμον
1631 5009 1760 5066 ὅλον
1821 5010 1957 5065 ἑτοί-

317 5120 434 5171 μως
508 5096 726 5175 ἔχουσιν
805 5101 1212 5179 ἀποφαίνεσθαι.
1269 5099 1385 5154 ὅσοι
1465 5097 1521 5155 δὲ
1573 5101 1672 5168 τὴν
1758 5102 1954 5176 γνῶσιν

314 5182 475 5262 ἔσχον
529 5187 631 5241 ὑπὸ
676 5194 774 5257 τῆς
829 5193 926 5242 τοῦ
982 5187 1132 5264 ἁγίου
1208 5187 1521 5261 Πνεύματος
1607 5188 1954 5266 ὑφηγήσεως,

316 5271 488 5338 ὅντως
541 5273 663 5332 οὔτε
710 5278 808 5346 τήν
870 5275 1160 5348 θάλασσαν,
1196 5275 1318 5332 οὔτε
1372 5277 1464 5331 τὸν
1527 5275 1696 5332 ἄλλον
1753 5277 1955 5350 κόσμον

316 5363 548 5440 ἄναρχον
628 5363 1008 5440 ἐδιδάχθησαν,
1086 5363 1213 5422 ἀλλ’
1280 5365 1594 5436 ἀκηκόασιν·
1659 5367 1742 5420 Ἐν
1812 5366 1957 5441 ἀρχῇ

315 5454 563 5526 ἐποίησεν
615 5457 642 5511 ὁ
713 5457 841 5518 Θεὸς
908 5457 998 5510 τὸν
1069 5455 1292 5530 οὐρανὸν
1359 5454 1447 5509 καὶ
1513 5456 1610 5524 τὴν
1684 5457 1802 5530 γῆν·
1871 5453 1959 5509 καὶ

313 5543 496 5600 πάλινο
581 5547 897 5616 Γεννηθήτω
995 5546 1295 5621 στερέωμα,
1377 5544 1466 5600 καὶ
1565 5544 1629 5599 τὸ
1711 5542 1961 5599 ὑποκάτω

312 5637 410 5690 τοῦ
509 5636 882 5712 στερεώματος
985 5632 1131 5711 ὕδωρ
1238 5635 1558 5711 συναχθήτω
1661 5633 1737 5696 εἷς
1835 5632 1959 5709 μίαν

393 5850 440 5886 ⁸³
469 5851 492 5905 1
530 5850 758 5909 Meteor.
794 5868 841 5908 c.
880 5853 966 5908 13.
1042 5854 1087 5888 ⁹⁴
1115 5855 1256 5909 Gen.
1290 5870 1329 5921 ι,
1362 5853 1414 5910 4.

2061 4835 2237 4886 esset.

2129 4922 2184 4974 7.
2217 4918 2324 4983 Qui
2355 4919 2551 4990 itaque
2581 4917 2841 4972 humana
2887 4915 3172 4988 sapientia
3219 4915 3511 4988 sapientes
3540 4919 3698 4987 sunt,

2063 5015 2291 5065 etmare
2309 5006 2574 5079 principii
2601 5021 2827 5077 expers,
2847 5005 3342 5076 quemadmodum
3365 5020 3503 5060 sane
3524 5005 3702 5060 etiam

2065 5103 2251 5154 totum
2285 5096 2572 5150 mundum
2623 5099 2886 5165 prompte
2933 5093 3237 5148 enuntiare
3292 5097 3559 5165 possunt.
3593 5093 3703 5158 Qui

2067 5191 2260 5243 autem
2321 5202 2388 5240 ex
2444 5183 2697 5254 Spiritus
2754 5183 2940 5238 sancti
3006 5182 3377 5237 institutione
3434 5181 3704 5237 notitiam
3789 5175 3796 5182 ⁷

2069 5275 2262 5347 adepti
2292 5278 2448 5340 sunt,
2478 5271 2538 5326 hi
2568 5288 2765 5326 revera
2786 5287 2972 5342 neque
3004 5287 3183 5339 mare,
3218 5287 3404 5341 neque
3435 5275 3705 5326 caeterum

2077 5366 2222 5421 l83
2255 5363 2541 5417 mundum
2575 5359 2844 5432 principii
2870 5364 3164 5431 expertem
3197 5359 3383 5414 edocti
3416 5363 3572 5429 sunt,
3605 5359 3707 5413 sed

2071 5453 2419 5509 audiverunt
2447 5468 2458 5504 :
2496 5473 2523 5500 ‹‹
2552 5451 2615 5503 In
2636 5448 2918 5520 principio
2947 5448 3080 5503 fecit
3110 5449 3260 5503 Deus
3281 5446 3489 5502 coelum
3521 5451 3578 5501 et
3599 5451 3710 5501 ter-

2071 5559 2195 5598 ram
2219 5543 2283 5595 9‘.
2314 5562 2342 5590 ››
2359 5543 2424 5593 Et
2445 5555 2648 5593 rursus
2678 5555 2688 5592 :
2716 5538 2839 5592 Fiat
2859 5537 3384 5604 ﬁrmamentum,et
3405 5551 3557 5607 aqua
3580 5552 3709 5606 qua:

2070 5631 2223 5687 infra
2251 5629 2688 5685 firmamentum
2719 5630 2809 5683 est
2836 5626 2896 5682 in
2920 5642 3099 5683 unam
3122 5625 3452 5699 congeriem
3479 5622 3715 5696 colliga-
