4024 6480
410 456 570 517 1159

405 677 589 734 arida.
622 675 739 730 Hoc
771 675 927 730 enim
953 675 1108 746 quod
1133 678 1223 728 est
1246 673 1303 726 in
1328 689 1505 727 unam
1529 670 1879 742 congeriem,
1929 680 2044 718 non

402 771 566 821 notat
595 764 762 830 illud,
794 763 853 818 in
884 779 1000 818 uno
1049 762 1194 818 loco.
1249 761 1397 816 Nam
1446 760 1664 815 videsis
1711 757 1907 813 divina
1935 754 2041 808 ite-

401 870 533 909 rum
563 870 672 908 vox
702 851 1112 908 multitudines
1142 866 1428 922 aquarum
1459 848 1682 904 vocavit
1714 845 1918 902 maria.

468 1033 524 1087 8.
558 1029 1064 1098 Quemadmodum
1111 1028 1290 1100 igitur
1338 1027 1587 1083 aliorum
1617 1025 2036 1082 elementorum

403 1121 720 1192 unicuique
750 1118 1051 1191 proprium
1106 1117 1298 1172 locum
1350 1115 1632 1185 conditor,
1681 1115 1765 1170 sic
1791 1118 1846 1168 et
1877 1127 2040 1181 aqua

399 1209 706 1281 separavit.
756 1207 997 1263 Videtur
1045 1210 1240 1262 autem
1281 1206 1456 1261 etiam
1507 1203 1762 1276 physicis
1791 1201 1954 1256 locus
1985 1199 2036 1253 is

397 1315 571 1370 quem
621 1312 780 1352 mare
829 1294 1104 1362 continet,
1154 1311 1270 1350 non
1319 1310 1448 1349 esse
1496 1293 1676 1347 maris
1719 1291 1900 1356 locus,
1932 1287 2033 1342 sed

396 1403 558 1458 aqua;
590 1383 939 1456 simpliciter
965 1384 1030 1437 ⁸⁵.
1063 1382 1224 1438 Unde
1253 1382 1429 1437 etiam
1461 1380 1660 1436 omnia
1691 1378 1935 1433 ﬂumina
1965 1374 2037 1430 ad

396 1491 577 1542 mare,
610 1480 676 1528 ut
707 1474 778 1529 ad
809 1472 1111 1544 pr0prium
1135 1471 1325 1527 locum
1355 1472 1642 1526 feruntur.
1663 1469 1809 1523 Nam
1841 1466 2037 1520 ﬂuxus

395 1563 456 1618 in
480 1563 767 1619 caviorem
788 1565 1010 1632 partem
1033 1559 1357 1614 secundum
1380 1562 1648 1612 naturam
1671 1572 1836 1626 aquae
1860 1553 2034 1629 inest,

395 1657 455 1708 et
485 1668 644 1708 mare
673 1650 864 1706 locum
893 1655 1056 1704 terra;
1087 1647 1463 1704 cavissimum
1495 1648 1757 1717 occupat.

466 1832 522 1887 9.
553 1829 916 1886 Salsedinem
948 1843 1116 1898 porro
1149 1829 1206 1880 et
1235 1824 1687 1881 amaritudinem
1719 1835 1897 1893 quam
1929 1817 2032 1873 ha-

390 1921 508 1987 bet,
541 1935 611 1974 ex
638 1934 705 1974 eo
753 1917 910 1989 quod
955 1915 1224 1971 consistit
1273 1916 1336 1981 97,
1369 1918 1427 1968 et
1472 1913 1624 1984 quod
1657 1911 1798 1966 adeo
1847 1926 1883 1963 a
1911 1906 2032 1962 sole

386 2012 678 2081 evaporat,
710 2006 924 2062 habere
972 2006 1219 2060 videtur.
1252 2004 1400 2060 Nam
1430 2006 1622 2058 stante
1649 2001 1777 2072 ipso
1804 1999 1861 2052 id
1893 1996 2030 2069 qui-

387 2098 520 2153 dem
552 2095 706 2168 quod
756 2100 847 2150 est
895 2094 1129 2150 tenuius
1178 2091 1266 2148 sol
1309 2090 1598 2157 extrahit;
1646 2089 1800 2160 quod
1831 2091 2026 2142 autem

385 2183 643 2241 crassius
672 2187 780 2249 est,
831 2181 1147 2253 relinquit;
1195 2180 1353 2252 quod
1403 2195 1542 2235 sane
1585 2194 1720 2232 cum
1759 2175 2026 2248 quaedam

388 2273 570 2330 veluti
601 2271 974 2343 superﬂuitas
997 2287 1157 2342 aqua:
1180 2270 1276 2337 sit,
1301 2268 1522 2324 salsum
1544 2271 1600 2322 et
1620 2281 1887 2320 amarum
1914 2265 2023 2319 est.

388 2361 891 2427 Quemadmodum
942 2358 1096 2413 enim
1131 2359 1186 2411 in
1220 2357 1374 2412 184
1421 2356 1760 2427 corporibus
1794 2353 2023 2407 anima-

387 2451 535 2506 lium
569 2448 868 2522 potulento
900 2447 1141 2502 humido
1186 2447 1314 2501 cibo
1369 2446 1631 2517 ingresso
1671 2459 1937 2499 amarum
1969 2445 2027 2494 et

386 2539 611 2596 salsum
643 2537 904 2593 redditur
947 2537 1007 2590 id
1039 2535 1509 2606 superﬂuitatum
1559 2549 1746 2605 genus
1777 2531 1930 2602 quod
1963 2530 2022 2582 in

380 2627 635 2684 vesicam
666 2625 958 2697 colligitur
984 2667 996 2692 ,
1028 2624 1166 2694 quia
1195 2640 1228 2678 a
1251 2623 1443 2677 nativo
1465 2621 1655 2678 calore
1677 2619 2020 2675 animalium

381 2717 536 2790 quod
595 2714 847 2787 potabile
885 2718 974 2768 est
1031 2711 1342 2767 attrahitur
1394 2712 1459 2780 ’3,
1506 2711 1683 2781 inque
1732 2723 1936 2764 carnes
1966 2713 2024 2762 et

381 2804 665 2876 reliquam
692 2801 953 2873 corporis
1000 2800 1393 2854 substantiam
1435 2803 1499 2853 ut
1527 2797 1794 2852 convenit
1823 2795 2021 2850 distri-

381 2892 615 2958 buitur;
651 2891 732 2946 sic
759 2892 933 2946 etiam
965 2889 1024 2943 in
1075 2906 1227 2960 aqua
1255 2887 1376 2944 ﬁeri
1420 2887 1874 2942 existimandum
1908 2889 2016 2939 est.

380 2983 522 3038 Cum
553 2981 710 3036 enim
760 2980 1032 3034 universa
1077 2977 1269 3032 dulcis
1319 2977 1413 3044 sit,
1465 2977 1604 3049 quia
1650 2975 1802 3047 quod
1832 2974 2018 3045 ipsius

379 3070 634 3142 potabile
663 3073 752 3124 est
781 3084 882 3140 per
913 3067 1338 3122 exhalationem
1363 3083 1396 3120 a
1417 3064 1592 3120 solari
1614 3063 1802 3118 calore
1831 3077 2018 3118 excer-

381 3159 561 3225 nitur,
593 3157 652 3211 id
685 3156 838 3228 quod
887 3155 1260 3226 relinquitur,
1293 3159 1350 3209 et
1393 3153 1562 3224 quasi
1592 3152 1860 3224 quaedam
1886 3149 2015 3204 uni-

379 3263 554 3302 versa:
585 3250 676 3301 est
706 3243 1101 3316 superﬂuitas,
1133 3249 1188 3298 et
1218 3242 1439 3298 salsum
1471 3247 1528 3298 et
1556 3257 1822 3297 amarum
1855 3243 1964 3295 est.

449 3334 535 3391 19.
568 3335 699 3390 Jam
732 3349 864 3388 vero
896 3333 1126 3387 etiamsi
1154 3330 1404 3386 multum
1428 3347 1592 3401 aquae
1616 3327 1864 3400 singulis
1895 3327 2012 3382 die-
2043 3317 2084 3383 C

375 3425 487 3480 bus
517 3425 576 3479 in
629 3439 789 3478 mare
835 3420 1031 3476 inﬂuit
1078 3421 1141 3488 9°,
1185 3418 1368 3474 nihilo
1417 3424 1612 3474 tamen
1660 3417 1851 3487 majus
1881 3415 2016 3469 inde

373 3527 534 3568 mare
562 3511 831 3567 efficitur.
865 3508 1070 3564 Omnis
1093 3507 1248 3564 enim
1275 3524 1430 3579 aqua
1449 3508 1506 3562 in
1530 3506 1727 3578 ipsum
1756 3503 2013 3558 inﬂuens

375 3617 510 3655 cum
543 3600 602 3656 in
639 3601 987 3655 immensam
1038 3598 1484 3669 amplitudinem
1532 3595 1870 3666 dissipetur,
1901 3591 2012 3647 cito

376 3688 660 3758 nobisque
689 3705 805 3742 non
823 3686 1420 3742 animadvertentihus
1443 3684 1782 3740 exsiccetur.
1815 3681 2012 3752 Neque

373 3791 508 3832 vero
540 3776 749 3831 iterum
801 3791 958 3830 mare
1011 3774 1467 3846 deprehenditur
1517 3772 1731 3839 minus,
1777 3768 2010 3825 tametsi

374 3865 571 3920 multae
618 3866 878 3937 quotidie
925 3882 994 3921 ex
1043 3867 1167 3936 ipso
1216 3864 1608 3920 exhalationes
1648 3863 2006 3928 ascendant;

371 3959 678 4026 propterea
707 3955 861 4025 quod
892 3969 1064 4025 aqua,
1099 3970 1223 4024 quas
1254 3970 1322 4008 ex
1354 3953 1500 4008 mari
1545 3950 1892 4023 evaporavit,
1925 3948 2007 4002 vi-

368 4041 570 4096 cissim
601 4041 868 4107 infertur,
932 4058 1066 4096 cum
1123 4058 1224 4113 per
1271 4041 1658 4114 ingredientia
1705 4044 1762 4094 in
1810 4039 2006 4110 ipsum

368 4130 633 4199 ﬂumina,
667 4137 792 4186 tum
826 4147 927 4202 per
949 4130 1205 4202 pluviam
1229 4147 1357 4202 quae
1380 4130 1437 4184 in
1463 4129 1658 4201 ipsum
1690 4129 1921 4183 decidit.
1941 4130 2008 4184 Et

369 4223 434 4274 ut
467 4237 579 4275 uno
611 4221 783 4276 verbo
811 4220 1185 4290 dicam,quod
1220 4219 1454 4273 marinae
1479 4236 1639 4290 aqua
1675 4217 1858 4273 moles
1889 4235 2004 4273 non

366 4314 633 4380 augetur,
667 4309 726 4363 in
750 4325 927 4364 causa
956 4315 1045 4363 est
1066 4309 1504 4364 ascendentium
1534 4323 1814 4378 vaporum
1852 4307 1997 4363 185

365 4397 570 4469 copia;
602 4398 758 4469 quod
791 4402 986 4453 autem
1018 4403 1222 4453 contra
1253 4413 1367 4451 non
1399 4395 1702 4463 minuitur,
1737 4395 1794 4449 in
1826 4411 2004 4452 causa

361 4490 449 4541 est
477 4503 629 4558 aqua
657 4487 1050 4542 exstrinsecus
1080 4485 1432 4558 ingrediens.

431 4575 516 4628 11.
577 4575 892 4646 EaprOpter
965 4592 1153 4647 neque
1223 4575 1456 4630 dulcius
1514 4575 1585 4630 ab
1643 4574 2000 4630 extrinsecus

1664 441 2086 510 NICEPHORI
2134 438 2570 501 BLEMMlD/E

403 594 503 644 tur
531 589 594 654 9‘,
628 587 759 659 (hoc
790 589 895 656 est,
925 585 1100 641 simul
1132 583 1209 640 sit
1229 589 1286 639 et
1316 600 1417 656 per
1437 584 1542 652 se),
1567 587 1624 638 et
1651 578 2010 651 conspiciatu

2158 572 2502 645 συναγωγήν·
2579 574 2876 640 τουτέστιν,
2935 574 3103 647 Ὀμοῦ
3186 576 3420 650 γενέσθω
3504 578 3595 632 καὶ

3649 447 3812 508 1160

3688 581 3810 644 καθ’

2157 661 2305 729 αὐτὸ,
2356 661 2445 715 καὶ
2499 661 2718 739 ὁφθήτω
2768 667 2802 733 ἡ
2853 665 3008 739 ξηρά.
3060 665 3129 718 Τὸ
3199 667 3303 740 γάρ
3351 665 3427 726 εἷς
3491 667 3616 739 μίαν
3679 689 3804 723 συν-

2152 750 2367 826 αγωγὴν
2417 750 2477 804 οὐ
2523 748 2690 821 δηλοῖ
2732 753 2794 807 τὸ
2839 751 2889 807 ἐν
2936 753 3013 807 ἑνὶ
3061 752 3234 825 τόπῳ.
3272 751 3411 809 Ἰδοὺ
3460 756 3563 832 γὰρ
3610 759 3645 825 ἡ
3685 757 3802 812 θεία

2151 840 2314 894 πάλιν
2377 841 2530 918 φωνή
2596 843 2664 896 τὰ
2724 844 3042 915 συστήματα
3109 847 3217 898 τῶν
3283 841 3488 899 ὑδάτων
3574 845 3800 902 ἐκάλεσε

2150 926 2436 990 θαλάσσας.

2221 1018 2289 1086 η’.
2323 1020 2522 1092 Ὠσπερ
2578 1018 2757 1075 τοίνυν
2819 1024 2925 1075 τῶν
2988 1018 3174 1078 ἄλλων
3237 1022 3527 1098 στοιχείων
3584 1023 3797 1097 ἑκάστῳ

2147 1105 2313 1160 τόπον
2383 1103 2518 1162 ἴδιον
2581 1107 2845 1186 ἀφώρισεν
2896 1110 2924 1164 ὁ
2969 1107 3324 1186 δημιουργὸς,
3376 1111 3518 1166 οὕτω
3581 1110 3650 1181 δή
3704 1113 3797 1168 καὶ

2148 1199 2227 1266 τῷ
2256 1192 2429 1254 ὕδατι.
2463 1202 2619 1251 Δοκεῖ
2649 1194 2705 1251 δὲ
2733 1197 2821 1252 καὶ
2866 1203 2983 1260 τοῖς
3031 1205 3276 1276 φυσικοῖς
3320 1201 3378 1254 ὃν
3424 1200 3644 1276 κατὲχει
3701 1198 3798 1256 τό-

2149 1304 2243 1337 κον
2315 1288 2349 1354 ἡ
2407 1284 2667 1356 Θάλασσα,
2742 1288 2818 1360 μὴ
2886 1287 3023 1342 εἶναι
3084 1288 3360 1359 θαλάσσης
3414 1290 3602 1358 τόπον,
3666 1289 3798 1346 ἀλλ’

2148 1371 2338 1435 ἁπλῶς
2386 1371 2600 1436 ὕδατος.
2651 1378 2804 1440 Ὅθεν
2855 1377 2943 1430 καὶ
2991 1378 3186 1439 πάντες
3235 1379 3286 1432 οἱ
3343 1380 3585 1452 ποταμοὶ
3659 1381 3798 1456 πρὸς

2143 1462 2244 1530 τὴν
2303 1460 2591 1535 θάλασσαν,
2643 1465 2719 1526 ὡς
2792 1465 2927 1539 πρὸς
3005 1465 3201 1520 οἷ’κεῖον
3277 1467 3529 1545 φέρονται
3599 1469 3797 1524 τόπον.

2145 1547 2239 1612 Εἷ¹ς
2295 1572 2354 1606 τε
2407 1553 2506 1629 γὰρ
2557 1554 2621 1608 τὸ
2677 1554 2988 1629 κοιλότερον
3035 1558 3069 1624 ἡ
3105 1555 3257 1630 ῥύσις
3306 1558 3441 1611 κατὰ
3499 1557 3661 1634 φύσιν
3717 1563 3796 1630 τῷ

2145 1637 2318 1709 ὕδατι,
2352 1641 2441 1696 καὶ
2472 1645 2507 1712 ἡ
2557 1641 2795 1698 θάλασσα
2839 1644 2930 1698 τὸν
2974 1643 3294 1700 κοιλότατον
3351 1646 3516 1700 τόπον
3567 1647 3794 1722 κατὲχει

2143 1730 2240 1796 τῆς
2269 1735 2390 1803 γῆς.

2213 1818 2276 1880 θ’.
2307 1818 2412 1886 Τήν
2472 1818 2828 1896 άλμυρότητα
2885 1819 2943 1875 δὲ
2998 1822 3087 1877 καὶ
3141 1825 3242 1891 τήν
3291 1824 3508 1899 πικρίαν
3547 1827 3610 1893 ἣν
3670 1820 3790 1902 ἔχει

2140 1907 2174 1973 ἡ
2227 1903 2482 1978 Θάλασσα,
2543 1907 2602 1962 ἐκ
2672 1913 2769 1962 τοῦ
2841 1909 3088 1974 τίοκτασθαι
3151 1911 3239 1966 καὶ
3295 1909 3484 1968 διόλου
3540 1913 3789 1985 ἀτμίζειν

2140 1994 2240 2048 ὑπὸ
2285 1999 2381 2049 τοῦ
2425 1996 2588 2064 ἡλίου
2637 1995 2782 2073 ἔχειν
2835 1996 3000 2054 δοκεῖ.
3054 2000 3384 2074 ’Ἱσταμὲνης
3433 2003 3535 2076 γὰρ
3589 2003 3788 2074 αὐτῆς,

2133 2083 2195 2137 τὸ
2243 2084 2338 2156 μὲν
2389 2082 2710 2160 λεπτότερον
2760 2087 3012 2161 ἀνιμᾶται
3044 2089 3073 2142 ὁ
3101 2087 3284 2161 ἥλιος,
3322 2090 3385 2144 τὸ
3434 2087 3492 2144 δὲ
3540 2091 3790 2166 παχύτε-

2136 2192 2227 2247 ρον
2286 2173 2619 2229 καταλείπει·
2677 2174 2808 2251 ὅπερ
2887 2177 2998 2232 οἷον
3076 2178 3392 2252 περίττωμα
3448 2177 3504 2234 ὃν
3566 2177 3789 2252 ὕδατος,

2135 2261 2380 2338 ἁλμυρόν
2446 2262 2556 2318 ἐστι
2605 2264 2694 2318 καὶ
2750 2265 2965 2342 πικρόν.
3023 2267 3111 2329 Ὠς
3173 2269 3274 2343 γάρ
3349 2267 3402 2323 ἐν
3478 2273 3595 2331 τοῖς
3677 2274 3788 2323 τῶν

2136 2353 2288 2419 ζώων
2336 2353 2549 2425 σώμασι
2610 2354 2845 2427 ποτίμου
2890 2362 2989 2425 τῆς
3040 2356 3200 2432 ὑγρᾶς
3258 2353 3609 2426 εἰσελθούσης
3664 2379 3794 2434 τρο-

2133 2447 2238 2517 φῆς
2280 2442 2470 2516 πικρὸν
2528 2441 2616 2496 καὶ
2690 2442 2934 2519 ἁλμυρὸν
3013 2444 3209 2519 γίνεται
3259 2447 3318 2499 τὸ
3373 2443 3786 2519 συλλεγόμενον

2132 2529 2209 2590 εἰς
2234 2531 2334 2598 τήν
2376 2530 2558 2584 κύστιν
2607 2531 2943 2607 περίττωμα,
2979 2530 3068 2587 διὰ
3112 2533 3175 2588 τὸ
3226 2533 3327 2588 ὑπὸ
3379 2541 3478 2603 τῆς
3535 2533 3786 2612 ἐμφύτου

2129 2624 2245 2680 τοῖς
2282 2618 2440 2687 ζώοις
2493 2619 2826 2694 θερμότητος
2872 2621 2936 2674 τὸ
2983 2621 3216 2694 πότιμον
3264 2619 3516 2686 ἕλκεσθαι
3559 2624 3653 2676 καὶ
3705 2623 3783 2686 είς

2128 2707 2222 2768 τὰς
2283 2706 2480 2781 σάρκας
2524 2708 2613 2762 καὶ
2668 2710 2766 2777 τήν
2846 2709 3044 2778 λοιπήν
3125 2711 3308 2765 οὐσίαν
3359 2717 3459 2766 τοῦ
3518 2713 3781 2785 σώματος

2130 2793 2473 2859 ἀναδίδοσθαι
2523 2797 2696 2858 καθὼς
2751 2799 3002 2876 πέφυκεν⁸
3049 2799 3222 2861 οὕτως
3284 2799 3631 2870 ὑποληπτέον
3689 2803 3783 2857 κά-

2127 2886 2188 2938 πὶ
2243 2889 2338 2939 τοῦ
2397 2883 2586 2947 ὕδατος
2641 2886 2897 2963 γίνεσθαι.
2958 2887 3190 2951 Γλυκέος
3263 2891 3363 2965 γάρ
3441 2885 3601 2952 ὄντος
3683 2896 3783 2946 τοῦ

2127 2973 2322 3048 ἀθρόου
2352 2978 2430 3046 τῷ
2477 2975 2540 3029 τὸ
2579 2975 2812 3048 πότιμον
2862 2975 3026 3032 αὐτοῦ
3073 2975 3163 3032 διά
3213 2985 3312 3046 τῆς
3362 2977 3783 3051 ἀναθυμιάσεως

2123 3069 2223 3130 τῆς
2271 3060 2509 3132 ἡλιακῆς
2562 3064 2899 3138 θερμότητος
2966 3066 3365 3141 ἀποκρίνεσθαι,
3415 3068 3477 3122 τὸ
3517 3068 3783 3124 καταλει-

2124 3151 2359 3224 πόμενον
2387 3151 2477 3206 καὶ
2507 3151 2686 3226 ὥσπερ
2716 3153 3034 3230 περίττωμα
3078 3160 3176 3211 τοῦ
3227 3156 3424 3218 παντὸς
3474 3154 3533 3213 ὂν
3597 3156 3782 3230 ἁλμυ-

2125 3241 2214 3314 ρόν
2245 3240 2354 3295 ἐστι
2385 3241 2474 3295 καὶ
2505 3242 2718 3318 πικρόν.

2195 3332 2245 3385 ι’.
2279 3330 2500 3386 Πολλοῦ
2557 3329 2614 3386 δὲ
2663 3331 2911 3402 πλήθους
2986 3329 3179 3395 ὕδατος
3257 3334 3486 3405 ἑκάστης
3559 3338 3782 3411 ἡμέρας

2125 3414 2497 3491 ἐμϐάλλοντος
2535 3420 2611 3482 εἷς
2657 3422 2757 3489 τὴν
2807 3419 3096 3495 θάλασσαν,
3130 3419 3282 3477 οὐδὲν
3342 3422 3550 3478 πλείων
3606 3427 3644 3493 ἡ
3681 3424 3774 3488 θά-

2123 3504 2294 3562 λασσα
2355 3509 2577 3584 γίνεται.
2631 3515 2739 3564 Πᾶν
2787 3511 2889 3586 γάρ
2953 3511 3015 3564 τὸ
3087 3511 3163 3574 εἷς
3232 3511 3397 3580 αὐτὴν
3460 3507 3771 3585 ἐμϐάλλον,

2123 3595 2196 3657 εἷς
2243 3596 2442 3671 ἀχανὲς
2489 3596 2697 3660 πλάτος
2751 3595 3128 3672 σκιδνάμενον,
3179 3600 3321 3676 ταχύ
3367 3621 3426 3655 τε
3481 3601 3572 3656 καὶ
3631 3600 3770 3673 ἀδή-

2122 3682 2231 3745 λως
2271 3684 2696 3761 ἀναξηραίνεται.
2730 3684 2863 3741 Οὔτε
2907 3684 2964 3742 δὲ
3011 3687 3175 3742 πάλιν
3223 3691 3259 3758 ἡ
3303 3687 3543 3743 θάλασσα
3604 3689 3766 3745 ἐλάτ-

2116 3792 2222 3826 των
2301 3774 2539 3850 φαίνεται
2605 3773 2824 3845 πολλῆς
2891 3779 3221 3848 καθεκάστην
3301 3778 3594 3852 γινομένης
3669 3782 3770 3849 τῆς

2119 3861 2522 3935 ἀναθυμιάσεως
2570 3864 2620 3934 ἐξ
2677 3864 2866 3934 αὐτῆς,
2917 3864 3000 3920 ὅτι
3047 3867 3106 3920 τὸ
3153 3866 3259 3921 ἀπὸ
3330 3873 3432 3935 τῆς
3489 3867 3769 3939 θαλάσσης

2118 3949 2344 4022 ἀτμίσαν
2444 3949 2589 4028 ὕδωρ
2667 3951 2819 4016 αὖθις
2917 3953 3281 4028 ἀντεισάγεται
3369 3953 3458 4009 διά
3526 3977 3586 4010 τε
3654 3960 3762 4010 τῶν

2116 4038 2428 4113 εἰσρεόντων
2488 4041 2565 4103 εἷς
2620 4041 2785 4110 αὐτὴν
2843 4048 3130 4116 ποταμῶν,
3183 4044 3271 4098 καὶ
3321 4049 3417 4098 τοῦ
3464 4065 3766 4124 καταφερο-

2118 4130 2278 4202 μένου
2337 4130 2490 4184 ὑετοῦ
2548 4132 2686 4206 πρὸς
2742 4131 2929 4202 αὐτήν.
2990 4132 3087 4186 Καὶ
3133 4131 3323 4195 ἁπλῶς
3374 4138 3471 4188 τοῦ
3529 4135 3622 4207 μὲν
3690 4137 3765 4209 μή

2111 4215 2376 4284 πληθύειν
2425 4217 2515 4271 τὸν
2585 4213 2747 4293 ὄγκον
2809 4223 2905 4273 τοῦ
2961 4218 3162 4290 ταύτης
3215 4217 3407 4283 ὕδατος
3468 4219 3644 4277 αἴτιον
3703 4225 3769 4278 τὸ

2110 4302 2322 4373 πλῆθος
2369 4310 2476 4360 τῶν
2523 4307 2935 4386 ἀναφερομένων
2977 4309 3180 4382 ἀτμῶν,
3209 4315 3307 4366 τοῦ
3358 4307 3414 4365 δὲ
3468 4313 3547 4385 μὴ
3605 4311 3766 4368 ἐλατ-

2108 4397 2328 4457 τοῦσθαι
2416 4394 2579 4450 πάλιν
2672 4393 2843 4452 αἶ’τιον
2935 4398 2998 4452 τὸ
3078 4396 3268 4469 ἔξωθεν
3374 4399 3764 4477 εἰσερχόμενον

2110 4479 2280 4558 ὕδωρ.

2184 4573 2264 4624 ια’.
2318 4573 2415 4626 Διά
2458 4577 2624 4628 ταῦτα
2669 4574 2759 4629 καὶ
2807 4571 2930 4630 οὔτε
2976 4575 3277 4653 γλυκυτέρα
3327 4577 3431 4632 ὑπὸ
3479 4578 3582 4635 τοὺ
3631 4577 3764 4652 ἔξω·

357 4654 700 4710 adveniente
729 4672 902 4727 aqua,
929 4672 1118 4727 neque
1146 4655 1405 4710 vicissim
1427 4656 1499 4711 ab
1533 4654 1998 4712 exbalationibus

2134 4679 2191 4714 sv
2241 4656 2436 4722 ὕδατος
2491 4663 2525 4730 ἡ
2577 4660 2836 4731 Θάλασσα,
2886 4661 2981 4719 οὔτ
3039 4665 3188 4728 αὗθις
3261 4664 3620 4743 ἀλμυροτέρα
3676 4668 3762 4724 καὶ

359 4742 575 4800 salsius
607 4749 665 4799 et
694 4746 953 4800 amarius
976 4761 1136 4800 mare
1167 4745 1465 4813 redditur;
1491 4745 1588 4800 sed
1623 4745 1741 4800 fere
1771 4762 2003 4816 semper

361 4834 626 4888 eamdem
669 4840 728 4889 et
773 4835 1162 4907 quantitatem
1211 4841 1268 4890 et
1315 4835 1660 4906 qualitatem
1709 4851 1870 4906 aqua)
1910 4851 1998 4890 re-

361 4921 526 4978 tinet.

437 5012 520 5066 12.
554 5011 801 5068 Proinde
832 5011 932 5084 qui
964 5031 1122 5069 mare
1154 5013 1425 5085 principii
1457 5031 1660 5086 expers
1691 5013 1998 5080 faciunt,hi

363 5098 540 5154 etiam
573 5108 996 5172 consequenter
1043 5103 1383 5174 qualitatem
1432 5105 1560 5174 ejus
1591 5103 1873 5175 principio
1903 5120 1996 5159 ca-

359 5203 487 5243 rere
535 5190 756 5244 dicunt.
791 5191 897 5254 Qui
925 5198 1123 5248 autem
1155 5211 1219 5249 ex
1274 5209 1442 5248 sacra
1488 5193 1786 5264 Scriptura
1818 5194 1998 5250 maris

355 5277 791 5349 generationem
825 5281 1173 5351 didicerunt,
1207 5281 1266 5336 hi
1289 5283 1463 5337 etiam
1495 5282 1796 5353 qualitatis
1826 5283 1998 5339 istius

355 5365 712 5438 principium
746 5368 961 5437 sciunt,
1011 5369 1340 5441 spiritualia
1389 5370 1566 5426 simul
1615 5377 1672 5426 et
1711 5373 1999 5428 naturalia

358 5457 636 5529 dogmata
651 5462 981 5528 sequentes.
1004 5459 1149 5522 Quia
1165 5461 1318 5515 enim
1334 5460 1434 5515 Dei
1449 5461 1620 5531 jussu
1639 5461 1998 5534 disseparata

354 5546 900 5602 estafirmamento
949 5564 1102 5620 aqua
1144 5551 1359 5605 terram
1405 5550 1851 5624 circumtegens,
1897 5551 1999 5608 illa

2108 4748 2402 4825 πικροτέρα
2452 4747 2554 4804 ὑπὸ
2602 4755 2708 4804 τῶν
2761 4743 3167 4826 ἀναθυμιάσεων
3234 4754 3456 4830 γίνεται,
3512 4755 3643 4812 ἀλλ’
3689 4758 3759 4818 ὡς

2110 4834 2303 4891 ἐπίπαν
2357 4838 2418 4891 τὸ
2473 4837 2604 4893 αὐτὸ
2659 4839 2825 4894 ποσόν
2875 4862 2934 4896 τε
2985 4843 3073 4897 καὶ
3125 4843 3281 4898 ποιὸν
3342 4843 3609 4921 φυλάσσει
3669 4850 3758 4901 τοῖο

2109 4921 2321 4987 ὕδατος.

2181 5015 2364 5090 ιβ’.οὶ
2423 5016 2515 5089 μὲν
2567 5015 2656 5071 οὗν
2707 5015 2943 5094 ἄναρχον
2998 5024 3277 5084 ποιοῦντες
3329 5023 3431 5090 τήν
3485 5022 3758 5079 θάλασσαν

2108 5100 2342 5180 ἄναρχον
2389 5103 2706 5168 ἀκολούθως
2764 5107 2853 5162 καὶ
2900 5109 3000 5177 τὴν
3069 5109 3236 5178 αὐτῆς
3291 5110 3427 5166 ἐἶναι
3489 5113 3759 5184 ποιότητα

2107 5190 2379 5268 λέγουσιν·
2440 5195 2491 5249 οἱ
2551 5192 2608 5250 δὲ
2660 5198 2758 5266 τὴν
2816 5204 2918 5266 τῆς
2979 5196 3253 5269 θαλάσσης
3337 5201 3543 5276 γένεσιν
3612 5203 3758 5280 παρὰ

2104 5289 2202 5352 τῆς
2251 5283 2390 5345 θείας
2443 5286 2786 5358 μεμυημένοι
2841 5293 3078 5365 Γραφῆς,
3130 5286 3306 5344 οἴδασι
3355 5290 3444 5344 καὶ
3504 5294 3605 5360 τὴν
3667 5292 3758 5367 ἆρ-

2106 5373 2213 5447 χήν
2263 5379 2362 5442 τῆς
2410 5373 2609 5444 ταύτης
2655 5374 2970 5448 ποιότητος,
3019 5383 3405 5450 πνευματικοῖς
3464 5381 3607 5453 ὁμοῦ
3665 5381 3756 5435 καὶ

2107 5468 2350 5540 φυσικοῖς
2406 5461 2659 5536 ἑπόμενοι
2725 5461 3004 5540 δόγμασιν·
3058 5465 3172 5522 ἐπεὶ
3219 5468 3322 5544 γὰρ
3369 5473 3505 5524 Θεοῦ
3565 5471 3755 5527 κελεύ-

2107 5550 2643 5629 σειδακεχώρισται
2691 5552 2757 5609 τὸ
2811 5554 3215 5632 περικαλύπτον
3284 5559 3388 5628 τήν
3443 5566 3545 5636 γῆν
3606 5559 3756 5639 ὕδωρ

437 5760 481 5803 ³⁸
511 5762 655 5823 Gen.
688 5779 727 5840 ι,
757 5764 814 5822 9.
890 5765 935 5802 9‘
977 5763 1015 5822 2
1043 5762 1279 5822 Meteor.
1334 5779 1382 5823 c.
1413 5767 1469 5821 2.
1543 5764 1587 5804 ⁹¹¹
1620 5765 1766 5830 Ibid.
1797 5785 1846 5826 ο.
1876 5769 1932 5829 3.
2007 5772 2015 5810 ¹

2134 5772 2229 5831 ιω.
2260 5789 2311 5832 c.
2341 5775 2398 5832 2.
2473 5771 2516 5810 ⁹⁹
2545 5771 2694 5833 Ibid.
