4024 6520
246 506 398 572 1161

1576 507 1926 569 EPITOME
1970 504 2329 568 PHYSIGA.

3493 508 3650 571 “62

247 640 349 695 ὑπὸ
395 643 494 694 τοῦ
552 641 945 716 στερεώματος,
1006 637 1115 713 ούχ
1169 638 1243 698 ὡς
1294 636 1454 713 ἔτυχε
1508 638 1698 713 γέγονε
1728 637 1755 689 ὁ
1803 633 1891 690 διὰ

2023 655 2141 693 :ane
2173 638 2556 711 disseparatio
2584 656 2698 695 non
2730 644 2947 695 temere
2966 642 3023 695 et
3042 640 3320 708 casu,sed
3352 641 3418 694 ut
3445 655 3649 695 conve-

244 728 554 806 χωρισμὸς,
614 725 761 783 ἀλλὰ
816 727 951 782 κατὰ
1002 726 1065 780 τὸ
1122 728 1429 801 προσῆκον,
1488 726 1610 781 ὅσον
1658 725 1749 799 μὲν
1803 723 1892 779 λε-

243 817 504 894 πτότερον
582 816 672 871 καὶ
749 812 1178 892 ἀεροειδέστερον
1247 815 1337 869 καὶ
1400 814 1727 891 κουφότερον
1794 817 1893 867 τοῦ

242 906 442 968 παντὸς
502 903 794 979 διακριθέν,
854 905 963 959 ἅνω
1019 905 1309 959 τέτακται·
1365 904 1426 958 τὸ
1485 901 1541 958 δὲ
1590 902 1894 979 παχύτερον

242 995 330 1051 καὶ
388 992 748 1071 γεωδέστερον
826 995 917 1048 καὶ
996 991 1285 1069 βαρύτερον
1349 992 1632 1048 ὑπολείπει
1696 1012 1844 1046 κατω
1878 1008 1889 1020 ⁸

244 1085 424 1149 καθὼς
497 1082 586 1138 καὶ
662 1086 751 1137 νῦν
826 1083 1013 1156 ὁρᾶται
1070 1081 1351 1157 γινόμενον
1414 1081 1519 1136 ὑπὸ
1580 1085 1742 1135 τούτο
1800 1083 1895 1133 τοῦ

244 1171 411 1243 ἡλίου
457 1169 884 1247 διακρινόμενον.
937 1175 999 1224 Ὃ
1045 1173 1149 1246 γάρ
1197 1175 1283 1224 νῦν
1337 1171 1364 1224 ὁ
1393 1168 1556 1239 ἥλιος
1586 1174 1735 1223 ποιεῖ
1762 1168 1897 1223 κατᾶ

251 1259 452 1338 βραχὺ,
499 1259 612 1315 τότ’
652 1258 847 1332 ἐσάπαξ
904 1258 1219 1330 ἐπεποιήκει
1265 1261 1329 1313 τὸ
1378 1256 1657 1334 στερέωμα
1726 1253 1894 1324 Τὸδή

245 1354 492 1405 τοιοῦτον
540 1345 687 1425 ὕδωρ
732 1348 796 1402 τὸ
839 1346 991 1423 παχὺ
1056 1348 1146 1402 καὶ
1203 1346 1339 1422 βαρὺ
1383 1346 1472 1401 καὶ
1518 1343 1717 1422 γεῶδες
1768 1345 1894 1399 άπε-

246 1436 433 1494 τέλεσε
502 1436 599 1499 τὰς
674 1435 942 1498 θαλάσσας
1024 1436 1151 1509 θείῳ
1200 1433 1425 1507 νεύματι
1501 1434 1759 1510 συναχθὲν
1819 1432 1896 1494 εἷς

246 1525 344 1589 τὰς
400 1523 664 1602 πρότερον
742 1525 834 1598 μὲν
894 1523 993 1579 οὑκ
1049 1520 1209 1585 οὔσας
1291 1521 1567 1599 ὑποδοχὰς
1601 1569 1614 1594 ,
1675 1521 1894 1598 ὕστερον

251 1611 309 1669 δὲ
363 1612 659 1689 γενομένας
715 1611 767 1668 ἐν
824 1617 904 1685 τῷ
961 1611 1197 1687 γίνεσθαι
1249 1616 1347 1667 τοῦ
1386 1609 1578 1674 ὕδατος
1632 1612 1732 1681 τήν
1775 1631 1936 1670 συνο,

249 1704 491 1778 αγωγήν.
551 1703 703 1756 Ὅθεν
761 1697 887 1756 οὐδὲ
940 1701 1004 1756 τὸ
1064 1700 1115 1755 ἐν
1178 1701 1325 1774 μέσῳ
1373 1706 1470 1756 τοῦ
1518 1697 1712 1762 ὕδατος
1756 1699 1900 1774 γενέ-

250 1793 367 1846 σθαι
423 1791 487 1846 τὸ
545 1791 827 1865 στερέωμα
881 1789 971 1845 καὶ
1031 1786 1379 1866 διαχωρίζειν
1432 1789 1533 1844 ἀνὰ
1583 1788 1742 1861 μέσον
1776 1785 1899 1843 ὕδα-

246 1901 339 1942 τος
391 1878 481 1935 καὶ
533 1876 726 1941 ὕδατος
776 1875 1082 1949 δηλωτικὸν
1130 1877 1187 1933 ἂν
1233 1876 1316 1948 εἶή
1373 1882 1469 1933 τοῦ
1517 1879 1633 1933 κατ’
1680 1876 1895 1950 ἰσομοι-

2003 726 2218 794 niebat,
2252 728 2402 782 facta
2431 733 2558 796 est;
2608 727 2690 784 ita
2721 732 2804 794 ut,
2855 745 2983 800 quae
3023 727 3261 800 quidem
3307 727 3561 798 tenuior,
3592 732 3650 785 et

2001 815 2120 870 aeri
2153 816 2405 871 similior
2432 815 2728 888 leviorque
2759 817 2829 871 de
2861 816 3134 872 universa
3156 820 3299 884 erat,
3324 833 3428 889 per
3458 833 3648 874 secre-

2002 905 2218 959 tionem
2254 922 2490 959 sursum
2535 906 2872 970 constituta,
2900 904 3153 961 crassior
3199 922 3333 960 vero
3380 910 3437 961 et
3482 910 3648 962 terra

2003 993 2246 1049 vicinior
2273 994 2642 1066 graviorque,
2674 994 2920 1049 inferius
2951 993 3152 1049 relicta
3181 994 3395 1057 fuerit;
3443 1011 3648 1066 quem-

2005 1083 2322 1137 admodum
2354 1085 2527 1137 etiam
2563 1099 2719 1138 nunc
2751 1083 2874 1138 ﬁeri
2900 1083 3277 1152 conspicitur,
3307 1099 3441 1139 cum
3474 1101 3508 1140 a
3528 1083 3652 1140 sole

2006 1171 2348 1227 secernitur.
2382 1171 2545 1235 Quod
2583 1170 2738 1226 enim
2765 1188 2922 1226 nunc
2951 1170 3110 1226 brevi
3137 1172 3421 1243 temporis
3460 1172 3650 1244 spatio

2005 1259 2093 1315 sol
2130 1260 2281 1327 facit,
2314 1263 2455 1314 tunc
2485 1259 2663 1315 simul
2712 1264 2767 1315 et
2815 1258 2984 1316 simel
3032 1260 3469 1317 ﬁrmamentum
3503 1261 3649 1319 fece-

2006 1352 2116 1403 rat.
2142 1347 2493 1418 Hujusmodi
2534 1348 2757 1404 scilicet
2806 1365 2960 1421 aqua
3007 1365 3208 1405 crassa
3252 1353 3310 1406 et
3355 1350 3549 1423 gravis
3594 1354 3652 1407 et

2004 1436 2298 1492 terrestris
2328 1437 2481 1492 186
2512 1437 2817 1493 constituit
2846 1437 3052 1507 maria,
3081 1454 3218 1494 cum
3255 1437 3454 1495 divino
3504 1443 3652 1497 nutu

2004 1523 2067 1579 in
2099 1524 2511 1596 conceptacula
2540 1543 2665 1597 quae
2697 1525 2861 1598 prius
2891 1526 3129 1598 quidem
3161 1543 3279 1582 non
3326 1531 3512 1596 erant,
3546 1529 3650 1585 sed

2007 1617 2209 1684 postea
2237 1630 2369 1668 cum
2403 1631 2689 1685 aquarum
2721 1613 3060 1671 collectione
3089 1616 3244 1671 facta
3264 1616 3521 1688 fuerunt,
3541 1615 3654 1674 col-

2008 1700 2156 1757 lecta
2184 1707 2273 1758 est
2304 1704 2344 1757 ³.
2379 1702 2540 1758 Unde
2571 1719 2760 1774 neque
2787 1704 2983 1772 ipsum
3013 1703 3074 1758 in
3117 1703 3310 1760 medio
3358 1721 3523 1777 aquae
3552 1705 3652 1761 ﬁr-

2008 1790 2373 1846 mamentum
2405 1790 2623 1846 factum
2646 1806 2796 1858 esse,
2818 1795 2876 1846 et
2912 1791 3169 1849 dividere
3190 1792 3342 1849 inter
3360 1809 3577 1864 aquam
3595 1796 3655 1850 et

2009 1894 2243 1949 aquam,
2275 1877 2384 1934 hoc
2414 1878 2850 1950 signiﬁcaverit,
2884 1880 3039 1951 quod
3074 1896 3235 1952 aquae
3266 1880 3652 1953 disseparatio

250 1968 366 2044 ρίαν
401 1968 707 2038 ποσότητος
757 1966 1131 2037 ἐκτελεσθῆναι
1167 1967 1258 2022 τὸν
1302 1971 1400 2022 τοῦ
1449 1964 1638 2028 ὕδατος
1687 1963 1898 2042 διαχω-

2023 1967 2332 2022 secundum
2364 1967 2711 2038 quantitatis
2742 1967 3197 2039 aequabilitatem
3228 1969 3484 2041 perfecta
3525 1969 3654 2026 fue-

251 2055 446 2133 ρισμόν
476 2101 490 2128 ,
570 2054 707 2110 ὥστε
763 2055 853 2110 καὶ
909 2056 972 2110 τὸ
1053 2054 1305 2110 ὑποκάτω
1359 2059 1458 2109 τοῦ
1524 2054 1900 2130 στερεώματος

252 2143 726 2217 ἐναπειλημμένον
779 2140 925 2218 ὕδωρ
968 2147 1224 2198 τοσοῦτον
1280 2143 1413 2198 εἶναι
1464 2142 1587 2197 ὅσον
1642 2141 1711 2211 δὴ
1770 2141 1897 2197 ἐπά-

252 2254 352 2303 νω,
383 2233 663 2297 κάντεῦθεν
717 2237 815 2287 τΤν
870 2231 1064 2305 μεταξὺ
1107 2239 1209 2302 τῆς
1253 2239 1357 2307 γῆς
1408 2232 1497 2287 καὶ
1526 2236 1625 2287 τοῦ
1670 2231 1897 2308 στερεώ-

258 2342 428 2396 ματος
503 2322 691 2398 χώραν
763 2321 970 2375 ἅπασαν
1044 2318 1437 2397 πεπληρῶσθαι
1514 2318 1744 2392 ὑδάτων,
1809 2319 1899 2374 καὶ

254 2408 475 2486 ὕστερον
532 2406 705 2464 ἐλθεῖν
764 2409 899 2483 πρὸς
947 2409 1047 2478 τὴν
1099 2413 1189 2463 νῦν
1250 2407 1409 2463 οὖσαν
1466 2410 1784 2464 κατάστασιν
1831 2411 1899 2482 τῇ

256 2502 363 2553 τῶν
393 2494 600 2553 ὑδάτων
649 2497 789 2574 πρὸς
837 2496 927 2552 τὸν
976 2497 1175 2552 οἰκεῖον
1228 2496 1396 2553 τόπον
1444 2500 1754 2574 συναγωγῇ.
1793 2499 1900 2566 Τῆς

256 2587 360 2661 γὰρ
421 2583 558 2655 ὅλης
615 2591 717 2661 γῆς
784 2582 1075 2659 ἐλάχιστον
1130 2582 1368 2659 ἐχούσης
1427 2583 1587 2659 λόγον
1649 2582 1743 2657 (ἐῶ
1800 2582 1901 2659 γὰρ

258 2674 426 2730 εῗπεῖν
490 2673 696 2748 μηνένα
750 2673 885 2727 κατὰ
941 2672 1069 2735 τοὺς
1112 2672 1393 2749 φυσικοὺς)
1442 2673 1576 2749 πρὸς
1604 2673 1703 2741 τὴν
1745 2676 1903 2749 σφαῖ-

258 2783 356 2838 ραν
390 2766 489 2817 τοῦ
533 2761 930 2837 στερεώματος,
981 2762 1164 2816 ὁποῖαι
1216 2758 1282 2830 δὴ
1333 2759 1653 2831 κοιλότητες
1699 2759 1903 2829 ταύτης

256 2850 592 2921 ἐπινοηθεῖεν
647 2848 729 2922 ἂν,
780 2847 927 2911 ὅλως
979 2849 1154 2904 ἱκαναὶ
1206 2849 1342 2925 πρὸς
1370 2850 1602 2918 τὴντῶν
1628 2848 1901 2903 τοσούτων

257 2937 466 2995 ὑδάτων
520 2935 822 3013 ὑποδοχήν.
883 2937 1060 2994 Ἀλλά
1093 2939 1156 2993 τὸ
1207 2939 1299 3012 μὲν
1354 2937 1405 2992 έν
1455 2939 1605 3010 μέσῳ
1648 2941 1746 2992 τοῦ
1776 2934 1902 2991 ὕδα-

254 3049 349 3092 τος
398 3028 631 3103 γίνεσθαι
676 3027 742 3082 τὸ
790 3027 1072 3103 στερέωμα
1103 3073 1118 3099 ,
1165 3024 1511 3097 ὑποληπτέον
1558 3025 1618 3081 ἂν
1669 3023 1752 3096 εἴη
1804 3047 1903 3094 ση-

263 3117 467 3192 μαίνειν
516 3116 579 3171 τὸ
646 3113 835 3178 ἁπλῶς
891 3112 1085 3178 ὕδατος
1155 3114 1349 3189 μεταξὺ
1408 3113 1905 3191 δεδημιουργῆσθαι

261 3205 324 3260 τὸ
374 3208 534 3278 σῶμα
577 3208 674 3258 τοῦ
725 3204 1136 3278 στερεώματος·
1184 3204 1247 3259 τὸ
1307 3200 1364 3258 δὲ
1416 3201 1764 3279 διαχωρίζειν
1811 3203 1909 3257 ἀνὰ

271 3291 429 3367 μέσον
474 3288 668 3355 ὕδατος
714 3292 803 3347 καὶ
863 3289 1056 3356 ὕδατος
1109 3293 1173 3347 τὸ
1224 3287 1520 3348 ἀπολαϐεῖν
1566 3293 1656 3347 καὶ
1700 3292 1910 3367 ἀνενεγ-

266 3387 378 3437 κεῖν
436 3381 527 3436 καὶ
556 3382 734 3459 φέρειν
792 3381 903 3436 ἄνω
958 3387 1061 3436 πᾶν
1120 3383 1366 3436 ὁπωσοῦν
1422 3382 1487 3437 τὸ
1544 3380 1738 3438 λεπτόν
1775 3402 1788 3415 ⁸

267 3470 444 3542 πάντη
501 3467 559 3525 δὲ
614 3467 978 3545 γεωδέστατον
1050 3470 1141 3525 καὶ
1199 3471 1313 3525 οἷον
1369 3471 1537 3525 εἰπεῖν
1593 3472 1692 3540 τὴν
1743 3469 1917 3547 τρύγα

268 3557 360 3615 καί
409 3560 762 3633 ὑποστάθμην
811 3559 901 3614 καὶ
950 3556 1227 3636 ἁλμυρίδα
1279 3564 1378 3615 τοῦ
1424 3557 1616 3622 ὕδατος
1667 3558 1863 3615 καταλι
1894 3593 1917 3604 -

270 3653 391 3704 πεῖν
419 3647 566 3703 κάτω
607 3648 697 3702 καὶ
731 3646 1021 3721 μεσιτεύειν
1082 3649 1177 3721 μὲν
1227 3645 1378 3703 ὕδατι
1425 3648 1516 3704 καὶ
1560 3646 1732 3703 ὕδατι’
1769 3646 1914 3717 πλὴν

271 3737 337 3792 τὸ
368 3735 549 3792 ἐπάνω
590 3740 688 3791 τοῦ
740 3737 1114 3813 στερεώματος
1160 3734 1306 3813 ὕδωρ
1357 3736 1757 3809 ἀπειροπληθὲς
1790 3737 1918 3791 εἶναι

272 3826 412 3902 πρὸς
465 3825 530 3880 τὸ
575 3824 828 3881 ὑποκάτω
872 3830 970 3881 τοῦ
1010 3827 1385 3902 στερεώματος
1431 3826 1520 3882 καὶ
1571 3826 1701 3902 ὑπὲρ
1750 3825 1923 3882 πάντα

274 3913 445 3992 λόγον
474 3911 690 3989 σχεδόν.

349 4094 432 4169 ιγ’.
481 4090 546 4147 Εἰ
596 4089 662 4162 δὴ
706 4090 889 4147 τοίνυν
935 4094 971 4162 ἡ
1006 4093 1110 4148 ὑπὸ
1161 4100 1260 4163 τῆς
1293 4091 1535 4163 ἡλιακῆς
1582 4093 1923 4169 σερμότητος

271 4181 535 4259 γινομένη
613 4185 709 4235 τοῦ
778 4179 1107 4258 λεπτοτέρου
1181 4178 1450 4258 διάκρισις
1517 4177 1707 4244 ὕδατος
1784 4182 1927 4237 αἰτία

278 4269 429 4326 δοκεῖ
486 4276 588 4340 τῆς
636 4267 1020 4345 άλμυρότητος
1065 4273 1135 4343 τῇ
1186 4268 1427 4345 θαλάσσῃ
1481 4270 1571 4325 καὶ
1609 4277 1711 4340 τῆς
1741 4271 1929 4348 πικρό-

276 4380 469 4431 τητος,
523 4356 612 4412 διὰ
682 4358 743 4413 τὸ
820 4357 1073 4431 μετουσίᾳ
1119 4356 1407 4434 πυρώδους
1476 4355 1755 4432 δυνάμεως
1813 4364 1929 4421 τοῖς

281 4452 490 4524 χυμοῖς
530 4445 970 4525 φυσιολογεῖσθαι
1015 4451 1124 4501 τῶν
1169 4446 1433 4502 τοιούτων
1474 4450 1783 4517 ποιοτήτων
1831 4449 1931 4517 τήν

281 4536 487 4611 γένεσιν
548 4534 693 4609 (ὅσον
740 4535 841 4611 γὰρ
900 4534 962 4589 οὑ
1017 4532 1335 4605 δεδυνῆσθαι
1391 4536 1455 4591 τὸ
1502 4537 1701 4612 θερμὸν
1756 4536 1806 4592 ἐν
1860 4540 1928 4611 τῇ

286 4622 549 4700 διακρίσει
596 4624 734 4700 πρὸς
783 4623 940 4677 ὲαυτὸ
991 4622 1404 4696 ἐπισπάσασθαι,
1451 4629 1697 4680 τοιοῦτον
1753 4622 1930 4698 ἁλμυ-

2013 2055 2106 2122 rit,
2138 2059 2203 2110 ut
2226 2072 2379 2126 aqua
2409 2054 2561 2110 infra
2601 2056 3040 2112 ﬁrmamentum
3086 2055 3290 2113 relicta
3344 2057 3425 2113 sit
3468 2062 3652 2129 tanta,

2010 2147 2232 2215 quanta
2278 2146 2368 2198 est
2424 2158 2492 2197 ea
2548 2160 2676 2214 quae
2728 2160 2906 2216 supra
2960 2144 3423 2214 ﬁrmamentum,
3473 2149 3656 2217 utque

2008 2231 2146 2287 hinc
2178 2247 2309 2303 quae
2338 2231 2491 2287 inter
2518 2236 2738 2287 terram
2769 2237 2827 2287 et
2867 2233 3307 2289 ﬁrmamentum
3346 2233 3657 2290 intervenit

2010 2320 2189 2392 regio,
2222 2319 2391 2390 aquis
2419 2319 2595 2375 fuerit
2624 2320 2896 2377 universa
2936 2321 3200 2393 impteta,
3231 2325 3289 2377 et
3334 2325 3541 2395 postea
3580 2322 3656 2379 ad

2011 2409 2168 2465 hunc
2226 2412 2445 2463 statum
2504 2409 2923 2465 interveniente
2987 2426 3275 2482 aquarum
3348 2411 3408 2466 in
3458 2409 3654 2468 locum

2010 2496 2364 2569 peculiarem
2394 2496 2734 2553 collectione
2778 2499 3124 2569 pervenerit.
3157 2501 3299 2556 Cum
3331 2499 3490 2556 enim
3519 2500 3654 2555 uni-

2011 2602 2177 2641 versa
2206 2590 2361 2639 terra
2407 2585 2717 2641 minimam
2750 2585 2964 2642 habeat
2992 2587 3280 2643 rationem
3311 2586 3467 2659 (nolo
3496 2588 3656 2644 enim

2012 2673 2204 2729 dicere
2237 2672 2458 2728 nullam
2489 2675 2815 2729 secundum
2846 2675 3140 2748 physicos)
3186 2676 3259 2731 ad
3298 2675 3657 2733 ﬁrmamenti

2012 2763 2324 2834 sphaeram,
2357 2761 2701 2834 qualesnam
2732 2762 2909 2834 hujus
2937 2763 3233 2833 cavitates,
3257 2780 3384 2837 quis
3415 2764 3656 2821 omnino

2013 2850 2086 2906 ad
2098 2855 2395 2906 tantarum
2416 2867 2703 2921 aquarum
2727 2851 3115 2922 receptionem
3134 2852 3660 2923 sufﬁcerent,exco-

2013 2939 2186 3011 gitari
2216 2942 2500 3010 possent?
2549 2940 2657 2995 Sed
2712 2941 2771 2994 in
2821 2941 3013 2996 medio
3064 2957 3228 3012 aquae
3278 2941 3500 2999 factum
3528 2958 3659 2999 esse

2013 3027 2450 3082 ﬁrmamentum
2500 3027 2831 3099 signiﬁcare
2874 3028 3331 3085 existimandum
3360 3034 3471 3100 est,
3504 3030 3660 3087 inter

2016 3116 2361 3189 simpliciter
2390 3132 2605 3188 aquam
2636 3116 2938 3173 conditum
2968 3134 3097 3174 esse
3140 3118 3498 3175 ﬁrmamenti
3529 3134 3657 3176 cor-

2016 3222 2147 3277 pus,
2180 3204 2376 3276 ipsum
2405 3220 2538 3260 vero
2567 3204 2824 3260 dividere
2865 3205 3017 3261 inter
3062 3222 3277 3277 aquam
3324 3210 3381 3262 et
3417 3221 3656 3279 aquam.

2023 3294 2300 3349 denotare
2328 3292 2474 3347 nihil
2504 3292 2662 3349 aliud
2693 3310 2870 3365 quam
2902 3294 3232 3367 suscepisse
3261 3300 3319 3350 et
3347 3294 3665 3352 sustulisse

1848 3358 1911 3436 τὸ
1941 3358 1985 3426 CI
2025 3387 2082 3439 et
2127 3398 2365 3438 sursum
2413 3381 2653 3437 evehere
2706 3358 2856 3438 i87
2918 3358 3206 3455 quidquid
3252 3382 3375 3440 leve
3416 3383 3566 3453 fuit;
3597 3398 3666 3440 ac

2025 3476 2188 3527 terrae
2217 3469 2666 3538 vicinissimum,
2700 3476 2776 3539 et,
2803 3475 2866 3526 ut
2884 3470 2967 3527 ita
2984 3471 3200 3542 dicam,
3224 3473 3421 3529 faecem
3440 3476 3499 3529 et
3519 3472 3671 3529 sedi-

2028 3564 2317 3629 mentum,
2348 3562 2405 3614 et
2436 3574 2598 3630 aquae
2628 3557 3027 3632 salsilaginem
3062 3561 3307 3617 inferius
3338 3560 3670 3633 reliquisse,

2027 3656 2082 3704 et
2118 3648 2270 3703 inter
2327 3663 2541 3718 aquam
2590 3651 2647 3702 et
2691 3664 2906 3720 aquam
2961 3649 3314 3706 intervenire
3360 3649 3671 3719 medium;

2029 3753 2244 3807 aquam
2271 3740 2467 3791 tamen
2498 3752 2624 3808 quae
2655 3740 2745 3792 est
2763 3754 2944 3809 supra
2964 3738 3406 3795 ﬁrmamentum
3427 3737 3671 3794 inﬁnita

2029 3842 2159 3881 esse
2190 3824 2607 3891 multitudinis,
2639 3827 2690 3881 si
2737 3826 3070 3882 conferatur
3118 3843 3254 3883 cum
3301 3844 3371 3883 ea
3416 3844 3546 3900 quae
3587 3830 3678 3884 est

2031 3914 2186 3970 infra
2213 3913 2675 3981 ﬁrmamentum,
2704 3917 2763 3970 et
2792 3931 3028 3971 omnem
3072 3916 3191 3973 fere
3236 3917 3676 3990 proportionem

2034 4019 2329 4075 superare.

2107 4093 2193 4147 13.
2226 4092 2387 4157 Quod
2420 4093 2468 4148 si
2500 4093 2681 4166 igitur
2705 4111 2741 4150 ει
2769 4092 2958 4150 calore
2988 4094 3163 4150 solari
3212 4095 3363 4151 facta
3392 4093 3675 4152 tenuioris

2036 4198 2199 4254 aquae
2230 4181 2525 4252 discretio,
2555 4182 2785 4238 videtur
2811 4198 2940 4239 esse
2968 4199 3147 4239 causa
3185 4184 3335 4239 mari
3365 4182 3678 4240 salsedinis

2037 4276 2095 4327 et
2133 4270 2564 4338 amaritudinis,
2597 4276 2903 4344 propterea
2946 4273 3101 4344 quod
3150 4271 3337 4345 igneae
3383 4269 3677 4329 facultatis

2038 4359 2346 4431 prmsentia
2374 4359 2434 4413 in
2468 4359 2709 4432 physica
2738 4361 2980 4415 docetur
3008 4360 3293 4416 naturalis
3319 4376 3497 4416 causa
3509 4375 3680 4432 gene-

2040 4448 2304 4513 rationis,
2335 4448 2628 4518 ejusmodi
2657 4447 3006 4520 qualitatum
3037 4447 3098 4503 in
3130 4448 3479 4505 humoribus
3499 4447 3680 4520 (quod

2039 4536 2195 4593 enim
2228 4536 2384 4591 calor
2412 4536 2472 4590 in
2502 4536 2852 4592 discretione
2881 4553 2994 4591 non
3027 4537 3282 4608 potuerit
3311 4537 3381 4592 ad
3415 4553 3478 4592 se
3501 4541 3684 4592 attra-

2040 4626 2198 4696 here,
2228 4626 2287 4681 id
2317 4625 2706 4681 salsamarum
2740 4626 2883 4696 ﬁeri,
2920 4630 2982 4680 ut
3009 4624 3262 4681 cinerem
3309 4628 3369 4681 et
3408 4625 3684 4682 sudorem

287 4711 547 4790 ρόπικρον
605 4712 859 4787 γίνεσθαι,
910 4711 985 4773 ὡς
1043 4712 1141 4780 τὴν
1195 4711 1415 4790 τέφραν,
1462 4712 1557 4768 κάν
1606 4718 1723 4775 τοῖς
1771 4715 1910 4782 ζώοιι

2042 4713 2102 4769 in
2158 4712 2535 4779 animalibus,
2579 4717 2934 4785 ceterasque
2980 4713 3462 4785 superﬂuitates),
3512 4714 3689 4770 fuerit

282 4802 375 4856 τὸν
434 4798 640 4877 ἱδρῶτα
694 4800 784 4855 καὶ
839 4800 906 4855 τὰ
976 4798 1145 4856 λοιπὰ
1213 4801 1617 4877 περιττώματα)
1653 4821 1664 4833 ·
1729 4799 1810 4873 εἷίη
1872 4801 1931 4857 ἃν

283 4890 430 4946 αἰτία
481 4891 720 4967 προτέρα
793 4892 861 4963 τῇ
913 4889 1152 4965 θαλάσσῃ
1204 4896 1307 4960 τῆς
1380 4890 1581 4953 οἰκείας
1636 4891 1933 4961 ποιότητος

284 4982 323 5050 ἡ
382 4979 487 5035 ὑπὸ
540 4983 638 5034 τοῦ
692 4979 1071 5056 στερεώματος
1124 4980 1390 5055 γενομένη
1444 4980 1636 5053 πρώτη
1707 4979 1934 5050 τοιαύτη

288 5066 576 5145 διάκρισις.
607 5073 714 5138 Τῆς
763 5068 930 5139 αὑτῆς
983 5069 1084 5145 γὰρ
1130 5072 1210 5140 τῷ
1256 5067 1404 5141 ἡλίῳ
1432 5069 1522 5124 καὶ
1552 5070 1614 5123 τὸ
1659 5069 1940 5145 στερέωμα

289 5158 500 5236 φύσεως
556 5158 703 5233 παρὰ
753 5157 963 5213 πάντων
1037 5156 1391 5233 ὁμολογεῖται
1462 5162 1571 5212 τῶν
1651 5162 1889 5236 φυσικῶν
1924 5204 1938 5229 ,

292 5245 414 5302 ὅσοι
467 5267 526 5302 τε
597 5245 844 5320 πέμπτον
900 5251 1059 5320 σῶμα
1131 5246 1193 5301 τὸ
1251 5244 1482 5321 αἰθέριον
1559 5245 1798 5323 λέγουσι,
1852 5247 1941 5301 καὶ

295 5334 413 5390 ὅσοι
463 5336 566 5391 πάν
627 5336 691 5390 τὸ
745 5336 847 5391 ὑπὸ
918 5337 1019 5406 τὴν
1071 5332 1319 5406 αἶ’σθησιν
1391 5334 1450 5390 ἐκ
1503 5338 1611 5389 τῶν
1667 5336 1941 5415 τεσσάφων

296 5424 584 5499 στοιχείων
649 5422 1049 5498 συντεθειμένον
1106 5425 1464 5500 γινώσκουσι,
1523 5425 1799 5480 κάντεῦθεν
1854 5424 1944 5480 καὶ

293 5514 396 5583 τὴν
448 5510 584 5584 ὅλην
640 5513 772 5589 ὑπὲρ
832 5510 1063 5584 σελήνην
1123 5512 1409 5589 ἐγκόσμιον
1470 5510 1828 5591 δημιουργίαν
1889 5513 1948 5571 ἐκ

294 5606 405 5658 τῶν
435 5605 790 5679 στοιχειακῶν
834 5600 1148 5675 ἀκροτήτων
1194 5600 1611 5677 ἐπικρατοῦντος
1662 5606 1759 5660 τοῦ
1808 5601 1945 5660 εἰλι-

293 5688 639 5769 κρινεστέρου
667 5690 835 5766 πυρὸς
866 5688 1279 5767 ἀποφαίνονται.

371 5821 390 5862 ⁸
422 5816 568 5881 Gen.
601 5833 642 5891 ι,
673 5818 729 5875 6.

584 5944 851 6009 Punct-
899 5942 1012 6010 Gn.
1059 5941 1286 6019 CXLII.

2045 4802 2246 4874 utique
2294 4802 2441 4857 mari
2489 4818 2669 4858 causa
2714 4802 2874 4873 prior
2920 4818 3041 4857 suae
3096 4801 3397 4873 qualitatis
3445 4818 3514 4858 ea
3560 4818 3692 4874 qua

2046 4891 2250 4964 primas
2270 4908 2304 4946 a
2332 4890 2702 4946 ﬁrmamento
2728 4891 2878 4945 facta
2898 4894 2985 4946 est
3004 4890 3296 4947 discretio.
3317 4890 3463 4946 Nam
3487 4906 3694 4947 omnes

2048 4980 2271 5053 physici
2302 4980 2411 5035 hoc
2444 4980 2717 5045 fatentur,
2753 4979 2907 5050 quod
2942 4980 3378 5035 ﬁrmamentum
3408 4994 3544 5035 cum
3571 4979 3695 5037 sole

2048 5070 2313 5140 ejusdem
2345 5069 2422 5122 sit
2450 5072 2707 5122 naturae:
2743 5084 2876 5121 cum
2906 5068 2941 5122 ii
2967 5068 3067 5139 qui
3091 5068 3397 5123 aetherium
3419 5068 3694 5140 quintum

2050 5174 2261 5228 corpus
2293 5156 2514 5221 dicunt,
2541 5161 2664 5210 tum
2690 5155 2729 5209 ii
2753 5156 2852 5226 qui
2886 5156 3171 5228 quidquid
3204 5157 3314 5212 sub
3346 5173 3586 5212 sensum
3607 5172 3699 5212 ca-

2053 5247 2158 5312 dit,
2191 5262 2260 5299 ex
2289 5251 2541 5316 quatuor
2587 5243 2897 5300 clementis
2926 5246 3322 5317 compositum
3346 5248 3696 5319 agnoscunt,

2052 5338 2111 5390 et
2138 5333 2272 5389 hinc
2301 5333 2478 5389 etiam
2536 5332 2872 5388 universam
2931 5351 3058 5405 quae
3110 5349 3292 5406 supra
3346 5332 3551 5389 lunam
3604 5336 3700 5390 est

2055 5423 2417 5478 mundanam
2458 5421 2610 5477 188
2658 5425 3017 5477 structuram
3067 5438 3136 5478 ex
3186 5421 3602 5479 sincerissimis
3648 5425 3707 5479 et

2056 5509 2516 5568 defaecatissimis
2557 5511 2863 5568 elementis
2894 5511 3208 5569 sinceriore
3237 5512 3370 5585 igne
3398 5509 3709 5587 pradomi-

2057 5605 2235 5659 nante
2264 5604 2452 5659 ortam
2486 5616 2614 5659 esse
2643 5601 3047 5674 pronuntiant.

3358 5946 3432 6013 37
