4024 6460
215 535 357 596 ιιω

1529 529 1876 593 EPITOME
1917 531 2276 594 PHYSICA.

3448 538 3604 598 1166

217 666 372 745 φορὰς
421 661 611 740 ἔχουσι
655 665 791 740 πρὸς
831 663 924 719 τὸν
976 661 1139 733 ⁴δςλιον
1188 665 1335 737 παρὰ
1373 662 1501 724 τοὺς
1544 665 1628 724 οἷς
1676 662 1839 738 παρά-

1963 663 2145 719 solem
2177 665 2277 735 qui
2318 664 2753 720 exhalationum
2799 681 2976 721 causa
3028 670 3117 721 est
3163 666 3606 738 dispositionem

215 774 423 811 κεινται.
473 752 547 806 Οὐ
600 754 706 825 μὴν
758 751 884 807 ἀλλ’
933 751 1105 807 ἐνίοτε
1152 752 1290 806 κατά
1338 752 1432 824 μὲν
1462 748 1587 807 τόδε
1639 752 1703 806 τὸ
1763 750 1854 822 μέ-

217 863 300 918 ρος
350 842 450 910 τήν
507 840 672 916 ξηρὰν
711 839 1075 913 ἀναθυμίασιν
1136 833 1421 913 συμϐαίνει
1480 838 1847 906 πλεονεκτεῖν,

214 931 336 986 κατά
391 928 448 985 δὶ
500 929 564 984 τὸ
610 927 1007 1005 παρακείμενον
1051 929 1152 997 τὴν
1212 927 1394 1003 ὑγράν·
1440 929 1530 983 καὶ
1559 925 1846 984 ἀνάπαλιν.

209 1021 376 1096 Ὀῦπερ
429 1017 604 1074 αἴτιον
656 1017 716 1071 ἂν
765 1014 851 1088 εἶή
901 1018 963 1072 τὸ
994 1019 1125 1072 ποτὲ
1159 1018 1250 1090 μὲν
1289 1017 1376 1094 ἀφ’
1405 1020 1470 1085 ἧς
1534 1015 1848 1094 ἀναφέρεται

213 1111 388 1185 χώρας
446 1110 482 1177 ἡ
542 1106 700 1181 ξηρὰ,
754 1105 892 1162 κατά
945 1105 1146 1176 ταύτην
1210 1106 1299 1160 καὶ
1371 1103 1547 1179 μένειν
1627 1103 1845 1180 ῥέουσαν

209 1197 390 1268 αὐτήν
433 1196 644 1269 ὁμοίως
693 1196 784 1250 καὶ
833 1196 920 1272 ἀφ’
949 1197 1017 1263 ἧς
1058 1198 1093 1264 ἡ
1141 1195 1280 1270 ὑγρά
1325 1195 1425 1264 τὴν
1475 1194 1660 1270 ὑγράν.
1696 1195 1752 1247 Ὀ
1790 1194 1850 1247 τὲ

213 1285 256 1342 δ’
307 1282 746 1348 ὁπαλλάσσεσθαι
798 1284 888 1338 καὶ
951 1285 1277 1338 ἀπωθεῖσθαι
1355 1284 1458 1338 ὑπὸ
1528 1280 1848 1355 πνευμάτων

205 1379 360 1438 τινῶν
415 1375 516 1442 τὴν
571 1373 663 1446 μὲν
715 1371 901 1449 ὑγρὰν,
949 1370 1091 1443 ὅθεν,
1135 1373 1172 1441 ἡ
1227 1371 1382 1448 ξηρὰ,
1421 1371 1521 1439 τὴν
1567 1369 1627 1426 δὲ
1682 1371 1844 1444 ξηρὰν

212 1462 320 1529 ὅθεν
365 1465 401 1532 ἡ
455 1462 610 1538 ὑγρά·
645 1462 680 1529 ἢ
722 1463 756 1529 ἡ
816 1460 909 1532 μὶν
955 1457 1134 1533 ἔμεινε
1191 1461 1320 1514 καθὸ
1370 1461 1669 1534 ἀνηνέχθη,
1717 1461 1754 1527 ἡ
1801 1456 1848 1514 δ’

203 1549 283 1612 τίς
309 1547 486 1618 ἄλλην
512 1567 619 1603 που
645 1548 833 1624 χώραν
862 1547 1116 1616 ἀπώσθη.

1965 753 2198 822 habent,
2241 752 2353 807 nisi
2405 757 2638 825 propter
2688 753 2869 808 situm
2923 753 3178 825 aliquem
3230 753 3606 826 peculiarem,

1962 840 2088 896 loca
2116 842 2382 912 quaedam
2415 843 2486 897 ab
2521 842 2636 897 illis
2669 843 2886 914 quibus
2917 843 3186 913 adjacent
3215 844 3605 901 differentiam

1960 928 2232 984 habeant.
2267 937 2342 984 At
2384 947 2517 985 vero
2570 931 2866 986 interdum
2920 935 2979 985 in
3033 949 3148 986 una
3200 933 3397 1004 aliqua
3443 937 3609 1004 parte

1958 1018 2382 1074 exbalationem
2407 1019 2622 1075 siccam
2649 1037 2661 1088 ;
2698 1020 2757 1075 in
2790 1021 3093 1091 adjacente
3118 1038 3270 1086 vero,
3298 1022 3604 1080 humidam

1959 1106 2258 1162 abundare
2290 1107 2601 1179 contingit,
2625 1113 2682 1163 et
2714 1113 2935 1164 contra.
2961 1109 3139 1180 Cujus
3169 1111 3251 1165 rei
3284 1128 3465 1168 causa
3493 1117 3602 1180 est,

1959 1196 2112 1266 quod
2174 1196 2466 1250 interdum
2525 1213 2593 1251 ex
2651 1215 2767 1268 qua
2809 1183 3060 1269 regione
3121 1200 3383 1255 ascendit
3447 1201 3604 1260 sicca

1959 1282 2327 1356 [exhalatio],
2360 1283 2418 1337 in
2469 1286 2672 1340 eadem
2716 1286 2894 1340 etiam
2936 1286 3123 1342 ﬂuens
3167 1287 3296 1359 ipsa
3326 1293 3597 1360 maneat;

1957 1371 2227 1427 similiter
2277 1373 2430 1428 102
2487 1389 2556 1428 ex
2613 1390 2730 1445 qua
2785 1373 3030 1430 humida
3075 1374 3351 1447 elevatur,
3399 1381 3466 1434 ut
3518 1377 3601 1434 ibi

1958 1459 2243 1516 subsistat
2273 1459 2538 1515 humida.
2563 1461 2862 1521 Interdum
2894 1479 3028 1518 vero
3061 1464 3180 1519 vice
3209 1480 3374 1521 versa
3403 1469 3600 1522 muta-

1955 1553 2073 1618 tur,
2105 1553 2162 1604 et
2208 1566 2242 1602 a
2290 1548 2525 1604 ﬂatibus
2569 1548 2870 1620 aliquibus
2897 1550 3224 1622 depellitur,
3257 1551 3503 1609 humida
3531 1569 3599 1610 eo

209 1641 354 1702 unde
391 1639 551 1696 sicca
591 1643 701 1707 est,
733 1638 886 1694 sicca
929 1655 1001 1691 .eo
1052 1638 1205 1692 unde
1253 1638 1498 1693 humida
1545 1642 1672 1705 est;
1723 1641 1825 1693 aut
1874 1654 1992 1693 una
2043 1637 2279 1709 quidem
2334 1638 2625 1705 subsistit,
2659 1644 2948 1709 quatenus
2990 1639 3223 1696 sublata
3251 1646 3339 1697 esl
3369 1659 3384 1709 ;
3417 1645 3600 1700 altera

209 1747 332 1786 vero
359 1729 420 1784 in
444 1727 626 1784 aliam
655 1726 871 1783 alicubi
903 1726 1197 1798 regionem
1238 1726 1475 1798 repulsa
1502 1731 1610 1782 est.

271 1819 327 1874 ε’.
385 1817 492 1885 Τήν
574 1815 667 1888 μὲν
749 1811 839 1868 οὖν

209 1905 290 1962 καὶ
359 1904 522 1980 ξηρὰν
599 1903 951 1976 ἀναθυμίασιν
1010 1901 1145 1956 εἶναί
1201 1923 1349 1980 φασι,
1411 1903 1486 1975 μή
1547 1899 1725 1957 δοκεῖν
1787 1898 1844 1957 δὲ

205 1993 327 2058 τοὺς
355 1993 588 2067 ἀνέμους
620 1991 878 2066 θερμοὺς,
913 1989 1001 2046 διὰ
1027 1991 1090 2045 τὸ
1145 1995 1313 2046 κινεῖν
1365 1992 1457 2047 τὸν
1519 1991 1648 2067 ἀέρα
1707 1987 1844 2045 πολ-

209 2082 307 2153 λῆς
355 2079 588 2156 ἀτμίδος
645 2079 828 2157 ρλήρη
883 2079 1217 2154 τυγχένοντα
1269 2079 1359 2134 καὶ
1416 2083 1654 2154 ψυχρᾶς.
1688 2078 1842 2135 Οὕτω

207 2173 303 2247 γὰρ
355 2170 445 2226 καὶ
499 2171 565 2225 τὸ
624 2166 714 2224 διὰ
766 2172 861 2223 τοῧ
920 2169 1188 2240 στόματος
1253 2169 1570 2246 φυσώμενον
1629 2173 1843 2242 πνεῦμα

205 2260 392 2338 θερμὸν
456 2261 552 2334 μετ
605 2258 822 2334 ἐγγύθεν
870 2256 1001 2312 εἶναι
1056 2260 1155 2312 τοῦ
1209 2257 1497 2330 πόματος,
1537 2255 1728 2332 πόρῥω
1784 2254 1842 2312 δὲ

199 2350 408 2427 ψυχρὸν
443 2345 531 2404 διὰ
557 2349 659 2416 τήν
689 2346 857 2415 αὐτὴν
888 2345 1082 2403 αἰτίαν.

268 2441 334 2503 ς’.
384 2444 540 2499 Ἴσως
600 2434 644 2492 δ’
705 2436 764 2490 ἂν
843 2434 906 2490 ἐκ
973 2441 1183 2511 θερμῆς
1265 2436 1357 2508 μὶν
1432 2434 1840 2508 ἀναθυμιάσεως

203 2525 376 2604 ἔχοιεν
429 2527 481 2582 οἱ
521 2523 713 2598 ἄνεμοι
754 2524 852 2586 τὰς
904 2523 1100 2599 ἀρχὰς,
1133 2522 1314 2598 ὥσπερ
1374 2519 1440 2591 δὴ
1501 2523 1590 2577 καὶ
1639 2523 1690 2577 οἱ
1744 2517 1842 2595 ὅμ-

201 2611 320 2692 6ροι
378 2620 542 2687 (πᾶσι
618 2613 722 2690 γὰρ
809 2611 1159 2685 ἀναθυμίασις
1242 2610 1379 2686 ξηρά
1430 2633 1488 2666 τε
1534 2613 1624 2666 καὶ
1711 2611 1843 2687 ὑγρὰ

202 2703 375 2761 διὰτὸ
405 2703 458 2760 ἐν
491 2702 626 2776 αὐτῇ
673 2702 871 2777 θερμὸν
919 2700 1278 2773 ἀναθυμιᾶται
1332 2700 1420 2755 καὶ
1481 2700 1839 2777 ἀναφέρεται).

203 2792 357 2850 Ἀλλ’
405 2791 585 2868 ὥσπερ
616 2793 652 2860 ἡ
692 2789 854 2864 ἀτμὶς
899 2787 994 2844 ’διὰ
1039 2789 1193 2862 ψύξιν
1243 2787 1554 2861 πιλουμένη
1604 2789 1694 2843 καὶ
1737 2809 1838 2843 πυ-

198 2883 463 2956 κνουμένη
527 2877 745 2934 δύναται
799 2874 1159 2951 μεταϐάλλειν
1223 2877 1298 2938 εἰς
1359 2874 1528 2952 ὕδωρ·
1565 2876 1664 2932 οὐκ
1719 2875 1839 2932 ἄτο-

198 2991 295 3026 πον
341 2970 403 3026 ἂν
453 2968 536 3040 εἴη
580 2968 752 3044 τυχὸν
800 2968 892 3021 τὸν
933 2966 1092 3021 αὐτὸν
1141 2965 1342 3042 τρόπον
1405 2959 1698 3021 ὑπολαϐεῖν
1748 2965 1838 3020 καὶ

195 3059 292 3128 τὴν
352 3058 556 3134 θερμήν
615 3056 704 3110 καὶ
764 3054 926 3128 ξηρὰν
1013 3053 1362 3126 ἀναθυμίασιν
1437 3051 1711 3107 πιλεῖσθαί
1781 3075 1839 3107 τε

196 3146 285 3202 καὶ
350 3149 699 3214 πυκνοῦσθαι,
756 3142 844 3198 καὶ
911 3141 987 3204 εἷς
1045 3146 1259 3214 πνεῦμα
1319 3141 1676 3197 συνίστασθαι.
1736 3142 1835 3195 Καὶ

197 3234 376 3312 ὥσπερ
467 3232 525 3288 ἐκ
605 3235 703 3301 τῆς
783 3230 1076 3306 ὑγροτέρας
1159 3230 1567 3302 ἀναθυμιάσεως
1633 3227 1836 3305 γίνεται

195 3321 340 3400 ὕδωρ
373 3323 504 3398 ὑπὲρ
535 3329 639 3397 γῆν
665 3340 724 3375 τε
773 3319 863 3374 καὶ
895 3319 999 3374 ὑπὸ
1053 3325 1178 3393 γῆν,
1222 3318 1394 3380 οὕτως
1436 3318 1500 3372 αὗ
1532 3316 1591 3373 ἐκ
1617 3325 1717 3387 τῆς
1749 3318 1838 3388 ξη-

193 3412 418 3490 ροτέρα(
446 3410 684 3488 γίνεσθαι
713 3412 923 3480 πνεῦμα
951 3408 1041 3462 καὶ
1072 3407 1184 3461 ἄνω
1221 3406 1310 3461 καὶ
1358 3407 1505 3462 κάτω
1557 3406 1660 3461 ὑπὸ
1707 3413 1833 3480 γῆν.

267 3507 324 3570 ζ’.
365 3499 506 3570 Ὕλη
565 3499 664 3572 μὲν
722 3495 814 3552 οὖν
867 3500 976 3551 τῶν
1036 3495 1248 3568 ἀνέμων
1311 3493 1394 3564 εἷή
1451 3494 1510 3549 ἂν
1565 3497 1600 3564 ἦ
1661 3496 1834 3569 θερμὴ

191 3587 545 3662 ἀναθυμίασις
599 3586 692 3643 καὶ
745 3585 904 3660 ξηρὰ,
963 3583 1062 3639 οὐκ
1124 3583 1334 3658 ἀμιγὴς
1410 3580 1523 3638 οὐδ’
1582 3581 1832 3658 ἄκρατοςο

189 3678 409 3754 ἐπείπερ
445 3679 484 3746 ἡ
530 3675 753 3746 τοιαύτη
811 3669 1074 3730 διαϐαίνει
1117 3675 1254 3748 πρὸς
1302 3673 1366 3728 τὸ
1424 3673 1760 3746 ὑπέκκαυμα·
1798 3675 1832 3741 ἡ

191 3764 252 3822 δὶ
299 3771 408 3821 τῶν
462 3765 674 3839 ἀνέμων
735 3763 983 3826 σύστασις
1039 3761 1276 3831 πλησίον
1331 3760 1531 3837 γίνεται
1579 3764 1678 3830 τῆς
1732 3768 1835 3836 γῆς

189 3856 244 3912 ἐν
275 3859 354 3928 τῷ
382 3856 680 3930 ἠρεμοῦντι
711 3853 850 3927 ἀέρι,
878 3850 1004 3908 ἀλλ’
1035 3851 1133 3908 οὐκ
1163 3850 1217 3907 ἐν
1255 3855 1334 3922 τῷ
1386 3851 1488 3906 ὑπὸ
1542 3855 1640 3905 τοῦ
1697 3849 1836 3914 αἰθέ-

189 3965 288 4019 ρος
371 3942 844 4019 συνεπισυρομένῳ
932 3940 1066 4014 μετά
1117 3944 1215 3996 τοῦ
1275 3939 1704 4012 ὑπεκκαύματος.
1764 3941 1835 3993 Ἥ

192 4034 298 4109 γὰρ
353 4031 415 4088 ἂν
475 4031 564 4088 ἐπὶ
623 4030 787 4086 ταυτὸ
844 4031 1174 4106 περιήγοντο
1225 4027 1419 4090 πάντες
1476 4029 1686 4102 ἄνεμοιο
1745 4032 1835 4082 νῦν

177 4121 239 4178 δὲ
266 4121 359 4177 καί
403 4142 545 4184 τινες
594 4117 866 4189 ἀλλήλοις
916 4117 1304 4173 ἀντιπνέουσιν.
1339 4115 1514 4174 Ἀλλά
1569 4117 1658 4172 καί
1714 4137 1834 4172 τινα

170 4215 290 4266 τῶν
325 4208 682 4285 ὑψηλοτέρων
711 4210 1004 4285 ἱστορεῖται
1042 4207 1184 4283 ὀρῶν
1243 4206 1576 4285 ὑπερνέφελά
1629 4227 1688 4262 τε
1743 4206 1832 4262 καὶ

179 4302 522 4376 ὑπερηνεμα.
555 4300 716 4353 Ἔνθα
769 4302 897 4374 γοῦν
948 4297 1016 4350 τὰ
1069 4295 1204 4373 νέφη
1262 4296 1618 4369 συνίστανται,
1665 4294 1833 4351 ἐκεῖσε

181 4385 341 4444 δοκεῖ
366 4388 458 4443 καὶ
487 4387 613 4450 τοὺς
642 4387 871 4460 ἀνέμους
901 4385 1262 4442 συνίστασθαι.

919 1817 1024 1868 τῶν
1103 1813 1318 1886 ἀνέμων
1401 1811 1562 1886 ὕλην,
1633 1815 1837 1888 θερμὴν

2021 1816 2075 1869 5.
2111 1815 2415 1871 Materiam
2448 1831 2583 1887 ergo
2622 1821 2949 1883 ventorum,
2981 1817 3406 1875 exhalationem
3458 1820 3597 1877 cali-

1954 1904 2089 1959 dam
2117 1910 2174 1959 et
2203 1904 2422 1960 siccam
2448 1920 2576 1960 esse
2601 1905 2768 1960 aiunt
2791 1931 2805 1974 ;
2837 1923 2952 1962 non
2978 1907 3158 1962 videri
3182 1912 3376 1964 autem
3397 1914 3599 1968 ventos

1954 1992 2195 2057 calidos,
2219 1999 2524 2064 propterea
2554 1995 2709 2065 quod
2739 2011 2931 2050 aerem
2965 2000 3254 2065 moveant,
3278 1997 3379 2068 qui
3409 1998 3596 2058 multo

1953 2085 2011 2137 et
2038 2081 2250 2152 frigido
2281 2098 2492 2152 vapore
2524 2085 2771 2138 refertus
2801 2087 2908 2138 est.
2943 2084 2964 2118 ³
2993 2083 3085 2139 δίο
3115 2084 3273 2140 enim
3305 2089 3362 2142 et
3389 2086 3596 2144 ﬂatum

1953 2169 2054 2242 qui
2083 2186 2181 2226 ore
2211 2169 2538 2238 exhalatur,
2572 2169 2825 2226 calidum
2871 2171 3106 2242 quidem
3157 2189 3337 2246 prope
3383 2192 3486 2244 os;
3534 2179 3597 2233 at

1953 2259 2024 2314 ab
2064 2258 2192 2329 ipso
2233 2264 2544 2326 remotum,
2580 2275 2648 2315 ex
2689 2260 2889 2316 eadem
2925 2277 3104 2318 causa
3134 2261 3414 2335 frigidum
3442 2280 3594 2324 esse.

2021 2438 2076 2489 6.
2121 2435 2287 2491 Forte
2336 2439 2530 2492 autem
2589 2453 2658 2491 ex
2703 2437 2892 2492 calida
2945 2439 3183 2509 quidem
3231 2439 3597 2502 exhalatione

1950 2524 2106 2580 venti
2137 2523 2355 2579 habent
2386 2523 2692 2596 principia,
2725 2527 3223 2596 quemadmodum
3252 2529 3428 2586 etiam
3459 2530 3596 2604 plu-

1951 2611 2055 2669 viae
2088 2614 2248 2684 (nam
2280 2611 2470 2667 omnis
2499 2612 2788 2668 exhalatio
2819 2630 2949 2668 cum
2984 2616 3138 2671 sicca
3176 2620 3300 2672 tum
3349 2619 3596 2677 humida

1951 2705 2186 2772 propter
2233 2699 2482 2755 calorem
2533 2716 2706 2772 quem
2761 2702 2820 2756 in
2867 2718 2930 2757 se
2977 2702 3154 2759 habet
3195 2705 3502 2763 exhalatur
3538 2712 3597 2764 et

1952 2805 2190 2844 sursum
2243 2789 2466 2859 fertur).
2516 2789 2628 2844 Sed
2677 2791 3176 2861 quemadmodum
3221 2810 3421 2866 vapor,
3453 2812 3592 2853 cum

1951 2881 2187 2949 propter
2215 2877 2709 2949 refrigerationem
2742 2879 3033 2949 spissatur
3077 2887 3136 2935 et
3175 2883 3592 2950 condensatur,

1950 2967 2010 3020 in
2041 2982 2254 3037 aquam
2286 2965 2501 3020 mutari
2532 2970 2764 3037 potest;
2797 2967 2942 3022 forte
2971 2968 3122 3024 haud
3156 2970 3479 3027 absurdum
3500 2977 3592 3030 est

1949 3058 2007 3110 et
2055 3054 2305 3109 calidam
2354 3055 2688 3125 siccamque
2744 3055 3171 3112 exhalationem
3229 3058 3473 3130 spissari
3533 3064 3594 3117 et

1946 3143 2313 3209 condensari,
2346 3145 2404 3198 et
2431 3143 2702 3198 inﬂatum
2732 3142 3071 3201 coalescere.
3099 3147 3179 3201 Ac
3208 3149 3590 3218 quemadmo-

1948 3233 2088 3287 dum
2122 3249 2191 3288 ex
2229 3232 2557 3287 humidiore
2587 3232 2951 3289 exhalatione
3002 3234 3067 3288 fit
3118 3253 3270 3307 aqua
3313 3253 3489 3309 super
3534 3242 3592 3294 et

1947 3321 2099 3376 infra
2126 3326 2363 3387 terram,
2395 3321 2481 3376 sic
2522 3321 2781 3376 vicissim
2822 3338 2888 3376 ex
2933 3323 3084 3379 193
3115 3324 3355 3381 sicciore
3386 3325 3591 3382 ﬂatum

1947 3409 2070 3465 ﬁeri
2106 3425 2342 3464 sursum
2375 3413 2432 3463 et
2463 3409 2738 3464 deorsum
2779 3409 2934 3465 infra
2960 3416 3196 3467 terram.

2015 3499 2070 3552 7.
2103 3498 2345 3553 Materia
2374 3498 2553 3570 igitur
2580 3503 2885 3553 ventorum
2926 3500 3036 3554 erit
3083 3501 3370 3558 exhalatio
3401 3501 3591 3559 calida

1946 3591 2002 3642 et
2030 3586 2203 3656 sicca,
2228 3604 2339 3641 non
2374 3587 2759 3657 impermista,
2785 3603 2890 3642 nec
2921 3605 3086 3660 pura,
3109 3591 3590 3663 quandoquidem

1947 3693 2074 3747 quae.
2103 3675 2237 3731 talis
2267 3680 2356 3731 est
2385 3677 2456 3730 ad
2489 3676 2754 3731 fomitem
2786 3683 3088 3748 penetrat;
3121 3695 3256 3734 cum
3282 3684 3588 3736 ventorum

1945 3762 2233 3818 concretio
2284 3778 2462 3834 prope
2509 3766 2725 3817 terram
2783 3763 2842 3817 in
2901 3780 3030 3820 aere
3080 3765 3416 3836 quiescente
3466 3767 3586 3840 ﬁat,

1945 3868 2060 3906 non
2092 3851 2152 3906 in
2181 3867 2249 3906 eo
2281 3850 2380 3923 qui
2412 3867 2530 3906 una
2557 3867 2691 3905 cum
2722 3852 3102 3909 succensione
3132 3853 3204 3908 ab
3248 3854 3458 3910 aethere
3500 3860 3588 3912 at-

1943 3940 2212 3995 trahitur.
2272 3939 2503 4010 Alioqui
2559 3955 2764 3994 omnes
2828 3940 2983 3995 venti
3049 3941 3590 4015 circumagerentur

1943 4029 2146 4083 eodem
2177 4027 2368 4099 spatio
2395 4046 2408 4095 ;
2446 4028 2573 4098 jam
2603 4045 2735 4083 vero
2767 4028 2946 4083 etiam
2977 4028 3077 4084 alii
3107 4035 3310 4086 contra
3341 4048 3402 4088 se
3443 4031 3589 4089 ﬂant

1942 4116 2208 4172 invicem.
2242 4117 2351 4172 Sed
2401 4120 2460 4171 et
2509 4117 2580 4171 de
2630 4116 2985 4187 quibusdam
3030 4119 3331 4175 montibus
3363 4119 3585 4176 altiori-

1941 4207 2052 4262 bus
2082 4205 2377 4278 proditum
2419 4205 2476 4259 in
2527 4205 2786 4260 historiis
2817 4207 3122 4277 reperitur,
3154 4209 3308 4278 quod
3343 4208 3586 4265 nebulas

1940 4299 1998 4351 et
2042 4301 2245 4351 ventos
2291 4295 2726 4350 transcendant.
2761 4294 2869 4350 Ubi
2910 4295 3090 4366 igitur
3127 4297 3316 4353 nubes
3346 4313 3587 4354 concre-

1941 4390 2134 4451 scunt,
2165 4383 2244 4438 ibi
2287 4383 2463 4438 etiam
2492 4383 2646 4438 venti
2678 4399 3050 4439 concrescere
3083 4384 3371 4440 videntur.

2009 4474 2062 4528 8.
2098 4473 2164 4528 Et
2197 4474 2215 4506 ⁵
2265 4472 2766 4543 quemadmodum
2809 4476 2986 4543 guttaa
3035 4489 3172 4528 cum
3222 4473 3588 4544 pauxillatim

253 4567 330 4635 η’.
364 4564 465 4620 Καὶ
524 4563 704 4640 ὥσπερ
759 4564 857 4626 τὰς
916 4560 1133 4640 ῥανίδας
1190 4563 1326 4620 κατὰ
1381 4563 1545 4638 μικρά
1595 4583 1834 4618 συνιστα-

1954 4561 2132 4634 primo
2179 4564 2682 4633 coagmentantur,
2735 4560 2943 4616 deinde
2992 4561 3142 4616 inter
3191 4578 3254 4617 se
3307 4563 3590 4618 commis-

179 4656 352 4728 μένας
408 4654 471 4709 τὸ
524 4657 763 4730 πρῶτον,
825 4651 989 4709 ἔπειτ’
1048 4651 1325 4723 ἀλλήλαις
1395 4652 1720 4731 μιγνυμένας
1773 4653 1836 4707 τὸ

172 4742 502 4799 τελευταῖον
560 4741 947 4820 καταφέρεσθαι
993 4741 1127 4813 μετά
1177 4738 1444 4810 πλήθους·
1489 4741 1564 4802 ὡς
1626 4738 1683 4794 δέ
1739 4741 1833 4796 κάν

167 4837 246 4906 τῇ
298 4836 371 4908 γῇ
409 4829 700 4905 κατολίγον
735 4831 797 4885 τὸ
828 4827 975 4905 ὕδωρ
1039 4824 1462 4902 συλλειϐόμενον
1516 4829 1835 4900 νοτιζοόσης

165 4928 280 4990 τῆς
315 4928 443 4996 γῆς,
474 4921 565 4975 καὶ
594 4919 718 4976 τότε
758 4919 1116 4995 συναγόμενον
1175 4918 1252 4981 εἰς
1308 4917 1383 4987 ἓν,
1415 4919 1509 4980 τὰς
1565 4923 1673 4973 τῶν
1731 4939 1837 4974 πο-

169 5012 374 5082 ταμῶν
428 5007 601 5084 ἀρχὰς
656 5006 919 5080 ἐκτελεῖν,
980 5008 1072 5061 τὸν
1134 5005 1292 5060 αὐτὸν
1341 5007 1541 5081 τρόπον
1597 5008 1685 5061 καὶ
1740 5008 1838 5075 τὴν

165 5102 290 5154 τῶν
350 5095 565 5169 ἀνέμων
619 5096 870 5152 σύστασιν
919 5096 1177 5171 γίνεσθαι·
1240 5093 1466 5150 πολλῶν
1540 5098 1642 5170 γὰρ
1717 5096 1840 5150 ἀνα-

167 5187 494 5258 θυμιάσεων
521 5186 660 5241 κατὰ
715 5186 908 5260 μικρὸν
962 5182 1238 5255 ἀλλήλαις
1298 5190 1589 5240 συνιουσῶν
1645 5185 1721 5247 εἷς
1776 5186 1838 5238 τὸ

166 5275 410 5351 φανερὸν
469 5275 523 5328 οἱ
576 5271 768 5347 ἄνεμοι
843 5273 1210 5350 προέρχονται
1293 5273 1542 5347 μέγεθος.
1602 5274 1694 5326 Διὸ
1749 5273 1838 5327 καὶ

167 5362 476 5438 ἐλάχιστοι
533 5364 627 5436 μέν
686 5363 819 5418 εἰσιν
872 5362 990 5425 ὅθεν
1024 5360 1286 5435 ἄρχονται
1315 5361 1505 5416 πίνεινο
1560 5361 1840 5436 προϊόντες

163 5449 221 5509 δ’
287 5447 539 5524 αὔξονται
598 5451 689 5507 καὶ
759 5449 1009 5526 λαμπροὶ
1083 5451 1322 5525 γίνονται
1401 5451 1840 5526 προσγινομένων

163 5539 372 5602 αὐτοῖς
397 5539 808 5614 ἀναθυμιάσεων
843 5539 978 5595 κατὰ
1030 5539 1129 5608 τήν
1189 5539 1263 5600 εἷς
1318 5539 1380 5594 τὸ
1432 5538 1658 5612 πρόσθεν
1714 5539 1842 5615 πρό-

159 5625 312 5686 οδον
362 5629 452 5684 καὶ
502 5627 874 5699 συναυξουσῶν
929 5626 1146 5689 αὐτούς.
1180 5632 1346 5704 Ὅπερ
1393 5627 1524 5683 κάπὶ
1581 5632 1688 5683 τῶν
1750 5648 1842 5703 με·

249 5847 274 5887 ³
311 5861 356 5908 ιι
386 5847 627 5906 lateor.
659 5861 709 5908 c.
740 5847 794 5906 8.
871 5847 893 5884 ⁴
922 5861 960 5905 ιι
994 5844 1229 5904 Meteor.
1262 5859 1313 5908 ο.
1347 5845 1402 5912 4.

1945 4654 2183 4721 centur,
2241 4650 2300 4704 in
2369 4649 2534 4720 copia
2588 4648 2824 4704 tandem
2882 4649 3270 4721 deferuntur;
3328 4655 3386 4706 et
3439 4651 3593 4708 sicut

1945 4756 2099 4808 aqua
2155 4739 2215 4794 in
2269 4743 2424 4793 terra
2481 4735 2700 4793 sensim
2757 4735 3017 4803 stillans,
3077 4737 3384 4794 humorem
3443 4739 3588 4810 [sci-

1947 4827 2102 4900 licet]
2135 4827 2413 4882 fundente
2434 4830 2609 4892 terra,
2632 4829 2690 4879 et
2709 4829 2848 4879 tunc
2871 4824 2927 4878 in
2952 4842 3135 4879 unum
3159 4825 3376 4895 coiens,
3403 4827 3595 4882 ﬂumi-

1947 4933 2090 4972 num
2109 4916 2286 4972 efﬁcit
2301 4914 2620 4986 principia;
2645 4915 2846 4968 eodem
2868 4914 3038 4967 modo
3061 4918 3118 4968 et
3138 4919 3442 4970 ventorum
3460 4932 3594 4972 con-

1949 5006 2128 5061 cretio
2160 5006 2282 5059 ﬁeri
2314 5004 2578 5069 videtur;
2612 5019 2744 5057 cum
2776 5003 2931 5056 enim
2965 5002 3163 5056 multae
3196 5002 3593 5062 exhalationes

1954 5093 2234 5165 paulatim
2266 5109 2589 5163 congressa:
2632 5092 2866 5158 fuerint,
2899 5095 3022 5144 tum
3077 5092 3230 5146 venti
3285 5092 3355 5147 ad
3404 5093 3592 5148 mani-

1950 5187 2159 5238 festam
2229 5179 2695 5250 magnitudinem
2773 5180 3133 5250 perveniunt.
3203 5181 3592 5245 Quamobrem

1950 5271 2122 5328 etiam
2157 5269 2383 5323 minimi
2417 5277 2556 5323 sunt
2597 5268 2695 5333 ibi,
2730 5269 2885 5322 unde
2930 5267 3069 5322 ﬂare
3118 5268 3440 5340 incipiunt;
3492 5271 3594 5326 sed

1952 5375 2266 5432 progressu
2298 5362 2586 5428 augentur
2617 5358 2772 5411 I94
2815 5362 2872 5410 et
2918 5356 3062 5428 largi
3109 5357 3278 5425 fiunt,
3310 5358 3452 5413 dum
3493 5374 3598 5430 per

1951 5454 2178 5504 motum
2227 5447 2286 5500 in
2333 5445 2624 5500 anteriora
2662 5445 3002 5500 accedentes
3045 5444 3440 5501 exhalationes
3487 5463 3597 5501 au-

1952 5543 2089 5609 gent
2119 5536 2298 5608 ipsos.
2329 5535 2490 5598 Quod
2523 5535 2697 5589 etiam
2733 5534 2789 5589 in
2833 5534 3063 5606 magnis
3093 5533 3440 5591 ﬂuminibus
3472 5534 3598 5591 ﬂeri

1953 5627 2327 5700 conspicitur.
2363 5624 2507 5680 Nam
2541 5624 2599 5679 in
2634 5623 2954 5679 ﬂuxionum
2990 5639 3230 5680 suarum
3263 5621 3598 5696 primordiis
