  <div class='ocr_page' id='page_1' title='image "/cluster/home/n/w/nwhite01/storage/ocr_20150623/142/mdp.39015078384792/591.png"; bbox 0 0 4024 6474; ppageno 0'>
   <div class='ocr_carea' id='block_1_1' title="bbox 476 532 633 592">
    <p class='ocr_par' dir='ltr' id='par_1_1' title="bbox 476 532 633 592">
     <span class='ocr_line' id='line_1_1' title="bbox 476 532 633 592; baseline -0.025 0"><span class='ocrx_word' id='word_1_1' title='bbox 476 532 633 592; x_wconf 85' lang='grc'><strong>1167</strong></span> 
     </span>
    </p>
   </div>
   <div class='ocr_carea' id='block_1_2' title="bbox 1729 527 2640 590">
    <p class='ocr_par' dir='ltr' id='par_1_2' title="bbox 1729 527 2640 590">
     <span class='ocr_line' id='line_1_2' title="bbox 1729 527 2640 590; baseline 0.003 -4"><span class='ocrx_word' id='word_1_2' title='bbox 1729 527 2152 588; x_wconf 79' lang='lat' dir='ltr'>NICEPHORI</span> <span class='ocrx_word' id='word_1_3' title='bbox 2197 527 2640 590; x_wconf 69' lang='lat' dir='ltr'>BLEMMIDAE</span> 
     </span>
    </p>
   </div>
   <div class='ocr_carea' id='block_1_3' title="bbox 3737 531 3898 592">
    <p class='ocr_par' dir='ltr' id='par_1_3' title="bbox 3737 531 3898 592">
     <span class='ocr_line' id='line_1_3' title="bbox 3737 531 3898 592; baseline 0.012 -2"><span class='ocrx_word' id='word_1_4' title='bbox 3737 531 3898 592; x_wconf 84' lang='grc'><strong>1168</strong></span> 
     </span>
    </p>
   </div>
   <div class='ocr_carea' id='block_1_4' title="bbox 476 658 2119 738">
    <p class='ocr_par' dir='ltr' id='par_1_4' title="bbox 476 661 2117 734">
     <span class='ocr_line' id='line_1_4' title="bbox 476 661 2117 734; baseline -0.003 -16"><span class='ocrx_word' id='word_1_5' title='bbox 476 679 656 734; x_wconf 86' lang='lat' dir='ltr'>parva</span> <span class='ocrx_word' id='word_1_6' title='bbox 685 667 840 728; x_wconf 91' lang='lat' dir='ltr'>sunt,</span> <span class='ocrx_word' id='word_1_7' title='bbox 874 661 1347 733; x_wconf 80' lang='lat' dir='ltr'>quandoquidem</span> <span class='ocrx_word' id='word_1_8' title='bbox 1395 678 1509 716; x_wconf 92' lang='lat' dir='ltr'>non</span> <span class='ocrx_word' id='word_1_9' title='bbox 1564 676 1749 732; x_wconf 90' lang='lat' dir='ltr'>pauca</span> <span class='ocrx_word' id='word_1_10' title='bbox 1799 675 1999 714; x_wconf 89' lang='lat' dir='ltr'>eorum</span> <span class='ocrx_word' id='word_1_11' title='bbox 2047 675 2117 714; x_wconf 83' lang='lat' dir='ltr'>ex</span> 
     </span>
    </p>
   </div>
   <div class='ocr_carea' id='block_1_5' title="bbox 2233 658 3894 738">
    <p class='ocr_par' dir='ltr' id='par_1_5' title="bbox 2233 658 3894 738">
     <span class='ocr_line' id='line_1_5' title="bbox 2233 658 3894 738; baseline 0.002 -26"><span class='ocrx_word' id='word_1_12' title='bbox 2233 658 2414 732; x_wconf 81' lang='grc' dir='ltr'>γάλων</span> <span class='ocrx_word' id='word_1_13' title='bbox 2466 663 2726 732; x_wconf 78' lang='grc' dir='ltr'>ποταμῶν</span> <span class='ocrx_word' id='word_1_14' title='bbox 2771 658 3055 734; x_wconf 89' lang='grc' dir='ltr'>γινόμενον</span> <span class='ocrx_word' id='word_1_15' title='bbox 3113 681 3374 737; x_wconf 75' lang='grc' dir='ltr'>φαινεται.</span> <span class='ocrx_word' id='word_1_16' title='bbox 3406 662 3588 736; x_wconf 79' lang='grc' dir='ltr'>Μικρά</span> <span class='ocrx_word' id='word_1_17' title='bbox 3631 662 3734 735; x_wconf 74' lang='grc' dir='ltr'>μὲν</span> <span class='ocrx_word' id='word_1_18' title='bbox 3789 661 3894 738; x_wconf 72' lang='grc' dir='ltr'>γάρ</span> 
     </span>
    </p>
   </div>
   <div class='ocr_carea' id='block_1_6' title="bbox 473 749 2117 823">
    <p class='ocr_par' dir='ltr' id='par_1_6' title="bbox 473 749 2117 823">
     <span class='ocr_line' id='line_1_6' title="bbox 473 749 2117 823; baseline -0.002 -17"><span class='ocrx_word' id='word_1_19' title='bbox 473 751 930 823; x_wconf 84' lang='lat' dir='ltr'>scaturiginibus</span> <span class='ocrx_word' id='word_1_20' title='bbox 983 750 1313 821; x_wconf 88' lang='lat' dir='ltr'>incipiunt;</span> <span class='ocrx_word' id='word_1_21' title='bbox 1372 751 1469 805; x_wconf 91' lang='lat' dir='ltr'>sed</span> <span class='ocrx_word' id='word_1_22' title='bbox 1523 766 1836 821; x_wconf 90' lang='lat' dir='ltr'>progressu</span> <span class='ocrx_word' id='word_1_23' title='bbox 1893 749 2117 817; x_wconf 82' lang='lat' dir='ltr'>majora</span> 
     </span>
    </p>
   </div>
   <div class='ocr_carea' id='block_1_7' title="bbox 470 837 1936 910">
    <p class='ocr_par' dir='ltr' id='par_1_7' title="bbox 470 837 1936 910">
     <span class='ocr_line' id='line_1_7' title="bbox 470 837 1936 910; baseline -0.003 -15"><span class='ocrx_word' id='word_1_24' title='bbox 470 841 643 908; x_wconf 87' lang='lat' dir='ltr'>ﬁunt,</span> <span class='ocrx_word' id='word_1_25' title='bbox 675 839 919 894; x_wconf 82' lang='lat' dir='ltr'>diversis</span> <span class='ocrx_word' id='word_1_26' title='bbox 959 839 1016 893; x_wconf 92' lang='lat' dir='ltr'>in</span> <span class='ocrx_word' id='word_1_27' title='bbox 1059 838 1189 910; x_wconf 88' lang='lat' dir='ltr'>ipsa</span> <span class='ocrx_word' id='word_1_28' title='bbox 1231 838 1505 893; x_wconf 89' lang='lat' dir='ltr'>amnibus</span> <span class='ocrx_word' id='word_1_29' title='bbox 1534 837 1936 893; x_wconf 78' lang='lat' dir='ltr'>influentibus.</span> 
     </span>
    </p>
   </div>
   <div class='ocr_carea' id='block_1_8' title="bbox 540 1015 2116 1080">
    <p class='ocr_par' dir='ltr' id='par_1_8' title="bbox 540 1015 2116 1080">
     <span class='ocr_line' id='line_1_8' title="bbox 540 1015 2116 1080; baseline -0.001 -9"><span class='ocrx_word' id='word_1_30' title='bbox 540 1018 594 1071; x_wconf 89' lang='lat'>9.</span> <span class='ocrx_word' id='word_1_31' title='bbox 629 1017 788 1080; x_wconf 87' lang='lat' dir='ltr'>Quod</span> <span class='ocrx_word' id='word_1_32' title='bbox 823 1022 1019 1071; x_wconf 92' lang='lat' dir='ltr'>autem</span> <span class='ocrx_word' id='word_1_33' title='bbox 1054 1033 1167 1071; x_wconf 91' lang='lat' dir='ltr'>non</span> <span class='ocrx_word' id='word_1_34' title='bbox 1199 1033 1266 1070; x_wconf 86' lang='lat' dir='ltr'>ex</span> <span class='ocrx_word' id='word_1_35' title='bbox 1298 1015 1420 1071; x_wconf 91' lang='lat' dir='ltr'>sola</span> <span class='ocrx_word' id='word_1_36' title='bbox 1452 1015 1642 1071; x_wconf 91' lang='lat' dir='ltr'>calida</span> <span class='ocrx_word' id='word_1_37' title='bbox 1671 1020 1728 1071; x_wconf 91' lang='lat' dir='ltr'>et</span> <span class='ocrx_word' id='word_1_38' title='bbox 1757 1017 1912 1071; x_wconf 90' lang='lat' dir='ltr'>sicca</span> <span class='ocrx_word' id='word_1_39' title='bbox 1941 1015 2116 1070; x_wconf 86' lang='lat' dir='ltr'>exha-</span> 
     </span>
    </p>
   </div>
   <div class='ocr_carea' id='block_1_9' title="bbox 470 1105 2115 1177">
    <p class='ocr_par' dir='ltr' id='par_1_9' title="bbox 470 1105 2115 1177">
     <span class='ocr_line' id='line_1_9' title="bbox 470 1105 2115 1177; baseline -0.002 -17"><span class='ocrx_word' id='word_1_40' title='bbox 470 1105 688 1161; x_wconf 81' lang='lat' dir='ltr'>latione</span> <span class='ocrx_word' id='word_1_41' title='bbox 717 1105 904 1160; x_wconf 87' lang='lat' dir='ltr'>ventis</span> <span class='ocrx_word' id='word_1_42' title='bbox 936 1105 1012 1159; x_wconf 89' lang='lat' dir='ltr'>sit</span> <span class='ocrx_word' id='word_1_43' title='bbox 1051 1106 1369 1177; x_wconf 84' lang='lat' dir='ltr'>generatio,</span> <span class='ocrx_word' id='word_1_44' title='bbox 1402 1105 1458 1159; x_wconf 90' lang='lat' dir='ltr'>id</span> <span class='ocrx_word' id='word_1_45' title='bbox 1509 1105 1685 1159; x_wconf 87' lang='lat' dir='ltr'>etiam</span> <span class='ocrx_word' id='word_1_46' title='bbox 1736 1121 1803 1159; x_wconf 85' lang='lat' dir='ltr'>ex</span> <span class='ocrx_word' id='word_1_47' title='bbox 1853 1105 2115 1174; x_wconf 86' lang='lat' dir='ltr'>ipsorum</span> 
     </span>
    </p>
   </div>
   <div class='ocr_carea' id='block_1_10' title="bbox 468 1193 2116 1264">
    <p class='ocr_par' dir='ltr' id='par_1_10' title="bbox 468 1193 2116 1264">
     <span class='ocr_line' id='line_1_10' title="bbox 468 1193 2116 1264; baseline -0.002 -14"><span class='ocrx_word' id='word_1_48' title='bbox 468 1198 630 1250; x_wconf 92' lang='lat' dir='ltr'>motu</span> <span class='ocrx_word' id='word_1_49' title='bbox 663 1194 1038 1248; x_wconf 89' lang='lat' dir='ltr'>manifestum</span> <span class='ocrx_word' id='word_1_50' title='bbox 1081 1198 1204 1259; x_wconf 90' lang='lat' dir='ltr'>est;</span> <span class='ocrx_word' id='word_1_51' title='bbox 1261 1211 1391 1248; x_wconf 86' lang='lat' dir='ltr'>nam</span> <span class='ocrx_word' id='word_1_52' title='bbox 1441 1211 1680 1247; x_wconf 86' lang='lat' dir='ltr'>sursum</span> <span class='ocrx_word' id='word_1_53' title='bbox 1721 1209 1924 1248; x_wconf 88' lang='lat' dir='ltr'>eorum</span> <span class='ocrx_word' id='word_1_54' title='bbox 1955 1193 2116 1264; x_wconf 91' lang='lat' dir='ltr'>quis-</span> 
     </span>
    </p>
   </div>
   <div class='ocr_carea' id='block_1_11' title="bbox 469 1281 2115 1356">
    <p class='ocr_par' dir='ltr' id='par_1_11' title="bbox 469 1281 2115 1356">
     <span class='ocr_line' id='line_1_11' title="bbox 469 1281 2115 1356; baseline -0.001 -18"><span class='ocrx_word' id='word_1_55' title='bbox 469 1299 582 1356; x_wconf 88' lang='lat' dir='ltr'>que</span> <span class='ocrx_word' id='word_1_56' title='bbox 627 1287 977 1348; x_wconf 81' lang='lat' dir='ltr'>moveretur,</span> <span class='ocrx_word' id='word_1_57' title='bbox 1013 1282 1060 1336; x_wconf 84' lang='lat' dir='ltr'>si</span> <span class='ocrx_word' id='word_1_58' title='bbox 1112 1299 1178 1337; x_wconf 83' lang='lat' dir='ltr'>ex</span> <span class='ocrx_word' id='word_1_59' title='bbox 1229 1282 1516 1352; x_wconf 85' lang='lat' dir='ltr'>ejusmodi</span> <span class='ocrx_word' id='word_1_60' title='bbox 1566 1281 1931 1337; x_wconf 80' lang='lat' dir='ltr'>exhalatione</span> <span class='ocrx_word' id='word_1_61' title='bbox 1978 1283 2115 1336; x_wconf 91' lang='lat' dir='ltr'>sub-</span> 
     </span>
    </p>
   </div>
   <div class='ocr_carea' id='block_1_12' title="bbox 470 1371 2116 1428">
    <p class='ocr_par' dir='ltr' id='par_1_12' title="bbox 470 1371 2116 1428">
     <span class='ocr_line' id='line_1_12' title="bbox 470 1371 2116 1428; baseline -0.002 0"><span class='ocrx_word' id='word_1_62' title='bbox 470 1373 749 1428; x_wconf 82' lang='lat' dir='ltr'>stantiam</span> <span class='ocrx_word' id='word_1_63' title='bbox 781 1371 1040 1425; x_wconf 84' lang='lat' dir='ltr'>haberet.</span> <span class='ocrx_word' id='word_1_64' title='bbox 1073 1371 1204 1425; x_wconf 86' lang='lat' dir='ltr'>Jam</span> <span class='ocrx_word' id='word_1_65' title='bbox 1248 1377 1444 1426; x_wconf 90' lang='lat' dir='ltr'>autem</span> <span class='ocrx_word' id='word_1_66' title='bbox 1497 1371 1762 1425; x_wconf 87' lang='lat' dir='ltr'>omnium</span> <span class='ocrx_word' id='word_1_67' title='bbox 1812 1376 2116 1426; x_wconf 84' lang='lat' dir='ltr'>ventorum</span> 
     </span>
    </p>
   </div>
   <div class='ocr_carea' id='block_1_13' title="bbox 472 1459 1938 1531">
    <p class='ocr_par' dir='ltr' id='par_1_13' title="bbox 472 1459 1938 1531">
     <span class='ocr_line' id='line_1_13' title="bbox 472 1459 1938 1531; baseline -0.001 -16"><span class='ocrx_word' id='word_1_68' title='bbox 472 1464 668 1515; x_wconf 90' lang='lat' dir='ltr'>motus</span> <span class='ocrx_word' id='word_1_69' title='bbox 699 1461 755 1513; x_wconf 91' lang='lat' dir='ltr'>in</span> <span class='ocrx_word' id='word_1_70' title='bbox 787 1459 940 1514; x_wconf 89' lang='lat' dir='ltr'>latus</span> <span class='ocrx_word' id='word_1_71' title='bbox 971 1459 1408 1530; x_wconf 87' lang='lat' dir='ltr'>quodammodo</span> <span class='ocrx_word' id='word_1_72' title='bbox 1441 1465 1495 1512; x_wconf 92' lang='lat' dir='ltr'>et</span> <span class='ocrx_word' id='word_1_73' title='bbox 1526 1460 1800 1531; x_wconf 91' lang='lat' dir='ltr'>obliquus</span> <span class='ocrx_word' id='word_1_74' title='bbox 1829 1465 1938 1514; x_wconf 89' lang='lat' dir='ltr'>est.</span> 
     </span>
    </p>
   </div>
   <div class='ocr_carea' id='block_1_14' title="bbox 547 1548 2119 1620">
    <p class='ocr_par' dir='ltr' id='par_1_14' title="bbox 547 1548 2119 1620">
     <span class='ocr_line' id='line_1_14' title="bbox 547 1548 2119 1620; baseline 0 -18"><span class='ocrx_word' id='word_1_75' title='bbox 547 1550 632 1602; x_wconf 90' lang='grc'>10.</span> <span class='ocrx_word' id='word_1_76' title='bbox 667 1552 883 1604; x_wconf 89' lang='lat' dir='ltr'>Omnes</span> <span class='ocrx_word' id='word_1_77' title='bbox 917 1565 1086 1620; x_wconf 89' lang='lat' dir='ltr'>porro</span> <span class='ocrx_word' id='word_1_78' title='bbox 1118 1548 1271 1602; x_wconf 90' lang='lat' dir='ltr'>venti</span> <span class='ocrx_word' id='word_1_79' title='bbox 1304 1549 1323 1580; x_wconf 85' lang='grc'><strong><em>⁵</em></strong></span> <span class='ocrx_word' id='word_1_80' title='bbox 1372 1548 1470 1618; x_wconf 87' lang='lat' dir='ltr'>qui</span> <span class='ocrx_word' id='word_1_81' title='bbox 1506 1549 1649 1602; x_wconf 85' lang='lat' dir='ltr'>ﬂant</span> <span class='ocrx_word' id='word_1_82' title='bbox 1677 1549 1986 1603; x_wconf 89' lang='lat' dir='ltr'>duodecim</span> <span class='ocrx_word' id='word_1_83' title='bbox 2018 1549 2119 1602; x_wconf 89' lang='lat' dir='ltr'>ob-</span> 
     </span>
    </p>
   </div>
   <div class='ocr_carea' id='block_1_15' title="bbox 473 1635 2116 1709">
    <p class='ocr_par' dir='ltr' id='par_1_15' title="bbox 473 1635 2116 1709">
     <span class='ocr_line' id='line_1_15' title="bbox 473 1635 2116 1709; baseline -0.002 -15"><span class='ocrx_word' id='word_1_84' title='bbox 473 1642 813 1703; x_wconf 80' lang='lat' dir='ltr'>servantur;</span> <span class='ocrx_word' id='word_1_85' title='bbox 870 1637 942 1692; x_wconf 89' lang='lat' dir='ltr'>ab</span> <span class='ocrx_word' id='word_1_86' title='bbox 991 1642 1116 1690; x_wconf 91' lang='lat' dir='ltr'>ortu</span> <span class='ocrx_word' id='word_1_87' title='bbox 1171 1636 1562 1706; x_wconf 67' lang='lat' dir='ltr'>aequinoctiali</span> <span class='ocrx_word' id='word_1_88' title='bbox 1608 1635 1983 1706; x_wconf 86' lang='lat' dir='ltr'>subsolanus,</span> <span class='ocrx_word' id='word_1_89' title='bbox 2017 1637 2116 1709; x_wconf 87' lang='lat' dir='ltr'>qui</span> 
     </span>
    </p>
   </div>
   <div class='ocr_carea' id='block_1_16' title="bbox 473 1725 2117 1799">
    <p class='ocr_par' dir='ltr' id='par_1_16' title="bbox 473 1725 2117 1799">
     <span class='ocr_line' id='line_1_16' title="bbox 473 1725 2117 1799; baseline -0.001 -17"><span class='ocrx_word' id='word_1_90' title='bbox 473 1728 626 1799; x_wconf 89' lang='lat' dir='ltr'>apud</span> <span class='ocrx_word' id='word_1_91' title='bbox 669 1725 895 1780; x_wconf 89' lang='lat' dir='ltr'>Siculos</span> <span class='ocrx_word' id='word_1_92' title='bbox 953 1725 1393 1796; x_wconf 87' lang='lat' dir='ltr'>hcllespontias,</span> <span class='ocrx_word' id='word_1_93' title='bbox 1439 1726 1593 1796; x_wconf 90' lang='lat' dir='ltr'>apud</span> <span class='ocrx_word' id='word_1_94' title='bbox 1643 1726 1945 1780; x_wconf 62' lang='lat' dir='ltr'>Phoenices</span> <span class='ocrx_word' id='word_1_95' title='bbox 1993 1743 2117 1780; x_wconf 91' lang='lat' dir='ltr'>car-</span> 
     </span>
    </p>
   </div>
   <div class='ocr_carea' id='block_1_17' title="bbox 473 1814 2116 1886">
    <p class='ocr_par' dir='ltr' id='par_1_17' title="bbox 473 1814 2116 1886">
     <span class='ocr_line' id='line_1_17' title="bbox 473 1814 2116 1886; baseline -0.001 -16"><span class='ocrx_word' id='word_1_96' title='bbox 473 1816 677 1881; x_wconf 88' lang='lat' dir='ltr'>nabas,</span> <span class='ocrx_word' id='word_1_97' title='bbox 729 1815 880 1886; x_wconf 86' lang='lat' dir='ltr'>apud</span> <span class='ocrx_word' id='word_1_98' title='bbox 935 1814 1159 1868; x_wconf 84' lang='lat' dir='ltr'>accolas</span> <span class='ocrx_word' id='word_1_99' title='bbox 1206 1814 1366 1868; x_wconf 84' lang='lat' dir='ltr'>Ponti</span> <span class='ocrx_word' id='word_1_100' title='bbox 1421 1815 1784 1884; x_wconf 74' lang='lat' dir='ltr'>berecyntias</span> <span class='ocrx_word' id='word_1_101' title='bbox 1838 1821 2116 1881; x_wconf 81' lang='lat' dir='ltr'>vocatur;</span> 
     </span>
    </p>
   </div>
   <div class='ocr_carea' id='block_1_18' title="bbox 472 1903 2118 1975">
    <p class='ocr_par' dir='ltr' id='par_1_18' title="bbox 472 1903 2118 1975">
     <span class='ocr_line' id='line_1_18' title="bbox 472 1903 2118 1975; baseline -0.002 -15"><span class='ocrx_word' id='word_1_102' title='bbox 472 1906 545 1960; x_wconf 91' lang='lat' dir='ltr'>ab</span> <span class='ocrx_word' id='word_1_103' title='bbox 576 1921 782 1960; x_wconf 85' lang='lat' dir='ltr'>occasu</span> <span class='ocrx_word' id='word_1_104' title='bbox 815 1903 1226 1975; x_wconf 58' lang='lat' dir='ltr'>aequinoctiali,</span> <span class='ocrx_word' id='word_1_105' title='bbox 1251 1904 1558 1974; x_wconf 75' lang='lat' dir='ltr'>zephyrus,</span> <span class='ocrx_word' id='word_1_106' title='bbox 1589 1903 1788 1958; x_wconf 83' lang='lat' dir='ltr'>Latine</span> <span class='ocrx_word' id='word_1_107' title='bbox 1820 1904 2118 1969; x_wconf 84' lang='lat' dir='ltr'>favonius;</span> 
     </span>
    </p>
   </div>
   <div class='ocr_carea' id='block_1_19' title="bbox 473 1993 2118 2064">
    <p class='ocr_par' dir='ltr' id='par_1_19' title="bbox 473 1993 2118 2064">
     <span class='ocr_line' id='line_1_19' title="bbox 473 1993 2118 2064; baseline -0.001 -16"><span class='ocrx_word' id='word_1_108' title='bbox 473 1993 543 2048; x_wconf 92' lang='lat' dir='ltr'>ab</span> <span class='ocrx_word' id='word_1_109' title='bbox 575 1997 704 2048; x_wconf 89' lang='lat' dir='ltr'>ortu</span> <span class='ocrx_word' id='word_1_110' title='bbox 737 1993 934 2047; x_wconf 68' lang='lat' dir='ltr'>aestivo</span> <span class='ocrx_word' id='word_1_111' title='bbox 965 1993 1205 2058; x_wconf 75' lang='lat' dir='ltr'>caecias;</span> <span class='ocrx_word' id='word_1_112' title='bbox 1253 1994 1323 2047; x_wconf 91' lang='lat' dir='ltr'>ab</span> <span class='ocrx_word' id='word_1_113' title='bbox 1364 2008 1571 2046; x_wconf 88' lang='lat' dir='ltr'>occasu</span> <span class='ocrx_word' id='word_1_114' title='bbox 1605 1993 1803 2048; x_wconf 83' lang='lat' dir='ltr'>aestivo</span> <span class='ocrx_word' id='word_1_115' title='bbox 1838 1997 2118 2064; x_wconf 83' lang='lat' dir='ltr'>argestes,</span> 
     </span>
    </p>
   </div>
   <div class='ocr_carea' id='block_1_20' title="bbox 475 2079 2119 2152">
    <p class='ocr_par' dir='ltr' id='par_1_20' title="bbox 475 2079 2119 2152">
     <span class='ocr_line' id='line_1_20' title="bbox 475 2079 2119 2152; baseline -0.001 -15"><span class='ocrx_word' id='word_1_116' title='bbox 475 2083 676 2138; x_wconf 82' lang='lat' dir='ltr'>Latine</span> <span class='ocrx_word' id='word_1_117' title='bbox 706 2099 900 2148; x_wconf 91' lang='lat' dir='ltr'>corus,</span> <span class='ocrx_word' id='word_1_118' title='bbox 931 2081 1029 2151; x_wconf 90' lang='lat' dir='ltr'>qui</span> <span class='ocrx_word' id='word_1_119' title='bbox 1061 2086 1117 2134; x_wconf 89' lang='lat' dir='ltr'>et</span> <span class='ocrx_word' id='word_1_120' title='bbox 1147 2079 1432 2151; x_wconf 77' lang='lat' dir='ltr'>Olympias</span> <span class='ocrx_word' id='word_1_121' title='bbox 1474 2086 1529 2135; x_wconf 90' lang='lat' dir='ltr'>et</span> <span class='ocrx_word' id='word_1_122' title='bbox 1571 2080 1741 2152; x_wconf 78' lang='lat' dir='ltr'>iapyx</span> <span class='ocrx_word' id='word_1_123' title='bbox 1788 2086 1844 2135; x_wconf 91' lang='lat' dir='ltr'>et</span> <span class='ocrx_word' id='word_1_124' title='bbox 1895 2081 2119 2136; x_wconf 91' lang='lat' dir='ltr'>scirron</span> 
     </span>
    </p>
   </div>
   <div class='ocr_carea' id='block_1_21' title="bbox 473 2169 2118 2246">
    <p class='ocr_par' dir='ltr' id='par_1_21' title="bbox 473 2169 2118 2246">
     <span class='ocr_line' id='line_1_21' title="bbox 473 2169 2118 2246; baseline -0.001 -20"><span class='ocrx_word' id='word_1_125' title='bbox 473 2171 850 2236; x_wconf 89' lang='lat' dir='ltr'>nominatur;</span> <span class='ocrx_word' id='word_1_126' title='bbox 897 2171 969 2224; x_wconf 91' lang='lat' dir='ltr'>ab</span> <span class='ocrx_word' id='word_1_127' title='bbox 1017 2174 1144 2224; x_wconf 89' lang='lat' dir='ltr'>ortu</span> <span class='ocrx_word' id='word_1_128' title='bbox 1191 2169 1453 2246; x_wconf 82' lang='lat' dir='ltr'>hiberno,</span> <span class='ocrx_word' id='word_1_129' title='bbox 1487 2186 1685 2236; x_wconf 89' lang='lat' dir='ltr'>eurus,</span> <span class='ocrx_word' id='word_1_130' title='bbox 1721 2169 1865 2224; x_wconf 88' lang='lat' dir='ltr'>alias</span> <span class='ocrx_word' id='word_1_131' title='bbox 1914 2170 2118 2224; x_wconf 90' lang='lat' dir='ltr'>Latine</span> 
     </span>
    </p>
   </div>
   <div class='ocr_carea' id='block_1_22' title="bbox 472 2257 2115 2326">
    <p class='ocr_par' dir='ltr' id='par_1_22' title="bbox 472 2257 2115 2326">
     <span class='ocr_line' id='line_1_22' title="bbox 472 2257 2115 2326; baseline -0.002 -11"><span class='ocrx_word' id='word_1_132' title='bbox 472 2258 786 2315; x_wconf 86' lang='lat' dir='ltr'>vulturnus</span> <span class='ocrx_word' id='word_1_133' title='bbox 815 2276 828 2325; x_wconf 94' lang='lat'>;</span> <span class='ocrx_word' id='word_1_134' title='bbox 862 2259 932 2312; x_wconf 89' lang='lat' dir='ltr'>ab</span> <span class='ocrx_word' id='word_1_135' title='bbox 963 2274 1172 2312; x_wconf 89' lang='lat' dir='ltr'>occasu</span> <span class='ocrx_word' id='word_1_136' title='bbox 1204 2257 1466 2323; x_wconf 91' lang='lat' dir='ltr'>hiberno,</span> <span class='ocrx_word' id='word_1_137' title='bbox 1505 2258 1636 2326; x_wconf 90' lang='lat' dir='ltr'>libs,</span> <span class='ocrx_word' id='word_1_138' title='bbox 1671 2257 1814 2312; x_wconf 89' lang='lat' dir='ltr'>alias</span> <span class='ocrx_word' id='word_1_139' title='bbox 1855 2258 2070 2312; x_wconf 87' lang='lat' dir='ltr'>africus</span> <span class='ocrx_word' id='word_1_140' title='bbox 2102 2301 2115 2326; x_wconf 94' lang='lat'>,</span> 
     </span>
    </p>
   </div>
   <div class='ocr_carea' id='block_1_23' title="bbox 475 2346 2119 2418">
    <p class='ocr_par' dir='ltr' id='par_1_23' title="bbox 475 2346 2119 2418">
     <span class='ocr_line' id='line_1_23' title="bbox 475 2346 2119 2418; baseline -0.002 -14"><span class='ocrx_word' id='word_1_141' title='bbox 475 2365 508 2404; x_wconf 88' lang='lat' dir='ltr'>a</span> <span class='ocrx_word' id='word_1_142' title='bbox 551 2346 693 2403; x_wconf 90' lang='lat' dir='ltr'>locis</span> <span class='ocrx_word' id='word_1_143' title='bbox 723 2348 893 2418; x_wconf 84' lang='lat' dir='ltr'>juxta</span> <span class='ocrx_word' id='word_1_144' title='bbox 922 2351 1150 2401; x_wconf 89' lang='lat' dir='ltr'>arctum</span> <span class='ocrx_word' id='word_1_145' title='bbox 1183 2347 1460 2416; x_wconf 83' lang='lat' dir='ltr'>[ursam],</span> <span class='ocrx_word' id='word_1_146' title='bbox 1494 2346 1721 2411; x_wconf 89' lang='lat' dir='ltr'>boreas,</span> <span class='ocrx_word' id='word_1_147' title='bbox 1756 2347 1855 2417; x_wconf 92' lang='lat' dir='ltr'>qui</span> <span class='ocrx_word' id='word_1_148' title='bbox 1891 2347 2119 2418; x_wconf 88' lang='lat' dir='ltr'>pr0prie</span> 
     </span>
    </p>
   </div>
   <div class='ocr_carea' id='block_1_24' title="bbox 474 2434 2120 2508">
    <p class='ocr_par' dir='ltr' id='par_1_24' title="bbox 474 2434 2120 2508">
     <span class='ocr_line' id='line_1_24' title="bbox 474 2434 2120 2508; baseline -0.004 -14"><span class='ocrx_word' id='word_1_149' title='bbox 474 2438 624 2494; x_wconf 75' lang='lat'>195</span> <span class='ocrx_word' id='word_1_150' title='bbox 660 2435 977 2508; x_wconf 88' lang='lat' dir='ltr'>septentrio</span> <span class='ocrx_word' id='word_1_151' title='bbox 1024 2435 1271 2502; x_wconf 89' lang='lat' dir='ltr'>dicitur;</span> <span class='ocrx_word' id='word_1_152' title='bbox 1325 2435 1395 2488; x_wconf 91' lang='lat' dir='ltr'>ab</span> <span class='ocrx_word' id='word_1_153' title='bbox 1455 2435 1525 2489; x_wconf 89' lang='lat' dir='ltr'>iis</span> <span class='ocrx_word' id='word_1_154' title='bbox 1573 2434 1674 2505; x_wconf 90' lang='lat' dir='ltr'>qui</span> <span class='ocrx_word' id='word_1_155' title='bbox 1729 2436 1885 2490; x_wconf 89' lang='lat' dir='ltr'>circa</span> <span class='ocrx_word' id='word_1_156' title='bbox 1940 2435 2120 2490; x_wconf 89' lang='lat' dir='ltr'>meri-</span> 
     </span>
    </p>
   </div>
   <div class='ocr_carea' id='block_1_25' title="bbox 475 2524 2119 2595">
    <p class='ocr_par' dir='ltr' id='par_1_25' title="bbox 475 2524 2119 2595">
     <span class='ocr_line' id='line_1_25' title="bbox 475 2524 2119 2595; baseline -0.002 -14"><span class='ocrx_word' id='word_1_157' title='bbox 475 2527 654 2594; x_wconf 92' lang='lat' dir='ltr'>diem,</span> <span class='ocrx_word' id='word_1_158' title='bbox 709 2529 902 2592; x_wconf 85' lang='lat' dir='ltr'>notus,</span> <span class='ocrx_word' id='word_1_159' title='bbox 955 2524 1232 2579; x_wconf 81' lang='lat' dir='ltr'>Romanis</span> <span class='ocrx_word' id='word_1_160' title='bbox 1280 2530 1513 2590; x_wconf 91' lang='lat' dir='ltr'>auster;</span> <span class='ocrx_word' id='word_1_161' title='bbox 1566 2525 1716 2578; x_wconf 89' lang='lat' dir='ltr'>inter</span> <span class='ocrx_word' id='word_1_162' title='bbox 1770 2524 2119 2595; x_wconf 86' lang='lat' dir='ltr'>septentrio-</span> 
     </span>
    </p>
   </div>
   <div class='ocr_carea' id='block_1_26' title="bbox 475 2612 2119 2684">
    <p class='ocr_par' dir='ltr' id='par_1_26' title="bbox 475 2612 2119 2684">
     <span class='ocr_line' id='line_1_26' title="bbox 475 2612 2119 2684; baseline -0.002 -14"><span class='ocrx_word' id='word_1_163' title='bbox 475 2631 610 2670; x_wconf 88' lang='lat' dir='ltr'>nem</span> <span class='ocrx_word' id='word_1_164' title='bbox 641 2619 698 2670; x_wconf 90' lang='lat' dir='ltr'>et</span> <span class='ocrx_word' id='word_1_165' title='bbox 729 2631 929 2669; x_wconf 90' lang='lat' dir='ltr'>eorum</span> <span class='ocrx_word' id='word_1_166' title='bbox 963 2614 1286 2679; x_wconf 89' lang='lat' dir='ltr'>thrascias;</span> <span class='ocrx_word' id='word_1_167' title='bbox 1324 2612 1476 2667; x_wconf 88' lang='lat' dir='ltr'>inter</span> <span class='ocrx_word' id='word_1_168' title='bbox 1505 2613 1736 2667; x_wconf 69' lang='lat' dir='ltr'>caeciam</span> <span class='ocrx_word' id='word_1_169' title='bbox 1777 2617 1834 2666; x_wconf 92' lang='lat' dir='ltr'>et</span> <span class='ocrx_word' id='word_1_170' title='bbox 1889 2616 2119 2684; x_wconf 88' lang='lat' dir='ltr'>septen-</span> 
     </span>
    </p>
   </div>
   <div class='ocr_carea' id='block_1_27' title="bbox 474 2700 2122 2774">
    <p class='ocr_par' dir='ltr' id='par_1_27' title="bbox 474 2700 2122 2774">
     <span class='ocr_line' id='line_1_27' title="bbox 474 2700 2122 2774; baseline -0.002 -15"><span class='ocrx_word' id='word_1_171' title='bbox 474 2704 723 2759; x_wconf 87' lang='lat' dir='ltr'>trionem</span> <span class='ocrx_word' id='word_1_172' title='bbox 757 2703 856 2774; x_wconf 91' lang='lat' dir='ltr'>qui</span> <span class='ocrx_word' id='word_1_173' title='bbox 890 2719 1078 2757; x_wconf 92' lang='lat' dir='ltr'>meses</span> <span class='ocrx_word' id='word_1_174' title='bbox 1111 2706 1382 2768; x_wconf 88' lang='lat' dir='ltr'>vocatur;</span> <span class='ocrx_word' id='word_1_175' title='bbox 1416 2718 1588 2773; x_wconf 86' lang='lat' dir='ltr'>quem</span> <span class='ocrx_word' id='word_1_176' title='bbox 1611 2700 1846 2772; x_wconf 88' lang='lat' dir='ltr'>quidem</span> <span class='ocrx_word' id='word_1_177' title='bbox 1881 2718 2122 2756; x_wconf 88' lang='lat' dir='ltr'>consue-</span> 
     </span>
    </p>
   </div>
   <div class='ocr_carea' id='block_1_28' title="bbox 477 2790 2119 2862">
    <p class='ocr_par' dir='ltr' id='par_1_28' title="bbox 477 2790 2119 2862">
     <span class='ocr_line' id='line_1_28' title="bbox 477 2790 2119 2862; baseline -0.003 -13"><span class='ocrx_word' id='word_1_178' title='bbox 477 2797 537 2849; x_wconf 89' lang='lat' dir='ltr'>to</span> <span class='ocrx_word' id='word_1_179' title='bbox 589 2809 750 2848; x_wconf 89' lang='lat' dir='ltr'>more</span> <span class='ocrx_word' id='word_1_180' title='bbox 808 2792 1043 2847; x_wconf 90' lang='lat' dir='ltr'>boream</span> <span class='ocrx_word' id='word_1_181' title='bbox 1092 2791 1178 2846; x_wconf 90' lang='lat' dir='ltr'>vel</span> <span class='ocrx_word' id='word_1_182' title='bbox 1229 2790 1562 2861; x_wconf 88' lang='lat' dir='ltr'>aquilonem</span> <span class='ocrx_word' id='word_1_183' title='bbox 1621 2791 1814 2861; x_wconf 86' lang='lat' dir='ltr'>potius</span> <span class='ocrx_word' id='word_1_184' title='bbox 1864 2790 2119 2862; x_wconf 84' lang='lat' dir='ltr'>appella-</span> 
     </span>
    </p>
   </div>
   <div class='ocr_carea' id='block_1_29' title="bbox 477 2879 2122 2950">
    <p class='ocr_par' dir='ltr' id='par_1_29' title="bbox 477 2879 2122 2950">
     <span class='ocr_line' id='line_1_29' title="bbox 477 2879 2122 2950; baseline -0.002 -12"><span class='ocrx_word' id='word_1_185' title='bbox 477 2900 649 2950; x_wconf 89' lang='lat' dir='ltr'>mus;</span> <span class='ocrx_word' id='word_1_186' title='bbox 685 2883 838 2937; x_wconf 90' lang='lat' dir='ltr'>inter</span> <span class='ocrx_word' id='word_1_187' title='bbox 887 2885 1154 2936; x_wconf 89' lang='lat' dir='ltr'>austrum</span> <span class='ocrx_word' id='word_1_188' title='bbox 1202 2886 1259 2934; x_wconf 89' lang='lat' dir='ltr'>et</span> <span class='ocrx_word' id='word_1_189' title='bbox 1307 2879 1552 2934; x_wconf 89' lang='lat' dir='ltr'>africum</span> <span class='ocrx_word' id='word_1_190' title='bbox 1603 2879 1919 2950; x_wconf 89' lang='lat' dir='ltr'>libonotus,</span> <span class='ocrx_word' id='word_1_191' title='bbox 1952 2880 2122 2950; x_wconf 89' lang='lat' dir='ltr'>quasi</span> 
     </span>
    </p>
   </div>
   <div class='ocr_carea' id='block_1_30' title="bbox 2229 747 3897 826">
    <p class='ocr_par' dir='ltr' id='par_1_30' title="bbox 2229 747 3897 826">
     <span class='ocr_line' id='line_1_30' title="bbox 2229 747 3897 826; baseline 0.001 -25"><span class='ocrx_word' id='word_1_192' title='bbox 2229 747 2358 801; x_wconf 85' lang='grc' dir='ltr'>εἰσιν</span> <span class='ocrx_word' id='word_1_193' title='bbox 2393 747 2444 802; x_wconf 81' lang='grc' dir='ltr'>ἐν</span> <span class='ocrx_word' id='word_1_194' title='bbox 2470 754 2587 809; x_wconf 87' lang='grc' dir='ltr'>ταῖς</span> <span class='ocrx_word' id='word_1_195' title='bbox 2617 753 2722 801; x_wconf 91' lang='grc' dir='ltr'>τῶν</span> <span class='ocrx_word' id='word_1_196' title='bbox 2771 748 2970 823; x_wconf 76' lang='grc' dir='ltr'>ῥύσεων</span> <span class='ocrx_word' id='word_1_197' title='bbox 3023 750 3242 824; x_wconf 79' lang='grc' dir='ltr'>ἀρχαῖς,</span> <span class='ocrx_word' id='word_1_198' title='bbox 3273 749 3489 826; x_wconf 77' lang='grc' dir='ltr'>ἐπείπερ</span> <span class='ocrx_word' id='word_1_199' title='bbox 3545 749 3646 805; x_wconf 73' lang='grc' dir='ltr'>οὐκ</span> <span class='ocrx_word' id='word_1_200' title='bbox 3703 750 3897 826; x_wconf 79' lang='grc' dir='ltr'>ὀλίγοι</span> 
     </span>
    </p>
   </div>
   <div class='ocr_carea' id='block_1_31' title="bbox 2228 836 3892 915">
    <p class='ocr_par' dir='ltr' id='par_1_31' title="bbox 2228 836 3892 915">
     <span class='ocr_line' id='line_1_31' title="bbox 2228 836 3892 915; baseline 0.002 -26"><span class='ocrx_word' id='word_1_201' title='bbox 2228 836 2400 890; x_wconf 69' lang='grc' dir='ltr'>αὐτῶν</span> <span class='ocrx_word' id='word_1_202' title='bbox 2453 836 2503 891; x_wconf 82' lang='grc' dir='ltr'>ἐν</span> <span class='ocrx_word' id='word_1_203' title='bbox 2555 841 2767 912; x_wconf 88' lang='grc' dir='ltr'>κρηνῶν</span> <span class='ocrx_word' id='word_1_204' title='bbox 2818 838 3103 912; x_wconf 84' lang='grc' dir='ltr'>ἄρχονται·</span> <span class='ocrx_word' id='word_1_205' title='bbox 3163 839 3446 914; x_wconf 78' lang='grc' dir='ltr'>προϊόντες</span> <span class='ocrx_word' id='word_1_206' title='bbox 3515 836 3575 894; x_wconf 77' lang='grc' dir='ltr'>δὶ</span> <span class='ocrx_word' id='word_1_207' title='bbox 3648 840 3892 915; x_wconf 71' lang='grc' dir='ltr'>μεγεθύο</span> 
     </span>
    </p>
   </div>
   <div class='ocr_carea' id='block_1_32' title="bbox 2225 923 3715 1003">
    <p class='ocr_par' dir='ltr' id='par_1_32' title="bbox 2225 923 3715 1003">
     <span class='ocr_line' id='line_1_32' title="bbox 2225 923 3715 1003; baseline 0.002 -23"><span class='ocrx_word' id='word_1_208' title='bbox 2225 947 2407 980; x_wconf 85' lang='grc' dir='ltr'>νονται</span> <span class='ocrx_word' id='word_1_209' title='bbox 2440 924 2710 1003; x_wconf 63' lang='grc' dir='ltr'>διαφόρων</span> <span class='ocrx_word' id='word_1_210' title='bbox 2747 926 3026 1001; x_wconf 76' lang='grc' dir='ltr'>ῥευμάτων</span> <span class='ocrx_word' id='word_1_211' title='bbox 3062 923 3464 983; x_wconf 78' lang='grc' dir='ltr'>εἰσϐαλλόντων</span> <span class='ocrx_word' id='word_1_212' title='bbox 3497 928 3715 990; x_wconf 80' lang='grc' dir='ltr'>αὐτοῖς.</span> 
     </span>
    </p>
   </div>
   <div class='ocr_carea' id='block_1_33' title="bbox 2297 1011 3895 1090">
    <p class='ocr_par' dir='ltr' id='par_1_33' title="bbox 2297 1011 3895 1090">
     <span class='ocr_line' id='line_1_33' title="bbox 2297 1011 3895 1090; baseline 0.002 -24"><span class='ocrx_word' id='word_1_213' title='bbox 2297 1014 2360 1068; x_wconf 80' lang='grc' dir='ltr'>θ’.</span> <span class='ocrx_word' id='word_1_214' title='bbox 2387 1016 2504 1068; x_wconf 88' lang='grc' dir='ltr'>Ὅτι</span> <span class='ocrx_word' id='word_1_215' title='bbox 2559 1011 2614 1067; x_wconf 77' lang='grc' dir='ltr'>δὲ</span> <span class='ocrx_word' id='word_1_216' title='bbox 2662 1012 2760 1067; x_wconf 74' lang='grc' dir='ltr'>οὐκ</span> <span class='ocrx_word' id='word_1_217' title='bbox 2808 1013 2866 1068; x_wconf 82' lang='grc' dir='ltr'>ἐκ</span> <span class='ocrx_word' id='word_1_218' title='bbox 2922 1013 3092 1085; x_wconf 80' lang='grc' dir='ltr'>μόνης</span> <span class='ocrx_word' id='word_1_219' title='bbox 3143 1022 3349 1089; x_wconf 84' lang='grc' dir='ltr'>θερμῆς</span> <span class='ocrx_word' id='word_1_220' title='bbox 3407 1016 3496 1069; x_wconf 83' lang='grc' dir='ltr'>καὶ</span> <span class='ocrx_word' id='word_1_221' title='bbox 3540 1015 3717 1090; x_wconf 75' lang='grc' dir='ltr'>ξηρᾶς</span> <span class='ocrx_word' id='word_1_222' title='bbox 3764 1015 3895 1069; x_wconf 85' lang='grc' dir='ltr'>ἀνα-</span> 
     </span>
    </p>
   </div>
   <div class='ocr_carea' id='block_1_34' title="bbox 2227 1101 3896 1176">
    <p class='ocr_par' dir='ltr' id='par_1_34' title="bbox 2227 1101 3896 1176">
     <span class='ocr_line' id='line_1_34' title="bbox 2227 1101 3896 1176; baseline 0.002 -22"><span class='ocrx_word' id='word_1_223' title='bbox 2227 1102 2531 1172; x_wconf 73' lang='grc' dir='ltr'>θυμιάσεως</span> <span class='ocrx_word' id='word_1_224' title='bbox 2579 1107 2694 1163; x_wconf 90' lang='grc' dir='ltr'>τοῖς</span> <span class='ocrx_word' id='word_1_225' title='bbox 2743 1101 2964 1174; x_wconf 90' lang='grc' dir='ltr'>ἀνέμοις</span> <span class='ocrx_word' id='word_1_226' title='bbox 3016 1105 3050 1171; x_wconf 72' lang='grc' dir='ltr'>ἡ</span> <span class='ocrx_word' id='word_1_227' title='bbox 3102 1101 3328 1176; x_wconf 88' lang='grc' dir='ltr'>γένεσις,</span> <span class='ocrx_word' id='word_1_228' title='bbox 3359 1104 3450 1157; x_wconf 83' lang='grc' dir='ltr'>καὶ</span> <span class='ocrx_word' id='word_1_229' title='bbox 3500 1103 3607 1158; x_wconf 86' lang='grc' dir='ltr'>ἀπὸ</span> <span class='ocrx_word' id='word_1_230' title='bbox 3653 1109 3767 1174; x_wconf 82' lang='grc' dir='ltr'>τῆς</span> <span class='ocrx_word' id='word_1_231' title='bbox 3801 1103 3896 1158; x_wconf 76' lang='grc' dir='ltr'>αὖ·</span> 
     </span>
    </p>
   </div>
   <div class='ocr_carea' id='block_1_35' title="bbox 2225 1189 3893 1267">
    <p class='ocr_par' dir='ltr' id='par_1_35' title="bbox 2225 1189 3893 1267">
     <span class='ocr_line' id='line_1_35' title="bbox 2225 1189 3893 1267; baseline 0 -23"><span class='ocrx_word' id='word_1_232' title='bbox 2225 1194 2332 1244; x_wconf 90' lang='grc' dir='ltr'>τῶν</span> <span class='ocrx_word' id='word_1_233' title='bbox 2364 1193 2627 1261; x_wconf 77' lang='grc' dir='ltr'>κινήσεως</span> <span class='ocrx_word' id='word_1_234' title='bbox 2660 1192 2961 1266; x_wconf 72' lang='grc' dir='ltr'>γνώριμονι</span> <span class='ocrx_word' id='word_1_235' title='bbox 3016 1189 3126 1245; x_wconf 76' lang='grc' dir='ltr'>ἄνω</span> <span class='ocrx_word' id='word_1_236' title='bbox 3155 1194 3258 1267; x_wconf 76' lang='grc' dir='ltr'>γὰρ</span> <span class='ocrx_word' id='word_1_237' title='bbox 3309 1191 3366 1246; x_wconf 73' lang='grc' dir='ltr'>ἃν</span> <span class='ocrx_word' id='word_1_238' title='bbox 3417 1189 3643 1255; x_wconf 73' lang='grc' dir='ltr'>ἕκαστος</span> <span class='ocrx_word' id='word_1_239' title='bbox 3710 1193 3893 1247; x_wconf 66' lang='grc' dir='ltr'>αὐτῶν</span> 
     </span>
    </p>
   </div>
   <div class='ocr_carea' id='block_1_36' title="bbox 2228 1276 3895 1355">
    <p class='ocr_par' dir='ltr' id='par_1_36' title="bbox 2228 1276 3895 1355">
     <span class='ocr_line' id='line_1_36' title="bbox 2228 1276 3895 1355; baseline 0.002 -24"><span class='ocrx_word' id='word_1_240' title='bbox 2228 1278 2464 1354; x_wconf 59' lang='grc' dir='ltr'>ἐφέρετο,</span> <span class='ocrx_word' id='word_1_241' title='bbox 2524 1280 2622 1346; x_wconf 77' lang='grc' dir='ltr'>τῆν</span> <span class='ocrx_word' id='word_1_242' title='bbox 2700 1278 2882 1333; x_wconf 68' lang='grc' dir='ltr'>οὐσίαν</span> <span class='ocrx_word' id='word_1_243' title='bbox 2960 1276 3104 1355; x_wconf 81' lang='grc' dir='ltr'>ἔχων</span> <span class='ocrx_word' id='word_1_244' title='bbox 3179 1280 3436 1352; x_wconf 74' lang='grc' dir='ltr'>τοιαύτην</span> <span class='ocrx_word' id='word_1_245' title='bbox 3501 1281 3895 1346; x_wconf 58' lang='grc' dir='ltr'>ἀναθυμίασιν.</span> 
     </span>
    </p>
   </div>
   <div class='ocr_carea' id='block_1_37' title="bbox 2230 1364 3890 1446">
    <p class='ocr_par' dir='ltr' id='par_1_37' title="bbox 2230 1364 3890 1446">
     <span class='ocr_line' id='line_1_37' title="bbox 2231 1364 3861 1422; baseline 0.001 -2"><span class='ocrx_word' id='word_1_246' title='bbox 2231 1372 2333 1420; x_wconf 62' lang='grc' dir='ltr'>Νῦν</span> <span class='ocrx_word' id='word_1_247' title='bbox 2368 1364 2425 1420; x_wconf 70' lang='grc' dir='ltr'>δὲ</span> <span class='ocrx_word' id='word_1_248' title='bbox 2454 1372 2560 1421; x_wconf 83' lang='grc' dir='ltr'>-ῶν</span> <span class='ocrx_word' id='word_1_249' title='bbox 2600 1365 2744 1422; x_wconf 78' lang='grc' dir='ltr'>ὅλων</span> <span class='ocrx_word' id='word_1_250' title='bbox 2796 1368 2887 1422; x_wconf 81' lang='grc' dir='ltr'>ἀνέ</span> <span class='ocrx_word' id='word_1_251' title='bbox 3059 1371 3088 1421; x_wconf 64' lang='grc' dir='ltr'>’ἱλ</span> <span class='ocrx_word' id='word_1_252' title='bbox 3183 1368 3197 1410; x_wconf 76' lang='grc' dir='ltr'>ί</span> <span class='ocrx_word' id='word_1_253' title='bbox 3568 1372 3584 1390; x_wconf 73' lang='lat'><strong>‘</strong></span> <span class='ocrx_word' id='word_1_254' title='bbox 3753 1372 3763 1386; x_wconf 71' lang='lat'><strong><em>&#39;</em></strong></span> <span class='ocrx_word' id='word_1_255' title='bbox 3849 1371 3861 1388; x_wconf 83' lang='grc'><strong>’</strong></span> 
     </span>
     <span class='ocr_line' id='line_1_38' title="bbox 2230 1370 3890 1446; baseline 0.001 -25"><span class='ocrx_word' id='word_1_256' title='bbox 2230 1407 2246 1421; x_wconf 81' lang='lat'>.</span> <span class='ocrx_word' id='word_1_257' title='bbox 2465 1407 2479 1421; x_wconf 83' lang='grc'>.</span> <span class='ocrx_word' id='word_1_258' title='bbox 2893 1389 3008 1440; x_wconf 85' lang='grc' dir='ltr'>μων</span> <span class='ocrx_word' id='word_1_259' title='bbox 3083 1401 3093 1437; x_wconf 57' lang='grc' dir='ltr'>δ</span> <span class='ocrx_word' id='word_1_260' title='bbox 3142 1390 3353 1439; x_wconf 88' lang='grc' dir='ltr'>κ.νησις</span> <span class='ocrx_word' id='word_1_261' title='bbox 3405 1371 3482 1432; x_wconf 88' lang='grc' dir='ltr'>εἰς</span> <span class='ocrx_word' id='word_1_262' title='bbox 3527 1391 3592 1426; x_wconf 88' lang='grc' dir='ltr'>το</span> <span class='ocrx_word' id='word_1_263' title='bbox 3640 1370 3890 1446; x_wconf 72' lang='grc' dir='ltr'>πλαγιοιο</span> 
     </span>
    </p>
   </div>
   <div class='ocr_carea' id='block_1_38' title="bbox 2229 1454 2653 1526">
    <p class='ocr_par' dir='ltr' id='par_1_38' title="bbox 2229 1454 2653 1526">
     <span class='ocr_line' id='line_1_39' title="bbox 2229 1454 2653 1526; baseline 0.002 -17"><span class='ocrx_word' id='word_1_264' title='bbox 2229 1477 2344 1517; x_wconf 89' lang='grc' dir='ltr'>πως</span> <span class='ocrx_word' id='word_1_265' title='bbox 2374 1457 2462 1510; x_wconf 79' lang='grc' dir='ltr'>καὶ</span> <span class='ocrx_word' id='word_1_266' title='bbox 2497 1454 2653 1526; x_wconf 79' lang='grc' dir='ltr'>λοξή.</span> 
     </span>
    </p>
   </div>
   <div class='ocr_carea' id='block_1_39' title="bbox 2303 1543 3896 1625">
    <p class='ocr_par' dir='ltr' id='par_1_39' title="bbox 2303 1543 3896 1625">
     <span class='ocr_line' id='line_1_40' title="bbox 2303 1543 3896 1625; baseline 0.003 -27"><span class='ocrx_word' id='word_1_267' title='bbox 2303 1547 2354 1601; x_wconf 87' lang='grc' dir='ltr'>ι’.</span> <span class='ocrx_word' id='word_1_268' title='bbox 2389 1543 2714 1600; x_wconf 82' lang='grc' dir='ltr'>Δυοκαίδεκα</span> <span class='ocrx_word' id='word_1_269' title='bbox 2762 1543 2820 1599; x_wconf 74' lang='grc' dir='ltr'>δὲ</span> <span class='ocrx_word' id='word_1_270' title='bbox 2865 1545 3055 1608; x_wconf 83' lang='grc' dir='ltr'>πάντες</span> <span class='ocrx_word' id='word_1_271' title='bbox 3113 1544 3300 1618; x_wconf 81' lang='grc' dir='ltr'>ἄνεμοι</span> <span class='ocrx_word' id='word_1_272' title='bbox 3359 1547 3641 1625; x_wconf 75' lang='grc' dir='ltr'>φαίνονται</span> <span class='ocrx_word' id='word_1_273' title='bbox 3693 1551 3896 1604; x_wconf 65' lang='grc' dir='ltr'>πνέον-</span> 
     </span>
    </p>
   </div>
   <div class='ocr_carea' id='block_1_40' title="bbox 2227 1634 3893 1709">
    <p class='ocr_par' dir='ltr' id='par_1_40' title="bbox 2227 1634 3893 1709">
     <span class='ocr_line' id='line_1_41' title="bbox 2227 1634 3893 1709; baseline 0.002 -21"><span class='ocrx_word' id='word_1_274' title='bbox 2227 1655 2336 1695; x_wconf 86' lang='grc' dir='ltr'>τες.</span> <span class='ocrx_word' id='word_1_275' title='bbox 2387 1634 2492 1687; x_wconf 86' lang='grc' dir='ltr'>ἀπὸ</span> <span class='ocrx_word' id='word_1_276' title='bbox 2563 1640 2661 1702; x_wconf 82' lang='grc' dir='ltr'>τῆς</span> <span class='ocrx_word' id='word_1_277' title='bbox 2721 1634 3042 1709; x_wconf 78' lang='grc' dir='ltr'>ἰσημερινῆς</span> <span class='ocrx_word' id='word_1_278' title='bbox 3113 1635 3387 1704; x_wconf 80' lang='grc' dir='ltr'>ἀνατολῆς</span> <span class='ocrx_word' id='word_1_279' title='bbox 3444 1634 3812 1709; x_wconf 77' lang='grc' dir='ltr'>ἀπηλιώτης,</span> <span class='ocrx_word' id='word_1_280' title='bbox 3868 1640 3893 1691; x_wconf 81' lang='lat'>6</span> 
     </span>
    </p>
   </div>
   <div class='ocr_carea' id='block_1_41' title="bbox 2229 1719 3900 1801">
    <p class='ocr_par' dir='ltr' id='par_1_41' title="bbox 2229 1719 3900 1801">
     <span class='ocr_line' id='line_1_42' title="bbox 2229 1719 3900 1801; baseline 0.004 -28"><span class='ocrx_word' id='word_1_281' title='bbox 2229 1721 2372 1796; x_wconf 84' lang='grc' dir='ltr'>παρά</span> <span class='ocrx_word' id='word_1_282' title='bbox 2441 1719 2797 1782; x_wconf 76' lang='grc' dir='ltr'>Σικελιώταις</span> <span class='ocrx_word' id='word_1_283' title='bbox 2865 1720 3263 1792; x_wconf 83' lang='grc' dir='ltr'>έλλησποντίας</span> <span class='ocrx_word' id='word_1_284' title='bbox 3343 1721 3716 1797; x_wconf 77' lang='grc' dir='ltr'>καλούμενος,</span> <span class='ocrx_word' id='word_1_285' title='bbox 3771 1747 3900 1801; x_wconf 76' lang='grc' dir='ltr'>καρο</span> 
     </span>
    </p>
   </div>
   <div class='ocr_carea' id='block_1_42' title="bbox 2229 1806 3898 1886">
    <p class='ocr_par' dir='ltr' id='par_1_42' title="bbox 2229 1806 3898 1886">
     <span class='ocr_line' id='line_1_43' title="bbox 2229 1806 3898 1886; baseline 0.004 -23"><span class='ocrx_word' id='word_1_286' title='bbox 2229 1806 2392 1871; x_wconf 72' lang='grc' dir='ltr'>νάϐας</span> <span class='ocrx_word' id='word_1_287' title='bbox 2441 1808 2499 1864; x_wconf 73' lang='grc' dir='ltr'>δὲ</span> <span class='ocrx_word' id='word_1_288' title='bbox 2545 1810 2687 1884; x_wconf 83' lang='grc' dir='ltr'>παρά</span> <span class='ocrx_word' id='word_1_289' title='bbox 2755 1810 2982 1883; x_wconf 81' lang='grc' dir='ltr'>Φοίνιξι,</span> <span class='ocrx_word' id='word_1_290' title='bbox 3032 1813 3121 1865; x_wconf 79' lang='grc' dir='ltr'>καὶ</span> <span class='ocrx_word' id='word_1_291' title='bbox 3181 1814 3326 1886; x_wconf 85' lang='grc' dir='ltr'>παρά</span> <span class='ocrx_word' id='word_1_292' title='bbox 3388 1817 3503 1874; x_wconf 87' lang='grc' dir='ltr'>τοῖς</span> <span class='ocrx_word' id='word_1_293' title='bbox 3573 1813 3624 1867; x_wconf 81' lang='grc' dir='ltr'>ἐν</span> <span class='ocrx_word' id='word_1_294' title='bbox 3697 1814 3898 1885; x_wconf 80' lang='grc' dir='ltr'>Πόντῳ</span> 
     </span>
    </p>
   </div>
   <div class='ocr_carea' id='block_1_43' title="bbox 2235 1899 3895 1981">
    <p class='ocr_par' dir='ltr' id='par_1_43' title="bbox 2235 1899 3895 1981">
     <span class='ocr_line' id='line_1_44' title="bbox 2235 1899 3895 1981; baseline 0.004 -29"><span class='ocrx_word' id='word_1_295' title='bbox 2235 1900 2594 1975; x_wconf 80' lang='grc' dir='ltr'>βερεκυντίας·</span> <span class='ocrx_word' id='word_1_296' title='bbox 2647 1900 2751 1954; x_wconf 89' lang='grc' dir='ltr'>ἀπὸ</span> <span class='ocrx_word' id='word_1_297' title='bbox 2797 1907 2898 1970; x_wconf 85' lang='grc' dir='ltr'>τῆς</span> <span class='ocrx_word' id='word_1_298' title='bbox 2967 1899 3292 1976; x_wconf 84' lang='grc' dir='ltr'>ἷσημερινῆς</span> <span class='ocrx_word' id='word_1_299' title='bbox 3349 1899 3560 1974; x_wconf 81' lang='grc' dir='ltr'>δυσμῆς</span> <span class='ocrx_word' id='word_1_300' title='bbox 3633 1905 3895 1981; x_wconf 72' lang='grc' dir='ltr'>ζέφυρος·</span> 
     </span>
    </p>
   </div>
   <div class='ocr_carea' id='block_1_44' title="bbox 2231 1988 3899 2067">
    <p class='ocr_par' dir='ltr' id='par_1_44' title="bbox 2231 1988 3899 2067">
     <span class='ocr_line' id='line_1_45' title="bbox 2231 1988 3899 2067; baseline 0.004 -26"><span class='ocrx_word' id='word_1_301' title='bbox 2231 1988 2335 2042; x_wconf 84' lang='grc' dir='ltr'>ἀπὸ</span> <span class='ocrx_word' id='word_1_302' title='bbox 2366 1996 2463 2058; x_wconf 88' lang='grc' dir='ltr'>τῆς</span> <span class='ocrx_word' id='word_1_303' title='bbox 2496 1991 2708 2064; x_wconf 76' lang='grc' dir='ltr'>θερινῆς</span> <span class='ocrx_word' id='word_1_304' title='bbox 2752 1989 3023 2059; x_wconf 79' lang='grc' dir='ltr'>ἀνατολῆς</span> <span class='ocrx_word' id='word_1_305' title='bbox 3074 1988 3307 2054; x_wconf 78' lang='grc' dir='ltr'>καικίας·</span> <span class='ocrx_word' id='word_1_306' title='bbox 3359 1991 3465 2046; x_wconf 84' lang='grc' dir='ltr'>ἀπὸ</span> <span class='ocrx_word' id='word_1_307' title='bbox 3509 1999 3615 2062; x_wconf 81' lang='grc' dir='ltr'>τῆς</span> <span class='ocrx_word' id='word_1_308' title='bbox 3653 1995 3899 2067; x_wconf 34' lang='grc' dir='ltr'>,θερινῆς</span> 
     </span>
    </p>
   </div>
   <div class='ocr_carea' id='block_1_45' title="bbox 2230 2075 3898 2152">
    <p class='ocr_par' dir='ltr' id='par_1_45' title="bbox 2230 2075 3898 2152">
     <span class='ocr_line' id='line_1_46' title="bbox 2230 2075 3898 2152; baseline 0.003 -21"><span class='ocrx_word' id='word_1_309' title='bbox 2230 2075 2441 2150; x_wconf 80' lang='grc' dir='ltr'>δυσμῆς</span> <span class='ocrx_word' id='word_1_310' title='bbox 2519 2077 2801 2152; x_wconf 84' lang='grc' dir='ltr'>ἀργέστης,</span> <span class='ocrx_word' id='word_1_311' title='bbox 2852 2079 2880 2130; x_wconf 88' lang='lat'>6</span> <span class='ocrx_word' id='word_1_312' title='bbox 2937 2078 3024 2132; x_wconf 80' lang='grc' dir='ltr'>καὶ</span> <span class='ocrx_word' id='word_1_313' title='bbox 3083 2077 3358 2151; x_wconf 85' lang='grc' dir='ltr'>ὁλυμπίας</span> <span class='ocrx_word' id='word_1_314' title='bbox 3428 2079 3518 2134; x_wconf 80' lang='grc' dir='ltr'>καὶ</span> <span class='ocrx_word' id='word_1_315' title='bbox 3587 2080 3758 2152; x_wconf 77' lang='grc' dir='ltr'>ἰάπυξ</span> <span class='ocrx_word' id='word_1_316' title='bbox 3807 2082 3898 2136; x_wconf 73' lang='grc' dir='ltr'>καὶ</span> 
     </span>
    </p>
   </div>
   <div class='ocr_carea' id='block_1_46' title="bbox 2231 2165 3900 2243">
    <p class='ocr_par' dir='ltr' id='par_1_46' title="bbox 2231 2165 3900 2243">
     <span class='ocr_line' id='line_1_47' title="bbox 2231 2165 3900 2243; baseline 0.002 -23"><span class='ocrx_word' id='word_1_317' title='bbox 2231 2165 2461 2241; x_wconf 74' lang='grc' dir='ltr'>σκίρῥων</span> <span class='ocrx_word' id='word_1_318' title='bbox 2529 2165 2952 2238; x_wconf 82' lang='grc' dir='ltr'>ὀνομαζόμενος·</span> <span class='ocrx_word' id='word_1_319' title='bbox 3005 2167 3111 2221; x_wconf 86' lang='grc' dir='ltr'>ἀπὸ</span> <span class='ocrx_word' id='word_1_320' title='bbox 3160 2175 3260 2236; x_wconf 84' lang='grc' dir='ltr'>τῆς</span> <span class='ocrx_word' id='word_1_321' title='bbox 3312 2176 3637 2243; x_wconf 78' lang='grc' dir='ltr'>χειμερινῆς</span> <span class='ocrx_word' id='word_1_322' title='bbox 3702 2171 3900 2224; x_wconf 80' lang='grc' dir='ltr'>ἀνατο-</span> 
     </span>
    </p>
   </div>
   <div class='ocr_carea' id='block_1_47' title="bbox 2229 2253 3894 2330">
    <p class='ocr_par' dir='ltr' id='par_1_47' title="bbox 2229 2253 3894 2330">
     <span class='ocr_line' id='line_1_48' title="bbox 2229 2253 3894 2330; baseline 0.002 -22"><span class='ocrx_word' id='word_1_323' title='bbox 2229 2253 2333 2323; x_wconf 87' lang='grc' dir='ltr'>λῆς</span> <span class='ocrx_word' id='word_1_324' title='bbox 2367 2253 2540 2328; x_wconf 79' lang='grc' dir='ltr'>εὖρος·</span> <span class='ocrx_word' id='word_1_325' title='bbox 2574 2255 2680 2308; x_wconf 90' lang='grc' dir='ltr'>ἀπὸ</span> <span class='ocrx_word' id='word_1_326' title='bbox 2709 2261 2808 2322; x_wconf 82' lang='grc' dir='ltr'>τῆς</span> <span class='ocrx_word' id='word_1_327' title='bbox 2840 2258 3160 2330; x_wconf 79' lang='grc' dir='ltr'>χειμερινῆς</span> <span class='ocrx_word' id='word_1_328' title='bbox 3193 2253 3405 2328; x_wconf 85' lang='grc' dir='ltr'>δυσμῆς</span> <span class='ocrx_word' id='word_1_329' title='bbox 3447 2257 3564 2330; x_wconf 82' lang='grc' dir='ltr'>λίψ·</span> <span class='ocrx_word' id='word_1_330' title='bbox 3619 2258 3737 2312; x_wconf 81' lang='grc' dir='ltr'>ἀπὸ</span> <span class='ocrx_word' id='word_1_331' title='bbox 3784 2264 3894 2314; x_wconf 74' lang='grc' dir='ltr'>τῶν</span> 
     </span>
    </p>
   </div>
   <div class='ocr_carea' id='block_1_48' title="bbox 2226 2340 3897 2423">
    <p class='ocr_par' dir='ltr' id='par_1_48' title="bbox 2226 2340 3897 2423">
     <span class='ocr_line' id='line_1_49' title="bbox 2226 2340 3897 2423; baseline 0 -22"><span class='ocrx_word' id='word_1_332' title='bbox 2226 2344 2349 2418; x_wconf 81' lang='grc' dir='ltr'>περὶ</span> <span class='ocrx_word' id='word_1_333' title='bbox 2404 2344 2502 2412; x_wconf 81' lang='grc' dir='ltr'>τὴν</span> <span class='ocrx_word' id='word_1_334' title='bbox 2565 2340 2756 2418; x_wconf 80' lang='grc' dir='ltr'>ἄρκτον</span> <span class='ocrx_word' id='word_1_335' title='bbox 2813 2342 2994 2397; x_wconf 86' lang='grc' dir='ltr'>τόπων</span> <span class='ocrx_word' id='word_1_336' title='bbox 3049 2344 3241 2419; x_wconf 79' lang='grc' dir='ltr'>βορέας</span> <span class='ocrx_word' id='word_1_337' title='bbox 3275 2347 3302 2399; x_wconf 98' lang='lat'>6</span> <span class='ocrx_word' id='word_1_338' title='bbox 3333 2345 3534 2420; x_wconf 87' lang='grc' dir='ltr'>κυρίως</span> <span class='ocrx_word' id='word_1_339' title='bbox 3582 2346 3897 2423; x_wconf 73' lang='grc' dir='ltr'>ἀπαρκτίας</span> 
     </span>
    </p>
   </div>
   <div class='ocr_carea' id='block_1_49' title="bbox 2229 2429 3900 2511">
    <p class='ocr_par' dir='ltr' id='par_1_49' title="bbox 2229 2429 3900 2511">
     <span class='ocr_line' id='line_1_50' title="bbox 2229 2429 3900 2511; baseline 0.004 -25"><span class='ocrx_word' id='word_1_340' title='bbox 2229 2431 2542 2507; x_wconf 81' lang='grc' dir='ltr'>λεγόμενος’</span> <span class='ocrx_word' id='word_1_341' title='bbox 2579 2432 2684 2486; x_wconf 88' lang='grc' dir='ltr'>ἀπὸ</span> <span class='ocrx_word' id='word_1_342' title='bbox 2732 2429 2788 2485; x_wconf 73' lang='lat' dir='ltr'>6‘s</span> <span class='ocrx_word' id='word_1_343' title='bbox 2834 2436 2941 2486; x_wconf 87' lang='grc' dir='ltr'>τῶν</span> <span class='ocrx_word' id='word_1_344' title='bbox 2987 2433 3110 2508; x_wconf 89' lang='grc' dir='ltr'>περὶ</span> <span class='ocrx_word' id='word_1_345' title='bbox 3158 2435 3254 2502; x_wconf 78' lang='grc' dir='ltr'>τήν</span> <span class='ocrx_word' id='word_1_346' title='bbox 3314 2429 3663 2511; x_wconf 76' lang='grc' dir='ltr'>μεσημϐρίαν</span> <span class='ocrx_word' id='word_1_347' title='bbox 3712 2437 3900 2499; x_wconf 79' lang='grc' dir='ltr'>νότος.</span> 
     </span>
    </p>
   </div>
   <div class='ocr_carea' id='block_1_50' title="bbox 2228 2518 3900 2599">
    <p class='ocr_par' dir='ltr' id='par_1_50' title="bbox 2228 2518 3900 2599">
     <span class='ocr_line' id='line_1_51' title="bbox 2228 2518 3900 2599; baseline 0.003 -24"><span class='ocrx_word' id='word_1_348' title='bbox 2228 2520 2436 2590; x_wconf 76' lang='grc' dir='ltr'>Μεταξῦ</span> <span class='ocrx_word' id='word_1_349' title='bbox 2478 2518 2524 2575; x_wconf 86' lang='grc' dir='ltr'>δ’</span> <span class='ocrx_word' id='word_1_350' title='bbox 2554 2520 2852 2596; x_wconf 80' lang='grc' dir='ltr'>ἀπαρκτίου</span> <span class='ocrx_word' id='word_1_351' title='bbox 2898 2522 2987 2575; x_wconf 86' lang='grc' dir='ltr'>καὶ</span> <span class='ocrx_word' id='word_1_352' title='bbox 3042 2523 3303 2597; x_wconf 85' lang='grc' dir='ltr'>ἀργέστου</span> <span class='ocrx_word' id='word_1_353' title='bbox 3353 2523 3640 2599; x_wconf 84' lang='grc' dir='ltr'>θρασκίας·</span> <span class='ocrx_word' id='word_1_354' title='bbox 3694 2526 3900 2598; x_wconf 76' lang='grc' dir='ltr'>μεταξῦ</span> 
     </span>
    </p>
   </div>
   <div class='ocr_carea' id='block_1_51' title="bbox 2227 2608 3897 2685">
    <p class='ocr_par' dir='ltr' id='par_1_51' title="bbox 2227 2608 3897 2685">
     <span class='ocr_line' id='line_1_52' title="bbox 2227 2608 3897 2685; baseline 0.001 -21"><span class='ocrx_word' id='word_1_355' title='bbox 2227 2610 2443 2664; x_wconf 80' lang='grc' dir='ltr'>καικίου</span> <span class='ocrx_word' id='word_1_356' title='bbox 2489 2609 2579 2664; x_wconf 81' lang='grc' dir='ltr'>καὶ</span> <span class='ocrx_word' id='word_1_357' title='bbox 2628 2608 2926 2684; x_wconf 80' lang='grc' dir='ltr'>ἀπαρκτίου</span> <span class='ocrx_word' id='word_1_358' title='bbox 2975 2611 3002 2664; x_wconf 88' lang='lat'>6</span> <span class='ocrx_word' id='word_1_359' title='bbox 3051 2610 3389 2684; x_wconf 76' lang='grc' dir='ltr'>καλούμενος</span> <span class='ocrx_word' id='word_1_360' title='bbox 3442 2614 3639 2685; x_wconf 83' lang='grc' dir='ltr'>μέσης”</span> <span class='ocrx_word' id='word_1_361' title='bbox 3693 2619 3897 2669; x_wconf 77' lang='grc' dir='ltr'>τοῦτον</span> 
     </span>
    </p>
   </div>
   <div class='ocr_carea' id='block_1_52' title="bbox 2232 2696 3898 2774">
    <p class='ocr_par' dir='ltr' id='par_1_52' title="bbox 2232 2696 3898 2774">
     <span class='ocr_line' id='line_1_53' title="bbox 2232 2696 3898 2774; baseline 0.003 -22"><span class='ocrx_word' id='word_1_362' title='bbox 2232 2697 2288 2752; x_wconf 73' lang='grc' dir='ltr'>δὲ</span> <span class='ocrx_word' id='word_1_363' title='bbox 2323 2697 2533 2771; x_wconf 83' lang='grc' dir='ltr'>μᾶλλον</span> <span class='ocrx_word' id='word_1_364' title='bbox 2588 2697 2777 2774; x_wconf 85' lang='grc' dir='ltr'>βορέαν</span> <span class='ocrx_word' id='word_1_365' title='bbox 2822 2696 2936 2753; x_wconf 76' lang='grc' dir='ltr'>οἶδε</span> <span class='ocrx_word' id='word_1_366' title='bbox 2961 2697 3150 2754; x_wconf 81' lang='grc' dir='ltr'>καλεῖν</span> <span class='ocrx_word' id='word_1_367' title='bbox 3183 2701 3217 2769; x_wconf 76' lang='grc' dir='ltr'>ἡ</span> <span class='ocrx_word' id='word_1_368' title='bbox 3253 2702 3524 2771; x_wconf 74' lang='grc' dir='ltr'>συνήθεια·</span> <span class='ocrx_word' id='word_1_369' title='bbox 3577 2702 3752 2757; x_wconf 73' lang='grc' dir='ltr'>νότου</span> <span class='ocrx_word' id='word_1_370' title='bbox 3810 2704 3898 2757; x_wconf 78' lang='grc' dir='ltr'>καὶ</span> 
     </span>
    </p>
   </div>
   <div class='ocr_carea' id='block_1_53' title="bbox 2233 2783 3900 2868">
    <p class='ocr_par' dir='ltr' id='par_1_53' title="bbox 2233 2783 3900 2868">
     <span class='ocr_line' id='line_1_54' title="bbox 2233 2783 3900 2868; baseline 0.002 -25"><span class='ocrx_word' id='word_1_371' title='bbox 2233 2783 2387 2850; x_wconf 80' lang='grc' dir='ltr'>λιϐὸς</span> <span class='ocrx_word' id='word_1_372' title='bbox 2423 2783 2705 2849; x_wconf 75' lang='grc' dir='ltr'>λιϐόνοτος</span> <span class='ocrx_word' id='word_1_373' title='bbox 2742 2787 2956 2861; x_wconf 75' lang='grc' dir='ltr'>μεταξύ’</span> <span class='ocrx_word' id='word_1_374' title='bbox 2999 2786 3156 2862; x_wconf 67' lang='grc' dir='ltr'>εὔρου</span> <span class='ocrx_word' id='word_1_375' title='bbox 3207 2788 3263 2843; x_wconf 77' lang='grc' dir='ltr'>δὲ</span> <span class='ocrx_word' id='word_1_376' title='bbox 3311 2789 3398 2844; x_wconf 87' lang='grc' dir='ltr'>καὶ</span> <span class='ocrx_word' id='word_1_377' title='bbox 3445 2789 3612 2845; x_wconf 83' lang='grc' dir='ltr'>νότου</span> <span class='ocrx_word' id='word_1_378' title='bbox 3663 2792 3900 2868; x_wconf 76' lang='grc' dir='ltr'>εὗρόνο-</span> 
     </span>
    </p>
   </div>
   <div class='ocr_carea' id='block_1_54' title="bbox 2229 2875 2846 2952">
    <p class='ocr_par' dir='ltr' id='par_1_54' title="bbox 2229 2875 2846 2952">
     <span class='ocr_line' id='line_1_55' title="bbox 2229 2875 2846 2952; baseline 0.005 -21"><span class='ocrx_word' id='word_1_379' title='bbox 2229 2898 2344 2947; x_wconf 91' lang='grc' dir='ltr'>τος,</span> <span class='ocrx_word' id='word_1_380' title='bbox 2377 2877 2406 2929; x_wconf 90' lang='lat'>6</span> <span class='ocrx_word' id='word_1_381' title='bbox 2435 2876 2524 2930; x_wconf 83' lang='grc' dir='ltr'>καὶ</span> <span class='ocrx_word' id='word_1_382' title='bbox 2557 2875 2846 2952; x_wconf 77' lang='grc' dir='ltr'>φοινικίας.</span> 
     </span>
    </p>
   </div>
   <div class='ocr_carea' id='block_1_55' title="bbox 476 2967 3901 3042">
    <p class='ocr_par' dir='ltr' id='par_1_55' title="bbox 476 2967 3901 3042">
     <span class='ocr_line' id='line_1_56' title="bbox 476 2967 3901 3042; baseline 0 -14"><span class='ocrx_word' id='word_1_383' title='bbox 476 2975 660 3042; x_wconf 88' lang='lat' dir='ltr'>dicas,</span> <span class='ocrx_word' id='word_1_384' title='bbox 714 2970 1098 3036; x_wconf 86' lang='lat' dir='ltr'>africauster;</span> <span class='ocrx_word' id='word_1_385' title='bbox 1151 2971 1298 3023; x_wconf 87' lang='lat' dir='ltr'>inter</span> <span class='ocrx_word' id='word_1_386' title='bbox 1345 2968 1686 3023; x_wconf 86' lang='lat' dir='ltr'>vulturnum</span> <span class='ocrx_word' id='word_1_387' title='bbox 1734 2973 1792 3023; x_wconf 91' lang='lat' dir='ltr'>et</span> <span class='ocrx_word' id='word_1_388' title='bbox 1843 2973 2130 3036; x_wconf 88' lang='lat' dir='ltr'>austrum,</span> <span class='ocrx_word' id='word_1_389' title='bbox 2187 2971 2524 3038; x_wconf 89' lang='lat' dir='ltr'>euronotus,</span> <span class='ocrx_word' id='word_1_390' title='bbox 2586 2967 2756 3039; x_wconf 90' lang='lat' dir='ltr'>quasi</span> <span class='ocrx_word' id='word_1_391' title='bbox 2813 2968 2974 3024; x_wconf 85' lang='lat' dir='ltr'>dicas</span> <span class='ocrx_word' id='word_1_392' title='bbox 3029 2968 3489 3041; x_wconf 82' lang='lat' dir='ltr'>vulturnauster,</span> <span class='ocrx_word' id='word_1_393' title='bbox 3541 2971 3649 3042; x_wconf 89' lang='lat' dir='ltr'>qui</span> <span class='ocrx_word' id='word_1_394' title='bbox 3715 2973 3901 3029; x_wconf 88' lang='lat' dir='ltr'>etiam</span> 
     </span>
    </p>
   </div>
   <div class='ocr_carea' id='block_1_56' title="bbox 480 3060 1078 3134">
    <p class='ocr_par' dir='ltr' id='par_1_56' title="bbox 480 3060 1078 3134">
     <span class='ocr_line' id='line_1_57' title="bbox 480 3060 1078 3134; baseline -0.007 -18"><span class='ocrx_word' id='word_1_395' title='bbox 480 3060 802 3134; x_wconf 74' lang='lat' dir='ltr'>phoenicias</span> <span class='ocrx_word' id='word_1_396' title='bbox 843 3061 1078 3114; x_wconf 85' lang='lat' dir='ltr'>dicitur.</span> 
     </span>
    </p>
   </div>
   <div class='ocr_carea' id='block_1_57' title="bbox 553 3147 2199 3220">
    <p class='ocr_par' dir='ltr' id='par_1_57' title="bbox 553 3147 2199 3220">
     <span class='ocr_line' id='line_1_58' title="bbox 553 3147 2199 3220; baseline -0.002 -16"><span class='ocrx_word' id='word_1_397' title='bbox 553 3152 641 3204; x_wconf 90' lang='grc'><strong>11.</strong></span> <span class='ocrx_word' id='word_1_398' title='bbox 677 3150 757 3204; x_wconf 86' lang='lat' dir='ltr'>Ex</span> <span class='ocrx_word' id='word_1_399' title='bbox 786 3149 879 3204; x_wconf 88' lang='lat' dir='ltr'>his</span> <span class='ocrx_word' id='word_1_400' title='bbox 902 3149 1056 3220; x_wconf 90' lang='lat' dir='ltr'>apud</span> <span class='ocrx_word' id='word_1_401' title='bbox 1089 3165 1195 3203; x_wconf 90' lang='lat' dir='ltr'>nos</span> <span class='ocrx_word' id='word_1_402' title='bbox 1218 3147 1407 3202; x_wconf 89' lang='lat' dir='ltr'>sereni</span> <span class='ocrx_word' id='word_1_403' title='bbox 1439 3153 1577 3202; x_wconf 91' lang='lat' dir='ltr'>sunt</span> <span class='ocrx_word' id='word_1_404' title='bbox 1606 3147 1946 3218; x_wconf 86' lang='lat' dir='ltr'>septentrio,</span> <span class='ocrx_word' id='word_1_405' title='bbox 1973 3147 2127 3202; x_wconf 88' lang='lat' dir='ltr'>thra-</span> <span class='ocrx_word' id='word_1_406' title='bbox 2157 3149 2199 3214; x_wconf 83' lang='lat' dir='ltr'>C</span> 
     </span>
    </p>
   </div>
   <div class='ocr_carea' id='block_1_58' title="bbox 483 3235 2126 3308">
    <p class='ocr_par' dir='ltr' id='par_1_58' title="bbox 483 3235 2126 3308">
     <span class='ocr_line' id='line_1_59' title="bbox 483 3235 2126 3308; baseline -0.003 -13"><span class='ocrx_word' id='word_1_407' title='bbox 483 3239 656 3306; x_wconf 90' lang='lat' dir='ltr'>scias,</span> <span class='ocrx_word' id='word_1_408' title='bbox 689 3243 745 3293; x_wconf 91' lang='lat' dir='ltr'>et</span> <span class='ocrx_word' id='word_1_409' title='bbox 773 3254 964 3304; x_wconf 87' lang='lat' dir='ltr'>corus,</span> <span class='ocrx_word' id='word_1_410' title='bbox 999 3241 1304 3308; x_wconf 87' lang='lat' dir='ltr'>propterea</span> <span class='ocrx_word' id='word_1_411' title='bbox 1336 3237 1487 3307; x_wconf 92' lang='lat' dir='ltr'>quod</span> <span class='ocrx_word' id='word_1_412' title='bbox 1523 3253 1556 3291; x_wconf 89' lang='lat' dir='ltr'>a</span> <span class='ocrx_word' id='word_1_413' title='bbox 1586 3237 1755 3291; x_wconf 90' lang='lat' dir='ltr'>nobis</span> <span class='ocrx_word' id='word_1_414' title='bbox 1788 3237 1972 3291; x_wconf 89' lang='lat' dir='ltr'>nubes</span> <span class='ocrx_word' id='word_1_415' title='bbox 2005 3235 2126 3290; x_wconf 93' lang='lat' dir='ltr'>adi-</span> 
     </span>
    </p>
   </div>
   <div class='ocr_carea' id='block_1_59' title="bbox 482 3324 2126 3400">
    <p class='ocr_par' dir='ltr' id='par_1_59' title="bbox 482 3324 2126 3400">
     <span class='ocr_line' id='line_1_60' title="bbox 482 3324 2126 3400; baseline -0.002 -17"><span class='ocrx_word' id='word_1_416' title='bbox 482 3332 641 3400; x_wconf 89' lang='lat' dir='ltr'>gant,</span> <span class='ocrx_word' id='word_1_417' title='bbox 677 3343 810 3382; x_wconf 91' lang='lat' dir='ltr'>cum</span> <span class='ocrx_word' id='word_1_418' title='bbox 855 3324 1226 3397; x_wconf 89' lang='lat' dir='ltr'>aquilonares</span> <span class='ocrx_word' id='word_1_419' title='bbox 1272 3325 1480 3380; x_wconf 90' lang='lat' dir='ltr'>simus.</span> <span class='ocrx_word' id='word_1_420' title='bbox 1513 3325 1708 3380; x_wconf 86' lang='lat' dir='ltr'>Sereni</span> <span class='ocrx_word' id='word_1_421' title='bbox 1740 3329 1933 3380; x_wconf 89' lang='lat' dir='ltr'>autem</span> <span class='ocrx_word' id='word_1_422' title='bbox 1967 3329 2126 3391; x_wconf 90' lang='lat' dir='ltr'>sunt,</span> 
     </span>
    </p>
   </div>
   <div class='ocr_carea' id='block_1_60' title="bbox 483 3413 2127 3486">
    <p class='ocr_par' dir='ltr' id='par_1_60' title="bbox 483 3413 2127 3486">
     <span class='ocr_line' id='line_1_61' title="bbox 483 3413 2127 3486; baseline -0.002 -14"><span class='ocrx_word' id='word_1_423' title='bbox 483 3433 618 3472; x_wconf 92' lang='lat' dir='ltr'>cum</span> <span class='ocrx_word' id='word_1_424' title='bbox 637 3433 750 3471; x_wconf 91' lang='lat' dir='ltr'>non</span> <span class='ocrx_word' id='word_1_425' title='bbox 772 3415 1087 3470; x_wconf 89' lang='lat' dir='ltr'>admodum</span> <span class='ocrx_word' id='word_1_426' title='bbox 1108 3414 1301 3486; x_wconf 87' lang='lat' dir='ltr'>frigidi</span> <span class='ocrx_word' id='word_1_427' title='bbox 1321 3413 1553 3479; x_wconf 82' lang='lat' dir='ltr'>fuerint,</span> <span class='ocrx_word' id='word_1_428' title='bbox 1574 3419 1638 3468; x_wconf 91' lang='lat' dir='ltr'>ut</span> <span class='ocrx_word' id='word_1_429' title='bbox 1659 3414 1822 3485; x_wconf 91' lang='lat' dir='ltr'>prius</span> <span class='ocrx_word' id='word_1_430' title='bbox 1839 3413 2127 3469; x_wconf 82' lang='lat' dir='ltr'>exhalatio</span> 
     </span>
    </p>
   </div>
   <div class='ocr_carea' id='block_1_61' title="bbox 483 3502 2128 3579">
    <p class='ocr_par' dir='ltr' id='par_1_61' title="bbox 483 3502 2128 3579">
     <span class='ocr_line' id='line_1_62' title="bbox 483 3502 2128 3579; baseline -0.002 -18"><span class='ocrx_word' id='word_1_431' title='bbox 483 3506 612 3579; x_wconf 89' lang='lat' dir='ltr'>gelu</span> <span class='ocrx_word' id='word_1_432' title='bbox 633 3504 1070 3574; x_wconf 79' lang='lat' dir='ltr'>constringatur</span> <span class='ocrx_word' id='word_1_433' title='bbox 1087 3508 1141 3556; x_wconf 86' lang='lat' dir='ltr'>et</span> <span class='ocrx_word' id='word_1_434' title='bbox 1163 3521 1194 3556; x_wconf 93' lang='lat' dir='ltr'>n</span> <span class='ocrx_word' id='word_1_435' title='bbox 1209 3503 1554 3573; x_wconf 86' lang='lat' dir='ltr'>ubes,quam</span> <span class='ocrx_word' id='word_1_436' title='bbox 1574 3502 2128 3574; x_wconf 78' lang='lat' dir='ltr'>abigantur.Caecias</span> 
     </span>
    </p>
   </div>
   <div class='ocr_carea' id='block_1_62' title="bbox 484 3590 2125 3662">
    <p class='ocr_par' dir='ltr' id='par_1_62' title="bbox 484 3590 2125 3662">
     <span class='ocr_line' id='line_1_63' title="bbox 484 3590 2125 3662; baseline -0.003 -13"><span class='ocrx_word' id='word_1_437' title='bbox 484 3599 680 3650; x_wconf 88' lang='lat' dir='ltr'>autem</span> <span class='ocrx_word' id='word_1_438' title='bbox 713 3611 824 3648; x_wconf 90' lang='lat' dir='ltr'>non</span> <span class='ocrx_word' id='word_1_439' title='bbox 860 3599 948 3647; x_wconf 90' lang='lat' dir='ltr'>est</span> <span class='ocrx_word' id='word_1_440' title='bbox 978 3609 1208 3662; x_wconf 87' lang='lat' dir='ltr'>semper</span> <span class='ocrx_word' id='word_1_441' title='bbox 1239 3607 1503 3660; x_wconf 90' lang='lat' dir='ltr'>serenus,</span> <span class='ocrx_word' id='word_1_442' title='bbox 1537 3596 1841 3662; x_wconf 85' lang='lat' dir='ltr'>propterea</span> <span class='ocrx_word' id='word_1_443' title='bbox 1871 3591 2025 3662; x_wconf 92' lang='lat' dir='ltr'>quod</span> <span class='ocrx_word' id='word_1_444' title='bbox 2066 3590 2125 3644; x_wconf 92' lang='lat' dir='ltr'>in</span> 
     </span>
    </p>
   </div>
   <div class='ocr_carea' id='block_1_63' title="bbox 480 3679 2124 3753">
    <p class='ocr_par' dir='ltr' id='par_1_63' title="bbox 480 3679 2124 3753">
     <span class='ocr_line' id='line_1_64' title="bbox 480 3679 2124 3753; baseline -0.003 -15"><span class='ocrx_word' id='word_1_445' title='bbox 480 3683 763 3753; x_wconf 89' lang='lat' dir='ltr'>seipsum,</span> <span class='ocrx_word' id='word_1_446' title='bbox 813 3681 967 3736; x_wconf 90' lang='lat' dir='ltr'>unde</span> <span class='ocrx_word' id='word_1_447' title='bbox 1022 3681 1243 3752; x_wconf 88' lang='lat' dir='ltr'>incipit,</span> <span class='ocrx_word' id='word_1_448' title='bbox 1306 3682 1652 3735; x_wconf 85' lang='lat' dir='ltr'>reflectatur.</span> <span class='ocrx_word' id='word_1_449' title='bbox 1712 3684 1911 3750; x_wconf 91' lang='lat' dir='ltr'>Neque</span> <span class='ocrx_word' id='word_1_450' title='bbox 1969 3679 2124 3734; x_wconf 91' lang='lat' dir='ltr'>enim</span> 
     </span>
    </p>
   </div>
   <div class='ocr_carea' id='block_1_64' title="bbox 469 3768 2128 3841">
    <p class='ocr_par' dir='ltr' id='par_1_64' title="bbox 469 3768 2128 3841">
     <span class='ocr_line' id='line_1_65' title="bbox 469 3768 2128 3841; baseline -0.002 -17"><span class='ocrx_word' id='word_1_451' title='bbox 469 3772 642 3841; x_wconf 83' lang='lat' dir='ltr'>juxta</span> <span class='ocrx_word' id='word_1_452' title='bbox 680 3774 897 3824; x_wconf 91' lang='lat' dir='ltr'>rectam</span> <span class='ocrx_word' id='word_1_453' title='bbox 939 3769 1153 3822; x_wconf 84' lang='lat' dir='ltr'>lineam</span> <span class='ocrx_word' id='word_1_454' title='bbox 1194 3769 1263 3822; x_wconf 89' lang='lat' dir='ltr'>ad</span> <span class='ocrx_word' id='word_1_455' title='bbox 1308 3769 1461 3823; x_wconf 88' lang='lat' dir='ltr'>latus</span> <span class='ocrx_word' id='word_1_456' title='bbox 1497 3773 1780 3835; x_wconf 86' lang='lat' dir='ltr'>movetur,</span> <span class='ocrx_word' id='word_1_457' title='bbox 1823 3768 1924 3823; x_wconf 89' lang='lat' dir='ltr'>sed</span> <span class='ocrx_word' id='word_1_458' title='bbox 1957 3768 2128 3838; x_wconf 84' lang='lat' dir='ltr'>juxta</span> 
     </span>
    </p>
   </div>
   <div class='ocr_carea' id='block_1_65' title="bbox 479 3857 2121 3931">
    <p class='ocr_par' dir='ltr' id='par_1_65' title="bbox 479 3857 2121 3931">
     <span class='ocr_line' id='line_1_66' title="bbox 479 3857 2121 3931; baseline -0.001 -20"><span class='ocrx_word' id='word_1_459' title='bbox 479 3858 804 3931; x_wconf 86' lang='lat' dir='ltr'>gibbosam,</span> <span class='ocrx_word' id='word_1_460' title='bbox 857 3875 983 3928; x_wconf 73' lang='lat' dir='ltr'>quae</span> <span class='ocrx_word' id='word_1_461' title='bbox 1033 3857 1382 3928; x_wconf 51' lang='lat' dir='ltr'>gibbosi‘tate</span> <span class='ocrx_word' id='word_1_462' title='bbox 1438 3875 1545 3912; x_wconf 91' lang='lat' dir='ltr'>sua</span> <span class='ocrx_word' id='word_1_463' title='bbox 1594 3857 1665 3911; x_wconf 89' lang='lat' dir='ltr'>ad</span> <span class='ocrx_word' id='word_1_464' title='bbox 1723 3862 1939 3910; x_wconf 87' lang='lat' dir='ltr'>terram</span> <span class='ocrx_word' id='word_1_465' title='bbox 1997 3873 2121 3912; x_wconf 90' lang='lat' dir='ltr'>ver-</span> 
     </span>
    </p>
   </div>
   <div class='ocr_carea' id='block_1_66' title="bbox 477 3946 2123 4020">
    <p class='ocr_par' dir='ltr' id='par_1_66' title="bbox 477 3946 2123 4020">
     <span class='ocr_line' id='line_1_67' title="bbox 477 3946 2123 4020; baseline -0.001 -19"><span class='ocrx_word' id='word_1_466' title='bbox 477 3947 584 4020; x_wconf 83' lang='lat' dir='ltr'>git.</span> <span class='ocrx_word' id='word_1_467' title='bbox 622 3948 778 4003; x_wconf 84' lang='lat' dir='ltr'>Idem</span> <span class='ocrx_word' id='word_1_468' title='bbox 810 3951 1007 4001; x_wconf 89' lang='lat' dir='ltr'>autem</span> <span class='ocrx_word' id='word_1_469' title='bbox 1039 3963 1171 4000; x_wconf 88' lang='lat' dir='ltr'>cum</span> <span class='ocrx_word' id='word_1_470' title='bbox 1203 3946 1467 4017; x_wconf 86' lang='lat' dir='ltr'>emergit,</span> <span class='ocrx_word' id='word_1_471' title='bbox 1501 3951 1557 4000; x_wconf 91' lang='lat' dir='ltr'>et</span> <span class='ocrx_word' id='word_1_472' title='bbox 1598 3947 1652 3999; x_wconf 92' lang='lat' dir='ltr'>in</span> <span class='ocrx_word' id='word_1_473' title='bbox 1688 3946 1872 3999; x_wconf 87' lang='lat' dir='ltr'>nubes</span> <span class='ocrx_word' id='word_1_474' title='bbox 1905 3947 2123 4017; x_wconf 79' lang='lat' dir='ltr'>impin-</span> 
     </span>
    </p>
   </div>
   <div class='ocr_carea' id='block_1_67' title="bbox 479 4034 2124 4108">
    <p class='ocr_par' dir='ltr' id='par_1_67' title="bbox 479 4034 2124 4108">
     <span class='ocr_line' id='line_1_68' title="bbox 479 4034 2124 4108; baseline -0.001 -18"><span class='ocrx_word' id='word_1_475' title='bbox 479 4037 583 4108; x_wconf 87' lang='lat' dir='ltr'>git,</span> <span class='ocrx_word' id='word_1_476' title='bbox 617 4053 732 4090; x_wconf 90' lang='lat' dir='ltr'>non</span> <span class='ocrx_word' id='word_1_477' title='bbox 765 4034 1001 4106; x_wconf 90' lang='lat' dir='ltr'>depellit</span> <span class='ocrx_word' id='word_1_478' title='bbox 1030 4035 1189 4105; x_wconf 89' lang='lat' dir='ltr'>ipsas</span> <span class='ocrx_word' id='word_1_479' title='bbox 1219 4036 1317 4088; x_wconf 91' lang='lat' dir='ltr'>sed</span> <span class='ocrx_word' id='word_1_480' title='bbox 1351 4035 1588 4089; x_wconf 87' lang='lat' dir='ltr'>adducit</span> <span class='ocrx_word' id='word_1_481' title='bbox 1620 4035 1690 4088; x_wconf 88' lang='lat' dir='ltr'>ad</span> <span class='ocrx_word' id='word_1_482' title='bbox 1723 4034 1936 4100; x_wconf 90' lang='lat' dir='ltr'>locum,</span> <span class='ocrx_word' id='word_1_483' title='bbox 1969 4036 2124 4090; x_wconf 89' lang='lat' dir='ltr'>unde</span> 
     </span>
    </p>
   </div>
   <div class='ocr_carea' id='block_1_68' title="bbox 479 4123 2121 4196">
    <p class='ocr_par' dir='ltr' id='par_1_68' title="bbox 479 4123 2121 4196">
     <span class='ocr_line' id='line_1_69' title="bbox 479 4123 2121 4196; baseline -0.001 -16"><span class='ocrx_word' id='word_1_484' title='bbox 479 4126 581 4180; x_wconf 88' lang='lat' dir='ltr'>ﬂat</span> <span class='ocrx_word' id='word_1_485' title='bbox 611 4125 754 4196; x_wconf 91' lang='lat' dir='ltr'>ipse.</span> <span class='ocrx_word' id='word_1_486' title='bbox 789 4128 907 4178; x_wconf 73' lang='lat' dir='ltr'>Hoc</span> <span class='ocrx_word' id='word_1_487' title='bbox 961 4129 1154 4177; x_wconf 89' lang='lat' dir='ltr'>autem</span> <span class='ocrx_word' id='word_1_488' title='bbox 1201 4123 1355 4177; x_wconf 90' lang='lat' dir='ltr'>circa</span> <span class='ocrx_word' id='word_1_489' title='bbox 1393 4123 1589 4194; x_wconf 91' lang='lat' dir='ltr'>ipsum</span> <span class='ocrx_word' id='word_1_490' title='bbox 1630 4124 1931 4195; x_wconf 88' lang='lat' dir='ltr'>contingit,</span> <span class='ocrx_word' id='word_1_491' title='bbox 1965 4124 2121 4194; x_wconf 93' lang='lat' dir='ltr'>quod</span> 
     </span>
    </p>
   </div>
   <div class='ocr_carea' id='block_1_69' title="bbox 481 4211 2122 4286">
    <p class='ocr_par' dir='ltr' id='par_1_69' title="bbox 481 4211 2122 4286">
     <span class='ocr_line' id='line_1_70' title="bbox 481 4211 2122 4286; baseline -0.001 -17"><span class='ocrx_word' id='word_1_492' title='bbox 481 4215 622 4286; x_wconf 88' lang='lat' dir='ltr'>quia</span> <span class='ocrx_word' id='word_1_493' title='bbox 670 4215 912 4285; x_wconf 90' lang='lat' dir='ltr'>pr0pius</span> <span class='ocrx_word' id='word_1_494' title='bbox 945 4218 1158 4268; x_wconf 88' lang='lat' dir='ltr'>terram</span> <span class='ocrx_word' id='word_1_495' title='bbox 1195 4211 1313 4279; x_wconf 80' lang='lat' dir='ltr'>flat,</span> <span class='ocrx_word' id='word_1_496' title='bbox 1348 4212 1671 4267; x_wconf 87' lang='lat' dir='ltr'>eminentes</span> <span class='ocrx_word' id='word_1_497' title='bbox 1719 4211 1927 4282; x_wconf 56' lang='lat' dir='ltr'>aliqua</span> <span class='ocrx_word' id='word_1_498' title='bbox 1958 4217 2122 4268; x_wconf 69' lang='lat' dir='ltr'>terra:</span> 
     </span>
    </p>
   </div>
   <div class='ocr_carea' id='block_1_70' title="bbox 475 4301 2121 4374">
    <p class='ocr_par' dir='ltr' id='par_1_70' title="bbox 475 4301 2121 4374">
     <span class='ocr_line' id='line_1_71' title="bbox 475 4301 2121 4374; baseline -0.001 -16"><span class='ocrx_word' id='word_1_499' title='bbox 475 4307 672 4374; x_wconf 89' lang='lat' dir='ltr'>partes</span> <span class='ocrx_word' id='word_1_500' title='bbox 704 4303 817 4374; x_wconf 89' lang='lat' dir='ltr'>ipsi</span> <span class='ocrx_word' id='word_1_501' title='bbox 849 4302 1157 4369; x_wconf 77' lang='lat' dir='ltr'>obsistunt,</span> <span class='ocrx_word' id='word_1_502' title='bbox 1192 4319 1255 4355; x_wconf 87' lang='lat' dir='ltr'>ac</span> <span class='ocrx_word' id='word_1_503' title='bbox 1303 4302 1384 4355; x_wconf 85' lang='lat' dir='ltr'>ita</span> <span class='ocrx_word' id='word_1_504' title='bbox 1432 4301 1678 4371; x_wconf 90' lang='lat' dir='ltr'>hujusce</span> <span class='ocrx_word' id='word_1_505' title='bbox 1725 4301 1897 4355; x_wconf 85' lang='lat' dir='ltr'>ﬂatus</span> <span class='ocrx_word' id='word_1_506' title='bbox 1943 4302 2121 4356; x_wconf 89' lang='lat' dir='ltr'>motio</span> 
     </span>
    </p>
   </div>
   <div class='ocr_carea' id='block_1_71' title="bbox 476 4389 2121 4447">
    <p class='ocr_par' dir='ltr' id='par_1_71' title="bbox 476 4389 2121 4447">
     <span class='ocr_line' id='line_1_72' title="bbox 476 4389 2121 4447; baseline -0.001 0"><span class='ocrx_word' id='word_1_507' title='bbox 476 4392 630 4447; x_wconf 77' lang='lat' dir='ltr'>I96</span> <span class='ocrx_word' id='word_1_508' title='bbox 675 4407 911 4446; x_wconf 92' lang='lat' dir='ltr'>sursum</span> <span class='ocrx_word' id='word_1_509' title='bbox 963 4395 1300 4444; x_wconf 77' lang='lat' dir='ltr'>revertatur.</span> <span class='ocrx_word' id='word_1_510' title='bbox 1347 4390 1594 4444; x_wconf 86' lang='lat' dir='ltr'>Maxime</span> <span class='ocrx_word' id='word_1_511' title='bbox 1641 4395 1838 4443; x_wconf 86' lang='lat' dir='ltr'>autem</span> <span class='ocrx_word' id='word_1_512' title='bbox 1890 4389 2121 4445; x_wconf 90' lang='lat' dir='ltr'>humidi</span> 
     </span>
    </p>
   </div>
   <div class='ocr_carea' id='block_1_72' title="bbox 2312 3141 3900 3223">
    <p class='ocr_par' dir='ltr' id='par_1_72' title="bbox 2312 3141 3900 3223">
     <span class='ocr_line' id='line_1_73' title="bbox 2312 3141 3900 3223; baseline 0.004 -26"><span class='ocrx_word' id='word_1_513' title='bbox 2312 3147 2394 3200; x_wconf 88' lang='grc' dir='ltr'>ια’.</span> <span class='ocrx_word' id='word_1_514' title='bbox 2465 3144 2676 3198; x_wconf 72' lang='grc' dir='ltr'>Τούτων</span> <span class='ocrx_word' id='word_1_515' title='bbox 2752 3141 2954 3220; x_wconf 78' lang='grc' dir='ltr'>αἶ’θριοί</span> <span class='ocrx_word' id='word_1_516' title='bbox 3028 3144 3158 3199; x_wconf 79' lang='grc' dir='ltr'>εἰσιν</span> <span class='ocrx_word' id='word_1_517' title='bbox 3233 3145 3282 3200; x_wconf 84' lang='grc' dir='ltr'>ἐν</span> <span class='ocrx_word' id='word_1_518' title='bbox 3349 3148 3485 3219; x_wconf 81' lang='grc' dir='ltr'>ἡμῖν</span> <span class='ocrx_word' id='word_1_519' title='bbox 3562 3145 3900 3223; x_wconf 84' lang='grc' dir='ltr'>ἀπαρκτίας,</span> 
     </span>
    </p>
   </div>
   <div class='ocr_carea' id='block_1_73' title="bbox 2238 3231 3900 3313">
    <p class='ocr_par' dir='ltr' id='par_1_73' title="bbox 2238 3231 3900 3313">
     <span class='ocr_line' id='line_1_74' title="bbox 2238 3231 3900 3313; baseline 0.002 -27"><span class='ocrx_word' id='word_1_520' title='bbox 2238 3232 2515 3309; x_wconf 81' lang='grc' dir='ltr'>θρασκίας,</span> <span class='ocrx_word' id='word_1_521' title='bbox 2565 3234 2652 3288; x_wconf 81' lang='grc' dir='ltr'>καὶ</span> <span class='ocrx_word' id='word_1_522' title='bbox 2722 3232 3008 3307; x_wconf 85' lang='grc' dir='ltr'>ἀργέστης,</span> <span class='ocrx_word' id='word_1_523' title='bbox 3059 3231 3149 3288; x_wconf 76' lang='grc' dir='ltr'>διὰ</span> <span class='ocrx_word' id='word_1_524' title='bbox 3204 3235 3264 3288; x_wconf 85' lang='grc' dir='ltr'>τὸ</span> <span class='ocrx_word' id='word_1_525' title='bbox 3314 3234 3382 3289; x_wconf 75' lang='grc' dir='ltr'>τά</span> <span class='ocrx_word' id='word_1_526' title='bbox 3434 3233 3568 3313; x_wconf 80' lang='grc' dir='ltr'>νέφη</span> <span class='ocrx_word' id='word_1_527' title='bbox 3654 3237 3900 3292; x_wconf 72' lang='grc' dir='ltr'>ἀπωθεῖν</span> 
     </span>
    </p>
   </div>
   <div class='ocr_carea' id='block_1_74' title="bbox 2236 3317 3901 3399">
    <p class='ocr_par' dir='ltr' id='par_1_74' title="bbox 2236 3317 3901 3399">
     <span class='ocr_line' id='line_1_75' title="bbox 2236 3317 3901 3399; baseline 0.004 -25"><span class='ocrx_word' id='word_1_528' title='bbox 2236 3321 2322 3399; x_wconf 82' lang='grc' dir='ltr'>ἀφ’</span> <span class='ocrx_word' id='word_1_529' title='bbox 2352 3325 2512 3394; x_wconf 78' lang='grc' dir='ltr'>ἡμῶν</span> <span class='ocrx_word' id='word_1_530' title='bbox 2565 3323 2918 3398; x_wconf 86' lang='grc' dir='ltr'>βορειοτέρων</span> <span class='ocrx_word' id='word_1_531' title='bbox 2967 3317 3157 3377; x_wconf 74' lang='grc' dir='ltr'>ὅντων.</span> <span class='ocrx_word' id='word_1_532' title='bbox 3199 3319 3414 3398; x_wconf 67' lang='grc' dir='ltr'>Αἴθριοι</span> <span class='ocrx_word' id='word_1_533' title='bbox 3466 3320 3524 3377; x_wconf 80' lang='grc' dir='ltr'>δέ</span> <span class='ocrx_word' id='word_1_534' title='bbox 3575 3323 3740 3396; x_wconf 79' lang='grc' dir='ltr'>εἰσιν,</span> <span class='ocrx_word' id='word_1_535' title='bbox 3777 3325 3901 3380; x_wconf 75' lang='grc' dir='ltr'>ὃταν</span> 
     </span>
    </p>
   </div>
   <div class='ocr_carea' id='block_1_75' title="bbox 2240 3410 3901 3492">
    <p class='ocr_par' dir='ltr' id='par_1_75' title="bbox 2240 3410 3901 3492">
     <span class='ocr_line' id='line_1_76' title="bbox 2240 3410 3901 3492; baseline 0.003 -28"><span class='ocrx_word' id='word_1_536' title='bbox 2240 3413 2314 3483; x_wconf 83' lang='grc' dir='ltr'>μὴ</span> <span class='ocrx_word' id='word_1_537' title='bbox 2347 3411 2588 3486; x_wconf 69' lang='grc' dir='ltr'>τύχωσιν</span> <span class='ocrx_word' id='word_1_538' title='bbox 2619 3411 2752 3465; x_wconf 83' lang='grc' dir='ltr'>εἶναι</span> <span class='ocrx_word' id='word_1_539' title='bbox 2784 3410 2921 3464; x_wconf 80' lang='grc' dir='ltr'>πάνυ</span> <span class='ocrx_word' id='word_1_540' title='bbox 2959 3412 3188 3488; x_wconf 85' lang='grc' dir='ltr'>ψυχροὶ,</span> <span class='ocrx_word' id='word_1_541' title='bbox 3223 3411 3298 3474; x_wconf 83' lang='grc' dir='ltr'>ὡς</span> <span class='ocrx_word' id='word_1_542' title='bbox 3348 3411 3564 3489; x_wconf 76' lang='grc' dir='ltr'>φθάνειν</span> <span class='ocrx_word' id='word_1_543' title='bbox 3619 3415 3901 3492; x_wconf 71' lang='grc' dir='ltr'>πηγνύναι</span> 
     </span>
    </p>
   </div>
   <div class='ocr_carea' id='block_1_76' title="bbox 2233 3499 3903 3579">
    <p class='ocr_par' dir='ltr' id='par_1_76' title="bbox 2233 3499 3903 3579">
     <span class='ocr_line' id='line_1_77' title="bbox 2233 3499 3903 3579; baseline 0.004 -27"><span class='ocrx_word' id='word_1_544' title='bbox 2233 3501 2330 3568; x_wconf 76' lang='grc' dir='ltr'>τὴν</span> <span class='ocrx_word' id='word_1_545' title='bbox 2368 3499 2716 3572; x_wconf 80' lang='grc' dir='ltr'>ἀναθυμίασιν</span> <span class='ocrx_word' id='word_1_546' title='bbox 2745 3500 2834 3554; x_wconf 82' lang='grc' dir='ltr'>καὶ</span> <span class='ocrx_word' id='word_1_547' title='bbox 2876 3502 2943 3555; x_wconf 80' lang='grc' dir='ltr'>τὰ</span> <span class='ocrx_word' id='word_1_548' title='bbox 2978 3501 3113 3579; x_wconf 77' lang='grc' dir='ltr'>νέφη</span> <span class='ocrx_word' id='word_1_549' title='bbox 3160 3502 3265 3577; x_wconf 87' lang='grc' dir='ltr'>πρὸ</span> <span class='ocrx_word' id='word_1_550' title='bbox 3307 3505 3404 3555; x_wconf 71' lang='grc' dir='ltr'>τοῦ</span> <span class='ocrx_word' id='word_1_551' title='bbox 3457 3502 3816 3567; x_wconf 82' lang='grc' dir='ltr'>ἀπώσασθαι.</span> <span class='ocrx_word' id='word_1_552' title='bbox 3851 3506 3903 3558; x_wconf 85' lang='lat'>&#39;0</span> 
     </span>
    </p>
   </div>
   <div class='ocr_carea' id='block_1_77' title="bbox 2237 3585 3898 3665">
    <p class='ocr_par' dir='ltr' id='par_1_77' title="bbox 2237 3585 3898 3665">
     <span class='ocr_line' id='line_1_78' title="bbox 2237 3585 3898 3665; baseline 0.002 -23"><span class='ocrx_word' id='word_1_553' title='bbox 2237 3585 2293 3642; x_wconf 74' lang='grc' dir='ltr'>δὲ</span> <span class='ocrx_word' id='word_1_554' title='bbox 2339 3587 2552 3649; x_wconf 84' lang='grc' dir='ltr'>καικίας</span> <span class='ocrx_word' id='word_1_555' title='bbox 2600 3587 2700 3643; x_wconf 84' lang='grc' dir='ltr'>οὐκ</span> <span class='ocrx_word' id='word_1_556' title='bbox 2745 3588 2825 3642; x_wconf 87' lang='grc' dir='ltr'>ἀεί</span> <span class='ocrx_word' id='word_1_557' title='bbox 2874 3588 2982 3643; x_wconf 84' lang='grc' dir='ltr'>ἐστι</span> <span class='ocrx_word' id='word_1_558' title='bbox 3034 3586 3241 3664; x_wconf 73' lang='grc' dir='ltr'>αἶ’θριος</span> <span class='ocrx_word' id='word_1_559' title='bbox 3291 3587 3380 3645; x_wconf 74' lang='grc' dir='ltr'>διὰ</span> <span class='ocrx_word' id='word_1_560' title='bbox 3419 3590 3484 3644; x_wconf 90' lang='grc' dir='ltr'>τὸ</span> <span class='ocrx_word' id='word_1_561' title='bbox 3515 3590 3898 3665; x_wconf 76' lang='grc' dir='ltr'>ἀνακάμπτειν</span> 
     </span>
    </p>
   </div>
   <div class='ocr_carea' id='block_1_78' title="bbox 2235 3676 3903 3754">
    <p class='ocr_par' dir='ltr' id='par_1_78' title="bbox 2235 3676 3903 3754">
     <span class='ocr_line' id='line_1_79' title="bbox 2235 3676 3903 3754; baseline 0.004 -24"><span class='ocrx_word' id='word_1_562' title='bbox 2235 3677 2311 3737; x_wconf 83' lang='grc' dir='ltr'>εἷς</span> <span class='ocrx_word' id='word_1_563' title='bbox 2361 3677 2566 3745; x_wconf 73' lang='grc' dir='ltr'>ἑαυτὸν,</span> <span class='ocrx_word' id='word_1_564' title='bbox 2618 3676 2735 3732; x_wconf 82' lang='grc' dir='ltr'>ὅθεν</span> <span class='ocrx_word' id='word_1_565' title='bbox 2784 3678 3028 3754; x_wconf 80' lang='grc' dir='ltr'>ἄρχεται.</span> <span class='ocrx_word' id='word_1_566' title='bbox 3077 3676 3213 3734; x_wconf 75' lang='grc' dir='ltr'>Οὐδὲ</span> <span class='ocrx_word' id='word_1_567' title='bbox 3265 3680 3366 3754; x_wconf 79' lang='grc' dir='ltr'>γὰρ</span> <span class='ocrx_word' id='word_1_568' title='bbox 3419 3679 3629 3735; x_wconf 79' lang='grc' dir='ltr'>εὐθεῖαν</span> <span class='ocrx_word' id='word_1_569' title='bbox 3695 3682 3783 3744; x_wconf 72' lang='grc' dir='ltr'>εἷς</span> <span class='ocrx_word' id='word_1_570' title='bbox 3838 3684 3903 3737; x_wconf 69' lang='grc' dir='ltr'>τὰ</span> 
     </span>
    </p>
   </div>
   <div class='ocr_carea' id='block_1_79' title="bbox 2234 3763 3896 3847">
    <p class='ocr_par' dir='ltr' id='par_1_79' title="bbox 2234 3763 3896 3847">
     <span class='ocr_line' id='line_1_80' title="bbox 2234 3763 3896 3847; baseline 0.002 -28"><span class='ocrx_word' id='word_1_571' title='bbox 2234 3763 2440 3841; x_wconf 83' lang='grc' dir='ltr'>πλάγια</span> <span class='ocrx_word' id='word_1_572' title='bbox 2495 3767 2731 3844; x_wconf 74' lang='grc' dir='ltr'>φέρεται,</span> <span class='ocrx_word' id='word_1_573' title='bbox 2791 3766 2934 3822; x_wconf 88' lang='grc' dir='ltr'>ἀλλά</span> <span class='ocrx_word' id='word_1_574' title='bbox 2997 3769 3221 3843; x_wconf 80' lang='grc' dir='ltr'>κυρτὴν,</span> <span class='ocrx_word' id='word_1_575' title='bbox 3273 3767 3502 3844; x_wconf 80' lang='grc' dir='ltr'>ἔχουσαν</span> <span class='ocrx_word' id='word_1_576' title='bbox 3552 3770 3620 3823; x_wconf 85' lang='grc' dir='ltr'>τὸ</span> <span class='ocrx_word' id='word_1_577' title='bbox 3693 3773 3896 3847; x_wconf 81' lang='grc' dir='ltr'>κυρτὸν</span> 
     </span>
    </p>
   </div>
   <div class='ocr_carea' id='block_1_80' title="bbox 2233 3853 3896 3932">
    <p class='ocr_par' dir='ltr' id='par_1_80' title="bbox 2233 3853 3896 3932">
     <span class='ocr_line' id='line_1_81' title="bbox 2233 3853 3896 3932; baseline 0.004 -24"><span class='ocrx_word' id='word_1_578' title='bbox 2233 3853 2477 3917; x_wconf 74' lang='grc' dir='ltr'>νενευκὸς</span> <span class='ocrx_word' id='word_1_579' title='bbox 2535 3856 2672 3931; x_wconf 86' lang='grc' dir='ltr'>πρὸς</span> <span class='ocrx_word' id='word_1_580' title='bbox 2729 3860 2797 3930; x_wconf 79' lang='grc' dir='ltr'>τῇ</span> <span class='ocrx_word' id='word_1_581' title='bbox 2979 3856 3273 3913; x_wconf 75' lang='grc' dir='ltr'>Ἀνανεύων</span> <span class='ocrx_word' id='word_1_582' title='bbox 3304 3855 3360 3912; x_wconf 76' lang='grc' dir='ltr'>δὲ</span> <span class='ocrx_word' id='word_1_583' title='bbox 3388 3857 3479 3912; x_wconf 88' lang='grc' dir='ltr'>καὶ</span> <span class='ocrx_word' id='word_1_584' title='bbox 3524 3860 3896 3930; x_wconf 69' lang='grc' dir='ltr'>προσπίπτων</span> 
     </span>
    </p>
   </div>
   <div class='ocr_carea' id='block_1_81' title="bbox 2232 3944 3899 4021">
    <p class='ocr_par' dir='ltr' id='par_1_81' title="bbox 2232 3944 3899 4021">
     <span class='ocr_line' id='line_1_82' title="bbox 2232 3944 3899 4021; baseline 0.004 -25"><span class='ocrx_word' id='word_1_585' title='bbox 2232 3948 2344 4004; x_wconf 86' lang='grc' dir='ltr'>τοῖς</span> <span class='ocrx_word' id='word_1_586' title='bbox 2392 3944 2599 4021; x_wconf 77' lang='grc' dir='ltr'>νέφεσιν</span> <span class='ocrx_word' id='word_1_587' title='bbox 2651 3944 2749 3998; x_wconf 78' lang='grc' dir='ltr'>οὐκ</span> <span class='ocrx_word' id='word_1_588' title='bbox 2804 3945 3012 4008; x_wconf 86' lang='grc' dir='ltr'>ἀπωθεῖ</span> <span class='ocrx_word' id='word_1_589' title='bbox 3065 3949 3250 4018; x_wconf 79' lang='grc' dir='ltr'>ταῦτα,</span> <span class='ocrx_word' id='word_1_590' title='bbox 3300 3944 3446 4000; x_wconf 86' lang='grc' dir='ltr'>ἀλλά</span> <span class='ocrx_word' id='word_1_591' title='bbox 3494 3949 3774 4021; x_wconf 75' lang='grc' dir='ltr'>προσάγει</span> <span class='ocrx_word' id='word_1_592' title='bbox 3823 3954 3899 4020; x_wconf 78' lang='grc' dir='ltr'>τῷ</span> 
     </span>
    </p>
   </div>
   <div class='ocr_carea' id='block_1_82' title="bbox 2229 4031 3898 4110">
    <p class='ocr_par' dir='ltr' id='par_1_82' title="bbox 2229 4031 3898 4110">
     <span class='ocr_line' id='line_1_83' title="bbox 2229 4031 3898 4110; baseline 0.004 -24"><span class='ocrx_word' id='word_1_593' title='bbox 2229 4032 2385 4104; x_wconf 83' lang='grc' dir='ltr'>τόπῳ</span> <span class='ocrx_word' id='word_1_594' title='bbox 2431 4033 2546 4088; x_wconf 81' lang='grc' dir='ltr'>ὅθεν</span> <span class='ocrx_word' id='word_1_595' title='bbox 2605 4033 2764 4095; x_wconf 80' lang='grc' dir='ltr'>οὗτος</span> <span class='ocrx_word' id='word_1_596' title='bbox 2795 4035 2823 4087; x_wconf 90' lang='grc' dir='ltr'>ὁ</span> <span class='ocrx_word' id='word_1_597' title='bbox 2850 4034 3046 4106; x_wconf 83' lang='grc' dir='ltr'>ἄνεμος</span> <span class='ocrx_word' id='word_1_598' title='bbox 3076 4039 3218 4092; x_wconf 86' lang='grc' dir='ltr'>πνεῖ.</span> <span class='ocrx_word' id='word_1_599' title='bbox 3249 4039 3417 4089; x_wconf 80' lang='grc' dir='ltr'>Τοῦτο</span> <span class='ocrx_word' id='word_1_600' title='bbox 3450 4031 3497 4088; x_wconf 83' lang='lat'>6’</span> <span class='ocrx_word' id='word_1_601' title='bbox 3537 4033 3597 4089; x_wconf 74' lang='grc' dir='ltr'>ἂν</span> <span class='ocrx_word' id='word_1_602' title='bbox 3655 4032 3898 4110; x_wconf 75' lang='grc' dir='ltr'>συμϐαί-</span> 
     </span>
    </p>
   </div>
   <div class='ocr_carea' id='block_1_83' title="bbox 2231 4121 3895 4198">
    <p class='ocr_par' dir='ltr' id='par_1_83' title="bbox 2231 4121 3895 4198">
     <span class='ocr_line' id='line_1_84' title="bbox 2231 4121 3895 4198; baseline 0.003 -23"><span class='ocrx_word' id='word_1_603' title='bbox 2231 4143 2312 4176; x_wconf 91' lang='grc' dir='ltr'>νοι</span> <span class='ocrx_word' id='word_1_604' title='bbox 2345 4122 2466 4198; x_wconf 82' lang='grc' dir='ltr'>περὶ</span> <span class='ocrx_word' id='word_1_605' title='bbox 2499 4122 2655 4176; x_wconf 85' lang='grc' dir='ltr'>αὐτὸν</span> <span class='ocrx_word' id='word_1_606' title='bbox 2687 4127 2766 4194; x_wconf 82' lang='grc' dir='ltr'>τῷ</span> <span class='ocrx_word' id='word_1_607' title='bbox 2804 4121 3222 4198; x_wconf 78' lang='grc' dir='ltr'>προσγειότερον</span> <span class='ocrx_word' id='word_1_608' title='bbox 3273 4122 3419 4195; x_wconf 78' lang='grc' dir='ltr'>αὖτῷ</span> <span class='ocrx_word' id='word_1_609' title='bbox 3469 4124 3695 4178; x_wconf 61' lang='grc' dir='ltr'>πνέοντι</span> <span class='ocrx_word' id='word_1_610' title='bbox 3745 4125 3895 4180; x_wconf 75' lang='grc' dir='ltr'>ἀντι-</span> 
     </span>
    </p>
   </div>
   <div class='ocr_carea' id='block_1_84' title="bbox 2230 4210 3894 4288">
    <p class='ocr_par' dir='ltr' id='par_1_84' title="bbox 2230 4210 3894 4288">
     <span class='ocr_line' id='line_1_85' title="bbox 2230 4210 3894 4288; baseline 0.004 -24"><span class='ocrx_word' id='word_1_611' title='bbox 2230 4211 2442 4266; x_wconf 88' lang='grc' dir='ltr'>πίπτειν</span> <span class='ocrx_word' id='word_1_612' title='bbox 2500 4213 2650 4273; x_wconf 82' lang='grc' dir='ltr'>τινὰς</span> <span class='ocrx_word' id='word_1_613' title='bbox 2698 4219 2796 4280; x_wconf 86' lang='grc' dir='ltr'>τῆς</span> <span class='ocrx_word' id='word_1_614' title='bbox 2840 4218 2943 4287; x_wconf 84' lang='grc' dir='ltr'>γῆς</span> <span class='ocrx_word' id='word_1_615' title='bbox 2991 4210 3208 4286; x_wconf 74' lang='grc' dir='ltr'>ἐξοχὰς,</span> <span class='ocrx_word' id='word_1_616' title='bbox 3259 4213 3348 4266; x_wconf 81' lang='grc' dir='ltr'>καὶ</span> <span class='ocrx_word' id='word_1_617' title='bbox 3401 4211 3577 4274; x_wconf 79' lang='grc' dir='ltr'>οὕτως</span> <span class='ocrx_word' id='word_1_618' title='bbox 3634 4213 3894 4288; x_wconf 79' lang='grc' dir='ltr'>ἀναστρέ-</span> 
     </span>
    </p>
   </div>
   <div class='ocr_carea' id='block_1_85' title="bbox 2231 4298 3892 4380">
    <p class='ocr_par' dir='ltr' id='par_1_85' title="bbox 2231 4298 3892 4380">
     <span class='ocr_line' id='line_1_86' title="bbox 2231 4298 3892 4380; baseline 0.002 -27"><span class='ocrx_word' id='word_1_619' title='bbox 2231 4321 2345 4376; x_wconf 75' lang='grc' dir='ltr'>φειν</span> <span class='ocrx_word' id='word_1_620' title='bbox 2409 4300 2482 4362; x_wconf 69' lang='grc' dir='ltr'>εἲς</span> <span class='ocrx_word' id='word_1_621' title='bbox 2529 4301 2591 4354; x_wconf 90' lang='grc' dir='ltr'>τὸ</span> <span class='ocrx_word' id='word_1_622' title='bbox 2641 4298 2751 4354; x_wconf 83' lang='grc' dir='ltr'>ἄνω</span> <span class='ocrx_word' id='word_1_623' title='bbox 2797 4302 2896 4368; x_wconf 72' lang='grc' dir='ltr'>τὴν</span> <span class='ocrx_word' id='word_1_624' title='bbox 2945 4305 3042 4355; x_wconf 73' lang='grc' dir='ltr'>τοῦ</span> <span class='ocrx_word' id='word_1_625' title='bbox 3091 4300 3398 4374; x_wconf 77' lang='grc' dir='ltr'>πνεύματος</span> <span class='ocrx_word' id='word_1_626' title='bbox 3455 4299 3624 4356; x_wconf 71' lang='grc' dir='ltr'>τοῦδε</span> <span class='ocrx_word' id='word_1_627' title='bbox 3693 4304 3892 4380; x_wconf 70' lang='grc' dir='ltr'>φοράν.</span> 
     </span>
    </p>
   </div>
   <div class='ocr_carea' id='block_1_86' title="bbox 2229 4387 3891 4464">
    <p class='ocr_par' dir='ltr' id='par_1_86' title="bbox 2229 4387 3891 4464">
     <span class='ocr_line' id='line_1_87' title="bbox 2229 4387 3891 4464; baseline 0.003 -22"><span class='ocrx_word' id='word_1_628' title='bbox 2229 4389 2412 4464; x_wconf 82' lang='grc' dir='ltr'>Ὑγροὶ</span> <span class='ocrx_word' id='word_1_629' title='bbox 2469 4387 2525 4443; x_wconf 73' lang='grc' dir='ltr'>δὲ</span> <span class='ocrx_word' id='word_1_630' title='bbox 2588 4387 2823 4462; x_wconf 86' lang='grc' dir='ltr'>μάλιστα</span> <span class='ocrx_word' id='word_1_631' title='bbox 2877 4394 2985 4444; x_wconf 89' lang='grc' dir='ltr'>τῶν</span> <span class='ocrx_word' id='word_1_632' title='bbox 3041 4389 3252 4462; x_wconf 81' lang='grc' dir='ltr'>ἀνέμων</span> <span class='ocrx_word' id='word_1_633' title='bbox 3322 4390 3424 4444; x_wconf 76' lang='grc' dir='ltr'>εῒσὶ</span> <span class='ocrx_word' id='word_1_634' title='bbox 3484 4389 3611 4463; x_wconf 83' lang='grc' dir='ltr'>λὶψ,</span> <span class='ocrx_word' id='word_1_635' title='bbox 3673 4393 3891 4454; x_wconf 80' lang='grc' dir='ltr'>καικίας</span> 
     </span>
    </p>
   </div>
   <div class='ocr_carea' id='block_1_87' title="bbox 471 4475 2119 4581">
    <p class='ocr_par' dir='ltr' id='par_1_87' title="bbox 471 4478 2117 4548">
     <span class='ocr_line' id='line_1_88' title="bbox 471 4478 2117 4548; baseline -0.001 -12"><span class='ocrx_word' id='word_1_636' title='bbox 471 4485 612 4536; x_wconf 88' lang='lat' dir='ltr'>sunt</span> <span class='ocrx_word' id='word_1_637' title='bbox 632 4498 699 4536; x_wconf 87' lang='lat' dir='ltr'>ex</span> <span class='ocrx_word' id='word_1_638' title='bbox 723 4481 910 4536; x_wconf 88' lang='lat' dir='ltr'>ventis</span> <span class='ocrx_word' id='word_1_639' title='bbox 936 4496 948 4533; x_wconf 89' lang='lat'>:</span> <span class='ocrx_word' id='word_1_640' title='bbox 983 4479 1218 4546; x_wconf 87' lang='lat' dir='ltr'>africus,</span> <span class='ocrx_word' id='word_1_641' title='bbox 1244 4479 1448 4534; x_wconf 69' lang='lat' dir='ltr'>caecias</span> <span class='ocrx_word' id='word_1_642' title='bbox 1468 4483 1523 4533; x_wconf 90' lang='lat' dir='ltr'>et</span> <span class='ocrx_word' id='word_1_643' title='bbox 1545 4478 1930 4546; x_wconf 88' lang='lat' dir='ltr'>subsolanus;</span> <span class='ocrx_word' id='word_1_644' title='bbox 1957 4479 2117 4548; x_wconf 90' lang='lat' dir='ltr'>sicci,</span> 
     </span>
    </p>
   </div>
   <div class='ocr_carea' id='block_1_88' title="bbox 2233 4475 3891 4581">
    <p class='ocr_par' dir='ltr' id='par_1_88' title="bbox 2233 4475 3891 4581">
     <span class='ocr_line' id='line_1_89' title="bbox 2233 4475 3891 4556; baseline 0.003 -25"><span class='ocrx_word' id='word_1_645' title='bbox 2233 4478 2317 4531; x_wconf 83' lang='grc' dir='ltr'>καὶ</span> <span class='ocrx_word' id='word_1_646' title='bbox 2376 4477 2722 4548; x_wconf 84' lang='grc' dir='ltr'>ἀπηλιώτης·</span> <span class='ocrx_word' id='word_1_647' title='bbox 2787 4478 2940 4554; x_wconf 81' lang='grc' dir='ltr'>ξηροὶ</span> <span class='ocrx_word' id='word_1_648' title='bbox 3001 4475 3058 4533; x_wconf 74' lang='grc' dir='ltr'>δὲ</span> <span class='ocrx_word' id='word_1_649' title='bbox 3117 4477 3382 4554; x_wconf 84' lang='grc' dir='ltr'>ἀργέστης</span> <span class='ocrx_word' id='word_1_650' title='bbox 3439 4479 3528 4535; x_wconf 76' lang='grc' dir='ltr'>καὶ</span> <span class='ocrx_word' id='word_1_651' title='bbox 3588 4478 3778 4556; x_wconf 73' lang='grc' dir='ltr'>εὖρος·</span> <span class='ocrx_word' id='word_1_652' title='bbox 3837 4483 3891 4542; x_wconf 77' lang='grc' dir='ltr'>ὃς</span> 
     </span>
     <span class='ocr_line' id='line_1_90' title="bbox 2255 4564 3854 4581; baseline 0 0"><span class='ocrx_word' id='word_1_653' title='bbox 2255 4564 2281 4581; x_wconf 71' lang='grc' dir='ltr'>ν</span> <span class='ocrx_word' id='word_1_654' title='bbox 2419 4566 2432 4581; x_wconf 66' lang='grc' dir='ltr'><strong>ς</strong></span> <span class='ocrx_word' id='word_1_655' title='bbox 2513 4568 2525 4580; x_wconf 80' lang='lat'>.</span> <span class='ocrx_word' id='word_1_656' title='bbox 2619 4571 2646 4581; x_wconf 83' lang='grc'>..</span> <span class='ocrx_word' id='word_1_657' title='bbox 2726 4567 2741 4581; x_wconf 62' lang='grc' dir='ltr'>ι</span> <span class='ocrx_word' id='word_1_658' title='bbox 2844 4568 2856 4581; x_wconf 86' lang='grc'><strong>.</strong></span> <span class='ocrx_word' id='word_1_659' title='bbox 2928 4569 2938 4581; x_wconf 91' lang='grc'><strong><em>.</em></strong></span> <span class='ocrx_word' id='word_1_660' title='bbox 3125 4569 3145 4581; x_wconf 82' lang='lat'>.</span> <span class='ocrx_word' id='word_1_661' title='bbox 3231 4569 3244 4581; x_wconf 83' lang='lat'>.</span> <span class='ocrx_word' id='word_1_662' title='bbox 3419 4568 3437 4581; x_wconf 57' lang='grc' dir='ltr'>ς</span> <span class='ocrx_word' id='word_1_663' title='bbox 3557 4574 3585 4581; x_wconf 85' lang='lat'>_</span> <span class='ocrx_word' id='word_1_664' title='bbox 3691 4568 3735 4581; x_wconf 55' lang='grc' dir='ltr'>μ</span> <span class='ocrx_word' id='word_1_665' title='bbox 3846 4571 3854 4581; x_wconf 90' lang='grc'>,</span> 
     </span>
    </p>
   </div>
   <div class='ocr_carea' id='block_1_89' title="bbox 2255 4564 2281 4584">
    <p class='ocr_par' dir='ltr' id='par_1_89' title="bbox 2255 4564 2281 4584">
     <span class='ocr_line' id='line_1_91' title="bbox 2255 4564 2281 4584; baseline 0 -12"><span class='ocrx_word' id='word_1_666' title='bbox 2255 4564 2281 4584; x_wconf 63' lang='grc' dir='ltr'><strong>γ</strong></span> 
     </span>
    </p>
   </div>
   <div class='ocr_carea' id='block_1_90' title="bbox 470 4567 2117 4640">
    <p class='ocr_par' dir='ltr' id='par_1_90' title="bbox 470 4567 2117 4640">
     <span class='ocr_line' id='line_1_92' title="bbox 470 4567 2117 4640; baseline -0.002 -15"><span class='ocrx_word' id='word_1_667' title='bbox 470 4587 642 4626; x_wconf 90' lang='lat' dir='ltr'>corus</span> <span class='ocrx_word' id='word_1_668' title='bbox 671 4575 727 4625; x_wconf 87' lang='lat' dir='ltr'>et</span> <span class='ocrx_word' id='word_1_669' title='bbox 756 4570 1102 4624; x_wconf 85' lang='lat' dir='ltr'>vulturnus:</span> <span class='ocrx_word' id='word_1_670' title='bbox 1137 4569 1232 4639; x_wconf 92' lang='lat' dir='ltr'>qui</span> <span class='ocrx_word' id='word_1_671' title='bbox 1256 4568 1565 4623; x_wconf 87' lang='lat' dir='ltr'>vulturnus</span> <span class='ocrx_word' id='word_1_672' title='bbox 1593 4567 1652 4621; x_wconf 93' lang='lat' dir='ltr'>in</span> <span class='ocrx_word' id='word_1_673' title='bbox 1677 4568 1966 4640; x_wconf 88' lang='lat' dir='ltr'>principio</span> <span class='ocrx_word' id='word_1_674' title='bbox 1991 4568 2117 4639; x_wconf 92' lang='lat' dir='ltr'>qui-</span> 
     </span>
    </p>
   </div>
   <div class='ocr_carea' id='block_1_91' title="bbox 468 4658 2118 4728">
    <p class='ocr_par' dir='ltr' id='par_1_91' title="bbox 468 4658 2118 4728">
     <span class='ocr_line' id='line_1_93' title="bbox 468 4658 2118 4728; baseline -0.001 -14"><span class='ocrx_word' id='word_1_675' title='bbox 468 4660 602 4716; x_wconf 90' lang='lat' dir='ltr'>dem</span> <span class='ocrx_word' id='word_1_676' title='bbox 635 4661 824 4714; x_wconf 91' lang='lat' dir='ltr'>siccus</span> <span class='ocrx_word' id='word_1_677' title='bbox 856 4663 962 4722; x_wconf 90' lang='lat' dir='ltr'>est,</span> <span class='ocrx_word' id='word_1_678' title='bbox 989 4659 1089 4713; x_wconf 90' lang='lat' dir='ltr'>sed</span> <span class='ocrx_word' id='word_1_679' title='bbox 1121 4658 1359 4712; x_wconf 89' lang='lat' dir='ltr'>tandem</span> <span class='ocrx_word' id='word_1_680' title='bbox 1388 4673 1598 4728; x_wconf 88' lang='lat' dir='ltr'>aquam</span> <span class='ocrx_word' id='word_1_681' title='bbox 1624 4658 1854 4712; x_wconf 90' lang='lat' dir='ltr'>mittere</span> <span class='ocrx_word' id='word_1_682' title='bbox 1881 4673 2118 4712; x_wconf 88' lang='lat' dir='ltr'>consue-</span> 
     </span>
    </p>
   </div>
   <div class='ocr_carea' id='block_1_92' title="bbox 465 4744 2115 4817">
    <p class='ocr_par' dir='ltr' id='par_1_92' title="bbox 465 4744 2115 4817">
     <span class='ocr_line' id='line_1_94' title="bbox 465 4744 2115 4817; baseline -0.002 -14"><span class='ocrx_word' id='word_1_683' title='bbox 465 4749 568 4803; x_wconf 88' lang='lat' dir='ltr'>vit.</span> <span class='ocrx_word' id='word_1_684' title='bbox 598 4748 828 4803; x_wconf 91' lang='lat' dir='ltr'>Nivales</span> <span class='ocrx_word' id='word_1_685' title='bbox 853 4747 1122 4814; x_wconf 86' lang='lat' dir='ltr'>maxime,</span> <span class='ocrx_word' id='word_1_686' title='bbox 1150 4762 1338 4801; x_wconf 89' lang='lat' dir='ltr'>meses</span> <span class='ocrx_word' id='word_1_687' title='bbox 1364 4751 1421 4800; x_wconf 89' lang='lat' dir='ltr'>et</span> <span class='ocrx_word' id='word_1_688' title='bbox 1444 4746 1780 4817; x_wconf 88' lang='lat' dir='ltr'>septentrio,</span> <span class='ocrx_word' id='word_1_689' title='bbox 1809 4745 2025 4816; x_wconf 90' lang='lat' dir='ltr'>quippe</span> <span class='ocrx_word' id='word_1_690' title='bbox 2055 4744 2115 4800; x_wconf 90' lang='lat' dir='ltr'>hi</span> 
     </span>
    </p>
   </div>
   <div class='ocr_carea' id='block_1_93' title="bbox 465 4833 2111 4910">
    <p class='ocr_par' dir='ltr' id='par_1_93' title="bbox 465 4833 2111 4910">
     <span class='ocr_line' id='line_1_95' title="bbox 465 4833 2111 4910; baseline -0.002 -18"><span class='ocrx_word' id='word_1_691' title='bbox 465 4837 871 4910; x_wconf 89' lang='lat' dir='ltr'>frigidissimi;</span> <span class='ocrx_word' id='word_1_692' title='bbox 899 4836 1153 4906; x_wconf 71' lang='lat' dir='ltr'>aestuosi,</span> <span class='ocrx_word' id='word_1_693' title='bbox 1169 4841 1387 4905; x_wconf 89' lang='lat' dir='ltr'>auster,</span> <span class='ocrx_word' id='word_1_694' title='bbox 1404 4833 1689 4900; x_wconf 84' lang='lat' dir='ltr'>favonius,</span> <span class='ocrx_word' id='word_1_695' title='bbox 1705 4839 1760 4888; x_wconf 93' lang='lat' dir='ltr'>et</span> <span class='ocrx_word' id='word_1_696' title='bbox 1781 4833 2111 4890; x_wconf 91' lang='lat' dir='ltr'>vulturnus.</span> 
     </span>
    </p>
   </div>
   <div class='ocr_carea' id='block_1_94' title="bbox 463 4923 2112 4996">
    <p class='ocr_par' dir='ltr' id='par_1_94' title="bbox 463 4923 2112 4996">
     <span class='ocr_line' id='line_1_96' title="bbox 463 4923 2112 4996; baseline -0.002 -15"><span class='ocrx_word' id='word_1_697' title='bbox 463 4927 732 4981; x_wconf 90' lang='lat' dir='ltr'>Nubibus</span> <span class='ocrx_word' id='word_1_698' title='bbox 758 4931 953 4982; x_wconf 91' lang='lat' dir='ltr'>autem</span> <span class='ocrx_word' id='word_1_699' title='bbox 979 4927 1199 4996; x_wconf 90' lang='lat' dir='ltr'>stipant</span> <span class='ocrx_word' id='word_1_700' title='bbox 1224 4923 1454 4990; x_wconf 78' lang='lat' dir='ltr'>ccelum,</span> <span class='ocrx_word' id='word_1_701' title='bbox 1479 4923 1850 4978; x_wconf 90' lang='lat' dir='ltr'>densioribus</span> <span class='ocrx_word' id='word_1_702' title='bbox 1875 4923 2112 4994; x_wconf 91' lang='lat' dir='ltr'>quidem</span> 
     </span>
    </p>
   </div>
   <div class='ocr_carea' id='block_1_95' title="bbox 465 5011 2115 5084">
    <p class='ocr_par' dir='ltr' id='par_1_95' title="bbox 465 5011 2115 5084">
     <span class='ocr_line' id='line_1_97' title="bbox 465 5011 2115 5084; baseline -0.001 -15"><span class='ocrx_word' id='word_1_703' title='bbox 465 5016 686 5082; x_wconf 65' lang='lat' dir='ltr'>caecias,</span> <span class='ocrx_word' id='word_1_704' title='bbox 719 5014 1062 5069; x_wconf 89' lang='lat' dir='ltr'>rariusculis</span> <span class='ocrx_word' id='word_1_705' title='bbox 1105 5013 1536 5084; x_wconf 88' lang='lat' dir='ltr'>quodammodo</span> <span class='ocrx_word' id='word_1_706' title='bbox 1585 5012 1822 5066; x_wconf 79' lang='lat' dir='ltr'>africus.</span> <span class='ocrx_word' id='word_1_707' title='bbox 1860 5011 2115 5083; x_wconf 88' lang='lat' dir='ltr'>Fulgura</span> 
     </span>
    </p>
   </div>
   <div class='ocr_carea' id='block_1_96' title="bbox 464 5103 2111 5172">
    <p class='ocr_par' dir='ltr' id='par_1_96' title="bbox 464 5103 2111 5172">
     <span class='ocr_line' id='line_1_98' title="bbox 464 5103 2111 5172; baseline 0 -15"><span class='ocrx_word' id='word_1_708' title='bbox 464 5104 733 5171; x_wconf 72' lang='lat' dir='ltr'>afferunt,</span> <span class='ocrx_word' id='word_1_709' title='bbox 770 5104 1108 5172; x_wconf 86' lang='lat' dir='ltr'>septentrio,</span> <span class='ocrx_word' id='word_1_710' title='bbox 1145 5103 1450 5168; x_wconf 89' lang='lat' dir='ltr'>thrascias,</span> <span class='ocrx_word' id='word_1_711' title='bbox 1493 5105 1550 5155; x_wconf 93' lang='lat' dir='ltr'>et</span> <span class='ocrx_word' id='word_1_712' title='bbox 1597 5118 1770 5156; x_wconf 91' lang='lat' dir='ltr'>corus</span> <span class='ocrx_word' id='word_1_713' title='bbox 1814 5105 1869 5156; x_wconf 92' lang='lat' dir='ltr'>et</span> <span class='ocrx_word' id='word_1_714' title='bbox 1922 5118 2111 5157; x_wconf 90' lang='lat' dir='ltr'>meses</span> 
     </span>
    </p>
   </div>
   <div class='ocr_carea' id='block_1_97' title="bbox 461 5189 2110 5263">
    <p class='ocr_par' dir='ltr' id='par_1_97' title="bbox 461 5189 2110 5263">
     <span class='ocr_line' id='line_1_99' title="bbox 461 5189 2110 5263; baseline -0.001 -17"><span class='ocrx_word' id='word_1_715' title='bbox 461 5191 728 5263; x_wconf 89' lang='lat' dir='ltr'>insuper.</span> <span class='ocrx_word' id='word_1_716' title='bbox 765 5192 908 5245; x_wconf 90' lang='lat' dir='ltr'>Cum</span> <span class='ocrx_word' id='word_1_717' title='bbox 953 5192 1108 5246; x_wconf 89' lang='lat' dir='ltr'>enim</span> <span class='ocrx_word' id='word_1_718' title='bbox 1146 5191 1337 5263; x_wconf 78' lang='lat' dir='ltr'>frigidi</span> <span class='ocrx_word' id='word_1_719' title='bbox 1370 5189 1503 5253; x_wconf 90' lang='lat' dir='ltr'>sint,</span> <span class='ocrx_word' id='word_1_720' title='bbox 1540 5189 1675 5260; x_wconf 88' lang='lat' dir='ltr'>quia</span> <span class='ocrx_word' id='word_1_721' title='bbox 1718 5190 1955 5261; x_wconf 91' lang='lat' dir='ltr'>propius</span> <span class='ocrx_word' id='word_1_722' title='bbox 2003 5207 2110 5245; x_wconf 92' lang='lat' dir='ltr'>nos</span> 
     </span>
    </p>
   </div>
   <div class='ocr_carea' id='block_1_98' title="bbox 463 5279 2108 5351">
    <p class='ocr_par' dir='ltr' id='par_1_98' title="bbox 463 5279 2108 5351">
     <span class='ocr_line' id='line_1_100' title="bbox 463 5279 2108 5351; baseline -0.001 -17"><span class='ocrx_word' id='word_1_723' title='bbox 463 5280 607 5334; x_wconf 86' lang='lat' dir='ltr'>ﬂant</span> <span class='ocrx_word' id='word_1_724' title='bbox 638 5281 992 5351; x_wconf 87' lang='lat' dir='ltr'>veniuntque</span> <span class='ocrx_word' id='word_1_725' title='bbox 1037 5298 1069 5334; x_wconf 87' lang='lat' dir='ltr'>a</span> <span class='ocrx_word' id='word_1_726' title='bbox 1118 5281 1382 5351; x_wconf 84' lang='lat' dir='ltr'>partibus</span> <span class='ocrx_word' id='word_1_727' title='bbox 1425 5279 1658 5334; x_wconf 90' lang='lat' dir='ltr'>arcticis</span> <span class='ocrx_word' id='word_1_728' title='bbox 1709 5295 1835 5350; x_wconf 75' lang='lat' dir='ltr'>quae</span> <span class='ocrx_word' id='word_1_729' title='bbox 1887 5280 2108 5351; x_wconf 67' lang='lat' dir='ltr'>frigidae</span> 
     </span>
    </p>
   </div>
   <div class='ocr_carea' id='block_1_99' title="bbox 463 5369 2110 5440">
    <p class='ocr_par' dir='ltr' id='par_1_99' title="bbox 463 5369 2110 5440">
     <span class='ocr_line' id='line_1_101' title="bbox 463 5369 2110 5440; baseline -0.001 -16"><span class='ocrx_word' id='word_1_730' title='bbox 463 5376 650 5435; x_wconf 87' lang='lat' dir='ltr'>sunt;</span> <span class='ocrx_word' id='word_1_731' title='bbox 722 5375 955 5440; x_wconf 84' lang='lat' dir='ltr'>prOpter</span> <span class='ocrx_word' id='word_1_732' title='bbox 1014 5369 1389 5440; x_wconf 70' lang='lat' dir='ltr'>{rigiditatem</span> <span class='ocrx_word' id='word_1_733' title='bbox 1451 5372 1634 5423; x_wconf 86' lang='lat' dir='ltr'>nubes</span> <span class='ocrx_word' id='word_1_734' title='bbox 1698 5369 1977 5438; x_wconf 87' lang='lat' dir='ltr'>spissant.</span> <span class='ocrx_word' id='word_1_735' title='bbox 2038 5372 2110 5423; x_wconf 87' lang='lat' dir='ltr'>At</span> 
     </span>
    </p>
   </div>
   <div class='ocr_carea' id='block_1_100' title="bbox 458 5457 2105 5528">
    <p class='ocr_par' dir='ltr' id='par_1_100' title="bbox 458 5457 2105 5528">
     <span class='ocr_line' id='line_1_102' title="bbox 458 5457 2105 5528; baseline -0.001 -15"><span class='ocrx_word' id='word_1_736' title='bbox 458 5475 593 5513; x_wconf 84' lang='lat' dir='ltr'>vero</span> <span class='ocrx_word' id='word_1_737' title='bbox 647 5474 781 5511; x_wconf 90' lang='lat' dir='ltr'>cum</span> <span class='ocrx_word' id='word_1_738' title='bbox 832 5459 1018 5512; x_wconf 88' lang='lat' dir='ltr'>nubes</span> <span class='ocrx_word' id='word_1_739' title='bbox 1069 5459 1420 5528; x_wconf 83' lang='lat' dir='ltr'>spissantur,</span> <span class='ocrx_word' id='word_1_740' title='bbox 1467 5459 1616 5528; x_wconf 91' lang='lat' dir='ltr'>quod</span> <span class='ocrx_word' id='word_1_741' title='bbox 1664 5457 1808 5511; x_wconf 85' lang='lat' dir='ltr'>inibi</span> <span class='ocrx_word' id='word_1_742' title='bbox 1850 5457 2105 5512; x_wconf 89' lang='lat' dir='ltr'>calidum</span> 
     </span>
    </p>
   </div>
   <div class='ocr_carea' id='block_1_101' title="bbox 456 5546 2107 5618">
    <p class='ocr_par' dir='ltr' id='par_1_101' title="bbox 456 5546 2107 5618">
     <span class='ocr_line' id='line_1_103' title="bbox 456 5546 2107 5618; baseline -0.002 -14"><span class='ocrx_word' id='word_1_743' title='bbox 456 5547 726 5604; x_wconf 85' lang='lat' dir='ltr'>relictum</span> <span class='ocrx_word' id='word_1_744' title='bbox 758 5552 847 5602; x_wconf 90' lang='lat' dir='ltr'>est</span> <span class='ocrx_word' id='word_1_745' title='bbox 877 5548 1017 5602; x_wconf 88' lang='lat' dir='ltr'>dum</span> <span class='ocrx_word' id='word_1_746' title='bbox 1048 5547 1106 5600; x_wconf 91' lang='lat' dir='ltr'>in</span> <span class='ocrx_word' id='word_1_747' title='bbox 1139 5565 1319 5601; x_wconf 89' lang='lat' dir='ltr'>unum</span> <span class='ocrx_word' id='word_1_748' title='bbox 1354 5548 1600 5618; x_wconf 84' lang='lat' dir='ltr'>cogitur,</span> <span class='ocrx_word' id='word_1_749' title='bbox 1636 5546 1853 5618; x_wconf 91' lang='lat' dir='ltr'>pcrvim</span> <span class='ocrx_word' id='word_1_750' title='bbox 1889 5548 2107 5603; x_wconf 89' lang='lat' dir='ltr'>confer-</span> 
     </span>
    </p>
   </div>
   <div class='ocr_carea' id='block_1_102' title="bbox 452 5636 2104 5694">
    <p class='ocr_par' dir='ltr' id='par_1_102' title="bbox 452 5636 2104 5694">
     <span class='ocr_line' id='line_1_104' title="bbox 452 5636 2104 5694; baseline -0.001 0"><span class='ocrx_word' id='word_1_751' title='bbox 452 5636 561 5694; x_wconf 89' lang='lat' dir='ltr'>tim</span> <span class='ocrx_word' id='word_1_752' title='bbox 593 5636 922 5692; x_wconf 90' lang='lat' dir='ltr'>vehementi</span> <span class='ocrx_word' id='word_1_753' title='bbox 954 5639 1115 5692; x_wconf 85' lang='lat' dir='ltr'>motu</span> <span class='ocrx_word' id='word_1_754' title='bbox 1148 5636 1580 5690; x_wconf 84' lang='lat' dir='ltr'>inﬂammatum</span> <span class='ocrx_word' id='word_1_755' title='bbox 1612 5638 1958 5692; x_wconf 88' lang='lat' dir='ltr'>excernitur.</span> <span class='ocrx_word' id='word_1_756' title='bbox 1991 5637 2104 5693; x_wconf 84' lang='lat' dir='ltr'>Ho-</span> 
     </span>
    </p>
   </div>
   <div class='ocr_carea' id='block_1_103' title="bbox 521 5849 1835 5924">
    <p class='ocr_par' dir='ltr' id='par_1_103' title="bbox 521 5849 1835 5924">
     <span class='ocr_line' id='line_1_105' title="bbox 521 5849 1835 5924; baseline -0.008 -6"><span class='ocrx_word' id='word_1_757' title='bbox 521 5857 545 5904; x_wconf 77' lang='grc'><strong><em>⁵</em></strong></span> <span class='ocrx_word' id='word_1_758' title='bbox 573 5873 618 5922; x_wconf 82' lang='lat' dir='ltr'>n</span> <span class='ocrx_word' id='word_1_759' title='bbox 647 5854 886 5917; x_wconf 84' lang='lat' dir='ltr'>Meteor.</span> <span class='ocrx_word' id='word_1_760' title='bbox 920 5870 968 5914; x_wconf 84' lang='grc' dir='ltr'>ο.</span> <span class='ocrx_word' id='word_1_761' title='bbox 999 5853 1034 5913; x_wconf 85' lang='grc'>4</span> <span class='ocrx_word' id='word_1_762' title='bbox 1077 5854 1135 5913; x_wconf 86' lang='lat' dir='ltr'>et</span> <span class='ocrx_word' id='word_1_763' title='bbox 1160 5852 1216 5924; x_wconf 85' lang='lat'>6,</span> <span class='ocrx_word' id='word_1_764' title='bbox 1247 5854 1306 5912; x_wconf 85' lang='lat' dir='ltr'>et</span> <span class='ocrx_word' id='word_1_765' title='bbox 1335 5849 1417 5911; x_wconf 87' lang='lat' dir='ltr'>De</span> <span class='ocrx_word' id='word_1_766' title='bbox 1447 5849 1666 5910; x_wconf 87' lang='lat' dir='ltr'>mundo</span> <span class='ocrx_word' id='word_1_767' title='bbox 1697 5865 1750 5911; x_wconf 82' lang='grc' dir='ltr'>ο.</span> <span class='ocrx_word' id='word_1_768' title='bbox 1778 5850 1835 5913; x_wconf 75' lang='grc'>4.</span> 
     </span>
    </p>
   </div>
   <div class='ocr_carea' id='block_1_104' title="bbox 2228 4566 3890 4645">
    <p class='ocr_par' dir='ltr' id='par_1_104' title="bbox 2228 4566 3890 4645">
     <span class='ocr_line' id='line_1_106' title="bbox 2228 4566 3890 4645; baseline 0.004 -24"><span class='ocrx_word' id='word_1_769' title='bbox 2228 4566 2381 4642; x_wconf 76' lang='grc' dir='ltr'>εὖρος</span> <span class='ocrx_word' id='word_1_770' title='bbox 2415 4566 2467 4621; x_wconf 84' lang='grc' dir='ltr'>ἐν</span> <span class='ocrx_word' id='word_1_771' title='bbox 2501 4568 2648 4643; x_wconf 78' lang='grc' dir='ltr'>ἀρχῇ</span> <span class='ocrx_word' id='word_1_772' title='bbox 2686 4567 2780 4640; x_wconf 73' lang='grc' dir='ltr'>μὲν</span> <span class='ocrx_word' id='word_1_773' title='bbox 2839 4568 3070 4644; x_wconf 83' lang='grc' dir='ltr'>ὑπάρχει</span> <span class='ocrx_word' id='word_1_774' title='bbox 3123 4569 3306 4645; x_wconf 81' lang='grc' dir='ltr'>ξηρὸς,</span> <span class='ocrx_word' id='word_1_775' title='bbox 3355 4568 3631 4625; x_wconf 80' lang='grc' dir='ltr'>τελευτῶν</span> <span class='ocrx_word' id='word_1_776' title='bbox 3687 4568 3750 4626; x_wconf 72' lang='grc' dir='ltr'>δὲ</span> <span class='ocrx_word' id='word_1_777' title='bbox 3797 4571 3890 4626; x_wconf 78' lang='grc' dir='ltr'>πέ-</span> 
     </span>
    </p>
   </div>
   <div class='ocr_carea' id='block_1_105' title="bbox 2228 4654 3888 4736">
    <p class='ocr_par' dir='ltr' id='par_1_105' title="bbox 2228 4654 3888 4736">
     <span class='ocr_line' id='line_1_107' title="bbox 2228 4654 3888 4736; baseline 0.002 -26"><span class='ocrx_word' id='word_1_778' title='bbox 2228 4677 2386 4727; x_wconf 84' lang='grc' dir='ltr'>φυκεν</span> <span class='ocrx_word' id='word_1_779' title='bbox 2458 4654 2739 4726; x_wconf 78' lang='grc' dir='ltr'>ὑδατώδης</span> <span class='ocrx_word' id='word_1_780' title='bbox 2815 4655 3071 4732; x_wconf 84' lang='grc' dir='ltr'>γίνεσθαι.</span> <span class='ocrx_word' id='word_1_781' title='bbox 3133 4657 3462 4736; x_wconf 67' lang='grc' dir='ltr'>Νιφετώὸεις</span> <span class='ocrx_word' id='word_1_782' title='bbox 3523 4656 3582 4713; x_wconf 73' lang='grc' dir='ltr'>δὲ</span> <span class='ocrx_word' id='word_1_783' title='bbox 3648 4660 3888 4733; x_wconf 69' lang='grc' dir='ltr'>μάλιστα</span> 
     </span>
    </p>
   </div>
   <div class='ocr_carea' id='block_1_106' title="bbox 2231 4744 3883 4823">
    <p class='ocr_par' dir='ltr' id='par_1_106' title="bbox 2231 4744 3883 4823">
     <span class='ocr_line' id='line_1_108' title="bbox 2231 4744 3883 4823; baseline 0.004 -24"><span class='ocrx_word' id='word_1_784' title='bbox 2231 4744 2397 4818; x_wconf 84' lang='grc' dir='ltr'>μέσης</span> <span class='ocrx_word' id='word_1_785' title='bbox 2451 4746 2540 4799; x_wconf 87' lang='grc' dir='ltr'>καὶ</span> <span class='ocrx_word' id='word_1_786' title='bbox 2594 4746 2910 4822; x_wconf 86' lang='grc' dir='ltr'>ἀπαρκτίας·</span> <span class='ocrx_word' id='word_1_787' title='bbox 2973 4747 3124 4802; x_wconf 80' lang='grc' dir='ltr'>οὗτοι</span> <span class='ocrx_word' id='word_1_788' title='bbox 3179 4748 3284 4823; x_wconf 77' lang='grc' dir='ltr'>γὰρ</span> <span class='ocrx_word' id='word_1_789' title='bbox 3343 4747 3719 4822; x_wconf 63' lang='grc' dir='ltr'>ψυχρότατον</span> <span class='ocrx_word' id='word_1_790' title='bbox 3757 4772 3883 4804; x_wconf 79' lang='grc' dir='ltr'>καυ-</span> 
     </span>
    </p>
   </div>
   <div class='ocr_carea' id='block_1_107' title="bbox 2229 4832 3884 4916">
    <p class='ocr_par' dir='ltr' id='par_1_107' title="bbox 2229 4832 3884 4916">
     <span class='ocr_line' id='line_1_109' title="bbox 2229 4832 3884 4916; baseline 0.004 -28"><span class='ocrx_word' id='word_1_791' title='bbox 2229 4832 2495 4907; x_wconf 76' lang='grc' dir='ltr'>ματώδεις</span> <span class='ocrx_word' id='word_1_792' title='bbox 2558 4832 2616 4889; x_wconf 73' lang='grc' dir='ltr'>δὲ</span> <span class='ocrx_word' id='word_1_793' title='bbox 2660 4835 2842 4908; x_wconf 82' lang='grc' dir='ltr'>νότος,</span> <span class='ocrx_word' id='word_1_794' title='bbox 2900 4834 3127 4914; x_wconf 71' lang='grc' dir='ltr'>ζέφυρος</span> <span class='ocrx_word' id='word_1_795' title='bbox 3178 4837 3268 4891; x_wconf 82' lang='grc' dir='ltr'>καὶ</span> <span class='ocrx_word' id='word_1_796' title='bbox 3335 4835 3515 4912; x_wconf 73' lang='grc' dir='ltr'>εὖρος.</span> <span class='ocrx_word' id='word_1_797' title='bbox 3565 4839 3774 4916; x_wconf 73' lang='grc' dir='ltr'>Νὲφεσι</span> <span class='ocrx_word' id='word_1_798' title='bbox 3830 4837 3884 4894; x_wconf 68' lang='grc' dir='ltr'>δὶ</span> 
     </span>
    </p>
   </div>
   <div class='ocr_carea' id='block_1_108' title="bbox 2224 4924 3878 5001">
    <p class='ocr_par' dir='ltr' id='par_1_108' title="bbox 2224 4924 3878 5001">
     <span class='ocr_line' id='line_1_110' title="bbox 2224 4924 3878 5001; baseline 0.003 -23"><span class='ocrx_word' id='word_1_799' title='bbox 2224 4928 2480 4979; x_wconf 76' lang='grc' dir='ltr'>πυκνοῦσι</span> <span class='ocrx_word' id='word_1_800' title='bbox 2538 4925 2628 4978; x_wconf 86' lang='grc' dir='ltr'>τὸν</span> <span class='ocrx_word' id='word_1_801' title='bbox 2689 4924 2937 4999; x_wconf 78' lang='grc' dir='ltr'>οὐρανὸν,</span> <span class='ocrx_word' id='word_1_802' title='bbox 2988 4924 3338 5001; x_wconf 84' lang='grc' dir='ltr'>πυκνοτέροις</span> <span class='ocrx_word' id='word_1_803' title='bbox 3397 4926 3490 4998; x_wconf 75' lang='grc' dir='ltr'>μὲν</span> <span class='ocrx_word' id='word_1_804' title='bbox 3555 4927 3580 4982; x_wconf 81' lang='lat'>6</span> <span class='ocrx_word' id='word_1_805' title='bbox 3641 4928 3878 4998; x_wconf 81' lang='grc' dir='ltr'>καικίας,</span> 
     </span>
    </p>
   </div>
   <div class='ocr_carea' id='block_1_109' title="bbox 2223 5011 3880 5090">
    <p class='ocr_par' dir='ltr' id='par_1_109' title="bbox 2223 5011 3880 5090">
     <span class='ocr_line' id='line_1_111' title="bbox 2223 5011 3880 5090; baseline 0.003 -24"><span class='ocrx_word' id='word_1_806' title='bbox 2223 5013 2560 5090; x_wconf 84' lang='grc' dir='ltr'>ἀραιοτέροις</span> <span class='ocrx_word' id='word_1_807' title='bbox 2602 5011 2658 5068; x_wconf 85' lang='grc' dir='ltr'>δέ</span> <span class='ocrx_word' id='word_1_808' title='bbox 2713 5034 2831 5075; x_wconf 85' lang='grc' dir='ltr'>πως</span> <span class='ocrx_word' id='word_1_809' title='bbox 2889 5014 2917 5067; x_wconf 89' lang='grc' dir='ltr'><strong>ὁ</strong></span> <span class='ocrx_word' id='word_1_810' title='bbox 2967 5012 3084 5087; x_wconf 78' lang='grc' dir='ltr'>λίψ.</span> <span class='ocrx_word' id='word_1_811' title='bbox 3121 5015 3471 5090; x_wconf 85' lang='grc' dir='ltr'>Ἀστραπαῖοι</span> <span class='ocrx_word' id='word_1_812' title='bbox 3505 5013 3553 5070; x_wconf 83' lang='grc' dir='ltr'>δ’</span> <span class='ocrx_word' id='word_1_813' title='bbox 3585 5015 3725 5070; x_wconf 81' lang='grc' dir='ltr'>εἰσιν</span> <span class='ocrx_word' id='word_1_814' title='bbox 3783 5017 3880 5071; x_wconf 80' lang='grc' dir='ltr'>ἀπ-</span> 
     </span>
    </p>
   </div>
   <div class='ocr_carea' id='block_1_110' title="bbox 2223 5101 3878 5179">
    <p class='ocr_par' dir='ltr' id='par_1_110' title="bbox 2223 5101 3878 5179">
     <span class='ocr_line' id='line_1_112' title="bbox 2223 5101 3878 5179; baseline 0.002 -24"><span class='ocrx_word' id='word_1_815' title='bbox 2223 5101 2460 5177; x_wconf 88' lang='grc' dir='ltr'>αρκτίας,</span> <span class='ocrx_word' id='word_1_816' title='bbox 2523 5102 2794 5178; x_wconf 85' lang='grc' dir='ltr'>θρασκίας,</span> <span class='ocrx_word' id='word_1_817' title='bbox 2865 5102 3151 5177; x_wconf 85' lang='grc' dir='ltr'>ἀργέστης,</span> <span class='ocrx_word' id='word_1_818' title='bbox 3206 5103 3297 5157; x_wconf 87' lang='grc' dir='ltr'>καὶ</span> <span class='ocrx_word' id='word_1_819' title='bbox 3370 5104 3507 5179; x_wconf 89' lang='grc' dir='ltr'>πρὸς</span> <span class='ocrx_word' id='word_1_820' title='bbox 3581 5103 3811 5167; x_wconf 76' lang='grc' dir='ltr'>τούτοις</span> <span class='ocrx_word' id='word_1_821' title='bbox 3853 5106 3878 5158; x_wconf 92' lang='lat'>6</span> 
     </span>
    </p>
   </div>
   <div class='ocr_carea' id='block_1_111' title="bbox 2227 5186 3876 5268">
    <p class='ocr_par' dir='ltr' id='par_1_111' title="bbox 2227 5186 3876 5268">
     <span class='ocr_line' id='line_1_113' title="bbox 2227 5186 3876 5268; baseline -0.001 -22"><span class='ocrx_word' id='word_1_822' title='bbox 2227 5191 2411 5264; x_wconf 81' lang='grc' dir='ltr'>μέσης.</span> <span class='ocrx_word' id='word_1_823' title='bbox 2464 5191 2683 5266; x_wconf 87' lang='grc' dir='ltr'>Ψυχροὶ</span> <span class='ocrx_word' id='word_1_824' title='bbox 2742 5191 2846 5266; x_wconf 84' lang='grc' dir='ltr'>γὰρ</span> <span class='ocrx_word' id='word_1_825' title='bbox 2905 5186 3053 5252; x_wconf 77' lang='grc' dir='ltr'>ὄντες</span> <span class='ocrx_word' id='word_1_826' title='bbox 3110 5188 3196 5244; x_wconf 77' lang='grc' dir='ltr'>διὰ</span> <span class='ocrx_word' id='word_1_827' title='bbox 3252 5192 3313 5245; x_wconf 87' lang='grc' dir='ltr'>τὸ</span> <span class='ocrx_word' id='word_1_828' title='bbox 3373 5191 3662 5268; x_wconf 74' lang='grc' dir='ltr'>ἐγγύτερον</span> <span class='ocrx_word' id='word_1_829' title='bbox 3712 5195 3876 5265; x_wconf 75' lang='grc' dir='ltr'>ἡμῶν</span> 
     </span>
    </p>
   </div>
   <div class='ocr_carea' id='block_1_112' title="bbox 2220 5277 3877 5357">
    <p class='ocr_par' dir='ltr' id='par_1_112' title="bbox 2220 5277 3877 5357">
     <span class='ocr_line' id='line_1_114' title="bbox 2220 5277 3877 5357; baseline 0 -23"><span class='ocrx_word' id='word_1_830' title='bbox 2220 5286 2391 5350; x_wconf 86' lang='grc' dir='ltr'>πνεῖν,</span> <span class='ocrx_word' id='word_1_831' title='bbox 2424 5280 2512 5334; x_wconf 85' lang='grc' dir='ltr'>καὶ</span> <span class='ocrx_word' id='word_1_832' title='bbox 2553 5280 2658 5334; x_wconf 89' lang='grc' dir='ltr'>ἀπὸ</span> <span class='ocrx_word' id='word_1_833' title='bbox 2707 5283 2811 5333; x_wconf 88' lang='grc' dir='ltr'>τῶν</span> <span class='ocrx_word' id='word_1_834' title='bbox 2860 5279 3126 5352; x_wconf 75' lang='grc' dir='ltr'>ἀρκτικῶν</span> <span class='ocrx_word' id='word_1_835' title='bbox 3177 5285 3355 5352; x_wconf 71' lang='grc' dir='ltr'>μερῶν</span> <span class='ocrx_word' id='word_1_836' title='bbox 3405 5277 3572 5335; x_wconf 73' lang='grc' dir='ltr'>ὅντων</span> <span class='ocrx_word' id='word_1_837' title='bbox 3622 5285 3877 5357; x_wconf 78' lang='grc' dir='ltr'>ψυχρῶν,</span> 
     </span>
    </p>
   </div>
   <div class='ocr_carea' id='block_1_113' title="bbox 2218 5365 3879 5445">
    <p class='ocr_par' dir='ltr' id='par_1_113' title="bbox 2218 5365 3879 5445">
     <span class='ocr_line' id='line_1_115' title="bbox 2218 5365 3879 5445; baseline 0.001 -22"><span class='ocrx_word' id='word_1_838' title='bbox 2218 5367 2440 5424; x_wconf 81' lang='grc' dir='ltr'>πιλοῦσι</span> <span class='ocrx_word' id='word_1_839' title='bbox 2483 5369 2552 5422; x_wconf 71' lang='grc' dir='ltr'>τὰ</span> <span class='ocrx_word' id='word_1_840' title='bbox 2597 5367 2728 5445; x_wconf 77' lang='grc' dir='ltr'>νέφη</span> <span class='ocrx_word' id='word_1_841' title='bbox 2781 5365 2870 5421; x_wconf 83' lang='grc' dir='ltr'>διὰ</span> <span class='ocrx_word' id='word_1_842' title='bbox 2909 5369 3008 5436; x_wconf 75' lang='grc' dir='ltr'>τήν</span> <span class='ocrx_word' id='word_1_843' title='bbox 3039 5368 3383 5444; x_wconf 78' lang='grc' dir='ltr'>ψυχρότητα.</span> <span class='ocrx_word' id='word_1_844' title='bbox 3418 5369 3788 5442; x_wconf 80' lang='grc' dir='ltr'>Πιλουμένων</span> <span class='ocrx_word' id='word_1_845' title='bbox 3823 5368 3879 5424; x_wconf 65' lang='grc' dir='ltr'>δὲ</span> 
     </span>
    </p>
   </div>
   <div class='ocr_carea' id='block_1_114' title="bbox 2216 5455 3874 5536">
    <p class='ocr_par' dir='ltr' id='par_1_114' title="bbox 2216 5455 3874 5536">
     <span class='ocr_line' id='line_1_116' title="bbox 2216 5455 3874 5536; baseline -0.001 -24"><span class='ocrx_word' id='word_1_846' title='bbox 2216 5462 2322 5512; x_wconf 88' lang='grc' dir='ltr'>τῶν</span> <span class='ocrx_word' id='word_1_847' title='bbox 2390 5462 2560 5536; x_wconf 77' lang='grc' dir='ltr'>νεφῶν</span> <span class='ocrx_word' id='word_1_848' title='bbox 2616 5458 2678 5510; x_wconf 86' lang='grc' dir='ltr'>τὸ</span> <span class='ocrx_word' id='word_1_849' title='bbox 2739 5455 2788 5510; x_wconf 83' lang='grc' dir='ltr'>ἐν</span> <span class='ocrx_word' id='word_1_850' title='bbox 2849 5456 3033 5518; x_wconf 84' lang='grc' dir='ltr'>αὐτοῖς</span> <span class='ocrx_word' id='word_1_851' title='bbox 3118 5456 3586 5531; x_wconf 78' lang='grc' dir='ltr'>ἐναπειλημμένον</span> <span class='ocrx_word' id='word_1_852' title='bbox 3670 5459 3874 5533; x_wconf 84' lang='grc' dir='ltr'>θερμὸν</span> 
     </span>
    </p>
   </div>
   <div class='ocr_carea' id='block_1_115' title="bbox 2217 5545 3877 5623">
    <p class='ocr_par' dir='ltr' id='par_1_115' title="bbox 2217 5545 3877 5623">
     <span class='ocr_line' id='line_1_117' title="bbox 2217 5545 3877 5623; baseline 0.001 -23"><span class='ocrx_word' id='word_1_853' title='bbox 2217 5546 2600 5620; x_wconf 79' lang='grc' dir='ltr'>ἀθροιζόμενον</span> <span class='ocrx_word' id='word_1_854' title='bbox 2662 5545 2735 5607; x_wconf 84' lang='grc' dir='ltr'>εἷς</span> <span class='ocrx_word' id='word_1_855' title='bbox 2785 5545 2863 5616; x_wconf 80' lang='grc' dir='ltr'>ἓν,</span> <span class='ocrx_word' id='word_1_856' title='bbox 2927 5547 3059 5618; x_wconf 84' lang='grc' dir='ltr'>μετά</span> <span class='ocrx_word' id='word_1_857' title='bbox 3121 5545 3240 5622; x_wconf 85' lang='grc' dir='ltr'>βίας</span> <span class='ocrx_word' id='word_1_858' title='bbox 3310 5546 3503 5623; x_wconf 86' lang='grc' dir='ltr'>ἀθρόον</span> <span class='ocrx_word' id='word_1_859' title='bbox 3567 5545 3877 5622; x_wconf 71' lang='grc' dir='ltr'>ἐκκρίνεται</span> 
     </span>
    </p>
   </div>
   <div class='ocr_carea' id='block_1_116' title="bbox 2217 5631 3876 5715">
    <p class='ocr_par' dir='ltr' id='par_1_116' title="bbox 2217 5631 3876 5715">
     <span class='ocr_line' id='line_1_118' title="bbox 2217 5631 3876 5715; baseline 0.002 -25"><span class='ocrx_word' id='word_1_860' title='bbox 2217 5633 2306 5690; x_wconf 82' lang='grc' dir='ltr'>διὰ</span> <span class='ocrx_word' id='word_1_861' title='bbox 2346 5636 2446 5706; x_wconf 77' lang='grc' dir='ltr'>τῆν</span> <span class='ocrx_word' id='word_1_862' title='bbox 2499 5631 2731 5715; x_wconf 74' lang='grc' dir='ltr'>σφοδρὰν</span> <span class='ocrx_word' id='word_1_863' title='bbox 2782 5633 2990 5703; x_wconf 85' lang='grc' dir='ltr'>κίνησιν</span> <span class='ocrx_word' id='word_1_864' title='bbox 3038 5632 3361 5712; x_wconf 77' lang='grc' dir='ltr'>ἐκπυρωθέν.</span> <span class='ocrx_word' id='word_1_865' title='bbox 3391 5635 3581 5691; x_wconf 76' lang='grc' dir='ltr'>Αὐτῶν</span> <span class='ocrx_word' id='word_1_866' title='bbox 3633 5633 3694 5690; x_wconf 79' lang='grc' dir='ltr'>δὶ</span> <span class='ocrx_word' id='word_1_867' title='bbox 3742 5635 3876 5693; x_wconf 73' lang='grc' dir='ltr'>τού-</span> 
     </span>
    </p>
   </div>
  </div>
