  <div class='ocr_page' id='page_1' title='image "/cluster/home/n/w/nwhite01/storage/ocr_20150623/142/mdp.39015078384792/592.png"; bbox 0 0 4024 6428; ppageno 0'>
   <div class='ocr_carea' id='block_1_1' title="bbox 184 393 341 460">
    <p class='ocr_par' dir='ltr' id='par_1_1' title="bbox 184 393 341 460">
     <span class='ocr_line' id='line_1_1' title="bbox 184 393 341 460; baseline -0.006 -2"><span class='ocrx_word' id='word_1_1' title='bbox 184 393 341 460; x_wconf 79' lang='grc'><strong>1169</strong></span> 
     </span>
    </p>
   </div>
   <div class='ocr_carea' id='block_1_2' title="bbox 1531 392 2288 462">
    <p class='ocr_par' dir='ltr' id='par_1_2' title="bbox 1531 392 2288 462">
     <span class='ocr_line' id='line_1_2' title="bbox 1531 392 2288 462; baseline -0.004 0"><span class='ocrx_word' id='word_1_2' title='bbox 1531 392 1883 462; x_wconf 80' lang='lat' dir='ltr'>EPITOME</span> <span class='ocrx_word' id='word_1_3' title='bbox 1925 397 2288 462; x_wconf 83' lang='lat' dir='ltr'>PHYSIGA.</span> 
     </span>
    </p>
   </div>
   <div class='ocr_carea' id='block_1_3' title="bbox 3434 390 3591 454">
    <p class='ocr_par' dir='ltr' id='par_1_3' title="bbox 3434 390 3591 454">
     <span class='ocr_line' id='line_1_3' title="bbox 3434 390 3591 454; baseline 0 0"><span class='ocrx_word' id='word_1_4' title='bbox 3434 390 3591 454; x_wconf 84' lang='grc'><strong>1170</strong></span> 
     </span>
    </p>
   </div>
   <div class='ocr_carea' id='block_1_4' title="bbox 179 521 1805 605">
    <p class='ocr_par' dir='ltr' id='par_1_4' title="bbox 179 521 1805 605">
     <span class='ocr_line' id='line_1_4' title="bbox 179 521 1805 605; baseline -0.001 -22"><span class='ocrx_word' id='word_1_5' title='bbox 179 530 286 584; x_wconf 89' lang='grc' dir='ltr'>τῶν</span> <span class='ocrx_word' id='word_1_6' title='bbox 327 521 463 583; x_wconf 74' lang='grc' dir='ltr'>ἔνιοι</span> <span class='ocrx_word' id='word_1_7' title='bbox 491 521 582 583; x_wconf 76' lang='grc' dir='ltr'>καὶ</span> <span class='ocrx_word' id='word_1_8' title='bbox 611 521 956 605; x_wconf 79' lang='grc' dir='ltr'>χαλαζώδεις</span> <span class='ocrx_word' id='word_1_9' title='bbox 990 523 1091 582; x_wconf 77' lang='grc' dir='ltr'>εἰσὶ</span> <span class='ocrx_word' id='word_1_10' title='bbox 1119 529 1198 600; x_wconf 80' lang='grc' dir='ltr'>τῷ</span> <span class='ocrx_word' id='word_1_11' title='bbox 1246 525 1569 605; x_wconf 79' lang='grc' dir='ltr'>ψυχρότητα</span> <span class='ocrx_word' id='word_1_12' title='bbox 1614 526 1805 604; x_wconf 61' lang='grc' dir='ltr'>πηγνύπ</span> 
     </span>
    </p>
   </div>
   <div class='ocr_carea' id='block_1_5' title="bbox 1923 521 3587 605">
    <p class='ocr_par' dir='ltr' id='par_1_5' title="bbox 1941 524 3587 603">
     <span class='ocr_line' id='line_1_5' title="bbox 1941 524 3587 603; baseline -0.004 -17"><span class='ocrx_word' id='word_1_13' title='bbox 1941 548 2070 587; x_wconf 93' lang='lat' dir='ltr'>rum</span> <span class='ocrx_word' id='word_1_14' title='bbox 2122 536 2316 588; x_wconf 89' lang='lat' dir='ltr'>autem</span> <span class='ocrx_word' id='word_1_15' title='bbox 2392 531 2654 603; x_wconf 90' lang='lat' dir='ltr'>ipsorum</span> <span class='ocrx_word' id='word_1_16' title='bbox 2707 525 2974 584; x_wconf 88' lang='lat' dir='ltr'>nonnulli</span> <span class='ocrx_word' id='word_1_17' title='bbox 3025 524 3367 600; x_wconf 85' lang='lat' dir='ltr'>grandinosi</span> <span class='ocrx_word' id='word_1_18' title='bbox 3425 527 3587 592; x_wconf 89' lang='lat' dir='ltr'>sunt,</span> 
     </span>
    </p>
   </div>
   <div class='ocr_carea' id='block_1_6' title="bbox 173 613 1824 693">
    <p class='ocr_par' dir='ltr' id='par_1_6' title="bbox 173 613 1824 693">
     <span class='ocr_line' id='line_1_6' title="bbox 173 613 1824 693; baseline 0 -23"><span class='ocrx_word' id='word_1_19' title='bbox 173 637 261 671; x_wconf 91' lang='grc' dir='ltr'>ναι</span> <span class='ocrx_word' id='word_1_20' title='bbox 306 615 523 692; x_wconf 90' lang='grc' dir='ltr'>ταχέως</span> <span class='ocrx_word' id='word_1_21' title='bbox 563 615 627 670; x_wconf 90' lang='grc' dir='ltr'>τὸ</span> <span class='ocrx_word' id='word_1_22' title='bbox 685 616 1062 693; x_wconf 81' lang='grc' dir='ltr'>ἐκκρινόμενον</span> <span class='ocrx_word' id='word_1_23' title='bbox 1134 613 1302 691; x_wconf 77' lang='grc' dir='ltr'>ὕδωρ.</span> <span class='ocrx_word' id='word_1_24' title='bbox 1363 622 1520 672; x_wconf 83' lang='grc' dir='ltr'>Δοκεῖ</span> <span class='ocrx_word' id='word_1_25' title='bbox 1573 618 1676 693; x_wconf 80' lang='grc' dir='ltr'>γὰρ</span> <span class='ocrx_word' id='word_1_26' title='bbox 1735 617 1824 672; x_wconf 86' lang='grc' dir='ltr'>καὶ</span> 
     </span>
    </p>
   </div>
   <div class='ocr_carea' id='block_1_7' title="bbox 178 702 885 780">
    <p class='ocr_par' dir='ltr' id='par_1_7' title="bbox 178 702 885 780">
     <span class='ocr_line' id='line_1_7' title="bbox 178 702 885 780; baseline 0.003 -20"><span class='ocrx_word' id='word_1_27' title='bbox 178 705 349 767; x_wconf 77' lang='grc' dir='ltr'>οὕτως</span> <span class='ocrx_word' id='word_1_28' title='bbox 377 702 596 780; x_wconf 80' lang='grc' dir='ltr'>χάλαζα</span> <span class='ocrx_word' id='word_1_29' title='bbox 625 703 885 780; x_wconf 84' lang='grc' dir='ltr'>γίνεσθαι.</span> 
     </span>
    </p>
   </div>
   <div class='ocr_carea' id='block_1_8' title="bbox 249 879 1821 961">
    <p class='ocr_par' dir='ltr' id='par_1_8' title="bbox 249 879 1821 961">
     <span class='ocr_line' id='line_1_8' title="bbox 249 879 1821 961; baseline 0 -25"><span class='ocrx_word' id='word_1_30' title='bbox 249 883 334 958; x_wconf 89' lang='grc' dir='ltr'>ιβ.</span> <span class='ocrx_word' id='word_1_31' title='bbox 397 881 747 937; x_wconf 84' lang='grc' dir='ltr'>Καθίστανται</span> <span class='ocrx_word' id='word_1_32' title='bbox 842 879 900 938; x_wconf 75' lang='grc' dir='ltr'>δὲ</span> <span class='ocrx_word' id='word_1_33' title='bbox 980 883 1070 938; x_wconf 85' lang='grc' dir='ltr'>καὶ</span> <span class='ocrx_word' id='word_1_34' title='bbox 1163 883 1396 961; x_wconf 78' lang='grc' dir='ltr'>έκνεφίαι</span> <span class='ocrx_word' id='word_1_35' title='bbox 1502 882 1821 958; x_wconf 79' lang='grc' dir='ltr'>ἀπαρκτίας,</span> 
     </span>
    </p>
   </div>
   <div class='ocr_carea' id='block_1_9' title="bbox 171 970 1822 1048">
    <p class='ocr_par' dir='ltr' id='par_1_9' title="bbox 171 970 1822 1048">
     <span class='ocr_line' id='line_1_9' title="bbox 171 970 1822 1048; baseline -0.001 -22"><span class='ocrx_word' id='word_1_36' title='bbox 171 970 424 1044; x_wconf 82' lang='grc' dir='ltr'>θρασκίας</span> <span class='ocrx_word' id='word_1_37' title='bbox 499 972 592 1025; x_wconf 79' lang='grc' dir='ltr'>καὶ</span> <span class='ocrx_word' id='word_1_38' title='bbox 667 971 952 1048; x_wconf 84' lang='grc' dir='ltr'>ἀργέστης.</span> <span class='ocrx_word' id='word_1_39' title='bbox 1031 970 1300 1047; x_wconf 82' lang='grc' dir='ltr'>Ἐκνεφίαι</span> <span class='ocrx_word' id='word_1_40' title='bbox 1387 972 1488 1046; x_wconf 83' lang='grc' dir='ltr'>γὰρ</span> <span class='ocrx_word' id='word_1_41' title='bbox 1561 971 1822 1047; x_wconf 86' lang='grc' dir='ltr'>γίνονται,</span> 
     </span>
    </p>
   </div>
   <div class='ocr_carea' id='block_1_10' title="bbox 172 1056 1824 1133">
    <p class='ocr_par' dir='ltr' id='par_1_10' title="bbox 172 1056 1824 1133">
     <span class='ocr_line' id='line_1_10' title="bbox 172 1056 1824 1133; baseline 0 -19"><span class='ocrx_word' id='word_1_42' title='bbox 172 1057 294 1114; x_wconf 78' lang='grc' dir='ltr'>ὅταν</span> <span class='ocrx_word' id='word_1_43' title='bbox 329 1056 516 1114; x_wconf 82' lang='grc' dir='ltr'>ἄλλων</span> <span class='ocrx_word' id='word_1_44' title='bbox 548 1059 818 1115; x_wconf 84' lang='grc' dir='ltr'>πνεόντων</span> <span class='ocrx_word' id='word_1_45' title='bbox 865 1059 1077 1133; x_wconf 89' lang='grc' dir='ltr'>ἀνέμων</span> <span class='ocrx_word' id='word_1_46' title='bbox 1128 1059 1293 1115; x_wconf 81' lang='grc' dir='ltr'>ἄλλοι</span> <span class='ocrx_word' id='word_1_47' title='bbox 1345 1059 1689 1122; x_wconf 79' lang='grc' dir='ltr'>ἐπιπεσόντες</span> <span class='ocrx_word' id='word_1_48' title='bbox 1736 1059 1824 1114; x_wconf 82' lang='grc' dir='ltr'>αύ-</span> 
     </span>
    </p>
   </div>
   <div class='ocr_carea' id='block_1_11' title="bbox 167 1147 1822 1226">
    <p class='ocr_par' dir='ltr' id='par_1_11' title="bbox 167 1147 1822 1226">
     <span class='ocr_line' id='line_1_11' title="bbox 167 1147 1822 1226; baseline 0.001 -24"><span class='ocrx_word' id='word_1_49' title='bbox 167 1153 284 1210; x_wconf 86' lang='grc' dir='ltr'>τοῖς</span> <span class='ocrx_word' id='word_1_50' title='bbox 327 1147 603 1204; x_wconf 81' lang='grc' dir='ltr'>παύσωσιν</span> <span class='ocrx_word' id='word_1_51' title='bbox 649 1148 868 1211; x_wconf 79' lang='grc' dir='ltr'>αὐτούς.</span> <span class='ocrx_word' id='word_1_52' title='bbox 900 1152 1059 1204; x_wconf 86' lang='grc' dir='ltr'>Ὅταν</span> <span class='ocrx_word' id='word_1_53' title='bbox 1107 1147 1195 1204; x_wconf 76' lang='grc' dir='ltr'>οὖν</span> <span class='ocrx_word' id='word_1_54' title='bbox 1229 1151 1281 1204; x_wconf 75' lang='grc' dir='ltr'>οἱ</span> <span class='ocrx_word' id='word_1_55' title='bbox 1324 1154 1530 1226; x_wconf 87' lang='grc' dir='ltr'>πρῶτοι</span> <span class='ocrx_word' id='word_1_56' title='bbox 1571 1150 1822 1212; x_wconf 73' lang='grc' dir='ltr'>πνέοντες</span> 
     </span>
    </p>
   </div>
   <div class='ocr_carea' id='block_1_12' title="bbox 170 1235 1817 1314">
    <p class='ocr_par' dir='ltr' id='par_1_12' title="bbox 170 1235 1817 1314">
     <span class='ocr_line' id='line_1_12' title="bbox 170 1235 1817 1314; baseline 0 -23"><span class='ocrx_word' id='word_1_57' title='bbox 170 1236 494 1292; x_wconf 87' lang='grc' dir='ltr'>ἀπώσωνται</span> <span class='ocrx_word' id='word_1_58' title='bbox 542 1237 609 1292; x_wconf 83' lang='grc' dir='ltr'>τὰ</span> <span class='ocrx_word' id='word_1_59' title='bbox 656 1238 811 1314; x_wconf 82' lang='grc' dir='ltr'>νέφη,</span> <span class='ocrx_word' id='word_1_60' title='bbox 863 1235 1114 1293; x_wconf 78' lang='grc' dir='ltr'>δοκοῦσιν</span> <span class='ocrx_word' id='word_1_61' title='bbox 1163 1239 1215 1292; x_wconf 78' lang='grc' dir='ltr'>οἱ</span> <span class='ocrx_word' id='word_1_62' title='bbox 1275 1237 1336 1293; x_wconf 86' lang='grc' dir='ltr'>ἐκ</span> <span class='ocrx_word' id='word_1_63' title='bbox 1399 1242 1505 1292; x_wconf 88' lang='grc' dir='ltr'>τῶν</span> <span class='ocrx_word' id='word_1_64' title='bbox 1567 1237 1817 1292; x_wconf 76' lang='grc' dir='ltr'>ἐναντίων</span> 
     </span>
    </p>
   </div>
   <div class='ocr_carea' id='block_1_13' title="bbox 175 1325 1818 1400">
    <p class='ocr_par' dir='ltr' id='par_1_13' title="bbox 175 1325 1818 1400">
     <span class='ocr_line' id='line_1_13' title="bbox 175 1325 1818 1400; baseline 0.001 -20"><span class='ocrx_word' id='word_1_65' title='bbox 175 1330 350 1400; x_wconf 81' lang='grc' dir='ltr'>μερῶν</span> <span class='ocrx_word' id='word_1_66' title='bbox 403 1325 761 1399; x_wconf 82' lang='grc' dir='ltr'>ἐμπίπτοντες</span> <span class='ocrx_word' id='word_1_67' title='bbox 812 1325 995 1388; x_wconf 72' lang='grc' dir='ltr'>αὐτοῖς</span> <span class='ocrx_word' id='word_1_68' title='bbox 1043 1332 1193 1381; x_wconf 85' lang='grc' dir='ltr'>πνεῖν</span> <span class='ocrx_word' id='word_1_69' title='bbox 1245 1326 1296 1397; x_wconf 77' lang='grc' dir='ltr'>ἐξ</span> <span class='ocrx_word' id='word_1_70' title='bbox 1346 1326 1519 1381; x_wconf 78' lang='grc' dir='ltr'>αὐτῶν</span> <span class='ocrx_word' id='word_1_71' title='bbox 1568 1331 1675 1381; x_wconf 90' lang='grc' dir='ltr'>τῶν</span> <span class='ocrx_word' id='word_1_72' title='bbox 1735 1348 1818 1381; x_wconf 84' lang='grc' dir='ltr'>νε-</span> 
     </span>
    </p>
   </div>
   <div class='ocr_carea' id='block_1_14' title="bbox 169 1411 1814 1492">
    <p class='ocr_par' dir='ltr' id='par_1_14' title="bbox 169 1411 1814 1492">
     <span class='ocr_line' id='line_1_14' title="bbox 169 1411 1814 1492; baseline -0.001 -23"><span class='ocrx_word' id='word_1_73' title='bbox 169 1418 308 1492; x_wconf 77' lang='grc' dir='ltr'>φῶν.</span> <span class='ocrx_word' id='word_1_74' title='bbox 342 1413 726 1470; x_wconf 86' lang='grc' dir='ltr'>Ἐπιπίπτουσι</span> <span class='ocrx_word' id='word_1_75' title='bbox 757 1411 815 1470; x_wconf 75' lang='grc' dir='ltr'>δὲ</span> <span class='ocrx_word' id='word_1_76' title='bbox 847 1413 1082 1486; x_wconf 84' lang='grc' dir='ltr'>μάλιστα</span> <span class='ocrx_word' id='word_1_77' title='bbox 1126 1414 1372 1470; x_wconf 90' lang='grc' dir='ltr'>πνέουσιν</span> <span class='ocrx_word' id='word_1_78' title='bbox 1421 1413 1615 1476; x_wconf 80' lang='grc' dir='ltr'>ἄλλοις</span> <span class='ocrx_word' id='word_1_79' title='bbox 1666 1415 1814 1468; x_wconf 83' lang='grc' dir='ltr'>οὗτοι</span> 
     </span>
    </p>
   </div>
   <div class='ocr_carea' id='block_1_15' title="bbox 164 1500 1814 1579">
    <p class='ocr_par' dir='ltr' id='par_1_15' title="bbox 164 1500 1814 1579">
     <span class='ocr_line' id='line_1_15' title="bbox 164 1500 1814 1579; baseline 0 -22"><span class='ocrx_word' id='word_1_80' title='bbox 164 1503 216 1557; x_wconf 77' lang='grc' dir='ltr'>οὶ</span> <span class='ocrx_word' id='word_1_81' title='bbox 264 1500 452 1577; x_wconf 78' lang='grc' dir='ltr'>ἄνεμοι</span> <span class='ocrx_word' id='word_1_82' title='bbox 506 1501 596 1558; x_wconf 80' lang='grc' dir='ltr'>διὰ</span> <span class='ocrx_word' id='word_1_83' title='bbox 637 1503 702 1558; x_wconf 87' lang='grc' dir='ltr'>τὸ</span> <span class='ocrx_word' id='word_1_84' title='bbox 749 1502 973 1579; x_wconf 84' lang='grc' dir='ltr'>ἐγγύθεν</span> <span class='ocrx_word' id='word_1_85' title='bbox 1025 1503 1222 1566; x_wconf 82' lang='grc' dir='ltr'>αὐτοὺς</span> <span class='ocrx_word' id='word_1_86' title='bbox 1270 1505 1530 1565; x_wconf 74' lang='grc' dir='ltr'>πνέοντας</span> <span class='ocrx_word' id='word_1_87' title='bbox 1557 1503 1646 1558; x_wconf 81' lang='grc' dir='ltr'>καὶ</span> <span class='ocrx_word' id='word_1_88' title='bbox 1684 1503 1814 1576; x_wconf 87' lang='grc' dir='ltr'>μετά</span> 
     </span>
    </p>
   </div>
   <div class='ocr_carea' id='block_1_16' title="bbox 169 1589 836 1670">
    <p class='ocr_par' dir='ltr' id='par_1_16' title="bbox 169 1589 836 1670">
     <span class='ocr_line' id='line_1_16' title="bbox 169 1589 836 1670; baseline 0.001 -25"><span class='ocrx_word' id='word_1_89' title='bbox 169 1589 347 1666; x_wconf 81' lang='grc' dir='ltr'>ῥύμης</span> <span class='ocrx_word' id='word_1_90' title='bbox 380 1591 515 1647; x_wconf 79' lang='grc' dir='ltr'>εἶναι</span> <span class='ocrx_word' id='word_1_91' title='bbox 547 1589 836 1670; x_wconf 78' lang='grc' dir='ltr'>σφοδρούς.</span> 
     </span>
    </p>
   </div>
   <div class='ocr_carea' id='block_1_17' title="bbox 237 1855 1888 1963">
    <p class='ocr_par' dir='ltr' id='par_1_17' title="bbox 237 1855 1888 1963">
     <span class='ocr_line' id='line_1_17' title="bbox 237 1855 1888 1963; baseline 0.001 -51"><span class='ocrx_word' id='word_1_92' title='bbox 237 1859 333 1963; x_wconf 45' lang='grc' dir='ltr'>ιγ’..</span> <span class='ocrx_word' id='word_1_93' title='bbox 379 1858 567 1963; x_wconf 33' lang='grc' dir='ltr'>Ἐπεὶ.</span> <span class='ocrx_word' id='word_1_94' title='bbox 597 1855 656 1914; x_wconf 74' lang='grc' dir='ltr'>δὲ</span> <span class='ocrx_word' id='word_1_95' title='bbox 695 1860 784 1963; x_wconf 54' lang='grc' dir='ltr'>,τά</span> <span class='ocrx_word' id='word_1_96' title='bbox 840 1858 1094 1963; x_wconf 75' lang='grc' dir='ltr'>πλεῖστον</span> <span class='ocrx_word' id='word_1_97' title='bbox 1145 1859 1422 1963; x_wconf 59' lang='grc' dir='ltr'>ἀπέχοντξι</span> <span class='ocrx_word' id='word_1_98' title='bbox 1467 1860 1603 1914; x_wconf 79' lang='grc' dir='ltr'>κατὰ</span> <span class='ocrx_word' id='word_1_99' title='bbox 1643 1858 1808 1914; x_wconf 88' lang='grc' dir='ltr'>τόπον</span> <span class='ocrx_word' id='word_1_100' title='bbox 1841 1898 1888 1963; x_wconf 83' lang='grc' dir='ltr'><strong>Β</strong></span> 
     </span>
    </p>
   </div>
   <div class='ocr_carea' id='block_1_18' title="bbox 159 1945 1808 2024">
    <p class='ocr_par' dir='ltr' id='par_1_18' title="bbox 159 1945 1808 2024">
     <span class='ocr_line' id='line_1_18' title="bbox 159 1945 1808 2024; baseline -0.001 -21"><span class='ocrx_word' id='word_1_101' title='bbox 159 1945 388 2018; x_wconf 47' lang='grc' dir='ltr'>ἐναντία,</span> <span class='ocrx_word' id='word_1_102' title='bbox 441 1948 576 2002; x_wconf 87' lang='grc' dir='ltr'>κατά</span> <span class='ocrx_word' id='word_1_103' title='bbox 648 1947 814 2003; x_wconf 89' lang='grc' dir='ltr'>τόπον</span> <span class='ocrx_word' id='word_1_104' title='bbox 885 1948 1013 2004; x_wconf 81' lang='grc' dir='ltr'>ἐστί·</span> <span class='ocrx_word' id='word_1_105' title='bbox 1066 1948 1320 2004; x_wconf 83' lang='grc' dir='ltr'>πλεῖστον</span> <span class='ocrx_word' id='word_1_106' title='bbox 1383 1945 1430 2002; x_wconf 85' lang='grc' dir='ltr'>δ’</span> <span class='ocrx_word' id='word_1_107' title='bbox 1476 1949 1667 2024; x_wconf 85' lang='grc' dir='ltr'>ἀπέχει</span> <span class='ocrx_word' id='word_1_108' title='bbox 1741 1949 1808 2002; x_wconf 86' lang='grc' dir='ltr'>τὰ</span> 
     </span>
    </p>
   </div>
   <div class='ocr_carea' id='block_1_19' title="bbox 154 2033 1803 2115">
    <p class='ocr_par' dir='ltr' id='par_1_19' title="bbox 154 2033 1803 2115">
     <span class='ocr_line' id='line_1_19' title="bbox 154 2033 1803 2115; baseline 0.001 -24"><span class='ocrx_word' id='word_1_109' title='bbox 154 2035 290 2092; x_wconf 85' lang='grc' dir='ltr'>κατᾶ</span> <span class='ocrx_word' id='word_1_110' title='bbox 357 2033 666 2114; x_wconf 75' lang='grc' dir='ltr'>διάμετρον⁸</span> <span class='ocrx_word' id='word_1_111' title='bbox 735 2041 770 2108; x_wconf 83' lang='grc' dir='ltr'>ἡ</span> <span class='ocrx_word' id='word_1_112' title='bbox 841 2036 886 2092; x_wconf 86' lang='grc' dir='ltr'>δ’</span> <span class='ocrx_word' id='word_1_113' title='bbox 949 2038 1241 2115; x_wconf 77' lang='grc' dir='ltr'>ἰσημερινῆ</span> <span class='ocrx_word' id='word_1_114' title='bbox 1320 2036 1556 2108; x_wconf 88' lang='grc' dir='ltr'>ἀνατολή</span> <span class='ocrx_word' id='word_1_115' title='bbox 1625 2037 1712 2092; x_wconf 82' lang='grc' dir='ltr'>καὶ</span> <span class='ocrx_word' id='word_1_116' title='bbox 1769 2040 1803 2106; x_wconf 80' lang='grc' dir='ltr'><strong>ἡ</strong></span> 
     </span>
    </p>
   </div>
   <div class='ocr_carea' id='block_1_20' title="bbox 151 2124 1802 2202">
    <p class='ocr_par' dir='ltr' id='par_1_20' title="bbox 151 2124 1802 2202">
     <span class='ocr_line' id='line_1_20' title="bbox 151 2124 1802 2202; baseline 0.001 -22"><span class='ocrx_word' id='word_1_117' title='bbox 151 2126 446 2202; x_wconf 79' lang='grc' dir='ltr'>ἲσημερινή</span> <span class='ocrx_word' id='word_1_118' title='bbox 515 2124 696 2200; x_wconf 83' lang='grc' dir='ltr'>δυσμὴ</span> <span class='ocrx_word' id='word_1_119' title='bbox 750 2125 1128 2201; x_wconf 81' lang='grc' dir='ltr'>διαμετροῦσιν</span> <span class='ocrx_word' id='word_1_120' title='bbox 1196 2125 1452 2198; x_wconf 77' lang='grc' dir='ltr'>ἀλλήλας</span> <span class='ocrx_word' id='word_1_121' title='bbox 1514 2127 1650 2182; x_wconf 84' lang='grc' dir='ltr'>κατά</span> <span class='ocrx_word' id='word_1_122' title='bbox 1712 2129 1802 2182; x_wconf 91' lang='grc' dir='ltr'>τὸν</span> 
     </span>
    </p>
   </div>
   <div class='ocr_carea' id='block_1_21' title="bbox 153 2212 1802 2291">
    <p class='ocr_par' dir='ltr' id='par_1_21' title="bbox 153 2212 1802 2291">
     <span class='ocr_line' id='line_1_21' title="bbox 153 2212 1802 2291; baseline -0.001 -22"><span class='ocrx_word' id='word_1_123' title='bbox 153 2212 313 2269; x_wconf 73' lang='grc' dir='ltr'>αὐτὸν</span> <span class='ocrx_word' id='word_1_124' title='bbox 394 2214 646 2289; x_wconf 85' lang='grc' dir='ltr'>ὁρίζοντα</span> <span class='ocrx_word' id='word_1_125' title='bbox 718 2215 1083 2291; x_wconf 80' lang='grc' dir='ltr'>θεωρούμενα,</span> <span class='ocrx_word' id='word_1_126' title='bbox 1141 2215 1230 2270; x_wconf 81' lang='grc' dir='ltr'>καὶ</span> <span class='ocrx_word' id='word_1_127' title='bbox 1307 2218 1470 2271; x_wconf 83' lang='grc' dir='ltr'>πάλιν</span> <span class='ocrx_word' id='word_1_128' title='bbox 1528 2219 1563 2285; x_wconf 84' lang='grc' dir='ltr'>ἡ</span> <span class='ocrx_word' id='word_1_129' title='bbox 1624 2217 1802 2289; x_wconf 81' lang='grc' dir='ltr'>θερινή</span> 
     </span>
    </p>
   </div>
   <div class='ocr_carea' id='block_1_22' title="bbox 152 2301 1802 2379">
    <p class='ocr_par' dir='ltr' id='par_1_22' title="bbox 152 2301 1802 2379">
     <span class='ocr_line' id='line_1_22' title="bbox 152 2301 1802 2379; baseline 0 -21"><span class='ocrx_word' id='word_1_130' title='bbox 152 2301 392 2372; x_wconf 80' lang='grc' dir='ltr'>ἀνατολὴ</span> <span class='ocrx_word' id='word_1_131' title='bbox 423 2302 513 2358; x_wconf 82' lang='grc' dir='ltr'>καὶ</span> <span class='ocrx_word' id='word_1_132' title='bbox 561 2306 596 2373; x_wconf 74' lang='grc' dir='ltr'>ἡ</span> <span class='ocrx_word' id='word_1_133' title='bbox 645 2307 935 2379; x_wconf 82' lang='grc' dir='ltr'>χειμερινὴ</span> <span class='ocrx_word' id='word_1_134' title='bbox 987 2303 1189 2377; x_wconf 75' lang='grc' dir='ltr'>δυσμή·</span> <span class='ocrx_word' id='word_1_135' title='bbox 1233 2304 1323 2359; x_wconf 80' lang='grc' dir='ltr'>καὶ</span> <span class='ocrx_word' id='word_1_136' title='bbox 1357 2306 1510 2368; x_wconf 83' lang='grc' dir='ltr'>αὗθις</span> <span class='ocrx_word' id='word_1_137' title='bbox 1542 2307 1576 2373; x_wconf 77' lang='grc' dir='ltr'>ἡ</span> <span class='ocrx_word' id='word_1_138' title='bbox 1611 2325 1802 2379; x_wconf 87' lang='grc' dir='ltr'>χειμε-</span> 
     </span>
    </p>
   </div>
   <div class='ocr_carea' id='block_1_23' title="bbox 155 2391 1801 2469">
    <p class='ocr_par' dir='ltr' id='par_1_23' title="bbox 155 2391 1801 2469">
     <span class='ocr_line' id='line_1_23' title="bbox 155 2391 1801 2469; baseline 0.001 -24"><span class='ocrx_word' id='word_1_139' title='bbox 155 2393 278 2468; x_wconf 89' lang='grc' dir='ltr'>ρινή</span> <span class='ocrx_word' id='word_1_140' title='bbox 345 2391 606 2461; x_wconf 77' lang='grc' dir='ltr'>ἀνατολὴ,</span> <span class='ocrx_word' id='word_1_141' title='bbox 636 2393 726 2447; x_wconf 83' lang='grc' dir='ltr'>καὶ</span> <span class='ocrx_word' id='word_1_142' title='bbox 785 2395 968 2469; x_wconf 85' lang='grc' dir='ltr'>θερινή</span> <span class='ocrx_word' id='word_1_143' title='bbox 1023 2391 1224 2466; x_wconf 71' lang='grc' dir='ltr'>δυσμή·</span> <span class='ocrx_word' id='word_1_144' title='bbox 1261 2392 1472 2467; x_wconf 87' lang='grc' dir='ltr'>ὁμοίως</span> <span class='ocrx_word' id='word_1_145' title='bbox 1525 2391 1582 2448; x_wconf 76' lang='grc' dir='ltr'>δὲ</span> <span class='ocrx_word' id='word_1_146' title='bbox 1627 2394 1718 2447; x_wconf 73' lang='grc' dir='ltr'>καὶ</span> <span class='ocrx_word' id='word_1_147' title='bbox 1766 2396 1801 2462; x_wconf 79' lang='grc' dir='ltr'>ἡ</span> 
     </span>
    </p>
   </div>
   <div class='ocr_carea' id='block_1_24' title="bbox 151 2477 1800 2557">
    <p class='ocr_par' dir='ltr' id='par_1_24' title="bbox 151 2477 1800 2557">
     <span class='ocr_line' id='line_1_24' title="bbox 151 2477 1800 2557; baseline -0.001 -21"><span class='ocrx_word' id='word_1_148' title='bbox 151 2481 346 2554; x_wconf 79' lang='grc' dir='ltr'>ἄρκτος</span> <span class='ocrx_word' id='word_1_149' title='bbox 378 2480 468 2535; x_wconf 80' lang='grc' dir='ltr'>καὶ</span> <span class='ocrx_word' id='word_1_150' title='bbox 500 2483 536 2550; x_wconf 79' lang='grc' dir='ltr'>ἡ</span> <span class='ocrx_word' id='word_1_151' title='bbox 572 2477 904 2557; x_wconf 75' lang='grc' dir='ltr'>μεσημϐρία·</span> <span class='ocrx_word' id='word_1_152' title='bbox 961 2481 1076 2536; x_wconf 84' lang='grc' dir='ltr'>ἐπεὶ</span> <span class='ocrx_word' id='word_1_153' title='bbox 1122 2484 1272 2537; x_wconf 77' lang='grc' dir='ltr'>ταῦθ’</span> <span class='ocrx_word' id='word_1_154' title='bbox 1321 2482 1492 2544; x_wconf 76' lang='grc' dir='ltr'>οὕτως</span> <span class='ocrx_word' id='word_1_155' title='bbox 1542 2479 1680 2556; x_wconf 81' lang='grc' dir='ltr'>ἔχει,</span> <span class='ocrx_word' id='word_1_156' title='bbox 1716 2479 1800 2536; x_wconf 63' lang='lat'>93--</span> 
     </span>
    </p>
   </div>
   <div class='ocr_carea' id='block_1_25' title="bbox 162 2565 1800 2640">
    <p class='ocr_par' dir='ltr' id='par_1_25' title="bbox 162 2565 1800 2640">
     <span class='ocr_line' id='line_1_25' title="bbox 162 2565 1800 2640; baseline 0.001 -17"><span class='ocrx_word' id='word_1_157' title='bbox 162 2565 332 2638; x_wconf 89' lang='grc' dir='ltr'>δηλον</span> <span class='ocrx_word' id='word_1_158' title='bbox 359 2569 436 2631; x_wconf 88' lang='grc' dir='ltr'>ὡς</span> <span class='ocrx_word' id='word_1_159' title='bbox 476 2569 838 2625; x_wconf 89' lang='grc' dir='ltr'>ἀντιπνέουσιν</span> <span class='ocrx_word' id='word_1_160' title='bbox 889 2568 1163 2640; x_wconf 74' lang='grc' dir='ltr'>ἀλλήλοις</span> <span class='ocrx_word' id='word_1_161' title='bbox 1193 2572 1244 2624; x_wconf 73' lang='grc' dir='ltr'>οἱ</span> <span class='ocrx_word' id='word_1_162' title='bbox 1295 2569 1355 2625; x_wconf 83' lang='grc' dir='ltr'>ἐκ</span> <span class='ocrx_word' id='word_1_163' title='bbox 1396 2574 1504 2625; x_wconf 93' lang='grc' dir='ltr'>τῶν</span> <span class='ocrx_word' id='word_1_164' title='bbox 1553 2569 1800 2624; x_wconf 80' lang='grc' dir='ltr'>ἐναντίων</span> 
     </span>
    </p>
   </div>
   <div class='ocr_carea' id='block_1_26' title="bbox 159 2656 1804 2733">
    <p class='ocr_par' dir='ltr' id='par_1_26' title="bbox 159 2656 1804 2733">
     <span class='ocr_line' id='line_1_26' title="bbox 159 2656 1804 2733; baseline 0.001 -22"><span class='ocrx_word' id='word_1_165' title='bbox 159 2656 342 2712; x_wconf 89' lang='grc' dir='ltr'>τόπων</span> <span class='ocrx_word' id='word_1_166' title='bbox 421 2656 669 2721; x_wconf 75' lang='grc' dir='ltr'>πνέοντες</span> <span class='ocrx_word' id='word_1_167' title='bbox 750 2656 962 2733; x_wconf 78' lang='grc' dir='ltr'>ἄνεμοι.</span> <span class='ocrx_word' id='word_1_168' title='bbox 1021 2661 1176 2722; x_wconf 86' lang='grc' dir='ltr'>Ὅθεν</span> <span class='ocrx_word' id='word_1_169' title='bbox 1228 2660 1256 2712; x_wconf 98' lang='lat'>6</span> <span class='ocrx_word' id='word_1_170' title='bbox 1311 2660 1403 2732; x_wconf 76' lang='grc' dir='ltr'>μὲν</span> <span class='ocrx_word' id='word_1_171' title='bbox 1479 2657 1804 2729; x_wconf 84' lang='grc' dir='ltr'>ἀπηλιώτης</span> 
     </span>
    </p>
   </div>
   <div class='ocr_carea' id='block_1_27' title="bbox 161 2742 1804 2825">
    <p class='ocr_par' dir='ltr' id='par_1_27' title="bbox 161 2742 1804 2825">
     <span class='ocr_line' id='line_1_27' title="bbox 161 2742 1804 2825; baseline 0 -24"><span class='ocrx_word' id='word_1_172' title='bbox 161 2746 403 2802; x_wconf 87' lang='grc' dir='ltr'>ἀντιπνεῖ</span> <span class='ocrx_word' id='word_1_173' title='bbox 445 2750 525 2819; x_wconf 83' lang='grc' dir='ltr'>τῷ</span> <span class='ocrx_word' id='word_1_174' title='bbox 574 2746 805 2825; x_wconf 81' lang='grc' dir='ltr'>ζεφύρῳ,</span> <span class='ocrx_word' id='word_1_175' title='bbox 839 2748 867 2802; x_wconf 93' lang='lat'>6</span> <span class='ocrx_word' id='word_1_176' title='bbox 919 2747 1130 2809; x_wconf 83' lang='grc' dir='ltr'>καικίας</span> <span class='ocrx_word' id='word_1_177' title='bbox 1181 2744 1238 2802; x_wconf 78' lang='grc' dir='ltr'>δὲ</span> <span class='ocrx_word' id='word_1_178' title='bbox 1286 2752 1364 2818; x_wconf 80' lang='grc' dir='ltr'>τῷ</span> <span class='ocrx_word' id='word_1_179' title='bbox 1412 2742 1550 2813; x_wconf 78' lang='grc' dir='ltr'>λιϐὶ,</span> <span class='ocrx_word' id='word_1_180' title='bbox 1581 2749 1609 2802; x_wconf 98' lang='lat'>6</span> <span class='ocrx_word' id='word_1_181' title='bbox 1650 2745 1804 2823; x_wconf 75' lang='grc' dir='ltr'>εὖρος</span> 
     </span>
    </p>
   </div>
   <div class='ocr_carea' id='block_1_28' title="bbox 156 2834 1802 2913">
    <p class='ocr_par' dir='ltr' id='par_1_28' title="bbox 156 2834 1802 2913">
     <span class='ocr_line' id='line_1_28' title="bbox 156 2834 1802 2913; baseline 0 -24"><span class='ocrx_word' id='word_1_182' title='bbox 156 2839 238 2906; x_wconf 81' lang='grc' dir='ltr'>τῷ</span> <span class='ocrx_word' id='word_1_183' title='bbox 295 2835 546 2912; x_wconf 82' lang='grc' dir='ltr'>ἀργέστῃ,</span> <span class='ocrx_word' id='word_1_184' title='bbox 605 2837 694 2890; x_wconf 90' lang='grc' dir='ltr'>καὶ</span> <span class='ocrx_word' id='word_1_185' title='bbox 750 2837 778 2890; x_wconf 91' lang='lat'>6</span> <span class='ocrx_word' id='word_1_186' title='bbox 839 2836 1031 2913; x_wconf 89' lang='grc' dir='ltr'>βορέας</span> <span class='ocrx_word' id='word_1_187' title='bbox 1098 2841 1176 2908; x_wconf 81' lang='grc' dir='ltr'>τῷ</span> <span class='ocrx_word' id='word_1_188' title='bbox 1240 2835 1401 2908; x_wconf 79' lang='grc' dir='ltr'>νότῳ’</span> <span class='ocrx_word' id='word_1_189' title='bbox 1459 2834 1716 2897; x_wconf 86' lang='grc' dir='ltr'>ὡσαύτως</span> <span class='ocrx_word' id='word_1_190' title='bbox 1775 2837 1802 2888; x_wconf 86' lang='grc' dir='ltr'>ὁ</span> 
     </span>
    </p>
   </div>
   <div class='ocr_carea' id='block_1_29' title="bbox 159 2923 1800 3002">
    <p class='ocr_par' dir='ltr' id='par_1_29' title="bbox 159 2923 1800 3002">
     <span class='ocr_line' id='line_1_29' title="bbox 159 2923 1800 3002; baseline 0.001 -24"><span class='ocrx_word' id='word_1_191' title='bbox 159 2923 414 2999; x_wconf 84' lang='grc' dir='ltr'>θρασκίας</span> <span class='ocrx_word' id='word_1_192' title='bbox 478 2929 559 2997; x_wconf 80' lang='grc' dir='ltr'>τῷ</span> <span class='ocrx_word' id='word_1_193' title='bbox 614 2924 872 3002; x_wconf 76' lang='grc' dir='ltr'>φοινικίᾳ,</span> <span class='ocrx_word' id='word_1_194' title='bbox 923 2925 1014 2980; x_wconf 91' lang='grc' dir='ltr'>καὶ</span> <span class='ocrx_word' id='word_1_195' title='bbox 1063 2925 1091 2978; x_wconf 94' lang='lat'>6</span> <span class='ocrx_word' id='word_1_196' title='bbox 1146 2926 1313 2998; x_wconf 88' lang='grc' dir='ltr'>μέσης</span> <span class='ocrx_word' id='word_1_197' title='bbox 1370 2928 1449 2996; x_wconf 80' lang='grc' dir='ltr'>τῷ</span> <span class='ocrx_word' id='word_1_198' title='bbox 1505 2923 1800 2999; x_wconf 87' lang='grc' dir='ltr'>λιβονότῳ.</span> 
     </span>
    </p>
   </div>
   <div class='ocr_carea' id='block_1_30' title="bbox 159 3009 1801 3085">
    <p class='ocr_par' dir='ltr' id='par_1_30' title="bbox 159 3009 1801 3085">
     <span class='ocr_line' id='line_1_30' title="bbox 159 3009 1801 3085; baseline 0 -19"><span class='ocrx_word' id='word_1_199' title='bbox 159 3016 251 3066; x_wconf 86' lang='grc' dir='ltr'>Δεῖ</span> <span class='ocrx_word' id='word_1_200' title='bbox 308 3009 365 3066; x_wconf 71' lang='grc' dir='ltr'>δὲ</span> <span class='ocrx_word' id='word_1_201' title='bbox 421 3013 521 3082; x_wconf 80' lang='grc' dir='ltr'>τὴν</span> <span class='ocrx_word' id='word_1_202' title='bbox 582 3014 724 3068; x_wconf 86' lang='grc' dir='ltr'>θέσιν</span> <span class='ocrx_word' id='word_1_203' title='bbox 791 3018 898 3068; x_wconf 91' lang='grc' dir='ltr'>τῶν</span> <span class='ocrx_word' id='word_1_204' title='bbox 971 3013 1184 3085; x_wconf 86' lang='grc' dir='ltr'>ἀνέμων</span> <span class='ocrx_word' id='word_1_205' title='bbox 1251 3014 1340 3068; x_wconf 83' lang='grc' dir='ltr'>καὶ</span> <span class='ocrx_word' id='word_1_206' title='bbox 1408 3013 1507 3081; x_wconf 70' lang='grc' dir='ltr'>τὴν</span> <span class='ocrx_word' id='word_1_207' title='bbox 1569 3014 1801 3081; x_wconf 77' lang='grc' dir='ltr'>τοπικὴν</span> 
     </span>
    </p>
   </div>
   <div class='ocr_carea' id='block_1_31' title="bbox 156 3098 1802 3177">
    <p class='ocr_par' dir='ltr' id='par_1_31' title="bbox 156 3098 1802 3177">
     <span class='ocr_line' id='line_1_31' title="bbox 156 3098 1802 3177; baseline -0.001 -21"><span class='ocrx_word' id='word_1_208' title='bbox 156 3099 333 3156; x_wconf 74' lang='grc' dir='ltr'>αὐτῶν</span> <span class='ocrx_word' id='word_1_209' title='bbox 439 3101 747 3157; x_wconf 79' lang='grc' dir='ltr'>ἐναντίωσιν</span> <span class='ocrx_word' id='word_1_210' title='bbox 858 3106 1131 3158; x_wconf 82' lang='grc' dir='ltr'>κατανοεῖν</span> <span class='ocrx_word' id='word_1_211' title='bbox 1215 3101 1275 3156; x_wconf 82' lang='grc' dir='ltr'>ἐκ</span> <span class='ocrx_word' id='word_1_212' title='bbox 1353 3106 1450 3155; x_wconf 78' lang='grc' dir='ltr'>τοῦ</span> <span class='ocrx_word' id='word_1_213' title='bbox 1536 3098 1802 3177; x_wconf 81' lang='grc' dir='ltr'>διαγράμ-</span> 
     </span>
    </p>
   </div>
   <div class='ocr_carea' id='block_1_32' title="bbox 161 3210 351 3262">
    <p class='ocr_par' dir='ltr' id='par_1_32' title="bbox 161 3210 351 3262">
     <span class='ocr_line' id='line_1_32' title="bbox 161 3210 351 3262; baseline 0.016 -18"><span class='ocrx_word' id='word_1_214' title='bbox 161 3210 351 3262; x_wconf 86' lang='grc' dir='ltr'>ματος.</span> 
     </span>
    </p>
   </div>
   <div class='ocr_carea' id='block_1_33' title="bbox 231 3469 1798 3546">
    <p class='ocr_par' dir='ltr' id='par_1_33' title="bbox 231 3469 1798 3546">
     <span class='ocr_line' id='line_1_33' title="bbox 231 3469 1798 3546; baseline 0.001 -20"><span class='ocrx_word' id='word_1_215' title='bbox 231 3469 314 3531; x_wconf 89' lang='grc' dir='ltr'>ιδ’.</span> <span class='ocrx_word' id='word_1_216' title='bbox 374 3471 716 3528; x_wconf 79' lang='grc' dir='ltr'>’Δνατολικοί</span> <span class='ocrx_word' id='word_1_217' title='bbox 780 3473 872 3544; x_wconf 78' lang='grc' dir='ltr'>μὲν</span> <span class='ocrx_word' id='word_1_218' title='bbox 953 3470 1044 3527; x_wconf 78' lang='grc' dir='ltr'>οὖν</span> <span class='ocrx_word' id='word_1_219' title='bbox 1118 3472 1248 3527; x_wconf 79' lang='grc' dir='ltr'>εἰσιν</span> <span class='ocrx_word' id='word_1_220' title='bbox 1317 3470 1506 3546; x_wconf 80' lang='grc' dir='ltr'>ἄνεμοι</span> <span class='ocrx_word' id='word_1_221' title='bbox 1566 3493 1798 3543; x_wconf 88' lang='grc' dir='ltr'>καικιας,</span> 
     </span>
    </p>
   </div>
   <div class='ocr_carea' id='block_1_34' title="bbox 155 3559 1799 3636">
    <p class='ocr_par' dir='ltr' id='par_1_34' title="bbox 155 3559 1799 3636">
     <span class='ocr_line' id='line_1_34' title="bbox 155 3559 1799 3636; baseline 0 -20"><span class='ocrx_word' id='word_1_222' title='bbox 155 3559 484 3631; x_wconf 85' lang='grc' dir='ltr'>ἀπηλιώτης</span> <span class='ocrx_word' id='word_1_223' title='bbox 515 3561 604 3616; x_wconf 84' lang='grc' dir='ltr'>καὶ</span> <span class='ocrx_word' id='word_1_224' title='bbox 636 3559 810 3636; x_wconf 77' lang='grc' dir='ltr'>εὖρος·</span> <span class='ocrx_word' id='word_1_225' title='bbox 845 3561 873 3616; x_wconf 89' lang='grc' dir='ltr'>ὁ</span> <span class='ocrx_word' id='word_1_226' title='bbox 907 3562 1001 3634; x_wconf 76' lang='grc' dir='ltr'>μὲν</span> <span class='ocrx_word' id='word_1_227' title='bbox 1051 3560 1157 3616; x_wconf 86' lang='grc' dir='ltr'>ἀπὸ</span> <span class='ocrx_word' id='word_1_228' title='bbox 1198 3563 1297 3630; x_wconf 78' lang='grc' dir='ltr'>τῆς</span> <span class='ocrx_word' id='word_1_229' title='bbox 1351 3568 1563 3636; x_wconf 84' lang='grc' dir='ltr'>θερινῆς</span> <span class='ocrx_word' id='word_1_230' title='bbox 1614 3563 1799 3616; x_wconf 90' lang='grc' dir='ltr'>ἀνατο-</span> 
     </span>
    </p>
   </div>
   <div class='ocr_carea' id='block_1_35' title="bbox 157 3647 1803 3725">
    <p class='ocr_par' dir='ltr' id='par_1_35' title="bbox 157 3647 1803 3725">
     <span class='ocr_line' id='line_1_35' title="bbox 157 3647 1803 3725; baseline -0.002 -19"><span class='ocrx_word' id='word_1_231' title='bbox 157 3647 285 3720; x_wconf 85' lang='grc' dir='ltr'>λῆς,</span> <span class='ocrx_word' id='word_1_232' title='bbox 318 3651 346 3705; x_wconf 92' lang='lat'>6</span> <span class='ocrx_word' id='word_1_233' title='bbox 378 3649 424 3705; x_wconf 88' lang='grc' dir='ltr'>δ’</span> <span class='ocrx_word' id='word_1_234' title='bbox 457 3649 562 3705; x_wconf 87' lang='grc' dir='ltr'>ἀπὸ</span> <span class='ocrx_word' id='word_1_235' title='bbox 609 3657 710 3719; x_wconf 91' lang='grc' dir='ltr'>τῆς</span> <span class='ocrx_word' id='word_1_236' title='bbox 761 3649 1106 3722; x_wconf 78' lang='grc' dir='ltr'>ἱσημερινῆς,</span> <span class='ocrx_word' id='word_1_237' title='bbox 1139 3650 1167 3704; x_wconf 93' lang='lat'>6</span> <span class='ocrx_word' id='word_1_238' title='bbox 1198 3647 1244 3704; x_wconf 86' lang='grc' dir='ltr'>δ’</span> <span class='ocrx_word' id='word_1_239' title='bbox 1273 3647 1338 3704; x_wconf 76' lang='grc' dir='ltr'>αὖ</span> <span class='ocrx_word' id='word_1_240' title='bbox 1390 3650 1496 3704; x_wconf 88' lang='grc' dir='ltr'>ἀπὸ</span> <span class='ocrx_word' id='word_1_241' title='bbox 1542 3657 1640 3718; x_wconf 90' lang='grc' dir='ltr'>τῆς</span> <span class='ocrx_word' id='word_1_242' title='bbox 1689 3670 1803 3725; x_wconf 86' lang='grc' dir='ltr'>χει-</span> 
     </span>
    </p>
   </div>
   <div class='ocr_carea' id='block_1_36' title="bbox 160 3735 1798 3814">
    <p class='ocr_par' dir='ltr' id='par_1_36' title="bbox 160 3735 1798 3814">
     <span class='ocr_line' id='line_1_36' title="bbox 160 3735 1798 3814; baseline 0 -22"><span class='ocrx_word' id='word_1_243' title='bbox 160 3744 408 3814; x_wconf 86' lang='grc' dir='ltr'>μερινῆς.</span> <span class='ocrx_word' id='word_1_244' title='bbox 465 3738 680 3793; x_wconf 83' lang='grc' dir='ltr'>Δυτικοὶ</span> <span class='ocrx_word' id='word_1_245' title='bbox 734 3735 780 3792; x_wconf 87' lang='grc' dir='ltr'>δ’</span> <span class='ocrx_word' id='word_1_246' title='bbox 830 3735 1021 3812; x_wconf 82' lang='grc' dir='ltr'>ἄνεμοι</span> <span class='ocrx_word' id='word_1_247' title='bbox 1068 3736 1353 3814; x_wconf 86' lang='grc' dir='ltr'>ἀργέστης,</span> <span class='ocrx_word' id='word_1_248' title='bbox 1399 3738 1644 3813; x_wconf 79' lang='grc' dir='ltr'>ζέφυρος,</span> <span class='ocrx_word' id='word_1_249' title='bbox 1679 3736 1798 3812; x_wconf 83' lang='grc' dir='ltr'>λίψ·</span> 
     </span>
    </p>
   </div>
   <div class='ocr_carea' id='block_1_37' title="bbox 155 3823 1801 3901">
    <p class='ocr_par' dir='ltr' id='par_1_37' title="bbox 155 3823 1801 3901">
     <span class='ocr_line' id='line_1_37' title="bbox 155 3823 1801 3901; baseline 0 -20"><span class='ocrx_word' id='word_1_250' title='bbox 155 3827 188 3881; x_wconf 91' lang='lat'>6</span> <span class='ocrx_word' id='word_1_251' title='bbox 221 3827 316 3900; x_wconf 72' lang='grc' dir='ltr'>μὲν</span> <span class='ocrx_word' id='word_1_252' title='bbox 366 3825 471 3882; x_wconf 81' lang='grc' dir='ltr'>ἀπὸ</span> <span class='ocrx_word' id='word_1_253' title='bbox 514 3833 615 3896; x_wconf 91' lang='grc' dir='ltr'>τῆς</span> <span class='ocrx_word' id='word_1_254' title='bbox 657 3827 872 3901; x_wconf 84' lang='grc' dir='ltr'>θερινῆς</span> <span class='ocrx_word' id='word_1_255' title='bbox 906 3823 1139 3899; x_wconf 86' lang='grc' dir='ltr'>δυσμῆς,</span> <span class='ocrx_word' id='word_1_256' title='bbox 1172 3827 1200 3880; x_wconf 91' lang='lat'>6</span> <span class='ocrx_word' id='word_1_257' title='bbox 1233 3823 1279 3880; x_wconf 81' lang='grc' dir='ltr'>δ’</span> <span class='ocrx_word' id='word_1_258' title='bbox 1307 3826 1412 3880; x_wconf 85' lang='grc' dir='ltr'>ἀπὸ</span> <span class='ocrx_word' id='word_1_259' title='bbox 1459 3833 1558 3896; x_wconf 90' lang='grc' dir='ltr'>τῆς</span> <span class='ocrx_word' id='word_1_260' title='bbox 1607 3826 1801 3900; x_wconf 72' lang='grc' dir='ltr'>ἰσημε-</span> 
     </span>
    </p>
   </div>
   <div class='ocr_carea' id='block_1_38' title="bbox 156 3912 1802 3993">
    <p class='ocr_par' dir='ltr' id='par_1_38' title="bbox 156 3912 1802 3993">
     <span class='ocr_line' id='line_1_38' title="bbox 156 3912 1802 3993; baseline 0 -24"><span class='ocrx_word' id='word_1_261' title='bbox 156 3921 333 3993; x_wconf 85' lang='grc' dir='ltr'>ρινῆς·</span> <span class='ocrx_word' id='word_1_262' title='bbox 369 3915 397 3969; x_wconf 91' lang='lat'>6</span> <span class='ocrx_word' id='word_1_263' title='bbox 430 3912 488 3970; x_wconf 81' lang='grc' dir='ltr'>δὲ</span> <span class='ocrx_word' id='word_1_264' title='bbox 545 3915 644 3986; x_wconf 85' lang='grc' dir='ltr'>λὶψ</span> <span class='ocrx_word' id='word_1_265' title='bbox 703 3915 806 3969; x_wconf 88' lang='grc' dir='ltr'>ἀπὸ</span> <span class='ocrx_word' id='word_1_266' title='bbox 862 3922 964 3984; x_wconf 91' lang='grc' dir='ltr'>τῆς</span> <span class='ocrx_word' id='word_1_267' title='bbox 1016 3921 1361 3992; x_wconf 85' lang='grc' dir='ltr'>χειμερινῆς.</span> <span class='ocrx_word' id='word_1_268' title='bbox 1422 3917 1688 3990; x_wconf 82' lang='grc' dir='ltr'>Ἀρκτῷοι</span> <span class='ocrx_word' id='word_1_269' title='bbox 1745 3913 1802 3969; x_wconf 73' lang='grc' dir='ltr'>δὲ</span> 
     </span>
    </p>
   </div>
   <div class='ocr_carea' id='block_1_39' title="bbox 149 3999 1803 4080">
    <p class='ocr_par' dir='ltr' id='par_1_39' title="bbox 149 3999 1803 4080">
     <span class='ocr_line' id='line_1_39' title="bbox 149 3999 1803 4080; baseline -0.001 -21"><span class='ocrx_word' id='word_1_270' title='bbox 149 4001 278 4072; x_wconf 74' lang='grc' dir='ltr'>ἤτοι</span> <span class='ocrx_word' id='word_1_271' title='bbox 333 3999 535 4080; x_wconf 86' lang='grc' dir='ltr'>βόρειοι</span> <span class='ocrx_word' id='word_1_272' title='bbox 594 4002 868 4079; x_wconf 86' lang='grc' dir='ltr'>θρασκίας,</span> <span class='ocrx_word' id='word_1_273' title='bbox 901 4003 1218 4079; x_wconf 81' lang='grc' dir='ltr'>ἀπαρκτίας,</span> <span class='ocrx_word' id='word_1_274' title='bbox 1258 4003 1348 4057; x_wconf 85' lang='grc' dir='ltr'>καὶ</span> <span class='ocrx_word' id='word_1_275' title='bbox 1408 4003 1576 4076; x_wconf 86' lang='grc' dir='ltr'>μέσης</span> <span class='ocrx_word' id='word_1_276' title='bbox 1610 4005 1637 4058; x_wconf 91' lang='lat'>6</span> <span class='ocrx_word' id='word_1_277' title='bbox 1668 4006 1803 4058; x_wconf 88' lang='grc' dir='ltr'>κατά</span> 
     </span>
    </p>
   </div>
   <div class='ocr_carea' id='block_1_40' title="bbox 151 4092 1802 4168">
    <p class='ocr_par' dir='ltr' id='par_1_40' title="bbox 151 4092 1802 4168">
     <span class='ocr_line' id='line_1_40' title="bbox 151 4092 1802 4168; baseline -0.001 -20"><span class='ocrx_word' id='word_1_278' title='bbox 151 4095 438 4163; x_wconf 82' lang='grc' dir='ltr'>συνήθειαν</span> <span class='ocrx_word' id='word_1_279' title='bbox 519 4092 708 4168; x_wconf 86' lang='grc' dir='ltr'>βορέας</span> <span class='ocrx_word' id='word_1_280' title='bbox 788 4092 1095 4168; x_wconf 60' lang='grc' dir='ltr'>λεγόμενος</span> <span class='ocrx_word' id='word_1_281' title='bbox 1158 4093 1231 4146; x_wconf 82' lang='grc' dir='ltr'>ὧν</span> <span class='ocrx_word' id='word_1_282' title='bbox 1288 4093 1316 4146; x_wconf 88' lang='grc' dir='ltr'><strong>ὁ</strong></span> <span class='ocrx_word' id='word_1_283' title='bbox 1379 4094 1470 4165; x_wconf 78' lang='grc' dir='ltr'>μὲν</span> <span class='ocrx_word' id='word_1_284' title='bbox 1548 4093 1802 4167; x_wconf 86' lang='grc' dir='ltr'>θρασκίας</span> 
     </span>
    </p>
   </div>
   <div class='ocr_carea' id='block_1_41' title="bbox 151 4178 1801 4257">
    <p class='ocr_par' dir='ltr' id='par_1_41' title="bbox 151 4178 1801 4257">
     <span class='ocr_line' id='line_1_41' title="bbox 151 4178 1801 4257; baseline -0.001 -21"><span class='ocrx_word' id='word_1_285' title='bbox 151 4181 262 4236; x_wconf 84' lang='grc' dir='ltr'>ἀπὸ</span> <span class='ocrx_word' id='word_1_286' title='bbox 288 4186 396 4237; x_wconf 89' lang='grc' dir='ltr'>τῶν</span> <span class='ocrx_word' id='word_1_287' title='bbox 430 4179 614 4252; x_wconf 78' lang='grc' dir='ltr'>δεξιῶν</span> <span class='ocrx_word' id='word_1_288' title='bbox 646 4183 745 4250; x_wconf 81' lang='grc' dir='ltr'>τῆς</span> <span class='ocrx_word' id='word_1_289' title='bbox 794 4178 991 4257; x_wconf 79' lang='grc' dir='ltr'>ἄρκτου</span> <span class='ocrx_word' id='word_1_290' title='bbox 1046 4185 1248 4256; x_wconf 81' lang='grc' dir='ltr'>μερῶν,</span> <span class='ocrx_word' id='word_1_291' title='bbox 1277 4181 1367 4235; x_wconf 85' lang='grc' dir='ltr'>καὶ</span> <span class='ocrx_word' id='word_1_292' title='bbox 1412 4181 1488 4242; x_wconf 87' lang='grc' dir='ltr'>ὡς</span> <span class='ocrx_word' id='word_1_293' title='bbox 1533 4182 1666 4257; x_wconf 84' lang='grc' dir='ltr'>πρὸς</span> <span class='ocrx_word' id='word_1_294' title='bbox 1710 4179 1801 4236; x_wconf 72' lang='grc' dir='ltr'>δύο</span> 
     </span>
    </p>
   </div>
   <div class='ocr_carea' id='block_1_42' title="bbox 151 4265 1803 4344">
    <p class='ocr_par' dir='ltr' id='par_1_42' title="bbox 151 4265 1803 4344">
     <span class='ocr_line' id='line_1_42' title="bbox 151 4265 1803 4344; baseline 0.001 -20"><span class='ocrx_word' id='word_1_295' title='bbox 151 4289 237 4324; x_wconf 85' lang='grc' dir='ltr'>σιν</span> <span class='ocrx_word' id='word_1_296' title='bbox 266 4266 382 4344; x_wconf 81' lang='grc' dir='ltr'>ἔχει</span> <span class='ocrx_word' id='word_1_297' title='bbox 424 4270 487 4324; x_wconf 85' lang='grc' dir='ltr'>τὸ</span> <span class='ocrx_word' id='word_1_298' title='bbox 516 4273 688 4340; x_wconf 85' lang='grc' dir='ltr'>πνεῖν,</span> <span class='ocrx_word' id='word_1_299' title='bbox 728 4271 798 4342; x_wconf 79' lang='grc' dir='ltr'>τῇ</span> <span class='ocrx_word' id='word_1_300' title='bbox 847 4270 1032 4344; x_wconf 80' lang='grc' dir='ltr'>θερινῇ</span> <span class='ocrx_word' id='word_1_301' title='bbox 1081 4266 1401 4339; x_wconf 85' lang='grc' dir='ltr'>πλησιάζων</span> <span class='ocrx_word' id='word_1_302' title='bbox 1453 4265 1653 4343; x_wconf 74' lang='grc' dir='ltr'>δυσμῇο</span> <span class='ocrx_word' id='word_1_303' title='bbox 1696 4272 1723 4324; x_wconf 91' lang='grc' dir='ltr'>ὁ</span> <span class='ocrx_word' id='word_1_304' title='bbox 1755 4267 1803 4325; x_wconf 88' lang='grc' dir='ltr'>δ’</span> 
     </span>
    </p>
   </div>
   <div class='ocr_carea' id='block_1_43' title="bbox 149 4355 1797 4434">
    <p class='ocr_par' dir='ltr' id='par_1_43' title="bbox 149 4355 1797 4434">
     <span class='ocr_line' id='line_1_43' title="bbox 149 4355 1797 4434; baseline 0 -21"><span class='ocrx_word' id='word_1_305' title='bbox 149 4356 451 4434; x_wconf 86' lang='grc' dir='ltr'>ἀπαρκτίας</span> <span class='ocrx_word' id='word_1_306' title='bbox 498 4357 605 4412; x_wconf 87' lang='grc' dir='ltr'>ἀπὸ</span> <span class='ocrx_word' id='word_1_307' title='bbox 661 4357 830 4431; x_wconf 84' lang='grc' dir='ltr'>μέσης</span> <span class='ocrx_word' id='word_1_308' title='bbox 895 4355 1115 4434; x_wconf 74' lang='grc' dir='ltr'>ἄρκτουο</span> <span class='ocrx_word' id='word_1_309' title='bbox 1163 4359 1192 4412; x_wconf 95' lang='lat'>6</span> <span class='ocrx_word' id='word_1_310' title='bbox 1242 4355 1298 4412; x_wconf 79' lang='grc' dir='ltr'>δὲ</span> <span class='ocrx_word' id='word_1_311' title='bbox 1342 4356 1535 4420; x_wconf 86' lang='grc' dir='ltr'>λοιπὸς</span> <span class='ocrx_word' id='word_1_312' title='bbox 1585 4358 1644 4412; x_wconf 81' lang='grc' dir='ltr'>ἐκ</span> <span class='ocrx_word' id='word_1_313' title='bbox 1691 4363 1797 4413; x_wconf 89' lang='grc' dir='ltr'>τῶν</span> 
     </span>
    </p>
   </div>
   <div class='ocr_carea' id='block_1_44' title="bbox 149 4441 1801 4522">
    <p class='ocr_par' dir='ltr' id='par_1_44' title="bbox 149 4441 1801 4522">
     <span class='ocr_line' id='line_1_44' title="bbox 149 4441 1801 4522; baseline 0 -22"><span class='ocrx_word' id='word_1_314' title='bbox 149 4445 447 4520; x_wconf 81' lang='grc' dir='ltr'>εὐωνύμων</span> <span class='ocrx_word' id='word_1_315' title='bbox 475 4452 577 4516; x_wconf 86' lang='grc' dir='ltr'>τῆς</span> <span class='ocrx_word' id='word_1_316' title='bbox 617 4446 816 4522; x_wconf 79' lang='grc' dir='ltr'>ἄρκτου</span> <span class='ocrx_word' id='word_1_317' title='bbox 869 4448 1070 4521; x_wconf 89' lang='grc' dir='ltr'>μερῶν.</span> <span class='ocrx_word' id='word_1_318' title='bbox 1118 4446 1345 4520; x_wconf 82' lang='grc' dir='ltr'>Ἀνεμοι</span> <span class='ocrx_word' id='word_1_319' title='bbox 1389 4443 1447 4500; x_wconf 74' lang='grc' dir='ltr'>δὲ</span> <span class='ocrx_word' id='word_1_320' title='bbox 1498 4441 1801 4522; x_wconf 80' lang='grc' dir='ltr'>μεσημϐρι-</span> 
     </span>
    </p>
   </div>
   <div class='ocr_carea' id='block_1_45' title="bbox 152 4529 1797 4607">
    <p class='ocr_par' dir='ltr' id='par_1_45' title="bbox 152 4529 1797 4607">
     <span class='ocr_line' id='line_1_45' title="bbox 152 4529 1797 4607; baseline 0 -17"><span class='ocrx_word' id='word_1_321' title='bbox 152 4533 241 4590; x_wconf 81' lang='grc' dir='ltr'>νοὶ</span> <span class='ocrx_word' id='word_1_322' title='bbox 268 4531 394 4604; x_wconf 75' lang='grc' dir='ltr'>ἤτοι</span> <span class='ocrx_word' id='word_1_323' title='bbox 426 4535 597 4589; x_wconf 88' lang='grc' dir='ltr'>νότιοι</span> <span class='ocrx_word' id='word_1_324' title='bbox 643 4535 672 4588; x_wconf 92' lang='lat'>6</span> <span class='ocrx_word' id='word_1_325' title='bbox 716 4533 1023 4607; x_wconf 85' lang='grc' dir='ltr'>εύρόνοτος,</span> <span class='ocrx_word' id='word_1_326' title='bbox 1055 4535 1082 4588; x_wconf 93' lang='lat'>6</span> <span class='ocrx_word' id='word_1_327' title='bbox 1112 4534 1269 4597; x_wconf 91' lang='grc' dir='ltr'>νότος</span> <span class='ocrx_word' id='word_1_328' title='bbox 1311 4535 1400 4589; x_wconf 84' lang='grc' dir='ltr'>καὶ</span> <span class='ocrx_word' id='word_1_329' title='bbox 1431 4535 1459 4588; x_wconf 90' lang='grc' dir='ltr'>ὁ</span> <span class='ocrx_word' id='word_1_330' title='bbox 1490 4529 1797 4597; x_wconf 80' lang='grc' dir='ltr'>λιϐόνοτος’</span> 
     </span>
    </p>
   </div>
   <div class='ocr_carea' id='block_1_46' title="bbox 1936 616 3584 693">
    <p class='ocr_par' dir='ltr' id='par_1_46' title="bbox 1936 616 3584 693">
     <span class='ocr_line' id='line_1_46' title="bbox 1936 616 3584 693; baseline -0.002 -17"><span class='ocrx_word' id='word_1_331' title='bbox 1936 622 2089 692; x_wconf 93' lang='lat' dir='ltr'>quod</span> <span class='ocrx_word' id='word_1_332' title='bbox 2121 639 2275 692; x_wconf 88' lang='lat' dir='ltr'>aqua</span> <span class='ocrx_word' id='word_1_333' title='bbox 2305 639 2431 693; x_wconf 77' lang='lat' dir='ltr'>quae</span> <span class='ocrx_word' id='word_1_334' title='bbox 2463 620 2794 676; x_wconf 84' lang='lat' dir='ltr'>excernitur</span> <span class='ocrx_word' id='word_1_335' title='bbox 2824 621 3059 689; x_wconf 80' lang='lat' dir='ltr'>propter</span> <span class='ocrx_word' id='word_1_336' title='bbox 3089 616 3460 688; x_wconf 84' lang='lat' dir='ltr'>frigiditatem</span> <span class='ocrx_word' id='word_1_337' title='bbox 3491 633 3584 672; x_wconf 89' lang='lat' dir='ltr'>ce-</span> 
     </span>
    </p>
   </div>
   <div class='ocr_carea' id='block_1_47' title="bbox 1935 705 3582 782">
    <p class='ocr_par' dir='ltr' id='par_1_47' title="bbox 1935 705 3582 782">
     <span class='ocr_line' id='line_1_47' title="bbox 1935 705 3582 782; baseline -0.002 -18"><span class='ocrx_word' id='word_1_338' title='bbox 1935 710 2130 766; x_wconf 87' lang='lat' dir='ltr'>leriter</span> <span class='ocrx_word' id='word_1_339' title='bbox 2169 711 2431 782; x_wconf 85' lang='lat' dir='ltr'>congelet</span> <span class='ocrx_word' id='word_1_340' title='bbox 2461 715 2517 766; x_wconf 91' lang='lat' dir='ltr'>et</span> <span class='ocrx_word' id='word_1_341' title='bbox 2545 710 2604 763; x_wconf 91' lang='lat' dir='ltr'>in</span> <span class='ocrx_word' id='word_1_342' title='bbox 2633 708 2879 780; x_wconf 81' lang='lat' dir='ltr'>glaciem</span> <span class='ocrx_word' id='word_1_343' title='bbox 2911 711 3269 762; x_wconf 86' lang='lat' dir='ltr'>concrescat.</span> <span class='ocrx_word' id='word_1_344' title='bbox 3310 705 3397 761; x_wconf 89' lang='lat' dir='ltr'>Sit</span> <span class='ocrx_word' id='word_1_345' title='bbox 3426 705 3582 761; x_wconf 91' lang='lat' dir='ltr'>cnim</span> 
     </span>
    </p>
   </div>
   <div class='ocr_carea' id='block_1_48' title="bbox 1937 799 2799 871">
    <p class='ocr_par' dir='ltr' id='par_1_48' title="bbox 1937 799 2799 871">
     <span class='ocr_line' id='line_1_48' title="bbox 1937 799 2799 871; baseline -0.003 -17"><span class='ocrx_word' id='word_1_346' title='bbox 1937 801 2114 854; x_wconf 77' lang='lat' dir='ltr'>etiam</span> <span class='ocrx_word' id='word_1_347' title='bbox 2143 801 2365 871; x_wconf 86' lang='lat' dir='ltr'>granda</span> <span class='ocrx_word' id='word_1_348' title='bbox 2395 799 2519 854; x_wconf 80' lang='lat' dir='ltr'>ﬁeri</span> <span class='ocrx_word' id='word_1_349' title='bbox 2548 799 2799 853; x_wconf 90' lang='lat' dir='ltr'>videtur.</span> 
     </span>
    </p>
   </div>
   <div class='ocr_carea' id='block_1_49' title="bbox 2008 884 3578 956">
    <p class='ocr_par' dir='ltr' id='par_1_49' title="bbox 2008 884 3578 956">
     <span class='ocr_line' id='line_1_49' title="bbox 2008 884 3578 956; baseline -0.003 -13"><span class='ocrx_word' id='word_1_350' title='bbox 2008 891 2093 943; x_wconf 80' lang='grc'>12.</span> <span class='ocrx_word' id='word_1_351' title='bbox 2130 890 2302 943; x_wconf 90' lang='lat' dir='ltr'>Fiunt</span> <span class='ocrx_word' id='word_1_352' title='bbox 2331 895 2526 944; x_wconf 90' lang='lat' dir='ltr'>autem</span> <span class='ocrx_word' id='word_1_353' title='bbox 2583 887 2758 943; x_wconf 88' lang='lat' dir='ltr'>etiam</span> <span class='ocrx_word' id='word_1_354' title='bbox 2792 884 3103 956; x_wconf 73' lang='lat' dir='ltr'>ecnephiae,</span> <span class='ocrx_word' id='word_1_355' title='bbox 3165 884 3274 939; x_wconf 93' lang='lat' dir='ltr'>hoc</span> <span class='ocrx_word' id='word_1_356' title='bbox 3305 889 3412 952; x_wconf 91' lang='lat' dir='ltr'>est,</span> <span class='ocrx_word' id='word_1_357' title='bbox 3447 899 3578 955; x_wconf 89' lang='lat' dir='ltr'>pro-</span> 
     </span>
    </p>
   </div>
   <div class='ocr_carea' id='block_1_50' title="bbox 1937 973 3579 1050">
    <p class='ocr_par' dir='ltr' id='par_1_50' title="bbox 1937 973 3579 1050">
     <span class='ocr_line' id='line_1_50' title="bbox 1937 973 3579 1050; baseline -0.002 -18"><span class='ocrx_word' id='word_1_358' title='bbox 1937 977 2092 1033; x_wconf 63' lang='lat' dir='ltr'>cella:</span> <span class='ocrx_word' id='word_1_359' title='bbox 2153 978 2326 1050; x_wconf 83' lang='lat' dir='ltr'>(venti</span> <span class='ocrx_word' id='word_1_360' title='bbox 2387 977 2487 1048; x_wconf 85' lang='lat' dir='ltr'>qui</span> <span class='ocrx_word' id='word_1_361' title='bbox 2543 976 2770 1031; x_wconf 84' lang='lat' dir='ltr'>excussi</span> <span class='ocrx_word' id='word_1_362' title='bbox 2829 975 3084 1028; x_wconf 90' lang='lat' dir='ltr'>nubibus</span> <span class='ocrx_word' id='word_1_363' title='bbox 3135 973 3398 1041; x_wconf 61' lang='lat' dir='ltr'>saviunt,</span> <span class='ocrx_word' id='word_1_364' title='bbox 3433 989 3579 1044; x_wconf 91' lang='lat' dir='ltr'>quos</span> 
     </span>
    </p>
   </div>
   <div class='ocr_carea' id='block_1_51' title="bbox 1934 1062 3578 1137">
    <p class='ocr_par' dir='ltr' id='par_1_51' title="bbox 1934 1062 3578 1137">
     <span class='ocr_line' id='line_1_51' title="bbox 1934 1062 3578 1137; baseline -0.003 -16"><span class='ocrx_word' id='word_1_365' title='bbox 1934 1066 2113 1122; x_wconf 68' lang='lat' dir='ltr'>Graeci</span> <span class='ocrx_word' id='word_1_366' title='bbox 2169 1070 2473 1137; x_wconf 83' lang='lat' dir='ltr'>propterea</span> <span class='ocrx_word' id='word_1_367' title='bbox 2529 1064 2841 1134; x_wconf 89' lang='lat' dir='ltr'>ecnephias</span> <span class='ocrx_word' id='word_1_368' title='bbox 2892 1063 3120 1133; x_wconf 90' lang='lat' dir='ltr'>vocant)</span> <span class='ocrx_word' id='word_1_369' title='bbox 3172 1079 3184 1116; x_wconf 91' lang='lat'>:</span> <span class='ocrx_word' id='word_1_370' title='bbox 3240 1062 3578 1132; x_wconf 80' lang='lat' dir='ltr'>septentrio,</span> 
     </span>
    </p>
   </div>
   <div class='ocr_carea' id='block_1_52' title="bbox 1932 1151 3570 1225">
    <p class='ocr_par' dir='ltr' id='par_1_52' title="bbox 1932 1151 3570 1225">
     <span class='ocr_line' id='line_1_52' title="bbox 1932 1151 3570 1225; baseline -0.001 -17"><span class='ocrx_word' id='word_1_371' title='bbox 1932 1155 2242 1225; x_wconf 87' lang='lat' dir='ltr'>thrascias,</span> <span class='ocrx_word' id='word_1_372' title='bbox 2278 1163 2335 1210; x_wconf 86' lang='lat' dir='ltr'>et</span> <span class='ocrx_word' id='word_1_373' title='bbox 2365 1171 2555 1209; x_wconf 88' lang='lat' dir='ltr'>corus.</span> <span class='ocrx_word' id='word_1_374' title='bbox 2591 1155 2737 1208; x_wconf 75' lang='lat' dir='ltr'>I91</span> <span class='ocrx_word' id='word_1_375' title='bbox 2784 1152 3051 1207; x_wconf 62' lang='lat' dir='ltr'>Proceila</span> <span class='ocrx_word' id='word_1_376' title='bbox 3101 1151 3254 1205; x_wconf 89' lang='lat' dir='ltr'>enim</span> <span class='ocrx_word' id='word_1_377' title='bbox 3288 1167 3570 1222; x_wconf 84' lang='lat' dir='ltr'>generan-</span> 
     </span>
    </p>
   </div>
   <div class='ocr_carea' id='block_1_53' title="bbox 1929 1240 3576 1310">
    <p class='ocr_par' dir='ltr' id='par_1_53' title="bbox 1929 1240 3576 1310">
     <span class='ocr_line' id='line_1_53' title="bbox 1929 1240 3576 1310; baseline -0.002 -12"><span class='ocrx_word' id='word_1_378' title='bbox 1929 1247 2044 1310; x_wconf 90' lang='lat' dir='ltr'>tur,</span> <span class='ocrx_word' id='word_1_379' title='bbox 2105 1261 2239 1298; x_wconf 91' lang='lat' dir='ltr'>cum</span> <span class='ocrx_word' id='word_1_380' title='bbox 2297 1244 2425 1298; x_wconf 88' lang='lat' dir='ltr'>aliis</span> <span class='ocrx_word' id='word_1_381' title='bbox 2482 1243 2671 1297; x_wconf 84' lang='lat' dir='ltr'>ventis</span> <span class='ocrx_word' id='word_1_382' title='bbox 2703 1241 2982 1296; x_wconf 88' lang='lat' dir='ltr'>ﬂantibus</span> <span class='ocrx_word' id='word_1_383' title='bbox 3025 1240 3118 1294; x_wconf 92' lang='lat' dir='ltr'>alii</span> <span class='ocrx_word' id='word_1_384' title='bbox 3155 1241 3458 1310; x_wconf 80' lang='lat' dir='ltr'>ingruunt,</span> <span class='ocrx_word' id='word_1_385' title='bbox 3519 1243 3576 1295; x_wconf 91' lang='lat' dir='ltr'>et</span> 
     </span>
    </p>
   </div>
   <div class='ocr_carea' id='block_1_54' title="bbox 1931 1328 3580 1404">
    <p class='ocr_par' dir='ltr' id='par_1_54' title="bbox 1931 1328 3580 1404">
     <span class='ocr_line' id='line_1_54' title="bbox 1931 1328 3580 1404; baseline -0.004 -17"><span class='ocrx_word' id='word_1_386' title='bbox 1931 1333 2168 1388; x_wconf 90' lang='lat' dir='ltr'>eosdem</span> <span class='ocrx_word' id='word_1_387' title='bbox 2193 1332 2761 1404; x_wconf 87' lang='lat' dir='ltr'>comprimunt.Cum</span> <span class='ocrx_word' id='word_1_388' title='bbox 2781 1331 2961 1402; x_wconf 78' lang='lat' dir='ltr'>igitur</span> <span class='ocrx_word' id='word_1_389' title='bbox 2980 1330 3078 1400; x_wconf 86' lang='lat' dir='ltr'>qui</span> <span class='ocrx_word' id='word_1_390' title='bbox 3099 1328 3286 1399; x_wconf 88' lang='lat' dir='ltr'>primo</span> <span class='ocrx_word' id='word_1_391' title='bbox 3300 1329 3580 1392; x_wconf 88' lang='lat' dir='ltr'>flant,nu-</span> 
     </span>
    </p>
   </div>
   <div class='ocr_carea' id='block_1_55' title="bbox 1931 1416 3574 1494">
    <p class='ocr_par' dir='ltr' id='par_1_55' title="bbox 1931 1416 3574 1494">
     <span class='ocr_line' id='line_1_55' title="bbox 1931 1416 3574 1494; baseline -0.004 -17"><span class='ocrx_word' id='word_1_392' title='bbox 1931 1423 2032 1477; x_wconf 89' lang='lat' dir='ltr'>bes</span> <span class='ocrx_word' id='word_1_393' title='bbox 2065 1421 2521 1494; x_wconf 90' lang='lat' dir='ltr'>depulerint,qui</span> <span class='ocrx_word' id='word_1_394' title='bbox 2555 1420 2614 1474; x_wconf 89' lang='lat' dir='ltr'>in</span> <span class='ocrx_word' id='word_1_395' title='bbox 2647 1437 2745 1475; x_wconf 94' lang='lat' dir='ltr'>eos</span> <span class='ocrx_word' id='word_1_396' title='bbox 2777 1437 2843 1474; x_wconf 87' lang='lat' dir='ltr'>ex</span> <span class='ocrx_word' id='word_1_397' title='bbox 2869 1418 3175 1473; x_wconf 85' lang='lat' dir='ltr'>contrariis</span> <span class='ocrx_word' id='word_1_398' title='bbox 3199 1416 3460 1488; x_wconf 85' lang='lat' dir='ltr'>partibus</span> <span class='ocrx_word' id='word_1_399' title='bbox 3485 1417 3574 1471; x_wconf 87' lang='lat' dir='ltr'>in-</span> 
     </span>
    </p>
   </div>
   <div class='ocr_carea' id='block_1_56' title="bbox 1930 1505 3570 1581">
    <p class='ocr_par' dir='ltr' id='par_1_56' title="bbox 1930 1505 3570 1581">
     <span class='ocr_line' id='line_1_56' title="bbox 1930 1505 3570 1581; baseline -0.004 -16"><span class='ocrx_word' id='word_1_400' title='bbox 1930 1509 2152 1575; x_wconf 91' lang='lat' dir='ltr'>cidunt,</span> <span class='ocrx_word' id='word_1_401' title='bbox 2185 1527 2253 1565; x_wconf 81' lang='lat' dir='ltr'>ex</span> <span class='ocrx_word' id='word_1_402' title='bbox 2282 1510 2428 1581; x_wconf 89' lang='lat' dir='ltr'>ipsis</span> <span class='ocrx_word' id='word_1_403' title='bbox 2459 1509 2716 1564; x_wconf 90' lang='lat' dir='ltr'>nubibus</span> <span class='ocrx_word' id='word_1_404' title='bbox 2765 1509 2903 1563; x_wconf 85' lang='lat' dir='ltr'>ﬂare</span> <span class='ocrx_word' id='word_1_405' title='bbox 2952 1507 3241 1561; x_wconf 88' lang='lat' dir='ltr'>videntur.</span> <span class='ocrx_word' id='word_1_406' title='bbox 3298 1505 3570 1560; x_wconf 88' lang='lat' dir='ltr'>Incidunt</span> 
     </span>
    </p>
   </div>
   <div class='ocr_carea' id='block_1_57' title="bbox 1928 1595 3572 1666">
    <p class='ocr_par' dir='ltr' id='par_1_57' title="bbox 1928 1595 3572 1666">
     <span class='ocr_line' id='line_1_57' title="bbox 1928 1595 3572 1666; baseline -0.004 -12"><span class='ocrx_word' id='word_1_407' title='bbox 1928 1604 2124 1654; x_wconf 90' lang='lat' dir='ltr'>autem</span> <span class='ocrx_word' id='word_1_408' title='bbox 2156 1598 2408 1654; x_wconf 82' lang='lat' dir='ltr'>maxime</span> <span class='ocrx_word' id='word_1_409' title='bbox 2437 1598 2494 1652; x_wconf 90' lang='lat' dir='ltr'>hi</span> <span class='ocrx_word' id='word_1_410' title='bbox 2527 1597 2682 1652; x_wconf 89' lang='lat' dir='ltr'>venti</span> <span class='ocrx_word' id='word_1_411' title='bbox 2713 1597 2770 1651; x_wconf 92' lang='lat' dir='ltr'>in</span> <span class='ocrx_word' id='word_1_412' title='bbox 2805 1595 2949 1651; x_wconf 89' lang='lat' dir='ltr'>alios</span> <span class='ocrx_word' id='word_1_413' title='bbox 2980 1596 3205 1661; x_wconf 88' lang='lat' dir='ltr'>ﬂantes,</span> <span class='ocrx_word' id='word_1_414' title='bbox 3231 1598 3287 1650; x_wconf 90' lang='lat' dir='ltr'>et</span> <span class='ocrx_word' id='word_1_415' title='bbox 3315 1595 3469 1666; x_wconf 90' lang='lat' dir='ltr'>quod</span> <span class='ocrx_word' id='word_1_416' title='bbox 3501 1610 3572 1649; x_wconf 82' lang='lat' dir='ltr'>ex</span> 
     </span>
    </p>
   </div>
   <div class='ocr_carea' id='block_1_58' title="bbox 1926 1682 3568 1760">
    <p class='ocr_par' dir='ltr' id='par_1_58' title="bbox 1926 1682 3568 1760">
     <span class='ocr_line' id='line_1_58' title="bbox 1926 1682 3568 1760; baseline -0.003 -17"><span class='ocrx_word' id='word_1_417' title='bbox 1926 1689 2254 1760; x_wconf 89' lang='lat' dir='ltr'>pr0pinquo</span> <span class='ocrx_word' id='word_1_418' title='bbox 2285 1687 2397 1758; x_wconf 92' lang='lat' dir='ltr'>ipsi</span> <span class='ocrx_word' id='word_1_419' title='bbox 2428 1687 2671 1759; x_wconf 87' lang='lat' dir='ltr'>spirent,</span> <span class='ocrx_word' id='word_1_420' title='bbox 2703 1690 2760 1741; x_wconf 89' lang='lat' dir='ltr'>et</span> <span class='ocrx_word' id='word_1_421' title='bbox 2795 1685 2949 1758; x_wconf 91' lang='lat' dir='ltr'>quod</span> <span class='ocrx_word' id='word_1_422' title='bbox 2981 1701 3114 1739; x_wconf 90' lang='lat' dir='ltr'>cum</span> <span class='ocrx_word' id='word_1_423' title='bbox 3145 1683 3368 1755; x_wconf 87' lang='lat' dir='ltr'>impetu</span> <span class='ocrx_word' id='word_1_424' title='bbox 3399 1682 3568 1738; x_wconf 86' lang='lat' dir='ltr'>vehe-</span> 
     </span>
    </p>
   </div>
   <div class='ocr_carea' id='block_1_59' title="bbox 1925 1776 2316 1832">
    <p class='ocr_par' dir='ltr' id='par_1_59' title="bbox 1925 1776 2316 1832">
     <span class='ocr_line' id='line_1_59' title="bbox 1925 1776 2316 1832; baseline -0.005 0"><span class='ocrx_word' id='word_1_425' title='bbox 1925 1781 2150 1832; x_wconf 81' lang='lat' dir='ltr'>mentes</span> <span class='ocrx_word' id='word_1_426' title='bbox 2181 1776 2316 1831; x_wconf 90' lang='lat' dir='ltr'>sint.</span> 
     </span>
    </p>
   </div>
   <div class='ocr_carea' id='block_1_60' title="bbox 1999 1860 3568 1935">
    <p class='ocr_par' dir='ltr' id='par_1_60' title="bbox 1999 1860 3568 1935">
     <span class='ocr_line' id='line_1_60' title="bbox 1999 1860 3568 1935; baseline -0.003 -15"><span class='ocrx_word' id='word_1_427' title='bbox 1999 1865 2372 1930; x_wconf 82' lang='lat' dir='ltr'>13.0uoniam</span> <span class='ocrx_word' id='word_1_428' title='bbox 2398 1870 2594 1920; x_wconf 90' lang='lat' dir='ltr'>autem</span> <span class='ocrx_word' id='word_1_429' title='bbox 2625 1880 2692 1920; x_wconf 89' lang='lat' dir='ltr'>ea</span> <span class='ocrx_word' id='word_1_430' title='bbox 2722 1881 2848 1935; x_wconf 65' lang='lat' dir='ltr'>qua;</span> <span class='ocrx_word' id='word_1_431' title='bbox 2880 1862 3202 1918; x_wconf 83' lang='lat' dir='ltr'>secundum</span> <span class='ocrx_word' id='word_1_432' title='bbox 3236 1860 3427 1917; x_wconf 91' lang='lat' dir='ltr'>locum</span> <span class='ocrx_word' id='word_1_433' title='bbox 3449 1879 3483 1916; x_wconf 91' lang='lat' dir='ltr'>a</span> <span class='ocrx_word' id='word_1_434' title='bbox 3505 1876 3568 1917; x_wconf 87' lang='lat' dir='ltr'>se</span> 
     </span>
    </p>
   </div>
   <div class='ocr_carea' id='block_1_61' title="bbox 1917 1950 3569 2026">
    <p class='ocr_par' dir='ltr' id='par_1_61' title="bbox 1917 1950 3569 2026">
     <span class='ocr_line' id='line_1_61' title="bbox 1917 1950 3569 2026; baseline -0.003 -17"><span class='ocrx_word' id='word_1_435' title='bbox 1917 1954 2164 2010; x_wconf 88' lang='lat' dir='ltr'>invicem</span> <span class='ocrx_word' id='word_1_436' title='bbox 2203 1955 2429 2010; x_wconf 86' lang='lat' dir='ltr'>distant</span> <span class='ocrx_word' id='word_1_437' title='bbox 2464 1953 2806 2026; x_wconf 90' lang='lat' dir='ltr'>plurimum,</span> <span class='ocrx_word' id='word_1_438' title='bbox 2853 1952 3178 2008; x_wconf 91' lang='lat' dir='ltr'>secundum</span> <span class='ocrx_word' id='word_1_439' title='bbox 3209 1950 3403 2006; x_wconf 92' lang='lat' dir='ltr'>locum</span> <span class='ocrx_word' id='word_1_440' title='bbox 3436 1967 3569 2005; x_wconf 91' lang='lat' dir='ltr'>con-</span> 
     </span>
    </p>
   </div>
   <div class='ocr_carea' id='block_1_62' title="bbox 1912 2038 3563 2114">
    <p class='ocr_par' dir='ltr' id='par_1_62' title="bbox 1912 2038 3563 2114">
     <span class='ocr_line' id='line_1_62' title="bbox 1912 2038 3563 2114; baseline -0.003 -16"><span class='ocrx_word' id='word_1_441' title='bbox 1912 2043 2093 2098; x_wconf 91' lang='lat' dir='ltr'>traria</span> <span class='ocrx_word' id='word_1_442' title='bbox 2115 2047 2281 2098; x_wconf 90' lang='lat' dir='ltr'>sunt:</span> <span class='ocrx_word' id='word_1_443' title='bbox 2316 2043 2637 2114; x_wconf 90' lang='lat' dir='ltr'>plurimum</span> <span class='ocrx_word' id='word_1_444' title='bbox 2667 2044 2860 2097; x_wconf 90' lang='lat' dir='ltr'>autem</span> <span class='ocrx_word' id='word_1_445' title='bbox 2893 2039 3116 2095; x_wconf 87' lang='lat' dir='ltr'>distant</span> <span class='ocrx_word' id='word_1_446' title='bbox 3145 2057 3178 2094; x_wconf 94' lang='lat' dir='ltr'>a</span> <span class='ocrx_word' id='word_1_447' title='bbox 3200 2055 3262 2093; x_wconf 90' lang='lat' dir='ltr'>se</span> <span class='ocrx_word' id='word_1_448' title='bbox 3293 2038 3563 2105; x_wconf 89' lang='lat' dir='ltr'>invicem,</span> 
     </span>
    </p>
   </div>
   <div class='ocr_carea' id='block_1_63' title="bbox 1914 2127 3563 2204">
    <p class='ocr_par' dir='ltr' id='par_1_63' title="bbox 1914 2127 3563 2204">
     <span class='ocr_line' id='line_1_63' title="bbox 1914 2127 3563 2204; baseline -0.003 -17"><span class='ocrx_word' id='word_1_449' title='bbox 1914 2149 2040 2203; x_wconf 72' lang='lat' dir='ltr'>quae</span> <span class='ocrx_word' id='word_1_450' title='bbox 2071 2149 2173 2204; x_wconf 92' lang='lat' dir='ltr'>per</span> <span class='ocrx_word' id='word_1_451' title='bbox 2205 2131 2418 2187; x_wconf 86' lang='lat' dir='ltr'>lineam</span> <span class='ocrx_word' id='word_1_452' title='bbox 2445 2131 2846 2187; x_wconf 87' lang='lat' dir='ltr'>dimetientem</span> <span class='ocrx_word' id='word_1_453' title='bbox 2885 2129 3140 2195; x_wconf 86' lang='lat' dir='ltr'>distant;</span> <span class='ocrx_word' id='word_1_454' title='bbox 3201 2145 3267 2182; x_wconf 92' lang='lat' dir='ltr'>ac</span> <span class='ocrx_word' id='word_1_455' title='bbox 3296 2127 3563 2198; x_wconf 80' lang='lat' dir='ltr'>aequino—</span> 
     </span>
    </p>
   </div>
   <div class='ocr_carea' id='block_1_64' title="bbox 1914 2215 3560 2291">
    <p class='ocr_par' dir='ltr' id='par_1_64' title="bbox 1914 2215 3560 2291">
     <span class='ocr_line' id='line_1_64' title="bbox 1914 2215 3560 2291; baseline -0.003 -17"><span class='ocrx_word' id='word_1_456' title='bbox 1914 2220 2102 2275; x_wconf 86' lang='lat' dir='ltr'>ctialis</span> <span class='ocrx_word' id='word_1_457' title='bbox 2133 2225 2295 2275; x_wconf 90' lang='lat' dir='ltr'>ortus</span> <span class='ocrx_word' id='word_1_458' title='bbox 2328 2225 2384 2275; x_wconf 92' lang='lat' dir='ltr'>et</span> <span class='ocrx_word' id='word_1_459' title='bbox 2411 2218 2829 2291; x_wconf 64' lang='lat' dir='ltr'>aequinoctialis</span> <span class='ocrx_word' id='word_1_460' title='bbox 2861 2234 3103 2272; x_wconf 89' lang='lat' dir='ltr'>occasus</span> <span class='ocrx_word' id='word_1_461' title='bbox 3151 2234 3186 2271; x_wconf 92' lang='lat' dir='ltr'>a</span> <span class='ocrx_word' id='word_1_462' title='bbox 3221 2232 3283 2270; x_wconf 90' lang='lat' dir='ltr'>se</span> <span class='ocrx_word' id='word_1_463' title='bbox 3310 2215 3560 2270; x_wconf 88' lang='lat' dir='ltr'>invicem</span> 
     </span>
    </p>
   </div>
   <div class='ocr_carea' id='block_1_65' title="bbox 1913 2304 3561 2379">
    <p class='ocr_par' dir='ltr' id='par_1_65' title="bbox 1913 2304 3561 2379">
     <span class='ocr_line' id='line_1_65' title="bbox 1913 2304 3561 2379; baseline -0.003 -17"><span class='ocrx_word' id='word_1_464' title='bbox 1913 2325 2018 2379; x_wconf 90' lang='lat' dir='ltr'>per</span> <span class='ocrx_word' id='word_1_465' title='bbox 2048 2309 2404 2362; x_wconf 86' lang='lat' dir='ltr'>diametrum</span> <span class='ocrx_word' id='word_1_466' title='bbox 2435 2308 2744 2372; x_wconf 90' lang='lat' dir='ltr'>dissident,</span> <span class='ocrx_word' id='word_1_467' title='bbox 2779 2311 2842 2361; x_wconf 90' lang='lat' dir='ltr'>ut</span> <span class='ocrx_word' id='word_1_468' title='bbox 2901 2307 3002 2377; x_wconf 88' lang='lat' dir='ltr'>qui</span> <span class='ocrx_word' id='word_1_469' title='bbox 3056 2307 3111 2359; x_wconf 88' lang='lat' dir='ltr'>in</span> <span class='ocrx_word' id='word_1_470' title='bbox 3169 2305 3370 2360; x_wconf 89' lang='lat' dir='ltr'>eodem</span> <span class='ocrx_word' id='word_1_471' title='bbox 3401 2304 3561 2358; x_wconf 87' lang='lat' dir='ltr'>hori-</span> 
     </span>
    </p>
   </div>
   <div class='ocr_carea' id='block_1_66' title="bbox 1911 2395 3554 2467">
    <p class='ocr_par' dir='ltr' id='par_1_66' title="bbox 1911 2395 3554 2467">
     <span class='ocr_line' id='line_1_66' title="bbox 1911 2395 3554 2467; baseline -0.002 -17"><span class='ocrx_word' id='word_1_472' title='bbox 1911 2400 2078 2451; x_wconf 87' lang='lat' dir='ltr'>zonte</span> <span class='ocrx_word' id='word_1_473' title='bbox 2108 2401 2461 2467; x_wconf 89' lang='lat' dir='ltr'>spectentur,</span> <span class='ocrx_word' id='word_1_474' title='bbox 2485 2413 2839 2467; x_wconf 89' lang='lat' dir='ltr'>rursumque</span> <span class='ocrx_word' id='word_1_475' title='bbox 2869 2400 3032 2450; x_wconf 90' lang='lat' dir='ltr'>ortus</span> <span class='ocrx_word' id='word_1_476' title='bbox 3058 2395 3290 2449; x_wconf 73' lang='lat' dir='ltr'>aestivus</span> <span class='ocrx_word' id='word_1_477' title='bbox 3313 2398 3370 2448; x_wconf 93' lang='lat' dir='ltr'>et</span> <span class='ocrx_word' id='word_1_478' title='bbox 3390 2410 3554 2448; x_wconf 89' lang='lat' dir='ltr'>occa-</span> 
     </span>
    </p>
   </div>
   <div class='ocr_carea' id='block_1_67' title="bbox 1912 2483 3550 2552">
    <p class='ocr_par' dir='ltr' id='par_1_67' title="bbox 1912 2483 3550 2552">
     <span class='ocr_line' id='line_1_67' title="bbox 1912 2483 3550 2552; baseline -0.002 -13"><span class='ocrx_word' id='word_1_479' title='bbox 1912 2501 2016 2540; x_wconf 90' lang='lat' dir='ltr'>sus</span> <span class='ocrx_word' id='word_1_480' title='bbox 2045 2485 2328 2540; x_wconf 89' lang='lat' dir='ltr'>hibernus</span> <span class='ocrx_word' id='word_1_481' title='bbox 2361 2502 2375 2552; x_wconf 90' lang='lat'>;</span> <span class='ocrx_word' id='word_1_482' title='bbox 2413 2502 2476 2540; x_wconf 91' lang='lat' dir='ltr'>ac</span> <span class='ocrx_word' id='word_1_483' title='bbox 2511 2485 2769 2540; x_wconf 90' lang='lat' dir='ltr'>vicissim</span> <span class='ocrx_word' id='word_1_484' title='bbox 2801 2488 2963 2540; x_wconf 90' lang='lat' dir='ltr'>ortus</span> <span class='ocrx_word' id='word_1_485' title='bbox 2992 2483 3268 2538; x_wconf 89' lang='lat' dir='ltr'>hiberdus</span> <span class='ocrx_word' id='word_1_486' title='bbox 3302 2487 3359 2536; x_wconf 89' lang='lat' dir='ltr'>et</span> <span class='ocrx_word' id='word_1_487' title='bbox 3387 2498 3550 2537; x_wconf 91' lang='lat' dir='ltr'>occa-</span> 
     </span>
    </p>
   </div>
   <div class='ocr_carea' id='block_1_68' title="bbox 1914 2570 3552 2643">
    <p class='ocr_par' dir='ltr' id='par_1_68' title="bbox 1914 2570 3552 2643">
     <span class='ocr_line' id='line_1_68' title="bbox 1914 2570 3552 2643; baseline -0.002 -16"><span class='ocrx_word' id='word_1_488' title='bbox 1914 2589 2016 2628; x_wconf 91' lang='lat' dir='ltr'>sus</span> <span class='ocrx_word' id='word_1_489' title='bbox 2046 2573 2318 2640; x_wconf 67' lang='lat' dir='ltr'>aestivus;</span> <span class='ocrx_word' id='word_1_490' title='bbox 2353 2573 2724 2643; x_wconf 88' lang='lat' dir='ltr'>similemque</span> <span class='ocrx_word' id='word_1_491' title='bbox 2768 2573 2826 2627; x_wconf 90' lang='lat' dir='ltr'>in</span> <span class='ocrx_word' id='word_1_492' title='bbox 2878 2575 3116 2626; x_wconf 82' lang='lat' dir='ltr'>modum</span> <span class='ocrx_word' id='word_1_493' title='bbox 3166 2570 3417 2642; x_wconf 88' lang='lat' dir='ltr'>denique</span> <span class='ocrx_word' id='word_1_494' title='bbox 3465 2587 3552 2625; x_wconf 92' lang='lat' dir='ltr'>ar-</span> 
     </span>
    </p>
   </div>
   <div class='ocr_carea' id='block_1_69' title="bbox 1912 2659 3552 2733">
    <p class='ocr_par' dir='ltr' id='par_1_69' title="bbox 1912 2659 3552 2733">
     <span class='ocr_line' id='line_1_69' title="bbox 1912 2659 3552 2733; baseline -0.001 -17"><span class='ocrx_word' id='word_1_495' title='bbox 1912 2667 2042 2716; x_wconf 90' lang='lat' dir='ltr'>ctus</span> <span class='ocrx_word' id='word_1_496' title='bbox 2061 2662 2423 2733; x_wconf 81' lang='lat' dir='ltr'>[septentrio]</span> <span class='ocrx_word' id='word_1_497' title='bbox 2446 2668 2503 2718; x_wconf 88' lang='lat' dir='ltr'>et</span> <span class='ocrx_word' id='word_1_498' title='bbox 2526 2662 2829 2727; x_wconf 88' lang='lat' dir='ltr'>meridies;</span> <span class='ocrx_word' id='word_1_499' title='bbox 2851 2659 3552 2730; x_wconf 68' lang='lat' dir='ltr'>haec,inquam,quoniam</span> 
     </span>
    </p>
   </div>
   <div class='ocr_carea' id='block_1_70' title="bbox 1911 2749 3553 2819">
    <p class='ocr_par' dir='ltr' id='par_1_70' title="bbox 1911 2749 3553 2819">
     <span class='ocr_line' id='line_1_70' title="bbox 1911 2749 3553 2819; baseline -0.001 -15"><span class='ocrx_word' id='word_1_500' title='bbox 1911 2749 1994 2804; x_wconf 90' lang='lat' dir='ltr'>ita</span> <span class='ocrx_word' id='word_1_501' title='bbox 2041 2767 2168 2805; x_wconf 87' lang='lat' dir='ltr'>sese</span> <span class='ocrx_word' id='word_1_502' title='bbox 2209 2751 2425 2805; x_wconf 88' lang='lat' dir='ltr'>habent</span> <span class='ocrx_word' id='word_1_503' title='bbox 2463 2751 2607 2806; x_wconf 89' lang='lat' dir='ltr'>satis</span> <span class='ocrx_word' id='word_1_504' title='bbox 2663 2753 2890 2804; x_wconf 92' lang='lat' dir='ltr'>constat</span> <span class='ocrx_word' id='word_1_505' title='bbox 2947 2750 3100 2819; x_wconf 92' lang='lat' dir='ltr'>quod</span> <span class='ocrx_word' id='word_1_506' title='bbox 3149 2749 3302 2802; x_wconf 89' lang='lat' dir='ltr'>venti</span> <span class='ocrx_word' id='word_1_507' title='bbox 3353 2749 3453 2819; x_wconf 89' lang='lat' dir='ltr'>qui</span> <span class='ocrx_word' id='word_1_508' title='bbox 3483 2765 3553 2805; x_wconf 88' lang='lat' dir='ltr'>ex</span> 
     </span>
    </p>
   </div>
   <div class='ocr_carea' id='block_1_71' title="bbox 1912 2835 3549 2907">
    <p class='ocr_par' dir='ltr' id='par_1_71' title="bbox 1912 2835 3549 2907">
     <span class='ocr_line' id='line_1_71' title="bbox 1912 2835 3549 2907; baseline -0.001 -15"><span class='ocrx_word' id='word_1_509' title='bbox 1912 2839 2217 2894; x_wconf 85' lang='lat' dir='ltr'>contrariis</span> <span class='ocrx_word' id='word_1_510' title='bbox 2270 2840 2416 2893; x_wconf 86' lang='lat' dir='ltr'>locis</span> <span class='ocrx_word' id='word_1_511' title='bbox 2460 2839 2620 2904; x_wconf 84' lang='lat' dir='ltr'>ﬁant,</span> <span class='ocrx_word' id='word_1_512' title='bbox 2672 2842 2872 2892; x_wconf 91' lang='lat' dir='ltr'>contra</span> <span class='ocrx_word' id='word_1_513' title='bbox 2920 2853 2982 2892; x_wconf 91' lang='lat' dir='ltr'>se</span> <span class='ocrx_word' id='word_1_514' title='bbox 3031 2835 3253 2907; x_wconf 88' lang='lat' dir='ltr'>spirent</span> <span class='ocrx_word' id='word_1_515' title='bbox 3281 2835 3549 2892; x_wconf 88' lang='lat' dir='ltr'>invicem.</span> 
     </span>
    </p>
   </div>
   <div class='ocr_carea' id='block_1_72' title="bbox 1913 2923 3553 2994">
    <p class='ocr_par' dir='ltr' id='par_1_72' title="bbox 1913 2923 3553 2994">
     <span class='ocr_line' id='line_1_72' title="bbox 1913 2923 3553 2994; baseline -0.001 -12"><span class='ocrx_word' id='word_1_516' title='bbox 1913 2927 2075 2982; x_wconf 88' lang='lat' dir='ltr'>Unde</span> <span class='ocrx_word' id='word_1_517' title='bbox 2105 2927 2462 2983; x_wconf 87' lang='lat' dir='ltr'>subsolanus</span> <span class='ocrx_word' id='word_1_518' title='bbox 2508 2930 2710 2981; x_wconf 85' lang='lat' dir='ltr'>contra</span> <span class='ocrx_word' id='word_1_519' title='bbox 2757 2925 3052 2980; x_wconf 87' lang='lat' dir='ltr'>favonium</span> <span class='ocrx_word' id='word_1_520' title='bbox 3101 2923 3305 2994; x_wconf 87' lang='lat' dir='ltr'>spirat,</span> <span class='ocrx_word' id='word_1_521' title='bbox 3351 2925 3553 2980; x_wconf 65' lang='lat' dir='ltr'>caecias</span> 
     </span>
    </p>
   </div>
   <div class='ocr_carea' id='block_1_73' title="bbox 1913 3015 3551 3083">
    <p class='ocr_par' dir='ltr' id='par_1_73' title="bbox 1913 3015 3551 3083">
     <span class='ocr_line' id='line_1_73' title="bbox 1913 3015 3551 3083; baseline -0.002 -12"><span class='ocrx_word' id='word_1_522' title='bbox 1913 3021 2114 3072; x_wconf 87' lang='lat' dir='ltr'>contra</span> <span class='ocrx_word' id='word_1_523' title='bbox 2144 3017 2412 3083; x_wconf 77' lang='lat' dir='ltr'>africum,</span> <span class='ocrx_word' id='word_1_524' title='bbox 2470 3015 2782 3070; x_wconf 88' lang='lat' dir='ltr'>vulturnus</span> <span class='ocrx_word' id='word_1_525' title='bbox 2838 3018 3039 3068; x_wconf 91' lang='lat' dir='ltr'>contra</span> <span class='ocrx_word' id='word_1_526' title='bbox 3067 3029 3289 3081; x_wconf 90' lang='lat' dir='ltr'>eorum,</span> <span class='ocrx_word' id='word_1_527' title='bbox 3351 3017 3551 3068; x_wconf 90' lang='lat' dir='ltr'>contra</span> 
     </span>
    </p>
   </div>
   <div class='ocr_carea' id='block_1_74' title="bbox 1913 3101 3555 3176">
    <p class='ocr_par' dir='ltr' id='par_1_74' title="bbox 1913 3101 3555 3176">
     <span class='ocr_line' id='line_1_74' title="bbox 1913 3101 3555 3176; baseline -0.002 -16"><span class='ocrx_word' id='word_1_528' title='bbox 1913 3110 2179 3160; x_wconf 89' lang='lat' dir='ltr'>austrum</span> <span class='ocrx_word' id='word_1_529' title='bbox 2241 3103 2492 3176; x_wconf 90' lang='lat' dir='ltr'>aquilo;</span> <span class='ocrx_word' id='word_1_530' title='bbox 2560 3103 2833 3159; x_wconf 89' lang='lat' dir='ltr'>similiter</span> <span class='ocrx_word' id='word_1_531' title='bbox 2897 3106 2950 3156; x_wconf 88' lang='lat' dir='ltr'>et</span> <span class='ocrx_word' id='word_1_532' title='bbox 3013 3101 3299 3156; x_wconf 89' lang='lat' dir='ltr'>thrascias</span> <span class='ocrx_word' id='word_1_533' title='bbox 3353 3105 3555 3156; x_wconf 89' lang='lat' dir='ltr'>contra</span> 
     </span>
    </p>
   </div>
   <div class='ocr_carea' id='block_1_75' title="bbox 1912 3189 3549 3265">
    <p class='ocr_par' dir='ltr' id='par_1_75' title="bbox 1912 3189 3549 3265">
     <span class='ocr_line' id='line_1_75' title="bbox 1912 3189 3549 3265; baseline -0.003 -17"><span class='ocrx_word' id='word_1_534' title='bbox 1912 3193 2257 3265; x_wconf 72' lang='lat' dir='ltr'>phaenieiam</span> <span class='ocrx_word' id='word_1_535' title='bbox 2288 3197 2345 3248; x_wconf 90' lang='lat' dir='ltr'>et</span> <span class='ocrx_word' id='word_1_536' title='bbox 2401 3209 2632 3248; x_wconf 89' lang='lat' dir='ltr'>menses</span> <span class='ocrx_word' id='word_1_537' title='bbox 2690 3197 2891 3248; x_wconf 89' lang='lat' dir='ltr'>contra</span> <span class='ocrx_word' id='word_1_538' title='bbox 2929 3190 3082 3245; x_wconf 80' lang='lat'>198</span> <span class='ocrx_word' id='word_1_539' title='bbox 3113 3189 3549 3245; x_wconf 80' lang='lat' dir='ltr'>africaustrum.</span> 
     </span>
    </p>
   </div>
   <div class='ocr_carea' id='block_1_76' title="bbox 1913 3277 3550 3355">
    <p class='ocr_par' dir='ltr' id='par_1_76' title="bbox 1913 3277 3550 3355">
     <span class='ocr_line' id='line_1_76' title="bbox 1913 3277 3550 3355; baseline -0.003 -17"><span class='ocrx_word' id='word_1_540' title='bbox 1913 3283 2150 3355; x_wconf 84' lang='lat' dir='ltr'>Oportet</span> <span class='ocrx_word' id='word_1_541' title='bbox 2180 3287 2375 3338; x_wconf 91' lang='lat' dir='ltr'>autem</span> <span class='ocrx_word' id='word_1_542' title='bbox 2407 3286 2712 3337; x_wconf 88' lang='lat' dir='ltr'>ventorum</span> <span class='ocrx_word' id='word_1_543' title='bbox 2751 3281 2948 3346; x_wconf 88' lang='lat' dir='ltr'>,situm</span> <span class='ocrx_word' id='word_1_544' title='bbox 2981 3284 3038 3334; x_wconf 90' lang='lat' dir='ltr'>et</span> <span class='ocrx_word' id='word_1_545' title='bbox 3077 3277 3318 3334; x_wconf 89' lang='lat' dir='ltr'>localem</span> <span class='ocrx_word' id='word_1_546' title='bbox 3350 3295 3550 3333; x_wconf 90' lang='lat' dir='ltr'>eorum</span> 
     </span>
    </p>
   </div>
   <div class='ocr_carea' id='block_1_77' title="bbox 1911 3366 3348 3442">
    <p class='ocr_par' dir='ltr' id='par_1_77' title="bbox 1911 3366 3348 3442">
     <span class='ocr_line' id='line_1_77' title="bbox 1911 3366 3348 3442; baseline -0.004 -16"><span class='ocrx_word' id='word_1_547' title='bbox 1911 3371 2422 3426; x_wconf 87' lang='lat' dir='ltr'>contrariationem</span> <span class='ocrx_word' id='word_1_548' title='bbox 2454 3388 2521 3425; x_wconf 86' lang='lat' dir='ltr'>ex</span> <span class='ocrx_word' id='word_1_549' title='bbox 2550 3370 2975 3442; x_wconf 80' lang='lat' dir='ltr'>diagrammate</span> <span class='ocrx_word' id='word_1_550' title='bbox 3005 3366 3348 3438; x_wconf 86' lang='lat' dir='ltr'>intelligere.</span> 
     </span>
    </p>
   </div>
   <div class='ocr_carea' id='block_1_78' title="bbox 1983 3472 3548 3546">
    <p class='ocr_par' dir='ltr' id='par_1_78' title="bbox 1983 3472 3548 3546">
     <span class='ocr_line' id='line_1_78' title="bbox 1983 3472 3548 3546; baseline -0.002 -17"><span class='ocrx_word' id='word_1_551' title='bbox 1983 3477 2069 3531; x_wconf 81' lang='grc'>14.</span> <span class='ocrx_word' id='word_1_552' title='bbox 2122 3474 2445 3531; x_wconf 85' lang='lat' dir='ltr'>Orientales</span> <span class='ocrx_word' id='word_1_553' title='bbox 2492 3474 2674 3546; x_wconf 89' lang='lat' dir='ltr'>igitur</span> <span class='ocrx_word' id='word_1_554' title='bbox 2721 3474 2877 3530; x_wconf 88' lang='lat' dir='ltr'>venti</span> <span class='ocrx_word' id='word_1_555' title='bbox 2922 3477 3078 3541; x_wconf 89' lang='lat' dir='ltr'>sunt,</span> <span class='ocrx_word' id='word_1_556' title='bbox 3130 3472 3355 3538; x_wconf 73' lang='lat' dir='ltr'>caecias,</span> <span class='ocrx_word' id='word_1_557' title='bbox 3409 3473 3548 3527; x_wconf 89' lang='lat' dir='ltr'>sub-</span> 
     </span>
    </p>
   </div>
   <div class='ocr_carea' id='block_1_79' title="bbox 1910 3561 3551 3634">
    <p class='ocr_par' dir='ltr' id='par_1_79' title="bbox 1910 3561 3551 3634">
     <span class='ocr_line' id='line_1_79' title="bbox 1910 3561 3551 3634; baseline -0.002 -16"><span class='ocrx_word' id='word_1_558' title='bbox 1910 3562 2171 3630; x_wconf 84' lang='lat' dir='ltr'>solanus,</span> <span class='ocrx_word' id='word_1_559' title='bbox 2205 3567 2261 3618; x_wconf 91' lang='lat' dir='ltr'>et</span> <span class='ocrx_word' id='word_1_560' title='bbox 2303 3563 2651 3630; x_wconf 88' lang='lat' dir='ltr'>vulturnus;</span> <span class='ocrx_word' id='word_1_561' title='bbox 2686 3563 2936 3634; x_wconf 89' lang='lat' dir='ltr'>priimus</span> <span class='ocrx_word' id='word_1_562' title='bbox 2977 3562 3047 3616; x_wconf 90' lang='lat' dir='ltr'>ab</span> <span class='ocrx_word' id='word_1_563' title='bbox 3092 3561 3308 3628; x_wconf 68' lang='lat' dir='ltr'>aestivo,</span> <span class='ocrx_word' id='word_1_564' title='bbox 3341 3577 3551 3614; x_wconf 89' lang='lat' dir='ltr'>sacun-</span> 
     </span>
    </p>
   </div>
   <div class='ocr_carea' id='block_1_80' title="bbox 1911 3649 3552 3724">
    <p class='ocr_par' dir='ltr' id='par_1_80' title="bbox 1911 3649 3552 3724">
     <span class='ocr_line' id='line_1_80' title="bbox 1911 3649 3552 3724; baseline -0.002 -17"><span class='ocrx_word' id='word_1_565' title='bbox 1911 3653 2022 3707; x_wconf 94' lang='lat' dir='ltr'>dus</span> <span class='ocrx_word' id='word_1_566' title='bbox 2055 3653 2126 3707; x_wconf 87' lang='lat' dir='ltr'>ab</span> <span class='ocrx_word' id='word_1_567' title='bbox 2162 3652 2570 3724; x_wconf 72' lang='lat' dir='ltr'>aequinoctiali,</span> <span class='ocrx_word' id='word_1_568' title='bbox 2602 3652 2812 3707; x_wconf 87' lang='lat' dir='ltr'>tertius</span> <span class='ocrx_word' id='word_1_569' title='bbox 2843 3652 2913 3705; x_wconf 89' lang='lat' dir='ltr'>ab</span> <span class='ocrx_word' id='word_1_570' title='bbox 2944 3650 3189 3706; x_wconf 88' lang='lat' dir='ltr'>hiberno</span> <span class='ocrx_word' id='word_1_571' title='bbox 3219 3649 3552 3705; x_wconf 91' lang='lat' dir='ltr'>ortu.Occi-</span> 
     </span>
    </p>
   </div>
   <div class='ocr_carea' id='block_1_81' title="bbox 1912 3737 3552 3804">
    <p class='ocr_par' dir='ltr' id='par_1_81' title="bbox 1912 3737 3552 3804">
     <span class='ocr_line' id='line_1_81' title="bbox 1912 3737 3552 3804; baseline -0.002 -9"><span class='ocrx_word' id='word_1_572' title='bbox 1912 3739 2172 3796; x_wconf 88' lang='lat' dir='ltr'>dentales</span> <span class='ocrx_word' id='word_1_573' title='bbox 2203 3746 2398 3796; x_wconf 88' lang='lat' dir='ltr'>autem</span> <span class='ocrx_word' id='word_1_574' title='bbox 2427 3740 2582 3794; x_wconf 90' lang='lat' dir='ltr'>venti</span> <span class='ocrx_word' id='word_1_575' title='bbox 2611 3746 2749 3795; x_wconf 88' lang='lat' dir='ltr'>sunt</span> <span class='ocrx_word' id='word_1_576' title='bbox 2798 3756 2990 3804; x_wconf 92' lang='lat' dir='ltr'>corus,</span> <span class='ocrx_word' id='word_1_577' title='bbox 3024 3738 3288 3792; x_wconf 84' lang='lat' dir='ltr'>favonius</span> <span class='ocrx_word' id='word_1_578' title='bbox 3321 3741 3379 3792; x_wconf 88' lang='lat' dir='ltr'>et</span> <span class='ocrx_word' id='word_1_579' title='bbox 3415 3737 3552 3792; x_wconf 89' lang='lat' dir='ltr'>afri-</span> 
     </span>
    </p>
   </div>
   <div class='ocr_carea' id='block_1_82' title="bbox 1912 3825 3549 3901">
    <p class='ocr_par' dir='ltr' id='par_1_82' title="bbox 1912 3825 3549 3901">
     <span class='ocr_line' id='line_1_82' title="bbox 1912 3825 3549 3901; baseline -0.003 -17"><span class='ocrx_word' id='word_1_580' title='bbox 1912 3830 2052 3897; x_wconf 89' lang='lat' dir='ltr'>cus;</span> <span class='ocrx_word' id='word_1_581' title='bbox 2088 3829 2313 3901; x_wconf 91' lang='lat' dir='ltr'>primus</span> <span class='ocrx_word' id='word_1_582' title='bbox 2344 3830 2414 3883; x_wconf 89' lang='lat' dir='ltr'>ab</span> <span class='ocrx_word' id='word_1_583' title='bbox 2447 3828 2664 3895; x_wconf 75' lang='lat' dir='ltr'>zestivo,</span> <span class='ocrx_word' id='word_1_584' title='bbox 2697 3828 2993 3882; x_wconf 80' lang='lat' dir='ltr'>secundus</span> <span class='ocrx_word' id='word_1_585' title='bbox 3044 3827 3116 3881; x_wconf 93' lang='lat' dir='ltr'>ab</span> <span class='ocrx_word' id='word_1_586' title='bbox 3135 3825 3549 3897; x_wconf 80' lang='lat' dir='ltr'>aequinoctiali,</span> 
     </span>
    </p>
   </div>
   <div class='ocr_carea' id='block_1_83' title="bbox 1909 3914 3550 3986">
    <p class='ocr_par' dir='ltr' id='par_1_83' title="bbox 1909 3914 3550 3986">
     <span class='ocr_line' id='line_1_83' title="bbox 1909 3914 3550 3986; baseline -0.002 -13"><span class='ocrx_word' id='word_1_587' title='bbox 1909 3919 2139 3982; x_wconf 88' lang='lat' dir='ltr'>tertius,</span> <span class='ocrx_word' id='word_1_588' title='bbox 2227 3917 2481 3982; x_wconf 88' lang='lat' dir='ltr'>africus,</span> <span class='ocrx_word' id='word_1_589' title='bbox 2569 3918 2641 3972; x_wconf 89' lang='lat' dir='ltr'>ab</span> <span class='ocrx_word' id='word_1_590' title='bbox 2734 3917 2976 3971; x_wconf 90' lang='lat' dir='ltr'>hiberno</span> <span class='ocrx_word' id='word_1_591' title='bbox 3074 3932 3305 3970; x_wconf 89' lang='lat' dir='ltr'>occasu.</span> <span class='ocrx_word' id='word_1_592' title='bbox 3409 3914 3550 3986; x_wconf 87' lang='lat' dir='ltr'>Sep-</span> 
     </span>
    </p>
   </div>
   <div class='ocr_carea' id='block_1_84' title="bbox 1909 4003 3550 4077">
    <p class='ocr_par' dir='ltr' id='par_1_84' title="bbox 1909 4003 3550 4077">
     <span class='ocr_line' id='line_1_84' title="bbox 1909 4003 3550 4077; baseline -0.003 -15"><span class='ocrx_word' id='word_1_593' title='bbox 1909 4006 2289 4062; x_wconf 89' lang='lat' dir='ltr'>tentrionales</span> <span class='ocrx_word' id='word_1_594' title='bbox 2378 4007 2498 4062; x_wconf 85' lang='lat' dir='ltr'>sive</span> <span class='ocrx_word' id='word_1_595' title='bbox 2583 4005 2957 4077; x_wconf 84' lang='lat' dir='ltr'>aquilonares</span> <span class='ocrx_word' id='word_1_596' title='bbox 3039 4003 3330 4072; x_wconf 88' lang='lat' dir='ltr'>trascias,</span> <span class='ocrx_word' id='word_1_597' title='bbox 3421 4019 3550 4074; x_wconf 91' lang='lat' dir='ltr'>sep-</span> 
     </span>
    </p>
   </div>
   <div class='ocr_carea' id='block_1_85' title="bbox 1910 4091 3554 4166">
    <p class='ocr_par' dir='ltr' id='par_1_85' title="bbox 1910 4091 3554 4166">
     <span class='ocr_line' id='line_1_85' title="bbox 1910 4091 3554 4166; baseline -0.003 -16"><span class='ocrx_word' id='word_1_598' title='bbox 1910 4095 2121 4151; x_wconf 88' lang='lat' dir='ltr'>tentrio</span> <span class='ocrx_word' id='word_1_599' title='bbox 2177 4099 2234 4150; x_wconf 89' lang='lat' dir='ltr'>et</span> <span class='ocrx_word' id='word_1_600' title='bbox 2272 4112 2482 4165; x_wconf 90' lang='lat' dir='ltr'>meses,</span> <span class='ocrx_word' id='word_1_601' title='bbox 2535 4096 2635 4166; x_wconf 91' lang='lat' dir='ltr'>qui</span> <span class='ocrx_word' id='word_1_602' title='bbox 2692 4098 2969 4150; x_wconf 89' lang='lat' dir='ltr'>consueto</span> <span class='ocrx_word' id='word_1_603' title='bbox 3003 4110 3162 4147; x_wconf 85' lang='lat' dir='ltr'>more</span> <span class='ocrx_word' id='word_1_604' title='bbox 3219 4092 3413 4164; x_wconf 88' lang='lat' dir='ltr'>aliquo</span> <span class='ocrx_word' id='word_1_605' title='bbox 3470 4091 3554 4146; x_wconf 91' lang='lat' dir='ltr'>di-</span> 
     </span>
    </p>
   </div>
   <div class='ocr_carea' id='block_1_86' title="bbox 1911 4181 3550 4255">
    <p class='ocr_par' dir='ltr' id='par_1_86' title="bbox 1911 4181 3550 4255">
     <span class='ocr_line' id='line_1_86' title="bbox 1911 4181 3550 4255; baseline -0.002 -17"><span class='ocrx_word' id='word_1_606' title='bbox 1911 4184 2101 4250; x_wconf 89' lang='lat' dir='ltr'>citur;</span> <span class='ocrx_word' id='word_1_607' title='bbox 2136 4201 2385 4255; x_wconf 88' lang='lat' dir='ltr'>quorum</span> <span class='ocrx_word' id='word_1_608' title='bbox 2427 4183 2715 4238; x_wconf 89' lang='lat' dir='ltr'>thrascias</span> <span class='ocrx_word' id='word_1_609' title='bbox 2745 4183 2979 4254; x_wconf 77' lang='lat' dir='ltr'>quidem</span> <span class='ocrx_word' id='word_1_610' title='bbox 3041 4199 3075 4236; x_wconf 93' lang='lat' dir='ltr'>a</span> <span class='ocrx_word' id='word_1_611' title='bbox 3123 4181 3342 4236; x_wconf 86' lang='lat' dir='ltr'>dextris</span> <span class='ocrx_word' id='word_1_612' title='bbox 3400 4197 3550 4234; x_wconf 72' lang='lat' dir='ltr'>ursaa</span> 
     </span>
    </p>
   </div>
   <div class='ocr_carea' id='block_1_87' title="bbox 1911 4268 3552 4344">
    <p class='ocr_par' dir='ltr' id='par_1_87' title="bbox 1911 4268 3552 4344">
     <span class='ocr_line' id='line_1_87' title="bbox 1911 4268 3552 4344; baseline -0.004 -17"><span class='ocrx_word' id='word_1_613' title='bbox 1911 4273 2176 4344; x_wconf 88' lang='lat' dir='ltr'>partibus</span> <span class='ocrx_word' id='word_1_614' title='bbox 2224 4277 2280 4327; x_wconf 89' lang='lat' dir='ltr'>et</span> <span class='ocrx_word' id='word_1_615' title='bbox 2311 4271 2486 4326; x_wconf 87' lang='lat' dir='ltr'>veluti</span> <span class='ocrx_word' id='word_1_616' title='bbox 2519 4273 2588 4326; x_wconf 90' lang='lat' dir='ltr'>ad</span> <span class='ocrx_word' id='word_1_617' title='bbox 2633 4288 2904 4326; x_wconf 90' lang='lat' dir='ltr'>occasum</span> <span class='ocrx_word' id='word_1_618' title='bbox 2938 4269 3121 4341; x_wconf 88' lang='lat' dir='ltr'>spirat</span> <span class='ocrx_word' id='word_1_619' title='bbox 3150 4269 3344 4324; x_wconf 81' lang='lat' dir='ltr'>aestivo</span> <span class='ocrx_word' id='word_1_620' title='bbox 3397 4268 3552 4322; x_wconf 90' lang='lat' dir='ltr'>ortui</span> 
     </span>
    </p>
   </div>
   <div class='ocr_carea' id='block_1_88' title="bbox 1911 4356 3551 4432">
    <p class='ocr_par' dir='ltr' id='par_1_88' title="bbox 1911 4356 3551 4432">
     <span class='ocr_line' id='line_1_88' title="bbox 1911 4356 3551 4432; baseline -0.001 -18"><span class='ocrx_word' id='word_1_621' title='bbox 1911 4361 2427 4432; x_wconf 84' lang='lat' dir='ltr'>apprOpinquans:</span> <span class='ocrx_word' id='word_1_622' title='bbox 2463 4361 2780 4432; x_wconf 87' lang='lat' dir='ltr'>septentrio</span> <span class='ocrx_word' id='word_1_623' title='bbox 2813 4377 2844 4414; x_wconf 89' lang='lat' dir='ltr'>a</span> <span class='ocrx_word' id='word_1_624' title='bbox 2876 4359 3067 4413; x_wconf 90' lang='lat' dir='ltr'>media</span> <span class='ocrx_word' id='word_1_625' title='bbox 3098 4375 3256 4424; x_wconf 88' lang='lat' dir='ltr'>ursa,</span> <span class='ocrx_word' id='word_1_626' title='bbox 3289 4356 3551 4428; x_wconf 83' lang='lat' dir='ltr'>reliquus</span> 
     </span>
    </p>
   </div>
   <div class='ocr_carea' id='block_1_89' title="bbox 1910 4445 3550 4519">
    <p class='ocr_par' dir='ltr' id='par_1_89' title="bbox 1910 4445 3550 4519">
     <span class='ocr_line' id='line_1_89' title="bbox 1910 4445 3550 4519; baseline -0.001 -17"><span class='ocrx_word' id='word_1_627' title='bbox 1910 4465 2118 4519; x_wconf 88' lang='lat' dir='ltr'>nempe</span> <span class='ocrx_word' id='word_1_628' title='bbox 2162 4466 2350 4505; x_wconf 89' lang='lat' dir='ltr'>meses</span> <span class='ocrx_word' id='word_1_629' title='bbox 2381 4466 2447 4504; x_wconf 87' lang='lat' dir='ltr'>ex</span> <span class='ocrx_word' id='word_1_630' title='bbox 2478 4448 2734 4503; x_wconf 89' lang='lat' dir='ltr'>sinistris</span> <span class='ocrx_word' id='word_1_631' title='bbox 2765 4465 2910 4501; x_wconf 84' lang='lat' dir='ltr'>ursae</span> <span class='ocrx_word' id='word_1_632' title='bbox 2944 4447 3227 4519; x_wconf 88' lang='lat' dir='ltr'>partibus.</span> <span class='ocrx_word' id='word_1_633' title='bbox 3263 4445 3550 4500; x_wconf 88' lang='lat' dir='ltr'>Meriona-</span> 
     </span>
    </p>
   </div>
   <div class='ocr_carea' id='block_1_90' title="bbox 1909 4533 3548 4605">
    <p class='ocr_par' dir='ltr' id='par_1_90' title="bbox 1909 4533 3548 4605">
     <span class='ocr_line' id='line_1_90' title="bbox 1909 4533 3548 4605; baseline -0.002 -14"><span class='ocrx_word' id='word_1_634' title='bbox 1909 4537 1995 4593; x_wconf 91' lang='lat' dir='ltr'>les</span> <span class='ocrx_word' id='word_1_635' title='bbox 2021 4541 2216 4592; x_wconf 88' lang='lat' dir='ltr'>autem</span> <span class='ocrx_word' id='word_1_636' title='bbox 2248 4539 2363 4593; x_wconf 91' lang='lat' dir='ltr'>rive</span> <span class='ocrx_word' id='word_1_637' title='bbox 2395 4537 2644 4592; x_wconf 90' lang='lat' dir='ltr'>austrini</span> <span class='ocrx_word' id='word_1_638' title='bbox 2699 4537 2853 4590; x_wconf 78' lang='lat' dir='ltr'>venti</span> <span class='ocrx_word' id='word_1_639' title='bbox 2899 4540 3056 4605; x_wconf 89' lang='lat' dir='ltr'>sunt,</span> <span class='ocrx_word' id='word_1_640' title='bbox 3105 4533 3548 4601; x_wconf 90' lang='lat' dir='ltr'>vulturmuster,</span> 
     </span>
    </p>
   </div>
   <div class='ocr_carea' id='block_1_91' title="bbox 150 4619 1805 4701">
    <p class='ocr_par' dir='ltr' id='par_1_91' title="bbox 150 4619 1798 4701">
     <span class='ocr_line' id='line_1_91' title="bbox 150 4619 1798 4701; baseline -0.001 -22"><span class='ocrx_word' id='word_1_641' title='bbox 150 4625 183 4679; x_wconf 87' lang='lat'>6</span> <span class='ocrx_word' id='word_1_642' title='bbox 242 4625 334 4697; x_wconf 78' lang='grc' dir='ltr'>μὲν</span> <span class='ocrx_word' id='word_1_643' title='bbox 400 4623 506 4679; x_wconf 85' lang='grc' dir='ltr'>ἀπὸ</span> <span class='ocrx_word' id='word_1_644' title='bbox 589 4626 696 4677; x_wconf 89' lang='grc' dir='ltr'>τῶν</span> <span class='ocrx_word' id='word_1_645' title='bbox 762 4620 944 4692; x_wconf 78' lang='grc' dir='ltr'>δεξιῶν</span> <span class='ocrx_word' id='word_1_646' title='bbox 1023 4629 1123 4693; x_wconf 90' lang='grc' dir='ltr'>τῆς</span> <span class='ocrx_word' id='word_1_647' title='bbox 1211 4619 1574 4700; x_wconf 80' lang='grc' dir='ltr'>μεσημϐρίας,</span> <span class='ocrx_word' id='word_1_648' title='bbox 1633 4622 1798 4701; x_wconf 78' lang='grc' dir='ltr'>ἤγουν</span> 
     </span>
    </p>
   </div>
   <div class='ocr_carea' id='block_1_92' title="bbox 1923 4619 3552 4701">
    <p class='ocr_par' dir='ltr' id='par_1_92' title="bbox 1923 4622 3552 4696">
     <span class='ocr_line' id='line_1_92' title="bbox 1923 4622 3552 4696; baseline -0.002 -14"><span class='ocrx_word' id='word_1_649' title='bbox 1923 4631 2129 4693; x_wconf 74' lang='lat' dir='ltr'>iuster,</span> <span class='ocrx_word' id='word_1_650' title='bbox 2175 4632 2230 4681; x_wconf 89' lang='lat' dir='ltr'>et</span> <span class='ocrx_word' id='word_1_651' title='bbox 2280 4627 2660 4693; x_wconf 75' lang='lat' dir='ltr'>africauster;</span> <span class='ocrx_word' id='word_1_652' title='bbox 2710 4625 2936 4696; x_wconf 89' lang='lat' dir='ltr'>primus</span> <span class='ocrx_word' id='word_1_653' title='bbox 2985 4623 3221 4695; x_wconf 88' lang='lat' dir='ltr'>quidem</span> <span class='ocrx_word' id='word_1_654' title='bbox 3271 4622 3552 4679; x_wconf 85' lang='lat' dir='ltr'>adextris</span> 
     </span>
    </p>
   </div>
   <div class='ocr_carea' id='block_1_93' title="bbox 147 4709 1799 4788">
    <p class='ocr_par' dir='ltr' id='par_1_93' title="bbox 147 4709 1799 4788">
     <span class='ocr_line' id='line_1_93' title="bbox 147 4709 1799 4788; baseline -0.001 -19"><span class='ocrx_word' id='word_1_655' title='bbox 147 4711 379 4788; x_wconf 75' lang='grc' dir='ltr'>ἔγγιστα</span> <span class='ocrx_word' id='word_1_656' title='bbox 403 4716 473 4787; x_wconf 80' lang='grc' dir='ltr'>τῇ</span> <span class='ocrx_word' id='word_1_657' title='bbox 523 4715 810 4788; x_wconf 87' lang='grc' dir='ltr'>χειμερινῇ</span> <span class='ocrx_word' id='word_1_658' title='bbox 861 4710 1121 4786; x_wconf 73' lang='grc' dir='ltr'>ἀνατολῇο</span> <span class='ocrx_word' id='word_1_659' title='bbox 1157 4712 1184 4766; x_wconf 90' lang='lat'>6</span> <span class='ocrx_word' id='word_1_660' title='bbox 1216 4709 1274 4766; x_wconf 73' lang='grc' dir='ltr'>δὲ</span> <span class='ocrx_word' id='word_1_661' title='bbox 1302 4713 1455 4775; x_wconf 91' lang='grc' dir='ltr'>νότος</span> <span class='ocrx_word' id='word_1_662' title='bbox 1517 4712 1574 4768; x_wconf 81' lang='grc' dir='ltr'>ἐκ</span> <span class='ocrx_word' id='word_1_663' title='bbox 1635 4714 1799 4786; x_wconf 84' lang='grc' dir='ltr'>μέσης</span> 
     </span>
    </p>
   </div>
   <div class='ocr_carea' id='block_1_94' title="bbox 151 4795 1392 4877">
    <p class='ocr_par' dir='ltr' id='par_1_94' title="bbox 151 4795 1392 4877">
     <span class='ocr_line' id='line_1_94' title="bbox 151 4795 1392 4877; baseline 0 -20"><span class='ocrx_word' id='word_1_664' title='bbox 151 4795 524 4877; x_wconf 80' lang='grc' dir='ltr'>μεσημϐρίας·</span> <span class='ocrx_word' id='word_1_665' title='bbox 559 4802 588 4856; x_wconf 88' lang='grc' dir='ltr'>ὁ</span> <span class='ocrx_word' id='word_1_666' title='bbox 619 4795 903 4862; x_wconf 82' lang='grc' dir='ltr'>λιϐόνοτος</span> <span class='ocrx_word' id='word_1_667' title='bbox 934 4797 979 4854; x_wconf 83' lang='grc' dir='ltr'>δ’</span> <span class='ocrx_word' id='word_1_668' title='bbox 1007 4799 1058 4871; x_wconf 82' lang='grc' dir='ltr'>ἐξ</span> <span class='ocrx_word' id='word_1_669' title='bbox 1089 4801 1392 4876; x_wconf 84' lang='grc' dir='ltr'>ἀριστερᾶς.</span> 
     </span>
    </p>
   </div>
   <div class='ocr_carea' id='block_1_95' title="bbox 225 4974 1797 5053">
    <p class='ocr_par' dir='ltr' id='par_1_95' title="bbox 225 4974 1797 5053">
     <span class='ocr_line' id='line_1_95' title="bbox 225 4974 1797 5053; baseline 0.001 -20"><span class='ocrx_word' id='word_1_670' title='bbox 225 4979 305 5033; x_wconf 83' lang='grc' dir='ltr'>ιε’.</span> <span class='ocrx_word' id='word_1_671' title='bbox 362 4976 565 5037; x_wconf 84' lang='grc' dir='ltr'>Ἄλλοι</span> <span class='ocrx_word' id='word_1_672' title='bbox 622 4975 680 5033; x_wconf 74' lang='grc' dir='ltr'>δὲ</span> <span class='ocrx_word' id='word_1_673' title='bbox 739 4981 846 5032; x_wconf 92' lang='grc' dir='ltr'>τῶν</span> <span class='ocrx_word' id='word_1_674' title='bbox 906 4977 1114 5050; x_wconf 87' lang='grc' dir='ltr'>ἀνέμων</span> <span class='ocrx_word' id='word_1_675' title='bbox 1169 4974 1357 5041; x_wconf 78' lang='grc' dir='ltr'>ἄλλως</span> <span class='ocrx_word' id='word_1_676' title='bbox 1423 4979 1549 5053; x_wconf 88' lang='grc' dir='ltr'>παρ’</span> <span class='ocrx_word' id='word_1_677' title='bbox 1604 4977 1797 5034; x_wconf 77' lang='grc' dir='ltr'>ἄλλοις</span> 
     </span>
    </p>
   </div>
   <div class='ocr_carea' id='block_1_96' title="bbox 146 5065 1798 5147">
    <p class='ocr_par' dir='ltr' id='par_1_96' title="bbox 146 5065 1798 5147">
     <span class='ocr_line' id='line_1_96' title="bbox 146 5065 1798 5147; baseline 0 -25"><span class='ocrx_word' id='word_1_678' title='bbox 146 5068 340 5141; x_wconf 85' lang='grc' dir='ltr'>μέρεσι</span> <span class='ocrx_word' id='word_1_679' title='bbox 395 5068 650 5147; x_wconf 76' lang='grc' dir='ltr'>φέρονται</span> <span class='ocrx_word' id='word_1_680' title='bbox 705 5065 1084 5144; x_wconf 89' lang='grc' dir='ltr'>κραταιότερον</span> <span class='ocrx_word' id='word_1_681' title='bbox 1134 5067 1169 5136; x_wconf 77' lang='grc' dir='ltr'><strong>ἢ</strong></span> <span class='ocrx_word' id='word_1_682' title='bbox 1220 5065 1610 5144; x_wconf 86' lang='grc' dir='ltr'>ἀσθενέστερον.</span> <span class='ocrx_word' id='word_1_683' title='bbox 1644 5069 1798 5130; x_wconf 76' lang='grc' dir='ltr'>Τινὲς</span> 
     </span>
    </p>
   </div>
   <div class='ocr_carea' id='block_1_97' title="bbox 144 5154 1796 5234">
    <p class='ocr_par' dir='ltr' id='par_1_97' title="bbox 144 5154 1796 5234">
     <span class='ocr_line' id='line_1_97' title="bbox 144 5154 1796 5234; baseline -0.001 -22"><span class='ocrx_word' id='word_1_684' title='bbox 144 5154 208 5212; x_wconf 77' lang='grc' dir='ltr'>δὲ</span> <span class='ocrx_word' id='word_1_685' title='bbox 273 5156 364 5212; x_wconf 83' lang='grc' dir='ltr'>καὶ</span> <span class='ocrx_word' id='word_1_686' title='bbox 430 5154 756 5234; x_wconf 78' lang='grc' dir='ltr'>ἰδιοτρόπως</span> <span class='ocrx_word' id='word_1_687' title='bbox 821 5155 1196 5230; x_wconf 79' lang='grc' dir='ltr'>ἐπικρατοῦσιν</span> <span class='ocrx_word' id='word_1_688' title='bbox 1273 5156 1322 5211; x_wconf 89' lang='grc' dir='ltr'>έν</span> <span class='ocrx_word' id='word_1_689' title='bbox 1397 5155 1587 5218; x_wconf 88' lang='grc' dir='ltr'>τόποις</span> <span class='ocrx_word' id='word_1_690' title='bbox 1657 5156 1796 5210; x_wconf 80' lang='grc' dir='ltr'>τισὶν</span> 
     </span>
    </p>
   </div>
   <div class='ocr_carea' id='block_1_98' title="bbox 143 5241 984 5322">
    <p class='ocr_par' dir='ltr' id='par_1_98' title="bbox 143 5241 984 5322">
     <span class='ocr_line' id='line_1_98' title="bbox 143 5241 984 5322; baseline 0 -20"><span class='ocrx_word' id='word_1_691' title='bbox 143 5245 347 5302; x_wconf 72' lang='grc' dir='ltr'>ἐκεῖθεν</span> <span class='ocrx_word' id='word_1_692' title='bbox 378 5247 478 5316; x_wconf 78' lang='grc' dir='ltr'>τὴν</span> <span class='ocrx_word' id='word_1_693' title='bbox 510 5248 715 5322; x_wconf 85' lang='grc' dir='ltr'>γένεσιν</span> <span class='ocrx_word' id='word_1_694' title='bbox 745 5241 984 5322; x_wconf 82' lang='grc' dir='ltr'>ἔχοντες.</span> 
     </span>
    </p>
   </div>
   <div class='ocr_carea' id='block_1_99' title="bbox 223 5348 1795 5428">
    <p class='ocr_par' dir='ltr' id='par_1_99' title="bbox 223 5348 1795 5428">
     <span class='ocr_line' id='line_1_99' title="bbox 223 5348 1795 5428; baseline -0.002 -21"><span class='ocrx_word' id='word_1_695' title='bbox 223 5353 311 5418; x_wconf 82' lang='grc' dir='ltr'>ις’.</span> <span class='ocrx_word' id='word_1_696' title='bbox 344 5351 442 5408; x_wconf 75' lang='grc' dir='ltr'>Καὶ</span> <span class='ocrx_word' id='word_1_697' title='bbox 497 5351 704 5408; x_wconf 89' lang='grc' dir='ltr'>τούτων</span> <span class='ocrx_word' id='word_1_698' title='bbox 768 5351 990 5428; x_wconf 75' lang='grc' dir='ltr'>ὅσοιπερ</span> <span class='ocrx_word' id='word_1_699' title='bbox 1038 5350 1098 5407; x_wconf 77' lang='grc' dir='ltr'>ἐκ</span> <span class='ocrx_word' id='word_1_700' title='bbox 1143 5350 1520 5424; x_wconf 80' lang='grc' dir='ltr'>νενοτισμένης</span> <span class='ocrx_word' id='word_1_701' title='bbox 1577 5348 1795 5404; x_wconf 85' lang='grc' dir='ltr'>πνέουσι</span> 
     </span>
    </p>
   </div>
   <div class='ocr_carea' id='block_1_100' title="bbox 140 5438 1799 5518">
    <p class='ocr_par' dir='ltr' id='par_1_100' title="bbox 140 5438 1799 5518">
     <span class='ocr_line' id='line_1_100' title="bbox 140 5438 1799 5518; baseline -0.004 -19"><span class='ocrx_word' id='word_1_702' title='bbox 140 5443 255 5517; x_wconf 79' lang='grc' dir='ltr'>γῆς</span> <span class='ocrx_word' id='word_1_703' title='bbox 311 5441 556 5518; x_wconf 85' lang='grc' dir='ltr'>ἀπόγειοι</span> <span class='ocrx_word' id='word_1_704' title='bbox 615 5440 889 5516; x_wconf 86' lang='grc' dir='ltr'>λέγονται·</span> <span class='ocrx_word' id='word_1_705' title='bbox 925 5439 1042 5495; x_wconf 79' lang='grc' dir='ltr'>ὅσοι</span> <span class='ocrx_word' id='word_1_706' title='bbox 1102 5438 1146 5495; x_wconf 82' lang='grc' dir='ltr'>δ’</span> <span class='ocrx_word' id='word_1_707' title='bbox 1177 5440 1237 5496; x_wconf 87' lang='grc' dir='ltr'>έκ</span> <span class='ocrx_word' id='word_1_708' title='bbox 1285 5438 1508 5495; x_wconf 86' lang='grc' dir='ltr'>κόλπων</span> <span class='ocrx_word' id='word_1_709' title='bbox 1558 5439 1799 5510; x_wconf 77' lang='grc' dir='ltr'>ἐξᾴττου-</span> 
     </span>
    </p>
   </div>
   <div class='ocr_carea' id='block_1_101' title="bbox 144 5527 1799 5604">
    <p class='ocr_par' dir='ltr' id='par_1_101' title="bbox 144 5527 1799 5604">
     <span class='ocr_line' id='line_1_101' title="bbox 144 5527 1799 5604; baseline -0.002 -17"><span class='ocrx_word' id='word_1_710' title='bbox 144 5550 258 5603; x_wconf 88' lang='grc' dir='ltr'>σιν,</span> <span class='ocrx_word' id='word_1_711' title='bbox 294 5529 602 5589; x_wconf 82' lang='grc' dir='ltr'>ἐκκολπίαι.</span> <span class='ocrx_word' id='word_1_712' title='bbox 633 5529 856 5591; x_wconf 88' lang='grc' dir='ltr'>Τούτοις</span> <span class='ocrx_word' id='word_1_713' title='bbox 906 5527 950 5584; x_wconf 81' lang='grc' dir='ltr'>δ’</span> <span class='ocrx_word' id='word_1_714' title='bbox 998 5528 1267 5604; x_wconf 86' lang='grc' dir='ltr'>ἀνάλογόν</span> <span class='ocrx_word' id='word_1_715' title='bbox 1317 5550 1370 5583; x_wconf 91' lang='grc' dir='ltr'>τι</span> <span class='ocrx_word' id='word_1_716' title='bbox 1410 5527 1626 5604; x_wconf 77' lang='grc' dir='ltr'>ἔχουσιν</span> <span class='ocrx_word' id='word_1_717' title='bbox 1658 5529 1709 5582; x_wconf 75' lang='grc' dir='ltr'>οἱ</span> <span class='ocrx_word' id='word_1_718' title='bbox 1740 5527 1799 5583; x_wconf 81' lang='grc' dir='ltr'>ἐκ</span> 
     </span>
    </p>
   </div>
   <div class='ocr_carea' id='block_1_102' title="bbox 141 5616 1798 5693">
    <p class='ocr_par' dir='ltr' id='par_1_102' title="bbox 141 5616 1798 5693">
     <span class='ocr_line' id='line_1_102' title="bbox 141 5616 1798 5693; baseline -0.002 -18"><span class='ocrx_word' id='word_1_719' title='bbox 141 5624 414 5693; x_wconf 86' lang='grc' dir='ltr'>ποταμῶν</span> <span class='ocrx_word' id='word_1_720' title='bbox 460 5619 549 5675; x_wconf 83' lang='grc' dir='ltr'>καὶ</span> <span class='ocrx_word' id='word_1_721' title='bbox 612 5617 846 5693; x_wconf 86' lang='grc' dir='ltr'>λιμνῶν.</span> <span class='ocrx_word' id='word_1_722' title='bbox 893 5620 1044 5674; x_wconf 84' lang='grc' dir='ltr'>Ὅσοι</span> <span class='ocrx_word' id='word_1_723' title='bbox 1108 5616 1163 5673; x_wconf 72' lang='grc' dir='ltr'>δὲ</span> <span class='ocrx_word' id='word_1_724' title='bbox 1222 5623 1327 5674; x_wconf 81' lang='grc' dir='ltr'>τῶν</span> <span class='ocrx_word' id='word_1_725' title='bbox 1397 5617 1608 5690; x_wconf 82' lang='grc' dir='ltr'>ἀνέμων</span> <span class='ocrx_word' id='word_1_726' title='bbox 1663 5624 1798 5671; x_wconf 67' lang='grc' dir='ltr'>κατὰ</span> 
     </span>
    </p>
   </div>
   <div class='ocr_carea' id='block_1_103' title="bbox 147 5706 1794 5787">
    <p class='ocr_par' dir='ltr' id='par_1_103' title="bbox 147 5706 1794 5787">
     <span class='ocr_line' id='line_1_103' title="bbox 147 5706 1794 5787; baseline -0.002 -24"><span class='ocrx_word' id='word_1_727' title='bbox 147 5709 307 5787; x_wconf 79' lang='grc' dir='ltr'>ῥῆξιν</span> <span class='ocrx_word' id='word_1_728' title='bbox 354 5709 593 5787; x_wconf 85' lang='grc' dir='ltr'>γίνονται</span> <span class='ocrx_word' id='word_1_729' title='bbox 642 5710 855 5787; x_wconf 73' lang='grc' dir='ltr'>νέφους,</span> <span class='ocrx_word' id='word_1_730' title='bbox 889 5707 938 5762; x_wconf 71' lang='grc' dir='ltr'>εἴ</span> <span class='ocrx_word' id='word_1_731' title='bbox 979 5708 1074 5781; x_wconf 74' lang='grc' dir='ltr'>μὶν</span> <span class='ocrx_word' id='word_1_732' title='bbox 1124 5706 1212 5762; x_wconf 78' lang='grc' dir='ltr'>καί</span> <span class='ocrx_word' id='word_1_733' title='bbox 1256 5707 1509 5764; x_wconf 79' lang='grc' dir='ltr'>ἀνάλυσιν</span> <span class='ocrx_word' id='word_1_734' title='bbox 1549 5711 1643 5761; x_wconf 73' lang='grc' dir='ltr'>τοῦ</span> <span class='ocrx_word' id='word_1_735' title='bbox 1692 5709 1794 5760; x_wconf 77' lang='grc' dir='ltr'>πά-</span> 
     </span>
    </p>
   </div>
   <div class='ocr_carea' id='block_1_104' title="bbox 1910 4712 3554 4786">
    <p class='ocr_par' dir='ltr' id='par_1_104' title="bbox 1910 4712 3554 4786">
     <span class='ocr_line' id='line_1_104' title="bbox 1910 4712 3554 4786; baseline -0.002 -16"><span class='ocrx_word' id='word_1_736' title='bbox 1910 4716 2312 4781; x_wconf 84' lang='lat' dir='ltr'>mer1diei,boc</span> <span class='ocrx_word' id='word_1_737' title='bbox 2343 4714 2716 4786; x_wconf 83' lang='lat' dir='ltr'>est,proxime</span> <span class='ocrx_word' id='word_1_738' title='bbox 2739 4719 2930 4768; x_wconf 91' lang='lat' dir='ltr'>ortum</span> <span class='ocrx_word' id='word_1_739' title='bbox 2965 4712 3278 4767; x_wconf 90' lang='lat' dir='ltr'>hibernum</span> <span class='ocrx_word' id='word_1_740' title='bbox 3304 4736 3318 4780; x_wconf 68' lang='grc' dir='ltr'>ς</span> <span class='ocrx_word' id='word_1_741' title='bbox 3351 4727 3554 4766; x_wconf 87' lang='lat' dir='ltr'>secun-</span> 
     </span>
    </p>
   </div>
   <div class='ocr_carea' id='block_1_105' title="bbox 1909 4799 3548 4872">
    <p class='ocr_par' dir='ltr' id='par_1_105' title="bbox 1909 4799 3548 4872">
     <span class='ocr_line' id='line_1_105' title="bbox 1909 4799 3548 4872; baseline -0.002 -13"><span class='ocrx_word' id='word_1_742' title='bbox 1909 4805 2040 4872; x_wconf 91' lang='lat' dir='ltr'>dus,</span> <span class='ocrx_word' id='word_1_743' title='bbox 2075 4805 2356 4859; x_wconf 90' lang='lat' dir='ltr'>nimirum</span> <span class='ocrx_word' id='word_1_744' title='bbox 2400 4809 2597 4858; x_wconf 86' lang='lat' dir='ltr'>auster</span> <span class='ocrx_word' id='word_1_745' title='bbox 2644 4820 2712 4858; x_wconf 87' lang='lat' dir='ltr'>ex</span> <span class='ocrx_word' id='word_1_746' title='bbox 2760 4803 2952 4858; x_wconf 90' lang='lat' dir='ltr'>medio</span> <span class='ocrx_word' id='word_1_747' title='bbox 3009 4800 3290 4868; x_wconf 88' lang='lat' dir='ltr'>meridie;</span> <span class='ocrx_word' id='word_1_748' title='bbox 3339 4799 3548 4855; x_wconf 83' lang='lat' dir='ltr'>tertius</span> 
     </span>
    </p>
   </div>
   <div class='ocr_carea' id='block_1_106' title="bbox 1910 4892 2624 4949">
    <p class='ocr_par' dir='ltr' id='par_1_106' title="bbox 1910 4892 2624 4949">
     <span class='ocr_line' id='line_1_106' title="bbox 1910 4892 2624 4949; baseline -0.001 -2"><span class='ocrx_word' id='word_1_749' title='bbox 1910 4893 2256 4949; x_wconf 85' lang='lat' dir='ltr'>africauster</span> <span class='ocrx_word' id='word_1_750' title='bbox 2285 4911 2318 4947; x_wconf 91' lang='lat' dir='ltr'>a</span> <span class='ocrx_word' id='word_1_751' title='bbox 2348 4892 2624 4947; x_wconf 89' lang='lat' dir='ltr'>sinistris.</span> 
     </span>
    </p>
   </div>
   <div class='ocr_carea' id='block_1_107' title="bbox 1983 4977 3550 5052">
    <p class='ocr_par' dir='ltr' id='par_1_107' title="bbox 1983 4977 3550 5052">
     <span class='ocr_line' id='line_1_107' title="bbox 1983 4977 3550 5052; baseline -0.001 -16"><span class='ocrx_word' id='word_1_752' title='bbox 1983 4985 2066 5037; x_wconf 82' lang='lat'>15.</span> <span class='ocrx_word' id='word_1_753' title='bbox 2128 4983 2408 5037; x_wconf 82' lang='lat' dir='ltr'>Caeterum</span> <span class='ocrx_word' id='word_1_754' title='bbox 2438 4981 2533 5036; x_wconf 91' lang='lat' dir='ltr'>alii</span> <span class='ocrx_word' id='word_1_755' title='bbox 2589 4981 2743 5036; x_wconf 85' lang='lat' dir='ltr'>venti</span> <span class='ocrx_word' id='word_1_756' title='bbox 2774 4979 2834 5034; x_wconf 93' lang='lat' dir='ltr'>in</span> <span class='ocrx_word' id='word_1_757' title='bbox 2877 4979 3008 5036; x_wconf 89' lang='lat' dir='ltr'>aliis</span> <span class='ocrx_word' id='word_1_758' title='bbox 3039 4979 3307 5052; x_wconf 89' lang='lat' dir='ltr'>partibus</span> <span class='ocrx_word' id='word_1_759' title='bbox 3339 4977 3550 5034; x_wconf 87' lang='lat' dir='ltr'>fortius</span> 
     </span>
    </p>
   </div>
   <div class='ocr_carea' id='block_1_108' title="bbox 1909 5066 3549 5140">
    <p class='ocr_par' dir='ltr' id='par_1_108' title="bbox 1909 5066 3549 5140">
     <span class='ocr_line' id='line_1_108' title="bbox 1909 5066 3549 5140; baseline -0.002 -15"><span class='ocrx_word' id='word_1_760' title='bbox 1909 5074 2010 5125; x_wconf 87' lang='lat' dir='ltr'>aut</span> <span class='ocrx_word' id='word_1_761' title='bbox 2057 5069 2408 5125; x_wconf 89' lang='lat' dir='ltr'>imbecillius</span> <span class='ocrx_word' id='word_1_762' title='bbox 2467 5070 2751 5124; x_wconf 84' lang='lat' dir='ltr'>feruntur.</span> <span class='ocrx_word' id='word_1_763' title='bbox 2785 5068 2979 5140; x_wconf 90' lang='lat' dir='ltr'>Aliqui</span> <span class='ocrx_word' id='word_1_764' title='bbox 3027 5069 3204 5124; x_wconf 86' lang='lat' dir='ltr'>etiam</span> <span class='ocrx_word' id='word_1_765' title='bbox 3265 5066 3549 5140; x_wconf 89' lang='lat' dir='ltr'>peculiari</span> 
     </span>
    </p>
   </div>
   <div class='ocr_carea' id='block_1_109' title="bbox 1909 5156 3551 5231">
    <p class='ocr_par' dir='ltr' id='par_1_109' title="bbox 1909 5156 3551 5231">
     <span class='ocr_line' id='line_1_109' title="bbox 1909 5156 3551 5231; baseline -0.001 -18"><span class='ocrx_word' id='word_1_766' title='bbox 1909 5159 2131 5214; x_wconf 88' lang='lat' dir='ltr'>ratione</span> <span class='ocrx_word' id='word_1_767' title='bbox 2153 5160 2506 5231; x_wconf 89' lang='lat' dir='ltr'>quibusdam</span> <span class='ocrx_word' id='word_1_768' title='bbox 2529 5158 2588 5212; x_wconf 90' lang='lat' dir='ltr'>in</span> <span class='ocrx_word' id='word_1_769' title='bbox 2622 5158 2762 5212; x_wconf 91' lang='lat' dir='ltr'>locis</span> <span class='ocrx_word' id='word_1_770' title='bbox 2792 5157 3260 5226; x_wconf 89' lang='lat' dir='ltr'>dominantur,ut</span> <span class='ocrx_word' id='word_1_771' title='bbox 3281 5157 3382 5228; x_wconf 91' lang='lat' dir='ltr'>qui</span> <span class='ocrx_word' id='word_1_772' title='bbox 3412 5156 3551 5212; x_wconf 88' lang='lat' dir='ltr'>inde</span> 
     </span>
    </p>
   </div>
   <div class='ocr_carea' id='block_1_110' title="bbox 1907 5247 2404 5303">
    <p class='ocr_par' dir='ltr' id='par_1_110' title="bbox 1907 5247 2404 5303">
     <span class='ocr_line' id='line_1_110' title="bbox 1907 5247 2404 5303; baseline -0.002 -1"><span class='ocrx_word' id='word_1_773' title='bbox 1907 5252 2101 5303; x_wconf 84' lang='lat' dir='ltr'>ortum</span> <span class='ocrx_word' id='word_1_774' title='bbox 2132 5247 2404 5303; x_wconf 89' lang='lat' dir='ltr'>habeant.</span> 
     </span>
    </p>
   </div>
   <div class='ocr_carea' id='block_1_111' title="bbox 1980 5353 3553 5425">
    <p class='ocr_par' dir='ltr' id='par_1_111' title="bbox 1980 5353 3553 5425">
     <span class='ocr_line' id='line_1_111' title="bbox 1980 5353 3553 5425; baseline -0.001 -16"><span class='ocrx_word' id='word_1_775' title='bbox 1980 5356 2065 5409; x_wconf 88' lang='grc'>16.</span> <span class='ocrx_word' id='word_1_776' title='bbox 2101 5359 2181 5409; x_wconf 87' lang='lat' dir='ltr'>Ac</span> <span class='ocrx_word' id='word_1_777' title='bbox 2212 5355 2281 5409; x_wconf 90' lang='lat' dir='ltr'>de</span> <span class='ocrx_word' id='word_1_778' title='bbox 2313 5354 2426 5420; x_wconf 89' lang='lat' dir='ltr'>his,</span> <span class='ocrx_word' id='word_1_779' title='bbox 2477 5353 2558 5408; x_wconf 90' lang='lat' dir='ltr'>illi</span> <span class='ocrx_word' id='word_1_780' title='bbox 2593 5354 2693 5425; x_wconf 90' lang='lat' dir='ltr'>qui</span> <span class='ocrx_word' id='word_1_781' title='bbox 2728 5354 2875 5408; x_wconf 82' lang='lat' dir='ltr'>I99</span> <span class='ocrx_word' id='word_1_782' title='bbox 2928 5371 2996 5408; x_wconf 84' lang='lat' dir='ltr'>ex</span> <span class='ocrx_word' id='word_1_783' title='bbox 3034 5353 3367 5408; x_wconf 82' lang='lat' dir='ltr'>humefacta</span> <span class='ocrx_word' id='word_1_784' title='bbox 3397 5357 3553 5409; x_wconf 84' lang='lat' dir='ltr'>terra</span> 
     </span>
    </p>
   </div>
   <div class='ocr_carea' id='block_1_112' title="bbox 1907 5442 3548 5515">
    <p class='ocr_par' dir='ltr' id='par_1_112' title="bbox 1907 5442 3548 5515">
     <span class='ocr_line' id='line_1_112' title="bbox 1907 5442 3548 5515; baseline -0.001 -17"><span class='ocrx_word' id='word_1_785' title='bbox 1907 5444 2068 5505; x_wconf 74' lang='lat' dir='ltr'>ﬁant,</span> <span class='ocrx_word' id='word_1_786' title='bbox 2105 5444 2328 5515; x_wconf 87' lang='lat' dir='ltr'>apogei,</span> <span class='ocrx_word' id='word_1_787' title='bbox 2363 5444 2530 5514; x_wconf 93' lang='lat' dir='ltr'>quasi</span> <span class='ocrx_word' id='word_1_788' title='bbox 2583 5449 2736 5498; x_wconf 88' lang='lat' dir='ltr'>terra</span> <span class='ocrx_word' id='word_1_789' title='bbox 2766 5443 3018 5510; x_wconf 90' lang='lat' dir='ltr'>oriundi,</span> <span class='ocrx_word' id='word_1_790' title='bbox 3073 5443 3350 5498; x_wconf 87' lang='lat' dir='ltr'>dicuntur</span> <span class='ocrx_word' id='word_1_791' title='bbox 3383 5461 3395 5509; x_wconf 91' lang='lat'>;</span> <span class='ocrx_word' id='word_1_792' title='bbox 3447 5442 3548 5513; x_wconf 90' lang='lat' dir='ltr'>qui</span> 
     </span>
    </p>
   </div>
   <div class='ocr_carea' id='block_1_113' title="bbox 1906 5531 3553 5604">
    <p class='ocr_par' dir='ltr' id='par_1_113' title="bbox 1906 5531 3553 5604">
     <span class='ocr_line' id='line_1_113' title="bbox 1906 5531 3553 5604; baseline -0.001 -18"><span class='ocrx_word' id='word_1_793' title='bbox 1906 5538 2101 5586; x_wconf 88' lang='lat' dir='ltr'>autem</span> <span class='ocrx_word' id='word_1_794' title='bbox 2134 5548 2202 5586; x_wconf 86' lang='lat' dir='ltr'>ex</span> <span class='ocrx_word' id='word_1_795' title='bbox 2233 5532 2458 5587; x_wconf 91' lang='lat' dir='ltr'>sinibus</span> <span class='ocrx_word' id='word_1_796' title='bbox 2491 5532 3124 5604; x_wconf 66' lang='lat' dir='ltr'>prosiliunt,encolpiaa,</span> <span class='ocrx_word' id='word_1_797' title='bbox 3157 5532 3323 5603; x_wconf 88' lang='lat' dir='ltr'>quasi</span> <span class='ocrx_word' id='word_1_798' title='bbox 3358 5531 3553 5586; x_wconf 88' lang='lat' dir='ltr'>sinua-</span> 
     </span>
    </p>
   </div>
   <div class='ocr_carea' id='block_1_114' title="bbox 1908 5619 3547 5693">
    <p class='ocr_par' dir='ltr' id='par_1_114' title="bbox 1908 5619 3547 5693">
     <span class='ocr_line' id='line_1_114' title="bbox 1908 5619 3547 5693; baseline -0.001 -19"><span class='ocrx_word' id='word_1_799' title='bbox 1908 5621 2010 5688; x_wconf 85' lang='lat' dir='ltr'>les,</span> <span class='ocrx_word' id='word_1_800' title='bbox 2069 5627 2367 5676; x_wconf 82' lang='lat' dir='ltr'>vocantur.</span> <span class='ocrx_word' id='word_1_801' title='bbox 2429 5622 2583 5676; x_wconf 86' lang='lat' dir='ltr'>Inter</span> <span class='ocrx_word' id='word_1_802' title='bbox 2640 5639 2786 5693; x_wconf 82' lang='lat' dir='ltr'>quos</span> <span class='ocrx_word' id='word_1_803' title='bbox 2847 5623 3003 5693; x_wconf 90' lang='lat' dir='ltr'>ipsos</span> <span class='ocrx_word' id='word_1_804' title='bbox 3034 5638 3272 5693; x_wconf 89' lang='lat' dir='ltr'>eosque,</span> <span class='ocrx_word' id='word_1_805' title='bbox 3331 5619 3431 5691; x_wconf 90' lang='lat' dir='ltr'>qui</span> <span class='ocrx_word' id='word_1_806' title='bbox 3480 5635 3547 5673; x_wconf 85' lang='lat' dir='ltr'>ex</span> 
     </span>
    </p>
   </div>
   <div class='ocr_carea' id='block_1_115' title="bbox 1909 5710 3544 5783">
    <p class='ocr_par' dir='ltr' id='par_1_115' title="bbox 1909 5710 3544 5783">
     <span class='ocr_line' id='line_1_115' title="bbox 1909 5710 3544 5783; baseline -0.002 -18"><span class='ocrx_word' id='word_1_807' title='bbox 1909 5710 2252 5765; x_wconf 89' lang='lat' dir='ltr'>ﬂuminibus</span> <span class='ocrx_word' id='word_1_808' title='bbox 2283 5715 2338 5765; x_wconf 86' lang='lat' dir='ltr'>et</span> <span class='ocrx_word' id='word_1_809' title='bbox 2368 5713 2590 5783; x_wconf 81' lang='lat' dir='ltr'>stagnis</span> <span class='ocrx_word' id='word_1_810' title='bbox 2650 5720 2984 5783; x_wconf 87' lang='lat' dir='ltr'>erumpunt,</span> <span class='ocrx_word' id='word_1_811' title='bbox 3049 5710 3544 5780; x_wconf 70' lang='lat' dir='ltr'>nonibil&lt;’propor-</span> 
     </span>
    </p>
   </div>
  </div>
