4024 6456
256 409 411 476 H73

1582 413 1933 479 EPITOME
1975 415 2328 480 PHYSIGA.

3503 416 3662 481 M74

252 552 384 622 χῆς·
417 545 557 602 ὥστε
593 544 629 616 ἢ
659 541 761 618 ἔξω
789 547 886 616 τῆς
915 547 1020 623 γῆς
1049 545 1086 616 ἢ
1119 542 1224 603 ἔσω
1262 552 1434 602 πᾶσαν
1485 547 1750 604 συννεύειν
1801 548 1881 603 αὖ·

2013 552 2280 625 sequitur
2314 569 2326 620 ;
2356 555 2421 608 ut
2448 552 2537 608 vel
2571 557 2751 621 extra,
2783 550 2872 608 vel
2905 551 3062 608 intra
3087 554 3303 610 terram
3351 552 3658 611 confertim

251 638 374 706 τήν.
408 635 518 690 Οὐκ
572 632 768 713 ἄλογον
829 633 885 691 δέ
939 657 999 712 γε
1055 636 1145 692 καὶ
1205 638 1417 710 ἀνέμων
1465 633 1634 692 ὄντων
1661 637 1897 714 γίνεσθαί

252 745 399 786 τινας
453 728 560 779 τῶν
622 730 877 798 σεισμῶν.
939 726 1142 781 Ἐνίοτε
1201 726 1304 802 γὰρ
1371 727 1460 781 καὶ
1519 724 1741 788 πλείους
1793 727 1904 799 ἅμα

253 813 502 868 πνέουσιν
535 814 744 887 ἄνεμοι·
779 815 851 867 ὧν
904 813 1028 870 ὅταν
1086 816 1274 888 ἅτερος
1334 816 1438 871 ὑπὸ
1496 823 1600 890 γῆν
1662 817 1900 890 ὁρμήσῃ,

252 904 471 972 ποιήσει
521 902 761 976 σεισμὸν,
809 900 919 958 ἅνω
978 902 1234 966 πνέοντος
1291 909 1390 958 τοῦ
1437 906 1658 961 λοιποῦ.
1708 903 1899 959 Ἐλάτ-

251 1011 378 1053 τους
434 988 491 1045 δὲ
544 991 606 1046 τὸ
669 991 890 1066 μέγεθος
947 991 1189 1064 γίνονται
1216 995 1284 1047 τὰ
1313 991 1500 1048 πολλά
1552 995 1604 1048 οἱ
1659 997 1898 1048 τοιοῦτοι

253 1080 489 1153 σεισμοὶ,
522 1076 611 1134 διά
657 1080 718 1134 τὸ
772 1077 1056 1156 διῃρῆσθαι
1105 1082 1205 1149 τὴν
1255 1081 1435 1157 ἀρχὴν
1465 1082 1554 1136 καὶ
1582 1083 1682 1150 τήν
1723 1080 1896 1136 αἰτίαν

251 1169 426 1224 αὐτῶν
475 1170 575 1238 τὴν
641 1168 955 1240 ποίητικήν·
1011 1168 1194 1246 ὥσπερ
1249 1172 1340 1225 καὶ
1399 1171 1452 1225 οἱ
1508 1172 1620 1243 ἅμα
1651 1169 1898 1231 πνέοντες

251 1254 440 1331 ἄνεμοι
473 1258 535 1313 οὐ
561 1257 791 1335 γίνονται
823 1259 1048 1332 πάμπαν
1081 1256 1327 1336 σφοδροί.

317 1528 382 1599 γ’.
415 1522 619 1584 Νυκτὸς
665 1519 724 1578 δὲ
767 1523 857 1578 καὶ
910 1523 1120 1596 μᾶλλον
1171 1525 1306 1601 πρὸς
1356 1520 1546 1600 ὄρθρον
1593 1525 1646 1579 οἳ
1671 1522 1894 1586 πλείους

246 1613 336 1668 καὶ
394 1611 613 1685 μείζους
683 1611 925 1687 γίνονται
1002 1618 1109 1668 τῶν
1189 1620 1446 1688 σεισμῶν.
1505 1615 1891 1688 Νηνεμώτεραι

246 1702 347 1778 γὰρ
405 1701 460 1755 αἱ
516 1700 701 1762 νύκτες
749 1706 858 1756 τῶν
916 1704 1164 1778 ἡμερῶν,
1197 1700 1285 1757 διὰ
1339 1704 1438 1771 τὴν
1489 1702 1745 1758 ἀπουσίαν
1797 1708 1892 1758 τοῦ

246 1788 413 1859 ἡλίου
469 1789 791 1864 ψυχομένης
845 1791 936 1845 καὶ
994 1793 1370 1865 πυκνουμένης
1423 1799 1525 1861 τῆς
1581 1792 1891 1870 ἐπιφανείας

245 1885 350 1948 τῆς
401 1882 521 1954 γῆς,
554 1878 642 1934 καὶ
698 1883 808 1934 τῶν
865 1880 1185 1954 πνευμάτων
1218 1883 1315 1951 τὴν
1344 1881 1523 1958 ἀρχὴν
1555 1888 1654 1951 τῆς
1686 1881 1889 1958 ῥύσεως

247 1961 636 2039 λαμϐανόντων
688 1967 765 2030 εἷς
820 1969 884 2024 τὸ
945 1969 1112 2042 ἐντὸς,
1145 1968 1326 2046 ὥσπερ
1376 1968 1694 2044 ἀμπώτιδος
1745 1991 1889 2046 γινο-

249 2054 413 2128 μένης
471 2050 569 2111 τοῦ
640 2055 952 2131 πνεύματος
1011 2058 1086 2122 εἷς
1133 2059 1203 2113 τὰ
1260 2056 1413 2113 ἔνδον
1473 2059 1578 2113 ἀπὸ
1635 2065 1736 2128 τῆς
1786 2054 1886 2129 ἔξω

242 2143 643 2222 πλημμυρίδος
695 2166 754 2200 τε
810 2145 900 2200 καί
959 2146 1283 2224 ἐπιχύσεως·
1350 2145 1585 2220 μάλιστα
1642 2145 1700 2201 δὲ
1751 2148 1887 2224 πρὸς

241 2227 458 2310 ὄρθρον,
514 2232 629 2290 ἐπεὶ
701 2239 996 2304 τηνικαῦτα
1055 2236 1142 2290 καὶ
1199 2235 1265 2290 τὰ
1319 2235 1599 2309 πνεύματα
1654 2237 1882 2314 πέφυκεν

243 2319 498 2397 ἄρχεσθαι
528 2329 677 2378 πνεῖν
688 2367 700 2379 .

312 2407 374 2467 δ’.
409 2414 526 2466 Τῶν
583 2409 641 2466 δὲ
695 2419 793 2482 τῆς
849 2413 1059 2489 ἡμέρας
1116 2413 1418 2489 γινομένων
1469 2419 1703 2488 σεισμῶν
1758 2414 1881 2490 περὶ

245 2494 588 2575 μεσημϐρίαν
645 2502 697 2555 oi.
760 2501 1008 2558 πλεῖστοι
1063 2503 1153 2557 καὶ
1226 2502 1570 2578 ἰσχυρότεροι
1625 2502 1879 2579 γίνονται.

240 2589 627 2665 Νηνεμώτερον
687 2590 791 2666 γὰρ
838 2597 938 2660 τῆς
995 2590 1132 2661 ὅλης
1193 2590 1402 2665 ἡμέρας
1471 2593 1546 2654 ὡς
1604 2590 1795 2646 ἐπίπαν
1844 2594 1878 2661 ἡ

244 2672 575 2754 μεσημϐρία,
609 2677 698 2734 διὰ
724 2680 788 2734 τὸ
815 2679 907 2734 τὸν
939 2679 1098 2749 ἥλιον
1137 2680 1372 2753 μάλιστα
1425 2680 1548 2735 τότε
1599 2681 1691 2742 τὰς
1739 2681 1883 2735 ἀκτῖ-

237 2785 330 2828 νας
386 2758 676 2843 ὀρθοτέρας
729 2768 818 2823 καὶ
876 2767 1232 2846 ἐντονωτέρας
1315 2768 1662 2844 ἐκπέμποντα
1716 2791 1876 2824 κατα-

236 2852 440 2910 κλείειν
462 2856 564 2924 τήν
594 2855 947 2931 ἀναθυμίασιν
980 2857 1057 2920 εἷς
1087 2859 1186 2926 τὴν
1217 2861 1340 2934 γῆν,
1371 2859 1470 2927 τὴν
1531 2858 1606 2920 εἷς
1659 2859 1722 2913 τὸ
1780 2858 1880 2930 ἔξω

234 2939 472 3018 πρόοδον
500 2943 668 3014 αὐτῆς
701 2943 1084 3018 ἐμποδίζοντα.

303 3033 362 3090 ι’.
393 3033 514 3088 Ἔτι
541 3053 600 3088 τε
653 3033 781 3096 τοὺς
831 3035 1224 3112 ἰσχυροτάτους
1283 3035 1538 3109 σεισμοὺς
1596 3032 1876 3110 συμϐαίνει

233 3119 472 3196 γίνεσθαι
519 3123 642 3198 περὶ
702 3122 922 3190 τόπους,
955 3125 1072 3179 καθ’
1131 3125 1223 3187 οὖς
1279 3123 1517 3189 θάλασσα
1574 3127 1729 3195 στενή
1789 3127 1878 3181 καὶ

233 3205 473 3284 ῥοώδης.
509 3207 756 3288 Σφοδρὸν
808 3213 912 3285 γὰρ
972 3211 1023 3266 ἐν
1075 3218 1190 3274 τοῖς
1225 3211 1494 3274 τοιούτοις
1550 3215 1611 3268 τὸ
1667 3219 1880 3287 πνεῦμα

2015 643 2287 698 universa
2315 659 2380 698 eo
2417 642 2655 698 inclinet
2683 647 2740 697 et
2799 642 3038 698 feratur.
3069 642 3194 698 Non
3254 646 3344 698 est
3398 647 3594 698 autem
3627 659 3661 698 a

2015 732 2235 787 ratione
2265 732 2521 788 alienum
2552 732 2740 788 ventis
2772 732 2947 787 etiam
2991 732 3378 788 existentibus
3428 731 3657 804 aliquos

2011 826 2176 876 terrae
2210 827 2403 877 motus
2428 822 2571 877 ﬁeri.
2604 822 3038 892 Nonnunquam
3061 821 3216 877 enim
3249 822 3422 877 etiam
3459 821 3656 894 plures

2012 911 2190 966 simul
2221 912 2375 966 venti
2409 912 2550 966 fiant
2582 928 2595 965 :
2630 928 2881 983 quorum
2910 927 3043 966 cum
3076 911 3224 967 alter
3248 912 3400 965 infra
3434 916 3651 966 terram

2011 1000 2203 1064 irruit,
2234 1003 2400 1054 terrae
2431 1005 2652 1054 motum
2703 999 2892 1071 gignit
2926 999 3148 1067 ;altero
3207 999 3440 1054 interim
3473 1015 3655 1070 supra

2010 1088 2288 1160 spirante.
2323 1088 2577 1143 Minores
2601 1093 2796 1143 autem
2829 1089 3231 1159 magnitudine
3262 1088 3412 1142 ﬁunt
3442 1092 3507 1143 ut
3527 1087 3655 1160 plu-

2009 1177 2225 1232 rimum
2257 1177 2403 1232 tales
2433 1182 2596 1232 terrae
2630 1181 2844 1244 motus,
2878 1179 3030 1249 quod
3073 1193 3272 1233 eorum
3297 1177 3649 1248 principium

2007 1271 2065 1322 et
2124 1283 2302 1322 causa
2357 1266 2617 1322 efﬁciens
2678 1267 2954 1321 distracta
2983 1266 3103 1321 sit:
3147 1267 3649 1337 quemadmodum

2005 1355 2180 1411 etiam
2204 1356 2358 1411 venti
2391 1355 2568 1410 simul
2600 1356 2808 1411 ﬂantes
2835 1373 2950 1410 non
2986 1356 3306 1411 admodum
3335 1355 3648 1411 vehemen-

2004 1451 2092 1501 tes
2124 1450 2280 1500 sunt.

2073 1535 2126 1588 3.
2160 1535 2345 1589 Noctu
2377 1537 2571 1594 autem
2604 1538 2661 1589 et
2692 1534 2880 1606 magis
2913 1534 3021 1590 sub
3045 1550 3315 1590 auroram
3347 1550 3482 1590 cum
3516 1532 3645 1606 plu-

2004 1627 2249 1690 res,tum
2283 1623 2534 1693 majores
2563 1628 2728 1677 terrae
2751 1627 2946 1678 motus
2981 1624 3149 1678 fiunt.
3183 1623 3642 1696 Tranquilliores

2002 1712 2160 1766 enim
2193 1729 2225 1766 a
2252 1711 2442 1766 ventis
2474 1715 2612 1767 sunt
2641 1717 2838 1767 noctes
2891 1729 3067 1784 quam
3108 1712 3250 1783 dies,
3304 1714 3442 1768 dum
3475 1718 3640 1768 terra

2003 1801 2344 1872 superﬁcies
2375 1804 2610 1872 propter
2632 1801 2775 1856 salis
2798 1801 3124 1856 absentiam
3146 1802 3332 1875 frigus
3353 1801 3646 1857 coutrahit

2001 1893 2058 1944 et
2089 1890 2389 1957 densatur,
2422 1890 2716 1960 ﬂatusque
2758 1890 2972 1945 ﬂuendi
3005 1890 3064 1944 in
3093 1880 3382 1947 internam
3415 1894 3641 1963 partem

1998 1977 2230 2033 initium
2265 1978 2511 2046 faciunt,
2540 1978 2812 2049 velutque
2838 1979 2908 2034 ab
2939 1983 3174 2036 externo
3203 1983 3346 2036 aestu
3378 1984 3433 2035 et
3462 1981 3638 2036 inun-

1998 2067 2230 2123 datione
2262 2067 2437 2123 ﬂatus
2469 2067 2852 2140 reciprocatio
2882 2068 2941 2122 in
2988 2069 3296 2124 interiores
3325 2073 3522 2140 partes
3546 2068 3637 2137 ﬂt,

1995 2155 2172 2228 idque
2203 2157 2526 2228 praesertim
2559 2157 2668 2212 sub
2703 2173 2995 2221 auroram,
3054 2158 3332 2229 quoniam
3381 2161 3506 2212 tum
3537 2157 3636 2213 de-

1997 2261 2158 2301 mum
2192 2246 2365 2301 ﬂatus
2396 2245 2658 2317 spirandi
2691 2246 2844 2301 208
2878 2245 3112 2301 initium
3144 2245 3332 2302 facere
3362 2244 3572 2301 solent.

2065 2425 2116 2480 4.
2152 2425 2326 2480 Porro
2355 2428 2521 2479 terra:
2548 2428 2813 2478 motuum
2846 2424 2946 2495 qui
3004 2423 3258 2478 interdiu
3310 2423 3477 2494 ﬁunt,
3503 2422 3638 2495 plus

1991 2513 2124 2568 rimi
2157 2518 2213 2568 et
2239 2513 2703 2567 vehementiores
2736 2513 2884 2567 fiunt
2929 2513 3080 2567 circa
3104 2513 3426 2568 meridiem.
3471 2512 3618 2570 Nam

1989 2606 2109 2657 toto
2142 2602 2257 2656 fere
2288 2602 2380 2656 die
2409 2601 2782 2673 tranquillior
2833 2606 2922 2656 est
2967 2601 3240 2656 meridies
3271 2619 3284 2656 :
3321 2605 3626 2673 propterea

1991 2690 2146 2762 quod
2178 2690 2265 2745 sol
2296 2695 2422 2745 tum
2464 2691 2737 2745 rectiores
2766 2694 2822 2745 et
2853 2691 3197 2746 intensiores
3227 2689 3425 2746 radios
3454 2689 3625 2745 emit-

1988 2783 2120 2835 tens
2149 2779 2573 2834 exhalationem
2606 2778 2665 2833 in
2691 2785 2856 2834 terrae
2888 2779 3206 2834 visceribus
3238 2778 3500 2846 includit,
3525 2795 3630 2835 nec

1991 2867 2144 2924 foras
2177 2867 2318 2923 sinit
2340 2868 2624 2939 progredi.

2059 3045 2111 3099 5.
2136 3044 2417 3099 Praeterea
2446 3045 2620 3099 etiam
2661 3044 3206 3101 vehementissimos
3234 3049 3399 3101 terra
3431 3048 3628 3102 motus

1989 3132 2111 3187 ﬁeri
2147 3132 2428 3205 contingit
2449 3133 2601 3189 circa
2626 3149 2692 3188 ea
2716 3133 2841 3189 loca
2873 3135 3084 3206 quibus
3117 3150 3275 3189 mare
3307 3139 3624 3206 angustum

1990 3227 2098 3290 est,
2132 3226 2188 3276 et
2218 3221 2480 3277 ﬂuctuat.
2515 3226 2656 3276 Cum
2688 3224 2845 3277 enim
2878 3223 2936 3278 in
2967 3223 3256 3293 ejusmodi
3292 3222 3435 3278 locis
3464 3223 3628 3279 vehe-

229 3296 514 3372 γινόμενον
571 3299 662 3354 καὶ
728 3297 1042 3356 διεκπίπτον
1096 3301 1288 3376 βιαίως
1337 3301 1397 3356 ἐκ
1442 3309 1541 3372 τῆς
1589 3310 1714 3377 γῆς,
1770 3308 1878 3358 τῶν

2001 3326 2156 3364 mens
2186 3315 2495 3382 generetur
2525 3311 2716 3377 ﬂatus,
2760 3316 2817 3366 et
2865 3312 3144 3366 violenter
3188 3329 3256 3367 ex
3297 3317 3452 3368 terra
3475 3313 3626 3368 exci-

232 3390 466 3458 σεισμῶν
526 3384 698 3443 αἷίτιον
755 3388 978 3464 γίνεται.
1036 3388 1260 3461 Πολλήν
1319 3411 1377 3444 τε
1423 3391 1523 3466 γὰρ
1571 3393 1606 3460 ἡ
1640 3389 1884 3445 θάλασσα’

229 3473 462 3551 παρέχει
491 3476 760 3552 χορηγίαν
819 3483 900 3550 τῷ
927 3477 1216 3552 πνεύματι,
1248 3479 1336 3534 καὶ
1370 3477 1459 3534 διὰ
1513 3484 1620 3534 τῶν
1679 3484 1875 3534 στενῶν

230 3561 401 3638 ἀθρόα
445 3570 564 3627 ταῖς
635 3565 1010 3643 μεταῤῥύσεσι,
1061 3567 1150 3622 καὶ
1203 3567 1332 3630 τοὺς
1385 3567 1586 3630 τόπους
1648 3567 1878 3641 ἐπιλαμ-

231 3645 466 3708 ϐάνουσα
519 3647 590 3708 δι’
620 3655 694 3709 ὧν
748 3652 852 3726 ἔξω
897 3657 960 3711 τὸ
1015 3661 1225 3730 πνεῦμα
1283 3657 1519 3735 φέρεται,
1577 3657 1653 3719 εἷς
1715 3656 1876 3732 βάθος

227 3738 360 3795 αὐτὸ
421 3743 646 3798 απωθεῖ.
693 3744 764 3798 Τὸ
809 3741 856 3798 δ’
904 3744 1151 3799 ἀπωσθὲν
1203 3745 1293 3800 καὶ
1343 3745 1538 3821 ἀθρόον
1587 3745 1874 3822 γενόμενον

229 3827 444 3898 ἐκίνησε
473 3834 541 3904 τῇ
578 3831 668 3906 βίᾳ
696 3834 794 3901 τήν
827 3839 954 3907 γῆν.

295 3933 360 3999 ς’.
393 3936 492 3992 Καὶ
522 3935 640 3992 ὅσαι
673 3937 731 3994 δὲ
761 3943 943 4016 χῶραι
970 3940 1040 3995 τὰ
1068 3940 1171 3995 ὐπὸ
1204 3947 1308 4015 γῆν
1362 3935 1552 4016 ἔχουσι
1599 3941 1782 4019 σομφά
1822 3963 1880 3997 τε

217 4023 307 4078 καὶ
402 4025 662 4103 ὕπαντρα,
723 4027 958 4084 σείονται
1049 4028 1286 4102 μᾶλλον,
1354 4028 1498 4084 πολὺ
1584 4027 1876 4106 δεχόμεναι

216 4116 428 4187 πνεῦμα
472 4118 608 4172 κατὰ
656 4117 752 4179 τὰς
812 4113 961 4172 ἔνδον
1025 4117 1358 4188 κοιλότητας
1412 4119 1500 4172 καὶ
1559 4120 1873 4192 κινούμεναι

225 4201 312 4256 ὑπ’
343 4201 528 4261 αὐτοῦ.

292 4309 353 4377 ζ’.
385 4315 588 4388 ’Έαρος
632 4309 691 4368 δὲ
745 4312 980 4387 μάλιστα
1028 4313 1116 4368 καὶ
1169 4315 1500 4391 μετοπώρου
1550 4314 1876 4390 γίνονταιοὶ

217 4397 454 4472 σεισμοί·
515 4399 1069 4478 πνευματωδέστεραι
1153 4405 1255 4480 γὰρ
1326 4404 1380 4457 αἱ
1459 4405 1618 4476 ὧραι.
1679 4403 1876 4478 Θέρους

221 4484 280 4541 δὲ
334 4487 425 4542 καὶ
502 4494 784 4565 χειμῶνος
856 4490 1066 4547 ἐλάττω
1118 4493 1186 4547 τὰ
1241 4490 1538 4565 πνεύματα·
1599 4496 1876 4568 χειμῶνος

224 4576 319 4650 μὲν
350 4572 439 4632 διὰ
474 4579 537 4633 τὸ
595 4583 774 4654 ψῦχος
826 4575 1192 4654 σϐεννυμένων
1245 4585 1353 4635 τῶν
1403 4583 1616 4655 θερμῶν
1665 4582 1754 4636 καὶ
1787 4582 1876 4652 ξη-

1987 3399 2105 3467 dat,
2141 3403 2306 3453 terras
2337 3403 2602 3454 motuum
2636 3416 2813 3454 causa
2843 3399 3111 3454 efﬁcitur:
3147 3405 3444 3472 Ingentem
3467 3401 3624 3456 enim

1988 3485 2150 3541 ﬂatui
2181 3488 2484 3542 materiam
2519 3504 2677 3542 mare
2726 3489 3081 3560 suppeditat,
3131 3493 3305 3560 atque
3354 3490 3494 3544 dum
3527 3507 3630 3561 per

1985 3575 2700 3646 angustiastransﬂuendo
2724 3593 2935 3649 magno
2961 3593 3094 3632 cum
3112 3577 3333 3649 impetu
3353 3576 3624 3645 volvitur,

1985 3668 2045 3718 et
2069 3679 2136 3718 ea
2166 3663 2292 3719 loca
2343 3680 2444 3735 per
2492 3681 2618 3735 quae
2669 3667 2844 3719 ﬂatus
2889 3669 3050 3720 extra
3098 3666 3298 3733 fertur,
3355 3670 3621 3738 occupat,

1985 3753 2181 3824 ipsum
2212 3752 2270 3807 in
2331 3753 2785 3824 profunditatem
2819 3754 3088 3825 propellit
3121 3771 3134 3811 :
3168 3755 3265 3826 qui
3303 3755 3625 3827 propulsus

1985 3844 2042 3895 et
2072 3841 2454 3912 conglobatus
2479 3841 2532 3896 vi
2565 3859 2672 3897 sua
2702 3847 2916 3897 terram
2950 3847 3296 3915 commovet,

2056 3949 2110 4001 6.
2144 3947 2291 4010 Quin
2324 3964 2528 4004 omnes
2560 3949 2735 4003 etiam
2767 3949 2853 4003 hae
2890 3949 3153 4020 regiones
3193 3967 3444 4022 quarum
3489 3951 3629 4006 sub-

1987 4040 2266 4091 terranea
2300 4041 2496 4108 partes
2527 4037 2797 4110 fungosze
2819 4043 2876 4093 et
2933 4055 3256 4094 cavernosaa
3300 4043 3458 4110 sunt,
3505 4054 3630 4094 cre-

1984 4125 2150 4180 brius
2181 4126 2546 4197 quatiuniur,
2581 4130 2648 4181 ut
2696 4143 2824 4198 quae
2872 4127 2930 4181 in
2983 4127 3228 4183 internis
3281 4127 3628 4184 cavitatibus

1986 4230 2258 4287 magnam
2295 4215 2412 4270 vim
2443 4216 2617 4271 ﬂatus
2651 4215 3030 4288 recipiant,ab
3052 4233 3236 4288 eoque
3264 4219 3624 4272 moveantur.

2055 4322 2109 4375 7.
2141 4324 2424 4376 Caeterum
2481 4338 2613 4378 vere
2672 4323 2923 4378 maxime
2982 4327 3038 4378 et
3067 4328 3351 4378 autumno
3383 4326 3626 4378 exeunte

1984 4414 2148 4464 terrae
2169 4414 2363 4466 motus
2377 4410 2726 4483 contingunt
2760 4429 2772 4477 ;
2801 4413 3016 4483 quippe
3039 4412 3177 4467 anni
3199 4416 3464 4483 tempora
3487 4415 3626 4467 sunt

1986 4499 2141 4554 204
2171 4498 2290 4553 haec
2324 4499 2662 4554 ﬂatuosiora
2693 4518 2705 4567 ;
2742 4517 2873 4554 cum
2907 4505 3104 4554 aestate
3135 4504 3192 4554 et
3220 4499 3412 4555 hieme
3442 4498 3624 4555 rario-

1984 4603 2076 4641 res
2107 4588 2225 4641 sint
2254 4588 2429 4654 venti;
2461 4587 2655 4643 hieme
2686 4588 2945 4659 quidem,
2980 4588 3117 4659 quia
3140 4586 3338 4643 calida;
3369 4591 3426 4642 et
3458 4587 3624 4642 siccas

222 4669 329 4740 ρῶν
391 4665 823 4741 ἀναθυμιάσεων,
865 4667 1055 4745 θέρους
1115 4667 1172 4725 δὲ
1224 4670 1386 4726 πάλιν
1443 4667 1531 4725 διὰ
1584 4671 1647 4725 τὸ
1693 4675 1875 4744 καῦμα

2001 4675 2378 4732 ixbalationes
2401 4678 2473 4731 ob
2506 4676 2735 4748 frigoris
2758 4676 2871 4730 vim
2897 4678 3353 4748 exstinguuntur
3382 4694 3396 4745 ;
3429 4680 3626 4733 aestate

219 4754 282 4826 ξη
291 4773 440 4828 ραινο
447 4754 620 4830 μένων
632 4801 644 4814 .

292 4932 362 5002 η’.
415 4932 594 4990 Ἀλλὰ
657 4935 748 4990 καὶ
810 4935 861 4991 ἐν
911 4936 1158 5013 αὐχμοῖς
1216 4937 1307 4992 καὶ
1353 4938 1405 4992 ἐν
1453 4931 1779 5012 ἐπομϐρίαις
1821 4939 1872 4993 οἱ

219 5021 434 5095 σεισμοὶ
469 5022 708 5096 μάλιστα
737 5023 996 5100 γίνονται.
1024 5030 1114 5081 Ἐν
1151 5026 1244 5099 μὲν
1305 5027 1408 5103 γὰρ
1465 5031 1580 5088 τοῖς
1631 5025 1873 5102 αὐχμοῖς

216 5109 616 5184 πνευματώδης
647 5113 675 5166 ὁ
704 5113 831 5190 ἀήρ·
864 5113 992 5169 αὐτὸ
1037 5116 1138 5192 γὰρ
1189 5115 1350 5169 τοῦτό
1398 5113 1538 5169 ἐστιν
1572 5116 1600 5168 ὁ
1635 5114 1870 5191 αὐχμὸς,

215 5197 282 5277 τὸ
341 5198 518 5255 πλείω
573 5201 808 5278 γίνεσθαι
895 5211 996 5274 τῆς
1073 5204 1236 5280 ὑγρᾶς
1322 5204 1726 5276 ἀναθυμιάσεως
1775 5205 1874 5273 τὴν

215 5287 400 5366 ξηράν·
461 5288 514 5345 ἐν
573 5287 630 5345 δὲ
685 5297 802 5354 ταῖς
853 5285 1181 5370 ἐπομϐρίαις
1232 5292 1439 5348 πλείων
1482 5295 1517 5361 ἠ
1560 5291 1706 5354 ἐντὸς
1749 5293 1872 5347 ἀνα-

216 5376 468 5450 θυμίασις
549 5379 771 5455 γίνεται.
843 5379 942 5434 Καὶ
1024 5381 1125 5458 γὰρ
1183 5383 1218 5450 ἡ
1279 5389 1350 5456 γῆ
1419 5378 1637 5449 πολλὴν
1720 5379 1868 5436 ἔνδον

215 5466 523 5540 κεκτημένη
586 5465 814 5544 πυρώδη
877 5469 1058 5525 οὐσίαν
1140 5469 1449 5546 βρεχομένη
1505 5470 1642 5546 πρὸς
1707 5470 1870 5546 βάθος

217 5551 451 5630 ἀτμίζει·
511 5557 752 5635 καθάπερ
810 5556 897 5612 ἐπὶ
981 5565 1079 5628 τῆς
1163 5555 1423 5614 ἀσϐέστου
1502 5554 1641 5613 ἔστιν
1714 5556 1868 5617 ἰδεῖν.

215 5643 552 5717 ’Δτμίζουσα
597 5649 748 5722 γοῦν,
801 5644 978 5700 πλείω
1024 5647 1114 5702 καὶ
1164 5649 1264 5716 τήν
1312 5646 1460 5709 ἐντὸς
1519 5647 1868 5720 ἀναθυμίασιν

217 5729 533 5810 ἷ¹σχει.Ἐτι
591 5731 648 5790 δὲ
705 5731 795 5791 διὰ
847 5735 910 5790 τὸ
964 5735 1180 5808 πλῆθος
1235 5741 1344 5792 τῶν
1391 5731 1640 5813 ὄμϐρων,
1675 5734 1869 5802 ὕδατος

1983 4762 2179 4819 autem
2224 4781 2430 4820 rursus
2477 4765 2616 4836 quia
2672 4769 2906 4835 propter
2961 4765 3228 4820 ardorem
3287 4781 3502 4837 magna
3556 4781 3625 4820 ex

1983 4855 2146 4926 parte
2175 4859 2520 4908 exarescunt
2549 4859 2604 4908 et
2633 4857 3079 4909 consumuntur.

2065 4943 2120 4996 8.
2152 4943 2264 4997 Sed
2300 4942 2588 5013 squalidis
2620 4947 2676 4997 et
2731 4942 3011 5013 pluviosis
3060 4942 3424 5013 temporibus
3455 4947 3623 5000 terra

1984 5035 2179 5085 motus
2211 5032 2464 5086 maxime
2495 5036 2866 5103 generantur.
2893 5031 3189 5102 Squalidis
3213 5031 3500 5101 enimfaer
3527 5033 3625 5088 ﬂa-

1984 5121 2193 5174 tuosus
2224 5124 2349 5185 est;
2386 5120 2601 5191 quippe
2660 5119 2767 5174 hoc
2822 5119 3017 5192 ipsum
3069 5121 3307 5192 squalor
3348 5126 3454 5188 est,
3489 5138 3625 5177 cum

1984 5207 2138 5262 sicca
2169 5207 2459 5263 exhalatio
2481 5225 2654 5278 quam
2691 5208 2933 5264 humida
2964 5209 3028 5264 ﬁt
3057 5209 3364 5281 copiosior:
3399 5211 3624 5282 pluvio-

1985 5298 2068 5351 sis
2100 5301 2296 5351 autem
2331 5296 3626 5370 internaexhalatiocopiosiorefﬂcitumTerra

1985 5385 2220 5456 quippe,
2254 5389 2319 5438 ut
2350 5401 2477 5456 quis
2512 5402 2782 5457 magnam
2820 5387 2999 5458 igneae
3031 5387 3371 5443 substantiae
3393 5388 3623 5460 copiam

1985 5473 2209 5527 interne
2236 5473 2552 5544 possideat,
2586 5491 2720 5528 cum
2755 5475 3017 5531 funditus
3047 5476 3234 5531 imbre
3256 5477 3629 5548 perfunditur

1981 5576 2252 5631 vaporem
2285 5562 2522 5629 emittit,
2571 5563 3070 5634 quemadmodum
3119 5565 3177 5618 in
3233 5563 3387 5619 calce
3430 5553 3625 5621 videre

1981 5655 2090 5705 est.
2124 5649 2701 5724 Proindeevaporans
2717 5654 3097 5725 copiosiorem
3127 5654 3300 5709 etiam
3334 5654 3622 5709 internam

1980 5739 2408 5797 exhalationem
2441 5742 2718 5799 continet.
2769 5743 3051 5800 Praeterea
3096 5759 3231 5799 vero
3279 5742 3452 5798 etiam
3484 5758 3618 5797 cum
