4024 6460
390 389 543 456 H75
1634 396 2059 459 NICEPHORI
2104 394 2542 460 BLEMMIDJE
3654 394 3833 459 H76

390 530 629 600 propter
657 524 1092 584 multitudinem
1110 527 1439 600 pluviarum
1455 531 1845 585 concavitatcs
1866 536 1979 585 terr

2236 527 2546 603 ηρουμὲνων
2605 533 2713 584 τῶν
2769 526 3110 600 κοιλοτήτων
3164 529 3262 598 τῆς
3316 533 3439 605 γῆς,
3484 528 3521 598 ἠ
3572 526 3825 596 τοιαύτη

392 632 547 688 aqua
575 616 913 688 implentur,
946 617 1301 673 exhalationi
1332 621 1619 689 ejusmodi
1654 638 1786 675 cum
1820 621 1878 675 in
1930 638 1981 674 ax

2237 618 2499 690 ιθυμίασις
2586 619 3070 693 στενοχωρουμένη
3149 619 3239 672 καὶ
3298 617 3374 680 εἷς
3431 616 3486 672 ἓν
3544 616 3826 671 συνελαυ·

392 705 621 779 gustias
650 706 935 779 redigitur
963 713 1020 761 et
1050 707 1109 760 in
1143 724 1321 761 unum
1356 709 1605 779 cogitur,
1638 710 1711 763 ab
1771 726 1924 779 aqua
1951 726 1979 761 γ

2239 705 2341 775 ιένη
2380 707 2481 761 ὑπὸ
2513 711 2608 761 τοῦ
2641 704 2833 769 ὕδατος
2868 702 3190 775 ἐκϐιάζεται.
3228 708 3383 761 Ὅθεν
3433 703 3632 774 πολλή
3678 702 3828 760 οὖσα

393 794 655 851 aﬂ'ertur.
690 794 853 851 Unde
883 795 969 863 ﬁt,
1003 800 1065 851 ut
1096 812 1229 851 cum
1271 797 1507 869 copiosa
1554 797 1858 863 exstiterit,
1891 798 1982 852 eti

2281 793 2357 855 είς
2406 794 2594 869 ὀλίγον
2642 795 2808 850 τόπον
2861 792 3185 850 συσταλεῖσα
3231 794 3321 850 καὶ
3354 794 3603 871 ἰσχυρῶς
3638 792 3826 863 πιλη-

392 882 667 957 exiguum
698 882 894 940 locum
927 888 1219 939 coarctata
1267 889 1324 940 et
1378 885 1749 940 vehementer
1803 885 1981 958 congli

2233 903 2295 937 σα
2377 884 2466 938 καὶ
2569 882 2712 939 οὕτω
2797 889 3096 955 κινηθεῖσα,
3180 888 3416 959 συγκινεῖ
3503 884 3599 938 καὶ
3708 883 3822 950 τήν

391 971 549 1044 bats,
582 976 756 1045 atque
788 973 870 1028 ita
899 978 1058 1029 mota
1092 974 1286 1044 fuerit,
1311 977 1377 1028 ut
1406 974 1584 1030 simul
1616 974 1791 1030 etiam
1821 980 2036 1031 terram
2144 978 2268 1046 γῆν.

392 1061 706 1118 concutiat.

461 1151 517 1205 9.
551 1152 1057 1217 Quemadmodum
1090 1152 1270 1224 igitur
1298 1152 1354 1207 in
1404 1151 1748 1208 animalium
1781 1154 2035 1224 corpori-

2236 1151 2279 1204 δ’.
2311 1152 2514 1225 Ὥσπερ
2564 1147 2656 1204 οὗν
2704 1150 2757 1205 ἐν
2799 1155 2918 1212 τοῖς
2964 1154 3072 1205 τῶν
3110 1151 3263 1219 ζώων
3313 1151 3558 1224 σώμασιν
3615 1149 3825 1205 ἐναπο-

392 1239 505 1296 bus
531 1240 683 1297 205
722 1240 896 1296 ﬂatus
928 1241 1026 1312 qui
1076 1241 1396 1297 introrsum
1445 1240 1767 1296 includitur
1817 1247 1981 1297 tremi

2235 1232 2560 1310 ιῦανόμενον
2616 1240 2678 1294 τὸ
2743 1244 2956 1312 πνεῦμα
3037 1238 3256 1315 τρόμων
3334 1239 3424 1295 καὶ
3511 1242 3824 1316 σφυγμῶν,

393 1344 551 1397 rum,
582 1332 639 1384 et
667 1329 1121 1401 pulsuum,quin
1155 1330 1272 1385 imo
1295 1335 1351 1384 et
1380 1330 1828 1401 palpitationum
1860 1347 1982 1386 cau:

2234 1324 2361 1382 λλον
2392 1323 2450 1381 δὲ
2478 1327 2713 1400 παλμῶν
2764 1324 2935 1382 αἴτιον
2998 1328 3224 1402 γίνεται⁴
3258 1327 3674 1404 παραπλησίως
3715 1329 3823 1382 κᾶν

395 1421 487 1473 est
520 1436 534 1475 :
568 1419 772 1474 eodem
806 1420 979 1474 modo
1008 1418 1067 1473 in
1098 1423 1253 1474 terra
1285 1419 1405 1474 fieri
1442 1418 1609 1474 solet.
2144 1418 2213 1489 τῇ
2245 1419 2340 1489 γῇ.

466 1507 556 1563 40.
589 1509 956 1579 Quapropter
983 1508 1159 1563 etiam
1190 1512 1357 1564 terris
1403 1513 1673 1563 motuum
1721 1508 1874 1563 alius
1923 1513 2038 1563 tre-

2234 1505 2272 1557 ;'.
2315 1504 2409 1559 Διὸ
2458 1505 2552 1559 καὶ
2604 1509 2711 1559 τῶν
2772 1506 3007 1577 σείσμῶν
3068 1508 3097 1561 6
3158 1507 3254 1579 μὶν
3311 1502 3421 1561 ἔστι
3480 1502 3823 1581 τρομώδης,

403 1595 602 1652 mulus
629 1600 738 1664 est,
764 1594 915 1652 alius
941 1595 1096 1667 pulsi
1118 1601 1175 1652 et
1196 1595 1565 1669 palpitationi
1590 1596 1802 1652 similis
1823 1597 1989 1652 existi

1486 1595 1565 1651 illi
1590 1596 1802 1652 similis
1823 1597 2037 1652 existit.
2149 1593 2176 1646 6
2204 1589 2262 1647 δὲ
2289 1598 2525 1671 σφυγμῷ
2557 1594 2592 1663 ἢ
2623 1592 2831 1666 παλμῷ
2862 1593 3075 1657 ἐοικώς.

471 1685 556 1740 11.
589 1689 673 1741 Ac
709 1685 971 1741 temulus
1016 1686 1256 1758 quidem
1306 1686 1521 1758 saepius
1568 1686 1773 1750 oritur,
1806 1686 2040 1757 quando

2234 1687 2306 1738 α’.
2368 1682 2466 1736 Καὶ
2526 1682 2555 1735 6
2619 1682 2713 1755 μὲν
2773 1680 3069 1755 τρομώδης
3123 1682 3327 1760 γίνεται
3393 1683 3823 1759 συνεχέστερον,

394 1772 665 1830 videlicet
694 1778 931 1846 propter
974 1775 1148 1830 ﬂatus
1181 1774 1410 1846 copiam
1441 1773 1541 1846 qui
1574 1774 1634 1829 in
1666 1773 1983 1832 latitudine

2234 1770 2350 1824 όταν
2383 1768 2640 1839 δηλονότι
2683 1768 2772 1826 διὰ
2817 1769 3033 1840 πλῆθος
3079 1777 3178 1827 τοῦ
3220 1773 3355 1827 κατᾶ
3395 1769 3611 1835 πλάτος
3660 1793 3823 1848 γινο-

395 1865 605 1937 patens
637 1862 791 1918 infra
818 1866 1035 1919 terram
1067 1862 1316 1933 exsistit,
1352 1867 1508 1918 terra
1536 1863 1868 1918 concutitur
1895 1869 1952 1919 et
1980 1882 1984 1917 :

2234 1880 2317 1913 νου
2377 1859 2686 1933 πνεύματος
2737 1860 2840 1915 ὑπὸ
2897 1868 3000 1936 γῆν
3055 1868 3272 1931 κινῆται
3325 1864 3361 1931 ἡ
3413 1866 3483 1937 γῆ
3546 1861 3823 1935 σειομένη

2272 1949 2285 1965 \
2383 1949 2397 1965 \
2501 1947 2522 1967 ἱ
2556 1949 2565 1966 Ι
2820 1950 2833 1964 ι
2901 1950 2913 1967 ι
3059 1949 3072 1967 1
3291 1951 3305 1967 \
3423 1948 3438 1967 9
3549 1951 3565 1967 \
3650 1947 3676 1967 Ἴ
3708 1947 3721 1965 Ι

395 1950 703 2024 obliquum
724 1956 1235 2020 movetur;tremor
1250 1952 1405 2007 enim
1435 1952 1494 2007 in
1526 1951 1829 2024 obliquum
1853 1958 1980 2009 tran

2239 1949 2295 2001 τὰ
2338 1949 2407 2002 τὰ
2456 1947 2686 2023 πλάγια·
2747 1950 2837 2003 καὶ
2894 1950 2921 2004 6
2978 1949 3183 2025 τρόμος
3243 1951 3347 2025 γὰρ
3395 1948 3473 2012 εἷς
3502 1951 3575 2004 τὰ
3600 1947 3828 2026 πλάγια

398 2039 511 2097 fert
539 2055 752 2113 corpus
784 2040 940 2112 quod
969 2057 1002 2096 a
1029 2040 1156 2113 ipso
1188 2040 1461 2096 afficitur.
1516 2041 1732 2097 Contra
1761 2058 1982 2113 perqua

2240 2037 2443 2114 ταφὲρει
2480 2038 2544 2091 τὸ
2567 2038 2780 2113 πάσχον
2814 2041 2993 2111 σῶμα.
3025 2038 3232 2093 Γίνεται
3263 2035 3321 2093 δὲ
3367 2039 3505 2093 κατὰ
3557 2039 3625 2093 τὸ
3689 2040 3829 2093 σπά-

395 2143 530 2185 raro
558 2129 747 2186 oritur
775 2128 836 2184 in
870 2129 1228 2200 quihusdam
1260 2129 1608 2196 locis,etiam
1639 2131 1689 2186 is
1718 2131 1818 2202 qui
1849 2129 1980 2202 puls

2246 2146 2268 2180 ν
2330 2124 2380 2179 ἔν
2442 2147 2551 2181 τισι
2606 2127 2797 2188 τόποις
2825 2126 2915 2182 καὶ
2947 2128 2975 2181 6
3001 2124 3399 2206 σφυγματώῶις
3423 2127 3460 2196 ἢ
3491 2119 3835 2200 παλμώδης

397 2222 502 2273 aut
528 2217 899 2290 palpitationi
930 2217 1143 2275 similis
1159 2223 1248 2275 est
1276 2224 1445 2274 terrae
1475 2220 1933 2290 motus,quando
1955 2237 1986 2274 n

2240 2214 2395 2288 σμός·
2430 2214 2556 2270 ὅταν
2609 2212 2871 2285 δηλονότι
2930 2216 3007 2289 μή
3068 2215 3298 2293 πρὸςτὰ
3350 2215 3563 2291 πλάγια
3591 2222 3828 2285 κινῆται

396 2305 615 2362 mirum
648 2322 765 2361 non
794 2305 855 2362 in
886 2305 1215 2378 obliquum,
1242 2308 1343 2363 sed
1366 2306 1594 2363 inferne
1623 2324 1861 2363 sursum
1891 2313 1985 2363 ter:

1337 2306 1594 2363 linferne
1623 2324 1861 2363 sursum
1891 2313 2047 2363 terra
2156 2304 2191 2373 ἡ
2224 2309 2321 2378 γῆ,
2351 2301 2499 2358 ἀλλά
2526 2302 2764 2367 κάτωθεν
2798 2302 2926 2361 ἄνω.

399 2398 687 2451 movetur.

475 2484 563 2539 12.
597 2482 807 2541 Rarius
836 2488 1034 2541 autem
1079 2484 1364 2557 contingit
1406 2485 1694 2557 ejusmodi
1728 2488 1890 2540 terrae
1921 2502 2047 2540 mo-

2238 2480 2322 2555 ιβ’.
2385 2474 2683 2552 Συμϐαίνει
2761 2479 2809 2535 δ’
2886 2482 2963 2542 ὡς
3038 2480 3119 2536 ἐπ’
3198 2478 3419 2536 ἔλαττον
3470 2481 3499 2535 6
3558 2485 3827 2544 τοιοῦτος

399 2574 520 2639 tus,
552 2576 883 2645 propterea,
913 2573 1068 2644 quod
1103 2590 1218 2628 non
1250 2574 1332 2629 ita
1364 2573 1528 2630 facile
1559 2576 1728 2641 fit,ut
1756 2573 1987 2630 exhalat

2229 2569 2401 2641 ισμὸς,
2461 2569 2545 2624 ὅτι
2602 2566 2743 2641 μηδὲ
2800 2566 2984 2645 ῥᾴδιον
3058 2569 3135 2631 εἷς
3208 2570 3372 2644 βάθος
3444 2569 3818 2643 ἀθροισθῆναι

401 2663 524 2716 tam
556 2661 792 2732 copiosa
822 2661 882 2716 in
909 2661 1028 2718 imo
1059 2661 1410 2717 oumuletur.
1445 2663 1644 2718 Multis
1674 2664 1829 2718 enim
1865 2670 1990 2734 part

2237 2657 2506 2729 ιθυμίασιν
2567 2658 2711 2712 οὕτω
2758 2656 2997 2727 πολλήν.
3034 2655 3429 2714 Πολλαπλασία
3472 2658 3577 2734 γὰρ
3608 2661 3646 2728 ἡ
3682 2661 3826 2715 κατᾶ

401 2748 513 2805 bus
544 2763 612 2805 ea
640 2750 883 2805 secretio
912 2753 970 2805 et
997 2749 1286 2805 exhalatio
1317 2767 1444 2821 qua:
1467 2768 1570 2823 per
1588 2756 1752 2806 terrae
1782 2750 1987 2807 latitud

2238 2747 2361 2806 άτος
2410 2748 2670 2821 γινομένη
2724 2753 2825 2816 τῆς
2871 2753 2975 2823 γῆς
3021 2743 3286 2822 διάκρισίς
3345 2768 3404 2801 τε
3454 2747 3546 2802 καὶ
3614 2748 3821 2803 ἀναθυ-

400 2852 535 2894 nem
568 2837 634 2893 ﬁt
662 2838 851 2909 major
880 2854 1008 2894 esse
1032 2838 1178 2895 solet
1207 2856 1385 2911 quam
1416 2856 1627 2911 eaquae
1661 2840 1732 2895 ah
1761 2840 1879 2895 imo
1902 2855 1989 2895 ex:

2233 2854 2342 2895 ισις
2404 2842 2506 2903 τῆς
2593 2835 2699 2889 ἀπὸ
2785 2835 2982 2910 βάθους
3063 2835 3301 2910 γίνεσθαι
3381 2834 3639 2914 πέφυκεν·
3702 2837 3822 2892 ἐπεὶ

401 2925 551 2983 stit:
607 2927 886 2999 quoniam
926 2927 1101 2983 etiam
1152 2927 1260 2995 sol,
1311 2928 1665 2984 exhalationi
1719 2930 1990 2984 secundu:

2235 2924 2243 2976 ἱ
2303 2925 2331 2977 6
2389 2922 2552 2992 ἥλιος
2616 2928 2684 2998 τῇ
2742 2924 2878 2979 κατὰ
2955 2922 3163 2987 πλάτος
3248 2924 3604 2998 ἀναθυμιάσει
3694 2927 3824 3005 φαί-

404 3013 778 3073 latitudinem
827 3017 1081 3073 maxime
1129 3018 1470 3088 adjumento
1519 3034 1648 3074 esse
1691 3018 1940 3086 videtur,
1971 3035 1993 3073 ε

2232 3033 2297 3067 ται
2355 3011 2562 3086 μάλισα
2608 3017 2897 3089 συνεργῶν,
2941 3011 3242 3088 θερμαίνων
3301 3013 3467 3090 μέχρι
3495 3013 3665 3070 τόσου
3717 3018 3821 3085 τήν

399 3107 625 3162 tantam
656 3105 937 3161 nimirum
970 3107 1313 3162 distantiam
1346 3112 1562 3163 terram
1595 3107 1961 3163 calefaciens.
2154 3108 2280 3175 γῆν.

473 3193 560 3250 13.
593 3193 992 3251 Nihilominus
1020 3195 1120 3251 ubi
1150 3200 1315 3251 terrae
1348 3200 1544 3251 motus
1584 3195 1769 3251 oritur
1797 3195 1898 3268 qui
1920 3195 2046 3269 pul-

2230 3192 2312 3266 ιγ’.
2342 3192 2515 3246 Ὅπου
2549 3189 2730 3264 μέντοι
2769 3191 2989 3267 γένηται
3039 3191 3068 3246 6
3117 3189 3519 3270 σφυγματώδης
3562 3193 3601 3262 ἢ
3664 3193 3819 3250 παλ-

399 3297 534 3339 sum
567 3287 670 3340 aut
700 3284 855 3341 ΞΜ
886 3282 1325 3357 palpitationem
1368 3284 1651 3349 imitatur,
1684 3284 1988 3340 saevissimi

2230 3277 2344 3349 ιδης
2420 3281 2660 3353 σεισμὸς,
2716 3279 3108 3355 χαλεπώτατός
3176 3280 3334 3337 ἐστιν.
3406 3281 3819 3358 Ἀναῤῥήγνυσι

403 3386 534 3428 esse
562 3370 731 3428 solet.
762 3372 1000 3429 Terram
1033 3373 1187 3428 enim
1221 3372 1495 3445 effringit,
1548 3378 1604 3428 et
1650 3374 1824 3428 urbes
1856 3374 1992 3445 regii

2231 3388 2255 3443 ρ
2312 3369 2409 3436 τήν
2469 3374 2595 3443 γῆν,
2630 3368 2719 3422 καὶ
2774 3367 2963 3431 πόλεις
3023 3368 3307 3446 ἀνατρέπει
3350 3370 3439 3425 καὶ
3469 3371 3691 3446 χώραςο
3727 3374 3820 3428 καὶ

397 3475 618 3531 nesque
646 3462 874 3530 evertit,
909 3466 967 3517 et
994 3461 1291 3517 interdum
1315 3462 1551 3525 quidem
1596 3461 1652 3515 vi
1684 3461 1857 3517 ﬂatus
1886 3462 1986 3517 hu:

2229 3457 2284 3511 τὲ
2318 3456 2412 3529 μὲν
2444 3451 2861 3531 ἀναϐράττονται
2894 3455 3041 3521 λίθοι
3070 3461 3138 3531 τῇ
3191 3456 3284 3533 βίᾳ
3335 3462 3431 3513 τοῦ
3489 3457 3818 3531 πνεύματος

402 3552 570 3605 ωτι-ω
603 3554 831 3605 motum
877 3550 1232 3622 perficientis
1281 3550 1505 3622 lapides
1559 3551 1942 3606 effervescunt
1989 3577 1991 3597 ι

2227 3550 2247 3599 3
2276 3546 2366 3599 τὸν
2397 3549 2644 3600 τοιοῦτον
2697 3543 3041 3622 ἐκτελοῦντος
3089 3547 3330 3620 σεισμὸν,
3365 3546 3570 3603 ἄλλοτε
3599 3545 3647 3601 δ’
3685 3547 3816 3604 ὑδά-

405 3620 1039 3705 ebulliunt,aliasvvero
1058 3620 1541 3712 aquarum—cOpia
1569 3640 1814 3694 scaturit
1842 3645 1898 3694 et
1913 3657 1994 3695 ert

2230 3654 2245 3695 :
2291 3633 2508 3703 πληθὺς
2552 3632 2793 3710 ἆναρῥεῖ,
2843 3620 3117 3707 ποτῖμὶν
3169 3638 3421 3711 ψυχρῶν,
3471 3635 3562 3690 ὁτὲ
3616 3633 3677 3691 δὲ
3726 3637 3819 3692 καὶ

401 3729 541 3793 ctat,
572 3726 745 3782 modo
787 3727 1155 3800 frigidarum,
1204 3729 1377 3784 modo
1424 3728 1769 3785 calidarum.
1818 3729 1990 3802 Quip;

2225 3728 2387 3795 υμῶν.
2424 3723 2630 3778 Γίνεται
2690 3723 2794 3799 γὰρ
2849 3725 2911 3778 τὸ
2966 3728 3181 3797 πνεῦμα
3235 3725 3325 3779 καὶ
3382 3729 3460 3796 τῷ
3491 3721 3649 3779 ὕδατι
3710 3733 3814 3795 τῆς

401 3812 578 3870 ﬂatus
607 3831 770 3886 aquae
802 3816 977 3871 etiam
1011 3822 1076 3871 ut
1105 3821 1406 3873 moveatur
1435 3834 1613 3873 causa
1639 3819 1990 3882 est.Quemai

2230 3815 2417 3883 νήσεως
2448 3810 2639 3868 αἷίτιον.
2671 3818 2756 3873 Ὡς
2805 3811 2905 3887 γὰρ
2965 3813 3155 3885 ἄνεμοι
3226 3811 3540 3888 βιαζόμενοι
3600 3819 3819 3869 κινοῦσι

409 3902 651 3959 modum
685 3903 843 3959 enim
876 3905 1029 3959 venti
1063 3905 1135 3959 ob
1164 3906 1283 3961 vim
1319 3906 1466 3978 ipsis
1516 3904 1678 3961 illata
1735 3907 1952 3962 ﬂuctus
1983 3907 1998 3961 i

2272 3900 2488 3972 κύματα
2546 3899 2899 3973 ἐξεπιπολῆς,
2961 3900 3105 3955 οὕτω
3169 3899 3443 3963 πολλάκις
3519 3902 3619 3956 κᾶν
3700 3909 3819 3965 τοῖς

400 3990 709 4062 superﬁcie
740 3997 967 4047 movent
997 3993 1112 4047 :sic
1133 3993 1307 4049 etiam
1336 4010 1486 4064 saepe
1516 3994 1575 4048 in
1601 3998 1765 4049 terrae
1788 3995 1989 4049 motibi

2231 3995 2397 4058 σμοῖς
2462 3989 2783 4065 βιαζόμενον
2832 3990 2896 4044 τὸ
2925 3988 3159 4044 κάτωθεν
3220 3994 3430 4063 πνεῦμα
3483 3986 3710 4046 δύναται
3759 3994 3820 4047 τὸ

398 4078 691 4135 ventusin
722 4084 878 4135 terra
902 4097 1036 4136 cum
1070 4081 1183 4153 ipsi
1231 4083 1315 4136 vis
1365 4083 1621 4147 aﬂ'ertur,
1664 4100 1878 4154 aquam
1911 4084 1987 4138 su‘

2230 4079 2257 4131 ὸ
2315 4084 2416 4153 γῆν
2473 4075 2618 4153 ὕδωρ
2674 4082 2857 4132 κινεῖν.
2912 4080 2975 4131 Ὃ
3034 4075 3100 4148 δή
3132 4099 3265 4135 ποτε
3293 4080 3381 4133 καὶ
3411 4080 3614 4155 θερμὸν
3675 4080 3819 4155 γίνε-

402 4171 735 4224 terraneam
762 4184 992 4223 movere
1007 4171 1356 4240 potesLQute
1379 4187 1518 4225 sane
1536 4170 1991 4241 aliquandoetiai

2226 4188 2260 4237 ι,
2293 4166 2328 4235 ἢ
2363 4163 2452 4222 διὰ
2479 4168 2578 4235 τὴν
2619 4163 2840 4235 πολλὴν
2899 4165 3217 4242 θερμότητα
3271 4166 3474 4237 ταύτης
3529 4174 3638 4238 τῆς
3688 4173 3814 4244 γῆς,

394 4254 590 4312 calida
621 4255 683 4311 fit
712 4254 799 4311 vel
819 4261 1053 4328 propter
1074 4257 1368 4329 ingentem
1395 4258 1573 4331 hujus
1606 4264 1773 4314 terra»
1792 4260 1980 4314 calore

2224 4275 2274 4307 εν
2332 4255 2421 4308 καὶ
2468 4255 2530 4308 τὸ
2587 4253 2801 4323 πλῆθος
2850 4258 2960 4308 τῶν
3024 4256 3237 4330 θερμῶν
3290 4255 3730 4329 ἀναθυμιάσεων·
3780 4260 3813 4326 ἢ

402 4344 558 4401 unde
579 4344 756 4401 etiam
788 4345 1109 4401 calidarum
1139 4346 1577 4402 exhalationum
1602 4348 1768 4419 copia
1797 4348 1991 4403 exsisti

2227 4342 2243 4396 ὶ
2304 4339 2393 4396 διὰ
2445 4344 2544 4412 τὴν
2605 4343 2967 4418 στενοχωρίαν
3022 4343 3112 4397 καὶ
3174 4343 3290 4418 βίαν
3340 4347 3437 4398 τοῦ
3474 4343 3812 4417 πνεύματος.

400 4432 490 4489 vel
540 4438 777 4507 propter
818 4433 928 4490 loci
976 4437 1310 4507 angustiam
1358 4441 1415 4491 et
1460 4436 1797 4491 violentiam
1848 4437 1987 4491 ﬂatu

2226 4432 2361 4485 υίοτε
2398 4431 2499 4507 γὰρ
2555 4432 2645 4485 καὶ
2701 4435 2809 4507 πῦρ
2851 4430 3138 4507 ἀνεῤῥάγη,
3196 4432 3287 4486 καὶ
3344 4429 3535 4494 πόλεις
3593 4431 3815 4496 πολλὰς

404 4521 842 4596 Nonnunquam
873 4522 1030 4579 enim
1062 4523 1236 4579 etiam
1268 4524 1707 4597 igniserupit,et
1737 4524 1993 4580 multasc

2224 4519 2544 4597 τετὲφρωσε.
2578 4520 2675 4573 Διὰ
2731 4520 2831 4595 γὰρ
2889 4521 2988 4589 τήν
3044 4520 3411 4596 στενοχωρίαν
3471 4520 3537 4576 τὸ
3598 4526 3813 4597 πνεῦμα

401 4611 611 4668 vitates
641 4611 701 4667 in
732 4611 986 4668 cinerem
1021 4613 1378 4685 redegit.Per
1398 4613 1730 4685 angustiam
1759 4614 1912 4668 enim
1936 4613 1989 4669 lo

2222 4608 2353 4669 αίως
2397 4608 2713 4681 κινούμενον
2749 4606 3125 4680 διασπώμενόν
3183 4630 3240 4663 τε
3294 4610 3385 4664 καὶ
3441 4607 3811 4686 διακοπτόμε-

402 4702 545 4756 dum
580 4701 825 4773 spiritus
855 4702 1137 4758 violenter
1168 4707 1452 4769 movetur,
1486 4708 1543 4757 et
1589 4702 1955 4769 distrahitur,

2220 4722 2244 4751 ν
2305 4697 2393 4752 καὶ
2454 4698 2529 4760 εἷς
2593 4697 2759 4771 μικρὰ
2831 4694 3368 4773 καταδιαιρούμενον,
3429 4696 3808 4776 ἑκπιμπρᾶται

398 4787 792 4857 interciditur,
822 4790 1001 4862 inque
1054 4790 1293 4863 exiguas
1341 4796 1534 4862 partes
1571 4790 1869 4857 dividitur,
1918 4791 1987 4863 ip:

2226 4786 2241 4840 ἱ
2300 4786 2502 4862 γίνεται
2559 4784 2715 4863 φλόξ.
2775 4783 2940 4841 Οὐδὲν
2989 4787 3092 4861 γὰρ
3156 4785 3298 4842 ἄλλο
3375 4787 3517 4843 ἐστὶν
3573 4792 3611 4858 ἡ
3673 4787 3811 4868 φλὸξ

401 4877 576 4934 etiam
611 4878 948 4934 incenditur
977 4883 1033 4933 et
1064 4878 1305 4933 ﬂamma
1333 4880 1603 4934 efﬁcitur.
1657 4879 1856 4950 Neque
1885 4878 1990 4934 enin

2245 4879 2460 4948 πνεῦμα
2541 4876 2674 4948 μετᾶ
2748 4875 2941 4949 πυρὸς,
3026 4876 3271 4930 τουτέστι
3349 4880 3567 4951 πνεῦμα
3649 4876 3811 4936 ἔκπυ-

398 4964 641 5022 ﬂamma
669 4967 808 5038 quid
841 4972 931 5023 est
946 4966 1105 5022 aliud
1135 4984 1311 5039 quam
1344 4967 1519 5023 ﬂatus
1568 4983 1701 5022 cum
1742 4967 1865 5040 igni
1904 4984 2042 5023 con-
2154 4963 2343 5041 ρωθὲν.

393 5054 661 5127 junctus,
693 5054 803 5111 hoc
835 5059 924 5112 est
953 5055 1127 5111 ﬂatus
1159 5056 1458 5112 incensus.

471 5142 558 5197 14.
592 5142 891 5199 Interdum
922 5143 1101 5216 igitur
1133 5145 1404 5200 deorsum
1435 5148 1492 5199 et
1519 5143 1674 5199 intra
1693 5148 1909 5199 terram
1940 5145 2042 5199 ﬂa-

2229 5139 2311 5198 ιδ’.
2344 5142 2461 5196 Ὁτὲ
2523 5142 2616 5214 μὲν
2678 5139 2768 5196 οὖν
2823 5142 2976 5197 κάτω
3033 5139 3121 5197 καί
3176 5150 3278 5212 τῆς
3334 5150 3440 5219 γῆς
3467 5142 3811 5215 ἐντὸςὴτοῦ

400 5233 498 5286 tus
527 5234 695 5286 terras
729 5236 953 5287 motum
985 5234 1132 5289 207
1171 5233 1478 5289 efﬁcientis
1508 5233 1573 5287 ﬁt
1602 5233 1889 5288 concretio
1922 5249 1934 5286 :
1961 5232 1989 5286 i;

2226 5229 2458 5303 εὖματος
2486 5234 2583 5285 τοῦ
2610 5234 2902 5291 ποιοῦντος
2946 5231 3038 5284 τὸν
3075 5232 3294 5304 σεισμὸν
3352 5231 3560 5307 γίνεται
3617 5234 3812 5290 σύστα-

399 5320 634 5375 terdum
668 5336 908 5375 sursum
943 5338 1007 5376 ac
1038 5339 1217 5393 supra
1246 5327 1458 5377 terram
1492 5327 1701 5377 ventus
1733 5321 1946 5394 aliquis
1977 5339 1988 5375 ε

2222 5336 2256 5380 ς·
2318 5319 2407 5373 ὁτὲ
2464 5315 2511 5373 δ’
2569 5318 2680 5373 ἄνω
2737 5318 2825 5374 καὶ
2882 5319 3015 5396 ὑπὲρ
3079 5322 3180 5394 γῆν
3252 5320 3453 5394 ἄνεμος
3499 5325 3611 5377 τῶν
3670 5322 3811 5378 ὠνο-

401 5407 477 5463 iis
502 5407 719 5480 quibus
750 5424 960 5464 nomen
995 5409 1345 5465 attributum
1376 5416 1485 5477 est,
1537 5409 1745 5483 plenus
1776 5418 1831 5464 et
1862 5412 1990 5481 pert

2219 5406 2446 5481 ισμὲνων
2505 5407 2870 5484 ἀπαρτισθεὶς,
2924 5407 3038 5462 εἶτα
3099 5406 3393 5483 συῤῥεύσας
3464 5407 3595 5473 ὅλος
3658 5408 3808 5467 ἔνδον

400 5499 531 5552 ctus
563 5513 627 5551 ac
660 5496 873 5551 deinde
900 5501 1061 5551 totus
1091 5498 1242 5552 intra
1266 5503 1430 5552 terrae
1466 5500 1689 5553 viscera
1719 5504 1983 5569 corrupto

2220 5500 2252 5557 ’ς
2282 5503 2407 5571 γῆς,
2439 5495 2725 5570 εἰργάσατο
2785 5496 3002 5568 σεισμὸν
3066 5495 3443 5571 ἰσχυρότατον.
3475 5499 3604 5561 Οἷος
3665 5498 3809 5556 ἱστο-

396 5584 828 5641 validissimum
861 5588 1026 5639 terra;
1059 5589 1283 5639 motum
1343 5586 1531 5640 offecit
1554 5588 1594 5640 τ.
1629 5585 1828 5651 Qualis
1868 5586 1983 5641 etia

2220 5590 2326 5639 ἶται
2385 5584 2473 5638 καὶ
2532 5584 2655 5657 περὶ
2711 5584 2807 5651 τὴν
2865 5582 3095 5659 Ἀχαίαν
3169 5584 3474 5659 γενόμενος·
3534 5586 3653 5651 ὅθεν
3716 5589 3805 5642 καὶ

469 5714 489 5747 ⁷
520 5729 560 5770 ιι
593 5712 831 5768 Meteor.
866 5708 1007 5780 c.'u7.
