4024 6454
198 385 363 448 M77

1547 391 1896 458 EPITOME
1937 397 2294 461 PHYSICA.

3452 391 3608 453 H78

192 517 255 573 αἱ
288 514 720 591 παραθαλάσσιαι
750 515 939 580 πόλεις
977 519 1188 597 nausea
1242 541 1299 576 τε
1345 520 1434 577 καῖ
1490 521 1679 596 Ἑλίκη
1724 547 1833 582 κατε

1966 531 2118 586 circa
2146 531 2424 587 Achaiam
2457 531 2646 587 factus
2675 545 2806 587 esse
2832 528 2891 585 in
2905 525 3166 584 historiis
3188 542 3608 584 commemora-

194 605 498 684 εῤῥίφησαν
534 609 674 680 ὁμοῦ
702 629 760 663 τε
787 609 876 663 καὶ
928 611 1030 664 ὑπὸ
1077 618 1176 680 τῆς
1227 610 1423 689 ἐφόδου
1464 619 1560 668 τοῦ
1608 615 1848 688 κύματος

196 695 629 765 ἐπεκλύσθησαν.
675 697 819 768 ’Έξω
872 698 965 769 μὲν
1016 700 1118 774 γὰρ
1169 696 1314 756 ἔπνει
1361 703 1515 765 νότος
1556 705 1583 758 ὁ
1612 707 1710 772 τήν
1757 707 1848 759 θά-

199 784 407 840 λασσαν
475 785 728 840 ἀπωθῶν·
785 783 908 850 ἔνθα
976 785 1032 842 δὲ
1094 788 1310 864 γέγονεν
1360 792 1387 845 ὁ
1438 794 1677 867 σεισμὸς,
1727 796 1848 849 άντ-

197 875 426 928 ἑπνευσε
479 874 699 950 βοῤῥᾶς,
733 876 791 937 ὃς
843 875 893 946 ἐξ
944 876 1178 939 ἐναντίας
1224 884 1303 951 τῷ
1348 881 1490 954 νότῳ
1530 882 1847 960 φερόμενος,

195 963 417 1018 ἀπῶσαι
454 965 546 1037 μὲν
601 963 676 1020 εἷς
726 963 969 1020 τούπίσω
1015 968 1112 1034 τὴν
1165 967 1430 1031 θάλασσαν
1481 970 1543 1024 οὐ
1591 969 1847 1042 δεδύνητο

196 1049 295 1106 διὰ
341 1052 432 1106 τὸν
493 1055 848 1129 προωθοῦντα
901 1054 1100 1126 ταύτην
1165 1054 1379 1130 ἄνιμον·
1428 1057 1726 1132 ἐμποδίσας
1793 1059 1850 1117 δὲ

191 1139 289 1194 καὶ
356 1142 556 1210 στήσας
616 1141 815 1211 ταύτης
883 1144 979 1211 τὴν
1048 1144 1305 1219 πρόοδον,
1375 1146 1625 1217 ἐποίησεν
1707 1151 1846 1222 ὁμοῦ

193 1228 420 1297 πολλὴν
471 1229 818 1303 ἀθροισθῆναι
866 1233 964 1300 τῆν
1017 1233 1305 1296 θάλασσαν.
1339 1231 1468 1290 Τότε
1519 1235 1564 1291 δ’
1593 1239 1844 1308 ἡττηθεὶς

194 1317 302 1372 ὑπὸ
351 1323 446 1372 τοῦ
489 1317 740 1389 πλήθους
784 1327 884 1390 τῆς
934 1321 1226 1396 θαλάσσης,
1260 1324 1456 1399 ἁθρόας
1496 1327 1846 1402 ἐπιχυθείσης

189 1405 364 1475 αὐτῆς
434 1404 523 1461 διὰ
571 1413 668 1463 τοῦ
735 1410 958 1465 κατόπιν
1025 1412 1294 1476 ὠθοῦντος
1357 1415 1686 1487 πνεύματος,
1733 1418 1844 1489 ἅμα

344 1501 440 1550 τοῦ
483 1497 868 1571 κατακλυσμοῦ
915 1500 1028 1573 ἅμα
1073 1498 1130 1555 δὲ
1169 1507 1267 1556 τοῦ
1334 1509 1557 1575 σεισμοῦ
1624 1507 1840 1582 γὲγονεν

191 1578 392 1646 αἷίτιος
446 1589 544 1639 τοῦ
596 1586 690 1658 μὲν
741 1583 829 1640 διὰ
873 1587 936 1642 τὸ
997 1596 1187 1658 στῆσαι
1256 1592 1355 1659 τὴν
1423 1578 1710 1647 θάλασσαν*
1750 1594 1840 1648 καὶ

187 1679 420 1741 ποιῆσαι
471 1674 638 1743 αὐτὴν
699 1674 1051 1751 ἀθροισθῆναι
1119 1677 1338 1748 πολλὴν
1389 1680 1462 1742 εἷς
1510 1682 1692 1736 ταυτό⁹
1744 1687 1840 1737 τοῦ

190 1765 426 1834 σεισμοῦ
467 1759 544 1831 δὲ,
578 1760 667 1817 διὰ
710 1765 773 1818 τὸ
816 1764 1114 1836 ἡττηθέντα
1162 1773 1352 1823 τοῦτον
1401 1769 1504 1824 ὑπὸ
1550 1775 1645 1825 τοῦ
1691 1771 1837 1842 πλή-

190 1852 321 1912 θους
380 1857 482 1920 τῆς
537 1850 832 1922 θαλάσσης,
885 1853 1072 1930 ῥυέντα
1129 1858 1264 1911 κατᾶ
1318 1861 1416 1927 τῆς
1461 1865 1566 1933 γῆς
1622 1867 1836 1929 κινῆσαι

189 1937 360 2009 αὐτήν
371 1981 385 1994 .
1521 2002 1530 2010 .

270 2028 347 2081 ιε’.
380 2029 499 2082 Ἔτι
557 2033 662 2084 τῶν
711 2035 947 2102 σεισμῶν
994 2032 1122 2095 τοὺς
1169 2036 1262 2107 μὲν
1311 2056 1466 2112 φασιν
1527 2034 1835 2100 ἐπικλίντας

190 2113 388 2178 ο⁹ίτινες
443 2116 748 2193 ἐς’πλάγια
795 2119 997 2179 σείουσι
1045 2124 1159 2176 κατ’
1209 2122 1379 2196 ὀξείας
1437 2125 1659 2200 γωνίας,
1706 2125 1833 2188 τοὺς

190 2201 250 2258 δὲ
306 2206 558 2280 βράστας,
611 2207 664 2260 οἳ
709 2209 826 2262 κατ’
874 2209 1036 2284 ὀρθὰς
1095 2212 1296 2285 γωνίας
1362 2215 1472 2268 ἅνω
1536 2215 1626 2268 καὶ
1689 2215 1836 2270 κάτω

192 2292 465 2369 ῥιπτοῦσι’
539 2293 668 2358 τοὺς
755 2293 813 2350 δὲ
889 2298 1219 2374 χασματίας,
1285 2300 1337 2356 ο“ί
1402 2324 1465 2377 γε
1530 2306 1835 2374 συνιζήσεις

189 2386 443 2438 ποιοῦσιν
497 2383 574 2446 εἷς
620 2387 687 2440 τὰ
731 2383 916 2442 κοῖλα’
944 2389 1072 2451 τοὺς
1123 2386 1181 2444 δὲ
1229 2389 1451 2466 ῥήκτας,
1493 2390 1648 2468 οθίπερ
1689 2393 1835 2448 ἀνοί-

189 2492 343 2548 γουσι
413 2473 670 2548 χάσματα
733 2475 821 2529 καὶ
889 2483 990 2552 γῆν
1054 2477 1500 2554 ἀναῤῥηγνύουσι³
1572 2481 1702 2544 τοὺς
1780 2480 1837 2537 δὲ

193 2559 388 2622 ὥσταςο
441 2561 590 2616 οῦτοι
659 2560 716 2617 δὲ
779 2566 913 2619 κατά
981 2566 1104 2638 μίαν
1157 2567 1398 2644 πρὸωσιν
1458 2569 1832 2646 ἀνατρέπουσι·

191 2648 318 2711 τοὺς
371 2647 428 2704 δὲ
473 2649 809 2725 παλματίας,
859 2654 934 2716 ὡς
996 2654 1510 2720 ἀνταποπάλλοντας
1572 2660 1661 2713 καὶ
1717 2665 1836 2720 ταῖς

197 2738 274 2800 εἲς
370 2738 616 2814 ἑκάτερον
712 2740 978 2817 ἐγκλίσεσι
1069 2745 1159 2799 καὶ
1250 2746 1576 2804 ἀναπάλσεσι
1687 2746 1834 2824 διορ-

197 2831 420 2890 θοῦντας
488 2826 568 2884 ἀεῖ
637 2829 696 2882 τὸ
762 2830 1060 2903 σειόμενον.
1136 2834 1379 2890 Γίνονται
1438 2834 1496 2890 δὲ
1567 2839 1656 2890 καὶ
1736 2859 1834 2908 μυ-

195 2914 379 2984 κητίαι
415 2917 627 2990 σεισμοὶ
657 2917 890 2982 σείοντες
918 2922 1018 2990 τῆν
1050 2929 1150 2997 γῆν
1188 2924 1321 2995 μετᾶ
1355 2925 1585 3000 βρόμου.

1962 625 2092 675 tur:
2125 622 2276 676 unde
2291 623 2464 676 etiam
2497 621 2804 676 maritimae
2834 619 3096 675 civitates
3120 621 3301 674 Burra
3325 623 3382 674 et
3411 616 3604 673 Helice

1961 709 2139 764 simul
2170 716 2225 765 et
2256 715 2553 782 prostrata;
2585 714 2642 764 et
2671 711 2742 764 ab
2773 708 3095 780 irruptione
3127 706 3408 762 ﬂuctuum
3455 707 3600 762 sub-

1962 816 2162 855 mersae
2194 801 2602 854 sunt.Externe
2633 798 2788 854 enim
2808 803 3004 853 auster
3025 797 3287 868 spirabat
3318 797 3417 868 qui
3437 811 3596 850 mare

1960 887 2355 959 prepellebat:
2395 890 2490 944 ubi
2518 893 2712 944 autem
2742 894 2910 945 terrae
2960 890 3154 940 motus
3208 885 3336 956 fuit,
3393 902 3465 941 ex
3493 885 3596 940 ad-

1957 993 2121 1032 verso
2149 978 2353 1033 boreas
2384 979 2642 1050 spiravit,
2677 977 2854 1049 quiex
2884 976 3177 1032 contraria
3203 979 3365 1048 parte
3396 978 3596 1030 austro

1959 1082 2135 1121 ruens
2167 1083 2325 1121 mare
2357 1071 2676 1122 retrorsum
2701 1065 2988 1138 depellere
3005 1082 3119 1119 non
3151 1063 3340 1136 potuit
3362 1067 3599 1135 propter

1957 1161 2223 1210 austrum
2258 1173 2291 1210 a
2322 1173 2436 1226 quo
2459 1155 2866 1226 impellebatur
2897 1171 2910 1208 :
2945 1154 3042 1209 sed
3067 1153 3257 1225 ipsius
3283 1168 3593 1224 progressu

1957 1244 2236 1313 impedito
2267 1249 2321 1298 et
2351 1261 2614 1316 represso
2641 1245 2831 1298 effecit
2861 1247 2926 1298 ut
2955 1244 3162 1315 ingens
3192 1241 3276 1296 vis
3308 1241 3488 1296 maris
3533 1240 3593 1295 in

1957 1350 2136 1388 unum
2173 1336 2649 1405 cogeretur.Tum
2682 1350 2812 1388 vero
2827 1333 3038 1404 acopia
3053 1331 3231 1386 maris
3253 1336 3590 1402 superatus,

1954 1419 2081 1490 ipso
2111 1428 2346 1494 propter
2375 1423 2578 1477 ﬂatum
2611 1439 2644 1476 a
2671 1427 2832 1493 tergo
2861 1419 3253 1492 impellentem
3285 1419 3590 1474 confertim

1951 1508 2167 1578 infuso,
2200 1510 2377 1564 simul
2409 1515 2466 1564 et
2488 1509 2890 1564 inundationis
2919 1514 2975 1564 et
3005 1514 3170 1564 terra:
3194 1512 3389 1564 motus
3415 1524 3594 1564 causa

1952 1599 2094 1665 fuit;
2124 1599 2283 1654 illius
2313 1599 2546 1670 quidem
2581 1603 2883 1671 propterea
2905 1598 3058 1670 quod
3085 1614 3244 1653 mare
3279 1596 3590 1670 repressis-

1949 1693 2060 1754 set,
2092 1687 2492 1760 eﬂ‘ecissetque
2524 1692 2588 1742 ut
2618 1704 2830 1760 magna
2858 1687 3045 1759 ipsius
3092 1687 3258 1760 copia
3287 1688 3348 1742 in
3405 1702 3590 1742 unum

1949 1775 2376 1832 cumularetur:
2411 1781 2574 1831 terrae
2606 1780 2800 1831 motus
2831 1775 3196 1847 autem,quia
3223 1775 3276 1829 vi
3309 1775 3490 1830 maris
3511 1774 3590 1828 vi-

1865 1907 1915 1971 Β
1948 1869 2077 1921 ctus
2106 1871 2164 1921 et
2195 1866 2472 1921 adversus
2505 1873 2713 1920 terram
2746 1865 2934 1920 ﬂuens
2965 1881 3092 1920 eam
3123 1865 3586 1920 commovisset“.

2022 2045 2108 2098 15.
2142 2043 2427 2099 Caeterum
2457 2048 2622 2098 terrae
2660 2047 2930 2098 motuum
2962 2042 3270 2114 epiclintas
3325 2042 3494 2113 quasi
3525 2043 3585 2099 in

1944 2135 2341 2188 transversum
2403 2149 2464 2187 se
2520 2135 2758 2204 agenter
2812 2131 2965 2188 208
2995 2134 3201 2186 vocant
3230 2147 3348 2197 eos,
3383 2131 3482 2203 qui
3515 2131 3586 2186 ad

1947 2220 2194 2292 angulos
2224 2225 2428 2275 acutos
2457 2220 2514 2273 in
2532 2218 2838 2290 obliquum
2864 2219 3136 2290 quatiunt
3161 2218 3336 2286 ;alios
3358 2218 3587 2276 brastas

1946 2325 1980 2362 a
2011 2307 2395 2364 similitudine
2447 2325 2610 2379 aqua:
2640 2307 3087 2375 effervescentis,
3112 2307 3213 2378 qui
3246 2307 3317 2361 ad
3339 2305 3586 2378 angulos

1946 2401 2133 2453 rectos
2164 2413 2400 2451 sursum
2432 2400 2488 2451 et
2519 2398 2789 2452 deorsum
2838 2395 3107 2462 vibrant;
3141 2395 3286 2450 alios
3316 2393 3584 2451 chasma-

1944 2485 2078 2554 tias,
2113 2485 2282 2557 quasi
2314 2485 2472 2540 dicas
2501 2485 2832 2540 hiabundos
2863 2484 3140 2550 abhiatu;
3174 2482 3318 2539 alios
3332 2485 3583 2551 rhectas,

1946 2574 2112 2644 quasi
2145 2574 2495 2644 eﬂ'ractores,
2529 2574 2628 2645 qui
2678 2574 2874 2628 hiatus
2930 2573 3219 2644 aperiunt,
3253 2578 3309 2628 et
3364 2577 3581 2629 terram

1945 2663 2297 2735 eti'ringunt;
2332 2662 2477 2718 alios
2509 2669 2686 2732 ostas,
2719 2663 2886 2733 quasi
2919 2662 3080 2717 dicas
3138 2667 3422 2728 trusores,
3479 2663 3580 2734 qui

1947 2766 2062 2805 uno
2093 2750 2308 2805 obnixu
2360 2752 2702 2806 subvertunt
2763 2752 2917 2822 quod
2977 2751 3382 2821 impulerunt;
3437 2752 3582 2807 alios

1947 2837 2277 2910 palmatias,
2309 2839 2476 2907 quasi
2507 2840 2667 2894 dicas
2695 2838 3146 2910 vibratores,qui
3177 2839 3580 2910 quassabundi

1943 2933 2002 2983 et
2023 2933 2272 2998 utroque
2303 2927 2661 2983 declinantes
2693 2928 3103 2999 vibrantesque
3131 2929 3285 2999 quod
3318 2927 3576 2982 concuti-

190 3008 288 3060 tur
305 3007 346 3072 ”,
381 3023 612 3079 semper
641 3009 892 3082 erigunt.
927 3011 1103 3067 Fiunt
1149 3014 1326 3069 etiam
1379 3015 1636 3088 mycetiee
1668 3017 1837 3088 quasi
1869 3018 2200 3089 mugientes
2249 3021 2414 3072 terra;
2463 3021 2684 3084 motus,
2714 3017 2813 3088 qui
2851 3020 3067 3072 terram
3099 3015 3324 3088 mugitu
3375 3021 3432 3071 et
3471 3016 3581 3071 fre-

189 3094 338 3150 mitu
370 3097 661 3167 quatiunt.

261 3188 343 3245 ις’.
377 3181 656 3248 Πολλάκις
704 3183 761 3241 δὲ
805 3187 980 3263 χωρὶς
1046 3194 1271 3263 σεισμοῦ
1328 3191 1573 3254 τοιοῦτός
1616 3213 1700 3254 τις
1750 3192 1830 3267 γί-
1861 3197 1902 3263 C

185 3289 330 3324 νεται
372 3271 566 3350 ψόφος,
621 3272 710 3329 ὅτε
758 3272 1017 3344 δηλονότι
1064 3279 1126 3332 τὸ
1174 3283 1386 3352 πνεῦμα
1432 3279 1689 3357 τυγχάνει
1735 3282 1829 3336 λε-

187 3361 636 3437 πτομερέστερον·
671 3363 747 3425 ὡς
794 3363 846 3418 ἐν
891 3370 970 3437 τῷ
1015 3364 1275 3436 πλήττειν
1322 3369 1422 3436 τήν
1464 3375 1588 3443 γῆν,
1621 3367 1826 3438 διηθεῖ-

187 3459 304 3511 σθαι
373 3446 442 3502 δι⁷
491 3449 657 3520 αὐτῆς
715 3453 803 3506 καὶ
873 3454 947 3526 μή
1023 3455 1180 3527 μένον
1244 3455 1387 3518 ἐντὸς
1463 3459 1826 3535 στενοχωρίαν

185 3542 359 3592 ποιεῖν
393 3539 799 3614 ἀθροιζόμενον.
843 3543 940 3596 Διά
981 3543 1075 3615 μὲν
1124 3542 1214 3599 οὖν
1262 3546 1324 3600 τὸ
1374 3543 1573 3621 ῥᾳδίως
1623 3545 1826 3619 διηθεῖ-

187 3626 302 3679 σθαι
362 3624 451 3681 διὰ
506 3631 603 3696 τῆς
634 3637 737 3703 γῆς
789 3630 849 3685 οὗ
910 3637 1067 3687 κινεῖ·
1129 3630 1218 3687 διὰ
1266 3631 1322 3688 δὲ
1366 3635 1428 3689 τὸ
1469 3637 1828 3712 προσπίπτειν

184 3718 300 3775 τοῖς
341 3722 441 3784 τῆς
502 3719 605 3791 γῆς
674 3715 882 3792 ὄγκοις,
930 3719 1144 3782 κοίλοις
1191 3743 1249 3776 τε
1297 3721 1414 3777 οῦσι
1477 3724 1564 3778 καὶ
1632 3747 1825 3781 παντο-

187 3798 326 3857 δαπὰ
427 3807 691 3880 σχήματα
771 3803 982 3884 ἔχουσι,
1060 3807 1403 3865 παντοδαπὸν
1493 3819 1642 3868 ποιεῖ
1726 3814 1824 3888 ψό-

187 3911 303 3968 φον,
339 3891 414 3954 ὡς
447 3890 622 3948 δοκεῖν
656 3893 826 3950 ἐνίοτε
855 3899 967 3951 οἷον
1007 3901 1269 3972 μυκᾶσθαι
1299 3901 1398 3968 τὴν
1431 3909 1558 3975 γῆν.

306 3981 316 3998 ν
387 3988 400 4007 ,
501 3983 510 4000 ρ
739 3981 778 4000 m
903 3991 926 4002 ν
1053 3987 1067 4006 ν
1212 3987 1220 4004 ι

254 3985 335 4048 ιζ.
402 3979 680 4059 Δναλογον
735 3999 792 4038 οε
837 4007 953 4048 τοις
1025 4008 1337 4062 ειρημενοις
1383 3990 1676 4063 συμπίπτει
1734 3993 1822 4047 καὶ

207 4090 232 4120 ν
313 4067 572 4144 θαλάσσῃ.
635 4072 895 4145 Χάσματά
966 4096 1024 4128 τε
1102 4077 1205 4151 γὰρ
1279 4077 1478 4152 γίνεται
1550 4079 1822 4150 θαλάσσης

181 4156 265 4210 καὶ
317 4158 729 4234 ἀναχωρήματα
776 4159 1046 4224 πολλάκις
1093 4165 1180 4218 καὶ
1217 4165 1473 4238 κυμάτων
1507 4166 1818 4245 ἐπιδρομαί·

177 4245 308 4300 ποτὲ
358 4247 451 4318 μὲν
515 4248 886 4318 ἀντανακοπὴν
966 4249 1208 4327 ἔχουσαν
1268 4256 1401 4310 ποτὶ
1467 4254 1525 4311 δὲ
1579 4257 1818 4331 πρόωσιν

182 4333 362 4406 μόνον.
397 4334 676 4400 Πολλάκις
721 4336 780 4392 δὲ
823 4337 913 4394 καὶ
961 4339 1356 4416 ἀναφυσήματα
1400 4345 1601 4420 γίνεται
1650 4349 1818 4420 πυρὸς

174 4422 548 4508 τῇᾼθαλάσσῃ,
593 4427 680 4480 καὶ
750 4431 942 4502 πηγῶν
1012 4425 1332 4494 ἀναϐλύσεις
1400 4433 1490 4487 καὶ
1556 4439 1818 4508 ποταμῶν

179 4504 399 4567 ἐκϐολαὶ
461 4512 582 4589 ῥοαί
636 4535 695 4569 τε
747 4517 839 4570 καὶ
906 4514 1067 4572 δῖναι·
1127 4520 1259 4574 ποτὶ
1337 4522 1430 4594 μὲν
1503 4521 1554 4577 ἐν
1635 4504 1820 4596 μέσοις

178 4598 453 4678 πελάγεσι,
488 4601 621 4658 ποτὶ
665 4601 722 4658 δὲ
767 4605 902 4661 κατὰ
946 4606 1072 4668 τοὺς
1122 4608 1376 4685 εὐρίπους
1421 4632 1479 4664 τε
1525 4611 1614 4666 καὶ
1653 4615 1818 4688 πορθ-

181 4686 334 4760 μούς.
396 4687 608 4746 Πολλαί
663 4712 723 4747 τε
779 4692 1092 4766 ἀμπώτιδες
1159 4697 1247 4752 καὶ
1322 4698 1576 4771 κυμάτων
1645 4686 1821 4778 ἄρσεις

177 4775 308 4865 κατά
353 4798 504 4841 τινας
559 4779 897 4854 ὡρισμένους
942 4784 1163 4860 καιροὺς
1217 4790 1286 4860 τῇ
1353 4785 1555 4863 σελήνῃ
1614 4775 1817 4865 συμπε-

178 4861 501 4940 ριοδεύουσι⁶
554 4868 669 4924 ἐπεὶ
718 4867 1164 4944 συμμεταϐάλλει
1214 4874 1346 4945 αὕτη
1398 4878 1486 4930 καὶ
1525 4861 1814 4954 κατὰτγῆν

175 4951 261 5006 καὶ
327 4957 462 5010 κατὰ
528 4957 627 5012 θάλ
886 4960 901 4982 ‘
1472 4971 1500 4980 ”
1727 4951 1776 4983 ’“’

213 5037 227 5042 μ
636 4979 820 5031 ατταν,
869 4981 944 5022 ως
1007 4961 1371 5042 πλησιαιτέρα
1432 4987 1539 5020 των
1609 4966 1818 5023 λοιπων

172 5037 482 5114 πλανήτων.

183 4067 205 4120 ἐ

2015 3197 2100 3251 19.
2163 3197 2510 3268 Quanquam
2569 3211 2722 3268 saepe
2776 3215 2958 3254 sonus
3018 3197 3310 3269 ejusmodi
3357 3197 3579 3268 absque

1939 3288 2106 3339 terrae
2138 3291 2296 3341 motu
2348 3290 2662 3362 contingat,
2697 3289 2929 3362 quando
2961 3285 3238 3341 nimirum
3274 3285 3448 3341 ﬂatus
3487 3288 3578 3339 est

1936 3375 2186 3446 tenuior,
2220 3383 2284 3432 ut
2325 3379 2465 3433 dum
2520 3389 2734 3435 terram
2785 3378 2936 3446 ferit,
2989 3373 3424 3431 transmittatur
3476 3388 3578 3444 per

1937 3488 2063 3526 eam
2092 3490 2104 3537 ;
2140 3485 2244 3526 nec
2276 3469 2332 3523 in
2365 3485 2431 3524 ea
2461 3468 2545 3524 sic
2575 3472 2826 3534 maneat,
2860 3472 2926 3522 ut
2946 3467 3319 3521 coacervatus
3355 3462 3415 3517 in
3473 3479 3575 3517 an-

1939 3559 2166 3632 gustias
2188 3562 2530 3614 coarctetur.
2566 3557 2872 3628 Pr0pterea
2901 3555 3081 3626 igitur
3110 3553 3266 3624 quod
3289 3549 3456 3606 facile
3478 3566 3580 3622 per

1936 3652 2153 3702 terram
2205 3645 2662 3709 transmittatur,
2717 3661 2831 3699 non
2883 3645 3116 3697 movet:
3167 3639 3266 3695 sed
3324 3637 3462 3710 quia
3513 3637 3575 3692 in

1937 3752 2108 3791 cavos
2140 3735 2433 3806 variisque
2459 3734 2660 3805 figuris
2693 3732 2964 3804 praeditos
2998 3735 3158 3784 terra:
3192 3742 3401 3798 specus
3427 3724 3576 3779 inci-

1935 3825 2040 3894 dit,
2073 3823 2297 3878 varium
2356 3821 2534 3877 etiam
2593 3837 2804 3876 sonum
2863 3818 3018 3886 edit;
3052 3820 3117 3871 ut
3149 3827 3573 3885 nonnunquam

1935 3916 2090 3968 terra
2110 3911 2286 3967 veluti
2320 3910 2547 3982 mugire
2585 3909 2869 3965 videatur.

2011 4002 2094 4054 17.
2129 4001 2238 4056 Sed
2274 4017 2389 4072 quo
2419 3999 2511 4054 his
2544 3997 2917 4070 proportione
2980 3993 3346 4067 respondeat,
3397 3991 3573 4046 etiam

1935 4088 1992 4142 in
2026 4088 2173 4144 mari
2227 4090 2312 4143 ﬁt.
2360 4089 2504 4143 Nam
2537 4092 2593 4142 et
2622 4087 2817 4142 hiatus
2869 4085 3017 4140 ﬁunt
3071 4081 3251 4137 maris
3309 4084 3367 4134 et
3424 4093 3576 4150 saepe

1934 4178 2084 4233 209
2131 4193 2416 4246 recessus,
2478 4180 2535 4230 et
2605 4174 2973 4230 incursiones
3032 4171 3365 4226 ﬂuctuum:
3429 4166 3574 4222 alias

1931 4265 2215 4320 intercisae
2242 4264 2778 4336 reciprocationem,
2828 4260 2974 4316 alias
3004 4276 3136 4314 vero
3194 4270 3568 4328 progressum

1930 4353 2255 4424 simplicem
2313 4353 2616 4408 habentes.
2674 4353 2782 4407 Sed
2831 4362 3229 4422 saepenumero
3285 4343 3460 4399 etiam
3510 4343 3568 4396 in

1932 4443 2079 4497 mari
2129 4442 2510 4498 evomitiones
2570 4442 2723 4513 ignis
2763 4439 3040 4507 existunt,
3074 4441 3132 4492 et
3157 4437 3344 4490 fontes
3402 4447 3568 4486 exca-

1850 4562 1898 4627 D
1931 4531 2177 4601 turiunt,
2212 4537 2269 4585 et
2299 4530 2605 4584 ﬂuviorum
2665 4529 2816 4584 ostia
2865 4526 3226 4599 aperiuntur,
3284 4519 3568 4618 ﬂuxiones

1931 4618 2072 4674 item
2103 4624 2160 4675 et
2187 4619 2433 4674 vortices
2456 4618 2726 4674 oriuntur
2760 4641 2774 4682 ;
2807 4628 3230 4684 nonnunquam
3253 4609 3488 4681 quidem
3507 4607 3566 4661 in

1930 4707 2140 4762 mediis
2161 4707 2445 4774 maribus,
2475 4720 2900 4775 nonnunquam
2952 4718 3083 4758 vero
3142 4699 3200 4754 in
3260 4696 3480 4768 euripis
3511 4699 3568 4752 et

1928 4795 2229 4851 fretis.Sed
2261 4801 2318 4850 et
2350 4794 2520 4850 multi
2551 4798 2729 4848 aestus
2760 4793 3163 4860 ﬂuctuumque
3195 4785 3564 4852 elevationes,

1930 4889 2098 4940 statis
2130 4883 2484 4956 quibusdam
2514 4882 3041 4954 temporibus,cum
3065 4877 3207 4932 luna
3223 4877 3563 4932 recurrunt:

1926 4973 2204 5044 quoniam
2232 4972 2355 5028 haec
2386 4987 2582 5027 secum
2617 4975 2672 5025 et
2710 4986 2838 5042 qua:
2888 4968 2945 5022 in
2979 4972 3155 5033 terra,
3187 4969 3244 5021 et
3299 4963 3359 5019 in
3418 4960 3566 5018 mari

1925 5064 2376 5130 sunt,mutat,ut
2404 5076 2530 5131 quae
2552 5059 2773 5114 caeteris
2795 5055 3046 5130 planetis
3068 5055 3146 5110 sit
3160 5051 3564 5126 propinquior.

1384 5288 1729 5346 SYNOPSIS
1771 5291 2048 5348 CAPITIS
2078 5291 2220 5348 XIX.

165 5388 311 5436 QUOD
340 5388 440 5429 EST
458 5387 531 5427 DE
564 5386 874 5428 TONITRUIS
903 5389 969 5428 ET
1005 5389 1393 5443 FULGURIBUS,
1438 5395 1510 5434 DE
1538 5395 1834 5448 ECNEPHIA,
1867 5397 1924 5436 ID
1965 5399 2064 5437 EST
2101 5398 2405 5448 PROCELLA,
2437 5397 2505 5436 ET
2533 5397 2791 5451 VORTICE,
2822 5395 2923 5443 QUI
2959 5393 3225 5434 THYPHON
3279 5390 3559 5441 νοαΑτωι,

818 5460 887 5498 ET
913 5461 1166 5501 TURBINE
1192 5464 1458 5517 ACCENSO,
1491 5467 1641 5512 QUEM
1672 5469 1857 5507 GRECI
1887 5469 2176 5509 PRESTERA
2217 5470 2423 5522 VOCAN,
2456 5470 2524 5507 ET
2563 5469 2838 5508 FULMINE.

240 5544 296 5631 1:
342 5539 620 5631 Ostendit,
668 5559 744 5631 eg:
783 5561 905 5622 qua
932 5545 1181 5631 materia
1209 5555 1264 5605 et
1294 5546 1404 5606 ubi
1425 5549 1795 5631 eliquomodo
1825 5553 2052 5611 tonitru
2089 5564 2426 5631 generetur.
2461 5585 2537 5596 —-
2565 5557 2626 5612 2.
2666 5549 3146 5631 Deﬁnittonitru
3173 5555 3238 5608 et
3261 5543 3560 5631 sunthae-

238 5620 443 5712 clarat:
476 5654 553 5666 —
577 5619 1143 5712 ᾗμσαᾶεΞινηῙριίᾱιῖ
1159 5644 1348 5712 quare
1377 5619 1774 5689 tonc'iruorum
1804 5635 1940 5690 som'
1962 5619 2122 5692 υανιῗ
2145 5633 2267 5691 sint
2292 5642 2347 5692 et
2375 5633 2658 5712 dispares.
2687 5619 2762 5674 -ί
2792 5635 2850 5689 4.
2889 5628 3171 5712 Fulguri;
3212 5625 3553 5712 generatio-

240 5720 364 5763 nem
395 5700 690 5762 describit.
726 5735 802 5746 —
825 5703 882 5761 5.
921 5700 1186 5765 Causam"
1207 5707 1493 5786 assignat,
1527 5728 1714 5790 quare
1743 5730 1872 5770 cum
1894 5713 2117 5772 tonitru
2133 5712 2428 5794 praecedat
2452 5700 2682 5793 fulgur,
2713 5712 2886 5793 prius
2918 5700 3108 5769 tanien
3128 5700 3341 5788 fulgur
3362 5703 3556 5767 videa-

231 5836 250 5871 ⁸
279 5835 359 5894 De
389 5834 611 5893 mundo
644 5850 774 5908 cap.
806 5836 859 5892 4.
940 5837 961 5872 θ
987 5853 1029 5893 n
1059 5837 1299 5899 Motaor.
1330 5859 1383 5900 c.
1414 5844 1469 5899 8.
