4024 6440
448 369 603 436 ητθ

1695 375 2118 446 NICEPHORI
2159 376 2597 448 BLEMMIDE
3703 381 3870 448 ηω

530 513 1087 600 tur,.quam‘to_m'tru
1114 511 1378 586 auditur,
1415 514 1586 596 idque
1612 516 1801 600 simili
1817 515 2116 600 desumpta
2155 523 2320 579 210
2339 539 2375 579 a
2407 521 2792 599 remigatione
2807 519 3083 600 explicat.
3109 553 3187 565 —
3215 517 3583 600 6.52pmit,
3613 519 3864 600 quando

527 590 794 678 tonitrua
819 591 1073 678 fulgura
1094 603 1351 678 tantum.
1379 606 1434 654 et
1457 590 1695 676 quando
1745 616 1878 678 vero
1907 590 2083 656 etiam
2118 601 2422 668 cenep/n'as
2450 590 2781 678 gcnveretur,
2817 590 2987 676 cuius
3028 609 3223 660 ortum
3257 590 3444 660 simili
3479 590 3770 661 declurat
3807 611 3865 659 et

526 671 762 760 tandem
791 669 1238 760 descriptionem
1252 669 1516 760 subiicit.
1551 712 1626 720 —
1650 681 1707 735 7.
1737 677 1910 760 Docet
1940 679 2177 756 quando
2198 690 2252 737 et
2273 669 2562 758 quomde
2593 669 2814 760 lyp/wn
2843 669 2942 740 seu
2973 691 3176 740 vortex
3205 683 3264 740 in
3313 681 3566 740 nubibus
3601 700 3853 759 genere-

523 759 646 840 tur.1
669 771 836 830 quem
865 756 1042 840 etiam
1071 756 1262 814 simili
1285 756 1565 827 declarat,
1605 758 1913 840 vertiginis
1933 777 2059 840 quae
2093 779 2151 816 in
2185 756 2346 840 terra
2402 756 2822 840 nonnunquam
2867 763 3063 820 oritur
3095 780 3108 831 ;
3145 780 3183 821 a
3237 780 3355 840 qua
3402 756 3620 820 tamen'
3669 764 3737 820 in
3794 780 3860 820 eo

525 829 725 909 diﬂ‘ert
769 836 929 910 quod
955 835 1052 919 ille
1081 839 1415 919 continuam
1447 829 1833 919 egrerelionem
1863 829 2048 907 habet,
2078 839 2322 919 perinde
2353 848 2416 898 ut
2445 841 2620 900 etiam
2650 829 2977 915 Eonephz'as.
3015 829 3177 900 —'8.
3242 829 3498 901 Z‘ausam
3541 843 3846 919 assignat,

521 929 705 1000 quare
732 917 1134 1000 vortex-etiam
1164 916 1430 975 deorsum
1462 918 1521 975 in
1551 927 1772 1000 terram
1812 916 2265 1000 feratur,qguod
2309 921 2590 979 nimirum
2646 921 2816 980 nubis
2861 940 2936 980 ea:
2991 940 3110 1000 qua
3166 921 3407 998 spiritus
3474 916 3852 992 excernitur,

521 990 890 1051 condensatio
922 996 980 1078 in
1009 997 1310 1078 superiore
1335 1006 1508 1078 parte
1539 990 1819 1066 incipiat,
1845 1008 1899 1055 et
1920 990 2174 1078 proinde
2203 1000 2448 1076 spiritus
2475 1003 2730 1060 ercretio
2756 1003 2815 1059 in
2847 990 3211 1060 contrariam
3260 1002 3606 1078 inferiorem
3645 990 3851 1061 videlié

521 1079 615 1161 cet
631 1085 862 1149 partem
905 1074 1037 1161 ﬁat.
1069 1111 1142 1118 —
1164 1078 1220 1134 9.
1251 1076 1513 1161 Effectus
1542 1079 1770 1136 verticis
1797 1077 2101 1161 generales
2127 1087 2190 1161 et
2208 1074 2484 1161 speciales
2513 1081 2742 1161 aliquot
2768 1081 3055 1161 evidentes
3077 1074 3349 1140 recenset.
3377 1114 3454 1126 —
3486 1083 3584 1161 10.
3612 1079 3678 1140 Ε
3679 1081 3847 1161 xpli-

521 1159 616 1210 cat
643 1170 758 1229 quo
789 1171 825 1236 a
856 1158 1073 1236 vortice
1121 1167 1346 1232 prester
1376 1158 1634 1236 dii/lerat,
1667 1157 1827 1236 quod
1854 1158 2133 1216 nimirum
2169 1159 2336 1235 igneo
2368 1159 2466 1218 ille
2495 1157 2693 1220 calore
2723 1169 2898 1231 vocet,
2932 1159 3029 1218 Izic
3087 1161 3350 1219 incensus
3405 1159 3576 1219 turbo
3638 1157 3742 1232 sit,
3804 1169 3860 1221 et

520 1250 713 1320 aerem
745 1234 1131 1320 etzpmcplore
1158 1237 1326 1320 igneo
1359 1234 1593 1314 inﬁciet
1622 1256 1646 1310 ,·
1671 1234 1727 1294 et
1752 1255 1935 1315 porro
1961 1234 2226 1320 subiicit.
2261 1237 2415 1320 quid
2443 1239 2674 1316 [ulmea
2707 1251 2943 1299 vocetur
2969 1259 3039 1299 ac
3065 1239 3313 1320 denique
3363 1241 3627 1311 vorticis,
3676 1259 3853 1320 pres-

519 1313 679 1400 teris,
715 1321 778 1400 et
792 1312 1063 1400 fulminis
1090 1312 1462 1400 col—lationem
1492 1312 1792 1396 proponit.
1839 1350 1911 1359 —
1951 1319 1974 1373 1
1985 1312 2506 1400 ifExcretionem
2535 1321 2813 1400 spiritus
2835 1337 2967 1400 quae
2995 1312 3255 1380 tonitrua
3293 1321 3447 1396 facit
3475 1330 3534 1379 et
3566 1312 3854 1399 fulgura,

519 1389 800 1479 discernit
827 1393 902 1452 ab
917 1394 1026 1453 hac
1053 1415 1181 1474 qua
1207 1397 1478 1475 fulminis
1492 1389 1672 1456 causa
1701 1403 1808 1466 est,
1840 1395 1996 1475 quod
2015 1397 2193 1479 etiam
2224 1396 2454 1479 deﬁnit.
2487 1389 2570 1442 —'
2596 1403 2690 1459 1‘2.
2760 1389 3055 1460 Fulminis
3095 1400 3240 1460 duas
3293 1389 3532 1479 species,
3566 1389 3852 1460 'cla'rum4

520 1480 577 1554 et_
600 1471 1008 1550 [uliginosum,
1036 1471 1358 1543 enumerat,
1393 1496 1463 1537 ac
1491 1487 1801 1553 utrumque
1817 1471 1861 1535 α’
1877 1471 2346 1554 proprietatibus
2366 1488 2419 1536 et
2442 1479 2739 1538 effectibus
2766 1482 2886 1539 suis
2909 1471 3376 1552 descrz'm't,illius
3393 1481 3574 1540 etiam
3607 1500 3857 1540 nomen-

521 1550 812 1640 daturam
840 1571 1154 1640 apponens.
1189 1561 1314 1640 —‘—‘l
1328 1559 1383 1640 3_.
1422 1555 1587 1640 Alias
1607 1550 1783 1640 etiam
1811 1550 2084 1640 fulminis
2097 1558 2332 1640 species,
2363 1558 2637 1619 laeliciam
2667 1569 2720 1618 et
2776 1569 3077 1638 acceptum
3107 1550 3413 1640 enumerat
3453 1559 3858 1640 describitque

515 1664 594 1674 —
729 1631 781 1692 Τ
776 1631 939 1719 radit
956 1637 1160 1719 omnia
1188 1635 1446 1719 fulmina
1466 1637 1739 1719 spiritum
1758 1631 2065 1715 quemdam
2096 1631 2580 1719 inﬂammationis
2621 1631 2921 1715 expertem
2947 1650 3002 1698 et
3019 1638 3334 1719 precedcre
3361 1642 3459 1698 τι
3479 1646 3516 1698 ι
3556 1649 3614 1698 et
3633 1631 3853 1719 sequi;

518 1711 712 1789 qualis
731 1713 907 1773 etiam
928 1715 1001 1798 in
1033 1711 1306 1776 tonitruis
1328 1711 1678 1798 excernitur
1706 1711 2294 1798 nonnunquam,’qui
2315 1724 2367 1775 e’t
2400 1719 2542 1795 ipse,
2583 1739 2680 1778 nec
2695 1711 2892 1778 sonus.
2917 1711 3042 1779 alid
3087 1739 3335 1798 carpora
3363 1719 3544 1798 ﬁndit
3591 1730 3652 1779 et
3685 1711 3852 1780 dmi

515 1801 646 1870 pat.
670 1826 747 1836 —
779 1798 871 1881 15_.
910 1793 1167 1881 Causam
1195 1796 1456 1881 explicat
1499 1814 1684 1876 quare
1715 1796 1900 1854 omnis
1929 1793 2174 1874 spiritus
2189 1793 2478 1881 “excretus
2499 1799 2832 1881 etnubibus
2863 1799 3127 1860 deorsum
3155 1793 3414 1879 feratur,
3441 1805 3626 1881 quam
3669 1802 3852 1860 etiam

517 1888 554 1932 α
583 1875 884 1934 contrario
913 1878 1190 1953 gravium
1220 1875 1556 1957 aliquorum
1587 1895 1900 1955 corporum
1933 1886 2095 1934 motu
2122 1895 2354 1936 sursum
2383 1879 2622 1938 evincit.

1041 2143 1291 2198 CAPUT.
1335 2143 1474 2198 XIX.

511 2247 582 2302 De
611 2249 868 2302 tonitruis
899 2256 950 2302 et
983 2249 1321 2319 fulguribus,
1375 2250 1638 2320 ecnephza
1669 2258 1718 2305 et
1750 2251 2005 2322 typhone,

925 2328 976 2374 et
1003 2329 1240 2388 prestere
1262 2326 1317 2376 et
1354 2323 1606 2391 fulmine.

515 2426 564 2480 1.
589 2426 732 2481 Cum
763 2443 944 2499 vapor
968 2432 1025 2482 et
1056 2429 1210 2483 sicca
1242 2426 1530 2482 exhalatio
1562 2427 1738 2482 simul
1781 2427 1954 2482 mista
2010 2444 2079 2482 ex

440 2517 595 2569 terra
632 2514 1024 2581 adducuntur,
1083 2522 1140 2571 et
1187 2518 1246 2571 in
1307 2516 1430 2572 loco
1491 2522 1710 2572 eterra
1768 2516 2077 2571 remotiore

439 2603 614 2658 etiam
638 2605 810 2658 ambo
845 2605 1059 2661 fuerint
1092 2624 1105 2672 ;
1141 2607 1262 2677 (qui
1295 2612 1598 2678 propterea
1655 2606 2076 2678 frigidissimus

439 2695 548 2761 est,
572 2693 725 2763 quod
759 2693 1054 2750 radiorum
1085 2694 1363 2750 solarium
1395 2713 1462 2752 ex
1493 2700 1648 2752 terra
1704 2695 2076 2750 refractiones

439 2779 499 2835 in
531 2779 657 2852 ipso
689 2781 1366 2855 inﬁrmantur),cumque
1396 2784 1549 2840 sicca
1579 2785 1814 2855 quidem
1846 2783 2076 2839 exhala-

438 2868 520 2924 tio
550 2872 892 2937 secernitur,
938 2877 994 2927 et
1023 2873 1093 2927 ad
1126 2873 1568 2929 succensionem
1600 2874 1709 2928 sibi
1766 2877 2072 2945 cognatam

438 2957 712 3025 effertur;
747 2975 924 3031 vapor
953 2964 1145 3016 autem
1173 2960 1359 3032 frigus
1389 2960 2072 3028 contrahit,etdensatur,

436 3051 493 3101 et
522 3045 580 3101 in
610 3048 794 3102 nubes
824 3049 1178 3114 concrescit;
1212 3049 1497 3120 quidquid
1539 3049 1702 3104 siccae
1761 3048 2074 3104 exhalatio-

436 3133 529 3189 nis
560 3135 616 3189 in
650 3135 936 3206 ejusmodi
971 3138 1336 3193 concretione
1357 3139 1600 3193 nubium
1632 3137 1924 3193 inclusum
1954 3137 2072 3192 fue-

435 3221 528 3289 rit,
563 3223 796 3294 quando
836 3224 1148 3296 colligitur,
1208 3226 1382 3280 ﬂatus
1421 3225 1706 3291 efﬁcitur;
1767 3231 1822 3280 et
1863 3226 2071 3281 deinde

434 3326 565 3365 cum
624 3313 809 3366 nubes
859 3313 1116 3384 amplius
1164 3315 1488 3369 densentur
1545 3320 1601 3368 et
1655 3320 1883 3379 coeunt,
1918 3315 1971 3367 vi
2004 3330 2071 3368 ex

433 3399 579 3470 ipsis
600 3403 948 3456 excernitur.
1011 3410 1091 3458 Ac
1148 3403 1400 3474 denique
1457 3404 1598 3458 dum
1653 3403 1734 3457 ita
1789 3402 2072 3458 violenter

2109 2143 2163 2208 A

2817 2147 3044 2202 ΚΕΦΑΛ
3058 2189 3068 2199 .
3112 2151 3207 2202 18'.

2191 2247 2318 2322 Περὶ
2357 2249 2614 2324 βροντῶν,
2643 2249 2733 2330 καὶ
2761 2249 3066 2326 ἀστραπῶν,
3101 2249 3347 2330 έκνεφῐου
3375 2271 3433 2305 τε
3463 2250 3554 2305 καὶ
3586 2257 3850 2330 τνφῶνος

2569 2321 2658 2374 καὶ
2691 2321 3006 2396 πρηστῆρος
3039 2322 3126 2376 καὶ
3158 2321 3436 2397 κεραυνοῦ.

2260 2427 2322 2478 α’.
2356 2428 2462 2494 Τῆς
2495 2424 2720 2499 ἀτμίδος
2751 2429 2839 2482 καὶ
2877 2431 2975 2497 τῆς
3025 2428 3189 2502 ξηρᾶς
3237 2427 3655 2500 ἀναθυμιάσεως
3714 2432 3858 2500 ὁτιοῧ

2187 2513 2274 2568 καὶ
2320 2515 2639 2587 συμμίκτων
2689 2516 3032 2592 ἀναγομένων
3099 2515 3156 2570 έκ
3211 2524 3337 2591 γῆς,
3379 2515 3581 2570 ὁπόταν
3655 2517 3712 2571 ἐν
3780 2524 3859 2590 τῷ

2188 2603 2555 2679 ἀπογειοτέρῳ
2631 2605 2719 2659 καὶ
2799 2608 2962 2682 αμφω
3038 2606 3295 2680 γένωνται
3367 2605 3520 2677 τόπῳ
3576 2605 3663 2678 (ὃς
3743 2606 3854 2662 ἐστι

2185 2692 2526 2767 ψυχρότατος
2594 2689 2683 2747 διὰ
2746 2694 2808 2748 τὸ
2874 2695 2967 2756 τὰς
3034 2693 3093 2748 ἐκ
3155 2701 3261 2768 γῆς
3335 2693 3668 2756 ἀνακλάσεις
3741 2700 3853 2750 τῶν

2184 2779 2428 2847 ἡλιακῶν
2482 2781 2705 2836 ἀκτίνων
2766 2781 3054 2852 ἐξασθενεῖν
3102 2781 3152 2836 έν
3204 2782 3391 2854 αὐτῷ),
3423 2781 3512 2836 καὶ
3567 2789 3675 2851 τῆς
3758 2787 3853 2856 μὲν

2185 2867 2350 2941 ξηρᾶς
2428 2867 2834 2942 ἀναθυμιάσεως
2925 2867 3338 2946 διακρινομένης
3405 2870 3493 2925 καὶ
3569 2873 3720 2946 πρὸς
3792 2876 3856 2928 τὸ

2182 2957 2430 3031 συγγενὲς
2509 2957 2812 3035 φερομένης
2889 2959 3225 3032 ὑπέκκαυμα,
3291 2961 3388 3028 τῆς
3457 2956 3704 3033 ἀτμίδος
3797 2959 3856 3016 δὲ

2181 3045 2503 3121 ψυχομένης
2551 3047 2640 3101 καὶ
2687 3049 3066 3119 πυκνουμένης
3112 3049 3201 3103 καὶ
3251 3047 3326 3109 εἷς
3385 3047 3519 3125 νέφη
3588 3069 3852 3104 συνισταα

2186 3133 2369 3206 μένης·
2458 3135 2629 3206 ὁπόση
2712 3143 2811 3205 τῆς
2897 3137 3060 3208 ξηρᾶς
3145 3137 3552 3210 ἀναθυμιάσεως

2179 3222 2400 3296 τοιαύτῃ
2466 3225 2710 3279 συστάσει
2781 3230 2887 3279 τῶν
2954 3229 3127 3303 νεφῶν
3193 3224 3636 3302 ἐμπεριληφθείη
3694 3247 3853 3282 συνα-

2179 3310 2381 3386 γομένη
2431 3312 2629 3387 γίνεται
2679 3317 2906 3384 πνεῦμα·
2959 3308 3142 3368 ἔπειτα
3189 3318 3294 3368 τῶν
3359 3318 3534 3391 νεφῶν
3602 3311 3689 3369 ἔτι
3745 3337 3849 3370 πυ,

2177 3399 2487 3471 κνουμένων
2579 3401 2668 3455 καὶ
2759 3401 3048 3457 συνιόντων
3130 3401 3423 3478 ἐκκρίνεται
3495 3404 3633 3474 μετά
3726 3405 3851 3480 βῖας

3644 3137 3701 3191 ἐν
3778 3143 3849 3213 τῇ

433 3488 762 3544 excernitur
785 3490 1169 3561 ﬂatus,inquo
1191 3491 1540 3546 densitatem
1566 3492 1810 3546 nubium
1846 3491 2070 3558 incidit,

2272 3488 2467 3545 αὐτῶν.
2512 3490 2666 3546 Οὕτω
2715 3487 2773 3545 δὲ
2829 3491 3020 3565 βιαίως
3083 3490 3462 3566 έκκρινόμενον
3508 3491 3572 3545 τὸ
3624 3497 3851 3565 πνεῦμα

433 3593 644 3632 sonum
665 3579 864 3634 efﬁcit.

503 3755 557 3809 2.
589 3755 696 3819 Qui
729 3772 868 3812 sane
913 3761 1002 3812 est
1033 3757 1090 3811 id
1124 3759 1278 3830 quod
1331 3763 1570 3814 vocatur
1625 3759 1862 3825 tonitru,
1898 3759 2072 3814 ﬂatus

432 3841 492 3897 in
526 3843 678 3898 nube
707 3860 907 3900 crassa
925 3850 982 3899 et
1019 3845 1265 3901 humida
1295 3847 1638 3918 implicitus,
1692 3852 1747 3901 et
1780 3864 1881 3918 per
1939 3864 2068 3903 eam

431 3929 623 4002 ipsam
690 3933 903 3987 nubem
955 3939 1116 3988 extra
1161 3935 1440 3990 violenter
1492 3953 1826 4008 erumpens,
1887 3941 1944 3990 et
1992 3937 2073 3990 ita

434 4019 743 4076 continuas
797 4021 970 4077 nubis
1000 4022 1402 4094 spissitudinis
1449 4024 1785 4096 eﬂ'ringens,
1819 4030 1874 4079 et
1932 4025 2070 4080 hinc

435 4109 588 4166 212
618 4109 914 4166 fremitum
966 4112 1373 4184 fragoremque
1429 4130 1708 4185 magnum
1768 4113 2068 4181 efﬁciens;

432 4198 587 4254 haud
620 4215 789 4254 secus
819 4216 884 4254 ac
940 4201 1183 4272 spiritus
1233 4203 1290 4256 in
1323 4219 1477 4274 aqua
1531 4203 1904 4258 vehementer
1958 4202 2068 4257 im-

432 4287 694 4359 pellitur,
723 4292 782 4342 et
803 4289 1097 4345 undarum
1127 4290 1304 4346 efﬁcit
1325 4292 1624 4362 strepitus.

503 4379 557 4434 3.
590 4378 873 4442 Quoniam
907 4385 1102 4436 autem
1145 4379 1390 4435 nubium
1448 4380 1708 4435 densitas
1766 4381 2072 4452 inaequalis

430 4471 522 4523 est
578 4467 817 4539 (alicubi
868 4469 1023 4524 enim
1083 4471 1288 4540 major,
1333 4469 1548 4524 alicubi
1580 4474 1670 4525 est
1700 4469 1932 4540 minor)
1969 4488 1982 4539 ;
2015 4476 2072 4525 et

427 4573 562 4612 vero
589 4557 767 4613 etiam
823 4557 1030 4629 aliquae
1088 4558 1366 4614 cavitates
1396 4557 1547 4613 intra
1578 4559 1762 4614 nubes
1814 4560 2071 4614 existunt

426 4646 936 4716 (interiores,enim
961 4647 1207 4702 nubium
1240 4653 1574 4719 partes,non
1608 4648 1849 4720 perinde
1877 4648 2070 4703 densae

429 4739 589 4803 sunt,
622 4752 688 4790 ac
718 4736 1046 4803 exteriores,
1111 4738 1209 4792 sed
1261 4736 1569 4791 densitatis
1625 4736 2068 4792 continuitalem

428 4823 734 4892 deferunt;
767 4832 1073 4897 capropter
1105 4825 1306 4896 utique
1334 4825 1474 4880 varii
1507 4831 1562 4880 et
1618 4825 1881 4898 dispares
1938 4826 2066 4880 soni

426 4912 784 4968 efﬁciuntur.
817 4914 963 4969 Nam
997 4914 1170 4970 ﬂatus
1199 4915 1311 4985 qui
1347 4914 1698 4980 excernitur,
1733 4915 1782 4969 si
1822 4914 1892 4969 ad
1925 4915 2066 4969 den-

426 5000 608 5063 siores
640 5004 1038 5058 concretiones
1059 5002 1340 5068 illidatur,
1372 5003 1833 5058 vehementiores
1891 5005 2068 5058 etiam

428 5105 603 5144 sonos
636 5090 814 5144 efﬁcit
846 5107 858 5144 :
895 5093 985 5146 sin
1009 5092 1080 5146 ad
1114 5091 1383 5163 rariores,
1407 5093 1578 5163 juxta
1634 5094 2066 5163 proportionem

424 5177 799 5233 inﬁrmiores.
830 5180 1115 5250 Atqueila
1164 5181 1400 5252 quidem
1461 5181 1532 5237 de
1575 5180 1797 5236 tonitru
1857 5198 1948 5236 res
2004 5199 2068 5236 se

425 5264 620 5320 habet.

495 5354 547 5408 4.
579 5356 651 5408 At
680 5353 874 5422 ﬂatus,
895 5356 995 5427 qui
1024 5356 1351 5424 eliditur,et
1379 5359 1436 5414 in
1473 5359 1658 5414 nubes
1688 5358 2066 5431 impingendo

424 5443 647 5498 tonitru
678 5442 855 5498 efﬁcit
889 5462 903 5510 ;
940 5447 1260 5516 saepetenui
1283 5447 1626 5502 etimbecilli
1658 5447 2065 5504 inﬂammatio-

426 5545 497 5587 ne
528 5531 879 5586 incenditur.
915 5534 1039 5598 Qua
1069 5539 1229 5606 parte
1259 5535 1438 5606 igitur
1491 5543 1840 5608 conspectus
1891 5538 2068 5594 fuerit

424 5621 518 5677 hic
549 5619 725 5676 ﬂatus
757 5623 856 5692 qui
889 5629 1154 5678 excretus
1175 5630 1284 5688 est,
1316 5624 1486 5695 igneo
1516 5627 1735 5681 tinctus
1766 5627 1955 5682 colore
1999 5645 2065 5682 ex

423 5711 687 5770 nubibus
711 5721 1038 5785 erumpere,
1071 5713 1270 5785 fulgur
1293 5713 1661 5785 appellamus
1690 5731 1846 5771 eum.

2183 3578 2436 3653 καὶπρὸς
2464 3579 2562 3646 τήν
2601 3579 2908 3649 πυκνότητα
2951 3583 3058 3634 τῶν
3103 3584 3274 3657 νεφῶν
3327 3578 3609 3634 εἰσπίπτον
3664 3582 3848 3659 ψόφον

2185 3663 2439 3720 ἀποτελεῖ
2451 3710 2463 3724 .

2293 3756 2303 3772 ο
2403 3756 2429 3774 ν
2607 3751 2662 3775 δ’
2718 3756 2731 3776 9
3214 3756 3224 3772 ο
3511 3758 3536 3786 ⁴ι
3705 3763 3764 3790 ⁸..

2259 3755 2321 3829 β.
2357 3761 2526 3817 Ουτος
2603 3773 2660 3810 οε
2714 3777 2852 3811 εστιν
2901 3760 2935 3825 η
2984 3753 3292 3830 καλουμένη
3348 3759 3574 3832 βροντη,
3627 3779 3851 3832 πνευμα

2182 3844 2324 3920 νέφει
2389 3849 2560 3918 παχεῖ
2623 3844 2710 3898 καὶ
2761 3849 2962 3920 νοτερῷ
3011 3842 3227 3914 εἰληθὶν
3275 3845 3365 3898 καὶ
3413 3842 3512 3916 ἔξω
3563 3843 3634 3898 δι’
3675 3846 3848 3902 αὐτοῦ

2180 3937 2276 3986 τυῦ
2306 3930 2498 4010 νέφους
2557 3932 2746 4009 βιαίως
2796 3933 3112 4011 φερόμενον,
3142 3933 3231 3987 καὶ
3276 3932 3418 3987 οὕτω
3475 3933 3718 4010 ῥηγνύΟν
3781 3937 3850 3989 τὶ

2183 4028 2381 4096 συνεχῆ
2457 4026 2553 4076 τοῦ
2629 4021 2822 4100 νέφους
2884 4021 3191 4095 πιλήματα,
3261 4023 3539 4076 κάντεῦθεν
3629 4024 3846 4098 βρόμον

2181 4110 2270 4164 καὶ
2331 4110 2569 4185 πάταγον
2644 4110 2809 4185 μέγαν
2877 4110 3334 4188 ἀπεργαζόμενον·
3414 4109 3598 4186 ὥσπερ
3663 4114 3732 4166 τὸ
3794 4113 3844 4167 ἓν

2181 4195 2334 4253 ὕδατι
2384 4197 2631 4276 σφοδρῶς
2687 4199 3049 4272 ἐλαυνόμενον
3099 4203 3313 4272 πνεῦμα
3359 4198 3447 4253 καὶ
3496 4205 3608 4254 τῶν
3663 4201 3846 4271 κυμά-

2180 4309 2284 4343 των
2311 4287 2437 4350 τοὺς
2472 4287 2666 4363 ῥόθους
2693 4287 3014 4344 ἀποτελοῦν.

2250 4384 2315 4453 γ.
2362 4377 2508 4432 Ἐπεὶ
2572 4373 2628 4430 δὲ
2688 4381 2794 4430 τῶν
2868 4381 3039 4455 νεφῶν
3101 4379 3136 4446 ἡ
3195 4375 3467 4446 πυκνότης
3531 4377 3846 4451 ἀνώμαλος

2183 4470 2306 4538 (ποῦ
2355 4466 2447 4538 μὲν
2497 4466 2597 4540 γὰρ
2660 4467 2794 4519 κατά
2846 4465 2909 4520 τὸ
2963 4463 3175 4538 μᾶλλον
3229 4464 3386 4537 αὕτη,
3437 4470 3542 4520 τὲοὖ
3596 4463 3656 4521 δὲ
3709 4469 3846 4524 κατά

2180 4555 2240 4609 τὸ
2287 4557 2496 4628 ἦττον),
2549 4552 2692 4608 ἀλλά
2737 4551 2804 4622 δὴ
2869 4554 2959 4608 καὶ
3002 4553 3208 4609 κοιλίαι
3266 4555 3407 4616 τινὲς
3452 4553 3652 4627 μεταξῦ
3714 4578 3840 4633 τυγ-

2181 4643 2408 4719 χάνουσι
2457 4647 2562 4697 τῶν
2613 4646 2784 4720 νεφῶν
2836 4643 2921 4714 (τὰ
2972 4643 3076 4718 γὰρ
3144 4642 3289 4705 ἐντὸς
3340 4647 3448 4698 τῶν
3499 4648 3689 4722 νεφῶν
3739 4645 3844 4720 οὐχ

2181 4732 2389 4805 ὁμοίως
2473 4731 2848 4785 πεπύκνωνται
2926 4737 3041 4793 τοῖς
3109 4731 3282 4803 ἐκτὸς,
3337 4729 3482 4786 ἀλλά
3540 4729 3848 4806 διαλιμπιί-

2179 4839 2329 4875 νουσι
2396 4823 2494 4888 τήν
2566 4819 2844 4894 συνέχειαν
2905 4826 3006 4888 τῆς
3073 4819 3449 4893 πυκνότητος)·
3524 4817 3618 4874 διὰ
3672 4823 3843 4876 ταῦτά

2178 4931 2263 4964 τοι
2316 4906 2647 4963 παντοδαποὶ
2702 4909 2792 4962 καὶ
2849 4910 2901 4963 οἱ
2949 4908 3114 4986 ψόφοι
3157 4911 3247 4964 καί
3295 4908 3578 4982 ἀνώμαλοι
3653 4909 3846 4986 γίνομ’

2176 5019 2285 5054 ται.
2371 4997 2441 5052 Τὸ
2523 4997 2626 5072 γὰρ
2713 4996 3086 5074 ἐκκρινόμενον
3160 5001 3393 5071 πνεῦμα,
3474 5001 3841 5077 πυκνοτέραις

2183 5087 2276 5159 μὲν
2365 5087 2643 5140 συστάσεσι
2707 5083 3214 5161 προσρηγνύμενον,
3293 5086 3686 5162 ἰσχυροτέρους
3751 5088 3839 5143 καί

2174 5175 2302 5238 τοὺς
2379 5174 2584 5252 ψόφους
2667 5179 2835 5244 ποιεῖ,
2920 5176 3256 5250 μανωτέραις
3333 5172 3391 5230 δὲ
3463 5176 3602 5250 πρὸς
3673 5175 3840 5252 λόγον

2179 5263 2606 5338 ἀσθενεστέρους.
2641 5263 2739 5317 Καὶ
2772 5262 2915 5318 οὕτω
2949 5263 3041 5336 μὲν
3071 5266 3105 5334 ἡ
3142 5264 3366 5339 βροντή.

2249 5352 2312 5410 δ.
2343 5354 2413 5408 Τὸ
2463 5351 2520 5407 δὲ
2572 5357 2784 5425 πνεῦμα
2839 5353 2904 5408 τὸ
2952 5347 3360 5426 ἐκθλιϐόμενον,
3405 5353 3495 5408 καὶ
3562 5357 3634 5428 τῇ
3694 5356 3838 5431 πρὸς

2175 5444 2241 5499 τά
2285 5445 2419 5521 νέφη
2471 5441 2662 5518 πληγῇ
2713 5445 2904 5496 ποιοῦν
2953 5443 3052 5511 τὴν
3104 5442 3360 5518 βροντὴν,
3395 5429 3842 5514 ἐκπυροῦται-τά

2175 5531 2362 5588 πολλά
2435 5529 2609 5604 λεπτῇ
2670 5532 2910 5605 πυρώσει
2979 5530 3068 5586 καὶ
3135 5533 3362 5596 ἀσθενεῖ.
3423 5532 3547 5587 Καθ’
3623 5533 3654 5586 ὃ
3697 5537 3835 5608 γοῦν

2180 5623 2321 5701 ὀφθῇ
2368 5621 2431 5675 τὸ
2482 5619 2720 5694 ἐκκριθὶν
2772 5623 2938 5676 τοῦτο
3003 5624 3218 5693 πνεῦμα
3264 5619 3520 5676 ἐκπίπτον
3578 5624 3694 5674 τῶν
3738 5641 3836 5676 νεα

2177 5716 2289 5790 φῶν
2361 5705 2879 5783 κεγρωματισμένον
2965 5713 3044 5781 τῷ
3125 5710 3380 5785 χρώματι
3458 5713 3556 5765 τοῦ
3627 5711 3830 5784 πυρὸς,

2175 5799 2450 5879 ἀστραπὴν
2482 5793 2754 5882 καλοῦμεν
2787 5795 2939 5856 αὐτό.
