4024 6438
473 397 630 462 1183

1725 400 2146 468 NICEPHORI
2188 398 2626 464 BLEMMIDE

3706 399 3833 463 μοι

474 534 648 590 etiam
681 534 739 591 in
775 535 1031 592 nubibus
1061 537 1730 605 vorticesfiunt,etinter
1757 557 1818 595 se
1863 539 2100 594 invicem

2225 533 2486 588 άπτουσαι
2545 532 2679 586 κατᾶ
2735 531 2832 600 τήν
2892 527 3095 607 ἀρχὴν,
3152 532 3405 586 τοιοῦτον
3465 526 3572 606 γὰρ
3628 530 3661 600 ἡ
3716 526 3827 603 δίνη·

474 623 664 693 quoad
698 624 1051 696 principium
1083 626 1546 698 copulantur(ea
1594 629 1750 682 enim
1810 626 2114 697 vertiginis

474 715 683 766 natura
715 717 824 780 est)
853 731 865 768 :
900 729 1098 769 verum
1125 717 1616 786 quemadmodum
1651 715 2114 786 cumecnephias

470 799 766 872 (procella)
825 803 1032 868 oritur,
1085 805 1362 859 continua
1419 811 1508 861 est
1577 805 1818 877 spiritus
1865 804 2114 860 excretio

472 889 635 960 (quia
659 889 831 944 etiam
865 895 1071 948 ventus
1101 898 1189 948 est
1217 893 1524 949 continuos
1555 895 1758 950 eodem
1794 894 2114 959 modo),sic

468 976 646 1033 etiam
667 985 864 1034 vortex
885 981 1220 1036 continuam
1245 999 1313 1037 ex
1335 983 1487 1038 nube
1502 983 1888 1037 excretionem
1914 982 2112 1036 habet.

536 1084 590 1137 8.
625 1084 734 1139 Sed
771 1102 904 1140 cum
939 1092 1174 1159 propter
1230 1089 1404 1144 nubis
1460 1089 1810 1144 densitatem
1870 1089 2112 1158 spiritus

465 1187 534 1227 ex
561 1188 630 1226 ea
659 1189 801 1243 pure
831 1176 1058 1229 excerni
1093 1193 1207 1231 non
1255 1179 1459 1248 possit,
1513 1193 1744 1248 unaque
1804 1192 2002 1230 secum
2043 1177 2112 1229 de

468 1261 622 1316 nube
653 1262 874 1333 aliquid
909 1263 1122 1331 trahat,
1156 1281 1222 1320 ex
1253 1265 1407 1320 dicta
1437 1282 1614 1321 causa
1649 1266 1705 1320 in
1748 1266 1945 1320 orbem
1982 1265 2109 1332 qui-

467 1349 601 1404 dem
633 1351 1006 1420 convertitur,
1037 1354 1133 1408 sed
1163 1353 1436 1408 deorsum
1470 1359 1526 1409 et
1565 1354 1622 1408 in
1656 1359 1871 1408 terram
1906 1355 2110 1416 fertur,

469 1443 774 1509 propterea
803 1440 958 1510 quod
990 1441 1231 1511 spiritus
1261 1459 1328 1497 ex
1359 1443 1510 1498 nube
1540 1442 1784 1498 excretio
1856 1443 1912 1497 in
1982 1459 2108 1496 eam

470 1541 704 1596 semper
733 1533 958 1597 partem
993 1529 1113 1590 fiat,
1167 1530 1222 1583 in
1269 1547 1443 1600 quam
1505 1531 1676 1584 nubis
1734 1531 2111 1585 condensatio

465 1615 856 1686 progreditur.
899 1617 1260 1688 Quapropter
1289 1633 1422 1673 cum
1453 1619 1829 1674 condensatio
1859 1633 2111 1689 superne

466 1699 617 1756 facto
643 1701 809 1756 initio
837 1702 897 1756 in
945 1703 1248 1760 inferiores
1280 1711 1474 1776 partes
1531 1707 1707 1761 nubis
1764 1705 2108 1778 pervenerit,

463 1789 638 1845 etiam
671 1790 845 1846 nubis
875 1792 1261 1848 excretionem
1295 1811 1422 1864 quae
1454 1793 1590 1848 hinc
1630 1799 1756 1849 orta
1809 1799 1918 1859 est,
1970 1809 2105 1865 pro-

462 1883 590 1951 pter
647 1879 762 1934 vim
825 1879 1049 1936 illatam
1125 1882 1400 1938 deorsum
1462 1883 1615 1938 ‘210
1674 1882 1808 1938 ferri
1867 1897 2183 1967 necesseB

461 1971 569 2024 est.

533 2074 588 2128 9.
620 2072 764 2128 Cum
795 2090 932 2146 ergo
961 2081 1158 2131 vortex
1187 2077 1459 2132 deorsum
1518 2077 1719 2147 fertur,
1785 2082 1843 2132 et
1871 2081 2107 2149 propter

464 2162 825 2217 contrarium
857 2163 1140 2234 impetum
1174 2165 1230 2218 in
1263 2165 1460 2220 orbem
1495 2165 1932 2236 circumagitur,
1993 2165 2106 2220 sic-

465 2264 578 2320 que
608 2253 1043 2320 contorquetur,
1071 2257 1128 2306 et
1157 2251 1424 2323 helicem,
1458 2253 1516 2308 id
1573 2258 1662 2308 est
1716 2253 2104 2308 circumvolu-

466 2337 807 2392 tamlineam
838 2339 1016 2394 efficit
1047 2357 1059 2395 :
1095 2342 1293 2396 omnia
1318 2341 1374 2396 in
1407 2359 1534 2414 quae
1567 2341 1790 2411 incidit,
1813 2343 1870 2395 in
1902 2343 2101 2397 orbem

465 2425 809 2496 intorquens
841 2433 1051 2482 movet.
1111 2429 1497 2492 Quamobrem
1555 2430 1731 2485 etiam
1787 2429 1985 2501 aliqua
2042 2430 2099 2484 in

459 2517 614 2569 terra
643 2519 745 2570 aut
776 2515 919 2570 mari
954 2522 1228 2572 contenta
1256 2517 1313 2572 in
1348 2518 1600 2574 sublime
1621 2518 1878 2584 adducit,
1907 2523 1970 2572 ut
2000 2518 2098 2590 qui

458 2607 762 2673 propterea
790 2605 943 2674 quod
980 2605 1294 2661 transitum
1329 2623 1441 2661 non
1477 2606 1649 2661 habet
1676 2607 1878 2661 eodem
1912 2623 2099 2661 rever-

456 2693 634 2744 tatur.
671 2695 866 2763 ltaque
897 2709 963 2747 ex
996 2695 1141 2747 mari
1165 2712 1378 2766 aquam
1401 2711 1798 2766 saepenumero
1826 2693 2094 2750 attrahit:

459 2794 594 2833 mox
623 2780 919 2852 navigium
951 2783 1228 2854 vertigine
1257 2789 1586 2854 correptum
1620 2784 1679 2838 in
1727 2782 1910 2838 altum
1971 2799 2096 2838 eve-

457 2866 559 2921 xit.
591 2868 698 2922 Sed
730 2873 786 2922 et
816 2886 884 2924 ex
911 2874 1065 2925 terra
1095 2877 1152 2926 et
1181 2871 1341 2944 ligna
1371 2876 1428 2926 et
1475 2871 1718 2942 lapides,
1751 2875 1924 2942 atque
1953 2871 2096 2926 adeo

457 2969 883 3027 nonnunquam
915 2959 1194 3014 animalia
1223 2959 1592 3014 consimilem
1625 2959 1684 3014 in
1710 2960 1948 3014 modum
1963 2976 2096 3014 sus-

453 3042 606 3100 tulit.
657 3047 1028 3118 Quaecunque
1078 3053 1270 3103 autem
1303 3049 1375 3104 ab
1405 3049 1534 3120 ipso
1587 3049 1927 3119 efferuntur,
1961 3065 2093 3103 cum

455 3130 886 3204 aliquantulum
938 3136 995 3191 in
1057 3136 1308 3192 sublime
1363 3137 1653 3192 subducta
1711 3136 1944 3206 fuerint,
2001 3137 2098 3193 de-

455 3236 572 3275 nuo
616 3238 850 3278 summa
895 3223 1156 3280 siccitate
1211 3229 1529 3295 contracta,
1564 3226 1636 3281 ob
1694 3225 1937 3296 spiritus
1994 3225 2094 3297 qui
2127 3262 2171 3328 Ο

455 3309 656 3365 eadem
691 3312 955 3367 subvexit
985 3313 1307 3369 siccitatem
1362 3314 1640 3369 deorsum
1701 3315 1985 3369 feruntur.

533 3398 618 3452 10.
644 3399 786 3454 Cum
843 3400 1023 3472 igitur
1054 3401 1299 3472 spiritus
1328 3402 1427 3474 qui
1461 3402 1542 3457 sic
1595 3406 1876 3473 movetur,
1911 3401 2102 3458 colore

459 3487 630 3558 igneo
661 3486 910 3543 infectus
942 3505 1055 3543 non
1089 3489 1280 3560 fuerit,
1314 3489 1472 3562 quali
1505 3489 1680 3544 etiam
1715 3488 1912 3561 fulgur
1957 3490 2098 3545 aﬂ’e-

458 3576 619 3628 ctum
650 3579 757 3643 est,
790 3580 932 3631 tunc
981 3577 1220 3649 typhon,
1254 3578 1309 3632 id
1346 3582 1454 3647 est,
1486 3583 1704 3644 vortex,
1735 3578 1900 3644 quasi
1935 3595 2100 3634 ecne-

458 3660 629 3732 phias
656 3662 920 3719 incoctus
950 3670 1207 3720 vocatur.
1257 3666 1455 3740 Neque
1496 3667 1652 3721 enim
1705 3667 1954 3738 perfecte
2009 3683 2099 3722 se-

458 3754 652 3804 cretus
682 3755 740 3805 et
769 3750 1052 3808 liberatus
1091 3755 1165 3808 ab
1206 3756 1333 3825 ipsa
1383 3756 1536 3810 nube
1576 3754 1818 3826 spiritus
1867 3755 2102 3810 vorticis

456 3838 809 3905 excernitur,
840 3843 1336 3910 quemadmodum
1368 3843 1682 3915 ecnephise,
1716 3843 1772 3898 id
1803 3848 1913 3913 est,
1947 3843 2102 3899 venti

459 3925 786 3996 procellosi,
845 3933 1060 3985 ﬂatus:
1140 3931 1239 3985 sed
1294 3930 1514 4002 aliquid
1571 3933 1640 3987 de
1689 3932 1842 3986 nube
1899 3947 2099 3987 secum

460 4013 722 4083 attrahit,
753 4017 892 4086 quia
921 4023 1230 4074 concoctus
1260 4035 1373 4076 non
1418 4024 1527 4086 est,
1563 4025 1627 4074 ut
1667 4019 1915 4076 alterum
1948 4021 2094 4076 217

462 4102 534 4156 ab
567 4101 748 4159 altero
779 4106 1037 4176 separari
1068 4107 1272 4178 possit.
1308 4109 1549 4174 Quando
1580 4125 1749 4180 porro
1789 4109 2102 4179 praedictus

461 4189 560 4247 ille
589 4196 762 4248 ﬂatus
791 4194 931 4248 dum
964 4195 1641 4268 detorqueturincensus
1672 4197 1941 4260 t’uerit,in
1974 4197 2100 4268 ipso

459 4279 681 4336 scilicet
711 4287 904 4338 motus
933 4290 1228 4354 excoctus,
1277 4289 1334 4340 et
1390 4283 1660 4340 subtilior
1719 4287 1928 4357 factus,
1961 4293 2102 4341 tunc

458 4374 701 4441 prester,
736 4371 793 4425 id
822 4376 929 4440 est,
958 4388 1242 4429 accensus
1269 4375 1462 4440 turbo,
1497 4377 1771 4429 vocatur:
1826 4375 1979 4445 quod
2005 4390 2098 4430 ae-

453 4472 576 4512 rem
611 4459 1006 4532 propinquum
1031 4461 1492 4517 inﬂammatione
1522 4479 1632 4516 sua
1661 4462 1838 4517 simul
1895 4479 2098 4518 accen-

456 4545 576 4617 dat,
611 4547 752 4604 adeo
785 4553 850 4604 ut
881 4550 1078 4621 ipsum
1108 4551 1286 4606 etiam
1320 4549 1508 4606 colore
1556 4550 1796 4606 inﬁciet.
1857 4551 2098 4615 Quando

2224 621 2372 690 πλὴν
2425 621 2606 696 ὥσπερ
2657 618 2898 697 ἐκνεφίας
2948 619 3184 694 γίνηται,
3219 619 3451 693 συνεχής
3500 617 3640 673 ἐστιν
3685 621 3717 688 ἡ
3755 624 3828 674 τοῦ

2223 711 2534 782 πνεύματος
2630 706 2866 784 ἔκκρισις
2968 708 3133 781 (οὕτω
3216 709 3317 784 γὰρ
3391 707 3482 762 καὶ
3570 709 3597 762 6
3670 706 3829 780 ἄνεμος

2223 800 2480 874 συνεχὴς,
2564 799 2700 853 κατὰ
2779 799 2868 851 τὸν
2953 797 3112 851 αὐτὸν
3194 796 3437 870 τρόπον),
3498 796 3588 851 καὶ
3666 798 3691 850 6
3762 819 3830 852 τυ-

2225 889 2337 965 φὼν
2373 895 2573 962 συνεχῆ
2601 888 2700 955 τὴν
2729 886 2788 942 ἐκ
2813 891 2910 941 τοῦ
2938 885 3131 963 νέφους
3161 883 3394 960 ἔκκρισιν
3427 882 3568 960 ἔχει.

2294 1084 2364 1152 η’.
2400 1084 2497 1137 Δια
2529 1079 2586 1137 δὲ
2631 1083 2730 1150 τὴν
2761 1085 2858 1136 τοῦ
2905 1077 3099 1158 νέφους
3146 1079 3456 1148 πυκνότητα
3511 1079 3586 1151 μὴ
3636 1075 3826 1149 δυνάμε-

2221 1192 2310 1224 νον
2397 1171 2486 1225 ἀπ’
2563 1170 2727 1224 αὐτοῦ
2798 1171 3046 1246 καθαρῶς
3133 1169 3442 1242 ἐκκριθῆναι
3518 1167 3581 1221 τὸ
3635 1171 3825 1237 πνεῦμα,

2221 1257 2369 1313 ἀλλά
2440 1257 2530 1312 σὺν
2611 1260 2784 1330 ἑαυτῷ
2849 1258 2937 1312 καὶ
3009 1262 3106 1311 τοῦ
3161 1257 3357 1334 νέφους
3405 1278 3458 1310 τι
3522 1254 3826 1332 συνεφέλκον,

2222 1347 2498 1425 στρέφεται
2582 1349 2676 1420 μὶν
2750 1346 2938 1420 κύκλῳ
3015 1343 3103 1400 διὰ
3151 1347 3250 1414 τὴν
3321 1345 3614 1419 εἰρημένην
3672 1343 3824 1408 αἰτίαν,

2221 1437 2435 1514 φέρεται
2495 1433 2552 1490 δὲ
2609 1435 2755 1490 κάτω
2811 1435 2899 1490 καὶ
2959 1434 3045 1489 ἐπὶ
3101 1441 3202 1509 γῆς
3259 1431 3347 1487 διὰ
3402 1434 3465 1488 τὸ
3522 1433 3618 1500 τὴν
3657 1431 3710 1486 ἐκ
3755 1436 3825 1484 τοῦ

2219 1525 2412 1602 νέφους
2498 1524 2817 1598 γινομένην
2868 1528 2964 1578 τοῦ
3057 1523 3362 1596 πνεύματος
3449 1520 3696 1596 ἔκκρισιν,
3759 1519 3822 1574 ἐπὶ

2217 1619 2384 1669 ταῦτα
2452 1613 2692 1688 γίνεσθαι
2742 1613 2972 1667 πάντοτε
3026 1613 3142 1666 καθ’
3189 1611 3224 1666 ἃ
3270 1611 3565 1686 προάγεται
3631 1613 3719 1663 τοῦ
3758 1607 3821 1661 νέ-

2219 1724 2355 1780 φους
2404 1705 2438 1771 ἡ
2497 1701 2792 1762 πύκνωσις.
2854 1704 3016 1756 ’Ώστε
3066 1699 3191 1754 ὅταν
3250 1699 3450 1754 ἄνωθεν
3505 1701 3541 1768 ἡ
3597 1697 3825 1756 πύκνωσις

2217 1790 2487 1866 ἀρξαμένη
2549 1789 2637 1845 ἐπὶ
2689 1790 2754 1844 τὰ
2804 1790 2952 1844 κάτω
3009 1789 3224 1862 γίνηται
3304 1787 3444 1862 μέρη
3504 1791 3601 1841 τοῦ
3649 1785 3822 1862 νέφους,

2217 1881 2418 1956 ἀνάγκη
2479 1877 2569 1933 καί
2621 1880 2720 1947 τήν
2779 1883 2876 1933 τοῦ
2933 1877 3240 1951 πνεύματος
3306 1875 3543 1951 ἔκκρισιν
3623 1874 3816 1930 ἐντεῦθεν

2214 1968 2506 2044 γινομένην
2541 1966 2789 2045 φέρεσθαι
2819 1968 2968 2021 κάτω
3000 1964 3089 2021 διὰ
3116 1968 3214 2035 τὴν
3253 1964 3394 2041 βίαν.

2286 2077 2349 2138 θ’.
2401 2074 2707 2149 Φερόμενος
2777 2071 2866 2128 οὖν
2913 2074 2942 2128 6
2988 2073 3169 2150 τυφὼν
3234 2071 3379 2126 κάτω
3445 2070 3536 2125 καὶ
3604 2067 3685 2124 διὰ
3744 2069 3818 2136 τὴν

2215 2162 2550 2237 ἀντίκρουσιν
2628 2161 2816 2234 κύκλῳ
2890 2160 3304 2236 περιαγόμενος,
3362 2160 3456 2214 καί
3522 2159 3658 2213 οὕτω
3722 2178 3815 2210 συν-

2210 2251 2538 2328 τρεφόμενος
2612 2250 2700 2304 καὶ
2780 2255 2951 2304 ποιῶν
3027 2246 3205 2304 ἕλικα·
3263 2251 3346 2309 οἷς
3421 2248 3482 2302 ἃν
3541 2247 3815 2322 προσπέσοι,

2208 2345 2375 2393 ταῦτα
2405 2336 2594 2410 κύκλῳ
2634 2338 2872 2415 στρέφων
2923 2342 3080 2394 κινεῖ.
3115 2337 3207 2391 Διὸ
3264 2335 3354 2390 καί
3409 2357 3534 2390 τινα
3588 2333 3815 2392 πολλάκις

2208 2432 2314 2482 τῶν
2345 2427 2431 2481 ὲπὶ
2478 2434 2578 2502 γῆν
2607 2429 2642 2495 ἢ
2679 2425 2952 2496 θαλάσσης
3006 2427 3234 2501 στρέψας
3294 2425 3370 2486 εἷς
3429 2424 3565 2498 ὕψος
3621 2421 3814 2478 ἀνέλκει·

2211 2517 2286 2578 ὡς
2348 2515 2435 2570 ἐπὶ
2491 2516 2552 2570 τὸ
2605 2515 2734 2570 αὐτὸ
2790 2513 2954 2570 πάλιν
3009 2514 3371 2586 ἀνακάμπτων
3433 2518 3516 2584 τῷ
3574 2513 3643 2584 μή
3696 2507 3809 2584 ἔχειν

2209 2602 2470 2674 διέξοδον.
2505 2605 2598 2658 Ἐκ
2651 2604 2745 2677 μὲν
2799 2601 2890 2658 οὗν
2940 2601 3210 2672 θαλάσσης
3253 2600 3398 2678 ὕδωρ
3452 2603 3654 2670 ἀνασπᾷ
3703 2596 3812 2652 πολ-

2209 2690 2388 2755 λάκις·
2420 2689 2528 2761 ἤδη
2559 2689 2617 2748 δὲ
2646 2690 2735 2746 καί
2783 2689 2978 2746 πλοῖον
3040 2691 3361 2763 ἐμετεώρισε
3403 2694 3477 2763 τῇ
3537 2688 3649 2761 δίνῃ
3697 2705 3813 2760 περιο

2209 2776 2416 2836 λαϐών.
2450 2783 2543 2836 Ἐκ
2574 2777 2632 2836 δὲ
2659 2788 2758 2850 τῆς
2791 2788 2895 2856 γῆς
2943 2780 3031 2835 καὶ
3080 2778 3213 2850 ξύλα
3258 2778 3348 2833 καὶ
3398 2777 3605 2847 λίθους,
3631 2772 3725 2844 ἤδη
3771 2769 3813 2826 δὲ

2205 2870 2294 2924 καὶ
2348 2875 2477 2940 ζῶα,
2528 2869 2618 2924 τὸν
2672 2869 2831 2923 αὐτον
2879 2869 3080 2943 τρόπον
3139 2869 3449 2943 ἀνήνεγκεν.
3493 2870 3622 2920 Ὅσα
3665 2861 3705 2918 δ’
3745 2862 3810 2915 ὑπ’

2207 2958 2369 3014 αὐτοῦ
2426 2959 2799 3036 ἀναφέρονται,
2859 2957 3046 3032 ὀλίγον
3128 2954 3553 3032 μετεωρισθέντα
3620 2948 3807 3028 καταφέ-

2207 3067 2387 3122 ρονται
2434 3046 2618 3118 πάλιν,
2666 3046 2933 3122 ξηρότατα
2978 3044 3241 3119 γενόμενα
3289 3042 3378 3098 διὰ
3433 3046 3532 3112 τὴν
3586 3041 3809 3117 ξηρότητα

2202 3141 2299 3191 τοῦ
2329 3134 2616 3211 ἀνάγοντος
2643 3139 2810 3190 ταῦτα
2839 3133 3164 3206 πνεύματος.

2285 3405 2334 3461 ι’.
2365 3406 2525 3457 Ὅταν
2582 3401 2676 3474 μὶν
2726 3399 2816 3455 οὖν
2863 3400 2926 3456 τὸ
2975 3405 3185 3473 πνεῦμα
3210 3401 3274 3454 τὸ
3320 3397 3496 3461 οὕτως
3543 3397 3810 3468 κινούμενον

2213 3492 2289 3564 μὴ
2362 3488 2746 3566 κεχρωσμένον
2889 3485 3128 3565 πυρώδει
3201 3487 3368 3564 χρόᾳ,
3442 3486 3602 3557 ὁποίᾳ
3667 3483 3809 3547 καὶῆ

2211 3580 2454 3656 ἀστραπή
2533 3576 2857 3653 κέχρωσται·
2937 3578 3060 3631 τότε
3133 3574 3380 3631 καλεῖται
3459 3576 3653 3653 τυφὼν,
3719 3572 3806 3625 οἷον

2211 3666 2455 3745 ἐκνεφίας
2505 3666 2741 3727 ἄπεπτος
2790 3661 2886 3721 ὤν.
2919 3664 2991 3720 Οὐ
3039 3665 3144 3739 γὰρ
3190 3661 3392 3726 τελέως
3450 3660 3807 3738 διακεκριμένον

2211 3753 2326 3811 οὐδ’
2376 3753 2784 3826 ἀπολελυμένον
2849 3754 2937 3808 ἀπ’
3002 3752 3166 3808 αὐτοῦ
3230 3757 3327 3806 τοῦ
3393 3754 3583 3831 νέφους
3627 3751 3682 3804 τὸ
3734 3749 3807 3800 τοῦ

2206 3849 2452 3922 τυφῶνος
2510 3842 2809 3918 ἐκκρίνεται
2863 3846 3076 3915 πνεῦμα
3130 3843 3268 3896 καθά
3321 3843 3383 3896 τὸ
3441 3845 3538 3897 τοῦ
3591 3836 3807 3914 έκνεφίου,

2209 3931 2355 3988 ἀλλά
2409 3931 2731 4008 συνεφέλκον
2787 3951 2838 3985 τι
2885 3929 2975 3985 καὶ
3031 3934 3129 3984 τοῦ
3175 3930 3371 4006 νέφους
3404 3927 3497 3984 διὰ
3523 3929 3581 3982 τὸ
3629 3927 3694 4000 μή
3743 3941 3810 3975 πει

2208 4016 2428 4097 πέφθαι,
2489 4020 2563 4081 ὡς
2619 4017 2867 4072 δύνασθαι
2927 4019 3146 4093 θάτερον
3207 4017 3313 4072 ἀπὸ
3397 4018 3617 4093 θατέρου
3670 4010 3808 4088 χωρί·

2212 4111 2408 4179 ζεσθαι.
2477 4111 2636 4163 Ὅταν
2707 4104 2764 4162 δὲ
2824 4107 2887 4162 τὸ
2952 4106 3350 4182 προειρημένον
3415 4110 3624 4178 πνεῦμα
3684 4118 3809 4156 κατα·

2211 4199 2494 4270 σπώμενον
2584 4196 2870 4271 έκπυρωθῇ
2961 4195 3157 4272 πεφθὲν
3217 4193 3267 4249 έν
3340 4199 3410 4269 τῇ
3488 4195 3681 4264 κινήσει
3743 4185 3808 4242 καὶ

2211 4286 2534 4361 λεπτότερον
2617 4285 2858 4360 γεγονὸς,
2943 4283 3066 4339 τότε
3119 4280 3364 4338 καλεῖται
3441 4282 3699 4360 πρηστήρ·
3745 4275 3806 4330 ὅτι

2205 4375 2298 4430 τὸν
2330 4372 2566 4444 πλησίον
2609 4368 2740 4450 ἀέρα
2789 4372 3252 4446 συνεκπίμπρησιν
3305 4370 3356 4426 ἐν
3412 4375 3483 4446 τῇ
3529 4367 3804 4444 ἐκπυρώσει,

2210 4464 2348 4518 ὥστε
2398 4463 2488 4518 καὶ
2545 4461 2914 4538 χρωματίζειν
2978 4460 3157 4516 αὐτόν.
3189 4460 3308 4515 Ἐὰν
3370 4458 3417 4515 δ’
3475 4460 3526 4515 ἐν
3581 4457 3711 4528 αὐτῷ
3748 4455 3806 4520 τῷ

2208 4553 2356 4631 νέφει
2394 4550 2539 4606 πολὺ
2569 4550 2657 4605 καὶ
2699 4549 2893 4606 λεπτὸν
2945 4543 3176 4622 ἐκθλιϐῇ
3228 4553 3460 4621 πνεῦμα,
3492 4551 3643 4603 τοῦτο
3691 4542 3803 4631 γίνε-

455 4651 590 4691 vero
620 4635 679 4692 in
713 4638 842 4705 ipsa
872 4640 1026 4694 nube
1060 4639 1330 4711 copiosus
1361 4646 1417 4696 et
1462 4641 1656 4695 tenuis
1707 4641 1949 4712 spiritus
2006 4657 2100 4696 ex-

2218 4627 2296 4696 ται
2355 4639 2630 4716 κεραυνός.
2662 4640 2719 4692 Ὁ
2754 4639 2846 4711 μὲν
2904 4641 3005 4713 γὰρ
3060 4637 3242 4716 τυφὼν
3303 4643 3532 4714 παχεῖαν
3591 4633 3691 4710 ἔχει
3730 4627 3805 4694 τὴν

460 4739 702 4794 pressus
730 4726 922 4793 fuerit,
966 4727 1189 4785 fulmen
1245 4728 1296 4784 is
1351 4729 1622 4784 efficitur.
1682 4728 1894 4784 Vortex
1945 4730 2102 4786 enim

458 4827 719 4869 crassam
751 4816 1136 4874 excretionem
1167 4817 1364 4884 habet,
1396 4822 1618 4890 prester
1647 4822 1843 4872 autem
1875 4817 2100 4873 tenuio-

457 4915 581 4956 rem
613 4917 790 4972 quam
821 4913 1037 4974 vortex,
1079 4907 1180 4962 sed
1239 4906 1431 4962 adhuc
1483 4905 1805 4962 subtilioris
1859 4905 2102 4979 spiritus

455 4990 799 5062 fulmen,est
827 4995 1098 5052 excretio.

528 5083 615 5137 11.
649 5081 852 5137 Diﬂ‘ert
907 5088 1104 5140 autem
1163 5084 1236 5139 ab
1284 5084 1632 5155 excretione,
1687 5101 1813 5156 quas
1843 5083 2103 5140 tonitrua

453 5169 596 5226 facit
625 5174 682 5226 et
713 5169 967 5243 fulgura,
1001 5175 1153 5244 quod
1214 5173 1316 5229 illa
1371 5190 1474 5245 per
1528 5173 1767 5246 exiguas
1797 5177 2013 5244 partes,
2044 5177 2102 5229 et

455 5258 708 5331 sparsim
740 5264 797 5314 et
825 5276 894 5314 ex
921 5261 1244 5318 intervallis
1265 5263 1350 5329 fit,
1383 5261 1850 5333 imbecillemque
1870 5262 2100 5318 inﬂam-

459 5347 776 5405 mationem
811 5347 1008 5404 habet.
1057 5351 1129 5404 At
1185 5349 1497 5405 fulminum
1554 5351 1804 5407 excretio
1845 5352 1916 5406 ab
1974 5351 2103 5422 ipsa

458 5437 652 5492 differt
681 5453 815 5492 cum
848 5438 1154 5502 tenuitate,
1185 5443 1308 5493 tum
1333 5439 1574 5510 insuper
1601 5440 1778 5496 etiam
1831 5440 2103 5496 multitu-

459 5525 633 5585 dine:
668 5526 886 5582 fulmen
944 5526 1101 5583 enim
1151 5527 1536 5583 tenuissimus
1592 5533 1650 5584 et
1713 5529 1985 5600 copiosus
2014 5534 2104 5584 est

455 5616 726 5688 spiritus,
755 5618 853 5687 qui
886 5615 1062 5670 simul
1098 5615 1298 5682 fertur,
1330 5619 1385 5669 et
1411 5616 1782 5672 vehementer
1829 5617 2103 5672 incensus

453 5711 562 5763 est.

2209 4725 2465 4804 ἔκκρισινο
2520 4727 2842 4803 λεπτοτέραν
2894 4723 2954 4782 δὶ
2996 4730 3093 4782 τοῦ
3139 4729 3384 4802 τυφῶνος
3415 4727 3443 4780 6
3495 4717 3803 4800 πρηστήριό

2211 4815 2268 4873 δὲ
2293 4817 2574 4893 κεραυνὸς,
2605 4813 2681 4872 ἔτι
2716 4815 2926 4890 μᾶλλον
2979 4811 3309 4891 λεπτοτέρου
3355 4810 3652 4886 πνεύματός
3696 4806 3801 4862 ἐστιν

2210 4904 2444 4982 ἔκκρισις
2455 4948 2468 4962 .

2283 5085 2366 5142 ια’,
2401 5081 2655 5161 Διαφέροι
2703 5079 2748 5136 δ’
2777 5081 2834 5136 ἃν
2879 5087 2982 5152 τῆς
3027 5082 3121 5144 τὰς
3175 5081 3398 5157 βροντὰς
3444 5078 3533 5135 καὶ
3575 5068 3800 5161 ἀστραπὰς

2208 5171 2477 5242 ποιούσης
2514 5155 2846 5248 έέικρίσεως,
2883 5169 3014 5260 λὸτιλ
3051 5155 3219 5260 κατὰ.
3265 5168 3432 5260 μικρὰ
3509 5167 3597 5260 μὲν
3667 5155 3803 5260 bal":

2209 5261 2298 5316 καὶ
2377 5257 2654 5337 σποράδην
2726 5259 2815 5314 καὶ
2879 5257 2938 5314 ἐκ
2993 5255 3403 5331 διαλειμμάτων
3485 5254 3667 5332 γίνεται
3737 5254 3803 5337 καί

2209 5349 2402 5418 ἀσθενῆ
2462 5335 2562 5419 τὴν
2621 5347 2922 5422 ἐκπύρωσιν
2983 5345 3120 5422 ἔχει.
3178 5348 3241 5403 Ἦ
3299 5343 3357 5401 δὲ
3409 5349 3515 5402 τῶν
3575 5335 3800 5422 κεραυνῷν

2212 5436 2460 5516 διαφέροι
2521 5437 2616 5510 μὲν
2677 5435 2736 5492 ἂν
2761 5420 2768 5422 ὴ
2795 5420 3153 5506 ἐκείνης-καὶ
3183 5438 3252 5508 τῇ
3284 5432 3591 5503 λεπτότητι,
3618 5427 3671 5522 οὐ
3719 5420 3800 5522 μῂγ

2209 5505 2382 5584 ἀλλὰ*
2431 5505 2532 5581 καὶ⁷
2600 5530 2681 5598 τῷ
2732 5505 2971 5597 πλήθει(
3013 5505 3342 5582 λεπτότατον
3401 5522 3501 5598 γὰρ
3554 5517 3636 5575 καὶ
3690 5505 3800 5566 πολὺ

2211 5620 2425 5688 πνεῦμα
2479 5615 2566 5669 καὶ
2629 5616 2772 5687 ὁμοῦ
2826 5612 3122 5692 φερόμενον
3181 5611 3270 5666 καὶ
3331 5611 3560 5687 ἰσχυρῶς
3615 5604 3798 5658 gmw"

2217 5704 2458 5782 ρωμένον
2492 5705 2520 5758 ὁ
2549 5703 2826 5782 κεραυνός.
