4024 6428
204 472 362 533 1185

205 687 426 762 ἐπικαίῃ
474 692 641 743 ταῦτα
697 689 777 749 οἷς
836 687 894 742 ἂν
954 686 1307 764 προσπίπτοι·
1339 689 1400 742 τὸ
1445 694 1692 743 τοιοῦτον
1741 685 1844 761 (δὲ)

203 782 418 851 πνεῦμα
473 777 728 853 κεραυνὸν
785 776 995 852 ἀργῆτα
1045 781 1298 832 καλοῦσιν
1359 778 1411 830 οἱ
1465 776 1708 848 ποιηταί.
1749 783 1848 830 “Av

208 864 267 922 δὲ
300 868 376 940 μὴ
407 865 580 928 οὕτως
612 862 695 934 εἷή
728 866 788 919 τὸ
831 869 1042 938 πνεῦμα
1099 863 1317 936 λεπτὸν,
1351 863 1497 920 ἀλλᾶ
1553 865 1846 943 φερόμενον

210 955 453 1012 ἱπικαῖον
541 955 788 1032 φέρηται,
845 951 1031 1015 ἄλλως
1115 953 1556 1025 κατονομάζεται.
1615 955 1672 1007 Ὀ
1757 952 1849 1024 μὲν

211 1041 304 1099 οὖν
354 1042 528 1120 ἀργῆς
577 1040 918 1115 καλούμενος
983 1043 1164 1119 φθάνει
1224 1038 1376 1096 διιὼν
1433 1046 1602 1096 ταῦτα
1656 1042 1738 1102 οἷς
1796 1039 1855 1094 ἂν

211 1131 460 1206 ἐμπέσοι,
491 1131 598 1206 πρὸ
653 1134 749 1185 τοῦ
808 1129 1087 1184 ἐπικαῦσαι
1137 1131 1172 1199 ἢ
1227 1129 1373 1193 ὅλως
1427 1129 1652 1203 μελᾶναι
1701 1127 1852 1184 aii-ca"

215 1221 328 1293 ἅμα
388 1220 481 1292 μὲν
544 1215 633 1273 διὰ
687 1219 750 1273 τὸ
799 1218 968 1294 τάχος
1011 1221 1112 1288 τῆς
1140 1221 1430 1289 κινήσεως,
1488 1220 1601 1291 ἅμα
1658 1215 1715 1272 δὲ
1768 1218 1858 1272 καὶ

210 1310 310 1378 τὴν
367 1315 469 1378 τῆς
527 1306 711 1370 οὐσίας
760 1304 1066 1376 λεπτότητα
1112 1312 1334 1384 ταχεῖαν
1390 1307 1714 1381 ποιούμενος
1761 1308 1861 1375 τὴν

215 1393 474 1467 διέξοδον.
506 1402 564 1454 '0
595 1393 641 1451 δ’
672 1392 843 1458 ἄλλος
901 1396 1158 1472 κεραυνὸς
1220 1397 1294 1469 μή
1329 1395 1536 1469 ὁμοίως
1598 1397 1858 1472 ὑπάρχων

218 1484 439 1550 λεπτὸς,
471 1482 794 1561 βραδύτερόν
847 1506 907 1539 τε
949 1483 1268 1562 φερόμενος,
1313 1485 1586 1561 χρώννυσι
1649 1485 1740 1558 μὲν
1797 1484 1865 1538 τὰ

249 1576 273 1594 γ
532 1575 541 1592 ι
767 1573 777 1590 ι
922 1573 938 1591 ς
1001 1593 1014 1604 ,
1075 1572 1087 1591 ς
1155 1570 1181 1589 τ
1328 1570 1352 1589 τι
1490 1573 1503 1591 ς
1690 1573 1704 1592 κ
1833 1576 1860 1586 η.

217 1594 300 1635 οις
334 1572 858 1650 ἐμπελαζει,φθανει
892 1569 948 1626 δε
1003 1593 1090 1626 και
1122 1593 1278 1635 ουτος
1325 1571 1551 1628 οιελθων
1608 1593 1712 1648 προ
1768 1593 1864 1626 του

217 1666 407 1717 καῦσαι
463 1661 613 1716 αὐτά.
659 1659 752 1716 Διὸ
791 1660 879 1716 καὶ
927 1662 995 1715 τά
1045 1661 1136 1734 μὲν
1183 1661 1613 1731 ἀντιτυπήσαντα
1667 1660 1864 1735 πάσχει

219 1769 293 1805 τι·
327 1747 478 1804 οὐδὲν
534 1746 592 1803 δὲ
636 1752 884 1804 τοιοῦτον
938 1750 1137 1824 πάσχει
1193 1749 1258 1803 τὰ
1299 1750 1372 1822 μή
1417 1749 1865 1819 ἀντιτυπῆσανταο

221 1841 336 1894 οἷον
386 1837 611 1900 ἀσπίδος
671 1839 698 1892 ὁ
757 1838 848 1910 μὲν
909 1837 1120 1914 χαλκὸς
1209 1835 1295 1894 διὰ
1378 1840 1476 1907 τὴν
1561 1837 1868 1892 ἀντιτυπίαν

1535 464 1880 531 EPITOME
1925 467 2278 531 PHYSICA.

279 601 368 676 ιβ’.
403 601 498 657 Ἂν
547 600 642 672 μὶν
690 596 780 654 οὗν
827 597 945 653 λίαν
994 593 1076 667 εἶή
1126 597 1190 653 τὸ
1229 602 1440 672 πνεῦμα
1489 596 1707 671 λεπτὸν,
1744 595 1857 653 οὐδ’
1885 603 1942 667 Α

3460 467 3618 531 1186

2043 601 2127 656 12.
2161 601 2323 666 Quod
2355 601 2404 657 si
2431 601 2611 674 igitur
2639 601 2954 657 admodum
2989 601 3183 657 tenuis
3216 602 3389 657 fuerit
3436 603 3614 674 spiri-

1956 693 2080 756 tus,
2115 691 2213 745 sed
2247 695 2443 746 tamen
2474 708 2588 746 non
2622 691 2831 745 adurat
2863 707 2932 744 ea
2961 689 3020 744 in
3052 707 3178 761 quae
3210 689 3437 758 incidit,
3463 694 3614 763 ejus-

1959 779 2116 832 modi
2145 778 2418 850 spiritum
2448 784 2627 851 poetae
2660 784 2941 850 argetem,
2975 779 3031 832 id
3065 783 3174 845 est,
3227 781 3451 834 clarum
3509 781 3616 836 ful-

1962 882 2117 934 men,
2148 874 2375 922 vocant.
2409 868 2508 922 Sin
2544 875 2740 922 autem
2773 867 2854 922 ita
2878 869 3076 922 tenuis
3105 868 3303 938 fuerit,
3336 870 3437 924 sed
3471 871 3615 925 dum

1962 953 2167 1019 fertur,
2226 957 2524 1010 adurendo
2598 956 2856 1023 feratur;
2935 955 3103 1011 aliter
3175 958 3612 1027 denominatur,

1964 1042 2230 1112 [Psoloen
2271 1043 2512 1098 scilicet.
2575 1044 2726 1100 218
2787 1043 2956 1114 quasi
3011 1045 3194 1112 dicas,
3228 1046 3612 1118 fuliginosum

1965 1122 2232 1204 fulmen].
2267 1132 2428 1197 Quod
2467 1131 2664 1203 itaque
2704 1149 2894 1205 arges,
2935 1133 2992 1188 id
3024 1139 3131 1201 est,
3174 1134 3396 1190 clarum
3444 1154 3616 1193 voca-

1969 1225 2087 1288 tur,
2120 1220 2286 1291 prius
2317 1225 2581 1291 penetrat
2611 1220 2713 1276 illa
2745 1221 2803 1275 in
2834 1238 2962 1292 quae
2993 1221 3215 1290 incidit,
3249 1241 3426 1296 quam
3468 1228 3610 1282 adu-

1971 1312 2081 1375 rat,
2137 1313 2240 1363 aut
2295 1307 2533 1363 omnino
2589 1308 2877 1364 infuscet:
2939 1326 3071 1364 cum
3125 1317 3359 1382 propter
3415 1322 3614 1372 motus

1971 1395 2348 1463 celeritatem,
2388 1403 2512 1451 tum
2545 1403 2782 1469 propter
2824 1399 3091 1454 essentia;
3141 1402 3483 1458 tenuitatem
3539 1404 3620 1460 ita

1973 1484 2233 1540 celeriter
2254 1485 2563 1541 transiens.
2584 1487 2692 1541 Sed
2723 1486 2974 1542 alterum
2995 1487 3214 1544 fulmen
3238 1492 3395 1560 quod
3421 1493 3620 1550 minus

1977 1577 2150 1629 tenue
2182 1579 2269 1628 est
2301 1579 2356 1628 et
2394 1575 2619 1629 tardius
2671 1576 2870 1643 fertur,
2922 1575 3111 1631 colore
3161 1578 3398 1649 quidem
3446 1581 3621 1653 tingit

1977 1679 2044 1717 ea
2073 1663 2290 1733 quibus
2319 1662 2632 1735 appulsum
2668 1662 2878 1730 fuerit;
2911 1664 3013 1718 sed
3053 1669 3110 1718 et
3151 1664 3258 1720 hoc
3304 1668 3468 1737 prius
3518 1684 3614 1739 pe-

1980 1755 2188 1816 netrat,
2224 1767 2397 1820 quam
2449 1756 2654 1806 exurat
2700 1767 2785 1805 ea.
2829 1752 3216 1816 Quamobrem
3268 1755 3444 1810 etiam
3491 1757 3618 1811 duae

1982 1839 2174 1894 renisa
2206 1837 2420 1894 fuerint
2459 1839 2762 1910 patiuntur
2817 1838 3062 1911 aliquid,
3123 1841 3204 1895 nil
3265 1845 3623 1914 patientibus

221 1925 408 1998 ἐτάκη,
456 1929 519 1982 τὸ
569 1925 627 1981 δὲ
675 1926 834 1997 ξύλον
881 1925 982 1980 οὐκ
1027 1925 1222 1997 ἐκαύθη
1273 1924 1385 1986 (διὰ
1433 1926 1708 2000 μανότητα
1769 1927 1870 2003 γὰρ

1991 1927 2100 1982 illis
2131 1944 2257 1998 quae
2289 1944 2404 1982 non
2435 1927 2807 1994 obstiterint;
2842 1928 3019 1983 veluti
3071 1930 3221 1984 scuti
3261 1948 3340 1986 res
3389 1939 3627 2004 propter

226 2014 420 2095 ἔφθασε
476 2014 732 2086 ὃιηθηθὲν
789 2016 853 2070 τὸ
908 2020 1117 2088 πνεῦμα
1171 2015 1260 2069 καὶ
1311 2013 1567 2088 διελθόν)·
1599 2016 1689 2070 καὶ
1741 2017 1870 2088 ἱμα-

261 2104 274 2158 ί
423 2102 466 2124 ⁸η
707 2103 720 2122 \
857 2103 871 2123 ,
973 2101 997 2122 Ἠ
1421 2103 1434 2122 ἳ
1488 2105 1500 2122 \
1686 2105 1698 2123 ἲ
1789 2106 1811 2122 γ

223 2126 358 2167 τοις
420 2115 447 2158 ὸ
525 2103 758 2176 ἔμπεσον
816 2125 916 2158 ουκ
972 2123 1162 2157 εκαυσε
1224 2105 1316 2176 μὲν
1377 2125 1530 2174 αυτα,
1571 2102 1680 2159 ἀλλ
1756 2124 1869 2159 οιον

220 2193 401 2268 τρύχη
478 2191 750 2262 ἐποίησεν.
812 2193 876 2246 Οἱ
948 2192 1042 2264 μὲν
1111 2190 1201 2246 οὖν
1273 2197 1381 2247 τῶν
1445 2198 1712 2268 κεραυνῶν
1785 2192 1874 2247 αἷ-

229 2278 493 2343 θαλώδεις
593 2281 768 2342 οὕτως
856 2275 1096 2356 ἔχουσιν·
1169 2281 1221 2334 οἱ
1297 2279 1354 2335 δὲ
1424 2281 1636 2356 ταχέως
1726 2278 1874 2351 διᾴτ-

227 2389 409 2432 τοντες
487 2371 735 2447 ἀργῆτες,
813 2369 988 2443 οἶμαι,

235 2460 331 2529 σθη
341 2479 432 2513 σαν
444 2471 466 2511 .’
776 2467 783 2474 ’

1068 2370 1184 2424 κατ’
1259 2369 1569 2448 ἀντίφρασιν
1655 2370 1870 2442 ὠνομά-

308 2635 394 2709 ιγ’.
437 2636 534 2689 Καὶ
597 2635 649 2690 οἱ
703 2637 797 2708 μὲν
868 2634 1183 2698 ἐλικοειδῶς
1243 2637 1532 2715 φερόμενοι
1605 2637 1874 2712 κεραυνοὶ,

241 2721 437 2778 ὲλικίαι
535 2723 804 2799 λέγονται·
884 2725 934 2779 οἱ
1021 2723 1078 2780 δὲ
1122 2729 1616 2796 κατασκήπτοντες
1689 2723 1763 2787 εἵς
1828 2747 1878 2779 τι

246 2818 588 2888 μονομερῶς,
623 2813 674 2867 οἱ
702 2817 943 2868 τοιοῦτοι
973 2813 1262 2868 καλοῦνται
1295 2815 1550 2884 σκηπτοί.

315 2898 398 2957 ιδ’.
453 2901 564 2955 Ἀεὶ
615 2897 673 2955 δὲ
716 2907 831 2962 τοῖς
898 2907 1178 2974 κεραυνοῖς
1241 2903 1616 2978 ἀνεκπύρωτον
1671 2908 1884 2975 πνεῦμα

245 2987 657 3045 συνακολουθεῖν
715 2990 804 3044 καὶ
862 2992 1108 3067 προϊέναι
1168 2991 1342 3046 αὐτῶν
1421 2993 1743 3047 ὑπονοεῖται.
1791 2995 1884 3057 Οἷς

241 3079 344 3154 γὰρ
393 3076 452 3132 ἂν
504 3077 789 3150 ἐμπίπτειν
848 3077 1045 3152 μέλλοι
1095 3082 1123 3134 ὁ
1170 3081 1447 3156 κεραυνὸς,
1494 3085 1661 3136 ταῦτα
1717 3088 1883 3137 κινεῖ-

238 3187 324 3221 ται
374 3166 480 3241 πρὸ
523 3173 622 3236 τῆς
669 3165 914 3243 πληγῆς.
962 3166 1138 3223 Ἀλλά
1183 3169 1272 3223 καὶ
1320 3169 1353 3223 ’ὰ
1409 3167 1705 3224 διίστανταί
1754 3191 1887 3226 ποτε

235 3253 529 3330 γενομένης
592 3255 844 3332 βροντῆς,
903 3256 964 3311 οὐ
1021 3261 1098 3330 τῷ
1156 3257 1317 3335 ψόφῳ
1375 3257 1520 3330 αὐτῷ
1583 3256 1882 3323 διίστασθαι

1983 2017 2246 2071 renixum
2281 2017 2571 2088 liquatum
2608 2017 2751 2084 fuit;
2787 2017 3011 2089 lignum
3043 2025 3236 2075 autem
3269 2020 3441 2093 [tum]
3473 2039 3627 2080 com-

1983 2105 2222 2160 bustum
2256 2122 2371 2160 non
2406 2107 2513 2159 fuit
2545 2106 2780 2177 (quippe
2809 2111 3044 2177 propter
3059 2108 3355 2164 raritatem
3379 2109 3622 2182 spiritus

1983 2193 2146 2264 prius
2178 2193 2564 2249 transmissus
2599 2195 2706 2247 fuit
2735 2200 2791 2248 et
2821 2195 3200 2267 penetravit);
3235 2197 3334 2252 sed
3377 2203 3436 2253 et
3484 2216 3620 2255 cum

1987 2283 2045 2336 in
2089 2288 2272 2337 vestes
2297 2283 2582 2349 inciderit,
2605 2300 2716 2337 non
2754 2287 2951 2338 tamen
2974 2301 3073 2339 eas
3095 2286 3340 2353 adussit,
3369 2289 3468 2342 sed
3493 2304 3623 2359 pro-

1986 2370 2162 2424 trivit.
2195 2370 2286 2424 Sic
2319 2372 2517 2442 itaque
2545 2370 2808 2425 ardentia
2838 2387 2898 2425 se
2930 2371 3148 2427 habent
3178 2372 3462 2442 fulmina;
3497 2392 3624 2446 quae

1988 2474 2117 2513 vero
2148 2457 2410 2513 celeriter
2440 2457 2769 2530 prosiliunt,
2801 2458 2974 2529 clara,
3009 2465 3073 2514 ut
3099 2461 3326 2532 opinor,
3359 2479 3463 2534 per
3517 2481 3622 2520 an-

1987 2546 2302 2618 tiphrasin,
2337 2546 2493 2601 dicta
2523 2550 2682 2602 sunt.

2060 2637 2146 2691 13.
2181 2635 2314 2698 Quae
2347 2638 2538 2690 autem
2575 2634 2821 2690 fulmina
2851 2637 3155 2693 convolute
3183 2639 3470 2707 feruntur,
3525 2641 3628 2698 be-

1990 2724 2133 2778 licite
2165 2725 2476 2778 dicuntur:
2511 2740 2636 2794 quae
2666 2741 2798 2779 vero
2830 2725 2889 2779 in
2912 2725 3131 2797 aliquid
3169 2727 3472 2800 sigillatim
3509 2728 3629 2784 illi-

1993 2814 2230 2884 duntur,
2265 2813 2382 2868 haec
2413 2821 2611 2885 scepta
2640 2818 2939 2869 vocantur.

2066 2903 2150 2957 14.
2174 2903 2349 2957 Porro
2372 2903 2858 2974 semperspiritus
2882 2921 2994 2959 non
3019 2904 3421 2962 inﬂammatus
3440 2907 3632 2963 fulmi—

1993 3009 2070 3047 na
2089 2992 2369 3062 subsequi
2391 2997 2447 3046 et
2469 2991 2788 3062 praecedere
2801 2993 3300 3050 animadvertitur.
3324 2999 3453 3050 Haec
3473 2996 3630 3052 enim

1992 3081 2049 3135 in
2066 3098 2193 3152 quae
2219 3081 2436 3135 fulmen
2457 3080 2804 3135 irruiturum
2822 3081 3107 3149 est,etiam
3124 3090 3257 3139 ante
3274 3084 3455 3139 ictum
3475 3087 3628 3142 219

1997 3175 2322 3226 moventur.
2382 3169 2492 3224 Sed
2549 3174 2604 3223 et
2661 3186 2788 3240 quae
2839 3171 3143 3225 ﬁnduntur
3205 3189 3627 3245 nonnunquam

1994 3261 2149 3316 edito
2178 3258 2418 3320 tonitru,
2451 3274 2564 3312 non
2587 3257 2715 3329 ipso
2744 3275 2906 3324 sono,
2940 3260 3039 3314 sed
3070 3260 3276 3331 spiritu
3310 3261 3408 3332 qui
3439 3278 3632 3318 excer-

241 3340 408 3415 δοκεῖ,
458 3343 602 3399 ἀλλά
646 3349 726 3417 τῷ
773 3344 1141 3422 ἐκκρινομὲνῳ
1201 3346 1466 3419 πνεύματι
1523 3351 1630 3401 τῶν
1682 3352 1875 3425 νεφῶν,

1998 3349 2176 3415 nitur,
2208 3346 2424 3417 quippe
2455 3327 2761 3417 propterea
2807 3347 2958 3417 quod
3016 3347 3074 3402 in
3102 3327 3635 3421 nubes-impingit

242 3433 272 3486 ’ὸ
317 3429 408 3486 διὰ
451 3439 552 3502 τῆς
599 3434 734 3509 πρὸς
780 3435 848 3488 τὰ
899 3435 1032 3513 νέφη
1084 3433 1310 3510 πληγῆς
1355 3436 1445 3490 τὸν
1497 3435 1669 3514 ψόφον
1717 3442 1882 3495 ποιεῖ.

242 3525 408 3575 Τοῦτο
496 3521 599 3598 γὰρ
690 3523 947 3593 πατάξαν,
1035 3521 1280 3593 διέστησε
1377 3525 1494 3598 μὲν,
1566 3524 1665 3579 οὐκ
1755 3525 1885 3580 ἀπέ-

244 3629 408 3664 καυσε
438 3607 516 3667 δέ.

318 3699 394 3754 ιε’.
447 3698 671 3773 Φέρεται
733 3697 790 3754 δὲ
837 3699 982 3754 κάτω
1039 3706 1141 3754 πᾶν
1187 3702 1247 3756 τὸ
1298 3700 1670 3777 ἐκκρινόμενον
1728 3707 1886 3758 πνεῦ-

249 3806 341 3858 μαο
391 3786 566 3841 καίτοι
633 3787 786 3864 φύσει
855 3787 1124 3864 τυγχάνον
1193 3789 1462 3868 ἀνωφερὲς
1528 3792 1602 3853 ὡς
1666 3793 1884 3866 θερμὸν,

248 3871 336 3928 διὰ
377 3876 440 3929 τὸ
493 3875 682 3950 βιαίως
733 3872 1072 3940 ἐκθλίϐεσθαι
1117 3882 1225 3932 τῶν
1273 3884 1468 3949 νεφῶν,
1508 3879 1888 3953 πυκνουμὲνων

241 3962 442 4026 ἄνωθεν
527 3964 616 4018 καὶ
696 3964 1141 4038 συστελλομένων
1218 3967 1306 4022 καὶ
1373 3969 1509 4044 πρὸς
1581 3968 1885 4024 τούναντίον

237 4049 384 4106 κάτω
433 4052 775 4124 ποιουμένων
822 4053 919 4122 τήν
968 4051 1224 4131 ἔκκρισιν.
1273 4055 1427 4110 Οὕτω
1465 4056 1565 4132 γάρ
1608 4077 1727 4110 τινα
1784 4058 1886 4112 πά-

240 4134 325 4194 λιν
376 4139 640 4215 βαρότεοα
690 4142 918 4208 σώματα
962 4143 1052 4197 καὶ
1101 4142 1253 4220 φύσει
1301 4152 1587 4222 κατωφερῆ
1639 4142 1750 4200 ἄνω
1794 4145 1888 4223 φὲ-

240 4247 409 4304 ρεται,
460 4230 573 4283 οἷον
626 4227 964 4303 ἐκπηδῶντα,
1017 4228 1106 4286 διὰ
1149 4234 1211 4287 τὸ
1261 4232 1498 4297 κάτωθεν
1559 4236 1658 4304 τὴν
1710 4230 1888 4290 ἔκθλι-

239 4319 328 4390 ψιν
412 4317 686 4392 γίνεσθαι,
774 4319 954 4397 ὥσπερ
1039 4321 1105 4376 τά
1189 4321 1657 4396 ἐκπυρηνιζόμενα
1760 4322 1886 4400 βλὲ-

239 4423 436 4477 πομεν,
515 4406 603 4460 καὶ
689 4404 854 4463 ὕδατα
940 4407 1128 4465 πολλὰ
1212 4410 1447 4465 κάτωθεν
1530 4413 1640 4466 ἄνω
1725 4412 1885 4489 φερό-

249 4513 400 4567 μενα.

1995 3453 2203 3491 sonum
2227 3433 2424 3501 ellicit,
2450 3434 2589 3488 ﬁndi
2617 3434 2905 3489 videntur.
2939 3436 3161 3508 Quippe
3184 3437 3233 3492 is
3257 3439 3634 3508 percussione

1995 3541 2100 3579 sua
2131 3523 2311 3579 efficit
2340 3523 2598 3593 quidem,
2635 3527 2700 3577 ut
2730 3523 3029 3579 ﬁndantur
3056 3549 3069 3591 ;
3094 3530 3154 3579 at
3183 3541 3296 3580 non
3326 3526 3464 3581 item
3491 3542 3635 3583 exu-

1996 3612 2070 3668 rit
2101 3629 2187 3668 ea.

2070 3703 2154 3756 15.
2195 3701 2448 3772 Denique
2477 3701 2752 3754 deorsum
2798 3701 2978 3756 fertur
3024 3702 3215 3757 omnis
3241 3703 3484 3774 spiritus
3532 3703 3632 3775 qui

1997 3791 2344 3855 excernitur,
2386 3789 2622 3844 tametsi
2654 3788 2800 3844 alias
2829 3795 3067 3861 propter
3094 3791 3347 3847 calorem
3395 3808 3634 3848 sursum

1995 3881 2220 3946 tendat,
2271 3883 2576 3950 propterea
2621 3879 2775 3948 quod
2836 3877 3117 3934 violenter
3180 3887 3523 3936 excernatur
3569 3897 3639 3937 ex

2000 3968 2256 4024 nubibus
2289 3983 2414 4037 quae
2447 3981 2698 4037 superne
2729 3966 3062 4036 spissantur
3092 3972 3148 4020 et
3168 3967 3638 4039 confringuntur,

1999 4061 2055 4112 et
2084 4057 2141 4110 in
2173 4055 2523 4110 contrariam
2553 4059 2798 4125 partem,
2843 4055 3111 4110 deorsum
3148 4055 3390 4127 scilicet,
3449 4071 3644 4112 excre-

1998 4145 2215 4201 tionem
2249 4143 2488 4198 faciunt.
2513 4143 2602 4197 Sic
2623 4142 2777 4197 enim
2803 4143 3062 4198 vicissim
3085 4144 3350 4215 graviora
3373 4145 3640 4216 quaedam

1997 4251 2261 4306 corpora,
2292 4248 2537 4304 quisque
2561 4236 2768 4286 natura
2797 4233 3070 4287 deorsum
3101 4236 3367 4303 vergunt,
3401 4249 3640 4288 sursum

1999 4328 2305 4378 moventur
2332 4320 2497 4392 quasi
2532 4319 2879 4390 exsilientia,
2905 4321 2977 4375 ob
3027 4321 3413 4375 excretionem
3465 4319 3638 4375 nimi-

1998 4429 2129 4467 rum
2189 4412 2412 4465 inferne
2465 4409 2718 4476 factam;
2796 4409 3292 4480 quemadmodum
3370 4423 3511 4462 sane
3573 4424 3642 4464 ea

1997 4517 2123 4572 qua:
2182 4497 2535 4569 compressis
2615 4497 2816 4568 digitis
2902 4496 3218 4566 eliduntur,
3288 4500 3345 4550 et
3424 4493 3642 4551 multas

1915 4578 1961 4643 D
2000 4605 2185 4661 aquas
2235 4604 2303 4643 ex
2359 4587 2545 4643 infero
2575 4586 2634 4641 in
2693 4601 2971 4656 superum
3035 4584 3228 4640 locum
3283 4583 3502 4640 moveri
3556 4583 3642 4640 vi-

1998 4679 2228 4734 demus.

1543 4864 1882 4925 SYNOPSIS
1919 4867 2194 4924 CAPITIS
2235 4863 2346 4928 XX,

866 4968 1021 5015 QUOD
1061 4969 1162 5009 EST
1200 4971 1269 5009 DE
1307 4970 1572 5010 OSTENTIS
1611 4972 1735 5012 SIVE
1769 4973 2032 5014 SPECTRIS
2071 4971 2200 5020 QUE
2232 4971 2288 5008 ΙΝ
2329 4967 2496 5007 COELO
2549 4965 3019 5005 CONSPICIUNTUR.

245 5047 305 5106 1.
322 5043 724 5140 βρςσινονιιςη
751 5069 852 5108 seu
881 5060 1236 5111 ostentorum
1259 5072 1386 5132 quae
1409 5053 1473 5112 in
1493 5053 1633 5114 caelo
1648 5057 2090 5136 conspiciuntur
2117 5049 2632 5140 causam_exponit,
2656 5049 2881 5140 foniitis
2901 5047 3286 5139 z'ncemionem
3297 5044 3538 5138 scilicet.
3566 5079 3643 5091 ~—

321 5125 490 5214 2..In
515 5129 702 5214 specie
730 5148 964 5190 causam
996 5134 1194 5214 aperit
1219 5125 1524 5193 variorum
1557 5135 1617 5192 in
1642 5125 1794 5194 caelo.
1815 5155 1933 5214 app

1937 5136 2230 5195 arentium
2263 5127 2541 5200 colorum,
2579 5129 2638 5187 in
2662 5129 2876 5206 primis
2908 5147 3041 5188 vero
3066 5127 3310 5208 punicei
3319 5135 3393 5208 iet
3415 5145 3644 5206 purpu-

323 5206 646 5292 rez','_quod
673 5209 864 5292 [umeri
889 5230 1002 5292 per
1030 5206 1268 5271 densum
1303 5218 1465 5272 220
1495 5233 1686 5274 aerem
1711 5206 2050 5286 sublabens,
2073 5213 2297 5292 efﬁczat
2323 5209 2452 5269 illos
2480 5209 2697 5292 colores
2731 5229 2752 5268 .·
2794 5208 2969 5288 idque
3015 5206 3146 5268 cum
3194 5207 3510 5292 stellarum.
3551 5226 3648 5265 or—

327 5286 570 5374 ten_t_ium
601 5296 655 5347 et
698 5286 1082 5350 occidentium
1113 5292 1377 5372 exemplo
1398 5293 1646 5374 probat,
1678 5313 1810 5374 qua?
1837 5297 2013 5355 etiam
2038 5286 2402 5374 puniceae):
2431 5289 2839 5374 eadern_causa
2862 5286 3161 5374 apparent
3185 5309 3206 5374 ί
3237 5299 3357 5374 tam
3404 5287 3648 5346 univer-

326 5365 447 5452 sali
468 5379 820 5452 argumento
851 5390 1039 5430 omnis
1069 5375 1224 5450 ignei
1257 5365 1314 5432 ét
1339 5365 1489 5442 albi,
1523 5365 1871 5452 quod-(rans
1890 5365 2131 5452 nigram
2157 5381 2262 5432 aut
2292 5373 2352 5428 in
2381 5370 2554 5452 aigro
2585 5368 2839 5452 videtur,
2876 5365 3143 5428 utetiam
3175 5370 3234 5428 in
3261 5367 3505 5448 ﬂamma
3533 5384 3650 5445 per

325 5445 559 5523 fumum
606 5449 829 5535 lucente
856 5445 1128 5535 apparei,
1163 5486 1239 5496 —
1270 5455 1329 5512 3.
1367 5445 1616 5532 Insuper
1637 5456 1698 5535 in
1726 5457 1914 5535 specie
1942 5445 2123 5518 ἄθρει,
2161 5445 2463 5535 quomoda
2479 5449 2674 5508 hiatus
2703 5457 2756 5535 et
2787 5445 3432 5535 fevese_generentur__et
3462 5464 3654 5535 appa-

327 5535 520 5612 reant.
542 5561 621 5570 —
647 5533 707 5588 4.
742 5530 832 5612 Εἰ
870 5528 1158 5610 quomodo
1187 5551 1260 5593 ex
1289 5528 1585 5609 ejusmo'ti
1607 5528 1794 5612 foveis
1822 5545 1876 5596 et
1917 5528 2182 5594 hiatibui
2202 5534 2363 5610 faces
2402 5548 2558 5609 saepe
2581 5528 2851 5612 excidere
2883 5528 3210 5612 videamur.
3245 5563 3320 5572 -—
3351 5531 3412 5612 ξί.

3453 5527 3650 5602 Quare

323 5601 486 5692 (ficta
503 5619 735 5692 spectra
766 5601 1024 5692 interdiu
1053 5631 1169 5671 non
1198 5601 1658 5692 conspiciantur,
1684 5614 1788 5677 sed
1809 5624 1980 5676 noctu
2006 5601 2239 5688 salteni,
2274 5620 2340 5672 ut
2366 5618 2422 5670 et
2445 5601 2520 5671 ea;
2549 5608 2833 5670 coloribus
2869 5629 2926 5670 ιη
2970 5611 3187 5692 primis
3209 5601 3519 5692 puniceas.
3568 5637 3648 5654 --

327 5683 390 5749 ϐ.
416 5683 782 5752 Eorumdem
812 5689 1155 5772 adjacemia
1183 5683 1539 5776 quadamen
1555 5683 1811 5759 unierat.

1845 5822 2041 5846 m—
