4024 6438
442 498 597 564 118⁸7

1079 628 1306 684 CAPUT
1325 627 1440 684 XX.

652 723 728 778 De
754 721 980 777 ostensis
1007 733 1133 791 qua
1161 718 1221 772 in
1247 719 1385 774 caelo
1431 720 1866 788 conspiciuntur.

512 903 562 958 1.
614 899 797 956 Multa
843 912 1266 966 nonnunquam
1320 899 1492 949 noctu
1558 894 1869 949 serenitate
1931 892 2079 948 exsi-

439 997 626 1049 stente
653 990 709 1044 in
743 986 882 1043 coelo
913 992 1142 1042 ostenta
1171 1001 1273 1040 seu
1301 991 1549 1056 spectra,
1583 987 1647 1036 ut
1677 980 1896 1036 colores
1945 999 2080 1036 san-

438 1080 658 1154 guinei,
717 1082 773 1133 et
830 1077 1026 1132 hiatus
1070 1081 1128 1131 et
1188 1075 1360 1127 fovea:
1421 1072 1744 1127 consistere
1787 1070 2076 1124 videntur.

437 1169 657 1225 Horum
689 1183 821 1223 vero
851 1165 1118 1222 omnium
1175 1179 1353 1217 causa
1407 1161 1672 1216 redditur
1720 1158 1940 1213 fomitis
1991 1158 2077 1212 in-

441 1257 659 1314 censio.

508 1349 562 1402 2.
595 1351 736 1402 Cum
770 1345 925 1400 enim
959 1343 1164 1406 fomes,
1199 1345 1264 1394 ut
1292 1343 1426 1394 ante
1457 1338 1676 1393 dictum
1719 1341 1825 1401 est,
1886 1335 2078 1390 incen-

439 1437 634 1503 datur,
665 1441 722 1490 et
751 1432 1012 1488 incensio
1043 1432 1172 1500 ejus
1204 1428 1349 1483 alias
1381 1428 1630 1482 ﬂammas
1654 1425 1901 1481 ardenti.
1935 1422 2077 1478 alias

440 1526 664 1581 facibus
695 1528 753 1578 et
784 1520 969 1577 stellis
1020 1517 1497 1592 procurrentibus
1551 1513 1763 1570 similis
1819 1513 1930 1568 sit:
1989 1513 2078 1566 ni-

441 1614 521 1669 hil
553 1612 1016 1679 absurdum_est,
1049 1609 1096 1662 si
1119 1604 1410 1678 ejusmodi
1431 1601 1995 1658 inﬂammationibus
2018 1601 2078 1654 in

440 1702 567 1775 ipso
618 1699 943 1756 orientibus
972 1695 1116 1751 varii
1175 1694 1395 1750 colores
1453 1696 1792 1763 appareant.
1855 1690 2076 1744 Lumen

439 1792 597 1848 enim
634 1789 683 1845 si
717 1804 818 1861 per
867 1788 1114 1842 densum
1165 1799 1357 1839 aerem
1411 1780 1731 1846 sublucent,
1783 1778 1869 1833 vel
1921 1778 2074 1848 quod

439 1897 537 1937 aer
566 1878 820 1944 densior,
855 1875 1052 1931 lumen
1087 1873 1282 1928 minus
1328 1877 1454 1938 est;
1504 1869 1594 1924 vel
1640 1869 1836 1923 lumen
1883 1865 2077 1937 copio-

1686 495 2112 560 NICEPHORI
2153 493 2589 561 BLEMMIDAS

2111 637 2166 701 Α

3693 497 3859 561 H88

2830 633 3195 685 ΚΕΦΑΛ·ΚἍ

2191 717 2321 790 Περὶ
2419 722 2524 772 τῶν
2621 717 2673 772 έν
2773 721 2852 788 τῷ
2945 717 3154 808 ούρανῷ
3256 717 3595 794 φαινομένων
3716 741 3853 797 φασ-

2903 809 3105 860 μάτων.

2261 895 2324 946 α’.
2363 892 2616 948 Φαίνεταί
2691 915 2824 949 ποτε
2894 896 3250 967 συνιστάμενα
3339 895 3549 972 νύκτωρ
3630 897 3853 972 αἰθρίας

2191 977 2356 1051 οὔσης
2386 981 2570 1036 πολλὰ
2599 982 2848 1059 φάσματα
2880 983 2931 1038 ἐν
2978 987 3057 1054 τῷ
3110 983 3341 1059 οὐρανῷ,
3375 987 3487 1038 οἷον
3547 985 3848 1058 αἱματώδη

2187 1070 2308 1124 τινά
2347 1071 2637 1147 χρώματα,
2680 1071 2937 1147 χάσματά
2985 1092 3043 1127 τε
3090 1072 3177 1127 καὶ
3233 1072 3470 1147 βόθυνοι.
3521 1075 3745 1131 Τούτων
3793 1073 3850 1132 δέ

2188 1159 2402 1213 πάντων
2469 1158 2859 1235 αἰτιολογεῖται
2931 1165 3029 1216 τοῦ
3106 1161 3516 1234 ὑπεκκαύματος
3575 1167 3612 1232 ἡ
3677 1163 3847 1220 ἐκπύ-

2187 1266 2374 1320 ρωσις.

2263 1335 2327 1410 β’.
2380 1337 2818 1412 Ἐκπυρουμένου
2873 1338 2974 1413 γάρ
3025 1342 3124 1392 τοῦ
3171 1337 3605 1412 ὑπεκκαύματος,
3658 1341 3849 1405 καθὼς

2188 1420 2396 1498 εἴρηται
2439 1425 2724 1502 πρότερον,
2765 1426 2854 1480 καὶ
2893 1427 3024 1481 ποτὶ
3081 1427 3174 1499 μέν
3221 1425 3455 1490 ἐοικυίας
3511 1435 3612 1496 τῆς
3677 1429 3847 1484 αὐτοῦ

2188 1511 2540 1587 ἐκπυρώσεως
2610 1514 2872 1589 καιομένῃ
2943 1513 3136 1592 φλογὶ,
3198 1516 3329 1570 ποτὶ
3404 1513 3462 1570 δέ
3539 1513 3736 1579 δαλοῖς
3809 1519 3844 1588 ἢ

2187 1600 2405 1676 ἀστράσι
2439 1601 2780 1678 φερομένοις,
2834 1599 2986 1658 οὐδὲν
3047 1602 3245 1658 ἄτοπον
3291 1605 3553 1660 τοιούτων
3599 1603 3846 1679 ἐξάψεως.

2188 1689 2238 1742 έν
2297 1689 2443 1762 αύτῷ
2498 1693 2800 1765 γινομένων
2870 1691 3098 1747 ποικίλα
3177 1694 3450 1768 χρώματα
3533 1695 3843 1772 φαίνεσθαι,

2188 1778 2284 1831 Διὰ
2349 1779 2450 1855 γάρ
2515 1785 2719 1835 πυκνοῦ
2782 1781 2940 1856 ἀέρος
2992 1781 3416 1859 ὑποφαινόμενον
3469 1787 3606 1860 φῶς,
3658 1785 3694 1852 ἧ
3745 1791 3846 1840 τοῦ

2186 1864 2342 1942 ἀέρος
2387 1862 2541 1930 ὄντος
2600 1866 2810 1941 μᾶλλον
2871 1873 3097 1941 πυκνοῦ,
3146 1874 3243 1924 τοῦ
3293 1871 3472 1948 φωτὸς
3520 1869 3568 1926 δ’
3611 1870 3844 1929 ἐλάττο-

437 1969 583 2038 sius,
617 1984 716 2022 aer
743 1981 874 2020 vero
905 1963 1104 2018 minus
1133 1963 1388 2026 densus;
1421 1957 1611 2014 omnis
1640 1955 1867 2027 generis
1913 1953 2068 2009 colo-

620 2056 763 2068 Α--
963 2051 974 2063 ο
1195 2048 1410 2068 1,!L_L:n
1442 2065 1452 2068 -
1506 2047 1558 2068 2..
1617 2045 1820 2068 ..-ζ-..2-
1875 2048 2067 2068 Lua-..

2190 1976 2300 2025 νος,
2332 1956 2367 2024 ἢ
2417 1955 2668 2019 πλείονος
2723 1959 2817 2030 μὲν
2863 1963 2960 2012 τοῦ
3007 1957 3206 2036 φωτὸς,
3237 1963 3331 2014 τοῦ
3371 1957 3418 2014 δ’
3449 1959 3607 2036 ἀέρος
3679 1965 3847 2031 ἦττον

2192 2064 2291 2068 -.-Α
2334 2049 2386 2068 μ’*
2458 2067 2520 2068 ηρ
2561 2045 2695 2068 -..μιν
2917 2049 2932 2068 Ι
3116 2067 3149 2068 ,,
3275 2049 3284 2068 ρ
3629 2047 3657 2068 δ
3744 2055 3777 2067 -ι

437 2074 571 2112 rum
619 2056 768 2112 221
823 2051 1073 2125 speciem
1123 2048 1455 2114 exhibebit;
1506 2047 1563 2100 in
1617 2045 1822 2118 primis
1874 2048 2071 2098 autem

435 2143 673 2219 punicei
703 2148 760 2198 et
788 2139 1085 2214 purpurei.
1119 2138 1186 2192 Hi
1220 2137 1372 2192 enim
1402 2134 1645 2203 colores,
1704 2150 1771 2187 ex
1802 2133 1971 2203 igneo
2021 2136 2078 2186 et

436 2233 569 2291 albo
599 2249 730 2288 cum
781 2231 946 2301 nigro
1006 2244 1108 2300 per
1163 2224 1587 2297 oppositionem
1647 2222 1838 2276 mistis
1887 2219 2074 2290 magis

437 2321 561 2378 ﬁeri
618 2317 1076 2390 conspiciuntur.
1137 2314 1230 2369 Sic
1289 2312 1568 2366 nimirum
1628 2310 1805 2366 etiam
1895 2307 2074 2362 stella:

435 2411 686 2466 orientes
717 2412 774 2462 et
802 2405 1150 2470 occidentes,
1181 2419 1316 2458 cum
1346 2406 1522 2456 aestus
1562 2399 1756 2464 fuerit,
1818 2397 2074 2468 puniceas

437 2500 738 2572 apparent.
772 2495 916 2551 Cum
949 2494 1104 2549 enim
1137 2509 1239 2564 per
1268 2506 1461 2546 aerem
1486 2489 1673 2560 magis
1699 2487 1944 2542 densum
1970 2502 2074 2540 nec

430 2586 675 2660 perinde
726 2583 1085 2656 pellucidum
1136 2583 1474 2646 cernuntur,
1529 2593 1866 2648 quanquam
1927 2574 2072 2630 albae

434 2679 593 2741 sunt,
629 2674 882 2746 punicea:
913 2675 1110 2727 tamen
1140 2667 1605 2739 conspiciuntur,
1647 2667 1784 2720 dum
1833 2663 2072 2735 nigredo

434 2781 552 2836 qua
581 2763 820 2818 affectus
852 2776 952 2816 aer
976 2765 1082 2828 est,
1117 2775 1248 2813 cum
1301 2755 1605 2812 stellarum
1655 2753 1922 2808 albedine
1972 2768 2074 2822 per

434 2852 779 2908 offusionem
812 2849 1245 2905 commiscetur.
1280 2846 1391 2901 Sed
1424 2849 1480 2900 et
1510 2843 1655 2898 tales
1690 2858 1790 2914 per
1841 2842 2071 2896 fumum

433 2946 753 3012 conspectae
781 2943 1078 3010 apparent.
1111 2936 1259 3000 Quin
1289 2934 1347 2989 in
1381 2933 1718 2988 universum
1767 2932 1850 2986 ita
1889 2947 1949 2986 se
1981 2948 2074 2987 res

433 3029 645 3086 habet:
681 3030 917 3100 igneum
948 3031 1004 3081 et
1034 3024 1255 3090 album,
1294 3039 1428 3077 cum
1479 3027 1641 3076 trans
1689 3021 1922 3092 nigrum
1973 3025 2075 3075 aut

433 3117 492 3172 in
525 3116 690 3187 nigro
717 3116 964 3180 videtur,
1010 3130 1110 3186 pro
1158 3112 1315 3167 varia
1362 3111 1513 3164 inter
1565 3125 1627 3164 se
1661 3110 1907 3164 invicem
1959 3109 2072 3163 mi-

432 3207 620 3262 stione
649 3203 865 3260 multas
897 3203 1153 3258 colorum
1185 3199 1539 3255 diﬂ‘erentias
1561 3197 1892 3254 ostendunt.
1926 3198 2071 3253 Nam

427 3299 484 3350 et
511 3295 758 3350 flammae
789 3291 948 3348 color
977 3291 1122 3346 alias
1161 3290 1427 3343 diversus
1474 3303 1577 3359 per
1621 3288 1848 3341 fumum
1901 3303 2074 3359 appa-

2189 2049 2410 2116 πυκνοῦ,
2452 2045 2740 2122 φαντασίαν
2800 2049 3016 2117 ποιήσει
3087 2049 3398 2122 χρωμάτων
3447 2047 3842 2109 παντοδαπῶν.

2190 2131 2424 2204 μάλιστα
2513 2134 2690 2205 μέντοι
2775 2139 2872 2190 τοῦ
2954 2140 3200 2213 φοινικοῦ
3249 2157 3308 2190 τε
3363 2137 3452 2191 καὶ
3523 2145 3844 2217 πορφυροῦ.

2183 2227 2355 2276 Τ;.ῦτα
2407 2223 2510 2298 γὰρ
2557 2223 2623 2276 τά
2679 2225 2951 2298 χρώματα
2996 2224 3248 2299 γινόμενα
3311 2225 3551 2303 φαίνεται
3615 2226 3843 2300 μᾶλλον

2185 2309 2245 2364 έκ
2292 2315 2388 2364 τοῦ
2460 2309 2748 2387 πυρώδους
2817 2333 2876 2367 τε
2931 2313 3021 2367 καὶ
3089 2311 3286 2368 λευκοῦ
3347 2317 3697 2389 μιγνυμένων
3763 2323 3845 2389 τῷ

2188 2396 2378 2471 μέλανι
2433 2400 2567 2452 κατά
2638 2406 2741 2468 τῆς
2811 2398 3277 2475 έπιπροσθήσεως.
3338 2402 3491 2456 Οὕτω
3550 2409 3687 2480 γοῦν
3749 2406 3841 2459 καὶ

2184 2487 2235 2540 οἱ
2284 2485 2498 2559 ἀστέρες
2557 2487 2872 2562 ἀνίσχοντες
2930 2490 3019 2543 καὶ
3077 2487 3351 2564 δυόμεναι,
3409 2491 3694 2564 καύματος
3747 2491 3842 2547 ὄν-

2180 2596 2294 2646 τος,
2327 2575 2602 2652 φαίνονται
2655 2582 2908 2654 φοινικοῖ.
2961 2578 3058 2632 Διά
3097 2579 3198 2654 γάρ
3239 2583 3336 2632 τοῦ
3389 2579 3544 2655 ἀέρος
3604 2601 3844 2656 περιπύ-

2181 2665 2476 2736 κνουμένου
2532 2663 2620 2718 καὶ
2693 2664 2798 2741 οὐχ
2870 2664 3077 2738 ὁμοίως
3133 2661 3289 2728 ὄντος
3337 2665 3634 2745 διαφανοῦς
3695 2671 3840 2746 ὁρώ-

2185 2774 2356 2825 μενοι,
2417 2751 2600 2808 λευκοὶ
2678 2750 2849 2825 ὅντες,
2910 2754 3181 2832 φαίνονται
3259 2761 3516 2830 φοινικοῖ,
3571 2758 3840 2834 μιγνυμέ-

2180 2862 2296 2912 νου,
2321 2845 2416 2896 τοῦ
2467 2842 2590 2918 περὶ
2647 2843 2737 2897 τὸν
2773 2842 2901 2919 ἀέρα
2961 2841 3189 2916 μέλανος
3245 2848 3313 2918 τῇ
3370 2840 3661 2916 λευκότητι
3722 2852 3834 2901 τῶν

2183 2929 2417 3006 ἀστέρων
2485 2932 2602 2985 κατ’
2655 2929 3068 3007 έπιπρόσθησιν.
3119 2937 3367 2987 Τοιοῦτοι
3438 2930 3494 2988 δὲ
3569 2935 3666 2988 καὶ
3742 2933 3836 2990 διὰ

2181 3023 2388 3073 καπνοῦ
2437 3019 2704 3094 ὁρώμενοι
2759 3020 3058 3098 φαίνονται.
3085 3019 3270 3084 Ὅλως
3319 3041 3380 3078 τε
3429 3023 3522 3077 καὶ
3579 3022 3846 3100 mgf-:8“

2181 3107 2269 3161 καὶ
2325 3108 2386 3162 τὸ
2444 3106 2634 3163 λευκὸν
2685 3106 2772 3164 διὰ
2826 3114 2923 3163 τοῦ
2980 3108 3210 3183 μέλανος
3262 3112 3539 3185 ὁρώμενον
3574 3112 3612 3180 ἢ
3645 3112 3702 3167 ἐν
3762 3117 3850 3185 τῷ

2187 3194 2380 3268 μέλανι
2427 3194 2642 3258 πολλάς
2710 3193 2939 3252 δείκνυσι
2997 3199 3311 3274 χρωμάτων
3376 3197 3642 3278 διαφορὰς
3703 3202 3844 3256 κατά

2180 3285 2277 3353 τὴν
2330 3283 2587 3355 ποικίλην
2644 3286 2781 3358 μίξιν
2830 3285 3026 3343 αὐτῶν.
3070 3288 3166 3341 Καὶ
3207 3289 3270 3342 τὸ
3327 3293 3532 3364 χρῶμα
3580 3290 3688 3365 γὰρ
3739 3298 3844 3360 τῆς

425 3387 531 3438 ret.
603 3381 746 3436 Cum
827 3381 982 3436 enim
1057 3379 1254 3432 fumus
1331 3375 1633 3447 aliquanto
1709 3380 1798 3430 est
1875 3374 2067 3430 humi-

2186 3371 2386 3450 φλογὸς
2449 3370 2649 3428 ἄλλοτε
2715 3372 2942 3428 ἀλλοῖον
2998 3374 3238 3453 φαίνεται
3299 3373 3386 3431 διά
3443 3381 3542 3431 τοῦ
3604 3383 3844 3436 καπνοῦ.

425 3472 572 3537 dior,
636 3470 884 3526 ﬂammae
936 3485 1148 3539 corpus
1196 3465 1644 3538 purpurisseum
1697 3469 1972 3534 apparet:
2015 3468 2073 3518 at

428 3559 767 3632 puniceum,
827 3575 960 3613 cum
1015 3558 1211 3610 fumus
1250 3563 1337 3609 est
1379 3554 1578 3608 minus
1625 3551 1927 3606 humidus.
1978 3555 2073 3606 At-

427 3663 542 3720 que
597 3647 706 3703 hoc
765 3663 905 3702 sane
965 3645 1137 3700 modo
1196 3643 1528 3698 differentes
1594 3640 1814 3696 colores
1888 3656 2072 3712 appa-

427 3740 580 3792 rent.

499 3842 552 3897 3.
600 3841 804 3897 Hiatus
851 3845 1046 3897 autem
1081 3844 1139 3895 et
1185 3839 1376 3907 foveae,
1429 3842 1484 3892 et
1534 3837 1655 3891 haec
1704 3834 1926 3891 scilicet
1970 3833 2073 3888 mi-

427 3931 614 3987 stione
642 3930 757 3986 albi
791 3933 848 3984 et
878 3929 1026 4001 nigri
1078 3928 1461 3995 oboriuntur;
1505 3929 1903 3981 verumtamen
1956 3940 2069 3978 non

424 4019 532 4089 sic,
564 4024 628 4074 ut
658 4035 759 4091 per
791 4020 1022 4090 nigrum
1058 4021 1332 4072 cernatur
1358 4015 1579 4084 album,
1613 4015 1713 4069 sed
1749 4018 1812 4068 ut
1841 4013 1899 4068 in
1939 4013 2069 4067 albo

423 4108 660 4179 nigrum
694 4111 993 4179 appareat.
1029 4106 1273 4170 Quando
1304 4105 1459 4158 enim
1488 4120 1520 4158 a
1550 4103 1713 4172 nigro
1745 4101 1939 4173 aliquo
1970 4105 2072 4156 aut

425 4197 579 4254 222
610 4196 853 4253 caeruleo
893 4195 1040 4251 lucis
1084 4195 1438 4250 continuilas
1490 4191 1881 4258 interciditur,
1930 4196 2070 4244 tunc

423 4285 619 4358 aliqua
647 4285 1017 4357 profunditas
1043 4299 1323 4355 apparere
1354 4281 1616 4336 videtur:
1652 4279 1732 4334 ita
1758 4284 1822 4334 ut
1865 4279 1924 4334 in
1981 4295 2070 4334 ea-

424 4376 558 4431 dem
589 4375 710 4432 sint
739 4373 1000 4446 planitie,
1032 4377 1088 4428 et
1111 4388 1224 4427 non
1255 4387 1289 4425 a
1318 4369 1640 4425 seinvicem
1666 4374 2072 4423 removeantur

426 4463 625 4520 album
656 4470 712 4519 et
742 4463 998 4535 nigrum,
1044 4462 1144 4516 sed
1203 4476 1272 4515 ex
1328 4474 1492 4530 aequo
1540 4455 1843 4511 intervallo
1893 4460 2066 4510 etiam

424 4553 598 4608 ambo
616 4551 832 4608 anobis
853 4551 1090 4615 distent,
1117 4548 1356 4621 propius
1382 4551 1579 4602 autem
1608 4546 1806 4600 album
1830 4543 2068 4616 quidem

418 4657 547 4696 esse
596 4641 880 4710 videatur,
915 4639 1148 4710 nigrum
1179 4654 1311 4692 vero
1360 4637 1418 4690 in
1452 4635 1827 4706 profundiore
1875 4638 1931 4688 et
1981 4649 2068 4687 re-

2184 3461 2503 3538 Ὑγροτέρου
2557 3463 2648 3535 μὶν
2699 3463 2800 3538 γάρ
2849 3460 2999 3526 ὄντος
3047 3468 3144 3518 τοῦ
3203 3470 3409 3519 καπνοῦ
3470 3465 3721 3543 φαίνεται
3782 3469 3845 3523 τὸ

2183 3555 2344 3623 σῶμα
2392 3551 2599 3628 φλογὸς
2653 3552 2942 3628 ἁλουργόν
2992 3557 3267 3630 φοινικοῦν
3328 3551 3404 3625 δὲ,
3465 3559 3567 3609 τοῦ
3625 3561 3842 3610 καπνοῦ

2180 3641 2546 3715 τυγχάνοντος
2577 3642 2739 3708 ἧττον
2769 3642 2954 3717 ὑγροῦ.
2988 3645 3185 3697 Τοῦτον
3223 3643 3316 3716 μὲν
3350 3643 3440 3696 οὗν
3472 3644 3565 3698 τὸν
3628 3645 3840 3721 τρόπον

2181 3727 2248 3782 τά
2278 3725 2508 3806 διάφορα
2538 3728 2774 3808 φαίνεται
2802 3730 3092 3806 χρώματα.

2251 3837 2317 3910 γ’.
2351 3837 2426 3889 Τά
2473 3833 2530 3890 δέ
2584 3857 2648 3910 γε
2712 3838 2966 3912 χάσματα
3013 3838 3103 3892 καὶ
3148 3838 3198 3891 οἱ
3248 3837 3468 3913 βόθυνοι
3531 3839 3676 3910 μίξει
3745 3842 3843 3913 μὲν

2179 3923 2268 3978 καὶ
2299 3928 2463 3978 ταῦτα
2511 3922 2707 3979 λευκοῦ
2757 3925 2845 3979 καὶ
2889 3923 3122 3998 μέλανος
3169 3925 3397 4001 γίνεται,
3425 3927 3573 3995 πλὴν
3625 3928 3694 3984 οὐ
3751 3927 3842 3983 διὰ

2178 4017 2276 4066 τοῦ
2335 4012 2566 4084 μέλανος
2630 4013 2914 4090 ὁρωμένου
2994 4019 3091 4069 τοῦ
3178 4014 3394 4087 λευκοῦ,
3455 4012 3584 4070 ἀλλ’
3645 4015 3698 4070 ἐν
3758 4022 3840 4088 τῷ

2183 4099 2359 4173 λευκῷ
2429 4103 2756 4180 φαινομένου
2829 4106 2926 4157 τοῦ
3013 4102 3263 4176 μέλανος.
3318 4107 3478 4158 Ὅταν
3549 4105 3659 4182 γὰρ
3739 4107 3840 4161 ὑπό

2177 4211 2322 4253 τινος
2394 4189 2628 4264 μέλανος
2693 4190 2726 4260 ἢ
2784 4197 2978 4246 κυανοῦ
3050 4189 3404 4263 διακόπτηται
3479 4197 3580 4248 τοῦ
3655 4194 3842 4272 φωτὸς

2179 4281 2214 4347 ἡ
2265 4277 2534 4354 συνέχεια,
2583 4279 2705 4334 τότε
2771 4280 2932 4356 βάθος
3002 4278 3149 4336 δοκεῖ
3193 4302 3247 4335 τι
3309 4281 3610 4359 φαίνεσθαι·
3661 4280 3836 4339 ὄντων

2183 4369 2276 4440 μὶν
2332 4367 2383 4422 ἐν
2428 4373 2506 4440 τῷ
2554 4369 2700 4440 αύτῷ
2746 4367 2984 4443 ἐπιπέδῳ
3027 4369 3116 4425 καί
3171 4372 3246 4443 μὴ
3291 4371 3680 4448 ἀφισταμένων
3739 4371 3839 4428 ἀλ-

2182 4454 2372 4526 λήλων
2421 4461 2518 4511 τοῦ
2571 4456 2765 4513 λευκοῦ
2812 4460 2901 4513 καὶ
2955 4464 3052 4514 τοῦ
3121 4458 3375 4532 μέλανος,
3428 4457 3556 4515 ἀλλ’
3612 4457 3732 4516 ἴσον
3788 4461 3838 4531 ἐξ

2178 4546 2338 4617 ἡμῶν
2425 4545 2806 4623 ἀφεστηκότων
2874 4545 2963 4600 καί
3033 4547 3380 4625 ἀμφοτέρων,
3431 4547 3713 4625 ἐγγυτέρω
3780 4548 3838 4604 δὲ

2181 4629 2466 4694 δοκοῦντος
2499 4633 2627 4688 εἶναι
2658 4638 2754 4688 τοῦ
2787 4632 3003 4705 λευκοῦ,
3033 4641 3130 4689 τοῦ
3189 4633 3246 4690 δὲ
3298 4633 3528 4708 μέλανος
3592 4636 3644 4690 έν
3686 4638 3839 4714 βάθει

419 4730 663 4785 motiore
693 4729 839 4785 loco.
873 4728 1160 4792 Quoniam
1191 4727 1348 4780 enim
1379 4723 1478 4780 lux
1527 4729 1584 4779 et
1630 4722 1828 4778 album
1880 4722 2067 4793 magis

2186 4721 2260 4777 ιαῖ
2323 4721 2675 4797 πορρωτέρω.
2713 4721 2932 4792 Ἐπειδὴ
2992 4724 3096 4800 γὰρ
3148 4725 3209 4778 τὸ
3258 4728 3374 4801 φῶς
3417 4725 3509 4778 καὶ
3540 4726 3606 4780 τὸ
3639 4725 3838 4782 λευκὸν

421 4823 655 4874 movent
701 4819 914 4881 visum,
943 4822 1246 4888 propterea
1292 4813 1402 4885 ipsi
1438 4813 1706 4885 propiora
1754 4811 2059 4879 videntur;

421 4906 656 4978 nigrum
690 4918 907 4971 autem,
950 4905 1105 4976 quod
1158 4920 1270 4958 non
1325 4902 1564 4974 perinde
1611 4901 1798 4955 visum
1849 4903 2061 4968 movet,

2176 4807 2387 4884 μᾶλλον
2426 4811 2525 4878 τὴν
2577 4806 2698 4884 ὄψιν
2752 4817 2908 4884 κινεῖ,
2945 4809 3034 4867 διὰ
3079 4817 3240 4868 τοῦτο
3288 4812 3490 4882 ταύτης
3555 4813 3838 4890 ἐγγυτέρω

2172 4896 2339 4952 δοκεῖ·
2379 4899 2441 4952 τὸ
2491 4895 2548 4953 δὲ
2599 4897 2765 4972 μέλαν
2826 4899 2933 4976 οὐχ
3000 4900 3210 4974 ὁμοίως
3267 4902 3365 4970 τήν
3431 4896 3555 4976 ὄψιν
3617 4909 3835 4974 κινοῦν,

2168 4985 2334 5043 πλέον
2393 4987 2681 5064 ἀφεστάναι
2735 4987 2938 5060 ταύτης
2988 4989 3284 5062 νομίζεται.
3343 4992 3504 5044 ’Ὀταν
3572 4991 3670 5064 μὶν
3743 4990 3834 5047 οὖν

2170 5075 2222 5130 ἐν
2284 5075 2431 5152 βάθει
2487 5074 2699 5149 μᾶλλον
2760 5077 3015 5154 φαίνηται
3071 5078 3132 5132 τὸ
3194 5076 3385 5151 μέλαν,
3419 5076 3508 5133 διά
3563 5079 3628 5134 τὸ
3693 5080 3836 5135 εἶναι

2169 5163 2360 5220 πλεῖον
2424 5170 2521 5220 τοῦ
2570 5164 2786 5238 λευκοῦ,
2836 5167 2958 5221 τότε
3021 5165 3236 5241 λέγεται
3293 5168 3537 5243 βόθυνος·
3592 5168 3723 5222 ὅταν
3783 5167 3832 5223 δ’

2169 5255 2504 5330 ἀνεῳγμένον
2562 5253 2814 5332 φαίνηται
2878 5253 2965 5309 διά
3033 5258 3094 5310 τὸ
3169 5255 3303 5310 εἶναι
3357 5255 3524 5312 πλέον
3579 5257 3640 5311 τὸ
3693 5261 3829 5334 φῶς,

2171 5342 2294 5399 τότε
2315 5342 2562 5398 καλεῖται
2593 5343 2800 5418 χάσμα.

417 4994 651 5066 longius
683 4995 754 5050 ab
786 4994 895 5050 hoc
927 4994 1143 5048 distare
1183 4996 1439 5064 putatur.
1501 4994 1640 5043 Cum
1691 5005 1826 5060 ergo
1876 4987 2062 5059 magis

416 5081 738 5137 introrsum
782 5084 1014 5154 nigrum
1071 5085 1330 5152 apparet,
1377 5085 1681 5149 propterea
1727 5077 1881 5148 quod
1931 5075 2061 5132 albo

416 5171 612 5242 ipsum
638 5171 770 5241 plus
789 5178 900 5236 est,
924 5175 1048 5224 tum
1075 5172 1234 5224 fovea
1257 5169 1498 5235 dicitur;
1524 5183 1654 5220 cum
1676 5171 1870 5220 autem
1894 5181 2059 5236 aper-

415 5263 543 5313 tum
573 5259 950 5329 conspicitur,
988 5264 1291 5330 propterea
1345 5257 1499 5329 quod
1555 5255 1755 5310 lumen
1799 5259 2058 5326 superat,

417 5351 559 5404 tunc
580 5347 780 5402 hiatus
805 5351 1066 5402 vocatur.

489 5453 542 5508 4.
575 5453 656 5508 Ex
701 5452 992 5522 ejusmodi
1043 5451 1264 5508 scilicet
1313 5451 1465 5507 aeris
1515 5449 1901 5517 concretione,
1952 5449 2061 5504 hoc

415 5545 506 5599 est
533 5557 602 5598 ex
639 5541 819 5597 foveis
858 5546 917 5596 et
946 5540 1228 5609 hiatibus,
1279 5544 1455 5596 etiam
1506 5541 1658 5596 faces
1709 5555 1861 5611 saepe
1908 5537 2058 5594 exci-

415 5632 650 5688 derunt.
681 5630 924 5696 Quando
954 5629 1112 5685 enim
1163 5645 1259 5684 aer
1289 5629 1403 5684 coit
1450 5633 1506 5683 et
1537 5629 1835 5694 densatur,
1885 5633 1942 5683 et
1993 5644 2061 5682 ea

417 5725 657 5797 propter
682 5721 977 5794 nigrorem
1011 5717 1321 5786 contrahit,
1369 5717 1567 5772 biatus
1612 5721 1671 5772 et
1707 5717 1883 5774 foveas
1925 5733 2062 5790 spe-

416 5809 565 5876 ciem
596 5811 1005 5888 representat;
1028 5807 1264 5887 quando
1296 5809 1494 5868 autem
1514 5820 1614 5867 aer
1633 5805 1736 5882 qui
1764 5805 2058 5884 nigrorem

2239 5445 2303 5507 δ’.
2338 5449 2432 5503 Ἐκ
2483 5445 2550 5518 δὴ
2609 5455 2711 5519 τῆς
2765 5449 3029 5520 τοιαύτης
3080 5455 3178 5506 τοῦ
3255 5451 3412 5526 ἀέρος
3491 5452 3828 5522 συστάσεως,

2167 5534 2333 5613 ἤγουν
2389 5542 2494 5592 τῶν
2557 5538 2795 5613 βοθύνων
2856 5559 2916 5594 τε
2996 5539 3086 5594 καὶ
3165 5539 3489 5615 χασμάτων,
3552 5541 3642 5594 καὶ
3735 5537 3826 5594 δα-

2169 5625 2260 5681 λοὶ
2336 5624 2606 5689 πολλάκις
2676 5625 2941 5696 ἐξέπεσον.
3017 5627 3224 5682 Συνιὼν
3307 5628 3402 5701 μὲν
3465 5628 3570 5704 γὰρ
3633 5629 3662 5682 ὁ
3724 5629 3830 5706 ἀήρ

2164 5715 2255 5772 καὶ
2314 5715 2687 5791 πυκνούμενος
2737 5715 2829 5771 καὶ
2886 5714 2976 5772 διὰ
3022 5721 3181 5772 τοῦτο
3273 5713 3669 5792 μελαινόμενος
3725 5719 3831 5794 χάο

2167 5825 2372 5888 σματος
2453 5804 2542 5866 καὶ
2624 5805 2850 5895 βοθύνου
2925 5806 3211 5900 φαντασίαν
3285 5806 3607 5892 παρέχεται*
3691 5807 3824 5870 ὅταν
