4024 6494
425 489 578 564 4191

1673 497 2093 557 NIGEPHORI
2138 496 2575 560 BLEMMIDE

3666 512 3798 573 1192

421 636 610 701 nobis,
631 640 696 690 ut
716 633 975 690 densitas
995 637 1051 688 et
1071 633 1256 704 caligo
1278 632 1429 687 aeris
1450 630 1801 686 obumbrent
1823 629 2019 684 lumen
2042 650 2043 680 ;

2168 631 2455 720 heims-ﬁ;
2513 637 2608 685 τοῦ
2665 633 2822 709 ἀέρος
2878 633 3215 706 πυκνότητός
3272 659 3330 692 τε
3374 639 3463 693 καὶ
3523 642 3794 720 ζοφερότη-

420 742 524 781 nec
577 725 632 778 id
685 740 897 795 purum
949 727 1006 776 et
1055 722 1372 790 sincerum,
1405 721 1503 776 sed
1557 720 1970 774 conturbatum
2011 723 2068 773 et

423 813 734 869 confusum
788 829 856 867 ex
899 811 1187 881 ejusmodi
1233 827 1333 880 per
1372 809 1875 864 obumbrationem
1909 824 2064 862 com-

423 902 699 958 mistione
728 901 883 956 cerni
916 899 1116 955 sinant
1148 917 1161 954 :
1203 915 1402 954 verum
1435 897 1607 952 etiam
1641 914 1740 952 aer
1770 895 2063 952 retractio-

422 1009 526 1048 nes
558 991 869 1062 accipiens,
901 989 1160 1045 colorum
1199 992 1256 1042 et
1295 988 1614 1059 ﬁgurarum
1648 985 1857 1057 speciei
1890 1001 2067 1058 causa

420 1080 668 1137 exsistit.

492 1260 547 1312 2.
581 1259 662 1314 Ex
693 1254 1240 1312 mathematicorum
1283 1253 1520 1326 quidem
1566 1249 1855 1306 sententia
1885 1251 1947 1320 ιθ,
2000 1254 2065 1304 ut

417 1349 579 1403 visus
605 1346 958 1418 refringatur
987 1345 1059 1400 ab
1093 1359 1224 1398 aere
1245 1341 1528 1398 crassiore
1556 1344 1609 1396 et
1634 1339 2061 1394 concretionem

417 1436 672 1492 habente
719 1435 788 1489 ad
837 1433 1059 1505 aliquid
1101 1448 1301 1487 eorum
1345 1447 1470 1502 quae
1503 1431 1650 1485 227
1687 1427 2061 1482 illuminandi

417 1523 753 1579 facultatem
786 1522 1109 1577 naturalem
1137 1521 1376 1583 habent,
1403 1524 1461 1573 et
1491 1518 1812 1572 secundum
1842 1521 2059 1571 certam

414 1614 501 1668 vel
533 1611 957 1668 concretionem
979 1609 1066 1664 vel
1098 1609 1500 1663 habitudinem
1525 1606 1674 1661 aeris
1705 1613 1762 1660 et
1794 1605 2057 1669 luminis,

415 1701 556 1772 quin
588 1704 645 1756 et
675 1700 996 1756 secundum
1027 1697 1214 1768 ipsius
1255 1695 1545 1751 cernentis
1588 1695 1747 1749 visus
1797 1695 1868 1748 ad
1919 1710 2059 1748 con-

415 1792 638 1844 cretum
671 1803 861 1843 aerem
892 1791 950 1841 et
979 1787 1050 1842 ad
1090 1785 1290 1839 lumen
1322 1783 1748 1851 habitudinem,
1780 1799 1912 1838 cum
1960 1799 2055 1837 co-

415 1878 604 1934 lorum
625 1880 751 1931 tum
781 1876 1102 1948 figurarum
1125 1873 1348 1946 species
1376 1872 1744 1944 perﬁciatur;
1777 1889 1842 1926 ex
1865 1870 2056 1943 physi-

2173 738 2267 779 τος
2326 717 2759 795 ἐπιπροσθούσης
2811 725 2872 778 τὸ
2930 728 3042 801 φῶς
3096 726 3186 780 καὶ
3247 728 3322 799 μὴ
3383 727 3559 799 ἐώσης
3593 717 3794 804 ὁρᾶσθαι

2174 807 2404 882 καθαρὸν
2455 810 2544 862 καὶ
2613 809 2922 886 εἰλικρινὲς,
2980 812 3125 868 ἀλλά
3180 815 3648 891 συντεθολωμένον
3715 823 3793 875 καὶ

2175 897 2576 971 συγκεχυμένον
2637 899 2697 954 ἐκ
2761 908 2860 970 τῆς
2936 903 3193 973 τοιαύτης
3248 907 3364 958 κατ’
3422 905 3790 982 έπιπρόσθησιν

2176 982 2470 1073 ἐπιμιξίας·
2530 986 2676 1044 ἀλλὰ
2746 990 2835 1043 καὶ
2893 990 3211 1055 ἀνακλάσεις
3272 993 3570 1069 δεχόμενος
3628 999 3655 1051 ὁ
3702 998 3795 1073 ἀὴρ

2175 1070 2344 1135 αἶίιιος
2416 1076 2703 1151 φαντασίας
2760 1080 3072 1154 χρωμάτων
3147 1078 3256 1152 ἤδη
3342 1084 3431 1137 καὶ
3513 1070 3796 1161 σχημάτων

2172 1162 2502 1220 καθίσταται.

2248 1251 2312 1325 β’.
2347 1253 2490 1336 Κατά
2562 1254 2655 1325 μὲν
2725 1254 2852 1318 τοὺς
2914 1255 2972 1311 ἐκ
3031 1259 3365 1331 μαθημάτων
3421 1260 3798 1336 ἀνακλωμένης

2170 1345 2269 1408 τῆς
2329 1335 2504 1412 ὅψεως
2564 1342 2667 1396 ἀπὸ
2713 1348 2811 1398 τοῦ
2858 1345 3168 1421 παχυτέρου
3197 1347 3355 1420 ἀέρος
3413 1350 3502 1404 καὶ
3563 1335 3797 1408 σύστασιν

2171 1424 2399 1502 ἔχοντος
2458 1428 2545 1484 ἐπί
2596 1452 2648 1484 τι
2705 1436 2810 1486 τῶν
2869 1434 3118 1511 φωτίζειν
3174 1437 3513 1512 πεφυκότων,
3542 1440 3633 1494 καὶ
3680 1443 3801 1496 κατᾶ

2167 1517 2265 1584 τήν
2326 1519 2547 1586 ποιανῆ
2590 1518 2837 1574 σύστασιν
2881 1522 2916 1589 ἢ
2969 1523 3152 1598 σχέσιν
3210 1529 3308 1579 τοῦ
3365 1526 3520 1600 ἀέρος
3568 1529 3655 1583 καὶ
3708 1535 3797 1585 τοῦ

2169 1606 2367 1680 φωτὸς,
2423 1604 2532 1676 ἤδη
2594 1605 2651 1662 δὲ
2705 1609 2793 1663 καὶ
2851 1610 3014 1679 αὐτῆς
3070 1615 3168 1681 τῆς
3227 1615 3442 1687 ὁρώσης
3481 1611 3660 1690 ὅψεως
3705 1620 3797 1687 τὴν

2166 1692 2304 1768 πρός
2359 1715 2419 1748 τε
2471 1696 2561 1748 τὸν
2622 1693 2983 1766 συνεστηκότα
3043 1699 3172 1776 ἀέρα
3229 1702 3318 1756 καὶ
3395 1705 3531 1777 πρὸς
3585 1706 3648 1760 τὸ
3693 1712 3796 1784 φῶς

2165 1782 2371 1856 σχέσιν,
2405 1790 2505 1852 τῆς
2559 1788 2664 1839 τῶν
2720 1789 3031 1862 χρωμάτων
3089 1810 3148 1843 τε
3185 1792 3276 1844 καὶ
3337 1793 3640 1868 σχημάτων
3672 1782 3796 1872 φαν-

2161 1869 2346 1959 τασίας
2400 1869 2809 1946 ἐκτελουμένης·
2872 1876 3007 1930 κατὰ
3058 1875 3117 1931 δὲ
3170 1879 3296 1942 τοὺς
3349 1882 3607 1958 φυσικοὺς
3661 1869 3801 1959 γινο-

412 1983 616 2022 corum
665 1969 861 2020 autem
911 1963 1194 2033 doctrina,
1246 1965 1311 2016 ut
1357 1960 1604 2016 luminis
1653 1961 1920 2016 refractio
1979 1960 2043 2014 ad

2166 1957 2332 2060 μένης
2364 1965 2460 2014 τοῦ
2491 1963 2670 2037 φωτὸς
2699 1962 3041 2027 ἀνακλάσεως
3093 1966 3230 2044 πρὸς
3260 1957 3369 2037 τὴν
3401 1964 3547 2044 ὄψιν,
3581 1971 3642 2026 οὐ
3674 1957 3798 2046 μὴν

409 2056 624 2125 visum,
655 2070 771 2108 non
803 2053 990 2124 ipsius
1017 2051 1180 2106 visus
1219 2051 1290 2105 ad
1333 2049 1532 2105 lumen
1573 2050 1695 2104 ﬁat.

478 2146 532 2199 3.
574 2141 972 2198 Mathematici
1021 2141 1177 2196 enim
1234 2139 1428 2195 radios
1479 2139 1766 2210 quosdam
1828 2137 1926 2208 qui
1984 2153 2050 2192 ex

408 2230 594 2286 oculis
623 2229 1022 2296 effunduntur,
1057 2229 1234 2298 inque
1281 2243 1403 2282 rem
1449 2226 1859 2299 aspectabilem
1905 2226 2049 2279 inci-

409 2320 580 2385 dunt,
609 2318 843 2373 videndi
875 2333 1084 2372 causas
1116 2316 1282 2370 nobis
1313 2331 1441 2370 esse
1486 2315 1724 2369 dicunt:
1760 2314 1866 2368 hos
1900 2314 2066 2384 scilig

407 2414 498 2463 cet
527 2408 687 2478 ipsos
715 2407 855 2461 dum
897 2422 930 2461 a
967 2403 1220 2477 speculis
1251 2410 1307 2459 et
1335 2403 1467 2459 aliis
1499 2403 1792 2459 similibus
1821 2403 1894 2458 ad
1926 2419 2046 2457 rem

406 2494 820 2568 aspectabilem
879 2495 951 2548 ad
1019 2493 1266 2564 angulos
1321 2493 1573 2563 aequales
1631 2491 2044 2563 refringantur,

405 2601 643 2640 causam
675 2583 845 2639 nobis
876 2582 1126 2653 praebere
1167 2588 1230 2637 ut
1271 2581 1353 2636 ita
1383 2582 1535 2652 quod
1573 2581 1819 2648 videtur,
1854 2581 2044 2636 videa-

403 2689 573 2742 mus;
626 2677 685 2728 at
729 2671 986 2744 physicis
1019 2687 1133 2726 non
1175 2687 1277 2741 per
1317 2669 1616 2724 radiorum
1646 2668 2043 2736 emissionem,

402 2762 502 2817 sed
533 2778 636 2834 per
662 2761 962 2832 qualitatis
985 2777 1186 2816 eorum
1210 2775 1336 2830 quae
1363 2758 1632 2812 videntur
1652 2759 2041 2829 receptionem

398 2849 544 2905 visio
566 2849 763 2921 perﬁci
784 2849 1034 2903 videtur.
1061 2849 1141 2902 Ea
1161 2848 1316 2901 enim
1345 2864 1470 2918 quae
1493 2847 1563 2901 ad
1588 2851 1805 2901 rectam
1828 2845 2042 2901 lineam

398 2938 689 3007 videntur,
709 2939 864 2993 cerni
890 2938 1124 3004 dicunt;
1150 2935 1288 3007 quia
1314 2937 1684 3008 perspicuum
1711 2936 1866 3006 quod
1895 2935 2046 2989 inter

403 3044 525 3082 rem
556 3026 972 3099 aspectabilem
1001 3030 1058 3081 et
1095 3032 1395 3096 aspectum
1429 3024 1733 3078 intervenit
1781 3041 1813 3078 a
1855 3023 2044 3079 colore

404 3115 504 3187 qui
535 3120 848 3186 spectatur,
882 3115 1191 3180 afficiatur,
1224 3123 1279 3168 et
1311 3114 1642 3184 passionem
1674 3113 1824 3166 visui
1855 3116 1954 3182 qui
1986 3117 2043 3168 et

397 3203 524 3276 ipse
553 3209 643 3260 est
673 3205 1039 3276 perspicuus,
1071 3203 1482 3258 communicet.
1519 3207 1654 3268 Quae
1699 3207 1894 3256 autem
1940 3218 2042 3271 per

398 3294 804 3348 ret‘ractionem
837 3297 1180 3357 cernuntur,
1213 3293 1293 3348 ita
1322 3291 1477 3346 cerni
1509 3309 1522 3359 ;
1557 3296 1621 3345 ut
1659 3291 1739 3345 rei
1771 3295 2035 3362 aspecta-

2160 2054 2259 2116 τῆς
2289 2044 2464 2122 ὅψεως
2492 2052 2630 2126 πρὸς
2657 2051 2719 2105 τὸ
2751 2056 2884 2129 φῶς.

2231 2138 2396 2226 γ’.Αοὶ
2431 2138 2527 2226 μὲν
2553 2140 2656 2214 γὰρ
2713 2145 2817 2194 τῶν
2877 2143 3209 2216 μαθημάτων
3267 2143 3484 2208 ἀκτῖνάς
3543 2148 3669 2226 φασί
3721 2171 3800 2204 τι..

2158 2245 2245 2284 νας
2304 2224 2631 2300 ἐκχεομένας
2685 2233 2792 2282 τῶν
2853 2228 3149 2306 ὀφθαλμῶν
3207 2233 3297 2286 καὶ
3354 2224 3794 2309 προσπιπτούσας

2157 2317 2235 2384 τῷ
2263 2315 2460 2388 ὁρατῷ,
2491 2320 2588 2369 τοῦ
2619 2317 2746 2392 ὁρᾷν
2777 2317 2948 2380 αἰτίας
2978 2320 3111 2374 εἶναι
3144 2323 3278 2392 ἡμῖν
3326 2321 3487 2385 αὐτὰς
3547 2321 3614 2393 δὴ
3670 2327 3796 2381 ταύ-

2155 2421 2250 2454 τας
2283 2402 2387 2456 ἀπὸ
2443 2407 2550 2457 τῶν
2611 2405 2925 2482 κατόπτρων
2975 2407 3064 2461 καὶ
3121 2410 3331 2464 πάντων
3386 2416 3494 2465 τῶν
3530 2414 3795 2469 τοιούτων

2155 2488 2540 2564 ἀνακλωμένας
2597 2492 2683 2546 ἐπὶ
2741 2495 2801 2548 τὸ
2859 2496 3048 2569 ὁρατὸν
3102 2497 3235 2572 πρὸς
3295 2497 3412 2560 ἴσας
3444 2501 3644 2573 γωνίας
3698 2504 3795 2572 τήν

2157 2576 2327 2631 αἰτίαν
2359 2576 2521 2632 πάλιν
2552 2582 2685 2652 ἡμῖν
2717 2583 2974 2657 παρέχειν
3005 2587 3105 2636 τοῦ
3155 2578 3324 2647 ὅντως
3374 2586 3500 2661 ὁρᾷν
3553 2589 3615 2642 τὸ
3665 2591 3803 2664 ὁρώ-

2159 2687 2336 2738 μενον·
2395 2673 2512 2728 τοῖς
2590 2665 2647 2722 δὲ
2697 2676 2944 2746 φυσικοῖς
2999 2670 3060 2724 οὗ
3110 2669 3259 2726 δοκεῖ
3315 2671 3383 2726 δι’
3437 2674 3661 2730 ἀκτίνων
3709 2677 3796 2733 ἐκ·

2153 2763 2382 2827 πομπῆς
2411 2755 2681 2821 τελεῖσθαι
2709 2759 2808 2826 τὴν
2843 2758 3047 2834 ὅρασιν,
3082 2759 3227 2816 ἀλλὰ
3275 2765 3343 2835 τῇ
3406 2761 3632 2840 εἷ’σδοχῇ
3692 2775 3796 2836 τῆς

2149 2848 2256 2897 τῶν
2309 2845 2600 2920 ὁρωμένων
2660 2846 2974 2917 ποιότητος.
3026 2849 3273 2924 Ὀρᾶσθαι
3353 2851 3454 2925 γάρ
3536 2874 3664 2930 φασι
3731 2857 3801 2910 τὰ

2156 2932 2248 3005 μέν
2286 2933 2487 2996 εὐθείας
2519 2935 2791 3010 ὁρώμενα,
2823 2940 2901 3007 τῷ
2929 2937 3156 3011 πάσχειν
3201 2938 3305 2992 ὑπὸ
3358 2944 3455 2994 τοῦ
3511 2943 3801 3015 ὁρωμένου

2151 3023 2449 3097 χρώματος
2476 3023 2538 3077 τὸ
2591 3022 2783 3095 μεταξὺ
2823 3028 2920 3078 τοῦ
2967 3026 3250 3100 ὁρωμένου
3302 3027 3393 3081 καὶ
3458 3029 3556 3097 τῆς
3616 3027 3798 3105 ὄψεως

2151 3107 2421 3188 διαφανὲς,
2448 3112 2538 3165 καὶ
2573 3109 2916 3184 μεταδιδόναι
2945 3116 3011 3186 τῇ
3071 3108 3191 3187 ὄψει
3246 3119 3344 3169 τοῦ
3401 3118 3602 3180 πάθους
3660 3120 3799 3194 οὔσῃ

2147 3198 2236 3252 καὶ
2287 3199 2452 3273 ταύτῃ
2511 3196 2769 3274 διαφανεῖ.
2803 3200 2877 3255 Τὰ
2935 3197 2991 3255 δὲ
3046 3203 3160 3256 κατ’
3219 3201 3508 3258 ἀνάκλασιν
3567 3208 3797 3282 ὁρᾶσθαι

2148 3284 2415 3362 λεγόμενα
2470 3288 2641 3350 οὕτως
2699 3291 2941 3364 ὁρᾶσθαι,
2990 3293 3068 3362 τῷ
3123 3290 3358 3366 γίνεσθαι
3415 3297 3630 3370 πρῶτον
3690 3297 3795 3366 τήν

393 3382 530 3438 bilis
548 3381 928 3436 simulacrum
949 3381 1205 3452 primum
1225 3381 1322 3434 fiat
1340 3380 1396 3434 in
1417 3379 1670 3450 speculis
1687 3384 1742 3434 et
1758 3361 2034 3436 omnibus

2158 3380 2238 3430 τοῦ
2295 3376 2576 3452 ὁρωμένου
2634 3375 2859 3456 ἔμφασιν
2912 3378 2962 3433 ἐν
2993 3385 3111 3441 τοῖς
3169 3379 3444 3457 ἐνόπτροις
3493 3385 3581 3437 καὶ
3632 3391 3794 3441 πᾶσιν

393 3471 616 3543 speculi
676 3487 835 3526 more
893 3469 1044 3526 228
1111 3469 1465 3541 perspicuis,
1527 3473 1760 3539 propter
1818 3475 2036 3524 certam

396 3561 651 3632 aliquam
676 3560 756 3614 rei
779 3559 1151 3631 aspectabilis
1172 3557 1578 3612 habitudinem
1603 3558 1673 3611 ad
1696 3557 1996 3628 speculum
2021 3575 2034 3614 :

397 3649 523 3703 ﬁeri
544 3653 738 3704 autem
760 3647 1076 3719 imaginem
1099 3647 1178 3702 rei
1202 3646 1574 3718 aspectabilis
1598 3646 1654 3700 in
1677 3645 1915 3718 speculo
1938 3663 2040 3718 per

395 3737 793 3809 perspicuum,
825 3737 980 3808 quod
1014 3737 1164 3790 inter
1193 3735 1494 3809 speculum
1529 3740 1586 3790 et
1615 3740 1915 3805 aspectum
1947 3737 2034 3791 in-

396 3825 678 3893 tervenit;
711 3830 777 3879 ut
805 3825 1161 3896 ejuscemodi
1194 3825 1567 3897 perspicuum
1599 3841 1632 3878 a
1662 3824 1742 3879 rei
1774 3828 2034 3895 aspecta-

393 3913 530 3969 bilis
551 3913 740 3969 colore
762 3914 1070 3980 afﬁciatur,
1093 3919 1150 3968 et
1179 3913 1541 3969 affectionem
1565 3912 1800 3985 speculo
1826 3912 1902 3966 im
1911 3929 2036 3984 per-

393 4002 520 4068 tiat,
548 4003 701 4074 quod
733 4008 791 4058 et
820 4005 1012 4074 ipsum
1047 4007 1135 4058 est
1163 4002 1535 4074 perspicuum
1563 4019 1576 4070 ;
1613 4001 1822 4056 deinde
1852 4001 1934 4056 sic
1965 4017 2035 4056 ex

391 4090 630 4163 speculo
661 4093 733 4146 ad
775 4096 1078 4162 aspectum
1111 4091 1306 4146 venire
1336 4091 1550 4145 dictam
1583 4091 1899 4161 imaginem
1933 4107 2035 4161 per

389 4179 544 4235 idem
598 4179 741 4235 illud
793 4181 1162 4252 perspicuum
1213 4180 1368 4250 quod
1426 4179 1578 4234 inter
1624 4178 1926 4249 speculum
1976 4183 2034 4233 et

390 4275 692 4340 aspectum
714 4269 961 4325 exsistit.
985 4270 1160 4324 Posse
1181 4268 1334 4323 enim
1360 4267 1664 4339 speculum
1687 4267 1954 4322 lasvitatis
1976 4271 2032 4322 et

387 4357 631 4430 fulgoris
657 4375 835 4414 causa
860 4359 940 4413 rei
968 4357 1339 4430 aspectabilis
1364 4357 1614 4413 colorem
1637 4356 2032 4412 communica-

385 4451 536 4517 tum,
569 4465 685 4503 non
717 4453 945 4502 tantum
978 4452 1246 4519 prompte
1276 4447 1556 4518 accipere,
1590 4446 1691 4501 sed
1735 4445 2028 4501 custodire

383 4537 581 4603 etiam,
614 4543 670 4591 et
714 4536 1021 4608 perspicuo
1053 4536 1206 4607 quod
1236 4535 1431 4606 ipsum
1462 4537 1650 4606 primo
1678 4533 2026 4602 transmisit,

379 4625 643 4680 vicissim
678 4626 996 4682 remittere.

453 4715 506 4769 4.
540 4714 702 4778 Quod
737 4715 916 4786 igitur
943 4713 1177 4769 lucidus
1209 4717 1264 4768 et
1294 4711 1487 4767 clarus
1518 4709 1821 4767 oculorum
1852 4710 2026 4783 spiri-
2057 4727 2103 4791 D

382 4807 480 4859 tus
509 4810 866 4875 secernatur,
899 4808 1131 4858 tantum
1177 4820 1292 4857 non
1338 4801 1552 4856 diserte
1603 4800 1880 4867 clamant,
1910 4799 2023 4872 ipsi

382 4893 558 4947 etiam
593 4892 749 4948 nervi
780 4893 880 4964 qui
913 4892 1086 4948 talem
1128 4891 1402 4962 spiritum
1447 4906 1516 4944 ex
1557 4891 1792 4944 cerebro
1837 4890 2022 4944 conti-

382 4987 587 5037 nenter
618 4982 951 5038 afﬂuentem
985 4981 1300 5036 demittunt
1331 4979 1401 5034 ad
1433 4977 1630 5034 oculos
1659 4997 1672 5045 ;
1708 4977 1818 5033 soli
1865 4977 2021 5033 enim

383 5070 443 5125 bi
476 5087 546 5125 ex
573 5072 848 5126 omnibus
888 5071 986 5142 qui
1033 5076 1173 5125 sunt
1222 5069 1280 5124 in
1335 5085 1573 5138 corpore
1604 5067 1783 5133 nervi,
1816 5067 1935 5122 cavi
1967 5071 2024 5121 et

383 5159 751 5214 canaliculati
784 5166 942 5214 sunt.
968 5161 1329 5231 Quapropter
1349 5174 1448 5213 eos
1469 5158 1645 5213 etiam
1673 5157 2021 5228 HerOphilus

380 5263 576 5318 poros,
607 5247 665 5302 id
695 5253 784 5303 est
815 5254 1063 5315 meatus,
1096 5265 1196 5304 seu
1228 5247 1482 5315 canales,
1517 5246 1857 5302 nominavit.

449 5425 560 5479 5-8.
580 5425 742 5490 Quod
761 5429 955 5480 autem
973 5425 1173 5481 lumen
1191 5424 1350 5480 visus
1367 5441 1481 5479 non
1499 5423 1686 5496 possit
1703 5422 1900 5494 ipsum
1920 5439 2021 5494 per

379 5531 442 5572 se
472 5513 665 5570 solum
692 5513 1005 5586 praevenire
1033 5520 1090 5570 et
1117 5513 1610 5586 comprehendere
1630 5512 1829 5567 omnia
1858 5527 2024 5583 aspe-

377 5602 614 5664 otabilia
643 5603 758 5661 nisi
795 5603 866 5660 ab
898 5607 1134 5660 externo
1166 5602 1320 5660 229
1350 5602 1574 5658 lumine
1606 5601 1932 5674 adjuvetur,
1964 5604 2021 5657 et

448 5823 494 5868 ιο
530 5839 594 5883 ιιι
636 5820 872 5887 Μθιοοιι.
924 5835 975 5880 ο.
1025 5820 1081 5880 2.

2147 3463 2482 3541 ἐνοπτρικοῖς
2540 3463 2628 3520 διὰ
2681 3468 2780 3534 τὴν
2835 3468 2993 3522 ποιὰν
3045 3467 3228 3544 σχέσιν
3267 3473 3362 3523 τοῦ
3395 3471 3593 3546 ὁρατοῦ
3652 3475 3796 3549 πρὸς

2143 3555 2206 3608 τὸ
2264 3550 2539 3631 ἔνοπτρωο
2595 3556 2833 3629 γίνεσθαι
2892 3553 2950 3610 δὲ
3001 3558 3099 3625 τήν
3146 3562 3243 3612 τοῦ
3303 3559 3500 3634 ὁρατοῦ
3559 3557 3794 3640 ἔμφασιν

2147 3643 2196 3697 ἐν
2227 3648 2306 3714 τῷ
2339 3643 2580 3720 ἐνόπτρῳ
2612 3642 2701 3698 διὰ
2739 3649 2836 3699 τοῦ
2891 3643 3196 3723 διαφανοῦς,
3230 3645 3362 3723 ὅπερ
3420 3647 3531 3703 ἐστὶ
3590 3652 3796 3725 μεταξὺ

2141 3736 2238 3787 τοῦ
2271 3732 2526 3808 ἐνόπτρου
2554 3753 2612 3787 τε
2640 3733 2728 3787 καὶ
2774 3741 2874 3802 τῆς
2922 3729 3098 3807 ὅψεως
3150 3736 3460 3811 πάσχοντος
3513 3742 3611 3792 τοῦ
3667 3761 3797 3795 τοι-

2143 3821 2303 3874 ούτου
2362 3819 2650 3899 διαφανοῦς
2710 3821 2810 3875 ὑπὸ
2863 3829 2965 3891 τῆς
2999 3827 3096 3877 τοῦ
3127 3824 3408 3899 ὁρωμένου
3440 3833 3640 3901 χροιᾶς
3696 3830 3796 3883 καὶ

2141 3913 2237 3962 τοῦ
2303 3910 2504 3972 πάθους
2566 3907 2947 3983 μεταδιδόντος
3003 3915 3082 3982 τῷ
3125 3911 3371 3985 ἐνόπτρῳ
3421 3911 3672 3992 διαφανεῖ
3699 3917 3800 3971 κᾶ-

2140 3997 2302 4070 κείνῳ
2331 3998 2671 4074 τυγχάνοντιο
2707 3999 2800 4063 εἶθ’
2839 3998 3010 4062 οὕτως
3065 3999 3124 4054 ἐκ
3175 4005 3277 4055 τοῦ
3335 4001 3591 4078 ἐνόπτρου
3652 4006 3798 4082 πρὸς

2139 4087 2237 4154 τὴν
2291 4081 2413 4160 ὄψιν
2488 4085 2640 4155 ἥκειν
2695 4089 2792 4156 τὴν
2853 4083 3148 4163 εἰρημένην
3205 4084 3433 4167 ἔμφασιν
3495 4088 3565 4145 δι’
3622 4081 3798 4148 αὐτοῦ

2139 4173 2302 4229 πάλιν
2359 4179 2455 4230 τοῦ
2516 4176 2707 4248 μεταξὺ
2754 4181 2850 4230 τοῦ
2892 4176 3151 4248 ἐνόπτρου
3201 4177 3290 4232 καὶ
3335 4186 3436 4247 τῆς
3467 4175 3645 4254 ὅψεως
3677 4181 3799 4237 δια-

2139 4269 2357 4342 φανοῦς.
2392 4264 2646 4319 Δύνασθαι
2701 4266 2805 4340 γὰρ
2858 4267 2920 4319 τὸ
2979 4263 3230 4342 ἔνοπτρω
3262 4263 3349 4321 διὰ
3381 4265 3642 4340 λειότητα
3697 4273 3796 4326 καὶ

2138 4351 2522 4424 στιλπνότητά,
2561 4355 2634 4426 μὴ
2669 4353 2831 4425 μόνον
2863 4353 3099 4426 ετοίμως
3149 4351 3394 4430 δέχεσθαι
3453 4357 3515 4412 τὸ
3565 4357 3793 4431 μεταδι-

2137 4439 2361 4514 δόμενον
2419 4441 2565 4512 αὐτῷ
2623 4447 2826 4518 χρῶμα
2879 4447 2974 4496 τοῦ
3034 4444 3250 4515 ὁρατοῦ,
3286 4443 3430 4499 ἀλλὰ
3458 4447 3548 4500 καὶ
3581 4446 3799 4522 φυλάσ-

2135 4551 2242 4584 σειν
2271 4530 2360 4584 καὶ
2389 4527 2856 4603 ἀντιμεταδιδόναι
2889 4537 2969 4603 τῷ
3031 4529 3314 4604 μεταδόντι
3367 4535 3606 4608 πρώτως
3666 4533 3795 4591 δια-

2136 4640 2305 4698 φανει.

2207 4705 2268 4765 δ’.
2301 4711 2418 4765 Ὅτι
2470 4710 2563 4782 μὶν
2616 4707 2706 4764 οὖν
2759 4706 3032 4785 αὐγοειδὲς
3079 4711 3168 4764 καὶ
3227 4709 3520 4789 φωτοειδές
3569 4718 3798 4786 πνεῦμα

2130 4802 2235 4851 τῶν
2297 4797 2596 4875 ὀφθαλμῶν
2655 4797 3024 4874 ἀποκρίνεται,
3061 4800 3357 4876 μονονουχὶ
3422 4802 3523 4875 βοᾷ
3568 4807 3797 4879 τρανῶς

2131 4887 2219 4941 καὶ
2252 4887 2385 4942 αὐτὰ
2409 4889 2477 4942 τὰ
2505 4891 2665 4964 νεῦρα
2688 4889 2754 4944 τὰ
2797 4885 3171 4960 διαπέμποντα
3214 4890 3349 4965 πρὸς
3399 4891 3526 4954 τοὺς
3584 4891 3801 4970 ὀφθαλ-

2136 4976 2270 5049 μοὺς
2299 4978 2360 5031 τὸ
2391 4982 2635 5032 τοιοῦτον
2668 4981 2880 5050 πνεῦμα
2926 4977 3172 5053 ἐπιρρέον
3222 4977 3281 5033 ἐκ
3325 4984 3424 5034 τοῦ
3474 4979 3800 5059 ἐγκεφάλου

2131 5065 2265 5119 κατὰ
2316 5067 2611 5141 συνέχειαν·
2672 5066 2761 5120 καὶ
2840 5067 2942 5141 γάρ
3022 5065 3345 5139 συμπάντων
3427 5073 3536 5122 τῶν
3593 5069 3644 5125 ἐν
3708 5075 3801 5142 τῷ

2130 5155 2342 5226 σώματι
2404 5155 2604 5228 νεύρων
2679 5159 2846 5209 ταῦτα
2926 5154 3059 5227 μόνα
3127 5153 3290 5210 κοῖλα
3358 5160 3615 5232 τυγχάνει
3693 5160 3801 5213 καὶ

2131 5240 2496 5312 σωληνοειδῆ.
2531 5244 2626 5297 Διὰ
2665 5248 2824 5298 τοῦτο
2853 5244 2942 5298 καὶ
2975 5243 3180 5320 πόρους
3237 5244 3515 5317 ὠνόμασεν
3568 5247 3708 5302 αὐτᾶ
3768 5249 3801 5302 ὁ

2129 5330 2445 5410 Ἡρόφιλος.

2199 5421 2338 5490 ε’-η’.
2387 5422 2504 5475 Ὅτι
2564 5418 2610 5475 δ’
2657 5420 2754 5475 οὐκ
2801 5419 2860 5474 ἂν
2906 5420 2970 5474 τὸ
3015 5423 3116 5490 τῆς
3165 5417 3342 5495 ὄψεως
3390 5419 3608 5478 δύναιτο
3659 5428 3800 5501 φῶς

2129 5508 2256 5563 αὐτὸ
2312 5511 2426 5563 καθ’
2479 5508 2608 5563 αὐτὸ
2687 5509 2846 5582 μόνον
2929 5509 3143 5586 φθάνειν
3197 5509 3286 5564 καὶ
3344 5507 3796 5586 περιλαμϐάνειν

2129 5597 2334 5654 ἅπαντα
2377 5597 2444 5653 τὰ
2491 5598 2741 5678 ὁρώμενα
2793 5599 2868 5673 μὴ
2906 5597 3277 5678 βοηθούμενον
3309 5598 3400 5655 καὶ
3455 5599 3616 5656 οἱονεὶ
3647 5619 3802 5678 χει-

4008 358 4024 1100 γ
