4024 6450
108 398 254 457 1193

1399 395 1746 458 ΕΡΙΤΟΜΕ
1793 394 2145 456 PHYSICA.

3341 397 3498 454 1194

107 529 518 604 ραγωγούμινον
588 528 690 584 ὑπὸ
733 533 829 582 τοῦ
880 525 980 598 ἔξω
1038 528 1237 605 φωτὸς,
1298 519 1464 596 δῆλον
1527 527 1584 582 ἐκ
1647 531 1744 580 τοῦ

1864 528 2025 599 quasi
2056 544 2233 584 manu
2266 529 2549 594 ducatur;
2584 544 2652 582 ex
2681 544 2746 582 eo
2787 527 3163 582 manifestum
3195 530 3302 594 est,
3342 528 3499 598 quod

112 615 245 689 μηδὲ
289 615 505 693 βλέπειν
567 612 980 690 ἀνεμποδίστως
1025 618 1197 687 ἡμᾶς,
1243 615 1332 670 ὅτε
1381 616 1444 670 τὸ
1491 619 1736 669 τοιοῦτον

106 706 283 761 ἄπεστι
331 710 464 785 φῶς.
516 705 580 760 Εἰ
627 705 727 782 γὰρ
773 704 885 759 οἷόν
929 726 988 759 τε
1035 704 1102 772 ἦν
1153 704 1214 758 τὸ
1282 704 1502 758 ὀπτικὸν
1570 701 1741 757 ἀπαύ-

103 817 277 872 γασμα
340 783 431 850 τὸν
500 783 648 871 ἀέρα
698 791 1022 867 διατέμνειν,
1089 791 1240 848 οὐδὲν
1307 791 1367 848 ἂν
1425 796 1587 862 ἧττον
1651 792 1740 846 καὶ

103 884 318 946 σκότους
353 883 540 961 βαθέος
581 877 904 958 ἐϐλέπομεν·
959 881 1140 959 ὥσπερ
1184 883 1229 937 εἰ
1271 883 1333 937 τὸ
1383 881 1568 953 ἔξωθεν
1621 885 1735 960 φῶς

105 971 191 1028 διὰ
235 978 328 1029 τοῦ
380 972 537 1049 ἀέρος
591 974 692 1041 τὴν
729 977 827 1026 τοῦ
894 972 1091 1047 ὁρατοῦ
1157 971 1423 1042 ποιότητα
1469 969 1605 1047 πρὸς
1651 972 1742 1024 τὸν

105 1061 381 1142 ὀφθαλμδν
433 1056 724 1130 διεϐίϐαζε·
766 1061 991 1136 περιττή
1038 1065 1118 1133 τῷ
1165 1058 1433 1138 ὀφθαλμῴ
1474 1058 1742 1131 δήπουθεν

105 1153 170 1221 ἦν
218 1153 252 1221 ἡ
300 1155 397 1206 τοῦ
455 1146 854 1220 σωληνοειδοῦς
921 1148 1109 1224 νεύρου
1171 1150 1497 1217 κατασκευὴ,
1551 1146 1740 1222 μηδενὶ

99 1246 205 1296 τῶν
262 1237 445 1295 ἄλλων
495 1237 863 1314 αἰσθητηρίων
917 1237 1167 1294 τοιούτου
1199 1237 1390 1312 νεύρου
1419 1237 1737 1313 προσόντος·

101 1327 352 1405 ἑωρῶμέν
401 1349 460 1382 τε
515 1328 590 1400 μὴ
640 1327 755 1382 καθ’
788 1324 910 1381 εὐθὺ
955 1325 1138 1401 μόνον,
1171 1324 1299 1381 ἀλλ’
1327 1324 1434 1397 ἤδη
1487 1327 1591 1381 κάκ
1634 1329 1738 1380 τῶν

97 1416 341 1493 πλαγίων
387 1437 448 1471 τε
493 1413 582 1471 καί
627 1420 736 1470 τῶν
786 1410 1028 1484 ὄπισθεν,
1075 1419 1183 1469 τῶν
1237 1411 1347 1469 ἄνω
1401 1436 1459 1469 τε
1505 1414 1594 1470 καὶ
1630 1419 1738 1468 τῶν

98 1506 245 1562 κάτω
319 1499 772 1579 διαϐιϐαζομένου
832 1501 1167 1580 πανταχόθεν
1216 1507 1315 1558 τοῦ
1365 1503 1562 1580 ὁρατοῦ
1604 1503 1739 1577 πρὸς

98 1598 160 1652 τὸ
211 1595 496 1672 ὁραττςριον
541 1591 629 1648 διὰ
675 1594 774 1661 τὴν
821 1597 917 1647 τοῦ
987 1592 1140 1664 ἀέρος
1207 1592 1507 1667 συνέχειαν·
1561 1589 1741 1666 ὥσπερ

100 1685 165 1740 αὗ
188 1684 250 1739 τὸ
279 1684 532 1738 ἀκουστὸν
565 1683 700 1758 πρὸς
747 1681 811 1736 τὸ
861 1682 1241 1756 ἀκουστήριον,
1269 1680 1360 1735 καὶ
1404 1681 1468 1735 τὸ
1515 1680 1743 1758 ὀσφραν-

97 1775 188 1828 τὸν
220 1773 354 1848 πρὸς
380 1773 444 1826 τὸ
475 1771 870 1850 ὀσφραντήριον
904 1761 1294 1838 διαϐιϐάζεται.

1850 617 2113 687 expedite
2169 635 2283 672 non
2314 617 2603 681 videmus,
2634 615 2869 687 quando
2910 615 3108 670 lumen
3142 616 3307 672 abest
3336 616 3500 685 ejus-

1851 705 2028 760 modi.
2062 705 2113 759 Si
2147 705 2299 760 enim
2337 705 2460 760 fieri
2492 709 2779 776 posset,ut
2809 703 3002 776 fulgor
3030 703 3280 758 visorius
3311 703 3498 759 disse-

1851 799 2007 848 caret
2053 809 2267 861 aerem,
2301 793 2448 848 nihil
2499 794 2696 848 minus
2737 793 2912 848 etiam
2961 793 3022 847 in
3054 792 3361 864 profundis
3411 797 3496 848 te-

1852 883 2050 939 nebris
2105 882 2455 938 videremus.
2522 883 3028 949 Quemadmodum
3087 881 3135 937 si
3191 886 3496 937 externum

1850 971 2049 1026 lumen
2126 988 2228 1042 per
2286 987 2479 1026 aerem
2556 973 2628 1026 ad
2686 970 2918 1026 oculum
2997 969 3339 1041 qualitatem
3413 969 3496 1025 rei

1851 1059 2225 1133 aspectabilis
2281 1061 2622 1132 perduceret
2671 1079 2684 1128 ;
2744 1075 3174 1132 supervacanea
3239 1060 3496 1132 profecto

1853 1148 1999 1204 foret
2028 1149 2194 1204 oculo
2225 1148 2474 1205 ﬁstulosi
2503 1148 2664 1203 nervi
2692 1149 3070 1219 constructio,
3099 1165 3235 1204 cum
3265 1147 3496 1204 nullum

1851 1242 2190 1293 caaterorum
2240 1255 2520 1294 sensuum
2551 1238 3012 1294 instrumentum
3061 1237 3164 1293 tali
3215 1253 3389 1293 nervo
3421 1237 3500 1292 sit

1852 1327 2182 1400 praeditum.
2215 1325 2560 1384 Videremus
2607 1327 2782 1382 etiam
2818 1343 2933 1381 non
2982 1330 3213 1382 tantum
3265 1327 3324 1380 in
3375 1342 3500 1381 rec-

1849 1419 1999 1484 tum,
2031 1416 2132 1470 sed
2177 1415 2302 1484 jam
2333 1414 2509 1469 etiam
2559 1430 2628 1469 ex
2656 1415 2931 1485 obliquis,
2965 1418 3022 1469 et
3059 1431 3187 1486 quae
3241 1429 3414 1486 pone,
3443 1418 3500 1470 et

1851 1521 1978 1576 quae
2011 1508 2271 1576 supra,et
2299 1519 2426 1575 quae
2457 1503 2610 1560 infra
2639 1508 2779 1559 sunt
2802 1521 2815 1571 ;
2837 1505 2978 1558 dum
3007 1519 3099 1558 res
3125 1501 3499 1575 aspectabilis

1851 1592 2126 1648 omnibus
2155 1608 2224 1647 ex
2273 1591 2537 1664 partibus
2567 1596 2803 1664 propter
2850 1592 3000 1647 aeris
3049 1592 3494 1648 continuitatem

1852 1683 1922 1737 ad
1951 1682 2235 1737 visorium
2267 1681 2729 1737 instrumentum
2756 1681 3499 1753 deferretur;quemadmo-

1850 1771 1992 1826 dum
2031 1770 2209 1826 etiam
2258 1771 2416 1841 quod
2449 1770 2564 1826 sub
2609 1770 2875 1826 auditum
2907 1769 3080 1838 cadit,
3114 1770 3186 1825 ad
3234 1769 3496 1838 auditus,

1771 1895 1819 1960 B
1850 1860 2123 1932 quodque
2168 1859 2287 1960 sub
2335 1857 2612 1915 olfactum
2664 1858 2838 1930 cadit,
2879 1860 2950 1914 ad
2981 1858 3227 1915 olfactus
3275 1860 3495 1916 instru-

173 2059 354 2114 θ’.-ια’.
396 2052 556 2110 ’Δλλ’
602 2050 726 2108 οὐδὲ
771 2057 869 2108 τοῦ
909 2054 1108 2128 ὁρατοῦ
1155 2051 1218 2107 τὸ
1270 2053 1495 2128 μέγεθος
1547 2049 1746 2126 ἐγινώ-

104 2165 314 2218 σκομεν.
349 2147 475 2206 Πῶς
522 2143 623 2218 γὰρ
671 2139 836 2216 ὅρους
891 2139 1149 2215 μεγίστου
1201 2140 1369 2215 τυχὸν
1421 2141 1455 2208 ἡ
1504 2139 1640 2194 κατὰ
1680 2138 1744 2194 τὸ

103 2232 336 2304 πηλίκον
427 2231 685 2309 ἐμφέρεια
743 2227 848 2292 ἕως
933 2228 1096 2285 αὐτοῦ
1181 2222 1586 2284 διαϐιϐασθεῖσα
1649 2231 1746 2282 τοῦ

107 2321 389 2400 ὀφθαλμοῦ
447 2325 702 2374 τοσοῦτον
767 2317 990 2394 μέγεθος
1049 2314 1192 2371 εἷάσε
1237 2314 1523 2392 διαγνῶναι
1573 2318 1742 2389 ἡμᾶς·

103 2413 190 2467 καὶ
225 2410 320 2465 οὐκ
349 2409 408 2464 ἂν
443 2406 819 2482 ἐπικαλύψασα
855 2407 918 2461 τὸ
971 2402 1126 2480 ὄμμα
1169 2414 1267 2475 τῆς
1309 2405 1565 2474 τοιαύτης
1615 2405 1743 2459 ἀπε-

105 2502 325 2576 στέρησε
375 2497 740 2573 διαγνώσεως,
794 2498 868 2569 μὴ
922 2494 1233 2566 δυνηθέντος
1285 2494 1446 2550 αὐτοῦ
1511 2499 1591 2566 τῷ
1653 2515 1744 2548 το-

106 2590 282 2661 σούτῳ
348 2587 830 2662 συμπαραταῦῆναι
898 2585 1146 2660 μεγέθει;
1218 2589 1340 2646 Πῶς
1402 2582 1459 2638 δὲ
1523 2584 1611 2638 καὶ
1684 2583 1746 2637 τὸ

106 2678 319 2749 πλῆθος
409 2673 789 2751 διεγινώσκετο
855 2678 961 2728 τῶν
1047 2670 1261 2749 ἔγγιστα
1339 2675 1748 2749 παρακειμένων

109 2765 384 2837 ἀλλήλοις
417 2767 647 2840 ὁρατῶν,
678 2762 768 2818 καὶ
799 2761 898 2816 οὐκ
945 2761 1003 2817 ἂν
1056 2760 1420 2831 ἐπηκολούθει
1463 2765 1530 2835 τῇ
1579 2781 1749 2836 παρα-

108 2857 246 2922 θέσει
297 2853 556 2931 σύγχυσις
617 2857 725 2906 τῶν
797 2851 1085 2928 ὁρωμένων
1168 2851 1481 2926 χρωμάτων
1547 2871 1605 2904 τε
1659 2849 1749 2904 καὶ

108 2942 435 3020 σχημάτων,
484 2943 560 3003 ὡς
604 2939 748 2996 ὅλων
800 2937 991 2994 διόλου
1051 2937 1484 3013 μεταδιδομένων
1531 2943 1611 3010 τῷ
1654 2958 1748 2992 πε-

109 3034 350 3108 ριέχοντι
379 3050 393 3099 ;
423 3029 662 3106 ’Ἀλογον
713 3031 814 3106 γὰρ
862 3028 926 3082 τὸ
971 3028 1106 3083 κατὰ
1156 3035 1329 3100 μῆκος
1382 3028 1474 3100 μὲν
1521 3026 1749 3104 πάσχειν

106 3123 173 3177 τὸ
226 3118 416 3194 μεταξὺ
462 3122 560 3173 τοῦ
611 3120 807 3195 ὁρατοῦ
853 3117 941 3172 καὶ
970 3124 1070 3188 τῆς
1103 3112 1280 3192 ὅψεως
1311 3113 1581 3194 διαφανὲς,
1614 3114 1750 3170 ἀπα-

115 3220 202 3272 θες
255 3204 310 3262 δὲ
347 3207 529 3282 ,μένειν
583 3206 712 3260 αὐτὸ
755 3205 891 3260 κατά
937 3201 1162 3276 πλάτος,
1205 3205 1280 3266 ὡς
1329 3205 1405 3278 μὴ
1444 3207 1544 3272 τῆς
1585 3202 1752 3272 αὐτῆς

118 3296 250 3352 ὅλον
309 3294 510 3372 φύςεως
583 3290 660 3352 ὅν.
712 3298 837 3356 Πῶς
887 3291 944 3348 δὲ
987 3292 1150 3349 πάλιν
1199 3295 1299 3363 τὴν
1348 3292 1398 3364 ἐξ
1445 3295 1604 3366 ἡμῶν
1660 3296 1758 3347 τοῦ

116 3382 397 3461 ὁρωμένου
443 3383 733 3438 ἀπόστασιν
785 3380 1121 3459 διεκρίνομεν
1170 3386 1373 3450 ποσῶς,
1422 3382 1512 3436 καὶ
1560 3380 1660 3436 οὐκ
1696 3379 1754 3435 ἂν

113 3470 336 3530 ἐδόκουν
419 3470 634 3550 ἔγγιστα
696 3472 985 3547 τυγχάνειν
1045 3475 1206 3545 ἡμῶν
1259 3471 1430 3526 πάντα
1481 3471 1548 3525 τὰ
1594 3469 1760 3544 ὁρατά

108 3569 217 3632 τῆς
296 3559 470 3616 αὐτῶν
558 3559 845 3638 ἐμφερείας
929 3558 1276 3634 ἐπικειμένης
1357 3564 1436 3632 τῷ
1511 3554 1757 3633 ὄμματι;

191 3846 284 3921 ιβ’.
314 3844 443 3901 Καθ’
489 3842 654 3914 αὐτὴν
706 3843 799 3918 μὲν
851 3840 942 3898 οὗν
985 3845 1021 3912 ἡ
1054 3838 1176 3916 ὄψις
1224 3842 1322 3898 οὐκ
1367 3842 1546 3919 ἰσχύει
1600 3841 1763 3917 μέχρι

113 3932 339 3990 πολλοῦ
384 3931 613 4004 διήκειν·
666 3930 1008 4006 ἐμπίπτουσα
1057 3929 1114 3986 δὲ
1175 3936 1255 4004 τῷ
1299 3933 1606 4008 περιέχοντι
1655 3929 1767 3986 δια-

115 4027 279 4103 φανεῖ
321 4021 412 4078 καὶ
447 4024 517 4095 τῇ
567 4021 758 4096 πρώτῃ
799 4016 1087 4098 προσϐολῇ
1133 4023 1233 4091 τὴν
1266 4019 1564 4077 ἀλλοίωσιν
1609 4020 1765 4097 ἐργα-

118 4111 324 4184 ζομένη
378 4107 691 4164 διαδίδωσιν
737 4107 869 4186 ἄχρι
917 4108 1174 4166 πλείστου
1238 4114 1498 4185 συνεχοῦς
1557 4111 1768 4182 ἑαυτὴν,

124 4200 331 4275 μέχρις
379 4199 439 4253 ἂν
485 4193 783 4253 καταλάϐοι
829 4199 892 4253 τὸ
944 4198 1156 4272 ὁρατὸν,
1206 4198 1646 4272 συνεκτεινομένη
1695 4202 1774 4269 τῷ

117 4288 253 4365 περὶ
310 4288 400 4345 τὸν
471 4287 668 4362 μεταξὺ
735 4286 864 4362 ἀέρα
930 4287 1091 4365 φωτὶ,
1141 4289 1278 4352 καθὰ
1341 4292 1602 4362 σογγενεῖ.
1651 4289 1776 4341 Ὅτε

1856 1952 2118 2005 mentum
2152 1948 2427 2004 defertur.

1923 2056 2077 2110 9-11.
2110 2055 2218 2109 Sed
2269 2070 2456 2125 neque
2487 2053 2569 2110 rei
2609 2053 2983 2126 aspectabilis
3031 2054 3499 2126 magnitudinem

1857 2158 2363 2214 cognosceremus.
2416 2143 2716 2208 Quomodo
2765 2145 2918 2198 enim
2971 2144 3207 2211 montis,
3254 2144 3502 2216 exempli

1856 2233 2062 2303 gratia,
2098 2232 2334 2287 maximi
2385 2233 2578 2304 quoad
2629 2232 3018 2304 quantitatem
3069 2231 3394 2288 similitudo
3430 2233 3502 2289 ad

1854 2320 2050 2391 ipsum
2110 2319 2344 2375 oculum
2413 2321 2682 2376 traducta
2735 2326 2958 2376 tantam
3035 2320 3499 2393 magnitudinem

1856 2409 2222 2480 permisisset
2250 2409 2672 2481 dignoscere,et
2697 2426 2812 2464 non
2833 2409 3244 2465 obnubilatum
3265 2409 3498 2465 oculum

1854 2497 1958 2552 tali
2008 2498 2215 2554 notitia
2261 2498 2565 2570 privasset,
2600 2503 2666 2553 ut
2724 2499 2822 2571 qui
2874 2502 3048 2554 tantae
3102 2499 3500 2570 magnitudini

1858 2587 2013 2642 230
2044 2587 2342 2642 coextendi
2375 2587 2672 2658 nequeat?
2693 2588 2805 2643 Sed
2829 2588 3121 2658 quomodo
3151 2588 3328 2642 etiam
3352 2586 3502 2642 mul-

1855 2675 2045 2731 titudo
2098 2675 2537 2747 dignosceretur
2565 2692 2760 2731 rerum
2800 2675 2912 2731 sibi
2956 2676 3204 2732 invicem
3236 2677 3499 2748 proxime

1858 2764 2277 2833 adiacentium,
2311 2780 2416 2819 nec
2461 2764 2890 2836 oppositionem
2920 2770 3264 2836 sequeretur
3291 2766 3494 2822 confu-

1859 2851 1943 2908 sio
1973 2869 2175 2909 eorum
2227 2852 2327 2923 qui
2356 2853 2646 2921 videntur,
2678 2853 2940 2910 colorum
2987 2858 3043 2909 et
3071 2854 3393 2925 figurarum
3431 2856 3500 2908 ut

1859 2957 1986 3013 quae
2010 2943 2140 2996 totae
2171 2941 2231 2995 in
2253 2941 2784 3009 totqucontinenti
2804 2941 3243 3013 impertirentur
3259 2941 3498 3013 ?Neque

1861 3029 2016 3084 enim
2048 3029 2258 3084 rationi
2289 3034 2378 3085 est
2408 3034 2885 3098 consentaneum,
2919 3034 2986 3085 ut
3016 3030 3207 3102 quoad
3238 3028 3499 3102 longituv

1863 3118 2059 3174 dinem
2091 3118 2328 3190 quidem
2349 3118 2606 3191 patiatur
2626 3119 2998 3191 perspicuum
3031 3119 3185 3190 quod
3206 3117 3358 3174 inter
3378 3133 3502 3174 rem

1869 3206 2283 3279 aspectabilem
2314 3211 2371 3262 et
2400 3207 2585 3263 visum
2619 3208 3056 3275 intervenit,sed
3088 3207 3275 3278 quoad
3307 3206 3507 3261 latitu-

1869 3296 2066 3350 dinem
2098 3297 2366 3368 passione
2415 3301 2648 3365 careat;
2680 3298 2847 3370 quasi
2878 3314 2995 3352 non
3024 3296 3289 3368 ejusdem
3319 3299 3509 3351 totum

1866 3387 2088 3440 natura;
2138 3384 2234 3440 sit.
2268 3385 2374 3451 Qui
2425 3389 2622 3440 autem
2655 3402 2862 3441 rursus
2912 3386 3040 3456 ejus
3071 3385 3226 3456 quod
3279 3383 3512 3439 videtur

1868 3472 2209 3528 distantiam
2258 3489 2290 3529 a
2338 3473 2505 3530 nobis
2574 3473 3038 3529 discerneremus
3113 3473 3507 3545 aliquatenus,

1869 3576 2058 3631 neque
2112 3560 2373 3632 proxime
2429 3579 2536 3617 nos
2587 3562 2921 3617 viderentur
2974 3578 3102 3618 esse
3159 3577 3252 3618 res
3308 3577 3512 3617 omnes

1869 3648 2267 3720 aspectabiles,
2285 3651 2334 3706 si
2365 3650 2689 3707 similitudo
2718 3652 3059 3706 earumdem
3090 3650 3258 3708 oculo
3290 3651 3514 3706 incum-

1871 3738 2035 3793 beret
2053 3738 2081 3791 ‘I

1949 3844 2035 3898 12.
2066 3848 2177 3898 Per
2207 3860 2269 3900 se
2298 3845 2480 3915 igitur
2509 3845 2670 3901 visus
2692 3863 2809 3902 non
2839 3849 3032 3918 potest
3061 3846 3232 3920 longe
3250 3845 3525 3919 progredi

1875 3935 1932 3988 et
1960 3937 2284 4004 penetrare.
2313 3934 2419 3988 Sed
2452 3936 2687 4006 quando
2716 3935 2777 3990 in
2809 3937 3117 3991 continens
3146 3935 3522 4008 perspicuum

1878 4021 2102 4089 incidit,
2146 4024 2234 4077 vel
2282 4022 2472 4094 prima
2519 4024 2905 4096 applicatione
2952 4024 3355 4080 alterationem
3402 4023 3526 4080 effi-

1880 4110 2039 4165 ciens
2088 4111 2348 4182 seipsum
2381 4113 2454 4167 ad
2485 4113 2810 4168 maximum
2843 4111 3106 4168 continui
3153 4113 3526 4169 intervallum

1882 4198 2216 4270 exporrigit,
2249 4200 2433 4255 donec
2485 4215 2608 4256 rem
2641 4201 3057 4273 aspectabilem
3107 4202 3525 4273 apprehendat,

1884 4291 1950 4341 ut
1980 4289 2238 4358 quicum
2270 4288 2491 4344 lumine
2514 4290 2664 4345 aeris
2695 4290 3225 4362 intermedii,quasi
3258 4294 3524 4361 cognato,

117 4378 233 4454 γὰρ
295 4376 405 4452 ἀὴρ
454 4374 770 4452 εὐδιάχυτός
819 4396 877 4430 τε
941 4376 1030 4430 καὶ
1076 4373 1444 4438 εὐαλλοίωτος
1491 4377 1564 4438 ὡς
1621 4372 1772 4430 οὐδὲν

115 4465 336 4540 ἕτερον,
387 4463 475 4521 καὶ
521 4467 555 4534 ἡ
624 4459 748 4538 ὄψις
816 4469 1066 4540 καθαρῶς
1141 4464 1371 4540 ὑπάρχει
1450 4461 1749 4542 φωτοειδής

1887 4468 2096 4536 potest,
2122 4465 2311 4537 magis
2342 4483 2518 4538 quam
2551 4468 2864 4539 quicquam
2896 4467 3052 4523 aliud
3080 4485 3093 4534 ;
3119 4472 3177 4523 et
3205 4467 3365 4522 visus
3387 4481 3533 4536 pure

125 4555 233 4610 Καὶ
292 4551 426 4629 ὅπερ
455 4553 517 4608 τὸ
562 4557 660 4607 τοῦ
717 4551 927 4628 λύχνου
976 4558 1090 4632 φῶς
1121 4553 1172 4608 ἐν
1206 4550 1342 4624 οἷ’κῳ
1373 4550 1474 4628 δρᾷ
1521 4558 1749 4608 σκοτεινί

1890 4553 2085 4610 clarus
2115 4554 2363 4610 exsistit.
2386 4559 2565 4626 Atque
2594 4557 2748 4626 quod
2781 4556 3030 4612 lucernis
3059 4555 3258 4611 lumen
3289 4556 3347 4610 in
3379 4555 3528 4611 23!

120 4647 222 4718 (τῇ
276 4642 468 4716 πρώτῃ
515 4642 617 4718 γὰρ
665 4639 860 4716 εἰσόδῳ
923 4631 1014 4697 τὸν
1064 4641 1114 4696 ἐν
1161 4641 1307 4713 αὐτῷ
1368 4640 1497 4715 ἀέρα
1558 4642 1749 4720 φωτίζε

1892 4644 2066 4699 domo
2125 4644 2488 4700 tenebricosa
2543 4644 2720 4700 efficit
2776 4646 2988 4717 (primo
3044 4645 3199 4700 enim
3265 4644 3537 4716 ingressu

127 4733 327 4805 ὁμοῦ),
356 4735 516 4786 τοῦτο
549 4728 617 4800 δὴ
646 4731 738 4794 καὶ
783 4732 883 4800 τὴν
936 4727 1059 4806 ὄψιν
1109 4730 1333 4802 νοητέον
1390 4736 1564 4786 ποιεῖν
1608 4730 1660 4785 ἐν
1711 4753 1749 4786 τ‹

1898 4747 2089 4788 aerem
2138 4732 2328 4804 ipsius
2379 4733 2556 4789 simul
2602 4733 2903 4806 illustrat),
2952 4734 3107 4789 idem
3155 4749 3296 4789 sane
3360 4732 3538 4787 etiam

119 4818 339 4894 ¹μεταξὺ
414 4818 616 4890 ταύτης
682 4841 743 4876 τε
807 4819 896 4876 καὶ
961 4825 1059 4875 τοῦ
1133 4821 1330 4896 ὁρατοῦ
1394 4820 1749 4895 πεφωτισμέψ

1897 4821 2090 4876 visum
2125 4822 2311 4878 facere
2342 4821 2398 4876 in
2431 4839 2563 4878 aere
2592 4821 2943 4892 illuminato,
2959 4823 3057 4894 qui
3087 4822 3240 4877 inter
3267 4821 3462 4892 ipsum
3484 4825 3542 4875 et

119 4908 273 4982 ἀέρι.
340 4909 422 4982 Τῇ
481 4909 674 4984 πρώτῃ
728 4909 830 4985 γὰρ
916 4904 1205 4986 προσϐολῇ
1277 4913 1466 4964 τοῦτον
1525 4906 1749 4963 ἀλλοιοῖ

1903 4927 2025 4966 rem
2075 4910 2490 4982 aspectabilem
2551 4911 2884 4978 intervenit,
2933 4911 3383 4983 intelligendum
3431 4913 3539 4965 est.

126 4996 342 5074 ἰσχύει,
404 4993 786 5071 δυναμουμένη
838 5002 916 5070 τῷ
956 4996 1110 5060 ἐκτὸς
1152 4998 1290 5077 φωτὶ
1320 4999 1408 5053 καὶ
1467 5002 1749 5072 συνεργοῦο

1902 4999 2046 5054 Nam
2094 4999 2283 5070 primo
2332 4999 2594 5054 incubitu
2644 5000 2800 5055 hunc
2858 4999 3103 5056 alterare
3135 4999 3288 5072 potis
3330 5003 3439 5067 est,
3471 4998 3542 5053 ab

122 5086 321 5158 τούτῳ
353 5081 442 5143 διὰ
469 5086 569 5154 τήν
604 5085 894 5145 οἷκείωσιν.
929 5085 1155 5156 Πολλὴν
1185 5089 1286 5164 γὰρ
1330 5087 1413 5142 ὅτι
1459 5088 1522 5143 τὸ
1573 5086 1749 5141 ὀπτικὶ

1904 5092 2140 5144 externo
2171 5086 2393 5143 lumine
2422 5087 2573 5144 vires
2603 5088 3088 5160 accipiens,eique
3119 5093 3353 5161 propter
3377 5087 3544 5142 fami-

127 5180 257 5253 φῶς
288 5175 390 5244 τὴν
435 5174 704 5231 οἷκείωσιν
735 5173 853 5252 ἔχει
898 5176 1036 5252 πρὸς
1083 5177 1146 5232 τὸ
1187 5175 1360 5248 ἐκτὸς,
1393 5175 1608 5231 κάκεῖνο
1659 5176 1749 5251 πρέ

1903 5175 2218 5231 liaritatem
2267 5193 2606 5248 cooperans.
2635 5177 2886 5232 Multum
2935 5180 3092 5232 enim
3134 5172 3548 5233 familiaritatis

123 5267 193 5322 τὸ
227 5270 337 5334 τῆς
369 5260 566 5337 ὄψεως·
617 5265 693 5327 ὡς
727 5263 951 5342 ἑκάτερα
995 5265 1063 5318 τὰ
1109 5269 1261 5343 φῶτα
1315 5270 1490 5336 ζητεῖν
1551 5262 1749 5333 ἄλληλα

1909 5265 2086 5321 habet
2133 5264 2330 5320 lumen
2362 5266 2645 5320 visorium
2695 5282 2828 5322 cum
2869 5271 3103 5322 externo
3153 5266 3412 5333 lumine;
3447 5280 3552 5320 nec

123 5354 224 5411 καὶ
264 5353 369 5408 ὑπὸ
415 5357 515 5408 τοῦ
562 5353 920 5431 ἰσχυροτέρου
971 5354 1188 5430 θάτερον
1228 5350 1476 5418 ἕλκεσθαι
1524 5355 1598 5428 μὴ
1653 5353 1746 5409 ἀντ

1913 5355 2111 5409 minus
2140 5354 2249 5409 hoc
2279 5370 2412 5409 cum
2435 5353 2660 5410 lumine
2688 5354 2850 5410 visus
2875 5355 3044 5422 ;adeo
3077 5361 3144 5410 ut
3164 5359 3411 5426 utraque
3444 5353 3557 5410 ista

128 5437 334 5498 ϐαῖνον
365 5435 541 5510 ὅλως,
573 5440 721 5499 ἀλλὰ
752 5441 965 5516 μᾶλλον
994 5443 1130 5518 πρὸς
1157 5444 1258 5512 τὴν
1299 5441 1468 5512 ὁλκὴν
1520 5441 1749 5518 ἐπειγόμ

1909 5442 2140 5498 lumina
2189 5459 2250 5498 se
2285 5447 2547 5514 quaerant
2576 5443 2847 5510 invicem,
2879 5449 2934 5499 et
2961 5461 2995 5500 a
3035 5443 3348 5500 valentiore
3380 5447 3561 5498 attra-

125 5554 228 5587 νον
317 5531 412 5590 καὶ
480 5532 616 5609 πρὸς
689 5532 752 5586 τὸ
827 5533 1079 5608 συγγενὲς
1151 5532 1569 5606 ἀποτεινόμενον
1649 5553 1749 5611 φυσ

1914 5532 2092 5588 hatur
2141 5530 2392 5586 alterum
2425 5531 2572 5587 nihil
2626 5550 2867 5604 prorsus
2906 5532 3185 5599 renitens,
3218 5534 3317 5588 sed
3367 5531 3563 5604 potius

140 5625 290 5685 κῶς.
1916 5622 1987 5677 ad
2020 5621 2425 5676 attractionem
2445 5622 2857 5692 accelerans,et
2885 5623 2956 5681 ad
2979 5629 3290 5697 cognatum
3307 5619 3561 5680 naturali

1915 5711 2142 5787 impetu
2172 5711 2553 5772 contendens.

1885 4377 2476 4432 coextendatur.Nam
2508 4383 2565 4433 et
2593 4395 2692 4434 aer
2722 4379 2890 4434 facile
2911 4378 3158 4434 diffundi
3181 4377 3532 4449 alterarique

437 5835 704 5905 Panos.
751 5837 864 5905 Gn.
909 5837 1136 5906 CXLII.

3197 5841 3277 5908 88
