  <div class='ocr_page' id='page_1' title='image "/cluster/home/n/w/nwhite01/storage/ocr_20150623/142/mdp.39015078384792/605.png"; bbox 0 0 4024 6490; ppageno 0'>
   <div class='ocr_carea' id='block_1_1' title="bbox 421 493 578 550">
    <p class='ocr_par' dir='ltr' id='par_1_1' title="bbox 421 493 578 550">
     <span class='ocr_line' id='line_1_1' title="bbox 421 493 578 550; baseline 0 0"><span class='ocrx_word' id='word_1_1' title='bbox 421 493 578 550; x_wconf 79' lang='grc'>1195</span> 
     </span>
    </p>
   </div>
   <div class='ocr_carea' id='block_1_2' title="bbox 419 703 2062 777">
    <p class='ocr_par' dir='ltr' id='par_1_2' title="bbox 419 703 2062 777">
     <span class='ocr_line' id='line_1_2' title="bbox 419 703 2062 777; baseline -0.006 -10"><span class='ocrx_word' id='word_1_2' title='bbox 419 712 658 767; x_wconf 89' lang='lat' dir='ltr'>incensa</span> <span class='ocrx_word' id='word_1_3' title='bbox 709 727 743 764; x_wconf 91' lang='lat' dir='ltr'>a</span> <span class='ocrx_word' id='word_1_4' title='bbox 790 710 958 764; x_wconf 91' lang='lat' dir='ltr'>nobis</span> <span class='ocrx_word' id='word_1_5' title='bbox 1007 706 1286 772; x_wconf 89' lang='lat' dir='ltr'>cernitur,</span> <span class='ocrx_word' id='word_1_6' title='bbox 1337 705 1574 760; x_wconf 98' lang='lat' dir='ltr'>tametsi</span> <span class='ocrx_word' id='word_1_7' title='bbox 1639 704 1837 777; x_wconf 80' lang='lat' dir='ltr'>procul</span> <span class='ocrx_word' id='word_1_8' title='bbox 1887 703 2062 769; x_wconf 87' lang='lat' dir='ltr'>absit,</span> 
     </span>
    </p>
   </div>
   <div class='ocr_carea' id='block_1_3' title="bbox 420 792 2066 864">
    <p class='ocr_par' dir='ltr' id='par_1_3' title="bbox 420 792 2066 864">
     <span class='ocr_line' id='line_1_3' title="bbox 420 792 2066 864; baseline -0.005 -9"><span class='ocrx_word' id='word_1_9' title='bbox 420 799 740 855; x_wconf 89' lang='lat' dir='ltr'>dummodo</span> <span class='ocrx_word' id='word_1_10' title='bbox 761 814 876 852; x_wconf 92' lang='lat' dir='ltr'>non</span> <span class='ocrx_word' id='word_1_11' title='bbox 909 795 1258 851; x_wconf 89' lang='lat' dir='ltr'>obtendatur</span> <span class='ocrx_word' id='word_1_12' title='bbox 1281 794 1445 849; x_wconf 83' lang='lat' dir='ltr'>visus</span> <span class='ocrx_word' id='word_1_13' title='bbox 1475 793 1547 848; x_wconf 90' lang='lat' dir='ltr'>ab</span> <span class='ocrx_word' id='word_1_14' title='bbox 1570 792 1769 864; x_wconf 90' lang='lat' dir='ltr'>aliquo</span> <span class='ocrx_word' id='word_1_15' title='bbox 1792 793 2066 848; x_wconf 82' lang='lat' dir='ltr'>solidiore</span> 
     </span>
    </p>
   </div>
   <div class='ocr_carea' id='block_1_4' title="bbox 423 882 2066 959">
    <p class='ocr_par' dir='ltr' id='par_1_4' title="bbox 423 882 2066 959">
     <span class='ocr_line' id='line_1_4' title="bbox 423 882 2066 959; baseline -0.005 -15"><span class='ocrx_word' id='word_1_16' title='bbox 423 904 661 959; x_wconf 90' lang='lat' dir='ltr'>corpore</span> <span class='ocrx_word' id='word_1_17' title='bbox 710 885 1066 958; x_wconf 89' lang='lat' dir='ltr'>obsepiente,</span> <span class='ocrx_word' id='word_1_18' title='bbox 1099 888 1200 938; x_wconf 89' lang='lat' dir='ltr'>aut</span> <span class='ocrx_word' id='word_1_19' title='bbox 1252 882 1408 954; x_wconf 90' lang='lat' dir='ltr'>globi</span> <span class='ocrx_word' id='word_1_20' title='bbox 1435 887 1609 938; x_wconf 80' lang='lat' dir='ltr'>terrae</span> <span class='ocrx_word' id='word_1_21' title='bbox 1638 887 1899 937; x_wconf 80' lang='lat' dir='ltr'>tumores</span> <span class='ocrx_word' id='word_1_22' title='bbox 1951 882 2066 936; x_wconf 88' lang='lat' dir='ltr'>im-</span> 
     </span>
    </p>
   </div>
   <div class='ocr_carea' id='block_1_5' title="bbox 382 971 2028 1052">
    <p class='ocr_par' dir='ltr' id='par_1_5' title="bbox 382 971 2028 1052">
     <span class='ocr_line' id='line_1_5' title="bbox 382 971 2028 1052; baseline -0.006 -18"><span class='ocrx_word' id='word_1_23' title='bbox 382 1033 392 1044; x_wconf 71' lang='lat'>,</span> <span class='ocrx_word' id='word_1_24' title='bbox 424 977 698 1052; x_wconf 87' lang='lat' dir='ltr'>pediant;</span> <span class='ocrx_word' id='word_1_25' title='bbox 733 975 847 1031; x_wconf 90' lang='lat' dir='ltr'>nisi</span> <span class='ocrx_word' id='word_1_26' title='bbox 877 974 962 1031; x_wconf 88' lang='lat' dir='ltr'>eis</span> <span class='ocrx_word' id='word_1_27' title='bbox 994 972 1136 1029; x_wconf 90' lang='lat' dir='ltr'>facis</span> <span class='ocrx_word' id='word_1_28' title='bbox 1165 973 1542 1044; x_wconf 85' lang='lat' dir='ltr'>conﬂagratio</span> <span class='ocrx_word' id='word_1_29' title='bbox 1574 971 2028 1044; x_wconf 80' lang='lat' dir='ltr'>superemineat.</span> 
     </span>
    </p>
   </div>
   <div class='ocr_carea' id='block_1_6' title="bbox 501 1147 2067 1226">
    <p class='ocr_par' dir='ltr' id='par_1_6' title="bbox 501 1147 2067 1226">
     <span class='ocr_line' id='line_1_6' title="bbox 501 1147 2067 1226; baseline -0.004 -16"><span class='ocrx_word' id='word_1_30' title='bbox 501 1156 586 1210; x_wconf 83' lang='grc'>14.</span> <span class='ocrx_word' id='word_1_31' title='bbox 629 1155 938 1226; x_wconf 82' lang='lat' dir='ltr'>Propterea</span> <span class='ocrx_word' id='word_1_32' title='bbox 984 1151 1158 1208; x_wconf 84' lang='lat' dir='ltr'>etiam</span> <span class='ocrx_word' id='word_1_33' title='bbox 1208 1167 1381 1206; x_wconf 90' lang='lat' dir='ltr'>omne</span> <span class='ocrx_word' id='word_1_34' title='bbox 1430 1149 1690 1205; x_wconf 90' lang='lat' dir='ltr'>lucidum</span> <span class='ocrx_word' id='word_1_35' title='bbox 1740 1153 1798 1204; x_wconf 90' lang='lat' dir='ltr'>et</span> <span class='ocrx_word' id='word_1_36' title='bbox 1845 1147 2067 1204; x_wconf 89' lang='lat' dir='ltr'>clarum</span> 
     </span>
    </p>
   </div>
   <div class='ocr_carea' id='block_1_7' title="bbox 429 1235 2065 1311">
    <p class='ocr_par' dir='ltr' id='par_1_7' title="bbox 429 1235 2065 1311">
     <span class='ocr_line' id='line_1_7' title="bbox 429 1235 2065 1311; baseline -0.005 -12"><span class='ocrx_word' id='word_1_37' title='bbox 429 1262 562 1300; x_wconf 93' lang='lat' dir='ltr'>cum</span> <span class='ocrx_word' id='word_1_38' title='bbox 613 1243 867 1307; x_wconf 83' lang='lat' dir='ltr'>eminus,</span> <span class='ocrx_word' id='word_1_39' title='bbox 900 1247 1026 1296; x_wconf 89' lang='lat' dir='ltr'>tum</span> <span class='ocrx_word' id='word_1_40' title='bbox 1058 1239 1287 1296; x_wconf 73' lang='lat' dir='ltr'>facilius</span> <span class='ocrx_word' id='word_1_41' title='bbox 1319 1256 1494 1311; x_wconf 90' lang='lat' dir='ltr'>quam</span> <span class='ocrx_word' id='word_1_42' title='bbox 1527 1238 1682 1294; x_wconf 83' lang='lat' dir='ltr'>aliud</span> <span class='ocrx_word' id='word_1_43' title='bbox 1732 1237 1954 1308; x_wconf 92' lang='lat' dir='ltr'>aliquid</span> <span class='ocrx_word' id='word_1_44' title='bbox 1981 1235 2065 1291; x_wconf 90' lang='lat' dir='ltr'>vi-</span> 
     </span>
    </p>
   </div>
   <div class='ocr_carea' id='block_1_8' title="bbox 430 1329 2065 1401">
    <p class='ocr_par' dir='ltr' id='par_1_8' title="bbox 430 1329 2065 1401">
     <span class='ocr_line' id='line_1_8' title="bbox 430 1329 2065 1401; baseline -0.006 -12"><span class='ocrx_word' id='word_1_45' title='bbox 430 1335 562 1389; x_wconf 87' lang='lat' dir='ltr'>dere</span> <span class='ocrx_word' id='word_1_46' title='bbox 590 1333 854 1388; x_wconf 89' lang='lat' dir='ltr'>valemus</span> <span class='ocrx_word' id='word_1_47' title='bbox 883 1356 896 1398; x_wconf 84' lang='lat'><strong>;</strong></span> <span class='ocrx_word' id='word_1_48' title='bbox 925 1330 1026 1386; x_wconf 94' lang='lat' dir='ltr'>illo</span> <span class='ocrx_word' id='word_1_49' title='bbox 1058 1330 1295 1401; x_wconf 87' lang='lat' dir='ltr'>quidem</span> <span class='ocrx_word' id='word_1_50' title='bbox 1326 1329 1396 1383; x_wconf 89' lang='lat' dir='ltr'>ad</span> <span class='ocrx_word' id='word_1_51' title='bbox 1428 1345 1490 1383; x_wconf 89' lang='lat' dir='ltr'>se</span> <span class='ocrx_word' id='word_1_52' title='bbox 1519 1329 1708 1383; x_wconf 90' lang='lat' dir='ltr'>visum</span> <span class='ocrx_word' id='word_1_53' title='bbox 1755 1329 2026 1382; x_wconf 79' lang='lat' dir='ltr'>evocante</span> <span class='ocrx_word' id='word_1_54' title='bbox 2051 1343 2065 1393; x_wconf 88' lang='lat'><strong>;</strong></span> 
     </span>
    </p>
   </div>
   <div class='ocr_carea' id='block_1_9' title="bbox 429 1415 2072 1490">
    <p class='ocr_par' dir='ltr' id='par_1_9' title="bbox 429 1415 2072 1490">
     <span class='ocr_line' id='line_1_9' title="bbox 429 1415 2072 1490; baseline -0.005 -12"><span class='ocrx_word' id='word_1_55' title='bbox 429 1423 538 1478; x_wconf 90' lang='lat' dir='ltr'>hoc</span> <span class='ocrx_word' id='word_1_56' title='bbox 569 1438 699 1477; x_wconf 90' lang='lat' dir='ltr'>vero</span> <span class='ocrx_word' id='word_1_57' title='bbox 730 1420 802 1476; x_wconf 88' lang='lat' dir='ltr'>ad</span> <span class='ocrx_word' id='word_1_58' title='bbox 833 1420 892 1474; x_wconf 89' lang='lat' dir='ltr'>id</span> <span class='ocrx_word' id='word_1_59' title='bbox 939 1422 1304 1490; x_wconf 86' lang='lat' dir='ltr'>properante,</span> <span class='ocrx_word' id='word_1_60' title='bbox 1337 1422 1403 1472; x_wconf 91' lang='lat' dir='ltr'>ut</span> <span class='ocrx_word' id='word_1_61' title='bbox 1433 1417 1531 1487; x_wconf 90' lang='lat' dir='ltr'>qui</span> <span class='ocrx_word' id='word_1_62' title='bbox 1563 1433 1696 1471; x_wconf 92' lang='lat' dir='ltr'>cum</span> <span class='ocrx_word' id='word_1_63' title='bbox 1728 1415 1826 1470; x_wconf 91' lang='lat' dir='ltr'>illo</span> <span class='ocrx_word' id='word_1_64' title='bbox 1856 1430 1984 1470; x_wconf 87' lang='lat' dir='ltr'>esse</span> <span class='ocrx_word' id='word_1_65' title='bbox 2013 1417 2072 1468; x_wconf 88' lang='lat' dir='ltr'>et</span> 
     </span>
    </p>
   </div>
   <div class='ocr_carea' id='block_1_10' title="bbox 430 1511 872 1582">
    <p class='ocr_par' dir='ltr' id='par_1_10' title="bbox 430 1511 872 1582">
     <span class='ocr_line' id='line_1_10' title="bbox 430 1511 872 1582; baseline -0.005 -16"><span class='ocrx_word' id='word_1_66' title='bbox 430 1511 584 1566; x_wconf 89' lang='lat' dir='ltr'>coire</span> <span class='ocrx_word' id='word_1_67' title='bbox 614 1513 872 1582; x_wconf 90' lang='lat' dir='ltr'>appetat.</span> 
     </span>
    </p>
   </div>
   <div class='ocr_carea' id='block_1_11' title="bbox 503 1592 2067 1670">
    <p class='ocr_par' dir='ltr' id='par_1_11' title="bbox 503 1592 2067 1670">
     <span class='ocr_line' id='line_1_11' title="bbox 503 1592 2067 1670; baseline -0.004 -16"><span class='ocrx_word' id='word_1_68' title='bbox 503 1601 588 1654; x_wconf 88' lang='grc'>15.</span> <span class='ocrx_word' id='word_1_69' title='bbox 621 1599 858 1670; x_wconf 89' lang='lat' dir='ltr'>Propter</span> <span class='ocrx_word' id='word_1_70' title='bbox 904 1595 1261 1667; x_wconf 86' lang='lat' dir='ltr'>ejuscemodi</span> <span class='ocrx_word' id='word_1_71' title='bbox 1291 1611 1423 1665; x_wconf 85' lang='lat' dir='ltr'>ergo</span> <span class='ocrx_word' id='word_1_72' title='bbox 1465 1592 1864 1666; x_wconf 86' lang='lat' dir='ltr'>cognationem</span> <span class='ocrx_word' id='word_1_73' title='bbox 1915 1592 2067 1648; x_wconf 73' lang='lat'><strong>282</strong></span> 
     </span>
    </p>
   </div>
   <div class='ocr_carea' id='block_1_12' title="bbox 431 1683 2071 1755">
    <p class='ocr_par' dir='ltr' id='par_1_12' title="bbox 431 1683 2071 1755">
     <span class='ocr_line' id='line_1_12' title="bbox 431 1683 2071 1755; baseline -0.004 -13"><span class='ocrx_word' id='word_1_74' title='bbox 431 1689 748 1755; x_wconf 90' lang='lat' dir='ltr'>luminum,</span> <span class='ocrx_word' id='word_1_75' title='bbox 778 1685 975 1742; x_wconf 90' lang='lat' dir='ltr'>visorii</span> <span class='ocrx_word' id='word_1_76' title='bbox 1007 1685 1286 1740; x_wconf 90' lang='lat' dir='ltr'>nimirum</span> <span class='ocrx_word' id='word_1_77' title='bbox 1317 1689 1374 1739; x_wconf 90' lang='lat' dir='ltr'>et</span> <span class='ocrx_word' id='word_1_78' title='bbox 1401 1683 2071 1752; x_wconf 85' lang='lat' dir='ltr'>externi,summamque</span> 
     </span>
    </p>
   </div>
   <div class='ocr_carea' id='block_1_13' title="bbox 429 1771 2072 1844">
    <p class='ocr_par' dir='ltr' id='par_1_13' title="bbox 429 1771 2072 1844">
     <span class='ocr_line' id='line_1_13' title="bbox 429 1771 2072 1844; baseline -0.007 -10"><span class='ocrx_word' id='word_1_79' title='bbox 429 1795 632 1834; x_wconf 90' lang='lat' dir='ltr'>eorum</span> <span class='ocrx_word' id='word_1_80' title='bbox 662 1775 1112 1831; x_wconf 84' lang='lat' dir='ltr'>familiaritatem</span> <span class='ocrx_word' id='word_1_81' title='bbox 1143 1777 1201 1828; x_wconf 95' lang='lat' dir='ltr'>et</span> <span class='ocrx_word' id='word_1_82' title='bbox 1227 1777 1670 1844; x_wconf 79' lang='lat' dir='ltr'>exsuperantem</span> <span class='ocrx_word' id='word_1_83' title='bbox 1698 1771 1888 1825; x_wconf 91' lang='lat' dir='ltr'>mutui</span> <span class='ocrx_word' id='word_1_84' title='bbox 1918 1786 2072 1824; x_wconf 91' lang='lat' dir='ltr'>com-</span> 
     </span>
    </p>
   </div>
   <div class='ocr_carea' id='block_1_14' title="bbox 431 1858 2074 1939">
    <p class='ocr_par' dir='ltr' id='par_1_14' title="bbox 431 1858 2074 1939">
     <span class='ocr_line' id='line_1_14' title="bbox 431 1858 2074 1939; baseline -0.005 -19"><span class='ocrx_word' id='word_1_85' title='bbox 431 1866 635 1939; x_wconf 79' lang='lat' dir='ltr'>plexus</span> <span class='ocrx_word' id='word_1_86' title='bbox 664 1864 1013 1936; x_wconf 89' lang='lat' dir='ltr'>appetitum,</span> <span class='ocrx_word' id='word_1_87' title='bbox 1044 1861 1242 1918; x_wconf 88' lang='lat' dir='ltr'>omnia</span> <span class='ocrx_word' id='word_1_88' title='bbox 1265 1860 1440 1916; x_wconf 89' lang='lat' dir='ltr'>etiam</span> <span class='ocrx_word' id='word_1_89' title='bbox 1474 1860 1696 1914; x_wconf 89' lang='lat' dir='ltr'>lumine</span> <span class='ocrx_word' id='word_1_90' title='bbox 1735 1858 2074 1914; x_wconf 89' lang='lat' dir='ltr'>collustrata</span> 
     </span>
    </p>
   </div>
   <div class='ocr_carea' id='block_1_15' title="bbox 431 1947 2068 2024">
    <p class='ocr_par' dir='ltr' id='par_1_15' title="bbox 431 1947 2068 2024">
     <span class='ocr_line' id='line_1_15' title="bbox 431 1947 2068 2024; baseline -0.005 -15"><span class='ocrx_word' id='word_1_91' title='bbox 431 1953 709 2011; x_wconf 75' lang='lat' dir='ltr'>ineffabili</span> <span class='ocrx_word' id='word_1_92' title='bbox 741 1968 996 2024; x_wconf 90' lang='lat' dir='ltr'>quanam</span> <span class='ocrx_word' id='word_1_93' title='bbox 1046 1950 1336 2006; x_wconf 87' lang='lat' dir='ltr'>celeritate</span> <span class='ocrx_word' id='word_1_94' title='bbox 1367 1953 1707 2016; x_wconf 89' lang='lat' dir='ltr'>cernuntur,</span> <span class='ocrx_word' id='word_1_95' title='bbox 1738 1947 1951 2004; x_wconf 89' lang='lat' dir='ltr'>visorio</span> <span class='ocrx_word' id='word_1_96' title='bbox 1981 1947 2068 2002; x_wconf 91' lang='lat' dir='ltr'>in-</span> 
     </span>
    </p>
   </div>
   <div class='ocr_carea' id='block_1_16' title="bbox 431 2036 2070 2110">
    <p class='ocr_par' dir='ltr' id='par_1_16' title="bbox 431 2036 2070 2110">
     <span class='ocr_line' id='line_1_16' title="bbox 431 2036 2070 2110; baseline -0.006 -10"><span class='ocrx_word' id='word_1_97' title='bbox 431 2047 757 2100; x_wconf 89' lang='lat' dir='ltr'>strumento</span> <span class='ocrx_word' id='word_1_98' title='bbox 806 2039 1108 2110; x_wconf 88' lang='lat' dir='ltr'>incolumi,</span> <span class='ocrx_word' id='word_1_99' title='bbox 1139 2043 1196 2094; x_wconf 88' lang='lat' dir='ltr'>et</span> <span class='ocrx_word' id='word_1_100' title='bbox 1223 2037 1523 2094; x_wconf 88' lang='lat' dir='ltr'>intervallo</span> <span class='ocrx_word' id='word_1_101' title='bbox 1575 2037 1871 2102; x_wconf 90' lang='lat' dir='ltr'>mediocri,</span> <span class='ocrx_word' id='word_1_102' title='bbox 1905 2036 2070 2092; x_wconf 85' lang='lat' dir='ltr'>simi-</span> 
     </span>
    </p>
   </div>
   <div class='ocr_carea' id='block_1_17' title="bbox 431 2126 2073 2204">
    <p class='ocr_par' dir='ltr' id='par_1_17' title="bbox 431 2126 2073 2204">
     <span class='ocr_line' id='line_1_17' title="bbox 431 2126 2073 2204; baseline -0.005 -15"><span class='ocrx_word' id='word_1_103' title='bbox 431 2133 681 2204; x_wconf 88' lang='lat' dir='ltr'>literque</span> <span class='ocrx_word' id='word_1_104' title='bbox 712 2135 872 2186; x_wconf 90' lang='lat' dir='ltr'>motu</span> <span class='ocrx_word' id='word_1_105' title='bbox 905 2129 954 2184; x_wconf 91' lang='lat' dir='ltr'>si</span> <span class='ocrx_word' id='word_1_106' title='bbox 998 2130 1130 2201; x_wconf 88' lang='lat' dir='ltr'>quis</span> <span class='ocrx_word' id='word_1_107' title='bbox 1161 2134 1250 2184; x_wconf 90' lang='lat' dir='ltr'>est</span> <span class='ocrx_word' id='word_1_108' title='bbox 1281 2127 1557 2184; x_wconf 91' lang='lat' dir='ltr'>mediocri</span> <span class='ocrx_word' id='word_1_109' title='bbox 1586 2143 1652 2182; x_wconf 89' lang='lat' dir='ltr'>ac</span> <span class='ocrx_word' id='word_1_110' title='bbox 1683 2143 1812 2182; x_wconf 88' lang='lat' dir='ltr'>aere</span> <span class='ocrx_word' id='word_1_111' title='bbox 1842 2126 2073 2197; x_wconf 91' lang='lat' dir='ltr'>puriore</span> 
     </span>
    </p>
   </div>
   <div class='ocr_carea' id='block_1_18' title="bbox 433 2216 2071 2282">
    <p class='ocr_par' dir='ltr' id='par_1_18' title="bbox 433 2216 2071 2282">
     <span class='ocr_line' id='line_1_18' title="bbox 433 2216 2071 2282; baseline -0.005 -4"><span class='ocrx_word' id='word_1_112' title='bbox 433 2227 490 2278; x_wconf 89' lang='lat' dir='ltr'>et</span> <span class='ocrx_word' id='word_1_113' title='bbox 519 2221 782 2278; x_wconf 88' lang='lat' dir='ltr'>tenuiore</span> <span class='ocrx_word' id='word_1_114' title='bbox 810 2217 1142 2275; x_wconf 82' lang='lat' dir='ltr'>exeistente.</span> <span class='ocrx_word' id='word_1_115' title='bbox 1176 2217 1320 2272; x_wconf 88' lang='lat' dir='ltr'>Nam</span> <span class='ocrx_word' id='word_1_116' title='bbox 1352 2222 1408 2272; x_wconf 91' lang='lat' dir='ltr'>et</span> <span class='ocrx_word' id='word_1_117' title='bbox 1436 2216 1532 2272; x_wconf 89' lang='lat' dir='ltr'>his</span> <span class='ocrx_word' id='word_1_118' title='bbox 1562 2216 1632 2270; x_wconf 89' lang='lat' dir='ltr'>ad</span> <span class='ocrx_word' id='word_1_119' title='bbox 1675 2216 2071 2282; x_wconf 87' lang='lat' dir='ltr'>sinceriorem,</span> 
     </span>
    </p>
   </div>
   <div class='ocr_carea' id='block_1_19' title="bbox 435 2305 2070 2382">
    <p class='ocr_par' dir='ltr' id='par_1_19' title="bbox 435 2305 2070 2382">
     <span class='ocr_line' id='line_1_19' title="bbox 435 2305 2070 2382; baseline -0.004 -18"><span class='ocrx_word' id='word_1_120' title='bbox 435 2309 808 2382; x_wconf 87' lang='lat' dir='ltr'>integriorem</span> <span class='ocrx_word' id='word_1_121' title='bbox 838 2312 897 2364; x_wconf 89' lang='lat' dir='ltr'>et</span> <span class='ocrx_word' id='word_1_122' title='bbox 923 2305 1336 2378; x_wconf 85' lang='lat' dir='ltr'>expeditiorem</span> <span class='ocrx_word' id='word_1_123' title='bbox 1364 2305 1527 2361; x_wconf 88' lang='lat' dir='ltr'>visus</span> <span class='ocrx_word' id='word_1_124' title='bbox 1557 2310 1754 2360; x_wconf 89' lang='lat' dir='ltr'>actum</span> <span class='ocrx_word' id='word_1_125' title='bbox 1786 2321 1934 2376; x_wconf 92' lang='lat' dir='ltr'>opus</span> <span class='ocrx_word' id='word_1_126' title='bbox 1962 2308 2070 2359; x_wconf 89' lang='lat' dir='ltr'>est.</span> 
     </span>
    </p>
   </div>
   <div class='ocr_carea' id='block_1_20' title="bbox 506 2481 2073 2557">
    <p class='ocr_par' dir='ltr' id='par_1_20' title="bbox 506 2481 2073 2557">
     <span class='ocr_line' id='line_1_20' title="bbox 506 2481 2073 2557; baseline -0.004 -12"><span class='ocrx_word' id='word_1_127' title='bbox 506 2490 592 2545; x_wconf 88' lang='grc'>16.</span> <span class='ocrx_word' id='word_1_128' title='bbox 626 2487 736 2544; x_wconf 87' lang='lat' dir='ltr'>Sed</span> <span class='ocrx_word' id='word_1_129' title='bbox 785 2490 842 2542; x_wconf 90' lang='lat' dir='ltr'>et</span> <span class='ocrx_word' id='word_1_130' title='bbox 887 2485 987 2557; x_wconf 89' lang='lat' dir='ltr'>qui</span> <span class='ocrx_word' id='word_1_131' title='bbox 1034 2483 1189 2539; x_wconf 85' lang='lat' dir='ltr'>circa</span> <span class='ocrx_word' id='word_1_132' title='bbox 1236 2482 1436 2538; x_wconf 90' lang='lat' dir='ltr'>lumen</span> <span class='ocrx_word' id='word_1_133' title='bbox 1487 2481 1693 2549; x_wconf 87' lang='lat' dir='ltr'>solare,</span> <span class='ocrx_word' id='word_1_134' title='bbox 1731 2487 1788 2538; x_wconf 90' lang='lat' dir='ltr'>et</span> <span class='ocrx_word' id='word_1_135' title='bbox 1838 2481 2073 2554; x_wconf 89' lang='lat' dir='ltr'>aliquod</span> 
     </span>
    </p>
   </div>
   <div class='ocr_carea' id='block_1_21' title="bbox 435 2571 2072 2646">
    <p class='ocr_par' dir='ltr' id='par_1_21' title="bbox 435 2571 2072 2646">
     <span class='ocr_line' id='line_1_21' title="bbox 435 2571 2072 2646; baseline -0.007 -11"><span class='ocrx_word' id='word_1_136' title='bbox 435 2578 594 2635; x_wconf 90' lang='lat' dir='ltr'>aliud</span> <span class='ocrx_word' id='word_1_137' title='bbox 626 2576 928 2634; x_wconf 89' lang='lat' dir='ltr'>continens</span> <span class='ocrx_word' id='word_1_138' title='bbox 975 2572 1369 2646; x_wconf 86' lang='lat' dir='ltr'>splendidum,</span> <span class='ocrx_word' id='word_1_139' title='bbox 1403 2576 1458 2626; x_wconf 92' lang='lat' dir='ltr'>et</span> <span class='ocrx_word' id='word_1_140' title='bbox 1486 2575 1681 2628; x_wconf 85' lang='lat' dir='ltr'>exacte</span> <span class='ocrx_word' id='word_1_141' title='bbox 1711 2571 1912 2626; x_wconf 89' lang='lat' dir='ltr'>album</span> <span class='ocrx_word' id='word_1_142' title='bbox 1944 2571 2072 2626; x_wconf 85' lang='lat' dir='ltr'>diu-</span> 
     </span>
    </p>
   </div>
   <div class='ocr_carea' id='block_1_22' title="bbox 434 2660 2074 2736">
    <p class='ocr_par' dir='ltr' id='par_1_22' title="bbox 434 2660 2074 2736">
     <span class='ocr_line' id='line_1_22' title="bbox 434 2660 2074 2736; baseline -0.006 -13"><span class='ocrx_word' id='word_1_143' title='bbox 434 2668 554 2723; x_wconf 90' lang='lat' dir='ltr'>tius</span> <span class='ocrx_word' id='word_1_144' title='bbox 586 2670 687 2722; x_wconf 90' lang='lat' dir='ltr'>aut</span> <span class='ocrx_word' id='word_1_145' title='bbox 715 2664 905 2736; x_wconf 81' lang='lat' dir='ltr'>magis</span> <span class='ocrx_word' id='word_1_146' title='bbox 934 2661 1198 2734; x_wconf 87' lang='lat' dir='ltr'>occupati</span> <span class='ocrx_word' id='word_1_147' title='bbox 1229 2661 1460 2727; x_wconf 85' lang='lat' dir='ltr'>fuerint,</span> <span class='ocrx_word' id='word_1_148' title='bbox 1493 2677 1670 2731; x_wconf 89' lang='lat' dir='ltr'>quam</span> <span class='ocrx_word' id='word_1_149' title='bbox 1697 2663 1942 2732; x_wconf 89' lang='lat' dir='ltr'>oportet,</span> <span class='ocrx_word' id='word_1_150' title='bbox 1975 2660 2074 2714; x_wconf 82' lang='lat' dir='ltr'>de-</span> 
     </span>
    </p>
   </div>
   <div class='ocr_carea' id='block_1_23' title="bbox 432 2749 2073 2824">
    <p class='ocr_par' dir='ltr' id='par_1_23' title="bbox 432 2749 2073 2824">
     <span class='ocr_line' id='line_1_23' title="bbox 432 2749 2073 2824; baseline -0.005 -12"><span class='ocrx_word' id='word_1_151' title='bbox 432 2757 778 2812; x_wconf 85' lang='lat' dir='ltr'>trimentum</span> <span class='ocrx_word' id='word_1_152' title='bbox 831 2752 1126 2824; x_wconf 90' lang='lat' dir='ltr'>accipiunt</span> <span class='ocrx_word' id='word_1_153' title='bbox 1153 2751 1333 2822; x_wconf 89' lang='lat' dir='ltr'>visus,</span> <span class='ocrx_word' id='word_1_154' title='bbox 1366 2751 1520 2821; x_wconf 91' lang='lat' dir='ltr'>quod</span> <span class='ocrx_word' id='word_1_155' title='bbox 1550 2749 1748 2805; x_wconf 91' lang='lat' dir='ltr'>lumen</span> <span class='ocrx_word' id='word_1_156' title='bbox 1793 2749 2073 2804; x_wconf 82' lang='lat' dir='ltr'>visorium</span> 
     </span>
    </p>
   </div>
   <div class='ocr_carea' id='block_1_24' title="bbox 435 2838 2073 2912">
    <p class='ocr_par' dir='ltr' id='par_1_24' title="bbox 435 2838 2073 2912">
     <span class='ocr_line' id='line_1_24' title="bbox 435 2838 2073 2912; baseline -0.005 -11"><span class='ocrx_word' id='word_1_157' title='bbox 435 2862 470 2901; x_wconf 81' lang='grc' dir='ltr'>ιι</span> <span class='ocrx_word' id='word_1_158' title='bbox 495 2843 810 2900; x_wconf 88' lang='lat' dir='ltr'>valentiore</span> <span class='ocrx_word' id='word_1_159' title='bbox 841 2841 1562 2912; x_wconf 85' lang='lat' dir='ltr'>disgregetur,majusque,</span> <span class='ocrx_word' id='word_1_160' title='bbox 1596 2839 1679 2894; x_wconf 91' lang='lat' dir='ltr'>uti</span> <span class='ocrx_word' id='word_1_161' title='bbox 1713 2838 1934 2894; x_wconf 90' lang='lat' dir='ltr'>dictum</span> <span class='ocrx_word' id='word_1_162' title='bbox 1963 2845 2073 2906; x_wconf 90' lang='lat' dir='ltr'>est,</span> 
     </span>
    </p>
   </div>
   <div class='ocr_carea' id='block_1_25' title="bbox 436 2926 2073 2998">
    <p class='ocr_par' dir='ltr' id='par_1_25' title="bbox 436 2926 2073 2998">
     <span class='ocr_line' id='line_1_25' title="bbox 436 2926 2073 2998; baseline -0.005 -8"><span class='ocrx_word' id='word_1_163' title='bbox 436 2933 634 2990; x_wconf 88' lang='lat' dir='ltr'>minus</span> <span class='ocrx_word' id='word_1_164' title='bbox 663 2936 720 2988; x_wconf 92' lang='lat' dir='ltr'>et</span> <span class='ocrx_word' id='word_1_165' title='bbox 745 2928 1097 2986; x_wconf 90' lang='lat' dir='ltr'>imbecillius</span> <span class='ocrx_word' id='word_1_166' title='bbox 1127 2928 1378 2982; x_wconf 83' lang='lat' dir='ltr'>attrahat</span> <span class='ocrx_word' id='word_1_167' title='bbox 1405 2946 1418 2993; x_wconf 88' lang='lat'><strong>;</strong></span> <span class='ocrx_word' id='word_1_168' title='bbox 1443 2927 1598 2998; x_wconf 94' lang='lat' dir='ltr'>quod</span> <span class='ocrx_word' id='word_1_169' title='bbox 1630 2926 1849 2982; x_wconf 90' lang='lat' dir='ltr'>scilicet</span> <span class='ocrx_word' id='word_1_170' title='bbox 1879 2927 2073 2998; x_wconf 86' lang='lat' dir='ltr'>ipsum</span> 
     </span>
    </p>
   </div>
   <div class='ocr_carea' id='block_1_26' title="bbox 437 3015 2076 3088">
    <p class='ocr_par' dir='ltr' id='par_1_26' title="bbox 437 3015 2076 3088">
     <span class='ocr_line' id='line_1_26' title="bbox 437 3015 2076 3088; baseline -0.007 -8"><span class='ocrx_word' id='word_1_171' title='bbox 437 3023 616 3080; x_wconf 89' lang='lat' dir='ltr'>etiam</span> <span class='ocrx_word' id='word_1_172' title='bbox 643 3037 812 3077; x_wconf 90' lang='lat' dir='ltr'>suam</span> <span class='ocrx_word' id='word_1_173' title='bbox 841 3017 1016 3074; x_wconf 90' lang='lat' dir='ltr'>veluti</span> <span class='ocrx_word' id='word_1_174' title='bbox 1047 3016 1438 3088; x_wconf 88' lang='lat' dir='ltr'>integritatem</span> <span class='ocrx_word' id='word_1_175' title='bbox 1461 3020 1517 3070; x_wconf 91' lang='lat' dir='ltr'>et</span> <span class='ocrx_word' id='word_1_176' title='bbox 1538 3015 1948 3088; x_wconf 83' lang='lat' dir='ltr'>perfectionem</span> <span class='ocrx_word' id='word_1_177' title='bbox 1980 3032 2076 3087; x_wconf 91' lang='lat' dir='ltr'>ap-</span> 
     </span>
    </p>
   </div>
   <div class='ocr_carea' id='block_1_27' title="bbox 437 3103 1700 3185">
    <p class='ocr_par' dir='ltr' id='par_1_27' title="bbox 437 3103 1700 3185">
     <span class='ocr_line' id='line_1_27' title="bbox 437 3103 1700 3185; baseline -0.009 -16"><span class='ocrx_word' id='word_1_178' title='bbox 437 3111 602 3185; x_wconf 85' lang='lat' dir='ltr'>petit,</span> <span class='ocrx_word' id='word_1_179' title='bbox 635 3112 707 3166; x_wconf 89' lang='lat' dir='ltr'>ad</span> <span class='ocrx_word' id='word_1_180' title='bbox 737 3124 983 3179; x_wconf 88' lang='lat' dir='ltr'>eamque</span> <span class='ocrx_word' id='word_1_181' title='bbox 1012 3105 1354 3162; x_wconf 87' lang='lat' dir='ltr'>festinanter</span> <span class='ocrx_word' id='word_1_182' title='bbox 1384 3103 1700 3160; x_wconf 90' lang='lat' dir='ltr'>contendit.</span> 
     </span>
    </p>
   </div>
   <div class='ocr_carea' id='block_1_28' title="bbox 511 3191 2074 3270">
    <p class='ocr_par' dir='ltr' id='par_1_28' title="bbox 511 3191 2074 3270">
     <span class='ocr_line' id='line_1_28' title="bbox 511 3191 2074 3270; baseline -0.006 -14"><span class='ocrx_word' id='word_1_183' title='bbox 511 3202 597 3256; x_wconf 89' lang='lat'>17.</span> <span class='ocrx_word' id='word_1_184' title='bbox 631 3199 724 3257; x_wconf 89' lang='lat' dir='ltr'>Sic</span> <span class='ocrx_word' id='word_1_185' title='bbox 771 3197 950 3270; x_wconf 84' lang='lat' dir='ltr'>igitur</span> <span class='ocrx_word' id='word_1_186' title='bbox 981 3198 1023 3232; x_wconf 82' lang='lat'>“</span> <span class='ocrx_word' id='word_1_187' title='bbox 1057 3211 1159 3266; x_wconf 91' lang='lat' dir='ltr'>per</span> <span class='ocrx_word' id='word_1_188' title='bbox 1211 3193 1697 3250; x_wconf 87' lang='lat' dir='ltr'>corradiationem</span> <span class='ocrx_word' id='word_1_189' title='bbox 1747 3209 1850 3248; x_wconf 87' lang='lat' dir='ltr'>seu</span> <span class='ocrx_word' id='word_1_190' title='bbox 1895 3191 2074 3250; x_wconf 91' lang='lat' dir='ltr'>collu-</span> 
     </span>
    </p>
   </div>
   <div class='ocr_carea' id='block_1_29' title="bbox 436 3282 2076 3359">
    <p class='ocr_par' dir='ltr' id='par_1_29' title="bbox 436 3282 2076 3359">
     <span class='ocr_line' id='line_1_29' title="bbox 436 3282 2076 3359; baseline -0.007 -11"><span class='ocrx_word' id='word_1_191' title='bbox 436 3289 788 3348; x_wconf 89' lang='lat' dir='ltr'>oescentiam</span> <span class='ocrx_word' id='word_1_192' title='bbox 835 3289 1108 3359; x_wconf 89' lang='lat' dir='ltr'>operante</span> <span class='ocrx_word' id='word_1_193' title='bbox 1137 3283 1288 3350; x_wconf 89' lang='lat' dir='ltr'>visu,</span> <span class='ocrx_word' id='word_1_194' title='bbox 1322 3282 1625 3338; x_wconf 89' lang='lat' dir='ltr'>sciendum</span> <span class='ocrx_word' id='word_1_195' title='bbox 1659 3286 1770 3347; x_wconf 87' lang='lat' dir='ltr'>est,</span> <span class='ocrx_word' id='word_1_196' title='bbox 1805 3299 1939 3338; x_wconf 82' lang='lat' dir='ltr'>cum</span> <span class='ocrx_word' id='word_1_197' title='bbox 1979 3298 2076 3338; x_wconf 88' lang='lat' dir='ltr'>eo-</span> 
     </span>
    </p>
   </div>
   <div class='ocr_carea' id='block_1_30' title="bbox 1670 480 2576 544">
    <p class='ocr_par' dir='ltr' id='par_1_30' title="bbox 1670 480 2576 544">
     <span class='ocr_line' id='line_1_30' title="bbox 1670 480 2576 544; baseline 0.001 -2"><span class='ocrx_word' id='word_1_198' title='bbox 1670 482 2091 544; x_wconf 81' lang='lat' dir='ltr'>NICEPHORI</span> <span class='ocrx_word' id='word_1_199' title='bbox 2136 480 2576 544; x_wconf 72' lang='lat' dir='ltr'>BLEMMlD/E</span> 
     </span>
    </p>
   </div>
   <div class='ocr_carea' id='block_1_31' title="bbox 494 615 2142 689">
    <p class='ocr_par' dir='ltr' id='par_1_31' title="bbox 494 615 2142 689">
     <span class='ocr_line' id='line_1_31' title="bbox 494 615 2142 689; baseline -0.006 -12"><span class='ocrx_word' id='word_1_200' title='bbox 494 625 578 677; x_wconf 84' lang='lat'>13.</span> <span class='ocrx_word' id='word_1_201' title='bbox 611 621 999 686; x_wconf 89' lang='lat' dir='ltr'>Quamobrem</span> <span class='ocrx_word' id='word_1_202' title='bbox 1050 617 1252 689; x_wconf 87' lang='lat' dir='ltr'>utique</span> <span class='ocrx_word' id='word_1_203' title='bbox 1283 616 1458 672; x_wconf 91' lang='lat' dir='ltr'>etiam</span> <span class='ocrx_word' id='word_1_204' title='bbox 1489 617 1738 671; x_wconf 89' lang='lat' dir='ltr'>obscura</span> <span class='ocrx_word' id='word_1_205' title='bbox 1768 620 1936 671; x_wconf 89' lang='lat' dir='ltr'>nocte</span> <span class='ocrx_word' id='word_1_206' title='bbox 1968 615 2062 668; x_wconf 78' lang='lat' dir='ltr'>fax</span> <span class='ocrx_word' id='word_1_207' title='bbox 2089 625 2142 689; x_wconf 74' lang='grc' dir='ltr'><strong>Α</strong></span> 
     </span>
    </p>
   </div>
   <div class='ocr_carea' id='block_1_32' title="bbox 2102 1994 2150 2058">
    <p class='ocr_par' dir='ltr' id='par_1_32' title="bbox 2102 1994 2150 2058">
     <span class='ocr_line' id='line_1_32' title="bbox 2102 1994 2150 2058; baseline 0 0"><span class='ocrx_word' id='word_1_208' title='bbox 2102 1994 2150 2058; x_wconf 90' lang='grc' dir='ltr'><strong>Β</strong></span> 
     </span>
    </p>
   </div>
   <div class='ocr_carea' id='block_1_33' title="bbox 3668 485 3823 549">
    <p class='ocr_par' dir='ltr' id='par_1_33' title="bbox 3668 485 3823 549">
     <span class='ocr_line' id='line_1_33' title="bbox 3668 485 3823 549; baseline 0 -2"><span class='ocrx_word' id='word_1_209' title='bbox 3668 485 3823 549; x_wconf 74' lang='lat'><strong>1196</strong></span> 
     </span>
    </p>
   </div>
   <div class='ocr_carea' id='block_1_34' title="bbox 2249 612 3823 696">
    <p class='ocr_par' dir='ltr' id='par_1_34' title="bbox 2249 612 3823 696">
     <span class='ocr_line' id='line_1_34' title="bbox 2249 612 3823 696; baseline 0.005 -30"><span class='ocrx_word' id='word_1_210' title='bbox 2249 621 2334 688; x_wconf 89' lang='grc' dir='ltr'><strong>ιγ’.</strong></span> <span class='ocrx_word' id='word_1_211' title='bbox 2388 612 2485 668; x_wconf 79' lang='grc' dir='ltr'>Διά</span> <span class='ocrx_word' id='word_1_212' title='bbox 2531 635 2616 669; x_wconf 89' lang='grc' dir='ltr'>τοι</span> <span class='ocrx_word' id='word_1_213' title='bbox 2667 618 2830 670; x_wconf 90' lang='grc' dir='ltr'>τοῦτο</span> <span class='ocrx_word' id='word_1_214' title='bbox 2893 615 2982 670; x_wconf 84' lang='grc' dir='ltr'>καὶ</span> <span class='ocrx_word' id='word_1_215' title='bbox 3052 617 3246 679; x_wconf 85' lang='grc' dir='ltr'>νυκτὸς</span> <span class='ocrx_word' id='word_1_216' title='bbox 3312 617 3585 696; x_wconf 84' lang='grc' dir='ltr'>ἀφεγγοῦς</span> <span class='ocrx_word' id='word_1_217' title='bbox 3640 621 3823 694; x_wconf 77' lang='grc' dir='ltr'>ὁρᾶται</span> 
     </span>
    </p>
   </div>
   <div class='ocr_carea' id='block_1_35' title="bbox 2172 703 3821 782">
    <p class='ocr_par' dir='ltr' id='par_1_35' title="bbox 2172 703 3821 782">
     <span class='ocr_line' id='line_1_35' title="bbox 2172 703 3821 782; baseline 0.004 -27"><span class='ocrx_word' id='word_1_218' title='bbox 2172 704 2306 774; x_wconf 72' lang='grc' dir='ltr'>ἡμῖν</span> <span class='ocrx_word' id='word_1_219' title='bbox 2340 703 2368 756; x_wconf 97' lang='lat'>6</span> <span class='ocrx_word' id='word_1_220' title='bbox 2416 704 2636 778; x_wconf 81' lang='grc' dir='ltr'>πυρσὸς,</span> <span class='ocrx_word' id='word_1_221' title='bbox 2693 704 2788 758; x_wconf 72' lang='grc' dir='ltr'>κᾶν</span> <span class='ocrx_word' id='word_1_222' title='bbox 2848 705 2931 759; x_wconf 84' lang='grc' dir='ltr'>δτι</span> <span class='ocrx_word' id='word_1_223' title='bbox 2992 705 3183 782; x_wconf 81' lang='grc' dir='ltr'>πόρῥω</span> <span class='ocrx_word' id='word_1_224' title='bbox 3241 704 3349 775; x_wconf 62' lang='grc' dir='ltr'>εἴη</span> <span class='ocrx_word' id='word_1_225' title='bbox 3414 706 3576 780; x_wconf 91' lang='grc' dir='ltr'>μόνον</span> <span class='ocrx_word' id='word_1_226' title='bbox 3641 708 3687 762; x_wconf 78' lang='grc' dir='ltr'>εἶ</span> <span class='ocrx_word' id='word_1_227' title='bbox 3749 710 3821 781; x_wconf 78' lang='grc' dir='ltr'>μὴ</span> 
     </span>
    </p>
   </div>
   <div class='ocr_carea' id='block_1_36' title="bbox 2175 786 3824 871">
    <p class='ocr_par' dir='ltr' id='par_1_36' title="bbox 2175 786 3824 871">
     <span class='ocr_line' id='line_1_36' title="bbox 2175 786 3824 871; baseline 0.005 -27"><span class='ocrx_word' id='word_1_228' title='bbox 2175 789 2560 867; x_wconf 84' lang='grc' dir='ltr'>ἐπιπροσθοῐτο</span> <span class='ocrx_word' id='word_1_229' title='bbox 2591 794 2625 861; x_wconf 76' lang='grc' dir='ltr'>ἡ</span> <span class='ocrx_word' id='word_1_230' title='bbox 2676 786 2799 866; x_wconf 73' lang='grc' dir='ltr'>ὄψις</span> <span class='ocrx_word' id='word_1_231' title='bbox 2856 792 2959 848; x_wconf 87' lang='grc' dir='ltr'>ὑπό</span> <span class='ocrx_word' id='word_1_232' title='bbox 3012 815 3159 856; x_wconf 91' lang='grc' dir='ltr'>τινος</span> <span class='ocrx_word' id='word_1_233' title='bbox 3217 797 3579 871; x_wconf 77' lang='grc' dir='ltr'>στερεωτέρου</span> <span class='ocrx_word' id='word_1_234' title='bbox 3640 798 3824 869; x_wconf 83' lang='grc' dir='ltr'>σώμα-</span> 
     </span>
    </p>
   </div>
   <div class='ocr_carea' id='block_1_37' title="bbox 2171 881 3824 963">
    <p class='ocr_par' dir='ltr' id='par_1_37' title="bbox 2171 881 3824 963">
     <span class='ocr_line' id='line_1_37' title="bbox 2171 881 3824 963; baseline 0.004 -29"><span class='ocrx_word' id='word_1_235' title='bbox 2171 899 2263 941; x_wconf 85' lang='grc' dir='ltr'>τος</span> <span class='ocrx_word' id='word_1_236' title='bbox 2303 881 2834 958; x_wconf 74' lang='grc' dir='ltr'>ἀντιφράττοντος,ἢ</span> <span class='ocrx_word' id='word_1_237' title='bbox 2881 883 2949 936; x_wconf 78' lang='grc' dir='ltr'>τὰ</span> <span class='ocrx_word' id='word_1_238' title='bbox 2997 887 3092 938; x_wconf 88' lang='grc' dir='ltr'>τοῦ</span> <span class='ocrx_word' id='word_1_239' title='bbox 3137 891 3237 953; x_wconf 82' lang='grc' dir='ltr'>τῆς</span> <span class='ocrx_word' id='word_1_240' title='bbox 3287 891 3392 958; x_wconf 75' lang='grc' dir='ltr'>γῆς</span> <span class='ocrx_word' id='word_1_241' title='bbox 3439 886 3824 963; x_wconf 79' lang='grc' dir='ltr'>σφαιρώματος</span> 
     </span>
    </p>
   </div>
   <div class='ocr_carea' id='block_1_38' title="bbox 2176 965 3824 1048">
    <p class='ocr_par' dir='ltr' id='par_1_38' title="bbox 2176 965 3824 1048">
     <span class='ocr_line' id='line_1_38' title="bbox 2176 965 3824 1048; baseline 0.005 -27"><span class='ocrx_word' id='word_1_242' title='bbox 2176 965 2467 1041; x_wconf 79' lang='grc' dir='ltr'>ἐμποδίζοι</span> <span class='ocrx_word' id='word_1_243' title='bbox 2515 971 2862 1045; x_wconf 79' lang='grc' dir='ltr'>κυρτώματαο</span> <span class='ocrx_word' id='word_1_244' title='bbox 2915 969 3038 1028; x_wconf 75' lang='grc' dir='ltr'>ὅταν</span> <span class='ocrx_word' id='word_1_245' title='bbox 3088 971 3194 1048; x_wconf 80' lang='grc' dir='ltr'>οὐχ</span> <span class='ocrx_word' id='word_1_246' title='bbox 3242 968 3534 1048; x_wconf 73' lang='grc' dir='ltr'>ὑπερϐαίνῃ</span> <span class='ocrx_word' id='word_1_247' title='bbox 3585 978 3824 1043; x_wconf 77' lang='grc' dir='ltr'>ταῦταὴ</span> 
     </span>
    </p>
   </div>
   <div class='ocr_carea' id='block_1_39' title="bbox 2176 1052 2743 1134">
    <p class='ocr_par' dir='ltr' id='par_1_39' title="bbox 2176 1052 2743 1134">
     <span class='ocr_line' id='line_1_39' title="bbox 2176 1052 2743 1134; baseline 0.004 -24"><span class='ocrx_word' id='word_1_248' title='bbox 2176 1052 2359 1129; x_wconf 78' lang='grc' dir='ltr'>ἔξαψις</span> <span class='ocrx_word' id='word_1_249' title='bbox 2387 1061 2483 1112; x_wconf 91' lang='grc' dir='ltr'>τοῦ</span> <span class='ocrx_word' id='word_1_250' title='bbox 2513 1063 2743 1134; x_wconf 78' lang='grc' dir='ltr'>πυρσοῦ.</span> 
     </span>
    </p>
   </div>
   <div class='ocr_carea' id='block_1_40' title="bbox 2251 1143 3826 1229">
    <p class='ocr_par' dir='ltr' id='par_1_40' title="bbox 2251 1143 3826 1229">
     <span class='ocr_line' id='line_1_40' title="bbox 2251 1143 3826 1229; baseline 0.006 -32"><span class='ocrx_word' id='word_1_251' title='bbox 2251 1143 2335 1201; x_wconf 86' lang='grc' dir='ltr'>ιδ’.</span> <span class='ocrx_word' id='word_1_252' title='bbox 2370 1147 2467 1200; x_wconf 80' lang='grc' dir='ltr'>Διὰ</span> <span class='ocrx_word' id='word_1_253' title='bbox 2522 1151 2682 1202; x_wconf 90' lang='grc' dir='ltr'>τοῦτο</span> <span class='ocrx_word' id='word_1_254' title='bbox 2741 1147 2831 1203; x_wconf 88' lang='grc' dir='ltr'>καὶ</span> <span class='ocrx_word' id='word_1_255' title='bbox 2885 1155 2988 1202; x_wconf 79' lang='grc' dir='ltr'>πᾶν</span> <span class='ocrx_word' id='word_1_256' title='bbox 3051 1146 3304 1225; x_wconf 86' lang='grc' dir='ltr'>λαμπρὸν</span> <span class='ocrx_word' id='word_1_257' title='bbox 3374 1151 3462 1206; x_wconf 82' lang='grc' dir='ltr'>καὶ</span> <span class='ocrx_word' id='word_1_258' title='bbox 3534 1150 3826 1229; x_wconf 74' lang='grc' dir='ltr'>φωτοειδὲς</span> 
     </span>
    </p>
   </div>
   <div class='ocr_carea' id='block_1_41' title="bbox 2177 1233 3828 1312">
    <p class='ocr_par' dir='ltr' id='par_1_41' title="bbox 2177 1233 3828 1312">
     <span class='ocr_line' id='line_1_41' title="bbox 2177 1233 3828 1312; baseline 0.005 -26"><span class='ocrx_word' id='word_1_259' title='bbox 2177 1233 2457 1308; x_wconf 78' lang='grc' dir='ltr'>πόρῥωθέν</span> <span class='ocrx_word' id='word_1_260' title='bbox 2516 1256 2576 1290; x_wconf 92' lang='grc' dir='ltr'>τε</span> <span class='ocrx_word' id='word_1_261' title='bbox 2633 1238 2760 1311; x_wconf 83' lang='grc' dir='ltr'>ὁρᾷν</span> <span class='ocrx_word' id='word_1_262' title='bbox 2824 1237 3108 1311; x_wconf 77' lang='grc' dir='ltr'>ἰσχύομεν,</span> <span class='ocrx_word' id='word_1_263' title='bbox 3140 1239 3230 1293; x_wconf 84' lang='grc' dir='ltr'>καὶ</span> <span class='ocrx_word' id='word_1_264' title='bbox 3287 1239 3636 1312; x_wconf 75' lang='grc' dir='ltr'>ἑτοιμότερον</span> <span class='ocrx_word' id='word_1_265' title='bbox 3695 1239 3734 1310; x_wconf 71' lang='grc' dir='ltr'><strong>ἤ</strong></span> <span class='ocrx_word' id='word_1_266' title='bbox 3782 1261 3828 1296; x_wconf 87' lang='grc' dir='ltr'>τι</span> 
     </span>
    </p>
   </div>
   <div class='ocr_carea' id='block_1_42' title="bbox 2175 1319 3830 1406">
    <p class='ocr_par' dir='ltr' id='par_1_42' title="bbox 2175 1319 3830 1406">
     <span class='ocr_line' id='line_1_42' title="bbox 2175 1319 3830 1406; baseline 0.006 -31"><span class='ocrx_word' id='word_1_267' title='bbox 2175 1319 2379 1397; x_wconf 70' lang='grc' dir='ltr'>ἕτερον’</span> <span class='ocrx_word' id='word_1_268' title='bbox 2429 1324 2506 1385; x_wconf 87' lang='grc' dir='ltr'>ὡς</span> <span class='ocrx_word' id='word_1_269' title='bbox 2578 1330 2676 1379; x_wconf 87' lang='grc' dir='ltr'>τοῦ</span> <span class='ocrx_word' id='word_1_270' title='bbox 2737 1325 2830 1398; x_wconf 80' lang='grc' dir='ltr'>μὲν</span> <span class='ocrx_word' id='word_1_271' title='bbox 2891 1324 3300 1399; x_wconf 85' lang='grc' dir='ltr'>έκκαλούμένου</span> <span class='ocrx_word' id='word_1_272' title='bbox 3353 1329 3453 1397; x_wconf 82' lang='grc' dir='ltr'>τήν</span> <span class='ocrx_word' id='word_1_273' title='bbox 3509 1325 3636 1402; x_wconf 71' lang='grc' dir='ltr'>ὄψιν</span> <span class='ocrx_word' id='word_1_274' title='bbox 3697 1331 3830 1406; x_wconf 78' lang='grc' dir='ltr'>πρὸς</span> 
     </span>
    </p>
   </div>
   <div class='ocr_carea' id='block_1_43' title="bbox 2179 1410 3833 1496">
    <p class='ocr_par' dir='ltr' id='par_1_43' title="bbox 2179 1410 3833 1496">
     <span class='ocr_line' id='line_1_43' title="bbox 2179 1410 3833 1496; baseline 0.005 -32"><span class='ocrx_word' id='word_1_275' title='bbox 2179 1411 2354 1481; x_wconf 71' lang='grc' dir='ltr'>ἑαυτὸ,</span> <span class='ocrx_word' id='word_1_276' title='bbox 2387 1418 2486 1481; x_wconf 80' lang='grc' dir='ltr'>τῆς</span> <span class='ocrx_word' id='word_1_277' title='bbox 2539 1410 2597 1468; x_wconf 72' lang='grc' dir='ltr'>δὲ</span> <span class='ocrx_word' id='word_1_278' title='bbox 2643 1414 2781 1490; x_wconf 86' lang='grc' dir='ltr'>πρὸς</span> <span class='ocrx_word' id='word_1_279' title='bbox 2827 1419 2989 1470; x_wconf 87' lang='grc' dir='ltr'>τοῦτο</span> <span class='ocrx_word' id='word_1_280' title='bbox 3030 1413 3387 1489; x_wconf 73' lang='grc' dir='ltr'>σπευδούσης,</span> <span class='ocrx_word' id='word_1_281' title='bbox 3420 1418 3495 1478; x_wconf 87' lang='grc' dir='ltr'>ὡς</span> <span class='ocrx_word' id='word_1_282' title='bbox 3541 1417 3833 1496; x_wconf 76' lang='grc' dir='ltr'>ἐφιεμένης</span> 
     </span>
    </p>
   </div>
   <div class='ocr_carea' id='block_1_44' title="bbox 2180 1502 2736 1574">
    <p class='ocr_par' dir='ltr' id='par_1_44' title="bbox 2180 1502 2736 1574">
     <span class='ocr_line' id='line_1_44' title="bbox 2180 1502 2736 1574; baseline 0.014 -22"><span class='ocrx_word' id='word_1_283' title='bbox 2180 1504 2274 1553; x_wconf 84' lang='grc' dir='ltr'>τοῦ</span> <span class='ocrx_word' id='word_1_284' title='bbox 2305 1506 2540 1555; x_wconf 81' lang='grc' dir='ltr'>συνεῖναι</span> <span class='ocrx_word' id='word_1_285' title='bbox 2569 1502 2736 1574; x_wconf 80' lang='grc' dir='ltr'>αύτῷ.</span> 
     </span>
    </p>
   </div>
   <div class='ocr_carea' id='block_1_45' title="bbox 2254 1589 3832 1673">
    <p class='ocr_par' dir='ltr' id='par_1_45' title="bbox 2254 1589 3832 1673">
     <span class='ocr_line' id='line_1_45' title="bbox 2254 1589 3832 1673; baseline 0.007 -31"><span class='ocrx_word' id='word_1_286' title='bbox 2254 1591 2329 1642; x_wconf 87' lang='grc' dir='ltr'>ιε’.</span> <span class='ocrx_word' id='word_1_287' title='bbox 2366 1589 2462 1643; x_wconf 74' lang='grc' dir='ltr'>Διὰ</span> <span class='ocrx_word' id='word_1_288' title='bbox 2502 1592 2602 1659; x_wconf 74' lang='grc' dir='ltr'>τήν</span> <span class='ocrx_word' id='word_1_289' title='bbox 2652 1593 2908 1662; x_wconf 73' lang='grc' dir='ltr'>τοιαύτην</span> <span class='ocrx_word' id='word_1_290' title='bbox 2960 1592 3050 1647; x_wconf 79' lang='grc' dir='ltr'>οὖν</span> <span class='ocrx_word' id='word_1_291' title='bbox 3093 1599 3200 1649; x_wconf 83' lang='grc' dir='ltr'>τῶν</span> <span class='ocrx_word' id='word_1_292' title='bbox 3251 1597 3444 1672; x_wconf 83' lang='grc' dir='ltr'>φώτων</span> <span class='ocrx_word' id='word_1_293' title='bbox 3499 1596 3832 1673; x_wconf 84' lang='grc' dir='ltr'>συγγένειαν,</span> 
     </span>
    </p>
   </div>
   <div class='ocr_carea' id='block_1_46' title="bbox 2178 1677 3832 1759">
    <p class='ocr_par' dir='ltr' id='par_1_46' title="bbox 2178 1677 3832 1759">
     <span class='ocr_line' id='line_1_46' title="bbox 2178 1677 3832 1759; baseline 0.006 -28"><span class='ocrx_word' id='word_1_294' title='bbox 2178 1683 2273 1732; x_wconf 90' lang='grc' dir='ltr'>τοῦ</span> <span class='ocrx_word' id='word_1_295' title='bbox 2306 1678 2532 1734; x_wconf 85' lang='grc' dir='ltr'>ὀπτικοῦ</span> <span class='ocrx_word' id='word_1_296' title='bbox 2577 1677 2838 1750; x_wconf 87' lang='grc' dir='ltr'>δηλονότι</span> <span class='ocrx_word' id='word_1_297' title='bbox 2881 1683 2970 1736; x_wconf 88' lang='grc' dir='ltr'>καὶ</span> <span class='ocrx_word' id='word_1_298' title='bbox 3019 1687 3116 1737; x_wconf 92' lang='grc' dir='ltr'>τοῦ</span> <span class='ocrx_word' id='word_1_299' title='bbox 3167 1683 3339 1756; x_wconf 77' lang='grc' dir='ltr'>ἐκτὸς,</span> <span class='ocrx_word' id='word_1_300' title='bbox 3371 1686 3460 1739; x_wconf 81' lang='grc' dir='ltr'>καὶ</span> <span class='ocrx_word' id='word_1_301' title='bbox 3512 1687 3615 1754; x_wconf 76' lang='grc' dir='ltr'>τήν</span> <span class='ocrx_word' id='word_1_302' title='bbox 3669 1687 3832 1759; x_wconf 76' lang='grc' dir='ltr'>ἄκραν</span> 
     </span>
    </p>
   </div>
   <div class='ocr_carea' id='block_1_47' title="bbox 2179 1767 3831 1849">
    <p class='ocr_par' dir='ltr' id='par_1_47' title="bbox 2179 1767 3831 1849">
     <span class='ocr_line' id='line_1_47' title="bbox 2179 1767 3831 1849; baseline 0.005 -28"><span class='ocrx_word' id='word_1_303' title='bbox 2179 1767 2351 1822; x_wconf 71' lang='grc' dir='ltr'>αὐτῶν</span> <span class='ocrx_word' id='word_1_304' title='bbox 2402 1768 2671 1824; x_wconf 86' lang='grc' dir='ltr'>οἰκείωσιν</span> <span class='ocrx_word' id='word_1_305' title='bbox 2717 1772 2804 1824; x_wconf 84' lang='grc' dir='ltr'>καὶ</span> <span class='ocrx_word' id='word_1_306' title='bbox 2846 1778 2944 1840; x_wconf 82' lang='grc' dir='ltr'>τῆς</span> <span class='ocrx_word' id='word_1_307' title='bbox 3005 1769 3393 1848; x_wconf 87' lang='grc' dir='ltr'>ἀλληλουχίας</span> <span class='ocrx_word' id='word_1_308' title='bbox 3435 1769 3831 1849; x_wconf 76' lang='grc' dir='ltr'>ὑπερϐάλλου-</span> 
     </span>
    </p>
   </div>
   <div class='ocr_carea' id='block_1_48' title="bbox 2181 1855 3842 1939">
    <p class='ocr_par' dir='ltr' id='par_1_48' title="bbox 2181 1855 3842 1939">
     <span class='ocr_line' id='line_1_48' title="bbox 2181 1855 3842 1939; baseline 0.007 -29"><span class='ocrx_word' id='word_1_309' title='bbox 2181 1877 2273 1910; x_wconf 85' lang='grc' dir='ltr'>σαν</span> <span class='ocrx_word' id='word_1_310' title='bbox 2330 1855 2528 1934; x_wconf 80' lang='grc' dir='ltr'>ἔφεσιν,</span> <span class='ocrx_word' id='word_1_311' title='bbox 2577 1861 2669 1912; x_wconf 88' lang='grc' dir='ltr'>καὶ</span> <span class='ocrx_word' id='word_1_312' title='bbox 2735 1861 2909 1914; x_wconf 84' lang='grc' dir='ltr'>πάντα</span> <span class='ocrx_word' id='word_1_313' title='bbox 2953 1861 3019 1915; x_wconf 78' lang='grc' dir='ltr'>τὰ</span> <span class='ocrx_word' id='word_1_314' title='bbox 3066 1862 3445 1939; x_wconf 87' lang='grc' dir='ltr'>πεφωτισμένα</span> <span class='ocrx_word' id='word_1_315' title='bbox 3510 1864 3634 1917; x_wconf 80' lang='grc' dir='ltr'>κατ’</span> <span class='ocrx_word' id='word_1_316' title='bbox 3673 1861 3842 1939; x_wconf 52' lang='lat'>5:557,-</span> 
     </span>
    </p>
   </div>
   <div class='ocr_carea' id='block_1_49' title="bbox 2178 1947 3840 2027">
    <p class='ocr_par' dir='ltr' id='par_1_49' title="bbox 2178 1947 3840 2027">
     <span class='ocr_line' id='line_1_49' title="bbox 2178 1947 3840 2027; baseline 0.004 -28"><span class='ocrx_word' id='word_1_317' title='bbox 2178 1966 2267 1999; x_wconf 88' lang='grc' dir='ltr'>τον</span> <span class='ocrx_word' id='word_1_318' title='bbox 2328 1947 2513 2021; x_wconf 80' lang='grc' dir='ltr'>ὁρᾶται</span> <span class='ocrx_word' id='word_1_319' title='bbox 2579 1949 2676 2016; x_wconf 74' lang='grc' dir='ltr'>τήν</span> <span class='ocrx_word' id='word_1_320' title='bbox 2735 1956 3035 2025; x_wconf 77' lang='grc' dir='ltr'>ταχυτῆτα,</span> <span class='ocrx_word' id='word_1_321' title='bbox 3095 1955 3193 2004; x_wconf 91' lang='grc' dir='ltr'>τοῦ</span> <span class='ocrx_word' id='word_1_322' title='bbox 3274 1949 3501 2005; x_wconf 86' lang='grc' dir='ltr'>ὀπτικοῦ</span> <span class='ocrx_word' id='word_1_323' title='bbox 3599 1951 3840 2027; x_wconf 77' lang='grc' dir='ltr'>ὀργάνου</span> 
     </span>
    </p>
   </div>
   <div class='ocr_carea' id='block_1_50' title="bbox 2180 2031 3841 2114">
    <p class='ocr_par' dir='ltr' id='par_1_50' title="bbox 2180 2031 3841 2114">
     <span class='ocr_line' id='line_1_50' title="bbox 2180 2031 3841 2114; baseline 0.004 -26"><span class='ocrx_word' id='word_1_324' title='bbox 2180 2033 2542 2110; x_wconf 70' lang='grc' dir='ltr'>τυγχάνοντος</span> <span class='ocrx_word' id='word_1_325' title='bbox 2602 2031 2899 2110; x_wconf 76' lang='grc' dir='ltr'>ἀϐλαϐοῦς,</span> <span class='ocrx_word' id='word_1_326' title='bbox 2957 2037 3049 2092; x_wconf 84' lang='grc' dir='ltr'>καὶ</span> <span class='ocrx_word' id='word_1_327' title='bbox 3107 2043 3205 2093; x_wconf 92' lang='grc' dir='ltr'>τοῦ</span> <span class='ocrx_word' id='word_1_328' title='bbox 3263 2035 3642 2113; x_wconf 77' lang='grc' dir='ltr'>διαστήματος</span> <span class='ocrx_word' id='word_1_329' title='bbox 3707 2061 3841 2114; x_wconf 82' lang='grc' dir='ltr'>συμ-</span> 
     </span>
    </p>
   </div>
   <div class='ocr_carea' id='block_1_51' title="bbox 2185 2123 3842 2205">
    <p class='ocr_par' dir='ltr' id='par_1_51' title="bbox 2185 2123 3842 2205">
     <span class='ocr_line' id='line_1_51' title="bbox 2185 2123 3842 2205; baseline 0.005 -29"><span class='ocrx_word' id='word_1_330' title='bbox 2185 2123 2404 2199; x_wconf 75' lang='grc' dir='ltr'>μέτρουο</span> <span class='ocrx_word' id='word_1_331' title='bbox 2437 2123 2646 2196; x_wconf 84' lang='grc' dir='ltr'>ὁμοίως</span> <span class='ocrx_word' id='word_1_332' title='bbox 2687 2125 3000 2202; x_wconf 75' lang='grc' dir='ltr'>συμμέτρου</span> <span class='ocrx_word' id='word_1_333' title='bbox 3049 2127 3137 2181; x_wconf 81' lang='grc' dir='ltr'>καὶ</span> <span class='ocrx_word' id='word_1_334' title='bbox 3184 2131 3284 2181; x_wconf 86' lang='grc' dir='ltr'>τοῦ</span> <span class='ocrx_word' id='word_1_335' title='bbox 3331 2130 3638 2200; x_wconf 78' lang='grc' dir='ltr'>κινήματος</span> <span class='ocrx_word' id='word_1_336' title='bbox 3693 2126 3842 2205; x_wconf 68' lang='lat' dir='ltr'>ci&#39;rrsp</span> 
     </span>
    </p>
   </div>
   <div class='ocr_carea' id='block_1_52' title="bbox 2182 2207 3842 2293">
    <p class='ocr_par' dir='ltr' id='par_1_52' title="bbox 2182 2207 3842 2293">
     <span class='ocr_line' id='line_1_52' title="bbox 2182 2207 3842 2293; baseline 0.004 -28"><span class='ocrx_word' id='word_1_337' title='bbox 2182 2207 2291 2266; x_wconf 80' lang='grc' dir='ltr'>ἔστι</span> <span class='ocrx_word' id='word_1_338' title='bbox 2335 2213 2482 2266; x_wconf 83' lang='grc' dir='ltr'>τοῦτ’</span> <span class='ocrx_word' id='word_1_339' title='bbox 2527 2211 2688 2288; x_wconf 92' lang='grc' dir='ltr'>ἀέρος</span> <span class='ocrx_word' id='word_1_340' title='bbox 2741 2215 3117 2289; x_wconf 72' lang='grc' dir='ltr'>καθαρωτέρου</span> <span class='ocrx_word' id='word_1_341' title='bbox 3183 2216 3272 2270; x_wconf 82' lang='grc' dir='ltr'>καὶ</span> <span class='ocrx_word' id='word_1_342' title='bbox 3339 2213 3700 2293; x_wconf 85' lang='grc' dir='ltr'>λεπτοτέρου.</span> <span class='ocrx_word' id='word_1_343' title='bbox 3754 2225 3842 2273; x_wconf 76' lang='grc' dir='ltr'>Δεῖ</span> 
     </span>
    </p>
   </div>
   <div class='ocr_carea' id='block_1_53' title="bbox 2181 2299 3836 2385">
    <p class='ocr_par' dir='ltr' id='par_1_53' title="bbox 2181 2299 3836 2385">
     <span class='ocr_line' id='line_1_53' title="bbox 2181 2299 3836 2385; baseline 0.005 -32"><span class='ocrx_word' id='word_1_344' title='bbox 2181 2301 2285 2375; x_wconf 77' lang='grc' dir='ltr'>γὰρ</span> <span class='ocrx_word' id='word_1_345' title='bbox 2343 2299 2428 2354; x_wconf 77' lang='grc' dir='ltr'>ὅτι</span> <span class='ocrx_word' id='word_1_346' title='bbox 2485 2299 2819 2357; x_wconf 70' lang='grc' dir='ltr'>καὶτούτων</span> <span class='ocrx_word' id='word_1_347' title='bbox 2851 2303 2988 2377; x_wconf 90' lang='grc' dir='ltr'>πρὸς</span> <span class='ocrx_word' id='word_1_348' title='bbox 3015 2305 3114 2372; x_wconf 77' lang='grc' dir='ltr'>τὴν</span> <span class='ocrx_word' id='word_1_349' title='bbox 3162 2311 3263 2374; x_wconf 87' lang='grc' dir='ltr'>τῆς</span> <span class='ocrx_word' id='word_1_350' title='bbox 3318 2301 3496 2379; x_wconf 74' lang='grc' dir='ltr'>ὅψεως</span> <span class='ocrx_word' id='word_1_351' title='bbox 3547 2306 3836 2385; x_wconf 80' lang='grc' dir='ltr'>άκραιφνε·</span> 
     </span>
    </p>
   </div>
   <div class='ocr_carea' id='block_1_54' title="bbox 2184 2388 2688 2467">
    <p class='ocr_par' dir='ltr' id='par_1_54' title="bbox 2184 2388 2688 2467">
     <span class='ocr_line' id='line_1_54' title="bbox 2184 2388 2688 2467; baseline 0.01 -25"><span class='ocrx_word' id='word_1_352' title='bbox 2184 2389 2370 2464; x_wconf 85' lang='grc' dir='ltr'>στέραν</span> <span class='ocrx_word' id='word_1_353' title='bbox 2404 2388 2688 2467; x_wconf 70' lang='grc' dir='ltr'>ἐνέργειαν.</span> 
     </span>
    </p>
   </div>
   <div class='ocr_carea' id='block_1_55' title="bbox 2256 2477 3840 2562">
    <p class='ocr_par' dir='ltr' id='par_1_55' title="bbox 2256 2477 3840 2562">
     <span class='ocr_line' id='line_1_55' title="bbox 2256 2477 3840 2562; baseline 0.006 -31"><span class='ocrx_word' id='word_1_354' title='bbox 2256 2485 2338 2542; x_wconf 85' lang='grc' dir='ltr'>ις’.</span> <span class='ocrx_word' id='word_1_355' title='bbox 2373 2477 2550 2534; x_wconf 79' lang='grc' dir='ltr'>Ἀλλὰ</span> <span class='ocrx_word' id='word_1_356' title='bbox 2595 2480 2684 2534; x_wconf 84' lang='grc' dir='ltr'>καὶ</span> <span class='ocrx_word' id='word_1_357' title='bbox 2734 2481 2784 2534; x_wconf 78' lang='grc' dir='ltr'>οἱ</span> <span class='ocrx_word' id='word_1_358' title='bbox 2833 2482 2968 2556; x_wconf 86' lang='grc' dir='ltr'>πρὸς</span> <span class='ocrx_word' id='word_1_359' title='bbox 3021 2482 3082 2537; x_wconf 89' lang='grc' dir='ltr'>τὸ</span> <span class='ocrx_word' id='word_1_360' title='bbox 3126 2482 3353 2552; x_wconf 80' lang='grc' dir='ltr'>ἡλιακὸν</span> <span class='ocrx_word' id='word_1_361' title='bbox 3403 2489 3539 2562; x_wconf 81' lang='grc' dir='ltr'>φῶς,</span> <span class='ocrx_word' id='word_1_362' title='bbox 3575 2485 3670 2540; x_wconf 75' lang='grc' dir='ltr'>καὶ</span> <span class='ocrx_word' id='word_1_363' title='bbox 3716 2485 3771 2540; x_wconf 76' lang='grc' dir='ltr'>εἷ’</span> <span class='ocrx_word' id='word_1_364' title='bbox 3792 2507 3840 2540; x_wconf 86' lang='grc' dir='ltr'>τι</span> 
     </span>
    </p>
   </div>
   <div class='ocr_carea' id='block_1_56' title="bbox 2181 2565 3845 2650">
    <p class='ocr_par' dir='ltr' id='par_1_56' title="bbox 2181 2565 3845 2650">
     <span class='ocr_line' id='line_1_56' title="bbox 2181 2565 3845 2650; baseline 0.005 -30"><span class='ocrx_word' id='word_1_365' title='bbox 2181 2568 2439 2643; x_wconf 79' lang='grc' dir='ltr'>περιέχον</span> <span class='ocrx_word' id='word_1_366' title='bbox 2495 2567 2746 2644; x_wconf 88' lang='grc' dir='ltr'>λαμπρὸν</span> <span class='ocrx_word' id='word_1_367' title='bbox 2812 2569 2903 2624; x_wconf 85' lang='grc' dir='ltr'>καὶ</span> <span class='ocrx_word' id='word_1_368' title='bbox 2969 2565 3223 2626; x_wconf 73' lang='grc' dir='ltr'>ἔκλευκον</span> <span class='ocrx_word' id='word_1_369' title='bbox 3286 2570 3668 2650; x_wconf 81' lang='grc' dir='ltr'>διατρίψαντες</span> <span class='ocrx_word' id='word_1_370' title='bbox 3733 2574 3845 2628; x_wconf 81' lang='grc' dir='ltr'>ἐπι-</span> 
     </span>
    </p>
   </div>
   <div class='ocr_carea' id='block_1_57' title="bbox 2181 2654 3841 2739">
    <p class='ocr_par' dir='ltr' id='par_1_57' title="bbox 2181 2654 3841 2739">
     <span class='ocr_line' id='line_1_57' title="bbox 2181 2654 3841 2739; baseline 0.005 -29"><span class='ocrx_word' id='word_1_371' title='bbox 2181 2654 2346 2711; x_wconf 85' lang='grc' dir='ltr'>πλέον</span> <span class='ocrx_word' id='word_1_372' title='bbox 2377 2657 2412 2725; x_wconf 67' lang='grc' dir='ltr'><strong>ἢ</strong></span> <span class='ocrx_word' id='word_1_373' title='bbox 2445 2657 2567 2711; x_wconf 77' lang='grc' dir='ltr'>ὅσον</span> <span class='ocrx_word' id='word_1_374' title='bbox 2615 2655 2716 2729; x_wconf 85' lang='grc' dir='ltr'>δεῖ,</span> <span class='ocrx_word' id='word_1_375' title='bbox 2750 2659 2837 2712; x_wconf 85' lang='grc' dir='ltr'>καὶ</span> <span class='ocrx_word' id='word_1_376' title='bbox 2898 2657 3110 2732; x_wconf 83' lang='grc' dir='ltr'>μᾶλλον</span> <span class='ocrx_word' id='word_1_377' title='bbox 3156 2661 3192 2730; x_wconf 76' lang='grc' dir='ltr'><strong>ἢ</strong></span> <span class='ocrx_word' id='word_1_378' title='bbox 3243 2661 3318 2723; x_wconf 86' lang='grc' dir='ltr'>ὡς</span> <span class='ocrx_word' id='word_1_379' title='bbox 3366 2659 3467 2732; x_wconf 81' lang='grc' dir='ltr'>δεῖ,</span> <span class='ocrx_word' id='word_1_380' title='bbox 3499 2663 3605 2731; x_wconf 75' lang='grc' dir='ltr'>τὴν</span> <span class='ocrx_word' id='word_1_381' title='bbox 3654 2662 3841 2739; x_wconf 77' lang='grc' dir='ltr'>ὅρασιν</span> 
     </span>
    </p>
   </div>
   <div class='ocr_carea' id='block_1_58' title="bbox 2187 2743 3841 2827">
    <p class='ocr_par' dir='ltr' id='par_1_58' title="bbox 2187 2743 3841 2827">
     <span class='ocr_line' id='line_1_58' title="bbox 2187 2743 3841 2827; baseline 0.004 -28"><span class='ocrx_word' id='word_1_382' title='bbox 2187 2743 2536 2820; x_wconf 69' lang='grc' dir='ltr'>βλάπτονται*</span> <span class='ocrx_word' id='word_1_383' title='bbox 2591 2744 3000 2822; x_wconf 88' lang='grc' dir='ltr'>διακρινομένου</span> <span class='ocrx_word' id='word_1_384' title='bbox 3047 2754 3143 2804; x_wconf 92' lang='grc' dir='ltr'>τοῦ</span> <span class='ocrx_word' id='word_1_385' title='bbox 3193 2751 3447 2825; x_wconf 76' lang='grc' dir='ltr'>ὁρατικοῦ</span> <span class='ocrx_word' id='word_1_386' title='bbox 3505 2750 3682 2827; x_wconf 81' lang='grc' dir='ltr'>φάους</span> <span class='ocrx_word' id='word_1_387' title='bbox 3739 2753 3841 2808; x_wconf 82' lang='grc' dir='ltr'>ὑπὸ</span> 
     </span>
    </p>
   </div>
   <div class='ocr_carea' id='block_1_59' title="bbox 2181 2834 3840 2915">
    <p class='ocr_par' dir='ltr' id='par_1_59' title="bbox 2181 2834 3840 2915">
     <span class='ocr_line' id='line_1_59' title="bbox 2181 2834 3840 2915; baseline 0.005 -28"><span class='ocrx_word' id='word_1_388' title='bbox 2181 2839 2277 2888; x_wconf 90' lang='grc' dir='ltr'>τοῦ</span> <span class='ocrx_word' id='word_1_389' title='bbox 2320 2834 2674 2911; x_wconf 75' lang='grc' dir='ltr'>ἰσχυροτέρου</span> <span class='ocrx_word' id='word_1_390' title='bbox 2722 2836 2810 2891; x_wconf 84' lang='grc' dir='ltr'>καὶ</span> <span class='ocrx_word' id='word_1_391' title='bbox 2873 2838 3144 2911; x_wconf 80' lang='grc' dir='ltr'>μείζονος,</span> <span class='ocrx_word' id='word_1_392' title='bbox 3173 2835 3454 2908; x_wconf 76' lang='grc' dir='ltr'>ἕλκοντος,</span> <span class='ocrx_word' id='word_1_393' title='bbox 3487 2839 3566 2902; x_wconf 83' lang='grc' dir='ltr'>ὡς</span> <span class='ocrx_word' id='word_1_394' title='bbox 3599 2837 3840 2915; x_wconf 71' lang='grc' dir='ltr'>εἴρηται,</span> 
     </span>
    </p>
   </div>
   <div class='ocr_carea' id='block_1_60' title="bbox 2181 2924 3845 3003">
    <p class='ocr_par' dir='ltr' id='par_1_60' title="bbox 2181 2924 3845 3003">
     <span class='ocr_line' id='line_1_60' title="bbox 2181 2924 3845 3003; baseline 0.005 -26"><span class='ocrx_word' id='word_1_395' title='bbox 2181 2924 2244 2977; x_wconf 89' lang='grc' dir='ltr'>τὸ</span> <span class='ocrx_word' id='word_1_396' title='bbox 2289 2925 2450 2991; x_wconf 72' lang='grc' dir='ltr'>ἧττον</span> <span class='ocrx_word' id='word_1_397' title='bbox 2501 2925 2589 2978; x_wconf 84' lang='grc' dir='ltr'>καὶ</span> <span class='ocrx_word' id='word_1_398' title='bbox 2654 2925 3048 3003; x_wconf 59' lang='grc' dir='ltr'>ἀσθενέστερον</span> <span class='ocrx_word' id='word_1_399' title='bbox 3094 2926 3371 3002; x_wconf 78' lang='grc' dir='ltr'>ἐφιέμενον</span> <span class='ocrx_word' id='word_1_400' title='bbox 3431 2925 3500 2997; x_wconf 88' lang='grc' dir='ltr'>δὴ</span> <span class='ocrx_word' id='word_1_401' title='bbox 3549 2928 3645 2983; x_wconf 84' lang='grc' dir='ltr'>καὶ</span> <span class='ocrx_word' id='word_1_402' title='bbox 3711 2930 3845 2985; x_wconf 74' lang='grc' dir='ltr'>αὐτὸ</span> 
     </span>
    </p>
   </div>
   <div class='ocr_carea' id='block_1_61' title="bbox 2181 3010 3846 3093">
    <p class='ocr_par' dir='ltr' id='par_1_61' title="bbox 2181 3010 3846 3093">
     <span class='ocr_line' id='line_1_61' title="bbox 2181 3010 3846 3093; baseline 0.005 -28"><span class='ocrx_word' id='word_1_403' title='bbox 2181 3019 2281 3081; x_wconf 79' lang='grc' dir='ltr'>τῆς</span> <span class='ocrx_word' id='word_1_404' title='bbox 2313 3012 2426 3066; x_wconf 75' lang='grc' dir='ltr'>οἷον</span> <span class='ocrx_word' id='word_1_405' title='bbox 2460 3010 2596 3074; x_wconf 77' lang='grc' dir='ltr'>ἰδίας</span> <span class='ocrx_word' id='word_1_406' title='bbox 2627 3012 2916 3086; x_wconf 81' lang='grc' dir='ltr'>ὁλότητος,</span> <span class='ocrx_word' id='word_1_407' title='bbox 2949 3016 3037 3070; x_wconf 83' lang='grc' dir='ltr'>καὶ</span> <span class='ocrx_word' id='word_1_408' title='bbox 3086 3017 3224 3092; x_wconf 87' lang='grc' dir='ltr'>πρὸς</span> <span class='ocrx_word' id='word_1_409' title='bbox 3269 3016 3434 3085; x_wconf 75' lang='grc' dir='ltr'>αὐτὴν</span> <span class='ocrx_word' id='word_1_410' title='bbox 3486 3018 3846 3093; x_wconf 75' lang='grc' dir='ltr'>ἠπειγμένως</span> 
     </span>
    </p>
   </div>
   <div class='ocr_carea' id='block_1_62' title="bbox 2183 3100 2622 3174">
    <p class='ocr_par' dir='ltr' id='par_1_62' title="bbox 2183 3100 2622 3174">
     <span class='ocr_line' id='line_1_62' title="bbox 2183 3100 2622 3174; baseline 0.007 -20"><span class='ocrx_word' id='word_1_411' title='bbox 2183 3100 2433 3156; x_wconf 86' lang='grc' dir='ltr'>ἀποτεινὸ</span> <span class='ocrx_word' id='word_1_412' title='bbox 2443 3123 2534 3174; x_wconf 84' lang='grc' dir='ltr'>μεν</span> <span class='ocrx_word' id='word_1_413' title='bbox 2543 3122 2599 3156; x_wconf 89' lang='grc' dir='ltr'>ον</span> <span class='ocrx_word' id='word_1_414' title='bbox 2609 3145 2622 3158; x_wconf 96' lang='grc'>.</span> 
     </span>
    </p>
   </div>
   <div class='ocr_carea' id='block_1_63' title="bbox 2257 3189 3846 3271">
    <p class='ocr_par' dir='ltr' id='par_1_63' title="bbox 2257 3189 3846 3271">
     <span class='ocr_line' id='line_1_63' title="bbox 2257 3189 3846 3271; baseline 0.004 -27"><span class='ocrx_word' id='word_1_415' title='bbox 2257 3192 2339 3259; x_wconf 86' lang='grc' dir='ltr'>ιζ’.</span> <span class='ocrx_word' id='word_1_416' title='bbox 2400 3189 2552 3246; x_wconf 73' lang='grc' dir='ltr'>Οὕτω</span> <span class='ocrx_word' id='word_1_417' title='bbox 2635 3191 2814 3246; x_wconf 77' lang='grc' dir='ltr'>τοίνυν</span> <span class='ocrx_word' id='word_1_418' title='bbox 2899 3193 3035 3247; x_wconf 83' lang='grc' dir='ltr'>κατὰ</span> <span class='ocrx_word' id='word_1_419' title='bbox 3116 3195 3426 3268; x_wconf 80' lang='grc' dir='ltr'>συναύγειαν</span> <span class='ocrx_word' id='word_1_420' title='bbox 3509 3194 3846 3271; x_wconf 76' lang='grc' dir='ltr'>ἐνεργούσης</span> 
     </span>
    </p>
   </div>
   <div class='ocr_carea' id='block_1_64' title="bbox 2184 3275 3850 3356">
    <p class='ocr_par' dir='ltr' id='par_1_64' title="bbox 2184 3275 3850 3356">
     <span class='ocr_line' id='line_1_64' title="bbox 2184 3275 3850 3356; baseline 0.004 -23"><span class='ocrx_word' id='word_1_421' title='bbox 2184 3287 2285 3349; x_wconf 81' lang='grc' dir='ltr'>τῆς</span> <span class='ocrx_word' id='word_1_422' title='bbox 2315 3275 2510 3354; x_wconf 75' lang='grc' dir='ltr'>ὅψεως,</span> <span class='ocrx_word' id='word_1_423' title='bbox 2544 3280 2713 3336; x_wconf 78' lang='grc' dir='ltr'>ἰστέον</span> <span class='ocrx_word' id='word_1_424' title='bbox 2773 3281 2878 3349; x_wconf 78' lang='grc' dir='ltr'>ὅτι,</span> <span class='ocrx_word' id='word_1_425' title='bbox 2934 3286 3040 3336; x_wconf 82' lang='grc' dir='ltr'>τῶν</span> <span class='ocrx_word' id='word_1_426' title='bbox 3095 3283 3389 3356; x_wconf 88' lang='grc' dir='ltr'>ὁρωμένων</span> <span class='ocrx_word' id='word_1_427' title='bbox 3423 3289 3532 3338; x_wconf 80' lang='grc' dir='ltr'>τῶν</span> <span class='ocrx_word' id='word_1_428' title='bbox 3570 3285 3669 3356; x_wconf 75' lang='grc' dir='ltr'>μὲν</span> <span class='ocrx_word' id='word_1_429' title='bbox 3729 3287 3850 3340; x_wconf 70' lang='grc' dir='ltr'>καθ’</span> 
     </span>
    </p>
   </div>
   <div class='ocr_carea' id='block_1_65' title="bbox 437 3363 2075 3452">
    <p class='ocr_par' dir='ltr' id='par_1_65' title="bbox 437 3371 2075 3452">
     <span class='ocr_line' id='line_1_65' title="bbox 437 3371 2075 3452; baseline -0.007 -16"><span class='ocrx_word' id='word_1_430' title='bbox 437 3395 570 3436; x_wconf 91' lang='lat' dir='ltr'>rum</span> <span class='ocrx_word' id='word_1_431' title='bbox 601 3395 726 3452; x_wconf 74' lang='lat' dir='ltr'>quae</span> <span class='ocrx_word' id='word_1_432' title='bbox 758 3379 1098 3443; x_wconf 90' lang='lat' dir='ltr'>cernuntur,</span> <span class='ocrx_word' id='word_1_433' title='bbox 1127 3373 1240 3427; x_wconf 91' lang='lat' dir='ltr'>alia</span> <span class='ocrx_word' id='word_1_434' title='bbox 1269 3388 1371 3443; x_wconf 90' lang='lat' dir='ltr'>per</span> <span class='ocrx_word' id='word_1_435' title='bbox 1403 3371 1715 3444; x_wconf 85' lang='lat' dir='ltr'>bypotasin</span> <span class='ocrx_word' id='word_1_436' title='bbox 1747 3387 1849 3426; x_wconf 89' lang='lat' dir='ltr'>seu</span> <span class='ocrx_word' id='word_1_437' title='bbox 1882 3371 2075 3426; x_wconf 88' lang='lat' dir='ltr'>subsi-</span> 
     </span>
    </p>
   </div>
   <div class='ocr_carea' id='block_1_66' title="bbox 2193 3363 3843 3452">
    <p class='ocr_par' dir='ltr' id='par_1_66' title="bbox 2193 3365 3843 3450">
     <span class='ocr_line' id='line_1_66' title="bbox 2193 3365 3843 3450; baseline 0.003 -27"><span class='ocrx_word' id='word_1_438' title='bbox 2193 3368 2476 3423; x_wconf 84' lang='grc' dir='ltr'>ὑπόστασιν</span> <span class='ocrx_word' id='word_1_439' title='bbox 2532 3365 2720 3440; x_wconf 76' lang='grc' dir='ltr'>ὄντων,</span> <span class='ocrx_word' id='word_1_440' title='bbox 2752 3375 2856 3424; x_wconf 80' lang='grc' dir='ltr'>τῶν</span> <span class='ocrx_word' id='word_1_441' title='bbox 2918 3368 2975 3425; x_wconf 76' lang='grc' dir='ltr'>δὲ</span> <span class='ocrx_word' id='word_1_442' title='bbox 3024 3372 3141 3426; x_wconf 85' lang='grc' dir='ltr'>κατ’</span> <span class='ocrx_word' id='word_1_443' title='bbox 3196 3367 3449 3450; x_wconf 75' lang='grc' dir='ltr'>ἔμφασιν,</span> <span class='ocrx_word' id='word_1_444' title='bbox 3507 3374 3601 3428; x_wconf 85' lang='grc' dir='ltr'>καὶ</span> <span class='ocrx_word' id='word_1_445' title='bbox 3654 3373 3732 3428; x_wconf 79' lang='grc' dir='ltr'>τὰ</span> <span class='ocrx_word' id='word_1_446' title='bbox 3789 3373 3843 3428; x_wconf 74' lang='grc' dir='ltr'>ἐν</span> 
     </span>
    </p>
   </div>
   <div class='ocr_carea' id='block_1_67' title="bbox 438 3459 2081 3535">
    <p class='ocr_par' dir='ltr' id='par_1_67' title="bbox 438 3459 2081 3535">
     <span class='ocr_line' id='line_1_67' title="bbox 438 3459 2081 3535; baseline -0.008 -9"><span class='ocrx_word' id='word_1_447' title='bbox 438 3469 734 3535; x_wconf 86' lang='lat' dir='ltr'>stentiam,</span> <span class='ocrx_word' id='word_1_448' title='bbox 769 3465 882 3521; x_wconf 84' lang='lat' dir='ltr'>alia</span> <span class='ocrx_word' id='word_1_449' title='bbox 934 3462 1303 3535; x_wconf 87' lang='lat' dir='ltr'>spocietenus</span> <span class='ocrx_word' id='word_1_450' title='bbox 1333 3461 1471 3530; x_wconf 89' lang='lat' dir='ltr'>sint,</span> <span class='ocrx_word' id='word_1_451' title='bbox 1502 3475 1569 3515; x_wconf 88' lang='lat' dir='ltr'>ea</span> <span class='ocrx_word' id='word_1_452' title='bbox 1600 3476 1832 3531; x_wconf 91' lang='lat' dir='ltr'>quoque</span> <span class='ocrx_word' id='word_1_453' title='bbox 1863 3476 1990 3531; x_wconf 64' lang='lat' dir='ltr'>qua</span> <span class='ocrx_word' id='word_1_454' title='bbox 2021 3459 2081 3514; x_wconf 92' lang='lat' dir='ltr'>in</span> 
     </span>
    </p>
   </div>
   <div class='ocr_carea' id='block_1_68' title="bbox 439 3548 2084 3628">
    <p class='ocr_par' dir='ltr' id='par_1_68' title="bbox 439 3548 2084 3628">
     <span class='ocr_line' id='line_1_68' title="bbox 439 3548 2084 3628; baseline -0.008 -13"><span class='ocrx_word' id='word_1_455' title='bbox 439 3557 580 3615; x_wconf 68' lang='lat' dir='ltr'>caelo</span> <span class='ocrx_word' id='word_1_456' title='bbox 607 3559 908 3628; x_wconf 89' lang='lat' dir='ltr'>apparent,</span> <span class='ocrx_word' id='word_1_457' title='bbox 940 3551 1212 3609; x_wconf 88' lang='lat' dir='ltr'>eumdem</span> <span class='ocrx_word' id='word_1_458' title='bbox 1262 3550 1322 3604; x_wconf 90' lang='lat' dir='ltr'>in</span> <span class='ocrx_word' id='word_1_459' title='bbox 1353 3549 1592 3604; x_wconf 90' lang='lat' dir='ltr'>modum</span> <span class='ocrx_word' id='word_1_460' title='bbox 1621 3565 1682 3604; x_wconf 89' lang='lat' dir='ltr'>se</span> <span class='ocrx_word' id='word_1_461' title='bbox 1712 3548 1942 3603; x_wconf 88' lang='lat' dir='ltr'>habere.</span> <span class='ocrx_word' id='word_1_462' title='bbox 1978 3549 2084 3603; x_wconf 89' lang='lat' dir='ltr'>Per</span> 
     </span>
    </p>
   </div>
   <div class='ocr_carea' id='block_1_69' title="bbox 440 3637 2080 3711">
    <p class='ocr_par' dir='ltr' id='par_1_69' title="bbox 440 3637 2080 3711">
     <span class='ocr_line' id='line_1_69' title="bbox 440 3637 2080 3711; baseline -0.008 -7"><span class='ocrx_word' id='word_1_463' title='bbox 440 3645 882 3704; x_wconf 85' lang='lat' dir='ltr'>subsistentiam</span> <span class='ocrx_word' id='word_1_464' title='bbox 929 3647 1088 3708; x_wconf 89' lang='lat' dir='ltr'>sunt,</span> <span class='ocrx_word' id='word_1_465' title='bbox 1123 3644 1179 3694; x_wconf 91' lang='lat' dir='ltr'>et</span> <span class='ocrx_word' id='word_1_466' title='bbox 1231 3642 1572 3711; x_wconf 88' lang='lat' dir='ltr'>proruentes</span> <span class='ocrx_word' id='word_1_467' title='bbox 1624 3637 1850 3709; x_wconf 60' lang='lat' dir='ltr'>[stella]</span> <span class='ocrx_word' id='word_1_468' title='bbox 1884 3643 1941 3692; x_wconf 90' lang='lat' dir='ltr'>et</span> <span class='ocrx_word' id='word_1_469' title='bbox 1987 3654 2080 3692; x_wconf 93' lang='lat' dir='ltr'>co-</span> 
     </span>
    </p>
   </div>
   <div class='ocr_carea' id='block_1_70' title="bbox 443 3726 2081 3802">
    <p class='ocr_par' dir='ltr' id='par_1_70' title="bbox 443 3726 2081 3802">
     <span class='ocr_line' id='line_1_70' title="bbox 443 3726 2081 3802; baseline -0.006 -10"><span class='ocrx_word' id='word_1_470' title='bbox 443 3739 696 3802; x_wconf 68' lang='lat' dir='ltr'>metm,et</span> <span class='ocrx_word' id='word_1_471' title='bbox 714 3730 926 3788; x_wconf 87' lang='lat' dir='ltr'>diversi</span> <span class='ocrx_word' id='word_1_472' title='bbox 953 3729 1207 3800; x_wconf 85' lang='lat' dir='ltr'>fulgores</span> <span class='ocrx_word' id='word_1_473' title='bbox 1229 3729 1382 3784; x_wconf 74' lang='lat'><strong>283</strong></span> <span class='ocrx_word' id='word_1_474' title='bbox 1406 3732 1464 3782; x_wconf 90' lang='lat' dir='ltr'>et</span> <span class='ocrx_word' id='word_1_475' title='bbox 1491 3726 1658 3798; x_wconf 88' lang='lat' dir='ltr'>ignes</span> <span class='ocrx_word' id='word_1_476' title='bbox 1682 3743 1694 3782; x_wconf 91' lang='lat'><strong>:</strong></span> <span class='ocrx_word' id='word_1_477' title='bbox 1718 3728 2081 3798; x_wconf 86' lang='lat' dir='ltr'>specietenus</span> 
     </span>
    </p>
   </div>
   <div class='ocr_carea' id='block_1_71' title="bbox 446 3815 2078 3891">
    <p class='ocr_par' dir='ltr' id='par_1_71' title="bbox 446 3815 2078 3891">
     <span class='ocr_line' id='line_1_71' title="bbox 446 3815 2078 3891; baseline -0.007 -11"><span class='ocrx_word' id='word_1_478' title='bbox 446 3832 662 3891; x_wconf 90' lang='lat' dir='ltr'>autem,</span> <span class='ocrx_word' id='word_1_479' title='bbox 696 3837 910 3877; x_wconf 88' lang='lat' dir='ltr'>corona</span> <span class='ocrx_word' id='word_1_480' title='bbox 954 3824 1010 3874; x_wconf 89' lang='lat' dir='ltr'>et</span> <span class='ocrx_word' id='word_1_481' title='bbox 1039 3818 1162 3888; x_wconf 87' lang='lat' dir='ltr'>iris,</span> <span class='ocrx_word' id='word_1_482' title='bbox 1191 3821 1247 3872; x_wconf 89' lang='lat' dir='ltr'>et</span> <span class='ocrx_word' id='word_1_483' title='bbox 1275 3817 1446 3889; x_wconf 71' lang='lat' dir='ltr'>virgae</span> <span class='ocrx_word' id='word_1_484' title='bbox 1477 3815 1716 3886; x_wconf 85' lang='lat' dir='ltr'>[bacilli]</span> <span class='ocrx_word' id='word_1_485' title='bbox 1747 3821 1802 3870; x_wconf 88' lang='lat' dir='ltr'>et</span> <span class='ocrx_word' id='word_1_486' title='bbox 1844 3815 2078 3870; x_wconf 88' lang='lat' dir='ltr'>similia.</span> 
     </span>
    </p>
   </div>
   <div class='ocr_carea' id='block_1_72' title="bbox 445 3904 2079 3980">
    <p class='ocr_par' dir='ltr' id='par_1_72' title="bbox 445 3904 2079 3980">
     <span class='ocr_line' id='line_1_72' title="bbox 445 3904 2079 3980; baseline -0.007 -10"><span class='ocrx_word' id='word_1_487' title='bbox 445 3914 592 3969; x_wconf 88' lang='lat' dir='ltr'>Nam</span> <span class='ocrx_word' id='word_1_488' title='bbox 623 3911 882 3968; x_wconf 93' lang='lat' dir='ltr'>colorum</span> <span class='ocrx_word' id='word_1_489' title='bbox 914 3912 970 3963; x_wconf 88' lang='lat' dir='ltr'>et</span> <span class='ocrx_word' id='word_1_490' title='bbox 990 3907 1312 3980; x_wconf 84' lang='lat' dir='ltr'>ﬁgurarum</span> <span class='ocrx_word' id='word_1_491' title='bbox 1345 3905 1536 3960; x_wconf 91' lang='lat' dir='ltr'>omnis</span> <span class='ocrx_word' id='word_1_492' title='bbox 1567 3904 1795 3976; x_wconf 83' lang='lat' dir='ltr'>generis</span> <span class='ocrx_word' id='word_1_493' title='bbox 1826 3904 2079 3976; x_wconf 90' lang='lat' dir='ltr'>speciem</span> 
     </span>
    </p>
   </div>
   <div class='ocr_carea' id='block_1_73' title="bbox 445 3993 2082 4064">
    <p class='ocr_par' dir='ltr' id='par_1_73' title="bbox 445 3993 2082 4064">
     <span class='ocr_line' id='line_1_73' title="bbox 445 3993 2082 4064; baseline -0.005 -6"><span class='ocrx_word' id='word_1_494' title='bbox 445 4003 614 4060; x_wconf 88' lang='lat' dir='ltr'>nobis</span> <span class='ocrx_word' id='word_1_495' title='bbox 662 4016 760 4056; x_wconf 89' lang='lat' dir='ltr'>aer</span> <span class='ocrx_word' id='word_1_496' title='bbox 808 3998 1059 4064; x_wconf 84' lang='lat' dir='ltr'>exhibet,</span> <span class='ocrx_word' id='word_1_497' title='bbox 1107 3995 1350 4050; x_wconf 91' lang='lat' dir='ltr'>luminis</span> <span class='ocrx_word' id='word_1_498' title='bbox 1398 3999 1453 4050; x_wconf 92' lang='lat' dir='ltr'>et</span> <span class='ocrx_word' id='word_1_499' title='bbox 1497 3993 1658 4049; x_wconf 87' lang='lat' dir='ltr'>visus</span> <span class='ocrx_word' id='word_1_500' title='bbox 1707 3993 2082 4050; x_wconf 86' lang='lat' dir='ltr'>refractiones</span> 
     </span>
    </p>
   </div>
   <div class='ocr_carea' id='block_1_74' title="bbox 444 4083 2079 4164">
    <p class='ocr_par' dir='ltr' id='par_1_74' title="bbox 444 4083 2079 4164">
     <span class='ocr_line' id='line_1_74' title="bbox 444 4083 2079 4164; baseline -0.008 -15"><span class='ocrx_word' id='word_1_501' title='bbox 444 4091 737 4164; x_wconf 90' lang='lat' dir='ltr'>accipiens</span> <span class='ocrx_word' id='word_1_502' title='bbox 767 4107 780 4144; x_wconf 91' lang='lat'><strong>:</strong></span> <span class='ocrx_word' id='word_1_503' title='bbox 816 4085 1289 4159; x_wconf 89' lang='lat' dir='ltr'>quandoquidem</span> <span class='ocrx_word' id='word_1_504' title='bbox 1328 4084 1490 4138; x_wconf 80' lang='lat' dir='ltr'>visus</span> <span class='ocrx_word' id='word_1_505' title='bbox 1523 4083 1755 4154; x_wconf 91' lang='lat' dir='ltr'>quando</span> <span class='ocrx_word' id='word_1_506' title='bbox 1787 4088 2079 4154; x_wconf 84' lang='lat' dir='ltr'>operatur,</span> 
     </span>
    </p>
   </div>
   <div class='ocr_carea' id='block_1_75' title="bbox 445 4171 2080 4244">
    <p class='ocr_par' dir='ltr' id='par_1_75' title="bbox 445 4171 2080 4244">
     <span class='ocr_line' id='line_1_75' title="bbox 445 4171 2080 4244; baseline -0.006 -7"><span class='ocrx_word' id='word_1_507' title='bbox 445 4198 578 4238; x_wconf 92' lang='lat' dir='ltr'>cum</span> <span class='ocrx_word' id='word_1_508' title='bbox 623 4179 844 4235; x_wconf 89' lang='lat' dir='ltr'>lumine</span> <span class='ocrx_word' id='word_1_509' title='bbox 874 4180 932 4232; x_wconf 92' lang='lat' dir='ltr'>et</span> <span class='ocrx_word' id='word_1_510' title='bbox 960 4176 1021 4231; x_wconf 92' lang='lat' dir='ltr'>in</span> <span class='ocrx_word' id='word_1_511' title='bbox 1050 4173 1271 4229; x_wconf 90' lang='lat' dir='ltr'>lumine</span> <span class='ocrx_word' id='word_1_512' title='bbox 1316 4176 1424 4240; x_wconf 89' lang='lat' dir='ltr'>est,</span> <span class='ocrx_word' id='word_1_513' title='bbox 1457 4189 1591 4227; x_wconf 90' lang='lat' dir='ltr'>cum</span> <span class='ocrx_word' id='word_1_514' title='bbox 1623 4177 1678 4227; x_wconf 91' lang='lat' dir='ltr'>et</span> <span class='ocrx_word' id='word_1_515' title='bbox 1709 4171 1833 4244; x_wconf 89' lang='lat' dir='ltr'>ipse</span> <span class='ocrx_word' id='word_1_516' title='bbox 1880 4171 2080 4227; x_wconf 89' lang='lat' dir='ltr'>lumen</span> 
     </span>
    </p>
   </div>
   <div class='ocr_carea' id='block_1_76' title="bbox 444 4261 1598 4341">
    <p class='ocr_par' dir='ltr' id='par_1_76' title="bbox 444 4261 1598 4341">
     <span class='ocr_line' id='line_1_76' title="bbox 444 4261 1598 4341; baseline -0.012 -13"><span class='ocrx_word' id='word_1_517' title='bbox 444 4272 542 4340; x_wconf 88' lang='lat' dir='ltr'>sit,</span> <span class='ocrx_word' id='word_1_518' title='bbox 575 4265 1072 4341; x_wconf 88' lang='lat' dir='ltr'>quemadmodum</span> <span class='ocrx_word' id='word_1_519' title='bbox 1103 4261 1460 4318; x_wconf 89' lang='lat' dir='ltr'>declaratum</span> <span class='ocrx_word' id='word_1_520' title='bbox 1491 4266 1598 4316; x_wconf 92' lang='lat' dir='ltr'>est.</span> 
     </span>
    </p>
   </div>
   <div class='ocr_carea' id='block_1_77' title="bbox 520 4349 2080 4426">
    <p class='ocr_par' dir='ltr' id='par_1_77' title="bbox 520 4349 2080 4426">
     <span class='ocr_line' id='line_1_77' title="bbox 520 4349 2080 4426; baseline -0.006 -11"><span class='ocrx_word' id='word_1_521' title='bbox 520 4359 700 4415; x_wconf 82' lang='lat'><strong>18-21.</strong></span> <span class='ocrx_word' id='word_1_522' title='bbox 733 4357 1093 4426; x_wconf 87' lang='lat' dir='ltr'>Quapropter</span> <span class='ocrx_word' id='word_1_523' title='bbox 1137 4355 1195 4407; x_wconf 90' lang='lat' dir='ltr'>et</span> <span class='ocrx_word' id='word_1_524' title='bbox 1221 4365 1447 4406; x_wconf 61' lang='lat' dir='ltr'>coronae</span> <span class='ocrx_word' id='word_1_525' title='bbox 1475 4365 1654 4405; x_wconf 89' lang='lat' dir='ltr'>causa</span> <span class='ocrx_word' id='word_1_526' title='bbox 1681 4349 1897 4404; x_wconf 90' lang='lat' dir='ltr'>dicitur</span> <span class='ocrx_word' id='word_1_527' title='bbox 1924 4351 2080 4420; x_wconf 89' lang='lat' dir='ltr'>ejus-</span> 
     </span>
    </p>
   </div>
   <div class='ocr_carea' id='block_1_78' title="bbox 448 4437 2080 4511">
    <p class='ocr_par' dir='ltr' id='par_1_78' title="bbox 448 4437 2080 4511">
     <span class='ocr_line' id='line_1_78' title="bbox 448 4437 2080 4511; baseline -0.009 -3"><span class='ocrx_word' id='word_1_528' title='bbox 448 4448 673 4508; x_wconf 89' lang='lat' dir='ltr'>cemodi</span> <span class='ocrx_word' id='word_1_529' title='bbox 705 4443 989 4501; x_wconf 86' lang='lat' dir='ltr'>refractio.</span> <span class='ocrx_word' id='word_1_530' title='bbox 1042 4438 1402 4511; x_wconf 83' lang='lat' dir='ltr'>Refringitur</span> <span class='ocrx_word' id='word_1_531' title='bbox 1443 4438 1596 4493; x_wconf 91' lang='lat' dir='ltr'>enim</span> <span class='ocrx_word' id='word_1_532' title='bbox 1627 4437 1788 4493; x_wconf 90' lang='lat' dir='ltr'>visus</span> <span class='ocrx_word' id='word_1_533' title='bbox 1821 4454 1954 4494; x_wconf 92' lang='lat' dir='ltr'>cum</span> <span class='ocrx_word' id='word_1_534' title='bbox 1987 4438 2080 4494; x_wconf 86' lang='lat' dir='ltr'>lu-</span> 
     </span>
    </p>
   </div>
   <div class='ocr_carea' id='block_1_79' title="bbox 445 4527 2082 4604">
    <p class='ocr_par' dir='ltr' id='par_1_79' title="bbox 445 4527 2082 4604">
     <span class='ocr_line' id='line_1_79' title="bbox 445 4527 2082 4604; baseline -0.007 -8"><span class='ocrx_word' id='word_1_535' title='bbox 445 4540 623 4604; x_wconf 91' lang='lat' dir='ltr'>mine,</span> <span class='ocrx_word' id='word_1_536' title='bbox 653 4541 711 4591; x_wconf 87' lang='lat' dir='ltr'>et</span> <span class='ocrx_word' id='word_1_537' title='bbox 740 4535 813 4591; x_wconf 91' lang='lat' dir='ltr'>ab</span> <span class='ocrx_word' id='word_1_538' title='bbox 843 4548 1014 4604; x_wconf 84' lang='lat' dir='ltr'>aqua,</span> <span class='ocrx_word' id='word_1_539' title='bbox 1049 4534 1106 4584; x_wconf 90' lang='lat' dir='ltr'>et</span> <span class='ocrx_word' id='word_1_540' title='bbox 1134 4529 1205 4584; x_wconf 91' lang='lat' dir='ltr'>ab</span> <span class='ocrx_word' id='word_1_541' title='bbox 1238 4543 1368 4583; x_wconf 89' lang='lat' dir='ltr'>aere</span> <span class='ocrx_word' id='word_1_542' title='bbox 1397 4528 1596 4596; x_wconf 88' lang='lat' dir='ltr'>denso,</span> <span class='ocrx_word' id='word_1_543' title='bbox 1621 4531 1677 4580; x_wconf 90' lang='lat' dir='ltr'>et</span> <span class='ocrx_word' id='word_1_544' title='bbox 1707 4527 1780 4582; x_wconf 91' lang='lat' dir='ltr'>ab</span> <span class='ocrx_word' id='word_1_545' title='bbox 1807 4527 2082 4584; x_wconf 88' lang='lat' dir='ltr'>omnibus</span> 
     </span>
    </p>
   </div>
   <div class='ocr_carea' id='block_1_80' title="bbox 442 4614 2080 4695">
    <p class='ocr_par' dir='ltr' id='par_1_80' title="bbox 442 4614 2080 4695">
     <span class='ocr_line' id='line_1_80' title="bbox 442 4614 2080 4695; baseline -0.009 -10"><span class='ocrx_word' id='word_1_546' title='bbox 442 4632 643 4684; x_wconf 61' lang='lat' dir='ltr'>lavem</span> <span class='ocrx_word' id='word_1_547' title='bbox 674 4621 1036 4695; x_wconf 81' lang='lat' dir='ltr'>superficiem</span> <span class='ocrx_word' id='word_1_548' title='bbox 1070 4616 1445 4674; x_wconf 88' lang='lat' dir='ltr'>habentibus.</span> <span class='ocrx_word' id='word_1_549' title='bbox 1464 4615 1703 4680; x_wconf 87' lang='lat' dir='ltr'>Quando</span> <span class='ocrx_word' id='word_1_550' title='bbox 1735 4614 1912 4688; x_wconf 84' lang='lat' dir='ltr'>igitur</span> <span class='ocrx_word' id='word_1_551' title='bbox 1941 4617 2080 4672; x_wconf 88' lang='lat' dir='ltr'>sub-</span> 
     </span>
    </p>
   </div>
   <div class='ocr_carea' id='block_1_81' title="bbox 443 4704 2156 4793">
    <p class='ocr_par' dir='ltr' id='par_1_81' title="bbox 443 4704 2156 4793">
     <span class='ocr_line' id='line_1_81' title="bbox 443 4704 2156 4793; baseline -0.007 -20"><span class='ocrx_word' id='word_1_552' title='bbox 443 4717 562 4773; x_wconf 87' lang='lat' dir='ltr'>lato</span> <span class='ocrx_word' id='word_1_553' title='bbox 606 4727 836 4784; x_wconf 86' lang='lat' dir='ltr'>vapore,</span> <span class='ocrx_word' id='word_1_554' title='bbox 870 4715 926 4765; x_wconf 91' lang='lat' dir='ltr'>et</span> <span class='ocrx_word' id='word_1_555' title='bbox 963 4709 1021 4762; x_wconf 89' lang='lat' dir='ltr'>in</span> <span class='ocrx_word' id='word_1_556' title='bbox 1053 4705 1267 4762; x_wconf 89' lang='lat' dir='ltr'>nubem</span> <span class='ocrx_word' id='word_1_557' title='bbox 1318 4707 1742 4769; x_wconf 88' lang='lat' dir='ltr'>ooncrescente,</span> <span class='ocrx_word' id='word_1_558' title='bbox 1776 4704 2080 4774; x_wconf 70' lang='lat' dir='ltr'>aequabilis</span> <span class='ocrx_word' id='word_1_559' title='bbox 2109 4728 2156 4793; x_wconf 84' lang='lat' dir='ltr'><strong>D</strong></span> 
     </span>
    </p>
   </div>
   <div class='ocr_carea' id='block_1_82' title="bbox 441 4793 2078 4868">
    <p class='ocr_par' dir='ltr' id='par_1_82' title="bbox 441 4793 2078 4868">
     <span class='ocr_line' id='line_1_82' title="bbox 441 4793 2078 4868; baseline -0.008 -6"><span class='ocrx_word' id='word_1_560' title='bbox 441 4803 615 4861; x_wconf 87' lang='lat' dir='ltr'>fuerit</span> <span class='ocrx_word' id='word_1_561' title='bbox 661 4799 950 4857; x_wconf 89' lang='lat' dir='ltr'>concretio</span> <span class='ocrx_word' id='word_1_562' title='bbox 981 4802 1037 4852; x_wconf 89' lang='lat' dir='ltr'>et</span> <span class='ocrx_word' id='word_1_563' title='bbox 1081 4793 1444 4868; x_wconf 78' lang='grc' dir='ltr'>μικρομερὴς,</span> <span class='ocrx_word' id='word_1_564' title='bbox 1477 4793 1586 4848; x_wconf 92' lang='lat' dir='ltr'>hoc</span> <span class='ocrx_word' id='word_1_565' title='bbox 1635 4798 1746 4858; x_wconf 89' lang='lat' dir='ltr'>est,</span> <span class='ocrx_word' id='word_1_566' title='bbox 1777 4809 1846 4848; x_wconf 84' lang='lat' dir='ltr'>ex</span> <span class='ocrx_word' id='word_1_567' title='bbox 1891 4795 2078 4866; x_wconf 87' lang='lat' dir='ltr'>parti-</span> 
     </span>
    </p>
   </div>
   <div class='ocr_carea' id='block_1_83' title="bbox 445 4883 2082 4962">
    <p class='ocr_par' dir='ltr' id='par_1_83' title="bbox 445 4883 2082 4962">
     <span class='ocr_line' id='line_1_83' title="bbox 445 4883 2082 4962; baseline -0.009 -11"><span class='ocrx_word' id='word_1_568' title='bbox 445 4893 594 4951; x_wconf 89' lang='lat' dir='ltr'>culis</span> <span class='ocrx_word' id='word_1_569' title='bbox 619 4889 844 4962; x_wconf 85' lang='lat' dir='ltr'>exiguis</span> <span class='ocrx_word' id='word_1_570' title='bbox 874 4886 1143 4950; x_wconf 85' lang='lat' dir='ltr'>couﬂata,</span> <span class='ocrx_word' id='word_1_571' title='bbox 1166 4883 1469 4939; x_wconf 90' lang='lat' dir='ltr'>invebatur</span> <span class='ocrx_word' id='word_1_572' title='bbox 1499 4887 1691 4937; x_wconf 90' lang='lat' dir='ltr'>autem</span> <span class='ocrx_word' id='word_1_573' title='bbox 1725 4897 1902 4953; x_wconf 88' lang='lat' dir='ltr'>super</span> <span class='ocrx_word' id='word_1_574' title='bbox 1927 4884 2082 4954; x_wconf 88' lang='lat' dir='ltr'>ejus-</span> 
     </span>
    </p>
   </div>
   <div class='ocr_carea' id='block_1_84' title="bbox 442 4970 2081 5043">
    <p class='ocr_par' dir='ltr' id='par_1_84' title="bbox 442 4970 2081 5043">
     <span class='ocr_line' id='line_1_84' title="bbox 442 4970 2081 5043; baseline -0.006 -5"><span class='ocrx_word' id='word_1_575' title='bbox 442 4981 600 5037; x_wconf 93' lang='lat' dir='ltr'>modi</span> <span class='ocrx_word' id='word_1_576' title='bbox 647 4977 1072 5035; x_wconf 89' lang='lat' dir='ltr'>concretionem</span> <span class='ocrx_word' id='word_1_577' title='bbox 1102 4971 1209 5041; x_wconf 90' lang='lat' dir='ltr'>sol,</span> <span class='ocrx_word' id='word_1_578' title='bbox 1244 4977 1346 5027; x_wconf 89' lang='lat' dir='ltr'>aut</span> <span class='ocrx_word' id='word_1_579' title='bbox 1393 4970 1555 5041; x_wconf 89' lang='lat' dir='ltr'>luna,</span> <span class='ocrx_word' id='word_1_580' title='bbox 1589 4975 1690 5025; x_wconf 90' lang='lat' dir='ltr'>aut</span> <span class='ocrx_word' id='word_1_581' title='bbox 1718 4970 1831 5025; x_wconf 88' lang='lat' dir='ltr'>alia</span> <span class='ocrx_word' id='word_1_582' title='bbox 1883 4973 2081 5043; x_wconf 90' lang='lat' dir='ltr'>aliqua</span> 
     </span>
    </p>
   </div>
   <div class='ocr_carea' id='block_1_85' title="bbox 440 5060 2075 5140">
    <p class='ocr_par' dir='ltr' id='par_1_85' title="bbox 440 5060 2075 5140">
     <span class='ocr_line' id='line_1_85' title="bbox 440 5060 2075 5140; baseline -0.007 -12"><span class='ocrx_word' id='word_1_583' title='bbox 440 5069 608 5128; x_wconf 88' lang='lat' dir='ltr'>stella</span> <span class='ocrx_word' id='word_1_584' title='bbox 645 5066 952 5140; x_wconf 90' lang='lat' dir='ltr'>splendida</span> <span class='ocrx_word' id='word_1_585' title='bbox 983 5082 995 5120; x_wconf 94' lang='lat'><strong>:</strong></span> <span class='ocrx_word' id='word_1_586' title='bbox 1029 5080 1094 5120; x_wconf 89' lang='lat' dir='ltr'>ea</span> <span class='ocrx_word' id='word_1_587' title='bbox 1123 5061 1358 5134; x_wconf 91' lang='lat' dir='ltr'>quidem</span> <span class='ocrx_word' id='word_1_588' title='bbox 1391 5077 1525 5131; x_wconf 86' lang='lat' dir='ltr'>pars</span> <span class='ocrx_word' id='word_1_589' title='bbox 1557 5076 1682 5130; x_wconf 68' lang='lat' dir='ltr'>quas</span> <span class='ocrx_word' id='word_1_590' title='bbox 1714 5060 1976 5130; x_wconf 85' lang='lat' dir='ltr'>subjacet</span> <span class='ocrx_word' id='word_1_591' title='bbox 2005 5062 2075 5117; x_wconf 89' lang='lat' dir='ltr'>ad</span> 
     </span>
    </p>
   </div>
   <div class='ocr_carea' id='block_1_86' title="bbox 440 5147 2078 5231">
    <p class='ocr_par' dir='ltr' id='par_1_86' title="bbox 440 5147 2078 5231">
     <span class='ocr_line' id='line_1_86' title="bbox 440 5147 2078 5231; baseline -0.005 -17"><span class='ocrx_word' id='word_1_592' title='bbox 440 5155 923 5231; x_wconf 89' lang='lat' dir='ltr'>perpendiculum</span> <span class='ocrx_word' id='word_1_593' title='bbox 970 5151 1216 5224; x_wconf 87' lang='lat' dir='ltr'>corpori,</span> <span class='ocrx_word' id='word_1_594' title='bbox 1266 5149 1421 5222; x_wconf 93' lang='lat' dir='ltr'>quod</span> <span class='ocrx_word' id='word_1_595' title='bbox 1471 5147 1958 5219; x_wconf 84' lang='lat' dir='ltr'>superinvehitur,</span> <span class='ocrx_word' id='word_1_596' title='bbox 1988 5167 2078 5205; x_wconf 89' lang='lat' dir='ltr'>ra-</span> 
     </span>
    </p>
   </div>
   <div class='ocr_carea' id='block_1_87' title="bbox 438 5237 2078 5303">
    <p class='ocr_par' dir='ltr' id='par_1_87' title="bbox 438 5237 2078 5303">
     <span class='ocr_line' id='line_1_87' title="bbox 438 5237 2078 5303; baseline -0.006 0"><span class='ocrx_word' id='word_1_597' title='bbox 438 5247 557 5303; x_wconf 90' lang='lat' dir='ltr'>rior</span> <span class='ocrx_word' id='word_1_598' title='bbox 603 5251 660 5300; x_wconf 90' lang='lat' dir='ltr'>et</span> <span class='ocrx_word' id='word_1_599' title='bbox 699 5245 930 5300; x_wconf 88' lang='lat' dir='ltr'>tenuior</span> <span class='ocrx_word' id='word_1_600' title='bbox 975 5242 1226 5297; x_wconf 73' lang='lat' dir='ltr'>efficitur</span> <span class='ocrx_word' id='word_1_601' title='bbox 1273 5237 1600 5294; x_wconf 89' lang='lat' dir='ltr'>necessario</span> <span class='ocrx_word' id='word_1_602' title='bbox 1646 5237 1788 5291; x_wconf 91' lang='lat' dir='ltr'>dum</span> <span class='ocrx_word' id='word_1_603' title='bbox 1819 5255 1852 5292; x_wconf 88' lang='lat' dir='ltr'>a</span> <span class='ocrx_word' id='word_1_604' title='bbox 1898 5237 2078 5294; x_wconf 68' lang='lat' dir='ltr'>stellis</span> 
     </span>
    </p>
   </div>
   <div class='ocr_carea' id='block_1_88' title="bbox 440 5325 2079 5404">
    <p class='ocr_par' dir='ltr' id='par_1_88' title="bbox 440 5325 2079 5404">
     <span class='ocr_line' id='line_1_88' title="bbox 440 5325 2079 5404; baseline -0.007 -13"><span class='ocrx_word' id='word_1_605' title='bbox 440 5340 605 5391; x_wconf 90' lang='lat' dir='ltr'>motu</span> <span class='ocrx_word' id='word_1_606' title='bbox 653 5334 1020 5404; x_wconf 88' lang='lat' dir='ltr'>disgregatur</span> <span class='ocrx_word' id='word_1_607' title='bbox 1048 5355 1062 5396; x_wconf 85' lang='lat'><strong>;</strong></span> <span class='ocrx_word' id='word_1_608' title='bbox 1095 5329 1193 5384; x_wconf 88' lang='lat' dir='ltr'>sed</span> <span class='ocrx_word' id='word_1_609' title='bbox 1225 5327 1380 5399; x_wconf 92' lang='lat' dir='ltr'>quod</span> <span class='ocrx_word' id='word_1_610' title='bbox 1413 5327 1482 5381; x_wconf 88' lang='lat' dir='ltr'>ab</span> <span class='ocrx_word' id='word_1_611' title='bbox 1536 5325 1672 5380; x_wconf 89' lang='lat' dir='ltr'>hinc</span> <span class='ocrx_word' id='word_1_612' title='bbox 1703 5325 1900 5394; x_wconf 83' lang='lat' dir='ltr'>distat,</span> <span class='ocrx_word' id='word_1_613' title='bbox 1933 5325 2079 5380; x_wconf 91' lang='lat' dir='ltr'>nihil</span> 
     </span>
    </p>
   </div>
   <div class='ocr_carea' id='block_1_89' title="bbox 439 5415 2077 5494">
    <p class='ocr_par' dir='ltr' id='par_1_89' title="bbox 439 5415 2077 5494">
     <span class='ocr_line' id='line_1_89' title="bbox 439 5415 2077 5494; baseline -0.006 -15"><span class='ocrx_word' id='word_1_614' title='bbox 439 5423 553 5480; x_wconf 91' lang='lat' dir='ltr'>tale</span> <span class='ocrx_word' id='word_1_615' title='bbox 604 5421 841 5494; x_wconf 88' lang='lat' dir='ltr'>patitur.</span> <span class='ocrx_word' id='word_1_616' title='bbox 873 5425 1013 5473; x_wconf 89' lang='lat' dir='ltr'>Cum</span> <span class='ocrx_word' id='word_1_617' title='bbox 1062 5422 1257 5472; x_wconf 88' lang='lat' dir='ltr'>autem</span> <span class='ocrx_word' id='word_1_618' title='bbox 1291 5417 1334 5452; x_wconf 80' lang='grc'>¹²</span> <span class='ocrx_word' id='word_1_619' title='bbox 1367 5418 1578 5487; x_wconf 88' lang='lat' dir='ltr'>pariter</span> <span class='ocrx_word' id='word_1_620' title='bbox 1605 5430 1674 5468; x_wconf 82' lang='lat' dir='ltr'>ex</span> <span class='ocrx_word' id='word_1_621' title='bbox 1725 5415 1884 5469; x_wconf 92' lang='lat' dir='ltr'>omni</span> <span class='ocrx_word' id='word_1_622' title='bbox 1916 5419 2077 5485; x_wconf 90' lang='lat' dir='ltr'>parte</span> 
     </span>
    </p>
   </div>
   <div class='ocr_carea' id='block_1_90' title="bbox 441 5503 2076 5582">
    <p class='ocr_par' dir='ltr' id='par_1_90' title="bbox 441 5503 2076 5582">
     <span class='ocr_line' id='line_1_90' title="bbox 441 5503 2076 5582; baseline -0.007 -15"><span class='ocrx_word' id='word_1_623' title='bbox 441 5514 596 5568; x_wconf 89' lang='lat' dir='ltr'>circa</span> <span class='ocrx_word' id='word_1_624' title='bbox 641 5507 1124 5582; x_wconf 88' lang='lat' dir='ltr'>perpendiculum</span> <span class='ocrx_word' id='word_1_625' title='bbox 1155 5507 1256 5560; x_wconf 79' lang='lat' dir='ltr'>fiat</span> <span class='ocrx_word' id='word_1_626' title='bbox 1284 5503 1636 5576; x_wconf 87' lang='lat' dir='ltr'>disgregatio</span> <span class='ocrx_word' id='word_1_627' title='bbox 1677 5507 1912 5574; x_wconf 88' lang='lat' dir='ltr'>propter</span> <span class='ocrx_word' id='word_1_628' title='bbox 1941 5519 2076 5558; x_wconf 90' lang='lat' dir='ltr'>con-</span> 
     </span>
    </p>
   </div>
   <div class='ocr_carea' id='block_1_91' title="bbox 440 5592 2076 5670">
    <p class='ocr_par' dir='ltr' id='par_1_91' title="bbox 440 5592 2076 5670">
     <span class='ocr_line' id='line_1_91' title="bbox 440 5592 2076 5670; baseline -0.006 -12"><span class='ocrx_word' id='word_1_629' title='bbox 440 5598 714 5658; x_wconf 86' lang='lat' dir='ltr'>cretionis</span> <span class='ocrx_word' id='word_1_630' title='bbox 743 5595 1194 5670; x_wconf 66' lang='lat' dir='ltr'>aequabilitatem</span> <span class='ocrx_word' id='word_1_631' title='bbox 1227 5611 1240 5650; x_wconf 89' lang='lat'><strong>:</strong></span> <span class='ocrx_word' id='word_1_632' title='bbox 1274 5609 1509 5651; x_wconf 88' lang='lat' dir='ltr'>necesse</span> <span class='ocrx_word' id='word_1_633' title='bbox 1537 5596 1626 5648; x_wconf 90' lang='lat' dir='ltr'>est</span> <span class='ocrx_word' id='word_1_634' title='bbox 1653 5592 2076 5648; x_wconf 85' lang='lat' dir='ltr'>extremitatem</span> 
     </span>
    </p>
   </div>
   <div class='ocr_carea' id='block_1_92' title="bbox 509 5806 1836 5883">
    <p class='ocr_par' dir='ltr' id='par_1_92' title="bbox 509 5806 1836 5883">
     <span class='ocr_line' id='line_1_92' title="bbox 509 5806 1836 5883; baseline -0.006 -13"><span class='ocrx_word' id='word_1_635' title='bbox 509 5817 552 5859; x_wconf 76' lang='grc' dir='ltr'>ιι</span> <span class='ocrx_word' id='word_1_636' title='bbox 587 5815 664 5876; x_wconf 88' lang='lat' dir='ltr'>De</span> <span class='ocrx_word' id='word_1_637' title='bbox 695 5810 938 5880; x_wconf 89' lang='lat' dir='ltr'>mundo,</span> <span class='ocrx_word' id='word_1_638' title='bbox 971 5824 1095 5883; x_wconf 87' lang='lat' dir='ltr'>cap.</span> <span class='ocrx_word' id='word_1_639' title='bbox 1128 5809 1181 5865; x_wconf 80' lang='grc'>4.</span> <span class='ocrx_word' id='word_1_640' title='bbox 1263 5808 1306 5846; x_wconf 80' lang='grc'>¹²</span> <span class='ocrx_word' id='word_1_641' title='bbox 1338 5823 1402 5864; x_wconf 84' lang='lat' dir='ltr'>III</span> <span class='ocrx_word' id='word_1_642' title='bbox 1431 5806 1665 5864; x_wconf 89' lang='lat' dir='ltr'>Meteor.</span> <span class='ocrx_word' id='word_1_643' title='bbox 1698 5822 1748 5866; x_wconf 91' lang='lat' dir='ltr'>c.</span> <span class='ocrx_word' id='word_1_644' title='bbox 1783 5807 1836 5863; x_wconf 84' lang='lat'><strong>2.</strong></span> 
     </span>
    </p>
   </div>
   <div class='ocr_carea' id='block_1_93' title="bbox 2191 3457 3851 3537">
    <p class='ocr_par' dir='ltr' id='par_1_93' title="bbox 2191 3457 3851 3537">
     <span class='ocr_line' id='line_1_93' title="bbox 2191 3457 3851 3537; baseline 0.003 -25"><span class='ocrx_word' id='word_1_645' title='bbox 2191 3457 2403 3532; x_wconf 83' lang='grc' dir='ltr'>οὐρανῷ</span> <span class='ocrx_word' id='word_1_646' title='bbox 2476 3459 2772 3534; x_wconf 81' lang='grc' dir='ltr'>φαινόμενα</span> <span class='ocrx_word' id='word_1_647' title='bbox 2843 3463 3033 3514; x_wconf 91' lang='grc' dir='ltr'>τοῦτον</span> <span class='ocrx_word' id='word_1_648' title='bbox 3110 3459 3226 3536; x_wconf 83' lang='grc' dir='ltr'>ἔχει</span> <span class='ocrx_word' id='word_1_649' title='bbox 3282 3462 3372 3515; x_wconf 88' lang='grc' dir='ltr'>τὸν</span> <span class='ocrx_word' id='word_1_650' title='bbox 3420 3460 3650 3537; x_wconf 88' lang='grc' dir='ltr'>τρόπον.</span> <span class='ocrx_word' id='word_1_651' title='bbox 3720 3465 3851 3517; x_wconf 74' lang='grc' dir='ltr'>Καθ’</span> 
     </span>
    </p>
   </div>
   <div class='ocr_carea' id='block_1_94' title="bbox 2192 3547 3849 3624">
    <p class='ocr_par' dir='ltr' id='par_1_94' title="bbox 2192 3547 3849 3624">
     <span class='ocr_line' id='line_1_94' title="bbox 2192 3547 3849 3624; baseline 0.002 -23"><span class='ocrx_word' id='word_1_652' title='bbox 2192 3547 2477 3601; x_wconf 82' lang='grc' dir='ltr'>ὑπόστασιν</span> <span class='ocrx_word' id='word_1_653' title='bbox 2543 3548 2636 3620; x_wconf 74' lang='grc' dir='ltr'>μὲν</span> <span class='ocrx_word' id='word_1_654' title='bbox 2695 3549 2796 3624; x_wconf 87' lang='grc' dir='ltr'>γάρ</span> <span class='ocrx_word' id='word_1_655' title='bbox 2855 3548 2985 3603; x_wconf 81' lang='grc' dir='ltr'>εἰσιν</span> <span class='ocrx_word' id='word_1_656' title='bbox 3047 3547 3106 3602; x_wconf 76' lang='grc' dir='ltr'>οἷ’</span> <span class='ocrx_word' id='word_1_657' title='bbox 3155 3570 3214 3604; x_wconf 91' lang='grc' dir='ltr'>τε</span> <span class='ocrx_word' id='word_1_658' title='bbox 3269 3547 3574 3620; x_wconf 76' lang='grc' dir='ltr'>διᾴττοντες</span> <span class='ocrx_word' id='word_1_659' title='bbox 3633 3551 3736 3606; x_wconf 66' lang='grc' dir='ltr'>καὶ</span> <span class='ocrx_word' id='word_1_660' title='bbox 3797 3554 3849 3606; x_wconf 68' lang='grc' dir='ltr'>οἱ</span> 
     </span>
    </p>
   </div>
   <div class='ocr_carea' id='block_1_95' title="bbox 2188 3633 3851 3715">
    <p class='ocr_par' dir='ltr' id='par_1_95' title="bbox 2188 3633 3851 3715">
     <span class='ocr_line' id='line_1_95' title="bbox 2188 3633 3851 3715; baseline 0.004 -26"><span class='ocrx_word' id='word_1_661' title='bbox 2188 3641 2426 3707; x_wconf 82' lang='grc' dir='ltr'>κομῆται</span> <span class='ocrx_word' id='word_1_662' title='bbox 2484 3635 2573 3690; x_wconf 82' lang='grc' dir='ltr'>καὶ</span> <span class='ocrx_word' id='word_1_663' title='bbox 2629 3636 2697 3690; x_wconf 80' lang='grc' dir='ltr'>τὰ</span> <span class='ocrx_word' id='word_1_664' title='bbox 2748 3633 2980 3713; x_wconf 87' lang='grc' dir='ltr'>διάφορα</span> <span class='ocrx_word' id='word_1_665' title='bbox 3038 3637 3187 3692; x_wconf 84' lang='grc' dir='ltr'>σέλα·</span> <span class='ocrx_word' id='word_1_666' title='bbox 3241 3639 3358 3692; x_wconf 81' lang='grc' dir='ltr'>κατ’</span> <span class='ocrx_word' id='word_1_667' title='bbox 3447 3637 3684 3715; x_wconf 75' lang='grc' dir='ltr'>ἔμφασιν</span> <span class='ocrx_word' id='word_1_668' title='bbox 3771 3638 3851 3710; x_wconf 80' lang='grc' dir='ltr'>δὶ,</span> 
     </span>
    </p>
   </div>
   <div class='ocr_carea' id='block_1_96' title="bbox 2190 3721 3852 3802">
    <p class='ocr_par' dir='ltr' id='par_1_96' title="bbox 2190 3721 3852 3802">
     <span class='ocr_line' id='line_1_96' title="bbox 2190 3721 3852 3802; baseline 0.004 -24"><span class='ocrx_word' id='word_1_669' title='bbox 2190 3723 2340 3786; x_wconf 79' lang='grc' dir='ltr'>ἅλως</span> <span class='ocrx_word' id='word_1_670' title='bbox 2395 3744 2453 3778; x_wconf 92' lang='grc' dir='ltr'>τε</span> <span class='ocrx_word' id='word_1_671' title='bbox 2511 3725 2600 3778; x_wconf 83' lang='grc' dir='ltr'>καὶ</span> <span class='ocrx_word' id='word_1_672' title='bbox 2658 3721 2764 3800; x_wconf 84' lang='grc' dir='ltr'>ἷ¹ρις</span> <span class='ocrx_word' id='word_1_673' title='bbox 2822 3726 2912 3779; x_wconf 82' lang='grc' dir='ltr'>καὶ</span> <span class='ocrx_word' id='word_1_674' title='bbox 2973 3721 3164 3802; x_wconf 82' lang='grc' dir='ltr'>ῥάϐδοι</span> <span class='ocrx_word' id='word_1_675' title='bbox 3213 3726 3405 3781; x_wconf 82' lang='grc' dir='ltr'>καὶτὰ</span> <span class='ocrx_word' id='word_1_676' title='bbox 3453 3725 3852 3802; x_wconf 73' lang='grc' dir='ltr'>παραπλήσια.</span> 
     </span>
    </p>
   </div>
   <div class='ocr_carea' id='block_1_97' title="bbox 2191 3812 3851 3892">
    <p class='ocr_par' dir='ltr' id='par_1_97' title="bbox 2191 3812 3851 3892">
     <span class='ocr_line' id='line_1_97' title="bbox 2191 3812 3851 3892; baseline 0.002 -26"><span class='ocrx_word' id='word_1_677' title='bbox 2191 3812 2288 3866; x_wconf 84' lang='grc' dir='ltr'>Καὶ</span> <span class='ocrx_word' id='word_1_678' title='bbox 2347 3812 2450 3888; x_wconf 80' lang='grc' dir='ltr'>γὰρ</span> <span class='ocrx_word' id='word_1_679' title='bbox 2508 3813 2795 3890; x_wconf 83' lang='grc' dir='ltr'>φαντασίαν</span> <span class='ocrx_word' id='word_1_680' title='bbox 2857 3813 3171 3890; x_wconf 86' lang='grc' dir='ltr'>χρωμάτων</span> <span class='ocrx_word' id='word_1_681' title='bbox 3227 3836 3285 3870; x_wconf 89' lang='grc' dir='ltr'>τε</span> <span class='ocrx_word' id='word_1_682' title='bbox 3358 3816 3448 3871; x_wconf 77' lang='grc' dir='ltr'>καὶ</span> <span class='ocrx_word' id='word_1_683' title='bbox 3525 3821 3851 3892; x_wconf 75' lang='grc' dir='ltr'>σχημάτων</span> 
     </span>
    </p>
   </div>
   <div class='ocr_carea' id='block_1_98' title="bbox 2188 3899 3853 3981">
    <p class='ocr_par' dir='ltr' id='par_1_98' title="bbox 2188 3899 3853 3981">
     <span class='ocr_line' id='line_1_98' title="bbox 2188 3899 3853 3981; baseline 0.004 -26"><span class='ocrx_word' id='word_1_684' title='bbox 2188 3899 2493 3956; x_wconf 85' lang='grc' dir='ltr'>πολυειδῶν</span> <span class='ocrx_word' id='word_1_685' title='bbox 2527 3899 2746 3956; x_wconf 89' lang='grc' dir='ltr'>δίδωσιν</span> <span class='ocrx_word' id='word_1_686' title='bbox 2779 3905 2916 3976; x_wconf 81' lang='grc' dir='ltr'>ἡμῖν</span> <span class='ocrx_word' id='word_1_687' title='bbox 2946 3903 2973 3956; x_wconf 92' lang='lat'>6</span> <span class='ocrx_word' id='word_1_688' title='bbox 3006 3903 3111 3978; x_wconf 81' lang='grc' dir='ltr'>ἀὴρ</span> <span class='ocrx_word' id='word_1_689' title='bbox 3160 3901 3454 3981; x_wconf 89' lang='grc' dir='ltr'>δεχόμενος</span> <span class='ocrx_word' id='word_1_690' title='bbox 3512 3905 3853 3968; x_wconf 78' lang='grc' dir='ltr'>ἀνακλάσεις</span> 
     </span>
    </p>
   </div>
   <div class='ocr_carea' id='block_1_99' title="bbox 2187 3986 3854 4069">
    <p class='ocr_par' dir='ltr' id='par_1_99' title="bbox 2187 3986 3854 4069">
     <span class='ocr_line' id='line_1_99' title="bbox 2187 3986 3854 4069; baseline 0.004 -24"><span class='ocrx_word' id='word_1_691' title='bbox 2187 3995 2284 4045; x_wconf 91' lang='grc' dir='ltr'>τοῦ</span> <span class='ocrx_word' id='word_1_692' title='bbox 2333 4011 2393 4045; x_wconf 90' lang='grc' dir='ltr'>τε</span> <span class='ocrx_word' id='word_1_693' title='bbox 2451 3991 2628 4068; x_wconf 88' lang='grc' dir='ltr'>φωτὸς</span> <span class='ocrx_word' id='word_1_694' title='bbox 2685 3993 2776 4046; x_wconf 85' lang='grc' dir='ltr'>καὶ</span> <span class='ocrx_word' id='word_1_695' title='bbox 2827 3999 2929 4060; x_wconf 86' lang='grc' dir='ltr'>τῆς</span> <span class='ocrx_word' id='word_1_696' title='bbox 2978 3986 3174 4066; x_wconf 71' lang='grc' dir='ltr'>ὅψεωςο</span> <span class='ocrx_word' id='word_1_697' title='bbox 3209 3993 3424 4069; x_wconf 80' lang='grc' dir='ltr'>ἐπείπερ</span> <span class='ocrx_word' id='word_1_698' title='bbox 3455 3997 3490 4064; x_wconf 81' lang='grc' dir='ltr'>ἡ</span> <span class='ocrx_word' id='word_1_699' title='bbox 3522 3989 3653 4068; x_wconf 72' lang='grc' dir='ltr'>ὄψις</span> <span class='ocrx_word' id='word_1_700' title='bbox 3721 3996 3854 4052; x_wconf 76' lang='grc' dir='ltr'>ὅταν</span> 
     </span>
    </p>
   </div>
   <div class='ocr_carea' id='block_1_100' title="bbox 2189 4079 3856 4164">
    <p class='ocr_par' dir='ltr' id='par_1_100' title="bbox 2189 4079 3856 4164">
     <span class='ocr_line' id='line_1_100' title="bbox 2189 4079 3856 4164; baseline 0.011 -36"><span class='ocrx_word' id='word_1_701' title='bbox 2189 4079 2400 4155; x_wconf 75' lang='grc' dir='ltr'>ἐνεργῇ,</span> <span class='ocrx_word' id='word_1_702' title='bbox 2437 4081 2571 4154; x_wconf 88' lang='grc' dir='ltr'>μετὰ</span> <span class='ocrx_word' id='word_1_703' title='bbox 2595 4085 2691 4134; x_wconf 90' lang='grc' dir='ltr'>τοῦ</span> <span class='ocrx_word' id='word_1_704' title='bbox 2730 4080 2908 4158; x_wconf 90' lang='grc' dir='ltr'>φωτός</span> <span class='ocrx_word' id='word_1_705' title='bbox 2941 4079 3049 4135; x_wconf 87' lang='grc' dir='ltr'>ἐστι</span> <span class='ocrx_word' id='word_1_706' title='bbox 3097 4082 3189 4136; x_wconf 87' lang='grc' dir='ltr'>καὶ</span> <span class='ocrx_word' id='word_1_707' title='bbox 3241 4081 3332 4138; x_wconf 74' lang='grc' dir='ltr'>σὺν</span> <span class='ocrx_word' id='word_1_708' title='bbox 3382 4087 3462 4156; x_wconf 79' lang='grc' dir='ltr'>τῷ</span> <span class='ocrx_word' id='word_1_709' title='bbox 3517 4086 3666 4161; x_wconf 86' lang='grc' dir='ltr'>φωτί</span> <span class='ocrx_word' id='word_1_710' title='bbox 3734 4091 3856 4164; x_wconf 76' lang='grc' dir='ltr'>φῶς</span> 
     </span>
    </p>
   </div>
   <div class='ocr_carea' id='block_1_101' title="bbox 2191 4165 3188 4240">
    <p class='ocr_par' dir='ltr' id='par_1_101' title="bbox 2191 4165 3188 4240">
     <span class='ocr_line' id='line_1_101' title="bbox 2191 4165 3188 4240; baseline 0.002 -18"><span class='ocrx_word' id='word_1_711' title='bbox 2191 4165 2322 4222; x_wconf 82' lang='grc' dir='ltr'>οῦσα</span> <span class='ocrx_word' id='word_1_712' title='bbox 2350 4167 2438 4222; x_wconf 85' lang='grc' dir='ltr'>καὶ</span> <span class='ocrx_word' id='word_1_713' title='bbox 2469 4167 2632 4238; x_wconf 76' lang='grc' dir='ltr'>αὕτη,</span> <span class='ocrx_word' id='word_1_714' title='bbox 2650 4169 2829 4231; x_wconf 82' lang='grc' dir='ltr'>καθὼς</span> <span class='ocrx_word' id='word_1_715' title='bbox 2862 4166 3188 4240; x_wconf 80' lang='grc' dir='ltr'>δεδήλωται.</span> 
     </span>
    </p>
   </div>
   <div class='ocr_carea' id='block_1_102' title="bbox 2262 4344 3856 4423">
    <p class='ocr_par' dir='ltr' id='par_1_102' title="bbox 2262 4344 3856 4423">
     <span class='ocr_line' id='line_1_102' title="bbox 2262 4344 3856 4423; baseline 0.004 -23"><span class='ocrx_word' id='word_1_716' title='bbox 2262 4352 2455 4416; x_wconf 71' lang='grc' dir='ltr'>ιη’-κοί.</span> <span class='ocrx_word' id='word_1_717' title='bbox 2486 4347 2584 4400; x_wconf 83' lang='grc' dir='ltr'>Καὶ</span> <span class='ocrx_word' id='word_1_718' title='bbox 2642 4354 2740 4416; x_wconf 85' lang='grc' dir='ltr'>τῆς</span> <span class='ocrx_word' id='word_1_719' title='bbox 2791 4344 2910 4401; x_wconf 83' lang='grc' dir='ltr'>ἅλω</span> <span class='ocrx_word' id='word_1_720' title='bbox 2949 4347 3125 4404; x_wconf 91' lang='grc' dir='ltr'>τοίνυν</span> <span class='ocrx_word' id='word_1_721' title='bbox 3157 4345 3327 4404; x_wconf 66' lang='grc' dir='ltr'>αίίτιον</span> <span class='ocrx_word' id='word_1_722' title='bbox 3360 4353 3394 4419; x_wconf 84' lang='grc' dir='ltr'><strong>ἡ</strong></span> <span class='ocrx_word' id='word_1_723' title='bbox 3427 4350 3657 4423; x_wconf 81' lang='grc' dir='ltr'>τοιαύτη</span> <span class='ocrx_word' id='word_1_724' title='bbox 3725 4353 3856 4408; x_wconf 82' lang='grc' dir='ltr'>ἀνά-</span> 
     </span>
    </p>
   </div>
   <div class='ocr_carea' id='block_1_103' title="bbox 2189 4432 3850 4512">
    <p class='ocr_par' dir='ltr' id='par_1_103' title="bbox 2189 4432 3850 4512">
     <span class='ocr_line' id='line_1_103' title="bbox 2189 4432 3850 4512; baseline 0.002 -22"><span class='ocrx_word' id='word_1_725' title='bbox 2189 4434 2379 4498; x_wconf 85' lang='grc' dir='ltr'>κλασις</span> <span class='ocrx_word' id='word_1_726' title='bbox 2436 4432 2674 4509; x_wconf 87' lang='grc' dir='ltr'>λέγεται.</span> <span class='ocrx_word' id='word_1_727' title='bbox 2731 4435 3056 4492; x_wconf 80' lang='grc' dir='ltr'>’Δνακλᾶται</span> <span class='ocrx_word' id='word_1_728' title='bbox 3108 4437 3211 4512; x_wconf 81' lang='grc' dir='ltr'>γὰρ</span> <span class='ocrx_word' id='word_1_729' title='bbox 3266 4441 3301 4508; x_wconf 76' lang='grc' dir='ltr'><strong>ἡ</strong></span> <span class='ocrx_word' id='word_1_730' title='bbox 3360 4434 3482 4512; x_wconf 72' lang='grc' dir='ltr'>ὄψις</span> <span class='ocrx_word' id='word_1_731' title='bbox 3543 4442 3692 4512; x_wconf 84' lang='grc' dir='ltr'>μετὰ</span> <span class='ocrx_word' id='word_1_732' title='bbox 3753 4446 3850 4496; x_wconf 86' lang='grc' dir='ltr'>τοῦ</span> 
     </span>
    </p>
   </div>
   <div class='ocr_carea' id='block_1_104' title="bbox 2190 4521 3853 4601">
    <p class='ocr_par' dir='ltr' id='par_1_104' title="bbox 2190 4521 3853 4601">
     <span class='ocr_line' id='line_1_104' title="bbox 2190 4521 3853 4601; baseline 0.004 -23"><span class='ocrx_word' id='word_1_733' title='bbox 2190 4525 2367 4601; x_wconf 84' lang='grc' dir='ltr'>φωτὸς</span> <span class='ocrx_word' id='word_1_734' title='bbox 2396 4523 2501 4577; x_wconf 92' lang='grc' dir='ltr'>ἀπό</span> <span class='ocrx_word' id='word_1_735' title='bbox 2531 4544 2589 4578; x_wconf 91' lang='grc' dir='ltr'>τε</span> <span class='ocrx_word' id='word_1_736' title='bbox 2619 4521 2811 4586; x_wconf 80' lang='grc' dir='ltr'>ὕδατος</span> <span class='ocrx_word' id='word_1_737' title='bbox 2861 4525 2950 4579; x_wconf 87' lang='grc' dir='ltr'>καὶ</span> <span class='ocrx_word' id='word_1_738' title='bbox 2999 4525 3158 4600; x_wconf 82' lang='grc' dir='ltr'>ἀέρος</span> <span class='ocrx_word' id='word_1_739' title='bbox 3215 4531 3416 4581; x_wconf 90' lang='grc' dir='ltr'>πυκνοῦ</span> <span class='ocrx_word' id='word_1_740' title='bbox 3476 4527 3568 4581; x_wconf 85' lang='grc' dir='ltr'>καὶ</span> <span class='ocrx_word' id='word_1_741' title='bbox 3623 4531 3853 4584; x_wconf 81' lang='grc' dir='ltr'>πάντων</span> 
     </span>
    </p>
   </div>
   <div class='ocr_carea' id='block_1_105' title="bbox 2187 4611 3852 4692">
    <p class='ocr_par' dir='ltr' id='par_1_105' title="bbox 2187 4611 3852 4692">
     <span class='ocr_line' id='line_1_105' title="bbox 2187 4611 3852 4692; baseline 0.001 -24"><span class='ocrx_word' id='word_1_742' title='bbox 2187 4618 2293 4668; x_wconf 79' lang='grc' dir='ltr'>τῶν</span> <span class='ocrx_word' id='word_1_743' title='bbox 2355 4612 2593 4688; x_wconf 80' lang='grc' dir='ltr'>ἐχόντων</span> <span class='ocrx_word' id='word_1_744' title='bbox 2654 4611 2801 4668; x_wconf 87' lang='grc' dir='ltr'>λείαν</span> <span class='ocrx_word' id='word_1_745' title='bbox 2859 4615 2958 4682; x_wconf 77' lang='grc' dir='ltr'>τήν</span> <span class='ocrx_word' id='word_1_746' title='bbox 3027 4614 3357 4692; x_wconf 83' lang='grc' dir='ltr'>ἐπιφάνειαν.</span> <span class='ocrx_word' id='word_1_747' title='bbox 3427 4615 3663 4671; x_wconf 85' lang='grc' dir='ltr'>Ὁπόταν</span> <span class='ocrx_word' id='word_1_748' title='bbox 3737 4617 3852 4686; x_wconf 73' lang='grc' dir='ltr'>οὖν,</span> 
     </span>
    </p>
   </div>
   <div class='ocr_carea' id='block_1_106' title="bbox 2189 4699 3851 4785">
    <p class='ocr_par' dir='ltr' id='par_1_106' title="bbox 2189 4699 3851 4785">
     <span class='ocr_line' id='line_1_106' title="bbox 2189 4699 3851 4785; baseline 0.003 -29"><span class='ocrx_word' id='word_1_749' title='bbox 2189 4699 2415 4775; x_wconf 87' lang='grc' dir='ltr'>ἀτμίδος</span> <span class='ocrx_word' id='word_1_750' title='bbox 2475 4701 2852 4776; x_wconf 80' lang='grc' dir='ltr'>ἀνενεχθείσης</span> <span class='ocrx_word' id='word_1_751' title='bbox 2925 4701 3014 4757; x_wconf 80' lang='grc' dir='ltr'>καὶ</span> <span class='ocrx_word' id='word_1_752' title='bbox 3071 4705 3456 4777; x_wconf 85' lang='grc' dir='ltr'>συνισταμένης</span> <span class='ocrx_word' id='word_1_753' title='bbox 3513 4705 3596 4767; x_wconf 76' lang='grc' dir='ltr'>εἷς</span> <span class='ocrx_word' id='word_1_754' title='bbox 3656 4707 3851 4785; x_wconf 80' lang='grc' dir='ltr'>νέφος,</span> 
     </span>
    </p>
   </div>
   <div class='ocr_carea' id='block_1_107' title="bbox 2187 4789 3852 4868">
    <p class='ocr_par' dir='ltr' id='par_1_107' title="bbox 2187 4789 3852 4868">
     <span class='ocr_line' id='line_1_107' title="bbox 2187 4789 3852 4868; baseline 0.002 -22"><span class='ocrx_word' id='word_1_755' title='bbox 2187 4789 2405 4863; x_wconf 82' lang='grc' dir='ltr'>ὁμαλὴς</span> <span class='ocrx_word' id='word_1_756' title='bbox 2449 4793 2484 4860; x_wconf 79' lang='grc' dir='ltr'><strong>ἡ</strong></span> <span class='ocrx_word' id='word_1_757' title='bbox 2537 4789 2786 4852; x_wconf 91' lang='grc' dir='ltr'>σύστασις</span> <span class='ocrx_word' id='word_1_758' title='bbox 2847 4791 3068 4866; x_wconf 88' lang='grc' dir='ltr'>γένηται</span> <span class='ocrx_word' id='word_1_759' title='bbox 3124 4793 3214 4846; x_wconf 88' lang='grc' dir='ltr'>καὶ</span> <span class='ocrx_word' id='word_1_760' title='bbox 3277 4795 3648 4868; x_wconf 72' lang='grc' dir='ltr'>μικρομερὴς,</span> <span class='ocrx_word' id='word_1_761' title='bbox 3685 4816 3852 4850; x_wconf 80' lang='grc' dir='ltr'>τουτ-</span> 
     </span>
    </p>
   </div>
   <div class='ocr_carea' id='block_1_108' title="bbox 2187 4879 3857 4962">
    <p class='ocr_par' dir='ltr' id='par_1_108' title="bbox 2187 4879 3857 4962">
     <span class='ocr_line' id='line_1_108' title="bbox 2187 4879 3857 4962; baseline 0.003 -28"><span class='ocrx_word' id='word_1_762' title='bbox 2187 4881 2328 4934; x_wconf 91' lang='grc' dir='ltr'>έστιν</span> <span class='ocrx_word' id='word_1_763' title='bbox 2404 4879 2463 4934; x_wconf 81' lang='grc' dir='ltr'>ἐκ</span> <span class='ocrx_word' id='word_1_764' title='bbox 2532 4879 2736 4956; x_wconf 89' lang='grc' dir='ltr'>μορίων</span> <span class='ocrx_word' id='word_1_765' title='bbox 2813 4886 3164 4949; x_wconf 82' lang='grc' dir='ltr'>συνεστηκυῖα</span> <span class='ocrx_word' id='word_1_766' title='bbox 3225 4887 3455 4957; x_wconf 76' lang='grc' dir='ltr'>μικρῶνο</span> <span class='ocrx_word' id='word_1_767' title='bbox 3523 4882 3857 4962; x_wconf 81' lang='grc' dir='ltr'>ὑπερφέρη-</span> 
     </span>
    </p>
   </div>
   <div class='ocr_carea' id='block_1_109' title="bbox 2185 4965 3852 5044">
    <p class='ocr_par' dir='ltr' id='par_1_109' title="bbox 2185 4965 3852 5044">
     <span class='ocr_line' id='line_1_109' title="bbox 2185 4965 3852 5044; baseline 0.004 -22"><span class='ocrx_word' id='word_1_768' title='bbox 2185 4990 2272 5022; x_wconf 84' lang='grc' dir='ltr'>ται</span> <span class='ocrx_word' id='word_1_769' title='bbox 2322 4965 2380 5022; x_wconf 70' lang='grc' dir='ltr'>δὲ</span> <span class='ocrx_word' id='word_1_770' title='bbox 2425 4975 2526 5037; x_wconf 86' lang='grc' dir='ltr'>τῆς</span> <span class='ocrx_word' id='word_1_771' title='bbox 2565 4967 2823 5037; x_wconf 82' lang='grc' dir='ltr'>τοιαύτης</span> <span class='ocrx_word' id='word_1_772' title='bbox 2857 4967 3156 5031; x_wconf 83' lang='grc' dir='ltr'>συστάσεως</span> <span class='ocrx_word' id='word_1_773' title='bbox 3189 4971 3216 5024; x_wconf 92' lang='grc' dir='ltr'>ὁ</span> <span class='ocrx_word' id='word_1_774' title='bbox 3249 4968 3431 5042; x_wconf 62' lang='grc' dir='ltr'>⁵ἥλιος,</span> <span class='ocrx_word' id='word_1_775' title='bbox 3463 4970 3498 5039; x_wconf 74' lang='grc' dir='ltr'><strong>ἢ</strong></span> <span class='ocrx_word' id='word_1_776' title='bbox 3533 4969 3785 5044; x_wconf 75' lang='grc' dir='ltr'>σελήνη,</span> <span class='ocrx_word' id='word_1_777' title='bbox 3816 4974 3852 5040; x_wconf 74' lang='grc' dir='ltr'>ἢ</span> 
     </span>
    </p>
   </div>
   <div class='ocr_carea' id='block_1_110' title="bbox 2189 5055 3857 5134">
    <p class='ocr_par' dir='ltr' id='par_1_110' title="bbox 2189 5055 3857 5134">
     <span class='ocr_line' id='line_1_110' title="bbox 2189 5055 3857 5134; baseline 0.001 -22"><span class='ocrx_word' id='word_1_778' title='bbox 2189 5055 2358 5119; x_wconf 82' lang='grc' dir='ltr'>ἄλλος</span> <span class='ocrx_word' id='word_1_779' title='bbox 2412 5077 2495 5118; x_wconf 91' lang='grc' dir='ltr'>τις</span> <span class='ocrx_word' id='word_1_780' title='bbox 2554 5056 2723 5129; x_wconf 81' lang='grc' dir='ltr'>ἀστὴρ</span> <span class='ocrx_word' id='word_1_781' title='bbox 2778 5060 2884 5110; x_wconf 80' lang='grc' dir='ltr'>τῶν</span> <span class='ocrx_word' id='word_1_782' title='bbox 2945 5055 3230 5134; x_wconf 81' lang='grc' dir='ltr'>λαμπρῶν·</span> <span class='ocrx_word' id='word_1_783' title='bbox 3287 5059 3352 5114; x_wconf 88' lang='grc' dir='ltr'>τὸ</span> <span class='ocrx_word' id='word_1_784' title='bbox 3409 5059 3511 5133; x_wconf 73' lang='grc' dir='ltr'>μὰν</span> <span class='ocrx_word' id='word_1_785' title='bbox 3547 5063 3696 5116; x_wconf 78' lang='grc' dir='ltr'>κατᾶ</span> <span class='ocrx_word' id='word_1_786' title='bbox 3759 5064 3857 5130; x_wconf 69' lang='grc' dir='ltr'>τήν</span> 
     </span>
    </p>
   </div>
   <div class='ocr_carea' id='block_1_111' title="bbox 2187 5145 3858 5225">
    <p class='ocr_par' dir='ltr' id='par_1_111' title="bbox 2187 5145 3858 5225">
     <span class='ocr_line' id='line_1_111' title="bbox 2187 5145 3858 5225; baseline 0.003 -24"><span class='ocrx_word' id='word_1_787' title='bbox 2187 5148 2414 5211; x_wconf 78' lang='grc' dir='ltr'>κάθατον</span> <span class='ocrx_word' id='word_1_788' title='bbox 2471 5150 2567 5200; x_wconf 90' lang='grc' dir='ltr'>τοῦ</span> <span class='ocrx_word' id='word_1_789' title='bbox 2628 5145 3061 5222; x_wconf 86' lang='grc' dir='ltr'>ὑπερφερομένου</span> <span class='ocrx_word' id='word_1_790' title='bbox 3134 5149 3386 5222; x_wconf 86' lang='grc' dir='ltr'>σώματος</span> <span class='ocrx_word' id='word_1_791' title='bbox 3457 5148 3664 5225; x_wconf 89' lang='grc' dir='ltr'>γίνεται</span> <span class='ocrx_word' id='word_1_792' title='bbox 3751 5174 3858 5224; x_wconf 88' lang='grc' dir='ltr'>μα-</span> 
     </span>
    </p>
   </div>
   <div class='ocr_carea' id='block_1_112' title="bbox 2185 5233 3861 5311">
    <p class='ocr_par' dir='ltr' id='par_1_112' title="bbox 2185 5233 3861 5311">
     <span class='ocr_line' id='line_1_112' title="bbox 2185 5233 3861 5311; baseline 0.003 -22"><span class='ocrx_word' id='word_1_793' title='bbox 2185 5237 2413 5310; x_wconf 86' lang='grc' dir='ltr'>νώτερον</span> <span class='ocrx_word' id='word_1_794' title='bbox 2469 5235 2556 5290; x_wconf 83' lang='grc' dir='ltr'>καὶ</span> <span class='ocrx_word' id='word_1_795' title='bbox 2619 5233 2942 5311; x_wconf 88' lang='grc' dir='ltr'>λεπτότερον</span> <span class='ocrx_word' id='word_1_796' title='bbox 2995 5235 3302 5311; x_wconf 77' lang='grc' dir='ltr'>ἀναγκαίως</span> <span class='ocrx_word' id='word_1_797' title='bbox 3363 5236 3467 5293; x_wconf 80' lang='grc' dir='ltr'>ὗπδ</span> <span class='ocrx_word' id='word_1_798' title='bbox 3525 5246 3632 5310; x_wconf 85' lang='grc' dir='ltr'>τῆς</span> <span class='ocrx_word' id='word_1_799' title='bbox 3699 5244 3861 5310; x_wconf 73' lang='grc' dir='ltr'>κινή-</span> 
     </span>
    </p>
   </div>
   <div class='ocr_carea' id='block_1_113' title="bbox 2187 5320 3853 5398">
    <p class='ocr_par' dir='ltr' id='par_1_113' title="bbox 2187 5320 3853 5398">
     <span class='ocr_line' id='line_1_113' title="bbox 2187 5320 3853 5398; baseline 0.004 -20"><span class='ocrx_word' id='word_1_800' title='bbox 2187 5346 2321 5386; x_wconf 87' lang='grc' dir='ltr'>σεως</span> <span class='ocrx_word' id='word_1_801' title='bbox 2376 5328 2473 5378; x_wconf 91' lang='grc' dir='ltr'>τοῦ</span> <span class='ocrx_word' id='word_1_802' title='bbox 2554 5321 2772 5398; x_wconf 87' lang='grc' dir='ltr'>ἀστέρος</span> <span class='ocrx_word' id='word_1_803' title='bbox 2859 5320 3290 5397; x_wconf 74' lang='grc' dir='ltr'>διακρινόμενονο</span> <span class='ocrx_word' id='word_1_804' title='bbox 3339 5326 3402 5380; x_wconf 82' lang='grc' dir='ltr'>τὸ</span> <span class='ocrx_word' id='word_1_805' title='bbox 3491 5325 3538 5381; x_wconf 88' lang='grc' dir='ltr'>δ’</span> <span class='ocrx_word' id='word_1_806' title='bbox 3602 5328 3853 5385; x_wconf 77' lang='grc' dir='ltr'>ἐντεῦθεν</span> 
     </span>
    </p>
   </div>
   <div class='ocr_carea' id='block_1_114' title="bbox 2187 5411 3858 5494">
    <p class='ocr_par' dir='ltr' id='par_1_114' title="bbox 2187 5411 3858 5494">
     <span class='ocr_line' id='line_1_114' title="bbox 2187 5411 3858 5494; baseline 0.001 -26"><span class='ocrx_word' id='word_1_807' title='bbox 2187 5411 2338 5469; x_wconf 72' lang='grc' dir='ltr'>οὐδέν</span> <span class='ocrx_word' id='word_1_808' title='bbox 2390 5435 2443 5468; x_wconf 94' lang='grc' dir='ltr'>τι</span> <span class='ocrx_word' id='word_1_809' title='bbox 2491 5413 2690 5486; x_wconf 85' lang='grc' dir='ltr'>πάσχει</span> <span class='ocrx_word' id='word_1_810' title='bbox 2747 5417 3016 5467; x_wconf 89' lang='grc' dir='ltr'>τοιοῦτον.</span> <span class='ocrx_word' id='word_1_811' title='bbox 3065 5414 3150 5484; x_wconf 80' lang='grc' dir='ltr'>Ἐξ</span> <span class='ocrx_word' id='word_1_812' title='bbox 3198 5412 3314 5469; x_wconf 75' lang='grc' dir='ltr'>ἷ¹σου</span> <span class='ocrx_word' id='word_1_813' title='bbox 3374 5413 3431 5470; x_wconf 78' lang='grc' dir='ltr'>δὲ</span> <span class='ocrx_word' id='word_1_814' title='bbox 3484 5415 3670 5488; x_wconf 81' lang='grc' dir='ltr'>πάντη</span> <span class='ocrx_word' id='word_1_815' title='bbox 3728 5420 3858 5494; x_wconf 79' lang='grc' dir='ltr'>περὶ</span> 
     </span>
    </p>
   </div>
   <div class='ocr_carea' id='block_1_115' title="bbox 2185 5499 3862 5580">
    <p class='ocr_par' dir='ltr' id='par_1_115' title="bbox 2185 5499 3862 5580">
     <span class='ocr_line' id='line_1_115' title="bbox 2185 5499 3862 5580; baseline 0.002 -24"><span class='ocrx_word' id='word_1_816' title='bbox 2185 5505 2283 5572; x_wconf 72' lang='grc' dir='ltr'>τὴν</span> <span class='ocrx_word' id='word_1_817' title='bbox 2315 5504 2532 5557; x_wconf 80' lang='grc' dir='ltr'>κάθετον</span> <span class='ocrx_word' id='word_1_818' title='bbox 2576 5501 2872 5576; x_wconf 84' lang='grc' dir='ltr'>γινομένης</span> <span class='ocrx_word' id='word_1_819' title='bbox 2913 5509 3012 5570; x_wconf 79' lang='grc' dir='ltr'>τῆς</span> <span class='ocrx_word' id='word_1_820' title='bbox 3061 5499 3381 5580; x_wconf 88' lang='grc' dir='ltr'>διακρίσεως</span> <span class='ocrx_word' id='word_1_821' title='bbox 3424 5501 3514 5560; x_wconf 81' lang='grc' dir='ltr'>διὰ</span> <span class='ocrx_word' id='word_1_822' title='bbox 3557 5508 3661 5575; x_wconf 74' lang='grc' dir='ltr'>τὴν</span> <span class='ocrx_word' id='word_1_823' title='bbox 3717 5509 3862 5580; x_wconf 80' lang='grc' dir='ltr'>ὁμα-</span> 
     </span>
    </p>
   </div>
   <div class='ocr_carea' id='block_1_116' title="bbox 2187 5589 3861 5671">
    <p class='ocr_par' dir='ltr' id='par_1_116' title="bbox 2187 5589 3861 5671">
     <span class='ocr_line' id='line_1_116' title="bbox 2187 5589 3861 5671; baseline -0.005 -23"><span class='ocrx_word' id='word_1_824' title='bbox 2187 5591 2394 5664; x_wconf 90' lang='grc' dir='ltr'>λότητα</span> <span class='ocrx_word' id='word_1_825' title='bbox 2420 5593 2518 5661; x_wconf 80' lang='grc' dir='ltr'>τῆς</span> <span class='ocrx_word' id='word_1_826' title='bbox 2548 5591 2871 5661; x_wconf 85' lang='grc' dir='ltr'>συστάσεως,</span> <span class='ocrx_word' id='word_1_827' title='bbox 2904 5589 3110 5667; x_wconf 88' lang='grc' dir='ltr'>ἀνάγκη</span> <span class='ocrx_word' id='word_1_828' title='bbox 3169 5592 3230 5647; x_wconf 87' lang='grc' dir='ltr'>τὸ</span> <span class='ocrx_word' id='word_1_829' title='bbox 3287 5593 3456 5671; x_wconf 88' lang='grc' dir='ltr'>πέρας</span> <span class='ocrx_word' id='word_1_830' title='bbox 3515 5601 3621 5666; x_wconf 79' lang='grc' dir='ltr'>τῆς</span> <span class='ocrx_word' id='word_1_831' title='bbox 3679 5595 3861 5652; x_wconf 54' lang='lat' dir='ltr'>iam-</span> 
     </span>
    </p>
   </div>
  </div>
