4024 6456
146 463 282 527 “97

1440 464 1786 528 EPITOME
1830 466 2191 527 PHYSICA.

3366 468 3518 526 1198

141 602 240 658 κῶς
287 593 694 672 διακεκριμένης
745 594 968 669 ἀτμίδος
1026 596 1230 671 γίνεται
1288 595 1510 668 κύκλον,
1571 597 1658 673 ἀφ’
1709 592 1769 651 οῦ

1887 598 2114 670 vaporis
2170 615 2239 654 ex
2297 615 2461 670 aequo
2505 598 2757 653 discussi
2805 598 3088 654 circulum
3138 600 3281 666 ﬁeri,
3315 617 3348 654 a
3403 616 3520 670 quo

137 687 196 741 τὸ
250 683 486 740 ἐπέκεινα
557 691 660 739 πᾶν
739 684 905 759 μέλαν
991 687 1084 758 μὲν
1144 684 1253 740 ἔστι
1316 683 1404 740 διὰ
1449 684 1765 740 πύκνωσιν·

139 774 333 847 ὁμαλὲς
392 771 437 828 δ’
494 772 550 828 ὃν
608 775 700 828 καὶ
762 775 1108 850 μικρομερές,
1163 771 1306 850 ἷίσχει
1345 775 1480 829 κατὰ
1505 775 1602 842 τὴν
1634 775 1772 848 (τοῦ)

135 862 331 919 κύκλου
385 861 726 940 περιφέρειαν
801 864 1078 936 κάτοπτρα
1113 882 1124 893 ⁸
1193 865 1360 938 μικρᾶ
1430 863 1586 918 τόσον
1623 911 1637 936 ,
1696 863 1770 924 ὡς

139 952 266 1006 εἶναι
320 953 434 1007 κατ’
491 949 735 1022 αἴσθησιν
794 953 966 1027 ἀμερῆ
1003 971 1016 984 ·
1075 953 1165 1006 καὶ
1223 953 1396 1006 πυκνὰ
1448 947 1640 1023 τόσον,
1700 951 1772 1012 ὡς

140 1038 348 1118 ἔχεσθαι
395 1038 692 1114 ἀλλήλων,
736 1041 824 1095 καὶ
868 1042 930 1096 τὸ
981 1040 1031 1112 ἐξ
1081 1040 1328 1096 ἁπάντων
1375 1041 1548 1096 αὐτῶν
1599 1038 1774 1095 δοκεῖν

136 1130 191 1184 ἓν
242 1131 477 1206 συνεχὲς.
529 1131 668 1206 Πρὸς
717 1135 882 1185 ταῦτα
929 1135 1054 1205 γοῦν
1099 1130 1166 1184 τὰ
1211 1131 1486 1206 κάτοπτρα
1534 1151 1771 1206 προσπε-

137 1223 295 1274 σοῦσα
353 1220 486 1291 μετὰ
542 1222 639 1273 τοῦ
694 1220 872 1296 φωτὸς
928 1221 963 1288 ἡ
1023 1213 1178 1292 ὄψις,
1236 1217 1326 1273 καὶ
1383 1217 1775 1282 ἀνακλασθεῖσα

136 1309 270 1385 πρὸς
305 1309 393 1363 τὸν
449 1306 832 1382 ὑπερκείμενον
885 1307 1098 1383 ἀστέρα,
1156 1309 1255 1376 τήν
1316 1315 1416 1376 τῆς
1474 1305 1591 1362 ἅλω
1648 1328 1774 1383 φαν-

131 1397 310 1451 τασίαν
357 1401 554 1453 ποιεῖ.
616 1397 700 1451 Ἐν
775 1396 879 1472 γὰρ
936 1401 1052 1457 τοῖς
1125 1397 1434 1471 εἰρημένοις
1495 1393 1773 1472 ἐνόπτροις

138 1484 301 1556 μόνου
346 1489 442 1539 τοῦ
485 1485 809 1562 χρώματος,
857 1483 984 1540 ἀλλ’
1029 1484 1158 1560 οὐχὶ
1201 1485 1290 1538 καὶ
1335 1489 1431 1538 τοῦ
1485 1487 1772 1560 σχήματος

133 1571 357 1651 ἔμφασις
389 1571 614 1647 γίνεται.
668 1579 774 1628 Πᾶν
832 1573 924 1646 μὲν
975 1573 1075 1648 γὰρ
1124 1579 1317 1648 σχῆμα
1361 1569 1657 1648 διαιρετὸν’
1707 1575 1774 1627 τὰ

128 1666 347 1717 τοιαῦτα
397 1659 443 1715 δ’
492 1657 723 1736 ἔνοπτρα
774 1663 912 1738 πρὸς
964 1659 1209 1731 αἶ’σθησιν
1259 1659 1555 1735 ἀδιαίρετα.
1609 1670 1773 1717 Δυνα-

124 1753 220 1806 τὸν
253 1748 296 1805 δ’
318 1749 417 1805 ούκ
446 1748 584 1805 ἔστιν
640 1750 692 1804 ἐν
745 1748 1071 1825 ἀδιαιρέτοις
1119 1749 1466 1828 ἐμφαίνεσθαι
1520 1752 1582 1805 τὸ
1635 1748 1773 1805 διαι-

130 1839 299 1916 ρετόν.
331 1840 482 1903 Ὀθεν
533 1840 596 1894 τὸ
647 1840 740 1910 μὲν
791 1839 1186 1916 ἐμφαινόμενον
1234 1845 1314 1911 τῷ
1361 1837 1550 1911 κύκλῳ
1581 1839 1770 1894 λευκὸν

130 1928 189 1983 ἐν
219 1931 281 2002 τῇ
323 1926 441 2000 ἅλῳ
491 1929 518 1981 6
567 1927 735 2000 ἀστήρ
788 1928 920 1997 ἐστι,
970 1929 1087 1982 καθῗ
1136 1923 1611 2001 ἕκαπονιὸμοίως
1663 1933 1769 1982 τῶν
1805 1966 1850 2031 Β

129 2015 398 2087 ἀλλήλοις
445 2017 804 2091 συγκειμένων
864 2016 1132 2092 ἐνόπτρων
1182 2016 1360 2091 χωρὶς
1405 2021 1502 2071 τοῦ
1551 2019 1771 2091 σχήμα-

126 2126 228 2167 τος
275 2103 687 2182 ἑμφαινόμενος*
745 2104 869 2180 περὶ
927 2102 982 2159 δὲ
1041 2109 1231 2160 τοῦτον
1286 2105 1376 2159 τὸν
1426 2103 1627 2160 κύκλον
1680 2106 1770 2159 τὸν

129 2193 446 2271 φαινόμενον
507 2192 696 2248 λευκὸν
741 2197 776 2262 ἡ
830 2192 1066 2268 ἐχομένη
1118 2195 1431 2272 περιφέρεια
1479 2193 1775 2268 μελαντέρα

128 2282 361 2360 φαίνεται
402 2279 490 2336 διὰ
534 2284 629 2350 τήν
691 2281 896 2337 ἐκείνου
949 2281 1285 2351 λευκότητα.
1349 2284 1507 2344 Ἴσως
1568 2280 1626 2337 δὲ
1683 2283 1772 2338 καὶ

129 2369 220 2425 διά
245 2372 304 2426 τὸ
335 2367 479 2446 ἔχειν
513 2369 742 2449 ἔμφασιν
774 2372 863 2426 καὶ
917 2369 1150 2444 μέλανός
1202 2392 1348 2433 τινος
1400 2372 1504 2426 ἀπὸ
1541 2379 1641 2441 τῆς
1671 2375 1773 2448 γῆς

123 2461 224 2528 τὴν
277 2459 529 2530 τοιαύτην
589 2459 862 2514 σύστασινθ
912 2459 1026 2514 ἐπεὶ
1074 2461 1164 2514 καὶ
1212 2461 1345 2537 πρὸς
1393 2465 1462 2534 τῇ
1511 2465 1584 2535 γῇ
1629 2460 1770 2533 μᾶλ-

127 2547 225 2602 λον
280 2547 478 2623 γίνεται
531 2548 687 2618 αὕτη·
747 2546 883 2603 διότι
933 2569 991 2603 τε
1037 2549 1408 2623 νηνεμώτερος
1457 2550 1484 2603 ὁ
1531 2548 1697 2611 τόπος
1742 2551 1770 2603 ὁ

127 2637 561 2712 προσγειότερος,
613 2638 702 2691 καὶ
750 2638 812 2691 τὸ
861 2642 1075 2710 πνεῦμα
1119 2637 1351 2692 κωλύειν
1404 2635 1621 2692 δύναται
1666 2639 1764 2705 τὴν

126 2733 225 2795 τῆς
281 2725 683 2799 ἀναθυμιάσεως
737 2726 1003 2795 σύστασιν,
1063 2726 1114 2780 ἐν
1165 2725 1201 2799 ᾖ
1258 2727 1324 2780 τὰ
1378 2728 1654 2802 κάτοπτρα
1701 2727 1768 2781 τὰ

126 2815 189 2869 τὸ
242 2818 444 2890 χρῶμα
495 2817 593 2868 τοῦ
649 2814 871 2888 ἀστέρος
916 2814 1279 2892 ἐμφαίνοντα’
1330 2814 1426 2870 κᾶν
1482 2817 1556 2887 μὴ
1607 2817 1769 2870 καθα-

129 2908 236 2978 ρῶς
292 2901 616 2980 ἐμφαίνωσιν
675 2903 826 2974 αὑτὸ,
888 2901 1018 2976 μηδ’
1071 2901 1399 2979 εἰλικρινῶς,
1451 2900 1601 2958 οὐδὲν
1644 2906 1768 2958 θαυ-

130 2991 346 3065 μαστόνο
405 2989 625 3067 ἐπείπερ
677 2990 738 3046 ού
787 2989 1014 3046 πάντοτε
1059 2991 1245 3046 ὁποῖόν
1296 2991 1404 3046 ἐστι
1455 2994 1516 3046 τὸ
1565 2997 1771 3069 χρῶμα

122 3085 221 3136 τοῦ
252 3082 348 3157 ὁρα
377 3085 461 3147 οῦ,
509 3085 755 3135 τοιοῦτον
804 3080 899 3135 κάν
938 3086 1060 3142 τοῖς
1110 3080 1390 3153 ἐνόπτροις
1433 3080 1765 3159 ἐμφαίνεται.

128 3170 352 3224 Δυνατὸν
409 3171 510 3244 γὰρ
562 3167 820 3242 λαμπροῦ
876 3174 978 3223 τοῦ
1044 3170 1324 3243 ὁρωμένου
1381 3172 1766 3245 τυγχάνοντος,

135 3255 362 3312 ἀλλοίου
417 3257 656 3331 γενέσθαι
709 3257 1004 3333 χρώματος
1061 3255 1308 3334 ἔμφασιν·
1356 3258 1392 3326 ἢ
1442 3256 1531 3313 διὰ
1574 3260 1636 3313 τὸ
1687 3260 1762 3331 μὴ

132 3343 382 3420 λαμπρὸν
432 3345 560 3400 εἶναι
609 3347 670 3400 τὸ
718 3343 1015 3420 ἔνοπτρον,
1065 3346 1340 3401 κάντεῦθεν
1393 3344 1481 3400 διὰ
1520 3354 1620 3416 τῆς
1674 3347 1763 3420 μί·
1798 3329 1839 3396 C-

123 3435 259 3505 ξεως
285 3438 378 3488 τοῦ
407 3435 606 3490 οἰκείου
655 3435 955 3511 χρώματος
1000 3435 1294 3490 συνθολοῦν
1343 3436 1407 3490 τὸ
1445 3441 1649 3511 χρῶμα
1674 3441 1770 3490 τοῦ

120 3524 350 3599 ὁρατοῦο
408 3523 442 3592 ἢ
501 3523 590 3578 καὶ
649 3522 738 3578 διὰ
785 3525 885 3593 τήν
937 3530 1037 3593 τῆς
1096 3524 1313 3598 ὁρώσης
1383 3519 1558 3597 ὅψεως
1617 3525 1769 3578 ἀσθέ-

114 3632 285 3670 νειαν.

192 3790 279 3864 κβ’
312 3831 324 3842 .
387 3789 641 3844 Φαίνεται
704 3786 750 3844 δ’
804 3792 839 3859 ἡ
901 3789 1048 3852 ἅλως
1107 3789 1196 3845 καὶ
1252 3789 1461 3864 νύκτωρ
1513 3791 1601 3845 καὶ
1658 3792 1773 3862 μεθ’

121 3878 354 3954 ἡμέραν·
414 3879 548 3934 ποτὲ
607 3879 700 3952 μὲν
753 3877 956 3940 κύκλος
1017 3877 1350 3955 ὁλόκληρος,
1409 3878 1532 3934 ὅταν
1590 3879 1679 3934 καὶ
1734 3881 1769 3948 ἠ

120 3965 378 4028 σύστασις
432 3967 576 4042 τύχῃ
631 3964 912 4028 παντελῶς
969 3967 1218 4039 ὁμαλής·
1278 3969 1409 4022 ποτὲ
1465 3966 1522 4022 δὲ
1576 3974 1773 4041 τμῆμα

115 4054 355 4126 κύκλου,
406 4054 530 4110 ὅταν
585 4053 844 4126 δηλονότι
895 4053 1035 4129 μηδὲ
1081 4057 1217 4111 κατά
1257 4063 1358 4113 πᾶν
1395 4056 1557 4131 μέρος
1588 4059 1622 4125 ἡ
1655 4077 1772 4110 τοι-

113 4143 261 4213 αύτη
294 4143 542 4207 σύστασις
574 4144 814 4218 ὁμαλής.

192 4323 294 4398 κγ’.
330 4323 532 4378 Ἐνίοτε
585 4323 678 4396 μὲν
734 4321 824 4378 οῦν
871 4325 906 4392 ἠ
958 4322 1106 4386 ἄλως
1159 4321 1464 4379 διασπᾶταν
1517 4324 1687 4380 ἐνίοτε
1716 4322 1775 4379 δὲ

114 4407 466 4485 μαραίνεται’
515 4409 604 4464 ὁτὲ
662 4407 720 4464 δὲ
779 4407 990 4483 μᾶλλον
1049 4410 1370 4468 συνίσταται.
1429 4413 1526 4466 Καὶ
1583 4415 1618 4482 ἡ
1678 4413 1770 4485 μὲν

113 4494 390 4553 ἐπιπλέον
422 4505 522 4568 τῆς
553 4497 671 4554 ἅλω
718 4499 966 4560 σύστασις
1017 4496 1210 4561 ὕδατος
1260 4499 1517 4575 τυγχάνει
1550 4506 1776 4574 σημεῖον

110 4584 322 4663 (δῆλον
383 4587 486 4663 γὰρ
546 4585 630 4642 ὅτι
677 4592 966 4642 πυκνοῦται
1031 4586 1243 4661 μᾶλλον
1289 4589 1353 4643 τὸ
1399 4587 1600 4667 νέφος)·
1651 4593 1685 4659 ἡ
1719 4587 1777 4644 δὲ

1881 686 2160 758 quicquid
2203 687 2357 743 ultra
2398 692 2507 752 est,
2542 689 2695 743 234
2727 692 2960 759 propter
3005 688 3521 744 condensationem

1882 776 2118 845 quidem
2156 776 2386 848 nigrum
2419 781 2509 832 est
2541 794 2552 830 :
2589 777 2688 831 sed
2720 792 2854 831 cum
2889 777 3210 847 ipsummet
3239 776 3522 848 aquabile

1883 864 1979 930 sit,
2013 869 2070 918 et
2093 864 2432 936 exiguarum
2466 865 2741 936 partium,
2769 867 2941 936 juxta
2971 865 3173 920 circuli
3216 865 3523 920 circumfe-

1882 953 2128 1008 rentiam
2159 955 2398 1024 specula
2437 953 2860 1024 complectitur,
2895 953 3109 1025 partim
3159 957 3281 1009 tam
3324 969 3521 1025 parva,
3553 968 3567 984 °

1884 1043 1946 1094 ut
1994 1041 2185 1112 quoad
2239 1058 2479 1096 sensum
2527 1042 2645 1096 sint
2692 1041 2947 1112 partium
2979 1042 3274 1113 expertia;
3310 1041 3523 1113 partim

1880 1132 2000 1182 tam
2055 1129 2257 1194 densa,
2306 1135 2372 1184 ut
2423 1130 2668 1185 invicem
2725 1130 3072 1197 cohaereant,
3130 1134 3187 1186 et
3245 1132 3398 1202 quod
3457 1147 3527 1185 ex

1881 1216 2026 1287 ipsis
2049 1219 2325 1274 omnibus
2347 1219 2853 1286 conﬁatur,unum
2876 1219 3220 1275 continuum
3237 1219 3522 1276 videatur.

1884 1306 1946 1360 In
1974 1305 2093 1362 haec
2126 1307 2301 1377 igitur
2330 1306 2566 1379 specula
2593 1307 2754 1363 visus
2784 1307 3033 1379 illapsus
3062 1324 3199 1363 cum
3227 1307 3448 1363 lumine
3470 1312 3526 1364 et

1883 1395 1953 1450 ad
2009 1395 2595 1467 superimminentem
2654 1395 2885 1452 stellam
2943 1397 3249 1465 refractus,
3299 1414 3525 1453 coronae

1883 1484 2130 1555 speciem
2162 1485 2357 1541 efﬁcit.
2393 1486 2455 1540 In
2489 1486 2662 1540 dictis
2701 1485 2856 1540 enim
2906 1485 3158 1557 speculis
3210 1485 3393 1542 solius
3423 1503 3522 1543 co-

1882 1572 2042 1640 loris,
2093 1591 2209 1628 non
2257 1575 2453 1646 ﬁguras
2496 1574 2780 1646 apparitio
2831 1575 3035 1630 oritur.
3069 1575 3294 1646 Quippe
3333 1575 3524 1631 omnis

1884 1661 2073 1730 ﬁgura
2101 1670 2190 1717 est
2219 1663 2472 1718 dividua.
2498 1668 2572 1716 At
2603 1663 2892 1733 ejusmodi
2923 1663 3156 1734 specula
3177 1665 3367 1734 quoad
3392 1680 3522 1720 sen-

1883 1767 2015 1805 sum
2054 1750 2336 1806 divisione
2384 1756 2600 1807 carent.
2635 1752 2781 1807 Fieri
2813 1756 3009 1807 autem
3053 1769 3168 1808 non
3217 1757 3429 1824 potest,
3461 1756 3527 1808 ut

1885 1840 1942 1893 in
1976 1838 2046 1894 iis
2077 1856 2202 1910 quas
2237 1839 2538 1895 divisionis
2571 1845 2710 1895 sunt
2756 1840 3030 1911 expertia,
3065 1841 3366 1896 dividuum
3418 1859 3524 1914 ap-

1883 1933 2100 1998 pareat.
2126 1928 2289 1983 Unde
2311 1928 2504 2000 ipsum
2537 1928 2735 1984 album
2769 1929 3003 2000 quidem
3036 1930 3187 2000 quod
3223 1930 3279 1984 in
3314 1946 3527 1986 corona

1884 2023 2146 2087 apparet,
2178 2017 2344 2072 stella
2395 2023 2518 2083 est;
2571 2035 2697 2089 quzs
2746 2017 3016 2073 similiter
3063 2019 3123 2073 in
3173 2036 3528 2092 unoquoque

1885 2106 1993 2162 sibi
2027 2106 2270 2164 invicem
2303 2111 2842 2179 coagmentatorum
2875 2107 3245 2178 speculorum
3295 2109 3420 2163 sine
3460 2109 3528 2163 ﬁ-

1884 2211 2029 2266 gura
2058 2201 2316 2267 apparet.
2350 2196 2484 2259 Quae
2514 2213 2646 2252 vero
2679 2195 2759 2250 illi
2792 2197 3090 2268 apparenti
3141 2195 3271 2252 albo
3312 2197 3528 2254 circulo

1883 2285 2197 2355 conjuncta
2229 2290 2317 2341 est
2345 2285 2835 2356 circumferentia,
2869 2291 3106 2357 propter
3151 2285 3339 2358 ipsius
3390 2287 3525 2357 [cir-

1882 2372 1997 2428 culi
2037 2374 2199 2445 puta]
2259 2372 2588 2428 albedinem
2646 2373 2868 2444 nigrior
2922 2376 3181 2445 apparet.
3237 2373 3522 2430 Fortassis

1882 2466 2076 2517 autem
2107 2462 2282 2517 etiam
2327 2463 2479 2532 quod
2526 2461 2674 2533 nigri
2725 2460 2974 2532 alicujus
3014 2479 3048 2516 a
3084 2466 3238 2517 terra
3266 2462 3520 2533 efﬁgiem

1879 2549 2170 2620 ejusmodi
2217 2550 2507 2605 concretio
2550 2549 2801 2618 habeat;
2839 2549 3315 2622 quandoquidem
3347 2551 3521 2606 etiam

1879 2639 2121 2710 propius
2151 2644 2366 2694 terram
2399 2639 2463 2693 ﬁt
2490 2638 2638 2710 ipsa.
2671 2638 2817 2702 Quia
2846 2639 2987 2694 item
3031 2638 3194 2694 locus
3243 2644 3408 2694 terra:
3434 2640 3522 2694 vi-

1879 2728 2065 2784 cinior
2118 2729 2266 2784 235
2330 2733 2420 2783 est
2466 2745 2498 2783 a
2545 2729 2733 2782 ventis
2790 2727 3182 2799 tranquillior,
3235 2728 3526 2801 ﬂatusque

1878 2816 2160 2888 impedire
2190 2821 2381 2888 potest
2411 2816 2818 2887 hujuscemodi
2871 2816 3253 2873 exbalationis
3292 2834 3528 2873 concre-

1879 2905 2096 2961 tionem
2146 2905 2205 2960 in
2253 2921 2370 2976 qua
2418 2909 2558 2960 sunt
2606 2905 2842 2976 specula
2873 2904 3125 2960 colorem
3167 2905 3348 2961 stella:
3379 2905 3526 2962 refe-

1880 2994 2085 3055 rentia.
2107 2995 2344 3050 tametsi
2375 3011 2511 3048 eum
2543 3011 2658 3048 non
2691 3011 2833 3064 pure
2864 2999 2920 3049 et
2948 2994 3171 3050 sincere
3192 2994 3524 3065 exhibeant,

1879 3100 1993 3138 non
2027 3088 2116 3139 est
2159 3083 2532 3150 mirandum;
2587 3083 3065 3154 quandoquidem
3128 3100 3242 3138 non
3301 3099 3528 3155 semper

1877 3171 2070 3243 qualis
2118 3176 2208 3227 est
2255 3171 2413 3227 color
2461 3173 2540 3226 rei
2592 3171 2702 3226 sub
2734 3175 3035 3243 aspectum
3077 3173 3358 3240 cadentis,
3389 3171 3524 3227 talis

1877 3261 2052 3317 etiam
2083 3260 2142 3315 in
2191 3260 2445 3332 speculis
2484 3260 2807 3316 exhibetur.
2841 3260 2989 3316 Fieri
3032 3260 3186 3316 enim
3221 3264 3426 3332 potest,
3460 3265 3524 3317 ut

1880 3366 2013 3404 cum
2045 3350 2102 3405 id
2133 3349 2288 3420 quod
2320 3349 2581 3404 cernitur
2619 3347 2992 3419 splendidum
3037 3349 3133 3418 sit,
3167 3349 3377 3405 diversi
3425 3367 3521 3405 co-

1881 3437 2020 3495 loris
2053 3438 2477 3510 apparitionem
2517 3437 2828 3493 exhibeat:
2877 3436 2965 3494 vel
3012 3439 3167 3508 quod
3216 3438 3519 3510 speculum

1881 3544 1995 3582 non
2040 3527 2116 3582 sit
2164 3525 2560 3597 splendidum,
2593 3530 2648 3581 et
2695 3530 2998 3598 propterea
3043 3526 3263 3598 proprii
3312 3525 3521 3582 coloris

1880 3615 2154 3671 mistione
2193 3614 2445 3670 colorem
2495 3614 2575 3670 rei
2621 3614 2992 3686 aspectabilis
3040 3615 3388 3684 conturbet;
3434 3614 3521 3672 vel

1881 3704 2055 3760 etiam
2090 3705 2244 3775 quod
2277 3703 2568 3775 aspiciens
2597 3704 2756 3759 visus
2789 3703 2864 3758 sit
2889 3703 3255 3759 imbecillior.

1949 3795 2038 3847 22.
2072 3796 2248 3848 Porro
2297 3808 2509 3847 corona
2552 3797 2607 3847 et
2638 3797 2813 3847 noctu
2846 3795 3088 3864 apparet
3125 3797 3181 3847 et
3219 3791 3476 3847 interdiu
3507 3807 3522 3846 :

1883 3881 2026 3937 alias
2058 3881 2294 3952 quidem
2343 3880 2572 3952 integro
2616 3886 2673 3935 et
2719 3881 2972 3953 perfecto
3022 3880 3260 3947 circulo,
3291 3881 3525 3952 quando

1882 3970 2055 4025 etiam
2091 3969 2381 4025 concretio
2415 3985 2516 4040 per
2545 3969 2743 4024 omnia
2776 3970 2948 4026 fuerit
2983 3969 3285 4041 aequalibis
3319 3989 3331 4038 ;
3383 3969 3528 4026 alias

1880 4075 2012 4114 vero
2044 4073 2145 4130 per
2174 4063 2545 4130 segmentum
2578 4059 2799 4129 circuli,
2834 4059 3068 4130 quando
3119 4058 3385 4115 videlicet
3432 4077 3526 4115 se-

1881 4147 2139 4202 cundum
2169 4162 2403 4203 omnem
2433 4149 2659 4217 partem
2688 4146 2990 4219 aequalibis
3022 4164 3137 4203 non
3169 4147 3342 4203 fuerit
3371 4148 3526 4218 ejus-

1883 4236 2112 4292 cemodi
2143 4235 2452 4292 concretio.

1952 4326 2044 4381 23.
2095 4325 2529 4396 Nonnunquam
2578 4342 2710 4381 vero
2759 4342 2892 4381 area
2947 4324 3317 4395 distrahitur,
3377 4341 3526 4379 non-

1888 4430 2192 4485 nunquam
2239 4412 2521 4484 paulatim
2579 4413 2890 4480 evanescit,
2952 4430 3333 4484 nonunquam
3387 4429 3526 4467 con-

1886 4504 2096 4558 crescit
2126 4502 2397 4574 amplius.
2427 4504 2497 4558 Et
2526 4504 2764 4574 quidem
2799 4519 2932 4556 cum
2971 4519 3182 4558 corona
3212 4501 3530 4556 concrescit

1886 4591 2166 4664 amplius,
2194 4591 2254 4646 id
2303 4609 2466 4662 aqua
2519 4591 2754 4662 signum
2801 4591 3029 4645 exsistit
3076 4591 3321 4662 (certum
3372 4588 3527 4645 enim

113 4673 392 4751 μάρανσις
471 4672 649 4737 εὐδίας
725 4677 1021 4749 τεκμήριον
1102 4674 1490 4751 (ἐπικρατεῖται
1564 4677 1666 4754 γὰρ
1741 4679 1771 4747 ἡ

1887 4685 1998 4747 est,
2051 4681 2267 4736 nubem
2316 4680 2546 4736 densari
2597 4679 2894 4752 amplius).
2945 4682 3016 4733 At
3063 4695 3192 4734 cum
3246 4678 3527 4751 paulatim

106 4762 380 4825 σύστασις
457 4764 559 4819 ὑπὸ
615 4768 712 4819 τοῦ
769 4763 820 4819 ἐν
876 4763 1012 4838 αὐτῇ
1045 4769 1247 4840 θερμοῦ
1279 4765 1367 4819 καὶ
1428 4768 1630 4842 ξηροῦ,
1689 4767 1778 4821 καὶ

107 4852 271 4910 οὕτω
305 4853 664 4928 μαραίνεται).
697 4855 759 4908 Ἣ
811 4851 868 4908 δὲ
916 4851 1197 4916 διάσπασις
1246 4853 1551 4928 πνεύματος
1592 4851 1776 4926 δήλω-

102 4960 230 5003 σις·
281 4938 391 5012 ἤδη
441 4943 542 5017 γὰρ
592 4941 643 4997 ἐν
695 4942 883 5015 ἐκείνῳ
929 4946 1008 5014 τῷ
1053 4942 1209 5015 τόπῳ
1254 4948 1467 5016 πνεῦμα
1512 4945 1574 4998 τὸ
1617 4951 1779 5013 ποιῆ-

102 5052 212 5086 σαν
244 5031 351 5099 τὴν
399 5038 499 5100 τῆς
549 5030 848 5093 συστάσεως
898 5028 1200 5086 διάσπασιν·
1253 5031 1348 5086 κᾶν
1398 5031 1540 5086 οὕτω
1588 5029 1779 5110 ἔφθασε

98 5120 257 5194 πρὸς
287 5118 549 5194 τήν-γῆν.
585 5121 677 5174 Διὸ
702 5120 982 5175 κάντεῦθεν
1013 5121 1102 5174 καὶ
1135 5121 1162 5176 ὁ
1186 5119 1402 5194 ἄνεμος,
1427 5121 1544 5176 ὅθεν
1577 5119 1776 5196 ἤρξατο

101 5209 134 5264 δ
145 5209 451 5262 ιασπᾶσθαι
482 5210 517 5276 ἡ
550 5208 821 5272 σύστασις.

1889 4770 2203 4835 evanescit,
2249 4769 2576 4825 serenitatis
2624 4769 2683 4824 id
2732 4773 2820 4823 est
2875 4769 3028 4825 236
3078 4767 3357 4822 indicium
3407 4767 3528 4838 (su-

1888 4863 2126 4930 peratur
2154 4857 2365 4930 quippe
2398 4861 2453 4912 et
2483 4857 2734 4912 vincitur
2758 4857 3046 4912 concretio
3079 4873 3112 4912 a
3149 4855 3443 4912 caliditate
3473 4860 3531 4910 et

1889 4947 2168 5018 siccitate,
2200 4963 2376 5017 quam
2407 4947 2466 5001 in
2501 4963 2562 5002 se
2594 4946 2817 5011 habuit,
2850 4950 2906 5001 et
2951 4945 3033 5000 ita
3079 4944 3358 5017 paulatim
3391 4961 3528 5000 con-

1889 5036 2186 5104 sumitur).
2212 5035 2357 5091 Cum
2388 5035 2640 5106 denique
2660 5038 2703 5070 ¹³
2727 5033 3073 5088 distrahitur
3101 5039 3158 5088 et
3183 5033 3524 5105 dissipatur,

1888 5123 2043 5178 venti
2072 5123 2131 5178 id
2162 5127 2247 5178 est
2278 5123 2646 5195 signiﬁcatio.
2679 5121 2934 5193 Jamjam
2966 5123 3122 5177 enim
3155 5121 3267 5177 isto
3313 5121 3372 5176 in
3402 5122 3528 5176 loco

1889 5213 2061 5268 ﬂatus
2092 5217 2198 5280 est,
2233 5212 2331 5284 qui
2383 5211 2771 5266 concretionis
2821 5211 3264 5282 dissipationem
3310 5210 3527 5279 efﬁcit;

92 5298 358 5355 tametsi
386 5298 437 5354 is
467 5299 538 5354 ad
570 5303 787 5354 terram
818 5301 1080 5356 nondum
1113 5301 1454 5372 pervenerit.
1498 5302 1861 5374 Quapropter
1903 5300 2079 5356 etiam
2113 5317 2180 5356 ex
2230 5301 2332 5355 hac
2384 5300 2512 5371 ipsa
2560 5303 2720 5370 parte
2765 5303 2974 5355 ventus
3022 5298 3266 5372 ingruit,
3297 5316 3365 5354 ex
3412 5315 3532 5370 qua

96 5386 416 5443 concretio
447 5387 851 5459 dissipationis
874 5389 1131 5461 sumpsit
1155 5389 1481 5444 exordium.

179 5470 293 5529 κδ’.
331 5472 486 5529 Ἀλλ’
515 5473 658 5529 οὕτω
713 5476 808 5548 μὶν
853 5473 1174 5549 σημειώδης
1225 5478 1259 5546 ἡ
1312 5475 1458 5537 ἅλως
1506 5474 1629 5530 ὅταν
1658 5476 1781 5552 περὶ

89 5564 202 5619 τὸν
241 5561 412 5631 ἥλιον
443 5563 479 5632 ἢ
509 5564 607 5632 τὴν
640 5563 878 5636 σελήνην
910 5569 1100 5640 συστῖγ
1151 5565 1276 5642 περὶ
1316 5562 1372 5620 δὲ
1417 5564 1543 5628 τοὺς
1576 5563 1781 5629 ἄλλους

177 5781 233 5818 ³³
269 5795 343 5836 ιιι
367 5781 602 5837 Meteor.
636 5796 685 5837 ο.
713 5780 766 5843 3.

1962 5477 2051 5531 24.
2085 5477 2195 5533 Sed
2221 5476 2360 5532 talia
2407 5475 2644 5548 quidem
2695 5493 2906 5532 corona
2953 5476 3265 5549 signiﬁcat,
3296 5477 3531 5548 quando

1893 5566 2046 5622 circa
2075 5565 2256 5623 solem
2290 5570 2391 5622 aut
2418 5563 2617 5621 lunam
2661 5565 3011 5622 constiterit.
3046 5569 3188 5622 Cum
3216 5581 3351 5622 vero
3381 5566 3535 5623 circa
