4024 6456
178 440 334 501 1201

1509 446 1853 507 EPlTOME
1898 446 2262 506 PHYSICA.

3431 441 3459 498 1
3470 441 3586 500 202

173 571 495 647 ισχομένων
558 574 699 647 ὁμοῦ
759 576 894 651 πρὸς
961 575 1078 637 ἰνὸς
1127 581 1384 651 συνεχοῦς
1443 576 1802 650 ἀποτελεσμὸι

1932 595 2033 651 per
2054 594 2114 634 se
2142 582 2378 650 propter
2397 575 2774 648 exiguitatem
2799 579 2888 631 est
2916 573 3210 630 invisibile
3233 571 3460 642 ;omnia
3483 588 3590 626 au-

172 657 272 715 διὰ
325 661 636 732 πυκνότητα
694 663 1061 740 παραθέσεως,
1112 664 1390 720 κάντεῦθεν
1465 667 1659 739 ὁρατοῦ
1735 689 1825 722 πε-

171 751 414 827 φηνότος
451 756 547 805 τοῦ
595 751 646 822 ἐξ
691 752 866 807 αὐτῶν
917 751 1358 827 ἀποτελουμὲνου
1406 757 1492 810 οἷα
1543 756 1822 832 μεγέθους,

168 839 383 915 ἀνάγκη
444 840 533 894 καὶ
579 846 675 894 τοῦ
725 839 796 896 δι’
842 841 1014 896 αὐτῶν
1065 842 1470 921 ἐμφαινομένων
1524 847 1822 921 χρώματος

171 928 409 1003 μέγεθος
468 928 762 1006 φαίνεσθαι.
821 933 1083 986 Ἔκαστον
1133 933 1233 1008 γὰρ
1279 939 1385 988 τῶν
1443 939 1648 1010 μικρῶν
1701 935 1825 989 τού-

163 1038 284 1072 των
327 1017 598 1090 ἐνόπτρων
642 1018 823 1096 ὥσπερ
878 1019 956 1083 εἰς
1001 1023 1098 1090 τὴν
1142 1020 1490 1093 πηλικότητά
1519 1027 1614 1077 τοῦ
1663 1024 1822 1098 μεγέ-

165 1108 306 1168 θους
363 1111 440 1178 τῷ
495 1106 612 1180 ὅλῳ
655 1109 900 1165 συντελεῖ
929 1115 1144 1186 συνεχεῖ
1172 1111 1223 1164 ἐν
1257 1110 1302 1184 ᾦ
1331 1114 1367 1181 ἡ
1400 1110 1630 1190 ἔμφασις
1687 1113 1822 1188 γίνε-

158 1215 261 1248 ται
309 1195 581 1269 σύμπασαο
643 1198 1084 1276 τοιουτοτρόπως
1130 1201 1219 1255 καὶ
1271 1201 1346 1262 εἰς
1397 1203 1494 1270 τήν
1539 1207 1636 1256 τοῦ
1687 1202 1820 1259 ὅλου

162 1284 475 1359 χρώματος
541 1286 829 1362 φαντασίαν
897 1287 1223 1366 συνεισφέρει
1291 1290 1354 1344 τὸ
1419 1291 1816 1368 ἐμφαινόμενον

163 1368 244 1425 δι’
292 1372 474 1430 αὐτοῦ.
523 1374 750 1430 Ὀπόταν
793 1373 884 1430 οῦν
931 1376 1007 1440 είς
1056 1375 1202 1455 ὕδωρ
1251 1374 1594 1451 μεταϐάλλον
1622 1381 1684 1435 τὸ
1740 1383 1820 1436 νέ-

162 1483 274 1539 φος
334 1462 385 1533 ἐξ
445 1462 680 1526 ἐναντίας
727 1463 829 1541 ἔχῃ
885 1467 974 1520 τὸν
1032 1464 1216 1538 ἥλιον,
1263 1471 1298 1537 ἡ
1361 1466 1408 1522 δ’
1459 1471 1639 1544 ὁρῶσα
1694 1464 1818 1543 ὄψις

159 1549 414 1625 τυγχάνῃ
475 1552 669 1624 μεταξὺ
714 1558 812 1608 τοῦ
855 1552 1020 1624 ἡλίου
1065 1577 1124 1610 τε
1171 1557 1260 1611 καὶ
1289 1561 1386 1611 τοῦ
1413 1558 1628 1635 νέφους,
1662 1554 1818 1621 ὄντος

288 1645 388 1694 τοῦ
439 1641 634 1719 νέφους
690 1641 882 1698 κοίλου
937 1664 996 1698 τε
1049 1645 1140 1699 καὶ
1204 1651 1548 1724 περιφεροῦς·
1602 1647 1724 1702 τότε
1779 1650 1813 1718 ἡ

164 1723 298 1802 ὄψις
353 1727 710 1803 ἀνακλωμένη
775 1733 910 1804 μετὰ
963 1737 1061 1788 τοῦ
1118 1735 1298 1811 φωτὸς
1357 1735 1463 1790 ἀπὸ
1516 1740 1625 1790 τῶν
1655 1737 1706 1791 ἐν
1739 1742 1816 1809 τῷ

158 1819 310 1896 νέφει
367 1819 664 1895 γινομένων
709 1818 818 1892 ἤδη
870 1820 1116 1896 ψεκάδων
1167 1823 1253 1878 ἐπὶ
1283 1824 1375 1878 τὸν
1407 1824 1590 1896 ἥλιον,
1622 1826 1711 1880 καὶ
1744 1824 1814 1881 δι’

158 1906 343 1962 αὐτῶν
393 1905 460 1976 δὴ
516 1907 724 1964 τούτων
793 1908 974 1987 ὥσπερ
1052 1910 1343 1986 ἐνόπτρων,
1401 1915 1499 1983 τὴν
1575 1913 1814 1984 ἡλιακὴν
1845 1950 1892 2016 Β

166 1997 181 2016 ε
240 1999 270 2011 ὐ
546 1997 560 2016 \
723 1999 736 2014 ἢ
864 1999 886 2016 Μ
1169 2000 1218 2016 ου
1486 2002 1500 2016 ι
1538 1989 1542 1994 ’
1603 2004 1616 2016 ι
1759 2005 1773 2016 ι

158 1997 350 2072 ὁρῶσα
402 1997 619 2074 χροιὰν,
678 1999 776 2067 τὴν
862 1999 964 2076 ἶριν
1021 2000 1354 2078 φαντάζεται·
1414 2002 1503 2057 καὶ
1557 2004 1657 2073 τήν
1719 2005 1812 2078 μὲν

155 2086 389 2161 πρώτην
456 2088 548 2142 καὶ
625 2084 880 2165 ἀνωτέρω
963 2089 1304 2168 περιφέρειαν
1361 2089 1529 2162 αὒτῆς
1584 2090 1650 2162 δὴ
1707 2101 1809 2163 τῆς

155 2172 342 2249 ἴριδος
417 2176 518 2251 ὁρᾷ
582 2181 849 2255 φοινικῆν.
911 2183 1199 2234 Φοινικοῦν
1262 2179 1365 2256 γὰρ
1442 2180 1677 2258 φαίνεται
1748 2183 1809 2237 τὸ

156 2263 417 2340 λαμπρὸν
502 2265 592 2320 καὶ
671 2264 862 2322 λευκὸν
931 2267 1019 2322 διὰ
1071 2273 1169 2323 τοῦ
1229 2267 1462 2342 μέλανος
1529 2271 1805 2346 ὁρώμενον

151 2354 192 2422 ἢ
225 2351 281 2408 ἐν
311 2357 390 2425 τῷ
423 2352 635 2427 μέλανι.
672 2355 858 2413 Μέλαν
919 2355 1008 2411 οῦν
1066 2359 1337 2434 τυγχάνον
1385 2360 1448 2413 τὸ
1491 2359 1647 2438 νέφος
1679 2360 1730 2415 ἐν
1763 2362 1808 2415 ὧ

149 2444 191 2511 ἡ
227 2439 339 2518 ῗρις
369 2439 499 2516 (ἤδη
533 2444 636 2520 γὰρ
668 2445 744 2508 εἷς
775 2442 921 2520 ὕδωρ
978 2442 1322 2520 μεταϐάλλον
1363 2448 1516 2523 ἐστὶ),
1573 2447 1804 2504 δείκνυσι

153 2529 254 2586 διὰ
280 2534 389 2586 τῶν
418 2533 792 2610 σμικροτάτων
824 2535 988 2590 αὐτοῦ
1031 2537 1236 2608 μορίων
1287 2538 1360 2599 ὡς
1416 2537 1481 2607 δὴ
1533 2538 1803 2616 ἐνόπτρων

156 2619 414 2693 μελάνων
465 2627 742 2700 φοινικοῦν
798 2621 861 2678 τι)
915 2629 1121 2701 χρῶμα
1161 2625 1225 2680 τὸ
1263 2627 1518 2698 ἡλιακὸν,
1551 2627 1802 2702 λαμπρὸν

155 2709 259 2782 μὲν
313 2709 370 2764 ’ὸν
430 2711 519 2764 καὶ
563 2710 776 2783 λευκὸν,
816 2716 884 2786 τῇ
938 2712 997 2768 δὲ
1053 2713 1298 2787 ἐπιμιξίᾳ
1351 2719 1448 2770 τοῦ
1506 2719 1803 2792 χρώματος

148 2802 264 2852 τῶν
326 2795 599 2874 ἐνόπτρων
662 2799 1093 2874 συνθολούμενόν
1147 2823 1205 2857 τε
1259 2804 1348 2858 καὶ
1423 2804 1798 2878 νοθευόμενον.

148 2887 263 2956 Τὴν
318 2885 570 2964 δευτέραν
629 2886 687 2943 δὲ
733 2893 834 2959 τῆς
881 2888 1056 2966 ἴριδος
1083 2893 1422 2971 περιφέρειαν
1454 2896 1487 2962 ἡ
1521 2889 1645 2967 ὄψις
1704 2896 1804 2970 ὁρᾷ

147 2975 444 3048 πρασίνην,
477 2976 540 3030 οὐ
600 2974 689 3032 διὰ
740 2979 804 3033 τὸ
834 2973 1110 3056 ἕνοπτρον,
1132 2979 1285 3036 ’ἀλλά
1314 2979 1384 3035 δι’
1412 2981 1623 3036 ἀτονίαν
1676 2984 1801 3038 εαυ-

147 3070 279 3132 τῆς.
335 3065 397 3121 Ἤ
451 3065 555 3140 γὰρ
613 3065 875 3121 ἀτονοῦσα
950 3063 1076 3142 ὄψις
1138 3068 1438 3146 μελάντερα
1494 3071 1798 3126 ὀπταίνεται

150 3152 226 3205 τὰ
281 3149 461 3207 λευκά·
523 3153 849 3230 μελάντερον
899 3154 957 3211 δὲ
1010 3157 1100 3212 καὶ
1147 3159 1207 3212 τὸ
1256 3158 1512 3234 πράσινον
1567 3161 1797 3236 ὑπάρχει

152 3244 257 3294 τοῦ
301 3247 560 3318 φοινικοῦ.
596 3245 711 3314 Τὴν
758 3245 947 3321 τρίτην
1002 3243 1060 3300 δὲ
1106 3253 1209 3316 τῆς
1247 3244 1422 3324 ἴριδος
1455 3251 1796 3328 περιφέρειαν

1937 676 2048 723 lem
2081 667 2202 722 hc'ec
2223 669 2561 738 junguntur
2590 669 2646 720 et
2675 665 2966 720 cohaerent
2984 667 3274 729 mutuo,et
3292 663 3364 718 ob
3398 661 3594 718 densi.

1933 761 2113 812 tatem
2145 755 2540 826 adjunctionis
2583 755 2654 809 ad
2681 753 2859 809 unius
2889 753 3150 808 continui
3173 752 3585 830 perfectionem

1934 845 2112 902 simul
2137 845 2569 911 conveniunt,et
2589 842 2723 898 hinc
2756 859 2881 913 quae
2911 859 2979 897 ex
2999 842 3144 914 ipsis
3170 841 3584 906 absolvitur,ut

1933 936 2016 990 ita
2043 933 2626 1006 dicam,magnitudo,
2642 930 2892 987 visibilis
2910 935 3449 1003 appareat;necesse
3470 935 3578 998 est,

1933 1029 1997 1079 ut
2025 1024 2201 1079 etiam
2233 1021 2579 1093 coloris,qui
2611 1039 2714 1094 per
2743 1021 2873 1093 ipsa
2901 1019 3578 1092 exhibetur,magnitudo

1930 1111 2544 1185 appareat.Quodlibet
2559 1111 2716 1165 enim
2731 1110 3076 1181 exiguorum
3090 1109 3302 1164 horum
3314 1108 3580 1181 speculo-

1930 1201 2597 1273 rum,quemadmodum
2628 1199 2700 1255 ad
2736 1198 3160 1270 magnitudinis
3189 1198 3576 1269 quantitatem

1929 1290 2282 1357 confert,toti
2316 1289 2591 1346 continuo
2620 1289 2680 1342 in
2709 1305 2824 1360 quo
2856 1287 3127 1343 universa
3155 1288 3221 1342 ﬁt
3251 1287 3534 1360 apparitio
3559 1303 3573 1341 :

1930 1382 2084 1438 240
2114 1378 2367 1436 similem
2414 1379 2474 1432 in
2527 1377 2769 1433 modum
2823 1376 3001 1432 etiam
3032 1376 3104 1431 ad
3134 1375 3314 1431 totius
3363 1376 3574 1432 coloris

1928 1469 2182 1542 speciem
2233 1467 2527 1532 conducit,
2561 1466 2663 1538 qui
2713 1468 3164 1537 repraesentatur
3204 1481 3307 1536 per
3351 1465 3570 1536 ipsum.

1926 1558 2166 1621 Quando
2189 1558 2368 1630 igitur
2387 1557 2572 1610 nubes
2595 1554 2982 1610 mutationem
3013 1554 3072 1607 in
3094 1569 3310 1625 aquam
3333 1553 3572 1609 subiens

1926 1663 1994 1703 ex
2023 1649 2264 1703 adverso
2310 1646 2492 1701 solem
2526 1643 2720 1710 habet,
2759 1643 2860 1698 sed
2909 1642 3200 1714 aspiciens
3229 1642 3390 1698 visus
3419 1642 3574 1698 inter

1925 1737 2106 1793 solem
2157 1741 2215 1792 et
2261 1735 2478 1790 nubem
2539 1733 2770 1788 medius
2814 1731 3143 1802 intervenit,
3174 1731 3304 1802 ipsa
3349 1730 3573 1787 scilicet

1924 1830 2080 1882 nube
2109 1842 2245 1881 cava
2274 1828 2331 1880 et
2377 1821 2692 1879 orbiculari
2722 1821 3060 1886 exsistente,
3091 1823 3218 1874 tum
3248 1819 3411 1874 visus
3451 1837 3570 1876 una

1924 1932 2054 1971 cum
2104 1914 2327 1970 lumine
2355 1931 2390 1968 a
2417 1911 2667 1985 guttulis
2699 1927 2824 1982 quae
2857 1911 2982 1980 jam
3013 1910 3073 1964 in
3105 1909 3258 1964 nube
3288 1908 3459 1977 fiunt,
3491 1911 3565 1965 ad

1926 2004 2107 2060 solem
2139 2003 2422 2059 refractus
2454 2004 2510 2056 et
2539 2017 2641 2071 per
2682 2000 2791 2054 has
2821 1997 3043 2054 scilicet
3073 1997 3232 2068 ipsas
3263 1997 3432 2069 quasi
3464 2013 3568 2069 per

1918 2094 2161 2166 specula
2183 2091 2434 2148 solarem
2465 2088 2719 2145 colorem
2749 2087 3062 2159 aspiciens,
3093 2086 3303 2142 iridem
3335 2089 3567 2143 contue-

1917 2187 2031 2238 tur.
2068 2186 2146 2237 Ac
2193 2180 2446 2253 primam
2495 2178 2733 2249 quidem
2764 2177 2807 2212 ¹⁶
2858 2180 2914 2232 et
2944 2176 3307 2248 superiorem
3351 2175 3565 2247 ipsius,

1919 2271 2141 2328 scilicet
2169 2265 2891 2336 iridis,circumferentiam
2924 2265 3212 2337 conspicit
3234 2265 3560 2335 puniceam.

1917 2360 2141 2432 Quippe
2170 2357 2544 2431 splendidum
2572 2360 2628 2411 et
2658 2355 2856 2410 album
2889 2371 3023 2410 cum
3055 2371 3159 2427 per
3197 2354 3428 2424 nigrum
3462 2358 3566 2410 aut

1914 2451 1975 2505 in
2024 2449 2188 2522 nigro
2219 2448 2466 2517 videtur,
2517 2445 2830 2517 puniceum
2882 2447 3142 2516 apparet.
3189 2445 3335 2500 Cum
3383 2443 3565 2516 igitur

1915 2540 2100 2595 nubes
2131 2539 2189 2593 in
2223 2553 2340 2608 qua
2369 2541 2458 2592 est
2488 2534 2788 2606 iris,nigra
2817 2533 3044 2604 sit(jam
3079 2534 3235 2588 enim
3266 2534 3324 2587 in
3348 2549 3560 2605 aquam

1915 2627 2332 2698 mutatur),per
2362 2622 2793 2680 minutissimas
2820 2621 2910 2676 sui
2929 2621 3250 2693 particulas
3267 2623 3436 2692 quasi
3459 2638 3562 2694 per

1913 2717 2083 2788 nigra
2111 2714 2391 2769 nimirum
2415 2711 2654 2784 specula
2684 2710 2932 2766 solarem
2965 2710 3558 2781 colorem,puniceum

1912 2809 2288 2877 repraesentat
2311 2821 2324 2871 ;
2349 2802 2448 2874 qui
2480 2801 2717 2873 quidem
2749 2799 2894 2855 alias
2925 2799 3270 2870 splendidus
3299 2804 3356 2855 et
3386 2799 3555 2855 albus

1911 2895 2126 2965 est,sed
2157 2892 2367 2948 coloris
2399 2890 2770 2963 speculorum
2799 2889 3154 2945 admissione
3177 2889 3557 2944 conturbatur

1909 2988 1966 3040 et
1994 2983 2372 3038 adulteretur.
2424 2980 2752 3035 Secundam
2784 2983 2980 3034 autem
3029 2977 3197 3032 iridis
3244 2976 3553 3034 circumfe-

1909 3072 2160 3128 rentiam
2191 3073 2462 3143 aspectus
2493 3068 2680 3124 cernit
2706 3067 2978 3133 viridem,
3009 3082 3124 3121 non
3158 3069 3394 3138 propter
3423 3083 3552 3138 spe-

1908 3161 2108 3218 culum
2141 3160 2434 3232 equidem,
2469 3159 2571 3214 sed
2617 3159 2854 3230 propter
2882 3153 3347 3212 imbecillitatem
3377 3158 3435 3209 et
3464 3172 3553 3210 ree-

1908 3251 2250 3306 missionem
2281 3265 2471 3305 suam.
2503 3245 2760 3302 Debilior
2788 3244 2944 3300 enim
2976 3248 3034 3300 et
3063 3243 3367 3300 remittens
3397 3244 3546 3301 241

148 3328 425 3406 ἀλουργὸν
451 3333 497 3401 ἡ·
517 3327 638 3406 ὄψις
695 3320 814 3408 ὁρᾷ,
863 3332 934 3388 δι’
992 3334 1204 3390 ἀτονίαν
1258 3320 1488 3392 πλείονα
1527 3320 1794 3411 ’μελάντε-

1916 3341 2070 3396 visus
2099 3356 2168 3394 ea
2212 3355 2337 3410 quas
2366 3337 2498 3393 alba
2526 3340 2685 3402 sunt,
2719 3334 2977 3406 nigriora
3022 3332 3414 3405 conspicatur.
3448 3337 3550 3388 At-

143 3439 248 3495 ρον
302 3416 378 3474 ἔτι
434 3420 709 3496 βλέπουσα
756 3423 817 3477 τὸ
863 3422 1075 3479 λευκόν·
1112 3425 1227 3480 ἐπεὶ
1277 3425 1368 3480 καὶ
1416 3427 1479 3481 τὸ
1530 3426 1797 3503 ἁλουργὸν

137 3511 248 3563 τοῦ
277 3509 537 3585 πρασίνου
571 3509 923 3589 μελάντερον.

1910 3429 2010 3501 qui
2042 3428 2218 3484 etiam
2249 3426 2433 3482 viride
2455 3425 2702 3498 puniceo
2732 3427 2824 3479 est
2852 3420 3360 3494 nigrius.Tertiam
3393 3422 3553 3478 deni-

1909 3534 2024 3589 que
2071 3516 2236 3572 iridis
2304 3511 2832 3570 circumferentiam
2889 3511 3053 3566 visus
3108 3510 3549 3582 purpurisseam

140 3599 451 3671 conspicit,
491 3602 564 3657 ob
612 3601 975 3660 debilitatem
1019 3608 1078 3660 et
1105 3605 1515 3662 remissionem
1567 3608 1852 3679 majorem
1883 3607 2077 3663 adhuc
2123 3605 2350 3677 nigrius
2403 3604 2604 3658 videns
2635 3601 2809 3673 'quod
2859 3599 3061 3655 album
3112 3603 3218 3670 est,
3268 3599 3547 3670 quoniam

143 3687 328 3744 etiam
357 3691 804 3762 purpurisseum
835 3708 1012 3765 quam
1042 3693 1226 3750 viride
1255 3699 1344 3750 est
1371 3695 1616 3768 nigrius.

223 3772 286 3832 δ’.
321 3777 459 3832 Ἀπὸ
538 3778 632 3851 μὲν
707 3775 797 3832 οῦν
855 3786 956 3849 τῆς
1011 3782 1237 3857 πρώτης
1292 3783 1635 3860 περιφερείας
1691 3791 1794 3854 τῆς

147 3860 328 3939 ἴριδος
361 3865 602 3942 ἰσχυρῶς
633 3869 668 3936 ἡ
694 3862 841 3941 ὄψις,
874 3865 964 3922 διὰ
989 3875 1090 3939 τῆς
1141 3869 1481 3932 ἀνακλάσεως
1525 3875 1603 3943 τῷ
1643 3869 1794 3945 ἡλίῳ

143 3947 594 4028 προσϐάλλουσα,
649 3961 923 4034 φοινικοῦν
987 3958 1089 4034 ὁρᾷ
1150 3958 1240 4012 τὸν
1298 3959 1493 4014 τούτου
1560 3980 1793 4034 χρωμα-

141 4039 341 4112 τισμὸν
389 4038 479 4096 διὰ
526 4043 587 4096 τὸ
637 4041 918 4119 ἕνοπτρον.
948 4046 1018 4101 ’Ή
1064 4065 1124 4100 τε
1167 4046 1270 4119 γὰρ
1319 4047 1511 4121 πρώτη
1571 4049 1792 4126 περιφέ-

143 4147 268 4204 ρεια
329 4129 552 4204 μεγίστη
613 4132 703 4186 καὶ
763 4132 868 4187 ἀπὸ
912 4140 1014 4202 τῆς
1050 4134 1309 4208 μεγίστης
1366 4137 1708 4213 περιφερείας
1756 4139 1790 4205 ἡ

141 4214 440 4280 ἀνάκλασις
488 4217 717 4289 πλείστη
762 4221 853 4274 καὶ
885 4219 974 4276 διὰ
1025 4226 1186 4276 τοῦτο
1249 4222 1596 4299 ἐντονωτέρα,
1630 4223 1690 4278 τό
1736 4245 1795 4278 τε

143 4311 424 4383 φοινικοῦν
491 4312 696 4383 χρῶμα
759 4310 1104 4386 προσεγγίζει
1173 4309 1409 4384 μάλιστα
1479 4318 1558 4384 τῷ
1617 4311 1795 4385 λευκῷ

140 4394 237 4449 καὶ
283 4391 445 4463 ἧττόν
491 4395 599 4451 ἐστι
655 4397 844 4470 μέλαν.
903 4401 1034 4456 Ἀπὸ
1084 4399 1141 4455 δὲ
1186 4408 1288 4470 τῆς
1335 4399 1581 4478 δευτέρας
1639 4423 1790 4477 περι-

141 4483 358 4561 φερείας
416 4485 700 4548 ἐλάττονος
755 4485 920 4559 οὔσης
979 4487 1236 4551 ἐλάττους
1285 4491 1520 4564 γίνονται
1565 4491 1793 4547 ἀνακλά-

140 4593 276 4633 σεις.
331 4574 428 4628 Καὶ
513 4574 604 4630 διὰ
680 4582 848 4631 ταῦτα
929 4579 1016 4632 καὶ
1073 4581 1108 4648 ἡ
1169 4577 1351 4653 ὅρασις
1420 4580 1788 4656 ἀσθενέστερον

1975 3787 2026 3840 4.
2057 3786 2104 3839 Α
2132 3784 2323 3856 prima
2370 3781 2552 3854 igitur
2579 3780 2745 3836 iridis
2776 3778 3246 3834 circumferentia
3287 3795 3422 3834 cum
3453 3780 3544 3834 vi-

1903 3891 2005 3930 sus
2037 3890 2139 3944 per
2167 3871 2576 3927 refractionem
2628 3869 2688 3923 in
2721 3869 2905 3924 solem
2933 3867 3160 3923 fortiter
3191 3866 3418 3934 incidit,
3450 3884 3544 3924 co-

1900 3961 2246 4017 lorationem
2278 3960 2406 4030 ejus
2435 3961 2671 4030 propter
2699 3955 3004 4029 speculum
3025 3955 3181 4011 videt
3209 3955 3539 4026 puniceam.

1902 4051 2048 4105 Nam
2095 4053 2151 4105 et
2196 4049 2388 4121 prima
2443 4045 2914 4102 circumferentia
2962 4048 3052 4100 est
3102 4044 3378 4111 maxima,
3406 4050 3464 4100 et
3513 4063 3548 4101 ι

1903 4139 2159 4194 maxima
2186 4135 2659 4192 circumferentia
2688 4133 2954 4190 refractio
2985 4137 3074 4188 est
3102 4133 3356 4205 plurima
3386 4138 3444 4189 et
3473 4135 3546 4189 ob

1900 4227 1958 4282 id
2006 4226 2289 4294 validior;
2322 4230 2380 4281 et
2425 4225 2582 4280 color
2634 4223 2918 4296 puniceus
2956 4223 3028 4278 ad
3078 4221 3277 4277 album
3327 4223 3548 4278 accedit

1901 4317 2182 4388 proxime,
2215 4315 2573 4384 minimeque
2622 4312 2788 4384 niger
2829 4315 2936 4366 est.
2969 4311 3016 4365 A
3043 4310 3302 4365 secunda
3349 4315 3544 4365 autem

1901 4404 2373 4460 circumferentia
2403 4420 2530 4474 quae
2579 4400 2772 4455 minor
2800 4402 2907 4467 est,
2941 4397 3195 4453 minores
3242 4397 3544 4453 refractio-

1901 4511 2006 4550 nes
2037 4495 2185 4548 fiunt
2215 4517 2228 4545 :
2258 4508 2438 4562 eaque
2470 4491 2540 4546 de
2587 4506 2764 4544 causa
2793 4487 2967 4542 etiam
2998 4486 3159 4541 visus
3190 4485 3540 4542 imbecillius

1902 4587 2260 4655 operatur,et
2291 4580 2430 4635 solis
2460 4578 2711 4634 colorem
2732 4576 2832 4648 qui
2867 4575 3208 4646 splendidus
3226 4579 3317 4630 est
3336 4580 3392 4630 et
3411 4591 3542 4630 can-

139 4660 380 4736 ἀνεργεῖ,
409 4663 498 4718 xui
527 4665 591 4718 τὸ
646 4669 743 4718 τοῦ
791 4665 957 4734 ἡλίου
1015 4647 1219 4743 χρῶμα
1272 4669 1334 4722 τὸ
1393 4667 1644 4745 λαμπρὰν
1699 4647 1788 4724 καὶ

1916 4672 2096 4736 lidus,
2128 4687 2262 4726 cum
2309 4669 2542 4724 deberet
2593 4647 2906 4738 puniceum
2935 4681 3036 4735 per
3065 4663 3298 4734 nigrum
3332 4679 3538 4734 specu-

140 4748 360 4821 λευκὸν,
421 4749 542 4807 δέον
604 4750 695 4807 διὰ
747 4759 845 4808 τοῦ
904 4754 1138 4828 μέλανος
1192 4756 1452 4832 ἐνόπτρου
1510 4762 1786 4835 φοινικοῦν

139 4835 298 4909 ἰδεῖν,
336 4840 662 4918 μελάντερον
713 4841 906 4917 ὁρᾷδιὰ
950 4846 1051 4914 τὴν
1106 4844 1311 4900 οἷ’κείαν
1368 4845 1663 4920 ἀσθένειαν,
1696 4848 1787 4903 καὶ

136 4924 396 5003 πράσινον
484 4935 644 4985 τοῦτο
735 4931 1074 5010 φαντάζεταιο
1127 4935 1230 4988 ἀπὸ
1290 4932 1347 4988 δὲ
1420 4939 1517 5005 τῆς
1599 4924 1786 5012 τρίτης

134 5016 481 5094 περιφερείας
559 5018 856 5097 ἐλαχίστης
941 5019 1127 5094 οόσης,
1177 5023 1265 5078 καὶ
1341 5025 1394 5077 αἱ
1471 5025 1786 5088 ἀνακλάσεις

135 5104 426 5180 ἐλάχισται
479 5106 739 5184 γίνονται’
799 5111 889 5165 καὶ
947 5108 1022 5166 ἔτι
1077 5111 1448 5186 ἀσθενέστερον
1504 5113 1789 5188 ἐνεργοῦσα

133 5197 170 5264 ἡ
233 5193 445 5270 ὅρασις,
497 5195 574 5252 ἔτι
633 5199 724 5253 καὶ
785 5199 1110 5278 μελάντερον
1165 5203 1228 5256 τὸ
1279 5200 1506 5270 ἡλιακὸν
1584 5207 1789 5278 χρῶμα

133 5284 477 5363 φαντάζεται.
534 5287 605 5342 Τὸ
652 5287 753 5364 γὰρ
815 5288 982 5362 μέλαν
1037 5292 1152 5345 οἷον
1211 5290 1477 5369 ἀπόφασις
1535 5291 1625 5346 καὶ
1676 5292 1788 5347 στέ-

133 5371 299 5450 ρησίς
333 5373 443 5428 ἐστι
473 5381 572 5431 τοῦ
603 5377 756 5452 ὁρᾷν.

205 5469 262 5518 ε’.
293 5464 448 5518 Ὅθεν
493 5465 581 5519 καὶ
633 5465 767 5541 ἅπερ
821 5465 918 5520 οὐκ
968 5465 1144 5542 ἰσχύει
1199 5463 1419 5544 βλέπειν
1458 5471 1492 5538 ἡ
1527 5463 1651 5542 ὄψις
1699 5466 1787 5523 διὰ

127 5552 193 5606 τὸ
251 5551 564 5625 ἀπόστημα,
622 5559 790 5610 ταῦτα
845 5555 1159 5632 φαντάζεται
1224 5555 1451 5629 μέλανα.
1532 5557 1627 5611 Διά
1700 5578 1783 5612 τοι

205 5751 249 5788 ί⁶
277 5751 313 5805 3
344 5750 584 5809 Meteor.
619 5767 668 5810 ο.
702 5754 760 5813 4.

1897 4759 2021 4814 lum
2052 4756 2630 4829 cernere,nigriorem
2652 4768 2831 4810 causa
2854 4751 3101 4823 propria;
3122 4749 3540 4806 imbecillitatis

1899 4852 2141 4920 spectat,
2170 4851 2226 4902 et
2273 4847 2430 4901 hunc
2456 4844 2701 4900 viridem
2750 4841 3127 4913 imaginatur.
3158 4841 3206 4894 A
3235 4839 3409 4895 tertia
3449 4840 3544 4895 de-

1898 4937 2077 5008 nique
2123 4932 2615 4999 circumferentia,
2649 4947 2776 5002 quae
2827 4933 2917 4985 est
2967 4927 3234 4988 minima.
3283 4927 3540 4984 minima

1898 5027 2073 5082 etiam
2104 5025 2477 5080 refractiones
2511 5021 2679 5086 ﬁunt,
2710 5020 2968 5088 dumque
2997 5017 3160 5072 visus
3184 5016 3375 5072 adhuc
3421 5017 3542 5089 agit

1897 5113 2273 5179 imbecillius,
2306 5111 2496 5167 adhuc
2542 5109 2717 5164 etiam
2750 5106 3063 5178 nigriorem
3095 5104 3346 5161 solarem
3379 5104 3540 5162 colo-

1899 5221 2019 5260 rem
2051 5218 2285 5257 cernere
2316 5199 2426 5255 sibi
2458 5197 2710 5253 videtur.
2742 5195 2987 5267 Nigrum
3010 5195 3163 5251 242
3185 5193 3342 5250 enim
3369 5195 3540 5266 quasi

1896 5292 2126 5365 negatio
2157 5295 2215 5346 et
2245 5288 2489 5361 privatio
2521 5284 2796 5342 cernendi
2825 5288 2932 5341 est.

1965 5471 2017 5524 5.
2052 5469 2214 5524 Unde
2244 5466 2421 5523 etiam
2451 5465 2613 5519 visus
2643 5480 2709 5518 ea
2739 5480 2866 5534 quae
2897 5468 3133 5534 propter
3172 5462 3419 5517 nimiam
3450 5461 3538 5517 di-

1895 5559 2176 5615 stantiam
2227 5557 2423 5611 videre
2451 5571 2567 5609 non
2589 5551 2760 5620 valet,
2793 5551 2961 5624 nigra
3007 5551 3382 5624 imaginatur.
3416 5553 3542 5618 Qua
