4024 6464
447 461 601 520 1203

1688 456 2109 521 NICEPHORI
2156 451 2592 515 BLEMMIDE

3688 448 3855 510 1204

440 609 582 648 sane
613 592 683 648 de
729 608 906 647 causa
934 592 1109 648 etiam
1159 609 1286 664 quae
1334 591 1566 648 eminus
1615 597 1958 658 cernuntur,
1991 593 2110 654 nia

2230 589 2352 639 οῦτο
2400 585 2488 638 καὶ
2539 583 2606 638 τὰ
2652 581 2931 658 πόρρωθεν
2976 581 3230 657 ὁρώμενα
3295 581 3599 660 μελάντερα
3658 581 3852 660 φαίνε-

443 681 639 751 griora
686 685 987 752 apparent,
1020 685 1076 735 et
1106 697 1232 752 quae
1274 681 1331 736 iu
1365 682 1618 754 speculis
1666 686 2084 754 repraesentan-

444 776 562 836 tur,
594 769 850 841 nigriora
897 786 1074 841 quam
1105 775 1261 836 sunt,
1294 775 1612 843 apparent;
1645 777 1702 826 et
1745 771 1928 826 nubes
1959 787 2085 841 quae

447 857 507 912 in
541 859 712 930 aquis
743 859 1032 928 videntur,
1065 859 1346 931 nigriores
1376 865 1674 932 apparent,
1705 877 1879 932 quam
1922 860 1971 914 si
2002 859 2087 913 di-

448 950 602 1002 recto
635 945 1237 1018 inspiciantur.Atque
1269 948 1477 1003 horum
1500 949 1764 1004 omnium
1797 965 1972 1004 causa
2001 954 2091 1004 est

449 1035 611 1090 visus
658 1036 937 1090 extensio.
970 1037 1197 1101 Quanto
1245 1039 1400 1092 cnim
1454 1038 1687 1110 longius
1737 1039 2088 1105 extenditur,

451 1127 613 1179 tanto
661 1123 835 1178 etiam
895 1125 961 1178 ﬁt
1011 1125 1330 1192 remissior,
1382 1131 1439 1180 et
1487 1132 1706 1198 quanto
1770 1127 2091 1192 remissior,

452 1217 616 1267 tanto
648 1213 822 1268 etiam
873 1213 1130 1286 nigriora
1160 1215 1520 1287 imaginatur
1547 1233 1613 1272 ea
1643 1233 1769 1287 qua:
1801 1217 2092 1282 videntur,

457 1303 530 1357 ab
562 1301 788 1357 actione
819 1304 1242 1374 propemodum
1275 1305 1512 1360 omnino
1544 1322 1799 1361 cessans.
1831 1310 1910 1360 Ac
1941 1306 2094 1362 idem

457 1397 568 1458 est,
599 1397 655 1447 et
684 1392 740 1446 id
791 1394 946 1464 quod
976 1394 1226 1459 videtur,
1267 1393 1436 1466 longe
1466 1413 1499 1450 a
1526 1395 1652 1451 visu
1701 1402 1988 1452 remotum
2016 1396 2096 1450 vi-

459 1482 633 1548 dere;
666 1486 722 1536 et
753 1486 815 1536 ut
844 1482 1003 1536 visus
1037 1483 1158 1553 ipse
1189 1500 1292 1554 per
1321 1500 1600 1555 magnum
1626 1484 1994 1540 intervallum
2025 1485 2101 1538 vi-

461 1570 614 1636 deat,
671 1572 875 1626 iacere.
912 1571 1020 1626 Par
1064 1578 1152 1626 est
1198 1572 1353 1626 enim
1401 1572 1563 1627 visus
1609 1575 1886 1629 extensio.
1940 1574 2101 1630 Unde

463 1658 637 1714 etiam
667 1659 828 1715 visus
859 1677 991 1714 cum
1026 1677 1127 1731 per
1154 1660 1388 1732 longius
1418 1662 1608 1716 videat
1637 1663 2006 1718 intervallum
2035 1680 2104 1719 ea

467 1765 596 1820 quae
627 1765 729 1820 per
777 1749 1179 1805 refractionem
1209 1751 1499 1815 videntur,
1533 1769 1708 1822 quam
1759 1753 1807 1807 si
1843 1752 1898 1807 in
1953 1758 2107 1808 recta

465 1838 619 1893 linea
648 1839 868 1893 videret
915 1840 1135 1909 eadem,
1164 1839 1367 1894 merito
1398 1841 1572 1895 etiam
1613 1841 1868 1914 nigriora
1898 1842 2106 1914 imagi-

473 1933 650 1984 natur
681 1927 1000 2000 [concipit].

547 2020 601 2071 6.
637 2017 716 2072 De
744 2017 933 2071 tribus
965 2017 1164 2087 itaque
1193 2016 1484 2073 coloribus
1516 2018 1702 2088 iridis,
1734 2021 1804 2074 de
1847 2021 2113 2092 puniceo,

481 2106 672 2172 viridi,
707 2106 1291 2177 purpurisseo,priori
1324 2106 1730 2163 dissertatione
1759 2109 1981 2166 dictum
2003 2115 2114 2164 est.

480 2196 641 2262 Quod
685 2198 880 2249 autem
914 2195 956 2229 ¹⁷
989 2194 1139 2248 inter
1186 2197 1497 2265 puniceum
1538 2201 1594 2250 et
1640 2197 1885 2253 viridem
1939 2198 2116 2264 [colo-

478 2285 623 2355 rem]
658 2285 839 2338 flavus
871 2282 1081 2353 aliquis
1112 2283 1558 2346 subelucet,non
1588 2286 1638 2340 is
1669 2291 1904 2358 propter
1933 2289 2113 2342 refra-

476 2373 728 2430 ctionem
775 2388 1052 2443 apparere
1097 2373 1361 2439 videtur;
1396 2375 1547 2429 248
1582 2376 1681 2429 sed
1731 2392 1799 2430 ex
1841 2392 1907 2430 eo
1961 2377 2114 2447 quod

475 2462 758 2534 puniceus
805 2466 862 2516 et
891 2461 1094 2515 viridis
1133 2461 1303 2531 juxta
1349 2479 1409 2516 se
1461 2462 1705 2518 invicem
1756 2469 2117 2534 spectantur,

473 2552 658 2605 ﬂavus
689 2549 1058 2620 progenerari
1091 2553 1150 2604 et
1190 2566 1484 2622 emergere
1515 2552 1762 2606 videtur.
1801 2553 2112 2608 Puniceum

475 2639 631 2695 enim
676 2637 919 2693 remisse
946 2637 1145 2692 album
1173 2643 1297 2703 est;
1335 2656 1468 2694 cum
1502 2645 1698 2695 autem
1739 2643 1908 2710 juxta
1940 2642 2120 2697 viride

473 2728 722 2792 videtur,
755 2726 967 2793 albius,
999 2726 1108 2782 hoc
1137 2732 1225 2782 est
1257 2727 1471 2782 flavum
1503 2731 1933 2800 apparet.Quod
1966 2731 2120 2786 enim

475 2817 722 2873 remisse
768 2816 966 2870 album
997 2821 1105 2882 est,
1137 2817 1185 2870 si
1217 2817 1396 2871 situm
1431 2818 1506 2872 sit
1543 2818 1715 2888 juxta
1744 2819 1800 2872 id
1835 2821 1986 2890 quod
2027 2821 2120 2874 ni-

478 2906 641 2978 grius
673 2909 778 2970 est,
814 2905 1001 2978 magis
1032 2904 1230 2960 album
1263 2923 1440 2976 quam
1472 2907 1834 2972 est,videtur.
1861 2911 2122 2980 Quapro-

480 3000 607 3067 pter
654 2994 827 3049 etiam
879 3010 1011 3049 cum
1061 2995 1246 3049 nubes
1292 2995 1664 3050 vehementer
1706 2997 1872 3067 nigra
1926 2998 2119 3063 fuerit,

479 3083 726 3157 punicea
756 3082 1022 3138 uuiversa
1053 3082 1540 3150 circumferentia,
1576 3085 1722 3140 ﬂava
1751 3091 2010 3158 apparet.

549 3173 606 3226 7.
639 3173 803 3236 Quod
853 3175 1047 3227 autem
1079 3173 1276 3227 minus
1307 3172 1493 3245 nigra,
1514 3173 1735 3229 albiora
1781 3181 2120 3247 appareant,

483 3261 531 3316 si
554 3262 727 3332 juxta
755 3261 812 3315 id
845 3261 1168 3327 videantur,
1201 3262 1352 3332 quod
1387 3262 1574 3333 magis
1607 3263 1837 3333 nigrum
1879 3270 1986 3335 est,
2018 3267 2119 3322 de-

2192 695 2300 728 ται’
2355 674 2444 727 καὶ
2489 675 2555 727 τὰ
2608 678 2722 732 τοῖς
2779 671 3055 747 ένόπτροις
3113 671 3485 748 ἐμφαινόμενα
3546 670 3856 747 μελάντερα

2194 765 2230 832 ἢ
2276 760 2385 817 ἔστι
2453 762 2712 838 φαίνεται·
2767 760 2856 815 καὶ
2907 760 2974 814 τὰ
3020 759 3152 837 νέφη
3229 765 3306 832 τῷ
3370 759 3521 815 ὕδατι
3583 761 3854 838 ἐμφαινό-

2203 872 2330 925 μενα
2397 848 2697 926 μελάντερα
2762 847 2998 928 φαίνεται
3045 851 3080 917 ἢ
3156 851 3270 903 κατ’
3341 851 3637 927 εὐθυωρίαν
3712 850 3856 923 ὁρώ-

2203 961 2352 1013 μενα.
2414 940 2512 994 Καὶ
2594 941 2804 993 πάντων
2886 936 3092 991 τούτων
3163 934 3332 992 αἷίτιον
3405 941 3439 1006 ἡ
3497 945 3599 1008 τῆς
3676 935 3858 1010 ὅψεως

2199 1029 2478 1090 ἆπότασις.
2529 1031 2690 1082 Ὅσον
2756 1028 2860 1102 γὰρ
2928 1026 3258 1080 ἀποτείνεται
3326 1026 3536 1103 πόρῥω,
3589 1031 3856 1082 τοσοῦτον

2201 1118 2290 1172 καὶ
2355 1115 2660 1192 ἀτονωτέρα
2716 1115 2938 1191 γίνεται·
3007 1116 3097 1169 καὶ
3163 1113 3289 1170 ὅσον
3359 1116 3693 1192 ἀτονωτέρα,
3768 1137 3859 1171 το-

2203 1211 2396 1261 σοῦτον
2441 1206 2529 1260 καὶ
2579 1204 2880 1280 μελάντερα
2928 1209 3244 1282 φαντάζεται
3292 1207 3359 1259 τὰ
3397 1205 3673 1281 ὁρώμενα,
3711 1205 3860 1274 πλη-

2204 1297 2460 1364 σιάζουσα
2524 1299 2602 1364 τῷ
2669 1297 2746 1365 μὴ
2814 1292 3066 1369 ἐνεργεῖν.
3134 1293 3304 1348 Ταυτό
3364 1291 3422 1348 δέ
3490 1293 3600 1348 έστι
3660 1294 3732 1348 τό
3806 1314 3866 1347 τε

2207 1385 2481 1459 ὁρώμενον
2526 1380 2670 1436 πολὺ
2728 1389 2829 1451 τῆς
2869 1377 3045 1456 ὅψεως
3107 1382 3512 1452 ἀποστήσαντας
3586 1384 3723 1458 ὁρᾷν
3775 1384 3866 1437 καὶ

2205 1475 2303 1542 τὴν
2336 1468 2457 1546 ὄψιν
2491 1471 2656 1539 αὐτήν
2691 1473 2899 1547 ὁρῶσαν
2948 1478 3172 1540 ποιῆσαι
3223 1469 3311 1526 διὰ
3359 1469 3574 1527 πολλοῦ
3631 1469 3866 1542 διαστή-

2215 1583 2399 1634 ματος.
2467 1559 2663 1633 Ὁμοία
2725 1560 2826 1636 γὰρ
2885 1567 2985 1627 τῆς
3053 1556 3230 1632 ὅψεως
3278 1563 3312 1628 ἡ
3362 1559 3645 1622 ἀπότασις.
3716 1563 3870 1615 ’Ὀθεν

2211 1652 2299 1705 καὶ
2329 1651 2394 1704 τά
2424 1647 2494 1703 δι’
2521 1647 2862 1710 ἀνακλάσεως
2895 1649 3147 1722 ὁρώμενα
3179 1646 3267 1702 διὰ
3318 1647 3576 1711 πλείονος
3631 1647 3872 1718 διαστῆ-

2219 1760 2384 1812 ματος
2413 1741 2448 1808 ἡ
2476 1734 2600 1812 ὄψις
2631 1739 2833 1813 ὁρῶσα,
2857 1738 2891 1805 ἢ
2927 1736 3073 1811 εἷ’περ
3115 1737 3196 1792 ἐπ’
3231 1737 3431 1799 εὐθείας
3482 1739 3628 1814 έώρα
3674 1743 3870 1800 ταῦτα,

2218 1827 2438 1889 εἰκότως
2469 1827 2782 1904 φαντάζεται
2815 1826 2903 1880 καὶ
2939 1823 3254 1902 μελάντερα.

2296 2008 2359 2069 ς’.
2394 2005 2524 2082 Περὶ
2559 2005 2653 2077 μὲν
2687 2005 2778 2058 οῦν
2809 2009 2916 2058 τῶν
2962 2009 3123 2079 τριῶν
3157 2006 3470 2080 χρωμάσων
3520 2012 3624 2074 τῆς
3678 2004 3880 2081 ἴριδος,

2223 2100 2320 2149 τοῦ
2370 2098 2636 2172 φοινικοῦ,
2687 2098 2783 2148 τοῦ
2836 2093 3118 2168 πρασίνου,
3164 2099 3260 2147 τοῦ
3324 2093 3620 2169 ἁλουργοῦ,
3675 2095 3882 2171 φθάσῃ

2227 2187 2254 2240 ὁ
2304 2183 2467 2258 λόγος
2523 2177 2790 2239 διέλαϐεν·
2845 2182 2926 2236 ὅτι
2975 2179 3032 2237 δὲ
3091 2181 3285 2255 μεταξὺ
3333 2187 3430 2237 τοῦ
3487 2189 3749 2260 φοινικοῦ
3796 2185 3885 2238 καὶ

2223 2279 2320 2328 τοῦ
2373 2273 2630 2348 πρασίνου
2688 2272 2873 2342 ξανθὸν
2926 2271 3270 2349 ὑποφαίνεταί
3333 2293 3385 2327 τι
3455 2271 3507 2326 έν
3575 2277 3648 2345 τῇ
3725 2272 3884 2349 ἴριδι,

2224 2367 2385 2416 τοῦτο
2428 2359 2577 2416 δοκεῖ
2626 2363 2700 2434 μή
2752 2361 3027 2438 φαίνεσθαι
3075 2358 3164 2414 διὰ
3215 2362 3314 2428 τὴν
3383 2359 3708 2415 ἀνάκλασιν“
3761 2362 3885 2417 ἀλλ’

2230 2451 2289 2506 έκ
2333 2459 2433 2520 τῆς
2477 2454 2572 2504 τοῦ
2619 2454 2864 2527 φοινικοῦ
2912 2449 3000 2504 καὶ
3048 2453 3146 2505 τοῦ
3193 2449 3454 2526 πρασίνου
3504 2450 3885 2526 παραλλήλου

2229 2538 2520 2615 φαντασίας
2607 2539 2996 2612 άπογεννᾶσθαι
3075 2540 3175 2607 τήν
3230 2543 3326 2593 τοῦ
3392 2539 3606 2609 ξανθοῦ.
3679 2542 3884 2595 Λευκὸν

2234 2629 2328 2701 μὶν
2386 2629 2489 2702 γὰρ
2540 2626 2720 2702 ἠρέμα
2765 2629 2827 2681 τὸ
2875 2631 3171 2704 φοινικοῦν·
3221 2627 3498 2702 ὁρώμενον
3551 2624 3614 2682 δὲ
3645 2631 3804 2705 παρὰ
3829 2632 3886 2684 τὸ

2230 2717 2510 2793 πράσινον,
2590 2714 2908 2790 λευκότερον
2993 2715 3256 2792 φαίνεται,
3341 2717 3592 2770 τουτέστι
3677 2718 3883 2787 ξανθόν.

2229 2807 2298 2860 Τὸ
2330 2807 2432 2880 γὰρ
2481 2805 2664 2880 ἠρέμα
2713 2804 2903 2860 λευκὸν
2949 2805 3093 2880 παρά
3134 2806 3197 2860 τὸ
3249 2801 3576 2880 μελάντερον
3630 2807 3882 2879 κείμενον

2231 2893 2395 2950 πλέον
2449 2893 2637 2948 λευκὸν
2686 2894 2721 2962 ἢ
2774 2890 2883 2948 ἔστι
2943 2891 3108 2952 δοκεῖ.
3156 2894 3249 2948 Διὸ
3296 2893 3384 2948 καὶ
3433 2893 3560 2949 ὅταν
3591 2893 3629 2969 ᾗ
3679 2894 3890 2973 σφόδρα

2236 2991 2403 3066 μέλαν
2435 2993 2498 3047 τὸ
2529 2991 2710 3070 νέφος,
2741 2994 2775 3060 ἡ
2808 2999 3024 3070 φοινικῆ
3059 2991 3313 3064 σύμπασα
3358 2992 3678 3070 περιφέρεια
3723 2997 3887 3064 ξανθὴ

2233 3081 2354 3158 φαίν
2364 3101 2495 3140 εται,

2305 3173 2365 3240 ζ’.
2396 3171 2466 3225 Τὸ
2524 3167 2582 3224 δὲ
2649 3169 2940 3245 λευκότερα
3009 3168 3285 3247 φαίνεσθαι
3331 3171 3398 3224 τὰ
3443 3172 3610 3238 ἧττον
3676 3169 3889 3244 μέλανα

2234 3261 2380 3335 παρά
2424 3260 2487 3315 τὸ
2539 3256 2748 3333 μᾶλλον
2805 3258 2970 3330 μέλαν
3019 3258 3290 3333 ὁρώμενα,
3321 3260 3410 3313 καὶ
3459 3262 3494 3328 ἡ
3535 3258 3597 3314 ἐκ
3642 3267 3756 3329 τῆς
3807 3283 3888 3315 σε·

481 3331 662 3406 clarat
691 3350 864 3405 etiam
901 3349 1004 3404 iris
1035 3367 1160 3420 qum
1191 3331 1259 3404 ex
1289 3350 1427 3404 luna
1457 3331 1936 3424 [oboritur].Alba
1963 3331 2110 3411 enim

2239 3331 2414 3419 λήνης
2443 3331 2550 3425 ἷ’ρις
2581 3345 2764 3418 δηλοῖ·
2802 3346 2966 3416 λευκὴ
2999 3331 3098 3422 γάρ
3134 3345 3265 3401 ἐστι·
3317 3344 3454 3401 διότι
3505 3347 3603 3401 κάν
3653 3353 3743 3420 τῷ
3802 3371 3891 3421 με-

479 3443 587 3508 est,
620 3456 753 3494 cum
791 3440 930 3510 quia
959 3440 1017 3493 in
1051 3440 1205 3494 nube
1254 3439 1593 3511 nigerrima,
1624 3447 1748 3496 tum
1783 3444 1920 3514 quia
1951 3449 2123 3500 noctu

477 3527 544 3581 ﬁt
574 3527 879 3598 apparitio.
917 3533 1059 3582 Dum
1097 3545 1232 3600 ergo
1265 3529 1496 3600 nigrum
1531 3531 1686 3585 circa
1716 3532 1864 3588 hanc
1895 3536 2123 3604 appari-

480 3615 698 3670 tionem
727 3615 1143 3687 duplicatur,et
1168 3619 1482 3688 puniceum
1516 3619 1686 3675 istius
1708 3621 1870 3676 iridis
1902 3621 2122 3689 album,

481 3708 538 3760 et
585 3705 774 3759 caeteri
826 3705 1048 3760 colores
1101 3712 1257 3761 certa
1303 3708 1558 3778 quadam
1609 3709 1831 3764 ratione
1879 3710 2128 3768 albiores

482 3793 772 3859 videntur,
808 3811 872 3848 ac
926 3794 1054 3850 ideo
1085 3795 1259 3850 etiam
1293 3811 1496 3852 omnes
1529 3798 1600 3852 ad
1646 3797 1842 3854 album
1877 3801 2126 3856 confun-

484 3881 726 3936 duntur.

554 3972 606 4023 8.
661 3974 848 4040 Atque
898 3971 1002 4026 iris
1051 3990 1084 4026 a
1133 3973 1273 4028 luna
1319 3974 1638 4028 rariuscule
1687 3977 1771 4044 ﬁt,
1823 3982 2126 4049 propterea

484 4059 639 4127 quod
673 4060 905 4130 quando
939 4061 1021 4121 fit.
1047 4062 1101 4114 in
1137 4060 1259 4116 solo
1289 4062 1609 4132 plenilunio
1643 4064 1760 4118 fieri
1794 4066 2117 4134 consuevit;

481 4155 538 4202 et
568 4153 693 4202 tum
725 4149 898 4202 etiam
934 4150 1020 4204 vel
1053 4149 1274 4205 oriente
1303 4151 1390 4205 vel
1422 4152 1718 4207 occidente
1750 4153 1908 4209 luna.

548 4327 602 4380 9.
635 4327 681 4380 A
712 4325 832 4381 sole
880 4332 1074 4381 autem
1120 4328 1267 4382 bina:
1317 4328 1493 4383 etiam
1526 4345 1675 4399 saepe
1720 4331 1897 4387 irides
1941 4351 2120 4404 appa-

477 4421 609 4469 rent
640 4415 681 4448 ¹⁸
709 4459 722 4480 ,
757 4432 873 4469 una
903 4415 1137 4486 quidem
1173 4417 1430 4482 interior,
1466 4417 1650 4473 altera
1679 4436 1811 4475 vero
1851 4423 2120 4490 exterior,

478 4507 533 4557 et
563 4503 800 4559 alteram
834 4505 1354 4575 comprehendens,
1384 4507 1741 4578 majorisque
1770 4509 1969 4564 circuli
2002 4528 2124 4583 seg-

480 4599 744 4647 mentum
797 4593 1120 4659 exsistcns;
1173 4611 1299 4664 quae
1350 4600 1505 4651 certe
1553 4597 1707 4652 244
1755 4598 2123 4656 obscuriores

2237 3437 2486 3509 λαντάτῳ
2534 3435 2677 3514 νέφει
2723 3439 2758 3506 ἡ
2810 3434 3057 3514 ἔμφασις,
3109 3433 3249 3490 διότι
3303 3437 3397 3490 κάν
3449 3436 3621 3492 νυκτί.
3681 3437 3890 3492 Διπλα-

2237 3528 2557 3599 σιαζομένου
2640 3525 2817 3580 τοίνυν
2865 3529 2962 3580 τοῦ
3019 3523 3143 3600 περὶ
3198 3526 3296 3593 τὴν
3357 3521 3586 3603 ἔμφασιν
3650 3526 3893 3598 μέλανος

2233 3616 2296 3670 τό
2337 3637 2396 3670 τε
2443 3619 2720 3694 φοινικοῦν
2768 3621 2866 3683 τῆς
2913 3610 3085 3688 ἴριδος
3130 3613 3334 3684 ταύτης
3381 3611 3572 3668 λευκὸν
3620 3615 3892 3691 φαίνεται,

2233 3704 2322 3758 καὶ
2379 3701 2557 3759 τᾶλλα
2632 3703 2903 3778 χρώματα
2970 3702 3106 3777 πρὸς
3183 3700 3347 3776 λόγον
3436 3701 3761 3778 λευκότερα”
3816 3701 3897 3758 διὸ

2233 3793 2322 3848 καὶ
2356 3793 2674 3868 συγχέονται
2705 3793 2874 3845 πάντα
2901 3791 3035 3866 πρὸς
3062 3791 3126 3844 τὸ
3158 3789 3370 3846 λευκόν.

2307 3972 2376 4040 η’.
2407 3976 2467 4026 Ἡ
2501 3971 2594 4039 μὲν
2628 3967 2719 4024 οῦν
2753 3968 2858 4022 ἀπὸ
2887 3975 2987 4037 τῆς
3027 3966 3268 4037 σελήνης
3319 3965 3422 4042 ἴρις
3468 3969 3608 4022 κατά
3650 3971 3719 4023 τὸ
3768 3974 3898 4025 σπα-

2231 4081 2344 4114 νιον
2377 4059 2598 4135 γίνεταιο
2634 4055 2771 4113 διότι
2807 4057 2895 4112 ὅτε
2941 4058 3031 4111 καὶ
3081 4056 3304 4132 γίνεται.
3355 4056 3407 4110 ἐν
3455 4056 3595 4129 μόνῃ
3640 4079 3705 4113 τε
3766 4081 3893 4114 παν-

2233 4147 2450 4221 σελήνῳ
2502 4146 2706 4226 πέφυκε
2748 4147 3006 4222 γίνεσθαι,
3056 4146 3145 4200 καὶ
3209 4145 3331 4201 τότε
3381 4147 3416 4214 ἢ
3477 4144 3896 4218 ἀνατελλούσης

2232 4239 2267 4307 ἢ
2302 4235 2538 4306 δυούσης
2566 4238 2665 4303 τῆς
2696 4235 2955 4305 σελήνης.

2303 4328 2364 4383 θ’.
2399 4326 2534 4381 Ἀπὸ
2585 4323 2642 4379 δὲ
2683 4329 2779 4379 τοῦ
2824 4322 2990 4393 ἡλίου
3037 4323 3126 4378 καὶ
3176 4321 3272 4378 δύο
3338 4321 3612 4385 πολλάκις
3665 4325 3896 4400 φαίνον-

2230 4436 2316 4468 ται
2368 4411 2560 4489 ἴριδες,
2611 4416 2645 4482 ἡ
2697 4413 2789 4484 μὲν
2839 4407 3121 4488 ἐνδοτέρω,
3169 4414 3204 4481 ἡ
3256 4408 3303 4466 δ’
3344 4411 3611 4487 ἐξωτέρω,
3653 4414 3755 4468 καὶ
3804 4436 3892 4469 πε-

2235 4504 2496 4579 ριέχουσα
2541 4504 2640 4571 τήν
2706 4503 2887 4576 ἑτέραν
2942 4501 3030 4556 καὶ
3091 4507 3289 4573 τμῆμα
3360 4501 3612 4573 μείζονος
3680 4501 3893 4558 κύκλου

2230 4593 2590 4668 τυγχάνουσα·
2653 4591 2688 4660 ἢ
2754 4588 2821 4659 δή
2877 4590 2968 4644 καὶ
3046 4589 3388 4666 ἀμαυρότερα
3467 4589 3535 4644 τὰ
3615 4593 3894 4665 χρώματα

479 4681 700 4736 colores
750 4688 1121 4754 repressentat
1153 4684 1268 4737 situ
1319 4685 1491 4738 etiam
1526 4685 1726 4756 prima
1769 4703 1837 4741 ex
1887 4689 2110 4744 adversz

2237 4679 2464 4737 δείκνυσι
2522 4680 2611 4734 καὶ
2664 4681 2798 4734 κατά
2853 4680 2952 4746 τήν
2997 4678 3137 4733 θέσιν
3196 4678 3248 4749 ἐξ
3308 4677 3541 4740 ἐναντίας
3597 4683 3668 4752 τῇ
3704 4683 3895 4755 πρώτῃ

481 4777 538 4825 et
567 4772 795 4826 inverso
826 4778 986 4842 parte
1009 4773 1397 4841 positos.Cum
1427 4776 1580 4828 enim
1606 4774 1844 4830 interior
1861 4781 1917 4830 et
1939 4778 2125 4839 prima

481 4861 583 4915 iris
617 4861 864 4931 primam
894 4865 949 4916 et
981 4862 1341 4932 superiorem
1364 4863 1893 4918 circumferentiam
1917 4865 2125 4921 habeat

478 4950 784 5021 puniceam
813 4968 825 5016 ;
851 4951 1441 5014 secundani,viridem
1470 4969 1482 5016 ;
1508 4954 1739 5007 tertiam
1773 4955 2076 5010 caeruleam
2107 4975 2121 5012 :

477 5039 725 5093 exterior
777 5041 1129 5094 etsecunda
1179 5039 1280 5095 iris
1330 5041 1666 5096 exteriorem
1720 5043 1958 5113 quidem
2007 5045 2123 5099 cir-

475 5127 917 5182 cumferentiam
969 5128 1142 5182 habet
1189 5129 1535 5196 caeruleam;
1594 5132 1932 5197 secundam,
1987 5133 2120 5186 viri-

474 5216 605 5270 dem
632 5216 928 5282 ;inlimam
963 5218 1270 5288 puniceam
1297 5236 1309 5284 ;
1333 5219 1474 5272 adeo
1508 5223 1572 5272 ut
1602 5221 1912 5290 utriusque
1942 5221 2119 5276 etiam

473 5304 640 5360 iridis
673 5305 902 5375 punicei
951 5306 1172 5361 colores
1207 5308 1466 5377 proxime
1499 5308 1567 5362 ad
1600 5325 1661 5363 se
1699 5308 1946 5363 invicem
1981 5326 2117 5364 con-

473 5394 813 5448 stituantur.

548 5484 630 5536 10.
673 5481 877 5535 Dicunt
923 5482 1103 5553 igitur
1133 5482 1312 5553 aliqui
1363 5485 1680 5540 secundam
1713 5485 1864 5541 hanc
1913 5486 2118 5542 iridem

473 5572 616 5635 fieri,
651 5570 790 5624 dum
823 5570 982 5624 visus
1013 5572 1086 5625 ab
1117 5571 1393 5626 exteriore
1444 5573 1598 5628 nube
1629 5575 1699 5629 ad
1733 5577 1984 5646 primam
2017 5575 2116 5629 iri-

547 5774 588 5809 ¹⁷
617 5773 651 5827 3
683 5771 918 5828 Meteor.
953 5785 1003 5824 c.
1037 5769 1090 5824 4.
1174 5767 1212 5802 ¹⁸
1242 5769 1275 5823 3
1306 5768 1542 5825 Meteor.
1575 5786 1625 5825 c.
1656 5771 1710 5824 4.

2234 4771 2322 4824 καὶ
2373 4769 2633 4824 ἀνάπαλιν
2682 4769 2920 4838 κείμενα.
2969 4774 3076 4836 Τῆς
3124 4769 3223 4843 γὰρ
3286 4764 3550 4842 ἐνδοτέρω
3595 4769 3687 4822 καὶ
3740 4772 3892 4845 πρώ-

2233 4881 2334 4928 της
2369 4856 2540 4930 ἴριδος
2569 4859 2668 4925 τὴν
2719 4857 2942 4931 πρώτην
2997 4855 3232 4930 ἐχούσης
3268 4856 3356 4910 καὶ
3417 4855 3675 4931 ἀνωτέρω
3739 4879 3891 4935 περι-

2235 4949 2446 5025 φέρειαν
2510 4951 2781 5022 φοινικῆν,
2839 4946 2938 5012 τήν
3015 4943 3260 5018 δευτέραν
3319 4944 3606 5018 πρασίνην,
3668 4948 3777 5016 τὴν
3835 4945 3889 5000 δὲ

2231 5037 2419 5112 τρίτην
2467 5034 2760 5110 ἁλουργόν·
2807 5036 2841 5102 ἡ
2886 5033 3135 5104 ἐξωτάτω
3183 5033 3270 5087 καὶ
3335 5031 3555 5109 δευτέρα
3627 5031 3742 5110 ἴρις
3793 5038 3888 5104 τήν

2238 5128 2330 5200 μὲν
2388 5125 2629 5198 ἐξωτέρω
2676 5125 3016 5200 περιφέρειαν
3069 5119 3186 5198 ἔχει
3237 5119 3528 5198 ἁλουργὸν,
3558 5123 3661 5191 τὴν
3714 5121 3889 5180 δευτὲ·

2234 5237 2326 5292 ραν
2367 5214 2654 5289 πρασίνην,
2702 5213 2800 5280 τήν
2853 5209 3120 5266 ἐνδοτάτω
3171 5207 3227 5265 δὲ
3269 5214 3538 5290 φοινικῆν
3589 5213 3670 5274 ὡς
3750 5213 3889 5282 πληο

2233 5304 2346 5359 σίον
2379 5301 2643 5372 ἀλλήλων
2674 5302 2880 5356 νεῖσθαι
2921 5301 3011 5356 καὶ
3061 5300 3380 5378 ἀμφοτέρων
3425 5305 3531 5355 τῶν
3587 5298 3784 5377 ἱρίδων
3828 5303 3891 5356 τὰ

2232 5400 2466 5449 φοινικᾶ.

2245 5459 2253 5470 ⁸
2303 5491 2349 5541 ι’.
2397 5483 2544 5543 Τινὲς
2597 5480 2689 5552 μέν
2749 5476 2840 5534 οῦν
2887 5499 3013 5557 φασι
3060 5481 3160 5547 τήν
3213 5477 3319 5550 ἶριν
3373 5476 3578 5548 ταύτην
3638 5476 3886 5554 γίνεσθαι

2225 5574 2325 5640 τὴν
2360 5569 2628 5646 δευτέραν,
2661 5565 3054 5641 ἀνακλωμένης
3083 5569 3181 5636 τῆς
3212 5563 3386 5640 ὅψεως
3429 5565 3488 5621 έκ
3534 5571 3634 5620 τοῦ
3684 5566 3880 5638 egone-
