4024 6488
466 459 618 520 1207

1711 457 2137 524 NICEPHORI
2180 458 2614 521 BLEMMIDE

3748 459 3914 521 1208

466 591 619 662 quod
650 591 1059 647 refractionum
1091 592 1506 664 impressiones
1535 594 1780 650 inﬁrma:
1813 595 2105 667 sint,quia

2241 611 2332 644 των
2394 587 2481 644 δια
2534 591 2634 660 τήν
2689 590 2879 660 ἀσθενῆ
2937 595 3045 645 τῶν
3100 589 3443 645 ἀνακλάσεων
3503 583 3861 666 προσϐολήν
3899 637 3910 654 ,

466 678 746 733 nimirum
778 684 1011 735 remota;
1041 685 1098 735 et
1127 683 1367 753 exiguae.
1400 682 1470 737 Et
1502 685 1560 738 in
1593 702 1806 740 corona
1837 686 2105 740 refractio

466 767 533 821 ﬁt
561 769 633 822 ab
663 784 812 834 aere,
847 769 947 840 qui
1005 771 1328 825 secundum
1369 776 1638 828 naturam
1691 774 1990 829 candidior
2019 777 2109 830 est

469 871 648 926 quam
678 873 867 928 aqua;
901 861 958 912 et
986 859 1124 928 quia
1170 876 1346 931 prope
1378 861 1460 929 fit,
1494 862 1941 933 impressionem
1973 864 2110 918 facit

469 945 806 1001 fortissime.
836 948 996 1012 Quod
1020 949 1176 1003 enim
1199 956 1437 1021 apparet
1468 952 1526 1006 in
1560 952 1888 1016 illa,subter
1911 953 2107 1026 ipsum

469 1038 528 1089 et
555 1034 709 1090 circa
736 1036 931 1107 ipsum
989 1039 1224 1109 specula
1255 1044 1467 1110 gestat,
1500 1058 1613 1096 non
1644 1058 1712 1097 ex
1741 1043 1983 1098 adversa
2015 1059 2108 1098 re-

470 1123 640 1196 gione
669 1125 875 1195 ipsius.

544 1215 629 1267 17.
663 1216 1025 1287 Quapropter
1055 1233 1270 1272 corona
1326 1218 1560 1288 quidem
1592 1236 1742 1290 saepe
1773 1221 1949 1276 etiam
1983 1238 2110 1292 per-

471 1301 656 1356 fectus
715 1303 964 1359 circulus
1020 1310 1298 1376 apparet;
1333 1311 1392 1360 at
1422 1306 1524 1361 iris
1583 1325 1884 1379 nunquam
1927 1311 2114 1380 major

469 1391 859 1459 semicirculo,
894 1399 1196 1465 propterea
1252 1397 1404 1466 quod
1457 1413 1646 1468 neque
1677 1399 1830 1453 circa
1859 1397 1917 1453 id
1952 1400 2110 1470 quod

472 1485 712 1552 apparet
739 1481 800 1536 in
830 1482 977 1553 ipsa,
1010 1484 1315 1555 consistat,
1347 1490 1411 1540 ut
1441 1502 1688 1552 corona;
1724 1504 1910 1559 neque
1937 1506 2114 1560 supra

473 1568 832 1625 horizontem
864 1589 964 1626 seu
999 1573 1286 1628 finitorem
1319 1574 1605 1630 circulum
1655 1575 1787 1646 plus
1819 1578 1896 1632 sit
1927 1577 2112 1632 hemi-

475 1657 862 1729 sphmrio,sub
893 1661 1048 1731 quod
1080 1662 1556 1734 hemispbarium
1580 1664 1766 1720 nubes
1797 1666 2115 1723 constituta

478 1750 585 1814 est,
617 1747 678 1801 in
711 1764 828 1819 qua
853 1750 1015 1804 visus
1047 1750 1253 1806 iridem
1285 1757 1612 1808 contuetur.

554 1836 738 1891 18-19.
791 1839 949 1900 Quod
1004 1843 1198 1895 autem
1257 1857 1371 1896 non
1404 1842 1506 1896 fiat
1535 1843 1711 1897 etiam
1753 1843 1905 1898 circa
1935 1843 2116 1898 solem

2215 677 2296 733 ὅτι
2357 678 2636 754 πόρρωθεν
2688 681 2777 734 καὶ
2837 680 2921 734 δτι
2979 679 3183 754 ὀλίγαι.
3247 679 3369 734 Ἐπὶ
3429 677 3488 734 δὲ
3535 686 3644 748 τῆς
3708 679 3902 734 ﬁlum?

2215 768 2508 830 ἀνάκλασις
2565 768 2670 822 ἀπὸ
2723 769 2878 845 ἀέρος
2937 791 2994 824 τε
3050 768 3274 844 γίνεται,
3329 767 3388 830 ὅς
3447 766 3559 822 ἐστι
3611 773 3726 823 τοῦ
3774 767 3906 822 i351-

2213 877 2308 917 τος
2362 858 2499 911 κατά
2556 857 2709 935 φύσιν
2772 855 3114 934 λευκότερος,
3165 857 3254 911 καί
3315 857 3535 933 ἐγγύθεν
3611 859 3901 930 γινομένη

2215 940 2553 1021 προσϐάλλει
2586 945 3043 1022 ἐρρωμενέστατα.
3079 946 3178 1000 Καὶ
3207 947 3308 1022 γὰρ
3340 946 3401 1000 τὸ
3451 945 3901 1024 ἐμφαινόμενον,

2219 1033 2306 1109 ὑφ’
2337 1034 2492 1087 ἑαυτὸ
2523 1033 2668 1110 φέρει
2699 1036 2767 1090 τὰ
2791 1040 3067 1111 κάτοπτρα
3118 1036 3208 1089 καὶ
3234 1034 3356 1108 περὶ
3389 1035 3540 1104 αὐτὸ,
3588 1034 3652 1089 οὗ
3698 1037 3821 1107 μὴν
3854 1036 3900 1105 ἐξ

2219 1121 2458 1184 ἐναντίας
2489 1123 2674 1177 αὐτοῦ.

2294 1217 2373 1279 ιζ’.
2434 1213 2526 1265 Διὸ
2576 1215 2609 1282 ἡ
2675 1214 2767 1285 μὲν
2826 1210 2976 1274 ἅλως
3032 1212 3272 1291 φαίνεται
3324 1211 3601 1275 πολλάκις
3649 1214 3762 1267 καὶ
3806 1214 3900 1267 r3-

2218 1298 2354 1362 κλος
2403 1299 2732 1376 ὁλόκληρος·
2783 1305 2818 1371 ἡ
2865 1299 2910 1356 δ’
2957 1298 3062 1378 ἶρις
3111 1299 3234 1356 οὐδὲ
3286 1301 3482 1374 μείζων
3533 1301 3899 1374 ἡμικυκλίου

2219 1389 2370 1461 ποτὶ,
2435 1388 2524 1444 διὰ
2578 1390 2639 1444 τὸ
2699 1393 2835 1464 μήνε
2892 1391 3046 1467 πέριξ
3110 1395 3209 1445 τοῦ
3267 1389 3679 1464 ὲμφαινομένου
3751 1394 3898 1446 συνὲ-

2223 1481 2439 1532 στασθαι
2489 1479 2725 1554 καθάπερ
2782 1483 2817 1550 ἡ
2870 1478 3018 1542 ἅλως
3053 1527 3068 1552 ,
3129 1481 3258 1553 μήτ’
3313 1479 3378 1534 αὖ
3429 1481 3563 1555 ὑπὲρ
3613 1480 3719 1535 τὸν
3791 1481 3899 1556 cpi.

2227 1573 2383 1636 ζοντα
2440 1567 2607 1623 πλέον
2679 1568 2809 1623 εἶναι
2880 1573 2979 1624 τοῦ
3037 1567 3444 1647 ἡμισφαιρίου,
3507 1569 3605 1646 ὑφ’
3661 1570 3697 1623 ’ὁ
3763 1573 3896 1641 ἡμιο

2225 1655 2469 1732 σφαίριον
2523 1656 2873 1712 ὑποτέτακται
2919 1655 2982 1712 τὸ
3029 1657 3207 1734 νέφος,
3241 1656 3291 1711 έν
3323 1658 3370 1728 ᾧ
3400 1659 3434 1726 ἡ
3467 1656 3598 1730 ὄψις
3643 1659 3759 1725 τήν
3799 1655 3895 1734 ἶριν

2227 1746 2566 1822 φαντάζεται.
3299 1751 3301 1754 ⁴

2302 1836 2476 1902 ιη’-ιϐ’
2510 1880 2523 1892 .
2603 1840 2708 1889 Τοῦ
2795 1833 2855 1890 δὲ
2939 1837 3015 1907 μὴ
3097 1835 3332 1911 γίνεσθαι
3409 1836 3498 1889 καὶ
3589 1835 3758 1918 περὶ,
3813 1835 3896 1889 τὸν

480 1924 768 1980 concretio
807 1927 1164 1996 ejuscemodi
1197 1929 1578 2001 praehumida,
1610 1931 1801 2002 qualis
1827 1932 2002 1987 etiam
2033 1937 2121 1988 est

2241 1920 2386 1992 ἥλιον
2429 1923 2684 1994 τοιαύτην
2735 1925 3007 2000 κάθυγρον
3058 1925 3303 1978 σύστασιν
3355 1923 3548 1978 ὁποίαν
3603 1925 3704 1978 καὶ
3742 1923 3896 1978 ἀπεν-

481 2027 512 2067 e
541 2013 773 2084 regione
795 2013 992 2081 illius;
1024 2015 1165 2072 solis
1196 2017 1352 2073 calor
1381 2035 1559 2075 causa
1584 2029 1691 2076 est.
1751 2021 1898 2076 Nam
1932 2026 2032 2077 aut
2060 2021 2118 2076 in

481 2118 696 2173 aquam
725 2102 879 2159 illico
929 2106 1181 2162 transire
1211 2107 1347 2162 facit
1378 2109 1592 2164 nubem
1641 2115 1743 2165 aut
1771 2109 2036 2166 dissolvit
2066 2115 2122 2167 et

481 2195 743 2247 attenuat
769 2196 827 2247 et
856 2193 1152 2266 disgregat
1171 2195 1742 2268 concretionem,nisi
1773 2199 2118 2256 crassiorem

481 2294 610 2336 esse
641 2281 1008 2353 contingerit.
1043 2287 1182 2338 Cum
1252 2288 1446 2340 autem
1495 2287 1580 2342 sol
1652 2305 1720 2343 ex
1776 2290 2017 2344 adverso
2065 2294 2123 2344 et

478 2369 682 2440 procul
712 2387 746 2424 a
773 2372 1139 2427 concretione
1188 2374 1361 2429 nubis
1393 2375 1603 2431 existat
1631 2395 1644 2444 ;
1714 2377 1946 2433 interim
1978 2379 2120 2434 dum

481 2473 635 2528 aqua
663 2459 786 2525 ﬁat,
821 2476 984 2515 mora
1007 2461 1183 2517 etiam
1217 2465 1484 2534 quaedam
1515 2470 1573 2520 et
1610 2469 1844 2540 tempus
1874 2467 2123 2523 interve-

481 2547 602 2613 nit;
636 2552 700 2602 ut
728 2549 848 2603 sint
897 2549 1102 2621 aliquae
1154 2552 1327 2608 nubis
1377 2554 1529 2609 248
1579 2555 1878 2626 particulae
1902 2557 2027 2627 jam
2060 2556 2119 2610 in

483 2651 697 2706 aquam
729 2641 963 2692 mutatae
993 2655 1255 2710 prorsus,
1287 2658 1414 2712 quae
1441 2647 1636 2698 tamen
1665 2645 1924 2699 nondum
1956 2643 2122 2699 stilla:

485 2724 643 2792 sint;
673 2725 732 2779 in
763 2727 979 2797 quibus
1033 2730 1233 2800 aqueis
1264 2731 1439 2787 nubis
1498 2732 1827 2803 particulis,
1863 2734 2030 2805 quasi
2062 2734 2121 2788 in

485 2814 760 2885 speculis,
795 2815 896 2871 iris
921 2817 1217 2884 cernitur;
1253 2818 1395 2874 alias
1427 2821 1662 2891 quidem
1697 2823 2121 2887 semicirculus,

485 2903 630 2959 alias
664 2905 856 2960 minor
885 2907 1590 2981 semicirculo,nunquam
1624 2914 1827 2984 major.
1863 2914 1929 2968 Et
1958 2911 2127 2969 semi-

486 2992 741 3049 circulus
766 2995 1003 3066 quidem
1025 3013 1158 3051 cum
1182 2998 1268 3052 sol
1290 2998 1349 3053 in
1379 2999 1676 3056 horizonte
1695 3001 1907 3067 fuerit;
1936 3004 2128 3060 minor

483 3086 675 3137 autem
710 3083 1096 3150 semicirculo,
1155 3087 1388 3157 quando
1441 3087 1524 3143 sol
1556 3106 1735 3161 supra
1764 3090 2125 3148 horizontem

483 3171 659 3226 fuerit
688 3173 751 3226 ιθ.
783 3172 929 3226 Nam
957 3177 1220 3228 centrum
1254 3175 1459 3231 solaris
1491 3177 1831 3248 corporis,et
1860 3184 2124 3236 centrum

481 3259 798 3316 horizontis
830 3261 888 3316 in
920 3279 1034 3333 quo
1065 3263 1228 3318 visus
1258 3269 1366 3330 est,
1407 3271 1463 3320 et
1491 3272 1757 3322 centrum
1791 3269 1990 3324 circuli
2021 3269 2121 3324 iri-

481 3348 596 3415 dis,
652 3349 949 3421 hujusque
999 3351 1167 3423 polus
1224 3353 1284 3408 in
1343 3371 1462 3410 una
1492 3360 1650 3410 recta
1694 3361 1876 3412 sunt:
1917 3363 2122 3431 estque

480 3442 656 3504 recta,
711 3439 996 3495 diameter
1049 3439 1297 3497 caelestis
1366 3444 1628 3514 sphaerae,
1687 3445 1967 3516 quoniam
2025 3464 2127 3519 per

477 3530 742 3581 centrum
773 3526 1088 3584 horizontis
1110 3528 1366 3602 [transit]
1389 3531 1488 3603 qui
1513 3533 1804 3589 maximus
1825 3539 1917 3589 est
1938 3535 2124 3591 circu-

480 3613 593 3670 lus.
629 3617 922 3681 Quantum
953 3617 1130 3687 igitur
1157 3619 1245 3674 sol
1276 3637 1456 3692 supra
1486 3621 1846 3678 horizontem
1879 3628 2123 3692 est,tan-

477 3706 605 3756 tum
637 3701 807 3774 polus
839 3704 1038 3759 circuli
1069 3706 1235 3763 iridis
1290 3709 1441 3764 infra
1469 3709 1850 3765 horizontem.
1886 3713 1954 3766 Et
1985 3730 2127 3784 quo-

480 3789 636 3845 niam
671 3791 892 3846 oriente
922 3798 1025 3848 aut
1053 3795 1348 3852 occidente
1403 3797 1524 3852 sole
1580 3798 1890 3855 dimidium
1926 3800 2128 3856 circuli

481 3877 648 3933 iridis
678 3896 856 3950 supra
887 3880 1246 3938 horizontem
1287 3891 1546 3957 apparet,
1608 3887 1899 3958 reliquum
1930 3895 2128 3945 autem

483 3970 572 4021 est
599 3966 1064 4040 inconspicuum,
1099 3978 1162 4025 ut
1192 3973 1348 4043 quod
1407 3975 1554 4028 infra
1585 3979 1798 4030 terram
1840 3977 2128 4051 intelliga-

483 4059 582 4110 tur
613 4071 625 4109 :
662 4055 849 4126 liquet
879 4060 1032 4129 quod
1065 4059 1187 4114 sole
1243 4078 1423 4132 supra
1453 4063 1814 4120 horizontem
1849 4065 2130 4124 existente

487 4149 855 4216 segmentum
889 4147 1088 4202 circuli
1124 4149 1287 4204 iridis
1319 4167 1606 4222 apparens
1637 4154 1714 4208 sit
1747 4154 1943 4210 minus
1973 4157 2128 4213 futu-

485 4249 639 4305 rum,
673 4235 868 4305 majus
899 4241 1093 4291 autem
1136 4240 1289 4309 quod
1322 4256 1435 4294 non
1470 4249 1733 4312 apparet.
1791 4247 1978 4315 Atque
2010 4245 2130 4302 hac

483 4323 566 4378 ita
595 4338 825 4395 semper
849 4324 1150 4381 habebunt
1179 4345 1282 4399 pro
1302 4329 1525 4384 ratione
1555 4329 1700 4386 solis
1731 4332 1802 4386 ab
1834 4332 2132 4392 horizonte

483 4411 798 4467 distantias.
833 4417 971 4468 Cum
1008 4419 1200 4471 autem
1262 4416 1414 4472 circa
1445 4433 1673 4473 merum
1707 4421 2010 4477 meridiem
2045 4425 2130 4479 sol

484 4501 679 4568 fuerit,
711 4507 908 4558 aestate
939 4505 1172 4574 quidem
1206 4523 1276 4560 ne
1326 4507 1636 4562 nimimum
1695 4509 1930 4580 quidem
1965 4511 2131 4569 iridis

483 4595 855 4662 segmentum
898 4593 1049 4648 249
1108 4604 1384 4666 apparet;
1420 4601 1478 4650 at
1505 4596 1712 4652 diebus
1743 4598 2126 4671 brevioribus,

2229 2012 2407 2074 αντίας
2461 2013 2644 2086 αὐτοῦ,
2704 2011 2873 2068 αἳτιον
2928 2016 2964 2083 ἡ
3015 2017 3112 2068 τοῦ
3143 2013 3310 2083 ἡλίου
3341 2013 3645 2090 θερμότης.
3680 2016 3766 2069 Ἠ
3802 2016 3894 2089 γὰρ

2227 2103 2440 2178 ταχέως
2491 2101 2568 2164 εἰς
2617 2099 2765 2178 ὕδωρ
2817 2098 3178 2176 μεταϐάλλειν
3211 2107 3358 2158 ποιεῖ
3391 2103 3454 2157 τὸ
3483 2102 3670 2180 νέφος,
3705 2104 3748 2171 ἢ
3785 2101 3899 2157 δια-

2230 2188 2347 2246 λύει
2407 2191 2496 2246 καὶ
2551 2190 2801 2247 λεπτύνει
2860 2190 2950 2246 καὶ
3010 2189 3268 2267 διακρίνει
3317 2193 3416 2260 τὴν
3478 2192 3748 2247 σύστασιν
3783 2237 3798 2263 ,
3858 2194 3898 2246 εἰ

2234 2281 2309 2353 μὴ
2364 2282 2646 2358 παχυτέρα
2701 2276 2890 2357 ἔτυχεν
2951 2279 3128 2337 οὖσα.
3192 2283 3278 2354 Ἐξ
3338 2279 3583 2342 ἐναντίας
3670 2279 3737 2336 δὲ
3817 2283 3898 2336 καὶ

2229 2368 2419 2445 πόρρω
2447 2377 2547 2439 τῆς
2596 2374 2690 2424 τοῦ
2737 2370 2930 2448 νέφους
2978 2371 3278 2432 συστάσεως
3324 2374 3421 2426 τοῦ
3470 2368 3646 2439 ἡλίου
3690 2372 3897 2447 τυγχά-

2228 2481 2434 2531 νοντος,
2493 2459 2544 2514 έν
2605 2458 2718 2531 ὅσῳ
2770 2457 2972 2535 γίνεται
3043 2459 3106 2514 τὸ
3164 2457 3333 2536 ὓδωρ,
3391 2458 3600 2534 γίνεται
3665 2459 3767 2513 καὶ
3825 2482 3898 2520 τις

2232 2543 2482 2624 διατριϐὴ
2532 2547 2567 2616 ἢ
2610 2549 2832 2624 χρόνος,
2878 2549 2951 2610 ὡς
3001 2547 3134 2602 εἶναί
3175 2569 3296 2603 τινα
3346 2547 3512 2624 μόρια
3539 2552 3647 2603 τοῦ
3677 2549 3895 2626 νέφους,

2230 2636 2339 2706 ἤδη
2395 2637 2488 2708 μὲν
2539 2636 2614 2698 εἰς
2659 2634 2806 2713 ὕδωρ
2857 2631 3306 2709 μεταϐεϐληκότα
3349 2635 3522 2705 ὅλως,
3573 2636 3643 2691 οὗ
3699 2639 3816 2708 μήν
3847 2635 3896 2690 ἂ

2231 2726 2320 2780 καὶ
2374 2723 2608 2799 ψεκάδας
2661 2721 2789 2780 ὄντα
2849 2743 2861 2756 ⁸
2923 2724 3005 2803 ἐφ’
3062 2726 3137 2779 ὧν
3192 2721 3475 2801 ὑδατηρῶν
3533 2730 3643 2779 τοῦ
3703 2728 3894 2800 νέφους

2238 2814 2440 2890 μορίων
2499 2808 2680 2888 ὥσπερ
2733 2811 2821 2868 ἐπὶ
2878 2812 3193 2890 κατόπτρων
3253 2815 3287 2883 ἡ
3343 2810 3449 2889 ἶρις
3489 2813 3717 2889 ὁρᾶται,
3773 2818 3898 2869 ποτὲ

2239 2906 2332 2977 μὲν
2380 2901 2710 2975 ἡμίκυκλος,
2760 2903 2891 2957 ποτὲ
2938 2898 2985 2956 δ’
3015 2899 3250 2958 ἐλάττων
3301 2901 3654 2975 ἡμικύκλου,
3698 2904 3893 2975 μεῖζων

2236 2990 2281 3046 δ’
2311 2989 2584 3046 οὐδέποτε.
2618 2991 2717 3046 Καὶ
2775 2990 3085 3064 ἠμίκυκλος
3145 2991 3240 3064 μὲν
3296 2990 3419 3046 ὅταν
3480 2991 3572 3046 ἐπὶ
3633 2997 3727 3048 τοῦ
3779 2992 3895 3066 ὁρίο

2240 3086 2423 3152 ζοντος
2485 3082 2512 3135 6
2572 3080 2737 3149 ἥλιος
2796 3082 2902 3150 εἴη’
2961 3079 3198 3136 ἐλάττων
3257 3078 3303 3135 δ’
3363 3080 3727 3154 ἡμικύκλου,
3781 3083 3900 3138 ὅταν

2234 3171 2324 3225 καὶ
2356 3172 2384 3225 6
2414 3169 2577 3239 ἥλιος
2625 3170 2758 3245 ὑπὲρ
2804 3170 2897 3224 τὸν
2939 3169 3205 3246 ὁρίζοντα.
3259 3169 3330 3224 Τὸ
3375 3169 3477 3245 λάρ
3528 3169 3761 3245 κέντρον
3812 3177 3899 3226 τοῦ

2236 3259 2471 3330 ἡλιακοῦ
2520 3259 2772 3332 σώματος
2823 3260 2912 3313 καί
2961 3260 3024 3314 τὸ
3079 3263 3175 3314 τοῦ
3226 3258 3507 3334 ὁρίζοντος
3551 3260 3783 3336 κέντρον
3832 3260 3899 3339 ἑο*

2237 3348 2298 3404 οὗ
2354 3349 2388 3418 ἡ
2450 3343 2593 3422 ὄψις,
2652 3349 2742 3402 καὶ
2787 3348 2850 3402 τὸ
2900 3347 3118 3423 κέντρον
3165 3351 3262 3402 τοῦ
3311 3353 3411 3416 τῆς
3456 3343 3640 3422 ἴριδος
3671 3349 3896 3418 κύκλου,

2233 3437 2323 3492 καὶ
2377 3438 2406 3492 6
2443 3435 2639 3492 τούτου
2688 3434 2862 3497 πόλος
2912 3434 3000 3490 ἐπὶ
3055 3439 3182 3508 μιᾶς
3228 3433 3359 3490 εἰσιν
3409 3434 3622 3497 εὐθείας
3657 3455 3674 3469 ⁸
3726 3437 3819 3492 καὶ
3864 3438 3894 3505 ἠ

2235 3525 2413 3589 εὐθεῖα
2471 3521 2762 3600 διάμετρος
2818 3531 2920 3594 τῆς
2978 3523 3236 3600 οὐρανίου
3294 3524 3524 3603 σφαίρας
3558 3571 3572 3596 ,
3640 3525 3764 3581 ἐπεὶ
3817 3523 3896 3580 διέ

2233 3619 2331 3668 τοῦ
2363 3613 2582 3690 κέντρου
2630 3618 2726 3668 τοῦ
2771 3612 3070 3689 ὁρίζοντες,
3124 3611 3182 3675 ὅς
3229 3611 3337 3668 ἐστι
3381 3612 3644 3688 μέγιστος
3675 3613 3892 3676 κύκλος.

2235 3705 2396 3756 Ὅσον
2457 3700 2548 3756 οὖν
2608 3702 2636 3755 ὁ
2687 3699 2847 3770 ἠλιος
2891 3699 3024 3774 ύπὶρ
3073 3699 3166 3755 τὸν
3225 3699 3487 3774 ὁρίζοντα,
3540 3701 3816 3757 τοσοῦτον
3871 3703 3894 3756 ὁ

2238 3791 2414 3853 πόλος
2445 3795 2541 3845 τοῦ
2589 3789 2796 3845 κύκλου
2837 3796 2937 3859 τῆς
2986 3785 3162 3864 ἴριδος
3213 3789 3315 3844 ὑπὸ
3356 3788 3448 3843 τὸν
3481 3789 3768 3865 ὁρίζοντα.
3805 3792 3892 3846 Καὶ

2241 3879 2389 3956 εἷῆτερ
2437 3877 2830 3941 ἀνατέλλοντος
2889 3879 2926 3947 ἢ
2977 3875 3240 3950 δυομένου
3286 3882 3383 3932 τοῦ
3430 3875 3631 3950 ἡλίου,
3685 3881 3752 3935 τὸ
3808 3881 3891 3952 μὲν

2239 3969 2410 4042 ἥμισυ
2441 3973 2536 4023 τοῦ
2581 3975 2684 4036 τῆς
2737 3964 2909 4044 ἴριδος
2956 3966 3163 4023 κύκλου
3211 3965 3452 4044 φαίνεται
3485 3965 3620 4041 ὑπὲρ
3681 3969 3813 4042 γῆν,
3841 3973 3894 4023 τὸ

2241 4057 2434 4113 λοιπὸν
2491 4054 2538 4111 ’δ’
2588 4056 2729 4111 ἐστὶν
2785 4056 2978 4134 ἀφανὲς
3035 4054 3325 4127 νοούμενον
3378 4054 3478 4109 ὑπὸ
3528 4062 3675 4130 γῆν·
3735 4055 3893 4127 δῆλον

2239 4147 2312 4209 ὡς
2347 4146 2477 4221 ὑπὲρ
2510 4146 2599 4199 τὸν
2651 4145 2899 4219 ὁρίζοντα
2946 4149 3042 4199 τοῦ
3092 4141 3258 4212 ἡλίου
3310 4140 3717 4218 τεγχάνοντος,
3751 4143 3890 4201 ἔλατ-

2236 4255 2328 4290 τον
2394 4236 2488 4308 μὲν
2538 4240 2735 4307 τμῆμα
2790 4232 2994 4288 κύκλου
3067 4234 3130 4288 τὸ
3188 4232 3512 4310 φαινόμενον
3589 4230 3746 4290 ἔσται
3805 4239 3888 4303 τῆς

2238 4323 2434 4398 ἴριδος,
2490 4323 2684 4378 πλεῖον
2743 4319 2801 4377 δὲ
2856 4323 2917 4377 τὸ
2974 4321 3186 4400 ἀφανές.
3248 4322 3345 4376 Καὶ
3401 4321 3553 4375 ταῦτ’
3600 4322 3690 4377 ἀεὶ
3731 4323 3887 4383 οὕτως

2241 4412 2367 4489 ἔχον
2401 4410 2483 4482 εἷῆ
2542 4412 2599 4466 ἃν
2647 4413 2784 4487 πρὸς
2836 4409 3002 4486 λόγον
3051 4417 3151 4480 τῆς
3201 4414 3298 4464 τοῦ
3347 4408 3510 4480 ⁴ἡλίου
3563 4409 3625 4465 ἐκ
3653 4416 3759 4467 τοῦ
3789 4412 3885 4488 ὁρί-

2243 4508 2429 4571 ζοντος
2477 4501 2821 4562 ἀποστάσεως
2856 4541 2868 4554 .
2921 4503 3082 4554 Ὅταν
3127 4496 3185 4554 δὲ
3235 4499 3358 4574 περὶ
3407 4497 3608 4572 ἀτρεκῆ
3670 4521 3886 4574 μεσημ-

2243 4587 2395 4666 ϐρίαν
2448 4591 2476 4644 ὁ
2507 4588 2669 4659 ἥλιος
2715 4590 2974 4665 γένηται,
3023 4589 3210 4663 θέρους
3264 4588 3356 4661 μὲν
3411 4585 3538 4642 οὐδὲ
3589 4589 3886 4646 πολλοστὸν

485 4679 606 4735 sive
637 4681 845 4752 hyeme
877 4681 1000 4736 fieri
1032 4687 1236 4751 potest,
1271 4688 1336 4738 ut
1395 4683 1515 4739 sole
1545 4685 1724 4741 etiam
1764 4686 1918 4742 circa
1951 4691 2124 4744 meri-

2241 4679 2481 4759 φαίνεται
2527 4680 2725 4752 τμῆμα
2769 4685 2870 4747 τῆς
2919 4675 3091 4753 ἴριδος
3127 4698 3140 4711 ο
3193 4676 3244 4731 έν
3275 4673 3332 4731 δὲ
3360 4681 3480 4738 ταῖς
3533 4678 3886 4756 βραχυτέρας

486 4768 640 4824 diem
655 4770 1367 4842 exsistente,segmentum
1394 4773 1626 4844 aliquod
1648 4775 1814 4831 iridis
1839 4784 2134 4848 appareat.

487 4859 772 4923 Quoniam
803 4859 959 4914 enim
992 4865 1257 4915 centrum
1290 4869 1346 4916 et
1375 4863 1542 4933 polus
1587 4864 1752 4919 iridis
1783 4865 1841 4920 in
1874 4865 2138 4922 horizon-

490 4948 566 5001 tis
599 4954 738 5003 sunt
767 4949 1072 5016 diametro,
1125 4967 1257 5004 cum
1290 4951 1520 5007 aestivos
1551 4958 1715 5008 ortus
1772 4953 1857 5008 sol
1916 4956 2135 5028 fecerit,

492 5037 965 5106 septentrionalis
995 5038 1248 5094 maxime
1279 5041 1587 5106 exsistens;
1621 5047 1747 5096 tum
1779 5041 1882 5098 iris
1913 5044 1971 5098 in
2005 5062 2136 5116 par-

491 5125 650 5178 tibus
683 5126 1039 5182 australibus
1069 5127 1229 5182 velut
1259 5129 1330 5182 ad
1363 5145 1605 5184 occasus
1639 5129 1916 5187 hibernos
1946 5134 2136 5188 consi-

494 5217 608 5267 stet
641 5229 653 5264 :
691 5219 749 5267 at
777 5214 932 5269 velut
963 5216 1033 5270 ad
1076 5221 1239 5270 ortus
1269 5217 1546 5273 hibernos
1578 5219 1703 5289 [iris
1733 5220 2026 5290 erit],cum
2051 5221 2136 5278 sol

491 5316 735 5356 occasus
765 5303 992 5358 azstivos
1023 5305 1200 5359 subit.
1229 5305 1372 5360 Cum
1405 5312 1599 5362 autem
1632 5325 1733 5380 per
1761 5314 1925 5366 ortus
1953 5309 2141 5366 hiber-

493 5406 599 5444 nos
649 5389 734 5444 sol
764 5391 948 5445 oritur
977 5393 1444 5450 australissimus
1477 5397 1802 5465 exsistens;
1858 5403 1998 5454 tunc
2033 5399 2137 5455 iris

487 5477 549 5532 in
583 5478 846 5549 partibus
893 5482 1538 5550 septentrionalioribus
1581 5489 1936 5557 apparuerit,
1971 5493 2035 5542 ut
2064 5490 2136 5544 ad

489 5584 731 5622 occasus
763 5569 1009 5634 aestivos,
1072 5574 1134 5622 ut
1190 5571 1261 5623 ad
1293 5577 1455 5626 ortus
1512 5579 1707 5630 autem
1741 5577 1970 5633 aestivos
2001 5595 2136 5633 cum

489 5656 574 5711 sol
609 5672 850 5711 occasus
884 5656 1160 5713 hibernos
1190 5659 1407 5714 fecerit.
1429 5663 1561 5724 Qua:
1595 5681 1728 5718 cum
1762 5667 1842 5721 ita
1873 5683 1999 5724 sese
2030 5667 2133 5722 ha-

564 5785 606 5818 ίθ
636 5785 670 5838 3
692 5787 921 5854 Meteor,
953 5798 1002 5838 c.
1036 5784 1089 5855 4,
1118 5782 1268 5839 Scal.
1302 5784 1496 5840 Exerc.
1527 5787 1616 5840 80.
1651 5805 1689 5856 1,
1724 5790 1810 5844 10.

2247 4768 2478 4844 ἡμέραις
2529 4765 2700 4822 εἷίεοῢν
2750 4770 3026 4843 χειμῶνος
3078 4763 3299 4819 δυνατὸν
3351 4764 3439 4820 καὶ
3491 4764 3622 4839 περὶ
3685 4788 3886 4840 μεσημ-

2248 4852 2402 4931 ϐρίαν
2461 4852 2616 4918 ὄντος
2673 4859 2768 4910 τοῦ
2827 4853 2992 4924 ἡλίου
3040 4855 3273 4932 φανῆναί
3317 4874 3367 4908 τι
3413 4856 3616 4926 τμῆμα
3663 4863 3768 4926 τῆς
3800 4856 3885 4932 ἔρι-

2248 4943 2360 5008 δος.
2419 4946 2570 5000 Ἐπεὶ
2621 4944 2721 5020 γὰρ
2780 4945 2841 4998 τὸ
2897 4942 3111 5019 κέντρον
3161 4942 3250 4996 καὶ
3300 4943 3329 4997 6
3377 4940 3552 5005 πόλος
3589 4949 3697 5012 τῆς
3732 4943 3885 5020 ἴριδος

2248 5034 2334 5090 ἐπὶ
2382 5042 2484 5104 τῆς
2533 5037 2630 5088 τοῦ
2690 5033 2966 5109 ὁρίζοντος
3021 5030 3320 5107 διαμέτρου
3379 5030 3552 5101 εἰσ-Ν,
3618 5031 3750 5087 ὅταν
3805 5035 3883 5107 μὲν

2248 5124 2456 5200 Θερινᾶις
2488 5122 2741 5184 ἐπιτολὰς
2800 5123 2828 5176 ὁ
2887 5119 3049 5191 ἥλιος
3106 5127 3329 5190 ποιῆται
3392 5119 3746 5196 βορειότατος
3801 5120 3882 5189 ὢν,

2245 5213 2368 5267 τότε
2425 5214 2459 5281 ἡ
2512 5209 2624 5287 ’ίρις
2684 5210 2734 5264 ἐν
2781 5215 2896 5272 τοῖς
2952 5210 3300 5283 νοτιωτέροις
3359 5208 3572 5285 μέρεσιν
3634 5211 3712 5272 ὡς
3765 5213 3882 5288 πρὸς

2247 5300 2452 5375 δυσμὰς
2495 5300 2805 5376 χειμερινάς
2845 5298 3132 5354 συνίσταιτ²
3189 5296 3274 5352 ἂν·
3323 5297 3398 5360 ὡς
3444 5296 3584 5375 πρὸς
3632 5299 3880 5361 ἀνατολὰς

2248 5389 2305 5446 δὲ
2355 5390 2686 5466 χειμερινάς,
2746 5387 2868 5443 ὅταν
2916 5385 3232 5450 καταδύσεις
3275 5389 3304 5442 6
3355 5385 3520 5456 ἥλιος
3563 5386 3878 5459 καταδύηται

2247 5480 2458 5556 θερινάς
2492 5500 2504 5513 ·
2566 5477 2690 5533 ὅταν
2753 5475 2796 5532 δ’
2855 5475 3116 5550 έπιτέλλῃ
3176 5476 3494 5553 χειμερινὰς
3550 5475 3806 5540 ἐπιτολὰς
3855 5478 3876 5531 ὁ

2245 5569 2405 5639 ἥλιος
2432 5569 2760 5629 νοτιώτατος
2807 5565 2904 5634 ὢν,
2953 5566 3077 5621 τότε
3127 5567 3161 5635 ἡ
3211 5563 3318 5641 ί’ρις
3367 5565 3418 5619 έν
3469 5571 3590 5628 τοῖς
3623 5566 3876 5642 βορειοτέ-

2247 5680 2360 5734 ροις
2411 5657 2641 5735 φαίνοιτ’
2691 5656 2750 5711 ἂν
2800 5655 3011 5732 μέρεσιν
3063 5656 3138 5718 ὡς
3191 5656 3326 5731 πρὸς
3376 5651 3585 5728 δυσμὰς
3629 5656 3832 5730 θερινάς
3862 5673 3872 5685 ·
