4024 6442
274 463 432 531 1209

1573 473 1923 538 EPITOME
1965 473 2330 537 PHYSICA.

3514 464 3670 530 1210

270 599 347 662 ὡς
376 599 514 676 πρὸς
545 597 810 663 ἀνατολὰς
856 597 914 656 δὲ
958 601 1191 678 θερινὰς,
1242 600 1366 659 ὅταν
1415 606 1444 659 ὁ
1491 605 1654 675 ἥλιος
1693 613 1914 676 ποιῆται

2033 608 2230 676 beant,
2263 623 2396 662 cum
2429 608 2623 677 partes
2669 601 3242 678 septentrionaliores
3289 604 3524 674 propter
3552 601 3670 674 poli

269 686 586 766 κρταδύσεις
614 693 948 767 χειμερινάς,
990 692 1204 747 Τούτων
1258 692 1430 756 οὕτως
1475 691 1713 770 ἐχόντων
1738 741 1752 766 ,
1805 695 1918 750 ἐπεὶ

267 779 338 833 τὰ
398 780 712 856 βορειότερα
768 777 857 835 διὰ
909 782 1009 850 τὴν
1086 781 1292 858 ἔξαρσιν
1350 789 1446 838 τοῦ
1516 782 1692 839 πόλου
1751 785 1919 858 μείζω

268 871 534 942 τμήματα
604 869 819 926 κύκλων
898 870 1014 947 ἔχει
1067 873 1134 926 τὰ
1194 873 1323 943 ὑπὲρ
1376 879 1476 949 γῆν
1511 920 1525 944 ,
1583 875 1700 936 καθ’
1757 875 1829 927 ὧν
1892 873 1920 926 ὁ

271 955 433 1025 ἥλιος
492 957 680 1034 θέρους
736 959 1030 1037 φερόμενος
1086 962 1180 1023 τὰς
1243 962 1437 1036 μικρὰς
1495 964 1704 1038 ἡμέρας
1765 963 1918 1016 ἀπο-

268 1045 420 1102 τελεῖ
451 1066 464 1080 ’
525 1048 592 1102 τὰ
647 1046 706 1103 δὲ
782 1050 1083 1104 νοτιώτατα
1142 1050 1278 1126 μέρη
1336 1051 1598 1107 ἀνάπαλιν
1658 1050 1921 1126 ἐλάχιστα

268 1138 538 1210 τμήματα
590 1136 808 1192 κύκλων
867 1136 985 1214 ἔχει
1043 1139 1110 1193 τὰ
1167 1140 1300 1216 ὑπὲρ
1356 1148 1459 1215 γῆν
1495 1185 1508 1209 ,
1565 1142 1682 1195 καθ’
1739 1142 1812 1195 ὧν
1891 1143 1920 1196 ὁ

270 1223 434 1295 ἥλιος
507 1230 782 1302 χειμῶνος
851 1227 1151 1305 φερόμενος
1221 1231 1315 1291 τὰς
1391 1229 1649 1306 βραχείας
1707 1229 1918 1306 ἡμέρας

271 1319 437 1370 ποιεῖ·
487 1312 576 1371 διὰ
619 1321 787 1371 ταῦτα
833 1318 868 1385 ἡ
919 1313 1023 1388 ἷ’ρις
1072 1323 1344 1393 χειμῶνος
1397 1319 1491 1392 μὲν
1543 1315 1755 1374 δύναται
1805 1319 1920 1396 φαί-

270 1415 448 1468 νεσθαι
505 1405 593 1458 καὶ
648 1410 763 1459 κατ’
820 1405 950 1459 αὐτὸ
1017 1405 1080 1459 τὸ
1135 1413 1233 1476 τῆς
1285 1406 1493 1480 ἡμέρας
1553 1407 1868 1480 μεσαίτατον
1901 1453 1913 1466 .

272 1490 426 1548 Πολύ
471 1493 572 1569 γὰρ
602 1495 637 1563 ἡ
679 1495 862 1568 Θερινῆ
916 1491 1095 1566 δυσμή
1144 1495 1234 1549 καὶ
1273 1495 1512 1565 ἀνατολή
1561 1503 1663 1566 τῆς
1719 1516 1918 1572 χειμε-

272 1584 423 1657 ρινῆς
484 1577 827 1657 μεσημϐρίας
882 1581 1243 1660 ἀφίστανται.
1307 1585 1403 1639 Καὶ
1462 1582 1552 1638 διὰ
1605 1589 1766 1639 τοῦτο
1821 1585 1916 1640 κάν

269 1675 349 1742 τῷ
381 1669 530 1743 μέσῳ
576 1678 678 1741 τῆς
725 1679 1048 1748 χειμερινῆς
1097 1672 1305 1748 ἡμέρας
1347 1671 1461 1748 ἔχει
1509 1673 1675 1729 τόπον
1726 1677 1761 1744 ἡ
1815 1671 1919 1750 ἷ¹ρις

271 1758 406 1835 ὑπὲρ
455 1765 560 1834 γῆν
607 1760 660 1816 ἐν
705 1762 752 1833 ᾧ
800 1760 1024 1832 συσταίη
1076 1762 1158 1816 ἄν.
1209 1761 1408 1837 Θέρους
1454 1760 1512 1818 δὲ
1557 1771 1659 1832 τῆς
1708 1766 1917 1840 ἡμέρας

274 1847 543 1922 μεσούσης
575 1849 638 1904 οὔ
687 1847 907 1905 δύναται
958 1857 1188 1927 φανῆναι
1238 1847 1327 1905 διὰ
1375 1853 1437 1906 τὸ
1488 1853 1564 1925 μὴ
1605 1849 1750 1930 ἔχειν
1785 1854 1916 1928 ὑπὲρ

267 1943 372 2012 γῆν
428 1936 596 1993 τόπον
651 1939 975 2000 συστάσεως.
1030 1939 1130 1993 Καὶ
1171 1939 1271 2015 γὰρ
1329 1942 1364 2010 ἡ
1414 1943 1700 2016 χειμερινή
1735 1938 1913 2015 δυσμή

2029 695 2405 752 elevationem
2437 696 2662 766 majora
2688 693 3037 750 circulorum
3071 697 3374 764 segmenta
3393 690 3665 759 habeant,

2029 801 2133 857 per
2161 802 2286 857 quae
2317 785 2456 839 dum
2489 783 2573 840 sol
2604 787 2804 839 aestate
2830 785 3116 850 movetur,
3150 779 3275 835 dies
3304 778 3511 852 longos
3543 778 3669 834 efﬁ-

2029 874 2144 941 cit;
2177 872 2616 930 australissimae
2661 877 2856 928 autem
2888 874 3082 943 partes
3132 867 3391 924 vicissim
3424 868 3671 922 minima

2029 968 2331 1034 segmenta
2371 961 2718 1017 circulorum
2769 977 2948 1032 supra
2993 965 3207 1015 terram
3262 957 3536 1024 habeant,
3569 974 3671 1028 per

2028 1069 2156 1124 quae
2190 1054 2329 1106 dum
2361 1051 2446 1106 sol
2477 1051 2668 1106 hieme
2719 1055 3002 1118 movetur,
3036 1049 3161 1103 dies
3209 1048 3411 1102 breves
3441 1046 3620 1101 efﬁcit
3652 1063 3664 1100 :

2028 1145 2336 1212 eapropter
2364 1140 2554 1195 hieme
2579 1139 2816 1211 quidem
2848 1139 2951 1193 iris
2981 1137 3039 1192 in
3073 1152 3305 1192 summo
3335 1135 3512 1191 etiam
3543 1151 3670 1190 me-

2029 1229 2173 1284 ridie
2194 1244 2472 1300 apparere
2493 1231 2700 1299 potest.
2721 1226 2968 1282 Multum
2987 1226 3141 1281 enim
3165 1225 3401 1280 aestivus
3427 1239 3669 1279 occasus

2027 1322 2084 1374 et
2112 1323 2274 1373 ortus
2306 1318 2376 1372 ab
2409 1317 2652 1372 hiberno
2697 1317 2913 1371 absunt
2962 1313 3222 1369 meridie.
3255 1316 3335 1367 Ac
3365 1315 3672 1384 eapropter

2027 1407 2203 1462 etiam
2233 1406 2293 1461 in
2328 1407 2517 1461 medio
2539 1405 2651 1461 dici
2685 1404 2912 1461 hiberni
2933 1404 3086 1462 250
3117 1418 3298 1474 supra
3327 1405 3543 1457 terram
3564 1399 3667 1456 iris

2026 1495 2217 1552 locum
2250 1495 2444 1561 habet,
2476 1496 2534 1550 in
2567 1511 2681 1566 quo
2703 1493 2984 1550 consistat
3015 1511 3027 1548 :
3061 1495 3260 1548 aestate
3288 1495 3484 1546 autem
3516 1488 3669 1545 circa

2028 1585 2287 1641 medium
2341 1585 2495 1639 diem
2539 1600 2819 1655 apparere
2869 1599 2984 1638 non
3033 1584 3239 1652 potest,
3272 1580 3428 1651 quod
3473 1577 3666 1634 locum

2027 1674 2383 1730 consistendi
2443 1690 2622 1744 supra
2677 1677 2891 1727 terram
2943 1687 3058 1725 non
3103 1669 3332 1724 habent.
3375 1667 3666 1723 Hibernus

2026 1764 2180 1820 enim
2214 1779 2458 1818 occasus
2505 1767 2562 1818 et
2602 1766 2765 1817 ortus
2795 1761 2867 1816 ab
2913 1759 3114 1815 aestivo
3165 1758 3406 1815 meridie
3455 1771 3665 1829 parum

2027 1853 2259 1908 absunt.
2306 1853 2467 1908 Unde
2527 1852 2701 1907 etiam
2749 1850 2902 1904 infra
2950 1849 3308 1904 horizontem
3357 1845 3667 1902 universus

2027 1941 2194 1998 iridis
2223 1940 2477 1997 circulus
2510 1939 2877 2011 intelligitur.

266 2026 358 2081 καὶ
390 2025 628 2096 ἀνατολή
652 2035 752 2097 τῆς
783 2034 996 2104 θερινῆς
1031 2024 1374 2105 μεσημϐρίας
1409 2028 1591 2107 ὀλίγον
1625 2031 1958 2110 ἀφίστανται,
1991 2028 2107 2086 ὅθεν
2141 2030 2230 2085 καὶ
2265 2027 2367 2084 ὑπὸ
2395 2030 2486 2085 τὸν
2521 2029 2771 2105 ὁρίζοντα
2799 2031 2998 2082 νοεῖται
3020 2025 3143 2082 τότε
3174 2044 3386 2097 συμπας
3416 2024 3444 2079 ὁ
3465 2021 3666 2084 κύκλος

269 2122 370 2185 τῆς
401 2113 598 2192 ἴριδος.

1559 2319 1896 2376 SYNOPSIS
1935 2318 2214 2376 CAPITIS
2253 2317 2448 2387 XXIII,

268 2429 422 2476 QUOD
475 2428 578 2468 EST
615 2429 687 2469 DE
738 2430 930 2470 VIRGIS
981 2431 1086 2471 SEU
1146 2430 1414 2484 BACILLIS,
1473 2433 1794 2482 PARHELIIS,
1836 2434 1946 2474 HOC
1982 2435 2082 2473 EST
2120 2434 2416 2473 GEMINATIS
2462 2433 2561 2473 νει
2598 2431 2977 2471 ADULTERINIS
3010 2430 3238 2470 BOLIBUS
3293 2428 3362 2468 AC
3424 2427 3669 2467 INSUPER

1220 2503 1388 2543 ETIAM
1425 2505 1497 2544 DE
1536 2502 1870 2545 METALLICIS
1911 2507 1968 2544 IN
2005 2506 2212 2555 TERRA,
2253 2505 2318 2543 ET
2355 2504 2708 2543 FOSSILIBUS.

274 2600 324 2654 1.
358 2599 627 2674 Quomodo
671 2601 856 2674 virgczj
907 2609 1251 2674 generentur,
1313 2609 1368 2658 et
1418 2620 1520 2658 cur
1568 2606 1653 2660 ita
1698 2609 1978 2660 vocentur.
2011 2635 2079 2645 —
2135 2606 2190 2657 2.
2251 2603 2527 2671 Quomodo
2580 2601 2838 2674 parhelzi,
2874 2602 2984 2674 hoc,
3026 2606 3128 2674 est,
3158 2599 3446 2674 geminati,
3475 2598 3558 2654 vel
3585 2599 3667 2670 (ut

342 2671 460 2743 alii,
476 2672 684 2743 vocant)
715 2671 1017 2727 adulterini
1041 2675 1179 2730 soles

1215 2675 1370 2744 ﬁant.
1403 2705 1472 2748 ε
1496 2677 1548 2748 3.
1582 2677 1644 2748 Et
1674 2678 1839 2747 virga
1883 2685 1934 2731 et
1960 2677 2207 2748 parhelit
2237 2691 2305 2731 ex
2351 2671 2765 2748 obliquitatibus
2791 2689 2898 2748 seu,
2917 2673 2988 2726 ad
3018 2671 3192 2748 latera
3217 2671 3355 2748 solis
3384 2671 3545 2748 ﬁunt,
3606 2687 3668 2723 ιη

339 2741 608 2816 mediocri
635 2741 819 2798 tamen
874 2743 1164 2816 distantia.
1195 2741 1264 2786 '—
1310 2748 1362 2801 4.
1396 2747 1645 2801 Parhelii
1672 2750 1723 2801 et
1760 2741 1974 2816 'virgaz'
2005 2748 2144 2816 ﬁunt
2192 2753 2253 2801 ut
2309 2741 2614 2815 pluriinum
2643 2746 2754 2799 sole
2809 2745 3020 2799 oriente
3069 2744 3167 2816 vel
3207 2742 3497 2816 occidente,
3532 2757 3664 2816 {ara

340 2813 705 2895 culminante.
741 2845 829 2895 .—_—
875 2815 928 2869 5.
963 2817 1211 2895 Par_helii
1256 2821 1308 2872 et
1359 2820 1536 2895 virga
1564 2827 1690 2895 sunt
1744 2811 1906 2889 aquae
1931 2811 2028 2874 seu
2049 2811 2365 2895 pluviarum
2390 2820 2570 2888 signa,
2621 2818 2799 2895 magis
2822 2815 3308 2895 tamenparhelii.
3343 2814 3491 2895 —_6.
3527 2811 3663 2895 ροη-

341 2884 514 2968 cludit
571 2885 992 2968 disputatzmzein
1025 2887 1394 2968 meteoris
1442 2883 1477 2945 ἆ
1533 2892 1713 2968 causis
1742 2883 1924 2945 eorum
1965 2883 2225 2968 repetitis
2249 2907 2270 2951 ;
2318 2883 3137 2968 quorum'materialisquidern
3164 2901 3332 2940 causa
3357 2883 3546 2968 estvel
3569 2900 3664 2938 va-

339 2955 472 3040 pida
505 2955 586 3010 vel
613 2955 1154 3040 Γαίηὶᾳα-ρφίιαιαιίο
1182 2961 1243 3014 in
1273 2975 1453 3040 aerei]:
1483 2965 1710 3040 evecta;
1757 2968 1924 3040 atque
1953 2955 2450 3040 itaad_s_ec_uniiam
2476 2967 2692 3031 partem
2720 2955 2935 3040 capitis
2949 2959 3057 3013 sibi
3083 2958 3230 3040 viam
3255 2957 3457 3040 sternit
3484 2959 3667 3040 trans:

342 3025 512 3098 itque.
578 3025 630 3066 -ἒ
677 3029 994 3104 Exhaltatio
1059 3032 1210 3084 enim
1262 3032 1459 3104 vapida.
1499 3041 1552 3086 et
1597 3025 1840 3104 fulmida
1901 3035 2051 3087 intra
2116 3034 2262 3089 251
2317 3025 2520 3086 terrain
2587 3025 2871 3104 conclusa,
2907 3046 3041 3104 _nec_
3065 3028 3244 3104 adnue
3288 3033 3530 3104 secreta,_
3575 3025 3670 3104 sed

343 3113 686 3154 concrescens
727 3104 779 3154 et
827 3100 1166 3169 densescens,
1210 3100 1605 3158 metalicorum'
1638 3112 1693 3159 et

1738 3103 2017 3173 fossilium
2058 3113 2136 3159 est
2177 3120 2345 3158 causa
2393 3103 2727 3158 materialis.
2778 3133 2848 3141 —
2895 3102 2947 3156 8.
2997 3100 3298 3173 FossiliumA
3326 3099 3565 3173 materia
3592 3101 3671 3152 est

349 3169 876 3246 fumidaenlzalatio
905 3187 1136 3243 quorum
1163 3175 1330 3246 etiam
1377 3176 1625 3246 exempla
1653 3169 1894 3245 subjicit.
1926 3207 1995 3214 —
2039 3175 2094 3229 9.
2139 3175 2530 3230 Mewllicorum
2567 3175 2804 3229 materia
2847 3181 2928 3228 est
2964 3171 3164 3246 vapida
3205 3169 3488 3246 exhalatio
3545 3183 3670 3246 quae

343 3242 506 3315 etiam
534 3241 735 3297 dividit
763 3243 825 3296 in
853 3241 1070 3315 eaquae
1113 3244 1446 3314 funduntur,
1498 3241 1548 3301 et
1594 3248 1656 3301 in
1680 3262 1746 3302 ea

1786 3261 1915 3317 quae
1959 3246 2237 3302 ducuntur
2254 3264 2275 3308 ;
2307 3246 2610 3318 horumque
2636 3247 2754 3300 alia
2781 3246 2879 3300 uri
2899 3253 2950 3300 et
2980 3241 3382 3314 rubiginescere
3404 3243 3510 3308 ait,
3543 3241 3661 3296 alia

343 3313 593 3382 minime,
620 3322 683 3370 ut
709 3329 928 3381 aurum,
951 3313 1022 3370 'de
1047 3313 1203 3385 cuius
1228 3322 1437 3372 natura
1464 3318 1749 3388 aliquanto
1772 3313 1943 3390 plura
1968 3318 2207 3390 subjicit.

886 3548 1142 3600 ΚΕΦΑΛ.
1185 3546 1307 3602 Kl'".

303 3628 434 3706 Περὶ
466 3625 678 3707 ῥάϐδων
710 3631 802 3685 καὶ
822 3631 1140 3711 παρηλίων,
1174 3632 1250 3711 ἔτι
1283 3632 1340 3690 δὲ
1369 3634 1458 3690 καὶ
1487 3638 1594 3690 τῶν
1629 3635 1681 3691 έν
1708 3640 1778 3711 τῇ
1808 3639 1883 3711 γῆ

687 3702 1064 3775 μεταλλευτῶν
1095 3705 1190 3760 καὶ
1222 3706 1467 3782 ὀρυκτῶν
1478 3751 1491 3763 .

338 3809 404 3866 α’.
455 3809 614 3863 Ὀταν
677 3807 738 3863 έκ
794 3807 1046 3885 πλαγίων
1105 3816 1205 3866 τοῦ
1261 3811 1428 3882 ἡλίου
1472 3813 1696 3889 γένηταί
1737 3835 1788 3869 τι
1832 3813 1916 3870 νέ-

268 3918 389 3973 φος,
445 3898 543 3966 τήν
605 3896 852 3953 σύστασιν
907 3897 1036 3974 ἔχον
1096 3900 1413 3973 ἀνώμαλον,
1473 3903 1545 3964 ὡς
1604 3903 1734 3958 εἶναι
1785 3905 1920 3958 κατά

273 3987 366 4060 μέν
415 4008 468 4042 τι
533 3988 696 4063 μέρος
744 3986 965 4056 πυκνόν,
1015 3989 1152 4044 κατὰ
1199 3987 1257 4044 δέ
1304 4012 1355 4045 τι
1410 3993 1598 4064 μανὸν,
1648 3992 1737 4046 καὶ
1784 3994 1920 4047 κατὰ

266 4089 320 4130 τι
380 4076 476 4149 μὶν
521 4073 979 4151 ὖδατωδέστερον,
1038 4079 1176 4133 κατά
1220 4099 1273 4132 τι
1321 4078 1738 4158 ἀερωδέστερον·
1795 4081 1919 4136 τότε

268 4165 404 4241 πρὸς
455 4165 547 4220 τὸν
605 4163 766 4234 ἥλιον
826 4165 888 4221 έκ
939 4171 1036 4221 τοῦ
1091 4166 1344 4223 τοιούτου
1390 4168 1582 4247 νέφους
1629 4171 1918 4247 γινομένης

267 4258 365 4324 τῆς
416 4252 784 4325 ἀνακλάσεως,
841 4252 930 4309 διὰ
983 4256 1078 4328 μὲν
1125 4257 1224 4325 τήν
1273 4257 1612 4334 σμικρότητα
1655 4263 1762 4313 τῶν
1793 4280 1918 4314 κατ-

267 4342 482 4420 όπτρων
540 4341 647 4418 οὐχ
687 4343 875 4416 ὁρᾶται
932 4343 996 4398 τὸ
1053 4351 1248 4420 σχῆμα
1300 4347 1364 4400 τὸ
1420 4345 1680 4416 ἡλιακόν·
1740 4348 1802 4402 τὸ
1860 4346 1918 4403 δέ

264 4436 362 4487 τοῦ
412 4429 581 4502 ἡλίου
655 4435 864 4508 χρῶμα
915 4431 1230 4512 ἐμφαίνεται
1297 4436 1433 4490 κατά
1486 4457 1540 4490 τι
1600 4436 1692 4509 μὲν
1753 4436 1915 4513 μέρος

264 4524 362 4575 τοῦ
408 4518 605 4598 νέφους
658 4523 958 4597 φοινικοῦν,
1011 4521 1148 4574 κατά
1192 4541 1246 4574 τι
1289 4518 1348 4576 δὲ
1374 4521 1630 4598 πράσινον
1662 4524 1697 4591 ἢ
1732 4523 1912 4594 ξανθὸν

268 4605 357 4663 διὰ
385 4609 486 4678 τὴν
523 4607 842 4680 ἀνωμαλίαν
875 4612 972 4663 τοῦ
1001 4610 1194 4688 νέφους
1222 4609 1313 4664 καὶ
1341 4612 1440 4680 τήν
1461 4615 1570 4665 τῶν
1601 4609 1916 4684 κατόπτρων

267 4696 360 4752 ita
369 4691 658 4770 μοιότητα.

335 4785 406 4863 β’.
468 4783 709 4840 mesen
771 4781 831 4840 δὲ
889 4779 1123 4861 ῥάϐδους
1177 4785 1272 4848 τὰς
1328 4784 1580 4848 τοιαύτας
1634 4783 1912 4865 ἐμφάσειεν

264 4871 347 4929 δτι
403 4874 521 4930 κατ’
573 4872 779 4937 εὐθείας
819 4873 1054 4947 δρῶνταί
1103 4894 1255 4936 τινας
1289 4915 1301 4929 .
1352 4877 1512 4928 Ὅταν
1574 4872 1631 4929 δὲ
1682 4879 1779 4930 τοῦ
1833 4877 1913 4931 νέ-

264 4975 402 5042 φους
446 4963 483 5034 ἠ
529 4961 782 5026 σύστασις
832 4961 1042 5042 ὁμοίως
1092 4963 1313 5039 ὑπάρχῃ
1359 4965 1531 5033 πυκνὴ
1575 4963 1664 5018 καὶ
1716 4965 1791 5028 ὡς
1831 4964 1912 5020 ὅτι

269 5050 505 5124 μάλιστα
540 5049 784 5126 ὁμαλής,
813 5046 939 5106 τότε
985 5048 1075 5106 διὰ
1101 5053 1201 5126 τήν
1233 5052 1536 5126 ὁμοιότητα
1575 5041 1682 5107 τῶν
1714 5053 1914 5108 κατόπ-

259 5150 404 5216 τρων
464 5139 554 5195 καὶ
603 5141 705 5209 τὴν
766 5139 1091 5213 ὁμαλότητα
1145 5147 1249 5224 τῆς
1310 5143 1611 5203 συστάσεως
1659 5143 1918 5220 φαντασία

259 5228 461 5307 γίνεται
505 5233 807 5306 χρώματος
857 5229 975 5292 ένὸς
1025 5235 1307 5306 συνεχοῦς,
1364 5227 1509 5286 ἀλλά
1540 5228 1726 5302 δήκαὶ
1770 5229 1914 5304 λαμ-

258 5323 404 5398 προῦ
448 5320 541 5375 καὶ
589 5317 806 5376 λευκοῦ.
859 5317 957 5374 Διᾶ
1003 5317 1109 5396 γὰρ
1153 5321 1254 5390 τὴν
1303 5319 1621 5389 πυκνότητα
1653 5319 1743 5374 καὶ
1775 5321 1912 5395 ὁμα-

261 5407 469 5480 λότητα
522 5414 624 5478 τῆς
682 5408 983 5471 συστάσεως
1012 5453 1033 5482 ,
1094 5409 1208 5482 ἅμα
1262 5429 1323 5464 τε
1395 5409 1533 5487 πρὸς
1585 5409 1752 5478 αὐτὴν
1803 5414 1910 5464 τῶν

253 5492 440 5572 ὄψεων
499 5500 841 5569 πιπτουσῶν,
901 5497 991 5552 καὶ
1051 5494 1165 5571 ἅμα
1219 5499 1356 5575 πρὸς
1407 5499 1499 5554 τὸν
1567 5497 1729 5567 ἥλιον
1783 5498 1910 5553 ἀνα-

257 5585 585 5661 κλωμένων,
640 5587 704 5641 τὸ
762 5589 861 5640 τοῦ
915 5584 1081 5655 ἡλίου
1138 5593 1343 5664 χρῶμα
1391 5586 1707 5665 ἐμφαίνεται
1747 5590 1910 5642 καθα-

262 5676 374 5755 ρόν·
409 5674 588 5753 ὥσπερ
617 5674 708 5730 καὶ
755 5674 863 5729 ἀπὸ
909 5674 1123 5751 χαλκοῦ
1164 5675 1316 5733 λείου
1362 5683 1462 5747 τῆς
1511 5671 1686 5750 ὄψεως
1715 5675 1906 5752 ἀθρόον

335 5802 444 5859 ²⁰ν3
470 5803 706 5861 Moteor.
739 5819 791 5860 ο.
823 5803 880 5861 6.

1951 3550 2000 3617 Β

2610 3547 2841 3604 CAPUT
2877 3545 3070 3602 XXIII.

2028 3639 2104 3694 De
2127 3639 2305 3708 virgis
2333 3641 2384 3694 et
2410 3637 2698 3710 parheliis,
2730 3638 2956 3710 insuper
3003 3635 3069 3691 de
3097 3635 3397 3691 metallicis
3420 3633 3481 3690 in
3507 3638 3669 3690 terra

2647 3717 2698 3764 et
2724 3708 3036 3780 fossilibus.

2101 3816 2151 3869 1.
2183 3819 2326 3870 Cum
2374 3830 2443 3870 ex
2489 3813 2932 3883 obliquitatibus
2981 3811 3122 3869 solis
3165 3811 3339 3866 fuerit
3385 3809 3582 3882 aliqua
3623 3811 3670 3845 ²⁰

2030 3903 2236 3972 nubes,
2282 3901 2711 3958 concretionem
2759 3901 2984 3958 habens
3033 3898 3466 3971 inaequabilem,
3499 3903 3563 3953 ut
3592 3892 3670 3953 sit

2028 3991 2222 4062 aliqua
2273 3992 2508 4062 quidem
2559 4008 2626 4046 ex
2666 3995 2829 4062 parte
2877 3991 3079 4056 densa,
3111 4005 3180 4044 ex
3229 3987 3425 4059 aliqua
3472 3991 3666 4042 autem

2028 4097 2180 4146 rara,
2211 4083 2269 4134 et
2300 4078 2498 4150 aliqua
2526 4097 2593 4135 ex
2624 4083 2786 4150 parte
2815 4078 3112 4151 aquosior,
3143 4095 3213 4132 ex
3241 4075 3439 4147 aliqua
3469 4078 3664 4130 autem

2028 4167 2217 4240 magis
2250 4184 2436 4235 aerea,
2468 4173 2608 4224 tunc
2638 4168 2870 4240 quando
2901 4185 2969 4223 ex
3016 4165 3374 4238 ejuscemodi
3406 4163 3560 4219 nube
3593 4163 3662 4218 ad

2027 4257 2210 4312 solem
2244 4257 2308 4312 fit
2336 4257 2622 4325 refractio,
2657 4258 2729 4312 ob
2779 4256 3153 4330 exiguitatem
3184 4254 3418 4324 quidem
3457 4267 3662 4324 specu-

2026 4345 2218 4401 lorum
2249 4363 2363 4402 non
2397 4347 2654 4402 cernitur
2698 4346 2887 4418 ﬁgura
2929 4344 3158 4410 solaris,
3187 4344 3288 4399 sed
3337 4341 3494 4397 color
3522 4339 3664 4396 solis

2026 4434 2171 4490 inibi
2220 4435 2278 4490 in
2329 4434 2526 4506 aliqua
2573 4435 2810 4506 quidem
2869 4437 3051 4506 parte,
3119 4432 3293 4487 nubis
3350 4429 3659 4502 puniceus,

2023 4523 2083 4578 in
2153 4523 2349 4595 aliqua
2416 4527 2611 4579 autem
2695 4523 2898 4578 viridis
2977 4521 3065 4578 vel
3145 4521 3363 4584 ﬂavus,
3430 4521 3666 4590 propter

2027 4612 2202 4667 nubis
2234 4612 2751 4683 inaequabilitatem
2785 4615 2843 4666 et
2889 4609 3260 4683 speculorum
3290 4605 3662 4662 dissimilitu-

2025 4701 2222 4758 dinem
2254 4706 2512 4774 apparet.

2093 4791 2149 4847 2.
2178 4791 2461 4846 Caeterum
2493 4787 2850 4860 ejuscemodi
2893 4786 3310 4860 apparitiones,
3339 4784 3535 4856 virgas
3562 4800 3666 4838 vo-

2026 4883 2181 4950 cant,
2202 4879 2356 4951 quod
2375 4877 2699 4934 secundum
2730 4881 2918 4932 rectas
2947 4876 3174 4947 aliquas
3195 4873 3381 4929 lineas
3401 4876 3666 4944 specten-

2025 4973 2138 5023 tur.
2170 4968 2314 5024 Cum
2338 4972 2530 5022 autem
2574 4966 2748 5020 nubis
2781 4965 3069 5020 concretio
3099 4962 3369 5019 similiter
3397 4961 3580 5016 densa
3608 4964 3667 5014 et

2025 5073 2204 5129 quam
2237 5057 2489 5112 maxime
2518 5053 2820 5126 aequabilis
2850 5053 3186 5124 fuerit,tum
3217 5054 3452 5122 propter
3467 5065 3669 5121 specu-

2021 5145 2212 5202 lorum
2235 5143 2683 5200 similitudinem
2711 5148 2769 5198 et
2785 5141 3168 5197 concretionis
3185 5137 3664 5211 equabilitatem,

2025 5235 2178 5292 252
2213 5234 2388 5290 unius
2439 5232 2687 5303 alicujus
2717 5231 2978 5286 continui
3026 5229 3236 5286 coloris
3284 5226 3507 5300 species
3538 5226 3668 5282 efﬁ-

2024 5325 2196 5392 citur,
2229 5326 2286 5378 et
2315 5321 2605 5394 splendidi
2656 5319 2896 5391 quidem
2945 5318 3199 5392 albique.
3232 5317 3378 5373 Nam
3428 5318 3668 5388 propter

2023 5411 2406 5469 concretionis
2463 5409 2816 5466 densitatem
2873 5411 2930 5464 et
2980 5405 3463 5480 aequabilitatem,
3522 5403 3667 5458 dum

2021 5500 2200 5558 simul
2249 5504 2307 5556 et
2351 5503 2621 5571 aspectus
2669 5497 2730 5552 in
2761 5513 2890 5554 eam
2940 5498 3227 5566 incidunt,
3259 5499 3320 5550 et
3364 5491 3544 5549 simul
3591 5491 3665 5547 ad

2022 5590 2204 5647 solem
2250 5588 2671 5660 refringuntur,
2698 5586 2855 5642 color
2902 5588 3042 5643 solis
3069 5595 3274 5659 “purus
3298 5584 3359 5638 in
3389 5598 3458 5638 ea
3485 5596 3667 5653 appa-

2025 5683 2154 5748 ret;
2206 5676 2704 5752 quemadmodum
2752 5674 2927 5732 etiam
2977 5693 3109 5731 cum
3145 5675 3214 5732 ab
3260 5688 3369 5731 aere
3405 5668 3667 5745 laevigato
