4024 6470
341 425 492 488 1211

344 657 443 708 tur
470 651 627 707 color
656 657 891 723 propter
919 654 1236 710 confertam
1269 657 1673 714 refractionem
1702 666 1940 730 apparet
1965 685 1978 726 ;

349 758 474 814 quae
506 742 571 796 ﬁt
599 742 658 795 in
707 758 836 796 aere
865 748 1102 814 propter
1147 747 1585 818 compositionis
1633 748 1981 804 densitatem

345 835 402 887 et
431 831 904 902 aequabilitatem.

413 922 472 976 3.
510 922 589 976 Ex
633 919 1076 992 obliquitatibus
1125 927 1318 980 autem
1351 925 1491 981 solis
1535 930 1591 980 et
1635 926 1810 998 virgae
1840 926 1988 980 ﬁunt

341 1013 398 1064 et
427 1009 690 1081 parhelii,
714 1011 786 1064 ad
813 1015 1007 1081 partes
1035 1012 1300 1068 videlicet
1320 1015 1462 1070 solis
1491 1015 1988 1087 septentrionalio-

343 1114 436 1154 res
467 1102 523 1153 et
573 1099 968 1156 australiores.
1005 1101 1278 1158 Mediocri
1327 1104 1482 1159 enim
1532 1104 1810 1159 distantia
1841 1121 1988 1176 Opus

344 1191 452 1253 est,
487 1204 605 1258 qua
653 1189 943 1259 ejusmodi
994 1192 1390 1248 concretiones
1421 1209 1454 1248 a
1484 1193 1605 1249 sole
1654 1193 1892 1248 distent.
1929 1195 1984 1249 Si

348 1276 504 1331 enim
533 1276 850 1332 admodum
874 1279 1132 1348 proxime
1150 1279 1330 1335 solem
1359 1281 1993 1352 fuerint,dissolventur

353 1365 425 1420 ab
456 1381 559 1432 eo;
591 1365 680 1420 sin
714 1370 907 1421 autem
955 1366 1296 1439 longissime
1344 1370 1653 1435 abfuerint,
1698 1371 1992 1426 refractio-

354 1469 487 1509 nem
520 1472 634 1509 non
680 1455 1010 1511 servabunt.
1043 1458 1184 1512 Cum
1217 1459 1370 1513 enim
1418 1460 1489 1514 ab
1520 1459 1726 1530 exigua
1755 1475 1992 1514 concre-

359 1542 510 1598 tione
540 1548 600 1596 ut
643 1560 675 1597 a
705 1560 877 1615 parvo
926 1545 1161 1616 speculo
1211 1548 1476 1602 refractio
1509 1550 1667 1603 visus
1699 1547 1869 1619 longe
1899 1565 1993 1604 ex-

353 1633 628 1699 tenditur,
663 1638 803 1687 tunc
833 1634 1034 1704 utique
1065 1636 1278 1690 deﬁcit.
1322 1637 1668 1692 Mediocrem
1701 1638 1880 1708 igitur
1908 1638 1993 1691 di-

354 1721 632 1776 stantiam
665 1722 736 1777 de
767 1739 884 1784 qua
903 1724 1123 1778 dictum
1155 1730 1262 1790 est,
1287 1726 1346 1780 in
1379 1725 1522 1780 solis
1551 1725 1995 1797 obliquitatibus

354 1811 622 1865 eamdem
667 1827 898 1883 semper
940 1816 1268 1869 manentem
1322 1814 1580 1870 invenire
1625 1815 1804 1870 licet:
1839 1816 1994 1886 quod

1589 435 2011 498 NIGEPHORI
2057 435 2493 499 BLEMMIDE

343 564 506 619 visus
537 562 838 618 confertim
871 562 1228 637 refringitur,
1258 585 1430 624 verus
1459 569 1588 640 ejus
1619 571 1773 641 quod
1796 571 1984 626 cerni-

2126 589 2158 622 :v
2167 567 2492 640 ακλωμένης
2529 610 2543 635 ,

2091 657 2402 735 ἐμφαίνεται
2459 655 2549 712 διὰ
2603 659 2700 726 τὴν
2761 655 2957 731 ἀθρόαν
3020 653 3334 724 ἀνάκλασιν,
3383 654 3513 724 ἥτισ
3542 655 3753 729 γίνεται

2091 749 2185 801 κάν
2218 752 2297 818 τῷ
2327 744 2522 823 χαλκῷ
2575 743 2664 800 διὰ
2709 747 2809 816 τὴν
2838 744 3150 815 πυκνότητα
3175 744 3265 798 καὶ
3297 742 3623 817 ὁμαλότητα
3650 751 3756 813 τῆς

3588 432 3749 496 1212

2602 567 2664 622 τὸ
2726 565 2986 636 ἀληθινὸν
3052 569 3146 619 τοῦ
3205 564 3489 642 ὁρωμένου
3545 570 3759 641 χρῶμα

2095 837 2417 898 συστάσεως.

2165 925 2232 997 γ’.
2265 929 2356 978 Ἐκ
2409 922 2653 998 πλαγίων
2711 920 2768 976 δὲ
2823 925 2919 976 τοῦ
2972 919 3138 989 ἡλίου
3195 919 3284 974 καὶ
3343 920 3399 974 αἱ
3460 914 3654 995 ῥάϐδοι
3697 920 3758 973 οἱ

2094 1011 2361 1087 παρήλιοι
2419 1011 2710 1087 γίνονται,
2769 1010 2906 1084 πρὸς
2970 1011 3038 1063 τά
3117 1007 3433 1085 βορειότερα
3491 1005 3758 1076 δηλονότι

2101 1101 2235 1177 μέρη
2287 1105 2384 1155 τοῦ
2434 1099 2598 1170 ἡλίου
2646 1100 2736 1153 καὶ
2795 1100 2862 1153 τά
2909 1099 3225 1172 νοτιώτερα.
3259 1103 3350 1153 Δεῖ
3387 1097 3490 1173 γὰρ
3548 1097 3762 1171 συμμέ-

2095 1211 2230 1265 τρου
2279 1189 2423 1251 τινὸς
2475 1186 2800 1250 διαστάσεως
2843 1187 2880 1262 ᾖ
2915 1186 2973 1241 ἃν
3023 1189 3352 1241 αἱτοιαῦται
3383 1188 3661 1248 συστάσεις
3701 1185 3766 1241 ἐκ

2096 1284 2194 1334 τοῦ
2241 1279 2407 1348 ἡλίου
2441 1275 2754 1332 διίσταιντο.
2816 1274 3046 1333 Μᾶλλον
3103 1277 3195 1349 μὲν
3245 1276 3346 1352 γὰρ
3394 1273 3616 1352 ἔγγιστα
3663 1279 3766 1330 τοῦ

2099 1367 2262 1437 ἡλίου
2295 1365 2714 1437 διαλυθήσονται
2763 1367 2849 1419 ὑπ’
2883 1365 3067 1419 αὐτοῦ’
3121 1364 3448 1440 πορῥώτατα
3501 1362 3560 1418 δὲ
3588 1363 3765 1418 πάλιν

2102 1458 2162 1512 οὗ
2213 1457 2446 1511 σώσουσι
2493 1457 2591 1524 τὴν
2642 1453 2956 1509 ἀνάκλασιν.
2991 1454 3126 1508 ’Δπὸ
3171 1456 3272 1530 γὰρ
3329 1452 3530 1528 ὀλίγης
3561 1453 3759 1508 συστά-

2103 1567 2236 1608 σεως
2288 1546 2362 1607 ὡς
2407 1545 2497 1598 ἀπ’
2548 1540 2806 1619 ἐνόπτρου
2873 1547 3068 1618 μικροῦ
3123 1543 3314 1619 πόρῥω
3371 1544 3406 1612 ἡ
3468 1540 3767 1603 ἀνάκλασις

2102 1642 2203 1704 τῆς
2260 1630 2436 1707 ὄψεως
2497 1633 2888 1705 ἀποτεινομένη
2951 1632 3240 1701 ἐξασθενεῖ.
3296 1633 3403 1700 Τὴν
3451 1629 3543 1684 οὖν
3605 1632 3770 1706 εἰρη-

2109 1725 2270 1796 μένην
2333 1721 2640 1796 σύμμετρον
2697 1718 2968 1774 διάστασιν
3031 1720 3080 1774 ἐν
3111 1725 3229 1781 τοῖς
3283 1724 3381 1774 τοῦ
3406 1718 3571 1788 ἡλίου
3613 1718 3763 1774 πλα-

2104 1811 2247 1887 γίοις
2305 1809 2444 1865 ἔστιν
2506 1810 2676 1884 εὑρεῖν
2735 1809 2992 1882 μένουσαν
3048 1809 3129 1864 ἀεὶ
3185 1809 3281 1877 τὴν
3322 1809 3512 1880 αὐτὴν,
3567 1805 3661 1862 ’διᾶ
3703 1809 3770 1863 τὸ

354 1912 542 1967 neque
573 1896 658 1954 sol
690 1913 793 1969 per
840 1903 1065 1954 motum
1096 1900 1504 1970 quotidianum
1558 1903 1629 1957 ad
1662 1901 1766 1958 bas
1799 1907 1992 1974 partes

2126 1904 2248 1972 ιήτε
2301 1900 2575 1976 προσιέναι
2628 1899 2718 1954 τὸν
2782 1898 2942 1968 ἥλιον
3001 1897 3215 1960 τούτοις
3253 1904 3370 1960 τοῖς
3432 1898 3617 1973 μέρεσι
3677 1895 3770 1951 διὰ

2149 1993 2175 2003 -
2341 1991 2378 2003 _.
2444 1990 2458 2003 .
2524 1990 2534 2003 .
2803 1990 2815 2003 .
3108 1991 3120 2003 .
3163 1989 3174 2003 .
3261 1985 3287 2003 ν
3349 1987 3363 2003 ,
3606 1993 3633 2002 -
3719 1986 3768 2003 η

356 1987 615 2050 accedat,
650 2003 838 2058 neque
865 1987 1126 2044 vicissim
1162 1991 1392 2046 recedat
1420 1992 1492 2046 ab
1523 1991 1674 2046 aliis.

430 2167 482 2220 4.
511 2166 790 2222 Praeterea
814 2169 1016 2223 eodem
1048 2167 1170 2224 sole
1200 2169 1270 2224 ad
1303 2172 1466 2224 ortus
1510 2174 1614 2225 aut
1655 2171 1808 2228 258
1836 2187 2001 2227 occa-

358 2270 461 2309 sus
492 2253 771 2310 existente
795 2256 1082 2328 oontingit
1113 2257 1367 2313 maxime
1397 2263 1454 2312 et
1486 2257 1778 2329 parhelios
1809 2263 1865 2314 et
1892 2259 2002 2314 vir-

357 2358 462 2415 gas
508 2342 649 2398 ﬁeri.
692 2343 837 2398 Nam
889 2349 953 2398 ut
999 2344 1316 2416 plurimum
1367 2362 1502 2401 cum
1557 2346 1618 2401 in
1653 2347 1842 2402 medio
1891 2363 2002 2402 coe-

356 2431 412 2487 lo
444 2432 800 2488 consti‘tutus
837 2437 945 2498 est,
977 2435 1372 2491 concretiones
1405 2435 1763 2506 ejuscemodi
1794 2436 2003 2492 dissol-

357 2520 441 2574 vit
467 2525 524 2575 et
553 2519 848 2576 discernit.

431 2611 486 2664 5.
523 2613 689 2664 Porro
737 2627 898 2681 aquas
947 2612 1116 2684 signa
1169 2612 1435 2684 [indices]
1489 2618 1629 2668 sunt
1658 2618 1714 2670 et
1761 2613 2005 2687 parhelii

365 2702 422 2754 et
455 2699 649 2770 virgas,
682 2703 738 2754 et
790 2700 978 2773 magis
1025 2702 1259 2772 quidem
1311 2702 1551 2773 parhelii
1603 2720 1777 2774 quam
1809 2703 2003 2775 virgas.

364 2788 666 2844 Concretio
696 2788 850 2843 enim
897 2806 1024 2861 quae
1069 2791 1374 2861 aequabilis
1418 2798 1472 2846 et
1503 2791 1777 2848 similiter
1825 2793 2009 2848 densa

365 2881 474 2944 est,
510 2876 725 2932 certius
757 2877 997 2944 indicat,
1031 2881 1187 2950 quod
1220 2897 1318 2935 aer
1348 2881 1419 2936 ad
1454 2881 2007 2937 transmutationem

362 2969 421 3020 et
449 2982 611 3037 aqua;
639 2967 1069 3038 generationem
1101 2973 1233 3039 apte
1263 2973 1320 3026 et
1343 2971 1780 3027 accommodate
1811 2987 1872 3026 se
1903 2970 2008 3026 ha-

370 3054 520 3110 beat.

435 3144 491 3197 6.
525 3142 742 3198 Horum
774 3148 973 3200 autem
1004 3146 1269 3202 omnium
1305 3147 1414 3203 hoc
1444 3152 1554 3213 est,
1589 3148 2008 3220 parheliorum,

365 3231 682 3303 virgarum,
716 3232 908 3299 Iridis,
939 3234 1167 3290 halonis
1217 3239 1483 3308 [coronae]
1516 3241 1572 3293 et
1602 3237 1847 3293 aliorum
1880 3240 2008 3309 ejus

2105 1993 2206 2059 τῆς
2261 1991 2378 2053 καθ’
2431 1990 2639 2064 ἡμέραν
2693 1990 2982 2058 κινήσεως,
3047 1989 3174 2061 μήτ’
3228 1985 3290 2041 αὖ
3339 1987 3663 2062 ἀποχωρεῖν
3716 1986 3770 2056 ἐξ

2108 2078 2302 2134 αὐτῶν.

2181 2165 2242 2222 δ’.
2276 2172 2395 2222 Ἔτι
2451 2163 2509 2221 δὲ
2562 2166 2698 2240 πρὸς
2759 2164 3048 2226 ἀνατολαῖς
3107 2165 3142 2233 ἢ
3200 2161 3430 2237 δυσμαῖς
3475 2159 3638 2225 ὄντος
3673 2169 3776 2218 τοῦ

2110 2255 2274 2326 ἡλίου
2333 2250 2616 2328 συμϐαίνει
2681 2253 2920 2326 μάλιστα
2987 2252 3222 2328 γίνεσθαι
3275 2251 3401 2313 τοὺς
3454 2252 3779 2328 παρηλίους

2109 2367 2168 2400 τε
2222 2345 2312 2399 καὶ
2365 2345 2460 2405 τὰς
2515 2338 2762 2418 ῥάϐδους·
2825 2342 2898 2403 ὡς
2958 2341 3044 2396 ἐπὶ
3102 2341 3163 2396 τὸ
3200 2340 3456 2396 πλεῖστον
3490 2343 3595 2416 γάρ
3661 2339 3780 2396 δια·

2113 2433 2231 2488 λύει
2267 2455 2279 2467 ο
2342 2429 2599 2508 διακρίνει
2656 2432 2751 2493 τὰς
2821 2430 3070 2492 τοιαύτας
3131 2432 3408 2492 συστάσεις
3478 2451 3776 2504 μεσουρα-

2113 2527 2243 2579 νῶν.

2186 2631 2239 2666 ε.
2301 2607 2528 2671 ’Ὑδατος
2578 2608 2635 2664 δὲ
2689 2613 2891 2680 σημεῖα
2945 2608 3034 2662 καὶ
3087 2609 3139 2662 οἱ
3167 2606 3434 2684 παρήλιοι
3464 2607 3556 2662 καὶ
3588 2608 3645 2661 αἱ
3681 2607 3775 2683 ῥά-

2117 2695 2237 2754 ϐδοι
2286 2698 2636 2775 τυγχάνουσι,
2686 2696 2775 2752 καὶ
2822 2701 2929 2752 τῶν
2982 2691 3194 2773 ῥάϐδων
3229 2694 3466 2770 μάλιστα
3508 2698 3562 2750 οἱ
3593 2698 3778 2772 παρή-

2118 2788 2251 2845 λιοι.
2313 2787 2538 2844 Μᾶλλον
2585 2787 2687 2862 γάρ
2735 2789 2770 2856 ἠ
2805 2784 3022 2859 ὁμαλής
3053 2784 3144 2840 καί
3174 2784 3385 2859 ὁμοίως
3415 2783 3550 2840 οὖσα
3598 2786 3777 2854 πυκνή

2118 2878 2366 2938 σύστασις
2417 2873 2740 2946 ἐπιτηδείως
2791 2871 2935 2950 ἔχειν
2990 2876 3082 2930 τὸν
3130 2874 3260 2950 ἀέρα
3309 2872 3478 2945 δηλοῖ
3503 2875 3644 2950 πρὸς
3681 2896 3774 2949 με-

2116 2962 2359 3037 ταϐολήν
2393 2987 2451 3022 τε
2480 2965 2570 3020 καὶ
2601 2965 2803 3041 γένεσιν
2828 2961 3042 3026 ὕδατος.

2191 3147 2254 3209 ς’.
2315 3150 2537 3200 Παντων
2595 3163 2653 3197 σε
2704 3163 2812 3197 των
2864 3140 3149 3214 τοιούτων,
3209 3138 3377 3217 ἤγουν
3437 3138 3736 3214 παρηλίων
3769 3186 3785 3213 ,

2123 3229 2352 3310 ῥέϐδων,
2415 3229 2611 3308 ἴριδος,
2673 3228 2813 3304 ἅλω,
2873 3230 2961 3285 καὶ
3007 3234 3115 3284 τῶν
3170 3228 3574 3304 παραπλησίων
3609 3227 3786 3284 οἳτιον

367 3319 616 3392 generis,
645 3320 905 3378 efﬁciens
933 3340 1112 3379 causa
1139 3325 1407 3381 refractio
1437 3307 1668 3382 dicitur.
1701 3327 1771 3382 Et
1801 3344 2007 3383 rursus

2126 3307 2500 3392 ποιητικὸν
2552 3318 2843 3381 ἀνάκλασις
2899 3318 3148 3395 λέγεται,
3205 3317 3297 3373 καὶ
3353 3318 3565 3373 τούτων
3606 3317 3789 3372 αὐτῶν

368 3409 578 3464 borum
627 3409 886 3481 ipsorum
940 3412 1087 3468 roris
1135 3419 1192 3468 et
1243 3413 1482 3486 pruinae,
1517 3414 1722 3486 pluviae
1772 3416 1911 3471 item
1955 3419 2014 3471 et

367 3497 518 3552 nivis
566 3503 622 3553 et
666 3499 990 3570 grandinis,
1035 3505 1092 3556 et
1141 3501 1445 3568 similium,
1479 3519 1651 3558 causa
1695 3503 2012 3560 materialis

366 3590 455 3642 est
480 3586 689 3658 vapida
717 3587 1002 3645 exhalatio
1029 3608 1042 3658 ;
1076 3591 1229 3646 sicut
1258 3591 1516 3648 vicissim
1551 3593 1795 3647 aliorum
1829 3593 2012 3648 fumi-

367 3674 461 3732 da.
519 3675 723 3739 Qualia
775 3677 957 3749 igitur
1003 3679 1254 3751 duplicis
1301 3680 1687 3737 exhalationis
1733 3683 1860 3752 jam
1911 3700 2009 3739 su-

369 3763 540 3818 blatae
607 3765 725 3820 sint
790 3782 996 3836 opera,
1062 3767 1120 3822 in
1188 3771 1588 3842 superioribus
1656 3771 2012 3828 declaratum

372 3855 480 3908 est.

444 3942 534 3996 79.
576 3942 650 3996 At
698 3943 958 3998 nondum
1016 3943 1246 4000 elevatae
1294 3947 1652 4018 ejuscemodi
1697 3949 2016 4005 exhalatio-

377 4032 489 4098 nis,
523 4048 712 4103 neque
743 4035 972 4087 secretae
999 4050 1032 4088 a
1063 4042 1233 4100 terra,
1268 4036 1367 4091 sed
1401 4036 1553 4092 infra
1579 4041 1796 4092 terram
1829 4038 2016 4094 inclu-

374 4137 472 4188 sas,
501 4125 558 4176 et
588 4125 751 4176 terras
786 4122 1051 4193 partibus
1082 4123 1395 4194 permistaa,
1429 4129 1486 4179 et
1533 4126 1616 4180 ita
1646 4142 2016 4182 concrescen-

373 4209 450 4266 tis
502 4209 1050 4282 spissescentisque,
1083 4213 1214 4268 dua?
1261 4229 1571 4286 corporum
1626 4215 1846 4286 species
1888 4215 2017 4271 efﬁ-

375 4299 628 4366 ciuntur,
663 4315 912 4370 quorum
945 4300 1058 4356 alia
1103 4300 1412 4370 metallica,
1447 4302 1560 4358 alia
1606 4303 1830 4360 fossilis.
1860 4308 2017 4361 sunt.

371 4389 439 4444 Et
487 4405 612 4460 qua:
660 4389 896 4461 quidem
945 4390 989 4425 ²¹
1041 4390 1264 4446 fossilia
1314 4395 1473 4457 sunt,
1507 4392 1742 4448 fumida:
1789 4392 2020 4449 exhala-

372 4478 549 4534 tionis
579 4477 781 4534 effecta
809 4483 986 4546 sunt;
1041 4484 1104 4535 ut
1135 4481 1291 4537 254
1340 4480 1600 4552 lapidum
1632 4498 1863 4553 genera,
1896 4500 2020 4554 qua:

375 4583 615 4641 prorsus
645 4584 762 4623 non
807 4566 1131 4640 liquantur,
1163 4574 1219 4625 et
1264 4569 1536 4642 sulphur,
1568 4575 1625 4626 et
1665 4572 2020 4641 arsenicum,

2121 3409 2286 3466 πάλιν
2348 3407 2519 3465 αἶ’τιον
2579 3407 2765 3464 ὑλικὸν
2829 3405 3024 3484 δρόσου
3069 3408 3159 3463 καὶ
3207 3408 3446 3484 πάχνης,
3479 3401 3702 3479 ὄμϐρου
3733 3427 3792 3461 τε

2122 3501 2210 3555 καὶ
2245 3498 2430 3575 χιόνος
2457 3498 2546 3553 καὶ
2595 3496 2846 3572 χαλάζης
2897 3496 2988 3551 καὶ
3017 3501 3124 3551 τῶν
3159 3496 3366 3570 ὁμοίων
3398 3498 3433 3566 ἡ
3461 3493 3792 3569 άτμιδώδης

2126 3586 2501 3662 ἀναθυμίασις,
2555 3586 2737 3662 ὥσπερ
2785 3585 2854 3640 αὖ
2905 3584 3100 3662 ἐτέρων
3148 3587 3183 3654 ἡ
3231 3581 3546 3654 καπνώδης.
3594 3587 3792 3638 Ὁποῖα

2129 3679 2222 3750 μὶν
2255 3675 2345 3732 οὖν
2378 3676 2446 3731 τὰ
2483 3674 2611 3750 ἔργα
2657 3681 2760 3744 τῆς
2810 3672 2998 3744 διττῆς
3047 3673 3455 3747 ἀναθυμιάσεως
3498 3669 3610 3742 ἤδη
3664 3672 3790 3726 ἀνε-

2125 3765 2430 3842 νεχθείσης,
2465 3765 2492 3818 ὁ
2525 3763 2688 3840 λόγος
2721 3763 2922 3842 φθάσας
2953 3759 3220 3834 ἐδήλωσε.

2203 3944 2338 4013 ζ’-θ’.
2398 3944 2579 4013 Μήπω
2633 3939 2677 3996 δ’
2735 3939 3116 4016 ἀνενεχθείσης
3175 3944 3276 4008 τῆς
3328 3937 3591 4006 τοιαύτης
3637 3937 3792 3993 ἀνα-

2126 4034 2430 4106 θυμιάσεως
2491 4028 2634 4104 μηδὲ
2690 4027 3058 4106 διακριθείσης
3132 4029 3238 4082 ἀπὸ
3295 4033 3396 4096 τῆς
3452 4034 3581 4102 γῆς,
3655 4025 3799 4082 ἀλλ’

2129 4122 2232 4176 ὑπὸ
2305 4128 2406 4196 γῆν
2481 4117 3068 4196 ἐγκατακεκλεισμένης
3143 4116 3234 4172 καὶ
3311 4117 3787 4194 συμπεφυρμένης

2126 4215 2242 4272 τοῖς
2303 4209 2514 4286 μορίοις
2568 4216 2670 4278 τῆς
2720 4214 2841 4284 γῆς,
2899 4207 2991 4262 καὶ
3047 4204 3190 4261 οὕτω
3249 4207 3643 4279 συνισταμένης
3695 4206 3795 4261 καὶ

2128 4301 2502 4375 πηγνυμένης,
2561 4295 2656 4352 δύο
2714 4293 2830 4367 εἶ’δη
2901 4296 3166 4369 σωμάτων
3225 4294 3653 4350 ἀποτελοῦνται·
3710 4296 3788 4350 ὧν

2127 4389 2194 4444 τὰ
2254 4389 2346 4462 μὶν
2413 4385 2752 4462 μεταλλευτὰ
2783 4433 2798 4458 ,
2856 4386 2924 4439 τὰ
2981 4381 3028 4438 δ’
3091 4383 3311 4460 ὀρυκτά.
3369 4382 3469 4438 Καὶ
3526 4381 3629 4438 ὅσα
3688 4385 3789 4458 μὶν

2131 4477 2350 4554 ὀρυκτὰ,
2407 4485 2508 4546 τῆς
2555 4472 2874 4536 καπνώδους
2932 4471 3338 4546 ἀναθυμιάσεως
3392 4469 3786 4545 ἐκτελέσματα·

2130 4568 2244 4621 οἷον
2280 4566 2446 4630 λίθων
2479 4566 2609 4640 γένη
2640 4565 2707 4618 τά
2758 4560 3020 4636 μηδόλως
3065 4561 3360 4635 τηκόμενα,
3390 4561 3478 4616 καὶ
3508 4562 3571 4616 τὸ
3617 4563 3789 4635 θεῖον,

376 4660 435 4712 et
483 4657 680 4730 siquid
732 4655 944 4713 simile.
980 4658 1114 4722 Quae
1163 4663 1359 4715 autem
1409 4663 1548 4715 sunt
1595 4659 1903 4729 metallica,
1955 4677 2007 4717 ea

2127 4655 2217 4711 καὶ
2271 4656 2334 4710 τὸ
2393 4653 2698 4731 ἀρρενικὸν.
2758 4651 2848 4706 καὶ
2907 4647 2963 4704 εἷ’
3005 4671 3057 4704 τι
3103 4653 3376 4705 τοιοῦτον.
3427 4652 3562 4705 Ὅσα
3595 4647 3654 4705 δὲ
3687 4672 3788 4724 με-

371 4762 552 4817 vapor
595 4744 859 4802 absolvit.
910 4750 1043 4803 Haec
1091 4753 1286 4803 autem
1336 4752 1476 4804 sunt
1521 4751 1622 4803 aut
1669 4747 1886 4816 fusilia,
1921 4753 2023 4804 aut

377 4834 637 4906 ductilis,
669 4839 736 4890 ut
765 4835 1005 4904 ferrum,
1033 4853 1133 4904 es,
1157 4853 1366 4892 aurum
1397 4841 1455 4892 et
1483 4836 1736 4906 similia;
1771 4854 2022 4908 quorum

375 4923 490 4979 alia
519 4927 770 4978 uruntur
801 4928 857 4979 et
902 4925 1231 4997 rubiginem
1281 4925 1656 4996 contrahunt,
1693 4931 1757 4981 ut
1805 4927 2021 4982 ferrum

376 5017 433 5067 et
454 5030 552 5083 ess,
583 5018 890 5084 propterea
911 5016 1064 5086 quod
1088 5014 1264 5070 etiam
1288 5013 1573 5070 fumidam
1597 5014 2024 5072 exhalationem

376 5101 742 5174 participant,
785 5106 842 5157 et
885 5104 1200 5160 essentiam
1233 5104 1422 5177 magis
1452 5109 1788 5160 terrestrem
1819 5107 2025 5161 sortita

380 5191 517 5246 sint.
541 5191 764 5245 Aurum
796 5197 990 5248 autem
1026 5210 1211 5264 neque
1241 5194 1354 5264 uri,
1384 5209 1572 5265 neque
1593 5194 2023 5266 rubiginescere

379 5280 564 5345 aiunt,
599 5283 664 5334 ut
703 5281 857 5351 quod
890 5296 956 5335 ex
1004 5298 1212 5354 vapore
1260 5299 1404 5354 puro
1434 5283 1492 5337 in
1526 5299 1711 5338 unum
1742 5288 1937 5339 coacto
1967 5286 2024 5339 et

379 5385 714 5440 compresso
766 5374 1010 5436 constet,
1069 5375 1126 5426 et
1173 5372 1489 5427 essentiam
1537 5372 1728 5445 magis
1774 5389 2022 5445 aqueam

380 5456 702 5528 acceperit;
733 5461 790 5512 et
819 5463 1122 5530 eapr0pter
1149 5459 1372 5516 scilicet
1402 5462 1577 5516 etiam
1608 5462 2023 5533 gravissimum

378 5561 524 5602 esse.
542 5546 807 5602 Gravitas
823 5547 977 5603 enim
1000 5552 1099 5603 aut
1116 5553 1348 5619 propter
1363 5552 1634 5617 terream,
1657 5554 1756 5606 aut
1773 5566 2021 5622 aquaam

450 5748 494 5783 ³1
528 5748 561 5802 3
591 5746 827 5804 Meteor.
859 5763 909 5802 ο.
942 5748 1016 5815 6;
1048 5742 1196 5801 Scal.
1232 5746 1428 5801 Exerc.
1466 5744 1584 5800 102.

2131 4743 2421 4813 ταλλευτά,
2482 4745 2517 4813 ἡ
2573 4741 2734 4815 ἀτμὶς
2788 4737 3173 4816 τελεσιουργεῖ.
3231 4741 3410 4793 Ταῦτα
3454 4735 3513 4793 δὲ
3556 4741 3593 4809 ἢ
3644 4738 3794 4816 χυτά

2133 4834 2297 4907 ἐστιν,
2329 4835 2364 4904 ἢ
2399 4831 2583 4904 ἐλατά,
2618 4833 2729 4886 οἷον
2762 4829 3010 4907 σίδηρος,
3065 4827 3298 4904 χαλκὸς,
3351 4827 3555 4904 χρυσὸς
3602 4829 3695 4884 καὶ
3725 4831 3792 4884 τά

2132 4923 2317 4997 ὅμοια⁹
2379 4924 2452 4976 ὧν
2505 4921 2573 4976 τὰ
2634 4921 2725 4994 μὲν
2792 4918 2999 4974 καίεται
3056 4918 3145 4973 καὶ
3205 4917 3402 4988 ἶοῦται,
3461 4917 3705 4992 καθάπερ
3759 4920 3787 4973 ὁ

2133 5009 2355 5088 σίδηρος
2413 5012 2504 5066 καὶ
2561 5007 2793 5085 χαλκὸς,
2855 5006 2943 5062 διὰ
2989 5007 3053 5062 τὸ
3100 5007 3191 5062 καὶ
3241 5003 3557 5068 καπνώδους
3595 5007 3790 5062 ἀναθυο

2136 5103 2370 5175 μιάσεως
2433 5104 2721 5175 μετασχεῖν
2758 5141 2772 5167 ,
2831 5097 2922 5152 καὶ
2994 5097 3092 5165 τὴν
3165 5094 3350 5150 οὐσίαν
3421 5091 3787 5173 γεωδεστέραν

2133 5189 2347 5266 λαχεῖν·
2393 5189 2482 5243 τὸν
2545 5186 2603 5244 δὲ
2657 5186 2856 5264 χρυσὸν
2912 5187 3051 5259 μήτε
3094 5183 3334 5240 καίεσθαι
3389 5186 3528 5258 μήτε
3577 5183 3790 5249 ἰοῦσθαί

2133 5301 2312 5358 φασιν,
2370 5279 2445 5340 ὡς
2503 5276 2555 5349 ἐξ
2613 5273 2842 5350 ἀτμίδος
2902 5276 3138 5350 καθαρᾶς
3195 5273 3272 5336 εἷς
3328 5271 3384 5328 ἓν
3433 5273 3789 5348 συναχθείσης

2130 5370 2220 5424 καὶ
2269 5366 2601 5439 πιληθείσης
2651 5365 2935 5442 γενόμενον
2986 5363 3076 5420 καὶ
3132 5363 3231 5433 τὴν
3283 5362 3466 5418 οὐσίαν
3520 5359 3788 5418 ὑδατωδε-

2131 5457 2317 5534 στέραν
2367 5456 2726 5529 κτησάμενον·
2779 5451 2869 5508 διὰ
2914 5453 3082 5508 ταῦτά
3121 5472 3206 5506 τοι
3239 5451 3328 5506 καὶ
3384 5451 3681 5528 βαρύτατον
3713 5450 3788 5506 εἶ-

2130 5568 2237 5604 ναι.
2269 5546 2340 5600 Τὸ
2380 5546 2484 5621 γὰρ
2540 5546 2706 5620 βάρος
2753 5545 2788 5614 ἣ
2835 5541 2924 5598 διὰ
2967 5542 3030 5596 τὸ
3078 5537 3275 5617 γεῶδες
3321 5540 3358 5609 ἢ
3412 5537 3501 5594 διὰ
3542 5542 3603 5595 τὸ
3654 5537 3784 5595 ὑδα-
