4024 6438
270 444 428 508 1213

1582 447 1932 510 ΕΡΙΤΟΜΕ
1975 446 2340 512 PHYSICA.

3509 442 3668 503 1214

232 572 435 641 ’τῶδες
479 583 596 642 τοῖς
644 579 860 653 σώμασι
906 577 1179 656 πρόσεστι·
1233 578 1413 656 ὥσπερ
1464 577 1529 635 αὗ
1570 583 1605 650 ἡ
1635 578 1909 657 κουφότης

2033 586 2296 637 naturam
2324 580 2480 636 inest
2506 578 2847 652 corporibus
2875 595 2888 633 :
2921 577 3419 651 quemadmodum
3465 580 3668 633 contra

267 664 421 738 ἢδιᾶ
474 669 537 723 τὸ
582 665 853 742 πυρῶδες,
913 669 950 738 ἢ
1009 665 1098 723 διὰ
1152 668 1214 724 τὸ
1260 666 1514 745 αέρῶδες.
1568 669 1629 723 Εἰ
1678 667 1852 723 τοίνυν
1885 669 1913 723 ὁ

2033 671 2227 727 levitas
2283 673 2384 725 aut
2438 673 2675 742 propter
2725 668 2981 740 igneam,
3013 670 3117 723 aut
3165 671 3398 740 propter
3437 681 3667 722 aeream

269 757 471 833 χρυσὸς
524 753 951 833 ὑδατωδεστέραν
1002 755 1203 832 ἔσχηκε
1247 758 1345 826 τήν
1401 757 1619 830 οὗσίαν,
1667 756 1756 812 καὶ
1811 763 1911 826 τῆς

268 841 609 914 καπνώδους,
643 840 816 899 εἷ’τουν
845 843 1133 919 πυρώδους
1166 845 1567 919 ἀναθυμιάσεως
1607 845 1911 923 ἀνεφίκτον,

272 932 497 997 εἴκότως
526 931 638 989 ἐστί
666 932 755 989 καὶ
790 932 1106 1010 βαρύτατος.

2022 765 2300 815 nuturam
2333 758 2484 814 inest
2527 757 2888 830 corporibus.
2924 757 3086 822 Quod
3135 756 3183 812 si
3234 754 3415 828 igitur
3457 771 3669 811 aurum

2022 846 2212 920 magis
2265 863 2513 919 aquaam
2570 846 2746 901 habet
2791 846 3130 911 essentiam,
3160 849 3218 900 et
3267 860 3402 900 cum
3442 843 3670 900 fumida

2024 935 2142 993 sive
2194 935 2366 1009 ignea
2418 934 2782 991 exhalatione
2840 933 3293 1007 impermistam,
3348 936 3437 989 est
3491 932 3669 989 etiam

2024 1025 2231 1082 merito
2262 1024 2697 1097 gravissimum.

1534 1256 1876 1314 SYNOPSIS
1915 1256 2195 1313 CAPITIS
2234 1256 2422 1312 XXIV.

1277 1364 1347 1403 DE
1385 1363 1574 1415 COELO,
1614 1363 1766 1410 QUOD
1806 1362 2049 1402 MUNDUS
2089 1362 2203 1401 NON
2243 1362 2330 1401 SIT
2366 1361 2661 1401 ETERNUS.

276 1462 428 1521 255
464 1462 515 1516 1.
550 1462 899 1534 Etymologia
923 1464 1021 1515 τοῦ
1059 1462 1308 1537 οὐρανοῦ,
1360 1462 1419 1517 id
1444 1466 1542 1533 est,
1591 1463 1734 1530 caeli,
1779 1462 2128 1534 ejusdemque
2164 1462 2489 1533 etymologia
2534 1462 2825 1532 descriptio
2869 1462 3208 1532 proponitur.
3255 1491 3321 1501 —-
3344 1462 3399 1514 2.
3439 1462 3675 1532 Proprie

343 1533 551 1589 dictum
576 1534 792 1606 curtum,
820 1534 1069 1606 primum
1096 1536 1370 1606 nimirum
1395 1541 1447 1589 et
1473 1537 1642 1590 astris
1673 1550 1880 1601 carens,
1911 1542 2191 1589 creaturas
2220 1550 2343 1588 cum
2370 1532 2663 1606 sensibiles
2693 1542 2810 1588 tum
2847 1533 3221 1606 intelligibiles
3268 1532 3676 1606 comprehendit

341 1609 564 1676 excepto
590 1604 718 1670 Deo,
750 1603 945 1677 dequo
973 1607 1061 1676 pie
1089 1605 1535 1677 philosophatur.
1583 1635 1653 1645 —
1699 1606 1752 1659 3.
1784 1607 1890 1660 Hoc
1935 1606 2131 1677 calum
2176 1606 2342 1677 pauci
2375 1605 2695 1677 philosophi
2739 1603 3039 1675 propterea
3074 1604 3218 1676 quod
3265 1603 3542 1677 invisibile
3569 1606 3671 1677 est,

343 1673 730 1748 cognoverunt,
760 1673 1432 1748 sediﬁrrnam'entum'pro
1469 1676 1646 1747 primo
1687 1677 1819 1748 cazlo
1866 1673 2192 1746 habuerunt,
2222 1684 2274 1730 et
2320 1675 2508 1748 itidem
2546 1673 2797 1748 reliquas
2836 1673 3194 1746 planetarum
3239 1676 3488 1748 sphaeras
3515 1673 3674 1729 caelos

345 1747 729 1820 nominarunt,
758 1754 813 1802 et
837 1745 1072 1819 denique
1095 1745 1414 1804 universum
1440 1745 1634 1820 corpus
1660 1747 1954 1820 mthereum
1984 1764 2020 1802 a
2046 1745 2391 1820 firmamento
2422 1747 2495 1801 ad
2539 1745 2732 1820 lunam
2760 1745 2927 1820 usque
2961 1751 3194 1818 propter
3218 1745 3462 1801 eamdem
3506 1753 3671 1820 natu-

340 1835 465 1874 ram
491 1818 691 1873 caelum
717 1834 891 1873 unum
935 1818 1408 1890 nuncupaverunt.
1459 1818 1544 1859 —'
1576 1821 1629 1874 4.
1684 1818 1831 1874 Idem
1876 1819 1978 1874 hoc
2023 1834 2216 1889 corpus
2262 1818 2560 1875 avt/aerium
2602 1818 2933 1875 Aristotelia
2971 1826 3022 1873 et
3068 1820 3321 1890 quintum
3347 1833 3542 1890 corpus
3566 1818 3679 1872 sive

338 1891 592 1974 quintam
608 1891 916 1974 essentiam
972 1889 1352 1974 appellarunt,
1409 1899 1460 1946 et
1476 1970 1484 1974 _
1502 1891 1772 1974 .dtversw_
1797 1897 2021 1974 natura.
2048 1907 2083 1945 a
2107 1893 2346 1974 quatuor
2373 1890 2652 1974 elementis
2704 1897 3033 1945 statuerunt.
3069 1889 3372 1974 _’Platonici
3396 1892 3581 1974 autem
3607 1902 3677 1943 ea:

335 1961 728 2033 sinterissimis
773 1965 827 2017 et
894 1961 1212 2033 purissimis
1251 1963 1558 2027 elementis,
1607 1962 2056 2033 praedominante
2100 1964 2281 2017 tamen
2308 1963 2456 2030 igne,
2490 1963 2673 2033 ipsum
2692 1976 2904 2033 quoque
2931 1968 3175 2033 constare
3221 1965 3575 2033 censuerunt.
3610 1990 3678 1999 —

339 2034 395 2088 5.
420 2030 770 2101 Stelliferum
792 2030 1004 2102 cretum,
1035 2034 1133 2089 hoc
1158 2038 1256 2098 est,
1288 2030 1713 2103 ﬁrmamentum,
1746 2034 1881 2104 quia
1907 2035 2065 2104 motu
2099 2033 2325 2104 proprio
2378 2030 2715 2088 tardissime
2749 2030 2997 2087 movetur
3050 2031 3136 2103 (de
3188 2047 3294 2104 quo
3344 2041 3525 2104 tamen
3554 2032 3675 2104 ipso

339 2119 453 2160 non
479 2109 848 2176 convenerunt
874 2120 1057 2161 omnes
1101 2121 1174 2161 ea:
1218 2106 1491 2160 veteribus
1525 2121 1625 2176 per
1668 2102 1875 2169 omnia,
1905 2103 2070 2159 multi
2099 2102 2429 2175 philosophi
2452 2119 2552 2174 pro
2580 2105 2866 2176 inerrante
2890 2120 2987 2159 seu
3013 2102 3288 2160 immobili
3314 2102 3534 2176 sphaera
3563 2102 3673 2176 ha-

343 2176 597 2231 buerunt.
627 2203 699 2217 —
725 2176 780 2229 6.
812 2174 1149 2232 Sententiam
1175 2176 1422 2232 Platonis
1448 2174 1686 2232 membro
1730 2179 1924 2246 quarto
1952 2174 2260 2246 expositam
2306 2176 2618 2245 conﬁrmat,
2671 2179 2723 2230 et
2770 2175 2967 2247 caelum
3014 2191 3083 2229 ea:
3136 2179 3373 2247 quatuor
3399 2174 3681 2247 elementis

340 2248 588 2320 constare
630 2248 845 2320 probat,
896 2263 966 2320 e.c
1013 2263 1073 2303 eo
1121 2249 1264 2320 quod
1307 2248 1481 2303 videri
1526 2256 1579 2302 et
1608 2245 1767 2316 tangi
1794 2247 1984 2319 possit.
2025 2245 2095 2285 +-
2141 2247 2195 2320 7.
2243 2247 2554 2318 Occupatio,
2605 2262 2713 2320 qua
2768 2246 2916 2320 docet
2962 2245 3159 2318 corpus
3196 2247 3428 2320 caeleste_
3452 2245 3557 2301 etsi
3575 2252 3677 2320 est

345 2315 720 2391 compositum,
770 2319 1009 2389 simplex
1052 2315 1232 2391 tamen
1280 2335 1412 2386 esse,
1459 2321 1509 2373 si
1536 2336 1662 2373 cum
1708 2315 1957 2391 iis—qum
1996 2319 2188 2391 magis
2235 2315 2393 2391 sunt'
2413 2315 3091 2391 compositadcomferatu'r
3135 2335 3148 2372 :
3192 2315 3460 2391 quomodo
3505 2318 3674 2371 etiam

346 2388 614 2445 elementa
642 2388 762 2446 haec
786 2388 1059 2462 uostratia
1081 2390 1341 2446 dicuntur
1375 2405 1615 2462 corpora
1644 2390 1799 2447 256
1834 2388 2144 2462 simplicia,
2192 2390 2242 2443 si
2281 2389 2850 2462 comparenturrillis,
2883 2403 3009 2460 quae
3056 2405 3125 2445 ex
3176 2390 3312 2460 ipsis
3358 2392 3487 2442 sunt
3527 2403 3674 2462 eam:

348 2461 558 2532 posita.
590 2490 660 2501 ——-
701 2462 753 2514 8.
788 2461 993 2517 Probat
1022 2462 1190 2517 etiam
1236 2459 1485 2532 primum
1512 2460 1714 2517 caelum
1751 2460 1897 2533 quod
1950 2460 2237 2533 stellarum
2266 2464 2359 2533 est
2402 2459 2595 2529 expers
2647 2459 2929 2533 (intelligit
2959 2468 3143 2533 autem
3164 2459 3418 2531 primum
3444 2459 3669 2531 mobile)

349 2531 467 2604 esse
493 2540 869 2602 compositum,
901 2548 966 2588 ac
993 2533 1130 2588 inde
1178 2531 1349 2604 infert
1393 2533 1565 2588 multo
1609 2531 1788 2602 magis
1836 2531 2133 2604 secundum
2180 2531 2395 2604 ctelum,
2447 2531 2857 2601 ﬁrmamentum
2902 2532 3114 2586 scilicet
3159 2547 3277 2587 esse
3320 2533 3682 2604 compositum

352 2603 449 2658 ubi
495 2604 672 2684 etiam
717 2604 1029 2684 indicat_se
1071 2605 1142 2659 de
1185 2602 1849 2684 compositione__meliore
1894 2603 2061 2684 loqui.
2114 2632 2183 2642 —-
2231 2603 2294 2684 _9.
2332 2602 2673 2684 .0ccupatio.
2722 2618 2832 2683 qua
2867 2606 3162 2684 monstrat,
3210 2603 3318 2684 etsi
3362 2602 3560 2684 coelum
3603 2609 3683 2684 est

352 2683 697 2746 compsttum,
746 2678 895 2737 motu
940 2677 1124 2730 tamen
1168 2672 1376 2731 moveri
1416 2676 1681 2746 simplici,
1729 2677 1877 2744 ignis
1902 2672 2175 2746 nimirum
2217 2675 2275 2727 in
2321 2674 2434 2744 ipso
2475 2672 2948 2746 praedominantis,
2982 2674 3137 2745 cujus
3162 2678 3369 2746 motum
3397 2672 3686 2746 conﬁrmat

274 2792 287 2805 .
354 2744 686 2801 circularem
719 2761 852 2800 esse.
905 2776 972 2786 —
1018 2747 1102 2800 10.
1152 2747 1280 2802 Alia
1319 2744 1597 2817 occupatio
1627 2763 1735 2816 qua
1762 2745 2005 2801 ostendit
2046 2746 2104 2799 in
2132 2760 2354 2813 genere,
2407 2744 2617 2801 motum
2648 2745 2999 2817 rectilineum
3041 2744 3162 2800 tum
3210 2744 3362 2800 modo
3399 2744 3685 2801 elementis

354 2827 656 2886 cornpetere
698 2832 823 2871 cum
862 2821 1204 2889 generantur
1243 2826 1295 2874 et
1341 2816 1500 2873 extra
1527 2833 1687 2873 suum
1732 2818 1911 2872 locum
1924 2820 2087 2889 sunt,
2118 2818 2318 2889 quippe
2363 2831 2504 2886 quae,
2554 2832 2677 2871 cum
2707 2817 2767 2870 in
2813 2817 2931 2870 suis
2960 2816 3092 2871 locis
3138 2819 3288 2882 sunt,
3318 2820 3427 2871 aut
3457 2818 3685 2870 immota

354 2833 656 2886 competere
698 2833 823 2871 cum
862 2833 1204 2889 generantur
1243 2833 1295 2874 et
1341 2833 1500 2873 extra
1527 2833 1687 2873 suum
1732 2833 1911 2872 tecum
1939 2833 2087 2878 sunt,
2118 2833 2318 2940 ᾳαιρῖισ
2363 2833 2504 2886 quae,
2554 2833 2677 2871 cum
2707 2833 2767 2870 in
2813 2833 2931 2870 suis
2960 2833 3092 2871 iocis
3138 2833 3288 2882 sunt,
3318 2833 3427 2871 aut
3457 2833 3685 2870 immota

350 2889 671 2954 consistant,
721 2895 818 2942 aut
867 2888 1217 2945 circulariter
1261 2892 1606 2945 moveantur.
1661 2919 1727 2929 -—
1782 2889 1870 2942 11.
1916 2888 2243 2959 Recenset_e
2266 2890 2477 2942 ementa
2523 2902 2649 2959 quae
2695 2888 2929 2943 immota
2954 2888 3277 2959 consistunt,
3325 2894 3378 2942 et
3425 2901 3549 2959 quae
3574 2901 3685 2959 mo-

352 2964 546 3015 ventur
570 2959 933 3032 circulariter.
963 2990 1032 2999 —
1063 2961 1150 3015 12.
1204 2962 1265 3016 In
1297 2962 1477 3027 specie
1518 2959 1708 3032 probat
1753 2958 1818 3014 de
1848 2967 2022 3025 terra,
2055 2957 2195 3029 quod
2220 2956 2821 3013 secundum'naturam
2857 2966 2909 3013 et
2949 2959 3010 3012 in
3039 2958 3234 3027 medio,
3264 2956 3349 3032 sit,
3368 2956 3447 3032 et'
3477 2956 3681 3013 ibidem

350 3032 581 3086 immoto
621 3029 897 3086 subsistat.
947 3060 1016 3072 —-
1071 3032 1158 3086 13.
1204 3032 1416 3103 Aquam
1463 3028 1528 3087 et
1563 3046 1748 3085 aerem
1792 3028 2138 3099 stagnantem
2181 3033 2406 3103 propter
2452 3033 2833 3099 cognationem
2898 3045 3027 3084 cum
3073 3033 3219 3103 terra
3278 3028 3475 3103 itidem
3527 3037 3679 3103 motu

346 3117 545 3174 vacare
602 3103 954 3173 pronuntiat.
979 3132 1057 3174 ε
1086 3103 1172 3157 14.
1205 3100 1386 3174 Ignem
1415 3103 1770 3158 circulariter
1794 3102 2005 3157 moveri
2058 3102 2320 3174 ostendit,
2355 3102 2508 3174 quia
2561 3109 2766 3156 natura
2796 3108 3037 3174 movetur
3066 3101 3145 3174 ad
3174 3100 3681 3174 circumferentiam

349 3171 762 3244 spheram—qum
790 3172 1022 3228 rotunda
1049 3177 1146 3229 est.
1179 3171 1248 3215 -ῖ
1303 3175 1388 3228 15.
1430 3175 1620 3229 Aerem
1666 3174 1949 3244 puriorem
1975 3188 2101 3227 cum
2148 3172 2273 3243 igne
2316 3171 2664 3244 circulariter
2710 3173 2919 3227 moveri
2939 3172 3224 3244 declarat.
3271 3202 3337 3212 --
3395 3171 3480 3225 16.
3536 3172 3686 3244 Gon-

350 3240 662 3317 c'lusionem—
697 3244 987 3315 specialem
1044 3246 1310 3311 instituit,
1358 3246 1642 3317 superiora
1666 3240 1884 3315 partim
1913 3240 2186 3317 repetens,
2206 3244 2421 3317 partim
2468 3243 2597 3298 inde
2640 3258 2783 3299 nova
2819 3240 3129 3317 πορίσματᾳ
3170 3244 3432 3311 inferens.
3474 3270 3544 3282 -—-
3591 3242 3678 3296 17.

357 3316 560 3371 (Icelum
587 3323 640 3371 et
664 3287 868 3370 tei'vram
896 3318 1046 3370 inter
1071 3332 1129 3372 se
1155 3287 1454 3373 contendit”
1483 3287 1744 3383 invicem,
1797 3323 1853 3370 et
1906 3287 2252 3370 intermdiis
2299 3314 2486 3369 eadem
2528 3317 2797 3371 creaturis
2852 3287 3139 3384 άὲυἰᾶἰή,
3197 3287 3475 3384 εᾶιωηᾳυε
3514 3330 3679 3369 mun-

351 3384 484 3456 dum
510 3387 591 3441 ita
617 3388 936 3442 continuari
981 3387 1215 3443 invicem
1259 3387 1509 3444 ostendit.
1558 3417 1628 3428 —
1671 3387 1758 3442 18.
1809 3386 1958 3444 257
2010 3384 2309 3455 Conﬁrmat
2363 3386 2573 3456 aliquot
2626 3386 2934 3441 rationibus
2979 3385 3181 3441 calum
3227 3386 3464 3456 adeoque
3503 3387 3681 3440 totum

350 3455 448 3530 hoc
492 3459 809 3530 universum
856 3458 1095 3514 rotunda
1137 3458 1318 3529 ﬁgura
1363 3475 1476 3516 esse
1521 3457 1832 3530 praeditum.
1887 3486 1973 3530 -τί
2004 3457 2091 3511 19.
2147 3456 2377 3530 Septem_
2399 3455 2713 3530 aﬂ‘ectiones
2755 3457 3014 3530 cujusque
3059 3458 3299 3530 corporis
3342 3455 3466 3527 qua
3520 3458 3675 3530 sunt,

350 3528 522 3601 infra,
554 3544 740 3600 supra,
764 3528 1042 3600 dextrum,
1090 3526 1397 3595 sinistrum,
1443 3526 1596 3597 ante,
1641 3537 1779 3601 post,
1828 3527 2092 3601 medium,
2120 3526 2411 3601 quamodo
2442 3526 2518 3581 in
2565 3529 2694 3583 caelo
2743 3526 2827 3583 se‘
2851 3526 3104 3594 habeant,
3153 3526 3420 3601 explicat.
3441 3558 3522 3601 -έ
3579 3528 3671 3601 20.

346 3598 843 3671 Peripateticorum
890 3616 993 3671 pro
1027 3598 1165 3656 cali
1205 3601 1440 3672 adeoque
1485 3598 1654 3657 totius
1693 3600 1894 3655 mundi
1932 3598 2237 3654 asternitate
2284 3600 2775 3672 ratiocinationem
2823 3601 3101 3672 proponit.
3157 3598 3233 3672 _—'
3278 3600 3368 3654 21.
3431 3598 3680 3654 Platonis

345 3669 682 3727 sententiam
709 3677 761 3727 et
788 3669 1193 3743 responsionem
1221 3672 1290 3727 ad
1317 3669 2387 3743 argumentationemPeripateticorum
2429 3670 2671 3742 subjicit,
2718 3669 2831 3725 ubi
2856 3669 2931 3726 de
2963 3670 3279 3727 aeternitate
3322 3678 3373 3726 et
3429 3673 3682 3743 tempore

345 3749 399 3797 et
427 3744 711 3814 utriusque
752 3740 1003 3814 partibus
1062 3744 1297 3814 pulchre
1343 3740 1763 3800 disserit—22.
1817 3741 1982 3797 Aliud
2008 3740 2536 3814 Peripateticorum
2572 3744 2952 3813 argumentum
3001 3758 3097 3811 pro
3132 3743 3459 3814 aeternitate
3485 3740 3681 3796 mundi

339 3812 634 3886 proponit;
669 3821 722 3869 et
744 3812 831 3886 ad
874 3815 936 3869 id
965 3812 1266 3886 respondet,
1296 3816 1397 3871 ubi
1421 3815 1487 3870 de
1530 3816 1805 3870 creatione
1848 3812 2046 3886 mundi
2084 3812 2571 3886 et’destructionts
2623 3814 2780 3868 modo
2822 3812 3258 3868 memorabiliter
3309 3813 3573 3886 loquitur.
3610 3842 3681 3852 —-

345 3884 449 3939 23.
468 3884 863 3957 Philosophica
892 3884 1364 3957 argumentatione
1408 3886 1712 3956 conﬁrmat,
1745 3884 2015 3941 mundum
2054 3885 2236 3957 etiam
2288 3884 2537 3957 naturali
2562 3887 2785 3957 ratione
2813 3901 2930 3941 esse
2956 3886 3306 3957 corruptioni
3358 3884 3681 3957 obnoxium,

344 3958 397 4027 et
450 3955 702 4027 proinde
745 3958 916 4011 etiam
962 3955 1151 4012 ortum
1194 3973 1331 4027 esse,
1376 3955 1567 4013 contra
1620 3955 1817 4013 mundi
1861 3956 2227 4013 aeternitatem
2265 3955 2337 4010 ab
2383 3955 2670 4011 Aristotele
2725 3958 3008 4026 traditam,
3065 3959 3118 4011 et
3175 3956 3295 4026 ejus
3323 3956 3684 4027 sectatoribus

342 4026 622 4100 aliquibus
651 4027 949 4100 defensam.
990 4058 1070 4100 μ-
1113 4029 1204 4085 24.
1238 4026 1469 4085 Tertiam
1519 4029 1875 4100 objectionem
1918 4028 2411 4100 Peripateticorum
2456 4028 2734 4100 proponit
2760 4029 2831 4084 ab
2877 4027 3136 4094 absurdo,
3185 4031 3238 4082 et
3281 4026 3687 4100 responsionem

344 4096 564 4155 adeam
604 4099 818 4171 svbjicit
863 4098 1138 4171 duplicem
1164 4116 1187 4161 ;
1215 4117 1386 4155 unam
1427 4116 1528 4171 per
1580 4096 2244 4171 instantiamrinferendo
2288 4096 2586 4171 absurdum
2635 4098 2823 4154 eadem
2868 4100 3090 4155 ratione
3140 4096 3566 4171 consequentia,
3599 4098 3682 4171 a_l-

342 4172 519 4225 teram
569 4186 676 4241 per
690 4168 1114 4227 distinctionem
1138 4173 1396 4242 potentiae
1427 4168 1555 4242 quae
1581 4187 1770 4242 supra,
1821 4185 1878 4238 p.
1912 4168 2306 4240 46,1‘opiosius
2358 4170 2633 4240 explicata
2690 4172 2818 4240 fuit.
2870 4201 2938 4211 —
2982 4171 3074 4225 25.
3124 4168 3379 4241 Explicat
3414 4168 3681 4240 quomodo

345 4248 556 4296 creator
583 4248 634 4297 et
659 4249 928 4298 creaturae
952 4243 1122 4298 simul
1147 4247 1284 4305 sint,
1340 4243 1599 4313 quomodo
1626 4257 1737 4297 non
1791 4242 1903 4297 sint
1931 4242 2117 4310 simul,
2167 4249 2245 4313 et,
2276 4257 2445 4312 quare
2490 4244 2727 4297 creatori
2753 4250 3021 4297 creaturae
3077 4249 3202 4295 actu
3251 4250 3537 4297 coartet-me
3565 4254 3683 4313 esse

341 4314 707 4384 nonpossint,
738 4313 837 4369 ubi
857 4315 1023 4384 etiam
1054 4314 1122 4370 de
1149 4311 1468 4370 discrimine
1495 4314 1868 4384 creationiset
1898 4311 2294 4381 generationis,
2348 4316 2588 4384 itemque
2642 4321 2908 4368 creaturae
2956 4314 3010 4367 et
3064 4313 3367 4384 geniminis
3422 4313 3531 4384 Dei
3581 4311 3679 4384 ad-

340 4381 594 4465 modum‘
624 4384 779 4441 258
833 4383 1139 4465 theologice
1192 4385 1568 4465 disserit._.-—
1778 4383 1887 4465 ._S_u_b
1927 4384 2101 4465 ﬁnem
2154 4385 2356 4465 capitis
2414 4381 2631 4465 in'quo
2688 4386 2859 4465 etiam
2912 4384 2999 4465 de
3038 4383 3167 4465 calo
3215 4384 3348 4453 egit,
3405 4383 3470 4465 de_
3523 4381 3684 4465 aquis

337 4469 520 4580 ilqu
556 4454 988 4580 frmamentum,
1023 4453 1156 4528 'qua
1227 4458 1284 4512 vi
1338 4457 1721 4512 contineantur
1773 4456 1874 4522 ibi,
1925 4453 1980 4510 et
2037 4454 2201 4526 quale
2226 4456 2358 4520 sint,
2416 4463 2468 4510 et
2522 4453 2653 4525 quos
2723 4453 2850 4510 us'us
2906 4454 3167 4522 habeant,
3222 4469 3333 4510 non
3376 4453 3686 4522 vulgariter

376 4541 425 4580 is
519 4541 555 4580 a
582 4566 596 4580 .

376 4527 596 4598 isputat.

716 1462 1021 1537 ologia‘toﬁ
1059 1460 1308 1537 οὐρανοῦ,
1360 1462 1419 1517 id
1444 1466 1542 1533 est,
1591 1463 1734 1530 caeli,
1779 1461 2128 1534 ejusdemque
2164 1461 2517 1537 etymologia
2529 1460 2825 1537 descriptio
2860 1462 3208 1537 proponitur.
3255 1491 3321 1501 —
3344 1460 3399 1514 2.
3439 1461 3675 1537 PrOprie

886 4733 1145 4786 ΚΕΦΔΛ.
1179 4729 1304 4785 KA'.

2622 4726 2857 4785 CAPUT
2895 4727 3093 4784 XXIV.

360 4817 489 4892 Περὶ
516 4816 767 4893 οὐρανοῦ,
798 4817 889 4873 καὶ
920 4815 1003 4873 ὅτι
1036 4817 1136 4873 οὐκ
1163 4813 1304 4873 ἔστιν
1334 4818 1363 4872 ὁ
1392 4817 1598 4889 κόσμος
1632 4814 1828 4880 ἀΐδιος.

338 4907 406 4962 α’.
454 4907 556 4961 Τὸν
600 4905 826 4983 οὐρανὸν
876 4904 1003 4983 ὅρον
1057 4906 1167 4962 ἅνω
1225 4905 1359 4960 εἶναι
1416 4906 1506 4960 καὶ
1554 4908 1590 4975 ἡ
1639 4904 1924 4979 ἀνάπτυξις

267 4990 437 5066 δηλοῖ
481 4999 584 5050 τοῦ
636 4994 927 5069 ὀνόματος.
980 4995 1346 5073 Περιορισμὸς
1396 4996 1498 5072 γὰρ
1548 4994 1690 5051 ἐστιν
1736 4995 1812 5057 εἰς
1859 4996 1923 5050 τὸ

266 5082 377 5137 ἅνω
425 5082 515 5139 καὶ
569 5083 707 5139 κατὰ
748 5084 814 5139 τὸ
862 5080 994 5156 ἄνω,
1037 5084 1177 5139 κατά
1223 5088 1326 5139 πᾶν
1377 5082 1540 5160 μέρος
1590 5087 1688 5138 τοῦ
1728 5086 1923 5146 παντὸς

262 5169 473 5246 κόσμου
527 5169 673 5249 ἔχων
698 5173 762 5228 τὸ
800 5172 1080 5230 ἀνωτάτω.
1128 5172 1229 5228 Καὶ
1277 5171 1408 5228 αὐτὸ
1454 5174 1558 5250 γὰρ
1610 5172 1674 5228 τὸ
1727 5170 1918 5228 δοκοῦν

260 5264 378 5323 τοῖς
451 5259 691 5324 πολλοῖς
760 5261 1016 5317 ὑποκάτω
1087 5261 1177 5317 καὶ
1237 5261 1341 5317 ὑπὸ
1396 5264 1495 5338 γῆν
1561 5262 1916 5341 ἡμισφαίριον

264 5348 513 5427 ὑπεράνω
559 5350 679 5406 κατ’
731 5349 992 5422 ἀλήθειαν
1035 5352 1301 5427 τυγχάνει
1345 5349 1437 5407 καί
1488 5351 1620 5428 ὑπὲρ
1669 5358 1795 5427 γῆν.
1849 5352 1919 5406 Τὸ

261 5437 367 5515 γὰρ
416 5436 570 5502 ἐκνὸς
616 5445 717 5510 τῆς
764 5445 871 5515 γῆς
921 5440 1171 5495 ὁπωσοῦν
1218 5437 1328 5495 ἄνω
1388 5439 1551 5495 ἐστίν·
1609 5438 1827 5517 ἐπείπερ
1880 5443 1916 5511 ἡ

261 5528 335 5603 γῆ
362 5525 551 5582 καὶτὰ
580 5525 632 5583 ἐν
679 5525 816 5602 αὐτῇ
866 5528 1094 5602 σώματα
1141 5527 1229 5583 καὶ
1258 5526 1381 5604 περὶ
1433 5526 1600 5597 αὐτὴν
1647 5524 1737 5582 τὸν
1771 5529 1918 5583 κάτω

262 5618 450 5693 χῶρον
482 5612 657 5672 εἷ’τουν
686 5616 779 5672 τὸν
815 5614 978 5690 μέσον
1007 5616 1406 5693 κεκλήρωνται.

338 5759 384 5795 ³³
415 5760 468 5833 1,
491 5759 574 5819 De
601 5759 766 5819 omlo.
871 5761 917 5797 ³⁸
946 5764 1177 5820 Damus.
1213 5760 1257 5820 Ι.
1288 5761 1345 5831 2,
1379 5777 1430 5818 c.
1459 5762 1515 5817 6.

2202 4818 2276 4872 De
2304 4817 2433 4872 calo
2461 4820 2512 4873 et
2542 4816 2687 4889 quod
2722 4817 2975 4872 mundus
3005 4833 3121 4873 non
3150 4818 3228 4873 sit
3255 4821 3510 4874 aeternus.

2105 4905 2155 4957 1.
2190 4902 2424 4977 Οὐρανὸν
2471 4906 2670 4976 (quem
2702 4903 2890 4959 Latini
2919 4903 3134 4961 ccslum
3187 4922 3221 4960 a
3265 4903 3559 4976 caelatura,
3591 4905 3681 4961 vel

2030 4992 2244 5049 coelum
2303 5009 2337 5048 a
2391 4993 2637 5049 cavitate
2680 4993 2933 5062 vocant),
2983 5009 3112 5049 esse
3149 4986 3277 5068 ὅρον
3318 4988 3450 5062 ἄνω,
3477 4994 3536 5049 id
3567 4998 3679 5061 est,

2031 5090 2353 5147 terminum
2387 5107 2568 5164 supra
2597 5092 2663 5159 ³³,
2698 5090 2872 5146 etiam
2927 5091 3186 5147 nominis
3231 5090 3535 5163 explicatio
3588 5092 3682 5147 de-

2031 5178 2232 5235 clarat.
2291 5180 2396 5235 Est
2452 5179 2607 5236 enim
2657 5179 2702 5215 ²³
2760 5179 2982 5235 circum
3052 5180 3205 5237 circa
3277 5180 3682 5237 determinatio

2030 5269 2346 5340 [quaedam]
2378 5268 2449 5324 ad
2480 5269 2540 5324 id
2573 5268 2730 5340 quod
2766 5285 2965 5341 supra,
2998 5276 3056 5326 et
3087 5269 3411 5326 secundum
3443 5269 3498 5325 id
3525 5270 3681 5342 quod

2030 5373 2210 5428 supra
2239 5360 2348 5422 est,
2380 5372 2449 5411 ex
2474 5356 2636 5412 omni
2667 5362 2833 5429 parte
2862 5357 3045 5413 totius
3076 5358 3285 5415 mundi
3334 5373 3681 5432 supremum

2028 5443 2318 5501 obtinens.
2354 5445 2500 5501 Nam
2531 5449 2589 5502 et
2616 5444 2758 5501 illud
2792 5442 3272 5518 hemisphaerium
3319 5448 3475 5520 quod
3504 5447 3680 5520 vulgo

2026 5534 2301 5590 deorsum
2331 5534 2560 5591 videtur
2605 5539 2662 5592 et
2702 5535 2854 5592 infra
2883 5540 3101 5593 terram
3153 5540 3262 5610 est,
3294 5553 3497 5595 revera
3546 5554 3678 5594 sur-

2025 5638 2159 5681 sum
2188 5622 2417 5682 exsistit
2444 5628 2502 5682 et
2529 5642 2709 5698 supra
2739 5628 2976 5683 terram.
3010 5626 3174 5692 Quod
3206 5626 3365 5684 enim
3411 5642 3676 5699 quoquo-
