4024 6444
353 445 507 518 1215

1599 459 2020 523 NICEPHORI
2063 464 2501 527 BLEMMIDE

3596 465 3760 525 1216

352 589 524 644 modo
551 591 712 644 extra
741 593 953 646 terram
985 593 1093 658 est,
1121 608 1356 649 sursum
1390 599 1480 650 est
1513 612 1524 648 :
1561 595 2035 668 quandoquidem
2083 600 2237 652 terra
2285 602 2341 653 et
2387 615 2631 672 corpora
2678 615 2803 671 quae
2853 597 2913 655 in
2943 600 3072 672 ipsa
3099 603 3157 656 et
3184 598 3339 654 circa
3365 598 3555 672 ipsam
3590 603 3756 664 sunt,

349 677 624 745 inferum,
657 679 765 734 hoc
793 683 900 748 est,
935 681 1195 737 medium
1227 681 1417 737 locum
1446 685 1653 739 sortita
1673 690 1832 739 sunt.

419 768 471 820 2.
506 766 867 839 Quapropter
912 771 1145 841 proprie
1165 771 1387 827 dictum
1445 773 1677 840 coalum,
1731 774 1986 844 primum
2019 777 2074 841 Α

350 859 408 911 et
437 854 623 910 stellis
651 872 876 927 carens,
901 859 1164 913 omnium
1189 866 1611 929 creaturarum,
1635 867 1759 917 tum
1789 879 1989 918 earum

351 959 477 1015 quae
509 961 708 1013 sensu,
739 949 864 1002 tum
899 964 1024 1018 qua:
1055 947 1352 1004 intellectu
1386 950 1804 1022 percipiuntur,
1838 969 1990 1006 com-

351 1033 660 1104 prehensio
691 1040 796 1091 est.
832 1036 1014 1092 Omne
1057 1039 1213 1093 enim
1257 1041 1410 1110 quod
1461 1042 1990 1112 quomodocunque

351 1139 562 1195 corpus
595 1129 702 1191 est,
735 1126 890 1180 intra
922 1127 1114 1199 ipsum
1165 1129 1502 1184 includitur.
1541 1131 1608 1184 Et
1639 1132 1777 1202 ipsas
1828 1149 1987 1186 men-

349 1215 458 1278 tes,
509 1220 822 1285 corporatae
876 1217 1304 1279 quodammodo
1352 1223 1408 1272 et
1456 1220 1770 1274 materiataz
1827 1225 1988 1288 sunt,

351 1302 584 1356 tametsi
616 1305 871 1374 corporis
902 1310 958 1359 et
987 1307 1138 1362 259
1181 1309 1439 1363 materiae
1479 1315 1741 1380 expertes
1785 1310 1988 1364 dicun-

350 1395 466 1456 tur,
498 1391 547 1446 si
578 1408 710 1446 cum
738 1395 1115 1450 sensibilibus
1158 1399 1498 1468 corporibus
1518 1402 1574 1452 et
1619 1399 1862 1453 materia
1883 1399 1990 1454 ele-

354 1483 602 1536 mentari
635 1483 1026 1538 conferantur.
1071 1487 1431 1556 Quapropter
1455 1491 1511 1540 et
1541 1486 1626 1541 hae
1663 1487 1800 1542 cmlo
1831 1503 1989 1542 com-

351 1569 814 1642 prehenduntur.
846 1571 1044 1627 Solum
1076 1579 1268 1628 autem
1301 1575 1561 1630 divinum
1588 1593 1803 1630 numen
1859 1575 1987 1630 nul-

350 1657 582 1716 latenus
631 1661 1084 1716 determinatum
1145 1668 1251 1730 est,
1304 1664 1443 1734 quia
1501 1665 1674 1719 etiam
1735 1665 1987 1736 partium

348 1749 736 1818 expers,quia
793 1749 970 1804 etiam
1031 1768 1064 1806 a
1115 1769 1177 1805 se
1231 1753 1571 1822 perfectum,
1619 1753 1756 1823 quia
1813 1754 1987 1808 etiam

347 1835 642 1891 infinitum
691 1842 798 1893 est.
833 1841 1192 1911 Quapropter
1240 1842 1415 1896 etiam
1468 1858 1761 1913 nusquam
1793 1847 1900 1910 est,
1932 1847 1990 1897 et

348 1925 566 1996 ubique
589 1931 699 1997 est,
731 1931 788 1982 et
816 1945 996 2000 supra
1027 1931 1364 1986 universum
1395 1935 1501 1986 est.
1525 1932 1723 1996 Quoad
1755 1931 1911 1986 enim
1943 1932 1990 1966 9‘

346 2013 602 2085 partium
633 2032 836 2088 expers
866 2021 923 2072 et
951 2019 1191 2074 omnino
1209 2020 1280 2075 ab
1302 2019 1461 2075 omni
1484 2036 1722 2092 corpore
1741 2025 1799 2076 et
1827 2021 1986 2076 omni

345 2103 590 2158 materia
609 2110 942 2178 exemptum
973 2111 1081 2174 est,
1105 2125 1398 2180 nusquam
1430 2113 1536 2164 est.
1563 2110 1759 2175 Quoad
1792 2114 1987 2165 autem

343 2191 540 2264 ipsum
571 2208 674 2264 per
704 2195 963 2266 seipsum
996 2197 1316 2267 perfectum
1349 2202 1407 2252 et
1436 2197 1845 2270 plenissimum
1878 2203 1987 2264 est,

2172 775 2238 829 κ’.
2286 774 2472 829 Τοίνυν
2523 777 2552 830 ὁ
2600 776 2802 850 κυρίως
2865 775 3091 852 οὑρανὸς
3149 777 3177 830 ὁ
3228 779 3443 852 πρῶτος
3489 776 3579 830 καὶ
3624 773 3756 828 ἅνα-

2098 883 2254 937 στρος
2315 866 2548 940 περιοχή
2611 864 2750 919 ἐστιν
2810 863 3020 934 ἁπάσης
3087 863 3310 926 κτίσεως
3369 864 3636 934 αἰσθητῆς
3695 885 3756 918 τε

2097 951 2184 1004 καὶ
2233 960 2457 1022 νοητῆς.
2506 959 2614 1008 Πᾶν
2650 954 2752 1028 γὰρ
2794 950 3157 1022 ὁπωσδήποτε
3196 957 3354 1025 σῶμα
3407 952 3552 1014 ἐντὸς
3584 951 3753 1006 αὐτοῦ

2097 1039 2480 1114 περικλείεται.
2541 1041 2637 1095 Καὶ
2700 1041 2851 1096 αὐτοὶ
2911 1039 2957 1095 δ’
3015 1043 3067 1095 οἱ
3123 1041 3238 1102 νόες
3283 1041 3587 1114 ἐνσώματοί
3631 1062 3751 1102 πως

2099 1130 2186 1182 καὶ
2242 1126 2448 1197 ἕνυλοι,
2493 1130 2588 1184 κᾶν
2649 1131 2931 1202 ἀσώματοι
2990 1132 3079 1184 καὶ
3110 1129 3269 1184 ἅῦλοι
3318 1129 3578 1205 λέγωνται
3611 1130 3753 1205 πρὸς

2096 1219 2162 1273 τα
2190 1219 2420 1290 αἰσθητὰ
2462 1221 2687 1291 σώματα
2738 1219 2827 1273 καὶ
2877 1221 2974 1287 τὴν
3022 1221 3369 1295 στοιχειακήν
3403 1217 3541 1288 ὕλην
3572 1239 3750 1295 παρα-

2097 1303 2453 1381 ϐαλλόμενοι.
2513 1309 2606 1363 Διὸ
2657 1309 2745 1363 καὶ
2796 1306 2943 1362 οὗτοι
2993 1313 3072 1380 τῷ
3120 1307 3333 1383 οὐρανῷ
3374 1310 3750 1383 περιέχονταιο

2101 1397 2264 1469 μόνον
2313 1395 2369 1452 δὲ
2413 1398 2473 1450 τὸ
2525 1404 2678 1452 Θεῖον
2732 1398 3126 1473 άπεριὸριστον,
3160 1396 3241 1451 ὅτι
3275 1396 3364 1452 καὶ
3413 1396 3631 1472 ἀμερὲς,
3664 1395 3752 1450 ὅτι

2096 1484 2185 1539 καὶ
2236 1485 2598 1555 αὖτοτέλειον,
2648 1485 2729 1540 ὅτι
2781 1486 2870 1540 καὶ
2924 1485 3166 1560 ἄπειρον.
3225 1486 3316 1540 Διὸ
3367 1486 3457 1539 καὶ
3505 1482 3756 1558 οὐδαμοῦ

2097 1574 2205 1628 ἐστι
2256 1575 2343 1629 καὶ
2391 1581 2672 1650 πανταχοῦ
2720 1575 2830 1630 ἐστι
2884 1576 2973 1630 καὶ
3025 1576 3156 1648 ὑπὲρ
3192 1576 3256 1629 τὸ
3301 1580 3405 1629 πᾶν
3457 1573 3618 1629 ἐστιν·
3671 1575 3750 1637 ὡς

2100 1665 2194 1735 μὶν
2251 1666 2352 1738 γάρ
2411 1664 2629 1737 ἀμερὲς,
2688 1665 2776 1718 καὶ
2827 1664 3032 1734 πάντην
3090 1664 3289 1726 παντὸς
3350 1664 3603 1735 σώματος
3660 1663 3753 1717 καὶ

2096 1751 2273 1822 πάσης
2322 1750 2460 1822 ὕλης
2517 1752 3000 1828 ὑπερεξῃρημένον,
3056 1750 3300 1825 οὐδαμοῦ
3358 1750 3520 1806 ἐστιν·
3577 1752 3658 1813 ὥς
3706 1749 3754 1805 δ’

2097 1839 2226 1895 aha
2283 1841 2400 1905 καθ’
2455 1840 2582 1895 αὐτὸ
2636 1839 2844 1895 τέλειον
2893 1841 2982 1896 καὶ
3032 1839 3433 1918 πληρέστατον,
3466 1844 3754 1916 πανταχοῦ

2097 1929 2230 1998 ἐστι,
2276 1931 2343 1983 τὰ
2397 1931 2566 1984 πάντα
2622 1928 2890 2006 πληροῦν·
2953 1931 3028 1992 ὡς
3087 1927 3144 1986 δὲ
3189 1930 3279 1985 καὶ
3328 1928 3569 2005 ἄπειρον,
3618 1928 3755 2005 ὑπὲρ

2094 2021 2158 2074 τὸ
2198 2025 2300 2073 πᾶν
2351 2018 2482 2089 ἐστι,
2527 2019 2614 2074 καὶ
2662 2019 2832 2074 πάντα
2877 2020 3144 2094 περιέχει,
3195 2019 3284 2074 καὶ
3332 2016 3508 2073 πάντα
3557 2039 3754 2089 περιο-

2098 2108 2252 2183 ρίζει,
2295 2109 2384 2162 καὶ
2423 2105 2577 2163 οὐδὲν
2624 2112 2731 2163 τῶν
2783 2106 3032 2163 ἁπάντων
3079 2108 3231 2171 ἐκτός
3280 2107 3390 2162 ἐστι
3435 2109 3535 2176 τῆς
3587 2107 3756 2162 αὐτοῦ

2099 2193 2400 2270 δυνάμεως.

345 2280 562 2350 ubique
590 2286 680 2339 est
707 2284 938 2357 replens
967 2286 1183 2342 omnia.
1217 2288 1415 2353 Quoad
1451 2291 1642 2342 autem
1673 2288 1971 2344 infinitum
2001 2292 2112 2358 est,
2145 2305 2325 2360 supra
2353 2287 2693 2343 universum
2724 2291 2832 2355 est,
2865 2290 2923 2342 et
2969 2286 3168 2343 omnia
3196 2286 3667 2360 comprehendit,
3697 2291 3761 2342 et

345 2371 542 2426 omnia
570 2373 1028 2446 circumquaque
1055 2377 1352 2442 terminat,
1387 2394 1490 2433 nec
1522 2378 1843 2449 quidquam
1877 2377 2142 2433 omnium
2171 2381 2333 2432 extra
2361 2376 2550 2450 ipsius
2579 2380 2925 2448 potestatem
2955 2380 3064 2432 est.

416 2461 471 2516 3.
505 2461 765 2518 Primum
797 2465 976 2536 igitur
1005 2472 1061 2520 et
1091 2465 1320 2538 proprie
1351 2467 1571 2522 dictum
1605 2467 1836 2537 coelum,
1871 2467 1990 2522 sive

346 2549 634 2622 sphaeram
667 2553 852 2609 stellis
889 2561 1183 2610 carentem
1241 2560 1296 2610 et
1357 2572 1553 2611 revera
1607 2557 1984 2624 inerrantem,

346 2639 514 2711 pauci
567 2640 810 2712 quidam
859 2659 926 2698 ex
969 2643 1514 2716 philosophantibus
1547 2651 1982 2718 cognoverunt:

346 2734 652 2800 propterea
681 2732 835 2802 quod
859 2732 1053 2804 ipsum
1075 2734 1152 2788 sit
1171 2733 1480 2790 invisibile.
1507 2735 1705 2790 Plures
1728 2736 1984 2808 primum

345 2817 553 2873 caelum
585 2825 946 2890 agnoverunt
975 2823 1410 2878 firmamentum
1449 2841 1461 2878 :
1513 2825 1584 2878 ab
1616 2825 1742 2896 ipso
1791 2829 1984 2879 autem

349 2906 714 2977 planetarum
759 2909 1039 2980 spheras,
1071 2911 1242 2967 cmlos
1292 2913 1616 2968 nominant.
1649 2915 1708 2968 In
1753 2913 1983 2968 univer-

346 3011 478 3050 sum
503 3013 637 3052 vero
667 3014 840 3052 omne
864 2999 1165 3055 mtherium
1189 3017 1399 3073 corpus
1422 3003 1574 3073 quod
1605 3003 1676 3057 ab
1707 3003 1986 3058 exteriore

344 3089 401 3141 et
429 3102 681 3142 convexa
709 3088 1063 3143 ﬁrmamenti
1104 3091 1412 3161 superficie
1445 3108 1628 3162 usque
1672 3093 1740 3146 ad
1776 3093 1985 3147 cavita-

341 3180 461 3230 tem
495 3176 648 3232 200
677 3181 734 3230 et
772 3177 1197 3233 extremitatem
1247 3179 1485 3250 spherae
1523 3179 1746 3235 lunaris
1803 3197 1982 3252 pene-

342 3266 480 3332 trat,
513 3282 696 3320 unum
747 3265 957 3322 cmlum
1017 3268 1355 3339 [statuunt],
1401 3273 1465 3324 ut
1521 3270 1675 3340 quod
1715 3269 1979 3340 ejusdem

340 3356 478 3409 natu
488 3371 562 3408 rm
594 3355 690 3410 sit.

410 3443 461 3498 4.
512 3447 631 3500 Ηοο
688 3461 828 3500 sane
857 3447 901 3481 ³⁸
951 3447 1128 3502 etiam
1185 3447 1460 3519 quintum
1518 3463 1726 3520 corpus
1779 3448 1983 3504 dicunt

337 3530 709 3599 Aristotelici,
769 3532 1061 3589 diversum
1141 3534 1407 3591 videlicet
1462 3553 1497 3591 a
1560 3541 1769 3606 quator
1839 3535 1977 3603 illis,

2171 2467 2238 2539 γ’.
2271 2465 2372 2518 Τὸν
2407 2465 2501 2536 μὲν
2553 2462 2644 2519 οῦν
2693 2469 2909 2537 πρῶτον
2954 2463 3044 2517 καὶ
3090 2461 3292 2538 κυρίως
3339 2461 3589 2538 οὐρανὸν,
3626 2461 3757 2531 ἤτοι

2096 2555 2195 2622 τὴν
2257 2554 2519 2629 ἄναστρον
2579 2559 2805 2631 σφαῖραν
2862 2554 2950 2607 καὶ
3007 2550 3224 2621 ἀπλανῆ
3278 2553 3394 2606 κατ’
3451 2550 3754 2623 ἀλήθειαν,

2101 2641 2279 2719 ὀλίγοι
2311 2644 2454 2705 τινες
2483 2648 2590 2698 τῶν
2639 2640 3125 2720 φιλοσοφησάντων
3177 2639 3496 2717 ἐγνώρισαν,
3547 2639 3642 2696 δια
3692 2643 3757 2696 τὸ

2096 2731 2322 2808 ἀόρατον
2396 2733 2660 2807 ὑπάρχειν
2719 2730 2876 2785 αὐτόν
2914 2749 2926 2760 ·
2989 2731 3040 2784 οἱ
3097 2728 3320 2790 πλείους
3397 2727 3455 2784 δὲ
3532 2735 3758 2805 πρῶτον

2095 2821 2318 2896 οὐρανὸν
2371 2818 2545 2874 οἷ’δασι
2596 2819 2658 2874 τὸ
2708 2820 3007 2892 στερέωμα
3063 2821 3177 2892 μετ’
3221 2818 3350 2872 αὐτὸ
3400 2815 3459 2872 δὲ
3508 2819 3606 2879 τὰς
3644 2823 3751 2873 τῶν

2093 2907 2386 2980 πλανήτων
2463 2908 2690 2986 σφαίρας
2751 2907 3008 2983 οὐρανούς
3066 2906 3423 2979 ὀνομάζουσιν
3461 2947 3472 2959 .
3534 2905 3752 2961 Ὀλοτε-

2093 2995 2207 3060 λῶς
2238 2995 2295 3052 δὲ
2319 3000 2382 3053 τὸ
2415 2997 2647 3074 αἰθέριον
2701 2999 2837 3052 ἅπαν
2872 3001 3032 3070 σῶμα
3059 2995 3122 3050 τὸ
3155 2993 3341 3064 διῆκον
3377 2995 3481 3050 ἀπὸ
3513 3001 3619 3064 τῆς
3653 2992 3743 3065 ἔω

2090 3087 2180 3142 καὶ
2227 3090 2429 3162 κυρτῆς
2477 3087 2787 3164 ἐπιφανείας
2843 3089 2940 3140 τοῦ
2996 3085 3368 3162 στερεώματος
3423 3083 3594 3161 μέχρι
3654 3089 3752 3139 τοῦ

2091 3174 2284 3231 κοίλου
2314 3176 2404 3230 καὶ
2433 3173 2747 3230 τελευταίου
2774 3182 2876 3246 τῆς
2907 3172 3236 3245 σεληνιακῆς
3260 3171 3488 3250 σφαίρας
3523 3172 3753 3249 οὐρανὸς

2091 3265 2223 3320 εἶναι
2260 3265 2590 3341 λογίζονται,
2622 3265 2696 3327 ὡς
2726 3271 2828 3334 τῆς
2859 3262 3026 3334 αὐτῆς
3058 3262 3268 3342 φύσεως
3301 3258 3380 3317 ὄν.

2160 3443 2220 3501 δ’.
2254 3448 2423 3500 Τοῦτο
2464 3441 2530 3514 δὴ
2581 3445 2670 3500 καὶ
2718 3445 2965 3516 πέμπτον
3009 3441 3170 3517 σῶμά
3215 3462 3371 3520 φασιν
3403 3443 3459 3497 o't
3494 3448 3750 3518 Ἀριστο-

2086 3535 2318 3606 τελικοὶ,
2351 3532 2531 3610 ἕτερον
2588 3532 2847 3605 δηλονότι
2897 3535 3044 3609 παρὰ
3091 3532 3160 3588 τὰ
3202 3533 3470 3608 τέσσαρα·
3503 3532 3566 3587 τὸ
3615 3538 3750 3609 πῦρ,

337 3617 483 3690 igni,
545 3636 693 3686 aere,
747 3638 917 3693 aqua,
974 3627 1147 3680 terra.
1208 3623 1490 3680 Platonici
1549 3629 1744 3680 autem
1801 3624 1976 3680 etiam

2098 3624 2179 3678 τὸν
2229 3625 2380 3700 ἀέρα,
2427 3624 2490 3678 τὸ
2539 3621 2709 3700 ὕδωρ,
2755 3625 2853 3694 τήν
2904 3625 3027 3699 γῆν.
3079 3623 3143 3676 Οἱ
3201 3619 3258 3677 δὲ
3305 3621 3429 3698 περὶ
3477 3620 3754 3677 Πλάτωνα

335 3706 534 3780 ipsum
556 3709 1014 3781 ﬁrmamentum,
1037 3712 1146 3768 hoc
1167 3719 1274 3778 est,
1292 3713 1453 3768 illam
1476 3714 1665 3785 ipsam
1689 3714 1976 3786 sphaeram

336 3813 465 3868 quae
524 3797 961 3854 multitudinem
1018 3800 1320 3857 stellarum
1392 3803 1852 3876 comprehendit,
1910 3822 1978 3860 ex

337 3885 790 3942 elementaribus
839 3890 1302 3947 extremitatibus
1331 3898 1597 3947 constare
1626 3892 1810 3960 aiunt,
1847 3910 1976 3963 pro-

338 3979 536 4046 pterea
565 3977 718 4047 quod
753 3977 930 4033 videri
961 3984 1018 4033 et
1046 3980 1208 4051 tangi
1242 3984 1442 4052 possit.
1472 3982 1540 4036 Et
1561 3982 1797 4053 quidem
1821 3984 1974 4054 quod

339 4063 519 4119 videri
552 4065 758 4136 possit,
791 4067 864 4121 ab
894 4067 1065 4138 igne;
1099 4070 1253 4139 quod
1306 4070 1466 4142 tangi
1515 4077 1713 4142 queat,
1747 4089 1780 4126 a
1824 4077 1978 4126 terra

339 4168 486 4209 esse.
519 4154 681 4218 Quod
712 4155 761 4209 si
795 4161 987 4211 autem
1021 4157 1456 4213 ﬁrmamentum
1489 4160 1796 4230 participat
1834 4176 1976 4231 quo-

339 4242 652 4298 dammodo
681 4241 876 4316 ignem
908 4249 964 4300 et
991 4249 1228 4312 terram,
1264 4247 1573 4318 participat
1605 4265 1837 4320 quoque
1886 4266 1977 4304 ae-

339 4346 461 4386 rem
493 4335 550 4386 et
580 4348 814 4403 aquam,
847 4337 913 4387 ut
955 4333 1077 4388 haec
1123 4335 1409 4390 elementa
1455 4335 1632 4391 veluti
1680 4338 1874 4392 media
1920 4337 1978 4392 in

338 4437 550 4476 nexum
608 4422 961 4478 concinnum
1021 4423 1451 4480 intervenerint.
1511 4425 1604 4480 Sic
1677 4426 1858 4499 igitur
1913 4445 1981 4482 ex

339 4526 627 4566 concursu
702 4511 1234 4568 sincerissimorum
1295 4519 1351 4568 et
1408 4513 1859 4584 purissimorum
1919 4516 1978 4570 in

340 4597 665 4668 elementis,
698 4605 764 4655 ut
791 4617 858 4655 ex
889 4600 1094 4671 primis
1123 4601 1300 4657 veluti
1330 4602 1780 4660 elementaribus
1799 4605 1980 4660 initiis

340 4692 396 4743 et
427 4688 930 4745 excellentioribus
949 4691 1368 4747 secretionibus
1390 4691 1598 4747 caelum
1632 4692 1978 4749 stelliferum

341 4779 754 4850 compositum,
785 4780 981 4852 ignem
1015 4781 1074 4834 in
1105 4780 1298 4851 seipso
1321 4781 1740 4852 precellentem
1766 4783 1982 4838 habere

338 4869 724 4939 pronuntiant
757 4887 770 4924 :
813 4874 985 4941 atque
1013 4869 1094 4924 ita
1122 4869 1390 4924 similiter
1411 4869 1747 4925 universum
1771 4888 1980 4943 corpus

337 4957 638 5012 aetherium
661 4959 817 5029 quod
843 4959 955 5030 ipsi
977 4963 1066 5014 est
1087 4975 1468 5029 consequens.
1491 4959 1584 5014 Sic
1615 4960 1768 5015 enim
1801 4961 1976 5016 etiam

338 5051 592 5118 quatuor
620 5047 1021 5119 istorum,qua
1051 5047 1202 5103 infra
1230 5048 1430 5102 lunam
1453 5047 1742 5104 elementa
1769 5066 1980 5105 vocan-

337 5139 452 5204 tur,
482 5137 944 5207 unumquodque
972 5154 1039 5191 ex
1069 5142 1321 5208 quatuor
1351 5137 1719 5208 simplicibus
1749 5144 1806 5194 et
1849 5155 1982 5195 vere

335 5223 644 5280 elementis
674 5230 939 5293 constat;
974 5227 1120 5282 26]
1157 5226 1473 5282 essentiam
1506 5230 1700 5282 autem
1745 5229 1978 5299 accipit,

334 5319 391 5369 et
419 5313 814 5368 characterem
848 5314 1088 5382 obtinet,
1124 5318 1180 5369 et
1225 5315 1640 5370 denominatur
1683 5317 1756 5371 ab
1805 5316 1980 5372 unius

334 5401 748 5475 praecellentia.

400 5492 454 5546 5.
489 5493 608 5546 Hoc
641 5489 864 5546 scilicet
893 5490 1104 5546 caelum
1137 5491 1480 5548 stelliferum
1517 5493 1685 5549 multi
1717 5493 1976 5565 philoso-

335 5579 588 5652 phorum
611 5579 954 5650 judicarunt
990 5584 1048 5634 et
1078 5579 1446 5651 appellarunt
1475 5582 1649 5636 etiam
1687 5582 1978 5654 sphaeram

332 5668 710 5725 inerrantem.
749 5668 893 5727 Nam
927 5672 1153 5723 motum
1184 5667 1342 5723 illius
1374 5670 1723 5740 peculiarem
1770 5673 1870 5742 qui
1903 5673 1976 5728 ab

403 5778 450 5816 ²⁵
475 5777 744 5836 Damasc.
778 5778 815 5834 Ι.
850 5795 892 5847 1,
924 5792 974 5832 c.
1010 5776 1052 5844 Ι,
1088 5776 1172 5832 14.
1251 5776 1296 5810 ²⁶
1327 5793 1345 5831 1
1376 5775 1458 5832 De
1487 5776 1628 5832 coelo
1660 5794 1709 5832 c.
1745 5778 1798 5833 3.

2089 3714 2178 3768 καὶ
2226 3712 2356 3767 αὐτὸ
2401 3713 2466 3768 τὸ
2521 3712 2825 3788 στερέωμα,
2875 3709 3122 3766 τουτέστι
3179 3712 3278 3781 τὴν
3323 3712 3386 3766 τὸ
3435 3714 3594 3786 χῦμα
3639 3717 3749 3766 τῶν

2085 3802 2322 3877 ἀστέρων
2391 3800 2751 3878 περιέχουσαν
2809 3805 3033 3879 σφαῖραν
3068 3846 3084 3872 ,
3145 3799 3206 3854 ἐκ
3258 3804 3363 3854 τῶν
3423 3799 3747 3875 ἀκροτήτων

2089 3890 2396 3965 συγκεῖσθαί
2446 3911 2572 3968 φασι
2618 3894 2726 3944 τῶν
2776 3893 3173 3965 στοιχειακῶνο
3230 3885 3320 3943 διὰ
3376 3889 3440 3942 τὸ
3491 3889 3746 3964 μετέχειν

2085 3984 2182 4033 τοῦ
2213 3980 2409 4054 ὁρατοῦ
2438 3978 2527 4033 καὶ
2579 3980 2770 4032 ἀπτοῦο
2819 3977 2907 4033 καὶ
2959 3979 3021 4032 τὸ
3071 3978 3164 4050 μὲν
3215 3976 3407 4054 ὁρατόν
3459 3976 3592 4031 εἶναι
3636 3978 3746 4032 ἀπὸ

2085 4072 2183 4121 τοῦ
2213 4067 2406 4141 πυρὸς,
2455 4067 2516 4122 τὸ
2571 4064 2617 4121 δ’
2663 4067 2831 4122 ἁπτὸν
2889 4065 2948 4122 ἐκ
2993 4073 3095 4136 τῆς
3147 4069 3272 4140 γῆς.
3321 4065 3386 4121 Εἰ
3418 4063 3476 4120 δὲ
3523 4065 3747 4142 μετέχει

2087 4177 2206 4219 πως
2235 4157 2299 4211 τὸ
2331 4156 2612 4232 στερέωμα
2660 4155 2829 4232 πυρός
2872 4177 2931 4212 τε
2977 4154 3068 4210 καί
3117 4161 3246 4230 γῆς,
3293 4153 3512 4231 μετέχοι
3558 4154 3621 4208 ἂν
3655 4154 3750 4210 καί

2088 4245 2245 4320 ἀέρος
2297 4246 2386 4300 καὶ
2431 4243 2645 4312 ὕδατος,
2692 4249 2798 4300 τῶν
2850 4244 3139 4320 στοιχείων
3187 4243 3394 4299 τούτων
3438 4244 3514 4305 ὡς
3565 4245 3746 4316 μέσων

2089 4333 2164 4395 εἷς
2225 4333 2542 4410 ἐναρμόνιον
2599 4331 2840 4388 σύνδεσιν
2895 4338 3004 4388 τῶν
3075 4331 3252 4410 ἄκρων
3312 4332 3690 4409 γεγενημένων
3727 4375 3741 4387 .

2089 4423 2275 4485 Οὕτως
2307 4424 2398 4477 οὖν
2435 4421 2494 4477 ἐκ
2535 4429 2635 4492 τῆς
2686 4419 3000 4499 συνδρομῆς
3050 4427 3155 4477 τῶν
3189 4420 3655 4500 ἀκραιφνεστάτων
3692 4421 3743 4477 ἐν

2089 4511 2387 4586 στοιχείοις
2437 4507 2603 4566 ὅντων
2647 4511 2736 4566 καὶ
2768 4512 3185 4588 καθαρωτάτων,
3218 4511 3294 4572 ὡς
3340 4509 3401 4566 ἐκ
3429 4511 3742 4586 πρωτίστης

2089 4601 2256 4654 οῖονεὶ
2303 4604 2651 4674 στοιχειακῆς
2703 4601 2961 4675 ἀπαρχῆς
3011 4599 3102 4654 καὶ
3155 4600 3528 4674 ὑπερεχόντων
3582 4601 3743 4676 ἀφαι-

2090 4689 2337 4764 ρεμάτων
2445 4689 2845 4761 συντεθειμένον
2944 4688 3037 4743 τὸν
3122 4685 3376 4764 ἓναστρον
3465 4687 3695 4761 οὐρανὸν
3726 4733 3742 4758 ,

2089 4776 2408 4854 ἐπικρατοῦν
2470 4777 2522 4832 ἐν
2578 4779 2750 4849 ἑαυτῷ
2805 4775 2950 4852 ἔχειν
3008 4778 3070 4832 τὸ
3137 4781 3243 4854 πῦρ
3305 4776 3742 4855 ἀποφαίνονται.

2088 4867 2323 4939 Ὁμοίως
2371 4868 2461 4921 καὶ
2507 4867 2570 4922 τὸ
2619 4865 2881 4943 ἐχόμενον
2925 4865 3089 4921 αὐτοῦ
3137 4871 3296 4940 σῶμα
3342 4872 3445 4921 πᾶν
3494 4867 3561 4921 τὸ
3597 4867 3742 4921 αἰθέ-

2093 4976 2207 5030 ριον
2245 4976 2258 4990 ο
2319 4955 2462 5010 οὕτω
2537 4956 2638 5030 γὰρ
2697 4955 2787 5010 καὶ
2843 4960 2952 5010 τῶν
3009 4955 3111 5010 ὑπὸ
3166 4954 3402 5026 σελήνην
3470 4955 3742 5030 τεσσάρων

2089 5043 2441 5117 καλουμένων
2515 5045 2801 5121 στοιχείων
2877 5041 3097 5100 ἕκαστον
3175 5044 3465 5115 συνέστηκε
3535 5045 3627 5118 μὲν
3687 5043 3747 5100 ἐκ

2089 5139 2196 5189 τῶν
2254 5137 2524 5208 τεσσάρων
2579 5138 2686 5187 τῶν
2745 5131 2933 5188 ἁπλῶν
2996 5135 3084 5188 καὶ
3139 5131 3362 5204 ἀληθῶς
3417 5133 3746 5210 στοιχείων·

2089 5222 2360 5277 οὐσιοῦται
2413 5221 2471 5277 δὲ
2518 5222 2607 5277 καὶ
2661 5222 3118 5300 χαρακτηρίζεται
3175 5223 3267 5278 καὶ
3314 5220 3563 5278 καλεῖται
3609 5223 3745 5282 κατὰ

2086 5312 2185 5380 τὴν
2212 5315 2310 5366 τοῦ
2343 5310 2459 5374 ἐνὸς
2492 5311 2854 5388 ἐπικράτειαν.

2159 5494 2215 5548 ε’.
2258 5496 2455 5548 Τοῦτον
2513 5489 2578 5562 δὴ
2640 5491 2733 5547 τὸν
2791 5487 3039 5569 ἕναστρον
3098 5489 3320 5568 οὐρανὸν
3375 5489 3464 5546 καὶ
3523 5489 3740 5561 ἀπλανῆ

2085 5588 2311 5660 σφαῖραν
2368 5583 2421 5636 οἱ
2477 5579 2681 5636 πολλοὶ
2735 5586 2841 5637 τῶν
2919 5580 3233 5659 φιλοσόφων
3315 5575 3590 5640 ὑπέλαϐον
3653 5582 3742 5637 καὶ

2088 5672 2396 5745 ὠνόμασαν.
2431 5669 2654 5734 Διέλαθε
2705 5671 2808 5747 γὰρ
2866 5670 3140 5746 «ambas;
3194 5668 3328 5725 κατὰ
3375 5669 3531 5749 φύσιν
3575 5670 3740 5727 αὐτοῦ
