4024 6450
267 431 420 495 121⁵7

1586 427 1931 490 EPITOME
1976 427 2332 490 PHYSlCA.

3505 437 3662 500 1218

270 559 583 637 ἷδιότροπος
640 559 849 630 κίνησις
910 563 944 630 ἡ
1005 559 1065 616 ἐκ
1123 557 1341 634 δυσμῶν
1377 557 1452 622 εἷς
1494 559 1759 622 ἀνατολὰς
1826 557 1915 613 διὰ

2040 577 2232 618 )ecasu
2272 563 2330 616 in
2376 567 2567 619 ortum
2609 568 2717 634 est,
2752 569 2985 637 propter
3014 583 3309 624 summam
3342 585 3512 625 suam
3545 577 3663 628 tar-

267 649 329 706 10‘
411 647 739 726 βραδύτατον
826 650 1042 718 ἑαυτῆς.
1129 649 1264 703 Μίαν
1347 649 1449 724 γὰρ
1535 654 1726 723 μοῖραν
1795 650 1913 711 καθ’

266 736 491 794 ἕκαστον
543 735 664 800 ἓτος
721 737 880 793 αὐτὸν
934 742 1198 802 κινεῖσθαι
1252 738 1388 814 πρός
1462 759 1621 792 τινων
1682 733 1911 811 εἴρηται,

270 829 344 890 ὡς
405 825 474 882 δι’
532 826 664 882 ἐτῶν
726 827 985 898 ἑξήκοντα
1034 827 1172 902 πρὸς
1220 832 1337 888 τοῖς
1410 826 1744 903 τριακοσίοις
1816 827 1913 893 τὴν

272 914 409 972 ἰδίαν
481 915 791 991 ἀπαρτίζειν
868 917 1187 993 περιφοράν.
1245 916 1394 976 Τινὲς
1466 913 1522 970 δὲ
1603 914 1792 991 μόριόν
1861 935 1912 968 τι

273 1005 464 1080 μοίρας
498 1007 615 1060 κατ’
652 1003 767 1066 ἔτος
818 1004 970 1076 ὅλον,
1003 1002 1129 1059 ἀλλ’
1177 1004 1286 1080 οὐχ
1332 1003 1469 1074 ὅλην
1524 1009 1717 1080 μοῖραν
1763 1000 1915 1064 ἰδίως

269 1094 426 1149 αὐτὸν
462 1094 709 1172 φέρεσθαι
743 1091 988 1169 λέγουσιν
1001 1136 1014 1150 .

343 1273 407 1337 ς’.
435 1275 553 1327 ’Ότι
609 1272 702 1346 μὲν
746 1293 836 1326 ουν
866 1272 894 1326 6
925 1269 1062 1346 πρὸς
1108 1267 1351 1342 αἴσθησιν
1395 1269 1642 1340 ἀπλανὴς
1693 1270 1917 1344 οὐρανὸς

275 1360 492 1438 μετέχει
539 1365 636 1417 τοῦ
686 1363 903 1438 ὁρατοῦ,
937 1360 1026 1416 καὶ
1085 1359 1166 1415 ὅτι
1219 1358 1482 1430 ἀλλήλων
1542 1361 1796 1414 ἅπτονται
1851 1359 1919 1414 τὰ

273 1451 494 1527 οὐράνια
552 1450 802 1524 σώματα,
851 1451 940 1505 καὶ
990 1453 1025 1519 ἡ
1075 1447 1323 1518 αἴσθησις
1381 1454 1660 1524 μαρτυρεῖ·
1721 1446 1804 1502 ὅτι
1859 1469 1919 1502 τε

269 1541 333 1594 τὸ
393 1540 488 1612 μὲν
545 1539 737 1614 ὁρατὸν
797 1538 1030 1615 ὑπάρχει
1083 1535 1172 1592 διὰ
1211 1539 1280 1592 τὰ
1307 1538 1599 1613 χρώματα,
1655 1541 1917 1614 φωτεινοῦ

272 1627 610 1705 τυγχάνοντα
665 1629 836 1704 πυρὸς
908 1628 1325 1703 ἀπαυγάσματα·
1382 1625 1446 1682 1d
1505 1624 1550 1680 δ’
1605 1626 1770 1680 ἁπτὸν
1830 1623 1919 1679 διὰ

271 1720 369 1786 τήν
397 1717 707 1773 ἀντιτυπίαν
738 1717 861 1787 ἥτις
902 1715 1012 1772 ἐστὶ
1060 1723 1161 1785 τῆς
1208 1723 1336 1791 γῆς,
1367 1713 1492 1771 οὐδὲ
1537 1719 1698 1770 τοῦτο
1748 1712 1916 1769 δεῖται

274 1813 626 1879 κατασκευῆς,
713 1809 788 1870 ὡς
874 1805 1347 1881 ὁμολογούμενον.

1432 1805 1646 1860 Τούτων
1745 1803 1916 1865 οὕτως

275 1897 514 1972 ἐχόντων
561 1894 861 1972 προδήλως
912 1896 1052 1951 ἐστὶν
1104 1895 1156 1950 έν
1207 1900 1284 1967 τῷ
1311 1894 1522 1970 οὐρανῷ
1548 1895 1612 1948 τὸ
1670 1898 1774 1966 πῦρ
1829 1893 1919 1948 καὶ
1948 1935 1996 1999 Β

285 1988 298 1999 ο
381 1994 408 1999 _.
495 1991 567 1999 -.ι
785 1985 796 1999 1
961 1983 1002 1999 λς
1257 1983 1269 1999 Ι
1401 1983 1424 1999 ν
1621 1978 1644 1999 ’9
1906 1981 1919 1999 \

275 1988 310 2055 ἡ
340 1994 438 2062 γῆ.
495 1991 608 2039 Τῶν
647 1985 911 2040 τοιούτων
957 1983 1016 2040 δὲ
1057 1983 1347 2058 στοιχείων
1396 1983 1572 2059 ἄκρων
1618 1978 1786 2037 ὅντων
1831 1981 1919 2037 καί

277 2073 547 2148 δεομένων
578 2072 666 2130 διὰ
691 2079 853 2130 τοῦτο
889 2074 1186 2149 μεσότητάς
1230 2072 1340 2128 ἐστι
1389 2073 1478 2128 καὶ
1509 2074 1538 2128 ὁ
1571 2073 1676 2147 ἀὴρ
1723 2073 1810 2126 καὶ
1858 2072 1919 2149 τὸ

276 2161 537 2240 ὕδωρ,τὰ
588 2163 722 2238 μέσα
763 2168 872 2218 τῶν
919 2163 1207 2239 στοιχείων
1269 2163 1360 2218 καὶ
1406 2166 1512 2216 τῶν
1565 2161 1741 2236 ἄκρων
1797 2182 1917 2215 συν-

278 2250 481 2308 δετικά.

349 2361 408 2428 ζ’.
467 2357 704 2416 Ἃπλοῦν
766 2357 823 2414 δέ
871 2359 934 2413 τὸ
991 2358 1242 2434 οὐράνιον
1315 2358 1529 2433 λέγεται
1597 2363 1776 2432 σῶμα,
1831 2358 1919 2413 καὶ

275 2453 440 2504 ταῦτα
487 2448 735 2512 σύνθετον
790 2447 870 2520 δν,
922 2453 1037 2509 τοῖς
1095 2448 1508 2523 συνθετωτέροις
1564 2443 1917 2521 παραϐαλλό-

281 2558 438 2610 μενον
495 2539 759 2610 σώμασιν.
794 2536 948 2592 Οὕτω
1004 2538 1107 2611 γὰρ
1165 2537 1255 2590 καὶ
1302 2537 1366 2590 τὰ
1410 2536 1639 2610 τέσσαρα
1695 2539 1921 2608 σώματα

277 2625 498 2681 σύνθετα
557 2628 652 2699 μέν
686 2625 738 2697 ἐξ
791 2623 1059 2696 ἀλλήλων
1116 2624 1278 2680 ἐστίν·
1317 2623 1464 2679 ἁπλᾶ
1521 2623 1577 2679 δὲ
1630 2624 1919 2680 καλοῦνται

276 2716 412 2792 πρὸς
449 2716 516 2770 τὰ
554 2714 604 2787 ἐξ
654 2715 828 2770 αὐτῶν
873 2715 1008 2770 κατὰ
1057 2712 1301 2788 δευτέραν
1350 2712 1758 2788 άποτελούμενα
1801 2714 1922 2768 σύν-

279 2806 441 2859 θεσιν.
492 2803 568 2858 Τὰ
638 2804 738 2879 γὰρ
788 2803 992 2878 κυρίως
1050 2801 1198 2857 ἁπλᾶ
1253 2803 1480 2876 σώματα
1535 2802 1624 2857 καὶ
1677 2807 1922 2876 στοιχεῖα

276 2893 486 2969 καθαρὰ
532 2892 623 2947 καὶ
671 2891 940 2969 εἰλικρινῆ
991 2891 1182 2968 πόρρω
1230 2890 1523 2962 καθέστηκε
1572 2899 1671 2960 τῆς
1730 2891 1921 2962 αἰσθή-

280 3003 438 3055 σεως,
471 2986 550 3053 νῷ
577 2979 727 3055 μόνῳ
758 2978 1159 3058 διακρινόμενα.

350 3167 419 3230 η’.
471 3158 570 3214 Καὶ
625 3163 841 3236 πρῶτος
905 3156 952 3213 δ’
997 3158 1224 3233 οὐρανὸς
1282 3159 1310 3212 6
1369 3159 1652 3234 ἅναστρος,
1707 3158 1922 3235 ἐπείπερ

285 3248 554 3320 αἰσθητῶς
613 3253 838 3304 κινεῖται
866 3248 967 3316 τήν
1015 3246 1233 3316 ἀπλανῆ
1279 3248 1510 3318 κίνησιν,
1543 3247 1649 3322 οὐχ
1692 3246 1919 3310 ἁπλοῦς.

288 3337 564 3408 Δίσθητῶς
621 3338 725 3414 γὰρ
799 3337 1114 3411 κινούμενος
1185 3338 1284 3407 τὴν
1366 3336 1418 3406 ἐξ
1492 3335 1768 3392 ἀνατολῶν
1845 3338 1922 3400 εἷς

285 3425 492 3501 δυσμὰς
528 3429 628 3496 τήν
680 3425 939 3498 ὀξυτάτην
972 3427 1062 3481 καὶ
1117 3424 1510 3505 σφοδροτάτην,
1541 3427 1630 3481 καὶ
1677 3431 1758 3498 τῷ
1807 3424 1928 3481 λίαν

282 3516 497 3589 ἀκμαίῳ
539 3513 698 3591 τάχει
768 3517 1184 3593 συμπεριφέρων
1224 3517 1286 3570 τὸ
1335 3517 1633 3591 στερέωμα,
1675 3516 1764 3570 τὸν
1813 3513 1929 3570 δεύ-

280 3625 433 3681 τερον
488 3605 711 3678 οὐρανὸν
769 3604 860 3660 καὶ
919 3605 1011 3659 τὸν
1069 3604 1334 3679 ἐχόμενον
1383 3604 1568 3679 αἰθέρα
1622 3603 1926 3678 σύμπαντα,

281 3694 372 3748 καὶ
428 3694 491 3749 τὸ
531 3692 867 3766 ὑπέκκαυμα,
900 3693 991 3748 καὶ
1046 3693 1138 3748 τὸν
1200 3693 1351 3770 ἀέρα,
1380 3692 1525 3762 πλὴν
1583 3692 1774 3768 ὀλίγου
1831 3699 1928 3748 τοῦ

281 3788 402 3844 ταῖς
449 3780 735 3852 κοιλότησι
765 3789 864 3851 τῆς
895 3780 946 3836 ἐν
981 3785 1053 3856 γῇ
1101 3781 1408 3860 ἐπιφανείας
1458 3780 1928 3855 έναπειλημμένου

283 3870 373 3926 καί
417 3869 867 3944 ἐλλιμνάζοντος,
898 3875 1016 3932 πῶς
1064 3870 1125 3926 ἂν
1175 3871 1259 3940 εἰει]
1313 3872 1341 3926 6
1388 3875 1639 3934 τοιοῦτος
1687 3871 1927 3940 ἁπλοῦς;

285 3964 458 4015 Ὅπου
485 3961 587 4036 γὰρ
619 3960 852 4028 αἰσθητῆ
903 3960 1141 4030 κίνησις,
1173 3959 1425 4030 αἰσθητὸν
1460 3960 1693 4036 ὑπάρχει
1741 3961 1829 4015 καὶ
1866 3960 1930 4016 τὸ

285 4050 618 4123 κινούμενον.
652 4051 714 4102 Ὃ
772 4046 817 4103 δ’
876 4046 1015 4103 οἶδεν
1155 4046 1422 4119 αἴσθησις,
1465 4054 1623 4104 τοῦτο
1682 4048 1926 4113 σύνθετον

283 4137 664 4214 ὡμολόγηται.
721 4142 894 4211 Σῶμα
947 4140 1049 4214 γὰρ
1103 4137 1308 4193 ἁπλοῦν
1365 4138 1428 4192 οὐ
1502 4137 1732 4216 πέφυκεν
1807 4139 1929 4216 ὑφε-

281 4228 467 4282 στάναι
515 4228 631 4281 καθ’
673 4226 824 4282 αὐτό.
878 4226 972 4281 Διὸ
1039 4231 1198 4299 σῶμα
1261 4227 1550 4302 τυγχάνων
1623 4228 1929 4302 ὁμολογου-

286 4315 460 4388 μένως
507 4315 536 4368 ὁ
593 4315 899 4390 πρώτιστος
956 4315 1181 4391 οὐρανὸς
1251 4314 1341 4370 καῖ
1419 4317 1533 4370 καθ’
1590 4316 1748 4370 αὐτὸν
1806 4317 1930 4394 ὑφε-

284 4405 442 4476 στὼς,
476 4403 684 4466 ἁπλοῦς
714 4403 815 4460 οὐκ
842 4401 1168 4474 ἔστιν,άλλὰ
1198 4405 1550 4475 συντέθειται,
1578 4405 1678 4473 τήν
1704 4404 1930 4478 κρείττω

286 4491 434 4568 λέγω
467 4490 523 4548 δὲ
554 4492 814 4557 σύνθεσιν.
849 4494 1113 4548 Συνθέτου
1145 4489 1192 4547 δ’
1234 4488 1390 4555 ὄντος
1421 4493 1606 4564 αὐτοῦ,
1641 4491 1838 4564 πολλῷ
1868 4514 1931 4568 γε

289 4579 500 4654 μᾶλλον
534 4582 562 4635 ὁ
595 4579 840 4658 δεύτερος
884 4582 974 4637 καὶ
1026 4579 1349 4658 φαινόμενος
1400 4581 1627 4658 οὐρανὸς
1684 4582 1930 4645 σύνθετος

292 4669 352 4724 ἂν
385 4667 469 4740 εἴη
499 4670 589 4726 καὶ
622 4670 732 4746 οὐχ
759 4668 991 4733 ἁπλοῦς.

361 4868 483 4922 θ’-ι’.
516 4870 672 4931 Ὅθεν
726 4865 963 4943 καθάπερ
1011 4867 1080 4922 τὰ
1131 4867 1364 4938 αἰσθητὰ
1418 4871 1666 4942 στοιχεῖα
1721 4866 1939 4931 σύνθετα

290 4950 440 5029 ὄντα,
496 4956 706 5026 κίνησιν
795 4953 976 5025 ἁπλῆν
1051 4961 1274 5010 κινεῖται
1356 4957 1456 5024 τῆν
1540 4955 1622 5010 ἐπ’
1708 4955 1934 5019 εὐθείας·

292 5043 435 5099 οὕτω
497 5041 560 5115 δὴ
620 5043 710 5098 καὶ
767 5045 794 5098 ὁ
851 5043 1100 5120 οὐρανὸς,
1165 5045 1238 5117 μὴ
1301 5041 1372 5100 ὢν
1444 5043 1672 5116 ἁπλοῦς,
1730 5044 1936 5115 κίνησιν

295 5129 476 5202 ἁπλῆν
564 5138 786 5188 κινεῖται
835 5134 935 5202 τήν
1020 5131 1306 5204 κυκλικήν.
1369 5138 1635 5196 Κινεῖσθαι
1694 5133 1794 5209 γὰρ
1846 5131 1936 5188 δύ-

292 5242 445 5276 ναται
501 5219 710 5293 κίνησιν
768 5221 947 5292 ἁπλῆν
1001 5222 1089 5277 καὶ
1145 5223 1208 5278 τὸ
1265 5221 1530 5279 σύνθετον.
1583 5223 1710 5286 Καθ’
1749 5224 1777 5277 ’ὀ
1834 5224 1936 5297 γὰρ

290 5315 401 5366 τῶν
471 5309 522 5365 ἐν
579 5309 726 5383 αὐτῷ
785 5310 972 5367 ἁπλῶν
1033 5311 1307 5388 ἐπικρατεῖ
1358 5315 1464 5366 τῶν
1523 5310 1756 5383 λοιπῶν,
1806 5312 1942 5366 κατὰ

291 5404 456 5456 τοῦτο
488 5400 576 5455 καὶ
605 5405 828 5455 κινεῖται
862 5403 960 5470 τὴν
1011 5406 1108 5456 τοῦ
1167 5399 1585 5477 ἐπικρατοῦντος
1612 5401 1940 5473 ποιούμενος

295 5489 533 5559 κίνησιν,
596 5488 735 5544 ὥστε
788 5489 878 5544 καὶ
926 5491 954 5544 6
993 5488 1219 5566 οὐρανὸς
1279 5489 1527 5554 σύνθετος
1586 5489 1658 5544 ὢν
1717 5496 1940 5544 κινεῖται

296 5579 432 5634 κατὰ
486 5579 584 5648 τήν
645 5578 855 5649 κίνησιν
915 5583 1012 5633 τοῦ
1091 5579 1267 5652 ἑαυτῷ
1334 5578 1751 5654 ἐπικρατοῦντος
1811 5577 1943 5633 εἰλι-

297 5669 642 5742 κρινεστάτου
720 5665 910 5743 πυρός.
971 5669 1034 5725 Ἡ
1116 5669 1328 5739 κίνησις
1413 5665 1472 5722 δὲ
1552 5673 1651 5723 τοῦ
1732 5665 1940 5723 τέλειον

300 5755 796 5832 εἷδυπεποιημένου
843 5757 933 5814 καὶ
988 5758 1106 5814 καθ’
1153 5757 1489 5834 ὁλοκληρίαν
1540 5755 1944 5836 ἀπηρτισμένου

2023 650 2286 719 ditatem,
2347 651 2711 723 ignorarunt.
2755 657 2952 725 Ipsum
3003 655 3158 711 enim
3211 673 3390 713 unam
3439 665 3663 730 partem

2023 738 2148 809 [seu
2181 756 2364 794 unum
2395 741 2663 811 gradum]
2697 742 2947 814 singulis
2979 744 3150 800 annis
3181 747 3395 801 moveri
3436 749 3508 803 ab
3553 749 3665 804 ali-

2023 828 2238 897 quibus
2270 829 2490 884 dictum
2522 837 2628 901 est,
2663 836 2728 884 ut
2776 832 2944 886 annis
2996 835 3296 905 sexaginta
3337 853 3516 907 supra
3545 842 3664 894 tre-

2023 921 2220 971 centos
2269 919 2563 988 propriam
2614 921 3049 976 conversionem
3095 922 3438 978 absolveret.
3469 925 3664 997 Aliqui

2024 1011 2217 1060 autem
2251 1007 2598 1078 particulam
2629 1008 2889 1080 aliquam
2922 1011 3103 1080 partis
3146 1013 3269 1078 [seu
3301 1013 3542 1085 gradus]
3573 1013 3662 1070 in-

2023 1097 2183 1165 tegro
2227 1111 2400 1165 anno,
2448 1113 2558 1152 non
2608 1097 2892 1170 integram
2941 1104 3167 1170 partem
3219 1100 3451 1172 proprio
3500 1108 3662 1160 motu

2023 1184 2219 1254 ipsum
2266 1185 2481 1240 moveri
2521 1173 2742 1240 dicunt.

2094 1273 2147 1326 6.
2183 1273 2379 1344 Ipsum
2411 1274 2590 1345 igitur
2609 1274 2840 1345 coelum,
2865 1277 3016 1348 quod
3043 1277 3216 1347 juxta
3244 1295 3485 1336 sensum
3515 1281 3666 1337 vide-

2024 1365 2121 1415 tur
2176 1360 2462 1429 inerrans,
2494 1363 2649 1418 cerni
2679 1381 2867 1436 posse,
2902 1370 2958 1420 et
3004 1365 3257 1423 cmlestia
3294 1385 3537 1441 corpora
3577 1370 3667 1426 in-

2024 1450 2210 1505 vicem
2240 1467 2302 1506 se
2331 1454 2567 1523 tangere
2590 1468 2762 1522 posse
2801 1453 2924 1525 ipse
2950 1454 3124 1510 etiam
3152 1472 3364 1512 census
3396 1462 3661 1515 testatur.

2025 1543 2217 1610 Atque
2264 1540 2422 1595 cerni
2477 1541 2715 1612 quidem
2766 1559 2936 1613 posse
2983 1549 3219 1616 propter
3266 1545 3507 1619 colores,
3562 1548 3663 1620 qui

2027 1631 2162 1682 sunt
2194 1627 2373 1683 lucidi
2403 1629 2556 1700 ignis
2595 1620 2890 1702 fulgores;
2941 1633 3100 1704 tangi
3130 1651 3261 1690 vero
3289 1653 3460 1708 posse
3490 1653 3664 1710 prop-

2027 1721 2114 1771 ter
2143 1718 2639 1788 repercussionem
2673 1736 2797 1790 qua:
2829 1724 2993 1776 terra:
3023 1727 3148 1791 est;
3182 1740 3285 1780 nec
3317 1724 3424 1780 hoc
3455 1727 3664 1780 confir-

2029 1806 2281 1862 matione
2327 1806 2569 1878 indiget,
2615 1812 2679 1862 ut
2724 1810 2878 1880 quod
2930 1827 3136 1866 omnes
3187 1812 3495 1870 fateantur.
3530 1819 3665 1882 Quae

2028 1911 2160 1949 cum
2187 1894 2266 1950 ita
2296 1910 2357 1950 se
2381 1895 2652 1959 habeant,
2678 1898 2987 1953 manifesto
3008 1905 3146 1954 sunt
3174 1900 3232 1955 in
3264 1901 3406 1956 coelo
3430 1902 3586 1974 ignis
3610 1909 3668 1959 et

2028 1989 2201 2039 terra.
2229 1988 2370 2039 Cum
2394 1990 2589 2040 autem
2617 1987 2906 2056 ejusmodi
2933 1987 3220 2044 elementa
3247 1989 3363 2045 sint
3385 1998 3666 2062 extrema,

2027 2077 2083 2128 et
2112 2077 2415 2144 propterea
2443 2073 2752 2129 medietate
2782 2091 2930 2147 opus
2971 2076 3260 2146 habeant;
3312 2085 3450 2134 sunt
3491 2081 3666 2136 etiam

2029 2161 2088 2214 in
2121 2162 2245 2233 ipso
2278 2179 2375 2217 aer
2404 2166 2460 2216 et
2489 2179 2642 2234 aqua
2673 2180 2798 2234 quae
2828 2163 3114 2221 elementa
3146 2167 3297 2224 262
3331 2173 3469 2224 sunt
3497 2169 3671 2226 inter-

2030 2250 2240 2316 media,
2275 2254 2331 2306 et
2369 2251 2497 2322 ipsa
2524 2257 2781 2306 extrema
2810 2253 3167 2310 devinciunt.

2099 2358 2153 2412 7.
2189 2356 2445 2428 Simplex
2468 2362 2661 2413 autem
2685 2359 2901 2415 dicitur
2922 2360 3152 2418 caeleste
3176 2379 3411 2435 corpus,
3435 2366 3670 2421 tametsi

2030 2463 2098 2501 ex
2154 2447 2247 2502 his
2293 2447 2682 2518 compositum
2731 2450 2829 2516 sit,
2869 2449 2919 2503 si
2967 2467 3100 2505 cum
3147 2453 3508 2524 corporibus,
3541 2471 3668 2525 quas

2030 2536 2216 2603 magis
2247 2541 2385 2590 sunt
2415 2536 2759 2607 composita,
2793 2539 3140 2594 conferatur.
3174 2542 3266 2596 Sic
3305 2545 3461 2597 enim
3492 2544 3667 2599 etiam

2030 2630 2280 2696 quatuor
2301 2640 2541 2696 corpora
2569 2625 3035 2697 [elementorum]
3067 2645 3135 2684 ex
3166 2647 3227 2685 se
3259 2631 3503 2688 invicem
3531 2636 3672 2688 sunt

2030 2712 2392 2783 composita;
2453 2712 2740 2783 simplicia
2798 2720 2994 2770 autem
3050 2723 3347 2786 vocantur,
3403 2726 3668 2792 respectu

2029 2819 2231 2857 eorum
2262 2819 2388 2873 quae
2429 2819 2497 2856 ex
2540 2803 2684 2874 ipsis
2715 2805 3062 2861 secundaria
3091 2809 3512 2879 compositione
3542 2812 3667 2866 efﬁ-

2030 2891 2281 2946 ciuntur.
2315 2891 2459 2946 Nam
2507 2891 2737 2962 proprie
2781 2893 2936 2948 dicta
2986 2894 3275 2967 simplicia
3320 2913 3562 2970 corpora
3614 2903 3670 2955 et

2031 2979 2316 3036 elementa
2346 2997 2494 3051 pura
2531 2980 2872 3053 sinceraque
2910 2981 3080 3055 longe
3129 3001 3163 3040 a
3208 3001 3382 3042 sensu
3433 2988 3667 3056 absunt,

2033 3069 2272 3140 solaque
2303 3074 2495 3124 mente
2527 3070 2958 3127 discernuntur.

2101 3161 2156 3212 8.
2190 3159 2260 3213 Et
2286 3174 2418 3214 vero
2445 3158 2702 3230 primum
2733 3159 2942 3215 ccelum
2973 3161 3157 3218 stellis
3186 3179 3391 3220 carens
3416 3167 3670 3237 quando-

2035 3248 2274 3319 quidem
2306 3247 2661 3303 sensibiliter
2692 3254 2953 3304 movetur
2981 3256 3144 3306 motu
3184 3253 3494 3324 inerrante,
3527 3254 3673 3310 sim-

2036 3338 2167 3410 plex
2197 3353 2310 3392 non
2342 3341 2450 3392 est.
2483 3337 2627 3392 Cum
2657 3338 2812 3392 enim
2845 3339 3199 3396 sensibiliter
3227 3343 3298 3396 ab
3342 3343 3567 3399 ortibus
3599 3344 3672 3400 ad

2036 3442 2279 3482 occasus
2310 3431 2609 3480 moveatur
2638 3431 2799 3482 motu
2839 3427 3138 3484 celerrimo
3180 3434 3238 3485 et
3281 3431 3672 3488 vehementis-

2037 3517 2186 3570 simo
2211 3532 2223 3569 :
2257 3519 2313 3570 et
2342 3520 2462 3570 tam
2493 3521 2694 3587 vegeta
2724 3515 3064 3587 pernicitate
3095 3518 3554 3587 firmamentum,
3583 3537 3673 3577 se-

2037 3604 2294 3659 cundum
2326 3602 2533 3658 coelum
2566 3609 2625 3659 et
2652 3610 3104 3676 consequentem
3136 3607 3473 3664 universum
3503 3610 3676 3667 aethe-

2037 3709 2180 3760 rem,
2204 3696 2261 3747 et
2289 3693 2751 3760 succensionem,
2775 3699 2832 3748 et
2861 3710 3052 3749 aerem
3084 3712 3202 3751 una
3222 3713 3420 3752 secum
3444 3713 3679 3753 conver-

2036 3786 2144 3849 tat,
2167 3786 2401 3852 excepto
2424 3797 2607 3852 pauco
2635 3781 2732 3836 illo
2760 3783 2858 3854 qui
2885 3783 2944 3836 in
2972 3783 3320 3841 cavitatibus
3346 3787 3675 3858 superﬁciei

2035 3876 2200 3927 terrm
2229 3869 2466 3925 relictus
2495 3875 2585 3925 est
2626 3875 2682 3925 et
2725 3875 2954 3943 stagnat
2986 3889 2999 3927 :
3049 3875 3341 3945 quomodo
3372 3877 3525 3946 quod
3563 3875 3678 3931 hu-

2031 3959 2361 4031 juscemodi
2411 3964 2520 4025 est,
2552 3959 2799 4031 simplex
2846 3960 2968 4015 sit?
3017 3962 3123 4017 Ubi
3168 3964 3324 4018 enim
3367 3969 3560 4020 motus
3590 3969 3681 4020 est

2039 4047 2353 4115 sensibilis,
2397 4048 2453 4102 id
2505 4048 2679 4102 etiam
2734 4051 2886 4119 quod
2939 4056 3218 4119 movetur,
3251 4057 3339 4106 est
3382 4053 3678 4108 sensibile.

2038 4138 2200 4202 Quod
2233 4141 2425 4192 autem
2457 4153 2667 4191 sensus
2698 4139 3014 4209 cognoscit,
3038 4138 3096 4194 id
3128 4141 3517 4212 compositum
3549 4157 3680 4197 esse

2039 4243 2243 4283 omnes
2269 4228 2642 4281 confitentur.
2665 4226 2810 4281 Nam
2840 4243 3051 4299 corpus
3076 4229 3322 4300 simplex
3347 4246 3462 4284 non
3492 4233 3682 4302 potest

2039 4333 2142 4388 per
2159 4332 2219 4371 se
2241 4315 2578 4370 subsistere.
2597 4316 2749 4371 263
2764 4316 3124 4387 Quapropter
3139 4333 3271 4372 cum
3296 4319 3554 4389 primum
3572 4335 3680 4374 caa-

2039 4404 2163 4460 lum
2195 4404 2457 4460 omnium
2488 4405 2851 4460 confessione
2881 4422 3092 4476 corpus
3121 4406 3199 4460 sit
3228 4411 3284 4461 et
3314 4423 3416 4478 per
3445 4423 3507 4462 se
3537 4409 3678 4463 sub-

2042 4495 2210 4550 sistat
2242 4511 2254 4549 :
2307 4511 2421 4549 non
2465 4497 2554 4548 est
2584 4492 2850 4564 simplex,
2883 4494 2982 4549 sed
3032 4498 3120 4549 est
3149 4495 3540 4566 compositum
3567 4521 3581 4563 ;
3611 4497 3684 4553 de

2041 4582 2458 4654 compositione
2483 4586 2677 4636 autem
2706 4581 2944 4637 meliore
2963 4581 3190 4654 loquor.
3214 4585 3374 4646 Quod
3402 4584 3453 4639 si
3484 4585 3681 4657 ipsum

1962 4655 2011 4719 D
2041 4677 2131 4728 est
2162 4671 2574 4743 compositum,
2607 4670 2790 4725 multo
2823 4671 3014 4743 magis
3046 4671 3246 4743 utique
3276 4655 3600 4728 secundum
3627 4678 3686 4730 et

2047 4777 2334 4832 apparens
2363 4759 2572 4814 cmlum
2603 4759 2713 4814 erit
2729 4759 3148 4831 compositum,
3183 4777 3296 4815 non
3341 4761 3607 4834 simplex.

2114 4868 2268 4922 9-10.
2303 4865 2465 4921 Unde
2503 4867 2998 4937 quemadmodum
3043 4866 3348 4922 sensibilia
3395 4868 3688 4926 elementa

2049 4972 2172 5026 qua:
2196 4955 2521 5027 composita
2542 4958 2697 5022 sunt,
2721 4959 2881 5009 motu
2904 4954 3156 5026 simplici
3181 4961 3506 5025 moventur,
3523 4957 3690 5013 recti-

2048 5045 2199 5100 lineo
2224 5044 2504 5098 nimirum
2537 5060 2548 5098 :
2583 5043 2666 5099 sic
2702 5043 2904 5114 utique
2929 5043 3101 5098 etiam
3125 5045 3333 5100 caelum
3362 5047 3517 5117 quod
3541 5047 3689 5102 sim-

2049 5133 2178 5205 plex
2206 5150 2318 5188 non
2351 5138 2459 5200 est,
2491 5138 2648 5188 motu
2673 5132 2940 5188 circulari
2964 5132 3214 5203 simplici
3239 5139 3520 5190 movetur.
3543 5135 3690 5191 Nam

2050 5227 2108 5277 et
2133 5223 2190 5276 id
2223 5223 2375 5293 quod
2405 5228 2493 5277 est
2513 5221 2922 5293 compositum,
2949 5228 3108 5277 motu
3135 5222 3385 5295 simplici
3407 5231 3689 5280 movetur.

2051 5311 2212 5375 Quod
2245 5312 2399 5366 enim
2433 5328 2502 5365 ex
2531 5311 2896 5380 simplicibus
2927 5311 2985 5365 in
3018 5328 3080 5367 se
3111 5313 3398 5368 contentis
3432 5314 3696 5369 domina-

2051 5405 2146 5455 tur
2173 5399 2434 5471 reliquis,
2459 5399 2568 5455 hoc
2591 5404 2854 5455 movetur
2873 5400 3072 5467 etiam,
3101 5402 3226 5472 ejus
3251 5403 3404 5474 quod
3433 5403 3695 5458 domina-

2052 5494 2150 5544 tur
2196 5495 2419 5543 motum
2475 5488 2800 5544 subeundo.
2848 5491 3210 5561 Quapropter
3259 5491 3434 5546 etiam
3485 5491 3694 5547 cmlum

2052 5594 2186 5632 cum
2216 5577 2293 5632 sit
2331 5579 2742 5649 compositum,
2778 5579 3100 5634 secundum
3136 5584 3358 5634 motum
3392 5580 3545 5652 ignis
3574 5579 3694 5635 sin-

2053 5665 2339 5722 cerissimi
2379 5666 2438 5722 in
2479 5667 2608 5740 ipso
2640 5669 3001 5724 dominantis
3034 5674 3316 5725 movetur.
3346 5669 3523 5741 Atqui
3570 5685 3694 5724 mo-

2051 5760 2148 5813 tus
2181 5757 2430 5828 perfecte
2469 5756 2764 5814 informati
2810 5763 2867 5815 et
2910 5758 3232 5816 secundum
3269 5773 3472 5814 omnes
3501 5760 3694 5831 partes
