4024 6442
386 403 535 462 1219

1622 397 2043 462 NICEPHORI
2091 391 2526 462 BLEMMIDE

3629 395 3800 461 1220

379 535 632 592 absoluti
657 533 831 606 ignis,
853 531 1154 588 circularis
1184 537 1294 588 est.
1320 533 1466 588 Nam
1492 538 1684 588 motus
1711 532 2000 587 elemento

2136 531 2368 605 πυρὸςὴ
2412 530 2599 604 κύκλῳ
2654 531 2814 590 ἐστίν,
2875 534 2935 586 Ἠ
2992 535 3091 608 γάρ
3159 532 3240 586 ἐπ’
3299 531 3504 593 εὐθείας
3565 532 3795 602 κίνησις

379 641 510 679 rum
529 629 721 678 rectus
741 623 894 676 inest
921 621 1067 694 ipsis
1093 638 1224 677 cum
1261 621 1451 677 adhuc
1479 627 1852 694 generantur,
1876 626 1933 677 et
1962 621 2020 675 in

378 712 502 768 loco
535 715 741 784 praeter
769 716 1039 765 naturam
1070 715 1242 778 sunt;
1279 727 1383 766 nec
1407 727 1538 766 eum
1565 710 1664 782 qui
1697 710 2018 765 secundum

378 807 648 856 naturam
671 804 760 855 est
775 799 968 855 adhuc
985 805 1349 868 acceperunt,
1367 799 1659 870 quomodo
1672 798 2020 854 Ptolomaeus

376 893 434 944 et
457 888 718 944 Plotinus
749 901 805 942 et
825 887 1163 942 Xenarchus
1181 893 1238 943 et
1267 887 1363 942 alii
1397 887 1619 959 physici
1646 889 2016 942 conﬁtentur.

376 977 487 1032 Sed
520 983 577 1032 et
603 975 943 1032 Aristoteles
986 975 1044 1030 in
1092 993 1264 1030 suum
1297 976 1487 1030 locum
1522 975 1654 1030 ferri
1686 977 1841 1032 264
1871 975 2016 1030 nihil

371 1065 530 1121 aliud
553 1081 682 1121 esse
705 1065 868 1135 dicit,
888 1081 1065 1135 quam
1087 1065 1159 1119 ad
1182 1081 1350 1119 suam
1377 1065 1630 1136 speciem
1657 1065 1891 1118 moveri.
1915 1065 2017 1118 Re-

369 1171 502 1210 vera
523 1155 680 1209 enim
704 1154 753 1209 si
778 1154 850 1208 ab
873 1152 1081 1208 alienis
1105 1153 1246 1208 locis
1272 1158 1329 1208 et
1349 1170 1383 1208 a
1404 1153 1786 1224 dispositione
1809 1160 2017 1224 praeter

368 1248 634 1299 naturam
659 1247 967 1298 moventur
986 1241 1274 1298 elementa
1305 1259 1478 1298 suum
1513 1243 1701 1297 locum
1731 1259 2015 1314 suamque

365 1333 761 1404 integritatem
791 1336 847 1386 et
880 1332 1290 1402 perfectionem
1325 1331 1660 1402 appetentis
1691 1348 1704 1384 :
1761 1337 2011 1399 constat,

367 1421 518 1492 quod
542 1421 864 1475 secundum
886 1424 1157 1474 naturam
1183 1419 1431 1490 perfecte
1457 1437 1569 1474 non
1587 1420 1882 1482 habentia,
1899 1437 2014 1475 mo-

362 1513 783 1566 veantur.Cum
807 1509 962 1564 enim
983 1511 1307 1564 secundum
1333 1513 1602 1562 naturam
1626 1525 1686 1563 se
1709 1509 1940 1573 habent,
1957 1515 2013 1564 et

365 1599 423 1654 in
451 1599 703 1671 propriis
733 1597 879 1653 locis
909 1603 1067 1661 sunt,
1092 1604 1192 1652 aut
1219 1598 1552 1652 subsistunt
1583 1603 1684 1651 aut
1708 1604 2012 1651 moventur

366 1686 744 1742 circulariter.
791 1686 1073 1742 Subsistit
1121 1686 1358 1758 quidem
1415 1689 1570 1740 terra
1623 1686 1904 1753 videlicet,
1954 1691 2011 1740 et

366 1793 518 1848 aqua
563 1780 621 1831 et
669 1792 804 1846 pars
856 1775 1008 1830 aeris
1051 1780 1380 1846 stagnans;
1420 1773 1782 1830 circulariter
1811 1780 2006 1829 autem

365 1868 633 1920 movetur
651 1864 804 1936 ignis
833 1868 889 1919 et
919 1881 1055 1936 pars
1077 1865 1228 1919 aeris
1249 1864 1550 1928 sincerior,
1574 1880 1702 1934 qua:
1727 1880 1844 1918 una
1872 1880 2006 1918 cum

365 1953 507 2008 ccelo
528 1957 763 2024 propter
783 1968 951 2008 suam
974 1969 1108 2006 cum
1133 1950 1233 2006 illo
1257 1952 1603 2006 afﬁnitatem
1622 1951 2004 2006 circumeunt.

435 2061 620 2114 11-15.
655 2058 939 2125 Quoniam
971 2059 1125 2113 enim
1172 2074 1288 2128 quo
1328 2059 1514 2112 fertur
1544 2057 1763 2129 aliquid
1799 2075 2004 2111 secun-

364 2149 504 2203 dum
527 2152 821 2214 naturam,
841 2147 922 2200 ibi
947 2152 1034 2202 est
1054 2147 1378 2201 secundum
1405 2153 1674 2201 naturam
1698 2165 1710 2208 ;
1739 2152 1889 2200 terra
1912 2164 2007 2200 au-

363 2241 481 2292 tem
500 2235 823 2292 secundum
841 2240 1109 2290 naturam
1124 2236 1194 2290 ad
1215 2235 1472 2290 medium
1493 2235 1793 2300 ferntnrjn
1816 2236 2006 2290 medio

363 2341 499 2398 ergo
529 2330 620 2380 est
649 2325 972 2380 secundum
1007 2330 1297 2379 naturam.
1332 2324 1448 2379 Hoc
1487 2325 1643 2379 enim
1676 2330 1840 2378 teme
1873 2341 2003 2395 pro-

364 2416 557 2487 prium
581 2419 689 2483 est,
716 2419 782 2468 ut
814 2414 883 2468 ad
918 2414 1174 2467 medium
1200 2413 1434 2468 feratur.
1461 2413 1590 2468 Haec
1613 2417 1804 2468 autem
1827 2429 2005 2467 causa

362 2503 557 2573 fuerit,
583 2507 649 2556 ut
669 2502 844 2557 etiam
870 2501 927 2556 in
955 2501 1144 2557 medio
1166 2507 1319 2556 terra
1343 2507 1575 2557 maneat
1603 2507 1660 2556 et
1682 2502 2000 2557 subsistat:

362 2591 632 2664 cognatio
658 2591 939 2646 nimirum
963 2607 1140 2661 quam
1175 2591 1348 2645 habet
1367 2607 1502 2645 cum
1536 2590 1745 2658 medio,
1773 2595 2006 2661 propter

362 2697 538 2752 quam
584 2685 850 2735 movetur
901 2680 970 2733 ad
1029 2679 1242 2750 ipsum.
1276 2679 1561 2742 Quoniam
1595 2684 1788 2734 autem
1822 2679 2005 2734 medi-

361 2787 460 2826 um
491 2774 579 2826 est
609 2768 909 2824 immobile
939 2768 1154 2839 (omnis
1194 2768 1350 2823 enim
1384 2768 1622 2839 spbazraa
1653 2785 1780 2839 quae
1813 2768 2004 2840 seipso

360 2864 640 2925 movetur,
659 2863 924 2912 centrum
945 2858 1065 2912 sive
1087 2857 1366 2922 medium,
1383 2862 1472 2912 est
1494 2856 1836 2926 immobile),
1852 2861 2007 2911 terra

358 2963 590 3020 quoque
609 2952 845 3019 propter
857 2946 1007 3002 265
1025 2947 1368 3000 afﬁnitatem
1388 2963 1521 3001 cum
1538 2952 1732 3000 centro
1750 2945 2004 3001 universi

357 3041 444 3092 est
465 3035 808 3091 immobilis.
838 3035 1062 3090 Rursus
1089 3040 1283 3089 autem
1307 3052 1457 3106 aqua
1479 3034 1755 3105 quoniam
1786 3034 1856 3088 ad
1888 3041 2000 3088 ter-

357 3142 479 3180 ram
501 3125 680 3180 fertur
699 3129 905 3179 natura
923 3141 1030 3178 sua
1044 3125 1228 3194 (aquae
1241 3123 1394 3178 enim
1416 3123 1713 3194 proprium
1733 3128 1821 3177 est
1839 3128 2000 3177 terrae

354 3212 738 3282 incumbere),
762 3217 819 3268 et
849 3212 978 3284 ipsa
998 3217 1232 3284 propter
1253 3212 1656 3283 cognationem
1689 3228 1822 3266 cum
1847 3216 2000 3267 terra

353 3308 444 3358 est
473 3302 812 3357 immobilis.
839 3301 918 3356 Ea
951 3306 1183 3372 propter
1205 3317 1345 3355 sane
1365 3301 1539 3356 etiam
1571 3306 1852 3372 stagnans
1877 3316 1997 3368 aer,

353 3391 647 3446 terrestris
678 3390 774 3446 ille
805 3395 863 3446 et
904 3407 1164 3461 aquosus
1194 3395 1249 3444 et
1278 3390 1573 3453 turbidus,
1606 3395 1694 3444 est
1726 3389 1996 3444 immobi-

354 3479 446 3534 lis.
479 3480 606 3535 Jam
637 3497 769 3535 vero
801 3479 954 3550 ignis
986 3479 1308 3534 secundum
1343 3483 1611 3532 naturam
1643 3478 1714 3532 ad
1749 3477 1996 3532 circum-

354 3567 658 3623 ferentiam
688 3567 927 3640 sphaera:
960 3573 1243 3624 movetur.
1277 3568 1562 3622 Fortassis
1609 3567 1765 3622 enim
1819 3566 1996 3621 etiam

353 3673 664 3712 concavam
718 3657 1086 3728 superﬁciem
1137 3656 1492 3711 firmamenti
1541 3655 1848 3727 attigisset,
1884 3655 1995 3710 nisi

351 3744 517 3801 locus
584 3747 656 3800 ab
725 3746 972 3800 esthereo
1039 3762 1276 3817 corpore
1340 3751 1778 3817 praeoccupatus
1844 3750 1998 3800 esset

344 3836 514 3906 juxta
542 3835 775 3906 igneam
809 3834 1060 3905 speciem
1093 3834 1426 3899 sinceriore,
1451 3839 1516 3888 ut
1545 3835 1699 3905 quod
1731 3834 1994 3903 ejusdem

353 3926 573 3977 natura:
622 3923 699 3977 sit
752 3939 885 3978 cum
937 3921 1306 3978 ﬁrmamento
1345 3923 1656 3994 particeps.
1707 3924 1994 3986 Quoniam

350 4011 533 4084 igitur
562 4011 717 4084 ignis
747 4013 818 4067 ad
851 4012 1090 4084 sphaera:
1121 4011 1651 4066 circumferentiam
1686 4012 1868 4066 fertur
1893 4029 1995 4066 na-

349 4099 653 4167 turaliter;
707 4101 843 4157 huic
892 4117 1032 4156 sane
1073 4100 1328 4155 affinitas
1361 4102 1432 4155 ad
1465 4100 1993 4157 circumferentiam

349 4194 588 4262 propter
616 4206 793 4260 quam
827 4191 898 4244 ad
927 4189 1116 4262 ipsam
1152 4190 1352 4256 fertur,
1385 4189 1686 4244 eircularis
1719 4191 1993 4245 motionis

349 4295 526 4334 causa
556 4278 750 4334 fuerit.
787 4279 931 4333 Nam
967 4283 1203 4350 prepter
1232 4278 1574 4333 afﬁnitatem
1625 4295 1759 4332 cum
1816 4295 1883 4333 ea
1937 4283 1994 4333 et

350 4367 474 4439 ipse
523 4371 786 4423 movetur
833 4367 1238 4436 circulariter;
1291 4367 1788 4439 quemadmodum
1840 4373 1994 4423 terra

347 4460 586 4529 propter
615 4456 982 4524 affinitatem,
1016 4473 1194 4528 quam
1226 4473 1356 4510 cum
1389 4461 1586 4512 centro
1633 4455 1826 4523 habet,
1859 4473 1991 4512 con-

349 4545 525 4600 sistit.
561 4546 786 4601 Rursus
819 4549 1014 4600 autem
1066 4550 1130 4600 ut
1172 4562 1324 4618 aqua
1371 4563 1484 4600 non
1537 4549 1816 4615 movetur,
1849 4545 1990 4600 dum

2038 1910 2086 1975 B

2132 625 2237 673 τῶν
2299 619 2584 696 στοιχείων
2643 618 2720 676 ἔτι
2775 623 3076 697 γινομένων
3133 622 3306 676 αὐτῶν
3370 621 3481 676 ἐστι
3541 621 3644 676 κάν
3710 625 3799 692 τῷ

2130 708 2275 784 παρά
2344 709 2498 787 φύσιν
2573 707 2738 766 ὄντων
2812 711 2987 784 τόπῳ,
3050 708 3197 764 ἀλλά
3258 713 3427 782 μήπω
3485 711 3579 764 τὸν
3645 711 3798 764 κατά

2130 798 2284 874 φύσιν
2372 797 2778 875 ἀπειληφότων,
2851 799 2926 860 ὡς
3006 798 3340 874 ὁμολογοῦσι
3425 797 3792 871 Πτολεμαῖος

2127 887 2216 939 καὶ
2275 885 2556 949 Πλωτῖνος
2615 887 2703 942 καὶ
2749 887 3052 962 Ξέναρχος,
3100 887 3190 942 καί
3247 907 3385 948 τινες
3443 885 3611 942 ἄλλοι
3669 892 3791 942 τῶν

2127 980 2388 1051 φυσικῶν.
2423 975 2596 1032 Ἀλλά
2625 973 2692 1044 δὴ
2722 975 2810 1030 καὶ
2845 975 3229 1051 Ἀριστοτέλης
3260 979 3322 1031 τὸ
3353 977 3430 1038 εἰς
3459 977 3551 1030 τὸν
3610 976 3790 1031 αὐτοῦ

2124 1064 2288 1118 τόπον
2341 1066 2588 1142 φέρεσθαι
2652 1063 2819 1138 μηδὲν
2880 1064 3020 1121 ἄλλο
3080 1065 3213 1120 εἶναί
3275 1065 3524 1143 φησιν,ἧ
3582 1064 3660 1126 εἷς
3723 1067 3788 1120 τὸ

2123 1152 2286 1207 αὐτοῦ
2333 1155 2578 1230 φέρεσθαι
2630 1151 2791 1215 εἶδος.
2841 1159 2927 1225 Τῷ
2974 1149 3086 1207 ὄντι
3135 1153 3238 1229 γὰρ
3297 1151 3445 1228 εἴπερ
3495 1154 3605 1208 ἀπὸ
3660 1155 3782 1208 τῶν

2124 1239 2431 1314 ἀλλοτρίων
2482 1242 2663 1296 τόπων
2723 1242 2812 1296 καὶ
2854 1249 2954 1311 τῆς
3027 1243 3174 1318 παρά
3243 1241 3397 1319 φύσιν
3476 1239 3786 1305 διαθέσεως

2121 1336 2345 1384 κινεῖται
2398 1332 2466 1384 τὰ
2519 1337 2785 1407 στοιχεῖα,
2835 1335 2942 1386 τῶν
2997 1329 3210 1386 οἷ’κείων
3270 1330 3525 1408 ἐφιέμενα
3582 1330 3782 1386 τόπων

2120 1419 2207 1472 καὶ
2263 1427 2365 1488 τῆς
2424 1419 2624 1481 οἰκείας
2684 1419 2972 1490 ὁλότητος,
3006 1417 3175 1489 δῆλόν
3233 1419 3372 1475 ἐστιν
3408 1419 3482 1480 ὡς
3511 1419 3575 1474 ού
3636 1421 3785 1474 κατά

2120 1506 2274 1581 φύσιν
2352 1505 2551 1584 ἔχοντα
2618 1507 2818 1572 τελέως
2892 1515 3138 1563 κινεῖται.
3218 1509 3363 1564 Κατά
3440 1509 3599 1586 φύσιν
3666 1510 3780 1584 γὰρ

2120 1594 2314 1670 ἔχοντα
2344 1597 2430 1650 καὶ
2469 1602 2584 1658 τοῖς
2631 1596 2852 1658 οἰκείοις
2902 1596 3239 1673 τυγχάνοντα
3284 1597 3475 1657 τόποις
3521 1598 3560 1665 ἢ
3627 1596 3780 1669 μένει

2117 1685 2152 1752 ἢ
2184 1683 2372 1757 κύκλῳ
2427 1692 2672 1741 κινεῖται.
2705 1686 2862 1742 Μένει
2926 1687 3018 1758 μὲν
3051 1687 3084 1754 ἡ
3119 1692 3190 1759 γῆ
3241 1683 3499 1756 δηλονότι
3559 1687 3653 1741 καὶ
3716 1687 3784 1741 τὸ

2118 1769 2262 1848 ὕδωρ
2292 1775 2381 1827 καὶ
2409 1778 2506 1827 τοῦ
2537 1773 2692 1850 ἀέρος
2748 1775 2811 1828 τὸ
2862 1774 3142 1847 λιμνάζον·
3179 1771 3368 1846 κύκλῳ
3425 1771 3483 1829 δὲ
3535 1780 3784 1829 κινεῖται

2116 1862 2176 1916 τὸ
2219 1866 2325 1936 πῦρ
2373 1863 2460 1916 καὶ
2510 1867 2607 1917 τοῦ
2651 1863 2807 1938 ἀέρος
2852 1863 2915 1917 τὸ
2962 1862 3148 1938 εὐαγὲς
3175 1866 3254 1934 τῷ
3286 1861 3500 1937 οὐρανῷ
3556 1883 3779 1935 συμπε-

2119 1947 2449 2026 ριπολοῦντα
2476 1953 2611 2006 κατά
2632 1953 2731 2020 τὴν
2764 1952 2899 2027 πρὸς
2934 1951 3094 2006 αὐτὸν
3123 1951 3452 2020 οἰκειότητα.

2191 2079 2243 2111 ια
2275 2060 2350 2114 ιε’.
2386 2059 2534 2112 Ἐπεὶ
2565 2061 2670 2134 γάρ
2718 2057 2855 2113 ὅπου
2895 2058 3110 2136 φέρεταί
3155 2080 3206 2113 τι
3254 2060 3387 2112 οιατά
3434 2058 3616 2136 φύσιν,
3661 2058 3784 2115 ἐκεῖ

2118 2145 2226 2200 ἐστι
2285 2148 2419 2200 κατά
2475 2149 2648 2222 φύσιν·
2684 2148 2897 2224 φέρεται
2931 2145 3094 2202 δ’ἐπί
3144 2149 3206 2202 τὸ
3258 2149 3417 2221 μέσον
3450 2152 3486 2217 ἡ
3516 2156 3590 2224 γῆ
3634 2152 3780 2203 κατά

2131 2235 2421 2289 ν’..έὶ
2541 2241 2564 2272 7
2675 2235 2892 2290 ﬁ.”
3123 2237 3258 2257 "
3382 2234 3682 2291 ιστ’”“

2116 2257 2148 2312 φ
2195 2257 2270 2288 σ.ν
2365 2257 2424 2289 π.
2473 2257 2569 2289 το.)
2634 2259 2672 2306 μ
2703 2257 2796 2290 σο)
2864 2257 2965 2312 αρα
3011 2257 3146 2291 κατα
3195 2258 3346 2315 φυσιν
3477 2259 3545 2293 ιν.
3625 2243 3776 2293 Ιοιον

2114 2325 2216 2399 γὰρ
2270 2327 2366 2392 τῆς
2422 2331 2525 2399 γῆς
2583 2325 2644 2377 τὸ
2703 2324 2947 2401 φέρεσθαι
3004 2326 3140 2400 πρὸς
3199 2327 3260 2380 τὸ
3295 2326 3480 2398 μέσον.
3516 2329 3698 2380 Γοῦτο
3729 2323 3785 2380 δ’

2115 2411 2174 2465 ἂν
2208 2410 2290 2482 εἶή
2325 2410 2492 2466 αἶίτιον
2526 2413 2614 2466 καὶ
2644 2417 2740 2466 τοῦ
2777 2413 2948 2484 μένειν
2983 2411 3032 2466 ἐν
3067 2418 3145 2486 τῷ
3188 2415 3335 2485 μέσῳ
3393 2415 3492 2482 τὴν
3549 2421 3682 2489 γῆν,
3742 2417 3778 2484 ἡ

2113 2502 2250 2576 πρὸς
2303 2502 2366 2554 τὸ
2428 2500 2586 2573 μέσον
2642 2498 2899 2571 δηλονότι
2966 2501 3246 2577 συγγένεια
3304 2499 3372 2556 δι’
3423 2504 3484 2571 ἣν
3544 2503 3781 2580 φέρεται

2114 2590 2250 2664 πρὸς
2297 2589 2447 2646 αὐτό.
2502 2588 2646 2644 Ἐπεί
2697 2586 2753 2644 δὲ
2793 2591 2855 2644 τὸ
2908 2588 3064 2662 μένον
3109 2589 3362 2660 ἀκίνητον
3411 2589 3617 2663 (πάσης
3665 2593 3776 2666 γὰρ

2116 2677 2339 2755 σφαίρας
2402 2677 2726 2750 κινουμένης
2801 2677 2852 2732 έν
2920 2679 3082 2751 ἑαυτῇ
3153 2678 3214 2732 τὸ
3267 2679 3425 2751 μέσον
3499 2676 3633 2747 ἤτοι
3712 2681 3779 2734 τὸ

2114 2769 2328 2842 κέντρον
2413 2767 2710 2839 ἀκίνητον),
2768 2767 2856 2820 καὶ
2915 2769 2949 2836 ἡ
3008 2774 3079 2841 γῆ
3160 2764 3250 2821 διὰ
3319 2768 3417 2836 τὴν
3496 2767 3644 2843 πρὸς
3709 2769 3776 2822 τὸ

2113 2857 2328 2931 κέντρον
2395 2861 2492 2910 τοῦ
2563 2856 2761 2916 παντὸς
2821 2854 3092 2910 οἷκείωσιν
3173 2855 3426 2925 ἀκίνητός
3497 2855 3641 2912 ἐστι.
3701 2857 3773 2911 To‘

2115 2943 2258 3019 ὕδωρ
2311 2942 2367 2999 δὲ
2425 2943 2589 3000 πάλιν
2651 2943 2764 2998 ἐπεὶ
2814 2943 3026 3021 φέρεται
3083 2944 3219 3019 πρὸς
3285 2945 3386 3012 τήν
3444 2951 3551 3019 γῆν
3620 2966 3765 3022 φυσιο

2112 3039 2221 3096 κῶς
2253 3031 2412 3108 (ἴδιον
2463 3033 2567 3109 γὰρ
2621 3038 2718 3088 τοῦ
2776 3030 2967 3093 ὕδατος
3022 3034 3084 3086 τὸ
3142 3031 3490 3101 ἐπιπολάζειν
3541 3038 3616 3108 τῇ
3651 3037 3765 3108 γῇ),

2117 3123 2260 3196 μένει
2323 3120 2410 3177 διὰ
2465 3123 2562 3190 τήν
2641 3122 2775 3196 πρὸς
2846 3123 2944 3190 τὴν
3017 3129 3116 3198 γῆν
3196 3120 3506 3196 συγγένειαν
3567 3123 3769 3193 ἀκίνη-

2109 3233 2200 3267 τον
2257 3211 2346 3266 καὶ
2404 3210 2554 3266 αὐτό.
2612 3211 2708 3264 Διά
2760 3214 2926 3264 ταῦτα
2983 3210 3049 3279 δὴ
3090 3209 3179 3264 καὶ
3229 3211 3257 3264 ὁ
3310 3210 3594 3283 λιμνάζων
3658 3213 3768 3287 ἀήρ

2030 3278 2071 3342 (ί
2112 3301 2384 3370 ἀκίνητος,
2435 3301 2462 3352 ὁ
2512 3299 2710 3374 γεηρὸς
2759 3299 2847 3353 καὶ
2913 3278 3194 3369 ὑδατώδης
3250 3300 3340 3354 καὶ
3375 3278 3644 3375 ’θολερός

2109 3385 2165 3442 δὲ
2210 3393 2316 3463 πῦρ
2370 3387 2582 3465 φέρεται
2629 3389 2764 3442 κατὰ
2807 3387 2960 3464 φύσιν
2996 3387 3082 3442 ἐπὶ
3130 3389 3229 3456 τήν
3260 3387 3608 3466 περιφέρειαν
3663 3392 3768 3458 τῆς

2108 3477 2352 3555 σφαίρας.
2413 3475 2565 3552 Τάχα
2627 3476 2729 3553 γὰρ
2801 3477 2858 3530 ἂν
2934 3477 3024 3531 καὶ
3102 3476 3348 3555 ἐφήψατο
3401 3477 3502 3546 τῆς
3557 3477 3768 3549 κοίλης

2108 3565 2415 3643 ἐπιφανείας
2459 3569 2557 3619 τοῦ
2605 3565 3002 3638 στερεώματος,
3030 3564 3083 3620 εἷ’
3123 3587 3186 3640 γε
3231 3567 3306 3638 μὴ
3348 3565 3769 3640 προκατειλημο

2109 3654 2262 3726 μένος
2319 3655 2385 3723 ἦν
2419 3653 2644 3715 ὁτόπος
2705 3655 2806 3708 ὑπὸ
2862 3658 2959 3709 τοῦ
3015 3653 3256 3728 αἰθερίου
3308 3655 3587 3726 σώματος,
3620 3653 3770 3710 εἴλιο

2103 3743 2444 3818 κρινεστέρου
2499 3743 2868 3818 τυγχάνοντος
2924 3742 3060 3798 κατά
3111 3744 3173 3797 τὸ
3222 3739 3363 3804 εἶδος
3390 3744 3450 3797 τὸ
3500 3744 3764 3820 πύρινον,

2106 3833 2178 3894 ὡς
2237 3839 2336 3901 τῆς
2386 3831 2550 3901 αὐτῆς
2609 3836 2688 3903 τῷ
2756 3833 3090 3906 στερεώματι
3169 3834 3610 3902 κοινωνήσαντα
3667 3832 3767 3910 φύ-

2105 3941 2259 3981 σεως.
2308 3917 2455 3973 Ἑπεί
2511 3919 2690 3973 τοίνυν
2749 3920 2811 3973 τὸ
2866 3924 2971 3996 πῦρ
3033 3920 3167 3993 πρὸς
3215 3921 3314 3989 τήν
3373 3922 3471 3988 τῆς
3529 3920 3764 3997 σφαίρας

2103 4008 2440 4086 περιφέρειαν
2507 4008 2719 4085 φέρεται
2779 4013 3039 4086 φυσικῶς,
3097 4006 3270 4063 αἷίτιον
3324 4008 3381 4063 ἂν
3434 4006 3518 4078 εἷή
3571 4011 3759 4081 τούτῳ

2103 4097 2190 4151 καὶ
2246 4101 2342 4151 τοῦ
2395 4094 2584 4169 κύκλῳ
2652 4099 2911 4151 κινεῖσθαι
2961 4100 2995 4166 ἡ
3054 4098 3186 4172 πρὸς
3248 4099 3347 4167 τήν
3408 4099 3756 4175 περιφέρειαν

2103 4185 2375 4247 οἰκείωσις
2409 4182 2480 4240 δι’
2530 4187 2596 4254 ἣν
2652 4185 2865 4262 φέρεται
2923 4186 3060 4257 πρὸς
3110 4187 3300 4257 αὐτήν.
3352 4189 3450 4242 Διά
3503 4189 3608 4264 γὰρ
3661 4188 3759 4242 τὸν

2102 4276 2239 4350 πρὸς
2285 4275 2485 4345 ταύτην
2547 4274 2816 4329 οἷκείωσιν
2889 4274 3078 4348 κύκλῳ
3149 4277 3363 4354 φέρεται
3436 4277 3528 4332 καὶ
3602 4277 3757 4332 αύτό’

2102 4363 2337 4436 καθάπερ
2370 4366 2404 4431 ἡ
2459 4369 2530 4437 γῆ
2592 4359 2682 4416 διὰ
2729 4364 2829 4431 τὴν
2890 4363 3025 4438 πρὸς
3082 4365 3145 4418 τὸ
3201 4365 3418 4440 κέντρον
3477 4364 3755 4420 οἷκείωσιν

2103 4451 2343 4522 ἕστηκεν.
2377 4453 2465 4513 Ὠς
2496 4449 2552 4506 δὲ
2581 4452 2644 4506 τὸ
2676 4449 2820 4526 ὕδωρ
2862 4451 3023 4507 πάλιν
3075 4452 3136 4506 ού
3185 4459 3432 4524 κινεῖται,
3459 4461 3560 4523 τῆς
3621 4475 3752 4529 συγ-

2099 4546 2283 4617 γενοῦς
2340 4539 2622 4610 ἑστηκυίας
2680 4548 2785 4614 γῆς
2844 4539 2924 4618 ἐφ’
2982 4543 3041 4610 ἣν
3100 4542 3191 4596 καὶ
3274 4543 3489 4620 φέρεται
3548 4543 3642 4597 καὶ
3686 4545 3758 4612 ἧς

347 4637 502 4688 terra
550 4650 683 4688 cum
739 4650 855 4706 qua
904 4635 1307 4706 cognationem
1355 4633 1548 4704 habet,
1591 4633 1878 4704 consistit,
1923 4634 1994 4688 ad

2114 4630 2184 4684 isi
2244 4629 2562 4707 ἐφάπτεσθαι
2629 4629 2904 4704 βούλεται·
2963 4631 3056 4684 τὸν
3115 4629 3270 4685 αὐτὸν
3328 4631 3530 4707 τρόπον
3581 4631 3674 4685 καὶ
3724 4633 3754 4685 ὁ

350 4738 527 4792 quam
550 4723 726 4777 etiam
750 4723 952 4790 fertur,
969 4740 1266 4795 quamque
1287 4739 1518 4794 semper
1536 4721 1660 4776 vult
1683 4722 1993 4793 attingere;

350 4809 552 4865 eodem
577 4813 748 4867 modo
768 4811 940 4866 etiam
967 4829 1150 4883 purus
1170 4829 1270 4866 aer
1286 4828 1418 4867 cum
1444 4811 1562 4883 igni
1587 4811 1686 4881 qui
1713 4817 1994 4874 movetur,

353 4897 530 4952 simul
562 4901 936 4966 convertitur,
973 4902 1126 4958 266
1160 4906 1392 4973 propter
1423 4899 1827 4971 cognationem
1861 4916 1995 4954 cum

2105 4719 2338 4794 καθαρὸς
2369 4718 2473 4793 ἀὴρ
2505 4717 2782 4795 φερομένῳ
2824 4719 3149 4796 συμφέρεται
3197 4724 3276 4791 τῷ
3318 4719 3450 4796 πυρὶ
3503 4716 3593 4774 διὰ
3650 4721 3752 4788 τὴν

2105 4808 2240 4878 πρὸς
2271 4811 2432 4860 τοῦτο
2466 4805 2770 4882 συγγένειαν
2806 4803 2875 4860 δι’
2905 4808 2965 4875 ἣν
3017 4807 3107 4861 καὶ
3140 4809 3275 4884 πρὸς
3332 4808 3462 4863 αὐτὸ
3510 4808 3750 4886 φέρεται,

2103 4895 2193 4950 καὶ
2222 4899 2318 4950 τοῦ
2349 4901 2581 4949 συνεῖναι
2613 4894 2790 4968 τούτῳ
2818 4897 3179 4969 συνημμένως
3209 4896 3433 4976 ἐφίεται.

352 4985 472 5056 illo,
507 4986 577 5041 ob
610 5004 788 5059 quam
818 4990 994 5044 etiam
1027 4990 1097 5044 ad
1130 4990 1324 5061 ipsum
1357 4991 1557 5057 fertur,
1590 4992 1647 5044 et
1676 5005 1808 5043 cum
1842 4989 1969 5060 ipso
2003 4987 2367 5044 continenter
2395 5002 2524 5042 esse
2555 4987 2792 5058 appetit.

425 5094 510 5146 16.
545 5092 621 5146 Ex
656 5093 750 5148 his
779 5095 958 5166 igitur
979 5113 1105 5168 quas
1128 5097 1282 5152 dicta
1311 5099 1450 5151 sunt
1482 5095 1880 5166 manifestum,
1904 5100 1993 5151 est

349 5184 406 5236 et
435 5179 682 5250 quodvis
715 5183 868 5251 quod
902 5185 1010 5238 sub
1044 5201 1284 5240 sensum
1316 5184 1473 5239 cadit
1503 5200 1572 5238 ex
1603 5189 1854 5255 quatuor
1885 5183 1992 5238 ele-

351 5267 565 5323 mentis
585 5284 713 5322 esse
737 5272 1146 5342 compositum,
1171 5279 1228 5328 et
1260 5275 1446 5328 solam
1468 5272 1809 5328 circularem
1831 5271 1994 5327 latio-

351 5373 484 5411 nem
517 5355 828 5425 perfectam
883 5365 938 5414 et
986 5362 1310 5417 secundum
1366 5366 1636 5416 naturam
1689 5377 1815 5416 esse
1847 5361 1994 5432 [sola

349 5441 504 5498 enim
537 5441 656 5496 haec
696 5459 896 5500 eorum
945 5452 1034 5502 est
1084 5466 1213 5520 quae
1252 5450 1576 5503 secundum
1609 5453 1880 5504 naturam
1930 5466 1992 5505 se

349 5531 584 5597 habent,
619 5534 676 5585 et
704 5534 957 5602 perfecta
987 5538 1147 5607 sunt]
1178 5555 1191 5604 ;
1246 5541 1302 5591 et
1345 5540 1560 5592 terram
1605 5537 1857 5592 naturali
1902 5555 1992 5594 ra-

347 5621 507 5676 tione
557 5619 919 5678 immobilem
975 5641 1123 5694 esse,
1175 5625 1310 5680 dein
1366 5640 1602 5694 aquam,
1648 5631 1780 5696 post
1830 5625 1992 5682 illam

347 5708 634 5789 quidquid
675 5709 826 5768 aeris
875 5711 968 5770 his
1015 5711 1358 5786 corporibus
1398 5716 1710 5785 cognatum
1759 5718 1883 5785 est;
1934 5719 1992 5772 et

2175 5094 2257 5155 ις’.
2294 5089 2470 5160 Δῆλον
2526 5089 2616 5144 οὖν
2669 5089 2728 5145 ἐκ
2771 5092 2879 5146 τών
2913 5092 3356 5168 είρημένων,ὅτι
3410 5114 3470 5148 τε
3529 5100 3632 5148 πᾶν
3687 5094 3748 5150 τὸ

2103 5181 2204 5236 ὑπὸ
2250 5181 2349 5248 τὴν
2402 5176 2648 5248 αἶ’σθησιν
2697 5179 2755 5233 ἐκ
2803 5185 2907 5234 τῶν
2957 5183 3228 5254 τεσσάρων
3277 5183 3568 5258 στοιχείων
3635 5204 3751 5237 συν-

2099 5271 2348 5338 τέθειται,
2381 5269 2470 5322 καὶ
2529 5267 2612 5322 ὅτι
2665 5268 2801 5341 μόνη
2859 5269 3042 5326 τελεία
3072 5272 3211 5348 φορὰ
3257 5271 3348 5326 καὶ
3398 5273 3536 5327 κατὰ
3593 5271 3750 5349 φύσιν

2101 5361 2135 5428 ἡ
2166 5356 2398 5426 κυκλική
2434 5356 2596 5430 (μόνη
2630 5358 2731 5432 γὰρ
2762 5357 2896 5428 αὕτη
2937 5363 3044 5414 τῶν
3095 5361 3231 5414 κατά
3287 5359 3443 5437 φύσιν
3506 5359 3746 5436 ἐχόντων

2101 5447 2189 5502 καὶ
2243 5445 2466 5501 τελείων
2528 5441 2695 5501 ὄντων
2758 5446 2941 5521 ἐστίν)’
2985 5447 3068 5503 ὅτι
3115 5452 3149 5518 ἡ
3210 5456 3282 5526 γῆ
3332 5452 3470 5505 κατά
3525 5451 3746 5528 φυσικὸν

2103 5537 2267 5612 λόγον
2327 5533 2605 5605 ἀκίνητος,
2639 5535 2752 5590 εἶτα
2801 5536 2864 5591 τὸ
2916 5533 3084 5614 ὕδωρ,
3119 5538 3231 5594 εἶτα
3287 5543 3384 5594 τοῦ
3433 5539 3594 5614 ἀέρος
3625 5539 3746 5595 ὅσον

2099 5624 2313 5686 τούτοις
2366 5628 2483 5685 τοῖς
2543 5624 2758 5696 σώμασι
2815 5626 3089 5700 συγγενές⁶
3146 5628 3236 5682 καὶ
3287 5627 3371 5683 ὅτι
3430 5628 3458 5682 ὁ
3519 5627 3747 5704 οὐρανὸς

2102 5714 2317 5791 σύμπας
2378 5710 2466 5769 διὰ
2522 5713 2621 5784 τὴν
2675 5716 2771 5769 τοῦ
2829 5713 3154 5798 εἰλικρινοῦς
3199 5717 3371 5798 πυρὸς
3410 5716 3751 5794 ἐπικράτειαν
