4024 6464
225 429 382 491 1221

1561 415 1904 483 ΕΡΙΤΟΜΕ
1947 408 2304 476 PHYSICA.

3472 419 3625 483 1222

219 561 414 636 κύκλῳ
464 563 688 641 φέρεται
742 562 1000 636 φυσικῶςι
1053 557 1165 614 εἶτα
1222 555 1291 612 δι’
1349 555 1505 612 αὐτὸν
1582 555 1647 609 τὰ
1718 550 1882 607 αὐτοῦ

2000 547 2204 604 coelum
2237 548 2575 604 universum
2607 553 2843 622 propter
2868 551 3023 623 ignis
3052 552 3262 608 sinceri
3321 556 3630 626 praedomi-

224 651 467 730 ἐχόμενα
499 650 744 724 σώματα.

298 832 380 900 ιζ’.
412 827 662 905 Καθάπερ
695 823 753 883 δὲ
796 830 866 902 τῇ
914 830 986 904 γῇ
1037 825 1100 881 :o‘
1153 819 1495 902 ὑπερϐάλλον
1549 821 1718 878 ἔνεστι
1767 826 1868 889 τῆς

228 927 424 995 μονῆς,
459 917 602 973 οὕτω
635 915 701 987 δὴ
731 921 811 990 τῷ
837 915 1046 991 οὐρανῷ
1091 921 1191 984 τῆς
1247 919 1416 992 φορᾶς
1471 913 1533 968 τὸ
1591 910 1865 984 ὀξύτατον.

223 1007 322 1064 Καὶ
369 1007 546 1069 καθὼς
593 1009 629 1075 ἡ
677 1012 746 1081 γῆ
791 1005 926 1060 κατᾶ
964 1003 1132 1059 τόπον
1187 1002 1464 1072 ἀκίνητος,
1496 999 1666 1060 οὕτως
1717 999 1745 1053 ὁ
1776 997 1867 1052 οὗ·

227 1097 388 1174 ρανὸς
419 1093 663 1156 ἅστατος.
697 1089 832 1150 06::
869 1094 972 1168 γὰρ
1001 1095 1036 1162 ἡ
1069 1095 1144 1167 γῆ
1181 1098 1282 1162 τῆς
1335 1087 1474 1152 ἰδίας
1535 1086 1870 1162 μετατίθεται

230 1184 456 1263 βάσεως,
491 1180 604 1238 οὔθ’
637 1184 664 1238 6
707 1182 931 1259 οὐρανὸς
973 1178 1214 1237 ἐνδίδωσι
1258 1179 1322 1234 τὸ
1363 1186 1466 1249 τῆς
1517 1178 1695 1254 ῥύμης
1738 1197 1868 1251 σφο-

227 1272 505 1352 δρότατον.
537 1276 642 1327 Τοῦ
666 1270 840 1330 τοίνυν
889 1270 1118 1346 ούρανοῦ
1146 1269 1236 1324 καὶ
1283 1271 1381 1338 τῆς
1419 1275 1522 1342 γῆς
1573 1267 1632 1321 ἐκ
1680 1265 1868 1338 διαμέ-

221 1384 355 1441 τρου
386 1359 746 1430 διεστηκότων
782 1360 918 1436 πρὸς
968 1357 1193 1430 ἄλληλα
1238 1359 1373 1414 κατὰ
1417 1357 1517 1426 τήν
1563 1359 1668 1410 τῶν
1729 1353 1871 1431 ἐνερ-

224 1455 388 1528 γειῶν
473 1449 822 1520 ἐναντίωσιν,
909 1451 945 1518 ἡ
1038 1446 1232 1522 μεταξὺ
1309 1446 1503 1518 κτίσις,
1593 1446 1731 1518 μήτε
1808 1444 1872 1498 τὸ

227 1540 537 1610 ὀξυκίνητον
588 1537 808 1615 ἔχουσα,
866 1539 976 1610 μήτ
1021 1535 1103 1591 ἀὖ
1157 1537 1222 1590 τὸ
1260 1535 1538 1606 ἀκίνητον,
1573 1532 1870 1607 μεσιτεύσει

225 1634 341 1691 τοῖς
399 1624 584 1704 ἄκροις
628 1625 698 1682 δι’
727 1627 942 1696 ἑαυτῆς.
978 1626 1076 1680 Καὶ
1135 1621 1287 1680 οὔπω
1338 1623 1551 1697 σύμπας
1585 1624 1612 1677 6
1666 1621 1871 1694 κόσμος

231 1715 667 1793 ἀλληλουχεῖται
698 1718 796 1785 τῆς
836 1716 929 1790 μὶν
983 1714 1229 1786 ἐξωτάτω
1275 1718 1571 1790 περιφορᾶς
1631 1711 1873 1765 ἐπιτετα-

235 1807 380 1880 μένῳ
420 1803 576 1882 τάχει
609 1805 930 1880 χρωμένης,
964 1802 1234 1881 ὑφειμένῳ
1283 1800 1340 1857 δὶ
1388 1806 1496 1857 τῶν
1547 1799 1697 1862 ἐντὸς
1739 1801 1875 1854 κατὰ

234 1895 398 1971 λόγον
446 1899 543 1950 τοῦ
584 1893 720 1970 πρὸς
769 1895 832 1948 τὸ
875 1893 1092 1968 κέντρον
1132 1891 1512 1964 πλησιασμοῦ’
1549 1895 1675 1962 μιᾶς
1729 1909 1874 1964 γινο-

239 1984 404 2058 μένης
481 1983 622 2055 ὁμοῦ
695 1984 982 2058 σφαιρικῆς
1056 1983 1430 2057 περιαγωγῆς,
1501 1979 1589 2033 καὶ
1657 1977 1872 2033 κύκλων

232 2071 481 2128 ἁπάντων
528 2076 636 2126 τῶν
688 2069 959 2148 έξωτέρων
1009 2091 1069 2124 τε
1117 2069 1206 2124 καὶ
1255 2067 1536 2143 μειζόνων,
1579 2071 1686 2122 τῶν
1734 2063 1878 2120 ἐνδο-

230 2163 372 2238 τέρω
427 2183 486 2216 τε
548 2161 638 2216 καὶ
710 2159 1012 2215 ἐλαττόνων
1083 2159 1218 2214 κατᾶ
1272 2158 1464 2213 ταυτὸν
1521 2157 1874 2211 ἀποκαθιστα-

237 2250 406 2324 μένων
466 2249 527 2306 ἐκ
581 2253 687 2305 τῶν
737 2249 910 2304 αὐτῶν
959 2248 1047 2304 ἐπὶ
1094 2248 1161 2302 τὰ
1205 2247 1338 2303 αὐτὰ
1387 2244 1476 2302 διὰ
1527 2253 1627 2316 τῆς
1684 2245 1879 2307 ἐνιαίας

232 2360 333 2416 περ
347 2341 624 2416 ιστροφῆς.

313 2519 403 2588 ιη’.
447 2523 657 2592 Σχῆμα
703 2513 762 2571 δὲ
806 2514 1058 2585 κέκτηται
1108 2516 1136 2569 6
1187 2514 1408 2591 οὐρανὸς
1457 2514 1754 2593 σφαιρικὸν,
1806 2512 1881 2574 ὡς

240 2604 772 2682 πολυχωρητότερόν
810 2625 870 2659 τε
897 2609 1003 2659 τῶν
1037 2601 1222 2659 ἄλλων
1275 2604 1577 2679 σχημάτων
1632 2608 1737 2657 τῶν
1785 2603 1881 2671 τὴν

243 2693 410 2762 αύτὴν
481 2693 720 2769 ἐχόντων
798 2693 1144 2770 περίμετρον,
1207 2692 1297 2747 καὶ
1355 2693 1428 2754 ὡς
1501 2692 1637 2767 πρὸς
1685 2692 1782 2760 τήν
1834 2691 1887 2745 ἐν

244 2785 418 2855 ἐαυτῷ
465 2783 674 2853 κίνησιν
721 2784 920 2845 παντὸς
970 2779 1377 2858 ἁρμοδιώτερον
1441 2783 1748 2856 σχήματος,
1795 2780 1884 2835 καὶ

247 2872 322 2934 ὡς
399 2875 612 2947 πρῶτον
668 2875 736 2944 τῇ
796 2870 970 2948 φύσει,
1027 2870 1309 2933 κάντεῦθεν
1352 2873 1420 2944 τῇ
1494 2874 1592 2924 τοῦ
1667 2870 1886 2944 πρώτου

245 2961 503 3033 σώματος
577 2959 734 3030 ούσίᾳ
809 2957 1182 3029 κατάλληλον.
1245 2963 1354 3013 Πᾶν
1424 2959 1524 3034 γὰρ
1603 2960 1795 3034 σχῆμα
1848 2957 1885 3027 ἢ

249 3047 626 3124 εύθύγραμμόν
705 3047 844 3103 ἐστιν
884 3048 919 3117 ἢ
976 3046 1496 3125 περιφερόγραμμον
1556 3048 1592 3116 ἢ
1676 3046 1884 3120 μικτόν.

247 3135 404 3192 Ἀλλ’
437 3132 564 3190 εἷ’τι
599 3136 691 3209 μὲν
725 3135 1107 3212 εὐθύγραμμον
1139 3136 1176 3204 ἢ
1233 3136 1442 3208 μικτὸν,
1478 3136 1580 3190 ὑπὸ
1620 3134 1885 3190 πλειόνων

249 3229 515 3299 γραμμῶν
621 3227 977 3302 περιέχεται·
1063 3224 1126 3278 τὸ
1213 3221 1270 3279 6‘s
1371 3223 1886 3301 περιφερόγραμμον

259 3284 441 3385 μόνον,
516 3314 618 3369 ὑπὸ
693 3284 820 3388 illa:
895 3321 1156 3390 γραμμῆς
1222 3320 1321 3383 τῆς
1397 3284 1752 3392 περίφερόῦςῙ
1787 3284 1886 3368 ”Εν
1921 3284 1963 3350 C

257 3400 458 3473 ἑκάστῳ
487 3398 544 3456 δὲ
573 3399 716 3476 γένει
763 3399 1024 3478 πρότερον
1070 3404 1139 3474 τῇ
1185 3399 1338 3478 φύσει
1380 3400 1442 3455 τὸ
1489 3398 1545 3454 ’ὲν
1595 3404 1700 3453 τῶν
1752 3397 1891 3454 πολ-

254 3487 363 3544 λῶν
429 3490 520 3545 καὶ
575 3491 638 3545 :6
696 3489 900 3545 ἁπλοῦν
961 3493 1056 3544 τοῦ
1113 3491 1384 3546 συνθέτου.
1436 3493 1656 3564 Πρῶτον
1710 3488 1889 3544 τοίνυν

249 3578 340 3632 καὶ
371 3577 579 3634 ἁπλοῦν
607 3582 716 3632 τῶν
749 3577 895 3633 ὅλων
941 3575 1208 3633 ἐπιπέδων
1268 3575 1568 3653 σχημάτων
1602 3579 1629 3632 6
1668 3577 1889 3641 κύκλος.

250 3664 408 3723 Ἀλλ’
457 3665 588 3742 ὅπερ
620 3668 648 3720 6
679 3665 883 3729 κύκλος
929 3665 980 3720 ἐν
1031 3663 1324 3732 ἐπιπέδοις,
1368 3668 1515 3720 τοῦτ’
1563 3665 1614 3721 ἐν
1658 3671 1891 3740 στερεοῖς

248 3757 286 3824 ἡ
338 3760 558 3831 σφαῖρα.
600 3754 750 3826 Μόνη
806 3755 910 3831 γὰρ
969 3755 1100 3825 αὕτη
1151 3759 1258 3810 τῶν
1308 3754 1451 3810 ὅλων
1507 3759 1734 3831 στερεῶν
1797 3761 1896 3828 μιᾷ

251 3842 533 3921 ἐπιφανείᾳ
605 3843 1009 3919 περιείληπται.
1072 3842 1220 3899 Ἐπεὶ
1294 3843 1469 3899 τοίνυν
1543 3845 1606 3899 τὸ
1676 3849 1891 3919 πρῶτον

251 3939 448 4008 σχῆμα
492 3937 572 4005 τῷ
639 3933 842 4006 πρώτῳ
900 3934 1114 4007 σώματι
1172 3933 1520 4007 οἰκειότατον,
1571 3938 1783 4009 πρῶτον
1839 3931 1896 3989 δὲ

251 4023 412 4092 σῶμα
441 4024 546 4074 τῶν
599 4020 701 4075 ὑπὸ
748 4023 846 4090 τήν
898 4021 1165 4097 ἡμετέραν
1215 4019 1459 4092 αἶ’σθησιν
1503 4022 1566 4076 τὸ
1623 4022 1894 4097 οὐράνιον·

251 4107 475 4170 εἷ’κότως
507 4109 534 4162 ὁ
575 4108 800 4182 οὐρανὸς
851 4109 1083 4186 ὑπάρχει
1137 4108 1505 4189 σφαιροειδής.
1541 4109 1605 4165 Ei’
1653 4108 1700 4165 6’
1741 4111 1897 4174 οὗτος

251 4194 622 4274 σφαιροειδής,
685 4195 855 4268 δῆλον
917 4198 997 4254 ὅτι
1052 4199 1142 4253 καὶ
1198 4205 1301 4254 πᾶν
1359 4197 1694 4278 σφαιροειδὲς
1763 4199 1896 4276 ὅπερ

249 4285 388 4340 ἐστὶν
421 4285 566 4359 αύτῷ
594 4286 831 4364 συνεχές.
888 4288 1119 4364 Ἀνάγκη
1160 4288 1262 4365 γὰρ
1314 4289 1377 4344 τὸ
1434 4285 1744 4365 πανταχόσε
1799 4297 1898 4360 τῆς

246 4373 446 4445 κοίλης
555 4375 859 4455 ἐπιφανείας
955 4377 1256 4450 ἀπτόμενον
1349 4382 1446 4432 τοῦ
1525 4375 1900 4456 σφαιροειδοῦς

251 4463 388 4519 εἶναι
419 4463 508 4519 καὶ
539 4464 670 4519 αὐτὸ
701 4463 1059 4542 σφαιροειδές.

329 4553 409 4616 ιθ’.
447 4552 612 4607 Ἑπτὰ
642 4550 700 4608 δὲ
729 4553 901 4609 οὐσῶν
933 4559 1039 4609 τῶν
1071 4555 1195 4630 περὶ
1243 4556 1310 4609 τὰ
1357 4556 1584 4628 σώματα
1640 4557 1896 4632 σχέσεων,

1984 637 2147 692 nium
2180 637 2238 692 in
2272 636 2556 693 circulum
2589 640 2805 695 moveri
2843 641 3226 711 naturaliter;
3276 643 3412 700 hinc
3460 663 3628 720 prop-

1985 731 2074 781 ter
2103 727 2298 799 ipsum
2332 727 2507 782 etiam
2536 731 2591 782 et
2621 729 2932 799 conjuncta
2970 747 3230 803 corpora.

2053 817 2144 869 17.
2178 817 2684 881 Quemadmodum
2720 824 2912 873 autem
2944 824 3131 891 terrae,
3163 824 3489 880 mansionis
3529 843 3628 882 ex-

1985 919 2222 970 cessus;
2256 905 2335 958 ita
2365 921 2504 959 sane
2546 907 2717 960 etiam
2753 907 2914 978 coelo,
2970 910 3248 966 motionis
3292 911 3494 969 localis
3539 915 3625 970 in-

1983 996 2074 1047 est
2105 1009 2338 1047 summa
2369 993 2651 1050 celeritas.
2686 995 2759 1050 Et
2789 996 2942 1051 sicut
2970 1001 3124 1053 terra
3166 1003 3489 1059 secundum
3541 1004 3624 1060 lo-

1982 1097 2114 1136 cum
2143 1081 2487 1149 immobilis,
2529 1082 2611 1137 ita
2650 1084 2860 1139 omium
2907 1087 3156 1143 statione
3200 1095 3377 1146 caret.
3424 1093 3622 1166 Neque

1979 1170 2136 1224 enim
2165 1175 2318 1225 terra
2347 1171 2417 1226 de
2456 1173 2689 1244 proprio
2749 1174 3127 1232 fundamento
3178 1182 3617 1252 transponitur;

1980 1275 2170 1330 neque
2202 1258 2410 1314 cmlum
2457 1261 2526 1314 de
2586 1261 2844 1333 impetus
2889 1265 3253 1323 vehementia
3295 1272 3618 1343 quidquam

1981 1348 2251 1404 remittit.
2283 1350 2426 1406 Cum
2459 1349 2639 1420 igitur
2668 1352 2879 1407 coelum
2923 1360 2980 1409 et
3026 1360 3182 1412 terra
3219 1375 3288 1413 ex
3339 1360 3620 1419 diametro

1981 1454 2015 1492 a
2046 1453 2106 1492 se
2132 1436 2376 1492 invicem
2409 1440 2733 1494 secundum
2791 1443 3195 1513 operationum
3243 1450 3621 1506 contrarieta-

1980 1529 2099 1581 tem
2125 1525 2481 1592 dissideant;
2515 1527 2860 1584 intermedia
2912 1537 3200 1601 creatura,
3253 1553 3378 1608 quae
3431 1555 3620 1610 neque

1983 1631 2277 1670 summam
2297 1614 2676 1687 celeritatem,
2701 1634 2886 1690 neque
2907 1621 3496 1697 contra[simplicem]
3511 1629 3620 1684 im-

1984 1703 2365 1760 mobilitatem
2391 1704 2613 1761 obtinet
2634 1722 2736 1778 per
2766 1708 2912 1765 287
2950 1710 3209 1783 seipsum
3246 1714 3397 1771 inter
3435 1722 3620 1775 extre-

1984 1810 2080 1848 ma
2109 1793 2418 1849 intervenit
2446 1812 2458 1849 :
2493 1798 2666 1866 atque
2697 1796 2776 1852 ita
2797 1799 3105 1857 universus
3134 1805 3393 1860 mundus
3416 1807 3471 1861 in
3496 1823 3624 1863 sese

1985 1881 2378 1953 continuatur,
2411 1884 2550 1938 dum
2583 1885 2798 1940 extima
2829 1887 3064 1958 quidem
3090 1894 3385 1950 conversio
3426 1895 3625 1951 celeri—

1987 1975 2103 2026 tate
2135 1971 2356 2027 intenta
2382 1973 2585 2042 utitur,
2619 1977 2776 2030 tanto
2806 1978 3141 2035 remissiore
3169 1987 3364 2038 autem
3388 1985 3624 2041 interio-

1987 2077 2078 2115 res
2110 2065 2328 2131 quanto
2356 2061 2542 2134 magis
2574 2063 2645 2117 ad
2704 2069 2967 2120 centrum
3019 2071 3510 2146 appropinquant,
3563 2080 3626 2131 ut

1990 2163 2142 2202 unus
2164 2146 2341 2202 simul
2371 2147 2474 2203 ﬁat
2503 2149 2822 2220 sphaericus
2853 2153 3264 2220 circumactus.
3307 2177 3627 2235 omnesque

1989 2235 2190 2290 circuli
2212 2240 2338 2291 tum
2362 2237 2669 2294 exteriores
2691 2245 2748 2296 et
2779 2243 3054 2313 majores,
3078 2250 3204 2302 tum
3226 2249 3530 2307 interiores
3573 2258 3629 2309 et

1992 2325 2246 2381 minores
2279 2342 2345 2381 ex
2377 2327 2598 2382 eisdem
2629 2329 2700 2384 ad
2732 2332 2934 2387 eadem
2967 2333 3146 2389 simul
3185 2344 3546 2396 revertantur
3573 2347 3630 2398 et

1991 2415 2392 2482 restituantur,
2425 2416 2911 2476 circumversione
2941 2423 3111 2479 unica
3141 2429 3197 2480 et
3218 2426 3520 2500 singulari.

2066 2505 2150 2557 18.
2184 2504 2360 2592 Porro
2389 2506 2433 2538 ⁵⁸
2463 2504 2674 2562 caelum
2725 2508 2972 2580 ﬁguram
3023 2514 3247 2572 obtinet
3294 2520 3626 2592 rotundam,

1995 2595 2058 2645 ut
2089 2608 2213 2662 quae
2244 2591 2373 2646 aliis
2404 2593 2607 2664 ﬁguris
2638 2596 2906 2652 eumdem
2941 2600 3228 2656 ambitum
3278 2591 3630 2662 habentibus

1995 2681 2070 2735 sit
2101 2681 2387 2751 capacior,
2421 2688 2476 2736 et
2507 2683 2577 2736 ad
2611 2692 2831 2739 motum
2864 2687 3120 2744 universi
3145 2689 3205 2745 in
3246 2693 3439 2764 seipso
3488 2713 3630 2752 con-

1995 2769 2315 2840 gruentior,
2347 2774 2404 2826 et
2435 2776 2644 2827 natura
2676 2773 2854 2845 prior,
2884 2780 2940 2830 et
2970 2777 3104 2833 hinc
3152 2779 3324 2850 primi
3373 2785 3629 2856 corporis

1997 2859 2260 2913 essentiae
2283 2860 2860 2918 conveniens.0mnis
2873 2865 3027 2920 enim
3046 2868 3231 2939 ﬁgura
3243 2875 3344 2924 aut
3359 2877 3447 2927 est
3469 2875 3632 2930 recti-

1998 2947 2171 3015 linea,
2187 2948 2708 3004 autcircumductaa
2730 2950 2914 3021 linem,
2939 2960 3040 3009 aut
3060 2955 3480 3016 mista.Verum
3504 2979 3630 3034 quae

1999 3036 2295 3092 rectilinea
2317 3043 2416 3092 aut
2439 3038 2612 3094 mista
2628 3043 2736 3108 est,
2753 3041 3064 3111 apluribus
3089 3043 3256 3101 lineis
3279 3049 3628 3106 continetur.

1999 3126 2133 3190 Quae
2156 3131 2350 3181 autem
2374 3127 2656 3182 duntaxat
2678 3134 2768 3184 est
2784 3130 3189 3188 circumductis
3214 3134 3400 3203 lineae,
3423 3139 3496 3194 ab
3517 3157 3634 3197 una

1998 3214 2153 3270 linea
2168 3215 2678 3272 circumferentiali
2703 3220 3260 3296 [comprehenditur]
3283 3224 3343 3280 in
3375 3228 3635 3300 quolibet

1999 3307 2194 3358 autem
2222 3319 2430 3374 genere
2455 3321 2635 3360 unum
2651 3306 2854 3362 multis
2876 3310 3192 3382 etsimplex
3205 3316 3524 3386 composito
3538 3334 3635 3373 na-

1999 3397 2132 3447 tura
2159 3393 2320 3463 prius
2351 3397 2456 3448 est.
2488 3393 2683 3449 Prima
2711 3395 2891 3466 igitur
2918 3403 2975 3453 et
2991 3399 3238 3472 simplex
3261 3403 3411 3459 inter
3432 3422 3634 3464 omnes

2001 3481 2220 3553 ﬁguras
2251 3481 2454 3552 planas
2486 3486 2574 3537 est
2604 3484 2876 3540 circulus.
2913 3487 3022 3542 Sed
3054 3491 3208 3559 quod
3250 3491 3504 3550 circulus
3548 3502 3638 3552 est

2002 3569 2062 3624 in
2103 3569 2314 3641 planis,
2360 3570 2468 3626 hoc
2515 3571 2575 3625 in
2621 3572 2826 3628 solidis
2868 3575 3095 3647 sphaera
3142 3584 3248 3634 est.
3295 3581 3428 3638 Sola
3476 3585 3632 3643 enim

2003 3657 2120 3712 haec
2151 3658 2302 3713 inter
2330 3675 2532 3714 omnes
2564 3660 2782 3732 ﬁguras
2813 3662 3031 3720 solidas
3063 3667 3214 3722 268
3264 3686 3382 3726 una
3428 3689 3640 3746 super-

2003 3747 2130 3802 ﬁcie
2158 3747 2578 3818 comprehensa
2593 3754 2698 3804 est.
2724 3751 3007 3814 Quoniam
3030 3754 3208 3826 igitur
3227 3759 3417 3829 prima
3449 3761 3636 3835 ﬁgura

2003 3836 2191 3908 primo
2239 3837 2462 3908 corpori
2508 3840 3078 3910 convenientissima,
3131 3846 3387 3912 primum
3441 3856 3636 3908 autem

2005 3941 2216 3996 corpus
2246 3942 2445 3980 eorum
2478 3943 2604 3997 qua:
2635 3927 2744 3982 sub
2793 3934 3057 3985 nostrum
3111 3950 3350 3991 sensum
3399 3941 3635 4012 cadunt,

2004 4014 2236 4070 caeleste
2265 4019 2391 4082 est;
2435 4014 2646 4070 coelum
2705 4019 2911 4074 merito
2953 4021 3339 4080 orbiculatum
3390 4029 3637 4088 exsistit.

2005 4104 2166 4170 Quod
2198 4104 2247 4159 si
2276 4104 2384 4159 hoc
2415 4104 2804 4161 orbiculatum
2837 4113 2944 4176 est,
2975 4114 3202 4167 constat
3231 4115 3408 4171 etiam
3467 4134 3642 4177 omne

2003 4192 2117 4264 ipsi
2165 4193 2509 4248 continuum
2540 4195 2925 4252 orbiculatum
2985 4215 3130 4256 esse.
3165 4201 3226 4256 Id
3275 4205 3430 4260 enim
3483 4210 3638 4278 quod

2006 4299 2319 4338 concavam
2377 4284 2741 4354 superficiem
2791 4286 3048 4343 orbioam
3115 4291 3494 4366 undiquaque
3558 4301 3646 4353 at-

2006 4372 2200 4444 tingit,
2249 4372 2442 4444 ipsum
2493 4389 2722 4444 quoque
2775 4375 3162 4433 orbiculatum
3213 4397 3341 4436 esse
3411 4400 3648 4442 necesse

2007 4466 2114 4517 est.

2081 4552 2165 4606 19.
2199 4550 2481 4606 Craterum
2513 4566 2646 4604 cum
2677 4556 2902 4622 septem
2936 4553 3057 4610 sint
3085 4556 3238 4612 circa
3267 4574 3508 4632 corpora
3555 4561 3647 4618 af-

253 4637 371 4715 ἔχει
442 4640 637 4704 ταύτας
714 4641 804 4697 καί
858 4645 887 4698 ὁ
945 4642 1192 4720 οὐρανὸς,
1249 4643 1467 4720 ἐπείπερ
1541 4644 1700 4718 σῶμά
1770 4645 1877 4701 ἐστι

2012 4642 2308 4706 fectiones,
2339 4639 2446 4694 has
2478 4639 2651 4693 etiam
2686 4641 2894 4696 coelum
2927 4641 3120 4709 habet,
3166 4648 3642 4720 quandoquidem

251 4734 359 4784 πᾶν
401 4729 502 4807 γὰρ
551 4735 712 4804 σῶμα
749 4736 896 4808 τρεῖς
947 4731 1062 4808 ἔχει
1106 4729 1428 4802 διαστάσεις,
1466 4739 1659 4807 μῆκος,
1691 4733 1900 4798 πλάτος

252 4818 344 4872 καὶ
396 4818 581 4894 βάθος.
614 4820 720 4874 Δύο
751 4816 798 4874 δ’
829 4818 941 4875 ἔστι
990 4821 1181 4876 πέιατα
1225 4822 1340 4876 καθ’
1391 4821 1616 4891 ἑκάστην
1679 4820 1896 4879 διάστα-

255 4927 360 4960 σιν.
416 4910 578 4962 Ὥστε
631 4914 778 4985 τρεῖς
864 4909 1104 4986 συζυγίαι
1176 4907 1422 4988 διάφοροι
1477 4911 1736 4985 γίνονται.
1795 4917 1898 4967 Τοῦ

259 4996 352 5068 μὲν
387 4993 478 5051 οὖν
515 4999 726 5072 μήκους
754 4997 961 5075 πέρατα
1009 5000 1071 5053 τὸ
1128 4996 1238 5053 ἄνω
1288 4999 1377 5054 καὶ
1423 5001 1487 5054 :6
1516 5001 1681 5055 κάτω·
1714 5006 1810 5055 τοῦ
1843 4999 1900 5056 δὲ

250 5083 495 5148 πλάτους
554 5087 617 5141 :6
676 5084 844 5158 δεξιὸν
903 5086 992 5142 καὶ
1021 5088 1085 5142 τὸ
1115 5087 1415 5164 ἀριστερόν.
1450 5092 1554 5142 Τοῦ
1586 5086 1643 5143 δὲ
1704 5089 1898 5165 βάθους

247 5173 314 5228 τὸ
345 5168 645 5250 ἔμπροσθεν
695 5176 785 5230 καὶ
835 5176 896 5231 :6
927 5171 1163 5232 ὄπισθεν.
1196 5178 1258 5230 Ἣ
1317 5175 1549 5248 μεσότης
1607 5175 1664 5232 δὲ
1713 5184 1897 5234 πασῶν

249 5264 394 5334 ὁμοῦ
441 5267 549 5318 τῶν
614 5261 940 5320 διαστάσεων
987 5267 1101 5321 καθ’
1151 5265 1203 5320 ἓν
1257 5271 1483 5338 σημεῖον
1559 5287 1898 5340 συμπιπτου-

251 5355 379 5421 σῶν,
409 5352 471 5406 τὸ
504 5353 664 5424 μέσον
715 5354 946 5429 ὑπάρχει
994 5359 1091 5408 τοῦ
1141 5355 1412 5426 σώματος.
1449 5353 1609 5410 Ἀλλ’
1658 5355 1744 5408 ἐπὶ
1806 5355 1901 5428 μὲν

246 5443 356 5493 τῶν
391 5439 488 5495 οὐκ
536 5440 958 5520 ἐσφαιρωμένων
1012 5443 1280 5517 σωμάτων
1333 5439 1625 5498 διίστανται
1684 5444 1897 5500 ἀπ’ἀλ-

253 5526 448 5599 λήλων
480 5530 544 5585 :6
570 5531 718 5586 κάτω
765 5531 856 5587 καὶ
884 5532 947 5588 τὸ
1009 5533 1190 5607 μέσον
1243 5531 1331 5587 ἐπὶ
1363 5529 1421 5588 δὲ
1447 5536 1555 5588 τῶν
1600 5538 1896 5612 σφαιρικῶν

328 5745 376 5782 ³³
405 5760 447 5802 ιι
474 5748 553 5803 De
579 5743 724 5805 ccelo
752 5762 804 5806 c.
837 5747 891 5820 4.

2009 4747 2220 4802 corpus
2251 4733 2354 4784 est.
2390 4728 2573 4783 Omne
2621 4730 2778 4784 enim
2827 4747 3035 4801 corpus
3084 4738 3200 4790 tres
3247 4735 3645 4795 dimensiones

2010 4821 2202 4889 habet,
2226 4817 2672 4889 longitudinem,
2696 4817 3064 4877 latitudinem
3084 4829 3134 4878 et
3161 4826 3644 4896 profunditatem.

2009 4909 2134 4964 Duo
2167 4912 2359 4962 autem
2418 4908 2704 4979 cujusque
2762 4909 3143 4966 dimensionis
3203 4915 3434 4970 termini
3486 4923 3642 4972 sunt.

2010 4998 2195 5061 Quare
2224 5001 2343 5052 tres
2364 4997 2694 5052 dilferentes
2710 4998 3150 5068 conjugationes
3174 5001 3339 5058 fiunt.
3372 5005 3650 5077 Longitu-

2011 5087 2166 5141 dinis
2193 5086 2355 5155 proin
2384 5085 2618 5140 termini
2643 5090 2780 5139 sunt
2810 5103 2989 5158 supra
3009 5097 3066 5143 et
3088 5089 3240 5146 infra
3266 5109 3279 5160 ;
3317 5091 3651 5150 latitudinis

2011 5179 2226 5242 autem,
2262 5175 2525 5229 dextrum
2559 5177 2614 5228 et
2646 5173 2972 5242 sinistrum,
3021 5179 3436 5248 profunditatis
3483 5183 3647 5239 deni-

2011 5281 2143 5336 que,
2178 5267 2312 5318 ante
2342 5268 2398 5317 et
2427 5278 2594 5332 pone.
2629 5262 2906 5318 Medietas
2936 5271 3129 5321 autem
3163 5270 3427 5324 omnium
3467 5270 3646 5327 simul

2011 5351 2442 5408 dimensionum
2475 5350 2533 5404 in
2581 5366 2699 5405 uno
2746 5358 2960 5422 puncto
3005 5357 3483 5424 coincidentium,
3526 5377 3647 5416 me-

2011 5442 2174 5497 dium
2204 5438 2429 5494 exsistit
2461 5439 2740 5509 corporis.
2774 5440 2881 5495 Sed
2915 5442 2972 5497 in
3021 5446 3360 5516 corporibus
3407 5449 3649 5520 quidem

2010 5529 2260 5586 rotunda
2296 5529 2485 5600 ﬁgura
2513 5544 2626 5584 non
2677 5529 2932 5602 praeditis
2983 5532 3256 5592 distante
3286 5553 3347 5594 se
3393 5536 3644 5599 invicem
