4024 6446
417 379 575 438 1223

1657 374 2077 438 NICEPHORI
2121 371 2557 436 BLEMMIDAZ

3665 368 3827 442 1294

415 526 595 581 supra
622 513 680 564 et
709 506 1003 562 medium:
1037 502 1098 561 in
1130 506 1397 561 rotundis
1427 511 1622 562 autem
1655 505 1878 562 nullam
1917 522 2038 561 om-

2160 503 2416 578 οὐδεμίαν
2468 502 2724 577 οὐδαμῶς
2778 505 2869 560 ἀπ’
2925 503 3190 576 ἀλλήλων
3239 502 3516 565 διάστασιν
3569 501 3822 580 ἔχουσιν.

414 599 552 655 nino
579 615 612 652 a
641 615 700 652 se
730 595 973 652 invicem
1006 595 1224 650 habent
1266 595 1627 650 distantiam.
1669 596 1913 652 Necesse
1960 601 2050 651 est

412 687 566 744 enim
599 691 718 740 uta
739 685 1046 755 superﬁcie
1078 684 1227 740 269
1260 686 1332 739 ad
1365 701 1536 739 suum
1569 684 1829 740 medium
1858 684 2047 757 sphae-

413 776 530 831 rica
555 773 869 829 inclinent:
905 778 961 828 et
997 773 1135 827 dum
1188 773 1268 827 ita
1316 789 1417 843 per
1473 789 1534 828 se
1581 773 2046 842 considerantur,

412 864 512 920 illa
570 863 820 918 habeant
869 862 1144 917 deorsum
1193 863 1265 916 ad
1316 878 1443 934 quae
1503 861 1931 917 inclinaverint.
1983 863 2046 916 In

412 953 630 1008 mundo
654 951 832 1024 igitur
853 952 896 985 2⁷
911 951 1220 1005 rotundam
1244 950 1491 1022 ﬁguram
1516 951 1784 1017 habente,
1809 967 2045 1006 sursum

411 1042 644 1114 quidem
678 1040 905 1096 exsistit
933 1040 1087 1111 quod
1129 1041 1199 1094 ab
1259 1040 1418 1094 omni
1479 1041 1671 1095 medio
1729 1041 1800 1096 ad
1855 1041 2043 1112 ipsam

410 1131 648 1204 sphaerae
675 1133 940 1201 penetrat
973 1128 1340 1200 superﬁciem
1365 1145 1377 1182 :
1413 1129 1687 1185 deorsum
1718 1134 1912 1184 autem
1935 1134 2042 1199 est,

409 1217 690 1286 medium,
722 1217 864 1272 dum
904 1216 1239 1272 affectiones
1291 1217 1417 1272 duae
1457 1217 1517 1272 in
1568 1218 1787 1272 mundo
1831 1217 2044 1273 coinci-

312 1363 322 1370 ,
409 1309 574 1374 dunt,
606 1312 664 1362 et
693 1305 953 1361 medium
983 1322 1050 1360 ac
1079 1305 1354 1361 deorsum
1379 1322 1561 1360 unum
1586 1305 1860 1377 idemque
1882 1310 2041 1361 sunt.

406 1395 737 1452 Anteriores
770 1398 965 1450 autem
1002 1398 1197 1466 partes
1239 1393 1368 1449 ccsli
1419 1399 1610 1460 erunt,
1659 1411 1786 1466 quae
1834 1395 1904 1449 ad
1954 1411 2044 1450 oc-

409 1502 581 1541 casus
613 1487 768 1540 sunt.
802 1483 1026 1539 Etenim
1057 1483 1217 1538 velut
1244 1483 1315 1538 ad
1365 1499 1638 1538 occasum
1691 1483 1892 1538 cietur.
1943 1484 2046 1539 Po-

408 1573 702 1638 steriores,
737 1588 864 1644 quis
895 1572 966 1627 ad
999 1576 1183 1628 ortus.
1215 1571 1359 1626 Hinc
1390 1571 1546 1627 enim
1603 1571 1675 1627 ad
1725 1571 2043 1628 anteriores

407 1661 684 1734 procedit.
743 1659 907 1716 Unde
961 1661 1174 1716 dextras
1223 1659 1460 1732 quidem
1519 1659 1699 1725 illius,
1771 1677 1900 1731 quae
1969 1661 2042 1716 ad

406 1751 879 1822 septentrionem,
934 1749 1034 1806 sed
1094 1765 1225 1820 quae
1280 1750 1351 1804 ad
1413 1749 1740 1816 meridiem,
1793 1749 2042 1805 sinistrae

405 1845 562 1896 sunt.

473 1931 564 1984 20.
609 1928 890 1984 Caeterum
936 1927 1326 1999 Peripateticae
1373 1931 1541 1983 secta
1591 1926 1768 1983 dediti
1825 1927 2038 1984 coelum

405 2034 539 2074 cum
568 2018 838 2072 universo
866 2016 1084 2071 mundo
1131 2016 1457 2088 ingenitum
1501 2021 1558 2071 et
1602 2016 2040 2088 incorruptibile

404 2110 690 2172 statuunt,
721 2112 779 2162 et
806 2106 1018 2178 dogma
1065 2105 1221 2160 hunc
1266 2105 1324 2160 in
1376 2105 1617 2160 modum
1667 2108 2037 2163 conﬁrmant.

405 2195 464 2252 Si
494 2194 700 2251 caelum
727 2198 920 2250 ortum
941 2198 1050 2261 est,
1083 2200 1207 2248 erat
1235 2193 1470 2264 quando
1494 2209 1608 2248 non
1643 2205 1783 2248 erat.
1825 2195 1934 2248 Sed
1969 2212 2039 2250 ne

405 2285 640 2356 quidem
672 2282 922 2355 cogitare
942 2287 1173 2353 tempus
1205 2282 1426 2353 absque
1458 2282 1598 2338 coelo
1632 2287 1722 2338 est
1743 2284 2034 2353 possibile.

403 2374 549 2428 Nam
582 2379 815 2444 tempus
846 2376 934 2427 est
964 2371 1020 2425 id
1052 2372 1208 2442 quod
1233 2372 1289 2425 in
1314 2376 1476 2426 motu
1500 2371 1717 2428 ccslesti
1743 2375 2037 2428 numerari

402 2467 612 2536 potest.
649 2464 834 2528 Quare
892 2461 934 2494 ²⁸
991 2461 1199 2515 dicere.
1260 2461 1392 2514 Erat
1449 2462 1684 2532 quando
1746 2478 1857 2516 non
1917 2468 2040 2518 erat

403 2551 635 2620 coelum,
668 2550 822 2605 idem
855 2553 944 2604 est
969 2565 1036 2603 ac
1069 2548 1398 2604 sidicatur:
1432 2550 1568 2604 Erat
1595 2553 1830 2621 tempus
1853 2568 2038 2623 quan-

403 2640 475 2694 do
508 2655 621 2695 non
651 2643 776 2695 erat
803 2643 1058 2708 tempus.
1099 2637 1244 2692 Nam
1293 2636 1356 2690 τὸ
1404 2643 1530 2692 erat
1574 2638 1854 2711 temporis
1903 2657 2038 2711 pars

402 2733 492 2784 est
530 2729 840 2800 praeterita.
900 2727 956 2781 Si
1016 2726 1195 2798 igitur
1249 2743 1550 2798 nunquam
1602 2731 1835 2799 tempus
1891 2734 2034 2801 erat,

405 2819 640 2889 quando
698 2815 907 2872 coelum
959 2816 1114 2872 270
1161 2833 1275 2872 non
1329 2821 1472 2886 erat,
1549 2820 1781 2888 tempus
1841 2821 2038 2873 autem

402 2911 682 2962 aeternum
730 2909 818 2960 est
867 2904 1051 2976 (omni
1098 2906 1253 2959 enim
1311 2905 1697 2976 quodcunque
1744 2911 2034 2976 sumatur,

398 2995 462 3049 τὸ
492 3000 616 3052 erat
643 2993 994 3065 antecedit):
1027 2992 1238 3048 caelum
1270 3009 1387 3049 non
1418 2998 1613 3048 ortum
1654 3010 1781 3049 esse
1833 2995 2035 3066 liquet.

403 3085 565 3151 Quod
595 3084 646 3140 si
676 3088 765 3140 est
793 3083 1143 3155 ingenitum,
1178 3083 1434 3154 profecto
1464 3084 1639 3138 etiam
1688 3083 2036 3156 incorrupti-

398 3173 550 3229 bile:
585 3178 642 3228 et
697 3172 837 3243 quia
894 3173 966 3227 ad
1013 3171 1341 3243 ingenitum
1397 3187 1762 3242 consequens
1809 3177 1899 3228 est
1945 3174 2034 3228 in-

2073 1873 2121 1938 B

2158 594 2397 668 Ἀνάγκη
2453 595 2554 668 γὰρ
2612 594 2781 648 νεύειν
2845 594 2949 647 ἀπὸ
2993 601 3094 662 τῆς
3128 593 3438 670 ἐπιφανείας
3470 593 3566 649 ἐπὶ
3599 595 3670 649 τὸ
3702 594 3822 652 Ecu-

2154 687 2261 736 τῶν
2327 684 2484 755 μέσον
2542 684 2609 737 τὰ
2664 683 2939 760 σφαιρικὰ,
2970 683 3059 737 καὶ
3118 681 3260 738 οὕτω
3306 685 3428 747 καθ’
3475 682 3624 738 αὐτὰ
3686 684 3823 737 θεω-

2157 772 2394 846 ρούμενα
2441 774 2590 828 ταῦτ’
2645 771 2788 848 ἔχειν
2849 775 2996 828 κάτω
3053 773 3189 846 πρὸς
3248 773 3282 827 ἃ
3331 773 3679 828 νενεύκασιν.
3745 778 3825 827 Ἐν

2153 865 2233 933 τῷ
2287 861 2480 935 κόσμῳ
2547 866 2835 938 τοιγαροῦν
2889 862 2952 918 τὸ
3010 869 3206 938 σχῆμα
3266 859 3451 938 ἔχοντι
3525 860 3822 940 σφαιρικὸν

2156 949 2266 1005 ἅνω
2327 951 2420 1022 μὲν
2478 951 2708 1028 ὑπάρχει
2739 952 2802 1006 τὸ
2832 952 2937 1007 ἀπὸ
2986 952 3186 1014 παντὸς
3242 957 3340 1007 τοῦ
3395 951 3568 1024 μέσου
3626 949 3822 1019 διῆκον

2155 1037 2235 1093 ἐπ’
2263 1038 2428 1107 αὐτὴν
2459 1043 2558 1108 τῆς
2612 1039 2835 1118 σφαίρας
2889 1041 2988 1110 τὴν
3047 1039 3373 1120 ἐπιφάνειαν.
3408 1042 3582 1100 Κάτω
3643 1037 3711 1096 δὲ
3768 1042 3828 1096 τὸ

2157 1127 2340 1200 μέσον,
2371 1133 2480 1185 τῶν
2516 1127 2611 1184 δύο
2643 1130 2879 1205 σχέσεων
2932 1128 3017 1186 ἐπὶ
3058 1134 3155 1184 τοῦ
3202 1129 3412 1203 κόσμου
3458 1150 3824 1202 συμπιπτουο

2154 1221 2284 1287 σῶν,
2317 1219 2405 1273 καὶ
2455 1223 2554 1273 τοῦ
2609 1217 2775 1276 αὐτοῦ
2828 1219 2917 1274 καὶ
2978 1217 3090 1281 ὲνὸς
3148 1213 3302 1281 ὄντος
3361 1218 3452 1274 καὶ
3511 1219 3678 1274 κάτω
3737 1219 3827 1274 καὶ

2157 1304 2341 1377 μέσου.
2425 1307 2760 1382 Ἐμπρόσθια
2841 1304 2900 1362 δὲ
2989 1307 3126 1382 μὲρη
3211 1311 3311 1364 τοῦ
3411 1307 3666 1384 οὐρανοῦ
3763 1308 3828 1362 τὰ

2151 1393 2286 1468 πρὸς
2361 1391 2589 1467 δυσμαῖς
2667 1391 2876 1452 ἔσονται
2913 1418 2926 1430 ·
2997 1396 3086 1451 καὶ
3159 1397 3262 1473 γὰρ
3334 1397 3409 1458 ὡς
3485 1395 3585 1452 ἐπὶ
3671 1393 3824 1453 δύσιν

2151 1483 2316 1558 ὁρμᾷ·
2380 1483 2599 1548 ὀπίσθια
2653 1481 2711 1541 δὲ
2779 1487 2848 1540 τὰ
2921 1486 3055 1562 πρὸς
3147 1484 3463 1558 ἀνατολαῖς,
3523 1483 3634 1543 Καῖ
3725 1486 3824 1562 γὰρ

2152 1569 2389 1636 ἐντεῦθεν
2444 1573 2687 1650 πρόεισιν
2751 1572 2839 1630 ἐπὶ
2908 1573 2975 1628 τὰ
3049 1568 3368 1650 ἔμπροσθεν.
3423 1575 3586 1634 Ὅθεν
3679 1571 3828 1645 δεξιὰ

2156 1660 2250 1731 μὲν
2308 1659 2471 1716 αὐτοῦ
2527 1662 2594 1716 τὰ
2644 1661 2779 1738 πρὸς
2835 1659 3035 1738 ἄρκτῳ*
3081 1662 3150 1718 τὰ
3177 1659 3234 1720 δὲ
3289 1661 3428 1740 πρός
3481 1658 3825 1738 μεσημϐρίᾳ

2153 1748 2423 1822 εὐώνυμα.

2221 1929 2285 1983 κ’.
2319 1929 2714 2003 Δογματίζουσι
2746 1925 2804 1984 δὲ
2831 1929 2921 1983 τὸν
2953 1929 3179 2006 οὐρανὸν
3229 1931 3284 1986 οἱ
3339 1937 3440 2000 τῆς
3497 1950 3821 2006 περιπατη-

2147 2023 2303 2085 τικῆς
2363 2018 2621 2092 αἱρέσεως
2676 2017 2962 2093 ἀγέννητόν
3019 2039 3080 2074 τε
3134 2020 3223 2075 καὶ
3251 2017 3523 2097 ἄφθαρτον
3591 2019 3693 2076 σὺν
3747 2026 3825 2093 τῷ

2147 2104 2341 2177 κόσμῳ
2395 2106 2571 2160 παντί·
2633 2107 2722 2162 καὶ
2778 2107 2841 2162 τὸ
2903 2105 3082 2184 δόγμα
3138 2109 3591 2185 τοιουτοτρόπως
3649 2131 3818 2168 κατα-

2148 2194 2510 2263 σκωάζουσιν·
2566 2195 2629 2251 Εἰ
2673 2194 2892 2271 γέγονεν
2941 2199 2968 2251 6
3013 2196 3262 2270 οὐρανὸς,
3300 2200 3366 2266 ἦν
3413 2197 3504 2254 ὅτε
3568 2198 3679 2256 οὐκ

2147 2281 2322 2338 Ἀλλᾶ
2364 2284 2560 2358 χρόνον
2611 2281 2725 2338 οὐδ’
2755 2285 3037 2354 ἐπινοῆσαι
3090 2283 3307 2341 δυνατὸν
3368 2283 3492 2342 ἄνευ
3546 2287 3813 2364 οὐρανοῦ.

2147 2373 2243 2427 Καὶ
2274 2372 2377 2447 γὰρ
2409 2375 2436 2426 ὁ
2467 2373 2664 2447 χρόνος
2696 2373 2994 2448 ἀριθμητόν
3041 2375 3149 2430 ἐστι
3180 2383 3278 2445 τῆς
3341 2377 3606 2452 οὐρανίου
3648 2382 3804 2446 κινή-

2147 2483 2303 2522 σεως.
2337 2465 2495 2516 Ὥστε
2544 2463 2604 2516 τὸ
2663 2462 2863 2537 λέγειν,
2896 2466 2992 2519 Ἦν
3045 2463 3135 2522 ὅτε
3191 2463 3292 2523 οὐκ
3335 2465 3402 2534 ἦν
3453 2467 3483 2519 6
3545 2465 3802 2542 οὐρανὸς.

2143 2550 2336 2605 ταυτόν
2392 2549 2501 2605 ἐστι
2531 2555 2630 2623 τῷ,
2661 2555 2760 2607 Ἦν
2802 2552 3001 2628 χρόνος
3057 2553 3147 2610 ὅτε
3195 2554 3396 2629 χρόνος
3446 2555 3556 2610 οὐκ
3604 2557 3700 2625 ἦν.
3743 2559 3806 2612 Τὸ

2144 2639 2265 2715 γὰρ,
2298 2640 2395 2694 Ἦν
2445 2635 2661 2714 χρόνος,
2719 2642 2880 2714 μέρος
2924 2641 3034 2697 ἐστὶ
3081 2642 3144 2698 τὸ
3174 2643 3542 2718 παρῳχηκός.
3581 2644 3646 2700 Εἰ
3697 2646 3802 2701 τοί·

2145 2750 2236 2781 νυν
2288 2725 2544 2783 οὐδέποτε
2593 2727 2790 2804 χρόνος
2820 2730 2910 2802 ἦν,
2941 2728 3020 2784 ὅτ’
3049 2730 3148 2786 οὐκ
3191 2731 3259 2800 ἦν
3304 2732 3334 2784 6
3391 2731 3658 2809 οὐρανός·
3692 2735 3723 2790 6
3747 2732 3804 2790 δὲ

2146 2817 2346 2893 χρόνος
2395 2814 2570 2878 ἀίδιος
2599 2819 2820 2891 (παντὸς
2869 2819 2972 2894 γὰρ
3020 2824 3117 2874 τοῦ
3176 2814 3616 2894 λαμϐανομένου
3671 2845 3797 2900 πρθο

2145 2911 2360 2980 ηγεῖται
2399 2906 2462 2960 τὸ
2510 2907 2618 2979 iv)“
2653 2903 2822 2976 δῆλον
2872 2907 2946 2969 ὡς
2997 2907 3262 2983 ἀγένητος
3292 2911 3321 2964 ὁ
3369 2909 3638 2986 οὐρανός.
3671 2909 3789 2968 Εἶέ

2148 2995 2424 3070 ἀγένητος,
2456 2996 2673 3057 πάντως
2721 2997 2810 3050 καὶ
2863 2992 3154 3075 ἄφθαρτος
3202 2996 3282 3053 ὅτι
3343 3019 3402 3054 τε
3459 3001 3778 3056 συνακολου-

2147 3089 2228 3147 θεῖ
2256 3083 2505 3158 ἀγενήτῳ
2533 3083 2596 3138 τὸ
2644 3080 2930 3160 ἄφθαρτον,
2962 3086 3052 3140 καὶ
3099 3085 3182 3140 ὅτι
3234 3087 3415 3150 καθὼς
3467 3095 3789 3164 προηγεᾶιι

2143 3173 2205 3228 τὸ
2277 3173 2345 3241 ἧν
2417 3171 2618 3248 χρόνου
2692 3173 2906 3244 παντὸς,
2969 3172 3144 3236 οὕτως
3211 3173 3463 3252 ὲφὲπεται
3519 3178 3594 3233 τὸ
3635 3175 3799 3235 ἔσται.

397 3239 807 3335 corruptibile:
843 3265 901 3316 et
929 3261 1068 3332 quia
1082 3239 1606 3332 quemadmodum
1621 3259 1683 3312 τὸ
1716 3267 1838 3316 erat
1869 3267 2030 3318 ante-

2150 3260 2349 3335 Χρόνου
2405 3257 2452 3314 δ’
2508 3260 2589 3316 ἀεὶ
2637 3256 2812 3332 ὄντος,
2862 3261 2944 3316 ἀεὶ
3000 3259 3145 3318 ἔσται
3201 3264 3292 3318 καὶ
3341 3265 3371 3318 6
3431 3269 3799 3342 συνυπάρχειν

393 3351 550 3406 cedit
580 3350 739 3406 omni
766 3349 1038 3421 tempori,
1071 3349 1156 3405 sic
1211 3353 1268 3404 et
1321 3348 1382 3402 τὸ
1439 3351 1548 3405 erit
1605 3352 2032 3407 consectarium

2150 3349 2287 3421 αὐτῷ
2317 3349 2564 3425 οὐρανός.
2597 3353 2772 3404 Ταῦτα
2807 3350 2901 3423 μὲν
2930 3351 3102 3407 οὗτοι.

393 3444 500 3496 est.
547 3440 710 3505 Quod
767 3439 818 3495 si
874 3455 1006 3495 vero
1064 3455 1297 3510 semper
1351 3443 1441 3495 est
1485 3443 1740 3511 tempus,
1801 3457 2034 3514 semper
2061 3441 2170 3498 erit
2200 3439 2377 3496 etiam
2425 3439 2638 3496 caelum
2684 3441 2838 3512 quod
2882 3442 3182 3498 coexsistit
3225 3441 3359 3516 ipsi.
3417 3444 3492 3501 Et
3541 3445 3674 3503 hac
3721 3446 3803 3502 illi

397 3529 655 3600 quidem.

461 3618 551 3672 21.
587 3616 745 3672 Plato
777 3621 970 3673 autem
1005 3616 1110 3672 hoc
1139 3618 1352 3689 dogma
1390 3616 1746 3688 praeveniens
1799 3618 2030 3690 sapien-

390 3709 481 3761 ter
504 3705 790 3773 dissolvit,
822 3706 1055 3776 quando
1089 3722 1206 3760 una
1251 3722 1384 3761 cum
1435 3705 1578 3761 coelo
1627 3710 1862 3778 tempus
1904 3723 2034 3763 esse

391 3798 587 3850 ortum
619 3793 1021 3866 philosophice
1055 3795 1470 3866 pronuntiavit.
1502 3795 1691 3858 Quare
1720 3800 1779 3851 et
1823 3796 2032 3851 coelum

391 3887 584 3939 ortum
612 3886 723 3950 est,
755 3887 813 3938 et
858 3887 1093 3954 tempus
1141 3887 1230 3938 est
1277 3888 1469 3938 ortum
1517 3884 1714 3939 simul.
1766 3884 1834 3940 Et
1883 3885 2036 3940 sicut

393 3975 520 4028 erat
575 3972 812 4042 quando
866 3987 980 4026 non
1031 3975 1156 4026 erat
1212 3970 1463 4027 caelum:
1521 3973 1605 4027 sic
1653 3972 1826 4028 etiam
1885 3978 2032 4039 erat,

393 4061 627 4134 quando
658 4064 895 4132 tempus
924 4077 1040 4115 non
1071 4064 1212 4115 erat.
1258 4061 1379 4116 Etsi
1427 4066 1620 4116 autem
1667 4061 1728 4113 τὸ
1776 4068 1920 4133 erat,
1977 4068 2034 4118 et

390 4154 501 4218 est,
531 4154 589 4206 et
617 4149 748 4215 erit,
779 4153 974 4221 partes
1005 4153 1147 4205 sunt
1177 4148 1492 4220 temporis:
1529 4149 1804 4220 primario
1836 4155 2031 4206 tamen

396 4239 484 4294 haa
514 4237 853 4294 aetcrnitatis
881 4241 1039 4293 sunt.
1087 4237 1187 4292 Est
1221 4243 1416 4292 autem
1465 4238 1758 4293 aeternitas
1807 4255 2033 4295 coacer-

394 4332 531 4384 vata
560 4327 819 4383 extensio
843 4344 972 4399 qua?
999 4326 1197 4398 ipsum
1227 4342 1457 4398 semper
1495 4326 1670 4383 habet
1716 4332 1851 4382 ante
1893 4333 2035 4383 tem-

395 4434 508 4489 pus
533 4421 592 4472 et
639 4421 773 4488 post
819 4421 1074 4486 tempus.
1114 4415 1370 4486 Tempus
1416 4431 1553 4486 ergo
1601 4419 1815 4482 ortum,
1877 4419 2030 4488 quod

397 4505 738 4562 aeternitatis
761 4505 954 4576 imago
977 4510 1086 4571 est,
1112 4503 1366 4559 obtinuit
1388 4509 1454 4559 ut
1491 4503 1664 4559 etiam
1700 4509 1825 4560 erat
1860 4511 1918 4561 et
1946 4511 2035 4562 est

2211 3617 2312 3672 κα’.
2352 3613 2581 3671 Πλάτων
2643 3612 2700 3671 δὲ
2747 3616 2948 3695 φθάσας
3004 3618 3068 3672 τὸ
3117 3621 3366 3674 τοιοῦτον
3421 3618 3611 3696 δόγμα
3667 3642 3802 3696 προ-

2148 3703 2455 3778 διελύσατο,
2489 3703 2804 3782 φιλοσόφως
2855 3704 3296 3784 ἀποφηνάμενος,
3329 3707 3444 3781 ἅμα
3470 3713 3553 3780 τῷ
3585 3709 3803 3787 οὐρανᾷ

2141 3792 2411 3870 γεγονέναι
2468 3795 2560 3848 τὸν
2619 3793 2842 3870 χρόνον.
2874 3796 3034 3850 Ὥστε
3083 3795 3174 3852 καὶ
3213 3797 3244 3851 6
3292 3796 3522 3874 οὐρανὸς
3567 3797 3802 3874 ἐγεγόνει

2141 3881 2230 3937 καὶ
2263 3883 2292 3936 ὁ
2321 3881 2522 3958 χρόνος
2577 3882 2813 3958 ἐγεγόνει
2872 3881 2924 3938 ἐν
2977 3889 3176 3956 ταύτῷ.
3212 3885 3310 3940 Καὶ
3361 3885 3544 3962 ὥσπερ
3594 3887 3666 3956 ἦν
3725 3888 3801 3942 ὅτ’

2143 3970 2241 4026 οὐκ
2268 3972 2336 4040 ἦν
2364 3973 2393 4026 6
2424 3970 2673 4046 οὐρανὸς,
2705 3970 2848 4026 οὕτω
2879 3971 2969 4026 καί
3012 3973 3080 4042 ἦν
3141 3972 3230 4027 ὅτε
3286 3974 3488 4049 χρόνος
3545 3975 3654 4031 οὐκ
3707 3977 3799 4044 ἦν.

2142 4059 2204 4114 Εἰ
2235 4056 2292 4114 δὲ
2321 4060 2384 4113 τὸ
2411 4059 2478 4127 ἧν
2509 4059 2688 4114 καὶτὸ
2739 4056 2849 4114 ἔστι
2906 4060 2998 4115 καὶ
3052 4061 3116 4116 τὸ
3161 4058 3308 4115 ἔσται
3363 4063 3505 4137 μέρη
3566 4063 3801 4140 χρόνου,

2141 4145 2288 4204 ἀλλά
2327 4146 2700 4224 πρωτοτύπως
2747 4151 2916 4204 ταῦτα
2963 4154 3062 4204 τοῦ
3121 4149 3317 4212 αἰῶνός
3364 4149 3520 4205 εἰσιν.
3556 4152 3710 4208 Alde
3745 4151 3802 4208 δέ

2142 4235 2280 4292 ἐστιν
2315 4237 2652 4312 ἠθροισμένη
2683 4238 2982 4313 παράτασις
3013 4236 3076 4293 τὰ
3118 4238 3201 4293 ἀεὶ
3247 4235 3453 4314 ἔχουσα
3493 4242 3606 4316 πρὸ
3659 4243 3801 4317 χρό-

2140 4346 2235 4380 νου
2266 4325 2354 4380 xui
2391 4326 2525 4398 μετὰ
2554 4325 2776 4402 χρόνον.
2811 4327 3054 4400 Γεγονὼς
3085 4325 3177 4382 οὖν
3206 4329 3235 4383 6
3264 4327 3464 4404 χρόνος
3511 4334 3616 4384 τοῦ
3660 4331 3798 4386 αἰῶ-

2147 4435 2235 4476 νος
2291 4415 2474 4484 εἰκὼν,
2524 4412 2652 4490 ἔσχε
2709 4414 2798 4469 καὶ
2853 4416 2916 4470 τὸ
2967 4414 3212 4492 λέγεσθαι
3263 4418 3332 4487 ἦν
3388 4418 3479 4472 καὶ
3536 4414 3654 4474 ἔστι
3712 4419 3800 4475 καὶ

2142 4501 2310 4572 ἔσται,
2376 4505 2574 4579 μέχρις
2631 4503 2690 4558 ἂν
2745 4501 2826 4575 εἷή
2887 4506 3024 4560 κατὰ
3076 4506 3177 4574 τήν
3247 4506 3383 4582 πρὸς
3455 4507 3548 4562 τὸν
3631 4509 3800 4563 αἰῶνι

397 4598 455 4650 et
484 4595 594 4651 erit
615 4593 903 4650 diceretur
923 4594 986 4658 ³ο,
1017 4592 1280 4665 quandiu
1309 4591 1502 4658 fuerit,
1538 4596 1827 4664 quatenus
1877 4595 2038 4650 nimi-

2153 4591 2409 4663 δηλονότι
2469 4592 2761 4672 ἀναφοράν.
2793 4595 2857 4647 Οἱ
2906 4593 3087 4650 τοίνυν
3143 4581 3413 4671 λέγοντες,
3444 4598 3543 4650 Ἦν
3593 4595 3678 4652 ὅτ’
3706 4597 3804 4653 οὐκ

399 4699 530 4738 rum
562 4684 632 4738 ad
655 4681 1036 4738 aeternitatem
1068 4682 1334 4737 refertur.
1363 4681 1470 4745 Qui
1499 4697 1635 4754 ergo
1661 4683 1886 4749 dicunt,
1918 4688 2041 4740 erat

403 4772 637 4844 quando
664 4787 777 4828 non
811 4777 953 4842 erat,
985 4787 1102 4826 non
1132 4771 1354 4840 dicunt,
1383 4775 1616 4842 tempus
1647 4777 1768 4827 erat
1806 4774 2040 4843 quando

396 4865 630 4932 tempus
661 4877 777 4916 non
806 4864 962 4915 erat:
1000 4860 1147 4916 271
1199 4860 1297 4914 sed
1331 4863 1455 4914 erat
1503 4863 1718 4914 aeterna
1773 4862 2039 4931 quaedam

396 4948 656 5004 extensio
679 4949 852 5019 juxta
880 4965 1056 5020 quam
1089 4963 1278 5019 neque
1309 4946 1522 5002 caelum
1573 4965 1762 5020 neque
1809 4955 2041 5022 tempus

397 5037 820 5093 subsistebant.
848 5036 1088 5100 Quando
1119 5041 1316 5092 autem
1345 5042 1599 5109 tempus,
1651 5043 1776 5093 tum
1827 5044 1883 5094 et
1929 5056 2040 5095 cos-

399 5125 523 5180 lum
556 5141 683 5181 esse
714 5125 906 5197 ccepit.
966 5130 1091 5181 Non
1145 5127 1324 5199 igitur
1377 5126 1438 5181 in
1496 5129 1778 5198 tempore,
1830 5128 1930 5184 sed
1979 5128 2040 5183 in

400 5213 690 5287 principio
719 5215 998 5285 temporis
1030 5213 1241 5271 ccelum
1274 5220 1469 5271 ortum
1519 5221 1625 5271 est.
1666 5216 1843 5288 Atqui
1889 5221 2039 5272 tem-

399 5302 557 5376 poris
590 5301 942 5373 principium
975 5320 1090 5358 non
1139 5310 1226 5360 est
1273 5310 1528 5376 tempus.
1581 5305 1841 5360 Partium
1884 5305 2040 5362 enim

401 5393 459 5447 id
492 5397 548 5447 et
576 5389 922 5462 quantitatis
949 5408 1151 5463 expers
1171 5397 1277 5448 est.
1301 5392 1460 5448 Sicut
1496 5393 1675 5464 igitur
1720 5394 1777 5448 in
1826 5394 2040 5466 princi-

399 5479 494 5554 pio
524 5479 805 5551 temporis
835 5483 1028 5535 ortum
1059 5485 1170 5547 est,
1198 5482 1281 5536 sic
1315 5481 1375 5537 in
1407 5481 1522 5555 ﬁnge
1550 5482 2039 5555 temporisipsum

2147 4684 2213 4752 ἦν
2247 4682 2495 4759 οὐρανὸς,
2528 4683 2590 4738 οὐ
2617 4681 2893 4757 λέγουσιν,
2923 4685 3024 4739 Ἦν
3058 4684 3260 4760 χρόνος
3305 4682 3394 4740 ὅτε
3440 4683 3648 4759 χρόνος
3702 4686 3803 4742 οὐκ

2148 4773 2238 4840 ἦν.
2271 4769 2424 4828 Ἀλλ’
2473 4772 2541 4841 ἧν
2586 4770 2883 4846 παράτασίς
2926 4793 3011 4834 τις
3062 4771 3315 4843 αἱωνικὴ,
3347 4775 3464 4837 καθ’
3512 4775 3576 4843 ἢν
3629 4771 3745 4838 οὗθ’
3775 4776 3801 4829 ὁ

2150 4861 2394 4937 οὐρανὸς,
2440 4857 2554 4925 οὔθ’
2606 4863 2635 4916 6
2682 4861 2882 4936 χρόνος
2940 4860 3083 4936 εἶχεν
3143 4861 3448 4918 ὑπόστατιν.
3499 4865 3630 4918 Ὅτε
3681 4862 3729 4918 δ’
3775 4864 3802 4918 6

2148 4949 2368 5026 χρόνος,
2405 4947 2604 5024 ἤρξατο
2655 4955 2754 5005 τοῦ
2812 4949 2967 5021 εἶναι,
2993 4950 3116 5005 τότε
3141 4950 3232 5005 καὶ
3263 4952 3291 5006 6
3321 4949 3568 5026 οὐρανός.
3607 4953 3719 5008 Οὐκ
3747 4952 3796 5008 ἐν

2149 5040 2337 5115 χρόνῳ
2386 5037 2566 5093 τοίνυν
2609 5039 2637 5092 ὁ
2687 5038 2913 5113 οὐρανὸς
2960 5037 3216 5114 ἐγεγόνει,
3245 5037 3372 5095 ἀλλ’
3409 5061 3462 5096 εν
3494 5041 3650 5118 ἀρχῇ
3705 5045 3800 5098 τοῦ

2148 5128 2369 5204 χρόνου.
2400 5133 2460 5183 Ἦ
2509 5125 2556 5182 δ’
2603 5127 2750 5204 ἀρχὴ
2808 5133 2904 5184 τοῦ
2961 5129 3166 5203 χρόνου
3219 5129 3421 5205 χρόνος
3476 5129 3576 5185 οὐκ
3635 5128 3797 5188 ἔστιν.

2149 5217 2392 5291 ’Δμερὴς
2443 5217 2544 5292 γὰρ
2601 5216 2736 5288 αὕτη
2791 5218 2880 5272 καὶ
2940 5217 3161 5280 ἄποσος.
3195 5219 3382 5281 Καθὼς
3439 5216 3532 5273 οὗν
3567 5219 3622 5274 ὲν
3652 5220 3798 5297 ἀρχῇ

2147 5309 2245 5360 τοῦ
2292 5303 2496 5381 χρόνου
2537 5304 2799 5381 ἐγεγόνει,
2856 5305 3030 5369 οὕτως
3087 5305 3240 5363 οὐδὲν
3295 5305 3555 5363 ἀδύνατον
3621 5307 3676 5364 ἐν
3723 5313 3801 5380 τῷ

2148 5391 2295 5448 τέλει
2322 5399 2419 5448 τοῦ
2447 5393 2652 5470 χρόνου
2680 5400 2871 5452 τοῦτον
2902 5397 3286 5474 φθαρήσεσθαι.
3318 5401 3405 5468 Τῷ
3449 5397 3645 5472 χρόνῳ
3694 5397 3804 5453 toto

2150 5501 2260 5537 vim
2292 5482 2647 5553 συνυποστὰς,
2706 5488 2784 5556 τῷ
2847 5483 3032 5560 χρόνῳ
3115 5484 3206 5540 καὶ
3289 5483 3799 5558 συνδιαλυθήσισαιι

475 5697 520 5739 τι
550 5699 686 5753 2De
716 5691 859 5752 coelo
888 5708 940 5754 ο.
969 5695 1022 5751 2.
1103 5693 1149 5730 2⁸
1177 5693 1404 5770 8Phys.
1436 5695 1460 5752 l
1486 5712 1499 5766 ;
1533 5695 1690 5757 Boet.
1723 5696 1826 5754 lib.
1857 5697 1913 5754 2.
1945 5697 2038 5755 Dii

2150 5713 2229 5774 3p.
2305 5698 2352 5736 ²⁰
2377 5696 2540 5756 Plato
2569 5697 2632 5756 in
2661 5697 2897 5760 Timaeo.
