4024 6462
147 461 175 518 1
185 458 303 520 225

1472 455 1819 521 EPITOME
1864 454 2222 521 PHYSIGA.

3388 455 3547 522 1226

146 588 364 667 πέφυκε.
398 587 498 644 Καὶ
556 588 656 644 οὐκ
694 588 757 643 ἂν
801 587 942 644 εἵποι
999 609 1105 660 τις,
1136 588 1211 651 ὡς
1263 587 1406 645 ἔσται
1456 589 1662 666 χρόνος
1711 588 1790 643 ὅτ’

1909 594 2241 663 corruptum
2297 592 2366 647 iri
2398 590 2544 647 nihil
2574 594 2663 647 est
2730 591 3117 664 impossibile.
3178 591 3349 647 Proin
3407 592 3545 661 quia

146 677 246 732 οὐκ
296 676 442 732 ἔσται
500 679 528 732 6
589 676 836 753 οὐρανός
898 676 1025 733 ἀλλ’
1092 675 1238 732 ἔσται
1309 676 1473 732 πάλιν
1549 677 1778 746 αἰωνική

142 786 229 829 τις
297 765 615 842 παράτασις,
696 767 815 820 καθ’
894 766 955 829 ἣν
1032 762 1144 819 οὔθ’
1200 766 1228 819 6
1287 765 1510 840 οὐρανὸς
1587 763 1697 820 οὔθ’
1755 765 1783 818 6

142 854 337 931 χρόνος
395 854 530 910 εἶναι
587 851 871 926 δυνήσεται
926 854 1063 909 κατὰ
1120 856 1219 923 τὴν
1280 852 1605 918 ἀκολουθίαν
1685 859 1783 922 τῆς

144 942 352 1022 φύσεως
364 986 377 999 .

218 1227 316 1301 κβ’.
351 1226 579 1303 Λέγουσι
637 1225 822 1282 πάλιν·
855 1224 1023 1302 Εἴπερ
1081 1227 1108 1281 6
1155 1227 1360 1300 κόσμος
1416 1226 1645 1301 γενητὸς
1697 1225 1786 1281 καὶ

145 1315 399 1393 φθαρτὸς,
431 1312 514 1370 δεῖ
541 1320 898 1391 προηγεῖσθαι
944 1316 1041 1383 τὴν
1093 1314 1347 1370 σύστασιν
1388 1315 1438 1386 ἐξ
1483 1318 1549 1384 ἧς
1600 1315 1790 1390 γέγονε

142 1404 237 1459 καὶ
287 1403 360 1465 εἷς
412 1404 474 1473 ἢν
528 1401 679 1466 αὖθις
745 1405 1094 1481 φθαρήσεται.
1145 1403 1306 1459 Ἀλλ’
1355 1405 1433 1466 εἷς
1482 1405 1510 1458 6
1558 1403 1783 1477 χὸσμος’

144 1492 404 1568 ἀγένητος
446 1493 562 1569 ¹ἄρα
610 1492 700 1547 καὶ
754 1493 1043 1571 ἄφθαρτος.
1091 1492 1155 1548 Εἰ
1221 1493 1313 1567 μὲν
1376 1491 1466 1547 οὗν
1526 1492 1784 1569 ἐλέγομεν

143 1581 238 1637 τὸν
267 1580 467 1654 κόσμον
499 1580 722 1656 γενητὸν
750 1582 839 1635 καὶ
880 1582 1110 1658 φθαρτὸν
1158 1581 1232 1643 ὡς
1279 1581 1346 1636 τὰ
1399 1580 1629 1658 τέσσαρα
1682 1582 1788 1635 σώ-

151 1690 291 1744 ματα
315 1669 406 1724 καὶ
435 1670 503 1724 τὰ
532 1669 583 1740 ἐξ
614 1669 806 1741 αὐτῶν,
840 1668 895 1724 εὖ
943 1670 1000 1724 ἂν
1044 1668 1231 1745 ἔλεγον
1284 1671 1336 1723 οἱ
1381 1674 1548 1724 ταῦτα
1597 1670 1785 1746 λέγον-

145 1780 254 1821 τες·
286 1757 401 1813 ἐπεὶ
430 1755 476 1813 δ’
508 1757 568 1813 έκ
595 1762 691 1812 τοῦ
725 1756 952 1832 μηδαμῆ
989 1756 1258 1831 μηδαμῶς
1300 1752 1473 1830 ὄντος,
1518 1757 1643 1814 ἀλλ’
1692 1758 1791 1813 οὐκ

149 1847 209 1903 ἐκ
237 1846 706 1921 προϋποκειμένης
754 1850 854 1915 τῆς
897 1845 1037 1917 ὕλης
1083 1851 1272 1901 τοῦτον
1319 1846 1557 1922 γίνεσθαί
1615 1868 1786 1925 φαμεν

1894 680 2072 735 simul
2109 697 2242 735 cum
2266 684 2525 753 tempore
2554 680 2837 747 substitit,
2870 697 3003 736 cum
3052 685 3314 752 tempore
3365 681 3541 736 etiam

1894 769 2073 824 simul
2130 768 2368 823 dissolvi
2428 772 2637 840 potest.
2696 769 2813 824 Nec
2862 769 3073 824 dixerit
3118 768 3352 840 aliquis,
3386 768 3543 839 quod

1894 860 2127 929 tempus
2158 858 2233 913 sit
2264 858 2550 925 futurum,
2583 858 2816 929 quando
2845 857 3057 913 coelum
3088 875 3205 913 non
3248 857 3376 913 erit.
3435 857 3544 912 Sed

1896 962 2103 1001 rursus
2133 950 2348 1001 aeterna
2390 946 2654 1017 quedam
2716 945 2827 1000 erit
2879 945 3161 1012 extensio,
3220 945 3545 1001 secundum

1897 1051 2075 1106 quam
2131 1050 2321 1106 neque
2373 1033 2581 1089 coelum
2665 1037 2900 1105 tempus
2961 1050 3092 1091 esse
3172 1035 3406 1107 poterit,
3443 1051 3547 1107 pro

1897 1127 2117 1179 naturas
2147 1123 2585 1195 consequentia.

1966 1231 2055 1285 22.
2090 1229 2308 1285 Iterum
2341 1229 2543 1283 dicunt
2572 1231 2652 1300 [et
2679 1228 3023 1301 objiciunt):
3053 1228 3113 1284 Si
3144 1228 3405 1284 mundus
3453 1246 3548 1285 or-

1896 1322 1994 1373 tus
2061 1326 2117 1373 et
2190 1317 2452 1373 interitui
2522 1317 2829 1385 obnoxius,
2934 1317 3238 1375 materiam
3322 1321 3551 1389 oportet

1897 1408 2217 1479 praecedere
2257 1422 2325 1461 ex
2381 1422 2499 1476 qua
2553 1405 2629 1461 sit
2678 1410 2860 1473 ortus,
2895 1410 2951 1461 et
3002 1406 3061 1460 in
3115 1422 3290 1477 quam
3342 1422 3550 1462 rursus

1898 1495 2165 1559 intereat.
2196 1495 2371 1566 Atqui
2404 1495 2661 1550 mundus
2692 1499 2781 1550 est
2813 1511 2986 1550 unus.
3018 1494 3135 1550 Nec
3160 1495 3340 1567 igitur
3381 1499 3546 1551 ortus

1899 1588 2007 1653 est,
2040 1600 2147 1640 nec
2197 1583 2559 1654 corruptioni
2614 1583 2919 1639 obnoxius.
2981 1582 3142 1647 Quod
3202 1583 3251 1639 si
3310 1583 3548 1656 quidem

1900 1673 2188 1728 mundum
2217 1676 2410 1727 ortum
2438 1671 2962 1743 etcorruptibilem
3014 1688 3141 1727 esse
3198 1672 3546 1741 diceremus,

1899 1767 1965 1816 ut
1992 1764 2244 1831 quatuor
2273 1776 2516 1831 corpora
2546 1758 3033 1831 [elementorum],
3083 1763 3236 1816 recte
3292 1759 3553 1817 dicerent

1900 1848 1998 1919 qui
2033 1848 2155 1902 haec
2183 1848 2408 1903 dicunt.
2443 1847 2728 1913 Quoniam
2761 1852 2957 1903 autem
3007 1864 3076 1903 ex
3132 1864 3375 1920 prorsus
3434 1865 3550 1905 non

148 1935 291 2010 παρὰ
314 1939 413 1990 τοῦ
442 1939 597 2001 Θεοῦ,
628 1934 783 1990 ποίαν
835 1932 949 2010 ἔχει
983 1936 1012 1989 6
1041 1932 1209 2009 λόγος
1239 1934 1413 1990 αὐτῶν
1444 1936 1543 2004 τὴν
1595 1934 1789 2011 ἶσχύν;

1909 1941 2055 2004 ente,
2079 1953 2185 1992 nec
2214 1953 2283 1992 ex
2311 1936 2740 2008 praesupposita
2786 1937 3031 1992 materia
3089 1938 3283 2009 ipsum
3342 1954 3378 1993 a
3432 1937 3549 1994 Deo

148 2024 214 2080 Εἰ
269 2023 445 2079 τοίνυν
502 2023 562 2078 ἐκ
614 2028 710 2079 τοῦ
764 2025 839 2097 μή
897 2022 1059 2096 ὅλως
1101 2023 1234 2079 εἶναι
1271 2023 1555 2099 γεγένητο,
1589 2026 1795 2101 πέφυκε

148 2110 309 2167 πάλιν
359 2111 436 2175 εἷς
482 2113 545 2168 τὸ
596 2113 672 2184 μὴ
722 2110 869 2174 ὅλως
918 2112 1050 2167 εἶναι
1084 2113 1472 2190 φθαρήσεσθαι,
1501 2111 1598 2166 κᾶν
1629 2114 1664 2181 ἡ
1694 2117 1792 2166 τοῦ

152 2198 489 2276 δημιουργοῦ
588 2200 857 2275 ἆγαθότης
954 2200 1293 2276 ὑπερνικῶσα
1374 2206 1545 2255 πᾶσαν
1632 2200 1788 2277 φύσιν

149 2288 328 2365 ὥσπερ
362 2287 421 2343 ἐκ
446 2293 543 2343 τοῦ
577 2286 837 2362 μηδόλως
868 2283 1021 2350 ὄντος
1050 2288 1141 2342 τὸν
1191 2288 1396 2361 κόσμον
1446 2289 1786 2365 παρήγαγεν,

148 2375 293 2432 οὕτω
334 2377 472 2451 πρὸς
521 2377 585 2432 τὸ
630 2382 872 2451 κρεῖττον
928 2377 1305 2449 μετασκευάσει
1356 2377 1455 2445 τήν
1513 2374 1789 2452 δημιουρ-

146 2465 266 2543 γίαν
298 2463 479 2522 αὐτοῦ.

227 2732 326 2805 κγ’.
410 2732 531 2784 Ἔτι
625 2729 1030 2805 πεπερασμένος
1116 2730 1144 2782 ὸ
1228 2727 1489 2804 οὐρανός·
1573 2727 1790 2802 ἐπείπερ

148 2816 407 2873 ἀδύνατον
465 2819 749 2888 κινηθῆναι
806 2818 868 2872 τὸ
927 2813 1165 2893 ἄπειρον.
1226 2817 1288 2871 Εἰ
1343 2818 1445 2892 γὰρ
1521 2817 1790 2886 κινηθείη,

145 2906 348 2984 χρόνον
375 2907 595 2983 ἄπειρον
622 2906 825 2980 ἀνάγκη
883 2903 1074 2961 διιέναι
1131 2907 1267 2960 κατά
1319 2907 1418 2974 τὴν
1476 2905 1794 2977 κίνησιν,“Ο

147 2993 210 3051 δέ
277 2993 680 3073 περιστρέφεται
770 2994 985 3066 σύμπας
1042 2993 1093 3048 έν
1153 2992 1399 3049 ἐλάττονι
1455 2995 1640 3069 χρόνῳ
1696 2997 1795 3048 τοῦ

147 3085 551 3160 νυχθημερινοῦ
636 3081 1023 3156 διαστήματος.
1078 3084 1238 3137 Ὥστε
1304 3082 1709 3158 πεπερασμένος
1766 3082 1795 3136 6

147 3172 396 3246 οὐρανός.
429 3172 494 3227 Εἰ
551 3169 596 3226 δ’
626 3172 784 3235 οὗτος
839 3173 1264 3247 πεπερασμένος,
1310 3171 1398 3226 καὶ
1457 3177 1561 3233 πᾶς
1614 3172 1642 3225 ὁ
1698 3170 1794 3226 κό-

150 3282 291 3335 σμος
349 3261 769 3338 πεπερασμένος.
829 3261 893 3316 Εἰ
954 3260 1057 3337 γὰρ
1124 3261 1186 3316 τὸ
1242 3258 1499 3336 περιέχον
1558 3280 1791 3335 πεπερα-

1903 2029 2098 2080 ortum
2146 2040 2274 2079 esse
2331 2024 2485 2080 272
2543 2023 2817 2079 dicimus.
2888 2024 3028 2096 quid
3080 2026 3307 2081 roboris
3364 2025 3552 2083 oratio

1904 2114 2166 2185 ipsorum
2197 2111 2417 2168 habet?
2455 2113 2618 2176 Quod
2676 2112 2726 2167 si
2785 2112 2966 2184 igitur
3016 2130 3085 2169 ex
3136 2130 3379 2186 prorsus
3437 2131 3552 2170 non

1902 2219 2033 2257 esse
2084 2202 2271 2257 factus
2324 2205 2414 2257 est
2463 2200 2547 2255 sic
2603 2205 2815 2256 natura
2870 2219 2978 2258 sua
3035 2205 3410 2274 comparatus
3440 2207 3550 2271 est,

1902 2294 1967 2345 ut
1989 2290 2061 2345 ad
2088 2306 2328 2362 prorsus
2359 2306 2474 2344 non
2522 2305 2650 2345 esse
2680 2289 2916 2346 interire
2947 2290 3163 2362 possit:
3216 2306 3554 2363 quanquam

1901 2379 2133 2434 bonitas
2163 2378 2390 2450 opiﬁcis
2421 2394 2549 2448 quae
2581 2393 2818 2433 omnem
2857 2382 3131 2434 naturam
3160 2378 3333 2452 longe
3385 2394 3557 2451 supe-

1901 2472 2008 2539 rat,
2042 2468 2190 2523 sicul
2219 2483 2288 2522 ex
2333 2482 2573 2538 prorsus
2619 2483 2734 2521 non
2787 2470 2919 2523 ente
2978 2467 3266 2522 mundum
3338 2468 3554 2539 produ-

1902 2557 2004 2622 xit,
2034 2556 2118 2611 ita
2141 2556 2199 2610 in
2227 2555 2528 2611 meliorem
2569 2558 2791 2610 statum
2843 2555 3101 2611 mutabit
3150 2572 3327 2612 suum
3385 2556 3553 2628 opiﬁ-

1904 2645 2081 2700 cium.

1971 2733 2062 2786 23.
2095 2737 2376 2788 Praeterea
2406 2733 2638 2789 ﬁnitum
2669 2735 2758 2788 est
2788 2731 3000 2787 coelum
3027 2750 3041 2788 :
3075 2733 3555 2805 quandoquidem

1903 2826 1969 2877 ut
2024 2821 2320 2875 inﬁnitum
2380 2826 2700 2889 moveatur,
2735 2821 2857 2876 ﬁeri
2892 2838 3006 2876 non
3062 2826 3275 2893 potest.
3307 2821 3365 2876 Si
3397 2822 3557 2878 enim

1904 2914 2252 2979 moveretur,
2285 2926 2521 2966 necesse
2552 2911 2717 2979 foret,
2754 2914 2817 2965 ut
2867 2909 3096 2965 inﬁnito
3143 2914 3406 2982 tempore
3474 2925 3559 2966 se-

1904 2999 2163 3054 cundum
2194 3002 2419 3054 motum
2451 2999 2914 3070 progrederetur.
2972 2998 3152 3071 Atqui
3220 2998 3556 3055 universum

1903 3088 2100 3158 ipsum
2141 3087 2353 3142 minori
2400 3091 2661 3159 tempore
2718 3102 2896 3158 quam
2941 3086 3054 3143 dici
3103 3090 3161 3142 et
3218 3086 3406 3143 noctis
3466 3091 3558 3144 est

1905 3176 2181 3249 spatium,
2214 3175 2701 3231 circumvertitur.
2760 3174 3009 3232 Proinde
3061 3175 3271 3232 coelum
3320 3175 3553 3231 ﬁnitum

1906 3268 2013 3321 est.
2046 3264 2209 3329 Quod
2242 3264 2291 3319 si
2349 3265 2458 3320 hoc
2504 3264 2737 3320 ﬁnitum
2766 3267 2876 3332 est,
2901 3267 3059 3320 totus
3088 3264 3266 3321 etiam
3298 3265 3556 3321 mundus

149 3311 366 3425 σμέξον,
415 3311 514 3405 xui
559 3311 623 3405 τὸ
685 3311 1079 3427 πέριεχόμένὸν
1148 3349 1199 3420 ἐξ
1266 3311 1504 3423 hri-{:1};
1559 3311 1792 3423 πεπερα-

1909 3311 2013 3321 ---.
2052 3311 2209 3329 μ-..
2242 3311 2291 3319 --
2349 3311 2456 3320 ..η
2505 3311 2737 3320 --._--.._.
2768 3311 2876 3332 ---,
2905 3311 3058 3320 η---
3090 3311 3266 3321 ---....-
3298 3311 3556 3321 ...__.._-

1911 3353 2111 3409 ﬁnitus
2139 3357 2245 3409 est.
2276 3353 2337 3408 Si
2368 3353 2523 3408 enim
2554 3352 2709 3424 quod
2739 3352 3016 3421 continet,
3067 3353 3301 3409 ﬁnitum
3332 3357 3424 3410 est
3450 3372 3463 3409 :
3497 3353 3557 3410 id

148 3439 369 3513 σμένον.
419 3437 583 3495 Οὐδὲν
640 3437 699 3494 δέ
744 3443 903 3513 σῶμα
946 3437 1350 3516 πεπερασμένον
1399 3434 1514 3513 ἔχει
1570 3435 1796 3510 δύναμιν

148 3529 395 3604 ἄπειρον.
437 3530 508 3583 Τὸ
566 3528 669 3604 γὰρ
726 3533 822 3583 τοῦ
879 3528 1287 3604 πεπερασμένου
1348 3527 1508 3602 μέρος
1554 3527 1590 3596 ἢ
1649 3527 1800 3582 ἄπει-

148 3637 247 3694 ρον
277 3613 380 3687 ἕξει
412 3614 637 3690 δύναμιν
669 3617 759 3671 καὶ
790 3615 918 3671 αὐτὸ
946 3616 1036 3671 καὶ
1083 3620 1181 3671 τοῦ
1228 3615 1455 3691 ἀπείρου
1515 3614 1697 3689 μεῖζόν
1745 3637 1797 3670 τι

146 3706 491 3781 εὑρεθήσεται
521 3705 745 3778 (μείζων
783 3706 886 3781 γὰρ
918 3707 953 3773 ἡ
988 3704 1040 3759 έν
1071 3709 1149 3776 τῷ
1181 3702 1298 3776 ὅλῳ
1329 3701 1557 3777 δύναμις
1604 3711 1706 3773 τῆς
1748 3703 1800 3758 έν

140 3798 229 3865 τῷ
280 3792 429 3869 μέρει
479 3790 778 3866 δυνάμεως·
831 3790 957 3847 ἀλλ’
988 3790 1139 3847 οὐδὲν
1188 3796 1286 3846 τοῦ
1335 3791 1561 3868 ἀπείρου
1615 3791 1797 3864 μεῖζόν

146 3881 337 3954 ἐστιν)·
391 3879 427 3949 ἢ
467 3880 877 3957 πεπερασμένην
931 3876 1035 3950 ἕξει
1095 3877 1323 3952 δύναμιν
1372 3881 1434 3934 τὸ
1482 3879 1647 3956 μέρος
1703 3884 1800 3934 τοῦ

144 3971 584 4044 πεπερασμένου,
616 3969 706 4023 καὶ
751 3970 814 4023 τὸ
871 3966 999 4023 ὅλον
1060 3970 1473 4044 πεπερασμένης
1521 3964 1664 4023 ἔσται
1715 3966 1800 4022 δν-

144 4059 393 4130 νάμεως.
443 4057 515 4111 Τὸ
570 4057 674 4133 γὰρ
724 4055 784 4111 ἐκ
850 4056 1270 4132 πεπερασμένων
1338 4057 1603 4119 συνεστὼς
1666 4057 1803 4111 κατὰ

141 4148 254 4215 τὴν
283 4144 525 4216 ὁλότητα
578 4145 981 4220 πεπερασμένον
1037 4144 1502 4220 ὁμολογουμένως
1554 4144 1663 4200 ἐστὶ
1710 4144 1801 4200 καὶ

142 4234 306 4291 αὐτό.
362 4240 472 4289 Πᾶν
533 4231 634 4308 ἄρα
689 4232 1090 4310 πεπερασμένον
1170 4238 1330 4306 σῶμα
1392 4235 1802 4311 πεπερασμένης

148 4324 381 4398 μετέχει
456 4319 755 4395 δυνάμεως.
814 4324 965 4376 Ὅθεν
1026 4323 1055 4376 6
1111 4321 1320 4394 κόσμος
1395 4321 1800 4397 πεπερασμένος

145 4409 228 4467 ὣν
310 4411 723 4488 πεπερασμένην
799 4410 1053 4481 κέκτηται
1140 4408 1384 4483 δύναμιν.
1453 4406 1802 4480 Ἀδυνατήσει

138 4498 335 4556 τοίνυν
391 4497 542 4575 λόγῳ
573 4496 782 4577 φύσεως
812 4499 903 4553 καὶ
933 4501 968 4567 ἡ
1001 4498 1243 4573 ἐνέργεια
1300 4498 1464 4553 αὐτοῦ
1521 4498 1800 4571 παύσεται,

138 4595 256 4658 τῆς
315 4585 599 4660 δυνάμεως
658 4586 1028 4661 παυσαμένης.
1061 4589 1216 4650 Ὅθεν
1277 4587 1502 4662 ἄρχεται
1561 4590 1597 4656 ἡ
1656 4586 1802 4659 ένέρ-

1908 3442 2084 3498 etiam
2143 3442 2297 3511 quod
2354 3440 2705 3505 continetur,
2778 3441 3105 3497 necessario
3156 3441 3389 3497 ﬁnitum
3445 3445 3555 3498 est.

1907 3529 2146 3585 Nullum
2179 3533 2375 3585 autem
2408 3545 2618 3599 corpus
2648 3529 2803 3600 quod
2834 3528 3068 3584 ﬁnitum
3099 3533 3211 3596 est,
3264 3529 3560 3586 inﬁnitam

1909 3619 2087 3674 habet
2113 3619 2454 3689 potentiam.
2487 3618 2713 3673 Etenim
2746 3617 2895 3672 ﬁniti
2926 3634 3062 3689 pars
3106 3622 3209 3674 aut
3266 3618 3561 3675 inﬁnitam

1909 3706 2506 3777 babebitpotentiam,
2537 3705 2667 3777 ipsa
2704 3722 2936 3777 quoque
2965 3710 3022 3761 et
3077 3706 3309 3763 inﬁnito
3369 3707 3563 3778 majus

1910 3794 2130 3866 aliquid
2181 3794 2650 3866 deprehendetur
2709 3795 2921 3864 (major
2975 3795 3133 3850 enim
3163 3799 3251 3851 est
3301 3796 3562 3867 potentia

1909 3901 2035 3955 quae
2093 3884 2150 3938 in
2211 3887 2350 3952 toto,
2411 3900 2586 3955 quam
2644 3900 2771 3955 quae
2809 3882 2869 3937 in
2918 3888 3081 3955 parte
3120 3888 3247 3953 est;
3282 3885 3383 3940 sed
3415 3883 3560 3940 nihil

1907 3973 2137 4028 inﬁnito
2170 3974 2365 4043 majus
2392 3972 2501 4042 est)
2530 3988 2543 4026 :
2577 3977 2679 4027 aut
2712 3971 2937 4027 ﬁnitam
2969 3972 3206 4028 habebit
3242 3973 3560 4045 potentiam

1911 4062 2059 4117 ﬁniti
2090 4078 2249 4134 pars,
2306 4064 2614 4131 totumque
2657 4060 2833 4115 ﬁnita:
2880 4060 2990 4116 erit
3048 4061 3339 4134 potentiae.
3394 4061 3558 4125 Quod

1909 4150 2065 4207 enim
2096 4166 2166 4205 ex
2195 4148 2378 4204 ﬁnitis
2400 4149 2553 4205 273
2584 4152 2773 4204 totum
2822 4153 3069 4216 constat,
3130 4150 3324 4221 ipsum
3381 4151 3558 4207 etiam

1910 4237 2176 4293 omnium
2207 4237 2569 4292 confessione
2598 4236 2828 4291 ﬁnitum
2858 4241 2966 4292 est.
2998 4237 3181 4292 Omne
3218 4236 3399 4308 igitur
3426 4238 3558 4292 ﬁni-

1910 4331 2039 4381 tum
2089 4341 2321 4397 corpus,
2364 4324 2539 4379 finitae
2599 4325 2867 4396 potentiae
2899 4329 2988 4380 est
3045 4324 3352 4397 particeps.
3396 4325 3561 4381 Unde

1912 4415 2171 4469 mundus
2197 4430 2330 4469 cum
2359 4413 2435 4468 sit
2474 4413 2695 4482 ﬁnitus,
2729 4411 2951 4468 ﬁnitam
2967 4413 3290 4484 potentiam
3314 4413 3555 4470 obtinet.

1912 4502 2179 4557 Potentia
2206 4502 2386 4574 igitur
2414 4505 2658 4556 exuetur
2704 4504 2924 4555 naturae
2979 4499 3237 4556 ratione:
3299 4506 3357 4557 et
3411 4502 3560 4558 actio

1913 4591 2090 4644 etiam
2116 4590 2244 4661 ejus
2275 4588 2547 4660 cessabit,
2575 4604 2710 4644 cum
2742 4588 3001 4659 potentia
3031 4590 3185 4644 unde
3216 4590 3364 4644 actio
3416 4588 3560 4644 inci-

143 4697 299 4752 γεια.
359 4681 528 4732 Τοῦτο
606 4673 664 4731 δὲ
717 4685 772 4730 τι
823 4672 1004 4751 ἕτερόν
1075 4675 1214 4730 ἐστιν
1273 4676 1309 4744 ἢ
1366 4673 1548 4730 τελεία
1604 4674 1795 4752 φθοράς

1917 4678 2004 4750 pit
2058 4675 2388 4733 cessaverit.
2438 4677 2557 4732 Hoc
2613 4680 2809 4731 autem
2867 4675 2967 4746 qui
3019 4675 3176 4731 aliud
3238 4681 3327 4732 est
3384 4694 3564 4748 quam

140 4765 344 4821 Τοίνυν
401 4766 430 4820 6
486 4765 690 4838 κόσμος
741 4765 915 4842 φθορᾷ
968 4761 1226 4819 παντελεῖ
1278 4765 1414 4819 κατὰ
1472 4763 1638 4838 λόγον
1674 4762 1803 4818 ὑπό-

143 4875 331 4911 κειται
364 4854 610 4932 φυσικὸν,
643 4854 717 4927 μὴ
750 4850 1042 4926 δυνάμενος
1101 4850 1469 4925 συνδιαμένειν
1521 4858 1600 4925 τῷ
1656 4853 1807 4908 ἀπει-

149 4941 456 5022 ροδυνάμῳ
506 4940 847 5019 δημιουργῷ.
879 4942 977 4996 Καὶ
1028 4941 1081 4996 τί
1128 4942 1231 5019 γὰρ
1285 4940 1424 4997 ἄλλο
1469 4942 1503 5011 ἢ
1539 4939 1807 5017 δημιούρ-

143 5052 315 5111 γημα
363 5029 436 5086 ὢν
478 5031 757 5087 κάντεῦθεν
808 5029 898 5085 καὶ
955 5029 1118 5102 μόνον
1172 5036 1271 5099 τῆς
1315 5035 1412 5084 τοῦ
1468 5028 1810 5105 δημιουργή-

152 5141 355 5183 σαντος
420 5121 705 5199 ὑφειμένος
758 5116 1107 5190 ἀί“διότητος;
1159 5118 1221 5173 E’z'
1275 5118 1455 5173 τοίνυν
1517 5118 1751 5196 φθαρτὸς
1783 5119 1810 5171 6

148 5210 394 5284 κόσμος,
451 5210 665 5272 πάντως
720 5208 809 5265 καὶ
865 5208 1115 5283 γενητός.
1175 5206 1656 5265 Ἀντακολουθοῦσι
1710 5207 1812 5283 γὰρ

153 5297 443 5370 ἀλλήλοις
490 5299 551 5354 τὸ
597 5299 820 5374 γενητὸν
870 5298 961 5353 καὶ
1005 5297 1069 5352 τὸ
1121 5296 1373 5375 φθαρτὸν,
1403 5295 1493 5351 καὶ
1552 5294 1717 5350 πάλιν
1748 5294 1811 5348 τὸ

154 5387 429 5464 ἀγένητον
461 5387 551 5443 καὶ
577 5388 641 5442 τὸ
671 5387 960 5465 ἄφθαρτον.

1918 4767 2171 4839 perfecta
2200 4764 2492 4837 corruptio
2517 4769 2540 4820 Ρ
2567 4766 2931 4835 Quapropter
2961 4764 3219 4819 mundus
3249 4764 3565 4821 universali

1918 4854 2275 4925 corruptioni
2311 4853 2531 4908 ratione
2563 4851 2812 4907 naturali
2835 4851 3239 4923 subjicitur,ut
3267 4853 3367 4925 qui
3388 4851 3566 4909 simul

1918 4941 2528 5013 cum0piﬁceinﬁnitse
2560 4940 2829 5012 potentiae
2856 4955 3196 5011 permanere
3218 4958 3335 4997 non
3361 4942 3565 5013 possit.

1920 5031 2067 5097 Quid
2126 5031 2281 5085 enim
2350 5028 2507 5084 aliud
2557 5045 2733 5100 quam
2792 5028 3107 5100 opiﬁcium,
3171 5034 3231 5085 et
3285 5030 3422 5085 hinc
3475 5029 3569 5086 vel

1921 5119 2126 5176 saltem
2158 5118 2384 5191 opiﬁcis
2413 5118 2734 5173 aeternitate
2772 5117 3057 5173 inferior?
3116 5118 3277 5182 Quod
3312 5120 3362 5174 si
3392 5120 3571 5192 igitur

1923 5207 2180 5263 mundus
2210 5206 2606 5278 corruptibilis
2650 5210 2759 5277 est,
2818 5210 2973 5261 certe
3025 5207 3202 5262 etiam
3254 5212 3421 5265 ortus
3477 5213 3571 5264 est

1924 5295 2193 5353 Vicissim
2224 5294 2379 5350 enim
2411 5311 2472 5349 se
2501 5294 2747 5350 invicem
2778 5301 3222 5367 consequuntur
3278 5300 3474 5353 ortum
3514 5302 3572 5353 et

1924 5382 2334 5456 corruptibile:
2387 5387 2444 5438 et
2499 5400 2706 5439 rursus
2763 5401 2876 5439 non
2934 5389 3126 5440 ortum
3187 5401 3253 5441 ac
3310 5385 3574 5442 incorru-

1927 5471 2153 5545 ptibile.

237 5579 342 5638 κδ’.
384 5582 640 5658 Λέγουσιν
674 5579 847 5644 αὖθιςο
880 5579 943 5636 Εἰ
979 5581 1052 5654 μή
1088 5580 1203 5654 ἅμα
1242 5580 1371 5642 Θεὸς
1422 5580 1536 5653 ἅμα
1588 5573 1794 5653 κόσμος

1996 5579 2087 5633 24.
2126 5579 2342 5632 lterum
2365 5577 2603 5634 dicunt:
2636 5578 2697 5634 Si
2726 5595 2842 5634 non
2872 5578 3050 5635 simul
3096 5580 3247 5636 Deus
3293 5585 3351 5637 et
3406 5598 3579 5637 mun-

156 5673 235 5744 ἦν
296 5673 491 5728 ποτεὸ
537 5672 665 5734 Θεὸς
724 5670 824 5725 οὐκ
878 5668 1118 5745 ἐνεργείᾳ
1173 5666 1537 5745 δημιουργὸς,
1594 5666 1795 5741 δυνάμε

1929 5668 2041 5723 dus
2072 5666 2270 5733 simul,
2309 5668 2456 5723 Deus
2485 5667 2804 5740 aliquando
2827 5685 2941 5724 non
2975 5675 3108 5725 actu
3140 5674 3263 5725 erat
3293 5671 3581 5741 conditor,

162 5758 228 5822 δὲ
265 5761 452 5838 μόνον.
484 5762 635 5815 ’Όθεν
684 5759 774 5817 καὶ
805 5756 1026 5828 ἀτελής·
1056 5758 1119 5812 τὸ
1166 5754 1390 5833 δυνάμει
1446 5756 1550 5841 γὰρ
1606 5753 1795 5822 ἀτελές

1931 5757 2035 5818 sed
2055 5755 2317 5831 potentia
2344 5759 2617 5814 tantum:
2661 5761 2720 5815 et
2774 5757 3020 5832 proinde
3070 5758 3247 5816 etiam
3317 5758 3584 5833 imperfe-

460 5890 727 5955 Punon.
775 5887 886 5953 Gn.
933 5885 1160 5952 CXLII.
3223 5885 3300 5955 89
