4024 6442
456 426 612 488 1297

1705 419 2126 483 NICEPHORI
2171 420 2607 484 BLEMMIDJE

3712 415 3875 484 i228

455 561 604 612 ctus:
637 555 800 621 Quod
829 552 985 609 enim
1037 549 1296 622 potentia
1358 553 1466 618 est,
1528 550 1934 623 imperfectum
1983 557 2090 610 est.

2212 552 2547 627 Ἐρωτητέον
2579 550 2670 606 οὖν
2720 551 2935 624 αὐτοὺς,
2968 551 3193 627 πότερον
3243 554 3272 608 ὁ
3315 555 3448 617 Θεὸς
3499 551 3869 631 ἀπειροδιΞνα-

453 643 727 700 Vicissim
758 641 871 714 ipsi
916 639 1314 711 interrogandi
1345 644 1484 694 sunt
1541 650 1736 697 utrum
1796 649 1946 698 Deus
1998 643 2099 714 qui

450 732 692 788 inﬁnitae
724 736 812 786 est
841 728 1132 802 potentiae,
1160 727 1316 782 hunc
1387 726 1581 784 solum
1641 732 1949 798 mundum,
1999 735 2102 786 aut

449 821 625 877 etiam
657 819 895 875 multos.
927 817 1073 873 alios
1106 816 1378 889 praesenti
1411 833 1600 887 pares,
1633 819 1976 888 produxisse
2007 836 2102 889 po-

448 909 666 966 tuerit?
694 907 751 963 Si
779 907 937 963 enim
969 923 1084 962 non
1119 905 1306 977 potuit
1359 904 1468 960 hoc
1521 911 1793 976 praestare
1853 913 1916 962 ut
1945 909 2101 964 274

449 998 595 1055 alios
625 998 801 1054 etiam
833 996 1086 1051 mundos
1125 995 1416 1050 conderet.
1475 997 1768 1066 quomodo
1799 1013 1932 1051 cum
1969 998 2097 1051 inﬁ-

451 1088 586 1142 nitae
617 1086 693 1142 sit
723 1085 1014 1158 potentiae,
1075 1101 1188 1138 non
1249 1084 1520 1138 infirmus
1578 1083 1688 1139 erit
1744 1102 1876 1140 cum
1909 1088 2100 1141 omnis

451 1177 511 1232 in
559 1175 863 1230 efﬁciendo
922 1175 1110 1246 posita
1139 1172 1380 1227 scientia
1409 1172 1656 1243 equalia
1703 1174 1887 1230 multa
1917 1178 2102 1230 facere

452 1264 681 1338 possit?
710 1263 872 1327 Quod
894 1263 941 1318 si
968 1279 1102 1318 cum
1137 1267 1332 1333 posset
1363 1278 1476 1315 non
1503 1262 1770 1332 producit
1798 1281 1810 1316 :
1875 1269 2104 1318 constat

450 1355 605 1427 quod
672 1358 928 1425 potestas
985 1366 1164 1424 quam
1221 1350 1280 1404 in
1336 1350 1570 1405 mundis
1627 1350 1770 1406 ortis
1855 1369 2102 1423 usurpa-

447 1444 531 1499 vit
557 1444 877 1515 producere
905 1457 1004 1498 eos
1036 1439 1252 1510 volens,
1294 1437 1554 1511 potentia
1613 1442 1838 1494 tantum
1910 1441 2006 1511 sit,
2046 1446 2103 1496 et

449 1531 789 1604 imperfecta
819 1546 886 1586 ex
914 1531 1176 1603 ipsorum
1207 1527 1517 1584 sententia.
1552 1527 1658 1582 Sed
1713 1545 1885 1585 nosse
1940 1547 2103 1601 opor—

448 1625 531 1678 tet
551 1620 615 1674 τὸ
655 1624 943 1693 potestate
969 1621 1047 1687 3°;
1081 1618 1212 1688 hoc,
1243 1616 1397 1688 quod
1421 1617 1590 1686 juxta
1642 1616 1888 1673 alterum
1920 1619 2102 1691 signi-

448 1712 688 1767 ﬁcatum
718 1713 825 1777 est,
859 1709 1014 1780 quod
1045 1708 1316 1780 equidem
1365 1705 1770 1776 imperfectum
1829 1724 1956 1764 esse
1988 1727 2101 1765 non

448 1803 657 1872 potest.
691 1799 749 1854 Si
781 1798 938 1852 enim
963 1797 1137 1853 etiam
1196 1797 1462 1864 alterum,
1525 1799 1934 1869 imperfectum
1979 1803 2101 1866 est;

2212 662 2314 713 μος
2365 639 2438 695 ὢν
2471 642 2682 696 τουτονὶ
2717 641 2878 714 μόνον
2921 638 3156 709 ἠδυνατο
3209 643 3303 696 τὸν
3349 644 3559 718 κόσμον
3617 663 3869 718 παραγα-

2207 735 2317 804 γεῖν
2359 731 2393 798 ἢ
2445 729 2533 784 καὶ
2584 728 2788 792 ἄλλους
2836 728 3082 791 πολλοὺς
3126 735 3205 802 τῷ
3246 733 3472 806 παρόντι
3524 731 3872 808 παρισουμέ-

2208 839 2331 880 νους
2359 838 2370 886 ;
2406 819 2468 873 Ei
2521 819 2612 891 μὶν
2646 820 2748 894 γὰρ
2784 819 2890 894 οὐχ
2919 819 3032 881 οἷός
3062 840 3121 874 τε
3151 821 3218 889 ἦν
3249 820 3336 874 καὶ
3369 819 3583 883 ἄλλους
3628 821 3872 893 κόσμους

2209 914 2564 983 παραγαγεῖν,
2614 913 2731 970 πῶς
2781 907 2880 962 ουκ
2923 909 3142 976 ἀσθενὴς
3194 909 3222 962 6
3272 909 3724 985 ἀπειροδὺναμος
3776 912 3870 964 πά-

2211 1017 2308 1064 σης
2385 1004 2679 1066 ποιητικῆς
2753 997 3059 1069 ἐπιστήμης
3133 995 3218 1050 ἴσα
3292 997 3479 1053 πολλὰ
3559 997 3870 1071 δυναμένης

2210 1091 2383 1139 ποιεῖν
2414 1105 2426 1153 ;
2459 1085 2520 1139 Εἰ
2575 1083 2631 1139 δὲ
2680 1083 2970 1156 δυνάμενος
3024 1085 3085 1139 οὑ
3128 1089 3428 1162 παρήγαγε,
3478 1085 3662 1156 δῆλον
3714 1088 3795 1148 ὡς
3839 1090 3868 1153 ἡ

2211 1172 2459 1244 δύναμις,
2492 1175 2628 1246 ᾗπερ
2677 1173 2735 1228 ἂν
2789 1173 2875 1227 ἐπὶ
2943 1178 3048 1227 τῶν
3121 1175 3195 1245 μὴ
3266 1172 3569 1250 γεγονότων
3648 1177 3872 1246 κόσμῷν

2213 1263 2483 1336 ἐχρήσατο
2532 1261 2784 1336 παράγειν
2829 1261 3054 1323 τούτους
3123 1261 3345 1333 ἐθέλων,
3401 1261 3636 1336 δυνάμει
3715 1264 3870 1336 μόνον

2213 1349 2322 1404 ἐστὶ
2370 1351 2457 1405 καὶ
2511 1351 2626 1405 κατ’
2684 1349 2877 1412 αὐτοὺς
2936 1348 3156 1420 ἀτελής.
3185 1348 3343 1406 Ἀλλ’
3377 1349 3577 1407 εἰδέναι
3641 1354 3763 1428 χρὴ
3818 1353 3873 1407 τὸ

2213 1437 2434 1512 δυνάμει
2478 1443 2639 1493 τοῦτο
2689 1439 2822 1493 κατᾶ
2868 1438 2930 1492 τὸ
2980 1435 3226 1514 δεύτερον
3271 1438 3328 1494 ὃν
3379 1439 3871 1513 σημαινόμενον,ὃ

2213 1525 2278 1598 δή
2292 1548 2384 1603 περ
2417 1526 2478 1582 οὐ
2510 1527 2739 1606 πέφυκεν
2770 1525 2973 1589 ἀτελές.
3006 1527 3069 1582 Εἰ
3100 1529 3204 1604 γὰρ
3255 1527 3439 1591 ἀτελὲς
3491 1529 3586 1584 καὶ
3639 1531 3706 1584 τὸ
3765 1529 3872 1584 δεό-

2210 1638 2387 1692 τερον,
2436 1614 2612 1678 οὐδεὶς
2660 1615 2802 1692 ἔχων
2853 1617 3146 1686 ποιητικὴν
3197 1615 3530 1690 ἐπιστήμην,
3590 1620 3718 1682 καθ’
3785 1619 3869 1672 αὖε

2211 1700 2301 1758 τόν
2334 1703 2440 1760 ἐστι
2487 1704 2698 1766 τέλειος
2749 1702 3002 1778 δεόμενος
3050 1710 3156 1759 τῶν
3218 1705 3270 1760 ἐν
3332 1707 3412 1768 οἷς
3468 1705 3679 1782 ἐνεργεῖ
3741 1707 3869 1782 πρὸς

2209 1792 2510 1850 τελείωσιν.
2546 1793 2641 1847 Καὶ
2675 1792 2817 1848 οὕτω
2849 1790 3092 1864 δεήσεται
3124 1798 3220 1848 τοῦ
3263 1794 3515 1869 χείρονος
3561 1795 3630 1850 τὸ
3691 1801 3868 1871 κρεῖτ-

448 1887 648 1944 nullus
679 1885 778 1958 qui
809 1885 1100 1942 efficiendi
1131 1887 1305 1943 habet
1363 1890 1688 1956 scientiam,
1747 1904 1848 1959 per
1877 1903 1938 1942 se
1971 1903 2096 1958 per-

2214 1903 2328 1938 ‘CO‘I'
2372 1883 2445 1944 ὡς
2494 1885 2582 1937 καὶ
2629 1886 2733 1936 τῶν
2784 1884 3172 1958 παραγομένων
3219 1883 3246 1936 6
3296 1883 3559 1959 παράγων
3614 1885 3754 1946 Θεὸς
3804 1882 3867 1938 εἷ’-

449 1978 636 2033 fectus
668 1979 796 2031 est:
831 1975 990 2047 quod
1033 1976 1104 2030 ad
1138 1977 1550 2048 perfectipnem
1581 1977 1654 2032 iis
1685 1993 1832 2047 opus
1871 1975 2108 2050 habeat,

448 2065 509 2120 in
559 2065 773 2137 quibus
823 2069 995 2135 agat:
1030 2068 1205 2136 atque
1251 2066 1332 2120 ita
1402 2066 1776 2137 prmstantius
1827 2066 2109 2122 deteriore

2217 1993 2316 2047 περ
2376 1971 2520 2042 αὐτῷ
2595 1972 2825 2048 πέφυκεν
2882 1968 3027 2024 αίίτια
3079 1974 3178 2025 τοῦ
3238 1971 3332 2044 μὲν
3394 1969 3626 2044 δυνάμει
3697 1971 3867 2028 δοκεῖν

2219 2062 2377 2116 αὑτὸν
2406 2062 2663 2131 ποιητήν.

447 2170 595 2227 opus
642 2153 903 2223 habebit,
954 2157 1020 2208 ut
1071 2158 1128 2208 et
1184 2155 1481 2225 productis
1539 2156 1864 2229 producens
1923 2160 2096 2223 Deus,
2136 2153 2428 2228 siquidem
2462 2151 2584 2208 hzec
2622 2151 2732 2222 ipsi
2781 2167 2969 2207 causae
3019 2149 3361 2221 exstiterint,
3392 2151 3728 2224 quominus
3778 2170 3866 2225 po-

447 2243 633 2299 tentia
659 2245 886 2297 creator
914 2241 1200 2296 videatur.

517 2331 610 2386 25.
669 2331 1031 2402 Quapropter
1115 2348 1229 2386 non
1301 2338 1441 2388 sunt
1511 2333 1689 2389 simul
1747 2337 1992 2402 creator,
2043 2339 2100 2388 et

446 2423 713 2476 creatura
742 2417 917 2474 simul
939 2423 1068 2474 actu
1095 2437 1108 2486 ;
1144 2420 1244 2475 sed
1277 2421 1456 2476 simul
1489 2426 1719 2478 creator
1746 2426 1803 2476 et
1833 2427 2099 2477 creatura

447 2513 587 2564 sunt
615 2507 941 2564 secundum
971 2509 1204 2563 creandi
1235 2513 1292 2565 et
1321 2510 1610 2566 condendi
1643 2511 1919 2577 rationes,
1971 2527 2097 2580 quae

449 2595 520 2650 ab
551 2598 762 2649 aeterno
792 2593 851 2648 in
883 2593 1180 2650 conditore
1210 2595 1485 2661 existunt,
1521 2597 1754 2668 ipsique
1803 2602 2097 2652 coaaternaa

449 2688 628 2740 sunt:
662 2682 761 2754 qui
785 2683 1020 2754 quidem
1052 2689 1347 2740 creaturas
1371 2685 1544 2740 etiam
1577 2702 1806 2755 semper
1870 2685 2099 2741 volebat

450 2772 791 2845 producere,
823 2771 959 2841 quia
1014 2788 1244 2844 semper
1272 2774 1446 2830 etiam
1475 2775 1700 2830 bonust
1733 2779 1872 2830 tunc
1901 2780 2097 2830 autem

449 2861 824 2932 producebat,
857 2861 1091 2931 quando
1121 2877 1247 2932 qua
1278 2863 1771 2934 producebantur,
1805 2867 2097 2935 poterant.

446 2949 647 3021 Neque
703 2949 858 3004 enim
916 2966 1049 3004 cum
1082 2949 1314 3005 inﬁnita
1357 2951 1505 3008 275
1542 2951 1916 3023 producentis
1946 2951 2100 3007 exsi-

446 3038 660 3094 stentia
688 3036 868 3092 simul
899 3053 1026 3093 esse
1055 3044 1327 3110 possunt,
1359 3056 1426 3095 eo
1457 3040 1610 3110 quod
1642 3057 1842 3095 eorum
1901 3057 2098 3096 essen-

443 3127 525 3184 tia
552 3143 666 3181 non
690 3127 767 3181 sit
795 3126 986 3182 Deus:
1029 3143 1218 3198 neque
1273 3133 1390 3183 Deo
1447 3128 1713 3199 aequalia.
1773 3130 1965 3200 quoad
2017 3129 2102 3184 in-

448 3215 774 3272 flnitionem
821 3215 1190 3286 exsistentiae,
1250 3217 1454 3288 possit.
1497 3217 1555 3271 Si
1605 3218 1760 3272 enim
1806 3222 2015 3273 natura
2045 3222 2102 3274 et

447 3303 702 3359 essentia
733 3303 1102 3374 produxisset
1125 3309 1274 3360 Deus
1323 3322 1516 3377 opera,
1572 3306 1900 3361 necessario
1923 3307 2098 3362 etiam

2278 2332 2369 2387 κε’.
2403 2331 2500 2384 Διά
2541 2331 2686 2381 ταῦτ’
2731 2325 2829 2381 οὑκ
2869 2322 3008 2382 ἔστιν
3059 2327 3172 2400 ἅμα
3210 2329 3448 2397 ποιητὴς
3483 2329 3604 2400 ἅμα
3649 2331 3866 2401 ποίημα

2204 2420 2321 2474 κατ’
2386 2416 2676 2492 ἐνέργειανο
2737 2413 2862 2470 ἀλλ’
2940 2417 3053 2488 ἅμα
3126 2418 3383 2487 ποιητὴς,
3446 2417 3566 2489 ἅμα
3654 2419 3867 2490 ποίημα

2205 2507 2340 2562 κατὰ
2412 2505 2539 2566 τοὺς
2612 2502 2933 2573 ποιητικοὺς
2992 2501 3195 2578 λόγους
3255 2505 3342 2558 καὶ
3403 2501 3866 2582 δημιουργικῶς,

2206 2593 2551 2670 προαιωνίως
2607 2594 2910 2670 ὑφεστῶτας
2963 2591 3014 2646 ἐν
3063 2597 3142 2663 τῷ
3201 2589 3524 2668 δημιουργῷ
3591 2595 3686 2648 καὶ
3749 2617 3861 2648 συν-

2208 2681 2416 2745 αϊδίους
2465 2677 2622 2743 ὄντας
2668 2680 2832 2752 αὐτῷ,
2884 2679 3099 2744 θέλοντι
3159 2682 3252 2753 μὲν
3314 2681 3396 2735 ἀεὶ
3453 2683 3723 2758 παράγειν
3781 2687 3862 2737 καὶ

2206 2773 2274 2827 τὰ
2329 2773 2632 2843 ποιήματα,
2695 2767 2832 2824 διότι
2890 2769 2981 2824 καὶ
3037 2769 3118 2824 ἀεὶ
3178 2768 3394 2844 ἀγαθός·
3426 2770 3556 2824 τότε
3620 2769 3678 2826 δὲ
3733 2792 3862 2846 παρ-

2209 2863 2412 2937 άγοντι,
2472 2859 2560 2914 ὅτε
2635 2859 2703 2912 τὰ
2781 2858 3136 2932 παραγόμενα
3225 2854 3463 2914 δύναται.
3537 2857 3686 2914 Οὐδέ
3769 2863 3860 2934 γὰρ

2209 2948 2458 3025 ΐσχὺουσι
2513 2952 2582 3021 τῇ
2632 2945 2839 3021 ἀπείρῳ
2883 2950 2982 3001 τοῦ
3027 2945 3365 3021 παράγοντος
3417 2945 3652 3022 ὑπάρξει
3704 2954 3862 3002 σ’πεῖ-

2207 3059 2311 3109 ναι,
2341 3043 2420 3109 τῷ
2480 3038 2554 3109 μή
2615 3037 2742 3090 Θεὸν
2803 3034 2938 3090 εἶναι
2994 3034 3199 3089 τούτων
3233 3035 3329 3102 τὴν
3364 3034 3578 3107 οὐσίαν,
3623 3035 3755 3110 μηδ’
3789 3036 3866 3091 ἴω

2209 3125 2511 3199 δυναμένην
2570 3129 2686 3196 Θεῷ
2729 3124 2866 3179 κατά
2920 3124 2981 3178 τὸ
3036 3127 3136 3192 τῆς
3195 3123 3472 3199 ὑπάρξεως
3523 3124 3866 3199 ἅπειρον,Εὶ

2214 3216 2306 3287 μὲν
2337 3215 2438 3290 γὰρ
2470 3217 2536 3287 τῇ
2570 3213 2721 3291 φύσει
2752 3212 2841 3267 καὶ
2889 3216 2958 3286 τῇ
3009 3212 3164 3286 οὐσίῃ
3218 3214 3454 3288 παρῆγεν
3511 3214 3538 3267 6
3605 3212 3868 3290 δημιουρ-

2207 3304 2302 3379 γὸς
2382 3304 2449 3357 τὰ
2532 3300 3014 3376 δημιουργήματα,
3076 3308 3306 3370 συνῆσαν
3392 3300 3450 3356 ἂν
3509 3301 3564 3372 ἐξ
3630 3305 3865 3380 ἀνάγκης

450 3409 581 3448 cum
612 3392 712 3448 illo
742 3393 919 3448 simul
949 3393 1236 3449 fuissent:
1274 3399 1338 3449 ut
1358 3411 1484 3465 quae
1507 3395 1769 3465 ejusdem
1802 3412 1933 3450 cum
1968 3396 2095 3463 ipso

2209 3393 2372 3463 αὐτῷ,
2402 3400 2502 3461 τῆς
2534 3391 2698 3460 αὐτῆς
2741 3390 2887 3462 αὐτῷ
2933 3389 3139 3468 φύσεως
3186 3385 3314 3444 ὄντα
3360 3391 3450 3444 καὶ
3501 3390 3722 3454 οὐσίας·
3761 3393 3866 3448 ἐπεὶ

451 3485 649 3538 essent
677 3489 898 3537 natura}
929 3488 986 3537 et
1014 3483 1301 3538 essentia.
1326 3484 1610 3547 Quoniam
1643 3488 1838 3539 autem
1887 3489 2099 3540 natura

451 3571 687 3643 quidem
747 3575 804 3626 et
850 3570 1101 3626 essentia
1161 3571 1368 3643 gignit,
1417 3571 1714 3627 voluntate
1790 3576 1988 3628 autem
2043 3577 2099 3627 et

453 3658 811 3730 beneplacito
849 3659 1082 3714 condit:
1144 3660 1415 3731 genimen
1475 3662 1746 3732 equidem
1804 3661 2099 3716 coexsistit

450 3751 587 3812 Deo,
619 3753 922 3819 propterea
974 3749 1127 3818 quod
1185 3749 1362 3804 etiam
1422 3750 1683 3820 ejusdem
1742 3750 2009 3804 essentiae
2041 3753 2099 3806 et

448 3839 668 3890 naturae
709 3835 1130 3892 invariabiliter
1160 3853 1401 3908 prorsus
1431 3841 1519 3892 est
1547 3854 1682 3893 cum
1705 3838 1917 3908 ipso,et
1943 3854 2096 3892 unus

447 3923 602 3980 Deus
633 3923 808 3978 simul
866 3923 1021 3995 quod
1060 3924 1247 3996 gignit
1303 3928 1360 3980 et
1403 3925 1684 3996 gignitur,
1716 3929 1782 3980 ut
1811 3941 1877 3980 ea
1907 3941 2098 3997 neque

448 4016 684 4083 tempus
715 4029 749 4066 a
771 4028 832 4068 se
865 4012 1132 4077 invicem,
1164 4014 1792 4085 nequebéneplacitum
1807 4019 1862 4069 et
1889 4014 2094 4070 volun-

447 4105 558 4166 tas,
577 4116 766 4171 neque
797 4101 1074 4172 potentia,
1108 4116 1296 4171 neque
1336 4101 1540 4173 gloria,
1600 4107 1701 4156 aut
1767 4103 2093 4174 quidquam

447 4187 628 4257 aliud,
661 4189 901 4244 dividat.
937 4189 1146 4244 Eodem
1179 4191 1350 4244 modo
1380 4205 1441 4244 se
1471 4190 1646 4246 habet
1675 4190 1732 4243 id
1765 4191 1920 4261 quod
1954 4208 2093 4263 pro-

441 4277 614 4335 cedit.
648 4278 715 4332 Et
743 4276 938 4350 ipsum
969 4278 1127 4332 enim
1158 4277 1546 4334 essentialiter
1574 4295 1642 4333 ex
1677 4280 1784 4334 Deo
1816 4282 1873 4334 et
1916 4284 2092 4335 natu-

439 4366 640 4423 raliter
669 4367 946 4439 procedit.
973 4366 1155 4422 Omne
1185 4371 1379 4422 autem
1411 4367 1708 4438 Opiﬁcium
1751 4367 1950 4439 procul
1997 4385 2090 4424 re-

442 4456 595 4512 cedit
623 4473 658 4511 a
702 4455 898 4511 divina
953 4455 1309 4525 exsistentia,
1373 4456 1871 4527 quemadmodum
1911 4457 2088 4511 etiam

443 4544 515 4600 ab
576 4543 817 4600 artificis
873 4543 1178 4600 existentia
1233 4544 1388 4615 quod
1449 4545 1520 4599 ab
1573 4549 1694 4600 arte
1730 4544 1947 4600 factum
1979 4549 2086 4600 est.

443 4632 608 4688 Prius
628 4632 784 4687 enim
815 4632 1010 4687 existit
1040 4632 1268 4698 artifex,
1301 4649 1475 4704 quam
1525 4649 1616 4688 res
1676 4650 1806 4704 quin
1861 4635 1933 4688 ab
1961 4634 2088 4705 ipso

441 4735 510 4776 ex
539 4724 661 4776 arte
681 4721 949 4777 efficitur.
982 4721 1166 4777 Omne
1203 4727 1400 4776 autem
1450 4723 1720 4777 effectum
1765 4722 2090 4778 necessario

438 4813 528 4866 est
583 4810 878 4882 posterius
953 4827 1134 4866 causa
1191 4810 1499 4877 efﬁciente,
1573 4811 1645 4866 de
1702 4810 1795 4865 his
1853 4811 2090 4882 quidem

440 4898 726 4955 hactenus
755 4903 986 4955 tantum
1017 4899 1234 4955 dixisse
1267 4899 1540 4955 sufficiat.

509 4987 600 5042 26.
635 4987 920 5051 Quoniam
978 4992 1175 5043 autem
1235 5004 1416 5060 supra
1457 4988 1900 5042 firmamentum
1934 4988 2090 5044 270

441 5075 734 5145 copiosam
791 5093 924 5131 esse
975 5093 1187 5148 aquam
1247 5076 1442 5132 divina
1497 5077 1664 5132 docet
1714 5077 2015 5148 Scriptura
2044 5081 2086 5117 ³¹

439 5162 563 5218 fieri
595 5169 789 5218 autem
821 5180 934 5218 non
967 5181 1139 5236 posse
1169 5163 1389 5237 aliquid
1435 5165 1792 5234 existimant,
1828 5170 1891 5219 ut
1937 5182 2090 5237 aqua

437 5251 497 5306 in
526 5251 880 5307 convexitate
920 5254 1178 5324 sphaera,
1239 5258 1494 5324 maneat,
1555 5271 1689 5310 cum
1741 5258 1896 5309 ﬂuxa
1925 5255 2002 5308 sit
2034 5258 2090 5309 et

436 5338 604 5395 facile
633 5339 993 5395 diffundatur
1022 5347 1077 5396 et
1107 5343 1379 5398 deorsum
1422 5343 1677 5409 feratur;
1740 5342 1797 5396 hi
1831 5341 2085 5398 divinam

437 5433 632 5484 mente
669 5429 998 5499 concipiant
1035 5430 1492 5502 omnipotentem
1525 5438 1581 5486 et
1610 5432 1876 5487 omnium
1905 5431 2088 5486 homi-

437 5533 582 5575 num
610 5517 959 5589 cogitatlone
990 5517 1330 5590 viribusque
1351 5519 1709 5591 superiorem
1726 5520 2044 5591 potentiam
2070 5538 2083 5588 ;

503 5733 548 5773 ³ο
577 5732 720 5794 Vide
751 5747 932 5809 supra
960 5749 1018 5810 p.
1052 5731 1140 5790 46.
1214 5731 1260 5770 ³³
1291 5731 1433 5791 Gen.
1467 5749 1508 5806 I,
1537 5734 1610 5804 6;
1643 5736 1740 5792 Ps.
1770 5748 1999 5807 CXLVIII,
2031 5735 2086 5797 4.

2209 3479 2265 3536 δὲ
2312 3480 2464 3557 φύσει
2517 3482 2608 3553 μὲν
2654 3481 2744 3533 καὶ
2789 3478 2943 3549 οὐσίᾳ
2990 3483 3168 3553 γεννᾷ,
3221 3475 3442 3548 θελήσει
3483 3476 3542 3533 δὲ
3596 3482 3690 3535 καὶ
3745 3483 3866 3557 βου-

2208 3569 2366 3639 λήσει
2417 3567 2762 3644 δημιουργεῖ’
2811 3569 2872 3622 τὸ
2918 3568 3163 3642 γέννημα
3214 3567 3306 3640 μὲν
3379 3568 3728 3644 συνυπάρχει
3797 3575 3870 3641 τῷ

2211 3664 2348 3729 Θεῷ,
2385 3653 2525 3712 διότι
2572 3657 2660 3712 καὶ
2709 3663 2808 3725 τῆς
2866 3655 3033 3726 αὐτῆς
3089 3655 3270 3717 οὐσίας
3302 3655 3392 3710 καὶ
3423 3655 3644 3733 φύσεως
3701 3660 3871 3732 ἀπαρ-

2208 3746 2496 3809 αλλάκτως
2545 3745 2768 3818 πάμπαν
2819 3744 2966 3816 αὖτῷ
3012 3745 3102 3798 καὶ
3153 3744 3282 3806 Θεὸς
3317 3747 3392 3806 εἷς
3427 3745 3574 3818 ὁμοῦ
3641 3749 3706 3801 τὸ
3757 3770 3870 3823 τεν-

2204 3842 2311 3890 νῶν
2359 3836 2447 3890 καὶ
2496 3836 2556 3890 τὸ
2603 3835 2930 3910 γενώμενον,
2989 3835 3126 3906 μήτε
3184 3834 3388 3909 χρόνου
3442 3836 3599 3888 ταῦτ’
3635 3838 3731 3890 ἀπ’
3778 3838 3867 3891 ἁ).-

2207 3923 2398 3994 λήλων
2461 3923 2789 3999 μερίζοντες,
2851 3923 2988 3994 μήτε
3041 3919 3360 3996 βουλήσεως
3418 3922 3513 3976 καὶ
3565 3922 3865 3995 θελήσως,

2209 4016 2347 4086 μήτε
2377 4011 2654 4084 δυνάμεως
2756 4009 2914 4080 δόξης
2968 4011 3003 4078 ἢ
3059 4007 3234 4063 ἄλλου
3292 4014 3399 4064 τῶν
3459 4008 3635 4066 ὄντων
3698 4014 3866 4075 τινός.

2200 4102 2470 4163 Ὡσαύτως
2539 4100 2629 4154 καὶ
2712 4100 2775 4153 τὸ
2856 4097 3305 4173 ἐκπορευόμενον,
3364 4099 3455 4153 καὶ
3538 4099 3676 4156 αὐτὸ
3769 4103 3865 4177 γὲρ

2202 4187 2479 4252 οὑσιωδῶς
2538 4189 2597 4243 ἐκ
2650 4191 2746 4243 τοῦ
2806 4191 2940 4242 Θεοῦ
3008 4186 3098 4241 καὶ
3169 4191 3405 4264 φυσικῶς
3479 4186 3858 4266 ἐκπορεύεται.

2201 4277 2603 4354 Δημιοὺργημα
2687 4274 2745 4331 δὲ
2827 4282 2927 4330 πᾶν
3011 4274 3203 4352 πόρῥω
3275 4275 3463 4330 πίπτει
3525 4281 3636 4346 τῆς
3715 4279 3855 4340 θείας

2202 4367 2497 4441 ὑπάρξεως,
2529 4365 2708 4441 ὥσπερ
2739 4365 2828 4420 καὶ
2873 4367 2971 4432 τῆς
3019 4368 3117 4418 τοῦ
3163 4365 3415 4440 τεχνίτου
3467 4365 3758 4441 ὑπάρξεως
3801 4367 3856 4422 τὸ

2197 4455 2604 4531 τεχνοὺργήμα·
2660 4455 3006 4529 προϋπάρχει
3063 4454 3166 4527 γὰρ
3214 4453 3242 4506 6
3288 4453 3546 4527 τεχνίτης
3609 4460 3715 4509 τοῦ
3776 4456 3855 4511 ὑπ’

2198 4543 2360 4598 αὐτοῦ
2415 4541 2916 4618 τεχνουργουμένου
2974 4539 3314 4618 πράγματος·
3376 4540 3603 4616 ὕστερον
3668 4541 3733 4599 δὲ
3762 4550 3855 4598 πᾶν

2200 4631 2545 4704 ἀποτέλεσμα
2587 4637 2689 4699 τῆς
2739 4631 2928 4686 ἑαυτοῦ
2975 4631 3270 4700 ποιητικῆς
3302 4629 3478 4692 αῗτίας
3508 4629 3562 4701 ἐξ
3596 4631 3855 4708 ἀνάγκης.

2124 4761 2170 4824 D
2199 4719 2376 4776 Ἀλλὰ
2403 4725 2570 4775 ταῦτα
2605 4720 2698 4793 μὲν
2732 4718 2819 4774 ἐπὶ
2846 4723 3125 4776 τοσοῦτον.

2271 4988 2371 5050 κς’.
2418 4985 2564 5042 Ἐπεὶ
2617 4985 2663 5041 δ’
2713 4987 2891 5040 ἐπάνω
2937 4990 3035 5041 τοῦ
3081 4986 3457 5062 περεὼματος
3515 4983 3669 5064 ὕδωρ
3727 4986 3854 5046 εἶναι

2199 5075 2550 5146 πολυπληθὶς
2582 5078 2616 5145 ἡ
2663 5074 2779 5130 θεία
2825 5071 3061 5130 διδάσκει
3098 5076 3309 5152 Γραφή,
3338 5075 3480 5137 τινες
3512 5073 3557 5130 δ’
3592 5074 3852 5133 ἀδύνατον

2199 5163 2401 5219 οἷόνται
2451 5166 2547 5233 τήν
2589 5169 2685 5218 τοῦ
2733 5161 2925 5226 ὕδατος
2975 5163 3128 5241 φύσιν
3189 5163 3366 5236 μένειν
3401 5163 3490 5218 ἐπὶ
3522 5171 3626 5220 τοῦ
3655 5170 3853 5243 κυρτσῗ)

2196 5260 2294 5322 τῆς
2372 5252 2619 5330 σφαίρας,
2693 5251 2855 5328 ῥυτήν
2937 5251 3095 5306 οὖσαν
3182 5252 3270 5306 καὶ
3364 5249 3695 5329 εὐδιάχυτον
3772 5255 3853 5311 καὶ

2195 5348 2504 5419 κατωφερῆ·
2554 5343 2653 5410 τὴν
2713 5340 2854 5394 θείαν
2908 5339 3246 5395 ἐννοείτωσαν
3305 5340 3453 5395 οὗτοι
3519 5343 3853 5399 παντοδὺνα-

2200 5451 2298 5501 μον
2347 5431 2436 5484 καὶ
2489 5427 2858 5505 ὑπερδύναμον
2917 5427 3164 5502 δύναμιν,
3215 5428 3336 5497 ἥτις
3389 5429 3550 5506 ἰσχὺν
3607 5432 3852 5504 ἐνέθηκεν

2198 5513 2642 5594 ὑπερϐάλλουσαν
2696 5519 2786 5573 καὶ
2841 5523 2922 5592 τῷ
2979 5519 3333 5596 στερεώματι,
3375 5518 3697 5594 κωλυτικὴν
3761 5524 3852 5592 τῆς
