4024 6462
140 412 294 478 1229

1452 410 1805 478 EPITOME
1845 416 2207 479 PHYSICA.

3384 419 3539 478 1230

138 551 234 603 τοῦ
284 543 477 608 ὕδατος
524 543 613 600 ἐπὶ
658 545 722 600 τὸ
769 543 915 601 κάτω
962 551 1151 624 φορᾶς.
1187 548 1285 601 Διὰ
1331 550 1491 601 τοῦτο
1535 545 1639 621 γὰρ
1688 545 1778 601 καὶ

1896 565 2021 620 quas
2078 546 2626 609 excellentissimam
2660 550 3083 608 ﬁrmitudinem
3112 549 3287 607 etiam
3346 550 3546 605 ﬁrma-

141 633 421 712 στερέωμα
483 631 765 703 κέκληται,
812 634 885 696 ὡς
958 636 1169 711 στερεὸν
1222 635 1311 690 καὶ
1387 636 1640 711 κραταιὸν
1692 635 1780 690 καὶ

142 721 438 781 ἀνένδοτον.
474 724 680 777 Ἐκεῖνο
717 724 809 796 μὲν
852 721 941 777 οὖν
980 724 1043 778 τὸ
1091 721 1238 800 ὕδωρ
1288 722 1611 779 λεπτότατόν
1672 724 1781 778 ἐστι

138 814 227 870 καὶ
275 811 631 890 κουφότατον,
665 811 741 873 ὡς
787 812 1127 886 προείρηται,
1177 812 1374 874 παντὸς
1426 810 1639 874 ὕδατος
1700 811 1784 866 ὅτι

141 901 513 977 δημιουργικῇ
542 899 828 975 προστάξει
872 899 1009 956 κατά
1053 922 1172 956 τινα
1212 902 1323 956 οἷον
1381 901 1634 971 διήθησιν
1690 904 1785 954 τοῦ

141 994 436 1068 ὁμογενοῦς
498 987 846 1065 διακέκριται,
895 990 985 1045 καὶ
1054 988 1244 1053 ἁπλῶς
1312 990 1479 1044 εἰπεῖν
1547 987 1787 1062 ὑδατηρὰ

138 1080 370 1149 ποιότης
397 1084 516 1141 ταῖς
547 1083 644 1133 τοῦ
672 1079 842 1153 πυρὸς
897 1080 1095 1154 ὁρμαῖς
1144 1079 1592 1154 ἀντεπράττουσα.
1626 1074 1784 1132 Δεδό-

143 1172 253 1225 σθω
282 1166 342 1223 δὶ
367 1168 429 1223 τὸ
460 1165 606 1242 ὕδωρ
639 1166 806 1221 ἐκεῖνο
837 1166 926 1221 καὶ
956 1166 1267 1241 παχύτερον
1302 1167 1433 1220 εἶναι
1483 1166 1572 1221 καὶ
1627 1166 1788 1240 βαρύ-

140 1278 294 1334 τερον
322 1256 411 1312 καὶ
441 1255 746 1332 κατωφερὲς
777 1255 864 1309 καὶ
897 1256 1113 1333 φοινικὴ
1148 1253 1275 1330 ἔχον
1333 1254 1529 1331 ῥοπήν,
1561 1255 1696 1331 πρὸς
1724 1255 1787 1311 τὸ

144 1344 470 1402 ἐπιπολάσαι
526 1348 595 1418 τῇ
626 1347 748 1419 γῇ,
798 1344 850 1397 τί
905 1345 967 1398 τὸ
1026 1344 1297 1412 ὲντεῦθεν;
1360 1344 1509 1399 Ἐπεὶ
1562 1342 1783 1413 τοιαύτη

145 1434 284 1489 ἐστὶν
349 1436 385 1502 ἡ
442 1431 597 1510 φύσις
670 1436 765 1486 τοῦ
841 1433 1213 1509 στερεώματος
1289 1430 1478 1508 ο⁹ἱαπερ
1555 1429 1786 1505 εἶ’ρηται,

142 1516 541 1600 περιλαμϐάνει
583 1526 749 1575 πᾶσαν
804 1521 901 1589 τὴν
948 1528 1175 1597 σφαῖραν
1224 1522 1313 1576 καὶ
1362 1520 1565 1591 ταύτης
1612 1520 1788 1596 ἐξεχε-

141 1632 232 1667 ται
277 1611 369 1666 τὸν
421 1609 618 1665 οἰκεῖον
670 1608 833 1664 τόπον
885 1608 1217 1684 πανταχόθεν
1271 1614 1485 1682 ζητοῦν,
1517 1609 1606 1663 καὶ
1646 1609 1789 1664 οὕτω

143 1700 312 1774 ταύτῃ
359 1697 833 1776 συμπεριφέρεται.
883 1698 952 1752 Τὸ
1001 1695 1046 1751 δ’
1089 1696 1169 1751 ὅτι
1220 1698 1479 1774 περιέσχε
1541 1695 1634 1752 τὸν
1706 1697 1792 1751 οὗ·

1895 644 2090 694 mcnto
2146 639 2378 707 indidit,
2436 656 2548 711 quo
2577 657 2731 711 aqua
2761 640 3119 709 cohibeatur,
3154 655 3224 694 ne
3265 639 3542 694 deorsum

1892 726 2202 782 laberetur.
2234 734 2559 801 Eapropter
2587 728 2741 784 enim
2775 728 2953 784 etiam
2986 728 3423 782 ﬁrmamentum
3453 730 3545 783 est

1892 820 2182 881 vocatum,
2214 818 2366 888 quod
2399 818 2638 872 ﬁrmum
2667 817 2743 871 sit
2771 822 2827 871 et
2866 816 3151 883 validum,
3186 814 3544 885 minimeque

1895 904 2126 960 cedens.
2162 904 2264 959 llla
2302 904 2483 977 igitur
2539 922 2693 976 aqua
2746 904 3095 960 tenuissima
3146 908 3201 959 et
3247 902 3544 960 levissima

1896 997 2006 1062 est,
2040 998 2103 1047 ut
2133 999 2268 1048 ante
2300 993 2547 1063 dictum,
2580 993 2846 1048 omnium
2878 1009 3160 1063 aquarum
3192 1010 3206 1060 ;
3240 992 3380 1063 quia
3409 1009 3542 1048 con-

1897 1081 2103 1136 ditoris
2125 1084 2297 1153 jussu
2331 1083 2655 1137 secundum
2691 1082 2945 1152 aliquam
2976 1081 3154 1137 veluti
3203 1081 3539 1136 distillatio-

1898 1186 2029 1225 nem
2064 1171 2133 1225 ab
2165 1186 2233 1225 ea
2264 1187 2390 1242 quae
2421 1171 2686 1241 ejusdem
2719 1170 2970 1243 generis,
3004 1176 3302 1243 segregata
3330 1178 3452 1238 est;
3486 1173 3543 1226 et

1898 1263 1963 1313 ut
1983 1258 2328 1331 simpliciter
2348 1259 2755 1332 dicam,aquea
2777 1259 3029 1331 qualitas
3050 1258 3367 1330 impetibus
3388 1257 3542 1331 ignis

1899 1347 2213 1403 obsistens.
2263 1348 2476 1403 Datum
2510 1352 2707 1404 autem
2764 1348 2960 1414 fuerit,
3020 1348 3175 1419 quod
3232 1346 3337 1402 illa
3393 1363 3543 1418 aqua

1900 1437 2074 1492 etiam
2134 1436 2382 1493 crassior
2427 1440 2484 1492 et
2521 1438 2752 1509 gravior
2781 1437 2879 1506 sit,
2933 1441 2990 1493 et
3042 1437 3317 1493 deorsum
3346 1434 3542 1492 labilis

1898 1524 2346 1596 naturalemque
2375 1524 2583 1581 habeat
2615 1524 3074 1593 inclinationem,
3112 1529 3176 1581 ut
3207 1530 3373 1581 terrae
3404 1542 3543 1597 pos-

1899 1616 1989 1668 set
2017 1612 2356 1667 incumbere
2389 1631 2401 1667 :
2436 1613 2576 1684 quid
2604 1612 2738 1668 inde
2767 1613 3021 1686 amplius
3041 1613 3070 1668 ?
3107 1613 3391 1677 Quoniam
3422 1612 3545 1668 haec

1898 1705 1995 1757 est
2019 1705 2229 1756 natura
2259 1702 2611 1757 ﬁrmamenti
2639 1719 2763 1772 quae
2809 1701 2967 1757 dicta
2994 1706 3102 1772 est,
3132 1705 3317 1757 totam
3349 1700 3540 1773 sphae-

150 1789 308 1864 ρανὸν
355 1792 545 1844 τοῦτον
595 1787 686 1841 τὸν
740 1783 984 1861 δεύτερον
1015 1787 1051 1855 ἡ
1087 1786 1390 1865 ὑπέρσοφος
1436 1785 1666 1863 πρόνοια
1710 1791 1785 1858 τῷ

1900 1806 2025 1845 ram
2059 1790 2325 1859 ambit,et
2350 1791 2421 1845 ab
2455 1806 2523 1846 ea
2550 1790 2933 1862 suspenditur
2953 1807 3127 1846 suum
3159 1790 3543 1862 undiquaque

142 1876 380 1949 τοιούτῳ
444 1874 617 1947 ὕδατι,
686 1872 908 1947 δυνάμει
974 1879 1265 1951 προσεχῶς
1341 1871 1572 1950 εἴρηται.
1642 1874 1785 1929 Ἐπεὶ

194 1967 208 1981 ε
292 1965 306 1981 ς
485 1970 508 1980 ..
606 1966 635 1981 ν
731 1964 746 1981 κ
826 1967 853 1977 η
974 1968 1001 1977 .-
1096 1962 1121 1981 ,ρ
1394 1962 1403 1979 ι
1572 1963 1586 1981 9

1900 1877 2094 1933 locum
2124 1894 2413 1949 quaerens,
2446 1882 2505 1933 et
2534 1879 2617 1933 sic
2665 1895 2799 1934 cum
2831 1879 2960 1951 ipsa
3016 1879 3234 1951 pariter
3290 1879 3543 1935 circum-

147 1967 252 2042 γὰρ
281 1965 568 2039 ἀναγκαῖον
596 1966 662 2032 ἦν
694 1964 756 2018 τὸ
785 1967 891 2039 πῦρ
935 1968 1042 2019 τῶν
1092 1962 1203 2017 ἅνω
1252 1962 1517 2035 σωμάτων
1568 1963 1785 2038 ἐπικρα-

1901 1966 2103 2021 fertur.
2137 1970 2259 2032 Qua
2288 1970 2484 2021 autem
2535 1967 2681 2022 277
2720 1968 2792 2021 de
2843 1983 3022 2023 causa
3051 1967 3263 2023 coelum
3314 1967 3423 2022 hoc
3454 1983 3544 2022 se-

144 2060 280 2128 τεῖν,
313 2053 389 2116 ὡς
439 2052 498 2107 ἂν
550 2051 610 2107 ἐκ
663 2054 1040 2127 προσήκοντος
1093 2048 1458 2124 διαστήματος
1512 2057 1785 2126 ζωογονῆ-

1903 2054 2162 2109 cundum
2192 2070 2425 2109 omnem
2453 2054 2801 2125 sapientiam
2823 2071 3179 2128 exsuperans
3201 2054 3398 2110 divina
3420 2071 3549 2126 pro-

146 2166 237 2200 ται
311 2142 400 2198 καὶ
477 2141 776 2220 φωτίζηται
845 2138 1213 2210 καταλλήλως
1270 2140 1334 2194 τὸ
1393 2146 1517 2210 πᾶν,
1563 2138 1654 2194 τἱνα
1715 2142 1785 2213 μή

1903 2142 2175 2212 videntia,
2224 2142 2581 2213 ejuscemodi
2622 2161 2771 2213 aqua
2801 2143 3159 2199 continuerit
3186 2143 3360 2216 paulo
3415 2146 3551 2199 ante

149 2231 338 2295 ἄλλως
374 2232 591 2308 γενηται
643 2227 875 2308 φροῦδον
927 2227 1015 2284 διὰ
1060 2230 1159 2298 τήν
1216 2230 1395 2301 ἀκμὴν
1453 2232 1550 2282 τοῦ
1600 2230 1785 2305 πυρὸς¹

1902 2235 2187 2304 potestate
2217 2230 2439 2287 dictum
2472 2236 2582 2287 est.
2627 2232 2915 2295 Quoniam
2964 2233 3120 2288 enim
3151 2231 3549 2288 necessarium

149 2317 325 2392 ἔταξεν
359 2322 388 2375 ὁ
417 2320 581 2396 σοφὸς
627 2316 959 2394 δημιουργὸς
1008 2318 1097 2372 καὶ
1145 2316 1406 2392 συνοχεὺς
1450 2321 1546 2371 τοῦ
1594 2317 1785 2379 παντὸς

1902 2324 2046 2385 erat,
2078 2325 2143 2375 ut
2194 2319 2347 2391 ignis
2376 2321 2778 2393 superioribus
2829 2322 3170 2394 corporibus
3221 2321 3550 2377 dominare-

146 2412 212 2465 τὸ
242 2407 484 2481 δηλωθὲν
536 2406 681 2480 ὕδωρ
722 2405 920 2461 ἄνωθεν
986 2405 1447 2461 ἀντικαθίστασθαι
1504 2410 1595 2478 τῷ
1638 2405 1785 2482 πυρὶ,

1901 2412 2089 2476 tur,ut
2118 2409 2199 2463 ita
2228 2426 2296 2464 ex
2325 2410 2702 2465 conveniente
2726 2410 3030 2466 intervallo
3061 2410 3241 2465 vitam
3269 2414 3325 2465 et
3352 2410 3551 2465 lumen

147 2498 241 2554 καὶ
292 2495 381 2552 διὰ
434 2501 540 2551 τῶν
607 2494 859 2550 ἐναντίων
921 2496 1231 2565 ποιοτήτων
1296 2493 1645 2571 καταθραύειν
1701 2494 1785 2554 τὰς

1904 2500 2291 2551 consentanee
2339 2497 2588 2568 accipiat
2653 2498 2993 2553 universum
3034 2523 3049 2566 ;
3097 2514 3169 2553 ne
3229 2514 3398 2554 secus
3454 2496 3556 2552 ﬁat

153 2585 410 2660 δυνάμεις
448 2584 631 2640 αὐτοῦ’
682 2581 772 2639 καί
828 2581 971 2638 οὕτω
1021 2580 1290 2655 διαμένειν
1334 2583 1397 2637 τὸ
1436 2582 1651 2655 σύμπαν

1904 2583 2214 2640 evanidum
2234 2589 2471 2656 prepter
2486 2585 2639 2656 ignis
2661 2586 3087 2642 vehementiam
3116 2605 3129 2655 ;
3163 2586 3293 2641 ideo
3319 2585 3555 2658 sapiens

149 2696 251 2751 χρι
284 2672 587 2736 συντελείας
618 2666 1021 2744 ἀδιαλώϐητον.

1905 2673 2158 2728 universi
2190 2673 2456 2728 conditor
2483 2678 2540 2729 et
2572 2677 2931 2729 sustentator
2968 2675 3294 2745 expositam
3337 2690 3550 2745 aquam

152 2766 240 2823 sic
269 2762 588 2831 collocavit,
622 2768 687 2818 ut
711 2777 962 2833 superne
992 2761 1114 2833 igni
1146 2761 1474 2828 obsisteret,
1508 2765 1565 2817 et
1594 2760 1900 2816 contrariis
1928 2760 2305 2831 qualitatibus
2336 2761 2485 2817 vires
2517 2762 2707 2834 ipsius
2734 2762 3114 2835 infringeret;
3147 2779 3213 2818 ac
3242 2763 3325 2818 ita
3364 2767 3555 2819 totum

154 2854 496 2911 universum
527 2851 600 2908 ad
633 2850 1200 2908 consummationem
1224 2866 1407 2921 usque
1436 2848 1894 2907 illabefactatum
1925 2854 2310 2921 permaneret.

1426 3097 1768 3154 SYNOPSIS
1807 3097 2078 3154 CAPITIS
2116 3096 2285 3153 XXV.

1331 3211 1484 3259 QUOD
1522 3212 1622 3251 EST
1658 3212 1730 3250 DE
1766 3211 2002 3251 (ETHERE
2036 3212 2104 3251 ET
2142 3212 2385 3251 STELLIS.

156 3326 213 3387 1.
260 3323 403 3393 Quid
428 3324 504 3379 sit
528 3323 699 3379 aether
742 3330 792 3379 et
820 3321 963 3377 unde
1008 3320 1249 3393 dicatur.
1282 3351 1349 3362 —-
1393 3322 1449 3375 2.
1483 3320 1685 3392 Corpus
1709 3321 1998 3393 aetherium
2053 3322 2374 3377 universum
2415 3322 2519 3376 etsi
2566 3328 2649 3377 est
2691 3321 2937 3391 ejusdem
2983 3326 3245 3385 naturae;
3269 3324 3332 3378 in
3358 3320 3562 3379 athere

232 3392 418 3451 tamen
449 3397 501 3449 et
556 3396 732 3450 stellis
761 3393 937 3465 quoad
992 3392 1316 3465 densitatem
1344 3394 1395 3446 et
1449 3393 1687 3465 colorem
1718 3392 2180 3465 est_diﬂerentia,
2214 3409 2529 3465 quanquam
2585 3394 2645 3446 in
2685 3395 2820 3463 ipsis
2874 3394 3044 3448 stellis
3099 3393 3276 3465 quoad
3330 3395 3563 3449 colorem

232 3471 476 3539 tantum,
508 3474 570 3521 ut
595 3480 719 3539 quae
738 3463 985 3539 pariter
1012 3480 1196 3539 omnes
1226 3463 1412 3519 densae
1439 3463 1567 3539 sint.
1600 3495 1668 3503 —
1697 3464 1753 3539 3.
1803 3463 1987 3539 Stellae
2018 3468 2142 3518 sunt
2193 3463 2555 3539 rotunditaut
2602 3465 2854 3539 esscmplo
2885 3468 3036 3539 tunae
3084 3463 3361 3539 arguitur,
3394 3480 3562 3535 quam

233 3537 533 3616 rotundam
572 3534 1253 3616 egelida-minationes.“
1280 3535 1649 3616 apparitiones
1702 3535 1819 3616 ejus
1846 3537 2138 3589 testantur.
2170 3565 2239 3574 —-
2292 3536 2352 3616 4.¹
2375 3534 2566 3616 Stellae
2610 3535 2863 3616 singula:
2877 3537 3009 3616 quia
3058 3534 3301 3616 ejusdem
3332 3534 3561 3616 nefarie

235 3614 292 3664 et
322 3608 510 3679 ﬁgure
569 3607 721 3664 278
747 3614 876 3662 sunt
928 3623 1053 3679 cum
1088 3606 1236 3670 caelo,
1267 3606 1629 3679 peculiariter
1656 3606 1833 3679 circa
1860 3621 2025 3679 suum
2082 3609 2355 3679 axemuet
2403 3614 2670 3671 centrum,
2704 3611 2766 3660 ut
2824 3607 3053 3661 Platone
3084 3606 3160 3661 et
3217 3606 3425 3679 auctori
3482 3607 3562 3661 vi-

236 3676 415 3745 detur,
472 3689 775 3734 moventur.
833 3708 903 3718 ——
957 3678 1011 3731 5.
1070 3679 1280 3734 Primae
1333 3676 1586 3747 sphaerae,
1642 3677 1704 3731 id
1757 3678 1837 3731 est
1890 3678 2063 3746 primi
2115 3676 2349 3746 mobilis,
2402 3692 2543 3730 unus
2619 3680 2837 3732 tantum
2891 3685 2971 3732 est
3026 3681 3205 3732 motus
3250 3694 3271 3739 ,·

234 3751 545 3821 stelliferz,
621 3750 678 3804 id
730 3756 826 3818 est,
903 3748 1241 3817 ﬁrmamenti
1313 3747 1516 3818 duplex
1558 3764 1595 3821 ,ί
1622 3747 1918 3821 stellarum
1988 3750 2235 3821 ipsarum
2308 3763 2433 3802 cum

230 3818 397 3895 plent,
445 3824 531 3895 ut“
577 3822 814 3895 auctori;
861 3821 1151 3895 Platonem
1193 3821 1499 3895 sequenti‘
1542 3818 1772 3895 videtur.
1851 3849 1937 3895 7—”
1987 3820 2041 3871 6.
2112 3818 2325 3895 _Causa‘
2371 3835 2579 3895 quare__
2610 3820 2787 3895 stellae
2864 3821 2997 3876 alite
3084 3822 3392 3895 inerrantes
3465 3834 3565 3874 seu

239 3889 393 3958 ﬁxae,
451 3892 584 3947 aliae
636 3892 895 3946 erraticas
947 3890 1103 3945 dictae
1151 3891 1283 3944 sint.
1341 3920 1411 3930 —
1463 3890 1519 3943 7.
1575 3892 1764 3959 Quare
1816 3889 1978 3944 stella
2031 3889 2244 3961 palaris
2302 3889 2606 3961 immobilis
2661 3891 2910 3945 videatur
2966 3907 2987 3952 ;
3044 3891 3189 3946 unde
3243 3893 3411 3947 etiam
3463 3905 3565 3961 po-

229 3965 320 4019 lus
348 3963 587 4019 borealis
633 3963 985 4034 appellatur;
1010 3978 1119 4032 qua
1164 3962 1443 4034 occasione
1464 3961 1580 4031 poli
1629 3962 1994 4034 deﬁniuntur.
2030 3990 2099 3999 —
2127 3963 2180 4014 8.
2216 3959 2504 4034 Concludit
2534 3961 2599 4015 de
2647 3962 2887 4017 motibus
2928 3961 3217 4017 stellarum
3246 3966 3363 4017 tum
3409 3959 3561 4015 iner-

230 4036 483 4091 rantium
528 4030 1075 4088 tum—erraticarum.
1109 4062 1177 4072 —
1206 4032 1262 4087 9.
1297 4030 1571 4104 Numerus
1593 4039 1644 4086 et
1686 4030 2004 4102 magnitudo
2032 4034 2084 4086 et
2130 4030 2258 4104 ordo
2315 4032 2662 4100 sphaerarum
2703 4034 3164 4103 planetariamm,
3216 4033 3566 4104 ipsorumque

230 4107 408 4163 etiam
430 4105 779 4176 planetarum
824 4105 1050 4176 nomina
1080 4106 1131 4176 et
1157 4111 1343 4176 motus
1378 4101 1651 4176 periodici
1677 4111 2044 4176 exponuntur.
2077 4132 2147 4176 -τ
2178 4103 2265 4176 10.
2286 4174 2292 4176 ν
2315 4104 2377 4176 In
2404 4104 2610 4173 primis
2640 4101 2729 4158 hic
2755 4106 2924 4159 etiam
2970 4104 3039 4176 de
3068 4101 3275 4159 natura
3319 4101 3568 4173 carparis

232 4173 444 4233 solaris
490 4175 800 4231 disseritur.
832 4204 902 4213 —
934 4174 1019 4228 11.
1069 4173 1362 4237 Paralleli,
1397 4175 1462 4229 id
1506 4177 1603 4242 est,
1643 4173 2050 4244 aequidislantes
2094 4174 2293 4228 circuli
2322 4174 2378 4228 in
2432 4179 2731 4244 apparente
2758 4176 2907 4240 coelo,
2939 4175 2997 4229 id
3042 4183 3139 4241 est,
3195 4176 3563 4244 ﬁrmamento,

229 4250 422 4329 primo
468 4248 855 4329 concipiuntur
901 4246 1160 4329 quinque,
1203 4245 1759 4329 .zquinoctialisﬁuo
1809 4245 2025 4329 tropici,
2057 4247 2309 4329 .arcticus
2340 4253 2389 4298 et
2418 4247 2905 4329 arztarcticus._qui
2936 4247 2998 4300 in
3047 4251 3206 4302 tectu
3247 4245 3568 4329 describunt

234 4315 352 4374 tur.
386 4347 456 4358 ——
488 4319 572 4372 12.
619 4315 793 4372 Ὶίίίεηι
820 4317 965 4387 inter
1012 4332 1071 4371 se
1098 4315 1333 4371 invicem
1362 4317 1741 4385 conferuntur,
1771 4316 2176 4387 aequinoctialis
2204 4325 2256 4370 et
2304 4317 2501 4386 tropici
2527 4316 2728 4387 ubique
2776 4315 2942 4371 iidem
2987 4326 3134 4383 sunt,
3164 4316 3259 4371 sed
3300 4315 3492 4371 arctici
3521 4320 3572 4387 et

243 4389 539 4445 antarctici
564 4389 805 4458 variant,
836 4386 993 4458 modo
1042 4402 1303 4458 majores.
1333 4387 1489 4441 modo
1517 4388 1776 4454 minores,
1809 4388 1982 4442 donec
2031 4385 2245 4458 alicubi
2271 4385 2493 4455 prorsus
2538 4385 2857 4443 evanescant
2884 4412 2898 4452 ;
2928 4403 3115 4443 omnes
3161 4395 3350 4442 autem
3376 4385 3570 4458 paral-

247 4462 346 4516 leli
374 4459 586 4515 eosdem
629 4476 757 4514 cum
784 4456 1004 4528 sphwra
1043 4456 1574 4530 polosihabent.i—-_
1600 4458 1686 4511 13.
1718 4458 1980 4530 Zodiacus
2032 4456 2210 4527 qualis
2239 4461 2288 4512 et
2313 4466 2548 4528 quantus
2599 4460 2669 4514 sit
2708 4459 2970 4524 circulus,
3004 4462 3056 4513 et
3099 4474 3197 4513 cur
3244 4460 3325 4512 ita
3370 4456 3572 4530 dictus,

243 4542 299 4588 et
326 4530 584 4603 quomodo
636 4532 694 4603 in
725 4527 844 4603 tres
861 4530 996 4603 alios
1040 4527 1275 4603 circulos
1321 4527 1722 4603 subdividatur.
1755 4559 1825 4603 -τ
1874 4529 1958 4603 14..
1993 4529 2237 4603 Horizon
2265 4530 2490 4603 quis_et
2537 4537 2769 4599 quantus
2792 4530 3078 4603 circulus,
3108 4530 3332 4603 curuita
3377 4528 3574 4603 dictus,

247 4610 303 4658 et
330 4598 430 4657 cur
485 4602 756 4656 mundum
814 4601 966 4656 279
1015 4601 1258 4671 aliosque
1311 4602 1590 4654 maximos
1646 4601 1876 4654 circulos
1927 4600 1988 4653 in
2043 4598 2178 4653 duas
2234 4598 2475 4669 aequales
2527 4598 2711 4671 partes
2767 4600 2992 4655 dividat.
3053 4631 3122 4639 —
3181 4600 3266 4653 15.
3298 4601 3571 4671 Porisma,

250 4673 524 4731 Erraticae
567 4674 740 4729 stella:
769 4687 952 4727 omnes
1000 4668 1313 4726 inordinata
1363 4679 1415 4725 et
1445 4672 1737 4726 temerario
1787 4674 1937 4725 motu
1965 4685 2074 4724 non
2121 4668 2442 4734 moventur;
2473 4668 2565 4726 sed
2610 4670 2695 4725 sol
2717 4672 2937 4742 quidem
2980 4685 3189 4741 semper
3214 4671 3314 4724 sub
3357 4668 3582 4725 Zodiaci

248 4744 432 4799 medio
461 4744 694 4814 circulo,
728 4744 824 4815 qui
850 4744 1018 4815 etiam
1047 4743 1318 4815 ecliptica
1366 4746 1629 4815 vocatur;
1658 4742 1842 4798 caeteri
1868 4744 2048 4815 autem
2074 4742 2313 4815 planetae
2345 4742 2494 4815 ultra
2524 4749 2576 4815 et
2601 4744 2739 4796 citra
2770 4743 2927 4797 illum
2953 4743 3246 4815 circulum,
3273 4742 3367 4796 sed
3397 4751 3584 4815 tamen

251 4816 463 4883 singuli
508 4815 658 4870 intra
679 4810 856 4870 ’ce'rtos
905 4814 1105 4869 limites
1151 4815 1251 4866 sub
1279 4813 1512 4868 Zodiaco
1552 4822 1852 4868 moventur.
1885 4810 2087 4867 -16ξ
2124 4813 2349 4866 Limites
2399 4813 2490 4867 illi
2536 4813 2894 4880 digressionis
2939 4813 3290 4883 planetarum
3320 4830 3355 4867 a
3401 4810 3583 4883 medio

253 4881 481 4943 Zodiaci
534 4887 739 4941 circulo
792 4886 903 4939 sive
938 4886 1025 4955 fab
1083 4884 1339 4955 ecliptica
1393 4884 1851 4955 determinantur.
1924 4913 1977 4955 -ς
2037 4885 2122 4938 17.
2178 4884 2418 4938 Planelse
2473 4900 2675 4946 omnes,
2735 4881 2949 4953 praeter
2990 4884 3176 4951 solem,
3215 4881 3580 4955 propterudi-

254 4959 575 5030 pressiones
614 4973 739 5030 suas
767 4973 799 5011 a
825 4954 1002 5030 medio
1047 4953 1261 5030 circulo
1317 4954 1536 5030 Zodiaci
1567 4956 1714 5030 alias
1746 4955 1902 5030 alte
1939 4953 2198 5030 deprimi,
2248 4955 2387 5030 alias
2441 4956 2729 5030 humiliter
2779 4956 3033 5030 deprimi,
3092 4956 3237 5009 alias
3275 4953 3588 5030 _humiliter

261 5024 463 5095 attolli,
492 5028 637 5083 alias
666 5027 784 5083 alte
811 5027 999 5081 attolli
1026 5025 1301 5081 dicuntur.
1338 5057 1407 5066 —-
1440 5026 1523 5080 18.
1557 5027 1804 5082 Ριαηθιίε
1833 5024 1902 5078 ad
1931 5039 1987 5078 se
2008 5024 2249 5079 invicem
2282 5027 2516 5095 quinque
2562 5024 3025 5096 ﬁgurationibus,‘
3044 5042 3176 5094 quas
3205 5027 3383 5080 etiam
3427 5039 3584 5095 aspe-

263 5106 387 5159 ctus
418 5103 627 5163 vocant,
676 5100 1010 5170 ﬁgurantur,
1043 5114 1161 5168 qum
1210 5098 1372 5151 etiam
1416 5100 1733 5166 geometrice
1776 5104 1826 5152 et
1854 5096 2201 5170 arithmetice
2228 5096 2284 5170 in
2317 5100 2469 5151 textu
2519 5096 2888 5152 declarantur.
2924 5128 2988 5136 —
3041 5098 3125 5151 19.
3163 5097 3283 5170 Tres
3337 5097 3588 5170 superio:

270 5188 352 5228 res
380 5162 641 5242 planetae,
676 5162 1161 5242 ἠνθτηρθᾼῇίῖξ-εἰ
1191 5172 1252 5235 d‘
1303 5162 1540 5242 itemque
1593 5175 1663 5242 ᾖ)
1697 5183 1877 5242 omnes
1924 5167 2161 5242 istarum
2208 5167 2599 5242 ﬁgurationum
2643 5184 2736 5223 seu
2787 5171 3101 5242 aspectuum
3152 5162 3495 5242 cli/ferendas

260 5235 429 5300 solem
485 5235 739 5309 subeunt,
786 5235 843 5295 at
873 5235 1010 5314 Q'et
1150 5255 1272 5314 non
1308 5235 1458 5294 item:
1487 5270 1555 5314 —:
1579 5235 1696 5314 ΞΟ.
1746 5240 1991 5314 Plancio:
2034 5238 2242 5305 singuli
2284 5248 2551 5314 quantum
2600 5235 2860 5314 temporis
2902 5242 3141 5309 spatium
3164 5235 3475 5314 requirant
3506 5236 3595 5314 ad

264 5315 703 5385 conjunctionem
735 5328 860 5366 cum
886 5309 995 5385 sole
1021 5309 1391 5385 subeundam.
1419 5339 1489 5352 -—
1530 5310 1633 5385 21.Δ
1656 5310 1951 5385 Duodecim
1977 5324 2262 5385 signorum
2288 5312 2521 5385 nomina
2553 5320 2603 5363 et
2652 5309 2988 5385 characteres
3019 5327 3113 5365 seu
3147 5309 3362 5385 ﬁgurae.
3395 5342 3463 5350 —
3502 5309 3592 5362 22.

268 5380 474 5454 Quibus
502 5401 564 5440 in
608 5384 826 5454 punctis
852 5382 1137 5450 signorum
1165 5390 1220 5437 et
1266 5384 1463 5452 quibus
1495 5382 1633 5454 anni
1670 5380 2018 5454 temporibus
2047 5380 2127 5434 sol
2175 5382 2503 5454 aequinoctia
2532 5386 2585 5454 et
2609 5384 3004 5454 conversiones
3052 5398 3170 5452 quae
3199 5382 3312 5437 alio
3359 5388 3595 5452 respectu

269 5451 436 5513 etiam
483 5451 725 5512 solstitia
754 5457 1032 5521 vocantur,
1082 5451 1288 5523 faciat.
1317 5484 1342 5492 -
1409 5454 1498 5506 23.
1554 5453 1757 5524 Quibus
1780 5452 2053 5524 mensibus
2083 5454 2132 5504 et
2172 5451 2363 5524 ditibus
2388 5452 2472 5524 sol
2506 5452 2726 5522 reliqua
2771 5466 2884 5509 octo
2913 5451 3083 5524 signa
3132 5461 3334 5523 praeter
3362 5451 3600 5523 quatuor

268 5527 607 5594 cardinalia,
639 5525 704 5581 de
733 5525 931 5597 quibus
970 5521 1143 5597 antea
1173 5525 1399 5583 dictum.
1430 5523 1801 5597 ingrediatur,
1835 5521 2127 5597 secundum
2161 5522 2313 5597 280
2343 5521 2561 5597 quidem
2588 5521 2881 5597 calculum
2911 5521 3230 5597 veteriorem
3277 5521 3384 5596 quo
3410 5530 3603 5597 auctor

271 5615 399 5656 usus
448 5600 547 5654 est.
582 5593 647 5638 4-—
676 5593 764 5651 24.
801 5596 1008 5652 Divisio
1037 5596 1261 5651 Zodiaci
1302 5593 1601 5668 secundum
1633 5593 2051 5668 longitudinem,
2084 5594 2280 5668 quippe
2333 5596 2430 5668 qui
2478 5593 2763 5668 dividitur
2789 5598 2852 5651 in
2897 5595 3179 5668 duodecim
3220 5593 3401 5668 signa,
3435 5593 3606 5668 etsi-

271 5686 444 5746 gnum
471 5671 533 5725 in
560 5669 799 5746 triginta
818 5669 1008 5746 partes
1053 5682 1160 5746 seu
1181 5666 1415 5746 gradus,
1444 5667 1545 5721 hoc
1574 5669 1670 5746 est,
1700 5668 1765 5746 in
1815 5673 1928 5721 tres
1956 5663 2224 5746 decurias
2231 5667 2480 5746 partium
2506 5681 2602 5721 seu
2628 5667 2922 5746 graduum,
2972 5667 3174 5746 gradus
3204 5663 3291 5746 in'
3313 5664 3608 5746 sexaginta

273 5733 493 5802 ininuta
514 5733 722 5821 prima,
752 5733 1030 5798 minutum
1064 5733 1312 5814 primum
1340 5738 1402 5795 in
1450 5733 1748 5813 sexaginta
1788 5733 2047 5810 secunda,
2089 5733 2389 5797 secundum
2434 5737 2496 5795 in
2542 5733 2833 5812 sedaginta
2881 5733 3063 5813 tertia,
3112 5746 3164 5798 et
3204 5741 3285 5797 sic
3328 5733 3603 5817 deinceps,

3327 3676 3564 3747 sphwrx

2504 3749 2750 3817 [irarum
2824 3752 2941 3803 tum
3016 3750 3387 3804 erraticarum
3461 3749 3563 3802 tri-
