4024 6446
492 402 645 466 1231

1749 387 2173 459 NlCEPHORI
2216 388 2655 460 BLEMMIDE

3761 401 3911 465 £239

561 550 729 605 usque
757 534 886 589 dum
912 533 983 587 ad
1012 531 1336 605 duodecima
1381 530 1598 586 minuta
1624 530 1692 605 al;
1712 531 2028 605 astrologis
2055 531 2390 605 pervenitur.
2408 533 2639 605 tametsi
2689 532 2829 586 alias
2870 530 3176 605 secundum
3202 531 3493 605 physicam
3520 535 3585 589 in
3616 534 3904 605 inﬁnitam

559 602 741 662 oninis
781 604 1103 673 magnitudo
1148 603 1323 658 dividi
1348 605 1541 676 possit.
1571 632 1637 645 —-
1668 602 2097 676 23(Perimeter
2141 618 2242 657 seu
2263 602 2881 676 ambitus._ﬁnnamenti
2928 602 3214 674 colligitur
3252 602 3322 659 ea:
3364 607 3620 676 partium
3671 602 3904 663 circum-

557 677 831 747 ferentiis.
864 707 934 715 —
958 676 1048 730 26.
1083 677 1148 730 Et
1197 675 1471 730 diametri
1496 673 1859 747 ﬁrmamenti
1880 675 2163 747 quantitas
2191 676 2252 727 in
2295 675 2544 747 partibus
2571 690 2666 729 seu
2695 674 2958 747 gradibus
3006 673 3375 743 investigatur
3394 680 3448 730 et
3493 678 3821 747 colligitur.
3849 711 3908 719 —

555 743 648 803 27.
683 747 864 802 Causa
893 747 1090 817 ﬁnali:
1116 762 1284 817 quare
1328 746 1503 816 primi
1528 745 1747 799 mobilis
1775 743 2005 815 sphaerae
2054 745 2171 799 suis
2198 744 2436 799 motibus
2465 747 2711 816 propriis
2758 746 2995 816 reliquae
3021 748 3488 802 contranitantur.
3524 779 3597 788 -—
3626 743 3725 803 28.
3766 751 3899 805 Duo-

556 819 736 892 decim
764 817 983 873 Zodiaci
1010 822 1310 892 segmenta,
1340 831 1465 892 qua
1509 818 1681 871 etiam
1709 817 1868 892 signa
1897 819 2192 892 uocantur,
2224 831 2333 892 non
2366 818 2534 892 unius
2576 827 2628 892 et
2656 817 2894 887 ejusdem
2940 820 3364 892 temperamenti
3412 827 3618 875 veteres
3651 822 3907 892 astrologi

557 898 620 945 ut
668 891 991 947 Ptolemaeus
1033 890 1200 945 etiam
1245 892 1299 942 tr

1375 888 1614 942 idemnt.
1647 918 1717 927 -—
1744 888 1834 940 29.
1882 888 2031 941 Idem
2087 886 2153 941 de

2203 886 2443 957 planetis
2482 886 2832 958 judicarunt.
2866 919 2933 929 —
2990 886 3078 942 30.
3110 889 3357 945 Planetis
3402 893 3575 946 etiam
3627 908 3773 947 sua:
3820 886 3901 948 do-

556 976 693 1026 mos,
723 962 832 1016 soli
858 970 909 1033 et
944 961 1106 1033 luna
1133 960 1403 1033 singulas,
1452 959 1665 1033 ceteris
1696 959 1938 1033 quinque
1961 958 2123 1033 Abinas
2169 959 2526 1033 tribuerunt,-
2556 961 2687 1030 quin
2719 967 2770 1014 et
2798 959 3053 1033 omnibus
3072 968 3284 1033 septem
3314 962 3565 1033 insuper
3594 972 3654 1017 et
3696 963 3905 1018 exalta-

559 1035 753 1095 tiones,
785 1040 837 1087 et
863 1031 1193 1102 dejectiones
1222 1029 1277 1085 et
1305 1030 1654 1085 adversitates
1700 1045 1796 1084 seu
1825 1029 2159 1102 detrimenta
2186 1029 2575 1102 assignarunt.
2595 1034 2656 1085 ut
2695 1031 2943 1102 exemplo
2971 1031 3101 1085 solis
3138 1029 3258 1086 ’hoc
3303 1030 3416 1087 loco
3459 1029 3818 1089 δείξεσι-σιω.
3847 1067 3903 1074 -

556 1104 646 1159 3t.
679 1104 839 1160 Ratio
868 1100 1036 1173 quare
1061 1103 1267 1168 dontis,
1315 1102 1693 1174 exaltationes,
1725 1108 1777 1155 et
1823 1100 2153 1174 dejectiones
2197 1108 2248 1155 et
2293 1100 2644 1174 adversitates
2684 1116 2780 1156 seu
2800 1101 3180 1174 detrimenta.
3211 1118 3321 1157 non
3369 1108 3597 1159 tantum
3655 1106 3794 1174 soli,
3820 1106 3902 1160 sed

558 1176 733 1231 etiam
761 1176 976 1231 ceteris

1023 1174 1286 1246 planetis,
1315 1173 1711 1246 attribuerunt.
1741 1201 1811 1246 έ-
1854 1170 2156 1246 32._Causa
2201 1186 2371 1246 quare
2392 1172 2575 1246 saliet
2605 1172 2757 1229 lunae
2786 1172 2934 1228 281
2990 1173 3237 1246 singulas
3277 1176 3501 1229 tantum
3542 1170 3900 1246 domos,‘nos
3970 1170 3971 1241 Ῑ

558 1247 730 1319 etiam
759 1246 917 1300 binas
957 1241 1417 1319 adjudicaue’rint‘,
1448 1248 1509 1298 ut
1547 1243 1783 1319 reliquis
1829 1241 2054 1319 quidem
2097 1241 2358 1319 planetis.
2388 1274 2456 1319 έ
2483 1243 2575 1298 33.
2624 1248 2694 1299 In
2737 1246 2915 1315 specie
2941 1241 3110 1299 etiam
3139 1245 3478 1317 reliquarum
3525 1241 3900 1319 planetarum

556 1316 765 1388 domos,
791 1311 1175 1385 exultationes,
1205 1315 1532 1386 dejectiones
1559 1318 1614 1370 et
1640 1311 1995 1369 adversitam
2020 1311 2120 1369 seu
2146 1311 2474 1370 detrimenta
2500 1311 2778 1372 recenset.‘
3256 1311 3268 1317 “
3525 1311 3542 1319 ’
3970 1320 3971 1323 ‘

1068 1517 1309 1577 GAPUT
1348 1518 1514 1574 XXV.

1006 1613 1092 1665 De
1119 1608 1316 1665 (ttinere
1342 1615 1394 1662 et
1422 1606 1621 1663 stellis.

560 1703 612 1764 1.
646 1700 808 1768 Quod
841 1716 876 1756 ο.
905 1713 1156 1755 convexa
1210 1695 1569 1752 firmamenti
1601 1693 1907 1767 superﬁcie
1936 1694 2009 1749 ad
2041 1692 2132 1749 lu-

486 1790 646 1846 naris
676 1804 860 1861 usque
915 1786 1153 1859 sphaera
1208 1784 1628 1841 concavitatem
1680 1787 1991 1854 penetrat:
2024 1782 2133 1837 hoc

483 1877 707 1935 scilicet
735 1876 1073 1933 universum
1106 1873 1286 1929 aether
1313 1870 1641 1944 appellatur
1682 1871 1751 1939 ³³,
1785 1888 1819 1926 a
1850 1875 2131 1943 perpetuo

483 1984 660 2025 cursu
690 1964 1078 2038 appellatione
1134 1963 1465 2033 desumpta.
1518 1958 1830 2016 Celerrime
1885 1962 2040 2014 enim
2073 1964 2132 2014 et

486 2054 820 2114 incessabili
852 2058 1015 2111 motu
1072 2050 1416 2108 naturaliter
1471 2054 1754 2117 movetur,
1793 2053 1869 2115 et,
1930 2053 1996 2103 ut
2036 2064 2127 2104 ra-

482 2145 643 2202 tione
669 2142 926 2201 nominis
955 2140 1159 2198 habita
1182 2140 1396 2206 dicam,
1428 2138 1663 2194 assidue
1694 2138 1897 2193 currit.

552 2235 607 2290 2.
657 2234 777 2291 Hoc
831 2247 973 2288 sane
1022 2245 1236 2303 corpus
1297 2226 1602 2283 aetherium
1674 2225 2013 2282 universum
2071 2230 2129 2283 et

483 2338 689 2382 omnes
718 2318 1210 2388 stellas,essentiaa
1241 2321 1299 2373 et
1325 2321 1546 2372 naturas
1575 2315 1840 2387 ejusdem
1873 2332 2001 2372 esse
2031 2316 2125 2371 di-

483 2416 625 2469 cunt
648 2410 1010 2485 probatiores
1031 2407 1252 2480 physici
1270 2404 1742 2472 “Nihilominus
1770 2408 1966 2460 tamen
1999 2420 2121 2460 ma-

480 2500 692 2557 nifesto
722 2501 781 2556 in
811 2497 1021 2555 aethere
1048 2500 1107 2552 et
1144 2494 1492 2563 stellis,cum
1524 2493 1714 2565 quoad
1747 2493 2121 2562 densitatem,

478 2594 607 2646 tum
658 2588 847 2660 quoad
878 2584 1128 2643 colorem
1186 2588 1276 2641 est
1325 2582 1674 2639 differentia.
1726 2581 1943 2637 Verum
2001 2581 2122 2637 hinc

479 2677 633 2734 circa
678 2680 971 2742 naturam,
1028 2690 1143 2729 non
1202 2675 1421 2727 naturae
1483 2675 1642 2726 sunt.
1713 2670 1907 2742 Neque
1963 2670 2120 2726 enim

478 2781 712 2823 crassus
753 2767 813 2820 et
860 2761 1083 2835 nigrior
1130 2776 1230 2816 aer
1293 2759 1365 2815 ab
1413 2758 1571 2815 aeria
1625 2762 1834 2814 natura
1884 2762 2122 2831 propter

479 2854 828 2912 densitatem
904 2854 963 2907 et
1032 2848 1287 2906 colorem
1342 2847 1696 2903 discesserit.
1756 2845 1863 2901 Illa
1941 2847 2122 2919 igitur

2161 1537 2216 1604 Α

2852 1521 3107 1574 ΚΕΦΑΛ.
3150 1522 3269 1574 KE’.

2654 1603 2785 1681 Περὶ
2823 1604 3038 1680 αἰθέρος
3076 1606 3167 1661 καὶ
3204 1605 3465 1681 ἀστέρων.

2314 1694 2380 1749 α’.
2429 1694 2498 1748 Τὸ
2565 1691 2755 1763 διῆκον
2818 1694 2924 1751 ἀπὸ
2987 1701 3088 1764 τῆς
3150 1701 3351 1771 κυρτῆς
3421 1694 3762 1774 ἐπιφανείας
3820 1704 3903 1754 τοῦ

2242 1783 2617 1856 στερεώματος
2668 1786 2766 1837 τοῦ
2823 1780 3013 1838 κοίλου
3086 1786 3189 1853 τῆς
3255 1783 3596 1855 σεληνιακῆς
3655 1787 3902 1865 σφαίρας,

2237 1872 2398 1923 τοῦτο
2454 1867 2522 1938 δὴ
2575 1871 2820 1925 καλεῖται
2868 1870 3081 1944 σύμπαν
3141 1872 3325 1947 αἴθήρ,
3359 1871 3421 1928 ἐκ
3466 1879 3573 1929 τοῦ
3617 1875 3739 1931 ate-3
3808 1878 3905 1932 θεῖν

2236 1958 2335 2026 τήν
2383 1956 2579 2027 κλῆσιν
2630 1954 2816 2016 λαϐόν.
2883 1960 3112 2036 Φέρεται
3149 1961 3251 2038 γὰρ
3305 1959 3574 2032 ὀξυτάτην
3627 1964 3733 2019 καὶ
3786 1963 3906 2035 ἅλη-

2235 2066 2361 2101 κτον
2393 2048 2559 2125 φορὰν
2593 2053 2831 2125 φυσικῶς
2880 2050 2969 2104 καὶ
3013 2048 3086 2104 ’ἶν’
3136 2047 3271 2106 εἷ’πω
3319 2052 3437 2106 κατ’
3485 2047 3687 2126 ὄνομα
3740 2052 3904 2126 διηνε-

2234 2139 2345 2197 κῶς
2376 2137 2588 2213 τρέχει.

2310 2224 2373 2299 β’.
2409 2228 2585 2282 Τοῦτο
2634 2224 2702 2295 δὴ
2748 2227 2811 2281 τὸ
2857 2226 3093 2301 αἲθέριον
3145 2225 3273 2283 ὅλον
3324 2232 3485 2303 σῶμα
3540 2230 3642 2285 καὶ
3709 2234 3903 2295 πάντας

2230 2312 2356 2375 τοὺς
2413 2314 2634 2388 ἀστέρας
2688 2321 2787 2384 τῆς
2844 2315 3011 2385 αὐτῆς
3071 2315 3254 2379 οὐσίας
3304 2317 3395 2371 καὶ
3465 2317 3703 2395 φύσεως
3784 2321 3898 2377 εἶναὲ

2233 2423 2388 2480 φασιν
2442 2404 2496 2457 οἱ
2550 2408 2658 2458 τῶν
2745 2408 2981 2481 φυσικῶν
3061 2402 3446 2481 δοκιμώτεροι.
3509 2406 3687 2478 Πλὴν
3773 2408 3899 2465 ἔστιν

2232 2490 2468 2567 ἐναργῶς
2537 2490 2588 2546 ἐν
2660 2490 2830 2567 αἰθέρι
2905 2492 2995 2547 καὶ
3062 2490 3286 2570 ἄστροισι
3341 2491 3589 2572 διαφορά
3653 2501 3804 2554 κατά
3852 2520 3900 2554 τε

2230 2579 2540 2650 πυκνότητα
2572 2580 2662 2635 καὶ
2710 2580 3133 2667 χρωματισμόν.
3169 2581 3346 2638 Ἀλλὰ
3384 2587 3563 2639 ταῦτα
3613 2587 3761 2663 περὶ
3811 2589 3896 2667 φύ-

2231 2689 2311 2722 σιν
2371 2667 2525 2740 εἰσὶν,
2585 2667 2648 2722 οὐ
2705 2668 2910 2746 φύσεις.
2943 2666 3080 2724 Οὐδὲ
3134 2670 3235 2746 γὰρ
3283 2667 3398 2726 οὐδ’
3451 2672 3478 2725 ὁ
3532 2674 3737 2751 παχὺς
3798 2677 3893 2752 ἀὴρ

2228 2755 2319 2811 καί
2370 2755 2697 2833 μελάντερος
2757 2755 2974 2829 ἐκσταίη
3037 2757 3095 2814 ἂν
3151 2761 3251 2828 τῆς
3291 2759 3472 2835 ἀερίου
3533 2761 3764 2840 φύσεως
3816 2763 3898 2820 διὰ

2226 2847 2326 2914 τὴν
2375 2846 2688 2916 πυκνότητα
2734 2845 2824 2901 καὶ
2889 2845 2981 2901 τὸν
3047 2848 3470 2923 χρωματισμόν.
3516 2851 3589 2905 'H
3652 2854 3758 2926 μὲν
3813 2852 3892 2909 οὖν

477 2908 726 3016 sphaera,
759 2956 885 3014 qua
914 2938 1181 2995 inerrans
1209 2936 1439 2992 videtur
1458 2951 1525 2991 ac
1555 2935 1793 3001 dicitur,
1813 2908 2122 2991 densitatis

2245 2908 2481 3002 ἰπλανὴς
2539 2908 2772 2988 δοκοῦσα
2825 2934 2915 2988 καὶ
2968 2908 3238 3011 λενύιμένη
3288 2908 3490 3015 σφαῖρα
3549 2908 3897 3013 πυκνότητος

476 3036 535 3089 et
562 3030 772 3086 coloris
795 3026 1167 3085 mediocriter
1184 3024 1363 3081 lucidi
1383 3028 1472 3080 est
1501 3024 1828 3097 particeps;
1863 3028 1923 3080 at
1940 3023 2125 3096 sphae-

480 3137 557 3177 ra
585 3116 1190 3189 errantes,rarissimas
1220 3118 1279 3171 et
1303 3111 1622 3185 perspicuas
1652 3118 1710 3168 et
1738 3111 1948 3169 coloris
1996 3129 2124 3168 om-

480 3210 622 3267 nino
651 3211 953 3281 expertes;
986 3203 1168 3261 stellte
1201 3207 1399 3259 autem
1437 3217 1643 3257 omnes
1671 3206 1731 3257 et
1759 3201 1951 3257 densae
1984 3205 2124 3257 sunt

479 3296 793 3357 etlucidas.
826 3295 1110 3352 Caeterum
1158 3290 1348 3363 quoad
1406 3290 1755 3346 densitatem
1804 3290 1957 3346 282
1999 3289 2124 3362 qui-

478 3388 614 3444 dem
645 3382 791 3442 nihil
821 3383 1098 3440 differunt
1141 3381 1446 3453 (quotquot
1486 3378 1643 3434 enim
1691 3377 1872 3434 stella:
1921 3379 2122 3436 stellas

476 3475 675 3534 subire
726 3476 994 3547 possunt,
1020 3470 1196 3526 simili
1230 3485 1435 3525 omnes
1464 3468 1685 3524 ratione
1722 3468 1914 3524 visum
1946 3469 2120 3526 nobis

471 3563 881 3635 intercipiunt,
924 3564 991 3617 ut
1037 3574 1401 3631 nequaquam
1434 3556 1630 3612 videre
1661 3572 1767 3612 nos
1819 3557 2118 3627 possimus

471 3654 624 3711 ullas
651 3651 872 3720 stellas,
905 3666 1052 3722 quas
1082 3647 1209 3704 alia:
1239 3645 1672 3719 qualescunque
1714 3645 2025 3715 subeunt);
2058 3652 2119 3703 at

467 3742 658 3815 quoad
685 3738 1056 3812 splendorem
1090 3736 1279 3792 multa
1308 3739 1397 3791 est
1427 3733 1730 3791 stellarum
1762 3734 1835 3789 ad
1866 3734 2113 3790 invicem

466 3828 815 3887 differentia.

534 4008 708 4065 3.Sed
735 4011 795 4064 et
838 4007 978 4079 ipsae
1008 4004 1258 4077 ﬁguram
1285 4001 1502 4058 habent
1522 4001 1887 4074 sphmricam,
1912 4018 2112 4073 quem-

465 4098 786 4156 admodum
816 4095 926 4151 hoc
955 4111 989 4150 a
1040 4092 1184 4148 luna
1229 4093 1493 4164 apparet,
1549 4106 1724 4162 quam
1755 4089 1945 4162 ipsius
1977 4090 2109 4146 illu-

2236 3020 2454 3098 μετέχει
2507 3021 2597 3077 καὶ
2654 3023 2954 3099 χρώματος
3010 3023 3193 3098 ἠρέμα
3248 3021 3534 3101 λαμπροῦ.
3581 3030 3899 3086 Have-rata:

2233 3107 2290 3165 δὲ
2341 3111 2430 3165 καὶ
2495 3108 2771 3189 διαφανεῖς
2843 3109 2934 3165 καὶ
3010 3112 3424 3187 ἀχρωμάτιστοι
3479 3115 3798 3182 παντελῶς
3851 3121 3897 3174 αἱ

2230 3197 2579 3272 πλανώμεναι
2656 3204 2876 3286 σφαῖραι
2957 3201 3338 3276 τυγχάνουσιν
3420 3204 3475 3257 οἱ
3557 3202 3611 3260 δ’
3683 3207 3898 3286 ἀστέρες

2229 3288 2419 3343 πυκνοι
2474 3309 2534 3344 τε
2587 3288 2677 3343 καὶ
2735 3285 2982 3365 λαμπροὶ
3048 3291 3244 3352 πάντες
3306 3290 3453 3346 εἰσίν.
3509 3292 3708 3351 Ἀλλὰ
3776 3285 3902 3353 κατὰ

2226 3378 2326 3446 τήν
2353 3376 2663 3447 πυκνότητα
2723 3376 2815 3450 μὲν
2874 3377 2974 3432 οὐκ
3019 3377 3079 3431 ἂν
3132 3376 3398 3450 ἀλλήλων
3451 3378 3736 3440 διοίσοιεν
3770 3386 3900 3458 (ὅσοι

2226 3467 2327 3542 γὰρ
2382 3470 2488 3520 τῶν
2566 3465 2803 3539 ἀστέρων
2888 3466 3207 3543 ὑποτρέχειν
3292 3467 3521 3546 ἀστέρας
3618 3470 3897 3548 δύνανται,

2226 3555 2415 3616 πάντες
2475 3554 2684 3627 ὁμοίως
2728 3559 2847 3616 ταῖς
2907 3551 3088 3628 ὄψεσιν
3145 3555 3573 3631 ἐπιπροσθοῦσιν
3629 3563 3800 3636 ὑμῖν·
3830 3565 3897 3625 ὡς

2230 3640 2492 3715 μηδόλως
2528 3642 2734 3719 ἰσχύειν
2782 3646 2931 3717 ἡμᾶς
2961 3644 3089 3721 ὁρᾷν
3116 3643 3245 3707 τοὺς
3278 3645 3364 3723 ὑφ’
3395 3644 3530 3702 οἵων
3590 3647 3667 3722 δή
3745 3674 3900 3708 τινων

2225 3731 2461 3807 ἀστέρων
2547 3731 3009 3808 ὐπετρεχομένους
3102 3733 3371 3809 ἀστέρας)·
3429 3738 3575 3791 κατά
3666 3737 3732 3795 δὲ
3800 3744 3892 3810 τὴν

2224 3817 2588 3897 λαμπρότητα
2633 3818 2820 3892 πολλή
2868 3821 2950 3883 τίς
3010 3820 3149 3876 ἐστιν
3201 3826 3236 3892 ἠ
3285 3827 3392 3878 τῶν
3450 3825 3709 3903 ἀστέρων
3760 3832 3895 3907 πρὸς

2220 3907 2508 3980 ἀλλήλους
2537 3907 2787 3986 διαφορά.

2287 4000 2354 4074 γ’,
2411 4004 2618 4074 Σχῆμα
2699 3996 2757 4052 δὲ
2837 3999 3123 4069 κέκτηνται
3164 4000 3253 4054 καὶ
3332 3998 3487 4056 αὐτοὶ
3567 4008 3891 4082 σφαιρικὸν,

2217 4088 2396 4151 καθὼς
2427 4086 2533 4142 ἀπὸ
2560 4093 2663 4156 τῆς
2708 4085 2942 4157 σελήνης
2988 4087 3227 4165 φαίνεται
3274 4093 3435 4144 τοῦτο
3485 4094 3889 4170 σφαιροειδοῦς

464 4187 820 4245 minationes
870 4181 1257 4240 orbicularem
1312 4196 1440 4236 esse
1495 4182 1805 4235 testantur.
1862 4179 2020 4243 Quod
2056 4180 2107 4235 si

2245 4176 2669 4253 ιαρτυρουμένης
2754 4175 2814 4230 ἐκ
2882 4180 2989 4230 τῶν
3064 4175 3235 4247 αὐτῆς
3315 4184 3648 4255 φωτισμῶν.
3706 4185 3776 4239 Εἰ
3836 4183 3888 4240 δὲ

464 4280 660 4334 autem
690 4274 834 4331 luna
861 4269 1207 4330 orbicularis
1235 4273 1346 4337 est,
1404 4272 1462 4324 et
1491 4271 1707 4324 caeteras
1738 4266 1919 4322 stella:
1950 4269 2104 4324 orbi-

2245 4262 2566 4343 ’φαιροειδής
2597 4267 2632 4334 ἡ
2664 4262 2890 4336 σελήνη,
2922 4264 3012 4319 καὶ
3043 4266 3097 4320 οἱ
3146 4265 3333 4321 λοιποὶ
3382 4267 3608 4345 ἀστέρες
3666 4272 3781 4328 εἶεν
3836 4275 3887 4328 ἂν

463 4364 693 4422 culares
752 4366 942 4420 erunt.
1031 4359 1308 4431 Ejusdem
1381 4356 1539 4412 enim
1607 4372 1809 4413 omnes
1885 4361 2106 4413 naturae

2245 4352 2431 4416 πάντως
2476 4350 2861 4433 σφαιροειδεῖς.
2905 4358 3013 4423 Τῆς
3060 4350 3226 4425 αὐτῆς
3287 4355 3387 4432 γὰρ
3438 4357 3663 4434 φύσεως
3718 4363 3889 4417 ἅπαν-

461 4459 619 4512 sunt-

2249 4463 2322 4505 ες.

530 4545 583 4599 4.
616 4542 779 4610 Quod
811 4540 860 4598 si
905 4556 1041 4597 vero
1087 4538 1290 4594 eadem
1342 4552 1476 4592 cum
1507 4533 1650 4591 cmlo
1709 4538 1919 4590 natura
1948 4551 2104 4591 com-

2286 4528 2350 4589 δ’.
2383 4532 2444 4587 Εἰ
2476 4528 2534 4586 δὲ
2562 4530 2758 4603 καὶτῷ
2804 4529 3017 4605 οὐρανῷ
3059 4535 3159 4602 τῆς
3207 4532 3376 4603 αὐτῆς
3421 4542 3887 4613 κεκοινωνήκασι

456 4633 784 4698 municant,
815 4630 1135 4699 eademque
1165 4627 1355 4698 ﬁgura
1384 4624 1626 4697 praedita
1654 4628 1795 4679 sunt
1829 4640 1842 4691 ;
1890 4624 2106 4680 rationi

2245 4620 2446 4687 ιύσεως,
2532 4620 2624 4674 καὶ
2719 4624 2799 4692 τῷ
2881 4621 3028 4693 αὐτῷ
3117 4621 3505 4700 μεμόρφωνται
3597 4631 3885 4704 σχήματι’

456 4726 915 4779 consentaneum
944 4722 1034 4773 est
1059 4717 1120 4771 in
1152 4715 1379 4788 primis,
1433 4713 1615 4785 ipsas,
1668 4716 1733 4767 ut
1789 4712 1949 4769 Plato
1979 4713 2103 4769 exi-

2245 4714 2318 4764 ῶν
2396 4707 2807 4785 εὐλογωτάτων,
2863 4709 3081 4784 αὐτοὺς,
3133 4712 3207 4773 ὡς
3281 4709 3669 4786 ὑπολαμϐάνει
3738 4718 3885 4774 Πλά-

455 4810 659 4868 stimat
670 4808 1013 4877 “,eumdem
1036 4822 1171 4862 cum
1190 4803 1332 4859 coelo
1355 4808 1581 4858 motum
1603 4800 1902 4868 habere,et
1923 4818 2101 4858 unam

2245 4820 2339 4869 ων,
2378 4798 2468 4854 καὶ
2519 4799 2617 4869 τήν
2680 4797 2844 4868 αὐτὴν
2899 4798 3109 4869 κίνησιν
3168 4796 3312 4875 ἔχειν
3368 4806 3447 4873 τῷ
3506 4802 3741 4879 οὐρανῷ
3796 4808 3884 4863 καὶ

455 4916 658 4957 earum
684 4912 973 4971 quamque
1028 4894 1357 4951 secundum
1414 4896 1687 4946 naturam
1745 4890 2104 4962 aequabiliter

2246 4890 2361 4960 ατὰ,
2414 4887 2567 4966 φύσιν
2617 4886 2836 4943 ἕκαστον
2886 4887 3061 4943 αὐτῶν
3135 4887 3363 4962 ὁμαλῶς
3403 4890 3495 4945 καὶ
3555 4891 3883 4966 ἐγκυκλίως

454 4992 511 5044 et
539 4988 598 5044 in
654 4987 938 5044 circulum
969 4985 1124 5041 circa
1153 4997 1326 5039 suum
1381 4984 1649 5036 centrum
1675 4983 1732 5035 et
1766 4996 1930 5035 axem
1964 4997 2101 5052 pro-

2245 4977 2331 5044 'epi
2373 4977 2436 5031 τὸ
2467 4977 2656 5031 ἑαυτοῦ
2683 4977 2902 5052 κέντρον
2949 4976 3039 5031 καὶ
3086 4978 3177 5032 τὸν
3229 4978 3428 5033 οἰκεῖον
3491 4977 3661 5050 ἄξονα
3726 4987 3881 5059 στρέ-

452 5076 648 5151 prium
681 5074 957 5131 converti.

2251 5067 2416 5123 εσθαι.

524 5166 578 5220 4.
609 5167 745 5229 Quae
776 5179 911 5219 cum
938 5164 1020 5218 ita
1045 5177 1107 5219 se
1136 5159 1606 5232 babeant,prima
1632 5157 1867 5229 quidem
1890 5164 1948 5214 et
1968 5158 2100 5214 stel-

2279 5157 2336 5211 ε’.
2394 5154 2608 5209 Τούτων
2690 5152 2865 5217 οὕτως
2937 5153 3176 5230 ἐχόντων
3231 5158 3265 5224 ἡ
3322 5156 3514 5231 πρώτη
3602 5159 3708 5232 μὶν
3788 5162 3875 5217 καὶ

447 5253 642 5312 larum
674 5268 878 5324 expers
911 5252 1159 5323 sphaera,
1190 5264 1437 5321 vereque
1484 5249 1771 5316 inerrans,
1805 5248 1945 5303 dum
1980 5264 2095 5304 uno

2245 5265 2464 5321 ναστρος
2544 5247 2742 5322 σφαῖρα
2813 5242 2903 5297 καὶ
2979 5239 3150 5305 ὄντως
3228 5242 3498 5318 ἀπλανὴς,
3568 5249 3703 5321 μίαν
3788 5251 3874 5306 καὶ

448 5347 508 5399 et
535 5339 789 5414 simplici
822 5344 984 5396 motu
1020 5339 1091 5395 ab
1149 5339 1376 5395 ortibus
1407 5337 1476 5392 ad
1511 5353 1757 5393 occasus
1806 5341 2093 5403 movetur,

2245 5332 2384 5403 πλῆν
2457 5333 2748 5405 κινουμένη
2822 5332 3034 5402 κίνησιν
3112 5334 3210 5401 τήν
3281 5333 3375 5388 ἀπ’
3432 5334 3734 5394 ἀνατολῶν
3798 5340 3871 5401 εἰς

443 5447 647 5491 secum
678 5428 823 5484 alias
854 5444 1058 5483 omnes
1115 5426 1461 5498 circumagit
1521 5444 1534 5481 :
1593 5424 1696 5481 illa
1726 5430 1922 5482 autem
1968 5442 2094 5497 quae

2245 5424 2411 5497 δσμὰς
2470 5423 2631 5495 ἑαυτῇ
2690 5421 3049 5497 συμπεριάγει
3107 5423 3204 5484 τὰς
3266 5420 3441 5486 ἄλλοις
3518 5426 3767 5492 ἁπάσας.
3814 5431 3875 5484 Ἣ

441 5519 749 5581 stellarum
779 5520 975 5591 gestat
1003 5515 1252 5587 copiam,
1286 5532 1526 5588 quaeque
1558 5515 1825 5571 inerrans
1866 5514 2095 5571 videtur

2245 5511 2367 5568 έτὸ
2419 5510 2631 5580 πλῆθος
2686 5510 2917 5588 φέρουσα
2990 5515 3097 5566 τῶν
3164 5511 3400 5586 ἀστέρων
3460 5515 3555 5570 καὶ
3619 5514 3869 5574 δοκοῦσα

510 5666 558 5702 ³³
587 5681 607 5721 1
635 5662 717 5721 De
748 5659 894 5719 ccelo
925 5676 974 5716 c.
1006 5659 1061 5714 3.
1139 5659 1185 5693 ³³
1214 5675 1255 5712 n
1286 5658 1366 5714 De
1390 5658 1532 5713 ccslo
1563 5675 1613 5712 ο.
1643 5659 1716 5726 7;
1759 5657 1884 5713 Jov.
1918 5659 2081 5714 Pont.
2125 5657 2226 5715 lib.
2261 5675 2303 5713 ιι
2337 5659 2407 5713 de
2437 5657 2613 5712 rebus
2661 5653 3013 5726 ccelestibus.
3089 5656 3135 5692 ³⁸
3178 5660 3263 5714 Ita
3291 5657 3467 5717 etiam
3518 5658 3648 5719 Jov.
3686 5664 3867 5721 Pont.

439 5737 545 5803 lib.
577 5753 616 5796 ιι
647 5735 720 5793 de
749 5732 927 5792 rebus
955 5729 1292 5789 cmlestibus
1322 5746 1379 5804 p.
1413 5729 1536 5799 144,
1567 5729 1694 5798 148,
1723 5727 1849 5788 449.
1882 5730 1992 5788 Sed
2024 5746 2122 5790 con

2250 5727 2591 5790 Aristoteles
2621 5730 2701 5786 De
2729 5725 2870 5786 caelo
2901 5743 2952 5785 c.
2986 5727 3041 5784 8.
3970 5732 3971 5804 φ
