4024 6444
127 461 293 526 1233

1444 463 1798 530 EPITOME
1839 463 2205 530 PHYSIGA.

3397 455 3560 522 1231

125 596 224 653 καὶ
288 592 564 672 λεγομένη
630 595 880 666 ἀπλανὴς
936 592 1032 653 δύο
1088 601 1314 653 κινεῖται
1389 600 1627 669 κινήσεις
1704 598 1772 653 ἀνι

1907 603 1966 655 et
1988 599 2226 670 dicitur,
2258 599 2489 656 duobus
2533 595 2712 655 simul
2751 595 3010 653 motibus
3039 591 3153 651 sibi
3182 590 3556 650 obviantibus

127 684 429 763 τιρῥόπους
502 687 664 757 ὁμοῦ·
749 685 873 759 μίαν
952 685 1045 760 μὲν
1124 684 1327 741 οἰκείαν
1397 688 1496 756 τήν
1579 685 1640 742 ἐκ
1706 684 1793 741 δυ-

126 779 286 849 σμῶν
337 774 474 850 πρὸς
530 771 819 845 ἀνατολὰς,
878 773 1002 844 ἥτις
1059 775 1148 829 καὶ
1226 774 1624 846 ἀνεπαίσθητός
1680 774 1791 830 ἐστι

128 863 225 920 διὰ
277 864 378 933 τήν
434 869 535 932 τῆς
595 859 930 938 βραδυτῆτος
964 858 1299 940 ὑπερϐολήν·
1336 863 1517 937 ἑτέραν
1579 861 1637 918 δὲ
1691 864 1793 934 τήν

122 959 233 1022 τῆς
267 952 495 1028 πρώτης
525 950 775 1029 σφαίρας,
802 953 922 1006 καθ’
969 953 1032 1021 ἢν
1086 951 1137 1022 ἐξ
1186 951 1468 1007 ἀνατολῶν
1523 951 1793 1022 ὀξυτάτως

125 1039 555 1117 συμπεριάγεται
611 1040 747 1116 πρὸς
805 1038 1031 1114 δυσμάς.
1091 1042 1156 1095 Οἱ
1216 1038 1261 1095 δ’
1322 1039 1537 1116 ἀστέρες
1586 1042 1637 1095 οἱ
1693 1062 1789 1096 κα-

123 1130 392 1202 )ούμενοι
439 1128 699 1190 ἀπλανεῖς
752 1133 900 1203 τρεῖς
960 1129 1019 1184 ἂν
1072 1134 1312 1184 κινοῖντο
1360 1131 1625 1200 κινήσεις·
1689 1131 1789 1199 τὴν

121 1219 337 1275 οἰκείαν
384 1216 592 1289 δίνησιν
639 1218 730 1272 καὶ
773 1218 872 1287 τήν
932 1219 1067 1291 μετά
1125 1225 1226 1287 τῆς
1256 1217 1481 1296 σφαίρας
1510 1220 1651 1294 ἥπερ
1709 1218 1791 1274 ἐν·

125 1305 366 1363 δέδενται
404 1307 725 1385 περιφορὰν,
758 1307 849 1361 καὶ
906 1308 1008 1376 τὴν
1068 1303 1158 1361 διὰ
1210 1309 1309 1375 τῆς
1364 1306 1566 1382 κυρίως
1616 1304 1791 1362 ἀπλα-

119 1401 252 1458 νοῦς
309 1396 810 1471 ἀντιπεριαγωγήν.
872 1396 1144 1456 Ὡσαύτως
1202 1394 1333 1450 κάπὶ
1408 1400 1518 1450 τῶν
1599 1395 1791 1474 ἐφεξῆς

124 1481 248 1560 ἔχει
334 1488 573 1561 σφαιρῶν
654 1484 743 1538 καὶ
827 1486 934 1537 τῶν
1022 1483 1074 1538 ἐν
1139 1482 1362 1545 ταύταις
1419 1483 1683 1559 ἀστέρωνο
1733 1485 1790 1539 αἱ

127 1574 227 1646 μὲν
284 1572 386 1649 γὰρ
445 1570 542 1627 δύο
596 1574 837 1643 κινήσεις
917 1576 1188 1627 κινοῦνται
1245 1572 1344 1634 τὰς
1404 1572 1785 1649 ἀντιρρόπους·

123 1663 180 1717 οἰ
228 1659 275 1717 δ’
318 1661 535 1737 ἀστέρες
585 1661 723 1738 πρὸς
778 1666 899 1724 ταῖς
930 1660 1206 1723 τοιαύταις
1262 1663 1509 1732 κινήσεσι
1564 1664 1789 1717 κινοῖντ’

117 1750 183 1806 ἂν
241 1750 332 1806 καὶ
387 1751 487 1818 τήν
549 1749 602 1805 έν
664 1751 899 1820 ἑαυτοῖς,
947 1749 1024 1812 ὡς
1076 1748 1163 1804 ἐπὶ
1230 1753 1337 1804 τῶν
1393 1748 1647 1805 ἀπλανῶν
1710 1747 1787 1805 εἷ’-

136 1860 317 1917 ρηταα

1906 692 2196 757 movetur;
2229 705 2345 744 uno
2376 688 2616 761 quidem
2649 686 2804 744 283
2836 682 3091 757 proprio,
3125 698 3241 755 quo
3291 680 3363 737 ab
3412 680 3553 736 orti-

1904 777 2017 833 bus
2058 778 2130 833 ad
2178 794 2426 833 occasus
2455 776 2711 849 [cietur],
2736 774 2839 847 qui
2885 774 3064 829 etiam
3116 772 3354 843 propter
3382 785 3552 826 sum-

1903 883 2063 922 mam
2103 866 2439 941 tarditatem
2469 863 2834 922 insensibilis
2881 866 2998 930 est;
3031 860 3214 917 altero
3259 874 3416 925 vero,
3446 858 3550 930 qui

1903 956 2104 1028 prima
2161 955 2398 1027 sphaerae
2451 959 2563 1020 est,
2605 970 2720 1026 quo
2776 952 2848 1007 ab
2895 950 3123 1006 ortibus
3177 948 3250 1004 ad
3305 963 3550 1003 occasus

1902 1045 2309 1117 pernicissime
2366 1043 2813 1117 circumagitur;
2873 1039 3055 1097 stellae
3112 1037 3365 1110 denique
3419 1052 3549 1109 quas

1900 1135 2224 1192 inerrantes
2282 1138 2588 1201 vocantur,
2650 1131 2843 1187 tribus
2895 1132 3205 1185 moventur
3267 1125 3547 1193 motibus,

1902 1222 2428 1296 circumgyratione
2449 1220 2688 1294 propria
2702 1223 2761 1275 et
2777 1216 3154 1275 conversione
3170 1231 3306 1272 cum
3323 1214 3555 1287 sphaera

1902 1313 1996 1368 cui
2048 1312 2295 1384 illegatze
2344 1316 2509 1371 sunt:
2544 1314 2602 1366 et
2651 1309 2781 1380 ejus
2836 1307 3096 1379 spherae,
3127 1322 3258 1378 quas
3321 1302 3553 1376 preprie

1902 1402 2169 1458 inerrans
2208 1401 2445 1469 dicitur,
2478 1397 2932 1455 circumactione
2979 1394 3289 1453 contraria.
3333 1393 3549 1449 Eodem

1900 1491 2074 1547 modo
2133 1490 2312 1547 etiam
2368 1505 2504 1545 cum
2565 1486 2812 1560 sphmris
2863 1502 2991 1558 quas
3047 1483 3322 1554 deinceps
3382 1483 3545 1550 sunt,

1899 1578 2362 1649 earumdemque
2410 1575 2598 1632 stellis
2626 1577 3031 1646 comparatum
3077 1574 3188 1627 est.
3223 1568 3338 1626 Illa:
3385 1566 3544 1624 enim

1899 1668 2131 1724 duobus
2189 1667 2450 1723 motibus
2505 1663 3299 1731 obnitentibuslmoventur;
3360 1656 3545 1714 stella

1899 1760 2095 1813 autem
2126 1757 2200 1812 ad
2240 1755 2348 1811 hos
2378 1758 2573 1810 motus
2611 1753 2789 1809 etiam
2830 1749 2944 1807 alio
2973 1750 3034 1806 in
3063 1746 3274 1820 seipsis
3303 1761 3540 1803 moven-

1896 1847 2011 1912 tur,
2044 1848 2113 1901 ut
2142 1844 2213 1901 de
2241 1842 2643 1899 inerrantibus
2672 1840 2895 1896 dictum
2924 1843 3035 1895 est.

196 1935 259 1993 ς’.
290 1926 578 2032 Πλάνητεῐ
633 1927 737 2003 γὰρ
797 1928 849 1982 οἱ
906 1930 1194 2003 προσεχῶς
1237 1924 1617 2001 δεδηλωμένοι
1655 1949 1772 1984 κατ-

1965 1934 2021 1988 6.
2058 1934 2331 1989 Errantes
2380 1931 2561 2003 enim,
2603 1930 2775 1986 modo
2824 1923 3384 2032 declaratmfstellts]
3411 1939 3539 2025 ,ηο-

118 2019 519 2092 ωνομάσθησαν
550 2013 639 2072 διά
665 2016 730 2071 τὸ
771 2013 1005 2087 ἔκδηλον
1053 2023 1155 2086 τῆς
1210 2016 1345 2089 μετὰ
1399 2020 1507 2071 τῶν
1567 2016 1779 2072 οἰκείων

120 2110 367 2184 σφαιρῶν
413 2106 704 2182 ἀντιφορᾶς
751 2108 821 2179 τῇ
869 2105 1062 2179 πρώτῃ
1120 2104 1320 2182 σφαίρᾳ
1361 2105 1452 2160 καὶ
1500 2106 1618 2160 κατ’
1647 2104 1782 2177 ἀλή-

120 2197 270 2250 θειαν
302 2194 551 2251 ἀπλανεῖ’
605 2195 845 2269 καθάπερ
874 2196 911 2263 ἡ
942 2192 1160 2264 πληθὺς
1216 2198 1324 2248 τῶν
1388 2191 1577 2249 ἄλλων
1630 2195 1778 2250 ἀστέ-

123 2304 236 2360 ρων
265 2282 514 2353 ἀπλανὴς
540 2283 795 2354 κέκτηται
832 2280 921 2337 διὰ
976 2282 1040 2337 τὸ
1096 2280 1302 2354 ἄδηλον
1363 2282 1464 2351 τῆς
1519 2282 1776 2355 τοιαύτης

118 2372 437 2450 ἀντιφορᾶς.
498 2370 902 2448 Περιαγομένου
977 2369 1156 2425 τοίνυν
1234 2374 1332 2425 τοῦ
1400 2372 1776 2448 στερεώματος

120 2460 179 2531 ἐξ
209 2459 481 2517 ἀνατολῶν
535 2459 611 2521 εἰς
642 2457 871 2532 δυσμάς,
906 2458 1209 2533 ἀναγκαίως
1259 2460 1349 2514 καὶ
1407 2460 1459 2513 οἱ
1518 2457 1773 2523 ἀπλανεῖς

114 2554 232 2604 τῶν
271 2549 506 2625 ἀστέρων
550 2547 731 2621 τούτῳ
779 2548 1239 2623 συμπεριάγονται
1301 2544 1574 2621 μηδεμίαν
1617 2547 1774 2624 ἔχον-

116 2659 213 2700 τες
272 2635 411 2693 ἰδίαν
471 2637 678 2709 κίνησιν
743 2638 1150 2714 μεταφορητήν.
1184 2636 1282 2691 Διά
1307 2640 1469 2691 τοῦτο
1522 2639 1626 2713 γὰρ
1682 2637 1773 2693 καὶ

113 2725 254 2788 τοὺς
333 2725 528 2788 αὐτοὺς
615 2725 696 2780 ἀεὶ
777 2724 1071 2800 κατέχουσι
1144 2724 1371 2793 τόπους,
1447 2725 1538 2779 καὶ
1624 2723 1772 2781 οὐδέ-

118 2836 256 2871 ποτε
280 2817 381 2886 τὴν
410 2815 501 2870 ἀπ’
531 2812 798 2885 ἀλλήλων
828 2813 1117 2869 ἀπόστασιν
1151 2811 1593 2870 έναλλάσσουσιν.

195 2994 256 3063 ζ’.
287 2992 442 3048 Οὕτω
474 2990 534 3049 δὲ
560 2993 898 3067 κινουμένων
930 2993 1146 3047 πάντων
1178 2990 1411 3067 ἀστέρων
1444 3012 1552 3047 των
1597 2992 1773 3048 ἀπλα-

112 3086 246 3154 νῶν,
280 3083 357 3145 εἷς
392 3082 557 3156 μόνος
588 3082 757 3155 ἀστὴρ
809 3081 1001 3158 ὁρᾶται
1047 3079 1185 3154 πρὸς
1234 3080 1427 3155 ἄρκτον
1487 3079 1767 3151 ἀκίνητος·

113 3171 230 3247 οὐχ
258 3169 339 3226 ὅτι
375 3172 509 3245 μετά
534 3178 635 3234 τῆς
667 3169 894 3249 σφαίρας
923 3173 1020 3224 τοῦ
1070 3169 1443 3245 στερεώματος
1489 3169 1554 3223 οὐ
1607 3189 1766 3245 περε-

1895 2021 2129 2078 minataa
2160 2025 2318 2088 sunt,
2351 2020 2507 2092 quod
2551 2034 2754 2075 earum
2802 2017 2863 2073 in
2910 2015 3035 2072 suis
3064 2013 3309 2087 sphaeris
3341 2010 3542 2084 prima

1891 2114 1948 2167 et
1976 2126 2178 2166 revera
2218 2109 2498 2166 inerranti
2532 2108 2771 2180 sphaera:
2799 2104 3130 2163 contrarius
3175 2106 3374 2159 motus
3416 2116 3542 2156 ma-

1894 2199 2144 2256 nifestus
2205 2198 2329 2255 sit:
2370 2195 2874 2269 quemadmodum
2932 2193 3182 2250 aliarum
3240 2188 3543 2247 stellarum

1893 2288 2210 2345 multitudo
2264 2286 2532 2342 inerrans
2587 2288 2790 2341 vocata
2845 2288 2954 2349 est,
3010 2282 3165 2354 quod
3213 2277 3542 2336 contrarius

1891 2376 2229 2435 istiusmodi
2273 2380 2470 2431 motus
2524 2373 2790 2431 occultus
2840 2372 2936 2428 sit.
2969 2371 3115 2427 Cum
3144 2384 3282 2442 ergo
3335 2367 3539 2423 ﬁrma-

1890 2471 2159 2523 mentum
2190 2482 2260 2521 ex
2289 2464 2515 2521 ortibus
2565 2463 2624 2518 in
2673 2477 2913 2518 occasus
2961 2456 3398 2530 circumagitur,
3432 2471 3535 2512 ne-

1885 2554 2138 2611 cessario
2184 2555 2361 2610 etiam
2417 2569 2553 2608 cum
2610 2552 2722 2607 hoc
2776 2550 3103 2606 inerrantes
3134 2545 3306 2619 [fixae]
3349 2543 3530 2601 stella

1884 2644 2387 2716 circumaguntur,
2426 2658 2560 2697 cum
2605 2639 2907 2713 proprium
2956 2641 3182 2693 motum
3227 2632 3528 2691 translati-

1883 2732 2032 2787 tium
2076 2748 2191 2788 non
2241 2732 2515 2788 habeant.
2547 2731 2867 2802 Eapropter
2893 2726 3051 2783 enim
3097 2725 3274 2780 etiam
3323 2724 3527 2781 eadem

1884 2837 2118 2892 semper
2146 2821 2302 2878 284
2339 2820 2466 2877 loca
2508 2818 2796 2884 obtinent,
2828 2830 2934 2871 nec
2982 2829 3244 2886 unquam
3275 2828 3311 2868 a
3340 2827 3404 2868 se
3431 2811 3527 2866 in-

1880 2910 2065 2966 vicem
2094 2908 2594 2982 intercapedinem
2623 2906 2963 2962 immutant.

1951 2999 2006 3054 7.
2040 2998 2184 3055 Cum
2216 3001 2413 3054 autern
2461 2997 2787 3053 inerrantes
2831 2992 3013 3051 stellas
3054 2992 3137 3048 ita
3166 3007 3372 3049 omnes
3400 3007 3524 3047 mo-

1879 3092 2144 3158 veantur,
2176 3104 2295 3143 una
2335 3086 2461 3143 sola
2504 3085 2677 3143 stella
2705 3085 2777 3141 ad
2809 3082 3266 3156 septentrionem
3314 3081 3526 3137 immo-

1879 3175 2015 3232 bilis
2060 3176 2451 3248 conspicitur;
2507 3192 2624 3230 non
2662 3174 2816 3246 quod
2866 3190 3000 3228 cum
3050 3171 3277 3244 sphaera
3323 3169 3524 3226 ﬁrma-

112 3260 332 3340 φέρεται
388 3259 478 3314 καὶ
536 3258 717 3331 αὐτὸς,
777 3257 902 3314 ἀλλ’
959 3256 1042 3313 ὅτι
1100 3262 1209 3312 τῶν
1275 3254 1371 3312 δύο
1425 3261 1523 3311 τοῦ
1583 3258 1768 3327 ἄξονος

1889 3265 2067 3320 menti
2112 3282 2228 3320 non
2278 3264 2724 3320 circumferatur
2779 3262 2909 3335 ipsa
2955 3277 3209 3333 quoque,
3235 3258 3337 3316 sed
3369 3258 3525 3330 quod

107 3331 294 3425 ὀῖκρων
356 3348 480 3425 περῖ
536 3348 595 3403 ’ὸν
654 3350 689 3418 ἡ
740 3351 940 3427 σφαῖρα
1003 3345 1302 3422 στρέφεταιο
1361 3345 1423 3400 τὸ
1485 3344 1542 3400 ἓν
1603 3343 1766 3422 ἄκρον

1889 3352 2133 3409 duorum
2173 3352 2296 3408 axis
2346 3357 2739 3408 extremorum
2770 3350 2923 3406 circa
2951 3331 3347 3421 queisphmra
3386 3363 3526 3403 con-

106 3438 274 3501 οὗτος
330 3436 563 3515 ὑπάρχει
592 3438 655 3492 τὸ
701 3435 934 3513 βόρειον·
997 3434 1115 3490 ὅθεν
1175 3435 1265 3489 καὶ
1322 3433 1535 3511 βόρειος
1593 3434 1769 3498 πόλος

1889 3441 2143 3508 vertitur,
2183 3441 2433 3497 alterum
2488 3445 2812 3497 extremum
2862 3436 3093 3494 boreale
3139 3437 3262 3492 haec
3315 3435 3525 3508 [stella]

108 3526 448 3600 ὠνόμασται·
500 3520 669 3581 πόλοι
726 3526 831 3602 γὰρ
896 3526 965 3580 τά
1036 3523 1245 3600 πέρατα
1319 3524 1615 3579 καλοῦνται
1671 3528 1768 3579 τοῦ

109 3614 326 3686 ἄξονος.
376 3613 558 3677 Πόλος
618 3612 713 3668 οὗν
773 3614 1036 3689 ὑπάρχων
1096 3619 1200 3681 τῆς
1254 3615 1353 3666 τοῦ
1393 3612 1767 3687 στερεώματος

107 3702 342 3782 σφαίρας
389 3704 418 3758 ὁ
475 3702 767 3779 εἰρημένος
827 3703 1020 3778 ἀστὴρ,
1077 3701 1444 3778 στρεφομένου
1500 3705 1598 3756 τοῦ
1656 3722 1769 3757 στε-

104 3791 397 3870 ρεώματός
450 3792 541 3847 καὶ
610 3790 772 3853 αὐτὸς
847 3789 1152 3866 ἀναγκαίως
1220 3789 1764 3868 συμπεριστρέφεται.

101 3881 245 3956 Περὶ
276 3881 460 3937 ἑαυτὸν
493 3877 551 3935 δὲ
580 3879 808 3955 πάσχων
853 3880 954 3949 τὴν
1013 3879 1253 3955 στροφὴν
1312 3878 1390 3941 ὡς
1447 3879 1610 3955 ἄκρον
1668 3884 1766 3934 τοῦ

98 3970 314 4043 ἄξονος,
348 3970 603 4040 ἀκίνητος
660 3972 728 4043 τῇ
790 3967 1040 4038 αἰσθήσει
1090 3964 1258 4039 δοκεῖ,
1289 3966 1427 4022 καθά
1485 3968 1575 4022 καὶ
1630 3969 1764 4023 πάν-

95 4078 195 4121 τες
225 4056 443 4135 ἀστέρες
487 4059 813 4134 ἀσυμφανῶς
856 4060 993 4130 ἡμῖν
1041 4053 1289 4111 δύναιντο
1336 4061 1513 4111 ποιεῖν
1562 4057 1663 4125 τὴν
1713 4055 1766 4112 ἐν

104 4148 324 4210 ἑαυτοῖς
354 4148 679 4224 συστροφήν.

177 4330 249 4392 η’.
282 4322 436 4379 Οὕτω
491 4324 585 4398 μὲν
633 4321 725 4378 οὗν
768 4324 821 4378 οἳ
869 4321 1129 4385 ἀπλανεῖς
1172 4321 1387 4396 ἀστέρες
1420 4323 1510 4377 καὶ
1560 4324 1660 4391 τὴν
1711 4324 1763 4395 ἐξ

95 4410 391 4470 ἀνατολῶν
473 4413 685 4482 κίνησιν
759 4411 850 4466 καὶ
904 4413 1004 4480 τὴν
1063 4410 1124 4466 ἐκ
1170 4408 1389 4484 δυσμῶν
1439 4414 1509 4485 τῇ
1567 4412 1766 4490 σφαίρᾳ

98 4504 481 4577 συγκινοῦνται
555 4505 652 4556 τοῦ
732 4493 1129 4575 στερεώματος.
1191 4498 1366 4556 Ἀλλά
1439 4496 1505 4569 δὴ
1564 4501 1654 4556 καὶ
1709 4503 1762 4557 οἱ

92 4589 379 4661 πλάνητες
437 4590 644 4665 ἑτέραις
701 4587 954 4668 σφαίραις
1011 4585 1369 4662 ἐνδεδεμένοι,
1409 4585 1634 4652 ἕκαστος
1690 4594 1760 4664 τῇ

1880 3530 2141 3599 exsistat,
2190 3530 2346 3586 unde
2401 3529 2575 3586 etiam
2628 3527 2798 3600 polus
2853 3526 3106 3583 borealis
3162 3525 3519 3581 vocabatur:

1879 3618 1998 3691 poli
2040 3619 2195 3675 enim
2244 3619 2637 3675 extremitates
2695 3617 2821 3673 axis
2862 3618 3161 3672 vocantur.
3192 3614 3337 3671 Cum
3385 3628 3535 3686 ergo.

1880 3706 2037 3763 dicta
2061 3707 2231 3764 stella
2259 3707 2500 3780 sphaera:
2532 3706 2886 3762 firmamenti
2917 3703 3088 3777 polus
3117 3703 3380 3775 exsistat,
3399 3719 3525 3759 ver-

1875 3798 2035 3852 tente
2066 3797 2433 3852 ﬁrmamento
2461 3800 2520 3852 et
2547 3796 2677 3866 ipsa
2703 3793 2882 3850 simul
2914 3792 3243 3850 necessario
3271 3792 3522 3848 circum-

1877 3885 2141 3941 vertitur.
2174 3885 2372 3950 Quoad
2400 3886 2618 3951 autem,
2651 3885 2718 3938 ut
2746 3882 2870 3938 axis
2899 3886 3247 3947 extremum,
3275 3880 3432 3937 circa
3459 3896 3524 3938 se

1877 3973 2313 4029 conversionem
2360 3972 2632 4042 sustinet,
2667 3971 2990 4028 immobilis
3034 3969 3264 4027 videtur
3292 3985 3470 4026 sensu
3504 3986 3518 4025 :

1878 4062 2377 4134 quemadmodum
2408 4061 2584 4117 etiam
2615 4076 2819 4117 omnes
2844 4058 3026 4117 stella:
3056 4063 3123 4114 ut
3151 4075 3184 4114 a
3212 4058 3383 4115 nobis
3410 4057 3521 4115 hoc

1877 4168 1994 4207 non
2046 4151 2545 4209 animadvertatur
2570 4166 2742 4207 suam
2773 4149 2930 4205 intra
2975 4165 3037 4206 se
3083 4147 3518 4205 conversionem

1874 4240 2064 4297 facere
2094 4243 2361 4313 possunt.

1944 4331 1999 4384 8.
2033 4329 2129 4385 Sic
2158 4329 2339 4402 igitur
2382 4328 2709 4385 inerrantes
2748 4327 2985 4400 quidem
3017 4325 3197 4383 stellas
3223 4330 3283 4382 et
3309 4342 3376 4382 eo
3413 4324 3517 4398 qui

1873 4432 1945 4472 ex
1973 4417 2199 4473 ortibus
2228 4421 2318 4473 est
2357 4421 2542 4486 motu,
2573 4421 2632 4472 et
2660 4433 2726 4473 eo
2757 4416 2859 4488 qui
2907 4432 2977 4471 ex
3024 4414 3348 4485 occasibus,
3381 4429 3526 4480 cum»

1873 4505 2104 4577 sphaera
2132 4505 2490 4561 ﬁrmamenti
2522 4503 2703 4560 simul
2732 4507 3058 4560 moventur.
3090 4502 3201 4558 Sed
3232 4506 3291 4557 et
3318 4500 3525 4569 errans

1872 4599 1984 4660 tes,
2017 4611 2148 4665 quae
2179 4594 2312 4650 aliis
2358 4593 2604 4666 sphaeris
2633 4592 2868 4666 illigata
2915 4596 3074 4660 sunt,
3106 4589 3523 4662 suisrrsingdlﬁ

96 4680 322 4751 ἑαυτοῦ,
354 4676 448 4734 καί
475 4679 574 4747 τὴν
605 4677 746 4754 πρὸς
777 4675 993 4750 δυσμὰς
1030 4675 1305 4755 φέρονται,
1336 4677 1426 4732 καὶ
1476 4679 1575 4747 τήν
1624 4680 1763 4756 πρὸς

1889 4686 1938 4737 et
1965 4698 2032 4738 eo
2061 4684 2163 4754 qui
2189 4682 2262 4737 ad
2293 4697 2535 4738 occasus
2582 4689 2689 4752 est,
2718 4685 2776 4737 et
2803 4697 2869 4737 eo
2900 4680 3000 4752 qui
3045 4680 3523 4747 admurttiwm

95 4766 393 4840 ἀνατολὰς,
438 4767 572 4841 μετά
597 4770 705 4822 τῶν
737 4765 952 4821 οἰκείων
984 4770 1248 4843 σφαιρῶν.

178 4857 243 4921 θ’.
294 4856 367 4912 Αἱ
414 4861 581 4911 πᾶσαι
635 4851 693 4910 δὲ
740 4858 963 4933 σφαῖραι
1009 4857 1117 4908 τῶν
1162 4853 1457 4925 πλανήτων
1504 4854 1639 4910 ἑπτά
1684 4854 1760 4911 εἰ-

87 4965 206 5018 σιν,
278 4944 430 5000 ἄνισα
503 4945 571 4999 τὰ
651 4942 851 5020 μεγέθη
929 4944 1187 5019 φέρουσαι
1262 4944 1397 5019 πρὸς
1480 4941 1756 5015 ἀλλήλας·

86 5032 347 5111 περίέχει
401 5033 502 5110 γὰρ
557 5035 592 5103 ἡ
626 5033 818 5109 πρώτη
879 5033 978 5101 τὴν
1041 5029 1314 5108 δευτέραν,
1345 5033 1433 5088 καὶ
1470 5035 1504 5102 ἡ
1539 5030 1760 5110 δευτέρα

86 5123 199 5192 τὴν
263 5122 379 5196 μετ’
426 5122 615 5193 αὐτήν·
674 5121 765 5176 καὶ
818 5124 981 5176 τοῦτο
1042 5119 1210 5198 μέχρι
1263 5127 1363 5191 τῆς
1422 5121 1755 5185 τελευταίας*

87 5211 192 5269 καὶ
247 5212 424 5273 οὕτως
466 5210 518 5281 ἐξ
577 5209 820 5287 ἀγάγκης
873 5210 930 5264 αἱ
983 5210 1338 5287 περιέχουσαι
1382 5210 1597 5283 μείζους
1645 5215 1755 5266 τῶν

92 5299 512 5377 περιεχομένων
545 5298 667 5356 εἰσί.
702 5300 901 5373 Πρώτη
939 5299 1033 5372 μὲν
1085 5297 1176 5354 οὖν
1229 5301 1362 5373 μετά
1401 5308 1502 5369 την
1562 5297 1753 5355 δοκοῦ-

103 5410 200 5444 σαν
257 5389 349 5446 καὶ
407 5388 711 5464 λεγομένην
774 5385 989 5458 ἀπλανῆ
1043 5393 1269 5468 σφαῖραν
1301 5390 1336 5457 ἡ
1395 5393 1491 5443 τοῦ
1549 5388 1754 5464 Κρόνου

105 5477 220 5533 ἐστὶ
273 5482 372 5533 τοῦ
449 5476 794 5551 καλουμένου
849 5476 939 5531 καὶ
994 5476 1278 5554 φαίνοντος
1354 5482 1756 5553 τριακονταετεῖ

99 5567 293 5645 χρόνῳ
332 5567 438 5622 ἀπὸ
466 5571 564 5623 τοῦ
595 5565 761 5623 αὐτοῦ
792 5564 867 5629 εἰς
898 5566 959 5621 τὸ
989 5565 1120 5622 αὐτὸ
1158 5565 1630 5639 ἀποκαθισταμένη
1666 5563 1756 5622 διὰ

1426 5722 1591 5771 ,ιο”ιίξ)
1626 5723 1667 5751 ῖίν

162 5786 210 5824 ει
242 5782 404 5842 Arist
430 5783 503 5841 de
533 5782 755 5841 mundo
783 5798 833 5840 ο.
862 5783 925 5853 2;
958 5728 1807 5865 Ptolomaeus,

1786 5720 1891 5769 iriiri
1938 5734 1987 5769 ,Η
2027 5718 2238 5766 nmini
2292 5718 2339 5763 ι’τί
2402 5718 2557 5763 Ὲῑιηιηῖἷ

1814 5785 2469 5871 immutati-39mm;
2492 5786 2605 5843 libs
2629 5788 2749 5859 r,*cl
2781 5790 3027 5844 304mm
3146 5823 3153 5830 -

1874 4770 2121 4843 sphmris
2147 4770 2272 4826 suis
2301 4770 2551 4842 propriis
2582 4769 2790 4841 [motu]
2821 4770 3231 4831 moventurjfa.L
3252 4792 3275 4815 π
3304 4767 3525 4833 ιηεῐιψαι

1941 4859 1996 4913 9.
2030 4858 2246 4914 Omnes
2301 4862 2498 4914 autem
2547 4855 3527 4930 sphaerwerrantium'l‘stellamlw

1871 4952 2100 5019 septem
2133 4951 2293 5015 sunt,
2327 4964 2453 5020 quae
2483 4945 2801 5018 inaequales
2829 4947 2997 5003 adise
3022 4946 3271 5011 invicem
3296 4945 3529 5004 habent!

1870 5037 2324 5109 magnitudines.
2360 5036 2528 5094 εδει
2546 5076 2549 5081 .
2570 5036 2730 5092 Nam:
2750 5045 2755 5085 I
2775 5036 3006 5109 pri;na,-:
3032 5035 3409 5105 [secundum
3425 5040 3531 5102 iis};

1870 5125 2151 5191 secunda,
2210 5129 2573 5198 sequentem:
2601 5125 2888 5194 continet;
2918 5124 3153 5191 feti'hop
3183 5126 3533 5198 mqueinde

1867 5212 2139 5269 ultimam
2157 5239 2173 5283 ;
2206 5219 2379 5286 atque
2396 5214 2499 5270 iita
2516 5214 2896 5271 continentes
2910 5215 3535 5279 contentis'neoessaw

1870 5303 1953 5358 rio
1985 5304 2240 5374 majores
2254 5309 2411 5373 sunt
2426 5304 2503 5361 βξέ
2522 5303 2668 5359 .Post
2678 5314 2834 5359 eam
2851 5302 3353 5377 {igituc‘spharaim
3365 5301 3536 5376 equm

1864 5391 2099 5449 videtur
2112 5396 2179 5448 vet
2196 5391 2741 5458 ,dinitu’minarrans;
2759 5392 2962 5463 :prima
2984 5397 3085 5448 est
3097 5390 3537 5466 iammiqu

1863 5479 2041 5536 etiam
2098 5479 2349 5536 Phaenon
2395 5485 2828 5553 vocatunglqms
2858 5477 3537 5553 amotu'xmmtimilpbiv

1861 5568 2107 5642 triginta
2137 5586 2425 5626 annorum
2470 5570 2727 5644 spatium
2779 5571 2852 5628 ab
2900 5571 3105 5629 eodem
3134 5570 3396 5646 [puncto]
3426 5571 3504 5645 ad.

2136 5718 2238 5766 ἾμΤ
2292 5733 2339 5763 [ΤΡ
2402 5716 2575 5763 ἰῖἰἿιῚίν

2666 5726 2722 5774 ﬁl
2770 5730 2945 5777 inqua,
2980 5708 3033 5773 ῖς
3066 5716 3119 5760 jq
3156 5706 3204 5779 (ἱ)
3237 5708 3385 5759 "ml-‘1
3426 5710 3467 5739 (ll.

3178 5776 3289 5831 υἷι
3320 5797 3395 5845 ,ιιι
3439 5776 3537 5829 .dll
