4024 6448
481 441 637 505 1235

1729 446 1778 505 Ν
1783 441 2157 507 ICEPHORI
2198 440 2633 506 BLEMMIDE

3754 450 3905 514 1936

480 574 637 633 idem
669 573 994 632 revertitur.
1028 575 1185 631 Intra
1233 574 1385 631 hanc
1414 578 1632 647 autem,
1664 593 1732 633 ea
1778 595 1905 650 quae
1934 577 2118 643 Jovis,

2257 579 2331 643 :ﬁ;
2388 571 2814 648 πεπλανημένης
2887 562 3175 647 κινήσεωςέ
3232 577 3414 641 Ἐντὸς
3471 575 3535 634 δὲ
3595 578 3819 652 ταύτης
3874 585 3902 651 ἡ

486 665 586 737 qui
637 669 693 721 et
747 664 1027 732 Phaeton,
1060 681 1189 734 qua;
1238 664 1551 721 duodecim
1610 666 1781 722 annis
1839 668 2128 739 integram

483 753 921 810 conversionem
982 753 1248 809 absolvit.
1284 754 1345 809 In
1398 754 1508 809 hac
1564 755 1863 827 Pyroentis
1908 756 1982 826 [id
2019 761 2129 821 est,

484 842 660 915 ignei]
691 841 917 909 Martis,
948 842 1179 913 sphaera
1208 843 1743 914 comprehenditur,
1775 861 1902 915 quae
1936 844 2132 899 minus

484 931 822 987 ordinatum
855 936 1084 986 motum
1131 932 1383 986 conﬁcit.
1418 933 1663 987 Videtur
1700 937 1895 988 autem
1925 938 1981 987 et
2010 933 2132 987 hazc

483 1018 722 1075 biennio
773 1023 831 1074 et
880 1019 1142 1092 quinque
1199 1020 1525 1087 mensibus,
1559 1026 1615 1075 et
1645 1022 1799 1091 quod
1858 1021 2130 1087 excurrit,

484 1106 743 1180 plenarie
802 1108 1079 1164 converti.
1134 1108 1294 1164 Hanc
1350 1108 1616 1180 sequitur
1670 1125 1739 1163 ea
1790 1126 1918 1181 qua
1970 1109 2133 1178 solis,

486 1195 613 1252 loco
664 1196 929 1252 omnium
983 1197 1173 1252 medio
1203 1197 1500 1268 collocata,
1551 1215 1799 1269 qumque
1847 1199 2133 1271 integram

486 1286 929 1342 conversionem
962 1288 1088 1355 [seu
1130 1285 1571 1358 revolutionem]
1602 1287 1740 1342 anni
1770 1288 1981 1359 spatio,
2014 1288 2135 1343 die-

487 1375 601 1432 bus
632 1374 902 1430 videlicet
930 1374 1302 1430 naturalibus
1329 1377 1603 1431 trecentis
1631 1376 1935 1448 sexaginta
1965 1379 2136 1447 quin-

489 1480 604 1537 que
650 1468 707 1519 et
754 1464 1078 1535 quadrante
1109 1463 1269 1536 [diei]
1311 1463 1580 1519 absolvit.
1615 1465 1682 1519 Et
1729 1464 1852 1521 haec
1899 1466 2136 1536 quidem

489 1569 690 1609 annua
756 1552 967 1608 solaris
1032 1552 1269 1624 sphaerae
1339 1551 1620 1608 revolutio
1677 1554 1814 1608 anni
1877 1559 2140 1626 tempora

489 1640 822 1707 constituit;
855 1646 915 1696 at
936 1658 1004 1696 ea
1024 1658 1151 1713 quae
1172 1657 1307 1696 cum
1330 1641 1624 1696 inerrante
1647 1642 1710 1696 ﬁt
1738 1642 2139 1713 circumactio,

489 1730 616 1785 dies
645 1734 704 1784 et
734 1734 930 1785 noctes
976 1729 1173 1784 efﬁcit.
1208 1730 1346 1784 Post
1390 1729 1641 1785 solarem
1688 1730 2000 1801 sphaeram,
2033 1730 2142 1785 Ve-

489 1817 650 1874 neris
679 1822 787 1873 est.
804 1817 932 1872 Haec
963 1817 1455 1884 stella,matutina
1488 1817 1655 1874 stella
1685 1818 2011 1890 [aurorifer]
2042 1836 2144 1890 ap-

2237 667 2335 716 τοῦ
2386 664 2532 735 Διὸς,
2564 669 2659 718 τοῦ
2709 664 2799 719 καί
2859 661 3183 737 Φαέθοντος,
3228 664 3561 741 δωδεκαετίᾳ
3617 671 3733 737 τὴν
3780 669 3903 740 ὅλην

2240 751 2657 826 ἀπεργαζομένη
2713 758 3097 832 περιστροφή.
3149 758 3233 810 Ἐν
3289 757 3456 831 ταύτῃ
3511 763 3621 812 τοῦ
3688 761 3903 835 7.0965»-

2238 860 2332 901 τος
2389 841 2579 915 Ἀρεος
2639 844 2675 911 ἡ
2727 849 2926 920 σφαῖρα
2990 840 3474 919 περιλαμϐάνεται,
3538 847 3900 923 ἀτακτοτέραν

2240 929 2539 1002 ποιουμένη
2571 933 2671 1000 τήν
2703 932 2937 1002 κίνησιν.
2973 939 3129 988 Δοκεῖ
3157 932 3216 988 δὲ
3243 935 3331 988 καὶ
3382 935 3520 1004 αὕτη
3585 934 3778 1008 διετέᾳ
3827 941 3895 992 καῖ

2242 1018 2400 1072 πέντε
2486 1019 2642 1091 μησὶ,
2698 1020 2788 1074 καὶ
2871 1022 3007 1096 πρὸς
3093 1021 3370 1085 ὁλοτελῶς
3426 1025 3899 1103 περιστρέφεσθαι.

2243 1107 2390 1161 Μετὰ
2444 1106 2644 1177 ταύτην
2680 1112 2715 1178 ἡ
2766 1114 2863 1164 τοῦ
2902 1110 3085 1182 ἡλίου,
3122 1113 3258 1183 μέση
3314 1112 3635 1187 τεταγμένη
3704 1121 3897 1176 πασῶν.

2243 1196 2333 1248 καὶ
2393 1192 2462 1248 δι’
2518 1196 2759 1251 ἐνιαυτοῦ
2814 1200 2912 1267 τήν
2974 1202 3177 1254 ἅπασαν
3245 1201 3624 1275 ἆπαρτίζουσα
3690 1224 3901 1277 περισσ-

2248 1280 2363 1356 ράν·
2423 1281 2593 1356 ἤγουν
2643 1282 2733 1338 διὰ
2795 1286 3159 1361 νυχθημέρων
3229 1290 3563 1365 τριακοσίων
3650 1280 3901 1362 ἑξήκοντα»

2247 1369 2403 1426 πέντε
2454 1373 2543 1426 καὶ
2599 1375 2877 1449 τετάρτου.
2908 1375 3054 1446 Αὕτη
3110 1378 3206 1449 μὲν
3246 1376 3338 1432 οὖν
3372 1381 3405 1447 ἡ
3442 1378 3770 1435 ένιαυσιαέα
3820 1389 3900 1450 τῆς

2248 1459 2486 1529 ἡλιακῆς
2545 1461 2771 1539 σφαίρας
2824 1464 3092 1542 περιφορᾶ
3140 1467 3235 1528 τὰς
3296 1465 3440 1542 ὥρας
3524 1469 3897 1537 ἀποτελεῖἦ

2250 1546 2308 1603 δὲ
2336 1548 2426 1603 σὺν
2479 1554 2546 1623 τῇ
2604 1550 2833 1606 ἀπλανεῖ
2885 1556 3201 1630 περιαγωγὴ
3261 1556 3357 1618 τὰς
3386 1556 3610 1630 ἡμέρας
3678 1559 3777 1613 καὶ
3826 1562 3902 1621 τὶς

2250 1637 2438 1700 νύκτας
2524 1644 2672 1693 ποιεῖ
2740 1641 2874 1713 μετὰ
2942 1644 3041 1709 τήν
3120 1642 3355 1713 ἡλιακὴν
3412 1651 3657 1722 σφαῖραν
3728 1651 3767 1717 ἡ
3823 1656 3902 1716 τῆς

2248 1724 2601 1802 ’Δφροδίτης.
2661 1730 2968 1807 Ἑωσφόρος
3044 1732 3072 1785 6
3144 1732 3314 1808 ἀστὴρ
3390 1734 3560 1796 οὗτος
3641 1735 3901 1792 καλεῖται’

2252 1813 2399 1869 ἀλλὰ
2424 1816 2514 1870 καὶ
2544 1819 2825 1891 Ἕσπεροει⁸
2858 1819 2921 1873 τὸ
2956 1820 3049 1891 μὲν
3080 1824 3179 1889 τῆς
3209 1826 3305 1876 τοῦ
3333 1821 3499 1891 ἡλίου
3554 1844 3902 1902 προανισ-ίιω

493 1906 810 1981 pellatur“
845 1924 857 1962 :
893 1906 1034 1979 quin
1079 1913 1137 1962 et
1190 1910 1481 1978 Hesperus
1530 1908 1813 1980 [Vesper],
1848 1908 1961 1963 isto
2012 1909 2139 1979 qui-

2257 1903 2537 1973 έπιτολῆς,
2567 1906 2628 1960 τὸ
2660 1903 2717 1960 δὲ
2744 1911 2842 1961 τοῦ
2898 1907 3062 1977 ἡλίου
3119 1907 3547 1984 καταδυομένου,
3585 1915 3906 1990 φαινόμενος

2338 1993 2351 2008 .
2454 1990 2477 2009 ρ.
2630 2000 2653 2009 -
2759 1996 2820 2009 ρ..
3013 1996 3024 2009 ,
3290 2004 3312 2009 _
3507 2003 3519 2009 -
3786 2003 3800 2009 -
3836 2004 3854 2009 -

497 1997 629 2052 dem
664 1996 817 2052 286
849 1993 1105 2067 nomine,
1128 1996 1364 2067 quando
1396 2001 1529 2053 ante
1559 1997 1699 2052 solis
1729 2001 1923 2052 ortum
1953 2013 2140 2053 emer-

499 2084 613 2157 git;
646 2084 755 2139 hoc
784 2100 943 2150 vero,
965 2100 1099 2139 cum
1128 2084 1249 2139 sole
1280 2085 1578 2140 occidente
1597 2086 1669 2139 ad
1698 2101 1942 2141 occasus
1971 2102 2146 2158 appa-

498 2178 610 2230 ret.
641 2173 771 2229 Htec
801 2172 1015 2245 sphera
1058 2172 1364 2245 periodum
1396 2173 1520 2229 obit
1562 2190 1842 2241 annuam,
1868 2180 1931 2229 ut
1961 2174 2142 2245 aliqui

499 2279 568 2318 ex
601 2261 858 2334 physicis
888 2261 1177 2329 sentiunt;
1210 2266 1277 2317 ut
1304 2262 1481 2332 aliqui
1511 2279 1642 2317 vero
1674 2262 1795 2328 alii,
1829 2268 1956 2318 octo
1988 2279 2147 2319 men-

499 2350 687 2407 sibus.
721 2350 832 2406 Sed
864 2355 921 2405 et
950 2349 1132 2422 aliqui
1162 2351 1446 2405 Venerem
1478 2351 1655 2405 etiam
1688 2351 2015 2406 Luciferum
2044 2368 2144 2422 ap-

498 2439 739 2512 pellant.
773 2439 1014 2495 Veneris
1043 2439 1333 2511 sphaeram
1382 2440 1675 2506 Mercurii,
1708 2440 1808 2510 qui
1840 2445 1897 2496 et
1928 2439 2144 2495 stilbon

499 2528 691 2601 [quasi
721 2527 979 2600 radians]
1012 2528 1247 2594 dicitur,
1280 2528 1508 2599 sphzera
1549 2530 1764 2600 excipit
1794 2546 1891 2583 sex
1926 2529 2147 2584 mensi-

499 2618 613 2674 bus
642 2622 701 2673 et
727 2634 827 2674 sex
855 2618 1063 2673 diebus
1109 2633 1277 2673 suam
1318 2618 1874 2673 circumversionem
1921 2618 2144 2673 obiens.

500 2706 618 2761 Alii
664 2723 797 2761 vero
855 2706 1193 2763 existimant
1242 2710 1298 2761 et
1344 2706 1493 2761 hanc
1544 2707 1683 2761 anni
1732 2707 1921 2778 spatio
1978 2722 2147 2761 suam

502 2795 809 2868 periodum
849 2795 1166 2851 absolvere.
1199 2796 1603 2851 Accuratiores
1649 2800 1845 2851 tamen
1894 2810 2023 2850 esse
2064 2794 2149 2850 vi-

502 2886 733 2952 dentur,
766 2885 867 2957 qui
900 2884 1187 2940 naturalis
1230 2884 1607 2939 revolutionis
1640 2885 1812 2940 modo
1859 2883 2147 2940 dictarum

501 2973 866 3045 sphmrarum
888 2977 1125 3045 tempus
1148 2989 1302 3028 anno
1335 2973 1535 3029 minus
1566 2990 1670 3045 pro
1691 2973 1894 3029 ordine
1922 2989 2146 3041 earum,

501 3078 617 3133 quo
664 3060 796 3118 aliis
848 3061 1092 3133 sphmris
1143 3062 1417 3132 subjectae
1466 3067 1623 3130 sunt,
1672 3062 2146 3134 pronuntiarunt.

500 3150 778 3207 Omnium
811 3151 1062 3223 denique
1112 3151 1475 3222 sphaerarum
1517 3156 1811 3223 postrema
1856 3150 2008 3206 lunae
2039 3154 2147 3219 est,

500 3255 629 3311 quea
687 3239 747 3295 in
796 3240 925 3311 ipso
972 3246 1062 3295 est
1111 3242 1379 3294 contactu
1444 3240 1675 3296 aetheris
1725 3257 1859 3297 cum
1904 3256 2147 3296 succen-

501 3327 685 3384 sione.

572 3417 661 3473 1οέ
693 3418 1057 3490 Quapropter
1084 3416 1261 3473 etiam
1303 3416 1500 3488 ipsum
1542 3416 1695 3473 lunae
1727 3433 1959 3490 corpus,
1990 3421 2149 3473 tene-

498 3504 797 3561 bricosum
829 3510 916 3560 est
947 3522 1049 3578 per
1097 3522 1181 3573 se,
1214 3522 1347 3562 cum
1397 3507 1455 3561 in
1504 3507 1870 3563 extremitate
1918 3505 2151 3561 aetheris

501 3594 744 3650 exsistat
763 3595 841 3662 3";
875 3598 1029 3650 certe
1060 3596 1216 3667 quod
1251 3596 1554 3651 turbatum
1590 3600 1679 3650 est
1702 3595 1783 3666 [in
1820 3597 1929 3666 ea],
1958 3599 2023 3650 ut
2053 3595 2151 3651 ali-

502 3681 643 3753 quid
675 3698 809 3737 cum
859 3684 1243 3739 succensione
1290 3683 1609 3739 admistum
1659 3688 1767 3751 est,
1820 3685 1905 3740 sic
1951 3689 2149 3741 tamen

502 3774 715 3825 natura
744 3774 1146 3843 comparatum
1181 3776 1269 3828 est
1297 3789 1510 3844 corpus
1542 3773 1700 3828 istud
1740 3772 2148 3845 caliginosum,

500 3866 559 3919 et
587 3859 739 3915 lucis
768 3875 994 3931 expers,
1027 3864 1093 3914 ut
1130 3860 1449 3916 illuminari
1501 3861 1881 3934 lucidumque
1911 3880 1945 3917 a
1975 3862 2151 3919 solari

501 3949 809 4023 splendore
840 3948 962 4003 ﬁeri
990 3950 1195 4020 possit.
1233 3949 1363 4004 Haec
1407 3949 1559 4005 lunae
1600 3950 1828 4021 sphaera
1857 3951 2062 4023 viginti
2095 3957 2151 4007 et

501 4044 726 4111 septem
756 4037 986 4103 diebus,
1020 4043 1076 4093 et
1121 4038 1364 4094 dimidio
1412 4039 1593 4095 ferme
1644 4040 1819 4096 unius
1850 4041 1997 4097 287
2036 4040 2151 4096 diei

501 4127 799 4202 propriam
859 4125 1279 4182 revolutionem
1328 4127 1573 4199 peragit.
1607 4127 1832 4200 Quippe
1883 4130 2148 4185 omnium

500 4217 864 4291 sphaerarum
899 4215 1151 4270 minima
1184 4220 1291 4271 est.

572 4308 659 4363 11.
692 4306 868 4361 Porro
913 4303 1117 4359 circuli
1164 4303 1429 4376 paralleli
1462 4303 1946 4376 [aequidistantes]
1978 4308 2147 4378 quin-

499 4412 616 4469 que
645 4396 705 4450 in
737 4394 847 4449 hoc
887 4397 1202 4465 apparente
1260 4393 1402 4448 coelo
1450 4392 1947 4465 intelliguntur”;
1996 4412 2151 4450 unus

501 4484 740 4557 quidem
768 4481 1063 4537 maximus
1104 4480 1380 4548 circulus,
1408 4481 1465 4536 in
1490 4483 1638 4537 duas
1669 4483 1923 4553 aquales
1954 4489 2148 4555 partes

504 4574 794 4646 sphzeram
826 4572 1115 4637 dividens,
1146 4571 1246 4641 qui
1286 4572 1462 4627 etiam
1508 4571 1932 4642 aequinoctialis
1963 4574 2148 4627 nomi-

2251 1993 2391 2070 πφὸς
2450 1990 2699 2067 δυσμαῖς.
2759 1996 2820 2050 Ἡ
2876 1996 3096 2067 τοιαύτη
3185 2004 3381 2076 σφαῖρα
3460 2003 3569 2069 τήν
3659 2003 3902 2078 «spicam

2252 2088 2487 2136 ποιεῖται
2542 2083 2676 2138 κατὰ
2736 2085 2831 2156 μέν
2887 2106 3036 2147 τινας
3090 2091 3198 2141 τῶν
3252 2093 3491 2165 φυσικῶν
3554 2090 3903 2147 ἐνιαυσιαίο-

2252 2171 2388 2224 κατὰ
2418 2168 2476 2224 δέ
2523 2192 2668 2234 τινας
2718 2172 2769 2227 ἐν
2809 2172 2953 2228 ὀκτὼ
3004 2175 3158 2246 μησί.
3196 2175 3432 2231 Καλοῦσι
3493 2175 3554 2232 δέ
3616 2201 3769 2243 τινες
3822 2184 3901 2249 τὴν

2254 2256 2582 2335 Ἀφροδίτην
2632 2261 2722 2315 καὶ
2780 2262 3096 2340 Φωσφόρον.
3139 2265 3285 2319 Μετά
3339 2266 3440 2334 τήν
3499 2274 3609 2336 τῆς
3662 2269 3907 2346 Ἀφροδῖ-

2252 2367 2354 2416 της
2393 2353 2619 2424 σφαῖραν
2678 2352 2712 2418 ἡ
2773 2355 2871 2404 τοῦ
2913 2356 3116 2426 Ἐρμοῦ
3170 2357 3266 2406 τοῦ
3295 2352 3383 2407 καὶ
3416 2350 3761 2419 στίλϐοντος
3791 2359 3837 2413 ἐν
3866 2356 3906 2427 ἕξ

2261 2435 2392 2507 μησὶ
2422 2436 2510 2490 καὶ
2541 2436 2776 2513 ἡμέραις
2805 2438 2860 2509 ’ἐξ
2911 2441 3012 2509 τήν
3074 2438 3211 2495 ἰδίαν
3264 2442 3574 2515 ποιουμένη
3637 2467 3907 2521 περιπρο-

2257 2528 2384 2602 φήν.
2418 2524 2772 2596 Ὑπείληπται
2808 2526 2865 2583 δέ
2909 2550 3048 2583 τισιν
3100 2528 3424 2584 ἑνιαυσιαίαν
3473 2532 3572 2586 καὶ
3626 2533 3771 2605 αὕτη
3822 2539 3904 2604 τήν

2256 2610 2508 2688 περίοδον
2568 2614 2821 2672 ἐκτελεῖν.
2866 2613 3260 2691 Ἀκριϐέστεροι
3318 2616 3376 2672 δὲ
3434 2618 3663 2692 μᾶλλον
3727 2621 3903 2678 δοκοῖ)-

2259 2722 2339 2755 σιν
2373 2702 2423 2755 οἱ
2455 2700 2715 2757 ἐλάττονα
2741 2708 2838 2758 τοῦ
2869 2703 3113 2760 ἐνιαυτοῦ
3163 2711 3284 2767 ταῖς
3341 2713 3642 2784 προσεγῶς
3701 2712 3907 2785 εἰρημὲο

2256 2811 2369 2852 ναις
2430 2788 2548 2844 δυσὶ
2609 2792 2856 2869 σφαίραις
2904 2794 2996 2847 τὸν
3054 2801 3155 2863 τῆς
3184 2798 3412 2873 φυσικῆς
3443 2805 3763 2873 περιφορᾶς
3796 2802 3908 2877 χρὸ-

2256 2900 2346 2933 νον
2401 2879 2831 2957 ἀποφηνάμενοι,
2891 2884 3026 2937 κατᾶ
3100 2884 3199 2952 τὴν
3252 2884 3399 2954 τάξιν
3460 2893 3563 2955 τῆς
3630 2888 3776 2964 πρὸς
3828 2893 3908 2949 τὶς

2259 2964 2432 3030 ἄλλας
2490 2967 2719 3046 σφαίρας
2779 2970 2953 3024 αὐτῶν
3017 2966 3350 3034 ὑποϐάσεως.
3408 2973 3644 3046 Ὑστάτη
3713 2975 3775 3032 δὲ
3825 3000 3909 3032 :1-

2259 3061 2363 3110 σῶν
2420 3060 2523 3111 τῶν
2584 3062 2824 3135 σφαιρῶν
2855 3061 2889 3128 ἡ
2921 3066 3021 3128 τῆς
3080 3058 3315 3130 σελήνης
3380 3061 3513 3134 ἐστὶ,
3570 3072 3696 3119 κατ’
3758 3066 3905 3136 αὐτήν

2259 3145 2390 3199 οὖσα
2470 3146 2569 3215 τήν
2652 3148 2885 3224 συναφὴν
2968 3152 3063 3202 τοῦ
3140 3148 3355 3222 αἰθέρος
3435 3151 3583 3225 πρὸς
3641 3155 3707 3209 τὸ
3771 3156 3911 3210 ὑπὲκ-

2255 3254 2356 3288 καυ
2364 3255 2457 3307 μα.

2333 3413 2384 3467 ι’.
2425 3412 2518 3466 Διὸ
2574 3410 2664 3466 καὶ
2724 3412 2853 3468 αὐτὸ
2907 3413 2970 3468 τὸ
3025 3421 3127 3484 τῆς
3182 3413 3419 3487 σελήνης
3478 3422 3650 3491 σῶμα
3696 3423 3909 3500 ζοφερόν

2261 3500 2371 3555 ἐστι
2428 3501 2547 3555 καθ’
2607 3501 2757 3570 αὑτὸ,
2788 3502 2927 3577 πρὸς
2979 3503 3042 3557 τὸ
3094 3504 3258 3580 πέρας
3290 3505 3346 3559 ὃν
3405 3509 3505 3560 τοῦ
3562 3507 3814 3583 αἰθέρος·
3858 3510 3910 3564 τό

2258 3610 2319 3665 γε
2372 3588 2748 3662 τεθολωμένον
2800 3591 2876 3652 ὡς
2933 3592 3070 3666 πρὸς
3128 3593 3191 3647 τὸ
3224 3593 3544 3668 ὑπέκκαυμά
3603 3617 3660 3650 τι
3724 3620 3915 3672 συμμι-

2259 3678 2371 3752 γές.
2407 3678 2617 3756 Πέφυκε
2679 3678 2863 3751 μέντοι
2891 3681 2954 3735 τὸ
2982 3685 3237 3737 τοιοῦτον
3298 3688 3457 3756 σῶμα
3511 3691 3620 3752 τῆς
3679 3686 3915 3757 σελήνης

2256 3768 2319 3822 τὸ
2353 3765 2592 3845 ζοφῶδες
2620 3768 2708 3822 καὶ
2740 3768 2991 3841 ἀλαμπὲς
3038 3772 3185 3847 παρᾶ
3236 3774 3334 3840 τῆς
3379 3771 3629 3843 ἡλιακῆς
3688 3772 3911 3848 λαμπη-

2260 3853 2417 3918 δόνος
2474 3856 2818 3934 φωτίζεσθαι.
2872 3858 3019 3928 Αὕτη
3080 3866 3181 3928 τῆς
3237 3859 3539 3931 σελήνηςὴ
3601 3870 3813 3939 σφαῖρα
3869 3866 3911 3919 ἐν

2259 3945 2393 3999 ἑπτὰ
2420 3945 2509 4000 καὶ
2542 3944 2740 4000 εἷ’κοσιν
2772 3946 3006 4023 ἡμέραις
3037 3949 3126 4002 καί
3167 3968 3284 4010 πως
3332 3949 3521 4022 ἡμίσει
3585 3958 3722 4023 μιᾶς
3780 3953 3909 4026 ἡμὲ-

2260 4053 2354 4109 ρας
2409 4035 2508 4104 τήν
2568 4033 2767 4089 οἰκείαν
2823 4035 2971 4090 ἀνύει
3027 4038 3345 4114 περιφοράν.
3396 4041 3763 4116 Σμικροτάτη
3822 4044 3909 4118 γάρ

2258 4121 2367 4177 ἐστι
2396 4127 2505 4177 τῶν
2537 4122 2682 4177 ὅλων
2712 4128 2969 4201 σφαιρῶν.

2333 4306 2417 4356 ια’.
2451 4299 2657 4355 Κύκλοι
2714 4297 2772 4354 δὲ
2824 4299 2981 4356 πέντε
3036 4300 3390 4377 παράλληλοι
3467 4309 3728 4362 νοοῦνται
3788 4310 3912 4363 xxi

2257 4389 2348 4442 τὸν
2408 4387 2628 4463 οὐρανὸν
2682 4394 2874 4443 τοῦτον
2916 4386 2984 4458 δὴ
3032 4389 3125 4444 τὸν
3156 4391 3498 4467 φαινόμενον·
3534 4393 3615 4456 εἷς
3680 4396 3782 4468 μὲν
3835 4397 3912 4450 r5-

2258 4477 2391 4539 κλος
2428 4476 2678 4552 μέγιστος
2710 4479 2738 4532 6
2770 4478 2844 4540 εἰς
2878 4475 2975 4532 δύο
3004 4476 3215 4551 τέμνων
3268 4477 3355 4533 ἴσα
3403 4481 3505 4549 τὴν
3566 4489 3832 4560 σφαῖραν·
3862 4487 3912 4545 ὃς

2256 4565 2345 4619 καὶ
2376 4566 2692 4641 ἱσημερινὸς
2753 4566 3096 4638 ὀνομάζεται.
3129 4566 3332 4622 Τούτου
3381 4565 3431 4623 δ’
3461 4569 3780 4647 ἑκατέρωσε
3831 4573 3909 4629 5'3:

504 4668 697 4718 natur.
731 4660 923 4731 Hujus
963 4676 1032 4715 ex
1085 4664 1330 4730 utraque
1379 4663 1541 4731 parte
1589 4661 1704 4714 duo
1752 4664 1889 4714 sunt
1926 4659 2144 4725 circuli,

2259 4652 2603 4727 κύκλοι,τοῦ
2666 4655 2758 4726 μὲν
2822 4654 3138 4731 ἷσημερινοῢ
3199 4655 3429 4729 μείονες,
3465 4656 3573 4713 ἴσοι
3639 4658 3692 4715 δ’
3742 4660 3912 4731 ἀλλῆ-

503 4748 895 4823 ωίιιιὶοοοῐίειΙί
926 4749 1166 4821 quidem
1213 4748 1489 4815 minores,
1522 4748 1635 4803 sibi
1679 4748 1925 4804 invicem
1955 4752 2153 4804 tamen

502 4838 776 4912 aequales.
810 4838 1106 4894 Vocantur
1133 4840 1328 4892 autem
1374 4837 1582 4908 tropici
1615 4835 1630 4909 [
1639 4836 1798 4909 quali
1828 4836 1987 4893 dicas
2017 4854 2153 4893 con-

500 4928 751 4999 versivi],
786 4927 925 4999 quia
956 4943 1059 4999 per
1090 4928 1205 4981 duo
1238 4924 1379 4981 solis
1412 4931 1629 4997 puncta
1658 4926 1881 4997 tropica
1910 4925 2157 4981 circum-

501 5021 776 5090 aguntur.
807 5017 893 5071 Ad
922 5021 1242 5087 utrumque
1270 5015 1627 5087 tropicorum
1661 5014 1777 5070 duo
1814 5013 1911 5069 alii
1945 5014 2148 5069 circuli

500 5109 671 5173 sunt;
701 5121 856 5161 unus
887 5104 1121 5176 quidem
1153 5122 1333 5176 prope
1358 5103 1651 5175 tropicum
1686 5102 1974 5169 aestivum,
2004 5102 2154 5159 alter

497 5211 633 5250 vero
675 5209 852 5265 prope
881 5195 1168 5266 tropicum
1213 5194 1549 5249 hibernum.
1582 5193 1651 5248 Et
1680 5192 1737 5247 hi
1771 5192 2011 5263 quidem
2041 5193 2153 5247 cir-

500 5282 616 5339 culi
646 5281 759 5337 sibi
802 5281 1055 5337 invicem
1105 5283 1360 5353 equales
1410 5287 1569 5353 sunt,
1603 5298 1854 5353 quorum
1902 5280 2154 5336 borealis

499 5371 762 5444 quidem,
799 5370 1087 5438 arcticus;
1120 5371 1221 5442 qui
1253 5376 1448 5427 autem
1481 5387 1551 5426 ex
1580 5371 1847 5437 adverso,
1877 5369 2154 5426 australis

497 5458 793 5527 videlicet,
824 5458 1182 5515 antarcticus
1210 5464 1473 5516 vocatur.

2232 4741 2405 4805 ,λοις.
2442 4741 2740 4797 Καλοῦνται
2799 4740 2857 4797 δὲ
2912 4743 3167 4819 τροπικοὶ
3224 4744 3299 4806 ὡς
3330 4742 3421 4799 διὰ
3473 4751 3583 4801 τῶν
3643 4757 3908 4826 τροπικῶν

2260 4837 2358 4887 τοῦ
2443 4829 2608 4899 ἡλίου
2694 4832 2936 4905 σημείων
3015 4833 3419 4909 περιαγόμενοι.
3481 4838 3612 4891 Καθ’
3674 4840 3908 4913 ἑκάτερον

2260 4925 2366 4975 τῶν
2419 4924 2695 4994 τροπικῶν
2744 4917 2918 4996 ἕτεροι
2979 4918 3073 4975 δύο
3128 4920 3344 4976 κύκλοι·
3381 4925 3458 4986 εἷς
3523 4926 3625 4998 μὲν
3685 4926 3907 4998 πλησίον

2261 5014 2358 5064 τοῦ
2410 5011 2623 5084 θερινοῦ
2679 5014 2966 5085 τροπικοῦ,
3024 5011 3100 5072 εἷς
3157 5008 3213 5065 δὲ
3269 5012 3508 5083 πλησίον
3548 5020 3650 5071 τοῦ
3682 5037 3912 5092 χειμερι-

2262 5104 2372 5155 νοῦ.
2410 5099 2507 5152 Καὶ
2564 5098 2712 5152 οὗτοι
2774 5099 2824 5152 ο¹ι
2879 5097 3076 5155 κύκλοι
3136 5096 3240 5153 ἴσοι
3288 5098 3597 5174 ἀλλήλοις,
3629 5107 3770 5162 ῶνὸ
3829 5107 3907 5178 μὲν

2268 5188 2479 5263 βόρειος
2535 5184 2781 5242 καλεῖται
2844 5186 3112 5262 ἀρκτικός·
3148 5188 3175 5241 ὁ
3231 5184 3278 5242 δ’
3331 5189 3501 5246 αὐτοῦ
3549 5192 3605 5266 ἐξ
3668 5195 3906 5261 ἐναντίας,

2262 5274 2433 5351 ἤγουν
2468 5277 2495 5330 6
2524 5275 2724 5348 νότιος,
2759 5275 3130 5352 ἀνταρκτικός.

569 5692 615 5728 ³⁸
648 5688 806 5744 Plato
835 5681 888 5762 ῼ
920 5691 978 5742 et
1002 5686 1062 5763 ξ
1093 5694 1379 5763 ευρνιιᾼΘ
1407 5687 1650 5763 collocat
1694 5689 1753 5742 in
1800 5689 2017 5744 Timaeo
2050 5704 2115 5763 p._
2142 5710 2144 5717 ι

2257 5692 2315 5763 2.‘
2373 5688 2417 5722 ³⁷
2448 5687 2662 5763 Cleom.
2695 5686 2800 5763 lib.
2832 5705 2871 5757 ι,
2904 5704 2951 5763 c.
2987 5689 3041 5757 3,
3117 5689 3161 5723 ³³
3194 5687 3375 5763 Ihid.,_
3397 5705 3451 5745 c.
3484 5695 3556 5763 2;
3594 5696 3726 5754 Jov.
3751 5696 3898 5751 Pont.

499 5762 601 5820 lib.
636 5780 720 5835 ιιι,
748 5763 823 5818 de
849 5759 898 5815 r.
927 5777 976 5816 c.
1011 5759 1258 5818 circulos
1290 5760 1396 5817 hos
1430 5761 1490 5816 in
1521 5761 1664 5816 coelo
1698 5766 1928 5817 tantum
1960 5759 2182 5832 concipi
2213 5766 2272 5816 et
2299 5759 2681 5832 imaginarios
2709 5759 3011 5817 habendos
3039 5776 3170 5818 esse
3200 5760 3429 5817 statuit.

3754 6326 3988 6390 ε-τω
