4024 6484
257 462 414 526 £837

1584 464 1939 530 EPITOME.
1974 465 2342 531 PHYSIGA.

3506 463 3666 529 1238

330 595 422 671 ιβ.
471 593 534 649 Ὃ
579 591 675 669 μὲν
724 591 817 651 οὖν
865 593 1180 672 ἱσημερινὸς
1232 596 1324 653 καὶ
1369 598 1423 653 οἱ
1468 600 1721 675 τροπικοί
1769 597 1895 654 πάν-

2088 602 2174 656 12.
2205 597 2644 672 Equinoctialis
2689 596 2872 673 igitur
2898 600 2957 656 et
2984 595 3194 672 tropici
3222 595 3444 670 ubique
3478 596 3659 656 iidem

251 681 379 739 τοτέ
409 682 542 739 εἰσιν
575 685 628 739 οἱ
666 684 840 755 αὐτοὶ,
887 686 978 741 καὶ
1027 685 1154 749 τοὺς
1208 686 1403 742 αὐτοὺς
1450 688 1772 764 κατέχοντες
1812 686 1904 742 τό-

253 792 392 834 πους
448 770 712 841 διηνεκῶς
755 814 767 827 .
826 775 883 827 Ὀ
941 771 989 828 δ’
1064 775 1316 851 ἀρκτικὸς
1390 775 1480 831 καὶ
1555 776 1904 852 ἀνταρκτικὸς

251 860 391 916 κατὰ
466 860 562 923 τὰς
639 864 748 915 τῶν
804 860 1089 934 κλιμάτων
1168 861 1428 940 διαφορὰς
1486 862 1905 920 ἐναλλάσσονται

250 949 346 1004 καὶ
398 948 528 1012 τοὺς
582 949 782 1011 τόπους
837 945 1142 1022 ἀμείϐουσι.
1204 951 1302 1006 Καὶ
1361 957 1471 1006 ποῦ
1536 952 1752 1026 μείζους
1803 951 1904 1007 εἶσὶ

248 1035 346 1092 καὶ
376 1036 520 1094 πολὺ
546 1043 666 1101 τοῖς
694 1044 978 1115 τροπικοῖς
1027 1039 1441 1110 πλησιάζοντες·
1490 1045 1598 1096 ποῦ
1645 1039 1692 1095 δ’
1750 1039 1906 1096 έλάτ-

248 1147 379 1188 τους
410 1168 425 1195 ,
476 1125 567 1182 καὶ
642 1132 761 1190 τοῖς
828 1127 1025 1190 πόλοις
1102 1127 1338 1200 μάλιστα
1405 1128 1854 1205 προσεγγίζοντες
1889 1171 1903 1186 .

249 1217 409 1272 ’Ἐστι
440 1212 488 1270 δ’
530 1214 679 1270 ὅπου
712 1216 803 1271 καὶ
853 1216 1217 1294 ἀφανίζονται.
1258 1219 1348 1285 Μὴ
1401 1216 1807 1295 ἀφανιζομένων
1857 1214 1904 1272 δ’

250 1303 455 1371 αὐτῶν,
488 1305 517 1359 6
550 1306 643 1377 μὲν
691 1304 920 1379 ἀόρατός
965 1304 1128 1377 ἐστιν,
1160 1305 1188 1359 6
1237 1303 1283 1361 δ’
1326 1306 1407 1361 ἀεὶ
1456 1305 1673 1382 ὁρατός.
1721 1305 1904 1362 καὶτὸ

248 1391 646 1467 περιεχόμενον
720 1393 808 1448 ὑπ’
858 1392 1023 1449 αὐτοῦ
1097 1391 1262 1470 μέρος
1318 1401 1419 1463 τῆς
1476 1394 1705 1470 σφαίρας
1764 1395 1899 1451 ἅπαν

245 1481 315 1536 τὸ
343 1481 482 1558 πρὸς
529 1486 609 1553 τῷ
643 1481 805 1554 πόλῳ
856 1483 1123 1560 ἀειφανὲς,
1173 1483 1249 1545 ὡς
1295 1484 1358 1538 τὸ
1408 1484 1510 1538 ὑπὸ
1556 1488 1653 1538 τοῦ
1702 1481 1902 1539 λοιποῦ

247 1570 647 1646 περιεχόμενον
679 1570 895 1648 ἀφανές.
947 1571 1117 1627 Πόλοι
1168 1569 1225 1627 δὲ
1271 1572 1484 1627 πάντων
1532 1576 1638 1627 τῶν
1688 1572 1898 1648 παραλ-

250 1657 446 1730 λήλων
471 1657 691 1714 κύκλων
724 1661 776 1715 οἱ
803 1667 904 1729 τῆς
937 1659 1163 1738 σφαίρας
1191 1660 1346 1718 εἰσίν.

326 1748 412 1822 ιγ’,
475 1750 699 1824 Ἕτερος
751 1745 809 1803 δὲ
863 1754 1065 1804 νοεῖται
1124 1750 1378 1823 μέγιστος
1426 1749 1649 1820 κύκλος,
1708 1749 1796 1806 διά
1842 1772 1901 1806 τε

243 1840 357 1891 τῶν
412 1840 688 1912 τροπικῶν
741 1837 830 1892 καὶ
875 1842 973 1892 τοῦ
1032 1837 1349 1914 ίσημερινοῦ
1411 1834 1753 1914 βεϐλημένος
1805 1839 1900 1895 λο-

248 1927 374 1997 ξῶς·
409 1925 523 1979 καθ’
565 1923 619 1979 ἓν
673 1925 766 1998 μὲν
812 1930 1040 1998 σημεῖον
1080 1927 1265 2000 ψαύων
1319 1928 1573 2003 ἑκατέρου
1616 1932 1723 1983 τῶν
1768 1950 1894 2004 τρο-
1928 1969 1977 2034 Β

357 2017 385 2029 υ
436 2031 446 2034 -
478 2030 484 2034 λ
513 2013 528 2034 Ι
588 2011 615 2034 ,Ι
727 2012 771 2034 θκ
830 2011 856 2034 δ
874 2014 887 2033 Ι
1086 2016 1099 2033 1
1159 2012 1213 2034 δ]
1452 2020 1474 2033 υ
1593 2017 1603 2034 r
1845 2018 1859 2034 \

249 2017 449 2068 πικῶν·
477 2013 560 2075 ἐἰς
588 2011 676 2068 ἷ¹σα
723 2012 781 2069 δὲ
827 2011 924 2069 δύο
971 2016 1109 2070 κατά
1155 2012 1249 2070 δύο
1305 2020 1508 2089 σημεῖα
1552 2017 1763 2089 τέμνων
1803 2018 1895 2073 τὸν

247 2101 589 2175 ἰσημερινόν.
648 2102 817 2165 Οὗτος
877 2103 906 2156 6
954 2102 1114 2176 λοξὸς
1175 2103 1377 2167 κύκλος
1417 2103 1663 2160 καλεῖται
1692 2104 1896 2161 Ζωδια-

244 2190 362 2253 κός*
409 2188 521 2245 ἔστι
572 2190 633 2246 δὲ
676 2191 885 2253 πλατὺς
930 2191 1021 2246 καὶ
1070 2193 1246 2270 φέρων
1295 2191 1463 2266 ἄστρα
1504 2192 1711 2264 πολλὰ,
1745 2216 1895 2250 σκια-

243 2278 485 2356 γράφοῦν
524 2281 592 2335 τά
638 2301 757 2342 πως
810 2279 920 2349 ζῶά
968 2302 1109 2338 τινα.
1162 2283 1258 2337 Ἐκ
1291 2288 1393 2352 τῆς
1442 2281 1698 2352 τοιαύτης
1746 2304 1896 2338 σκια-

243 2367 477 2446 γραφίας
549 2374 649 2438 τῆς
725 2371 1135 2445 συγκεχυμένης
1208 2370 1299 2425 καὶ
1373 2367 1618 2444 ἀμυδράς
1684 2369 1894 2443 ἐκλήθη

244 2457 393 2530 παρὰ
476 2457 582 2511 τῶν
672 2456 916 2532 ἀρχαίων
1005 2456 1356 2534 ἀστρολόγων
1445 2459 1722 2536 ζωοφόρος
1807 2461 1897 2516 καὶ

245 2542 543 2608 Ζωδιακός⁰
600 2546 692 2600 καὶ
745 2545 815 2600 τὰ
888 2548 1342 2624 σκιαγραφήματα
1395 2545 1702 2617 ἐκλήθησαν
1762 2554 1899 2603 Ζω-

247 2630 357 2690 δια.
389 2634 460 2688 Τὸ
488 2633 698 2711 πλάτος
729 2634 821 2688 οὗν
852 2638 949 2688 τοῦ
998 2632 1266 2703 ζωδιακοῦ
1312 2641 1458 2711 τρεῖς
1503 2633 1769 2712 διαιροῦσι
1800 2637 1897 2692 κύ-

243 2719 374 2777 κλοι
415 2722 506 2777 καὶ
550 2720 927 2796 διανέμονται.
978 2723 1080 2779 Καὶ
1113 2724 1141 2778 6
1198 2724 1291 2798 μὲν
1346 2723 1520 2779 αὐτῶν
1571 2724 1733 2798 μέσος
1785 2725 1895 2783 ἔστι

246 2830 304 2866 τε
352 2810 442 2865 καὶ
522 2809 759 2886 λέγεται.
809 2811 1006 2866 τούτου
1049 2808 1097 2866 δ’
1135 2812 1188 2866 οἱ
1243 2813 1530 2889 ἑκατέρωθι
1576 2814 1897 2887 ὠνομάσθη-

249 2918 342 2953 σαν
374 2899 403 2953 ὁ
438 2899 533 2973 μὲν
568 2898 803 2975 βόρειος,
857 2900 886 2953 6
940 2896 999 2954 δὲ
1045 2899 1244 2971 νότιος,
1296 2901 1354 2956 ἐκ
1400 2905 1504 2956 τῶν
1548 2906 1644 2957 τοῦ
1685 2901 1895 2976 κόσμου

253 2990 432 3063 μερῶν
497 2988 581 3050 οἷς
640 2986 1078 3064 προσπελάζουσι
1150 2986 1573 3064 κληρωσάμενοι
1629 2991 1697 3046 τὰ
1753 2990 1845 3047 ὄνό
1874 3024 1894 3034 -

252 3095 414 3148 ματα.

319 3250 402 3309 ιδ’.
436 3254 655 3330 Ἕτερος
686 3256 833 3330 παρὰ
858 3254 949 3310 τὸν
986 3252 1247 3324 ζωδιακὸν
1296 3254 1387 3311 καὶ
1416 3256 1508 3311 τὸν
1559 3256 1891 3333 ἰσημερινὸν,

2015 692 2155 745 sunt
2192 691 2511 760 eademque
2566 689 2742 745 etiam
2799 705 3032 761 semper
3087 692 3376 759 occupant
3423 686 3572 756 loca,
3604 691 3667 744 at

2016 778 2267 834 arcticus
2306 783 2363 834 et
2391 778 2749 834 antarcticus
2780 778 3105 834 secundum
3157 778 3460 832 climatum
3494 777 3665 834 διαθ-

2015 868 2236 923 rentias
2263 868 2491 923 variant
2519 872 2574 923 et
2612 866 2740 923 lora
2786 870 3039 921 mutant.
3074 867 3144 921 Et
3173 865 3391 921 alicubi
3427 865 3662 937 quidem

2017 957 2269 1028 majores
2299 960 2458 1024 sunt,
2485 954 2858 1026 multumque
2889 954 3131 1025 tropicis
3156 953 3659 1026 appropinquant;

2014 1043 2226 1101 alicubi
2276 1048 2472 1099 autem
2523 1046 2780 1099 minores
2809 1047 2865 1099 et
2895 1042 3157 1114 proxime
3187 1043 3257 1097 ad
3292 1042 3451 1113 polos
3499 1059 3660 1098 acce-

2014 1134 2180 1188 dunt.
2214 1134 2324 1189 Sed
2386 1137 2442 1189 et
2498 1132 2711 1187 alicubi
2758 1136 3133 1187 evanescunt.
3164 1132 3406 1197 Quando
3465 1136 3659 1189 autem

2016 1237 2132 1276 non
2184 1224 2560 1290 evanescunt,
2601 1236 2755 1275 unus
2813 1219 3052 1290 quidem
3102 1220 3254 1275 288
3312 1220 3657 1290 invisibilis;

2014 1309 2161 1366 alter
2188 1326 2320 1365 vero
2353 1325 2583 1380 semper
2610 1312 2698 1364 est
2726 1307 3008 1370 visibilis;
3037 1312 3095 1364 et
3119 1308 3393 1365 universa
3419 1308 3659 1381 sphaera

2013 1415 2149 1471 pars
2179 1415 2305 1470 quae
2327 1399 2399 1454 ab
2419 1397 2546 1468 ipso
2573 1399 2645 1453 ad
2676 1396 2873 1470 polum
2903 1414 3093 1469 usque
3121 1398 3657 1470 comprehenditur,

2011 1504 2244 1559 semper
2272 1485 2656 1559 conspicitur;
2688 1486 3189 1559 quemadmodum
3213 1504 3341 1559 quas
3371 1487 3443 1543 ab
3476 1487 3657 1544 altero

2011 1577 2344 1632 continetur
2380 1593 2495 1630 non
2545 1574 2921 1646 conspicitur.
2956 1576 3132 1647 Atqui
3180 1574 3298 1648 poli
3348 1574 3655 1648 parallelo-

2011 1682 2142 1721 rum
2172 1665 2437 1720 omnium
2468 1667 2608 1720 sunt
2635 1663 2743 1734 illi,
2773 1664 2871 1735 qui
2904 1667 2962 1720 et
2992 1663 3216 1736 sphera
3246 1668 3409 1719 sunt.

2083 1755 2170 1809 13.
2199 1754 2372 1809 Porro
2396 1754 2442 1789 39
2471 1753 2623 1809 alius
2666 1751 2922 1808 circulus
2966 1751 3259 1808 maximus
3286 1752 3654 1826 intelligitur,

2010 1844 2109 1915 qui
2140 1859 2243 1915 per
2270 1842 2525 1914 tropicos
2568 1846 2625 1898 et
2663 1844 3014 1913 aequatorem
3047 1840 3285 1913 oblique
3315 1841 3654 1913 interjectus

2008 1934 2123 1997 est;
2172 1930 2269 2001 qui
2317 1947 2433 1985 uno
2481 1928 2720 2000 quidem
2770 1934 2984 2001 puncto
3031 1935 3351 2001 utrumque
3399 1929 3650 2002 tropico-

2013 2036 2144 2074 rum
2204 2018 2456 2090 attingit,
2491 2018 2551 2073 in
2606 2019 2755 2073 duas
2807 2022 3002 2073 autem
3056 2017 3306 2090 aequales
3365 2022 3564 2090 partes
3591 2017 3653 2074 in

2010 2107 2242 2163 duobus
2289 2107 2523 2178 punctis
2573 2104 3043 2177 aequinoctialem
3093 2105 3317 2161 dividit.
3355 2105 3459 2161 Hic
3506 2105 3658 2162 obli-

2009 2211 2162 2267 quus
2193 2193 2449 2250 circulus
2493 2193 2669 2250 etiam
2712 2194 2993 2250 Zodiacus
3036 2198 3295 2250 vocatur.
3327 2195 3543 2266 Estque
3570 2193 3654 2249 la-

2006 2288 2105 2339 tus
2163 2283 2419 2347 circulus
2464 2287 2523 2338 et
2568 2281 2758 2337 multa
2816 2282 3227 2354 complectitur
3284 2281 3495 2352 sidera,
3528 2298 3655 2355 quas

2009 2372 2290 2428 animalia
2318 2371 2585 2444 quaedam
2635 2371 2993 2426 adumbrant
3021 2375 3079 2427 et
3106 2376 3544 2443 repraesentant.
3573 2372 3655 2427 Ex

2007 2462 2253 2517 confusa
2281 2460 2391 2516 hac
2418 2464 2477 2515 et
2505 2461 2756 2516 obscura
2780 2460 3227 2516 adumbratione
3255 2465 3313 2516 et
3336 2477 3653 2532 repraesen-

2008 2550 2230 2606 tatione
2260 2549 2335 2605 ab
2366 2548 2630 2620 antiquis
2657 2548 2989 2620 astrologis,
3022 2548 3267 2620 signifer
3295 2553 3352 2605 et
3378 2549 3652 2606 zodiacus

2004 2643 2244 2694 vocatus
2276 2637 2388 2693 fuit
2409 2638 2484 2705 ‘0;
2518 2641 2576 2692 et
2599 2637 2907 2709 imagines,
2932 2636 3287 2693 animalcula
3311 2642 3368 2693 et
3388 2636 3556 2709 [alias
3578 2636 3653 2693 si-

2006 2732 2140 2799 gna]
2176 2730 2388 2782 vocatae
2439 2729 2596 2781 sunt.
2633 2724 3024 2781 Latitudinem
3068 2724 3234 2797 proin
3283 2724 3503 2782 zodiaci
3532 2729 3649 2782 tres

2009 2815 2208 2871 circuli
2257 2815 2526 2870 dividunt
2553 2817 2610 2870 et
2648 2813 2983 2885 partiuntur
3010 2812 3079 2867 δι.
3108 2814 3175 2868 Et
3206 2829 3360 2869 unus
3411 2813 3649 2886 quidem

2005 2920 2231 2969 eorum,
2263 2902 2495 2958 medius
2526 2905 2633 2972 est,
2668 2905 2726 2957 et
2756 2899 2970 2957 dicitur
3000 2916 3013 2954 :
3045 2900 3117 2955 ab
3165 2900 3275 2957 hoc
3303 2904 3522 2969 autem,
3546 2900 3648 2973 qui

2005 2993 2078 3048 ad
2123 2996 2443 3062 utrumque
2488 2989 2643 3046 latus
2690 2992 2848 3058 sunt,
2881 3005 3037 3045 unus
3084 2989 3324 3061 quidem
3373 2988 3644 3058 borealis,

2005 3080 2152 3137 alter
2197 3079 2475 3136 australis
2523 3078 2809 3135 nominati
2848 3083 3014 3134 sunt:
3049 3094 3083 3133 a
3121 3077 3327 3133 mundi
3378 3077 3647 3149 partibus

2005 3169 2222 3242 quibus
2251 3168 2741 3241 appropinquant,
2776 3167 3015 3223 nomina
3043 3166 3253 3223 sortiti.

2076 3257 2161 3312 14.
2193 3257 2358 3312 Alius
2389 3261 2599 3329 praeter
2625 3254 2928 3312 zodiacum
2959 3260 3017 3311 et
3045 3254 3503 3327 aequinoctialem
3535 3254 3648 3310 cir-

249 3342 503 3418 μέγιστος
534 3342 624 3399 καὶ
654 3342 838 3414 αὐτὸς,
882 3349 1086 3399 νοεῖται
1133 3343 1354 3416 κύκλος,
1407 3346 1435 3399 6
1485 3341 1705 3418 διαιρῶν
1755 3349 1890 3420 ἡμῖν

2010 3345 2177 3402 culus
2208 3346 2362 3402 289
2395 3349 2452 3401 et
2481 3345 2607 3417 ipse
2650 3346 2943 3400 maximus
2990 3343 3353 3416 intelligitur,
3387 3343 3487 3415 qui
3516 3359 3649 3415 par-

241 3431 305 3487 τὸ
357 3438 458 3502 τῆς
535 3430 763 3511 σφαίρας
819 3434 1042 3511 φανερὸν
1103 3432 1164 3489 ἐκ
1216 3438 1315 3489 τοῦ
1374 3434 1626 3513 ἀφανοῦς,
1684 3434 1745 3498 ὃς
1802 3437 1892 3491 καὶ

242 3519 438 3595 ὁρίζων
517 3518 607 3576 διὰ
673 3525 835 3576 τοῦτο
907 3522 1367 3599 προσαγορεύεται
1421 3568 1434 3580 .
1493 3524 1756 3600 Μέγιστος
1835 3522 1893 3580 δέ

241 3608 351 3664 ἐστι
381 3610 472 3665 καὶ
525 3610 707 3678 αὐτὸς,
757 3608 973 3687 ἐπείπερ
1023 3611 1100 3673 εἷς
1152 3608 1243 3666 ἷ¹σα
1291 3609 1385 3666 δόο
1440 3612 1530 3666 τὸν
1573 3610 1778 3687 κόσμον
1812 3610 1891 3668 δι-

242 3702 404 3774 αιρεῖ.
444 3698 647 3760 Πάντες
694 3698 799 3775 γὰρ
848 3699 901 3754 o't
951 3698 1193 3775 μέγιστοι
1244 3697 1439 3755 κύκλοι
1485 3702 1584 3771 τήν
1632 3721 1691 3755 τε
1737 3706 1893 3778 σφαῖ-

245 3805 340 3861 ραν
371 3786 461 3841 καὶ
491 3784 779 3857 ἀλλήλους
822 3786 899 3849 εἷς
930 3784 1019 3842 ἷ¹σα
1068 3785 1205 3863 μέρη
1253 3789 1537 3861 τέμνουσιν
1588 3786 1891 3864 ἀναγκαίως

243 3873 332 3929 καὶ
362 3871 471 3930 ἴσοι
500 3872 775 3945 ἀλλήλοις
808 3874 928 3932 εἷ’σί.

316 4056 390 4107 ιε’.
424 4048 640 4105 Τούτων
702 4049 876 4112 οὕτως
934 4050 1175 4127 ἐχόντων
1231 4052 1284 4107 οἱ
1340 4049 1611 4123 πλάνητες
1665 4054 1891 4115 ἅπαντες

240 4138 340 4207 τὴν
391 4137 625 4193 ἐναντίαν
665 4142 743 4210 τῷ
789 4140 1125 4215 στερεώματι
1175 4142 1311 4194 κατὰ
1338 4141 1400 4195 τὸ
1452 4138 1643 4196 δοκοῦν
1682 4141 1893 4212 κίνησιν

241 4226 576 4301 κινούμενοι,
610 4224 700 4281 καί
741 4224 931 4282 ἄλλοτ’
978 4226 1030 4282 έν
1077 4224 1272 4291 ἄλλοις
1313 4233 1410 4284 τοῦ
1445 4228 1652 4302 κόσμου
1700 4230 1893 4308 φαινό-

245 4336 398 4389 μενοι
431 4314 663 4392 μέρεσιν,
713 4315 813 4370 οὐκ
867 4312 1095 4371 ἄτακτον
1149 4320 1432 4372 ποιοῦνται
1488 4318 1587 4387 τήν
1636 4317 1887 4388 κίνησιν·

241 4401 367 4459 οὐδὲ
396 4401 466 4459 δι’
494 4405 568 4459 ὦν
621 4401 781 4480 ἔτυχε
824 4408 922 4460 τοῦ
967 4405 1178 4479 κόσμου
1227 4406 1478 4482 φέρονται
1533 4410 1733 4481 μερῶν,
1764 4404 1892 4461 ἀλλ’

243 4493 346 4549 ὑπὸ
369 4492 462 4548 τὸν
494 4490 758 4562 ζωδιακὸν
809 4494 890 4549 ἀεὶ
941 4495 1277 4572 στρέφονται.
1329 4493 1428 4549 Καὶ
1478 4495 1506 4549 6
1558 4495 1652 4569 μὲν
1703 4494 1889 4566 ἥλιος,

241 4582 347 4637 ἀπὸ
374 4586 590 4659 τροπῶν
641 4577 931 4637 διαϐαίνων
983 4582 1070 4637 ἐπὶ
1112 4584 1339 4659 τροπὰς,
1369 4588 1484 4646 τοῖς
1521 4584 1758 4661 βορείοις
1793 4586 1888 4659 μὲν

2002 3438 2123 3489 tem
2155 3434 2393 3506 sphaera:
2433 3433 2809 3505 conspicuam
2849 3433 2920 3488 ab
2960 3431 3341 3504 inconspicua
3368 3431 3538 3488 nobis
3566 3431 3651 3487 dic

2001 3522 2165 3589 vidit,
2202 3522 2419 3594 quique
2463 3527 2767 3594 propterea
2808 3520 3046 3577 horizon
3076 3520 3157 3593 [id
3188 3525 3280 3576 est
3307 3520 3523 3589 ﬁnitor}
3553 3536 3651 3592 ap-

2003 3611 2271 3684 pellatur.
2305 3610 2596 3665 Maximus
2626 3615 2819 3665 autem
2867 3613 2924 3665 et
2966 3609 3090 3681 ipse
3120 3612 3229 3677 est,
3261 3609 3496 3681 quando
3524 3609 3650 3682 qui-

2003 3701 2136 3757 dem
2194 3699 2254 3755 in
2300 3700 2449 3755 duas
2506 3697 2763 3770 aequales
2818 3703 3017 3770 partes
3073 3698 3363 3753 mundum
3419 3697 3645 3754 dividit.

2002 3789 2219 3846 Omnes
2248 3788 2404 3844 enim
2452 3787 2651 3845 circuli
2686 3786 2948 3853 maximi,
2989 3802 3127 3842 cum
3175 3786 3487 3858 sphaeram,
3517 3791 3646 3843 tum

2003 3894 2066 3934 se
2100 3877 2347 3933 invicem
2379 3878 2437 3932 in
2473 3875 2728 3948 aequales
2757 3881 2952 3947 partes
2985 3879 3186 3932 secant
3212 3875 3561 3947 necessario,
3592 3880 3651 3932 et

2001 3965 2114 4023 sibi
2142 3964 2387 4021 invicem
2419 3969 2670 4037 aequales
2691 3968 2848 4020 sunt.

2074 4054 2161 4109 15.
2194 4054 2324 4109 Haec
2371 4069 2505 4109 cum
2549 4053 2632 4109 ita
2678 4069 2740 4108 se
2787 4052 3043 4108 habeant
3061 4052 3128 4122 ‘9,
3160 4056 3421 4109 errantes
3469 4050 3647 4109 stellas

2003 4159 2207 4199 omnes
2237 4159 2364 4214 quae
2408 4141 2698 4198 contrario
2730 4143 3101 4198 firmamento
3132 4145 3197 4197 ut
3223 4141 3455 4198 videtur
3485 4144 3649 4197 motu

2002 4236 2328 4302 moventur,
2363 4234 2418 4287 et
2447 4230 2594 4287 alias
2625 4230 2681 4285 in
2718 4230 2849 4286 aliis
2890 4230 3096 4286 mundi
3125 4230 3394 4302 partibus
3422 4228 3649 4303 conspi-

2001 4319 2254 4387 ciuntur,
2287 4319 2445 4375 haud
2490 4319 2822 4375 inordinato
2874 4323 3037 4374 motu
3078 4319 3379 4386 incedunt,
3409 4334 3517 4374 nec
3546 4335 3649 4391 per

2001 4409 2237 4481 quasvis
2268 4409 2601 4482 promiscue
2632 4408 2837 4464 mundi
2867 4412 3059 4480 partes
3086 4407 3373 4477 feruntur,
3401 4408 3504 4463 sed
3534 4407 3646 4464 sub

1999 4498 2233 4554 zodiaco
2265 4514 2497 4569 semper
2525 4500 2960 4553 convertuntur.
2985 4497 3051 4552 Et
3072 4495 3157 4552 sol
3188 4496 3424 4565 quidem
3457 4512 3491 4551 a
3515 4512 3648 4552 con-

2000 4587 2367 4642 versionibus
2402 4586 2697 4658 [solstitio]
2729 4586 2801 4640 ad
2832 4584 3240 4641 conversiones
3280 4582 3644 4656 [solstitium]

237 4672 328 4726 καὶ
379 4675 500 4734 τοῖς
545 4671 748 4733 νοτίοις
795 4669 1160 4746 προσπελάζει
1213 4676 1315 4729 τοῦ
1367 4671 1577 4746 κόσμου
1633 4674 1884 4747 μέρεσιν’

2010 4675 2355 4747 digrediens,
2383 4676 2455 4730 ad
2486 4674 2748 4730 boreales
2778 4674 3017 4745 quidem
3049 4677 3106 4729 et
3134 4672 3431 4761 australes
3450 4678 3646 4744 partes

241 4757 500 4816 οὐδέποτε
557 4756 616 4814 δὲ
670 4761 737 4814 τά
791 4758 894 4814 ὑπὸ
935 4759 1026 4814 τὸν
1086 4756 1348 4829 ζωδιακὸν
1408 4760 1595 4837 βόρεια
1648 4762 1683 4831 ἢ
1738 4758 1891 4818 νότια

238 4843 665 4925 καταλαμϐάνει,
722 4849 813 4903 τὸν
898 4848 1218 4923 μεσαίτατον
1279 4849 1359 4905 ἀεὶ
1414 4851 1629 4925 τέμνων
1687 4849 1888 4907 κύκλον

236 4940 328 4994 τὸν
358 4937 450 4993 καὶ
498 4936 729 5008 ἡλιακὸν
781 4935 871 4992 διὰ
910 4943 1070 4992 τοῦτο
1116 4936 1476 5012 καλούμενον.
1509 4940 1572 4993 Οἱ
1602 4938 1658 4994 δὲ
1704 4938 1888 4996 λοιποὶ

237 5024 521 5099 πλάνητες
569 5027 658 5082 καὶ
705 5031 803 5082 τοῦ
841 5026 1051 5100 κόσμου
1099 5032 1216 5089 τοῖς
1268 5028 1502 5104 βορείοις
1533 5029 1622 5083 καὶ
1656 5034 1774 5091 τοῖς
1798 5050 1888 5084 νο-

234 5115 375 5178 τίοις
432 5113 871 5191 προσπελάζουσι
945 5114 1179 5190 μέρεσιν·
1239 5114 1386 5173 ἀλλᾶ
1456 5115 1522 5187 δὴ
1580 5118 1670 5172 καὶ
1728 5117 1891 5173 αὐτοῦ

234 5208 332 5260 τοῦ
393 5204 768 5267 ὑππείνοντος
826 5204 919 5259 τὸν
998 5201 1270 5261 Ζωδιακὸν
1327 5204 1528 5263 κύκλον
1565 5249 1577 5262 .
1636 5207 1735 5261 Καὶ
1790 5208 1890 5283 γὰρ

236 5290 579 5356 έλικοιειδῶς
628 5291 681 5349 ἐν
739 5291 886 5365 αύτῷ
937 5296 1235 5364 κινοῦνται,
1292 5294 1567 5359 κατιόντες
1626 5295 1731 5350 ἀπὸ
1785 5299 1893 5349 τῶν

242 5382 471 5461 βορείων
527 5381 617 5437 ἐπὶ
668 5383 736 5437 τὰ
788 5381 958 5437 νότια·
1008 5382 1251 5448 κάκεῖθεν
1309 5381 1473 5440 πάλιν
1535 5384 1772 5447 ἀνιόντες
1804 5383 1892 5438 ἐπὶ

235 5472 305 5526 τά
335 5470 543 5548 βόρεια·
598 5471 691 5527 καὶ
735 5470 878 5527 οὕτω
925 5471 1059 5546 (καὶ)
1106 5472 1198 5527 τὸν
1250 5470 1480 5543 ἡλιακὸν
1525 5469 1891 5550 παραμείϐον-

235 5579 346 5624 τες.

1999 4764 2241 4834 accedit,
2264 4779 2568 4835 nunquam
2594 4766 2788 4818 autem
2812 4761 3075 4818 boreales
3096 4766 3200 4818 aut
3223 4760 3510 4818 australes
3535 4762 3646 4819 sub

1998 4853 2234 4910 zodiaco
2264 4858 2458 4925 partes
2490 4856 2757 4923 occupat,
2789 4849 3049 4907 medium
3096 4850 3319 4906 scilicet
3357 4849 3644 4907 circulum

1999 4959 2232 5015 semper
2260 4959 2486 5011 secans,
2519 4941 2621 5013 qui
2653 4940 2829 4995 etiam
2881 4939 2954 4995 ob
2998 4939 3055 4994 id
3096 4939 3306 4996 solaris
3336 4939 3643 4997 vocitatur.

1999 5035 2225 5087 Caetera
2246 5047 2381 5085 vero
2402 5033 2665 5085 errantes
2696 5026 2897 5099 stellae,
2921 5044 3056 5083 cum
3083 5028 3287 5083 mundi
3311 5027 3646 5086 borealibus

2001 5118 2498 5191 australibusque,
2529 5122 2658 5173 tum
2697 5132 2833 5172 vero
2884 5115 3060 5172 etiam
3092 5115 3254 5174 illius
3283 5115 3510 5188 circuli,
3544 5117 3646 5190 qui

2001 5207 2302 5263 zodiacum
2335 5206 2652 5273 subtendit,
2676 5204 2942 5278 partibus
2972 5206 3376 5262 admoventur.
3399 5204 3649 5278 Oblique

2001 5297 2154 5353 enim
2188 5300 2244 5351 et
2273 5296 2526 5351 ﬂcxuose
2569 5295 2629 5350 in
2679 5311 2745 5349 eo
2779 5311 2814 5349 a
2857 5294 3192 5351 borealibus
3237 5296 3309 5351 ad
3357 5295 3647 5352 australes

2002 5390 2195 5457 partes
2226 5384 2381 5441 290
2427 5383 2853 5446 descendendo,
2886 5388 2943 5439 et
2974 5381 3112 5439 hinc
3161 5401 3367 5441 rursus
3414 5384 3486 5440 ad
3539 5385 3644 5441 bo-

2001 5473 2185 5529 reales
2215 5472 2602 5541 ascendendo,
2624 5473 2824 5544 itaque
2843 5472 3094 5529 solarem
3121 5474 3509 5546 permutando
3538 5474 3647 5530 cir-

2002 5560 2203 5618 culum
2234 5564 2564 5619 moventur.

310 5775 360 5815 ³⁸
385 5772 604 5835 Cleom.
630 5773 735 5834 lib.
767 5790 832 5850 ιι,
862 5790 915 5832 ο.
944 5776 1001 5834 4.
1074 5776 1120 5814 ⁴ο
1141 5775 1268 5835 Jov.
1302 5776 1468 5835 Pont.
1499 5776 1602 5836 lib.
1633 5792 1675 5835 ιι
1703 5776 1777 5835 de
1804 5792 1853 5833 r.
1884 5793 1895 5833 ι

2010 5792 2047 5847 ι.
2080 5776 2204 5836 128.
2278 5777 2322 5814 ⁴¹
2354 5773 2574 5835 Cleom.
2602 5776 2642 5834 l.
2674 5795 2716 5851 ι,
2747 5794 2798 5836 c.
2831 5777 2886 5833 4.
2960 5773 3007 5810 ⁸¹
3035 5773 3183 5832 Ibid.
