4024 6498
389 415 545 481 1239

459 552 545 607 16.
579 550 746 607 Luna
773 548 939 622 proin
962 550 1009 585 ‘3
1039 548 1172 622 plus
1220 549 1351 605 aliis
1402 550 1589 607 stellis
1637 549 1969 606 errantibus
2000 566 2033 604 a
2060 550 2115 616 Α

386 639 580 695 medio
610 644 668 694 et
696 638 873 694 solari
907 638 1169 709 circulo]
1211 640 1481 696 recedere
1506 640 1744 703 dicitur,
1779 641 1921 694 dum
1952 656 2040 693 er-

1617 413 2044 480 NIGEPHORI
2087 414 2529 480 BLEMMIDE

3662 416 3846 478 1240

2221 568 2274 610 ις
2294 592 2307 605 .
2340 549 2403 603 Ἣ
2436 549 2530 621 μὲν
2563 548 2652 603 οῦν
2687 548 2890 621 σελήνη
2922 546 3088 605 πλέον
3118 551 3225 604 τῶν
3278 545 3464 606 ἄλλων
3507 547 3839 619 πλανήτων

2156 636 2468 713 ἀποχωρεῖν
2546 636 2758 714 λέγεται
2814 642 2912 693 τοῦ
2973 637 3137 711 μέσου
3192 638 3283 693 καὶ
3343 636 3624 709 ἡλιακοῦ,
3696 640 3843 693 κατὰ

387 727 568 784 ratico
598 744 706 784 suo
747 732 910 784 motu
961 728 1033 783 ad
1082 727 1348 784 boreales
1378 733 1435 784 et
1462 729 1752 785 australes
1798 729 2044 784 Zodiaco

2173 726 2251 794 τήν
2313 724 2654 798 πλανητικὴν
2713 726 2880 797 αὐτῆς
2935 725 3169 798 κίνησιν,
3228 730 3536 803 προσιοῦσα
3591 730 3734 788 τοῖς
3780 749 3841 782 τε

388 817 686 888 subjectas
715 822 910 890 partes
959 817 1206 872 accedit.
1240 817 1387 873 Hinc
1418 817 1614 873 Venus
1665 817 1942 889 utrinque
1972 817 2043 871 ad

386 910 582 980 partes
614 905 893 978 quinque,
944 906 1269 962 Mercurius
1323 907 1395 962 ad
1458 912 1741 978 quatuor;
1791 911 1944 962 Mars
1990 906 2048 962 et

382 994 617 1066 Jupiter
644 994 716 1050 ad
749 994 898 1050 duas
947 1010 1084 1051 cum
1138 994 1406 1063 semisse,
1441 999 1730 1051 Saturnus
1761 996 1833 1051 ad
1867 1012 2045 1051 unam

385 1086 635 1158 partem.

462 1261 550 1317 17.
584 1261 828 1327 Quando
860 1260 1046 1334 igitur
1073 1261 1120 1296 “
1170 1261 1414 1333 planetae
1462 1280 1495 1318 a
1536 1261 1755 1319 horeali
1804 1260 2020 1318 circulo

390 1353 457 1406 ut
520 1351 590 1406 ad
657 1350 917 1406 medium
987 1352 1276 1417 feruntur,
1346 1351 1682 1408 sublimiter
1756 1350 2041 1423 deprimi;

392 1439 628 1511 quando
653 1444 845 1495 autem
878 1439 1069 1495 medio
1100 1444 1431 1512 permutato
1480 1441 1551 1496 ad
1590 1439 1911 1497 australem
1944 1455 2044 1496 ac-

395 1530 631 1595 cedunt,
663 1528 970 1585 humiliter
1016 1529 1300 1602 deprimi;
1333 1533 1537 1585 contra
1584 1547 1652 1586 ex
1699 1528 1939 1586 australi
1971 1529 2043 1585 ad

398 1617 661 1672 medium
700 1617 1157 1689 proficiscentes,
1206 1616 1508 1674 humiliter
1537 1617 1749 1673 attolli:
1802 1622 1861 1673 at
1908 1635 2042 1673 cum

398 1706 661 1762 medium
693 1707 1047 1778 praetervecti
1087 1707 1157 1762 ad
1210 1707 1499 1763 borealem
1548 1708 2042 1780 appropinquant,

400 1795 736 1852 sublimiter
762 1794 949 1851 attolli
978 1796 1269 1851 dicuntur.
1303 1796 1530 1852 Accidit
1558 1797 1714 1852 enim
1748 1802 1813 1851 ut
1841 1798 2043 1853 borea-

2159 814 2415 888 βορείοις,
2457 815 2547 871 καί
2598 822 2717 878 τοῖς
2768 816 2993 887 νοτίοις,
3040 821 3156 877 τοῖς
3209 815 3313 871 ὐπὸ
3366 816 3457 871 τὸν
3509 813 3838 874 Ζωδιακόν.

2155 903 2305 958 Μετὰ
2334 904 2533 975 ταύτην
2566 908 2601 975 ἡ
2632 902 2926 982 Ἀφροδίτη
2953 906 3245 981 ἑκατέρωθι
3273 905 3371 959 ἀνὰ
3399 904 3607 981 μοίρας
3644 904 3837 960 πέντε·

2154 996 2361 1068 Ἑρμῆς
2392 990 2452 1047 δὲ
2480 994 2579 1048 ἀνὰ
2620 993 2896 1070 τέσσαρας·
2939 995 3112 1070 Ἀρης
3163 991 3223 1048 δὲ
3268 993 3357 1049 καὶ
3400 993 3537 1056 Ζευς
3588 993 3709 1048 ἀνὰ
3740 991 3837 1048 δῦο

2153 1079 2242 1134 καὶ
2301 1080 2473 1154 ἥμισυ
2536 1083 2731 1160 μοίρας
2791 1088 2918 1156 μιᾶς
2956 1100 2969 1114 ’
3029 1081 3232 1158 Κρόνος
3305 1079 3363 1137 δὲ
3442 1083 3549 1137 ἀνὰ
3625 1087 3836 1158 μοῖραν

2203 1176 2283 1231 ίαν
2293 1217 2307 1232 .

2158 1200 2310 1334 μαίζὲ
2342 1261 2567 1318 Ὃπόταν
2602 1260 2693 1315 οῦν
2743 1260 2795 1313 οἳ
2843 1257 3116 1329 πλάνητες
3162 1259 3267 1313 ἀπὸ
3312 1263 3411 1312 τοῦ
3460 1260 3710 1335 βορείου
3740 1259 3839 1313 κύ-

2152 1353 2289 1409 κλου
2320 1354 2396 1415 ὡς
2428 1351 2516 1405 ἐπὶ
2545 1350 2636 1404 τὸν
2674 1348 2832 1423 μέσον
2864 1347 3132 1426 φέροιντο,
3159 1347 3291 1421 ὕψος
3316 1350 3731 1403 ταπεινοῦσθαι
3756 1347 3843 1403 λέ-

2155 1463 2359 1518 γονται·
2393 1439 2591 1494 ὁπόταν
2625 1436 2682 1492 δέ
2708 1437 2800 1492 τὸν
2837 1436 2995 1509 μέσον
3045 1434 3492 1512 παραλλάξαντες
3535 1440 3622 1508 τῷ
3656 1436 3835 1509 νοτίῳ

2152 1534 2532 1607 προηωροῖεν
2562 1525 2883 1598 ταπείνωμα
2926 1527 3322 1580 ταπεινοῦσθαυ
3377 1523 3440 1579 ἐκ
3482 1529 3593 1578 τοῦ
3642 1524 3837 1579 νοτίου

2154 1618 2212 1674 δὲ
2258 1618 2548 1696 φερόμενοι
2607 1616 2741 1688 πρὸς
2787 1614 2879 1669 τὸν
2934 1614 3120 1686 μέσον,
3177 1613 3499 1686 ταπείνωμα
3557 1614 3837 1687 ὑψοῦσθαι

2154 1706 2422 1782 λέγονται·
2486 1702 2698 1761 ἐπειδὰν
2756 1701 2813 1758 δὲ
2864 1702 2955 1757 τὸν
3022 1703 3182 1776 μέσον
3233 1703 3571 1776 ἀμείψαντες
3617 1708 3711 1775 τῷ
3747 1703 3839 1779 βο-

2155 1797 2285 1873 ρείῳ
2330 1795 2641 1866 πελάζοιεν,
2697 1792 2831 1866 ὕψος
2882 1791 3166 1865 ὑψοῦσθαι.
3217 1786 3557 1865 Συμόέϐηκε
3608 1792 3729 1866 γὰρ
3778 1794 3842 1846 τὰ

398 1883 486 1941 les
515 1884 732 1941 zodiaci
786 1888 979 1956 partes
1007 1886 1161 1958 apud
1195 1902 1302 1941 nos
1329 1884 1701 1953 attollantur;
1758 1886 2044 1943 australes

2173 1887 2252 1941 ιὲν
2306 1884 2492 1962 βόρεια
2535 1888 2634 1939 τοῦ
2681 1878 2956 1937 Ζωδιακοῦ
3006 1882 3124 1944 καθ’
3170 1883 3320 1954 ἡμᾶς
3378 1879 3466 1934 ἐπὶ
3524 1878 3693 1935 πολὺ
3742 1885 3840 1936 τοῦ

2173 1977 2182 1986 Ι
2238 1974 2281 1986 ι--
2495 1972 2579 1986 1|...
2632 1984 2641 1986 _
2827 1970 2842 1986 \
2903 1965 2947 1986 δῖ
3044 1968 3056 1986 Ι
3251 1968 3271 1986 Ν
3427 1969 3439 1986 1
3740 1968 3753 1986 1

401 1977 621 2043 autem,
672 1973 959 2030 horizonti
1015 1974 1317 2046 propiores
1363 1974 1694 2043 videantur,
1746 1979 2051 2048 propterea

2173 1974 2440 2052 δρίζοντος
2493 1972 2732 2044 ἐξῆρθαι·
2784 1970 2851 2025 τὰ
2900 1965 2957 2023 δὲ
2999 1968 3153 2024 νότια
3207 1968 3581 2045 πλησιαίτερα
3644 1968 3839 2046 φαίνε-

399 2063 558 2134 quod
589 2063 849 2118 mundus
881 2078 914 2117 a
943 2062 1282 2118 borealibus
1311 2063 1382 2118 ad
1417 2063 1709 2120 australes
1739 2070 1935 2137 partes
1966 2065 2051 2120 in-

402 2148 654 2206 clinatus
685 2149 764 2205 sit
803 2148 863 2204 in
896 2149 1035 2204 orbe
1082 2148 1414 2219 habitabili,
1445 2167 1618 2222 quem
1649 2169 1755 2207 nos
1787 2152 2055 2209 novimus

406 2241 466 2294 et
497 2236 832 2294 incolimus.

487 2342 573 2396 18.
605 2342 1057 2398 Conformantur
1080 2344 1125 2377 ‘5
1151 2360 1322 2416 porro
1374 2345 1445 2399 ad
1498 2361 1624 2401 sese
1653 2346 1899 2402 invicem
1932 2348 2056 2420 pla-

415 2433 563 2486 netae
621 2430 883 2503 quinque
947 2432 1511 2504 conﬁgurationibus
1561 2450 1575 2490 :
1625 2435 2058 2505 conjunctione,

417 2518 788 2592 sexangulari
848 2520 1125 2592 [sextili],
1185 2521 1641 2595 quadrangulari
1702 2523 2054 2597 [quadrato],

418 2608 768 2682 triangulari
818 2609 1042 2681 [trino],
1076 2616 1134 2666 et
1181 2611 1533 2668 demetiente
1564 2614 1709 2669 291
1746 2615 2058 2687 [opposito]

418 2702 680 2770 aspectu.
710 2698 856 2753 Cum
901 2698 1059 2753 enim
1113 2700 1387 2755 zodiacus
1444 2700 1504 2755 in
1562 2702 1868 2758 duodecim
1927 2720 2058 2777 seg-

418 2789 634 2855 menta,
670 2802 796 2858 quae
844 2787 1021 2841 etiam
1070 2787 1241 2858 signa
1284 2793 1587 2857 vocantur,
1621 2791 1842 2847 divisus
1875 2792 1971 2859 sit,
2002 2796 2059 2848 et

413 2892 622 2931 rursus
638 2874 936 2946 quodlibet
955 2882 1320 2948 segmentum
1347 2877 1405 2932 in
1430 2878 1671 2951 triginta
1694 2885 1885 2952 partes
1907 2883 2057 2953 [gra-

412 2964 578 3036 dus];
611 2963 813 3036 sicque
848 2964 1026 3020 etiam
1059 2964 1259 3020 circuli
1308 2966 1417 3022 sub
1460 2959 1715 3036 iodiaco,
1751 2968 1808 3023 in
1841 2969 2056 3041 quibus

413 3051 658 3125 planetae
691 3057 1017 3121 moventur,
1043 3053 1379 3110 dividantur
1406 3074 1418 3110 :
1452 3058 1685 3128 quando
1716 3058 1845 3113 duae
1875 3059 2054 3115 stella;

413 3142 524 3198 sub
553 3142 817 3214 ejusdem
850 3141 1005 3214 signi
1035 3144 1240 3198 eadem
1270 3148 1433 3215 parte
1479 3146 1871 3217 reperiuntur,
1902 3149 2056 3205 coire

2162 2066 2279 2119 σθαι
2309 2068 2389 2136 τῷ
2419 2064 2677 2139 ὁρίζοντι,
2706 2058 2795 2115 διὰ
2837 2059 2901 2112 τὸ
2945 2056 3285 2133 ἐγκεκλίσθαι
3315 2058 3405 2113 τὸν
3456 2056 3689 2130 κόσμον
3737 2057 3840 2112 ἀπὸ

2159 2158 2267 2208 τῶν
2323 2152 2547 2229 βορείων
2604 2149 2691 2205 ἐπὶ
2737 2148 2805 2202 τὰ
2850 2145 3022 2218 νότια,
3068 2148 3186 2211 καθ’
3233 2148 3299 2216 ἣν
3351 2141 3587 2220 οἴδαμεν
3646 2145 3841 2201 οἰκου-

2170 2243 2352 2314 μένην.

2240 2351 2329 2419 ιη’.
2367 2347 2812 2424 Σχηματίζονται
2844 2344 2902 2401 δὲ
2929 2344 3066 2422 πρὸς
3115 2340 3401 2413 ἀλλήλους
3450 2343 3505 2396 οἱ
3549 2341 3841 2412 πλάνητες

2166 2437 2322 2494 πέντε
2379 2441 2824 2513 σχηματισμοῖς·
2868 2432 3078 2507 συνόδῳ
3133 2434 3386 2508 ἑξαγώνῳ
3415 2475 3432 2499 ,
3472 2431 3837 2506 τετραγώνῳ,

2163 2528 2417 2602 τριγώνῳ
2437 2526 2526 2580 καὶ
2560 2523 2853 2598 διαμέτρῳ.
2884 2528 2988 2578 Τοῦ
3029 2526 3131 2600 γὰρ
3182 2519 3451 2590 ζωδιακοῦ
3483 2517 3659 2596 διῃρη
3672 2520 3837 2594 μένου

2167 2617 2242 2678 είς
2294 2618 2560 2689 τμήματα
2608 2615 2699 2690 ιβ’,
2749 2614 2816 2668 τὰ
2860 2614 2950 2668 καὶ
3001 2610 3171 2681 ζώδια
3214 2609 3533 2682 κεκλῃμένα
3590 2610 3691 2665 καὶ
3731 2614 3835 2664 τῶν

2164 2705 2468 2778 τμημάτων
2500 2703 2724 2757 ἑκάστου
2772 2698 2937 2756 πάλιν
2989 2700 3067 2763 εἷς
3096 2700 3380 2775 τριάκοντα
3422 2697 3653 2773 μοίρας·
3691 2698 3836 2753 οὕτω

2166 2792 2224 2849 δὲ
2252 2792 2342 2848 καὶ
2388 2797 2493 2847 τῶν
2542 2792 2645 2846 ὑπὸ
2698 2791 2788 2845 τὸν
2840 2787 3103 2860 ζωδιακὸν
3145 2786 3359 2843 κύκλων
3415 2784 3837 2861 διαιρουμένων

2166 2882 2246 2963 ἐφ’
2278 2882 2371 2945 οὓς
2425 2883 2477 2935 οἱ
2525 2880 2796 2950 πλάνητες
2850 2880 3146 2957 φέρονται·
3198 2877 3394 2963 ὁπόταν
3451 2872 3554 2929 δύο
3616 2875 3837 2951 ἀστέρες

2167 2961 2269 3027 ὑπὸ
2298 2973 2397 3040 τήν
2431 2970 2596 3039 αὐτὴν
2648 2974 2839 3043 μοῖραν
2890 2972 2987 3022 τοῦ
3017 2967 3183 3021 αὐτοῦ
3228 2961 3425 3034 ζωδίου
3457 2964 3831 3035 εὑρίσκοιντο,

2165 3058 2461 3116 συνοδεύειν
2520 3058 2793 3133 λέγονται·
2856 3056 2914 3111 ἂν
2975 3053 3021 3111 δ’
3080 3057 3108 3111 6
3169 3055 3261 3127 μὲν
3323 3053 3425 3107 ὑπό
3481 3074 3533 3106 τι
3602 3052 3829 3131 φέροιτο

2166 3146 2385 3219 ζώδιον,
2441 3148 2469 3202 6
2528 3144 2576 3201 δ’
2627 3142 2812 3221 ἕτερος
2871 3145 2974 3199 ὑπὸ
3030 3143 3093 3197 τὸ
3140 3141 3231 3197 ἀπ’
3281 3139 3445 3195 αὐτοῦ
3493 3140 3687 3211 τρίτον
3724 3141 3825 3195 ὑπὸ

411 3230 765 3302 [conjungi];
799 3232 1035 3302 quando
1065 3236 1259 3287 autem
1292 3249 1411 3287 una
1440 3233 1674 3305 quidem
1716 3237 1825 3290 sub
1857 3234 2051 3309 aliquo

2173 3239 2258 3300 τὰς
2314 3237 2476 3298 αὐτὰς
2536 3235 2753 3310 μοίρας,
2807 3232 3164 3309 ἐξαγωνίζειν.
3219 3230 3427 3300 Ἑξάκις
3480 3228 3589 3305 γὰρ
3628 3231 3701 3284 τὰ
3730 3226 3823 3283 δῦο

412 3282 765 3302 ιν--σ““σ-δι
808 3282 1028 3302 1-”’““““
1068 3282 1259 3287 ν-νπν--
1299 3282 1411 3287 ν---ν-
1444 3282 1674 3305 1"""'-
1716 3282 1823 3290 ’ν’-’ν
1857 3282 1934 3291 *⁸⁸
1983 3282 2050 3293 *ν

409 3320 594 3375 fertur
639 3318 830 3392 signo,
861 3318 1044 3375 altera
1097 3324 1291 3377 autem
1346 3322 1456 3377 sub
1508 3324 1682 3379 tertio
1731 3282 2050 3381 abhinc1in

2173 3282 2256 3300 ""
2314 3282 2474 3298 ἠν-ν’*
2536 3282 2753 3310 Γη-ι-*τη
2808 3282 3163 3309 *ν’-ι”τ-γ-’ν
3236 3282 3373 3300 -γηί
3412 3282 3425 3291 ν
3494 3282 3567 3305 ιηι

2173 3324 2415 3399 Βιώδεκα,
2463 3324 2553 3380 καὶ
2605 3320 2713 3378 ἔστι
2765 3320 3038 3394 διάστημα
3080 3325 3187 3375 τῶν
3222 3317 3317 3374 δύο
3370 3315 3586 3387 ζωδίων
3619 3318 3824 3392 ἐξαγώ-

407 3406 619 3464 iisdem
660 3408 949 3480 partibus,
983 3408 1427 3481 sexangularem
1480 3417 1784 3483 aspectum
1837 3414 2052 3471 habere

2173 3436 2254 3470 ιου
2284 3413 2493 3491 πλευρα
2534 3412 2712 3486 ὥσπερ
2751 3416 2857 3466 τῶν
2906 3414 3072 3486 τριῶν
3121 3408 3465 3483 τετραγώνου
3490 3450 3504 3463 .
3556 3408 3823 3482 Τετράκις

407 3496 703 3552 dicuntur.
736 3496 881 3553 Nam
915 3498 1102 3553 sexies
1131 3499 1271 3566 duo,
1311 3503 1450 3555 sunt
1479 3500 1808 3557 duodecim.
1834 3504 2051 3576 Estque

405 3583 658 3640 duorum
709 3585 1009 3658 signorum
1059 3586 1452 3657 intervallum,
1494 3591 1794 3663 sexanguli
1846 3593 2047 3648 latus:

409 3673 907 3744 quemadmodum
953 3676 1158 3743 trium,
1209 3678 1599 3751 quadranguli
1630 3680 1858 3751 (quater
1895 3681 2050 3737 enim

403 3761 539 3832 tria,
574 3766 714 3817 sunt
759 3763 1110 3836 duodecim).
1142 3767 1214 3820 At
1243 3770 1494 3837 quatuor
1524 3768 1850 3839 [signorum
1879 3769 2053 3826 inter-

405 3848 648 3920 vallum]
679 3850 960 3923 trianguli
988 3854 1229 3921 (etenim
1272 3861 1359 3910 ter
1389 3863 1640 3928 quatuor
1672 3863 1809 3914 sunt
1837 3860 2053 3915 duode-

408 3937 574 4010 cim);
603 3942 663 3993 at
691 3955 792 3995 sex
830 3941 1134 4013 signorum
1177 3942 1559 4000 interstitium
1590 3952 1698 4017 est,
1732 3948 2047 4014 diameter;

407 4026 586 4098 quiin
613 4032 868 4099 aequales
899 4030 1181 4086 circulum
1216 4036 1412 4103 partes
1442 4033 1666 4088 dividit.
1699 4037 1843 4091 Cum
1874 4036 2054 4108 igitur

405 4114 560 4171 inter
589 4117 850 4173 medium
875 4118 1126 4174 duarum
1152 4120 1453 4176 stellarum
1478 4122 1847 4179 intervallum
1878 4125 2053 4181 fuerit

404 4204 662 4276 partium
694 4207 1018 4280 sexaginta,
1042 4208 1486 4281 sexangularem
1519 4211 1698 4267 stellae
1730 4213 2053 4286 configura-

2159 3505 2263 3580 γὰρ
2321 3505 2389 3558 τὰ
2442 3501 2567 3579 τρία
2627 3498 2853 3557 δώδεκα.
2912 3503 3027 3554 Τῶν
3075 3496 3133 3553 δὲ
3176 3496 3472 3572 τεσσάρων,
3513 3497 3819 3572 τριγώνου.

2158 3592 2285 3669 Τρὶς
2341 3593 2443 3669 γὰρ
2497 3592 2565 3646 τὰ
2617 3589 2848 3665 τέσσαρα
2896 3586 3122 3644 δώδεκα·
3174 3590 3280 3641 τῶν
3331 3583 3376 3639 δ’
3405 3585 3463 3655 ’ἐξ
3511 3582 3732 3654 ζωδίων
3763 3586 3823 3639 τὸ

2162 3678 2438 3754 διάστημα
2479 3678 2791 3755 διάμετρος,
2843 3677 2919 3739 εἷς
2968 3677 3057 3731 ῗσα
3106 3673 3386 3751 διαιροῦσα
3425 3674 3519 3729 τὸν
3567 3672 3782 3729 κύκλον
3810 3715 3822 3728 .

2159 3773 2319 3825 Ὅταν
2380 3768 2472 3824 οὖν
2536 3767 2730 3842 μεταξὺ
2789 3764 2884 3822 δύο
2940 3765 3176 3841 ἀστέρων
3226 3761 3501 3835 διάστημα
3553 3759 3644 3832 εἴη
3694 3783 3825 3834 μοι-

2163 3863 2269 3934 ρῶν
2319 3859 2599 3931 ἑξήκοντα,
2661 3854 3069 3932 ἑξαγωνίζουσιν
3127 3851 3411 3923 ἀλλήλους
3461 3851 3516 3904 οἱ
3576 3849 3820 3925 ἀστέρες·

2161 3948 2284 4003 ὅταν
2345 3946 2402 4003 δὲ
2461 3952 2667 4023 μοιρῶν
2727 3945 3067 4015 ἐνενήκοντα,
3117 3940 3632 4019 τετραγωνίζουσιν·
3689 3939 3819 3995 ὅταν

2161 4034 2220 4091 δὲ
2277 4041 2482 4113 μοιρῶν
2544 4032 2711 4090 εἷ’κοσι
2755 4034 2892 4111 πρὸς
2951 4039 3072 4095 ταῖς
3132 4031 3340 4100 ἑκατὸν,
3398 4027 3819 4105 τριγωνίζουσι·

2161 4125 2287 4181 ὅταν
2343 4123 2389 4180 δ’
2451 4122 2790 4201 ὀγδοήκοντα
2843 4123 2980 4198 πρὸς
3034 4127 3153 4183 ταῖς
3212 4120 3422 4189 ἑκατὸν,
3485 4115 3822 4194 διαμετροῦ-

2161 4236 2265 4271 σιν.

403 4291 660 4363 tionem;
691 4310 825 4350 cum
858 4299 1053 4351 autem
1100 4298 1422 4370 nonaginta
1449 4299 1623 4356 fuerit
1662 4302 1939 4372 partium,
1973 4303 2539 4377 quadrangularem;
2571 4320 2706 4358 cum
2739 4305 2973 4358 centum
3004 4304 3062 4355 et
3089 4298 3315 4372 viginti,
3347 4297 3818 4370 triangularem;

403 4398 538 4438 cum
571 4386 808 4439 centum
839 4389 895 4440 et
923 4384 1234 4457 octoginta,
1269 4387 1619 4443 diametrum
1655 4390 1893 4447 faciunt.

477 4490 567 4546 19.
602 4495 682 4547 Ac
730 4491 1021 4547 Saturnus
1070 4493 1329 4565 quidem,
1362 4500 1420 4550 et
1471 4494 1718 4567 Jupiter,
1768 4501 1824 4552 et
1872 4498 2048 4567 Mars,
2083 4502 2128 4566 D

407 4579 561 4637 292
594 4584 651 4637 et
676 4580 883 4637 luna“
913 4581 1073 4636 omni
1104 4582 1566 4654 configuratione
1588 4584 1657 4640 ad
1692 4585 1875 4641 solem
1906 4587 2052 4658 figu-

403 4672 629 4725 rantur.
661 4670 746 4725 Ad
789 4670 1034 4741 quodvis
1075 4671 1231 4726 enim
1278 4672 1349 4726 ab
1382 4689 1447 4727 eo
1477 4672 1846 4729 intervallum
1898 4692 2048 4731 sece-

405 4756 574 4813 dunt.
608 4763 683 4813 At
727 4761 927 4815 Venus
975 4763 1034 4815 et
1074 4759 1396 4815 Mercurius
1445 4778 1560 4816 non
1607 4762 1678 4816 ad
1727 4763 1974 4834 quodvis
2016 4782 2050 4819 ιι

407 4863 443 4902 a
471 4846 593 4904 sole
628 4846 999 4905 intervallum
1031 4848 1274 4916 abeunt;
1308 4850 1407 4905 sed
1456 4850 1779 4909 Mercurius
1810 4852 2049 4924 quidem

407 4936 481 4992 ad
511 4952 835 5007 summum,
858 4937 1064 5010 viginti
1095 4937 1384 5009 partibus,
1407 4938 1606 4994 Venus
1630 4956 1763 4996 vero
1791 4942 1861 4995 ad
1894 4958 2052 4996 sum-

404 5040 590 5093 mum,
624 5026 891 5096 partibus
922 5025 1372 5098 quinquaginta.

471 5131 564 5187 20.
618 5130 1100 5203 Conjunctionem
1159 5139 1356 5190 autem
1414 5151 1550 5190 cum
1614 5135 1736 5192 sole
1806 5136 2050 5205 faciunt,

404 5220 699 5277 Saturnus
754 5220 1016 5291 quidem,
1056 5223 1333 5278 trecentis
1389 5228 1446 5279 et
1498 5224 1867 5298 septuaginta
1924 5228 2050 5282 octo

404 5310 632 5375 diebus,
665 5308 895 5380 Jupiter
923 5311 1199 5366 trecentis
1245 5317 1303 5367 et
1349 5314 1669 5385 nonaginta
1719 5319 1866 5383 octo,
1902 5317 2051 5370 Mars

403 5395 795 5472 septingentis
825 5401 883 5451 et
910 5398 1224 5469 octoginta,
1247 5401 1443 5457 Venus
1465 5403 1803 5475 quingentis
1824 5409 1879 5458 et
1899 5408 2051 5459 octo-

401 5488 567 5561 ginta
622 5490 892 5559 quatuor,
929 5485 1252 5545 Mercurius
1305 5496 1538 5546 centum
1598 5496 1656 5547 et
1711 5493 1947 5564 decem;
1993 5496 2051 5548 et

2233 4498 2400 4561 ιθ¹.⁶0
2461 4496 2553 4570 μὲν
2611 4492 2702 4549 οὖν
2756 4494 2957 4569 Κρόνος
3006 4491 3096 4546 καὶ
3155 4492 3183 4546 6
3242 4488 3368 4552 Ζεύς
3415 4488 3508 4545 καὶ
3552 4491 3581 4545 6
3642 4491 3819 4567 Ἄρης

2157 4585 2247 4640 καὶ
2297 4588 2332 4655 ἡ
2394 4586 2598 4655 σελήνη
2633 4628 2647 4654 ,
2702 4581 2873 4637 πάντα
2929 4580 3317 4658 σχηματισμὸν
3375 4578 3819 4654 σχηματίζονται

2163 4675 2300 4749 πρὸς
2347 4674 2439 4728 τὸν
2487 4671 2668 4741 ἥλιον.
2720 4670 3067 4749 Ἀφίστανται
3115 4669 3219 4745 γὰρ
3269 4665 3546 4741 διάστημα
3592 4674 3698 4724 πᾶν
3728 4669 3819 4723 ἀπ’

2160 4762 2344 4819 αὐτοῦ.
2392 4763 2455 4815 Ἦ
2504 4759 2551 4815 δ’
2598 4758 2896 4838 ’Δφροδίτη
2946 4758 3035 4814 καὶ
3082 4759 3110 4812 ὁ
3159 4759 3366 4833 Ἑρμῆς
3412 4756 3515 4811 οὐκ
3559 4756 3818 4835 ἀφίσταν-

2156 4872 2245 4906 ται
2276 4856 2373 4905 τοῦ
2403 4849 2566 4920 ἡλίου
2623 4848 2899 4922 διάστημα
2946 4854 3070 4903 πᾶν’
3121 4845 3250 4902 ἀλλ’
3294 4848 3322 4901 ὁ
3373 4846 3467 4919 μὲν
3496 4847 3711 4921 Ἑρμῆς
3758 4847 3816 4901 τὸ

2160 4941 2413 4996 πλεῖστον
2453 4942 2660 5014 μοιρῶν
2693 4934 2912 4993 εἷ’κοσιν·
2964 4940 2999 5007 ἠ
3033 4935 3079 4991 δ’
3128 4932 3416 5014 Ἀφροδίτη
3448 4935 3513 4990 τὸ
3556 4932 3811 4991 πλεῖστον

2164 5033 2369 5106 μοιρῶν
2402 5030 2753 5098 πεντήκοντα.

2233 5135 2300 5192 κ’.
2361 5130 2597 5205 ξύνοδον
2632 5129 2690 5187 δὲ
2737 5131 2874 5208 πρὸς
2930 5128 3091 5199 ἥλιον
3144 5133 3423 5184 ποιοῦνται
3471 5127 3682 5205 Κρόνος
3723 5129 3811 5201 μὲν

2167 5221 2237 5278 δι’
2292 5225 2515 5299 ἡμερῶν
2576 5221 2722 5275 ὀκτὼ
2769 5219 2861 5275 καὶ
2911 5215 3292 5291 ἑϐδομήκοντα
3336 5217 3473 5293 πρὸς
3520 5221 3647 5280 ταῖς
3674 5237 3813 5292 τρια-

2164 5311 2392 5373 κοσίαις·
2445 5310 2572 5373 Ζεὺς
2620 5306 2678 5364 δὲ
2727 5305 2796 5363 δι’
2847 5307 2991 5363 ὀκτὼ
3032 5307 3121 5362 καὶ
3170 5305 3490 5377 ἐνενήκοντα
3535 5307 3676 5381 πρὸς
3704 5310 3811 5365 tui;

2166 5400 2502 5477 τριακοσίαις
2540 5418 2551 5431 ·
2607 5400 2779 5474 Ἀρης
2840 5393 2898 5452 δὲ
2969 5393 3037 5451 δι’
3095 5393 3437 5471 ὁγδοήκοντα
3506 5395 3650 5469 πρὸς
3700 5398 3810 5455 ταῖς

2167 5489 2536 5552 ἑπτακοσίαις’
2589 5483 2888 5565 Ἀφροδίτη
2940 5482 2999 5540 δὲ
3045 5481 3134 5539 διά
3176 5484 3448 5569 τεσσάρων
3478 5483 3573 5539 καὶ
3621 5481 3809 5561 ὀγδοή-

471 5740 517 5775 ⁴³
543 5737 763 5797 Cleom.
796 5736 837 5793 l.
875 5753 937 5806 Π,
971 5750 1022 5791 c.
1055 5735 1109 5791 7.
1186 5737 1232 5771 “
1264 5736 1409 5794 Ibid.
1439 5756 1487 5796 c.
1522 5741 1575 5797 4.
1652 5742 1695 5777 ιε
1723 5740 1848 5799 Jov.
1882 5742 2048 5799 Pont.
2081 5740 2185 5799 lib.
2216 5759 2236 5799 ι
2262 5743 2333 5799 de
2363 5757 2411 5800 r.
2445 5756 2521 5809 c.,
2551 5756 2610 5812 p.
2644 5738 2769 5793 108.
2846 5737 2889 5772 ⁴⁶
2919 5734 3136 5793 Cleom.
3168 5733 3270 5791 lib.
3304 5750 3366 5803 ιι,
3394 5748 3445 5789 c.
3477 5733 3537 5789 7.
