4024 6456
194 434 348 497 1241

1500 429 1849 494 EPITOME
1892 429 2249 495 PHYSICA.

3443 421 3601 484 1242

197 587 364 624 κοντα
436 563 571 642 πρὸς
642 571 761 628 ταῖς
835 563 1227 627 πεντακοσίαις’
1288 566 1494 640 Ἐρμῆς
1564 562 1652 619 διὰ
1714 561 1829 619 δέκα

1951 565 2048 620 hic
2078 566 2127 621 si
2159 567 2386 624 medius
2433 566 2676 624 exsistat
2707 582 2722 635 ;
2756 563 2898 621 luna
2941 560 3192 635 denique
3257 558 3465 616 diebus
3495 556 3600 614 tri-

194 657 286 713 καὶ
332 657 515 712 ἑκατὸν
564 657 653 710 καὶ
706 657 882 728 μέσως
929 655 1124 710 τούτου
1171 655 1481 729 γινομένου·
1527 653 1728 726 σελήνη
1781 653 1838 710 δὲ

196 743 268 801 δι’
296 749 519 821 ἡμερῶν
545 745 810 800 τούπίπαν
843 746 1144 821 τριάκοντα.

267 837 367 890 κα’.
417 838 533 888 Τῶν
586 831 642 888 δὲ
684 831 892 888 δώδεκα
940 831 1156 888 Ζωδίων
1213 836 1278 888 τὰ
1349 833 1584 906 ὀνόματα
1639 834 1727 888 καὶ
1787 837 1839 888 οἱ

193 929 540 999 χαρακτῆρες
607 920 822 996 ἔχουσιν
884 921 1075 982 οὕτως·
1147 922 1328 996 Κριὸς,
1387 926 1610 997 Ταῦρος,
1682 920 1836 976 Δίδυ-

197 1032 314 1084 μοι.
375 1015 657 1085 Καρκῖνος,
717 1011 888 1081 Λέων,
948 1009 1239 1086 ΠαρΟένος,
1299 1011 1484 1085 Ζυγὸς,
1545 1010 1836 1084 Σκορπίος,

187 1099 449 1172 Τοξότης,
484 1099 815 1175 Αἰγόκερως,
849 1096 1162 1174 Ὑδροχόος,
1194 1097 1281 1152 καί
1315 1099 1543 1173 Ἰχθύες.

263 1278 367 1352 κβ’.
415 1282 520 1330 Τοῦ
581 1279 673 1350 μὲν
734 1275 824 1331 οὖν
881 1277 984 1331 61:6
1035 1277 1125 1331 τὸν
1187 1278 1346 1351 Κριὸν
1403 1279 1692 1349 τμήματος
1740 1284 1836 1332 τοῦ

193 1365 362 1439 μέσου
391 1364 597 1420 κύκλου
626 1367 715 1420 καὶ
759 1364 993 1434 ἡλιακοῦ
1040 1373 1139 1435 τῆς
1187 1367 1364 1441 ἀρχῆς
1397 1368 1424 1420 6
1455 1365 1616 1434 ἥλιος
1671 1368 1837 1422 ἀπτό-

193 1475 354 1527 μενος
389 1453 439 1507 ἐν
471 1453 540 1527 τῇ
581 1455 770 1530 πρώτῃ
812 1456 901 1508 καὶ
953 1454 1167 1527 εἰκοστῇ
1217 1460 1312 1509 τοῦ
1367 1455 1604 1528 Μαρτίου
1662 1457 1835 1529 μηνὸς

189 1542 410 1617 ἐαρινὴν
473 1543 756 1619 ἰσημερίαν
810 1549 976 1598 ποιεῖ·
1026 1548 1122 1597 τοῦ
1170 1541 1215 1596 δ’
1248 1544 1349 1598 ὑπὸ
1388 1545 1478 1598 τὸν
1512 1546 1678 1619 Ζυγὸν
1735 1553 1834 1614 τῆς

188 1631 370 1708 ἀρχῆς
426 1631 477 1686 ἐν
528 1636 596 1706 τῇ
643 1631 862 1706 πέμπτῃ
904 1633 993 1686 καὶ
1043 1632 1258 1706 εἰκοστῇ
1313 1638 1410 1687 τοῦ
1462 1629 1836 1710 Σεπτεμϐρίου

192 1722 600 1798 φθινοπωρινὴν
671 1721 978 1797 ἰσημερίαν’
1031 1721 1224 1794 μεταξὺ
1290 1719 1348 1776 δὲ
1411 1727 1518 1776 τῶν
1569 1721 1662 1777 δύο
1715 1723 1834 1793 ἰση-

194 1815 395 1885 μεριῶν
429 1810 482 1864 αἱ
529 1810 721 1886 τροπαὶ
762 1810 1020 1886 γίνονταιο
1067 1811 1202 1865 κατὰ
1245 1812 1308 1866 τὸ
1361 1813 1520 1884 μέσον
1571 1819 1670 1880 τῆς
1717 1813 1834 1888 τρί-

188 1919 292 1968 της
340 1899 429 1952 καὶ
479 1899 726 1968 εἰκοστῆς
774 1903 870 1953 τοῦ
921 1899 1144 1953 Ἰουνίου
1190 1901 1224 1968 ἡ
1276 1901 1479 1975 Θερινὴ,
1523 1900 1832 1976 ἀρχομένου

188 1991 287 2040 τοῦ
346 1986 512 2056 ἡλίου
567 1988 630 2042 τὸ
691 1989 792 2045 61:6
845 1989 933 2042 τὸν
991 1993 1248 2062 Καρκῖνον
1285 1986 1585 2065 διατρέχειν
1617 1997 1832 2063 τμῆμα·

187 2075 325 2130 κατὰ
375 2073 432 2130 δὲ
471 2078 570 2145 τὴν
620 2077 873 2150 πέμπτην
922 2077 1011 2131 καὶ
1063 2077 1309 2147 εἰκοστὴν
1358 2083 1455 2132 τοῦ
1503 2074 1837 2156 Δεκεμϐρίου

190 2166 226 2233 ἡ
260 2167 571 2241 χειμερινὴ,
603 2167 666 2220 τὸ
697 2165 800 2219 61:6
829 2165 920 2220 :6v
950 2165 1258 2242 Αἷγόκερων
1298 2174 1484 2243 τρῆμα
1529 2173 1626 2221 τοῦ
1673 2166 1838 2237 ἡλίου

190 2253 546 2330 πεφθακότος.

263 2343 360 2416 κγ’.
423 2343 567 2397 Μετὰ
628 2345 721 2414 μὲν
776 2340 868 2397 οὖν
923 2345 1022 2412 τὴν
1087 2343 1302 2416 ἐαρινὴν
1371 2344 1654 2420 ἰσημερίαν
1735 2347 1837 2401 ὑπὸ

189 2429 282 2485 τὸν
314 2435 514 2507 Ταῦρον
545 2432 572 2485 6
601 2429 764 2500 ἥλιος
795 2430 994 2507 γίνεται
1040 2432 1128 2486 καὶ
1180 2433 1313 2487 κατὰ
1365 2435 1462 2502 τὴν
1510 2434 1696 2509 τρίτην
1739 2440 1837 2490 τοῦ

191 2518 519 2593 Ἀπριλλίου
573 2521 664 2575 καὶ
723 2521 992 2591 εἰκοστήν·
1055 2521 1152 2584 εἶθ’
1210 2521 1312 2575 ὑπὸ
1367 2521 1493 2584 τοὺς
1567 2521 1836 2596 Διδύμους

200 2608 336 2661 κατὰ
383 2609 480 2677 τὴν
530 2609 716 2683 τρίτην
765 2614 862 2663 τοῦ
910 2609 1083 2664 Μαίου
1130 2610 1218 2664 καὶ
1278 2610 1547 2681 εἰκοστηνο
1599 2613 1734 2684 μετὰ
1781 2610 1839 2667 δὲ

195 2697 297 2764 τὴν
352 2699 562 2771 θερινὴν
607 2699 814 2772 τροπὴν
863 2699 965 2753 ὑπὸ
1017 2699 1100 2752 τὸν
1135 2697 1336 2754 Λέοντα
1367 2700 1394 2753 ὁ
1425 2699 1587 2768 ἥλιος
1621 2698 1836 2777 ἔρχεται

194 2791 263 2854 τῆ
321 2785 540 2861 πέμπτῃ
595 2792 692 2841 τοῦ
749 2786 982 2843 Ἰουλίου
1047 2789 1219 2860 μηνὸς
1275 2788 1363 2842 καὶ
1417 2789 1654 2862 εἰκοστῇ·
1705 2795 1839 2864 μετὰ

191 2875 340 2928 τοῦθ’
371 2876 472 2929 61:6
526 2877 625 2944 τὴν
683 2876 951 2952 Παρθένον
1010 2881 1079 2950 τῇ
1128 2877 1348 2951 πέμπτῃ
1393 2883 1490 2932 τοῦ
1523 2879 1835 2953 Αὐγούστου

189 2961 281 3016 καὶ
341 2964 578 3037 εἰκοστῇ⁹
643 2967 776 3036 μετᾶ
819 2967 918 3034 τὴν
975 2967 1379 3042 φθινοπωρινὴν
1451 2967 1734 3043 ἰσημερίαν
1773 2971 1835 3024 τὸ

193 3050 296 3104 ὑπὸ
350 3053 441 3106 τὸν
498 3052 770 3128 Σκορπίον
829 3056 1027 3126 τμῆμα
1096 3055 1186 3108 τὸν
1259 3052 1419 3122 ἥλιον
1497 3053 1712 3130 δέχεται
1765 3062 1833 3130 τῇ

187 3137 409 3214 πέμπτῃ
464 3146 559 3195 τοῦ
618 3139 948 3218 Ὀκτωϐρίου
999 3143 1089 3196 καὶ
1144 3142 1380 3216 εἰκοστῇ·
1432 3145 1545 3216 μετ’
1598 3144 1727 3199 αὐτὸ
1772 3147 1833 3200 τὸ

190 3227 296 3282 ὑπὸ
328 3228 416 3282 τὸν
449 3228 679 3302 Τοξότην
711 3235 779 3304 τῇ
827 3225 1048 3305 πέμπτῃ
1093 3233 1182 3285 καὶ
1233 3231 1448 3305 εἰκοστῇ
1506 3237 1600 3287 τοῦ
1654 3240 1831 3308 Νοεμ-

1948 655 2111 726 ginta
2139 656 2318 713 ferme
2348 659 2412 712 ‘7.

2017 745 2107 798 21.
2140 749 2316 800 Porro
2361 748 2667 803 duodecim
2717 744 3019 818 signorum
3075 741 3318 797 nomina
3357 743 3412 796 et
3463 739 3594 795 cha-

1949 846 2198 898 racteres
2229 843 2310 899 ita
2351 861 2410 900 se
2443 845 2660 900 habent
2712 860 2724 896 :
2776 841 2941 896 Aries
2983 843 3049 913 Y,
3081 841 3311 895 Taurus
3352 832 3452 901 Η,
3483 836 3595 892 Ge—

1964 965 2105 1019 mini
2125 945 2215 1056 ﬁ,
2246 963 2464 1018 Cancer
2496 967 2604 1030 (Ξῖ),
2638 969 2744 1019 Leo
2777 954 2869 1032 Ω,
2898 956 3098 1028 Virgo,
3146 972 3239 1026 np,
3288 954 3482 1022 Libra,
3521 948 3594 1006 ἑὲ

1947 1084 2221 1156 Scorpius
2285 1081 2381 1150 ιιι,
2440 1081 2785 1152 Sagittarius
2862 1088 2948 1148 ρ,
3015 1073 3402 1144 Capricornus
3501 1080 3588 1152 ῥ,

1945 1200 2236 1270 Aquarius
2264 1220 2390 1283 ω,
2425 1203 2482 1255 et
2512 1199 2704 1254 Pisces
2737 1198 2825 1269 )-(.

2015 1291 2104 1343 2-2.
2164 1291 2404 1355 Quando
2463 1287 2705 1360 proinde
2767 1285 3047 1355 segmenti
3109 1285 3217 1340 sub
3274 1285 3464 1340 Ariete
3521 1283 3582 1338 in

1946 1379 2138 1432 medio
2197 1384 2253 1433 et
2309 1377 2480 1432 solari
2531 1376 2747 1431 circulo
2804 1373 3151 1446 principium
3204 1372 3288 1428 sol
3351 1372 3589 1444 attingit

1945 1466 2220 1522 vicesimo
2271 1467 2457 1538 primo
2510 1465 2732 1520 mensis
2779 1463 2992 1528 Martii,
3035 1461 3267 1517 vernale
3297 1462 3587 1534 aequinoc-

1947 1555 2094 1608 tium
2131 1572 2142 1607 :
2179 1556 2412 1625 quando
2438 1559 2630 1610 autem
2652 1556 2778 1624 ejus
2809 1551 3141 1624 [segmenti]
3173 1551 3326 1622 quod
3357 1556 3447 1605 est
3475 1549 3584 1605 sub

1948 1643 2115 1698 Libra
2172 1644 2524 1715 principium
2573 1641 2869 1714 [attingit],
2917 1641 3010 1696 die
3059 1639 3336 1695 vicesimo
3385 1638 3588 1710 quinto

1945 1732 2326 1802 Septembris,
2359 1731 2771 1803 aequinoctium
2826 1728 3164 1784 autumnale
3208 1728 3404 1783 efﬁcit.
3437 1727 3594 1782 Inter

1947 1826 2061 1875 duo
2110 1822 2262 1877 293
2314 1837 2444 1876 vero
2520 1818 2888 1891 aequinoctia,
2938 1817 3344 1873 conversiones
3404 1815 3590 1887 [solis]

1870 1937 1918 2000 Β
1949 1910 2098 1964 ﬁunt
2149 1928 2162 1978 ;
2217 1910 2312 1965 die
2359 1909 2551 1964 medio
2594 1908 2869 1962 vicesimo
2916 1906 3084 1961 tertio
3130 1905 3316 1971 Junii,
3371 1905 3587 1969 aestiva,

1948 1999 2182 2069 quando
2214 1998 2298 2054 sol
2332 2001 2698 2070 segmentum
2734 1997 2843 2051 sub
2874 1996 3093 2052 Cancro
3127 2009 3461 2066 percurrere
3499 1993 3588 2047 in-

1949 2088 2127 2158 cipit;
2188 2092 2245 2141 at
2302 2087 2578 2142 vicesimo
2636 2086 2838 2157 quinto
2907 2083 3266 2148 Decembris,
3322 2082 3588 2148 hiberna,

1947 2177 2180 2247 quando
2213 2176 2294 2232 sol
2328 2180 2698 2248 segmentum
2729 2175 2852 2244 ,sub
2901 2172 3249 2245 Capricorno
3281 2175 3587 2227 assecutus

1948 2265 2141 2320 fuerit.

2016 2355 2106 2408 23.
2140 2354 2277 2408 Post
2321 2371 2561 2409 vernum
2595 2352 2836 2425 proinde
2886 2351 3304 2423 aequinoctium
3353 2348 3438 2404 sol
3479 2349 3590 2404 sub

1947 2446 2207 2500 Taurum
2238 2443 2414 2511 venit,
2446 2443 2622 2515 idque
2649 2442 2921 2498 vicesimo
2968 2441 3139 2496 tertio
3169 2438 3422 2511 Aprilis;
3455 2439 3588 2493 dein

1947 2533 2147 2588 subter
2174 2533 2450 2587 Geminos
2497 2532 2770 2586 vicesimo
2802 2530 2970 2586 tertio
3000 2529 3154 2585 Maii.
3188 2529 3325 2584 Post
3353 2542 3588 2583 conver-

1946 2621 2169 2676 sionem
2217 2620 2475 2676 aestivam
2517 2621 2627 2674 sub
2677 2620 2925 2674 Leonem
2973 2617 3060 2673 sol
3107 2617 3264 2672 venit
3308 2615 3585 2671 vicesimo

1947 2709 2150 2781 quinto
2182 2709 2401 2764 mensis
2430 2709 2608 2776 Julii;
2641 2709 2798 2764 hunc
2829 2708 2938 2764 sub
2977 2706 3278 2778 Virginem
3309 2705 3584 2760 vicesimo

1946 2798 2135 2871 primo
2165 2798 2410 2869 Augusti
2441 2816 2453 2865 ;
2489 2801 2620 2870 post
2650 2795 2988 2852 autumnale
3018 2794 3431 2865 aequinoctium
3465 2809 3590 2864 seg-

1948 2891 2210 2941 mentum
2243 2887 2395 2958 quod
2449 2891 2536 2940 est
2586 2887 2696 2940 sub
2743 2883 2979 2956 Scorpio
3009 2883 3192 2939 solem
3241 2881 3470 2953 accipit,
3501 2880 3586 2934 vi-

1945 2975 2162 3029 cesimo
2193 2975 2399 3046 quinto
2447 2975 2728 3030 Octobris.
2765 2975 2849 3028 Ab
2899 2974 3008 3029 hoc
3037 2973 3118 3037 id,
3151 2971 3306 3042 quod
3338 2970 3447 3025 sub
3481 2971 3587 3024 Sa-

1943 3063 2177 3134 gittario
2208 3069 2317 3134 est,
2348 3063 2625 3118 vicesimo
2679 3062 2884 3134 quinto
2938 3059 3301 3116 Novembris.
3336 3059 3471 3113 Post
3500 3057 3583 3112 hi-

1945 3151 2185 3206 bernam
2217 3152 2656 3207 conversionem
2703 3151 2788 3206 sol
2834 3151 2944 3206 sub
2974 3148 3296 3220 Aquarium
3327 3146 3586 3220 pervenit

1941 3240 2216 3295 vicesimo
2244 3241 2509 3296 Januarii
2534 3259 2546 3308 ;
2579 3239 2784 3296 exinde
2814 3240 2924 3295 sub
2954 3239 3148 3294 Pisces
3177 3235 3449 3291 vicesimo
3481 3235 3582 3289 Fe-

187 3309 365 3390 ϐρίου·
403 3319 536 3389 μετὰ
583 3316 640 3372 δὲ
677 3319 776 3387 τὴν
835 3321 1156 3394 χειμερινὴν
1208 3322 1416 3394 τροπὴν
1452 3321 1480 3374 ὁ
1510 3321 1673 3390 ἥλιος
1728 3324 1829 3378 61:6
1862 3301 1904 3368 Ο
1942 3329 2185 3384 bruarii.

181 3403 276 3458 τὸν
333 3404 624 3482 Ὑδροχόον
687 3409 898 3485 ἀφικνεῖ
945 3429 997 3462 αι
1045 3410 1180 3463 κατὰ
1231 3409 1330 3478 τὴν
1393 3415 1488 3464 τοῦ
1545 3412 1875 3490 Ἰανουαρίου
1932 3415 2178 3486 εἰκοστήν
2216 3437 2227 3449 °

184 3493 384 3562 κοστὴν
420 3495 522 3549 ὑπὸ
551 3495 676 3557 τοὺς
710 3495 944 3570 Ἰχθύας.

263 3579 358 3638 κδ’.
391 3587 494 3636 Τοῦ
552 3580 828 3638 Ζωδιακοῦ
859 3582 916 3638 δὲ
947 3583 1278 3660 διῃρημένου
1339 3587 1415 3649 εἰς
1455 3585 1542 3641 ἷ¹σα
1569 3591 1833 3662 τμήματα

187 3668 508 3726 δυοκαίδεκα
551 3673 618 3726 τὰ
655 3671 926 3747 λεγόμενα
975 3671 1162 3744 ζώδια,
1193 3679 1300 3729 τῶν
1351 3673 1558 3744 ζωδίων
1608 3674 1830 3732 ἕκαστον

185 3760 266 3821 εἰς
321 3762 610 3836 τριάκοντα
666 3761 856 3837 μοίρας
909 3760 1188 3837 διῄρηται,
1246 3761 1414 3840 ἤγουν
1468 3771 1615 3840 τρεῖς
1678 3764 1830 3822 δεκα-

181 3848 332 3910 νούς.
367 3851 502 3904 Δέκα
557 3851 658 3925 γὰρ
716 3846 830 3924 ἔχει
886 3851 1078 3926 μοίρας
1137 3853 1165 3905 ὁ
1219 3849 1458 3914 δεκανός.
1492 3852 1600 3908 Μία
1633 3851 1678 3908 δ’
1710 3855 1830 3909 ἑκά-

182 3958 283 4008 στη
363 3946 527 4013 μοῖρα
599 3939 847 4011 τέμνεται
935 3938 1156 4002 λεπτοῖς
1228 3942 1468 4017 πρώτοις
1548 3943 1826 4013 ἑξήκοντα.

179 4026 396 4081 Τούτων
459 4025 504 4081 δ’
554 4024 777 4082 ἕκαστον
854 4027 1244 4104 ὑποδιαιρεῖται
1320 4029 1483 4085 πάλιν
1545 4031 1619 4093 εἰς
1673 4029 1829 4106 ἕτερα

180 4117 442 4189 ἑξήκοντα
497 4115 668 4172 λεπτά
725 4114 964 4194 δεύτερα·
995 4117 1085 4171 καὶ
1132 4122 1239 4172 τῶν
1287 4115 1546 4194 δευτέρων
1603 4117 1824 4175 ἕκαστον

178 4204 256 4266 εἷς
314 4203 459 4259 ἄλλα
528 4206 800 4277 ὲξήκοντα¹
852 4205 1010 4282 τρίτα
1067 4204 1256 4264 λεπτά.
1317 4207 1414 4261 Καὶ
1484 4213 1644 4263 τοῦτο
1712 4216 1827 4271 τοῖς

175 4292 538 4369 ἀστρολόγοις
568 4293 862 4369 ἐνεργεῖται
897 4293 1062 4370 μέχρι
1093 4295 1542 4370 συμπληρώσεως
1570 4302 1667 4352 τοῦ
1723 4306 1824 4367 τῆς

177 4380 487 4445 δωδεκάδος
539 4387 730 4437 ποσοῦ.
785 4387 859 4456 Τῇ
920 4381 977 4438 δὲ
1034 4383 1186 4461 φύσει
1272 4390 1374 4438 πᾶν
1463 4385 1681 4461 μέγεοος
1742 4379 1824 4441 ἐπ’

180 4472 404 4548 ἄπειρον
435 4469 722 4547 διαιρετόν.

249 4744 340 4796 κε’.
373 4741 674 4816 Τετήρηται
732 4736 790 4793 δὲ
847 4735 917 4792 δι’
972 4738 1237 4815 ὀργάνων,
1270 4739 1344 4802 ὡς
1375 4741 1410 4810 ἡ
1465 4739 1657 4813 μεταξὺ
1713 4746 1820 4796 τῶν

171 4832 449 4905 τροπικῶν
481 4827 814 4906 περιφέρεια,
846 4827 970 4897 ἥτις
1009 4829 1099 4883 καὶ
1156 4828 1290 4900 μέση
1349 4826 1593 4885 καλεῖται
1653 4831 1819 4903 ζώνη,

177 4922 384 4993 μοιρῶν
440 4917 578 4972 ἐστιν
651 4916 794 4971 ὀκτὼ
875 4918 1010 4993 πρὸς
1084 4923 1204 4980 ταῖς
1287 4919 1701 4993 τεσσαράκοντα.
1760 4921 1822 4974 Ἣ

169 5005 374 5077 ταύτης
436 5005 628 5062 λοιπὸν
668 5005 896 5080 ἡμίσεια
955 5011 1166 5083 μοιρῶν
1231 5005 1377 5062 ἔσται
1407 5009 1678 5084 τεσσάρων
1729 5008 1820 5062 καὶ

171 5093 398 5169 εἰειοσιν,
450 5095 574 5165 ἥτις
648 5094 786 5150 ἐστὶν
849 5094 900 5166 ἐξ
959 5095 1074 5157 ἑνὸς
1129 5099 1238 5150 τῶν
1290 5100 1589 5170 τροπικῶν,
1653 5095 1816 5172 μέχρι

165 5188 267 5238 τοῦ
321 5183 662 5258 ἰσημερινοῦ.
720 5189 872 5239 Πᾶσα
928 5181 974 5238 δ’
1030 5185 1066 5253 ἡ
1128 5183 1322 5257 μεταξὺ
1378 5189 1486 5238 τῶν
1539 5189 1814 5259 τροπικῶν

165 5273 482 5351 περιφέρεια
539 5272 598 5328 ἐκ
645 5277 742 5328 τοῦ
801 5274 916 5335 ένὸς
976 5273 1106 5327 οῦσα
1167 5271 1364 5348 μέρους
1416 5273 1558 5327 ὀκτὼ
1610 5278 1814 5348 μοιρῶν

165 5363 306 5437 πρὸς
357 5368 476 5425 ταῖς
530 5362 942 5438 τεσσαράκονταο
1000 5361 1105 5416 κάκ
1183 5367 1280 5416 τοῦ
1355 5361 1537 5435 ἑτέρου
1617 5363 1813 5436 μέρους

163 5455 273 5508 τῶν
306 5451 480 5506 αὐτῶν
513 5448 657 5506 ἔσται
695 5455 926 5525 μοιρῶν.
958 5447 1322 5525 Παράλλη)οι
1352 5451 1454 5528 γὰρ
1487 5451 1540 5505 οἱ
1594 5449 1809 5509 κύκλοι.

2288 3415 2470 3472 ἔκτοτε
2542 3417 2676 3472 κατᾶ
2751 3417 2848 3486 τὴν
2918 3419 3015 3469 τοῦ
3081 3408 3453 3488 Φεϐρουαρίου
3514 3411 3586 3465 εἰ-

2015 3595 2104 3648 24.
2138 3593 2281 3648 Cum
2313 3599 2507 3651 autem
2560 3595 2840 3650 Zodiacus
2871 3594 2928 3648 in
2980 3591 3288 3648 duodecim
3339 3588 3587 3662 aequalia

1945 3689 2248 3754 segmenta
2296 3684 2516 3740 divisus
2566 3684 2664 3750 sit,
2697 3701 2823 3754 quas
2873 3681 3230 3738 animalcula
3281 3696 3385 3735 seu
3419 3679 3590 3750 signa

1943 3772 2222 3826 dicuntur
2267 3789 2280 3826 :
2343 3772 2645 3844 quodlibet
2693 3773 2927 3844 signum
2978 3772 3036 3825 in
3098 3769 3336 3841 triginta
3392 3771 3586 3839 partes

1943 3859 2112 3929 [quas
2143 3861 2534 3914 communiter
2555 3861 2772 3931 gradus
2801 3863 3010 3914 vocant
3041 3859 3105 3927 ⁸⁸]
3136 3858 3242 3912 hoc
3259 3854 3438 3921 est,in
3466 3859 3584 3910 tres

1940 3948 2191 4002 decanos
2222 3949 2536 4019 [decurias]
2586 3947 2838 4004 divisum
2887 3953 2995 4003 est.
3028 3947 3236 4002 Decem
3271 3945 3427 4000 enim
3461 3960 3587 4016 par-

1938 4041 2026 4090 tes
2056 4036 2231 4092 habet
2260 4037 2518 4092 decuria.
2550 4039 2621 4091 At
2642 4037 2862 4108 quaevis
2894 4053 3028 4108 pars
3051 4035 3110 4089 in
3144 4033 3446 4106 sexaginta
3471 4031 3587 4103 pri-

1937 4141 2035 4179 ma
2065 4125 2293 4180 minuta
2322 4125 2601 4180 dividitur
2625 4151 2639 4193 ;
2671 4131 2727 4181 et
2748 4141 2952 4180 rursus
2976 4124 3186 4180 horum
3209 4124 3364 4180 294
3393 4120 3578 4192 quod-

1936 4213 2021 4268 vis
2053 4213 2111 4266 in
2143 4213 2258 4269 alia
2287 4215 2591 4285 sexaginta
2611 4215 2869 4270 secunda
2893 4213 3122 4268 minuta
3151 4210 3500 4277 subdivitur,
3524 4210 3582 4263 et

1936 4303 2328 4357 secundorum
2374 4302 2673 4374 quodlibet
2711 4303 2771 4357 in
2803 4301 2919 4357 alia
2949 4301 3249 4371 sexaginta
3278 4297 3446 4354 tertia
3477 4295 3582 4350 mi-

1936 4395 2099 4458 nuta,
2131 4390 2308 4463 idque
2339 4391 2623 4462 tantisper
2651 4391 2718 4444 ﬁt
2747 4391 2818 4445 ab
2860 4388 3188 4460 astrologis,
3220 4388 3402 4441 donec
3433 4386 3577 4441 duo-

1935 4478 2157 4534 denarii
2215 4480 2602 4551 quantitatem
2676 4477 3021 4550 compleant.
3076 4476 3235 4531 Alias
3289 4490 3423 4530 vero
3479 4491 3579 4530 na-

1933 4571 2087 4634 tura,
2148 4568 2341 4623 omnis
2389 4568 2734 4640 magnitudo
2784 4567 2842 4621 in
2891 4565 3188 4621 infinitum
3238 4567 3430 4635 potest
3485 4563 3574 4618 di-

1933 4656 2071 4711 vidi.

2001 4744 2093 4798 25.
2124 4743 2506 4799 Observatum
2536 4746 2734 4798 autem
2773 4747 2862 4798 est
2890 4758 2992 4814 per
3021 4741 3432 4810 instrumenta,
3464 4739 3577 4795 cir-

1935 4832 2380 4888 cumferentiam
2438 4832 2594 4887 intra
2648 4831 2922 4903 tropicos,
2992 4847 3118 4902 qua
3191 4828 3368 4884 etiam
3425 4845 3572 4885 zona

1933 4921 2126 4976 media
2181 4925 2438 4992 vocatur,
2473 4920 2725 4993 partium
2786 4936 2913 4975 esse
2971 4918 3362 4991 quadraginta
3408 4922 3570 4986 octo;

1930 5009 2090 5064 illius
2141 5009 2384 5081 proinde
2424 5009 2614 5065 media
2662 5007 3153 5075 circumferentia,
3187 5023 3317 5080 quae
3365 5011 3455 5062 est
3498 5007 3572 5063 ab

1929 5115 2046 5154 uno
2076 5097 2435 5170 tropicorum
2466 5099 2537 5154 ad
2584 5097 3049 5170 aequinoctialem
3082 5096 3337 5167 partium
3368 5095 3574 5168 viginti

1928 5191 2180 5258 quatuor
2209 5187 2337 5242 erit.
2371 5187 2651 5242 Universa
2693 5192 2887 5241 autem
2931 5186 3082 5241 inter
3109 5186 3364 5258 tropicos
3394 5185 3574 5240 inter-

1917 5277 2076 5347 jecta
2103 5275 2574 5330 circumferentia
2589 5291 2722 5330 cum
2757 5292 2826 5330 ex
2857 5292 2973 5330 una
2989 5279 3152 5346 parte
3173 5276 3250 5330 sit
3279 5274 3572 5347 graduum

1925 5365 2314 5435 quadraginta
2360 5368 2507 5428 octo,
2557 5379 2626 5418 ex
2670 5363 2850 5418 altera
2896 5364 3070 5418 etiam
3121 5368 3282 5435 parte
3325 5363 3570 5419 totidem

1923 5453 2032 5508 erit
2087 5452 2363 5524 partium.
2419 5453 2645 5507 Etenim
2699 5451 2901 5508 circuli
2962 5451 3222 5524 paralleli
3269 5451 3398 5524 [hoc
3455 5455 3566 5522 est,

239 5667 284 5701 ιτ
313 5665 458 5722 Vide
487 5667 658 5740 Joan.
690 5666 963 5740 de_Sacro
994 5666 1177 5740 Busto
1204 5665 1264 5721 in
1296 5665 1579 5740 computo
1626 5665 2060 5740 ecclesiastico:
2093 5671 2152 5722 et
2177 5667 2544 5723 Munsterum
2577 5667 2648 5722 de
2679 5665 3112 5740 horologiorum
3160 5663 3566 5736 descriptione,

164 5738 271 5796 lib.
306 5755 368 5808 ιι,
399 5755 456 5810 p.
493 5739 614 5795 166.
691 5738 734 5772 ⁴⁸
761 5738 888 5794 Jov.
921 5740 1088 5792 Pont.
1119 5736 1221 5794 lib.
1255 5753 1294 5806 1,
1326 5738 1396 5795 de
1426 5736 1474 5793 r.
1506 5755 1580 5809 c.,
1608 5755 1665 5810 p.
1699 5739 1820 5797 114.
