4024 6432
486 417 644 481 1243

1739 423 2160 490 NICEPHORI
2203 420 2645 488 BLEMMIDE

3749 427 3906 490 4244

481 553 946 627 equidistantes]
975 559 1132 612 sunt.
1165 558 1254 614 Sic
1303 557 1484 632 igitur
1529 561 1779 633 aequalia
1826 562 1942 616 duo
1975 562 2111 616 intei

2241 560 2443 620 Ὄντως
2475 555 2564 612 οὖν
2600 555 2809 613 ἔσονται
2844 561 3050 635 μοιρῶν
3082 556 3136 629 ’ἐξ
3185 557 3323 635 πρὸς
3366 562 3486 621 ταῖς
3549 555 3900 632 ἐνενήκοντα,

482 645 734 716 tr0picos
793 645 1237 702 intervenientia
1288 655 1593 720 segmenta
1648 657 1820 706 erunt
1870 651 2123 724 partium

482 734 799 805 nonaginta
830 751 950 800 sex,
987 737 1220 791 maximi
1274 739 1551 794 nimirum
1607 741 1806 795 circuli
1841 741 2121 812 sphaerae;

479 822 648 891 cujus
679 822 916 892 quidem
950 824 1146 880 circuli
1181 827 1416 882 maximi
1449 846 1582 884 cum
1625 830 1703 884 sit
1734 836 2122 885 trecentarum

479 910 780 982 sexaginta
813 913 1088 983 partium,
1112 917 1580 973 circumferentia
1609 919 1680 972 ab
1714 924 1960 989 utroque
1995 917 2124 990 polo

479 998 552 1054 ad
583 999 835 1054 vicinum
880 1003 1169 1072 tropicum
1203 1006 1314 1058 erit
1363 1007 1616 1076 partium
1665 1009 1971 1076 sexaginta
2003 1025 2117 1062 sex.

477 1084 690 1146 Quater
713 1088 868 1141 enim
922 1091 1224 1162 sexaginta
1272 1110 1370 1146 sex
1403 1101 1593 1164 partes
1628 1096 1674 1148 si
1710 1095 1954 1150 invicem
1988 1113 2122 1149 con-

469 1174 824 1244 jungantur,
845 1177 1107 1232 όιιοροῐεθ
1141 1180 1288 1234 ﬁunt
1318 1184 1616 1253 sexaginta
1639 1190 1890 1256 quatuor
1922 1201 1934 1240 :
1969 1186 2117 1240 295

477 1263 693 1333 quibus
752 1266 799 1318 si
860 1268 1176 1337 nonaginta
1224 1287 1322 1324 sex
1380 1272 1795 1343 adjungantur,
1857 1279 2121 1328 trccentze

477 1352 776 1423 sexaginta
808 1371 906 1408 sex
939 1364 1131 1426 partes
1166 1359 1538 1431 colliguntur,
1572 1362 1631 1415 in
1663 1379 1812 1432 quas
1843 1363 2121 1417 Zodiacus

477 1444 534 1495 et
563 1441 755 1512 quivis
789 1443 939 1499 alius
970 1445 1222 1502 circulus
1255 1450 1547 1504 maximus
1580 1451 1879 1506 dividitur.

545 1621 634 1674 26.
669 1622 815 1676 Cum
848 1622 1026 1693 igitur
1069 1626 1420 1682 firmamenti
1474 1629 1730 1684 ambitus
1761 1634 1844 1684 tot
1877 1631 1953 1684 sit
1983 1648 2118 1701 par-

475 1707 646 1775 tium,
681 1709 963 1767 diameter
993 1715 1332 1784 pauciornm
1367 1733 1539 1786 quam
1571 1722 1802 1772 centum
1831 1723 1885 1771 et
1916 1717 2116 1788 viginti

475 1795 584 1850 erit
606 1800 880 1867 partium.
905 1801 958 1854 Si
985 1803 1141 1858 enim
1167 1821 1294 1874 quze
1319 1822 1384 1859 ex
1408 1812 1602 1861 centro
1635 1806 1894 1876 [ducitur
1923 1806 2116 1876 linea],

475 1889 533 1940 et
563 1889 862 1959 sexanguli
896 1892 1049 1961 quod
1084 1892 1141 1946 in
1168 1895 1438 1948 eumdem
1471 1895 1808 1948 inscribitur
1833 1895 2114 1948 circulum

477 1973 632 2030 latus
659 1977 724 2043 ‘9,
757 1980 1002 2048 aequalia
1033 1986 1173 2036 sunt
1203 1983 1449 2037 invicem
1476 2008 1490 2049 ;
1520 1984 2017 2054 quemadmodum
2051 2001 2116 2037 ex

474 2063 701 2120 decimo
733 2068 936 2137 quinto
977 2069 1334 2125 theoremate
1383 2072 1514 2126 libri
1565 2072 1756 2143 quarti
1792 2072 2114 2126 Elemento-

476 2168 606 2206 rum
630 2169 732 2224 per
752 2155 1010 2226 porisma
1050 2158 1276 2214 illatum
1320 2165 1426 2228 est,
1456 2161 1626 2215 tertia
1659 2177 1790 2231 pars
1813 2160 2115 2215 circumfe~

476 2242 676 2297 rentia
696 2244 978 2300 diametro
1001 2248 1244 2318 aequalis
1276 2266 1387 2303 non
1422 2250 1549 2304 erit.
1583 2251 1702 2304 Duo
1724 2251 1878 2304 enim
1915 2267 2115 2304 sexan-

473 2329 596 2400 guli
625 2330 825 2399 latera,
877 2334 1159 2392 diameter
1205 2342 1382 2404 sunt;
1433 2338 1710 2409 quoniam
1759 2339 1888 2393 duae
1934 2344 2020 2393 est
2049 2355 2116 2392 ex

473 2422 668 2487 ceptro
704 2420 908 2484 [ducta
939 2420 1151 2492 lineae]:
1187 2429 1244 2478 et
1274 2424 1786 2480 subdividuntduo
1814 2425 2114 2496 sexanguli

473 2501 675 2575 latera,
734 2507 850 2562 duo
907 2510 1387 2567 circumferentia:
1438 2519 1738 2583 segmenta
1788 2532 1800 2580 ;
1863 2530 2113 2585 quorum

472 2598 791 2667 utrumque
835 2598 1134 2668 sigillatim
1167 2607 1256 2654 est
1285 2608 1446 2656 sexta
1478 2619 1612 2674 pars
1645 2602 1879 2656 maximi
1913 2603 2112 2658 circuli

473 2682 734 2754 sphaerae.
767 2687 938 2757 Atqui
974 2689 1088 2744 duo
1118 2690 1295 2744 simul
1327 2693 1668 2762 [segmenta]
1692 2691 1858 2746 tertia
1893 2691 2114 2758 [circuli

471 2788 606 2844 pars
633 2773 967 2847 exsistunt].
991 2778 1150 2842 Quod
1175 2779 1224 2834 si
1252 2779 1433 2851 igitur
1451 2784 1610 2835 totus
1632 2781 2111 2835 circumferentia:

471 2863 729 2918 ambitus
787 2869 1181 2922 trecentarum
1235 2875 1325 2923 est
1373 2875 1430 2922 et
1487 2870 1787 2940 sexaginta
1835 2869 2108 2941 partium,

468 2952 643 3007 tertia
673 2951 831 3008 illius
871 2960 1102 3010 centum
1153 2961 1209 3011 et
1257 2957 1459 3028 viginti
1509 2963 1596 3012 est
1639 2958 1912 3028 partium.
1947 2959 2107 3023 Quod

460 3042 510 3096 si
541 3041 779 3112 quidem
814 3048 968 3098 recta
999 3044 1192 3114 (linea)
1225 3047 1712 3102 circumferentia:
1741 3047 1984 3118 aequalis
2013 3063 2108 3102 es-

458 3133 565 3200 set,
595 3129 880 3186 diameter
908 3135 1082 3188 etiam
1135 3139 1367 3189 centum
1400 3140 1456 3190 et
1501 3135 1705 3207 viginti
1736 3136 1990 3206 partium
2024 3153 2108 3190 es-

458 3221 567 3272 set.
621 3220 906 3284 Quoniam
959 3226 1154 3277 autem
1206 3229 1361 3279 recta
1412 3224 1604 3278 minor
1651 3228 1758 3291 est,
1792 3240 1967 3294 quam
2001 3223 2106 3278 cir-

2234 648 2300 701 τὰ
2357 647 2550 719 μεταξὺ
2613 651 2719 701 τῶν
2778 652 3053 722 τροπικῶν
3087 645 3180 702 δύο
3217 644 3302 702 ἴσα
3332 649 3604 720 τμήματα
3644 653 3747 702 τοῦ
3815 671 3899 719 με·

2233 735 2415 811 γίστου
2473 735 2681 790 κύκλου
2735 744 2835 804 τῆς
2895 736 3142 814 σφαίρας·
3206 736 3269 790 οὗ
3336 733 3402 804 δὴ
3459 735 3690 790 κύκλου
3755 739 3897 812 μεγίο

2236 845 2360 878 στου
2412 824 2669 893 ἑξήκοντα
2716 823 2804 878 καί
2862 824 3185 899 τριακοσίων
3256 820 3409 885 ὄντος
3465 830 3718 897 μοιρῶν,
3771 829 3808 894 ἡ

2235 913 2491 985 ἑκατέρου
2573 918 2680 967 τῶν
2765 913 2974 985 πόλων,
3036 915 3172 987 πρὸς
3234 915 3326 968 τὸν
3403 913 3563 988 ἐγγὺς
3637 917 3894 989 τροπικὸν

2232 1002 2543 1079 περιφέρεια
2583 998 2728 1056 ἔσται
2783 1007 2986 1077 μοιρῶν
3041 1002 3096 1072 ἓξ
3153 1003 3244 1056 καὶ
3300 1002 3582 1072 ἑξήκοντα”
3653 1004 3895 1077 τετράκις

2233 1091 2335 1164 γὰρ
2395 1092 2446 1144 αἱ
2503 1091 2557 1160 ἓξ
2615 1091 2702 1144 καὶ
2763 1093 3019 1163 ἑξήκοντα
3075 1097 3262 1164 μοῖραι
3324 1091 3720 1162 συντιθέμεναι
3769 1094 3894 1165 πρὸς

2232 1177 2506 1248 ἀλλήλας,
2537 1180 2785 1253 τέσσαρες
2840 1181 2975 1254 πρὸς
3031 1181 3284 1249 ἑξήκοντα
3339 1181 3577 1254 γίνονται
3646 1182 3746 1234 καί
3791 1179 3894 1234 δια.

2231 1267 2460 1328 κοσίαις.
2513 1267 2736 1328 Ταύταις
2791 1273 2896 1321 τῶν
2947 1269 3001 1337 ἓξ
3059 1267 3495 1340 προστιθεμένων
3559 1268 3661 1321 καὶ
3728 1268 3895 1337 ἐνενή-

2231 1376 2394 1410 κοντα
2452 1357 2504 1409 αἱ
2563 1357 2820 1426 ἑξήκοντα
2875 1359 3010 1432 πρὸς
3087 1363 3206 1418 ταῖς
3272 1356 3616 1430 τριακοσίαις

2233 1446 2565 1520 συνάγονται,
2629 1445 2704 1506 είς
2759 1446 2818 1507 ’ὰς
2876 1447 2904 1499 ὁ
2967 1443 3228 1514 ζωδιακὸς
3284 1443 3574 1519 διαιρεῖται
3643 1446 3742 1500 καὶ
3803 1453 3894 1507 πᾶς

2231 1531 2402 1594 ἄλλος
2438 1534 2692 1607 μέγιστος
2721 1532 2944 1596 κύκλος.

2299 1625 2398 1685 κς’.
2435 1629 2544 1690 Τῆς
2592 1624 2920 1697 περιμετρου
2982 1621 3159 1677 τοίνυν
3206 1627 3303 1677 τοῦ
3349 1624 3753 1699 στερεώμττος
3815 1646 3892 1678 το·

2230 1712 2433 1766 σούτων
2493 1709 2660 1780 οὔσης
2722 1716 2951 1786 μοιρῶν,
3008 1714 3043 1780 ἡ
3104 1709 3392 1787 διάμετρος
3458 1709 3614 1766 ἔσται
3691 1718 3890 1788 μοιρῶν

2230 1799 2593 1868 ἐλαττόνωνῆ
2652 1797 2820 1854 εἷειοσι
2877 1801 3012 1873 πρὸς
3064 1806 3183 1861 ταῖς
3245 1800 3454 1856 ἑκατόν.
3488 1801 3558 1854 Εἰ
3604 1802 3724 1875 γὰρ
3759 1805 3794 1870 ἦ
3849 1802 3895 1855 ἐκ

2227 1894 2323 1944 τοῦ
2381 1889 2600 1962 κὲντρου
2659 1891 2748 1943 καὶ
2806 1892 2840 1957 ἡ
2899 1893 2995 1942 τοῦ
3053 1890 3317 1964 ἑξαγώνου
3385 1887 3606 1964 πλευρὰ
3670 1896 3776 1944 τοῦ
3831 1892 3895 1949 εἰς

2227 1979 2316 2032 τὸν
2353 1977 2510 2032 αὑτὸν
2545 1976 2953 2053 ἐγγραφομένου
2984 1977 3184 2031 κύκλον
3238 1974 3344 2030 ἴσαι
3393 1976 3694 2047 ἀλλήλαις
3752 1979 3891 2044 εἶσὶ-δ,

2228 2065 2302 2127 ὡς
2354 2065 2411 2119 ἐκ
2459 2071 2552 2119 τοῦ
2595 2064 3070 2120 πεντεκαιδεκάτου
3129 2068 3483 2141 Θεωρηματος
3539 2072 3649 2122 τοῦ
3713 2068 3894 2140 τετάρ-

2224 2175 2322 2209 του
2386 2151 2606 2228 βιϐλίου
2653 2160 2759 2208 τῶν
2810 2154 3097 2230 στοιχείων
3145 2155 3485 2230 πεπόρισταυ
3542 2156 3654 2210 οὐκ
3708 2157 3774 2210 ἂν
3823 2156 3893 2222 εἴη

2223 2243 2286 2296 τὸ
2343 2243 2521 2315 τρίτον
2579 2249 2678 2310 τῆς
2735 2241 3077 2318 περιφερείας
3141 2239 3252 2296 ἴσον
3420 2239 3750 2317 διαμέτρῳ.
3803 2245 3891 2298 .150

2231 2333 2322 2404 μὲν
2378 2332 2481 2406 γὰρ
2536 2332 2804 2404 ἑξαγώνου
2864 2330 3094 2404 πλευραὶ
3151 2333 3185 2399 ἡ
3243 2327 3562 2406 διάμετρος*
3620 2332 3754 2387 ἐπεῖ
3809 2331 3890 2386 δύο

2226 2419 2284 2474 ἐκ
2310 2425 2406 2474 τού
2435 2421 2676 2493 κέντρου.
2713 2419 2807 2474 Καὶ
2861 2419 3222 2474 ὑποτείνουσιν
3274 2421 3331 2473 αὶ
3380 2417 3476 2474 δύο
3533 2425 3644 2475 τοῦ
3702 2423 3890 2496 ἑξαγώ-

2223 2529 2317 2563 νου
2365 2507 2593 2583 πλευραὶ
2680 2505 2774 2562 δύο
2853 2510 3116 2580 τμήματα
3198 2514 3296 2576 τῆς
3374 2509 3772 2585 περιφερείας·
3829 2512 3890 2564 ὧν

2221 2594 2442 2652 ἕκαστον
2475 2595 2627 2651 ἕκτον
2666 2598 2828 2671 μέρος
2885 2601 2986 2650 τοῦ
3047 2596 3301 2670 μεγίστου
3350 2595 3567 2651 κύκλου
3605 2605 3717 2666 τῆς
3746 2600 3887 2675 σιραί-

2223 2706 2336 2759 ρας’
2371 2688 2512 2757 ὁμοῦ
2569 2683 2625 2740 δὲ
2679 2687 2746 2739 τὰ
2804 2683 2899 2739 δύο
2954 2684 3159 2760 τρίτον.
3211 2684 3275 2739 Ei
3331 2684 3514 2739 τοίνυν
3548 2689 3588 2755 ἡ
3624 2686 3742 2755 ὅλη
3801 2691 3888 2754 τῆς

2221 2775 2558 2852 περιφερείας
2641 2774 2965 2850 περίμετρος
3043 2774 3302 2843 ἐξήκοντα
3373 2773 3464 2828 καὶ
3553 2776 3886 2850 τριακοσίων

2225 2867 2455 2937 μοιρῶν,
2485 2863 2548 2917 τὸ
2596 2861 2778 2937 τρίτον
2835 2861 3038 2932 ταύτης
3100 2860 3267 2916 εἷ’κοσι
3314 2866 3530 2936 μοιρῶν
3568 2865 3720 2938 πρὸς
3782 2870 3886 2924 ταῖς

2220 2951 2428 3009 ἑκατόν.
2464 2951 2526 3005 El
2564 2951 2654 3024 μὲν
2708 2949 2799 3004 οὖν
2850 2947 2939 3020 ί’ση
2990 2951 3057 3019 ἦν
3101 2953 3136 3020 ἡ
3187 2950 3365 3014 εὐθεῖα
3418 2949 3488 3023 τῇ
3546 2953 3884 3031 περιφερείᾳ,

2218 3041 2285 3109 ἦν
2347 3040 2404 3094 ἃν
2462 3039 2551 3094 καὶ
2599 3042 2632 3108 ἡ
2695 3036 2983 3114 διάμετρος
3070 3043 3271 3113 μοιρῶν
3331 3037 3504 3094 εῗόιοσι
3567 3042 3723 3114 πρὸς
3779 3048 3884 3100 ταῖς

2218 3131 2422 3184 ἑκατόν·
2486 3128 2595 3183 ἐπεὶ
2653 3125 2700 3182 δ’
2757 3125 2993 3182 ἐλάττων
3053 3131 3087 3196 ἡ
3148 3127 3325 3182 εὐθεῖα
3379 3130 3478 3196 τῆς
3533 3131 3886 3208 περιφερείας

2215 3221 2282 3288 ἢν
2333 3218 2620 3288 ὑποτείνει,
2650 3215 2740 3271 διὰ
2781 3221 2943 3271 τοῦτο
2993 3215 3084 3271 καί
3131 3219 3168 3285 ἡ
3221 3213 3515 3290 διάμετρος
3581 3217 3882 3275 ἐλαττόνων

3714 1364 3891 1430 μοῖραι

457 3307 862 3364 cumferientia
906 3327 1084 3380 quam
1117 3313 1271 3367 296
1320 3313 1663 3368 subtendit:
1702 3328 1769 3366 ea
1813 3313 1882 3366 de
1929 3329 2110 3366 causa

2226 3304 2364 3362 ἔσται
2429 3311 2634 3380 μοιρῶν
2679 3307 2713 3374 ἢ
2765 3301 2933 3360 είὲιοσι
2991 3305 3128 3380 πρὸς
3174 3309 3293 3367 ταῖς
3353 3305 3574 3363 ἑκατόν.
3638 3312 3806 3372 ““Οθεν
3854 3313 3882 3376 ἡ

455 3394 631 3450 etiam
664 3397 950 3453 diameter
979 3401 1319 3470 pauciorum
1352 3418 1529 3472 quam
1563 3406 1795 3456 centum
1821 3407 1875 3456 et
1902 3401 2106 3471 viginti

455 3483 565 3538 erit
595 3486 868 3557 partium.
915 3487 1076 3544 Unde
1120 3489 1169 3544 si
1201 3492 1527 3545 secundum
1576 3489 1940 3545 Archimedis
1989 3506 2109 3544 sec-

455 3575 679 3628 tatores
731 3576 923 3632 omnis
967 3577 1187 3633 scilicet
1233 3579 1462 3650 sphaera
1511 3579 1822 3650 omnisque
1854 3577 2108 3633 circulus

455 3661 527 3714 ad
562 3677 728 3716 suam
780 3664 1132 3720 diametrum
1186 3667 1360 3722 habet
1391 3668 1676 3723 rationem
1728 3666 1960 3738 triplam
1993 3683 2109 3721 ses-

455 3747 872 3821 quiseptimam
905 3770 1082 3824 quam
1113 3756 1397 3826 proxime,
1431 3755 1538 3812 hoc
1569 3761 1676 3822 est,
1709 3755 1951 3827 triplum
1985 3754 2107 3808 dia-

455 3837 624 3892 metri
651 3841 959 3909 et'[unam]
997 3844 1307 3915 septimam
1357 3845 1648 3914 diametri,
1683 3861 1798 3899 non
1840 3848 2108 3899 accurate

452 3928 692 3995 tamen;
725 3929 834 3984 erit
864 3929 964 3985 illa
1010 3933 1247 4003 quidem
1297 3950 1427 4004 quae
1458 3951 1526 3989 ex
1575 3939 1772 3989 centro
1828 3933 2105 4002 [ducitur]

454 4016 885 4090 quinquaginta
929 4026 1154 4092 septem
1203 4024 1457 4092 partium
1508 4039 1640 4078 cum
1689 4023 1886 4094 aliqua
1929 4022 2107 4077 unius

457 4105 640 4174 partis
699 4107 1088 4176 portiuncula.
1149 4111 1294 4165 Cum
1347 4117 1541 4166 autem
1592 4113 1872 4166 diameter
1928 4110 2108 4181 dupla

2217 3397 2353 3449 κατὰ
2398 3395 2525 3450 τοὺς
2598 3394 2721 3469 περὶ
2783 3390 3134 3469 ’Δρχιμήδην
3195 3399 3338 3448 πᾶσα
3392 3391 3462 3462 δὴ
3530 3402 3748 3473 σφαῖρα
3806 3398 3882 3452 καὶ

2215 3489 2320 3544 πᾶς
2378 3482 2578 3544 κύκλος
2640 3480 2805 3556 λόγον
2869 3477 2985 3557 ἔχει
3023 3481 3160 3556 πρὸς
3191 3481 3288 3550 τήν
3321 3481 3525 3537 οἰκείαν
3593 3481 3882 3559 διάμετρον

2216 3573 2290 3634 ὡς
2318 3570 2544 3647 ἔγγισαα
2575 3565 3166 3648 τριπλασιεφὲϐδομον,
3198 3568 3366 3647 ἤγουν
3422 3571 3486 3625 τὸ
3549 3572 3877 3648 τριπλάσιον

2214 3664 2311 3730 τῆς
2369 3658 2660 3734 διαμέτρου
2719 3659 2810 3714 καὶ
2861 3660 2926 3714 τὸ
2983 3655 3221 3732 ἕϐδομον
3276 3663 3375 3728 τῆς
3429 3657 3767 3737 διαμέτρου,
3813 3667 3878 3736 μὴ

2215 3751 2331 3805 κατ’
2388 3744 2687 3822 ἀκρίϐειαν⁸
2725 3747 2870 3803 ἔσται
2929 3749 3022 3822 μὶν
3057 3751 3092 3818 ἡ
3125 3748 3184 3802 ἐκ
3220 3752 3318 3802 τοῦ
3373 3747 3610 3823 κέντρου
3679 3757 3877 3828 μοιρῶν

2217 3841 2351 3894 ἒπτά
2405 3838 2496 3893 καὶ
2550 3839 2890 3908 πεντήκοντα
2948 3836 3081 3910 μετά
3134 3858 3282 3899 τινος
3337 3837 3539 3912 μορίου
3600 3841 3878 3915 μοίραςεῆ

2217 3926 2274 3983 δὲ
2332 3926 2622 4001 διάμετρος
2678 3926 2978 3983 διπλασίων
3037 3924 3167 3981 οὖσα
3223 3933 3324 3995 τῆς
3384 3926 3443 3982 ἐκ
3491 3932 3600 3982 τοῦ
3661 3931 3879 4005 κέντρον

2219 4023 2426 4094 μοιρῶν
2489 4019 2758 4090 τεσσάρων
2818 4017 2908 4071 καὶ
2966 4013 3094 4071 δὲκα
3179 4017 3315 4092 πρὸς
3373 4017 3568 4072 ἑκατὸν
3634 4020 3707 4074 οὐ
3779 4023 3881 4075 κατ’

2215 4102 2508 4182 ἀκρίϐειαν.

453 4193 531 4248 sit
581 4193 740 4250 illius
790 4194 1162 4270 [1ἰοοιε]ᾳυω
1208 4216 1277 4256 ex
1320 4206 1518 4256 centro
1575 4201 1878 4271 [ducitur],
1911 4205 2146 4255 centum
2203 4203 2260 4253 et
2316 4195 2717 4270 quatordecim
2774 4194 3034 4267 partium
3064 4193 3216 4266 [erit]
3269 4195 3655 4254 accuratione
3716 4216 3875 4272 sepo-

455 4283 587 4339 sita.

523 4375 613 4428 27.
653 4373 824 4430 Porro
855 4377 1092 4446 sphaerae
1123 4395 1250 4448 qua)
1292 4379 1496 4450 prima;
1525 4383 1583 4434 et
1630 4395 1827 4434 revera
1856 4380 2110 4433 inerran-

455 4461 499 4516 ti
531 4461 588 4516 in
618 4463 926 4520 adversum
953 4471 1275 4538 vertuntur,
1295 4468 1364 4522 ad
1399 4467 1756 4522 contrarium
1786 4467 2106 4538 impulsum

455 4549 777 4607 celerrima:
818 4552 990 4608 istius
1022 4556 1444 4622 conversionis,
1479 4561 1537 4609 et
1583 4561 1758 4610 tanta:
1787 4555 2108 4610 velocitatis

453 4639 514 4695 in
546 4657 719 4696 cursu
775 4643 1201 4712 repressionem
1260 4645 1424 4700 facta)
1475 4661 1602 4700 esse
1650 4645 1927 4699 dicuntur
1982 4661 1993 4698 :
2045 4647 2109 4696 ut

447 4728 585 4784 hinc
619 4732 868 4786 naturali
924 4733 1102 4787 etiam
1139 4734 1362 4788 ratione
1410 4735 1746 4788 universum
1783 4751 1816 4787 a
1848 4733 2108 4804 sapiente

449 4820 712 4874 omnium
749 4837 942 4876 rerum
970 4827 1027 4876 et
1057 4822 1244 4893 ipsius
1274 4828 1492 4877 naturae
1516 4822 1819 4876 conditore
1851 4821 2108 4875 contine-

2287 4374 2384 4442 κζ’.
2440 4373 2506 4426 Αἱ
2566 4372 2612 4426 δ’
2668 4371 3081 4449 ἆντιφερόμεναι
3139 4376 3356 4448 σφαῖραι
3407 4371 3480 4447 τῇ
3543 4375 3754 4449 πρώτῃ
3800 4373 3873 4429 καὶ

2218 4457 2390 4523 ὅντως
2443 4461 2672 4516 ἀπλανεῖ
2726 4463 2862 4536 πρὸς
2918 4460 3221 4528 ἆντώθησιν
3283 4457 3543 4535 λὲγονται
3606 4464 3870 4540 γεγονέναι

2215 4558 2316 4619 τῆς
2376 4550 2632 4622 ὀξυτάτης
2692 4556 2859 4626 φορᾶς
2920 4548 3153 4618 ἐκείνης,
3181 4548 3270 4603 καὶ
3326 4556 3425 4618 τῆς
3469 4548 3560 4603 ἐπὶ
3621 4559 3869 4608 τοσοῦτον

2215 4637 2594 4714 ταχυδρομῖας
2659 4636 2986 4710 ἀναστολὴν,
3042 4636 3116 4691 ’ἶν’
3174 4637 3409 4692 ἐντεῦθεν
3489 4640 3589 4694 καὶ
3675 4646 3871 4721 φυσικῷ

2217 4724 2369 4804 λόγῳ
2427 4729 2490 4782 τὸ
2546 4733 2651 4781 πᾶν
2715 4726 3008 4801 συνέχηται
3077 4726 3223 4802 παρὰ
3275 4731 3374 4780 τοῦ
3439 4733 3620 4806 σοφοῦ
3671 4734 3868 4786 πάντων

2215 4822 2322 4872 τῶν
2383 4812 2552 4870 ὄντων
2611 4817 2699 4870 καὶ
2761 4815 2926 4885 αὐτῆς
2981 4822 3082 4885 τῆς
3141 4815 3350 4893 φύσεως
3382 4812 3769 4895 δημιουργοῦ,
3796 4820 3870 4875 καὶ

450 4912 632 4978 retur,
663 4926 766 4964 nec
799 4916 1032 4982 propter
1070 4928 1366 4966 summam
1399 4917 1593 4966 motus
1627 4910 1981 4965 celeritatem
2012 4910 2103 4962 di-

2226 4908 2292 4979 μὴ
2355 4903 2443 4960 διὰ
2497 4907 2596 4974 τὴν
2657 4901 2820 4980 ἄκραν
2873 4903 3213 4977 ὀξυκινησίαν
3265 4905 3588 4982 παρασυρῇ,
3629 4916 3738 4978 τῆς
3793 4910 3867 4964 ἆν-

448 4998 850 5067 straberetur;
903 5005 1065 5055 motu
1115 5001 1442 5071 [nimirum]
1494 5000 1593 5072 qui
1628 5001 1685 5054 iu
1743 4999 2102 5054 contrarium

450 5085 658 5140 nititur
689 5087 1017 5152 resistente,
1050 5094 1106 5144 et
1153 5090 1408 5160 impetus
1458 5089 1886 5144 vehementiam
1919 5088 2096 5145 susti-

449 5178 643 5229 nente.

516 5264 607 5318 28.
641 5264 780 5334 Ejus
827 5264 1008 5336 igitur
1055 5266 1295 5337 sphaerae
1333 5284 1464 5338 quae
1505 5267 1678 5323 astris
1717 5267 1962 5338 praedita
1989 5271 2098 5331 est,

445 5356 503 5407 et
533 5353 813 5417 cernitur,
848 5370 978 5424 quae
1028 5355 1213 5424 primo
1263 5361 1319 5410 et
1351 5357 1573 5410 fortiter
1621 5358 1766 5412 297
1825 5355 1968 5410 coelo
1996 5356 2099 5410 ob-

443 5441 707 5508 vertitur,
725 5459 970 5514 quaeque
989 5443 1254 5498 inerrans
1270 5446 1823 5515 putaturetdicitur,
1845 5463 1977 5500 cum
2005 5449 2101 5498 Zo-

440 5530 676 5588 diacum
700 5548 804 5605 per
826 5531 1080 5602 seipsam
1103 5530 1337 5602 oblique
1373 5533 1721 5604 projectum,
1753 5534 1929 5606 inque
1953 5533 2100 5589 duo-

515 5749 564 5789 “
592 5748 755 5810 Eucl.
784 5747 891 5810 lib.
923 5765 1002 5820 ιν,
1033 5746 1238 5809 Theor.
1266 5748 1355 5807 15.

2212 4994 2474 5070 τιρῥὸπου
2541 4997 2806 5064 κινήσεως
2880 4990 3291 5068 ἀντερειδούσης
3350 4995 3442 5049 καὶ
3530 4995 3868 5074 ἀντεχούσης

2207 5085 2345 5157 πρὸς
2372 5085 2435 5139 τὸ
2461 5090 2559 5152 τῆς
2595 5083 2775 5160 ῥύμης
2811 5079 3198 5161 σφοδρότατον.

2279 5264 2384 5332 κη’.
2416 5267 2525 5331 Τῆς
2579 5259 2759 5316 τοίνυν
2819 5261 3074 5335 ἐνάστρου
3135 5259 3364 5338 σφαίρας
3420 5261 3514 5317 καὶ
3580 5264 3862 5340 ὁρωμένη(

2207 5355 2308 5422 τῆς
2340 5355 2572 5427 πρώτως
2603 5350 2692 5405 καὶ
2726 5351 2966 5426 ἰσχυρῶς
3024 5348 3461 5427 ἀντιφερομὲνης
3518 5357 3606 5425 τῷ
3666 5354 3862 5428 οὖρανῷ

2209 5440 2297 5494 καὶ
2331 5440 2603 5501 ἀπλανοῦς
2638 5437 2903 5508 δοκούσης
2940 5437 3030 5492 καὶ
3086 5437 3391 5514 λεγομένης
3449 5441 3542 5494 τὸν
3605 5440 3860 5498 Ζωδιακὸν

2211 5529 2446 5604 ἐχούσης
2506 5523 2846 5604 βεϐλημένον
2911 5525 3115 5598 ταύτης
3173 5525 3336 5600 μέσον
3395 5525 3602 5604 λοξῶς,
3658 5532 3736 5594 εἰς
3787 5528 3860 5584 ἴσα
