4024 6452
227 456 383 521 1848
1541 459 1884 526 ΕΡΙΤΟΜΕ

1999 459 2296 524 HYSIGA.
3465 453 3625 516 1246

223 610 284 646 τε
331 584 650 645 δυοκαίδεκα
692 589 957 663 τμήματα
1005 586 1351 667 διῃρημένον,
1406 593 1458 647 οἱ
1518 598 1624 647 τῶν
1674 593 1867 666 ἀστρο-

1999 594 2170 650 iecim
2202 593 2446 666 aequalia
2489 595 2789 665 segmenta
2847 589 3122 658 divisum,
3179 589 3393 646 habeat
3423 604 3437 644 ε
3472 587 3623 645 anti-

229 677 412 752 λόγων
450 678 796 755 ἀρχαιότεροι
849 681 916 733 τὰ
959 685 1182 734 τοιαῦτα
1231 679 1547 736 δυοκαίδεκα
1609 683 1872 755 τμήματα

227 767 317 823 καὶ
381 765 548 836 ζώδια
592 767 904 838 καλούμενα
953 769 1014 822 οὑ
1058 775 1157 837 τῆς
1205 770 1368 838 αὐτῆς
1420 771 1507 825 καὶ
1586 777 1711 842 μιᾶς
1779 771 1872 825 ὑπ-

233 851 428 912 έλαϐον
477 856 615 910 εἶναι
663 856 924 932 κράσεως,
955 855 1100 911 ἀλλὰ
1142 855 1378 934 διαφέρει
1430 857 1692 928 ἀλλήλων
1741 857 1876 914 κατά

229 966 289 1000 τε
346 944 656 1020 θερμότητα
725 945 816 998 καὶ
887 945 1230 1020 ψυχρότητα,
1281 947 1415 1002 κατά
1487 969 1546 1001 τε
1603 948 1875 1024 ξηρότητα

231 1033 321 1087 καὶ
357 1033 642 1109 ὑγρότητα.

303 1124 400 1179 κθ.
447 1124 620 1178 Τοῦτο
671 1119 728 1176 δὲ
776 1123 870 1176 κάν
933 1128 1048 1185 τοῖς
1099 1121 1340 1194 πλάνησι
1386 1127 1734 1195 πεποιήκασι’
1785 1125 1874 1179 καὶ

230 1211 379 1272 τινας
440 1211 532 1282 μὲν
588 1211 762 1265 αὐτῶν
819 1213 1053 1287 θερμοὺς
1114 1213 1267 1280 εἶναι,
1307 1214 1456 1275 τινας
1515 1211 1572 1268 δὲ
1628 1214 1874 1290 ψυχροὺς

232 1301 321 1354 καὶ
376 1301 524 1360 τινας
580 1299 672 1371 μὲν
726 1299 947 1376 ξηροὺς,
976 1302 1124 1361 τινας
1173 1299 1228 1355 δὲ
1279 1302 1470 1376 ὑγροὺς
1515 1302 1873 1379 ἀπεφήναντοο

231 1388 321 1443 καὶ
368 1387 572 1449 ἄλλους
621 1386 805 1443 ἄλλων
853 1391 1212 1465 θερμοτέρους
1260 1393 1548 1466 τυγχάνειν
1586 1394 1620 1461 ἢ
1673 1395 1878 1467 ψυχρο-

231 1476 421 1552 τέρους
451 1477 539 1530 καὶ
572 1479 893 1553 ξηροτέρους
925 1479 959 1546 ἢ
991 1478 1332 1554 ὑγροτέρους.

309 1565 374 1622 λ’.
408 1570 532 1626 Τοῖς
590 1563 680 1619 οὖν
733 1566 867 1620 έπτὰ
913 1567 1184 1636 πλάνησιν
1239 1568 1313 1630 εἰς
1363 1567 1546 1630 οἷ’κους
1573 1569 1640 1623 τὰ
1670 1566 1880 1624 δώδεκα

238 1651 407 1722 ζώδια
469 1652 823 1726 διενείμαντο,
873 1662 993 1717 ταῖς
1059 1655 1233 1710 αὐτῶν
1299 1654 1533 1726 ἰδιότησι
1604 1656 1880 1728 καταλλή-

238 1741 367 1803 λους
397 1743 521 1804 τοὺς
553 1741 733 1806 οἷ’κους
779 1743 1014 1816 θέμενοι.
1047 1746 1140 1799 Διὸ
1169 1750 1248 1816 τῷ
1282 1746 1374 1818 μὲν
1424 1745 1574 1818 ἡλίῳ
1623 1748 1709 1800 οἷα
1757 1748 1876 1821 θερ-

241 1832 461 1904 μοτάτῳ
509 1828 802 1886 δεδώκασιν
854 1832 1002 1887 οἶκον
1043 1835 1132 1887 τὸν
1185 1834 1390 1889 Λέοντα
1433 1836 1494 1889 τὸ
1543 1842 1666 1910 παρ’
1695 1835 1880 1897 αὐτοῖς

1980 685 2209 756 quiores
2267 702 2334 738 ex
2390 683 2698 755 astrologis
2756 682 3089 738 istiusmodi
3147 685 3452 752 segmenta
3498 697 3622 750 quaa

1983 772 2156 826 etiam
2191 773 2358 844 signa
2389 777 2686 837 vocantur,
2723 789 2835 825 non
2871 771 3045 825 unius
3076 774 3132 824 et
3187 769 3451 840 ejusdem
3483 774 3626 822 tem-

1984 861 2302 932 peramenti
2336 878 2462 916 esse
2496 865 2866 932 putaverunt,
2900 862 2999 915 sed
3033 876 3065 912 a
3095 875 3156 913 se
3210 857 3454 912 invicem
3488 875 3622 912 cum

1982 953 2169 1019 quoad
2191 951 2546 1006 caliditatem
2580 955 2633 1004 et
2666 949 3200 1020 frigiditatem,tum
3232 947 3422 1018 quoad
3457 945 3622 1002 sicci-

1981 1044 2159 1094 tatem
2195 1045 2249 1093 et
2280 1039 2689 1093 humiditatem
2722 1038 2997 1092 differunt
3023 1038 3086 1091 ⁸ο.

2053 1130 2142 1182 29.
2181 1130 2337 1183 ldem
2371 1145 2504 1183 vero
2528 1128 2703 1183 etiam
2735 1127 2793 1181 in
2830 1126 3076 1197 planetis
3110 1126 3463 1181 fecerunt.Et
3495 1141 3626 1196 par-

1984 1219 2090 1272 tim
2120 1217 2353 1286 quidem
2386 1216 2614 1287 aliquos
2643 1215 2884 1277 calidos.
2920 1214 3147 1285 aliquos
3181 1215 3456 1285 frigidos;
3493 1230 3624 1284 par-

1986 1307 2091 1360 tim
2123 1323 2253 1361 vero
2287 1305 2510 1375 aliquos
2540 1305 2982 1375 siccos,aliquos
3015 1303 3286 1358 humidos
3315 1324 3329 1369 ;
3365 1303 3626 1373 aliosque

1987 1394 2118 1449 aliis
2149 1393 2454 1449 calidiores
2483 1399 2584 1448 aut
2614 1393 2960 1464 frigidiores,
2996 1398 3052 1448 et
3081 1391 3352 1448 sicciores
3384 1397 3486 1446 aut
3515 1391 3625 1446 hu-

1989 1484 2265 1538 midiores
2296 1500 2424 1537 esse
2455 1482 2925 1554 pronuntiarunt.

2058 1574 2146 1627 30.
2181 1573 2334 1627 Inter
2389 1573 2432 1608 δι
2487 1576 2708 1643 septem
2743 1571 2982 1642 proinde
3013 1569 3275 1641 planetas
3317 1567 3628 1623 duodecim

1989 1661 2157 1733 signa
2216 1679 2316 1732 pro
2374 1661 2648 1715 domibus
2688 1659 3130 1729 distribuerunt,
3171 1659 3313 1712 dum
3363 1660 3627 1729 ipsorum

1990 1751 2445 1822 proprietatibus
2502 1748 2908 1804 convenientes
2974 1750 3178 1803 domos
3231 1746 3627 1818 assignarunt.

1990 1842 2352 1911 Quapropter
2407 1839 2515 1894 soli
2574 1839 2808 1908 quidem
2867 1842 3065 1908 utpote
3095 1836 3456 1892 calidissimo
3514 1834 3632 1889 leo-

237 1919 414 1995 κριθὲν
495 1919 820 1995 θερμότατον
912 1918 1124 1989 ζώδιον·
1194 1923 1269 1985 ὡς
1347 1923 1613 1998 ὑγροτάτῃ
1683 1921 1740 1978 δὲ
1812 1928 1879 1997 τῇ

248 2006 411 2030 __‘,’,
472 2007 515 2030 ..δ
605 2014 778 2030 ἶννκκτ
922 2008 1028 2030 νοτ)
1165 2011 1178 2030 ί
1274 2011 1285 2028 Ι
1544 2012 1556 2030 9
1634 2017 1655 2026 -σ
1729 2011 1749 2030 Χ

1999 1945 2124 1983 nem
2155 1945 2258 1999 pro
2293 1931 2458 1998 signo
2489 1927 2901 1993 attribuerunt,
2944 1927 3096 1996 quod
3127 1925 3280 1996 apud
3310 1925 3471 1996 ipsos
3503 1923 3636 1980 cali-

238 2006 438 2080 σελήνῃ
467 2007 554 2061 τὸν
605 2014 867 2084 Καρκῖνον
921 2008 1115 2078 ζώδιον
1160 2011 1447 2086 ὑγρότατον
1500 2012 1680 2073 αὐτοῖς
1729 2011 1883 2086 λογι-

238 2095 446 2160 σθένταο
505 2101 620 2158 τοῖς
684 2094 741 2150 δὲ
799 2098 1018 2160 λοιποῖς
1089 2098 1356 2169 πλάνησιν
1413 2101 1510 2154 ἀνὰ
1567 2099 1660 2155 δύο
1719 2098 1886 2169 ζώδια

239 2180 532 2239 δεδώκασιν
567 2181 748 2246 οἷ’κους
797 2191 915 2246 ταῖς
960 2186 1132 2241 αὐτῶν
1185 2185 1448 2259 ἰδιότησιν
1500 2189 1573 2251 ὡς
1620 2189 1882 2245 ὑπέλανον

238 2276 550 2349 προσφνῶς·
605 2272 750 2328 ἀλλά
797 2270 865 2342 δὴ
914 2275 1003 2329 καὶ
1053 2277 1320 2349 ὑψώματα
1367 2278 1456 2332 καὶ
1501 2280 1886 2352 ταπεινώματα

239 2361 326 2415 καὶ
386 2361 761 2435 ἐναντιώματα
812 2364 1168 2440 προσεξεῦρον
1228 2372 1355 2420 πᾶσι
1417 2372 1532 2428 τοῖς
1592 2366 1882 2437 πλάνησιν.

238 2451 395 2524 Ἔχει
435 2449 614 2504 τοίνυν
665 2452 782 2505 κατ’
828 2451 1074 2513 αὐτοὺςὸ
1107 2451 1269 2521 ἥλιος
1321 2454 1467 2508 οἶκον
1515 2454 1606 2509 τὸν
1657 2455 1882 2527 Λέοντα,

238 2539 300 2593 τὸ
352 2538 682 2614 θερμότατον
742 2537 936 2608 ζώδιον
989 2542 1017 2594 6
1071 2542 1425 2615 θερμότατος.
1481 2545 1632 2597 Ὅθεν
1687 2545 1777 2598 καὶ
1823 2545 1887 2599 τὸ

239 2631 484 2683 τοιοῦτον
571 2627 946 2704 ὑπερχόμενος
1018 2627 1233 2701 ζώδιον,
1295 2629 1438 2703 αὔξει
1512 2634 1610 2701 τήν
1685 2631 1885 2687 οἰκείαν

240 2712 566 2792 θερμότητα’
623 2717 712 2771 καὶ
765 2717 912 2779 οἶκος
978 2719 1072 2790 μὲν
1122 2717 1288 2789 ἡλίου
1319 2721 1347 2774 6
1388 2720 1558 2775 Λέων·
1610 2720 1810 2794 ὕψωμα
1859 2723 1886 2776 6

239 2803 422 2880 Κριός.
473 2805 791 2879 ταπείνωμα
838 2808 866 2860 6
914 2807 1106 2881 Ζυγός·
1143 2807 1450 2881 ἐναντίωμα
1500 2811 1527 2862 6
1568 2807 1882 2885 Ὑδροχόος.

242 2895 477 2966 ’Ὑψωμα
525 2895 618 2966 μὲν
668 2896 696 2949 6
728 2895 911 2970 Κριὸς,
946 2895 1164 2972 ἐπείπερ
1197 2896 1321 2951 ὅταν
1370 2899 1397 2951 6
1445 2896 1606 2966 ἥλιος
1661 2900 1723 2953 τὸ
1785 2900 1887 2954 ὑπὸ

237 2983 328 3036 τὸν
379 2981 538 3057 Κριὸν
593 2984 829 3058 ἄρχηται
877 2991 1078 3057 τμῆμα
1143 2983 1472 3061 διέρχεσθαι,
1523 2985 1745 3061 ἄρχεται
1795 2988 1886 3043 καὶ

244 3071 502 3143 ὑψοῦσθαι
565 3076 682 3132 τοῖς
753 3071 1118 3144 ὑψηλοτέροις
1188 3079 1286 3128 τοῦ
1359 3076 1567 3148 κόσμου
1648 3077 1884 3152 μέρεσιν,

242 3155 408 3234 ἤγουν
475 3165 592 3222 τοῖς
675 3160 1060 3236 βορειοτέροις,
1108 3162 1166 3217 ἐκ
1216 3167 1324 3218 τῶν
1387 3165 1720 3241 νοτιωτέρων
1797 3168 1886 3221 καὶ

242 3251 629 3324 ταπεινοτέρων
687 3246 993 3322 ἐπιδημῶν.
1041 3253 1147 3320 Τὴν
1198 3253 1412 3327 ἐαρινὴν
1463 3251 1553 3307 οὖν
1606 3254 1885 3317 ἐκτελέσας

1995 2017 2308 2072 dissimum
2341 2016 2574 2087 signum
2595 2016 2924 2086 judicatum
2949 2015 3260 2069 fuit.Lunaa
3282 2029 3414 2068 vero
3445 2017 3512 2068 ut
3533 2012 3636 2066 hu-

1997 2105 2829 2174 midissimze,Cancrum,quod
2847 2104 2915 2158 ab
2931 2103 3074 2174 ipsis
3097 2119 3198 2174 pro
3219 2101 3634 2157 humidiseimo

1995 2195 2162 2266 signo
2194 2199 2529 2266 reputatum
2565 2193 2709 2255 fuit;
2753 2197 2814 2247 at
2843 2191 3062 2247 ca’teris
3093 2190 3342 2263 planetis
3371 2190 3486 2246 duo
3517 2188 3634 2260 sig-

1995 2300 2070 2339 na
2099 2300 2203 2354 pro
2233 2282 2506 2337 domibus
2563 2282 2956 2352 assignarunt,
3015 2297 3142 2352 quae
3181 2296 3312 2335 cum
3371 2279 3634 2350 ipsorum

1997 2372 2448 2444 proprietatibus
2477 2369 2867 2441 cognitionem
2901 2369 3115 2424 habere
3155 2367 3416 2423 arbitrati
3449 2370 3588 2422 sunt
3621 2383 3634 2421 :

1997 2462 2095 2516 sed
2129 2461 2226 2531 qui
2266 2461 2439 2514 etiam
2472 2459 2850 2514 exaltationes
2881 2457 3033 2514 298
3069 2461 3126 2511 et
3155 2456 3568 2526 dejeetationes
3595 2455 3642 2490 3°

1995 2554 2052 2603 et
2104 2549 2485 2603 adversitates
2541 2547 2817 2601 omnibus
2887 2546 3136 2617 planetis
3192 2545 3635 2600 adinvenerunt.

1997 2638 2182 2700 Quare
2214 2638 2533 2692 secundum
2570 2636 2698 2690 illos
2731 2635 2817 2689 sol
2857 2635 2916 2689 in
2949 2636 3135 2689 Leone
3166 2635 3407 2689 domum
3440 2632 3636 2700 habet,

1996 2725 2393 2781 calidissimus
2427 2725 2730 2796 [nimirum
2765 2722 3015 2794 planeta]
3064 2723 3123 2776 in
3156 2723 3322 2793 signo
3351 2721 3640 2777 calidissi-

1997 2831 2111 2868 mo.
2148 2813 2271 2877 Qua
2328 2812 2503 2867 etiam
2550 2813 2622 2867 de
2655 2828 2832 2866 causa
2885 2828 3020 2866 cum
3052 2811 3159 2866 hoc
3192 2810 3425 2882 signum
3459 2810 3639 2876 subit,

1997 2903 2298 2975 proprium
2357 2901 2605 2956 calorem
2657 2900 2924 2955 intendit.
2983 2901 3048 2954 Et
3077 2905 3166 2954 est
3222 2899 3363 2954 solis
3404 2899 3640 2968 quidem

1997 2991 2209 3047 domus
2240 2991 2388 3058 Leo;
2423 2989 2714 3055 exultatio,
2750 2989 2953 3055 Aries;
3000 2988 3266 3058 dejectio,
3301 2986 3510 3053 Libra;
3545 2987 3642 3041 ad-

1996 3081 2260 3146 versitas,
2295 3079 2601 3150 Aquarius.
2636 3077 2922 3133 Exaltatio
2954 3078 3190 3148 quidem
3224 3076 3422 3144 Aries;
3456 3091 3635 3146 quan-

1997 3169 2308 3239 doquidem
2340 3185 2471 3223 cum
2505 3166 2591 3222 sol
2621 3167 2678 3221 id
2711 3171 3078 3238 segmentum
3113 3165 3263 3236 quod
3298 3165 3408 3220 sub
3444 3164 3638 3219 Ariete

1997 3262 2109 3326 est,
2142 3274 2486 3328 peragrasse
2517 3255 2743 3327 incipit,
2776 3260 2901 3311 tum
2933 3255 3110 3310 etiam
3143 3253 3381 3310 exaltari
3410 3253 3633 3323 incipit:

243 3335 551 3412 ἰσημερίαν,
583 3336 678 3399 τὰς
737 3339 949 3415 ἡμέρας
1012 3339 1226 3412 μείζους
1285 3348 1448 3396 ποιεῖ·
1509 3343 1884 3416 ταπείνωμαὸ

1999 3351 2064 3402 ut
2090 3347 2186 3418 qui
2217 3347 2287 3401 ad
2323 3346 2558 3401 altiores
2590 3345 2792 3399 mundi
2827 3348 3042 3416 partes,
3073 3343 3341 3398 videlicet
3372 3342 3442 3397 ad
3473 3341 3638 3396 bore-

240 3425 430 3500 Ζυγὸς,
477 3423 560 3480 ὅτι
619 3426 680 3480 τὸ
745 3427 848 3482 ὑπὸ
899 3429 990 3482 τὸν
1045 3430 1214 3503 Ζυγὸν
1272 3430 1580 3506 ἀρχόμενος
1639 3433 1665 3486 ὁ
1723 3432 1885 3501 ἥλιος

239 3521 436 3588 τμῆμα
515 3511 845 3591 διέρχεσθαι,
896 3523 1265 3591 ταπεινοῦται,
1327 3525 1442 3582 τοῖς
1511 3521 1721 3594 κόσμου
1794 3543 1887 3576 τα-

241 3604 575 3678 πεινοτέροις
630 3605 866 3680 μέρεσιν,
913 3603 1080 3682 ἤγουν
1126 3607 1222 3669 τὰς
1251 3609 1614 3685 νοτιωτέροις,
1646 3607 1884 3680 πλησιά-

245 3695 370 3762 ζων,
434 3691 525 3746 καὶ
607 3693 706 3760 τήν
791 3695 1193 3770 φθινοπωρινὴν
1282 3700 1516 3767 ποιήσας
1601 3698 1883 3774 ἰσημερίαν

243 3779 500 3842 ἐλάττους
598 3781 878 3855 ἐργάζεται
964 3784 1060 3845 τὰς
1151 3785 1382 3860 ἡμέρας
1472 3786 1777 3860 ἐναντίωμα
1857 3789 1886 3842 6

237 3866 552 3944 Ὑδροχόος,
585 3870 666 3924 ὅτι
699 3873 1160 3947 χειμερινώτατον
1211 3875 1274 3928 τὸ
1307 3873 1500 3943 ζώδιον
1533 3876 1622 3930 καὶ
1672 3876 1882 3952 ψυχρό-

238 3978 420 4029 τατον,
451 3958 540 4012 καὶ
598 3958 885 4014 ἀντίκειται
941 3965 1022 4032 τῷ
1078 3964 1395 4037 θερμοτάτῳ
1450 3963 1614 4036 ἡλίῳ·
1663 3966 1751 4019 καὶ
1807 3970 1887 4037 τῷ

242 4047 431 4103 Λέοντι
491 4044 548 4102 δέ
603 4052 682 4118 τῷ
737 4053 832 4103 τοῦ
889 4047 1056 4118 ἡλίου
1114 4049 1251 4124 οἷ’κῳ
1310 4053 1399 4106 καὶ
1429 4054 1564 4108 κατὰ
1618 4053 1887 4124 ποιότητα

240 4136 330 4190 καὶ
358 4138 494 4191 κατὰ
518 4136 682 4192 τόπον
714 4137 1000 4192 ἀντίκειται
1029 4139 1166 4195 κατὰ
1195 4138 1481 4218 διάμετρον
1519 4141 1612 4198 ὤν.

1999 3436 2232 3502 aliores,
2263 3452 2329 3490 ex
2359 3433 2808 3490 australioribus
2863 3439 2919 3488 et
2947 3431 3360 3488 humilioribus
3382 3431 3638 3497 accedat,

1996 3525 2168 3580 Proin
2201 3523 2418 3579 vernali
2475 3522 2820 3594 aequinoctio
2853 3527 3104 3594 perlecto
3137 3522 3391 3591 majores
3432 3518 3637 3591 [longi-

1996 3630 2125 3669 ores
2157 3614 2303 3682 [dies
2342 3613 2537 3668 efficit.
2574 3611 2840 3682 Dejectio,
2905 3611 3078 3666 Libra
3109 3628 3122 3678 ;
3155 3611 3305 3680 quod
3364 3607 3447 3664 sol
3493 3607 3635 3662 illud

1997 3707 2365 3773 segmentum
2396 3701 2548 3771 quod
2582 3701 2691 3755 sub
2725 3699 2896 3754 Libra
2953 3705 3040 3755 est
3086 3715 3382 3770 permeare
3425 3695 3637 3767 incipi-

1996 3807 2122 3858 ens,
2154 3789 2460 3859 dejiciatur
2486 3787 2896 3858 [humilietur],
2945 3793 3011 3842 ut
3039 3788 3192 3858 quod
3227 3785 3639 3857 dejectioribus

1996 3878 2454 3952 [humilioribus]
2504 3877 2707 3930 mundi
2766 3877 3034 3946 partibus
3071 3874 3518 3931 australioribus
3551 3873 3638 3927 ni-

1997 3968 2211 4022 mirum
2245 3965 2687 4037 appropinquet,
2745 3970 2802 4020 et
2850 3964 3174 4020 autumnali
3208 3968 3438 4035 peracto
3469 3961 3640 4033 aequi-

1996 4057 2208 4124 noctio,
2244 4055 2500 4109 minores
2531 4055 2867 4125 [breviores]
2917 4054 3041 4109 dies
3098 4053 3385 4109 conficiat.
3426 4053 3637 4106 Adver-

1995 4145 2160 4211 sitas,
2212 4143 2502 4214 Aquarius
2535 4159 2546 4199 :
2583 4143 2736 4213 quod
2770 4143 3006 4214 signum
3040 4142 3118 4198 sit
3166 4141 3420 4197 maxime
3446 4141 3640 4195 hiber-

245 4243 389 4282 num
420 4231 476 4282 et
504 4231 561 4282 et
591 4227 1062 4300 frigidissimum,
1095 4236 1154 4286 et
1197 4230 1553 4288 calidissimo
1584 4232 1692 4289 soli
1722 4238 2068 4305 opponatur.
2102 4233 2211 4288 Sed
2243 4237 2297 4288 et
2353 4232 2527 4287 Leoni
2559 4231 2699 4287 solis
2731 4231 2929 4286 domui
2962 4248 3095 4286 cum
3144 4231 3462 4285 secundum
3494 4245 3638 4298 qua-

245 4313 472 4370 litatem
503 4319 630 4371 tum
662 4318 984 4373 secundum
1015 4318 1208 4374 locum
1241 4321 1570 4392 opponitur,
1602 4338 1736 4377 cum
1763 4323 1941 4379 distet
1969 4341 2073 4397 per
2100 4323 2472 4377 diametrum.

316 4401 417 4458 λα’.
449 4409 542 4458 Ἐκ
570 4403 772 4459 τούτων
807 4402 976 4474 δῆλον
1012 4403 1102 4460 διὰ
1131 4406 1181 4461 τί
1211 4407 1306 4462 κάν
1335 4413 1450 4470 τοῖς
1499 4405 1694 4471 ἄλλοις
1741 4408 1890 4464 πλά-

243 4512 396 4562 νησιν
469 4491 610 4548 οἶκοι
687 4493 778 4548 καὶ
841 4493 1110 4568 ὑψώματα
1180 4495 1269 4550 καὶ
1342 4498 1728 4570 ταπεινώματα
1799 4498 1889 4552 καὶ

244 4579 616 4650 ἐναντιώματα
665 4580 932 4658 λέγονται.
984 4583 1138 4640 Οἶκοι
1212 4585 1304 4658 μὲν
1370 4585 1472 4660 γὰρ
1520 4583 1609 4640 διὰ
1653 4587 1752 4654 τήν
1807 4587 1888 4640 οἱ-

243 4669 499 4740 κειότητα
523 4670 612 4724 καὶ
640 4671 704 4725 τὸ
733 4673 1004 4749 προσφυὲς
1051 4672 1141 4727 καὶ
1190 4672 1566 4744 κατάλληλον·
1601 4676 1887 4749 ὑψώματα,

246 4755 386 4813 διότι
435 4757 668 4813 ἐντεῦθεν
721 4761 774 4814 οἱ
820 4758 1093 4830 πλάνητες
1160 4760 1421 4838 ἄρχονται
1485 4763 1622 4840 πρὸς
1670 4764 1737 4818 τὰ
1787 4764 1890 4818 ὑπὸ

2071 4414 2159 4466 31.
2196 4417 2272 4464 Ex
2302 4410 2396 4465 his
2428 4409 2802 4464 manifestum
2859 4409 3010 4465 299
3068 4412 3177 4476 est,
3220 4424 3324 4462 cur
3367 4405 3540 4461 etiam
3571 4403 3642 4458 de

2001 4499 2130 4556 aliis
2162 4499 2410 4572 planetis
2441 4499 2651 4552 domus
2680 4502 2738 4552 et
2787 4497 3164 4553 exaltationes
3196 4499 3253 4551 et
3293 4494 3642 4566 dejectiones

2000 4593 2056 4644 et
2113 4587 2490 4643 adversitates
2521 4586 2811 4649 dicantur,
2847 4591 3062 4640 Domus
3119 4583 3352 4654 quidem
3407 4586 3643 4653 propter

2000 4678 2345 4732 afﬁnitatem
2381 4680 2436 4729 et
2475 4674 2864 4745 cognitionem
2896 4690 2962 4729 ac
3013 4671 3496 4728 convenientiam.
3531 4671 3640 4725 Ex-

2001 4765 2330 4829 altationes,
2361 4764 2511 4833 quod
2549 4762 2680 4817 hinc
2713 4761 2955 4834 planetae
3014 4761 3304 4833 incipiunt
3341 4761 3412 4814 ad
3445 4761 3642 4814 borea-

241 4847 335 4902 τὸν
397 4845 658 4916 ζωδιακὸν
738 4849 1052 4924 βορειότερα
1108 4851 1345 4925 γίνεσθαι
1405 4853 1467 4906 τὸ
1527 4854 1685 4924 μέσον
1728 4852 1884 4908 αὐτοῦ

2000 4853 2173 4909 liores
2204 4854 2314 4908 sub
2347 4851 2580 4907 zodiaco
2614 4855 2807 4922 partes
2837 4850 3048 4913 venire,
3104 4851 3244 4904 dum
3302 4848 3490 4921 ipsius
3521 4863 3642 4902 me-

245 4931 695 5012 παραμείϐοντες·
768 4938 1174 5011 ταπεινώματα,
1237 4937 1374 4995 διότι
1454 4941 1590 5016 πρὸς
1664 4941 1726 4995 τὸ
1797 4945 1894 4996 τοῦ

246 5021 522 5080 Ζωδιακοῦ
587 5020 766 5080 νότιον
848 5022 993 5081 ἔνθεν
1061 5028 1320 5104 ἄρχονται
1389 5029 1762 5108 ὑποφέρεσθαι,
1831 5031 1894 5084 τὸ

242 5118 342 5169 τοῦ
417 5111 686 5182 ζωδιακοῦ
731 5115 891 5188 μέσον
977 5116 1066 5170 καὶ
1145 5117 1294 5180 αὖθις
1383 5117 1892 5188 ὑπεξαλλάττοντες·

246 5202 642 5276 ἐναντιώματα,
678 5201 816 5259 διότι
845 5211 947 5274 τῆς
1003 5209 1111 5260 τῶν
1155 5207 1390 5282 ἀστέρων
1436 5204 1708 5277 ἰδιότητος
1754 5207 1897 5262 ἀντί-

245 5293 386 5346 θεσιν
446 5292 593 5370 φέρει
638 5292 700 5346 τὸ
750 5292 1056 5367 ἐναντίωμα
1100 5301 1200 5364 τῆς
1256 5295 1554 5371 ξηρότητος
1604 5297 1665 5350 τὸ
1714 5295 1894 5372 ὑγρόν·

243 5383 342 5450 τῆς
389 5380 726 5458 θερμότητος
771 5381 834 5436 τὸ
884 5382 1117 5458 ψυχρόν·
1159 5385 1222 5439 τὸ
1273 5379 1618 5460 ὑπερϐάλλον
1644 5388 1740 5438 τοῦ
1803 5406 1896 5458 με-

243 5469 418 5544 τρίου·
450 5469 538 5525 καὶ
563 5470 627 5526 τὸ
661 5469 877 5548 μέτριον
907 5476 1006 5526 τοῦ
1037 5467 1500 5546 ὑπερϐάλλοντος.

318 5615 363 5650 so
393 5614 565 5687 Apto].
607 5615 715 5687 lib.
753 5631 794 5687 _1
851 5614 923 5670 de
957 5615 1245 5687 ,Judiciis,

2007 4943 2168 4997 dium
2204 4940 2760 5013 praetergrediuntur
2792 4955 2804 4992 :
2834 4939 3206 5010 dejectiones,
3259 4939 3410 5009 quod
3444 4937 3514 4992 ad
3545 4953 3645 4991 au-

2007 5030 2244 5086 stralem
2275 5028 2490 5084 zodiaci
2525 5033 2745 5100 partem
2780 5027 2914 5081 inde
2963 5027 3294 5082 submoveri
3334 5025 3644 5097 incipiunt,

2006 5120 2144 5175 dum
2181 5135 2385 5173 rursus
2416 5117 2603 5188 ipsius
2623 5116 2871 5171 mediam
2901 5121 3121 5187 partem
3146 5116 3371 5171 inferne
3392 5131 3650 5170 commu-

2006 5213 2166 5274 tant;
2201 5206 2599 5270 adversitates,
2631 5204 2765 5276 quia
2795 5204 3097 5260 stellarum
3143 5203 3511 5276 proprietatis
3545 5220 3649 5275 op-

2006 5297 2355 5369 positionem
2387 5295 2562 5349 infert
2591 5295 2912 5349 adversitas
2939 5311 2952 5360 ;
2977 5293 3277 5361 siccitatis,
3310 5293 3647 5361 humidum;

2006 5384 2361 5451 calliditatis,
2395 5382 2674 5454 frigidum
2697 5398 2718 5444 ;
2749 5382 3031 5437 excedens
3072 5382 3357 5438 moderati
3391 5397 3404 5436 :
3437 5385 3494 5437 et
3532 5397 3652 5436 mo-

2007 5475 2273 5530 deratum
2306 5471 2654 5528 excedentis.

1305 5634 1362 5689 p.
1421 5616 1548 5689 383,
1606 5619 1663 5672 et
1714 5616 1842 5689 Jov.

1999 5620 2064 5689 1t.
2099 5615 2138 5672 l.
2171 5634 2236 5689 ui
2268 5617 2339 5672 de
2368 5633 2524 5689 τηου
2559 5633 2613 5688 ρ.
2648 5617 2769 5672 140.
2847 5617 2889 5689 5f
2921 5615 3201 5689 Ptot._lib.
3257 5616 3376 5689 Ide
3403 5612 3649 5671 Judiciis

245 5685 564 5812 φὼθὸῗώει
593 5686 719 5742 Jov.
752 5685 916 5742 Pont.
950 5686 991 5741 l.
1023 5703 1042 5742 ι
1073 5689 1144 5744 de
1174 5685 1333 5757 r.'c.‘,
1365 5688 1544 5760 p.104
1583 5693 1692 5744 etc.
1769 5688 1814 5724 δ’
1844 5687 1989 5745 Ptol.
2020 5688 2123 5744 lib.
2158 5705 2176 5743 1
2207 5688 2280 5745 de
2306 5685 2577 5756 Judiciis,
2610 5692 2668 5744 et
2703 5689 2831 5745 Jov.
2870 5687 3037 5745 Pont.
3071 5687 3178 5801 lib.
3232 5704 3247 5743 ι
3275 5688 3346 5744 de
3374 5703 3423 5742 r.
3454 5702 3528 5758 c.,
3585 5701 3644 5759 p.

280 5757 371 5825 06,
404 5757 527 5813 107.

3978 5205 3981 5272 έ

3977 5277 3981 5338 l
