3988 6410
352 377 511 442 1247
1594 381 1927 447 NICEPHO

2223 380 2508 447 MMIDE
3621 380 3798 448 1248

420 513 617 571 32.801
644 513 887 587 proinde
915 514 1151 588 quidem
1182 515 1416 574 unicam
1448 519 1506 574 et
1530 517 1715 573 solam
1743 517 1985 571 domum

2215 515 2281 590 β’.
2314 520 2367 568 '0
2429 515 2525 588 μὲν
2584 512 2675 570 οὖν
2731 511 2893 585 ἥλιος
2952 514 3100 571 οἷκον
3154 510 3250 570 ἕνα
3302 514 3396 570 καὶ
3446 514 3626 589 μόνον
3660 515 3790 593 ἔχει

351 604 528 660 habet
553 603 615 659 in
646 605 873 673 Leone;
904 604 1049 660 luna
1079 606 1298 672 vero,in
1333 606 1456 663 solo
1486 606 1705 662 Cancro
1738 624 1751 662 :
1785 622 1926 677 quor

2252 604 2471 659 Λέοντα·
2530 605 2623 660 καὶ
2677 608 2712 675 ἡ
2743 602 2944 675 σελήνη
3005 602 3062 660 δὲ
3115 606 3205 660 τὸν
3264 610 3543 681 Καρκῖνον
3591 609 3786 680 μονώ-

350 709 446 749 am
473 692 570 748 ille
597 694 832 764 quidem
859 696 1289 766 supramodum
1315 695 1562 762 calidus,
1613 696 1733 750 haec
1766 711 1869 766 per
1897 711 1925 749 e

2218 713 2281 748 ›ν·
2319 694 2434 749 ἐπεὶ
2486 699 2564 766 τῷ
2618 694 2711 767 μὲν
2790 696 3241 769 ὑπερεκπερισσοῦ
3290 697 3355 750 τὸ
3408 697 3657 772 θερμὸν,
3718 699 3793 767 τῇ

348 797 578 836 cessum
610 782 686 836 sit
716 782 979 849 humida,
1013 788 1080 838 ut
1107 783 1249 839 solis
1278 784 1438 839 hisce
1463 783 1847 855 qualitatibus
1878 785 1912 838 d

2210 784 2327 837 καθ’
2375 779 2685 860 ὑπερϐολήν
2732 783 2795 838 τὸ
2844 784 3029 859 ὑγρὸν,
3080 783 3157 845 ὡς
3202 784 3339 839 κατᾶ
3397 785 3621 847 ταύτας
3678 786 3785 858 μό-

347 869 463 926 ista
488 870 805 927 luminaria
829 871 1220 927 informantur
1260 878 1319 928 et
1348 872 1812 946 distinguantur.

2266 872 2361 932 τὰς
2434 871 2732 942 ποιότητας
2801 871 2929 933 τοὺς
3002 870 3283 934 τοιούτους
3359 870 3782 938 εἶδοποιεῖσθαι

2104 966 2418 1037 φωστῆρας-

412 1066 582 1122 33.At
610 1064 979 1137 planetarum
1011 1067 1342 1124 altissimus
1373 1070 1789 1140 Saturnus,qui
1815 1073 1987 1126 etiam

2207 1067 2282 1140 ιγ’.
2312 1069 2427 1119 Τῶν
2472 1062 2531 1120 δὲ
2576 1065 2870 1135 πλανήτων
2921 1065 2949 1118 ὁ
2999 1063 3339 1143 ὑψηλότερος
3369 1066 3596 1143 Κρόνος
3631 1069 3782 1123 ὁκαὶ

343 1153 767 1227 frigidissimus
794 1160 852 1210 et
879 1156 1024 1212 satis
1051 1155 1243 1212 siccus
1265 1158 1527 1223 est,duas
1559 1159 1735 1214 habet
1764 1160 1918 1215 domi

2210 1153 2449 1229 ερότατος
2497 1153 2587 1208 καὶ
2634 1153 2797 1227 ξηρὸς
2843 1154 3041 1215 ἱκανῶς
3094 1150 3279 1216 οἴκους
3326 1155 3448 1231 ἔχει
3501 1154 3652 1228 δύω,
3686 1158 3785 1212 τὸν

340 1242 759 1314 Capricornum
790 1248 848 1299 et
875 1245 1195 1315 Aquarium
1229 1263 1241 1300 :
1277 1245 1444 1301 illum
1474 1247 1711 1318 quidem
1735 1253 1800 1303 ut
1826 1249 1915 1303 sici

2213 1242 2414 1318 όκερων
2465 1242 2555 1297 καὶ
2599 1243 2691 1297 τὸν
2724 1241 3040 1318 Ὑδροχόον·
3084 1243 3176 1297 τὸν
3228 1244 3320 1315 μὲν
3352 1246 3428 1306 ὡς
3459 1246 3784 1321 ξηρότητος

340 1330 482 1387 tatis
532 1331 899 1404 participem,
956 1333 1113 1388 hunc
1163 1337 1228 1390 ut
1283 1336 1604 1391 maximum
1657 1337 1915 1409 frigidun

2212 1351 2373 1406 οχον,
2400 1330 2492 1385 τὸν
2545 1328 2592 1384 δ’
2639 1331 2716 1393 ὡς
2764 1331 3133 1408 ὑπέρψυχρον·
3167 1329 3373 1404 ὕψωμα
3416 1333 3514 1387 τὸν
3574 1334 3783 1408 Ζυγόν·

339 1419 1008 1489 exaltationem,Libram
1036 1443 1050 1486 ς
1085 1423 1486 1494 dejectionem,
1520 1425 1677 1481 800
1706 1426 1914 1481 Arieter

2207 1419 2415 1493 είνωμα
2482 1420 2574 1474 τὸν
2653 1419 2833 1493 Κριόν·
2914 1419 3286 1493 ἐναντιώματα
3367 1421 3461 1476 τὸν
3565 1422 3782 1478 Λέοντα

341 1508 745 1578 adversitates,
779 1511 1055 1578 Leonem,
1111 1517 1312 1583 utpote
1359 1513 1645 1585 frigidus;
1678 1513 1916 1570 Cancrui

2236 1508 2467 1584 ψυχρός·
2510 1507 2603 1563 τὸν
2668 1513 2926 1584 Καρκῖνον
2974 1509 3062 1563 οἷα
3102 1507 3286 1582 ξηρός.
3341 1510 3399 1562 Ὁ
3447 1509 3587 1571 Ζεὺς
3649 1522 3778 1586 θερ-

341 1601 547 1670 utpote
592 1598 806 1655 siccus.
838 1591 1088 1671 Jupiter,
1122 1616 1257 1655 cum
1302 1602 1545 1657 remisse
1575 1603 1650 1657 sit
1683 1601 1907 1657 calidus

2200 1620 2206 1659 ;
2264 1595 2336 1651 ὢν
2390 1599 2573 1674 ἠρέμα
2627 1598 2717 1652 καὶ
2769 1596 3002 1673 μετρίως
3036 1595 3219 1673 ὑγρὰς,
3251 1594 3436 1660 οἴκους
3484 1596 3615 1674 ἔχει
3679 1600 3775 1653 τὸν

340 1686 708 1743 mediocriter
735 1687 1041 1759 humidus,
1062 1689 1269 1744 domos
1298 1688 1475 1745 habet
1523 1690 1795 1761 Sagittari
1806 1707 1904 1745 um

2206 1687 2332 1756 ότην
2404 1686 2495 1741 καὶ
2573 1685 2702 1748 τοὺς
2760 1685 2993 1762 Ἰχθύας-
3052 1687 3143 1741 τὸν
3227 1687 3341 1758 μὲν,
3400 1687 3481 1749 ὡς
3569 1694 3781 1762 μικρᾶς

341 1774 533 1831 Pisces
562 1791 575 1832 :
618 1775 791 1831 Illum
822 1776 1060 1848 quidem
1092 1782 1157 1832 ut
1176 1778 1370 1850 exigui
1395 1778 1626 1843 caloris,
1654 1779 1764 1835 hos
1791 1784 1916 1835 aute

2204 1775 2456 1848 μὸτητος,
2487 1773 2615 1836 τοὺς
2644 1771 2690 1828 δ’
2720 1775 2797 1836 ὡς
2830 1773 3024 1850 ὀλίγης
3073 1774 3371 1850 ὑγρότητος
3417 1773 3474 1829 έν
3525 1781 3779 1851 μετοχῇ.

344 1867 409 1920 ut
449 1864 620 1937 pauci
654 1864 922 1921 humoris
983 1867 1338 1939 participes;
1370 1867 1803 1924 exaltationem.
1850 1868 1919 1924 Ca

2201 1884 2337 1936 νωμα
2386 1863 2478 1918 τὸν
2538 1868 2827 1939 Καρκῖνον·
2886 1861 3207 1935 ταπείνωμα
3258 1863 3349 1917 τὸν
3411 1863 3776 1939 Δῖγὸκερων·

336 1969 582 2022 cruum;
614 1953 1020 2025 dejectionem,
1060 1955 1479 2026 Capricornum
1512 1974 1526 2026 ;
1583 1957 1911 2012 adversitatc

2201 1953 2476 2025 ντιώματα
2521 1951 2650 2014 τοὺς
2700 1948 2973 2025 Διδύμους
3021 1950 3111 2006 καὶ
3149 1952 3250 2019 τήν
3300 1951 3611 2027 Παρθένον
3667 1958 3776 2008 τῶν

339 2040 617 2097 Geminos
637 2047 692 2097 et
719 2042 1275 2115 Virginem,Etenim
1299 2044 1586 2101 australes
1604 2046 1914 2101 Geminoru

2255 2041 2359 2116 γὰρ
2417 2037 2667 2112 Διδύμων
2719 2036 2973 2109 καυσώδη
3025 2040 3093 2093 τὰ
3130 2038 3285 2094 νότια
3328 2040 3420 2094 καὶ
3469 2041 3641 2116 ξηρά·
3672 2049 3777 2111 τῆς

339 2135 536 2202 partes
576 2136 836 2187 aestuosae
866 2136 918 2188 et
967 2132 1134 2188 siccae
1165 2137 1304 2188 sunt
1336 2150 1350 2188 :
1384 2138 1443 2189 at
1473 2134 1730 2207 Virginis
1784 2135 1914 2189 hum

2204 2130 2458 2206 Ιαρθένου
2488 2127 2655 2184 πλέον
2703 2132 2801 2183 τοῦ
2853 2127 3075 2202 μετρίου
3119 2128 3182 2182 τὸ
3225 2125 3476 2205 δίυγρον.
3503 2130 3567 2183 Ὁ
3599 2132 3779 2206 ’Ἄρης

337 2218 490 2275 ditas
521 2219 984 2277 mediocritatem
1014 2226 1271 2293 superat.
1308 2222 1464 2279 Mars
1519 2223 1747 2279 calidus
1771 2229 1829 2279 et
1858 2241 1912 2278 m

2203 2219 2381 2295 ιερμὸς
2437 2218 2526 2272 καὶ
2575 2214 2742 2272 πλέον
2802 2216 2967 2291 ξηρὸς
3022 2213 3208 2279 οἷ’κους
3264 2215 3383 2292 ἔχει
3445 2218 3545 2272 τὸν
3615 2221 3778 2294 Κριὸν

338 2307 430 2381 gis
461 2308 654 2365 siccus
679 2310 886 2366 domos
933 2310 1109 2367 habet
1162 2311 1414 2368 Arietem
1446 2316 1502 2367 et
1532 2312 1836 2384 Scorpium
1872 2328 1885 2366 :

2250 2307 2343 2361 τὸν
2411 2302 2703 2382 Σκορπίον·
2761 2305 2853 2359 τὸν
2936 2305 3032 2377 μὶν
3107 2305 3182 2366 ὡς
3248 2305 3480 2380 θερμὸν,
3541 2307 3644 2361 τὸν
3726 2304 3784 2361 δὲ

340 2396 466 2453 lum
497 2397 754 2469 quidem,
786 2403 851 2455 ut
876 2398 1169 2467 calidum;
1220 2401 1525 2472 Scorpium
1563 2417 1717 2466 vero,
1751 2407 1816 2455 ut
1844 2418 1915 2456 ca

2203 2393 2367 2469 ιρπίον
2427 2396 2503 2457 ὡς
2553 2393 2750 2470 θερμὸν
2797 2394 2938 2466 ὁμοῦ
2997 2392 3085 2447 καὶ
3134 2392 3320 2468 ξηρόν.
3375 2396 3634 2467 ’Ύψωμα
3685 2395 3778 2450 τὸν

338 2484 478 2540 dum
514 2485 693 2542 simul
717 2491 775 2541 et
805 2487 1913 2561 siccum.Exaltationem,Capricornun

2205 2484 2431 2559 όκερων·
2492 2483 2811 2555 ταπείνωμα
2864 2484 2955 2536 τὸν
3028 2487 3309 2558 Καρκῖνον·
3372 2480 3779 2556 ἐναντιώματα

336 2573 742 2645 dejectionem,
801 2576 1134 2646 Cancrum;
1166 2577 1565 2647 adversitates,
1623 2579 1885 2634 Taurum

2239 2577 2443 2648 Ταῦρον
2501 2571 2592 2626 καὶ
2648 2572 2739 2626 τὸν
2794 2569 2986 2645 Ζυγόψ
3040 2569 3237 2646 εὐκραῆ
3295 2570 3398 2645 γὰρ
3461 2569 3647 2649 ἄμφω
3705 2574 3770 2627 τὰ

340 2660 575 2717 Libram
599 2679 613 2730 ;
645 2662 864 2718 etenim
894 2664 1068 2719 ambo
1099 2664 1270 2737 signa
1298 2665 1444 2721 bene
1472 2670 1796 2739 temperata
1823 2685 1915 2723 su:

2191 2659 2281 2715 ἲια.
2340 2661 2404 2714 Ἡ
2465 2656 2780 2737 Ἀφροδίτη,
2842 2658 3011 2731 μέσης
3061 2658 3412 2733 τυγχάνουσα
3485 2661 3766 2736 κράσεως,

330 2749 548 2822 Venus,
582 2766 715 2806 cum
751 2750 925 2806 medii
951 2751 1027 2807 sit
1053 2755 1522 2825 temperamenti,
1555 2755 1763 2811 domos
1808 2755 1905 2811 hat

2195 2770 2275 2810 )υς
2334 2742 2450 2824 ἔχει
2505 2749 2597 2803 τὸν
2646 2753 2850 2824 Ταῦρον
2902 2747 2992 2802 καὶ
3051 2747 3141 2802 τὸν
3203 2747 3372 2823 Ζυγὸν
3428 2750 3620 2821 μέσης
3678 2751 3770 2804 καὶ

333 2839 591 2895 Taurum
619 2844 676 2895 et
715 2840 972 2911 Libram,
1004 2858 1140 2896 cum
1171 2846 1227 2897 et
1258 2842 1370 2914 ipsi
1402 2842 1519 2896 sint
1551 2843 1726 2898 medii
1757 2848 1908 2915 temp

2193 2837 2286 2899 οὑς
2340 2836 2701 2913 τυγχάνονται
2757 2834 3019 2912 κράσεως.
3077 2834 3278 2909 ὕψωμα
3332 2834 3468 2898 τοὺς
3515 2837 3768 2912 Ἰχθύας·

331 2928 622 2997 ramenti;
654 2928 1083 3000 exaltationem,
1118 2931 1314 2986 Pisces
1347 2947 1359 2985 :
1394 2931 1806 3002 dejectionem,
1852 2931 1906 2985 V:

2190 2926 2406 3000 τείνωμα
2461 2927 2560 2994 τήν
2621 2925 2908 3001 Παρθένον·
2969 2923 3343 2996 ἐναντιώματα
3425 2925 3524 2979 τὸν
3596 2925 3765 2999 Rpth

329 3015 527 3087 ginem
555 3040 569 3082 ;
602 3015 1005 3082 adversitates,
1035 3016 1289 3072 Arietem
1319 3021 1376 3071 et
1403 3017 1834 3088 Scorpium,qui
1866 3035 1904 3073 α

2227 3015 2319 3069 τὸν
2382 3015 2654 3090 Σκορπίον
2711 3015 2811 3082 τήν
2866 3012 3033 3086 μέσην
3082 3019 3276 3091 κρᾶφιν
3334 3013 3438 3068 οὐκ
3494 3010 3764 3090 ἔχοντας.

328 3102 491 3159 dium
521 3110 1056 3176 temperamentum
1081 3122 1199 3163 non
1239 3106 1476 3161 habent.
1508 3106 1848 3173 Mercurius,
1880 3124 1903 3177 q

2190 3110 2374 3178 Ερμῆς
2434 3103 2716 3179 εὐκρασίας
2775 3102 3018 3178 μετέχων
3077 3099 3143 3170 δὴ
3201 3102 3293 3156 καὶ
3339 3101 3535 3174 αὐτὸς,
3570 3101 3765 3167 οἴκους

326 3196 384 3249 et
410 3191 537 3265 ipse
579 3192 800 3249 scilicet
856 3194 994 3249 boni
1050 3194 1497 3267 temperamenti
1535 3200 1624 3250 est
1663 3196 1901 3267 particej

2193 3214 2207 3245 ι
2247 3193 2375 3254 τοὺς
2425 3190 2695 3264 Διδύμους
2741 3189 2831 3245 καὶ
2878 3191 2978 3259 τὴν
3030 3190 3321 3264 Παρθένον’
3353 3195 3465 3245 τῶν
3507 3192 3611 3264 μὲν
3666 3193 3768 3269 γὰρ

334 3247 348 3249 ,
435 3247 526 3265 τη
1060 3247 1495 3267 η-τμη-ρη-
1664 3247 1900 3267 Γ------,

325 3281 533 3337 domos
562 3280 738 3338 habet
765 3282 1039 3339 Geminos
1096 3287 1154 3338 et
1182 3282 1503 3355 Virginem.
1564 3284 1900 3340 Germinoru

2192 3247 2631 3356 ὤμων-εὔκρατά
2678 3247 2782 3335 εἶσι
2826 3278 2895 3333 τὰ
2935 3247 3129 3353 ’βόρειᾶ
3184 3298 3243 3333 τε
3307 3280 3400 3333 καὶ
3463 3247 3541 3335 td:

326 3370 487 3426 enim
531 3370 795 3428 boreales
826 3376 883 3427 et
931 3373 1136 3428 media:
1195 3378 1391 3445 partes
1448 3373 1597 3428 bene
1643 3376 1901 3444 tempera

2232 3366 2289 3423 δὲ
2335 3369 2608 3445 Παρθένου
2648 3368 2717 3423 τὰ
2760 3367 2929 3422 νότια.
2977 3368 3084 3435 Τὴν
3141 3366 3415 3443 Παρθένον
3496 3367 3629 3445 ἔχει
3678 3373 3769 3426 καί

333 3460 481 3516 τοι
527 3464 667 3516 sunt
699 3476 713 3515 :
747 3462 848 3517 sed
876 3460 1156 3534 Virginis,
1189 3460 1497 3517 australes.
1532 3461 1644 3516 Sed
1674 3466 1731 3517 et
1759 3462 1818 3516 in
1849 3462 1908 3516 Vi

2193 3476 2310 3531 ιμα·
2352 3456 2481 3520 τοὺς
2541 3455 2754 3532 Ἰχθύας
2809 3455 2898 3510 καὶ
2952 3456 3297 3529 ταπείνωμα’
3352 3456 3486 3519 τοὺς
3552 3458 3768 3522 αὐτοὺς

330 3547 465 3620 gine
493 3548 902 3605 exaltationem
936 3549 1112 3606 habet
1158 3549 1539 3620 dejectionem
1571 3549 1632 3605 in
1664 3550 1905 3606 Piscibu:

2190 3546 2413 3619 ντίωμα.
2460 3545 2536 3600 Τὰ
2606 3545 2700 3618 μὲν
2751 3546 2854 3621 γὰρ
2911 3543 3304 3621 προηγούμενα
3354 3550 3466 3600 τῶν
3535 3546 3765 3623 ἲχθύων

325 3634 388 3689 in
418 3634 629 3691 iisdem
661 3641 720 3691 et
762 3637 1194 3694 adversitatem.
1243 3639 1669 3695 Antecedentes
1700 3639 1856 3693 enim
1889 3639 1900 3693 ]

2190 3642 2313 3711 ραῆ·
2362 3635 2431 3689 τὰ
2489 3635 2624 3707 μέσα
2669 3633 2931 3707 κάθυγρα·
2982 3634 3051 3687 τὰ
3111 3634 3244 3706 μετᾶ
3298 3633 3367 3688 τὰ
3431 3633 3581 3707 μέσα
3662 3657 3765 3691 πυ-

326 3723 516 3779 scium
539 3725 907 3795 partes,bene
932 3731 1289 3797 temperatae,
1308 3727 1537 3791 mediae,
1560 3726 1901 3799 humidam!

2184 3721 2241 3793 δη
2325 3742 2385 3777 τε
2467 3722 2559 3777 καὶ
2613 3719 2891 3791 καυσώδη.
2949 3724 3171 3797 Ἕτερον
3257 3719 3582 3796 ἐναντίωμα
3668 3727 3759 3780 τὸν

325 3816 655 3883 sequuntur
683 3813 925 3884 medias,
962 3815 1144 3886 igneae
1171 3821 1229 3870 et
1256 3821 1528 3871 astuosai.
1559 3815 1749 3871 Aliam
1780 3816 1900 3872 adv«

2186 3812 2321 3882 idm»,
2374 3811 2402 3865 ὁ
2450 3813 2657 3885 Ἑρμῆς
2705 3806 2844 3887 ἔχει.
2884 3810 2961 3866 Τὰ
3005 3810 3110 3886 γὰρ
3161 3811 3297 3882 μετὰ
3334 3811 3403 3865 τὰ
3456 3810 3603 3884 μέσα
3659 3835 3761 3869 πυ-

328 3899 562 3956 sitatem
592 3902 769 3956 habet
802 3902 1127 3959 Mercurius
1159 3903 1219 3959 in
1250 3903 1585 3976 Sagittario.
1614 3905 1838 3977 Quippe
1870 3905 1903 3958 h

2190 3898 2241 3971 Βη
2302 3899 2450 3978 φέρει
2495 3904 2658 3955 τοῦτο
2713 3900 2777 3954 τὸ
2836 3896 3053 3968 ζώδιον’
3081 3896 3327 3975 κάθυγρα
3385 3896 3447 3954 δὲ
3494 3901 3570 3956 τὰ
3607 3902 3765 3957 νότια

330 3988 572 4061 signum
621 4006 719 4045 eas
760 3995 974 4062 partes,
1005 4008 1130 4061 quae
1162 3996 1294 4064 post
1320 3991 1581 4047 medium
1612 3998 1772 4059 sunt,
1806 3993 1905 4047 bal

2234 3987 2399 4066 ἄμφω
2446 3995 2548 4058 τῆς
2616 3987 2899 4064 εὐκρασίας
2952 3986 3296 4042 ἐκπίπτοντα.
3349 3989 3415 4045 Ἡ
3479 3988 3761 4066 ὑγροτάτη

328 4076 574 4151 igneas;
606 4076 902 4149 humidae,
952 4096 1077 4150 quae
1119 4084 1257 4135 sunt
1312 4080 1646 4148 australes;
1704 4084 1903 4151 utrasq

2190 4080 2290 4148 ήνη
2367 4078 2458 4132 τὸν
2539 4077 2827 4153 ὑγρότατον
2898 4081 3161 4152 Καρκῖνον
3241 4074 3357 4152 ἔχει
3428 4077 3612 4134 οἶκον·
3667 4081 3760 4136 τὸν

333 4164 511 4221 etiam
541 4181 576 4222 a
620 4167 773 4222 bono
806 4170 1265 4238 temperamento
1295 4167 1647 4223 excidentes.
1680 4166 1908 4223 Humidi

2186 4171 2292 4243 ipov
2380 4165 2601 4240 ὕψωμα⁸
2676 4168 2768 4221 τὸν
2852 4164 3122 4242 Σκορπίον
3225 4166 3580 4239 ταπείνωμα’
3668 4169 3761 4224 τὸν

332 4252 488 4309 sima
517 4257 658 4310 luna
686 4254 743 4309 in
775 4254 1186 4311 humidissimo
1233 4256 1453 4311 Cancro
1501 4256 1739 4312 domum
1778 4256 1907 4312 habt

2184 4256 2407 4333 (όκερων
2483 4254 2808 4328 ἐναντίωμα·
2864 4254 2984 4309 τινὰ
3040 4254 3135 4327 μὶν
3191 4254 3297 4331 γὰρ
3364 4254 3538 4310 αὑτοῦ
3620 4257 3759 4335 μέρη

328 4340 735 4398 exultationem
766 4341 826 4397 in
884 4344 1117 4413 Tauro;
1156 4343 1541 4414 dejectionem
1588 4344 1647 4399 in
1681 4345 1903 4416 Scorpi:

2186 4344 2345 4421 ξηρὸν
2391 4343 2490 4399 οὐκ
2530 4341 2667 4419 ἔχει’
2710 4344 2779 4398 τὰ
2825 4341 2999 4398 πλείω
3050 4340 3108 4397 δέ
3154 4363 3219 4417 γε
3252 4342 3393 4420 ξηρὰ
3434 4346 3529 4400 καὶ
3592 4348 3761 4419 μεστὰ

325 4427 738 4487 oxaltationem
767 4431 826 4485 in
858 4431 1228 4502 Capricorno.
1262 4431 1408 4486 Nam
1439 4431 1706 4502 quaedam
1738 4432 1900 4503 quide

2181 4432 2461 4509 Κράτητος
2512 4436 2580 4501 ἧς
2629 4430 2695 4501 δὴ
2743 4426 3095 4507 ψυχράτητος
3138 4430 3419 4508 ἀμέτοχος
3447 4435 3485 4502 ἡ
3520 4433 3756 4507 σελήνη,

324 4516 485 4574 illius
516 4522 714 4591 partes
750 4519 1073 4575 siccitatem
1124 4537 1240 4576 non
1300 4519 1519 4576 habent
1547 4519 1746 4591 plures
1777 4524 1899 4575 aute

2186 4544 2192 4571 ι
2242 4522 2361 4577 κατ’
2408 4521 2781 4596 ἐπεισαγωγὴν
2834 4519 2895 4575 ἐκ
2936 4523 3035 4574 τοῦ
3066 4517 3233 4589 ἡλίου
3267 4522 3504 4597 μερικὴν
3567 4544 3761 4595 κεκτη-

327 4608 388 4661 et
442 4606 607 4663 siccaa
658 4612 796 4665 sunt
824 4612 882 4664 et
910 4606 1094 4681 plena
1126 4608 1445 4682 frigiditate
1478 4625 1492 4664 :
1523 4610 1694 4680 cujus
1742 4609 1902 4679 quid:

1011 4626 1094 4664 nm
1126 4608 1445 4682 frigiditate
1478 4625 1492 4664 :
1523 4610 1694 4680 cujus
1742 4609 1977 4679 quidem
2008 4609 2056 4674 D
2092 4610 2226 4684 μένη
2258 4608 2586 4685 θερμότητα.

329 4692 670 4767 frigiditatis
700 4713 904 4771 expers
935 4702 1025 4754 est
1052 4696 1215 4764 luna,
1266 4714 1371 4770 per
1399 4696 1794 4753 inductionem
1828 4714 1864 4752 a
1891 4713 1981 4752 so-

331 4780 388 4839 le
415 4783 729 4855 partialem
761 4785 1013 4843 calorem
1045 4787 1336 4844 obtinens.

1576 5058 1921 5116 SYNOPSIS
1958 5057 2241 5116 CAPITIS
2279 5055 2472 5112 XXVI.

1739 5200 1889 5248 QUOD
1926 5200 2030 5240 EST
2065 5199 2137 5238 DE
2174 5197 2334 5238 BOLE.

334 5338 384 5393 1.
402 5334 505 5413 Sol
532 5334 797 5413 universa
816 5343 979 5413 terra
1002 5339 1185 5413 major
1211 5340 1673 5413 est,_quanquam_
1696 5338 1879 5413 tantas
1922 5351 2040 5390 non
2066 5340 2292 5413 apparet
2332 5333 2569 5413 propter:
2599 5330 2840 5413 nimiam
2879 5326 3298 5413 saamlznriobis
3342 5328 3678 5413 distantiani
3704 5336 3753 5388 et

403 5408 552 5463 visus
580 5408 757 5461 nostri
801 5400 1229 5464 imbecillitatem
1257 5400 1326 5463 ad
1348 5400 1566 5463 tantam
1613 5409 1957 5462 distantiam.
1992 5437 2059 5447 —
2086 5400 2150 5460 2f
2175 5404 2315 5476 Solis
2332 5400 2678 5476 'ynagnitado
2703 5417 2774 5457 ea:
2802 5402 2999 5456 umbra
3017 5400 3189 5476 ,τοι
3213 5472 3223 5476 Α
3243 5403 3419 5476 terra?
3462 5407 3742 5476 arguitur,

406 5492 533 5560 qua;
559 5477 827 5547 conoides,
860 5479 916 5535 id
944 5485 1041 5546 est,
1097 5481 1381 5535 turbinata
1407 5482 1505 5534 est.
1536 5508 1608 5520 —
1725 5479 1924 5536 Umbra
1952 5482 1981 5533 ιι

406 5550 616 5603 ιΙιοιάεε
643 5558 741 5603 est.
776 5581 839 5591 —
872 5552 922 5603 4.
956 5550 1045 5603 Sol
1074 5549 1290 5603 auando
1337 5548 1567 5603 deﬁcere
1597 5549 1874 5603 videatur.
1904 5566 1981 5603 au.

2168 5475 2418 5532 conoides
2448 5470 2548 5540 est,
2580 5470 2713 5544 quia
2739 5488 2916 5543 neque
2940 5470 3339 5543 cylindroides,
3371 5470 3554 5545 neque
3599 5470 3743 5531 cata-'-

2199 5548 2437 5603 defemus
2465 5546 2586 5603 eius
2628 5546 2703 5599 sit
2744 5544 2925 5599 nostri
2972 5546 3188 5598 tantum
3236 5544 3389 5600 visus
3442 5547 3655 5603 passio.
3684 5554 3741 5602 at

402 5548 616 5606 thoides
643 5558 741 5604 est.
776 5581 839 5591 —
872 5552 922 5606 4.
956 5550 1045 5607 Sol
1074 5549 1290 5624 quando
1337 5548 1567 5617 deﬁcere
1597 5549 1874 5616 videatur,
1904 5566 1975 5621 qu

403 5623 629 5699 ipsemet
656 5622 883 5699 interim.
910 5624 1064 5699 omni
1087 5623 1342 5695 passione
1366 5623 1534 5675 vacet.
1566 5622 1719 5699 —‘5.
1746 5622 1927 5699 Lunae
1947 5638 1977 5699 _c

2199 5548 2437 5617 defectus
2465 5548 2586 5617 ejus
2628 5548 2703 5599 sit
2744 5548 2925 5599 nostri
2972 5548 3188 5598 tantum
3236 5548 3389 5600 visus
3437 5548 3655 5617 passio,
3684 5554 3740 5602 ut

2179 5633 2443 5699 magnum
2469 5631 2584 5699 esse
2610 5616 2867 5699 arguitur
2891 5615 3404 5699 enumbraﬂuan:
3426 5632 3496 5699 ωε
3523 5625 3740 5699 terram

306 5762 311 5765 _
401 5686 614 5768 spargit
640 5693 750 5750 sole
776 5693 1063 5767 deﬁciente
1079 5686 1102 5758 ξ
1136 5706 1452 5766 quanquam
1480 5705 1592 5746 non
1634 5694 1847 5747 tantum
1874 5690 2010 5759 sole,
2040 5686 2137 5748 sed
2161 5694 2216 5747 et
2245 5686 2393 5747 terra
2419 5687 2610 5745 multis
2659 5686 2872 5744 vicibus
2899 5686 3087 5743 minus
3137 5689 3239 5743 est.
3270 5717 3344 5730 —-
3369 5686 3428 5745 6.
3462 5689 3622 5749 Licet
3645 5704 3742 5747 au-
