3988 6418
408 342 553 407 1251

1652 334 2075 403 NICEPHORI
2118 334 2557 402 BLEMMIDAE

3667 338 3837 405 1252

480 477 533 531 4.
563 475 842 531 Caeterum
872 471 968 528 hic
997 470 1238 528 deﬁcere
1258 471 1656 539 videtur,cum
1688 470 1882 544 ipsum
1906 469 2050 526 luna

2232 466 2292 526 δ’.
2356 469 2655 527 Ἐκλείπων
2714 467 2760 526 δ’
2817 470 2975 533 οὗτος
3037 467 3202 540 δοκεῖ,
3257 477 3359 540 τῆς
3407 473 3666 542 σελήνης
3702 473 3834 528 ὑπο-

413 564 592 631 subit,
617 570 671 619 et
686 563 767 617 ita
788 562 1004 617 nostris
1024 560 1360 632 aspectibus
1384 560 1874 615 obstruit.Solaris
1894 560 2049 615 enim

408 654 670 709 defectus
710 650 895 706 nostri
945 650 1095 707 805
1148 633 1417 721 aspectu's
1467 648 1661 721 passio
1710 654 1819 718 est,
1852 653 1917 704 ut
1964 648 2048 704 sol

407 741 642 797 interim
676 739 965 811 passionis
998 754 1200 809 expers
1248 743 1497 791 maneat.
1532 736 1677 792 Cum
1726 753 1863 809 ergo
1913 738 2052 791 luna

407 829 516 885 soli
562 829 893 899 conjuncta,
943 832 1000 881 et
1049 826 1183 881 talis
1232 826 1661 897 conjunctionis
1701 832 1960 896 tempore
1991 823 2048 879 in

410 917 601 974 medio
632 916 921 986 solarique
944 913 1162 971 circulo
1195 914 1559 985 deprehensa
1579 914 1759 968 solem
1784 915 2049 985 subierit,

407 1012 535 1062 tum
568 1007 838 1060 umbram
871 1002 1228 1058 turbinatam
1278 1002 1337 1056 in
1382 1007 1595 1056 terram
1642 1002 1875 1064 emittit,
1907 1002 2050 1057 dici-

407 1099 618 1165 turque
648 1094 859 1149 umbra
888 1092 945 1146 in
978 1091 1346 1146 latitudinem
1369 1092 1413 1126 ‘5
1442 1090 1574 1162 plus
1607 1107 1783 1161 quam
1816 1091 1886 1145 ad
1916 1108 2053 1161 qua-

408 1188 541 1239 tuor
571 1181 755 1237 millia
784 1180 1106 1237 stadiorum
1139 1179 1682 1251 pervadere.0mnis
1711 1181 1867 1234 enim
1889 1178 2052 1235 locus

406 1288 521 1344 quo
548 1268 635 1328 sol
682 1271 823 1325 dum
865 1269 1063 1341 ipsum
1111 1267 1254 1323 luna
1301 1268 1483 1323 subiit
1529 1283 1645 1323 non
1695 1268 2055 1341 conspicitur

411 1360 625 1415 umbra
653 1357 808 1414 lunas
839 1355 1108 1429 oppletus
1133 1360 1240 1411 est.

479 1447 535 1502 5.
568 1447 845 1520 Magnum
895 1445 1138 1518 proinde
1185 1448 1275 1500 est
1326 1440 1480 1501 lunae.
1525 1462 1754 1516 corpus.
1804 1447 1857 1501 Si
1890 1447 2045 1504 enim

410 1537 482 1592 ad
514 1541 745 1592 tantum
777 1539 945 1591 terras
994 1533 1364 1589 intervallum
1413 1535 1744 1590 extenditur
1788 1536 1844 1591 id
1896 1539 2049 1608 quod

409 1625 481 1681 de
508 1625 720 1680 umbra
750 1624 821 1679 ad
873 1639 979 1679 nos
1019 1622 1301 1695 pervenit,
1333 1626 1548 1693 quanto
1596 1624 1788 1694 majus
1838 1626 1947 1679 erit
1995 1626 2051 1680 id

408 1714 562 1788 quod
596 1713 668 1770 ad
700 1712 869 1767 basin
923 1717 1014 1768 est
1040 1712 1104 1782 ⁸⁸,
1136 1712 1287 1782 quod
1331 1710 1505 1766 etiam
1560 1710 1715 1767 lunai
1769 1712 2054 1769 diametro

2160 558 2388 628 θεούσης
2429 559 2584 614 αὐτὸν
2633 560 2723 614 καὶ
2775 559 2948 621 οὕτως
2998 559 3430 636 ἐπιπροσθούσης
3478 566 3613 622 ταῖς
3664 564 3830 635 ἡμῶν

2160 642 2342 719 ὄψεσιν
2376 690 2391 703 .
2446 648 2507 702 Ἦ
2563 648 2663 724 γάρ
2719 646 2926 717 ἡλιακὴ
2985 646 3227 722 ἔκλειψις
3297 648 3473 710 πάθος
3536 648 3659 704 ἐστῖ
3733 658 3831 720 τῆς

2158 737 2319 807 ἡμῶν
2353 730 2551 809 ὅψεως,
2597 742 2692 791 τοῦ
2745 734 2910 806 ἡλίου
2965 737 3220 810 μένοντος
3258 737 3533 802 ἀπαθοῦς.
3593 739 3829 794 Ὁπὸταν

2160 822 2250 878 οὖν
2292 827 2326 894 ἡ
2380 822 2581 895 σελήνη
2640 822 3000 880 συνοδεύσασα
3051 830 3130 898 τῷ
3176 824 3346 900 ἡλίῳ,
3408 828 3501 881 καὶ
3545 828 3698 883 κατᾶ
3736 830 3829 895 τήν

2158 912 2413 981 τοιαύτην
2446 913 2714 981 εὑρεθεῖσα
2756 911 2977 968 σύνοδον
3033 913 3083 968 έν
3127 919 3206 986 τῷ
3252 916 3399 987 μέσῳ
3430 917 3578 989 (καὶ)
3609 916 3832 987 ἡλίακῷ

2157 1000 2247 1055 τὸν
2279 998 2440 1068 ἥλιον
2493 999 2831 1077 ὑποδράμοι,
2878 1003 3027 1056 σκιὰν
3082 1001 3168 1056 ἐπὶ
3210 1004 3309 1071 τήν
3358 1010 3464 1077 γῆν
3507 1004 3829 1077 ἀναπέμπει

2160 1086 2444 1158 κωνοειδῆ·
2504 1089 2593 1144 καὶ
2639 1092 2674 1158 ἡ
2735 1091 2859 1144 σκιὰ
2918 1088 3131 1165 λέγεται
3200 1087 3407 1160 διήκειν
3472 1092 3555 1153 εἰς
3616 1091 3833 1155 πλάτος

2161 1175 2249 1231 ἐπὶ
2288 1174 2454 1231 πλέον
2503 1178 2538 1246 ἢ
2592 1176 3043 1254 τετρακισχιλίων
3097 1175 3349 1235 σταδίων.
3405 1185 3525 1242 Πᾶς
3579 1182 3693 1257 γὰρ
3741 1182 3827 1236 τό-

2160 1286 2261 1327 πος
2321 1265 2374 1320 ἐν
2425 1267 2471 1338 ᾧ
2524 1268 2599 1339 μὴ
2655 1269 2683 1321 ὁ
2731 1265 2893 1335 ¹ἥλιος
2935 1274 3035 1336 τῆς
3089 1266 3319 1339 σελήνης
3383 1266 3832 1344 ὑποδραμούσης

2164 1354 2345 1425 αὐτὸν,
2377 1355 2528 1417 σκιὰς
2557 1361 2657 1424 τῆς
2688 1353 2925 1426 σελήνης
2954 1353 3333 1429 πεπλήρωται.

2236 1445 2293 1500 ε’.
2339 1443 2491 1519 Μέγα
2542 1444 2635 1513 μὲν
2685 1442 2777 1498 οὖν
2827 1442 2914 1498 καί
2961 1445 3023 1499 τὸ
3072 1448 3231 1517 σῶμα
3278 1452 3379 1514 τῆς
3422 1443 3723 1517 σελήνης.
3779 1447 3833 1502 Εἰ

2164 1532 2264 1608 γὰρ
2297 1530 2384 1586 ἐπὶ
2414 1537 2667 1587 τοσοῦτον
2713 1540 2814 1603 τῆς
2861 1540 2964 1609 γῆς
3013 1533 3284 1588 ἐκτέταται
3329 1534 3393 1588 τὸ
3449 1534 3665 1612 φθάνον
3697 1538 3832 1610 πρὸς

2161 1622 2310 1694 ἡμᾶς
2362 1628 2463 1689 τῆς
2520 1627 2671 1683 σκιᾶς
2706 1665 2721 1690 ,
2779 1620 3149 1677 ποσαπλάσιον
3224 1618 3370 1676 ἔσται
3426 1624 3493 1678 τὸ
3557 1625 3713 1698 πρὸς
3768 1628 3834 1698 τῇ

2170 1708 2339 1782 βάσει,
2388 1709 2450 1763 τὸ
2491 1709 2581 1763 καὶ
2750 1707 3025 1785 διαμέτρῳ
3069 1717 3171 1780 τῆς
3217 1708 3457 1782 σελήνης
3497 1712 3838 1788 παρεξισού-

408 1818 588 1876 prope
616 1797 984 1872 exaaquaturl
1019 1799 1086 1854 Et
1113 1804 1310 1854 tamen
1342 1816 1458 1854 non
1499 1799 1620 1855 sole
1661 1804 1915 1867 tantum,
1950 1801 2049 1856 sed

2214 1798 2539 1859 ενονίΤέως
2590 1794 2636 1851 δ’
2684 1798 2746 1852 ού
2799 1798 2962 1872 μόνον
3003 1802 3101 1853 τοῦ
3152 1797 3387 1867 ἡλιακοῦ
3444 1800 3735 1875 μεγέθους
3774 1802 3833 1857 τὸ

2214 1891 2224 1901 .
2373 1883 2393 1901 ς
2431 1888 2442 1901 .
2601 1883 2646 1901 ,η
2928 1884 3010 1901 ,η
3038 1887 3051 1901 .
3178 1886 3193 1901 ι
3316 1892 3343 1901 ..
3448 1891 3479 1901 -
3626 1897 3655 1901 _
3820 1889 3833 1901 .

407 1891 584 1948 etiam
613 1894 769 1946 terra
798 1889 991 1944 minor
1036 1892 1124 1944 est
1164 1886 1317 1942 luna:
1370 1887 1732 1960 magnitudo,
1768 1894 1825 1944 et
1864 1889 2047 1945 multo

410 1980 621 2036 minor.

476 2069 532 2123 6.
593 2066 716 2122 Etsi
772 2069 967 2120 autem
1042 2064 1294 2120 multum
1370 2064 1717 2136 relinquitur
1799 2084 1833 2122 a
1908 2066 2049 2123 solis

407 2154 814 2229 magnitudine
859 2169 1073 2224 corpus
1121 2151 1293 2221 lunae,
1325 2157 1523 2208 tamen
1554 2170 1689 2210 eum
1718 2173 1850 2210 cum
1892 2156 2052 2211 subit

408 2243 701 2299 occultare
731 2246 1021 2315 potest,ac
1043 2246 1109 2296 ut
1129 2258 1233 2297 nec
1263 2242 1388 2313 ipse
1409 2243 1481 2297 ad
1514 2260 1621 2298 nos
1652 2260 1825 2299 suum
1851 2244 2049 2300 lumen

408 2333 659 2402 emittat,
691 2348 796 2386 nec
824 2330 1021 2403 ipsum
1053 2347 1160 2386 nos
1190 2331 1513 2398 videamus,
1537 2332 2050 2403 'prohibere.Quod

410 2420 644 2493 quidem
700 2420 876 2475 etiam
936 2418 1108 2474 exilia
1162 2416 1355 2490 aliqua
1423 2436 1687 2492 corpora,
1744 2426 1809 2476 ut
1864 2422 2051 2477 nubes

411 2507 658 2581 exempli
711 2507 917 2580 gratia,
949 2511 1051 2563 aut
1106 2506 1294 2574 collis,
1325 2512 1427 2563 aut
1483 2509 1696 2580 paries,
1744 2515 1844 2564 aut
1893 2510 2051 2566 aliud

410 2596 643 2668 aliquod
674 2596 766 2652 his
797 2595 988 2652 simile
1017 2597 1422 2667 quoquomodo
1454 2598 1641 2654 facere
1669 2602 1878 2670 potest.

476 2687 533 2741 7.
566 2684 712 2741 Cum
742 2684 923 2757 igitur
953 2684 1385 2756 conjunctionis
1415 2691 1677 2757 tempore
1728 2685 1872 2743 luna
1900 2688 2052 2743 sola-

2157 1891 2256 1954 τῆς
2312 1883 2546 1956 σελήνης
2599 1883 2862 1957 ἔλαττον,
2917 1884 3061 1942 ἀλλά
3106 1886 3196 1941 καὶ
3249 1892 3347 1942 τοῦ
3405 1891 3510 1956 τῆς
3572 1897 3691 1964 γῆς
3748 1889 3836 1945 καί

2157 1971 2301 2027 πολὺ
2328 1969 2572 2029 ἔλαττον.

2230 2069 2291 2125 ς’.
2353 2060 2625 2135 Πάμπολυ
2683 2060 2739 2117 δὲ
2800 2061 3125 2135 λειπόμενον
3188 2068 3285 2118 τοῦ
3350 2063 3607 2133 ἡλιακοῦ
3673 2066 3832 2141 μεγέ-

2160 2162 2287 2213 θους
2341 2151 2405 2205 τὸ
2463 2156 2621 2224 σῶμα
2676 2154 2778 2222 τῆς
2827 2150 3082 2224 σελήνης,
3138 2149 3359 2207 δύναται
3405 2153 3687 2229 κρύπτειν
3738 2157 3829 2210 τὸν

2158 2237 2319 2308 ἥλιον
2380 2237 2431 2293 έν
2488 2244 2607 2301 ταῖς
2653 2235 3013 2315 ὑποδρομαῖς·
3064 2241 3334 2314 καὶομήτ’
3382 2240 3550 2296 αὑτὸν
3603 2242 3698 2315 ἐᾷν
3747 2242 3831 2298 ἐκ-

2159 2325 2389 2401 πέμπειν
2420 2327 2483 2382 τὸ
2513 2332 2627 2402 φῶς
2658 2329 2793 2404 πρὸς
2841 2330 3009 2400 ἡμᾶς,
3065 2330 3191 2401 μήθ’
3238 2331 3388 2402 ἡμᾶς
3438 2329 3612 2385 αὐτὸν
3662 2343 3828 2396 καθο-

2161 2420 2280 2492 ρᾷν.
2327 2420 2496 2471 Τοῦτο
2540 2413 2600 2471 δὲ
2644 2416 2734 2471 καὶ
2788 2414 2953 2490 μικρά
2998 2437 3119 2471 τινα
3165 2418 3394 2490 σώματα
3441 2425 3603 2474 ποιεῖ
3652 2421 3832 2475 ὁπωσ-

2161 2509 2275 2577 οῦν,
2323 2505 2485 2583 νέφος
2531 2504 2726 2581 τυχὸν,
2772 2505 2809 2575 ἢ
2863 2504 3077 2581 βουνὸς,
3121 2507 3157 2575 ἢ
3204 2511 3423 2582 τοῖχος,
3473 2508 3512 2576 ἢ
3572 2508 3722 2565 ἄλλο
3777 2531 3825 2564 τι

2156 2614 2424 2650 τοιουτον.

2235 2687 2291 2752 ζ’.
2326 2686 2485 2737 ’Όταν
2540 2683 2635 2755 μὲν
2686 2681 2776 2737 οὖν
2825 2682 2961 2738 κατᾶ
3007 2685 3106 2753 τήν
3151 2681 3370 2740 σύνοδον
3401 2687 3439 2738 ἡ
3477 2684 3698 2758 σελήνη
3729 2687 3831 2761 μὲ-

413 2790 536 2830 rem
596 2774 854 2830 medium
913 2773 1246 2845 [circulum]
1294 2774 1646 2830 subtendere
1694 2775 2055 2848 deprehensa

2214 2794 2253 2825 ιν
2309 2770 2659 2826 ὑποτείνουσα
2706 2769 2795 2826 τδν
2846 2769 3077 2841 ἡλιακὸν
3129 2772 3404 2849 εὑρεθείη,
3456 2771 3745 2843 ὁλπελὴς
3788 2778 3826 2847 ἡ

417 2863 571 2919 806
603 2861 794 2930 fuerit,
824 2861 1021 2918 totalis
1071 2862 1136 2917 ﬁt
1188 2862 1329 2918 solis
1381 2861 1633 2931 eclipsis.
1666 2863 1812 2918 Cum
1862 2869 2054 2920 autem

2214 2863 2259 2914 ὧ
2305 2858 2470 2929 ἡλίου
2517 2856 2754 2921 ἓκλεικις
2801 2858 3001 2936 γίνεται
3034 2882 3047 2895 ·
3087 2860 3283 2916 ὁπόταν
3338 2858 3396 2916 δὲ
3442 2861 3505 2916 τὸ
3561 2864 3825 2936 μεσαίτα-

419 2968 454 3009 a
490 2952 686 3007 modio
741 2950 950 3007 solaris
996 2950 1244 3023 [circuli]
1293 2950 1682 3019 declinaverit,
1732 2953 2057 3009 secundum

2214 2970 2257 3004 1v
2303 2946 2541 3004 ἐκκλίνοι
2589 2952 2685 3003 τοῦ
2735 2946 2993 3022 ἡλιακοῦ,
3040 2947 3177 3025 πρὸς
3221 2948 3385 3025 λόγον
3436 2950 3697 3029 φαίνεται
3746 2952 3835 3008 καὶ

419 3039 851 3114 proportionem
882 3038 1057 3095 etiam
1086 3038 1320 3110 eclipsis
1350 3039 1723 3112 conspicitur.

2240 3035 2477 3111 ἔκκειψις
2512 3039 2706 3113 μερική
2720 3080 2732 3093 .

493 3129 546 3183 8.
580 3129 650 3184 Et
680 3145 810 3184 vero
855 3127 916 3183 in
973 3126 1319 3199 partialibus
1362 3127 1679 3200 eclipsibus
1709 3129 1999 3202 siquidem
2030 3146 2061 3185 a

2245 3128 2315 3197 η’.
2356 3126 2495 3180 Κᾶπὶ
2548 3126 2642 3199 μὲν
2667 3130 2775 3180 τῶν
2830 3130 3064 3202 μερικῶν
3114 3124 3407 3201 ἐκλείψεων
3455 3127 3517 3182 ἂν
3580 3129 3678 3201 μὲν
3732 3128 3834 3183 ἀπὸ

426 3216 760 3273 borealibus
813 3198 991 3271 velut,
1023 3216 1095 3270 ad
1122 3215 1432 3293 australes
1476 3198 1674 3288 partes
1723 3198 1881 3274 mota
1926 3218 2061 3274 luna

2214 3219 2280 3269 ὧν
2332 3198 2558 3290 βορείων
2611 3215 2688 3277 ὡς
2740 3213 2827 3269 ἐπὶ
2873 3198 2941 3270 τὰ
2996 3215 3148 3270 νότια
3196 3198 3470 3293 φερομένη
3629 3216 3834 3289 σελήνη

427 3305 608 3362 solem
640 3304 904 3372 subierit,
937 3309 1132 3375 partes
1162 3305 1290 3376 ejus
1320 3323 1447 3377 quae
1494 3306 1567 3361 ad
1602 3307 2061 3379 Septentrionem

2214 3305 2265 3358 ὸν
2322 3301 2482 3372 ἥλιον
2543 3301 2811 3373 ὑπέλθοι,
2873 3303 2937 3357 τὰ
2990 3303 3126 3378 πρὸς
3202 3301 3397 3377 ἄρκτον
3457 3304 3634 3360 αὑτοῦ
3700 3305 3838 3381 μέρη

427 3399 585 3463 sunt,
618 3393 710 3449 sin
741 3409 809 3449 ex
839 3391 1200 3449 australibus
1238 3393 1395 3449 velut
1441 3394 1511 3449 ad
1558 3394 1821 3451 boreales
1852 3394 2061 3468 [partes

2214 3396 2469 3446 πισκοτεῖ’
2522 3390 2581 3445 ἂν
2635 3388 2681 3445 δ’
2728 3389 2787 3445 ἐκ
2832 3395 2938 3445 τῶν
2993 3391 3185 3445 νοτίων
3237 3391 3311 3454 ὡς
3362 3389 3451 3446 ἐπὶ
3500 3393 3571 3447 τὰ
3629 3395 3837 3470 βόρεια,

427 3485 681 3556 profecta
710 3482 820 3538 sub
851 3482 1034 3537 solem
1056 3482 1827 3555 venerit],meridiales[solis
1853 3483 2061 3555 partes:

2214 3480 2405 3556 ἀπρὸς
2456 3474 2822 3553 μεσημϐρίαν.
2874 3479 3017 3533 Κατᾶ
3067 3476 3245 3541 δὲτὰς
3293 3478 3511 3536 τελείας
3566 3481 3842 3557 ἐκλείψεις

427 3571 692 3627 obnubit.
744 3570 807 3625 In
858 3570 1127 3642 perfectis
1176 3571 1427 3643 denique
1472 3572 1788 3644 eclipsibus
1819 3571 2067 3628 solarem

428 3659 690 3715 medium
720 3659 862 3713 dum
895 3659 1054 3714 subit
1082 3659 1387 3727 circulum,
1421 3676 1519 3716 eas
1552 3660 1693 3716 solis
1724 3666 1918 3733 partes
1940 3676 2071 3732 quae

428 3748 501 3805 ad
560 3762 829 3803 occasum
886 3752 1325 3816 convertuntur,
1385 3750 1698 3804 obumbrat
1754 3749 2009 3822 primum
2054 3772 2069 3816 ;

428 3839 563 3909 post
590 3835 709 3890 haec
737 3838 929 3889 autem
963 3834 1157 3905 ipsum
1190 3839 1378 3889 totum
1411 3836 1903 3892 subtercurrendo
1934 3852 2068 3890 con-

425 3925 573 3996 tegit
605 3941 619 3990 ;
679 3924 820 3978 dum
868 3922 1063 3994 ipsum
1093 3923 1330 3978 tandem
1362 3925 1719 3996 praeteriens,
1749 3941 1847 3980 eas
1879 3928 2074 3996 partes

427 4010 686 4086 primum
720 4027 997 4082 apparere
1027 4009 1188 4078 sinit,
1221 4027 1371 4082 quas
1402 4012 1683 4068 nimirum
1736 4012 1909 4068 etiam
1954 4011 2073 4084 pri-

431 4116 596 4156 mum
621 4098 952 4157 occultavit.
990 4100 1103 4154 Hoc
1145 4098 1327 4171 igitur
1366 4101 1559 4171 modo,
1609 4104 1891 4171 quotquot
1933 4098 2072 4156 solis

433 4189 680 4262 eclipses
707 4188 1067 4257 acciderunt,
1097 4187 1381 4245 accidisse
1424 4193 1565 4244 sunt
1608 4189 1868 4261 proditae.
1892 4189 2075 4258 Atque

432 4280 519 4336 sic
544 4278 738 4335 omnis
768 4276 1002 4349 eclipsis
1036 4276 1157 4333 fieri
1188 4278 1508 4333 consuevit.

500 4368 556 4423 9.
588 4367 720 4424 Sola
749 4384 818 4423 ex
859 4367 1155 4433 omnibus,
1189 4383 1319 4439 quae
1368 4366 1637 4423 salviﬁcae
1682 4369 2074 4426 cruciﬁxionis

429 4456 661 4514 Domini
695 4462 956 4528 tempore
988 4456 1198 4513 accidit
1225 4456 1289 4524 ⁸⁷,
1324 4472 1501 4528 super
1537 4473 1772 4513 omnem
1803 4463 2073 4514 naturam

2176 3570 2267 3624 τὸν
2318 3566 2546 3637 ἡλιακὸν
2601 3568 2760 3641 μέσον
2808 3567 3159 3644 ὑπερχομένη
3194 3612 3207 3636 ,
3251 3569 3321 3622 τὰ
3364 3569 3504 3644 πρὸς
3567 3567 3725 3625 δύσιν
3766 3593 3844 3627 τε-

2177 3656 2462 3734 τραμμένα
2508 3660 2604 3710 τοῦ
2655 3655 2819 3725 ἡλίου
2866 3661 3080 3732 πρῶτον
3142 3657 3453 3726 ὑποσκιάζει
3497 3675 3510 3691 ·
3582 3661 3724 3731 μετᾶ
3785 3657 3839 3715 δὲ

2178 3751 2344 3801 ταῦτα
2394 3744 2523 3801 ὅλον
2569 3744 2728 3800 αὐτὸν
2781 3745 3156 3821 ὑποτρέχουσα
3200 3744 3501 3801 καλύπτευ
3546 3768 3839 3825 παρερχο-

2184 3833 2318 3908 μένη
2353 3830 2397 3888 δ’
2427 3832 2606 3905 αὐτὸν,
2660 3833 2833 3889 ἐκεῖνα
2879 3833 2946 3888 τὰ
2993 3833 3130 3909 μέρη
3179 3838 3506 3909 παραχωρεῖ
3555 3836 3841 3913 φαίνεσθαι

2181 3928 2418 4000 πρῶτον,
2452 3922 2485 3977 ἂ
2528 3920 2594 3992 δὴ
2645 3921 2734 3977 καί
2780 3926 2996 3999 πρῶτον
3049 3920 3302 3996 ἐκάλυψε.
3356 3927 3559 3978 Τοῦτον
3605 3923 3700 3979 οὖν
3749 3926 3839 3980 τὸν

2181 4010 2381 4089 τρόπον
2414 4011 2469 4065 αἱ
2496 4016 2773 4087 γεγοννῖαι
2812 4014 2907 4065 τοῦ
2952 4009 3115 4080 ἡλίου
3168 4007 3437 4084 ἐκλείψεις
3485 4010 3699 4068 ἅπασαι
3748 4035 3837 4089 γε-

2179 4100 2392 4176 γονέναι
2422 4099 2758 4176 ἱστόρηνται.
2790 4099 2889 4154 Καὶ
2921 4099 3063 4155 οὕτω
3093 4100 3323 4176 πέφυκεν
3362 4096 3614 4173 ἔκλειψις
3668 4103 3842 4157 ἅπασι

2181 4188 2436 4265 γίνεσθαι.
3562 4214 3563 4217 ‘

2255 4368 2315 4423 θ’.
2352 4365 2504 4436 Μόνη
2547 4362 2603 4420 δὲ
2652 4369 2757 4420 τῶν
2811 4364 2954 4421 ὅλων
3004 4368 3039 4435 ἡ
3089 4364 3225 4420 κατὰ
3268 4366 3369 4434 τήν
3413 4366 3697 4439 σωτήριον
3752 4370 3841 4422 τοῦ

2185 4452 2385 4531 Κυρίου
2451 4459 2705 4529 γεγονυῖα
2783 4452 3081 4529 σταύρωσιν
3163 4449 3407 4528 ἔκλειψις
3484 4453 3626 4527 ὑπὲρ
3686 4456 3838 4532 φύσιν

430 4546 643 4602 accidit
671 4562 803 4601 cum
837 4545 992 4601 enim
1025 4544 1357 4616 conjunctio
1389 4561 1503 4600 non
1534 4550 1707 4615 esset,
1740 4548 1842 4602 sed
1891 4548 2061 4604 multc

2214 4541 2405 4617 ’έγονεν
2466 4542 2688 4598 ἅπασαν.
2752 4538 2990 4596 Συνόδου
3044 4541 3145 4616 λὰρ
3214 4540 3314 4595 οὐκ
3369 4537 3560 4613 οὔσης,
3629 4541 3840 4615 μᾶλλον

432 4635 623 4708 magis
653 4634 971 4691 luminaria
1004 4633 1115 4689 sibi
1146 4634 1397 4690 invicem
1440 4650 1542 4705 per
1590 4635 1941 4691 diametrum
1974 4655 2076 4710 op-

434 4728 812 4798 ponerentur,
864 4722 1008 4779 luna
1062 4738 1132 4778 ex
1183 4723 1410 4778 ortibus
1457 4722 1652 4779 divino
1717 4728 1860 4779 nutu
1908 4726 2079 4796 juxta

434 4812 795 4886 singularem
848 4800 1328 4867 rationem‘mota
1383 4810 1567 4867 solem
1625 4815 1816 4868 totum
1875 4814 2077 4881 subiit,

436 4917 572 4957 cum
604 4900 861 4973 primum
910 4900 1059 4956 307
1096 4901 1226 4970 ejus
1257 4904 1451 4971 partes
1483 4899 1794 4957 orientales
1841 4902 2077 4970 obtexit,

434 4995 491 5046 et
518 4994 827 5063 postquam
857 4989 1054 5061 ipsum
1089 4988 1278 5044 tribus
1298 4988 1460 5044 horis
1490 4989 1843 5061 obscuravit,
1876 5008 2080 5047 rursus

435 5093 537 5150 per
578 5079 1011 5149 repedationem
1071 5078 1239 5151 quasi
1298 5079 1371 5133 ab
1430 5079 1734 5134 occasibus
1789 5080 1860 5134 ad
1918 5086 2081 5137 ortus

435 5170 726 5237 ageretur,
761 5165 902 5221 solis
934 5172 1127 5238 partes
1176 5166 1564 5222 occidentales
1613 5169 1869 5239 primum
1901 5186 2079 5241 appa-

436 5269 564 5310 rere
594 5253 884 5326 permisit.
920 5255 1047 5309 Haec
1071 5256 1143 5310 de
1173 5254 1314 5310 solis
1346 5255 1571 5327 eclipsi.

504 5488 550 5561 ξε
574 5484 794 5561 Cleom.
828 5483 865 5539 Ι.
897 5501 958 5554 ιι,
992 5502 1043 5561 c.
1073 5485 1127 5541 3.
1180 5485 2018 5561 A‘fﬁecundumPtolemaeum
2064 5494 2220 5547 terra
2266 5488 2458 5561 major
2501 5490 2591 5543 est
2634 5503 2810 5561 quam
2860 5486 3005 5561 luna
3034 5486 3103 5561 39

438 5558 690 5635 solvero
721 5555 861 5614 luna
891 5558 1080 5632 major
1108 5559 1197 5613 est
1218 5557 1379 5629 6644,
1414 5574 1549 5615 cum
1580 5559 1845 5618 dimidio.
1878 5560 2024 5619 Vide
2051 5555 2381 5635 Almagest.‘
2402 5558 2505 5618 lib.
2536 5575 2591 5634 v,
2622 5555 2673 5618 οἱ
2709 5559 2795 5619 16.

439 5648 498 5710 p.
528 5630 656 5689 391.

2191 4632 2285 4706 μὶν
2341 4630 2433 4686 οὖν
2496 4630 2587 4685 καὶ
2658 4627 3092 4707 διαμετρούντων
3162 4627 3271 4700 ἤδη
3341 4635 3449 4684 τῶν
3530 4634 3841 4707 (pws-1:15pm

2188 4718 2491 4791 ἀλλήλους,
2551 4719 2602 4791 ἐξ
2650 4717 2927 4775 ἀνατολῶν
2977 4722 3013 4790 ἡ
3065 4717 3269 4790 σελήνη
3312 4717 3442 4791 θείῳ
3481 4718 3715 4792 νεύματι
3771 4742 3848 4776 κι-

2185 4810 2405 4880 νηθεῖσα
2460 4814 2835 4885 καινοπρεπῶς
2869 4851 2883 4878 ,
2940 4809 3030 4863 τὸν
3089 4806 3250 4877 ἥλιον
3325 4806 3455 4863 ὅλον
3519 4806 3845 4886 ὑπέδραμε,

2187 4902 2405 4972 πρῶτον
2465 4896 2751 4972 καλύψασα
2808 4897 2943 4973 πρὸς
3000 4895 3265 4958 ἀνατολὰς
3324 4895 3491 4950 αὑτοῦ
3553 4896 3699 4972 μέρη
3762 4896 3843 4951 καέ

2186 5008 2359 5066 τρισιν
2420 4986 2589 5063 ὥραις
2633 4987 3030 5057 έπισκοτήσασα
3083 4985 3262 5057 τούτῳ
3298 5005 3309 5018 ·
3366 4987 3486 5040 κατ’
3546 4984 3843 5041 ἀναποδισ-

2194 5076 2293 5152 μὸν
2349 5075 2498 5141 αὖθις
2558 5076 2632 5138 ὡς
2689 5075 2748 5131 έκ
2805 5073 3022 5149 δυσμῶν
3078 5076 3216 5151 πρὸς
3272 5072 3546 5137 ἀνατολὰς
3604 5074 3841 5152 ἀγομένη

2188 5166 2256 5221 τὰ
2282 5165 2419 5240 πρὸς
2451 5162 2597 5219 δύσιν
2646 5165 2990 5240 τετραμμένα
3032 5167 3129 5218 τοῦ
3185 5161 3351 5231 ἡλίου
3414 5164 3557 5239 μέρη
3612 5164 3843 5239 πρώτως

2192 5251 2334 5311 εἷάσε
2391 5253 2683 5332 φαίνεσθαι.
2732 5257 2907 5308 Ταῦτα
2962 5252 3085 5329 περὶ
3142 5258 3244 5319 τῆς
3298 5255 3397 5306 τοῦ
3444 5250 3615 5322 ἡλίου
3674 5250 3842 5308 ἐκλεξ-

2192 5347 2357 5418 ψεως.

3158 5500 3293 5541 cum
3333 5485 3551 5559 exiguo
3578 5485 3845 5559 quodam,

2889 5529 3293 5618 ἴττῐιηῖἲιιῖιὶῖῖ
3320 5529 3510 5632 ιῖἔὲῖ
3517 5529 3844 5633 ἶιῗῖιὶῐῶἶῖ
