3988 6430
136 390 317 455 12ὕ3

1483 383 1830 454 EPITOME
1875 389 2205 454 PHYSICA
2219 438 2232 453 .

3406 392 3566 459 1254

224 523 277 580 ι’.
339 518 658 598 Εύρίσκεται
733 517 791 577 δὲ
842 517 932 577 διὰ
984 524 1092 577 τῶν
1146 517 1488 598 ὑδρολογίων
1549 523 1578 577 ὁ
1636 521 1799 592 ἥλιος

1988 525 2072 580 10.
2104 524 2580 597 Deprehendetur
2607 528 2803 582 autem
2851 524 2937 581 sol
2967 525 3010 561 ⁵⁸
3063 542 3165 598 per
3223 526 3565 601 hydrologia

127 608 515 681 πεντηκοστὸν
580 609 745 687 μέρος
804 614 900 665 τοῦ
938 609 1141 665 οἰκείου
1170 608 1377 666 κύκλου
1436 612 1524 666 καὶ
1585 612 1809 666 ἑπτακο-

133 699 391 756 σιοστόν.
443 697 958 773 Καταμετρούμενον
1009 699 1113 775 γὰρ
1163 700 1227 754 τὸ
1287 699 1406 776 ῥυὲν
1468 698 1613 776 ὕδωρ
1665 698 1717 755 έν
1762 700 1808 772 ᾧ

131 789 338 864 χρόνῳ
367 788 430 843 τὸ
471 786 704 857 ἡλιακὸν
765 788 902 843 ἅπαν
963 791 1123 862 σῶμα
1180 788 1454 862 ὁρίζοντος
1508 786 1810 858 ἀνελήλυθε

140 878 294 951 μετά
342 877 407 931 τὸ
467 873 636 946 δεῖξαι
689 877 790 945 τὴν
837 877 1063 951 πρώτην
1120 873 1232 932 ἷ¹τυν
1278 877 1410 954 ὑπὲρ
1439 877 1531 933 τὸν
1565 877 1809 954 ὁρίζοντα

139 964 325 1042 μέρας
401 964 699 1042 εύρίσκεται
774 966 1136 1036 πεντηκοστὸν
1218 965 1309 1021 καὶ
1396 965 1810 1021 ἑπτακοσιοστὸν

134 1058 247 1110 τοῦ
278 1053 413 1111 ὅλου
464 1051 680 1123 ὕδατος,
714 1052 846 1131 ὅπερ
896 1053 1110 1130 ageam
1149 1051 1217 1108 δι’
1266 1053 1405 1125 ὅλης
1452 1061 1554 1122 τῆς
1601 1052 1809 1129 ἡμέρας

134 1165 206 1198 τε
258 1143 350 1198 καὶ
399 1142 613 1204 νυκυός.
644 1142 793 1212 Αὕτη
829 1140 876 1197 δ’
904 1145 939 1212 ἡ
978 1141 1203 1217 μέθοδος
1262 1143 1362 1197 ὑπὸ
1416 1145 1648 1219 πρώτων
1699 1146 1805 1197 τῶν

136 1229 470 1308 Αἰγυπτίων
504 1231 864 1305 ἐπινενόηται,
894 1231 958 1286 τὸ
1007 1234 1288 1307 χρήσιμον
1339 1228 1392 1286 ἕν
1435 1253 1495 1287 τε
1537 1236 1657 1294 ταῖς
1701 1235 1807 1286 τῶν

142 1321 490 1396 ἱσημερινῶν
566 1320 832 1397 εὑρέσεσιν
898 1315 1102 1396 ἔχουσα
1156 1321 1248 1375 καὶ
1309 1320 1359 1376 ἐν
1420 1318 1615 1383 ἄλλοις
1667 1318 1807 1376 πολ-

141 1408 304 1472 λοῖς.

230 1499 317 1553 ια’.
351 1496 608 1554 Φαίνεται
637 1495 683 1553 δ’
714 1498 742 1553 ὁ
786 1497 951 1568 ἥλιος
1003 1496 1242 1574 ἀνίσχων
1298 1519 1358 1553 τε
1413 1498 1503 1554 καὶ
1547 1496 1810 1572 δυόμενος

146 1586 358 1661 μείζων
385 1587 523 1642 κατά
567 1587 630 1642 τὸ
691 1586 913 1664 μέγεθος
965 1585 1056 1642 καὶ
1105 1585 1272 1643 πλέον
1325 1589 1487 1660 ἡμῶν
1543 1588 1805 1661 ἀφεστώς

148 1680 541 1754 μεσουρανοῶν
586 1672 645 1730 δὲ
688 1676 751 1730 τὸ
793 1675 1013 1752 μέγεθος
1060 1675 1150 1731 καὶ
1205 1676 1305 1745 τὴν
1354 1675 1406 1746 ἐξ
1453 1678 1612 1748 ἡμῶν
1674 1674 1806 1729 ἀπό-

147 1786 342 1820 στασιν
402 1761 547 1842 ἔχων
622 1762 830 1838 ἐλάττῳ
888 1762 1055 1837 δοκεῖ,
1113 1764 1204 1818 καὶ
1251 1768 1418 1818 ταῦτα
1472 1763 1806 1839 πανταχόθεν

154 1854 329 1909 οἱονεὶ
386 1853 448 1909 τὸ
504 1850 620 1908 ἴσον
669 1851 889 1929 ἀπέχων
940 1855 1125 1925 ἡμῶν
1177 1848 1233 1906 εἷ’
1269 1873 1330 1928 γε
1375 1851 1467 1907 καί
1521 1853 1655 1928 πρὸς
1712 1853 1810 1920 τὴν
1838 1888 1887 1952 Β

150 1942 323 1997 αὐτοῦ
379 1947 607 2019 σφαῖραν
666 1940 852 2017 ἐπέχει
902 1942 1126 2017 κέντρου
1175 1940 1335 2016 λόγον
1394 1943 1429 2010 ἡ
1487 1948 1580 2017 γῆ.
1634 1942 1703 1995 Τὸ
1760 1938 1807 1995 δ’

152 2029 354 2101 αἴτιον,
387 2030 469 2086 ὅτι
525 2031 662 2105 πρὸς
718 2031 812 2104 μὶν
870 2034 950 2102 τῷ
1006 2030 1245 2106 ὁρίζοντι
1301 2027 1391 2085 διὰ
1440 2035 1662 2105 νοτεροῦ
1716 2030 1806 2084 καὶ

153 2118 469 2197 παχυτέρου
528 2120 683 2197 ἀέρος
745 2120 957 2196 ὁρῶμεν
1018 2117 1198 2173 αὐτόν·
1256 2118 1345 2173 καὶ
1405 2119 1509 2195 γὰρ
1560 2123 1806 2181 τοιοῦτος

156 2210 187 2264 ὁ
245 2208 554 2285 πρόσγειος.
607 2208 890 2264 Κάντεῦθεν
961 2205 1380 2284 περικλωμένης
1453 2214 1556 2278 τῆς
1630 2204 1806 2282 ὄψεως

155 2300 343 2371 ἡμῶν,
399 2297 594 2372 μείζων
642 2319 703 2353 τε
739 2296 975 2376 φαίνεται
1026 2298 1054 2351 ὁ
1101 2295 1264 2366 ἥλιος
1320 2296 1410 2352 καὶ
1450 2295 1804 2374 πορῥωτέρω’

163 2388 506 2463 μεσουρανῶν
561 2382 619 2440 δὲ
685 2383 774 2441 διὰ
850 2383 1178 2460 λεπτοτέρου
1253 2385 1344 2439 καὶ
1424 2387 1806 2462 καθαρωτέρου

160 2473 320 2550 ἀέρος
377 2474 673 2551 ὁρώμενος,
732 2473 967 2530 ἐλάττων
1026 2494 1086 2529 τε
1136 2477 1213 2547 τῷ
1265 2473 1477 2549 μεγέθει
1521 2475 1612 2529 καὶ
1641 2476 1804 2548 ἡμῶν

160 2562 434 2639 ἐγγυτέρω
463 2562 764 2637 νομίζεται.

232 2740 323 2818 ιβ’.
382 2739 535 2796 Πολὺ
612 2737 671 2796 δὲ
739 2739 938 2814 μείζων
1022 2739 1305 2816 ἷοτόρηται
1370 2740 1644 2819 φαίνεσθαι
1713 2741 1803 2795 καὶ

154 2827 349 2906 πόρῥω
397 2828 562 2885 πλέον
617 2828 955 2908 ἀφεστηκὼς,
1006 2835 1125 2892 τοῖς
1174 2829 1234 2884 ἐκ
1291 2828 1497 2905 βαθέων
1558 2830 1800 2907 φρεάτων

156 2917 287 2993 ὁρᾷν
317 2913 637 2991 δυναμένοις
666 2915 844 2973 αὐτόν.
882 2915 1136 2971 Δύνανται
1165 2913 1223 2970 δὲ
1268 2920 1430 2971 τοῦτο
1485 2917 1701 2979 πάντως
1751 2913 1804 2971 οτί

151 3025 215 3061 τε
241 3007 340 3075 τῆς
370 3003 609 3076 σελήνης
638 3005 944 3081 οἰκήτορες,
975 3005 1111 3059 κατά
1137 3003 1358 3068 κάθετον
1409 2999 1804 3067 ἐπιϐάλλοντος

153 3097 253 3149 τοῦ
308 3091 476 3164 ἡλίου
531 3093 627 3156 τάς
680 3093 897 3157 ἀκτῖνας
939 3092 1121 3156 αὐτοῖς
1153 3092 1204 3148 ἐν
1236 3092 1449 3170 ἀτρεκεῖ
1487 3088 1802 3167 μεσημϐρίᾳ

155 3182 293 3237 κατὰ
318 3183 525 3259 τροπὰς
574 3185 804 3258 θερινὰς,
834 3182 923 3237 καὶ
971 3182 1154 3237 ἄσκιον
1205 3185 1492 3244 ποιοῦντος
1545 3183 1643 3251 τήν
1693 3185 1796 3257 γῆν

158 3271 333 3327 αὐτῶν
356 3245 441 3334 ’ὡς
489 3270 577 3327 ἐπὶ
634 3245 885 3334 σταδίους
944 3271 1285 3346 τριακοσίους
1339 3273 1438 3341 τὴν
1489 3245 1796 3348 διάμετρον,
1829 3245 1872 3311 C

155 3359 245 3415 καὶ
303 3358 420 3415 ὅσοι
479 3358 643 3415 ἄλλοι
697 3359 934 3431 πλησίον
991 3367 1091 3429 τῆς
1139 3357 1564 3433 διακεκαυμένης
1596 3358 1798 3435 ἔλαχον

156 3446 303 3524 ἔχειν
334 3450 434 3518 τήν
493 3446 729 3520 οἷ’κησιν.
760 3447 1013 3504 Φαίνεται
1064 3445 1123 3503 δὲ
1172 3447 1388 3510 τούτοις
1420 3450 1448 3503 ὁ
1478 3447 1640 3517 ἥλιος
1684 3447 1799 3522 μεί-

159 3537 263 3603 ζων
320 3531 460 3612 ⁴ἤπερ
518 3537 674 3608 ἡμῖν,
710 3531 799 3590 διὰ
856 3536 1063 3611 παχέος
1112 3535 1271 3611 ἀέρος
1318 3535 1407 3590 καὶ
1437 3539 1658 3611 νοτεροῦ
1709 3534 1799 3590 καὶ

154 3622 428 3698 καθύγρου
478 3628 576 3679 τοῦ
627 3624 678 3679 ἐν
732 3629 848 3686 τοῖς
897 3623 1114 3702 φρέασιν
1149 3619 1301 3686 ὄντος
1333 3624 1627 3701 ὁρώμενος,
1658 3634 1796 3679 πολ-

156 3710 260 3781 λῆς
291 3711 351 3768 ἐκ
375 3711 570 3767 τούτου
598 3716 669 3787 τῇ
719 3708 839 3787 ὄψει
896 3714 1193 3788 γινομένης
1246 3716 1345 3783 τῆς
1403 3712 1795 3787 περικλάσεως.

157 3800 253 3856 Καὶ
308 3796 455 3876 εἷ’περ
494 3805 559 3871 ἦν
590 3799 679 3856 διὰ
723 3803 1047 3878 παχυτέρων
1104 3802 1196 3856 καὶ
1245 3807 1472 3878 στερεῶν
1531 3802 1796 3876 σωμάτων

155 3889 373 3964 ὁρᾶσθαι
430 3889 522 3945 τὸν
580 3888 766 3960 ἥλιον,
825 3885 901 3946 ἔτι
964 3894 1148 3963 μεῖζον
1199 3890 1259 3945 ἂν
1310 3888 1486 3964 ἔδοξεν
1540 3886 1683 3967 ἔχων
1734 3891 1797 3946 τὸ

157 3977 402 4053 μέγεθος,
432 3977 522 4032 καὶ
550 3979 650 4047 τὴν
680 3977 731 4049 ἐξ
788 3980 947 4051 ἡμῶν
1007 3978 1295 4033 ἀπόστασιν
1354 3977 1597 4049 πλείονα,
1630 3977 1797 4035 πλέον

154 4065 362 4128 πάντως
392 4063 814 4142 περικλωμένης
845 4072 948 4136 τῆς
980 4061 1178 4140 ὄψεως.

231 4243 313 4318 ιγ’.
347 4242 445 4297 Καὶ
502 4247 606 4297 τῶν
659 4243 782 4317 περὶ
832 4242 991 4299 αὐτὸν
1045 4241 1102 4298 δὲ
1165 4244 1553 4318 θεωρουμένων
1612 4243 1797 4326 διαφό-

154 4348 260 4405 ρων
315 4330 625 4407 χρωμάτων
690 4330 892 4389 ἄλλοτε
952 4330 1161 4403 ἄλλων,
1217 4335 1252 4402 ἡ
1311 4337 1409 4388 τοῦ
1468 4334 1623 4409 ἀέρος
1684 4335 1794 4391 ἐστὶ

154 4418 381 4503 ποιότης
439 4419 585 4476 αἰτία
638 4421 959 4497 πασχούσης
1032 4420 1269 4485 ἐντεῦθεν
1345 4428 1448 4492 τῆς
1528 4423 1795 4503 ἡμετέρας

155 4502 332 4582 ὅψεως
388 4508 477 4565 καὶ
535 4507 738 4566 ἄλλοτε
782 4508 986 4566 ἀλλοῖα
1041 4510 1451 4589 φανταζομένης
1505 4512 1573 4567 τά
1628 4502 1795 4589 ὁρατά

1916 614 2436 686 septingentesima
2468 620 2526 670 et
2552 615 3042 688 quinquagesima
3071 632 3206 687 pars
3237 617 3328 672 sui
3359 616 3562 674 circuli

1916 704 2058 758 Cum
2092 703 2248 759 enim
2281 710 2659 759 mensuratur
2686 721 2835 774 aqua
2863 720 2990 774 quae
3020 703 3244 758 efﬂuxit
3306 721 3372 759 eo
3415 710 3562 762 tem-

1917 808 2074 864 pore,
2108 809 2221 864 quo
2252 809 2464 864 corpus
2495 792 2686 848 solare
2738 796 2929 847 totum
2979 809 3159 864 supra
3201 792 3561 851 horizontem

1917 881 2198 946 ascendit,
2234 885 2610 953 posteaquam
2645 882 2891 952 primam
2925 898 3085 935 oram
3115 881 3396 953 [primum
3432 883 3562 940 lim-

1919 969 2261 1040 bum]super
2277 969 2639 1024 horizontem
2671 968 2980 1023 ostentavit
3003 987 3016 1036 ;
3038 970 3564 1041 septingentesima

1917 1062 1974 1111 et
2001 1056 2491 1128 quinquagesima
2524 1073 2660 1127 pars
2691 1056 2867 1111 totius
2898 1073 3063 1127 aquae
3091 1059 3398 1129 reperitur,
3432 1077 3559 1131 quae

1917 1161 2020 1215 per
2045 1149 2233 1198 totum
2268 1145 2419 1199 diem
2481 1150 2536 1199 et
2596 1150 2823 1199 noctem
2887 1144 3129 1200 efﬂuxit.
3192 1146 3320 1202 Haec
3363 1156 3560 1205 autem

1918 1231 2129 1287 ratioa
2171 1231 2376 1303 primis
2425 1233 2710 1305 Egyptiis
2768 1233 3092 1305 excogitata
3150 1241 3258 1304 est,
3316 1253 3441 1309 quae
3500 1237 3560 1294 in

1918 1320 2398 1391 aequinoctiorum
2428 1320 2889 1388 inventionibus,
2951 1326 3008 1377 et
3063 1322 3122 1378 in
3179 1322 3311 1380 aliis
3359 1325 3560 1382 multis

1918 1426 2088 1464 suam
2119 1408 2429 1465 utilitatem
2460 1409 2659 1466 habet.

1989 1499 2070 1553 11.
2117 1498 2292 1553 Porro
2324 1497 2409 1553 sol
2440 1499 2484 1533 5°
2512 1515 2648 1554 cum
2680 1499 2866 1555 oritur
2911 1503 2969 1556 et
3006 1501 3233 1569 occidit,
3267 1506 3325 1557 et
3371 1504 3560 1575 major

1921 1585 2345 1659 magnitudine,
2396 1592 2453 1643 et
2482 1588 2657 1643 etiam
2690 1605 2724 1643 a
2753 1588 2923 1644 nobis
2954 1589 3267 1646 distantior
3294 1596 3556 1664 apparet.

1919 1679 1993 1729 At
2020 1692 2152 1730 cum
2185 1675 2244 1729 in
2277 1676 2467 1732 medio
2496 1675 2638 1731 cosio
2666 1676 2914 1749 exsistit,
2961 1683 3016 1733 et
3063 1680 3554 1752 magnitudinem,

1917 1768 1975 1818 et
2003 1764 2339 1819 distantiam
2371 1780 2405 1818 a
2436 1765 2605 1819 nobis
2636 1765 2921 1821 minorem
2955 1766 3165 1823 habere
3194 1767 3424 1824 videtur
3455 1786 3468 1825 :
3503 1774 3561 1826 et

1919 1852 2036 1907 haec
2065 1855 2163 1921 ita,
2198 1869 2333 1907 cum
2359 1856 2554 1908 tamen
2588 1853 2800 1924 ubique
2848 1853 3026 1909 veluti
3056 1855 3357 1927 aequaliter
3383 1858 3560 1914 distet

1918 1958 1952 1995 θ,
1980 1941 2146 1998 nobis
2169 1942 2233 2010 5°,
2266 1942 2557 2013 siquidem
2578 1942 2751 1998 etiam
2775 1943 2847 1997 ad
2877 1942 3091 2015 ipsium
3124 1945 3413 2016 sphaeram
3446 1951 3557 2003 ter-

1916 2047 1982 2085 ra
2040 2030 2222 2085 centri
2273 2031 2558 2086 rationem
2620 2032 2862 2087 obtinet.
2929 2032 3119 2089 Causa
3191 2038 3385 2090 autem
3446 2039 3553 2107 est,

1916 2120 2067 2190 quod
2091 2120 2283 2190 ipsum
2312 2120 2380 2175 ad
2416 2119 2775 2176 horizontem
2819 2137 2920 2193 per
2950 2121 3263 2178 humidum
3315 2128 3371 2179 et
3400 2141 3557 2181 cras-

1917 2209 2130 2263 siorem
2178 2208 2331 2263 308
2377 2224 2569 2264 aerem
2631 2209 2968 2279 cernimus;
3001 2210 3138 2267 talis
3189 2213 3405 2285 quippe
3442 2217 3556 2283 est,

1914 2297 2011 2367 qui
2033 2300 2197 2351 terra!
2224 2301 2313 2352 est
2341 2297 2588 2353 vicinus.
2633 2297 2778 2353 Hinc
2832 2299 2959 2354 visu
3009 2304 3206 2356 nostro
3265 2302 3558 2359 confracta

1914 2389 1971 2440 et
2000 2387 2188 2455 major
2207 2390 2263 2440 et
2293 2386 2570 2440 remotior
2589 2386 2675 2442 sol
2698 2386 3026 2442 videtur.At
3043 2405 3176 2444 cum
3200 2390 3261 2445 in
3292 2391 3554 2447 medium

1914 2472 2123 2529 caelum
2147 2473 2424 2544 pervenit,
2459 2474 2598 2545 quia
2648 2490 2748 2544 per
2805 2477 3130 2532 tenuiorem
3162 2484 3219 2533 et
3258 2479 3554 2550 puriorem

1915 2577 2108 2617 aerem
2139 2560 2436 2633 aspicitur,
2464 2567 2520 2618 et
2563 2563 2756 2619 minor
2810 2565 3217 2637 magnitudine
3272 2571 3330 2623 et
3385 2569 3556 2626 nobis

1914 2649 2294 2721 propinquior
2322 2650 2711 2706 existimatur.

1986 2739 2072 2792 12.
2106 2737 2288 2793 Multo
2317 2742 2514 2793 autem
2542 2739 2584 2773 ⁶¹
2616 2739 2898 2810 majorem
2930 2746 2989 2796 et
3042 2742 3416 2801 remotiorem
3450 2762 3553 2818 ap-

1912 2843 2114 2898 parere
2146 2827 2338 2881 ferunt
2368 2826 2441 2882 iis
2462 2826 2562 2899 qui
2592 2827 2787 2899 ipsum
2813 2844 2881 2883 ex
2908 2830 3213 2900 profundis
3243 2833 3435 2904 puteis
3462 2833 3556 2890 in-

1911 2915 2060 2970 tueri
2092 2915 2427 2987 possunt.Id
2457 2921 2650 2972 autem
2672 2922 2919 2988 possunt
2938 2917 3144 2989 utique
3175 2920 3275 2991 qui
3305 2921 3552 2991 Syenem

1910 3003 2335 3067 incolunt,cum
2366 3005 2437 3059 ad
2469 3005 2953 3076 perpendiculum
2977 3006 3123 3078 ipsis
3152 3007 3240 3063 sol
3270 3008 3330 3064 in
3364 3011 3552 3081 puris-

1911 3092 2059 3148 simo
2108 3093 2350 3148 meridie
2401 3110 2541 3148 suos
2594 3094 2792 3150 radios
2869 3094 3152 3151 immittat
3216 3097 3552 3154 aestivarum

1910 3180 2351 3237 conversionem
2384 3185 2666 3253 tempore,
2716 3188 2771 3238 et
2820 3187 3041 3239 terram
3091 3201 3294 3241 eorum
3331 3187 3551 3242 umbrae

1911 3274 2200 3341 expertem
2232 3270 2399 3324 faciat
2429 3271 2475 3305 ⁶²
2508 3273 2577 3327 ad
2609 3275 2873 3327 taecenta
2928 3273 3047 3329 fere
3091 3274 3283 3330 stadia
3336 3291 3551 3331 secun-

1912 3359 2050 3413 dum
2083 3358 2430 3414 diametrum
2461 3378 2473 3427 ;
2499 3364 2555 3414 et
2570 3364 2853 3432 quotquot
2878 3360 2976 3415 alii
3021 3363 3349 3433 propiorem
3395 3380 3552 3420 zona:

1909 3446 2144 3502 torrida:
2190 3446 2612 3503 habitationem
2662 3448 2853 3504 sortiti
2902 3455 3060 3505 sunt.
3114 3450 3303 3522 Major
3351 3457 3551 3508 autem

1910 3534 2003 3591 his
2033 3552 2209 3606 quam
2235 3535 2403 3591 nobis
2435 3536 2519 3591 sol
2551 3537 2929 3609 conspicitur,
2962 3540 3194 3609 quando
3245 3556 3347 3611 per
3393 3557 3551 3597 cras-

1910 3640 2043 3680 sum
2075 3629 2131 3678 et
2163 3624 2473 3679 humidum
2496 3629 2553 3680 et
2581 3643 2863 3696 aquosum
2888 3644 3080 3684 aerem
3104 3628 3397 3700 putealem
3429 3646 3552 3685 cer-

1910 3714 2106 3781 nitur;
2139 3713 2274 3783 quia
2306 3713 2586 3769 nimirum
2626 3714 2811 3770 multa
2861 3732 2930 3770 ex
2985 3715 3095 3772 hoc
3152 3722 3427 3789 aspectus
3487 3717 3556 3772 ﬁt

1907 3801 2240 3857 confractio.
2274 3803 2342 3857 Et
2371 3802 2419 3857 si
2469 3804 2705 3873 quidem
2756 3821 2857 3876 per
2909 3806 3198 3862 crassiora
3253 3811 3311 3861 et
3366 3805 3556 3861 solida

1907 3907 2151 3962 corpora
2180 3891 2358 3946 solem
2395 3891 2548 3947 cerni
2583 3892 2965 3965 contingeret,
3023 3896 3305 3965 majorem
3360 3895 3553 3950 adhuc

1907 3978 2371 4051 magnitudinem
2432 3985 2490 4035 et
2547 3979 2888 4035 distantiam
2951 3999 2985 4036 a
3042 3982 3212 4038 nobis
3278 3983 3552 4040 remotio-

1906 4085 2029 4124 rem
2060 4068 2274 4124 habere
2305 4067 2392 4124 sol
2424 4069 2737 4139 videretur,
2770 4071 2922 4140 quod
2971 4072 3133 4128 visus
3181 4071 3379 4143 utique
3418 4072 3551 4145 plus

1905 4157 2391 4228 confringeretur.

1979 4247 2064 4301 13.
2098 4246 2211 4301 Sed
2253 4249 2311 4300 et
2354 4246 2716 4302 diversorum
2768 4246 3050 4316 colorum,
3083 4248 3181 4318 qui
3214 4248 3366 4325 circa
3394 4248 3548 4305 309

1905 4335 2101 4407 ipsum
2159 4333 2304 4390 alias
2364 4333 2465 4389 alii
2539 4334 3003 4407 conspiciuntur,
3061 4336 3211 4391 aeris
3299 4336 3550 4408 qualitas

1903 4441 2084 4480 causa
2133 4427 2221 4479 est
2251 4448 2264 4491 ;
2295 4424 2526 4495 quando
2575 4423 2711 4479 hinc
2743 4429 3016 4496 aspectus
3075 4426 3314 4497 patitur,
3347 4430 3403 4482 et
3432 4426 3546 4482 alio

1902 4517 2164 4585 tempore
2193 4529 2283 4567 res
2314 4512 2693 4583 aspectabiles
2724 4529 2858 4568 cum
2913 4513 3102 4569 colore
3133 4518 3191 4569 et
3238 4514 3533 4586 magnitu-

153 4598 287 4653 κατά
340 4618 401 4653 τε
453 4602 658 4675 χρῶμα
711 4598 802 4655 καὶ
855 4600 1104 4676 μέγεθος,
1144 4596 1291 4655 ἀλλὰ
1321 4597 1390 4670 δὴ
1448 4600 1539 4656 καὶ
1569 4622 1790 4679 σχημα-

1918 4602 2060 4671 iine,
2093 4606 2216 4656 tum
2248 4610 2301 4657 et
2330 4600 2677 4673 figuratione
2706 4601 3041 4658 differentes
3071 4601 3359 4659 intuetur.

149 4684 360 4761 τισμόν.

1390 4925 1729 4983 SYNOPSIS
1764 4927 2041 4984 CAPITIS
2079 4924 2301 4981 XXVII.

1539 5040 1691 5086 QUOD
1732 5041 1832 5081 EST
1867 5042 1938 5080 DE
1977 5040 2147 5080 LUNA.

149 5141 373 5218 LLuna
400 5153 480 5202 est
503 5143 730 5218 infimus
768 5144 1127 5218 planetarum
1154 5153 1205 5202 et
1230 5147 1438 5203 multas
1487 5150 1822 5205 mutationes
1851 5151 1913 5204 in
1956 5148 2282 5205 elementari
2326 5147 2543 5217 regione
2594 5146 2783 5216 efﬁcit,
2817 5151 2872 5202 et
2919 5162 3112 5217 corpus
3162 5146 3325 5203 habet
3366 5163 3464 5218 per
3491 5162 3548 5203 se

216 5216 605 5293 caliginosum,
636 5217 727 5274 sed
768 5216 920 5289 'quod
951 5221 1133 5273 tamen
1162 5219 1338 5293 apsole
1381 5219 1698 5293 illuminari
1739 5223 1930 5293 possit.
1964 5251 2030 5259 ——-
2058 5224 2112 5273 2.
2159 5220 2305 5273 Luna
2334 5216 2467 5293 non_
2490 5218 2773 5293 illuminat
2799 5235 2905 5293 per
2936 5216 3325 5293 refraclionem
3362 5216 3545 5274 radio-

216 5302 343 5342 rum
371 5290 501 5343 solis
531 5304 993 5362 repercusaorum,
1043 5294 1104 5344 ut
1132 5290 1310 5362 aliqui
1337 5306 1409 5345 ex
1452 5290 2200 5347 veteribus'existimarunt.
2234 5321 2300 5362 -_-
2352 5291 2404 5343 3.
2440 5290 2595 5344 Luna
2646 5290 3004 5344 illuminatur
3033 5307 3067 5345 a
3105 5291 3235 5357 sole,
3267 5298 3317 5346 et
3362 5294 3548 5361 postea

214 5372 401 5414 aerem
430 5360 750 5432 terramque
791 5360 1099 5432 illuminat,
1131 5360 1263 5415 adeo
1309 5364 1369 5415 ut
1416 5361 1553 5416 luna
1580 5363 1713 5417 solis
1740 5363 1930 5418 radios
1981 5364 2042 5417 in
2070 5378 2145 5429 se,
2178 5360 2356 5416 veluti
2393 5362 2625 5432 spongia
2671 5377 2875 5432 aquam
2926 5362 3164 5431 excipiat
3209 5369 3263 5417 et
3310 5360 3549 5417 retineat

214 5444 311 5485 nec
334 5430 693 5488 transmittat.
724 5461 795 5472 -—-
816 5432 870 5487 4.
903 5431 1229 5504 Proprietas
1257 5433 1403 5488 lunae
1434 5432 1605 5488 latius
1650 5437 1964 5506 exponitur,
1995 5432 2137 5505 quod
2162 5430 2437 5487 nimirum
2460 5430 2645 5487 radios
2696 5430 2898 5488 solare:
2927 5430 3165 5504 acceptos
3192 5449 3305 5489 non
3360 5441 3545 5490 tram-

212 5622 254 5661 ⁵⁸
279 5622 491 5695 Cleom.
522 5624 563 5682 Ι.
597 5643 661 5695 n,
692 5642 744 5684 ο.
778 5626 832 5681 1.
907 5625 954 5661 ⁵³
980 5624 1129 5684 Ibid.
1205 5627 1251 5669 ‘0
1279 5626 1633 5685 Ptolemaus
1661 5627 1790 5685 Alm

142 5693 207 5757 21
239 5711 255 5770 ς
283 5694 502 5757 Cleom.
532 5693 733 5771 lib.n,
772 5712 824 5756 ο.
856 5696 914 5757 3.
997 5696 1042 5737 ⁸³
1074 5695 1290 5757 Cleom.
1319 5695 1362 5757 l.
1394 5715 1464 5774 ιι,
1497 5716 1548 5762 c.
1574 5701 1627 5760 1.
1731 5700 1778 5739 ⁶²

1876 5628 2018 5759 ζἐϋ).
2051 5646 2091 5699 1,
2126 5645 2177 5686 ο.
2206 5630 2289 5693 6;
2330 5627 2696 5702 Regiomont.
2729 5626 2790 5685 in
2842 5626 3070 5703 Almag.
3130 5628 3234 5687 lib.
3284 5643 3342 5696 v,
3375 5641 3540 5702 prop.

1878 5717 1897 5758 1
1945 5742 1960 5759 .

1878 5717 1960 5761 ια.
