  <div class='ocr_page' id='page_1' title='image "/cluster/home/n/w/nwhite01/storage/ocr_20150623/142/mdp.39015078384792/636.png"; bbox 0 0 3988 6458; ppageno 0'>
   <div class='ocr_carea' id='block_1_1' title="bbox 75 429 1743 500">
    <p class='ocr_par' dir='ltr' id='par_1_1' title="bbox 75 429 1735 500">
     <span class='ocr_line' id='line_1_1' title="bbox 75 429 1735 500; baseline -0.004 -1"><span class='ocrx_word' id='word_1_1' title='bbox 75 440 225 500; x_wconf 72' lang='grc'>1257</span> <span class='ocrx_word' id='word_1_2' title='bbox 1388 429 1735 494; x_wconf 84' lang='lat' dir='ltr'>EPITOME</span> 
     </span>
    </p>
   </div>
   <div class='ocr_carea' id='block_1_2' title="bbox 1861 429 3472 500">
    <p class='ocr_par' dir='ltr' id='par_1_2' title="bbox 1861 431 3472 495">
     <span class='ocr_line' id='line_1_2' title="bbox 1861 431 3472 495; baseline 0.001 -2"><span class='ocrx_word' id='word_1_3' title='bbox 1861 433 2134 495; x_wconf 81' lang='lat' dir='ltr'>IYSICA.</span> <span class='ocrx_word' id='word_1_4' title='bbox 3311 431 3472 494; x_wconf 77' lang='grc'>1258</span> 
     </span>
    </p>
   </div>
   <div class='ocr_carea' id='block_1_3' title="bbox 142 559 1743 643">
    <p class='ocr_par' dir='ltr' id='par_1_3' title="bbox 142 559 1743 643">
     <span class='ocr_line' id='line_1_3' title="bbox 142 559 1743 643; baseline -0.003 -23"><span class='ocrx_word' id='word_1_5' title='bbox 142 569 204 643; x_wconf 86' lang='grc' dir='ltr'>γ’.</span> <span class='ocrx_word' id='word_1_6' title='bbox 257 563 506 620; x_wconf 75' lang='grc' dir='ltr'>Φαίνεται</span> <span class='ocrx_word' id='word_1_7' title='bbox 553 566 683 638; x_wconf 79' lang='grc' dir='ltr'>γοῦν</span> <span class='ocrx_word' id='word_1_8' title='bbox 733 562 978 626; x_wconf 76' lang='grc' dir='ltr'>ἐντεῦθεν.</span> <span class='ocrx_word' id='word_1_9' title='bbox 1019 563 1095 634; x_wconf 80' lang='grc' dir='ltr'>μὴ</span> <span class='ocrx_word' id='word_1_10' title='bbox 1147 562 1260 616; x_wconf 89' lang='grc' dir='ltr'>κατ’</span> <span class='ocrx_word' id='word_1_11' title='bbox 1311 559 1606 631; x_wconf 81' lang='grc' dir='ltr'>ἀνάκλησιν</span> <span class='ocrx_word' id='word_1_12' title='bbox 1652 562 1743 639; x_wconf 23' lang='grc' dir='ltr'>ἐκ,</span> 
     </span>
    </p>
   </div>
   <div class='ocr_carea' id='block_1_4' title="bbox 1861 559 3473 643">
    <p class='ocr_par' dir='ltr' id='par_1_4' title="bbox 1894 564 3473 640">
     <span class='ocr_line' id='line_1_4' title="bbox 1894 564 3473 640; baseline 0.001 -20"><span class='ocrx_word' id='word_1_13' title='bbox 1894 567 1946 621; x_wconf 91' lang='lat'>3.</span> <span class='ocrx_word' id='word_1_14' title='bbox 1979 569 2232 639; x_wconf 82' lang='lat' dir='ltr'>Apparet</span> <span class='ocrx_word' id='word_1_15' title='bbox 2257 568 2437 640; x_wconf 84' lang='lat' dir='ltr'>igitur</span> <span class='ocrx_word' id='word_1_16' title='bbox 2463 568 2620 634; x_wconf 90' lang='lat' dir='ltr'>hinc,</span> <span class='ocrx_word' id='word_1_17' title='bbox 2671 582 2788 621; x_wconf 94' lang='lat' dir='ltr'>non</span> <span class='ocrx_word' id='word_1_18' title='bbox 2839 581 2942 638; x_wconf 90' lang='lat' dir='ltr'>per</span> <span class='ocrx_word' id='word_1_19' title='bbox 2998 564 3405 633; x_wconf 84' lang='lat' dir='ltr'>refractionem</span> <span class='ocrx_word' id='word_1_20' title='bbox 3437 582 3473 621; x_wconf 89' lang='lat' dir='ltr'>a</span> 
     </span>
    </p>
   </div>
   <div class='ocr_carea' id='block_1_5' title="bbox 68 647 1743 729">
    <p class='ocr_par' dir='ltr' id='par_1_5' title="bbox 68 647 1718 729">
     <span class='ocr_line' id='line_1_5' title="bbox 68 647 1718 729; baseline -0.006 -16"><span class='ocrx_word' id='word_1_21' title='bbox 68 665 166 728; x_wconf 87' lang='grc' dir='ltr'>τῆς</span> <span class='ocrx_word' id='word_1_22' title='bbox 221 652 454 725; x_wconf 80' lang='grc' dir='ltr'>σελήνης</span> <span class='ocrx_word' id='word_1_23' title='bbox 488 651 621 707; x_wconf 74' lang='grc' dir='ltr'>εἶναι</span> <span class='ocrx_word' id='word_1_24' title='bbox 654 652 716 706; x_wconf 84' lang='grc' dir='ltr'>τὸ</span> <span class='ocrx_word' id='word_1_25' title='bbox 750 654 888 729; x_wconf 78' lang='grc' dir='ltr'>φῶς,</span> <span class='ocrx_word' id='word_1_26' title='bbox 917 648 1066 705; x_wconf 79' lang='grc' dir='ltr'>ἀλλὰ</span> <span class='ocrx_word' id='word_1_27' title='bbox 1116 651 1233 705; x_wconf 87' lang='grc' dir='ltr'>κατ’</span> <span class='ocrx_word' id='word_1_28' title='bbox 1268 648 1515 721; x_wconf 77' lang='grc' dir='ltr'>ἰδιότητα</span> <span class='ocrx_word' id='word_1_29' title='bbox 1558 647 1718 725; x_wconf 89' lang='grc' dir='ltr'>δεχο-</span> 
     </span>
    </p>
   </div>
   <div class='ocr_carea' id='block_1_6' title="bbox 1861 647 3471 729">
    <p class='ocr_par' dir='ltr' id='par_1_6' title="bbox 1861 652 3471 726">
     <span class='ocr_line' id='line_1_6' title="bbox 1861 652 3471 726; baseline 0.001 -18"><span class='ocrx_word' id='word_1_30' title='bbox 1861 670 1971 709; x_wconf 80' lang='lat' dir='ltr'>una</span> <span class='ocrx_word' id='word_1_31' title='bbox 1999 655 2344 712; x_wconf 89' lang='lat' dir='ltr'>esselumen</span> <span class='ocrx_word' id='word_1_32' title='bbox 2378 674 2393 725; x_wconf 91' lang='lat'><strong>;</strong></span> <span class='ocrx_word' id='word_1_33' title='bbox 2424 657 2526 712; x_wconf 91' lang='lat' dir='ltr'>sed</span> <span class='ocrx_word' id='word_1_34' title='bbox 2559 656 2631 711; x_wconf 89' lang='lat' dir='ltr'>ab</span> <span class='ocrx_word' id='word_1_35' title='bbox 2660 653 2790 726; x_wconf 87' lang='lat' dir='ltr'>ipsa</span> <span class='ocrx_word' id='word_1_36' title='bbox 2820 653 2893 709; x_wconf 94' lang='lat' dir='ltr'>ob</span> <span class='ocrx_word' id='word_1_37' title='bbox 2927 668 3097 708; x_wconf 88' lang='lat' dir='ltr'>suam</span> <span class='ocrx_word' id='word_1_38' title='bbox 3140 652 3471 725; x_wconf 82' lang='lat' dir='ltr'>proprieta-</span> 
     </span>
    </p>
   </div>
   <div class='ocr_carea' id='block_1_7' title="bbox 75 738 1743 820">
    <p class='ocr_par' dir='ltr' id='par_1_7' title="bbox 75 738 1720 820">
     <span class='ocr_line' id='line_1_7' title="bbox 75 738 1720 820; baseline -0.004 -22"><span class='ocrx_word' id='word_1_39' title='bbox 75 744 234 820; x_wconf 81' lang='grc' dir='ltr'>μένης</span> <span class='ocrx_word' id='word_1_40' title='bbox 288 742 457 810; x_wconf 76' lang='grc' dir='ltr'>αὐτῆς</span> <span class='ocrx_word' id='word_1_41' title='bbox 510 741 607 803; x_wconf 80' lang='grc' dir='ltr'>τὰς</span> <span class='ocrx_word' id='word_1_42' title='bbox 664 738 898 810; x_wconf 79' lang='grc' dir='ltr'>ἡλιακὰς</span> <span class='ocrx_word' id='word_1_43' title='bbox 945 738 1165 801; x_wconf 79' lang='grc' dir='ltr'>ἀκτῖνας</span> <span class='ocrx_word' id='word_1_44' title='bbox 1224 738 1300 801; x_wconf 78' lang='grc' dir='ltr'>εἷς</span> <span class='ocrx_word' id='word_1_45' title='bbox 1373 739 1562 815; x_wconf 81' lang='grc' dir='ltr'>βάθος,</span> <span class='ocrx_word' id='word_1_46' title='bbox 1618 739 1720 792; x_wconf 80' lang='grc' dir='ltr'>οὐκ</span> 
     </span>
    </p>
   </div>
   <div class='ocr_carea' id='block_1_8' title="bbox 1861 738 3471 820">
    <p class='ocr_par' dir='ltr' id='par_1_8' title="bbox 1861 740 3471 816">
     <span class='ocr_line' id='line_1_8' title="bbox 1861 740 3471 816; baseline 0 -20"><span class='ocrx_word' id='word_1_47' title='bbox 1861 758 1969 810; x_wconf 89' lang='lat' dir='ltr'>em,</span> <span class='ocrx_word' id='word_1_48' title='bbox 2029 760 2148 816; x_wconf 91' lang='lat' dir='ltr'>qua</span> <span class='ocrx_word' id='word_1_49' title='bbox 2178 746 2373 801; x_wconf 87' lang='lat' dir='ltr'>radios</span> <span class='ocrx_word' id='word_1_50' title='bbox 2406 745 2628 801; x_wconf 82' lang='lat' dir='ltr'>soleres</span> <span class='ocrx_word' id='word_1_51' title='bbox 2667 743 3025 807; x_wconf 69' lang='lat' dir='ltr'>introrsum,</span> <span class='ocrx_word' id='word_1_52' title='bbox 3046 758 3162 796; x_wconf 91' lang='lat' dir='ltr'>non</span> <span class='ocrx_word' id='word_1_53' title='bbox 3193 741 3253 796; x_wconf 92' lang='lat' dir='ltr'>in</span> <span class='ocrx_word' id='word_1_54' title='bbox 3282 740 3471 797; x_wconf 90' lang='lat' dir='ltr'>solam</span> 
     </span>
    </p>
   </div>
   <div class='ocr_carea' id='block_1_9' title="bbox 72 824 1743 905">
    <p class='ocr_par' dir='ltr' id='par_1_9' title="bbox 72 824 1721 905">
     <span class='ocr_line' id='line_1_9' title="bbox 72 824 1721 905; baseline -0.005 -17"><span class='ocrx_word' id='word_1_55' title='bbox 72 833 147 894; x_wconf 81' lang='grc' dir='ltr'>εἰς</span> <span class='ocrx_word' id='word_1_56' title='bbox 179 830 339 904; x_wconf 87' lang='grc' dir='ltr'>μόνην</span> <span class='ocrx_word' id='word_1_57' title='bbox 369 829 469 897; x_wconf 81' lang='grc' dir='ltr'>τὴν</span> <span class='ocrx_word' id='word_1_58' title='bbox 500 826 832 905; x_wconf 77' lang='grc' dir='ltr'>ἐπιφάνειαν·</span> <span class='ocrx_word' id='word_1_59' title='bbox 868 824 1041 888; x_wconf 74' lang='grc' dir='ltr'>οὕτως</span> <span class='ocrx_word' id='word_1_60' title='bbox 1103 825 1155 896; x_wconf 82' lang='grc' dir='ltr'>ἐξ</span> <span class='ocrx_word' id='word_1_61' title='bbox 1212 826 1380 895; x_wconf 82' lang='grc' dir='ltr'>αὐτῆς</span> <span class='ocrx_word' id='word_1_62' title='bbox 1437 827 1530 880; x_wconf 89' lang='grc' dir='ltr'>τὸν</span> <span class='ocrx_word' id='word_1_63' title='bbox 1589 825 1721 902; x_wconf 85' lang='grc' dir='ltr'>ἀέρα</span> 
     </span>
    </p>
   </div>
   <div class='ocr_carea' id='block_1_10' title="bbox 1861 824 3473 905">
    <p class='ocr_par' dir='ltr' id='par_1_10' title="bbox 1866 829 3473 905">
     <span class='ocr_line' id='line_1_10' title="bbox 1866 829 3473 905; baseline 0.001 -20"><span class='ocrx_word' id='word_1_64' title='bbox 1866 832 2199 903; x_wconf 85' lang='lat' dir='ltr'>uperﬁciem</span> <span class='ocrx_word' id='word_1_65' title='bbox 2243 834 2467 905; x_wconf 86' lang='lat' dir='ltr'>recipit,</span> <span class='ocrx_word' id='word_1_66' title='bbox 2501 848 2693 888; x_wconf 91' lang='lat' dir='ltr'>aerem</span> <span class='ocrx_word' id='word_1_67' title='bbox 2738 835 2797 887; x_wconf 87' lang='lat' dir='ltr'>et</span> <span class='ocrx_word' id='word_1_68' title='bbox 2852 837 3071 886; x_wconf 89' lang='lat' dir='ltr'>terram</span> <span class='ocrx_word' id='word_1_69' title='bbox 3126 829 3473 887; x_wconf 82' lang='lat' dir='ltr'>illuminari.</span> 
     </span>
    </p>
   </div>
   <div class='ocr_carea' id='block_1_11' title="bbox 68 912 1743 999">
    <p class='ocr_par' dir='ltr' id='par_1_11' title="bbox 68 912 1723 999">
     <span class='ocr_line' id='line_1_11' title="bbox 68 912 1723 999; baseline -0.004 -24"><span class='ocrx_word' id='word_1_70' title='bbox 68 918 383 999; x_wconf 78' lang='grc' dir='ltr'>φωτίζεσθαι</span> <span class='ocrx_word' id='word_1_71' title='bbox 414 916 504 972; x_wconf 81' lang='grc' dir='ltr'>καὶ</span> <span class='ocrx_word' id='word_1_72' title='bbox 533 916 632 985; x_wconf 73' lang='grc' dir='ltr'>τὴν</span> <span class='ocrx_word' id='word_1_73' title='bbox 662 922 787 992; x_wconf 83' lang='grc' dir='ltr'>γῆν.</span> <span class='ocrx_word' id='word_1_74' title='bbox 820 914 982 977; x_wconf 80' lang='grc' dir='ltr'>Εἰκὸς</span> <span class='ocrx_word' id='word_1_75' title='bbox 1035 912 1125 969; x_wconf 73' lang='grc' dir='ltr'>οὖν</span> <span class='ocrx_word' id='word_1_76' title='bbox 1175 912 1427 990; x_wconf 88' lang='grc' dir='ltr'>δέχεσθαι</span> <span class='ocrx_word' id='word_1_77' title='bbox 1475 916 1573 983; x_wconf 81' lang='grc' dir='ltr'>τήν</span> <span class='ocrx_word' id='word_1_78' title='bbox 1629 934 1723 968; x_wconf 90' lang='grc' dir='ltr'>σε-</span> 
     </span>
    </p>
   </div>
   <div class='ocr_carea' id='block_1_12' title="bbox 1861 912 3479 999">
    <p class='ocr_par' dir='ltr' id='par_1_12' title="bbox 1861 917 3479 995">
     <span class='ocr_line' id='line_1_12' title="bbox 1861 917 3479 995; baseline 0.001 -21"><span class='ocrx_word' id='word_1_79' title='bbox 1861 922 2302 977; x_wconf 71' lang='lat' dir='ltr'>ionsentaneum</span> <span class='ocrx_word' id='word_1_80' title='bbox 2362 923 2544 995; x_wconf 81' lang='lat' dir='ltr'>igitur</span> <span class='ocrx_word' id='word_1_81' title='bbox 2613 924 2705 977; x_wconf 91' lang='lat' dir='ltr'>est</span> <span class='ocrx_word' id='word_1_82' title='bbox 2762 919 2920 991; x_wconf 92' lang='lat' dir='ltr'>quod</span> <span class='ocrx_word' id='word_1_83' title='bbox 2975 918 3117 975; x_wconf 87' lang='lat' dir='ltr'>luna</span> <span class='ocrx_word' id='word_1_84' title='bbox 3157 917 3380 986; x_wconf 81' lang='lat' dir='ltr'>lumen,</span> <span class='ocrx_word' id='word_1_85' title='bbox 3412 921 3479 975; x_wconf 91' lang='lat' dir='ltr'>ut</span> 
     </span>
    </p>
   </div>
   <div class='ocr_carea' id='block_1_13' title="bbox 74 1000 1743 1083">
    <p class='ocr_par' dir='ltr' id='par_1_13' title="bbox 74 1000 1721 1083">
     <span class='ocr_line' id='line_1_13' title="bbox 74 1000 1721 1083; baseline -0.005 -19"><span class='ocrx_word' id='word_1_86' title='bbox 74 1009 247 1080; x_wconf 82' lang='grc' dir='ltr'>λήνην</span> <span class='ocrx_word' id='word_1_87' title='bbox 275 1007 336 1061; x_wconf 91' lang='grc' dir='ltr'>τὸ</span> <span class='ocrx_word' id='word_1_88' title='bbox 366 1009 505 1083; x_wconf 80' lang='grc' dir='ltr'>φῶς,</span> <span class='ocrx_word' id='word_1_89' title='bbox 539 1004 613 1067; x_wconf 86' lang='grc' dir='ltr'>ὡς</span> <span class='ocrx_word' id='word_1_90' title='bbox 640 1003 771 1066; x_wconf 82' lang='grc' dir='ltr'>τοὺς</span> <span class='ocrx_word' id='word_1_91' title='bbox 803 1002 1079 1079; x_wconf 83' lang='grc' dir='ltr'>σπόγγους</span> <span class='ocrx_word' id='word_1_92' title='bbox 1106 1004 1168 1057; x_wconf 90' lang='grc' dir='ltr'>τὸ</span> <span class='ocrx_word' id='word_1_93' title='bbox 1201 1000 1367 1079; x_wconf 76' lang='grc' dir='ltr'>ὕδωρ·</span> <span class='ocrx_word' id='word_1_94' title='bbox 1417 1004 1493 1075; x_wconf 82' lang='grc' dir='ltr'>μή</span> <span class='ocrx_word' id='word_1_95' title='bbox 1542 1001 1721 1080; x_wconf 81' lang='grc' dir='ltr'>φέρειν</span> 
     </span>
    </p>
   </div>
   <div class='ocr_carea' id='block_1_14' title="bbox 1861 1000 3480 1083">
    <p class='ocr_par' dir='ltr' id='par_1_14' title="bbox 1861 1008 3480 1082">
     <span class='ocr_line' id='line_1_14' title="bbox 1861 1008 3480 1082; baseline 0 -18"><span class='ocrx_word' id='word_1_96' title='bbox 1861 1009 2081 1082; x_wconf 61' lang='grc' dir='ltr'>ιροιιεὶθ,</span> <span class='ocrx_word' id='word_1_97' title='bbox 2132 1026 2347 1082; x_wconf 90' lang='lat' dir='ltr'>aquam</span> <span class='ocrx_word' id='word_1_98' title='bbox 2400 1009 2689 1082; x_wconf 84' lang='lat' dir='ltr'>recipiat;</span> <span class='ocrx_word' id='word_1_99' title='bbox 2734 1025 2849 1064; x_wconf 92' lang='lat' dir='ltr'>non</span> <span class='ocrx_word' id='word_1_100' title='bbox 2901 1011 3099 1064; x_wconf 89' lang='lat' dir='ltr'>autem</span> <span class='ocrx_word' id='word_1_101' title='bbox 3147 1008 3345 1079; x_wconf 89' lang='lat' dir='ltr'>ipsum</span> <span class='ocrx_word' id='word_1_102' title='bbox 3374 1023 3480 1081; x_wconf 90' lang='lat' dir='ltr'>per</span> 
     </span>
    </p>
   </div>
   <div class='ocr_carea' id='block_1_15' title="bbox 76 1088 1743 1171">
    <p class='ocr_par' dir='ltr' id='par_1_15' title="bbox 76 1088 1726 1164">
     <span class='ocr_line' id='line_1_15' title="bbox 76 1088 1726 1164; baseline -0.006 -12"><span class='ocrx_word' id='word_1_103' title='bbox 76 1095 126 1152; x_wconf 85' lang='grc' dir='ltr'>δ’</span> <span class='ocrx_word' id='word_1_104' title='bbox 156 1095 279 1151; x_wconf 78' lang='grc' dir='ltr'>αὐτὸ</span> <span class='ocrx_word' id='word_1_105' title='bbox 326 1092 396 1149; x_wconf 88' lang='grc' dir='ltr'>δι’</span> <span class='ocrx_word' id='word_1_106' title='bbox 439 1091 576 1164; x_wconf 75' lang='grc' dir='ltr'>ὅλης</span> <span class='ocrx_word' id='word_1_107' title='bbox 621 1092 791 1162; x_wconf 80' lang='grc' dir='ltr'>αὐτῆς</span> <span class='ocrx_word' id='word_1_108' title='bbox 844 1089 1238 1164; x_wconf 72' lang='grc' dir='ltr'>διικνούμενονσ</span> <span class='ocrx_word' id='word_1_109' title='bbox 1274 1088 1356 1145; x_wconf 81' lang='grc' dir='ltr'>ὅτι</span> <span class='ocrx_word' id='word_1_110' title='bbox 1397 1111 1457 1144; x_wconf 92' lang='grc' dir='ltr'>τε</span> <span class='ocrx_word' id='word_1_111' title='bbox 1479 1089 1542 1144; x_wconf 83' lang='grc' dir='ltr'>τὸ</span> <span class='ocrx_word' id='word_1_112' title='bbox 1597 1088 1726 1143; x_wconf 86' lang='grc' dir='ltr'>ταύ-</span> 
     </span>
    </p>
   </div>
   <div class='ocr_carea' id='block_1_16' title="bbox 1861 1088 3476 1171">
    <p class='ocr_par' dir='ltr' id='par_1_16' title="bbox 1861 1096 3476 1171">
     <span class='ocr_line' id='line_1_16' title="bbox 1861 1096 3476 1171; baseline 0 -18"><span class='ocrx_word' id='word_1_113' title='bbox 1861 1098 2092 1170; x_wconf 72' lang='grc' dir='ltr'>ιοὶρεειιι</span> <span class='ocrx_word' id='word_1_114' title='bbox 2122 1102 2302 1155; x_wconf 91' lang='lat' dir='ltr'>totam</span> <span class='ocrx_word' id='word_1_115' title='bbox 2335 1115 2645 1171; x_wconf 80' lang='lat' dir='ltr'>permeans</span> <span class='ocrx_word' id='word_1_116' title='bbox 2695 1097 2946 1169; x_wconf 88' lang='lat' dir='ltr'>accipiat</span> <span class='ocrx_word' id='word_1_117' title='bbox 2979 1114 2994 1166; x_wconf 87' lang='lat'><strong>;</strong></span> <span class='ocrx_word' id='word_1_118' title='bbox 3021 1099 3080 1152; x_wconf 89' lang='lat' dir='ltr'>et</span> <span class='ocrx_word' id='word_1_119' title='bbox 3108 1096 3265 1169; x_wconf 91' lang='lat' dir='ltr'>quod</span> <span class='ocrx_word' id='word_1_120' title='bbox 3295 1096 3476 1168; x_wconf 81' lang='lat' dir='ltr'>hujus</span> 
     </span>
    </p>
   </div>
   <div class='ocr_carea' id='block_1_17' title="bbox 74 1176 1743 1258">
    <p class='ocr_par' dir='ltr' id='par_1_17' title="bbox 74 1176 1724 1257">
     <span class='ocr_line' id='line_1_17' title="bbox 74 1176 1724 1257; baseline -0.005 -17"><span class='ocrx_word' id='word_1_121' title='bbox 74 1206 176 1255; x_wconf 90' lang='grc' dir='ltr'>της</span> <span class='ocrx_word' id='word_1_122' title='bbox 227 1187 382 1257; x_wconf 87' lang='grc' dir='ltr'>σῶμα</span> <span class='ocrx_word' id='word_1_123' title='bbox 454 1180 774 1257; x_wconf 86' lang='grc' dir='ltr'>παχύτητος</span> <span class='ocrx_word' id='word_1_124' title='bbox 832 1180 923 1235; x_wconf 80' lang='grc' dir='ltr'>καὶ</span> <span class='ocrx_word' id='word_1_125' title='bbox 979 1179 1317 1247; x_wconf 85' lang='grc' dir='ltr'>πυκνότητος</span> <span class='ocrx_word' id='word_1_126' title='bbox 1372 1178 1472 1232; x_wconf 81' lang='grc' dir='ltr'>οὐκ</span> <span class='ocrx_word' id='word_1_127' title='bbox 1529 1176 1724 1253; x_wconf 82' lang='grc' dir='ltr'>ὀλίγης</span> 
     </span>
    </p>
   </div>
   <div class='ocr_carea' id='block_1_18' title="bbox 1861 1176 3480 1258">
    <p class='ocr_par' dir='ltr' id='par_1_18' title="bbox 1861 1184 3480 1258">
     <span class='ocr_line' id='line_1_18' title="bbox 1861 1184 3480 1258; baseline 0 -17"><span class='ocrx_word' id='word_1_128' title='bbox 1861 1203 2052 1258; x_wconf 76' lang='lat' dir='ltr'>:orpus</span> <span class='ocrx_word' id='word_1_129' title='bbox 2082 1188 2367 1244; x_wconf 86' lang='lat' dir='ltr'>crassitiei</span> <span class='ocrx_word' id='word_1_130' title='bbox 2398 1192 2456 1243; x_wconf 92' lang='lat' dir='ltr'>et</span> <span class='ocrx_word' id='word_1_131' title='bbox 2485 1185 2792 1243; x_wconf 89' lang='lat' dir='ltr'>densitatis</span> <span class='ocrx_word' id='word_1_132' title='bbox 2822 1202 2939 1242; x_wconf 92' lang='lat' dir='ltr'>non</span> <span class='ocrx_word' id='word_1_133' title='bbox 2988 1184 3208 1258; x_wconf 66' lang='lat' dir='ltr'>exigua</span> <span class='ocrx_word' id='word_1_134' title='bbox 3238 1184 3316 1242; x_wconf 90' lang='lat' dir='ltr'>sit</span> <span class='ocrx_word' id='word_1_135' title='bbox 3338 1201 3480 1258; x_wconf 88' lang='lat' dir='ltr'>par-</span> 
     </span>
    </p>
   </div>
   <div class='ocr_carea' id='block_1_19' title="bbox 81 1262 1743 1348">
    <p class='ocr_par' dir='ltr' id='par_1_19' title="bbox 81 1262 1724 1348">
     <span class='ocr_line' id='line_1_19' title="bbox 81 1262 1724 1348; baseline -0.006 -19"><span class='ocrx_word' id='word_1_136' title='bbox 81 1274 320 1348; x_wconf 82' lang='grc' dir='ltr'>μετέχει,</span> <span class='ocrx_word' id='word_1_137' title='bbox 348 1272 437 1325; x_wconf 87' lang='grc' dir='ltr'>καὶ</span> <span class='ocrx_word' id='word_1_138' title='bbox 494 1269 576 1325; x_wconf 81' lang='grc' dir='ltr'>ὅτι</span> <span class='ocrx_word' id='word_1_139' title='bbox 624 1270 715 1324; x_wconf 83' lang='grc' dir='ltr'>καὶ</span> <span class='ocrx_word' id='word_1_140' title='bbox 770 1270 1005 1342; x_wconf 81' lang='grc' dir='ltr'>μήκοθεν</span> <span class='ocrx_word' id='word_1_141' title='bbox 1054 1262 1343 1323; x_wconf 75' lang='grc' dir='ltr'>ἐπιϐάλλει</span> <span class='ocrx_word' id='word_1_142' title='bbox 1398 1266 1566 1340; x_wconf 79' lang='grc' dir='ltr'>ταύτῃ</span> <span class='ocrx_word' id='word_1_143' title='bbox 1629 1265 1724 1327; x_wconf 76' lang='grc' dir='ltr'>τὰς</span> 
     </span>
    </p>
   </div>
   <div class='ocr_carea' id='block_1_20' title="bbox 1861 1262 3481 1348">
    <p class='ocr_par' dir='ltr' id='par_1_20' title="bbox 1861 1272 3481 1348">
     <span class='ocr_line' id='line_1_20' title="bbox 1861 1272 3481 1348; baseline 0.002 -21"><span class='ocrx_word' id='word_1_144' title='bbox 1861 1274 2046 1348; x_wconf 85' lang='lat' dir='ltr'>iceps,</span> <span class='ocrx_word' id='word_1_145' title='bbox 2080 1281 2138 1332; x_wconf 93' lang='lat' dir='ltr'>et</span> <span class='ocrx_word' id='word_1_146' title='bbox 2168 1276 2322 1347; x_wconf 92' lang='lat' dir='ltr'>quod</span> <span class='ocrx_word' id='word_1_147' title='bbox 2354 1275 2532 1332; x_wconf 87' lang='lat' dir='ltr'>etiam</span> <span class='ocrx_word' id='word_1_148' title='bbox 2562 1274 2651 1330; x_wconf 90' lang='lat' dir='ltr'>sol</span> <span class='ocrx_word' id='word_1_149' title='bbox 2673 1274 2811 1330; x_wconf 89' lang='lat' dir='ltr'>huic</span> <span class='ocrx_word' id='word_1_150' title='bbox 2862 1272 3094 1331; x_wconf 89' lang='lat' dir='ltr'>eminus</span> <span class='ocrx_word' id='word_1_151' title='bbox 3150 1273 3347 1330; x_wconf 85' lang='lat' dir='ltr'>radios</span> <span class='ocrx_word' id='word_1_152' title='bbox 3377 1274 3481 1330; x_wconf 90' lang='lat' dir='ltr'>ad-</span> 
     </span>
    </p>
   </div>
   <div class='ocr_carea' id='block_1_21' title="bbox 79 1350 1729 1435">
    <p class='ocr_par' dir='ltr' id='par_1_21' title="bbox 79 1350 1729 1435">
     <span class='ocr_line' id='line_1_21' title="bbox 79 1350 1729 1435; baseline -0.006 -17"><span class='ocrx_word' id='word_1_153' title='bbox 79 1363 295 1424; x_wconf 85' lang='grc' dir='ltr'>ἀκτῖνας</span> <span class='ocrx_word' id='word_1_154' title='bbox 341 1361 368 1415; x_wconf 88' lang='grc' dir='ltr'>ὁ</span> <span class='ocrx_word' id='word_1_155' title='bbox 417 1358 602 1429; x_wconf 77' lang='grc' dir='ltr'>ἥλιος.</span> <span class='ocrx_word' id='word_1_156' title='bbox 652 1356 805 1414; x_wconf 82' lang='grc' dir='ltr'>Πολὺ</span> <span class='ocrx_word' id='word_1_157' title='bbox 851 1356 952 1434; x_wconf 76' lang='grc' dir='ltr'>γὰρ</span> <span class='ocrx_word' id='word_1_158' title='bbox 990 1356 1281 1435; x_wconf 72' lang='grc' dir='ltr'>ἀφέστηκεν</span> <span class='ocrx_word' id='word_1_159' title='bbox 1331 1355 1382 1427; x_wconf 79' lang='grc' dir='ltr'>ἐξ</span> <span class='ocrx_word' id='word_1_160' title='bbox 1433 1354 1599 1425; x_wconf 81' lang='grc' dir='ltr'>αὐτῆς</span> <span class='ocrx_word' id='word_1_161' title='bbox 1657 1350 1729 1408; x_wconf 75' lang='grc' dir='ltr'>εἷ’-</span> 
     </span>
    </p>
   </div>
   <div class='ocr_carea' id='block_1_22' title="bbox 75 1441 1727 1527">
    <p class='ocr_par' dir='ltr' id='par_1_22' title="bbox 75 1441 1727 1527">
     <span class='ocr_line' id='line_1_22' title="bbox 75 1441 1727 1527; baseline -0.007 -20"><span class='ocrx_word' id='word_1_162' title='bbox 75 1471 181 1527; x_wconf 87' lang='grc' dir='ltr'>περ</span> <span class='ocrx_word' id='word_1_163' title='bbox 233 1454 413 1524; x_wconf 85' lang='grc' dir='ltr'>μεῖζον</span> <span class='ocrx_word' id='word_1_164' title='bbox 470 1447 506 1516; x_wconf 77' lang='grc' dir='ltr'><strong>ἢ</strong></span> <span class='ocrx_word' id='word_1_165' title='bbox 560 1442 1171 1518; x_wconf 75' lang='grc' dir='ltr'>ἒπτακαιδεκαπλάσιον,</span> <span class='ocrx_word' id='word_1_166' title='bbox 1204 1444 1372 1520; x_wconf 78' lang='grc' dir='ltr'>οὗπερ</span> <span class='ocrx_word' id='word_1_167' title='bbox 1432 1441 1727 1521; x_wconf 78' lang='grc' dir='ltr'>ἀφέστηκεν</span> 
     </span>
    </p>
   </div>
   <div class='ocr_carea' id='block_1_23' title="bbox 79 1532 1431 1612">
    <p class='ocr_par' dir='ltr' id='par_1_23' title="bbox 79 1532 1431 1612">
     <span class='ocr_line' id='line_1_23' title="bbox 79 1532 1431 1612; baseline -0.006 -17"><span class='ocrx_word' id='word_1_168' title='bbox 79 1543 121 1611; x_wconf 85' lang='grc' dir='ltr'>ἡ</span> <span class='ocrx_word' id='word_1_169' title='bbox 152 1538 352 1610; x_wconf 79' lang='grc' dir='ltr'>σελήνη</span> <span class='ocrx_word' id='word_1_170' title='bbox 384 1544 486 1607; x_wconf 84' lang='grc' dir='ltr'>τῆς</span> <span class='ocrx_word' id='word_1_171' title='bbox 512 1542 638 1612; x_wconf 86' lang='grc' dir='ltr'>γῆς,</span> <span class='ocrx_word' id='word_1_172' title='bbox 671 1535 747 1597; x_wconf 85' lang='grc' dir='ltr'>ὡς</span> <span class='ocrx_word' id='word_1_173' title='bbox 781 1532 1047 1590; x_wconf 77' lang='grc' dir='ltr'>δείκνυται</span> <span class='ocrx_word' id='word_1_174' title='bbox 1076 1537 1431 1610; x_wconf 88' lang='grc' dir='ltr'>γραμμικῶς.</span> 
     </span>
    </p>
   </div>
   <div class='ocr_carea' id='block_1_24' title="bbox 163 1706 1730 1787">
    <p class='ocr_par' dir='ltr' id='par_1_24' title="bbox 163 1706 1730 1787">
     <span class='ocr_line' id='line_1_24' title="bbox 163 1706 1730 1787; baseline -0.006 -16"><span class='ocrx_word' id='word_1_175' title='bbox 163 1715 222 1771; x_wconf 91' lang='grc' dir='ltr'>δ’.</span> <span class='ocrx_word' id='word_1_176' title='bbox 249 1711 350 1787; x_wconf 80' lang='grc' dir='ltr'>Εἷ¹η</span> <span class='ocrx_word' id='word_1_177' title='bbox 383 1714 431 1769; x_wconf 89' lang='grc' dir='ltr'>δ’</span> <span class='ocrx_word' id='word_1_178' title='bbox 460 1714 519 1769; x_wconf 76' lang='grc' dir='ltr'>ἂν</span> <span class='ocrx_word' id='word_1_179' title='bbox 562 1710 772 1783; x_wconf 80' lang='grc' dir='ltr'>ἰδιότης</span> <span class='ocrx_word' id='word_1_180' title='bbox 824 1711 1061 1785; x_wconf 84' lang='grc' dir='ltr'>μάλιστα</span> <span class='ocrx_word' id='word_1_181' title='bbox 1104 1717 1206 1780; x_wconf 85' lang='grc' dir='ltr'>τῆς</span> <span class='ocrx_word' id='word_1_182' title='bbox 1256 1708 1515 1783; x_wconf 76' lang='grc' dir='ltr'>σελήνης,</span> <span class='ocrx_word' id='word_1_183' title='bbox 1550 1706 1730 1784; x_wconf 82' lang='grc' dir='ltr'>ὥσπερ</span> 
     </span>
    </p>
   </div>
   <div class='ocr_carea' id='block_1_25' title="bbox 86 1796 1730 1876">
    <p class='ocr_par' dir='ltr' id='par_1_25' title="bbox 86 1796 1730 1876">
     <span class='ocr_line' id='line_1_25' title="bbox 86 1796 1730 1876; baseline -0.007 -14"><span class='ocrx_word' id='word_1_184' title='bbox 86 1807 154 1862; x_wconf 76' lang='grc' dir='ltr'>τὸ</span> <span class='ocrx_word' id='word_1_185' title='bbox 202 1806 295 1868; x_wconf 79' lang='grc' dir='ltr'>τὰς</span> <span class='ocrx_word' id='word_1_186' title='bbox 344 1802 576 1874; x_wconf 75' lang='grc' dir='ltr'>ἡλιακὰς</span> <span class='ocrx_word' id='word_1_187' title='bbox 628 1802 845 1863; x_wconf 83' lang='grc' dir='ltr'>ἀκτῖνας</span> <span class='ocrx_word' id='word_1_188' title='bbox 902 1798 1234 1876; x_wconf 71' lang='grc' dir='ltr'>εἰσδέχεσθαι</span> <span class='ocrx_word' id='word_1_189' title='bbox 1282 1799 1373 1853; x_wconf 79' lang='grc' dir='ltr'>καὶ</span> <span class='ocrx_word' id='word_1_190' title='bbox 1424 1799 1509 1854; x_wconf 82' lang='grc' dir='ltr'>ὑπ’</span> <span class='ocrx_word' id='word_1_191' title='bbox 1557 1796 1730 1852; x_wconf 77' lang='grc' dir='ltr'>αὐτῶν</span> 
     </span>
    </p>
   </div>
   <div class='ocr_carea' id='block_1_26' title="bbox 1840 1362 3481 1438">
    <p class='ocr_par' dir='ltr' id='par_1_26' title="bbox 1840 1362 3481 1438">
     <span class='ocr_line' id='line_1_26' title="bbox 1840 1362 3481 1438; baseline 0 -19"><span class='ocrx_word' id='word_1_192' title='bbox 1840 1370 2085 1421; x_wconf 78' lang='lat' dir='ltr'>moveat.</span> <span class='ocrx_word' id='word_1_193' title='bbox 2146 1371 2336 1438; x_wconf 83' lang='lat' dir='ltr'>Longe</span> <span class='ocrx_word' id='word_1_194' title='bbox 2391 1364 2549 1420; x_wconf 92' lang='lat' dir='ltr'>enim</span> <span class='ocrx_word' id='word_1_195' title='bbox 2607 1365 2651 1399; x_wconf 73' lang='grc'>⁸⁵</span> <span class='ocrx_word' id='word_1_196' title='bbox 2705 1363 2888 1420; x_wconf 88' lang='lat' dir='ltr'>distat</span> <span class='ocrx_word' id='word_1_197' title='bbox 2941 1362 3014 1418; x_wconf 93' lang='lat' dir='ltr'>ab</span> <span class='ocrx_word' id='word_1_198' title='bbox 3070 1379 3156 1432; x_wconf 91' lang='lat' dir='ltr'>ea,</span> <span class='ocrx_word' id='word_1_199' title='bbox 3186 1362 3481 1435; x_wconf 85' lang='lat' dir='ltr'>siquidem</span> 
     </span>
    </p>
   </div>
   <div class='ocr_carea' id='block_1_27' title="bbox 1840 1450 3486 1527">
    <p class='ocr_par' dir='ltr' id='par_1_27' title="bbox 1840 1450 3486 1527">
     <span class='ocr_line' id='line_1_27' title="bbox 1840 1450 3486 1527; baseline 0.001 -20"><span class='ocrx_word' id='word_1_200' title='bbox 1840 1451 1973 1526; x_wconf 90' lang='lat' dir='ltr'>plus</span> <span class='ocrx_word' id='word_1_201' title='bbox 2004 1455 2421 1527; x_wconf 87' lang='lat' dir='ltr'>septemdecim</span> <span class='ocrx_word' id='word_1_202' title='bbox 2450 1453 2675 1510; x_wconf 90' lang='lat' dir='ltr'>vicibus</span> <span class='ocrx_word' id='word_1_203' title='bbox 2717 1469 2896 1525; x_wconf 90' lang='lat' dir='ltr'>quam</span> <span class='ocrx_word' id='word_1_204' title='bbox 2954 1450 3098 1508; x_wconf 91' lang='lat' dir='ltr'>luna</span> <span class='ocrx_word' id='word_1_205' title='bbox 3143 1468 3179 1507; x_wconf 93' lang='lat' dir='ltr'>a</span> <span class='ocrx_word' id='word_1_206' title='bbox 3206 1456 3363 1509; x_wconf 84' lang='lat' dir='ltr'>terra</span> <span class='ocrx_word' id='word_1_207' title='bbox 3388 1450 3486 1509; x_wconf 82' lang='lat' dir='ltr'>di-</span> 
     </span>
    </p>
   </div>
   <div class='ocr_carea' id='block_1_28' title="bbox 1840 1539 3482 1615">
    <p class='ocr_par' dir='ltr' id='par_1_28' title="bbox 1840 1539 3482 1615">
     <span class='ocr_line' id='line_1_28' title="bbox 1840 1539 3482 1615; baseline 0 -18"><span class='ocrx_word' id='word_1_208' title='bbox 1840 1546 1982 1611; x_wconf 91' lang='lat' dir='ltr'>stat,</span> <span class='ocrx_word' id='word_1_209' title='bbox 2029 1541 2528 1613; x_wconf 83' lang='lat' dir='ltr'>quemadmodum</span> <span class='ocrx_word' id='word_1_210' title='bbox 2596 1540 2895 1597; x_wconf 88' lang='lat' dir='ltr'>lineariter</span> <span class='ocrx_word' id='word_1_211' title='bbox 2936 1539 3064 1611; x_wconf 91' lang='lat' dir='ltr'>[seu</span> <span class='ocrx_word' id='word_1_212' title='bbox 3111 1540 3482 1615; x_wconf 70' lang='lat' dir='ltr'>geometrico]</span> 
     </span>
    </p>
   </div>
   <div class='ocr_carea' id='block_1_29' title="bbox 1841 1634 2356 1687">
    <p class='ocr_par' dir='ltr' id='par_1_29' title="bbox 1841 1634 2356 1687">
     <span class='ocr_line' id='line_1_29' title="bbox 1841 1634 2356 1687; baseline 0 -1"><span class='ocrx_word' id='word_1_213' title='bbox 1841 1634 2356 1687; x_wconf 89' lang='lat' dir='ltr'>commonstratur.</span> 
     </span>
    </p>
   </div>
   <div class='ocr_carea' id='block_1_30' title="bbox 1912 1717 3480 1791">
    <p class='ocr_par' dir='ltr' id='par_1_30' title="bbox 1912 1717 3480 1791">
     <span class='ocr_line' id='line_1_30' title="bbox 1912 1717 3480 1791; baseline 0 -17"><span class='ocrx_word' id='word_1_214' title='bbox 1912 1721 1965 1775; x_wconf 87' lang='grc'>4.</span> <span class='ocrx_word' id='word_1_215' title='bbox 1990 1718 2238 1776; x_wconf 84' lang='lat' dir='ltr'>Maxime</span> <span class='ocrx_word' id='word_1_216' title='bbox 2264 1723 2464 1775; x_wconf 87' lang='lat' dir='ltr'>autem</span> <span class='ocrx_word' id='word_1_217' title='bbox 2496 1718 2800 1791; x_wconf 90' lang='lat' dir='ltr'>proprium</span> <span class='ocrx_word' id='word_1_218' title='bbox 2847 1718 3023 1775; x_wconf 87' lang='lat' dir='ltr'>fuerit</span> <span class='ocrx_word' id='word_1_219' title='bbox 3065 1717 3242 1789; x_wconf 78' lang='lat' dir='ltr'>lunae,</span> <span class='ocrx_word' id='word_1_220' title='bbox 3273 1733 3480 1790; x_wconf 88' lang='lat' dir='ltr'>quem-</span> 
     </span>
    </p>
   </div>
   <div class='ocr_carea' id='block_1_31' title="bbox 1844 1806 3480 1879">
    <p class='ocr_par' dir='ltr' id='par_1_31' title="bbox 1844 1806 3480 1879">
     <span class='ocr_line' id='line_1_31' title="bbox 1844 1806 3480 1879; baseline 0 -16"><span class='ocrx_word' id='word_1_221' title='bbox 1844 1808 2160 1865; x_wconf 89' lang='lat' dir='ltr'>admodum</span> <span class='ocrx_word' id='word_1_222' title='bbox 2191 1809 2387 1865; x_wconf 88' lang='lat' dir='ltr'>radios</span> <span class='ocrx_word' id='word_1_223' title='bbox 2415 1808 2635 1863; x_wconf 78' lang='lat' dir='ltr'>soleres</span> <span class='ocrx_word' id='word_1_224' title='bbox 2659 1806 2908 1879; x_wconf 87' lang='lat' dir='ltr'>suscipit</span> <span class='ocrx_word' id='word_1_225' title='bbox 2957 1811 3015 1863; x_wconf 89' lang='lat' dir='ltr'>et</span> <span class='ocrx_word' id='word_1_226' title='bbox 3042 1806 3116 1862; x_wconf 92' lang='lat' dir='ltr'>ab</span> <span class='ocrx_word' id='word_1_227' title='bbox 3147 1807 3305 1863; x_wconf 74' lang='lat'>814</span> <span class='ocrx_word' id='word_1_228' title='bbox 3331 1806 3480 1879; x_wconf 89' lang='lat' dir='ltr'>ipsis</span> 
     </span>
    </p>
   </div>
   <div class='ocr_carea' id='block_1_32' title="bbox 88 1884 1743 1971">
    <p class='ocr_par' dir='ltr' id='par_1_32' title="bbox 88 1884 1733 1971">
     <span class='ocr_line' id='line_1_32' title="bbox 88 1884 1733 1971; baseline -0.007 -21"><span class='ocrx_word' id='word_1_229' title='bbox 88 1894 407 1971; x_wconf 80' lang='grc' dir='ltr'>αὐγάζεσθαι</span> <span class='ocrx_word' id='word_1_230' title='bbox 464 1892 555 1948; x_wconf 82' lang='grc' dir='ltr'>καὶ</span> <span class='ocrx_word' id='word_1_231' title='bbox 612 1890 960 1966; x_wconf 87' lang='grc' dir='ltr'>ἆνταυγάζειν</span> <span class='ocrx_word' id='word_1_232' title='bbox 1016 1889 1079 1944; x_wconf 85' lang='grc' dir='ltr'>τὸ</span> <span class='ocrx_word' id='word_1_233' title='bbox 1130 1887 1410 1965; x_wconf 84' lang='grc' dir='ltr'>περιέχον,</span> <span class='ocrx_word' id='word_1_234' title='bbox 1452 1886 1601 1971; x_wconf 78' lang='grc' dir='ltr'>οὕτω</span> <span class='ocrx_word' id='word_1_235' title='bbox 1642 1884 1733 1940; x_wconf 83' lang='grc' dir='ltr'>καὶ</span> 
     </span>
    </p>
   </div>
   <div class='ocr_carea' id='block_1_33' title="bbox 1861 1884 3491 1971">
    <p class='ocr_par' dir='ltr' id='par_1_33' title="bbox 1867 1894 3491 1968">
     <span class='ocr_line' id='line_1_33' title="bbox 1867 1894 3491 1968; baseline 0.001 -17"><span class='ocrx_word' id='word_1_236' title='bbox 1867 1895 2257 1966; x_wconf 86' lang='lat' dir='ltr'>llustratur,et</span> <span class='ocrx_word' id='word_1_237' title='bbox 2285 1896 2590 1953; x_wconf 88' lang='lat' dir='ltr'>continens</span> <span class='ocrx_word' id='word_1_238' title='bbox 2608 1894 2868 1952; x_wconf 88' lang='lat' dir='ltr'>vicissim</span> <span class='ocrx_word' id='word_1_239' title='bbox 2898 1894 3262 1965; x_wconf 86' lang='lat' dir='ltr'>illustrat;ut</span> <span class='ocrx_word' id='word_1_240' title='bbox 3285 1895 3367 1951; x_wconf 87' lang='lat' dir='ltr'>ita</span> <span class='ocrx_word' id='word_1_241' title='bbox 3385 1910 3491 1968; x_wconf 88' lang='lat' dir='ltr'>per</span> 
     </span>
    </p>
   </div>
   <div class='ocr_carea' id='block_1_34' title="bbox 84 1970 1737 2057">
    <p class='ocr_par' dir='ltr' id='par_1_34' title="bbox 84 1970 1737 2057">
     <span class='ocr_line' id='line_1_34' title="bbox 84 1970 1737 2057; baseline -0.007 -17"><span class='ocrx_word' id='word_1_242' title='bbox 84 1970 262 2057; x_wconf 79' lang='grc' dir='ltr'>τὸμὴ</span> <span class='ocrx_word' id='word_1_243' title='bbox 295 1980 363 2038; x_wconf 88' lang='grc' dir='ltr'>δι’</span> <span class='ocrx_word' id='word_1_244' title='bbox 393 1980 527 2037; x_wconf 80' lang='grc' dir='ltr'>ὅλου</span> <span class='ocrx_word' id='word_1_245' title='bbox 567 1984 665 2035; x_wconf 75' lang='grc' dir='ltr'>τοῦ</span> <span class='ocrx_word' id='word_1_246' title='bbox 711 1980 966 2053; x_wconf 86' lang='grc' dir='ltr'>σώματος</span> <span class='ocrx_word' id='word_1_247' title='bbox 1014 1977 1182 2047; x_wconf 80' lang='grc' dir='ltr'>αὐτῆς</span> <span class='ocrx_word' id='word_1_248' title='bbox 1226 1974 1371 2053; x_wconf 78' lang='grc' dir='ltr'>ἔχειν</span> <span class='ocrx_word' id='word_1_249' title='bbox 1423 1970 1737 2043; x_wconf 71' lang='grc' dir='ltr'>διαϐιϐαζο-</span> 
     </span>
    </p>
   </div>
   <div class='ocr_carea' id='block_1_35' title="bbox 95 2064 1736 2147">
    <p class='ocr_par' dir='ltr' id='par_1_35' title="bbox 95 2064 1736 2147">
     <span class='ocr_line' id='line_1_35' title="bbox 95 2064 1736 2147; baseline -0.005 -20"><span class='ocrx_word' id='word_1_250' title='bbox 95 2075 258 2147; x_wconf 89' lang='grc' dir='ltr'>μένας</span> <span class='ocrx_word' id='word_1_251' title='bbox 301 2069 486 2132; x_wconf 77' lang='grc' dir='ltr'>αὐτάς·</span> <span class='ocrx_word' id='word_1_252' title='bbox 534 2069 616 2124; x_wconf 82' lang='grc' dir='ltr'>ἀεὶ</span> <span class='ocrx_word' id='word_1_253' title='bbox 665 2065 724 2124; x_wconf 78' lang='grc' dir='ltr'>δὲ</span> <span class='ocrx_word' id='word_1_254' title='bbox 765 2068 902 2145; x_wconf 88' lang='grc' dir='ltr'>πρὸς</span> <span class='ocrx_word' id='word_1_255' title='bbox 952 2068 1044 2122; x_wconf 88' lang='grc' dir='ltr'>τὸν</span> <span class='ocrx_word' id='word_1_256' title='bbox 1093 2064 1254 2136; x_wconf 71' lang='grc' dir='ltr'>ἥλιον</span> <span class='ocrx_word' id='word_1_257' title='bbox 1304 2064 1736 2142; x_wconf 88' lang='grc' dir='ltr'>τετραμμένονὴ</span> 
     </span>
    </p>
   </div>
   <div class='ocr_carea' id='block_1_36' title="bbox 89 2150 1779 2235">
    <p class='ocr_par' dir='ltr' id='par_1_36' title="bbox 89 2150 1779 2235">
     <span class='ocr_line' id='line_1_36' title="bbox 89 2150 1779 2235; baseline -0.008 -18"><span class='ocrx_word' id='word_1_258' title='bbox 89 2159 294 2231; x_wconf 80' lang='grc' dir='ltr'>σελήνη</span> <span class='ocrx_word' id='word_1_259' title='bbox 348 2157 782 2235; x_wconf 88' lang='grc' dir='ltr'>περιαυγάζεται,</span> <span class='ocrx_word' id='word_1_260' title='bbox 840 2156 931 2211; x_wconf 82' lang='grc' dir='ltr'>καὶ</span> <span class='ocrx_word' id='word_1_261' title='bbox 1006 2153 1209 2212; x_wconf 71' lang='grc' dir='ltr'>ἄλλοτε</span> <span class='ocrx_word' id='word_1_262' title='bbox 1277 2153 1442 2212; x_wconf 78' lang='grc' dir='ltr'>ἄλλο.</span> <span class='ocrx_word' id='word_1_263' title='bbox 1498 2152 1591 2208; x_wconf 93' lang='grc' dir='ltr'>Διὸ</span> <span class='ocrx_word' id='word_1_264' title='bbox 1649 2150 1779 2207; x_wconf 82' lang='grc' dir='ltr'>καὶ.</span> 
     </span>
    </p>
   </div>
   <div class='ocr_carea' id='block_1_37' title="bbox 92 2239 1737 2323">
    <p class='ocr_par' dir='ltr' id='par_1_37' title="bbox 92 2239 1737 2323">
     <span class='ocr_line' id='line_1_37' title="bbox 92 2239 1737 2323; baseline -0.005 -18"><span class='ocrx_word' id='word_1_265' title='bbox 92 2248 296 2320; x_wconf 88' lang='grc' dir='ltr'>σελήνη</span> <span class='ocrx_word' id='word_1_266' title='bbox 350 2247 567 2323; x_wconf 82' lang='grc' dir='ltr'>λέγεται</span> <span class='ocrx_word' id='word_1_267' title='bbox 616 2243 706 2300; x_wconf 77' lang='grc' dir='ltr'>διὰ</span> <span class='ocrx_word' id='word_1_268' title='bbox 752 2246 814 2300; x_wconf 87' lang='grc' dir='ltr'>τὸ</span> <span class='ocrx_word' id='word_1_269' title='bbox 862 2243 1021 2306; x_wconf 87' lang='grc' dir='ltr'>σέλας</span> <span class='ocrx_word' id='word_1_270' title='bbox 1062 2244 1181 2299; x_wconf 85' lang='grc' dir='ltr'>νέον</span> <span class='ocrx_word' id='word_1_271' title='bbox 1210 2241 1356 2320; x_wconf 78' lang='grc' dir='ltr'>ἔχειν</span> <span class='ocrx_word' id='word_1_272' title='bbox 1389 2241 1491 2315; x_wconf 63' lang='grc' dir='ltr'>ἀεὶ,</span> <span class='ocrx_word' id='word_1_273' title='bbox 1523 2243 1614 2297; x_wconf 82' lang='grc' dir='ltr'>καὶ</span> <span class='ocrx_word' id='word_1_274' title='bbox 1644 2239 1737 2296; x_wconf 76' lang='grc' dir='ltr'>οὕ·-</span> 
     </span>
    </p>
   </div>
   <div class='ocr_carea' id='block_1_38' title="bbox 94 2330 1738 2410">
    <p class='ocr_par' dir='ltr' id='par_1_38' title="bbox 94 2330 1738 2410">
     <span class='ocr_line' id='line_1_38' title="bbox 94 2330 1738 2410; baseline -0.005 -17"><span class='ocrx_word' id='word_1_275' title='bbox 94 2358 232 2394; x_wconf 89' lang='grc' dir='ltr'>ποτε</span> <span class='ocrx_word' id='word_1_276' title='bbox 267 2334 519 2392; x_wconf 90' lang='grc' dir='ltr'>παλαιόν.</span> <span class='ocrx_word' id='word_1_277' title='bbox 548 2334 614 2390; x_wconf 77' lang='grc' dir='ltr'>Εἰ</span> <span class='ocrx_word' id='word_1_278' title='bbox 666 2334 758 2408; x_wconf 74' lang='grc' dir='ltr'>μὲν</span> <span class='ocrx_word' id='word_1_279' title='bbox 807 2333 908 2409; x_wconf 79' lang='grc' dir='ltr'>γὰρ</span> <span class='ocrx_word' id='word_1_280' title='bbox 954 2334 1055 2403; x_wconf 74' lang='grc' dir='ltr'>τήν</span> <span class='ocrx_word' id='word_1_281' title='bbox 1096 2332 1261 2401; x_wconf 77' lang='grc' dir='ltr'>αὐτὴν</span> <span class='ocrx_word' id='word_1_282' title='bbox 1292 2332 1474 2409; x_wconf 89' lang='grc' dir='ltr'>σχέσιν</span> <span class='ocrx_word' id='word_1_283' title='bbox 1506 2330 1738 2410; x_wconf 79' lang='grc' dir='ltr'>ἐφύλατ-</span> 
     </span>
    </p>
   </div>
   <div class='ocr_carea' id='block_1_39' title="bbox 82 2418 1739 2499">
    <p class='ocr_par' dir='ltr' id='par_1_39' title="bbox 82 2418 1739 2499">
     <span class='ocr_line' id='line_1_39' title="bbox 82 2418 1739 2499; baseline -0.007 -15"><span class='ocrx_word' id='word_1_284' title='bbox 82 2449 149 2485; x_wconf 88' lang='grc' dir='ltr'>τε</span> <span class='ocrx_word' id='word_1_285' title='bbox 177 2424 461 2487; x_wconf 87' lang='grc' dir='ltr'>διαπαντὸς</span> <span class='ocrx_word' id='word_1_286' title='bbox 493 2424 630 2499; x_wconf 88' lang='grc' dir='ltr'>πρὸς</span> <span class='ocrx_word' id='word_1_287' title='bbox 670 2423 767 2477; x_wconf 87' lang='grc' dir='ltr'>τὸν</span> <span class='ocrx_word' id='word_1_288' title='bbox 816 2421 999 2492; x_wconf 75' lang='grc' dir='ltr'>ἥλιον,</span> <span class='ocrx_word' id='word_1_289' title='bbox 1029 2420 1085 2476; x_wconf 83' lang='grc' dir='ltr'>ἓν</span> <span class='ocrx_word' id='word_1_290' title='bbox 1135 2420 1194 2476; x_wconf 82' lang='grc' dir='ltr'>ἂν</span> <span class='ocrx_word' id='word_1_291' title='bbox 1253 2422 1368 2498; x_wconf 82' lang='grc' dir='ltr'>εἶχε</span> <span class='ocrx_word' id='word_1_292' title='bbox 1430 2422 1592 2496; x_wconf 84' lang='grc' dir='ltr'>μέρος</span> <span class='ocrx_word' id='word_1_293' title='bbox 1649 2418 1739 2474; x_wconf 87' lang='grc' dir='ltr'>καὶ</span> 
     </span>
    </p>
   </div>
   <div class='ocr_carea' id='block_1_40' title="bbox 84 2507 1740 2589">
    <p class='ocr_par' dir='ltr' id='par_1_40' title="bbox 84 2507 1740 2589">
     <span class='ocr_line' id='line_1_40' title="bbox 84 2507 1740 2589; baseline -0.005 -18"><span class='ocrx_word' id='word_1_294' title='bbox 84 2517 156 2571; x_wconf 82' lang='grc' dir='ltr'>τὸ</span> <span class='ocrx_word' id='word_1_295' title='bbox 210 2515 293 2570; x_wconf 80' lang='grc' dir='ltr'>ὑπ’</span> <span class='ocrx_word' id='word_1_296' title='bbox 347 2512 511 2568; x_wconf 75' lang='grc' dir='ltr'>αὐτοῦ</span> <span class='ocrx_word' id='word_1_297' title='bbox 567 2511 960 2589; x_wconf 77' lang='grc' dir='ltr'>φωτιζόμενον·</span> <span class='ocrx_word' id='word_1_298' title='bbox 994 2509 1109 2565; x_wconf 78' lang='grc' dir='ltr'>ἐπεὶ</span> <span class='ocrx_word' id='word_1_299' title='bbox 1159 2508 1217 2565; x_wconf 70' lang='grc' dir='ltr'>δὲ</span> <span class='ocrx_word' id='word_1_300' title='bbox 1262 2510 1398 2565; x_wconf 87' lang='grc' dir='ltr'>κατὰ</span> <span class='ocrx_word' id='word_1_301' title='bbox 1440 2511 1541 2578; x_wconf 84' lang='grc' dir='ltr'>τήν</span> <span class='ocrx_word' id='word_1_302' title='bbox 1597 2507 1740 2564; x_wconf 89' lang='grc' dir='ltr'>πλα-</span> 
     </span>
    </p>
   </div>
   <div class='ocr_carea' id='block_1_41' title="bbox 84 2598 1741 2677">
    <p class='ocr_par' dir='ltr' id='par_1_41' title="bbox 84 2598 1741 2677">
     <span class='ocr_line' id='line_1_41' title="bbox 84 2598 1741 2677; baseline -0.005 -17"><span class='ocrx_word' id='word_1_303' title='bbox 84 2604 317 2675; x_wconf 80' lang='grc' dir='ltr'>νητικὴν</span> <span class='ocrx_word' id='word_1_304' title='bbox 371 2601 541 2671; x_wconf 78' lang='grc' dir='ltr'>αὐτῆς</span> <span class='ocrx_word' id='word_1_305' title='bbox 597 2598 820 2677; x_wconf 84' lang='grc' dir='ltr'>πορείαν</span> <span class='ocrx_word' id='word_1_306' title='bbox 888 2600 1022 2654; x_wconf 72' lang='grc' dir='ltr'>ποτε</span> <span class='ocrx_word' id='word_1_307' title='bbox 1084 2600 1179 2672; x_wconf 76' lang='grc' dir='ltr'>μὲν</span> <span class='ocrx_word' id='word_1_308' title='bbox 1242 2598 1604 2676; x_wconf 83' lang='grc' dir='ltr'>προσέρχεται</span> <span class='ocrx_word' id='word_1_309' title='bbox 1660 2600 1741 2668; x_wconf 81' lang='grc' dir='ltr'>τῷ</span> 
     </span>
    </p>
   </div>
   <div class='ocr_carea' id='block_1_42' title="bbox 85 2684 1745 2766">
    <p class='ocr_par' dir='ltr' id='par_1_42' title="bbox 85 2684 1745 2766">
     <span class='ocr_line' id='line_1_42' title="bbox 85 2684 1745 2766; baseline -0.005 -18"><span class='ocrx_word' id='word_1_310' title='bbox 85 2692 265 2766; x_wconf 84' lang='grc' dir='ltr'>ἡλίῳ,</span> <span class='ocrx_word' id='word_1_311' title='bbox 295 2691 429 2746; x_wconf 75' lang='grc' dir='ltr'>ποτὲ</span> <span class='ocrx_word' id='word_1_312' title='bbox 460 2688 506 2745; x_wconf 88' lang='grc' dir='ltr'>δ’</span> <span class='ocrx_word' id='word_1_313' title='bbox 536 2689 627 2745; x_wconf 88' lang='grc' dir='ltr'>ἀπ’</span> <span class='ocrx_word' id='word_1_314' title='bbox 652 2688 818 2743; x_wconf 78' lang='grc' dir='ltr'>αὐτοῦ</span> <span class='ocrx_word' id='word_1_315' title='bbox 870 2687 1148 2764; x_wconf 72' lang='grc' dir='ltr'>μακρύνει·</span> <span class='ocrx_word' id='word_1_316' title='bbox 1182 2686 1272 2742; x_wconf 80' lang='grc' dir='ltr'>διὰ</span> <span class='ocrx_word' id='word_1_317' title='bbox 1316 2692 1481 2743; x_wconf 78' lang='grc' dir='ltr'>τοῦτο</span> <span class='ocrx_word' id='word_1_318' title='bbox 1542 2684 1745 2741; x_wconf 80' lang='grc' dir='ltr'>ἄλλοτε</span> 
     </span>
    </p>
   </div>
   <div class='ocr_carea' id='block_1_43' title="bbox 88 2773 1745 2856">
    <p class='ocr_par' dir='ltr' id='par_1_43' title="bbox 88 2773 1745 2856">
     <span class='ocr_line' id='line_1_43' title="bbox 88 2773 1745 2856; baseline -0.006 -19"><span class='ocrx_word' id='word_1_319' title='bbox 88 2779 255 2856; x_wconf 46' lang='grc' dir='ltr'>ἄλλαις</span> <span class='ocrx_word' id='word_1_320' title='bbox 298 2781 460 2856; x_wconf 92' lang='grc' dir='ltr'>μέρος</span> <span class='ocrx_word' id='word_1_321' title='bbox 509 2776 904 2853; x_wconf 84' lang='grc' dir='ltr'>λαμπρύνεται.</span> <span class='ocrx_word' id='word_1_322' title='bbox 964 2778 1063 2831; x_wconf 86' lang='grc' dir='ltr'>Καὶ</span> <span class='ocrx_word' id='word_1_323' title='bbox 1107 2775 1238 2852; x_wconf 80' lang='grc' dir='ltr'>ὅπερ</span> <span class='ocrx_word' id='word_1_324' title='bbox 1287 2776 1493 2831; x_wconf 76' lang='grc' dir='ltr'>ἑστῶσα</span> <span class='ocrx_word' id='word_1_325' title='bbox 1548 2773 1745 2830; x_wconf 84' lang='grc' dir='ltr'>πέπον-</span> 
     </span>
    </p>
   </div>
   <div class='ocr_carea' id='block_1_44' title="bbox 94 2852 1743 2944">
    <p class='ocr_par' dir='ltr' id='par_1_44' title="bbox 94 2852 1743 2944">
     <span class='ocr_line' id='line_1_44' title="bbox 94 2852 1743 2944; baseline -0.006 -19"><span class='ocrx_word' id='word_1_326' title='bbox 94 2884 185 2936; x_wconf 82' lang='grc' dir='ltr'>θεν</span> <span class='ocrx_word' id='word_1_327' title='bbox 407 2865 546 2944; x_wconf 81' lang='grc' dir='ltr'>πρὸς</span> <span class='ocrx_word' id='word_1_328' title='bbox 601 2852 694 2921; x_wconf 72' lang='grc' dir='ltr'>τόν</span> <span class='ocrx_word' id='word_1_329' title='bbox 750 2864 979 2935; x_wconf 80' lang='grc' dir='ltr'>ἡλιακὸν</span> <span class='ocrx_word' id='word_1_330' title='bbox 1038 2867 1338 2943; x_wconf 70' lang='grc' dir='ltr'>φωτισμὸν,</span> <span class='ocrx_word' id='word_1_331' title='bbox 1369 2868 1531 2919; x_wconf 82' lang='grc' dir='ltr'>τοῦτο</span> <span class='ocrx_word' id='word_1_332' title='bbox 1586 2862 1743 2931; x_wconf 85' lang='grc' dir='ltr'>καὶὴ</span> 
     </span>
    </p>
   </div>
   <div class='ocr_carea' id='block_1_45' title="bbox 96 2948 1745 3031">
    <p class='ocr_par' dir='ltr' id='par_1_45' title="bbox 96 2948 1745 3031">
     <span class='ocr_line' id='line_1_45' title="bbox 96 2948 1745 3031; baseline -0.005 -17"><span class='ocrx_word' id='word_1_333' title='bbox 96 2959 301 3029; x_wconf 87' lang='grc' dir='ltr'>σελήνη</span> <span class='ocrx_word' id='word_1_334' title='bbox 350 2957 666 3029; x_wconf 83' lang='grc' dir='ltr'>κινουμένη.</span> <span class='ocrx_word' id='word_1_335' title='bbox 701 2953 799 3009; x_wconf 83' lang='grc' dir='ltr'>Καὶ</span> <span class='ocrx_word' id='word_1_336' title='bbox 830 2954 933 3031; x_wconf 84' lang='grc' dir='ltr'>γὰρ</span> <span class='ocrx_word' id='word_1_337' title='bbox 968 2953 1147 3029; x_wconf 80' lang='grc' dir='ltr'>ὥσπερ</span> <span class='ocrx_word' id='word_1_338' title='bbox 1177 2956 1212 3023; x_wconf 90' lang='grc' dir='ltr'>ἡ</span> <span class='ocrx_word' id='word_1_339' title='bbox 1245 2960 1314 3029; x_wconf 88' lang='grc' dir='ltr'>γῆ</span> <span class='ocrx_word' id='word_1_340' title='bbox 1360 2954 1425 3009; x_wconf 85' lang='grc' dir='ltr'>τὸ</span> <span class='ocrx_word' id='word_1_341' title='bbox 1474 2948 1585 3007; x_wconf 66' lang='grc' dir='ltr'>ἴσον</span> <span class='ocrx_word' id='word_1_342' title='bbox 1640 2951 1745 3006; x_wconf 84' lang='grc' dir='ltr'>ἀπὸ</span> 
     </span>
    </p>
   </div>
   <div class='ocr_carea' id='block_1_46' title="bbox 93 3040 1745 3121">
    <p class='ocr_par' dir='ltr' id='par_1_46' title="bbox 93 3040 1745 3121">
     <span class='ocr_line' id='line_1_46' title="bbox 93 3040 1745 3121; baseline -0.005 -18"><span class='ocrx_word' id='word_1_343' title='bbox 93 3051 199 3103; x_wconf 75' lang='grc' dir='ltr'>τοῦ</span> <span class='ocrx_word' id='word_1_344' title='bbox 252 3044 416 3115; x_wconf 83' lang='grc' dir='ltr'>ἡλίου</span> <span class='ocrx_word' id='word_1_345' title='bbox 468 3040 672 3119; x_wconf 73' lang='grc' dir='ltr'>ἔχουσα</span> <span class='ocrx_word' id='word_1_346' title='bbox 728 3047 864 3121; x_wconf 78' lang='grc' dir='ltr'>φῶς,</span> <span class='ocrx_word' id='word_1_347' title='bbox 898 3040 1099 3099; x_wconf 80' lang='grc' dir='ltr'>ἄλλοτε</span> <span class='ocrx_word' id='word_1_348' title='bbox 1154 3040 1300 3098; x_wconf 80' lang='grc' dir='ltr'>ἄλλα</span> <span class='ocrx_word' id='word_1_349' title='bbox 1336 3040 1745 3114; x_wconf 84' lang='grc' dir='ltr'>καταλάμπεται</span> 
     </span>
    </p>
   </div>
   <div class='ocr_carea' id='block_1_47' title="bbox 105 3129 1746 3213">
    <p class='ocr_par' dir='ltr' id='par_1_47' title="bbox 105 3129 1746 3213">
     <span class='ocr_line' id='line_1_47' title="bbox 105 3129 1746 3213; baseline -0.004 -22"><span class='ocrx_word' id='word_1_350' title='bbox 105 3136 245 3213; x_wconf 82' lang='grc' dir='ltr'>μέρη</span> <span class='ocrx_word' id='word_1_351' title='bbox 302 3134 440 3189; x_wconf 85' lang='grc' dir='ltr'>κατά</span> <span class='ocrx_word' id='word_1_352' title='bbox 490 3134 589 3202; x_wconf 76' lang='grc' dir='ltr'>τὴν</span> <span class='ocrx_word' id='word_1_353' title='bbox 634 3137 732 3187; x_wconf 76' lang='grc' dir='ltr'>τοῖ’)</span> <span class='ocrx_word' id='word_1_354' title='bbox 775 3129 942 3202; x_wconf 86' lang='grc' dir='ltr'>ἡλίου</span> <span class='ocrx_word' id='word_1_355' title='bbox 978 3129 1256 3208; x_wconf 81' lang='grc' dir='ltr'>περίοδον,</span> <span class='ocrx_word' id='word_1_356' title='bbox 1290 3129 1746 3207; x_wconf 87' lang='grc' dir='ltr'>συμπερινοστού-</span> 
     </span>
    </p>
   </div>
   <div class='ocr_carea' id='block_1_48' title="bbox 104 3218 1747 3295">
    <p class='ocr_par' dir='ltr' id='par_1_48' title="bbox 104 3218 1747 3295">
     <span class='ocr_line' id='line_1_48' title="bbox 104 3218 1747 3295; baseline -0.005 -14"><span class='ocrx_word' id='word_1_357' title='bbox 104 3246 209 3294; x_wconf 86' lang='grc' dir='ltr'>σης</span> <span class='ocrx_word' id='word_1_358' title='bbox 250 3223 392 3295; x_wconf 83' lang='grc' dir='ltr'>αύτῷ</span> <span class='ocrx_word' id='word_1_359' title='bbox 420 3221 509 3277; x_wconf 82' lang='grc' dir='ltr'>καὶ</span> <span class='ocrx_word' id='word_1_360' title='bbox 536 3228 639 3292; x_wconf 84' lang='grc' dir='ltr'>τῆς</span> <span class='ocrx_word' id='word_1_361' title='bbox 671 3218 1028 3295; x_wconf 83' lang='grc' dir='ltr'>λαμπηδόνος</span> <span class='ocrx_word' id='word_1_362' title='bbox 1082 3220 1171 3275; x_wconf 85' lang='grc' dir='ltr'>καὶ</span> <span class='ocrx_word' id='word_1_363' title='bbox 1224 3227 1324 3291; x_wconf 83' lang='grc' dir='ltr'>τῆς</span> <span class='ocrx_word' id='word_1_364' title='bbox 1355 3221 1492 3275; x_wconf 80' lang='grc' dir='ltr'>κατὰ</span> <span class='ocrx_word' id='word_1_365' title='bbox 1516 3220 1615 3288; x_wconf 82' lang='grc' dir='ltr'>τὴν</span> <span class='ocrx_word' id='word_1_366' title='bbox 1644 3225 1747 3295; x_wconf 85' lang='grc' dir='ltr'>γῆν</span> 
     </span>
    </p>
   </div>
   <div class='ocr_carea' id='block_1_49' title="bbox 1767 1946 1816 2011">
    <p class='ocr_par' dir='ltr' id='par_1_49' title="bbox 1767 1946 1816 2011">
     <span class='ocr_line' id='line_1_49' title="bbox 1767 1946 1816 2011; baseline 0 0"><span class='ocrx_word' id='word_1_367' title='bbox 1767 1946 1816 2011; x_wconf 91' lang='grc' dir='ltr'><strong>Β</strong></span> 
     </span>
    </p>
   </div>
   <div class='ocr_carea' id='block_1_50' title="bbox 1848 1984 3485 2058">
    <p class='ocr_par' dir='ltr' id='par_1_50' title="bbox 1848 1984 3485 2058">
     <span class='ocr_line' id='line_1_50' title="bbox 1848 1984 3485 2058; baseline 0 -17"><span class='ocrx_word' id='word_1_368' title='bbox 1848 1986 2186 2042; x_wconf 89' lang='lat' dir='ltr'>universum</span> <span class='ocrx_word' id='word_1_369' title='bbox 2216 2002 2393 2041; x_wconf 87' lang='lat' dir='ltr'>suum</span> <span class='ocrx_word' id='word_1_370' title='bbox 2424 2002 2636 2058; x_wconf 87' lang='lat' dir='ltr'>corpus</span> <span class='ocrx_word' id='word_1_371' title='bbox 2666 1988 3040 2058; x_wconf 86' lang='lat' dir='ltr'>penetrantes</span> <span class='ocrx_word' id='word_1_372' title='bbox 3078 2001 3196 2041; x_wconf 89' lang='lat' dir='ltr'>non</span> <span class='ocrx_word' id='word_1_373' title='bbox 3223 1984 3441 2041; x_wconf 85' lang='lat' dir='ltr'>habeat</span> <span class='ocrx_word' id='word_1_374' title='bbox 3470 2001 3485 2041; x_wconf 91' lang='lat'><strong>:</strong></span> 
     </span>
    </p>
   </div>
   <div class='ocr_carea' id='block_1_51' title="bbox 1846 2072 3494 2147">
    <p class='ocr_par' dir='ltr' id='par_1_51' title="bbox 1846 2072 3494 2147">
     <span class='ocr_line' id='line_1_51' title="bbox 1846 2072 3494 2147; baseline 0 -17"><span class='ocrx_word' id='word_1_375' title='bbox 1846 2074 1947 2131; x_wconf 89' lang='lat' dir='ltr'>sed</span> <span class='ocrx_word' id='word_1_376' title='bbox 1980 2091 2211 2147; x_wconf 91' lang='lat' dir='ltr'>semper</span> <span class='ocrx_word' id='word_1_377' title='bbox 2238 2091 2305 2131; x_wconf 90' lang='lat' dir='ltr'>ea</span> <span class='ocrx_word' id='word_1_378' title='bbox 2332 2078 2498 2146; x_wconf 90' lang='lat' dir='ltr'>parte</span> <span class='ocrx_word' id='word_1_379' title='bbox 2537 2090 2654 2145; x_wconf 91' lang='lat' dir='ltr'>qua</span> <span class='ocrx_word' id='word_1_380' title='bbox 2705 2074 2777 2130; x_wconf 90' lang='lat' dir='ltr'>ad</span> <span class='ocrx_word' id='word_1_381' title='bbox 2834 2072 3019 2130; x_wconf 91' lang='lat' dir='ltr'>solem</span> <span class='ocrx_word' id='word_1_382' title='bbox 3076 2089 3356 2130; x_wconf 89' lang='lat' dir='ltr'>conversa</span> <span class='ocrx_word' id='word_1_383' title='bbox 3402 2076 3494 2130; x_wconf 87' lang='lat' dir='ltr'>est</span> 
     </span>
    </p>
   </div>
   <div class='ocr_carea' id='block_1_52' title="bbox 1848 2161 3491 2236">
    <p class='ocr_par' dir='ltr' id='par_1_52' title="bbox 1848 2161 3491 2236">
     <span class='ocr_line' id='line_1_52' title="bbox 1848 2161 3491 2236; baseline -0.001 -17"><span class='ocrx_word' id='word_1_384' title='bbox 1848 2162 1989 2219; x_wconf 88' lang='lat' dir='ltr'>luna</span> <span class='ocrx_word' id='word_1_385' title='bbox 2019 2162 2279 2236; x_wconf 88' lang='lat' dir='ltr'>undique</span> <span class='ocrx_word' id='word_1_386' title='bbox 2308 2162 2707 2232; x_wconf 88' lang='lat' dir='ltr'>collustratur,</span> <span class='ocrx_word' id='word_1_387' title='bbox 2739 2166 2797 2218; x_wconf 89' lang='lat' dir='ltr'>et</span> <span class='ocrx_word' id='word_1_388' title='bbox 2839 2161 2983 2219; x_wconf 87' lang='lat' dir='ltr'>alias</span> <span class='ocrx_word' id='word_1_389' title='bbox 3041 2161 3174 2219; x_wconf 87' lang='lat' dir='ltr'>alia.</span> <span class='ocrx_word' id='word_1_390' title='bbox 3227 2163 3491 2234; x_wconf 88' lang='lat' dir='ltr'>Quapro-</span> 
     </span>
    </p>
   </div>
   <div class='ocr_carea' id='block_1_53' title="bbox 1849 2245 3487 2325">
    <p class='ocr_par' dir='ltr' id='par_1_53' title="bbox 1849 2245 3487 2325">
     <span class='ocr_line' id='line_1_53' title="bbox 1849 2245 3487 2325; baseline -0.002 -18"><span class='ocrx_word' id='word_1_391' title='bbox 1849 2256 1977 2325; x_wconf 90' lang='lat' dir='ltr'>pter</span> <span class='ocrx_word' id='word_1_392' title='bbox 2031 2252 2204 2309; x_wconf 85' lang='lat' dir='ltr'>etiam</span> <span class='ocrx_word' id='word_1_393' title='bbox 2267 2247 2471 2320; x_wconf 84' lang='grc' dir='ltr'>σελήνη</span> <span class='ocrx_word' id='word_1_394' title='bbox 2551 2250 2735 2324; x_wconf 89' lang='lat' dir='ltr'>[luna]</span> <span class='ocrx_word' id='word_1_395' title='bbox 2812 2250 3051 2321; x_wconf 89' lang='lat' dir='ltr'>dicitur,</span> <span class='ocrx_word' id='word_1_396' title='bbox 3112 2250 3269 2322; x_wconf 89' lang='lat' dir='ltr'>quod</span> <span class='ocrx_word' id='word_1_397' title='bbox 3325 2245 3487 2312; x_wconf 80' lang='grc' dir='ltr'>σέλας</span> 
     </span>
    </p>
   </div>
   <div class='ocr_carea' id='block_1_54' title="bbox 1847 2336 3491 2410">
    <p class='ocr_par' dir='ltr' id='par_1_54' title="bbox 1847 2336 3491 2410">
     <span class='ocr_line' id='line_1_54' title="bbox 1847 2336 3491 2410; baseline 0.002 -19"><span class='ocrx_word' id='word_1_398' title='bbox 1847 2336 1964 2392; x_wconf 85' lang='grc' dir='ltr'>νέον</span> <span class='ocrx_word' id='word_1_399' title='bbox 1998 2338 2077 2410; x_wconf 92' lang='lat' dir='ltr'>[id</span> <span class='ocrx_word' id='word_1_400' title='bbox 2109 2343 2216 2404; x_wconf 89' lang='lat' dir='ltr'>est,</span> <span class='ocrx_word' id='word_1_401' title='bbox 2248 2337 2450 2394; x_wconf 88' lang='lat' dir='ltr'>lumen</span> <span class='ocrx_word' id='word_1_402' title='bbox 2480 2338 2717 2409; x_wconf 88' lang='lat' dir='ltr'>novum]</span> <span class='ocrx_word' id='word_1_403' title='bbox 2747 2354 2813 2394; x_wconf 89' lang='lat' dir='ltr'>ac</span> <span class='ocrx_word' id='word_1_404' title='bbox 2846 2354 3152 2410; x_wconf 86' lang='lat' dir='ltr'>nunquam</span> <span class='ocrx_word' id='word_1_405' title='bbox 3178 2340 3347 2394; x_wconf 87' lang='lat' dir='ltr'>vetus</span> <span class='ocrx_word' id='word_1_406' title='bbox 3385 2337 3491 2394; x_wconf 89' lang='lat' dir='ltr'>ha-</span> 
     </span>
    </p>
   </div>
   <div class='ocr_carea' id='block_1_55' title="bbox 1849 2425 3492 2500">
    <p class='ocr_par' dir='ltr' id='par_1_55' title="bbox 1849 2425 3492 2500">
     <span class='ocr_line' id='line_1_55' title="bbox 1849 2425 3492 2500; baseline 0 -17"><span class='ocrx_word' id='word_1_407' title='bbox 1849 2428 2001 2483; x_wconf 91' lang='lat' dir='ltr'>beat.</span> <span class='ocrx_word' id='word_1_408' title='bbox 2035 2427 2091 2481; x_wconf 92' lang='lat' dir='ltr'>Si</span> <span class='ocrx_word' id='word_1_409' title='bbox 2122 2426 2280 2483; x_wconf 88' lang='lat' dir='ltr'>enim</span> <span class='ocrx_word' id='word_1_410' title='bbox 2309 2425 2548 2499; x_wconf 89' lang='lat' dir='ltr'>quidem</span> <span class='ocrx_word' id='word_1_411' title='bbox 2577 2426 2851 2482; x_wconf 89' lang='lat' dir='ltr'>eumdem</span> <span class='ocrx_word' id='word_1_412' title='bbox 2882 2431 3163 2500; x_wconf 91' lang='lat' dir='ltr'>perpetuo</span> <span class='ocrx_word' id='word_1_413' title='bbox 3193 2427 3268 2483; x_wconf 87' lang='lat' dir='ltr'>ad</span> <span class='ocrx_word' id='word_1_414' title='bbox 3307 2425 3492 2485; x_wconf 87' lang='lat' dir='ltr'>solem</span> 
     </span>
    </p>
   </div>
   <div class='ocr_carea' id='block_1_56' title="bbox 1852 2513 3495 2589">
    <p class='ocr_par' dir='ltr' id='par_1_56' title="bbox 1852 2513 3495 2589">
     <span class='ocr_line' id='line_1_56' title="bbox 1852 2513 3495 2589; baseline 0.001 -18"><span class='ocrx_word' id='word_1_415' title='bbox 1852 2516 2127 2571; x_wconf 87' lang='lat' dir='ltr'>retineret</span> <span class='ocrx_word' id='word_1_416' title='bbox 2156 2514 2586 2582; x_wconf 87' lang='lat' dir='ltr'>habitudinem,</span> <span class='ocrx_word' id='word_1_417' title='bbox 2620 2530 2797 2570; x_wconf 84' lang='lat' dir='ltr'>unam</span> <span class='ocrx_word' id='word_1_418' title='bbox 2835 2513 3013 2571; x_wconf 89' lang='lat' dir='ltr'>etiam</span> <span class='ocrx_word' id='word_1_419' title='bbox 3066 2515 3310 2572; x_wconf 88' lang='lat' dir='ltr'>haberet</span> <span class='ocrx_word' id='word_1_420' title='bbox 3361 2532 3495 2589; x_wconf 87' lang='lat' dir='ltr'>par-</span> 
     </span>
    </p>
   </div>
   <div class='ocr_carea' id='block_1_57' title="bbox 1852 2602 3496 2677">
    <p class='ocr_par' dir='ltr' id='par_1_57' title="bbox 1852 2602 3496 2677">
     <span class='ocr_line' id='line_1_57' title="bbox 1852 2602 3496 2677; baseline 0.001 -17"><span class='ocrx_word' id='word_1_421' title='bbox 1852 2608 1993 2673; x_wconf 88' lang='lat' dir='ltr'>tem,</span> <span class='ocrx_word' id='word_1_422' title='bbox 2023 2621 2152 2675; x_wconf 64' lang='lat' dir='ltr'>quae</span> <span class='ocrx_word' id='word_1_423' title='bbox 2180 2604 2253 2659; x_wconf 90' lang='lat' dir='ltr'>ab</span> <span class='ocrx_word' id='word_1_424' title='bbox 2281 2603 2410 2675; x_wconf 89' lang='lat' dir='ltr'>ipso</span> <span class='ocrx_word' id='word_1_425' title='bbox 2440 2602 2892 2659; x_wconf 91' lang='lat' dir='ltr'>illuminaretur.</span> <span class='ocrx_word' id='word_1_426' title='bbox 2941 2602 3088 2667; x_wconf 90' lang='lat' dir='ltr'>Quia</span> <span class='ocrx_word' id='word_1_427' title='bbox 3145 2608 3340 2661; x_wconf 86' lang='lat' dir='ltr'>autem</span> <span class='ocrx_word' id='word_1_428' title='bbox 3391 2621 3496 2677; x_wconf 89' lang='lat' dir='ltr'>pro</span> 
     </span>
    </p>
   </div>
   <div class='ocr_carea' id='block_1_58' title="bbox 1854 2690 3498 2764">
    <p class='ocr_par' dir='ltr' id='par_1_58' title="bbox 1854 2690 3498 2764">
     <span class='ocr_line' id='line_1_58' title="bbox 1854 2690 3498 2764; baseline 0 -15"><span class='ocrx_word' id='word_1_429' title='bbox 1854 2693 2184 2749; x_wconf 88' lang='lat' dir='ltr'>errabundo</span> <span class='ocrx_word' id='word_1_430' title='bbox 2215 2709 2322 2747; x_wconf 92' lang='lat' dir='ltr'>suo</span> <span class='ocrx_word' id='word_1_431' title='bbox 2356 2706 2672 2764; x_wconf 89' lang='lat' dir='ltr'>progressu</span> <span class='ocrx_word' id='word_1_432' title='bbox 2732 2692 2777 2726; x_wconf 74' lang='grc'>⁸⁷</span> <span class='ocrx_word' id='word_1_433' title='bbox 2826 2690 3125 2748; x_wconf 88' lang='lat' dir='ltr'>interdum</span> <span class='ocrx_word' id='word_1_434' title='bbox 3183 2694 3255 2748; x_wconf 92' lang='lat' dir='ltr'>ad</span> <span class='ocrx_word' id='word_1_435' title='bbox 3312 2692 3498 2750; x_wconf 91' lang='lat' dir='ltr'>solem</span> 
     </span>
    </p>
   </div>
   <div class='ocr_carea' id='block_1_59' title="bbox 1854 2780 3499 2854">
    <p class='ocr_par' dir='ltr' id='par_1_59' title="bbox 1854 2780 3499 2854">
     <span class='ocr_line' id='line_1_59' title="bbox 1854 2780 3499 2854; baseline 0.001 -15"><span class='ocrx_word' id='word_1_436' title='bbox 1854 2780 2096 2849; x_wconf 88' lang='lat' dir='ltr'>accedit,</span> <span class='ocrx_word' id='word_1_437' title='bbox 2127 2780 2427 2836; x_wconf 90' lang='lat' dir='ltr'>interdum</span> <span class='ocrx_word' id='word_1_438' title='bbox 2458 2781 2531 2836; x_wconf 88' lang='lat' dir='ltr'>ab</span> <span class='ocrx_word' id='word_1_439' title='bbox 2556 2781 2762 2836; x_wconf 89' lang='lat' dir='ltr'>eodem</span> <span class='ocrx_word' id='word_1_440' title='bbox 2793 2780 3027 2853; x_wconf 89' lang='lat' dir='ltr'>longius</span> <span class='ocrx_word' id='word_1_441' title='bbox 3059 2782 3274 2837; x_wconf 89' lang='lat' dir='ltr'>recedit</span> <span class='ocrx_word' id='word_1_442' title='bbox 3308 2800 3322 2851; x_wconf 90' lang='lat'><strong>;</strong></span> <span class='ocrx_word' id='word_1_443' title='bbox 3355 2797 3499 2854; x_wconf 81' lang='lat' dir='ltr'>pro—</span> 
     </span>
    </p>
   </div>
   <div class='ocr_carea' id='block_1_60' title="bbox 1855 2867 3498 2943">
    <p class='ocr_par' dir='ltr' id='par_1_60' title="bbox 1855 2867 3498 2943">
     <span class='ocr_line' id='line_1_60' title="bbox 1855 2867 3498 2943; baseline -0.001 -16"><span class='ocrx_word' id='word_1_444' title='bbox 1855 2874 2054 2943; x_wconf 89' lang='lat' dir='ltr'>pterea</span> <span class='ocrx_word' id='word_1_445' title='bbox 2081 2869 2226 2925; x_wconf 89' lang='lat' dir='ltr'>alias</span> <span class='ocrx_word' id='word_1_446' title='bbox 2257 2868 2373 2924; x_wconf 90' lang='lat' dir='ltr'>alia</span> <span class='ocrx_word' id='word_1_447' title='bbox 2402 2868 2562 2924; x_wconf 89' lang='lat' dir='ltr'>illius</span> <span class='ocrx_word' id='word_1_448' title='bbox 2590 2885 2727 2940; x_wconf 89' lang='lat' dir='ltr'>pars</span> <span class='ocrx_word' id='word_1_449' title='bbox 2756 2867 3064 2941; x_wconf 87' lang='lat' dir='ltr'>splendore</span> <span class='ocrx_word' id='word_1_450' title='bbox 3106 2869 3498 2942; x_wconf 85' lang='lat' dir='ltr'>perfunditur.</span> 
     </span>
    </p>
   </div>
   <div class='ocr_carea' id='block_1_61' title="bbox 1854 2957 3503 3031">
    <p class='ocr_par' dir='ltr' id='par_1_61' title="bbox 1854 2957 3503 3031">
     <span class='ocr_line' id='line_1_61' title="bbox 1854 2957 3503 3031; baseline -0.001 -15"><span class='ocrx_word' id='word_1_451' title='bbox 1854 2961 1925 3016; x_wconf 88' lang='lat' dir='ltr'>Et</span> <span class='ocrx_word' id='word_1_452' title='bbox 1953 2959 2109 3031; x_wconf 91' lang='lat' dir='ltr'>quod</span> <span class='ocrx_word' id='word_1_453' title='bbox 2140 2962 2305 3015; x_wconf 78' lang='lat' dir='ltr'>terrae</span> <span class='ocrx_word' id='word_1_454' title='bbox 2338 2957 2519 3014; x_wconf 86' lang='lat' dir='ltr'>stanti</span> <span class='ocrx_word' id='word_1_455' title='bbox 2549 2957 2836 3031; x_wconf 86' lang='lat' dir='ltr'>contingit</span> <span class='ocrx_word' id='word_1_456' title='bbox 2864 2963 3154 3030; x_wconf 88' lang='lat' dir='ltr'>quatenus</span> <span class='ocrx_word' id='word_1_457' title='bbox 3184 2975 3221 3014; x_wconf 91' lang='lat' dir='ltr'>a</span> <span class='ocrx_word' id='word_1_458' title='bbox 3269 2958 3389 3015; x_wconf 86' lang='lat' dir='ltr'>sole</span> <span class='ocrx_word' id='word_1_459' title='bbox 3429 2958 3503 3015; x_wconf 86' lang='lat' dir='ltr'>il-</span> 
     </span>
    </p>
   </div>
   <div class='ocr_carea' id='block_1_62' title="bbox 1857 3046 3501 3119">
    <p class='ocr_par' dir='ltr' id='par_1_62' title="bbox 1857 3046 3501 3119">
     <span class='ocr_line' id='line_1_62' title="bbox 1857 3046 3501 3119; baseline 0 -15"><span class='ocrx_word' id='word_1_460' title='bbox 1857 3048 2182 3105; x_wconf 90' lang='lat' dir='ltr'>luminatur</span> <span class='ocrx_word' id='word_1_461' title='bbox 2208 3048 2276 3116; x_wconf 75' lang='grc'>⁸⁸,</span> <span class='ocrx_word' id='word_1_462' title='bbox 2308 3048 2462 3103; x_wconf 88' lang='lat' dir='ltr'>idem</span> <span class='ocrx_word' id='word_1_463' title='bbox 2496 3046 2674 3102; x_wconf 81' lang='lat' dir='ltr'>etiam</span> <span class='ocrx_word' id='word_1_464' title='bbox 2706 3046 2859 3103; x_wconf 63' lang='lat' dir='ltr'>luna:</span> <span class='ocrx_word' id='word_1_465' title='bbox 2909 3064 3036 3119; x_wconf 74' lang='lat' dir='ltr'>quea</span> <span class='ocrx_word' id='word_1_466' title='bbox 3093 3052 3360 3104; x_wconf 88' lang='lat' dir='ltr'>movetur</span> <span class='ocrx_word' id='word_1_467' title='bbox 3405 3064 3501 3104; x_wconf 83' lang='lat' dir='ltr'>ao-</span> 
     </span>
    </p>
   </div>
   <div class='ocr_carea' id='block_1_63' title="bbox 1859 3135 3502 3214">
    <p class='ocr_par' dir='ltr' id='par_1_63' title="bbox 1859 3135 3502 3214">
     <span class='ocr_line' id='line_1_63' title="bbox 1859 3135 3502 3214; baseline -0.001 -21"><span class='ocrx_word' id='word_1_468' title='bbox 1859 3137 2018 3214; x_wconf 83' lang='lat' dir='ltr'>cidit.</span> <span class='ocrx_word' id='word_1_469' title='bbox 2047 3137 2213 3193; x_wconf 89' lang='lat' dir='ltr'>Sicut</span> <span class='ocrx_word' id='word_1_470' title='bbox 2241 3137 2400 3192; x_wconf 89' lang='lat' dir='ltr'>enim</span> <span class='ocrx_word' id='word_1_471' title='bbox 2431 3139 2588 3191; x_wconf 88' lang='lat' dir='ltr'>terra</span> <span class='ocrx_word' id='word_1_472' title='bbox 2617 3152 2744 3207; x_wconf 62' lang='lat' dir='ltr'>quas</span> <span class='ocrx_word' id='word_1_473' title='bbox 2783 3136 3007 3208; x_wconf 81' lang='lat' dir='ltr'>aequale</span> <span class='ocrx_word' id='word_1_474' title='bbox 3037 3153 3071 3192; x_wconf 90' lang='lat' dir='ltr'>a</span> <span class='ocrx_word' id='word_1_475' title='bbox 3126 3135 3247 3193; x_wconf 90' lang='lat' dir='ltr'>sole</span> <span class='ocrx_word' id='word_1_476' title='bbox 3300 3135 3502 3193; x_wconf 92' lang='lat' dir='ltr'>lumen</span> 
     </span>
    </p>
   </div>
   <div class='ocr_carea' id='block_1_64' title="bbox 1859 3222 3506 3297">
    <p class='ocr_par' dir='ltr' id='par_1_64' title="bbox 1859 3222 3506 3297">
     <span class='ocr_line' id='line_1_64' title="bbox 1859 3222 3506 3297; baseline -0.001 -16"><span class='ocrx_word' id='word_1_477' title='bbox 1859 3227 2055 3297; x_wconf 86' lang='lat' dir='ltr'>habet,</span> <span class='ocrx_word' id='word_1_478' title='bbox 2089 3224 2236 3281; x_wconf 89' lang='lat' dir='ltr'>alias</span> <span class='ocrx_word' id='word_1_479' title='bbox 2267 3224 2399 3281; x_wconf 89' lang='lat' dir='ltr'>aliis</span> <span class='ocrx_word' id='word_1_480' title='bbox 2428 3224 2695 3296; x_wconf 87' lang='lat' dir='ltr'>partibus</span> <span class='ocrx_word' id='word_1_481' title='bbox 2724 3242 2827 3297; x_wconf 92' lang='lat' dir='ltr'>pro</span> <span class='ocrx_word' id='word_1_482' title='bbox 2859 3225 3237 3282; x_wconf 91' lang='lat' dir='ltr'>conversione</span> <span class='ocrx_word' id='word_1_483' title='bbox 3266 3224 3410 3282; x_wconf 89' lang='lat' dir='ltr'>solis</span> <span class='ocrx_word' id='word_1_484' title='bbox 3438 3222 3506 3280; x_wconf 87' lang='lat' dir='ltr'>il-</span> 
     </span>
    </p>
   </div>
   <div class='ocr_carea' id='block_1_65' title="bbox 106 3305 1743 3386">
    <p class='ocr_par' dir='ltr' id='par_1_65' title="bbox 106 3305 1743 3386">
     <span class='ocr_line' id='line_1_65' title="bbox 106 3305 1743 3386; baseline -0.005 -17"><span class='ocrx_word' id='word_1_485' title='bbox 106 3318 282 3375; x_wconf 79' lang='grc' dir='ltr'>σκιᾶς·</span> <span class='ocrx_word' id='word_1_486' title='bbox 316 3311 457 3367; x_wconf 79' lang='grc' dir='ltr'>οὕτω</span> <span class='ocrx_word' id='word_1_487' title='bbox 486 3309 643 3380; x_wconf 85' lang='grc' dir='ltr'>καὶὴ</span> <span class='ocrx_word' id='word_1_488' title='bbox 676 3307 878 3380; x_wconf 91' lang='grc' dir='ltr'>σελήνη</span> <span class='ocrx_word' id='word_1_489' title='bbox 922 3310 984 3364; x_wconf 86' lang='grc' dir='ltr'>τὸ</span> <span class='ocrx_word' id='word_1_490' title='bbox 1033 3309 1163 3364; x_wconf 82' lang='grc' dir='ltr'>αὐτὸ</span> <span class='ocrx_word' id='word_1_491' title='bbox 1215 3309 1309 3383; x_wconf 72' lang='grc' dir='ltr'>μὲν</span> <span class='ocrx_word' id='word_1_492' title='bbox 1360 3305 1477 3383; x_wconf 77' lang='grc' dir='ltr'>ἔχει</span> <span class='ocrx_word' id='word_1_493' title='bbox 1522 3312 1635 3386; x_wconf 77' lang='grc' dir='ltr'>φῶς</span> <span class='ocrx_word' id='word_1_494' title='bbox 1695 3306 1743 3361; x_wconf 62' lang='grc' dir='ltr'>ἐκ</span> 
     </span>
    </p>
   </div>
   <div class='ocr_carea' id='block_1_66' title="bbox 1861 3305 3503 3386">
    <p class='ocr_par' dir='ltr' id='par_1_66' title="bbox 1864 3312 3503 3385">
     <span class='ocr_line' id='line_1_66' title="bbox 1864 3312 3503 3385; baseline 0 -15"><span class='ocrx_word' id='word_1_495' title='bbox 1864 3315 2174 3383; x_wconf 86' lang='lat' dir='ltr'>lustratur,</span> <span class='ocrx_word' id='word_1_496' title='bbox 2204 3330 2339 3369; x_wconf 91' lang='lat' dir='ltr'>cum</span> <span class='ocrx_word' id='word_1_497' title='bbox 2373 3330 2488 3385; x_wconf 90' lang='lat' dir='ltr'>quo</span> <span class='ocrx_word' id='word_1_498' title='bbox 2519 3312 2846 3385; x_wconf 88' lang='lat' dir='ltr'>[nimirum]</span> <span class='ocrx_word' id='word_1_499' title='bbox 2878 3317 2934 3369; x_wconf 93' lang='lat' dir='ltr'>et</span> <span class='ocrx_word' id='word_1_500' title='bbox 2984 3313 3260 3385; x_wconf 88' lang='lat' dir='ltr'>splendor</span> <span class='ocrx_word' id='word_1_501' title='bbox 3287 3318 3344 3370; x_wconf 91' lang='lat' dir='ltr'>et</span> <span class='ocrx_word' id='word_1_502' title='bbox 3372 3330 3503 3370; x_wconf 87' lang='lat' dir='ltr'>um-</span> 
     </span>
    </p>
   </div>
   <div class='ocr_carea' id='block_1_67' title="bbox 100 3393 1755 3472">
    <p class='ocr_par' dir='ltr' id='par_1_67' title="bbox 100 3393 1755 3472">
     <span class='ocr_line' id='line_1_67' title="bbox 100 3393 1755 3472; baseline -0.005 -14"><span class='ocrx_word' id='word_1_503' title='bbox 100 3406 208 3459; x_wconf 78' lang='grc' dir='ltr'>τοῦ</span> <span class='ocrx_word' id='word_1_504' title='bbox 236 3400 397 3472; x_wconf 86' lang='grc' dir='ltr'>ἡλίου</span> <span class='ocrx_word' id='word_1_505' title='bbox 454 3398 735 3468; x_wconf 82' lang='grc' dir='ltr'>διηνεκῶς,</span> <span class='ocrx_word' id='word_1_506' title='bbox 765 3398 827 3453; x_wconf 84' lang='grc' dir='ltr'>ού</span> <span class='ocrx_word' id='word_1_507' title='bbox 882 3398 1015 3453; x_wconf 75' lang='grc' dir='ltr'>ποτὲ</span> <span class='ocrx_word' id='word_1_508' title='bbox 1067 3398 1160 3472; x_wconf 76' lang='grc' dir='ltr'>μὲν</span> <span class='ocrx_word' id='word_1_509' title='bbox 1223 3397 1487 3471; x_wconf 88' lang='grc' dir='ltr'>μείζονος,</span> <span class='ocrx_word' id='word_1_510' title='bbox 1516 3397 1650 3451; x_wconf 78' lang='grc' dir='ltr'>ποτὶ</span> <span class='ocrx_word' id='word_1_511' title='bbox 1708 3393 1755 3450; x_wconf 88' lang='grc' dir='ltr'>δ’</span> 
     </span>
    </p>
   </div>
   <div class='ocr_carea' id='block_1_68' title="bbox 105 3484 1759 3562">
    <p class='ocr_par' dir='ltr' id='par_1_68' title="bbox 105 3484 1759 3562">
     <span class='ocr_line' id='line_1_68' title="bbox 105 3484 1759 3562; baseline -0.005 -15"><span class='ocrx_word' id='word_1_512' title='bbox 105 3489 401 3551; x_wconf 81' lang='grc' dir='ltr'>ἐλάττονος</span> <span class='ocrx_word' id='word_1_513' title='bbox 470 3486 891 3562; x_wconf 81' lang='grc' dir='ltr'>έλλαμπομένου</span> <span class='ocrx_word' id='word_1_514' title='bbox 952 3488 1148 3561; x_wconf 88' lang='grc' dir='ltr'>μέρους</span> <span class='ocrx_word' id='word_1_515' title='bbox 1200 3486 1388 3556; x_wconf 81' lang='grc' dir='ltr'>αὐτῆς·</span> <span class='ocrx_word' id='word_1_516' title='bbox 1439 3485 1585 3554; x_wconf 85' lang='grc' dir='ltr'>πλὴν</span> <span class='ocrx_word' id='word_1_517' title='bbox 1658 3484 1759 3539; x_wconf 80' lang='grc' dir='ltr'>οὐκ</span> 
     </span>
    </p>
   </div>
   <div class='ocr_carea' id='block_1_69' title="bbox 102 3571 1758 3655">
    <p class='ocr_par' dir='ltr' id='par_1_69' title="bbox 102 3571 1758 3655">
     <span class='ocr_line' id='line_1_69' title="bbox 102 3571 1758 3655; baseline -0.005 -19"><span class='ocrx_word' id='word_1_518' title='bbox 102 3580 193 3637; x_wconf 78' lang='grc' dir='ltr'>ἀεὶ</span> <span class='ocrx_word' id='word_1_519' title='bbox 249 3580 310 3634; x_wconf 87' lang='grc' dir='ltr'>τὸ</span> <span class='ocrx_word' id='word_1_520' title='bbox 364 3577 495 3633; x_wconf 82' lang='grc' dir='ltr'>αὐτὸ</span> <span class='ocrx_word' id='word_1_521' title='bbox 551 3578 641 3632; x_wconf 86' lang='grc' dir='ltr'>καὶ</span> <span class='ocrx_word' id='word_1_522' title='bbox 699 3576 755 3632; x_wconf 85' lang='grc' dir='ltr'>ἓν</span> <span class='ocrx_word' id='word_1_523' title='bbox 807 3576 1232 3655; x_wconf 80' lang='grc' dir='ltr'>καταφωτίζεται</span> <span class='ocrx_word' id='word_1_524' title='bbox 1305 3575 1491 3652; x_wconf 77' lang='grc' dir='ltr'>μέρος,</span> <span class='ocrx_word' id='word_1_525' title='bbox 1553 3571 1643 3629; x_wconf 75' lang='grc' dir='ltr'>διὰ</span> <span class='ocrx_word' id='word_1_526' title='bbox 1694 3574 1758 3629; x_wconf 88' lang='grc' dir='ltr'>τὸ</span> 
     </span>
    </p>
   </div>
   <div class='ocr_carea' id='block_1_70' title="bbox 108 3663 1760 3747">
    <p class='ocr_par' dir='ltr' id='par_1_70' title="bbox 108 3663 1760 3747">
     <span class='ocr_line' id='line_1_70' title="bbox 108 3663 1760 3747; baseline -0.005 -23"><span class='ocrx_word' id='word_1_527' title='bbox 108 3668 371 3747; x_wconf 75' lang='grc' dir='ltr'>διάφορον</span> <span class='ocrx_word' id='word_1_528' title='bbox 417 3669 524 3721; x_wconf 89' lang='grc' dir='ltr'>τῶν</span> <span class='ocrx_word' id='word_1_529' title='bbox 577 3665 712 3742; x_wconf 85' lang='grc' dir='ltr'>πρὸς</span> <span class='ocrx_word' id='word_1_530' title='bbox 761 3666 853 3720; x_wconf 86' lang='grc' dir='ltr'>τὸν</span> <span class='ocrx_word' id='word_1_531' title='bbox 903 3663 1066 3734; x_wconf 77' lang='grc' dir='ltr'>ἥλιον</span> <span class='ocrx_word' id='word_1_532' title='bbox 1094 3665 1331 3741; x_wconf 84' lang='grc' dir='ltr'>σχέσεων</span> <span class='ocrx_word' id='word_1_533' title='bbox 1366 3663 1550 3732; x_wconf 77' lang='grc' dir='ltr'>αὐτῆς.</span> <span class='ocrx_word' id='word_1_534' title='bbox 1582 3668 1760 3739; x_wconf 84' lang='grc' dir='ltr'>Προσ-</span> 
     </span>
    </p>
   </div>
   <div class='ocr_carea' id='block_1_71' title="bbox 110 3751 1758 3831">
    <p class='ocr_par' dir='ltr' id='par_1_71' title="bbox 110 3751 1758 3831">
     <span class='ocr_line' id='line_1_71' title="bbox 110 3751 1758 3831; baseline -0.005 -18"><span class='ocrx_word' id='word_1_535' title='bbox 110 3756 305 3827; x_wconf 87' lang='grc' dir='ltr'>ιούσης</span> <span class='ocrx_word' id='word_1_536' title='bbox 335 3758 436 3831; x_wconf 82' lang='grc' dir='ltr'>γὰρ</span> <span class='ocrx_word' id='word_1_537' title='bbox 465 3759 544 3826; x_wconf 81' lang='grc' dir='ltr'>τῷ</span> <span class='ocrx_word' id='word_1_538' title='bbox 572 3752 721 3827; x_wconf 86' lang='grc' dir='ltr'>ἡλίῳ</span> <span class='ocrx_word' id='word_1_539' title='bbox 750 3755 841 3808; x_wconf 87' lang='grc' dir='ltr'>καὶ</span> <span class='ocrx_word' id='word_1_540' title='bbox 889 3751 1054 3808; x_wconf 90' lang='grc' dir='ltr'>πάλιν</span> <span class='ocrx_word' id='word_1_541' title='bbox 1107 3754 1515 3829; x_wconf 77' lang='grc' dir='ltr'>μακρυνομένης</span> <span class='ocrx_word' id='word_1_542' title='bbox 1572 3751 1758 3821; x_wconf 77' lang='grc' dir='ltr'>αὐτοῦ,</span> 
     </span>
    </p>
   </div>
   <div class='ocr_carea' id='block_1_72' title="bbox 106 3839 1758 3919">
    <p class='ocr_par' dir='ltr' id='par_1_72' title="bbox 106 3839 1758 3919">
     <span class='ocr_line' id='line_1_72' title="bbox 106 3839 1758 3919; baseline -0.005 -16"><span class='ocrx_word' id='word_1_543' title='bbox 106 3845 318 3903; x_wconf 77' lang='grc' dir='ltr'>ἄλλοτε</span> <span class='ocrx_word' id='word_1_544' title='bbox 347 3841 490 3899; x_wconf 79' lang='grc' dir='ltr'>ἅλλα</span> <span class='ocrx_word' id='word_1_545' title='bbox 542 3842 679 3919; x_wconf 84' lang='grc' dir='ltr'>μέρη</span> <span class='ocrx_word' id='word_1_546' title='bbox 730 3841 932 3913; x_wconf 84' lang='grc' dir='ltr'>ταύτης</span> <span class='ocrx_word' id='word_1_547' title='bbox 982 3840 1353 3918; x_wconf 80' lang='grc' dir='ltr'>λαμπρύνεται</span> <span class='ocrx_word' id='word_1_548' title='bbox 1408 3842 1471 3896; x_wconf 88' lang='grc' dir='ltr'>τὸ</span> <span class='ocrx_word' id='word_1_549' title='bbox 1526 3839 1758 3910; x_wconf 84' lang='grc' dir='ltr'>ἡλιακὸν</span> 
     </span>
    </p>
   </div>
   <div class='ocr_carea' id='block_1_73' title="bbox 108 3929 1763 4011">
    <p class='ocr_par' dir='ltr' id='par_1_73' title="bbox 108 3929 1763 4011">
     <span class='ocr_line' id='line_1_73' title="bbox 108 3929 1763 4011; baseline -0.005 -18"><span class='ocrx_word' id='word_1_550' title='bbox 108 3934 357 4011; x_wconf 79' lang='grc' dir='ltr'>ἐχούσης</span> <span class='ocrx_word' id='word_1_551' title='bbox 406 3935 522 4011; x_wconf 77' lang='grc' dir='ltr'>φῶς</span> <span class='ocrx_word' id='word_1_552' title='bbox 565 3931 690 4008; x_wconf 83' lang='grc' dir='ltr'>περὶ</span> <span class='ocrx_word' id='word_1_553' title='bbox 718 3931 781 3986; x_wconf 88' lang='grc' dir='ltr'>τὸ</span> <span class='ocrx_word' id='word_1_554' title='bbox 812 3932 948 3987; x_wconf 87' lang='grc' dir='ltr'>ἅπαν</span> <span class='ocrx_word' id='word_1_555' title='bbox 999 3930 1200 4003; x_wconf 82' lang='grc' dir='ltr'>ταύτης</span> <span class='ocrx_word' id='word_1_556' title='bbox 1258 3935 1416 4005; x_wconf 82' lang='grc' dir='ltr'>σῶμα</span> <span class='ocrx_word' id='word_1_557' title='bbox 1471 3929 1763 4008; x_wconf 78' lang='grc' dir='ltr'>στρεφόμε-</span> 
     </span>
    </p>
   </div>
   <div class='ocr_carea' id='block_1_74' title="bbox 105 4019 540 4084">
    <p class='ocr_par' dir='ltr' id='par_1_74' title="bbox 105 4019 540 4084">
     <span class='ocr_line' id='line_1_74' title="bbox 105 4019 540 4084; baseline -0.009 -3"><span class='ocrx_word' id='word_1_558' title='bbox 105 4046 208 4081; x_wconf 87' lang='grc' dir='ltr'>νον</span> <span class='ocrx_word' id='word_1_559' title='bbox 242 4019 540 4084; x_wconf 81' lang='grc' dir='ltr'>κυκλικῶς.</span> 
     </span>
    </p>
   </div>
   <div class='ocr_carea' id='block_1_75' title="bbox 192 4194 1766 4274">
    <p class='ocr_par' dir='ltr' id='par_1_75' title="bbox 192 4194 1766 4274">
     <span class='ocr_line' id='line_1_75' title="bbox 192 4194 1766 4274; baseline -0.003 -19"><span class='ocrx_word' id='word_1_560' title='bbox 192 4201 250 4259; x_wconf 83' lang='grc' dir='ltr'>ε’.</span> <span class='ocrx_word' id='word_1_561' title='bbox 283 4199 475 4256; x_wconf 84' lang='grc' dir='ltr'>Ὁπότε</span> <span class='ocrx_word' id='word_1_562' title='bbox 535 4218 630 4273; x_wconf 86' lang='grc' dir='ltr'>μεν</span> <span class='ocrx_word' id='word_1_563' title='bbox 685 4197 777 4253; x_wconf 78' lang='grc' dir='ltr'>οὗν</span> <span class='ocrx_word' id='word_1_564' title='bbox 836 4195 1059 4261; x_wconf 87' lang='grc' dir='ltr'>σύνοδος</span> <span class='ocrx_word' id='word_1_565' title='bbox 1119 4194 1227 4269; x_wconf 75' lang='grc' dir='ltr'>εἷή,</span> <span class='ocrx_word' id='word_1_566' title='bbox 1254 4197 1319 4252; x_wconf 87' lang='grc' dir='ltr'>τὸ</span> <span class='ocrx_word' id='word_1_567' title='bbox 1346 4199 1485 4271; x_wconf 85' lang='grc' dir='ltr'>πρὸς</span> <span class='ocrx_word' id='word_1_568' title='bbox 1542 4196 1766 4274; x_wconf 77' lang='grc' dir='ltr'>οὐρανὸν</span> 
     </span>
    </p>
   </div>
   <div class='ocr_carea' id='block_1_76' title="bbox 108 4285 1764 4367">
    <p class='ocr_par' dir='ltr' id='par_1_76' title="bbox 108 4285 1764 4367">
     <span class='ocr_line' id='line_1_76' title="bbox 108 4285 1764 4367; baseline -0.003 -22"><span class='ocrx_word' id='word_1_569' title='bbox 108 4289 493 4367; x_wconf 79' lang='grc' dir='ltr'>τετραμμένον</span> <span class='ocrx_word' id='word_1_570' title='bbox 556 4286 717 4363; x_wconf 84' lang='grc' dir='ltr'>μέρος</span> <span class='ocrx_word' id='word_1_571' title='bbox 770 4286 940 4357; x_wconf 80' lang='grc' dir='ltr'>αὐτῆς</span> <span class='ocrx_word' id='word_1_572' title='bbox 1016 4287 1420 4363; x_wconf 60' lang='grc' dir='ltr'>ηταυγάζεται.</span> <span class='ocrx_word' id='word_1_573' title='bbox 1478 4285 1610 4341; x_wconf 84' lang='grc' dir='ltr'>Τότε</span> <span class='ocrx_word' id='word_1_574' title='bbox 1662 4286 1764 4362; x_wconf 78' lang='grc' dir='ltr'>γὰρ</span> 
     </span>
    </p>
   </div>
   <div class='ocr_carea' id='block_1_77' title="bbox 106 4369 1768 4454">
    <p class='ocr_par' dir='ltr' id='par_1_77' title="bbox 106 4369 1768 4454">
     <span class='ocr_line' id='line_1_77' title="bbox 106 4369 1768 4454; baseline -0.004 -21"><span class='ocrx_word' id='word_1_575' title='bbox 106 4377 251 4434; x_wconf 82' lang='grc' dir='ltr'>αύτὸ</span> <span class='ocrx_word' id='word_1_576' title='bbox 307 4376 444 4454; x_wconf 85' lang='grc' dir='ltr'>πρὸς</span> <span class='ocrx_word' id='word_1_577' title='bbox 499 4375 591 4430; x_wconf 85' lang='grc' dir='ltr'>τὸν</span> <span class='ocrx_word' id='word_1_578' title='bbox 636 4374 797 4445; x_wconf 73' lang='grc' dir='ltr'>ἥλιον</span> <span class='ocrx_word' id='word_1_579' title='bbox 846 4375 1040 4452; x_wconf 83' lang='grc' dir='ltr'>ἀφορᾷ.</span> <span class='ocrx_word' id='word_1_580' title='bbox 1074 4369 1526 4452; x_wconf 77' lang='grc' dir='ltr'>Παραμειϐούσης</span> <span class='ocrx_word' id='word_1_581' title='bbox 1559 4371 1617 4428; x_wconf 77' lang='grc' dir='ltr'>δὲ</span> <span class='ocrx_word' id='word_1_582' title='bbox 1671 4376 1768 4443; x_wconf 77' lang='grc' dir='ltr'>τῆς</span> 
     </span>
    </p>
   </div>
   <div class='ocr_carea' id='block_1_78' title="bbox 102 4463 1766 4545">
    <p class='ocr_par' dir='ltr' id='par_1_78' title="bbox 102 4463 1766 4545">
     <span class='ocr_line' id='line_1_78' title="bbox 102 4463 1766 4545; baseline -0.004 -21"><span class='ocrx_word' id='word_1_583' title='bbox 102 4465 353 4537; x_wconf 83' lang='grc' dir='ltr'>σελήνης</span> <span class='ocrx_word' id='word_1_584' title='bbox 382 4466 474 4520; x_wconf 87' lang='grc' dir='ltr'>τὸν</span> <span class='ocrx_word' id='word_1_585' title='bbox 525 4463 687 4535; x_wconf 80' lang='grc' dir='ltr'>ἥλιον</span> <span class='ocrx_word' id='word_1_586' title='bbox 721 4465 1090 4545; x_wconf 80' lang='grc' dir='ltr'>ἐπιστρέφεται</span> <span class='ocrx_word' id='word_1_587' title='bbox 1121 4464 1257 4540; x_wconf 83' lang='grc' dir='ltr'>πρὸς</span> <span class='ocrx_word' id='word_1_588' title='bbox 1290 4463 1448 4519; x_wconf 80' lang='grc' dir='ltr'>ἄῦτὸν</span> <span class='ocrx_word' id='word_1_589' title='bbox 1507 4463 1569 4518; x_wconf 87' lang='grc' dir='ltr'>τὸ</span> <span class='ocrx_word' id='word_1_590' title='bbox 1603 4463 1766 4541; x_wconf 86' lang='grc' dir='ltr'>μέρος</span> 
     </span>
    </p>
   </div>
   <div class='ocr_carea' id='block_1_79' title="bbox 1865 3401 3503 3460">
    <p class='ocr_par' dir='ltr' id='par_1_79' title="bbox 1865 3401 3503 3460">
     <span class='ocr_line' id='line_1_79' title="bbox 1865 3401 3503 3460; baseline -0.001 0"><span class='ocrx_word' id='word_1_591' title='bbox 1865 3405 1971 3460; x_wconf 89' lang='lat' dir='ltr'>bra</span> <span class='ocrx_word' id='word_1_592' title='bbox 1997 3407 2166 3459; x_wconf 69' lang='lat' dir='ltr'>terrea</span> <span class='ocrx_word' id='word_1_593' title='bbox 2215 3402 2394 3458; x_wconf 89' lang='lat' dir='ltr'>simul</span> <span class='ocrx_word' id='word_1_594' title='bbox 2452 3402 2864 3457; x_wconf 87' lang='lat' dir='ltr'>circumeunt:</span> <span class='ocrx_word' id='word_1_595' title='bbox 2900 3402 2985 3458; x_wconf 91' lang='lat' dir='ltr'>sic</span> <span class='ocrx_word' id='word_1_596' title='bbox 3040 3406 3098 3458; x_wconf 90' lang='lat' dir='ltr'>et</span> <span class='ocrx_word' id='word_1_597' title='bbox 3150 3401 3293 3459; x_wconf 90' lang='lat' dir='ltr'>luna</span> <span class='ocrx_word' id='word_1_598' title='bbox 3346 3403 3503 3459; x_wconf 87' lang='lat' dir='ltr'>idem</span> 
     </span>
    </p>
   </div>
   <div class='ocr_carea' id='block_1_80' title="bbox 1867 3489 3507 3566">
    <p class='ocr_par' dir='ltr' id='par_1_80' title="bbox 1867 3489 3507 3566">
     <span class='ocr_line' id='line_1_80' title="bbox 1867 3489 3507 3566; baseline 0 -18"><span class='ocrx_word' id='word_1_599' title='bbox 1867 3492 2103 3566; x_wconf 88' lang='lat' dir='ltr'>quidem</span> <span class='ocrx_word' id='word_1_600' title='bbox 2135 3508 2169 3546; x_wconf 91' lang='lat' dir='ltr'>a</span> <span class='ocrx_word' id='word_1_601' title='bbox 2197 3489 2319 3547; x_wconf 91' lang='lat' dir='ltr'>sole</span> <span class='ocrx_word' id='word_1_602' title='bbox 2351 3506 2584 3563; x_wconf 92' lang='lat' dir='ltr'>semper</span> <span class='ocrx_word' id='word_1_603' title='bbox 2612 3489 2812 3546; x_wconf 90' lang='lat' dir='ltr'>lumen</span> <span class='ocrx_word' id='word_1_604' title='bbox 2842 3490 3037 3559; x_wconf 90' lang='lat' dir='ltr'>habet,</span> <span class='ocrx_word' id='word_1_605' title='bbox 3068 3494 3134 3547; x_wconf 93' lang='lat' dir='ltr'>ut</span> <span class='ocrx_word' id='word_1_606' title='bbox 3170 3491 3328 3548; x_wconf 91' lang='lat' dir='ltr'>haud</span> <span class='ocrx_word' id='word_1_607' title='bbox 3360 3490 3507 3548; x_wconf 85' lang='lat' dir='ltr'>alias</span> 
     </span>
    </p>
   </div>
   <div class='ocr_carea' id='block_1_81' title="bbox 1867 3578 3507 3653">
    <p class='ocr_par' dir='ltr' id='par_1_81' title="bbox 1867 3578 3507 3653">
     <span class='ocr_line' id='line_1_81' title="bbox 1867 3578 3507 3653; baseline 0 -16"><span class='ocrx_word' id='word_1_608' title='bbox 1867 3582 2074 3653; x_wconf 85' lang='lat' dir='ltr'>major,</span> <span class='ocrx_word' id='word_1_609' title='bbox 2111 3579 2255 3636; x_wconf 85' lang='lat' dir='ltr'>alias</span> <span class='ocrx_word' id='word_1_610' title='bbox 2285 3579 2477 3635; x_wconf 92' lang='lat' dir='ltr'>minor</span> <span class='ocrx_word' id='word_1_611' title='bbox 2505 3578 2664 3635; x_wconf 89' lang='lat' dir='ltr'>illius</span> <span class='ocrx_word' id='word_1_612' title='bbox 2691 3596 2827 3651; x_wconf 89' lang='lat' dir='ltr'>pars</span> <span class='ocrx_word' id='word_1_613' title='bbox 2873 3578 3199 3636; x_wconf 90' lang='lat' dir='ltr'>illustretur</span> <span class='ocrx_word' id='word_1_614' title='bbox 3230 3598 3244 3648; x_wconf 93' lang='lat'><strong>;</strong></span> <span class='ocrx_word' id='word_1_615' title='bbox 3274 3596 3507 3637; x_wconf 87' lang='lat' dir='ltr'>verum-</span> 
     </span>
    </p>
   </div>
   <div class='ocr_carea' id='block_1_82' title="bbox 1866 3668 3510 3741">
    <p class='ocr_par' dir='ltr' id='par_1_82' title="bbox 1866 3668 3510 3741">
     <span class='ocr_line' id='line_1_82' title="bbox 1866 3668 3510 3741; baseline 0.001 -15"><span class='ocrx_word' id='word_1_616' title='bbox 1866 3674 2061 3727; x_wconf 85' lang='lat' dir='ltr'>tamen</span> <span class='ocrx_word' id='word_1_617' title='bbox 2093 3686 2208 3725; x_wconf 93' lang='lat' dir='ltr'>non</span> <span class='ocrx_word' id='word_1_618' title='bbox 2240 3686 2358 3725; x_wconf 90' lang='lat' dir='ltr'>una</span> <span class='ocrx_word' id='word_1_619' title='bbox 2386 3683 2621 3740; x_wconf 86' lang='lat' dir='ltr'>semper</span> <span class='ocrx_word' id='word_1_620' title='bbox 2646 3668 2969 3741; x_wconf 88' lang='lat' dir='ltr'>eademque</span> <span class='ocrx_word' id='word_1_621' title='bbox 3016 3685 3151 3741; x_wconf 84' lang='lat' dir='ltr'>pars</span> <span class='ocrx_word' id='word_1_622' title='bbox 3208 3668 3510 3727; x_wconf 84' lang='lat' dir='ltr'>illumina-</span> 
     </span>
    </p>
   </div>
   <div class='ocr_carea' id='block_1_83' title="bbox 1868 3754 3508 3830">
    <p class='ocr_par' dir='ltr' id='par_1_83' title="bbox 1868 3754 3508 3830">
     <span class='ocr_line' id='line_1_83' title="bbox 1868 3754 3508 3830; baseline 0.001 -16"><span class='ocrx_word' id='word_1_623' title='bbox 1868 3758 2146 3830; x_wconf 89' lang='lat' dir='ltr'>tur,quod</span> <span class='ocrx_word' id='word_1_624' title='bbox 2177 3756 2416 3813; x_wconf 62' lang='lat' dir='ltr'>diversae</span> <span class='ocrx_word' id='word_1_625' title='bbox 2446 3754 2607 3812; x_wconf 89' lang='lat' dir='ltr'>illius</span> <span class='ocrx_word' id='word_1_626' title='bbox 2638 3757 2711 3812; x_wconf 88' lang='lat' dir='ltr'>ad</span> <span class='ocrx_word' id='word_1_627' title='bbox 2741 3755 2924 3813; x_wconf 90' lang='lat' dir='ltr'>solem</span> <span class='ocrx_word' id='word_1_628' title='bbox 2955 3756 3073 3814; x_wconf 90' lang='lat' dir='ltr'>sint</span> <span class='ocrx_word' id='word_1_629' title='bbox 3109 3757 3508 3815; x_wconf 89' lang='lat' dir='ltr'>habitudines.</span> 
     </span>
    </p>
   </div>
   <div class='ocr_carea' id='block_1_84' title="bbox 1870 3837 3553 3920">
    <p class='ocr_par' dir='ltr' id='par_1_84' title="bbox 1870 3837 3553 3920">
     <span class='ocr_line' id='line_1_84' title="bbox 1870 3837 3553 3920; baseline 0 -16"><span class='ocrx_word' id='word_1_630' title='bbox 1870 3848 2014 3904; x_wconf 93' lang='lat' dir='ltr'>Cum</span> <span class='ocrx_word' id='word_1_631' title='bbox 2045 3846 2202 3902; x_wconf 92' lang='lat' dir='ltr'>enim</span> <span class='ocrx_word' id='word_1_632' title='bbox 2232 3846 2305 3902; x_wconf 88' lang='lat' dir='ltr'>ad</span> <span class='ocrx_word' id='word_1_633' title='bbox 2348 3843 2534 3902; x_wconf 90' lang='lat' dir='ltr'>solem</span> <span class='ocrx_word' id='word_1_634' title='bbox 2593 3844 2849 3916; x_wconf 88' lang='lat' dir='ltr'>accedat,</span> <span class='ocrx_word' id='word_1_635' title='bbox 2907 3850 2965 3901; x_wconf 91' lang='lat' dir='ltr'>et</span> <span class='ocrx_word' id='word_1_636' title='bbox 3018 3863 3224 3904; x_wconf 86' lang='lat' dir='ltr'>rursus</span> <span class='ocrx_word' id='word_1_637' title='bbox 3281 3847 3355 3903; x_wconf 90' lang='lat' dir='ltr'>ab</span> <span class='ocrx_word' id='word_1_638' title='bbox 3383 3837 3553 3920; x_wconf 81' lang='lat' dir='ltr'>ipso</span> 
     </span>
    </p>
   </div>
   <div class='ocr_carea' id='block_1_85' title="bbox 1872 3933 3515 4009">
    <p class='ocr_par' dir='ltr' id='par_1_85' title="bbox 1872 3933 3515 4009">
     <span class='ocr_line' id='line_1_85' title="bbox 1872 3933 3515 4009; baseline -0.002 -16"><span class='ocrx_word' id='word_1_639' title='bbox 1872 3937 2022 3994; x_wconf 70' lang='lat'>815</span> <span class='ocrx_word' id='word_1_640' title='bbox 2051 3934 2285 4008; x_wconf 83' lang='lat' dir='ltr'>longius</span> <span class='ocrx_word' id='word_1_641' title='bbox 2314 3934 2595 4003; x_wconf 88' lang='lat' dir='ltr'>discedat,</span> <span class='ocrx_word' id='word_1_642' title='bbox 2645 3933 2792 3990; x_wconf 85' lang='lat' dir='ltr'>alias</span> <span class='ocrx_word' id='word_1_643' title='bbox 2837 3933 2962 3990; x_wconf 75' lang='lat' dir='ltr'>aliae</span> <span class='ocrx_word' id='word_1_644' title='bbox 2992 3934 3154 3992; x_wconf 91' lang='lat' dir='ltr'>illius</span> <span class='ocrx_word' id='word_1_645' title='bbox 3213 3940 3411 4009; x_wconf 85' lang='lat' dir='ltr'>partes</span> <span class='ocrx_word' id='word_1_646' title='bbox 3443 3935 3515 3992; x_wconf 91' lang='lat' dir='ltr'>il-</span> 
     </span>
    </p>
   </div>
   <div class='ocr_carea' id='block_1_86' title="bbox 1872 4022 3518 4097">
    <p class='ocr_par' dir='ltr' id='par_1_86' title="bbox 1872 4022 3518 4097">
     <span class='ocr_line' id='line_1_86' title="bbox 1872 4022 3518 4097; baseline -0.001 -17"><span class='ocrx_word' id='word_1_647' title='bbox 1872 4025 2220 4093; x_wconf 87' lang='lat' dir='ltr'>lustrantur,</span> <span class='ocrx_word' id='word_1_648' title='bbox 2244 4023 2400 4095; x_wconf 91' lang='lat' dir='ltr'>quod</span> <span class='ocrx_word' id='word_1_649' title='bbox 2432 4022 2587 4078; x_wconf 90' lang='lat' dir='ltr'>circa</span> <span class='ocrx_word' id='word_1_650' title='bbox 2617 4022 2952 4079; x_wconf 89' lang='lat' dir='ltr'>universum</span> <span class='ocrx_word' id='word_1_651' title='bbox 2974 4022 3135 4080; x_wconf 91' lang='lat' dir='ltr'>illius</span> <span class='ocrx_word' id='word_1_652' title='bbox 3164 4041 3376 4097; x_wconf 91' lang='lat' dir='ltr'>corpus</span> <span class='ocrx_word' id='word_1_653' title='bbox 3396 4024 3518 4080; x_wconf 89' lang='lat' dir='ltr'>cir-</span> 
     </span>
    </p>
   </div>
   <div class='ocr_carea' id='block_1_87' title="bbox 1874 4110 3008 4171">
    <p class='ocr_par' dir='ltr' id='par_1_87' title="bbox 1874 4110 3008 4171">
     <span class='ocr_line' id='line_1_87' title="bbox 1874 4110 3008 4171; baseline -0.003 0"><span class='ocrx_word' id='word_1_654' title='bbox 1874 4113 2149 4171; x_wconf 87' lang='lat' dir='ltr'>culariter</span> <span class='ocrx_word' id='word_1_655' title='bbox 2178 4112 2366 4168; x_wconf 85' lang='lat' dir='ltr'>solare</span> <span class='ocrx_word' id='word_1_656' title='bbox 2392 4110 2592 4167; x_wconf 89' lang='lat' dir='ltr'>lumen</span> <span class='ocrx_word' id='word_1_657' title='bbox 2621 4115 3008 4169; x_wconf 84' lang='lat' dir='ltr'>convertatur.</span> 
     </span>
    </p>
   </div>
   <div class='ocr_carea' id='block_1_88' title="bbox 1943 4199 3520 4273">
    <p class='ocr_par' dir='ltr' id='par_1_88' title="bbox 1943 4199 3520 4273">
     <span class='ocr_line' id='line_1_88' title="bbox 1943 4199 3520 4273; baseline -0.001 -15"><span class='ocrx_word' id='word_1_658' title='bbox 1943 4204 1998 4258; x_wconf 88' lang='grc'>5.</span> <span class='ocrx_word' id='word_1_659' title='bbox 2032 4203 2096 4258; x_wconf 90' lang='lat' dir='ltr'>In</span> <span class='ocrx_word' id='word_1_660' title='bbox 2126 4201 2538 4272; x_wconf 89' lang='lat' dir='ltr'>conjunctione</span> <span class='ocrx_word' id='word_1_661' title='bbox 2579 4199 2762 4272; x_wconf 83' lang='lat' dir='ltr'>igitur</span> <span class='ocrx_word' id='word_1_662' title='bbox 2788 4201 2855 4270; x_wconf 76' lang='grc' dir='ltr'>⁸ο,</span> <span class='ocrx_word' id='word_1_663' title='bbox 2887 4218 3023 4273; x_wconf 88' lang='lat' dir='ltr'>pars</span> <span class='ocrx_word' id='word_1_664' title='bbox 3063 4200 3225 4258; x_wconf 92' lang='lat' dir='ltr'>illius</span> <span class='ocrx_word' id='word_1_665' title='bbox 3274 4202 3348 4258; x_wconf 88' lang='lat' dir='ltr'>ad</span> <span class='ocrx_word' id='word_1_666' title='bbox 3407 4217 3520 4257; x_wconf 78' lang='grc' dir='ltr'>οω-</span> 
     </span>
    </p>
   </div>
   <div class='ocr_carea' id='block_1_89' title="bbox 1873 4288 3515 4362">
    <p class='ocr_par' dir='ltr' id='par_1_89' title="bbox 1873 4288 3515 4362">
     <span class='ocr_line' id='line_1_89' title="bbox 1873 4288 3515 4362; baseline -0.001 -14"><span class='ocrx_word' id='word_1_667' title='bbox 1873 4291 1999 4348; x_wconf 91' lang='lat' dir='ltr'>lum</span> <span class='ocrx_word' id='word_1_668' title='bbox 2025 4307 2304 4347; x_wconf 88' lang='lat' dir='ltr'>conversa</span> <span class='ocrx_word' id='word_1_669' title='bbox 2348 4288 2677 4345; x_wconf 86' lang='lat' dir='ltr'>illustratur</span> <span class='ocrx_word' id='word_1_670' title='bbox 2718 4290 2763 4324; x_wconf 77' lang='lat'>7°</span> <span class='ocrx_word' id='word_1_671' title='bbox 2796 4306 2810 4357; x_wconf 93' lang='lat'><strong>;</strong></span> <span class='ocrx_word' id='word_1_672' title='bbox 2844 4288 3061 4362; x_wconf 89' lang='lat' dir='ltr'>quippe</span> <span class='ocrx_word' id='word_1_673' title='bbox 3117 4292 3243 4345; x_wconf 82' lang='lat' dir='ltr'>tum</span> <span class='ocrx_word' id='word_1_674' title='bbox 3285 4288 3388 4345; x_wconf 88' lang='lat' dir='ltr'>illa</span> <span class='ocrx_word' id='word_1_675' title='bbox 3440 4290 3515 4346; x_wconf 85' lang='lat' dir='ltr'>ad</span> 
     </span>
    </p>
   </div>
   <div class='ocr_carea' id='block_1_90' title="bbox 1875 4376 3517 4451">
    <p class='ocr_par' dir='ltr' id='par_1_90' title="bbox 1875 4376 3517 4451">
     <span class='ocr_line' id='line_1_90' title="bbox 1875 4376 3517 4451; baseline -0.002 -15"><span class='ocrx_word' id='word_1_676' title='bbox 1875 4380 2059 4436; x_wconf 90' lang='lat' dir='ltr'>solem</span> <span class='ocrx_word' id='word_1_677' title='bbox 2089 4378 2344 4451; x_wconf 88' lang='lat' dir='ltr'>respicit.</span> <span class='ocrx_word' id='word_1_678' title='bbox 2379 4376 2524 4432; x_wconf 86' lang='lat' dir='ltr'>Cum</span> <span class='ocrx_word' id='word_1_679' title='bbox 2555 4380 2751 4433; x_wconf 88' lang='lat' dir='ltr'>autem</span> <span class='ocrx_word' id='word_1_680' title='bbox 2806 4376 2986 4433; x_wconf 92' lang='lat' dir='ltr'>solem</span> <span class='ocrx_word' id='word_1_681' title='bbox 3019 4381 3316 4449; x_wconf 86' lang='lat' dir='ltr'>permutat</span> <span class='ocrx_word' id='word_1_682' title='bbox 3350 4377 3517 4448; x_wconf 89' lang='lat' dir='ltr'>luna,</span> 
     </span>
    </p>
   </div>
   <div class='ocr_carea' id='block_1_91' title="bbox 1877 4465 3519 4541">
    <p class='ocr_par' dir='ltr' id='par_1_91' title="bbox 1877 4465 3519 4541">
     <span class='ocr_line' id='line_1_91' title="bbox 1877 4465 3519 4541; baseline -0.001 -16"><span class='ocrx_word' id='word_1_683' title='bbox 1877 4474 2006 4525; x_wconf 92' lang='lat' dir='ltr'>tum</span> <span class='ocrx_word' id='word_1_684' title='bbox 2037 4486 2173 4541; x_wconf 88' lang='lat' dir='ltr'>pars</span> <span class='ocrx_word' id='word_1_685' title='bbox 2203 4468 2330 4539; x_wconf 87' lang='lat' dir='ltr'>ejus</span> <span class='ocrx_word' id='word_1_686' title='bbox 2361 4467 2433 4521; x_wconf 90' lang='lat' dir='ltr'>ad</span> <span class='ocrx_word' id='word_1_687' title='bbox 2471 4465 2655 4528; x_wconf 87' lang='lat' dir='ltr'>solem</span> <span class='ocrx_word' id='word_1_688' title='bbox 2704 4465 3077 4534; x_wconf 87' lang='lat' dir='ltr'>convertitur,</span> <span class='ocrx_word' id='word_1_689' title='bbox 3125 4482 3251 4536; x_wconf 65' lang='lat' dir='ltr'>quae</span> <span class='ocrx_word' id='word_1_690' title='bbox 3296 4470 3519 4523; x_wconf 89' lang='lat' dir='ltr'>terram</span> 
     </span>
    </p>
   </div>
   <div class='ocr_carea' id='block_1_92' title="bbox 104 4552 1743 4630">
    <p class='ocr_par' dir='ltr' id='par_1_92' title="bbox 104 4552 1738 4630">
     <span class='ocr_line' id='line_1_92' title="bbox 104 4552 1738 4630; baseline -0.002 -19"><span class='ocrx_word' id='word_1_691' title='bbox 104 4556 290 4625; x_wconf 78' lang='grc' dir='ltr'>αὐτῆς</span> <span class='ocrx_word' id='word_1_692' title='bbox 322 4555 353 4610; x_wconf 78' lang='grc' dir='ltr'><strong>ὃ</strong></span> <span class='ocrx_word' id='word_1_693' title='bbox 387 4553 578 4629; x_wconf 85' lang='grc' dir='ltr'>βλέπει</span> <span class='ocrx_word' id='word_1_694' title='bbox 629 4554 766 4628; x_wconf 84' lang='grc' dir='ltr'>πρὸς</span> <span class='ocrx_word' id='word_1_695' title='bbox 824 4560 955 4630; x_wconf 85' lang='grc' dir='ltr'>γῆν.</span> <span class='ocrx_word' id='word_1_696' title='bbox 1002 4554 1102 4609; x_wconf 84' lang='grc' dir='ltr'>Καὶ</span> <span class='ocrx_word' id='word_1_697' title='bbox 1158 4557 1321 4609; x_wconf 78' lang='grc' dir='ltr'>τοῦτο</span> <span class='ocrx_word' id='word_1_698' title='bbox 1375 4552 1577 4630; x_wconf 88' lang='grc' dir='ltr'>γίνεται</span> <span class='ocrx_word' id='word_1_699' title='bbox 1631 4553 1738 4628; x_wconf 89' lang='grc' dir='ltr'>πρὸ</span> 
     </span>
    </p>
   </div>
   <div class='ocr_carea' id='block_1_93' title="bbox 1861 4552 3522 4630">
    <p class='ocr_par' dir='ltr' id='par_1_93' title="bbox 1879 4553 3522 4630">
     <span class='ocr_line' id='line_1_93' title="bbox 1879 4553 3522 4630; baseline -0.002 -15"><span class='ocrx_word' id='word_1_700' title='bbox 1879 4557 2091 4630; x_wconf 91' lang='lat' dir='ltr'>aspicit</span> <span class='ocrx_word' id='word_1_701' title='bbox 2124 4574 2138 4613; x_wconf 90' lang='lat'>:</span> <span class='ocrx_word' id='word_1_702' title='bbox 2172 4557 2397 4627; x_wconf 89' lang='lat' dir='ltr'>hocque</span> <span class='ocrx_word' id='word_1_703' title='bbox 2426 4555 2493 4609; x_wconf 85' lang='lat' dir='ltr'>fit</span> <span class='ocrx_word' id='word_1_704' title='bbox 2514 4570 2617 4626; x_wconf 86' lang='lat' dir='ltr'>pro</span> <span class='ocrx_word' id='word_1_705' title='bbox 2642 4553 2981 4610; x_wconf 91' lang='lat' dir='ltr'>remotionis</span> <span class='ocrx_word' id='word_1_706' title='bbox 3020 4553 3410 4626; x_wconf 88' lang='lat' dir='ltr'>proportione.</span> <span class='ocrx_word' id='word_1_707' title='bbox 3437 4559 3522 4612; x_wconf 77' lang='lat' dir='ltr'>Ac</span> 
     </span>
    </p>
   </div>
   <div class='ocr_carea' id='block_1_94' title="bbox 107 4640 1743 4747">
    <p class='ocr_par' dir='ltr' id='par_1_94' title="bbox 107 4640 1743 4721">
     <span class='ocr_line' id='line_1_94' title="bbox 107 4640 1743 4721; baseline -0.004 -18"><span class='ocrx_word' id='word_1_708' title='bbox 107 4644 288 4721; x_wconf 90' lang='grc' dir='ltr'>λόγον</span> <span class='ocrx_word' id='word_1_709' title='bbox 339 4647 438 4698; x_wconf 78' lang='grc' dir='ltr'>τοῦ</span> <span class='ocrx_word' id='word_1_710' title='bbox 482 4646 824 4719; x_wconf 77' lang='grc' dir='ltr'>μακρυσμοῦ⁶</span> <span class='ocrx_word' id='word_1_711' title='bbox 855 4642 946 4698; x_wconf 88' lang='grc' dir='ltr'>καὶ</span> <span class='ocrx_word' id='word_1_712' title='bbox 1004 4641 1178 4705; x_wconf 73' lang='grc' dir='ltr'>οὕτως</span> <span class='ocrx_word' id='word_1_713' title='bbox 1237 4642 1297 4697; x_wconf 81' lang='grc' dir='ltr'>ἐκ</span> <span class='ocrx_word' id='word_1_714' title='bbox 1349 4646 1456 4696; x_wconf 91' lang='grc' dir='ltr'>τῶν</span> <span class='ocrx_word' id='word_1_715' title='bbox 1517 4640 1743 4717; x_wconf 88' lang='grc' dir='ltr'>πλαγίω·</span> 
     </span>
    </p>
   </div>
   <div class='ocr_carea' id='block_1_95' title="bbox 1861 4640 3523 4747">
    <p class='ocr_par' dir='ltr' id='par_1_95' title="bbox 1880 4641 3523 4715">
     <span class='ocr_line' id='line_1_95' title="bbox 1880 4641 3523 4715; baseline -0.001 -14"><span class='ocrx_word' id='word_1_716' title='bbox 1880 4661 2014 4701; x_wconf 91' lang='lat' dir='ltr'>cum</span> <span class='ocrx_word' id='word_1_717' title='bbox 2041 4645 2124 4700; x_wconf 90' lang='lat' dir='ltr'>ita</span> <span class='ocrx_word' id='word_1_718' title='bbox 2152 4660 2221 4700; x_wconf 84' lang='lat' dir='ltr'>ex</span> <span class='ocrx_word' id='word_1_719' title='bbox 2249 4643 2486 4714; x_wconf 91' lang='lat' dir='ltr'>obliquo</span> <span class='ocrx_word' id='word_1_720' title='bbox 2517 4641 2659 4698; x_wconf 88' lang='lat' dir='ltr'>luna</span> <span class='ocrx_word' id='word_1_721' title='bbox 2686 4641 3009 4697; x_wconf 89' lang='lat' dir='ltr'>illuminari</span> <span class='ocrx_word' id='word_1_722' title='bbox 3031 4642 3523 4715; x_wconf 88' lang='lat' dir='ltr'>incipit,primum</span> 
     </span>
    </p>
   </div>
   <div class='ocr_carea' id='block_1_96' title="bbox 88 4728 1743 4810">
    <p class='ocr_par' dir='ltr' id='par_1_96' title="bbox 88 4728 1741 4810">
     <span class='ocr_line' id='line_1_96' title="bbox 88 4728 1741 4810; baseline -0.003 -20"><span class='ocrx_word' id='word_1_723' title='bbox 88 4730 403 4810; x_wconf 80' lang='grc' dir='ltr'>’ἀρχομένη</span> <span class='ocrx_word' id='word_1_724' title='bbox 491 4731 811 4810; x_wconf 80' lang='grc' dir='ltr'>φωτίζεσθαι</span> <span class='ocrx_word' id='word_1_725' title='bbox 865 4733 902 4801; x_wconf 89' lang='grc' dir='ltr'>ἡ</span> <span class='ocrx_word' id='word_1_726' title='bbox 960 4728 1189 4803; x_wconf 82' lang='grc' dir='ltr'>σελήνη,</span> <span class='ocrx_word' id='word_1_727' title='bbox 1265 4730 1468 4806; x_wconf 87' lang='grc' dir='ltr'>γίνεται</span> <span class='ocrx_word' id='word_1_728' title='bbox 1553 4734 1741 4807; x_wconf 88' lang='grc' dir='ltr'>πρῶτο</span> 
     </span>
    </p>
   </div>
   <div class='ocr_carea' id='block_1_97' title="bbox 1861 4728 3524 4810">
    <p class='ocr_par' dir='ltr' id='par_1_97' title="bbox 1880 4729 3524 4803">
     <span class='ocr_line' id='line_1_97' title="bbox 1880 4729 3524 4803; baseline -0.001 -14"><span class='ocrx_word' id='word_1_729' title='bbox 1880 4732 2093 4790; x_wconf 87' lang='lat' dir='ltr'>facalta</span> <span class='ocrx_word' id='word_1_730' title='bbox 2119 4732 2187 4788; x_wconf 85' lang='lat' dir='ltr'>ﬁt</span> <span class='ocrx_word' id='word_1_731' title='bbox 2220 4754 2234 4803; x_wconf 85' lang='lat'><strong>;</strong></span> <span class='ocrx_word' id='word_1_732' title='bbox 2268 4748 2403 4787; x_wconf 88' lang='lat' dir='ltr'>cum</span> <span class='ocrx_word' id='word_1_733' title='bbox 2433 4729 2667 4802; x_wconf 88' lang='lat' dir='ltr'>longius</span> <span class='ocrx_word' id='word_1_734' title='bbox 2698 4731 3022 4797; x_wconf 89' lang='lat' dir='ltr'>recesserit,</span> <span class='ocrx_word' id='word_1_735' title='bbox 3047 4730 3524 4799; x_wconf 88' lang='lat' dir='ltr'>dimidiata,inde</span> 
     </span>
    </p>
   </div>
   <div class='ocr_carea' id='block_1_98' title="bbox 116 4816 1743 4897">
    <p class='ocr_par' dir='ltr' id='par_1_98' title="bbox 116 4816 1743 4897">
     <span class='ocr_line' id='line_1_98' title="bbox 116 4816 1743 4897; baseline -0.002 -21"><span class='ocrx_word' id='word_1_736' title='bbox 116 4817 450 4897; x_wconf 85' lang='grc' dir='ltr'>μηνοειδής·</span> <span class='ocrx_word' id='word_1_737' title='bbox 507 4818 853 4897; x_wconf 85' lang='grc' dir='ltr'>μακρύνουσα</span> <span class='ocrx_word' id='word_1_738' title='bbox 898 4816 944 4874; x_wconf 90' lang='grc' dir='ltr'>δ’</span> <span class='ocrx_word' id='word_1_739' title='bbox 994 4818 1270 4893; x_wconf 82' lang='grc' dir='ltr'>ἐπιπλέον,</span> <span class='ocrx_word' id='word_1_740' title='bbox 1319 4816 1637 4895; x_wconf 80' lang='grc' dir='ltr'>διχότομος’</span> <span class='ocrx_word' id='word_1_741' title='bbox 1680 4819 1743 4874; x_wconf 64' lang='grc' dir='ltr'>εἴη</span> 
     </span>
    </p>
   </div>
   <div class='ocr_carea' id='block_1_99' title="bbox 1861 4816 3535 4897">
    <p class='ocr_par' dir='ltr' id='par_1_99' title="bbox 1883 4818 3535 4895">
     <span class='ocr_line' id='line_1_99' title="bbox 1883 4818 3535 4895; baseline -0.002 -17"><span class='ocrx_word' id='word_1_742' title='bbox 1883 4821 2231 4895; x_wconf 68' lang='grc' dir='ltr'>ριέειιιιιιὶἀει</span> <span class='ocrx_word' id='word_1_743' title='bbox 2265 4838 2278 4889; x_wconf 94' lang='lat'><strong>;</strong></span> <span class='ocrx_word' id='word_1_744' title='bbox 2313 4819 2545 4892; x_wconf 89' lang='lat' dir='ltr'>quando</span> <span class='ocrx_word' id='word_1_745' title='bbox 2567 4818 2820 4890; x_wconf 89' lang='lat' dir='ltr'>denique</span> <span class='ocrx_word' id='word_1_746' title='bbox 2849 4818 3118 4875; x_wconf 78' lang='lat' dir='ltr'>dimensa</span> <span class='ocrx_word' id='word_1_747' title='bbox 3140 4819 3323 4876; x_wconf 91' lang='lat' dir='ltr'>solem</span> <span class='ocrx_word' id='word_1_748' title='bbox 3355 4820 3535 4876; x_wconf 87' lang='lat' dir='ltr'>fuerit</span> 
     </span>
    </p>
   </div>
   <div class='ocr_carea' id='block_1_100' title="bbox 109 4905 1743 4989">
    <p class='ocr_par' dir='ltr' id='par_1_100' title="bbox 109 4905 1743 4989">
     <span class='ocr_line' id='line_1_100' title="bbox 109 4905 1743 4989; baseline -0.001 -23"><span class='ocrx_word' id='word_1_749' title='bbox 109 4910 485 4989; x_wconf 76' lang='grc' dir='ltr'>ἀμφίκυρτος.</span> <span class='ocrx_word' id='word_1_750' title='bbox 559 4911 971 4985; x_wconf 84' lang='grc' dir='ltr'>Διαμετρήσασα</span> <span class='ocrx_word' id='word_1_751' title='bbox 1026 4905 1085 4963; x_wconf 75' lang='grc' dir='ltr'>δὲ</span> <span class='ocrx_word' id='word_1_752' title='bbox 1136 4907 1228 4963; x_wconf 82' lang='grc' dir='ltr'>τὸν</span> <span class='ocrx_word' id='word_1_753' title='bbox 1311 4906 1473 4978; x_wconf 64' lang='grc' dir='ltr'>¹ἥλιον</span> <span class='ocrx_word' id='word_1_754' title='bbox 1551 4907 1743 4985; x_wconf 91' lang='grc' dir='ltr'>πλήρη</span> 
     </span>
    </p>
   </div>
   <div class='ocr_carea' id='block_1_101' title="bbox 1861 4905 3532 4989">
    <p class='ocr_par' dir='ltr' id='par_1_101' title="bbox 1886 4906 3532 4981">
     <span class='ocr_line' id='line_1_101' title="bbox 1886 4906 3532 4981; baseline -0.002 -14"><span class='ocrx_word' id='word_1_755' title='bbox 1886 4912 1997 4967; x_wconf 91' lang='lat' dir='ltr'>hoc</span> <span class='ocrx_word' id='word_1_756' title='bbox 2027 4913 2135 4979; x_wconf 91' lang='lat' dir='ltr'>est,</span> <span class='ocrx_word' id='word_1_757' title='bbox 2168 4926 2270 4981; x_wconf 92' lang='lat' dir='ltr'>per</span> <span class='ocrx_word' id='word_1_758' title='bbox 2298 4908 2651 4964; x_wconf 89' lang='lat' dir='ltr'>diametrum</span> <span class='ocrx_word' id='word_1_759' title='bbox 2681 4906 2790 4963; x_wconf 89' lang='lat' dir='ltr'>soli</span> <span class='ocrx_word' id='word_1_760' title='bbox 2821 4907 3154 4981; x_wconf 89' lang='lat' dir='ltr'>opponitur,</span> <span class='ocrx_word' id='word_1_761' title='bbox 3204 4907 3377 4981; x_wconf 87' lang='lat' dir='ltr'>plena</span> <span class='ocrx_word' id='word_1_762' title='bbox 3404 4908 3532 4964; x_wconf 78' lang='lat' dir='ltr'>effi-</span> 
     </span>
    </p>
   </div>
   <div class='ocr_carea' id='block_1_102' title="bbox 113 4994 1743 5075">
    <p class='ocr_par' dir='ltr' id='par_1_102' title="bbox 113 4994 1743 5075">
     <span class='ocr_line' id='line_1_102' title="bbox 113 4994 1743 5075; baseline -0.001 -21"><span class='ocrx_word' id='word_1_763' title='bbox 113 4998 477 5075; x_wconf 85' lang='grc' dir='ltr'>ἆπαρτίζεται</span> <span class='ocrx_word' id='word_1_764' title='bbox 523 4998 613 5053; x_wconf 84' lang='grc' dir='ltr'>καὶ</span> <span class='ocrx_word' id='word_1_765' title='bbox 652 4996 1010 5068; x_wconf 88' lang='grc' dir='ltr'>πανσέληνος.</span> <span class='ocrx_word' id='word_1_766' title='bbox 1039 4994 1179 5066; x_wconf 89' lang='grc' dir='ltr'>Ἤδη</span> <span class='ocrx_word' id='word_1_767' title='bbox 1232 4994 1290 5051; x_wconf 75' lang='grc' dir='ltr'>δὲ</span> <span class='ocrx_word' id='word_1_768' title='bbox 1330 4998 1431 5067; x_wconf 76' lang='grc' dir='ltr'>τὴν</span> <span class='ocrx_word' id='word_1_769' title='bbox 1490 4994 1743 5073; x_wconf 82' lang='grc' dir='ltr'>διάμετρο</span> 
     </span>
    </p>
   </div>
   <div class='ocr_carea' id='block_1_103' title="bbox 1861 4994 3537 5075">
    <p class='ocr_par' dir='ltr' id='par_1_103' title="bbox 1887 4995 3537 5071">
     <span class='ocr_line' id='line_1_103' title="bbox 1887 4995 3537 5071; baseline -0.001 -16"><span class='ocrx_word' id='word_1_770' title='bbox 1887 5001 2060 5066; x_wconf 87' lang='lat' dir='ltr'>citur,</span> <span class='ocrx_word' id='word_1_771' title='bbox 2084 5003 2141 5054; x_wconf 92' lang='lat' dir='ltr'>et</span> <span class='ocrx_word' id='word_1_772' title='bbox 2170 4998 2398 5054; x_wconf 83' lang='lat' dir='ltr'>exsistit</span> <span class='ocrx_word' id='word_1_773' title='bbox 2426 4995 2835 5069; x_wconf 89' lang='lat' dir='ltr'>plenilunium.</span> <span class='ocrx_word' id='word_1_774' title='bbox 2864 4996 2998 5052; x_wconf 88' lang='lat' dir='ltr'>Jam</span> <span class='ocrx_word' id='word_1_775' title='bbox 3045 5014 3179 5053; x_wconf 90' lang='lat' dir='ltr'>vero</span> <span class='ocrx_word' id='word_1_776' title='bbox 3239 5013 3375 5054; x_wconf 89' lang='lat' dir='ltr'>cum</span> <span class='ocrx_word' id='word_1_777' title='bbox 3405 5000 3537 5071; x_wconf 88' lang='lat' dir='ltr'>ipsa</span> 
     </span>
    </p>
   </div>
   <div class='ocr_carea' id='block_1_104' title="bbox 115 5082 1743 5164">
    <p class='ocr_par' dir='ltr' id='par_1_104' title="bbox 115 5082 1743 5164">
     <span class='ocr_line' id='line_1_104' title="bbox 115 5082 1743 5164; baseline -0.003 -19"><span class='ocrx_word' id='word_1_778' title='bbox 115 5082 580 5164; x_wconf 77' lang='grc' dir='ltr'>παραμειϐούσης</span> <span class='ocrx_word' id='word_1_779' title='bbox 636 5085 823 5159; x_wconf 78' lang='grc' dir='ltr'>αὐτῆς,</span> <span class='ocrx_word' id='word_1_780' title='bbox 867 5086 957 5141; x_wconf 82' lang='grc' dir='ltr'>καὶ</span> <span class='ocrx_word' id='word_1_781' title='bbox 1003 5090 1083 5158; x_wconf 78' lang='grc' dir='ltr'>τῷ</span> <span class='ocrx_word' id='word_1_782' title='bbox 1139 5085 1289 5159; x_wconf 83' lang='grc' dir='ltr'>ἡλίῳ</span> <span class='ocrx_word' id='word_1_783' title='bbox 1344 5084 1510 5141; x_wconf 89' lang='grc' dir='ltr'>πάλιν</span> <span class='ocrx_word' id='word_1_784' title='bbox 1558 5105 1743 5162; x_wconf 70' lang='grc' dir='ltr'>προσεε</span> 
     </span>
    </p>
   </div>
   <div class='ocr_carea' id='block_1_105' title="bbox 1861 5082 3537 5164">
    <p class='ocr_par' dir='ltr' id='par_1_105' title="bbox 1890 5084 3537 5156">
     <span class='ocr_line' id='line_1_105' title="bbox 1890 5084 3537 5156; baseline -0.001 -11"><span class='ocrx_word' id='word_1_785' title='bbox 1890 5088 2106 5145; x_wconf 88' lang='lat' dir='ltr'>deserit</span> <span class='ocrx_word' id='word_1_786' title='bbox 2136 5086 2509 5153; x_wconf 88' lang='lat' dir='ltr'>diametrum,</span> <span class='ocrx_word' id='word_1_787' title='bbox 2540 5090 2597 5141; x_wconf 91' lang='lat' dir='ltr'>et</span> <span class='ocrx_word' id='word_1_788' title='bbox 2626 5085 2816 5140; x_wconf 89' lang='lat' dir='ltr'>denuo</span> <span class='ocrx_word' id='word_1_789' title='bbox 2847 5085 2919 5140; x_wconf 90' lang='lat' dir='ltr'>ad</span> <span class='ocrx_word' id='word_1_790' title='bbox 2950 5084 3135 5141; x_wconf 89' lang='lat' dir='ltr'>solem</span> <span class='ocrx_word' id='word_1_791' title='bbox 3188 5086 3429 5156; x_wconf 89' lang='lat' dir='ltr'>accedit,</span> <span class='ocrx_word' id='word_1_792' title='bbox 3461 5087 3537 5145; x_wconf 88' lang='lat' dir='ltr'>ad</span> 
     </span>
    </p>
   </div>
   <div class='ocr_carea' id='block_1_106' title="bbox 117 5172 1743 5256">
    <p class='ocr_par' dir='ltr' id='par_1_106' title="bbox 117 5173 1743 5256">
     <span class='ocr_line' id='line_1_106' title="bbox 117 5173 1743 5256; baseline -0.001 -24"><span class='ocrx_word' id='word_1_793' title='bbox 117 5177 402 5256; x_wconf 79' lang='grc' dir='ltr'>χομένης,</span> <span class='ocrx_word' id='word_1_794' title='bbox 436 5176 510 5238; x_wconf 78' lang='grc' dir='ltr'>εἷς</span> <span class='ocrx_word' id='word_1_795' title='bbox 538 5176 602 5231; x_wconf 87' lang='grc' dir='ltr'>τὸ</span> <span class='ocrx_word' id='word_1_796' title='bbox 631 5176 765 5253; x_wconf 84' lang='grc' dir='ltr'>πρὸς</span> <span class='ocrx_word' id='word_1_797' title='bbox 796 5174 1019 5252; x_wconf 76' lang='grc' dir='ltr'>οὐρανὸν</span> <span class='ocrx_word' id='word_1_798' title='bbox 1076 5175 1446 5252; x_wconf 84' lang='grc' dir='ltr'>τετραμμένον</span> <span class='ocrx_word' id='word_1_799' title='bbox 1506 5173 1672 5245; x_wconf 78' lang='grc' dir='ltr'>αὐτῆς</span> <span class='ocrx_word' id='word_1_800' title='bbox 1727 5174 1743 5230; x_wconf 80' lang='grc' dir='ltr'>ἔ</span> 
     </span>
    </p>
   </div>
   <div class='ocr_carea' id='block_1_107' title="bbox 1861 5172 3537 5256">
    <p class='ocr_par' dir='ltr' id='par_1_107' title="bbox 1894 5172 3537 5251">
     <span class='ocr_line' id='line_1_107' title="bbox 1894 5172 3537 5251; baseline -0.001 -18"><span class='ocrx_word' id='word_1_801' title='bbox 1894 5181 2119 5251; x_wconf 85' lang='lat' dir='ltr'>partem</span> <span class='ocrx_word' id='word_1_802' title='bbox 2150 5173 2309 5229; x_wconf 90' lang='lat' dir='ltr'>illius</span> <span class='ocrx_word' id='word_1_803' title='bbox 2341 5189 2469 5244; x_wconf 65' lang='lat' dir='ltr'>quae</span> <span class='ocrx_word' id='word_1_804' title='bbox 2509 5173 2581 5227; x_wconf 88' lang='lat' dir='ltr'>ad</span> <span class='ocrx_word' id='word_1_805' title='bbox 2630 5172 2842 5227; x_wconf 81' lang='lat' dir='ltr'>coelum</span> <span class='ocrx_word' id='word_1_806' title='bbox 2887 5189 3165 5230; x_wconf 88' lang='lat' dir='ltr'>conversa</span> <span class='ocrx_word' id='word_1_807' title='bbox 3212 5191 3282 5232; x_wconf 84' lang='lat' dir='ltr'>ex</span> <span class='ocrx_word' id='word_1_808' title='bbox 3309 5192 3379 5232; x_wconf 88' lang='lat' dir='ltr'>ea</span> <span class='ocrx_word' id='word_1_809' title='bbox 3409 5193 3537 5248; x_wconf 67' lang='lat' dir='ltr'>qua</span> 
     </span>
    </p>
   </div>
   <div class='ocr_carea' id='block_1_108' title="bbox 112 5261 1743 5341">
    <p class='ocr_par' dir='ltr' id='par_1_108' title="bbox 112 5263 1743 5341">
     <span class='ocr_line' id='line_1_108' title="bbox 112 5263 1743 5341; baseline -0.004 -18"><span class='ocrx_word' id='word_1_810' title='bbox 112 5268 226 5323; x_wconf 75' lang='grc' dir='ltr'>τοῦ</span> <span class='ocrx_word' id='word_1_811' title='bbox 258 5266 395 5340; x_wconf 80' lang='grc' dir='ltr'>πρὸς</span> <span class='ocrx_word' id='word_1_812' title='bbox 454 5266 601 5339; x_wconf 72' lang='grc' dir='ltr'>ἡμᾶς</span> <span class='ocrx_word' id='word_1_813' title='bbox 652 5266 891 5341; x_wconf 85' lang='grc' dir='ltr'>ὁρῶντος</span> <span class='ocrx_word' id='word_1_814' title='bbox 938 5265 1074 5320; x_wconf 86' lang='grc' dir='ltr'>κατὰ</span> <span class='ocrx_word' id='word_1_815' title='bbox 1116 5263 1281 5340; x_wconf 89' lang='grc' dir='ltr'>λόγον</span> <span class='ocrx_word' id='word_1_816' title='bbox 1322 5264 1386 5318; x_wconf 88' lang='grc' dir='ltr'>τὸ</span> <span class='ocrx_word' id='word_1_817' title='bbox 1430 5268 1544 5341; x_wconf 80' lang='grc' dir='ltr'>φῶς</span> <span class='ocrx_word' id='word_1_818' title='bbox 1602 5283 1743 5339; x_wconf 67' lang='grc' dir='ltr'>περιρ</span> 
     </span>
    </p>
   </div>
   <div class='ocr_carea' id='block_1_109' title="bbox 1861 5261 3542 5341">
    <p class='ocr_par' dir='ltr' id='par_1_109' title="bbox 1897 5261 3542 5332">
     <span class='ocr_line' id='line_1_109' title="bbox 1897 5261 3542 5332; baseline -0.001 -11"><span class='ocrx_word' id='word_1_819' title='bbox 1897 5282 2004 5321; x_wconf 86' lang='lat' dir='ltr'>nos</span> <span class='ocrx_word' id='word_1_820' title='bbox 2035 5265 2316 5330; x_wconf 84' lang='lat' dir='ltr'>intuetur,</span> <span class='ocrx_word' id='word_1_821' title='bbox 2348 5261 2551 5316; x_wconf 85' lang='lat' dir='ltr'>habita</span> <span class='ocrx_word' id='word_1_822' title='bbox 2589 5261 2983 5332; x_wconf 89' lang='lat' dir='ltr'>proportione,</span> <span class='ocrx_word' id='word_1_823' title='bbox 3033 5261 3236 5319; x_wconf 91' lang='lat' dir='ltr'>lumen</span> <span class='ocrx_word' id='word_1_824' title='bbox 3292 5264 3542 5321; x_wconf 89' lang='lat' dir='ltr'>circum-</span> 
     </span>
    </p>
   </div>
   <div class='ocr_carea' id='block_1_110' title="bbox 113 5350 1743 5433">
    <p class='ocr_par' dir='ltr' id='par_1_110' title="bbox 113 5350 1743 5433">
     <span class='ocr_line' id='line_1_110' title="bbox 113 5350 1743 5433; baseline -0.001 -24"><span class='ocrx_word' id='word_1_825' title='bbox 113 5375 303 5433; x_wconf 87' lang='grc' dir='ltr'>γεται·</span> <span class='ocrx_word' id='word_1_826' title='bbox 342 5355 537 5431; x_wconf 83' lang='grc' dir='ltr'>μέχρις</span> <span class='ocrx_word' id='word_1_827' title='bbox 593 5353 652 5408; x_wconf 80' lang='grc' dir='ltr'>ἂν</span> <span class='ocrx_word' id='word_1_828' title='bbox 703 5350 929 5409; x_wconf 89' lang='grc' dir='ltr'>συνόδου</span> <span class='ocrx_word' id='word_1_829' title='bbox 980 5351 1276 5431; x_wconf 80' lang='grc' dir='ltr'>γενομένης</span> <span class='ocrx_word' id='word_1_830' title='bbox 1331 5351 1636 5431; x_wconf 80' lang='grc' dir='ltr'>ἀφώτιστον</span> <span class='ocrx_word' id='word_1_831' title='bbox 1695 5374 1743 5407; x_wconf 76' lang='grc' dir='ltr'>κε</span> 
     </span>
    </p>
   </div>
   <div class='ocr_carea' id='block_1_111' title="bbox 1861 5350 3546 5433">
    <p class='ocr_par' dir='ltr' id='par_1_111' title="bbox 1898 5350 3546 5428">
     <span class='ocr_line' id='line_1_111' title="bbox 1898 5350 3546 5428; baseline 0 -18"><span class='ocrx_word' id='word_1_832' title='bbox 1898 5354 2115 5428; x_wconf 87' lang='lat' dir='ltr'>agitur,</span> <span class='ocrx_word' id='word_1_833' title='bbox 2147 5352 2330 5408; x_wconf 88' lang='lat' dir='ltr'>donec</span> <span class='ocrx_word' id='word_1_834' title='bbox 2364 5350 2772 5421; x_wconf 87' lang='lat' dir='ltr'>conjunctione</span> <span class='ocrx_word' id='word_1_835' title='bbox 2823 5350 2979 5407; x_wconf 83' lang='lat' dir='ltr'>facta</span> <span class='ocrx_word' id='word_1_836' title='bbox 3034 5369 3152 5408; x_wconf 91' lang='lat' dir='ltr'>non</span> <span class='ocrx_word' id='word_1_837' title='bbox 3209 5352 3546 5411; x_wconf 86' lang='lat' dir='ltr'>illuminata</span> 
     </span>
    </p>
   </div>
   <div class='ocr_carea' id='block_1_112' title="bbox 113 5438 1743 5521">
    <p class='ocr_par' dir='ltr' id='par_1_112' title="bbox 113 5439 1743 5521">
     <span class='ocr_line' id='line_1_112' title="bbox 113 5439 1743 5521; baseline -0.002 -21"><span class='ocrx_word' id='word_1_838' title='bbox 113 5442 449 5521; x_wconf 76' lang='grc' dir='ltr'>ταλειφθείη</span> <span class='ocrx_word' id='word_1_839' title='bbox 504 5441 729 5507; x_wconf 86' lang='grc' dir='ltr'>τελείως</span> <span class='ocrx_word' id='word_1_840' title='bbox 773 5444 909 5499; x_wconf 79' lang='grc' dir='ltr'>ἅπαν</span> <span class='ocrx_word' id='word_1_841' title='bbox 957 5443 1021 5497; x_wconf 83' lang='grc' dir='ltr'>τὸ</span> <span class='ocrx_word' id='word_1_842' title='bbox 1050 5443 1185 5519; x_wconf 88' lang='grc' dir='ltr'>πρὸς</span> <span class='ocrx_word' id='word_1_843' title='bbox 1235 5442 1382 5516; x_wconf 78' lang='grc' dir='ltr'>ἡμᾶς</span> <span class='ocrx_word' id='word_1_844' title='bbox 1434 5439 1643 5517; x_wconf 85' lang='grc' dir='ltr'>βλέπον</span> <span class='ocrx_word' id='word_1_845' title='bbox 1694 5454 1743 5516; x_wconf 59' lang='grc' dir='ltr'>μή</span> 
     </span>
    </p>
   </div>
   <div class='ocr_carea' id='block_1_113' title="bbox 1861 5438 3547 5521">
    <p class='ocr_par' dir='ltr' id='par_1_113' title="bbox 1899 5438 3547 5515">
     <span class='ocr_line' id='line_1_113' title="bbox 1899 5438 3547 5515; baseline 0.001 -17"><span class='ocrx_word' id='word_1_846' title='bbox 1899 5442 2268 5515; x_wconf 85' lang='lat' dir='ltr'>relinquatur</span> <span class='ocrx_word' id='word_1_847' title='bbox 2296 5438 2569 5496; x_wconf 88' lang='lat' dir='ltr'>universa</span> <span class='ocrx_word' id='word_1_848' title='bbox 2597 5439 2720 5496; x_wconf 82' lang='lat' dir='ltr'>haec</span> <span class='ocrx_word' id='word_1_849' title='bbox 2750 5456 2887 5512; x_wconf 90' lang='lat' dir='ltr'>pars</span> <span class='ocrx_word' id='word_1_850' title='bbox 2934 5439 3099 5499; x_wconf 91' lang='lat' dir='ltr'>illius</span> <span class='ocrx_word' id='word_1_851' title='bbox 3150 5457 3281 5515; x_wconf 60' lang='lat' dir='ltr'>quae</span> <span class='ocrx_word' id='word_1_852' title='bbox 3309 5443 3382 5499; x_wconf 91' lang='lat' dir='ltr'>ad</span> <span class='ocrx_word' id='word_1_853' title='bbox 3437 5458 3547 5500; x_wconf 85' lang='lat' dir='ltr'>nos</span> 
     </span>
    </p>
   </div>
   <div class='ocr_carea' id='block_1_114' title="bbox 205 5652 1743 5733">
    <p class='ocr_par' dir='ltr' id='par_1_114' title="bbox 205 5654 1718 5733">
     <span class='ocr_line' id='line_1_114' title="bbox 205 5654 1718 5733; baseline -0.003 -18"><span class='ocrx_word' id='word_1_854' title='bbox 205 5660 265 5733; x_wconf 48' lang='lat' dir='ltr'>{li</span> <span class='ocrx_word' id='word_1_855' title='bbox 285 5656 438 5731; x_wconf 86' lang='lat' dir='ltr'>Ptol,</span> <span class='ocrx_word' id='word_1_856' title='bbox 465 5657 618 5714; x_wconf 91' lang='lat' dir='ltr'>Alm.</span> <span class='ocrx_word' id='word_1_857' title='bbox 647 5658 690 5733; x_wconf 89' lang='lat' dir='ltr'>_l,</span> <span class='ocrx_word' id='word_1_858' title='bbox 721 5675 856 5733; x_wconf 83' lang='lat' dir='ltr'>v-__c.</span> <span class='ocrx_word' id='word_1_859' title='bbox 887 5657 1249 5733; x_wconf 66' lang='lat' dir='ltr'>1§._Car_da_n.</span> <span class='ocrx_word' id='word_1_860' title='bbox 1273 5657 1362 5733; x_wconf 66' lang='lat' dir='ltr'>De</span> <span class='ocrx_word' id='word_1_861' title='bbox 1386 5654 1599 5733; x_wconf 65' lang='lat' dir='ltr'>Subtil,</span> <span class='ocrx_word' id='word_1_862' title='bbox 1633 5672 1718 5733; x_wconf 70' lang='grc' dir='ltr'>ιιι,</span> 
     </span>
    </p>
   </div>
   <div class='ocr_carea' id='block_1_115' title="bbox 1861 5652 3550 5733">
    <p class='ocr_par' dir='ltr' id='par_1_115' title="bbox 1861 5652 3550 5730">
     <span class='ocr_line' id='line_1_115' title="bbox 1861 5652 3550 5730; baseline 0.005 -18"><span class='ocrx_word' id='word_1_863' title='bbox 1861 5657 1960 5713; x_wconf 84' lang='lat'>.89.</span> <span class='ocrx_word' id='word_1_864' title='bbox 2053 5656 2097 5692; x_wconf 73' lang='grc'>⁸⁷</span> <span class='ocrx_word' id='word_1_865' title='bbox 2127 5654 2346 5712; x_wconf 87' lang='lat' dir='ltr'>Cleom.</span> <span class='ocrx_word' id='word_1_866' title='bbox 2379 5652 2481 5710; x_wconf 92' lang='lat' dir='ltr'>lib.</span> <span class='ocrx_word' id='word_1_867' title='bbox 2514 5670 2578 5728; x_wconf 86' lang='grc' dir='ltr'>ιι,</span> <span class='ocrx_word' id='word_1_868' title='bbox 2609 5670 2660 5711; x_wconf 88' lang='lat' dir='ltr'>c.</span> <span class='ocrx_word' id='word_1_869' title='bbox 2690 5655 2745 5712; x_wconf 86' lang='lat'>5.</span> <span class='ocrx_word' id='word_1_870' title='bbox 2838 5655 2882 5692; x_wconf 73' lang='grc'>⁸⁸</span> <span class='ocrx_word' id='word_1_871' title='bbox 2912 5654 3130 5715; x_wconf 86' lang='lat' dir='ltr'>Cleom.</span> <span class='ocrx_word' id='word_1_872' title='bbox 3172 5655 3276 5727; x_wconf 92' lang='lat' dir='ltr'>lib,</span> <span class='ocrx_word' id='word_1_873' title='bbox 3309 5674 3371 5730; x_wconf 89' lang='grc' dir='ltr'>ιι,</span> <span class='ocrx_word' id='word_1_874' title='bbox 3404 5673 3455 5719; x_wconf 85' lang='grc' dir='ltr'>ο.</span> <span class='ocrx_word' id='word_1_875' title='bbox 3485 5655 3550 5720; x_wconf 81' lang='grc'>3.</span> 
     </span>
    </p>
   </div>
   <div class='ocr_carea' id='block_1_116' title="bbox 115 5727 1729 5802">
    <p class='ocr_par' dir='ltr' id='par_1_116' title="bbox 115 5727 1729 5802">
     <span class='ocr_line' id='line_1_116' title="bbox 115 5727 1729 5802; baseline -0.002 -10"><span class='ocrx_word' id='word_1_876' title='bbox 115 5732 173 5775; x_wconf 67' lang='grc' dir='ltr'>θ’</span> <span class='ocrx_word' id='word_1_877' title='bbox 204 5727 432 5793; x_wconf 70' lang='lat' dir='ltr'>Cleom.</span> <span class='ocrx_word' id='word_1_878' title='bbox 463 5746 524 5802; x_wconf 89' lang='grc' dir='ltr'>ιι,</span> <span class='ocrx_word' id='word_1_879' title='bbox 556 5746 608 5787; x_wconf 84' lang='grc' dir='ltr'>ο.</span> <span class='ocrx_word' id='word_1_880' title='bbox 635 5730 687 5786; x_wconf 91' lang='grc'>4.</span> <span class='ocrx_word' id='word_1_881' title='bbox 764 5730 809 5764; x_wconf 81' lang='grc' dir='ltr'>⁷ο</span> <span class='ocrx_word' id='word_1_882' title='bbox 835 5728 1144 5786; x_wconf 85' lang='lat' dir='ltr'>Reinhold.</span> <span class='ocrx_word' id='word_1_883' title='bbox 1179 5729 1240 5787; x_wconf 89' lang='lat' dir='ltr'>in</span> <span class='ocrx_word' id='word_1_884' title='bbox 1271 5728 1510 5788; x_wconf 86' lang='lat' dir='ltr'>&#39;l‘hsort.</span> <span class='ocrx_word' id='word_1_885' title='bbox 1544 5727 1729 5789; x_wconf 85' lang='lat' dir='ltr'>Purb.</span> 
     </span>
    </p>
   </div>
   <div class='ocr_carea' id='block_1_117' title="bbox 424 5853 1743 5929">
    <p class='ocr_par' dir='ltr' id='par_1_117' title="bbox 424 5853 1127 5929">
     <span class='ocr_line' id='line_1_117' title="bbox 424 5853 1127 5929; baseline -0.001 -8"><span class='ocrx_word' id='word_1_886' title='bbox 424 5857 692 5925; x_wconf 67' lang='grc' dir='ltr'>Ρλτιιοι..</span> <span class='ocrx_word' id='word_1_887' title='bbox 741 5855 855 5922; x_wconf 75' lang='lat' dir='ltr'>Gn.</span> <span class='ocrx_word' id='word_1_888' title='bbox 898 5853 1127 5929; x_wconf 80' lang='lat' dir='ltr'>CXLII.</span> 
     </span>
    </p>
   </div>
   <div class='ocr_carea' id='block_1_118' title="bbox 1861 5853 3276 5929">
    <p class='ocr_par' dir='ltr' id='par_1_118' title="bbox 3193 5856 3276 5926">
     <span class='ocr_line' id='line_1_118' title="bbox 3193 5856 3276 5926; baseline 0.012 -1"><span class='ocrx_word' id='word_1_889' title='bbox 3193 5856 3276 5926; x_wconf 76' lang='grc'>40</span> 
     </span>
    </p>
   </div>
  </div>
