  <div class='ocr_page' id='page_1' title='image "/cluster/home/n/w/nwhite01/storage/ocr_20150623/142/mdp.39015078384792/638.png"; bbox 0 0 3988 6502; ppageno 0'>
   <div class='ocr_carea' id='block_1_1' title="bbox 175 539 304 598">
    <p class='ocr_par' dir='ltr' id='par_1_1' title="bbox 175 539 304 598">
     <span class='ocr_line' id='line_1_1' title="bbox 175 539 304 598; baseline -0.008 -1"><span class='ocrx_word' id='word_1_1' title='bbox 175 539 304 598; x_wconf 76' lang='grc'><strong>1261</strong></span> 
     </span>
    </p>
   </div>
   <div class='ocr_carea' id='block_1_2' title="bbox 1481 535 2229 597">
    <p class='ocr_par' dir='ltr' id='par_1_2' title="bbox 1481 535 2229 597">
     <span class='ocr_line' id='line_1_2' title="bbox 1481 535 2229 597; baseline -0.001 -3"><span class='ocrx_word' id='word_1_2' title='bbox 1481 535 1827 596; x_wconf 86' lang='lat' dir='ltr'>EPITOME</span> <span class='ocrx_word' id='word_1_3' title='bbox 1871 535 2229 597; x_wconf 85' lang='lat' dir='ltr'>PHYSICA.</span> 
     </span>
    </p>
   </div>
   <div class='ocr_carea' id='block_1_3' title="bbox 3390 539 3542 600">
    <p class='ocr_par' dir='ltr' id='par_1_3' title="bbox 3390 539 3542 600">
     <span class='ocr_line' id='line_1_3' title="bbox 3390 539 3542 600; baseline 0.007 -1"><span class='ocrx_word' id='word_1_4' title='bbox 3390 541 3414 599; x_wconf 88' lang='grc'>1</span> <span class='ocrx_word' id='word_1_5' title='bbox 3427 539 3542 600; x_wconf 75' lang='grc'>262</span> 
     </span>
    </p>
   </div>
   <div class='ocr_carea' id='block_1_4' title="bbox 170 663 1793 740">
    <p class='ocr_par' dir='ltr' id='par_1_4' title="bbox 170 663 1780 740">
     <span class='ocr_line' id='line_1_4' title="bbox 170 663 1780 740; baseline -0.004 -18"><span class='ocrx_word' id='word_1_6' title='bbox 170 665 311 736; x_wconf 82' lang='grc' dir='ltr'>τολή,</span> <span class='ocrx_word' id='word_1_7' title='bbox 339 663 458 720; x_wconf 78' lang='grc' dir='ltr'>ὅταν</span> <span class='ocrx_word' id='word_1_8' title='bbox 515 663 607 718; x_wconf 85' lang='grc' dir='ltr'>νέα</span> <span class='ocrx_word' id='word_1_9' title='bbox 648 664 881 740; x_wconf 85' lang='grc' dir='ltr'>πρώτως</span> <span class='ocrx_word' id='word_1_10' title='bbox 941 665 1103 740; x_wconf 80' lang='grc' dir='ltr'>φανῇ.</span> <span class='ocrx_word' id='word_1_11' title='bbox 1137 666 1213 736; x_wconf 80' lang='grc' dir='ltr'>Τῇ</span> <span class='ocrx_word' id='word_1_12' title='bbox 1279 665 1371 736; x_wconf 76' lang='grc' dir='ltr'>μὶν</span> <span class='ocrx_word' id='word_1_13' title='bbox 1432 665 1534 739; x_wconf 79' lang='grc' dir='ltr'>γὰρ</span> <span class='ocrx_word' id='word_1_14' title='bbox 1588 665 1780 738; x_wconf 78' lang='grc' dir='ltr'>πρώτῃ</span> 
     </span>
    </p>
   </div>
   <div class='ocr_carea' id='block_1_5' title="bbox 1912 663 3542 740">
    <p class='ocr_par' dir='ltr' id='par_1_5' title="bbox 1912 667 3542 740">
     <span class='ocr_line' id='line_1_5' title="bbox 1912 667 3542 740; baseline 0.002 -19"><span class='ocrx_word' id='word_1_15' title='bbox 1912 667 1992 721; x_wconf 65' lang='lat' dir='ltr'>rit.</span> <span class='ocrx_word' id='word_1_16' title='bbox 2026 667 2220 733; x_wconf 80' lang='lat' dir='ltr'>Ortus,</span> <span class='ocrx_word' id='word_1_17' title='bbox 2263 685 2397 722; x_wconf 91' lang='lat' dir='ltr'>cum</span> <span class='ocrx_word' id='word_1_18' title='bbox 2460 669 2715 740; x_wconf 87' lang='lat' dir='ltr'>primum</span> <span class='ocrx_word' id='word_1_19' title='bbox 2779 686 2926 724; x_wconf 90' lang='lat' dir='ltr'>nova</span> <span class='ocrx_word' id='word_1_20' title='bbox 2982 671 3295 740; x_wconf 87' lang='lat' dir='ltr'>conspecta</span> <span class='ocrx_word' id='word_1_21' title='bbox 3345 669 3542 726; x_wconf 83' lang='lat' dir='ltr'>fuerit.</span> 
     </span>
    </p>
   </div>
   <div class='ocr_carea' id='block_1_6' title="bbox 170 751 1783 830">
    <p class='ocr_par' dir='ltr' id='par_1_6' title="bbox 170 751 1783 830">
     <span class='ocr_line' id='line_1_6' title="bbox 170 751 1783 830; baseline -0.002 -20"><span class='ocrx_word' id='word_1_22' title='bbox 170 755 328 830; x_wconf 82' lang='grc' dir='ltr'>ἡμέρᾳ</span> <span class='ocrx_word' id='word_1_23' title='bbox 381 753 545 828; x_wconf 85' lang='grc' dir='ltr'>μέχρι</span> <span class='ocrx_word' id='word_1_24' title='bbox 595 751 856 807; x_wconf 77' lang='grc' dir='ltr'>τοσούτου</span> <span class='ocrx_word' id='word_1_25' title='bbox 909 752 1124 829; x_wconf 86' lang='grc' dir='ltr'>φέρεται</span> <span class='ocrx_word' id='word_1_26' title='bbox 1189 752 1320 827; x_wconf 74' lang='grc' dir='ltr'>ὑπὲρ</span> <span class='ocrx_word' id='word_1_27' title='bbox 1353 759 1454 827; x_wconf 79' lang='grc' dir='ltr'>γῆν</span> <span class='ocrx_word' id='word_1_28' title='bbox 1486 755 1520 821; x_wconf 88' lang='grc' dir='ltr'>ἡ</span> <span class='ocrx_word' id='word_1_29' title='bbox 1557 751 1783 823; x_wconf 78' lang='grc' dir='ltr'>σελήνη,</span> 
     </span>
    </p>
   </div>
   <div class='ocr_carea' id='block_1_7' title="bbox 176 836 1789 920">
    <p class='ocr_par' dir='ltr' id='par_1_7' title="bbox 176 836 1789 920">
     <span class='ocr_line' id='line_1_7' title="bbox 176 836 1789 920; baseline -0.002 -21"><span class='ocrx_word' id='word_1_30' title='bbox 176 845 345 920; x_wconf 87' lang='grc' dir='ltr'>μέχρις</span> <span class='ocrx_word' id='word_1_31' title='bbox 402 843 459 897; x_wconf 81' lang='grc' dir='ltr'>ἂν</span> <span class='ocrx_word' id='word_1_32' title='bbox 523 836 600 896; x_wconf 72' lang='grc' dir='ltr'>ἔτι</span> <span class='ocrx_word' id='word_1_33' title='bbox 658 841 839 895; x_wconf 83' lang='grc' dir='ltr'>καὶτὸ</span> <span class='ocrx_word' id='word_1_34' title='bbox 867 845 964 896; x_wconf 87' lang='grc' dir='ltr'>τοῦ</span> <span class='ocrx_word' id='word_1_35' title='bbox 994 839 1159 910; x_wconf 87' lang='grc' dir='ltr'>ἡλίου</span> <span class='ocrx_word' id='word_1_36' title='bbox 1206 845 1320 919; x_wconf 77' lang='grc' dir='ltr'>φῶς</span> <span class='ocrx_word' id='word_1_37' title='bbox 1377 841 1514 896; x_wconf 87' lang='grc' dir='ltr'>ἐστιν</span> <span class='ocrx_word' id='word_1_38' title='bbox 1569 841 1789 918; x_wconf 84' lang='grc' dir='ltr'>ἐπικρα-</span> 
     </span>
    </p>
   </div>
   <div class='ocr_carea' id='block_1_8' title="bbox 169 928 1792 1004">
    <p class='ocr_par' dir='ltr' id='par_1_8' title="bbox 169 928 1792 1004">
     <span class='ocr_line' id='line_1_8' title="bbox 169 928 1792 1004; baseline -0.003 -16"><span class='ocrx_word' id='word_1_39' title='bbox 169 938 300 990; x_wconf 84' lang='grc' dir='ltr'>τοῦν.</span> <span class='ocrx_word' id='word_1_40' title='bbox 345 935 486 986; x_wconf 76' lang='grc' dir='ltr'>Ὥστ⁵</span> <span class='ocrx_word' id='word_1_41' title='bbox 546 930 597 984; x_wconf 78' lang='grc' dir='ltr'>ἐν</span> <span class='ocrx_word' id='word_1_42' title='bbox 655 930 822 1003; x_wconf 82' lang='grc' dir='ltr'>ταύτῃ</span> <span class='ocrx_word' id='word_1_43' title='bbox 874 930 966 1003; x_wconf 76' lang='grc' dir='ltr'>μὲν</span> <span class='ocrx_word' id='word_1_44' title='bbox 1027 933 1104 1001; x_wconf 82' lang='grc' dir='ltr'>τῷ</span> <span class='ocrx_word' id='word_1_45' title='bbox 1161 934 1257 983; x_wconf 80' lang='grc' dir='ltr'>τοῦ</span> <span class='ocrx_word' id='word_1_46' title='bbox 1309 928 1473 999; x_wconf 88' lang='grc' dir='ltr'>ἡλίου</span> <span class='ocrx_word' id='word_1_47' title='bbox 1533 951 1792 1004; x_wconf 83' lang='grc' dir='ltr'>συγκατα-</span> 
     </span>
    </p>
   </div>
   <div class='ocr_carea' id='block_1_9' title="bbox 171 1015 1792 1094">
    <p class='ocr_par' dir='ltr' id='par_1_9' title="bbox 171 1015 1792 1094">
     <span class='ocr_line' id='line_1_9' title="bbox 171 1015 1792 1094; baseline -0.002 -18"><span class='ocrx_word' id='word_1_48' title='bbox 171 1021 346 1076; x_wconf 84' lang='grc' dir='ltr'>δύεται·</span> <span class='ocrx_word' id='word_1_49' title='bbox 404 1024 620 1094; x_wconf 80' lang='grc' dir='ltr'>πρῶτον</span> <span class='ocrx_word' id='word_1_50' title='bbox 673 1016 730 1074; x_wconf 72' lang='grc' dir='ltr'>δὲ</span> <span class='ocrx_word' id='word_1_51' title='bbox 788 1020 960 1094; x_wconf 77' lang='grc' dir='ltr'>σαφὴς</span> <span class='ocrx_word' id='word_1_52' title='bbox 999 1017 1050 1071; x_wconf 81' lang='grc' dir='ltr'>έν</span> <span class='ocrx_word' id='word_1_53' title='bbox 1110 1021 1178 1092; x_wconf 78' lang='grc' dir='ltr'>τῇ</span> <span class='ocrx_word' id='word_1_54' title='bbox 1234 1015 1461 1094; x_wconf 81' lang='grc' dir='ltr'>δευτέρᾳ</span> <span class='ocrx_word' id='word_1_55' title='bbox 1505 1022 1610 1072; x_wconf 82' lang='grc' dir='ltr'>τῶν</span> <span class='ocrx_word' id='word_1_56' title='bbox 1657 1021 1792 1090; x_wconf 90' lang='grc' dir='ltr'>ἡμε-</span> 
     </span>
    </p>
   </div>
   <div class='ocr_carea' id='block_1_10' title="bbox 171 1104 1789 1187">
    <p class='ocr_par' dir='ltr' id='par_1_10' title="bbox 171 1104 1789 1187">
     <span class='ocr_line' id='line_1_10' title="bbox 171 1104 1789 1187; baseline -0.001 -23"><span class='ocrx_word' id='word_1_57' title='bbox 171 1115 267 1184; x_wconf 83' lang='grc' dir='ltr'>ρῶν</span> <span class='ocrx_word' id='word_1_58' title='bbox 303 1109 553 1187; x_wconf 72' lang='grc' dir='ltr'>φαίνεταιο</span> <span class='ocrx_word' id='word_1_59' title='bbox 611 1107 700 1162; x_wconf 85' lang='grc' dir='ltr'>καὶ</span> <span class='ocrx_word' id='word_1_60' title='bbox 757 1108 891 1162; x_wconf 74' lang='grc' dir='ltr'>ποτὲ</span> <span class='ocrx_word' id='word_1_61' title='bbox 951 1107 1042 1180; x_wconf 76' lang='grc' dir='ltr'>μὲν</span> <span class='ocrx_word' id='word_1_62' title='bbox 1105 1105 1341 1179; x_wconf 77' lang='grc' dir='ltr'>μᾶλλον,</span> <span class='ocrx_word' id='word_1_63' title='bbox 1369 1108 1500 1160; x_wconf 84' lang='grc' dir='ltr'>ποτέ</span> <span class='ocrx_word' id='word_1_64' title='bbox 1531 1104 1576 1160; x_wconf 90' lang='grc' dir='ltr'>δ’</span> <span class='ocrx_word' id='word_1_65' title='bbox 1605 1111 1789 1174; x_wconf 70' lang='grc' dir='ltr'>ἦττον.</span> 
     </span>
    </p>
   </div>
   <div class='ocr_carea' id='block_1_11' title="bbox 168 1195 1792 1271">
    <p class='ocr_par' dir='ltr' id='par_1_11' title="bbox 168 1195 1792 1271">
     <span class='ocr_line' id='line_1_11' title="bbox 168 1195 1792 1271; baseline -0.004 -17"><span class='ocrx_word' id='word_1_66' title='bbox 168 1201 323 1255; x_wconf 85' lang='grc' dir='ltr'>Τοῦτο</span> <span class='ocrx_word' id='word_1_67' title='bbox 353 1195 408 1252; x_wconf 74' lang='grc' dir='ltr'>δέ</span> <span class='ocrx_word' id='word_1_68' title='bbox 454 1196 585 1251; x_wconf 85' lang='grc' dir='ltr'>αύτὸ</span> <span class='ocrx_word' id='word_1_69' title='bbox 645 1195 939 1269; x_wconf 79' lang='grc' dir='ltr'>συμπίπτει</span> <span class='ocrx_word' id='word_1_70' title='bbox 998 1196 1144 1271; x_wconf 82' lang='grc' dir='ltr'>παρά</span> <span class='ocrx_word' id='word_1_71' title='bbox 1172 1196 1235 1250; x_wconf 75' lang='grc' dir='ltr'>τὸ</span> <span class='ocrx_word' id='word_1_72' title='bbox 1286 1197 1450 1250; x_wconf 84' lang='grc' dir='ltr'>ποσὸν</span> <span class='ocrx_word' id='word_1_73' title='bbox 1499 1201 1600 1263; x_wconf 77' lang='grc' dir='ltr'>τῆς</span> <span class='ocrx_word' id='word_1_74' title='bbox 1655 1195 1792 1268; x_wconf 85' lang='grc' dir='ltr'>πρὸς</span> 
     </span>
    </p>
   </div>
   <div class='ocr_carea' id='block_1_12' title="bbox 167 1282 1791 1356">
    <p class='ocr_par' dir='ltr' id='par_1_12' title="bbox 167 1282 1791 1356">
     <span class='ocr_line' id='line_1_12' title="bbox 167 1282 1791 1356; baseline -0.003 -14"><span class='ocrx_word' id='word_1_75' title='bbox 167 1287 251 1343; x_wconf 84' lang='grc' dir='ltr'>τὸν</span> <span class='ocrx_word' id='word_1_76' title='bbox 293 1285 442 1356; x_wconf 73' lang='grc' dir='ltr'>ἥλιον</span> <span class='ocrx_word' id='word_1_77' title='bbox 496 1286 863 1346; x_wconf 83' lang='grc' dir='ltr'>ἀποστάσεως·</span> <span class='ocrx_word' id='word_1_78' title='bbox 897 1284 1024 1338; x_wconf 80' lang='grc' dir='ltr'>αὐτὸ</span> <span class='ocrx_word' id='word_1_79' title='bbox 1076 1283 1133 1338; x_wconf 76' lang='grc' dir='ltr'>δὲ</span> <span class='ocrx_word' id='word_1_80' title='bbox 1185 1286 1246 1338; x_wconf 89' lang='grc' dir='ltr'>τὸ</span> <span class='ocrx_word' id='word_1_81' title='bbox 1292 1287 1392 1352; x_wconf 77' lang='grc' dir='ltr'>τῆς</span> <span class='ocrx_word' id='word_1_82' title='bbox 1451 1282 1791 1345; x_wconf 82' lang='grc' dir='ltr'>ἀποστάσεως</span> 
     </span>
    </p>
   </div>
   <div class='ocr_carea' id='block_1_13' title="bbox 169 1370 1793 1448">
    <p class='ocr_par' dir='ltr' id='par_1_13' title="bbox 169 1370 1793 1448">
     <span class='ocr_line' id='line_1_13' title="bbox 169 1370 1793 1448; baseline -0.004 -17"><span class='ocrx_word' id='word_1_83' title='bbox 169 1377 335 1447; x_wconf 68' lang='grc' dir='ltr'>ποσὸν,</span> <span class='ocrx_word' id='word_1_84' title='bbox 367 1373 503 1430; x_wconf 82' lang='grc' dir='ltr'>ἄλλο</span> <span class='ocrx_word' id='word_1_85' title='bbox 531 1375 578 1428; x_wconf 93' lang='grc' dir='ltr'>τ’</span> <span class='ocrx_word' id='word_1_86' title='bbox 608 1371 748 1428; x_wconf 75' lang='grc' dir='ltr'>ἄλλο</span> <span class='ocrx_word' id='word_1_87' title='bbox 781 1372 982 1448; x_wconf 85' lang='grc' dir='ltr'>γίνεται</span> <span class='ocrx_word' id='word_1_88' title='bbox 1018 1370 1104 1427; x_wconf 79' lang='grc' dir='ltr'>διά</span> <span class='ocrx_word' id='word_1_89' title='bbox 1132 1393 1192 1427; x_wconf 91' lang='grc' dir='ltr'>τε</span> <span class='ocrx_word' id='word_1_90' title='bbox 1220 1373 1319 1440; x_wconf 75' lang='grc' dir='ltr'>τὴν</span> <span class='ocrx_word' id='word_1_91' title='bbox 1356 1370 1492 1425; x_wconf 78' lang='grc' dir='ltr'>ἰδίαν</span> <span class='ocrx_word' id='word_1_92' title='bbox 1552 1379 1654 1441; x_wconf 82' lang='grc' dir='ltr'>τῆς</span> <span class='ocrx_word' id='word_1_93' title='bbox 1713 1393 1793 1425; x_wconf 85' lang='grc' dir='ltr'>σε-</span> 
     </span>
    </p>
   </div>
   <div class='ocr_carea' id='block_1_14' title="bbox 170 1458 1794 1536">
    <p class='ocr_par' dir='ltr' id='par_1_14' title="bbox 170 1458 1794 1536">
     <span class='ocr_line' id='line_1_14' title="bbox 170 1458 1794 1536; baseline -0.003 -17"><span class='ocrx_word' id='word_1_94' title='bbox 170 1463 326 1534; x_wconf 77' lang='grc' dir='ltr'>λήνης</span> <span class='ocrx_word' id='word_1_95' title='bbox 369 1462 574 1533; x_wconf 89' lang='grc' dir='ltr'>κίνησιν</span> <span class='ocrx_word' id='word_1_96' title='bbox 624 1461 709 1536; x_wconf 79' lang='grc' dir='ltr'>(οὗ</span> <span class='ocrx_word' id='word_1_97' title='bbox 739 1463 839 1536; x_wconf 77' lang='grc' dir='ltr'>γὰρ</span> <span class='ocrx_word' id='word_1_98' title='bbox 894 1458 1007 1516; x_wconf 64' lang='grc' dir='ltr'>ἶσον</span> <span class='ocrx_word' id='word_1_99' title='bbox 1062 1461 1142 1515; x_wconf 86' lang='grc' dir='ltr'>ἀεὶ</span> <span class='ocrx_word' id='word_1_100' title='bbox 1189 1465 1417 1514; x_wconf 80' lang='grc' dir='ltr'>κινεῖται</span> <span class='ocrx_word' id='word_1_101' title='bbox 1473 1461 1607 1514; x_wconf 83' lang='grc' dir='ltr'>κατά</span> <span class='ocrx_word' id='word_1_102' title='bbox 1663 1459 1794 1534; x_wconf 87' lang='grc' dir='ltr'>πρό-</span> 
     </span>
    </p>
   </div>
   <div class='ocr_carea' id='block_1_15' title="bbox 169 1545 1793 1621">
    <p class='ocr_par' dir='ltr' id='par_1_15' title="bbox 169 1545 1793 1621">
     <span class='ocr_line' id='line_1_15' title="bbox 169 1545 1793 1621; baseline -0.003 -14"><span class='ocrx_word' id='word_1_103' title='bbox 169 1548 306 1608; x_wconf 81' lang='grc' dir='ltr'>ϐασιν</span> <span class='ocrx_word' id='word_1_104' title='bbox 356 1549 441 1606; x_wconf 80' lang='grc' dir='ltr'>διὰ</span> <span class='ocrx_word' id='word_1_105' title='bbox 494 1551 593 1619; x_wconf 80' lang='grc' dir='ltr'>τὴν</span> <span class='ocrx_word' id='word_1_106' title='bbox 651 1554 748 1604; x_wconf 84' lang='grc' dir='ltr'>τοῦ</span> <span class='ocrx_word' id='word_1_107' title='bbox 802 1547 1042 1612; x_wconf 78' lang='grc' dir='ltr'>πλάτους</span> <span class='ocrx_word' id='word_1_108' title='bbox 1098 1548 1378 1621; x_wconf 80' lang='grc' dir='ltr'>έξάλλαξιν</span> <span class='ocrx_word' id='word_1_109' title='bbox 1433 1553 1530 1603; x_wconf 87' lang='grc' dir='ltr'>τοῦ</span> <span class='ocrx_word' id='word_1_110' title='bbox 1593 1545 1793 1617; x_wconf 86' lang='grc' dir='ltr'>ζωδια-</span> 
     </span>
    </p>
   </div>
   <div class='ocr_carea' id='block_1_16' title="bbox 167 1635 1790 1716">
    <p class='ocr_par' dir='ltr' id='par_1_16' title="bbox 167 1635 1790 1716">
     <span class='ocr_line' id='line_1_16' title="bbox 167 1635 1790 1716; baseline -0.005 -19"><span class='ocrx_word' id='word_1_111' title='bbox 167 1644 279 1716; x_wconf 84' lang='grc' dir='ltr'>κοῦ)</span> <span class='ocrx_word' id='word_1_112' title='bbox 305 1639 386 1696; x_wconf 83' lang='grc' dir='ltr'>καὶ</span> <span class='ocrx_word' id='word_1_113' title='bbox 445 1638 534 1695; x_wconf 78' lang='grc' dir='ltr'>διὰ</span> <span class='ocrx_word' id='word_1_114' title='bbox 589 1638 650 1694; x_wconf 72' lang='grc' dir='ltr'>τὰ</span> <span class='ocrx_word' id='word_1_115' title='bbox 712 1641 786 1712; x_wconf 84' lang='grc' dir='ltr'>μή</span> <span class='ocrx_word' id='word_1_116' title='bbox 841 1637 1054 1694; x_wconf 80' lang='grc' dir='ltr'>πάντων</span> <span class='ocrx_word' id='word_1_117' title='bbox 1110 1643 1216 1692; x_wconf 78' lang='grc' dir='ltr'>τῶν</span> <span class='ocrx_word' id='word_1_118' title='bbox 1263 1635 1470 1707; x_wconf 84' lang='grc' dir='ltr'>ζωδίων</span> <span class='ocrx_word' id='word_1_119' title='bbox 1507 1637 1790 1714; x_wconf 83' lang='grc' dir='ltr'>ἰσόχρονον</span> 
     </span>
    </p>
   </div>
   <div class='ocr_carea' id='block_1_17' title="bbox 167 1723 1794 1803">
    <p class='ocr_par' dir='ltr' id='par_1_17' title="bbox 167 1723 1794 1803">
     <span class='ocr_line' id='line_1_17' title="bbox 167 1723 1794 1803; baseline -0.004 -19"><span class='ocrx_word' id='word_1_120' title='bbox 167 1731 260 1798; x_wconf 81' lang='grc' dir='ltr'>τὴν</span> <span class='ocrx_word' id='word_1_121' title='bbox 306 1727 444 1784; x_wconf 88' lang='grc' dir='ltr'>δύσιν</span> <span class='ocrx_word' id='word_1_122' title='bbox 503 1727 772 1803; x_wconf 85' lang='grc' dir='ltr'>γίνασθαι,</span> <span class='ocrx_word' id='word_1_123' title='bbox 823 1725 896 1789; x_wconf 83' lang='grc' dir='ltr'>ὡς</span> <span class='ocrx_word' id='word_1_124' title='bbox 955 1732 1112 1781; x_wconf 81' lang='grc' dir='ltr'>τινῶν</span> <span class='ocrx_word' id='word_1_125' title='bbox 1165 1728 1258 1799; x_wconf 77' lang='grc' dir='ltr'>μὲν</span> <span class='ocrx_word' id='word_1_126' title='bbox 1294 1726 1491 1801; x_wconf 79' lang='grc' dir='ltr'>ὀρθῶς,</span> <span class='ocrx_word' id='word_1_127' title='bbox 1520 1729 1681 1780; x_wconf 78' lang='grc' dir='ltr'>τινῶν</span> <span class='ocrx_word' id='word_1_128' title='bbox 1737 1723 1794 1779; x_wconf 73' lang='grc' dir='ltr'>δὲ</span> 
     </span>
    </p>
   </div>
   <div class='ocr_carea' id='block_1_18' title="bbox 171 1813 1792 1892">
    <p class='ocr_par' dir='ltr' id='par_1_18' title="bbox 171 1813 1792 1892">
     <span class='ocr_line' id='line_1_18' title="bbox 171 1813 1792 1892; baseline -0.003 -17"><span class='ocrx_word' id='word_1_129' title='bbox 171 1818 330 1889; x_wconf 79' lang='grc' dir='ltr'>λοξῶς</span> <span class='ocrx_word' id='word_1_130' title='bbox 356 1815 791 1890; x_wconf 72' lang='grc' dir='ltr'>καταδυομένων·</span> <span class='ocrx_word' id='word_1_131' title='bbox 824 1817 1082 1892; x_wconf 78' lang='grc' dir='ltr'>καὶπρὸς</span> <span class='ocrx_word' id='word_1_132' title='bbox 1137 1815 1350 1878; x_wconf 88' lang='grc' dir='ltr'>τούτοις</span> <span class='ocrx_word' id='word_1_133' title='bbox 1407 1813 1496 1870; x_wconf 78' lang='grc' dir='ltr'>διὰ</span> <span class='ocrx_word' id='word_1_134' title='bbox 1549 1817 1640 1870; x_wconf 87' lang='grc' dir='ltr'>τὸν</span> <span class='ocrx_word' id='word_1_135' title='bbox 1691 1822 1792 1884; x_wconf 79' lang='grc' dir='ltr'>τῆς</span> 
     </span>
    </p>
   </div>
   <div class='ocr_carea' id='block_1_19' title="bbox 167 1902 1794 1984">
    <p class='ocr_par' dir='ltr' id='par_1_19' title="bbox 167 1902 1794 1984">
     <span class='ocr_line' id='line_1_19' title="bbox 167 1902 1794 1984; baseline -0.004 -21"><span class='ocrx_word' id='word_1_136' title='bbox 167 1907 535 1984; x_wconf 84' lang='grc' dir='ltr'>προγεγονυίας</span> <span class='ocrx_word' id='word_1_137' title='bbox 596 1903 822 1960; x_wconf 80' lang='grc' dir='ltr'>συνόδου</span> <span class='ocrx_word' id='word_1_138' title='bbox 876 1906 1063 1980; x_wconf 86' lang='grc' dir='ltr'>καιρὸν</span> <span class='ocrx_word' id='word_1_139' title='bbox 1112 1902 1204 1960; x_wconf 64' lang='grc' dir='ltr'>εἴτ’</span> <span class='ocrx_word' id='word_1_140' title='bbox 1235 1907 1547 1981; x_wconf 87' lang='grc' dir='ltr'>ἀρχομένης</span> <span class='ocrx_word' id='word_1_141' title='bbox 1584 1905 1794 1978; x_wconf 61' lang='grc' dir='ltr'>ἡμέρας</span> 
     </span>
    </p>
   </div>
   <div class='ocr_carea' id='block_1_20' title="bbox 168 1990 1794 2071">
    <p class='ocr_par' dir='ltr' id='par_1_20' title="bbox 168 1990 1794 2071">
     <span class='ocr_line' id='line_1_20' title="bbox 168 1990 1794 2071; baseline -0.003 -21"><span class='ocrx_word' id='word_1_142' title='bbox 168 1993 260 2050; x_wconf 62' lang='grc' dir='ltr'>εἴτ’</span> <span class='ocrx_word' id='word_1_143' title='bbox 287 1996 594 2071; x_wconf 70' lang='grc' dir='ltr'>ἀρχομένης</span> <span class='ocrx_word' id='word_1_144' title='bbox 624 1995 836 2064; x_wconf 87' lang='grc' dir='ltr'>νυκτὸς,</span> <span class='ocrx_word' id='word_1_145' title='bbox 870 1991 976 2048; x_wconf 67' lang='grc' dir='ltr'>εἴτε</span> <span class='ocrx_word' id='word_1_146' title='bbox 1007 1993 1102 2048; x_wconf 84' lang='grc' dir='ltr'>κάν</span> <span class='ocrx_word' id='word_1_147' title='bbox 1151 1999 1268 2055; x_wconf 83' lang='grc' dir='ltr'>τοῖς</span> <span class='ocrx_word' id='word_1_148' title='bbox 1317 1992 1510 2066; x_wconf 78' lang='grc' dir='ltr'>μεταξὺ</span> <span class='ocrx_word' id='word_1_149' title='bbox 1562 1990 1794 2053; x_wconf 82' lang='grc' dir='ltr'>πολλοῖς</span> 
     </span>
    </p>
   </div>
   <div class='ocr_carea' id='block_1_21' title="bbox 164 2079 1791 2161">
    <p class='ocr_par' dir='ltr' id='par_1_21' title="bbox 164 2079 1791 2161">
     <span class='ocr_line' id='line_1_21' title="bbox 164 2079 1791 2161; baseline -0.002 -23"><span class='ocrx_word' id='word_1_150' title='bbox 164 2082 275 2139; x_wconf 74' lang='grc' dir='ltr'>οῦσι</span> <span class='ocrx_word' id='word_1_151' title='bbox 302 2084 384 2138; x_wconf 88' lang='grc' dir='ltr'>καὶ</span> <span class='ocrx_word' id='word_1_152' title='bbox 433 2082 735 2161; x_wconf 80' lang='grc' dir='ltr'>διαφόροις,</span> <span class='ocrx_word' id='word_1_153' title='bbox 835 2082 1268 2159; x_wconf 86' lang='grc' dir='ltr'>προηγησαμένη</span> <span class='ocrx_word' id='word_1_154' title='bbox 1328 2079 1554 2142; x_wconf 80' lang='grc' dir='ltr'>σύνοδος</span> <span class='ocrx_word' id='word_1_155' title='bbox 1609 2080 1791 2156; x_wconf 74' lang='grc' dir='ltr'>ἐγεγό-</span> 
     </span>
    </p>
   </div>
   <div class='ocr_carea' id='block_1_22' title="bbox 160 2169 1792 2248">
    <p class='ocr_par' dir='ltr' id='par_1_22' title="bbox 160 2169 1792 2248">
     <span class='ocr_line' id='line_1_22' title="bbox 160 2169 1792 2248; baseline -0.002 -22"><span class='ocrx_word' id='word_1_156' title='bbox 160 2195 254 2230; x_wconf 88' lang='grc' dir='ltr'>νει.</span> <span class='ocrx_word' id='word_1_157' title='bbox 285 2175 424 2227; x_wconf 84' lang='grc' dir='ltr'>Ὥστ⁹</span> <span class='ocrx_word' id='word_1_158' title='bbox 452 2171 534 2226; x_wconf 88' lang='grc' dir='ltr'>ἀεί</span> <span class='ocrx_word' id='word_1_159' title='bbox 595 2172 735 2226; x_wconf 78' lang='grc' dir='ltr'>ἐστιν</span> <span class='ocrx_word' id='word_1_160' title='bbox 791 2171 866 2233; x_wconf 75' lang='grc' dir='ltr'>εἷς</span> <span class='ocrx_word' id='word_1_161' title='bbox 913 2170 1115 2248; x_wconf 81' lang='grc' dir='ltr'>χρόνος</span> <span class='ocrx_word' id='word_1_162' title='bbox 1151 2169 1201 2224; x_wconf 82' lang='grc' dir='ltr'>έν</span> <span class='ocrx_word' id='word_1_163' title='bbox 1234 2171 1280 2242; x_wconf 82' lang='grc' dir='ltr'>ᾧ</span> <span class='ocrx_word' id='word_1_164' title='bbox 1313 2170 1552 2246; x_wconf 87' lang='grc' dir='ltr'>φαίνεται</span> <span class='ocrx_word' id='word_1_165' title='bbox 1610 2173 1792 2246; x_wconf 79' lang='grc' dir='ltr'>σαφῶς</span> 
     </span>
    </p>
   </div>
   <div class='ocr_carea' id='block_1_23' title="bbox 159 2256 1793 2337">
    <p class='ocr_par' dir='ltr' id='par_1_23' title="bbox 159 2256 1793 2337">
     <span class='ocr_line' id='line_1_23' title="bbox 159 2256 1793 2337; baseline -0.003 -21"><span class='ocrx_word' id='word_1_166' title='bbox 159 2265 192 2332; x_wconf 89' lang='grc' dir='ltr'>ἡ</span> <span class='ocrx_word' id='word_1_167' title='bbox 224 2260 437 2334; x_wconf 76' lang='grc' dir='ltr'>σελήνη·</span> <span class='ocrx_word' id='word_1_168' title='bbox 473 2258 598 2315; x_wconf 74' lang='grc' dir='ltr'>οὐδὲ</span> <span class='ocrx_word' id='word_1_169' title='bbox 647 2261 781 2314; x_wconf 76' lang='grc' dir='ltr'>κατὰ</span> <span class='ocrx_word' id='word_1_170' title='bbox 836 2262 930 2321; x_wconf 80' lang='grc' dir='ltr'>τὰς</span> <span class='ocrx_word' id='word_1_171' title='bbox 991 2257 1125 2322; x_wconf 82' lang='grc' dir='ltr'>ὅλας</span> <span class='ocrx_word' id='word_1_172' title='bbox 1182 2260 1404 2335; x_wconf 86' lang='grc' dir='ltr'>πρώτας</span> <span class='ocrx_word' id='word_1_173' title='bbox 1459 2256 1674 2337; x_wconf 87' lang='grc' dir='ltr'>φαύσεις</span> <span class='ocrx_word' id='word_1_174' title='bbox 1730 2258 1793 2312; x_wconf 84' lang='grc' dir='ltr'>τὸ</span> 
     </span>
    </p>
   </div>
   <div class='ocr_carea' id='block_1_24' title="bbox 166 2347 783 2428">
    <p class='ocr_par' dir='ltr' id='par_1_24' title="bbox 166 2347 783 2428">
     <span class='ocr_line' id='line_1_24' title="bbox 166 2347 783 2428; baseline 0 -22"><span class='ocrx_word' id='word_1_175' title='bbox 166 2351 319 2428; x_wconf 71' lang='grc' dir='ltr'>σαφὲς</span> <span class='ocrx_word' id='word_1_176' title='bbox 347 2347 783 2427; x_wconf 86' lang='grc' dir='ltr'>ἀπαράλλακτον.</span> 
     </span>
    </p>
   </div>
   <div class='ocr_carea' id='block_1_25' title="bbox 224 2523 1795 2602">
    <p class='ocr_par' dir='ltr' id='par_1_25' title="bbox 224 2523 1795 2602">
     <span class='ocr_line' id='line_1_25' title="bbox 224 2523 1795 2602; baseline -0.003 -19"><span class='ocrx_word' id='word_1_177' title='bbox 224 2530 290 2598; x_wconf 84' lang='grc' dir='ltr'>η’.</span> <span class='ocrx_word' id='word_1_178' title='bbox 322 2527 542 2602; x_wconf 85' lang='grc' dir='ltr'>Λέγεται</span> <span class='ocrx_word' id='word_1_179' title='bbox 570 2524 614 2581; x_wconf 84' lang='grc' dir='ltr'>δ’</span> <span class='ocrx_word' id='word_1_180' title='bbox 649 2523 739 2582; x_wconf 82' lang='grc' dir='ltr'>οῦν</span> <span class='ocrx_word' id='word_1_181' title='bbox 795 2524 1057 2598; x_wconf 76' lang='grc' dir='ltr'>ἀνατολὴ,</span> <span class='ocrx_word' id='word_1_182' title='bbox 1091 2524 1215 2579; x_wconf 77' lang='grc' dir='ltr'>ὅταν</span> <span class='ocrx_word' id='word_1_183' title='bbox 1273 2526 1362 2579; x_wconf 88' lang='grc' dir='ltr'>νέα</span> <span class='ocrx_word' id='word_1_184' title='bbox 1408 2526 1641 2599; x_wconf 83' lang='grc' dir='ltr'>πρώτως</span> <span class='ocrx_word' id='word_1_185' title='bbox 1699 2544 1795 2597; x_wconf 84' lang='grc' dir='ltr'>φα·-</span> 
     </span>
    </p>
   </div>
   <div class='ocr_carea' id='block_1_26' title="bbox 154 2611 1793 2692">
    <p class='ocr_par' dir='ltr' id='par_1_26' title="bbox 154 2611 1793 2692">
     <span class='ocr_line' id='line_1_26' title="bbox 154 2611 1793 2692; baseline -0.003 -20"><span class='ocrx_word' id='word_1_186' title='bbox 154 2621 216 2692; x_wconf 77' lang='grc' dir='ltr'>νῇ</span> <span class='ocrx_word' id='word_1_187' title='bbox 268 2618 529 2671; x_wconf 77' lang='grc' dir='ltr'>ὁπωσοῦν·</span> <span class='ocrx_word' id='word_1_188' title='bbox 585 2613 883 2690; x_wconf 74' lang='grc' dir='ltr'>μηνοειδὴς</span> <span class='ocrx_word' id='word_1_189' title='bbox 941 2612 987 2668; x_wconf 89' lang='grc' dir='ltr'>δ’</span> <span class='ocrx_word' id='word_1_190' title='bbox 1039 2612 1164 2668; x_wconf 79' lang='grc' dir='ltr'>ὅταν</span> <span class='ocrx_word' id='word_1_191' title='bbox 1209 2614 1418 2687; x_wconf 85' lang='grc' dir='ltr'>ἀποστῇ</span> <span class='ocrx_word' id='word_1_192' title='bbox 1477 2618 1572 2668; x_wconf 89' lang='grc' dir='ltr'>τοῦ</span> <span class='ocrx_word' id='word_1_193' title='bbox 1629 2611 1793 2681; x_wconf 88' lang='grc' dir='ltr'>ἡλίου</span> 
     </span>
    </p>
   </div>
   <div class='ocr_carea' id='block_1_27' title="bbox 162 2702 1794 2780">
    <p class='ocr_par' dir='ltr' id='par_1_27' title="bbox 162 2702 1794 2780">
     <span class='ocr_line' id='line_1_27' title="bbox 162 2702 1794 2780; baseline -0.004 -19"><span class='ocrx_word' id='word_1_194' title='bbox 162 2706 348 2780; x_wconf 82' lang='grc' dir='ltr'>μοίρας</span> <span class='ocrx_word' id='word_1_195' title='bbox 379 2707 656 2779; x_wconf 72' lang='grc' dir='ltr'>ἑξήκοντα,</span> <span class='ocrx_word' id='word_1_196' title='bbox 689 2705 779 2758; x_wconf 86' lang='grc' dir='ltr'>καὶ</span> <span class='ocrx_word' id='word_1_197' title='bbox 812 2704 944 2778; x_wconf 85' lang='grc' dir='ltr'>πρὸς</span> <span class='ocrx_word' id='word_1_198' title='bbox 974 2703 1066 2757; x_wconf 84' lang='grc' dir='ltr'>τὸν</span> <span class='ocrx_word' id='word_1_199' title='bbox 1095 2703 1255 2772; x_wconf 73' lang='grc' dir='ltr'>ἥλιον</span> <span class='ocrx_word' id='word_1_200' title='bbox 1308 2702 1572 2778; x_wconf 72' lang='grc' dir='ltr'>ἑξάγωνον</span> <span class='ocrx_word' id='word_1_201' title='bbox 1630 2705 1794 2772; x_wconf 81' lang='grc' dir='ltr'>ποιή-</span> 
     </span>
    </p>
   </div>
   <div class='ocr_carea' id='block_1_28' title="bbox 161 2788 1792 2868">
    <p class='ocr_par' dir='ltr' id='par_1_28' title="bbox 161 2788 1792 2868">
     <span class='ocr_line' id='line_1_28' title="bbox 161 2788 1792 2868; baseline -0.004 -19"><span class='ocrx_word' id='word_1_202' title='bbox 161 2816 316 2865; x_wconf 90' lang='grc' dir='ltr'>σηται</span> <span class='ocrx_word' id='word_1_203' title='bbox 343 2795 431 2848; x_wconf 85' lang='grc' dir='ltr'>τὸν</span> <span class='ocrx_word' id='word_1_204' title='bbox 476 2792 886 2868; x_wconf 85' lang='grc' dir='ltr'>σχηματισμόν·</span> <span class='ocrx_word' id='word_1_205' title='bbox 937 2790 1259 2866; x_wconf 88' lang='grc' dir='ltr'>διχότομος,</span> <span class='ocrx_word' id='word_1_206' title='bbox 1294 2788 1506 2845; x_wconf 78' lang='grc' dir='ltr'>ἐπειδὰν</span> <span class='ocrx_word' id='word_1_207' title='bbox 1568 2791 1792 2865; x_wconf 88' lang='grc' dir='ltr'>ἀποχω-</span> 
     </span>
    </p>
   </div>
   <div class='ocr_carea' id='block_1_29' title="bbox 156 2879 1792 2960">
    <p class='ocr_par' dir='ltr' id='par_1_29' title="bbox 156 2879 1792 2960">
     <span class='ocr_line' id='line_1_29' title="bbox 156 2879 1792 2960; baseline -0.004 -23"><span class='ocrx_word' id='word_1_208' title='bbox 156 2886 294 2960; x_wconf 79' lang='grc' dir='ltr'>ρήσῃ</span> <span class='ocrx_word' id='word_1_209' title='bbox 340 2887 435 2937; x_wconf 83' lang='grc' dir='ltr'>τοῦ</span> <span class='ocrx_word' id='word_1_210' title='bbox 486 2881 651 2951; x_wconf 83' lang='grc' dir='ltr'>ἡλίου</span> <span class='ocrx_word' id='word_1_211' title='bbox 712 2881 905 2956; x_wconf 84' lang='grc' dir='ltr'>μοίρας</span> <span class='ocrx_word' id='word_1_212' title='bbox 955 2879 1294 2950; x_wconf 71' lang='grc' dir='ltr'>ἐνενήκοντα,</span> <span class='ocrx_word' id='word_1_213' title='bbox 1324 2880 1413 2933; x_wconf 81' lang='grc' dir='ltr'>καὶ</span> <span class='ocrx_word' id='word_1_214' title='bbox 1443 2879 1792 2954; x_wconf 80' lang='grc' dir='ltr'>σχηματισθῇ</span> 
     </span>
    </p>
   </div>
   <div class='ocr_carea' id='block_1_30' title="bbox 158 2967 1792 3047">
    <p class='ocr_par' dir='ltr' id='par_1_30' title="bbox 158 2967 1792 3047">
     <span class='ocr_line' id='line_1_30' title="bbox 158 2967 1792 3047; baseline -0.005 -20"><span class='ocrx_word' id='word_1_215' title='bbox 158 2969 486 3047; x_wconf 79' lang='grc' dir='ltr'>τετράγωνος</span> <span class='ocrx_word' id='word_1_216' title='bbox 536 2971 674 3046; x_wconf 86' lang='grc' dir='ltr'>πρὸς</span> <span class='ocrx_word' id='word_1_217' title='bbox 704 2969 884 3024; x_wconf 78' lang='grc' dir='ltr'>αὐτόν·</span> <span class='ocrx_word' id='word_1_218' title='bbox 944 2968 1302 3046; x_wconf 79' lang='grc' dir='ltr'>ἀμφίκυρτος,</span> <span class='ocrx_word' id='word_1_219' title='bbox 1335 2967 1532 3022; x_wconf 85' lang='grc' dir='ltr'>ὁπόταν</span> <span class='ocrx_word' id='word_1_220' title='bbox 1600 2967 1792 3043; x_wconf 80' lang='grc' dir='ltr'>μοίρας</span> 
     </span>
    </p>
   </div>
   <div class='ocr_carea' id='block_1_31' title="bbox 162 3054 1792 3136">
    <p class='ocr_par' dir='ltr' id='par_1_31' title="bbox 162 3054 1792 3136">
     <span class='ocr_line' id='line_1_31' title="bbox 162 3054 1792 3136; baseline -0.004 -21"><span class='ocrx_word' id='word_1_221' title='bbox 162 3057 325 3115; x_wconf 53' lang='grc' dir='ltr'>εἷὸιοσι</span> <span class='ocrx_word' id='word_1_222' title='bbox 369 3061 505 3136; x_wconf 85' lang='grc' dir='ltr'>πρὸς</span> <span class='ocrx_word' id='word_1_223' title='bbox 535 3064 653 3121; x_wconf 88' lang='grc' dir='ltr'>ταῖς</span> <span class='ocrx_word' id='word_1_224' title='bbox 686 3059 871 3113; x_wconf 75' lang='grc' dir='ltr'>ἑκατὸν</span> <span class='ocrx_word' id='word_1_225' title='bbox 902 3057 1110 3132; x_wconf 76' lang='grc' dir='ltr'>ἀποστῇ</span> <span class='ocrx_word' id='word_1_226' title='bbox 1155 3062 1252 3112; x_wconf 88' lang='grc' dir='ltr'>τοῦ</span> <span class='ocrx_word' id='word_1_227' title='bbox 1284 3054 1448 3125; x_wconf 82' lang='grc' dir='ltr'>ἡλίου</span> <span class='ocrx_word' id='word_1_228' title='bbox 1475 3055 1564 3110; x_wconf 79' lang='grc' dir='ltr'>καὶ</span> <span class='ocrx_word' id='word_1_229' title='bbox 1594 3055 1792 3131; x_wconf 90' lang='grc' dir='ltr'>τρίγω-</span> 
     </span>
    </p>
   </div>
   <div class='ocr_carea' id='block_1_32' title="bbox 150 3141 1794 3223">
    <p class='ocr_par' dir='ltr' id='par_1_32' title="bbox 150 3141 1794 3223">
     <span class='ocr_line' id='line_1_32' title="bbox 150 3141 1794 3223; baseline -0.004 -19"><span class='ocrx_word' id='word_1_230' title='bbox 150 3169 246 3204; x_wconf 92' lang='grc' dir='ltr'>νον</span> <span class='ocrx_word' id='word_1_231' title='bbox 324 3145 572 3221; x_wconf 73' lang='grc' dir='ltr'>ἐκτελέσῃ</span> <span class='ocrx_word' id='word_1_232' title='bbox 643 3144 1052 3223; x_wconf 84' lang='grc' dir='ltr'>σχηματισμόν·</span> <span class='ocrx_word' id='word_1_233' title='bbox 1111 3144 1517 3214; x_wconf 86' lang='grc' dir='ltr'>πλησισέληνος</span> <span class='ocrx_word' id='word_1_234' title='bbox 1592 3141 1648 3198; x_wconf 76' lang='grc' dir='ltr'>δέ</span> <span class='ocrx_word' id='word_1_235' title='bbox 1704 3141 1794 3198; x_wconf 82' lang='grc' dir='ltr'>καὶ</span> 
     </span>
    </p>
   </div>
   <div class='ocr_carea' id='block_1_33' title="bbox 153 3232 1796 3316">
    <p class='ocr_par' dir='ltr' id='par_1_33' title="bbox 153 3232 1796 3316">
     <span class='ocr_line' id='line_1_33' title="bbox 153 3232 1796 3316; baseline -0.004 -24"><span class='ocrx_word' id='word_1_236' title='bbox 153 3237 470 3316; x_wconf 83' lang='grc' dir='ltr'>πλησιφαὴς</span> <span class='ocrx_word' id='word_1_237' title='bbox 511 3236 922 3313; x_wconf 75' lang='grc' dir='ltr'>ἀποχωρήσασα</span> <span class='ocrx_word' id='word_1_238' title='bbox 972 3239 1069 3289; x_wconf 86' lang='grc' dir='ltr'>τοῦ</span> <span class='ocrx_word' id='word_1_239' title='bbox 1126 3232 1292 3304; x_wconf 86' lang='grc' dir='ltr'>ἡλίου</span> <span class='ocrx_word' id='word_1_240' title='bbox 1356 3233 1544 3309; x_wconf 85' lang='grc' dir='ltr'>μοίρας</span> <span class='ocrx_word' id='word_1_241' title='bbox 1600 3234 1796 3302; x_wconf 79' lang='grc' dir='ltr'>πεντή-</span> 
     </span>
    </p>
   </div>
   <div class='ocr_carea' id='block_1_34' title="bbox 149 3319 1795 3402">
    <p class='ocr_par' dir='ltr' id='par_1_34' title="bbox 149 3319 1795 3402">
     <span class='ocr_line' id='line_1_34' title="bbox 149 3319 1795 3402; baseline -0.004 -21"><span class='ocrx_word' id='word_1_242' title='bbox 149 3347 312 3382; x_wconf 88' lang='grc' dir='ltr'>κοντα</span> <span class='ocrx_word' id='word_1_243' title='bbox 364 3326 497 3402; x_wconf 85' lang='grc' dir='ltr'>πρὸς</span> <span class='ocrx_word' id='word_1_244' title='bbox 550 3330 669 3387; x_wconf 81' lang='grc' dir='ltr'>ταῖς</span> <span class='ocrx_word' id='word_1_245' title='bbox 718 3323 925 3379; x_wconf 73' lang='grc' dir='ltr'>ἑκατόν·</span> <span class='ocrx_word' id='word_1_246' title='bbox 981 3321 1318 3393; x_wconf 71' lang='grc' dir='ltr'>πανσέληνος</span> <span class='ocrx_word' id='word_1_247' title='bbox 1358 3320 1438 3392; x_wconf 73' lang='grc' dir='ltr'>δὲ,</span> <span class='ocrx_word' id='word_1_248' title='bbox 1484 3322 1574 3376; x_wconf 85' lang='grc' dir='ltr'>τὸν</span> <span class='ocrx_word' id='word_1_249' title='bbox 1633 3319 1795 3390; x_wconf 76' lang='grc' dir='ltr'>ἥλιον</span> 
     </span>
    </p>
   </div>
   <div class='ocr_carea' id='block_1_35' title="bbox 150 3414 579 3492">
    <p class='ocr_par' dir='ltr' id='par_1_35' title="bbox 150 3414 579 3492">
     <span class='ocr_line' id='line_1_35' title="bbox 150 3414 579 3492; baseline 0.005 -22"><span class='ocrx_word' id='word_1_250' title='bbox 150 3414 416 3492; x_wconf 74' lang='grc' dir='ltr'>διαμετρή</span> <span class='ocrx_word' id='word_1_251' title='bbox 427 3435 579 3472; x_wconf 89' lang='grc' dir='ltr'>σασα.</span> 
     </span>
    </p>
   </div>
   <div class='ocr_carea' id='block_1_36' title="bbox 227 3673 1795 3754">
    <p class='ocr_par' dir='ltr' id='par_1_36' title="bbox 227 3673 1795 3754">
     <span class='ocr_line' id='line_1_36' title="bbox 227 3673 1795 3754; baseline -0.005 -17"><span class='ocrx_word' id='word_1_252' title='bbox 227 3682 290 3745; x_wconf 79' lang='grc' dir='ltr'>θ’.</span> <span class='ocrx_word' id='word_1_253' title='bbox 319 3681 418 3735; x_wconf 85' lang='grc' dir='ltr'>Τὸν</span> <span class='ocrx_word' id='word_1_254' title='bbox 456 3679 549 3754; x_wconf 71' lang='grc' dir='ltr'>μὲν</span> <span class='ocrx_word' id='word_1_255' title='bbox 583 3676 674 3734; x_wconf 79' lang='grc' dir='ltr'>οῦν</span> <span class='ocrx_word' id='word_1_256' title='bbox 709 3679 906 3733; x_wconf 82' lang='grc' dir='ltr'>οἰκεῖον</span> <span class='ocrx_word' id='word_1_257' title='bbox 939 3675 1139 3732; x_wconf 80' lang='grc' dir='ltr'>κύκλον</span> <span class='ocrx_word' id='word_1_258' title='bbox 1172 3679 1208 3747; x_wconf 87' lang='grc' dir='ltr'>ἡ</span> <span class='ocrx_word' id='word_1_259' title='bbox 1239 3675 1441 3748; x_wconf 78' lang='grc' dir='ltr'>σελήνη</span> <span class='ocrx_word' id='word_1_260' title='bbox 1476 3673 1548 3730; x_wconf 87' lang='grc' dir='ltr'>δι’</span> <span class='ocrx_word' id='word_1_261' title='bbox 1574 3678 1795 3752; x_wconf 78' lang='grc' dir='ltr'>ἡμερῶν</span> 
     </span>
    </p>
   </div>
   <div class='ocr_carea' id='block_1_37' title="bbox 151 3763 1801 3841">
    <p class='ocr_par' dir='ltr' id='par_1_37' title="bbox 151 3763 1801 3841">
     <span class='ocr_line' id='line_1_37' title="bbox 151 3763 1801 3841; baseline -0.004 -16"><span class='ocrx_word' id='word_1_262' title='bbox 151 3768 305 3825; x_wconf 85' lang='grc' dir='ltr'>ἀνύει</span> <span class='ocrx_word' id='word_1_263' title='bbox 364 3771 500 3824; x_wconf 79' lang='grc' dir='ltr'>κατὰ</span> <span class='ocrx_word' id='word_1_264' title='bbox 556 3766 699 3829; x_wconf 75' lang='grc' dir='ltr'>τινὰς</span> <span class='ocrx_word' id='word_1_265' title='bbox 760 3769 854 3841; x_wconf 73' lang='grc' dir='ltr'>μὲν</span> <span class='ocrx_word' id='word_1_266' title='bbox 914 3767 1047 3821; x_wconf 78' lang='grc' dir='ltr'>έπτά</span> <span class='ocrx_word' id='word_1_267' title='bbox 1100 3767 1238 3840; x_wconf 88' lang='grc' dir='ltr'>πρὸς</span> <span class='ocrx_word' id='word_1_268' title='bbox 1266 3769 1385 3827; x_wconf 83' lang='grc' dir='ltr'>ταῖς</span> <span class='ocrx_word' id='word_1_269' title='bbox 1417 3763 1607 3835; x_wconf 76' lang='grc' dir='ltr'>εἶ’κοσι,</span> <span class='ocrx_word' id='word_1_270' title='bbox 1639 3786 1801 3841; x_wconf 88' lang='grc' dir='ltr'>προσ-</span> 
     </span>
    </p>
   </div>
   <div class='ocr_carea' id='block_1_38' title="bbox 146 3853 1804 3931">
    <p class='ocr_par' dir='ltr' id='par_1_38' title="bbox 146 3853 1804 3931">
     <span class='ocr_line' id='line_1_38' title="bbox 146 3853 1804 3931; baseline -0.004 -18"><span class='ocrx_word' id='word_1_271' title='bbox 146 3855 442 3930; x_wconf 79' lang='grc' dir='ltr'>τιθεμένου</span> <span class='ocrx_word' id='word_1_272' title='bbox 517 3857 607 3912; x_wconf 86' lang='grc' dir='ltr'>καὶ</span> <span class='ocrx_word' id='word_1_273' title='bbox 679 3877 822 3918; x_wconf 91' lang='grc' dir='ltr'>τινος</span> <span class='ocrx_word' id='word_1_274' title='bbox 903 3855 1135 3929; x_wconf 89' lang='grc' dir='ltr'>ἡμίσεος</span> <span class='ocrx_word' id='word_1_275' title='bbox 1193 3853 1402 3931; x_wconf 87' lang='grc' dir='ltr'>ἡμέρας</span> <span class='ocrx_word' id='word_1_276' title='bbox 1461 3859 1609 3927; x_wconf 80' lang='grc' dir='ltr'>μιᾶς,</span> <span class='ocrx_word' id='word_1_277' title='bbox 1669 3853 1804 3908; x_wconf 81' lang='grc' dir='ltr'>κατά</span> 
     </span>
    </p>
   </div>
   <div class='ocr_carea' id='block_1_39' title="bbox 147 3940 1804 4018">
    <p class='ocr_par' dir='ltr' id='par_1_39' title="bbox 147 3940 1804 4018">
     <span class='ocr_line' id='line_1_39' title="bbox 147 3940 1804 4018; baseline -0.004 -17"><span class='ocrx_word' id='word_1_278' title='bbox 147 3948 309 4008; x_wconf 76' lang='grc' dir='ltr'>τινὰς</span> <span class='ocrx_word' id='word_1_279' title='bbox 371 3944 428 4000; x_wconf 73' lang='grc' dir='ltr'>δὲ</span> <span class='ocrx_word' id='word_1_280' title='bbox 483 3944 552 4000; x_wconf 88' lang='grc' dir='ltr'>δι’</span> <span class='ocrx_word' id='word_1_281' title='bbox 605 3945 738 4000; x_wconf 75' lang='grc' dir='ltr'>ἕπτά</span> <span class='ocrx_word' id='word_1_282' title='bbox 777 3942 871 3999; x_wconf 70' lang='grc' dir='ltr'>καὶ</span> <span class='ocrx_word' id='word_1_283' title='bbox 924 3942 1124 3998; x_wconf 77' lang='grc' dir='ltr'>εἷ’κοσιν</span> <span class='ocrx_word' id='word_1_284' title='bbox 1178 3945 1422 4018; x_wconf 80' lang='grc' dir='ltr'>ἡμερῶν,</span> <span class='ocrx_word' id='word_1_285' title='bbox 1475 3942 1563 3996; x_wconf 81' lang='grc' dir='ltr'>καὶ</span> <span class='ocrx_word' id='word_1_286' title='bbox 1621 3940 1804 4018; x_wconf 88' lang='grc' dir='ltr'>τρίτου</span> 
     </span>
    </p>
   </div>
   <div class='ocr_carea' id='block_1_40' title="bbox 157 4028 1807 4109">
    <p class='ocr_par' dir='ltr' id='par_1_40' title="bbox 157 4028 1807 4109">
     <span class='ocr_line' id='line_1_40' title="bbox 157 4028 1807 4109; baseline -0.004 -20"><span class='ocrx_word' id='word_1_287' title='bbox 157 4033 408 4109; x_wconf 75' lang='grc' dir='ltr'>μάλιστά</span> <span class='ocrx_word' id='word_1_288' title='bbox 462 4055 579 4095; x_wconf 88' lang='grc' dir='ltr'>πως</span> <span class='ocrx_word' id='word_1_289' title='bbox 637 4036 734 4102; x_wconf 77' lang='grc' dir='ltr'>τῆς</span> <span class='ocrx_word' id='word_1_290' title='bbox 791 4033 1000 4108; x_wconf 84' lang='grc' dir='ltr'>ἡμέρας</span> <span class='ocrx_word' id='word_1_291' title='bbox 1050 4030 1266 4108; x_wconf 89' lang='grc' dir='ltr'>μορίου.</span> <span class='ocrx_word' id='word_1_292' title='bbox 1296 4033 1440 4093; x_wconf 85' lang='grc' dir='ltr'>Τέως</span> <span class='ocrx_word' id='word_1_293' title='bbox 1473 4029 1520 4085; x_wconf 90' lang='grc' dir='ltr'>δ’</span> <span class='ocrx_word' id='word_1_294' title='bbox 1550 4028 1639 4085; x_wconf 80' lang='grc' dir='ltr'>οῦν</span> <span class='ocrx_word' id='word_1_295' title='bbox 1673 4031 1807 4085; x_wconf 85' lang='grc' dir='ltr'>πάν-</span> 
     </span>
    </p>
   </div>
   <div class='ocr_carea' id='block_1_41' title="bbox 148 4118 1808 4196">
    <p class='ocr_par' dir='ltr' id='par_1_41' title="bbox 148 4118 1808 4196">
     <span class='ocr_line' id='line_1_41' title="bbox 148 4118 1808 4196; baseline -0.004 -18"><span class='ocrx_word' id='word_1_296' title='bbox 148 4144 286 4178; x_wconf 88' lang='grc' dir='ltr'>τοτε</span> <span class='ocrx_word' id='word_1_297' title='bbox 340 4124 405 4178; x_wconf 86' lang='grc' dir='ltr'>τὸ</span> <span class='ocrx_word' id='word_1_298' title='bbox 464 4122 662 4177; x_wconf 71' lang='grc' dir='ltr'>οἰκεῖον</span> <span class='ocrx_word' id='word_1_299' title='bbox 713 4121 1113 4196; x_wconf 87' lang='grc' dir='ltr'>περιτρέχουσα</span> <span class='ocrx_word' id='word_1_300' title='bbox 1183 4118 1385 4174; x_wconf 88' lang='grc' dir='ltr'>κύκλον</span> <span class='ocrx_word' id='word_1_301' title='bbox 1447 4118 1524 4181; x_wconf 84' lang='grc' dir='ltr'>εἰς</span> <span class='ocrx_word' id='word_1_302' title='bbox 1574 4119 1636 4173; x_wconf 90' lang='grc' dir='ltr'>τὸ</span> <span class='ocrx_word' id='word_1_303' title='bbox 1680 4118 1808 4172; x_wconf 87' lang='grc' dir='ltr'>αὐτὸ</span> 
     </span>
    </p>
   </div>
   <div class='ocr_carea' id='block_1_42' title="bbox 152 4204 1814 4284">
    <p class='ocr_par' dir='ltr' id='par_1_42' title="bbox 152 4204 1814 4284">
     <span class='ocr_line' id='line_1_42' title="bbox 152 4204 1814 4284; baseline -0.004 -17"><span class='ocrx_word' id='word_1_304' title='bbox 152 4216 395 4284; x_wconf 81' lang='grc' dir='ltr'>σημεῖον</span> <span class='ocrx_word' id='word_1_305' title='bbox 460 4211 519 4266; x_wconf 82' lang='grc' dir='ltr'>ἐκ</span> <span class='ocrx_word' id='word_1_306' title='bbox 567 4215 664 4266; x_wconf 86' lang='grc' dir='ltr'>τοῦ</span> <span class='ocrx_word' id='word_1_307' title='bbox 715 4209 879 4265; x_wconf 82' lang='grc' dir='ltr'>αὐτοῦ</span> <span class='ocrx_word' id='word_1_308' title='bbox 937 4207 1026 4264; x_wconf 79' lang='grc' dir='ltr'>διὰ</span> <span class='ocrx_word' id='word_1_309' title='bbox 1078 4213 1176 4264; x_wconf 90' lang='grc' dir='ltr'>τοῦ</span> <span class='ocrx_word' id='word_1_310' title='bbox 1207 4206 1323 4263; x_wconf 81' lang='grc' dir='ltr'>ἷ¹σου</span> <span class='ocrx_word' id='word_1_311' title='bbox 1354 4204 1558 4283; x_wconf 88' lang='grc' dir='ltr'>χρόνου</span> <span class='ocrx_word' id='word_1_312' title='bbox 1616 4208 1814 4262; x_wconf 88' lang='grc' dir='ltr'>ἀποκα-</span> 
     </span>
    </p>
   </div>
   <div class='ocr_carea' id='block_1_43' title="bbox 151 4300 435 4356">
    <p class='ocr_par' dir='ltr' id='par_1_43' title="bbox 151 4300 435 4356">
     <span class='ocr_line' id='line_1_43' title="bbox 151 4300 435 4356; baseline 0 0"><span class='ocrx_word' id='word_1_313' title='bbox 151 4300 435 4356; x_wconf 75' lang='grc' dir='ltr'>θίσταται.</span> 
     </span>
    </p>
   </div>
   <div class='ocr_carea' id='block_1_44' title="bbox 233 4380 1815 4461">
    <p class='ocr_par' dir='ltr' id='par_1_44' title="bbox 233 4380 1815 4461">
     <span class='ocr_line' id='line_1_44' title="bbox 233 4380 1815 4461; baseline -0.004 -18"><span class='ocrx_word' id='word_1_314' title='bbox 233 4390 290 4458; x_wconf 84' lang='grc' dir='ltr'>ι’,</span> <span class='ocrx_word' id='word_1_315' title='bbox 330 4389 418 4445; x_wconf 69' lang='grc' dir='ltr'>ια’.</span> <span class='ocrx_word' id='word_1_316' title='bbox 449 4393 691 4443; x_wconf 84' lang='grc' dir='ltr'>Ποιεῖται</span> <span class='ocrx_word' id='word_1_317' title='bbox 750 4385 808 4442; x_wconf 76' lang='grc' dir='ltr'>δὲ</span> <span class='ocrx_word' id='word_1_318' title='bbox 861 4385 957 4448; x_wconf 83' lang='grc' dir='ltr'>τὰς</span> <span class='ocrx_word' id='word_1_319' title='bbox 1016 4387 1152 4461; x_wconf 88' lang='grc' dir='ltr'>πρὸς</span> <span class='ocrx_word' id='word_1_320' title='bbox 1204 4386 1294 4440; x_wconf 86' lang='grc' dir='ltr'>τὸν</span> <span class='ocrx_word' id='word_1_321' title='bbox 1339 4383 1500 4454; x_wconf 76' lang='grc' dir='ltr'>ἥλιον</span> <span class='ocrx_word' id='word_1_322' title='bbox 1560 4380 1815 4444; x_wconf 84' lang='grc' dir='ltr'>συνόδους</span> 
     </span>
    </p>
   </div>
   <div class='ocr_carea' id='block_1_45' title="bbox 151 4467 1817 4552">
    <p class='ocr_par' dir='ltr' id='par_1_45' title="bbox 151 4467 1817 4552">
     <span class='ocr_line' id='line_1_45' title="bbox 151 4467 1817 4552; baseline -0.004 -20"><span class='ocrx_word' id='word_1_323' title='bbox 151 4478 226 4534; x_wconf 80' lang='grc' dir='ltr'>ού</span> <span class='ocrx_word' id='word_1_324' title='bbox 291 4477 513 4532; x_wconf 82' lang='grc' dir='ltr'>πάντοτ’</span> <span class='ocrx_word' id='word_1_325' title='bbox 567 4475 618 4530; x_wconf 83' lang='grc' dir='ltr'>ἐν</span> <span class='ocrx_word' id='word_1_326' title='bbox 674 4474 774 4549; x_wconf 80' lang='grc' dir='ltr'>ἷ¹σῳ</span> <span class='ocrx_word' id='word_1_327' title='bbox 831 4475 1019 4552; x_wconf 83' lang='grc' dir='ltr'>χρόνῳ</span> <span class='ocrx_word' id='word_1_328' title='bbox 1075 4473 1212 4529; x_wconf 74' lang='grc' dir='ltr'>κατὰ</span> <span class='ocrx_word' id='word_1_329' title='bbox 1266 4472 1472 4528; x_wconf 84' lang='grc' dir='ltr'>τελείαν</span> <span class='ocrx_word' id='word_1_330' title='bbox 1525 4467 1817 4546; x_wconf 79' lang='grc' dir='ltr'>ἀκρίϐειαν,</span> 
     </span>
    </p>
   </div>
   <div class='ocr_carea' id='block_1_46' title="bbox 151 4560 1821 4638">
    <p class='ocr_par' dir='ltr' id='par_1_46' title="bbox 151 4560 1821 4638">
     <span class='ocr_line' id='line_1_46' title="bbox 151 4560 1821 4638; baseline -0.006 -14"><span class='ocrx_word' id='word_1_331' title='bbox 151 4563 319 4623; x_wconf 82' lang='grc' dir='ltr'>ἀλλὰ</span> <span class='ocrx_word' id='word_1_332' title='bbox 349 4565 482 4621; x_wconf 75' lang='grc' dir='ltr'>ποτὶ</span> <span class='ocrx_word' id='word_1_333' title='bbox 511 4565 604 4638; x_wconf 71' lang='grc' dir='ltr'>μὲν</span> <span class='ocrx_word' id='word_1_334' title='bbox 659 4565 711 4618; x_wconf 81' lang='grc' dir='ltr'>ὲν</span> <span class='ocrx_word' id='word_1_335' title='bbox 742 4563 974 4636; x_wconf 82' lang='grc' dir='ltr'>πλείονι,</span> <span class='ocrx_word' id='word_1_336' title='bbox 1007 4564 1139 4618; x_wconf 74' lang='grc' dir='ltr'>ποτὲ</span> <span class='ocrx_word' id='word_1_337' title='bbox 1159 4560 1216 4617; x_wconf 85' lang='grc' dir='ltr'>’δ’</span> <span class='ocrx_word' id='word_1_338' title='bbox 1247 4561 1298 4616; x_wconf 83' lang='grc' dir='ltr'>έν</span> <span class='ocrx_word' id='word_1_339' title='bbox 1332 4561 1598 4618; x_wconf 80' lang='grc' dir='ltr'>ἐλάττονι.</span> <span class='ocrx_word' id='word_1_340' title='bbox 1631 4560 1730 4615; x_wconf 81' lang='grc' dir='ltr'>Καὶ</span> <span class='ocrx_word' id='word_1_341' title='bbox 1759 4561 1821 4616; x_wconf 86' lang='grc' dir='ltr'>τὸ</span> 
     </span>
    </p>
   </div>
   <div class='ocr_carea' id='block_1_47' title="bbox 153 4649 1823 4729">
    <p class='ocr_par' dir='ltr' id='par_1_47' title="bbox 153 4649 1823 4729">
     <span class='ocr_line' id='line_1_47' title="bbox 153 4649 1823 4729; baseline -0.005 -17"><span class='ocrx_word' id='word_1_342' title='bbox 153 4654 374 4724; x_wconf 72' lang='grc' dir='ltr'>αἴτιον,</span> <span class='ocrx_word' id='word_1_343' title='bbox 407 4649 490 4710; x_wconf 77' lang='grc' dir='ltr'>ὅτι</span> <span class='ocrx_word' id='word_1_344' title='bbox 548 4653 762 4708; x_wconf 84' lang='grc' dir='ltr'>πάντων</span> <span class='ocrx_word' id='word_1_345' title='bbox 817 4656 924 4708; x_wconf 82' lang='grc' dir='ltr'>τῶν</span> <span class='ocrx_word' id='word_1_346' title='bbox 977 4651 1273 4723; x_wconf 77' lang='grc' dir='ltr'>πλανήτων</span> <span class='ocrx_word' id='word_1_347' title='bbox 1321 4651 1374 4704; x_wconf 77' lang='grc' dir='ltr'>αἱ</span> <span class='ocrx_word' id='word_1_348' title='bbox 1421 4655 1638 4729; x_wconf 81' lang='grc' dir='ltr'>σφαῖραι</span> <span class='ocrx_word' id='word_1_349' title='bbox 1685 4649 1823 4725; x_wconf 84' lang='grc' dir='ltr'>πρός</span> 
     </span>
    </p>
   </div>
   <div class='ocr_carea' id='block_1_48' title="bbox 1900 755 3542 828">
    <p class='ocr_par' dir='ltr' id='par_1_48' title="bbox 1900 755 3542 828">
     <span class='ocr_line' id='line_1_48' title="bbox 1900 755 3542 828; baseline 0.003 -19"><span class='ocrx_word' id='word_1_350' title='bbox 1900 755 2095 811; x_wconf 86' lang='lat' dir='ltr'>Prima</span> <span class='ocrx_word' id='word_1_351' title='bbox 2125 756 2279 811; x_wconf 90' lang='lat' dir='ltr'>enim</span> <span class='ocrx_word' id='word_1_352' title='bbox 2304 756 2397 811; x_wconf 90' lang='lat' dir='ltr'>die</span> <span class='ocrx_word' id='word_1_353' title='bbox 2420 774 2600 828; x_wconf 97' lang='lat' dir='ltr'>supra</span> <span class='ocrx_word' id='word_1_354' title='bbox 2618 761 2834 812; x_wconf 90' lang='lat' dir='ltr'>terram</span> <span class='ocrx_word' id='word_1_355' title='bbox 2856 774 3112 828; x_wconf 89' lang='lat' dir='ltr'>eousque</span> <span class='ocrx_word' id='word_1_356' title='bbox 3131 757 3332 827; x_wconf 81' lang='lat' dir='ltr'>fertur,</span> <span class='ocrx_word' id='word_1_357' title='bbox 3351 760 3542 828; x_wconf 87' lang='lat' dir='ltr'>quoad</span> 
     </span>
    </p>
   </div>
   <div class='ocr_carea' id='block_1_49' title="bbox 1899 844 3543 917">
    <p class='ocr_par' dir='ltr' id='par_1_49' title="bbox 1899 844 3543 917">
     <span class='ocr_line' id='line_1_49' title="bbox 1899 844 3543 917; baseline 0.002 -18"><span class='ocrx_word' id='word_1_358' title='bbox 1899 845 2076 899; x_wconf 89' lang='lat' dir='ltr'>etiam</span> <span class='ocrx_word' id='word_1_359' title='bbox 2110 844 2250 900; x_wconf 90' lang='lat' dir='ltr'>solis</span> <span class='ocrx_word' id='word_1_360' title='bbox 2280 845 2479 901; x_wconf 88' lang='lat' dir='ltr'>lumen</span> <span class='ocrx_word' id='word_1_361' title='bbox 2511 846 2801 916; x_wconf 58' lang='lat' dir='ltr'>praevalet.</span> <span class='ocrx_word' id='word_1_362' title='bbox 2831 848 3193 917; x_wconf 82' lang='lat' dir='ltr'>Quapropter</span> <span class='ocrx_word' id='word_1_363' title='bbox 3226 845 3334 901; x_wconf 92' lang='lat' dir='ltr'>hac</span> <span class='ocrx_word' id='word_1_364' title='bbox 3364 847 3543 903; x_wconf 86' lang='lat' dir='ltr'>simul</span> 
     </span>
    </p>
   </div>
   <div class='ocr_carea' id='block_1_50' title="bbox 1900 933 3546 991">
    <p class='ocr_par' dir='ltr' id='par_1_50' title="bbox 1900 933 3546 991">
     <span class='ocr_line' id='line_1_50' title="bbox 1900 933 3546 991; baseline 0.002 -3"><span class='ocrx_word' id='word_1_365' title='bbox 1900 950 2034 988; x_wconf 90' lang='lat' dir='ltr'>cum</span> <span class='ocrx_word' id='word_1_366' title='bbox 2067 933 2205 989; x_wconf 88' lang='lat' dir='ltr'>solis</span> <span class='ocrx_word' id='word_1_367' title='bbox 2235 933 2456 990; x_wconf 89' lang='lat' dir='ltr'>lumine</span> <span class='ocrx_word' id='word_1_368' title='bbox 2487 934 2699 990; x_wconf 90' lang='lat' dir='ltr'>occidit</span> <span class='ocrx_word' id='word_1_369' title='bbox 2734 952 2746 989; x_wconf 92' lang='lat'><strong>:</strong></span> <span class='ocrx_word' id='word_1_370' title='bbox 2787 934 2931 989; x_wconf 87' lang='lat' dir='ltr'>alias</span> <span class='ocrx_word' id='word_1_371' title='bbox 2958 938 3155 988; x_wconf 84' lang='lat' dir='ltr'>autem</span> <span class='ocrx_word' id='word_1_372' title='bbox 3185 934 3357 990; x_wconf 86' lang='lat' dir='ltr'>etiam</span> <span class='ocrx_word' id='word_1_373' title='bbox 3409 940 3546 991; x_wconf 82' lang='lat' dir='ltr'>ante</span> 
     </span>
    </p>
   </div>
   <div class='ocr_carea' id='block_1_51' title="bbox 1902 1020 3544 1092">
    <p class='ocr_par' dir='ltr' id='par_1_51' title="bbox 1902 1020 3544 1092">
     <span class='ocr_line' id='line_1_51' title="bbox 1902 1020 3544 1092; baseline 0.001 -16"><span class='ocrx_word' id='word_1_374' title='bbox 1902 1020 2131 1076; x_wconf 87' lang='lat' dir='ltr'>occidit.</span> <span class='ocrx_word' id='word_1_375' title='bbox 2166 1021 2475 1076; x_wconf 75' lang='lat' dir='ltr'>Manifesta</span> <span class='ocrx_word' id='word_1_376' title='bbox 2505 1029 2696 1076; x_wconf 80' lang='lat' dir='ltr'>autem</span> <span class='ocrx_word' id='word_1_377' title='bbox 2729 1021 2987 1092; x_wconf 90' lang='lat' dir='ltr'>primum</span> <span class='ocrx_word' id='word_1_378' title='bbox 3030 1023 3288 1076; x_wconf 89' lang='lat' dir='ltr'>secundo</span> <span class='ocrx_word' id='word_1_379' title='bbox 3320 1023 3448 1090; x_wconf 89' lang='lat' dir='ltr'>die;</span> <span class='ocrx_word' id='word_1_380' title='bbox 3485 1026 3544 1077; x_wconf 90' lang='lat' dir='ltr'>et</span> 
     </span>
    </p>
   </div>
   <div class='ocr_carea' id='block_1_52' title="bbox 1901 1108 3540 1182">
    <p class='ocr_par' dir='ltr' id='par_1_52' title="bbox 1901 1108 3540 1182">
     <span class='ocr_line' id='line_1_52' title="bbox 1901 1108 3540 1182; baseline 0.001 -18"><span class='ocrx_word' id='word_1_381' title='bbox 1901 1108 2046 1164; x_wconf 89' lang='lat' dir='ltr'>alias</span> <span class='ocrx_word' id='word_1_382' title='bbox 2077 1110 2315 1180; x_wconf 89' lang='lat' dir='ltr'>quidem</span> <span class='ocrx_word' id='word_1_383' title='bbox 2344 1111 2555 1180; x_wconf 88' lang='lat' dir='ltr'>magis,</span> <span class='ocrx_word' id='word_1_384' title='bbox 2587 1110 2732 1164; x_wconf 88' lang='lat' dir='ltr'>alias</span> <span class='ocrx_word' id='word_1_385' title='bbox 2761 1125 2893 1164; x_wconf 90' lang='lat' dir='ltr'>vero</span> <span class='ocrx_word' id='word_1_386' title='bbox 2948 1109 3146 1164; x_wconf 91' lang='lat' dir='ltr'>minus</span> <span class='ocrx_word' id='word_1_387' title='bbox 3198 1116 3440 1182; x_wconf 82' lang='lat' dir='ltr'>apparet</span> <span class='ocrx_word' id='word_1_388' title='bbox 3471 1113 3540 1166; x_wconf 72' lang='grc'>⁷⁵.</span> 
     </span>
    </p>
   </div>
   <div class='ocr_carea' id='block_1_53' title="bbox 1901 1198 3543 1270">
    <p class='ocr_par' dir='ltr' id='par_1_53' title="bbox 1901 1198 3543 1270">
     <span class='ocr_line' id='line_1_53' title="bbox 1901 1198 3543 1270; baseline 0.002 -18"><span class='ocrx_word' id='word_1_389' title='bbox 1901 1198 2017 1252; x_wconf 83' lang='grc' dir='ltr'>Ηοο</span> <span class='ocrx_word' id='word_1_390' title='bbox 2049 1199 2242 1269; x_wconf 91' lang='lat' dir='ltr'>ipsum</span> <span class='ocrx_word' id='word_1_391' title='bbox 2275 1203 2468 1252; x_wconf 87' lang='lat' dir='ltr'>autem</span> <span class='ocrx_word' id='word_1_392' title='bbox 2500 1199 2572 1253; x_wconf 93' lang='lat' dir='ltr'>ob</span> <span class='ocrx_word' id='word_1_393' title='bbox 2605 1198 2896 1254; x_wconf 64' lang='lat' dir='ltr'>distantia;</span> <span class='ocrx_word' id='word_1_394' title='bbox 2928 1215 2960 1253; x_wconf 89' lang='lat' dir='ltr'>a</span> <span class='ocrx_word' id='word_1_395' title='bbox 3005 1198 3125 1254; x_wconf 90' lang='lat' dir='ltr'>sole</span> <span class='ocrx_word' id='word_1_396' title='bbox 3155 1200 3543 1270; x_wconf 83' lang='lat' dir='ltr'>quantitatem</span> 
     </span>
    </p>
   </div>
   <div class='ocr_carea' id='block_1_54' title="bbox 1903 1286 3543 1358">
    <p class='ocr_par' dir='ltr' id='par_1_54' title="bbox 1903 1286 3543 1358">
     <span class='ocr_line' id='line_1_54' title="bbox 1903 1286 3543 1358; baseline 0.002 -18"><span class='ocrx_word' id='word_1_397' title='bbox 1903 1287 2130 1341; x_wconf 87' lang='lat' dir='ltr'>accidit.</span> <span class='ocrx_word' id='word_1_398' title='bbox 2165 1289 2294 1356; x_wconf 89' lang='lat' dir='ltr'>Ipsa</span> <span class='ocrx_word' id='word_1_399' title='bbox 2325 1304 2456 1342; x_wconf 91' lang='lat' dir='ltr'>vero</span> <span class='ocrx_word' id='word_1_400' title='bbox 2489 1287 2782 1342; x_wconf 82' lang='lat' dir='ltr'>distantias</span> <span class='ocrx_word' id='word_1_401' title='bbox 2812 1289 3108 1358; x_wconf 86' lang='lat' dir='ltr'>quantitas</span> <span class='ocrx_word' id='word_1_402' title='bbox 3140 1286 3284 1343; x_wconf 88' lang='lat' dir='ltr'>alias</span> <span class='ocrx_word' id='word_1_403' title='bbox 3314 1289 3428 1343; x_wconf 90' lang='lat' dir='ltr'>alia</span> <span class='ocrx_word' id='word_1_404' title='bbox 3459 1289 3543 1344; x_wconf 87' lang='lat' dir='ltr'>ef—</span> 
     </span>
    </p>
   </div>
   <div class='ocr_carea' id='block_1_55' title="bbox 1904 1374 3543 1450">
    <p class='ocr_par' dir='ltr' id='par_1_55' title="bbox 1904 1374 3543 1450">
     <span class='ocr_line' id='line_1_55' title="bbox 1904 1374 3543 1450; baseline 0.002 -22"><span class='ocrx_word' id='word_1_405' title='bbox 1904 1375 2132 1442; x_wconf 91' lang='lat' dir='ltr'>ﬁcitur;</span> <span class='ocrx_word' id='word_1_406' title='bbox 2168 1380 2223 1430; x_wconf 93' lang='lat' dir='ltr'>et</span> <span class='ocrx_word' id='word_1_407' title='bbox 2253 1376 2324 1430; x_wconf 92' lang='lat' dir='ltr'>ob</span> <span class='ocrx_word' id='word_1_408' title='bbox 2357 1374 2708 1447; x_wconf 88' lang='lat' dir='ltr'>peculiarem</span> <span class='ocrx_word' id='word_1_409' title='bbox 2730 1375 2880 1430; x_wconf 67' lang='lat' dir='ltr'>lunae</span> <span class='ocrx_word' id='word_1_410' title='bbox 2905 1381 3129 1431; x_wconf 89' lang='lat' dir='ltr'>motum</span> <span class='ocrx_word' id='word_1_411' title='bbox 3153 1377 3361 1450; x_wconf 90' lang='lat' dir='ltr'>(neque</span> <span class='ocrx_word' id='word_1_412' title='bbox 3386 1377 3543 1432; x_wconf 88' lang='lat' dir='ltr'>enim</span> 
     </span>
    </p>
   </div>
   <div class='ocr_carea' id='block_1_56' title="bbox 1903 1463 3543 1536">
    <p class='ocr_par' dir='ltr' id='par_1_56' title="bbox 1903 1463 3543 1536">
     <span class='ocr_line' id='line_1_56' title="bbox 1903 1463 3543 1536; baseline 0.001 -19"><span class='ocrx_word' id='word_1_413' title='bbox 1903 1480 2131 1534; x_wconf 89' lang='lat' dir='ltr'>semper</span> <span class='ocrx_word' id='word_1_414' title='bbox 2161 1463 2460 1535; x_wconf 66' lang='lat' dir='ltr'>aequaliter</span> <span class='ocrx_word' id='word_1_415' title='bbox 2507 1481 2612 1519; x_wconf 91' lang='lat' dir='ltr'>suo</span> <span class='ocrx_word' id='word_1_416' title='bbox 2661 1465 2896 1519; x_wconf 85' lang='lat' dir='ltr'>incessu</span> <span class='ocrx_word' id='word_1_417' title='bbox 2929 1469 3214 1530; x_wconf 90' lang='lat' dir='ltr'>movetur,</span> <span class='ocrx_word' id='word_1_418' title='bbox 3247 1465 3400 1536; x_wconf 93' lang='lat' dir='ltr'>quod</span> <span class='ocrx_word' id='word_1_419' title='bbox 3435 1465 3543 1520; x_wconf 92' lang='lat' dir='ltr'>Zo-</span> 
     </span>
    </p>
   </div>
   <div class='ocr_carea' id='block_1_57' title="bbox 1903 1552 3546 1625">
    <p class='ocr_par' dir='ltr' id='par_1_57' title="bbox 1903 1552 3546 1625">
     <span class='ocr_line' id='line_1_57' title="bbox 1903 1552 3546 1625; baseline 0.001 -20"><span class='ocrx_word' id='word_1_420' title='bbox 1903 1552 2054 1606; x_wconf 89' lang='lat' dir='ltr'>diaci</span> <span class='ocrx_word' id='word_1_421' title='bbox 2085 1552 2333 1608; x_wconf 88' lang='lat' dir='ltr'>latitudo</span> <span class='ocrx_word' id='word_1_422' title='bbox 2363 1552 2620 1624; x_wconf 78' lang='lat' dir='ltr'>evariet),</span> <span class='ocrx_word' id='word_1_423' title='bbox 2644 1557 2698 1608; x_wconf 89' lang='lat' dir='ltr'>et</span> <span class='ocrx_word' id='word_1_424' title='bbox 2729 1553 2883 1625; x_wconf 91' lang='lat' dir='ltr'>quod</span> <span class='ocrx_word' id='word_1_425' title='bbox 2907 1569 3023 1608; x_wconf 91' lang='lat' dir='ltr'>non</span> <span class='ocrx_word' id='word_1_426' title='bbox 3053 1552 3318 1608; x_wconf 89' lang='lat' dir='ltr'>omnium</span> <span class='ocrx_word' id='word_1_427' title='bbox 3349 1553 3546 1625; x_wconf 91' lang='lat' dir='ltr'>signo-</span> 
     </span>
    </p>
   </div>
   <div class='ocr_carea' id='block_1_58' title="bbox 1903 1640 3549 1714">
    <p class='ocr_par' dir='ltr' id='par_1_58' title="bbox 1903 1640 3549 1714">
     <span class='ocr_line' id='line_1_58' title="bbox 1903 1640 3549 1714; baseline 0.002 -20"><span class='ocrx_word' id='word_1_428' title='bbox 1903 1657 2034 1695; x_wconf 87' lang='lat' dir='ltr'>rum</span> <span class='ocrx_word' id='word_1_429' title='bbox 2065 1657 2308 1697; x_wconf 85' lang='lat' dir='ltr'>occasus</span> <span class='ocrx_word' id='word_1_430' title='bbox 2339 1640 2544 1712; x_wconf 73' lang='lat' dir='ltr'>aaquali</span> <span class='ocrx_word' id='word_1_431' title='bbox 2576 1641 2677 1696; x_wconf 90' lang='lat' dir='ltr'>ﬁat</span> <span class='ocrx_word' id='word_1_432' title='bbox 2704 1645 3003 1714; x_wconf 90' lang='lat' dir='ltr'>tempore;</span> <span class='ocrx_word' id='word_1_433' title='bbox 3047 1645 3113 1696; x_wconf 93' lang='lat' dir='ltr'>ut</span> <span class='ocrx_word' id='word_1_434' title='bbox 3151 1641 3305 1712; x_wconf 89' lang='lat' dir='ltr'>quod</span> <span class='ocrx_word' id='word_1_435' title='bbox 3349 1640 3549 1714; x_wconf 82' lang='lat' dir='ltr'>aliqua</span> 
     </span>
    </p>
   </div>
   <div class='ocr_carea' id='block_1_59' title="bbox 1903 1729 3549 1801">
    <p class='ocr_par' dir='ltr' id='par_1_59' title="bbox 1903 1729 3549 1801">
     <span class='ocr_line' id='line_1_59' title="bbox 1903 1729 3549 1801; baseline 0.001 -18"><span class='ocrx_word' id='word_1_436' title='bbox 1903 1729 2142 1799; x_wconf 88' lang='lat' dir='ltr'>quidem</span> <span class='ocrx_word' id='word_1_437' title='bbox 2171 1735 2346 1798; x_wconf 89' lang='lat' dir='ltr'>recte,</span> <span class='ocrx_word' id='word_1_438' title='bbox 2381 1729 2579 1801; x_wconf 83' lang='lat' dir='ltr'>aliqua</span> <span class='ocrx_word' id='word_1_439' title='bbox 2609 1734 2805 1785; x_wconf 90' lang='lat' dir='ltr'>autem</span> <span class='ocrx_word' id='word_1_440' title='bbox 2849 1729 3084 1800; x_wconf 89' lang='lat' dir='ltr'>oblique</span> <span class='ocrx_word' id='word_1_441' title='bbox 3128 1729 3396 1785; x_wconf 89' lang='lat' dir='ltr'>occidant</span> <span class='ocrx_word' id='word_1_442' title='bbox 3425 1748 3437 1797; x_wconf 92' lang='lat'><strong>;</strong></span> <span class='ocrx_word' id='word_1_443' title='bbox 3490 1733 3549 1785; x_wconf 91' lang='lat' dir='ltr'>et</span> 
     </span>
    </p>
   </div>
   <div class='ocr_carea' id='block_1_60' title="bbox 1902 1817 3547 1891">
    <p class='ocr_par' dir='ltr' id='par_1_60' title="bbox 1902 1817 3547 1891">
     <span class='ocr_line' id='line_1_60' title="bbox 1902 1817 3547 1891; baseline 0.001 -20"><span class='ocrx_word' id='word_1_444' title='bbox 1902 1817 2144 1890; x_wconf 87' lang='lat' dir='ltr'>insuper</span> <span class='ocrx_word' id='word_1_445' title='bbox 2185 1818 2374 1873; x_wconf 88' lang='lat' dir='ltr'>adhuc</span> <span class='ocrx_word' id='word_1_446' title='bbox 2423 1823 2660 1890; x_wconf 86' lang='lat' dir='ltr'>propter</span> <span class='ocrx_word' id='word_1_447' title='bbox 2717 1822 3065 1891; x_wconf 81' lang='lat' dir='ltr'>antegressae</span> <span class='ocrx_word' id='word_1_448' title='bbox 3116 1817 3547 1890; x_wconf 85' lang='lat' dir='ltr'>conjunctionis</span> 
     </span>
    </p>
   </div>
   <div class='ocr_carea' id='block_1_61' title="bbox 1903 1905 3547 1978">
    <p class='ocr_par' dir='ltr' id='par_1_61' title="bbox 1903 1905 3547 1978">
     <span class='ocr_line' id='line_1_61' title="bbox 1903 1905 3547 1978; baseline 0.001 -18"><span class='ocrx_word' id='word_1_449' title='bbox 1903 1909 2160 1976; x_wconf 87' lang='lat' dir='ltr'>tempus,</span> <span class='ocrx_word' id='word_1_450' title='bbox 2193 1907 2347 1976; x_wconf 82' lang='lat' dir='ltr'>quod</span> <span class='ocrx_word' id='word_1_451' title='bbox 2405 1905 2492 1961; x_wconf 90' lang='lat' dir='ltr'>vel</span> <span class='ocrx_word' id='word_1_452' title='bbox 2550 1907 2643 1961; x_wconf 91' lang='lat' dir='ltr'>die</span> <span class='ocrx_word' id='word_1_453' title='bbox 2699 1907 3036 1978; x_wconf 86' lang='lat' dir='ltr'>incipiente,</span> <span class='ocrx_word' id='word_1_454' title='bbox 3083 1906 3170 1962; x_wconf 87' lang='lat' dir='ltr'>vel</span> <span class='ocrx_word' id='word_1_455' title='bbox 3229 1911 3400 1962; x_wconf 89' lang='lat' dir='ltr'>nocte</span> <span class='ocrx_word' id='word_1_456' title='bbox 3457 1907 3547 1961; x_wconf 90' lang='lat' dir='ltr'>in-</span> 
     </span>
    </p>
   </div>
   <div class='ocr_carea' id='block_1_62' title="bbox 1903 1994 3551 2067">
    <p class='ocr_par' dir='ltr' id='par_1_62' title="bbox 1903 1994 3551 2067">
     <span class='ocr_line' id='line_1_62' title="bbox 1903 1994 3551 2067; baseline 0.002 -19"><span class='ocrx_word' id='word_1_457' title='bbox 1903 1999 2171 2065; x_wconf 89' lang='lat' dir='ltr'>gruente,</span> <span class='ocrx_word' id='word_1_458' title='bbox 2192 1994 2278 2050; x_wconf 85' lang='lat' dir='ltr'>vel</span> <span class='ocrx_word' id='word_1_459' title='bbox 2302 1995 2362 2050; x_wconf 90' lang='lat' dir='ltr'>in</span> <span class='ocrx_word' id='word_1_460' title='bbox 2394 1995 2755 2051; x_wconf 90' lang='lat' dir='ltr'>intermediis</span> <span class='ocrx_word' id='word_1_461' title='bbox 2776 1996 3184 2067; x_wconf 89' lang='lat' dir='ltr'>[temporibus]</span> <span class='ocrx_word' id='word_1_462' title='bbox 3213 2012 3338 2067; x_wconf 84' lang='lat' dir='ltr'>quae</span> <span class='ocrx_word' id='word_1_463' title='bbox 3365 1994 3551 2052; x_wconf 87' lang='lat' dir='ltr'>multa</span> 
     </span>
    </p>
   </div>
   <div class='ocr_carea' id='block_1_63' title="bbox 1901 2083 3549 2156">
    <p class='ocr_par' dir='ltr' id='par_1_63' title="bbox 1901 2083 3549 2156">
     <span class='ocr_line' id='line_1_63' title="bbox 1901 2083 3549 2156; baseline 0 -18"><span class='ocrx_word' id='word_1_464' title='bbox 1901 2088 2077 2154; x_wconf 88' lang='lat' dir='ltr'>atque</span> <span class='ocrx_word' id='word_1_465' title='bbox 2116 2083 2274 2138; x_wconf 87' lang='lat' dir='ltr'>varia</span> <span class='ocrx_word' id='word_1_466' title='bbox 2302 2088 2458 2151; x_wconf 89' lang='lat' dir='ltr'>sunt,</span> <span class='ocrx_word' id='word_1_467' title='bbox 2492 2083 2824 2155; x_wconf 84' lang='lat' dir='ltr'>conjunctio</span> <span class='ocrx_word' id='word_1_468' title='bbox 2871 2084 3030 2156; x_wconf 91' lang='lat' dir='ltr'>prior</span> <span class='ocrx_word' id='word_1_469' title='bbox 3071 2083 3363 2139; x_wconf 89' lang='lat' dir='ltr'>acciderit.</span> <span class='ocrx_word' id='word_1_470' title='bbox 3397 2086 3549 2149; x_wconf 88' lang='lat' dir='ltr'>Qua-</span> 
     </span>
    </p>
   </div>
   <div class='ocr_carea' id='block_1_64' title="bbox 1903 2171 3549 2246">
    <p class='ocr_par' dir='ltr' id='par_1_64' title="bbox 1903 2171 3549 2246">
     <span class='ocr_line' id='line_1_64' title="bbox 1903 2171 3549 2246; baseline 0 -19"><span class='ocrx_word' id='word_1_471' title='bbox 1903 2176 2138 2244; x_wconf 84' lang='lat' dir='ltr'>propter</span> <span class='ocrx_word' id='word_1_472' title='bbox 2175 2189 2290 2227; x_wconf 90' lang='lat' dir='ltr'>non</span> <span class='ocrx_word' id='word_1_473' title='bbox 2323 2189 2508 2228; x_wconf 90' lang='lat' dir='ltr'>unum</span> <span class='ocrx_word' id='word_1_474' title='bbox 2553 2189 2784 2246; x_wconf 87' lang='lat' dir='ltr'>semper</span> <span class='ocrx_word' id='word_1_475' title='bbox 2810 2176 3047 2245; x_wconf 89' lang='lat' dir='ltr'>tempus</span> <span class='ocrx_word' id='word_1_476' title='bbox 3095 2177 3204 2241; x_wconf 88' lang='lat' dir='ltr'>est,</span> <span class='ocrx_word' id='word_1_477' title='bbox 3236 2189 3353 2243; x_wconf 93' lang='lat' dir='ltr'>quo</span> <span class='ocrx_word' id='word_1_478' title='bbox 3407 2171 3549 2227; x_wconf 88' lang='lat' dir='ltr'>luna</span> 
     </span>
    </p>
   </div>
   <div class='ocr_carea' id='block_1_65' title="bbox 1903 2259 3547 2334">
    <p class='ocr_par' dir='ltr' id='par_1_65' title="bbox 1903 2259 3547 2334">
     <span class='ocr_line' id='line_1_65' title="bbox 1903 2259 3547 2334; baseline 0.001 -19"><span class='ocrx_word' id='word_1_479' title='bbox 1903 2260 2212 2316; x_wconf 89' lang='lat' dir='ltr'>manifesto</span> <span class='ocrx_word' id='word_1_480' title='bbox 2268 2261 2684 2333; x_wconf 88' lang='lat' dir='ltr'>conspicitur;</span> <span class='ocrx_word' id='word_1_481' title='bbox 2742 2262 2894 2316; x_wconf 72' lang='lat'>319</span> <span class='ocrx_word' id='word_1_482' title='bbox 2955 2277 3145 2334; x_wconf 90' lang='lat' dir='ltr'>neque</span> <span class='ocrx_word' id='word_1_483' title='bbox 3221 2259 3547 2316; x_wconf 89' lang='lat' dir='ltr'>secundum</span> 
     </span>
    </p>
   </div>
   <div class='ocr_carea' id='block_1_66' title="bbox 1901 2348 3548 2422">
    <p class='ocr_par' dir='ltr' id='par_1_66' title="bbox 1901 2348 3548 2422">
     <span class='ocr_line' id='line_1_66' title="bbox 1901 2348 3548 2422; baseline 0.001 -18"><span class='ocrx_word' id='word_1_484' title='bbox 1901 2349 2124 2422; x_wconf 85' lang='lat' dir='ltr'>primas</span> <span class='ocrx_word' id='word_1_485' title='bbox 2153 2350 2455 2406; x_wconf 88' lang='lat' dir='ltr'>universas</span> <span class='ocrx_word' id='word_1_486' title='bbox 2486 2349 2949 2406; x_wconf 90' lang='lat' dir='ltr'>illuminationes</span> <span class='ocrx_word' id='word_1_487' title='bbox 2972 2349 3365 2406; x_wconf 88' lang='lat' dir='ltr'>manifestatio</span> <span class='ocrx_word' id='word_1_488' title='bbox 3387 2348 3548 2405; x_wconf 90' lang='lat' dir='ltr'>illius</span> 
     </span>
    </p>
   </div>
   <div class='ocr_carea' id='block_1_67' title="bbox 1901 2437 2283 2494">
    <p class='ocr_par' dir='ltr' id='par_1_67' title="bbox 1901 2437 2283 2494">
     <span class='ocr_line' id='line_1_67' title="bbox 1901 2437 2283 2494; baseline 0 -2"><span class='ocrx_word' id='word_1_489' title='bbox 1901 2437 2283 2494; x_wconf 87' lang='lat' dir='ltr'>invariabilis.</span> 
     </span>
    </p>
   </div>
   <div class='ocr_carea' id='block_1_68' title="bbox 1973 2527 3552 2600">
    <p class='ocr_par' dir='ltr' id='par_1_68' title="bbox 1973 2527 3552 2600">
     <span class='ocr_line' id='line_1_68' title="bbox 1973 2527 3552 2600; baseline 0.001 -19"><span class='ocrx_word' id='word_1_490' title='bbox 1973 2530 2026 2583; x_wconf 92' lang='lat'>8.</span> <span class='ocrx_word' id='word_1_491' title='bbox 2055 2528 2227 2583; x_wconf 86' lang='lat' dir='ltr'>Ortus</span> <span class='ocrx_word' id='word_1_492' title='bbox 2259 2544 2394 2600; x_wconf 88' lang='lat' dir='ltr'>ergo</span> <span class='ocrx_word' id='word_1_493' title='bbox 2426 2527 2662 2600; x_wconf 85' lang='lat' dir='ltr'>[dicitur</span> <span class='ocrx_word' id='word_1_494' title='bbox 2689 2527 2866 2599; x_wconf 86' lang='lat' dir='ltr'>lunae]</span> <span class='ocrx_word' id='word_1_495' title='bbox 2911 2543 3045 2582; x_wconf 91' lang='lat' dir='ltr'>cum</span> <span class='ocrx_word' id='word_1_496' title='bbox 3093 2527 3351 2598; x_wconf 89' lang='lat' dir='ltr'>primum</span> <span class='ocrx_word' id='word_1_497' title='bbox 3404 2543 3552 2583; x_wconf 91' lang='lat' dir='ltr'>nova</span> 
     </span>
    </p>
   </div>
   <div class='ocr_carea' id='block_1_69' title="bbox 1904 2615 3547 2689">
    <p class='ocr_par' dir='ltr' id='par_1_69' title="bbox 1904 2615 3547 2689">
     <span class='ocr_line' id='line_1_69' title="bbox 1904 2615 3547 2689; baseline 0 -18"><span class='ocrx_word' id='word_1_498' title='bbox 1904 2617 2431 2688; x_wconf 79' lang='lat' dir='ltr'>quomodocumque</span> <span class='ocrx_word' id='word_1_499' title='bbox 2461 2621 2773 2689; x_wconf 88' lang='lat' dir='ltr'>conspecta</span> <span class='ocrx_word' id='word_1_500' title='bbox 2798 2617 2990 2672; x_wconf 87' lang='lat' dir='ltr'>fuerit.</span> <span class='ocrx_word' id='word_1_501' title='bbox 3006 2615 3235 2670; x_wconf 88' lang='lat' dir='ltr'>Falcata</span> <span class='ocrx_word' id='word_1_502' title='bbox 3265 2618 3463 2671; x_wconf 88' lang='lat' dir='ltr'>autem</span> <span class='ocrx_word' id='word_1_503' title='bbox 3483 2615 3547 2684; x_wconf 80' lang='grc'>⁷⁵,</span> 
     </span>
    </p>
   </div>
   <div class='ocr_carea' id='block_1_70' title="bbox 1904 2703 3548 2778">
    <p class='ocr_par' dir='ltr' id='par_1_70' title="bbox 1904 2703 3548 2778">
     <span class='ocr_line' id='line_1_70' title="bbox 1904 2703 3548 2778; baseline -0.001 -17"><span class='ocrx_word' id='word_1_504' title='bbox 1904 2721 2038 2761; x_wconf 92' lang='lat' dir='ltr'>cum</span> <span class='ocrx_word' id='word_1_505' title='bbox 2069 2706 2289 2777; x_wconf 88' lang='lat' dir='ltr'>gradus</span> <span class='ocrx_word' id='word_1_506' title='bbox 2321 2705 2623 2778; x_wconf 85' lang='lat' dir='ltr'>sexaginta</span> <span class='ocrx_word' id='word_1_507' title='bbox 2644 2723 2678 2761; x_wconf 89' lang='lat' dir='ltr'>a</span> <span class='ocrx_word' id='word_1_508' title='bbox 2708 2704 2827 2760; x_wconf 92' lang='lat' dir='ltr'>sole</span> <span class='ocrx_word' id='word_1_509' title='bbox 2857 2705 3179 2770; x_wconf 86' lang='lat' dir='ltr'>recesserit,</span> <span class='ocrx_word' id='word_1_510' title='bbox 3203 2708 3260 2759; x_wconf 89' lang='lat' dir='ltr'>et</span> <span class='ocrx_word' id='word_1_511' title='bbox 3285 2703 3548 2760; x_wconf 83' lang='lat' dir='ltr'>sextilem</span> 
     </span>
    </p>
   </div>
   <div class='ocr_carea' id='block_1_71' title="bbox 1905 2793 3551 2866">
    <p class='ocr_par' dir='ltr' id='par_1_71' title="bbox 1905 2793 3551 2866">
     <span class='ocr_line' id='line_1_71' title="bbox 1905 2793 3551 2866; baseline -0.001 -17"><span class='ocrx_word' id='word_1_512' title='bbox 1905 2796 1974 2850; x_wconf 90' lang='lat' dir='ltr'>ad</span> <span class='ocrx_word' id='word_1_513' title='bbox 2009 2795 2190 2850; x_wconf 91' lang='lat' dir='ltr'>solem</span> <span class='ocrx_word' id='word_1_514' title='bbox 2223 2794 2424 2849; x_wconf 82' lang='lat' dir='ltr'>fecerit</span> <span class='ocrx_word' id='word_1_515' title='bbox 2467 2794 3009 2866; x_wconf 89' lang='lat' dir='ltr'>conﬁgurationem.</span> <span class='ocrx_word' id='word_1_516' title='bbox 3043 2793 3318 2848; x_wconf 90' lang='lat' dir='ltr'>Bifariam</span> <span class='ocrx_word' id='word_1_517' title='bbox 3368 2796 3551 2860; x_wconf 87' lang='lat' dir='ltr'>secta,</span> 
     </span>
    </p>
   </div>
   <div class='ocr_carea' id='block_1_72' title="bbox 1903 2880 3548 2954">
    <p class='ocr_par' dir='ltr' id='par_1_72' title="bbox 1903 2880 3548 2954">
     <span class='ocr_line' id='line_1_72' title="bbox 1903 2880 3548 2954; baseline -0.002 -15"><span class='ocrx_word' id='word_1_518' title='bbox 1903 2887 2214 2954; x_wconf 90' lang='lat' dir='ltr'>postquam</span> <span class='ocrx_word' id='word_1_519' title='bbox 2250 2900 2283 2936; x_wconf 89' lang='lat' dir='ltr'>a</span> <span class='ocrx_word' id='word_1_520' title='bbox 2311 2881 2433 2938; x_wconf 89' lang='lat' dir='ltr'>sole</span> <span class='ocrx_word' id='word_1_521' title='bbox 2465 2883 2536 2938; x_wconf 90' lang='lat' dir='ltr'>ad</span> <span class='ocrx_word' id='word_1_522' title='bbox 2569 2881 2884 2953; x_wconf 81' lang='lat' dir='ltr'>nonaginta</span> <span class='ocrx_word' id='word_1_523' title='bbox 2927 2882 3144 2954; x_wconf 90' lang='lat' dir='ltr'>gradus</span> <span class='ocrx_word' id='word_1_524' title='bbox 3193 2880 3548 2951; x_wconf 86' lang='lat' dir='ltr'>discesserit,</span> 
     </span>
    </p>
   </div>
   <div class='ocr_carea' id='block_1_73' title="bbox 1903 2969 3542 3042">
    <p class='ocr_par' dir='ltr' id='par_1_73' title="bbox 1903 2969 3542 3042">
     <span class='ocr_line' id='line_1_73' title="bbox 1903 2969 3542 3042; baseline -0.001 -16"><span class='ocrx_word' id='word_1_525' title='bbox 1903 2976 1962 3026; x_wconf 92' lang='lat' dir='ltr'>et</span> <span class='ocrx_word' id='word_1_526' title='bbox 2016 2971 2297 3042; x_wconf 88' lang='lat' dir='ltr'>quadrato</span> <span class='ocrx_word' id='word_1_527' title='bbox 2356 2972 2426 3026; x_wconf 82' lang='lat' dir='ltr'>ad</span> <span class='ocrx_word' id='word_1_528' title='bbox 2486 2972 2679 3042; x_wconf 90' lang='lat' dir='ltr'>ipsum</span> <span class='ocrx_word' id='word_1_529' title='bbox 2742 2976 2979 3042; x_wconf 90' lang='lat' dir='ltr'>aspectu</span> <span class='ocrx_word' id='word_1_530' title='bbox 3032 2969 3282 3041; x_wconf 85' lang='lat' dir='ltr'>ﬁgurata</span> <span class='ocrx_word' id='word_1_531' title='bbox 3324 2970 3542 3025; x_wconf 91' lang='lat' dir='ltr'>fuerit:</span> 
     </span>
    </p>
   </div>
   <div class='ocr_carea' id='block_1_74' title="bbox 1905 3057 3538 3132">
    <p class='ocr_par' dir='ltr' id='par_1_74' title="bbox 1905 3057 3538 3132">
     <span class='ocr_line' id='line_1_74' title="bbox 1905 3057 3538 3132; baseline -0.001 -18"><span class='ocrx_word' id='word_1_532' title='bbox 1905 3061 2179 3130; x_wconf 88' lang='lat' dir='ltr'>utrinque</span> <span class='ocrx_word' id='word_1_533' title='bbox 2209 3059 2472 3132; x_wconf 88' lang='lat' dir='ltr'>gibbosa,</span> <span class='ocrx_word' id='word_1_534' title='bbox 2506 3076 2640 3114; x_wconf 91' lang='lat' dir='ltr'>cum</span> <span class='ocrx_word' id='word_1_535' title='bbox 2672 3065 2906 3114; x_wconf 88' lang='lat' dir='ltr'>centum</span> <span class='ocrx_word' id='word_1_536' title='bbox 2937 3063 2994 3113; x_wconf 90' lang='lat' dir='ltr'>et</span> <span class='ocrx_word' id='word_1_537' title='bbox 3021 3057 3227 3130; x_wconf 88' lang='lat' dir='ltr'>viginti</span> <span class='ocrx_word' id='word_1_538' title='bbox 3257 3057 3538 3130; x_wconf 89' lang='lat' dir='ltr'>gradibus</span> 
     </span>
    </p>
   </div>
   <div class='ocr_carea' id='block_1_75' title="bbox 1903 3145 3540 3221">
    <p class='ocr_par' dir='ltr' id='par_1_75' title="bbox 1903 3145 3540 3221">
     <span class='ocr_line' id='line_1_75' title="bbox 1903 3145 3540 3221; baseline -0.002 -17"><span class='ocrx_word' id='word_1_539' title='bbox 1903 3166 1938 3204; x_wconf 87' lang='lat' dir='ltr'>a</span> <span class='ocrx_word' id='word_1_540' title='bbox 1966 3147 2086 3204; x_wconf 88' lang='lat' dir='ltr'>sole</span> <span class='ocrx_word' id='word_1_541' title='bbox 2117 3149 2381 3218; x_wconf 89' lang='lat' dir='ltr'>sejuncta</span> <span class='ocrx_word' id='word_1_542' title='bbox 2414 3148 2604 3213; x_wconf 89' lang='lat' dir='ltr'>fuerit,</span> <span class='ocrx_word' id='word_1_543' title='bbox 2636 3152 2693 3204; x_wconf 83' lang='lat' dir='ltr'>et</span> <span class='ocrx_word' id='word_1_544' title='bbox 2714 3147 3128 3221; x_wconf 88' lang='lat' dir='ltr'>triangularem</span> <span class='ocrx_word' id='word_1_545' title='bbox 3163 3147 3412 3219; x_wconf 86' lang='lat' dir='ltr'>ﬁguram</span> <span class='ocrx_word' id='word_1_546' title='bbox 3460 3145 3540 3201; x_wconf 84' lang='lat' dir='ltr'>ef-</span> 
     </span>
    </p>
   </div>
   <div class='ocr_carea' id='block_1_76' title="bbox 1903 3235 3542 3308">
    <p class='ocr_par' dir='ltr' id='par_1_76' title="bbox 1903 3235 3542 3308">
     <span class='ocr_line' id='line_1_76' title="bbox 1903 3235 3542 3308; baseline -0.001 -17"><span class='ocrx_word' id='word_1_547' title='bbox 1903 3238 2122 3292; x_wconf 85' lang='lat' dir='ltr'>fecerit.</span> <span class='ocrx_word' id='word_1_548' title='bbox 2157 3236 2585 3308; x_wconf 90' lang='lat' dir='ltr'>Propemodum</span> <span class='ocrx_word' id='word_1_549' title='bbox 2618 3241 2813 3292; x_wconf 87' lang='lat' dir='ltr'>autem</span> <span class='ocrx_word' id='word_1_550' title='bbox 2846 3235 3018 3308; x_wconf 88' lang='lat' dir='ltr'>plena</span> <span class='ocrx_word' id='word_1_551' title='bbox 3058 3236 3218 3306; x_wconf 90' lang='lat' dir='ltr'>luna,</span> <span class='ocrx_word' id='word_1_552' title='bbox 3252 3239 3310 3290; x_wconf 87' lang='lat' dir='ltr'>et</span> <span class='ocrx_word' id='word_1_553' title='bbox 3338 3251 3542 3306; x_wconf 90' lang='lat' dir='ltr'>prope-</span> 
     </span>
    </p>
   </div>
   <div class='ocr_carea' id='block_1_77' title="bbox 1904 3322 3545 3398">
    <p class='ocr_par' dir='ltr' id='par_1_77' title="bbox 1904 3322 3545 3398">
     <span class='ocr_line' id='line_1_77' title="bbox 1904 3322 3545 3398; baseline -0.003 -16"><span class='ocrx_word' id='word_1_554' title='bbox 1904 3328 2144 3382; x_wconf 91' lang='lat' dir='ltr'>modum</span> <span class='ocrx_word' id='word_1_555' title='bbox 2177 3325 2346 3397; x_wconf 90' lang='lat' dir='ltr'>plena</span> <span class='ocrx_word' id='word_1_556' title='bbox 2368 3325 2609 3396; x_wconf 89' lang='lat' dir='ltr'>lumine,</span> <span class='ocrx_word' id='word_1_557' title='bbox 2634 3329 3016 3398; x_wconf 86' lang='lat' dir='ltr'>posteaquam</span> <span class='ocrx_word' id='word_1_558' title='bbox 3041 3329 3277 3379; x_wconf 87' lang='lat' dir='ltr'>centum</span> <span class='ocrx_word' id='word_1_559' title='bbox 3300 3328 3358 3379; x_wconf 90' lang='lat' dir='ltr'>et</span> <span class='ocrx_word' id='word_1_560' title='bbox 3379 3322 3545 3395; x_wconf 88' lang='lat' dir='ltr'>quin-</span> 
     </span>
    </p>
   </div>
   <div class='ocr_carea' id='block_1_78' title="bbox 1827 3406 3544 3486">
    <p class='ocr_par' dir='ltr' id='par_1_78' title="bbox 1827 3406 3544 3486">
     <span class='ocr_line' id='line_1_78' title="bbox 1827 3406 3544 3486; baseline -0.004 -13"><span class='ocrx_word' id='word_1_561' title='bbox 1827 3406 1870 3473; x_wconf 83' lang='lat' dir='ltr'><strong><em>C</em></strong></span> <span class='ocrx_word' id='word_1_562' title='bbox 1911 3414 2192 3486; x_wconf 87' lang='lat' dir='ltr'>quaginta</span> <span class='ocrx_word' id='word_1_563' title='bbox 2221 3415 2438 3486; x_wconf 87' lang='lat' dir='ltr'>gradus</span> <span class='ocrx_word' id='word_1_564' title='bbox 2467 3432 2502 3470; x_wconf 88' lang='lat' dir='ltr'>a</span> <span class='ocrx_word' id='word_1_565' title='bbox 2530 3415 2648 3470; x_wconf 90' lang='lat' dir='ltr'>sole</span> <span class='ocrx_word' id='word_1_566' title='bbox 2681 3414 3046 3470; x_wconf 80' lang='lat' dir='ltr'>abscesserit.</span> <span class='ocrx_word' id='word_1_567' title='bbox 3070 3414 3215 3469; x_wconf 89' lang='lat' dir='ltr'>Tota</span> <span class='ocrx_word' id='word_1_568' title='bbox 3235 3429 3338 3468; x_wconf 90' lang='lat' dir='ltr'>seu</span> <span class='ocrx_word' id='word_1_569' title='bbox 3370 3411 3544 3484; x_wconf 88' lang='lat' dir='ltr'>plena</span> 
     </span>
    </p>
   </div>
   <div class='ocr_carea' id='block_1_79' title="bbox 1901 3500 3545 3574">
    <p class='ocr_par' dir='ltr' id='par_1_79' title="bbox 1901 3500 3545 3574">
     <span class='ocr_line' id='line_1_79' title="bbox 1901 3500 3545 3574; baseline -0.003 -15"><span class='ocrx_word' id='word_1_570' title='bbox 1901 3504 2042 3559; x_wconf 89' lang='lat' dir='ltr'>luna</span> <span class='ocrx_word' id='word_1_571' title='bbox 2073 3501 2346 3574; x_wconf 87' lang='lat' dir='ltr'>denique,</span> <span class='ocrx_word' id='word_1_572' title='bbox 2377 3519 2510 3558; x_wconf 90' lang='lat' dir='ltr'>cum</span> <span class='ocrx_word' id='word_1_573' title='bbox 2542 3503 2650 3559; x_wconf 88' lang='lat' dir='ltr'>soli</span> <span class='ocrx_word' id='word_1_574' title='bbox 2674 3501 3095 3558; x_wconf 84' lang='lat' dir='ltr'>diametraliter</span> <span class='ocrx_word' id='word_1_575' title='bbox 3115 3500 3384 3574; x_wconf 88' lang='lat' dir='ltr'>opposita</span> <span class='ocrx_word' id='word_1_576' title='bbox 3413 3516 3545 3555; x_wconf 85' lang='lat' dir='ltr'>con-</span> 
     </span>
    </p>
   </div>
   <div class='ocr_carea' id='block_1_80' title="bbox 1905 3591 2142 3647">
    <p class='ocr_par' dir='ltr' id='par_1_80' title="bbox 1905 3591 2142 3647">
     <span class='ocr_line' id='line_1_80' title="bbox 1905 3591 2142 3647; baseline -0.013 0"><span class='ocrx_word' id='word_1_577' title='bbox 1905 3591 2142 3647; x_wconf 85' lang='lat' dir='ltr'>stiterit.</span> 
     </span>
    </p>
   </div>
   <div class='ocr_carea' id='block_1_81' title="bbox 1979 3677 3545 3752">
    <p class='ocr_par' dir='ltr' id='par_1_81' title="bbox 1979 3677 3545 3752">
     <span class='ocr_line' id='line_1_81' title="bbox 1979 3677 3545 3752; baseline -0.001 -19"><span class='ocrx_word' id='word_1_578' title='bbox 1979 3681 2032 3734; x_wconf 81' lang='lat'>9.</span> <span class='ocrx_word' id='word_1_579' title='bbox 2068 3678 2371 3750; x_wconf 89' lang='lat' dir='ltr'>Proprium</span> <span class='ocrx_word' id='word_1_580' title='bbox 2427 3679 2668 3752; x_wconf 91' lang='lat' dir='ltr'>proinde</span> <span class='ocrx_word' id='word_1_581' title='bbox 2724 3678 3009 3735; x_wconf 90' lang='lat' dir='ltr'>circulum</span> <span class='ocrx_word' id='word_1_582' title='bbox 3065 3677 3208 3734; x_wconf 90' lang='lat' dir='ltr'>luna</span> <span class='ocrx_word' id='word_1_583' title='bbox 3263 3694 3364 3751; x_wconf 91' lang='lat' dir='ltr'>per</span> <span class='ocrx_word' id='word_1_584' title='bbox 3419 3677 3545 3732; x_wconf 89' lang='lat' dir='ltr'>dies</span> 
     </span>
    </p>
   </div>
   <div class='ocr_carea' id='block_1_82' title="bbox 1911 3767 3555 3840">
    <p class='ocr_par' dir='ltr' id='par_1_82' title="bbox 1911 3767 3555 3840">
     <span class='ocr_line' id='line_1_82' title="bbox 1911 3767 3555 3840; baseline -0.002 -17"><span class='ocrx_word' id='word_1_585' title='bbox 1911 3767 2164 3835; x_wconf 89' lang='lat' dir='ltr'>conﬁcit,</span> <span class='ocrx_word' id='word_1_586' title='bbox 2189 3771 2253 3823; x_wconf 91' lang='lat' dir='ltr'>ut</span> <span class='ocrx_word' id='word_1_587' title='bbox 2281 3767 2612 3839; x_wconf 90' lang='lat' dir='ltr'>aliquorum</span> <span class='ocrx_word' id='word_1_588' title='bbox 2643 3769 2754 3823; x_wconf 84' lang='lat' dir='ltr'>fert</span> <span class='ocrx_word' id='word_1_589' title='bbox 2772 3768 3081 3835; x_wconf 86' lang='lat' dir='ltr'>sententia,</span> <span class='ocrx_word' id='word_1_590' title='bbox 3102 3767 3311 3840; x_wconf 87' lang='lat' dir='ltr'>viginti</span> <span class='ocrx_word' id='word_1_591' title='bbox 3333 3769 3555 3837; x_wconf 85' lang='lat' dir='ltr'>septem</span> 
     </span>
    </p>
   </div>
   <div class='ocr_carea' id='block_1_83' title="bbox 1913 3853 3558 3928">
    <p class='ocr_par' dir='ltr' id='par_1_83' title="bbox 1913 3853 3558 3928">
     <span class='ocr_line' id='line_1_83' title="bbox 1913 3853 3558 3928; baseline -0.001 -17"><span class='ocrx_word' id='word_1_592' title='bbox 1913 3860 1971 3911; x_wconf 88' lang='lat' dir='ltr'>et</span> <span class='ocrx_word' id='word_1_593' title='bbox 2001 3856 2245 3911; x_wconf 88' lang='lat' dir='ltr'>semisse</span> <span class='ocrx_word' id='word_1_594' title='bbox 2273 3855 2450 3911; x_wconf 89' lang='lat' dir='ltr'>unius</span> <span class='ocrx_word' id='word_1_595' title='bbox 2480 3856 2594 3912; x_wconf 92' lang='lat' dir='ltr'>diei</span> <span class='ocrx_word' id='word_1_596' title='bbox 2620 3858 2843 3928; x_wconf 91' lang='lat' dir='ltr'>adjecto</span> <span class='ocrx_word' id='word_1_597' title='bbox 2877 3876 2890 3913; x_wconf 90' lang='lat'><strong>:</strong></span> <span class='ocrx_word' id='word_1_598' title='bbox 2942 3861 3007 3912; x_wconf 89' lang='lat' dir='ltr'>ut</span> <span class='ocrx_word' id='word_1_599' title='bbox 3045 3855 3144 3912; x_wconf 90' lang='lat' dir='ltr'>alii</span> <span class='ocrx_word' id='word_1_600' title='bbox 3176 3859 3370 3911; x_wconf 89' lang='lat' dir='ltr'>autem</span> <span class='ocrx_word' id='word_1_601' title='bbox 3394 3853 3558 3926; x_wconf 88' lang='lat' dir='ltr'>judi-</span> 
     </span>
    </p>
   </div>
   <div class='ocr_carea' id='block_1_84' title="bbox 1916 3943 3560 4018">
    <p class='ocr_par' dir='ltr' id='par_1_84' title="bbox 1916 3943 3560 4018">
     <span class='ocr_line' id='line_1_84' title="bbox 1916 3943 3560 4018; baseline -0.002 -17"><span class='ocrx_word' id='word_1_602' title='bbox 1916 3949 2072 4014; x_wconf 85' lang='lat' dir='ltr'>cant,</span> <span class='ocrx_word' id='word_1_603' title='bbox 2104 3960 2206 4016; x_wconf 91' lang='lat' dir='ltr'>per</span> <span class='ocrx_word' id='word_1_604' title='bbox 2232 3945 2440 4016; x_wconf 88' lang='lat' dir='ltr'>viginti</span> <span class='ocrx_word' id='word_1_605' title='bbox 2471 3949 2527 4001; x_wconf 90' lang='lat' dir='ltr'>et</span> <span class='ocrx_word' id='word_1_606' title='bbox 2556 3949 2778 4018; x_wconf 90' lang='lat' dir='ltr'>septem</span> <span class='ocrx_word' id='word_1_607' title='bbox 2809 3943 2934 4002; x_wconf 91' lang='lat' dir='ltr'>dies</span> <span class='ocrx_word' id='word_1_608' title='bbox 2963 3947 3028 4014; x_wconf 71' lang='grc' dir='ltr'>τε,</span> <span class='ocrx_word' id='word_1_609' title='bbox 3061 3948 3120 4000; x_wconf 93' lang='lat' dir='ltr'>et</span> <span class='ocrx_word' id='word_1_610' title='bbox 3148 3944 3319 4000; x_wconf 88' lang='lat' dir='ltr'>tertia</span> <span class='ocrx_word' id='word_1_611' title='bbox 3355 3959 3560 4015; x_wconf 88' lang='lat' dir='ltr'>prope-</span> 
     </span>
    </p>
   </div>
   <div class='ocr_carea' id='block_1_85' title="bbox 1919 4033 3566 4106">
    <p class='ocr_par' dir='ltr' id='par_1_85' title="bbox 1919 4033 3566 4106">
     <span class='ocr_line' id='line_1_85' title="bbox 1919 4033 3566 4106; baseline -0.002 -17"><span class='ocrx_word' id='word_1_612' title='bbox 1919 4034 2160 4089; x_wconf 92' lang='lat' dir='ltr'>modum</span> <span class='ocrx_word' id='word_1_613' title='bbox 2218 4033 2333 4088; x_wconf 90' lang='lat' dir='ltr'>diei</span> <span class='ocrx_word' id='word_1_614' title='bbox 2389 4038 2551 4106; x_wconf 86' lang='lat' dir='ltr'>parte</span> <span class='ocrx_word' id='word_1_615' title='bbox 2608 4035 2826 4091; x_wconf 89' lang='lat' dir='ltr'>addita.</span> <span class='ocrx_word' id='word_1_616' title='bbox 2874 4038 3276 4090; x_wconf 86' lang='lat' dir='ltr'>Verumtatem</span> <span class='ocrx_word' id='word_1_617' title='bbox 3333 4047 3566 4104; x_wconf 89' lang='lat' dir='ltr'>semper</span> 
     </span>
    </p>
   </div>
   <div class='ocr_carea' id='block_1_86' title="bbox 1922 4121 3563 4195">
    <p class='ocr_par' dir='ltr' id='par_1_86' title="bbox 1922 4121 3563 4195">
     <span class='ocr_line' id='line_1_86' title="bbox 1922 4121 3563 4195; baseline -0.004 -16"><span class='ocrx_word' id='word_1_618' title='bbox 1922 4139 2097 4179; x_wconf 88' lang='lat' dir='ltr'>suum</span> <span class='ocrx_word' id='word_1_619' title='bbox 2129 4121 2414 4178; x_wconf 88' lang='lat' dir='ltr'>circulum</span> <span class='ocrx_word' id='word_1_620' title='bbox 2446 4123 2881 4195; x_wconf 88' lang='lat' dir='ltr'>circumeundo,</span> <span class='ocrx_word' id='word_1_621' title='bbox 2942 4124 3013 4179; x_wconf 88' lang='lat' dir='ltr'>ad</span> <span class='ocrx_word' id='word_1_622' title='bbox 3067 4124 3222 4178; x_wconf 91' lang='lat' dir='ltr'>idem</span> <span class='ocrx_word' id='word_1_623' title='bbox 3279 4125 3563 4194; x_wconf 88' lang='lat' dir='ltr'>punctum</span> 
     </span>
    </p>
   </div>
   <div class='ocr_carea' id='block_1_87' title="bbox 1925 4207 3567 4285">
    <p class='ocr_par' dir='ltr' id='par_1_87' title="bbox 1925 4207 3567 4285">
     <span class='ocr_line' id='line_1_87' title="bbox 1925 4207 3567 4285; baseline -0.003 -19"><span class='ocrx_word' id='word_1_624' title='bbox 1925 4228 1994 4267; x_wconf 80' lang='lat' dir='ltr'>ex</span> <span class='ocrx_word' id='word_1_625' title='bbox 2023 4211 2226 4266; x_wconf 90' lang='lat' dir='ltr'>eodem</span> <span class='ocrx_word' id='word_1_626' title='bbox 2275 4228 2379 4283; x_wconf 91' lang='lat' dir='ltr'>per</span> <span class='ocrx_word' id='word_1_627' title='bbox 2424 4212 2644 4284; x_wconf 70' lang='lat' dir='ltr'>aequale</span> <span class='ocrx_word' id='word_1_628' title='bbox 2691 4213 2971 4285; x_wconf 88' lang='lat' dir='ltr'>temporis</span> <span class='ocrx_word' id='word_1_629' title='bbox 3021 4211 3276 4284; x_wconf 86' lang='lat' dir='ltr'>spatium</span> <span class='ocrx_word' id='word_1_630' title='bbox 3326 4207 3567 4266; x_wconf 89' lang='lat' dir='ltr'>reverti-</span> 
     </span>
    </p>
   </div>
   <div class='ocr_carea' id='block_1_88' title="bbox 1923 4303 2039 4354">
    <p class='ocr_par' dir='ltr' id='par_1_88' title="bbox 1923 4303 2039 4354">
     <span class='ocr_line' id='line_1_88' title="bbox 1923 4303 2039 4354; baseline -0.009 0"><span class='ocrx_word' id='word_1_631' title='bbox 1923 4303 2039 4354; x_wconf 90' lang='lat' dir='ltr'>tur.</span> 
     </span>
    </p>
   </div>
   <div class='ocr_carea' id='block_1_89' title="bbox 1999 4381 3568 4459">
    <p class='ocr_par' dir='ltr' id='par_1_89' title="bbox 1999 4381 3568 4459">
     <span class='ocr_line' id='line_1_89' title="bbox 1999 4381 3568 4459; baseline -0.003 -18"><span class='ocrx_word' id='word_1_632' title='bbox 1999 4387 2087 4453; x_wconf 90' lang='grc'>10,</span> <span class='ocrx_word' id='word_1_633' title='bbox 2123 4387 2206 4441; x_wconf 89' lang='grc'><strong>11.</strong></span> <span class='ocrx_word' id='word_1_634' title='bbox 2240 4387 2311 4442; x_wconf 88' lang='lat' dir='ltr'>At</span> <span class='ocrx_word' id='word_1_635' title='bbox 2350 4388 2784 4459; x_wconf 84' lang='lat' dir='ltr'>conjunctiones</span> <span class='ocrx_word' id='word_1_636' title='bbox 2837 4405 2971 4444; x_wconf 92' lang='lat' dir='ltr'>cum</span> <span class='ocrx_word' id='word_1_637' title='bbox 3021 4387 3142 4444; x_wconf 85' lang='lat' dir='ltr'>sole</span> <span class='ocrx_word' id='word_1_638' title='bbox 3194 4403 3309 4442; x_wconf 90' lang='lat' dir='ltr'>non</span> <span class='ocrx_word' id='word_1_639' title='bbox 3359 4381 3568 4456; x_wconf 64' lang='lat' dir='ltr'>aequali</span> 
     </span>
    </p>
   </div>
   <div class='ocr_carea' id='block_1_90' title="bbox 1931 4476 3573 4548">
    <p class='ocr_par' dir='ltr' id='par_1_90' title="bbox 1931 4476 3573 4548">
     <span class='ocr_line' id='line_1_90' title="bbox 1931 4476 3573 4548; baseline -0.002 -18"><span class='ocrx_word' id='word_1_640' title='bbox 1931 4491 2161 4547; x_wconf 90' lang='lat' dir='ltr'>semper</span> <span class='ocrx_word' id='word_1_641' title='bbox 2188 4479 2448 4547; x_wconf 90' lang='lat' dir='ltr'>tempore</span> <span class='ocrx_word' id='word_1_642' title='bbox 2478 4476 2673 4547; x_wconf 87' lang='lat' dir='ltr'>efﬁcit,</span> <span class='ocrx_word' id='word_1_643' title='bbox 2708 4477 2756 4532; x_wconf 90' lang='lat' dir='ltr'>si</span> <span class='ocrx_word' id='word_1_644' title='bbox 2783 4478 3098 4548; x_wconf 83' lang='lat' dir='ltr'>perfectam</span> <span class='ocrx_word' id='word_1_645' title='bbox 3128 4476 3282 4532; x_wconf 72' lang='lat'>320</span> <span class='ocrx_word' id='word_1_646' title='bbox 3333 4488 3573 4529; x_wconf 85' lang='lat' dir='ltr'>accura-</span> 
     </span>
    </p>
   </div>
   <div class='ocr_carea' id='block_1_91' title="bbox 1931 4559 3572 4636">
    <p class='ocr_par' dir='ltr' id='par_1_91' title="bbox 1931 4559 3572 4636">
     <span class='ocr_line' id='line_1_91' title="bbox 1931 4559 3572 4636; baseline -0.002 -18"><span class='ocrx_word' id='word_1_647' title='bbox 1931 4564 2152 4619; x_wconf 89' lang='lat' dir='ltr'>tionem</span> <span class='ocrx_word' id='word_1_648' title='bbox 2183 4564 2552 4636; x_wconf 87' lang='lat' dir='ltr'>respicimus,</span> <span class='ocrx_word' id='word_1_649' title='bbox 2571 4565 2673 4620; x_wconf 87' lang='lat' dir='ltr'>sed</span> <span class='ocrx_word' id='word_1_650' title='bbox 2705 4565 2850 4621; x_wconf 89' lang='lat' dir='ltr'>alias</span> <span class='ocrx_word' id='word_1_651' title='bbox 2871 4565 3107 4636; x_wconf 89' lang='lat' dir='ltr'>quidem</span> <span class='ocrx_word' id='word_1_652' title='bbox 3125 4564 3403 4635; x_wconf 90' lang='lat' dir='ltr'>longiore,</span> <span class='ocrx_word' id='word_1_653' title='bbox 3427 4559 3572 4617; x_wconf 87' lang='lat' dir='ltr'>alias</span> 
     </span>
    </p>
   </div>
   <div class='ocr_carea' id='block_1_92' title="bbox 1939 4651 3576 4724">
    <p class='ocr_par' dir='ltr' id='par_1_92' title="bbox 1939 4651 3576 4724">
     <span class='ocr_line' id='line_1_92' title="bbox 1939 4651 3576 4724; baseline -0.002 -17"><span class='ocrx_word' id='word_1_654' title='bbox 1939 4652 2216 4708; x_wconf 87' lang='lat' dir='ltr'>breviore.</span> <span class='ocrx_word' id='word_1_655' title='bbox 2252 4656 2319 4706; x_wconf 88' lang='lat' dir='ltr'>Et</span> <span class='ocrx_word' id='word_1_656' title='bbox 2347 4669 2525 4708; x_wconf 88' lang='lat' dir='ltr'>causa</span> <span class='ocrx_word' id='word_1_657' title='bbox 2553 4657 2662 4723; x_wconf 87' lang='lat' dir='ltr'>est,</span> <span class='ocrx_word' id='word_1_658' title='bbox 2691 4654 2846 4724; x_wconf 90' lang='lat' dir='ltr'>quod</span> <span class='ocrx_word' id='word_1_659' title='bbox 2897 4653 3162 4708; x_wconf 88' lang='lat' dir='ltr'>omnium</span> <span class='ocrx_word' id='word_1_660' title='bbox 3207 4651 3576 4723; x_wconf 86' lang='lat' dir='ltr'>planetarum</span> 
     </span>
    </p>
   </div>
   <div class='ocr_carea' id='block_1_93' title="bbox 150 4735 1793 4835">
    <p class='ocr_par' dir='ltr' id='par_1_93' title="bbox 150 4735 1793 4816">
     <span class='ocr_line' id='line_1_93' title="bbox 150 4735 1793 4816; baseline -0.005 -16"><span class='ocrx_word' id='word_1_661' title='bbox 150 4767 224 4800; x_wconf 84' lang='grc' dir='ltr'>τε</span> <span class='ocrx_word' id='word_1_662' title='bbox 291 4745 398 4813; x_wconf 83' lang='grc' dir='ltr'>τὴν</span> <span class='ocrx_word' id='word_1_663' title='bbox 454 4741 712 4798; x_wconf 78' lang='grc' dir='ltr'>δοκοῦσαν</span> <span class='ocrx_word' id='word_1_664' title='bbox 768 4741 858 4796; x_wconf 77' lang='grc' dir='ltr'>καὶ</span> <span class='ocrx_word' id='word_1_665' title='bbox 915 4740 1223 4816; x_wconf 88' lang='grc' dir='ltr'>λεγομένην</span> <span class='ocrx_word' id='word_1_666' title='bbox 1277 4737 1494 4808; x_wconf 79' lang='grc' dir='ltr'>ἀπλανῆ</span> <span class='ocrx_word' id='word_1_667' title='bbox 1544 4735 1635 4793; x_wconf 80' lang='grc' dir='ltr'>καὶ</span> <span class='ocrx_word' id='word_1_668' title='bbox 1689 4739 1793 4815; x_wconf 85' lang='grc' dir='ltr'>πρὸ</span> 
     </span>
    </p>
   </div>
   <div class='ocr_carea' id='block_1_94' title="bbox 1912 4735 3580 4835">
    <p class='ocr_par' dir='ltr' id='par_1_94' title="bbox 1938 4735 3580 4812">
     <span class='ocr_line' id='line_1_94' title="bbox 1938 4735 3580 4812; baseline -0.004 -16"><span class='ocrx_word' id='word_1_669' title='bbox 1938 4739 2197 4812; x_wconf 67' lang='lat' dir='ltr'>sphaerae,</span> <span class='ocrx_word' id='word_1_670' title='bbox 2231 4744 2286 4795; x_wconf 88' lang='lat' dir='ltr'>et</span> <span class='ocrx_word' id='word_1_671' title='bbox 2317 4741 2388 4795; x_wconf 88' lang='lat' dir='ltr'>ad</span> <span class='ocrx_word' id='word_1_672' title='bbox 2420 4757 2549 4796; x_wconf 87' lang='lat' dir='ltr'>eam</span> <span class='ocrx_word' id='word_1_673' title='bbox 2579 4757 2704 4812; x_wconf 82' lang='lat' dir='ltr'>quae</span> <span class='ocrx_word' id='word_1_674' title='bbox 2735 4740 3002 4796; x_wconf 89' lang='lat' dir='ltr'>inerrans</span> <span class='ocrx_word' id='word_1_675' title='bbox 3030 4740 3253 4796; x_wconf 88' lang='lat' dir='ltr'>videtur</span> <span class='ocrx_word' id='word_1_676' title='bbox 3285 4743 3459 4809; x_wconf 88' lang='lat' dir='ltr'>atque</span> <span class='ocrx_word' id='word_1_677' title='bbox 3491 4735 3580 4791; x_wconf 91' lang='lat' dir='ltr'>di-</span> 
     </span>
    </p>
   </div>
   <div class='ocr_carea' id='block_1_95' title="bbox 152 4825 1793 4906">
    <p class='ocr_par' dir='ltr' id='par_1_95' title="bbox 152 4825 1793 4906">
     <span class='ocr_line' id='line_1_95' title="bbox 152 4825 1793 4906; baseline -0.004 -18"><span class='ocrx_word' id='word_1_678' title='bbox 152 4830 435 4904; x_wconf 78' lang='grc' dir='ltr'>ἀλλήλας</span> <span class='ocrx_word' id='word_1_679' title='bbox 479 4827 746 4906; x_wconf 75' lang='grc' dir='ltr'>ἕκκεντροί</span> <span class='ocrx_word' id='word_1_680' title='bbox 778 4830 899 4888; x_wconf 79' lang='grc' dir='ltr'>εἶσι.</span> <span class='ocrx_word' id='word_1_681' title='bbox 933 4831 1081 4884; x_wconf 81' lang='grc' dir='ltr'>Κατὰ</span> <span class='ocrx_word' id='word_1_682' title='bbox 1129 4833 1318 4884; x_wconf 89' lang='grc' dir='ltr'>τοῦτον</span> <span class='ocrx_word' id='word_1_683' title='bbox 1374 4826 1465 4883; x_wconf 78' lang='grc' dir='ltr'>οῦν</span> <span class='ocrx_word' id='word_1_684' title='bbox 1513 4829 1604 4882; x_wconf 85' lang='grc' dir='ltr'>τὸν</span> <span class='ocrx_word' id='word_1_685' title='bbox 1663 4825 1793 4902; x_wconf 90' lang='grc' dir='ltr'>λόγο</span> 
     </span>
    </p>
   </div>
   <div class='ocr_carea' id='block_1_96' title="bbox 1912 4825 3582 4906">
    <p class='ocr_par' dir='ltr' id='par_1_96' title="bbox 1943 4825 3582 4898">
     <span class='ocr_line' id='line_1_96' title="bbox 1943 4825 3582 4898; baseline -0.003 -15"><span class='ocrx_word' id='word_1_686' title='bbox 1943 4828 2093 4883; x_wconf 91' lang='lat' dir='ltr'>citur</span> <span class='ocrx_word' id='word_1_687' title='bbox 2120 4832 2176 4883; x_wconf 91' lang='lat' dir='ltr'>et</span> <span class='ocrx_word' id='word_1_688' title='bbox 2222 4829 2292 4883; x_wconf 88' lang='lat' dir='ltr'>ad</span> <span class='ocrx_word' id='word_1_689' title='bbox 2343 4845 2405 4883; x_wconf 89' lang='lat' dir='ltr'>se</span> <span class='ocrx_word' id='word_1_690' title='bbox 2451 4829 2698 4884; x_wconf 90' lang='lat' dir='ltr'>invicem</span> <span class='ocrx_word' id='word_1_691' title='bbox 2746 4833 2885 4884; x_wconf 89' lang='lat' dir='ltr'>sunt</span> <span class='ocrx_word' id='word_1_692' title='bbox 2931 4828 3261 4884; x_wconf 86' lang='lat' dir='ltr'>eccentricae</span> <span class='ocrx_word' id='word_1_693' title='bbox 3311 4825 3443 4898; x_wconf 92' lang='lat' dir='ltr'>(hoc</span> <span class='ocrx_word' id='word_1_694' title='bbox 3473 4828 3582 4893; x_wconf 88' lang='lat' dir='ltr'>est,</span> 
     </span>
    </p>
   </div>
   <div class='ocr_carea' id='block_1_97' title="bbox 153 4914 1793 4997">
    <p class='ocr_par' dir='ltr' id='par_1_97' title="bbox 153 4914 1793 4997">
     <span class='ocr_line' id='line_1_97' title="bbox 153 4914 1793 4997; baseline -0.005 -19"><span class='ocrx_word' id='word_1_695' title='bbox 153 4921 261 4978; x_wconf 83' lang='grc' dir='ltr'>καὶ</span> <span class='ocrx_word' id='word_1_696' title='bbox 294 4923 332 4990; x_wconf 90' lang='grc' dir='ltr'>ἡ</span> <span class='ocrx_word' id='word_1_697' title='bbox 366 4925 464 4976; x_wconf 87' lang='grc' dir='ltr'>τοῦ</span> <span class='ocrx_word' id='word_1_698' title='bbox 494 4920 658 4990; x_wconf 88' lang='grc' dir='ltr'>ἡλίου</span> <span class='ocrx_word' id='word_1_699' title='bbox 709 4924 926 4997; x_wconf 80' lang='grc' dir='ltr'>σφαῖρα,</span> <span class='ocrx_word' id='word_1_700' title='bbox 958 4918 1047 4972; x_wconf 81' lang='grc' dir='ltr'>καὶ</span> <span class='ocrx_word' id='word_1_701' title='bbox 1079 4921 1114 4987; x_wconf 87' lang='grc' dir='ltr'>ἡ</span> <span class='ocrx_word' id='word_1_702' title='bbox 1145 4925 1245 4986; x_wconf 83' lang='grc' dir='ltr'>τῆς</span> <span class='ocrx_word' id='word_1_703' title='bbox 1303 4914 1540 4987; x_wconf 76' lang='grc' dir='ltr'>σελήνης</span> <span class='ocrx_word' id='word_1_704' title='bbox 1596 4915 1732 4992; x_wconf 89' lang='grc' dir='ltr'>πρός</span> <span class='ocrx_word' id='word_1_705' title='bbox 1789 4939 1793 4952; x_wconf 77' lang='grc' dir='ltr'>ι</span> 
     </span>
    </p>
   </div>
   <div class='ocr_carea' id='block_1_98' title="bbox 1912 4914 3588 4997">
    <p class='ocr_par' dir='ltr' id='par_1_98' title="bbox 1947 4915 3588 4989">
     <span class='ocr_line' id='line_1_98' title="bbox 1947 4915 3588 4989; baseline -0.002 -17"><span class='ocrx_word' id='word_1_706' title='bbox 1947 4917 2174 4973; x_wconf 90' lang='lat' dir='ltr'>diversa</span> <span class='ocrx_word' id='word_1_707' title='bbox 2203 4922 2399 4972; x_wconf 88' lang='lat' dir='ltr'>centra</span> <span class='ocrx_word' id='word_1_708' title='bbox 2429 4916 2685 4989; x_wconf 84' lang='lat' dir='ltr'>habent).</span> <span class='ocrx_word' id='word_1_709' title='bbox 2719 4917 2835 4972; x_wconf 89' lang='lat' dir='ltr'>Hac</span> <span class='ocrx_word' id='word_1_710' title='bbox 2865 4917 3106 4987; x_wconf 88' lang='lat' dir='ltr'>proinde</span> <span class='ocrx_word' id='word_1_711' title='bbox 3136 4915 3359 4970; x_wconf 87' lang='lat' dir='ltr'>ratione</span> <span class='ocrx_word' id='word_1_712' title='bbox 3403 4918 3460 4968; x_wconf 91' lang='lat' dir='ltr'>et</span> <span class='ocrx_word' id='word_1_713' title='bbox 3487 4930 3588 4969; x_wconf 88' lang='lat' dir='ltr'>so-</span> 
     </span>
    </p>
   </div>
   <div class='ocr_carea' id='block_1_99' title="bbox 156 5003 1793 5085">
    <p class='ocr_par' dir='ltr' id='par_1_99' title="bbox 156 5003 1793 5085">
     <span class='ocr_line' id='line_1_99' title="bbox 156 5003 1793 5085; baseline -0.005 -19"><span class='ocrx_word' id='word_1_714' title='bbox 156 5008 442 5081; x_wconf 75' lang='grc' dir='ltr'>ἀλλήλας</span> <span class='ocrx_word' id='word_1_715' title='bbox 466 5009 555 5064; x_wconf 87' lang='grc' dir='ltr'>καὶ</span> <span class='ocrx_word' id='word_1_716' title='bbox 587 5008 723 5085; x_wconf 87' lang='grc' dir='ltr'>πρὸς</span> <span class='ocrx_word' id='word_1_717' title='bbox 753 5009 852 5077; x_wconf 82' lang='grc' dir='ltr'>τὴν</span> <span class='ocrx_word' id='word_1_718' title='bbox 887 5005 1146 5062; x_wconf 77' lang='grc' dir='ltr'>δοκοῦσαν</span> <span class='ocrx_word' id='word_1_719' title='bbox 1180 5006 1270 5061; x_wconf 83' lang='grc' dir='ltr'>καὶ</span> <span class='ocrx_word' id='word_1_720' title='bbox 1302 5004 1606 5080; x_wconf 86' lang='grc' dir='ltr'>λεγομένην</span> <span class='ocrx_word' id='word_1_721' title='bbox 1664 5003 1793 5059; x_wconf 74' lang='grc' dir='ltr'>ἀπλε</span> 
     </span>
    </p>
   </div>
   <div class='ocr_carea' id='block_1_100' title="bbox 1912 5003 3589 5085">
    <p class='ocr_par' dir='ltr' id='par_1_100' title="bbox 1948 5003 3589 5076">
     <span class='ocr_line' id='line_1_100' title="bbox 1948 5003 3589 5076; baseline -0.001 -17"><span class='ocrx_word' id='word_1_722' title='bbox 1948 5005 2021 5061; x_wconf 88' lang='lat' dir='ltr'>lis</span> <span class='ocrx_word' id='word_1_723' title='bbox 2052 5011 2108 5061; x_wconf 92' lang='lat' dir='ltr'>et</span> <span class='ocrx_word' id='word_1_724' title='bbox 2136 5004 2289 5060; x_wconf 59' lang='lat' dir='ltr'>lunae</span> <span class='ocrx_word' id='word_1_725' title='bbox 2322 5006 2563 5076; x_wconf 61' lang='lat' dir='ltr'>spherae</span> <span class='ocrx_word' id='word_1_726' title='bbox 2591 5007 2656 5076; x_wconf 77' lang='lat'>77,</span> <span class='ocrx_word' id='word_1_727' title='bbox 2687 5009 2744 5061; x_wconf 91' lang='lat' dir='ltr'>et</span> <span class='ocrx_word' id='word_1_728' title='bbox 2773 5006 2845 5061; x_wconf 87' lang='lat' dir='ltr'>ad</span> <span class='ocrx_word' id='word_1_729' title='bbox 2876 5023 2938 5061; x_wconf 91' lang='lat' dir='ltr'>se</span> <span class='ocrx_word' id='word_1_730' title='bbox 2966 5005 3213 5060; x_wconf 90' lang='lat' dir='ltr'>invicem</span> <span class='ocrx_word' id='word_1_731' title='bbox 3245 5008 3302 5058; x_wconf 90' lang='lat' dir='ltr'>et</span> <span class='ocrx_word' id='word_1_732' title='bbox 3340 5003 3410 5058; x_wconf 89' lang='lat' dir='ltr'>ad</span> <span class='ocrx_word' id='word_1_733' title='bbox 3459 5017 3589 5058; x_wconf 87' lang='lat' dir='ltr'>eam</span> 
     </span>
    </p>
   </div>
   <div class='ocr_carea' id='block_1_101' title="bbox 157 5093 1793 5173">
    <p class='ocr_par' dir='ltr' id='par_1_101' title="bbox 157 5093 1793 5173">
     <span class='ocr_line' id='line_1_101' title="bbox 157 5093 1793 5173; baseline -0.006 -19"><span class='ocrx_word' id='word_1_734' title='bbox 157 5106 239 5169; x_wconf 81' lang='grc' dir='ltr'>νῆ</span> <span class='ocrx_word' id='word_1_735' title='bbox 321 5097 686 5173; x_wconf 80' lang='grc' dir='ltr'>τυγχάνουσιν</span> <span class='ocrx_word' id='word_1_736' title='bbox 771 5093 1062 5169; x_wconf 80' lang='grc' dir='ltr'>ἔκκεντροι.</span> <span class='ocrx_word' id='word_1_737' title='bbox 1124 5093 1464 5169; x_wconf 82' lang='grc' dir='ltr'>Διῃρημένου</span> <span class='ocrx_word' id='word_1_738' title='bbox 1537 5096 1665 5169; x_wconf 85' lang='grc' dir='ltr'>γοῦν</span> <span class='ocrx_word' id='word_1_739' title='bbox 1743 5113 1793 5146; x_wconf 79' lang='grc' dir='ltr'>τι</span> 
     </span>
    </p>
   </div>
   <div class='ocr_carea' id='block_1_102' title="bbox 1912 5093 3591 5173">
    <p class='ocr_par' dir='ltr' id='par_1_102' title="bbox 1951 5094 3591 5165">
     <span class='ocr_line' id='line_1_102' title="bbox 1951 5094 3591 5165; baseline -0.002 -17"><span class='ocrx_word' id='word_1_740' title='bbox 1951 5111 2077 5164; x_wconf 76' lang='lat' dir='ltr'>quas</span> <span class='ocrx_word' id='word_1_741' title='bbox 2108 5094 2336 5149; x_wconf 86' lang='lat' dir='ltr'>videtur</span> <span class='ocrx_word' id='word_1_742' title='bbox 2366 5098 2542 5165; x_wconf 89' lang='lat' dir='ltr'>atque</span> <span class='ocrx_word' id='word_1_743' title='bbox 2589 5094 2803 5150; x_wconf 89' lang='lat' dir='ltr'>dicitur</span> <span class='ocrx_word' id='word_1_744' title='bbox 2857 5094 3146 5161; x_wconf 88' lang='lat' dir='ltr'>inerrans,</span> <span class='ocrx_word' id='word_1_745' title='bbox 3198 5094 3340 5148; x_wconf 88' lang='lat' dir='ltr'>sunt</span> <span class='ocrx_word' id='word_1_746' title='bbox 3389 5106 3591 5146; x_wconf 88' lang='lat' dir='ltr'>eccen-</span> 
     </span>
    </p>
   </div>
   <div class='ocr_carea' id='block_1_103' title="bbox 161 5178 1793 5257">
    <p class='ocr_par' dir='ltr' id='par_1_103' title="bbox 161 5178 1786 5257">
     <span class='ocr_line' id='line_1_103' title="bbox 161 5178 1786 5257; baseline -0.004 -17"><span class='ocrx_word' id='word_1_747' title='bbox 161 5183 463 5257; x_wconf 81' lang='grc' dir='ltr'>ζωδιακοῦ</span> <span class='ocrx_word' id='word_1_748' title='bbox 522 5184 599 5247; x_wconf 76' lang='grc' dir='ltr'>εἷς</span> <span class='ocrx_word' id='word_1_749' title='bbox 659 5180 746 5238; x_wconf 78' lang='grc' dir='ltr'>ί¹σα</span> <span class='ocrx_word' id='word_1_750' title='bbox 797 5181 1006 5238; x_wconf 78' lang='grc' dir='ltr'>δώδεκα</span> <span class='ocrx_word' id='word_1_751' title='bbox 1058 5185 1323 5256; x_wconf 79' lang='grc' dir='ltr'>τμήματα</span> <span class='ocrx_word' id='word_1_752' title='bbox 1370 5180 1461 5236; x_wconf 89' lang='grc' dir='ltr'>καὶ</span> <span class='ocrx_word' id='word_1_753' title='bbox 1512 5178 1786 5256; x_wconf 85' lang='grc' dir='ltr'>συνδιαιρο</span> 
     </span>
    </p>
   </div>
   <div class='ocr_carea' id='block_1_104' title="bbox 1912 5178 3593 5257">
    <p class='ocr_par' dir='ltr' id='par_1_104' title="bbox 1952 5178 3593 5253">
     <span class='ocr_line' id='line_1_104' title="bbox 1952 5178 3593 5253; baseline -0.002 -17"><span class='ocrx_word' id='word_1_754' title='bbox 1952 5182 2131 5236; x_wconf 71' lang='lat' dir='ltr'>tricas.</span> <span class='ocrx_word' id='word_1_755' title='bbox 2165 5182 2223 5236; x_wconf 90' lang='lat' dir='ltr'>Si</span> <span class='ocrx_word' id='word_1_756' title='bbox 2255 5182 2431 5253; x_wconf 90' lang='lat' dir='ltr'>enim,</span> <span class='ocrx_word' id='word_1_757' title='bbox 2458 5183 2701 5237; x_wconf 84' lang='lat' dir='ltr'>Zodiaco</span> <span class='ocrx_word' id='word_1_758' title='bbox 2732 5183 2791 5236; x_wconf 91' lang='lat' dir='ltr'>in</span> <span class='ocrx_word' id='word_1_759' title='bbox 2823 5182 3130 5238; x_wconf 91' lang='lat' dir='ltr'>duodecim</span> <span class='ocrx_word' id='word_1_760' title='bbox 3173 5178 3420 5252; x_wconf 69' lang='lat' dir='ltr'>aequalia</span> <span class='ocrx_word' id='word_1_761' title='bbox 3465 5195 3593 5250; x_wconf 89' lang='lat' dir='ltr'>seg-</span> 
     </span>
    </p>
   </div>
   <div class='ocr_carea' id='block_1_105' title="bbox 163 5268 1793 5350">
    <p class='ocr_par' dir='ltr' id='par_1_105' title="bbox 163 5268 1793 5350">
     <span class='ocr_line' id='line_1_105' title="bbox 163 5268 1793 5350; baseline -0.005 -21"><span class='ocrx_word' id='word_1_762' title='bbox 163 5274 371 5350; x_wconf 81' lang='grc' dir='ltr'>μένων</span> <span class='ocrx_word' id='word_1_763' title='bbox 415 5273 504 5328; x_wconf 88' lang='grc' dir='ltr'>καὶ</span> <span class='ocrx_word' id='word_1_764' title='bbox 562 5277 670 5328; x_wconf 79' lang='grc' dir='ltr'>τῶν</span> <span class='ocrx_word' id='word_1_765' title='bbox 732 5271 1100 5346; x_wconf 83' lang='grc' dir='ltr'>ὑποκειμένων</span> <span class='ocrx_word' id='word_1_766' title='bbox 1159 5268 1375 5325; x_wconf 88' lang='grc' dir='ltr'>κύκλων</span> <span class='ocrx_word' id='word_1_767' title='bbox 1435 5269 1580 5342; x_wconf 86' lang='grc' dir='ltr'>αύτῷ</span> <span class='ocrx_word' id='word_1_768' title='bbox 1634 5277 1734 5339; x_wconf 78' lang='grc' dir='ltr'>τῆς</span> <span class='ocrx_word' id='word_1_769' title='bbox 1791 5292 1793 5302; x_wconf 76' lang='grc' dir='ltr'>ι</span> 
     </span>
    </p>
   </div>
   <div class='ocr_carea' id='block_1_106' title="bbox 1912 5268 3597 5350">
    <p class='ocr_par' dir='ltr' id='par_1_106' title="bbox 1958 5268 3597 5340">
     <span class='ocr_line' id='line_1_106' title="bbox 1958 5268 3597 5340; baseline -0.002 -16"><span class='ocrx_word' id='word_1_770' title='bbox 1958 5274 2157 5324; x_wconf 88' lang='lat' dir='ltr'>menta</span> <span class='ocrx_word' id='word_1_771' title='bbox 2185 5270 2390 5340; x_wconf 91' lang='lat' dir='ltr'>diviso,</span> <span class='ocrx_word' id='word_1_772' title='bbox 2424 5269 2602 5325; x_wconf 90' lang='lat' dir='ltr'>simul</span> <span class='ocrx_word' id='word_1_773' title='bbox 2633 5271 2806 5326; x_wconf 87' lang='lat' dir='ltr'>etiam</span> <span class='ocrx_word' id='word_1_774' title='bbox 2839 5270 3041 5326; x_wconf 92' lang='lat' dir='ltr'>circuli</span> <span class='ocrx_word' id='word_1_775' title='bbox 3071 5286 3205 5326; x_wconf 90' lang='lat' dir='ltr'>cum</span> <span class='ocrx_word' id='word_1_776' title='bbox 3234 5268 3441 5324; x_wconf 87' lang='lat' dir='ltr'>solaris</span> <span class='ocrx_word' id='word_1_777' title='bbox 3471 5271 3597 5322; x_wconf 86' lang='lat' dir='ltr'>tum</span> 
     </span>
    </p>
   </div>
   <div class='ocr_carea' id='block_1_107' title="bbox 161 5354 1793 5441">
    <p class='ocr_par' dir='ltr' id='par_1_107' title="bbox 161 5354 1793 5441">
     <span class='ocr_line' id='line_1_107' title="bbox 161 5354 1793 5441; baseline -0.004 -24"><span class='ocrx_word' id='word_1_778' title='bbox 161 5361 437 5434; x_wconf 78' lang='grc' dir='ltr'>ἡλιακῆς</span> <span class='ocrx_word' id='word_1_779' title='bbox 471 5361 699 5441; x_wconf 88' lang='grc' dir='ltr'>σφαίρας</span> <span class='ocrx_word' id='word_1_780' title='bbox 730 5361 818 5416; x_wconf 84' lang='grc' dir='ltr'>καὶ</span> <span class='ocrx_word' id='word_1_781' title='bbox 850 5367 949 5431; x_wconf 83' lang='grc' dir='ltr'>τῆς</span> <span class='ocrx_word' id='word_1_782' title='bbox 981 5359 1308 5430; x_wconf 72' lang='grc' dir='ltr'>σεληνιακῆς</span> <span class='ocrx_word' id='word_1_783' title='bbox 1362 5356 1569 5413; x_wconf 78' lang='grc' dir='ltr'>ἔσονται</span> <span class='ocrx_word' id='word_1_784' title='bbox 1627 5360 1693 5412; x_wconf 75' lang='grc' dir='ltr'>τὰ</span> <span class='ocrx_word' id='word_1_785' title='bbox 1749 5354 1793 5411; x_wconf 79' lang='grc' dir='ltr'>δι</span> 
     </span>
    </p>
   </div>
   <div class='ocr_carea' id='block_1_108' title="bbox 1912 5354 3582 5441">
    <p class='ocr_par' dir='ltr' id='par_1_108' title="bbox 1958 5356 3582 5431">
     <span class='ocr_line' id='line_1_108' title="bbox 1958 5356 3582 5431; baseline -0.004 -18"><span class='ocrx_word' id='word_1_786' title='bbox 1958 5357 2182 5414; x_wconf 88' lang='lat' dir='ltr'>lunaris</span> <span class='ocrx_word' id='word_1_787' title='bbox 2235 5359 2470 5431; x_wconf 66' lang='lat' dir='ltr'>sphaerae</span> <span class='ocrx_word' id='word_1_788' title='bbox 2527 5359 2640 5431; x_wconf 91' lang='lat' dir='ltr'>ipsi</span> <span class='ocrx_word' id='word_1_789' title='bbox 2699 5359 2947 5430; x_wconf 88' lang='lat' dir='ltr'>subjecti</span> <span class='ocrx_word' id='word_1_790' title='bbox 2997 5357 3176 5415; x_wconf 84' lang='lat' dir='ltr'>simul</span> <span class='ocrx_word' id='word_1_791' title='bbox 3242 5356 3582 5413; x_wconf 86' lang='lat' dir='ltr'>dividantur</span> 
     </span>
    </p>
   </div>
   <div class='ocr_carea' id='block_1_109' title="bbox 249 5621 3610 5711">
    <p class='ocr_par' dir='ltr' id='par_1_109' title="bbox 249 5621 3610 5711">
     <span class='ocr_line' id='line_1_109' title="bbox 249 5621 3610 5711; baseline -0.003 -26"><span class='ocrx_word' id='word_1_792' title='bbox 249 5631 310 5665; x_wconf 77' lang='grc'><strong>⁶⁴</strong></span> <span class='ocrx_word' id='word_1_793' title='bbox 342 5631 491 5688; x_wconf 88' lang='lat' dir='ltr'>Vide</span> <span class='ocrx_word' id='word_1_794' title='bbox 521 5631 913 5711; x_wconf 80' lang='lat' dir='ltr'>Purbachium</span> <span class='ocrx_word' id='word_1_795' title='bbox 945 5627 1420 5711; x_wconf 69' lang='lat' dir='ltr'>depassionibus</span> <span class='ocrx_word' id='word_1_796' title='bbox 1455 5629 1850 5711; x_wconf 78' lang='lat' dir='ltr'>planetarum,</span> <span class='ocrx_word' id='word_1_797' title='bbox 1879 5627 1980 5682; x_wconf 88' lang='lat' dir='ltr'>ubi</span> <span class='ocrx_word' id='word_1_798' title='bbox 2011 5626 2366 5711; x_wconf 36' lang='lat' dir='ltr'>iti‘denltres</span> <span class='ocrx_word' id='word_1_799' title='bbox 2398 5631 2605 5711; x_wconf 65' lang='lat' dir='ltr'>causas</span> <span class='ocrx_word' id='word_1_800' title='bbox 2636 5628 2814 5711; x_wconf 56' lang='lat' dir='ltr'>affert</span> <span class='ocrx_word' id='word_1_801' title='bbox 2833 5646 2936 5684; x_wconf 91' lang='lat' dir='ltr'>cur</span> <span class='ocrx_word' id='word_1_802' title='bbox 2975 5621 3610 5711; x_wconf 56' lang='lat' dir='ltr'>post_conjunctionem</span> 
     </span>
    </p>
   </div>
   <div class='ocr_carea' id='block_1_110' title="bbox 173 5695 3611 5774">
    <p class='ocr_par' dir='ltr' id='par_1_110' title="bbox 173 5695 3611 5774">
     <span class='ocr_line' id='line_1_110' title="bbox 173 5695 3611 5774; baseline -0.003 -15"><span class='ocrx_word' id='word_1_803' title='bbox 173 5719 384 5759; x_wconf 83' lang='lat' dir='ltr'>suam</span> <span class='ocrx_word' id='word_1_804' title='bbox 415 5719 548 5758; x_wconf 90' lang='lat' dir='ltr'>cum</span> <span class='ocrx_word' id='word_1_805' title='bbox 575 5705 928 5774; x_wconf 88' lang='lat' dir='ltr'>quandoque</span> <span class='ocrx_word' id='word_1_806' title='bbox 957 5695 1149 5774; x_wconf 72' lang='lat' dir='ltr'>citius,</span> <span class='ocrx_word' id='word_1_807' title='bbox 1183 5695 1539 5774; x_wconf 73' lang='lat' dir='ltr'>quandoque</span> <span class='ocrx_word' id='word_1_808' title='bbox 1564 5698 1790 5774; x_wconf 74' lang='lat' dir='ltr'>tardius</span> <span class='ocrx_word' id='word_1_809' title='bbox 1820 5703 2115 5774; x_wconf 71' lang='lat' dir='ltr'>appareat.</span> <span class='ocrx_word' id='word_1_810' title='bbox 2191 5698 2236 5732; x_wconf 73' lang='grc'>⁷⁵</span> <span class='ocrx_word' id='word_1_811' title='bbox 2261 5697 2430 5774; x_wconf 57' lang='lat' dir='ltr'>Joan,</span> <span class='ocrx_word' id='word_1_812' title='bbox 2472 5699 2543 5774; x_wconf 81' lang='lat' dir='ltr'>de</span> <span class='ocrx_word' id='word_1_813' title='bbox 2570 5695 2994 5774; x_wconf 52' lang='lat' dir='ltr'>SacroBusto;</span> <span class='ocrx_word' id='word_1_814' title='bbox 3010 5705 3170 5773; x_wconf 88' lang='lat' dir='ltr'>parte</span> <span class='ocrx_word' id='word_1_815' title='bbox 3217 5698 3400 5774; x_wconf 65' lang='lat' dir='ltr'>altera</span> <span class='ocrx_word' id='word_1_816' title='bbox 3438 5695 3611 5774; x_wconf 85' lang='lat' dir='ltr'>Com_-</span> 
     </span>
    </p>
   </div>
   <div class='ocr_carea' id='block_1_111' title="bbox 174 5715 3613 5848">
    <p class='ocr_par' dir='ltr' id='par_1_111' title="bbox 174 5715 3613 5848">
     <span class='ocr_line' id='line_1_111' title="bbox 174 5715 3611 5774; baseline -0.004 -15"><span class='ocrx_word' id='word_1_817' title='bbox 174 5719 384 5759; x_wconf 81' lang='lat' dir='ltr'>suam</span> <span class='ocrx_word' id='word_1_818' title='bbox 415 5719 548 5758; x_wconf 90' lang='lat' dir='ltr'>cum</span> <span class='ocrx_word' id='word_1_819' title='bbox 575 5715 928 5774; x_wconf 78' lang='lat' dir='ltr'>quandoque</span> <span class='ocrx_word' id='word_1_820' title='bbox 957 5715 1149 5765; x_wconf 83' lang='lat' dir='ltr'>emus,</span> <span class='ocrx_word' id='word_1_821' title='bbox 1183 5715 1416 5770; x_wconf 79' lang='lat' dir='ltr'>quando</span> <span class='ocrx_word' id='word_1_822' title='bbox 1469 5715 1539 5754; x_wconf 92' lang='lat' dir='ltr'>ue</span> <span class='ocrx_word' id='word_1_823' title='bbox 1564 5715 1790 5754; x_wconf 66' lang='grc' dir='ltr'>ιεταιυε</span> <span class='ocrx_word' id='word_1_824' title='bbox 1820 5717 1853 5754; x_wconf 79' lang='lat'><strong>8</strong></span> <span class='ocrx_word' id='word_1_825' title='bbox 1897 5715 2115 5770; x_wconf 82' lang='lat' dir='ltr'>pareat.</span> <span class='ocrx_word' id='word_1_826' title='bbox 2199 5715 2236 5732; x_wconf 76' lang='grc'>¹⁹</span> <span class='ocrx_word' id='word_1_827' title='bbox 2261 5715 2430 5753; x_wconf 69' lang='grc' dir='ltr'>δΟᾶΠ.</span> <span class='ocrx_word' id='word_1_828' title='bbox 2472 5715 2542 5753; x_wconf 74' lang='grc' dir='ltr'>αθ</span> <span class='ocrx_word' id='word_1_829' title='bbox 2570 5715 2743 5755; x_wconf 64' lang='grc' dir='ltr'>ῧᾶϐΐο</span> <span class='ocrx_word' id='word_1_830' title='bbox 2776 5715 2976 5768; x_wconf 80' lang='lat' dir='ltr'>busto,</span> <span class='ocrx_word' id='word_1_831' title='bbox 3010 5715 3170 5773; x_wconf 80' lang='lat' dir='ltr'>parte</span> <span class='ocrx_word' id='word_1_832' title='bbox 3217 5715 3400 5753; x_wconf 74' lang='lat' dir='ltr'>altera</span> <span class='ocrx_word' id='word_1_833' title='bbox 3438 5715 3611 5748; x_wconf 72' lang='lat' dir='ltr'>U011]-</span> 
     </span>
     <span class='ocr_line' id='line_1_112' title="bbox 174 5715 3613 5848; baseline -0.003 -18"><span class='ocrx_word' id='word_1_834' title='bbox 174 5773 365 5848; x_wconf 87' lang='lat' dir='ltr'>puti.</span> <span class='ocrx_word' id='word_1_835' title='bbox 407 5845 435 5848; x_wconf 79' lang='lat'><strong><em>_</em></strong></span> <span class='ocrx_word' id='word_1_836' title='bbox 465 5775 509 5809; x_wconf 73' lang='grc'>⁷⁸</span> <span class='ocrx_word' id='word_1_837' title='bbox 534 5771 1074 5848; x_wconf 10' lang='grc' dir='ltr'>Υἱῄᾁθ-θυξῃᾱθωιᾷμη</span> <span class='ocrx_word' id='word_1_838' title='bbox 1102 5771 1386 5844; x_wconf 82' lang='lat' dir='ltr'>Computa</span> <span class='ocrx_word' id='word_1_839' title='bbox 1423 5715 1496 5827; x_wconf 64' lang='lat' dir='ltr'>ge</span> <span class='ocrx_word' id='word_1_840' title='bbox 1525 5770 1830 5829; x_wconf 86' lang='lat' dir='ltr'>mensibus</span> <span class='ocrx_word' id='word_1_841' title='bbox 1856 5716 2186 5839; x_wconf 64' lang='lat' dir='ltr'>funeribus,</span> <span class='ocrx_word' id='word_1_842' title='bbox 2219 5774 2276 5826; x_wconf 89' lang='lat' dir='ltr'>et</span> <span class='ocrx_word' id='word_1_843' title='bbox 2304 5767 2452 5826; x_wconf 90' lang='lat' dir='ltr'>Phil.</span> <span class='ocrx_word' id='word_1_844' title='bbox 2482 5769 2658 5844; x_wconf 80' lang='lat' dir='ltr'>Phys.</span> <span class='ocrx_word' id='word_1_845' title='bbox 2706 5770 2807 5829; x_wconf 91' lang='lat' dir='ltr'>lib.</span> <span class='ocrx_word' id='word_1_846' title='bbox 2843 5791 2880 5842; x_wconf 85' lang='grc' dir='ltr'>ι,</span> <span class='ocrx_word' id='word_1_847' title='bbox 2931 5789 2987 5847; x_wconf 91' lang='lat' dir='ltr'>p.</span> <span class='ocrx_word' id='word_1_848' title='bbox 3039 5774 3164 5828; x_wconf 85' lang='lat'>226.</span> <span class='ocrx_word' id='word_1_849' title='bbox 3258 5769 3300 5804; x_wconf 74' lang='grc'>⁷⁷</span> <span class='ocrx_word' id='word_1_850' title='bbox 3332 5765 3613 5827; x_wconf 84' lang='lat' dir='ltr'>Cleom.l.</span> 
     </span>
    </p>
   </div>
   <div class='ocr_carea' id='block_1_112' title="bbox 189 5842 1158 5922">
    <p class='ocr_par' dir='ltr' id='par_1_112' title="bbox 189 5842 1158 5922">
     <span class='ocr_line' id='line_1_113' title="bbox 189 5842 1158 5922; baseline -0.002 -16"><span class='ocrx_word' id='word_1_851' title='bbox 189 5842 270 5921; x_wconf 76' lang='lat' dir='ltr'>i1,</span> <span class='ocrx_word' id='word_1_852' title='bbox 312 5861 372 5906; x_wconf 81' lang='grc' dir='ltr'>ο.</span> <span class='ocrx_word' id='word_1_853' title='bbox 403 5845 476 5919; x_wconf 85' lang='grc'><strong>5;</strong></span> <span class='ocrx_word' id='word_1_854' title='bbox 507 5845 660 5904; x_wconf 90' lang='lat' dir='ltr'>Phil.</span> <span class='ocrx_word' id='word_1_855' title='bbox 690 5845 751 5904; x_wconf 89' lang='lat' dir='ltr'>in</span> <span class='ocrx_word' id='word_1_856' title='bbox 780 5845 951 5922; x_wconf 77' lang='lat' dir='ltr'>Phys.</span> <span class='ocrx_word' id='word_1_857' title='bbox 982 5842 1085 5901; x_wconf 88' lang='lat' dir='ltr'>lib.</span> <span class='ocrx_word' id='word_1_858' title='bbox 1119 5858 1158 5904; x_wconf 72' lang='grc' dir='ltr'>ι.</span> 
     </span>
    </p>
   </div>
  </div>
