  <div class='ocr_page' id='page_1' title='image "/cluster/home/n/w/nwhite01/storage/ocr_20150623/142/mdp.39015078384792/639.png"; bbox 0 0 3988 6466; ppageno 0'>
   <div class='ocr_carea' id='block_1_1' title="bbox 369 453 525 512">
    <p class='ocr_par' dir='ltr' id='par_1_1' title="bbox 369 453 525 512">
     <span class='ocr_line' id='line_1_1' title="bbox 369 453 525 512; baseline 0.006 -1"><span class='ocrx_word' id='word_1_1' title='bbox 369 453 525 512; x_wconf 69' lang='lat'>1263</span> 
     </span>
    </p>
   </div>
   <div class='ocr_carea' id='block_1_2' title="bbox 1613 450 2522 514">
    <p class='ocr_par' dir='ltr' id='par_1_2' title="bbox 1613 450 2522 514">
     <span class='ocr_line' id='line_1_2' title="bbox 1613 450 2522 514; baseline 0 -2"><span class='ocrx_word' id='word_1_2' title='bbox 1613 450 2038 512; x_wconf 81' lang='lat' dir='ltr'>NICEPHORI</span> <span class='ocrx_word' id='word_1_3' title='bbox 2083 450 2522 514; x_wconf 68' lang='lat' dir='ltr'>BLEMMIDIE</span> 
     </span>
    </p>
   </div>
   <div class='ocr_carea' id='block_1_3' title="bbox 3618 456 3767 517">
    <p class='ocr_par' dir='ltr' id='par_1_3' title="bbox 3618 456 3767 517">
     <span class='ocr_line' id='line_1_3' title="bbox 3618 456 3767 517; baseline 0 -3"><span class='ocrx_word' id='word_1_4' title='bbox 3618 456 3767 517; x_wconf 69' lang='grc'>1264</span> 
     </span>
    </p>
   </div>
   <div class='ocr_carea' id='block_1_4' title="bbox 365 579 2008 658">
    <p class='ocr_par' dir='ltr' id='par_1_4' title="bbox 365 581 2002 655">
     <span class='ocr_line' id='line_1_4' title="bbox 365 581 2002 655; baseline -0.002 -15"><span class='ocrx_word' id='word_1_5' title='bbox 365 583 724 640; x_wconf 78' lang='lat' dir='ltr'>duodecimae</span> <span class='ocrx_word' id='word_1_6' title='bbox 771 582 981 638; x_wconf 92' lang='lat' dir='ltr'>horum</span> <span class='ocrx_word' id='word_1_7' title='bbox 1027 581 1380 638; x_wconf 86' lang='lat' dir='ltr'>circulorum</span> <span class='ocrx_word' id='word_1_8' title='bbox 1429 586 1622 655; x_wconf 88' lang='lat' dir='ltr'>partes</span> <span class='ocrx_word' id='word_1_9' title='bbox 1673 583 2002 650; x_wconf 83' lang='lat' dir='ltr'>necessario</span> 
     </span>
    </p>
   </div>
   <div class='ocr_carea' id='block_1_5' title="bbox 2133 579 3767 658">
    <p class='ocr_par' dir='ltr' id='par_1_5' title="bbox 2133 579 3767 658">
     <span class='ocr_line' id='line_1_5' title="bbox 2133 579 3767 658; baseline 0.004 -23"><span class='ocrx_word' id='word_1_10' title='bbox 2133 580 2488 658; x_wconf 75' lang='grc' dir='ltr'>Ξεκατημόρια</span> <span class='ocrx_word' id='word_1_11' title='bbox 2529 581 2734 637; x_wconf 88' lang='grc' dir='ltr'>τούτων</span> <span class='ocrx_word' id='word_1_12' title='bbox 2787 585 2896 637; x_wconf 79' lang='grc' dir='ltr'>τῶν</span> <span class='ocrx_word' id='word_1_13' title='bbox 2953 580 3169 638; x_wconf 87' lang='grc' dir='ltr'>κύκλων</span> <span class='ocrx_word' id='word_1_14' title='bbox 3223 579 3392 639; x_wconf 75' lang='grc' dir='ltr'>ἄνισα·</span> <span class='ocrx_word' id='word_1_15' title='bbox 3453 585 3546 640; x_wconf 85' lang='grc' dir='ltr'>καὶ</span> <span class='ocrx_word' id='word_1_16' title='bbox 3606 587 3767 658; x_wconf 83' lang='grc' dir='ltr'>μείζω</span> 
     </span>
    </p>
   </div>
   <div class='ocr_carea' id='block_1_6' title="bbox 367 670 2007 744">
    <p class='ocr_par' dir='ltr' id='par_1_6' title="bbox 367 670 2007 744">
     <span class='ocr_line' id='line_1_6' title="bbox 367 670 2007 744; baseline -0.001 -17"><span class='ocrx_word' id='word_1_17' title='bbox 367 671 686 744; x_wconf 66' lang='lat' dir='ltr'>inaequales</span> <span class='ocrx_word' id='word_1_18' title='bbox 715 675 887 727; x_wconf 91' lang='lat' dir='ltr'>erunt</span> <span class='ocrx_word' id='word_1_19' title='bbox 910 689 923 739; x_wconf 91' lang='lat'><strong>;</strong></span> <span class='ocrx_word' id='word_1_20' title='bbox 956 675 1014 728; x_wconf 90' lang='lat' dir='ltr'>et</span> <span class='ocrx_word' id='word_1_21' title='bbox 1041 670 1276 728; x_wconf 80' lang='lat' dir='ltr'>altiores</span> <span class='ocrx_word' id='word_1_22' title='bbox 1297 671 1556 744; x_wconf 88' lang='lat' dir='ltr'>quidem,</span> <span class='ocrx_word' id='word_1_23' title='bbox 1583 674 1835 744; x_wconf 80' lang='lat' dir='ltr'>majores</span> <span class='ocrx_word' id='word_1_24' title='bbox 1859 690 1873 740; x_wconf 86' lang='lat'><strong>;</strong></span> <span class='ocrx_word' id='word_1_25' title='bbox 1895 676 2007 727; x_wconf 90' lang='lat' dir='ltr'>ter-</span> 
     </span>
    </p>
   </div>
   <div class='ocr_carea' id='block_1_7' title="bbox 369 760 2012 834">
    <p class='ocr_par' dir='ltr' id='par_1_7' title="bbox 369 760 2012 834">
     <span class='ocr_line' id='line_1_7' title="bbox 369 760 2012 834; baseline -0.001 -17"><span class='ocrx_word' id='word_1_26' title='bbox 369 777 446 817; x_wconf 70' lang='lat' dir='ltr'>ra</span> <span class='ocrx_word' id='word_1_27' title='bbox 477 760 786 816; x_wconf 89' lang='lat' dir='ltr'>viciniores</span> <span class='ocrx_word' id='word_1_28' title='bbox 829 765 1023 816; x_wconf 85' lang='lat' dir='ltr'>autem</span> <span class='ocrx_word' id='word_1_29' title='bbox 1059 761 1335 816; x_wconf 85' lang='lat' dir='ltr'>minores.</span> <span class='ocrx_word' id='word_1_30' title='bbox 1374 763 1562 828; x_wconf 82' lang='lat' dir='ltr'>Quare</span> <span class='ocrx_word' id='word_1_31' title='bbox 1592 761 1880 834; x_wconf 84' lang='lat' dir='ltr'>siquidem</span> <span class='ocrx_word' id='word_1_32' title='bbox 1912 761 2012 816; x_wconf 90' lang='lat' dir='ltr'>ubi</span> 
     </span>
    </p>
   </div>
   <div class='ocr_carea' id='block_1_8' title="bbox 371 848 2012 920">
    <p class='ocr_par' dir='ltr' id='par_1_8' title="bbox 371 848 2012 920">
     <span class='ocr_line' id='line_1_8' title="bbox 371 848 2012 920; baseline 0.001 -15"><span class='ocrx_word' id='word_1_33' title='bbox 371 848 458 905; x_wconf 89' lang='lat' dir='ltr'>sol</span> <span class='ocrx_word' id='word_1_34' title='bbox 491 853 580 905; x_wconf 89' lang='lat' dir='ltr'>est</span> <span class='ocrx_word' id='word_1_35' title='bbox 609 848 802 918; x_wconf 91' lang='lat' dir='ltr'>altior,</span> <span class='ocrx_word' id='word_1_36' title='bbox 833 849 973 905; x_wconf 91' lang='lat' dir='ltr'>luna</span> <span class='ocrx_word' id='word_1_37' title='bbox 1004 854 1167 905; x_wconf 63' lang='lat' dir='ltr'>terra;</span> <span class='ocrx_word' id='word_1_38' title='bbox 1197 855 1285 906; x_wconf 89' lang='lat' dir='ltr'>est</span> <span class='ocrx_word' id='word_1_39' title='bbox 1313 850 1577 920; x_wconf 85' lang='lat' dir='ltr'>vicinior,</span> <span class='ocrx_word' id='word_1_40' title='bbox 1610 856 1667 906; x_wconf 89' lang='lat' dir='ltr'>et</span> <span class='ocrx_word' id='word_1_41' title='bbox 1691 855 1910 917; x_wconf 88' lang='lat' dir='ltr'>contra,</span> <span class='ocrx_word' id='word_1_42' title='bbox 1940 851 2012 906; x_wconf 93' lang='lat' dir='ltr'>ob</span> 
     </span>
    </p>
   </div>
   <div class='ocr_carea' id='block_1_9' title="bbox 373 937 2015 1011">
    <p class='ocr_par' dir='ltr' id='par_1_9' title="bbox 373 937 2015 1011">
     <span class='ocr_line' id='line_1_9' title="bbox 373 937 2015 1011; baseline -0.002 -17"><span class='ocrx_word' id='word_1_43' title='bbox 373 937 736 1011; x_wconf 64' lang='lat' dir='ltr'>sphararum</span> <span class='ocrx_word' id='word_1_44' title='bbox 767 937 1292 1005; x_wconf 89' lang='lat' dir='ltr'>eccentricitatem;</span> <span class='ocrx_word' id='word_1_45' title='bbox 1324 937 1645 1007; x_wconf 80' lang='lat' dir='ltr'>majoribus</span> <span class='ocrx_word' id='word_1_46' title='bbox 1664 937 1870 992; x_wconf 87' lang='lat' dir='ltr'>solaris</span> <span class='ocrx_word' id='word_1_47' title='bbox 1887 937 2015 1008; x_wconf 91' lang='lat' dir='ltr'>[cir-</span> 
     </span>
    </p>
   </div>
   <div class='ocr_carea' id='block_1_10' title="bbox 372 1025 2013 1100">
    <p class='ocr_par' dir='ltr' id='par_1_10' title="bbox 372 1025 2013 1100">
     <span class='ocr_line' id='line_1_10' title="bbox 372 1025 2013 1100; baseline -0.001 -17"><span class='ocrx_word' id='word_1_48' title='bbox 372 1025 511 1100; x_wconf 92' lang='lat' dir='ltr'>culi]</span> <span class='ocrx_word' id='word_1_49' title='bbox 541 1026 862 1100; x_wconf 88' lang='lat' dir='ltr'>segmentis</span> <span class='ocrx_word' id='word_1_50' title='bbox 895 1027 1123 1084; x_wconf 89' lang='lat' dir='ltr'>minora</span> <span class='ocrx_word' id='word_1_51' title='bbox 1153 1025 1400 1092; x_wconf 90' lang='lat' dir='ltr'>lunaris,</span> <span class='ocrx_word' id='word_1_52' title='bbox 1433 1026 1757 1082; x_wconf 87' lang='lat' dir='ltr'>minoribus</span> <span class='ocrx_word' id='word_1_53' title='bbox 1789 1027 2013 1098; x_wconf 83' lang='lat' dir='ltr'>majora</span> 
     </span>
    </p>
   </div>
   <div class='ocr_carea' id='block_1_11' title="bbox 371 1115 2009 1190">
    <p class='ocr_par' dir='ltr' id='par_1_11' title="bbox 371 1115 2009 1190">
     <span class='ocr_line' id='line_1_11' title="bbox 371 1115 2009 1190; baseline -0.001 -16"><span class='ocrx_word' id='word_1_54' title='bbox 371 1117 775 1188; x_wconf 89' lang='lat' dir='ltr'>subjicientur.</span> <span class='ocrx_word' id='word_1_55' title='bbox 840 1116 1029 1187; x_wconf 88' lang='lat' dir='ltr'>Majus</span> <span class='ocrx_word' id='word_1_56' title='bbox 1085 1121 1281 1173; x_wconf 89' lang='lat' dir='ltr'>autem</span> <span class='ocrx_word' id='word_1_57' title='bbox 1338 1115 1545 1173; x_wconf 88' lang='lat' dir='ltr'>solaris</span> <span class='ocrx_word' id='word_1_58' title='bbox 1603 1116 1826 1188; x_wconf 87' lang='lat' dir='ltr'>[circuli</span> <span class='ocrx_word' id='word_1_59' title='bbox 1875 1133 2009 1190; x_wconf 91' lang='lat' dir='ltr'>seg-</span> 
     </span>
    </p>
   </div>
   <div class='ocr_carea' id='block_1_12' title="bbox 372 1206 2012 1278">
    <p class='ocr_par' dir='ltr' id='par_1_12' title="bbox 372 1206 2012 1278">
     <span class='ocr_line' id='line_1_12' title="bbox 372 1206 2012 1278; baseline 0 -16"><span class='ocrx_word' id='word_1_60' title='bbox 372 1209 635 1262; x_wconf 88' lang='lat' dir='ltr'>mentum</span> <span class='ocrx_word' id='word_1_61' title='bbox 681 1210 791 1273; x_wconf 90' lang='lat' dir='ltr'>est,</span> <span class='ocrx_word' id='word_1_62' title='bbox 825 1206 979 1277; x_wconf 92' lang='lat' dir='ltr'>quod</span> <span class='ocrx_word' id='word_1_63' title='bbox 1029 1207 1290 1261; x_wconf 87' lang='lat' dir='ltr'>Geminis</span> <span class='ocrx_word' id='word_1_64' title='bbox 1337 1206 1668 1277; x_wconf 87' lang='lat' dir='ltr'>subjectum</span> <span class='ocrx_word' id='word_1_65' title='bbox 1716 1211 1838 1274; x_wconf 89' lang='lat' dir='ltr'>est;</span> <span class='ocrx_word' id='word_1_66' title='bbox 1871 1208 2012 1278; x_wconf 85' lang='lat' dir='ltr'>quia</span> 
     </span>
    </p>
   </div>
   <div class='ocr_carea' id='block_1_13' title="bbox 370 1293 2014 1352">
    <p class='ocr_par' dir='ltr' id='par_1_13' title="bbox 370 1293 2014 1352">
     <span class='ocr_line' id='line_1_13' title="bbox 370 1293 2014 1352; baseline -0.001 -1"><span class='ocrx_word' id='word_1_67' title='bbox 370 1294 548 1351; x_wconf 90' lang='lat' dir='ltr'>etiam</span> <span class='ocrx_word' id='word_1_68' title='bbox 595 1299 686 1351; x_wconf 88' lang='lat' dir='ltr'>est</span> <span class='ocrx_word' id='word_1_69' title='bbox 724 1293 1060 1352; x_wconf 87' lang='lat' dir='ltr'>sublimius.</span> <span class='ocrx_word' id='word_1_70' title='bbox 1095 1295 1190 1351; x_wconf 86' lang='lat' dir='ltr'>Sic</span> <span class='ocrx_word' id='word_1_71' title='bbox 1237 1294 1396 1350; x_wconf 90' lang='lat' dir='ltr'>enim</span> <span class='ocrx_word' id='word_1_72' title='bbox 1441 1299 1497 1350; x_wconf 87' lang='lat' dir='ltr'>et</span> <span class='ocrx_word' id='word_1_73' title='bbox 1543 1296 1615 1350; x_wconf 93' lang='lat' dir='ltr'>ab</span> <span class='ocrx_word' id='word_1_74' title='bbox 1661 1294 2014 1350; x_wconf 78' lang='lat' dir='ltr'>astronomia</span> 
     </span>
    </p>
   </div>
   <div class='ocr_carea' id='block_1_14' title="bbox 370 1383 2014 1456">
    <p class='ocr_par' dir='ltr' id='par_1_14' title="bbox 370 1383 2014 1456">
     <span class='ocr_line' id='line_1_14' title="bbox 370 1383 2014 1456; baseline -0.001 -16"><span class='ocrx_word' id='word_1_75' title='bbox 370 1383 743 1440; x_wconf 87' lang='lat' dir='ltr'>observatum</span> <span class='ocrx_word' id='word_1_76' title='bbox 773 1389 880 1439; x_wconf 90' lang='lat' dir='ltr'>est.</span> <span class='ocrx_word' id='word_1_77' title='bbox 914 1384 1076 1448; x_wconf 87' lang='lat' dir='ltr'>Quod</span> <span class='ocrx_word' id='word_1_78' title='bbox 1116 1388 1312 1440; x_wconf 86' lang='lat' dir='ltr'>autem</span> <span class='ocrx_word' id='word_1_79' title='bbox 1344 1383 1656 1456; x_wconf 84' lang='lat' dir='ltr'>Sagittario</span> <span class='ocrx_word' id='word_1_80' title='bbox 1683 1384 2014 1454; x_wconf 88' lang='lat' dir='ltr'>subjectum</span> 
     </span>
    </p>
   </div>
   <div class='ocr_carea' id='block_1_15' title="bbox 367 1471 2017 1545">
    <p class='ocr_par' dir='ltr' id='par_1_15' title="bbox 367 1471 2017 1545">
     <span class='ocr_line' id='line_1_15' title="bbox 367 1471 2017 1545; baseline -0.001 -16"><span class='ocrx_word' id='word_1_81' title='bbox 367 1476 479 1544; x_wconf 89' lang='lat' dir='ltr'>est,</span> <span class='ocrx_word' id='word_1_82' title='bbox 505 1473 704 1529; x_wconf 90' lang='lat' dir='ltr'>minus</span> <span class='ocrx_word' id='word_1_83' title='bbox 735 1477 844 1541; x_wconf 86' lang='lat' dir='ltr'>est,</span> <span class='ocrx_word' id='word_1_84' title='bbox 881 1472 1019 1544; x_wconf 89' lang='lat' dir='ltr'>quia</span> <span class='ocrx_word' id='word_1_85' title='bbox 1046 1471 1356 1529; x_wconf 88' lang='lat' dir='ltr'>humilius.</span> <span class='ocrx_word' id='word_1_86' title='bbox 1390 1471 1663 1528; x_wconf 84' lang='lat' dir='ltr'>Vicissim</span> <span class='ocrx_word' id='word_1_87' title='bbox 1692 1472 1873 1545; x_wconf 87' lang='lat' dir='ltr'>igitur</span> <span class='ocrx_word' id='word_1_88' title='bbox 1899 1490 2017 1528; x_wconf 89' lang='lat' dir='ltr'>ma-</span> 
     </span>
    </p>
   </div>
   <div class='ocr_carea' id='block_1_16' title="bbox 360 1559 2006 1634">
    <p class='ocr_par' dir='ltr' id='par_1_16' title="bbox 360 1559 2006 1634">
     <span class='ocr_line' id='line_1_16' title="bbox 360 1559 2006 1634; baseline -0.001 -17"><span class='ocrx_word' id='word_1_89' title='bbox 360 1561 462 1632; x_wconf 86' lang='lat' dir='ltr'>jus</span> <span class='ocrx_word' id='word_1_90' title='bbox 492 1565 582 1618; x_wconf 88' lang='lat' dir='ltr'>est</span> <span class='ocrx_word' id='word_1_91' title='bbox 610 1563 980 1634; x_wconf 79' lang='lat' dir='ltr'>segmentum</span> <span class='ocrx_word' id='word_1_92' title='bbox 1009 1559 1236 1616; x_wconf 91' lang='lat' dir='ltr'>lunaris</span> <span class='ocrx_word' id='word_1_93' title='bbox 1268 1559 1540 1632; x_wconf 88' lang='lat' dir='ltr'>[circuli],</span> <span class='ocrx_word' id='word_1_94' title='bbox 1565 1561 1721 1632; x_wconf 93' lang='lat' dir='ltr'>quod</span> <span class='ocrx_word' id='word_1_95' title='bbox 1754 1561 2006 1633; x_wconf 87' lang='lat' dir='ltr'>Sagitta-</span> 
     </span>
    </p>
   </div>
   <div class='ocr_carea' id='block_1_17' title="bbox 365 1647 2007 1721">
    <p class='ocr_par' dir='ltr' id='par_1_17' title="bbox 365 1647 2007 1721">
     <span class='ocr_line' id='line_1_17' title="bbox 365 1647 2007 1721; baseline -0.001 -16"><span class='ocrx_word' id='word_1_96' title='bbox 365 1648 521 1705; x_wconf 89' lang='lat' dir='ltr'>rium</span> <span class='ocrx_word' id='word_1_97' title='bbox 555 1649 875 1718; x_wconf 90' lang='lat' dir='ltr'>subtendit,</span> <span class='ocrx_word' id='word_1_98' title='bbox 897 1649 1046 1706; x_wconf 71' lang='grc'>821</span> <span class='ocrx_word' id='word_1_99' title='bbox 1074 1652 1138 1704; x_wconf 91' lang='lat' dir='ltr'>ut</span> <span class='ocrx_word' id='word_1_100' title='bbox 1168 1647 1484 1705; x_wconf 90' lang='lat' dir='ltr'>sublimius</span> <span class='ocrx_word' id='word_1_101' title='bbox 1508 1665 1521 1718; x_wconf 93' lang='lat'><strong>;</strong></span> <span class='ocrx_word' id='word_1_102' title='bbox 1545 1653 1605 1704; x_wconf 88' lang='lat' dir='ltr'>at</span> <span class='ocrx_word' id='word_1_103' title='bbox 1633 1649 1787 1721; x_wconf 92' lang='lat' dir='ltr'>quod</span> <span class='ocrx_word' id='word_1_104' title='bbox 1817 1649 2007 1704; x_wconf 90' lang='lat' dir='ltr'>Gemi-</span> 
     </span>
    </p>
   </div>
   <div class='ocr_carea' id='block_1_18' title="bbox 369 1737 2011 1810">
    <p class='ocr_par' dir='ltr' id='par_1_18' title="bbox 369 1737 2011 1810">
     <span class='ocr_line' id='line_1_18' title="bbox 369 1737 2011 1810; baseline 0 -17"><span class='ocrx_word' id='word_1_105' title='bbox 369 1755 476 1796; x_wconf 85' lang='lat' dir='ltr'>nos</span> <span class='ocrx_word' id='word_1_106' title='bbox 506 1737 727 1805; x_wconf 88' lang='lat' dir='ltr'>minus,</span> <span class='ocrx_word' id='word_1_107' title='bbox 757 1742 824 1794; x_wconf 92' lang='lat' dir='ltr'>ut</span> <span class='ocrx_word' id='word_1_108' title='bbox 871 1737 1178 1794; x_wconf 88' lang='lat' dir='ltr'>humilius.</span> <span class='ocrx_word' id='word_1_109' title='bbox 1212 1738 1495 1810; x_wconf 89' lang='lat' dir='ltr'>Longiore</span> <span class='ocrx_word' id='word_1_110' title='bbox 1546 1737 1704 1793; x_wconf 91' lang='lat' dir='ltr'>enim</span> <span class='ocrx_word' id='word_1_111' title='bbox 1752 1742 2011 1810; x_wconf 88' lang='lat' dir='ltr'>tempore</span> 
     </span>
    </p>
   </div>
   <div class='ocr_carea' id='block_1_19' title="bbox 369 1826 2013 1899">
    <p class='ocr_par' dir='ltr' id='par_1_19' title="bbox 369 1826 2013 1899">
     <span class='ocr_line' id='line_1_19' title="bbox 369 1826 2013 1899; baseline -0.001 -15"><span class='ocrx_word' id='word_1_112' title='bbox 369 1826 646 1884; x_wconf 89' lang='lat' dir='ltr'>Geminos</span> <span class='ocrx_word' id='word_1_113' title='bbox 702 1827 791 1884; x_wconf 88' lang='lat' dir='ltr'>sol</span> <span class='ocrx_word' id='word_1_114' title='bbox 846 1826 1141 1897; x_wconf 86' lang='lat' dir='ltr'>transibit,</span> <span class='ocrx_word' id='word_1_115' title='bbox 1197 1827 1544 1884; x_wconf 88' lang='lat' dir='ltr'>brevissimo</span> <span class='ocrx_word' id='word_1_116' title='bbox 1609 1826 2013 1899; x_wconf 86' lang='lat' dir='ltr'>Sagittarium.</span> 
     </span>
    </p>
   </div>
   <div class='ocr_carea' id='block_1_20' title="bbox 370 1917 1123 1973">
    <p class='ocr_par' dir='ltr' id='par_1_20' title="bbox 370 1917 1123 1973">
     <span class='ocr_line' id='line_1_20' title="bbox 370 1917 1123 1973; baseline -0.003 0"><span class='ocrx_word' id='word_1_117' title='bbox 370 1917 536 1973; x_wconf 89' lang='lat' dir='ltr'>Luna</span> <span class='ocrx_word' id='word_1_118' title='bbox 564 1920 759 1972; x_wconf 91' lang='lat' dir='ltr'>autem</span> <span class='ocrx_word' id='word_1_119' title='bbox 787 1917 910 1972; x_wconf 86' lang='lat' dir='ltr'>vice</span> <span class='ocrx_word' id='word_1_120' title='bbox 936 1931 1123 1972; x_wconf 87' lang='lat' dir='ltr'>versa.</span> 
     </span>
    </p>
   </div>
   <div class='ocr_carea' id='block_1_21' title="bbox 440 2004 2009 2078">
    <p class='ocr_par' dir='ltr' id='par_1_21' title="bbox 440 2004 2009 2078">
     <span class='ocr_line' id='line_1_21' title="bbox 440 2004 2009 2078; baseline -0.003 -16"><span class='ocrx_word' id='word_1_121' title='bbox 440 2007 528 2062; x_wconf 91' lang='grc'>12.</span> <span class='ocrx_word' id='word_1_122' title='bbox 560 2006 803 2073; x_wconf 88' lang='lat' dir='ltr'>Quando</span> <span class='ocrx_word' id='word_1_123' title='bbox 832 2005 1012 2078; x_wconf 89' lang='lat' dir='ltr'>igitur</span> <span class='ocrx_word' id='word_1_124' title='bbox 1037 2005 1099 2060; x_wconf 87' lang='lat' dir='ltr'>in</span> <span class='ocrx_word' id='word_1_125' title='bbox 1130 2004 1508 2061; x_wconf 87' lang='lat' dir='ltr'>Geminorum</span> <span class='ocrx_word' id='word_1_126' title='bbox 1559 2005 1842 2077; x_wconf 90' lang='lat' dir='ltr'>principio</span> <span class='ocrx_word' id='word_1_127' title='bbox 1874 2021 2009 2060; x_wconf 90' lang='lat' dir='ltr'>con-</span> 
     </span>
    </p>
   </div>
   <div class='ocr_carea' id='block_1_22' title="bbox 361 2094 2007 2167">
    <p class='ocr_par' dir='ltr' id='par_1_22' title="bbox 361 2094 2007 2167">
     <span class='ocr_line' id='line_1_22' title="bbox 361 2094 2007 2167; baseline -0.001 -17"><span class='ocrx_word' id='word_1_128' title='bbox 361 2095 590 2167; x_wconf 91' lang='lat' dir='ltr'>junctio</span> <span class='ocrx_word' id='word_1_129' title='bbox 613 2094 806 2165; x_wconf 84' lang='lat' dir='ltr'>fuerit,</span> <span class='ocrx_word' id='word_1_130' title='bbox 821 2111 956 2150; x_wconf 92' lang='lat' dir='ltr'>cum</span> <span class='ocrx_word' id='word_1_131' title='bbox 976 2094 1072 2149; x_wconf 86' lang='lat' dir='ltr'>hic</span> <span class='ocrx_word' id='word_1_132' title='bbox 1087 2094 1228 2150; x_wconf 87' lang='lat' dir='ltr'>luna</span> <span class='ocrx_word' id='word_1_133' title='bbox 1244 2099 1409 2150; x_wconf 66' lang='lat' dir='ltr'>terra:</span> <span class='ocrx_word' id='word_1_134' title='bbox 1430 2094 1674 2150; x_wconf 90' lang='lat' dir='ltr'>vicinior</span> <span class='ocrx_word' id='word_1_135' title='bbox 1686 2098 2007 2161; x_wconf 90' lang='lat' dir='ltr'>moveatur,</span> 
     </span>
    </p>
   </div>
   <div class='ocr_carea' id='block_1_23' title="bbox 367 2182 2008 2251">
    <p class='ocr_par' dir='ltr' id='par_1_23' title="bbox 367 2182 2008 2251">
     <span class='ocr_line' id='line_1_23' title="bbox 367 2182 2008 2251; baseline -0.002 -11"><span class='ocrx_word' id='word_1_136' title='bbox 367 2183 456 2240; x_wconf 93' lang='lat' dir='ltr'>sol</span> <span class='ocrx_word' id='word_1_137' title='bbox 487 2188 683 2240; x_wconf 91' lang='lat' dir='ltr'>autem</span> <span class='ocrx_word' id='word_1_138' title='bbox 708 2182 990 2239; x_wconf 84' lang='lat' dir='ltr'>excelsior</span> <span class='ocrx_word' id='word_1_139' title='bbox 1017 2184 1116 2251; x_wconf 86' lang='lat' dir='ltr'>sit,</span> <span class='ocrx_word' id='word_1_140' title='bbox 1147 2183 1417 2239; x_wconf 89' lang='lat' dir='ltr'>consisus</span> <span class='ocrx_word' id='word_1_141' title='bbox 1459 2183 1559 2238; x_wconf 85' lang='lat' dir='ltr'>ﬁet</span> <span class='ocrx_word' id='word_1_142' title='bbox 1589 2183 1828 2238; x_wconf 86' lang='lat' dir='ltr'>mensis.</span> <span class='ocrx_word' id='word_1_143' title='bbox 1861 2182 2008 2238; x_wconf 90' lang='lat' dir='ltr'>Nam</span> 
     </span>
    </p>
   </div>
   <div class='ocr_carea' id='block_1_24' title="bbox 363 2270 2006 2344">
    <p class='ocr_par' dir='ltr' id='par_1_24' title="bbox 363 2270 2006 2344">
     <span class='ocr_line' id='line_1_24' title="bbox 363 2270 2006 2344; baseline -0.001 -17"><span class='ocrx_word' id='word_1_144' title='bbox 363 2270 505 2328; x_wconf 91' lang='lat' dir='ltr'>luna</span> <span class='ocrx_word' id='word_1_145' title='bbox 534 2275 666 2344; x_wconf 92' lang='lat' dir='ltr'>post</span> <span class='ocrx_word' id='word_1_146' title='bbox 694 2271 896 2327; x_wconf 91' lang='lat' dir='ltr'>circuli</span> <span class='ocrx_word' id='word_1_147' title='bbox 927 2271 1146 2343; x_wconf 90' lang='lat' dir='ltr'>proprii</span> <span class='ocrx_word' id='word_1_148' title='bbox 1176 2271 1663 2343; x_wconf 85' lang='lat' dir='ltr'>peragrationem,</span> <span class='ocrx_word' id='word_1_149' title='bbox 1697 2275 1754 2326; x_wconf 89' lang='lat' dir='ltr'>et</span> <span class='ocrx_word' id='word_1_150' title='bbox 1805 2288 1872 2327; x_wconf 83' lang='lat' dir='ltr'>ex</span> <span class='ocrx_word' id='word_1_151' title='bbox 1911 2288 2006 2326; x_wconf 92' lang='lat' dir='ltr'>eo-</span> 
     </span>
    </p>
   </div>
   <div class='ocr_carea' id='block_1_25' title="bbox 366 2359 2008 2432">
    <p class='ocr_par' dir='ltr' id='par_1_25' title="bbox 366 2359 2008 2432">
     <span class='ocr_line' id='line_1_25' title="bbox 366 2359 2008 2432; baseline 0 -16"><span class='ocrx_word' id='word_1_152' title='bbox 366 2361 501 2417; x_wconf 88' lang='lat' dir='ltr'>dem</span> <span class='ocrx_word' id='word_1_153' title='bbox 532 2361 604 2416; x_wconf 92' lang='lat' dir='ltr'>ad</span> <span class='ocrx_word' id='word_1_154' title='bbox 635 2360 790 2416; x_wconf 92' lang='lat' dir='ltr'>idem</span> <span class='ocrx_word' id='word_1_155' title='bbox 821 2364 1108 2432; x_wconf 91' lang='lat' dir='ltr'>punctum</span> <span class='ocrx_word' id='word_1_156' title='bbox 1146 2360 1556 2430; x_wconf 85' lang='lat' dir='ltr'>reversionem,</span> <span class='ocrx_word' id='word_1_157' title='bbox 1588 2359 1771 2416; x_wconf 91' lang='lat' dir='ltr'>solem</span> <span class='ocrx_word' id='word_1_158' title='bbox 1816 2360 2008 2416; x_wconf 90' lang='lat' dir='ltr'>adhuc</span> 
     </span>
    </p>
   </div>
   <div class='ocr_carea' id='block_1_26' title="bbox 366 2448 2004 2520">
    <p class='ocr_par' dir='ltr' id='par_1_26' title="bbox 366 2448 2004 2520">
     <span class='ocr_line' id='line_1_26' title="bbox 366 2448 2004 2520; baseline 0 -16"><span class='ocrx_word' id='word_1_159' title='bbox 366 2448 426 2506; x_wconf 89' lang='lat' dir='ltr'>in</span> <span class='ocrx_word' id='word_1_160' title='bbox 457 2449 717 2505; x_wconf 87' lang='lat' dir='ltr'>Geminis</span> <span class='ocrx_word' id='word_1_161' title='bbox 762 2448 854 2503; x_wconf 87' lang='lat' dir='ltr'>vel</span> <span class='ocrx_word' id='word_1_162' title='bbox 901 2449 1096 2520; x_wconf 88' lang='lat' dir='ltr'>potius</span> <span class='ocrx_word' id='word_1_163' title='bbox 1145 2448 1254 2504; x_wconf 89' lang='lat' dir='ltr'>sub</span> <span class='ocrx_word' id='word_1_164' title='bbox 1308 2448 1567 2504; x_wconf 89' lang='lat' dir='ltr'>Geminis</span> <span class='ocrx_word' id='word_1_165' title='bbox 1598 2449 2004 2520; x_wconf 88' lang='lat' dir='ltr'>apprehendit,</span> 
     </span>
    </p>
   </div>
   <div class='ocr_carea' id='block_1_27' title="bbox 366 2537 2007 2610">
    <p class='ocr_par' dir='ltr' id='par_1_27' title="bbox 366 2537 2007 2610">
     <span class='ocr_line' id='line_1_27' title="bbox 366 2537 2007 2610; baseline 0.001 -18"><span class='ocrx_word' id='word_1_166' title='bbox 366 2537 468 2610; x_wconf 92' lang='lat' dir='ltr'>qui</span> <span class='ocrx_word' id='word_1_167' title='bbox 515 2538 756 2610; x_wconf 88' lang='lat' dir='ltr'>triginta</span> <span class='ocrx_word' id='word_1_168' title='bbox 803 2537 1056 2605; x_wconf 89' lang='lat' dir='ltr'>duobus,</span> <span class='ocrx_word' id='word_1_169' title='bbox 1095 2541 1160 2592; x_wconf 90' lang='lat' dir='ltr'>ut</span> <span class='ocrx_word' id='word_1_170' title='bbox 1208 2537 1441 2605; x_wconf 89' lang='lat' dir='ltr'>dicitur,</span> <span class='ocrx_word' id='word_1_171' title='bbox 1475 2537 1680 2593; x_wconf 84' lang='lat' dir='ltr'>diebus</span> <span class='ocrx_word' id='word_1_172' title='bbox 1729 2537 1887 2593; x_wconf 89' lang='lat' dir='ltr'>istud</span> <span class='ocrx_word' id='word_1_173' title='bbox 1929 2538 2007 2593; x_wconf 90' lang='lat' dir='ltr'>si-</span> 
     </span>
    </p>
   </div>
   <div class='ocr_carea' id='block_1_28' title="bbox 363 2625 2008 2700">
    <p class='ocr_par' dir='ltr' id='par_1_28' title="bbox 363 2625 2008 2700">
     <span class='ocr_line' id='line_1_28' title="bbox 363 2625 2008 2700; baseline 0 -18"><span class='ocrx_word' id='word_1_174' title='bbox 363 2642 548 2700; x_wconf 87' lang='lat' dir='ltr'>gnum</span> <span class='ocrx_word' id='word_1_175' title='bbox 576 2626 790 2682; x_wconf 84' lang='lat' dir='ltr'>transit</span> <span class='ocrx_word' id='word_1_176' title='bbox 807 2627 870 2680; x_wconf 80' lang='grc'>⁷⁸.</span> <span class='ocrx_word' id='word_1_177' title='bbox 905 2625 963 2681; x_wconf 90' lang='lat' dir='ltr'>Si</span> <span class='ocrx_word' id='word_1_178' title='bbox 988 2630 1182 2682; x_wconf 90' lang='lat' dir='ltr'>autem</span> <span class='ocrx_word' id='word_1_179' title='bbox 1209 2626 1364 2681; x_wconf 89' lang='lat' dir='ltr'>circa</span> <span class='ocrx_word' id='word_1_180' title='bbox 1392 2626 1687 2698; x_wconf 85' lang='lat' dir='ltr'>Sagittarii</span> <span class='ocrx_word' id='word_1_181' title='bbox 1720 2626 2008 2698; x_wconf 88' lang='lat' dir='ltr'>principia</span> 
     </span>
    </p>
   </div>
   <div class='ocr_carea' id='block_1_29' title="bbox 365 2713 2006 2788">
    <p class='ocr_par' dir='ltr' id='par_1_29' title="bbox 365 2713 2006 2788">
     <span class='ocr_line' id='line_1_29' title="bbox 365 2713 2006 2788; baseline -0.001 -16"><span class='ocrx_word' id='word_1_182' title='bbox 365 2714 696 2787; x_wconf 88' lang='lat' dir='ltr'>conjunctio</span> <span class='ocrx_word' id='word_1_183' title='bbox 718 2715 1043 2788; x_wconf 89' lang='lat' dir='ltr'>contigerit,</span> <span class='ocrx_word' id='word_1_184' title='bbox 1067 2714 1222 2770; x_wconf 91' lang='lat' dir='ltr'>haud</span> <span class='ocrx_word' id='word_1_185' title='bbox 1244 2713 1303 2769; x_wconf 92' lang='lat' dir='ltr'>in</span> <span class='ocrx_word' id='word_1_186' title='bbox 1329 2714 1641 2787; x_wconf 89' lang='lat' dir='ltr'>Sagittario</span> <span class='ocrx_word' id='word_1_187' title='bbox 1663 2714 1801 2770; x_wconf 89' lang='lat' dir='ltr'>luna</span> <span class='ocrx_word' id='word_1_188' title='bbox 1823 2715 2006 2771; x_wconf 88' lang='lat' dir='ltr'>solem</span> 
     </span>
    </p>
   </div>
   <div class='ocr_carea' id='block_1_30' title="bbox 365 2803 2004 2877">
    <p class='ocr_par' dir='ltr' id='par_1_30' title="bbox 365 2803 2004 2877">
     <span class='ocr_line' id='line_1_30' title="bbox 365 2803 2004 2877; baseline -0.001 -16"><span class='ocrx_word' id='word_1_189' title='bbox 365 2803 760 2877; x_wconf 90' lang='lat' dir='ltr'>deprehendet</span> <span class='ocrx_word' id='word_1_190' title='bbox 787 2803 1023 2877; x_wconf 89' lang='lat' dir='ltr'>(etenim</span> <span class='ocrx_word' id='word_1_191' title='bbox 1052 2803 1262 2875; x_wconf 88' lang='lat' dir='ltr'>viginti</span> <span class='ocrx_word' id='word_1_192' title='bbox 1292 2807 1420 2858; x_wconf 91' lang='lat' dir='ltr'>octo</span> <span class='ocrx_word' id='word_1_193' title='bbox 1450 2803 1678 2874; x_wconf 87' lang='lat' dir='ltr'>diebus,</span> <span class='ocrx_word' id='word_1_194' title='bbox 1701 2808 1802 2858; x_wconf 91' lang='lat' dir='ltr'>aut</span> <span class='ocrx_word' id='word_1_195' title='bbox 1830 2804 2004 2860; x_wconf 88' lang='lat' dir='ltr'>etiam</span> 
     </span>
    </p>
   </div>
   <div class='ocr_carea' id='block_1_31' title="bbox 366 2891 2006 2966">
    <p class='ocr_par' dir='ltr' id='par_1_31' title="bbox 366 2891 2006 2966">
     <span class='ocr_line' id='line_1_31' title="bbox 366 2891 2006 2966; baseline -0.001 -15"><span class='ocrx_word' id='word_1_196' title='bbox 366 2893 539 2966; x_wconf 89' lang='lat' dir='ltr'>paulo</span> <span class='ocrx_word' id='word_1_197' title='bbox 571 2895 762 2950; x_wconf 86' lang='lat' dir='ltr'>adhuc</span> <span class='ocrx_word' id='word_1_198' title='bbox 791 2891 1049 2965; x_wconf 90' lang='lat' dir='ltr'>amplius</span> <span class='ocrx_word' id='word_1_199' title='bbox 1079 2891 1166 2948; x_wconf 91' lang='lat' dir='ltr'>sol</span> <span class='ocrx_word' id='word_1_200' title='bbox 1195 2891 1305 2948; x_wconf 92' lang='lat' dir='ltr'>hoc</span> <span class='ocrx_word' id='word_1_201' title='bbox 1333 2891 1570 2964; x_wconf 88' lang='lat' dir='ltr'>signum</span> <span class='ocrx_word' id='word_1_202' title='bbox 1614 2893 1885 2963; x_wconf 83' lang='lat' dir='ltr'>transire,</span> <span class='ocrx_word' id='word_1_203' title='bbox 1918 2893 2006 2950; x_wconf 89' lang='lat' dir='ltr'>vel</span> 
     </span>
    </p>
   </div>
   <div class='ocr_carea' id='block_1_32' title="bbox 364 2979 2006 3054">
    <p class='ocr_par' dir='ltr' id='par_1_32' title="bbox 364 2979 2006 3054">
     <span class='ocr_line' id='line_1_32' title="bbox 364 2979 2006 3054; baseline -0.001 -16"><span class='ocrx_word' id='word_1_204' title='bbox 364 2983 564 3054; x_wconf 89' lang='lat' dir='ltr'>potius</span> <span class='ocrx_word' id='word_1_205' title='bbox 593 2982 792 3038; x_wconf 89' lang='lat' dir='ltr'>subire</span> <span class='ocrx_word' id='word_1_206' title='bbox 821 2981 1088 3051; x_wconf 86' lang='lat' dir='ltr'>dicitur);</span> <span class='ocrx_word' id='word_1_207' title='bbox 1120 2980 1224 3037; x_wconf 91' lang='lat' dir='ltr'>sed</span> <span class='ocrx_word' id='word_1_208' title='bbox 1239 2979 1540 3053; x_wconf 91' lang='lat' dir='ltr'>proprium</span> <span class='ocrx_word' id='word_1_209' title='bbox 1561 2996 1801 3037; x_wconf 89' lang='lat' dir='ltr'>emensa</span> <span class='ocrx_word' id='word_1_210' title='bbox 1819 2981 2006 3037; x_wconf 91' lang='lat' dir='ltr'>circu-</span> 
     </span>
    </p>
   </div>
   <div class='ocr_carea' id='block_1_33' title="bbox 363 3069 2006 3144">
    <p class='ocr_par' dir='ltr' id='par_1_33' title="bbox 363 3069 2006 3144">
     <span class='ocr_line' id='line_1_33' title="bbox 363 3069 2006 3144; baseline 0 -18"><span class='ocrx_word' id='word_1_211' title='bbox 363 3071 508 3138; x_wconf 86' lang='lat' dir='ltr'>lum,</span> <span class='ocrx_word' id='word_1_212' title='bbox 540 3076 596 3128; x_wconf 88' lang='lat' dir='ltr'>et</span> <span class='ocrx_word' id='word_1_213' title='bbox 625 3071 697 3128; x_wconf 89' lang='lat' dir='ltr'>ad</span> <span class='ocrx_word' id='word_1_214' title='bbox 728 3070 1025 3144; x_wconf 88' lang='lat' dir='ltr'>Sagittarii</span> <span class='ocrx_word' id='word_1_215' title='bbox 1057 3069 1284 3143; x_wconf 87' lang='lat' dir='ltr'>perlata</span> <span class='ocrx_word' id='word_1_216' title='bbox 1311 3069 1696 3142; x_wconf 85' lang='lat' dir='ltr'>principium,</span> <span class='ocrx_word' id='word_1_217' title='bbox 1721 3071 1794 3126; x_wconf 90' lang='lat' dir='ltr'>ad</span> <span class='ocrx_word' id='word_1_218' title='bbox 1827 3071 2006 3126; x_wconf 84' lang='lat' dir='ltr'>ﬁnem</span> 
     </span>
    </p>
   </div>
   <div class='ocr_carea' id='block_1_34' title="bbox 360 3157 2007 3233">
    <p class='ocr_par' dir='ltr' id='par_1_34' title="bbox 360 3157 2007 3233">
     <span class='ocr_line' id='line_1_34' title="bbox 360 3157 2007 3233; baseline -0.001 -17"><span class='ocrx_word' id='word_1_219' title='bbox 360 3160 541 3232; x_wconf 89' lang='lat' dir='ltr'>hujus</span> <span class='ocrx_word' id='word_1_220' title='bbox 562 3159 716 3233; x_wconf 87' lang='lat' dir='ltr'>signi</span> <span class='ocrx_word' id='word_1_221' title='bbox 737 3159 920 3216; x_wconf 89' lang='lat' dir='ltr'>solem</span> <span class='ocrx_word' id='word_1_222' title='bbox 943 3157 1358 3232; x_wconf 86' lang='lat' dir='ltr'>apprehendit;</span> <span class='ocrx_word' id='word_1_223' title='bbox 1392 3175 1508 3230; x_wconf 88' lang='lat' dir='ltr'>quo</span> <span class='ocrx_word' id='word_1_224' title='bbox 1531 3162 1725 3214; x_wconf 89' lang='lat' dir='ltr'>autem</span> <span class='ocrx_word' id='word_1_225' title='bbox 1744 3162 2007 3231; x_wconf 87' lang='lat' dir='ltr'>tempore</span> 
     </span>
    </p>
   </div>
   <div class='ocr_carea' id='block_1_35' title="bbox 2040 1951 2088 2017">
    <p class='ocr_par' dir='ltr' id='par_1_35' title="bbox 2040 1951 2088 2017">
     <span class='ocr_line' id='line_1_35' title="bbox 2040 1951 2088 2017; baseline 0 0"><span class='ocrx_word' id='word_1_226' title='bbox 2040 1951 2088 2017; x_wconf 93' lang='lat' dir='ltr'><strong>B</strong></span> 
     </span>
    </p>
   </div>
   <div class='ocr_carea' id='block_1_36' title="bbox 2130 666 3766 751">
    <p class='ocr_par' dir='ltr' id='par_1_36' title="bbox 2130 666 3766 751">
     <span class='ocr_line' id='line_1_36' title="bbox 2130 666 3766 751; baseline 0.004 -27"><span class='ocrx_word' id='word_1_227' title='bbox 2130 671 2223 742; x_wconf 77' lang='grc' dir='ltr'>μὲν</span> <span class='ocrx_word' id='word_1_228' title='bbox 2281 671 2348 724; x_wconf 75' lang='grc' dir='ltr'>τὰ</span> <span class='ocrx_word' id='word_1_229' title='bbox 2405 666 2736 746; x_wconf 81' lang='grc' dir='ltr'>ὑψηλότερα,</span> <span class='ocrx_word' id='word_1_230' title='bbox 2772 670 2980 725; x_wconf 81' lang='grc' dir='ltr'>ἐλάττω</span> <span class='ocrx_word' id='word_1_231' title='bbox 3039 669 3095 726; x_wconf 89' lang='grc' dir='ltr'>δέ</span> <span class='ocrx_word' id='word_1_232' title='bbox 3151 694 3215 747; x_wconf 88' lang='grc' dir='ltr'>γε</span> <span class='ocrx_word' id='word_1_233' title='bbox 3269 674 3335 727; x_wconf 76' lang='grc' dir='ltr'>τὰ</span> <span class='ocrx_word' id='word_1_234' title='bbox 3365 675 3766 751; x_wconf 81' lang='grc' dir='ltr'>προσγειότερα.</span> 
     </span>
    </p>
   </div>
   <div class='ocr_carea' id='block_1_37' title="bbox 2123 755 3769 837">
    <p class='ocr_par' dir='ltr' id='par_1_37' title="bbox 2123 755 3769 837">
     <span class='ocr_line' id='line_1_37' title="bbox 2123 755 3769 837; baseline 0.004 -25"><span class='ocrx_word' id='word_1_235' title='bbox 2123 758 2310 814; x_wconf 84' lang='grc' dir='ltr'>Τοίνυν</span> <span class='ocrx_word' id='word_1_236' title='bbox 2371 759 2587 836; x_wconf 81' lang='grc' dir='ltr'>ἐπείπερ</span> <span class='ocrx_word' id='word_1_237' title='bbox 2638 755 2816 815; x_wconf 79' lang='grc' dir='ltr'>ἔνθαὺ</span> <span class='ocrx_word' id='word_1_238' title='bbox 2855 759 3018 829; x_wconf 72' lang='grc' dir='ltr'>ἥλιος</span> <span class='ocrx_word' id='word_1_239' title='bbox 3077 758 3439 837; x_wconf 85' lang='grc' dir='ltr'>ὑψηλότερος,</span> <span class='ocrx_word' id='word_1_240' title='bbox 3471 764 3508 831; x_wconf 89' lang='grc' dir='ltr'>ἡ</span> <span class='ocrx_word' id='word_1_241' title='bbox 3570 763 3769 833; x_wconf 81' lang='grc' dir='ltr'>σελήνη</span> 
     </span>
    </p>
   </div>
   <div class='ocr_carea' id='block_1_38' title="bbox 2123 844 3767 926">
    <p class='ocr_par' dir='ltr' id='par_1_38' title="bbox 2123 844 3767 926">
     <span class='ocr_line' id='line_1_38' title="bbox 2123 844 3767 926; baseline 0.004 -27"><span class='ocrx_word' id='word_1_242' title='bbox 2123 848 2528 923; x_wconf 78' lang='grc' dir='ltr'>προσγειοτέρα,</span> <span class='ocrx_word' id='word_1_243' title='bbox 2561 847 2650 902; x_wconf 78' lang='grc' dir='ltr'>καὶ</span> <span class='ocrx_word' id='word_1_244' title='bbox 2697 844 3026 921; x_wconf 69' lang='grc' dir='ltr'>τοῦμπαλιν,</span> <span class='ocrx_word' id='word_1_245' title='bbox 3061 847 3151 903; x_wconf 77' lang='grc' dir='ltr'>διὰ</span> <span class='ocrx_word' id='word_1_246' title='bbox 3205 850 3267 904; x_wconf 86' lang='grc' dir='ltr'>τὸ</span> <span class='ocrx_word' id='word_1_247' title='bbox 3329 848 3606 926; x_wconf 69' lang='grc' dir='ltr'>ἕκκενςτρον</span> <span class='ocrx_word' id='word_1_248' title='bbox 3666 857 3767 906; x_wconf 82' lang='grc' dir='ltr'>τῶν</span> 
     </span>
    </p>
   </div>
   <div class='ocr_carea' id='block_1_39' title="bbox 2125 936 3767 1012">
    <p class='ocr_par' dir='ltr' id='par_1_39' title="bbox 2125 936 3767 1012">
     <span class='ocr_line' id='line_1_39' title="bbox 2125 936 3767 1012; baseline 0.005 -25"><span class='ocrx_word' id='word_1_249' title='bbox 2125 939 2386 1011; x_wconf 67' lang='grc' dir='ltr'>σφαιρῶν·</span> <span class='ocrx_word' id='word_1_250' title='bbox 2448 942 2564 997; x_wconf 88' lang='grc' dir='ltr'>τοῖς</span> <span class='ocrx_word' id='word_1_251' title='bbox 2628 936 2833 1010; x_wconf 87' lang='grc' dir='ltr'>μείζοσι</span> <span class='ocrx_word' id='word_1_252' title='bbox 2891 941 2987 990; x_wconf 89' lang='grc' dir='ltr'>τοῦ</span> <span class='ocrx_word' id='word_1_253' title='bbox 3046 936 3283 1006; x_wconf 87' lang='grc' dir='ltr'>ἡλιακοῦ</span> <span class='ocrx_word' id='word_1_254' title='bbox 3322 941 3606 1012; x_wconf 85' lang='grc' dir='ltr'>τμήμασιν</span> <span class='ocrx_word' id='word_1_255' title='bbox 3643 940 3767 995; x_wconf 85' lang='grc' dir='ltr'>ὑπο-</span> 
     </span>
    </p>
   </div>
   <div class='ocr_carea' id='block_1_40' title="bbox 2123 1023 3770 1097">
    <p class='ocr_par' dir='ltr' id='par_1_40' title="bbox 2123 1023 3770 1097">
     <span class='ocr_line' id='line_1_40' title="bbox 2123 1023 3770 1097; baseline 0.003 -20"><span class='ocrx_word' id='word_1_256' title='bbox 2123 1024 2390 1079; x_wconf 86' lang='grc' dir='ltr'>κείσονται</span> <span class='ocrx_word' id='word_1_257' title='bbox 2447 1025 2512 1079; x_wconf 76' lang='grc' dir='ltr'>τὰ</span> <span class='ocrx_word' id='word_1_258' title='bbox 2569 1023 2776 1080; x_wconf 81' lang='grc' dir='ltr'>ἐλάττω</span> <span class='ocrx_word' id='word_1_259' title='bbox 2831 1029 2927 1080; x_wconf 86' lang='grc' dir='ltr'>τοῦ</span> <span class='ocrx_word' id='word_1_260' title='bbox 2969 1025 3315 1097; x_wconf 80' lang='grc' dir='ltr'>σεληνιακοῦ,</span> <span class='ocrx_word' id='word_1_261' title='bbox 3348 1033 3466 1089; x_wconf 85' lang='grc' dir='ltr'>τοῖς</span> <span class='ocrx_word' id='word_1_262' title='bbox 3524 1027 3770 1083; x_wconf 74' lang='grc' dir='ltr'>ἐλάττοσι</span> 
     </span>
    </p>
   </div>
   <div class='ocr_carea' id='block_1_41' title="bbox 2130 1109 3769 1187">
    <p class='ocr_par' dir='ltr' id='par_1_41' title="bbox 2130 1109 3769 1187">
     <span class='ocr_line' id='line_1_41' title="bbox 2130 1109 3769 1187; baseline 0.004 -21"><span class='ocrx_word' id='word_1_263' title='bbox 2130 1109 2187 1166; x_wconf 73' lang='grc' dir='ltr'>δὲ</span> <span class='ocrx_word' id='word_1_264' title='bbox 2214 1112 2280 1167; x_wconf 75' lang='grc' dir='ltr'>τὰ</span> <span class='ocrx_word' id='word_1_265' title='bbox 2313 1114 2501 1186; x_wconf 82' lang='grc' dir='ltr'>μείζω.</span> <span class='ocrx_word' id='word_1_266' title='bbox 2533 1116 2735 1187; x_wconf 74' lang='grc' dir='ltr'>Τμῆμα</span> <span class='ocrx_word' id='word_1_267' title='bbox 2765 1110 2822 1168; x_wconf 73' lang='grc' dir='ltr'>δὲ</span> <span class='ocrx_word' id='word_1_268' title='bbox 2863 1119 3044 1187; x_wconf 83' lang='grc' dir='ltr'>μεῖζον</span> <span class='ocrx_word' id='word_1_269' title='bbox 3103 1119 3199 1169; x_wconf 90' lang='grc' dir='ltr'>τοῦ</span> <span class='ocrx_word' id='word_1_270' title='bbox 3255 1114 3486 1184; x_wconf 85' lang='grc' dir='ltr'>ἡλισκοῦ</span> <span class='ocrx_word' id='word_1_271' title='bbox 3539 1118 3603 1171; x_wconf 86' lang='grc' dir='ltr'>τὸ</span> <span class='ocrx_word' id='word_1_272' title='bbox 3659 1123 3769 1180; x_wconf 84' lang='grc' dir='ltr'>τοῖς</span> 
     </span>
    </p>
   </div>
   <div class='ocr_carea' id='block_1_42' title="bbox 2130 1198 3771 1280">
    <p class='ocr_par' dir='ltr' id='par_1_42' title="bbox 2130 1198 3771 1280">
     <span class='ocr_line' id='line_1_42' title="bbox 2130 1198 3771 1280; baseline 0.003 -25"><span class='ocrx_word' id='word_1_273' title='bbox 2130 1198 2389 1274; x_wconf 80' lang='grc' dir='ltr'>Διδύμοις</span> <span class='ocrx_word' id='word_1_274' title='bbox 2471 1203 2844 1275; x_wconf 86' lang='grc' dir='ltr'>ὑποκείμενον,</span> <span class='ocrx_word' id='word_1_275' title='bbox 2907 1202 2986 1257; x_wconf 74' lang='grc' dir='ltr'>δτι</span> <span class='ocrx_word' id='word_1_276' title='bbox 3064 1204 3151 1258; x_wconf 84' lang='grc' dir='ltr'>καὶ</span> <span class='ocrx_word' id='word_1_277' title='bbox 3215 1200 3552 1280; x_wconf 74' lang='grc' dir='ltr'>ὑψηλότερον</span> <span class='ocrx_word' id='word_1_278' title='bbox 3612 1206 3771 1279; x_wconf 71' lang='grc' dir='ltr'>(οὕτω</span> 
     </span>
    </p>
   </div>
   <div class='ocr_carea' id='block_1_43' title="bbox 2123 1291 3773 1367">
    <p class='ocr_par' dir='ltr' id='par_1_43' title="bbox 2123 1291 3773 1367">
     <span class='ocr_line' id='line_1_43' title="bbox 2123 1291 3773 1367; baseline 0.003 -23"><span class='ocrx_word' id='word_1_279' title='bbox 2123 1291 2224 1365; x_wconf 67' lang='grc' dir='ltr'>γάρ</span> <span class='ocrx_word' id='word_1_280' title='bbox 2277 1291 2365 1344; x_wconf 87' lang='grc' dir='ltr'>καὶ</span> <span class='ocrx_word' id='word_1_281' title='bbox 2419 1296 2535 1353; x_wconf 89' lang='grc' dir='ltr'>τοῖς</span> <span class='ocrx_word' id='word_1_282' title='bbox 2594 1291 2952 1367; x_wconf 82' lang='grc' dir='ltr'>ἀστρονόμοις</span> <span class='ocrx_word' id='word_1_283' title='bbox 3009 1295 3347 1366; x_wconf 89' lang='grc' dir='ltr'>τετήρηται)·</span> <span class='ocrx_word' id='word_1_284' title='bbox 3377 1294 3440 1348; x_wconf 88' lang='grc' dir='ltr'>τὸ</span> <span class='ocrx_word' id='word_1_285' title='bbox 3480 1291 3528 1348; x_wconf 86' lang='grc' dir='ltr'>δ’</span> <span class='ocrx_word' id='word_1_286' title='bbox 3563 1295 3773 1350; x_wconf 80' lang='grc' dir='ltr'>ὑποκεί-</span> 
     </span>
    </p>
   </div>
   <div class='ocr_carea' id='block_1_44' title="bbox 2129 1377 3770 1456">
    <p class='ocr_par' dir='ltr' id='par_1_44' title="bbox 2129 1377 3770 1456">
     <span class='ocr_line' id='line_1_44' title="bbox 2129 1377 3770 1456; baseline 0.004 -24"><span class='ocrx_word' id='word_1_287' title='bbox 2129 1399 2286 1450; x_wconf 91' lang='grc' dir='ltr'>μενον</span> <span class='ocrx_word' id='word_1_288' title='bbox 2343 1383 2420 1450; x_wconf 82' lang='grc' dir='ltr'>τῷ</span> <span class='ocrx_word' id='word_1_289' title='bbox 2474 1379 2691 1453; x_wconf 79' lang='grc' dir='ltr'>Τοξότῃ,</span> <span class='ocrx_word' id='word_1_290' title='bbox 2725 1377 2862 1434; x_wconf 84' lang='grc' dir='ltr'>διότι</span> <span class='ocrx_word' id='word_1_291' title='bbox 2923 1380 3317 1455; x_wconf 83' lang='grc' dir='ltr'>ταπεινότερον,</span> <span class='ocrx_word' id='word_1_292' title='bbox 3349 1378 3605 1437; x_wconf 82' lang='grc' dir='ltr'>ἔλαττον.</span> <span class='ocrx_word' id='word_1_293' title='bbox 3638 1385 3770 1456; x_wconf 88' lang='grc' dir='ltr'>’Ἐμ-</span> 
     </span>
    </p>
   </div>
   <div class='ocr_carea' id='block_1_45' title="bbox 2124 1465 3772 1542">
    <p class='ocr_par' dir='ltr' id='par_1_45' title="bbox 2124 1465 3772 1542">
     <span class='ocr_line' id='line_1_45' title="bbox 2124 1465 3772 1542; baseline 0.003 -21"><span class='ocrx_word' id='word_1_294' title='bbox 2124 1467 2286 1522; x_wconf 90' lang='grc' dir='ltr'>παλιν</span> <span class='ocrx_word' id='word_1_295' title='bbox 2347 1465 2439 1522; x_wconf 76' lang='grc' dir='ltr'>οὖν</span> <span class='ocrx_word' id='word_1_296' title='bbox 2502 1473 2684 1542; x_wconf 81' lang='grc' dir='ltr'>μεῖζον</span> <span class='ocrx_word' id='word_1_297' title='bbox 2738 1466 2884 1523; x_wconf 78' lang='grc' dir='ltr'>ἔσται</span> <span class='ocrx_word' id='word_1_298' title='bbox 2929 1475 3129 1542; x_wconf 84' lang='grc' dir='ltr'>τμῆμα</span> <span class='ocrx_word' id='word_1_299' title='bbox 3177 1474 3273 1524; x_wconf 90' lang='grc' dir='ltr'>τοῦ</span> <span class='ocrx_word' id='word_1_300' title='bbox 3330 1469 3662 1541; x_wconf 77' lang='grc' dir='ltr'>σεληνιακοῦ</span> <span class='ocrx_word' id='word_1_301' title='bbox 3713 1474 3772 1526; x_wconf 78' lang='grc' dir='ltr'>τὸ</span> 
     </span>
    </p>
   </div>
   <div class='ocr_carea' id='block_1_46' title="bbox 2123 1555 3774 1635">
    <p class='ocr_par' dir='ltr' id='par_1_46' title="bbox 2123 1555 3774 1635">
     <span class='ocr_line' id='line_1_46' title="bbox 2123 1555 3774 1635; baseline 0.003 -25"><span class='ocrx_word' id='word_1_302' title='bbox 2123 1556 2213 1610; x_wconf 88' lang='grc' dir='ltr'>τὸν</span> <span class='ocrx_word' id='word_1_303' title='bbox 2273 1556 2512 1627; x_wconf 83' lang='grc' dir='ltr'>Τοξότην</span> <span class='ocrx_word' id='word_1_304' title='bbox 2576 1558 2876 1627; x_wconf 84' lang='grc' dir='ltr'>ὑποτεῖνον,</span> <span class='ocrx_word' id='word_1_305' title='bbox 2917 1557 2994 1620; x_wconf 84' lang='grc' dir='ltr'>ὡς</span> <span class='ocrx_word' id='word_1_306' title='bbox 3048 1555 3406 1635; x_wconf 83' lang='grc' dir='ltr'>ὑψηλότερον,</span> <span class='ocrx_word' id='word_1_307' title='bbox 3440 1557 3669 1615; x_wconf 83' lang='grc' dir='ltr'>ἔλαττον</span> <span class='ocrx_word' id='word_1_308' title='bbox 3719 1557 3774 1616; x_wconf 76' lang='grc' dir='ltr'>ὂὶ</span> 
     </span>
    </p>
   </div>
   <div class='ocr_carea' id='block_1_47' title="bbox 2123 1643 3774 1725">
    <p class='ocr_par' dir='ltr' id='par_1_47' title="bbox 2123 1643 3774 1725">
     <span class='ocr_line' id='line_1_47' title="bbox 2123 1643 3774 1725; baseline 0.002 -26"><span class='ocrx_word' id='word_1_309' title='bbox 2123 1646 2184 1699; x_wconf 88' lang='grc' dir='ltr'>τὸ</span> <span class='ocrx_word' id='word_1_310' title='bbox 2239 1645 2369 1708; x_wconf 83' lang='grc' dir='ltr'>τοὺς</span> <span class='ocrx_word' id='word_1_311' title='bbox 2425 1643 2717 1719; x_wconf 82' lang='grc' dir='ltr'>Διδύμους,</span> <span class='ocrx_word' id='word_1_312' title='bbox 2768 1647 2843 1708; x_wconf 86' lang='grc' dir='ltr'>ὡς</span> <span class='ocrx_word' id='word_1_313' title='bbox 2901 1644 3354 1725; x_wconf 83' lang='grc' dir='ltr'>χθαμαλώτερον.</span> <span class='ocrx_word' id='word_1_314' title='bbox 3415 1649 3503 1703; x_wconf 90' lang='grc' dir='ltr'>Ἐν</span> <span class='ocrx_word' id='word_1_315' title='bbox 3559 1649 3774 1705; x_wconf 89' lang='grc' dir='ltr'>πλείονι</span> 
     </span>
    </p>
   </div>
   <div class='ocr_carea' id='block_1_48' title="bbox 2122 1731 3771 1812">
    <p class='ocr_par' dir='ltr' id='par_1_48' title="bbox 2122 1731 3771 1812">
     <span class='ocr_line' id='line_1_48' title="bbox 2122 1731 3771 1812; baseline 0.002 -24"><span class='ocrx_word' id='word_1_316' title='bbox 2122 1738 2248 1809; x_wconf 82' lang='grc' dir='ltr'>γοῦν</span> <span class='ocrx_word' id='word_1_317' title='bbox 2298 1733 2486 1810; x_wconf 87' lang='grc' dir='ltr'>χρόνῳ</span> <span class='ocrx_word' id='word_1_318' title='bbox 2544 1731 2875 1790; x_wconf 79' lang='grc' dir='ltr'>διελεύσεται</span> <span class='ocrx_word' id='word_1_319' title='bbox 2913 1734 3045 1798; x_wconf 83' lang='grc' dir='ltr'>τοὺς</span> <span class='ocrx_word' id='word_1_320' title='bbox 3105 1733 3378 1810; x_wconf 80' lang='grc' dir='ltr'>Διδύμους</span> <span class='ocrx_word' id='word_1_321' title='bbox 3421 1738 3449 1791; x_wconf 98' lang='lat'>6</span> <span class='ocrx_word' id='word_1_322' title='bbox 3497 1736 3691 1812; x_wconf 75' lang='grc' dir='ltr'>ἥλιος,</span> <span class='ocrx_word' id='word_1_323' title='bbox 3721 1737 3771 1792; x_wconf 81' lang='grc' dir='ltr'>ἐν</span> 
     </span>
    </p>
   </div>
   <div class='ocr_carea' id='block_1_49' title="bbox 2125 1821 3773 1901">
    <p class='ocr_par' dir='ltr' id='par_1_49' title="bbox 2125 1821 3773 1901">
     <span class='ocr_line' id='line_1_49' title="bbox 2125 1821 3773 1901; baseline 0.004 -25"><span class='ocrx_word' id='word_1_324' title='bbox 2125 1821 2404 1898; x_wconf 81' lang='grc' dir='ltr'>ἐλαχίστῳ</span> <span class='ocrx_word' id='word_1_325' title='bbox 2461 1821 2518 1878; x_wconf 73' lang='grc' dir='ltr'>δὲ</span> <span class='ocrx_word' id='word_1_326' title='bbox 2576 1824 2664 1879; x_wconf 85' lang='grc' dir='ltr'>τὸν</span> <span class='ocrx_word' id='word_1_327' title='bbox 2719 1823 2976 1894; x_wconf 83' lang='grc' dir='ltr'>Τοξότην.</span> <span class='ocrx_word' id='word_1_328' title='bbox 3028 1825 3091 1880; x_wconf 87' lang='grc' dir='ltr'><strong>Ἠ</strong></span> <span class='ocrx_word' id='word_1_329' title='bbox 3147 1824 3349 1897; x_wconf 79' lang='grc' dir='ltr'>σελήνη</span> <span class='ocrx_word' id='word_1_330' title='bbox 3408 1823 3466 1880; x_wconf 76' lang='grc' dir='ltr'>δὲ</span> <span class='ocrx_word' id='word_1_331' title='bbox 3521 1826 3773 1901; x_wconf 67' lang='grc' dir='ltr'>τοῦμπα-</span> 
     </span>
    </p>
   </div>
   <div class='ocr_carea' id='block_1_50' title="bbox 2126 1910 2236 1968">
    <p class='ocr_par' dir='ltr' id='par_1_50' title="bbox 2126 1910 2236 1968">
     <span class='ocr_line' id='line_1_50' title="bbox 2126 1910 2236 1968; baseline 0.018 -2"><span class='ocrx_word' id='word_1_332' title='bbox 2126 1910 2236 1968; x_wconf 88' lang='grc' dir='ltr'>λιν.</span> 
     </span>
    </p>
   </div>
   <div class='ocr_carea' id='block_1_51' title="bbox 2198 1996 3773 2079">
    <p class='ocr_par' dir='ltr' id='par_1_51' title="bbox 2198 1996 3773 2079">
     <span class='ocr_line' id='line_1_51' title="bbox 2198 1996 3773 2079; baseline 0.004 -25"><span class='ocrx_word' id='word_1_333' title='bbox 2198 2001 2284 2076; x_wconf 85' lang='grc' dir='ltr'>ιβ’.</span> <span class='ocrx_word' id='word_1_334' title='bbox 2316 1996 2542 2056; x_wconf 84' lang='grc' dir='ltr'>Ὀπόταν</span> <span class='ocrx_word' id='word_1_335' title='bbox 2603 1999 2693 2057; x_wconf 76' lang='grc' dir='ltr'>οὖν</span> <span class='ocrx_word' id='word_1_336' title='bbox 2749 2002 2800 2057; x_wconf 81' lang='grc' dir='ltr'>ἐν</span> <span class='ocrx_word' id='word_1_337' title='bbox 2861 2003 3010 2078; x_wconf 74' lang='grc' dir='ltr'>ἀρχῇ</span> <span class='ocrx_word' id='word_1_338' title='bbox 3075 2006 3182 2058; x_wconf 83' lang='grc' dir='ltr'>τῶν</span> <span class='ocrx_word' id='word_1_339' title='bbox 3241 2001 3492 2077; x_wconf 84' lang='grc' dir='ltr'>Διδύμων</span> <span class='ocrx_word' id='word_1_340' title='bbox 3551 2005 3773 2079; x_wconf 87' lang='grc' dir='ltr'>γένηται</span> 
     </span>
    </p>
   </div>
   <div class='ocr_carea' id='block_1_52' title="bbox 2119 2088 3776 2170">
    <p class='ocr_par' dir='ltr' id='par_1_52' title="bbox 2119 2088 3776 2170">
     <span class='ocr_line' id='line_1_52' title="bbox 2119 2088 3776 2170; baseline 0.004 -27"><span class='ocrx_word' id='word_1_341' title='bbox 2119 2088 2361 2163; x_wconf 82' lang='grc' dir='ltr'>σύνοδος,</span> <span class='ocrx_word' id='word_1_342' title='bbox 2419 2090 2640 2156; x_wconf 80' lang='grc' dir='ltr'>ἐνταῦθα</span> <span class='ocrx_word' id='word_1_343' title='bbox 2713 2097 2815 2160; x_wconf 83' lang='grc' dir='ltr'>τῆς</span> <span class='ocrx_word' id='word_1_344' title='bbox 2896 2092 2989 2164; x_wconf 72' lang='grc' dir='ltr'>μὲν</span> <span class='ocrx_word' id='word_1_345' title='bbox 3060 2089 3294 2163; x_wconf 76' lang='grc' dir='ltr'>σελήνης</span> <span class='ocrx_word' id='word_1_346' title='bbox 3349 2097 3776 2170; x_wconf 83' lang='grc' dir='ltr'>προσγειοτέρας</span> 
     </span>
    </p>
   </div>
   <div class='ocr_carea' id='block_1_53' title="bbox 2119 2177 3778 2258">
    <p class='ocr_par' dir='ltr' id='par_1_53' title="bbox 2119 2177 3778 2258">
     <span class='ocr_line' id='line_1_53' title="bbox 2119 2177 3778 2258; baseline 0.004 -25"><span class='ocrx_word' id='word_1_347' title='bbox 2119 2180 2442 2257; x_wconf 74' lang='grc' dir='ltr'>φερομένης,</span> <span class='ocrx_word' id='word_1_348' title='bbox 2479 2178 2823 2256; x_wconf 74' lang='grc' dir='ltr'>ὑψηλοτέρου</span> <span class='ocrx_word' id='word_1_349' title='bbox 2873 2178 2919 2234; x_wconf 85' lang='grc' dir='ltr'>δ’</span> <span class='ocrx_word' id='word_1_350' title='bbox 2967 2177 3120 2242; x_wconf 69' lang='grc' dir='ltr'>ὄντος</span> <span class='ocrx_word' id='word_1_351' title='bbox 3173 2187 3270 2236; x_wconf 89' lang='grc' dir='ltr'>τοῦ</span> <span class='ocrx_word' id='word_1_352' title='bbox 3316 2181 3504 2252; x_wconf 88' lang='grc' dir='ltr'>ἡλίου,</span> <span class='ocrx_word' id='word_1_353' title='bbox 3548 2187 3778 2258; x_wconf 80' lang='grc' dir='ltr'>γενήσε-</span> 
     </span>
    </p>
   </div>
   <div class='ocr_carea' id='block_1_54' title="bbox 2115 2268 3777 2345">
    <p class='ocr_par' dir='ltr' id='par_1_54' title="bbox 2115 2268 3777 2345">
     <span class='ocr_line' id='line_1_54' title="bbox 2115 2268 3777 2345; baseline 0.005 -24"><span class='ocrx_word' id='word_1_354' title='bbox 2115 2289 2202 2322; x_wconf 86' lang='grc' dir='ltr'>ται</span> <span class='ocrx_word' id='word_1_355' title='bbox 2261 2269 2528 2342; x_wconf 88' lang='grc' dir='ltr'>σύντομος</span> <span class='ocrx_word' id='word_1_356' title='bbox 2561 2271 2589 2324; x_wconf 90' lang='lat'>6</span> <span class='ocrx_word' id='word_1_357' title='bbox 2624 2270 2846 2342; x_wconf 88' lang='grc' dir='ltr'>μήν.Ἥ</span> <span class='ocrx_word' id='word_1_358' title='bbox 2901 2270 3001 2345; x_wconf 77' lang='grc' dir='ltr'>γὰρ</span> <span class='ocrx_word' id='word_1_359' title='bbox 3063 2268 3266 2342; x_wconf 77' lang='grc' dir='ltr'>σελήνη</span> <span class='ocrx_word' id='word_1_360' title='bbox 3331 2271 3464 2344; x_wconf 83' lang='grc' dir='ltr'>μετᾶ</span> <span class='ocrx_word' id='word_1_361' title='bbox 3519 2274 3624 2342; x_wconf 70' lang='grc' dir='ltr'>τὴν</span> <span class='ocrx_word' id='word_1_362' title='bbox 3681 2279 3777 2329; x_wconf 82' lang='grc' dir='ltr'>τοῦ</span> 
     </span>
    </p>
   </div>
   <div class='ocr_carea' id='block_1_55' title="bbox 2118 2355 3778 2434">
    <p class='ocr_par' dir='ltr' id='par_1_55' title="bbox 2118 2355 3778 2434">
     <span class='ocr_line' id='line_1_55' title="bbox 2118 2355 3778 2434; baseline 0.004 -24"><span class='ocrx_word' id='word_1_363' title='bbox 2118 2355 2321 2412; x_wconf 76' lang='grc' dir='ltr'>οἰκείου</span> <span class='ocrx_word' id='word_1_364' title='bbox 2349 2357 2556 2413; x_wconf 81' lang='grc' dir='ltr'>κύκλου</span> <span class='ocrx_word' id='word_1_365' title='bbox 2587 2355 2865 2434; x_wconf 81' lang='grc' dir='ltr'>περίοδον,</span> <span class='ocrx_word' id='word_1_366' title='bbox 2897 2359 2988 2413; x_wconf 84' lang='grc' dir='ltr'>καὶ</span> <span class='ocrx_word' id='word_1_367' title='bbox 3034 2360 3133 2428; x_wconf 83' lang='grc' dir='ltr'>τήν</span> <span class='ocrx_word' id='word_1_368' title='bbox 3182 2358 3242 2414; x_wconf 79' lang='grc' dir='ltr'>ἐκ</span> <span class='ocrx_word' id='word_1_369' title='bbox 3293 2365 3390 2415; x_wconf 88' lang='grc' dir='ltr'>τοῦ</span> <span class='ocrx_word' id='word_1_370' title='bbox 3448 2360 3619 2417; x_wconf 78' lang='grc' dir='ltr'>αὑτοῦ</span> <span class='ocrx_word' id='word_1_371' title='bbox 3680 2385 3778 2434; x_wconf 86' lang='grc' dir='ltr'>ση-</span> 
     </span>
    </p>
   </div>
   <div class='ocr_carea' id='block_1_56' title="bbox 2121 2445 3780 2523">
    <p class='ocr_par' dir='ltr' id='par_1_56' title="bbox 2121 2445 3780 2523">
     <span class='ocr_line' id='line_1_56' title="bbox 2121 2445 3780 2523; baseline 0.006 -25"><span class='ocrx_word' id='word_1_372' title='bbox 2121 2445 2274 2518; x_wconf 81' lang='grc' dir='ltr'>μείου</span> <span class='ocrx_word' id='word_1_373' title='bbox 2331 2445 2468 2522; x_wconf 86' lang='grc' dir='ltr'>πρὸς</span> <span class='ocrx_word' id='word_1_374' title='bbox 2526 2447 2588 2500; x_wconf 86' lang='grc' dir='ltr'>τὸ</span> <span class='ocrx_word' id='word_1_375' title='bbox 2648 2446 2776 2500; x_wconf 73' lang='grc' dir='ltr'>αὐτὸ</span> <span class='ocrx_word' id='word_1_376' title='bbox 2849 2445 3013 2502; x_wconf 89' lang='grc' dir='ltr'>πάλιν</span> <span class='ocrx_word' id='word_1_377' title='bbox 3079 2447 3530 2523; x_wconf 83' lang='grc' dir='ltr'>ἀποκατάστασιν,</span> <span class='ocrx_word' id='word_1_378' title='bbox 3586 2448 3668 2506; x_wconf 78' lang='grc' dir='ltr'>ἔτι</span> <span class='ocrx_word' id='word_1_379' title='bbox 3729 2453 3780 2508; x_wconf 80' lang='grc' dir='ltr'>ἐν</span> 
     </span>
    </p>
   </div>
   <div class='ocr_carea' id='block_1_57' title="bbox 2117 2530 3776 2611">
    <p class='ocr_par' dir='ltr' id='par_1_57' title="bbox 2117 2530 3776 2611">
     <span class='ocr_line' id='line_1_57' title="bbox 2117 2530 3776 2611; baseline 0.006 -25"><span class='ocrx_word' id='word_1_380' title='bbox 2117 2531 2376 2606; x_wconf 86' lang='grc' dir='ltr'>Διδύμοις</span> <span class='ocrx_word' id='word_1_381' title='bbox 2434 2530 2578 2605; x_wconf 74' lang='grc' dir='ltr'>ὄντα,</span> <span class='ocrx_word' id='word_1_382' title='bbox 2615 2533 2854 2607; x_wconf 87' lang='grc' dir='ltr'>μάλιστα</span> <span class='ocrx_word' id='word_1_383' title='bbox 2897 2532 2944 2589; x_wconf 82' lang='grc' dir='ltr'>δ’</span> <span class='ocrx_word' id='word_1_384' title='bbox 2997 2536 3096 2590; x_wconf 90' lang='grc' dir='ltr'>ὑπὸ</span> <span class='ocrx_word' id='word_1_385' title='bbox 3156 2535 3428 2611; x_wconf 87' lang='grc' dir='ltr'>Διδύμους</span> <span class='ocrx_word' id='word_1_386' title='bbox 3477 2539 3573 2594; x_wconf 86' lang='grc' dir='ltr'>τὸν</span> <span class='ocrx_word' id='word_1_387' title='bbox 3607 2539 3776 2609; x_wconf 76' lang='grc' dir='ltr'>ἥλιον</span> 
     </span>
    </p>
   </div>
   <div class='ocr_carea' id='block_1_58' title="bbox 2115 2619 3779 2706">
    <p class='ocr_par' dir='ltr' id='par_1_58' title="bbox 2115 2619 3779 2706">
     <span class='ocr_line' id='line_1_58' title="bbox 2115 2619 3779 2706; baseline 0.006 -31"><span class='ocrx_word' id='word_1_388' title='bbox 2115 2619 2508 2696; x_wconf 80' lang='grc' dir='ltr'>καταλήψεται,</span> <span class='ocrx_word' id='word_1_389' title='bbox 2561 2619 2707 2677; x_wconf 86' lang='grc' dir='ltr'>δυσὶν</span> <span class='ocrx_word' id='word_1_390' title='bbox 2758 2624 3017 2699; x_wconf 85' lang='grc' dir='ltr'>ἡμέραις,</span> <span class='ocrx_word' id='word_1_391' title='bbox 3066 2625 3141 2686; x_wconf 86' lang='grc' dir='ltr'>ὡς</span> <span class='ocrx_word' id='word_1_392' title='bbox 3199 2625 3434 2701; x_wconf 89' lang='grc' dir='ltr'>λέγεται,</span> <span class='ocrx_word' id='word_1_393' title='bbox 3478 2629 3572 2682; x_wconf 82' lang='grc' dir='ltr'>καὶ</span> <span class='ocrx_word' id='word_1_394' title='bbox 3623 2631 3779 2706; x_wconf 82' lang='grc' dir='ltr'>τριά-</span> 
     </span>
    </p>
   </div>
   <div class='ocr_carea' id='block_1_59' title="bbox 2116 2709 3780 2793">
    <p class='ocr_par' dir='ltr' id='par_1_59' title="bbox 2116 2709 3780 2793">
     <span class='ocr_line' id='line_1_59' title="bbox 2116 2709 3780 2793; baseline 0.005 -29"><span class='ocrx_word' id='word_1_395' title='bbox 2116 2731 2275 2765; x_wconf 88' lang='grc' dir='ltr'>κοντα</span> <span class='ocrx_word' id='word_1_396' title='bbox 2319 2715 2478 2765; x_wconf 91' lang='grc' dir='ltr'>τοῦτο</span> <span class='ocrx_word' id='word_1_397' title='bbox 2525 2711 2589 2765; x_wconf 88' lang='grc' dir='ltr'>τὸ</span> <span class='ocrx_word' id='word_1_398' title='bbox 2635 2718 2835 2785; x_wconf 83' lang='grc' dir='ltr'>τμῆμα</span> <span class='ocrx_word' id='word_1_399' title='bbox 2893 2709 3272 2788; x_wconf 87' lang='grc' dir='ltr'>διερχόμενον.</span> <span class='ocrx_word' id='word_1_400' title='bbox 3305 2715 3367 2769; x_wconf 84' lang='grc' dir='ltr'><strong>Εἰ</strong></span> <span class='ocrx_word' id='word_1_401' title='bbox 3401 2713 3459 2770; x_wconf 77' lang='grc' dir='ltr'>δὲ</span> <span class='ocrx_word' id='word_1_402' title='bbox 3488 2718 3618 2793; x_wconf 75' lang='grc' dir='ltr'>περὶ</span> <span class='ocrx_word' id='word_1_403' title='bbox 3683 2719 3780 2781; x_wconf 66' lang='grc' dir='ltr'>τὶς</span> 
     </span>
    </p>
   </div>
   <div class='ocr_carea' id='block_1_60' title="bbox 2116 2797 3780 2876">
    <p class='ocr_par' dir='ltr' id='par_1_60' title="bbox 2116 2797 3780 2876">
     <span class='ocr_line' id='line_1_60' title="bbox 2116 2797 3780 2876; baseline 0.005 -25"><span class='ocrx_word' id='word_1_404' title='bbox 2116 2797 2292 2874; x_wconf 78' lang='grc' dir='ltr'>ἀρχὰς</span> <span class='ocrx_word' id='word_1_405' title='bbox 2321 2803 2420 2852; x_wconf 88' lang='grc' dir='ltr'>τοῦ</span> <span class='ocrx_word' id='word_1_406' title='bbox 2450 2798 2681 2869; x_wconf 79' lang='grc' dir='ltr'>Τοξότου</span> <span class='ocrx_word' id='word_1_407' title='bbox 2712 2799 2928 2875; x_wconf 89' lang='grc' dir='ltr'>γένηται</span> <span class='ocrx_word' id='word_1_408' title='bbox 2986 2798 3231 2875; x_wconf 82' lang='grc' dir='ltr'>σύνοδος,</span> <span class='ocrx_word' id='word_1_409' title='bbox 3265 2803 3363 2857; x_wconf 85' lang='grc' dir='ltr'>οὐκ</span> <span class='ocrx_word' id='word_1_410' title='bbox 3421 2803 3470 2858; x_wconf 89' lang='grc' dir='ltr'>έν</span> <span class='ocrx_word' id='word_1_411' title='bbox 3536 2809 3619 2876; x_wconf 82' lang='grc' dir='ltr'>τῷ</span> <span class='ocrx_word' id='word_1_412' title='bbox 3682 2812 3780 2860; x_wconf 84' lang='grc' dir='ltr'>Το-</span> 
     </span>
    </p>
   </div>
   <div class='ocr_carea' id='block_1_61' title="bbox 2118 2884 3780 2968">
    <p class='ocr_par' dir='ltr' id='par_1_61' title="bbox 2118 2884 3780 2968">
     <span class='ocr_line' id='line_1_61' title="bbox 2118 2884 3780 2968; baseline 0.005 -28"><span class='ocrx_word' id='word_1_413' title='bbox 2118 2885 2244 2960; x_wconf 77' lang='grc' dir='ltr'>ξότῃ</span> <span class='ocrx_word' id='word_1_414' title='bbox 2290 2884 2662 2960; x_wconf 80' lang='grc' dir='ltr'>καταλήψεται</span> <span class='ocrx_word' id='word_1_415' title='bbox 2716 2887 2807 2942; x_wconf 86' lang='grc' dir='ltr'>τὸν</span> <span class='ocrx_word' id='word_1_416' title='bbox 2868 2887 3030 2956; x_wconf 73' lang='grc' dir='ltr'>ἥλιον</span> <span class='ocrx_word' id='word_1_417' title='bbox 3091 2893 3126 2960; x_wconf 88' lang='grc' dir='ltr'>ἡ</span> <span class='ocrx_word' id='word_1_418' title='bbox 3161 2889 3359 2961; x_wconf 88' lang='grc' dir='ltr'>σελήνη</span> <span class='ocrx_word' id='word_1_419' title='bbox 3400 2892 3515 2964; x_wconf 85' lang='grc' dir='ltr'>(καὶ</span> <span class='ocrx_word' id='word_1_420' title='bbox 3567 2896 3677 2968; x_wconf 72' lang='grc' dir='ltr'>γὰρ</span> <span class='ocrx_word' id='word_1_421' title='bbox 3727 2895 3780 2949; x_wconf 79' lang='grc' dir='ltr'>ἐν</span> 
     </span>
    </p>
   </div>
   <div class='ocr_carea' id='block_1_62' title="bbox 2119 2972 3782 3058">
    <p class='ocr_par' dir='ltr' id='par_1_62' title="bbox 2119 2972 3782 3058">
     <span class='ocr_line' id='line_1_62' title="bbox 2119 2972 3782 3058; baseline 0.006 -30"><span class='ocrx_word' id='word_1_422' title='bbox 2119 2973 2263 3029; x_wconf 82' lang='grc' dir='ltr'>ὀκτὼ</span> <span class='ocrx_word' id='word_1_423' title='bbox 2320 2975 2409 3029; x_wconf 85' lang='grc' dir='ltr'>καὶ</span> <span class='ocrx_word' id='word_1_424' title='bbox 2467 2972 2661 3030; x_wconf 60' lang='grc' dir='ltr'>εἷειοσιν</span> <span class='ocrx_word' id='word_1_425' title='bbox 2703 2975 3001 3052; x_wconf 74' lang='grc' dir='ltr'>ἡμέραιςῆ</span> <span class='ocrx_word' id='word_1_426' title='bbox 3036 2978 3125 3033; x_wconf 84' lang='grc' dir='ltr'>καὶ</span> <span class='ocrx_word' id='word_1_427' title='bbox 3186 2980 3380 3055; x_wconf 90' lang='grc' dir='ltr'>μικρόν</span> <span class='ocrx_word' id='word_1_428' title='bbox 3435 3002 3487 3035; x_wconf 86' lang='grc' dir='ltr'>τι</span> <span class='ocrx_word' id='word_1_429' title='bbox 3552 2984 3698 3058; x_wconf 79' lang='grc' dir='ltr'>πρὸς</span> <span class='ocrx_word' id='word_1_430' title='bbox 3754 2985 3782 3038; x_wconf 77' lang='grc' dir='ltr'>ὁ</span> 
     </span>
    </p>
   </div>
   <div class='ocr_carea' id='block_1_63' title="bbox 2115 3059 3782 3144">
    <p class='ocr_par' dir='ltr' id='par_1_63' title="bbox 2115 3059 3782 3144">
     <span class='ocr_line' id='line_1_63' title="bbox 2115 3059 3782 3144; baseline 0.005 -28"><span class='ocrx_word' id='word_1_431' title='bbox 2115 3059 2278 3133; x_wconf 76' lang='grc' dir='ltr'>ἥλιος</span> <span class='ocrx_word' id='word_1_432' title='bbox 2309 3060 2616 3140; x_wconf 85' lang='grc' dir='ltr'>διέρχεσθαι</span> <span class='ocrx_word' id='word_1_433' title='bbox 2668 3062 2898 3141; x_wconf 84' lang='grc' dir='ltr'>λέγεται,</span> <span class='ocrx_word' id='word_1_434' title='bbox 2937 3065 3148 3138; x_wconf 79' lang='grc' dir='ltr'>μᾶλλον</span> <span class='ocrx_word' id='word_1_435' title='bbox 3187 3064 3232 3121; x_wconf 87' lang='grc' dir='ltr'>δ’</span> <span class='ocrx_word' id='word_1_436' title='bbox 3265 3068 3599 3144; x_wconf 78' lang='grc' dir='ltr'>ὑπέρχεσθαι</span> <span class='ocrx_word' id='word_1_437' title='bbox 3653 3075 3782 3126; x_wconf 82' lang='grc' dir='ltr'>τοῦ·</span> 
     </span>
    </p>
   </div>
   <div class='ocr_carea' id='block_1_64' title="bbox 2112 3148 3780 3230">
    <p class='ocr_par' dir='ltr' id='par_1_64' title="bbox 2112 3148 3780 3230">
     <span class='ocr_line' id='line_1_64' title="bbox 2112 3148 3780 3230; baseline 0.005 -24"><span class='ocrx_word' id='word_1_438' title='bbox 2112 3173 2175 3206; x_wconf 89' lang='grc' dir='ltr'>το</span> <span class='ocrx_word' id='word_1_439' title='bbox 2202 3152 2265 3206; x_wconf 89' lang='grc' dir='ltr'>τὸ</span> <span class='ocrx_word' id='word_1_440' title='bbox 2307 3148 2542 3223; x_wconf 87' lang='grc' dir='ltr'>ζώδιον)·</span> <span class='ocrx_word' id='word_1_441' title='bbox 2578 3150 2722 3207; x_wconf 85' lang='grc' dir='ltr'>ἀλλά</span> <span class='ocrx_word' id='word_1_442' title='bbox 2772 3153 2861 3208; x_wconf 85' lang='grc' dir='ltr'>τὸν</span> <span class='ocrx_word' id='word_1_443' title='bbox 2900 3154 3098 3210; x_wconf 83' lang='grc' dir='ltr'>οἰκεῖον</span> <span class='ocrx_word' id='word_1_444' title='bbox 3155 3154 3356 3211; x_wconf 83' lang='grc' dir='ltr'>κύκλον</span> <span class='ocrx_word' id='word_1_445' title='bbox 3417 3155 3780 3230; x_wconf 82' lang='grc' dir='ltr'>περιοδεύσα-</span> 
     </span>
    </p>
   </div>
   <div class='ocr_carea' id='block_1_65' title="bbox 363 3239 2008 3324">
    <p class='ocr_par' dir='ltr' id='par_1_65' title="bbox 363 3247 2004 3321">
     <span class='ocr_line' id='line_1_65' title="bbox 363 3247 2004 3321; baseline 0 -17"><span class='ocrx_word' id='word_1_446' title='bbox 363 3247 748 3321; x_wconf 90' lang='lat' dir='ltr'>Sagittarium</span> <span class='ocrx_word' id='word_1_447' title='bbox 779 3247 922 3304; x_wconf 89' lang='lat' dir='ltr'>luna</span> <span class='ocrx_word' id='word_1_448' title='bbox 951 3247 1182 3317; x_wconf 87' lang='lat' dir='ltr'>transit,</span> <span class='ocrx_word' id='word_1_449' title='bbox 1211 3247 1359 3303; x_wconf 89' lang='lat' dir='ltr'>duos</span> <span class='ocrx_word' id='word_1_450' title='bbox 1391 3251 1544 3302; x_wconf 84' lang='lat' dir='ltr'>certe</span> <span class='ocrx_word' id='word_1_451' title='bbox 1590 3247 1736 3318; x_wconf 90' lang='lat' dir='ltr'>dies,</span> <span class='ocrx_word' id='word_1_452' title='bbox 1768 3251 1826 3304; x_wconf 85' lang='lat' dir='ltr'>et</span> <span class='ocrx_word' id='word_1_453' title='bbox 1871 3248 2004 3320; x_wconf 91' lang='lat' dir='ltr'>plus</span> 
     </span>
    </p>
   </div>
   <div class='ocr_carea' id='block_1_66' title="bbox 2133 3239 3784 3324">
    <p class='ocr_par' dir='ltr' id='par_1_66' title="bbox 2133 3239 3784 3324">
     <span class='ocr_line' id='line_1_66' title="bbox 2133 3239 3784 3324; baseline 0.005 -30"><span class='ocrx_word' id='word_1_454' title='bbox 2133 3260 2200 3311; x_wconf 72' lang='lat' dir='ltr'>rat,</span> <span class='ocrx_word' id='word_1_455' title='bbox 2227 3239 2317 3295; x_wconf 86' lang='grc' dir='ltr'>καὶ</span> <span class='ocrx_word' id='word_1_456' title='bbox 2348 3239 2484 3315; x_wconf 86' lang='grc' dir='ltr'>πρὸς</span> <span class='ocrx_word' id='word_1_457' title='bbox 2514 3241 2613 3309; x_wconf 82' lang='grc' dir='ltr'>τήν</span> <span class='ocrx_word' id='word_1_458' title='bbox 2642 3245 2741 3296; x_wconf 88' lang='grc' dir='ltr'>τοῦ</span> <span class='ocrx_word' id='word_1_459' title='bbox 2789 3241 3020 3312; x_wconf 81' lang='grc' dir='ltr'>Τοξότου</span> <span class='ocrx_word' id='word_1_460' title='bbox 3079 3243 3344 3318; x_wconf 87' lang='grc' dir='ltr'>γενομένη</span> <span class='ocrx_word' id='word_1_461' title='bbox 3397 3245 3605 3320; x_wconf 78' lang='grc' dir='ltr'>ἀρχὴν,</span> <span class='ocrx_word' id='word_1_462' title='bbox 3639 3250 3784 3324; x_wconf 85' lang='grc' dir='ltr'>πρὸς</span> 
     </span>
    </p>
   </div>
   <div class='ocr_carea' id='block_1_67' title="bbox 364 3316 2008 3409">
    <p class='ocr_par' dir='ltr' id='par_1_67' title="bbox 364 3316 2005 3409">
     <span class='ocr_line' id='line_1_67' title="bbox 364 3316 2005 3409; baseline -0.001 -15"><span class='ocrx_word' id='word_1_463' title='bbox 364 3316 544 3409; x_wconf 72' lang='lat' dir='ltr'>quam</span> <span class='ocrx_word' id='word_1_464' title='bbox 573 3335 885 3393; x_wconf 91' lang='lat' dir='ltr'>dimidium</span> <span class='ocrx_word' id='word_1_465' title='bbox 915 3334 1030 3392; x_wconf 90' lang='lat' dir='ltr'>diei</span> <span class='ocrx_word' id='word_1_466' title='bbox 1055 3337 1128 3392; x_wconf 91' lang='lat' dir='ltr'>ad</span> <span class='ocrx_word' id='word_1_467' title='bbox 1148 3316 1346 3408; x_wconf 89' lang='lat' dir='ltr'>ipsum</span> <span class='ocrx_word' id='word_1_468' title='bbox 1366 3316 1797 3392; x_wconf 84' lang='lat' dir='ltr'>transeundum</span> <span class='ocrx_word' id='word_1_469' title='bbox 1815 3316 2005 3408; x_wconf 71' lang='lat' dir='ltr'>requi—</span> 
     </span>
    </p>
   </div>
   <div class='ocr_carea' id='block_1_68' title="bbox 2133 3316 3780 3409">
    <p class='ocr_par' dir='ltr' id='par_1_68' title="bbox 2133 3316 3780 3403">
     <span class='ocr_line' id='line_1_68' title="bbox 2133 3316 3780 3403; baseline 0.004 -19"><span class='ocrx_word' id='word_1_470' title='bbox 2133 3329 2176 3384; x_wconf 78' lang='lat'>:6</span> <span class='ocrx_word' id='word_1_471' title='bbox 2232 3326 2395 3391; x_wconf 85' lang='grc' dir='ltr'>τέλος</span> <span class='ocrx_word' id='word_1_472' title='bbox 2455 3329 2671 3403; x_wconf 82' lang='grc' dir='ltr'>εὑρήσει</span> <span class='ocrx_word' id='word_1_473' title='bbox 2700 3334 2798 3384; x_wconf 91' lang='grc' dir='ltr'>τοῦ</span> <span class='ocrx_word' id='word_1_474' title='bbox 2825 3329 3079 3387; x_wconf 89' lang='grc' dir='ltr'>τοιούτου</span> <span class='ocrx_word' id='word_1_475' title='bbox 3113 3329 3309 3401; x_wconf 85' lang='grc' dir='ltr'>ζωδίου</span> <span class='ocrx_word' id='word_1_476' title='bbox 3339 3333 3429 3388; x_wconf 89' lang='grc' dir='ltr'>τὸν</span> <span class='ocrx_word' id='word_1_477' title='bbox 3459 3333 3654 3403; x_wconf 73' lang='grc' dir='ltr'>ἥλιον.</span> <span class='ocrx_word' id='word_1_478' title='bbox 3687 3316 3780 3392; x_wconf 44' lang='grc' dir='ltr'>’Ἐν</span> 
     </span>
    </p>
   </div>
   <div class='ocr_carea' id='block_1_69' title="bbox 364 3423 2007 3498">
    <p class='ocr_par' dir='ltr' id='par_1_69' title="bbox 364 3423 2007 3498">
     <span class='ocr_line' id='line_1_69' title="bbox 364 3423 2007 3498; baseline 0 -18"><span class='ocrx_word' id='word_1_479' title='bbox 364 3441 523 3497; x_wconf 87' lang='lat' dir='ltr'>rens,</span> <span class='ocrx_word' id='word_1_480' title='bbox 554 3435 753 3482; x_wconf 82' lang='lat' dir='ltr'>exacto</span> <span class='ocrx_word' id='word_1_481' title='bbox 803 3425 891 3482; x_wconf 86' lang='lat' dir='ltr'>sol</span> <span class='ocrx_word' id='word_1_482' title='bbox 941 3424 1250 3498; x_wconf 86' lang='lat' dir='ltr'>Sagittario</span> <span class='ocrx_word' id='word_1_483' title='bbox 1298 3423 1713 3496; x_wconf 88' lang='lat' dir='ltr'>Capricornum</span> <span class='ocrx_word' id='word_1_484' title='bbox 1761 3441 2007 3496; x_wconf 90' lang='lat' dir='ltr'>occupa-</span> 
     </span>
    </p>
   </div>
   <div class='ocr_carea' id='block_1_70' title="bbox 367 3511 2010 3587">
    <p class='ocr_par' dir='ltr' id='par_1_70' title="bbox 367 3511 2010 3587">
     <span class='ocr_line' id='line_1_70' title="bbox 367 3511 2010 3587; baseline -0.001 -17"><span class='ocrx_word' id='word_1_485' title='bbox 367 3514 474 3586; x_wconf 87' lang='lat' dir='ltr'>bit,</span> <span class='ocrx_word' id='word_1_486' title='bbox 506 3518 565 3570; x_wconf 91' lang='lat' dir='ltr'>et</span> <span class='ocrx_word' id='word_1_487' title='bbox 591 3514 734 3571; x_wconf 89' lang='lat' dir='ltr'>luna</span> <span class='ocrx_word' id='word_1_488' title='bbox 774 3515 846 3570; x_wconf 88' lang='lat' dir='ltr'>ad</span> <span class='ocrx_word' id='word_1_489' title='bbox 879 3513 1296 3587; x_wconf 87' lang='lat' dir='ltr'>Capricornum</span> <span class='ocrx_word' id='word_1_490' title='bbox 1345 3511 1569 3585; x_wconf 86' lang='lat' dir='ltr'>perlata</span> <span class='ocrx_word' id='word_1_491' title='bbox 1614 3514 2010 3584; x_wconf 87' lang='lat' dir='ltr'>deprehendet</span> 
     </span>
    </p>
   </div>
   <div class='ocr_carea' id='block_1_71' title="bbox 368 3602 2010 3676">
    <p class='ocr_par' dir='ltr' id='par_1_71' title="bbox 368 3602 2010 3676">
     <span class='ocr_line' id='line_1_71' title="bbox 368 3602 2010 3676; baseline 0 -17"><span class='ocrx_word' id='word_1_492' title='bbox 368 3602 552 3660; x_wconf 90' lang='lat' dir='ltr'>solem</span> <span class='ocrx_word' id='word_1_493' title='bbox 583 3603 757 3660; x_wconf 87' lang='lat' dir='ltr'>istius</span> <span class='ocrx_word' id='word_1_494' title='bbox 787 3603 941 3676; x_wconf 90' lang='lat' dir='ltr'>signi</span> <span class='ocrx_word' id='word_1_495' title='bbox 969 3603 1325 3676; x_wconf 90' lang='lat' dir='ltr'>principium</span> <span class='ocrx_word' id='word_1_496' title='bbox 1359 3602 1726 3674; x_wconf 57' lang='lat' dir='ltr'>praeteriisse,</span> <span class='ocrx_word' id='word_1_497' title='bbox 1751 3603 2010 3675; x_wconf 86' lang='lat' dir='ltr'>adeoque</span> 
     </span>
    </p>
   </div>
   <div class='ocr_carea' id='block_1_72' title="bbox 370 3690 2009 3764">
    <p class='ocr_par' dir='ltr' id='par_1_72' title="bbox 370 3690 2009 3764">
     <span class='ocr_line' id='line_1_72' title="bbox 370 3690 2009 3764; baseline 0.002 -19"><span class='ocrx_word' id='word_1_498' title='bbox 370 3691 484 3763; x_wconf 90' lang='lat' dir='ltr'>ipsi</span> <span class='ocrx_word' id='word_1_499' title='bbox 516 3692 706 3748; x_wconf 87' lang='lat' dir='ltr'>adhuc</span> <span class='ocrx_word' id='word_1_500' title='bbox 737 3692 933 3763; x_wconf 88' lang='lat' dir='ltr'>aliquo</span> <span class='ocrx_word' id='word_1_501' title='bbox 981 3691 1261 3764; x_wconf 90' lang='lat' dir='ltr'>temporis</span> <span class='ocrx_word' id='word_1_502' title='bbox 1309 3691 1461 3747; x_wconf 71' lang='lat'>822</span> <span class='ocrx_word' id='word_1_503' title='bbox 1513 3690 1814 3746; x_wconf 79' lang='lat' dir='ltr'>intervallo</span> <span class='ocrx_word' id='word_1_504' title='bbox 1862 3709 2009 3764; x_wconf 89' lang='lat' dir='ltr'>opus</span> 
     </span>
    </p>
   </div>
   <div class='ocr_carea' id='block_1_73' title="bbox 369 3779 2012 3853">
    <p class='ocr_par' dir='ltr' id='par_1_73' title="bbox 369 3779 2012 3853">
     <span class='ocr_line' id='line_1_73' title="bbox 369 3779 2012 3853; baseline 0 -17"><span class='ocrx_word' id='word_1_505' title='bbox 369 3779 502 3847; x_wconf 90' lang='lat' dir='ltr'>erit,</span> <span class='ocrx_word' id='word_1_506' title='bbox 529 3785 595 3836; x_wconf 90' lang='lat' dir='ltr'>ut</span> <span class='ocrx_word' id='word_1_507' title='bbox 622 3780 805 3837; x_wconf 90' lang='lat' dir='ltr'>solem</span> <span class='ocrx_word' id='word_1_508' title='bbox 847 3785 1261 3853; x_wconf 87' lang='lat' dir='ltr'>consequatur.</span> <span class='ocrx_word' id='word_1_509' title='bbox 1291 3783 1482 3852; x_wconf 83' lang='lat' dir='ltr'>Atque</span> <span class='ocrx_word' id='word_1_510' title='bbox 1529 3779 1610 3834; x_wconf 89' lang='lat' dir='ltr'>ita</span> <span class='ocrx_word' id='word_1_511' title='bbox 1653 3781 1874 3836; x_wconf 90' lang='lat' dir='ltr'>mensis</span> <span class='ocrx_word' id='word_1_512' title='bbox 1912 3781 2012 3836; x_wconf 89' lang='lat' dir='ltr'>ﬁet</span> 
     </span>
    </p>
   </div>
   <div class='ocr_carea' id='block_1_74' title="bbox 369 3867 2010 3942">
    <p class='ocr_par' dir='ltr' id='par_1_74' title="bbox 369 3867 2010 3942">
     <span class='ocr_line' id='line_1_74' title="bbox 369 3867 2010 3942; baseline 0 -18"><span class='ocrx_word' id='word_1_513' title='bbox 369 3867 774 3942; x_wconf 90' lang='lat' dir='ltr'>longissimus,</span> <span class='ocrx_word' id='word_1_514' title='bbox 804 3868 948 3925; x_wconf 91' lang='lat' dir='ltr'>luna</span> <span class='ocrx_word' id='word_1_515' title='bbox 977 3869 1217 3941; x_wconf 88' lang='lat' dir='ltr'>quidem</span> <span class='ocrx_word' id='word_1_516' title='bbox 1243 3870 1609 3940; x_wconf 86' lang='lat' dir='ltr'>segmentum</span> <span class='ocrx_word' id='word_1_517' title='bbox 1666 3868 1758 3924; x_wconf 91' lang='lat' dir='ltr'>sui</span> <span class='ocrx_word' id='word_1_518' title='bbox 1806 3867 2010 3925; x_wconf 90' lang='lat' dir='ltr'>circuli</span> 
     </span>
    </p>
   </div>
   <div class='ocr_carea' id='block_1_75' title="bbox 373 3955 2011 4030">
    <p class='ocr_par' dir='ltr' id='par_1_75' title="bbox 373 3955 2011 4030">
     <span class='ocr_line' id='line_1_75' title="bbox 373 3955 2011 4030; baseline 0 -18"><span class='ocrx_word' id='word_1_519' title='bbox 373 3958 529 4030; x_wconf 91' lang='lat' dir='ltr'>quod</span> <span class='ocrx_word' id='word_1_520' title='bbox 567 3955 878 4030; x_wconf 88' lang='lat' dir='ltr'>Sagittario</span> <span class='ocrx_word' id='word_1_521' title='bbox 927 3956 1240 4028; x_wconf 90' lang='lat' dir='ltr'>subjicitur</span> <span class='ocrx_word' id='word_1_522' title='bbox 1285 3957 1448 4011; x_wconf 90' lang='lat' dir='ltr'>tarde</span> <span class='ocrx_word' id='word_1_523' title='bbox 1497 3960 1856 4026; x_wconf 88' lang='lat' dir='ltr'>transeunte,</span> <span class='ocrx_word' id='word_1_524' title='bbox 1889 3957 2011 4014; x_wconf 87' lang='lat' dir='ltr'>sole</span> 
     </span>
    </p>
   </div>
   <div class='ocr_carea' id='block_1_76' title="bbox 370 4043 2008 4118">
    <p class='ocr_par' dir='ltr' id='par_1_76' title="bbox 370 4043 2008 4118">
     <span class='ocr_line' id='line_1_76' title="bbox 370 4043 2008 4118; baseline -0.001 -16"><span class='ocrx_word' id='word_1_525' title='bbox 370 4049 567 4103; x_wconf 90' lang='lat' dir='ltr'>autem</span> <span class='ocrx_word' id='word_1_526' title='bbox 597 4044 830 4118; x_wconf 84' lang='lat' dir='ltr'>preprie</span> <span class='ocrx_word' id='word_1_527' title='bbox 857 4044 1058 4100; x_wconf 90' lang='lat' dir='ltr'>circuli</span> <span class='ocrx_word' id='word_1_528' title='bbox 1088 4043 1544 4117; x_wconf 88' lang='lat' dir='ltr'>portiunculam,</span> <span class='ocrx_word' id='word_1_529' title='bbox 1587 4061 1714 4116; x_wconf 65' lang='lat' dir='ltr'>quae</span> <span class='ocrx_word' id='word_1_530' title='bbox 1757 4045 1873 4117; x_wconf 90' lang='lat' dir='ltr'>ipsi</span> <span class='ocrx_word' id='word_1_531' title='bbox 1923 4045 2008 4102; x_wconf 91' lang='lat' dir='ltr'>vi-</span> 
     </span>
    </p>
   </div>
   <div class='ocr_carea' id='block_1_77' title="bbox 368 4130 2004 4206">
    <p class='ocr_par' dir='ltr' id='par_1_77' title="bbox 368 4130 2004 4206">
     <span class='ocr_line' id='line_1_77' title="bbox 368 4130 2004 4206; baseline -0.001 -16"><span class='ocrx_word' id='word_1_532' title='bbox 368 4133 578 4191; x_wconf 89' lang='lat' dir='ltr'>delicet</span> <span class='ocrx_word' id='word_1_533' title='bbox 607 4132 916 4206; x_wconf 88' lang='lat' dir='ltr'>Sagittario</span> <span class='ocrx_word' id='word_1_534' title='bbox 947 4131 1184 4188; x_wconf 89' lang='lat' dir='ltr'>subdita</span> <span class='ocrx_word' id='word_1_535' title='bbox 1213 4135 1320 4202; x_wconf 90' lang='lat' dir='ltr'>est,</span> <span class='ocrx_word' id='word_1_536' title='bbox 1349 4130 1611 4187; x_wconf 89' lang='lat' dir='ltr'>celeriter</span> <span class='ocrx_word' id='word_1_537' title='bbox 1641 4133 2004 4205; x_wconf 87' lang='lat' dir='ltr'>conﬁciente,</span> 
     </span>
    </p>
   </div>
   <div class='ocr_carea' id='block_1_78' title="bbox 363 4219 2002 4294">
    <p class='ocr_par' dir='ltr' id='par_1_78' title="bbox 363 4219 2002 4294">
     <span class='ocr_line' id='line_1_78' title="bbox 363 4219 2002 4294; baseline -0.002 -14"><span class='ocrx_word' id='word_1_538' title='bbox 363 4226 421 4280; x_wconf 91' lang='lat' dir='ltr'>et</span> <span class='ocrx_word' id='word_1_539' title='bbox 448 4225 752 4294; x_wconf 87' lang='lat' dir='ltr'>eapropter</span> <span class='ocrx_word' id='word_1_540' title='bbox 779 4221 1006 4278; x_wconf 90' lang='lat' dir='ltr'>tardius</span> <span class='ocrx_word' id='word_1_541' title='bbox 1034 4237 1069 4277; x_wconf 90' lang='lat' dir='ltr'>a</span> <span class='ocrx_word' id='word_1_542' title='bbox 1088 4220 1229 4276; x_wconf 89' lang='lat' dir='ltr'>luna</span> <span class='ocrx_word' id='word_1_543' title='bbox 1252 4219 1609 4292; x_wconf 87' lang='lat' dir='ltr'>apprehendi</span> <span class='ocrx_word' id='word_1_544' title='bbox 1640 4236 1702 4275; x_wconf 88' lang='lat' dir='ltr'>se</span> <span class='ocrx_word' id='word_1_545' title='bbox 1723 4221 2002 4292; x_wconf 86' lang='lat' dir='ltr'>patiente.</span> 
     </span>
    </p>
   </div>
   <div class='ocr_carea' id='block_1_79' title="bbox 361 4306 2002 4384">
    <p class='ocr_par' dir='ltr' id='par_1_79' title="bbox 361 4306 2002 4384">
     <span class='ocr_line' id='line_1_79' title="bbox 361 4306 2002 4384; baseline -0.001 -17"><span class='ocrx_word' id='word_1_546' title='bbox 361 4312 432 4368; x_wconf 87' lang='lat' dir='ltr'>Et</span> <span class='ocrx_word' id='word_1_547' title='bbox 455 4311 575 4368; x_wconf 70' lang='lat' dir='ltr'>haec</span> <span class='ocrx_word' id='word_1_548' title='bbox 606 4310 843 4384; x_wconf 90' lang='lat' dir='ltr'>quidem</span> <span class='ocrx_word' id='word_1_549' title='bbox 875 4310 935 4365; x_wconf 92' lang='lat' dir='ltr'>in</span> <span class='ocrx_word' id='word_1_550' title='bbox 967 4307 1282 4381; x_wconf 85' lang='lat' dir='ltr'>Sagittario</span> <span class='ocrx_word' id='word_1_551' title='bbox 1309 4311 1367 4363; x_wconf 90' lang='lat' dir='ltr'>et</span> <span class='ocrx_word' id='word_1_552' title='bbox 1395 4306 1656 4364; x_wconf 91' lang='lat' dir='ltr'>Geminis</span> <span class='ocrx_word' id='word_1_553' title='bbox 1685 4307 1768 4364; x_wconf 86' lang='lat' dir='ltr'>ita</span> <span class='ocrx_word' id='word_1_554' title='bbox 1809 4325 1872 4364; x_wconf 90' lang='lat' dir='ltr'>se</span> <span class='ocrx_word' id='word_1_555' title='bbox 1899 4309 2002 4364; x_wconf 91' lang='lat' dir='ltr'>ha-</span> 
     </span>
    </p>
   </div>
   <div class='ocr_carea' id='block_1_80' title="bbox 356 4395 2003 4469">
    <p class='ocr_par' dir='ltr' id='par_1_80' title="bbox 356 4395 2003 4469">
     <span class='ocr_line' id='line_1_80' title="bbox 356 4395 2003 4469; baseline -0.002 -11"><span class='ocrx_word' id='word_1_556' title='bbox 356 4401 500 4459; x_wconf 88' lang='lat' dir='ltr'>bent</span> <span class='ocrx_word' id='word_1_557' title='bbox 528 4417 541 4456; x_wconf 87' lang='lat'><strong>:</strong></span> <span class='ocrx_word' id='word_1_558' title='bbox 575 4400 637 4455; x_wconf 92' lang='lat' dir='ltr'>in</span> <span class='ocrx_word' id='word_1_559' title='bbox 667 4397 1032 4454; x_wconf 90' lang='lat' dir='ltr'>intermediis</span> <span class='ocrx_word' id='word_1_560' title='bbox 1059 4400 1255 4453; x_wconf 90' lang='lat' dir='ltr'>autem</span> <span class='ocrx_word' id='word_1_561' title='bbox 1286 4395 1473 4468; x_wconf 89' lang='lat' dir='ltr'>signis</span> <span class='ocrx_word' id='word_1_562' title='bbox 1503 4396 1835 4452; x_wconf 88' lang='lat' dir='ltr'>secundum</span> <span class='ocrx_word' id='word_1_563' title='bbox 1867 4413 2003 4469; x_wconf 91' lang='lat' dir='ltr'>pro-</span> 
     </span>
    </p>
   </div>
   <div class='ocr_carea' id='block_1_81' title="bbox 356 4485 953 4562">
    <p class='ocr_par' dir='ltr' id='par_1_81' title="bbox 356 4485 953 4562">
     <span class='ocr_line' id='line_1_81' title="bbox 356 4485 953 4562; baseline -0.01 -15"><span class='ocrx_word' id='word_1_564' title='bbox 356 4489 684 4562; x_wconf 85' lang='lat' dir='ltr'>portionem</span> <span class='ocrx_word' id='word_1_565' title='bbox 713 4485 953 4544; x_wconf 90' lang='lat' dir='ltr'>eveniet.</span> 
     </span>
    </p>
   </div>
   <div class='ocr_carea' id='block_1_82' title="bbox 425 4750 1999 4827">
    <p class='ocr_par' dir='ltr' id='par_1_82' title="bbox 425 4750 1999 4827">
     <span class='ocr_line' id='line_1_82' title="bbox 425 4750 1999 4827; baseline -0.003 -13"><span class='ocrx_word' id='word_1_566' title='bbox 425 4757 597 4814; x_wconf 81' lang='grc' dir='ltr'>13.Αο</span> <span class='ocrx_word' id='word_1_567' title='bbox 618 4756 698 4812; x_wconf 91' lang='lat' dir='ltr'>ita</span> <span class='ocrx_word' id='word_1_568' title='bbox 719 4754 958 4827; x_wconf 84' lang='lat' dir='ltr'>quidem</span> <span class='ocrx_word' id='word_1_569' title='bbox 987 4753 1048 4809; x_wconf 89' lang='lat' dir='ltr'>in</span> <span class='ocrx_word' id='word_1_570' title='bbox 1078 4751 1263 4826; x_wconf 89' lang='lat' dir='ltr'>signis</span> <span class='ocrx_word' id='word_1_571' title='bbox 1284 4751 1652 4825; x_wconf 88' lang='lat' dir='ltr'>planetarum</span> <span class='ocrx_word' id='word_1_572' title='bbox 1674 4750 1999 4809; x_wconf 84' lang='lat' dir='ltr'>sublimita-</span> 
     </span>
    </p>
   </div>
   <div class='ocr_carea' id='block_1_83' title="bbox 2117 3415 3781 3499">
    <p class='ocr_par' dir='ltr' id='par_1_83' title="bbox 2117 3415 3781 3499">
     <span class='ocr_line' id='line_1_83' title="bbox 2117 3415 3781 3499; baseline 0.006 -28"><span class='ocrx_word' id='word_1_573' title='bbox 2117 3417 2230 3491; x_wconf 76' lang='grc' dir='ltr'>ὅσῳ</span> <span class='ocrx_word' id='word_1_574' title='bbox 2261 3415 2318 3472; x_wconf 74' lang='grc' dir='ltr'>δὲ</span> <span class='ocrx_word' id='word_1_575' title='bbox 2348 3415 2536 3492; x_wconf 85' lang='grc' dir='ltr'>χρόνῳ</span> <span class='ocrx_word' id='word_1_576' title='bbox 2583 3419 2674 3474; x_wconf 87' lang='grc' dir='ltr'>τὸν</span> <span class='ocrx_word' id='word_1_577' title='bbox 2724 3419 2958 3490; x_wconf 81' lang='grc' dir='ltr'>Τοξότην</span> <span class='ocrx_word' id='word_1_578' title='bbox 3008 3423 3042 3489; x_wconf 85' lang='grc' dir='ltr'>ἡ</span> <span class='ocrx_word' id='word_1_579' title='bbox 3095 3420 3293 3493; x_wconf 86' lang='grc' dir='ltr'>σελήνη</span> <span class='ocrx_word' id='word_1_580' title='bbox 3340 3419 3648 3499; x_wconf 83' lang='grc' dir='ltr'>διέρχεται,</span> <span class='ocrx_word' id='word_1_581' title='bbox 3683 3424 3781 3482; x_wconf 85' lang='grc' dir='ltr'>δύο</span> 
     </span>
    </p>
   </div>
   <div class='ocr_carea' id='block_1_84' title="bbox 2116 3503 3780 3586">
    <p class='ocr_par' dir='ltr' id='par_1_84' title="bbox 2116 3503 3780 3586">
     <span class='ocr_line' id='line_1_84' title="bbox 2116 3503 3780 3586; baseline 0.006 -27"><span class='ocrx_word' id='word_1_582' title='bbox 2116 3509 2336 3583; x_wconf 80' lang='grc' dir='ltr'>ἡμερῶν</span> <span class='ocrx_word' id='word_1_583' title='bbox 2390 3506 2480 3560; x_wconf 86' lang='grc' dir='ltr'>καὶ</span> <span class='ocrx_word' id='word_1_584' title='bbox 2535 3503 2788 3570; x_wconf 87' lang='grc' dir='ltr'>πλείονος</span> <span class='ocrx_word' id='word_1_585' title='bbox 2847 3508 2882 3577; x_wconf 78' lang='grc' dir='ltr'><strong>ἢ</strong></span> <span class='ocrx_word' id='word_1_586' title='bbox 2936 3508 3173 3582; x_wconf 81' lang='grc' dir='ltr'>ἡμίσους</span> <span class='ocrx_word' id='word_1_587' title='bbox 3230 3508 3442 3584; x_wconf 77' lang='grc' dir='ltr'>ἡμέρας</span> <span class='ocrx_word' id='word_1_588' title='bbox 3532 3510 3780 3586; x_wconf 83' lang='grc' dir='ltr'>δεομένη</span> 
     </span>
    </p>
   </div>
   <div class='ocr_carea' id='block_1_85' title="bbox 2117 3593 3784 3672">
    <p class='ocr_par' dir='ltr' id='par_1_85' title="bbox 2117 3593 3784 3672">
     <span class='ocr_line' id='line_1_85' title="bbox 2117 3593 3784 3672; baseline 0.004 -22"><span class='ocrx_word' id='word_1_589' title='bbox 2117 3595 2253 3672; x_wconf 82' lang='grc' dir='ltr'>πρὸς</span> <span class='ocrx_word' id='word_1_590' title='bbox 2279 3596 2342 3650; x_wconf 83' lang='grc' dir='ltr'>τὸ</span> <span class='ocrx_word' id='word_1_591' title='bbox 2374 3593 2603 3651; x_wconf 85' lang='grc' dir='ltr'>διελθεῖν</span> <span class='ocrx_word' id='word_1_592' title='bbox 2631 3595 2808 3666; x_wconf 83' lang='grc' dir='ltr'>αὑτὸν,</span> <span class='ocrx_word' id='word_1_593' title='bbox 2842 3597 2870 3650; x_wconf 88' lang='lat'>6</span> <span class='ocrx_word' id='word_1_594' title='bbox 2901 3594 3067 3665; x_wconf 76' lang='grc' dir='ltr'>ἥλιος</span> <span class='ocrx_word' id='word_1_595' title='bbox 3096 3599 3186 3653; x_wconf 85' lang='grc' dir='ltr'>τὸν</span> <span class='ocrx_word' id='word_1_596' title='bbox 3227 3599 3461 3670; x_wconf 82' lang='grc' dir='ltr'>Τοξότην</span> <span class='ocrx_word' id='word_1_597' title='bbox 3513 3599 3784 3671; x_wconf 80' lang='grc' dir='ltr'>διελθὼν,</span> 
     </span>
    </p>
   </div>
   <div class='ocr_carea' id='block_1_86' title="bbox 2117 3682 3782 3764">
    <p class='ocr_par' dir='ltr' id='par_1_86' title="bbox 2117 3682 3782 3764">
     <span class='ocr_line' id='line_1_86' title="bbox 2117 3682 3782 3764; baseline 0.005 -26"><span class='ocrx_word' id='word_1_598' title='bbox 2117 3685 2207 3739; x_wconf 83' lang='grc' dir='ltr'>τὸν</span> <span class='ocrx_word' id='word_1_599' title='bbox 2244 3683 2556 3760; x_wconf 80' lang='grc' dir='ltr'>Αἰγόκερων</span> <span class='ocrx_word' id='word_1_600' title='bbox 2607 3682 2998 3758; x_wconf 84' lang='grc' dir='ltr'>καταλήψεται·</span> <span class='ocrx_word' id='word_1_601' title='bbox 3029 3686 3185 3756; x_wconf 85' lang='grc' dir='ltr'>καὶὴ</span> <span class='ocrx_word' id='word_1_602' title='bbox 3235 3687 3438 3758; x_wconf 88' lang='grc' dir='ltr'>σελήνη</span> <span class='ocrx_word' id='word_1_603' title='bbox 3499 3695 3782 3764; x_wconf 75' lang='grc' dir='ltr'>γινομένη</span> 
     </span>
    </p>
   </div>
   <div class='ocr_carea' id='block_1_87' title="bbox 2117 3769 3787 3850">
    <p class='ocr_par' dir='ltr' id='par_1_87' title="bbox 2117 3769 3787 3850">
     <span class='ocr_line' id='line_1_87' title="bbox 2117 3769 3787 3850; baseline 0.002 -22"><span class='ocrx_word' id='word_1_604' title='bbox 2117 3773 2254 3849; x_wconf 86' lang='grc' dir='ltr'>πρὸς</span> <span class='ocrx_word' id='word_1_605' title='bbox 2278 3773 2370 3828; x_wconf 89' lang='grc' dir='ltr'>τόν</span> <span class='ocrx_word' id='word_1_606' title='bbox 2397 3769 2733 3850; x_wconf 76' lang='grc' dir='ltr'>Αἷγόκερων,</span> <span class='ocrx_word' id='word_1_607' title='bbox 2765 3775 2977 3850; x_wconf 88' lang='grc' dir='ltr'>εὑρήσει</span> <span class='ocrx_word' id='word_1_608' title='bbox 3009 3775 3104 3830; x_wconf 86' lang='grc' dir='ltr'>τόν</span> <span class='ocrx_word' id='word_1_609' title='bbox 3154 3775 3318 3846; x_wconf 81' lang='grc' dir='ltr'>ἥλιον</span> <span class='ocrx_word' id='word_1_610' title='bbox 3368 3781 3464 3831; x_wconf 91' lang='grc' dir='ltr'>τοῦ</span> <span class='ocrx_word' id='word_1_611' title='bbox 3515 3782 3787 3836; x_wconf 75' lang='grc' dir='ltr'>τοιούτου</span> 
     </span>
    </p>
   </div>
   <div class='ocr_carea' id='block_1_88' title="bbox 2121 3859 3790 3945">
    <p class='ocr_par' dir='ltr' id='par_1_88' title="bbox 2121 3859 3790 3945">
     <span class='ocr_line' id='line_1_88' title="bbox 2121 3859 3790 3945; baseline 0.006 -30"><span class='ocrx_word' id='word_1_612' title='bbox 2121 3859 2318 3931; x_wconf 86' lang='grc' dir='ltr'>ζωδίου</span> <span class='ocrx_word' id='word_1_613' title='bbox 2373 3863 2472 3931; x_wconf 78' lang='grc' dir='ltr'>τὴν</span> <span class='ocrx_word' id='word_1_614' title='bbox 2534 3863 2711 3938; x_wconf 73' lang='grc' dir='ltr'>ἀρχὴν</span> <span class='ocrx_word' id='word_1_615' title='bbox 2769 3863 3204 3938; x_wconf 86' lang='grc' dir='ltr'>παραμείψαντα,</span> <span class='ocrx_word' id='word_1_616' title='bbox 3235 3865 3324 3919; x_wconf 80' lang='grc' dir='ltr'>καὶ</span> <span class='ocrx_word' id='word_1_617' title='bbox 3375 3865 3559 3937; x_wconf 82' lang='grc' dir='ltr'>δεήσει</span> <span class='ocrx_word' id='word_1_618' title='bbox 3607 3870 3790 3945; x_wconf 74' lang='grc' dir='ltr'>ταύτῃ</span> 
     </span>
    </p>
   </div>
   <div class='ocr_carea' id='block_1_89' title="bbox 2117 3948 3785 4036">
    <p class='ocr_par' dir='ltr' id='par_1_89' title="bbox 2117 3948 3785 4036">
     <span class='ocr_line' id='line_1_89' title="bbox 2117 3948 3785 4036; baseline 0.005 -32"><span class='ocrx_word' id='word_1_619' title='bbox 2117 3948 2206 4005; x_wconf 89' lang='grc' dir='ltr'>καί</span> <span class='ocrx_word' id='word_1_620' title='bbox 2235 3968 2382 4012; x_wconf 89' lang='grc' dir='ltr'>τινος</span> <span class='ocrx_word' id='word_1_621' title='bbox 2430 3949 2612 4026; x_wconf 73' lang='grc' dir='ltr'>ἑτέρου</span> <span class='ocrx_word' id='word_1_622' title='bbox 2655 3957 2918 4027; x_wconf 86' lang='grc' dir='ltr'>χρονικοῦ</span> <span class='ocrx_word' id='word_1_623' title='bbox 2965 3949 3334 4027; x_wconf 73' lang='grc' dir='ltr'>διαστήματος</span> <span class='ocrx_word' id='word_1_624' title='bbox 3366 3954 3444 4017; x_wconf 87' lang='grc' dir='ltr'>εἷς</span> <span class='ocrx_word' id='word_1_625' title='bbox 3475 3957 3542 4010; x_wconf 88' lang='grc' dir='ltr'>τὸ</span> <span class='ocrx_word' id='word_1_626' title='bbox 3575 3960 3785 4036; x_wconf 78' lang='grc' dir='ltr'>φθάσαι</span> 
     </span>
    </p>
   </div>
   <div class='ocr_carea' id='block_1_90' title="bbox 2115 4037 3789 4116">
    <p class='ocr_par' dir='ltr' id='par_1_90' title="bbox 2115 4037 3789 4116">
     <span class='ocr_line' id='line_1_90' title="bbox 2115 4037 3789 4116; baseline 0.004 -23"><span class='ocrx_word' id='word_1_627' title='bbox 2115 4039 2206 4093; x_wconf 85' lang='grc' dir='ltr'>τὸν</span> <span class='ocrx_word' id='word_1_628' title='bbox 2239 4037 2420 4107; x_wconf 78' lang='grc' dir='ltr'>ἥλιον.</span> <span class='ocrx_word' id='word_1_629' title='bbox 2455 4039 2553 4093; x_wconf 82' lang='grc' dir='ltr'>Καὶ</span> <span class='ocrx_word' id='word_1_630' title='bbox 2597 4039 2770 4102; x_wconf 75' lang='grc' dir='ltr'>οὕτως</span> <span class='ocrx_word' id='word_1_631' title='bbox 2804 4041 2831 4095; x_wconf 90' lang='grc' dir='ltr'>ὁ</span> <span class='ocrx_word' id='word_1_632' title='bbox 2865 4041 2959 4115; x_wconf 79' lang='grc' dir='ltr'>μὶν</span> <span class='ocrx_word' id='word_1_633' title='bbox 3014 4043 3293 4116; x_wconf 88' lang='grc' dir='ltr'>γενήσεται</span> <span class='ocrx_word' id='word_1_634' title='bbox 3347 4045 3645 4116; x_wconf 86' lang='grc' dir='ltr'>μήκιστος,</span> <span class='ocrx_word' id='word_1_635' title='bbox 3681 4054 3789 4116; x_wconf 73' lang='grc' dir='ltr'>τῆς</span> 
     </span>
    </p>
   </div>
   <div class='ocr_carea' id='block_1_91' title="bbox 2119 4125 3784 4204">
    <p class='ocr_par' dir='ltr' id='par_1_91' title="bbox 2119 4125 3784 4204">
     <span class='ocr_line' id='line_1_91' title="bbox 2119 4125 3784 4204; baseline 0.006 -23"><span class='ocrx_word' id='word_1_636' title='bbox 2119 4127 2212 4200; x_wconf 75' lang='grc' dir='ltr'>μὲν</span> <span class='ocrx_word' id='word_1_637' title='bbox 2269 4125 2505 4199; x_wconf 89' lang='grc' dir='ltr'>σελήνης</span> <span class='ocrx_word' id='word_1_638' title='bbox 2567 4125 2808 4204; x_wconf 84' lang='grc' dir='ltr'>βραδέως</span> <span class='ocrx_word' id='word_1_639' title='bbox 2859 4128 2924 4183; x_wconf 85' lang='grc' dir='ltr'>τὸ</span> <span class='ocrx_word' id='word_1_640' title='bbox 2973 4129 3075 4184; x_wconf 87' lang='grc' dir='ltr'>ὑπὸ</span> <span class='ocrx_word' id='word_1_641' title='bbox 3103 4133 3194 4186; x_wconf 89' lang='grc' dir='ltr'>τὸν</span> <span class='ocrx_word' id='word_1_642' title='bbox 3224 4130 3456 4202; x_wconf 80' lang='grc' dir='ltr'>Τοξότην</span> <span class='ocrx_word' id='word_1_643' title='bbox 3483 4139 3588 4188; x_wconf 87' lang='grc' dir='ltr'>τοῦ</span> <span class='ocrx_word' id='word_1_644' title='bbox 3650 4137 3784 4191; x_wconf 59' lang='lat' dir='ltr'>Earu-</span> 
     </span>
    </p>
   </div>
   <div class='ocr_carea' id='block_1_92' title="bbox 2112 4214 3783 4300">
    <p class='ocr_par' dir='ltr' id='par_1_92' title="bbox 2112 4214 3783 4300">
     <span class='ocr_line' id='line_1_92' title="bbox 2112 4214 3783 4300; baseline 0.007 -31"><span class='ocrx_word' id='word_1_645' title='bbox 2112 4218 2210 4286; x_wconf 77' lang='grc' dir='ltr'>τῆς</span> <span class='ocrx_word' id='word_1_646' title='bbox 2240 4214 2444 4271; x_wconf 86' lang='grc' dir='ltr'>κύκλου</span> <span class='ocrx_word' id='word_1_647' title='bbox 2472 4218 2670 4290; x_wconf 79' lang='grc' dir='ltr'>τμῆμα</span> <span class='ocrx_word' id='word_1_648' title='bbox 2701 4215 3087 4293; x_wconf 84' lang='grc' dir='ltr'>διερχομένης,</span> <span class='ocrx_word' id='word_1_649' title='bbox 3118 4223 3214 4274; x_wconf 92' lang='grc' dir='ltr'>τοῦ</span> <span class='ocrx_word' id='word_1_650' title='bbox 3245 4220 3411 4289; x_wconf 89' lang='grc' dir='ltr'>ἡλίου</span> <span class='ocrx_word' id='word_1_651' title='bbox 3442 4217 3501 4276; x_wconf 77' lang='grc' dir='ltr'>δὲ</span> <span class='ocrx_word' id='word_1_652' title='bbox 3547 4226 3783 4300; x_wconf 79' lang='grc' dir='ltr'>ταχέως</span> 
     </span>
    </p>
   </div>
   <div class='ocr_carea' id='block_1_93' title="bbox 2110 4302 3781 4387">
    <p class='ocr_par' dir='ltr' id='par_1_93' title="bbox 2110 4302 3781 4387">
     <span class='ocr_line' id='line_1_93' title="bbox 2110 4302 3781 4387; baseline 0.007 -29"><span class='ocrx_word' id='word_1_653' title='bbox 2110 4305 2173 4358; x_wconf 87' lang='grc' dir='ltr'>τὸ</span> <span class='ocrx_word' id='word_1_654' title='bbox 2200 4303 2288 4359; x_wconf 87' lang='grc' dir='ltr'>ὑπ’</span> <span class='ocrx_word' id='word_1_655' title='bbox 2317 4302 2476 4359; x_wconf 83' lang='grc' dir='ltr'>αὐτὸν</span> <span class='ocrx_word' id='word_1_656' title='bbox 2509 4302 2574 4374; x_wconf 81' lang='grc' dir='ltr'>δὴ</span> <span class='ocrx_word' id='word_1_657' title='bbox 2605 4305 2696 4360; x_wconf 87' lang='grc' dir='ltr'>τὸν</span> <span class='ocrx_word' id='word_1_658' title='bbox 2728 4306 2961 4378; x_wconf 80' lang='grc' dir='ltr'>Τοξότην</span> <span class='ocrx_word' id='word_1_659' title='bbox 3011 4310 3108 4362; x_wconf 85' lang='grc' dir='ltr'>τοῦ</span> <span class='ocrx_word' id='word_1_660' title='bbox 3143 4307 3347 4363; x_wconf 79' lang='grc' dir='ltr'>οἰκείου</span> <span class='ocrx_word' id='word_1_661' title='bbox 3396 4307 3610 4367; x_wconf 86' lang='grc' dir='ltr'>κύκλου</span> <span class='ocrx_word' id='word_1_662' title='bbox 3670 4314 3781 4387; x_wconf 87' lang='grc' dir='ltr'>μό-</span> 
     </span>
    </p>
   </div>
   <div class='ocr_carea' id='block_1_94' title="bbox 2113 4389 3779 4472">
    <p class='ocr_par' dir='ltr' id='par_1_94' title="bbox 2113 4389 3779 4472">
     <span class='ocr_line' id='line_1_94' title="bbox 2113 4389 3779 4472; baseline 0.008 -26"><span class='ocrx_word' id='word_1_663' title='bbox 2113 4413 2227 4466; x_wconf 92' lang='grc' dir='ltr'>ριον</span> <span class='ocrx_word' id='word_1_664' title='bbox 2261 4389 2591 4466; x_wconf 91' lang='grc' dir='ltr'>διανύοντος,</span> <span class='ocrx_word' id='word_1_665' title='bbox 2623 4395 2713 4448; x_wconf 78' lang='grc' dir='ltr'>καὶ</span> <span class='ocrx_word' id='word_1_666' title='bbox 2743 4391 2834 4449; x_wconf 80' lang='grc' dir='ltr'>διὰ</span> <span class='ocrx_word' id='word_1_667' title='bbox 2859 4399 3027 4451; x_wconf 88' lang='grc' dir='ltr'>ταῦτα</span> <span class='ocrx_word' id='word_1_668' title='bbox 3077 4394 3296 4472; x_wconf 86' lang='grc' dir='ltr'>βράδιον</span> <span class='ocrx_word' id='word_1_669' title='bbox 3349 4396 3455 4452; x_wconf 84' lang='grc' dir='ltr'>ὑπὸ</span> <span class='ocrx_word' id='word_1_670' title='bbox 3512 4407 3620 4470; x_wconf 86' lang='grc' dir='ltr'>τῆς</span> <span class='ocrx_word' id='word_1_671' title='bbox 3684 4423 3779 4458; x_wconf 84' lang='grc' dir='ltr'>σε-</span> 
     </span>
    </p>
   </div>
   <div class='ocr_carea' id='block_1_95' title="bbox 2111 4477 3778 4565">
    <p class='ocr_par' dir='ltr' id='par_1_95' title="bbox 2111 4477 3778 4565">
     <span class='ocr_line' id='line_1_95' title="bbox 2111 4477 3778 4565; baseline 0.007 -30"><span class='ocrx_word' id='word_1_672' title='bbox 2111 4478 2289 4552; x_wconf 88' lang='grc' dir='ltr'>λήνης</span> <span class='ocrx_word' id='word_1_673' title='bbox 2328 4477 2904 4556; x_wconf 80' lang='grc' dir='ltr'>καταλαμϐανομένου.</span> <span class='ocrx_word' id='word_1_674' title='bbox 2935 4488 3110 4541; x_wconf 90' lang='grc' dir='ltr'>Ταῦτα</span> <span class='ocrx_word' id='word_1_675' title='bbox 3159 4485 3254 4559; x_wconf 75' lang='grc' dir='ltr'>μὲν</span> <span class='ocrx_word' id='word_1_676' title='bbox 3305 4485 3358 4541; x_wconf 87' lang='grc' dir='ltr'>ἐν</span> <span class='ocrx_word' id='word_1_677' title='bbox 3411 4491 3492 4559; x_wconf 79' lang='grc' dir='ltr'>τῷ</span> <span class='ocrx_word' id='word_1_678' title='bbox 3553 4489 3778 4565; x_wconf 72' lang='grc' dir='ltr'>Ἱοξότῃ</span> 
     </span>
    </p>
   </div>
   <div class='ocr_carea' id='block_1_96' title="bbox 2107 4569 3783 4654">
    <p class='ocr_par' dir='ltr' id='par_1_96' title="bbox 2107 4569 3783 4654">
     <span class='ocr_line' id='line_1_96' title="bbox 2107 4569 3783 4654; baseline 0.006 -30"><span class='ocrx_word' id='word_1_679' title='bbox 2107 4571 2197 4625; x_wconf 86' lang='grc' dir='ltr'>καὶ</span> <span class='ocrx_word' id='word_1_680' title='bbox 2227 4574 2342 4632; x_wconf 90' lang='grc' dir='ltr'>τοῖς</span> <span class='ocrx_word' id='word_1_681' title='bbox 2374 4569 2654 4644; x_wconf 78' lang='grc' dir='ltr'>Διούμοιςο</span> <span class='ocrx_word' id='word_1_682' title='bbox 2687 4570 2740 4626; x_wconf 86' lang='grc' dir='ltr'>έν</span> <span class='ocrx_word' id='word_1_683' title='bbox 2769 4569 2827 4626; x_wconf 76' lang='grc' dir='ltr'>δὲ</span> <span class='ocrx_word' id='word_1_684' title='bbox 2862 4577 2978 4635; x_wconf 91' lang='grc' dir='ltr'>τοῖς</span> <span class='ocrx_word' id='word_1_685' title='bbox 3033 4573 3226 4647; x_wconf 80' lang='grc' dir='ltr'>μεταξὺ</span> <span class='ocrx_word' id='word_1_686' title='bbox 3277 4571 3498 4644; x_wconf 85' lang='grc' dir='ltr'>ζωδίοις</span> <span class='ocrx_word' id='word_1_687' title='bbox 3551 4574 3783 4654; x_wconf 77' lang='grc' dir='ltr'>συμϐή-</span> 
     </span>
    </p>
   </div>
   <div class='ocr_carea' id='block_1_97' title="bbox 2030 4657 2670 4746">
    <p class='ocr_par' dir='ltr' id='par_1_97' title="bbox 2030 4657 2670 4746">
     <span class='ocr_line' id='line_1_97' title="bbox 2030 4657 2670 4746; baseline 0.008 -35"><span class='ocrx_word' id='word_1_688' title='bbox 2030 4682 2076 4746; x_wconf 83' lang='lat' dir='ltr'><strong>D</strong></span> <span class='ocrx_word' id='word_1_689' title='bbox 2109 4678 2252 4712; x_wconf 90' lang='grc' dir='ltr'>σεται</span> <span class='ocrx_word' id='word_1_690' title='bbox 2281 4659 2345 4713; x_wconf 86' lang='grc' dir='ltr'>τὸ</span> <span class='ocrx_word' id='word_1_691' title='bbox 2377 4657 2670 4734; x_wconf 88' lang='grc' dir='ltr'>ἀνάλογον.</span> 
     </span>
    </p>
   </div>
   <div class='ocr_carea' id='block_1_98' title="bbox 2180 4745 3774 4828">
    <p class='ocr_par' dir='ltr' id='par_1_98' title="bbox 2180 4745 3774 4828">
     <span class='ocr_line' id='line_1_98' title="bbox 2180 4745 3774 4828; baseline 0.007 -28"><span class='ocrx_word' id='word_1_692' title='bbox 2180 4748 2263 4822; x_wconf 89' lang='grc' dir='ltr'>ιγ’.</span> <span class='ocrx_word' id='word_1_693' title='bbox 2298 4748 2396 4801; x_wconf 86' lang='grc' dir='ltr'>Καὶ</span> <span class='ocrx_word' id='word_1_694' title='bbox 2426 4747 2598 4810; x_wconf 75' lang='grc' dir='ltr'>οὕτως</span> <span class='ocrx_word' id='word_1_695' title='bbox 2629 4745 2720 4803; x_wconf 74' lang='grc' dir='ltr'>οὖν</span> <span class='ocrx_word' id='word_1_696' title='bbox 2772 4747 2825 4803; x_wconf 78' lang='grc' dir='ltr'>ἐν</span> <span class='ocrx_word' id='word_1_697' title='bbox 2878 4754 2994 4813; x_wconf 83' lang='grc' dir='ltr'>τοῖς</span> <span class='ocrx_word' id='word_1_698' title='bbox 3029 4747 3246 4819; x_wconf 86' lang='grc' dir='ltr'>ζωδίοις</span> <span class='ocrx_word' id='word_1_699' title='bbox 3302 4749 3599 4828; x_wconf 79' lang='grc' dir='ltr'>ἐλέγχεται</span> <span class='ocrx_word' id='word_1_700' title='bbox 3657 4760 3774 4817; x_wconf 75' lang='grc' dir='ltr'>τῶν</span> 
     </span>
    </p>
   </div>
   <div class='ocr_carea' id='block_1_99' title="bbox 350 4834 2008 4916">
    <p class='ocr_par' dir='ltr' id='par_1_99' title="bbox 350 4840 1994 4914">
     <span class='ocr_line' id='line_1_99' title="bbox 350 4840 1994 4914; baseline -0.002 -11"><span class='ocrx_word' id='word_1_701' title='bbox 350 4850 436 4904; x_wconf 86' lang='lat' dir='ltr'>tes</span> <span class='ocrx_word' id='word_1_702' title='bbox 457 4850 513 4902; x_wconf 88' lang='lat' dir='ltr'>et</span> <span class='ocrx_word' id='word_1_703' title='bbox 539 4844 921 4913; x_wconf 90' lang='lat' dir='ltr'>humilitates,</span> <span class='ocrx_word' id='word_1_704' title='bbox 950 4843 1198 4899; x_wconf 87' lang='lat' dir='ltr'>aliorum</span> <span class='ocrx_word' id='word_1_705' title='bbox 1229 4841 1288 4897; x_wconf 92' lang='lat' dir='ltr'>in</span> <span class='ocrx_word' id='word_1_706' title='bbox 1319 4840 1452 4898; x_wconf 89' lang='lat' dir='ltr'>aliis</span> <span class='ocrx_word' id='word_1_707' title='bbox 1483 4844 1994 4914; x_wconf 88' lang='lat' dir='ltr'>arguuntur.Cum</span> 
     </span>
    </p>
   </div>
   <div class='ocr_carea' id='block_1_100' title="bbox 2133 4834 3776 4916">
    <p class='ocr_par' dir='ltr' id='par_1_100' title="bbox 2133 4834 3776 4916">
     <span class='ocr_line' id='line_1_100' title="bbox 2133 4834 3776 4916; baseline 0.006 -26"><span class='ocrx_word' id='word_1_708' title='bbox 2133 4834 2398 4906; x_wconf 68' lang='grc' dir='ltr'>πλανήτων</span> <span class='ocrx_word' id='word_1_709' title='bbox 2459 4837 2727 4911; x_wconf 82' lang='grc' dir='ltr'>ὑψώματά</span> <span class='ocrx_word' id='word_1_710' title='bbox 2770 4858 2829 4892; x_wconf 90' lang='grc' dir='ltr'>τε</span> <span class='ocrx_word' id='word_1_711' title='bbox 2858 4837 2948 4893; x_wconf 89' lang='grc' dir='ltr'>καὶ</span> <span class='ocrx_word' id='word_1_712' title='bbox 3004 4841 3409 4916; x_wconf 81' lang='grc' dir='ltr'>ταπεινώματα,</span> <span class='ocrx_word' id='word_1_713' title='bbox 3443 4841 3495 4896; x_wconf 84' lang='grc' dir='ltr'>έν</span> <span class='ocrx_word' id='word_1_714' title='bbox 3560 4842 3776 4909; x_wconf 75' lang='grc' dir='ltr'>ἄλλοις</span> 
     </span>
    </p>
   </div>
   <div class='ocr_carea' id='block_1_101' title="bbox 348 4923 2008 5006">
    <p class='ocr_par' dir='ltr' id='par_1_101' title="bbox 348 4929 1993 5006">
     <span class='ocr_line' id='line_1_101' title="bbox 348 4929 1993 5006; baseline -0.004 -14"><span class='ocrx_word' id='word_1_715' title='bbox 348 4934 504 4992; x_wconf 88' lang='lat' dir='ltr'>enim</span> <span class='ocrx_word' id='word_1_716' title='bbox 536 4933 795 5006; x_wconf 90' lang='lat' dir='ltr'>quolibet</span> <span class='ocrx_word' id='word_1_717' title='bbox 824 4933 991 5006; x_wconf 88' lang='lat' dir='ltr'>signo</span> <span class='ocrx_word' id='word_1_718' title='bbox 1015 4931 1075 4986; x_wconf 91' lang='lat' dir='ltr'>in</span> <span class='ocrx_word' id='word_1_719' title='bbox 1107 4931 1349 5004; x_wconf 88' lang='lat' dir='ltr'>triginta</span> <span class='ocrx_word' id='word_1_720' title='bbox 1380 4931 1598 5003; x_wconf 92' lang='lat' dir='ltr'>gradus</span> <span class='ocrx_word' id='word_1_721' title='bbox 1638 4929 1843 4998; x_wconf 90' lang='lat' dir='ltr'>diviso,</span> <span class='ocrx_word' id='word_1_722' title='bbox 1878 4929 1993 4986; x_wconf 89' lang='lat' dir='ltr'>alia</span> 
     </span>
    </p>
   </div>
   <div class='ocr_carea' id='block_1_102' title="bbox 2133 4923 3774 5006">
    <p class='ocr_par' dir='ltr' id='par_1_102' title="bbox 2133 4923 3774 5005">
     <span class='ocr_line' id='line_1_102' title="bbox 2133 4923 3774 5005; baseline 0.007 -28"><span class='ocrx_word' id='word_1_723' title='bbox 2133 4923 2308 4980; x_wconf 54' lang='lat' dir='ltr'>Aka.</span> <span class='ocrx_word' id='word_1_724' title='bbox 2344 4924 2569 4980; x_wconf 87' lang='grc' dir='ltr'>Ὁπόταν</span> <span class='ocrx_word' id='word_1_725' title='bbox 2623 4927 2726 5002; x_wconf 80' lang='grc' dir='ltr'>γὰρ</span> <span class='ocrx_word' id='word_1_726' title='bbox 2785 4926 2861 4989; x_wconf 80' lang='grc' dir='ltr'>εἷς</span> <span class='ocrx_word' id='word_1_727' title='bbox 2913 4928 3202 5004; x_wconf 86' lang='grc' dir='ltr'>τριάκοντα</span> <span class='ocrx_word' id='word_1_728' title='bbox 3252 4929 3449 5005; x_wconf 86' lang='grc' dir='ltr'>μοίρας</span> <span class='ocrx_word' id='word_1_729' title='bbox 3479 4931 3602 4995; x_wconf 74' lang='grc' dir='ltr'>ἑνὸς</span> <span class='ocrx_word' id='word_1_730' title='bbox 3635 4934 3774 4988; x_wconf 70' lang='grc' dir='ltr'>ἑκά-</span> 
     </span>
    </p>
   </div>
   <div class='ocr_carea' id='block_1_103' title="bbox 345 5012 2008 5094">
    <p class='ocr_par' dir='ltr' id='par_1_103' title="bbox 345 5019 1987 5094">
     <span class='ocr_line' id='line_1_103' title="bbox 345 5019 1987 5094; baseline -0.004 -14"><span class='ocrx_word' id='word_1_731' title='bbox 345 5023 594 5094; x_wconf 89' lang='lat' dir='ltr'>tardius,</span> <span class='ocrx_word' id='word_1_732' title='bbox 627 5021 739 5078; x_wconf 89' lang='lat' dir='ltr'>alia</span> <span class='ocrx_word' id='word_1_733' title='bbox 777 5020 1023 5078; x_wconf 90' lang='lat' dir='ltr'>celerius</span> <span class='ocrx_word' id='word_1_734' title='bbox 1071 5020 1319 5093; x_wconf 74' lang='lat' dir='ltr'>planetae</span> <span class='ocrx_word' id='word_1_735' title='bbox 1369 5019 1581 5075; x_wconf 85' lang='lat' dir='ltr'>subtus</span> <span class='ocrx_word' id='word_1_736' title='bbox 1628 5022 1987 5089; x_wconf 79' lang='lat' dir='ltr'>percurrent,</span> 
     </span>
    </p>
   </div>
   <div class='ocr_carea' id='block_1_104' title="bbox 2133 5012 3769 5094">
    <p class='ocr_par' dir='ltr' id='par_1_104' title="bbox 2133 5012 3769 5091">
     <span class='ocr_line' id='line_1_104' title="bbox 2133 5012 3769 5091; baseline 0.006 -23"><span class='ocrx_word' id='word_1_737' title='bbox 2133 5034 2226 5068; x_wconf 92' lang='grc' dir='ltr'>του</span> <span class='ocrx_word' id='word_1_738' title='bbox 2282 5019 2389 5069; x_wconf 80' lang='grc' dir='ltr'>τῶν</span> <span class='ocrx_word' id='word_1_739' title='bbox 2451 5012 2659 5083; x_wconf 85' lang='grc' dir='ltr'>ζωδίων</span> <span class='ocrx_word' id='word_1_740' title='bbox 2716 5012 3069 5091; x_wconf 77' lang='grc' dir='ltr'>διῃρημένου,</span> <span class='ocrx_word' id='word_1_741' title='bbox 3098 5019 3165 5072; x_wconf 74' lang='grc' dir='ltr'>τὰ</span> <span class='ocrx_word' id='word_1_742' title='bbox 3221 5019 3315 5091; x_wconf 79' lang='grc' dir='ltr'>μὲν</span> <span class='ocrx_word' id='word_1_743' title='bbox 3374 5023 3481 5075; x_wconf 82' lang='grc' dir='ltr'>τῶν</span> <span class='ocrx_word' id='word_1_744' title='bbox 3540 5019 3769 5090; x_wconf 82' lang='grc' dir='ltr'>ζωδίων</span> 
     </span>
    </p>
   </div>
   <div class='ocr_carea' id='block_1_105' title="bbox 342 5099 2008 5186">
    <p class='ocr_par' dir='ltr' id='par_1_105' title="bbox 342 5106 1987 5183">
     <span class='ocr_line' id='line_1_105' title="bbox 342 5106 1987 5183; baseline -0.003 -16"><span class='ocrx_word' id='word_1_745' title='bbox 342 5111 528 5183; x_wconf 87' lang='lat' dir='ltr'>liquet</span> <span class='ocrx_word' id='word_1_746' title='bbox 555 5111 708 5182; x_wconf 89' lang='lat' dir='ltr'>quod</span> <span class='ocrx_word' id='word_1_747' title='bbox 742 5109 840 5165; x_wconf 93' lang='lat' dir='ltr'>ubi</span> <span class='ocrx_word' id='word_1_748' title='bbox 869 5108 1212 5165; x_wconf 90' lang='lat' dir='ltr'>humiliores</span> <span class='ocrx_word' id='word_1_749' title='bbox 1243 5112 1402 5177; x_wconf 91' lang='lat' dir='ltr'>sunt,</span> <span class='ocrx_word' id='word_1_750' title='bbox 1433 5111 1489 5163; x_wconf 89' lang='lat' dir='ltr'>et</span> <span class='ocrx_word' id='word_1_751' title='bbox 1533 5107 1592 5162; x_wconf 92' lang='lat' dir='ltr'>in</span> <span class='ocrx_word' id='word_1_752' title='bbox 1635 5106 1987 5180; x_wconf 89' lang='lat' dir='ltr'>angustiori-</span> 
     </span>
    </p>
   </div>
   <div class='ocr_carea' id='block_1_106' title="bbox 2133 5099 3771 5186">
    <p class='ocr_par' dir='ltr' id='par_1_106' title="bbox 2139 5099 3771 5186">
     <span class='ocr_line' id='line_1_106' title="bbox 2139 5099 3771 5186; baseline 0.006 -29"><span class='ocrx_word' id='word_1_753' title='bbox 2139 5099 2340 5178; x_wconf 88' lang='grc' dir='ltr'>ράδιον,</span> <span class='ocrx_word' id='word_1_754' title='bbox 2396 5103 2462 5158; x_wconf 77' lang='grc' dir='ltr'>τὰ</span> <span class='ocrx_word' id='word_1_755' title='bbox 2520 5099 2578 5158; x_wconf 64' lang='grc' dir='ltr'>δὲ</span> <span class='ocrx_word' id='word_1_756' title='bbox 2633 5104 2826 5179; x_wconf 83' lang='grc' dir='ltr'>τάχιον</span> <span class='ocrx_word' id='word_1_757' title='bbox 2893 5106 2946 5159; x_wconf 75' lang='grc' dir='ltr'>οἳ</span> <span class='ocrx_word' id='word_1_758' title='bbox 3019 5103 3294 5177; x_wconf 87' lang='grc' dir='ltr'>πλάνητες</span> <span class='ocrx_word' id='word_1_759' title='bbox 3376 5107 3771 5186; x_wconf 72' lang='grc' dir='ltr'>ὑποτρέχωσιο</span> 
     </span>
    </p>
   </div>
   <div class='ocr_carea' id='block_1_107' title="bbox 341 5186 2008 5275">
    <p class='ocr_par' dir='ltr' id='par_1_107' title="bbox 341 5193 1988 5270">
     <span class='ocr_line' id='line_1_107' title="bbox 341 5193 1988 5270; baseline -0.003 -16"><span class='ocrx_word' id='word_1_760' title='bbox 341 5198 456 5255; x_wconf 92' lang='lat' dir='ltr'>bus</span> <span class='ocrx_word' id='word_1_761' title='bbox 503 5214 782 5253; x_wconf 91' lang='lat' dir='ltr'>conorum</span> <span class='ocrx_word' id='word_1_762' title='bbox 833 5197 1150 5270; x_wconf 89' lang='lat' dir='ltr'>segmentis</span> <span class='ocrx_word' id='word_1_763' title='bbox 1199 5199 1528 5266; x_wconf 90' lang='lat' dir='ltr'>versantur,</span> <span class='ocrx_word' id='word_1_764' title='bbox 1587 5193 1836 5250; x_wconf 89' lang='lat' dir='ltr'>celerius</span> <span class='ocrx_word' id='word_1_765' title='bbox 1886 5193 1988 5249; x_wconf 92' lang='lat' dir='ltr'>illa</span> 
     </span>
    </p>
   </div>
   <div class='ocr_carea' id='block_1_108' title="bbox 2133 5186 3770 5275">
    <p class='ocr_par' dir='ltr' id='par_1_108' title="bbox 2133 5186 3770 5275">
     <span class='ocr_line' id='line_1_108' title="bbox 2133 5186 3770 5275; baseline 0.005 -29"><span class='ocrx_word' id='word_1_766' title='bbox 2133 5190 2264 5260; x_wconf 79' lang='grc' dir='ltr'>ἧλον</span> <span class='ocrx_word' id='word_1_767' title='bbox 2321 5191 2395 5254; x_wconf 86' lang='grc' dir='ltr'>ὡς</span> <span class='ocrx_word' id='word_1_768' title='bbox 2455 5186 2576 5247; x_wconf 79' lang='grc' dir='ltr'>ἔνθα</span> <span class='ocrx_word' id='word_1_769' title='bbox 2635 5193 2728 5265; x_wconf 87' lang='grc' dir='ltr'>μέν</span> <span class='ocrx_word' id='word_1_770' title='bbox 2807 5193 2908 5248; x_wconf 82' lang='grc' dir='ltr'>εἶσι</span> <span class='ocrx_word' id='word_1_771' title='bbox 2982 5194 3352 5272; x_wconf 88' lang='grc' dir='ltr'>ταπεινότεροι</span> <span class='ocrx_word' id='word_1_772' title='bbox 3411 5201 3770 5275; x_wconf 82' lang='grc' dir='ltr'>στενοτέραις</span> 
     </span>
    </p>
   </div>
   <div class='ocr_carea' id='block_1_109' title="bbox 343 5279 2008 5359">
    <p class='ocr_par' dir='ltr' id='par_1_109' title="bbox 343 5281 1984 5358">
     <span class='ocr_line' id='line_1_109' title="bbox 343 5281 1984 5358; baseline -0.002 -17"><span class='ocrx_word' id='word_1_773' title='bbox 343 5289 706 5358; x_wconf 78' lang='lat' dir='ltr'>percurrent.</span> <span class='ocrx_word' id='word_1_774' title='bbox 744 5282 847 5338; x_wconf 91' lang='lat' dir='ltr'>Ubi</span> <span class='ocrx_word' id='word_1_775' title='bbox 878 5289 1072 5340; x_wconf 89' lang='lat' dir='ltr'>autem</span> <span class='ocrx_word' id='word_1_776' title='bbox 1096 5282 1469 5339; x_wconf 89' lang='lat' dir='ltr'>sublimiores</span> <span class='ocrx_word' id='word_1_777' title='bbox 1489 5281 1984 5348; x_wconf 86' lang='lat' dir='ltr'>exsistunt,cono-</span> 
     </span>
    </p>
   </div>
   <div class='ocr_carea' id='block_1_110' title="bbox 2133 5279 3765 5359">
    <p class='ocr_par' dir='ltr' id='par_1_110' title="bbox 2133 5279 3765 5359">
     <span class='ocr_line' id='line_1_110' title="bbox 2133 5279 3765 5359; baseline 0.007 -27"><span class='ocrx_word' id='word_1_778' title='bbox 2133 5284 2209 5341; x_wconf 74' lang='grc' dir='ltr'>αῖς</span> <span class='ocrx_word' id='word_1_779' title='bbox 2270 5283 2374 5333; x_wconf 81' lang='grc' dir='ltr'>τῶν</span> <span class='ocrx_word' id='word_1_780' title='bbox 2431 5279 2621 5334; x_wconf 84' lang='grc' dir='ltr'>κώνων</span> <span class='ocrx_word' id='word_1_781' title='bbox 2680 5279 2988 5353; x_wconf 87' lang='grc' dir='ltr'>ἀποτομαῖς</span> <span class='ocrx_word' id='word_1_782' title='bbox 3055 5282 3494 5359; x_wconf 75' lang='grc' dir='ltr'>ἐντυγχάνοντες,</span> <span class='ocrx_word' id='word_1_783' title='bbox 3554 5289 3765 5342; x_wconf 72' lang='grc' dir='ltr'>θᾶττον</span> 
     </span>
    </p>
   </div>
   <div class='ocr_carea' id='block_1_111' title="bbox 338 5366 2008 5452">
    <p class='ocr_par' dir='ltr' id='par_1_111' title="bbox 338 5371 1981 5444">
     <span class='ocr_line' id='line_1_111' title="bbox 338 5371 1981 5444; baseline -0.004 -14"><span class='ocrx_word' id='word_1_784' title='bbox 338 5391 472 5430; x_wconf 87' lang='lat' dir='ltr'>rum</span> <span class='ocrx_word' id='word_1_785' title='bbox 503 5377 806 5444; x_wconf 90' lang='lat' dir='ltr'>segmenta</span> <span class='ocrx_word' id='word_1_786' title='bbox 829 5388 961 5427; x_wconf 90' lang='lat' dir='ltr'>cum</span> <span class='ocrx_word' id='word_1_787' title='bbox 993 5372 1201 5428; x_wconf 86' lang='lat' dir='ltr'>latiora</span> <span class='ocrx_word' id='word_1_788' title='bbox 1232 5371 1372 5438; x_wconf 89' lang='lat' dir='ltr'>sint,</span> <span class='ocrx_word' id='word_1_789' title='bbox 1401 5371 1631 5426; x_wconf 91' lang='lat' dir='ltr'>tardius</span> <span class='ocrx_word' id='word_1_790' title='bbox 1681 5377 1981 5442; x_wconf 89' lang='lat' dir='ltr'>pertrans-</span> 
     </span>
    </p>
   </div>
   <div class='ocr_carea' id='block_1_112' title="bbox 2133 5366 3762 5452">
    <p class='ocr_par' dir='ltr' id='par_1_112' title="bbox 2133 5366 3762 5452">
     <span class='ocr_line' id='line_1_112' title="bbox 2133 5366 3762 5452; baseline 0.006 -30"><span class='ocrx_word' id='word_1_791' title='bbox 2133 5366 2251 5429; x_wconf 75' lang='grc' dir='ltr'>ὖτὰς</span> <span class='ocrx_word' id='word_1_792' title='bbox 2310 5366 2705 5444; x_wconf 81' lang='grc' dir='ltr'>διατρέχουσιν’</span> <span class='ocrx_word' id='word_1_793' title='bbox 2758 5367 2951 5424; x_wconf 76' lang='grc' dir='ltr'>ἔνθαδ’</span> <span class='ocrx_word' id='word_1_794' title='bbox 2985 5371 3323 5447; x_wconf 86' lang='grc' dir='ltr'>ὑπάρχουσιν</span> <span class='ocrx_word' id='word_1_795' title='bbox 3381 5373 3762 5452; x_wconf 80' lang='grc' dir='ltr'>ὑψηλότεροι,</span> 
     </span>
    </p>
   </div>
   <div class='ocr_carea' id='block_1_113' title="bbox 335 5454 2008 5539">
    <p class='ocr_par' dir='ltr' id='par_1_113' title="bbox 335 5459 1979 5532">
     <span class='ocr_line' id='line_1_113' title="bbox 335 5459 1979 5532; baseline -0.003 -13"><span class='ocrx_word' id='word_1_796' title='bbox 335 5467 495 5519; x_wconf 88' lang='lat' dir='ltr'>eunt.</span> <span class='ocrx_word' id='word_1_797' title='bbox 537 5463 828 5518; x_wconf 89' lang='lat' dir='ltr'>Gonorum</span> <span class='ocrx_word' id='word_1_798' title='bbox 875 5461 1032 5516; x_wconf 90' lang='lat' dir='ltr'>enim</span> <span class='ocrx_word' id='word_1_799' title='bbox 1079 5460 1388 5531; x_wconf 86' lang='lat' dir='ltr'>ejusmodi,</span> <span class='ocrx_word' id='word_1_800' title='bbox 1421 5460 1521 5532; x_wconf 86' lang='lat' dir='ltr'>qui</span> <span class='ocrx_word' id='word_1_801' title='bbox 1561 5463 1618 5515; x_wconf 90' lang='lat' dir='ltr'>et</span> <span class='ocrx_word' id='word_1_802' title='bbox 1664 5459 1979 5515; x_wconf 92' lang='lat' dir='ltr'>Zodiacum</span> 
     </span>
    </p>
   </div>
   <div class='ocr_carea' id='block_1_114' title="bbox 2133 5454 3757 5539">
    <p class='ocr_par' dir='ltr' id='par_1_114' title="bbox 2133 5454 3757 5539">
     <span class='ocr_line' id='line_1_114' title="bbox 2133 5454 3757 5539; baseline 0.006 -29"><span class='ocrx_word' id='word_1_803' title='bbox 2133 5454 2421 5532; x_wconf 85' lang='grc' dir='ltr'>λατυτέρας</span> <span class='ocrx_word' id='word_1_804' title='bbox 2476 5455 2637 5519; x_wconf 72' lang='grc' dir='ltr'>οὔσας</span> <span class='ocrx_word' id='word_1_805' title='bbox 2686 5457 2782 5520; x_wconf 80' lang='grc' dir='ltr'>τὰς</span> <span class='ocrx_word' id='word_1_806' title='bbox 2827 5463 2933 5513; x_wconf 80' lang='grc' dir='ltr'>τῶν</span> <span class='ocrx_word' id='word_1_807' title='bbox 2985 5461 3171 5515; x_wconf 86' lang='grc' dir='ltr'>κώνων</span> <span class='ocrx_word' id='word_1_808' title='bbox 3219 5460 3502 5535; x_wconf 81' lang='grc' dir='ltr'>ἀποτομὰς</span> <span class='ocrx_word' id='word_1_809' title='bbox 3535 5463 3757 5539; x_wconf 74' lang='grc' dir='ltr'>διεξέρ-</span> 
     </span>
    </p>
   </div>
   <div class='ocr_carea' id='block_1_115' title="bbox 333 5543 2008 5626">
    <p class='ocr_par' dir='ltr' id='par_1_115' title="bbox 333 5547 1974 5624">
     <span class='ocr_line' id='line_1_115' title="bbox 333 5547 1974 5624; baseline -0.004 -14"><span class='ocrx_word' id='word_1_810' title='bbox 333 5555 392 5611; x_wconf 79' lang='lat' dir='ltr'>et</span> <span class='ocrx_word' id='word_1_811' title='bbox 417 5551 787 5624; x_wconf 87' lang='lat' dir='ltr'>planetarum</span> <span class='ocrx_word' id='word_1_812' title='bbox 818 5547 1070 5606; x_wconf 90' lang='lat' dir='ltr'>circulos</span> <span class='ocrx_word' id='word_1_813' title='bbox 1097 5549 1159 5605; x_wconf 90' lang='lat' dir='ltr'>in</span> <span class='ocrx_word' id='word_1_814' title='bbox 1191 5549 1569 5607; x_wconf 79' lang='lat' dir='ltr'>duodecimae</span> <span class='ocrx_word' id='word_1_815' title='bbox 1598 5551 1793 5624; x_wconf 88' lang='lat' dir='ltr'>partes</span> <span class='ocrx_word' id='word_1_816' title='bbox 1824 5547 1974 5606; x_wconf 86' lang='lat' dir='ltr'>divi-</span> 
     </span>
    </p>
   </div>
   <div class='ocr_carea' id='block_1_116' title="bbox 2133 5543 3760 5626">
    <p class='ocr_par' dir='ltr' id='par_1_116' title="bbox 2133 5543 3760 5626">
     <span class='ocr_line' id='line_1_116' title="bbox 2133 5543 3760 5626; baseline 0.004 -25"><span class='ocrx_word' id='word_1_817' title='bbox 2133 5565 2279 5602; x_wconf 84' lang='grc' dir='ltr'>ονται</span> <span class='ocrx_word' id='word_1_818' title='bbox 2311 5543 2555 5626; x_wconf 86' lang='grc' dir='ltr'>βράδιον.</span> <span class='ocrx_word' id='word_1_819' title='bbox 2585 5549 2699 5603; x_wconf 80' lang='grc' dir='ltr'>Τῶν</span> <span class='ocrx_word' id='word_1_820' title='bbox 2746 5545 2848 5626; x_wconf 80' lang='grc' dir='ltr'>γὰρ</span> <span class='ocrx_word' id='word_1_821' title='bbox 2887 5546 3149 5605; x_wconf 87' lang='grc' dir='ltr'>τοιούτων</span> <span class='ocrx_word' id='word_1_822' title='bbox 3196 5549 3386 5606; x_wconf 86' lang='grc' dir='ltr'>κώνων</span> <span class='ocrx_word' id='word_1_823' title='bbox 3433 5554 3546 5608; x_wconf 82' lang='grc' dir='ltr'>τῶν</span> <span class='ocrx_word' id='word_1_824' title='bbox 3602 5549 3760 5608; x_wconf 83' lang='grc' dir='ltr'>διαι-</span> 
     </span>
    </p>
   </div>
   <div class='ocr_carea' id='block_1_117' title="bbox 394 5763 950 5849">
    <p class='ocr_par' dir='ltr' id='par_1_117' title="bbox 394 5763 950 5849">
     <span class='ocr_line' id='line_1_117' title="bbox 394 5763 950 5849; baseline -0.007 -19"><span class='ocrx_word' id='word_1_825' title='bbox 394 5766 440 5849; x_wconf 67' lang='lat'>3&#39;</span> <span class='ocrx_word' id='word_1_826' title='bbox 469 5763 686 5830; x_wconf 76' lang='lat' dir='ltr'>Cleom.</span> <span class='ocrx_word' id='word_1_827' title='bbox 714 5780 778 5846; x_wconf 76' lang='grc' dir='ltr'>ιι,</span> <span class='ocrx_word' id='word_1_828' title='bbox 811 5780 863 5826; x_wconf 83' lang='grc' dir='ltr'>ο.</span> <span class='ocrx_word' id='word_1_829' title='bbox 892 5764 950 5826; x_wconf 87' lang='lat'>5.</span> 
     </span>
    </p>
   </div>
  </div>
