3988 6444
216 451 383 515 1265

1556 453 1907 518 EPITOME
1948 453 2303 517 PHYSICA.

3475 442 3632 510 1266

211 583 463 661 ρούντων
525 581 601 648 εἰς
659 579 1135 661 δωδεκατημόρια,
1191 583 1282 641 τόν
1347 606 1407 642 τε
1468 583 1728 655 ζωδιακὸν
1782 585 1861 641 καῖ

1987 589 2156 655 dunt,
2186 587 2433 646 vertices
2479 585 2717 660 quidem
2748 583 2810 640 in
2861 585 3018 641 terra
3045 583 3206 651 sunt,
3239 583 3306 638 ut
3331 579 3434 655 qui
3466 596 3632 655 aspe-

205 673 346 736 τοὺς
376 677 484 727 τῶν
512 672 806 744 πλανήτων
845 672 1103 744 κύκλους,
1131 675 1188 728 αἱ
1240 675 1331 748 μὲν
1383 677 1613 752 κορυφαὶ
1661 677 1872 751 τυγχά-

204 783 398 817 νουσιν
445 761 533 816 ἐπὶ
582 764 704 837 γῆς,
737 761 913 838 ἀρχὰς
969 759 1191 838 ἔχουσαι
1221 765 1320 826 τὰς
1361 759 1511 838 ὄψεις
1540 767 1646 818 τῶν
1697 765 1871 841 ὁρών-

205 871 345 907 των·
381 851 434 905 al.
493 847 550 904 δὲ
605 845 925 913 καταϐάσεις
988 851 1038 905 ἐν
1098 856 1179 923 τῷ
1210 853 1563 927 στερεώματι·
1597 851 1686 908 καὶ
1742 853 1868 908 ἀνα-

212 939 406 1015 λόγως
437 938 747 1014 πλατύτεροι
797 940 889 1012 μὶν
949 939 1125 995 αὐτῶν
1183 942 1251 995 τὰ
1307 941 1638 1018 ὑψηλότερα,
1672 943 1869 997 στενώ-

210 1051 352 1107 τερα
384 1026 442 1084 δὲ
469 1029 537 1082 τὰ
564 1029 969 1104 προσγειότερα.

289 1116 374 1176 ιδ’.
410 1117 778 1194 Διατρέχουσα
835 1115 892 1172 δὲ
945 1117 1036 1173 τὸν
1099 1119 1294 1188 ἑαυτῆς
1333 1117 1534 1174 κύκλον
1565 1121 1600 1189 ἡ
1635 1119 1862 1192 σελήνη,

206 1208 304 1265 καὶ
375 1207 754 1283 ὑποτρέχουσα
822 1207 915 1262 τὸν
967 1204 1251 1276 ζωδιακόν’
1314 1207 1511 1263 ὁπόταν
1566 1205 1865 1286 διαμετρή-

205 1318 348 1352 σασα
376 1297 468 1352 τὸν
499 1295 660 1365 ἥλιον
697 1296 798 1350 ὑπὸ
846 1295 910 1350 τὸ
960 1295 1274 1368 μεσαίτατον
1326 1295 1564 1369 εὑρεθείη
1615 1302 1710 1352 τοῦ
1761 1303 1864 1368 ζω-

205 1384 426 1454 διακοῦ,
479 1384 570 1438 τὸν
643 1382 874 1453 ἡλιακὸν
961 1382 1162 1439 κύκλον
1243 1384 1405 1440 αὐτοῦ
1491 1386 1860 1442 ὑποτείνουσα·

202 1474 326 1530 τότ’
369 1473 428 1529 ἐκ
474 1471 817 1544 πανσελήνου
873 1472 962 1526 καὶ
1026 1477 1318 1552 παμφαοῦς
1384 1473 1687 1550 ἀφώτιστος
1754 1475 1859 1547 ὅλη

199 1564 436 1640 γίνεται,
484 1565 555 1636 τῇ
614 1567 738 1632 σκιᾷ
793 1561 1194 1638 περιπίπτουσα
1257 1562 1390 1636 μέσῃ
1440 1566 1540 1632 τῆς
1593 1571 1717 1639 γῆς·
1772 1565 1859 1620 ἐπὶ

205 1659 339 1728 μιᾶς
399 1653 502 1727 γὰρ
561 1651 768 1714 εὐθείας
813 1650 938 1705 τότε
983 1651 1050 1705 τὰ
1085 1651 1211 1728 τρία
1241 1651 1577 1728 εὑρίσκονται
1609 1655 1857 1727 σώματα,

198 1743 266 1798 τὸ
295 1746 395 1797 τοῦ
423 1739 611 1811 ἡλίου,
641 1740 704 1794 τὸ
750 1746 851 1809 τῆς
890 1737 1148 1811 σελήνης,
1181 1739 1270 1794 καὶ
1325 1741 1520 1814 μεταξὺ
1570 1742 1743 1798 αὐτῶν
1793 1745 1856 1798 τὸ

198 1837 307 1900 τῆς
356 1835 482 1906 γῆς.
532 1828 910 1906 Ὑφαπτομένη
967 1825 1024 1882 δὲ
1076 1832 1172 1883 τοῦ
1223 1827 1312 1883 διὰ
1361 1829 1536 1902 μέσων
1585 1835 1692 1885 τῶν
1749 1837 1853 1900 ζω-

1983 682 2114 734 ctus
2142 677 2466 733 videntium
2491 676 2746 731 habeant
2775 671 3062 746 principia
3086 689 3100 741 ;
3133 671 3306 727 bases
3337 673 3534 726 autem
3563 669 3626 726 in

1983 767 2373 833 firmamento,
2405 769 2464 821 et
2518 763 2842 820 secundum
2890 760 3347 834 proportionem,
3389 759 3625 816 latiores

1981 855 2218 928 quidem
2250 858 2411 922 sunt,
2441 871 2568 926 quae
2612 851 3025 918 sublimiores;
3071 849 3224 908 828
3257 849 3624 922 angustiores

1979 950 2200 1014 autem,
2230 961 2356 1016 qua:
2387 947 2554 998 terra
2583 941 2910 998 viciniores.

2049 1125 2134 1179 14.
2157 1126 2440 1178 Caeterum
2465 1137 2600 1176 cum
2630 1119 2970 1189 lunafsuum
3001 1115 3284 1172 circulum
3311 1115 3615 1188 percurrit,

1975 1217 2033 1269 et
2062 1212 2405 1285 signiferum
2450 1207 2876 1275 subtercurrit;
2925 1205 3213 1277 siquidem
3263 1203 3372 1260 soli
3403 1220 3616 1260 secun-

1974 1303 2116 1358 dum
2150 1303 2504 1358 diametrum
2547 1299 2832 1371 opposita,
2865 1299 2923 1352 et
2971 1296 3079 1351 sub
3111 1293 3303 1350 medio
3351 1292 3615 1366 signiferi

1973 1389 2222 1447 solarem
2251 1389 2610 1446 subtendens
2642 1385 2925 1442 circulum
2954 1387 3184 1456 reperta
3219 1382 3397 1438 fuerit
3427 1397 3441 1437 :
3474 1386 3614 1438 tunc

1972 1495 2041 1535 ex
2069 1481 2242 1552 plena
2270 1478 2431 1550 luna,
2465 1481 2523 1533 et
2549 1480 2672 1532 tota
2700 1474 3042 1541 collucente,
3077 1475 3198 1528 tota
3227 1470 3609 1528 illuminatio-

1969 1569 2062 1625 nis
2112 1584 2316 1641 expers
2344 1565 2703 1632 efﬁcitur";
2755 1568 2822 1619 ut
2873 1579 3003 1636 quae
3030 1561 3091 1617 in
3138 1561 3393 1617 mediam
3440 1563 3608 1616 terrm

1967 1658 2238 1714 umbram
2268 1657 2508 1712 incidat.
2528 1659 2688 1710 Tunc
2711 1653 2868 1709 enim
2899 1652 3012 1708 tria
3034 1665 3296 1724 corpora,
3327 1647 3490 1719 solis,
3512 1647 3607 1704 lu-

1966 1764 2075 1814 nae,
2103 1751 2160 1802 et
2187 1746 2338 1802 inter
2365 1745 2488 1800 haec
2507 1742 2792 1800 venientis
2811 1746 3000 1812 terrae,
3027 1741 3088 1795 in
3119 1755 3237 1794 una
3265 1741 3424 1794 recta
3449 1737 3609 1794 linea

1962 1835 2358 1891 inveniuntur.
2390 1834 2631 1900 Quando
2663 1835 2858 1887 autem
2888 1845 3022 1886 eum
3051 1826 3340 1885 circulum
3369 1827 3472 1899 qui
3501 1843 3606 1899 per

201 1916 336 1975 δίων
366 1921 403 1988 ἡ
445 1914 648 1988 σελήνη
696 1917 833 1971 κατὰ
875 1917 971 1979 τὰς
1019 1918 1157 1992 πρὸς
1203 1918 1293 1972 τὸν
1343 1917 1504 1988 ἥλιον
1555 1917 1851 1996 διαμετρή-

204 2028 311 2032 -Α.-
387 2007 422 2032 1‘
473 2008 636 2032 UL---
715 2005 876 2032 --.ἲ-2-
959 2007 1046 2032 3...,
1105 2005 1257 2032 --.ξ-ἱ..
1344 2002 1453 2032 ζ’..--
1486 2029 1541 2032 ,Α
1666 2011 1806 2032 --.νηῒ

1976 1924 2154 1979 nedia
2181 1924 2352 1997 signa
2399 1921 2652 1989 ducitur,
2685 1920 2828 1976 luna
2854 1918 3102 1992 Lattingit
3129 1917 3192 1972 in
3239 1915 3604 1972 diametrali-

1976 2030 2067 2032 ____
2106 2013 2167 2032 ,λ
2209 2012 2377 2032 --ιω
2443 2009 2902 2032 -____=.:-_:L___
2962 2012 3060 2032 ---ι
3110 2006 3198 2032 --.ε
3231 2008 3454 2032 --.ιηη
3487 2005 3597 2032 -..ι

197 2028 336 2077 este,
386 2007 422 2076 ἢ
472 2008 636 2082 μέρος
711 2005 876 2074 αὐτῆς
959 2007 1046 2060 ὑπ’
1102 2005 1258 2061 αὐτὸν
1343 2002 1564 2082 ἔχουσα,
1619 2011 1844 2084 μερικὴν

194 2097 340 2173 πρὸς
399 2094 564 2170 λόγον
623 2096 822 2170 πάσχει
875 2096 973 2162 τήν
1015 2091 1277 2170 ἔκλειψιν·
1315 2095 1507 2151 ὑπὸδὲ
1535 2096 1602 2152 τὰ
1662 2097 1848 2174 βόρεια

194 2188 232 2256 ἢ
297 2185 366 2240 τὰ
417 2183 569 2239 νότια
625 2188 722 2238 τοῦ
793 2181 1060 2253 ζωδιακοῦ
1113 2184 1498 2261 εύρισκομένη,
1571 2184 1846 2264 διαδιδρά-

198 2295 317 2330 σκει
371 2275 470 2343 τήν
531 2271 699 2329 σκιάν.
734 2272 832 2326 Διὰ
880 2277 1040 2328 τοῦτο
1097 2273 1187 2328 καὶ
1244 2273 1348 2329 οὐκ
1399 2274 1450 2329 ἐν
1485 2277 1679 2337 πάσαις
1731 2283 1848 2338 ταῖς

200 2361 561 2434 πανσελήνοις
594 2360 838 2435 ἔκλειψις
869 2361 1094 2437 γίνεται.

277 2541 354 2597 ιε’.
386 2543 492 2595 Τοῦ
547 2540 640 2612 μὲν
693 2536 782 2593 οὖν
839 2538 1007 2608 ἡλίου
1057 2537 1298 2614 ἔκλειψις
1328 2547 1430 2610 τῆς
1457 2546 1564 2596 τῶν
1594 2543 1846 2618 ὁρώντων

203 2625 384 2703 ὅψεως
435 2629 606 2690 πάθος
661 2627 818 2683 ἐστίν’
878 2628 977 2682 οὐκ
1023 2627 1157 2684 οὖσα
1205 2631 1320 2684 κατ’
1368 2627 1624 2700 ἀλήθειαν
1674 2627 1847 2687 ἔκλει-

205 2723 321 2793 ψις,
352 2720 488 2790 ἡμῖν
538 2715 595 2772 δὲ
645 2715 877 2772 δοκοῦσα
921 2721 1028 2772 τῶν
1075 2715 1322 2788 ἡλιακῶν
1351 2719 1728 2795 στερουμένοις
1760 2721 1852 2776 αὐ-

207 2811 317 2883 γῶν
351 2803 440 2860 διὰ
466 2806 565 2874 τὴν
622 2811 720 2860 τοῦ
771 2804 1097 2876 σεληνιακοῦ
1155 2808 1408 2880 σώματος
1461 2808 1853 2885 ἐπιπρόσθεσιν.

209 2898 271 2952 Ἡ
304 2893 362 2951 δὲ
389 2901 488 2965 τῆς
521 2893 757 2966 σελήνης
806 2892 1048 2970 ἔκλειψις
1094 2894 1263 2966 αὑτῆς
1317 2904 1420 2966 τῆς
1467 2895 1705 2968 σελήνης
1753 2900 1856 2953 πά-

208 2987 298 3046 θος
329 2984 462 3056 ἐστὶ,
492 2983 582 3038 καὶ
639 2990 752 3038 καν’
791 2981 1071 3057 ἀλήθειαν,
1101 2985 1164 3039 ού
1217 2987 1354 3040 κατᾶ
1406 2984 1624 3056 δόκησιν
1685 2985 1857 3043 ἔκλει-

207 3077 321 3148 ψις.
378 3070 650 3128 Ἐκλείπει
709 3073 814 3148 γὰρ
871 3068 1038 3136 ὅντως
1080 3076 1115 3142 ἡ
1164 3072 1368 3145 σελήνη
1416 3082 1517 3145 τῆς
1565 3083 1668 3151 γῆς
1724 3076 1857 3130 ὑπο-

207 3159 532 3232 σκιαζούσης
596 3160 786 3235 αὐτὴν,
844 3161 933 3216 καὶ
984 3161 1312 3233 κωλυούσης
1343 3161 1595 3240 δέχεσθαι
1650 3164 1740 3219 τὸν
1802 3165 1861 3219 ἐκ

201 3255 298 3306 τοῦ
353 3249 524 3320 ἡλίου
583 3249 880 3326 αὖγασμόν.
915 3250 1122 3306 Ἐνίοτε
1152 3249 1198 3306 δ’
1225 3249 1400 3314 οὕτως
1459 3251 1718 3325 ἐκλείπει,
1779 3255 1856 3315 ὡς

1957 2013 2070 2068 bus
2100 2013 2172 2069 ad
2204 2012 2386 2069 solem
2435 2009 2926 2084 oppositionibus,
2959 2012 3063 2065 aut
3109 2006 3202 2064 sui
3231 2008 3458 2078 partem
3487 2005 3599 2062 sub

1957 2101 2084 2173 ipso
2111 2101 2326 2171 habet;
2383 2101 2688 2174 partialem
2739 2115 2842 2170 pro
2873 2101 2999 2154 rata
3041 2095 3302 2168 portione
3347 2093 3594 2167 eclipsin

1957 2191 2178 2263 patitur
2209 2209 2222 2248 :
2255 2191 2490 2262 quando
2520 2189 2771 2260 denique
2814 2187 2874 2242 in
2905 2184 3464 2259 septentrionalibus
3492 2188 3596 2241 aut

1959 2279 2317 2337 australibus
2347 2278 2610 2352 signiferi
2640 2273 3430 2349 partibusJﬂeprehenditur,
3462 2289 3594 2332 um-

1958 2369 2126 2425 bram
2157 2369 2376 2441 effugit.
2410 2369 2772 2440 Quapropter
2799 2365 2845 2401 ⁸ο
2873 2364 3032 2421 haud
3079 2364 3140 2420 in
3171 2363 3445 2420 omnibus
3474 2362 3598 2436 ple-

1960 2457 2205 2514 niluniis
2235 2457 2473 2530 eclipsis
2503 2456 2588 2512 ﬁt.

2036 2547 2123 2602 15.
2165 2545 2318 2602 Solis
2365 2546 2610 2618 proinde
2657 2542 2913 2615 eclipsis,
2960 2541 3284 2598 videntium
3333 2542 3606 2614 aspectus

1963 2635 2160 2708 passio
2191 2639 2281 2690 est
2309 2650 2324 2692 :
2356 2651 2492 2690 cum
2522 2648 2723 2689 revera
2751 2648 2868 2687 non
2913 2631 2991 2687 sit
3031 2630 3289 2702 eclipsis,
3319 2629 3421 2686 sed
3450 2628 3606 2685 vide-

1964 2729 2062 2781 tur
2091 2723 2282 2795 nobis,
2314 2723 2416 2795 qui
2446 2721 2773 2795 fulgoribus
2799 2720 2940 2776 solis
2969 2723 3206 2792 propter
3232 2717 3457 2774 lunaris
3481 2734 3606 2774 cor-

1965 2812 2124 2884 poris
2156 2813 2460 2868 obtentum
2484 2810 2800 2883 privamur.
2829 2813 2900 2864 At
2918 2806 3356 2880 lunaazeclipsis,
3377 2806 3607 2880 ipsius-

1967 2905 2086 2957 met
2112 2900 2265 2956 lunas
2296 2899 2513 2973 passio,
2545 2903 2602 2955 et
2631 2913 2849 2966 revera,
2881 2913 2995 2953 non
3045 2895 3339 2968 opinione,
3371 2895 3606 2968 eclipsis

1967 2994 2076 3046 est.
2109 2991 2250 3046 Vere
2279 2991 2435 3046 enim
2464 2988 2607 3044 luna
2635 2986 2850 3058 deﬁcit,
2882 2990 2949 3042 ut
2975 2989 3131 3041 terra
3157 2984 3468 3041 obumbret
3512 2984 3606 3056 ip-

1967 3096 2093 3135 sam
2125 3080 2281 3136 324
2328 3077 2749 3151 probibeatque
2799 3073 3115 3147 quominus
3167 3072 3606 3129 irradiationem

1969 3184 2003 3222 a
2032 3166 2155 3223 sole
2184 3167 2452 3240 accipiat.
2504 3167 2804 3222 Interdum
2848 3167 3047 3220 autem
3079 3161 3163 3219 sic
3193 3161 3409 3233 deﬁcit,
3439 3164 3508 3218 ut
3534 3177 3608 3218 ne

1969 3256 2134 3312 exilis
2164 3255 2372 3312 saltem
2423 3255 2582 3311 illius
2632 3253 2844 3310 umbra
2872 3255 3265 3320 conservetur,
3295 3250 3397 3306 sed
3444 3253 3502 3307 et
3530 3249 3612 3306 lo-

208 3336 350 3414 μηδὲ
392 3339 544 3394 σκιὰν
585 3342 717 3414 γοῦν
773 3336 1016 3414 ἀμυδρὰν
1063 3339 1230 3410 αὐτῆς
1291 3341 1704 3416 περιζώσεσθαι,
1737 3341 1861 3398 ἀλλ’

1976 3361 2080 3400 cus
2109 3345 2424 3418 ignoretur,
2457 3345 2560 3400 ubi
2589 3342 2750 3398 illius
2778 3359 2990 3415 corpus
3019 3346 3126 3399 est.
3151 3339 3492 3412 Cujusmodi
3519 3339 3616 3396 lu-

205 3428 510 3504 ἆγνοεῖσθαι
561 3426 652 3482 καὶ
709 3426 802 3482 τὸν
856 3427 1024 3482 τόπον
1082 3427 1206 3483 ἔνθα
1253 3428 1376 3484 τότε
1401 3431 1464 3484 τὸ
1491 3429 1695 3501 ταύτης
1757 3430 1866 3485 ἐστὶ

213 3521 388 3589 σῶμα.
440 3515 708 3586 Τοιαύτης
767 3514 857 3570 καὶ
915 3519 1082 3589 ἡμεῖς
1159 3517 1486 3588 σεληνιακῆς
1571 3517 1866 3593 ἐκλείψεως

219 3604 352 3676 ἅπαξ
421 3603 685 3660 αὐτόπται
760 3604 1082 3680 γεγόναμεν,
1141 3607 1278 3662 κατὰ
1345 3614 1494 3680 μῆνα
1548 3607 1719 3663 Μάϊον
1779 3629 1866 3684 γε·

216 3694 432 3770 γονυίας
496 3691 621 3770 περὶ
686 3691 828 3770 ὥραν
909 3689 1150 3767 ἑϐδόμην
1225 3695 1436 3758 νυκτός’
1499 3695 1868 3752 ὀκτωκαίδεκα

216 3783 415 3858 ἡμέραι
471 3786 570 3838 τοῦ
627 3779 804 3837 Μαΐου
860 3783 1234 3858 παρήλθοσανο
1295 3782 1563 3840 ἷνδικτιὼν
1625 3784 1869 3862 διέτρεχε

217 3871 429 3945 πρώτη·
491 3871 555 3924 τὸ
612 3866 732 3932 ἕτος
792 3866 942 3925 ἕκτον
992 3873 1128 3948 πρὸς
1171 3877 1252 3944 τῷ
1280 3874 1554 3946 ἑξηκοστῷ
1581 3875 1671 3930 καὶ
1702 3876 1863 3929 ἑπτα-

219 3963 485 4032 κοσιοστῷ
529 3958 620 4014 καὶ
673 3959 1148 4035 έξακισχιλιοστῷ’
1198 3962 1262 4016 τὸ
1307 3964 1564 4039 περιέχον
1612 3961 1868 4019 εύδιεινό-

218 4069 395 4104 τατον.
451 4049 662 4118 Ταύτην
724 4045 930 4111 ἰδόντες
994 4051 1092 4118 τήν
1169 4046 1412 4125 ἔκλειψιν
1468 4050 1866 4126 ἐθαυμάσαμεν,

222 4136 266 4193 εἶ
297 4136 442 4200 ὅλως
475 4135 589 4213 ἔχει
649 4141 766 4216 φῶς
814 4134 952 4192 ἴδιον
1001 4140 1038 4207 ἡ
1096 4137 1324 4212 σελήνη,
1351 4141 1530 4204 καθώς
1585 4162 1727 4204 τινες
1782 4141 1872 4197 λέ-

215 4248 420 4302 γουσιν.

293 4335 360 4384 ις,
397 4315 480 4384 ιζ’.
515 4315 600 4369 Ἐν
654 4319 772 4376 ταῖς
815 4314 1125 4392 εῗλικρινέσι
1183 4315 1240 4371 δὲ
1293 4321 1402 4373 τῶν
1457 4317 1747 4390 ἐκλείψεων
1805 4321 1872 4374 τὰ

223 4402 355 4478 πρὸς
388 4401 655 4465 ἀνατολὰς
684 4403 1032 4480 τετραμμένα
1066 4405 1204 4482 μέρη
1254 4412 1354 4476 τῆς
1408 4405 1644 4478 σελήνης
1689 4409 1872 4482 ἀμαυ-

227 4496 440 4568 ροῦνται
481 4492 738 4566 πρώτως,
770 4494 859 4547 καὶ
907 4491 1070 4548 πάλιν
1109 4499 1276 4549 ταῦτα
1321 4497 1555 4571 πρώτως
1603 4497 1868 4575 φωτίζον-

221 4600 304 4634 ται
367 4577 456 4634 διᾶ
508 4582 569 4634 τὸ
615 4581 714 4650 την
781 4582 873 4655 μὲν
934 4585 1087 4638 σκιὰν
1128 4586 1232 4653 τῆς
1262 4587 1364 4660 γῆς
1393 4584 1444 4655 ἐξ
1475 4585 1752 4642 ἀνατολῶν
1782 4588 1872 4666 φέ-

1977 3435 2137 3490 naris
2168 3433 2448 3506 eclipseos
2498 3436 2554 3489 et
2601 3449 2708 3488 nos
2737 3430 2918 3487 semel
2965 3433 3320 3502 spectatores
3369 3428 3612 3500 fuimus,

1977 3539 2103 3595 quas
2135 3538 2336 3579 mense
2363 3522 2514 3577 Maio
2544 3521 2689 3576 hora
2708 3519 2896 3576 noctis
2917 3518 3168 3592 septima
3193 3516 3422 3574 accidit.
3446 3517 3617 3574 Octo-

1977 3613 2166 3668 decim
2197 3612 2322 3667 dies
2365 3610 2501 3666 Maii
2550 3609 2981 3682 praeterieram;
3029 3607 3270 3664 indictio
3300 3606 3492 3680 prima
3519 3607 3618 3662 de-

1977 3700 2286 3768 currebat;
2321 3715 2510 3754 annus
2534 3715 2714 3771 supra
2743 3697 2929 3753 sexies
2959 3695 3343 3752 millesimum
3372 3698 3498 3752 erat
3527 3712 3622 3752 se-

1978 3789 2468 3862 ptingentesimus
2515 3785 2913 3860 sexagesimus
2940 3788 3139 3842 sextus
3166 3785 3208 3820 ⁸¹
3242 3801 3256 3840 :
3291 3783 3620 3851 continens,

1977 3878 2036 3934 id
2067 3882 2178 3946 est,
2229 3894 2350 3944 aer,
2400 3877 2848 3933 serenissimum
2896 3879 3042 3931 erat.
3098 3874 3259 3930 Hanc
3307 3876 3622 3945 postquam

1977 3967 2234 4022 vidimus
2281 3965 2526 4038 eclipsin
2576 3965 2770 4020 mirati
2817 3980 3047 4031 sumus,
3097 3963 3149 4019 si
3195 3961 3436 4018 omnino
3481 3959 3625 4016 luna

1977 4055 2282 4128 proprium
2314 4053 2515 4110 lumen
2547 4053 2744 4125 habet,
2777 4057 2844 4110 ut
2874 4052 3080 4109 dicunt
3107 4049 3310 4124 aliqui.

2051 4324 2138 4393 16,
2173 4324 2260 4377 17.
2293 4324 2576 4379 Caeterum
2606 4322 2666 4377 in
2697 4320 2940 4394 integris
2969 4318 3290 4390 eclipsibus
3318 4319 3514 4389 partes
3532 4315 3625 4371 lu-

1980 4429 2065 4466 nae
2089 4412 2160 4466 ad
2191 4411 2472 4467 orientem
2494 4427 2780 4466 conversas
2807 4410 3064 4482 primum
3083 4407 3496 4472 obscurantur,
3518 4420 3630 4460 eae—

1980 4502 2230 4573 demque
2261 4501 2520 4573 primum
2543 4499 2803 4556 vicissim
2828 4497 3243 4552 illuminantur
3274 4511 3287 4550 :
3321 4496 3627 4567 propterea

1981 4590 2132 4662 quod
2167 4591 2379 4645 umbra
2409 4589 2645 4661 quidem
2674 4588 2723 4623 ⁸²
2754 4592 2924 4642 terras
2969 4587 3040 4641 ab
3071 4589 3200 4640 ortu
3231 4585 3290 4639 in
3323 4597 3619 4650 occasum,

227 4679 403 4744 ρεσθαι
439 4670 576 4746 πρὸς
608 4667 836 4744 δυσμὰς.
880 4672 979 4740 τὴν
1035 4669 1093 4726 δὲ
1139 4672 1372 4744 σελήνην
1413 4671 1763 4746 πλανητικῶς
1813 4676 1861 4731 ἐκ

1977 4678 2119 4735 luna
2147 4683 2341 4734 autem
2373 4678 2614 4733 erratico
2645 4693 2751 4733 suo
2783 4680 2945 4730 motu
2975 4675 3048 4730 ab
3078 4689 3285 4730 occasu
3319 4672 3393 4727 ad
3424 4674 3620 4727 ortum

221 4755 434 4832 δυσμῶν
489 4759 626 4835 πρὸς
682 4757 972 4833 ἀνατολὰς,
1024 4760 1114 4815 καὶ
1163 4761 1307 4816 οὕτω
1355 4767 1422 4837 τῇ
1479 4770 1602 4836 σκιᾷ
1648 4765 1865 4842 περιπί-

219 4867 384 4904 πτειν.
419 4848 506 4901 Ἐν
565 4845 624 4902 δὲ
676 4853 798 4910 ταῖς
860 4855 1106 4926 μερικαῖς
1159 4849 1482 4926 ἐκλείψεσιν,
1517 4853 1576 4907 ἂν
1611 4855 1705 4927 μὶν
1760 4854 1868 4910 ἀπὸ

219 4939 320 4990 τῶν
383 4934 614 5012 βορείων
676 4937 752 4999 ὡς
801 4936 889 4992 ἐπὶ
938 4937 1004 4993 τὰ
1030 4937 1185 4994 νότια
1211 4941 1538 5016 κατέρχοιτο
1567 4945 1602 5011 ἡ
1637 4940 1865 5014 σελήνη.

215 5024 280 5079 τὰ
322 5025 463 5100 πρὸς
521 5021 864 5100 μεσημϐρίαν
914 5026 1082 5098 αὐτῆς
1145 5027 1385 5084 ἐκλείπει
1431 5033 1619 5104 (ταῦτα
1663 5033 1762 5107 γὰρ
1814 5031 1865 5086 ἐν

215 5115 280 5185 τῇ
325 5109 548 5186 καθόδῳ
606 5113 998 5192 προηγούμενα
1061 5120 1130 5190 τῇ
1198 5122 1322 5188 σκιᾷ
1390 5119 1746 5195 περιπίπτει)”
1801 5120 1869 5175 τὰ

219 5197 274 5254 δὲ
326 5202 461 5278 πρὸς
523 5202 717 5280 ἄρκτον
779 5201 1056 5282 διαφεύγει
1111 5207 1212 5276 τὴν
1274 5204 1513 5282 ἔκλειψιν
1562 5205 1712 5279 (οὐδὲ
1765 5210 1866 5286 γὰρ

221 5289 590 5367 ὑπεισέρχεται
642 5297 812 5348 ταῦτα
865 5297 934 5368 τῇ
996 5297 1160 5369 σκιᾷ).
1218 5295 1441 5351 Ὁπόταν
1502 5294 1548 5351 δ’
1595 5297 1700 5352 ἀπὸ
1756 5303 1864 5352 τῶν

218 5378 404 5434 νοτίων
437 5382 472 5449 ἡ
506 5379 712 5452 σελήνη
744 5381 1032 5458 ἀνέρχοιτο
1064 5384 1141 5454 ὡς
1189 5383 1276 5440 ἐπὶ
1319 5387 1386 5440 τὰ
1447 5385 1654 5462 βόρεια,
1685 5387 1866 5448 σκοτί-

284 5629 569 5706 "°_Cleom.
603 5633 646 5706 Ι.
675 5650 822 5706 n,c.
855 5635 908 5703 4,
938 5635 1048 5691 sub
1078 5635 1297 5705 ﬁnem;
1333 5637 1643 5695 Reinbold.
1676 5638 1736 5694 in
1786 5640 2099 5696 Purbachii
2148 5641 2331 5697 tbeor.

1980 4769 2217 4838 feratur,
2249 4772 2307 4823 et
2332 4768 2416 4823 sic
2449 4767 2509 4821 in
2541 4767 2812 4821 umbram
2833 4769 3002 4820 terrae
3043 4763 3284 4818 incidat.
3309 4764 3372 4815 In
3403 4758 3619 4832 partia-

1977 4857 2134 4912 libus
2166 4861 2362 4911 autem
2403 4854 2740 4927 eclipsibus,
2773 4851 3068 4925 siquidem
3120 4867 3155 4906 a
3177 4849 3515 4906 borealibus
3543 4848 3617 4904 ad

1977 4944 2264 5001 australes
2285 4949 2480 5016 partes
2501 4944 2642 4999 luna
2670 4941 3005 5012 descendat,
3027 4937 3436 4995 meridionales
3454 4935 3616 4992 illius

1977 5040 2171 5107 partes
2201 5034 2480 5089 deﬁciunt
2509 5033 2620 5104 (has
2651 5033 2805 5088 enim
2856 5047 2990 5086 cum
3038 5029 3098 5084 in
3145 5028 3430 5084 descensu
3471 5042 3618 5098 pras-

1977 5123 2204 5193 cedant,
2235 5122 2294 5176 in
2326 5123 2594 5177 umbram
2635 5121 2958 5193 incidunt);
3010 5117 3493 5193 septentrionales
3521 5133 3621 5172 au-

1976 5214 2092 5266 tem
2125 5210 2366 5282 eclipsin
2407 5210 2695 5282 effugiunt
2723 5211 2936 5282 (neque
2983 5209 3140 5266 enim
3166 5207 3254 5264 ha:
3285 5206 3438 5264 825
3483 5221 3623 5261 um-

1978 5301 2144 5355 bram
2178 5299 2720 5372 subingrediuntur,
2745 5299 2836 5356 sin
2859 5304 3056 5355 autem
3079 5299 3150 5354 ab
3178 5295 3536 5354 australibus
3557 5298 3626 5351 ut

1978 5390 2049 5445 ad
2082 5389 2342 5446 boreales
2374 5389 2514 5446 luna
2540 5389 2836 5456 ascendat,
2869 5385 3352 5462 septentrionales
3383 5384 3625 5458 quidem

2366 5659 2421 5713 p.
2455 5643 2580 5696 208.
2658 5641 2704 5676 ⁸ο
2731 5639 2949 5697 Cleom.
2978 5641 3044 5713 AI.
3079 5657 3142 5713 ιι,
3175 5657 3237 5713 ο.
3259 5639 3330 5707 3;
3364 5638 3621 5713 Macrob.

219 5702 845 5785 i‘n‘Somaz‘Scipq'lib.
879 5702 1014 5785 c.
1051 5709 1136 5763 15.
1169 5784 1172 5785 ν
1216 5709 1256 5743 ⁸¹
1285 5702 1543 5785 Macrob.
1576 5711 1635 5765 in
1688 5712 1905 5785 Somn._
1925 5712 2077 5785 Scip.
2114 5712 2212 5768 lib.
2251 5731 2286 5783 1,
2322 5702 2472 5768 0:19
2505 5719 2561 5768 et
2591 5714 2699 5781 '20;
2749 5711 3055 5769 Reinbold.
3087 5702 3145 5766 in
3175 5702 3385 5768 Theor.
3416 5711 3619 5782 Purb.,

223 5773 340 5831 163.
418 5775 465 5811 ⁸³
495 5773 758 5850 Regiom.
788 5778 847 5834 in
880 5773 1199 5853 Almagest.
1233 5782 1380 5838 Ptol.
1411 5781 1512 5838 lib.
1541 5800 1618 5853 v1,
1650 5799 1816 5856 prop.
1844 5783 1934 5841 29.
