3988 6436
174 466 333 530 sese
1524 464 1878 531 amoma
1920 468 2286 534 PHYSICA.
3376 447 3527 549 ω

243 599 527 656 Posterius
554 614 591 656 a
632 599 762 676 satis
783 598 974 676 eclipsi
1015 599 1280 676 sumitur,
1312 611 1439 669 quae
1460 614 1578 676 non
1623 600 1828 676 ubique
1873 600 2063 676 eadem
2109 604 2470 676 conspicitur.
2515 633 2584 645 —-
2629 603 2684 658 8.
2718 601 3032 676 Occupatio,
3062 617 3172 675 qua
3214 601 3367 676 ratio
3411 602 3592 676 expli-

242 679 417 747 catur,
451 688 619 747 quare
645 673 1120 747 aliqui_negarin_t
1166 675 1370 747 terram
1517 670 1857 747 aspectabile
1900 673 2117 740 caelum,
2149 670 2559 744 ﬁrinamentum
2598 680 2761 747 puta,
2789 670 3264 731 centri‘rationem
3316 670 3584 733 obtinere.

242 773 319 817 -τ
341 743 395 797 9.
449 741 784 817 Con/utatur
829 741 947 799 haec
993 743 1162 817 ratio,
1195 745 1256 796 ut
1287 741 1666 817 insufﬁciens,
1699 743 1936 817 adeoque
1988 741 2304 817 ostenditur
2332 764 2442 803 esse
2469 741 2792 803 non'causa
2820 749 2925 817 rei,
2957 763 3076 816 quae
3105 749 3288 801 tamen
3333 751 3396 801 ut
3421 763 3589 806 causa

240 815 499 888 aﬂertur.
536 813 603 855 θ
635 817 722 868 10.
754 815 932 883 Quare
973 817 1093 868 visu
1125 816 1185 888 in
1243 813 1416 888 altum
1444 814 1664 888 sublato
1709 814 1845 888 plus
1883 813 2259 887 hemisphaerio
2289 821 2371 874 vel
2430 817 2625 873 mundi
2679 819 2856 874 medio
2903 813 3185 888 appareat.
3227 847 3297 856 —
3354 819 3441 874 11.
3474 820 3580 876 Nec

240 885 572 960 convallium
600 888 842 960 rimulae,
873 902 975 940 nec
998 886 1278 960 montium
1308 885 1591 938 tubercula
1620 885 2026 960 rotunditatem
2046 885 2200 943 terrae
2229 895 2473 945 evertunt
2500 908 2514 958 ;
2547 891 2690 960 quod
2732 890 2911 944 simili
2933 885 3192 959 a'pilulis
3220 905 3322 943 seu
3348 889 3584 958 globulis

235 957 586 1028 platanorum
617 957 1046 1032 declaratumin
1072 971 1174 1032 quo
1202 957 1370 1032 etiam
1416 959 1825 1032 argumentatio
1840 959 1995 1032 inest
2039 975 2073 1013 a
2102 962 2308 1015 minori
2334 961 2404 1016 ad
2446 957 2646 1032 majus.
2675 991 2744 1001 ——
2778 962 2860 1015 12-.
2893 957 3097 1028 Figura
3142 965 3308 1032 terra
3335 957 3582 1019 rotunda

239 1027 351 1083 esse
378 1032 618 1101 quinque
659 1031 995 1102 argumentis
1032 1028 1297 1102 probatur
1327 1042 1444 1097 quae
1492 1027 1724 1102 breviter
1753 1027 1942 1102 ordine
1963 1041 2333 1087 recensentur.
2367 1063 2434 1072 —-
2485 1027 2570 1086 13.
2614 1035 2677 1087 Et
2723 1049 2868 1102 aqua
2913 1027 3024 1086 esse
3064 1031 3298 1086 rotunda
3352 1032 3568 1090 duobua

236 1097 572 1176 argumentis
601 1097 982 1176 conﬁrmatur.
1025 1097 1094 1139 4
1144 1099 1424 1176 14‘Terra
1471 1097 1770 1176 secundum
1814 1100 2064 1170 physicos
2114 1105 2172 1156 in
2203 1106 2445 1174 quinque
2484 1113 2666 1176 partes
2712 1097 2996 1176 dividitur,
3027 1118 3150 1173 qua
3194 1105 3364 1158 etiam
3410 1121 3566 1163 mae

236 1172 587 1246 appellantur
610 1174 748 1246 etin
778 1176 933 1246 textu
960 1173 1339 1246 recensentur._
1369 1171 1724 1246 —_—“15_.__Dua:
1770 1179 2036 1246 extremae
2062 1171 2225 1229 κοπιῶ
2260 1171 2499 1246 ρώματ’
2520 1177 2718 1246 frigus,
2749 1174 2930 1228 media
2956 1171 3177 1244 propter
3225 1179 3418 1230 aestum
3447 1181 3562 1231 tra-

235 1239 444 1298 duntur
471 1245 540 1298 ab
571 1244 974 1316 antiquioribus
995 1243 1233 1313 physicis
1256 1239 1644 1316 inhabitabiles
1674 1243 1953 1316 grreliquae
1998 1239 2306 1316 temperatae
2335 1239 2460 1301 sunt
2486 1239 2537 1300 et
2581 1239 2841 1299 dicuntur
2861 1261 2883 1306 ;
2929 1239 3244 1316 quanquam
3294 1262 3391 1302 nec
3436 1249 3564 1304 illas

235 1329 348 1368 esse
381 1329 607 1384 prorsus
654 1312 1049 1384 inhabitabiles
1075 1312 1410 1384 ’experentia
1453 1312 1724 1384 probavit.
1769 1342 1838 1352 —-
1887 1314 1971 1367 16.
2011 1312 2186 1370 Causa
2230 1318 2514 1372 varietatis
2568 1318 2728 1371 istius
2776 1312 3052 1371 zonarum
3089 1312 3175 1372 est
3205 1321 3383 1372 motus
3431 1320 3563 1374 solis

234 1385 295 1438 in
325 1383 593 1459 zodiaca,
616 1384 908 1456 obliquitas
949 1383 1186 1447 Zodiaci,
1217 1387 1268 1437 et
1299 1387 1459 1459 terra;
1509 1383 1831 1459 rotunditas.
1865 1414 1932 1424 —-
1963 1385 2052 1459 17.
2085 1389 2408 1459 Temperatus
2455 1404 2610 1444 monte
2640 1390 2702 1441 in
2731 1394 2969 1458 quatuor
3007 1388 3208 1444 mundi
3236 1388 3564 1445 habitabiles

223 1458 410 1530 partes
431 1455 791 1530 dividuntur,
817 1472 1052 1530 quarum
1079 1463 1322 1525 respectu
1341 1525 1349 1530 _
1367 1455 1546 1530 etiam
1576 1457 1794 1530 antseci,
1827 1462 1878 1510 et
1890 1457 2116 1530 periaeci
2145 1455 2501 1530 et'antipodes
2546 1455 2838 1529 dicunt—ur,
2871 1475 3100 1530 quorum
3128 1461 3379 1516 omnium
3405 1461 3557 1518 329

230 1524 304 1604 ad
331 1527 651 1604 serinvicem
681 1524 1198 1604 ratio—explicatur.
1230 1556 1298 1604 —.-
1332 1524 1416 1578 18.
1463 1528 1644 1594 Quare
1667 1527 1747 1604 _in
1774 1524 2014 1597 quatuor
2060 1524 2456 1604 habitabilibus
2497 1535 2655 1586 terrae
2704 1524 2960 1601 partibus
3002 1533 3216 1600 antaeci,
3249 1536 3300 1586 et
3343 1532 3562 1604 perizci

227 1601 281 1675 et
306 1599 591 1675 antipodes
635 1598 709 1675 ad
738 1614 812 1675 se
838 1599 1074 1652 invicem
1102 1598 1344 1675 transire
1371 1612 1501 1675 non_
1519 1597 1758 1675 possint,
1789 1614 2104 1675 quanquam
2151 1602 2252 1675 hoc
2282 1618 2462 1673 ipsum
2507 1597 2716 1672 magna
2737 1617 2806 1675 ea;
2827 1605 2982 1675 parte
3024 1597 3355 1675 experentia
3399 1619 3558 1675 supe-

227 1613 278 1652 et
306 1613 591 1668 antipodes
635 1613 709 1653 aa
738 1614 794 1654 se
838 1613 1074 1652 invicem
1102 1613 1344 1652 transire
1371 1613 1483 1650 non
1515 1613 1758 1721 possint,
1789 1614 2104 1670 quanquam
2151 1613 2252 1657 hoc
2282 1618 2462 1673 ipsum
2507 1618 2708 1672 magna
2737 1617 2806 1656 ea:
2827 1613 2982 1672 parte
3024 1613 3355 1669 experentz’a
3399 1619 3556 1675 supe-

227 1669 452 1749 rior_um_
479 1672 550 1749 et.
573 1671 752 1749 nostri
795 1672 1055 1749 temporis
1106 1669 1330 1749 refutat.
1367 1697 1434 1708 -—
1483 1668 1508 1720 1
1544 1709 1570 1749 _.
1624 1667 1847 1723 Auctori
1885 1670 2107 1749 uidetur
2133 1673 2456 1749 ﬁgmentum
2502 1689 2634 1749 esse,
2664 1672 2804 1749 quod
2831 1689 2876 1749 (ιΔ
2911 1672 3162 1749 physicis
3195 1675 3260 1749 de
3291 1675 3556 1749 antaecis,

295 1741 477 1795 riaecis
498 1743 552 1814 et
597 1738 954 1814 antipodibus
1002 1738 1262 1814 traditur,
1295 1739 1354 1814 in
1383 1753 1488 1810 quo
1533 1746 1723 1794 tamen
1751 1745 1899 1814 errat
1942 1750 1994 1797 et
2041 1738 2444 1814 experientiam
2491 1745 2600 1800 sibi
2645 1738 3106 1800 contradicentem
3143 1744 3318 1800 habet.
3352 1777 3420 1787 —
3463 1738 3554 1801 20;

271 1814 383 1886 atto
426 1813 662 1886 auctoris
714 1809 791 1867 est
830 1812 1197 1886 insujﬁciens,
1227 1811 1361 1881 quin
1392 1818 1461 1886 et
1480 1825 1579 1880 per
1602 1809 1947 1886 αντιστρέφον
2006 1815 2067 1868 in
2094 1809 2277 1886 ipsum
2325 1816 2629 1886 retorqueri
2671 1823 2861 1886 potest.
2911 1846 2980 1854 —
3024 1815 3114 1870 21.
3164 1817 3312 1871 Inter
3354 1824 3558 1874 ueteres

224 1884 322 1954 qui
349 1879 413 1954 de
443 1885 602 1937 terrm
647 1879 1040 1954 magnitudine
1086 1879 1456 1954 discrepantes
1482 1879 1799 1954 sententias
1841 1879 2173 1954 liabuerunt,
2206 1879 2509 1942 rectissime
2552 1879 2836 1941 senserunt
2882 1887 3258 1942 Eratosthenes
3305 1895 3358 1942 et
3399 1889 3554 1944 Posi-

221 1951 454 2030 donius._
472 1983 540 2030 -_-_-
567 1956 657 2009 22.
688 1951 1372 2030 Eratosthenesquoniodo
1401 1956 1472 2030 et
1484 1952 2092 2030 qutbusjzypothesibus
2111 1951 2580 2030 ambitumterrw
2597 1959 2933 2030 supputarit,
2955 1957 3054 2012 ubi
3078 1960 3225 2030 inter
3253 1958 3370 2014 alia
3390 1960 3557 2014 etiam

219 2022 286 2078 de
311 2024 619 2080 meridiano
642 2025 924 2095 prolixius
947 2022 1277 2095 explicatur.
1309 2055 1378 2097 -ῖ
1550 2022 1871 2080 Posidonius
1919 2029 2190 2097 quomodo
2237 2029 2493 2085 eumdem
2521 2022 2815 2085 invenerit.
2846 2022 2928 2069 --’
2961 2030 3053 2084 24.
3085 2029 3365 2086 Diameter
3391 2037 3556 2088 terra

220 2103 460 2166 quantus
486 2102 560 2152 sit
587 2096 662 2153 ad
684 2098 956 2153 ambitum
981 2112 1148 2152 suum
1172 2098 1234 2152 in
1259 2095 1472 2152 stadiis.

756 2329 1012 2382 ΚΕΦΑΛ.
1052 2324 1178 2382 KH'.

2479 2330 2712 2388 CAPUT
2739 2330 2985 2387 XXVIII.

155 2412 284 2491 Περὶ
331 2433 436 2487 γης
481 2433 570 2491 και
620 2417 746 2491 τῶν-
776 2413 978 2491 ταύτης
1027 2415 1232 2491 ζωνῶν,
1277 2411 1367 2491 καὶ
1414 2414 1682 2491 πρῶτον,
1717 2409 1801 2465 ὅτι

1919 2417 1986 2472 De
2013 2426 2162 2491 terra
2189 2425 2242 2474 et
2267 2418 2384 2491 ejus
2425 2421 2599 2490 zonis,
2659 2435 2726 2474 ac
2779 2421 3024 2491 primum
3071 2419 3212 2490 quod
3277 2423 3429 2476 terra
3482 2421 3553 2478 ad

225 2479 258 2552 ἦ
318 2479 400 2571 ᾖ
447 2483 671 2574 κέγξεομ
730 2479 901 2574 λὶόγον
934 2479 1141 2574 γέτξέχει
1197 2479 1364 2574 πρὸς,λ
1389 2479 1503 2574 τὴν,
1549 2479 1798 2555 οὐράνιον

1979 2490 2259 2574 caelestem
2279 2479 2599 2574 aphaeram,’
2642 2479 2795 2562 quin.
2827 2500 2881 2546 et
2937 2491 3006 2545 ad
3062 2479 3235 2562 ipsam
3292 2492 3546 2561 solarem,

224 2551 475 2632 σφαῖραν,
507 2551 658 2612 ἅλ’λά
685 2556 774 2611 καὶ
805 2551 940 2632 πρὸς
971 2551 1138 2624 αὐτὴν
1167 2551 1266 2623 τήν
1299 2551 1557 2624 ἠλιακήν.
1621 2551 1629 2555 ’

1979 2563 2158 2615 centri
2176 2551 2447 2617 rationem
2476 2551 2745 2617 obtineat.

226 2663 292 2718 α’.
322 2663 385 2716 Ἦ
425 2669 497 2737 γῆ
537 2662 757 2738 κέντρου
801 2661 968 2737 λόγον
1023 2661 1206 2737 ἐπέχει
1249 2659 1386 2736 πρὸς
1427 2661 1526 2728 τήν
1576 2663 1802 2736 σφαῖραν

149 2754 250 2806 τοῦ
305 2753 678 2828 στερεώματος
711 2769 726 2783 '
783 2751 891 2827 οὐχ
949 2749 1030 2805 ὅτι
1106 2749 1361 2823 σύμπασα
1414 2749 1631 2825 κέντρον
1690 2748 1800 2802 ἐστὶ

150 2841 278 2913 (πᾶν
307 2839 412 2916 γὰρ
440 2842 659 2917 κέντρον
714 2837 1029 2895 ἀδιάστατον
1079 2837 1310 2912 ὑπάρχει
1357 2838 1448 2891 καὶ
1495 2837 1713 2913 ἀμερὲς,
1755 2834 1808 2890 εἷ’

149 2947 216 3001 γε
269 2927 498 3001 σημεῖόν
560 2927 745 3001 ἐστιν)·
805 2925 929 2982 ἀλλ’
984 2925 1065 2981 ὅτι
1114 2925 1506 3002 συγκρινομένη
1561 2926 1698 3000 πρὸς
1738 2926 1800 2980 τὸ

148 3022 252 3084 τῆς
281 3015 510 3094 σφαίρας
565 3018 788 3092 μέγεθος
838 3013 1026 3071 οὐδένα
1075 3014 1238 3091 λόγον
1285 3009 1431 3089 ἔχειν
1479 3011 1628 3068 δοκεῖ
1664 3016 1800 3090 πρὸς

155 3104 322 3175 αὐτήν
355 3149 369 3163 .
419 3106 620 3180 Ὠσπερ
660 3106 716 3160 αἱ
765 3105 1016 3180 μυριάκις
1072 3103 1256 3179 μύριαι
1309 3108 1416 3157 τῶν
1463 3108 1562 3158 τοῦ
1611 3100 1803 3164 ὕδατος

153 3192 444 3270 ἀμφορέων
520 3191 774 3270 μυριάδες
849 3191 993 3248 πολὺ
1069 3193 1161 3266 μὲν
1218 3193 1282 3247 τὸ
1345 3189 1558 3260 πλῆθος
1615 3191 1802 3266 ἔχουσι

152 3283 273 3346 καθ’
328 3281 491 3344 αὐτὰς
551 3281 916 3358 θεωρούμεναι
967 3299 983 3316 ·
1038 3282 1174 3355 πρὸς
1252 3278 1310 3334 δὲ
1377 3281 1478 3348 τὴν
1534 3279 1801 3334 Θάλασσαν

153 3368 309 3426 οὐδὲν
367 3370 500 3426 εἶναι
561 3369 806 3426 δοκοῦσιν
843 3417 857 3442 ,
913 3368 1039 3425 ἀλλ’
1097 3367 1224 3424 οὐδὲ
1278 3369 1413 3443 πρὸς
1476 3367 1637 3445 μέγαν
1685 3370 1807 3423 τινὰ

151 3459 423 3534 ποταμόν’
461 3458 603 3514 οὕτω
639 3457 704 3528 δὴ
754 3458 843 3514 καὶ
895 3462 930 3529 ἡ
979 3464 1076 3534 γῆ,
1127 3459 1242 3512 καθ’
1290 3458 1456 3527 αὑτὴν
1506 3458 1600 3530 μὲν
1635 3457 1805 3528 ἐξετα-

155 3549 377 3622 ζομένη,
437 3547 827 3623 πολυμεγέθης
885 3546 1026 3602 ἐστί’
1084 3547 1221 3621 πρὸς
1281 3544 1338 3600 δέ
1398 3547 1496 3615 τήν
1555 3544 1802 3622 οὐράνιον

150 3643 405 3715 σφαῖραν,
434 3638 472 3707 ἢ
501 3637 590 3691 καὶ
621 3637 759 3714 πρὸς
789 3637 887 3705 τήν
936 3635 1195 3705 ἡλιακὴν,
1220 3633 1410 3690 οὐδένα
1440 3634 1607 3710 λόγον
1641 3631 1801 3710 ἔχου-

149 3747 220 3780 σα
250 3726 509 3804 φαίνεται.
539 3725 672 3780 Τότε
717 3725 822 3801 γὰρ
871 3722 1038 3800 λόγον
1089 3720 1234 3799 ἔχειν
1291 3725 1508 3799 μέγεθος
1547 3723 1684 3799 πρὸς
1719 3720 1810 3795 μέ-

150 3827 314 3890 γεθος
367 3814 602 3891 λέγεται,
656 3813 779 3869 ὅταν
826 3814 889 3867 τὸ
944 3817 1127 3886 μεῖζον
1177 3811 1290 3866 οἷόν
1339 3833 1398 3866 τε
1447 3809 1527 3882 εἴη
1578 3832 1808 3884 καταμε-

145 3907 417 3982 τρηθῆναι
451 3905 554 3958 ὑπὸ
600 3907 698 3957 τοῦ
748 3901 1034 3964 ἐλάττονος
1064 3902 1510 3977 σ’μυριοπΑάσιον
1559 3898 1688 3962 ἴσως
1726 3900 1803 3972 ὃν,

147 3994 189 4063 ἢ
242 3993 330 4048 καὶ
380 3991 550 4048 ἄλλον
601 3993 720 4046 τινὰ
771 3991 942 4065 μείζω
991 3989 1157 4064 λόγον
1207 3987 1336 4064 ἕχον
1388 3989 1710 4065 ἀριθμητόν.
1743 3990 1806 4043 Ἡ

151 4082 396 4147 θάλασσα
426 4080 484 4136 δὲ
531 4083 620 4135 καὶ
673 4086 778 4142 πᾶς
834 4078 1001 4154 μέγας
1047 4077 1296 4151 ποταμὸς
1327 4077 1427 4132 οὑκ
1475 4077 1534 4132 ἂν
1565 4078 1668 4132 ὑπὸ
1696 4082 1803 4132 τῶν

155 4172 414 4247 μυριάκις
449 4167 656 4245 μυρίων
695 4165 973 4244 μυριάδων
992 4170 1099 4221 τῶν
1137 4165 1424 4244 ἀμφορέων
1466 4186 1805 4243 καταμέτρη-

149 4266 292 4325 θεῖεν
325 4264 422 4314 τοῦ
452 4257 666 4319 ὕδατος.

227 4350 275 4426 β’
282 4395 294 4408 ,
327 4349 497 4403 Οὗσαν
547 4345 605 4401 δὲ
652 4347 752 4415 τήν
805 4351 906 4420 γῆν
954 4342 1261 4420 στιγμιαίαν
1313 4342 1476 4398 οἳονεὶ
1525 4343 1664 4419 πρὸς
1710 4345 1801 4398 τὸν

147 4437 382 4514 οὐρανὸν
439 4436 529 4491 καὶ
587 4435 639 4489 οἱ
697 4433 912 4504 ἀστέρες
970 4434 1325 4509 παριστῶσιν,
1378 4431 1438 4486 ἐκ
1484 4433 1680 4495 παντὸς
1716 4432 1805 4487 αὐ-

141 4532 253 4595 τῆς
310 4525 508 4601 μέρους
556 4523 708 4578 αὐτοὶ
769 4522 979 4583 ἑαυτοῖς
1029 4518 1137 4574 ἶ¹σοι
1189 4519 1501 4594 φαινόμενοι
1549 4521 1637 4575 καὶ
1684 4526 1801 4583 τοῖς

146 4615 434 4690 σχήμασιν
478 4609 685 4687 ὅμοιοι.
735 4609 952 4664 Τούτων
985 4607 1032 4664 δ’
1063 4605 1341 4685 οὐδέτερον
1382 4603 1683 4663 συνέϐαινεν
1718 4608 1801 4680 ἂν,

152 4705 236 4778 μὴ
277 4707 386 4757 τῶν
435 4703 574 4776 πρὸς
619 4699 794 4755 πάντα
839 4699 906 4752 τὰ
958 4699 1094 4773 μέρη
1145 4701 1243 4752 τοῦ
1292 4695 1521 4774 οὐρανοῦ
1568 4693 1801 4772 προσπῖ-

146 4794 401 4847 πτουσῶν
461 4790 679 4854 εὐθειῶν
742 4786 801 4842 ἐκ
851 4787 1050 4849 παντὸς
1116 4787 1313 4860 μέρους
1369 4792 1471 4854 τῆς
1526 4789 1626 4861 γῆς
1672 4783 1800 4841 ἴσων

145 4877 434 4952 ἀλλήλαις
465 4877 638 4933 οὐσῶν
668 4877 742 4937 ὡς
763 4875 901 4951 πρὸς
933 4873 1198 4944 αἴσθησιν.

223 4970 295 5044 γ’.
353 4966 530 5025 Ἀλλᾶ
582 4966 671 5021 καὶ
725 4965 797 5020 τὰ
838 4962 894 5034 ’ἐξ
955 4960 1124 5032 ζώδια
1177 4961 1474 5041 φαινόμενα
1522 4963 1653 5040 ὑπὲρ
1699 4970 1800 5040 γῆν

1835 3685 1884 3750 Β

1979 2665 2031 2720 4.
2065 2667 2243 2721 Terra
2269 2667 2312 2701 ³⁷
2344 2668 2416 2722 ad
2443 2666 2796 2722 ﬁrmamenti
2829 2667 3122 2739 sphaaram
3155 2668 3336 2724 centri
3369 2669 3550 2725 ratio-

1909 2769 2044 2810 nem
2109 2755 2368 2811 obtinet:
2429 2773 2543 2810 non
2605 2756 2761 2827 quod
2821 2755 3094 2811 universa
3152 2759 3417 2813 centrum
3476 2758 3554 2815 sit

1909 2842 2150 2915 (quippe
2180 2860 2352 2900 omne
2399 2847 2666 2900 centrum
2710 2842 3147 2899 dimensionum
3191 2847 3248 2899 et
3293 2845 3551 2917 partium

1909 2946 2114 3003 expers
2145 2937 2252 3003 est,
2287 2931 2579 3004 siquidem
2622 2936 2909 3004 punctum
2959 2932 3088 3004 est),
3132 2933 3233 2988 sed
3277 2934 3452 3006 quod,
3502 2935 3554 2990 si

1913 3021 2151 3092 sphaerae
2183 3021 2577 3094 magnitudini
2595 3023 2990 3093 comparatur,
3014 3020 3239 3076 nullam
3262 3022 3333 3077 ad
3363 3023 3554 3095 ipsam

1911 3109 2125 3164 habere
2172 3109 2455 3166 rationem
2509 3109 2792 3165 videatur.
2843 3109 3350 3172 Quemadmodum
3399 3111 3556 3166 enim

1911 3201 2158 3253 centena
2186 3197 2370 3253 millia
2400 3198 2730 3270 myriadum
2780 3197 3203 3270 amphorarum
3232 3198 3558 3270 [cadorum]

1911 3302 2074 3357 aquae
2105 3286 2247 3342 dum
2288 3287 2440 3343 330
2490 3303 2594 3358 per
2651 3303 2713 3342 se
2769 3286 3242 3356 considerantur,
3301 3286 3559 3359 ingentis

1914 3378 2056 3429 sunt
2085 3375 2534 3446 magnitudinis,
2573 3375 2674 3430 sed
2708 3375 2778 3429 ad
2812 3391 2972 3430 mare
3001 3374 3147 3429 nihil
3175 3374 3465 3446 videntur,
3496 3379 3561 3431 ut

1918 3479 2023 3518 nec
2054 3463 2126 3518 ad
2158 3479 2439 3534 magnum
2471 3462 2709 3518 ﬂuvium
2736 3488 2750 3529 ;
2775 3461 2859 3517 sic
2880 3461 3160 3517 nimirum
3183 3462 3359 3518 etiam
3382 3467 3556 3534 terra,

1914 3550 2204 3622 siquidem
2238 3568 2340 3622 per
2369 3551 2623 3621 seipsam
2654 3549 2995 3619 aestimetur,
3026 3550 3192 3606 valde
3215 3567 3428 3624 magna
3441 3557 3554 3619 est;

1916 3641 2014 3695 sed
2047 3640 2118 3694 ad
2149 3639 2440 3695 caelestem
2490 3643 2591 3694 aut
2620 3639 2793 3694 etiam
2828 3639 2900 3694 ad
2945 3638 3193 3694 solarem
3242 3639 3553 3711 sphaeram,

1915 3727 2138 3783 nullam
2174 3727 2391 3782 habere
2418 3729 2703 3783 rationem
2747 3728 2995 3783 videtur.
3018 3729 3165 3783 Tum
3193 3728 3348 3783 enim
3373 3727 3416 3763 ⁸⁸
3438 3744 3558 3783 ma-

1916 3817 2162 3889 gnitudo
2185 3817 2257 3871 ad
2276 3815 2739 3887 magnitudinem
2761 3815 2990 3871 videtur
3010 3816 3225 3872 habere
3250 3815 3553 3889 rationem,

1915 3921 2048 3960 cum
2084 3906 2269 3976 major
2299 3921 2332 3958 a
2363 3903 2576 3960 minori
2614 3905 2943 3960 mensurari
2996 3907 3208 3976 potest,
3255 3907 3321 3960 ut
3365 3905 3556 3961 decies

1916 3993 2128 4049 millies
2159 3996 2386 4048 tantam
2419 3997 2522 4048 aut
2553 3993 2728 4048 aliam
2759 3993 2934 4048 etiam
2967 3991 3226 4065 aliquam
3274 3994 3557 4066 majorem

1916 4081 2340 4138 numerabilem
2373 4081 2655 4137 rationem
2688 4081 2922 4137 habeat.
2955 4086 3030 4136 At
3058 4099 3218 4137 mare
3261 4085 3318 4137 et
3365 4081 3558 4154 quivis

1914 4170 2065 4227 alius
2095 4171 2302 4243 ingens
2333 4170 2541 4226 ﬂuvius
2575 4188 2608 4225 a
2637 4171 2899 4226 centenis
2931 4168 3196 4225 millibus
3227 4169 3557 4243 myriadum

1913 4259 2331 4332 amphorarum
2355 4259 2687 4323 mensurari
2716 4276 2832 4315 non
2864 4263 3130 4331 possunt.

1982 4352 2036 4403 2.
2069 4348 2230 4412 Quod
2255 4351 2450 4403 autem
2481 4352 2638 4402 terra
2667 4348 2739 4403 ad
2771 4346 2980 4403 coelum
3003 4350 3338 4418 comparata
3354 4345 3556 4419 puncti

1911 4435 2087 4491 veluti
2120 4437 2404 4491 rationem
2434 4436 2666 4506 habeat,
2701 4441 2756 4490 et
2785 4435 2964 4490 stellae
2998 4435 3315 4490 ostendunt
3336 4451 3465 4506 quas
3487 4449 3556 4490 ex

1913 4526 2070 4580 omni
2102 4526 2230 4596 ejus
2261 4528 2424 4597 parte
2455 4524 2566 4580 sibi
2600 4524 2845 4580 invicem
2875 4522 3130 4595 aequales
3161 4528 3218 4578 et
3248 4523 3437 4595 ﬁgura
3474 4521 3552 4579 si-

1912 4614 2083 4670 miles
2113 4618 2416 4686 apparent.
2453 4614 2713 4677 Quorum
2754 4616 3026 4667 neutrum
3083 4609 3387 4678 accideret,
3436 4610 3551 4666 nisi

1910 4707 2098 4769 rectm,
2133 4717 2260 4774 quae
2310 4719 2377 4757 ex
2426 4701 2586 4757 omni
2627 4704 2791 4773 parte
2835 4704 3000 4754 terrae
3050 4699 3123 4755 ad
3169 4715 3374 4754 omnes
3422 4698 3551 4754 caeli

1911 4797 2107 4864 partes
2138 4792 2373 4859 cadunt,
2406 4791 2516 4847 sibi
2546 4790 2792 4846 iuvicem
2825 4788 3014 4859 quoad
3035 4803 3277 4844 sensum
3297 4787 3552 4861 aequales

1911 4884 2125 4936 essent.

1981 4970 2033 5024 3.
2065 4970 2176 5024 Sed
2207 4973 2263 5024 et
2284 4985 2383 5025 sex
2412 4968 2582 5041 signa
2608 4968 2654 5003 ⁸9
2683 4984 2809 5038 quas
2839 4964 3075 5038 praecise
3111 4980 3289 5038 super
3336 4967 3553 5020 terram

148 5053 436 5136 ἀκριϐῶς,
507 5058 811 5133 παριστῶσι
885 5054 984 5121 τὴν
1061 5054 1160 5128 γῆν
1219 5050 1516 5127 ἐπέχουσαν
1575 5052 1801 5125 σημείου

1919 5058 2383 5130 conspiciuntur,
2414 5057 2751 5123 ostendunt,
2775 5060 2990 5110 terram
3014 5055 3082 5109 ad
3115 5055 3553 5109 ﬁrmamentum

147 5148 322 5224 Λόγον
369 5147 508 5222 πρὸς
565 5144 626 5199 τὸ
684 5141 984 5220 στερέωμα,
1040 5144 1139 5195 τοῦ
1194 5143 1310 5195 κατ’
1367 5139 1532 5208 αὐτὴν
1607 5142 1803 5216 βάθους

151 5233 426 5311 μηδεμίαν
489 5238 682 5310 μοῖραν
727 5231 764 5300 ἢ
822 5227 1134 5286 πολλοστὸν
1198 5227 1391 5304 μοίρας
1439 5228 1801 5304 ἀποκρύπτειν

148 5327 464 5402 ἰσχύοντος.
494 5327 694 5378 Τοῦτον
728 5319 787 5375 δὲ
837 5321 928 5374 τὸν
975 5317 1176 5395 τρόπον
1208 5318 1242 5386 ἠ
1291 5314 1576 5392 διάγνωσις
1605 5317 1802 5394 γίνεται

141 5420 248 5471 τοῦ
301 5415 370 5469 τὰ
421 5413 478 5484 ’ἐξ
537 5412 670 5488 ὑπὲρ
727 5416 832 5486 γῆν
892 5405 1060 5477 ζώδια
1106 5405 1383 5484 φαίνεσθαι
1418 5451 1432 5464 .
1492 5406 1595 5460 Δύο
1660 5408 1801 5470 τινὲς

147 5504 416 5566 ἀπλανεῖς
494 5501 708 5576 ἀστέρες
771 5495 1045 5567 ἀλλήλοις
1105 5494 1482 5571 παραπλήσιοι
1540 5497 1676 5550 κατά
1745 5517 1804 5551 τε

220 5741 269 5778 ⁸⁷
301 5737 446 5796 Ptol.
479 5735 580 5791 lib.
613 5749 674 5801 1;
703 5731 856 5787 Alm.
884 5745 935 5784 ο.
966 5730 1033 5799 6;
1065 5727 1283 5803 Cleom.
1313 5728 1415 5784 lib.
1468 5747 1508 5797 ι,
1541 5747 1571 5784 c
1601 5731 1687 5800 10,
1739 5732 1793 5786 et
1822 5746 1883 5802 ιι,
1925 5747 1974 5785 c.
2023 5731 2087 5799 2;
2130 5729 2391 5803 Regiom.
2425 5731 2484 5786 in
2518 5729 2662 5786 Ptol.
2695 5729 2732 5785 l.
2769 5748 2808 5798 ι,
2835 5729 3094 5787 conclus.
3126 5730 3178 5784 4.

151 5815 257 5871 lib.
290 5830 353 5881 Π,
387 5828 437 5867 c.
462 5811 517 5865 2.
592 5806 638 5842 ⁸9
662 5800 882 5862 Cleom.
907 5804 953 5857 I.
985 5817 1025 5868 1,
1058 5816 1108 5856 ο.
1140 5800 1226 5868 10,
1260 5804 1317 5856 ct
1343 5817 1406 5871 ιι,
1442 5818 1492 5858 ο.
1524 5805 1578 5856 2.

1913 5145 2116 5216 puncti
2150 5144 2432 5198 rationem
2464 5143 2745 5208 obtinere,
2779 5158 2912 5197 cum
2952 5141 3141 5213 ipsius
3192 5139 3557 5213 profunditas

1913 5232 2136 5288 nullam
2170 5236 2412 5303 partem,
2449 5236 2551 5286 aut
2580 5231 2753 5286 etiam
2787 5231 3129 5303 scrupulum
3155 5230 3340 5302 partis
3369 5229 3558 5285 ullum

1913 5321 2209 5376 occultare
2261 5319 2464 5392 possit.
2514 5323 2633 5374 Hoc
2672 5321 2820 5375 331
2874 5324 3070 5374 autem
3120 5319 3292 5374 modo
3341 5334 3560 5391 cogno-

1912 5409 2119 5478 scitur,
2154 5409 2309 5481 quod
2346 5425 2445 5464 sex
2493 5408 2661 5481 signa
2690 5425 2869 5480 supra
2917 5407 3278 5464 horizontem
3327 5405 3559 5480 conspi-

1911 5498 2162 5554 ciantur.
2197 5502 2331 5552 Duae
2356 5497 2622 5569 quaedam
2655 5499 2980 5554 inerrantes
3029 5495 3206 5554 stellae
3255 5495 3368 5552 sibi
3409 5495 3556 5551 invi-

3279 5728 3324 5764 ⁸⁸
3351 5727 3548 5786 Cleom
