  <div class='ocr_page' id='page_1' title='image "/cluster/home/n/w/nwhite01/storage/ocr_20150623/142/mdp.39015078384792/643.png"; bbox 0 0 3988 6442; ppageno 0'>
   <div class='ocr_carea' id='block_1_1' title="bbox 431 448 589 548">
    <p class='ocr_par' dir='ltr' id='par_1_1' title="bbox 431 448 589 548">
     <span class='ocr_line' id='line_1_1' title="bbox 431 448 589 548; baseline 0.032 -5"><span class='ocrx_word' id='word_1_1' title='bbox 431 448 589 548; x_wconf 71' lang='grc' dir='ltr'><strong>ιιη</strong></span> 
     </span>
    </p>
   </div>
   <div class='ocr_carea' id='block_1_2' title="bbox 1683 441 2594 507">
    <p class='ocr_par' dir='ltr' id='par_1_2' title="bbox 1683 441 2594 507">
     <span class='ocr_line' id='line_1_2' title="bbox 1683 441 2594 507; baseline -0.002 -2"><span class='ocrx_word' id='word_1_2' title='bbox 1683 444 2112 507; x_wconf 77' lang='lat' dir='ltr'><strong>NICEPHORI</strong></span> <span class='ocrx_word' id='word_1_3' title='bbox 2153 441 2594 505; x_wconf 65' lang='lat' dir='ltr'><strong>BLEMMIDIE</strong></span> 
     </span>
    </p>
   </div>
   <div class='ocr_carea' id='block_1_3' title="bbox 3713 442 3857 501">
    <p class='ocr_par' dir='ltr' id='par_1_3' title="bbox 3713 442 3857 501">
     <span class='ocr_line' id='line_1_3' title="bbox 3713 442 3857 501; baseline 0 0"><span class='ocrx_word' id='word_1_4' title='bbox 3713 442 3857 501; x_wconf 74' lang='grc'><strong>1272</strong></span> 
     </span>
    </p>
   </div>
   <div class='ocr_carea' id='block_1_4' title="bbox 437 557 2102 653">
    <p class='ocr_par' dir='ltr' id='par_1_4' title="bbox 437 557 2078 653">
     <span class='ocr_line' id='line_1_4' title="bbox 437 557 2078 653; baseline -0.005 -14"><span class='ocrx_word' id='word_1_5' title='bbox 437 557 564 640; x_wconf 79' lang='lat' dir='ltr'><strong>cem</strong></span> <span class='ocrx_word' id='word_1_6' title='bbox 594 585 652 637; x_wconf 89' lang='lat' dir='ltr'><strong>et</strong></span> <span class='ocrx_word' id='word_1_7' title='bbox 700 580 888 653; x_wconf 83' lang='lat' dir='ltr'><strong>quoad</strong></span> <span class='ocrx_word' id='word_1_8' title='bbox 923 578 1417 651; x_wconf 84' lang='lat' dir='ltr'><strong>magnitudinem,</strong></span> <span class='ocrx_word' id='word_1_9' title='bbox 1477 581 1534 634; x_wconf 89' lang='lat' dir='ltr'><strong>et</strong></span> <span class='ocrx_word' id='word_1_10' title='bbox 1589 577 1782 649; x_wconf 86' lang='lat' dir='ltr'>quoad</span> <span class='ocrx_word' id='word_1_11' title='bbox 1827 578 2078 633; x_wconf 86' lang='lat' dir='ltr'><strong>colorem</strong></span> 
     </span>
    </p>
   </div>
   <div class='ocr_carea' id='block_1_5' title="bbox 2222 557 3854 653">
    <p class='ocr_par' dir='ltr' id='par_1_5' title="bbox 2222 568 3854 649">
     <span class='ocr_line' id='line_1_5' title="bbox 2222 568 3854 649; baseline -0.001 -21"><span class='ocrx_word' id='word_1_12' title='bbox 2222 575 2428 649; x_wconf 75' lang='grc' dir='ltr'>ιέγεθος</span> <span class='ocrx_word' id='word_1_13' title='bbox 2483 575 2572 627; x_wconf 76' lang='grc' dir='ltr'>καὶ</span> <span class='ocrx_word' id='word_1_14' title='bbox 2625 573 2818 649; x_wconf 72' lang='grc' dir='ltr'>χροιὰν</span> <span class='ocrx_word' id='word_1_15' title='bbox 2882 568 3257 648; x_wconf 76' lang='grc' dir='ltr'><strong>διαμετροῦσιν</strong></span> <span class='ocrx_word' id='word_1_16' title='bbox 3317 569 3643 643; x_wconf 74' lang='grc' dir='ltr'>ἀλλήλους’</span> <span class='ocrx_word' id='word_1_17' title='bbox 3697 573 3727 626; x_wconf 78' lang='grc' dir='ltr'>ὁ</span> 
     </span>
    </p>
   </div>
   <div class='ocr_carea' id='block_1_6' title="bbox 439 667 2085 740">
    <p class='ocr_par' dir='ltr' id='par_1_6' title="bbox 439 667 2085 740">
     <span class='ocr_line' id='line_1_6' title="bbox 439 667 2085 740; baseline -0.003 -14"><span class='ocrx_word' id='word_1_18' title='bbox 439 669 667 727; x_wconf 88' lang='lat' dir='ltr'><strong>similes</strong></span> <span class='ocrx_word' id='word_1_19' title='bbox 697 686 801 740; x_wconf 93' lang='lat' dir='ltr'><strong>per</strong></span> <span class='ocrx_word' id='word_1_20' title='bbox 826 669 1228 723; x_wconf 85' lang='lat' dir='ltr'><strong>dimetientem</strong></span> <span class='ocrx_word' id='word_1_21' title='bbox 1262 672 1638 739; x_wconf 90' lang='lat' dir='ltr'><strong>opponuntur</strong></span> <span class='ocrx_word' id='word_1_22' title='bbox 1663 684 1675 721; x_wconf 94' lang='lat'>:</span> <span class='ocrx_word' id='word_1_23' title='bbox 1703 684 1819 722; x_wconf 89' lang='lat' dir='ltr'><strong>una</strong></span> <span class='ocrx_word' id='word_1_24' title='bbox 1849 667 2085 738; x_wconf 89' lang='lat' dir='ltr'><strong>quidem</strong></span> 
     </span>
    </p>
   </div>
   <div class='ocr_carea' id='block_1_7' title="bbox 440 756 2089 828">
    <p class='ocr_par' dir='ltr' id='par_1_7' title="bbox 440 756 2089 828">
     <span class='ocr_line' id='line_1_7' title="bbox 440 756 2089 828; baseline -0.004 -14"><span class='ocrx_word' id='word_1_25' title='bbox 440 759 733 815; x_wconf 89' lang='lat' dir='ltr'><strong>decimum</strong></span> <span class='ocrx_word' id='word_1_26' title='bbox 764 757 1036 828; x_wconf 87' lang='lat' dir='ltr'><strong>quintum</strong></span> <span class='ocrx_word' id='word_1_27' title='bbox 1070 756 1290 828; x_wconf 88' lang='lat' dir='ltr'><strong>Scorpii</strong></span> <span class='ocrx_word' id='word_1_28' title='bbox 1337 757 1581 827; x_wconf 84' lang='lat' dir='ltr'><strong>gradum</strong></span> <span class='ocrx_word' id='word_1_29' title='bbox 1630 760 1854 822; x_wconf 87' lang='lat' dir='ltr'><strong>tenens,</strong></span> <span class='ocrx_word' id='word_1_30' title='bbox 1907 757 2089 809; x_wconf 89' lang='lat' dir='ltr'><strong>altera</strong></span> 
     </span>
    </p>
   </div>
   <div class='ocr_carea' id='block_1_8' title="bbox 441 844 2086 917">
    <p class='ocr_par' dir='ltr' id='par_1_8' title="bbox 441 844 2086 917">
     <span class='ocr_line' id='line_1_8' title="bbox 441 844 2086 917; baseline -0.003 -14"><span class='ocrx_word' id='word_1_31' title='bbox 441 847 713 903; x_wconf 90' lang='lat' dir='ltr'><strong>eumdem</strong></span> <span class='ocrx_word' id='word_1_32' title='bbox 746 847 946 915; x_wconf 84' lang='lat' dir='ltr'><strong>Tauri,</strong></span> <span class='ocrx_word' id='word_1_33' title='bbox 979 863 1112 900; x_wconf 92' lang='lat' dir='ltr'><strong>cum</strong></span> <span class='ocrx_word' id='word_1_34' title='bbox 1162 846 1451 917; x_wconf 83' lang='lat' dir='ltr'><strong>Hyadum,</strong></span> <span class='ocrx_word' id='word_1_35' title='bbox 1485 845 1540 899; x_wconf 93' lang='lat' dir='ltr'><strong>id</strong></span> <span class='ocrx_word' id='word_1_36' title='bbox 1572 850 1660 900; x_wconf 88' lang='lat' dir='ltr'><strong>est</strong></span> <span class='ocrx_word' id='word_1_37' title='bbox 1714 844 2086 911; x_wconf 89' lang='lat' dir='ltr'><strong>Sucularum,</strong></span> 
     </span>
    </p>
   </div>
   <div class='ocr_carea' id='block_1_9' title="bbox 442 933 2088 1010">
    <p class='ocr_par' dir='ltr' id='par_1_9' title="bbox 442 933 2088 1010">
     <span class='ocr_line' id='line_1_9' title="bbox 442 933 2088 1010; baseline -0.002 -19"><span class='ocrx_word' id='word_1_38' title='bbox 442 953 581 1010; x_wconf 90' lang='lat' dir='ltr'><strong>pars</strong></span> <span class='ocrx_word' id='word_1_39' title='bbox 617 936 712 1006; x_wconf 90' lang='lat' dir='ltr'><strong>sit,</strong></span> <span class='ocrx_word' id='word_1_40' title='bbox 747 935 912 991; x_wconf 90' lang='lat' dir='ltr'><strong>Marti</strong></span> <span class='ocrx_word' id='word_1_41' title='bbox 944 935 1136 1005; x_wconf 88' lang='lat' dir='ltr'>quoad</span> <span class='ocrx_word' id='word_1_42' title='bbox 1179 934 1432 988; x_wconf 89' lang='lat' dir='ltr'><strong>colorem</strong></span> <span class='ocrx_word' id='word_1_43' title='bbox 1462 933 1627 988; x_wconf 82' lang='lat' dir='ltr'>valde</span> <span class='ocrx_word' id='word_1_44' title='bbox 1686 933 1929 988; x_wconf 84' lang='lat' dir='ltr'><strong>similes.</strong></span> <span class='ocrx_word' id='word_1_45' title='bbox 1984 933 2088 988; x_wconf 88' lang='lat' dir='ltr'><strong>Oc-</strong></span> 
     </span>
    </p>
   </div>
   <div class='ocr_carea' id='block_1_10' title="bbox 442 1022 2091 1094">
    <p class='ocr_par' dir='ltr' id='par_1_10' title="bbox 442 1022 2091 1094">
     <span class='ocr_line' id='line_1_10' title="bbox 442 1022 2091 1094; baseline -0.004 -13"><span class='ocrx_word' id='word_1_46' title='bbox 442 1025 669 1081; x_wconf 86' lang='lat' dir='ltr'><strong>cidente</strong></span> <span class='ocrx_word' id='word_1_47' title='bbox 701 1023 943 1094; x_wconf 83' lang='lat' dir='ltr'><strong>proinde</strong></span> <span class='ocrx_word' id='word_1_48' title='bbox 976 1039 1095 1079; x_wconf 89' lang='lat' dir='ltr'><strong>una</strong></span> <span class='ocrx_word' id='word_1_49' title='bbox 1127 1023 1415 1094; x_wconf 89' lang='lat' dir='ltr'><strong>ipsarum,</strong></span> <span class='ocrx_word' id='word_1_50' title='bbox 1451 1022 1633 1076; x_wconf 89' lang='lat' dir='ltr'><strong>altera</strong></span> <span class='ocrx_word' id='word_1_51' title='bbox 1665 1023 1862 1076; x_wconf 82' lang='lat' dir='ltr'><strong>statim</strong></span> <span class='ocrx_word' id='word_1_52' title='bbox 1906 1022 2091 1076; x_wconf 83' lang='lat' dir='ltr'><strong>exori-</strong></span> 
     </span>
    </p>
   </div>
   <div class='ocr_carea' id='block_1_11' title="bbox 444 1109 2092 1183">
    <p class='ocr_par' dir='ltr' id='par_1_11' title="bbox 444 1109 2092 1183">
     <span class='ocr_line' id='line_1_11' title="bbox 444 1109 2092 1183; baseline -0.002 -14"><span class='ocrx_word' id='word_1_53' title='bbox 444 1118 564 1181; x_wconf 90' lang='lat' dir='ltr'><strong>tur,</strong></span> <span class='ocrx_word' id='word_1_54' title='bbox 596 1111 894 1183; x_wconf 83' lang='lat' dir='ltr'><strong>simulque</strong></span> <span class='ocrx_word' id='word_1_55' title='bbox 932 1111 990 1166; x_wconf 90' lang='lat' dir='ltr'><strong>in</strong></span> <span class='ocrx_word' id='word_1_56' title='bbox 1022 1112 1320 1166; x_wconf 89' lang='lat' dir='ltr'><strong>horizonte</strong></span> <span class='ocrx_word' id='word_1_57' title='bbox 1351 1111 1533 1166; x_wconf 61' lang='lat' dir='ltr'><strong>amba</strong></span> <span class='ocrx_word' id='word_1_58' title='bbox 1581 1115 1940 1182; x_wconf 83' lang='lat' dir='ltr'><strong>spectantur,</strong></span> <span class='ocrx_word' id='word_1_59' title='bbox 1993 1109 2092 1165; x_wconf 89' lang='lat' dir='ltr'><strong>illa</strong></span> 
     </span>
    </p>
   </div>
   <div class='ocr_carea' id='block_1_12' title="bbox 447 1198 2091 1274">
    <p class='ocr_par' dir='ltr' id='par_1_12' title="bbox 447 1198 2091 1274">
     <span class='ocr_line' id='line_1_12' title="bbox 447 1198 2091 1274; baseline -0.002 -18"><span class='ocrx_word' id='word_1_60' title='bbox 447 1201 686 1274; x_wconf 88' lang='lat' dir='ltr'><strong>quidem</strong></span> <span class='ocrx_word' id='word_1_61' title='bbox 718 1200 935 1266; x_wconf 90' lang='lat' dir='ltr'><strong>oriens,</strong></span> <span class='ocrx_word' id='word_1_62' title='bbox 969 1200 1090 1254; x_wconf 69' lang='lat' dir='ltr'><strong>haac</strong></span> <span class='ocrx_word' id='word_1_63' title='bbox 1112 1199 1402 1254; x_wconf 89' lang='lat' dir='ltr'><strong>occidens.</strong></span> <span class='ocrx_word' id='word_1_64' title='bbox 1429 1199 1590 1262; x_wconf 89' lang='lat' dir='ltr'>Quod</span> <span class='ocrx_word' id='word_1_65' title='bbox 1627 1216 1740 1254; x_wconf 90' lang='lat' dir='ltr'><strong>non</strong></span> <span class='ocrx_word' id='word_1_66' title='bbox 1788 1198 2091 1269; x_wconf 87' lang='lat' dir='ltr'><strong>continge-</strong></span> 
     </span>
    </p>
   </div>
   <div class='ocr_carea' id='block_1_13' title="bbox 449 1289 2092 1361">
    <p class='ocr_par' dir='ltr' id='par_1_13' title="bbox 449 1289 2092 1361">
     <span class='ocr_line' id='line_1_13' title="bbox 449 1289 2092 1361; baseline -0.003 -15"><span class='ocrx_word' id='word_1_67' title='bbox 449 1295 558 1361; x_wconf 86' lang='lat' dir='ltr'><strong>ret,</strong></span> <span class='ocrx_word' id='word_1_68' title='bbox 590 1289 634 1345; x_wconf 89' lang='lat' dir='ltr'><strong>si</strong></span> <span class='ocrx_word' id='word_1_69' title='bbox 690 1293 911 1360; x_wconf 88' lang='lat' dir='ltr'><strong>partem</strong></span> <span class='ocrx_word' id='word_1_70' title='bbox 971 1289 1228 1360; x_wconf 87' lang='lat' dir='ltr'>aliquam</span> <span class='ocrx_word' id='word_1_71' title='bbox 1285 1289 1512 1344; x_wconf 90' lang='lat' dir='ltr'><strong>Zodiaci</strong></span> <span class='ocrx_word' id='word_1_72' title='bbox 1573 1289 1870 1343; x_wconf 88' lang='lat' dir='ltr'><strong>crassities</strong></span> <span class='ocrx_word' id='word_1_73' title='bbox 1928 1292 2092 1342; x_wconf 66' lang='lat' dir='ltr'><strong>terra:</strong></span> 
     </span>
    </p>
   </div>
   <div class='ocr_carea' id='block_1_14' title="bbox 448 1379 1009 1450">
    <p class='ocr_par' dir='ltr' id='par_1_14' title="bbox 448 1379 1009 1450">
     <span class='ocr_line' id='line_1_14' title="bbox 448 1379 1009 1450; baseline -0.004 -15"><span class='ocrx_word' id='word_1_74' title='bbox 448 1379 761 1436; x_wconf 82' lang='lat' dir='ltr'><strong>obscurare</strong></span> <span class='ocrx_word' id='word_1_75' title='bbox 793 1382 1009 1450; x_wconf 86' lang='lat' dir='ltr'><strong>posset.</strong></span> 
     </span>
    </p>
   </div>
   <div class='ocr_carea' id='block_1_15' title="bbox 522 1467 2094 1538">
    <p class='ocr_par' dir='ltr' id='par_1_15' title="bbox 522 1467 2094 1538">
     <span class='ocr_line' id='line_1_15' title="bbox 522 1467 2094 1538; baseline -0.002 -16"><span class='ocrx_word' id='word_1_76' title='bbox 522 1469 576 1522; x_wconf 79' lang='grc'><strong>4.</strong></span> <span class='ocrx_word' id='word_1_77' title='bbox 609 1468 717 1523; x_wconf 92' lang='lat' dir='ltr'><strong>Sed</strong></span> <span class='ocrx_word' id='word_1_78' title='bbox 752 1471 806 1524; x_wconf 90' lang='lat' dir='ltr'><strong>et</strong></span> <span class='ocrx_word' id='word_1_79' title='bbox 839 1467 1096 1522; x_wconf 92' lang='lat' dir='ltr'><strong>medium</strong></span> <span class='ocrx_word' id='word_1_80' title='bbox 1128 1467 1441 1538; x_wconf 73' lang='lat' dir='ltr'><strong>zequatoris</strong></span> <span class='ocrx_word' id='word_1_81' title='bbox 1480 1482 1713 1537; x_wconf 87' lang='lat' dir='ltr'><strong>semper</strong></span> <span class='ocrx_word' id='word_1_82' title='bbox 1754 1482 1933 1537; x_wconf 87' lang='lat' dir='ltr'><strong>supra</strong></span> <span class='ocrx_word' id='word_1_83' title='bbox 1981 1470 2094 1519; x_wconf 86' lang='lat' dir='ltr'><strong>ter-</strong></span> 
     </span>
    </p>
   </div>
   <div class='ocr_carea' id='block_1_16' title="bbox 452 1554 2093 1627">
    <p class='ocr_par' dir='ltr' id='par_1_16' title="bbox 452 1554 2093 1627">
     <span class='ocr_line' id='line_1_16' title="bbox 452 1554 2093 1627; baseline -0.002 -15"><span class='ocrx_word' id='word_1_84' title='bbox 452 1573 579 1612; x_wconf 89' lang='lat' dir='ltr'><strong>ram</strong></span> <span class='ocrx_word' id='word_1_85' title='bbox 610 1560 718 1625; x_wconf 88' lang='lat' dir='ltr'><strong>est,</strong></span> <span class='ocrx_word' id='word_1_86' title='bbox 749 1556 975 1626; x_wconf 90' lang='lat' dir='ltr'><strong>hocque</strong></span> <span class='ocrx_word' id='word_1_87' title='bbox 1023 1573 1091 1611; x_wconf 81' lang='lat' dir='ltr'><strong>ex</strong></span> <span class='ocrx_word' id='word_1_88' title='bbox 1148 1555 1514 1627; x_wconf 71' lang='lat' dir='ltr'><strong>aaquinoctiis</strong></span> <span class='ocrx_word' id='word_1_89' title='bbox 1562 1554 1939 1609; x_wconf 78' lang='lat' dir='ltr'><strong>manifestum</strong></span> <span class='ocrx_word' id='word_1_90' title='bbox 1984 1558 2093 1608; x_wconf 87' lang='lat' dir='ltr'><strong>est.</strong></span> 
     </span>
    </p>
   </div>
   <div class='ocr_carea' id='block_1_17' title="bbox 454 1644 2096 1714">
    <p class='ocr_par' dir='ltr' id='par_1_17' title="bbox 454 1644 2096 1714">
     <span class='ocr_line' id='line_1_17' title="bbox 454 1644 2096 1714; baseline -0.002 -14"><span class='ocrx_word' id='word_1_91' title='bbox 454 1645 601 1701; x_wconf 89' lang='lat' dir='ltr'>Cum</span> <span class='ocrx_word' id='word_1_92' title='bbox 630 1645 788 1700; x_wconf 89' lang='lat' dir='ltr'><strong>enim</strong></span> <span class='ocrx_word' id='word_1_93' title='bbox 819 1645 1011 1700; x_wconf 92' lang='lat' dir='ltr'><strong>oriens</strong></span> <span class='ocrx_word' id='word_1_94' title='bbox 1042 1644 1130 1699; x_wconf 90' lang='lat' dir='ltr'><strong>sol</strong></span> <span class='ocrx_word' id='word_1_95' title='bbox 1161 1648 1261 1698; x_wconf 89' lang='lat' dir='ltr'><strong>aut</strong></span> <span class='ocrx_word' id='word_1_96' title='bbox 1291 1644 1564 1698; x_wconf 92' lang='lat' dir='ltr'><strong>occidens</strong></span> <span class='ocrx_word' id='word_1_97' title='bbox 1594 1647 1878 1714; x_wconf 90' lang='lat' dir='ltr'><strong>punctum</strong></span> <span class='ocrx_word' id='word_1_98' title='bbox 1902 1659 2096 1712; x_wconf 67' lang='lat' dir='ltr'><strong>aequa-</strong></span> 
     </span>
    </p>
   </div>
   <div class='ocr_carea' id='block_1_18' title="bbox 457 1732 2097 1805">
    <p class='ocr_par' dir='ltr' id='par_1_18' title="bbox 457 1732 2097 1805">
     <span class='ocr_line' id='line_1_18' title="bbox 457 1732 2097 1805; baseline -0.004 -15"><span class='ocrx_word' id='word_1_99' title='bbox 457 1735 573 1790; x_wconf 94' lang='lat' dir='ltr'><strong>tori</strong></span> <span class='ocrx_word' id='word_1_100' title='bbox 607 1734 936 1804; x_wconf 87' lang='lat' dir='ltr'><strong>subjectum</strong></span> <span class='ocrx_word' id='word_1_101' title='bbox 971 1732 1244 1805; x_wconf 77' lang='lat' dir='ltr'><strong>attigerit;</strong></span> <span class='ocrx_word' id='word_1_102' title='bbox 1279 1737 1409 1786; x_wconf 85' lang='lat' dir='ltr'><strong>tum</strong></span> <span class='ocrx_word' id='word_1_103' title='bbox 1453 1737 1508 1788; x_wconf 91' lang='lat' dir='ltr'><strong>et</strong></span> <span class='ocrx_word' id='word_1_104' title='bbox 1537 1732 1662 1786; x_wconf 88' lang='lat' dir='ltr'><strong>dies</strong></span> <span class='ocrx_word' id='word_1_105' title='bbox 1690 1736 1748 1786; x_wconf 89' lang='lat' dir='ltr'><strong>et</strong></span> <span class='ocrx_word' id='word_1_106' title='bbox 1777 1747 1889 1786; x_wconf 83' lang='lat' dir='ltr'><strong>nox</strong></span> <span class='ocrx_word' id='word_1_107' title='bbox 1936 1747 2097 1786; x_wconf 90' lang='lat' dir='ltr'><strong>sum-</strong></span> 
     </span>
    </p>
   </div>
   <div class='ocr_carea' id='block_1_19' title="bbox 456 1821 1378 1894">
    <p class='ocr_par' dir='ltr' id='par_1_19' title="bbox 456 1821 1378 1894">
     <span class='ocr_line' id='line_1_19' title="bbox 456 1821 1378 1894; baseline -0.005 -15"><span class='ocrx_word' id='word_1_108' title='bbox 456 1840 614 1879; x_wconf 91' lang='lat' dir='ltr'><strong>mam</strong></span> <span class='ocrx_word' id='word_1_109' title='bbox 645 1821 1032 1894; x_wconf 63' lang='lat' dir='ltr'><strong>asqualitatem</strong></span> <span class='ocrx_word' id='word_1_110' title='bbox 1066 1821 1378 1892; x_wconf 91' lang='lat' dir='ltr'><strong>accipiunt.</strong></span> 
     </span>
    </p>
   </div>
   <div class='ocr_carea' id='block_1_20' title="bbox 526 1909 2177 2006">
    <p class='ocr_par' dir='ltr' id='par_1_20' title="bbox 526 1909 2177 2006">
     <span class='ocr_line' id='line_1_20' title="bbox 526 1909 2177 2006; baseline -0.002 -40"><span class='ocrx_word' id='word_1_111' title='bbox 526 1913 582 1966; x_wconf 85' lang='lat'><strong>5.</strong></span> <span class='ocrx_word' id='word_1_112' title='bbox 623 1911 731 1965; x_wconf 88' lang='lat' dir='ltr'><strong>Sed</strong></span> <span class='ocrx_word' id='word_1_113' title='bbox 775 1914 833 1966; x_wconf 88' lang='lat' dir='ltr'><strong>et</strong></span> <span class='ocrx_word' id='word_1_114' title='bbox 872 1911 917 1945; x_wconf 81' lang='lat'><strong>°°</strong></span> <span class='ocrx_word' id='word_1_115' title='bbox 965 1911 1034 1965; x_wconf 93' lang='lat' dir='ltr'><strong>ad</strong></span> <span class='ocrx_word' id='word_1_116' title='bbox 1081 1909 1329 1965; x_wconf 81' lang='lat' dir='ltr'><strong>solarem</strong></span> <span class='ocrx_word' id='word_1_117' title='bbox 1379 1909 1667 1980; x_wconf 66' lang='lat' dir='ltr'><strong>sphaeram</strong></span> <span class='ocrx_word' id='word_1_118' title='bbox 1716 1914 1870 1964; x_wconf 90' lang='lat' dir='ltr'><strong>terra</strong></span> <span class='ocrx_word' id='word_1_119' title='bbox 1917 1909 2098 1963; x_wconf 89' lang='lat' dir='ltr'><strong>centri</strong></span> <span class='ocrx_word' id='word_1_120' title='bbox 2130 1941 2177 2006; x_wconf 79' lang='grc' dir='ltr'><strong>Β</strong></span> 
     </span>
    </p>
   </div>
   <div class='ocr_carea' id='block_1_21' title="bbox 456 1997 2096 2070">
    <p class='ocr_par' dir='ltr' id='par_1_21' title="bbox 456 1997 2096 2070">
     <span class='ocr_line' id='line_1_21' title="bbox 456 1997 2096 2070; baseline -0.003 -14"><span class='ocrx_word' id='word_1_121' title='bbox 456 1999 744 2056; x_wconf 89' lang='lat' dir='ltr'><strong>rationem</strong></span> <span class='ocrx_word' id='word_1_122' title='bbox 773 2000 1031 2054; x_wconf 89' lang='lat' dir='ltr'><strong>obtinere</strong></span> <span class='ocrx_word' id='word_1_123' title='bbox 1059 1997 1428 2070; x_wconf 88' lang='lat' dir='ltr'><strong>perspicitur.</strong></span> <span class='ocrx_word' id='word_1_124' title='bbox 1463 1997 1772 2069; x_wconf 88' lang='lat' dir='ltr'><strong>Horologia</strong></span> <span class='ocrx_word' id='word_1_125' title='bbox 1830 1997 1986 2052; x_wconf 91' lang='lat' dir='ltr'><strong>enim</strong></span> <span class='ocrx_word' id='word_1_126' title='bbox 2038 1997 2096 2052; x_wconf 91' lang='lat' dir='ltr'><strong>in</strong></span> 
     </span>
    </p>
   </div>
   <div class='ocr_carea' id='block_1_22' title="bbox 454 2085 2096 2158">
    <p class='ocr_par' dir='ltr' id='par_1_22' title="bbox 454 2085 2096 2158">
     <span class='ocr_line' id='line_1_22' title="bbox 454 2085 2096 2158; baseline -0.002 -15"><span class='ocrx_word' id='word_1_127' title='bbox 454 2092 614 2144; x_wconf 86' lang='lat' dir='ltr'><strong>terra</strong></span> <span class='ocrx_word' id='word_1_128' title='bbox 641 2086 1053 2152; x_wconf 80' lang='lat' dir='ltr'><strong>conficiuntur,</strong></span> <span class='ocrx_word' id='word_1_129' title='bbox 1086 2103 1212 2158; x_wconf 68' lang='lat' dir='ltr'><strong>qua:</strong></span> <span class='ocrx_word' id='word_1_130' title='bbox 1253 2102 1617 2157; x_wconf 87' lang='lat' dir='ltr'><strong>gnomonum</strong></span> <span class='ocrx_word' id='word_1_131' title='bbox 1671 2085 1914 2140; x_wconf 89' lang='lat' dir='ltr'><strong>umbras</strong></span> <span class='ocrx_word' id='word_1_132' title='bbox 1962 2102 2096 2140; x_wconf 92' lang='lat' dir='ltr'><strong>cum</strong></span> 
     </span>
    </p>
   </div>
   <div class='ocr_carea' id='block_1_23' title="bbox 457 2175 2101 2244">
    <p class='ocr_par' dir='ltr' id='par_1_23' title="bbox 457 2175 2101 2244">
     <span class='ocr_line' id='line_1_23' title="bbox 457 2175 2101 2244; baseline -0.003 -12"><span class='ocrx_word' id='word_1_133' title='bbox 457 2177 669 2232; x_wconf 91' lang='lat' dir='ltr'><strong>umbra</strong></span> <span class='ocrx_word' id='word_1_134' title='bbox 705 2180 872 2230; x_wconf 70' lang='lat' dir='ltr'><strong>terrae</strong></span> <span class='ocrx_word' id='word_1_135' title='bbox 924 2175 1100 2230; x_wconf 92' lang='lat' dir='ltr'><strong>simul</strong></span> <span class='ocrx_word' id='word_1_136' title='bbox 1150 2175 1580 2230; x_wconf 89' lang='lat' dir='ltr'><strong>circumeuntes</strong></span> <span class='ocrx_word' id='word_1_137' title='bbox 1629 2175 1864 2229; x_wconf 89' lang='lat' dir='ltr'><strong>habent.</strong></span> <span class='ocrx_word' id='word_1_138' title='bbox 1912 2177 2101 2244; x_wconf 86' lang='lat' dir='ltr'><strong>Atque</strong></span> 
     </span>
    </p>
   </div>
   <div class='ocr_carea' id='block_1_24' title="bbox 456 2263 2098 2336">
    <p class='ocr_par' dir='ltr' id='par_1_24' title="bbox 456 2263 2098 2336">
     <span class='ocr_line' id='line_1_24' title="bbox 456 2263 2098 2336; baseline -0.004 -14"><span class='ocrx_word' id='word_1_139' title='bbox 456 2269 684 2336; x_wconf 89' lang='lat' dir='ltr'><strong>oportet</strong></span> <span class='ocrx_word' id='word_1_140' title='bbox 713 2268 921 2320; x_wconf 89' lang='lat' dir='ltr'><strong>cuncta</strong></span> <span class='ocrx_word' id='word_1_141' title='bbox 949 2280 1310 2336; x_wconf 88' lang='lat' dir='ltr'><strong>gnomonum</strong></span> <span class='ocrx_word' id='word_1_142' title='bbox 1343 2264 1584 2318; x_wconf 85' lang='lat' dir='ltr'><strong>extremi</strong></span> <span class='ocrx_word' id='word_1_143' title='bbox 1606 2263 1788 2318; x_wconf 89' lang='lat' dir='ltr'><strong>centri</strong></span> <span class='ocrx_word' id='word_1_144' title='bbox 1815 2263 2098 2318; x_wconf 88' lang='lat' dir='ltr'><strong>rationem</strong></span> 
     </span>
    </p>
   </div>
   <div class='ocr_carea' id='block_1_25' title="bbox 457 2351 2100 2424">
    <p class='ocr_par' dir='ltr' id='par_1_25' title="bbox 457 2351 2100 2424">
     <span class='ocr_line' id='line_1_25' title="bbox 457 2351 2100 2424; baseline -0.003 -15"><span class='ocrx_word' id='word_1_145' title='bbox 457 2354 530 2410; x_wconf 90' lang='lat' dir='ltr'><strong>ad</strong></span> <span class='ocrx_word' id='word_1_146' title='bbox 563 2353 813 2409; x_wconf 89' lang='lat' dir='ltr'><strong>solarem</strong></span> <span class='ocrx_word' id='word_1_147' title='bbox 841 2353 1130 2424; x_wconf 72' lang='lat' dir='ltr'><strong>sphaeram</strong></span> <span class='ocrx_word' id='word_1_148' title='bbox 1155 2353 1434 2407; x_wconf 89' lang='lat' dir='ltr'><strong>obtinere.</strong></span> <span class='ocrx_word' id='word_1_149' title='bbox 1461 2351 1747 2417; x_wconf 90' lang='lat' dir='ltr'><strong>Quoniam</strong></span> <span class='ocrx_word' id='word_1_150' title='bbox 1775 2352 1955 2423; x_wconf 86' lang='lat' dir='ltr'><strong>igitur</strong></span> <span class='ocrx_word' id='word_1_151' title='bbox 1975 2351 2100 2406; x_wconf 87' lang='lat' dir='ltr'><strong>nul-</strong></span> 
     </span>
    </p>
   </div>
   <div class='ocr_carea' id='block_1_26' title="bbox 456 2440 2101 2513">
    <p class='ocr_par' dir='ltr' id='par_1_26' title="bbox 456 2440 2101 2513">
     <span class='ocr_line' id='line_1_26' title="bbox 456 2440 2101 2513; baseline -0.001 -16"><span class='ocrx_word' id='word_1_152' title='bbox 456 2442 582 2497; x_wconf 92' lang='lat' dir='ltr'>lum</span> <span class='ocrx_word' id='word_1_153' title='bbox 613 2446 704 2498; x_wconf 91' lang='lat' dir='ltr'><strong>est</strong></span> <span class='ocrx_word' id='word_1_154' title='bbox 760 2442 1128 2513; x_wconf 87' lang='lat' dir='ltr'><strong>horologium</strong></span> <span class='ocrx_word' id='word_1_155' title='bbox 1167 2443 1320 2497; x_wconf 73' lang='lat'><strong>382</strong></span> <span class='ocrx_word' id='word_1_156' title='bbox 1369 2442 1523 2513; x_wconf 89' lang='lat' dir='ltr'><strong>quod</strong></span> <span class='ocrx_word' id='word_1_157' title='bbox 1576 2442 1632 2494; x_wconf 89' lang='lat' dir='ltr'><strong>in</strong></span> <span class='ocrx_word' id='word_1_158' title='bbox 1691 2441 1818 2512; x_wconf 90' lang='lat' dir='ltr'><strong>ipso</strong></span> <span class='ocrx_word' id='word_1_159' title='bbox 1868 2440 2101 2511; x_wconf 69' lang='lat' dir='ltr'><strong>praecise</strong></span> 
     </span>
    </p>
   </div>
   <div class='ocr_carea' id='block_1_27' title="bbox 457 2530 2099 2602">
    <p class='ocr_par' dir='ltr' id='par_1_27' title="bbox 457 2530 2099 2602">
     <span class='ocr_line' id='line_1_27' title="bbox 457 2530 2099 2602; baseline -0.002 -15"><span class='ocrx_word' id='word_1_160' title='bbox 457 2536 624 2587; x_wconf 72' lang='lat' dir='ltr'><strong>terra</strong></span> <span class='ocrx_word' id='word_1_161' title='bbox 659 2531 851 2586; x_wconf 92' lang='lat' dir='ltr'><strong>medio</strong></span> <span class='ocrx_word' id='word_1_162' title='bbox 902 2535 1056 2585; x_wconf 89' lang='lat' dir='ltr'><strong>stare</strong></span> <span class='ocrx_word' id='word_1_163' title='bbox 1105 2531 1331 2602; x_wconf 84' lang='lat' dir='ltr'><strong>possit;</strong></span> <span class='ocrx_word' id='word_1_164' title='bbox 1382 2531 1440 2584; x_wconf 89' lang='lat' dir='ltr'><strong>in</strong></span> <span class='ocrx_word' id='word_1_165' title='bbox 1483 2530 1643 2585; x_wconf 90' lang='lat' dir='ltr'><strong>omni</strong></span> <span class='ocrx_word' id='word_1_166' title='bbox 1692 2537 1887 2584; x_wconf 89' lang='lat' dir='ltr'><strong>autem</strong></span> <span class='ocrx_word' id='word_1_167' title='bbox 1934 2535 2099 2584; x_wconf 72' lang='lat' dir='ltr'><strong>terrae</strong></span> 
     </span>
    </p>
   </div>
   <div class='ocr_carea' id='block_1_28' title="bbox 458 2618 2098 2692">
    <p class='ocr_par' dir='ltr' id='par_1_28' title="bbox 458 2618 2098 2692">
     <span class='ocr_line' id='line_1_28' title="bbox 458 2618 2098 2692; baseline -0.002 -17"><span class='ocrx_word' id='word_1_168' title='bbox 458 2623 622 2692; x_wconf 85' lang='lat' dir='ltr'><strong>parte</strong></span> <span class='ocrx_word' id='word_1_169' title='bbox 652 2618 950 2691; x_wconf 90' lang='lat' dir='ltr'><strong>horologia</strong></span> <span class='ocrx_word' id='word_1_170' title='bbox 988 2624 1239 2691; x_wconf 90' lang='lat' dir='ltr'><strong>possunt</strong></span> <span class='ocrx_word' id='word_1_171' title='bbox 1285 2619 1514 2686; x_wconf 80' lang='lat' dir='ltr'><strong>confici,</strong></span> <span class='ocrx_word' id='word_1_172' title='bbox 1564 2619 1940 2673; x_wconf 76' lang='lat' dir='ltr'><strong>manifestum</strong></span> <span class='ocrx_word' id='word_1_173' title='bbox 1989 2621 2098 2687; x_wconf 92' lang='lat' dir='ltr'><strong>est,</strong></span> 
     </span>
    </p>
   </div>
   <div class='ocr_carea' id='block_1_29' title="bbox 464 2707 2102 2780">
    <p class='ocr_par' dir='ltr' id='par_1_29' title="bbox 464 2707 2102 2780">
     <span class='ocr_line' id='line_1_29' title="bbox 464 2707 2102 2780; baseline -0.002 -17"><span class='ocrx_word' id='word_1_174' title='bbox 464 2708 620 2780; x_wconf 91' lang='lat' dir='ltr'><strong>quod</strong></span> <span class='ocrx_word' id='word_1_175' title='bbox 651 2707 828 2763; x_wconf 84' lang='lat' dir='ltr'><strong>etiam</strong></span> <span class='ocrx_word' id='word_1_176' title='bbox 871 2707 942 2762; x_wconf 92' lang='lat' dir='ltr'><strong>ad</strong></span> <span class='ocrx_word' id='word_1_177' title='bbox 992 2707 1239 2762; x_wconf 91' lang='lat' dir='ltr'><strong>solarem</strong></span> <span class='ocrx_word' id='word_1_178' title='bbox 1291 2707 1582 2778; x_wconf 78' lang='lat' dir='ltr'><strong>sphaeram</strong></span> <span class='ocrx_word' id='word_1_179' title='bbox 1631 2708 1902 2762; x_wconf 84' lang='lat' dir='ltr'><strong>universa</strong></span> <span class='ocrx_word' id='word_1_180' title='bbox 1947 2711 2102 2761; x_wconf 89' lang='lat' dir='ltr'><strong>terra</strong></span> 
     </span>
    </p>
   </div>
   <div class='ocr_carea' id='block_1_30' title="bbox 460 2795 2103 2866">
    <p class='ocr_par' dir='ltr' id='par_1_30' title="bbox 460 2795 2103 2866">
     <span class='ocr_line' id='line_1_30' title="bbox 460 2795 2103 2866; baseline -0.002 -15"><span class='ocrx_word' id='word_1_181' title='bbox 460 2795 642 2851; x_wconf 87' lang='lat' dir='ltr'><strong>centri</strong></span> <span class='ocrx_word' id='word_1_182' title='bbox 701 2795 984 2850; x_wconf 89' lang='lat' dir='ltr'><strong>rationem</strong></span> <span class='ocrx_word' id='word_1_183' title='bbox 1036 2795 1312 2850; x_wconf 83' lang='lat' dir='ltr'><strong>obtineat.</strong></span> <span class='ocrx_word' id='word_1_184' title='bbox 1373 2795 1557 2850; x_wconf 89' lang='lat' dir='ltr'><strong>Unius</strong></span> <span class='ocrx_word' id='word_1_185' title='bbox 1641 2796 1796 2850; x_wconf 91' lang='lat' dir='ltr'><strong>enim</strong></span> <span class='ocrx_word' id='word_1_186' title='bbox 1863 2795 2103 2866; x_wconf 64' lang='lat' dir='ltr'><strong>sphaerae</strong></span> 
     </span>
    </p>
   </div>
   <div class='ocr_carea' id='block_1_31' title="bbox 462 2883 2103 2954">
    <p class='ocr_par' dir='ltr' id='par_1_31' title="bbox 462 2883 2103 2954">
     <span class='ocr_line' id='line_1_31' title="bbox 462 2883 2103 2954; baseline -0.002 -14"><span class='ocrx_word' id='word_1_187' title='bbox 462 2900 646 2940; x_wconf 91' lang='lat' dir='ltr'><strong>unum</strong></span> <span class='ocrx_word' id='word_1_188' title='bbox 678 2887 943 2938; x_wconf 89' lang='lat' dir='ltr'><strong>centrum</strong></span> <span class='ocrx_word' id='word_1_189' title='bbox 977 2887 1085 2938; x_wconf 87' lang='lat' dir='ltr'><strong>est.</strong></span> <span class='ocrx_word' id='word_1_190' title='bbox 1117 2883 1206 2937; x_wconf 89' lang='lat' dir='ltr'><strong>Sic</strong></span> <span class='ocrx_word' id='word_1_191' title='bbox 1239 2883 1417 2954; x_wconf 87' lang='lat' dir='ltr'><strong>igitur</strong></span> <span class='ocrx_word' id='word_1_192' title='bbox 1447 2884 1520 2938; x_wconf 92' lang='lat' dir='ltr'>ad</span> <span class='ocrx_word' id='word_1_193' title='bbox 1551 2888 1767 2938; x_wconf 82' lang='lat' dir='ltr'><strong>terram</strong></span> <span class='ocrx_word' id='word_1_194' title='bbox 1800 2899 1929 2938; x_wconf 89' lang='lat' dir='ltr'><strong>sese</strong></span> <span class='ocrx_word' id='word_1_195' title='bbox 1977 2883 2103 2936; x_wconf 87' lang='lat' dir='ltr'><strong>uni-</strong></span> 
     </span>
    </p>
   </div>
   <div class='ocr_carea' id='block_1_32' title="bbox 455 2971 2099 3043">
    <p class='ocr_par' dir='ltr' id='par_1_32' title="bbox 455 2971 2099 3043">
     <span class='ocr_line' id='line_1_32' title="bbox 455 2971 2099 3043; baseline -0.002 -15"><span class='ocrx_word' id='word_1_196' title='bbox 455 2972 609 3028; x_wconf 83' lang='lat' dir='ltr'><strong>versi</strong></span> <span class='ocrx_word' id='word_1_197' title='bbox 660 2971 878 3027; x_wconf 89' lang='lat' dir='ltr'><strong>habent</strong></span> <span class='ocrx_word' id='word_1_198' title='bbox 939 2987 1284 3043; x_wconf 89' lang='lat' dir='ltr'><strong>gnomones,</strong></span> <span class='ocrx_word' id='word_1_199' title='bbox 1346 2973 1513 3043; x_wconf 90' lang='lat' dir='ltr'><strong>quasi</strong></span> <span class='ocrx_word' id='word_1_200' title='bbox 1570 2972 1744 3027; x_wconf 88' lang='lat' dir='ltr'><strong>etiam</strong></span> <span class='ocrx_word' id='word_1_201' title='bbox 1795 2973 1864 3026; x_wconf 87' lang='lat' dir='ltr'>ad</span> <span class='ocrx_word' id='word_1_202' title='bbox 1915 2988 2099 3025; x_wconf 91' lang='lat' dir='ltr'><strong>unum</strong></span> 
     </span>
    </p>
   </div>
   <div class='ocr_carea' id='block_1_33' title="bbox 459 3058 2101 3133">
    <p class='ocr_par' dir='ltr' id='par_1_33' title="bbox 459 3058 2101 3133">
     <span class='ocr_line' id='line_1_33' title="bbox 459 3058 2101 3133; baseline -0.001 -18"><span class='ocrx_word' id='word_1_203' title='bbox 459 3064 743 3133; x_wconf 89' lang='lat' dir='ltr'><strong>punctum</strong></span> <span class='ocrx_word' id='word_1_204' title='bbox 774 3058 998 3115; x_wconf 90' lang='lat' dir='ltr'><strong>collecti</strong></span> <span class='ocrx_word' id='word_1_205' title='bbox 1027 3060 1234 3114; x_wconf 73' lang='lat' dir='ltr'><strong>forent.</strong></span> <span class='ocrx_word' id='word_1_206' title='bbox 1269 3061 1352 3115; x_wconf 83' lang='lat' dir='ltr'><strong>Ad</strong></span> <span class='ocrx_word' id='word_1_207' title='bbox 1376 3060 1626 3116; x_wconf 88' lang='lat' dir='ltr'><strong>solarem</strong></span> <span class='ocrx_word' id='word_1_208' title='bbox 1652 3060 1893 3132; x_wconf 89' lang='lat' dir='ltr'><strong>proinde</strong></span> <span class='ocrx_word' id='word_1_209' title='bbox 1917 3059 2101 3131; x_wconf 71' lang='lat' dir='ltr'><strong>sphae-</strong></span> 
     </span>
    </p>
   </div>
   <div class='ocr_carea' id='block_1_34' title="bbox 457 3147 2098 3218">
    <p class='ocr_par' dir='ltr' id='par_1_34' title="bbox 457 3147 2098 3218">
     <span class='ocr_line' id='line_1_34' title="bbox 457 3147 2098 3218; baseline -0.002 -13"><span class='ocrx_word' id='word_1_210' title='bbox 457 3165 583 3205; x_wconf 90' lang='lat' dir='ltr'><strong>ram</strong></span> <span class='ocrx_word' id='word_1_211' title='bbox 615 3148 794 3203; x_wconf 89' lang='lat' dir='ltr'><strong>centri</strong></span> <span class='ocrx_word' id='word_1_212' title='bbox 826 3147 1111 3204; x_wconf 88' lang='lat' dir='ltr'><strong>rationem</strong></span> <span class='ocrx_word' id='word_1_213' title='bbox 1151 3148 1411 3204; x_wconf 92' lang='lat' dir='ltr'><strong>obtinere</strong></span> <span class='ocrx_word' id='word_1_214' title='bbox 1457 3153 1693 3213; x_wconf 89' lang='lat' dir='ltr'><strong>terram,</strong></span> <span class='ocrx_word' id='word_1_215' title='bbox 1743 3165 1810 3202; x_wconf 86' lang='lat' dir='ltr'><strong>ex</strong></span> <span class='ocrx_word' id='word_1_216' title='bbox 1853 3148 1924 3202; x_wconf 92' lang='lat' dir='ltr'><strong>iis</strong></span> <span class='ocrx_word' id='word_1_217' title='bbox 1971 3165 2098 3218; x_wconf 77' lang='lat' dir='ltr'><strong>quae</strong></span> 
     </span>
    </p>
   </div>
   <div class='ocr_carea' id='block_1_35' title="bbox 457 3236 2097 3308">
    <p class='ocr_par' dir='ltr' id='par_1_35' title="bbox 457 3236 2097 3308">
     <span class='ocr_line' id='line_1_35' title="bbox 457 3236 2097 3308; baseline -0.001 -15"><span class='ocrx_word' id='word_1_218' title='bbox 457 3237 613 3294; x_wconf 89' lang='lat' dir='ltr'><strong>dicta</strong></span> <span class='ocrx_word' id='word_1_219' title='bbox 640 3240 798 3303; x_wconf 90' lang='lat' dir='ltr'><strong>sunt,</strong></span> <span class='ocrx_word' id='word_1_220' title='bbox 831 3236 1206 3292; x_wconf 82' lang='lat' dir='ltr'><strong>manifestum</strong></span> <span class='ocrx_word' id='word_1_221' title='bbox 1241 3237 1464 3292; x_wconf 89' lang='lat' dir='ltr'><strong>evadit:</strong></span> <span class='ocrx_word' id='word_1_222' title='bbox 1510 3242 1574 3292; x_wconf 89' lang='lat' dir='ltr'><strong>ut</strong></span> <span class='ocrx_word' id='word_1_223' title='bbox 1619 3253 1852 3308; x_wconf 90' lang='lat' dir='ltr'><strong>semper</strong></span> <span class='ocrx_word' id='word_1_224' title='bbox 1901 3240 2097 3292; x_wconf 88' lang='lat' dir='ltr'><strong>tamen</strong></span> 
     </span>
    </p>
   </div>
   <div class='ocr_carea' id='block_1_36' title="bbox 457 3322 1448 3396">
    <p class='ocr_par' dir='ltr' id='par_1_36' title="bbox 457 3322 1448 3396">
     <span class='ocr_line' id='line_1_36' title="bbox 457 3322 1448 3396; baseline -0.002 -16"><span class='ocrx_word' id='word_1_225' title='bbox 457 3324 651 3396; x_wconf 87' lang='lat' dir='ltr'><strong>quoad</strong></span> <span class='ocrx_word' id='word_1_226' title='bbox 682 3339 922 3378; x_wconf 77' lang='lat' dir='ltr'><strong>sensum</strong></span> <span class='ocrx_word' id='word_1_227' title='bbox 955 3322 1448 3396; x_wconf 89' lang='lat' dir='ltr'><strong>subintelligatur.</strong></span> 
     </span>
    </p>
   </div>
   <div class='ocr_carea' id='block_1_37' title="bbox 528 3412 2106 3484">
    <p class='ocr_par' dir='ltr' id='par_1_37' title="bbox 528 3412 2106 3484">
     <span class='ocr_line' id='line_1_37' title="bbox 528 3412 2106 3484; baseline 0.001 -18"><span class='ocrx_word' id='word_1_228' title='bbox 528 3413 584 3468; x_wconf 86' lang='lat'><strong>6.</strong></span> <span class='ocrx_word' id='word_1_229' title='bbox 619 3412 781 3478; x_wconf 91' lang='lat' dir='ltr'><strong>Quod</strong></span> <span class='ocrx_word' id='word_1_230' title='bbox 813 3416 1010 3467; x_wconf 81' lang='lat' dir='ltr'><strong>autem</strong></span> <span class='ocrx_word' id='word_1_231' title='bbox 1041 3413 1083 3448; x_wconf 81' lang='grc'><strong>⁹¹</strong></span> <span class='ocrx_word' id='word_1_232' title='bbox 1118 3413 1189 3467; x_wconf 93' lang='lat' dir='ltr'><strong>ad</strong></span> <span class='ocrx_word' id='word_1_233' title='bbox 1221 3412 1370 3467; x_wconf 68' lang='lat' dir='ltr'><strong>lunae</strong></span> <span class='ocrx_word' id='word_1_234' title='bbox 1428 3412 1717 3484; x_wconf 73' lang='lat' dir='ltr'><strong>sphaeram</strong></span> <span class='ocrx_word' id='word_1_235' title='bbox 1762 3417 1917 3468; x_wconf 90' lang='lat' dir='ltr'><strong>terra</strong></span> <span class='ocrx_word' id='word_1_236' title='bbox 1962 3430 2106 3484; x_wconf 91' lang='lat' dir='ltr'><strong>pun-</strong></span> 
     </span>
    </p>
   </div>
   <div class='ocr_carea' id='block_1_38' title="bbox 462 3501 2104 3566">
    <p class='ocr_par' dir='ltr' id='par_1_38' title="bbox 462 3501 2104 3566">
     <span class='ocr_line' id='line_1_38' title="bbox 462 3501 2104 3566; baseline 0.001 -10"><span class='ocrx_word' id='word_1_237' title='bbox 462 3501 538 3556; x_wconf 90' lang='lat' dir='ltr'><strong>cti</strong></span> <span class='ocrx_word' id='word_1_238' title='bbox 571 3501 855 3556; x_wconf 91' lang='lat' dir='ltr'><strong>rationem</strong></span> <span class='ocrx_word' id='word_1_239' title='bbox 884 3517 1000 3556; x_wconf 91' lang='lat' dir='ltr'><strong>non</strong></span> <span class='ocrx_word' id='word_1_240' title='bbox 1058 3501 1338 3566; x_wconf 90' lang='lat' dir='ltr'><strong>obtineat,</strong></span> <span class='ocrx_word' id='word_1_241' title='bbox 1389 3501 1473 3556; x_wconf 91' lang='lat' dir='ltr'><strong>sic</strong></span> <span class='ocrx_word' id='word_1_242' title='bbox 1522 3501 1867 3557; x_wconf 82' lang='lat' dir='ltr'><strong>ostenditur.</strong></span> <span class='ocrx_word' id='word_1_243' title='bbox 1915 3503 2104 3557; x_wconf 85' lang='lat' dir='ltr'><strong>Inter-</strong></span> 
     </span>
    </p>
   </div>
   <div class='ocr_carea' id='block_1_39' title="bbox 461 3587 2105 3663">
    <p class='ocr_par' dir='ltr' id='par_1_39' title="bbox 461 3587 2105 3663">
     <span class='ocr_line' id='line_1_39' title="bbox 461 3587 2105 3663; baseline 0.002 -21"><span class='ocrx_word' id='word_1_244' title='bbox 461 3587 616 3645; x_wconf 89' lang='lat' dir='ltr'><strong>valla</strong></span> <span class='ocrx_word' id='word_1_245' title='bbox 644 3589 798 3644; x_wconf 70' lang='lat' dir='ltr'><strong>lunae</strong></span> <span class='ocrx_word' id='word_1_246' title='bbox 828 3590 900 3644; x_wconf 91' lang='lat' dir='ltr'><strong>ad</strong></span> <span class='ocrx_word' id='word_1_247' title='bbox 925 3588 1126 3645; x_wconf 90' lang='lat' dir='ltr'><strong>stellas</strong></span> <span class='ocrx_word' id='word_1_248' title='bbox 1156 3591 1214 3644; x_wconf 88' lang='lat' dir='ltr'><strong>in</strong></span> <span class='ocrx_word' id='word_1_249' title='bbox 1245 3589 1405 3644; x_wconf 92' lang='lat' dir='ltr'><strong>omni</strong></span> <span class='ocrx_word' id='word_1_250' title='bbox 1435 3589 1671 3645; x_wconf 91' lang='lat' dir='ltr'><strong>climate</strong></span> <span class='ocrx_word' id='word_1_251' title='bbox 1698 3596 1864 3645; x_wconf 60' lang='lat' dir='ltr'><strong>terra:</strong></span> <span class='ocrx_word' id='word_1_252' title='bbox 1912 3608 2105 3663; x_wconf 70' lang='lat' dir='ltr'><strong>aequa-</strong></span> 
     </span>
    </p>
   </div>
   <div class='ocr_carea' id='block_1_40' title="bbox 463 3678 2105 3752">
    <p class='ocr_par' dir='ltr' id='par_1_40' title="bbox 463 3678 2105 3752">
     <span class='ocr_line' id='line_1_40' title="bbox 463 3678 2105 3752; baseline 0.002 -21"><span class='ocrx_word' id='word_1_253' title='bbox 463 3678 542 3732; x_wconf 91' lang='lat' dir='ltr'><strong>lia</strong></span> <span class='ocrx_word' id='word_1_254' title='bbox 588 3693 705 3732; x_wconf 89' lang='lat' dir='ltr'><strong>non</strong></span> <span class='ocrx_word' id='word_1_255' title='bbox 747 3681 1066 3749; x_wconf 88' lang='lat' dir='ltr'><strong>apparent;</strong></span> <span class='ocrx_word' id='word_1_256' title='bbox 1109 3679 1210 3734; x_wconf 88' lang='lat' dir='ltr'><strong>sed</strong></span> <span class='ocrx_word' id='word_1_257' title='bbox 1259 3679 1413 3750; x_wconf 92' lang='lat' dir='ltr'><strong>apud</strong></span> <span class='ocrx_word' id='word_1_258' title='bbox 1461 3678 1605 3733; x_wconf 90' lang='lat' dir='ltr'><strong>alios</strong></span> <span class='ocrx_word' id='word_1_259' title='bbox 1652 3679 1897 3749; x_wconf 87' lang='lat' dir='ltr'><strong>majora,</strong></span> <span class='ocrx_word' id='word_1_260' title='bbox 1951 3681 2105 3752; x_wconf 92' lang='lat' dir='ltr'><strong>apud</strong></span> 
     </span>
    </p>
   </div>
   <div class='ocr_carea' id='block_1_41' title="bbox 465 3764 2104 3838">
    <p class='ocr_par' dir='ltr' id='par_1_41' title="bbox 465 3764 2104 3838">
     <span class='ocr_line' id='line_1_41' title="bbox 465 3764 2104 3838; baseline 0.002 -18"><span class='ocrx_word' id='word_1_261' title='bbox 465 3764 611 3820; x_wconf 88' lang='lat' dir='ltr'><strong>alios</strong></span> <span class='ocrx_word' id='word_1_262' title='bbox 643 3766 890 3822; x_wconf 91' lang='lat' dir='ltr'><strong>minora.</strong></span> <span class='ocrx_word' id='word_1_263' title='bbox 943 3766 1061 3821; x_wconf 88' lang='lat' dir='ltr'><strong>Hoc</strong></span> <span class='ocrx_word' id='word_1_264' title='bbox 1108 3771 1303 3822; x_wconf 91' lang='lat' dir='ltr'><strong>autem</strong></span> <span class='ocrx_word' id='word_1_265' title='bbox 1327 3767 1409 3822; x_wconf 92' lang='lat' dir='ltr'><strong>ita</strong></span> <span class='ocrx_word' id='word_1_266' title='bbox 1439 3785 1553 3822; x_wconf 91' lang='lat' dir='ltr'><strong>non</strong></span> <span class='ocrx_word' id='word_1_267' title='bbox 1586 3772 1761 3838; x_wconf 84' lang='lat' dir='ltr'><strong>esset,</strong></span> <span class='ocrx_word' id='word_1_268' title='bbox 1816 3769 1866 3823; x_wconf 89' lang='lat' dir='ltr'><strong>si</strong></span> <span class='ocrx_word' id='word_1_269' title='bbox 1915 3773 2104 3837; x_wconf 72' lang='lat' dir='ltr'><strong>rectae,</strong></span> 
     </span>
    </p>
   </div>
   <div class='ocr_carea' id='block_1_42' title="bbox 461 3853 2109 3928">
    <p class='ocr_par' dir='ltr' id='par_1_42' title="bbox 461 3853 2109 3928">
     <span class='ocr_line' id='line_1_42' title="bbox 461 3853 2109 3928; baseline 0.002 -20"><span class='ocrx_word' id='word_1_270' title='bbox 461 3855 637 3925; x_wconf 72' lang='lat' dir='ltr'><strong>[quae]</strong></span> <span class='ocrx_word' id='word_1_271' title='bbox 669 3853 742 3908; x_wconf 93' lang='lat' dir='ltr'><strong>ad</strong></span> <span class='ocrx_word' id='word_1_272' title='bbox 773 3853 1037 3910; x_wconf 89' lang='lat' dir='ltr'><strong>lunarem</strong></span> <span class='ocrx_word' id='word_1_273' title='bbox 1081 3854 1451 3910; x_wconf 88' lang='lat' dir='ltr'><strong>altitudinem</strong></span> <span class='ocrx_word' id='word_1_274' title='bbox 1487 3873 1521 3910; x_wconf 91' lang='lat' dir='ltr'>a</span> <span class='ocrx_word' id='word_1_275' title='bbox 1549 3860 1706 3910; x_wconf 89' lang='lat' dir='ltr'><strong>terra</strong></span> <span class='ocrx_word' id='word_1_276' title='bbox 1749 3857 2109 3928; x_wconf 84' lang='lat' dir='ltr'><strong>[producun-</strong></span> 
     </span>
    </p>
   </div>
   <div class='ocr_carea' id='block_1_43' title="bbox 454 3940 2110 4012">
    <p class='ocr_par' dir='ltr' id='par_1_43' title="bbox 454 3940 2110 4012">
     <span class='ocr_line' id='line_1_43' title="bbox 454 3940 2110 4012; baseline 0.004 -16"><span class='ocrx_word' id='word_1_277' title='bbox 454 3941 596 4012; x_wconf 88' lang='lat' dir='ltr'><strong>tur],</strong></span> <span class='ocrx_word' id='word_1_278' title='bbox 628 3940 881 4012; x_wconf 70' lang='lat' dir='ltr'><strong>aaquales</strong></span> <span class='ocrx_word' id='word_1_279' title='bbox 933 3947 1146 3998; x_wconf 88' lang='lat' dir='ltr'><strong>essent.</strong></span> <span class='ocrx_word' id='word_1_280' title='bbox 1191 3943 1252 3998; x_wconf 93' lang='lat' dir='ltr'><strong>Si</strong></span> <span class='ocrx_word' id='word_1_281' title='bbox 1301 3944 1409 3998; x_wconf 93' lang='lat' dir='ltr'><strong>hoc</strong></span> <span class='ocrx_word' id='word_1_282' title='bbox 1455 3944 1638 4010; x_wconf 89' lang='lat' dir='ltr'><strong>enim,</strong></span> <span class='ocrx_word' id='word_1_283' title='bbox 1687 3948 1743 3998; x_wconf 91' lang='lat' dir='ltr'><strong>et</strong></span> <span class='ocrx_word' id='word_1_284' title='bbox 1801 3945 2110 4002; x_wconf 88' lang='lat' dir='ltr'><strong>intervalla</strong></span> 
     </span>
    </p>
   </div>
   <div class='ocr_carea' id='block_1_44' title="bbox 459 4029 1574 4102">
    <p class='ocr_par' dir='ltr' id='par_1_44' title="bbox 459 4029 1574 4102">
     <span class='ocr_line' id='line_1_44' title="bbox 459 4029 1574 4102; baseline 0.003 -16"><span class='ocrx_word' id='word_1_285' title='bbox 459 4029 572 4086; x_wconf 89' lang='lat' dir='ltr'><strong>sibi</strong></span> <span class='ocrx_word' id='word_1_286' title='bbox 604 4029 780 4086; x_wconf 92' lang='lat' dir='ltr'><strong>etiam</strong></span> <span class='ocrx_word' id='word_1_287' title='bbox 812 4029 1058 4102; x_wconf 69' lang='lat' dir='ltr'><strong>aequalia</strong></span> <span class='ocrx_word' id='word_1_288' title='bbox 1079 4032 1574 4102; x_wconf 89' lang='lat' dir='ltr'><strong>conspicerentur.</strong></span> 
     </span>
    </p>
   </div>
   <div class='ocr_carea' id='block_1_45' title="bbox 533 4206 2108 4282">
    <p class='ocr_par' dir='ltr' id='par_1_45' title="bbox 533 4206 2108 4282">
     <span class='ocr_line' id='line_1_45' title="bbox 533 4206 2108 4282; baseline 0.003 -21"><span class='ocrx_word' id='word_1_289' title='bbox 533 4208 590 4263; x_wconf 92' lang='lat'><strong>7.</strong></span> <span class='ocrx_word' id='word_1_290' title='bbox 623 4207 734 4264; x_wconf 90' lang='lat' dir='ltr'><strong>Sed</strong></span> <span class='ocrx_word' id='word_1_291' title='bbox 769 4211 828 4263; x_wconf 91' lang='lat' dir='ltr'><strong>et</strong></span> <span class='ocrx_word' id='word_1_292' title='bbox 855 4206 998 4263; x_wconf 88' lang='lat' dir='ltr'><strong>solis</strong></span> <span class='ocrx_word' id='word_1_293' title='bbox 1027 4207 1260 4278; x_wconf 90' lang='lat' dir='ltr'><strong>eclipsis</strong></span> <span class='ocrx_word' id='word_1_294' title='bbox 1311 4211 1374 4275; x_wconf 72' lang='lat'><strong>9’,</strong></span> <span class='ocrx_word' id='word_1_295' title='bbox 1426 4227 1551 4280; x_wconf 85' lang='lat' dir='ltr'><strong>quae</strong></span> <span class='ocrx_word' id='word_1_296' title='bbox 1585 4210 1742 4265; x_wconf 91' lang='lat' dir='ltr'><strong>haud</strong></span> <span class='ocrx_word' id='word_1_297' title='bbox 1782 4211 1936 4282; x_wconf 89' lang='lat' dir='ltr'><strong>apud</strong></span> <span class='ocrx_word' id='word_1_298' title='bbox 1984 4227 2108 4265; x_wconf 94' lang='lat' dir='ltr'><strong>om-</strong></span> 
     </span>
    </p>
   </div>
   <div class='ocr_carea' id='block_1_46' title="bbox 465 4295 2107 4368">
    <p class='ocr_par' dir='ltr' id='par_1_46' title="bbox 465 4295 2107 4368">
     <span class='ocr_line' id='line_1_46' title="bbox 465 4295 2107 4368; baseline 0.001 -16"><span class='ocrx_word' id='word_1_299' title='bbox 465 4312 569 4352; x_wconf 88' lang='lat' dir='ltr'><strong>nes</strong></span> <span class='ocrx_word' id='word_1_300' title='bbox 599 4295 981 4368; x_wconf 88' lang='lat' dir='ltr'><strong>conspicitur,</strong></span> <span class='ocrx_word' id='word_1_301' title='bbox 1013 4295 1222 4351; x_wconf 90' lang='lat' dir='ltr'><strong>rationi</strong></span> <span class='ocrx_word' id='word_1_302' title='bbox 1256 4297 1430 4352; x_wconf 84' lang='lat' dir='ltr'><strong>ﬁdem</strong></span> <span class='ocrx_word' id='word_1_303' title='bbox 1465 4297 1620 4352; x_wconf 89' lang='lat' dir='ltr'><strong>facit.</strong></span> <span class='ocrx_word' id='word_1_304' title='bbox 1672 4299 1730 4353; x_wconf 91' lang='lat' dir='ltr'><strong>Si</strong></span> <span class='ocrx_word' id='word_1_305' title='bbox 1780 4299 1934 4354; x_wconf 91' lang='lat' dir='ltr'><strong>enim</strong></span> <span class='ocrx_word' id='word_1_306' title='bbox 1968 4300 2011 4333; x_wconf 80' lang='grc'>⁹³</span> <span class='ocrx_word' id='word_1_307' title='bbox 2037 4299 2107 4354; x_wconf 89' lang='lat' dir='ltr'><strong>ad</strong></span> 
     </span>
    </p>
   </div>
   <div class='ocr_carea' id='block_1_47' title="bbox 461 4384 2108 4458">
    <p class='ocr_par' dir='ltr' id='par_1_47' title="bbox 461 4384 2108 4458">
     <span class='ocr_line' id='line_1_47' title="bbox 461 4384 2108 4458; baseline 0.001 -17"><span class='ocrx_word' id='word_1_308' title='bbox 461 4385 730 4441; x_wconf 91' lang='lat' dir='ltr'><strong>lunarem</strong></span> <span class='ocrx_word' id='word_1_309' title='bbox 755 4384 1126 4440; x_wconf 88' lang='lat' dir='ltr'><strong>altitudinem</strong></span> <span class='ocrx_word' id='word_1_310' title='bbox 1160 4385 1315 4440; x_wconf 91' lang='lat' dir='ltr'><strong>idem</strong></span> <span class='ocrx_word' id='word_1_311' title='bbox 1347 4385 1564 4458; x_wconf 91' lang='lat' dir='ltr'><strong>ubique</strong></span> <span class='ocrx_word' id='word_1_312' title='bbox 1595 4405 1629 4441; x_wconf 92' lang='lat' dir='ltr'><strong>a</strong></span> <span class='ocrx_word' id='word_1_313' title='bbox 1650 4392 1804 4443; x_wconf 89' lang='lat' dir='ltr'><strong>terra</strong></span> <span class='ocrx_word' id='word_1_314' title='bbox 1834 4386 2108 4442; x_wconf 90' lang='lat' dir='ltr'><strong>interval-</strong></span> 
     </span>
    </p>
   </div>
   <div class='ocr_carea' id='block_1_48' title="bbox 460 4473 2105 4546">
    <p class='ocr_par' dir='ltr' id='par_1_48' title="bbox 460 4473 2105 4546">
     <span class='ocr_line' id='line_1_48' title="bbox 460 4473 2105 4546; baseline 0.001 -18"><span class='ocrx_word' id='word_1_315' title='bbox 460 4474 585 4529; x_wconf 93' lang='lat' dir='ltr'><strong>lum</strong></span> <span class='ocrx_word' id='word_1_316' title='bbox 617 4474 784 4542; x_wconf 85' lang='lat' dir='ltr'><strong>foret,</strong></span> <span class='ocrx_word' id='word_1_317' title='bbox 810 4490 925 4529; x_wconf 92' lang='lat' dir='ltr'><strong>non</strong></span> <span class='ocrx_word' id='word_1_318' title='bbox 957 4474 1111 4544; x_wconf 90' lang='lat' dir='ltr'><strong>apud</strong></span> <span class='ocrx_word' id='word_1_319' title='bbox 1139 4473 1365 4544; x_wconf 87' lang='lat' dir='ltr'><strong>aliquos</strong></span> <span class='ocrx_word' id='word_1_320' title='bbox 1416 4475 1654 4546; x_wconf 90' lang='lat' dir='ltr'><strong>quidem</strong></span> <span class='ocrx_word' id='word_1_321' title='bbox 1696 4476 1964 4532; x_wconf 89' lang='lat' dir='ltr'><strong>homines</strong></span> <span class='ocrx_word' id='word_1_322' title='bbox 2021 4476 2105 4531; x_wconf 92' lang='lat' dir='ltr'><strong>sol</strong></span> 
     </span>
    </p>
   </div>
   <div class='ocr_carea' id='block_1_49' title="bbox 458 4562 2107 4636">
    <p class='ocr_par' dir='ltr' id='par_1_49' title="bbox 458 4562 2107 4636">
     <span class='ocr_line' id='line_1_49' title="bbox 458 4562 2107 4636; baseline 0.001 -18"><span class='ocrx_word' id='word_1_323' title='bbox 458 4566 617 4618; x_wconf 78' lang='lat' dir='ltr'><strong>totus</strong></span> <span class='ocrx_word' id='word_1_324' title='bbox 645 4562 913 4632; x_wconf 82' lang='lat' dir='ltr'><strong>deﬁcere,</strong></span> <span class='ocrx_word' id='word_1_325' title='bbox 947 4563 1100 4634; x_wconf 88' lang='lat' dir='ltr'><strong>apud</strong></span> <span class='ocrx_word' id='word_1_326' title='bbox 1133 4563 1364 4634; x_wconf 91' lang='lat' dir='ltr'><strong>aliquos</strong></span> <span class='ocrx_word' id='word_1_327' title='bbox 1422 4580 1535 4618; x_wconf 90' lang='lat' dir='ltr'><strong>non</strong></span> <span class='ocrx_word' id='word_1_328' title='bbox 1588 4568 1767 4632; x_wconf 84' lang='lat' dir='ltr'><strong>totus,</strong></span> <span class='ocrx_word' id='word_1_329' title='bbox 1831 4565 1930 4619; x_wconf 86' lang='lat' dir='ltr'><strong>sed</strong></span> <span class='ocrx_word' id='word_1_330' title='bbox 1977 4582 2107 4636; x_wconf 86' lang='lat' dir='ltr'><strong>par-</strong></span> 
     </span>
    </p>
   </div>
   <div class='ocr_carea' id='block_1_50' title="bbox 463 4647 2102 4727">
    <p class='ocr_par' dir='ltr' id='par_1_50' title="bbox 463 4651 2102 4724">
     <span class='ocr_line' id='line_1_50' title="bbox 463 4651 2102 4724; baseline 0.001 -17"><span class='ocrx_word' id='word_1_331' title='bbox 463 4655 585 4708; x_wconf 90' lang='lat' dir='ltr'><strong>tem</strong></span> <span class='ocrx_word' id='word_1_332' title='bbox 629 4651 995 4706; x_wconf 85' lang='lat' dir='ltr'><strong>deﬁcientem</strong></span> <span class='ocrx_word' id='word_1_333' title='bbox 1053 4651 1288 4718; x_wconf 90' lang='lat' dir='ltr'><strong>habere,</strong></span> <span class='ocrx_word' id='word_1_334' title='bbox 1339 4653 1493 4707; x_wconf 75' lang='lat'><strong>833</strong></span> <span class='ocrx_word' id='word_1_335' title='bbox 1555 4653 1709 4724; x_wconf 90' lang='lat' dir='ltr'><strong>apud</strong></span> <span class='ocrx_word' id='word_1_336' title='bbox 1759 4653 1902 4708; x_wconf 90' lang='lat' dir='ltr'><strong>alios</strong></span> <span class='ocrx_word' id='word_1_337' title='bbox 1947 4654 2102 4708; x_wconf 87' lang='lat' dir='ltr'><strong>deni-</strong></span> 
     </span>
    </p>
   </div>
   <div class='ocr_carea' id='block_1_51' title="bbox 2222 4647 3468 4727">
    <p class='ocr_par' dir='ltr' id='par_1_51' title="bbox 2222 4647 3468 4726">
     <span class='ocr_line' id='line_1_51' title="bbox 2222 4647 3468 4726; baseline 0.002 -22"><span class='ocrx_word' id='word_1_338' title='bbox 2222 4648 2365 4704; x_wconf 78' lang='grc' dir='ltr'>ἀλλὰ</span> <span class='ocrx_word' id='word_1_339' title='bbox 2443 4651 2608 4726; x_wconf 88' lang='grc' dir='ltr'>μέρος</span> <span class='ocrx_word' id='word_1_340' title='bbox 2689 4647 2833 4726; x_wconf 75' lang='grc' dir='ltr'>ἔχων</span> <span class='ocrx_word' id='word_1_341' title='bbox 2905 4649 3233 4713; x_wconf 82' lang='grc' dir='ltr'>ἐκλελοιπός</span> <span class='ocrx_word' id='word_1_342' title='bbox 3269 4673 3281 4686; x_wconf 87' lang='grc'><strong>·</strong></span> <span class='ocrx_word' id='word_1_343' title='bbox 3340 4653 3468 4725; x_wconf 89' lang='grc' dir='ltr'>παρ’</span> 
     </span>
    </p>
   </div>
   <div class='ocr_carea' id='block_1_52' title="bbox 461 4740 2110 4812">
    <p class='ocr_par' dir='ltr' id='par_1_52' title="bbox 461 4740 2110 4812">
     <span class='ocr_line' id='line_1_52' title="bbox 461 4740 2110 4812; baseline 0.001 -17"><span class='ocrx_word' id='word_1_344' title='bbox 461 4755 576 4811; x_wconf 91' lang='lat' dir='ltr'><strong>que</strong></span> <span class='ocrx_word' id='word_1_345' title='bbox 606 4744 767 4795; x_wconf 91' lang='lat' dir='ltr'><strong>totus</strong></span> <span class='ocrx_word' id='word_1_346' title='bbox 798 4740 1024 4795; x_wconf 84' lang='lat' dir='ltr'><strong>defectu</strong></span> <span class='ocrx_word' id='word_1_347' title='bbox 1081 4757 1287 4796; x_wconf 87' lang='lat' dir='ltr'><strong>vacare</strong></span> <span class='ocrx_word' id='word_1_348' title='bbox 1341 4758 1454 4796; x_wconf 84' lang='lat' dir='ltr'><strong>uno</strong></span> <span class='ocrx_word' id='word_1_349' title='bbox 1504 4746 1562 4795; x_wconf 90' lang='lat' dir='ltr'><strong>et</strong></span> <span class='ocrx_word' id='word_1_350' title='bbox 1598 4741 1801 4796; x_wconf 92' lang='lat' dir='ltr'><strong>eodem</strong></span> <span class='ocrx_word' id='word_1_351' title='bbox 1852 4747 2110 4812; x_wconf 88' lang='lat' dir='ltr'><strong>tempore</strong></span> 
     </span>
    </p>
   </div>
   <div class='ocr_carea' id='block_1_53' title="bbox 456 4829 767 4886">
    <p class='ocr_par' dir='ltr' id='par_1_53' title="bbox 456 4829 767 4886">
     <span class='ocr_line' id='line_1_53' title="bbox 456 4829 767 4886; baseline -0.01 -1"><span class='ocrx_word' id='word_1_352' title='bbox 456 4829 767 4886; x_wconf 86' lang='lat' dir='ltr'><strong>videretur.</strong></span> 
     </span>
    </p>
   </div>
   <div class='ocr_carea' id='block_1_54' title="bbox 529 4917 2107 4991">
    <p class='ocr_par' dir='ltr' id='par_1_54' title="bbox 529 4917 2107 4991">
     <span class='ocr_line' id='line_1_54' title="bbox 529 4917 2107 4991; baseline 0.003 -20"><span class='ocrx_word' id='word_1_353' title='bbox 529 4917 676 4973; x_wconf 71' lang='lat'><strong>8-43.</strong></span> <span class='ocrx_word' id='word_1_354' title='bbox 701 4917 878 4989; x_wconf 82' lang='lat' dir='ltr'><strong>Atqui</strong></span> <span class='ocrx_word' id='word_1_355' title='bbox 911 4917 1178 4974; x_wconf 89' lang='lat' dir='ltr'><strong>nonnulli</strong></span> <span class='ocrx_word' id='word_1_356' title='bbox 1197 4918 1422 4986; x_wconf 89' lang='lat' dir='ltr'><strong>dicunt,</strong></span> <span class='ocrx_word' id='word_1_357' title='bbox 1445 4923 1662 4974; x_wconf 89' lang='lat' dir='ltr'><strong>terram</strong></span> <span class='ocrx_word' id='word_1_358' title='bbox 1694 4935 1799 4974; x_wconf 91' lang='lat' dir='ltr'><strong>nec</strong></span> <span class='ocrx_word' id='word_1_359' title='bbox 1818 4920 1888 4974; x_wconf 94' lang='lat' dir='ltr'><strong>ad</strong></span> <span class='ocrx_word' id='word_1_360' title='bbox 1912 4920 2107 4991; x_wconf 90' lang='lat' dir='ltr'><strong>ipsum</strong></span> 
     </span>
    </p>
   </div>
   <div class='ocr_carea' id='block_1_55' title="bbox 459 5003 2111 5077">
    <p class='ocr_par' dir='ltr' id='par_1_55' title="bbox 459 5003 2111 5077">
     <span class='ocr_line' id='line_1_55' title="bbox 459 5003 2111 5077; baseline 0.002 -17"><span class='ocrx_word' id='word_1_361' title='bbox 459 5003 673 5060; x_wconf 69' lang='lat' dir='ltr'><strong>caelum</strong></span> <span class='ocrx_word' id='word_1_362' title='bbox 706 5007 860 5076; x_wconf 90' lang='lat' dir='ltr'><strong>quod</strong></span> <span class='ocrx_word' id='word_1_363' title='bbox 894 5006 1144 5073; x_wconf 90' lang='lat' dir='ltr'><strong>videtur,</strong></span> <span class='ocrx_word' id='word_1_364' title='bbox 1180 5007 1381 5077; x_wconf 88' lang='lat' dir='ltr'><strong>puncti</strong></span> <span class='ocrx_word' id='word_1_365' title='bbox 1424 5008 1705 5062; x_wconf 90' lang='lat' dir='ltr'><strong>rationem</strong></span> <span class='ocrx_word' id='word_1_366' title='bbox 1757 5007 1990 5063; x_wconf 92' lang='lat' dir='ltr'><strong>habere.</strong></span> <span class='ocrx_word' id='word_1_367' title='bbox 2044 5009 2111 5063; x_wconf 90' lang='lat' dir='ltr'><strong>Et</strong></span> 
     </span>
    </p>
   </div>
   <div class='ocr_carea' id='block_1_56' title="bbox 466 5094 2111 5166">
    <p class='ocr_par' dir='ltr' id='par_1_56' title="bbox 466 5094 2111 5166">
     <span class='ocr_line' id='line_1_56' title="bbox 466 5094 2111 5166; baseline 0.002 -18"><span class='ocrx_word' id='word_1_368' title='bbox 466 5109 608 5149; x_wconf 91' lang='lat' dir='ltr'><strong>sane</strong></span> <span class='ocrx_word' id='word_1_369' title='bbox 663 5094 1003 5150; x_wconf 87' lang='lat' dir='ltr'><strong>instantiam</strong></span> <span class='ocrx_word' id='word_1_370' title='bbox 1063 5111 1130 5150; x_wconf 86' lang='lat' dir='ltr'><strong>ex</strong></span> <span class='ocrx_word' id='word_1_371' title='bbox 1190 5111 1256 5150; x_wconf 91' lang='lat' dir='ltr'><strong>eo</strong></span> <span class='ocrx_word' id='word_1_372' title='bbox 1315 5097 1686 5162; x_wconf 87' lang='lat' dir='ltr'><strong>conﬁrmant,</strong></span> <span class='ocrx_word' id='word_1_373' title='bbox 1743 5099 1896 5166; x_wconf 92' lang='lat' dir='ltr'><strong>quod</strong></span> <span class='ocrx_word' id='word_1_374' title='bbox 1950 5099 2111 5153; x_wconf 89' lang='lat' dir='ltr'><strong>visus</strong></span> 
     </span>
    </p>
   </div>
   <div class='ocr_carea' id='block_1_57' title="bbox 465 5181 2111 5258">
    <p class='ocr_par' dir='ltr' id='par_1_57' title="bbox 465 5181 2111 5258">
     <span class='ocr_line' id='line_1_57' title="bbox 465 5181 2111 5258; baseline 0.003 -22"><span class='ocrx_word' id='word_1_375' title='bbox 465 5198 600 5237; x_wconf 93' lang='lat' dir='ltr'><strong>cum</strong></span> <span class='ocrx_word' id='word_1_376' title='bbox 632 5181 692 5236; x_wconf 91' lang='lat' dir='ltr'><strong>in</strong></span> <span class='ocrx_word' id='word_1_377' title='bbox 722 5181 908 5237; x_wconf 93' lang='lat' dir='ltr'><strong>altum</strong></span> <span class='ocrx_word' id='word_1_378' title='bbox 940 5182 1247 5250; x_wconf 88' lang='lat' dir='ltr'><strong>attollitur,</strong></span> <span class='ocrx_word' id='word_1_379' title='bbox 1281 5201 1347 5239; x_wconf 90' lang='lat' dir='ltr'><strong>ea</strong></span> <span class='ocrx_word' id='word_1_380' title='bbox 1391 5185 1602 5252; x_wconf 89' lang='lat' dir='ltr'><strong>videat,</strong></span> <span class='ocrx_word' id='word_1_381' title='bbox 1655 5202 1784 5258; x_wconf 67' lang='lat' dir='ltr'><strong>quae</strong></span> <span class='ocrx_word' id='word_1_382' title='bbox 1815 5186 1873 5240; x_wconf 91' lang='lat' dir='ltr'><strong>in</strong></span> <span class='ocrx_word' id='word_1_383' title='bbox 1919 5186 2111 5258; x_wconf 90' lang='lat' dir='ltr'><strong>planis</strong></span> 
     </span>
    </p>
   </div>
   <div class='ocr_carea' id='block_1_58' title="bbox 459 5271 2108 5340">
    <p class='ocr_par' dir='ltr' id='par_1_58' title="bbox 459 5271 2108 5340">
     <span class='ocr_line' id='line_1_58' title="bbox 459 5271 2108 5340; baseline 0.003 -14"><span class='ocrx_word' id='word_1_384' title='bbox 459 5288 576 5327; x_wconf 92' lang='lat' dir='ltr'><strong>non</strong></span> <span class='ocrx_word' id='word_1_385' title='bbox 603 5271 900 5340; x_wconf 90' lang='lat' dir='ltr'><strong>videntur,</strong></span> <span class='ocrx_word' id='word_1_386' title='bbox 922 5274 1021 5326; x_wconf 91' lang='lat' dir='ltr'><strong>sed</strong></span> <span class='ocrx_word' id='word_1_387' title='bbox 1049 5274 1201 5328; x_wconf 78' lang='lat' dir='ltr'><strong>infra</strong></span> <span class='ocrx_word' id='word_1_388' title='bbox 1231 5273 1593 5330; x_wconf 90' lang='lat' dir='ltr'><strong>horizontem</strong></span> <span class='ocrx_word' id='word_1_389' title='bbox 1619 5274 1907 5330; x_wconf 87' lang='lat' dir='ltr'><strong>occultata</strong></span> <span class='ocrx_word' id='word_1_390' title='bbox 1940 5280 2108 5331; x_wconf 88' lang='lat' dir='ltr'><strong>sunt:</strong></span> 
     </span>
    </p>
   </div>
   <div class='ocr_carea' id='block_1_59' title="bbox 459 5359 2108 5435">
    <p class='ocr_par' dir='ltr' id='par_1_59' title="bbox 459 5359 2108 5435">
     <span class='ocr_line' id='line_1_59' title="bbox 459 5359 2108 5435; baseline 0.001 -19"><span class='ocrx_word' id='word_1_391' title='bbox 459 5366 518 5416; x_wconf 89' lang='lat' dir='ltr'><strong>et</strong></span> <span class='ocrx_word' id='word_1_392' title='bbox 548 5359 687 5414; x_wconf 89' lang='lat' dir='ltr'><strong>hinc</strong></span> <span class='ocrx_word' id='word_1_393' title='bbox 718 5359 1000 5425; x_wconf 83' lang='lat' dir='ltr'><strong>inferunt,</strong></span> <span class='ocrx_word' id='word_1_394' title='bbox 1034 5378 1148 5416; x_wconf 88' lang='lat' dir='ltr'><strong>non</strong></span> <span class='ocrx_word' id='word_1_395' title='bbox 1179 5363 1250 5417; x_wconf 91' lang='lat' dir='ltr'><strong>ab</strong></span> <span class='ocrx_word' id='word_1_396' title='bbox 1281 5363 1442 5417; x_wconf 89' lang='lat' dir='ltr'><strong>omni</strong></span> <span class='ocrx_word' id='word_1_397' title='bbox 1481 5368 1642 5418; x_wconf 65' lang='lat' dir='ltr'><strong>terra:</strong></span> <span class='ocrx_word' id='word_1_398' title='bbox 1705 5369 1866 5435; x_wconf 89' lang='lat' dir='ltr'><strong>parte</strong></span> <span class='ocrx_word' id='word_1_399' title='bbox 1903 5364 2108 5418; x_wconf 64' lang='lat' dir='ltr'><strong>coelum</strong></span> 
     </span>
    </p>
   </div>
   <div class='ocr_carea' id='block_1_60' title="bbox 457 5447 2109 5522">
    <p class='ocr_par' dir='ltr' id='par_1_60' title="bbox 457 5447 2109 5522">
     <span class='ocr_line' id='line_1_60' title="bbox 457 5447 2109 5522; baseline 0 -16"><span class='ocrx_word' id='word_1_400' title='bbox 457 5447 764 5522; x_wconf 68' lang='lat' dir='ltr'><strong>equalitcr</strong></span> <span class='ocrx_word' id='word_1_401' title='bbox 791 5447 995 5516; x_wconf 86' lang='lat' dir='ltr'><strong>dividi,</strong></span> <span class='ocrx_word' id='word_1_402' title='bbox 1026 5466 1092 5505; x_wconf 93' lang='lat' dir='ltr'><strong>ac</strong></span> <span class='ocrx_word' id='word_1_403' title='bbox 1122 5467 1190 5505; x_wconf 91' lang='lat' dir='ltr'><strong>ea</strong></span> <span class='ocrx_word' id='word_1_404' title='bbox 1235 5451 1304 5505; x_wconf 91' lang='lat' dir='ltr'><strong>de</strong></span> <span class='ocrx_word' id='word_1_405' title='bbox 1363 5468 1542 5507; x_wconf 89' lang='lat' dir='ltr'><strong>causa</strong></span> <span class='ocrx_word' id='word_1_406' title='bbox 1593 5453 1772 5507; x_wconf 85' lang='lat' dir='ltr'><strong>centri</strong></span> <span class='ocrx_word' id='word_1_407' title='bbox 1827 5453 2109 5506; x_wconf 84' lang='lat' dir='ltr'><strong>rationem</strong></span> 
     </span>
    </p>
   </div>
   <div class='ocr_carea' id='block_1_61' title="bbox 458 5538 2113 5611">
    <p class='ocr_par' dir='ltr' id='par_1_61' title="bbox 458 5538 2113 5611">
     <span class='ocr_line' id='line_1_61' title="bbox 458 5538 2113 5611; baseline -0.001 -14"><span class='ocrx_word' id='word_1_408' title='bbox 458 5540 528 5597; x_wconf 92' lang='lat' dir='ltr'><strong>ad</strong></span> <span class='ocrx_word' id='word_1_409' title='bbox 558 5539 754 5611; x_wconf 87' lang='lat' dir='ltr'><strong>ipsum</strong></span> <span class='ocrx_word' id='word_1_410' title='bbox 787 5553 902 5595; x_wconf 87' lang='lat' dir='ltr'><strong>non</strong></span> <span class='ocrx_word' id='word_1_411' title='bbox 933 5538 1195 5596; x_wconf 91' lang='lat' dir='ltr'><strong>obtinere</strong></span> <span class='ocrx_word' id='word_1_412' title='bbox 1226 5544 1463 5595; x_wconf 87' lang='lat' dir='ltr'><strong>terram.</strong></span> <span class='ocrx_word' id='word_1_413' title='bbox 1497 5541 1607 5596; x_wconf 88' lang='lat' dir='ltr'><strong>Sed</strong></span> <span class='ocrx_word' id='word_1_414' title='bbox 1643 5541 1762 5596; x_wconf 81' lang='lat' dir='ltr'><strong>haec</strong></span> <span class='ocrx_word' id='word_1_415' title='bbox 1794 5541 1942 5597; x_wconf 85' lang='lat' dir='ltr'><strong>ratio</strong></span> <span class='ocrx_word' id='word_1_416' title='bbox 1974 5545 2113 5596; x_wconf 88' lang='lat' dir='ltr'><strong>tunc</strong></span> 
     </span>
    </p>
   </div>
   <div class='ocr_carea' id='block_1_62' title="bbox 526 5681 1158 5753">
    <p class='ocr_par' dir='ltr' id='par_1_62' title="bbox 526 5681 1158 5753">
     <span class='ocr_line' id='line_1_62' title="bbox 526 5681 1158 5753; baseline -0.003 -13"><span class='ocrx_word' id='word_1_417' title='bbox 526 5684 570 5720; x_wconf 85' lang='grc'><strong>⁰⁰</strong></span> <span class='ocrx_word' id='word_1_418' title='bbox 595 5683 807 5753; x_wconf 87' lang='lat' dir='ltr'><strong>Clesm,</strong></span> <span class='ocrx_word' id='word_1_419' title='bbox 841 5681 878 5738; x_wconf 93' lang='lat' dir='ltr'><strong>l.</strong></span> <span class='ocrx_word' id='word_1_420' title='bbox 913 5683 956 5751; x_wconf 88' lang='grc' dir='ltr'><strong>Ι,</strong></span> <span class='ocrx_word' id='word_1_421' title='bbox 990 5699 1039 5738; x_wconf 92' lang='lat' dir='ltr'><strong>c.</strong></span> <span class='ocrx_word' id='word_1_422' title='bbox 1069 5683 1158 5739; x_wconf 81' lang='lat' dir='ltr'><strong>lO.</strong></span> 
     </span>
    </p>
   </div>
   <div class='ocr_carea' id='block_1_63' title="bbox 453 5755 766 5830">
    <p class='ocr_par' dir='ltr' id='par_1_63' title="bbox 453 5755 766 5830">
     <span class='ocr_line' id='line_1_63' title="bbox 453 5755 766 5830; baseline 0 -16"><span class='ocrx_word' id='word_1_423' title='bbox 453 5755 494 5814; x_wconf 88' lang='lat' dir='ltr'><strong>l.</strong></span> <span class='ocrx_word' id='word_1_424' title='bbox 527 5774 591 5830; x_wconf 80' lang='grc' dir='ltr'><strong>ιι,</strong></span> <span class='ocrx_word' id='word_1_425' title='bbox 625 5771 676 5813; x_wconf 89' lang='lat' dir='ltr'><strong>c.</strong></span> <span class='ocrx_word' id='word_1_426' title='bbox 710 5756 766 5814; x_wconf 90' lang='lat'><strong>3.</strong></span> 
     </span>
    </p>
   </div>
   <div class='ocr_carea' id='block_1_64' title="bbox 1264 5682 2624 5756">
    <p class='ocr_par' dir='ltr' id='par_1_64' title="bbox 1264 5682 2624 5756">
     <span class='ocr_line' id='line_1_64' title="bbox 1264 5682 2624 5756; baseline 0.001 -21"><span class='ocrx_word' id='word_1_427' title='bbox 1264 5684 1305 5718; x_wconf 72' lang='grc' dir='ltr'><strong>οι</strong></span> <span class='ocrx_word' id='word_1_428' title='bbox 1339 5683 1552 5738; x_wconf 90' lang='lat' dir='ltr'><strong>Cleom.</strong></span> <span class='ocrx_word' id='word_1_429' title='bbox 1587 5682 1626 5738; x_wconf 92' lang='lat'><strong>1.</strong></span> <span class='ocrx_word' id='word_1_430' title='bbox 1659 5701 1698 5755; x_wconf 83' lang='lat'><strong>1,</strong></span> <span class='ocrx_word' id='word_1_431' title='bbox 1731 5700 1781 5739; x_wconf 95' lang='lat' dir='ltr'><strong>c.</strong></span> <span class='ocrx_word' id='word_1_432' title='bbox 1817 5684 1912 5751; x_wconf 82' lang='lat' dir='ltr'><strong>ll;</strong></span> <span class='ocrx_word' id='word_1_433' title='bbox 1953 5683 2120 5743; x_wconf 88' lang='lat' dir='ltr'><strong>Mart.</strong></span> <span class='ocrx_word' id='word_1_434' title='bbox 2156 5683 2389 5756; x_wconf 84' lang='lat' dir='ltr'><strong>Capella</strong></span> <span class='ocrx_word' id='word_1_435' title='bbox 2435 5684 2472 5739; x_wconf 95' lang='lat' dir='ltr'><strong>l.</strong></span> <span class='ocrx_word' id='word_1_436' title='bbox 2506 5701 2624 5740; x_wconf 85' lang='lat' dir='ltr'><strong>vm.</strong></span> 
     </span>
    </p>
   </div>
   <div class='ocr_carea' id='block_1_65' title="bbox 2197 659 3854 738">
    <p class='ocr_par' dir='ltr' id='par_1_65' title="bbox 2197 659 3854 738">
     <span class='ocr_line' id='line_1_65' title="bbox 2197 659 3854 738; baseline 0 -22"><span class='ocrx_word' id='word_1_437' title='bbox 2197 664 2296 729; x_wconf 86' lang='grc' dir='ltr'><strong>τὴν</strong></span> <span class='ocrx_word' id='word_1_438' title='bbox 2326 667 2422 716; x_wconf 85' lang='grc' dir='ltr'><strong>τοῦ</strong></span> <span class='ocrx_word' id='word_1_439' title='bbox 2475 662 2746 736; x_wconf 86' lang='grc' dir='ltr'>Σκορπίου</span> <span class='ocrx_word' id='word_1_440' title='bbox 2795 659 3272 731; x_wconf 77' lang='grc' dir='ltr'>πεντεκαιδεκάτην</span> <span class='ocrx_word' id='word_1_441' title='bbox 3330 662 3592 738; x_wconf 77' lang='grc' dir='ltr'>κατέχων</span> <span class='ocrx_word' id='word_1_442' title='bbox 3647 669 3854 737; x_wconf 81' lang='grc' dir='ltr'>μοῖραν,</span> 
     </span>
    </p>
   </div>
   <div class='ocr_carea' id='block_1_66' title="bbox 2198 749 3852 826">
    <p class='ocr_par' dir='ltr' id='par_1_66' title="bbox 2198 749 3852 826">
     <span class='ocr_line' id='line_1_66' title="bbox 2198 749 3852 826; baseline 0.002 -21"><span class='ocrx_word' id='word_1_443' title='bbox 2198 752 2226 804; x_wconf 96' lang='lat'><strong>6</strong></span> <span class='ocrx_word' id='word_1_444' title='bbox 2259 749 2316 805; x_wconf 73' lang='grc' dir='ltr'><strong>δὲ</strong></span> <span class='ocrx_word' id='word_1_445' title='bbox 2342 753 2440 820; x_wconf 84' lang='grc' dir='ltr'><strong>τὴν</strong></span> <span class='ocrx_word' id='word_1_446' title='bbox 2498 751 2662 820; x_wconf 71' lang='grc' dir='ltr'>αὐτὴν</span> <span class='ocrx_word' id='word_1_447' title='bbox 2712 756 2808 805; x_wconf 89' lang='grc' dir='ltr'><strong>τοῦ</strong></span> <span class='ocrx_word' id='word_1_448' title='bbox 2858 751 3093 826; x_wconf 67' lang='grc' dir='ltr'>Ταύρου,</span> <span class='ocrx_word' id='word_1_449' title='bbox 3149 751 3310 826; x_wconf 85' lang='grc' dir='ltr'>μέρος</span> <span class='ocrx_word' id='word_1_450' title='bbox 3361 750 3434 804; x_wconf 84' lang='grc' dir='ltr'>ὢν</span> <span class='ocrx_word' id='word_1_451' title='bbox 3488 756 3608 805; x_wconf 80' lang='grc' dir='ltr'>τῶν</span> <span class='ocrx_word' id='word_1_452' title='bbox 3643 750 3852 808; x_wconf 68' lang='grc' dir='ltr'>Ὑάδων.</span> 
     </span>
    </p>
   </div>
   <div class='ocr_carea' id='block_1_67' title="bbox 2199 839 3847 915">
    <p class='ocr_par' dir='ltr' id='par_1_67' title="bbox 2199 839 3847 915">
     <span class='ocr_line' id='line_1_67' title="bbox 2199 839 3847 915; baseline -0.001 -23"><span class='ocrx_word' id='word_1_453' title='bbox 2199 840 2359 894; x_wconf 78' lang='grc' dir='ltr'>Οὗτοι</span> <span class='ocrx_word' id='word_1_454' title='bbox 2389 845 2467 910; x_wconf 81' lang='grc' dir='ltr'><strong>τῷ</strong></span> <span class='ocrx_word' id='word_1_455' title='bbox 2494 843 2646 915; x_wconf 63' lang='grc' dir='ltr'>’Ἄρει</span> <span class='ocrx_word' id='word_1_456' title='bbox 2677 840 2739 893; x_wconf 81' lang='grc' dir='ltr'><strong>τὸ</strong></span> <span class='ocrx_word' id='word_1_457' title='bbox 2771 844 2974 915; x_wconf 80' lang='grc' dir='ltr'>χρῶμα</span> <span class='ocrx_word' id='word_1_458' title='bbox 3020 839 3337 914; x_wconf 84' lang='grc' dir='ltr'>παρόμοιοι.</span> <span class='ocrx_word' id='word_1_459' title='bbox 3390 840 3686 912; x_wconf 60' lang='grc' dir='ltr'>,λυομένου</span> <span class='ocrx_word' id='word_1_460' title='bbox 3737 847 3847 914; x_wconf 48' lang='grc' dir='ltr'><strong>γοῦν</strong></span> 
     </span>
    </p>
   </div>
   <div class='ocr_carea' id='block_1_68' title="bbox 2198 928 3848 1004">
    <p class='ocr_par' dir='ltr' id='par_1_68' title="bbox 2198 928 3848 1004">
     <span class='ocr_line' id='line_1_68' title="bbox 2198 928 3848 1004; baseline 0.001 -22"><span class='ocrx_word' id='word_1_461' title='bbox 2198 935 2294 983; x_wconf 88' lang='grc' dir='ltr'><strong>τοῦ</strong></span> <span class='ocrx_word' id='word_1_462' title='bbox 2346 930 2463 990; x_wconf 76' lang='grc' dir='ltr'>ἑνὸς</span> <span class='ocrx_word' id='word_1_463' title='bbox 2511 929 2684 982; x_wconf 75' lang='grc' dir='ltr'>αὐτῶν</span> <span class='ocrx_word' id='word_1_464' title='bbox 2724 929 2752 982; x_wconf 87' lang='lat'><strong>6</strong></span> <span class='ocrx_word' id='word_1_465' title='bbox 2785 928 2975 989; x_wconf 82' lang='grc' dir='ltr'>λοιπὸς</span> <span class='ocrx_word' id='word_1_466' title='bbox 3007 928 3157 989; x_wconf 67' lang='grc' dir='ltr'>εὐθὺς</span> <span class='ocrx_word' id='word_1_467' title='bbox 3204 928 3511 999; x_wconf 71' lang='grc' dir='ltr'><strong>ἀνατέλλει,</strong></span> <span class='ocrx_word' id='word_1_468' title='bbox 3545 930 3644 983; x_wconf 78' lang='grc' dir='ltr'><strong>καὶ</strong></span> <span class='ocrx_word' id='word_1_469' title='bbox 3689 931 3848 1004; x_wconf 71' lang='grc' dir='ltr'>ὁρῶν-</span> 
     </span>
    </p>
   </div>
   <div class='ocr_carea' id='block_1_69' title="bbox 2198 1016 3844 1094">
    <p class='ocr_par' dir='ltr' id='par_1_69' title="bbox 2198 1016 3844 1094">
     <span class='ocr_line' id='line_1_69' title="bbox 2198 1016 3844 1094; baseline -0.001 -23"><span class='ocrx_word' id='word_1_470' title='bbox 2198 1039 2283 1071; x_wconf 91' lang='grc' dir='ltr'><strong>ται</strong></span> <span class='ocrx_word' id='word_1_471' title='bbox 2316 1018 2404 1070; x_wconf 75' lang='grc' dir='ltr'><strong>καὶ</strong></span> <span class='ocrx_word' id='word_1_472' title='bbox 2439 1017 2601 1094; x_wconf 68' lang='grc' dir='ltr'>ἄμφω</span> <span class='ocrx_word' id='word_1_473' title='bbox 2648 1018 2781 1071; x_wconf 83' lang='grc' dir='ltr'>κατᾶ</span> <span class='ocrx_word' id='word_1_474' title='bbox 2826 1019 3016 1071; x_wconf 82' lang='grc' dir='ltr'>ταυτὸν</span> <span class='ocrx_word' id='word_1_475' title='bbox 3065 1016 3152 1071; x_wconf 80' lang='grc' dir='ltr'><strong>ἐπὶ</strong></span> <span class='ocrx_word' id='word_1_476' title='bbox 3201 1023 3296 1071; x_wconf 86' lang='grc' dir='ltr'><strong>τοῦ</strong></span> <span class='ocrx_word' id='word_1_477' title='bbox 3345 1018 3663 1093; x_wconf 76' lang='grc' dir='ltr'>ὁρίζοντος,</span> <span class='ocrx_word' id='word_1_478' title='bbox 3700 1020 3727 1072; x_wconf 72' lang='grc' dir='ltr'><em>ὁ</em></span> 
     </span>
    </p>
   </div>
   <div class='ocr_carea' id='block_1_70' title="bbox 2201 1102 3844 1181">
    <p class='ocr_par' dir='ltr' id='par_1_70' title="bbox 2201 1102 3844 1181">
     <span class='ocr_line' id='line_1_70' title="bbox 2201 1102 3844 1181; baseline 0 -21"><span class='ocrx_word' id='word_1_479' title='bbox 2201 1105 2536 1172; x_wconf 70' lang='grc' dir='ltr'><strong>ἀνατέλλων,</strong></span> <span class='ocrx_word' id='word_1_480' title='bbox 2588 1107 2616 1158; x_wconf 88' lang='lat'><strong>6</strong></span> <span class='ocrx_word' id='word_1_481' title='bbox 2666 1104 2723 1159; x_wconf 74' lang='grc' dir='ltr'><strong>δὲ</strong></span> <span class='ocrx_word' id='word_1_482' title='bbox 2773 1102 3055 1178; x_wconf 78' lang='grc' dir='ltr'>δυόμενος’</span> <span class='ocrx_word' id='word_1_483' title='bbox 3087 1108 3253 1181; x_wconf 77' lang='grc' dir='ltr'>’Ὁπερ</span> <span class='ocrx_word' id='word_1_484' title='bbox 3302 1106 3401 1160; x_wconf 74' lang='grc' dir='ltr'><strong>οὐκ</strong></span> <span class='ocrx_word' id='word_1_485' title='bbox 3433 1107 3492 1160; x_wconf 76' lang='grc' dir='ltr'><strong>ἂν</strong></span> <span class='ocrx_word' id='word_1_486' title='bbox 3530 1103 3844 1176; x_wconf 71' lang='grc' dir='ltr'>συνέϐαινεν,</span> 
     </span>
    </p>
   </div>
   <div class='ocr_carea' id='block_1_71' title="bbox 2204 1191 3847 1269">
    <p class='ocr_par' dir='ltr' id='par_1_71' title="bbox 2204 1191 3847 1269">
     <span class='ocr_line' id='line_1_71' title="bbox 2204 1191 3847 1269; baseline -0.004 -22"><span class='ocrx_word' id='word_1_487' title='bbox 2204 1195 2247 1248; x_wconf 77' lang='grc' dir='ltr'>εἰ</span> <span class='ocrx_word' id='word_1_488' title='bbox 2284 1196 2431 1268; x_wconf 88' lang='grc' dir='ltr'>μέρει</span> <span class='ocrx_word' id='word_1_489' title='bbox 2461 1195 2569 1248; x_wconf 81' lang='grc' dir='ltr'>τινὶ</span> <span class='ocrx_word' id='word_1_490' title='bbox 2598 1198 2694 1248; x_wconf 89' lang='grc' dir='ltr'><strong>τοῦ</strong></span> <span class='ocrx_word' id='word_1_491' title='bbox 2724 1191 2988 1262; x_wconf 75' lang='grc' dir='ltr'>ζωδιακοῦ</span> <span class='ocrx_word' id='word_1_492' title='bbox 3017 1195 3078 1249; x_wconf 88' lang='grc' dir='ltr'>τὸ</span> <span class='ocrx_word' id='word_1_493' title='bbox 3108 1202 3208 1263; x_wconf 75' lang='grc' dir='ltr'>τῆς</span> <span class='ocrx_word' id='word_1_494' title='bbox 3258 1198 3359 1269; x_wconf 73' lang='grc' dir='ltr'><strong>γῆς</strong></span> <span class='ocrx_word' id='word_1_495' title='bbox 3389 1197 3502 1250; x_wconf 73' lang='grc' dir='ltr'>οἷόν</span> <span class='ocrx_word' id='word_1_496' title='bbox 3557 1199 3610 1249; x_wconf 90' lang='grc' dir='ltr'>τ’</span> <span class='ocrx_word' id='word_1_497' title='bbox 3661 1198 3728 1264; x_wconf 78' lang='grc' dir='ltr'><strong>ἧν</strong></span> <span class='ocrx_word' id='word_1_498' title='bbox 3763 1199 3847 1269; x_wconf 57' lang='grc' dir='ltr'><strong>βά-</strong></span> 
     </span>
    </p>
   </div>
   <div class='ocr_carea' id='block_1_72' title="bbox 2201 1285 2691 1358">
    <p class='ocr_par' dir='ltr' id='par_1_72' title="bbox 2201 1285 2691 1358">
     <span class='ocr_line' id='line_1_72' title="bbox 2201 1285 2691 1358; baseline 0.002 -21"><span class='ocrx_word' id='word_1_499' title='bbox 2201 1286 2292 1346; x_wconf 87' lang='grc' dir='ltr'>Θος</span> <span class='ocrx_word' id='word_1_500' title='bbox 2327 1285 2691 1358; x_wconf 80' lang='grc' dir='ltr'>ἐπιπροσθεῖν.</span> 
     </span>
    </p>
   </div>
   <div class='ocr_carea' id='block_1_73' title="bbox 2276 1458 3850 1536">
    <p class='ocr_par' dir='ltr' id='par_1_73' title="bbox 2276 1458 3850 1536">
     <span class='ocr_line' id='line_1_73' title="bbox 2276 1458 3724 1515; baseline -0.003 0"><span class='ocrx_word' id='word_1_501' title='bbox 2276 1458 2318 1515; x_wconf 81' lang='grc' dir='ltr'><strong>δ’</strong></span> <span class='ocrx_word' id='word_1_502' title='bbox 2373 1463 2386 1481; x_wconf 91' lang='grc'><strong>’</strong></span> <span class='ocrx_word' id='word_1_503' title='bbox 2523 1460 2535 1476; x_wconf 79' lang='grc'><strong>“</strong></span> <span class='ocrx_word' id='word_1_504' title='bbox 2773 1459 2788 1478; x_wconf 76' lang='lat'><strong>‘</strong></span> <span class='ocrx_word' id='word_1_505' title='bbox 2876 1461 2888 1474; x_wconf 78' lang='grc'><em>“</em></span> <span class='ocrx_word' id='word_1_506' title='bbox 2953 1460 2978 1478; x_wconf 73' lang='lat'><strong><em>&quot;</em></strong></span> <span class='ocrx_word' id='word_1_507' title='bbox 3228 1465 3255 1475; x_wconf 83' lang='grc'><strong>”’</strong></span> <span class='ocrx_word' id='word_1_508' title='bbox 3311 1460 3324 1482; x_wconf 90' lang='grc'><strong>’</strong></span> <span class='ocrx_word' id='word_1_509' title='bbox 3613 1466 3639 1475; x_wconf 66' lang='grc'><em>⁹</em></span> <span class='ocrx_word' id='word_1_510' title='bbox 3700 1459 3724 1476; x_wconf 72' lang='grc'><strong>“</strong></span> 
     </span>
     <span class='ocr_line' id='line_1_74' title="bbox 2325 1459 3850 1536; baseline -0.001 -19"><span class='ocrx_word' id='word_1_511' title='bbox 2325 1504 2339 1517; x_wconf 90' lang='grc'><strong>.</strong></span> <span class='ocrx_word' id='word_1_512' title='bbox 2387 1459 2547 1517; x_wconf 82' lang='grc' dir='ltr'>Αλλα</span> <span class='ocrx_word' id='word_1_513' title='bbox 2575 1459 2642 1529; x_wconf 82' lang='grc' dir='ltr'><strong>δὴ</strong></span> <span class='ocrx_word' id='word_1_514' title='bbox 2702 1481 2788 1514; x_wconf 89' lang='grc' dir='ltr'><strong>και</strong></span> <span class='ocrx_word' id='word_1_515' title='bbox 2836 1481 2899 1513; x_wconf 89' lang='grc' dir='ltr'><strong>το</strong></span> <span class='ocrx_word' id='word_1_516' title='bbox 2947 1481 3118 1532; x_wconf 83' lang='grc' dir='ltr'>ημισυ</span> <span class='ocrx_word' id='word_1_517' title='bbox 3164 1481 3258 1515; x_wconf 89' lang='grc' dir='ltr'><strong>του</strong></span> <span class='ocrx_word' id='word_1_518' title='bbox 3313 1481 3644 1536; x_wconf 78' lang='grc' dir='ltr'>ισημερινου</span> <span class='ocrx_word' id='word_1_519' title='bbox 3697 1481 3850 1529; x_wconf 52' lang='lat'><strong>9:1,»:-</strong></span> 
     </span>
    </p>
   </div>
   <div class='ocr_carea' id='block_1_74' title="bbox 2204 1547 3848 1623">
    <p class='ocr_par' dir='ltr' id='par_1_74' title="bbox 2204 1547 3848 1623">
     <span class='ocr_line' id='line_1_75' title="bbox 2204 1547 3848 1623; baseline -0.001 -20"><span class='ocrx_word' id='word_1_520' title='bbox 2204 1554 2314 1611; x_wconf 80' lang='grc' dir='ltr'>κῶς</span> <span class='ocrx_word' id='word_1_521' title='bbox 2343 1549 2482 1604; x_wconf 84' lang='grc' dir='ltr'>ἐστιν</span> <span class='ocrx_word' id='word_1_522' title='bbox 2514 1550 2645 1623; x_wconf 78' lang='grc' dir='ltr'>ὑπὲρ</span> <span class='ocrx_word' id='word_1_523' title='bbox 2677 1555 2802 1622; x_wconf 78' lang='grc' dir='ltr'>γῆν.</span> <span class='ocrx_word' id='word_1_524' title='bbox 2850 1549 2948 1602; x_wconf 79' lang='grc' dir='ltr'><strong>Καὶ</strong></span> <span class='ocrx_word' id='word_1_525' title='bbox 2998 1554 3157 1603; x_wconf 88' lang='grc' dir='ltr'>τοῦτο</span> <span class='ocrx_word' id='word_1_526' title='bbox 3209 1547 3378 1618; x_wconf 79' lang='grc' dir='ltr'>δῆλον</span> <span class='ocrx_word' id='word_1_527' title='bbox 3432 1549 3494 1603; x_wconf 88' lang='grc' dir='ltr'><strong>ἐκ</strong></span> <span class='ocrx_word' id='word_1_528' title='bbox 3523 1555 3636 1603; x_wconf 74' lang='grc' dir='ltr'><strong>τῶν</strong></span> <span class='ocrx_word' id='word_1_529' title='bbox 3674 1550 3848 1621; x_wconf 73' lang='grc' dir='ltr'>ἰσημε-</span> 
     </span>
    </p>
   </div>
   <div class='ocr_carea' id='block_1_75' title="bbox 2207 1635 3852 1714">
    <p class='ocr_par' dir='ltr' id='par_1_75' title="bbox 2207 1635 3852 1714">
     <span class='ocr_line' id='line_1_76' title="bbox 2207 1635 3852 1714; baseline 0.002 -24"><span class='ocrx_word' id='word_1_530' title='bbox 2207 1643 2354 1714; x_wconf 82' lang='grc' dir='ltr'>ριῶν·</span> <span class='ocrx_word' id='word_1_531' title='bbox 2414 1637 2611 1692; x_wconf 81' lang='grc' dir='ltr'>ὁπόταν</span> <span class='ocrx_word' id='word_1_532' title='bbox 2669 1639 2772 1711; x_wconf 75' lang='grc' dir='ltr'><strong>γὰρ</strong></span> <span class='ocrx_word' id='word_1_533' title='bbox 2830 1637 3139 1692; x_wconf 73' lang='grc' dir='ltr'>ἀνατέλλων</span> <span class='ocrx_word' id='word_1_534' title='bbox 3200 1637 3227 1691; x_wconf 88' lang='grc' dir='ltr'>ὀ</span> <span class='ocrx_word' id='word_1_535' title='bbox 3283 1635 3450 1705; x_wconf 74' lang='grc' dir='ltr'>ἥλιος</span> <span class='ocrx_word' id='word_1_536' title='bbox 3499 1639 3536 1706; x_wconf 72' lang='grc' dir='ltr'><strong>ἢ</strong></span> <span class='ocrx_word' id='word_1_537' title='bbox 3597 1636 3852 1711; x_wconf 73' lang='grc' dir='ltr'>δυόμενος</span> 
     </span>
    </p>
   </div>
   <div class='ocr_carea' id='block_1_76' title="bbox 2205 1725 3643 1804">
    <p class='ocr_par' dir='ltr' id='par_1_76' title="bbox 2205 1725 3643 1804">
     <span class='ocr_line' id='line_1_77' title="bbox 2205 1725 3643 1804; baseline -0.001 -23"><span class='ocrx_word' id='word_1_538' title='bbox 2205 1732 2300 1781; x_wconf 91' lang='grc' dir='ltr'><strong>τοῦ</strong></span> <span class='ocrx_word' id='word_1_539' title='bbox 2361 1727 2464 1780; x_wconf 85' lang='grc' dir='ltr'>ὐπὸ</span> <span class='ocrx_word' id='word_1_540' title='bbox 2520 1727 2611 1780; x_wconf 83' lang='grc' dir='ltr'>τὸν</span> <span class='ocrx_word' id='word_1_541' title='bbox 2669 1725 2982 1800; x_wconf 72' lang='grc' dir='ltr'>ἰσημερινὸν</span> <span class='ocrx_word' id='word_1_542' title='bbox 3063 1725 3330 1804; x_wconf 70' lang='grc' dir='ltr'>ἐφάψηται</span> <span class='ocrx_word' id='word_1_543' title='bbox 3399 1727 3643 1798; x_wconf 81' lang='grc' dir='ltr'>σημείου</span> 
     </span>
    </p>
   </div>
   <div class='ocr_carea' id='block_1_77' title="bbox 2209 1811 3664 1889">
    <p class='ocr_par' dir='ltr' id='par_1_77' title="bbox 2209 1811 3664 1889">
     <span class='ocr_line' id='line_1_78' title="bbox 2209 1811 3664 1889; baseline -0.001 -20"><span class='ocrx_word' id='word_1_544' title='bbox 2209 1811 2576 1888; x_wconf 74' lang='grc' dir='ltr'>λαμϐάνουσιν</span> <span class='ocrx_word' id='word_1_545' title='bbox 2608 1815 2642 1882; x_wconf 76' lang='grc' dir='ltr'>ἦ</span> <span class='ocrx_word' id='word_1_546' title='bbox 2675 1816 2720 1868; x_wconf 77' lang='grc' dir='ltr'><strong>θ’</strong></span> <span class='ocrx_word' id='word_1_547' title='bbox 2748 1815 2928 1889; x_wconf 74' lang='grc' dir='ltr'>ἡμέρα</span> <span class='ocrx_word' id='word_1_548' title='bbox 2956 1815 3045 1868; x_wconf 80' lang='grc' dir='ltr'><strong>καὶ</strong></span> <span class='ocrx_word' id='word_1_549' title='bbox 3077 1816 3110 1884; x_wconf 77' lang='grc' dir='ltr'>ἡ</span> <span class='ocrx_word' id='word_1_550' title='bbox 3143 1816 3232 1884; x_wconf 73' lang='grc' dir='ltr'><strong>νὺξ</strong></span> <span class='ocrx_word' id='word_1_551' title='bbox 3261 1817 3322 1869; x_wconf 88' lang='grc' dir='ltr'>τὸ</span> <span class='ocrx_word' id='word_1_552' title='bbox 3358 1815 3664 1870; x_wconf 80' lang='grc' dir='ltr'>ἷσαίτατον.</span> 
     </span>
    </p>
   </div>
   <div class='ocr_carea' id='block_1_78' title="bbox 2280 1901 3854 1980">
    <p class='ocr_par' dir='ltr' id='par_1_78' title="bbox 2280 1901 3854 1980">
     <span class='ocr_line' id='line_1_79' title="bbox 2280 1901 3854 1980; baseline -0.003 -22"><span class='ocrx_word' id='word_1_553' title='bbox 2280 1906 2335 1960; x_wconf 85' lang='grc' dir='ltr'><strong>ε’.</strong></span> <span class='ocrx_word' id='word_1_554' title='bbox 2371 1902 2547 1958; x_wconf 83' lang='grc' dir='ltr'><strong>Ἀλλᾶ</strong></span> <span class='ocrx_word' id='word_1_555' title='bbox 2575 1902 2664 1956; x_wconf 86' lang='grc' dir='ltr'><strong>καὶ</strong></span> <span class='ocrx_word' id='word_1_556' title='bbox 2699 1904 2832 1978; x_wconf 89' lang='grc' dir='ltr'>πρὸς</span> <span class='ocrx_word' id='word_1_557' title='bbox 2877 1904 2976 1970; x_wconf 87' lang='grc' dir='ltr'><strong>τὴν</strong></span> <span class='ocrx_word' id='word_1_558' title='bbox 3023 1901 3259 1972; x_wconf 89' lang='grc' dir='ltr'>ὴλιακὴν</span> <span class='ocrx_word' id='word_1_559' title='bbox 3311 1909 3540 1980; x_wconf 75' lang='grc' dir='ltr'>σφαῖραν</span> <span class='ocrx_word' id='word_1_560' title='bbox 3647 1911 3720 1978; x_wconf 76' lang='grc' dir='ltr'>γῆ</span> <span class='ocrx_word' id='word_1_561' title='bbox 3753 1906 3854 1958; x_wconf 64' lang='grc' dir='ltr'>κέν-</span> 
     </span>
    </p>
   </div>
   <div class='ocr_carea' id='block_1_79' title="bbox 2206 1991 3854 2068">
    <p class='ocr_par' dir='ltr' id='par_1_79' title="bbox 2206 1991 3854 2068">
     <span class='ocr_line' id='line_1_80' title="bbox 2206 1991 3854 2068; baseline -0.001 -22"><span class='ocrx_word' id='word_1_562' title='bbox 2206 2013 2335 2068; x_wconf 87' lang='grc' dir='ltr'>τρου</span> <span class='ocrx_word' id='word_1_563' title='bbox 2391 1992 2552 2067; x_wconf 84' lang='grc' dir='ltr'>λόγον</span> <span class='ocrx_word' id='word_1_564' title='bbox 2606 1991 2877 2066; x_wconf 81' lang='grc' dir='ltr'>ἐπέχουσα</span> <span class='ocrx_word' id='word_1_565' title='bbox 2929 1991 3190 2068; x_wconf 80' lang='grc' dir='ltr'>φαίνεται.</span> <span class='ocrx_word' id='word_1_566' title='bbox 3251 1991 3723 2061; x_wconf 69' lang='grc' dir='ltr'>Κατασκευαζεται</span> <span class='ocrx_word' id='word_1_567' title='bbox 3769 1995 3854 2067; x_wconf 64' lang='grc' dir='ltr'><strong>γὰρ</strong></span> 
     </span>
    </p>
   </div>
   <div class='ocr_carea' id='block_1_80' title="bbox 3793 1728 3804 1742">
    <p class='ocr_par' dir='ltr' id='par_1_80' title="bbox 3793 1728 3804 1742">
     <span class='ocr_line' id='line_1_81' title="bbox 3793 1728 3804 1742; baseline 0 0"><span class='ocrx_word' id='word_1_568' title='bbox 3793 1728 3804 1742; x_wconf 62' lang='grc' dir='ltr'><em>υ</em></span> 
     </span>
    </p>
   </div>
   <div class='ocr_carea' id='block_1_81' title="bbox 3678 1748 3854 1797">
    <p class='ocr_par' dir='ltr' id='par_1_81' title="bbox 3678 1748 3854 1797">
     <span class='ocr_line' id='line_1_82' title="bbox 3678 1748 3854 1797; baseline 0 -16"><span class='ocrx_word' id='word_1_569' title='bbox 3678 1775 3692 1797; x_wconf 92' lang='grc'><strong>,</strong></span> <span class='ocrx_word' id='word_1_570' title='bbox 3749 1748 3854 1782; x_wconf 72' lang='grc' dir='ltr'>τοτε</span> 
     </span>
    </p>
   </div>
   <div class='ocr_carea' id='block_1_82' title="bbox 2209 2078 3858 2157">
    <p class='ocr_par' dir='ltr' id='par_1_82' title="bbox 2209 2078 3858 2157">
     <span class='ocr_line' id='line_1_83' title="bbox 2209 2078 3858 2157; baseline 0 -21"><span class='ocrx_word' id='word_1_571' title='bbox 2209 2081 2294 2137; x_wconf 83' lang='grc' dir='ltr'><strong>ἐπὶ</strong></span> <span class='ocrx_word' id='word_1_572' title='bbox 2343 2088 2449 2155; x_wconf 78' lang='grc' dir='ltr'><strong>γῆς</strong></span> <span class='ocrx_word' id='word_1_573' title='bbox 2498 2078 2781 2156; x_wconf 87' lang='grc' dir='ltr'>ὡρολόγια</span> <span class='ocrx_word' id='word_1_574' title='bbox 2830 2081 2922 2142; x_wconf 76' lang='grc' dir='ltr'><strong>τὰς</strong></span> <span class='ocrx_word' id='word_1_575' title='bbox 2970 2086 3077 2134; x_wconf 81' lang='grc' dir='ltr'><strong>τῶν</strong></span> <span class='ocrx_word' id='word_1_576' title='bbox 3128 2081 3429 2154; x_wconf 86' lang='grc' dir='ltr'>γνωμόνων</span> <span class='ocrx_word' id='word_1_577' title='bbox 3466 2083 3627 2142; x_wconf 73' lang='grc' dir='ltr'>σκιὰς</span> <span class='ocrx_word' id='word_1_578' title='bbox 3676 2081 3858 2157; x_wconf 77' lang='grc' dir='ltr'>ἔχοντα</span> 
     </span>
    </p>
   </div>
   <div class='ocr_carea' id='block_1_83' title="bbox 2205 2169 3859 2245">
    <p class='ocr_par' dir='ltr' id='par_1_83' title="bbox 2205 2169 3859 2245">
     <span class='ocr_line' id='line_1_84' title="bbox 2205 2169 3859 2245; baseline -0.001 -21"><span class='ocrx_word' id='word_1_579' title='bbox 2205 2175 2274 2244; x_wconf 79' lang='grc' dir='ltr'><strong>τῇ</strong></span> <span class='ocrx_word' id='word_1_580' title='bbox 2324 2176 2446 2240; x_wconf 87' lang='grc' dir='ltr'>σκιᾷ</span> <span class='ocrx_word' id='word_1_581' title='bbox 2491 2170 2921 2242; x_wconf 77' lang='grc' dir='ltr'>συμπεθιστάσας</span> <span class='ocrx_word' id='word_1_582' title='bbox 2970 2171 3068 2238; x_wconf 75' lang='grc' dir='ltr'>τῆς</span> <span class='ocrx_word' id='word_1_583' title='bbox 3119 2176 3239 2245; x_wconf 78' lang='grc' dir='ltr'>γῆς·</span> <span class='ocrx_word' id='word_1_584' title='bbox 3293 2171 3382 2224; x_wconf 88' lang='grc' dir='ltr'>καὶ</span> <span class='ocrx_word' id='word_1_585' title='bbox 3437 2169 3524 2224; x_wconf 81' lang='grc' dir='ltr'><strong>δεῖ</strong></span> <span class='ocrx_word' id='word_1_586' title='bbox 3575 2172 3754 2224; x_wconf 67' lang='grc' dir='ltr'>πάντα</span> <span class='ocrx_word' id='word_1_587' title='bbox 3803 2174 3859 2223; x_wconf 63' lang='grc' dir='ltr'><strong>τὰ</strong></span> 
     </span>
    </p>
   </div>
   <div class='ocr_carea' id='block_1_84' title="bbox 2205 2255 3859 2334">
    <p class='ocr_par' dir='ltr' id='par_1_84' title="bbox 2205 2255 3859 2334">
     <span class='ocr_line' id='line_1_85' title="bbox 2205 2255 3859 2334; baseline -0.002 -20"><span class='ocrx_word' id='word_1_588' title='bbox 2205 2263 2314 2314; x_wconf 80' lang='grc' dir='ltr'><strong>τῶν</strong></span> <span class='ocrx_word' id='word_1_589' title='bbox 2371 2258 2667 2332; x_wconf 85' lang='grc' dir='ltr'>γνωμόνων</span> <span class='ocrx_word' id='word_1_590' title='bbox 2728 2255 2863 2334; x_wconf 79' lang='grc' dir='ltr'>ἄκρα</span> <span class='ocrx_word' id='word_1_591' title='bbox 2920 2257 3143 2332; x_wconf 85' lang='grc' dir='ltr'>κέντρου</span> <span class='ocrx_word' id='word_1_592' title='bbox 3215 2257 3382 2333; x_wconf 88' lang='grc' dir='ltr'>λόγον</span> <span class='ocrx_word' id='word_1_593' title='bbox 3445 2258 3675 2334; x_wconf 80' lang='grc' dir='ltr'>ἐπέχειν</span> <span class='ocrx_word' id='word_1_594' title='bbox 3737 2263 3859 2330; x_wconf 63' lang='grc' dir='ltr'>πρὸς</span> 
     </span>
    </p>
   </div>
   <div class='ocr_carea' id='block_1_85' title="bbox 2205 2344 3859 2424">
    <p class='ocr_par' dir='ltr' id='par_1_85' title="bbox 2205 2344 3859 2424">
     <span class='ocr_line' id='line_1_86' title="bbox 2205 2344 3859 2424; baseline -0.001 -23"><span class='ocrx_word' id='word_1_595' title='bbox 2205 2348 2305 2415; x_wconf 87' lang='grc' dir='ltr'><strong>τὴν</strong></span> <span class='ocrx_word' id='word_1_596' title='bbox 2352 2345 2588 2415; x_wconf 75' lang='grc' dir='ltr'>ἡλιακὴν</span> <span class='ocrx_word' id='word_1_597' title='bbox 2639 2352 2884 2424; x_wconf 88' lang='grc' dir='ltr'>σφαῖραν.</span> <span class='ocrx_word' id='word_1_598' title='bbox 2943 2347 3090 2400; x_wconf 85' lang='grc' dir='ltr'>Ἐπεὶ</span> <span class='ocrx_word' id='word_1_599' title='bbox 3145 2350 3271 2421; x_wconf 91' lang='grc' dir='ltr'>γοῦν</span> <span class='ocrx_word' id='word_1_600' title='bbox 3326 2344 3482 2401; x_wconf 79' lang='grc' dir='ltr'>οὐδέν</span> <span class='ocrx_word' id='word_1_601' title='bbox 3539 2347 3690 2401; x_wconf 78' lang='grc' dir='ltr'>ἐστιν</span> <span class='ocrx_word' id='word_1_602' title='bbox 3734 2349 3859 2421; x_wconf 73' lang='grc' dir='ltr'>ὡρο-</span> 
     </span>
    </p>
   </div>
   <div class='ocr_carea' id='block_1_86' title="bbox 2210 2432 3858 2510">
    <p class='ocr_par' dir='ltr' id='par_1_86' title="bbox 2210 2432 3858 2510">
     <span class='ocr_line' id='line_1_87' title="bbox 2210 2432 3858 2510; baseline -0.001 -21"><span class='ocrx_word' id='word_1_603' title='bbox 2210 2433 2400 2510; x_wconf 86' lang='grc' dir='ltr'>λόγιον</span> <span class='ocrx_word' id='word_1_604' title='bbox 2459 2432 2753 2507; x_wconf 76' lang='grc' dir='ltr'>δυνάμενον</span> <span class='ocrx_word' id='word_1_605' title='bbox 2812 2435 2892 2489; x_wconf 88' lang='grc' dir='ltr'><strong>ἐπ’</strong></span> <span class='ocrx_word' id='word_1_606' title='bbox 2950 2434 3094 2506; x_wconf 75' lang='grc' dir='ltr'>αῦτῷ</span> <span class='ocrx_word' id='word_1_607' title='bbox 3143 2439 3223 2506; x_wconf 83' lang='grc' dir='ltr'>τῷ</span> <span class='ocrx_word' id='word_1_608' title='bbox 3287 2437 3606 2508; x_wconf 73' lang='grc' dir='ltr'>μεσαιτάτῳ</span> <span class='ocrx_word' id='word_1_609' title='bbox 3683 2444 3858 2503; x_wconf 70' lang='grc' dir='ltr'>στῆναι</span> 
     </span>
    </p>
   </div>
   <div class='ocr_carea' id='block_1_87' title="bbox 2207 2520 3864 2599">
    <p class='ocr_par' dir='ltr' id='par_1_87' title="bbox 2207 2520 3864 2599">
     <span class='ocr_line' id='line_1_88' title="bbox 2207 2520 3864 2599; baseline 0.001 -21"><span class='ocrx_word' id='word_1_610' title='bbox 2207 2531 2307 2592; x_wconf 77' lang='grc' dir='ltr'><strong>τῆς</strong></span> <span class='ocrx_word' id='word_1_611' title='bbox 2335 2525 2453 2598; x_wconf 72' lang='grc' dir='ltr'>γῆς·</span> <span class='ocrx_word' id='word_1_612' title='bbox 2505 2522 2555 2577; x_wconf 87' lang='grc' dir='ltr'><strong>ἐν</strong></span> <span class='ocrx_word' id='word_1_613' title='bbox 2605 2523 2764 2577; x_wconf 87' lang='grc' dir='ltr'>παντὶ</span> <span class='ocrx_word' id='word_1_614' title='bbox 2819 2520 2876 2577; x_wconf 73' lang='grc' dir='ltr'><strong>δὲ</strong></span> <span class='ocrx_word' id='word_1_615' title='bbox 2932 2523 3080 2599; x_wconf 84' lang='grc' dir='ltr'>μέρει</span> <span class='ocrx_word' id='word_1_616' title='bbox 3127 2530 3227 2592; x_wconf 78' lang='grc' dir='ltr'><strong>τῆς</strong></span> <span class='ocrx_word' id='word_1_617' title='bbox 3257 2531 3364 2597; x_wconf 77' lang='grc' dir='ltr'><strong>γῆς</strong></span> <span class='ocrx_word' id='word_1_618' title='bbox 3394 2521 3688 2599; x_wconf 84' lang='grc' dir='ltr'>ὡρολόγια</span> <span class='ocrx_word' id='word_1_619' title='bbox 3718 2547 3864 2579; x_wconf 81' lang='grc' dir='ltr'>κατα-</span> 
     </span>
    </p>
   </div>
   <div class='ocr_carea' id='block_1_88' title="bbox 2210 2609 3860 2687">
    <p class='ocr_par' dir='ltr' id='par_1_88' title="bbox 2210 2609 3860 2687">
     <span class='ocr_line' id='line_1_89' title="bbox 2210 2609 3860 2687; baseline -0.002 -22"><span class='ocrx_word' id='word_1_620' title='bbox 2210 2613 2552 2679; x_wconf 74' lang='grc' dir='ltr'>σκευάζεσθαι</span> <span class='ocrx_word' id='word_1_621' title='bbox 2632 2609 2899 2665; x_wconf 71' lang='grc' dir='ltr'>δῦναταιο</span> <span class='ocrx_word' id='word_1_622' title='bbox 2962 2611 3185 2687; x_wconf 84' lang='grc' dir='ltr'>φανερὸν</span> <span class='ocrx_word' id='word_1_623' title='bbox 3261 2610 3342 2664; x_wconf 80' lang='grc' dir='ltr'><strong>ὅτι</strong></span> <span class='ocrx_word' id='word_1_624' title='bbox 3413 2611 3650 2687; x_wconf 81' lang='grc' dir='ltr'>κέντρου</span> <span class='ocrx_word' id='word_1_625' title='bbox 3713 2613 3860 2687; x_wconf 54' lang='grc' dir='ltr'>λῲί</span> 
     </span>
    </p>
   </div>
   <div class='ocr_carea' id='block_1_89' title="bbox 2210 2698 3863 2776">
    <p class='ocr_par' dir='ltr' id='par_1_89' title="bbox 2210 2698 3863 2776">
     <span class='ocr_line' id='line_1_90' title="bbox 2210 2698 3863 2776; baseline 0.002 -22"><span class='ocrx_word' id='word_1_626' title='bbox 2210 2700 2395 2776; x_wconf 80' lang='grc' dir='ltr'>ἐπέχει</span> <span class='ocrx_word' id='word_1_627' title='bbox 2451 2700 2539 2754; x_wconf 83' lang='grc' dir='ltr'><strong>καὶ</strong></span> <span class='ocrx_word' id='word_1_628' title='bbox 2593 2700 2728 2775; x_wconf 87' lang='grc' dir='ltr'>πρὸς</span> <span class='ocrx_word' id='word_1_629' title='bbox 2780 2701 2879 2768; x_wconf 86' lang='grc' dir='ltr'><strong>τὴν</strong></span> <span class='ocrx_word' id='word_1_630' title='bbox 2925 2698 3162 2768; x_wconf 77' lang='grc' dir='ltr'>ἡλιακὴν</span> <span class='ocrx_word' id='word_1_631' title='bbox 3213 2704 3439 2776; x_wconf 80' lang='grc' dir='ltr'>σφαῖραν</span> <span class='ocrx_word' id='word_1_632' title='bbox 3494 2702 3528 2769; x_wconf 82' lang='grc' dir='ltr'><strong>ἠ</strong></span> <span class='ocrx_word' id='word_1_633' title='bbox 3587 2707 3743 2756; x_wconf 75' lang='grc' dir='ltr'>πᾶσα</span> <span class='ocrx_word' id='word_1_634' title='bbox 3783 2710 3863 2776; x_wconf 75' lang='grc' dir='ltr'><strong>γῆ.</strong></span> 
     </span>
    </p>
   </div>
   <div class='ocr_carea' id='block_1_90' title="bbox 2210 2787 3863 2865">
    <p class='ocr_par' dir='ltr' id='par_1_90' title="bbox 2210 2787 3863 2865">
     <span class='ocr_line' id='line_1_91' title="bbox 2210 2787 3863 2865; baseline -0.002 -22"><span class='ocrx_word' id='word_1_635' title='bbox 2210 2796 2347 2850; x_wconf 80' lang='grc' dir='ltr'><strong>Μιᾶς</strong></span> <span class='ocrx_word' id='word_1_636' title='bbox 2405 2790 2506 2864; x_wconf 73' lang='grc' dir='ltr'><strong>γὰρ</strong></span> <span class='ocrx_word' id='word_1_637' title='bbox 2559 2789 2784 2865; x_wconf 79' lang='grc' dir='ltr'>σφαίρας</span> <span class='ocrx_word' id='word_1_638' title='bbox 2839 2787 2895 2842; x_wconf 82' lang='grc' dir='ltr'>ἓν</span> <span class='ocrx_word' id='word_1_639' title='bbox 2953 2790 3040 2842; x_wconf 80' lang='grc' dir='ltr'><strong>καὶ</strong></span> <span class='ocrx_word' id='word_1_640' title='bbox 3095 2790 3158 2843; x_wconf 87' lang='grc' dir='ltr'><strong>τὸ</strong></span> <span class='ocrx_word' id='word_1_641' title='bbox 3214 2789 3468 2862; x_wconf 88' lang='grc' dir='ltr'>κέντρον.</span> <span class='ocrx_word' id='word_1_642' title='bbox 3525 2789 3728 2851; x_wconf 66' lang='grc' dir='ltr'>Οὕτως</span> <span class='ocrx_word' id='word_1_643' title='bbox 3787 2790 3863 2843; x_wconf 65' lang='grc' dir='ltr'>οὖν</span> 
     </span>
    </p>
   </div>
   <div class='ocr_carea' id='block_1_91' title="bbox 2211 2875 3864 2953">
    <p class='ocr_par' dir='ltr' id='par_1_91' title="bbox 2211 2875 3864 2953">
     <span class='ocr_line' id='line_1_92' title="bbox 2211 2875 3864 2953; baseline 0.001 -22"><span class='ocrx_word' id='word_1_644' title='bbox 2211 2875 2399 2953; x_wconf 83' lang='grc' dir='ltr'>ἔχουσι</span> <span class='ocrx_word' id='word_1_645' title='bbox 2458 2878 2594 2952; x_wconf 88' lang='grc' dir='ltr'>πρὸς</span> <span class='ocrx_word' id='word_1_646' title='bbox 2653 2878 2748 2944; x_wconf 88' lang='grc' dir='ltr'><strong>τὴν</strong></span> <span class='ocrx_word' id='word_1_647' title='bbox 2804 2884 2907 2950; x_wconf 78' lang='grc' dir='ltr'><strong>γῆν</strong></span> <span class='ocrx_word' id='word_1_648' title='bbox 2966 2877 3017 2930; x_wconf 76' lang='lat' dir='ltr'><strong>oi</strong></span> <span class='ocrx_word' id='word_1_649' title='bbox 3068 2879 3338 2951; x_wconf 85' lang='grc' dir='ltr'>γνώμονες</span> <span class='ocrx_word' id='word_1_650' title='bbox 3395 2878 3657 2950; x_wconf 71' lang='grc' dir='ltr'>ἅπαντες,</span> <span class='ocrx_word' id='word_1_651' title='bbox 3706 2881 3782 2940; x_wconf 81' lang='grc' dir='ltr'><strong>ὡς</strong></span> <span class='ocrx_word' id='word_1_652' title='bbox 3828 2881 3864 2933; x_wconf 82' lang='grc' dir='ltr'><strong>εἰ</strong></span> 
     </span>
    </p>
   </div>
   <div class='ocr_carea' id='block_1_92' title="bbox 2208 2964 3864 3041">
    <p class='ocr_par' dir='ltr' id='par_1_92' title="bbox 2208 2964 3864 3041">
     <span class='ocr_line' id='line_1_93' title="bbox 2208 2964 3864 3041; baseline -0.001 -21"><span class='ocrx_word' id='word_1_653' title='bbox 2208 2964 2298 3020; x_wconf 73' lang='grc' dir='ltr'><strong>καί</strong></span> <span class='ocrx_word' id='word_1_654' title='bbox 2329 2966 2406 3028; x_wconf 74' lang='grc' dir='ltr'>εἷς</span> <span class='ocrx_word' id='word_1_655' title='bbox 2435 2965 2487 3020; x_wconf 80' lang='grc' dir='ltr'>ἓν</span> <span class='ocrx_word' id='word_1_656' title='bbox 2519 2969 2652 3033; x_wconf 72' lang='grc' dir='ltr'>ἦσαν</span> <span class='ocrx_word' id='word_1_657' title='bbox 2680 2964 3011 3039; x_wconf 76' lang='grc' dir='ltr'>συνηγμένοι</span> <span class='ocrx_word' id='word_1_658' title='bbox 3042 2971 3292 3038; x_wconf 83' lang='grc' dir='ltr'>σημεῖον.</span> <span class='ocrx_word' id='word_1_659' title='bbox 3324 2967 3474 3041; x_wconf 87' lang='grc' dir='ltr'>Πρὸς</span> <span class='ocrx_word' id='word_1_660' title='bbox 3511 2968 3616 3039; x_wconf 77' lang='grc' dir='ltr'>μὶν</span> <span class='ocrx_word' id='word_1_661' title='bbox 3654 2966 3748 3022; x_wconf 71' lang='grc' dir='ltr'><strong>οὖν</strong></span> <span class='ocrx_word' id='word_1_662' title='bbox 3779 2969 3864 3035; x_wconf 73' lang='grc' dir='ltr'>τὴ.</span> 
     </span>
    </p>
   </div>
   <div class='ocr_carea' id='block_1_93' title="bbox 2208 3052 3870 3132">
    <p class='ocr_par' dir='ltr' id='par_1_93' title="bbox 2208 3052 3870 3132">
     <span class='ocr_line' id='line_1_94' title="bbox 2208 3052 3870 3132; baseline 0.001 -23"><span class='ocrx_word' id='word_1_663' title='bbox 2208 3055 2443 3124; x_wconf 72' lang='grc' dir='ltr'>ἡλιακὴν</span> <span class='ocrx_word' id='word_1_664' title='bbox 2479 3061 2702 3132; x_wconf 89' lang='grc' dir='ltr'>σφαῖραν</span> <span class='ocrx_word' id='word_1_665' title='bbox 2734 3056 2958 3127; x_wconf 86' lang='grc' dir='ltr'>κέντρου</span> <span class='ocrx_word' id='word_1_666' title='bbox 3002 3052 3164 3131; x_wconf 88' lang='grc' dir='ltr'>λόγον</span> <span class='ocrx_word' id='word_1_667' title='bbox 3218 3055 3432 3130; x_wconf 84' lang='grc' dir='ltr'>ἐπέχειν</span> <span class='ocrx_word' id='word_1_668' title='bbox 3485 3057 3593 3123; x_wconf 85' lang='grc' dir='ltr'><strong>τὴν</strong></span> <span class='ocrx_word' id='word_1_669' title='bbox 3644 3065 3770 3132; x_wconf 73' lang='grc' dir='ltr'>γῆν,</span> <span class='ocrx_word' id='word_1_670' title='bbox 3819 3058 3870 3110; x_wconf 77' lang='grc' dir='ltr'><strong>ἐκ</strong></span> 
     </span>
    </p>
   </div>
   <div class='ocr_carea' id='block_1_94' title="bbox 2206 3141 3874 3218">
    <p class='ocr_par' dir='ltr' id='par_1_94' title="bbox 2206 3141 3874 3218">
     <span class='ocr_line' id='line_1_95' title="bbox 2206 3141 3874 3218; baseline 0.001 -20"><span class='ocrx_word' id='word_1_671' title='bbox 2206 3148 2312 3198; x_wconf 80' lang='grc' dir='ltr'><strong>τῶν</strong></span> <span class='ocrx_word' id='word_1_672' title='bbox 2371 3143 2672 3218; x_wconf 79' lang='grc' dir='ltr'>εἰρημένων</span> <span class='ocrx_word' id='word_1_673' title='bbox 2723 3141 3050 3214; x_wconf 82' lang='grc' dir='ltr'>δεδήλωται,</span> <span class='ocrx_word' id='word_1_674' title='bbox 3115 3144 3689 3217; x_wconf 83' lang='grc' dir='ltr'>προσυπακουομένου</span> <span class='ocrx_word' id='word_1_675' title='bbox 3748 3168 3874 3200; x_wconf 58' lang='lat'><strong>1:2:-</strong></span> 
     </span>
    </p>
   </div>
   <div class='ocr_carea' id='block_1_95' title="bbox 2208 3229 2999 3308">
    <p class='ocr_par' dir='ltr' id='par_1_95' title="bbox 2208 3229 2999 3308">
     <span class='ocr_line' id='line_1_96' title="bbox 2208 3229 2999 3308; baseline 0.001 -22"><span class='ocrx_word' id='word_1_676' title='bbox 2208 3236 2382 3307; x_wconf 85' lang='grc' dir='ltr'>ταχοῦ</span> <span class='ocrx_word' id='word_1_677' title='bbox 2411 3236 2528 3301; x_wconf 90' lang='grc' dir='ltr'>τοῦ,</span> <span class='ocrx_word' id='word_1_678' title='bbox 2561 3232 2697 3308; x_wconf 88' lang='grc' dir='ltr'>πρὸς</span> <span class='ocrx_word' id='word_1_679' title='bbox 2727 3229 2999 3300; x_wconf 71' lang='grc' dir='ltr'>αἴσθησιν.</span> 
     </span>
    </p>
   </div>
   <div class='ocr_carea' id='block_1_96' title="bbox 2286 3406 3874 3487">
    <p class='ocr_par' dir='ltr' id='par_1_96' title="bbox 2286 3406 3874 3487">
     <span class='ocr_line' id='line_1_97' title="bbox 2286 3406 3874 3487; baseline -0.001 -23"><span class='ocrx_word' id='word_1_680' title='bbox 2286 3415 2348 3471; x_wconf 81' lang='grc' dir='ltr'><strong>ς’.</strong></span> <span class='ocrx_word' id='word_1_681' title='bbox 2401 3409 2544 3481; x_wconf 86' lang='grc' dir='ltr'>Πρὸς</span> <span class='ocrx_word' id='word_1_682' title='bbox 2594 3406 2651 3462; x_wconf 73' lang='grc' dir='ltr'><strong>δὲ</strong></span> <span class='ocrx_word' id='word_1_683' title='bbox 2696 3409 2795 3477; x_wconf 83' lang='grc' dir='ltr'><strong>τὴν</strong></span> <span class='ocrx_word' id='word_1_684' title='bbox 2847 3412 2943 3477; x_wconf 79' lang='grc' dir='ltr'><strong>τὴς</strong></span> <span class='ocrx_word' id='word_1_685' title='bbox 2989 3407 3226 3478; x_wconf 89' lang='grc' dir='ltr'>σελήνης</span> <span class='ocrx_word' id='word_1_686' title='bbox 3285 3414 3515 3487; x_wconf 87' lang='grc' dir='ltr'>σφαῖραν</span> <span class='ocrx_word' id='word_1_687' title='bbox 3573 3413 3660 3483; x_wconf 80' lang='grc' dir='ltr'><strong>μὴ</strong></span> <span class='ocrx_word' id='word_1_688' title='bbox 3720 3413 3874 3486; x_wconf 66' lang='grc' dir='ltr'>λόγον</span> 
     </span>
    </p>
   </div>
   <div class='ocr_carea' id='block_1_97' title="bbox 2215 3496 3880 3573">
    <p class='ocr_par' dir='ltr' id='par_1_97' title="bbox 2215 3496 3880 3573">
     <span class='ocr_line' id='line_1_98' title="bbox 2215 3496 3880 3573; baseline -0.002 -23"><span class='ocrx_word' id='word_1_689' title='bbox 2215 3497 2428 3572; x_wconf 83' lang='grc' dir='ltr'>ἐπέχειν</span> <span class='ocrx_word' id='word_1_690' title='bbox 2490 3497 2718 3568; x_wconf 85' lang='grc' dir='ltr'>σημείου</span> <span class='ocrx_word' id='word_1_691' title='bbox 2763 3499 2862 3566; x_wconf 89' lang='grc' dir='ltr'><strong>τὴν</strong></span> <span class='ocrx_word' id='word_1_692' title='bbox 2919 3504 3019 3572; x_wconf 80' lang='grc' dir='ltr'><strong>γῆν</strong></span> <span class='ocrx_word' id='word_1_693' title='bbox 3082 3497 3224 3552; x_wconf 70' lang='grc' dir='ltr'>οὕτω</span> <span class='ocrx_word' id='word_1_694' title='bbox 3272 3496 3567 3554; x_wconf 84' lang='grc' dir='ltr'>δείκνυται.</span> <span class='ocrx_word' id='word_1_695' title='bbox 3629 3502 3708 3554; x_wconf 73' lang='grc' dir='ltr'><strong>Τὰ</strong></span> <span class='ocrx_word' id='word_1_696' title='bbox 3759 3501 3880 3573; x_wconf 61' lang='grc' dir='ltr'>πρὸς</span> 
     </span>
    </p>
   </div>
   <div class='ocr_carea' id='block_1_98' title="bbox 2213 3583 3883 3667">
    <p class='ocr_par' dir='ltr' id='par_1_98' title="bbox 2213 3583 3883 3667">
     <span class='ocr_line' id='line_1_99' title="bbox 2213 3583 3883 3667; baseline 0.001 -27"><span class='ocrx_word' id='word_1_697' title='bbox 2213 3585 2342 3647; x_wconf 80' lang='grc' dir='ltr'>τοὺς</span> <span class='ocrx_word' id='word_1_698' title='bbox 2375 3585 2600 3658; x_wconf 85' lang='grc' dir='ltr'>ἀστέρας</span> <span class='ocrx_word' id='word_1_699' title='bbox 2649 3583 2990 3658; x_wconf 81' lang='grc' dir='ltr'>διαοτήματα</span> <span class='ocrx_word' id='word_1_700' title='bbox 3035 3593 3134 3654; x_wconf 86' lang='grc' dir='ltr'><strong>τῆς</strong></span> <span class='ocrx_word' id='word_1_701' title='bbox 3183 3584 3422 3656; x_wconf 90' lang='grc' dir='ltr'>σελήνης</span> <span class='ocrx_word' id='word_1_702' title='bbox 3473 3587 3579 3642; x_wconf 76' lang='grc' dir='ltr'><strong>οῦκ</strong></span> <span class='ocrx_word' id='word_1_703' title='bbox 3637 3587 3731 3643; x_wconf 62' lang='grc' dir='ltr'>ἴσα</span> <span class='ocrx_word' id='word_1_704' title='bbox 3778 3590 3883 3667; x_wconf 74' lang='grc' dir='ltr'>φαί-</span> 
     </span>
    </p>
   </div>
   <div class='ocr_carea' id='block_1_99' title="bbox 2219 3672 3880 3751">
    <p class='ocr_par' dir='ltr' id='par_1_99' title="bbox 2219 3672 3880 3751">
     <span class='ocr_line' id='line_1_100' title="bbox 2219 3672 3880 3751; baseline 0.001 -24"><span class='ocrx_word' id='word_1_705' title='bbox 2219 3696 2365 3728; x_wconf 90' lang='grc' dir='ltr'>νεται</span> <span class='ocrx_word' id='word_1_706' title='bbox 2423 3675 2559 3728; x_wconf 78' lang='grc' dir='ltr'>κατὰ</span> <span class='ocrx_word' id='word_1_707' title='bbox 2613 3681 2716 3728; x_wconf 79' lang='grc' dir='ltr'><strong>πᾶν</strong></span> <span class='ocrx_word' id='word_1_708' title='bbox 2766 3673 2942 3747; x_wconf 86' lang='grc' dir='ltr'>κλίμα</span> <span class='ocrx_word' id='word_1_709' title='bbox 2995 3677 3094 3743; x_wconf 73' lang='grc' dir='ltr'><strong>τῆς</strong></span> <span class='ocrx_word' id='word_1_710' title='bbox 3159 3682 3260 3750; x_wconf 82' lang='grc' dir='ltr'><strong>γῆς</strong></span> <span class='ocrx_word' id='word_1_711' title='bbox 3296 3719 3310 3745; x_wconf 96' lang='grc'><strong>,</strong></span> <span class='ocrx_word' id='word_1_712' title='bbox 3376 3672 3526 3729; x_wconf 74' lang='grc' dir='ltr'>ἀλλὰ</span> <span class='ocrx_word' id='word_1_713' title='bbox 3587 3680 3747 3751; x_wconf 76' lang='grc' dir='ltr'>παρᾶ</span> 
     </span>
    </p>
   </div>
   <div class='ocr_carea' id='block_1_100' title="bbox 2217 3760 3881 3839">
    <p class='ocr_par' dir='ltr' id='par_1_100' title="bbox 2217 3760 3881 3839">
     <span class='ocr_line' id='line_1_101' title="bbox 2217 3760 3881 3839; baseline 0.001 -21"><span class='ocrx_word' id='word_1_714' title='bbox 2217 3768 2335 3824; x_wconf 91' lang='grc' dir='ltr'>τοῖς</span> <span class='ocrx_word' id='word_1_715' title='bbox 2388 3763 2578 3835; x_wconf 83' lang='grc' dir='ltr'>μείζω,</span> <span class='ocrx_word' id='word_1_716' title='bbox 2622 3765 2768 3839; x_wconf 77' lang='grc' dir='ltr'>παρὰ</span> <span class='ocrx_word' id='word_1_717' title='bbox 2818 3760 2875 3817; x_wconf 78' lang='grc' dir='ltr'>δὲ</span> <span class='ocrx_word' id='word_1_718' title='bbox 2927 3769 3044 3825; x_wconf 85' lang='grc' dir='ltr'>τοῖς</span> <span class='ocrx_word' id='word_1_719' title='bbox 3100 3762 3328 3819; x_wconf 79' lang='grc' dir='ltr'>ἐλάττω.</span> <span class='ocrx_word' id='word_1_720' title='bbox 3381 3769 3553 3818; x_wconf 85' lang='grc' dir='ltr'>Τοῦτο</span> <span class='ocrx_word' id='word_1_721' title='bbox 3607 3763 3661 3819; x_wconf 75' lang='grc' dir='ltr'><strong>δ’</strong></span> <span class='ocrx_word' id='word_1_722' title='bbox 3709 3768 3808 3821; x_wconf 69' lang='grc' dir='ltr'>οὐκ</span> <span class='ocrx_word' id='word_1_723' title='bbox 3835 3767 3881 3820; x_wconf 65' lang='lat' dir='ltr'><strong>‘ra</strong></span> 
     </span>
    </p>
   </div>
   <div class='ocr_carea' id='block_1_101' title="bbox 2218 3849 3876 3929">
    <p class='ocr_par' dir='ltr' id='par_1_101' title="bbox 2218 3849 3876 3929">
     <span class='ocr_line' id='line_1_102' title="bbox 2218 3849 3876 3929; baseline 0.004 -24"><span class='ocrx_word' id='word_1_724' title='bbox 2218 3852 2308 3921; x_wconf 74' lang='grc' dir='ltr'><strong>ἦν,</strong></span> <span class='ocrx_word' id='word_1_725' title='bbox 2365 3856 2472 3906; x_wconf 79' lang='grc' dir='ltr'>τῶν</span> <span class='ocrx_word' id='word_1_726' title='bbox 2531 3853 2666 3927; x_wconf 87' lang='grc' dir='ltr'>πρὸς</span> <span class='ocrx_word' id='word_1_727' title='bbox 2721 3851 2784 3906; x_wconf 87' lang='grc' dir='ltr'>τὸ</span> <span class='ocrx_word' id='word_1_728' title='bbox 2843 3849 3161 3922; x_wconf 81' lang='grc' dir='ltr'>σεληνιακὸν</span> <span class='ocrx_word' id='word_1_729' title='bbox 3221 3853 3357 3926; x_wconf 80' lang='grc' dir='ltr'>ὕψος</span> <span class='ocrx_word' id='word_1_730' title='bbox 3414 3861 3876 3929; x_wconf 72' lang='grc' dir='ltr'>προσπιπτουσᾶη</span> 
     </span>
    </p>
   </div>
   <div class='ocr_carea' id='block_1_102' title="bbox 2217 3939 3876 4016">
    <p class='ocr_par' dir='ltr' id='par_1_102' title="bbox 2217 3939 3876 4016">
     <span class='ocr_line' id='line_1_103' title="bbox 2217 3939 3876 4016; baseline 0.001 -20"><span class='ocrx_word' id='word_1_731' title='bbox 2217 3941 2326 3996; x_wconf 83' lang='grc' dir='ltr'>ἀπὸ</span> <span class='ocrx_word' id='word_1_732' title='bbox 2382 3948 2480 4010; x_wconf 79' lang='grc' dir='ltr'><strong>τῆς</strong></span> <span class='ocrx_word' id='word_1_733' title='bbox 2539 3944 2640 4016; x_wconf 74' lang='grc' dir='ltr'><strong>γῆς</strong></span> <span class='ocrx_word' id='word_1_734' title='bbox 2702 3941 2916 3996; x_wconf 73' lang='grc' dir='ltr'>εὐθειῶν</span> <span class='ocrx_word' id='word_1_735' title='bbox 2989 3939 3117 3995; x_wconf 67' lang='grc' dir='ltr'>ἴσων</span> <span class='ocrx_word' id='word_1_736' title='bbox 3198 3940 3478 4011; x_wconf 83' lang='grc' dir='ltr'>ἀλλήλαις</span> <span class='ocrx_word' id='word_1_737' title='bbox 3547 3944 3736 3998; x_wconf 76' lang='grc' dir='ltr'>οὐσῶν</span> <span class='ocrx_word' id='word_1_738' title='bbox 3776 3967 3789 3979; x_wconf 91' lang='grc'><strong>·</strong></span> <span class='ocrx_word' id='word_1_739' title='bbox 3844 3945 3876 4000; x_wconf 80' lang='grc' dir='ltr'>εἶ</span> 
     </span>
    </p>
   </div>
   <div class='ocr_carea' id='block_1_103' title="bbox 2215 4028 3885 4107">
    <p class='ocr_par' dir='ltr' id='par_1_103' title="bbox 2215 4028 3885 4107">
     <span class='ocr_line' id='line_1_104' title="bbox 2215 4028 3885 4107; baseline 0.001 -21"><span class='ocrx_word' id='word_1_740' title='bbox 2215 4036 2376 4086; x_wconf 87' lang='grc' dir='ltr'>τοῦτο</span> <span class='ocrx_word' id='word_1_741' title='bbox 2419 4032 2545 4107; x_wconf 74' lang='grc' dir='ltr'>γὰρ,</span> <span class='ocrx_word' id='word_1_742' title='bbox 2579 4028 2648 4084; x_wconf 68' lang='grc' dir='ltr'><strong>ἴσ⁸</strong></span> <span class='ocrx_word' id='word_1_743' title='bbox 2678 4030 2735 4084; x_wconf 80' lang='grc' dir='ltr'><strong>ἂν</strong></span> <span class='ocrx_word' id='word_1_744' title='bbox 2784 4028 3064 4101; x_wconf 80' lang='grc' dir='ltr'>ἀλλήλοις</span> <span class='ocrx_word' id='word_1_745' title='bbox 3114 4029 3355 4107; x_wconf 82' lang='grc' dir='ltr'>ἐφαίνετο</span> <span class='ocrx_word' id='word_1_746' title='bbox 3406 4031 3500 4085; x_wconf 81' lang='grc' dir='ltr'><strong>καὶ</strong></span> <span class='ocrx_word' id='word_1_747' title='bbox 3550 4034 3629 4087; x_wconf 77' lang='grc' dir='ltr'><strong>τὰ</strong></span> <span class='ocrx_word' id='word_1_748' title='bbox 3679 4031 3885 4103; x_wconf 76' lang='grc' dir='ltr'>διαστήο</span> 
     </span>
    </p>
   </div>
   <div class='ocr_carea' id='block_1_104' title="bbox 2225 4141 2384 4194">
    <p class='ocr_par' dir='ltr' id='par_1_104' title="bbox 2225 4141 2384 4194">
     <span class='ocr_line' id='line_1_105' title="bbox 2225 4141 2384 4194; baseline 0.013 -21"><span class='ocrx_word' id='word_1_749' title='bbox 2225 4141 2384 4194; x_wconf 88' lang='grc' dir='ltr'>ματα.</span> 
     </span>
    </p>
   </div>
   <div class='ocr_carea' id='block_1_105' title="bbox 2294 4205 3876 4286">
    <p class='ocr_par' dir='ltr' id='par_1_105' title="bbox 2294 4205 3876 4286">
     <span class='ocr_line' id='line_1_106' title="bbox 2294 4205 3876 4286; baseline -0.002 -22"><span class='ocrx_word' id='word_1_750' title='bbox 2294 4211 2353 4276; x_wconf 86' lang='grc' dir='ltr'><strong>ζ’.</strong></span> <span class='ocrx_word' id='word_1_751' title='bbox 2403 4207 2501 4262; x_wconf 85' lang='grc' dir='ltr'><strong>Καὶ</strong></span> <span class='ocrx_word' id='word_1_752' title='bbox 2551 4209 2586 4276; x_wconf 78' lang='grc' dir='ltr'>ἠ</span> <span class='ocrx_word' id='word_1_753' title='bbox 2630 4213 2727 4262; x_wconf 88' lang='grc' dir='ltr'><strong>τοῦ</strong></span> <span class='ocrx_word' id='word_1_754' title='bbox 2780 4207 2945 4277; x_wconf 78' lang='grc' dir='ltr'>ἡλίου</span> <span class='ocrx_word' id='word_1_755' title='bbox 2994 4205 3041 4261; x_wconf 84' lang='grc' dir='ltr'><strong>δ’</strong></span> <span class='ocrx_word' id='word_1_756' title='bbox 3099 4205 3341 4282; x_wconf 77' lang='grc' dir='ltr'>ἔκλειψις</span> <span class='ocrx_word' id='word_1_757' title='bbox 3395 4210 3475 4280; x_wconf 77' lang='grc' dir='ltr'><strong>μὴ</strong></span> <span class='ocrx_word' id='word_1_758' title='bbox 3527 4214 3686 4286; x_wconf 69' lang='grc' dir='ltr'>παρὰ</span> <span class='ocrx_word' id='word_1_759' title='bbox 3735 4218 3876 4266; x_wconf 61' lang='grc' dir='ltr'>πᾶσιν</span> 
     </span>
    </p>
   </div>
   <div class='ocr_carea' id='block_1_106' title="bbox 2218 4294 3878 4376">
    <p class='ocr_par' dir='ltr' id='par_1_106' title="bbox 2218 4294 3878 4376">
     <span class='ocr_line' id='line_1_107' title="bbox 2218 4294 3878 4376; baseline -0.003 -24"><span class='ocrx_word' id='word_1_760' title='bbox 2218 4299 2252 4366; x_wconf 78' lang='grc' dir='ltr'>ἡ</span> <span class='ocrx_word' id='word_1_761' title='bbox 2285 4296 2420 4364; x_wconf 73' lang='grc' dir='ltr'>αὐτὴ</span> <span class='ocrx_word' id='word_1_762' title='bbox 2447 4297 2744 4373; x_wconf 77' lang='grc' dir='ltr'>φαινομένη</span> <span class='ocrx_word' id='word_1_763' title='bbox 2800 4301 3080 4350; x_wconf 83' lang='grc' dir='ltr'>πιστοῦται</span> <span class='ocrx_word' id='word_1_764' title='bbox 3129 4296 3220 4351; x_wconf 86' lang='grc' dir='ltr'><strong>τὸν</strong></span> <span class='ocrx_word' id='word_1_765' title='bbox 3272 4294 3462 4372; x_wconf 89' lang='grc' dir='ltr'>λόγον.</span> <span class='ocrx_word' id='word_1_766' title='bbox 3513 4299 3579 4352; x_wconf 77' lang='grc' dir='ltr'><strong>Εἰ</strong></span> <span class='ocrx_word' id='word_1_767' title='bbox 3615 4303 3723 4376; x_wconf 71' lang='grc' dir='ltr'><strong>γὰρ</strong></span> <span class='ocrx_word' id='word_1_768' title='bbox 3761 4301 3878 4375; x_wconf 60' lang='grc' dir='ltr'>πρός</span> 
     </span>
    </p>
   </div>
   <div class='ocr_carea' id='block_1_107' title="bbox 2217 4383 3874 4465">
    <p class='ocr_par' dir='ltr' id='par_1_107' title="bbox 2217 4383 3874 4465">
     <span class='ocr_line' id='line_1_108' title="bbox 2217 4383 3874 4465; baseline 0.002 -27"><span class='ocrx_word' id='word_1_769' title='bbox 2217 4386 2280 4439; x_wconf 87' lang='grc' dir='ltr'>τὸ</span> <span class='ocrx_word' id='word_1_770' title='bbox 2342 4383 2661 4455; x_wconf 81' lang='grc' dir='ltr'>σεληνιακὸν</span> <span class='ocrx_word' id='word_1_771' title='bbox 2718 4384 2851 4458; x_wconf 77' lang='grc' dir='ltr'>ὕψος</span> <span class='ocrx_word' id='word_1_772' title='bbox 2897 4386 2959 4439; x_wconf 87' lang='grc' dir='ltr'>τὸ</span> <span class='ocrx_word' id='word_1_773' title='bbox 3013 4386 3142 4439; x_wconf 77' lang='grc' dir='ltr'>αὐτὸ</span> <span class='ocrx_word' id='word_1_774' title='bbox 3201 4383 3484 4457; x_wconf 79' lang='grc' dir='ltr'>διάστημα</span> <span class='ocrx_word' id='word_1_775' title='bbox 3540 4392 3874 4465; x_wconf 69' lang='grc' dir='ltr'>πανταχὸθῇ</span> 
     </span>
    </p>
   </div>
   <div class='ocr_carea' id='block_1_108' title="bbox 2216 4473 3877 4552">
    <p class='ocr_par' dir='ltr' id='par_1_108' title="bbox 2216 4473 3877 4552">
     <span class='ocr_line' id='line_1_109' title="bbox 2216 4473 3877 4552; baseline 0.003 -26"><span class='ocrx_word' id='word_1_776' title='bbox 2216 4476 2283 4542; x_wconf 73' lang='grc' dir='ltr'><strong>ἦν</strong></span> <span class='ocrx_word' id='word_1_777' title='bbox 2346 4473 2452 4528; x_wconf 86' lang='grc' dir='ltr'><strong>ἀπὸ</strong></span> <span class='ocrx_word' id='word_1_778' title='bbox 2513 4477 2616 4548; x_wconf 74' lang='grc' dir='ltr'><strong>γῆς</strong></span> <span class='ocrx_word' id='word_1_779' title='bbox 2653 4493 2665 4504; x_wconf 92' lang='grc'><strong>·</strong></span> <span class='ocrx_word' id='word_1_780' title='bbox 2728 4473 2827 4528; x_wconf 79' lang='grc' dir='ltr'><strong>οὐκ</strong></span> <span class='ocrx_word' id='word_1_781' title='bbox 2904 4474 2962 4527; x_wconf 78' lang='grc' dir='ltr'>ἂν</span> <span class='ocrx_word' id='word_1_782' title='bbox 3036 4475 3181 4549; x_wconf 76' lang='grc' dir='ltr'>παρὰ</span> <span class='ocrx_word' id='word_1_783' title='bbox 3209 4474 3318 4529; x_wconf 85' lang='grc' dir='ltr'>τισὶ</span> <span class='ocrx_word' id='word_1_784' title='bbox 3353 4475 3449 4545; x_wconf 77' lang='grc' dir='ltr'>μὶν</span> <span class='ocrx_word' id='word_1_785' title='bbox 3495 4475 3877 4552; x_wconf 66' lang='grc' dir='ltr'>ἀνθρώποιςέ</span> 
     </span>
    </p>
   </div>
   <div class='ocr_carea' id='block_1_109' title="bbox 2219 4559 3876 4642">
    <p class='ocr_par' dir='ltr' id='par_1_109' title="bbox 2219 4559 3876 4642">
     <span class='ocr_line' id='line_1_110' title="bbox 2219 4559 3876 4642; baseline 0.003 -27"><span class='ocrx_word' id='word_1_786' title='bbox 2219 4561 2377 4630; x_wconf 74' lang='grc' dir='ltr'>ἣλιος</span> <span class='ocrx_word' id='word_1_787' title='bbox 2410 4560 2541 4623; x_wconf 83' lang='grc' dir='ltr'>ὅλος</span> <span class='ocrx_word' id='word_1_788' title='bbox 2569 4561 2836 4616; x_wconf 82' lang='grc' dir='ltr'>ἐκλείπων</span> <span class='ocrx_word' id='word_1_789' title='bbox 2872 4559 3065 4634; x_wconf 83' lang='grc' dir='ltr'>ἐδόκει,</span> <span class='ocrx_word' id='word_1_790' title='bbox 3107 4562 3251 4638; x_wconf 81' lang='grc' dir='ltr'>παρὰ</span> <span class='ocrx_word' id='word_1_791' title='bbox 3281 4561 3388 4616; x_wconf 91' lang='grc' dir='ltr'><strong>τισί</strong></span> <span class='ocrx_word' id='word_1_792' title='bbox 3438 4560 3488 4617; x_wconf 82' lang='grc' dir='ltr'><strong>δ’</strong></span> <span class='ocrx_word' id='word_1_793' title='bbox 3546 4565 3663 4642; x_wconf 77' lang='grc' dir='ltr'>οὐχ</span> <span class='ocrx_word' id='word_1_794' title='bbox 3743 4566 3876 4630; x_wconf 73' lang='grc' dir='ltr'>ὅλος,</span> 
     </span>
    </p>
   </div>
   <div class='ocr_carea' id='block_1_110' title="bbox 3552 4653 3875 4731">
    <p class='ocr_par' dir='ltr' id='par_1_110' title="bbox 3552 4653 3875 4731">
     <span class='ocr_line' id='line_1_111' title="bbox 3552 4653 3875 4731; baseline 0 -23"><span class='ocrx_word' id='word_1_795' title='bbox 3552 4654 3770 4731; x_wconf 74' lang='grc' dir='ltr'>ἑτέροις</span> <span class='ocrx_word' id='word_1_796' title='bbox 3837 4653 3875 4708; x_wconf 71' lang='grc' dir='ltr'><strong>δ’</strong></span> 
     </span>
    </p>
   </div>
   <div class='ocr_carea' id='block_1_111' title="bbox 2219 4737 3877 4821">
    <p class='ocr_par' dir='ltr' id='par_1_111' title="bbox 2219 4737 3877 4821">
     <span class='ocr_line' id='line_1_112' title="bbox 2219 4737 3877 4821; baseline 0.003 -29"><span class='ocrx_word' id='word_1_797' title='bbox 2219 4737 2348 4800; x_wconf 77' lang='grc' dir='ltr'>ὅλος</span> <span class='ocrx_word' id='word_1_798' title='bbox 2430 4741 2650 4812; x_wconf 81' lang='grc' dir='ltr'>πάμπαν</span> <span class='ocrx_word' id='word_1_799' title='bbox 2726 4739 3075 4802; x_wconf 83' lang='grc' dir='ltr'>ἀνέκλειπτος</span> <span class='ocrx_word' id='word_1_800' title='bbox 3159 4741 3274 4794; x_wconf 79' lang='grc' dir='ltr'>καθ’</span> <span class='ocrx_word' id='word_1_801' title='bbox 3348 4740 3441 4794; x_wconf 66' lang='grc' dir='ltr'><strong>ἵνα</strong></span> <span class='ocrx_word' id='word_1_802' title='bbox 3521 4746 3724 4821; x_wconf 82' lang='grc' dir='ltr'>καιρὸν</span> <span class='ocrx_word' id='word_1_803' title='bbox 3799 4745 3877 4797; x_wconf 67' lang='grc' dir='ltr'><strong>τὸν</strong></span> 
     </span>
    </p>
   </div>
   <div class='ocr_carea' id='block_1_112' title="bbox 2219 4826 2398 4883">
    <p class='ocr_par' dir='ltr' id='par_1_112' title="bbox 2219 4826 2398 4883">
     <span class='ocr_line' id='line_1_113' title="bbox 2219 4826 2398 4883; baseline 0.011 -3"><span class='ocrx_word' id='word_1_804' title='bbox 2219 4826 2398 4883; x_wconf 81' lang='grc' dir='ltr'>αὐτόν.</span> 
     </span>
    </p>
   </div>
   <div class='ocr_carea' id='block_1_113' title="bbox 2291 4913 3874 4999">
    <p class='ocr_par' dir='ltr' id='par_1_113' title="bbox 2291 4913 3874 4999">
     <span class='ocr_line' id='line_1_114' title="bbox 2291 4913 3874 4999; baseline -0.004 -29"><span class='ocrx_word' id='word_1_805' title='bbox 2291 4917 2456 4991; x_wconf 76' lang='grc' dir='ltr'>η’-ιγ’.</span> <span class='ocrx_word' id='word_1_806' title='bbox 2490 4917 2662 4971; x_wconf 83' lang='grc' dir='ltr'>Ἔνιοι</span> <span class='ocrx_word' id='word_1_807' title='bbox 2708 4913 2764 4972; x_wconf 80' lang='grc' dir='ltr'><strong>δέ</strong></span> <span class='ocrx_word' id='word_1_808' title='bbox 2813 4937 2938 4994; x_wconf 88' lang='grc' dir='ltr'>φασι</span> <span class='ocrx_word' id='word_1_809' title='bbox 2993 4914 3132 4990; x_wconf 77' lang='grc' dir='ltr'>μηδὲ</span> <span class='ocrx_word' id='word_1_810' title='bbox 3162 4918 3296 4994; x_wconf 81' lang='grc' dir='ltr'>πρὸς</span> <span class='ocrx_word' id='word_1_811' title='bbox 3325 4917 3486 4974; x_wconf 74' lang='grc' dir='ltr'>αὐτὸν</span> <span class='ocrx_word' id='word_1_812' title='bbox 3528 4922 3628 4976; x_wconf 79' lang='grc' dir='ltr'><strong>τὸν</strong></span> <span class='ocrx_word' id='word_1_813' title='bbox 3667 4922 3874 4999; x_wconf 67' lang='grc' dir='ltr'>δρώμε.</span> 
     </span>
    </p>
   </div>
   <div class='ocr_carea' id='block_1_114' title="bbox 2224 5005 3877 5087">
    <p class='ocr_par' dir='ltr' id='par_1_114' title="bbox 2224 5005 3877 5087">
     <span class='ocr_line' id='line_1_115' title="bbox 2224 5005 3877 5087; baseline 0.001 -28"><span class='ocrx_word' id='word_1_814' title='bbox 2224 5027 2315 5060; x_wconf 91' lang='grc' dir='ltr'><strong>νον</strong></span> <span class='ocrx_word' id='word_1_815' title='bbox 2377 5005 2600 5079; x_wconf 79' lang='grc' dir='ltr'>οὐρανὸν</span> <span class='ocrx_word' id='word_1_816' title='bbox 2658 5006 2887 5078; x_wconf 84' lang='grc' dir='ltr'>σημείου</span> <span class='ocrx_word' id='word_1_817' title='bbox 2947 5005 3113 5081; x_wconf 90' lang='grc' dir='ltr'>λόγον</span> <span class='ocrx_word' id='word_1_818' title='bbox 3175 5005 3388 5082; x_wconf 84' lang='grc' dir='ltr'>ἐπέχειν</span> <span class='ocrx_word' id='word_1_819' title='bbox 3439 5012 3542 5078; x_wconf 83' lang='grc' dir='ltr'><strong>τὴν</strong></span> <span class='ocrx_word' id='word_1_820' title='bbox 3608 5018 3742 5087; x_wconf 78' lang='grc' dir='ltr'>γῆν·</span> <span class='ocrx_word' id='word_1_821' title='bbox 3801 5010 3877 5064; x_wconf 66' lang='grc' dir='ltr'>καῖ</span> 
     </span>
    </p>
   </div>
   <div class='ocr_carea' id='block_1_115' title="bbox 2219 5091 3879 5174">
    <p class='ocr_par' dir='ltr' id='par_1_115' title="bbox 2219 5091 3879 5174">
     <span class='ocr_line' id='line_1_116' title="bbox 2219 5091 3879 5174; baseline 0.002 -25"><span class='ocrx_word' id='word_1_822' title='bbox 2219 5100 2532 5149; x_wconf 76' lang='grc' dir='ltr'>πιστοῦνται</span> <span class='ocrx_word' id='word_1_823' title='bbox 2586 5091 2742 5163; x_wconf 79' lang='grc' dir='ltr'>δῆθεν</span> <span class='ocrx_word' id='word_1_824' title='bbox 2788 5096 2887 5164; x_wconf 84' lang='grc' dir='ltr'><strong>τὴν</strong></span> <span class='ocrx_word' id='word_1_825' title='bbox 2944 5092 3180 5150; x_wconf 76' lang='grc' dir='ltr'>ἔνστασιν</span> <span class='ocrx_word' id='word_1_826' title='bbox 3233 5095 3292 5150; x_wconf 82' lang='grc' dir='ltr'><strong>ἐκ</strong></span> <span class='ocrx_word' id='word_1_827' title='bbox 3340 5101 3437 5150; x_wconf 86' lang='grc' dir='ltr'><strong>τοῦ</strong></span> <span class='ocrx_word' id='word_1_828' title='bbox 3485 5100 3589 5166; x_wconf 84' lang='grc' dir='ltr'><strong>τὴν</strong></span> <span class='ocrx_word' id='word_1_829' title='bbox 3648 5098 3774 5174; x_wconf 72' lang='grc' dir='ltr'>ὄψιν</span> <span class='ocrx_word' id='word_1_830' title='bbox 3817 5100 3879 5158; x_wconf 77' lang='grc' dir='ltr'>εἰς</span> 
     </span>
    </p>
   </div>
   <div class='ocr_carea' id='block_1_116' title="bbox 2222 5182 3877 5264">
    <p class='ocr_par' dir='ltr' id='par_1_116' title="bbox 2222 5182 3877 5264">
     <span class='ocr_line' id='line_1_117' title="bbox 2222 5182 3877 5264; baseline 0.009 -34"><span class='ocrx_word' id='word_1_831' title='bbox 2222 5184 2354 5257; x_wconf 71' lang='grc' dir='ltr'>ὕψος</span> <span class='ocrx_word' id='word_1_832' title='bbox 2389 5183 2734 5258; x_wconf 79' lang='grc' dir='ltr'>ἐξαιρομένην</span> <span class='ocrx_word' id='word_1_833' title='bbox 2769 5183 2896 5259; x_wconf 78' lang='grc' dir='ltr'>ὀρᾷν</span> <span class='ocrx_word' id='word_1_834' title='bbox 2928 5185 2994 5238; x_wconf 77' lang='grc' dir='ltr'>τὰ</span> <span class='ocrx_word' id='word_1_835' title='bbox 3044 5183 3094 5236; x_wconf 84' lang='grc' dir='ltr'><strong>ἐν</strong></span> <span class='ocrx_word' id='word_1_836' title='bbox 3142 5182 3419 5247; x_wconf 80' lang='grc' dir='ltr'>ἐπιπέδοις</span> <span class='ocrx_word' id='word_1_837' title='bbox 3466 5186 3579 5263; x_wconf 68' lang='grc' dir='ltr'><strong>οὐχ</strong></span> <span class='ocrx_word' id='word_1_838' title='bbox 3615 5189 3877 5264; x_wconf 63' lang='grc' dir='ltr'>ὁρώμενα,</span> 
     </span>
    </p>
   </div>
   <div class='ocr_carea' id='block_1_117' title="bbox 2221 5271 3876 5348">
    <p class='ocr_par' dir='ltr' id='par_1_117' title="bbox 2221 5271 3876 5348">
     <span class='ocr_line' id='line_1_118' title="bbox 2221 5271 3876 5348; baseline 0.002 -22"><span class='ocrx_word' id='word_1_839' title='bbox 2221 5274 2570 5348; x_wconf 86' lang='grc' dir='ltr'>κεκρυμμένα</span> <span class='ocrx_word' id='word_1_840' title='bbox 2626 5271 2672 5326; x_wconf 85' lang='grc' dir='ltr'>δ’</span> <span class='ocrx_word' id='word_1_841' title='bbox 2745 5273 2848 5326; x_wconf 85' lang='grc' dir='ltr'>ὑπὸ</span> <span class='ocrx_word' id='word_1_842' title='bbox 2897 5273 2988 5326; x_wconf 88' lang='grc' dir='ltr'>τὸν</span> <span class='ocrx_word' id='word_1_843' title='bbox 3043 5273 3294 5347; x_wconf 80' lang='grc' dir='ltr'>ὁρίζοντα</span> <span class='ocrx_word' id='word_1_844' title='bbox 3328 5293 3341 5305; x_wconf 88' lang='grc'><strong>·</strong></span> <span class='ocrx_word' id='word_1_845' title='bbox 3402 5274 3694 5334; x_wconf 80' lang='grc' dir='ltr'>κάντεῦθεν</span> <span class='ocrx_word' id='word_1_846' title='bbox 3747 5279 3876 5334; x_wconf 70' lang='grc' dir='ltr'>ἐτι-</span> 
     </span>
    </p>
   </div>
   <div class='ocr_carea' id='block_1_118' title="bbox 2224 5361 3876 5440">
    <p class='ocr_par' dir='ltr' id='par_1_118' title="bbox 2224 5361 3876 5440">
     <span class='ocr_line' id='line_1_119' title="bbox 2224 5361 3876 5440; baseline 0.002 -25"><span class='ocrx_word' id='word_1_847' title='bbox 2224 5362 2500 5438; x_wconf 83' lang='grc' dir='ltr'>φέρουσιν,</span> <span class='ocrx_word' id='word_1_848' title='bbox 2557 5361 2655 5416; x_wconf 87' lang='grc' dir='ltr'>οὐκ</span> <span class='ocrx_word' id='word_1_849' title='bbox 2702 5361 2807 5416; x_wconf 85' lang='grc' dir='ltr'>ἀπὸ</span> <span class='ocrx_word' id='word_1_850' title='bbox 2856 5363 3055 5424; x_wconf 85' lang='grc' dir='ltr'>παντὸς</span> <span class='ocrx_word' id='word_1_851' title='bbox 3104 5361 3302 5438; x_wconf 87' lang='grc' dir='ltr'>μέρους</span> <span class='ocrx_word' id='word_1_852' title='bbox 3348 5371 3452 5432; x_wconf 76' lang='grc' dir='ltr'><strong>τῆς</strong></span> <span class='ocrx_word' id='word_1_853' title='bbox 3509 5373 3619 5440; x_wconf 74' lang='grc' dir='ltr'>γῆς</span> <span class='ocrx_word' id='word_1_854' title='bbox 3670 5369 3745 5429; x_wconf 79' lang='grc' dir='ltr'>εἷς</span> <span class='ocrx_word' id='word_1_855' title='bbox 3802 5367 3876 5420; x_wconf 68' lang='grc' dir='ltr'>ἴσα</span> 
     </span>
    </p>
   </div>
   <div class='ocr_carea' id='block_1_119' title="bbox 2225 5448 3871 5533">
    <p class='ocr_par' dir='ltr' id='par_1_119' title="bbox 2225 5448 3871 5533">
     <span class='ocr_line' id='line_1_120' title="bbox 2225 5448 3871 5533; baseline 0.004 -29"><span class='ocrx_word' id='word_1_856' title='bbox 2225 5448 2544 5526; x_wconf 77' lang='grc' dir='ltr'>διαιρεῖσθαι</span> <span class='ocrx_word' id='word_1_857' title='bbox 2591 5450 2682 5505; x_wconf 89' lang='grc' dir='ltr'>τὸν</span> <span class='ocrx_word' id='word_1_858' title='bbox 2735 5450 2981 5526; x_wconf 79' lang='grc' dir='ltr'>οὐρανὸν,</span> <span class='ocrx_word' id='word_1_859' title='bbox 3031 5449 3122 5505; x_wconf 84' lang='grc' dir='ltr'>καί</span> <span class='ocrx_word' id='word_1_860' title='bbox 3171 5448 3259 5505; x_wconf 77' lang='grc' dir='ltr'>διὰ</span> <span class='ocrx_word' id='word_1_861' title='bbox 3300 5455 3463 5508; x_wconf 85' lang='grc' dir='ltr'>τοῦτο</span> <span class='ocrx_word' id='word_1_862' title='bbox 3533 5457 3677 5533; x_wconf 85' lang='grc' dir='ltr'>πρὸς</span> <span class='ocrx_word' id='word_1_863' title='bbox 3727 5456 3871 5511; x_wconf 72' lang='grc' dir='ltr'>αὐτὸν</span> 
     </span>
    </p>
   </div>
   <div class='ocr_carea' id='block_1_120' title="bbox 2229 5537 3872 5615">
    <p class='ocr_par' dir='ltr' id='par_1_120' title="bbox 2229 5537 3872 5615">
     <span class='ocr_line' id='line_1_121' title="bbox 2229 5537 3872 5615; baseline 0.001 -20"><span class='ocrx_word' id='word_1_864' title='bbox 2229 5541 2303 5612; x_wconf 87' lang='grc' dir='ltr'><strong>μὴ</strong></span> <span class='ocrx_word' id='word_1_865' title='bbox 2351 5540 2570 5614; x_wconf 89' lang='grc' dir='ltr'>κέντρου</span> <span class='ocrx_word' id='word_1_866' title='bbox 2625 5537 2790 5614; x_wconf 86' lang='grc' dir='ltr'>λόγον</span> <span class='ocrx_word' id='word_1_867' title='bbox 2844 5538 3058 5615; x_wconf 84' lang='grc' dir='ltr'>ἐπέχειν</span> <span class='ocrx_word' id='word_1_868' title='bbox 3107 5540 3206 5608; x_wconf 87' lang='grc' dir='ltr'><strong>τὴν</strong></span> <span class='ocrx_word' id='word_1_869' title='bbox 3257 5547 3384 5615; x_wconf 79' lang='grc' dir='ltr'>γῆν.</span> <span class='ocrx_word' id='word_1_870' title='bbox 3433 5542 3598 5600; x_wconf 81' lang='grc' dir='ltr'>Ἀλλ’</span> <span class='ocrx_word' id='word_1_871' title='bbox 3650 5545 3802 5606; x_wconf 80' lang='grc' dir='ltr'>οὗτος</span> <span class='ocrx_word' id='word_1_872' title='bbox 3848 5544 3872 5596; x_wconf 72' lang='grc' dir='ltr'>ὁ</span> 
     </span>
    </p>
   </div>
   <div class='ocr_carea' id='block_1_121' title="bbox 2731 5684 3869 5754">
    <p class='ocr_par' dir='ltr' id='par_1_121' title="bbox 2731 5684 3869 5754">
     <span class='ocr_line' id='line_1_122' title="bbox 2731 5684 3869 5754; baseline -0.001 -13"><span class='ocrx_word' id='word_1_873' title='bbox 2731 5685 2777 5719; x_wconf 78' lang='grc'><strong>⁹²</strong></span> <span class='ocrx_word' id='word_1_874' title='bbox 2832 5684 3044 5742; x_wconf 89' lang='lat' dir='ltr'><strong>Cleom.</strong></span> <span class='ocrx_word' id='word_1_875' title='bbox 3098 5685 3135 5740; x_wconf 91' lang='lat' dir='ltr'><strong>l.</strong></span> <span class='ocrx_word' id='word_1_876' title='bbox 3197 5701 3238 5754; x_wconf 82' lang='grc' dir='ltr'><strong>ι,</strong></span> <span class='ocrx_word' id='word_1_877' title='bbox 3288 5701 3337 5743; x_wconf 93' lang='lat' dir='ltr'><strong>c.</strong></span> <span class='ocrx_word' id='word_1_878' title='bbox 3390 5686 3482 5743; x_wconf 83' lang='grc' dir='ltr'><strong>Η.</strong></span> <span class='ocrx_word' id='word_1_879' title='bbox 3593 5691 3639 5726; x_wconf 76' lang='grc'><strong>⁸³</strong></span> <span class='ocrx_word' id='word_1_880' title='bbox 3663 5690 3869 5746; x_wconf 89' lang='lat' dir='ltr'><strong>Cleom.</strong></span> 
     </span>
    </p>
   </div>
  </div>
