3988 6416
190 499 195 506 .
231 456 390 519 1273

1573 454 1920 520 ΕΡῙΤΟΜΕ
1964 452 2325 518 PHYSICA.

3477 449 3635 512 1274

237 587 408 666 λόγος
460 588 573 646 τότ’
606 588 665 646 ἂν
700 590 844 667 εἶχεν
880 587 1062 667 ἰσχὺν,
1093 589 1216 646 ὅταν
1269 589 1328 646 ἐκ
1371 595 1476 646 τῶν
1538 588 1736 645 πεδίων
1794 586 1876 644 καί

1993 589 2174 645 robur
2233 581 2491 660 haberet,
2541 586 2591 644 si
2650 604 2720 644 ex
2768 557 3112 661 camporum
3169 583 3520 659 planitiebus
3574 589 3634 642 et

228 682 328 748 τῆς
383 677 660 750 θαλάσσης
719 681 824 754 οὐχ
892 681 1097 756 ἑωρᾶτο
1154 681 1214 734 τὸ
1272 680 1630 753 ἡμικόσμιον.
1667 684 1770 734 Τοῦ
1821 678 1879 732 δὲ

228 775 328 838 τῆς
398 763 574 841 ὅψεως
632 767 708 829 εἷς
771 768 904 842 ὕψος
965 767 1317 844 ἐξαιρομένης
1379 768 1655 846 φαίνεσθαι
1709 766 1874 822 πλέον

226 862 325 912 τοῦ
393 856 755 934 ἡμισφαιρίου
810 858 873 912 τὸ
922 865 1116 932 σχῆμα
1169 865 1269 927 τῆς
1320 865 1424 932 γῆς
1486 857 1622 911 ἐστιν
1683 854 1876 927 αἷίειον,

230 946 345 1000 ἐπεὶ
425 944 726 1022 σφαιρικὸν.
787 943 1219 1017 Ἀνεμποδίστως
1295 944 1385 999 οὖν
1466 947 1519 999 αἱ
1589 945 1692 998 ἀπὸ
1768 948 1875 998 τῶν

233 1032 494 1108 ὀμμάτων
529 1034 739 1095 ἀκτῖνες
773 1032 1022 1088 κύκλωσε
1077 1041 1178 1103 τῆς
1237 1042 1336 1109 γῆς
1394 1034 1651 1108 χεόμεναι
1709 1029 1875 1086 πλέον

226 1127 324 1177 τοῦ
403 1123 436 1190 ἡ
449 1121 743 1195 μικοσμίου
826 1118 1318 1198 περιλαμϐάνουσι,

227 1214 334 1264 τῶν
382 1210 669 1286 ὁριζόντων
713 1209 1042 1282 κωνοειδῶν,
1078 1209 1165 1265 διὰ
1209 1213 1270 1265 τὸ
1317 1208 1632 1288 σφαιροειδῆ
1673 1208 1876 1284 τυγχά-

227 1320 336 1354 νειν
380 1300 478 1368 τὴν
521 1302 641 1375 γῆν.
694 1296 829 1354 Οὐδὲ
876 1301 976 1375 γὰρ
1021 1298 1076 1352 α’ί
1119 1321 1178 1354 τε
1218 1301 1491 1376 φάραγγες
1551 1297 1605 1353 αἳ
1656 1319 1714 1353 τε
1770 1303 1875 1353 τῶν

232 1386 373 1462 ὀρῶν
425 1386 609 1463 ἐξοχαὶ
654 1388 717 1442 τὸ
761 1396 862 1456 τῆς
909 1396 1011 1464 γῆς
1045 1390 1326 1466 σφαιρικὸν
1355 1389 1761 1464 ἀναιρήσουσιν,
1794 1388 1875 1442 ὅτι

234 1473 363 1549 μηδ’
398 1477 452 1530 αἱ
506 1477 629 1550 περὶ
670 1476 737 1530 τὰ
785 1477 1005 1553 σφαιρία
1051 1483 1157 1532 τῶν
1207 1480 1492 1534 πλατάνων
1549 1478 1736 1553 ἐξοχαὶ
1787 1479 1877 1532 καὶ

228 1561 547 1633 κοιλότητες
622 1561 863 1633 ἐξιστῶσι
918 1568 1088 1618 ταῦτα
1148 1568 1246 1618 τοῦ
1320 1568 1627 1641 σφαιρικοῦ,
1685 1563 1875 1639 καίπερ

230 1653 383 1707 αὗται
413 1649 643 1706 πλείονα
674 1651 838 1726 λόγον
883 1651 1072 1728 ἔχουσι
1112 1653 1248 1728 πρὸς
1298 1654 1394 1715 τὰς
1449 1657 1555 1706 τῶν
1613 1653 1874 1730 σφαιρίων

233 1740 525 1812 ὑλότητας,
575 1742 611 1809 ἢ
662 1748 762 1810 τῆς
818 1745 922 1816 γῆς
980 1743 1032 1796 αἱ
1087 1737 1408 1812 κοιλότητες
1463 1741 1551 1796 καὶ
1611 1741 1877 1817 ὑπεροχαὶ

231 1831 366 1903 πρὸς
413 1830 476 1883 τὸ
528 1829 749 1904 μέγεθος
788 1831 922 1884 ἅπαν
969 1829 1161 1901 αὐτῆς.
1193 1829 1326 1886 Οὕτε
1371 1832 1475 1906 γὰρ
1507 1827 1633 1905 ὄρος
1690 1851 1876 1884 πεντε-

232 1916 454 1974 καίδεκα
483 1917 712 1974 σταδίων
743 1917 1080 1995 ὑψηλότερον
1135 1920 1269 1974 κατά
1322 1919 1544 1984 κάθετον
1597 1918 1876 1995 ἷστόρηταί

232 2029 358 2078 που,
393 2003 519 2062 οὔτε
571 2007 736 2070 τόπος
787 2007 1059 2079 θαλάσσης
1106 2010 1376 2064 τοσούτων
1430 2007 1658 2064 σταδίων
1713 2007 1880 2083 βαθύ-

228 2115 406 2170 τερος.
441 2094 506 2148 Εἰ
553 2091 611 2149 δὲ
655 2094 743 2148 καὶ
789 2095 1054 2150 πλειόνων
1107 2094 1336 2151 σταδίων
1384 2097 1518 2170 ὕψος
1573 2096 1661 2152 καὶ
1715 2095 1876 2171 βάθος

233 2182 543 2254 ὑποτεθείη,
574 2183 740 2238 πόσον
794 2179 960 2258 λόγον
1011 2181 1114 2257 ἕξει
1164 2188 1225 2240 τὸ
1275 2191 1519 2241 τοιοῦτον
1589 2186 1726 2260 πρὸς
1776 2187 1875 2254 τὴν

233 2269 521 2347 διάμετρον
554 2271 690 2342 ὅλην
723 2279 822 2341 τῆς
851 2276 952 2349 γῆς
979 2293 992 2343 ;
1025 2275 1089 2328 Εἰ
1125 2276 1199 2347 μὴ
1232 2278 1297 2344 ἦν
1331 2277 1365 2345 ἦ
1398 2282 1470 2350 γῆ
1504 2271 1874 2352 σφαιροειδὴς,

232 2365 344 2422 πῶς
395 2360 454 2415 ἂν
518 2362 843 2434 μετέπιπτον
916 2361 997 2415 ἐπ’
1058 2361 1226 2432 αὐτῆς
1286 2364 1336 2417 οἱ
1397 2365 1702 2439 ὁρίζοντες;
1759 2368 1876 2425 πῶς

229 2447 391 2504 ἄλλοι
421 2450 547 2526 παρ’
580 2448 774 2512 ἄλλοις
809 2450 1023 2524 ἀστέρες
1051 2457 1158 2505 τῶν
1201 2451 1456 2507 ἀπλανῶν
1510 2453 1643 2524 πρὸς
1697 2451 1878 2527 ἄρκτῳ

227 2538 316 2592 καὶ
371 2536 688 2615 μεσημϐρίᾳ
731 2540 1019 2615 ἑωρῶντος
1072 2544 1188 2603 πῶς
1233 2542 1295 2594 τὸ
1353 2545 1449 2595 τοῦ
1509 2540 1686 2596 πόλου
1743 2539 1875 2614 ὕψος

231 2624 486 2704 διάφορον
563 2627 615 2682 ἐν
674 2633 792 2690 τοῖς
868 2626 1149 2705 διαφόροις
1206 2632 1271 2698 ἦν
1329 2628 1600 2703 κλίμασι;
1643 2635 1758 2690 πῶς
1813 2629 1876 2683 τὸ

236 2716 461 2790 μέγεθος
522 2715 930 2791 ένηλλαγμένον
989 2722 1086 2772 τοῦ
1139 2718 1428 2792 ἀρκτικοῦ;
1479 2723 1597 2780 πῶς
1653 2721 1874 2795 ἡμερῶν

235 2805 431 2881 μεγέθη
485 2806 575 2859 καὶ
623 2810 831 2860 νυκτῶν
879 2805 1081 2880 ἑτέροις
1135 2806 1426 2884 ἐτύγχανεν
1474 2805 1662 2883 ἕτερα;
1706 2811 1880 2861 Ταῦτα

231 2892 297 2961 δὴ
346 2891 516 2948 πάντα
563 2899 878 2948 πιστοῦνται
921 2896 1022 2964 τήν
1068 2903 1171 2970 γῆν
1217 2896 1348 2950 εἶναι
1408 2893 1748 2974 σφαιροειδῆ.
1780 2897 1876 2950 Καὶ

229 2982 293 3036 τὸ
324 2978 472 3057 ὕδωρ
505 2980 562 3036 δέ
593 3004 708 3044 πως
760 2981 1094 3060 σφαιροειδὲς
1142 2984 1202 3038 ἐκ
1246 2989 1342 3039 τοῦ
1382 2985 1476 3046 τὰς
1527 2982 1740 3060 ῥανίδας
1802 2981 1877 3046 εἴς

228 3091 280 3124 τι
341 3070 486 3125 λεῖον
573 3071 947 3144 ἐμπιπτούσας
1026 3073 1407 3150 συστρέφεσθαί
1457 3095 1516 3127 τε
1573 3073 1662 3127 καὶ
1722 3093 1876 3150 σφαι-

233 3162 452 3234 ροῦσϐαι
503 3157 591 3214 καί
642 3161 867 3233 ἠρεμεῖν
917 3158 1206 3216 δείκνυται·
1265 3163 1444 3224 καθὼς
1490 3161 1541 3216 έν
1598 3167 1714 3223 τοῖς
1769 3164 1875 3215 τῶν

234 3245 486 3323 λαχάνων
543 3249 632 3304 καὶ
691 3247 923 3325 δένδρων
981 3250 1213 3328 φύλλοις
1274 3252 1504 3327 ὑπάρχει
1559 3249 1872 3328 καταφανές

1380 1121 1678 1197 γινομένων
1755 1120 1878 1174 τότε

1989 677 2136 733 mari
2168 677 2426 732 medium
2462 678 2666 732 mundi
2698 693 2812 732 non
2845 680 3224 749 spectaretur.
3242 676 3403 741 Quod
3436 679 3633 731 autem

1986 767 2112 823 visu
2146 767 2202 822 in
2254 766 2435 821 altum
2467 765 2696 821 sublato
2745 765 2877 836 plus
2916 770 3154 838 apparet
3199 764 3630 836 hemisphtsrio,

1989 856 2176 927 figura
2223 861 2390 910 terras
2422 856 2480 909 in
2529 872 2702 910 causa
2734 859 2840 921 est,
2876 854 3015 926 quia
3050 853 3352 926 sphaarica.
3384 854 3631 911 Proinde

1989 944 2134 998 radii
2191 960 2322 998 cum
2374 945 2445 998 ab
2495 943 2680 999 oculis
2730 943 2988 1014 undique
3033 943 3188 997 circa
3238 947 3452 998 terram
3505 944 3631 999 sine

1989 1032 2406 1104 impedimento
2458 1032 2871 1103 conjiciuntur,
2932 1031 3176 1086 dimidio
3227 1032 3433 1087 mundi
3495 1031 3630 1103 plus

1989 1121 2512 1192 comprehendunt,
2563 1138 2696 1176 cum
2765 1120 3094 1176 horizontes
3140 1125 3280 1175 tunc
3347 1121 3634 1177 turbinati

1989 1210 2126 1277 sint,
2153 1210 2292 1281 quia
2313 1214 2470 1265 terra
2490 1209 2832 1265 orbicularis
2853 1209 3049 1278 ﬁgurae
3072 1220 3178 1264 est.
3193 1209 3391 1280 Neque
3412 1211 3567 1265 enim
3590 1210 3636 1245 9‘

1987 1299 2075 1354 vel
2133 1298 2441 1365 convalles,
2473 1297 2560 1353 vel
2611 1298 2899 1353 montium
2933 1297 3260 1352 eminentiae
3309 1297 3634 1353 rotundita-

1987 1391 2106 1442 tem
2137 1391 2302 1441 terrae
2338 1391 2632 1454 evertent;
2669 1387 3144 1458 quandoquidem
3178 1403 3360 1455 neque
3389 1388 3447 1440 in
3480 1385 3634 1457 pilu-

1986 1475 2061 1532 lis
2112 1476 2484 1548 platonorum
2535 1475 2864 1531 eminentiae
2912 1481 2970 1531 et
3018 1475 3293 1531 cavitates
3346 1475 3632 1546 efﬁciunt,

1987 1564 2304 1636 quominus
2353 1565 2492 1636 ipsae
2521 1566 2781 1620 rotundas
2812 1565 2951 1635 sint,
2995 1581 3330 1636 quanquam
3364 1563 3449 1619 hae
3497 1581 3627 1620 ma-

1979 1655 2168 1725 jorem
2200 1653 2418 1708 habent
2448 1653 2730 1709 rationem
2762 1654 2832 1708 ad
2864 1653 3183 1726 pilularum
3215 1654 3371 1709 334
3391 1653 3628 1726 integri-

1985 1746 2184 1809 tatem,
2239 1759 2415 1814 quam
2464 1746 2629 1797 terrae
2691 1743 2967 1798 cavitates
3013 1747 3070 1798 et
3115 1741 3504 1798 exuberantia:
3554 1743 3629 1798 ad

1986 1831 2317 1886 universam
2349 1831 2537 1903 ipsius
2559 1832 3252 1904 magnitudinem.Neque
3280 1830 3436 1886 enim
3459 1847 3629 1886 mons

1908 1965 1956 2030 B
1988 1919 2322 1991 quindecim
2337 1920 2543 1976 stadiis
2556 1921 2882 1975 secundum
2896 1919 3372 1992 perpendiculum
3390 1918 3626 1988 altior”,

1989 2024 2174 2030 _-__-_-
2209 2007 2387 2030 _‘__.'-
2440 2007 2600 2030 I--___
2633 2012 2714 2030 1-1.
2748 2007 2950 2030 _L-.I£:_
2985 2009 3324 2030 ___l‘____1:__
3365 2024 3626 2030 --....---..Α

1989 2024 2178 2080 neque
2209 2007 2389 2063 maris
2439 2007 2602 2063 locus
2633 2012 2719 2064 tot
2746 2007 2952 2064 stadiis
2985 2009 3326 2080 profundior
3365 2024 3631 2080 unquam

1987 2102 2077 2153 est
2109 2098 2556 2168 proditus.Quod
2595 2097 2642 2152 si
2673 2103 2867 2153 autem
2899 2098 3075 2154 etiam
3109 2098 3367 2170 plurium
3411 2098 3631 2154 stadio-

1987 2202 2119 2241 rum
2150 2185 2394 2241 altitudo
2425 2192 2481 2242 et
2510 2187 2879 2258 profunditas
2909 2187 3212 2259 supposita
3240 2187 3626 2257 fuerit,quan-

1992 2278 2106 2329 tam
2138 2278 2195 2329 et
2224 2274 2354 2329 talis
2384 2276 2428 2309 9°
2456 2276 2527 2329 ad
2559 2279 2745 2330 totum
2778 2279 2943 2330 terrae
2973 2277 3328 2331 diametrum
3358 2275 3634 2331 habuerit

1987 2362 2317 2418 rationem?
2345 2365 2423 2418 Ac
2472 2362 2587 2418 nisi
2613 2368 2770 2418 terra
2817 2363 3164 2420 orbicularis
3211 2369 3365 2419 esset
3408 2364 3628 2436 ﬁgurae,

1988 2451 2085 2522 qui
2117 2452 2176 2506 in
2209 2451 2336 2523 ipsa
2368 2451 2698 2508 horizontes
2745 2453 3158 2508 mutarentur?
3188 2453 3287 2525 qui
3320 2453 3442 2507 alias
3474 2453 3627 2525 apud

1986 2540 2132 2596 alios
2179 2541 2302 2595 fisz
2352 2541 2529 2596 stellae
2574 2542 2646 2596 ad
2710 2543 3162 2613 septentrionem
3219 2546 3277 2598 et
3325 2542 3627 2598 meridiem

1987 2629 2506 2701 conspicerentur?
2537 2630 2636 2702 qui
2671 2629 2806 2702 "poli
2837 2630 3082 2686 altitudo
3133 2631 3192 2685 in
3231 2631 3478 2686 diversis
3525 2629 3628 2686 cli-

1988 2718 2246 2773 matibus
2295 2719 2522 2774 diversa
2551 2724 2752 2776 esset?
2781 2719 2881 2791 qui
2912 2719 3113 2776 arctici
3163 2720 3506 2792 magnitudo
3531 2736 3628 2774 va-

1988 2807 2234 2862 riaretur
2269 2807 2297 2861 ?
2345 2807 2444 2878 qui
2491 2808 2719 2863 dierum
2768 2812 2825 2864 et
2871 2809 3132 2864 noctium
3193 2808 3630 2880 magnitudines

1989 2896 2142 2967 apud
2174 2895 2319 2951 alios
2369 2896 2493 2951 aliae
2526 2897 2758 2952 forent?
2786 2897 2918 2953 Haac
2963 2897 3232 2952 videlicet
3260 2897 3460 2952 omnia
3507 2901 3630 2953 ter-

1987 3001 2113 3039 ram
2161 2985 2504 3041 orbicularis
2549 2986 2748 3058 ﬁgurae
2815 3001 2944 3042 esse
2991 2986 3362 3042 conﬁrmant.
3414 2985 3526 3040 Sed
3574 2988 3632 3040 et

1988 3089 2198 3144 aquam
2250 3075 2683 3145 quodammodo
2735 3075 2924 3147 ﬁgura
2965 3075 3276 3130 orbiculari
3326 3073 3628 3146 preditam

1987 3178 2116 3217 esse
2165 3179 2298 3217 cum
2349 3180 2412 3218 ex
2462 3179 2527 3218 eo
2581 3164 2929 3236 ostenditur,
2962 3164 3116 3237 quod
3167 3167 3342 3235 guttae
3389 3162 3448 3217 in
3495 3160 3632 3217 laeve

1991 3249 2211 3321 aliquid
2245 3251 2566 3307 incidentes
2597 3252 3026 3308 contrahuntur
3045 3256 3102 3308 et
3131 3251 3558 3324 conglobantur
3577 3253 3635 3306 et

233 3332 292 3391 ἕκ
343 3358 402 3392 τε
456 3341 552 3391 τοῦ
608 3338 734 3401 τοὺς
802 3340 1067 3401 πλέοντας
1097 3341 1164 3394 τὰ
1191 3337 1401 3414 πελάγη
1453 3337 1723 3401 πολλάκις
1785 3340 1876 3412 μὲν

1992 3339 2823 3412 quiescunt,quemadmodum
2846 3343 2905 3396 in
2926 3342 3243 3396 herbarum
3274 3345 3331 3396 et
3350 3340 3626 3396 arborum

232 3425 336 3481 ἀπὸ
391 3430 496 3480 τῶν
556 3425 768 3492 πλοίων
825 3427 998 3482 αὐτῶν
1057 3430 1131 3501 μὴ
1190 3429 1289 3496 τὴν
1346 3435 1446 3503 γῆν
1478 3430 1732 3500 καθορᾷνο
1785 3427 1873 3481 ἐπὶ

230 3511 287 3568 δὲ
343 3514 468 3576 τοὺς
511 3514 692 3577 ἱστοὺς
743 3511 1061 3588 ἀναϐάντας,
1095 3518 1167 3580 ὡς
1216 3515 1372 3572 οὖσαν
1422 3517 1589 3586 αὐτὴν
1638 3515 1870 3586 πλησίον

228 3604 481 3678 καθορᾷν,
544 3603 940 3678 ὑπερθεμένους
1015 3603 1104 3659 διὰ
1170 3613 1268 3674 τῆς
1343 3605 1420 3667 εἷς
1483 3605 1614 3678 ὕψος
1681 3600 1873 3658 ἀναϐά-

228 3711 363 3753 σεως
446 3692 512 3746 τὰ
582 3699 682 3761 τῆς
763 3697 860 3747 τοῦ
957 3691 1151 3756 ὕδατος
1256 3693 1563 3773 ἐπιφανείας
1665 3693 1874 3766 κυρτώ-

231 3801 370 3851 ματα
407 3827 420 3852 ,
507 3782 575 3834 τὰ
675 3781 801 3857 πρὶν
912 3781 1338 3859 ἐπιπροσθοῦντα
1445 3789 1562 3844 ταῖς
1667 3781 1872 3837 τούτων

224 3863 434 3943 ὄψεσιν.

303 4042 382 4100 ιδ’.
419 4045 510 4108 Εἷς
561 4045 719 4101 πέντε
768 4045 826 4102 δὲ
877 4047 1014 4124 μέρη
1067 4046 1364 4125 διαιροῦσιν
1400 4049 1455 4102 οἱ
1513 4047 1729 4126 φυσικοὶ
1776 4050 1874 4118 τὴν

228 4134 510 4208 σύμπασαν
556 4143 680 4212 γῆν·
729 4135 786 4190 ἓν
843 4137 937 4210 μὲν
986 4138 1048 4191 τὸ
1096 4139 1196 4192 ὑπὸ
1226 4142 1324 4192 τοῦ
1354 4138 1612 4214 ἀρκτικοῦ
1667 4136 1876 4193 κύκλου

229 4224 641 4300 περιεχόμενον·
700 4222 883 4302 ἕτερον
972 4225 1103 4301 ὅπερ
1189 4226 1466 4282 ὑπόκειται
1543 4232 1621 4299 τῷ
1684 4227 1876 4299 μεταξὺ

228 4318 324 4368 τοῦ
382 4313 639 4387 ἀρκτικοῦ
695 4315 784 4369 καὶ
855 4319 954 4370 τοῦ
1026 4320 1235 4392 Θερινοῦ
1293 4313 1638 4389 διαστήματι·
1697 4316 1874 4390 τρίτον

230 4400 362 4478 ὅπερ
424 4402 802 4479 ὑπερκείμενον
848 4400 962 4479 ἔχει
1010 4405 1074 4458 τὸ
1115 4404 1174 4459 ἐκ
1201 4409 1297 4459 τοῦ
1351 4407 1561 4479 θερινοῦ
1615 4405 1878 4480 τροπικοῦ

232 4486 414 4559 διῆκεν
470 4490 545 4552 εἰς
586 4490 676 4544 τὸν
737 4493 1046 4567 χειμερινὸν
1107 4491 1367 4568 τροπικὸν
1446 4493 1534 4546 καὶ
1612 4493 1747 4547 κατὰ
1816 4495 1878 4547 τὸ

235 4578 548 4652 μεσαίτατον
608 4579 772 4634 αὐτοῦ
825 4582 916 4636 τὸν
981 4583 1233 4656 μέγιστον
1292 4579 1494 4636 κύκλον
1542 4582 1632 4637 τὸν
1691 4583 1879 4655 ἰσημε-

231 4667 398 4742 ρινόν·
426 4668 678 4742 τέταρτον
715 4666 846 4745 ὅπερ
884 4670 985 4723 ὑπὸ
1014 4671 1076 4724 τὸ
1126 4671 1286 4742 μέσον
1340 4669 1451 4724 ἐστὶ
1504 4675 1598 4726 τοῦ
1653 4691 1711 4726 τε
1766 4691 1881 4747 χει-

235 4761 455 4830 μερινοῦ
505 4761 771 4832 τροπικοῦ
839 4757 928 4812 καὶ
1002 4763 1100 4812 τοῦ
1176 4759 1548 4832 ἀνταρκτικοῦ·
1609 4759 1878 4833 πέμπτον,

230 4843 362 4920 ὅπερ
422 4845 524 4900 ὑπὸ
603 4850 702 4901 τοῦ
781 4845 1134 4923 ἀνταρκτικοῦ
1212 4847 1548 4923 περιέχεται·
1610 4853 1778 4904 ταῦτα
1814 4850 1881 4903 τὰ

233 4932 370 5007 μέρη
400 4940 502 5003 τῆς
532 4940 636 5009 γῆς
670 4935 994 5008 ὀνομάζουσι
1028 4937 1226 5006 ζώνας.

302 5023 381 5080 ιε’.
413 5026 528 5077 Τῶν
588 5020 678 5078 οῦν
733 5023 996 5078 τοιούτων
1053 5029 1235 5093 ζωνῶν
1299 5026 1549 5100 ἑκατέραν
1620 5027 1712 5099 μὲν
1770 5031 1878 5082 τῶν

229 5109 407 5188 ἄκρων
441 5111 696 5182 ἀοίκητον
745 5112 846 5166 ὑπὸ
893 5112 1092 5188 κρύους
1144 5113 1275 5169 εἶναί
1325 5135 1502 5191 φασιψ
1553 5115 1655 5168 ὑπὸ
1715 5114 1881 5193 φλογ-

233 5205 337 5274 μοῦ
396 5198 452 5255 δέ
508 5222 569 5278 γε
628 5202 726 5270 τήν
769 5202 1114 5275 μεσαιτάτην·
1176 5203 1466 5277 εὐκράτους
1513 5201 1571 5258 δὲ
1616 5204 1710 5266 τὰς
1768 5203 1882 5258 λοι-

228 5291 331 5351 πὰς
413 5289 503 5344 καὶ
591 5290 853 5354 οἰκεῖσθαι
935 5291 1233 5369 πεφυκυίας
1318 5293 1541 5355 εἰκότως
1611 5291 1880 5370 λέγουσιν,

233 5376 417 5448 ἐπειδή
449 5379 701 5456 κέκραται
729 5379 934 5435 τούτων
997 5381 1193 5452 ἑκάστη
1252 5380 1342 5436 καὶ
1394 5383 1492 5451 τήν
1549 5382 1882 5458 συμμετρίαν

226 5474 328 5538 τῆς
357 5489 416 5523 τε
439 5470 646 5545 Θέρμης
675 5469 765 5524 καὶ
813 5470 1020 5544 ψύξεως
1071 5473 1160 5526 καὶ
1208 5472 1270 5526 τὸ
1323 5471 1590 5546 ζωογόνον
1652 5470 1881 5543 ἀπείλη-

1911 4713 1958 4776 D

1984 3425 2143 3481 foliis
2193 3426 2570 3482 manifestum
2619 3429 2847 3484 exsistit
2880 3447 2893 3483 :
2925 3434 3051 3482 tum
3102 3445 3171 3484 ex
3201 3444 3266 3484 eo
3319 3428 3473 3498 quod
3523 3428 3624 3499 qui

1984 3513 2170 3568 maria
2199 3515 2651 3587 navigant,saepe
2682 3517 2916 3588 quidem
2949 3518 3022 3572 ab
3051 3516 3195 3588 ipsis
3225 3516 3473 3572 navibus
3507 3520 3623 3571 ter-

1984 3619 2108 3657 ram
2157 3621 2275 3658 non
2333 3608 2738 3670 contueantur,
2793 3606 3129 3660 conscensis
3182 3610 3378 3661 autem
3447 3603 3620 3660 malis

1984 3691 2194 3762 ipsam,
2231 3692 2315 3746 uti
2345 3694 2494 3750 335
2531 3694 3253 3765 propiorem,inspiciant;
3285 3693 3426 3749 dum
3455 3693 3624 3748 nimi-

1986 3795 2117 3833 rum
2149 3795 2252 3850 per
2283 3781 2686 3836 accensionem
2717 3782 2775 3836 in
2801 3781 2985 3837 altum
3017 3783 3328 3838 curvitates
3360 3786 3418 3837 et
3439 3786 3632 3837 tumo-

1986 3884 2098 3934 res,
2150 3871 2251 3940 qui
2301 3873 2439 3924 sunt
2486 3871 2546 3926 in
2603 3888 2764 3942 aquae
2817 3871 3144 3943 superficie,
3197 3872 3415 3942 quique
3462 3875 3634 3926 antea

1985 3955 2248 4028 ipsorum
2282 3960 2613 4030 aspectibus
2643 3961 3044 4028 obstruebant,
3078 3965 3380 4032 superant.

2062 4047 2146 4100 14.
2168 4047 2232 4101 In
2262 4048 2522 4120 quinque
2554 4065 2723 4120 porro
2756 4050 2799 4084 ³⁷
2830 4053 3024 4121 partes
3052 4049 3386 4105 universam
3416 4052 3631 4104 terram

1988 4133 2213 4206 physici
2262 4136 2573 4192 dividunt:
2621 4155 2799 4193 unam
2849 4154 2976 4209 quae
3028 4140 3100 4193 ab
3149 4139 3364 4193 arctico
3417 4135 3632 4192 circulo

1989 4225 2360 4293 continetur;
2398 4227 2715 4282 secundam
2767 4243 2895 4299 quae
2937 4227 2987 4282 ei
3018 4225 3322 4282 intervallo
3371 4225 3635 4294 subjecta

1988 4318 2096 4380 est,
2132 4315 2283 4382 quod
2317 4314 2470 4369 inter
2520 4316 2800 4370 arcticum
2833 4321 2890 4371 et
2917 4315 3207 4387 tropicum
3241 4314 3506 4369 aestivum
3541 4313 3632 4367 in-

1987 4404 2236 4471 tervenit
2260 4421 2273 4470 ;
2305 4404 2561 4469 tertiam,
2585 4422 2712 4476 quae
2743 4404 3062 4460 imminens
3091 4404 3268 4458 habet
3297 4402 3550 4473 spatium
3576 4402 3632 4456 id

1989 4495 2142 4567 quod
2176 4510 2244 4548 ex
2274 4493 2494 4564 tropico
2525 4494 2716 4549 aestivo
2749 4494 2819 4548 ad
2852 4493 3162 4549 hibernum
3195 4492 3480 4562 tropicum
3501 4508 3634 4563 pro-

1986 4585 2249 4639 tenditur
2278 4587 2334 4637 et
2363 4583 2421 4636 in
2455 4582 2545 4636 sui
2595 4582 2833 4653 praecise
2862 4582 3054 4637 medio
3086 4581 3407 4636 maximum
3440 4580 3634 4635 circu-

1989 4673 2112 4728 lum
2145 4671 2604 4743 mquinoctialem
2637 4671 2850 4738 habet;
2884 4675 3172 4742 quartam,
3207 4686 3333 4740 quae
3365 4669 3474 4725 sub
3506 4685 3634 4724 me-

1991 4763 2085 4817 dio
2138 4765 2225 4817 est
2270 4761 2475 4832 tropici
2525 4759 2746 4816 hiberni
2819 4764 2875 4814 et
2923 4758 3225 4814 antarctici
3268 4777 3282 4827 ;
3339 4759 3629 4830 quintam,

1991 4868 2117 4923 quae
2149 4851 2257 4905 sub
2308 4849 2625 4905 antarctico
2673 4849 3018 4904 continetur.
3055 4848 3172 4904 Has
3221 4852 3386 4904 terras
3437 4852 3632 4924 partes

1990 4955 2164 4994 zonas
2195 4938 2520 4993 nominant.

2062 5029 2147 5082 15.
2181 5029 2397 5082 Harum
2451 5025 2691 5098 proinde
2720 5043 3001 5081 zonarum
3057 5030 3375 5081 extremam
3407 5030 3632 5081 utram-

1991 5134 2102 5189 que
2135 5135 2168 5172 a
2197 5116 2687 5188 frigore,mediam
2719 5133 2833 5187 prae
2866 5121 3008 5171 aestu
3041 5115 3480 5171 inhabitabilem
3504 5131 3632 5172 esse

1991 5206 2205 5272 ferunt,
2266 5204 2522 5276 reliquas
2579 5213 2774 5260 autem
2835 5206 2980 5260 bene
3035 5209 3391 5276 temperatas
3448 5209 3504 5259 et
3559 5205 3632 5260 ad

1992 5294 2375 5350 habitandum
2426 5298 2635 5348 natura
2664 5298 3030 5365 comparatas
3058 5310 3186 5349 esse
3226 5293 3412 5359 aiunt,
3445 5310 3634 5365 quan-

1994 5383 2304 5455 doquidem
2360 5383 2626 5455 ipsarum
2659 5383 2932 5439 utralibet
2961 5382 3465 5455 [temperatarum]
3499 5399 3631 5454 pro-

1994 5472 2317 5547 portionem
2370 5471 2580 5528 caloris
2612 5476 2669 5528 et
2697 5471 2949 5545 frigoris,
2983 5477 3039 5527 et
3084 5470 3428 5528 animalium
3458 5487 3631 5543 gene-

302 5629 526 5706 °j_Ptol.
562 5630 680 5706 _1ib.
712 5649 732 5687 1
761 5631 913 5706 Alm.
948 5648 998 5706 ο.
1048 5633 1120 5706 fi;
1153 5632 1369 5706 Cleom.
1402 5633 1442 5689 1.
1477 5651 1516 5705 1,
1549 5651 1598 5690 c.
1620 5635 1734 5706 71,0;
1769 5633 2030 5706 Regiam.
2064 5617 2405 5706 inijlmag.
2435 5633 2533 5689 lib.
2570 5652 2607 5706 1,
2647 5633 2886 5706 cognclus
2915 5636 2999 5706 2.,
3047 5634 3090 5667 οε
3119 5632 3361 5706 Cleom.‘
3393 5630 3631 5706 ibidem.

234 5702 277 5737 θθ
309 5700 530 5760 Cleom.
562 5702 598 5758 1.
636 5720 676 5770 1,
729 5719 778 5761 c.
811 5704 864 5758 8.

229 5789 270 5841 1,
304 5789 356 5829 c.
385 5773 442 5831 5.

943 5704 985 5738 ³⁷
1036 5703 1250 5761 Cleom.
1287 5705 1324 5760 Ι.
1361 5723 1398 5774 1,
1431 5722 1479 5761 ο.
1502 5703 1585 5774 ’2;
1617 5703 1888 5762 Μογίίειιιῖ
1943 5703 2158 5779 Capell.
2193 5705 2296 5761 lib.
2328 5703 2404 5776 vi,
2438 5723 2495 5778 p.
2526 5705 2673 5775 226;
2707 5704 2956 5762 Macrob.
2988 5705 3044 5761 in
3094 5706 3292 5760 Somn.
3327 5703 3484 5777 Scip.
3529 5703 3631 5762 lib.
