3988 6420
388 462 543 527 11⁸15

1636 460 2060 527 NIGEPHORI
2098 459 2539 527 BLEMMIDAE

3634 462 3799 528 1276

372 598 699 655 randarum
731 595 1242 664 facultatem,cum
1273 612 1342 654 ex
1374 597 1601 669 adusta,
1632 601 1760 655 tum
1788 615 1858 653 ex
1888 614 2012 671 pro-

2182 617 2227 650 εν
2257 594 2527 665 ἓκτετῆς
2585 591 3007 668 διακεκαυμένης
3064 594 3157 651 καί
3208 601 3312 666 τῆς
3366 592 3797 668 πλησιαζούσης

372 688 594 759 pinqua
623 687 834 758 frigida
862 687 1102 759 accepit.

442 776 527 829 16.
562 775 723 839 Quod
756 780 951 831 autem
986 775 1110 830 aliae
1137 780 1330 848 partes
1362 780 1525 831 terra
1551 777 1869 831 combustae
1896 780 2015 830 tor-

367 864 715 932 reant,886
738 864 863 919 alia-
881 866 1093 936 frigore
1114 864 1495 937 rigeant,alia3
1517 871 1847 937 temperatae
1876 865 2015 931 sint,

2130 689 2371 760 κατεψυγ
2380 684 2568 759 μένης.

2200 781 2285 839 ις’.
2318 780 2423 830 Τοῦ
2483 772 2541 829 δὲ
2594 774 2661 828 τὰ
2721 774 2817 846 μὲν
2875 780 2975 844 τῆς
3027 781 3129 849 γῆς
3188 770 3567 845 διακεκαῦθαι,
3615 776 3689 829 τὰ
3737 771 3791 831 δὲ

2126 863 2487 938 κατεψῦχθαι,
2533 864 2600 917 τὰ
2641 860 2688 917 δ’
2742 859 2971 936 εὕκρατα
3023 864 3335 939 τυγχάνειν,
3394 864 3427 917 ὁ
3480 861 3665 932 ἥλιος
3715 862 3792 918 αἷ-

367 950 450 1007 sol
481 952 539 1006 in
592 969 772 1008 causa
799 958 888 1009 est
915 954 980 1020 ³⁸,
1013 959 1071 1007 et
1116 958 1279 1008 terra:
1322 954 1510 1025 ﬁgura
1557 971 1682 1025 quae
1734 952 2012 1026 sphaerion

2182 973 2261 1023 ος,
2321 952 2410 1006 καὶ
2467 953 2529 1006 τὸ
2586 959 2780 1027 σχῆμα
2856 954 2953 1021 τῆς
3002 954 3102 1027 γῆς
3169 951 3449 1029 σφαιρικὸν
3508 952 3783 1028 ὑπάρχον,

362 1046 473 1108 est,
506 1046 570 1096 ut
615 1042 893 1097 diximus.
930 1046 1075 1097 Cum
1104 1043 1261 1097 enim
1294 1043 1379 1097 sol
1412 1043 1470 1097 in
1503 1043 1721 1097 mundo
1762 1058 1864 1115 per
1887 1042 2014 1097 lati-

365 1129 633 1185 tudinem
686 1147 814 1201 quze
846 1131 997 1185 inter
1022 1132 1277 1203 tropicos
1326 1133 1649 1203 intercepta
1678 1138 1788 1195 est,
1823 1147 2012 1186 move-

367 1221 484 1288 tur,
541 1221 868 1276 necessario
932 1221 1127 1276 adurit
1176 1226 1414 1290 terram,
1465 1238 1593 1293 quaa
1661 1220 1759 1276 tali
1826 1220 2014 1291 spatio

367 1308 633 1376 subjecta
679 1314 787 1376 est,
821 1313 1021 1380 utpote
1051 1310 1149 1381 qui
1196 1315 1383 1365 rectos
1422 1315 1480 1365 et
1523 1308 1743 1365 validos
1774 1309 1833 1363 in
1883 1326 2013 1364 eam

366 1396 561 1452 radios
601 1397 848 1453 emittat.
883 1397 1109 1453 Rursus
1140 1398 1615 1470 quandoquidem
1650 1414 1753 1453 nec
1802 1398 1874 1453 ab
1907 1414 2011 1452 au-

362 1485 643 1541 stralibus
691 1486 956 1557 partibus
987 1491 1053 1541 ut
1081 1487 1150 1541 ad
1186 1486 1447 1542 boreales
1493 1488 1794 1556 accedens,
1828 1486 2010 1558 tropi-

364 1589 497 1629 cum
527 1574 813 1641 aestivum,
844 1591 949 1631 nec
981 1576 1118 1631 hinc
1151 1580 1212 1631 ut
1243 1577 1313 1631 ad
1354 1575 1660 1644 australes,
1697 1576 2008 1630 hibernum

360 1663 722 1719 transcendit
753 1680 765 1718 :
800 1669 1110 1737 eapropter
1155 1670 1350 1737 partes
1384 1666 1540 1721 ursis
1579 1666 1872 1735 subjectas
1903 1664 2006 1719 fri-

365 1767 504 1824 gore
531 1752 720 1824 rigere
751 1754 1130 1827 contingit,ut
1159 1771 1287 1826 quae
1318 1772 1352 1810 a
1383 1754 1506 1810 sole
1536 1755 1656 1810 sint
1687 1753 2008 1809 remotissi-

366 1857 497 1909 mae,
528 1845 583 1896 et
634 1841 742 1897 hac
772 1843 844 1898 de
892 1859 1071 1898 causa
1100 1842 1369 1915 obliquos
1402 1848 1459 1898 et
1488 1843 1767 1899 remissos
1813 1843 2009 1898 radios

364 1928 589 1985 solares
617 1930 945 2002 suscipiant
976 1947 989 1985 :
1023 1930 1259 2002 reliquae
1289 1936 1485 1987 autem
1518 1948 1695 2003 zonae,
1729 1947 1854 2003 quae
1886 1947 2007 1986 me-

365 2018 463 2074 dia
511 2019 943 2090 quodammodo
983 2021 1208 2076 ratione
1254 2020 1393 2076 solis
1423 2021 1618 2077 radios
1666 2021 2005 2087 admittunt,

364 2106 586 2163 bonum
612 2110 1139 2180 temperamentum
1166 2108 1385 2164 habent
1406 2109 1471 2163 θ’.

435 2196 522 2250 17.
555 2195 775 2251 Harum
820 2213 991 2268 porro
1020 2201 1478 2269 temperaturum
1512 2201 1826 2270 utramque
1862 2198 2008 2269 phy-

364 2283 467 2339 sici
500 2283 558 2338 in
588 2284 736 2339 duas
783 2285 994 2340 iterum
1031 2292 1225 2356 partes
1275 2287 1602 2341 dividentes
1623 2304 1725 2358 pro
1759 2286 2009 2341 mediate

367 2388 494 2444 quae
527 2372 739 2444 partim
772 2374 1186 2446 super,partim
1219 2375 1424 2430 subter
1452 2380 1667 2430 terram
1700 2391 1827 2430 esse
1858 2375 2009 2429 vide-

365 2465 487 2527 tur,
546 2466 799 2533 quatuor
852 2462 1202 2520 habitabiles
1257 2466 1496 2535 [partes]
1554 2480 1684 2520 esse
1739 2464 1940 2518 dicunt
1992 2481 2006 2519 :

365 2566 619 2624 quarum
670 2567 847 2606 unam
894 2552 1133 2623 quidem
1194 2552 1530 2609 habitamus
1585 2569 1692 2608 nos
1739 2552 2010 2608 homines

369 2638 469 2711 qui
515 2639 637 2694 noti
685 2656 930 2707 sumus;
964 2642 1282 2696 secundam
1331 2642 1563 2712 perimci
1603 2640 1797 2715 [quasi
1850 2641 2010 2696 dicas

368 2727 949 2795 circumhabitantes,
983 2745 1087 2785 seu
1138 2729 1547 2801 circumcolaa],
1580 2730 1680 2802 qui
1710 2731 1769 2786 in
1806 2730 2011 2785 eadem

368 2816 679 2873 nobiscum
703 2820 1027 2889 temperata
1044 2818 1323 2873 exsistere
1352 2823 1409 2873 et
1438 2817 1613 2873 clima
1633 2818 1787 2890 quod
1810 2818 2015 2874 subter

379 2910 594 2961 terram
624 2910 715 2961 est
743 2906 892 2962 881
947 2906 1210 2963 habitare
1240 2908 1545 2980 ﬁnguntur
1576 2925 1589 2961 :
1622 2908 1878 2978 tertiam,
1910 2924 2014 2962 an-

372 2993 502 3049 tceci
539 2998 614 3066 [q.
651 2996 708 3051 d.
739 2995 1294 3067 contrahabitantes]
1326 3002 1384 3052 et
1422 3002 1775 3068 postremam
1808 2998 1824 3031 ¹
1857 2996 2015 3052 anti-

371 3084 553 3155 podes
610 3084 802 3155 [quasi
858 3084 1107 3156 pedibus
1164 3086 1424 3141 obversis
1496 3084 1856 3156 incedentes]
1912 3084 2013 3157 qui

367 3170 545 3226 etiam
622 3171 856 3243 utrique
913 3177 1295 3244 temperatam
1356 3174 1683 3245 oppositam
1763 3172 2012 3229 incolere

368 3259 775 3328 somniantur;
808 3261 1017 3316 antceci
1065 3266 1261 3317 tamen
1290 3261 1348 3316 iu
1399 3262 1630 3317 climate
1672 3278 1851 3335 super
1896 3268 2011 3317 ter-

2126 1041 2201 1102 ὡς
2261 1039 2492 1117 ενρηται.
2552 1040 2876 1113 Κινούμενος
2928 1041 3029 1117 γὰρ
3088 1040 3139 1095 έν
3188 1046 3268 1112 τῷ
3315 1036 3511 1113 κόσμῳ
3563 1041 3633 1095 τὸ
3700 1062 3789 1112 με·

2122 1129 2250 1202 ταξὺ
2280 1134 2386 1183 τῶν
2444 1134 2717 1204 τροπικῶν
2776 1128 2983 1191 πλάτος
3015 1131 3042 1183 ὁ
3074 1127 3235 1197 ἥλιος
3295 1128 3616 1203 ἀναγκαίως
3678 1126 3792 1183 δια-

2121 1220 2261 1273 καίει
2294 1220 2392 1287 τήν
2442 1218 2802 1290 ὑποκειμένην
2850 1222 2929 1289 τῷ
2970 1218 3204 1291 τοιούτῳ
3260 1214 3600 1291 διαστήματι
3661 1224 3787 1293 γῆν,

2124 1307 2345 1382 ὀρθίους
2398 1307 2486 1361 καὶ
2529 1306 2775 1369 ἐντόνους
2833 1306 3123 1379 ἐκπέμπων
3181 1307 3276 1369 τὰς
3330 1307 3561 1369 ἀκτῖνας
3619 1305 3781 1379 αὐτῇ.

2121 1395 2291 1451 Πάλιν
2343 1394 2559 1471 ἐπείπερ
2611 1391 2724 1449 οὔτ’
2773 1394 2879 1449 ἀπὸ
2924 1399 3031 1449 τῶν
3080 1394 3275 1450 νοτίων
3321 1394 3397 1457 ὡς
3440 1393 3535 1449 ἐπὶ
3567 1395 3640 1448 τὰ
3701 1394 3789 1470 βό·

2119 1504 2236 1559 ρεια
2291 1484 2582 1558 γινόμενος
2642 1479 2947 1558 ὑπερϐαίνει
3018 1483 3109 1538 τὸν
3189 1483 3397 1556 θερινὸν
3482 1483 3779 1556 τροπικὸν,

2119 1569 2231 1627 οὔτ’
2288 1571 2521 1627 ἐντεῦθεν
2580 1572 2658 1634 ὡς
2714 1572 2802 1627 έπὶ
2858 1573 2926 1627 τά
2981 1572 3133 1627 νότια
3182 1571 3275 1626 τὸν
3316 1571 3664 1648 χειμερινόν
3699 1569 3789 1626 διὰ

2116 1665 2277 1715 τοῦτο
2321 1662 2389 1716 τὰ
2438 1661 2542 1715 ὑπὸ
2594 1666 2714 1723 ταῖς
2763 1662 2982 1736 ἄρκτοις
3044 1659 3180 1737 μέρη
3239 1659 3585 1739 κατεφόχθαι
3648 1682 3785 1734 συμ-

2117 1743 2370 1819 ϐέϐηκεν,
2416 1750 2491 1812 ὡς
2539 1749 2877 1826 ποῤῥωτάτω
2932 1754 3030 1805 τοῦ
3090 1747 3275 1821 ⁴ἡλίου,
3323 1748 3414 1804 καὶ
3471 1746 3569 1804 διὰ
3616 1754 3783 1804 τοῦτο

2115 1837 2357 1912 πὶαγίας
2411 1839 2500 1893 καὶ
2559 1838 2845 1912 ἀνειμένας
2907 1839 3003 1901 τὰς
3077 1836 3312 1909 ἡλιακὰς
3388 1838 3620 1901 ἀκτῖνας
3701 1836 3787 1893 δε·

2116 1926 2347 2004 χόμενα.
2383 1928 2449 1981 Δὶ
2510 1923 2568 1981 δὲ
2624 1925 2819 1981 λοιπαὶ
2882 1931 3071 2000 ζῶναι,
3107 1926 3282 2000 μέσως
3318 1946 3438 1989 πως
3469 1928 3573 1989 τὰς
3637 1927 3787 1985 ἄκτῖ-

2116 2037 2210 2078 νας
2292 2020 2389 2070 τοῦ
2461 2015 2629 2085 ἡλίου
2686 2010 3085 2090 λαμϐάνουσαι,
3132 2015 3196 2071 τὸ
3241 2011 3496 2092 εὔκρατον
3562 2012 3780 2093 ἔχουσι.

2190 2195 2253 2263 ιζ’
2261 2239 2274 2252 .
2303 2192 2519 2248 Τούτων
2586 2197 2695 2247 τῶν
2775 2190 3047 2269 εὖκράτων
3116 2191 3363 2267 ἑκατέραν
3442 2187 3619 2246 πάλιν
3704 2192 3781 2256 εἰς

2118 2281 2214 2337 δύο
2282 2280 2611 2357 διαιροῦντες
2660 2282 2713 2336 οἰ
2760 2283 2977 2360 φυσικοὶ
3022 2283 3158 2337 κατά
3206 2302 3265 2336 τε
3318 2280 3382 2336 τὸ
3452 2280 3595 2355 ὑπὲρ
3676 2289 3779 2355 γῆν

2118 2371 2209 2426 καὶ
2258 2370 2361 2425 ὑπὸ
2412 2378 2516 2445 γῆν
2575 2367 2768 2425 δοκοῦν
2847 2368 3041 2443 ἥμισυ,
3098 2370 3357 2443 τέσσαρας
3442 2368 3783 2442 οἰκουμένας

2119 2459 2253 2515 εἷναί
2309 2478 2485 2537 φασιν·
2547 2460 2621 2513 ὧν
2685 2457 2809 2531 μίαν
2873 2460 2967 2531 μὲν
3019 2457 3165 2534 ἔχειν
3214 2458 3363 2530 ⁴ἡμᾶς
3417 2457 3552 2519 τοὺς
3630 2459 3784 2513 ἶπο-

2120 2549 2419 2625 ρουμένους
2474 2548 2810 2624 ἀνθρώπους⁸
2875 2546 2999 2621 μίαν
3069 2544 3128 2602 δὲ
3180 2545 3309 2608 τοὺς
3384 2545 3780 2619 καλουμένους

2119 2636 2430 2711 περιοίκους
2489 2637 2542 2691 οἳ
2596 2636 2733 2692 κατά
2786 2636 2884 2705 τὴν
2935 2633 3101 2703 αὖτὴν
3158 2636 3291 2708 ἡμῖν
3365 2632 3641 2711 ὑπάρχειν
3699 2632 3782 2690 ες.

2119 2744 2315 2798 κρατον
2372 2722 2724 2795 πλάττονται,
2780 2723 2871 2778 καὶ
2914 2722 2977 2777 τὸ
3043 2719 3234 2779 δοκοῦν
3280 2721 3387 2776 ὑπὸ
3438 2729 3551 2797 γῆν
3608 2722 3783 2778 οἰκεῖν

2120 2812 2316 2886 κλῖμαθ
2366 2812 2555 2889 τρίτην
2605 2811 2730 2874 τοὺς
2786 2810 3088 2883 ἀντοίκους,
3119 2810 3209 2866 καὶ
3243 2808 3448 2880 λοιπὴν
3498 2809 3639 2873 τοὺς
3694 2811 3784 2866 ἂν·

2119 2900 2368 2974 τίποδας,
2401 2902 2455 2956 οἳ
2509 2902 2599 2957 καὶ
2654 2898 2820 2979 ἄμφω
2859 2901 2957 2970 τήν
3010 2897 3362 2974 ἀντεύκρατον
3413 2898 3594 2955 οἰκεῖν
3640 2899 3784 2956 ὀνει-

2125 2990 2437 3066 ρώττονται’
2497 2988 2645 3059 πλὴν
2706 2989 2758 3044 οἱ
2837 2989 2932 3062 μὲν
2983 2989 3243 3057 ἆντοικοι,
3301 2987 3440 3042 κατά
3514 2988 3584 3043 τό
3648 2989 3783 3065 ὑπὲρ

2120 3081 2222 3155 γῆν
2277 3077 2453 3152 κλῖμα
2512 3078 2825 3153 (καλοῦνται
2856 3075 2904 3133 δ’
2935 3077 3087 3133 οὗτοι
3142 3075 3233 3132 καί
3285 3076 3583 3150 ἄντωμοι),
3644 3077 3785 3132 κατᾶ

2123 3166 2181 3223 δὲ
2232 3169 2296 3222 τὸ
2355 3168 2546 3223 δοκοόν
2604 3167 2707 3223 ὑπὸ
2766 3169 2869 3243 γῆν
2929 3166 2983 3221 οἱ
3036 3162 3334 3227 ἀντίποδες.
3387 3170 3622 3227 Πάντως
3677 3168 3784 3242 γάρ

2120 3261 2227 3313 τῶν
2287 3255 2375 3312 ἐπὶ
2430 3260 2530 3334 γῆς
2587 3250 2901 3331 βεϐηκότων
2958 3254 3026 3310 τὰ
3083 3251 3208 3332 ἴχνη
3268 3253 3492 3330 βλέπειν
3525 3254 3620 3310 ἐπ’
3652 3255 3787 3311 αὗτό

369 3364 495 3404 ram
525 3348 827 3420 (vocantur
871 3354 1066 3406 autem
1098 3350 1159 3405 hi
1211 3351 1385 3407 etiam
1418 3351 1648 3417 antmci,
1682 3351 1851 3423 quasi
1899 3350 2008 3405 hu-

2243 3345 2559 3419 μεσαίτατον
2618 3351 2718 3414 τῆς
2774 3350 2899 3421 γῆς,
2956 3341 3083 3413 ἤτοι
3143 3343 3208 3398 τὸ
3263 3343 3483 3419 κέντρον
3548 3343 3790 3420 ἀνάγκην

371 3437 549 3493 meris
600 3438 834 3505 aversi),
865 3439 926 3494 in
950 3456 1016 3496 eo
1065 3445 1258 3495 autem
1291 3441 1444 3512 quod
1478 3440 1630 3496 infra
1680 3444 1897 3496 terram
1926 3440 2010 3495 vi-

373 3525 565 3595 detur,
598 3526 901 3596 antipodes
932 3527 1265 3599 [babitant.]
1285 3527 1561 3584 Omnium
1594 3529 1749 3583 enim
1779 3529 1835 3583 in
1860 3533 2016 3584 terra

368 3612 763 3669 habitantium
811 3615 1058 3686 vestigia
1103 3616 1300 3688 ipsum
1346 3622 1507 3671 terra:
1573 3618 2013 3672 medioxumum

370 3699 490 3756 sive
520 3707 786 3757 centrum
817 3708 1078 3774 spectare
1115 3720 1352 3760 necesse
1381 3704 1639 3760 est.Cum
1670 3704 1827 3760 enim
1860 3708 2015 3760 terra

370 3788 714 3860 sphaericam
745 3790 994 3863 ﬁguram
1026 3792 1255 3859 habeat,
1282 3794 1541 3849 medium
1571 3798 1628 3849 et
1654 3795 1930 3849 deorsum
1956 3797 2016 3848 et

370 3883 636 3934 centrum
665 3878 821 3933 idem
867 3885 974 3935 est.
1007 3882 1370 3954 Quapropter
1408 3883 1561 3938 haud
1596 3882 1825 3955 ρει-ὶωοί
1875 3885 2017 3937 sunt

370 3966 547 4021 etiam
581 3967 906 4039 antipodes,
938 3970 1038 4024 sed
1071 3970 1167 4041 qui
1202 3969 1444 4026 inferius
1474 3987 1543 4026 ex
1573 3972 1814 4027 adverso
1841 3987 2016 4043 oppo-

368 4054 548 4110 situm
596 4060 988 4127 temperatum
1021 4057 1193 4114 clima
1217 4059 1371 4114 intra
1414 4063 1627 4114 terram
1660 4058 2011 4130 inhabitant,

366 4147 423 4199 et
469 4160 574 4215 per
618 4144 971 4201 diametrum
1017 4146 1285 4203 distant:
1321 4146 1460 4219 quia
1507 4146 1717 4202 horum
1770 4146 2017 4218 vestigia

363 4232 612 4288 istorum
646 4233 950 4290 hominum
978 4235 1241 4306 vestigiis
1270 4240 1409 4291 sunt
1439 4236 1726 4307 opposita,
1751 4252 2005 4306 quorum

366 4326 631 4394 respectu
680 4322 985 4395 antipodes
1023 4323 1319 4380 dicuntur.
1370 4325 1712 4381 Nostrorum
1770 4324 2014 4397 proinde

368 4416 728 4468 antmcorum
743 4414 1189 4485 perimci,nostri
1212 4414 1517 4487 antipodes
1538 4414 1652 4469 dici
1675 4413 2011 4485 quiverunt,

370 4503 430 4555 at
459 4517 666 4557 rursus
697 4507 1033 4557 nostrorum
1066 4507 1425 4559 antcscorum
1469 4503 1799 4574 antipodes,
1831 4502 2015 4557 nostri

368 4588 601 4660 periteci
652 4606 717 4645 ac
749 4591 1000 4663 penique
1051 4590 1235 4647 nostri
1265 4592 1594 4663 antipodes,
1626 4607 1734 4647 nos
1786 4590 2015 4662 antipo-

370 4676 764 4751 des;periteci,
797 4681 1111 4752 perimcos;
1133 4681 1364 4747 antceci,
1399 4686 1652 4736 antuecos
1684 4679 1920 4748 habent,
1953 4683 2018 4735 ut
2047 4702 2095 4766 Β

368 4764 577 4823 horum
637 4769 710 4824 ad
770 4786 832 4824 se
887 4769 1260 4825 habitudines
1321 4770 1597 4841 (scheses)
1656 4769 1896 4839 perinde
1951 4772 2018 4823 ut

2122 3432 2261 3510 ἔχει.
2298 3435 2397 3489 Καὶ
2454 3434 2555 3510 γὰρ
2608 3439 2709 3503 τῆς
2767 3440 2874 3508 γῆς
2933 3435 3202 3511 σφαιρικῷ
3258 3434 3511 3508 σχήματι
3573 3452 3789 3509 κεχρη-

2127 3522 2316 3596 μένης,
2348 3523 2410 3577 τὸ
2478 3523 2641 3594 μέσον
2690 3521 2779 3575 καὶ
2830 3520 2978 3577 κάτω
3052 3521 3266 3597 κέντρον
3342 3519 3531 3574 ταυτό·
3594 3517 3787 3597 διόπερ

2123 3611 2231 3687 οὐχ
2261 3612 2312 3666 οἰ
2371 3610 2643 3686 περίοικοι
2698 3609 2943 3686 γίνονται
2983 3609 3073 3665 καὶ
3104 3605 3410 3681 ἀντίποδες,
3443 3607 3582 3664 ἀλλ’
3612 3611 3669 3664 οἱ
3725 3609 3789 3664 τὸ

2121 3702 2269 3756 κάτω
2325 3705 2432 3756 τῶν
2490 3699 2741 3755 ἀπέναντι
2827 3703 3205 3760 κατοικοῦντες
3280 3699 3511 3774 ἄκρατον
3608 3698 3791 3772 κλῖμα

2120 3791 2184 3845 τὸ
2217 3790 2320 3845 ὑπὸ
2349 3796 2452 3865 γῆν
2484 3789 2573 3843 καὶ
2633 3789 2771 3843 κατὰ
2825 3785 3113 3863 διάμετρον
3173 3782 3344 3859 ὄντες,
3376 3785 3462 3841 ὅτι
3517 3788 3601 3842 τὰ
3652 3785 3787 3864 ἴχνη

2121 3878 2328 3934 τούτων
2384 3874 2603 3953 ἅντικρυ
2658 3882 2767 3932 τῶν
2841 3877 3011 3952 ἰχνῶν
3087 3875 3196 3931 ἐστι
3280 3879 3387 3929 τῶν
3471 3874 3787 3952 ἀνθρώπων

2125 3966 2338 4023 ἐκείνων
2399 3967 2534 4043 πρὸς
2589 3964 2682 4028 οὓς
2737 3962 3022 4027 ἀντίποδες
3080 3962 3348 4040 λέγονται.
3383 3964 3479 4018 Διὸ
3541 3963 3789 4040 λέγοιντ’

2124 4057 2182 4111 ἂν
2242 4058 2402 4129 ἡμῶν
2462 4053 2744 4117 ἀντίποδες
2831 4054 2885 4108 οἱ
2958 4058 3065 4108 τῶν
3150 4052 3434 4125 ἡμετέρων
3512 4053 3786 4110 ἀντοίκυν

2123 4144 2412 4222 περίοικοι·
2490 4149 2596 4199 τῶν
2676 4141 2721 4197 δ’
2794 4144 3076 4217 ἡμετέρων
3161 4141 3430 4196 ἀντοίκων
3497 4141 3792 4206 ἀντίποδες

2125 4236 2178 4289 οἱ
2234 4233 2504 4309 περίοικοι
2589 4232 2752 4288 πάλιν
2825 4234 3008 4305 ἡμῶν·
3065 4232 3118 4286 οἱ
3175 4228 3221 4285 δ’
3269 4226 3563 4294 ἀντίποδες
3625 4233 3788 4306 ἡμῶν

2123 4325 2273 4396 ἡμᾶς
2327 4319 2617 4384 ἀντίποδας
2665 4318 2877 4398 ἔχουσι,
2934 4321 3023 4376 καὶ
3088 4317 3398 4396 περιοίκους
3452 4321 3507 4374 οἱ
3566 4322 3793 4397 περίοιο

2123 4432 2233 4480 κοι,
2272 4411 2362 4465 καὶ
2419 4411 2699 4473 ἆντοίκους
2741 4411 2793 4465 οἱ
2823 4408 3085 4465 ἅντοικοιο
3116 4413 3223 4463 τῶν
3281 4408 3333 4463 έν
3377 4409 3606 4473 τούτοις
3663 4410 3792 4488 σχέ-

2126 4521 2259 4555 σεων
2314 4499 2524 4573 ὁμοίως
2571 4504 2690 4560 ταῖς
2744 4499 2796 4553 ἐν
2825 4495 3010 4576 φίλοις
3062 4497 3151 4552 καὶ
3189 4493 3451 4576 ἀδελφοῖς
3510 4497 3793 4576 ἀντιπρε-

2125 4593 2359 4668 φουσῶν.
2418 4590 2474 4642 Ὃ
2530 4588 2634 4665 γὰρ
2692 4587 2949 4649 ἀντίπους
3006 4583 3297 4649 ἀντίποδος
3358 4584 3649 4659 ἀντίπους,
3700 4589 3790 4643 καὶ

2125 4680 2153 4734 ὁ
2209 4678 2491 4753 περίοικος
2574 4676 2852 4753 περιοίκου
2938 4677 3235 4751 περίοικος,
3294 4674 3384 4730 καὶ
3442 4677 3471 4730 ὁ
3527 4676 3794 4740 ἄντοικος

2128 4768 2373 4822 ἀντοίκου
2407 4764 2675 4829 ἄντοικος.

366 4856 691 4913 amicorum
739 4863 796 4913 et
843 4858 1092 4914 fratrum
1138 4863 1567 4914 convertantur.
1618 4858 1868 4929 Antipus
1899 4858 2053 4914 888
2091 4858 2249 4915 enim
2298 4856 2591 4930 antipodis
2641 4857 2880 4929 antipus
2927 4860 3019 4912 est
3046 4874 3061 4929 ;
3088 4856 3167 4925 (et
3215 4853 3507 4928 perimcus
3547 4855 3792 4929 ι)θήωοί

371 4944 655 5014 perimcus
685 4964 699 5013 ;
732 4951 789 5001 et
820 4952 1080 5003 antaecus
1113 4949 1322 5003 antoeci
1355 4952 1617 5003 antcecus
1647 4951 1754 5003 est.

447 5033 626 5088 18-20.
670 5036 1060 5100 Quamobrem
1112 5041 1366 5108 quatuor
1412 5042 1575 5092 terra:
1630 5041 1825 5108 partes
1870 5040 2018 5091 tom-

372 5127 606 5191 peratas
653 5120 902 5177 habitari
942 5126 1167 5197 physici
1216 5130 1544 5181 monstrose
1592 5124 1824 5196 fingunt
1856 5140 1869 5181 :
1904 5141 2020 5179 non

374 5224 548 5282 posse
597 5214 792 5266 autem
850 5229 1207 5285 quemquam
1257 5216 1327 5269 ad
1379 5214 1659 5286 pericscos
1707 5212 2017 5284 proﬁcisci,

376 5297 535 5370 quod
584 5298 744 5369 ipsos
776 5316 810 5354 a
837 5315 901 5354 se
947 5300 1194 5357 invicem
1225 5302 1493 5357 Oceanus
1542 5301 1641 5373 qui
1670 5300 1883 5356 belluis
1932 5318 2021 5355 re-

370 5386 555 5442 fertus
587 5386 665 5442 sit
712 5393 769 5444 et
797 5388 1210 5461 innavigabilis
1255 5392 1495 5445 dirimat
1529 5409 1541 5447 :
1575 5407 1680 5445 nec
1728 5390 1904 5445 etiam
1948 5390 2019 5445 ad

366 5492 467 5533 eos
496 5474 599 5548 qui
631 5476 964 5549 oppositam
997 5483 1379 5551 temperatam
1411 5479 2022 5551 habitant,propterea

2205 5034 2363 5105 ιη’-κ’.
2445 5033 2719 5096 Οἶκεῖσθαι
2793 5036 2921 5109 γοῦν
2997 5032 3086 5087 καὶ
3172 5032 3269 5094 τὰς
3352 5029 3625 5108 τέσσαρας
3701 5034 3791 5090 εὖ·

2126 5123 2359 5198 κράτους
2422 5121 2612 5197 μοίρας
2665 5128 2766 5190 τῆς
2817 5127 2922 5198 γῆς
2980 5121 3033 5175 οἰ
3085 5121 3302 5199 φυσικοὶ
3379 5121 3789 5197 τερατεῦονται·

2133 5208 2495 5284 μὴδύνασθαι
2540 5208 2597 5266 δέ
2639 5230 2790 5272 τινας
2837 5210 2973 5285 πρὸς
3020 5208 3147 5271 τοὺς
3192 5208 3510 5286 περιοίκους
3556 5211 3793 5289 πορεῦε-

2131 5301 2249 5353 σθαι
2323 5296 2413 5354 διὰ
2481 5300 2545 5354 τὸ
2617 5296 2865 5376 διείργειν
2939 5296 3136 5361 αὐτοὺς
3210 5297 3302 5353 ἀπ’
3360 5296 3638 5370 ἀλλήλων
3696 5302 3787 5356 τὸν

2131 5388 2395 5461 Ὠκεανὸν,
2454 5385 2701 5464 θηριώδη
2784 5387 3063 5466 πεφηνότα
3134 5388 3229 5444 καί
3298 5384 3581 5443 ἄπλωτον·
3650 5392 3789 5465 μήτε

2134 5479 2242 5551 μήν
2298 5477 2437 5552 πρὸς
2481 5476 2610 5540 τοὺς
2665 5477 2765 5547 τὴν
2816 5476 3179 5554 ἀντεύκρατον
3218 5475 3529 5553 οἰκοῦντας,
3580 5475 3675 5534 διὰ
3724 5478 3785 5534 τό

435 5704 759 5763 "Macrob.
819 5704 880 5759 in
912 5705 1114 5761 Somn.
1173 5702 1330 5775 Scip.
1363 5719 1411 5757 c.
1461 5704 1624 5776 5,__7;
1656 5706 1818 5776 Mart.
1878 5701 2130 5776 Capella,
2162 5702 2264 5760 lib.
2315 5719 2393 5772 vr,
2429 5701 2529 5775 qui
2584 5704 2675 5759 est
2727 5702 2800 5759 de
2856 5700 3415 5775 geometria;0vid.
3467 5719 3491 5760 ι
3537 5702 3779 5763 Metam.

364 5779 411 5817 θ’
439 5777 654 5837 Cleom.
689 5777 730 5833 l.
760 5793 800 5849 ι,
834 5792 961 5851 cap.
994 5780 1049 5833 2.
1128 5779 1146 5812 ι
1179 5772 1343 5831 Mart.
1370 5772 1622 5847 Capella,
1656 5772 1757 5831 lib.
1788 5790 1867 5844 v1,
1901 5772 2095 5847 p5227
