3988 6454
159 425 310 509 4277

1481 426 1829 495 EPITOME
1872 427 2231 497 PHYSICA.

3398 425 3559 491 H78

163 560 236 635 μὴ
284 550 391 630 τὴν
453 557 648 635 μεταξὺ
725 555 1147 635 διακεκαυμένην
1220 561 1354 617 εἶναι
1412 562 1790 640 πορεύσιμον.

1915 565 2065 637 quod
2094 563 2443 621 intermedia
2471 562 2683 623 adusta
2713 562 2900 635 [zona]
2930 560 3173 620 transiri
3203 577 3321 620 non
3352 566 3551 636 queat.

155 654 326 705 Ταῦτα
381 647 737 727 φυσιολογίας
792 650 861 703 τὰ
916 648 1270 723 ἐξευρήματα.
1326 650 1472 727 Πρὸς
1531 649 1577 705 δ’
1634 651 1743 721 ἆλή
1779 684 1803 692 -

158 740 296 794 θειαν
350 736 451 792 οὐκ
515 737 618 792 εἷ’σὶ
674 736 967 811 περίοικοι,
1024 735 1137 793 οὔτ’
1192 735 1452 813 ἅντοικοι,
1505 738 1617 795 οὔτ’
1658 740 1804 794 ἀντί-

158 826 337 888 ποδες.
397 826 461 889 Εἰ
517 827 621 903 γὰρ
680 826 757 888 εἷς
797 828 897 896 τὴν
954 826 1221 904 ἡμετέραν
1270 828 1468 899 ταύτην
1525 827 1806 903 σύμπασαν

158 919 256 993 γῆν
299 912 499 988 πολλῷ
546 913 751 971 πλείων
797 921 897 985 τῆς
937 911 1264 991 οἰκουμένης
1318 918 1574 989 ἀοίκητος
1616 916 1804 993 εὔκρα-

157 1026 267 1077 τος,
314 1004 398 1067 τίς
462 1003 663 1081 ἀνάγκη
715 1002 940 1067 πλείους
994 1005 1313 1081 οἰκουμένας
1362 1006 1593 1062 ἐπινοεῖν
1648 1027 1662 1077 ;
1712 1007 1806 1061 Τό-

159 1114 289 1155 πους
343 1093 525 1167 μέντοι
578 1090 825 1155 πολλοὺς
874 1094 1166 1164 ἀοικήτους
1212 1094 1501 1170 εὐκράτους
1555 1094 1804 1169 ὑπολαμ-

160 1178 333 1238 ϐάνειν
410 1181 474 1237 τὸ
553 1180 769 1237 κωλύον
858 1179 1034 1238 οὐδὲν.
1148 1183 1627 1261 Ὑπερεκπερισσοῦ
1704 1186 1805 1262 γὰρ

159 1271 363 1326 ἅπαντα
416 1269 709 1341 πεποίηκεν
769 1270 798 1324 6
856 1270 1005 1334 Θεός·
1066 1270 1152 1327 καί
1206 1272 1388 1350 ὥσπερ
1439 1272 1624 1350 ὀλίγον
1674 1279 1803 1351 πῦρ,

162 1356 350 1435 ὀλίγος
382 1359 508 1436 ἀήρ,
545 1356 732 1435 ὀλίγον
763 1355 910 1435 ὕδωρ
939 1362 1007 1414 τὰ
1054 1362 1190 1437 πρὸς
1239 1366 1438 1439 χρῆσιν
1488 1363 1807 1439 ἐξαρκοῦντα

155 1452 269 1509 τοῖς
325 1448 407 1509 οἷς
464 1449 717 1523 χρήσιμα
769 1452 936 1503 ταῦτα
999 1450 1404 1524 γινώσκονται,
1455 1451 1807 1524 πάμπλειστα

158 1533 215 1590 δὲ
242 1535 389 1610 παρὰ
431 1542 533 1605 τῆς
582 1532 990 1611 δημιουργικῆς
1041 1537 1464 1613 μεγαλειότητος
1512 1540 1601 1596 καὶ
1630 1538 1803 1595 πλου-

158 1625 515 1701 σιοπαροχίας
572 1623 892 1700 γεγόνασινθ
954 1624 1096 1681 οὕτω
1151 1628 1240 1683 καὶ
1292 1635 1394 1698 τῆς
1452 1636 1555 1705 γῆς
1617 1628 1802 1705 ὀλίγον

161 1714 252 1787 μὶν
299 1714 362 1769 τὸ
419 1712 769 1788 οἷκούμενον,
826 1715 966 1768 πάνυ
1024 1711 1081 1769 δὲ
1136 1715 1280 1772 πολὺ
1325 1719 1389 1771 τὸ
1434 1714 1689 1794 εὔκρατον
1714 1717 1803 1773 καὶ

157 1801 291 1878 πρός
346 1799 558 1872 οἷ’κησιν
617 1802 853 1882 πεφυκὸς
883 1846 896 1859 .
958 1803 1023 1859 Ἦ
1075 1803 1176 1881 γὰρ
1232 1812 1332 1875 τῆς
1398 1806 1541 1869 θείας
1599 1804 1803 1883 δωρεᾶς

156 1889 538 1997 άκατάληπτος
604 1886 835 1953 ἄϐυσσος
884 1891 1017 1968 ὑπὲρ
1076 1892 1281 1949 ἅπασαν
1341 1895 1526 1971 χρείαν
1584 1896 1801 1973 ὁπερεξ-
1832 1931 1881 1997 Β

157 1978 306 2055 ἑχεεν
336 1980 565 2039 ἅπαντα.

225 2268 313 2319 κα,
342 2248 450 2324 κβ’.
482 2245 616 2324 Περῖ
640 2253 738 2303 τοῦ
784 2256 886 2319 τῆς
915 2257 1017 2326 γῆς
1068 2249 1326 2327 μεγέθους
1360 2246 1609 2327 διάφοροι
1643 2248 1806 2325 λόγοι

154 2335 436 2411 γεγόνασιν
486 2338 561 2391 ὧν
615 2335 793 2400 οὐδεὶς
842 2336 960 2415 ἔχει
1008 2340 1070 2394 τὸ
1116 2337 1527 2415 ἀναντίρρητον·
1576 2338 1714 2403 τέως
1760 2338 1806 2394 δ’

157 2422 246 2479 οὖν
301 2422 501 2500 βελτίω
547 2427 694 2503 τάχα
742 2431 850 2483 τῶν
915 2425 1102 2483 ἄλλων
1154 2425 1373 2482 δοκοῦσι
1421 2427 1597 2503 λέγειν
1648 2434 1803 2503 Ἐρα-

152 2513 410 2584 τοσθὲνης
456 2514 546 2569 καὶ
597 2513 981 2578 Ποσειδώνιος.
1033 2518 1090 2570 '0
1142 2517 1235 2590 μὲν
1285 2515 1375 2572 οὖν
1425 2519 1804 2595 Ἐρατοσθένης

152 2607 483 2679 γραμμικῶς
535 2602 800 2659 δεικνύναι
848 2606 1145 2682 προάγεται
1207 2606 1306 2675 τὴν
1355 2613 1456 2675 τῆς
1505 2609 1611 2682 γῆς
1656 2606 1806 2681 περί-

159 2711 351 2767 μετρον
410 2689 642 2748 σταδίων
696 2690 973 2769 μυριάδων
1031 2693 1190 2751 πέντε
1242 2694 1333 2749 καὶ
1392 2692 1612 2767 ε’ίκοσιν,
1675 2695 1806 2749 ὑπό-

153 2780 297 2836 θεσιν
355 2781 493 2856 πρὸς
558 2783 659 2851 τὴν
710 2782 908 2838 οἰκείαν
965 2780 1127 2855 δεῖξιν
1176 2782 1503 2857 ποιούμενος
1560 2784 1623 2838 τὸ
1678 2805 1805 2839 στα·-

156 2866 285 2925 δίων
331 2869 464 2924 εἶναι
510 2871 972 2948 πεντακισχιλίων
1041 2872 1104 2927 τὸ
1153 2871 1259 2927 ἀπὸ
1310 2872 1550 2944 σελήνης
1607 2874 1804 2949 μέχρις

155 2955 565 3034 Ἀλεξανδρείας
614 2957 907 3033 διάστημα·
962 2961 1052 3015 καὶ
1096 2965 1312 3037 πρῶτον
1363 2963 1426 3016 τὸ
1471 2962 1568 3023 τὰς
1613 2960 1805 3025 πόλεις

151 3046 349 3108 ταύτας
408 3047 512 3101 ὑπὸ
568 3052 648 3119 τῷ
707 3048 854 3121 αὐτῷ
906 3053 1113 3113 κεῖσθαι
1173 3045 1546 3127 μεσημϐρινῷ,
1597 3048 1688 3105 καί
1743 3051 1806 3105 τὸ

160 3134 358 3208 μεταξὺ
404 3140 511 3190 τῶν
565 3134 782 3192 πόλεων
830 3135 1124 3211 διάστημα,
1185 3136 1415 3194 σταδίων
1463 3159 1807 3215 πεντακισχι-

150 3222 287 3281 λίων
320 3221 390 3280 δι’
420 3222 790 3301 ἁπλουστέρας
840 3223 1037 3305 ἐφόδου
1083 3227 1183 3296 τήν
1214 3234 1315 3298 τῆς
1345 3235 1447 3303 γῆς
1477 3228 1801 3306 περίμετρον

1915 655 2047 708 Haec
2100 652 2475 727 physiologiae
2534 655 2769 710 inventa
2824 657 2965 710 sunt
3010 653 3052 709 ³.
3112 654 3174 709 In
3225 652 3306 709 rei
3355 656 3550 709 autem

1915 742 2155 797 veritate
2186 760 2288 798 nec
2341 742 2573 814 perimci
2622 747 2780 809 sunt,
2831 759 2936 799 nec
2983 741 3211 807 antceci,
3266 757 3372 799 nec
3403 740 3563 797 anti-

1914 831 2114 902 podes.
2148 831 2205 886 Si
2237 831 2393 886 enim
2419 833 2573 905 quod
2597 833 2669 887 ad
2691 836 2953 887 nostram
2978 830 3310 887 universam
3342 835 3558 887 terram

1914 920 2144 987 attinet,
2179 920 2363 976 multo
2397 923 2585 993 major
2626 926 2716 976 est
2762 919 2985 976 inculta
3028 924 3355 992 temperata
3385 937 3562 993 quam

1915 1024 2042 1079 quae
2076 1008 2303 1079 colitur,
2338 1026 2465 1081 quae
2499 1009 2818 1078 necessitas
2846 1009 3002 1082 cogit
3022 1013 3086 1064 ut
3116 1009 3310 1082 plures
3339 1009 3563 1068 habita-

1916 1096 2061 1152 biles
2094 1097 2335 1169 [partes]
2387 1097 2831 1170 excogitemus?
2880 1098 3058 1170 Atqui
3106 1102 3173 1153 ut
3221 1097 3408 1155 multa
3436 1097 3564 1155 loca

1914 1190 2240 1257 temperata
2261 1187 2601 1258 judicemus
2654 1187 2895 1259 inculta,
2944 1186 3093 1243 nihil
3125 1192 3215 1242 est
3243 1188 3396 1260 quod
3429 1205 3560 1260 pro-

1914 1273 2129 1330 hibeat.
2187 1275 2410 1347 Quippe
2465 1276 2619 1331 Deus
2672 1277 2870 1332 omnia
2936 1276 2994 1331 in
3054 1292 3291 1333 summa
3348 1277 3567 1334 creavit

1914 1363 2295 1420 abundantia.
2358 1365 2425 1420 Et
2482 1365 2635 1420 sicut
2693 1381 2903 1436 parum
2971 1364 3125 1437 ignis
3182 1369 3292 1437 est,
3353 1382 3564 1438 parum

1913 1452 2087 1518 aeris,
2146 1470 2353 1524 parum
2431 1470 2616 1526 aquae,
2695 1471 2823 1526 quae
2891 1454 3190 1510 sufﬁciant
3257 1454 3330 1510 ad
3387 1472 3563 1512 usum

1913 1538 2008 1594 his
2081 1541 2296 1611 quibus
2372 1542 2644 1612 expedire
2719 1547 3173 1613 cognoscuntur,
3238 1541 3559 1612 plurimum

1915 1631 2108 1683 autem
2140 1646 2174 1684 a
2205 1630 2525 1686 conditoris
2556 1631 2863 1700 majestate
2893 1634 2951 1685 et
2971 1628 3416 1702 opulentissima
3442 1630 3561 1687 lar-

1914 1716 2093 1789 gitate
2125 1718 2344 1773 factum
2375 1725 2499 1774 est:
2533 1719 2617 1773 sic
2649 1719 2825 1775 etiam
2866 1718 3076 1791 exigua
3103 1723 3270 1775 terrae
3301 1736 3439 1791 pars
3469 1724 3565 1777 est

1914 1821 2041 1876 qua:
2072 1805 2391 1878 habitatur,
2441 1808 2543 1863 sed
2574 1806 2741 1862 valde
2790 1823 3023 1879 magna,
3074 1824 3200 1879 quae
3230 1811 3560 1880 temparata

1914 1895 2066 1949 339
2116 1899 2174 1950 et
2222 1896 2292 1951 ad
2342 1895 2763 1952 habitationem
2816 1900 3025 1952 natura
3066 1901 3406 1968 comparata
3443 1901 3557 1955 est.

1913 1987 2212 2039 Immensa
2239 1984 2393 2039 enim
2418 1984 2626 2040 divinas
2649 1985 3063 2041 muniﬁcentia:
3083 1985 3332 2059 abyssus
3360 1987 3563 2043 omnia

1913 2071 2100 2127 multo
2132 2073 2531 2129 abundantius
2578 2073 2802 2143 effudit,
2852 2089 3030 2145 quam
3079 2089 3283 2131 eorum
3312 2075 3562 2148 requirit

1912 2159 2256 2233 indigentia.

1981 2251 2073 2321 21,
2103 2251 2193 2306 22.
2228 2251 2514 2307 Caeterum
2545 2252 2565 2287 ³
2598 2253 2668 2307 de
2721 2256 2888 2308 terra
2923 2252 3330 2325 magnitudine
3359 2254 3558 2310 multae

1915 2340 2214 2393 sententiae
2262 2340 2520 2407 fuerunt,
2567 2357 2819 2412 quarum
2871 2341 3035 2398 nulla
3081 2342 3560 2401 contradictionis

1915 2442 2120 2498 expers
2164 2433 2299 2497 est;
2350 2434 2751 2485 verumtamen
2803 2430 3023 2487 caeteris
3073 2431 3317 2488 meliora
3364 2432 3558 2491 forsan

1914 2515 2106 2570 dicere
2150 2516 2384 2571 videtur
2431 2516 2839 2573 Eratosthenes
2890 2523 2946 2574 et
3002 2519 3368 2577 Posidonius.
3419 2521 3561 2578 Era-

1913 2604 2214 2660 tosthenes
2246 2604 2426 2677 igitur
2454 2606 2803 2678 geometrice
2854 2611 3021 2663 terra:
3052 2609 3338 2664 ambitum
3369 2614 3560 2666 osten-

1915 2692 2049 2747 dere
2081 2694 2420 2765 aggreditur
2446 2693 2650 2765 viginti
2681 2695 2942 2766 quinque
2976 2696 3306 2769 myriadum
3336 2698 3558 2754 stadio-

1915 2797 2082 2848 rum;
2115 2782 2256 2836 dum
2315 2783 2594 2853 [interim]
2641 2800 2759 2839 suae
2816 2785 3172 2840 ostensionis
3211 2784 3557 2858 hypothesin

1913 2869 2056 2924 facit
2084 2871 2238 2940 quod
2290 2871 2657 2927 intervallum
2708 2889 2742 2927 a
2787 2874 2976 2945 Syene
3025 2873 3097 2928 ad
3144 2873 3553 2929 Alexandriam

1914 2957 1994 3012 sit
2023 2957 2334 3030 quinquies
2360 2959 2520 3015 mille
2551 2960 2874 3017 stadiorum
2906 2963 2946 3015 ι.
2967 2966 3036 3017 Et
3065 2961 3253 3034 primo
3284 2962 3439 3033 quod
3467 2962 3553 3017 he

1913 3047 2089 3102 urbes
2120 3053 2260 3103 sunt
2300 3049 2411 3104 sub
2463 3050 2666 3105 eodem
2714 3050 3061 3119 meridiano,
3114 3065 3347 3122 quoque
3375 3050 3555 3107 inter-

1914 3135 2175 3191 medium
2223 3136 2456 3191 urbium
2497 3137 2864 3193 intervallum
2916 3143 3007 3193 est
3042 3138 3365 3210 quinquies
3395 3139 3558 3195 mille

1913 3224 2258 3292 stadiorum,
2293 3224 2646 3296 simpliciore
2667 3226 2913 3294 ratione,
2962 3231 3127 3282 terra:
3159 3226 3445 3282 ambitum
3467 3243 3560 3282 ex-

146 3309 453 3369 ἀποδίδωσι
503 3311 734 3370 σταδίων
794 3312 1070 3389 μυριάδων
1127 3316 1396 3391 τεσσάρων
1456 3317 1546 3372 καὶ
1597 3314 1801 3375 εἷ’κοσι.

1915 3312 2094 3383 hibet,
2125 3313 2330 3385 viginti
2362 3315 2628 3387 quinque
2650 3316 2981 3387 myriadum
3009 3315 3356 3371 stadiorum.
3390 3318 3564 3371 Caete-

144 3396 534 3477 Μεσημϐρινοὶ
584 3400 644 3458 δὲ
688 3402 884 3459 κύκλοι
934 3402 1068 3458 εἰσὶν
1100 3405 1154 3460 οἱ
1201 3403 1290 3459 διά
1317 3425 1375 3459 τε
1421 3409 1530 3460 τῶν
1557 3410 1657 3460 τοῦ
1685 3426 1803 3460 στε-

144 3490 428 3566 ρεώματος
479 3490 667 3547 πόλων
711 3492 1065 3570 γραφόμενοι,
1118 3494 1208 3548 καὶ
1258 3492 1347 3548 διὰ
1391 3491 1623 3567 σημείου
1652 3496 1802 3558 τινὸς

141 3576 175 3634 ὃ
227 3585 328 3648 τῆς
388 3588 630 3658 κορυφῆς
687 3581 911 3637 ἑκάστου
969 3585 1076 3637 τῶν
1136 3582 1269 3659 ὑπὲρ
1319 3588 1425 3657 γῆς
1490 3576 1805 3657 βεϐηκότων

141 3666 456 3743 ὑπέρκειται
481 3712 494 3726 .
553 3667 727 3725 Πόλοι
801 3671 896 3743 μὲν
953 3667 1044 3726 οὖν
1106 3671 1161 3725 οἱ
1218 3669 1374 3726 αὐτοὶ
1426 3672 1642 3727 πάντων
1705 3692 1803 3745 με-

139 3751 463 3832 σημϐρινῶν
523 3775 537 3789 ⁶
594 3758 659 3813 τὸ
716 3755 776 3814 δὲ
829 3759 968 3814 κατὰ
1028 3760 1280 3837 κοφυφήν
1339 3759 1567 3833 σημεῖον
1620 3756 1801 3837 ἕτερον

138 3843 340 3920 ὲτὲρων
398 3844 540 3901 ἐστίν
572 3888 584 3901 .
644 3849 801 3911 ’Όθεν
860 3847 950 3902 καὶ
1010 3849 1224 3924 ἄπειροι
1295 3845 1546 3903 δύνανται
1602 3849 1801 3927 γράφε-

138 3934 268 3987 σθαι
332 3929 738 4011 μεσημϐρινοί.
800 3937 1001 3998 Πάντες
1062 3932 1108 3991 δ’
1166 3935 1258 3990 οὗν
1321 3936 1372 3991 οἱ
1434 3931 1802 4011 μεσημϐρινοὶ

143 4021 399 4097 μέγιστοι
431 4021 628 4079 κύκλοι
676 4017 849 4097 ὄντες,
900 4023 988 4079 καὶ
1035 4024 1128 4080 τὸν
1174 4023 1379 4097 κόσμον
1413 4025 1590 4100 (πρὸς)
1623 4023 1833 4095 ἀλλή-’

130 4108 275 4172 λους
331 4111 407 4172 εἷς
460 4108 556 4166 δύο
610 4112 895 4186 τέμνοντες
975 4132 1059 4185 σα,
1120 4109 1228 4166 ἰ¹σοι
1278 4113 1369 4167 καὶ
1416 4117 1498 4185 τῷ
1540 4111 1805 4186 ςωδιακῷ

137 4197 241 4253 ⁴διαὶ
297 4196 570 4269 ἂκλήλοις
628 4198 781 4255 εἰσὶν.
843 4198 960 4254 ἐπεὶ
1014 4198 1105 4256 καὶ
1159 4200 1188 4254 6
1236 4198 1498 4271 ζωδιακὸς
1552 4200 1802 4277 μέγιστος

135 4284 353 4348 κύκλος
404 4285 562 4343 ἐστίν.
612 4289 676 4342 Ol
720 4285 765 4342 δ’
815 4286 937 4344 ὅλοι
986 4287 1141 4351 ὅλοις
1191 4285 1321 4360 ἴσοι,
1377 4288 1469 4344 καὶ
1523 4290 1594 4345 τὰ
1639 4288 1806 4365 ὅμοια

141 4374 292 4452 μέρη
322 4371 591 4447 ἀλλήλων
616 4373 713 4432 ’ἶσα
739 4373 972 4434 ἔσονται.

212 4465 297 4540 κγ’
326 4507 341 4524 .
399 4465 507 4535 Τὴν
566 4466 633 4521 αὖ
689 4463 875 4522 Ῥόδον
924 4465 1017 4522 καὶ
1071 4467 1174 4537 τήν
1234 4463 1643 4543 Ἀλεξάνδρειαν
1701 4468 1804 4523 ὑπὸ

128 4556 223 4626 τῷ
250 4551 400 4627 αὐτῷ
445 4557 654 4618 κεῖσθαι
702 4549 1063 4632 μεσημϐρινῷ
1114 4554 1292 4631 λὲγων
1343 4555 1371 4610 6
1416 4553 1801 4627 Ποσειδώνιος,

126 4640 233 4730 καὶ
265 4639 494 4730 σταδίων
539 4642 671 4699 εἶναι
720 4642 1182 4730 πεντακισχιλίων
1225 4644 1289 4700 τὸ
1337 4644 1433 4707 τὰς
1473 4642 1664 4707 πόλεις
1714 4645 1804 4702 ἀπ’
1834 4665 1882 4730 D

127 4729 410 4803 ἀλλήλων
474 4729 714 4807 διεῖργον
772 4729 1086 4806 διάστημα,
1148 4730 1536 4810 λαμπρότατον
1612 4734 1808 4811 ἀστέρα

124 4821 263 4878 τινά
333 4840 469 4898 φησι
540 4819 884 4894 καλούμενον
971 4823 1236 4877 Κάνωπον
1313 4821 1586 4900 φαίνεσθαι
1666 4824 1805 4898 πρὸς

134 4904 492 4986 μεσημϐρίαν
550 4909 627 4972 ὡς
686 4908 775 4965 ἐπὶ
828 4915 911 4984 τῷ
968 4908 1229 4985 πηδαλίῳ
1282 4917 1383 4981 τῆς
1443 4912 1689 4988 ’Δργοῦς’
1750 4911 1801 4968 ἐν

126 4995 370 5054 Ἐλλάδι
419 4999 513 5072 μὲν
564 4996 680 5055 οὐδ’
722 4997 867 5062 ὅλως
911 5000 1191 5075 ὁρώμενον
1240 4999 1383 5074 (ὅθεν
1424 4997 1539 5055 οὐδ’
1566 5002 1802 5076 ’Ἄρατος

127 5088 190 5147 ἐν
231 5092 352 5150 τοῖς
400 5087 763 5162 Φαινομένοις
804 5085 991 5163 εἷ’ρηκὲ
1032 5109 1085 5144 τι
1139 5088 1262 5164 περὶ
1315 5088 1523 5162 αὐτοῦ),
1581 5094 1698 5151 τοῖς
1754 5077 1802 5143 δ’

126 5176 253 5253 ἀπε
279 5180 389 5235 τῶν
438 5175 855 5254 ἀρκτικωτὲρων
910 5181 1087 5250 μερῶν
1137 5176 1213 5238 ὡς
1265 5176 1403 5253 πρὸς
1460 5171 1803 5253 μεσημϐρίαν

127 5265 466 5342 ἐρχομένοις
522 5266 703 5343 ἀρχὴν
776 5265 827 5320 ἐν
895 5262 1069 5339 Ῥόδῳ
1123 5269 1220 5319 τοῦ
1279 5265 1502 5342 ὁρᾶσθαι
1562 5259 1750 5336 λαμϐά
1780 5297 1803 5308 -

122 5375 314 5411 νοντα·
373 5353 506 5410 κάπὶ
562 5347 660 5410 τού
718 5354 997 5429 ὁρίζοντος
1056 5348 1286 5433 ὀφθέντα
1345 5354 1535 5431 μικρὸν
1567 5397 1581 5423 ,
1642 5352 1796 5417 εὐθὺς

122 5442 273 5501 κατᾶ
320 5444 419 5514 τὴν
471 5448 569 5501 τοῦ
616 5443 829 5519 κόσμου
886 5432 1625 5524 συστροφὴνκαταδύεσθαι⁹
1674 5447 1799 5506 τοῖς

204 5679 229 5714 ³
260 5677 411 5750 Plin.
440 5676 545 5750 lib.
576 5695 639 5745 ιι,
666 5694 718 5736 ο.
763 5677 878 5747 65;
922 5677 1083 5750 Lact.
1114 5676 1237 5750 lib:
1270 5693 1357 5747 In,
1390 5677 1557 5750 0.724.
1603 5677 1772 5750 Augu

1912 3417 2043 3456 rum
2075 3402 2390 3458 meridiani
2425 3409 2564 3458 sunt
2593 3403 2817 3476 circuli,
2841 3403 2941 3476 qui
2970 3407 3027 3459 et
3073 3420 3176 3476 per
3204 3404 3563 3460 ﬁrmamenti

1912 3490 2076 3562 polos
2107 3491 2543 3563 describuntur,
2576 3497 2634 3548 et
2662 3509 2764 3564 per
2791 3490 3029 3564 aliquod
3078 3499 3361 3564 punctum
3393 3492 3554 3549 aliud

1913 3581 2067 3651 quod
2098 3580 2283 3637 cuivis
2312 3580 2374 3635 in
2402 3587 2558 3637 terra
2587 3580 3019 3638 ambulantium
3055 3581 3256 3637 vertici
3286 3582 3558 3653 superin-

1912 3669 2156 3724 cumbit.
2182 3668 2302 3724 Poli
2325 3670 2569 3741 proinde
2589 3671 2852 3726 omnium
2881 3670 3341 3727 meridianorum
3360 3670 3560 3744 iidem,

1913 3758 2012 3812 sed
2047 3762 2332 3829 punctum
2360 3758 2635 3815 verticale
2659 3759 2814 3831 apud
2840 3758 2986 3814 alios
3015 3764 3103 3815 est
3134 3759 3316 3815 aliud.
3349 3761 3474 3825 Qua
3493 3760 3565 3815 de

1912 3862 2091 3901 causa
2108 3845 2285 3901 etiam
2308 3846 2526 3902 inﬁniti
2552 3847 2861 3903 meridiani
2880 3847 3057 3904 scribi
3071 3847 3565 3919 possunt.0mnes

1914 3936 2067 3991 340
2099 3934 2346 4006 proinde
2378 3936 2687 3991 meridiani
2737 3952 2871 3992 cum
2921 3936 3042 3993 sint
3071 3936 3310 3992 maximi
3336 3935 3562 4003 circuli,

1912 4027 1970 4079 et
2000 4024 2284 4078 mundum
2316 4023 2564 4080 invicem
2611 4024 2673 4080 in
2704 4025 2851 4081 duas
2900 4024 3153 4096 aequales
3185 4029 3379 4098 partes
3409 4026 3560 4081 divi-

1913 4112 2073 4182 dant,
2106 4128 2239 4167 cum
2270 4113 2516 4169 Zodiaco
2548 4117 2672 4169 tum
2705 4114 2819 4170 sibi
2849 4114 3098 4170 invicem
3121 4114 3374 4186 mquales
3403 4118 3562 4182 sunt,

1912 4201 2192 4273 quoniam
2243 4202 2420 4257 etiam
2470 4203 2754 4259 Zodiacus
2810 4207 2901 4259 est
2946 4202 3202 4259 circulus
3247 4203 3562 4259 maximus.

1912 4289 2074 4356 Quod
2106 4290 2156 4344 si
2186 4289 2291 4345 toti
2333 4290 2473 4346 totis
2515 4296 2656 4346 sunt
2704 4290 2978 4363 aequales,
3026 4291 3201 4347 etiam
3233 4296 3430 4362 partes
3458 4306 3559 4345 eo-

1882 4394 2067 4447 rum,
2116 4395 2244 4450 quas
2292 4378 2539 4434 invicem
2590 4383 2731 4435 sunt
2776 4378 3019 4448 similes,
3068 4378 3320 4451 mquales
3358 4382 3554 4434 erunt.

1980 4467 2072 4521 23.
2104 4468 2279 4523 Porro
2329 4468 2603 4523 Rhodum
2649 4472 2706 4523 et
2745 4467 3157 4523 Alexandriam
3205 4467 3394 4524 eidem
3427 4483 3558 4529 mea

1912 4554 2141 4612 ridiano
2173 4556 2499 4628 subjectam
2551 4572 2680 4613 esse
2730 4556 2933 4612 dicens
2981 4555 3346 4624 Posidonius,
3380 4559 3439 4611 et
3467 4555 3556 4610 in-

1912 4644 2224 4701 tervallum
2255 4646 2409 4717 quod
2438 4644 2698 4701 civitates
2729 4662 2763 4701 a
2783 4661 2845 4700 se
2864 4644 3109 4701 invicem
3135 4644 3364 4699 dirimit
3383 4644 3557 4716 quin-

1913 4734 2079 4806 quies
2101 4733 2261 4789 mille
2282 4734 2627 4804 stadiorum,
2650 4732 3189 4806 splendidissimam
3217 4733 3558 4804 quampiam

1913 4822 2141 4878 stellam
2174 4839 2302 4895 quae
2332 4823 2603 4894 CanOpus
2649 4822 2910 4890 voc'atur,
2947 4822 3019 4877 ad
3067 4820 3373 4877 meridiem
3405 4826 3471 4875 ut
3499 4820 3559 4875 in

1912 4911 2305 4984 gubernaculo
2352 4913 2543 4983 Argus
2594 4926 2870 4983 apparere
2915 4909 3275 4982 pronuntiat,
3324 4926 3452 4981 quae
3495 4908 3556 4964 in

1911 4999 2130 5055 Graecia
2177 4999 2415 5071 quidem
2467 4999 2628 5055 nullo
2672 5000 2843 5055 modo
2891 4997 3286 5069 conspiciatur
3314 4997 3455 5071 (qua
3482 4998 3555 5053 de

1911 5104 2091 5143 causa
2135 5090 2311 5143 etiam
2358 5090 2572 5143 Aratus
2627 5088 2687 5142 in
2739 5089 3117 5143 thsnomem's
3168 5086 3313 5142 nihil
3366 5088 3439 5142 de
3485 5103 3556 5143 ea

1909 5177 2209 5248 disseruit)
2238 5195 2251 5233 :
2286 5177 2356 5232 ab
2388 5177 2460 5232 iis
2492 5183 2685 5232 autem
2719 5177 2815 5248 qui
2848 5195 2882 5232 a
2920 5177 3185 5248 partibus
3216 5176 3554 5232 borealiori-

1909 5265 2021 5321 bus
2054 5271 2118 5320 ut
2147 5265 2218 5321 ad
2249 5264 2553 5320 meridiem
2590 5265 3059 5337 proficiscuntur,
3091 5282 3226 5321 cum
3259 5266 3317 5321 in
3350 5265 3555 5322 Rhodo

1909 5355 2168 5428 primum
2224 5354 2637 5427 conspiciatur,
2691 5359 2755 5410 ut
2802 5371 2982 5427 super
3036 5355 3397 5412 horizontem
3430 5355 3557 5411 visa

1907 5460 2117 5516 parum
2149 5444 2342 5512 fuerit,
2373 5443 2529 5500 illico
2560 5443 2620 5499 in
2651 5444 2860 5500 mundi
2890 5445 3264 5503 conversione
3303 5444 3550 5515 occidat,

1777 5675 2085 5751 st._gl.rxv1,
2119 5693 2175 5734 c.
2229 5677 2398 5751 9,00
2426 5675 2660 5751 civitate
2702 5678 2845 5751 Dei,
2901 5680 2923 5715 ³
2953 5678 3170 5737 Cleom.
3197 5678 3238 5735 l.
3269 5694 3394 5751 I,"6.
3429 5678 3540 5747 10;

123 5750 305 5808 Mart.
338 5749 586 5823 Capella,
620 5750 722 5806 lib.
751 5764 829 5821 vr,
862 5766 920 5822 p.
952 5748 1078 5805 224·
1156 5750 1178 5785 ⁴
1208 5748 1348 5806 Pars
1378 5749 1402 5807 Ι
1441 5749 1617 5809 habet
1645 5748 1839 5809 stadia
1863 5748 2026 5817 5000,
2057 5748 2252 5823 partes
2280 5749 2353 5805 50
2381 5749 2687 5808 habebunt
2713 5749 2948 5807 250000.
