3988 6448
108 453 259 518 1281

1436 444 1788 512 EPITOME
1830 444 2193 511 PHYSICA.

3357 448 3513 512 1282

172 581 545 643 Intervallum
585 581 808 637 dierum
853 580 922 636 ab
949 582 1280 653 aequinoctio
1328 596 1493 637 verno
1520 581 1591 636 ad
1639 582 2017 653 conversiones
2062 595 2235 651 usque
2262 581 2506 653 κρήνας,
2534 582 2586 634 et
2623 596 2659 634 a
2712 580 3157 636 conversionibus
3201 583 3413 637 ¢gslivis
3441 580 3513 637 ad

175 656 567 728 aequinoctium
594 653 942 728 autumnale,
973 651 1030 707 et
1079 652 1368 728 abrodem
1398 653 1725 728 aquinoctio
1757 651 1825 728 ad
1875 654 2267 728 conversiones
2300 651 2581 728 hibernas,
2612 654 2665 728 el
2711 654 2949 728 demque
2980 670 3021 707 α
3066 653 3512 728 conversionibus

180 722 427 785 hibernis
454 725 525 781 ad
552 725 953 796 equinoctium
979 724 1199 780 vernale
1239 722 1515 794 definitur-
1549 754 1618 765 —-
1645 723 2109 796 21.40uanquamr
2142 722 2356 778 zodiaci
2383 723 2717 795 quadrantes
2758 722 2885 777 sunt
2925 725 3186 796 mquales,
3223 727 3407 779 tamen
3434 724 3515 779 sol

180 815 291 855 non
317 799 593 867 percurrit
615 794 708 852 eos
734 797 943 865 aequali
991 799 1247 866 tempore,
1279 797 1410 867 quia
1438 795 1497 849 in
1528 812 1630 850 sua
1674 794 2043 867 sphaeraqu
2090 795 2247 866 infra
2272 794 2681 867 [irritamentum
2733 801 2810 850 est
2835 810 2933 865 per
2980 794 3218 850 solarem
3249 796 3513 850 circulum

183 816 291 855 non
355 816 593 854 ercurrtc
620 816 708 852 608
734 816 940 865 aequati
991 816 1247 866 ῑσηιρονσ,
1279 816 1410 867 quia
1438 816 1497 849 ιη
1528 816 1630 850 sua
1674 816 1894 865 spnaera
1924 816 2043 865 qua!
2090 816 2247 866 ῑημίι
2272 816 2681 864 ﬁrmamentum
2733 816 2810 850 εδι
2835 816 2933 865 per
2980 816 3218 850 saturem
3249 816 3513 850 arculum

183 816 353 927 84b?
370 870 616 924 movetur
655 869 749 939 qui
779 867 1005 922 Zodiaco
1031 883 1166 939 non_
1192 873 1272 921 est
1319 868 1811 939 concentricus._—
1859 866 1949 919 22.
1984 867 2132 939 Hinc
2172 866 2485 939 [aequalibus
2513 866 2734 921 Zodiaci
2778 869 3068 939 s_egmentis
3098 868 3401 937 inaequalia
3427 882 3514 923 so-

187 943 330 998 laris
368 940 566 996 circuli
610 935 891 1009 segmenta
939 937 1297 1010 respondent;
1327 947 1377 992 et
1405 939 1507 1010 liae
1560 940 1679 1007 ipsa
1705 935 1770 990 de
1813 952 1982 1010 causa
2029 938 2348 1010 longissimo
2384 940 2628 1010 tempore
2674 938 2734 992 in
2785 936 3047 1000 Geminis,
3084 935 3400 993 brevissim
3456 940 3518 993 in

188 1012 487 1083 Sagittario
513 1008 763 1065 moratus
791 1018 872 1083 est
896 1010 989 1083 sol
1012 1008 1247 1064 auctoris
1287 1008 1507 1080 quidem
1536 1016 1796 1083 tempore._
1821 1037 1887 1047 —
1915 1008 2015 1083 25ἒ
2032 1008 2104 1083 _Se

2186 1016 2237 1062 et
2266 1008 2650 1077 nychthemera
2678 1023 2790 1063 non
2835 1016 2963 1064 sunt
2986 1010 3223 1079 praecise
3251 1010 3518 1080 aqualia,

187 1078 320 1157 quia
348 1081 715 1157 additamenlo
745 1080 875 1137 solis
908 1082 993 1157 uti
1036 1089 1229 1136 vocant
1253 1078 1366 1135 non
1411 1087 1542 1157 sunt
1584 1078 1850 1157 aquatio.
1883 1106 1950 1119 —
1978 1078 2071 1157 24.
2105 1079 2502 1157 Nychthemera
2549 1087 2736 1157 autem
2752 1096 2833 1157 ex
2857 1078 3260 1157 inaequalitate
3289 1078 3516 1157 addita-

186 1150 492 1236 menlorum
516 1162 646 1236 sunt
673 1153 1001 1236 inaequalia,
1179 1160 1400 1236 propter
1421 1154 1635 1236 quotum
1661 1150 1794 1236 so_lis
1811 1221 1823 1234 _
1842 1151 2147 1236 proprium,
2179 1154 2299 1204 tum
2322 1154 2543 1232 propter
2588 1151 2785 1236 solaris
2812 1151 3014 1236 circuli
3063 1153 3520 1236 ecceutricilatem

132 1223 139 1229 ’
190 1242 317 1281 cum
344 1226 492 1287 caelo.
523 1224 581 1279 id
608 1231 686 1279 est
711 1221 894 1295 primo
944 1223 1160 1278 mobili.
1179 1221 1260 1262 “-
1414 1223 1620 1293 Quippe
1645 1221 1725 1276 sol
1768 1221 1823 1295 si
1869 1221 1952 1276 vel
1981 1225 2132 1295 motu
2164 1223 2399 1295 pr0prio
2424 1221 2676 1295 careret,
2702 1222 2785 1276 vel
2806 1222 2863 1295 si
2907 1222 3106 1277 solaris
3133 1221 3383 1278 circulus
3412 1237 3525 1277 non

195 1304 339 1353 esset
364 1296 692 1352 eccentricus
712 1292 913 1364 ’grz'mo
961 1295 1174 1363 mobili,
1202 1292 1591 1366 nychtheme’r’a
1637 1293 1830 1366 omnia
1874 1294 2100 1366 praecise
2142 1294 2337 1366 forent
2366 1292 2626 1366 mqualia.
2661 1324 2727 1366 θ
2756 1293 2847 1347 26.
2884 1297 2991 1366 Per
3017 1295 3415 1350 conclusionem
3442 1296 3528 1349 in-

189 1371 323 1440 fert,
353 1368 498 1439 quod
523 1366 932 1438 inaequalitatis
961 1364 1476 1438 nychthemerorum
1495 1364 1669 1421 simul
1697 1366 1751 1420 et
1774 1367 1955 1420 motus
1983 1364 2116 1418 solis
2142 1365 2405 1436 proprius
2433 1367 2483 1420 et
2512 1365 2709 1420 solaris
2757 1365 2963 1420 circuli
2989 1367 3370 1423 eccentricicas
3398 1382 3528 1422 cau-

189 1455 264 1496 sa:
291 1442 420 1496 sint.

738 1635 997 1689 ΚΕΦΔΛ.
1037 1631 1156 1690 Ke'.
1798 1628 1857 1697 Α

123 1723 255 1798 Περὶ
321 1722 546 1796 ἡμερῶν
612 1719 703 1775 καὶ
765 1724 985 1798 νυκτῶν.
1035 1719 1123 1798 καὶ
1178 1723 1285 1774 τῶν
1351 1719 1623 1795 τεσσάρων
1677 1720 1775 1771 τοῦ

763 1787 917 1854 ἔτους
956 1790 1137 1868 ὡρῶν.

198 1901 264 1957 α’.
307 1900 364 1954 '0
415 1896 580 1969 ἥλιος
637 1894 823 1967 διττὴν
886 1896 1181 1975 φερόμενος
1237 1895 1469 1968 κίνησιν,
1521 1896 1621 1965 τὴν
1680 1895 1773 1968 μὲν

2478 1631 2707 1689 CAPUT
2745 1632 2932 1689 XXIX.

2026 1720 2100 1775 De
2126 1719 2315 1777 diebus
2343 1729 2395 1776 et
2421 1721 2665 1778 noctibus
2694 1726 2746 1778 et
2772 1727 3010 1794 quatuor
3035 1724 3175 1778 anui
3210 1724 3378 1781 horis.

1958 1898 2010 1953 1.
2042 1898 2188 1953 Cum
2218 1896 2304 1953 sol
2335 1899 2355 1931 ⁷
2385 1897 2605 1971 duplici
2663 1903 2824 1954 motu
2874 1905 3194 1967 moveatur,
3225 1918 3342 1958 uno
3371 1919 3529 1959 erra-

131 1987 220 2045 διᾶι
274 1993 375 2057 τῆς
449 1984 649 2048 οἷ’κείας
706 1984 931 2063 σφαίρας
984 1986 1082 2054 τήν
1141 1984 1506 2057 πλανητικήν,
1562 1984 1663 2052 τήν
1721 1979 1779 2037 δὲ

1908 1986 2084 2041 modo
2110 2002 2215 2058 per
2242 1986 2535 2059 propriam
2569 1987 2882 2058 sphaeram,
2916 1988 3095 2046 altero
3126 1990 3375 2047 violento
3400 1991 3528 2047 cceli

130 2076 220 2134 διὰ
264 2079 366 2147 τῆς
428 2074 607 2152 βιαίας
654 2081 1007 2151 περιαγωγῆς
1058 2079 1156 2129 τοῦ
1203 2073 1477 2136 ἀπλανοῦς
1526 2072 1776 2150 οὐρανοῦ,

132 2164 221 2223 διὰ
255 2166 350 2240 μὲν
381 2171 480 2235 τῆς
511 2161 940 2237 πεπλανημένη(
992 2166 1252 2235 κινήσεως
1295 2165 1390 2226 τὰς
1432 2161 1577 2236 ὥρας
1607 2161 1778 2236 ἀπαρ-

128 2256 285 2326 τίζει,
346 2251 436 2309 διὰ
494 2250 552 2308 δὲ
607 2260 706 2323 τῆς
766 2251 945 2324 ἄλλης
1001 2259 1102 2322 τῆς
1162 2251 1255 2308 σὺν
1302 2256 1383 2325 τῷ
1435 2250 1648 2328 οὖρανῷ
1684 2251 1779 2312 τὰς

137 2345 345 2422 ἡμέρας
390 2343 483 2399 καὶ
539 2342 631 2405 τὰς
680 2340 874 2404 νύκτας
923 2341 1223 2398 ἀποτελεῖ·
1273 2342 1369 2403 τὰς
1422 2339 1635 2414 ἡμέρας
1687 2341 1779 2394 τὸν

136 2433 260 2510 περὶ
317 2430 468 2506 ἥμᾶς
521 2430 653 2508 ἀέρα
708 2430 960 2509 φωτίζων
1017 2427 1107 2485 διὰ
1154 2433 1262 2484 τῶν
1318 2429 1546 2485 ἀκτίνων
1596 2428 1778 2483 αὐτοῦ·

139 2522 232 2584 τὰς
284 2520 481 2583 νύκτας
512 2566 529 2593 ,
589 2519 693 2574 ὑπὸ
764 2519 856 2575 τὸν
926 2518 1176 2597 ὁρίζοντα
1248 2519 1618 2593 κεκρυμμένος
1694 2517 1784 2572 καὶ

144 2608 334 2685 μηκέτι
413 2606 733 2683 διαπέμπων
808 2608 905 2671 τὰς
981 2604 1340 2683 λαμπηδόνας
1414 2607 1579 2663 αὐτοῦ
1651 2607 1785 2683 πρὸς

140 2702 337 2773 ἡμᾶς,
416 2695 506 2753 διὰ
590 2699 691 2767 τὴν
766 2699 865 2767 τῆς
938 2704 1040 2774 γῆς
1113 2696 1501 2774 ἐπιπρόσθησιν
1547 2742 1559 2755 .
1620 2693 1783 2751 Οὐδὲν

140 2787 242 2865 γὰρ
313 2784 494 2864 ἕτερόν
574 2785 713 2842 ἐστιν
785 2789 822 2856 ἡ
879 2785 971 2856 νὺξ
1041 2785 1077 2856 ἢ
1150 2786 1214 2841 τὸ
1287 2793 1387 2857 τῆς
1458 2792 1561 2861 γῆς
1630 2785 1789 2841 ἀπο-

143 2876 396 2951 σκίασμα.

1887 2074 2198 2131 inerrantis
2228 2075 2474 2131 circuitu
2499 2094 2514 2145 ;
2544 2077 2827 2135 erratico:
2850 2078 3088 2150 quidem
3139 2086 3299 2136 motu
3334 2080 3530 2149 horas,

1887 2164 1997 2220 hoc
2026 2169 2133 2230 est,
2166 2168 2319 2220 stata
2346 2164 2484 2220 anni
2536 2168 2804 2237 tempora
2860 2166 3078 2236 efﬁcit;
3111 2169 3292 2225 altero
3334 2174 3532 2225 autem

1890 2269 2064 2325 quem
2095 2270 2229 2309 cum
2255 2252 2397 2309 caelo
2428 2269 2800 2310 communem
2853 2254 3049 2327 habet,
3083 2257 3208 2314 dies
3246 2264 3304 2313 et
3333 2261 3534 2314 noctes

1890 2341 2195 2415 producit;
2229 2343 2372 2414 dies,
2404 2360 2537 2399 cum
2570 2359 2763 2399 aerem
2796 2349 3064 2401 nostrum
3096 2346 3220 2403 suis
3250 2347 3432 2404 radiis
3462 2347 3542 2403 il-

1892 2430 2179 2499 luminat;
2213 2437 2431 2500 noctes,
2462 2449 2594 2487 cum
2635 2432 2788 2488 infra
2819 2432 3178 2490 horizontem
3209 2435 3540 2494 occultatus

1891 2524 2015 2588 est;
2048 2535 2152 2575 nec
2182 2519 2436 2591 amplius
2465 2521 2619 2575 846
2651 2521 2722 2576 ad
2779 2538 2885 2577 nos
2941 2522 3199 2595 fulgores
3242 2541 3380 2581 suos
3414 2542 3541 2598 pro-

1894 2613 2021 2682 pter
2038 2614 2201 2664 terrae
2232 2610 2526 2680 objectum
2548 2609 2783 2665 emittit.
2807 2610 3004 2683 Neque
3026 2612 3182 2668 enim
3214 2613 3540 2687 quidquam

1894 2696 2049 2753 aliud
2083 2701 2173 2752 est
2196 2714 2329 2767 nox,
2362 2713 2541 2767 quam
2572 2703 2736 2753 terra;
2767 2699 3158 2756 obumbratio.

218 2965 283 3040 β’.
330 2968 454 3028 Ταῖς
506 2964 741 3040 ἡμέραις
795 2960 854 3018 δὲ
898 2963 987 3018 καὶ
1028 2968 1148 3027 ταῖς
1194 2962 1334 3034 νυξὶν
1393 2962 1642 3034 αὐξήσεις
1696 2963 1785 3018 καὶ

1966 2966 2020 3019 2.
2057 2964 2228 3020 Porro
2257 2964 2463 3020 diebus
2511 2968 2570 3021 et
2625 2964 2896 3021 noctibus
2953 2965 3314 3024 incrementa
3351 2975 3409 3025 et
3436 2971 3543 3027 de-

149 3054 398 3127 μειώσεις
454 3052 838 3129 προσγίνονται
871 3097 886 3125 ,
942 3052 1033 3107 καὶ
1087 3056 1194 3106 τῶν
1273 3052 1432 3128 ὡρῶν
1497 3050 1792 3107 ἐκτελεῖται

144 3144 179 3213 ἠ
237 3140 549 3219 τετρακτὺς,
611 3138 702 3196 διὰ
754 3142 817 3196 τὸ
875 3139 1213 3216 ἐγκεκλίσθαι
1268 3141 1362 3196 τὸν
1417 3138 1644 3214 κόσμον,
1701 3140 1791 3195 καὶ

144 3232 236 3287 τὸν
275 3231 369 3306 μὶν
400 3235 508 3285 τῶν
539 3228 729 3285 πόλων
780 3230 991 3306 βόρειον
1044 3230 1154 3284 ἄνω
1199 3233 1302 3284 τοῦ
1349 3230 1626 3303 ὁρίζοντος
1658 3229 1790 3284 εἶναι

148 3320 239 3376 καὶ
289 3318 378 3375 διὰ
422 3319 620 3382 παντὸς
664 3321 802 3393 ἡμῖν
854 3319 1101 3397 φανερὸν,
1151 3317 1242 3373 τὸν
1274 3315 1332 3373 δὲ
1362 3317 1508 3374 κάτω
1551 3319 1640 3373 καὶ
1671 3315 1793 3388 διη-

145 3412 316 3472 νεκῶς
366 3409 541 3488 ἀφανῆ
577 3428 590 3441 ⁸
639 3408 917 3464 κάντεῦθεν
969 3409 1168 3470 πάντας
1223 3406 1353 3470 τοὺς
1410 3406 1463 3462 ἐν
1519 3411 1598 3479 τῷ
1657 3427 1790 3461 στε-

147 3498 390 3574 ρεώματι
446 3495 842 3575 παραλλήλους
900 3496 1138 3559 κύκλους
1198 3496 1278 3575 ἐφ’
1343 3496 1436 3558 οὓς
1494 3497 1707 3575 φέρεται
1765 3496 1794 3550 ὁ

145 3584 310 3658 ἥλιος
343 3586 419 3649 εἷς
465 3582 621 3641 ἄνισα
661 3587 926 3660 τμήματα
977 3586 1080 3640 ὑπὸ
1120 3588 1219 3640 τοῦ
1259 3583 1536 3660 ὁρίζοντος
1569 3582 1793 3659 διαιρεῖ-

148 3687 270 3741 σθαι
318 3674 465 3745 πλὴν
520 3674 688 3749 μόνου
742 3678 841 3730 τοῦ
892 3674 1148 3750 μεγίστὸυ
1201 3678 1300 3728 τοῦ
1360 3674 1698 3751 ἷσημερινοῦ·
1730 3674 1800 3730 τὰ

144 3785 206 3821 τε
235 3761 478 3838 κλίματα
503 3770 605 3834 τῆς
652 3770 753 3839 ἧς
804 3764 880 3837 μή
927 3764 1027 3832 τήν
1055 3763 1220 3832 αὐτὴν
1260 3759 1407 3838 ἔχειν
1443 3762 1628 3839 σχέσιν
1659 3763 1795 3840 πρὸς

143 3855 239 3910 τὸν
300 3850 585 3925 ζωδιακὸν,
645 3853 722 3915 ὡς
778 3851 962 3907 ἄλλων
1023 3850 1218 3914 ἄλλοις
1279 3852 1646 3925 ὑποκειμένων
1699 3856 1795 3907 τοῦ

146 3942 523 4019 στερεώματος
557 3941 763 4015 μέρεσι,
814 3940 1092 4005 κάντεῦθεν
1144 3937 1415 4018 διαφόρων
1461 3936 1630 3996 ὄντων
1662 3941 1797 3995 κατᾶ

142 4033 242 4094 τὰς
274 4030 513 4107 κράσεις.
1038 4076 1041 4079 -

218 4126 283 4196 γ’.
336 4120 421 4174 Ἐν
476 4120 571 4193 μὲν
622 4116 714 4174 οὖν
765 4122 844 4191 τῷ
892 4118 993 4173 ὑπὸ
1042 4118 1133 4173 τὸν
1205 4117 1520 4195 ἰσημερινὸν
1569 4115 1797 4191 κλίματι

151 4208 461 4283 μεσαιτάτῳ
510 4210 608 4277 τῆς
663 4213 766 4284 γῆς
814 4202 971 4280 ὄντι,
1019 4205 1161 4271 θέσιν
1209 4202 1323 4283 ἔχει
1369 4208 1470 4275 τὴν
1518 4206 1796 4278 ἷσαιτάτην

1900 3057 2196 3109 crementa
2225 3053 2595 3122 accedunt,et
2621 3054 2899 3110 horarum
2930 3056 3234 3127 quaternio
3265 3057 3538 3116 efﬁcitur:

1900 3146 2205 3214 propterea
2260 3143 2415 3214 quod
2474 3144 2731 3199 mundus
2785 3143 3101 3201 inclinatus
3132 3150 3239 3214 est,
3279 3152 3337 3203 et
3368 3146 3538 3220 polus

1900 3232 2111 3286 boreus
2161 3247 2341 3302 supra
2394 3230 2776 3294 horizontem,
2808 3232 3095 3305 nobisque
3143 3251 3376 3307 semper
3405 3252 3546 3292 con-

1902 3319 2163 3392 spicuus,
2206 3319 2351 3375 alter
2380 3320 2699 3391 [australis]
2726 3321 2898 3389 intra,
2930 3326 2989 3377 et
3029 3328 3307 3395 perpetuo
3336 3323 3542 3380 incon-

1902 3408 2142 3479 spicuus
2171 3412 2278 3475 est,
2311 3412 2368 3462 et
2399 3407 2534 3464 hinc
2566 3408 2828 3479 paralleli
2857 3426 3060 3466 omnes
3090 3411 3152 3467 in
3175 3411 3545 3468 ﬁrmamento

1903 3495 2101 3551 circuli
2132 3495 2243 3551 sub
2274 3495 2489 3567 quibus
2520 3496 2606 3552 sol
2637 3496 3049 3566 movetur,solo
3076 3500 3329 3556 maxime
3361 3501 3544 3572 aequi-

1906 3583 2136 3639 noctiali
2163 3588 2423 3656 excepto,
2452 3585 2513 3639 in
2561 3591 2866 3658 segmenta
2920 3586 3231 3659 inaequalia
3257 3589 3331 3644 ab
3377 3589 3539 3645 hori-

1902 3676 2070 3728 zonte
2098 3672 2456 3738 dividuntur,
2515 3678 2574 3729 et
2630 3678 2798 3729 terra;
2855 3674 3092 3733 climata
3120 3693 3236 3732 non
3277 3678 3544 3734 eamdem

1904 3761 2136 3818 schesin
2170 3761 2617 3832 [habitudinem]
2651 3762 2916 3820 obtinent
2945 3765 3016 3820 ad
3045 3766 3371 3833 zodiacum,
3403 3767 3547 3822 dum

1905 3850 2021 3906 alia
2050 3849 2181 3905 aliis
2211 3850 2565 3906 ﬁrmamenti
2598 3852 2863 3924 partibus
2901 3855 3187 3926 subjecta,
3218 3860 3275 3911 et
3304 3855 3550 3928 proinde

1903 3942 2502 4011 temperamentorum
2531 3945 2802 4012 respectu
2828 3942 3057 3999 diversa
3083 3948 3224 3999 sunt
3253 3944 3294 4000 ⁸.

1974 4118 2028 4173 5.
2063 4118 2128 4173 In
2158 4082 2391 4173 climate
2415 4117 2596 4190 igitur
2624 4120 2778 4191 quod
2818 4121 3096 4192 aequatori
3127 4122 3459 4193 subjectum
3489 4125 3552 4178 et

1907 4207 1968 4262 in
1991 4210 2148 4263 terra
2177 4207 2413 4279 pracise
2442 4207 2703 4263 medium
2726 4213 2843 4273 est,
2875 4208 3341 4281 aequalissimum
3372 4210 3550 4266 habet

148 4298 179 4351 ὁ
235 4295 463 4370 κόσμος,
521 4294 774 4373 ἑκατέρου
810 4299 919 4351 τῶν
975 4293 1163 4351 πόλων
1224 4294 1312 4350 ἐπὶ
1361 4300 1459 4351 τοῦ
1519 4296 1789 4371 ὁριζοντος

1908 4295 2166 4351 mundus
2196 4295 2580 4367 positum,ubi
2612 4296 2892 4352 nimirum
2924 4301 3170 4368 uterque
3200 4297 3468 4369 polorum
3490 4298 3552 4353 in

148 4386 512 4464 φαινομένου,
556 4385 648 4439 καὶ
695 4382 912 4439 κύκλων
963 4384 1229 4461 ἀρκτικῶν
1283 4383 1391 4461 οὐχ
1439 4384 1789 4460 ὑπαρχόντων

1910 4385 2210 4440 horizonte
2240 4388 2499 4456 apparet,
2529 4389 2587 4441 et
2614 4384 2816 4441 circuli
2847 4386 3047 4442 arctici
3077 4386 3137 4441 in
3171 4385 3406 4443 climate
3437 4387 3554 4443 isto

146 4473 205 4530 ἐν
249 4471 431 4547 τούτῳ
475 4476 556 4546 τῷ
600 4470 851 4547 κλίματι·
901 4470 1116 4528 πάντων
1169 4469 1227 4527 δὲ
1252 4475 1360 4527 τῶν
1413 4472 1648 4547 ἀστέρων
1688 4474 1801 4528 ἀνι-

146 4559 396 4638 σχόντων
454 4582 511 4617 τε
559 4559 649 4617 καί
703 4558 1140 4635 καταδυομένων,
1202 4558 1436 4636 μηδενὸς
1487 4557 1637 4625 ὄντος
1684 4561 1795 4617 ἀει-

147 4654 374 4731 φανοῦς,
410 4651 536 4724 μήτ’
565 4650 630 4705 αῦ
660 4650 912 4729 ἀφανοῦς.

225 4735 288 4796 δ’.
319 4739 457 4794 Ἀπὸ
502 4735 560 4794 δὲ
603 4738 800 4794 τούτου
845 4742 942 4794 τοῦ
987 4736 1258 4813 κλίματος
1308 4739 1384 4802 ὡς
1434 4738 1521 4795 ἐπὶ
1568 4741 1665 4803 τὰς
1712 4740 1798 4795 εὖ·

145 4825 381 4905 κράτους
430 4830 467 4898 ἡ
519 4828 663 4891 Θέσις
710 4825 1030 4884 ἀλλοιοῦται
1084 4832 1182 4883 τοῦ
1237 4827 1446 4902 κόσμου
1475 4846 1490 4860 θ
1541 4833 1639 4885 τοῦ
1701 4830 1796 4904 μὲν

144 4915 638 4993 ἀποκρυπτομένου
700 4921 808 4973 τῶν
865 4916 1085 4989 πόλων,
1142 4920 1240 4972 τοῦ
1299 4914 1345 4971 δ’
1403 4916 1748 4994 ἐξαιρομὲνου
1781 4937 1794 4950 ·

143 5003 288 5081 πρὸς
341 5005 435 5079 μὲν
492 5006 594 5075 τὴν
652 5006 771 5061 καθ’
826 5006 974 5079 ἡμᾶς
1033 5005 1359 5080 οἰκουμένην
1417 5006 1798 5084 ἐξαιρουμένου

77 5149 82 5151 _
142 5097 250 5152 τοῦ
310 5093 575 5171 βορείου,
632 5095 767 5171 πρὸς
841 5092 899 5151 δὲ
956 5095 1052 5165 τὴν
1113 5096 1361 5150 ἀπέναντι
1413 5100 1511 5151 τοῦ
1568 5095 1749 5152 νοτίου
1783 5139 1796 5153 .

147 5187 457 5260 Σφαιρικοῦ
512 5182 616 5259 γάρ
660 5204 776 5246 πως
830 5188 928 5239 τοῦ
986 5185 1271 5261 σχήματος
1326 5178 1480 5247 ὄντος
1526 5192 1626 5255 τῆς
1670 5192 1797 5261 γῆς,

146 5274 179 5327 ὁ
242 5273 336 5344 μὲν
393 5271 497 5327 ὑπὸ
552 5276 651 5327 τοῦ
697 5273 821 5350 περὶ
864 5274 964 5342 τὴν
995 5279 1096 5350 γῆν
1144 5273 1501 5349 κυρτώματος
1538 5273 1798 5349 ἐπιπροσ-

144 5358 439 5433 θούμενος,
494 5361 785 5438 κρύπτεται
830 5367 947 5423 τοῖς
1002 5360 1384 5439 ἀφισταμένοις
1439 5361 1604 5416 αὐτοῦ
1651 5364 1801 5417 καθ-

147 5449 278 5505 όσον
335 5448 686 5526 ἀφίστανται·
738 5451 766 5505 ὁ
815 5447 873 5505 δὲ
916 5449 1154 5528 φαίνεται
1209 5454 1326 5512 τοῖς
1383 5448 1799 5524 πλησιάζουσιν,

144 5535 414 5625 καθόσον.
458 5536 852 5612 πλησιάζουσιν
902 5582 915 5597 .
975 5537 1308 5595 Ὑποκείσθω
1376 5542 1508 5616 γοῦν
1581 5560 1667 5603 τις
1744 5541 1804 5595 ἐκ

226 5690 248 5725 ’⁸
275 5688 454 5748 Arist.
511 5691 586 5749 de
611 5691 834 5750 mundo

154 5761 221 5843 in
246 5732 467 5826 ιίῐόἱῖἷ.
498 5732 876 5842 ιῖῖρῖιίῒί.

1913 4472 2061 4529 nulli
2107 4476 2284 4541 sunt;
2317 4474 2418 4528 sed
2464 4490 2669 4529 omnes
2698 4473 2877 4530 stella:
2922 4478 3049 4530 tum
3098 4475 3388 4547 oriuntur,
3419 4479 3551 4531 tum

1905 4562 2199 4631 occidunt,
2232 4564 2298 4616 ut
2327 4560 2489 4617 nulla
2528 4566 2807 4635 perpetuo
2854 4566 3152 4635 appareat,
3211 4579 3317 4619 nec
3347 4569 3552 4620 contra

1907 4668 2023 4708 non
2050 4654 2347 4724 appareat.

1976 4741 2031 4796 4.
2062 4740 2148 4795 Ab
2179 4739 2287 4794 hoc
2316 4742 2512 4795 autem
2570 4737 2801 4795 climate
2852 4744 2920 4795 ut
2950 4741 3022 4796 ad
3064 4744 3418 4813 temperatas
3448 4757 3550 4797 va-

1907 4830 2110 4897 riatur,
2143 4828 2347 4884 mundi
2380 4829 2642 4900 positus;
2676 4831 2819 4886 dum
2859 4847 3014 4886 unus
3059 4830 3324 4902 polorum
3354 4830 3549 4888 occul-

1906 4923 2066 4975 tatur
2112 4919 2267 4974 874
2313 4917 2480 4973 aliter
2508 4918 2765 4974 elevatur
2797 4934 2811 4974 :
2862 4920 2921 4973 in
2954 4919 3267 4975 habitabili
3298 4919 3541 4991 quidem

1908 5013 2128 5073 nostra,
2200 5006 2449 5062 borealis
2533 5005 2924 5074 elevatur;in
2983 5008 3251 5079 opposita
3331 5014 3554 5077 autem,

1908 5095 2205 5152 australis.
2264 5097 2405 5148 Cum
2479 5093 2635 5149 enim
2691 5099 2855 5150 terrai
2923 5096 3114 5168 figura
3170 5097 3248 5152 sit
3304 5096 3558 5154 rotunda

1911 5183 2525 5257 quodammodo,unus
2545 5183 2784 5254 quidem
2807 5189 3040 5256 propter
3061 5185 3365 5242 curvitatis
3385 5190 3552 5242 terra

1909 5274 2213 5329 obtentum
2234 5270 2558 5325 occultatur
2578 5270 2649 5326 iis
2670 5271 2769 5343 qui
2785 5272 3010 5328 distant
3024 5273 3096 5328 ab
3114 5274 3240 5345 ipso
3263 5279 3550 5346 quantum

1909 5361 2131 5417 distant
2156 5377 2169 5428 ;
2202 5356 2347 5414 alter
2364 5373 2496 5412 vero
2518 5364 2758 5430 apparet
2785 5358 2860 5415 iis
2889 5360 2988 5432 qui
3021 5362 3420 5434 propinquant
3439 5360 3547 5430 illi,

1911 5453 2198 5523 quantum
2232 5445 2646 5518 propinquant.
2674 5448 3050 5520 Supponatur
3079 5449 3262 5523 igitur
3285 5451 3306 5485 ⁹
3335 5449 3549 5523 aliquis

1909 5556 1979 5597 ex
2032 5535 2254 5594 torrida
2309 5534 2381 5590 ad
2414 5540 2675 5592 nostram
2730 5540 3113 5610 temperatam
3170 5539 3423 5612 [zonam]
3451 5555 3548 5596 ve-

886 5689 1287 5771 οηῦξ-ωθοω.
1317 5690 1359 5751 l.
1389 5707 1437 5771 ιζ
1462 5708 1513 5751 c.
1544 5693 1582 5771 3_
1601 5709 1616 5763 ;
1646 5689 2043 5771 RegiomLIib,
2084 5705 2125 5759 1,
2175 5702 2337 5771 cono.
2367 5688 2436 5771 ἐξ,
2484 5687 2520 5771 ,⁸
2554 5687 2774 5771 _Cleom.
2804 5689 2846 5746 l.
2878 5691 3067 5771 1_,_c:§
3095 5693 3152 5748 et
3174 5691 3247 5765 7;
3280 5689 3557 5771 Regiam,

951 5762 974 5804 θ
1000 5760 1217 5823 Cleom.
1250 5778 1291 5837 ι,
1322 5778 1374 5824 ο.
1404 5763 1462 5844 5,
1492 5760 1611 5825 sub
1633 5760 1864 5844 prium;

1894 5756 2261 5838 Regiomont.
2286 5756 2347 5820 in
2377 5757 2524 5824 Ptol.
2552 5759 2594 5819 l.
2626 5779 2691 5841 ιι,
2722 5778 2849 5841 pro.
2882 5756 3070 5826 11-13.
