3988 6432
420 436 576 499 1283

1657 436 2076 499 NICEPHORI
2121 433 2556 497 BLEMMIDE

3684 437 3838 500 1284

416 571 757 626 niens.Huic
787 570 1065 625 nimirum
1092 585 1190 639 per
1220 570 1394 625 clima
1423 571 1701 642 aaquatori
1727 571 2056 640 subjectum

2255 567 2596 640 εκεκαυμένης
2646 569 2780 643 πρὸς
2837 569 2934 636 τήν
2993 570 3113 622 καθ’
3166 570 3313 641 ἡμᾶς
3375 568 3694 645 ἐρχόμενος
3757 568 3834 625 εὖ·

414 660 809 731 proﬁciscenti
844 665 1049 714 neuter
1081 659 1247 730 polus
1273 659 1529 715 elevatus
1553 659 1842 714 videbitur
1863 659 2058 729 (ambo

413 749 567 803 enim
593 748 771 803 simili
797 748 1016 804 ratione
1040 749 1096 802 in
1123 749 1417 803 horizonte
1436 750 1727 820 sunt),nec
1751 748 1870 802 ulla
1892 747 2060 802 stella

413 836 501 890 vel
521 853 752 908 semper
764 838 1181 908 apparebit,vel
1201 845 1400 893 contra
1417 855 1716 909 nunquam
1735 837 2055 909 apparebit.

412 924 574 980 Unde
605 942 710 980 nec
741 925 954 996 aliquis
983 928 1235 980 arcticus
1283 927 1365 981 vel
1416 928 1768 982 antareticus
1810 930 1898 980 est
1948 927 2056 978 cir-

412 1013 602 1068 culus.
659 1017 887 1068 Arctum
928 1015 1083 1069 enim
1147 1017 1191 1050 ¹⁰
1250 1017 1402 1087 apud
1460 1034 1564 1071 nos
1623 1015 1902 1070 circulum
1931 1030 2059 1069 esse

411 1107 641 1174 oportet
670 1120 804 1156 eum
837 1104 936 1174 qui
989 1103 1188 1158 stellas
1243 1122 1474 1176 semper
1521 1110 1868 1176 apparentes
1899 1120 2055 1158 com-

411 1189 722 1263 prehendit
749 1216 764 1258 ς
795 1193 1208 1260 antarcticum,
1243 1194 1342 1264 qui
1401 1195 1739 1248 occultatas.
1777 1198 1950 1246 Porro
1977 1192 2059 1245 ei-

413 1279 543 1334 dem
578 1285 958 1351 posteaquam
1018 1281 1191 1335 clima
1223 1283 1332 1336 sub
1363 1287 1651 1352 azquatore
1698 1280 2056 1353 praeterierit.

407 1369 683 1423 australis
716 1371 950 1440 quidem
984 1370 1149 1440 polus
1181 1371 1585 1433 occultabitur,
1635 1372 1734 1425 sed
1771 1377 2057 1440 quantum

412 1455 505 1510 hic
539 1455 867 1512 occultatus
899 1458 1326 1524 fuerit,tantum
1358 1459 1570 1513 boreus
1599 1458 1656 1511 in
1691 1458 2056 1512 altitudinem

412 1542 749 1598 elevabitur.
783 1546 969 1615 Atque
1024 1546 1106 1598 ita
1162 1547 1382 1600 mundo
1440 1563 1473 1600 a
1528 1545 1861 1600 borealibus
1892 1552 1955 1599 ut
1985 1547 2055 1600 ad

413 1631 700 1687 australes
751 1638 944 1704 partes
987 1633 1424 1689 inclinationem
1474 1634 1813 1705 accipiente,
1863 1635 2058 1689 stella-

413 1737 548 1775 rum
578 1721 733 1775 circa
761 1721 926 1791 polos
958 1723 1082 1776 aliis
1116 1741 1346 1793 semper
1384 1729 1751 1794 apparentes,
1787 1722 1908 1776 alize
1942 1740 2057 1776 non

407 1814 752 1881 apparentes
803 1811 956 1865 348
1012 1810 1356 1865 afﬁcientur.
1417 1812 1572 1866 Idem
1635 1813 1811 1866 etiam
1871 1813 2056 1866 circu-

406 1898 479 1953 lis
511 1899 610 1969 qui
643 1899 802 1970 ipsas
833 1899 1130 1954 continent
1161 1899 1488 1955 necessario
1538 1901 1746 1967 evenit,
1782 1907 1845 1954 ut
1894 1902 2058 1968 juxta

415 1987 644 2042 itineris
699 1987 1022 2058 profectum
1082 1994 1403 2056 mutentur,
1477 2006 1821 2061 semperque
1879 1988 2054 2044 etiam

423 2077 595 2132 ambo
625 2077 924 2148 aequaliter
953 2078 1204 2148 majores
1237 2078 1398 2133 fiant.

479 2256 535 2310 5.
568 2256 709 2310 Cum
743 2271 878 2328 ergo
911 2255 1069 2310 hunc
1100 2255 1159 2310 in
1182 2256 1421 2311 modum
1450 2257 1706 2311 mundus
1739 2255 2055 2312 inclinatus

409 2342 813 2412 sit,sciendum
831 2344 1317 2398 estinerrantium
1335 2344 1632 2400 stellarum
1651 2346 2055 2416 quamvisjux-

408 2436 467 2486 ta
488 2448 621 2485 cum
648 2431 1013 2486 ﬁrmamento
1038 2432 1524 2504 circumgyratam
1546 2434 1643 2487 tali
1667 2435 2055 2506 circumgyra-

407 2521 563 2576 tione
595 2520 880 2576 circulum
911 2522 1410 2577 circumscribere.
1462 2522 1530 2577 Hi
1581 2522 1821 2594 proinde
1851 2523 2051 2577 circuli

412 2608 673 2681 paralleli
705 2610 940 2680 quidem
982 2616 1139 2664 sunt.
1186 2611 1329 2665 Cum
1383 2617 1576 2666 autem
1637 2629 1836 2666 eorum
1872 2612 2052 2666 maxi-

417 2715 550 2752 mus
580 2697 656 2752 sit
685 2699 1126 2770 aequinoctialis,
1164 2700 1390 2754 minimi
1452 2705 1592 2755 sunt
1645 2701 1907 2756 omnium
1952 2703 2052 2772 qui

412 2787 566 2842 circa
597 2787 759 2859 polos
789 2789 1100 2843 exsistunt.
1135 2789 1522 2852 Quamobrem
1573 2791 1896 2845 secundum
1929 2807 2056 2861 pro-

411 2876 736 2947 portionem
795 2877 893 2947 qui
945 2878 1016 2932 ab
1070 2883 1359 2948 aequatore
1409 2880 1646 2950 quidem
1699 2884 1762 2934 ut
1827 2880 1897 2933 ad
1960 2897 2056 2951 po-

410 2963 499 3020 los
557 2964 899 3038 [recedunt],
960 2983 1190 3038 semper
1246 2968 1548 3036 minores;
1609 2969 1704 3039 qui
1757 2974 1951 3023 autem
2020 2987 2054 3024 a

407 3051 558 3124 polis
585 3058 651 3108 ut
679 3055 750 3108 ad
783 3059 1135 3125 mquatorem
1186 3057 1534 3128 [accedunt},
1596 3073 1826 3126 semper
1868 3060 2050 3128 majo-

410 3157 502 3196 res
535 3146 690 3196 sunt.

480 3231 533 3284 6.
570 3229 985 3286 Universorum
1026 3232 1204 3304 igitur
1237 3235 1276 3268 “
1312 3232 1745 3305 parallelorum,
1779 3239 1834 3290 et
1866 3235 2050 3290 maxi-

2166 677 2379 732 κρατον.
2413 656 2597 728 Τούτῳ
2644 654 2708 725 δὴ
2741 657 2802 710 τὸ
2853 657 2956 711 ὑπὸ
3007 657 3090 711 τὸν
3145 657 3462 732 ἰσημερινὸν
3513 657 3598 713 ἔτι
3647 657 3834 714 διαπο-

2169 746 2413 819 ρευμένῳ
2454 744 2629 817 κλίμα
2674 750 2780 799 τῶν
2830 743 3016 800 πόλων
3072 743 3250 805 οὐδεὶς
3300 745 3606 821 ἐξηρμένος
3669 747 3832 826 69:301.-

2169 854 2312 887 σεται
2365 835 2472 906 (καὶ
2535 832 2698 912 ἄμφω
2755 835 2857 910 γὰρ
2918 834 3125 907 ὁμοίως
3185 835 3270 890 ἐπὶ
3327 840 3426 889 τοῦ
3489 835 3831 912 ὁρίζοντος),

2166 922 2254 976 καί
2315 920 2424 976 οὔτ’
2480 923 2736 1000 ἀειφανῆς
2812 927 2918 977 τῶν
2997 923 3231 1000 ἀστέρων
3311 921 3460 978 ἔσται
3525 947 3615 987 τις
3655 971 3670 994 ,
3731 925 3831 981 οὔτ’

2168 1012 2394 1089 ἀφανής,
2437 1016 2589 1075 Ὅθεν
2634 1009 2758 1066 οὐδὲ
2805 1011 3005 1074 κύκλος
3043 1034 3126 1074 τις
3179 1014 3451 1089 ἀρκτικός·
3510 1012 3633 1069 οὔτ’
3691 1013 3831 1080 αὖθις

2168 1101 2515 1174 ἀνταρκτικός
2552 1144 2564 1156 .
2620 1101 2896 1175 Ἀρκτικὸν
2961 1102 3063 1176 γὰρ
3114 1100 3313 1156 κύκλον
3389 1103 3528 1157 εἶναι
3589 1100 3682 1157 δεῖ
3725 1107 3833 1168 καθ’

2167 1193 2317 1262 ἡμᾶς
2371 1191 2462 1244 τὸν
2520 1189 2646 1251 τοὺς
2704 1189 2975 1267 ἀειφανεῖς
3032 1189 3354 1266 περιέχοντα
3392 1195 3504 1245 τῶν
3568 1191 3826 1270 ἀστέρων·

2166 1279 2255 1332 τὸν
2317 1277 2373 1332 δὲ
2427 1279 2555 1340 τοὺς
2614 1279 3131 1354 ἀποκεκρυμμένους
3191 1280 3590 1356 ἀνταρκτικόν,
3657 1288 3828 1358 Παρα-

2173 1367 2416 1439 μείψαντι
2479 1364 2535 1420 δὲ
2589 1368 2650 1420 τὸ
2715 1368 2817 1420 ὑπὸ
2873 1369 2964 1420 τὸν
3024 1366 3335 1440 ἰσημερινὸν
3397 1369 3606 1441 κλίμα,
3662 1369 3829 1432 πόλος

2172 1456 2265 1527 μὲν
2301 1456 2328 1508 6
2359 1455 2539 1516 νότιος
2590 1457 2814 1528 πάμπαν
2868 1451 3323 1531 ἀποκρυϐήσεται·
3377 1456 3628 1512 καλόσον
3688 1457 3737 1514 δ’
3777 1461 3827 1513 ἂν

2169 1545 2324 1605 οὗτος
2383 1539 2712 1618 ἀποκρυϐείη
2749 1591 2764 1615 ,
2821 1544 2954 1598 κατά
3027 1549 3280 1598 τοσοῦτον
3362 1544 3618 1621 ἐξαρθείη
3704 1548 3832 1622 πρὸς

2168 1634 2300 1707 ὕψος
2355 1635 2382 1686 6
2443 1634 2670 1708 βόρειος·
2730 1633 2818 1686 καὶ
2877 1633 3047 1695 οὕτως
3104 1631 3344 1707 ἔγκλισιν
3407 1635 3519 1689 ἀπὸ
3570 1640 3689 1690 τῶν
3744 1638 3834 1712 βο-

2169 1722 2326 1796 ρείων
2382 1722 2454 1782 ὡς
2505 1721 2591 1774 ἐπὶ
2642 1721 2708 1775 τά
2755 1721 2903 1776 νότια
2951 1726 3045 1775 τοῦ
3079 1723 3284 1794 κόσμου
3336 1718 3756 1795 λαμϐάνοντες,
3788 1728 3834 1780 οἱ

2172 1811 2265 1882 μὲν
2319 1815 2426 1864 τῶν
2488 1809 2610 1885 περὶ
2667 1809 2796 1872 τοὺς
2853 1809 3060 1872 πόλους
3119 1812 3355 1884 ἀστέρων
3408 1812 3706 1890 ἀειφανεῖς
3762 1815 3838 1890 γί-

2167 1921 2364 1971 νοιντο,
2424 1899 2475 1952 οἱ
2535 1897 2579 1952 δ’
2639 1899 2880 1977 ἀφανεῖς.
2937 1900 3035 1952 Καὶ
3089 1901 3141 1953 οἱ
3185 1899 3415 1962 τούτους
3472 1901 3839 1978 περιέχοντες

2164 1987 2356 2042 κύκλοι
2430 1989 2493 2042 τὸ
2573 1988 2702 2041 αὐτὸ
2776 1989 3039 2063 πάσχοιεν
3099 1989 3402 2064 ἀναγκαίως
3438 2008 3452 2020 ·
3515 1993 3671 2045 κατά
3747 1995 3835 2061 τὴν

2163 2078 2447 2150 προκοπήν
2497 2083 2599 2145 τῆς
2650 2078 2873 2152 πορείας
2927 2077 3409 2151 μεταποιούμενοι,
3462 2080 3564 2133 καὶ
3625 2081 3838 2153 μείζους

2164 2165 2244 2219 ἀεὶ
2275 2167 2390 2220 κατ’
2424 2164 2648 2234 ἰσότητα
2678 2163 2764 2219 καὶ
2797 2165 2962 2242 ἄμφω
2991 2165 3290 2241 γινόμενοι.

2237 2256 2290 2309 ε’.
2333 2253 2779 2327 Τοιουτοτρόπως
2837 2252 2928 2308 οὗν
2990 2253 3381 2328 ἐγκεκλιμένου
3433 2261 3544 2310 τοῦ
3605 2257 3837 2332 κόσμου,

2164 2340 2245 2397 δεῖ
2300 2349 2439 2397 νοεῖν
2497 2348 2603 2398 τῶν
2662 2342 2918 2397 ἀπλανῶν
2994 2343 3230 2419 ἀστέρων
3283 2341 3518 2400 ἕκαστον
3583 2352 3671 2418 τῷ
3732 2369 3839 2402 στε-

2165 2433 2406 2506 ρεώματι
2493 2431 3024 2509 συμπεριφερόμενον
3078 2478 3091 2503 ,
3173 2431 3377 2488 κύκλον
3471 2437 3839 2514 περιγράοειν

2163 2518 2252 2574 διὰ
2277 2529 2376 2590 τῆς
2406 2522 2661 2590 τοιαύτης
2712 2526 3026 2598 περιφορᾶς.
3082 2523 3278 2582 Πάντες
3326 2520 3419 2576 οὖν
3484 2524 3543 2577 οἱ
3598 2531 3835 2579 τοιοῦτοι

3456 2609 3499 2632 δ’

2160 2609 2353 2664 κύκλοι
2406 2608 2759 2685 παράλληλοι
2822 2611 2914 2681 μὲν
2970 2609 3091 2663 εἷσι’
3143 2610 3396 2685 μεγίστου
3451 2609 3479 2664 δ

3173 2431 3377 2488 κύκλον

3564 2612 3620 2666 ἐν
3657 2614 3836 2676 αὐτοῖς

2162 2694 2314 2760 ὄντος
2372 2704 2468 2753 τοῦ
2529 2698 2894 2774 ἷσημερινοῦ,
2960 2697 3166 2772 μείονες
3244 2700 3498 2754 ἁπάντων
3588 2704 3647 2756 οἱ
3719 2705 3833 2779 περί

2160 2788 2286 2848 τοὺς
2333 2786 2540 2848 πόλους
2591 2786 2944 2861 ὑπάρχουσιν.
3000 2791 3156 2842 Ὥστε
3207 2789 3344 2863 πρὸς
3394 2787 3578 2863 λόγον
3638 2793 3692 2846 οἱ

2161 2877 2266 2930 ἀπὸ
2314 2881 2409 2930 τοῦ
2461 2877 2779 2949 ἰσημερινοῦ
2829 2877 2902 2938 ὡς
2951 2877 3086 2951 πρὸς
3131 2876 3258 2938 τοὺς
3289 2875 3504 2940 πόλους
3551 2880 3643 2934 ἀεὶ
3679 2881 3830 2936 ἐλά-το

2159 2987 2308 3036 τους,
2341 2966 2393 3019 o't
2426 2962 2470 3019 δ’
2503 2965 2560 3018 ἐκ
2588 2969 2694 3019 τῶν
2726 2964 2913 3019 πόλων
2948 2965 3020 3026 ὡς
3068 2967 3202 3041 πρὸς
3246 2965 3338 3020 τὸν
3374 2965 3721 3043 ἰσημερινὸν
3757 2970 3831 3024 ἀεὶ

2167 3054 2404 3128 μείζους.

2265 3235 2294 3288 ’.
2340 3232 2674 3304 Συμπάντων
2723 3232 2898 3286 τοίνυν
2944 3235 3052 3286 τῶν
3112 3229 3522 3308 παραλλήλων,
3588 3236 3686 3289 καὶ
3746 3241 3836 3290 τοῦ

420 3319 522 3385 mi,
556 3323 612 3374 et
649 3319 1050 3388 minimorum,
1094 3326 1149 3376 et
1178 3321 1683 3387 intermediorum,
1729 3326 1784 3378 in
1821 3323 2054 3380 climate

2255 3321 2420 3394 τίστου
2470 3321 2558 3373 καὶ
2606 3325 2714 3373 τῶν
2767 3319 3070 3394 ἐλαχίστων
3117 3319 3206 3374 καὶ
3259 3324 3365 3373 τῶν
3433 3323 3650 3394 μεταξῦ
3708 3326 3839 3378 acati

408 3407 690 3478 mquatori
737 3410 1016 3478 subjecto,
1052 3416 1353 3481 segmenta
1386 3411 1576 3466 media
1607 3429 1785 3483 supra
1813 3418 2051 3478 terram,

412 3494 640 3567 reliqua
670 3497 863 3552 media
892 3498 1043 3552 infra
1075 3504 1290 3552 terram
1337 3505 1491 3554 sunt.
1526 3502 1700 3572 Atqui
1731 3501 1948 3557 isthinc
1981 3503 2051 3556 ad

409 3583 530 3638 haec
590 3586 872 3640 nostratia
929 3587 1284 3653 adventanti,
1345 3591 1842 3661 quemadmodum
1885 3591 2053 3662 polus

407 3672 621 3728 boreus
669 3673 928 3729 elevatur
984 3681 1040 3730 et
1082 3678 1339 3731 mundus
1370 3677 1707 3744 inclinatur,
1739 3681 1822 3734 sic
1852 3679 2053 3734 circuli

408 3763 672 3816 eamdem
724 3763 957 3818 schesin
1015 3781 1130 3820 non
1165 3767 1420 3837 amplius
1452 3767 1720 3836 retinent,
1755 3770 1854 3823 sed
1887 3770 2057 3839 equi-

414 3849 684 3904 noctialis
716 3868 850 3905 cum
901 3853 1194 3909 maximus
1252 3855 1327 3909 sit
1374 3856 1673 3927 [circulus]
1705 3863 1761 3914 et
1821 3858 1878 3912 in
1910 3860 2057 3913 duas

413 3935 664 4008 aequales
720 3944 916 4010 partes
960 3943 1245 3996 mundum
1279 3948 1452 4011 secet,
1487 3944 1796 4000 dimidium
1828 3963 2058 4018 semper

415 4043 594 4097 supra
649 4031 862 4082 terram
923 4029 1115 4098 habet,
1177 4032 1330 4086 349
1391 4032 1681 4104 reliquum
1743 4035 2057 4091 dimidium

414 4120 683 4172 accurate
711 4116 860 4172 infra
914 4123 1128 4173 terram
1165 4137 1176 4175 :
1209 4137 1411 4176 eorum
1471 4128 1664 4177 autem
1707 4123 2056 4179 circulorum

415 4203 514 4276 qui
569 4207 639 4260 ab
669 4205 796 4277 ipso
852 4212 917 4260 ut
947 4208 1018 4262 ad
1071 4209 1232 4280 polos
1263 4216 1530 4282 vergunt,
1564 4205 1853 4284 quotquot
1899 4214 2059 4284 equi-

413 4293 546 4348 dem
606 4299 668 4349 ut
727 4296 797 4350 ad
855 4297 1096 4352 boreum
1161 4297 1460 4369 inclinant,
1505 4301 1726 4369 majora
1757 4308 2061 4368 segmenta

410 4399 589 4453 supra
643 4388 880 4451 terram,
944 4386 1172 4440 minora
1233 4388 1382 4441 infra
1439 4389 1705 4455 habent;
1776 4397 2062 4462 quotquot

411 4478 607 4527 autem
637 4477 702 4527 ut
732 4475 823 4541 ad,
859 4476 1175 4530 australem
1231 4477 1574 4549 [declinant]
1606 4485 1807 4534 contra
1839 4483 1922 4548 [se
1956 4481 2060 4536 ha-

409 4561 590 4630 bent].
623 4563 730 4616 Sed
764 4562 1043 4617 nimirum
1078 4566 1255 4620 etiam
1291 4569 1646 4622 antarcticus
1680 4573 1836 4623 totus
1868 4569 2059 4624 occul-

2169 3411 2261 3482 μὲν
2315 3411 2377 3462 τὸ
2438 3409 2539 3462 ὑπὸ
2593 3410 2682 3462 τὸν
2744 3408 3056 3482 ἰσημερινὸν
3113 3408 3289 3481 κλίμα
3336 3409 3403 3463 τὰ
3452 3411 3646 3482 ἡμίση
3690 3416 3832 3485 τμή-

2167 3521 2306 3571 ματα
2361 3498 2491 3572 ὑπὲρ
2548 3505 2651 3572 γῆν
2708 3498 2798 3551 καὶ
2852 3498 2919 3550 τά
2977 3495 3144 3551 λοιπά
3191 3497 3366 3570 ἡμίση
3422 3499 3535 3553 ὑπὸ
3588 3508 3725 3574 γῆν·
3767 3507 3840 3571 τῷ

2165 3587 2209 3643 δ’
2266 3587 2458 3641 ἐκεῖθεν
2538 3586 2914 3664 ἀφικνουμένῳ
2969 3586 3106 3661 πρὸς
3180 3587 3247 3640 τά
3303 3585 3536 3641 ἐνταῦθα
3597 3589 3838 3664 καθάπερ

2165 3679 2192 3732 ὁ
2230 3677 2442 3752 βόρειος
2490 3673 2662 3735 πόλος
2716 3673 2974 3750 ἐξαίρεται
3022 3674 3109 3728 καὶ
3159 3675 3187 3728 6
3237 3673 3445 3747 κόσμος
3495 3674 3833 3750 ἐγκλίνεται·

2163 3771 2352 3820 τοῦτον
2407 3765 2498 3818 τὸν
2549 3764 2749 3838 τρόπον
2799 3764 2889 3817 καὶ
2921 3765 2974 3817 οἱ
3027 3760 3219 3818 κύκλοι
3274 3765 3370 3832 τήν
3426 3763 3607 3835 αὐτὴν
3649 3770 3833 3842 σχέσιν

2167 3855 2265 3909 οὐκ
2309 3850 2384 3908 ἔτι
2435 3851 2816 3928 διατηροῦσινο
2867 3850 3013 3907 ἀλλά
3058 3857 3155 3907 τοῦ
3203 3853 3294 3925 μὲν
3346 3853 3685 3930 ἰσημερινοῦ
3744 3877 3829 3928 μεο

2164 3943 2349 4019 γίστου
2398 3937 2571 4014 ὄντος,
2621 3941 2709 3996 καὶ
2743 3941 2816 4002 εἷς
2873 3938 2958 3994 ἶσα
3009 3938 3104 3995 δύο
3132 3940 3425 4013 τέμνοντος
3465 3943 3563 3996 τὸν
3597 3944 3830 4017 κόσμον,

2166 4033 2226 4084 τὸ
2283 4031 2454 4103 ἥμισυ
2517 4029 2663 4102 μένει
2727 4031 2957 4083 πάντοτε
3017 4030 3146 4104 ὑπὲρ
3197 4037 3297 4104 γῆν
3353 4031 3444 4083 καὶ
3503 4033 3574 4085 τὸ
3640 4032 3832 4087 λοιπὸν

2166 4120 2339 4194 ἥμισυ
2371 4114 2605 4181 ἀκθιϐὧς
2640 4117 2742 4173 ὑπὸ
2785 4119 2904 4192 γῆν
2951 4121 3055 4172 τῶν
3113 4115 3156 4172 δ’
3204 4118 3296 4172 ἀπ’
3339 4117 3510 4173 αὐτοῦ
3565 4121 3647 4183 ὡς
3699 4121 3831 4196 πρὸς

2168 4208 2292 4271 τοὺς
2341 4207 2546 4269 πόλους
2596 4205 2811 4262 κύκλων
2861 4207 3051 4261 ὁπόσοι
3107 4207 3199 4279 μὲν
3247 4206 3320 4267 ὡς
3371 4208 3513 4282 πρὸς
3585 4210 3683 4262 τὸν
3745 4209 3833 4284 βό.

2172 4319 2335 4375 ρειον,
2384 4299 2450 4350 τὰ
2511 4295 2678 4368 μείζω
2723 4297 2987 4368 τμήματα
3036 4292 3251 4369 ἔχουσιν
3303 4295 3434 4370 ὑπὲρ
3489 4303 3629 4369 γῆν,
3674 4299 3746 4351 τὰ
3793 4295 3833 4351 δ’

2172 4387 2377 4442 ἐλάττω
2433 4386 2534 4440 ὑπὸ
2595 4392 2719 4459 τῆν’
2782 4384 2970 4439 ὁπόσοι
3032 4381 3078 4438 δ’
3133 4384 3205 4444 ὡς
3266 4383 3402 4459 πρὸς
3467 4383 3561 4438 τὸν
3619 4387 3836 4458 νότιον,

2174 4472 2430 4548 ἔμπαλιν,
2466 4473 2641 4530 Ἀλλά
2681 4471 2746 4541 δὴ
2791 4475 2879 4527 καὶ
2929 4473 2957 4526 6
3008 4470 3354 4546 ἀνταρκτικός
3408 4469 3546 4534 ὅλος
3602 4495 3838 4550 κεκρυμ-

2178 4565 2335 4637 μένος
2398 4564 2536 4618 ἐστὶν
2589 4561 2766 4638 ὥσπερ
2825 4561 3084 4638 ἀειφανής
3143 4559 3274 4621 ὅλος
3330 4562 3357 4614 6
3409 4561 3702 4635 ἀρκτικός.
3751 4561 3841 4616 Kx?

413 4653 570 4704 tatus
602 4655 712 4719 est,
773 4653 1272 4722 quemadmodum
1337 4659 1491 4710 totus
1550 4656 1801 4711 arcticus
1833 4674 2058 4728 semper

2255 4654 2309 4707 τὰ
2388 4653 2480 4725 μὲν
2556 4653 2652 4720 τήν
2726 4650 2993 4723 ἡμετέραν
3073 4647 3326 4724 εὔκρατον
3403 4650 3591 4713 οὕτως
3675 4649 3836 4727 ἔχει·

415 4739 787 4810 conspicuus.
821 4746 887 4795 Et
944 4742 1027 4796 sic
1070 4743 1307 4812 quidem
1369 4743 1427 4797 in
1488 4751 1687 4799 nostra
1744 4751 2068 4816 temperata

418 4828 614 4898 [zona]
664 4845 755 4884 res
805 4847 864 4884 se
924 4830 1120 4894 habet,
1182 4831 1240 4886 in
1273 4834 1540 4904 opposita
1599 4839 1795 4888 autem
1852 4839 2069 4906 tempe-

425 4920 570 4985 rata,
601 4916 721 4972 vice
768 4935 952 4973 versa.
989 4922 1123 4984 Quae
1153 4921 1308 4975 enim
1369 4923 1535 4977 nobis
1593 4929 1730 4977 sunt
1771 4923 2068 4995 sublimia,

417 5004 534 5058 illis
569 5011 706 5060 sunt
758 5007 1026 5073 humilia,
1057 5014 1112 5064 et
1159 5015 1377 5065 contra.
1442 5011 1760 5068 Inclinatus
1794 5019 1882 5068 est
1913 5014 2070 5068 enim

419 5093 565 5162 ipsis
596 5096 855 5150 mundus
880 5101 945 5151 ut
966 5098 1037 5152 ab
1069 5100 1430 5154 australibus
1457 5101 1529 5154 ad
1563 5101 1824 5156 boreales
1856 5108 2070 5172 partes.

423 5181 490 5235 Et
522 5182 774 5236 arcticus
806 5185 1038 5255 quidem
1063 5187 1315 5243 circulus
1336 5189 1486 5243 infra
1508 5188 1858 5244 horizontem
1883 5190 2074 5245 occul-

410 5273 592 5323 tatus
651 5275 762 5337 est,
822 5275 1172 5330 antarcticus
1229 5282 1424 5333 autem
1484 5295 1644 5349 aeque
1677 5279 1749 5333 ab
1779 5279 2077 5335 horizonte

433 5357 713 5413 elevatus.

478 5447 533 5502 7.
567 5447 701 5511 Quae
733 5464 867 5504 cum
900 5449 982 5504 ita
1026 5468 1153 5506 sese
1185 5454 1443 5510 habeant
1491 5459 1553 5525 η,
1594 5457 1970 5513 manifestum
1993 5461 2082 5513 est

429 5551 566 5591 cum
599 5536 682 5592 sol
714 5555 748 5592 a
778 5541 1256 5598 conversionibus
1279 5545 1350 5598 ad
1384 5547 1793 5602 conversiones
1825 5549 2083 5619 planeta-

474 5707 530 5778 "°
565 5732 783 5794 Cleom.
818 5734 860 5792 1.
917 5751 958 5810 1,
980 5751 1032 5796 ο.
1067 5737 1108 5777 α
1140 5735 1357 5800 Cleom.
1381 5737 1422 5799 l.
1454 5757 1495 5816 ι,
1525 5757 1578 5799 c.
1608 5742 1646 5798 5
1723 5743 1767 5782 ιι
1796 5741 1944 5803 Ibid.

2177 4743 2311 4796 κατὰ
2361 4739 2418 4796 δὲ
2462 4741 2560 4809 τὴν
2613 4739 2995 4814 ἀντεύκρατον,
3039 4737 3566 4814 ἀντεστραμμένως.
3618 4742 3697 4795 T5.
3744 4743 3838 4816 γὰρ

2179 4835 2313 4905 ἡμῖν
2363 4831 2547 4904 ὑψηλά
2595 4835 2710 4892 τοῖς
2759 4829 2869 4883 ἐκεῖ
2912 4830 3154 4900 ταπεινὰ,
3199 4827 3286 4882 καὶ
3337 4825 3608 4900 ἔμπαλιν,
3663 4827 3843 4903 Ἐγκέ-

2179 4920 2361 4975 κλιται
2393 4921 2498 4996 γὰρ
2532 4921 2560 4973 6
2589 4919 2796 4991 κόσμος
2827 4916 3050 4980 ἐκείνοις
3082 4918 3154 4978 ὡς
3197 4917 3302 4971 ἀπὸ
3349 4921 3459 4970 τῶν
3512 4919 3722 4974 νοτίων
3759 4918 3842 4973 ἐπὶ

2180 5011 2246 5063 τά
2281 5008 2486 5085 βόρεια·
2520 5008 2607 5063 καὶ
2641 5009 2668 5061 6
2705 5009 2797 5080 μὲν
2833 5007 3079 5082 ἀρκτικὸς
3101 5004 3304 5068 κύκλος
3329 5007 3432 5060 ὑπὸ
3464 5007 3561 5061 τὸν
3587 5009 3836 5085 ὁρίζονττ

2183 5098 2492 5172 κέκρυπται·
2529 5099 2556 5150 6
2589 5094 2635 5151 δ’
2667 5097 3011 5172 ἀνταρκτικὸς
3059 5095 3123 5150 τὸ
3171 5092 3282 5149 ἴσον
3335 5095 3560 5172 ἐξῆρται
3615 5099 3726 5152 ἀπὸ
3757 5097 3838 5153 τοῐ

2185 5187 2480 5263 ὁρίζοντος.

2264 5462 2320 5525 ζ’.
2371 5461 2582 5508 Τουτων
2651 5451 2821 5514 οὕτως
2875 5451 3108 5527 ἐχόντων
3169 5452 3197 5505 ὁ
3241 5449 3409 5520 ἥλιος
3473 5453 3586 5510 ἀπὸ
3643 5459 3852 5533 τροπῶν

2193 5543 2280 5600 ἐπὶ
2310 5546 2516 5620 τροπὰς
2565 5544 2664 5612 τὴν
2714 5541 3053 5612 πλανητικὴν
3111 5539 3211 5595 ὑπὸ
3240 5541 3331 5594 τὸν
3386 5540 3667 5611 ζωδιακὸν
3698 5543 3849 5622 φερό-
