3988 6470
151 412 292 475 1285

1462 413 1808 478 ΕΡΙΤΟΜΕ
1851 418 2207 481 PHYSICA.

3377 423 3536 483 1286

156 567 300 618 μενος
357 544 588 616 κίνησιν,
642 545 866 623 φανερὸν
945 541 1027 599 ὅτι
1097 541 1223 606 τοὺς
1300 543 1533 608 κύκλους
1622 545 1774 616 ἐξαλ-

1923 551 1973 606 io
2008 552 2022 621 l
2030 569 2132 608 seu
2165 553 2432 623 erratico]
2464 556 2623 607 motu
2658 554 2767 608 sub
2799 552 3033 609 zodiaco
3069 556 3352 621 movetur,
3378 555 3535 625 quod

155 633 322 690 λάσσει
381 635 605 707 πάντας,
666 633 856 688 ὁπόσοι
939 632 1130 706 μεταξὺ
1199 638 1442 688 νοοῦνται
1498 639 1603 689 τῶν
1657 656 1778 710 τρο-

153 745 190 778 π
197 745 330 780 ικων.

218 814 282 882 η’.
314 815 472 867 ’Ὁταν
540 814 634 886 μὲν
681 810 770 866 οῦν
823 811 928 866 ἀπὸ
981 815 1088 865 τῶν
1139 811 1364 887 βορείων
1398 812 1485 866 ἐπὶ
1514 813 1581 867 τὰ
1629 812 1784 868 νότια

154 902 437 981 φερόμενος
523 900 794 978 ἐφάψηται
899 905 996 955 τοῦ
1091 905 1409 976 χειμερινοῦ
1494 907 1779 977 τροπικοῦ,

158 990 488 1069 βραχυτάτην
545 992 680 1062 ἡμῖν
738 991 836 1058 τὴν
893 989 1102 1065 ἡμέραν
1162 996 1327 1061 ποιεῖ,
1372 991 1470 1058 τήν
1511 987 1568 1044 δὲ
1623 989 1783 1044 νύκτα

158 1080 424 1156 μεγίστην.
482 1081 545 1136 Ὁ
599 1079 700 1154 γὰρ
755 1075 956 1140 κύκλος
1014 1078 1170 1140 οὗτος
1225 1080 1436 1133 πάντων
1495 1081 1567 1132 ὧν
1627 1077 1785 1152 ψαύει

153 1169 355 1226 κύκλων
407 1170 436 1223 ὁ
484 1167 644 1238 ἥλιος
697 1168 798 1222 ὑπὸ
837 1174 940 1243 γῆν
974 1164 1088 1243 ἔχει
1116 1171 1311 1241 τμῆμα
1345 1169 1617 1244 μέγιστον,
1653 1168 1785 1242 ὑπὲρ

157 1262 250 1336 γῆν
279 1257 318 1313 δ’
351 1256 664 1334 ἐλάχιστον.

228 1369 285 1429 θ’.
316 1369 474 1420 Ὅταν
532 1362 589 1419 δὲ
646 1368 742 1418 τοῦ
823 1367 1144 1440 χειμερινοῦ
1227 1368 1488 1436 τροπικοῦ
1545 1365 1571 1418 6
1628 1362 1790 1432 ἥλιος

159 1456 512 1534 ἐφαψάμενος,
543 1454 760 1529 γίνηται
819 1451 982 1508 πάλιν
1046 1453 1120 1515 ὡς
1173 1453 1308 1529 πρὸς
1357 1457 1527 1525 ἡμᾶς,
1580 1453 1667 1508 ἐπὶ
1724 1454 1792 1508 τὰ

162 1543 464 1618 ὑψηλότερα
511 1547 607 1598 τοῦ
665 1546 875 1614 κοσμοῦ
953 1541 1251 1616 ὁρώμενος·
1313 1541 1622 1618 ἐντυγχάνει
1701 1541 1792 1596 κύ-

161 1633 305 1696 κλοις
365 1631 582 1707 ἔχουσιν
644 1631 778 1706 ὑπὲρ
833 1637 934 1706 γῆν
988 1633 1255 1703 τμήμαυα
1288 1631 1455 1703 μείζω
1501 1636 1599 1686 τοῦ
1659 1631 1791 1705 ὑπὲρ

166 1730 260 1798 γῆν
313 1723 602 1795 τμήματος
661 1724 758 1774 τοῦ
814 1724 1133 1795 χειμερινοῦ
1187 1724 1473 1794 τροπικοῦ.
1524 1721 1622 1774 Καὶ
1680 1719 1793 1791 ὅσῳ

164 1813 228 1866 τὰ
289 1815 390 1864 τῶν
462 1808 678 1865 κύκλων
752 1808 884 1884 ὑπὲρ
958 1811 1056 1882 γῆν
1132 1810 1397 1881 τμήματα
1460 1809 1650 1880 μείζω,
1707 1830 1795 1863 το-

1890 657 2094 696 omnes
2125 641 2376 696 circulos
2425 646 2704 712 transeat,
2740 647 3027 714 quotquot
3075 644 3230 697 intra
3279 643 3537 713 tropicos

1889 745 2016 783 esse
2046 729 2474 798 intelliguntur.

1959 820 2012 872 8.
2045 819 2188 873 Cum
2224 819 2399 888 igitur
2445 836 2477 872 a
2533 819 2866 875 borealibus
2910 821 2977 873 ad
3025 819 3312 875 australes
3347 826 3537 892 partes

1892 905 2123 961 delatus
2154 906 2464 961 hibernum
2499 907 2785 977 tropicum
2820 908 3093 979 attigerit,
3127 909 3535 964 brevissimum

1894 995 2062 1048 nobis
2094 995 2246 1049 diem
2280 995 2480 1060 cflicit,
2514 1001 2739 1049 noctem
2773 995 3199 1067 longissimam.
3234 997 3336 1051 Hic
3379 998 3535 1052 enim

1895 1084 2147 1138 circulus
2169 1084 2430 1138 omnium
2456 1083 2804 1138 circulorum
2829 1101 2975 1154 quos
2998 1085 3083 1139 sol
3107 1085 3363 1157 attingit,
3383 1087 3536 1142 350

1897 1173 2218 1227 maximum
2273 1172 2424 1227 infra
2473 1177 2687 1226 terram
2732 1178 3099 1244 segmentum
3133 1173 3326 1241 habet,
3362 1192 3540 1247 supra

1898 1266 2114 1317 terram
2148 1265 2343 1316 autem
2387 1261 2720 1315 minimum.

1969 1369 2021 1422 9.
2056 1370 2199 1424 Cum
2232 1371 2426 1422 autem
2468 1367 2554 1421 sol
2599 1371 2730 1437 post
2768 1371 3052 1423 attactum
3082 1368 3391 1424 hibernum
3423 1374 3541 1426 tro-

1901 1457 2096 1529 picum
2115 1473 2319 1511 rursus
2343 1461 2406 1510 ut
2426 1456 2496 1510 ad
2522 1472 2628 1511 nos
2645 1456 2882 1526 accedit,
2901 1457 3075 1528 inque
3096 1458 3541 1515 sublimioribus

1904 1545 2108 1600 mundi
2141 1544 2402 1616 partibus
2433 1561 2496 1599 se
2533 1544 2849 1599 videndum
2881 1545 3151 1613 exhibet;
3202 1547 3261 1601 in
3309 1546 3546 1603 circulis

1901 1639 2187 1700 versatur,
2211 1635 2311 1704 qui
2339 1634 2564 1703 majora
2586 1633 2802 1688 habent
2833 1651 3010 1704 supra
3039 1639 3253 1690 terram
3275 1652 3543 1707 segmen-

1902 1728 1982 1791 ta,
2007 1739 2184 1794 quam
2216 1727 2305 1777 est
2336 1727 2706 1794 segmentum
2728 1721 2955 1777 hiberni
2985 1723 3192 1794 tropici
3224 1741 3404 1794 supra
3432 1728 3548 1779 ter-

1905 1829 2050 1868 ram.
2087 1811 2152 1865 Et
2190 1817 2410 1882 quanto
2441 1811 2790 1865 circulorum
2822 1827 3002 1882 supra
3029 1817 3248 1867 terram
3279 1829 3546 1884 segmen-

165 1898 332 1972 σούτῳ
360 1898 450 1954 καὶ
479 1901 578 1968 τὴν
637 1897 846 1972 ἡμέραν
902 1897 1200 1970 αὐξομένην
1254 1897 1390 1973 πρὸς
1448 1898 1609 1973 λόγον
1664 1918 1795 1970 παρ-

1923 1918 1965 1954 .a
2013 1901 2255 1970 majora,
2285 1904 2447 1954 tanto
2494 1900 2671 1954 etiam
2717 1899 2870 1954 diem
2913 1905 3138 1955 servata
3179 1902 3551 1972 proportione

165 1989 361 2064 έχεται,
425 1987 591 2063 μέχρι
653 1987 747 2060 μὲν
804 1990 901 2040 τοῦ
956 1986 1090 2061 πρὸς
1148 1987 1236 2040 τὸν
1309 1986 1615 2060 ἰσημερινὸν
1669 2008 1796 2041 κατ-

166 2079 463 2150 αντήματος
563 2070 668 2130 ἐπ’
744 2075 1063 2152 μικροτέραν
1150 2078 1250 2143 τῆς
1332 2077 1518 2138 νυκτὸς
1607 2073 1800 2148 διαμέ-

164 2187 370 2222 νουσαν.

237 2261 283 2311 ι’.
340 2253 502 2310 Ἐπὰν
559 2250 604 2308 δ’
655 2251 922 2330 ἐφάψηται
997 2256 1094 2307 τοῦ
1165 2253 1506 2327 ἷσημερινοῦ,
1563 2258 1662 2307 τοῦ
1741 2255 1803 2308 τὸ

165 2343 330 2416 ἥμισυ
361 2342 585 2420 ἔχοντος
620 2342 751 2418 ὑπὲρ
781 2348 884 2417 γῆν
912 2341 1003 2396 καὶ
1032 2343 1095 2397 τὸ
1153 2339 1266 2396 ἴσον
1322 2342 1486 2418 μέρος
1545 2343 1647 2397 ὑπὸ
1703 2349 1804 2418 γῆν

167 2431 371 2508 ἐαρινὴν
433 2429 717 2506 ἰσημερίαν
792 2435 960 2484 ποιεῖ·
1014 2430 1188 2499 πάντη
1263 2432 1355 2502 μὲν
1431 2425 1628 2506 ἀκριϐῆ
1707 2435 1804 2485 τοῦ

173 2521 485 2596 ἷσημερινοῦ
565 2519 908 2596 ἐφαψάμενος
958 2520 1077 2582 καθ’
1130 2519 1186 2572 ἓν
1240 2523 1348 2573 τῶν
1411 2517 1505 2573 δύο
1564 2519 1805 2592 σημείων

169 2608 655 2682 καθ”ὰτέμνουσιν
712 2606 1054 2677 ἀλλήλουςὸ
1099 2629 1159 2662 τε
1213 2607 1408 2683 ὁρίζων
1465 2609 1554 2663 καὶ
1613 2610 1641 2662 6
1693 2609 1806 2679 ἰση-

173 2697 403 2772 μερινόςο
493 2696 671 2752 οὐκέτι
758 2694 815 2750 δὲ
889 2695 1146 2766 τοιαύτην
1215 2691 1619 2772 ἀκριϐωμένην,
1680 2698 1803 2752 ὁταν

173 2788 285 2841 καθ’
336 2782 514 2861 ἕτερον
575 2789 800 2858 σημεῖον
861 2785 1005 2859 παρὰ
1041 2785 1108 2838 τὰ
1165 2785 1442 2861 εἰρημένα,
1481 2790 1577 2840 τοῦ
1644 2784 1807 2840 αὐτοῦ

174 2874 436 2953 ἐφάψηται
469 2874 556 2944 ἷση
567 2878 804 2951 μερινοῦ.

245 3059 324 3109 ια’.
357 3051 585 3114 Τελέσας
642 3049 732 3105 οῦν
791 3052 1037 3106 ὁπωσοῦν
1098 3052 1194 3119 τὴν
1249 3051 1530 3128 ἰσημερίαν
1565 3053 1592 3106 ὁ
1648 3052 1810 3121 ἥλιος

172 3140 258 3196 καὶ
290 3142 394 3195 ἀπὸ
423 3145 518 3195 τοῦ
551 3141 868 3215 ἰσημερινοῦ
925 3140 1236 3216 ἀνατρέχων
1297 3141 1370 3202 ὡς
1429 3141 1516 3195 ἐπὶ
1571 3142 1664 3196 τὸν
1725 3154 1808 3205 θε-

174 3230 315 3305 ρινὸν
372 3229 653 3303 τροπικὸν,
704 3227 818 3282 ἐπεὶ
874 3227 1098 3290 κύκλοις
1156 3227 1462 3304 ἐντυγχάνει
1522 3231 1689 3301 μείζω
1743 3233 1810 3284 τὰ

175 3318 303 3394 ὑπὲρ
331 3325 430 3392 γῆν
476 3313 663 3394 ἔχουσι
701 3319 984 3389 τμήματα,
1018 3315 1234 3389 μείζους
1290 3323 1394 3372 τῶν
1455 3323 1659 3373 νυκτῶν
1720 3320 1809 3373 καὶ

168 3407 264 3467 τὰς
327 3407 537 3480 ἡμέρας
592 3405 642 3475 ἐξ
699 3407 930 3480 ἀνάγκης
1013 3405 1306 3481 παρέχεται
1377 3410 1474 3476 τῆς
1552 3408 1808 3478 τοιαύτης

170 3493 441 3566 αὐξήσεως
496 3494 797 3568 προϊούσης
860 3495 1055 3569 μέχρις
1115 3493 1174 3548 ἂν
1232 3492 1457 3550 πελάσοι
1515 3501 1592 3567 τῷ
1621 3499 1810 3572 θερινῷ

167 3580 377 3657 κύκλῳ,
409 3583 469 3646 ’ὸς
521 3583 768 3659 μέγιστον
834 3584 951 3646 καθ’
1010 3585 1156 3654 ἡμᾶς
1231 3579 1345 3657 ἔχει
1401 3591 1598 3657 τμῆμα
1676 3587 1808 3640 πάν-

169 3692 275 3726 των
362 3672 434 3725 ὧν
525 3670 812 3748 ἐφάπτεται
894 3670 1114 3727 κύκλων
1196 3673 1224 3726 ὁ
1309 3670 1494 3741 ἥλιος,
1551 3676 1641 3729 καὶ
1722 3672 1812 3729 διὰ

167 3764 329 3815 τοῦτο
388 3761 485 3828 τὴν
549 3759 600 3814 ἐν
661 3764 728 3834 τῇ
788 3763 971 3835 θερινῇ
1027 3764 1203 3836 τροπῇ
1278 3761 1486 3837 ἡμέραν
1549 3763 1808 3838 μεγίστην

169 3869 336 3904 ποιει.

246 3939 333 4013 ιβ’,
371 3945 457 4013 ιγ’.
491 3939 761 3992 Ἐντεῦθεν
802 3935 850 3992 δ’
890 3938 964 3999 ὡς
1018 3937 1104 3992 ἐπὶ
1151 3939 1219 3992 τὰ
1263 3934 1416 3994 νότια
1463 3942 1660 3995 κατιὼν
1713 3942 1809 3997 κύ-

164 4026 327 4090 κλοις
425 4026 760 4103 ἐντυγχάνων
853 4029 1117 4100 τμήματα
1195 4023 1412 4102 ἔχουσιν
1503 4030 1630 4106 ὑπὲρ
1705 4038 1808 4104 γῆν

166 4115 380 4171 ἐλάττω
437 4116 572 4191 πρὸς
630 4111 791 4191 λόγον
849 4120 946 4170 τοῦ
1013 4115 1144 4189 ὑπὲρ
1209 4123 1308 4192 γῆν
1370 4119 1662 4190 τμήματος
1713 4125 1810 4174 τοῦ

164 4208 380 4278 θερινοῦ
408 4208 672 4279 τροπικοῦ
724 4203 811 4258 καὶ
862 4205 960 4272 τὴν
1019 4203 1227 4280 ἡμέραν
1287 4204 1566 4282 ἀναὶόγως
1626 4229 1808 4281 μειου-

167 4292 338 4367 μένην
392 4293 707 4368 παρέχεταιο
771 4293 940 4366 μείζω
998 4294 1090 4366 μὲν
1145 4300 1244 4361 τῆς
1320 4296 1533 4366 νυκτὸς,
1613 4300 1812 4373 μέχρις

161 4382 224 4437 ἂν
285 4380 516 4436 πελάσοι
569 4385 648 4452 τῷ
704 4380 1022 4454 ἰσημερινῷ.
1079 4381 1282 4438 Τούτου
1341 4381 1387 4438 δ’
1445 4383 1807 4462 ἐφαψάμενος,

157 4472 264 4540 τήν
317 4470 723 4548 φθινοπωρινὴν
775 4469 1061 4542 ἰσημερίαν
1111 4476 1276 4536 ποιεῖ·
1337 4473 1514 4535 καθὼς
1570 4473 1658 4528 ἐπὶ
1713 4483 1812 4545 τῆς

161 4559 387 4636 ἐαρινῆς
452 4557 740 4634 ἰσημερίας
818 4555 1146 4629 δεδήλωται·
1203 4560 1293 4615 καὶ
1370 4559 1511 4616 οὕτω
1586 4561 1811 4627 κύκλοις

1908 1989 2096 2060 magis
2147 1992 2549 2058 augescentem
2601 1987 2895 2054 exhibent,
2930 2005 3056 2058 quae
3097 1991 3336 2057 [tamen]
3383 1993 3549 2044 nocte

1910 2077 2103 2132 minor
2142 2077 2241 2146 sit,
2274 2093 2460 2148 usque
2488 2077 2629 2131 dum
2663 2077 2733 2130 ad
2765 2076 3228 2147 aequinoctialem
3258 2078 3550 2133 decurrat.

1985 2258 2070 2310 10.
2095 2256 2408 2326 Postquam
2428 2259 2619 2310 autem
2641 2253 3102 2324 aequinoctialem
3121 2254 3392 2328 attigerit,
3415 2272 3550 2312 eum

1915 2345 2193 2400 nimirum
2245 2343 2591 2414 [circulum]
2648 2344 2745 2414 qui
2797 2344 3048 2399 mediam
3100 2349 3326 2415 partem
3375 2362 3556 2417 supra

1915 2438 2150 2501 terram,
2174 2437 2230 2487 et
2250 2431 2530 2502 aequalem
2560 2437 2781 2502 partem
2808 2432 2960 2487 infra
2979 2436 3194 2487 terram
3219 2433 3412 2499 habet,
3435 2450 3556 2489 ver-

1916 2538 2056 2576 num
2091 2521 2503 2592 aequinoctium
2557 2520 2754 2588 efﬁcit,
2798 2538 3039 2592 prorsus
3093 2522 3328 2593 quidem
3387 2539 3554 2578 accu-

1916 2616 2107 2665 ratum
2138 2627 2272 2664 cum
2303 2609 2765 2680 aequinoctialem
2799 2611 2856 2663 in
2891 2627 3006 2665 uno
3039 2616 3388 2681 punctorum
3420 2612 3554 2666 atti-

1916 2699 2084 2770 gerit,
2108 2698 2167 2752 in
2199 2698 2414 2768 quibus
2443 2713 2505 2752 se
2535 2702 2734 2751 secant
2756 2697 2994 2752 invicem
3029 2698 3264 2753 horizon
3295 2705 3352 2754 et
3380 2701 3557 2771 aequi-

1917 2787 2204 2854 noctialis,
2230 2803 2343 2841 non
2368 2790 2562 2840 autem
2596 2787 2678 2840 sic
2700 2791 3038 2840 accuratum
3072 2785 3347 2858 amplius,
3373 2805 3554 2859 quan-

1919 2877 1992 2931 do
2022 2877 2081 2931 in
2112 2876 2225 2931 alio
2258 2881 2473 2947 puncto
2517 2875 2586 2929 ab
2631 2875 2702 2929 iis
2750 2892 2876 2946 quae
2905 2876 3062 2930 dicta
3090 2881 3248 2945 sunt,
3281 2878 3554 2932 eumdem

1919 2971 2269 3037 equatorem
2302 2964 2575 3035 attigerit.

1994 3056 2078 3108 11.
2111 3055 2498 3124 Posteaquam
2528 3052 2708 3126 igitur
2750 3052 2833 3108 sol
2878 3052 3292 3124 aequinoctium
3323 3069 3556 3125 quoquo

1920 3144 2093 3198 modo
2125 3143 2363 3214 peregit,
2396 3148 2452 3197 et
2497 3144 2570 3197 ab
2623 3146 2915 3214 aequatore
2961 3142 3032 3196 ad
3080 3142 3370 3213 tropicum
3402 3141 3556 3197 aesti-

1920 3249 2054 3286 vum
2080 3232 2363 3297 ascendit,
2387 3230 2663 3301 quoniam
2695 3231 2754 3284 in
2786 3231 3018 3286 circulis
3042 3236 3306 3286 versatur
3335 3231 3562 3301 majora

1921 3326 2220 3391 segmenta
2249 3337 2427 3391 supra
2456 3321 2603 3376 351
2640 3324 2856 3374 terram
2897 3319 3267 3387 habentibus,
3305 3320 3556 3390 majores

1918 3411 2091 3465 etiam
2125 3409 2392 3463 noctibus
2437 3408 2559 3463 dies
2610 3408 2937 3463 necessario
2990 3409 3260 3475 exhibet;
3319 3424 3555 3480 progre-

1918 3501 2111 3554 diente
2168 3498 2250 3553 sic
2304 3498 2414 3552 hoc
2457 3497 2844 3566 incremento,
2896 3498 3076 3552 donec
3135 3497 3206 3552 ad
3264 3497 3555 3568 tropicum

1920 3587 2181 3643 aestivum
2215 3587 2471 3654 accedat,
2504 3586 2602 3658 qui
2647 3586 2964 3641 maximum
3017 3586 3171 3657 apud
3223 3602 3329 3640 nos
3382 3585 3561 3641 habet

1920 3681 2285 3750 segmentum
2319 3675 2585 3731 omnium
2618 3675 2970 3730 circulorum
3003 3691 3149 3746 quos
3181 3673 3266 3729 sol
3308 3674 3564 3747 attingit,

1920 3772 1977 3823 et
2018 3766 2258 3838 proinde
2295 3765 2449 3820 diem
2498 3765 2555 3818 in
2605 3764 2979 3821 conversione
3010 3765 3210 3820 aestiva
3240 3764 3566 3819 maximum

1922 3855 2121 3911 efﬁcit.

1995 3943 2174 3997 12-13.
2200 3942 2343 3996 Hinc
2365 3945 2558 3996 autem
2583 3946 2647 3996 ut
2669 3942 2737 3996 ad
2759 3941 3044 3997 australes
3066 3941 3306 4013 [partes]
3329 3941 3566 3996 descen-

1924 4033 2089 4096 dens,
2145 4047 2277 4085 cum
2332 4036 2595 4085 versetur
2641 4030 2699 4084 in
2750 4031 2984 4086 circulis
3033 4034 3336 4102 segmenta
3385 4047 3565 4102 supra

1922 4127 2139 4176 terram
2170 4119 2524 4174 habentibus
2556 4119 2803 4186 minora,
2839 4120 2909 4174 ad
2953 4120 3386 4191 proportionem
3427 4134 3562 4190 seg-

1925 4208 2104 4266 menti
2137 4225 2316 4280 supra
2344 4213 2559 4263 terram
2600 4208 2658 4262 in
2699 4208 2894 4263 aestivo
2924 4211 3165 4280 tropico,
3197 4208 3351 4262 diem
3383 4206 3560 4262 etiam

1925 4297 2223 4369 analogice
2279 4298 2706 4352 decrescentem
2774 4297 3032 4367 exhibet,
3093 4295 3329 4351 tametsi
3395 4300 3565 4350 nocte

1926 4389 2230 4457 majorem,
2256 4386 2434 4440 donec
2457 4385 2527 4439 ad
2552 4384 3012 4456 aequinoctialem
3037 4383 3376 4455 pervenerit.
3400 4387 3567 4437 Hunc

1926 4482 2120 4532 autem
2152 4479 2215 4529 ut
2245 4473 2523 4545 attigerit,
2547 4473 2961 4544 aequinoctium
2994 4471 3335 4528 autumnale
3364 4469 3565 4537 efﬁcit,

1926 4564 2423 4637 quemadmodum
2441 4563 2500 4617 in
2519 4579 2691 4618 verno
2710 4561 3052 4633 aequinoctio
3071 4560 3427 4616 declaratum
3443 4563 3563 4626 est;

160 4647 511 4724 ἐντυγχάνων
548 4647 672 4718 ἑξῆς
699 4647 768 4702 τὰ
799 4647 900 4702 ὑπὸ
929 4655 1028 4723 γῆν
1084 4646 1271 4725 ἔχουσι
1322 4653 1586 4723 τμήματα
1643 4653 1800 4726 μείζα

1923 4671 1986 4709 ac
2005 4654 2089 4708 ita
2109 4653 2166 4707 in
2191 4652 2422 4707 circulis
2445 4652 2716 4721 deinceps
2738 4650 3116 4723 progrediens
3140 4648 3240 4719 qui
3261 4651 3564 4719 segmenta

158 4741 275 4791 τῶν
347 4737 479 4813 ὑπὲρ
536 4743 665 4812 γῆν,
722 4735 810 4790 καὶ
868 4737 964 4798 τὰς
1024 4737 1214 4801 νύκτας
1276 4737 1534 4794 ἀποτελεῖ
1593 4741 1813 4814 μείζους

155 4829 272 4880 τῶν
308 4827 552 4903 ἡμερῶν.

243 4927 330 4988 ιδ’.
364 4931 494 4986 Ὑπὸ
548 4930 640 4986 τὸν
699 4928 959 5000 ζωδιακὸν
1019 4931 1196 4986 τοίνυν
1248 4934 1276 4987 ὁ
1326 4933 1489 5002 ἥλιος
1545 4937 1642 5004 τὴν
1673 4935 1814 4992 πλα-

153 5022 392 5090 νητικήν
441 5019 770 5094 ποιούμενος
811 5019 1046 5090 κίνησιν,
1078 5020 1167 5075 καὶ
1211 5021 1405 5084 ἄλλοις
1457 5021 1658 5080 ἄλλοτε
1720 5026 1812 5098 μέ-

156 5127 313 5184 ρεσιν
377 5103 683 5164 ὑποϐαίνων
742 5107 930 5176 αὐτοῦ,
980 5109 1070 5162 καὶ
1128 5108 1272 5164 οὕτω
1309 5111 1402 5172 τὰς
1441 5110 1586 5188 ὥρας
1643 5114 1817 5168 ἐπιτε-

155 5196 304 5266 λῶν,
337 5201 546 5273 τροπὴν
591 5199 685 5272 μὲν
734 5199 945 5272 θερινὴν
991 5203 1138 5252 ποιεῖ
1189 5206 1291 5268 τῆς
1341 5199 1607 5270 οἰκήσεως
1653 5205 1813 5275 ἡμῶν

148 5286 456 5362 γενόμενος
532 5286 770 5365 ἔγγιστα’
829 5287 918 5340 καὶ
979 5286 1192 5360 ὑψηλὸς
1261 5290 1396 5361 ἡμῖν
1475 5289 1656 5367 ὀφθεὶς
1733 5290 1813 5346 ὅτι

153 5373 408 5449 μάλιστα
464 5378 554 5432 καὶ
615 5374 958 5452 βορειότανον
1019 5374 1247 5439 διελθὼν
1296 5375 1515 5450 κύκλον,
1566 5379 1656 5433 καὶ
1719 5401 1816 5452 με-

144 5464 362 5542 γίστην
412 5465 692 5528 ἐκτελέσας
748 5464 958 5542 ἡμέραν
1037 5470 1144 5520 τῶν
1219 5464 1363 5521 ὅλων
1423 5471 1518 5521 τοῦ
1575 5466 1816 5523 ἐνιαυτοῦ

145 5555 415 5629 ἡμερῶν,
474 5555 772 5632 ἐλαχίστην
831 5552 888 5608 δὲ
941 5553 1106 5609 νύκτα
1187 5559 1294 5609 τῶν
1369 5555 1512 5611 ὅλων
1581 5561 1812 5618 νυκτῶν.

146 5644 386 5715 Τροπῆν
449 5641 507 5699 δὲ
561 5645 696 5720 (καὶ)
751 5643 1071 5719 χειμερινὴν
1153 5648 1300 5698 ποιεῖ
1379 5652 1479 5715 τῆς
1549 5645 1814 5716 οἰκήσεως

142 5734 328 5814 ἡμῶν
381 5732 718 5815 πορρωτάτω
763 5729 1053 5813 γενόμενος
1108 5733 1198 5790 καὶ
1247 5734 1631 5800 ταπεινότατος
1679 5737 1814 5813 ἡμῖν

1923 4743 2076 4798 infra
2104 4751 2319 4798 terram
2351 4742 2714 4795 exstantibus
2745 4757 2922 4810 supra
2952 4744 3166 4793 terram
3199 4738 3424 4807 majora
3459 4735 3563 4790 ha-

1923 4833 2080 4901 bent,
2113 4837 2312 4886 noctes
2349 4829 2524 4884 etiam
2564 4829 2771 4884 diebus
2803 4830 3052 4898 majores
3081 4825 3275 4882 efﬁcit.

1997 4939 2082 4993 14.
2113 4937 2205 4992 Sol
2237 4936 2478 5008 proinde
2510 4935 2896 5007 planetarium
2933 4938 3159 4989 motum
3192 4932 3302 4987 sub
3330 4931 3563 4987 zodiaco

1925 5027 2148 5092 obiens,
2181 5031 2237 5081 et
2265 5026 2408 5080 alias
2440 5026 2571 5080 aliis
2601 5025 2867 5096 partibus
2897 5022 3056 5078 illius
3087 5023 3425 5087 succedens,
3460 5021 3568 5075 sic-

1925 5133 2037 5187 que
2067 5115 2240 5170 horas
2287 5113 2610 5185 perficiens,
2647 5114 2904 5167 aestivam
2955 5113 3191 5184 quidem
3241 5107 3568 5166 conversio-

1925 5222 2058 5259 nem
2092 5203 2248 5273 facit,
2271 5220 2402 5257 cum
2437 5206 2644 5256 nostrae
2675 5200 3018 5256 habitationi
3051 5199 3350 5272 proximus
3381 5198 3568 5252 factus

1925 5297 1981 5349 et
2032 5291 2198 5346 nobis
2250 5291 2574 5345 altissimus
2619 5295 2964 5360 conspectus
3007 5288 3200 5355 fuerit,
3233 5285 3564 5342 horealissi-

1927 5397 2208 5451 mumque
2257 5377 2540 5433 circulum
2590 5379 2910 5446 transierit,
2944 5379 3097 5435 352
3140 5381 3195 5432 et
3243 5375 3564 5431 maximum

1927 5473 2078 5525 inter
2107 5485 2309 5524 omnes
2341 5467 2522 5522 totius
2554 5468 2690 5522 anni
2735 5468 2882 5538 dies,
2915 5472 3264 5537 noctemque
3293 5462 3567 5518 brevissi-

1927 5575 2084 5613 mam
2116 5558 2379 5613 omnium
2412 5556 2671 5611 noctium
2703 5557 2976 5613 elI'ecerit.
3011 5557 3328 5611 Hibernam
3370 5557 3566 5608 autem

1927 5647 2363 5703 conversionem
2389 5646 2750 5714 facit,cuma
2792 5651 2992 5702 nostra
3036 5643 3394 5701 habitatione
3443 5640 3567 5696 lon-

1925 5736 2168 5810 gissime
2196 5735 2521 5810 recesserit,
2555 5735 2843 5811 nobisque
2870 5733 3243 5795 humillimus
3292 5748 3357 5791 ac
3386 5733 3454 5790 ut
3494 5730 3569 5810 ad
