3988 6452
386 416 540 479 128⁸1
1635 408 2056 472 NICEPHORI
2100 406 2537 471 BLEMMIDE
3638 418 3789 479 1233

388 548 585 621 ipsum
617 546 977 603 horizontem
1006 545 1167 601 visus
1204 543 1401 613 fuerit,
1432 547 1490 600 et
1530 542 1963 599 australissimu

2214 540 2377 611 αθεὶς,
2408 540 2496 595 καὶ
2528 541 2603 602 ὡς
2648 539 2786 615 πρὸς
2815 540 2974 597 αὐτὸν
3020 544 3114 599 τὸν
3164 544 3415 621 ὁρίζοντα
3459 546 3557 602 καὶ
3618 545 3789 603 διανύ-

389 637 674 693 circulum
704 635 1039 701 confecerit,
1069 638 1126 690 et
1159 633 1473 688 maximam
1507 636 1732 688 noctem
1767 631 1964 687 omniu

2217 651 2235 691 ;
2315 627 2520 684 κύκλον
2605 631 2931 686 νοτιώτατον
3008 633 3097 687 καὶ
3178 634 3440 709 μεγίστην
3507 635 3792 699 ἐκτελέσας

391 727 672 791 noctium,
704 725 977 797 diemque
1026 723 1441 779 brevissimum
1490 723 1755 777 omnium
1804 721 1966 777 dieru

2216 738 2304 772 ιτα
2330 723 2535 773 νυκτῶν
2582 720 2822 789 ἁπασῶν,
2873 720 3082 795 ἡμέραν
3135 719 3179 776 δ’
3218 722 3517 799 ἐλαχίστην
3572 728 3791 802 ἡμερῶν

391 815 665 871 effecerit.

2142 808 2381 862 ἁπασῶν.

464 906 550 970 15,
586 906 671 959 16.
704 902 1136 975 IEquinoctium
1164 902 1206 938 1³
1237 918 1408 972 porro
1438 917 1682 956 vernum
1715 900 1873 963 facit,
1898 915 2031 955 cum

2221 897 2291 967 ιε’,
2345 897 2429 960 ις’.
2481 897 2786 973 Ἰσημερίαν
2833 896 2891 952 δὲ
2938 905 3090 954 ποιεῖ
3134 900 3349 977 ἐαρινὴν
3424 902 3638 958 ὁπόταν
3700 905 3796 960 ἀπὸ

388 994 461 1051 ab
483 993 746 1049 hibernis
767 991 1249 1048 conversionibus
1271 990 1343 1045 ad
1374 989 1636 1044 boreales
1663 995 1855 1058 partes
1876 993 1933 1043 et
1959 1008 1963 1039 ς

2220 1006 2245 1037 ν
2297 990 2625 1062 χειμερινῶν
2672 993 2893 1061 τροπῶν
2950 988 3038 1043 ἐπὶ
3084 990 3151 1043 τὰ
3193 990 3381 1065 βόρεια
3432 994 3528 1047 καὶ
3571 995 3668 1047 τὸν
3719 995 3794 1049 θε-

390 1082 656 1139 ωεῐίνιιω
689 1080 1061 1153 proﬁciscens
1090 1079 1383 1151 tr0picum
1432 1083 1490 1133 et
1545 1079 1735 1133 medio
1780 1077 1904 1132 loco
1933 1076 1965 1131 i1

2219 1074 2288 1128 νὸν
2366 1072 2667 1149 ἐρχόμενος
2729 1078 3015 1149 τροπικὸν,
3063 1078 3152 1132 καὶ
3220 1080 3396 1151 μέσως
3467 1080 3794 1159 ἀμφοτέρων

391 1176 482 1227 ter
511 1175 832 1241 utrumque
860 1168 1151 1240 tropicum
1203 1170 1262 1223 in
1309 1183 1416 1223 suo
1467 1182 1643 1222 cursu
1682 1166 1961 1222 constitut

2221 1184 2247 1215 ν
2292 1168 2565 1238 τροπικῶν
2613 1165 2752 1218 κατὰ
2796 1174 2895 1233 τήν
2939 1165 3159 1241 πορείαν
3221 1167 3548 1242 γενόμενος,
3610 1168 3796 1244 ὁδεῦσῃ

394 1275 530 1317 eum
574 1256 860 1314 circulum
903 1254 1250 1329 peragravit,
1281 1255 1383 1326 qui
1433 1256 1719 1310 mundum
1780 1255 1839 1309 in
1889 1256 1965 1310 du

2222 1249 2341 1305 ιλον
2392 1251 2469 1313 είς
2520 1250 2605 1307 ἶσα
2651 1250 2747 1307 δύο
2797 1251 3106 1329 διαιροῦντα
3159 1256 3251 1310 τὸν
3307 1257 3546 1330 κόσμον.
3595 1260 3797 1332 Ἰσημε-

395 1347 649 1421 aaquales
680 1350 876 1419 partes
905 1345 1150 1412 dividit;
1183 1343 1524 1400 autumnale
1551 1348 1748 1399 autem
1778 1345 1968 1415 aequin

2223 1360 2259 1393 ιν
2308 1337 2367 1393 δὲ
2412 1342 2831 1417 φθινοπωρινὴν,
2880 1342 3004 1397 ὅταν
3065 1343 3151 1398 ἐπὶ
3216 1346 3283 1400 τὰ
3347 1346 3503 1401 νότια
3564 1348 3662 1402 καὶ
3721 1351 3798 1403 τὸν

397 1438 602 1505 ctium,
634 1451 770 1491 cum
800 1435 871 1490 ad
903 1432 1189 1490 australes
1216 1436 1412 1505 partes
1440 1437 1497 1489 ct
1523 1432 1811 1504 tropicum
1843 1433 1972 1488 bibe

2225 1428 2454 1504 ,μερινὸν
2519 1432 2778 1505 τροπικὸν
2835 1431 3181 1511 ὑποστρέφων
3253 1434 3359 1489 ἀπὸ
3425 1440 3529 1490 τοῦ
3593 1442 3800 1510 θερινοῦ

399 1542 541 1583 num
573 1526 646 1581 ab
674 1524 871 1580 aestivo
898 1522 1119 1594 tropico
1149 1526 1466 1590 revertens,
1499 1526 1556 1577 et
1582 1520 1856 1578 similiter
1886 1521 1974 1576 int

2227 1522 2404 1572 δπικοῦ
2452 1518 2541 1573 καὶ
2593 1519 2910 1591 μεσαίτατος
2958 1521 3171 1593 ὁμοίως
3223 1523 3425 1601 ἀμφοῖν
3479 1525 3802 1600 γενόμενος,

394 1619 716 1685 utrumque
756 1612 987 1669 medius
1035 1611 1227 1667 factus
1266 1611 1540 1667 eumdem
1569 1609 1969 1682 mquinoctiale

2228 1628 2233 1652 ν
2282 1606 2440 1661 αὐτὸν
2491 1608 2824 1682 πορεύσηται
2865 1608 3065 1666 κύκλον
3110 1610 3202 1665 τὸν
3250 1610 3607 1686 ἰσημερινόν,
3640 1615 3803 1684 Αὖξοο

393 1704 678 1761 circulum
708 1701 1037 1758 confecerit.
1068 1701 1197 1757 Jam
1228 1716 1361 1756 vero
1391 1703 1718 1756 crescentes
1767 1699 1893 1754 dies
1938 1716 1968 1753 e

2230 1716 2309 1757 ρας
2360 1694 2418 1750 δὲ
2446 1696 2744 1773 παρέχεται
2792 1700 2890 1760 τὰς
2937 1699 3146 1775 ἡμέρας
3196 1698 3285 1754 ἐπὶ
3332 1700 3402 1755 τὰ
3456 1702 3663 1779 βόρεια
3718 1710 3805 1759 τοῦ

392 1792 573 1862 hibet,
604 1807 737 1847 cum
786 1790 857 1846 ad
901 1788 1165 1845 boreales
1196 1788 1399 1843 mundi
1435 1793 1627 1859 partes
1672 1787 1744 1842 ab
1792 1787 1967 1842 hiberi

2227 1805 2353 1856 τμου
2413 1784 2710 1860 ἐρχόμενος
2764 1787 2872 1841 ἀπὸ
2941 1792 3037 1843 τοῦ
3111 1794 3431 1864 χειμερινοῦ
3513 1798 3802 1869 τροπικοῦ·

391 1881 616 1953 tropico
669 1878 1040 1935 ascenderit:
1094 1878 1519 1946 decrescentes,
1564 1893 1701 1932 cum
1751 1893 1785 1931 a
1831 1893 1966 1931 mun

2230 1872 2472 1946 ,ουμένας
2556 1872 2635 1947 δὲ,
2713 1877 2913 1931 κατιὼν
2999 1877 3106 1932 ἀπὸ
3187 1882 3294 1933 τῶν
3389 1884 3491 1934 τοῦ
3597 1881 3805 1957 κόσμου

2230 1961 2299 1984 κγ’
2445 1962 2459 1984 Ἰ
2512 1963 2527 1980 ‘
2640 1964 2656 1984 ἴ
2776 1964 2789 1984 Ι
3032 1966 3047 1984 \
3154 1967 3169 1984 κ
3545 1970 3561 1984 \

391 1970 727 2027 borealibus
758 1968 1025 2040 partibus
1056 1967 1126 2022 ad
1158 1967 1447 2023 australes
1476 1970 1534 2022 et
1561 1964 1876 2021 hibernum
1910 1969 1964 2020 tr

2233 1961 2376 2018 >είων
2441 1962 2529 2018 ἐπὶ
2598 1964 2665 2018 τὰ
2731 1964 2884 2020 νότια
2960 1966 3050 2021 καὶ
3114 1967 3204 2022 τὸν
3271 1970 3602 2046 χειμερινὸν
3689 1993 3808 2048 τρο·

394 2059 591 2133 picum
619 2057 1006 2114 descenderit.

745 2057 1006 2113 :enderit.
2141 2051 2320 2109 πικόν.

467 2149 554 2203 17.
586 2147 870 2203 Caeterum
915 2145 1071 2201 haud
1117 2145 1273 2202 858
1311 2142 1517 2215 aequali
1565 2144 1897 2199 accessione
1944 2143 2034 2197 in-

2240 2141 2280 2209 ζ¹
2349 2139 2422 2195 Οὖ
2478 2142 2596 2195 κατ’
2643 2141 2867 2213 ἰσότητα
2913 2141 2972 2198 δὲ
3026 2146 3344 2219 προσθήκης
3391 2145 3651 2221 γίνονται
3708 2155 3808 2205 τῶν

392 2241 692 2293 crementa
720 2235 871 2290 ﬁunt
909 2233 1134 2289 dierum
1170 2235 1216 2269 ιι
1265 2236 1325 2288 et
1369 2231 1671 2294 noctium;
1722 2231 1822 2286 sed
1872 2247 1967 2302 pos

2235 2233 2364 2301 ερῶν
2431 2231 2486 2283 αἱ
2533 2229 2783 2301 αὐξήσεις
2830 2232 2919 2286 καὶ
2961 2236 3069 2287 τῶν
3117 2238 3346 2289 νυκτῶν·
3402 2233 3541 2290 ἀλλ’
3618 2238 3810 2294 ὁπόταν

394 2341 570 2397 quam
619 2324 745 2379 dies
794 2322 993 2394 augeri
1041 2321 1301 2393 coeperit,
1336 2320 1522 2393 primo
1565 2319 1801 2391 quidem
1837 2335 1968 2373 men

2244 2339 2367 2388 ηται
2406 2320 2443 2388 ἡ
2492 2317 2673 2395 ἡμέρα
2721 2324 2818 2374 τοῦ
2867 2318 3130 2393 αὔξεσθαι,
3182 2322 3319 2378 κατὰ
3364 2323 3464 2397 μὲν
3512 2326 3618 2380 τὸν
3671 2333 3812 2401 πρῶ-

393 2416 641 2485 augetur
659 2410 1006 2467 duodecima
1034 2414 1196 2481 parte
1224 2408 1406 2465 totius
1435 2423 1727 2474 excessus,
1761 2423 1877 2478 quo
1910 2423 1966 2460 m

2291 2414 2431 2480 μῆνα
2485 2404 2787 2464 δωδέκατον
2847 2407 3057 2480 αὔξεται
3113 2414 3211 2479 τῆς
3253 2410 3394 2480 ὅλης
3431 2413 3816 2491 ὑπεροχῆς,ᾗ

393 2501 588 2557 ximus
604 2501 728 2556 dies
746 2499 1057 2554 minimum
1075 2499 1328 2566 excedit;
1347 2497 1793 2565 secundo,sexta
1809 2516 1821 2561 ;
1840 2495 1968 2551 terti

2234 2517 2242 2558 ;
2272 2493 2574 2571 ἐλαχίστης
2603 2498 2814 2573 ἡμέρας
2847 2498 3099 2575 ὑπερέχει
3129 2502 3164 2568 ἡ
3214 2499 3472 2576 μεγίστη·
3532 2506 3685 2559 κατὰ
3729 2506 3809 2560 τὸν

392 2595 631 2662 quarta;
655 2593 883 2661 quarto,
902 2587 1105 2643 itidem
1128 2592 1363 2659 quarta;
1382 2587 1611 2658 quinto,
1631 2590 1825 2652 sexta;
1850 2589 1967 2640 sext

2239 2604 2412 2661 τερον,
2440 2581 2616 2640 ἕκτον·
2650 2587 2786 2641 κατὰ
2812 2586 2904 2642 τὸν
2946 2588 3152 2662 τρίτον,
3184 2587 3471 2662 τέταρτον·
3527 2595 3681 2648 κατὰ
3732 2597 3814 2649 τὸν

389 2678 756 2736 duodecima.
787 2676 974 2747 Quare
1023 2677 1071 2732 si
1126 2692 1227 2731 sex
1270 2675 1431 2731 horis
1472 2675 1711 2730 excedat
1742 2674 1958 2729 maxim

2238 2693 2416 2749 αρτον⁷
2451 2674 2657 2747 ὁμοίως
2687 2674 2961 2752 τέταρτονο
2997 2677 3133 2731 κατά
3181 2679 3271 2732 τὸν
3314 2678 3614 2753 πέμπτον,
3647 2680 3813 2739 ἕκτον·

390 2767 547 2824 diem
596 2766 932 2838 minimum,
979 2765 1168 2838 primo
1223 2764 1459 2836 quidem
1506 2780 1707 2820 mense
1752 2779 1965 2819 cresce!

2283 2763 2419 2817 κατὰ
2468 2764 2560 2818 τὸν
2620 2761 2797 2836 ἕκτον,
2831 2762 3153 2822 δωδέκατον.
3206 2769 3367 2821 Ὥστε
3426 2769 3478 2823 εἰ
3536 2770 3601 2841 ἓξ
3662 2772 3816 2848 ὥραις

391 2856 507 2912 diei
538 2856 889 2929 adjungetur
917 2854 1272 2923 semi-hora;
1305 2852 1584 2924 secundo,
1616 2853 1797 2919 hora;
1842 2851 1966 2907 terti

2239 2851 2399 2927 ιρέχει
2482 2856 2581 2922 τῆς
2666 2851 2965 2930 ἐλαχίστης
3021 2854 3229 2931 ἡμέρας
3295 2859 3331 2926 ἡ
3399 2859 3687 2934 μεγίστη,
3734 2864 3814 2917 τὸν

392 2945 538 3001 hora
585 2952 641 3001 et
689 2944 1040 3012 semi-hora;
1093 2948 1159 2998 ut
1199 2942 1281 2997 ita
1324 2941 1606 2997 trimestri
1635 2940 1825 3012 spatio
1854 2943 1967 2997 triu

2341 2945 2556 3017 πρῶτον
2654 2949 2798 3015 μῆνα
2870 2945 3290 3017 προστεθήσεται
3370 2950 3445 3020 τῇ
3554 2949 3820 3025 αὐξομένῃ

394 3033 670 3090 horarum
700 3033 801 3088 ﬁat
826 3032 1048 3089 additio
1077 3050 1090 3101 ;
1123 3036 1331 3104 quarto
1359 3048 1558 3087 mense
1578 3032 1788 3086 iterum
1814 3030 1955 3086 hora

2244 3030 2344 3103 ἱρᾳ,
2399 3031 2698 3107 ἡμιώριον·
2756 3032 2847 3086 τὸν
2907 3028 3171 3108 δεύτερον,
3235 3032 3369 3108 ὥρα·
3441 3037 3543 3091 τὸν
3620 3039 3819 3115 τρίτης..Ι

393 3121 718 3178 semi-hora
745 3122 1138 3194 adjungetur;
1171 3120 1376 3192 quinto
1406 3121 1588 3188 hora;
1622 3119 1829 3175 ultimo
1860 3135 1968 3175 seu

2243 3140 2261 3172 ι
2306 3119 2395 3173 καὶ
2444 3119 2738 3195 ἠμιώριον·
2787 3121 2862 3182 ὡς
2921 3120 3063 3176 οὕτω
3114 3121 3359 3198 γενέσθαι
3414 3130 3607 3200 τριῶν
3672 3130 3818 3203 ὡρῶν

391 3210 558 3267 hora.
588 3211 747 3266 Idem
780 3211 846 3265 ﬁt
873 3210 932 3265 in
966 3210 1258 3265 noctibus.

2246 3209 2463 3278 ισθήκην
2526 3209 2660 3263 κατᾶ
2721 3209 2783 3263 τὸ
2843 3209 3128 3282 τρίμηνον·
3194 3211 3334 3265 κατὰ
3389 3213 3493 3267 τὸν
3572 3215 3821 3293 τέταρτον

395 3304 561 3371 μῆνα,
600 3297 763 3353 πάλιν
823 3295 939 3372 ὥρα
995 3296 1084 3351 καὶ
1141 3295 1415 3371 ήμιώριον
1470 3296 1912 3371 προστεθήσεται·
1969 3298 2104 3351 κατὰ
2157 3296 2249 3350 τὸν
2307 3297 2577 3369 πέμπτον,
2611 3296 2745 3373 (Spw
2778 3297 2866 3351 καὶ
2913 3299 3047 3352 κατᾶ
3073 3299 3161 3353 τὸν
3204 3294 3473 3375 ἔσχατον³
3510 3304 3825 3383 ἡμιώρισν.

387 3386 460 3441 Τὸ
492 3383 537 3441 δ’
566 3386 694 3440 αὐτο
723 3386 855 3441 κάπὶ
884 3389 991 3440 τῶν
1023 3389 1251 3440 νυκτῶν.

463 3478 549 3532 18.
582 3478 723 3549 Ejus
773 3482 969 3533 autem
1003 3477 1048 3513 ¹⁵
1096 3476 1251 3548 quod
1306 3475 1671 3532 accessiones
1729 3492 1844 3531 non
1898 3479 2038 3531 sunt

2256 3476 2401 3545 η’.Ἥ
2458 3472 2505 3528 δ’
2540 3472 2686 3529 αἶτία
2739 3479 2836 3529 τοῦ
2900 3476 2975 3548 μή
3032 3475 3269 3551 γίνεσθαι
3330 3477 3435 3540 τὰς
3501 3484 3831 3556 προσθήκας

394 3565 666 3638 aequales,
698 3566 819 3621 haec
864 3566 1063 3637 aliqua
1102 3581 1281 3621 causa
1308 3569 1417 3620 est.
1450 3565 1732 3620 Zodiacus
1762 3564 1969 3620 circult

2253 3584 2267 3625 ;
2328 3561 2513 3618 τοιάδε
2553 3562 2637 3625 τίς
2696 3561 2856 3619 ἐστιν.
2919 3566 2975 3617 '0
3036 3560 3301 3632 ζωδιακὸς
3357 3567 3614 3643 κύκλος,
3654 3573 3744 3649 ὑφ’
3777 3572 3828 3626 ὃν

394 3656 506 3712 sub
539 3671 655 3726 quo
686 3653 894 3710 solaris
924 3659 1034 3726 est,
1066 3655 1124 3709 in
1177 3671 1291 3726 quo
1329 3652 1417 3709 sol
1457 3670 1696 3709 cursum
1729 3670 1903 3709 suum
1936 3671 1969 3709 a

2257 3650 2463 3723 λιακὸς,
2494 3648 2617 3707 ἔνθα
2672 3657 2907 3707 ποιεῖται
2954 3654 3054 3721 τήν
3106 3654 3328 3727 πορείαν
3362 3655 3394 3708 ὁ
3430 3655 3639 3731 ἥλιος,
3676 3648 3832 3731 λοξὸς

394 3741 587 3810 solvit,
609 3759 744 3798 cum
766 3743 1042 3814 obliquus
1064 3743 1141 3798 sit
1158 3748 1217 3798 et
1236 3741 1703 3814 aequinoctialem
1725 3743 1783 3797 in
1807 3743 1962 3798 duob

2276 3740 2366 3795 καὶ
2422 3740 2556 3795 κατὰ
2613 3738 2708 3795 δύο
2759 3742 2852 3815 μὲν
2902 3746 3103 3815 σημεῖα
3149 3743 3363 3815 τέμνων
3399 3745 3502 3800 τὸν
3569 3748 3826 3825 ἰσημερι-

394 3832 630 3904 punctis
661 3836 836 3902 secet,
870 3836 1187 3903 utrumque
1219 3836 1413 3887 autem
1443 3831 1800 3904 tropicorum
1831 3831 1891 3886 in
1923 3849 1969 3886 ιιῖ

2247 3876 2259 3901 ,
2322 3829 2574 3905 ἐκατέρου
2650 3827 2708 3883 δὲ
2776 3834 2883 3885 τῶν
2940 3835 3216 3906 τροπικῶν
3279 3833 3405 3895 καθ’
3463 3833 3528 3888 ἓν
3598 3842 3822 3911 σημεῖον

393 3922 610 3992 puncto
638 3919 905 3992 attingat,
937 3918 1402 3992 aequinoctialem
1433 3920 1671 3991 quidem
1717 3924 1775 3975 et
1816 3920 1967 3975 vicin

2243 3918 2477 3992 τόμενος,
2531 3919 2623 3973 τὸν
2683 3919 2777 3992 μὲν
2852 3918 3166 3992 ἰσημερινὸν
3222 3919 3314 3974 καὶ
3372 3921 3517 3985 τοὺς
3586 3924 3818 3995 πλησίον

393 4006 706 4081 parallelos
736 4007 944 4064 rectior
973 4013 1152 4080 secat,
1183 4013 1241 4064 et
1278 4010 1395 4063 fere
1426 4009 1497 4063 ad
1530 4007 1776 4080 angulos
1811 4013 1966 4065 recto

2246 4004 2543 4077 ›αλλήλους
2587 4006 2871 4082 ὀρθότερος
2896 4008 3101 4080 τέμνει,
3133 4008 3223 4063 καὶ
3255 4007 3460 4083 ὀλίγου
3516 4009 3641 4069 δεῖν
3694 4016 3821 4087 πρὸς

390 4096 632 4169 tropicis
661 4102 856 4153 autem
887 4095 1179 4169 obliquior
1211 4102 1269 4152 et
1313 4096 1501 4169 magis
1532 4096 1846 4154 inclinatus
1877 4097 1965 4169 adi

2245 4094 2344 4158 μίας
2391 4094 2575 4172 ὀρθάς·
2623 4100 2743 4157 τοῖς
2795 4092 2853 4150 δὶ
2902 4102 3187 4171 τροπικοῖς
3251 4095 3667 4178 πλαγιώτερος
3726 4123 3820 4158 πα-

394 4190 486 4242 cet
511 4203 527 4255 ;
568 4186 769 4243 itidem
799 4190 856 4242 et
885 4186 1117 4242 solaris.

2246 4205 2388 4239 .ειται
2462 4184 2765 4239 κάπιπΑέον
2841 4182 3250 4259 έγκεκλιμένος.
3308 4187 3609 4253 Ὡσαύτως
3650 4193 3743 4247 καὶ
3796 4192 3821 4246 ὁ

2146 4271 2403 4343 ἠλιακός.
3611 4264 3623 4273 ’

465 4364 552 4419 19.
584 4365 729 4421 Cum
758 4363 941 4437 igitur
965 4362 1162 4436 anguli
1188 4364 1258 4419 ad
1291 4363 1543 4435 tropicos
1574 4363 1728 4419 acuti
1762 4363 1904 4433 sint,
1924 4368 2039 4421 tar-

2245 4363 2301 4416 B'.
2349 4361 2559 4431 Ὁξειῶν
2617 4360 2799 4416 τοίνυν
2844 4360 3016 4417 οὐσῶν
3064 4366 3171 4417 τῶν
3221 4367 3443 4438 γωνιῶν
3494 4370 3662 4445 παρᾶ
3708 4375 3820 4430 τοῖς

390 4452 525 4509 dius
550 4453 621 4509 ad
652 4454 813 4526 ipsos
834 4452 921 4510 sol
949 4453 1200 4521 accedit;
1232 4452 1552 4524 itidemque
1578 4453 1652 4509 ab
1681 4452 1775 4509 his
1796 4454 1964 4509 reced

2245 4456 2447 4522 πικοῖς,
2502 4449 2889 4527 σ’χολαιότερον
2954 4450 3138 4513 αὐτοῖς
3185 4452 3214 4506 ὁ
3269 4450 3440 4521 ἥλιος
3509 4458 3817 4533 πρόσεισιν·

388 4546 529 4598 Cum
561 4546 758 4597 autem
780 4543 954 4613 juxta
983 4542 1140 4599 854
1170 4541 1637 4613 aequinoctialem
1670 4542 1927 4599 circulus
1958 4562 1963 4597 ι

2245 4539 2355 4602 ιίως
2406 4537 2464 4593 δὲ
2509 4540 2599 4594 καὶ
2644 4538 2849 4594 τούτων
2893 4540 3198 4618 ἀφίσταται.
3233 4542 3379 4596 Κατὰ
3432 4540 3495 4598 δὲ
3549 4548 3647 4602 τὸν
3705 4548 3820 4617 i=7,-

388 4647 637 4703 gnorum
670 4631 879 4687 rectior
897 4632 1158 4699 exsistat,
1184 4631 1505 4703 itidemque
1534 4631 1585 4686 ei
1618 4631 1917 4703 subjectus
1948 4649 1963 4687 ε

2243 4629 2387 4702 ιινὸν,
2420 4628 2712 4705 ὀρθοτέρου
2754 4632 2852 4683 τοῦ
2900 4633 3005 4683 τῶν
3060 4626 3267 4698 ζωδίων
3328 4630 3555 4689 κύκλου
3616 4636 3818 4713 τυγχά-

387 4719 550 4788 laris,
583 4721 655 4776 ad
685 4719 880 4793 ipsum
911 4719 1131 4775 scilicet
1159 4719 1633 4791 aequinoctialem
1665 4736 1955 4787 accessus,

2246 4739 2351 4787 τος,
2383 4716 2640 4779 ὡσαύτως
2672 4714 2730 4772 δὲ
2776 4718 2865 4772 καὶ
2911 4723 3006 4772 τοῦ
3061 4720 3148 4774 ὑπ’
3197 4719 3359 4775 αὐτὸν
3416 4721 3699 4797 ἡλιακοῦ,
3733 4726 3821 4784 τὶς

390 4808 462 4863 ab
508 4808 634 4880 ipso
684 4825 949 4864 recessus
994 4807 1080 4864 sol
1123 4808 1509 4880 eXpeditiores
1541 4807 1696 4879 facit,
1734 4813 1799 4862 ut
1829 4808 1965 4863 divi:

2240 4822 2279 4869 bc
2335 4805 2493 4860 αὐτὸν
2554 4803 2620 4875 δὴ
2678 4805 2770 4860 τὸν
2828 4805 3143 4882 ἰσημερινὸν
3193 4804 3510 4884 προσόδους
3565 4815 3664 4868 καὶ
3724 4815 3815 4873 τὶς

390 4867 762 4969 providentia
793 4898 1081 4970 sapientia
1118 4867 1400 4952 Zodiacus
1450 4895 1625 4951 talem
1681 4867 1914 4952 schesin
1962 4920 1965 4948 ε

2267 4867 2273 4869 ν
2322 4894 2484 4949 αὐτοῦ
2570 4867 2950 4969 ἀναχωρήσείς
3000 4867 3398 4973 ’ἀθρουστέρας
3479 4867 3746 4957 ποιεῖται

388 4985 644 5058 tropicos
674 4986 919 5042 sortitus
950 4985 1258 5051 fuerit,hoc
1289 4986 1403 5040 fine
1434 4984 1736 5056 nimirum,
1763 5002 1834 5041 ne
1863 4985 1963 5041 hor

2248 5004 2328 5046 oc°
2367 4987 2434 5057 τῇ
2481 4984 2578 5051 τῆς
2629 4983 2894 5058 Προνοίας
2945 4983 3107 5062 σοφίᾳ
3150 4986 3250 5054 τήν
3301 4987 3579 5060 τοιαύτην
3624 4992 3816 5067 σχέσιν

388 5090 520 5129 rum
552 5075 909 5132 mutationes
953 5078 1186 5146 repente
1238 5074 1463 5129 ﬁerent.

2245 5070 2573 5149 ιρωσαμένου
2610 5075 2708 5125 τοῦ
2768 5068 3036 5140 ζωδιακοῦ
3092 5074 3228 5148 πρὸς
3287 5074 3425 5138 τοῦς
3480 5078 3820 5151 τροπικοῦς,

2146 5162 2278 5236 ὑπὲρ
2332 5164 2430 5215 τοῦ
2487 5160 2562 5235 μὴ
2619 5159 2714 5222 τὰς
2777 5155 3084 5234 μεταϐολὰς
3142 5158 3339 5240 αἴφνης
3399 5165 3651 5241 γίνεσθαι
3716 5171 3821 5222 τῶν

2145 5250 2303 5307 ὡρῶν
2314 5294 2327 5307 .

458 5340 548 5394 20.
581 5342 631 5393 A
660 5355 837 5396 verno
867 5340 1048 5413 igitur
1077 5342 1119 5377 1⁸
1162 5342 1508 5414 aequinoctio
1540 5342 1612 5397 ad
1645 5341 1876 5398 mstivas
1905 5358 2033 5398 con-

2243 5271 2327 5307 nv.

2314 5338 2451 5395 Ἀπὸ
2512 5338 2606 5411 μὶν
2663 5336 2756 5393 οὖν
2811 5337 3030 5412 ἐαρινῆς
3080 5339 3372 5413 ἰσημερίας
3419 5340 3533 5407 ἓως
3593 5349 3818 5421 τροπῶν

385 5428 686 5486 versiones
724 5445 912 5500 usque
953 5431 1273 5503 nonaginta
1318 5434 1570 5502 quatuor
1615 5430 1741 5487 dies
1790 5437 1930 5487 sunt

2246 5433 2367 5484 ινῶν
2419 5427 2672 5503 τέσσαρες
2715 5426 2917 5503 ἡμέραι
2966 5429 3102 5505 πρὸς
3159 5428 3487 5502 ἐνενήκοντα
3530 5434 3623 5490 καὶ
3672 5435 3818 5508 ἠμὲ-

389 5517 503 5575 diei
524 5516 873 5589 dimidium;
906 5519 978 5575 ab
998 5520 1214 5576 aestivis
1236 5525 1429 5575 autem
1454 5519 1934 5577 conversionibus
1961 5542 1964 5570 ε

2286 5517 2480 5591 ἥμισιν
2533 5516 2639 5571 ἀπὸ
2699 5513 2755 5570 δὲ
2808 5522 3026 5592 τροπῶν
3086 5519 3308 5594 θερινῶν
3352 5517 3466 5586 ἓως
3528 5526 3817 5600 φθινοπω-

461 5658 756 5737 ιδ-(ιιὲρφ,
790 5659 828 5719 1,
864 5677 986 5737 1L0,
1008 5662 1071 5737 _5_.
1098 5730 1131 5737 ﬂ
1152 5661 1201 5737 1f
1214 5659 1442 5737 gloom.
1479 5659 1519 5715 1.
1566 5679 1607 5730 ι,
1647 5663 1794 5737 οξεψδ.
1874 5663 1920 5702 1⁸
1947 5661 2036 5724 Gle

2242 5662 2336 5723 rid.
2414 5662 2458 5698 ¹⁶
2487 5659 2703 5721 Cleom.
2748 5659 2791 5720 1.
2837 5676 2878 5737 I,
2922 5677 2976 5720 c.
3017 5663 3099 5733 6;
3144 5662 3467 5727 Reinhold.
3498 5668 3565 5725 in
3595 5668 3817 5729 Thom.

385 5731 724 5807 Purheohii,
764 5749 825 5813 p.
867 5733 974 5812 38;
1007 5730 1156 5793 Phil.
1187 5732 1291 5792 lib.
1323 5749 1345 5791 ι
1381 5731 1551 5811 Phys.
1586 5748 1647 5810 p.
1678 5733 1769 5793 79.
