3988 6444
180 504 324 566 1289

1485 507 1837 573 EPITOME
1881 507 2243 571 PHYSIGA.

3401 511 3562 573 1290

176 644 316 712 ρινῆς
365 635 652 712 ἰσημερίας
700 636 898 714 ἡμέραι
947 641 1092 713 τρεῖς
1138 639 1273 714 πρὸς
1324 638 1664 714 ἐνενήκοντα,
1713 639 1797 695 καὶ

1919 641 2256 698 autumnale
2277 641 2695 713 aequinoctium
2710 641 2833 698 dies
2846 642 3164 714 nonaginta
3184 645 3322 711 tres,
3338 645 3396 698 et
3417 642 3559 698 item

174 728 372 801 ἡμέρας
419 725 627 800 ὁμοίως
671 725 872 800 ἥμισυ.
925 728 1059 785 Ἀπὸ
1105 728 1308 800 ταὸτης
1361 736 1460 799 τῆς
1517 729 1804 803 ἰσημερίας

173 813 268 879 ἕως
295 820 510 891 τροπῶν
560 821 888 892 χειμερινῶν
943 816 1041 891 μία
1086 817 1269 893 ἡμέρα
1313 819 1450 893 πρὸς
1506 817 1806 890 ἐνενήκον-

170 924 249 959 τα·
301 903 392 958 καὶ
448 903 555 958 ἀπὸ
610 908 936 980 χειμερινῶν
987 910 1204 982 τροπῶν
1260 903 1365 969 ἓως
1423 908 1641 983 ὲαρινῆς
1691 907 1808 976 ἰση-

177 993 353 1070 μερίας
409 991 464 1064 ’ἐξ
518 989 611 1047 καὶ
669 990 1003 1069 ὀγδοήκοντα
1057 993 1257 1069 ἡμέραι
1315 995 1404 1050 καὶ
1458 994 1668 1071 ἡμέρας
1718 997 1805 1050 τέ-

172 1103 378 1159 ταρτον.

235 1179 327 1228 κα’.
362 1173 517 1227 Ἴσων
579 1172 670 1227 οὗν
727 1167 895 1227 ὄντων
953 1177 1059 1228 τῶν
1115 1177 1212 1228 τοῦ
1272 1170 1539 1242 ζωδιακοῦ
1591 1194 1748 1247 τεταρ
1780 1208 1802 1217 -

169 1261 463 1340 τημορίων,
497 1261 596 1316 οὐκ
626 1260 676 1316 ἐν
709 1258 810 1334 ἴσῳ
839 1261 1028 1338 χρόνῳ
1055 1266 1221 1317 ταῦτα
1269 1259 1514 1334 διέξεισιν
1562 1263 1590 1317 6
1619 1262 1801 1332 ἥλιος·

173 1350 378 1426 ἐπείπερ
409 1349 472 1406 οὐ
504 1347 573 1404 δι’
622 1349 786 1404 αὐτοῦ
832 1355 928 1405 τοῦ
978 1348 1246 1420 ζωδιακοῦ
1293 1356 1528 1406 ποιεῖται
1565 1352 1666 1421 τὴν
1710 1373 1806 1406 πο-

176 1441 334 1516 ρείαν,
373 1437 519 1496 ἀλλὰ
567 1437 656 1494 διὰ
699 1443 797 1494 τοῦ
844 1438 1105 1509 ἡλιακοῦ.
1154 1441 1210 1493 '0
1261 1437 1307 1494 δ’
1352 1439 1583 1510 ἠλιακὸς
1635 1437 1806 1496 ἔκκεν-

170 1530 290 1605 τρός
347 1529 454 1585 έστι
509 1530 644 1605 πρὸς
691 1529 781 1584 τὸν
833 1526 1114 1598 ζωδιακόν.
1163 1531 1503 1603 Τεμνομένου
1549 1534 1675 1607 γοῦν
1726 1529 1804 1592 εἷς

173 1617 258 1673 ἴσα
305 1619 532 1696 τέσσαρα
584 1622 680 1673 τοῦ
740 1615 1026 1691 ζωδιακοῦ,
1087 1619 1114 1672 6
1167 1618 1315 1682 έντὸς
1365 1619 1530 1674 αὐτοῦ
1573 1618 1804 1688 ἡλιακὸς

174 1707 245 1770 εἷς
283 1705 434 1763 ἄνισα
476 1707 768 1781 τέμνεται.
810 1707 908 1762 Καὶ
957 1707 1014 1762 αἱ
1062 1708 1169 1762 ἀπὸ
1223 1711 1331 1762 τῶν
1383 1711 1658 1783 τροπικῶν
1711 1707 1802 1762 καὶ

168 1801 260 1851 τοῦ
315 1795 630 1872 ἰσημερινοῦ
682 1795 977 1870 ἑλκόμεναι
1037 1795 1340 1873 διάμετροι,
1395 1798 1488 1852 τὸν
1540 1797 1634 1871 μὲν
1694 1801 1802 1866 ζω-

171 1883 341 1941 διακὸν
401 1884 477 1948 είς
531 1881 619 1940 ἷῖτα
671 1886 955 1959 τέμνουσιν
994 1903 1005 1917 °
1065 1885 1165 1941 οὐκ
1221 1883 1300 1942 ἔτι
1357 1883 1414 1941 δέ
1464 1907 1527 1962 γε
1578 1886 1668 1941 καὶ
1707 1887 1800 1940 τὸν

168 1973 412 2046 ἡλιακὸν,
444 1971 533 2029 διὰ
560 1975 621 2029 τὸ
673 1975 748 2048 μὴ
790 1973 1075 2050 τυγχάνειν
1122 1974 1451 2052 ὁμόκεντρον
1489 1979 1569 2047 τῷ
1601 1971 1803 2044 ζωδια-

167 2068 263 2134 κῷ.
311 2063 481 2119 Μόνοι
529 2063 630 2140 γὰρ
671 2063 723 2116 οἱ
770 2068 887 2125 τοῖς
934 2064 1117 2126 αὐτοῖς
1165 2063 1407 2140 κέντροις
1470 2063 1799 2139 κεχρημένοι

165 2150 353 2207 κύκλοι
379 2153 751 2228 τετραμμένας
800 2151 1016 2228 ἔχουσιν
1061 2154 1138 2216 εἷς
1186 2152 1276 2208 ἴσα
1318 2153 1416 2216 τὰς
1461 2153 1800 2231 περιφερείας

169 2243 267 2297 ὑπὸ
295 2245 400 2296 τῶν
435 2238 759 2315 διαμέτρων.

233 2331 332 2406 κβ’.
393 2331 486 2387 “Av
547 2328 723 2384 τοίνυν
769 2331 798 2384 ὁ
854 2327 1084 2399 ήλιακὸς
1145 2329 1221 2393 εἷς
1271 2327 1481 2385 δώδεκα
1535 2331 1801 2404 τμήματα

166 2417 494 2495 συνδιαιρεθῇ
543 2423 622 2490 τῷ
673 2417 940 2492 ζωδιακῷ,
993 2424 1112 2482 τοῖς
1168 2424 1267 2475 τοῦ
1318 2417 1586 2489 ζωδιακοῦ
1639 2421 1800 2493 τμή-

168 2530 317 2584 μασιν
367 2506 508 2571 ξ’σοις
555 2505 700 2563 οὖσιν
761 2509 914 2564 ἄνισα
961 2508 1029 2563 τὰ
1080 2513 1178 2563 τοῦ
1228 2507 1462 2579 ἡλιακοῦ
1516 2509 1800 2564 ὑποκείσε-

162 2619 246 2654 ται
270 2600 550 2672 τμήματα·
600 2597 690 2653 καὶ
750 2596 996 2673 μέγιστον
1058 2599 1152 2672 μὲν
1201 2597 1365 2653 αὐτοῦ
1410 2605 1607 2671 τμῆμα
1651 2597 1796 2653 ἔσται

161 2688 224 2743 τὸ
253 2686 600 2759 ὑποκείμενον
653 2690 771 2748 τοῖς
818 2684 1094 2760 Διδύμοις·
1147 2685 1436 2762 ἐλάχιστον
1487 2684 1544 2742 δὲ
1572 2686 1634 2742 τὸ
1662 2687 1796 2742 ὑπο-

163 2775 402 2850 κείμενον
458 2778 538 2847 τῷ
590 2774 789 2848 Τοξότῃ
822 2792 835 2805 ’
893 2774 982 2829 καὶ
1037 2771 1222 2830 ἄλλων
1281 2771 1425 2832 ἄλλα
1485 2775 1652 2850 μείζω
1705 2777 1797 2831 καὶ

164 2862 368 2921 ἐλάττω
397 2862 534 2940 πρὸς
580 2862 743 2940 λόγον
805 2860 1034 2922 ἔσονται.
1085 2865 1178 2919 Διὸ
1223 2864 1351 2928 τοὺς
1398 2865 1492 2939 μὲν
1525 2863 1795 2939 Διδύμους

165 2954 193 3008 ὁ
223 2953 379 3023 ἥλιος
437 2953 490 3008 έν
551 2953 798 3026 μηκίστῳ
853 2951 1042 3030 χρόνῳ
1101 2952 1391 3029 ὑπέρχεται
1439 2952 1548 3028 (καί
1593 2954 1695 3030 γὰρ
1741 2953 1793 3008 ἐν

162 3040 417 3117 Διδύμοις
449 3039 586 3097 ἐστὶν
634 3039 1018 3117 ὑψηλότερος),
1065 3043 1156 3097 τὸν
1204 3038 1261 3097 δὲ
1307 3041 1540 3115 Τοξότην
1582 3041 1634 3097 έν
1674 3042 1798 3099 έλα-

162 3133 334 3208 χίστῳ
379 3131 489 3207 (καὶ
535 3131 640 3208 γὰρ
681 3130 819 3185 ἐστιν
870 3131 920 3186 έν
970 3130 1116 3203 αὗτῷ
1158 3130 1584 3206 ταπεινότατος)⁰
1635 3132 1688 3188 ἐν
1739 3129 1796 3187 δὲ

161 3226 272 3284 τοῖς
304 3218 498 3283 ἄλλοις
533 3217 749 3289 ζωδίοις
792 3217 1073 3296 ἀναλόγως
1125 3217 1462 3295 ὑψηλότερος
1513 3218 1586 3276 ὣν
1627 3222 1664 3290 ἢ
1705 3243 1796 3276 τα-

159 3304 461 3385 πεινότερος
509 3303 830 3385 ἐνδιατρίϐει
877 3307 966 3365 καὶ
1012 3307 1523 3387 πολυχρονιώτερον
1571 3311 1607 3380 ἢ
1662 3311 1792 3387 βρα-

157 3399 593 3476 χυχρονιώτερον
604 3439 616 3452 .

225 3489 320 3564 κγ’.
355 3485 508 3544 Ἀλλ’
557 3485 681 3542 οὐδὲ
719 3486 788 3542 τὰ
833 3489 1151 3564 νυχθήμερα
1195 3490 1368 3545 πάντα
1410 3490 1474 3544 τὸ
1525 3489 1792 3545 ἱσαίτατον

151 3574 424 3649 ἀλλήλοις
474 3576 592 3654 ἔχει
629 3578 751 3631 κατ’
792 3569 1088 3653 ἀκρίϐειαν,
1135 3577 1282 3634 ἀλλὰ
1333 3577 1492 3652 μόνον
1539 3579 1676 3656 πρὸς
1707 3577 1792 3634 αἶ’-

150 3667 336 3736 σθησιν
412 3663 497 3720 ἷ¹σα
558 3663 706 3721 δοκεῖ
737 3711 750 3724 .
820 3667 1022 3729 Παντὸς
1094 3667 1188 3740 μὲν
1264 3669 1368 3744 γὰρ
1437 3670 1790 3746 νυχθημέρου

155 3755 320 3830 μείων
376 3754 516 3811 ἐστὶν
571 3756 606 3824 ἠ
656 3759 754 3810 τοῦ
799 3754 1008 3829 κόσμου
1037 3757 1322 3834 περιφορὰ,
1353 3755 1442 3811 διὰ
1467 3758 1528 3812 τὸ
1568 3757 1659 3813 καὶ
1696 3760 1788 3814 τὸν

149 3844 314 3914 ἥλιον
368 3842 509 3899 ῗδίαν
559 3848 829 3909 ποιεῖσθαι
885 3844 1092 3916 κίνησιν
1146 3843 1396 3908 ἐναντίως
1447 3851 1529 3918 τῷ
1558 3847 1788 3924 οὐρανῷ·

147 3933 431 3989 κάντεῦθεν
478 3934 584 3989 ἀπὸ
629 3937 730 3988 τοῦ
788 3933 950 3988 αὐτοῦ
1010 3933 1240 4008 σημείου
1284 3935 1422 4012 πρὸς
1475 3937 1637 3991 ταυτὸ
1693 3942 1790 3992 τοῦ

146 4020 381 4097 οὐρανοῦ
438 4023 891 4094 καταντήσαντος,
954 4024 1124 4097 μήπω
1179 4024 1315 4079 κατὰ
1365 4025 1464 4093 τὴν
1523 4023 1792 4096 ἀνατολὴν

144 4113 372 4188 ὁρᾶσθαι
423 4113 516 4168 τὸν
569 4109 754 4182 ἥλιον·
812 4109 940 4167 ἀλλ’
993 4111 1190 4168 ὁπόταν
1245 4114 1280 4183 ἠ
1333 4112 1648 4193 περιφέρεια
1689 4119 1792 4171 τοῦ

141 4201 354 4258 κύκλου
409 4201 699 4278 ἀνενεχθῇ,
755 4203 822 4272 ἢν
882 4199 949 4272 δὴ
1003 4206 1084 4275 τῷ
1128 4201 1466 4278 νυχθημέρῳ
1512 4203 1648 4260 κατά
1689 4206 1790 4275 τήν

141 4293 342 4348 ἑαυτοῦ
372 4288 616 4364 διήνυσεν
663 4293 692 4347 6
739 4291 900 4361 ἥλιος
943 4291 1175 4367 κίνησιν,
1224 4291 1348 4348 τότε
1393 4292 1483 4348 καὶ
1510 4293 1670 4350 αὐτὸν
1703 4292 1791 4351 ἐπὶ

133 4384 214 4455 τῇ
242 4378 490 4454 ἀνατολῷ
513 4380 808 4459 φαίνεσθαι.

213 4644 316 4707 κδ’.
372 4649 553 4705 Πάντα
599 4646 657 4705 δὲ
682 4650 751 4704 τὰ
805 4649 1128 4726 νυχθήμερα
1170 4649 1235 4704 τὸ
1282 4643 1463 4705 ἄνισον
1511 4648 1793 4723 ἀλλήλοις

1829 2023 1878 2088 Β

1917 731 2031 786 dici
2079 730 2434 800 dimidium;
2486 731 2559 787 ab
2610 731 2720 788 hoc
2771 730 3114 804 aequinoctio
3161 733 3233 788 ad
3279 730 3560 789 hibernas

1915 819 2321 876 conversiones
2341 836 2549 892 usque,
2573 820 2894 892 nonaginta
2922 824 2980 876 et
3007 837 3163 876 unus
3194 820 3318 876 dies
3342 838 3356 889 ;
3391 825 3448 877 et
3482 821 3556 877 ab

1915 907 2178 964 hibernis
2209 909 2682 966 conversionibus
2732 909 2804 964 ad
2841 925 3088 966 vernum
3118 909 3562 982 aequinoctium,

1915 997 2209 1070 octoginta
2235 1013 2338 1053 sex
2365 998 2493 1054 dies
2521 1001 2580 1054 et
2609 998 2909 1072 quadrans
2940 997 3077 1054 diei.

1983 1174 2074 1230 21.
2109 1174 2355 1231 Proinde
2392 1191 2729 1248 quanquam
2779 1179 3000 1248 quartae
3048 1180 3246 1248 partes
3294 1176 3557 1251 signiferi

1913 1263 2165 1336 mquales
2195 1268 2352 1334 sunt,
2378 1268 2575 1321 tamen
2607 1281 2704 1322 eas
2735 1265 2821 1321 sol
2868 1264 3078 1337 mquali
3127 1270 3390 1339 tempore
3437 1284 3553 1323 non

1913 1353 2221 1426 percurrit,
2254 1353 2731 1426 quandoquidem
2763 1371 2879 1411 non
2901 1371 3003 1427 per
3024 1356 3224 1427 ipsum
3249 1356 3553 1413 zodiacum

1912 1441 2024 1497 iter
2046 1441 2202 1512 facit,
2235 1443 2339 1497 sed
2369 1458 2469 1513 per
2498 1442 2769 1499 solarem.
2820 1442 3038 1499 Solaris
3089 1447 3286 1500 autem
3337 1446 3410 1501 ad
3457 1461 3552 1501 zo-

1912 1529 2145 1586 diacum
2177 1533 2267 1586 est
2289 1530 2665 1589 eccentricus.
2698 1533 2939 1598 Quando
2971 1532 3141 1605 proin
3184 1533 3456 1591 zodiacus
3492 1533 3553 1590 in

1913 1621 2166 1690 quatuor
2187 1619 2440 1692 aequales
2468 1624 2665 1692 partes
2696 1620 2996 1690 dividitur,
3030 1622 3239 1678 solaris
3269 1622 3370 1695 qui
3400 1623 3554 1678 intra

1911 1706 2108 1778 ipsum
2139 1711 2248 1779 est,
2278 1707 2339 1762 in
2371 1708 2691 1781 inaequales
2720 1713 2970 1765 secatur.
3002 1711 3072 1765 Et
3100 1710 3370 1768 diametri
3420 1728 3548 1784 quas

1911 1812 1946 1852 a
1969 1795 2212 1868 tropicis
2240 1800 2300 1852 et
2319 1797 2707 1870 equinoctiali
2729 1797 3046 1870 ducuntur,
3068 1799 3128 1855 in
3150 1799 3403 1872 aequales
3425 1817 3554 1873 par-

1909 1890 2000 1942 tes
2023 1885 2325 1942 zodiacum
2355 1886 2624 1942 dividunt
2655 1902 2669 1942 :
2704 1887 2854 1946 855
2907 1889 3009 1944 sed
3039 1905 3156 1945 non
3187 1889 3363 1946 etiam
3395 1890 3552 1946 sola-

1909 1991 2054 2047 rem,
2081 1975 2223 2046 quia
2249 1975 2482 2031 zodiaco
2513 1992 2629 2032 non
2660 1980 2752 2032 est
2774 1977 3200 2034 concentricus.
3231 1976 3349 2035 Soli
3393 1978 3550 2034 enim

1910 2062 1995 2119 illi
2027 2063 2249 2131 circuli,
2284 2064 2385 2136 qui
2428 2064 2639 2120 iisdem
2686 2065 2900 2121 centris
2949 2069 3213 2138 utuntur,
3243 2067 3550 2124 circumfe-

1910 2152 2098 2209 rentia
2126 2152 2344 2208 habent
2372 2169 2470 2209 eas
2501 2169 2627 2225 qua:
2656 2153 2718 2210 in
2748 2154 3001 2226 aequales
3031 2160 3228 2228 partes
3263 2173 3297 2211 a
3326 2156 3547 2213 dieme-

1907 2241 2019 2298 tris
2049 2245 2336 2298 secentur.

1978 2333 2069 2386 22.
2102 2331 2261 2396 Quod
2291 2331 2341 2387 si
2367 2330 2548 2404 igitur
2576 2331 2786 2388 solaris
2815 2333 3071 2390 circulus
3102 2350 3220 2390 una
3272 2351 3407 2391 cum
3452 2352 3547 2392 zo-

1908 2421 2075 2478 diaco
2103 2420 2164 2475 in
2195 2420 2505 2477 duodecim
2535 2426 2836 2493 segmenta
2865 2422 3088 2480 divisus
3119 2423 3312 2494 fuerit,
3330 2423 3549 2482 zodiaci

1908 2509 2226 2582 segmentis
2286 2525 2414 2582 qua
2471 2514 2611 2567 sunt
2666 2509 2932 2584 aequalia,
2979 2511 3298 2584 incequalia
3341 2513 3551 2571 solaris

1909 2601 2212 2671 segmenta
2241 2597 2660 2668 subjicientur;
2692 2603 2751 2655 et
2782 2599 3106 2656 maximum
3130 2601 3368 2672 quidem
3388 2601 3548 2660 illius

1909 2689 2278 2758 segmentum
2299 2687 2428 2755 erit,
2444 2687 2600 2759 quod
2613 2687 2874 2745 Geminis
2893 2688 3547 2758 subjicitur,minimum

1909 2775 2065 2846 quod
2095 2774 2410 2846 subjicitur
2438 2775 2750 2847 Sagittario
2774 2793 2789 2845 ;
2832 2781 2890 2832 et
2929 2775 3046 2832 alia
3076 2776 3206 2834 aliis
3235 2780 3462 2850 majora
3492 2783 3549 2837 et

1909 2863 2140 2920 minora
2196 2866 2421 2920 servata
2475 2864 2846 2936 proportione
2902 2869 3093 2922 erunt.
3153 2869 3546 2934 Quamobrem

1908 2951 2182 3008 Geminos
2239 2953 2477 3024 quidem
2534 2951 2621 3008 sol
2677 2951 3022 3026 longissimo
3073 2959 3334 3028 tempore
3361 2957 3541 3027 subit,

1906 3040 2105 3114 (altior
2132 3041 2288 3097 enim
2318 3045 2407 3097 est
2452 3041 2512 3096 in
2565 3041 2872 3112 Geminis),
2903 3042 3245 3100 brevissimo
3291 3044 3544 3118 Sagitta-

1904 3128 2061 3184 rium
2092 3129 2331 3201 (etenim
2360 3128 2420 3184 in
2451 3145 2517 3185 eo
2547 3132 2636 3185 est
2676 3129 3109 3202 humillimus);
3152 3131 3213 3186 in
3262 3130 3392 3188 aliis
3440 3149 3543 3188 au-

1903 3220 2022 3274 tem
2055 3217 2240 3292 signis
2272 3234 2406 3273 cum
2427 3218 2599 3289 juxta
2625 3219 3057 3291 proportionem
3098 3220 3177 3276 sit
3225 3219 3398 3277 altior
3442 3224 3545 3278 aut

1905 3306 2206 3378 humilior,
2254 3305 2516 3379 longiore
2571 3306 2747 3363 etiam
2807 3312 3065 3381 tempore
3122 3312 3225 3364 aut
3281 3309 3543 3367 breviore

1825 3389 1870 3456 C
1905 3399 2322 3452 commoratur.

1968 3485 2060 3540 23.
2092 3485 2204 3540 Sed
2236 3486 2279 3520 1⁷
2305 3500 2494 3556 neque
2529 3484 2946 3558 nychthemera
2993 3487 3144 3558 [quis
3195 3486 3320 3544 dies
3369 3491 3540 3545 natu-

1899 3574 2048 3631 rales
2101 3572 2415 3645 appellant,
2463 3589 2534 3630 ex
2579 3573 2673 3630 die
2719 3579 2778 3630 et
2832 3579 2998 3631 nocte
3052 3575 3344 3632 artiﬁciali
3401 3594 3538 3634 con-

1899 3661 2142 3735 stantes]
2174 3661 2284 3718 sibi
2312 3662 2562 3718 invicem
2589 3664 2826 3735 praecise
2857 3663 3054 3720 omnia
3081 3668 3221 3720 sunt
3245 3664 3492 3738 aequalia
3523 3683 3537 3735 ;

1899 3753 2002 3809 sed
2029 3755 2260 3807 tantum
2289 3752 2482 3823 quoad
2511 3768 2750 3808 sensum
2781 3751 3029 3824 aequalia
3053 3752 3346 3810 videntur.
3379 3755 3538 3821 Quo-

1897 3841 1984 3897 vis
2009 3840 2165 3896 enim
2195 3839 2609 3910 nychthemero
2638 3841 2834 3898 minor
2861 3845 2953 3897 est
2980 3842 3189 3898 mundi
3217 3843 3538 3912 conversio,

1898 3934 2206 4004 propterea
2231 3930 2384 4003 quod
2406 3929 2583 3986 etiam
2613 3929 2700 3987 sol
2721 3931 3023 4004 proprium
3050 3936 3277 3988 motum
3301 3936 3541 4005 peragat

1901 4019 2044 4076 ccelo
2101 4019 2482 4087 contrarium,
2541 4021 2818 4093 quodque
2868 4037 2938 4077 ea
2990 4021 3145 4078 356
3201 4022 3274 4077 de
3333 4038 3536 4092 causa,

1899 4113 2210 4182 postquam
2242 4109 2314 4166 ab
2345 4109 2549 4166 eodem
2580 4113 2795 4182 puncto
2832 4109 2961 4166 coeli
3007 4110 3081 4166 ad
3133 4109 3289 4166 idem
3334 4127 3539 4168 recur-

1899 4198 1997 4265 rit,
2053 4197 2115 4254 in
2170 4203 2302 4255 ortu
2359 4199 2624 4255 nondum
2690 4203 2985 4272 spectetur
3057 4198 3168 4267 sol,
3223 4201 3324 4256 sed
3401 4215 3538 4256 cum

1900 4286 2104 4344 circuli
2154 4287 2625 4344 circumferentia
2689 4287 2928 4344 emersit
3004 4304 3182 4360 quam
3251 4288 3539 4360 nychthe-

1900 4393 2060 4436 mero
2111 4376 2241 4446 [hoc
2295 4387 2404 4445 est,
2461 4375 2577 4433 diei
2632 4375 2920 4434 naturalis
2975 4375 3188 4449 spatio]
3245 4376 3334 4433 sol
3375 4379 3542 4434 motu

1900 4467 2132 4541 proprio
2159 4465 2420 4539 perfecit,
2451 4469 2579 4522 tum
2626 4465 2803 4522 etiam
2844 4465 2970 4538 ipse
3012 4464 3075 4522 in
3122 4467 3254 4522 ortu
3306 4464 3540 4538 conspi-

1901 4559 2302 4702 owgzrbmnia
2342 4645 2539 4700 autem
2585 4642 3002 4716 nychthemera
3046 4641 3358 4715 intequalia
3401 4646 3544 4700 sunt

135 4734 334 4814 ἔχουσι
390 4736 478 4794 διὰ
522 4740 623 4808 τήν
667 4741 766 4794 τοῦ
812 4737 977 4810 ήλίου
1016 4737 1230 4808 κίνησιν
1273 4739 1374 4808 τήν
1422 4737 1788 4814 πλανητικὴν,

1909 4734 2148 4791 invicem
2177 4735 2416 4805 propter
2456 4735 2682 4788 motum
2720 4730 2862 4787 solis
2903 4731 3325 4801 errabundum,
3356 4735 3413 4787 et
3441 4748 3538 4788 ec-

130 4827 228 4883 καὶ
278 4829 378 4883 τοῦ
422 4825 660 4898 ἡλιακοῦ
703 4825 910 4883 κύκλου
950 4827 1012 4883 νὸ
1055 4823 1340 4902 ἓκκεντρον
1389 4829 1524 4906 πρὸς
1571 4829 1665 4885 τὸν
1697 4830 1788 4886 ού-

129 4915 324 4992 ρανόν.
358 4916 422 4972 Εἰ
475 4918 570 4992 μὶν
599 4918 700 4993 γὰρ
752 4911 891 4972 ἰδίαν
937 4916 1149 4988 κίνησιν
1199 4916 1300 4973 οὐκ
1341 4917 1486 4993 εἶχεν
1525 4919 1554 4972 6
1602 4917 1786 4992 ἥλιος,

123 5009 214 5077 τῷ
250 5002 467 5082 ούρανῷ
497 5002 555 5061 δὲ
581 5007 988 5082 συμπεριήγετο
1034 5004 1216 5080 μόνον,
1263 5003 1353 5062 ἷ¹σα
1383 5007 1449 5076 ἦν
1490 5006 1788 5080 ἀλλήλοις,

127 5092 194 5149 ἂν
243 5091 456 5151 ἅπαντα
508 5096 578 5150 τὰ
620 5096 942 5172 νυχθήμερα
989 5099 1098 5150 τῶν
1147 5095 1320 5170 ὀρθῶς
1378 5095 1788 5174 ἀναφερομένων

120 5186 232 5238 τοῦ
287 5181 558 5253 ζωδιακοῦ
603 5185 930 5260 τμημάτων,
980 5183 1150 5260 ἤγουν
1201 5188 1306 5240 τῶν
1363 5185 1581 5261 θερινῶν
1628 5205 1790 5241 κατα-

123 5270 422 5345 δυομένων
481 5275 657 5347 λοξῶς
689 5318 705 5342 ,
763 5273 853 5328 κῦὶ
908 5277 1014 5329 τῶν
1077 5271 1252 5344 λοξῶς
1325 5273 1739 5353 ἀναφερομένων
1775 5321 1789 5347 ,

120 5358 312 5437 ἤγουν
369 5366 477 5419 τῶν
529 5366 889 5438 χειμερινῶν,
947 5359 1362 5437 καταδυομένων
1421 5363 1597 5440 ὀρθῶς
1629 5383 1642 5395 ·
1703 5364 1792 5419 καὶ

119 5447 292 5506 οὐδὲν
348 5450 582 5508 ἐντεῦθεν
639 5453 702 5507 τὸ
754 5459 857 5522 τῆς
915 5455 1020 5507 νῶν
1062 5452 1424 5529 νυχθημέρων
1477 5450 1794 5523 ἀνισότητος

115 5536 333 5612 αἷίτιον,
393 5537 522 5596 ἴσων
601 5540 682 5596 ἀεὶ
739 5539 1045 5616 γενομένων
1097 5545 1204 5595 τῶν
1260 5545 1358 5596 τοῦ
1406 5539 1618 5616 αἱθέρος
1674 5562 1743 5596 πε
1772 5575 1794 5585 -

115 5633 470 5707 ριστροφῶν.

193 5831 245 5870 ⁸⁷
281 5829 551 5904 Regiam.
579 5829 640 5888 in
677 5828 833 5888 Alm.
865 5829 1012 5887 Ptol.
1043 5827 1145 5887 lib.
1180 5845 1266 5902 ιιι,
1299 5845 1466 5905 prop.
1503 5829 1596 5895 22.

461 5957 729 6022 Ριιτιιιιοι..
774 5958 888 6023 Ga.
930 5956 1168 6022 CXLII.

1899 4821 2324 4879 centricitatem
2375 4819 2582 4876 solaris
2639 4818 2843 4876 circuli
2887 4820 2960 4875 ad
3008 4819 3238 4876 cmlum.
3270 4820 3329 4874 Si
3377 4819 3539 4876 enim

1897 4911 2200 4984 proprium
2230 4913 2456 4966 motum
2488 4907 2576 4966 sol
2594 4925 2709 4966 non
2734 4908 2996 4977 haberet,
3021 4908 3123 4964 sed
3142 4911 3375 4966 tantum
3406 4925 3541 4966 cum

1899 4999 2040 5058 ccelo
2121 4999 2634 5070 circumageretur,
2691 4997 2939 5072 mqualia
3019 4998 3210 5054 forent
3294 4999 3542 5056 invicem

1899 5089 2098 5146 omnia
2125 5088 2564 5161 nychthemera,
2587 5088 2726 5144 dum
2760 5092 2910 5144 recte
2929 5087 3290 5160 emergentia
3318 5088 3539 5144 zodiaci

1899 5181 2220 5251 segmenta,
2261 5177 2318 5232 id
2377 5180 2469 5233 est
2523 5176 2740 5243 aestiva,
2788 5175 3023 5248 oblique
3081 5177 3453 5245 occiderent;
3486 5181 3546 5232 et

1899 5266 2134 5340 oblique
2163 5265 2542 5338 emergentia,
2568 5265 2680 5321 hoc
2710 5268 2799 5322 est
2826 5264 3091 5337 hiberna,
3126 5269 3282 5322 recte
3311 5265 3544 5322 occide-

1901 5360 2065 5425 rent;
2117 5353 2396 5427 nullaque
2443 5354 2578 5410 hinc
2624 5354 2772 5410 foret
2818 5353 3374 5427 nychthemerorum
3405 5354 3544 5410 inae-

1901 5443 2200 5518 qualitatis
2257 5460 2481 5512 causa;
2543 5444 2869 5516 aequalibus
2926 5443 3255 5515 [nimirum]
3308 5459 3545 5517 semper

1902 5533 2320 5592 exeistentibus
2350 5532 2583 5590 aetheris
2613 5533 3108 5592 conversionibus.

3159 5955 3236 6035 61
