3988 6460
138 499 271 561 1293

1427 499 1776 563 ΕΡΙΤΟΜΕ
1822 497 2181 561 PHYSIGA.

3345 501 3503 564 I294

190 633 246 706 γ’.
275 628 573 709 ’Δμφίσκιοι
604 630 662 688 δὲ
707 630 948 703 οίκήσεις
996 633 1052 688 αἱ
1105 630 1210 688 ὑπὸ
1256 634 1346 688 τὸν
1399 631 1718 709 ἰσημερινόν

1930 634 1984 688 3.
2016 631 2370 705 Amphisciae
2401 635 2595 689 autem
2624 630 3041 701 habitationes,
3064 649 3192 708 quae
3223 633 3504 706 aquatori

130 721 251 795 Πρὸς
277 719 416 775 νότον
453 721 547 794 μὲν
579 723 680 798 γὰρ
712 721 972 784 ἀπιόντος
1000 726 1099 776 τοῦ
1131 721 1295 792 ἡλίου
1336 723 1427 779 καὶ
1476 723 1550 784 ὡς
1600 722 1736 798 πρὸς

128 808 208 863 τὸν
247 810 540 886 χειμερινὸν
598 811 858 886 τροπικὸν
925 810 1032 865 ἀπὸ
1098 815 1196 866 τοῦ
1265 811 1586 890 ίσημερινοῦ
1641 812 1736 866 κύ·-

125 897 266 969 κλου,
314 900 442 972 πρὸς
509 898 708 976 βοῤῥᾶν
763 898 1147 956 ἀποκλινοῦσιν
1223 901 1398 957 αὐτῶν
1456 903 1513 956 αἱ
1568 899 1733 956 σκιαί·

124 987 244 1060 πρὸς
291 984 342 1042 δὲ
391 988 482 1043 τὸν
537 989 741 1064 θερινὸν
788 988 1048 1061 τροπικὸν
1102 989 1208 1044 ἀπὸ
1255 995 1353 1045 τοῦ
1419 989 1736 1065 ἷσημερινοῦ

123 1073 305 1132 κύκλου
330 1078 696 1154 πορευομένου
731 1082 828 1133 τοῦ
883 1076 1070 1152 ἡλίου,
1099 1080 1156 1133 αἱ
1203 1079 1346 1135 σκιαὶ
1396 1080 1534 1152 πρὸς
1581 1077 1734 1133 νότον

122 1167 478 1242 τραπήσονται.

190 1251 246 1313 δ’.
298 1254 619 1332 Ἐτερόσκιοι
679 1253 735 1311 δέ
791 1254 922 1311 εἰσιν
999 1257 1053 1310 αἱ
1128 1252 1396 1334 εἰὶκρατοι.
1458 1258 1557 1312 Καὶ
1629 1258 1733 1333 γὰρ

126 1341 237 1398 ὅταν
287 1344 411 1420 πρὸς
468 1339 808 1418 μεσημϐρίαν
875 1345 902 1399 ὁ
961 1342 1125 1414 ἥλιος
1171 1345 1411 1422 γένηται,
1469 1350 1576 1401 τῶν
1638 1347 1730 1419 μὲν

120 1433 210 1502 τὴν
243 1432 437 1508 βορείαν
470 1431 704 1508 ἐχόντων
753 1434 925 1505 ζώνην
972 1435 1106 1506 πρὸς
1160 1434 1356 1510 βοῤῥᾶν
1399 1434 1730 1491 ἀποκλίνου-

120 1543 192 1575 σιν
245 1522 294 1576 αἱ
340 1521 500 1594 σκιαὶ,
541 1526 646 1576 τῶν
705 1519 764 1576 δὲ
817 1523 916 1592 τήν
970 1521 1319 1599 ἀντεύκρατον
1389 1527 1525 1597 ἡμῖν
1595 1524 1730 1600 πρὸς

117 1610 274 1666 νότον.
309 1611 733 1687 Συμπεριέχεται
785 1611 878 1684 μὲν
925 1613 1028 1687 γὰρ
1057 1615 1092 1682 ἡ
1127 1613 1250 1667 σκιά
1294 1619 1395 1682 τῆς
1443 1621 1544 1689 γῆς
1595 1612 1728 1668 πάν-

115 1719 227 1755 τοτε
265 1704 336 1772 τῷ
379 1697 528 1772 ἡλίῳ
566 1701 657 1755 καὶ
688 1697 967 1777 διαμετρεῐ
994 1706 1205 1759 τοῦτον.
1242 1705 1402 1758 Ὥστε
1429 1705 1464 1772 ἡ
1499 1700 1588 1757 διὰ
1631 1707 1728 1758 τοῦ

118 1790 266 1865 ἄκρου
314 1791 404 1858 τῆς
459 1794 609 1850 σκιᾶς
666 1788 905 1864 ἀγομένη
983 1787 1271 1867 διάμετρος
1342 1791 1434 1845 ἐπὶ
1499 1794 1562 1846 τὸ
1632 1796 1729 1847 τοῦ

115 1877 263 1947 ἡλίου
314 1878 526 1954 κέντρον
577 1883 838 1936 πεσεῖται.
871 1879 970 1934 Καὶ
1029 1879 1304 1952 σύμπασαι
1363 1878 1422 1935 δὲ
1472 1884 1578 1936 τῶν
1624 1880 1728 1935 ὐπὸ

1848 723 2122 793 subjectae
2171 726 2329 778 sunt.
2363 726 2505 778 Cum
2558 721 2712 778 enim
2764 721 2853 778 sol
2903 723 2975 778 ad
3021 733 3289 780 austrum
3318 727 3376 779 et
3422 724 3497 779 ab

1847 811 2237 883 aequinoctiali
2285 811 2499 867 circulo
2528 810 2688 866 velut
2733 812 2804 866 ad
2836 811 3146 868 hibernum
3199 813 3493 886 tropicum

1847 899 1988 968 abit,
2025 900 2244 955 umbrae
2297 917 2498 956 earum
2528 901 2590 955 in
2619 900 2857 956 boream
2895 900 3278 958 declinabunt
3311 917 3324 958 :
3356 917 3494 958 cum

1845 1004 1979 1045 vero
2008 989 2085 1067 ab
2129 988 2485 1061 aequinotiali
2531 988 2747 1045 circulo
2793 989 2867 1045 ad
2898 992 3165 1046 aestivum
3202 989 3495 1063 tropicum

1847 1075 1934 1133 sol
2011 1078 2418 1150 proficiscitur,
2476 1077 2697 1134 umbrae
2755 1079 2828 1134 ad
2903 1083 3175 1135 austrum
3253 1095 3492 1137 conver-

1843 1169 2062 1223 tentur.

1916 1256 1969 1310 4.
2001 1256 2343 1312 Heterosciae
2375 1259 2569 1312 autem
2603 1259 2760 1325 sunt,
2793 1273 2919 1328 quae
2945 1260 3286 1330 temperatae
3324 1262 3484 1314 sunt.

1844 1344 1986 1400 Cum
2018 1345 2176 1401 enim
2208 1345 2295 1401 sol
2326 1346 2399 1401 ad
2432 1345 2736 1401 meridiem
2764 1345 3216 1414 venerit,eorum
3249 1346 3487 1418 quidem

1843 1432 1944 1504 qui
1991 1433 2285 1490 borealem
2347 1450 2554 1490 zonam
2603 1434 2888 1501 habitant,
2938 1435 3160 1490 umbrae
3223 1436 3378 1491 360
3426 1436 3487 1491 in

1843 1521 2079 1577 boream
2129 1522 2423 1578 declinant
2452 1539 2465 1577 :
2501 1523 2572 1578 ad
2604 1529 2876 1578 austrum
2925 1528 3121 1580 autem
3153 1540 3355 1580 eorum
3387 1523 3489 1597 qui

1843 1613 2168 1684 oppositam
2199 1613 2368 1667 nobis
2398 1616 2780 1684 temperatam
2809 1611 3242 1668 incolunt.Nam
3273 1614 3487 1669 umbra

1840 1704 2004 1756 terrae
2053 1717 2186 1756 cum
2211 1701 2331 1756 sole
2361 1717 2590 1772 semper
2630 1702 2801 1772 juxta
2848 1701 3140 1770 circumit,
3171 1702 3489 1773 ipsumque

1840 1789 2163 1845 dimetitur.
2197 1792 2558 1862 Quapropter
2607 1790 2890 1845 diameter
2919 1806 3047 1862 quis
3079 1806 3183 1862 per
3219 1788 3493 1845 extremi-

1838 1881 2016 1933 tatem
2048 1879 2265 1934 umbraa
2297 1877 2551 1947 ducitur,
2583 1877 2644 1932 in
2675 1877 2814 1934 solis
2846 1883 3114 1935 centrum
3147 1879 3386 1935 incidet.
3418 1879 3490 1934 Et

111 1970 200 2021 τοῦ
248 1965 401 2036 ἡλίου
459 1965 847 2044 φωτιζομένων
906 1966 1172 2041 σωμάτων
1207 1969 1262 2023 αἱ
1292 1969 1439 2024 σκιαὶ
1485 1973 1555 2043 τῇ
1604 1974 1727 2041 σκιᾷ

1846 1983 1969 2023 vero
2016 1967 2282 2023 omnium
2311 1983 2514 2022 eorum
2545 1983 2856 2039 corporum
2902 1984 3028 2040 qua
3055 1985 3090 2022 a
3121 1967 3243 2024 sole
3272 1966 3490 2023 illumi-

112 2059 567 2132 συμπερινοστοῦσι
623 2062 724 2125 τῆς
779 2059 902 2132 γῆς.
956 2058 1111 2121 Ὅθεν
1169 2056 1222 2112 ἐν
1286 2058 1380 2131 μὲν
1435 2063 1554 2120 ταῖς
1603 2058 1724 2129 ἰση-

114 2144 324 2221 μερίαις,
355 2141 744 2208 ἀνατέλλοντος
791 2149 890 2200 τοῦ
940 2143 1125 2219 ἡλίου,
1155 2145 1291 2222 πρὸς
1339 2143 1486 2200 δύσιν
1531 2146 1723 2220 ἰσημε-

110 2234 248 2310 ρινήν
320 2231 701 2288 ἀποκλίνουσιν
782 2235 836 2288 αἱ
903 2233 1069 2305 σκιαὶ,
1131 2231 1397 2308 δυομένου
1459 2233 1537 2309 δὲ,
1587 2235 1726 2312 πρὸς

110 2320 356 2391 ἀνατολὴν
417 2323 758 2398 ἰσημερινήν
810 2321 863 2377 ἐν
923 2319 981 2378 δὲ
1033 2328 1153 2386 ταῖς
1209 2329 1550 2401 χειμεριναῖς
1603 2345 1727 2401 τρο-

105 2415 245 2482 παῖς,
275 2405 653 2473 ἀνατέλλοντος
689 2411 783 2484 μὲν
809 2415 907 2466 τοῦ
950 2409 1139 2484 ἡλίου,
1170 2413 1306 2486 πρὸς
1355 2410 1534 2476 δύσεις
1582 2415 1728 2488 θερι-

100 2500 194 2561 νὰς
240 2501 273 2569 ἡ
315 2503 416 2554 τῶν
474 2504 637 2556 σκιῶν
696 2499 981 2563 ἀπόκλισις
1039 2501 1266 2577 γίνεται,
1329 2499 1593 2576 δυομένου
1645 2500 1722 2575 δὲ,

101 2587 234 2664 πρὸς
263 2586 518 2651 ἀνατολὰς
578 2587 803 2666 θερινάς⁸
839 2589 890 2644 ἐν
924 2587 982 2645 δὲ
1009 2594 1130 2653 ταῖς
1186 2596 1419 2664 θεριναῖς
1470 2596 1722 2667 τροπαῖς,

101 2676 402 2752 ἀνίσχοντος
454 2677 548 2750 μὲν
605 2682 703 2732 τοῦ
762 2676 950 2750 ἡλίου,
1009 2679 1148 2754 πρὸς
1205 2676 1410 2752 δυσμὰς
1467 2681 1523 2734 αἱ
1579 2681 1726 2736 σκιαὶ

99 2765 398 2841 χειμερινὰς
463 2766 855 2840 ἀποτείνονται,
908 2764 1175 2841 δυομένου
1225 2765 1302 2836 δὲ,
1353 2767 1492 2845 πρὸς
1540 2768 1723 2825 ἐπιτο-

93 2851 195 2916 λὰς
251 2855 578 2931 χειμερινάς·
637 2855 774 2910 κατὰ
838 2855 1076 2931 χιασμὸν
1131 2857 1423 2932 γινομένης
1483 2857 1535 2913 ἐν
1583 2857 1722 2934 θέρει

90 2943 182 2998 καὶ
209 2946 435 3019 χειμῶνι
463 2949 564 3012 τῆς
601 2948 709 2999 τῶν
741 2949 905 2999 σκιῶν
937 2944 1300 3008 ἀποκλίσεως.

165 3032 218 3086 ε’.
275 3034 611 3109 Διαιροῦντες
669 3029 715 3086 δ’
763 3034 815 3087 οἱ
872 3034 1088 3111 φυσικοὶ
1145 3035 1240 3096 τὰς
1301 3033 1590 3111 εύκράτους
1648 3035 1725 3099 εἲς

93 3119 377 3193 οἰκούμενα
429 3120 659 3197 τέσσαρα
711 3123 995 3196 τμήματα,
1057 3123 1146 3177 καὶ
1201 3121 1512 3197 περιοίκους
1587 3125 1722 3198 ἡμῖν

91 3209 422 3271 ἐπινοοῦντες
505 3208 790 3272 ἀντοίκους
844 3232 902 3265 τε
976 3211 1064 3266 καὶ
1141 3209 1448 3283 ἀντίποδας,
1507 3210 1724 3290 λέγουσι

87 3298 183 3353 καὶ
239 3297 552 3370 κοινότητας
610 3300 744 3372 ἡμῖν
808 3299 940 3354 εἶναι
998 3301 1133 3376 πρὸς
1184 3300 1413 3364 ἐκείνους
1466 3302 1555 3356 καὶ
1613 3303 1723 3358 ἓτε-

1837 2060 2056 2111 nantur
2102 2055 2324 2111 umbrae
2353 2072 2487 2112 cum
2514 2056 2727 2112 umbra
2764 2060 2930 2112 terrae
2973 2055 3153 2113 simul
3200 2056 3487 2112 circuma-

1836 2149 2073 2217 guntur.
2108 2144 2273 2201 Unde
2319 2145 2378 2200 in
2411 2144 2772 2218 aequinoctiis
2814 2145 3037 2202 oriente
3063 2144 3183 2202 sole
3213 2147 3286 2201 ad
3319 2162 3487 2202 occa-

1837 2251 1969 2291 sum
2001 2234 2464 2306 aaquinoctialem
2493 2235 2714 2290 umbrae
2747 2234 3079 2292 declinant:
3113 2238 3173 2290 at
3199 2233 3260 2290 in
3291 2235 3485 2292 hiber-

1836 2322 1928 2379 nis
1957 2322 2436 2379 conversionibus
2463 2322 2756 2380 exoriente
2783 2323 3021 2395 quidem
3054 2323 3176 2380 sole
3215 2323 3288 2379 ad
3319 2340 3484 2380 occa-

1837 2429 1938 2468 sus
1987 2411 2216 2469 testivos
2265 2412 2331 2466 ﬁt
2379 2413 2724 2468 umbrarum
2792 2412 3121 2482 declinatio,
3179 2412 3484 2470 occidente

1836 2505 2032 2557 autem
2079 2501 2151 2556 ad
2184 2504 2346 2556 ortus
2377 2501 2606 2557 aestivos
2638 2519 2652 2558 :
2685 2500 2745 2556 in
2795 2501 3010 2558 aestivis
3040 2517 3210 2573 porro
3250 2517 3484 2559 conver-

1835 2589 2102 2646 sionibus
2161 2593 2495 2662 emergente
2551 2589 2674 2645 sole
2733 2590 2804 2645 ad
2881 2606 3126 2647 occasus
3180 2585 3484 2659 hibernos,

1834 2678 2129 2735 occidente
2158 2679 2232 2734 ad
2265 2685 2430 2734 ortus
2459 2677 2734 2735 hibernos
2766 2679 2986 2734 umbrae
3011 2679 3477 2751 protenduntur:

1834 2772 1901 2824 ut
1929 2769 2012 2824 ita
2039 2785 2142 2840 per
2171 2767 2527 2834 chiasmum,
2557 2784 2662 2826 seu
2692 2767 3166 2825 decussationem
3202 2771 3402 2825 testate
3431 2771 3491 2825 et

1832 2857 2026 2914 hieme
2054 2857 2157 2913 ﬁat
2185 2858 2532 2914 umbrarum
2563 2855 2892 2915 declinatio.

1901 3037 1956 3092 5.
1989 3040 2132 3092 Cum
2183 3039 2378 3091 autem
2408 3035 2634 3108 physici
2685 3036 2730 3070 ¹⁹
2756 3038 3114 3108 temperatas
3161 3034 3383 3106 [zonas]
3414 3034 3476 3090 in

1837 3129 2089 3198 quatuor
2137 3129 2441 3198 segmenta
2468 3141 2593 3196 quae
2633 3123 2996 3196 habitantur,
3040 3123 3323 3192 dividant,
3371 3139 3476 3180 no—

1835 3215 2045 3286 bisque
2096 3214 2374 3286 perioecos
2406 3217 2464 3268 ct
2508 3216 2764 3269 autoecos
2794 3217 2851 3268 et
2899 3213 3202 3284 antipodes
3249 3212 3476 3284 excogi-

1835 3306 1979 3371 tent,
2014 3302 2465 3359 communitates
2512 3301 2690 3357 etiam
2719 3307 2777 3358 et
2806 3301 3174 3357 diversitates
3204 3301 3372 3356 nobis
3402 3300 3475 3356 ad

89 3385 338 3463 ρότητας.
371 3367 516 3464 Πρὸς
571 3367 666 3462 μὲν
711 3388 849 3462 (οὗν)
904 3367 1053 3451 τοὺς.
1082 3390 1395 3465 περιοίκους
1451 3392 1588 3446 κατά
1631 3391 1722 3446 τὸν

1846 3367 1973 3448 illos
2001 3407 2130 3448 esse
2159 3391 2382 3446 dicunt.
2415 3391 2500 3446 Ad
2531 3391 2810 3462 periaecos
2839 3392 3078 3463 quidem
3109 3407 3179 3446 ex
3205 3389 3478 3462 physico-

79 3479 194 3529 τῶν
275 3481 505 3550 φυσικῶν
591 3475 758 3552 λόγον
843 3475 987 3532 ἔσται
1043 3479 1224 3533 κοινὸν
1300 3481 1458 3554 ἡμῖν,
1511 3484 1723 3555 πρῶτον

88 3564 188 3638 μὲν
265 3565 328 3619 τὸ
395 3567 493 3635 τὴν
565 3564 734 3635 αὐτὴν
798 3566 963 3622 οἷ’κεῖν
1049 3563 1324 3643 εὔκρατον·
1411 3564 1596 3624 ἔπειτα
1663 3570 1726 3624 τὸ

73 3653 223 3708 κατᾶ
277 3655 469 3709 ταυτὸν
529 3651 675 3729 ἔχειν
729 3657 824 3719 τὰς
881 3654 1026 3732 ὥρας
1063 3660 1161 3711 τοῦ
1191 3656 1458 3725 ἐνιαυτοῦ,
1487 3658 1576 3712 καὶ
1630 3657 1725 3720 τὰς

71 3742 328 3812 αὐξήσεις
384 3743 474 3798 καὶ
531 3744 625 3807 τὰς
689 3745 944 3817 μειώσεις
997 3749 1104 3800 τῶν
1137 3747 1358 3820 ἡμερῶν
1387 3768 1447 3802 τε
1474 3747 1563 3802 καὶ
1618 3752 1725 3802 τῶν

70 3834 316 3887 νυκτῶν.
347 3832 616 3909 Διάφορον
659 3828 717 3886 δὲ
771 3831 907 3907 πρὸς
963 3831 1112 3906 ἡμᾶς
1159 3832 1222 3886 τὸ
1253 3834 1380 3909 παρ’
1407 3835 1542 3907 ἡμῖν
1592 3835 1728 3908 ἡμέ-

68 3939 174 3996 ρας
246 3915 414 3990 οἷὶσης
471 3926 596 3996 παρ’
653 3918 878 3982 ἐκείνοις
933 3920 1064 3975 εἶναι
1117 3921 1300 3976 νύκτα·
1331 3921 1421 3976 καὶ
1470 3917 1728 3996 ἔμπαλιν,

65 4007 417 4084 πλατύτερον
491 4009 687 4064 τούτου
767 4006 1090 4086 λεγομένου.
1150 4008 1285 4066 Ούδὶ
1339 4011 1440 4086 γὰρ
1495 4006 1734 4087 ἀκριϐῶς

59 4097 277 4153 ὁπόταν
324 4095 662 4168 καταδύηται
700 4104 826 4174 παρ’
871 4099 1006 4172 ἡμῖν
1063 4100 1090 4152 ὁ
1133 4097 1320 4170 ἥλιος,
1363 4100 1540 4176 ἀρχὴν
1590 4099 1731 4174 λαμ-

54 4181 220 4241 ϐάνει
269 4190 372 4240 τοῦ
419 4188 546 4263 παρ’
594 4185 825 4250 ἐκείνοις
876 4186 1136 4264 ἀνίσχειν.
1169 4187 1325 4243 Οὕτω
1370 4187 1474 4264 γὰρ
1514 4187 1573 4243 ἂν
1605 4185 1734 4266 παρξ

48 4277 204 4348 ἡμῖν
255 4269 429 4345 οὔσης
481 4255 691 4351 μακρᾶς
740 4282 844 4345 τῆς
889 4255 1129 4351 ἡμέρας,
1161 4277 1196 4346 ἡ
1227 4275 1318 4346 νὺξ
1366 4255 1570 4353 ἐγίνετο
1608 4255 1733 4353 παρ’

53 4359 303 4424 ἐκείνοις
367 4363 568 4439 μακρά·
627 4363 718 4418 καὶ
774 4364 841 4434 ἧν
898 4365 1039 4437 ἡμῖν
1087 4364 1156 4420 τὰ
1209 4365 1345 4420 κατὰ
1416 4366 1513 4429 τὰς
1591 4364 1736 4441 ὥρας

50 4449 486 4527 ἐνηλλαγμένα,
547 4451 638 4507 καὶ
714 4452 812 4516 τὰς
879 4453 1128 4524 αὐξησεις
1186 4453 1276 4508 καὶ
1331 4453 1425 4517 τὰς
1487 4456 1737 4528 μειώσεις

46 4543 176 4595 τῶν
207 4540 445 4616 ἡμερῶν
473 4561 534 4595 τε
577 4540 667 4595 καὶ
713 4545 822 4596 τῶν
862 4546 1092 4598 νυκτῶν.
1127 4541 1259 4597 Νυνὶ
1312 4539 1371 4597 δὲ
1417 4540 1732 4621 σφαιροειδῆ

33 4630 153 4698 τὴν
220 4631 332 4704 γῆν
393 4626 553 4684 οὖσαν
612 4631 839 4707 περιιὼν
897 4631 925 4686 ὁ
985 4629 1150 4701 ἥλιος
1210 4631 1299 4686 καὶ
1358 4630 1594 4701 κυκλῶν,
1653 4633 1736 4696 οἷς

1837 3498 1969 3536 rum
2003 3480 2227 3536 ratione
2256 3496 2566 3536 commune
2597 3479 2765 3536 nobis
2787 3479 2896 3535 erit
2923 3480 3181 3552 primum
3210 3478 3477 3535 eamdem

1837 3569 2093 3626 incolere
2139 3573 2548 3642 temperatam,
2580 3568 2788 3625 deinde
2836 3570 2983 3624 381
3040 3567 3216 3624 simul
3263 3567 3480 3623 habere

1838 3659 2014 3717 horas
2045 3658 2174 3730 (hoc
2202 3663 2292 3713 est
2320 3662 2474 3713 stata
2502 3658 2640 3713 anni
2671 3658 2979 3730 tempora),
3012 3657 3267 3729 itemque
3290 3656 3479 3712 incre-

1841 3753 2040 3804 menta
2059 3751 2118 3803 et
2139 3747 2511 3802 decrementa
2532 3747 2760 3802 dierum
2784 3751 2844 3802 et
2863 3747 3122 3802 noctium
3148 3764 3161 3802 :
3187 3746 3483 3801 diversum

1840 3841 2058 3905 autem,
2092 3836 2246 3907 quod
2296 3852 2429 3891 cum
2479 3835 2634 3908 apud
2682 3852 2788 3892 nos
2835 3835 2959 3891 dies
3009 3840 3117 3904 est,
3150 3835 3304 3906 apud
3352 3833 3484 3890 illos

1841 3943 1955 3982 nox
2006 3924 2102 3991 sit,
2135 3929 2194 3980 et
2220 3925 2342 3980 vice
2370 3941 2559 3992 versa,
2584 3929 2650 3979 ut
2676 3925 2786 3980 hoc
2831 3929 3030 3981 tamen
3059 3923 3262 3980 latiore
3308 3939 3486 3979 sensu

1844 4015 2090 4070 dicatur.
2131 4013 2246 4068 Nec
2303 4013 2460 4068 enim
2518 4018 2784 4069 accurate
2840 4030 2974 4069 cum
3032 4015 3186 4085 apud
3235 4029 3342 4068 nos
3401 4010 3490 4067 sol

1843 4103 2075 4174 occidit,
2109 4103 2262 4174 apud
2312 4101 2444 4158 illos
2472 4118 2768 4174 emergere
2811 4102 3036 4175 incipit.
3069 4101 3161 4158 Sic
3209 4101 3364 4157 enim
3395 4099 3489 4155 die

1846 4193 2002 4265 apud
2050 4207 2160 4247 nos
2189 4190 2364 4263 longa
2405 4191 2738 4258 exsistente,
2770 4208 2883 4247 nox
2925 4191 3080 4263 apud
3110 4191 3272 4262 ipsos
3314 4188 3491 4259 longa

1845 4281 2030 4347 ﬁeret,
2063 4283 2373 4350 essentque
2420 4279 2590 4335 nobis
2639 4280 2832 4351 quoad
2881 4279 3077 4345 horas,
3109 4277 3300 4350 quoad
3347 4279 3489 4331 item

1844 4368 2206 4425 incrementa
2261 4372 2319 4423 et
2366 4368 2736 4424 decrementa
2776 4368 3004 4424 dierum
3073 4383 3140 4423 ac
3201 4365 3486 4433 noctium,

1849 4461 2210 4514 commutata
2257 4456 2473 4512 omnia.
2527 4460 2659 4512 Jam
2698 4461 2896 4512 autem
2947 4473 3082 4512 cum
3138 4455 3226 4510 sol
3272 4458 3488 4510 terram

1845 4545 2232 4603 orbicularem
2309 4545 2683 4602 exsistentem
2742 4545 3061 4600 circumeat
3135 4546 3192 4598 et
3245 4541 3490 4608 ambiat,

1848 4634 2066 4707 quibus
2096 4633 2365 4706 partibus
2390 4631 2580 4688 ubivis
2609 4633 2806 4689 radios
2824 4631 3214 4702 immittit,eas
3233 4629 3493 4686 illustrat

34 4718 329 4772 ἑκάστοτε
419 4719 634 4794 μέρεσιν
718 4715 1008 4775 ἐπιϐάλλει
1091 4714 1188 4782 τὰς
1273 4720 1512 4794 ἀκτῖνας,
1571 4725 1727 4775 ταῦτα

1847 4727 1903 4778 et
1930 4723 2153 4778 lumine
2184 4721 2500 4794 perfundit,
2519 4725 2586 4777 ut
2615 4721 2714 4792 qui
2747 4738 2924 4776 cursu
2955 4737 3062 4777 suo
3085 4725 3251 4776 terrae
3284 4734 3492 4775 conve-

33 4805 382 4882 λαμπρύνει
441 4827 502 4861 τε
555 4807 645 4862 καὶ
693 4807 915 4885 φωτίζει
966 4809 1034 4863 τὰ
1088 4816 1189 4878 τῆς
1247 4812 1350 4884 γῆς
1406 4811 1727 4884 κυρτώματα

1846 4812 2124 4868 xitatibus
2181 4810 2622 4883 supervehatur.
2676 4809 2838 4865 Unde
2893 4826 3025 4864 cum
3083 4808 3274 4865 adhuc
3333 4806 3489 4878 apud

31 4895 192 4949 κατά
284 4896 393 4964 τήν
477 4895 697 4969 πορείαν
761 4895 1197 4974 ὑπερτιθέμενος.
1256 4899 1410 4952 Ὅθεν
1473 4895 1548 4953 ἔτι
1607 4899 1732 4973 παρ’

31 4987 190 5057 ἡμῖν
261 4983 558 5060 ὁρώμενος
637 4984 771 5061 ὑπὲρ
843 4988 944 5062 γῆν
1016 4991 1132 5048 τοῖς
1204 4987 1508 5062 περιοίκοις
1575 4989 1736 5061 ἡμῶν

31 5072 316 5148 ἀνίσχων
354 5076 669 5151 φανήσεται.

109 5163 185 5224 ς’.
231 5162 396 5235 Πρὸς
451 5160 509 5218 δὲ
563 5162 691 5226 τοὺς
744 5162 1025 5226 ἀντοίκους
1081 5165 1218 5237 ἡμῖν
1275 5165 1508 5241 ὑπάρχει
1553 5166 1733 5221 κοινὸν

31 5253 92 5306 τὸ
166 5250 481 5314 κάκείνους
521 5252 612 5307 καὶ
661 5255 808 5327 ἡμᾶς
860 5253 963 5309 ὑπὸ
1005 5255 1068 5309 τὸ
1099 5254 1229 5328 ὑπὲρ
1259 5259 1360 5329 γῆν
1389 5253 1554 5308 οἷ’κεῖν
1602 5256 1735 5328 ἡμι-

31 5339 348 5418 γφαίριον·
389 5338 541 5398 ἀλλὰ
590 5341 680 5396 καὶ
727 5342 791 5397 τὸ
842 5344 978 5398 κατᾶ
1030 5343 1222 5398 ταυτὸν
1270 5337 1415 5418 ἔχειν
1466 5345 1558 5405 τὰς
1597 5344 1736 5417 ἠμέ-

31 5450 145 5491 sou:
214 5449 288 5484 τε
353 5428 447 5484 καὶ
499 5429 593 5492 τὰς
650 5429 866 5504 νύκτας,
899 5430 1202 5507 λεγομένου
1259 5430 1570 5487 καὶτούτου
1600 5430 1740 5487 πλα-

31 5518 330 5593 τύτερον.
399 5521 535 5596 Παρ’
591 5520 726 5594 ἡμῖν
803 5521 907 5598 γὰρ
960 5519 1169 5597 ἡμέρας
1228 5516 1395 5592 οὔσης
1457 5521 1738 5597 μεγίστης,

31 5605 354 5682 ἐλαχίστη
401 5609 530 5685 παρ’
560 5608 804 5684 ἐκείνοις,
839 5609 1070 5686 ὑπάρχει
1117 5609 1208 5665 καὶ
1255 5604 1513 5683 ἔμπαλιν.
1549 5610 1743 5682 Ἐνήλ-

1843 4918 1949 4957 nos
1982 4917 2160 4973 supra
2208 4904 2423 4956 terram
2452 4899 2699 4968 videtur,
2732 4899 2996 4971 perioecis
3044 4897 3262 4954 nostris
3299 4912 3488 4952 emer-

1843 5007 1988 5063 gens
2017 4988 2426 5062 conspicietur.

1913 5169 1968 5222 6.
2001 5168 2090 5222 Ad
2140 5171 2396 5223 antoecos
2426 5169 2620 5222 autem
2669 5165 2839 5222 nobis
2881 5181 3196 5221 commune
3240 5163 3490 5234 exsistit,

1847 5257 2001 5328 quod
2033 5260 2091 5312 et
2117 5255 2203 5310 illi
2237 5261 2293 5310 et
2321 5272 2428 5311 nos
2457 5253 2936 5325 hemisphaerium
2968 5250 3490 5324 habitamus,quod

1847 5361 2028 5417 supra
2054 5349 2269 5399 terram
2299 5348 2424 5412 est;
2453 5343 2554 5399 sed
2585 5346 2642 5398 et
2661 5342 2817 5414 quod
2849 5343 3053 5399 eodem
3078 5347 3339 5414 tempore
3369 5340 3493 5396 dies

1848 5437 1907 5489 et
1936 5437 2134 5489 noctes
2164 5432 2545 5500 habemus,ut
2564 5435 2622 5486 et
2641 5430 2750 5485 hoc
2771 5430 3021 5504 largiore
3043 5447 3220 5487 sensu
3242 5431 3492 5486 dicatur.

1848 5523 1992 5578 Cum
2022 5521 2177 5577 enim
2210 5521 2365 5593 apud
2396 5537 2504 5577 nos
2534 5524 2624 5576 est
2651 5519 2775 5577 dies
2805 5521 3120 5590 maximus,
3145 5520 3300 5592 apud
3331 5518 3494 5590 ipsos

1850 5611 2137 5667 minimus
2167 5609 2477 5682 exsistit,et
2505 5608 2628 5666 vice
2649 5609 3212 5667 versa.Commutata
3239 5620 3494 5680 namque

98 5823 157 5863 ‘9
193 5821 454 5882 Cleom.
487 5823 526 5885 l.
561 5843 600 5901 ι,
630 5843 680 5884 c.
710 5826 784 5897 2;
816 5823 988 5885 Mart.
1017 5825 1252 5902 Capella
1277 5825 1382 5884 lib.
1414 5842 1496 5897 vr,
1528 5844 1586 5902 p.
1615 5826 1765 5904 226;
1794 5829 2053 5894 Macrob.
2082 5828 2146 5889 in
2174 5826 2374 5890 Somn.
2405 5823 2560 5899 Scip.
2593 5822 2636 5881 1.
2669 5841 2734 5896 ιι,
2763 5841 2816 5882 c.
2847 5825 2905 5904 5,
2933 5824 2988 5886 6.
