3988 6444
553 474 708 533 {295

551 697 608 749 et
637 694 1006 748 decrementa
1035 693 1265 749 dierum
1295 698 1351 749 et
1382 693 1662 749 noctium.

618 872 672 923 7.
722 871 805 924 Ad
855 870 1160 940 antipodes
1206 870 1459 942 denique
1507 872 1553 904 ²⁰
1598 869 1744 924 nihil
1807 871 1974 925 nobis
2021 888 2188 942 pror-

548 976 652 1015 sus
694 976 1006 1015 commune
1034 964 1141 1027 est,
1175 960 1275 1015 scd
1325 959 1523 1014 omnia
1572 960 1802 1015 inversa
1848 964 2006 1014 sunt.
2040 960 2185 1015 Nam

546 1048 785 1105 climata
871 1048 1118 1104 invicem
1184 1049 1388 1105 subter
1467 1053 1685 1104 terram
1752 1048 2059 1118 habemus,
2130 1055 2188 1105 et

546 1138 684 1194 anni
731 1142 995 1210 tempora
1041 1143 1403 1194 commutata
1448 1142 1606 1209 sunt,
1656 1138 1914 1210 itemque
1957 1138 2078 1194 dies
2131 1142 2190 1194 et

547 1231 768 1299 noctes,
800 1242 1120 1299 earumque
1147 1227 1507 1283 incrementa
1535 1231 1593 1282 et
1619 1227 2007 1283 decrementa.

617 1318 670 1370 8.
705 1317 867 1382 Quod
899 1320 1096 1372 autem
1127 1318 1264 1372 anni
1295 1316 1843 1388 tempora,itemque
1874 1320 2189 1388 augmenta

544 1411 601 1461 et
651 1407 1021 1461 decrementa
1069 1405 1298 1460 dierum
1345 1410 1402 1460 et
1454 1405 1712 1460 noctium
1745 1405 1806 1460 in
1848 1404 2186 1478 temperatis

545 1494 928 1566 [regionibus]
960 1498 1317 1550 commutata
1363 1499 1522 1562 sunt,
1556 1495 1614 1549 in
1646 1511 1824 1550 causa
1854 1499 1945 1550 est
1983 1493 2189 1548 mundi

544 1582 866 1653 inclinatio,
898 1587 955 1639 et
985 1582 1335 1638 circulorum
1373 1582 1788 1655 parallelorum
1819 1583 1920 1654 qui
1954 1583 2014 1638 in
2047 1581 2188 1638 ccelo

543 1671 952 1745 intelliguntur
1003 1672 1062 1727 in
1108 1680 1300 1744 partes
1353 1671 1668 1744 inaequales
1717 1672 1918 1728 sectio.
1974 1675 2189 1728 Omnes

543 1761 701 1818 enim
731 1761 793 1816 hi
840 1766 1075 1834 excepto
1107 1760 1494 1832 aequinoctiali
1544 1760 1866 1832 majoribus
1897 1766 1953 1817 et
1999 1760 2187 1816 mino-

541 1850 706 1906 ribus
755 1851 1072 1924 segmentis
1120 1849 1480 1919 dividuntur,
1532 1867 1668 1906 cum
1713 1849 1821 1906 soli
1886 1850 2083 1907 arctici
2132 1854 2190 1905 et

541 1940 846 1995 antarctici
877 1957 911 1995 a
941 1941 1196 1996 sectione
1243 1940 1362 1994 sint
1390 1939 1578 1994 liberi.
1613 1939 2004 2004 Quamobrem
2055 1939 2185 2011 qui-

541 2043 772 2100 cunque
821 2027 1082 2100 paralleli
1129 2027 1332 2084 circuli
1381 2028 1548 2083 nobis
1599 2033 1738 2084 sunt
1796 2027 2071 2098 humiles,
2121 2027 2183 2082 hi

540 2117 869 2189 oppositam
933 2121 1316 2188 temperatam
1396 2115 1788 2173 incolentibus
1854 2117 1957 2172 alti
2023 2120 2182 2183 sunt,

542 2205 913 2277 multumque
959 2205 1184 2274 elevati,
1217 2210 1274 2260 et
1302 2209 1522 2262 contra.
1558 2206 1720 2262 Unde
1769 2207 1944 2262 etiam
1985 2211 2186 2262 noster

537 2293 822 2351 hibernus
868 2294 1123 2351 circulus
1172 2295 1404 2351 aestivus
1451 2300 1540 2352 est
1584 2295 1679 2364 iis,
1731 2303 1797 2350 ut
1845 2296 1947 2367 qui
1996 2296 2181 2351 maxi-

538 2400 704 2439 mum
735 2401 914 2456 supra
941 2388 1158 2440 terram
1180 2389 1550 2457 segmentum
1585 2385 1951 2452 obtineat;at
1978 2402 2181 2440 eorum

536 2475 772 2528 aestivus
828 2473 995 2529 nobis
1051 2472 1334 2530 hibernus
1393 2478 1500 2544 est,
1555 2491 1689 2529 cum
1743 2473 1888 2528 nihil
1945 2473 2059 2529 tale
2117 2473 2178 2529 in

534 2560 767 2617 climate
817 2561 1093 2633 aaquatori
1143 2562 1404 2632 subjecto
1453 2562 1696 2630 accidat,
1746 2563 1847 2617 sed
1897 2567 2179 2634 perpetuo

534 2650 612 2705 sit
655 2649 1072 2722 {equinoctium
1105 2667 1118 2704 :
1153 2650 1629 2722 quandoquidem
1679 2650 1738 2705 in
1779 2651 1892 2706 isto
1945 2650 2179 2706 climate

534 2739 795 2794 mundus
847 2738 1010 2794 nulla
1039 2755 1280 2811 prorsus
1310 2739 1534 2795 ratione
1575 2738 1896 2795 inclinatus
1927 2744 2039 2810 est,
2073 2739 2177 2795 sed

533 2829 797 2884 omnium
830 2827 1243 2900 parallelorum
1275 2833 1578 2901 segmenta
1607 2829 1760 2884 368
1787 2828 2006 2884 similia
2032 2827 2179 2884 exsi-

533 2921 716 2984 stunt,
751 2933 884 2972 cum
916 2934 1043 2988 quas
1075 2934 1256 2989 supra
1283 2921 1520 2985 terram,
1553 2921 1680 2972 tum
1711 2934 1836 2989 qua:
1865 2917 2018 2972 infra
2058 2921 2177 2972 ter-

532 3022 658 3062 ram
690 3011 864 3073 sunt;
897 3005 1116 3077 quippe
1145 3005 1497 3062 semicirculi
1525 3010 1684 3062 sunt.

599 3096 654 3150 9.
685 3095 820 3150 Jam
869 3111 1004 3150 vero
1028 3096 1070 3128 9‘
1104 3099 1418 3166 augmenta
1446 3099 1502 3150 et
1529 3096 1899 3152 decrementa
1945 3095 2174 3152 dierum

531 3187 589 3239 et
618 3184 878 3240 noctium
927 3184 1130 3239 eodem
1161 3184 1312 3238 ﬁunt
1351 3188 1610 3256 tempore
1639 3184 1794 3255 apud
1843 3201 2047 3240 omnes
2073 3184 2175 3257 qui

529 3276 910 3344 temperatam
943 3277 1204 3328 nostram
1248 3271 1541 3345 regionem
1573 3272 1855 3344 incolunt,
1891 3273 2174 3344 quemad-

1805 468 2229 531 NICEPHORI
2273 466 2709 530 BLEMMIDE

550 605 718 661 nobis
748 607 806 660 et
832 602 949 659 illis
977 604 1116 659 anni
1146 603 1695 676 tempora,itemque
1720 603 2172 676 augmenta80!

2307 598 2499 655 λακται
2557 601 2660 676 γὰρ
2708 601 2843 672 ἡμῖν
2894 598 3028 672 πρὸς
3080 596 3275 660 αὐτοὺς
3328 599 3397 653 τὰ
3452 601 3600 654 κατᾶ
3657 601 3761 663 τὰς
3805 601 3940 676 ὥρας,

2299 690 2389 744 καὶ
2445 691 2539 752 τὰς
2598 689 2846 759 αὐξήσεις
2904 686 2993 742 καὶ
3047 687 3139 749 τὰς
3202 689 3455 760 μειώσεις
3492 693 3613 744 τῶν
3646 690 3938 766 ἡμερῶνξ

2293 779 2384 833 καὶ
2419 783 2527 832 τῶν
2554 782 2759 833 νυκτῶν
2772 823 2783 834 .

3813 467 3940 532 ms

2370 870 2428 936 ζ’.
2462 868 2605 942 Πρὸς
2665 865 2721 922 δὲ
2774 865 2900 927 τοὺς
2953 862 3245 928 ἀντίποδας
3303 863 3457 921 οὐδὲν
3498 868 3650 940 ἡμῖν
3719 867 3940 924 οὐδόλωε

2293 953 2496 1011 κοινόν·
2555 955 2680 1012 ἀλλ’
2745 957 3129 1030 ἀντέστραπται
3182 956 3249 1009 τὰ
3304 958 3494 1011 πάντα.
3565 959 3672 1012 Καὶ
3734 960 3832 1035 γὰρ
3877 963 3923 1013 τὲ

2298 1045 2400 1099 ὑπὸ
2427 1052 2529 1122 γῆν
2562 1043 2827 1114 ἀλλήλων
2868 1043 3067 1119 ἔχομεν
3126 1043 3385 1117 κλίματα,
3415 1045 3510 1100 καὶ
3563 1049 3636 1100 τὰ
3700 1048 3832 1102 κατᾶ
3863 1051 3927 1107 :‘z:

2297 1133 2439 1209 ὥρας
2493 1137 2624 1207 ἡμῖν
2684 1132 3035 1207 ἐνήλλακται,
3094 1133 3182 1188 καὶ
3232 1135 3299 1187 τὰ
3353 1136 3489 1189 κατὰ
3551 1135 3657 1198 τὰς
3737 1137 3926 1212 ἡμέρας,

2296 1223 2383 1278 καὶ
2413 1224 2510 1285 τὰς
2534 1222 2727 1285 νύκτας
2754 1223 2843 1277 καὶ
2871 1223 2967 1284 τὰς
3005 1221 3252 1292 αὐξήσεις
3295 1223 3385 1277 καὶ
3440 1225 3719 1296 μειώσεις
3774 1225 3922 1281 αὐτὰ.

2367 1313 2438 1380 η’.
2469 1314 2582 1369 Τοῦ
2630 1309 2676 1366 δ’
2706 1310 3037 1386 ένηλκάχθαι
3085 1311 3153 1365 τὰ
3199 1311 3337 1365 κατὰ
3381 1313 3479 1373 τὰς
3534 1311 3696 1388 ὥρας
3751 1317 3922 1375 uiri;

2297 1399 2548 1472 αὐξήσεις
2601 1399 2690 1454 καὶ
2741 1401 2840 1462 τὰς
2897 1401 3147 1472 μειώσεις
3190 1403 3296 1454 τῶν
3347 1402 3581 1476 ἡμερῶν
3611 1423 3680 1458 τε
3710 1404 3803 1458 καὶ
3851 1409 3920 1458 τέςτ

2296 1493 2500 1544 νυκτῶν
2561 1487 2613 1544 ἐν
2666 1495 2786 1551 ταῖς
2834 1487 3115 1564 εὐκράτως
3178 1490 3213 1558 ἡ
3270 1493 3368 1544 τοῦ
3427 1490 3656 1565 κόσμου
3718 1490 3923 1569 ἔγκλισις

2297 1578 2444 1633 αἶ’τία
2470 1577 2601 1648 ἐστὶ,
2631 1577 2786 1647 καὶὴ
2827 1577 2902 1640 εἷς
2959 1577 3113 1632 ἄνισα
3166 1582 3273 1633 τῶν
3333 1578 3385 1634 ἐν
3443 1579 3673 1656 οὐρανῷ
3727 1585 3921 1655 νοουμέ-

2297 1688 2404 1722 νων
2452 1664 2828 1741 παραλΛήλων
2884 1664 3100 1721 κύκλων
3147 1668 3318 1740 τομή.
3359 1669 3574 1732 Πάντες
3640 1671 3750 1745 γὰρ
3809 1672 3920 1726 οὖτα

2298 1754 2444 1825 πλὴν
2506 1760 2604 1810 τοῦ
2661 1753 2980 1829 ἰσημερινώ
3031 1755 3240 1828 μείζοσι
3285 1757 3376 1811 καὶ
3423 1756 3693 1814 ἐλάττοσι
3731 1759 3917 1835 τέμνον-

2297 1865 2386 1899 ται
2423 1846 2535 1918 τμή
2549 1865 2727 1917 μασιν,
2758 1844 3015 1917 ἀτμήτων
3068 1843 3248 1918 μόνων
3296 1841 3466 1901 ὄντων
3516 1852 3631 1902 τῶν
3689 1849 3918 1924 ἄρκτιώ

2297 1935 2386 1989 καὶ
2454 1934 2840 2010 ἀνταρκτικῶν.
2889 1936 3044 1988 Ὅσοι
3115 1934 3208 2006 μὲν
3257 1934 3349 1990 οῦν
3398 1939 3513 1990 τῶν
3569 1936 3914 2013 παραλλήλων

2291 2021 2507 2078 κύκλων
2557 2025 2692 2096 ἡμῖν
2740 2021 3002 2091 ταπεινοὶ,
3049 2028 3166 2085 τοῖς
3214 2023 3313 2091 τὴν
3365 2023 3745 2102 ἆντεύκρατον
3791 2026 3912 2103 Ep:-

2292 2133 2372 2166 σιν
2443 2111 2648 2186 ὑψηλοὶ
2719 2111 2851 2166 κάπὶ
2925 2109 3074 2166 πολὺ
3154 2111 3461 2188 ἐξηρμένοι·
3527 2115 3624 2170 καὶ
3700 2113 3913 2190 ἐμπιπλεῖ⁸

2287 2202 2442 2255 Ὅθεν
2494 2201 2582 2255 καὶ
2630 2201 2660 2254 6
2711 2201 2804 2274 μὲν
2858 2197 3125 2275 ἡμέτερος
3173 2203 3494 2278 χειμερινὸς
3547 2204 3764 2268 κύκλος
3811 2209 3913 2280 θερι-

2289 2289 2380 2351 νὸς
2437 2289 2683 2361 ἐκείνοις,
2719 2289 2968 2366 μέγιστον
3024 2289 3168 2366 ἔχων
3223 2299 3424 2365 τμῆμα
3476 2295 3550 2348 τὸ
3583 2295 3723 2370 ὑπὲρ
3770 2299 3910 2370 γῆν-ὲ

2290 2376 2337 2432 δ’
2368 2377 2583 2434 ἐκείνων
2640 2379 2846 2455 θερινὸς
2895 2381 3030 2453 ἡμῖν
3089 2381 3429 2456 χειμερινὸς,
3465 2381 3725 2455 μηδενδς
3773 2385 3912 2440 τοιώ-

2287 2489 2383 2523 του
2439 2464 2828 2541 συμϐαίνοντος
2887 2467 2939 2523 ἐν
2993 2473 3074 2541 τῷ
3130 2469 3233 2524 ὑπὸ
3287 2469 3379 2525 τόν
3442 2471 3773 2549 ΐσημερινὸν
3822 2475 3915 2528 ιιλὲ-

2294 2577 2441 2628 ματι,
2487 2555 2612 2612 ἀλλ’
2653 2557 2938 2632 ἰσημερίας
2999 2555 3166 2628 οὔσης
3231 2556 3556 2624 διαπαντός·
3619 2563 3806 2638 ὅτιπερ
3850 2564 3913 2617 οὐ·

2289 2642 2477 2718 δαμῶς
2535 2645 2584 2701 ἐν
2641 2644 2830 2718 ἐκείνῳ
2884 2651 2964 2718 τῷ
3018 2644 3245 2720 κλίματι
3277 2649 3306 2701 6
3337 2647 3561 2722 κόσμος
3613 2651 3906 2727 ἐγκέκλιται,

2291 2733 2416 2789 ἀλλ’
2446 2733 2612 2808 ὅμοια
2665 2734 2920 2811 τυγχάνει
2977 2734 3193 2791 πάντων
3248 2741 3358 2793 τῶν
3426 2739 3816 2813 παραλλήλων
3859 2742 3907 2795 τὰ

2285 2826 2567 2897 τμήματα,
2598 2822 2664 2878 τά
2719 2825 2766 2888 θ’
2823 2823 2956 2901 ὐπὶρ
3014 2827 3139 2901 γῆν,
3187 2823 3255 2881 τά
3309 2828 3358 2890 θ’
3414 2827 3532 2883 ὑπὸ
3587 2832 3717 2905 γῆνο
3755 2832 3909 2903 ἡμιτά-

2286 2910 2415 2967 κλια
2438 2912 2561 2990 γάρ.

2356 3093 2418 3154 θ’.
2450 3092 2520 3148 Αἱ
2575 3088 2624 3145 δ’
2664 3091 2913 3162 αὐξήσεις
2963 3093 3054 3148 καὶ
3111 3094 3166 3147 αἱ
3229 3095 3483 3166 μειώσεις
3547 3101 3666 3151 τῶν

2281 3199 2339 3234 τε
2384 3180 2473 3234 καὶ
2521 3185 2630 3235 τῶν
2678 3186 2883 3236 νυκτῶν
2936 3182 3071 3237 κατᾶ
3117 3184 3310 3237 ταυτὸν
3366 3185 3465 3256 μὲν
3521 3186 3768 3261 γίνονται
3815 3194 3906 3241 si:

2281 3273 2399 3331 τοῖς
2481 3270 2579 3338 τὴν
2656 3271 2923 3346 ἡμετέραν
2991 3270 3226 3325 οἰκοῦσιν
3285 3269 3576 3348 εὔκρατον·
3649 3274 3820 3353 ὥσπερ
3865 3273 3911 3328 αὖ

529 3361 770 3417 modum
801 3360 1057 3417 vicissim
1090 3361 1244 3433 apud
1277 3377 1375 3416 eos
1407 3361 1506 3433 qui
1531 3361 1858 3433 oppositam
1891 3366 2172 3434 tempera-

2291 3356 2416 3412 κατᾶ
2444 3358 2635 3412 ταυτὸν
2683 3358 2772 3413 καὶ
2820 3365 2950 3414 πᾶσι
2996 3364 3113 3422 τοῖς
3156 3356 3345 3435 ἔχουσι
3393 3363 3499 3431 τὴν
3565 3365 3907 3442 claritati-amputan-

529 3453 649 3504 tam
680 3449 948 3504 habitant
979 3465 992 3502 :
1024 3454 1427 3504 verumtamen
1476 3448 1633 3504 haud
1666 3447 1908 3520 aequalis
1951 3449 2171 3506 additio

526 3544 584 3593 et
612 3537 932 3594 subtractio
962 3539 1118 3610 apud
1149 3555 1353 3594 omnes
1383 3543 1492 3607 est,
1515 3539 1617 3594 sed
1649 3537 1954 3610 multiplex
1985 3538 2044 3593 in
2077 3538 2170 3594 his

525 3627 788 3695 variatio,
823 3631 888 3682 ut
935 3626 1065 3682 aliis
1118 3627 1355 3699 quidem
1405 3627 1652 3683 minima
1698 3628 1801 3682 ﬁat
1845 3627 2067 3683 additio
2099 3633 2159 3684 et

527 3715 868 3782 subtractio,
900 3715 1030 3771 aliis
1059 3732 1194 3772 vero
1225 3716 1499 3772 maxima.
1527 3719 1714 3772 Causa
1742 3720 1939 3771 autem
1969 3720 2059 3773 est
2088 3716 2170 3772 rei

524 3803 900 3875 hujus,quod
931 3821 1046 3860 non
1076 3822 1145 3861 ex
1174 3821 1338 3876 aequo
1369 3805 1524 3876 apud
1555 3821 1758 3860 omnes
1790 3805 2049 3860 mundus
2078 3805 2168 3860 in-

525 3892 778 3948 clinatus
807 3897 915 3959 est,
940 3910 1128 3965 neque
1158 3894 1328 3966 polus
1356 3894 1568 3950 boreus
1597 3894 1920 3965 aequalibus
1949 3893 2168 3966 ubique

523 3980 803 4052 gradibus
853 3981 924 4037 ab
959 3982 1274 4054 horizonte,
1306 3983 1407 4039 sed
1455 3983 1527 4038 ad
1560 3982 1863 4039 meridiem
1893 3983 2165 4039 habitan-

521 4070 703 4139 tibus,
756 4087 1007 4143 parum;
1042 4072 1114 4127 ad
1165 4075 1411 4140 arctum,
1463 4072 1519 4126 id
1570 4075 1660 4128 est
1707 4073 2162 4144 septentrionem

521 4158 694 4231 plus;
723 4161 988 4233 ipsorum
1019 4161 1268 4233 denique
1312 4160 1522 4216 mediis
1552 4160 1743 4218 medio
1775 4162 1946 4218 modo
1977 4161 2162 4220 eleva-

517 4251 616 4305 tus
642 4253 752 4306 est.

591 4339 677 4394 10.
712 4339 875 4396 Unde
925 4338 1044 4394 illis
1075 4339 1176 4410 qui
1207 4340 1266 4394 in
1294 4342 1482 4395 Meroe
1526 4339 1830 4412 [Ethiopian
1872 4339 2158 4410 habitant,

520 4429 797 4500 quoniam
829 4430 1090 4484 mundus
1113 4445 1323 4500 parum
1355 4428 1671 4485 inclinatus
1692 4429 1962 4498 est,diem
1988 4431 2164 4486 maxi-

519 4533 682 4572 mum
713 4532 842 4573 esse
889 4517 1170 4572 tredecim
1201 4517 1478 4573 horarum
1528 4517 1828 4590 cognitum
1859 4522 1948 4574 est
1975 4537 1988 4587 ;
2020 4519 2158 4591 illis,

515 4605 618 4676 qui
663 4605 1096 4670 Alexandriam,
1129 4606 1594 4677 quatuordecim,
1625 4623 1760 4661 cum
1807 4605 1888 4661 ibi
1937 4606 2160 4664 scilicet

515 4695 774 4749 mundus
824 4695 1103 4765 majorem
1155 4693 1590 4750 inclinationem
1637 4694 1884 4767 accipiat
1927 4696 2013 4764 29;
2063 4695 2157 4751 his

2291 4717 2375 4750 »ων
2427 4696 2517 4750 καὶ
2574 4694 2718 4766 δέκα,
2758 4695 2985 4752 πλείονα
3039 4698 3137 4766 τὴν
3193 4695 3440 4772 ἔγγλισιν
3509 4699 3777 4773 δηλονότι
3824 4704 3884 4755 tsi
3929 4757 3931 4788 Ι

2261 4784 2471 4858 κόσμου
2528 4779 2922 4858 λαμϐάνοντος
2953 4791 3071 4848 τοῖς
3130 4783 3188 4840 δὲ
3241 4787 3378 4841 κατά
3435 4788 3540 4845 τὸν
3592 4792 3929 4862 Ἑλλήπξν,

513 4783 613 4853 qui
662 4781 1472 4856 Hellespontum,quindecim
1500 4801 1513 4850 ;
1546 4783 1647 4855 qui
1679 4783 1948 4852 Romam,
1982 4783 2154 4856 quin-

511 4872 698 4927 decim
738 4876 794 4928 et
841 4872 1133 4945 amplius;
1167 4871 1269 4944 qui
1316 4871 1658 4939 Massiliam,
1714 4872 2048 4944 quindecim
2097 4878 2155 4929 et

509 4960 775 5017 semissis
796 4960 978 5030 horae;
1004 4961 1461 5029 Celtis,sedecim
1488 4987 1502 5030 ;
1535 4963 1690 5017 364
1719 4962 1790 5016 iis
1815 4961 1914 5034 qui
1937 4963 2150 5018 Meoti-

507 5049 663 5118 dem,
697 5051 1130 5121 septendecim;
1166 5050 1483 5118 Britannis,
1538 5050 1855 5106 octodecim
1889 5055 2150 5107 noctem-

507 5155 620 5210 que
650 5155 751 5195 sex
779 5158 1063 5197 aeorarum
1097 5140 1616 5212 aequinoctialium.

576 5409 660 5463 11.
696 5406 857 5464 Unde
905 5409 1079 5464 etiam
1113 5409 1157 5443 2³
1189 5409 1386 5464 lumen
1418 5408 1512 5465 his
1553 5413 1724 5465 noctu
1757 5425 1885 5465 esse
1933 5409 2146 5465 dicitur

498 5500 701 5556 eodem
735 5502 1013 5570 temporc,
1043 5498 1152 5552 hoc
1182 5503 1291 5568 est,
1325 5499 1534 5553 aestivae
1565 5498 1961 5555 conversionis
1993 5503 2143 5554 tem-

493 5606 654 5663 pore,
687 5587 830 5659 sole,
862 5591 988 5643 tum
1023 5587 1177 5642 circa
1225 5588 1581 5643 horizontem
1614 5592 2054 5661 pertranseunte
2083 5593 2142 5644 et

2279 3445 2340 3500 οὐ
2376 3447 2482 3518 μὴν
2515 3447 2548 3516 ἡ
2583 3445 2668 3516 ἴση
2719 3467 2780 3522 γε
2825 3450 3109 3525 προσθήκη
3158 3448 3246 3504 καὶ
3299 3449 3589 3528 ὑφαίρεσις
3642 3456 3789 3530 παρᾶ
3841 3461 3906 3506 :5-

2279 3534 2358 3589 σίν
2384 3534 2544 3607 ἐστιν,
2579 3532 2724 3590 ἀλλὰ
2755 3535 2942 3606 πολλὴ
2973 3539 3008 3608 ἡ
3042 3537 3094 3592 ἐν
3131 3537 3348 3601 τούτοις
3393 3540 3775 3619 παραλλαγή·

2281 3625 2374 3696 μὲν
2435 3623 2734 3712 ἐλαχίστης
2788 3625 3083 3700 γινομένης
3139 3629 3462 3702 προσθήκης
3545 3634 3648 3687 καὶ

2278 3733 2434 3785 σεωςν
2483 3719 2598 3777 τοῖς
2654 3711 2712 3770 δὲ
2760 3714 3040 3792 μεγίστης.
3095 3713 3278 3772 Αἴτιον
3327 3713 3387 3771 δὲ
3445 3721 3669 3777 τούτου
3736 3711 3796 3778 τὸ
3853 3725 3902 3795 μὴ

2275 3803 2420 3877 παρᾶ
2471 3808 2629 3858 πᾶσιν
2697 3802 2891 3875 ἐπίσης
2949 3803 3286 3881 ἐγκεκλίσθαι
3351 3808 3444 3862 τὸν
3511 3810 3760 3886 κόσμον,
3802 3810 3904 3885 μηέ

2273 3892 2363 3946 τὸν
2425 3892 2634 3967 βόρειον
2692 3890 2864 3949 πόλον
2925 3895 3240 3970 ἁπανταχοῦ
3293 3896 3390 3958 τὰς
3448 3895 3582 3963 ἴσας
3668 3903 3779 3957 ἀπὸ
3836 3905 3901 3954 τεΞ

2275 3980 2550 4067 ὁρίζοντος
2609 3980 2823 4058 ἐξῆρθαι
2887 3981 3279 4059 μίραςοάλλὰ
3306 3989 3426 4048 τοῖς
3493 3989 3595 4060 μὲν
3664 3993 3799 4067 πρὸς
3839 4011 3900 4060 με·

2271 4065 2545 4147 σημϐρίαν
2603 4071 2842 4127 οἰκοῦσιν
2901 4073 3037 4149 πρὸς
3095 4071 3300 4149 ὀλίγον,
3355 4079 3480 4138 τοῖς
3545 4074 3610 4133 δὲ

2271 4181 2396 4215 κτον
2430 4158 2710 4234 ἐπιπλέον,
2733 4166 2850 4225 τοῖς
2881 4158 2939 4216 δὲ
2970 4160 3152 4236 μέσοις
3182 4161 3358 4218 αὐτῶν
3392 4165 3612 4237 μέσως.

2343 4358 2392 4396 ι’.
2423 4341 2575 4394 Ὅθεν
2601 4344 2717 4402 τοῖς
2751 4339 2843 4413 μὲν
2874 4341 3011 4395 κατὰ
3036 4341 3136 4410 τήν
3185 4339 3404 4416 Μερόην
3450 4350 3563 4415 τῆς
3624 4348 3882 4406 Αἶθιοτέιεε

2270 4425 2384 4482 ἐπεὶ
2473 4428 2661 4503 ὀλίγον
2723 4429 2752 4482 6
2803 4427 3008 4502 κόσμος
3091 4427 3423 4504 ἐγκέκλιται,
3476 4434 3588 4503 τήν

2267 4518 2475 4591 ἡμέραν
2525 4521 2690 4592 τριῶν
2738 4517 3021 4594 ἱστόρηται
3078 4519 3166 4573 καὶ
3223 4515 3350 4573 δέκα
3405 4525 3724 4600 τυγχάνειν
3769 4526 3886 4597 ἐρεῖτ’*
3934 4589 3935 4596 κ

2266 4606 2665 4683 (ἰσημερινῶν)’
2696 4612 2814 4670 τοῖς
2845 4604 2904 4662 δὲ
2940 4607 3075 4663 κατᾶ
3119 4608 3219 4676 τὴν
3267 4605 3704 4688 Ἀλεξάνδρειαν
3750 4615 3889 4670 τεττά-

2259 4896 2349 4928 τον
2383 4871 2780 4929 πεντεκαίδεκα’
2811 4879 2929 4937 τοῖς
2988 4871 3046 4929 δὲ
3093 4873 3230 4929 κατᾶ
3284 4875 3387 4944 τὴν
3448 4877 3690 4954 Ῥώμην
3749 4900 3883 4936 πεντε-

2259 4962 2479 5020 καίδεκα
2531 4964 2621 5019 καὶ
2678 4963 2830 5039 πρός·
2862 4969 2980 5027 τοῖς
3007 4963 3065 5019 δὲ
3092 4963 3228 5019 κατά
3283 4965 3384 5034 τὴν
3448 4971 3775 5027 Μασσαλίαν
3803 4991 3882 5024 τῇ·

2257 5051 2538 5109 τεκαίδεκα
2590 5053 2680 5108 καὶ
2739 5052 2974 5126 ἡμίσους
3032 5051 3175 5130 ὥρας
3236 5058 3388 5127 μιᾶς.
3422 5061 3549 5120 τοῖς
3609 5057 3672 5115 δὲ
3706 5058 3883 5115 Κελτιιὲ

2258 5140 2555 5198 ἑκκαίδεκα·
2594 5147 2716 5205 τοῖς
2772 5139 2829 5197 δὲ
2884 5143 3019 5197 κατᾶ
3073 5144 3171 5211 τὴν
3227 5148 3475 5201 Μαιῶτιν
3544 5147 3923 5211 ἐτττακαὲἒειιτὶ

2253 5236 2371 5295 τοῖς
2404 5229 2462 5286 δὲ
2512 5237 2830 5306 Βρεττανοῖς
2879 5229 3266 5304 ὀκτωκαίδεκα,
3315 5234 3603 5303 τὴννύκτα
3665 5237 3714 5293 δ’
3765 5239 3918 5310 ὡρὲιδν,

2257 5320 2587 5397 ἱσημερινῶν
2618 5317 2694 5391 ἓξ.

2327 5411 2412 5465 ια’.
2466 5411 2626 5472 Ὅθεν
2709 5409 2798 5464 καὶ
2881 5413 2994 5488 φῶς
3063 5410 3195 5464 εἶναι
3255 5411 3480 5476 τούτοις
3541 5418 3736 5477 νυκτὸς
3780 5409 3879 5467 uti

2252 5503 2438 5553 τοῦτον
2497 5496 2713 5574 λέγεται
2769 5499 2860 5553 τὸν
2918 5499 3128 5572 καιρὸν,
3167 5497 3295 5568 ἤτοι
3355 5505 3497 5558 κατᾶ
3555 5506 3657 5574 τήν
3708 5503 3877 5580 θερινὲν

2249 5589 2480 5664 τροπὴν,
2509 5592 2606 5641 τοῦ
2637 5586 2803 5658 ἡλίου
2831 5587 2955 5642 τότε
2985 5588 3109 5663 περὶ
3147 5589 3241 5644 τὸν
3300 5591 3566 5666 ὁρίζοντα
3619 5590 3874 5672 διερχοβ·

562 5736 607 5770 9°
638 5731 837 5811 Manil.
872 5731 957 5811 1.)
985 5733 1242 5811 Asti-20!];
1298 5730 1720 5811 Q'HHRIegiomul.
1757 5749 1797 5786 ιι
1847 5732 1924 5811 in_
1941 5731 2115 5806 Ptol.,
2141 5750 2311 5808 prop.
2365 5734 2455 5806 42,
2496 5733 2582 5793 13.
2657 5733 2704 5771 ²²
2735 5733 2944 5792 Strabo
2993 5734 3094 5791 lib.
3128 5750 3212 5805 II;
3263 5733 3450 5809 Plin.,
3482 5739 3524 5797 l.
3575 5757 3655 5811 vr,
3686 5740 3783 5796 sub
3827 5733 3872 5791 ti-

488 5824 662 5877 nem;
695 5806 866 5863 Mart.
901 5804 1039 5876 Cap.
1077 5802 1176 5860 lib.
1210 5804 1265 5857 8.
1342 5804 1387 5837 ²³
1419 5801 1634 5858 Cleom.
1664 5801 1702 5859 l.
1736 5820 1776 5872 1,
1808 5819 1860 5859 c.
1891 5805 1946 5860 7.

3906 5335 3919 5441 Ξ

3913 5445 3917 5452 ‹
