3988 6428
74 450 229 518 me

1399 456 1752 522 EPITOME
1795 455 2154 523 PHYSICA.

3317 454 3475 518 1298

70 607 187 661 νου,
244 587 338 644 καὶ
391 587 489 650 τὰς
547 586 712 666 αὐγὰς
770 587 904 666 ὑπὲρ
952 589 1058 664 γῆς
1108 587 1544 664 ἀναπέμποντος,
1589 588 1720 666 ὅπερ

1834 593 2030 650 radios
2059 610 2238 667 supra
2266 594 2482 650 terram
2527 590 2828 649 emittente
2859 607 2873 648 :
2904 589 3060 665 quod
3110 589 3283 647 etiam
3316 590 3472 662 apud

71 675 278 751 γίνεται
327 677 418 732 καὶ
465 679 592 753 παρ’
639 681 774 751 ἡμῖν
822 677 1020 733 ὁπόταν
1070 683 1168 734 τοῦ
1197 679 1361 750 ἡλίου
1392 678 1721 748 πελάζοντος

67 770 150 836 τῷ
179 765 415 842 ὁρίζοντι
448 765 594 822 πολὺ
639 771 737 822 τοῦ
785 768 964 844 φωτὸς
994 769 1093 836 τὴν
1140 772 1238 821 τοῦ
1267 765 1434 837 ἡλίου
1463 765 1720 843 προλαμ-

73 850 212 930 ϐάνῃ
243 853 539 925 ἀνατολὴν,
599 856 688 910 καὶ
736 854 901 912 πάλιν
951 857 1252 931 έναπομένῃ
1302 859 1436 930 μετὰ
1481 857 1580 924 τήν
1624 860 1722 910 τοῦ

70 942 238 1013 ἡλίου
287 943 598 1002 κατάδυσιν.
643 947 845 1017 Ἣμισυ
891 946 992 1022 γὰρ
1044 943 1262 1018 ζωδίου,
1309 945 1551 1000 τουτέστι
1601 965 1722 999 πεν-

67 1031 351 1089 τεκαίδεκα
383 1032 578 1109 μοίρας
622 1033 843 1109 ἀπέχων
874 1035 902 1088 6
932 1031 1093 1103 ἥλιος
1144 1035 1420 1109 ὁρίζοντος
1468 1032 1570 1088 ὑπὸ
1599 1040 1719 1109 γῆν,

69 1127 186 1200 φῶς
245 1121 346 1178 οὐκ
404 1121 588 1199 ὀλίγον
643 1123 847 1195 πέμπει
917 1128 1033 1185 τοῖς
1112 1124 1244 1200 ὑπὲρ
1299 1124 1390 1178 τὸν
1451 1123 1718 1200 ὁρίζοντα.

70 1215 191 1274 Εῶς
249 1210 428 1266 τοίνυν
478 1215 730 1268 τοιοῦτον
784 1211 916 1266 εἶναι
965 1211 1182 1287 λέγεται
1220 1212 1414 1274 νυκτὸς
1465 1210 1516 1266 ἐν
1570 1217 1726 1288 Βρετ-

68 1299 246 1373 τανίᾳ,
302 1298 593 1377 γενομένου
669 1305 769 1356 τοῦ
839 1300 1004 1370 ἡλίου
1059 1301 1187 1378 περὶ
1259 1301 1351 1356 τὸν
1410 1307 1669 1372 Καρκῖνον
1704 1319 1719 1335 ’

70 1389 189 1445 ἐπεὶ
246 1389 371 1467 περὶ
416 1391 507 1445 τὸν
568 1388 822 1464 ὁρίζοντα
876 1394 1114 1445 ποιεῖται
1169 1389 1293 1445 τότε
1341 1391 1442 1459 τὴν
1497 1389 1718 1466 πορείαν

71 1480 100 1534 ὁ
148 1478 331 1549 ἥλιος.
386 1477 708 1555 Ἐλάχιστον
753 1477 855 1556 γάρ
907 1478 1045 1534 ἐστιν
1090 1480 1191 1534 ὑπὸ
1237 1485 1338 1555 γῆν
1383 1486 1582 1553 τμῆμα
1621 1483 1721 1534 τοῦ

73 1571 286 1646 θερινοῦ
314 1566 518 1624 κύκλου
548 1573 662 1630 τοῖς
688 1573 1026 1643 Βρεττανοῖς.

147 1660 324 1734 ιβ’-ις’.
383 1656 514 1733 Περὶ
565 1655 623 1713 δὲ
683 1658 783 1727 τήν
837 1655 1053 1727 Θοόλην
1098 1665 1260 1728 νῆσον
1302 1656 1432 1713 ὅλον
1492 1659 1582 1712 τὸν
1640 1659 1720 1712 θε-

75 1749 215 1826 ρινὸν
262 1747 392 1821 ὑπὲρ
445 1753 544 1822 γῆν
604 1747 734 1803 εἶναι
807 1746 974 1823 λόγος
1029 1746 1169 1802 ἐστὶν
1228 1747 1384 1802 αὐτὸν
1446 1744 1573 1801 ὅντα
1629 1747 1719 1800 καὶ

73 1835 346 1913 ἀρκτικόν.
408 1831 636 1891 Ὁπόταν
685 1836 776 1890 οὗν
826 1837 855 1890 ὁ
897 1835 1061 1905 ἥλιος
1107 1838 1198 1891 τὸν
1258 1841 1518 1912 Καρκῖνον
1575 1832 1716 1911 διέρ-

70 1945 261 2000 χηται,
316 1929 571 1999 μηνιαῖον
623 1925 675 1980 έν
723 1923 889 2000 ταύτῃ
927 1929 998 1998 τῇ
1044 1927 1196 1998 νήσῳ
1249 1927 1539 2002 φανήσεται
1584 1923 1718 2001 χρό-

65 2035 157 2068 νον
218 2013 350 2090 ὑπὲρ
404 2013 497 2067 τὸν
555 2012 848 2090 ὁρίζοντα,
907 2018 1014 2069 τῶν
1071 2018 1170 2068 τοῦ
1227 2013 1487 2090 Καρκίνου
1543 2017 1720 2087 μερῶν

71 2100 281 2158 πάντων
331 2101 620 2180 ἀειφανῶν·
670 2101 888 2178 ἐπείπερ
938 2096 1132 2180 ἐφόσον
1179 2102 1230 2158 ἐν
1287 2108 1403 2165 τοῖς
1454 2106 1550 2157 τοῦ
1582 2108 1720 2174 Καρ-

70 2189 222 2246 κίνου
279 2189 580 2268 ἀειφανέσιν
648 2191 676 2245 ὁ
732 2188 916 2261 ἥλιος,
972 2190 1058 2245 ἐπὶ
1116 2195 1370 2246 τοσοῦτον
1430 2187 1576 2246 ἔσται
1631 2189 1722 2244 καὶ

77 2280 209 2354 ὑπὲρ
266 2279 358 2334 τὸν
420 2278 714 2356 ὁρίζοντα.
775 2283 1036 2354 Προϊοῦσι
1115 2278 1162 2335 δ’
1222 2279 1455 2335 ἐντεῦθεν
1517 2278 1604 2333 ἐπὶ
1659 2279 1728 2333 τὰ

72 2368 440 2443 ἀρκτικώτερα
488 2369 606 2422 καθ’
664 2367 933 2437 ὑπόθεσιν,
994 2367 1056 2423 οὗ
1123 2367 1288 2442 μόνον
1335 2367 1466 2431 ὅλος
1513 2368 1541 2421 ὁ
1586 2373 1726 2442 Καρ-

71 2461 243 2528 κῖνος,
275 2455 535 2512 ἀλλὰκαὶ
582 2455 758 2512 πλείω
807 2461 905 2510 τοῦ
960 2454 1229 2526 ζωδιακοῦ
1287 2459 1425 2533 μέρη
1473 2461 1578 2511 τῶν
1623 2457 1728 2510 ἀει·

76 2548 250 2620 φανῶν
301 2543 680 2620 εὑρεθήσεται.
739 2548 916 2600 Ταῦτα
967 2544 1153 2601 τοίνυν
1208 2547 1236 2600 ὁ
1292 2545 1456 2615 ἥλιος
1515 2542 1728 2620 διερχό-

77 2654 234 2707 μενος
289 2630 532 2696 οὐδόλως
583 2633 685 2688 ὑπὸ
730 2633 821 2688 τὸν
873 2633 1125 2709 ὁρίζοντα
1180 2631 1568 2690 καταδύσεται.
1630 2639 1727 2720 Καὶ

74 2720 247 2785 οὕτως
306 2719 451 2777 ἔσται
504 2723 625 2777 τινὰ
678 2722 922 2796 κλίματα
977 2727 1076 2792 τῆς
1126 2731 1253 2798 γῆς,
1300 2724 1354 2778 έν
1400 2723 1480 2785 οἷς
1522 2723 1610 2777 καὶ
1643 2719 1722 2781 διζ

75 2815 303 2884 μηνιαῖα
360 2810 450 2866 καὶ
505 2817 829 2888 τριμηνιαῖα
877 2811 968 2867 καὶ
1030 2813 1232 2885 μείζων
1275 2812 1458 2887 ἡμέρα
1499 2813 1722 2886 γενήσε-

66 2920 176 2958 ται.
235 2904 360 2963 Τοῖς
422 2898 470 2956 δ’
525 2901 612 2955 ὑπ’
669 2900 827 2956 αὐτὸν
885 2902 975 2956 τὸν
1035 2900 1208 2957 πόλον
1263 2902 1355 2956 τὸν
1410 2901 1620 2978 βόρειον
1669 2900 1722 2972 ἓξ

71 2986 278 3059 ζωδίων
327 2989 461 3065 ὑπὲρ
512 2995 613 3066 γῆν
664 2986 833 3044 ὅντων
883 2989 1174 3068 ἀειφανῶν,
1229 2990 1417 3068 ἐφόσον
1476 2992 1503 3045 ὁ
1561 2989 1722 3059 ἥλιος

62 3082 232 3132 ταῦτα
286 3076 585 3155 διέρχεται,
640 3077 729 3133 καὶ
787 3077 947 3141 αὐτὸς
1009 3078 1096 3134 ἐπὶ
1152 3084 1405 3134 τοσοῦτον
1475 3076 1722 3142 οὐδόλως

66 3162 394 3242 κρυϐήσεται
431 3208 444 3220 .
505 3165 788 3244 Διέρχεται
851 3164 907 3221 δὲ
960 3172 1127 3222 ταῦτα
1179 3165 1247 3222 δι’
1304 3169 1527 3242 ἡμερῶν
1588 3168 1722 3223 έπτά

65 3256 158 3310 καὶ
233 3253 573 3330 ὀγδοήκοντα
643 3256 780 3328 πρὸς
829 3261 949 3318 ταῖς
1008 3255 1193 3312 ἑκατόν
1230 3275 1243 3288 ’
1299 3258 1364 3310 τὰ
1433 3254 1490 3310 δὲ
1548 3256 1715 3312 λοιπὰ

1835 701 1940 738 nos
1993 684 2078 750 fit,
2137 684 2371 755 quando
2426 681 2547 738 sole
2602 681 2886 736 horizouti
2942 679 3470 753 appropinquante,

1833 771 2084 827 multum
2116 772 2358 827 luminis
2401 777 2594 827 ortum
2625 769 2768 826 solis
2820 769 3120 842 anticipat,
3151 777 3208 825 et
3235 784 3470 824 rursum

1831 865 1964 932 post
1993 878 2263 916 occasum
2298 859 2438 916 solis
2470 864 2751 914 remanet.
2785 863 2928 914 Cum
2977 859 3130 914 enim
3167 858 3317 930 signi
3349 874 3470 913 me-

1833 950 2133 1018 dietatem,
2166 951 2273 1005 hoc
2303 953 2392 1005 est
2421 949 2750 1020 quindecim
2801 949 3040 1021 gradus,
3074 949 3146 1002 ab
3177 947 3475 1002 horizonte

1833 1039 1918 1096 sol
1949 1039 2114 1095 abest
2145 1039 2295 1094 infra
2333 1043 2572 1106 terram,
2604 1039 2676 1093 ad
2722 1055 2820 1094 eos
2850 1037 2954 1109 qui
3001 1053 3181 1108 supra
3208 1035 3475 1091 horizon-

1832 1132 1950 1184 tem
1984 1131 2123 1183 sunt
2151 1128 2352 1183 lumen
2383 1144 2500 1182 non
2530 1127 2806 1198 exiguum
2841 1125 3100 1181 dimittit.
3133 1124 3267 1180 Tale
3297 1124 3478 1196 igitur

1833 1217 2020 1273 noctis
2087 1216 2287 1272 lumen
2355 1232 2482 1272 esse
2543 1215 2756 1271 dicitur
2820 1215 2878 1269 in
2947 1213 3272 1278 Britannia,
3339 1229 3475 1269 cum

1832 1306 1918 1362 sol
1971 1307 2042 1362 ad
2095 1307 2382 1362 Cancrum
2433 1303 2775 1376 pervenerit,
2833 1303 3112 1375 quoniam
3167 1303 3322 1358 circa
3370 1302 3475 1358 ho-

1831 1396 2111 1452 rizontem
2160 1395 2248 1450 sol
2289 1398 2416 1450 tum
2463 1394 2573 1449 iter
2617 1393 2772 1448 facit.
2822 1391 3118 1448 Britannis
3175 1391 3332 1447 enim
3372 1391 3477 1447 mi-

1830 1485 2058 1541 nimum
2116 1483 2302 1539 aestivi
2360 1482 2563 1539 circuli
2621 1485 2987 1554 segmentum
3048 1480 3202 1536 infra
3257 1484 3473 1537 terram

1826 1578 1934 1631 est.

1907 1663 2094 1718 12-16.
2129 1662 2298 1718 Circa
2329 1661 2556 1717 Thulen
2586 1677 2720 1716 vero
2758 1659 3015 1716 insulam
3043 1661 3108 1726 ",
3131 1663 3290 1716 totus
3319 1660 3473 1716 aesti—

1827 1770 1937 1811 vus
1983 1751 2287 1822 [circulus]
2321 1768 2500 1822 supra
2549 1755 2765 1806 terram
2816 1766 2944 1805 esse
2989 1748 3223 1820 dicitur,
3254 1748 3351 1819 qui
3399 1749 3478 1805 sit

1827 1842 2005 1898 etiam
2054 1841 2327 1897 arcticus.
2382 1841 2527 1895 Cum
2578 1855 2714 1912 ergo
2767 1839 2854 1894 sol
2900 1838 3186 1894 Cancrum
3241 1837 3474 1909 transit,

1827 1937 2131 1988 menstruo
2161 1935 2425 2003 tempore
2454 1931 2514 1986 in
2545 1929 2654 1984 hac
2684 1927 2881 1984 insula
2909 1945 3088 2000 supra
3116 1927 3477 1982 horizontem

1831 2020 2154 2094 apparebit,
2188 2019 2394 2075 Cancri
2424 2019 2689 2090 partibus
2738 2033 2968 2089 semper
2998 2015 3413 2088 apparentibus
3460 2034 3474 2073 :

1832 2110 1972 2183 quia
2003 2108 2283 2180 quamdiu
2316 2108 2375 2162 in
2406 2123 2640 2179 semper
2669 2105 3089 2179 apparentibus
3119 2104 3323 2160 Cancri
3351 2122 3481 2176 par-

1831 2199 1991 2254 tibus
2022 2202 2112 2254 est
2142 2197 2250 2268 sol,
2280 2196 2488 2252 tandiu
2517 2196 2693 2252 etiam
2725 2212 2903 2266 supra
2932 2194 3291 2250 horizontem
3323 2194 3472 2251 365

1833 2291 1942 2344 est.
1975 2285 2489 2359 Progredientibus
2536 2288 2733 2340 autem
2784 2284 2921 2340 hinc
2950 2284 3024 2339 ad
3054 2281 3478 2355 septentriona-

1833 2375 2009 2432 liores
2035 2379 2228 2446 partes
2260 2391 2327 2430 ex
2356 2372 2687 2446 hypothesi,
2721 2389 2837 2428 non
2879 2375 3038 2427 totus
3070 2374 3301 2426 tantum
3332 2370 3480 2427 Can-

1837 2481 1953 2534 cer,
1985 2466 2086 2520 sed
2120 2463 2298 2519 etiam
2330 2463 2527 2534 plures
2555 2462 2782 2518 Zodiaci
2814 2465 3008 2533 partes
3037 2476 3270 2532 semper
3310 2477 3482 2532 appa-

1845 2571 1970 2610 rere
1998 2552 2384 2609 invenientur.
2416 2552 2532 2607 Has
2564 2551 2745 2623 igitur
2775 2567 2909 2605 cum
2942 2549 3028 2606 sol
3057 2549 3353 2621 transibit,
3385 2550 3484 2605 ho-

1837 2641 2117 2698 rizontem
2151 2657 2391 2713 prorsus
2419 2657 2535 2694 non
2569 2638 2813 2694 subibit.
2848 2639 2926 2692 Ac
2973 2637 3056 2692 ita
3083 2642 3257 2693 erunt
3285 2636 3484 2709 aliqua

1837 2735 2002 2787 terrae
2031 2729 2287 2800 climata,
2321 2729 2381 2784 in
2412 2728 2628 2800 quibus
2661 2731 2720 2782 et
2747 2726 3048 2782 bimestris
3077 2729 3136 2782 et
3164 2726 3482 2782 trimestris

1835 2825 1893 2876 et
1922 2821 2110 2890 major
2141 2819 2266 2874 dies
2314 2817 2618 2873 efficietur.
2653 2815 2773 2871 Illis
2822 2819 3016 2870 autem
3045 2815 3093 2848 2⁵
3123 2815 3224 2886 qui
3256 2816 3366 2871 sub
3397 2816 3484 2888 ip-

1833 2926 1898 2965 so
1931 2908 2062 2981 polo
2103 2911 2241 2962 sunt
2286 2907 2481 2973 borco,
2513 2921 2647 2959 cum
2678 2921 2780 2960 sex
2825 2904 2995 2976 signa
3044 2921 3224 2975 supra
3261 2908 3478 2960 terram

1832 2998 1952 3053 sint
1989 3013 2220 3068 semper
2267 2994 2640 3068 apparentia;
2685 2997 2904 3065 quanto
2961 2992 3241 3064 temporis
3286 2993 3476 3063 spatio

1829 3087 1916 3142 sol
1947 3103 2016 3141 ea
2045 3085 2352 3158 percurrit,
2385 3088 2549 3138 tanto
2581 3083 2757 3138 etiam
2788 3082 2952 3138 nulla
2982 3099 3223 3154 prorsus
3253 3082 3476 3137 ratione

1828 3183 1884 3230 et
1941 3175 2064 3247 ipse
2111 3172 2518 3230 occultabitur.
2566 3172 2857 3227 Percurrit
2908 3175 3102 3226 autem
3148 3187 3218 3226 ea
3265 3169 3472 3226 diebus

1825 3269 2061 3319 centum
2102 3261 2397 3334 octoginta
2443 3265 2662 3332 septem
2700 3277 2715 3327 ;
2766 3264 2972 3315 caetera
3013 3263 3210 3315 autem
3266 3259 3473 3315 diebus

64 3341 138 3398 δι’
186 3329 404 3418 ἡμερῶν
464 3343 609 3399 ὀκτὼ
666 3343 804 3420 πρὸς
857 3349 978 3407 ταῖς
1017 3339 1396 3419 ἑϐδομήκοντα
1453 3346 1542 3400 καὶ
1595 3351 1712 3408 ταῖς

1830 3356 2059 3409 centum
2090 3329 2462 3424 septuaginta
2486 3329 2656 3417 .6cto,
2690 3347 2888 3404 addita
2936 3347 3114 3404 etiam
3145 3349 3261 3404 diei
3295 3349 3473 3403 unius

61 3433 274 3504 ἑκατὸν,
331 3432 758 3508 προστιθεμένου
811 3433 901 3488 καὶ
951 3435 1210 3510 τετάρτου
1270 3441 1396 3508 μιᾶς
1452 3435 1662 3509 ἡμέρας
1695 3454 1709 3466 ·

62 3521 216 3577 Ἐπεὶ
245 3525 373 3597 γοῦν
399 3526 516 3584 τοῖς
552 3522 655 3578 ὑπὸ
699 3523 791 3578 τὸν
841 3521 1053 3600 βόρειον
1101 3521 1278 3578 πόλον
1329 3526 1357 3579 6
1388 3522 1548 3594 ἥλιος
1580 3524 1712 3600 ὑπὲρ

54 3616 162 3686 γῆν
220 3609 301 3688 ἐφ’
351 3608 562 3685 ἡμέρας
638 3611 775 3666 έπτά
849 3611 939 3666 καὶ
1015 3609 1348 3688 ὀγδοήκοντα
1402 3614 1538 3689 πρὸς
1594 3617 1714 3676 ταῖς

64 3698 281 3770 ἑκατὸν,
326 3699 502 3772 ἥμισυ
534 3696 592 3754 δὲ
640 3697 835 3769 ζωδίου
884 3699 1090 3776 ἀπέχον
1134 3705 1230 3756 τοῦ
1283 3700 1558 3777 ὁρίζοντος
1613 3702 1714 3756 ὑπὸ

59 3793 189 3864 γῆν,
223 3790 337 3866 φῶς
367 3786 468 3843 οὐκ
518 3785 704 3865 ὀλίγον
758 3788 1020 3863 ἐκπέμπει
1068 3795 1187 3853 τοῖς
1238 3790 1368 3865 ὑπὲρ
1417 3793 1534 3866 γῆν·
1586 3811 1716 3866 προ-

60 3871 230 3931 λάϐοι
284 3875 343 3932 ἂν
390 3878 493 3947 τὴν
540 3882 637 3932 τοῦ
683 3877 848 3949 ¹ιτιλίου
897 3878 1163 3948 ἀνατολὴν
1211 3878 1443 3950 ἡλιακὸν
1476 3884 1590 3955 φῶς
1635 3880 1716 3959 ἐφ’

56 3965 302 4040 ἡμέραις
359 3965 628 4022 τοῦπίπαν
692 3965 1073 4022 πεντεκαίδεκα
1126 3973 1242 4030 τοῖς
1306 3968 1715 4044 βορειοτάτοις·

49 4054 149 4110 καὶ
211 4054 347 4129 μετά
407 4056 470 4110 τὸ
546 4054 838 4111 καταδῦναι
912 4057 1004 4111 τὸν
1059 4055 1220 4126 ἥλιον
1297 4054 1441 4111 ἔσται
1501 4057 1715 4118 τούτοις

44 4144 122 4199 τὸ
180 4147 427 4198 τοιοῦτον
486 4141 714 4214 ἡλιακὸν
748 4148 864 4223 φῶς
919 4144 998 4223 ἐφ’
1055 4145 1286 4220 ἡμέραις
1337 4145 1554 4219 ὁμοίαις
1590 4166 1713 4200 πεν-

46 4229 343 4288 τεκαίδεκα
375 4276 390 4288 .
446 4237 571 4295 Τοῖς
643 4233 747 4288 ὑπὸ
819 4234 908 4288 τὸν
990 4232 1200 4310 βόρειον
1279 4224 1450 4289 πόλον
1518 4232 1711 4289 λοιπὸν

51 4321 247 4396 ἡμέρα
308 4322 404 4394 μὲν
465 4319 611 4377 ἔσται
673 4321 869 4395 μείζων
929 4322 964 4392 ἢ
1044 4322 1452 4396 ἐπταμηνιαία,
1510 4323 1599 4394 νὺξ
1658 4322 1716 4378 δὲ

51 4410 466 4483 πενταμηνιαία
524 4408 760 4484 μάλιστά
816 4432 936 4473 πως
970 4430 983 4444 ο
1036 4411 1118 4466 ἀεὶ
1172 4413 1274 4487 γὰρ
1329 4413 1381 4466 οἱ
1441 4413 1713 4490 φωτισμοὶ

51 4497 448 4556 πλεονεκτοῦσι
502 4500 632 4562 τοὺς
689 4500 1052 4574 σκοτασμοός.
1111 4505 1236 4563 Τοῖς
1295 4501 1388 4575 μὲν
1438 4499 1529 4555 οὖν
1562 4500 1614 4556 έν
1644 4505 1713 4576 τῇ

50 4587 248 4664 Θούλῃ
303 4590 456 4662 νήσῳ
488 4589 516 4644 6
569 4590 778 4665 Θερινὸς
833 4589 1094 4666 τροπικὸς
1146 4589 1440 4662 συμπίπτει
1492 4594 1570 4662 τῷ
1624 4591 1715 4664 ἀρ-

1823 3445 2034 3512 quarta
2061 3444 2251 3512 parte.
2283 3438 2570 3503 Quoniam
2591 3437 2773 3509 igitur
2801 3437 2911 3492 sub
2943 3437 3074 3508 polo
3107 3437 3281 3493 boreo
3312 3436 3476 3492 habi-

1820 3530 2084 3585 tantibus
2115 3527 2196 3584 sol
2233 3543 2412 3599 supra
2439 3531 2656 3581 terram
2688 3529 2778 3582 est
2807 3525 3016 3581 diebus
3046 3529 3282 3582 centum
3313 3529 3476 3581 octo-

1823 3618 1984 3690 ginta
2014 3621 2259 3690 septem,
2293 3620 2349 3671 et
2385 3631 2520 3670 vero
2571 3613 2814 3670 dimidio
2865 3613 3032 3686 signo
3077 3613 3150 3669 ab
3180 3613 3476 3671 horizonte

1823 3707 1976 3762 infra
2003 3712 2219 3762 terram
2266 3705 2494 3759 distans
2526 3719 2642 3758 non
2693 3703 2971 3775 exiguum
3025 3702 3227 3758 lumen
3257 3703 3477 3760 emittit

1823 3797 1896 3851 ad
1927 3811 2025 3851 eos
2055 3794 2156 3866 qui
2187 3811 2367 3866 supra
2395 3797 2610 3848 terram
2641 3796 2817 3860 sunt;
2864 3792 3005 3848 solis
3052 3795 3247 3848 ortum
3284 3791 3477 3848 solare

1826 3887 2023 3941 lumen
2051 3885 2206 3956 apud
2236 3880 2669 3938 borealissimos
2702 3882 2774 3936 ad
2800 3881 2926 3937 dies
2951 3880 3286 3953 quindecim
3315 3881 3470 3936 anti-

1823 3973 2058 4047 cipabit,
2094 3977 2152 4028 et
2181 3990 2214 4027 a
2243 3971 2387 4028 solis
2413 3987 2624 4026 occasu
2654 3970 2764 4025 erit
2791 3971 2876 4026 eis
2908 3969 3247 4041 hujusmodi
3267 3968 3467 4026 lumen

1823 4064 2012 4120 solare
2045 4063 2114 4117 ad
2146 4061 2270 4116 dies
2288 4060 2560 4116 similiter
2584 4058 2941 4130 quindecim.
2966 4061 3326 4130 Quapropter
3355 4059 3465 4115 sub

1823 4151 1954 4224 polo
2001 4152 2177 4206 boreo
2228 4148 2632 4204 habitantibus
2680 4147 2804 4202 dies
2853 4146 3088 4218 quidem
3135 4147 3324 4218 major
3379 4151 3470 4202 est

1824 4257 2000 4312 quam
2034 4237 2443 4310 septimestris,
2489 4253 2601 4292 nox
2652 4237 2805 4291 366
2836 4239 3034 4290 autem
3081 4235 3468 4306 quinqueme-

1823 4329 1962 4385 stris
2008 4329 2127 4383 fere
2159 4326 2432 4382 maxime.
2467 4330 2707 4396 Semper
2735 4325 2892 4380 enim
2924 4324 3364 4379 obscurationes
3393 4323 3466 4379 ab

1824 4415 2357 4472 illuminationibus
2406 4417 2776 4486 superantur.
2811 4413 2912 4467 His
2959 4412 3139 4484 igitur
3169 4413 3234 4482 ⁵⁸⁵,
3267 4413 3368 4483 qui
3405 4412 3466 4467 in

1825 4504 2022 4562 insula
2041 4504 2227 4560 Thule
2255 4503 2542 4573 habitant,
2558 4501 2817 4574 tropicus
2837 4500 3073 4556 aestivus
3090 4517 3224 4556 cum
3255 4499 3468 4556 arctico

1825 4594 2135 4662 coincidit;
2169 4591 2590 4649 borealioribus
2616 4594 2814 4645 autem
2844 4590 3021 4645 etiam
3051 4589 3316 4644 aestivum
3347 4594 3465 4645 tro-

51 4682 256 4750 κτικῷ·
305 4683 422 4740 τοῖς
469 4675 530 4733 δὲ
579 4678 941 4754 βορειοτέροις
1000 4676 1089 4732 καὶ
1136 4678 1227 4733 τὸν
1279 4678 1485 4754 θερινὸν
1535 4679 1712 4756 ὑπερ-

1830 4685 2022 4757 picum
2077 4687 2303 4738 servata
2362 4679 2730 4753 proportione
2781 4678 3034 4734 arcticus
3081 4678 3462 4735 transcendit.

49 4763 238 4823 ϐαίνει
296 4766 555 4842 τροπικὸν
626 4765 764 4843 πρὸς
841 4765 1007 4842 λόγον
1059 4767 1087 4820 ὁ
1145 4762 1417 4843 ἀρκτικός.
1475 4773 1599 4830 Τοῖς
1657 4765 1712 4823 δὲ

50 4857 154 4914 ὑπ’
205 4855 364 4911 αὐτὸν
411 4856 502 4910 τὸν
552 4854 724 4910 πόλον
773 4853 864 4909 καὶ
916 4856 1284 4931 βορειοτάτοις
1332 4857 1359 4910 6
1406 4863 1563 4911 πᾶσιν
1598 4856 1714 4928 ἰση-

52 4946 287 5022 μερινὸς
343 4943 548 5007 κύκλος
619 4943 874 5019 ἀρκτικός
923 4965 985 4999 τε
1058 4943 1258 5020 γίνεται
1316 4944 1405 5000 καὶ
1473 4945 1709 5022 ὁρίζων·

46 5035 162 5093 οὐκ
191 5032 302 5106 ἤδη
355 5032 412 5089 δὲ
454 5033 590 5089 κατὰ
629 5033 722 5089 τὸν
770 5028 969 5108 ἀκριϐῆ
1019 5031 1184 5109 λόγον
1232 5033 1324 5088 καὶ
1375 5035 1711 5111 ἰσημερινός,

49 5125 351 5200 Ἀρκτικὸς
413 5123 507 5196 μὲν
541 5124 644 5199 γὰρ
694 5121 777 5178 ὅτι
835 5123 1077 5199 περιέχει
1133 5123 1262 5185 τοὺς
1319 5128 1424 5178 τῶν
1478 5123 1715 5200 ἀστέρων

47 5217 360 5291 ἀειφανεῖς,
424 5211 658 5286 μηδενὸς
711 5211 1103 5273 ἀνατέλλοντος
1169 5213 1205 5282 ἦ
1265 5211 1665 5286 καταδυομένου
1698 5233 1712 5245 ⁸

48 5303 263 5381 ὁρίζων
324 5299 382 5358 δὲ
431 5302 589 5374 πάνυ,
645 5300 727 5355 ὅτι
789 5299 1104 5376 διαχωρίζει
1161 5303 1224 5356 τὸ
1281 5302 1412 5378 ὑπὲρ
1469 5310 1570 5378 γῆν
1626 5304 1714 5357 καὶ

50 5391 168 5450 ὑπὸ
219 5396 321 5466 γῆν
372 5391 752 5469 ἡμισφαίριον.
802 5391 917 5448 Οὺκ
971 5390 1203 5466 ἀκριβὴς
1261 5388 1306 5444 δ’
1354 5391 1666 5465 ἰσημερινὸς
1701 5437 1714 5463 ,

47 5481 286 5557 ἐπείπερ
344 5479 419 5542 εἷς
491 5479 614 5554 μίαν
665 5480 875 5555 ἡμέραν
921 5479 1010 5534 καὶ
1065 5479 1188 5552 μίαν
1239 5479 1403 5534 νύκτα
1447 5481 1538 5535 τὸν
1590 5480 1718 5536 ὅλον

1823 4773 1943 4830 Sub
1975 4773 2102 4844 ipso
2129 4771 2379 4842 denique
2426 4769 2557 4842 polo
2588 4769 2631 4802 ²⁷
2681 4767 3014 4824 constitutis
3063 4767 3284 4840 quique
3325 4771 3466 4824 sunt

1822 4859 2431 4933 septentrionalissimi
2464 4858 2562 4929 qui
2605 4857 2879 4913 omnibus
2924 4860 3014 4912 est
3042 4855 3464 4927 aequinoctialis

1823 4950 2098 5018 circulus,
2133 4949 2288 5004 idem
2344 4947 2410 5001 fit
2457 4951 2514 5002 et
2560 4946 2813 5001 arcticus
2858 4948 2916 5000 et
2957 4945 3192 5000 horizon
3227 4962 3240 4999 :
3275 4961 3465 5017 neque

1821 5055 1955 5094 vero
1986 5039 2158 5093 etiam
2190 5040 2467 5092 accurata
2491 5034 2716 5090 ratione
2738 5033 3184 5105 aequinoctialis.
3215 5033 3471 5090 Ariticus

1823 5127 2000 5193 enim,
2034 5126 2188 5196 quod
2238 5123 2437 5179 stellas
2480 5139 2710 5193 semper
2759 5125 3106 5193 apparentes
3151 5122 3465 5190 contineat,

1825 5215 1985 5270 nulla
2014 5215 2235 5270 oriente
2265 5217 2367 5268 aut
2395 5212 2692 5268 occidente
2718 5228 2733 5279 ;
2765 5209 3006 5266 horizon
3055 5213 3252 5266 autem
3283 5211 3468 5266 omni-

1826 5322 1922 5371 no,
1953 5303 2108 5374 quod
2139 5305 2369 5374 separet
2414 5299 2892 5371 hemisphaerium
2943 5316 3122 5368 supra
3147 5304 3364 5356 terram
3394 5301 3466 5356 ab

1825 5410 1892 5449 eo
1946 5391 2101 5464 quod
2151 5391 2303 5446 infra
2335 5394 2554 5445 terram
2604 5393 2711 5444 est.
2743 5389 2870 5444 Non
2918 5392 3226 5445 accuratus
3271 5393 3468 5446 autem

1827 5479 2268 5552 aequinoctialis,
2327 5477 2802 5551 quandoquidem
2860 5478 2918 5533 in
2971 5494 3157 5533 unum
3197 5477 3353 5534 diem
3410 5483 3469 5535 et

130 5697 181 5734 ²⁴
211 5695 434 5770 Cleom.
463 5696 505 5770 l_.
537 5697 579 5754 Ι.
613 5714 664 5755 c.
694 5697 760 5770 7.
780 5695 871 5770 μ²⁸
899 5695 1085 5767 lbid.;
1117 5695 1482 5770 Regiomont.
1515 5699 1558 5754 Ι.
1591 5715 1652 5769 ιι,
1684 5697 1720 5753 il

1830 5695 1921 5753 tol.
1963 5711 2126 5768 prop.
2169 5698 2250 5752 18.
2327 5696 2372 5731 ²⁶
2399 5695 2619 5752 Cleom.
2660 5695 2704 5752 Ι.
2737 5713 2777 5765 ι,
2805 5712 2855 5751 c.
2887 5695 2942 5749 7.
3020 5695 3065 5730 ³⁷
3097 5694 3460 5766 Regiomont.

47 5759 166 5828 lib.
199 5786 242 5828 ιι
271 5759 333 5828 in
361 5768 511 5827 Ptol.
539 5785 706 5843 prop.
735 5767 827 5824 27.
