3988 6432
490 430 648 491 1299
1738 431 2160 496 NIGEPHORI
2202 432 2643 496 BLEMMIDE
3749 421 3884 488 1300

487 579 668 619 unam
717 564 949 618 noctem
991 563 1181 618 totum
1229 578 1451 618 annum
1498 563 1777 632 secando,
1828 564 1886 620 in
1937 568 2062 637 part

2309 586 2454 636 μνων
2500 565 2761 637 ἐνιαυτὸν,
2812 563 2890 626 εἰς
2921 559 3071 619 ἄνισα
3123 561 3188 618 τὸ
3223 562 3473 618 τοιοῦτον
3526 557 3882 636 ἧμερόνυκττι

488 650 805 726 inaequales
832 649 950 708 tale
975 651 1065 722 (ut
1092 653 1174 708 ita
1202 652 1416 724 dicam)
1447 651 1790 709 noctiduum
1822 653 2045 709 dividit.
2243 650 2460 729 διαιρεῖ.

884 913 890 944 ¹
1753 921 2096 979 SYNOPSIS
2124 922 2404 980 CAPITIS
2442 925 2636 993 XXXI,

1868 1029 2018 1076 OUOD
2058 1036 2156 1077 SST
2184 1037 2256 1078 DE
2283 1039 2484 1079 VACUO.

492 1152 543 1208 1.
575 1149 830 1222 Physicis
859 1149 992 1219 quid
1022 1165 1253 1204 vacuum
1303 1150 1637 1222 nominetur.
1672 1182 1740 1192 —
1768 1153 1822 1204 2.
1856 1152 2092 1207 Diversa:
2136 1150 2475 1205 diversorum
2519 1148 2879 1222 physicorum
2923 1148 2988 1204 de
3016 1164 3212 1222 uacuo
3262 1147 3580 1222 sententiae.
3617 1175 3693 1222 -_—
3722 1147 3774 1200 3.
3807 1147 3878 1199 Va-

557 1217 720 1294 cuum
747 1217 968 1291 proprie
1003 1223 1296 1294 nimirum,
1326 1219 1465 1290 quod
1486 1224 1646 1294 omni
1674 1223 1822 1280 805
1856 1240 2082 1294 corpore
2135 1222 2416 1294 privatum
2443 1217 2536 1294 sit,
2568 1217 2646 1294 in;
2669 1221 2870 1275 mundo
2927 1221 3146 1294 nultum
3201 1222 3300 1294 est,
3353 1217 3502 1294 quod
3549 1219 3802 1294 p__rimum
3833 1233 3883 1294 es

558 1289 877 1366 deﬁnitione
903 1293 1099 1348 mundi
1123 1289 1349 1363 probat;
1372 1323 1440 1366 —_-
1472 1293 1522 1346 4.
1558 1295 1762 1350 Deinde
1779 1289 1971 1366 probat
1998 1289 2317 1366 deductione
2342 1292 2414 1347 ad
2441 1292 2746 1366 absurdum
2791 1293 3090 1366 geminum,
3123 1291 3281 1366 quod
3309 1289 3461 1345 alias
3492 1290 3670 1366 nulla
3721 1289 3885 1343 incidi

556 1365 804 1436 partium
830 1362 1168 1436 continuatio
1197 1367 1250 1418 et
1286 1364 1594 1436 conjunctio
1619 1362 1898 1421 naturalis
1937 1371 2096 1431 esset,
2129 1365 2376 1436 quodque
2405 1380 2598 1418 sensus
2625 1367 2675 1418 et
2705 1365 2770 1419 in
2795 1362 3170 1436 ’primishvero
3224 1362 3379 1436 visus
3401 1363 3714 1436 actionem
3757 1377 3884 1415 sum

559 1431 629 1491 ad
659 1440 872 1490 tantam
900 1435 1242 1502 distantiam,
1293 1431 1829 1507 ad'ﬁrmamentum
1883 1431 2154 1492 nimirum
2209 1431 2460 1507 exercere
2499 1451 2610 1490 non
2663 1431 2855 1507 posset.
2890 1465 2958 1474 --
3006 1434 3062 1490 5.
3129 1435 3300 1488 Tertio
3356 1431 3507 1507 idem
3567 1433 3886 1502 conﬁrmat-1

561 1508 710 1563 vasis
739 1509 960 1579 angusti
985 1507 1213 1576 oriﬁcii,
1246 1520 1372 1576 quae
1399 1505 1457 1560 in
1489 1510 1647 1577 aquis
1675 1525 1934 1564 conversa
1963 1525 2074 1565 non
2104 1508 2404 1579 implentur
2438 1505 2676 1562 humore
2704 1513 2929 1577 propter
2975 1520 3159 1561 aerem
3202 1519 3304 1576 quo
3347 1505 3537 1579 pl_ena_
3579 1508 3755 1579 sunt:
3780 1520 3888 1579 αα

561 1523 710 1563 vasis
739 1521 959 1575 angusti
985 1521 1213 1576 ori/wn,
1246 1521 1372 1576 quae
1399 1522 1457 1560 in
1489 1524 1647 1577 aquis
1675 1525 1934 1564 conversa
1963 1525 2074 1565 non
2104 1521 2404 1579 implentur
2438 1521 2666 1562 aumore
2704 1521 2929 1577 propter
2975 1521 3159 1561 aerem
3202 1521 3304 1576 quo
3347 1521 3533 1575 piena
3579 1521 3715 1558 sum
3735 1521 3755 1565 ;
3768 1521 3886 1628 λινε

561 1581 706 1653 atias
731 1578 985 1653 protinus
1014 1579 1296 1653 humorem
1325 1579 1648 1653 reciperent,
1681 1582 1731 1634 si
1767 1581 1919 1635 omni
1945 1595 2168 1652 corpore
2195 1578 2785 1653 adeoqueetiamdaere
2815 1580 2994 1648 forent
3044 1593 3241 1632 vacua.
3294 1606 3364 1653 —_-
3392 1577 3447 1630 6.
3499 1576 3730 1653 Quarto
3848 1592 3886 1627 ιι

559 1668 595 1706 a
621 1647 925 1775 clegsydrm
953 1651 1132 1775 quatis
1160 1647 1449 1705 veteribus
1472 1651 1532 1704 in
1561 1667 1661 1706 usu
1690 1653 1801 1722 fuit
1829 1647 2207 1723 experimento
2237 1647 2494 1706 ostendit.
2526 1680 2596 1690 —
2623 1651 2680 1703 7.
2722 1651 2958 1704 Vaeuum
2986 1655 3145 1704 extra
3171 1647 3442 1703 mundum
3497 1652 3563 1702 in
3622 1647 3885 1715 inﬁnitam

560 1737 695 1775 nene
748 1737 845 1775 are
868 1737 1078 1775 canam
1107 1737 1195 1775 ur.

556 1728 845 1794 penetrare
868 1723 1195 1794 concipitur.

1094 1942 1329 2000 CAPUT
1367 1942 1558 2000 XXXI.
2177 1947 2227 2012 B

2177 1947 2227 2012 Β
2869 1944 3123 1998 non.
3155 1941 3283 1999 AA'.

1170 2035 1248 2088 De
1273 2049 1461 2088 vacuo.

2911 2031 3040 2106 Περὶ
3071 2034 3243 2087 κενοῦ.

567 2127 619 2180 1.
652 2123 760 2179 Ubi
791 2139 907 2178 non
933 2125 1022 2178 est
1051 2121 1240 2176 ullum
1272 2139 1514 2193 prorsus
1544 2139 1784 2196 corpus,
1816 2129 2007 2196 potest
2038 2142 2142 2180 au-

2328 2123 2392 2176 a'.
2424 2123 2591 2185 Ἔνθα
2638 2122 2716 2194 μὴ
2766 2117 2905 2175 ἔστιν
2961 2119 3106 2182 δ’λως
3145 2141 3200 2174 τι
3237 2123 3346 2174 τῶν
3401 2117 3712 2192 σωμάτων,
3760 2117 3883 2174 δύη·

503 2217 623 2270 tem
659 2228 788 2268 esse
833 2210 1094 2283 corporis
1136 2209 1322 2279 locus,
1354 2210 1499 2267 illud
1550 2212 1773 2285 physici
1805 2215 1850 2248 ³⁸
1897 2230 2078 2270 vacuu

2309 2231 2344 2264 ιι
2403 2207 2461 2265 δε
2517 2210 2760 2285 γενέσθαι
2810 2211 3064 2284 σώματος
3107 2207 3298 2272 τόπος,
3348 2207 3532 2263 ἐκεῖνο
3585 2210 3744 2264 κενὸν
3791 2209 3884 2262 ὀνι-

496 2301 825 2358 nominant.
873 2302 1137 2355 Vacuum
1187 2315 1441 2372 namque
1468 2299 1663 2357 locum
1712 2319 1950 2376 corpore
1978 2304 2071 2360 ort

2310 2295 2517 2368 έζουσιν
2542 2299 2594 2352 οἱ
2625 2296 2860 2376 φυσικοί.
2910 2297 3082 2353 Τόπον
3115 2299 3218 2374 γὰρ
3261 2296 3634 2373 ἐστερημένον
3670 2300 3885 2371 adipe-.5;

501 2394 632 2446 tum
661 2393 968 2446 noverunt.

2259 2383 2433 2442 οἴδασι
2463 2385 2526 2442 16
2554 2387 2704 2442 κενόν
2717 2431 2730 2446 .

563 2482 619 2533 2.
642 2476 841 2549 Aliqui
869 2476 1049 2549 igitur
1077 2492 1290 2532 nomen
1332 2479 1616 2534 duntaxat
1647 2480 1842 2546 inane,
1873 2481 2138 2552 quodque

2333 2477 2398 2551 β’.
2429 2477 2577 2538 Τινὲς
2639 2476 2732 2550 μὲν
2794 2473 2885 2531 οὖν
2940 2471 3113 2550 ὄνομα
3171 2475 3335 2549 μόνον
3382 2476 3549 2530 κεκόν
3601 2498 3669 2532 τε
3712 2477 3793 2532 καὶ
3820 2478 3883 2530 ἆν-

497 2567 644 2623 nihil
678 2565 776 2633 sit,
807 2581 1060 2621 vacuum
1092 2565 1407 2634 dixerunt;
1457 2567 1636 2639 aliqui
1671 2573 1867 2624 autem
1899 2569 1958 2624 id
1991 2585 2068 2641 qu

2310 2586 2528 2642 ταρκτον
2562 2563 2782 2641 λέγουσι
2829 2565 2893 2620 τὸ
2939 2565 3115 2620 κεκόν·
3144 2565 3284 2627 τινὲς
3315 2562 3376 2620 δὲ
3422 2565 3492 2620 τὸ
3529 2563 3635 2638 ἔξω
3663 2573 3765 2634 τῆς
3791 2587 3885 2639 xu;-

496 2660 660 2712 extra
707 2671 1022 2710 convexam
1071 2654 1247 2727 primi
1295 2660 1352 2710 et
1402 2672 1602 2711 revera
1650 2657 1964 2713 inerrantis
2022 2675 2071 2713 ο(

2308 2661 2359 2723 ἧς
2431 2653 2738 2732 ἐπιφανείας
2814 2658 2913 2709 105
2995 2655 3216 2730 πρώτου
3297 2654 3390 2708 καὶ
3459 2656 3589 2709 κατ’
3666 2655 3883 2725 ἀλήθειιν

498 2744 869 2817 superﬁciem
927 2747 1036 2812 est,
1095 2760 1343 2800 vacuum
1395 2745 1781 2816 pronuntiant
1832 2764 1846 2802 :
1897 2764 2073 2802 vacnu

2309 2741 2530 2806 τλανοῦς
2582 2743 2810 2818 οὐρανοῦ
2861 2745 3012 2798 κενὸν
3061 2741 3472 2820 ἀποφαίνονται’
3529 2745 3688 2799 κενὸν
3739 2747 3884 2816 σώμα-

498 2834 736 2906 quidem
767 2849 1028 2906 corpore,
1060 2849 1176 2888 non
1207 2833 1322 2889 Deo
1356 2850 1368 2888 :
1399 2834 1554 2889 Deus
1604 2835 1760 2890 enim
1793 2840 1983 2891 totum
2018 2854 2073 2892 ιιι

2309 2854 2372 2902 ις,
2404 2832 2466 2888 05
2514 2837 2667 2888 Θεοῦ·
2716 2832 2778 2888 τὸ
2826 2838 2928 2887 πᾶν
2977 2834 3100 2909 γὰρ,
3149 2830 3275 2901 ἤτοι
3316 2833 3410 2886 τὸν
3461 2829 3709 2906 κόσμον,
3739 2835 3884 2888 καὶτὸ

494 2939 752 2989 versum,
821 2923 942 2978 sive
999 2923 1323 2990 mundum,
1391 2927 1449 2978 et
1524 2924 1679 2995 quod
1739 2925 1892 2979 868
1969 2941 2069 2998 sup

2310 2921 2390 2996 τὶρ
2452 2927 2580 2993 πᾶν,
2638 2917 2762 2990 ἤτοι
2818 2922 2881 2974 τὸ
2941 2919 3303 2997 ὑπερκόσμιον
3359 2918 3587 2996 πληροῖ
3649 2924 3680 2977 ὁ
3741 2922 3885 2982 Θεᾷς.

500 3013 841 3068 universum
897 3015 1005 3078 est,
1062 3011 1182 3066 sive
1229 3013 1777 3083 supramundanum
1844 3014 2075 3086 [spatiui

2311 3014 2421 3064 >510
2479 3008 2546 3079 δὴ
2603 3011 2666 3064 τὸ
2725 3009 3086 3086 ὑπερκόσμιον
3142 3007 3336 3088 ἔφασαν
3394 3008 3460 3064 τὸ
3522 3011 3707 3066 κενόν·
3757 3013 3783 3066 δ
3820 3032 3886 3082 μι-

500 3100 726 3173 implet.
778 3101 895 3155 Hoc
942 3099 1125 3172 igitur
1171 3101 1328 3172 quod
1379 3102 1849 3172 supramundum
1897 3107 2008 3169 est,
2048 3120 2075 3158 ν

2309 3119 2415 3153 ,στα
2465 3098 2554 3153 καὶ
2625 3099 2792 3154 τόπον
2865 3095 3016 3161 ἰδίως
3089 3098 3237 3153 εἶπον
3296 3099 3434 3154 εἶναι
3500 3099 3686 3172 μόνου
3742 3105 3884 3156 Θεοῖι·

498 3205 677 3246 cuum
732 3188 1188 3262 pronuntiarunt
1238 3207 1251 3245 :
1303 3190 1460 3261 quod
1509 3191 1762 3246 maxime
1812 3195 1869 3246 et
1915 3208 2073 3263 prop]

2315 3187 2475 3263 ιείρου
2552 3184 2772 3263 ἄπειρον
2801 3234 2816 3260 ,
2890 3186 2981 3242 καί
3061 3187 3351 3261 ἀσωμάτου
3439 3187 3785 3263 ἀσώματον,
3827 3188 3890 3241 ni

498 3278 696 3334 locum
744 3277 928 3334 solius
977 3277 1080 3333 Dei
1128 3294 1258 3334 esse
1304 3278 1623 3346 dixerunt;
1674 3279 1912 3347 infiniti,
1946 3280 2073 3335 inﬁt

1175 3295 1258 3334 588
1304 3278 1576 3334 dixerunt
1609 3303 1623 3346 ;
1674 3279 1912 3347 infiniti,
1946 3280 2144 3335 inﬁni-
2179 3310 2223 3376 Ο
2260 3277 2484 3332 αἱωνίου
2514 3276 2750 3332 αΐώνιον.

494 3372 665 3436 tum;
697 3371 756 3424 et
792 3366 1567 3440 incorporei,incorporeum
1594 3386 1607 3436 ;
1640 3372 1696 3424 et
1725 3368 1946 3438 (sterni,
1980 3374 2151 3426 ister-

495 3474 666 3513 num.

563 3546 618 3599 3.
674 3545 812 3601 Tale
862 3545 1102 3616 quidem
1147 3545 1329 3618 igitur
1356 3545 1402 3580 ²⁹
1430 3545 1487 3600 in
1523 3546 1745 3601 mundo
1773 3563 1888 3601 non
1939 3555 2029 3602 est
2056 3563 2138 3602 va-

2330 3543 2396 3617 γ’.
2428 3546 2685 3597 Τοιοῦτον
2740 3544 2834 3616 μὲν
2885 3540 2976 3597 οὖν
3019 3543 3118 3598 οὐκ
3163 3539 3306 3598 ἔστιν
3362 3543 3416 3599 ἐν
3455 3549 3547 3616 τῷ
3601 3546 3797 3619 κόσμῳ
3832 3567 3899 3598 ιε-

499 3650 700 3690 cuum.
757 3633 1114 3706 Corporibus
1163 3634 1320 3690 enim
1379 3635 1642 3707 cognatis
1691 3635 1939 3691 invicem
1993 3640 2074 3691 tot

2325 3654 2371 3688 ν.
2435 3633 2714 3705 Σωμάτων
2769 3632 2858 3686 καὶ
2916 3633 3024 3708 γᾶρ
3079 3638 3336 3710 συμφυῶν
3394 3631 3694 3705 ἀλλήλοις
3741 3636 3898 3695 ἔπιςό

499 3722 760 3778 mundus
791 3721 1051 3794 repletus
1081 3726 1188 3778 est.
1213 3723 1438 3795 Quippe
1459 3723 1568 3779 hoc
1600 3725 1858 3780 mundus
1889 3729 1977 3780 est
1997 3742 2074 3797 qu

2320 3720 2468 3793 ἓσμος
2515 3718 2896 3796 πεπλήρωται.
2956 3725 3123 3776 Τοῦτο
3174 3722 3275 3797 γὰρ
3335 3723 3364 3776 ὁ
3423 3723 3652 3797 κόσμος
3714 3723 3895 3792 ἐπὶ,τέ

497 3826 567 3865 ex
625 3810 768 3865 cmlo
819 3815 876 3865 et
917 3814 1091 3877 terra,
1146 3814 1203 3865 et
1257 3811 1626 3868 intermediis
1686 3813 1832 3886 igni,
1888 3830 2041 3879 aere,

2361 3808 2595 3884 οὐρανοῦ
2635 3808 2725 3863 καὶ
2773 3811 2874 3884 γῆς
2927 3811 3017 3864 καὶ
3061 3813 3168 3864 τῶν
3213 3809 3264 3865 ἐν
3301 3811 3476 3884 μέσῳ,
3535 3813 3742 3887 πυρὸς,
3779 3813 3898 3885 ἀέξςς

498 3915 676 3970 aqua,
710 3899 1093 3954 constitutum
1127 3904 1184 3954 et
1212 3905 1550 3956 concretum
1579 3907 1689 3967 est,
1721 3908 1778 3958 et
1809 3904 2073 3976 cognatio

2320 3897 2351 3952 ιὶ
2409 3895 2601 3960 ὕδατος
2641 3897 2892 3970 σόστημά
2938 3919 2998 3953 τε
3044 3899 3133 3953 καὶ
3190 3899 3491 3975 σύγκριμα,
3547 3904 3798 3982 συμφυὲς
3834 3901 3895 3953 ι.ιί

501 3987 762 4059 adeoque
812 3987 1119 4043 harmonia
1176 3990 1433 4060 quadam
1484 3990 1800 4046 conﬂatum
1847 4007 1860 4046 :
1913 3992 2076 4062 dignt

2317 3988 2594 4060 ιάρμοστον
2626 4032 2639 4058 ,
2697 3986 2786 4040 καὶ
2869 3984 3012 4058 ἄξιον
3076 3985 3178 4042 ὑπὸ
3234 3988 3492 4044 τοιούτου
3573 3999 3892 4067 παραχθῆνιι

502 4077 658 4149 quod
691 4093 726 4131 a
770 4075 894 4143 tali,
929 4076 1356 4147 omnisapiente
1403 4076 1628 4134 scilicet
1655 4084 1712 4134 et
1759 4081 2077 4153 omnipotei

2317 4076 2541 4154 ινσόφου
2617 4075 2706 4130 καὶ
2782 4074 3195 4151 παντοδυνάμου
3252 4075 3609 4154 δημιουργοῦ
3650 4098 3664 4110 ⁸
3728 4081 3809 4157 ὑφ’
3852 4075 3892 4129 τι]

499 4164 808 4221 Conditore
847 4165 1200 4237 productum
1232 4165 1348 4232 sit;
1382 4183 1416 4220 a
1445 4182 1562 4238 quo
1595 4168 1772 4223 etiam
1817 4186 1881 4224 ex
1913 4187 2074 4241 prors

2318 4167 2365 4220 ὶκ
2389 4169 2487 4220 τοῦ
2521 4162 2792 4238 μηδαμῶς
2841 4161 2996 4229 ὄντος
3043 4164 3276 4221 ἔκτισται
3324 4166 3417 4221 καὶ
3466 4164 3893 4242 διακεκόσμητιι.

500 4253 683 4312 nihilo
713 4254 1022 4310 conditum
1054 4259 1112 4310 et
1134 4255 1194 4309 in
1218 4255 1373 4310 hunc
1404 4254 1867 4325 pulcherrimum
1888 4259 2075 4315 ordine

2144 4277 2156 4316 ι
2263 4255 2420 4310 Κενὸν
2455 4254 2546 4309 οὗν
2577 4255 2714 4309 κατὰ
2738 4254 2830 4310 τὸν
2862 4255 3067 4328 κόσμον
3099 4255 3200 4310 οὐκ
3229 4251 3338 4310 ἔστι
3368 4257 3434 4310 τὸ
3465 4256 3719 4316 οἷονοῦν.

499 4343 796 4417 digestum
841 4349 951 4400 est.
995 4346 1184 4409 Quare
1229 4359 1481 4400 vacuum
1531 4345 1591 4400 in
1647 4347 1866 4403 mundo
1913 4365 2156 4420 prorsus

502 4431 732 4488 nullum
763 4435 875 4488 est.

572 4522 626 4576 4.
661 4521 721 4577 Si
751 4520 908 4577 enim
937 4520 984 4556 ⁸⁹
1014 4518 1206 4576 ullum
1251 4521 1492 4577 omnino
1533 4521 1592 4576 in
1641 4523 1861 4578 mundo
1903 4539 2147 4579 vacuum

2335 4517 2400 4578 δ’.
2433 4519 2494 4575 Εἰ
2539 4519 2641 4597 γὰρ
2688 4521 2755 4591 ἧν
2806 4515 2953 4584 ὅλως
2992 4521 3044 4576 ἐν
3100 4526 3180 4594 τῷ
3227 4520 3424 4595 κόσμῳ
3469 4542 3667 4597 κενον,
3717 4521 3820 4580 οὔτ’
3854 4524 3890 4574 ἓν

504 4614 698 4680 esset;
731 4626 835 4666 nec
865 4608 1066 4681 aliqua
1095 4610 1302 4665 mundi
1346 4611 1604 4682 partium
1634 4610 1787 4666 inter
1815 4627 1877 4667 se
1905 4610 2079 4667 invict

2318 4608 2568 4682 ιμπάθειά
2620 4631 2705 4673 τις
2776 4609 3017 4689 ἐφαίνετο
3091 4615 3197 4665 τῶν
3276 4613 3374 4664 105
3450 4611 3680 4686 κόσμου
3757 4615 3893 4688 μεττὸἰ

505 4699 867 4757 continuatio
944 4698 1396 4770 coniunctioque
1479 4700 1931 4771 conspiceretur,
2007 4701 2080 4756 ha

2318 4699 2403 4774 ρὸς
2458 4697 2701 4770 ἄλληλα,
2736 4698 2936 4770 ταύτην
2993 4703 3090 4754 105
3139 4703 3297 4754 κενοῦ
3350 4696 3776 4765 διακόπτοντος·
3812 4699 3893 4754 οὔτ’

507 4789 789 4845 nimirum
821 4805 1000 4844 vacuo
1048 4789 1436 4856 discindente,
1468 4805 1572 4844 nec
1627 4805 1831 4844 rursus
1861 4789 2082 4845 sensibi

2315 4786 2333 4840 5
2389 4794 2508 4850 ταῖς
2567 4787 2847 4858 αἰσθήσεσι
2893 4787 2982 4842 καὶ
3045 4785 3255 4861 μᾶλλον
3312 4792 3382 4862 τῇ
3445 4789 3643 4864 ὁράσει
3695 4791 3890 4852 τοσαύτη

509 4884 568 4935 et
619 4878 770 4934 visui
825 4878 1094 4947 maxime,
1147 4882 1311 4933 tanta
1358 4877 1554 4948 aliqua
1603 4879 1750 4934 foret
1798 4879 1972 4933 actio.
2015 4879 2084 4942 Οι

2325 4897 2348 4937 ς
2396 4879 2461 4944 ἦν
2509 4879 2545 4946 ἡ
2600 4875 2858 4953 ἐνέργεια.
2901 4881 3024 4938 Πῶς
3070 4878 3170 4952 γὰρ
3209 4879 3275 4946 ἦν
3323 4875 3555 4934 δυνατὸν
3609 4880 3892 4954 ἐξικνεῖσθαι

509 4969 684 5023 modo
715 4966 870 5023 enim
901 4967 1024 5022 fieri
1056 4972 1272 5038 posset,
1307 4971 1373 5022 ut
1400 4967 1562 5022 visus
1615 4969 1687 5022 ad
1719 4969 2084 5023 ﬁrmamentu

2316 4967 2366 5034 ‘qv
2425 4960 2545 5040 ὄψιν
2612 4965 2776 5041 μέχρι
2828 4970 2925 5020 105
2983 4967 3352 5041 στερεώματος
3389 5013 3403 5038 ,
3468 4970 3549 5042 μὴ
3610 4975 3712 5025 105
3775 4969 3891 5042 iis-3:

508 5073 696 5128 usque
743 5055 1112 5128 pertingeret,
1145 5055 1260 5112 nisi
1307 5072 1407 5111 aer
1435 5055 1548 5111 sibi
1580 5072 1684 5128 per
1731 5057 1930 5112 omnia
1977 5073 2083 5112 con

2318 5075 2423 5116 ντος
2460 5052 2650 5109 διόλου
2691 5059 2952 5130 συνεχοῦς
3005 5056 3176 5127 ἑαυτῷ
3221 5055 3311 5110 καὶ
3352 5057 3655 5132 ἡνωμένου
3713 5064 3784 5129 τῷ
3827 5059 3893 5109 5f.-

504 5161 683 5213 nuus,
735 5149 792 5201 et
839 5144 1209 5200 succensioni
1259 5145 1413 5199 369
1473 5160 1693 5216 perque
1750 5143 1902 5199 hanc
1959 5144 2079 5200 aathl

2317 5142 2592 5216 ικαόματι,
2649 5144 2738 5197 καὶ
2799 5140 2867 5197 δι’
2926 5142 3088 5198 αὐτοὺ
3143 5148 3222 5216 τῷ
3279 5143 3454 5221 αἰθέρι
3491 5195 3506 5222 ,
3568 5149 3713 5204 κατὰ
3764 5168 3892 5217 συμ-

501 5232 828 5288 indistante
878 5233 1185 5288 coalitione
1242 5233 1446 5289 unitus
1503 5233 1720 5290 esset?
1777 5234 1836 5289 Si
1889 5234 2047 5289 enim

2313 5230 2426 5286 οἷαν
2467 5230 2785 5287 ἀδιάστατον
2816 5251 2829 5302 ;
2862 5234 3060 5288 Ὄντων
3114 5233 3215 5310 γὰρ
3275 5233 3328 5288 ἐν
3386 5239 3470 5309 τῷ
3517 5239 3717 5311 μεταξύ
3763 5254 3888 5291 tum

501 5321 694 5378 medio
767 5321 1086 5377 vacuitates
1143 5323 1411 5394 quaedam
1479 5328 1699 5392 essent,
1767 5340 1979 5378 sensus
2049 5340 2076 5378 u

2314 5321 2594 5395 ενωμάτων
2629 5369 2646 5394 ,
2707 5318 2876 5396 ἤγουν
2937 5321 2997 5376 ἂν
3054 5323 3110 5376 αἱ
3167 5323 3449 5395 αἱσθήσεις
3503 5329 3889 5404 κατεναρκοῦντδ

499 5427 616 5484 que
675 5413 1094 5482 torpescerent,
1157 5411 1312 5483 quod
1365 5427 1400 5466 a
1452 5411 1847 5468 vacuitatibus
1907 5412 2074 5484 impel

1580 5411 1847 5468 litatibus
1907 5411 2154 5484 impedi-
2267 5407 2691 5484 ἐμποδιζόμεναι
2719 5415 2838 5472 τοῖς
2867 5411 3155 5484 κενώμασι.

502 5503 729 5558 rentur.

581 5683 624 5716 ²⁸
655 5698 707 5736 1v
737 5679 908 5763 Pnys.
941 5695 992 5763 ο.
1021 5679 1217 5763 5,].Μ
1240 5679 1286 5714 ²⁹
1309 5678 1488 5763 Arist.
1513 5697 1571 5735 ιν
1600 5679 1772 5763 Ρῇγέ
1804 5682 1863 5763 8,_
1889 5681 1925 5735 9
1962 5699 1975 5750 ;
2009 5681 2176 5763 ϐαι-ς.
2200 5679 2355 5763 liba!
2384 5681 2465 5740 De
2495 5680 2696 5738 subtil.
2727 5698 2784 5754 p.
2814 5681 2870 5738 9.
2901 5680 3108 5755 Scalig.
3139 5681 3342 5740 Exerc.
3371 5685 3435 5759 5,
3470 5705 3523 5746 s.
3559 5691 3613 5763 1,
3639 5689 3676 5745 2
3698 5706 3711 5759 ;
3733 5685 3887 5743 Arist.

506 5757 589 5815 De
618 5749 840 5812 mundo
870 5768 922 5808 c.
951 5754 1007 5808 2.
1064 5749 1129 5788 ⁷³⁰
1157 5749 1375 5809 Cleom.
1409 5750 1449 5806 Ι.
1482 5769 1524 5820 ι,
1553 5768 1604 5808 c.
1639 5749 1705 5820 1ξ
1736 5752 1887 5809 Scal.
1917 5768 2103 5809 exere.
2131 5753 2187 5823 5,
2213 5769 2264 5810 s.
2293 5753 2348 5810 6.
