3988 6456
148 448 176 510 1
188 449 305 512 301

1474 441 1823 508 EPITOME
1867 441 2232 508 PHYSICA.

3390 444 3550 507 4302
3614 536 3615 539 γ

222 581 280 639 ε’.
329 578 407 637 Τά
449 599 510 635 τε
555 577 886 653 στενόστομα
930 581 1040 633 τῶν
1090 579 1291 633 σκευῶν
1363 576 1765 654 περιτρεπόμεν‹

1975 580 2029 634 5.
2063 579 2131 633 Et
2156 596 2297 637 vasa
2334 577 2570 653 augusti
2621 575 2846 648 oriﬁcii,
2898 576 3041 634 dum
3087 575 3149 634 in
3207 575 3376 651 aquis
3407 594 3544 634 con-

142 667 198 724 ἐν
259 674 378 731 τοῖς
434 666 618 724 ὕδασιν
676 667 968 726 ἐπίπλαντο
1025 668 1258 739 πάντως,
1316 667 1794 744 παρεμπίπτοντος

143 754 238 813 διὰ
282 761 390 814 τῶν
440 755 768 832 κενωμάτων
816 761 914 812 τοῦ
961 753 1185 819 ὕδατος.
1237 760 1342 810 Νῦν
1389 753 1434 811 δ’
1483 755 1544 810 ού
1589 755 1793 830 γίνεται

137 851 328 921 τοῦτο,
375 844 466 902 διὰ
507 849 572 903 τὸ
627 847 759 903 εἶναι
804 850 973 901 ταῦτα
1017 843 1208 922 πλήρη
1259 845 1412 918 ἀέρος
1464 846 1554 900 καὶ
1601 849 1789 899 τοῦτον

140 931 482 1006 ἐκϐληθῆναι
536 937 613 1010 μή
662 933 938 1008 δύνασθαι,
987 938 1093 990 τῶν
1145 933 1426 1008 πομάτων
1474 933 1646 988 αὐτῶν
1694 954 1787 988 πε-

137 1025 485 1102 ριεχομένων
517 1025 620 1080 ὑπὸ
647 1029 746 1080 τοῦ
775 1021 988 1087 ὕδατος.

213 1115 275 1184 ζ’.
330 1113 467 1169 ’Δπὸ
527 1110 585 1168 δὲ
637 1119 739 1182 τῆς
785 1110 1094 1187 κλεψύδρας
1146 1112 1516 1188 ἐναργέστερον
1581 1131 1786 1186 μαρτυ-

133 1207 312 1278 ρεῖται
366 1203 442 1276 μὴ
489 1203 625 1258 κατὰ
670 1201 874 1275 κόσμον
927 1201 1060 1256 εἶναί
1104 1222 1156 1256 τι
1203 1201 1394 1256 κενόν.
1446 1201 1596 1254 Ἔστι
1647 1197 1693 1253 δ’
1747 1202 1783 1269 ἡ

129 1289 417 1368 κλεψύδρα
463 1296 649 1353 σκεῦος
695 1287 1004 1365 κωνοειδὲς,
1043 1295 1259 1367 μικραῖς
1306 1309 1442 1343 τισιν
1478 1289 1636 1350 ὀπαῖς
1683 1290 1780 1358 τὴν

136 1379 291 1457 βάσιν
337 1377 465 1458 ἕχον
523 1378 827 1456 διάτρητον·
899 1379 960 1434 τὸ
1020 1377 1077 1434 δὲ
1139 1379 1360 1452 στόμιον
1420 1377 1779 1450 ἐστενωμένον

1251 1472 1422 1522 Τοῦτο
1477 1467 1540 1522 τὸ
1598 1471 1782 1528 σκεῦος

129 1471 250 1525 κατ’
296 1469 464 1539 αὐτὴν
518 1471 678 1547 φέρον
746 1470 846 1539 τήν
903 1470 1146 1546 κορυφήν
1181 1513 1194 1525 .

129 1557 516 1635 πληρούμενον
563 1555 756 1620 ὕδατος
809 1560 899 1612 καὶ
961 1557 1418 1633 μετεωριζόμενον
1477 1556 1781 1628 ἐπιπωμα-

127 1649 418 1720 τιζομένου
464 1651 563 1701 τοῦ
607 1645 841 1720 στομίου
890 1645 979 1701 διὰ
1024 1650 1120 1700 τοῦ
1168 1645 1491 1721 ἆντίχειρος,
1524 1645 1558 1714 ἢ
1593 1642 1778 1707 ἄλλως

126 1757 244 1799 πως
301 1734 561 1812 ἀσφαλῶς
595 1782 609 1807 ,
653 1735 790 1791 ὥστε
868 1737 944 1810 μὴ
1006 1733 1151 1811 ἔχειν
1211 1734 1438 1790 ἐντεῦθεν
1495 1734 1586 1789 τὸν
1648 1734 1777 1807 ἀέρα

124 1823 492 1901 παρείσδυσιν,
543 1824 718 1898 στέγει
766 1823 830 1879 τὸ
877 1822 1045 1900 ὕδωρ,
1097 1822 1180 1878 ὅτι
1233 1822 1361 1898 μηδ’
1407 1824 1466 1879 ἐκ
1500 1827 1607 1878 τῶν
1639 1825 1774 1878 κατά

1907 673 2234 741 vertuntur,
2281 669 2668 742 implerentur
2726 668 2929 740 utique
2982 668 3390 725 subincidente
3436 684 3542 740 per

1901 758 2218 815 vacuitates
2270 776 2441 832 aqua.
2499 759 2630 815 Jam
2685 763 2882 814 autem
2938 758 3048 814 hoc
3095 775 3211 814 non
3261 757 3346 825 ﬁt,
3405 775 3540 830 pro-

1902 851 2100 919 pterea
2164 849 2318 920 quod
2384 847 2504 903 haec
2575 847 2724 903 aeris
2768 847 2941 918 plena
3000 851 3156 915 sunt,
3206 847 3373 919 isque
3421 865 3537 903 non

1899 938 2086 1008 possit
2127 937 2257 1009 ejici
2308 954 2321 992 :
2371 938 2526 1010 quod
2572 937 2702 1008 ipsa
2761 937 2983 992 oriﬁcia
3029 937 3101 993 ab
3151 953 3304 1009 aqua
3349 937 3534 994 conti-

1896 1030 2162 1082 neantur.

1965 1117 2024 1173 6.
2064 1116 2223 1172 Idem
2264 1115 2589 1172 evidentius
2638 1118 2886 1172 testatur
2933 1115 3239 1187 clepsydra
3280 1116 3345 1183 δι,
3377 1118 3532 1188 quod

1895 1221 2142 1260 vacuum
2171 1204 2229 1259 in
2265 1205 2485 1260 mundo
2517 1221 2629 1260 non
2653 1204 2745 1262 sit.
2771 1205 2870 1261 Est
2889 1210 3084 1260 autem
3115 1204 3418 1278 clepsydra
3431 1223 3532 1262 vas

1895 1293 2164 1350 conoides
2187 1310 2288 1349 seu
2309 1293 2695 1363 turbinatum,
2727 1295 2882 1366 quod
2914 1293 3138 1365 exiguis
3175 1292 3528 1365 quibusdam

1892 1382 2282 1438 foraminibus
2313 1383 2661 1454 perforatam
2693 1384 2860 1438 basin
2890 1383 3087 1450 habet,
3112 1383 3212 1438 sed
3238 1383 3525 1440 oriﬁcium

1892 1472 1962 1526 ad
2011 1471 2206 1543 ipsum
2260 1471 2482 1527 obtinet
2527 1471 2820 1527 verticem.
2899 1472 3016 1527 Hoc
3060 1489 3162 1528 vas
3202 1488 3337 1528 cum
3374 1489 3527 1544 aqua

1889 1559 2167 1631 impletur
2191 1564 2248 1615 et
2277 1560 2678 1632 suspenditur,
2712 1563 2778 1615 ut
2823 1560 3108 1616 oriﬁcium
3157 1559 3384 1632 pollice,
3422 1559 3530 1616 aut

1888 1648 2003 1704 alio
2033 1650 2420 1720 quoammodo
2458 1636 2817 1705 sufficienter
2863 1650 3220 1717 obstruatur,
3279 1667 3393 1722 quo
3425 1668 3523 1707 aer

1885 1755 1988 1810 per
2007 1738 2064 1793 id
2098 1738 2435 1810 subingredi
2466 1755 2581 1794 non
2611 1738 2817 1809 possit,
2850 1754 3084 1794 omnem
3140 1755 3354 1810 aquam
3387 1757 3516 1796 sus-

1885 1827 2050 1894 tinet,
2084 1827 2223 1899 quia
2250 1843 2356 1883 nec
2384 1844 2453 1883 ex
2481 1827 2771 1883 universis
2817 1825 2877 1881 in
2925 1828 3066 1883 base
3098 1827 3389 1884 meatibus
3420 1845 3519 1884 aer

121 1915 222 1984 τήν
259 1913 410 1991 βάσιν
452 1913 638 1989 πόρων
688 1911 832 1969 ὅλων
881 1910 1095 1968 δύναται
1142 1911 1489 1988 παρεισδῦναί
1533 1934 1617 1976 τις
1666 1913 1765 1990 ἂήρ

1881 1915 2095 1989 aliquis
2125 1916 2462 1990 subingredi
2496 1919 2687 1988 potest
2712 1932 2845 1971 cum
2876 1932 3040 1987 aquae
3089 1932 3329 1987 corpore
3368 1934 3516 1989 prae-

119 1999 688 2080 προκαταληφθέντων
757 2005 837 2074 τῷ
917 2005 1016 2056 τοῦ
1095 1998 1284 2063 ὕδατος
1359 2002 1620 2073 σώματι,
1676 2001 1766 2056 καὶ

123 2091 291 2148 οῖονεῖ
341 2089 760 2168 ἆποφραγέντων
808 2090 898 2144 καὶ
944 2091 1044 2160 τήν
1096 2086 1332 2160 διέξοδον
1384 2087 1708 2144 ἀποκλεισάν
1740 2122 1765 2132 -

119 2201 228 2235 των
279 2184 360 2253 τῷ
411 2178 704 2252 πνεύματι.
754 2178 910 2233 Μένει
955 2183 1244 2253 τοιγαροῦν
1292 2179 1355 2232 τὸ
1403 2175 1549 2253 ὕδωρ
1599 2176 1761 2250 ἐντὸς,

124 2267 214 2324 διὰ
265 2269 328 2323 τὸ
391 2270 466 2342 μὴ
520 2268 810 2344 πεφυκέναι
861 2268 999 2322 κατά
1053 2266 1254 2340 κόσμον
1315 2265 1596 2342 εὑρεθῆναί
1654 2289 1763 2322 που

123 2358 276 2413 κεκὸν
323 2355 462 2430 μηδὲ
505 2357 644 2432 πρὸς
707 2355 906 2432 βραχύ.
965 2355 1362 2432 Καταρῥέοντος
1409 2357 1510 2432 γὰρ
1561 2355 1618 2410 ἂν
1666 2361 1762 2410 τοῦ

123 2445 314 2509 ὕδατος
361 2447 449 2501 καὶ
494 2446 588 2508 τὰς
636 2445 687 2500 έν
743 2449 812 2519 τῇ
863 2446 1012 2521 βάσει
1061 2449 1156 2499 τοῦ
1205 2443 1404 2522 ἅγγους
1471 2445 1605 2508 ὀπὰς
1665 2445 1764 2500 οὐκ

124 2534 599 2608 ἆπολιμπάνοντος
650 2538 720 2607 τῇ
769 2554 1020 2611 συνεχειᾳ
1065 2541 1164 2604 τῆς
1216 2533 1467 2610 ῥεύσεως,
1501 2533 1599 2589 ούκ
1646 2535 1761 2610 εἶχέ

121 2626 281 2679 ποθεν
312 2623 340 2678 ὀ
370 2623 475 2700 ἀὴρ
524 2620 780 2692 εἰσδῦναι,
827 2622 917 2677 καὶ
961 2623 1060 2692 τὴν
1114 2623 1300 2699 χώραν
1347 2621 1554 2692 ἐκείνην
1594 2643 1760 2678 κατα-

123 2707 329 2785 λαϐεῖν,
368 2713 435 2782 ἢν
484 2711 824 2788 προκατέχον
869 2711 932 2766 τὸ
982 2710 1275 2788 καταρρέον
1329 2709 1476 2788 ὕδωρ
1509 2710 1756 2769 ἀπέλιπε.

118 2801 208 2856 καὶ
262 2801 328 2871 ἦν
387 2799 448 2856 ἂν
501 2800 552 2873 ἐξ
600 2800 838 2876 ἀνάγκης
886 2799 1033 2862 ἐντὸς
1079 2804 1174 2855 τοῦ
1222 2801 1421 2876 ἄγγους
1465 2821 1550 2862 τις
1592 2799 1758 2863 τόπος

118 2889 290 2952 κενός.
322 2891 441 2944 Ὅτι
473 2885 520 2943 δ’
563 2887 625 2943 ού
669 2888 874 2966 πέφυκε
913 2892 1096 2960 τοῦτο,
1151 2888 1295 2961 μένει
1340 2888 1404 2943 τὸ
1451 2886 1598 2964 ὕδωρ
1629 2886 1757 2944 ὅλον

117 2977 409 3052 ἆμείωτον.
459 2978 622 3032 Ἐπᾶν
675 2973 720 3030 δ’
771 2976 831 3032 ἐκ
855 2981 953 3031 τοῦ
999 2975 1228 3050 στομίου
1276 2971 1416 3051 λάϐῃ
1461 2978 1582 3030 τινὰ
1619 2996 1761 3052 παρ-

119 3065 348 3123 είσδυσιν
396 3066 425 3121 ὁ
478 3067 605 3141 ἀὴρ,
653 3065 778 3120 τότε
821 3064 1079 3142 καταῤῥεῖ
1121 3070 1380 3121 τοσοῦτον
1437 3070 1535 3120 τοῦ
1566 3063 1759 3128 ὕδατος

116 3155 238 3213 ὅσον
284 3159 382 3210 τοῦ
433 3155 591 3230 ἀέρος
637 3154 959 3230 εἰσέρχεται·
1020 3155 1109 3209 καὶ
1163 3159 1258 3209 τοῦ
1314 3155 1538 3228 στομίου
1595 3154 1757 3210 πάλιν

119 3243 511 3324 φραττομένου,
572 3240 974 3318 διακοπτομένη
1035 3243 1272 3318 παρευθὺ
1322 3249 1419 3298 τοῦ
1477 3241 1668 3306 ὕδατος
1724 3246 1758 3313 ἡ

117 3331 467 3410 κατάῤῥευσις
523 3329 747 3387 παύεται
782 3350 796 3364 ’
855 3331 946 3386 καὶ
1025 3331 1172 3406 μένει
1246 3332 1308 3388 τὸ
1366 3336 1463 3386 τοῦ
1519 3329 1710 3395 ὕδατος
1746 3379 1762 3403 ,

116 3419 496 3500 ἐναπολειφθὲν
552 3425 622 3494 τῇ
681 3418 1004 3498 κλεψύδρα,
1067 3421 1204 3476 καθά
1273 3422 1335 3477 τὸ
1412 3420 1540 3476 ὅλον
1613 3419 1760 3498 ὕδωρ

113 3509 270 3584 ἔμενε
324 3509 612 3587 πρότερον.
673 3511 911 3586 Φατερὸν
971 3507 1063 3566 οὖν
1116 3511 1192 3573 ὡς
1252 3509 1350 3566 οὐκ
1395 3508 1538 3567 ἔστιν
1590 3510 1641 3566 έν
1683 3515 1762 3584 τῷ

112 3598 315 3673 κόσμῳ
341 3620 397 3653 τι
418 3597 588 3654 κενόν.

188 3692 245 3757 ζ’.
275 3687 418 3760 Ἐξω
471 3683 530 3742 δὲ
576 3691 674 3742 τοῦ
721 3686 939 3760 κόσμου
975 3688 1036 3743 τὸ
1094 3692 1342 3744 τοιοῦτον
1410 3689 1561 3744 κενὸν
1623 3690 1759 3744 ὑπο-

113 3781 310 3832 νοεῖται
361 3773 566 3846 διήκειν
619 3775 695 3838 εἷς
742 3771 980 3851 ἄπειρον.
1033 3777 1180 3831 Ἐπεὶ
1228 3778 1331 3852 γὰρ
1383 3783 1486 3832 πᾶν
1545 3779 1608 3832 τὸ
1662 3799 1757 3832 πε-

114 3864 431 3942 ριεχόμενον
475 3863 644 3942 ἑτέρῳ
694 3864 802 3919 τινὶ
856 3865 1210 3942 περιέχεται,
1269 3867 1448 3931 καθὼς
1507 3866 1594 3921 ἐπὶ
1649 3871 1757 3921 τῶν

115 3957 351 4029 μερικῶν
411 3955 679 4028 σωμάτων
759 3952 1062 4032 έκφαίνεται
1118 3956 1208 4028 (τὰ
1266 3957 1360 4028 μὲν
1422 3957 1525 4031 γὰρ
1583 3957 1757 4011 αὐτῶν

113 4042 253 4119 ἀέρι,
309 4042 376 4097 τά
434 4040 480 4098 δ’
537 4041 712 4114 ὕδατι,
761 4043 830 4098 τὰ
889 4040 936 4097 δ’
1003 4040 1162 4114 ἄλλῳ
1217 4044 1325 4097 τινὶ
1374 4045 1756 4120 περιέχεται),

113 4131 207 4187 καὶ
264 4131 293 4186 ὁ
346 4125 555 4204 κόσμος
609 4132 827 4193 πάντως
881 4129 1286 4207 πεπερασμένος
1354 4133 1610 4208 ὑπάρχων
1675 4133 1761 4210 ὑφ’

115 4221 300 4296 ἑτέρου
328 4221 471 4282 τινὸς
502 4219 562 4274 ἃν
591 4220 929 4296 περιέχοιτο.
980 4223 1153 4292 Σῶμα
1201 4217 1247 4274 δ’
1293 4220 1392 4275 ούκ
1439 4217 1576 4275 ἔστιν
1611 4221 1760 4283 ἐκτὸς

111 4314 212 4364 τοῦ
256 4307 486 4382 κόσμου.
535 4309 635 4364 Καὶ
674 4310 779 4385 γὰρ
829 4304 989 4370 οὗτός
1039 4308 1180 4364 ἐστιν
1224 4312 1260 4379 ἡ
1311 4307 1584 4383 σύλληψις
1628 4331 1759 4365 παν-

112 4399 208 4460 τὸς
237 4398 488 4471 σώματος
532 4397 622 4453 καὶ
673 4389 971 4472 περίληψις
1019 4399 1130 4460 καὶ,
1183 4400 1296 4452 οἷον
1327 4397 1517 4468 εἷπεῖν,
1559 4397 1760 4468 ὁλότης

112 4487 423 4561 σωματική.
472 4491 769 4562 Τοιγαροῦν
819 4485 1107 4561 ἀσώματον
1153 4485 1297 4542 ἐσται
1334 4487 1398 4542 τὸ
1425 4488 1517 4542 τὸν
1553 4487 1760 4560 κόσμον

110 4576 390 4652 περιέχον.
450 4574 516 4631 Εἰ
561 4576 663 4652 γὰρ
713 4579 875 4649 σῶμα
923 4574 1014 4630 καὶ
1060 4579 1242 4648 τοῦτο,
1291 4575 1759 4654 περιληφθήσεται

1879 2005 2164 2078 occupati,
2197 2009 2253 2062 et
2269 2005 2429 2062 velut
2459 2005 2712 2061 obturati
2751 2005 2890 2072 sint,
2923 2004 3273 2077 spirituique
3303 2006 3516 2061 transi-

1873 2099 2001 2150 tum
2031 2095 2398 2151 occluserint.
2432 2095 2628 2150 Manet
2657 2109 2792 2166 ergo
2841 2110 2995 2164 aqua
3035 2093 3196 2149 intus
3241 2094 3379 2165 quia
3413 2111 3514 2150 va-

1874 2201 2050 2240 cuum
2083 2184 2142 2238 in
2187 2185 2405 2240 mundo
2455 2183 2686 2239 nullum
2738 2183 2972 2254 uspiam
3023 2181 3111 2238 vel
3146 2182 3513 2239 brevissimo

1871 2277 2132 2345 tempore
2192 2273 2499 2345 reperitur.
2555 2273 2616 2328 Si
2681 2272 2839 2328 enim
2909 2272 3188 2328 deﬂueret
3250 2289 3406 2344 aqua
3453 2277 3512 2328 et

1873 2362 2160 2418 foramina
2188 2361 2250 2416 in
2279 2362 2419 2417 base
2447 2361 2603 2416 vasis
2640 2359 3024 2416 continuitate
3049 2361 3323 2416 ﬂuxionis
3352 2363 3508 2417 370

1870 2468 1986 2506 non
2018 2449 2390 2520 relinqueret,
2424 2449 2583 2505 haud
2615 2453 2814 2520 posset
2862 2448 3130 2504 alicunde
3159 2465 3258 2506 aer
3281 2450 3506 2522 ingredi

1869 2545 1926 2596 et
1955 2538 2210 2610 spatium
2243 2537 2385 2594 illud
2417 2554 2699 2610 occupare
2729 2538 2884 2609 quod
2916 2554 3072 2608 aqua
3119 2537 3218 2593 illa
3246 2539 3506 2595 deﬂuens

1869 2628 2034 2701 prius
2077 2627 2346 2694 obtinuit,
2398 2630 2454 2682 et
2485 2629 2610 2698 jam
2661 2625 2963 2681 deseruit:
2998 2626 3195 2697 sicque
3239 2643 3506 2684 necessa-

1869 2717 1954 2772 rio
1984 2716 2138 2772 intra
2161 2733 2264 2771 vas
2295 2715 2511 2787 aliquis
2545 2715 2706 2770 locus
2734 2731 2954 2770 vacuus
2987 2715 3151 2771 foret.
3183 2715 3346 2780 Quod
3377 2717 3508 2788 qui-

1870 2806 2002 2861 dem
2033 2804 2170 2876 quia
2200 2804 2323 2860 ﬁeri
2369 2821 2484 2860 non
2506 2807 2714 2876 potest,
2755 2803 3026 2858 universa
3073 2819 3227 2874 aqua
3255 2804 3510 2860 diminu-

1868 2893 2047 2949 tionis
2075 2908 2281 2964 expers
2321 2896 2536 2947 manet.
2581 2891 2768 2947 Simul
2816 2908 2884 2946 ac
2931 2895 3127 2947 autem
3175 2908 3245 2947 ex
3289 2892 3510 2948 oriﬁcio

1868 2999 1966 3038 aer
1991 2981 2196 3053 incipit
2223 2981 2584 3054 subingredi,
2616 2985 2754 3035 tunc
2807 2983 3037 3036 tantum
3084 2997 3248 3053 aqua
3304 2981 3509 3052 deluit,

1871 3075 2158 3143 quantum
2207 3070 2358 3126 aeris
2405 3069 2734 3142 ingreditur
2783 3088 2800 3124 :
2850 3073 2908 3124 et
2975 3085 3181 3125 rursus
3225 3086 3359 3126 cum
3409 3071 3514 3126 ob-

1871 3159 2138 3230 struitur,
2213 3159 2395 3214 incisa
2458 3157 2724 3230 protinus
2791 3174 2954 3229 aquae
3022 3158 3199 3214 ﬂuxio
3279 3156 3513 3230 desinit,

1876 3251 2188 3318 manetque
2238 3247 2394 3318 quod
2447 3247 2519 3301 de
2574 3263 2728 3318 aqua
2771 3245 2831 3300 in
2891 3245 3194 3319 clepsydra
3245 3246 3511 3304 relictum

1877 3339 1986 3401 est,
2038 3335 2533 3407 quemadmodum
2585 3335 2751 3407 prius
2797 3333 3066 3390 universa
3113 3352 3263 3407 aqua
3311 3353 3509 3392 mane-

1870 3426 1990 3481 bat.
2022 3424 2397 3481 Manifestum
2430 3423 2725 3496 estigitur
2753 3439 3001 3478 vacuum
3050 3425 3109 3479 in
3139 3425 3360 3480 mundo
3393 3441 3508 3482 non

1872 3530 2020 3570 8886.

1941 3693 1995 3747 7.
2024 3694 2194 3747 Extra
2236 3691 2526 3747 mundum
2573 3694 2769 3746 autem
2815 3691 3106 3762 ejusmodi
3153 3706 3406 3747 vacuum
3447 3691 3508 3747 in

1871 3781 2171 3836 inﬁnitum
2229 3786 2532 3851 penetrare
2600 3780 2947 3852 concipitur.
3009 3779 3296 3845 Quoniam
3350 3780 3509 3837 enim

1871 3885 2043 3926 omne
2075 3870 2230 3940 quod
2263 3868 2616 3937 continetur,
2647 3869 2720 3924 ab
2760 3869 2874 3924 alio
2931 3868 3129 3942 aliquo
3159 3869 3510 3940 continetur,

1874 3958 2372 4031 quemadmodum
2403 3957 2462 4013 in
2498 3957 2948 4029 particularibus
2969 3957 3309 4030 corporibus
3339 3975 3512 4030 appa-

1870 4052 1959 4103 ret
1983 4047 2210 4119 (eorum
2242 4047 2456 4119 quippe
2486 4046 2600 4102 alia
2630 4063 2778 4115 aere,
2813 4047 2928 4103 alia
2957 4064 3130 4120 aqua,
3170 4047 3285 4102 alia
3314 4047 3510 4120 aliquo

1871 4137 1985 4192 alio
2014 4135 2404 4206 continentur)
2443 4152 2456 4190 :
2485 4137 2747 4191 mundus
2788 4136 2964 4191 etiam
2995 4152 3128 4191 cum
3159 4135 3512 4192 terminatus

1871 4224 1966 4297 sit,
1999 4225 2071 4280 ab
2121 4225 2233 4280 alio
2282 4224 2475 4296 aliquo
2524 4224 2935 4280 continebitur.
2983 4223 3158 4296 Atqui
3204 4224 3250 4258 3’
3297 4240 3511 4296 corpus

1871 4318 2035 4370 extra
2068 4313 2358 4368 mundum
2390 4330 2505 4368 non
2539 4317 2644 4369 est.
2678 4313 2782 4368 Hic
2813 4313 2967 4368 enim
3000 4317 3090 4368 est
3131 4311 3508 4384 comprehen-

1871 4403 1958 4459 sio
1989 4406 2046 4457 et
2084 4401 2425 4474 complexio,
2451 4407 2525 4457 et
2572 4401 3025 4472 consummatio,
3057 4406 3123 4456 ut
3166 4401 3248 4456 ita
3293 4401 3508 4470 dicam,

1869 4491 2134 4547 omnium
2165 4506 2496 4562 corporum.
2549 4493 2908 4562 Quapropter
2962 4490 3368 4562 incorporeum
3398 4488 3509 4545 erit

1869 4579 1928 4634 id
1959 4579 2114 4651 quod
2148 4579 2436 4634 mundum
2461 4579 2738 4634 continet.
2775 4578 2836 4634 Si
2866 4579 3022 4634 enim
3053 4582 3109 4635 et
3137 4578 3246 4634 hoc
3294 4593 3507 4650 corpus

110 4664 328 4726 πάντως
389 4664 476 4719 ὑπ’
533 4661 710 4720 ἄλλου
766 4661 932 4725 τινός.
994 4667 1170 4737 Σῶμα
1223 4665 1327 4740 γὰρ
1386 4665 1605 4740 ἄπειρον
1664 4664 1764 4720 οὐκ

1880 4669 1965 4740 sit,
1998 4670 2146 4724 371
2185 4668 2256 4722 ab
2274 4666 2385 4723 alio
2409 4667 2610 4739 utique
2639 4667 3191 4740 comprehendetur;
3209 4666 3504 4722 infinitum

113 4751 254 4809 ἔστιν
283 4750 587 4823 ἐπινοῆσαι.
639 4752 835 4828 Διόπερ
883 4751 1189 4827 ἀναγκαίως
1241 4753 1526 4827 ἀσώματον
1571 4753 1629 4808 ἂν
1672 4750 1753 4824 ait!)

113 4843 180 4897 τὸ
234 4841 488 4917 περιέχον
542 4839 784 4917 ἐσχάτως
824 4842 924 4910 τήν
977 4841 1259 4916 σύμπασαν
1317 4842 1600 4918 ἐγκόσμιον
1651 4843 1758 4920 σύ-

115 4949 323 4987 στασιν.
379 4929 469 4992 Ὠς
528 4925 574 4983 δ’
623 4927 870 4984 ἁπάντων
918 4922 1166 5004 ἔσχατον,
1215 4927 1361 4984 ἔσται
1409 4926 1466 4984 δὲ
1514 4930 1756 5005 ἄπειρον.

114 5019 224 5088 Τήν
274 5018 503 5088 ὑπάτην
551 5015 642 5072 οὖν
687 5021 792 5072 τῶν
848 5011 1016 5072 ὅντων
1073 5018 1342 5093 περιοχὴν
1389 5018 1490 5086 τὴν
1536 5017 1757 5090 ἀσώμα-

113 5105 208 5163 τόν
237 5127 298 5161 τε
343 5105 434 5162 καὶ
463 5107 683 5182 ἄπειρον
713 5102 865 5160 κενὸν
919 5103 1298 5177 ὀνομάζουσιν·
1341 5104 1416 5168 ὡς
1471 5107 1602 5179 μήτι
1649 5109 1756 5159 τῶν

113 5193 384 5269 σωμάτων
414 5191 642 5271 ἔχουσαν
672 5191 818 5258 ὅλως
850 5193 902 5249 έν
930 5194 1114 5268 ἑαυτῇ.

1870 4757 2026 4814 enim
2075 4774 2288 4829 corpus
2336 4756 2590 4828 cogitare
2643 4773 2757 4812 non
2806 4756 2960 4811 licet.
3003 4756 3361 4827 Quapropter
3405 4772 3505 4810 ne-

1867 4845 2120 4903 cessario
2149 4845 2554 4916 incorporeum
2587 4845 2715 4912 erit,
2747 4845 2807 4900 id
2855 4845 3008 4916 quod
3064 4847 3317 4900 extreme
3371 4844 3504 4899 uni-

1868 4952 2103 4992 versum
2152 4935 2212 4990 in
2273 4935 2492 4990 mundo
2559 4951 2708 5006 opus
2773 4933 3048 4989 continet.
3116 4934 3262 5000 Quia
3308 4937 3506 4990 autem

1871 5024 2136 5079 omnium
2169 5027 2515 5092 extremum,
2550 5023 2726 5078 etiam
2768 5022 3068 5078 inﬁnitum
3125 5022 3255 5078 erit.
3307 5022 3507 5079 Extre-

1873 5129 2032 5168 mam
2064 5112 2306 5184 proinde
2335 5111 2913 5183 comprehensionem
2943 5128 3146 5168 eorum
3193 5128 3321 5183 qua
3351 5115 3511 5184 sunt,

1873 5218 2009 5258 cum
2039 5201 2463 5273 incorpoream,
2502 5203 2628 5256 tum
2670 5200 2983 5272 inﬁnitam,
3041 5217 3292 5257 vacuum
3323 5200 3512 5258 nomi-

1876 5293 2040 5361 nant,
2073 5292 2139 5344 ut
2165 5306 2293 5360 quae
2333 5287 2562 5345 nullum
2611 5290 2849 5346 omnino
2905 5289 2966 5346 in
3012 5305 3078 5347 se
3122 5289 3254 5362 ipsa
3305 5305 3516 5363 corpus

1877 5377 2106 5435 habeat.

193 5569 236 5606 ἰ
265 5568 413 5626 Vide
436 5568 688 5629 Gardan.
717 5571 798 5624 De
824 5566 1102 5626 varietate
1125 5583 1345 5640 rerum,
1374 5568 1476 5627 lib.
1509 5587 1574 5641 ιι,
1603 5588 1663 5644 p.
1693 5573 1823 5639 719.
1895 5573 1941 5608 ³³
1973 5591 1991 5629 1
2020 5573 2104 5630 De
2132 5572 2274 5630 coelo
2302 5589 2353 5630 ο.
2378 5573 2434 5629 9.
