3988 6452
175 466 306 529 Ιθω

1456 458 1801 526 EPITOME
1845 456 2200 524 PHYSICA.

3369 447 3527 514 i306

167 596 244 653 καὶ
272 591 462 671 μόνιμα
489 590 582 650 καὶ
612 592 714 665 τὴν
762 594 930 665 αὐτὴν
981 591 1320 673 φυλάττοντα
1359 592 1502 667 τάξιν
1547 593 1803 663 πεποίηε

1933 591 2394 651 ωῆνωοιὶοηθω
2422 590 2674 667 pertinet
2697 585 2760 645 τὸ
2789 583 2896 660 ὅτι,
2953 587 3010 646 id
3057 589 3148 646 est
3176 586 3335 660 quod,
3393 601 3527 642 seu-

167 706 269 758 κας,
296 684 360 748 εἷς
387 685 417 739 ὃ
448 681 720 758 διαμένειν
751 683 957 747 ἐθέλοις
983 687 1046 740 τὸ
1075 691 1200 740 πᾶν.

1887 685 2168 754 quoniam,
2202 701 2318 739 non
2349 699 2538 739 causae
2587 681 2969 737 redditionem
3017 678 3214 734 habet.
3273 681 3322 730 A
3369 691 3529 731 com-

172 776 311 832 muni
342 792 354 831 :
391 775 750 848 Cognoscam
782 775 984 831 lunam
1016 780 1074 831 et
1099 775 1318 844 stellas,
1351 793 1526 849 opera
1554 773 1870 847 digitorum
1917 775 2174 844 tuorum,
2235 790 2364 846 quae
2394 778 2459 829 tu
2486 772 2730 828 fundata
2785 775 2842 826 et
2899 769 3133 826 stabilia
3161 771 3218 824 et
3254 765 3526 823 eumdem

173 865 402 921 ordinem
435 864 828 921 custodientia
857 865 1066 932 fecisti,
1101 865 1445 937 quantisper
1475 865 1820 920 universum
1859 877 2197 932 permanere
2241 864 2512 919 volueris.

238 952 293 1028 β’.
323 945 598 1007 Διαλαϐὼν
661 948 719 1005 δὲ
766 951 890 1028 περὶ
946 951 1181 1022 σελήνης
1231 954 1321 1008 καὶ
1401 952 1660 1028 ἀστέρων,
1720 950 1782 1006 οὐ

171 1047 354 1116 παρῆκε
375 1039 466 1094 τὸν
498 1037 662 1109 ἥλιον
695 1041 808 1113 ἅμα
835 1041 930 1113 μὲν
983 1042 1117 1114 μετά
1170 1046 1277 1095 τῶν
1335 1042 1571 1116 ἀστέρων
1626 1041 1786 1112 τάξας

175 1130 241 1192 ὡς
280 1128 461 1205 ἀστέρα
488 1129 576 1183 καί
623 1127 781 1184 αὐτὸν
836 1128 1170 1205 έξοχώτατον
1210 1132 1300 1185 καὶ
1363 1131 1789 1206 βασιλικώτατον

174 1218 252 1273 καὶ
297 1215 669 1293 λαμπρότατον
712 1219 802 1273 καὶ
859 1218 1196 1296 ἀπεράρχην
1247 1219 1632 1293 ὠνομασμένον
1684 1219 1786 1274 ὑπό

174 1328 314 1362 τινων
359 1310 669 1385 προσφυῶς·
705 1307 818 1380 ἅμα
866 1305 911 1362 δ’
949 1308 1022 1369 ὡς
1070 1312 1140 1381 τῇ
1188 1307 1390 1382 σελήνῃ
1443 1307 1789 1379 συνεξακουό-

177 1395 316 1470 μενόν
355 1416 412 1451 τε
465 1395 554 1450 καὶ
611 1394 1025 1469 συννοούμενον,
1085 1395 1198 1472 εἷ’γε
1259 1389 1424 1472 ταύτῃ
1476 1397 1539 1453 τὸ
1595 1401 1709 1476 φῶς
1739 1397 1790 1468 ἐξ

175 1484 320 1540 αὐτοῦ
344 1484 471 1540 καθὸ
492 1483 663 1563 φαίνει
690 1485 790 1540 οὐκ
819 1485 878 1542 ἐκ
905 1485 1134 1563 φύσεως.

242 1668 301 1737 γ’.
330 1660 459 1734 ’ἰδίᾳ
489 1660 546 1718 δὲ
574 1663 700 1740 περὶ
747 1666 844 1733 τῆς
894 1662 1132 1734 σελήνης
1173 1661 1498 1740 εἷ’ρηκε,ἱκαὶ
1555 1666 1628 1738 μὴ
1676 1686 1793 1719 συν-

1964 954 2117 1008 816
2144 955 2198 1007 2.
2235 957 2380 1008 Dum
2413 956 2606 1008 autem
2638 952 2710 1005 de
2737 949 2879 1004 luna
2907 946 3204 1017 disseruit,
3236 961 3352 1001 non
3383 961 3529 1016 prae-

1901 1041 2158 1099 termisit
2188 1041 2391 1109 solem,
2422 1045 2487 1096 ut
2516 1056 2692 1112 quem
2721 1037 2934 1111 partim
2966 1053 3102 1093 cum
3146 1034 3330 1092 stellis
3361 1032 3531 1090 collo-

1897 1133 2062 1199 carit,
2097 1131 2253 1203 quod
2281 1135 2338 1185 et
2365 1130 2490 1202 ipse
2515 1127 2685 1185 stella
2715 1128 2792 1183 sit
2845 1127 3016 1198 longe
3045 1122 3533 1181 excellentissima

1897 1226 1954 1277 et
1988 1219 2241 1276 maxime
2269 1219 2429 1291 regia
2457 1222 2514 1274 et
2563 1215 3061 1290 splendidissima,
3121 1217 3178 1270 et
3232 1211 3533 1268 stellarum

1899 1309 2170 1382 princeps
2201 1309 2273 1364 ab
2302 1307 2598 1379 aliquibus
2627 1305 3032 1362 convenienter
3059 1303 3396 1359 nominatus
3416 1300 3536 1355 fue-

1899 1398 1976 1453 rit
2000 1417 2013 1466 ;
2047 1397 2261 1470 partim
2290 1413 2425 1453 vero
2463 1413 2596 1452 cum
2627 1396 2770 1452 luna
2797 1393 2976 1451 simul
3024 1396 3081 1450 et
3108 1391 3454 1448 exaudiatur
3481 1391 3538 1447 et

1898 1486 2294 1560 intelligatur;
2327 1486 2620 1559 siquidem
2668 1485 2807 1541 huic
2837 1487 3126 1556 quatenus
3153 1481 3290 1538 licet
3316 1496 3386 1538 ex
3410 1481 3536 1553 ipso

1899 1575 2100 1632 lumen
2130 1580 2238 1642 est,
2270 1592 2386 1632 non
2416 1593 2451 1630 a
2474 1579 2682 1631 natura
2709 1575 2777 1630 3’.

1972 1668 2025 1721 3.
2085 1665 2339 1722 Seorsim
2399 1668 2593 1721 autem
2648 1665 2721 1720 de
2772 1663 2914 1718 luna
2961 1662 3126 1728 dixit,
3183 1668 3237 1718 et
3283 1677 3413 1717 eam
3469 1661 3540 1717 de

179 1752 469 1830 εκφωνήσας
519 1751 720 1822 ταύτην
805 1758 921 1815 τοῖς
981 1751 1222 1828 ἄστροισι,
1282 1751 1352 1807 δι’
1407 1753 1442 1807 ἃ
1490 1754 1625 1829 πρὸς
1667 1753 1794 1817 τοὺς

1935 1755 2086 1812 tellis
2116 1771 2293 1827 agens
2352 1753 2510 1810 haud
2583 1752 2886 1826 expressit,
2970 1756 3203 1824 propter
3256 1750 3443 1807 multa
3477 1750 3539 1806 in

175 1840 378 1916 ἀστέρας
438 1841 781 1912 ἀκοινώνητα
837 1842 985 1918 φέρει
1041 1839 1247 1897 πολλά·
1306 1843 1400 1904 τὰς
1461 1847 1560 1898 τοῦ
1619 1843 1797 1916 φωτὸς

177 1928 404 2000 αὐξήσεις
454 1930 544 1984 καὶ
599 1930 872 2002 μειώσεις,
924 1930 1254 2006 ἀποκρύψεις
1309 1951 1368 1985 τε
1430 1932 1520 1986 καὶ
1567 1931 1797 2008 πληρώ-

177 2039 296 2090 σεις,
324 2017 410 2072 καὶ
462 2016 593 2080 τοὺς
647 2016 936 2081 ποικίλους
996 2019 1442 2094 σχηματισμοὺς,
1471 2021 1560 2076 καὶ
1619 2021 1799 2097 ἔτιπερ

173 2104 339 2170 οὐδεὶς
390 2110 499 2162 τῶν
551 2106 787 2182 ἀστέρων
841 2106 1028 2180 ἔξωθεν
1089 2106 1204 2184 ἔχει
1261 2111 1322 2164 τὸ
1383 2114 1516 2187 φῶς,
1550 2111 1624 2187 ᾡς
1665 2110 1798 2181 αὕτη

268 2195 346 2251 ’ἐ
703 2218 714 2230 ,
881 2198 894 2218 γ
974 2194 1003 2218 )I
1144 2183 1154 2184 ί
1219 2196 1242 2215 ἰ
1396 2183 1405 2187 “
1531 2183 1607 2219 ’Ἀ
1721 2201 1731 2220 σ

172 2217 263 2251 κατ
348 2197 691 2272 πεισαγωγήν
941 2209 1150 2262 οικοθεν
1217 2219 1435 2274 εχουσιν
1487 2221 1616 2254 αυτο
1662 2221 1801 2254 παν-

174 2306 254 2347 τες
307 2284 391 2340 xxi
449 2281 853 2356 ἀναπόϐλητον,
887 2285 938 2341 εἴ
988 2287 1079 2342 καὶ
1138 2287 1490 2363 μεθ’ἡμέραν
1547 2290 1800 2364 ὁρῶνται,

176 2377 269 2442 τῆς
315 2372 547 2443 ἡλιακῆς
593 2373 788 2438 αὐτοὺς
839 2375 1293 2451 ἀποκρυπτούσης
1344 2375 1630 2452 πλησμίου
1695 2400 1804 2456 φω-

177 2464 422 2537 τοχυσίας
449 2462 540 2518 καὶ
571 2458 1024 2538 ὑπερϐαλλούσης
1058 2463 1467 2540 λαμπρότητος.

250 2635 308 2695 δ’.
337 2643 389 2692 '0
421 2640 514 2712 μὲν
561 2638 652 2695 οῦν
687 2639 850 2710 ἥλιος
885 2643 1222 2720 ὑψηλότερός
1253 2644 1363 2700 ἐστι
1418 2651 1518 2714 τῆς
1571 2645 1806 2716 σελήνης

184 2725 428 2781 ἐπιπλέον
460 2728 496 2796 ἢ
539 2727 662 2782 ὅσον
712 2728 1008 2807 ἀφέστηκεν
1059 2732 1193 2802 αὕτη
1244 2740 1344 2802 τῆς
1387 2736 1488 2808 γῆς
1532 2733 1621 2788 καί
1675 2733 1810 2789 πολ-

181 2814 360 2890 λαχῶς
392 2815 668 2890 ἐπιπλέον·
700 2821 736 2887 ἡ
790 2817 848 2874 δὲ
892 2819 1298 2896 χθαμαλωτάτη
1349 2823 1546 2884 παντὸς
1588 2823 1807 2899 ἀστέρος

173 2904 500 2980 γινώσκεται.
531 2911 647 2961 Τῶν
702 2909 804 2982 γὰρ
860 2907 1094 2986 ἀστέρων
1159 2913 1210 2965 οἱ
1273 2913 1365 2984 μὲν
1426 2911 1707 2984 ἀπλανεῖς,
1757 2914 1810 2968 οἱ

175 2990 230 3048 δὲ
259 2992 530 3063 πλάνητες
563 2993 830 3072 λέγονται.
859 2998 958 3053 Καὶ
991 3000 1042 3052 οἱ
1079 2999 1173 3070 μὲν
1221 3000 1477 3063 ἀπλανεῖς
1525 3003 1810 3074 ὁμοτίμως

181 3081 512 3156 ὑψηλότατοι
561 3084 750 3147 πάντες
791 3086 880 3141 καὶ
926 3087 1275 3161 πάμπολλοι·
1323 3091 1385 3144 τὸ
1448 3089 1605 3164 χύμα
1669 3089 1812 3166 λέγω

1825 1804 1873 1870 Β

1909 1845 2124 1916 quibus
2154 1843 2374 1900 nullam
2398 1860 2533 1899 cum
2565 1842 2749 1899 stellis
2769 1841 3250 1903 communitatem
3279 1839 3456 1897 habet
3471 1842 3538 1908 33;

1907 1938 2141 2006 propter
2169 1933 2411 1988 luminis
2454 1934 2817 1988 incrementa
2846 1936 2901 1987 et
2930 1932 3316 1998 decrementa,
3349 1929 3542 1986 occul-

1907 2023 2160 2079 tationes
2207 2023 2463 2094 itemque
2490 2021 2880 2094 impletiones,
2912 2020 3219 2092 variasque
3246 2019 3546 2093 ﬁguratio-

1910 2129 2012 2168 nes
2037 2128 2052 2181 ;
2085 2112 2358 2184 quodque
2388 2110 2549 2167 nulla
2577 2111 2878 2167 stellarum
2906 2109 3105 2165 lumen
3135 2109 3312 2164 habet
3339 2108 3551 2164 extrin-

1912 2217 2080 2257 secus
2110 2199 2221 2256 sibi
2253 2199 2658 2271 adveniens,ut
2685 2199 2807 2255 haec
2828 2216 2931 2271 per
2958 2197 3326 2254 inductiones
3358 2197 3548 2254 aliun-

1912 2291 1984 2345 de
2015 2290 2247 2358 factam,
2281 2289 2380 2346 sed
2420 2305 2622 2346 omnes
2651 2289 2709 2345 id
2741 2306 2775 2345 a
2832 2305 2893 2345 se
2922 2287 3159 2355 habent,
3209 2303 3314 2343 nec
3352 2287 3547 2359 ipsum

1915 2378 2220 2450 adjiciunt,
2273 2377 2508 2434 tametsi
2566 2377 2819 2433 interdiu
2851 2394 2965 2433 non
3021 2376 3348 2446 videantur,
3409 2375 3550 2431 dum

1914 2466 2193 2522 nimirum
2224 2482 2322 2522 eas
2353 2468 2748 2539 propinquum
2778 2466 2920 2523 solis
2955 2465 3155 2522 lumen
3185 2471 3242 2521 et
3269 2463 3552 2521 excellens

1916 2555 2191 2628 splendor
2221 2554 2362 2612 solis
2391 2556 2715 2612 abscondit.

1987 2647 2038 2700 4.
2065 2644 2215 2701 Solis
2245 2644 2424 2717 igitur
2453 2644 2702 2700 altitudo
2750 2661 2929 2716 supra
2972 2644 3174 2700 lunam
3215 2643 3398 2700 multo
3429 2659 3552 2699 ma-

1910 2735 2006 2806 jor
2058 2739 2165 2801 est,
2216 2751 2392 2805 quam
2424 2734 2602 2805 hujus
2633 2751 2667 2790 a
2722 2739 2875 2789 terra
2904 2734 3199 2801 distantia,
3232 2737 3290 2789 et
3317 2733 3555 2805 quidem

1919 2821 2125 2878 multis
2151 2822 2340 2878 modis
2369 2825 2558 2894 major
2586 2828 2674 2878 est
2699 2849 2712 2890 ;
2743 2822 2873 2894 ipsa
2901 2828 3099 2878 autem
3124 2821 3308 2894 [luna]
3367 2821 3560 2878 omni-

1920 2927 2018 2965 um
2051 2910 2352 2966 stellarum
2375 2927 2503 2965 esse
2524 2910 2855 2966 humillima
2875 2909 3561 2982 intelligitur.Stellarum

1921 2999 2076 3054 enim
2099 2999 2227 3055 aliae
2247 2998 2722 3066 inerrantes,alia2
2742 2999 2996 3054 erratica
3019 2999 3471 3055 dicuntur.877
3498 3002 3566 3053 Et

1922 3089 2246 3145 inerrantes
2276 3089 2514 3160 quidem
2546 3089 2764 3160 pariter
2817 3092 2957 3144 sunt
3005 3086 3304 3144 altissimae
3333 3091 3390 3143 et
3417 3087 3565 3143 bene

175 3174 281 3225 τῶν
313 3170 547 3248 ἀστέρων
596 3173 726 3229 αὐτὸ
779 3176 842 3230 τὸ
899 3175 1278 3246 πολυπληθές.
1312 3179 1374 3232 O't
1433 3176 1491 3233 δὲ
1543 3177 1803 3248 πλάνητει

1933 3177 2130 3234 multa;
2150 3179 2232 3246 3‘;
2266 3177 2561 3250 copiosam
2593 3177 2720 3232 dico
2754 3177 3058 3233 stellarum
3087 3177 3562 3244 multitudinem;

181 3260 312 3331 μετὰ
364 3259 452 3314 καὶ
507 3267 610 3331 τῆς
668 3260 906 3334 σελήνης
965 3265 1120 3336 ἑπτὰ,
1150 3267 1241 3322 καὶ
1271 3263 1448 3322 ἄλλου
1477 3265 1647 3330 ἄλλος
1677 3280 1813 3345 χθα-

180 3345 493 3425 μαλώτερός
521 3370 580 3404 τε
609 3351 699 3405 καὶ
729 3353 1167 3431 προσγειότερος.

245 3437 300 3493 ε’.
333 3442 436 3492 Τοῦ
494 3441 874 3513 στερεώματος
931 3441 990 3497 δὲ
1044 3442 1320 3508 κυκλικῶς
1368 3447 1690 3520 κινουμένου
1731 3447 1814 3501 κί-

172 3545 326 3595 νησιν
390 3525 650 3598 ὀξυτάτην
709 3529 800 3583 καὶ
862 3529 1125 3605 ἄληκτον,
1157 3533 1210 3604 ἒξ
1265 3531 1544 3589 ἀνατολῶν
1595 3534 1670 3597 εἷς
1700 3532 1820 3590 δυσ-

175 3614 302 3687 μὰς,
354 3614 430 3677 ὡς
475 3615 616 3692 πρὸς
661 3614 930 3690 αἴσθησιν,
982 3621 1473 3700 συμπεριφέρονται
1523 3624 1613 3678 καὶ
1680 3625 1821 3678 πάν-

167 3722 259 3765 τες
290 3702 510 3779 ἀστέρες
541 3704 711 3778 αὐτῷ,
740 3706 832 3762 καὶ
864 3707 1080 3782 σύμπας
1111 3711 1297 3787 αἰθήρ.

241 3881 307 3944 ς’.
339 3881 494 3938 Πολὺ
543 3880 602 3939 δὲ
642 3886 778 3940 πάνυ
822 3887 912 3941 καὶ
969 3887 1160 3961 μυρίον
1201 3888 1266 3944 τὸ
1309 3893 1406 3944 τοῦ
1453 3888 1666 3964 αἰθέρος
1706 3889 1820 3946 8ιά-

161 3990 357 4044 στημα
381 3971 446 4026 τὸ
478 3970 538 4027 ἐκ
575 3977 672 4028 τοῦ
735 3976 1110 4051 στερεώματος
1160 3973 1264 4040 ἕως
1321 3983 1416 4033 τοῦ
1474 3978 1820 4053 ὑπεκκαύμα-

160 4075 284 4120 τος’
348 4056 481 4133 ὅπερ
542 4061 863 4136 ὑπέκκαυμα
916 4065 978 4119 τὸ
1049 4068 1156 4141 πῦρ
1230 4064 1364 4137 ἐστι,
1429 4067 1492 4121 τὸ
1547 4072 1819 4142 στοιχεῖον

157 4145 326 4206 αὐτό.
377 4148 450 4203 Τὸ
500 4151 605 4227 γὰρ
657 4153 795 4225 ἡμῖν
857 4152 1258 4227 γινωσκόμενον
1316 4158 1423 4228 πῦρ
1483 4153 1663 4230 ἓξαψίς
1713 4156 1823 4211 ἐστι

151 4239 262 4290 τοῦ
317 4236 575 4293 τοιούτου
635 4238 1025 4316 στοιχειώδους
1081 4243 1271 4318 πυρὸς,
1319 4238 1626 4319 ὑπερϐολὴν
1694 4242 1821 4321 ἔχον

154 4326 267 4394 τῆς
315 4323 610 4400 πυρώδους
665 4329 1028 4405 θερμότητος,
1060 4329 1239 4407 ὥσπερ
1289 4333 1318 4386 ὁ
1346 4330 1686 4408 κρύσταλλος
1721 4340 1822 4404 τῆς

158 4412 220 4469 ἐν
249 4410 413 4470 ὕδατι
445 4416 828 4492 θεωρουμένης
857 4418 1227 4496 ψυχρότητος.

239 4596 302 4661 ζ’.
341 4592 408 4646 Οἱ
467 4593 562 4667 μὲν
623 4592 716 4652 οῦν
768 4594 1035 4662 ἀπλανεῖς
1107 4598 1321 4675 ἀστέρες
1405 4601 1712 4677 πεπήγασιν
1772 4600 1824 4657 ἐν

157 4683 248 4752 τῷ
279 4683 624 4758 στερεώματι
674 4685 766 4740 καὶ
823 4685 914 4741 σὺν
966 4686 1115 4760 αὐτῷ
1176 4688 1326 4762 μόνῳ
1356 4687 1632 4766 φέρονται,
1665 4689 1830 4765 μηδε-

152 4767 299 4842 μίαν
361 4767 501 4826 ἰδίαν
556 4774 694 4828 κατά
746 4773 913 4831 τόπον
975 4775 1301 4850 ποιούμενοι
1373 4777 1602 4850 κίνησιν·
1660 4781 1712 4834 οἱ
1772 4778 1831 4835 δὲ

147 4856 450 4929 πλάνητες
507 4859 571 4916 οὐ
631 4865 941 4941 πεπήγασιν
995 4864 1046 4921 έν
1104 4871 1184 4938 τῷ
1239 4867 1593 4942 στερεώματι·
1653 4889 1828 4924 κατω-

145 4947 311 5023 τέρω
378 4947 436 5004 δὲ
492 4949 690 5007 τούτου
745 4954 884 5009 κατά
933 4974 1084 5017 τινας
1146 4953 1414 5031 βαθμίδας
1463 4955 1513 5011 ἐν
1549 4961 1627 5030 τῷ
1655 4957 1829 5034 αἰθέρι

154 5036 454 5115 μετέωροι
498 5039 774 5118 φέρονται,
805 5044 896 5099 καὶ
950 5048 1048 5099 τοῦ
1103 5046 1480 5120 στερεώματος
1533 5048 1831 5125 φερομένου

148 5129 311 5202 μετὰ
358 5131 461 5198 τῆς
526 5135 636 5186 τῶν
703 5131 956 5189 ἀπλανῶν
1007 5133 1333 5208 παμπληθεί
1367 5156 1428 5198 ας
1485 5135 1827 5208 ἐξάνατολῶν

143 5217 238 5279 εἶς
327 5213 564 5293 δυσμὰς,
614 5221 689 5283 ὡς
741 5224 777 5292 ἠ
831 5219 1105 5296 αἴσθησις,
1160 5225 1314 5281 αὐτοὶ
1394 5225 1702 5281 τούναντίον
1773 5226 1832 5282 ἐκ

151 5302 407 5380 δυσμῶν
465 5308 542 5371 εἰς
595 5309 864 5374 ἀνατολὰς
923 5310 1060 5368 ἰδίαν
1115 5311 1505 5390 σχολαιοτέραν
1555 5319 1831 5371 κινοῦνται

133 5393 396 5467 κίνησιν
447 5399 605 5463 Ὅθεν
655 5399 746 5456 καὶ
799 5399 1070 5473 πλάνητες
1128 5401 1543 5477 ὠνομάσθησαν·
1604 5405 1680 5467 ὡς
1737 5402 1832 5475 δῆ-

247 5573 521 5666 {ill/ide
575 5596 758 5653 supra
813 5597 940 5666 cap.
996 5581 1352 5666 25,‘n.M10,
1409 5586 1469 5639 et
1517 5600 1646 5666 cap.
1695 5586 1776 5666 _2]
1812 5601 1888 5666 _n.
1950 5585 2001 5666 1..

135 5661 210 5723 ε)-
260 5647 580 5723 veteribus
628 5647 950 5710 numerata;
980 5647 1120 5708 sunt
1149 5653 1310 5723 1022,

1931 3267 2186 3323 erraticas
2216 3271 2411 3322 autem
2441 3283 2575 3322 cum
2606 3267 2748 3322 luna
2775 3270 2998 3337 septem
3031 3269 3190 3334 sunt,
3221 3269 3279 3322 et
3308 3264 3422 3321 alia
3453 3264 3567 3322 alia

1927 3356 2209 3412 humilior
2235 3359 2325 3412 est
2351 3361 2634 3428 terraeque
2661 3354 2926 3411 vicinior.

2001 3447 2056 3500 5.
2089 3445 2352 3516 Cumque
2381 3445 2822 3500 ﬁrmamentum
2855 3443 3214 3500 circulariter
3268 3445 3568 3499 moveatur

1929 3539 2091 3590 motu
2123 3534 2428 3590 celercimo
2460 3537 2517 3589 et
2546 3532 2881 3590 incessabili
2911 3533 2984 3589 ab
3014 3533 3238 3589 ortibus
3268 3533 3341 3589 ad
3401 3548 3566 3588 occa-

1930 3622 2236 3692 sus,simul
2267 3639 2401 3678 cum
2431 3637 2496 3678 eo
2527 3622 2701 3678 etiam
2736 3639 2939 3679 omnes
2969 3621 3148 3679 stellae
3175 3627 3232 3677 et
3260 3621 3572 3677 universus

1931 3712 2131 3778 mther,
2166 3715 2451 3783 quantum
2480 3711 2552 3766 ad
2583 3727 2824 3767 sensum
2857 3711 3085 3782 attinet,
3146 3710 3569 3767 circumferun-

1928 3805 2042 3856 tur.

1999 3892 2054 3945 6.
2088 3889 2413 3945 Plurimum
2446 3892 2642 3945 autem
2671 3889 2718 3924 ⁸⁵
2745 3893 2802 3945 et
2831 3889 3246 3962 longissimum
3275 3892 3366 3946 est
3403 3889 3574 3945 aethe-

1931 3979 2011 4035 ris
2039 3978 2434 4048 intervallum,
2467 3979 2622 4050 quod
2655 3996 2688 4034 a
2717 3979 3086 4035 ﬁrmamento
3134 3981 3206 4035 ad
3239 3979 3566 4036 successio-

1933 4086 2066 4125 nem
2117 4085 2304 4140 usque
2361 4068 2721 4140 porrigitur;
2755 4085 2882 4142 quae
2915 4069 3238 4137 succensio,
3272 4068 3446 4142 ignis,
3482 4069 3569 4140 ip-

1935 4175 2066 4214 sum
2095 4157 2364 4214 videlicet
2391 4156 2747 4213 elementum
2803 4161 2911 4212 est.
2944 4155 3052 4218 Qui
3100 4156 3256 4212 enim
3285 4155 3438 4228 ignis
3469 4172 3572 4210 no-

1932 4247 2026 4304 bis
2055 4251 2228 4303 notus
2249 4245 2754 4312 est,inﬂammatio
2778 4250 2867 4302 est
2885 4245 3294 4318 hujuscemodi
3325 4244 3572 4301 elemen-

1933 4336 2078 4393 taris
2105 4335 2280 4410 ignis,
2315 4339 2380 4391 ut
2410 4335 2507 4408 qui
2541 4335 2697 4408 ignei
2752 4333 2961 4391 caloris
2991 4349 3294 4390 excessum
3337 4333 3571 4404 habeat,

1934 4426 2431 4497 quemadmodum
2486 4422 2797 4496 crystallus
2845 4422 3076 4496 frigoris
3123 4423 3252 4494 ejus
3302 4422 3456 4494 quod
3513 4423 3574 4478 in

1855 4539 1906 4606 Ι)
1936 4531 2087 4606 aqua
2119 4513 2494 4606 conspicitur.

2005 4605 2062 4660 7.
2102 4606 2433 4659 Inerrantes
2488 4603 2533 4638 ³⁸
2562 4602 2806 4675 proinde
2855 4601 3034 4658 stella
3093 4602 3152 4656 in
3209 4601 3580 4658 ﬁrmamento

1940 4693 2066 4748 fixis
2100 4697 2262 4758 sunt,
2293 4696 2350 4747 et
2399 4708 2532 4746 cum
2562 4690 2691 4764 ipso
2722 4689 2844 4747 solo
2884 4691 3172 4760 feruntur,
3207 4693 3264 4746 et
3291 4689 3453 4746 nullo
3483 4707 3582 4762 pe-
3646 4687 3650 4690 “

1938 4781 2142 4838 culiari
2173 4781 2363 4853 quoad
2395 4779 2588 4836 locum
2621 4783 2783 4835 motu
2815 4781 3157 4847 moventur;
3193 4778 3448 4835 erraticas
3478 4796 3583 4834 au-

1938 4874 2059 4926 tem
2088 4870 2148 4925 in
2179 4871 2550 4925 ﬁrmamento
2583 4885 2698 4925 non
2741 4871 2881 4924 sunt
2929 4869 3075 4934 ﬁxae,
3134 4868 3235 4924 sed
3283 4867 3437 4923 infra
3476 4868 3586 4924 hoc

1941 4958 2171 5031 aliquot
2200 4958 2485 5032 gradibus
2515 4958 2574 5012 in
2629 4956 2839 5013 aethere
2871 4972 3169 5029 suspensae
3201 4956 3505 5026 feruntur;
3539 4962 3595 5014 et

1943 5049 2088 5103 dum
2122 5049 2563 5103 ﬁrmamentum
2595 5062 2728 5101 cum
2750 5045 3135 5100 inerrantium
3167 5045 3440 5101 universa
3465 5049 3594 5102 tur-

1940 5138 2014 5192 ba
2043 5153 2114 5192 ex
2143 5137 2368 5192 ortibus
2390 5138 2460 5191 ad
2493 5152 2733 5191 occasus
2760 5134 2951 5206 quoad
2977 5149 3216 5189 sensum
3246 5134 3592 5209 fertur,ipsaa

1944 5231 2002 5282 et
2034 5231 2239 5282 contra
2270 5227 2342 5282 ab
2376 5225 2680 5282 occasibus
2736 5226 2805 5279 ad
2866 5228 3029 5279 ortus
3059 5224 3214 5280 278
3246 5228 3410 5280 motu
3458 5241 3598 5298 pro-

1940 5316 2068 5388 prio
2099 5315 2353 5371 tardiore
2382 5318 2713 5370 moventur.
2772 5313 2934 5370 Unde
2988 5312 3162 5369 etiam
3193 5313 3451 5370 erratica
3489 5331 3596 5371 no-

1941 5404 2172 5461 minata:
2209 5407 2366 5472 sunt,
2402 5408 2467 5459 ut
2497 5420 2624 5476 quae
2653 5401 2822 5475 quasi
2849 5403 2921 5458 ab
2951 5401 3156 5458 itinere
3211 5403 3601 5469 ﬁrmamenti,

2108 5584 2154 5618 ³³
2209 5581 2356 5655 Plin.
2416 5583 2517 5640 lib.
2561 5599 2625 5655 ιι,
2677 5599 2726 5639 c.
2786 5583 2839 5655 9.
2936 5583 2988 5655 7“
3043 5583 3126 5638 Ex
3175 5581 3269 5638 his
3317 5581 3605 5655 notabiles

1370 5671 1517 5728 quas
1566 5653 1632 5728 in
1667 5656 1752 5728 748
1805 5655 2124 5728 imagines,
2184 5658 2270 5728 et_
2295 5654 2455 5727 ipsas
2497 5653 2661 5728 vero
2696 5654 2902 5728 stellas
2930 5654 2991 5710 in
3035 5671 3137 5711 sex
3163 5653 3604 5728 magnitudines

131 5715 540 5803 diviserunt.
594 5723 860 5803 ῥίψει.
891 5727 1028 5795 Cap.
1060 5740 1119 5796 p.
1151 5741 1271 5796 VIII,
1296 5715 1361 5796 p,
1386 5715 1533 5798 '329;
1563 5727 1771 5784 Rodin.

1933 5715 2000 5783 ἵν.
2035 5715 2294 5796 Theatri,
2316 5715 2389 5803 'p.
2420 5727 2547 5784 585.
2623 5727 2669 5763 ⁸⁸
2695 5726 2841 5783 Vide
2869 5743 3050 5800 supra
3079 5742 3138 5800 p.
3170 5715 3358 5782 138vet
3387 5725 3508 5796 144,
3547 5729 3607 5780 et

126 5785 320 5847 Scal.
360 5787 552 5851 exere.
585 5794 708 5854 110.
