3988 6460
366 424 526 489 i307

1613 429 2038 495 NICEPHOBI
2079 427 2519 494 BLEMMIDE

3605 426 3768 493 13M

365 563 649 634 tantoquo
665 561 967 620 stellarum
988 563 1262 622 excircitu
1282 565 1762 640 aberraverint,et
1780 570 2007 623 contra-

2125 564 2200 618 θεν
2249 561 2720 631 ἀποπλανηθέντες
2762 566 2862 632 τῆς
2910 563 3008 616 τοῦ
3083 556 3460 637 στερεώματος
3520 560 3766 636 πορείας.

367 649 456 706 ria
483 650 578 707 via
605 651 1024 725 ingrediantur.

437 831 491 884 8.
525 830 661 886 Dico
691 836 885 888 autem
917 833 1038 888 hec
1067 836 1259 906 quoad
1289 837 1713 908 apparentiam,
1744 837 2007 908 quando-

367 919 606 990 quidem
641 920 832 976 solum
865 922 1121 994 primum
1161 923 1368 980 cmlum
1401 941 1469 980 ex
1497 926 1724 981 ortibus
1752 925 1810 980 in
1842 942 2004 981 occa-

366 1023 470 1063 sus
518 1008 650 1063 ferri
709 1011 1008 1082 cognitum
1041 1017 1148 1077 est,
1181 1014 1335 1084 quod
1368 1030 1565 1068 secum
1597 1014 1772 1069 etiam
1805 1029 2007 1069 secun-

363 1096 526 1166 dum,
588 1115 796 1171 nempe
845 1101 1302 1172 firmamentum,
1361 1103 1724 1175 circumagit.
1789 1103 2004 1157 Firma-

367 1190 630 1241 mentum
661 1189 816 1242 enim
850 1189 1043 1261 ipsum
1077 1207 1310 1263 quoque
1346 1192 1417 1246 ab
1467 1192 1770 1247 occasibus
1810 1193 1881 1246 ad
1913 1208 2004 1246 or-

364 1278 462 1329 tus
518 1292 652 1330 cum
713 1277 900 1333 stellis
951 1295 1076 1350 qua:
1127 1280 1451 1335 inerrantes
1508 1281 1785 1336 dicuntur
1827 1281 2008 1335 fertur

365 1364 711 1420 naturaliter
757 1368 840 1427 3";
895 1368 994 1423 sed
1039 1373 1272 1440 propter
1322 1369 1726 1440 hujuscemodi
1777 1369 2006 1425 erratici

366 1457 561 1508 motus
590 1471 884 1510 summam
916 1457 1250 1513 tarditatem
1308 1475 1548 1514 sensum
1607 1459 1828 1530 effugit.
1863 1463 2003 1512 Cum

366 1542 522 1597 enim
554 1541 612 1596 in
644 1549 931 1600 trecentas
960 1546 1260 1618 sexaginta
1291 1552 1484 1618 partes
1532 1548 1720 1618 quivis
1751 1547 2006 1602 circulus

365 1630 862 1698 dividatur,unam
897 1640 1121 1706 partem
1144 1653 1295 1691 anno
1326 1637 1643 1692 centesimo
1674 1637 2007 1692 firmamen-

362 1722 490 1774 tum
523 1719 841 1791 planetarie
872 1724 1121 1778 transire
1141 1724 1511 1780 observatum
1533 1729 1622 1780 est
1641 1725 1758 1764 37-”
1781 1741 2006 1780 :secun-

362 1807 505 1863 dum
527 1808 756 1880 aliquos
776 1814 1117 1878 autem,non
1141 1813 1494 1884 partem,sed
1522 1813 1703 1886 partis
1729 1829 2003 1885 segmen-

362 1901 489 1951 tum
547 1898 885 1996 minimum.
925 1901 1294 2004 Quapropter
1322 1902 1523 1973 utique
1553 1919 1622 1957 ex
1659 1902 2002 2001 hujusmodi
2035 1939 2082 2004 Β

365 1985 598 2058 proprio
627 1991 684 2042 et
712 1987 964 2044 naturali
1005 1995 1167 2045 motu
1201 1991 1553 2046 ﬁrmamenti
1586 1991 1842 2063 primum
1891 2008 2002 2046 cce-

363 2073 489 2129 lum
537 2075 692 2146 quod
751 2093 866 2132 non
914 2078 1142 2133 videtur
1171 2079 1644 2135 animadversum
1699 2085 1790 2135 est
1817 2081 1891 2136 ab
1929 2081 2003 2137 iis

364 2163 465 2235 qui
497 2162 556 2217 in
588 2163 738 2220 hanc
767 2163 1205 2236 inquisitionem
1228 2168 1490 2224 studiose
1519 2168 1931 2224 incubuerunt.

431 2254 486 2306 9.
518 2253 824 2322 Proprium
855 2271 992 2327 ergo
1024 2254 1178 2310 hunc
1237 2261 1459 2312 motum
1492 2257 1732 2329 planetae
1788 2261 2007 2314 obeunt

363 2340 598 2411 qualem
642 2340 930 2410 dicimus;
966 2343 1142 2398 simul
1197 2349 1391 2400 autem
1450 2347 1625 2401 etiam
1683 2363 1817 2402 cum
1862 2346 2004 2402 cmlo

369 2429 873 2501 circumaguntur,
931 2447 1063 2487 cum
1122 2433 1516 2490 conversionis
1564 2434 1752 2508 ipsius
1783 2436 2004 2508 impetu

363 2519 516 2574 879
576 2525 945 2591 superantur.
1003 2521 1070 2576 Et
1099 2521 1234 2577 hinc
1263 2523 1442 2578 etiam
1501 2523 1611 2592 sol,
1642 2525 1742 2595 qui
1789 2525 2005 2595 (annuo

368 2607 581 2679 spatio)
612 2609 911 2680 proprium
970 2615 1195 2666 motum
1252 2611 1662 2684 planetarium,
1701 2612 1871 2668 illum
1903 2613 2004 2685 qui

369 2697 443 2752 ab
475 2697 780 2754 occasibus
809 2703 898 2753 est
945 2700 1017 2754 ad
1065 2704 1228 2756 ortus
1283 2700 1509 2773 implet,
1544 2719 1660 2757 uno
1689 2703 1783 2758 die
1813 2708 1870 2758 et
1900 2720 2003 2758 no-

368 2789 455 2842 cte
487 2803 589 2858 per
634 2787 986 2842 contrarium
1045 2789 1313 2859 [motum]
1345 2807 1411 2845 ex
1463 2791 1666 2846 eodem
1719 2792 1790 2847 ad
1850 2792 2003 2848 idem

369 2880 659 2948 punctnm
693 2883 749 2931 et
805 2876 1105 2949 aliquanto
1137 2879 1392 2950 amplius
1425 2880 1749 2950 revertitur,
1811 2887 1875 2937 ut
1903 2882 2004 2953 qui

364 2963 493 3019 cceli
546 2964 766 3037 impetu
829 2965 1096 3021 trahatur
1146 2972 1204 3022 et
1259 2968 1710 3041 circumagatur.
1762 2970 2006 3026 Proinde

364 3055 821 3109 circumactione
854 3071 983 3125 qua;
1013 3055 1125 3127 ipsi
1156 3073 1190 3112 a
1229 3056 1367 3111 ccelo
1392 3061 1500 3122 est,
1555 3058 1782 3114 dierum
1813 3064 1872 3114 et
1899 3076 2006 3114 no-

365 3141 551 3197 ctium
581 3159 760 3198 causa
789 3143 1038 3198 efﬁcitur
1063 3163 1075 3212 ;
1108 3145 1360 3212 dierum,
1392 3146 1533 3202 dum
1582 3164 1762 3219 supra
1789 3152 2005 3204 terram

365 3230 569 3300 fertur,
603 3231 883 3302 noctium,
943 3233 1085 3288 dum
1134 3233 1286 3288 infra
1312 3238 1526 3290 terram
1560 3252 1574 3290 :
1608 3237 1710 3292 sed
1758 3240 2008 3308 quatuor

366 3318 646 3375 horarum
676 3336 780 3376 seu
811 3324 1098 3376 statorum
1129 3323 1266 3377 anni
1297 3327 1651 3395 temporum,
1683 3305 1844 3380 motu
1877 3342 2006 3396 pro-
2038 3305 2082 3372 (ἶ

367 3409 494 3480 prio
523 3407 845 3481 planetario
875 3426 976 3466 seu
1006 3411 1272 3467 erratico.

442 3498 528 3552 10.
561 3497 708 3553 Cum
739 3498 899 3554 enim
929 3499 1340 3570 hujuscemodi
1368 3502 1460 3557 sui
1499 3506 1695 3559 motus
1724 3502 2008 3560 circulum

367 3586 480 3642 sub
509 3587 881 3643 ﬁrmamento
933 3587 1170 3660 oblique
1190 3590 1486 3660 jacentem
1530 3591 1761 3661 habeat,
1795 3597 1853 3648 et
1882 3593 2009 3650 dum

366 3673 528 3730 illius
557 3679 752 3746 partes
781 3693 909 3747 quas
941 3683 1078 3733 sunt
1109 3680 1432 3735 secundum
1455 3679 1769 3736 dimetrum
1801 3681 2012 3738 mediis

368 3762 726 3818 ﬁrmamenti
757 3765 1022 3835 partibus
1071 3783 1139 3822 ex
1166 3769 1406 3824 adverso
1448 3768 1739 3826 collocatis
1767 3775 1926 3838 sunt,
1957 3774 2014 3826 et

369 3851 630 3906 vicissim
679 3853 928 3909 duarum
958 3855 1206 3912 aliarum
1257 3857 1535 3929 partium,
1577 3877 1705 3931 qua:
1763 3865 1821 3915 et
1871 3860 2012 3930 ipsae

375 3943 518 3995 sunt
546 3942 870 3996 secundum
932 3943 1309 4012 diametrum,
1360 3963 1478 4002 una
1534 3949 1606 4002 ad
1665 3947 2014 4004 borealiores

374 4029 729 4085 ﬁrmamenti
761 4035 975 4102 partes,
1035 4033 1216 4090 altera
1245 4036 1316 4090 ad
1362 4035 1736 4092 australiores
1765 4042 1964 4108 vergat
1997 4056 2011 4105 ;

382 4119 858 4192 quandoquidem
910 4137 1009 4176 eas
1067 4128 1307 4195 peragat
1363 4130 1577 4195 partes,
1637 4143 1764 4196 quas
1809 4126 2016 4182 mediis

381 4209 739 4264 ﬁrmamenti
807 4210 1072 4281 partibus
1128 4213 1401 4282 subjecta;
1457 4217 1616 4283 sunt,
1672 4215 2019 4287 aequinoctia

380 4297 598 4364 efﬁcit;
659 4315 924 4366 vernum,
982 4316 1115 4355 cum
1178 4302 1250 4356 ab
1302 4302 1658 4358 australibus
1705 4303 2017 4376 [partibus]

383 4387 667 4454 ascendit,
704 4389 1061 4457 autumnale,
1095 4407 1228 4445 cum
1259 4408 1292 4445 a
1317 4391 1652 4448 borealibus
1683 4393 2014 4460 revertitur;

383 4476 616 4548 quando
647 4481 844 4532 autem
893 4479 986 4533 sui
1035 4479 1255 4550 proprii
1300 4479 1501 4535 circuli
1547 4480 2019 4537 borealissimum

382 4568 753 4636 segmentum
774 4567 930 4622 880
960 4568 1079 4638 (sic)
1105 4573 1496 4642 peragat,tum
1525 4570 1784 4626 aestivam
1815 4570 2020 4626 horam

384 4654 693 4726 producit;
755 4655 1059 4712 hibernam
1114 4675 1342 4730 rursus,
1374 4675 1507 4714 cum
1558 4659 1876 4715 australius
1928 4659 2021 4715 sui
2053 4674 2100 4739 ι)

384 4741 588 4798 circuli
620 4747 990 4815 segmentum
1023 4745 1328 4816 percurrit.

458 4832 544 4886 11.
575 4832 748 4887 Porro
779 4834 824 4868 ³⁸
863 4833 1053 4904 prima
1081 4851 1116 4889 a
1171 4834 1536 4890 firmamento
1567 4835 1734 4890 abest
1780 4835 2026 4891 erratica

384 4919 556 4976 stella
583 4921 894 4988 Saturnus,
929 4923 1028 4993 qui
1073 4923 1252 4978 etiam
1312 4923 1558 4979 Phaenon
1604 4928 1865 4992 vocatur,
1895 4924 2024 4996 qui-

385 5009 688 5081 proprium
719 5009 1002 5066 circulum
1025 5010 1310 5084 tringinta
1338 5029 1624 5069 annorum
1646 5014 1835 5085 spatio
1866 5029 2027 5084 pera-

2114 653 2202 707 καὶ
2243 657 2339 707 τοῦ
2379 652 2640 706 τοσούτου
2686 656 2793 706 τῶν
2845 650 3078 727 ἀστέρων
3129 650 3318 723 ἑσμοῦ,
3359 649 3450 705 καὶ
3512 651 3617 718 τήν
3682 650 3768 706 έν-

2117 741 2295 797 αντίαν
2332 739 2661 818 βαδίζοντες.

2185 833 2256 902 η’.
2301 835 2474 886 Ταῦτα
2522 827 2581 885 δέ
2628 829 2770 906 λέγω
2816 830 2953 903 πρὸς
3001 830 3063 884 τὸ
3113 829 3458 906 φαινόμενον·
3506 829 3630 884 ἐπει
3676 830 3764 884 τοί

2113 942 2172 996 γε
2225 921 2388 993 μόνος
2416 921 2445 974 6
2474 925 2691 995 πρῶτος
2738 918 2965 993 οὐρανὸς
3013 917 3064 988 ἐξ
3112 915 3388 972 ἀνατολῶν
3432 916 3514 980 εἴς
3544 915 3762 991 δυσμὰς

2115 1009 2412 1088 φερόμενος
2499 1006 2758 1083 ἔγνωσται
2838 1008 3216 1082 συμπεριάγων
3286 1007 3460 1077 ἑαυτῷ
3515 1007 3611 1060 καὶ
3668 1008 3763 1060 τὸν

2118 1095 2387 1174 δεύτερον,
2431 1100 2493 1152 τὸ
2537 1099 2835 1171 στερέωμα.
2887 1097 2965 1154 Τὸ
3008 1095 3110 1171 γὰρ
3160 1096 3442 1170 στερέωμα
3487 1095 3583 1149 καὶ
3632 1093 3766 1150 αὐτὸ

2114 1187 2250 1260 πρὸς
2310 1185 2517 1259 δυσμὰς
2579 1185 2630 1256 ἐξ
2707 1183 2985 1240 ἀνατολῶν
3051 1184 3185 1255 μετᾶ
3246 1188 3355 1238 τῶν
3441 1182 3764 1259 λεγομένων

2116 1276 2369 1331 ἀπλανῶν
2429 1275 2661 1351 ἀστέρων
2708 1275 2922 1352 φέρεται
2973 1277 3229 1350 φυσικῶς·
3282 1269 3372 1326 διὰ
3418 1269 3479 1326 δὲ
3521 1272 3589 1326 τὸ
3641 1274 3769 1347 βρα-

2116 1363 2337 1419 δύτατον
2390 1372 2487 1433 τῆς
2525 1363 2784 1432 τοιαύτης
2829 1361 3170 1432 πλανητικῆς
3217 1364 3486 1432 κινήσεως
3539 1359 3768 1416 διαλαν-

2116 1455 2254 1517 θάνει
2305 1455 2402 1521 την
2453 1450 2719 1522 αἴσθησιν.
2778 1451 2869 1513 Εἷς
2926 1450 3119 1526 μοίρας
3187 1452 3288 1526 γὰρ
3355 1450 3624 1520 ἐξήκοντα
3676 1451 3768 1505 καὶ

2112 1543 2426 1618 τριακοσίας
2488 1546 2585 1596 τοῦ
2651 1541 2848 1602 παντὸς
2908 1537 3113 1594 κύκλου
3183 1537 3594 1614 διαιρουμένου,
3646 1540 3770 1611 μίαν

2118 1638 2309 1708 μοῖραν
2393 1633 2508 1686 καθ’
2577 1628 2802 1685 ἕκαστον
2878 1627 2994 1690 ἔτος
3067 1629 3360 1703 τετήρηται
3445 1625 3768 1703 διέρχεσθαι

2112 1721 2463 1791 πλανητικῶς
2508 1720 2569 1774 τὸ
2615 1718 2912 1793 στερέωμα·
2945 1719 3079 1772 κατά
3124 1739 3274 1780 τινας
3327 1715 3374 1772 δ’
3419 1716 3486 1772 οὗ
3534 1722 3760 1792 μοῖραν,

2112 1808 2259 1865 ἀλλᾶ
2325 1809 2523 1882 τμῆμα
2588 1806 2782 1884 μοίρας
2841 1807 3135 1882 ὀλίγιστον.
3206 1806 3298 1861 Διὸ
3358 1805 3425 1874 δὴ
3496 1806 3604 1860 κάκ
3657 1813 3758 1876 τῆς

2111 1897 2366 1968 τοιαύτης
2401 1895 2538 1959 ἰδίας
2565 1896 2653 1951 καὶ
2702 1902 2931 1974 φυσικῆς
2976 1897 3238 1966 κινήσεως
3283 1899 3385 1950 τοῦ
3443 1895 3761 1970 στερεώμα-

2109 2009 2226 2057 τος,
2259 1988 2287 2042 6
2317 1991 2532 2060 πρῶτος
2581 1983 2808 2061 οὐρανὸς
2863 1985 2891 2038 6
2942 1985 3019 2057 μή
3057 1985 3332 2060 ὁρώμενος
3380 1985 3624 2058 ἑώραται
3675 2005 3763 2038 νο-

2114 2082 2248 2154 ερῶς
2292 2081 2410 2138 τοῖς
2456 2077 2554 2144 τήν
2603 2073 2832 2146 ἐξέτασιν
2877 2073 3076 2142 ταύτην
3147 2071 3467 2151 φιλοπόνως
3525 2093 3760 2142 ποιησα-

2116 2166 2318 2237 μένοις.

2185 2254 2248 2317 θ’.
2278 2255 2384 2320 Τὴν
2417 2253 2510 2324 μὲν
2543 2249 2635 2306 οὖν
2669 2248 2806 2305 ἷδίαν
2846 2249 3053 2320 κίνησιν
3108 2250 3160 2304 οἱ
3206 2247 3480 2320 πλάνητες
3531 2255 3759 2305 ποιοῦν-

2112 2363 2200 2396 ται
2266 2340 2545 2410 τοιαύτην,
2605 2337 2719 2394 οἵαν
2801 2339 3115 2414 εἰρήκαμεν
3181 2340 3648 2414 συμπεριάγονται
3709 2337 3764 2394 ἃ

2112 2431 2203 2485 καὶ
2248 2434 2327 2502 τῷ
2373 2429 2584 2506 ούρανῷ
2629 2433 2698 2502 τῇ
2752 2427 2896 2504 ῥύμῃ
2936 2435 3035 2497 τῆς
3064 2426 3226 2482 αὐτοῦ
3256 2433 3426 2504 φορᾶς
3465 2426 3761 2499 ἐκνικώμε-

2113 2542 2214 2576 νοι.
2259 2519 2546 2575 Κάντεῦθεν
2597 2520 2626 2573 6
2673 2516 2835 2587 ἥλιος
2886 2514 2953 2572 δι’
2995 2517 3236 2572 ἐνιαυτοῦ
3297 2517 3399 2585 τήν
3471 2514 3615 2571 ἰδίαν
3662 2517 3763 2589 (κί-

2113 2611 2285 2680 νησιν)
2335 2606 2649 2684 ἐκπληρῶν,
2682 2609 2780 2675 τήν
2827 2605 3192 2676 πλανητικὴν,
3239 2606 3335 2673 τήν
3408 2605 3473 2660 ἐκ
3541 2603 3761 2678 δυσμῶν

2116 2699 2191 2760 εἷς
2256 2695 2544 2767 ἀνατολὰς,
2591 2696 2642 2751 ἐν
2700 2696 2882 2772 ἡμέρᾳ
2953 2699 3050 2767 μιᾷ
3112 2695 3201 2748 καὶ
3264 2693 3442 2763 νυκτὶ,
3514 2692 3611 2749 διὰ
3663 2696 3756 2763 τῆς

2115 2786 2350 2848 ἐναντίας
2405 2785 2466 2840 ἐκ
2517 2789 2614 2840 τοῦ
2670 2784 2834 2840 αὐτοῦ
2886 2784 2962 2845 εἷς
3021 2783 3085 2838 τὸ
3145 2782 3274 2838 αὐτὸ
3338 2782 3429 2837 καί
3483 2804 3539 2838 τι
3600 2781 3762 2839 πλέον

2119 2876 2560 2947 ἀποκαθίσταται,
2609 2873 2714 2929 ὐπὸ
2775 2880 2875 2942 τῆς
2923 2873 3153 2948 οὗρανου
3220 2871 3398 2948 ῥύμης
3462 2871 3762 2945 ἑλκόμενος

2116 2967 2205 3021 καὶ
2260 2963 2672 3041 περιαγόμενος.
2732 2963 2830 3017 Διὰ
2888 2963 2982 3036 μὲν
3039 2959 3130 3016 οὖν
3206 2967 3305 3030 τῆς
3376 2960 3473 3015 σὺν
3555 2961 3769 3037 οὐρανῷ

2114 3061 2462 3130 περιαγωγῆς
2509 3049 2682 3114 αἴτιος
2730 3052 2932 3127 γίνεται
2978 3055 3084 3105 τῶν
3134 3052 3356 3126 ἡμερῶν
3398 3071 3463 3104 τε
3515 3051 3612 3105 καὶ
3667 3056 3766 3106 τῶν

2113 3148 2344 3213 νυκτῶν,
2412 3142 2698 3217 ὑπέργειος
2763 3140 3060 3218 φερόμενος
3127 3143 3236 3212 τῶν
3304 3141 3562 3214 ἡμερῶν,
3639 3140 3766 3194 ὑπό-

2115 3253 2263 3308 γειος
2306 3236 2414 3286 τῶν
2453 3235 2683 3286 νυκτῶν
2717 3228 2805 3284 διὰ
2850 3227 2908 3284 δὲ
2957 3235 3055 3293 τῆς
3101 3227 3300 3290 οἰκείας
3347 3230 3628 3299 κινήσεως
3674 3236 3769 3297 τῆς

2117 3320 2461 3392 πλανητικῆς
2489 3324 2597 3375 τῶν
2621 3317 2892 3394 τεσσάρων
2923 3319 3104 3393 ὡρῶν.

2191 3501 2240 3556 ι’.
2273 3500 2459 3575 Ἐχων
2520 3498 2623 3574 γὰρ
2676 3497 2770 3552 τὸν
2822 3503 2923 3566 τῆς
2975 3495 3233 3567 τοιαύτης
3277 3493 3445 3550 αὐτοῦ
3498 3498 3770 3566 κινήσεως

2117 3587 2340 3658 κύκλον,
2402 3587 2505 3642 ὑπὸ
2560 3587 2622 3641 τὸ
2671 3585 2952 3663 στερέωμα
3006 3580 3346 3661 βεϐλημένον
3403 3581 3615 3657 λοξῶς,
3669 3589 3768 3639 τῶν

2123 3679 2217 3752 μὶν
2267 3675 2362 3732 δύο
2413 3681 2588 3752 μερῶν
2632 3675 2798 3731 αὐτοῦ
2843 3679 2952 3730 τῶν
2999 3674 3135 3730 κατὰ
3177 3671 3496 3750 διάμετρον,
3547 3674 3771 3750 ἀντικρὺ

2117 3767 2456 3843 τεταγμένων
2522 3770 2637 3827 τοῖς
2706 3763 2891 3838 μέσοις
2953 3768 3050 3818 τοῦ
3115 3764 3496 3839 στερεώματος
3562 3763 3772 3839 μέρεσι,

2120 3861 2226 3911 τῶν
2281 3856 2475 3930 ἐτέρων
2531 3851 2577 3908 δ’
2623 3851 2688 3908 αὖ
2739 3851 2834 3908 δύο
2888 3856 3088 3928 μερῶν,
3134 3852 3271 3908 κατᾶ
3311 3849 3617 3929 διάμετρον
3687 3853 3774 3907 καὶ

2121 3944 2320 4012 αὐτῶν,
2349 3948 2448 3998 τοῦ
2497 3942 2591 4016 μὲν
2642 3941 2991 4003 ὑπονεύοντος
3046 3941 3183 4018 πρὸ(
3229 3945 3347 4002 τοῖς
3400 3941 3773 4018 βορειοτέροις

2120 4039 2218 4089 τοῦ
2285 4032 2679 4108 στερεώματος,
2726 4035 2824 4086 τοῦ
2892 4027 2950 4084 δὲ
3009 4030 3145 4105 πρὸς
3210 4033 3329 4091 τοῖς
3396 4031 3774 4106 νοτιωτέροις·

2125 4122 2215 4178 ὅτε
2264 4122 2357 4194 μὲν
2405 4118 2676 4196 διέρχεται
2723 4120 2791 4173 τὰ
2838 4119 2940 4174 ὑπὸ
2977 4119 3045 4172 τὰ
3077 4117 3210 4192 μέσα
3236 4121 3335 4172 τοῦ
3365 4119 3772 4192 στερεώμειτοςν

2123 4213 2218 4273 τὰς
2278 4209 2566 4286 ἰσημερίας
2623 4213 2788 4262 ποιεῖ’
2815 4209 2915 4275 τήν
2969 4207 3207 4282 ἐαρινὴν,
3239 4207 3346 4261 ἀπὸ
3405 4211 3515 4261 τῶν
3576 4207 3772 4261 νοτίων

2127 4299 2448 4377 ἐρχόμενος·
2501 4297 2846 4374 ὑποστρέφων
2892 4295 2954 4350 ἐκ
2991 4299 3097 4350 τῶν
3152 4293 3402 4370 βορείων,
3431 4297 3536 4364 τήν
3590 4297 3775 4372 φθινο-

2125 4390 2393 4465 πωρινηψ
2439 4385 2529 4441 ὅτε
2577 4384 2634 4440 δὲ
2679 4387 2742 4440 τὸ
2787 4389 2886 4440 τοῦ
2928 4384 3129 4440 οἰκείου
3175 4383 3382 4440 κύκλου
3442 4391 3655 4457 τμῆμα
3714 4385 3774 4437 τὸ

2133 4476 2478 4554 βορειότατον
2526 4473 2705 4548 δίεισι,
2734 4474 2858 4529 τότε
2902 4475 3001 4542 τὴν
3055 4473 3268 4550 θερινὴν
3314 4471 3458 4548 ὥραν
3495 4471 3772 4529 ἀποτελεῖ·

2127 4569 2225 4636 τήν
2259 4565 2578 4642 χειμερινὴν
2610 4562 2798 4635 πάλιν,
2831 4561 2921 4618 ὅτε
2946 4563 3010 4618 τὸ
3037 4562 3378 4638 νοτιώτερον.

2209 4841 2289 4893 ια’.
2342 4833 2639 4910 Ἀφέστηκε
2687 4827 2744 4886 δὲ
2789 4833 3005 4906 πρῶτος
3051 4833 3149 4885 τοῦ
3213 4831 3591 4907 στερεώματος
3633 4829 3776 4886 πλέ-

2133 4945 2230 4994 νης
2281 4923 2449 4998 ἀστὴρ
2498 4920 2720 4996 Κρόνος,
2773 4921 2801 4974 6
2846 4920 2937 4974 καὶ
2984 4919 3198 4974 Φαίνων
3272 4916 3640 4993 καλούμενος,
3687 4920 3775 4975 τὸν

2135 5011 2334 5067 οἷκεῖον
2383 5009 2584 5065 κύκλον
2636 5007 2705 5064 δι’
2745 5008 2876 5064 ἐτῶν
2919 5007 3205 5084 τριάκοντα
3248 5005 3629 5084 διεργόμενος.
3679 5015 3779 5064 K1-

385 5101 535 5170 grat.
569 5098 725 5153 Infra
753 5098 911 5154 hunc
939 5105 1030 5156 est
1083 5101 1332 5173 Jupiter,
1377 5101 1478 5173 qui
1507 5101 1683 5157 etiam
1732 5102 2008 5158 Phaetho:

2132 5099 2355 5176 τωτέρω
2383 5098 2578 5154 τούτου
2625 5097 2776 5169 Ζεὺς,
2807 5099 2837 5154 6
2867 5097 2957 5152 καὶ
3014 5097 3256 5166 Φαέθων,
3293 5093 3629 5170 δωδεκαετίᾳ
3682 5099 3777 5167 τήν

387 5184 620 5254 dicitur,

698 5187 1082 5258 planetariam
1140 5207 1312 5246 suam
1369 5190 1674 5262 periodum
1718 5191 2026 5247 duodecim

386 5273 560 5332 annis
619 5274 947 5332 absolvens.
981 5277 1118 5334 Post
1157 5278 1324 5334 illum
1355 5283 1412 5335 et
1465 5283 1575 5336 sub
1606 5279 1705 5336 illo
1737 5285 1826 5336 est
1854 5283 2026 5344 Mars,

2139 5189 2302 5244 αὐτοῦ
2350 5186 2692 5260 πλανητικήν
2743 5185 3047 5263 ἀπαρτίζων
3097 5183 3372 5264 περίοδον.
3419 5188 3557 5245 Μετ’
3625 5181 3778 5243 αὐτόν

2136 5300 2196 5334 τε
2240 5279 2332 5334 καὶ
2391 5278 2479 5333 ὑπ’
2527 5276 2684 5333 αὐτὸν
2731 5279 2905 5353 Ἄρης
2955 5276 2984 5329 6
3031 5275 3122 5330 καὶ
3181 5275 3412 5352 Πυρόεις
3479 5275 3620 5332 ἔτεσι
3689 5273 3776 5331 δύο

388 5363 490 5436 qui
511 5363 689 5419 etiam
715 5364 916 5437 Pyrois
947 5366 1179 5436 dicitur,
1212 5369 1446 5425 duobus
1477 5370 1646 5425 annis
1679 5373 1737 5425 et
1766 5369 2008 5442 quinqui

2138 5366 2229 5423 καὶ
2282 5367 2417 5441 μησὶ
2486 5365 2643 5422 πέντε
2702 5366 2792 5420 καὶ
2858 5363 2996 5442 πρὸς
3059 5365 3158 5434 τήν
3219 5361 3358 5420 ἰδίαν
3416 5365 3777 5442 περιστροφὴν

388 5453 695 5511 mensibus
753 5469 820 5509 ac
876 5454 1178 5526 aliquanto
1237 5458 1459 5527 majore
1513 5458 1700 5530 spatio
1734 5459 2028 5531 propriam

2140 5454 2455 5531 ἐκπληρῶν.
2485 5454 2617 5510 Εἶτα
2661 5456 2916 5531 τέταρτος
2969 5452 3059 5508 καὶ
3114 5452 3251 5508 κατὰ
3302 5453 3365 5508 τὸ
3417 5458 3521 5508 τοῦ
3573 5453 3776 5530 αἰθέρος

459 5691 503 5726 ³⁷
535 5688 1128 5769 Regiomon.in_Pto_l._
1152 5688 1383 5769 Almag.
1414 5689 1530 5769 lib._
1547 5694 1883 5769 yu,_prop,g
1907 5697 1964 5749 et
1987 5709 2113 5769 seq.
2187 5692 2308 5735 37-33
2338 5690 2712 5769 Beinbolddn
2733 5689 2967 5750 tabulas
2991 5689 3422 5769 Prutenicast.
3452 5694 3513 5750 2.
3586 5690 3775 5749 "Vide

389 5780 571 5840 supra
599 5762 776 5821 etiam
809 5780 866 5836 p.
899 5763 1044 5832 282;
1072 5762 1250 5820 Macr.
1283 5762 1398 5830 III,
1426 5779 1476 5819 ο.
1511 5763 1612 5832 19;

1707 5763 1812 5821 art.
1843 5765 1982 5838 Cap.
2014 5763 2117 5822 lib.
2147 5781 2248 5822 vm
2274 5763 2387 5821 sub
2411 5763 2610 5821 finem.
