3988 6442
255 431 413 495 1309

1580 444 1929 510 ΕΡΙΤΟΜΕ
1969 444 2331 513 PHYSICA.

3495 457 3654 523 1310

258 563 575 640 μεσαίτατον
628 567 791 640 ἥλιος
851 567 921 627 δι’
979 573 1224 632 ἐνιαυτοῦ
1274 582 1510 653 περαιῶν
1577 582 1675 651 τὴν
1734 582 1880 638 αὗτοῐ

2008 587 2443 644 conversionem
2475 587 2731 662 explens.
2764 589 2982 649 Deinde
3020 595 3267 666 quartus
3311 598 3369 650 et
3406 593 3468 650 in
3517 597 3640 652 ‘me-

251 654 614 730 περιέλευσιν·
698 657 870 737 ἤγουν
958 661 1042 720 διὸ
1122 671 1481 745 νυχθημέρων
1569 673 1890 748 τριακοσίων

254 743 517 816 ἑξήκοντα
557 749 713 805 πέντε
752 752 842 806 καὶ
887 755 1164 831 τετάρτου.
1197 760 1325 813 Μετ’
1367 743 1526 815 αὐτὸν
1577 743 1890 839 Ἀφροδίτη,

251 835 343 890 καὶ
392 835 482 890 ὑπ’
527 837 692 909 αὐτὴν
739 841 1047 921 Ἐωσφόρος
1078 846 1106 900 6
1155 846 1325 924 ἀστὴρ
1371 849 1549 912 οὗτος.
1585 835 1759 907 Ἀλλὰ
1803 853 1892 906 καὶ

251 925 538 1000 Ἕσπερος·
591 929 655 983 τὸ
705 930 800 1002 μὲν
842 928 943 1008 γάρ
994 933 1104 989 ἐστι
1150 937 1238 990 καὶ
1288 935 1532 993 καλεῖται
1579 947 1678 1009 τῆς
1729 940 1892 1010 ἡλίου

251 1013 600 1091 προανίσχων
673 1016 952 1090 έπιτολῆς·
1011 1024 1072 1077 τὸ
1146 1022 1193 1078 δ’
1260 1025 1421 1080 αὐτοῦ
1489 1025 1892 1102 καταδυομένου

251 1103 573 1181 φαινόμενος
628 1108 762 1182 πρὸς
819 1107 1064 1183 δυσμαῖς.
1099 1114 1229 1189 Περὶ
1283 1123 1384 1184 τῆς
1440 1116 1602 1170 αὐτοῦ
1661 1125 1893 1196 φυσικῆς

249 1195 517 1282 κινήσεως
585 1195 636 1249 οἱ
704 1197 1200 1276 ἀστρολογήσαντες
1262 1201 1618 1282 διεφώνησαν’
1674 1195 1770 1262 καὶ
1841 1209 1892 1262 οἱ

255 1284 348 1356 μὲν
381 1280 578 1358 ἔφασαν
625 1285 781 1342 αὐτὸν
828 1287 1138 1366 ἷσοδρομεῖν
1187 1299 1266 1366 τῷ
1313 1280 1481 1368 ἡλίῳο
1517 1303 1631 1360 τοῖς
1681 1296 1738 1352 δὲ
1789 1306 1893 1371 μηέ

253 1371 332 1425 σῖν
371 1371 514 1427 ὀκτὼ
543 1371 883 1453 περιτρέχειν
925 1381 1014 1434 τὸν
1064 1379 1201 1436 ἴδιον
1251 1383 1448 1439 κύκλον
1494 1382 1667 1457 ἔδοξεν
1711 1389 1888 1452 οὗτος.

250 1463 446 1552 Ἕκτος
473 1463 501 1516 6
531 1464 758 1537 Ἑρμῆς,
792 1467 820 1520 6
849 1468 938 1522 καὶ
971 1466 1220 1526 Στίλϐων
1249 1471 1300 1527 ἐν
1331 1473 1384 1544 ἓξ
1435 1477 1568 1548 μησὶ
1616 1477 1704 1531 καὶ
1752 1479 1889 1552 ἡμέ-

255 1569 372 1623 ραις
548 1553 648 1620 τήν
707 1554 843 1626 ὅλην
894 1557 1057 1612 αὐτοῦ
1109 1561 1438 1635 ποιούμενος
1488 1567 1886 1643 περιπόρευσιν.

225 1639 366 1718 ’Τισὶ
441 1637 498 1694 δὲ
554 1646 662 1697 τῶν
748 1645 1096 1722 ἀστρολόγων
1170 1649 1490 1707 ἐνιαυσιαῖον
1562 1656 1651 1710 καὶ
1730 1657 1889 1720 οὗτος

247 1733 519 1820 ποιεῖαοαι
575 1733 666 1787 τὸν
708 1730 924 1820 ,δρόμον
986 1735 1335 1810 ὑπείληπται,
1366 1742 1601 1820 καθάπερ
1650 1745 1887 1816 ὁῆλιος.

248 1813 648 1898 Ἀκριϐέστεροι
700 1819 758 1877 δὲ
810 1823 1021 1897 μᾶλλον
1091 1824 1339 1884 δοκοῦσιν
1403 1833 1456 1886 οἱ
1524 1813 1735 1890 ἐλάττω
1793 1842 1889 1891 τοῦ

245 1904 492 1963 ἐνιαυτοῦ
532 1914 649 1972 τοῖς
692 1911 1006 1988 εἰρημένοις
1054 1912 1174 1970 δυσί
1218 1919 1454 1990 πλάνησι
1503 1924 1594 1977 τὸν
1643 1927 1742 1994 τῆς
1793 1948 1889 2003 φυ-
1919 1956 1967 2022 Β

250 2003 370 2022 _-_-_"!'
390 2018 405 2022 -
436 1999 664 2022 --1..-1-17,
691 2021 699 2022 κ
752 2021 757 2022 ,
839 2001 853 2022 I
1002 2004 1017 2022 9
1227 2008 1238 2022 ρ
1567 2014 1579 2022 .
1691 2015 1701 2022 .
1844 2016 1852 2022 .

245 2003 405 2067 σικῆς
435 1999 702 2069 κινήσεως
747 2001 944 2077 χρόνον
991 2004 1422 2083 ἀποφηνάμενοι,
1454 2014 1590 2066 κατά
1645 2015 1744 2084 τήν
1791 1999 1886 2070 τά·

244 2085 322 2157 ξιν
366 2094 468 2157 τῆς
525 2090 660 2164 πρὸς
713 2091 842 2154 τοὺς
913 2092 1116 2158 ἄλλους
1191 2097 1473 2168 πλάνητας
1552 2099 1884 2168 ὑποϐάσεως.

242 2177 391 2232 Μετὰ
431 2179 636 2241 πάντας
680 2179 905 2254 ἀστέρας
951 2185 987 2252 ἡ
1030 2184 1234 2256 σελήνη
1275 2187 1526 2245 τέτακται
1569 2195 1884 2250 κατωτάτω·

243 2263 379 2334 πρὸς
517 2264 580 2320 τὸ
621 2266 787 2357 πέρας
838 2269 970 2325 αὐτὸ
1014 2276 1111 2326 τοῦ
1141 2274 1357 2351 αἰθέρος
1384 2278 1446 2331 τό
1492 2301 1552 2355 γε
1579 2280 1887 2357 τεθολωμέ-

244 2353 470 2448 νονζὼς
514 2359 595 2426 τῷ
641 2356 1012 2432 ὑπεκκαύματι
1064 2365 1355 2440 συμμιγές.
1391 2353 1537 2439 Αὕτη
1592 2353 1887 2448 σμικρότα-

241 2460 334 2534 τον
365 2438 568 2534 ἔχουσα
591 2445 666 2507 ὡς
720 2448 1130 2522 χθαμαλωτάτη
1163 2438 1266 2507 καὶ.
1311 2438 1736 2534 προσ-γειοτοίτη¹
1767 2484 1887 2517 συν-

243 2527 427 2620 τόμως
485 2532 644 2588 αὐτὸν
702 2535 870 2591 ἀνύεν
931 2534 1001 2592 δι’
1058 2542 1280 2616 ἡμερῶν
1338 2527 1638 2620 γὰρ’ἓπτά
1693 2527 1749 2604 τε
1797 2553 1887 2606 καὶ

245 2615 413 2673 εἷ’κοσι
461 2621 548 2676 καί
594 2645 743 2687 τινος
789 2625 1022 2699 ἡμίσους
1070 2615 1306 2701 μάλιστά
1481 2637 1696 2712 ἡμέρας
1740 2647 1887 2713 μιᾶς.

244 2709 339 2763 Διὸ
386 2710 474 2764 καὶ
522 2711 792 2778 πολλάκις
844 2721 940 2770 τοῦ
976 2716 1218 2775 ἐνιαυτοῦ
1265 2722 1355 2777 καὶ
1397 2709 1605 2802 φθάνει-
1634 2709 1750 2782 καὶ⁷
1779 2753 1883 2785 πα-

245 2794 490 2874 ραμείϐει
519 2802 610 2856 τὸν
645 2802 828 2872 ἥλιον.

2003 674 2098 729 dio
2127 675 2356 733 aetheris
2387 680 2744 736 constitutus
2773 686 2864 737 est
2891 682 2999 751 sol,
3032 684 3170 738 anni
3192 685 3403 752 spatio,
3427 701 3636 757 nempe

2003 765 2274 821 trecentis
2308 768 2608 839 sexaginta
2636 770 2894 842 quinque
2925 772 3131 828 diebus
3152 790 3288 829 cum
3310 775 3638 846 quadrante

2003 868 2177 908 suum
2209 856 2517 913 circuitum
2548 859 2776 915 ﬁniens.
2814 860 2951 916 Post
2981 861 3147 917 illum
3178 869 3223 904 ³ο
3271 867 3328 919 et
3374 865 3485 920 sub
3535 865 3634 922 illo

2000 941 2199 999 Venus
2228 949 2335 1013 est,
2370 963 2494 1017 quae
2525 947 2761 1019 quidem
2795 949 2965 1006 stella
3003 953 3286 1008 aurorifer
3330 957 3387 1009 et
3434 971 3642 1027 vesper

2003 1032 2366 1104 appellatur;
2399 1036 2684 1092 aurorifer
2712 1043 2802 1094 est
2839 1043 2895 1094 et
2923 1046 3185 1109 vocatur,
3214 1059 3346 1098 cum
3376 1047 3511 1100 ante
3542 1061 3638 1101 so-

2002 1120 2076 1176 lis
2106 1125 2299 1179 ortum
2331 1126 2628 1198 exsurgit;
2654 1144 2877 1199 vesper,
2909 1146 3044 1184 cum
3076 1129 3203 1202 ipso
3235 1131 3534 1188 occidente
3565 1133 3637 1188 ad

2004 1228 2274 1268 occasum
2308 1215 2684 1285 conspicitur.
2713 1218 2788 1273 De
2819 1218 3067 1273 naturali
3099 1219 3288 1291 ipsius
3337 1225 3503 1276 motu
3544 1221 3639 1276 in-

2001 1305 2089 1356 ter
2108 1319 2226 1367 eos,
2253 1302 2350 1374 qui
2376 1307 2667 1360 astrorum
2681 1306 2997 1379 cognitioni
3017 1309 3390 1380 studuerunt,
3413 1310 3642 1366 dissen-

2002 1389 2089 1445 sio
2120 1396 2244 1446 est:
2279 1409 2529 1463 quorum
2561 1394 2740 1466 aliqui
2773 1396 2961 1468 ipsam
2994 1399 3119 1469 pari
3151 1414 3286 1453 cum
3318 1398 3441 1454 sole
3483 1399 3642 1455 velo-

2001 1479 2172 1536 citate
2205 1497 2436 1536 currere
2467 1483 2778 1552 dixerunt;
2831 1485 2929 1540 alii
2977 1502 3104 1541 eam
3153 1491 3279 1542 octo
3330 1488 3634 1545 mensibus

2001 1587 2175 1625 suum
2235 1572 2536 1643 proprium
2593 1572 2879 1628 circulum
2935 1591 3270 1646 percurrere
3327 1582 3631 1649 putarunt.

2000 1659 2207 1716 Sextus
2238 1665 2327 1716 est
2353 1661 2690 1732 Mercurius,
2725 1665 2873 1719 391
2914 1664 3013 1736 qui
3043 1666 3219 1721 etiam
3261 1667 3486 1723 Stilbon
3541 1684 3637 1723 vo-

1999 1753 2183 1819 catur,
2208 1750 2540 1807 universam
2561 1768 2730 1808 suam
2756 1753 3332 1811 circummeationem
3355 1771 3455 1812 sex
3477 1773 3640 1812 men-

2000 1838 2164 1894 sibus
2195 1843 2252 1895 et
2279 1856 2380 1895 sex
2410 1840 2618 1897 diebus
2659 1842 2897 1898 faciens.
2951 1844 3062 1898 Sed
3111 1847 3168 1898 et
3209 1844 3280 1900 ab
3338 1845 3635 1916 aliquibus

1998 1926 2306 2001 astrologis
2339 1927 2459 1984 haec
2491 1946 2724 2002 quoque
2749 1930 2916 1986 stella
2960 1947 3222 1988 annuum
3253 1949 3492 1989 cursum
3523 1935 3636 1990 sic-

1997 2017 2084 2072 uti
2131 2017 2215 2073 sol
2247 2018 2408 2074 obire
2453 2019 2786 2075 existimata
2831 2023 2940 2076 est.
2983 2021 3386 2077 Accuratiores
3436 2026 3633 2078 autem

1996 2122 2125 2162 esse
2151 2107 2423 2162 videntur
2449 2106 2556 2179 illi,
2591 2108 2690 2180 qui
2723 2109 2895 2165 dictis
2952 2109 3114 2167 hisce
3157 2111 3390 2167 duobus
3438 2111 3634 2183 plane-

1995 2195 2075 2251 tis
2102 2199 2334 2268 tempus
2365 2197 2651 2253 naturalis
2681 2202 2878 2254 motus
2925 2215 3076 2254 anno
3121 2199 3320 2255 minus
3368 2199 3632 2274 assigna-

1997 2288 2152 2351 runt,
2189 2301 2290 2356 pro
2321 2285 2524 2340 ordine
2548 2286 2853 2352 nimirum,
2886 2304 3000 2358 quo
3040 2288 3192 2343 infra
3238 2287 3384 2344 alios
3431 2289 3633 2360 plane-

1996 2378 2088 2429 tas
2127 2374 2508 2430 descendunt.
2565 2375 2698 2430 Post
2738 2392 2943 2432 omnes
2991 2377 3189 2432 stellas
3238 2376 3379 2433 luna
3426 2377 3628 2434 inﬁmo

1997 2463 2275 2519 collocata
2303 2468 2392 2519 est
2420 2463 2644 2529 ordine,
2691 2465 2760 2519 ad
2819 2465 3010 2536 ipsam
3066 2465 3347 2522 nimirum
3403 2466 3634 2524 aetheris

1996 2553 2443 2620 extremitatem,
2467 2554 2760 2609 turbatam
2791 2553 2951 2609 illam
2982 2559 3306 2627 propterea,
3330 2556 3486 2628 quod
3509 2573 3635 2613 suo-

1996 2643 2254 2698 censioni
2284 2643 2541 2699 admista
2568 2647 2674 2698 est.
2710 2643 2838 2698 stc
2877 2660 3011 2698 cum
3061 2644 3374 2700 minimum
3424 2646 3634 2702 habeat

1997 2731 2302 2786 circulum.
2353 2733 2508 2804 quod
2557 2731 2761 2787 inﬁma
2806 2735 2864 2787 et
2913 2736 3078 2788 terrea
3125 2733 3487 2790 vicinissima
3532 2733 3630 2803 sit,

1997 2821 2152 2878 brevi
2183 2823 2375 2894 ipsum
2409 2825 2665 2893 tempore
2712 2820 2963 2889 conﬁcit,
3011 2820 3212 2893 viginti
3260 2827 3483 2894 septem
3539 2823 3630 2878 ni-

239 2886 672 2983 mirum‘spatio
695 2894 943 2983 dierum,
975 2901 1034 2954 et
1057 2899 1302 2958 dimidio
1325 2920 1504 2976 quam
1534 2910 1795 2979 proxime
1823 2912 1999 2970 unius
2029 2912 2164 2969 diei.
2197 2886 2558 2983 Quapropter
2611 2909 2787 2965 etiam
2817 2925 2968 2981 saepe
2997 2927 3100 2982 per
3137 2927 3358 2967 annum
3379 2915 3437 2967 et
3463 2915 3630 2969 ante-

237 2969 411 3025 vertit
430 2975 486 3026 et
516 2975 773 3043 prmterit
803 2977 1005 3034 solem.

311 3057 402 3131 ιβ’.
433 3057 576 3114 Οὗσα
616 3059 673 3116 δὲ
718 3066 1012 3120 κατωτάτω
1058 3072 1156 3122 τοῦ
1203 3068 1421 3144 αἰθέρος
1469 3075 1558 3128 καὶ
1605 3078 1741 3132 κατά
1785 3079 1880 3143 τὰς

239 3143 416 3240 αὑτοῦ¹
461 3148 599 3223 πρὸς
651 3150 714 3204 τὸ
774 3152 1090 3228 ὑπέκκαυμα
1147 3143 1376 3237 συναφὰς
1433 3163 1524 3216 καὶ
1571 3165 1877 3240 συμμίξεις,

239 3232 312 3295 ὡς
364 3232 592 3311 εἷ’ρηται,
630 3243 850 3318 ζοφερὸν
903 3240 1020 3318 ἔχει
1061 3246 1117 3300 τὸ
1167 3232 1323 3320 σῶμα
1369 3250 1458 3304 καὶ
1506 3232 1658 3329 φύσει
1687 3232 1876 3330 ’ἀλαμλ

2065 3083 2148 3136 12.
2183 3082 2326 3136 Cum
2358 3085 2552 3136 autem
2597 3080 2656 3134 in
2717 3079 2920 3134 inﬁmo
2978 3079 3056 3134 sit
3101 3079 3335 3136 aetheris
3376 3079 3522 3150 loco,
3573 3085 3632 3136 et

1991 3171 2090 3226 ubi
2123 3170 2258 3225 hinc
2290 3186 2422 3224 cum
2455 3169 2832 3225 succensione
2860 3169 3234 3240 conjungitur
3269 3186 3336 3224 ac
3383 3170 3628 3226 commi-

1989 3264 2203 3325 scetur,
2237 3263 2301 3314 ut
2321 3259 2544 3313 dictum
2566 3262 2675 3328 est,
2701 3257 3086 3331 caliginosum
3109 3262 3166 3313 et
3186 3262 3396 3315 natura
3417 3258 3629 3315 obscu-

239 3323 354 3419 πές·
401 3323 461 3380 ἐκ
507 3323 565 3382 δὲ
609 3333 716 3383 τῶν
783 3329 1026 3400 ἡλιακῶν
1093 3334 1324 3391 ἀκτίνων
1386 3323 1694 3399 ἐπείσακτον
1761 3323 1879 3401 κατ’

1995 3365 2124 3404 rum
2153 3348 2326 3403 habet
2352 3363 2586 3419 corpus,
2617 3363 2687 3402 ex
2717 3346 3008 3402 solaribus
3049 3351 3245 3403 autem
3293 3349 3474 3405 radiis
3526 3349 3626 3404 ad-

238 3408 501 3506 ἶδιότητα.
531 3414 734 3506 πέφυκε
779 3417 1030 3497 δέχεσθαι
1064 3424 1169 3498 (τὸ)
1197 3430 1348 3504 φῶς.
1394 3430 1486 3483 Διὸ
1533 3432 1621 3486 καὶ
1671 3432 1874 3506 σελήνη

233 3501 654 3576 κατονομάζεται
703 3504 792 3563 διὰ
837 3509 900 3563 τὸ
951 3510 1111 3573 σέλας
1155 3501 1269 3568 νέον
1319 3512 1464 3592 ἔχειν
1511 3519 1615 3592 ἀεὶ,
1655 3522 1745 3576 καὶ
1790 3501 1876 3578 οῧλ

235 3609 369 3644 ποτε
421 3591 676 3669 παλαιὸν,
735 3593 938 3652 ἄλλοτε
987 3599 1172 3656 ἄλλων
1237 3591 1414 3680 μερῶν
1489 3591 1873 3685 φωτιζομένων

278 3677 291 3699 ,
344 3682 373 3692 -

233 3699 424 3748 αυτης.

306 3857 562 3934 ιγ’.οὗσα
617 3863 720 3939 γὰρ
778 3863 868 3918 καὶ
926 3865 1056 3937 αὕτη
1119 3869 1467 3947 σφαιροειδὴς
1521 3875 1598 3937 ὡς
1636 3877 1664 3930 ὁ
1712 3876 1874 3947 ἥλιος

233 3947 321 4001 καὶ
364 3955 468 4011 πᾶς
517 3948 691 4014 ἄλλος
738 3953 934 4030 ἀστὴρ,
967 3953 1058 4010 ὅτε
1107 3958 1198 4031 μὲν
1251 3963 1388 4015 κατὰ
1436 3959 1723 4041 διάμετρον
1759 3966 1876 4044 ἔχει

230 4036 322 4090 τὸν
375 4035 556 4112 ἥλιον,
597 4041 932 4118 ἀφεστηκυϊα
973 4045 1071 4113 τὴν
1120 4045 1378 4118 πλείστην
1429 4035 1594 4107 αὐτοῦ
1633 4035 1726 4108 καὶ
1779 4035 1874 4130 με-

233 4124 423 4200 γίστην
509 4127 824 4203 ἀπόστασιν,
886 4130 990 4188 ὅλα
1039 4131 1104 4204 δή
1180 4136 1303 4192 τότε
1350 4138 1762 4214 καταλάμπεται
1810 4146 1876 4200 τὰ

228 4212 376 4310 κάτω
397 4216 574 4310 ⁸’μέρη
770 4221 908 4310 πρὸς
965 4225 1135 4296 ἡμᾶς,
1186 4226 1275 4280 καὶ
1332 4227 1536 4303 γίνεται
1568 4212 1871 4310 -παμφαήςο

229 4298 344 4398 {imp
392 4300 585 4398 δειτῷ
632 4305 789 4398 ἡλίῳ*
810 4309 1056 4380 πελάζει,
1084 4298 1600 4394 τοσούτῳψφαίνεται
1645 4298 1876 4398 ’τὰ-πρὸς

227 4391 376 4486 ἡμᾶς
422 4390 716 4486 Δἀλαμπης⁸
773 4395 833 4452 ἐκ
885 4403 992 4453 τῶν
1047 4400 1336 4476 ὁρωμένων
1375 4390 1612 4478 ’ταύτης
1702 4390 1872 4486 μεξρ)-

227 4484 304 4569 ῶν
393 4481 471 4544 εἰς
549 4485 618 4538 τὰ
693 4486 769 4558 μὴ
828 4487 1083 4563 ὁρώμενα
1169 4481 1710 4569 μεταϐιϐαζομένωνί
1765 4481 1874 4554 τῶν

225 4566 474 4661 ἡλιακῶν
556 4572 876 4648 αὖγασμῶν.
929 4579 1055 4633 Ὅτε
1129 4576 1187 4634 δὲ
1245 4581 1475 4658 συνέλθῃ
1509 4566 1518 4569 Ἴ
1557 4590 1637 4658 τῷ
1722 4585 1872 4661 ἡλίῳ

223 4658 361 4734 πρὸς
407 4660 500 4716 τὸν
538 4661 698 4718 αὐτὸν
729 4662 867 4719 ὥστε
897 4663 1197 4723 συνοδεύειν
1252 4669 1416 4744 αὐτῷ,
1445 4673 1567 4729 τότε
1608 4675 1676 4729 τὰ
1725 4677 1864 4751 ὑψη-

225 4743 424 4840 λότερα
463 4748 607 4840 μέρη
658 4753 828 4840 πάντα
855 4757 1200 4832 φωτιζομὲνη
1233 4759 1301 4814 τὰ
1325 4743 1461 4836 πρὸς
1493 4762 1585 4818 τόν
1620 4743 1866 4840 οὐρανὸν,

224 4836 528 4913 ἀφώτιστος
561 4839 857 4917 εὑρίσκεται
891 4840 1081 4900 διόλου
1112 4848 1180 4901 τὰ
1206 4849 1354 4903 κάτω
1382 4851 1473 4905 καὶ
1517 4853 1654 4929 πρὸς
1688 4836 1866 4928 ’ἡμᾶςλ

224 4924 313 4981 ὅτε
372 4923 418 4981 δ’
473 4927 538 4982 αὗ
585 4931 904 5007 παραμείψῃ
950 4935 1042 4989 τὸν
1099 4935 1287 5009 ἥλιον,
1320 4923 1570 5015 ἄρχεται.
1600 4943 1666 4997 τὰ
1721 4944 1869 5001 κάτω

221 5015 566 5107 φωτίζεσθαι,
597 5020 735 5094 πρὸς
784 5019 945 5098 λόγον
992 5031 1092 5094 τῆς
1139 5029 1525 5103 παραμείψεως
1573 5033 1866 5107 γινομένης

222 5102 304 5158 ἀεὶ
329 5111 430 5174 τῆς
462 5105 731 5184 φαύσεως.

296 5369 377 5460 ιδ’.
411 5374 662 5448 Ἔστιδή
700 5378 860 5452 μέσον
901 5384 998 5436 τοῦ
1047 5385 1419 5460 στερεώματος
1467 5385 1676 5452 πλάτος
1719 5390 1865 5446 πολὺ

217 5459 478 5518 κυκλικὸν
551 5463 642 5521 καὶ
710 5464 888 5540 λοξόν·
951 5469 1019 5548 ὑφ
1076 5472 1106 5526 ὃ
1141 5459 1444 5532 ποιοῦνται
1492 5478 1591 5546 τήν
1649 5477 1861 5551 κίνησιν

1985 3437 2293 3494 ventitium
2322 3453 2390 3492 ex
2420 3435 2772 3508 proprietate
2801 3436 3001 3491 lumen
3035 3436 3295 3508 accipere
3323 3437 3477 3509 potis
3515 3442 3626 3495 est.

1986 3529 2347 3598 Quapropter
2377 3526 2424 3561 ιο
2469 3525 2644 3580 etiam
2693 3523 2895 3594 σελήνη
2947 3525 3182 3592 Graecis,
3231 3525 3374 3582 luna
3420 3527 3624 3583 Latine

1987 3609 2346 3686 nominatur,
2396 3615 2550 3687 quod
2609 3614 2862 3670 subinde
2914 3611 3073 3674 σέλας
3160 3614 3302 3685 νέον,
3380 3615 3438 3670 id
3511 3619 3620 3682 est,

1985 3706 2140 3761 892
2175 3704 2374 3759 lumen
2407 3719 2620 3759 novum
2649 3703 2878 3769 habeat,
2911 3720 3211 3775 nunquam
3240 3708 3445 3773 vetus;
3477 3705 3621 3760 dum

1987 3793 2266 3848 nimirum
2300 3793 2445 3848 alias
2474 3791 2596 3848 aliae
2628 3791 2789 3847 illius
2819 3797 3014 3863 partes
3045 3791 3479 3849 illuminantur.

2059 3883 2144 3936 13.
2172 3882 2317 3937 Cum
2350 3881 2507 3936 enim
2540 3881 2659 3936 haec
2688 3897 2924 3952 quoque
2965 3880 3312 3938 orbicularis
3349 3883 3448 3951 sit,
3499 3899 3628 3954 per-

1984 3971 2119 4026 inde
2151 3975 2216 4026 ut
2245 3971 2333 4026 sol
2362 3975 2421 4025 et
2450 3968 2671 4042 quaevis
2701 3969 2816 4026 alia
2843 3969 3046 4040 stella;
3083 3987 3217 4026 cum
3251 3970 3487 4042 quidem
3536 3987 3629 4027 so-

1985 4058 2100 4114 lem
2128 4059 2304 4114 habet
2333 4076 2402 4114 ex
2432 4059 2738 4128 diametro,
2773 4059 3170 4115 remotissima
3200 4060 3272 4114 ab
3304 4075 3370 4115 eo
3400 4064 3457 4115 et
3503 4076 3628 4115 ma-

1983 4148 2141 4204 xima
2171 4148 2496 4204 consistens
2527 4147 2827 4212 distantia,
2863 4147 3154 4203 universis
3183 4152 3310 4203 tum
3359 4148 3625 4220 partibus

1984 4236 2358 4292 inferioribus
2387 4240 2445 4291 et
2473 4253 2600 4308 quae
2633 4237 2703 4291 ad
2748 4253 2854 4292 nos
2898 4236 3222 4308 respiciunt
3269 4235 3621 4305 illustratur,

1983 4329 2219 4396 totaque
2249 4325 2443 4380 lucida
2469 4325 2744 4382 efﬁcitur.
2771 4327 3065 4391 Quantum
3090 4329 3284 4380 autem
3309 4324 3625 4396 appropin-

1985 4419 2126 4487 quat
2155 4414 2283 4482 soli,
2334 4417 2562 4469 tantum
2625 4415 2817 4486 quoad
2875 4431 2981 4470 nos
3037 4415 3290 4470 obscura
3340 4419 3621 4486 apparet:

1983 4504 2214 4576 quando
2240 4505 2460 4559 solares
2491 4503 2639 4558 radii
2669 4519 2737 4559 ex
2794 4503 3059 4575 partibus
3102 4504 3230 4574 ejus
3277 4518 3405 4574 quin
3454 4501 3625 4558 nobis

1979 4593 2252 4649 videntur
2281 4593 2352 4648 ad
2383 4609 2482 4648 eas
2511 4609 2639 4663 qua;
2671 4591 2840 4647 nobis
2890 4609 3007 4648 non
3054 4591 3330 4646 videntur
3372 4591 3625 4647 transfe-

1984 4685 2213 4737 runtur.
2248 4681 2488 4747 Quando
2520 4685 2715 4736 autem
2753 4697 2888 4736 cum
2941 4679 3065 4736 sole
3111 4680 3171 4734 in
3224 4680 3495 4735 eumdem
3545 4679 3628 4734 lo-

1983 4787 2116 4826 cum
2147 4769 2496 4837 convenerit,
2530 4773 2596 4824 ut
2625 4785 2759 4824 cum
2790 4769 2917 4840 ipso
2949 4771 3130 4835 coeat,
3164 4772 3306 4823 tunc
3344 4767 3622 4823 omnibus

1979 4859 2244 4930 partibus
2275 4857 2604 4926 altioribus,
2635 4874 2763 4930 quas
2795 4858 2863 4913 ad
2899 4856 3108 4912 coelum
3140 4856 3462 4929 respiciunt
3489 4854 3630 4911 illu-

1978 4948 2221 5016 minata,
2243 4947 2616 5003 inferioribus
2636 4951 2694 5001 et
2715 4949 2786 5001 ad
2809 4963 2916 5002 nos
2938 4943 3625 5018 vergentibusillumina—

1977 5037 2154 5092 tionis
2219 5053 2422 5108 expers
2497 5035 2971 5108 deprehenditur.
3053 5035 3296 5098 Quando
3371 5035 3626 5106 denique

1973 5125 2232 5180 vicissim
2262 5125 2444 5181 solem
2502 5123 2863 5196 praeterierit,
2922 5123 3309 5178 inferioribus
3358 5122 3626 5195 partibus

1974 5211 2298 5270 illuminari
2327 5212 2548 5284 incipit,
2583 5216 2649 5268 ut
2680 5228 2912 5284 semper
2943 5229 3048 5284 pro
3081 5211 3306 5268 ratione
3363 5211 3624 5284 praateri-

1972 5303 2150 5360 tionis
2183 5303 2287 5358 ﬁat
2315 5301 2654 5358 illustratio.

2047 5393 2133 5447 14.
2166 5391 2264 5448 Est
2287 5391 2569 5447 nimirum
2598 5392 2640 5426 ‘1
2672 5390 2932 5447 medium
2964 5390 3323 5447 ﬁrmamenti
3371 5388 3620 5445 latitudo

1974 5480 2273 5538 circularis
2303 5496 2518 5553 magna
2546 5483 2604 5536 et
2631 5478 2887 5553 obliqua,
2921 5479 3033 5535 sub
3053 5496 3168 5553 qua
3199 5495 3402 5536 omnes
3433 5475 3614 5535 stella

287 5698 616 5791 fihegiom.
787 5718 1060 5791 πτέρι-ορ.
1093 5706 1120 5760 1
1154 5707 1394 5791 in_A1m.
1427 5712 1570 5770 Ptol.
1614 5713 1782 5771 Mart.
1849 5714 1987 5789 Cap.
2030 5715 2133 5772 lib.
2163 5732 2290 5788 vm,
2322 5732 2379 5789 p.
2411 5715 2582 5771 349⁴⁰
2605 5715 2752 5772 Vide
2783 5733 2962 5791 supra
2991 5733 3117 5789 cap.
3148 5717 3239 5788 27,
3271 5733 3333 5771 ιι.
3367 5715 3463 5770 4⁴¹
3494 5713 3615 5772 Ma-

216 5769 376 5828 crob.
407 5769 465 5831 Ιῖ
482 5787 525 5844 ι,
554 5787 610 5844 c,
640 5771 712 5830 45
747 5797 763 5845 ;
794 5769 968 5834 Mart.
1001 5769 1134 5850 Cap.
1168 5778 1272 5837 lib.
1297 5798 1424 5840 vm.
