3988 6416
290 422 443 491 1311

1539 432 1966 500 NICEPH‘OR!
2005 430 2442 500 BLEMHIDE

3535 435 3710 500 131!

290 561 549 619 erratica;
580 579 753 620 suum
783 566 1012 622 motum
1057 565 1294 624 obeunt.
1343 567 1540 641 Neque
1589 570 1746 626 enim
1800 570 1922 626 uni-

2047 568 2234 629 πάντες
2296 569 2347 623 οἱ
2399 565 2694 638 πλάνητες.
2757 563 2895 623 Οὐδὲ
2946 565 3047 643 γὰρ
3121 561 3184 623 τὸ
3249 567 3535 643 στερέωμα
3588 573 3711 624 πᾶν

289 667 525 708 versum
583 653 1021 711 ﬁrmamentum
1079 657 1544 714 subtercurrunt.
1587 659 1936 716 Latissimus

290 739 386 795 hic
417 741 697 813 obliquus
754 743 1009 801 circulus
1058 747 1212 803 808
1273 748 1457 804 multa
1513 749 1670 805 vehit
1721 748 1931 818 sidera,

2049 657 2432 734 ὑποτρέχουσι.
2494 659 2574 715 Τὸ
2627 662 2874 713 τοιοῦτον
2937 657 3274 713 πλατύτατον
3314 657 3588 731 κύκλωμα
3638 660 3712 714 τὸ

2044 744 2201 817 λοξὸν
2264 744 2430 823 ἄστρα
2487 749 2633 824 φέρει
2693 745 2901 816 πολλὰ,
2933 749 3369 822 πιαγραφοῦντά
3397 767 3517 809 πως
3577 750 3710 816 ζῶά

290 845 416 900 quae
448 830 729 887 animalia
757 834 1024 904 quaedam
1048 837 1480 907 quodammodo
1503 840 1856 894 adumbrant
1876 843 1922 894 e1

2047 856 2176 890 τινα.
2229 837 2343 891 Κάκ
2394 843 2495 905 τῆς
2543 836 2804 905 τοιαύτης
2853 835 3207 913 σκιαγραφίας
3265 838 3364 904 τῆς
3419 857 3709 912 συγκεχυ-

290 924 719 990 repraesentant
747 923 814 976 ‘2.
842 924 1029 996 Atque
1049 941 1116 980 ex
1136 925 1246 981 hac
1268 927 1513 982 confusa
1527 932 1585 982 et
1607 927 1930 982 subobscu-

288 1023 356 1062 ra
412 1009 868 1068 adumbratione
925 1017 981 1068 et
1026 1016 1533 1086 repraesentatione
1580 1015 1930 1072 vetustiores

291 1097 568 1167 astrologi
601 1101 1081 1160 adumbrationes
1110 1104 1254 1160 istas
1279 1110 1336 1160 et
1359 1109 1926 1177 repraesentamenta,

289 1186 569 1244 animalia
599 1204 701 1244 seu
734 1189 903 1262 signa
932 1196 989 1246 et
1045 1193 1378 1249 universam
1425 1209 1626 1249 eorum
1676 1193 1927 1265 comple-

289 1275 543 1346 xionem,
605 1278 888 1335 circulum
934 1281 1237 1338 zodiacum
1271 1298 1373 1339 seu
1421 1282 1761 1355 signiferum
1812 1300 1927 1338 non

289 1365 415 1421 sine
442 1383 657 1438 magno
688 1368 876 1425 abusu
908 1371 1212 1426 nominum
1234 1376 1533 1428 vocarunt.

359 1456 444 1511 15.
479 1458 597 1512 Sub
655 1458 874 1513 zodiaci
933 1460 1125 1516 medio
1178 1460 1263 1517 sol
1325 1460 1624 1532 aequaliter
1679 1461 1927 1516 subinde

287 1549 552 1601 movetur
580 1547 651 1602 ab
682 1564 889 1604 occasu
923 1549 994 1604 ad
1025 1553 1228 1617 ortus,-
1260 1551 1477 1606 caaferze
1527 1553 1724 1606 autem
1771 1567 1926 1606 erra-

285 1633 411 1689 ticze
441 1634 643 1704 stellae,
678 1653 805 1708 qua;
835 1637 1140 1694 convolute
1193 1643 1250 1694 et
1294 1643 1554 1695 tortuose
1596 1643 1924 1710 moventur,

287 1724 618 1780 universam
659 1726 902 1782 Zodiaco
959 1727 1286 1798 subjectam
1342 1727 1712 1783 latitudinem
1772 1727 1928 1784 varie

286 1817 686 1881 commutant;
747 1819 806 1870 et
852 1814 998 1871 alias
1047 1816 1286 1887 quidem
1335 1818 1406 1872 ad
1457 1815 1720 1872 boreales
1767 1814 1927 1871 illius

286 1904 502 1974 partes,
538 1901 682 1958 alias
713 1904 784 1959 ad
817 1904 1122 1975 australes,
1155 1904 1300 1961 alias
1331 1905 1507 1961 etiam
1539 1906 1611 1961 ad
1667 1903 1923 1959 medium

283 1991 820 2063 deprehenduntur.
860 1994 1110 2049 Maxime
1158 1998 1351 2050 autem
1400 1995 1552 2051 inter
1597 1993 1742 2050 alias
1784 1992 1928 2048 luna

284 2084 407 2136 tam
464 2081 686 2137 variam
745 2082 1262 2138 commutationem
1320 2083 1581 2148 subiens,
1647 2082 1793 2138 alias
1849 2083 1921 2137 ad

285 2170 492 2226 boreas
523 2174 713 2242 partes
741 2171 1022 2242 ascendit,
1055 2171 1198 2228 alias
1229 2172 1298 2227 ad
1345 2171 1633 2228 australes
1680 2172 1920 2228 descen-

290 2258 395 2324 dit,
428 2257 574 2315 alias
622 2258 797 2314 etiam
842 2277 943 2331 per
996 2260 1255 2316 medium
1309 2261 1420 2316 sub
1471 2259 1647 2316 solari
1706 2260 1921 2317 circulo

285 2347 634 2418 ingreditur.

354 2436 444 2492 49.
478 2436 719 2499 Quando
750 2437 990 2509 proinde
1018 2440 1282 2510 tempore
1317 2438 1747 2509 conjunctionis
1799 2454 1922 2494 suae

288 2541 421 2581 cum
455 2525 575 2582 sole
601 2526 888 2582 borealior
913 2532 1002 2583 est
1047 2531 1150 2583 aut
1189 2527 1519 2597 australior,
1569 2528 1921 2584 obumbrare

284 2619 342 2671 et
369 2614 660 2671 occultare
689 2615 872 2673 solem
903 2633 1016 2672 non
1049 2620 1258 2688 potest.
1293 2617 1533 2680 Quando
1564 2622 1760 2673 autem
1808 2617 1919 2673 sub

282 2703 474 2760 medio
538 2704 938 2776 [ﬁrmamenti]
997 2706 1456 2777 deprehenditur
1505 2710 1562 2761 et
1605 2710 1734 2761 tum
1783 2723 1916 2761 cum

279 2791 400 2848 sole
429 2793 501 2848 ad
561 2793 1043 2864 perpendiculum
1102 2794 1386 2865 consistit,
1446 2795 1705 2865 seipsum
1766 2795 1920 2851 intra

282 2880 465 2936 solem
497 2885 556 2936 et
584 2882 739 2937 894
770 2899 876 2937 nos
907 2886 1139 2954 septum
1190 2899 1255 2937 ac
1303 2883 1612 2939 maceriam
1663 2884 1916 2954 interpo-

281 2970 390 3040 nit,
425 2974 600 3042 atque
629 2970 714 3026 ita
760 2970 942 3027 solem
995 2972 1302 3027 abscondit
1330 2990 1364 3027 a
1389 2972 1577 3040 nobis,
1627 2977 1685 3027 et
1729 2989 1918 3044 neque

281 3059 475 3114 radios
502 3059 662 3115 illius
705 3060 845 3115 sinit
902 3061 973 3114 ad
1033 3076 1226 3116 aerem
1277 3064 1543 3116 nostrum
1591 3061 1917 3134 pertingere

277 3147 590 3221 ipsumque
621 3147 973 3217 illuminare,
1006 3166 1196 3221 neque
1245 3166 1351 3205 nos
1381 3149 1576 3221 ipsum
1609 3149 1790 3206 solem
1822 3151 1918 3205 in-

278 3238 453 3307 tueri,
485 3255 602 3309 qua
629 3238 738 3293 sub
760 3243 926 3310 parte
947 3240 1238 3294 decurrat.

349 3329 436 3381 17.
473 3330 660 3399 Atque
710 3327 861 3383 hanc
919 3327 1007 3399 (ut
1057 3326 1140 3384 ita
1195 3327 1411 3399 dicam)
1469 3327 1916 3385 coincidentiam
1948 3311 1992 3378 (ἶ

281 3416 572 3472 defectum
606 3415 748 3473 solis
779 3415 1240 3488 appellaverunt,
1273 3434 1388 3472 non
1419 3417 1573 3488 quod
1604 3433 1805 3474 revera
1834 3417 1920 3472 lu-

278 3505 503 3560 minare
535 3505 786 3561 deﬁciat.
823 3506 922 3561 sed
950 3506 1198 3562 deﬁcere
1224 3505 1524 3576 videatur;
1549 3522 1619 3562 ex
1647 3523 1714 3562 eo
1762 3507 1918 3578 quod

279 3609 471 3665 neque
501 3593 740 3666 fulgeat.
773 3610 962 3666 neque
996 3599 1288 3664 cernatur,
1337 3611 1471 3651 cum
1504 3595 1656 3651 lunae
1707 3613 1918 3668 corpus

279 3681 607 3751 prohibeat.

352 3769 440 3825 48.
471 3771 647 3827 Porro
686 3772 744 3826 in
801 3773 1091 3844 ejusmodi
1140 3773 1295 3830 lunae
1340 3773 1919 3830 subtercursionibus

282 3857 370 3913 sol
403 3858 572 3914 nobis
619 3859 913 3916 interdum
973 3865 1132 3918 totus
1188 3863 1419 3918 videtur
1478 3863 1916 3935 inconspicuus,

281 3964 433 4021 saepe
463 3951 657 4004 autem
689 3965 757 4004 ex
788 3954 950 4021 parte
980 3968 1087 4006 sua
1117 3951 1416 4023 quapiam,
1449 3968 1553 4023 pro
1584 3951 1917 4008 absconsio-

281 4036 372 4092 nis
404 4036 648 4094 ratione.
681 4039 978 4102 Quantum
1011 4039 1167 4095 enim
1199 4040 1341 4095 luna
1371 4040 1638 4110 subierit,
1686 4044 1919 4096 tantum

281 4125 458 4182 etiam
489 4143 524 4182 a
557 4126 722 4183 nobis
751 4144 865 4182 non
898 4127 1193 4197 cernitur;
1240 4129 1416 4200 idque
1464 4128 1640 4185 etiam
1683 4131 1755 4185 ad
1812 4147 1919 4186 nos

279 4214 478 4271 lumen
509 4232 625 4271 non
656 4216 890 4272 emittit.

351 4305 533 4361 19-21.
549 4305 766 4362 Verum
780 4306 876 4362 hic
888 4305 986 4379 qui
1003 4307 1086 4363 ita
1106 4306 1321 4363 dicitur
1336 4307 1474 4363 solis
1495 4308 1778 4374 defectus,
1802 4324 1918 4362 non

279 4398 369 4450 est
388 4394 550 4451 illius
581 4396 903 4467 passio.Sol
933 4397 1089 4451 enim
1119 4396 1318 4451 lumen
1350 4397 1742 4469 undequaque
1759 4396 1918 4451 omni

280 4487 540 4556 tempore
561 4484 969 4542 diminutionis
985 4500 1189 4558 expers
1201 4489 1257 4542 et
1277 4485 1572 4541 sincerum
1596 4485 1833 4541 obtinet.
1847 4486 1921 4542 At

277 4572 430 4628 lunae
460 4573 724 4630 defectus
751 4574 941 4647 ipsius
971 4575 1120 4630 lunae
1150 4574 1348 4646 passio
1388 4579 1477 4630 est
1526 4579 1583 4630 et
1634 4575 1916 4641 defectus,

2044 925 2212 996 μένης
2261 926 2351 979 καὶ
2401 923 2647 1000 άμυδρᾶς
2696 929 2810 994 ζῶα
2856 924 3183 994 κεκλήκασιν
3232 925 3282 980 οἱ
3342 929 3451 980 τῶν
3493 926 3708 1002 ἀστρο-

2041 1011 2218 1089 λόγων
2261 1013 2609 1088 ἀρχαιότεροι
2652 1013 2720 1069 τά
2761 1015 3240 1091 σκιαγραφήματα·
3288 1013 3380 1067 καὶ
3421 1015 3523 1083 τήν
3589 1035 3709 1069 πε-

2040 1104 2238 1178 ριοχὴν
2269 1103 2441 1157 αὐτῶν
2498 1109 2669 1158 πᾶσαν
2705 1101 2906 1158 κύκλον
2958 1092 3248 1172 ζωδιακὸν,
3271 1101 3362 1158 καὶ
3413 1101 3536 1159 λίαν
3595 1124 3709 1159 κα-

2036 1193 2447 1267 ταχρησάμενοι
2475 1196 2594 1254 τοῖς
2627 1190 2908 1264 ὀνόμασιν.

2113 1464 2188 1514 ιε’.
2233 1457 2363 1512 Ὑπὸ
2409 1459 2471 1512 τὸ
2515 1462 2613 1512 τοῦ
2665 1455 2933 1526 ζωδιακοῦ
2978 1458 3042 1512 τὸ
3094 1455 3408 1529 μεσαίτατον
3459 1457 3703 1529 ὁμαλῶς

2037 1547 2065 1600 ὁ
2095 1543 2257 1614 ἥλιος
2314 1549 2540 1601 κινεῖται
2601 1544 2865 1617 διηνεκῶς
2911 1547 3010 1614 τὴν
3070 1545 3176 1601 ἀπὸ
3206 1543 3423 1618 δυσμῶν
3455 1546 3532 1608 εἰς
3565 1549 3702 1602 ἂνα-

2034 1633 2221 1698 τολάς⁶
2251 1636 2301 1690 οἱ
2334 1633 2380 1690 δ’
2421 1633 2586 1691 ἄλλοι
2615 1635 2885 1705 πλάνητες
2933 1631 3246 1696 ὲλικοειδῶς
3291 1633 3584 1712 φερόμενοι
3622 1636 3697 1691 τὸ

2039 1725 2140 1778 ὑπὸ
2194 1725 2284 1779 τὸν
2344 1722 2606 1794 ζωδιακὸν
2667 1723 2876 1787 πλάτος
2950 1729 3055 1778 πᾶν
3133 1722 3541 1794 ἐξαλλάττουσιθ
3594 1726 3700 1779 καὶ

2034 1813 2167 1868 ποτὲ
2225 1814 2321 1886 μὲν
2378 1813 2465 1868 ἐπὶ
2512 1813 2581 1869 τὰ
2611 1813 2800 1889 βόρεια
2834 1812 3077 1888 γίνονται
3107 1812 3322 1885 τούτου,
3350 1813 3485 1868 ποτὶ
3513 1809 3560 1867 δ’
3596 1812 3696 1868 ἐπὶ

2033 1904 2102 1956 τὰ
2152 1902 2324 1972 νότια,
2359 1903 2492 1958 ποτέ
2549 1900 2607 1958 δὲ
2663 1902 2754 1958 καὶ
2809 1901 2947 1979 πρὸς
2996 1901 3061 1957 τὸ
3111 1901 3272 1974 μέσον
3324 1901 3694 1977 εὑρίσκονται.

2031 1991 2282 2048 Μάλιστα
2332 1989 2391 2047 δὲ
2441 1995 2548 2046 τῶν
2610 1990 2796 2047 ἄλλων
2850 1993 2885 2060 ἡ
2945 1989 3150 2060 σελήνη
3209 1989 3516 2064 ποιουμένη
3581 1992 3692 2061 τήν

2027 2080 2285 2151 τοιαύτην
2339 2079 2664 2156 ἐξαλλαγὴν,
2694 2080 2827 2135 ποτὶ
2883 2079 2976 2153 μὲν
3033 2078 3229 2134 ἄνεισιν
3277 2079 3352 2141 ὡς
3408 2080 3549 2154 πρὸς
3583 2078 3684 2156 βὸτ

2030 2170 2322 2245 ρεια,ποτὲ
2371 2167 2429 2225 δὲ
2479 2152 2714 2225 κάτεισιν
2769 2169 2847 2231 ὡς
2887 2152 3041 2244 πρὸς
3099 2167 3269 2223 νότια’
3299 2152 3548 2224 ποτεδέ
3584 2152 3693 2224 καὶ

2025 2257 2119 2313 τὸν
2152 2257 2313 2332 μέσον
2345 2255 2520 2314 ὁδεύει
2546 2257 2636 2312 τὸν
2663 2255 2767 2312 ὑπὸ
2788 2257 2879 2311 τὸν
2911 2255 3164 2325 ἡλιακόν.

2103 2438 2186 2500 ις’.
2220 2437 2366 2491 Κατὰ
2387 2441 2516 2512 γοῦν
2545 2436 2643 2504 τήν
2678 2434 2845 2504 αὐτῆς
2892 2436 3026 2510 πρὸς
3074 2435 3168 2490 τὸν
3225 2433 3387 2502 ἥλιον
3449 2433 3683 2490 σύνοδον

2033 2525 2346 2602 βορειοτέρα
2380 2525 2474 2597 μὲν
2522 2522 2654 2580 οὖσα
2708 2523 2799 2579 καὶ
2844 2523 3158 2597 νοτιωτέρα,
3185 2523 3276 2578 τὸν
3327 2521 3491 2592 ἥλιον
3545 2525 3683 2579 ὑπο-

2027 2614 2238 2670 σκιάσαι
2286 2615 2377 2669 καὶ
2418 2612 2618 2690 κρύψαι
2666 2613 2728 2667 οὐ
2781 2609 3021 2670 δύναται.
3071 2613 3216 2667 Κατὰ
3263 2611 3320 2666 δὲ
3365 2612 3459 2666 τὸν
3513 2612 3684 2684 μέσον

2027 2704 2384 2779 εὑρισκομένη
2442 2703 2532 2758 καὶ
2586 2707 2666 2774 τῷ
2719 2701 2868 2774 ἡλίῳ
2930 2703 3194 2776 γινομένη
3240 2700 3364 2756 τότε
3415 2698 3486 2770 δὴ
3538 2703 3680 2775 (καὶ)

2025 2793 2160 2847 κατά
2214 2791 2459 2863 κάθετον,
2517 2792 2763 2869 φραγμὸν
2818 2792 3011 2860 ἑαυτὴν
3062 2791 3151 2845 οιαὶ
3195 2787 3552 2865 διατείχισμα
3595 2791 3682 2845 τί-

2027 2893 2151 2950 θησι
2205 2881 2365 2954 μέσον
2417 2881 2584 2951 ἡλίου
2629 2880 2719 2935 καὶ
2768 2883 2953 2954 ἡμῶν,
2978 2880 3071 2934 καὶ
3114 2878 3288 2942 οὕτως
3337 2879 3685 2954 ἀποκρύπτει

2025 2971 2112 3026 τὸν
2165 2968 2326 3040 ἥλιον
2387 2971 2475 3047 ἀφ’
2504 2973 2685 3043 ἡμῶν·
2716 2969 2807 3024 καὶ
2863 2966 2975 3023 οὔτ’
3004 2967 3168 3023 αὐτοῦ
3223 2968 3322 3030 τὰς
3367 2968 3592 3030 ἀκτῖνας
3624 2967 3685 3040 ἐᾷ

2026 3057 2342 3115 διικνεῖσθαι
2395 3059 2533 3136 πρὸς
2584 3058 2676 3114 τὸν
2725 3059 2840 3112 καθ’
2878 3061 3028 3130 ἡμᾶς
3087 3058 3217 3134 ἀέρα
3273 3055 3361 3112 καὶ
3418 3055 3680 3134 φωτίζειν

2023 3147 2208 3218 αὐτὸν,
2241 3145 2354 3212 οὔθ’
2385 3150 2535 3221 ἡμᾶς
2565 3148 2657 3202 τὸν
2706 3145 2868 3216 ἥλιον
2901 3147 3019 3210 καθ’
3053 3143 3184 3221 ὅπερ
3242 3145 3301 3200 ἂν
3363 3143 3682 3221 ὑποδράμοι

2028 3237 2194 3312 μέρος
2226 3236 2383 3291 αὐτὸν
2415 3237 2665 3309 καθορᾷν.

2101 3327 2185 3394 ιζ’.
2218 3323 2315 3380 Καὶ
2360 3326 2460 3394 τήν
2509 3322 2766 3394 τοιαύτην
2813 3322 3128 3397 σύμπτωσιν
3197 3320 3441 3396 ἔκλειψιν
3509 3321 3686 3391 ἡλίου

2027 3415 2525 3490 προσηγορεύκασιν
2585 3413 2647 3468 οὐ
2699 3416 2822 3474 ταῖς
2878 3410 3162 3483 ἀληθείαις
3241 3415 3338 3466 τοῦ
3388 3418 3686 3490 φωστῆρυς

2029 3501 2399 3575 ἐκλείποντος,
2432 3500 2581 3558 άλλά
2635 3499 2926 3563 δοκοῦντος
2984 3499 3273 3568 ἐκλείπειν,
3306 3498 3368 3556 ἐκ
3418 3503 3520 3554 τοῦ
3553 3500 3683 3573 μήτ’

2029 3592 2275 3668 αὐγάζειν
2306 3592 2436 3664 μήθ’
2463 3592 2709 3667 ὁρᾶσθαι.
2739 3594 2838 3645 τοῦ
2883 3590 2985 3660 τῆς
3042 3588 3282 3661 σελήνης
3343 3586 3679 3665 διείργοντος

2027 3682 2301 3754 σώματος.

2101 3771 2190 3840 ιη’.
2238 3771 2324 3824 Ἐν
2381 3767 2439 3824 δὲ
2482 3773 2604 3831 ταῖς
2655 3767 2931 3830 τοιαύταις
2978 3767 3179 3842 γίνεται
3261 3771 3366 3836 τῆς
3438 3765 3678 3837 σελήνης

2029 3857 2370 3935 ὑποδρομαῖς
2403 3859 2431 3912 ὁ
2460 3855 2624 3927 ¹ἥλιος
2651 3860 2786 3930 ἡμῖν
2821 3857 3031 3934 ἀφανὴς
3061 3855 3231 3911 ἐνίοτε
3276 3855 3370 3928 μὶν
3430 3853 3589 3924 ὅλος,
3615 3855 3685 3910 τὰ

2026 3945 2213 4002 πολλὰ
2245 3944 2302 4002 δὲ
2329 3945 2465 4002 κατά
2491 3967 2541 4000 τι
2580 3945 2740 4022 μέρος
2780 3943 2947 4000 αὐτοῦ
2992 3945 3128 4016 πρὸς
3179 3942 3345 4018 λόγον
3394 3949 3499 4012 τῆς
3545 3943 3681 3998 ὑπο-

2027 4036 2298 4112 κρύψεως.
2345 4038 2504 4090 ’Όσον
2562 4034 2662 4110 γὰρ
2718 4027 3056 4103 ὑποϐέϐηκεν
3085 4035 3121 4102 ἡ
3152 4029 3387 4102 σελήνη,
3413 4035 3677 4085 τοσοῦτον

2027 4126 2117 4181 καὶ
2163 4128 2299 4198 ἡμῖν
2351 4123 2705 4198 ἀκαθόρατον·
2735 4126 2897 4178 τοῦτο
2948 4120 3038 4177 καὶ
3084 4121 3224 4195 πρὸς
3253 4122 3402 4194 ἡμᾶς
3453 4119 3557 4174 οὐκ
3604 4118 3685 4174 έκ-

2027 4216 2232 4288 πέμπει
2261 4215 2325 4270 τὸ
2355 4218 2493 4286 φῶς.

2103 4305 2292 4368 ιθ’-κα’.
2325 4301 2481 4360 Ἀλλ’
2509 4305 2544 4372 ἡ
2583 4303 2677 4376 μὲν
2711 4299 2976 4378 λεγομένη
3009 4297 3146 4354 κατᾶ
3169 4297 3262 4353 τὸν
3303 4294 3466 4366 ἥλιον
3499 4293 3680 4352 ’ἐκλει-

2026 4395 2118 4467 ψις
2179 4391 2279 4447 οὐκ
2334 4387 2446 4445 ἔστι
2504 4390 2678 4454 πάθος
2732 4388 2917 4445 αὐτοῦ.
2950 4387 3132 4456 Πάντη
3191 4385 3293 4463 γὰρ
3344 4385 3620 4459 άμείωτον
3651 4385 3682 4438 ὁ

2026 4481 2188 4552 ἥλιος
2221 4476 2338 4556 ἔχει
2386 4480 2450 4534 τὸ
2482 4483 2596 4558 φῶς
2630 4479 2712 4534 ἀεὶ
2738 4477 2830 4533 καὶ
2878 4474 3190 4552 εῗλικρινές.
3220 4477 3282 4530 Ἠ
3331 4472 3389 4529 δὶ
3427 4479 3533 4542 τῆς
3590 4493 3680 4528 σε-

2029 4569 2207 4642 λήνης
2264 4567 2506 4642 ἔκλειψις
2565 4568 2736 4637 αὐτῆς
2791 4573 2892 4636 τῆς
2939 4563 3178 4636 σελήνης
3205 4562 3377 4628 πάθος
3421 4562 3554 4618 ἐστί’
3587 4561 3681 4617 καί

281 4661 383 4734 qui
415 4678 611 4718 revera
638 4663 720 4718 ita
751 4663 874 4732 ﬁat,
908 4680 1013 4719 nec
1039 4663 1166 4718 ﬁeri
1195 4663 1445 4718 videtur.
1479 4661 1719 4726 Quando
1761 4661 1918 4717 enim

2047 4666 2142 4714 ιατ’
2205 4657 2487 4730 ἀλήθειαν,
2557 4655 2685 4711 ἀλλ’
2759 4654 2820 4712 οὗ
2889 4653 3029 4710 κατὰ
3101 4651 3326 4744 δόκησιν
3409 4647 3681 4744 ἔκλειψις,

278 4749 422 4806 luna
434 4752 505 4807 ad
526 4751 708 4807 solem
729 4752 1092 4808 exdiametro
1114 4751 1509 4819 constituitur,
1528 4750 1820 4822 siquidem
1844 4751 1916 4806 ad

278 4839 542 4896 boreales
559 4846 616 4896 et
637 4841 925 4898 australes
946 4847 1138 4913 partes
1162 4840 1405 4896 Zodiaco
1423 4840 1720 4911 subjectas
1751 4855 1917 4912 repe-

279 4931 485 4998 riatur,
506 4934 630 4986 tota
650 4929 845 4987 lucida
865 4934 1168 5003 permanet
1189 4946 1294 4986 nec
1318 4929 1643 5002 quidquam
1668 4929 1915 5001 patiens.

276 5019 373 5073 Sin
408 5022 604 5074 autem
633 5019 918 5090 injmedio
970 5021 1121 5077 895
1174 5018 1521 5087 constiterit,
1565 5022 1623 5073 et
1669 5015 1917 5072 solarem

277 5108 563 5164 circulum
579 5108 1056 5179 subtendat,tunc
1068 5114 1222 5164 terra
1235 5109 1421 5164 instar
1432 5107 1579 5179 septi
1599 5106 1919 5177 seinterpo-

277 5199 453 5252 nente
481 5194 736 5267 fulgores
767 5214 801 5252 a
831 5199 952 5253 sole
981 5215 1097 5253 non
1129 5197 1362 5269 recipit;
1397 5200 1454 5252 et
1475 5213 1591 5268 qua
1615 5198 1776 5267 parte
1801 5210 1918 5250 non

279 5285 656 5358 recipit,‘,non
688 5285 1054 5342 illuminatur
1083 5287 1291 5357 etiam;
1323 5291 1382 5342 et
1412 5285 1565 5357 quod
1599 5285 1658 5339 in
1689 5284 1919 5340 defectu

277 5376 380 5448 qui
412 5373 622 5431 solaris
653 5374 870 5430 dicitur
891 5374 954 5431 in
985 5377 1393 5449 conjunctione
1421 5374 1618 5443 efﬁcit,
1649 5378 1713 5428 ut
1734 5373 1917 5430 solem

277 5482 311 5520 a
331 5463 500 5522 nobis
522 5467 762 5533 avertat,
778 5463 934 5519 idem
958 5464 1017 5519 in
1043 5465 1326 5521 diametro
1344 5482 1378 5521 a
1400 5468 1557 5520 terra
1577 5461 1916 5537 perpetitur.

276 5553 424 5610 Cum
454 5551 612 5608 enim
645 5551 798 5607 intra
827 5550 1007 5607 solem
1038 5557 1096 5607 et
1122 5551 1325 5608 lunam
1351 5557 1505 5608 terra
1541 5557 1670 5608 tum
1725 5550 1917 5608 medio

350 5773 396 5812 ¹²
426 5770 680 5834 Macrob.
710 5772 751 5832 l.
784 5788 826 5844 ι,
849 5786 900 5829 c.
928 5767 1020 5826 21.

2026 4750 2151 4804 Ὅτε
2206 4747 2310 4823 γὰρ
2341 4748 2376 4816 ἡ
2408 4744 2611 4817 σελήνη
2671 4748 2751 4817 τῷ
2807 4742 2956 4817 ἡλίῳ
3011 4741 3150 4798 κατὰ
3199 4739 3487 4818 διάμετρον
3534 4739 3680 4815 γίνε-

2024 4857 2131 4909 ται,
2165 4837 2300 4912 πρὸς
2360 4835 2454 4909 μὶν
2508 4840 2628 4897 τοῖς
2686 4832 2789 4889 ὑπὸ
2843 4833 2936 4888 τὸν
2995 4829 3256 4902 ζωδιακὸν
3317 4830 3679 4907 εὖρισκομὲνη

2030 4923 2270 5000 βορείοις
2325 4924 2417 4979 καὶ
2484 4922 2714 4993 νοτίοις,
2767 4922 2915 4996 μένει
2974 4918 3146 4995 μηδὲν
3197 4918 3482 4996 πάσχουσα
3528 4939 3679 4992 παμ-

2027 5016 2193 5093 φαής.
2223 5019 2308 5068 Ἐν
2335 5017 2416 5086 τῷ
2452 5013 2600 5086 μέσῳ
2630 5010 2690 5066 δὲ
2714 5015 2960 5087 τυχοῦσα
2985 5010 3076 5066 καὶ
3122 5011 3214 5067 τὸν
3269 5008 3500 5080 ἡλιακὸν
3545 5009 3679 5064 ὑπο-

2024 5101 2291 5174 τείνουσα,
2323 5101 2447 5156 τότε
2503 5108 2603 5170 τῆς
2657 5107 2764 5176 γῆς
2821 5097 3281 5174 διατειχιζούςης,
3339 5097 3404 5153 οὗ
3462 5095 3679 5173 δέχεται

2024 5193 2092 5248 τὰ
2126 5192 2177 5264 ἐξ
2208 5190 2377 5261 ἡλίου
2408 5189 2594 5267 αὐγάς*
2621 5189 2712 5245 καὶ
2769 5190 2887 5253 καθ’
2915 5190 2946 5244 ’ὁ
2982 5189 3146 5263 μέρος
3189 5187 3256 5241 οὗ
3291 5184 3511 5262 δέχεται
3557 5183 3680 5242 ταύ-

2026 5303 2139 5353 τας,
2175 5279 2302 5336 οὐδὲ
2329 5280 2638 5358 φωτίζεταιο
2694 5279 2785 5334 καὶ
2817 5277 2949 5353 ὅπερ
2997 5276 3131 5348 αὕτη
3178 5275 3317 5332 κατὰ
3370 5277 3468 5345 τὴν
3519 5273 3678 5351 λεγο-

2032 5372 2200 5444 μένην
2259 5368 2503 5439 ἡλιακὴν
2554 5366 2797 5442 ἔκλειψιν
2854 5366 2906 5423 ἐν
2964 5363 3172 5438 συνόδῳ
3217 5369 3384 5435 ποιεῖ,
3416 5362 3673 5441 διαφράτ-

2026 5479 2194 5515 τουσα
2221 5459 2312 5513 τὸν
2345 5457 2508 5527 ἥλιον
2541 5455 2592 5529 ἐξ
2630 5459 2814 5530 ἡμῶν,
2843 5459 2988 5512 τοῦτ’
3031 5454 3084 5511 ὲν
3144 5451 3421 5529 διαμέτρῳ
3479 5454 3678 5526 πάσχει

2026 5549 2173 5625 παρᾶ
2225 5555 2326 5617 τῆς
2384 5553 2508 5622 γῆς.
2537 5544 2730 5605 Ἠλίου
2787 5547 2889 5623 γὰρ
2927 5541 3018 5600 καί
3046 5542 3288 5615 σελήνης
3317 5541 3667 5618 εὑρισκομένη

3961 5543 3988 6388 ἑ
