3988 6432
271 445 430 520 4343

1600 435 1949 522 EPITOME
1989 433 2352 511 PHYSIGA.

3513 446 3671 512 1314

268 582 566 653 τηνικαῦτα
621 578 784 652 μέσον
818 577 855 646 ἡ
905 579 1002 652 γῆ,
1060 578 1196 632 κατά
1246 575 1369 651 μίαν
1431 575 1654 649 εὐθεῖαν,
1708 573 1912 631 κωλύει

2029 579 2352 651 reperiatur
2401 581 2462 637 in
2511 582 2715 638 eadem
2763 580 2915 637 linea
2953 584 3127 651 recta,
3163 581 3432 654 prohibet
3462 581 3665 641 lunam

266 673 364 741 τὴν
420 667 658 739 σελήνην
709 671 830 729 ταῖς
880 665 932 736 ἐξ
978 665 1148 730 ἡλίου
1193 663 1543 740 λαμπηδόσιν
1576 664 1913 741 αὐγάζεσθαι.

275 760 373 814 Καὶ
431 755 556 813 ὅσον
629 755 798 825 αὐτῆς
876 755 1038 830 μέρος
1089 759 1211 818 ταῖς
1284 753 1542 825 ἡλιακαῖς
1591 753 1797 808 ἀκτῖσιν
1857 752 1919 806 ού

271 844 706 920 καταλάμπεται,
797 841 937 917 μένει
1023 849 1182 899 τοῦτο
1277 845 1501 917 πάμπαν
1593 844 1915 920 ἀφώτιστον.

270 936 476 993 Ἐνίοτε
505 934 562 989 δὲ
592 935 682 989 καὶ
710 938 855 987 πᾶσα
888 936 1165 1008 ζοφοῦται,
1198 933 1287 987 καὶ
1326 934 1386 987 τὸ
1417 937 1534 1008 φῶς
1591 929 1721 985 ὅλον
1753 930 1921 986 ἀπόλ-

273 1025 448 1099 λυσιν,
482 1025 559 1086 ὡς
587 1023 676 1078 καὶ
709 1020 887 1076 δοκεῖν
915 1023 1265 1100 ἡφαντῶσθαι
1293 1023 1383 1076 καὶ
1429 1019 1569 1095 μηδὲ
1622 1021 1714 1074 τὸν
1753 1020 1919 1074 τόπον

272 1115 323 1172 ἐν
380 1116 530 1192 ᾧπερ
586 1113 654 1182 ἧν
712 1110 857 1174 ὅλως
904 1109 1370 1187 διαγινώσκεσθαι,
1428 1115 1510 1182 τῷ
1573 1106 1714 1183 μηδέ
1765 1111 1915 1164 σγιὰν

270 1205 437 1273 αὐτῆς
493 1202 588 1258 κᾶν
647 1204 775 1278 γοῦν
829 1197 1072 1278 ἀμυδράν
1129 1221 1256 1256 τινα
1282 1200 1694 1276 περισώζεσθαι.
1726 1198 1917 1252 Τοιαύ-

268 1315 368 1366 της
397 1292 489 1348 καὶ
518 1293 684 1366 ἡμεῖς
711 1287 1042 1362 σεληνιακῆς
1095 1287 1389 1364 ἐκλείψεως
1445 1288 1706 1343 αὐτόπται
1754 1287 1916 1364 γεγό-

272 1403 461 1457 ναμεν.

335 1473 441 1548 κβ’.
473 1471 531 1524 Ὀ
564 1470 658 1544 μὶν
687 1465 780 1524 οὖν
808 1465 974 1538 ἥλιος
1019 1466 1080 1523 ἐκ
1117 1471 1223 1522 σῶν
1269 1465 1612 1546 φαινομένων
1642 1465 1767 1540 περὶ
1819 1467 1914 1528 τὰς

267 1562 363 1630 τῆς
395 1557 633 1629 σελήνης
665 1554 936 1630 ἐκλείψεις
981 1561 1180 1630 μεῖζων
1222 1562 1322 1626 τῆς
1381 1559 1480 1633 γῆς
1530 1553 1914 1618 ἀνενδοιάστως

265 1648 606 1725 γινώσκεται·
657 1644 749 1700 καὶ
808 1643 899 1700 διὰ
951 1649 1111 1700 τοῦτο
1169 1645 1459 1721 γινόμενος
1513 1645 1616 1700 ὑπὸ
1665 1651 1790 1720 γῆν,
1851 1643 1914 1698 ού

265 1735 532 1792 κωλύεται
584 1735 712 1812 παρ’
742 1733 911 1805 αὐτῆς
970 1733 1047 1796 εἷς
1102 1735 1165 1789 τὸ
1219 1738 1316 1789 τοῦ
1373 1733 1583 1810 αἰθέρος
1631 1732 1767 1808 ὕψος
1817 1733 1915 1795 τὰς

266 1824 468 1888 οἰκείας
499 1823 795 1899 ἐκπέμπειν
827 1822 1016 1897 αὐγὰς.
1053 1823 1462 1900 Περιεχομένης
1515 1823 1616 1900 γὰρ
1677 1823 1780 1878 ὑπὸ
1817 1827 1914 1877 τοῦ

262 1915 428 1986 ἡλίου
469 1917 569 1984 τῆς
613 1919 718 1990 γῆς
768 1910 857 1968 διὰ
899 1913 1000 1981 τὴν
1048 1911 1249 1984 ταύτης
1297 1912 1654 1986 σμικρότητα,
1687 1916 1806 1974 πῶς
1851 1912 1911 1966 ἂν

259 2003 555 2060 κωλυθεῖεν
613 2003 669 2057 αἱ
727 2003 937 2064 ἀκτῖνες
990 2001 1051 2056 ἐκ
1105 2006 1213 2056 τῶν
1271 1999 1451 2077 ἄκρων
1510 2001 1676 2071 αὐτῆς
1715 2000 1793 2063 εἰς
1846 2001 1911 2055 τὸ

256 2097 353 2149 τοῦ
400 2091 615 2168 αἰθέρος
676 2090 812 2165 ὕψος
871 2084 1272 2160 διαϐιϐάζεσθαι
1298 2109 1312 2161 ;
1342 2090 1436 2145 Διὸ
1490 2090 1580 2144 καὶ
1625 2088 1907 2162 καταλάμ-

261 2203 416 2238 πεται
467 2182 537 2236 τὰ
593 2179 905 2257 ὑψηλότερα
956 2184 1054 2235 τοῦ
1086 2180 1292 2254 κόσμου
1323 2181 1416 2235 κάν
1447 2184 1527 2251 τῷ
1563 2179 1666 2234 ὑπὸ
1695 2181 1908 2256 γῆντεί-

261 2292 345 2326 ναι
400 2273 491 2326 τὸν
550 2268 735 2340 ἥλιον·
770 2269 822 2324 ἐν
875 2269 1027 2324 νυκτὶ
1088 2266 1144 2324 δέ
1193 2269 1294 2323 εἰσι
1323 2268 1449 2324 τότε
1474 2269 1541 2323 τὰ
1598 2265 1910 2344 χθαμαλώ-

260 2381 392 2437 τερα
440 2381 499 2415 τε
554 2360 644 2414 καὶ
700 2357 1103 2435 προσγειότερα.
1150 2357 1255 2429 Νὺξ
1308 2358 1410 2434 γὰρ
1467 2355 1620 2413 οὐδὲν
1659 2354 1842 2434 ἕτερον
1871 2357 1907 2426 ἢ

259 2456 358 2518 τῆς
386 2455 488 2525 γῆς
521 2449 556 2518 ἡ
589 2448 732 2504 σκιά.

333 2539 432 2614 κγ’.
464 2542 572 2608 Τῆς
620 2536 880 2608 τοιαύτης
939 2533 1030 2591 οὗν
1084 2541 1238 2598 σκιᾶς
1294 2533 1384 2590 διὰ
1438 2535 1502 2591 τὸ
1563 2534 1783 2613 μέγεθος
1810 2539 1908 2590 τοῦ

265 2625 428 2696 ἡλίου
454 2625 747 2703 γινομένης
776 2622 1125 2698 κωνοειδοῢς,
1151 2624 1241 2680 καὶ
1268 2626 1370 2694 τὴν
1402 2627 1493 2698 μὲν
1551 2625 1704 2701 βάσιν
1748 2624 1908 2702 ἐχού-

269 2737 367 2788 σης
413 2714 674 2771 πλατεῖαν
717 2715 1297 2791 συμπαρεκτεταμένην
1328 2718 1409 2787 τῷ
1444 2713 1593 2791 μέρει
1649 2721 1751 2784 τῆς
1805 2720 1909 2789 γῆς

266 2803 390 2860 ὅσον
427 2803 489 2860 οὐ
518 2802 863 2877 καταλάμπει
895 2801 926 2858 ὅ
953 2801 1137 2876 ἥλιος,
1166 2803 1264 2871 τήν
1318 2799 1375 2856 δὲ
1429 2803 1672 2880 κορυφήν
1711 2803 1790 2865 εἰς
1818 2802 1908 2876 ὀξὺ

263 2893 559 2968 λήγουσαν·
589 2892 659 2948 τὰ
720 2894 814 2966 μὲν
873 2889 980 2946 ἄνω
1021 2898 1122 2962 τῆς
1153 2890 1392 2962 σελήνης
1445 2891 1536 2945 καὶ
1596 2891 1910 2967 ὑψηλότερα

259 2983 359 3052 τὴν
417 2981 674 3052 τοιαύτην
728 2981 819 3036 καὶ
895 2981 1032 3036 κατά
1103 2986 1280 3053 μῆκος
1365 2976 1672 3057 ὑπερϐαίνει
1730 2981 1906 3037 σκιάν.

264 3071 416 3125 Ὅθεν
470 3067 648 3132 οὐδεὶς
702 3068 980 3146 ἰστόρηταί
1036 3089 1169 3124 ποτε
1208 3073 1317 3124 τῶν
1355 3069 1592 3144 ἀστέρων
1617 3068 1785 3144 ταύτῃ
1813 3091 1907 3124 πε-

265 3164 523 3236 ριπεσεῖν.
553 3161 625 3213 Ἦ
671 3157 773 3235 γὰρ
831 3157 890 3212 ἂν
952 3157 1119 3236 ἐφάνη
1162 3156 1542 3234 λαμπρότερος
1601 3159 1812 3213 ἑαυτοῦ·
1842 3161 1910 3215 τὰ

263 3253 416 3326 φῶτα
468 3248 569 3324 γὰρ
627 3247 680 3302 ἐν
707 3247 856 3302 νυκτὶ
890 3245 1102 3321 μᾶλλον
1134 3247 1171 3316 ἢ
1205 3245 1257 3300 ἐν
1316 3245 1498 3324 ἡμέρᾳ
1557 3243 1910 3325 Ααμπρότερα

2028 684 2099 722 ne
2152 668 2460 740 splendore
2510 669 2650 726 solis
2699 669 3041 727 illustretur.
3098 671 3169 725 Et
3215 675 3431 741 quanta
3481 672 3669 746 ipsius

2027 771 2163 826 pars
2193 756 2485 814 solaribus
2532 758 2710 814 radiis
2763 776 2879 814 non
2929 758 3315 825 illuminatur,
3348 764 3514 816 tanta
3542 778 3665 817 om-

2029 844 2167 899 nino
2226 845 2675 903 illuminationis
2733 864 2935 920 expers
2992 849 3297 919 reperitur.
3367 849 3668 905 Interdum

2028 937 2225 988 autem
2256 937 2377 990 tota
2407 937 2774 1002 obscuratur,
2809 941 2865 991 et
2901 952 3073 991 omne
3105 935 3303 992 lumen
3335 937 3571 1005 amittit,
3605 943 3672 994 ut

2027 1019 2205 1075 etiam
2228 1024 2536 1079 evanuisse
2555 1024 2837 1092 videatur,
2857 1029 2912 1079 et
2933 1041 3121 1097 neque
3139 1024 3305 1081 locus
3326 1026 3385 1080 in
3409 1043 3522 1098 quo
3546 1030 3671 1081 erat

2027 1109 2267 1165 omnino
2297 1111 2694 1184 dignoscatur,
2725 1118 3030 1185 propterea
3058 1114 3212 1185 quod
3242 1131 3428 1186 neque
3461 1115 3670 1170 umbra

2023 1197 2183 1255 illius
2222 1201 2599 1271 quantumvis
2640 1202 2806 1256 exilis
2856 1207 2912 1258 et
2940 1201 3250 1259 imbecillis
3280 1203 3666 1276 relinquatur.

2025 1288 2369 1357 Cujusmodi
2399 1289 2665 1346 lunarem
2695 1291 2985 1346 defectum
3017 1295 3074 1347 et
3106 1308 3212 1348 nos
3240 1292 3519 1350 vidimus.

2095 1467 2184 1522 22.
2217 1466 2315 1524 Sol
2362 1468 2608 1540 proinde
2638 1485 2705 1524 ex
2737 1468 2854 1524 illis
2887 1487 3012 1543 quas
3052 1469 3111 1525 in
3162 1470 3312 1526 lunae
3345 1473 3666 1531 defectibus

2026 1559 2326 1628 apparent,
2362 1557 2489 1612 sine
2519 1557 2696 1613 dubio
2727 1561 2881 1613 terra
2911 1559 3100 1628 major
3127 1575 3255 1615 esse
3284 1561 3664 1633 intelligitur;

2024 1649 2081 1699 et
2111 1649 2415 1717 propterea
2445 1662 2578 1701 cum
2610 1646 2764 1702 infra
2790 1651 3007 1702 terram
3037 1652 3144 1717 est,
3178 1666 3294 1704 non
3324 1649 3668 1722 prohibetur

2025 1734 2098 1789 ab
2145 1751 2213 1790 ea
2265 1752 2379 1806 quo
2430 1735 2627 1791 minus
2670 1753 2809 1791 suos
2840 1737 3034 1792 radios
3076 1737 3133 1792 in
3179 1737 3412 1794 aetheris
3441 1740 3669 1795 emittat

2024 1822 2415 1879 altitudinem.
2471 1823 2618 1879 Cum
2676 1824 2832 1879 enim
2888 1829 3041 1880 terra
3095 1831 3330 1898 propter
3384 1828 3667 1902 exiguita-

2020 1916 2139 1967 tem
2171 1929 2341 1968 suam
2392 1930 2425 1968 a
2475 1913 2596 1968 sole
2641 1913 3023 1985 contineatur,
3057 1916 3349 1986 quomodo
3399 1919 3545 1974 radii
3595 1920 3668 1976 ab

2022 2000 2209 2073 ipsius
2257 2002 2727 2057 extremitatibus
2777 2001 3071 2074 prohiberi
3110 2003 3263 2059 396
3301 2011 3562 2078 possent,
3595 2023 3668 2064 ne

2019 2089 2080 2144 in
2137 2089 2369 2146 mtheris
2423 2090 2800 2146 altitudinem
2860 2091 3457 2148 transmitterentur?
3511 2094 3670 2158 Qua-

2019 2183 2256 2250 propter
2284 2179 2460 2234 etiam
2503 2178 2738 2235 altiores
2782 2180 2988 2235 mundi
3033 2184 3226 2250 partes
3274 2180 3665 2256 illustrantur,

2021 2268 2254 2339 quando
2286 2269 2374 2323 sol
2406 2269 2514 2324 sub
2548 2273 2702 2323 terra
2731 2273 2858 2336 est;
2903 2268 3205 2324 inferiores
3237 2277 3431 2326 autem
3469 2276 3527 2327 et
3555 2276 3668 2328 ter-

2020 2373 2095 2411 rae
2126 2356 2432 2412 vioiniores
2465 2361 2605 2412 tunc
2638 2357 2697 2411 in
2745 2362 2911 2413 nocte
2942 2363 3100 2413 sunt.
3134 2358 3290 2413 Nihil
3320 2361 3477 2415 enim
3509 2360 3664 2417 aliud

2020 2461 2136 2500 nox
2167 2450 2274 2512 est,
2309 2462 2489 2516 quam
2521 2451 2687 2501 terrae
2724 2448 2955 2503 umbra.

2089 2535 2179 2591 23.
2214 2537 2357 2590 Cum
2410 2551 2546 2607 ergo
2596 2535 2718 2590 haec
2762 2535 2973 2592 umbra
3007 2542 3238 2608 propter
3266 2538 3406 2595 solis
3438 2540 3664 2612 magni-

2021 2623 2288 2677 tudinem
2317 2621 2615 2678 turbinata
2645 2624 2743 2693 sit,
2775 2629 2830 2678 et
2873 2624 3041 2680 basin
3080 2626 3318 2697 quidem
3349 2626 3532 2683 latam
3562 2629 3667 2684 ha-

2020 2713 2172 2779 beat,
2203 2716 2565 2767 coextentam
2599 2729 2733 2767 cum
2764 2717 2932 2768 terrae
2973 2719 3138 2785 parte
3189 2731 3364 2786 quam
3411 2717 3498 2772 sol
3549 2735 3665 2774 non

2018 2799 2336 2869 illuminat,
2364 2800 2638 2856 verticem
2671 2805 2865 2856 autem
2896 2802 2997 2872 qui
3036 2802 3095 2856 in
3137 2807 3378 2859 acutum
3411 2806 3663 2876 desinat,

2019 2905 2087 2944 ea
2115 2905 2244 2961 quae
2274 2906 2454 2961 supra
2483 2891 2685 2945 lunam
2717 2894 2773 2945 et
2802 2889 3010 2946 altiora
3040 2896 3180 2946 sunt
3208 2891 3358 2948 hanc
3389 2896 3663 2951 umbram

2019 2979 2193 3033 etiam
2218 2979 2542 3033 secundum
2569 2976 2995 3050 longitudinem
3015 2983 3458 3039 transcendunt.
3478 2985 3665 3048 Quare

2019 3068 2090 3122 de
2121 3065 2286 3122 nulla
2309 3066 2477 3122 stella
2503 3083 2766 3139 unquam
2796 3067 3008 3124 litteris
3037 3073 3126 3124 est
3153 3071 3476 3141 proditum,
3504 3074 3660 3144 quod

2019 3157 2078 3210 in
2128 3155 2280 3211 hanc
2328 3155 2619 3211 inciderit.
2653 3155 2810 3211 Alias
2857 3157 3012 3212 enim
3064 3158 3259 3230 seipsa
3303 3160 3664 3231 splendidior

2018 3248 2333 3315 conspecta
2389 3243 2635 3313 fuisset;
2691 3243 2904 3316 quippe
2960 3245 3185 3302 lumina
3243 3255 3418 3304 noctu
3468 3250 3662 3322 potius

266 3319 646 3417 φαίνεταί-Διὸ
705 3335 795 3391 καὶ
855 3319 906 3390 οἰ
962 3334 1202 3413 ἀστέρες,
1233 3319 1444 3410 αἰθρίας
1504 3319 1672 3406 οὔσης
1711 3319 1763 3391 ἐν
1795 3319 1912 3391 ἀσε-

2029 3348 2205 3404 quam
2258 3332 2508 3387 interdiu
2562 3333 2960 3404 splendidiora
3006 3319 3666 3408 conspiciuntur.-Qua-

274 3426 428 3500 λήνῳ
456 3424 627 3500 νυκτὶ,
658 3423 826 3481 πλέον
857 3423 1046 3500 ἔχουσι
1075 3424 1140 3479 τὸ
1171 3423 1479 3499 λαμπρὸνῆ
1523 3431 1624 3494 τῆς
1684 3424 1920 3496 σελήνης

273 3512 692 3590 διαυγαζούσης.
726 3513 790 3568 Οἱ
833 3512 928 3586 μὲν
983 3510 1074 3568 οὗν
1133 3511 1349 3590 ἀστέρες
1403 3510 1633 3576 ἅπαντες
1691 3513 1920 3591 ὑπερφέ-

272 3624 454 3680 ρονται
483 3609 584 3673 τῆς
611 3608 786 3676 σκιᾶς,
823 3603 898 3676 μὴ
930 3601 1235 3680 φθανούσης
1275 3601 1352 3664 εἰς
1408 3602 1472 3657 τὸ
1530 3600 1666 3676 ὕψος
1722 3600 1917 3657 αὐτῶν·

268 3694 303 3763 ἡ
333 3691 392 3749 δὲ
423 3694 628 3764 σελήνη
655 3690 950 3768 πρόσγειος
981 3688 1132 3762 οὖσα,
1166 3695 1246 3762 τῷ
1284 3696 1388 3760 τῆς
1440 3696 1542 3766 γῆς
1600 3689 1920 3767 ἐντυγχάνει

266 3783 431 3856 κώνῳ
459 3781 586 3858 περὶ
612 3780 678 3835 τὸ
709 3780 894 3856 ἄκρον,
929 3777 1018 3834 ὅτε
1046 3777 1411 3855 διαμετροῦσα
1452 3779 1546 3833 τὸν
1596 3777 1758 3849 ἥλιον
1810 3774 1918 3834 ὑπὸ

264 3870 358 3926 τὸν
413 3869 579 3925 αὐτοῦ
633 3869 853 3947 φέροιτο
909 3866 1132 3939 κύκλον,
1195 3870 1334 3942 μήτε
1392 3868 1528 3944 πρὸς
1585 3867 1651 3922 τὰ
1708 3868 1915 3944 βόρεια,

271 3962 412 4035 μήτε
441 3956 583 4036 πρὸς
610 3959 677 4015 τὰ
709 3958 863 4015 νότια
889 3956 1132 4014 νεύουσα.

335 4135 434 4197 κδ’.
468 4134 647 4208 Δῆλον
677 4135 725 4193 δ’
754 4136 1013 4209 ἐντεῦθεν,
1047 4133 1133 4192 ὅτι
1177 4134 1268 4191 καὶ
1317 4132 1465 4190 πολὺ
1511 4136 1739 4212 σμικρὸν
1789 4134 1913 4191 ὅσον

262 4228 403 4303 πρὸς
459 4228 560 4299 τὴν
617 4232 722 4304 γῆν
749 4227 812 4282 τὸ
843 4228 1004 4300 σῶμα
1041 4231 1144 4295 τῆς
1187 4222 1425 4296 σελήνης
1482 4223 1642 4280 ἐστίν’
1679 4221 1733 4280 εἷ’
1751 4245 1815 4301 γε
1849 4226 1918 4282 τὰ

263 4316 389 4392 περὶ
434 4316 501 4373 τὸ
558 4313 721 4391 ἄκρον
775 4320 876 4386 τῆς
934 4313 994 4370 ἐκ
1047 4320 1152 4390 γῆς
1208 4319 1360 4377 σκιᾶς
1417 4312 1508 4369 καὶ
1567 4315 1757 4378 νυκτὸς
1783 4312 1913 4371 ὅλον

262 4404 398 4462 αὐτὸ
428 4403 678 4461 δύναιντο
707 4407 1012 4482 περισχεῖν.

333 4497 430 4554 κε’.
466 4494 567 4551 Καὶ
593 4495 743 4551 τοῦθ’
772 4495 908 4568 ἡμῖν
938 4491 1027 4548 ἐπὶ
1055 4496 1172 4555 τοῖς
1212 4488 1574 4568 δεδειγμένοις
1626 4491 1690 4547 οὐ
1744 4513 1918 4571 γραμ-

267 4588 446 4659 μικῶς
503 4581 652 4639 ἀλλᾶ
709 4581 976 4658 λογικῶς,
1007 4579 1144 4637 ἔστω
1205 4577 1271 4650 δή
1305 4580 1566 4657 πόρισμα.
1600 4584 1773 4638 Ταῦτα
1817 4582 1912 4657 μέν

264 4672 326 4730 ἐκ
353 4680 456 4744 τῆς
486 4672 565 4736 εἰς
592 4671 686 4728 τὸν
719 4667 914 4748 ὄγδοον
947 4668 1167 4746 ψαλμὸν
1198 4669 1525 4747 ἐξηγήσεως.

333 4853 433 4916 κς’.
467 4849 619 4908 Ἐπεὶ
679 4847 736 4906 δὲ
793 4848 919 4927 περὶ
979 4846 1287 4924 ὑψωμάτων
1347 4847 1437 4903 καὶ
1484 4846 1907 4922 ταπεινωμάτων

260 4939 352 4997 καὶ
410 4937 574 4996 οἰίκων
628 4940 720 4995 καὶ
778 4935 1192 5010 ἐναντιωμάτων
1245 4938 1353 4990 τῶν
1393 4934 1444 4991 ἐν
1473 4940 1592 4999 τοῖς
1639 4935 1906 5008 πλάνησιν

261 5025 507 5106 ἔφθημεν
568 5021 982 5106 προδιαλαϐεῖν,
1015 5023 1098 5097 εἴη
1160 5024 1220 5080 ἂν
1279 5022 1456 5080 διττὸν
1499 5026 1562 5080 τὸ
1592 5023 1794 5100 ὕψωμα
1819 5026 1909 5081 καὶ

258 5119 601 5193 ταπείνωμαο
662 5117 726 5172 τὸ
760 5118 853 5191 μὲν
885 5115 1022 5170 κατὰ
1046 5115 1110 5169 τὸ
1165 5113 1574 5188 ὑπεργειότερον
1619 5113 1709 5169 καὶ
1739 5134 1907 5190 πρυσ-

259 5207 536 5284 γειότερον
593 5211 702 5262 τῶν
753 5205 806 5261 ἐν
864 5208 981 5267 τοῖς
1038 5201 1274 5274 πλάνησι
1332 5207 1573 5280 σφαιρῶν
1616 5198 1909 5278 (ἔκκεντροι

258 5296 367 5375 γάρ
425 5296 558 5352 εἰσιν
610 5296 666 5350 αἱ
719 5299 885 5350 πᾶσαι
941 5293 1078 5368 πρὸς
1134 5292 1237 5361 τήν
1268 5296 1494 5371 σφαῖραν
1536 5295 1634 5346 τοῦ
1682 5293 1910 5368 στερεώ-

262 5407 458 5461 ματος,
487 5385 577 5442 καὶ
631 5382 771 5462 πρὸς
825 5380 1099 5453 ἀλλήλας·
1130 5379 1220 5436 καὶ
1278 5380 1345 5436 τὰ
1401 5382 1495 5455 μὲν
1540 5385 1718 5456 μερῶν
1752 5379 1910 5457 ἔχου-

257 5497 342 5532 σιν
374 5472 709 5552 ὑψηλότερα,
738 5474 808 5528 τὰ
854 5469 912 5527 δὲ
938 5469 1336 5546 ταπεινότερα)⁷
1366 5469 1429 5525 τὸ
1487 5467 1546 5524 δὲ
1593 5469 1912 5544 ταπείνωμα

257 5564 353 5619 καὶ
411 5562 637 5639 ὕψωμα,
683 5560 818 5618 κατὰ
887 5561 988 5630 τὴν
1042 5563 1140 5614 τοῦ
1199 5556 1470 5628 ζωδιακοῦ
1527 5557 1906 5632 ὑπεξάλλαξιν.

328 5779 378 5821 ⁴³
407 5779 648 5854 Origan.
677 5778 985 5854 Ephemer.
1016 5781 1182 5853 parte
1208 5793 1251 5848 1,
1280 5793 1342 5851 p.
1367 5777 1498 5839 251.

2028 3425 2266 3494 propter
2293 3421 2470 3477 etiam
2501 3421 2702 3491 stellas,
2735 3423 2785 3477 si
2832 3426 2998 3479 nocte
3044 3423 3215 3480 illuni
3259 3426 3467 3484 ccelum
3507 3445 3667 3486 sere-

2028 3527 2170 3566 num
2217 3511 2314 3580 sit,
2362 3510 2494 3582 plus
2547 3510 2874 3583 splendoris
2922 3512 3157 3581 habent,
3209 3532 3387 3587 quam
3441 3516 3668 3575 lucente

2026 3597 2186 3654 luna.
2247 3597 2435 3654 Stellae
2495 3599 2738 3670 proinde
2795 3599 3075 3656 universae
3130 3619 3311 3675 supra
3367 3607 3664 3676 umbram,

2026 3704 2152 3759 quea
2191 3687 2264 3743 ad
2302 3687 2566 3760 ipsarum
2593 3686 2962 3745 altitudinem
2993 3707 3110 3746 non
3141 3693 3437 3766 pertingit,
3469 3697 3666 3753 ferun-

2024 3779 2166 3844 tur;
2215 3775 2356 3831 luna
2384 3779 2578 3832 autem
2618 3793 2750 3832 cum
2793 3780 2959 3833 terra;
3001 3778 3080 3834 sit
3122 3781 3330 3850 vicina,
3364 3783 3424 3839 in
3453 3802 3666 3844 conum

2025 3865 2180 3920 circa
2230 3864 2656 3920 extremitatem
2701 3865 2929 3936 incidit,
2963 3870 3198 3941 quando
3251 3871 3433 3930 solem
3480 3875 3666 3933 dime-

2024 3953 2176 4010 tiens
2207 3954 2316 4010 sub
2346 3954 2475 4025 ejus
2506 3954 2723 4010 circulo
2753 3955 2836 4012 ita
2867 3961 3151 4030 movetur,
3183 3964 3249 4015 ut
3287 3979 3391 4019 nec
3439 3965 3511 4020 ad
3561 3966 3667 4022 bo-

2025 4042 2231 4114 reales,
2262 4057 2369 4098 nec
2398 4043 2472 4099 ad
2517 4043 2806 4100 australes
2834 4050 3029 4117 partes
3055 4053 3274 4121 vergat.

2093 4132 2182 4187 24.
2218 4131 2595 4188 Manifestum
2638 4133 2788 4188 397
2839 4139 3033 4192 autem
3080 4136 3217 4194 inde
3263 4141 3474 4210 evadit,
3509 4144 3666 4214 quod

2023 4219 2175 4276 lunae
2206 4237 2417 4293 corpus
2457 4222 2528 4276 ad
2557 4225 2774 4278 terram
2804 4223 2972 4280 valde
3013 4225 3091 4282 sit
3130 4226 3444 4300 exiguum;
3477 4231 3668 4304 siqui-

2023 4310 2158 4365 dem
2186 4309 2385 4382 ipsnm
2413 4313 2604 4366 totum
2643 4312 3038 4370 extremitates
3088 4317 3314 4374 umbrae
3365 4322 3422 4375 et
3474 4321 3664 4379 noctis

2022 4401 2188 4455 terrae
2217 4402 2519 4471 contegere
2548 4404 2816 4472 possunt.

2092 4488 2184 4544 25.
2217 4487 2286 4544 Et
2322 4487 2444 4544 haec
2473 4488 2558 4545 ita
2586 4489 2986 4548 demonstrata
3013 4492 3133 4549 sint
3160 4495 3350 4564 nobis,
3383 4514 3498 4555 non
3530 4499 3662 4572 qui-

2023 4578 2154 4634 dem
2184 4575 2478 4633 lineariter
2508 4593 2611 4633 seu
2646 4579 3014 4651 geometrico,
3045 4582 3147 4638 sed
3181 4582 3386 4656 logica.
3418 4587 3665 4660 Sintque

1945 4688 1993 4754 Β
2022 4667 2226 4724 eadem
2273 4665 2649 4723 corollarium
2697 4683 3006 4740 exegeseos
3052 4669 3112 4726 in
3160 4673 3458 4744 psalmum
3505 4680 3663 4734 octa-

2020 4772 2180 4812 vum.

2087 4846 2177 4900 26.
2209 4845 2491 4910 Quoniam
2538 4849 2734 4901 autem
2783 4847 2855 4903 de
2904 4847 3358 4909 exaltationibus
3406 4857 3465 4910 et
3510 4856 3663 4927 deje-

2020 4933 2311 4990 ctionibus
2350 4937 2410 4989 et
2450 4933 2722 4989 domibus
2769 4939 2827 4990 et
2875 4936 3321 4997 adversitatibus
3353 4958 3456 4998 seu
3486 4942 3665 5000 detri-

2019 5023 2234 5078 mentis
2263 5023 2328 5094 ‘3,
2382 5039 2509 5094 quas
2553 5022 2770 5078 habent
2798 5023 2980 5079 stellas
3013 5028 3290 5098 erraticas,
3323 5031 3488 5102 prius
3517 5032 3664 5089 dixi-

2019 5129 2174 5176 mus,
2206 5111 2420 5184 duplex
2448 5128 2589 5167 sane
2619 5112 2792 5168 fuerit
2820 5112 3094 5171 exaltatio
3124 5121 3180 5172 et
3209 5118 3454 5190 dejectio
3489 5137 3503 5178 :
3545 5138 3664 5178 una

2019 5202 2258 5274 quidem
2287 5201 2444 5269 inde,
2477 5201 2632 5272 quod
2675 5200 2981 5258 stellarum
3012 5205 3393 5265 erra’ticarum
3421 5211 3662 5283 sphaera:

2019 5306 2088 5346 ex
2143 5294 2306 5362 parte
2360 5307 2395 5344 a
2446 5293 2604 5345 terra
2658 5290 3070 5364 distentiores,
3128 5311 3197 5351 ex
3253 5302 3418 5370 parte
3472 5299 3663 5357 eidem

2017 5379 2322 5435 viciniores
2355 5382 2496 5434 sunt
2523 5379 2750 5452 (omnes
2788 5382 2944 5438 enim
2993 5387 3052 5438 et
3099 5385 3171 5440 ad
3222 5386 3514 5459 sphaeram
3563 5389 3665 5444 fir-

2019 5469 2298 5526 mamenti
2350 5473 2409 5524 et
2453 5470 2525 5524 ad
2574 5485 2637 5525 se
2689 5470 2936 5528 invicem
2990 5479 3131 5530 sunt
3177 5477 3548 5547 eccentricae;
3606 5482 3664 5533 et

2018 5558 2164 5616 alias
2194 5558 2431 5632 quidem
2463 5563 2658 5632 partes
2714 5559 2930 5619 habent
2976 5561 3234 5634 altiores,
3267 5565 3412 5624 alias
3462 5571 3660 5625 autem
