3988 6424
409 429 566 496 1316

1662 433 2082 500 NlCEPHORI
2126 425 2562 500 BLEMMIDAL‘

3623 435 3740 505 {316

408 567 776 637 humiliores)
810 584 823 620 :
874 567 1058 623 altera
1083 581 1218 623 vero
1249 568 1522 624 exaltatio
1573 574 1630 626 et
1679 570 1922 640 dejectio
1953 586 2040 624 ex-

2163 568 2362 631 Πάντες
2418 569 2520 644 γὰρ
2553 569 2604 623 οἱ
2653 567 2924 639 πλάνητες
2982 569 3127 638 πλὴν
3183 573 3282 624 τοῦ
3335 567 3493 638 ἡλίου
3544 572 3623 626 καὶ
3653 595 3743 637 τοις

404 658 541 713 inde
599 666 716 724 est,
775 658 930 728 quod
987 657 1302 712 Zodiacum
1368 657 1595 715 inferne
1660 666 2044 716 commutant.

405 746 621 802 Omnes
652 746 809 802 enim
841 747 1099 801 erraticas
1131 746 1332 816 stellae,
1365 754 1602 820 excepto
1632 749 1774 815 sole,
1807 767 1938 805 cum
1973 751 2045 806 ad

404 834 688 902 boreales,
720 839 848 890 tum
895 836 965 890 ad
1019 835 1306 892 australes
1353 844 1567 909 partes,
1601 839 1742 894 dum
1791 845 2048 895 tortuose

405 928 735 992 moventur,
782 925 1088 980 accedunt.

473 1031 563 1086 27.
597 1035 673 1086 De
730 1029 839 1086 hac
896 1030 1248 1102 dejectione,
1303 1036 1360 1088 et
1417 1034 1486 1088 de
1543 1033 1652 1089 hac
1700 1035 2048 1091 exaltatione

405 1119 611 1192 opinor
642 1119 969 1192 astrologos
997 1120 1338 1178 disserendo
1378 1139 1855 1191 commemorare,
1889 1125 2043 1196 quod

402 1208 599 1280 aliqua
625 1209 796 1281 signa
837 1209 956 1264 sint
996 1210 1376 1266 erraticarum
1409 1211 1713 1268 stellarum
1745 1213 2043 1269 exaltatio-

403 1315 528 1366 nes,
557 1298 709 1353 898
740 1303 798 1353 et
828 1297 940 1354 alia
971 1317 1176 1356 rursus
1207 1300 1581 1372 dejectiones.

472 1405 564 1459 28.
618 1405 918 1470 Quomodo
983 1407 1139 1462 enim
1197 1407 1340 1463 alias
1396 1409 1624 1464 Taurus
1683 1414 1837 1465 esset
1893 1410 2042 1465 lunae

406 1492 702 1562 exaltatio,
735 1494 849 1549 nisi
879 1496 1035 1566 quod
1067 1512 1201 1551 cum
1234 1499 1343 1552 sub
1383 1497 1510 1569 ipso
1541 1499 1936 1565 constituitur,
1972 1501 2043 1554 ad

405 1581 666 1638 boreales
693 1583 936 1638 Zodiaco
968 1584 1261 1655 subjectas
1300 1591 1494 1657 partes
1522 1585 1760 1642 exaltari
1794 1588 2044 1659 incipit?

407 1671 656 1728 Lunaris
685 1673 840 1727 enim
882 1673 1121 1745 sphaerae
1165 1675 1425 1729 medium
1475 1693 1590 1730 non
1641 1682 1731 1731 est
1778 1678 1835 1731 id
1889 1680 2041 1749 quod

404 1760 517 1816 sub
567 1760 759 1816 Tauro
809 1766 916 1827 est,
964 1767 1029 1817 ut
1075 1763 1304 1818 Taurus
1351 1769 1506 1820 esset
1552 1763 1703 1820 lunae
1753 1765 2040 1835 exaltatio,

399 1851 592 1922 quoad
623 1850 910 1922 sphaeram
941 1851 1151 1923 ipsius,
1184 1852 1462 1923 quoniam
1497 1870 1600 1908 nec
1639 1856 1792 1926 quod
1823 1855 2042 1911 Cancro

2161 659 2394 732 βορείοις
2425 659 2513 713 καὶ
2541 664 2656 721 τοῖς
2681 659 2880 720 νοτίοις
2919 658 3051 731 (xui)
3080 664 3195 720 τοῖς
3237 658 3338 712 ὑπό
3391 660 3479 714 τὸν
3533 658 3743 729 ζωδιακὸν

2157 746 2207 800 ἐν
2238 752 2317 819 τῷ
2345 745 2661 810 ἐλικοειδῶς
2694 749 2957 802 κινεῖσθαι
2985 748 3399 824 προσέρχονται.

2227 1035 2304 1102 κζ’
2312 1077 2324 1089 .
2377 1033 2506 1104 Περὶ
2562 1033 2756 1087 τούτου
2813 1037 2910 1088 τοῦ
2965 1033 3372 1104 ταπεινώματος
3424 1033 3510 1086 καὶ
3584 1033 3740 1088 τούτου

2152 1127 2250 1176 τοῦ
2280 1122 2574 1196 ὑψώματος
2607 1125 2763 1195 οἶμαι
2799 1123 2926 1184 τοὺς
2975 1119 3340 1198 ἀστρολόγους
3397 1117 3741 1195 διαλαμϐάνον·

2153 1231 2245 1271 τας
2302 1208 2602 1286 διηγεῖσθαι
2666 1213 2754 1265 καὶ
2815 1212 3082 1285 ὑψώματα
3135 1214 3240 1264 τῶν
3299 1207 3576 1280 πλανήτων
3640 1211 3740 1265 εἶναί

2151 1321 2274 1353 τινα
2304 1297 2471 1368 ζώδια
2499 1300 2587 1354 καὶ
2619 1298 2762 1355 ἄλλα
2890 1301 3296 1373 ταπεινώματα.

2223 1407 2330 1476 κη’.
2367 1411 2487 1469 Πῶς
2546 1409 2645 1483 γὰρ
2709 1406 2766 1460 ἂν
2822 1405 3009 1469 ἄλλως
3039 1405 3122 1477 εἷή
3155 1408 3410 1481 ὁΤαῦρος
3467 1405 3647 1478 ὕψωμα
3667 1413 3743 1474 τῆς

2155 1492 2413 1565 σελήνης,
2450 1495 2500 1550 εἷ’
2527 1497 2603 1568 μὴ
2665 1495 2851 1572 ὅτιπερ
2906 1496 2994 1550 ὑπ’
3022 1495 3180 1550 αὑτὸν
3236 1493 3493 1570 γινομένη
3543 1494 3661 1570 πρὸς
3694 1495 3743 1548 τὰ

2157 1583 2470 1660 βορειότερα
2496 1585 2563 1638 τὰ
2594 1585 2696 1638 ὑπὸ
2733 1583 2824 1638 τὸν
2887 1583 3146 1653 ζωδιακὸν
3206 1585 3468 1657 ὑψοῦσθαι
3522 1582 3741 1660 ἄρχεται;

2151 1677 2257 1741 Τῆς
2311 1674 2412 1747 γὰρ
2471 1672 2796 1743 σεληνιακῆς
2845 1673 3068 1751 σφαίρας
3127 1674 3187 1727 τὸ
3248 1673 3408 1746 μέσον
3463 1672 3557 1727 οὐκ
3580 1670 3740 1726 ἔστιτὸ

2156 1761 2256 1814 ὑπὸ
2284 1762 2375 1815 τὸν
2403 1766 2625 1836 Ταῦρον
2652 1759 2724 1814 ’ίν’
2755 1763 2782 1815 ὁ
2811 1767 3014 1838 Ταῦρος
3047 1760 3128 1832 εἷίη
3160 1768 3259 1831 τῆς
3294 1761 3527 1831 σελήνης
3581 1761 3740 1834 ὕψωμα

2152 1851 2286 1904 κατὰ
2312 1851 2410 1918 τὴν
2446 1856 2668 1928 σφαῖραν
2701 1850 2886 1920 αὐτῆς·
2922 1851 3035 1906 ἐπεὶ
3091 1847 3231 1924 μηδὲ
3279 1851 3344 1905 τὸ
3403 1850 3502 1904 ὑπὸ
3528 1851 3606 1904 τὸν
3635 1855 3738 1924 Καρ-

395 1940 728 2011 subjectum
775 1944 885 2006 est,
935 1939 1159 1996 lunaris
1209 1941 1450 2013 sphaera-3
1497 1947 1586 1998 est
1633 1942 2030 2013 altissimum;

2163 1944 2285 1993 ιῖνον
2334 1946 2435 2008 τῆς
2484 1938 2809 2010 σεληνιακῆδ
2860 1939 3089 2017 σφαίρας
3134 1941 3196 1994 τὸ
3250 1937 3601 2013 ὑψηλότατον·
3628 1936 3739 1992 ἀλλὰ

393 2029 494 2083 sed
526 2029 788 2083 medium
809 2028 1044 2101 quidem
1078 2029 1236 2084 illius
1267 2035 1377 2098 est,
1399 2032 1552 2102 quod
1588 2033 1696 2088 sub
1727 2033 1898 2088 Libra
1928 2038 2036 2100 est,

395 2115 751 2172 altissimum
781 2131 936 2184 vero,
971 2118 1124 2188 quod
1157 2119 1266 2173 sub
1298 2119 1630 2190 Sagittario.
1655 2120 2039 2182 Quemadmo-

402 2206 544 2259 dum
591 2206 755 2286 enim.
804 2205 891 2260 sol
941 2223 1076 2260 cum
1125 2208 1233 2262 sub
1283 2208 1545 2264 Geminis
1592 2215 1872 2279 versatur,
1921 2229 2039 2266 suae

403 2294 642 2365 sphaerae
672 2293 1030 2350 altissimum
1062 2301 1307 2368 occupat
1340 2315 1352 2352 :
1405 2297 1486 2353 ita
1526 2298 1666 2354 luna
1693 2315 1826 2354 cum
1859 2301 2041 2354 currit

401 2383 512 2438 sub
544 2382 874 2455 Sagittario,
906 2384 1036 2456 ipsa
1081 2402 1314 2457 quoque
1362 2387 1599 2459 sphaerae
1652 2406 1769 2444 suae
1818 2390 2042 2447 obtinet

400 2471 781 2528 altissimum.

465 2579 555 2634 29.
589 2579 683 2634 Sol
719 2579 960 2650 proinde
991 2597 1125 2635 cum
1174 2582 1285 2636 sub
1328 2582 1519 2638 medio
1551 2584 1781 2640 Zodiaci
1813 2602 2043 2658 semper

398 2667 690 2735 decurrat,
723 2669 790 2723 ad
839 2668 1188 2726 borealiores
1241 2675 1297 2726 et
1346 2670 1580 2727 altiores
1611 2674 1814 2728 mundi
1847 2682 2040 2747 partes

404 2757 644 2826 accedit,
677 2774 812 2812 cum
843 2758 951 2813 sub
994 2759 1179 2830 signis
1228 2761 1411 2815 currit
1453 2761 1918 2832 borealioribus;
1967 2766 2040 2820 ad

403 2845 779 2902 australiores
836 2851 1028 2902 autem
1096 2853 1152 2902 et
1214 2847 1518 2904 inferiores
1584 2853 1790 2906 mundi
1847 2858 2040 2924 partes

403 2934 723 3003 descendit,
773 2951 907 2990 cum
965 2935 1313 2992 australiora
1367 2938 1556 3010 [signa
1601 2943 1931 3013 percurrit.]

473 3042 563 3112 30,
595 3041 682 3096 31.
715 3042 822 3096 Sed
853 3047 910 3096 et
939 3059 1057 3097 sua:
1089 3043 1324 3114 sphaerae
1352 3044 1709 3102 altissimum
1741 3050 1812 3104 ad
1845 3050 2039 3106 borea-

396 3128 543 3185 liora
574 3129 744 3201 signa
772 3129 965 3186 habet.
990 3131 1058 3185 Et
1085 3136 1391 3204 eapropter
1419 3134 1529 3188 sub
1552 3135 1747 3191 Ariete
1775 3154 2034 3209 versans,

395 3218 686 3290 duplicem
718 3218 894 3274 habet
924 3219 1331 3276 exaltationem
1381 3223 1437 3276 in
1493 3223 1701 3279 Ariele.
1736 3226 1849 3280 Nec
1880 3227 2034 3282 enim

2152 2026 2311 2100 μέσον
2349 2028 2442 2100 μὲν
2473 2028 2694 2099 ταύτης,
2723 2027 2784 2082 τὸ
2831 2028 2933 2082 ὑπὸ
2982 2029 3072 2082 τὸν
3118 2027 3304 2103 Ζυγόν·
3341 2026 3655 2102 ὑψηλότατον
3695 2023 3738 2079 δὲ

2145 2118 2207 2170 τὸ
2243 2117 2344 2171 ὑπὸ
2389 2117 2480 2172 τὸν
2523 2117 2783 2187 Τοξότην.
2815 2121 3016 2194 ’Ὠσπερ
3064 2117 3165 2194 γὰρ
3215 2119 3242 2172 ὁ
3290 2114 3455 2186 ἥλιος
3507 2115 3598 2172 ὑπό
3644 2114 3738 2174 τοῦς

2149 2204 2419 2278 Διδᾶμους
2448 2205 2730 2282 γινόμενος
2762 2209 2858 2276 τῆς
2917 2205 3116 2268 οἰκείας
3165 2206 3395 2282 σφαίρας
3442 2198 3738 2276 καταλαμϐά-

2147 2315 2226 2348 νει
2254 2296 2316 2348 τὸ
2349 2294 2719 2368 ὑψηλότατου,
2751 2294 2926 2356 οὕτως
2956 2298 2990 2364 ἡ
3025 2294 3226 2366 σελήνη
3259 2296 3353 2349 τὸν
3387 2294 3610 2364 Τοξότην
3638 2292 3736 2346 ὑπο-

2147 2383 2339 2437 Θέουσα
2365 2391 2465 2452 τῆς
2498 2384 2702 2446 οἰκείας
2734 2383 2959 2463 σφαίρας
2990 2380 3106 2460 ἔχει
3152 2384 3240 2439 καὶ
3289 2383 3426 2454 αὕτη
3474 2385 3534 2438 τὸ
3580 2376 3739 2456 ὑψηλό-

2146 2493 2327 2528 τατον.

2217 2582 2314 2643 κδ’.
2369 2581 2424 2634 Ὀ
2477 2581 2568 2653 μὲν
2623 2578 2713 2634 οῦν
2769 2579 2931 2648 ἥλιος
2980 2580 3068 2634 τὸν
3123 2580 3280 2652 μέσον
3347 2579 3644 2654 ὑποτρέχων
3681 2573 3739 2629 ἀεὶ

2146 2673 2243 2723 τοῦ
2296 2666 2582 2740 ζωδιακοῦ,
2622 2671 2759 2745 πρὸς
2805 2670 2872 2723 τὰ
2921 2673 3018 2724 τοῦ
3080 2669 3289 2743 κόσμου
3345 2667 3638 2745 βορειότερα
3673 2663 3740 2719 καὶ

2151 2756 2463 2833 ὑψηλότερα
2491 2758 2716 2833 γίνεται,
2749 2755 2837 2812 διὰ
2863 2764 2965 2827 τῆς
3004 2762 3110 2812 τῶν
3167 2757 3524 2833 βορειοτὲρων
3575 2751 3735 2824 ζωδίων

2151 2843 2495 2922 ὑποδρομῆς,
2528 2843 2616 2900 διὰ
2646 2843 2702 2901 δὲ
2729 2853 2831 2916 τῆς
2860 2851 2968 2901 τῶν
3009 2847 3348 2921 νοτιωτὲρων
3405 2845 3538 2922 πρὸς
3575 2844 3630 2897 τὰ
3668 2861 3736 2895 νο-

2145 2935 2376 3011 τιώτερά
2404 2956 2460 2989 τε
2488 2936 2576 2989 καὶ
2606 2936 2976 3011 ταπεινότερα.

2220 3040 2569 3117 λ’,λα’.’¹Εχει
2594 3039 2651 3096 δὲ
2673 3041 2764 3096 καί
2782 3041 2842 3096 τὸ
2876 3039 3215 3114 ὑψηλότατον
3247 3044 3349 3111 τῆς
3383 3040 3596 3119 σφαίρας
3612 3036 3730 3092 αὗτοῦ

2145 3128 2279 3205 πρὸς
2327 3132 2393 3184 τὰ
2445 3131 2756 3207 βορειότερα
2807 3129 2994 3199 ζώδια·
3044 3130 3133 3184 καὶ
3186 3127 3274 3185 διὰ
3319 3134 3478 3185 τοῦτο
3507 3129 3735 3204 γινόμενος

2147 3219 2250 3272 ὑπὸ
2303 3220 2392 3273 τὸν
2450 3221 2628 3294 Κριὸν,
2663 3217 2777 3294 ἔχει
2827 3217 3055 3273 διπλοῦν
3113 3220 3318 3293 ὕψωμα
3361 3219 3451 3274 τὸν
3498 3212 3736 3294 Κριόν.οὖ

395 3311 624 3362 tantum
683 3308 752 3362 ad
803 3307 1036 3364 altiores
1087 3311 1291 3364 mundi
1342 3317 1536 3383 partes
1585 3313 1719 3368 hinc
1767 3315 2034 3372 accedere

2163 3308 2311 3362 ιόνον
2339 3309 2440 3384 γὰρ
2468 3313 2586 3370 τοῖς
2630 3307 2990 3384 ὑψηλοτέροις
3037 3312 3134 3362 τοῦ
3180 3307 3392 3381 κόσμου
3445 3308 3638 3382 μὲρεσιν
3675 3302 3737 3356 ὲν-

394 3397 623 3468 incipit,
647 3398 746 3452 sed
769 3398 946 3453 etiam
979 3398 1216 3470 sphrerae
1250 3401 1493 3472 proprias
1523 3402 1728 3458 altiora
1758 3421 2032 3475 quaerere,

397 3490 570 3557 atque
601 3487 670 3541 ad
703 3487 976 3542 Geminos
1023 3505 1208 3559 usque
1256 3494 1408 3546 totos
1441 3492 1592 3546 399
1623 3492 1678 3547 in
1729 3493 2036 3549 altitudine

398 3576 705 3630 exaltatur.
739 3577 980 3641 Quando
1029 3582 1223 3632 autem
1274 3580 1383 3634 sub
1432 3584 1648 3635 Canero
1681 3582 1880 3647 currit,
1920 3600 2036 3637 non

397 3663 555 3719 subit
579 3664 814 3735 quidem
838 3666 1220 3735 dejectionem
1244 3668 1315 3722 ad
1350 3670 1553 3723 mundi
1578 3677 1768 3741 partes
1800 3671 2037 3742 (quippe

393 3751 516 3807 haec
545 3769 615 3807 ex
644 3753 832 3809 Leone
861 3754 968 3825 ﬁt),
1001 3756 1100 3810 sed
1135 3759 1364 3812 tantum
1395 3776 1430 3812 ε.
1467 3776 1703 3814 summa
1733 3759 2039 3816 altitudine

394 3840 634 3912 sphaaraa
666 3841 911 3914 propriae
943 3844 1117 3914 dejici
1149 3844 1375 3916 incipit.

465 3948 553 4002 32.
618 3949 981 4020 Quapropter
1035 3951 1212 4007 etiam
1269 3969 1402 4008 cum
1469 3955 1708 4026 prepius
1767 3957 2037 4012 verticem

398 4040 666 4093 nostrum
710 4038 788 4093 sit
827 4055 897 4094 ex
944 4041 1150 4095 mundi
1190 4041 1584 4112 inclinatione,
1619 4050 1674 4099 et
1705 4049 1867 4100 terrae
1898 4047 2039 4101 vici-

399 4127 548 4196 nior,
581 4130 640 4182 et
683 4127 852 4182 nobis
891 4129 1274 4201 propinquior
1319 4134 1509 4203 quoad
1558 4133 2041 4206 perpendiculum

398 4214 524 4270 ﬁeri
553 4215 813 4288 incipiat,
846 4233 1098 4289 cumque
1127 4217 1552 4275 calidissimum
1585 4221 1886 4294 signorum
1926 4223 2038 4278 sibi

401 4303 834 4360 conterminum
883 4304 1114 4361 habeat.
1150 4307 1400 4363 Leonem
1452 4309 1717 4380 inquam,
1750 4312 2041 4382 majorum

401 4396 490 4447 est
519 4396 765 4448 aestuum
798 4410 994 4463 causa,
1020 4412 1196 4466 quam
1223 4412 1355 4452 cum
1388 4403 1759 4470 segmentum
1785 4399 2042 4455 Geminis

402 4481 733 4552 subjectum
765 4481 1116 4539 altissimam
1173 4502 1290 4540 suae
1341 4485 1580 4557 sphaerae
1620 4490 1844 4559 partem
1876 4505 2042 4560 pera-

401 4570 626 4642 grabat.
657 4572 727 4626 Et
764 4572 846 4627 ita
875 4572 1109 4644 quidem
1143 4575 1227 4630 sol
1258 4591 1321 4630 se
1350 4574 1543 4631 habet.

472 4678 560 4732 33.
592 4678 818 4734 Cmteraa
850 4684 1045 4735 autem
1079 4680 1259 4735 stella:
1307 4682 1585 4749 erraticas,
1630 4700 1763 4738 cum
1813 4684 1886 4738 ad
1941 4702 2044 4739 au-
2075 4679 2121 4742 D

400 4765 697 4823 straliores
751 4772 949 4838 partes
997 4769 1241 4824 Zodiaco
1291 4769 1584 4840 subjectas
1634 4771 1849 4826 moveri
1899 4773 2043 4827 inci-

399 4855 590 4926 piunt,
614 4856 783 4927 dejici
813 4857 1124 4927 dicuntur;
1161 4875 1291 4914 cum
1315 4863 1510 4914 autem
1543 4859 1676 4914 inde
1699 4861 2042 4928 ascendunt,

399 4945 594 5000 medio
614 4951 1025 5018 permutato,et
1043 4950 1111 5003 ad
1133 4948 1482 5003 borealiores
1495 4948 1737 5004 Zodiaco
1750 4950 2044 5020 subjectas

399 5039 596 5105 partes
646 5033 1026 5108 inclinantur,
1073 5037 1311 5093 exaltari
1364 5038 1678 5105 dicuntur;
1729 5041 1903 5108 atque
1961 5039 2044 5093 si-

399 5139 582 5194 gnum
614 5124 724 5178 sub
749 5141 863 5194 quo
895 5126 966 5180 ad
999 5127 1352 5182 borealiores
1382 5135 1576 5199 partes
1607 5127 2043 5182 inclinationem

400 5212 589 5267 facere
619 5212 824 5284 incipit
854 5214 1106 5286 planeta,
1141 5215 1413 5273 exaltatio
1457 5217 1619 5272 illius
1667 5216 1909 5288 planetae
1959 5217 2044 5270 di-

401 5301 594 5369 citur;
649 5302 759 5357 sub
809 5320 923 5374 quo
975 5305 1045 5359 ad
1096 5306 1382 5362 australes
1424 5312 1618 5378 partes
1645 5306 1851 5378 incipit
1880 5304 2043 5360 incli-

401 5391 550 5460 nari,
586 5389 695 5445 hoc
724 5391 989 5462 dejectio.

469 5480 559 5535 34.
605 5481 782 5552 Atqui
841 5481 1076 5552 signum
1147 5485 1301 5554 quod
1370 5489 1588 5539 natura:
1656 5483 1895 5555 planetm
1958 5489 2047 5540 est

401 5570 776 5638 conveniens,
808 5572 1043 5641 domus,
1076 5573 1228 5642 quod
1279 5576 1368 5628 est
1409 5578 1602 5627 autem
1635 5573 2045 5629 inconveniens

399 5663 458 5715 et
487 5658 770 5728 alienum,
805 5661 1126 5716 adversitas
1157 5660 1402 5733 planetae
1428 5665 1698 5716 vocatum
1728 5666 1834 5717 est.

476 5765 636 5824 400
669 5766 760 5839 35,
791 5766 882 5823 36.
913 5766 1103 5833 Quare
1141 5765 1283 5824 solis
1332 5764 1590 5838 quidem,
1623 5765 1724 5838 qui
1770 5771 1860 5824 est
1908 5768 2047 5825 cali-

2143 3400 2321 3452 τεῦθεν
2355 3394 2578 3473 ἄρχεται
2610 3402 2964 3474 προσφοιτᾷν,
2998 3395 3143 3451 ἀλλὰ
3187 3397 3277 3450 καὶ
3325 3398 3396 3452 τὰ
3438 3404 3535 3465 τῆς
3577 3391 3736 3451 οἰκείας

2147 3487 2370 3564 σφαίρας
2424 3492 2599 3556 ζητεῖν
2658 3484 2986 3562 ὑψηλότεραο
3016 3486 3104 3540 καὶ
3160 3485 3297 3559 ὕψος
3349 3487 3568 3560 ὑψοῦται
3614 3481 3738 3555 μέχρι

2148 3573 2398 3647 Διδύμων
2428 3573 2590 3628 ὅλων.
2625 3575 2731 3654 Ἰξὸν
2765 3571 2822 3628 δὲ
2851 3579 3111 3649 Καρκῖνον
3143 3573 3484 3650 ὑποτρέχων,
3513 3571 3569 3627 οὐ
3603 3572 3738 3625 ποιεῖ-

2144 3685 2231 3718 ται
2295 3664 2388 3736 μὲν
2449 3664 2584 3739 πρὸς
2640 3665 2707 3718 τὰ
2760 3667 2856 3717 τοῦ
2913 3663 3123 3736 κόσμου
3183 3665 3323 3739 μέρη
3355 3662 3654 3718 ταπείνωσιν
3680 3655 3742 3726 (ἐκ

2147 3752 2375 3814 Λὲοντος
2416 3755 2516 3829 γὰρ
2561 3752 2741 3825 αὕτη),
2786 3759 2884 3822 τῆς
2936 3750 2980 3806 δ’
3028 3752 3228 3814 οἰκείας
3270 3753 3502 3831 σφαίρας
3559 3747 3738 3824 ἄρχεται

2144 3845 2521 3905 ταπεινοῦσθαι
2550 3846 2647 3896 τοῦ
2679 3841 2976 3915 ἀκροτάτου
3009 3842 3325 3915 ὑψώματος.

2221 3948 2329 4025 λβ’.
2362 3949 2462 4002 Καὶ
2493 3946 2582 4002 διὰ
2610 3953 2769 4003 τοῦτο
2798 3947 2886 4001 καὶ
2925 3947 3061 4002 κατὰ
3109 3949 3354 4025 κορυφήν
3402 3945 3473 4001 ὢν
3522 3947 3658 4019 ἡμῶν
3697 3938 3741 3994 ἐκ

2146 4045 2246 4108 τῆς
2295 4043 2392 4093 τοῦ
2436 4037 2643 4112 κόσμου
2675 4036 2968 4112 ἐγκλίσεως
3016 4036 3106 4091 καὶ
3157 4037 3570 4112 προσγειότερος
3607 4027 3738 4104 ἀρχό·

2153 4149 2307 4200 μενος
2365 4127 2623 4202 γίνεσθαι,
2672 4125 2759 4180 καί
2816 4127 2976 4198 ἡμῶν
3037 4125 3304 4202 ἐγγυτέρω
3362 4125 3496 4180 κατὰ
3544 4121 3738 4184 κάθετον,

2147 4218 2238 4271 καὶ
2292 4216 2355 4271 τὸ
2428 4217 2753 4292 θερμότατον
2809 4213 2859 4269 ἐν
2915 4211 3135 4284 ζωδίοις
3199 4211 3343 4290 ἔχων
3428 4211 3738 4289 ἐγγειτονοῦν,

2152 4304 2296 4381 λέγω
2355 4303 2420 4373 δὴ
2479 4304 2569 4357 τὸν
2629 4304 2850 4373 Λέοντα,
2914 4302 3177 4376 μειζόνων
3236 4302 3445 4377 γίνεται
3497 4298 3737 4372 καυμάτων

2150 4392 2342 4465 αἷίιιος,
2403 4393 2440 4462 ἢ
2499 4391 2587 4446 ὅτε
2641 4392 2704 4446 τὸ
2763 4392 2864 4446 ὑπὸ
2918 4391 3047 4455 τοὺς
3131 4389 3401 4465 Διδύμους
3462 4387 3741 4464 περιενόστει

2147 4489 2364 4555 τμῆμα,
2407 4487 2507 4550 τῆς
2557 4479 2758 4543 οἰκείας
2817 4480 3042 4558 σφαίρας
3085 4481 3148 4535 τὸ
3197 4479 3559 4554 ὑψηλότατον.
3604 4473 3683 4529 Καὶ
3719 4469 3740 4520 ὃ

2155 4573 2247 4644 μὲν
2276 4571 2436 4640 ἥλιος
2469 4568 2660 4631 οὕτως.

2225 4676 2322 4752 λγ’.
2357 4677 2418 4730 Οἱ
2477 4674 2535 4730 δὲ
2590 4673 2778 4730 λοιποὶ
2808 4674 3101 4748 πλάνητες,
3133 4676 3269 4751 πρὸς
3331 4677 3427 4748 μὲν
3481 4673 3545 4727 τὰ
3591 4666 3740 4723 νοτιώ·

2152 4787 2280 4842 τερα
2335 4766 2438 4819 ὑπὸ
2481 4766 2572 4818 τὸν
2627 4762 2888 4833 ζωδιακὸν
2922 4765 3220 4840 ἀρχόμενοι
3253 4765 3518 4842 φέρεσθαι,
3550 4752 3738 4834 λέγοιντ’

2154 4857 2212 4910 ἂν
2263 4859 2658 4917 ταπεινοῦσθαι’
2715 4853 2784 4928 τῇ
2845 4852 2889 4908 δ’
2948 4854 3179 4910 ἐντεῦθεν
3239 4850 3418 4926 ἀνόδῳ
3476 4851 3598 4925 μετᾶ
3665 4843 3737 4909 τὴν

2152 4950 2248 4999 τοῦ
2305 4943 2468 5018 μέσου
2520 4941 2881 5019 παραλλαγὴν
2941 4945 3077 5019 πρὸς
3131 4944 3199 4998 τὰ
3256 4945 3358 4998 ὑπο
3401 4944 3488 4997 τὸν
3523 4933 3736 5028 ζωδιακὸν

2159 5033 2469 5111 βορειότερα
2522 5018 2784 5104 νεόοντες,
2845 5031 3078 5108 λέγοιντ’
3145 5034 3203 5088 ἂν
3265 5021 3541 5106 ὑψοῦσθαί⁸
3580 5018 3738 5124 καὶὶτὸ

2157 5110 2350 5193 ζώδιον
2384 5124 2468 5200 ὑφ’
2510 5122 2539 5176 ’ὀ
2585 5123 2684 5189 τὴν
2729 5122 2866 5196 πρὸς
2902 5121 2969 5175 τὰ
3020 5122 3330 5198 βορειότερα
3379 5125 3546 5175 νεῦσιν
3577 5117 3602 5169 ὁ

2153 5235 2250 5284 νης
2285 5210 2507 5288 ἄρχεται
2537 5212 2824 5281 ποιεῖσθαι,
2855 5207 3060 5286 λέγοιτ’
3091 5210 3148 5264 ἂν
3187 5215 3283 5265 τοῦ
3337 5208 3578 5264 τοιούτου
3625 5195 3739 5300 πλάξ

2152 5323 2314 5372 νητος
2358 5301 2576 5375 ὕψωμα*
2621 5300 2684 5354 τὸ
2734 5296 2780 5354 δ’
2835 5299 2919 5376 ὑφ’
2975 5300 3003 5354 ὃ
3051 5299 3212 5356 νεύειν
3263 5296 3484 5375 ἄρχεται
3528 5292 3645 5369 πρὸς
3689 5292 3737 5339 τά

2153 5393 2326 5462 νότια,
2355 5395 2514 5444 τοῦτο
2544 5388 2883 5463 ταπείνωμα.

2226 5478 2292 5535 λδ
2315 5527 2326 5538 .
2357 5480 2427 5534 Τὸ
2461 5479 2642 5553 μέντοι
2671 5478 2741 5553 τῇ
2770 5478 2922 5556 φύσει
2962 5483 3058 5534 τοῦ
3109 5477 3385 5551 πλάνητος
3439 5463 3735 5556 οἰκεῖον,ζῷ-

2157 5569 2268 5626 διον
2305 5569 2450 5631 οἶκος
2478 5567 2641 5622 αὐτοῦ
2669 5572 2767 5623 τοῦ
2798 5568 3074 5640 πλάνητος
3120 5569 3398 5639 κέκληται·
3456 5565 3514 5620 τὸ
3562 5557 3604 5614 δ’
3626 5548 3731 5610 ἀνοί-

2154 5681 2297 5716 κειον
2324 5659 2414 5714 καὶ
2443 5657 2746 5734 ἀπροσφυὶς
2777 5656 3104 5732 ἐναντίωμα.

2227 5765 2433 5844 λε’,λς’.
2464 5766 2557 5822 Διὸ
2606 5767 2705 5822 τοῦ
2737 5765 2855 5842 ιμὲν
2897 5763 3064 5838 ἡλίου
3091 5770 3188 5824 τοῦ
3215 5760 3539 5847 θερμοτάτου
3561 5755 3616 5813 τὸ
3639 5754 3730 5834 θεῖεν·
