3988 6484
235 461 388 531 {317

1554 450 1902 528 EPITOME
1945 450 2310 530 PHYSICA.

3467 460 3626 536 1318

244 599 470 674 μότατον
497 593 692 666 ζώδιον
713 594 860 650 οἶκον
889 592 1096 650 ἔθεντον
1116 594 1170 649 oi
1189 593 1632 671 ἁστρολόγοι,τὸν
1656 596 1875 651 Λέοντα·

2014 599 2295 666 tissimus,
2318 599 2744 656 calidissimum
2761 599 2996 674 signum
3017 601 3291 676 astrologi
3313 605 3358 639 “
3381 604 3624 662 domum

238 688 438 763 ὕψωμα
471 686 564 740 τὸν
594 685 774 761 Κριόν·
806 683 1126 756 ταπείνωμα
1168 683 1258 738 τὸν
1310 683 1495 760 Ζυγόν·
1549 683 1871 757 ἐναντίωμα,

239 779 325 834 τὸν
375 773 693 851 Ὑδροχόον,
725 773 787 828 τὸ
832 777 940 828 τῶν
991 770 1200 842 ζωδίων
1241 773 1602 849 ψυχρότατον.
1636 774 1777 849 Πρὸς
1818 771 1875 827 δὲ

242 867 327 922 τὸν
377 863 722 940 ψυχρότατον
773 860 973 938 Κρόνον
1018 857 1326 934 τοῦμπαλιν
1378 864 1762 934 πεποιήκασιν,
1793 861 1872 916 οἶ-

239 976 328 1011 κον
388 952 536 1025 αὖτῷ
594 949 776 1013 δόντες
831 950 922 1005 τὸν
976 947 1283 1026 Ὑδροχόον·
1343 950 1489 1005 οἶκον
1547 947 1727 1025 ἕτερον
1781 948 1874 1005 τὸν

242 1042 576 1120 Αίγόκερων,
607 1041 696 1096 καὶ
728 1039 887 1095 αὐτὸν
919 1039 1230 1116 χειμερινὸν
1285 1036 1477 1108 ζώδιον
1508 1039 1598 1094 καὶ
1641 1037 1875 1114 ψυχρόνο

244 1131 387 1189 ἀλλᾶ
434 1129 502 1199 δὴ
549 1130 638 1185 καὶ
691 1129 852 1204 ξηρὸν
903 1129 954 1183 ἐν
1005 1133 1122 1190 τοῖς
1155 1127 1317 1182 αὐτοῦ
1346 1128 1596 1184 πλείουσι
1641 1128 1874 1204 μέρεσιν·

245 1221 444 1295 ὕψωμα
487 1221 580 1274 τὸν
633 1217 819 1294 Ζυγόν·
851 1216 1169 1290 ταπείνωμα
1212 1217 1303 1272 τὸν
1352 1216 1528 1292 Κριόν·
1580 1216 1882 1290 ἐναντίωμα

241 1311 330 1366 τὸν
362 1310 588 1364 Λέοντα·
627 1308 776 1362 Ἐπεὶ
807 1304 853 1361 δ’
885 1309 913 1361 6
941 1306 1142 1383 Κρόνος
1192 1306 1281 1361 καὶ
1329 1307 1528 1369 ἱκανῶς
1586 1307 1770 1383 ξηρὸς,
1802 1303 1883 1361 δε-

249 1398 474 1454 δώκασιν
522 1398 671 1470 αὐτῷ
714 1396 804 1452 καὶ
855 1392 1035 1473 ἕτερον
1081 1395 1400 1470 ἐναντίωμα,
1449 1396 1542 1451 τὸν
1596 1401 1880 1472 Καρκῖνον,

254 1486 443 1558 ζώδιον
472 1486 784 1564 ὑγρότατον.

315 1575 414 1648 λζ’.
448 1575 608 1638 Οἶκος
653 1576 778 1637 Διὸς
823 1577 921 1628 τοῦ
970 1572 1022 1628 ἐν
1076 1573 1333 1647 μεσότητι
1382 1573 1620 1650 κράσεως
1651 1575 1884 1645 Τοξότης

251 1665 336 1721 καὶ
379 1663 608 1741 Ἰχθύες·
669 1662 871 1738 ὕψωμα
951 1669 1234 1740 Καρκῖνοςο
1282 1663 1599 1737 ταπείνωμα
1657 1663 1886 1739 Αἷγόκε-

251 1772 374 1832 ρως’
407 1753 779 1827 ἐναντιώματα
807 1750 1034 1826 Δίδυμοι
1065 1752 1155 1807 καὶ
1184 1753 1476 1826 Παρθένος.

318 1860 424 1932 λη’.
473 1860 625 1915 Οἷκοι
674 1861 888 1936 Ἀρεος,
935 1863 1034 1914 τοῦ
1080 1864 1282 1936 θερμοῦ
1328 1860 1419 1914 καὶ
1466 1856 1634 1914 πλέον
1696 1860 1884 1934 ξηροῦ,

249 1951 410 2027 Κριὸς
460 1949 551 2005 καὶ
600 1947 892 2024 Σκορπίος·
943 1947 1145 2023 ὕψωμα
1192 1947 1521 2024 Αἷγόκερως’
1571 1939 1888 2022 ταπείνωμα

249 2043 526 2115 Καρκῖνος·
563 2037 935 2111 ἐναντιώματα
963 2039 1177 2113 Ταῦρος
1205 2037 1294 2092 καὶ
1327 2036 1512 2112 Ζυγός.

322 2144 426 2210 λθ.
478 2144 631 2200 Οἷκοι
683 2140 1009 2222 Ἀφροδίτης
1061 2150 1164 2212 τῆς
1213 2141 1264 2198 ἐν
1327 2143 1581 2216 μεσότητι
1648 2143 1886 2221 κράσεως

253 2237 466 2310 Ταῦρος
520 2234 610 2288 καὶ
663 2233 850 2309 Ζυγός·
883 2230 1086 2307 ὕψωμα
1113 2230 1339 2307 Ἰχθύες·
1386 2232 1704 2307 ταπείνωμα
1745 2239 1888 2308 Παρ-

255 2322 426 2385 θὲνος·
461 2321 831 2396 ἐναντιώματα
859 2322 1022 2398 Κριὸς
1051 2321 1142 2376 καὶ
1175 2320 1464 2395 Σκορπίος.

327 2502 399 2574 μ’.
450 2499 601 2554 Οἶκοι
641 2501 847 2577 Ἑρμοῦ
895 2498 1165 2575 εὐκράτως
1215 2494 1439 2574 ἔχοντος
1513 2497 1740 2574 Δίδυμοι
1800 2502 1890 2555 καὶ

256 2588 547 2667 Παρθένοςσ
625 2591 660 2658 ἡ
734 2586 998 2664 Παρθένος
1090 2588 1180 2643 καὶ
1273 2587 1493 2662 ὕψωμα·
1576 2589 1893 2663 ταπείνωμα

255 2677 483 2754 Ἰχθύες,
541 2678 592 2732 οἱ
647 2676 801 2732 αὐτοὶ
855 2677 945 2732 καὶ
976 2675 1296 2749 ἐναντίωμα·
1366 2672 1548 2753 ἕτερον
1593 2675 1894 2753 ἐναντίωμα

260 2765 511 2837 Τοξότης.

332 2874 438 2946 μα’.
505 2872 665 2934 Οἶκος
740 2871 978 2942 σελήνης
1051 2878 1152 2941 τῆς
1230 2871 1529 2947 ὑγροτάτης
1606 2878 1892 2948 Καρκῖνοςο

259 2960 460 3036 ὕψωμα
540 2963 772 3038 Ταῦρος·
841 2959 1160 3034 ταπείνωμα
1245 2959 1534 3035 Σκορπίος·
1593 2959 1898 3036 ἐναντίωμα

257 3049 588 3127 Αἰγόκερως.

333 3166 444 3242 μβ’.
496 3169 718 3242 Πρῶτον
775 3164 968 3234 ζώδιον
1020 3163 1229 3242 ἐαρινὸν
1276 3163 1590 3241 ἰσημερινὸν
1636 3166 1664 3219 ὁ
1712 3167 1897 3243 Κριὸς,

262 3256 358 3326 τὴν
438 3260 624 3332 κρᾶσιν
697 3253 917 3331 θερμόν.
995 3253 1086 3308 Διὸ
1160 3253 1250 3308 καὶ
1327 3253 1474 3316 οἶκος
1548 3261 1743 3331 νΑρεος
1824 3256 1900 3318 ὡς

1982 688 2366 760 assignarunt
2397 690 2644 745 Leonem
2674 707 2686 744 :
2718 689 2990 758 Arietem,
3041 691 3450 749 exaltationem
3477 712 3491 763 ;
3528 694 3621 749 Li—

1986 775 2152 831 bram
2183 779 2564 849 dejectionem
2593 803 2608 845 ;
2650 780 3445 850 Aquarium,adversitatem.
3477 783 3617 840 Vice

1985 881 2153 921 versa
2188 867 2448 923 fecerunt
2492 867 2550 921 in
2582 868 2831 924 Saturno
2862 869 3264 941 frigidissimo,
3296 871 3388 927 cui
3419 878 3617 944 Aqua-

1985 952 2138 1010 rium
2169 955 2412 1011 domum
2442 955 2811 1024 tribuerunt;
2844 962 2901 1014 et
2927 958 3100 1013 aliam
3131 960 3394 1026 domum,
3426 961 3623 1034 Capri-

1980 1058 2228 1098 cornum
2251 1062 2264 1111 ;
2292 1044 2433 1115 quin
2452 1049 2509 1100 et
2530 1045 2653 1117 ipse
2692 1045 2928 1118 signum
2954 1046 3265 1103 hibernum
3288 1053 3375 1104 est
3391 1052 3448 1104 et
3466 1039 3623 1123 frigi-

1989 1132 2132 1186 dum
2158 1149 2170 1199 ;
2195 1131 2334 1204 quin
2355 1138 2411 1188 et
2430 1133 2648 1189 siccum
2673 1133 2940 1205 pluribus
2958 1135 3048 1190 sui
3071 1137 3618 1208 partibus.Libram,

1989 1219 2438 1288 exultationem;
2513 1222 2788 1293 Arietem,
2857 1224 3274 1295 dejectionem;
3347 1228 3621 1300 Leonem,

1991 1309 2422 1365 adversitatem.
2453 1312 2523 1366 Et
2567 1311 2706 1383 quia
2751 1329 2884 1368 vero
2933 1314 3220 1371 Saturnus
3257 1315 3401 1372 satis
3430 1317 3623 1374 siccus

1991 1401 2102 1464 est,
2135 1397 2307 1454 aliam
2357 1399 2474 1470 ipsi
2520 1416 2750 1472 quoque
2797 1402 3208 1459 adversitatem
3269 1405 3623 1474 tribuerunt,

1992 1488 2302 1554 Cancrum,
2335 1489 2434 1560 qui
2467 1493 2556 1545 est
2584 1491 2817 1562 signum
2850 1491 3356 1550 humidissimum.

2064 1577 2153 1632 37.
2187 1577 2407 1632 Domus
2435 1578 2596 1634 Jovis
2638 1578 2697 1634 in
2742 1580 3138 1637 mediocritate
3181 1585 3628 1656 temperamenti

1993 1667 2282 1722 versantis
2338 1671 2427 1722 est
2498 1666 2844 1740 Sagittarius
2919 1674 2977 1724 et
3039 1670 3273 1740 Pisces;
3331 1674 3627 1746 exaltatio,

1995 1753 2245 1823 Cancer;
2292 1755 2555 1825 dejectio,
2606 1757 3028 1829 Capricornus:
3077 1759 3477 1831 adversitates,
3517 1764 3625 1820 Ge-

1995 1843 2141 1899 mini
2170 1849 2228 1900 et
2254 1844 2450 1916 Virgo.

2066 1933 2154 1986 38.
2201 1932 2421 1988 Domus
2474 1934 2678 1992 Martis
2725 1936 2825 2007 qui
2879 1936 3105 1994 calidus
3151 1943 3210 1994 et
3255 1939 3388 2011 plus
3437 1941 3630 1999 siccus

1920 2000 1967 2064 Β
1997 2024 2106 2089 est,
2153 2022 2317 2076 Aries
2377 2025 2436 2076 et
2489 2000 2798 2094 Scorpius:
2854 2025 3145 2094 exaltatio,
3203 2000 3630 2101 Capricornus;

2000 2108 2265 2178 dejectio,
2296 2112 2548 2179 Cancer;
2583 2111 3238 2182 adversitates,"1‘aurus
3267 2123 3325 2171 et
3354 2115 3525 2174 libra.

2070 2198 2158 2252 39.
2184 2202 2402 2254 Domus
2421 2198 2662 2255 Veneris
2684 2199 2743 2255 in
2768 2201 3164 2259 mediocritate
3183 2208 3635 2277 temperamenti

1999 2287 2392 2343 consistentis.
2440 2289 2670 2344 Taurus
2717 2294 2773 2345 et
2818 2291 3008 2359 libra;
3057 2293 3349 2362 exaltatio,
3393 2296 3628 2366 Pisces;

2000 2375 2265 2447 dejectio,
2314 2377 2533 2448 Virgo;
2583 2378 2983 2448 adversitates,
3036 2380 3198 2437 Aries
3244 2387 3301 2437 et
3330 2382 3629 2456 Scorpius.

2071 2465 2158 2519 40.
2191 2469 2409 2521 Domus
2457 2466 2728 2522 Mercurii
2777 2468 2876 2539 qui
2923 2469 3069 2524 bene
3115 2475 3473 2544 temperatus
3521 2479 3630 2544 est,

2000 2557 2140 2610 sunt
2193 2553 2419 2609 Gemini
2476 2559 2532 2610 et
2584 2556 2797 2628 Virgo:
2875 2557 3048 2629 Virgo
3106 2560 3282 2614 etiam
3339 2563 3633 2619 exaltatio.

2000 2643 2148 2697 401
2185 2643 2457 2714 Dejectio,
2509 2643 2742 2713 Pisces;
2775 2645 2877 2716 qui
2927 2652 2984 2701 et
3015 2647 3127 2719 ipsi
3158 2653 3297 2704 sunt
3324 2650 3498 2706 etiam
3529 2652 3630 2707 ad-

2001 2731 2244 2786 versitas
2272 2750 2285 2799 ;
2321 2731 2498 2787 altera
2523 2733 2862 2802 adversitas,
2896 2735 3268 2808 Sagittarius.

2075 2820 2163 2874 44.
2196 2820 2417 2876 Domue
2445 2819 2599 2877 lunae
2627 2822 3076 2894 humidissimm,
3119 2829 3371 2897 Cancer;
3403 2827 3636 2884 exaltati

2005 2908 2233 2963 Taurus
2261 2925 2274 2964 :
2308 2909 2572 2980 dejectio,
2603 2911 2913 2983 Scorpius;
2960 2913 3304 2982 adversitas,
3333 2917 3632 2988 Capricor-

2006 3013 2137 3053 nus.

2076 3088 2163 3141 42.
2217 3087 2479 3144 Primum
2532 3089 2768 3163 signum
2823 3092 3055 3148 vernale
3099 3093 3498 3164 aequinoctiale
3547 3099 3636 3151 est

2008 3177 2195 3245 Aries,
2235 3185 2312 3248 Υ,
2359 3183 2819 3250 temperamento
2871 3181 3125 3238 calidum
3174 3183 3238 3238 ‘5.
3278 3183 3642 3256 Quapropter

2009 3277 2182 3332 etiam
2202 3277 2412 3332 domus
2437 3277 2639 3332 Martis
2652 3286 2758 3344 est,
2775 3279 3124 3350 quatenusis
3146 3285 3235 3336 est
3253 3280 3477 3337 calidus
3501 3298 3514 3336 :
3537 3282 3648 3338 Ve-

268 3346 489 3421 θερμοῦ·
549 3351 649 3414 τῆς
681 3340 727 3398 δ’
758 3340 1089 3421 Ἀφροδίτης
1115 3341 1451 3443 κέναντίωμα
1493 3343 1895 3420 γνωριζομένης

2015 3366 2170 3421 neris
2199 3366 2638 3434 detrimentum,
2694 3372 2758 3423 ut
2798 3385 2977 3440 quam
3019 3369 3326 3425 mediocris
3356 3375 3644 3443 tempera-

268 3430 318 3486 ἐν
389 3431 644 3505 μεσότητι
710 3432 969 3507 κράσεως
1111 3428 1177 3501 δὴ
1251 3431 1505 3504 μεσότητι
1569 3431 1632 3488 τὰ
1701 3433 1898 3507 θερμὸν

266 3521 574 3576 ἀντίκειται’
619 3520 856 3598 καθάπερ
886 3520 975 3575 καὶ
1003 3517 1182 3576 τᾶλλα
1222 3521 1287 3574 τὰ
1332 3520 1522 3597 πόρῥω
1578 3521 1898 3595 μεσότητος.

262 3609 519 3687 Δεύτερον
598 3606 792 3679 ζώδιον
856 3609 884 3664 ὁ
940 3613 1166 3685 Ταῦρος,
1217 3607 1269 3662 ἐν
1358 3609 1615 3682 μεσότητι
1700 3627 1897 3687 γνωρι-

267 3698 494 3772 ζόμενος
548 3698 809 3773 κράσεως.
869 3698 962 3752 Διὸ
1012 3697 1102 3752 καὶ
1181 3704 1280 3768 τῆς
1341 3696 1673 3776 ’Δφροδίτης
1751 3699 1901 3763 οἶκος

263 3787 292 3841 ὁ
346 3792 572 3862 Ταῦροςο
631 3789 823 3863 ’Δρεος
884 3784 930 3842 δ’
989 3785 1295 3861 ἐναντίωμα
1364 3787 1428 3841 τὸ
1478 3794 1578 3858 τῆς
1661 3786 1901 3861 κράσεως

266 3873 426 3950 μέσον
507 3875 606 3932 οὐκ
669 3872 914 3951 ἔχοντος.
967 3875 1160 3952 Τρίτον
1222 3875 1274 3929 οἱ
1332 3872 1581 3949 Δίδυμοι,
1633 3875 1901 3932 τούπίπαν

262 3962 544 4041 εὐκρασίας
594 3963 809 4038 μεστόν.
859 3963 954 4018 Διὸ
999 3963 1088 4018 καὶ
1124 3962 1272 4026 οἶκός
1304 3962 1443 4019 ἐστιν
1471 3965 1695 4040 Ἑρμοῦ.
1729 3965 1899 4042 Φέρον

262 4050 323 4108 δὲ
365 4053 434 4109 τὰ
477 4052 631 4109 νότια
671 4053 844 4130 θερμὰ
869 4051 960 4108 καὶ
991 4053 1128 4126 ξηρὰ
1171 4055 1289 4108 κατ’
1341 4051 1604 4126 ἐπίτασιν,
1633 4058 1731 4109 τοῦ
1779 4053 1902 4117 Διός

262 4140 404 4197 ἐστιν
472 4141 790 4215 ἐναντίωμα,
853 4139 1127 4216 μεσότητα
1187 4139 1428 4218 κράσεως
1487 4140 1734 4218 ἔχοντες.
1802 4143 1901 4201 Τέ-

260 4251 456 4308 ταρτον
511 4232 540 4286 ὁ
595 4235 880 4307 Καρκῖνος,
943 4227 1135 4300 ζώδιον
1225 4230 1511 4308 ὑγρότατον
1587 4238 1687 4302 τῆς
1745 4231 1905 4309 ὑγρο-

260 4321 432 4390 τάτης
464 4318 700 4391 σελήνης
749 4319 917 4382 οἶκος⁸
972 4317 1272 4392 ἐναντίωμα
1316 4316 1375 4374 δὲ
1419 4323 1516 4374 τοῦ
1563 4319 1766 4396 Κρόνου
1807 4324 1905 4375 τοῦ

261 4408 357 4463 σὺν
411 4407 762 4482 ἐπιτεταμένῃ
807 4407 1114 4484 ψυχρότητι
1162 4407 1252 4463 καὶ
1305 4406 1521 4477 πολλὴν
1570 4408 1904 4483 κεκτημένου

263 4497 558 4574 ξηρότητα.
589 4497 844 4571 Πέμπτον
875 4498 904 4552 6
933 4498 1102 4569 Λέων,
1133 4497 1196 4552 τὸ
1224 4501 1331 4552 τῶν
1364 4495 1509 4552 ὅλων
1544 4496 1750 4566 ζωδίων
1784 4509 1903 4572 θερ-

272 4587 527 4661 μότατον,
568 4585 733 4658 ἡλίου
795 4587 889 4660 μὲν
939 4585 1089 4649 οἰκος
1124 4589 1222 4641 τοῦ
1268 4587 1623 4661 θερμοτάτου,
1655 4586 1905 4642 ἐναντίω-

267 4697 346 4750 μα
376 4673 434 4731 δὲ
462 4675 668 4753 Κρόνου
692 4679 789 4731 τοῦ
818 4677 1187 4753 ψυχροτάτου.
1212 4676 1401 4731 Ἕκτον
1433 4677 1467 4745 ἡ
1501 4675 1793 4753 Παρθένος,
1827 4675 1907 4732 εὖ·

261 4764 476 4840 κράτως
507 4761 711 4841 ἔχουσα
737 4764 873 4820 κατὰ
906 4765 1044 4840 μέρη
1072 4765 1140 4820 τὰ
1169 4763 1339 4836 νότια,
1372 4763 1461 4818 καὶ
1493 4761 1582 4818 διὰ
1607 4769 1768 4819 τοῦτο
1793 4762 1909 4819 δεύ-

261 4874 423 4930 τερος
452 4853 601 4917 οἶκος
628 4857 829 4929 Ἑρμοῦ
853 4853 1213 4930 τυγχάνουσα·
1265 4854 1401 4907 κατὰ
1427 4847 1606 4907 τᾶλλα
1654 4850 1712 4906 δὲ
1767 4852 1904 4927 μέρη

263 4941 402 5014 αὕτη
468 4943 558 4999 καὶ
614 4943 914 5020 θερμοτέρα
967 4945 1064 4995 τοῦ
1152 4941 1372 5017 μετρίου
1446 4942 1536 4996 καὶ
1621 4941 1904 5017 ὑγροτέρα.

263 5034 421 5096 Ὅθεν
479 5031 569 5087 καὶ
623 5032 748 5094 Διὸς
803 5029 1122 5104 ἐναντίωμα.
1155 5025 1430 5104 Ἕϐδομον
1481 5031 1509 5084 6
1560 5031 1750 5101 Ζυγὸς,
1805 5031 1908 5099 ζώ-

259 5117 380 5174 διον
428 5121 820 5199 φθινοπωρινὸν
868 5119 1180 5195 ἰσημερινὸν
1227 5119 1316 5173 καὶ
1365 5119 1438 5181 ὡς
1487 5118 1676 5174 ἐπίπαν
1720 5115 1911 5194 εὔκρα-

261 5227 380 5264 τον.
414 5211 570 5274 Ὅθεν
629 5205 956 5287 Ἀφροδίτης
1010 5204 1192 5284 ἕτερος
1251 5207 1419 5277 οἶκος,
1451 5213 1648 5283 ’Ἄρεος
1689 5205 1734 5262 δ’
1764 5207 1911 5263 ἐναν-

253 5297 466 5372 τίωμα.
526 5295 756 5374 Ὄγδοον
817 5299 846 5353 6
917 5297 1208 5372 Σκορπίος,
1272 5294 1465 5366 ζώδιον
1540 5298 1738 5373 θερμὸν
1823 5299 1915 5352 καὶ

268 5387 455 5465 ξηρὸν,
508 5387 786 5444 κάντεῦθεν
847 5388 1037 5461 ’Ἄρεος
1119 5383 1302 5463 ἕτερος
1385 5386 1552 5448 οἶκος·
1615 5385 1918 5461 ἐναντίωμα

270 5473 323 5531 δ’
382 5473 731 5554 ’Δφροδίτης.
793 5480 1015 5530 ’Ένατον
1070 5475 1098 5530 ὁ
1150 5474 1409 5548 Τοξότης,
1473 5475 1691 5552 μετρίας
1762 5475 1917 5550 μετέ-

261 5584 386 5642 χων
451 5564 776 5642 ὑγρότητος,
801 5563 893 5619 καὶ
951 5562 1166 5639 μετρίας
1221 5565 1558 5640 θερμότητος
1587 5563 1638 5620 ἐν
1671 5569 1789 5626 τοῖς
1820 5561 1916 5639 ἔμ-

2012 3455 2192 3511 menti
2220 3470 2350 3510 esse
2380 3459 2626 3524 constat,
2682 3456 2773 3512 cui
2830 3457 3214 3513 mediocritati
3261 3458 3483 3514 scilicet
3510 3458 3644 3515 cali-

2009 3545 2147 3600 dum
2178 3544 2491 3615 opponitur
2515 3561 2527 3599 :
2556 3546 3052 3616 quemadmodum
3085 3547 3259 3603 etiam
3282 3553 3485 3604 caetera
3514 3566 3641 3621 quae

2010 3649 2044 3687 a
2092 3631 2488 3688 mediocritate
2533 3636 2826 3690 recedunt.
2878 3636 3209 3692 Secundum
3260 3637 3495 3709 signum
3553 3643 3642 3694 est

2010 3723 2260 3790 Taurus,
2319 3722 2417 3796 ὅ,
2472 3724 2571 3795 qui
2617 3724 2927 3780 mediocris
2983 3741 3112 3780 esse
3193 3727 3643 3797 temperamenti

2011 3823 2368 3896 agnoscitur.
2400 3825 2761 3894 Quapr0pter
2789 3823 2966 3878 etiam
3001 3823 3239 3879 Veneris
3270 3824 3481 3880 domus
3510 3829 3599 3880 est
3625 3841 3639 3881 :

2011 3912 2214 3968 Martis
2248 3916 2465 3982 autem,
2500 3912 2601 3984 qui
2627 3912 3070 3983 temperamenti
3102 3911 3499 3968 mediocritate
3529 3929 3645 3969 non

2013 4005 2104 4056 est
2131 4001 2434 4072 praeditus,
2463 3999 2901 4056 detrimentum.
2933 4000 3192 4056 Tertium
3223 4004 3363 4056 sunt
3392 4000 3646 4073 Gemini,

2021 4096 2088 4160 ιε’,
2121 4090 2277 4161 quod
2308 4106 2590 4163 magnum
2619 4094 2842 4162 partem
2873 4089 3022 4145 bono
3069 4093 3526 4160 temperamento
3558 4107 3647 4146 re-

2013 4184 2231 4242 fertum
2263 4191 2370 4243 est.
2404 4188 2765 4258 Quapropter
2793 4186 2970 4242 etiam
2993 4186 3273 4242 Mercurri
3297 4187 3508 4242 domus
3537 4191 3646 4242 est.

2015 4275 2160 4339 Quia
2190 4281 2386 4331 autem
2413 4275 2698 4331 australes
2725 4280 2920 4348 partes
2941 4274 3114 4330 habet
3135 4273 3350 4330 calidas
3379 4279 3437 4330 et
3464 4275 3652 4331 inten-

2015 4379 2078 4419 se
2107 4364 2313 4434 siccas,
2362 4365 2522 4420 Jovis
2571 4364 2669 4436 qui
2708 4362 3168 4419 mediocritatem
3199 4364 3646 4434 temperamenti

2014 4451 2191 4510 habet
2219 4453 2631 4510 detrimentum
2661 4457 2767 4509 est.
2800 4455 3103 4523 Quartum,
3131 4454 3369 4519 Cancer,
3400 4462 3508 4520 go,
3569 4453 3647 4507 si-

2015 4569 2196 4626 gnum
2227 4552 2734 4622 humidissimum,
2767 4550 3195 4606 humidissimae
3224 4549 3378 4606 lunae
3412 4550 3647 4621 domus,

2017 4643 2116 4699 sed
2148 4641 2384 4698 Saturni
2413 4641 2852 4706 detrimentum,
2886 4640 2986 4713 qui
3017 4655 3152 4694 cum
3183 4638 3412 4694 intenso
3443 4638 3656 4711 frigore

1936 4731 1982 4796 D
2014 4730 2332 4804 plurimum
2365 4729 2540 4785 etiam
2571 4729 2856 4784 siccitatis
2907 4728 3147 4784 obtinet.
3181 4728 3334 4782 402
3367 4728 3648 4791 Quintum

2020 4823 2154 4890 Leo,
2188 4819 2279 4899 ςζ,
2349 4819 2755 4876 universorum
2829 4819 3131 4890 signorum
3204 4815 3652 4885 calidissimum,

2015 4920 2361 4977 calidissimi
2405 4920 2642 4992 quidem
2682 4917 2822 4974 solis
2869 4917 3101 4984 domus,
3149 4914 3250 4969 sed
3282 4912 3651 4985 frigidissimi

2019 5010 2255 5066 Saturni
2285 5011 2720 5065 detrimentum.
2782 5007 3020 5062 Sextum
3051 5003 3254 5076 Virgo,
3282 5021 3360 5089 ιιι
3437 5021 3563 5078 quae
3593 5003 3654 5059 in

2020 5109 2286 5180 partibus
2317 5107 2673 5163 australibus
2702 5110 3018 5178 temperate
3055 5123 3116 5161 se
3146 5105 3341 5177 habet,
3390 5115 3446 5163 et
3477 5122 3650 5180 prop-

2023 5203 2182 5252 terea
2209 5196 2383 5252 altero
2435 5195 2712 5251 Mercurri
2743 5196 2954 5250 domus
3003 5197 3248 5252 exsistit.
3296 5197 3359 5252 In
3389 5195 3519 5252 aliis
3549 5213 3654 5250 au-

2023 5289 2140 5340 tem
2171 5285 2437 5357 partibus
2484 5290 2542 5340 et
2589 5284 2710 5339 haec
2748 5301 2929 5356 supra
2977 5285 3438 5342 mediocritatem
3469 5284 3660 5341 calida

2025 5378 2114 5430 est
2146 5383 2203 5432 et
2250 5376 2564 5431 humidior.
2614 5376 2778 5432 Unde
2831 5375 3005 5430 etiam
3052 5374 3210 5431 Jovis
3241 5375 3659 5430 detrimentum

2027 5467 2138 5518 est.
2170 5462 2497 5536 Septimum
2529 5466 2617 5518 est
2640 5462 2832 5531 Libra,
2867 5482 2961 5542 ἦ,
3016 5463 3250 5536 signum
3300 5462 3662 5520 autummale

2029 5562 2456 5636 aequinoctiale,
2501 5566 2558 5618 et
2598 5562 2714 5619 fere
2761 5568 3172 5637 temperatum.
3202 5565 3388 5628 Quare
3417 5560 3660 5618 Veneris

336 5675 395 5750 “A
413 5673 786 5750 Ptol.quadr._
804 5677 925 5750 1.1,
949 5671 1036 5750 18,
1055 5675 1111 5730 et
1130 5689 1257 5746 11,0.
1285 5674 1342 5750 ᾇ.
1360 5674 1528 5732 Card.
1551 5673 1612 5731 in
1633 5674 1857 5750 comm:
1874 5672 2018 5750 ibid.
2047 5671 2166 5730 Jul.
2193 5672 2366 5750 Firm.
2389 5673 2689 5750 Astron_.’_l.
2707 5689 2770 5750 Ir,
2795 5673 3085 5750 c,_2,3,_1_0
3111 5689 3127 5740 ;
3159 5671 3200 5750 Τ.
3218 5670 3390 5750 Caur.
3414 5669 3652 5750 Isagoge

276 5745 342 5802 in
368 5718 692 5820 4363a???
705 5761 735 5802 ο
761 5744 818 5815 4,
841 5718 956 5815 ’1έ;
988 5718 1062 5802 tr.
1096 5718 1241 5819 11,,0.
1274 5745 1299 5804 Ι
1485 5718 1654 5819 11.1,“0.
1689 5747 1739 5802 1.
1815 5745 1860 5783 ⁴⁸
1887 5749 1895 5802 1

2014 5718 3080 5818 ’.ἲῖιίὲιᾶἱεῖἙὺῗῖοῗὲέξῦὲὼῖῗιζιῐιῖ
3105 5718 3127 5815 ξ
3151 5718 3653 5815 ,ἱὶλῑῖιῖπῖἰυᾱᾱῗῗῖῗιζ

280 5835 336 5878 c.
358 5817 446 5879 12.
