  <div class='ocr_page' id='page_1' title='image "/cluster/home/n/w/nwhite01/storage/ocr_20150623/142/mdp.39015078384792/667.png"; bbox 0 0 3988 6426; ppageno 0'>
   <div class='ocr_carea' id='block_1_1' title="bbox 545 413 701 476">
    <p class='ocr_par' dir='ltr' id='par_1_1' title="bbox 545 413 701 476">
     <span class='ocr_line' id='line_1_1' title="bbox 545 413 701 476; baseline 0.019 -3"><span class='ocrx_word' id='word_1_1' title='bbox 545 413 701 476; x_wconf 74' lang='grc'><strong>1319</strong></span> 
     </span>
    </p>
   </div>
   <div class='ocr_carea' id='block_1_2' title="bbox 1787 413 2691 482">
    <p class='ocr_par' dir='ltr' id='par_1_2' title="bbox 1787 413 2691 482">
     <span class='ocr_line' id='line_1_2' title="bbox 1787 413 2691 482; baseline 0.007 -5"><span class='ocrx_word' id='word_1_2' title='bbox 1787 413 2209 480; x_wconf 79' lang='lat' dir='ltr'><strong>NICEPHORI</strong></span> <span class='ocrx_word' id='word_1_3' title='bbox 2251 416 2691 482; x_wconf 64' lang='lat' dir='ltr'><strong>BLEMMIDIE</strong></span> 
     </span>
    </p>
   </div>
   <div class='ocr_carea' id='block_1_3' title="bbox 3700 428 3806 496">
    <p class='ocr_par' dir='ltr' id='par_1_3' title="bbox 3700 428 3806 496">
     <span class='ocr_line' id='line_1_3' title="bbox 3700 428 3806 496; baseline 0.038 -4"><span class='ocrx_word' id='word_1_4' title='bbox 3700 428 3806 496; x_wconf 67' lang='lat'><strong>1330</strong></span> 
     </span>
    </p>
   </div>
   <div class='ocr_carea' id='block_1_4' title="bbox 543 545 2177 630">
    <p class='ocr_par' dir='ltr' id='par_1_4' title="bbox 543 545 2173 614">
     <span class='ocr_line' id='line_1_4' title="bbox 543 545 2173 614; baseline 0.002 -12"><span class='ocrx_word' id='word_1_5' title='bbox 543 547 726 604; x_wconf 87' lang='lat' dir='ltr'><strong>altera</strong></span> <span class='ocrx_word' id='word_1_6' title='bbox 753 547 984 614; x_wconf 91' lang='lat' dir='ltr'><strong>domus,</strong></span> <span class='ocrx_word' id='word_1_7' title='bbox 1015 545 1217 606; x_wconf 73' lang='lat' dir='ltr'><strong>Martis</strong></span> <span class='ocrx_word' id='word_1_8' title='bbox 1266 546 1683 604; x_wconf 82' lang='lat' dir='ltr'><strong>detrimentum</strong></span> <span class='ocrx_word' id='word_1_9' title='bbox 1732 554 1841 605; x_wconf 89' lang='lat' dir='ltr'><strong>est.</strong></span> <span class='ocrx_word' id='word_1_10' title='bbox 1891 550 2173 606; x_wconf 85' lang='lat' dir='ltr'><strong>Octavum</strong></span> 
     </span>
    </p>
   </div>
   <div class='ocr_carea' id='block_1_5' title="bbox 2286 545 3804 630">
    <p class='ocr_par' dir='ltr' id='par_1_5' title="bbox 2286 549 3804 630">
     <span class='ocr_line' id='line_1_5' title="bbox 2286 549 3804 630; baseline -0.003 -26"><span class='ocrx_word' id='word_1_11' title='bbox 2286 551 2512 625; x_wconf 76' lang='grc' dir='ltr'>προσθεν</span> <span class='ocrx_word' id='word_1_12' title='bbox 2577 552 2790 627; x_wconf 63' lang='grc' dir='ltr'>μέρεσιν</span> <span class='ocrx_word' id='word_1_13' title='bbox 2847 549 2881 605; x_wconf 76' lang='grc' dir='ltr'>ἃ</span> <span class='ocrx_word' id='word_1_14' title='bbox 2948 551 3329 628; x_wconf 76' lang='grc' dir='ltr'><strong>προηγούμενα</strong></span> <span class='ocrx_word' id='word_1_15' title='bbox 3383 553 3614 630; x_wconf 67' lang='grc' dir='ltr'>λέγονται·</span> <span class='ocrx_word' id='word_1_16' title='bbox 3658 558 3804 630; x_wconf 58' lang='grc' dir='ltr'>πολλῆς</span> 
     </span>
    </p>
   </div>
   <div class='ocr_carea' id='block_1_6' title="bbox 543 632 2177 720">
    <p class='ocr_par' dir='ltr' id='par_1_6' title="bbox 543 632 2177 709">
     <span class='ocr_line' id='line_1_6' title="bbox 543 632 2177 709; baseline 0.006 -22"><span class='ocrx_word' id='word_1_17' title='bbox 543 637 634 687; x_wconf 91' lang='lat' dir='ltr'><strong>est</strong></span> <span class='ocrx_word' id='word_1_18' title='bbox 684 632 1092 709; x_wconf 64' lang='lat' dir='ltr'><strong>Scorpiusml,</strong></span> <span class='ocrx_word' id='word_1_19' title='bbox 1144 637 1380 708; x_wconf 91' lang='lat' dir='ltr'><strong>signum</strong></span> <span class='ocrx_word' id='word_1_20' title='bbox 1428 637 1682 693; x_wconf 87' lang='lat' dir='ltr'><strong>calidum</strong></span> <span class='ocrx_word' id='word_1_21' title='bbox 1730 646 1787 694; x_wconf 91' lang='lat' dir='ltr'><strong>et</strong></span> <span class='ocrx_word' id='word_1_22' title='bbox 1831 639 2092 695; x_wconf 90' lang='lat' dir='ltr'><strong>siccum:</strong></span> <span class='ocrx_word' id='word_1_23' title='bbox 2125 645 2177 696; x_wconf 88' lang='lat' dir='ltr'><strong>et</strong></span> 
     </span>
    </p>
   </div>
   <div class='ocr_carea' id='block_1_7' title="bbox 2286 632 3803 720">
    <p class='ocr_par' dir='ltr' id='par_1_7' title="bbox 2293 636 3803 720">
     <span class='ocr_line' id='line_1_7' title="bbox 2293 636 3803 720; baseline 0.007 -27"><span class='ocrx_word' id='word_1_24' title='bbox 2293 636 2338 692; x_wconf 81' lang='grc' dir='ltr'><strong>δ’</strong></span> <span class='ocrx_word' id='word_1_25' title='bbox 2395 640 2676 715; x_wconf 74' lang='grc' dir='ltr'><strong>εὐκρασίας</strong></span> <span class='ocrx_word' id='word_1_26' title='bbox 2734 641 2785 695; x_wconf 83' lang='grc' dir='ltr'><strong>ἐν</strong></span> <span class='ocrx_word' id='word_1_27' title='bbox 2833 647 2948 702; x_wconf 79' lang='grc' dir='ltr'>τοῖς</span> <span class='ocrx_word' id='word_1_28' title='bbox 3010 643 3213 713; x_wconf 69' lang='grc' dir='ltr'>μέσοις.</span> <span class='ocrx_word' id='word_1_29' title='bbox 3247 645 3336 698; x_wconf 85' lang='grc' dir='ltr'>Διὸ</span> <span class='ocrx_word' id='word_1_30' title='bbox 3391 645 3473 698; x_wconf 76' lang='grc' dir='ltr'><strong>καὶ</strong></span> <span class='ocrx_word' id='word_1_31' title='bbox 3515 649 3803 720; x_wconf 66' lang='grc' dir='ltr'>πριῖηοςοῖκες</span> 
     </span>
    </p>
   </div>
   <div class='ocr_carea' id='block_1_8' title="bbox 540 729 2180 803">
    <p class='ocr_par' dir='ltr' id='par_1_8' title="bbox 540 729 2180 803">
     <span class='ocr_line' id='line_1_8' title="bbox 540 729 2180 803; baseline 0.006 -20"><span class='ocrx_word' id='word_1_32' title='bbox 540 729 678 784; x_wconf 86' lang='lat' dir='ltr'><strong>hinc</strong></span> <span class='ocrx_word' id='word_1_33' title='bbox 709 732 912 788; x_wconf 88' lang='lat' dir='ltr'><strong>Martis</strong></span> <span class='ocrx_word' id='word_1_34' title='bbox 941 734 1153 789; x_wconf 89' lang='lat' dir='ltr'><strong>domus</strong></span> <span class='ocrx_word' id='word_1_35' title='bbox 1184 734 1404 790; x_wconf 89' lang='lat' dir='ltr'><strong>altera:</strong></span> <span class='ocrx_word' id='word_1_36' title='bbox 1442 737 1702 803; x_wconf 87' lang='lat' dir='ltr'><strong>Veneris,</strong></span> <span class='ocrx_word' id='word_1_37' title='bbox 1736 737 2180 793; x_wconf 76' lang='lat' dir='ltr'><strong>detrimentum.</strong></span> 
     </span>
    </p>
   </div>
   <div class='ocr_carea' id='block_1_9' title="bbox 539 818 2183 891">
    <p class='ocr_par' dir='ltr' id='par_1_9' title="bbox 539 818 2183 891">
     <span class='ocr_line' id='line_1_9' title="bbox 539 818 2183 891; baseline 0.002 -17"><span class='ocrx_word' id='word_1_38' title='bbox 539 819 770 874; x_wconf 90' lang='lat' dir='ltr'><strong>Nonum</strong></span> <span class='ocrx_word' id='word_1_39' title='bbox 801 822 890 873; x_wconf 86' lang='lat' dir='ltr'><strong>est</strong></span> <span class='ocrx_word' id='word_1_40' title='bbox 932 818 1298 890; x_wconf 77' lang='lat' dir='ltr'><strong>Sagittarius,</strong></span> <span class='ocrx_word' id='word_1_41' title='bbox 1344 835 1453 889; x_wconf 65' lang='grc' dir='ltr'>έν-ι,</span> <span class='ocrx_word' id='word_1_42' title='bbox 1513 820 1612 891; x_wconf 90' lang='lat' dir='ltr'><strong>qui</strong></span> <span class='ocrx_word' id='word_1_43' title='bbox 1669 821 1728 875; x_wconf 89' lang='lat' dir='ltr'><strong>in</strong></span> <span class='ocrx_word' id='word_1_44' title='bbox 1790 823 2183 877; x_wconf 87' lang='lat' dir='ltr'><strong>anterioribus</strong></span> 
     </span>
    </p>
   </div>
   <div class='ocr_carea' id='block_1_10' title="bbox 541 917 2180 989">
    <p class='ocr_par' dir='ltr' id='par_1_10' title="bbox 541 917 2180 989">
     <span class='ocr_line' id='line_1_10' title="bbox 541 917 2180 989; baseline 0.001 -17"><span class='ocrx_word' id='word_1_45' title='bbox 541 917 825 989; x_wconf 88' lang='lat' dir='ltr'><strong>partibus,</strong></span> <span class='ocrx_word' id='word_1_46' title='bbox 877 933 1000 987; x_wconf 62' lang='lat' dir='ltr'><strong>quae</strong></span> <span class='ocrx_word' id='word_1_47' title='bbox 1048 919 1455 976; x_wconf 78' lang='lat' dir='ltr'><strong>antecedentes</strong></span> <span class='ocrx_word' id='word_1_48' title='bbox 1503 921 1798 986; x_wconf 88' lang='lat' dir='ltr'><strong>dicuntur,</strong></span> <span class='ocrx_word' id='word_1_49' title='bbox 1832 919 2180 975; x_wconf 84' lang='lat' dir='ltr'><strong>mediocrem</strong></span> 
     </span>
    </p>
   </div>
   <div class='ocr_carea' id='block_1_11' title="bbox 538 1006 2182 1076">
    <p class='ocr_par' dir='ltr' id='par_1_11' title="bbox 538 1006 2182 1076">
     <span class='ocr_line' id='line_1_11' title="bbox 538 1006 2182 1076; baseline 0.002 -15"><span class='ocrx_word' id='word_1_50' title='bbox 538 1006 847 1062; x_wconf 80' lang='lat' dir='ltr'><strong>humorem</strong></span> <span class='ocrx_word' id='word_1_51' title='bbox 868 1011 924 1061; x_wconf 91' lang='lat' dir='ltr'><strong>et</strong></span> <span class='ocrx_word' id='word_1_52' title='bbox 936 1007 1286 1063; x_wconf 86' lang='lat' dir='ltr'><strong>mediocrem</strong></span> <span class='ocrx_word' id='word_1_53' title='bbox 1306 1007 1580 1076; x_wconf 89' lang='lat' dir='ltr'><strong>calorem,</strong></span> <span class='ocrx_word' id='word_1_54' title='bbox 1601 1009 1852 1063; x_wconf 87' lang='lat' dir='ltr'><strong>multum</strong></span> <span class='ocrx_word' id='word_1_55' title='bbox 1872 1014 2066 1064; x_wconf 85' lang='lat' dir='ltr'><strong>autem</strong></span> <span class='ocrx_word' id='word_1_56' title='bbox 2087 1010 2182 1064; x_wconf 88' lang='lat' dir='ltr'><strong>bo-</strong></span> 
     </span>
    </p>
   </div>
   <div class='ocr_carea' id='block_1_12' title="bbox 538 1095 2180 1168">
    <p class='ocr_par' dir='ltr' id='par_1_12' title="bbox 538 1095 2180 1168">
     <span class='ocr_line' id='line_1_12' title="bbox 538 1095 2180 1168; baseline 0 -17"><span class='ocrx_word' id='word_1_57' title='bbox 538 1095 597 1152; x_wconf 89' lang='lat' dir='ltr'><strong>ni</strong></span> <span class='ocrx_word' id='word_1_58' title='bbox 613 1095 1132 1168; x_wconf 87' lang='lat' dir='ltr'><strong>temperamentiin</strong></span> <span class='ocrx_word' id='word_1_59' title='bbox 1157 1097 1614 1153; x_wconf 87' lang='lat' dir='ltr'><strong>mediisobtinet.</strong></span> <span class='ocrx_word' id='word_1_60' title='bbox 1643 1097 1803 1152; x_wconf 90' lang='lat' dir='ltr'><strong>Unde</strong></span> <span class='ocrx_word' id='word_1_61' title='bbox 1825 1097 1999 1153; x_wconf 87' lang='lat' dir='ltr'><strong>etiam</strong></span> <span class='ocrx_word' id='word_1_62' title='bbox 2021 1097 2180 1152; x_wconf 88' lang='lat' dir='ltr'><strong>Jovis</strong></span> 
     </span>
    </p>
   </div>
   <div class='ocr_carea' id='block_1_13' title="bbox 539 1185 2179 1258">
    <p class='ocr_par' dir='ltr' id='par_1_13' title="bbox 539 1185 2179 1258">
     <span class='ocr_line' id='line_1_13' title="bbox 539 1185 2179 1258; baseline 0 -18"><span class='ocrx_word' id='word_1_63' title='bbox 539 1185 697 1257; x_wconf 90' lang='lat' dir='ltr'><strong>prior</strong></span> <span class='ocrx_word' id='word_1_64' title='bbox 709 1186 919 1240; x_wconf 85' lang='lat' dir='ltr'><strong>domus</strong></span> <span class='ocrx_word' id='word_1_65' title='bbox 932 1185 1326 1248; x_wconf 86' lang='lat' dir='ltr'><strong>est.Quoniam</strong></span> <span class='ocrx_word' id='word_1_66' title='bbox 1343 1203 1474 1242; x_wconf 86' lang='lat' dir='ltr'><strong>vero</strong></span> <span class='ocrx_word' id='word_1_67' title='bbox 1488 1187 1834 1258; x_wconf 82' lang='lat' dir='ltr'><strong>posteriores</strong></span> <span class='ocrx_word' id='word_1_68' title='bbox 1847 1192 2179 1258; x_wconf 64' lang='lat' dir='ltr'><strong>partesque</strong></span> 
     </span>
    </p>
   </div>
   <div class='ocr_carea' id='block_1_14' title="bbox 541 1273 2179 1348">
    <p class='ocr_par' dir='ltr' id='par_1_14' title="bbox 541 1273 2179 1348">
     <span class='ocr_line' id='line_1_14' title="bbox 541 1273 2179 1348; baseline 0 -18"><span class='ocrx_word' id='word_1_69' title='bbox 541 1278 968 1346; x_wconf 84' lang='lat' dir='ltr'><strong>consequentes</strong></span> <span class='ocrx_word' id='word_1_70' title='bbox 1000 1273 1294 1342; x_wconf 89' lang='lat' dir='ltr'><strong>dicuntur,</strong></span> <span class='ocrx_word' id='word_1_71' title='bbox 1318 1275 1493 1332; x_wconf 86' lang='lat' dir='ltr'><strong>habet</strong></span> <span class='ocrx_word' id='word_1_72' title='bbox 1513 1277 1736 1348; x_wconf 85' lang='lat' dir='ltr'><strong>igneas,</strong></span> <span class='ocrx_word' id='word_1_73' title='bbox 1756 1276 1962 1332; x_wconf 84' lang='lat' dir='ltr'><strong>boreas</strong></span> <span class='ocrx_word' id='word_1_74' title='bbox 1983 1280 2179 1331; x_wconf 88' lang='lat' dir='ltr'><strong>autem</strong></span> 
     </span>
    </p>
   </div>
   <div class='ocr_carea' id='block_1_15' title="bbox 540 1362 2181 1437">
    <p class='ocr_par' dir='ltr' id='par_1_15' title="bbox 540 1362 2181 1437">
     <span class='ocr_line' id='line_1_15' title="bbox 540 1362 2181 1437; baseline 0.001 -18"><span class='ocrx_word' id='word_1_75' title='bbox 540 1365 726 1420; x_wconf 86' lang='lat' dir='ltr'><strong>siccas</strong></span> <span class='ocrx_word' id='word_1_76' title='bbox 737 1368 794 1419; x_wconf 91' lang='lat' dir='ltr'><strong>et</strong></span> <span class='ocrx_word' id='word_1_77' title='bbox 804 1362 1091 1419; x_wconf 86' lang='lat' dir='ltr'><strong>australes</strong></span> <span class='ocrx_word' id='word_1_78' title='bbox 1101 1363 1377 1420; x_wconf 82' lang='lat' dir='ltr'><strong>humidae</strong></span> <span class='ocrx_word' id='word_1_79' title='bbox 1393 1383 1405 1420; x_wconf 89' lang='lat'>:</span> <span class='ocrx_word' id='word_1_80' title='bbox 1414 1370 1648 1437; x_wconf 89' lang='lat' dir='ltr'><strong>propter</strong></span> <span class='ocrx_word' id='word_1_81' title='bbox 1658 1365 1807 1420; x_wconf 86' lang='lat' dir='ltr'><strong>hanc</strong></span> <span class='ocrx_word' id='word_1_82' title='bbox 1822 1365 2181 1435; x_wconf 62' lang='lat' dir='ltr'><strong>inaequalita-</strong></span> 
     </span>
    </p>
   </div>
   <div class='ocr_carea' id='block_1_16' title="bbox 540 1451 2177 1525">
    <p class='ocr_par' dir='ltr' id='par_1_16' title="bbox 540 1451 2177 1525">
     <span class='ocr_line' id='line_1_16' title="bbox 540 1451 2177 1525; baseline -0.001 -17"><span class='ocrx_word' id='word_1_83' title='bbox 540 1457 656 1508; x_wconf 88' lang='lat' dir='ltr'><strong>tem</strong></span> <span class='ocrx_word' id='word_1_84' title='bbox 680 1452 950 1508; x_wconf 84' lang='lat' dir='ltr'><strong>Mercurii</strong></span> <span class='ocrx_word' id='word_1_85' title='bbox 973 1451 1390 1509; x_wconf 87' lang='lat' dir='ltr'><strong>detrimentum</strong></span> <span class='ocrx_word' id='word_1_86' title='bbox 1413 1458 1523 1510; x_wconf 89' lang='lat' dir='ltr'><strong>est.</strong></span> <span class='ocrx_word' id='word_1_87' title='bbox 1554 1455 1852 1509; x_wconf 90' lang='lat' dir='ltr'><strong>Decimum</strong></span> <span class='ocrx_word' id='word_1_88' title='bbox 1874 1460 1963 1510; x_wconf 89' lang='lat' dir='ltr'><strong>est</strong></span> <span class='ocrx_word' id='word_1_89' title='bbox 1978 1454 2177 1525; x_wconf 86' lang='lat' dir='ltr'><strong>Capri-</strong></span> 
     </span>
    </p>
   </div>
   <div class='ocr_carea' id='block_1_17' title="bbox 540 1541 2179 1614">
    <p class='ocr_par' dir='ltr' id='par_1_17' title="bbox 540 1541 2179 1614">
     <span class='ocr_line' id='line_1_17' title="bbox 540 1541 2179 1614; baseline 0.001 -20"><span class='ocrx_word' id='word_1_90' title='bbox 540 1555 776 1606; x_wconf 88' lang='lat' dir='ltr'><strong>cornus,</strong></span> <span class='ocrx_word' id='word_1_91' title='bbox 820 1543 870 1603; x_wconf 86' lang='lat' dir='ltr'><strong>h</strong></span> <span class='ocrx_word' id='word_1_92' title='bbox 885 1583 899 1608; x_wconf 96' lang='lat'><strong>,</strong></span> <span class='ocrx_word' id='word_1_93' title='bbox 914 1541 1013 1612; x_wconf 90' lang='lat' dir='ltr'><strong>qui</strong></span> <span class='ocrx_word' id='word_1_94' title='bbox 1028 1545 1222 1613; x_wconf 84' lang='lat' dir='ltr'><strong>partes</strong></span> <span class='ocrx_word' id='word_1_95' title='bbox 1244 1543 1482 1613; x_wconf 89' lang='lat' dir='ltr'><strong>quidem</strong></span> <span class='ocrx_word' id='word_1_96' title='bbox 1501 1541 2031 1614; x_wconf 84' lang='lat' dir='ltr'><strong>aliquasbumidas,</strong></span> <span class='ocrx_word' id='word_1_97' title='bbox 2051 1541 2179 1613; x_wconf 90' lang='lat' dir='ltr'><strong>plu-</strong></span> 
     </span>
    </p>
   </div>
   <div class='ocr_carea' id='block_1_18' title="bbox 541 1639 2181 1709">
    <p class='ocr_par' dir='ltr' id='par_1_18' title="bbox 541 1639 2181 1709">
     <span class='ocr_line' id='line_1_18' title="bbox 541 1639 2181 1709; baseline 0.002 -18"><span class='ocrx_word' id='word_1_98' title='bbox 541 1653 634 1692; x_wconf 89' lang='lat' dir='ltr'><strong>res</strong></span> <span class='ocrx_word' id='word_1_99' title='bbox 647 1642 844 1694; x_wconf 87' lang='lat' dir='ltr'><strong>autem</strong></span> <span class='ocrx_word' id='word_1_100' title='bbox 857 1639 1042 1696; x_wconf 89' lang='lat' dir='ltr'><strong>siccas</strong></span> <span class='ocrx_word' id='word_1_101' title='bbox 1056 1639 1250 1709; x_wconf 81' lang='lat' dir='ltr'><strong>habet,</strong></span> <span class='ocrx_word' id='word_1_102' title='bbox 1267 1641 1420 1696; x_wconf 67' lang='grc' dir='ltr'><strong>ιω</strong></span> <span class='ocrx_word' id='word_1_103' title='bbox 1441 1644 1499 1696; x_wconf 90' lang='lat' dir='ltr'><strong>et</strong></span> <span class='ocrx_word' id='word_1_104' title='bbox 1511 1640 1568 1694; x_wconf 92' lang='lat' dir='ltr'><strong>in</strong></span> <span class='ocrx_word' id='word_1_105' title='bbox 1585 1657 1819 1696; x_wconf 91' lang='lat' dir='ltr'><strong>summa</strong></span> <span class='ocrx_word' id='word_1_106' title='bbox 1835 1657 1869 1695; x_wconf 86' lang='lat' dir='ltr'><strong>a</strong></span> <span class='ocrx_word' id='word_1_107' title='bbox 1883 1641 2181 1695; x_wconf 91' lang='lat' dir='ltr'><strong>mediocri-</strong></span> 
     </span>
    </p>
   </div>
   <div class='ocr_carea' id='block_1_19' title="bbox 539 1729 2176 1802">
    <p class='ocr_par' dir='ltr' id='par_1_19' title="bbox 539 1729 2176 1802">
     <span class='ocr_line' id='line_1_19' title="bbox 539 1729 2176 1802; baseline 0.001 -20"><span class='ocrx_word' id='word_1_108' title='bbox 539 1731 657 1782; x_wconf 89' lang='lat' dir='ltr'><strong>tate</strong></span> <span class='ocrx_word' id='word_1_109' title='bbox 686 1729 1004 1784; x_wconf 89' lang='lat' dir='ltr'><strong>recedendo</strong></span> <span class='ocrx_word' id='word_1_110' title='bbox 1045 1729 1293 1802; x_wconf 84' lang='lat' dir='ltr'><strong>frigidus</strong></span> <span class='ocrx_word' id='word_1_111' title='bbox 1323 1735 1430 1786; x_wconf 89' lang='lat' dir='ltr'><strong>est.</strong></span> <span class='ocrx_word' id='word_1_112' title='bbox 1489 1729 1652 1785; x_wconf 88' lang='lat' dir='ltr'><strong>Unde</strong></span> <span class='ocrx_word' id='word_1_113' title='bbox 1678 1732 1913 1786; x_wconf 82' lang='lat' dir='ltr'><strong>Saturni</strong></span> <span class='ocrx_word' id='word_1_114' title='bbox 1944 1730 2176 1797; x_wconf 89' lang='lat' dir='ltr'><strong>domus,</strong></span> 
     </span>
    </p>
   </div>
   <div class='ocr_carea' id='block_1_20' title="bbox 537 1813 2176 1890">
    <p class='ocr_par' dir='ltr' id='par_1_20' title="bbox 537 1813 2176 1890">
     <span class='ocr_line' id='line_1_20' title="bbox 537 1813 2176 1890; baseline 0.001 -20"><span class='ocrx_word' id='word_1_115' title='bbox 537 1813 692 1872; x_wconf 66' lang='lat' dir='ltr'><strong>lunae</strong></span> <span class='ocrx_word' id='word_1_116' title='bbox 723 1822 917 1872; x_wconf 91' lang='lat' dir='ltr'><strong>autem</strong></span> <span class='ocrx_word' id='word_1_117' title='bbox 967 1818 1385 1874; x_wconf 86' lang='lat' dir='ltr'><strong>detrimentum</strong></span> <span class='ocrx_word' id='word_1_118' title='bbox 1416 1824 1540 1874; x_wconf 88' lang='lat' dir='ltr'><strong>est:</strong></span> <span class='ocrx_word' id='word_1_119' title='bbox 1592 1823 1658 1874; x_wconf 92' lang='lat' dir='ltr'><strong>ut</strong></span> <span class='ocrx_word' id='word_1_120' title='bbox 1689 1835 1815 1890; x_wconf 65' lang='lat' dir='ltr'><strong>quae</strong></span> <span class='ocrx_word' id='word_1_121' title='bbox 1865 1819 2085 1874; x_wconf 88' lang='lat' dir='ltr'><strong>nullam</strong></span> <span class='ocrx_word' id='word_1_122' title='bbox 2119 1819 2176 1872; x_wconf 91' lang='lat' dir='ltr'><strong>in</strong></span> 
     </span>
    </p>
   </div>
   <div class='ocr_carea' id='block_1_21' title="bbox 2293 736 3802 817">
    <p class='ocr_par' dir='ltr' id='par_1_21' title="bbox 2293 736 3802 817">
     <span class='ocr_line' id='line_1_21' title="bbox 2293 736 3802 817; baseline 0.007 -27"><span class='ocrx_word' id='word_1_123' title='bbox 2293 738 2437 798; x_wconf 76' lang='grc' dir='ltr'>Διός.</span> <span class='ocrx_word' id='word_1_124' title='bbox 2472 740 2616 793; x_wconf 79' lang='grc' dir='ltr'>Ἐπεὶ</span> <span class='ocrx_word' id='word_1_125' title='bbox 2658 736 2715 793; x_wconf 77' lang='grc' dir='ltr'><strong>δὲ</strong></span> <span class='ocrx_word' id='word_1_126' title='bbox 2762 737 2988 814; x_wconf 81' lang='grc' dir='ltr'>πυρώδη</span> <span class='ocrx_word' id='word_1_127' title='bbox 3039 740 3183 817; x_wconf 66' lang='grc' dir='ltr'>φέρει</span> <span class='ocrx_word' id='word_1_128' title='bbox 3231 743 3295 794; x_wconf 70' lang='grc' dir='ltr'><strong>τὰ</strong></span> <span class='ocrx_word' id='word_1_129' title='bbox 3340 738 3556 812; x_wconf 75' lang='grc' dir='ltr'>ὄπισθεν,</span> <span class='ocrx_word' id='word_1_130' title='bbox 3585 745 3688 817; x_wconf 72' lang='grc' dir='ltr'>ἅπερ</span> <span class='ocrx_word' id='word_1_131' title='bbox 3725 748 3802 801; x_wconf 59' lang='lat' dir='ltr'><strong>Erui-</strong></span> 
     </span>
    </p>
   </div>
   <div class='ocr_carea' id='block_1_22' title="bbox 2295 826 3802 904">
    <p class='ocr_par' dir='ltr' id='par_1_22' title="bbox 2295 826 3802 904">
     <span class='ocr_line' id='line_1_22' title="bbox 2295 826 3802 904; baseline 0.007 -25"><span class='ocrx_word' id='word_1_132' title='bbox 2295 847 2427 898; x_wconf 87' lang='grc' dir='ltr'><strong>μενα</strong></span> <span class='ocrx_word' id='word_1_133' title='bbox 2458 826 2726 902; x_wconf 70' lang='grc' dir='ltr'>λέγονται,</span> <span class='ocrx_word' id='word_1_134' title='bbox 2759 829 2895 901; x_wconf 75' lang='grc' dir='ltr'><strong>ξηρὰ</strong></span> <span class='ocrx_word' id='word_1_135' title='bbox 2938 826 2996 882; x_wconf 71' lang='grc' dir='ltr'><strong>δὲ</strong></span> <span class='ocrx_word' id='word_1_136' title='bbox 3040 830 3107 882; x_wconf 73' lang='grc' dir='ltr'><strong>τὰ</strong></span> <span class='ocrx_word' id='word_1_137' title='bbox 3157 830 3335 904; x_wconf 83' lang='grc' dir='ltr'>βόρεια</span> <span class='ocrx_word' id='word_1_138' title='bbox 3382 831 3461 884; x_wconf 79' lang='grc' dir='ltr'><strong>καὶ</strong></span> <span class='ocrx_word' id='word_1_139' title='bbox 3505 833 3563 885; x_wconf 71' lang='grc' dir='ltr'><strong>τὰ</strong></span> <span class='ocrx_word' id='word_1_140' title='bbox 3599 833 3715 887; x_wconf 77' lang='grc' dir='ltr'>νότια</span> <span class='ocrx_word' id='word_1_141' title='bbox 3747 841 3802 890; x_wconf 78' lang='lat' dir='ltr'><strong>zi-</strong></span> 
     </span>
    </p>
   </div>
   <div class='ocr_carea' id='block_1_23' title="bbox 2292 913 3800 994">
    <p class='ocr_par' dir='ltr' id='par_1_23' title="bbox 2292 913 3800 994">
     <span class='ocr_line' id='line_1_23' title="bbox 2292 913 3800 994; baseline 0.006 -26"><span class='ocrx_word' id='word_1_142' title='bbox 2292 927 2480 990; x_wconf 76' lang='grc' dir='ltr'>ουγρα,</span> <span class='ocrx_word' id='word_1_143' title='bbox 2515 913 2601 969; x_wconf 77' lang='grc' dir='ltr'>διὰ</span> <span class='ocrx_word' id='word_1_144' title='bbox 2638 918 2736 984; x_wconf 80' lang='grc' dir='ltr'><strong>τήν</strong></span> <span class='ocrx_word' id='word_1_145' title='bbox 2766 916 3022 987; x_wconf 75' lang='grc' dir='ltr'><strong>τοιαύτην</strong></span> <span class='ocrx_word' id='word_1_146' title='bbox 3079 918 3383 990; x_wconf 78' lang='grc' dir='ltr'><strong>ἀνωμαλίαν</strong></span> <span class='ocrx_word' id='word_1_147' title='bbox 3424 919 3682 994; x_wconf 62' lang='grc' dir='ltr'><strong>ἐναντίωμα</strong></span> <span class='ocrx_word' id='word_1_148' title='bbox 3721 923 3800 977; x_wconf 65' lang='grc' dir='ltr'><strong>ἐστΐν</strong></span> 
     </span>
    </p>
   </div>
   <div class='ocr_carea' id='block_1_24' title="bbox 2291 1015 3800 1097">
    <p class='ocr_par' dir='ltr' id='par_1_24' title="bbox 2291 1015 3800 1097">
     <span class='ocr_line' id='line_1_24' title="bbox 2291 1015 3800 1097; baseline 0.005 -29"><span class='ocrx_word' id='word_1_149' title='bbox 2291 1015 2515 1089; x_wconf 78' lang='grc' dir='ltr'>Ἑρμοῦ.</span> <span class='ocrx_word' id='word_1_150' title='bbox 2576 1015 2802 1069; x_wconf 80' lang='grc' dir='ltr'><strong>Δὲκατον</strong></span> <span class='ocrx_word' id='word_1_151' title='bbox 2889 1017 2917 1069; x_wconf 99' lang='lat'><strong>6</strong></span> <span class='ocrx_word' id='word_1_152' title='bbox 2999 1016 3335 1091; x_wconf 81' lang='grc' dir='ltr'>Δῖγόκερως,</span> <span class='ocrx_word' id='word_1_153' title='bbox 3386 1019 3497 1072; x_wconf 73' lang='grc' dir='ltr'>τινὰ</span> <span class='ocrx_word' id='word_1_154' title='bbox 3574 1020 3652 1091; x_wconf 73' lang='grc' dir='ltr'><strong>μὲν</strong></span> <span class='ocrx_word' id='word_1_155' title='bbox 3717 1019 3800 1097; x_wconf 76' lang='grc' dir='ltr'><strong>ἔχων</strong></span> 
     </span>
    </p>
   </div>
   <div class='ocr_carea' id='block_1_25' title="bbox 2292 1101 3799 1181">
    <p class='ocr_par' dir='ltr' id='par_1_25' title="bbox 2292 1101 3799 1181">
     <span class='ocr_line' id='line_1_25' title="bbox 2292 1101 3799 1181; baseline 0.005 -26"><span class='ocrx_word' id='word_1_156' title='bbox 2292 1101 2483 1178; x_wconf 82' lang='grc' dir='ltr'>ἔνυγρα</span> <span class='ocrx_word' id='word_1_157' title='bbox 2542 1103 2704 1178; x_wconf 78' lang='grc' dir='ltr'>μέρη,</span> <span class='ocrx_word' id='word_1_158' title='bbox 2757 1104 2825 1157; x_wconf 71' lang='grc' dir='ltr'><strong>τὰ</strong></span> <span class='ocrx_word' id='word_1_159' title='bbox 2875 1103 3052 1158; x_wconf 85' lang='grc' dir='ltr'><strong>πλείω</strong></span> <span class='ocrx_word' id='word_1_160' title='bbox 3106 1102 3162 1159; x_wconf 78' lang='grc' dir='ltr'><strong>δὲ</strong></span> <span class='ocrx_word' id='word_1_161' title='bbox 3220 1106 3368 1180; x_wconf 72' lang='grc' dir='ltr'>ξηρὰ,</span> <span class='ocrx_word' id='word_1_162' title='bbox 3422 1108 3504 1160; x_wconf 75' lang='grc' dir='ltr'><strong>καὶ</strong></span> <span class='ocrx_word' id='word_1_163' title='bbox 3551 1109 3604 1162; x_wconf 84' lang='grc' dir='ltr'><strong>τὸ</strong></span> <span class='ocrx_word' id='word_1_164' title='bbox 3670 1108 3799 1181; x_wconf 61' lang='lat' dir='ltr'><strong>trium</strong></span> 
     </span>
    </p>
   </div>
   <div class='ocr_carea' id='block_1_26' title="bbox 2287 1191 3792 1273">
    <p class='ocr_par' dir='ltr' id='par_1_26' title="bbox 2287 1191 3792 1273">
     <span class='ocr_line' id='line_1_26' title="bbox 2287 1191 3792 1273; baseline 0.007 -32"><span class='ocrx_word' id='word_1_165' title='bbox 2287 1191 2478 1267; x_wconf 72' lang='grc' dir='ltr'><strong>πόρῥω</strong></span> <span class='ocrx_word' id='word_1_166' title='bbox 2524 1197 2622 1246; x_wconf 73' lang='grc' dir='ltr'>τοῦ</span> <span class='ocrx_word' id='word_1_167' title='bbox 2674 1192 2894 1268; x_wconf 80' lang='grc' dir='ltr'><strong>μετρίου</strong></span> <span class='ocrx_word' id='word_1_168' title='bbox 2943 1193 3175 1268; x_wconf 77' lang='grc' dir='ltr'>ψυχρός·</span> <span class='ocrx_word' id='word_1_169' title='bbox 3209 1193 3325 1257; x_wconf 78' lang='grc' dir='ltr'>ὅθεν</span> <span class='ocrx_word' id='word_1_170' title='bbox 3364 1195 3501 1257; x_wconf 79' lang='grc' dir='ltr'>οἶκος</span> <span class='ocrx_word' id='word_1_171' title='bbox 3546 1201 3628 1251; x_wconf 72' lang='grc' dir='ltr'><strong>τοῦ</strong></span> <span class='ocrx_word' id='word_1_172' title='bbox 3659 1199 3792 1273; x_wconf 51' lang='grc' dir='ltr'>Κρόνον</span> 
     </span>
    </p>
   </div>
   <div class='ocr_carea' id='block_1_27' title="bbox 2285 1277 3796 1360">
    <p class='ocr_par' dir='ltr' id='par_1_27' title="bbox 2285 1277 3796 1360">
     <span class='ocr_line' id='line_1_27' title="bbox 2285 1277 3796 1360; baseline 0.004 -25"><span class='ocrx_word' id='word_1_173' title='bbox 2285 1288 2386 1349; x_wconf 79' lang='grc' dir='ltr'><strong>τῆς</strong></span> <span class='ocrx_word' id='word_1_174' title='bbox 2420 1277 2477 1335; x_wconf 76' lang='grc' dir='ltr'><strong>δὲ</strong></span> <span class='ocrx_word' id='word_1_175' title='bbox 2519 1280 2756 1350; x_wconf 74' lang='grc' dir='ltr'>σελήνης</span> <span class='ocrx_word' id='word_1_176' title='bbox 2809 1281 3130 1355; x_wconf 79' lang='grc' dir='ltr'><strong>ἐναντίωμα,</strong></span> <span class='ocrx_word' id='word_1_177' title='bbox 3162 1281 3422 1356; x_wconf 76' lang='grc' dir='ltr'>μηδεμίαν</span> <span class='ocrx_word' id='word_1_178' title='bbox 3461 1285 3665 1360; x_wconf 73' lang='grc' dir='ltr'>ἐχούσης</span> <span class='ocrx_word' id='word_1_179' title='bbox 3698 1287 3796 1360; x_wconf 46' lang='lat' dir='ltr'><strong>Evt}</strong></span> 
     </span>
    </p>
   </div>
   <div class='ocr_carea' id='block_1_28' title="bbox 2288 1369 3799 1448">
    <p class='ocr_par' dir='ltr' id='par_1_28' title="bbox 2288 1369 3799 1448">
     <span class='ocr_line' id='line_1_28' title="bbox 2288 1369 3799 1448; baseline 0.004 -24"><span class='ocrx_word' id='word_1_180' title='bbox 2288 1369 2517 1445; x_wconf 83' lang='grc' dir='ltr'>χρότητι</span> <span class='ocrx_word' id='word_1_181' title='bbox 2561 1375 2775 1445; x_wconf 80' lang='grc' dir='ltr'>μοῖραν,</span> <span class='ocrx_word' id='word_1_182' title='bbox 2808 1369 2934 1425; x_wconf 83' lang='grc' dir='ltr'>ἀλλ’</span> <span class='ocrx_word' id='word_1_183' title='bbox 2964 1369 3072 1441; x_wconf 74' lang='grc' dir='ltr'><strong>ἤδη</strong></span> <span class='ocrx_word' id='word_1_184' title='bbox 3104 1372 3192 1427; x_wconf 74' lang='grc' dir='ltr'><strong>καὶ</strong></span> <span class='ocrx_word' id='word_1_185' title='bbox 3226 1372 3545 1446; x_wconf 83' lang='grc' dir='ltr'>θερμότητός</span> <span class='ocrx_word' id='word_1_186' title='bbox 3571 1397 3690 1437; x_wconf 81' lang='grc' dir='ltr'>τινος</span> <span class='ocrx_word' id='word_1_187' title='bbox 3714 1398 3799 1448; x_wconf 75' lang='grc' dir='ltr'><strong>μετε-</strong></span> 
     </span>
    </p>
   </div>
   <div class='ocr_carea' id='block_1_29' title="bbox 2285 1457 3800 1539">
    <p class='ocr_par' dir='ltr' id='par_1_29' title="bbox 2285 1457 3800 1539">
     <span class='ocr_line' id='line_1_29' title="bbox 2285 1457 3800 1539; baseline 0.004 -27"><span class='ocrx_word' id='word_1_188' title='bbox 2285 1459 2494 1534; x_wconf 73' lang='grc' dir='ltr'>χούσης</span> <span class='ocrx_word' id='word_1_189' title='bbox 2551 1457 2610 1513; x_wconf 75' lang='grc' dir='ltr'><strong>ἐκ</strong></span> <span class='ocrx_word' id='word_1_190' title='bbox 2662 1464 2759 1513; x_wconf 72' lang='grc' dir='ltr'>τοῦ</span> <span class='ocrx_word' id='word_1_191' title='bbox 2816 1458 2981 1528; x_wconf 76' lang='grc' dir='ltr'>ἡλίου</span> <span class='ocrx_word' id='word_1_192' title='bbox 3036 1462 3151 1515; x_wconf 78' lang='grc' dir='ltr'><strong>κατ’</strong></span> <span class='ocrx_word' id='word_1_193' title='bbox 3196 1460 3736 1539; x_wconf 71' lang='grc' dir='ltr'><strong>ἐπεισαγωγῆν,πόρῥω</strong></span> 
     </span>
    </p>
   </div>
   <div class='ocr_carea' id='block_1_30' title="bbox 2286 1555 3800 1638">
    <p class='ocr_par' dir='ltr' id='par_1_30' title="bbox 2286 1555 3800 1638">
     <span class='ocr_line' id='line_1_30' title="bbox 2286 1555 3800 1638; baseline 0.007 -28"><span class='ocrx_word' id='word_1_194' title='bbox 2286 1557 2461 1627; x_wconf 72' lang='grc' dir='ltr'>πάσης</span> <span class='ocrx_word' id='word_1_195' title='bbox 2532 1555 2698 1626; x_wconf 65' lang='grc' dir='ltr'>οὔσης</span> <span class='ocrx_word' id='word_1_196' title='bbox 2776 1557 3099 1631; x_wconf 76' lang='grc' dir='ltr'><strong>ξηρότητος.</strong></span> <span class='ocrx_word' id='word_1_197' title='bbox 3160 1557 3460 1616; x_wconf 81' lang='grc' dir='ltr'><strong>Ἐνδὲκατον</strong></span> <span class='ocrx_word' id='word_1_198' title='bbox 3514 1562 3540 1617; x_wconf 92' lang='lat'><strong>6</strong></span> <span class='ocrx_word' id='word_1_199' title='bbox 3589 1559 3800 1638; x_wconf 67' lang='grc' dir='ltr'>Ὑδροχάθς,</span> 
     </span>
    </p>
   </div>
   <div class='ocr_carea' id='block_1_31' title="bbox 2290 1644 3802 1726">
    <p class='ocr_par' dir='ltr' id='par_1_31' title="bbox 2290 1644 3802 1726">
     <span class='ocr_line' id='line_1_31' title="bbox 2290 1644 3802 1726; baseline -0.003 -26"><span class='ocrx_word' id='word_1_200' title='bbox 2290 1644 2483 1715; x_wconf 83' lang='grc' dir='ltr'>ζώδιον</span> <span class='ocrx_word' id='word_1_201' title='bbox 2571 1645 2933 1720; x_wconf 66' lang='grc' dir='ltr'>ψυχρότατον,</span> <span class='ocrx_word' id='word_1_202' title='bbox 3020 1648 3224 1723; x_wconf 76' lang='grc' dir='ltr'>Κρόνου</span> <span class='ocrx_word' id='word_1_203' title='bbox 3313 1651 3402 1723; x_wconf 71' lang='grc' dir='ltr'><strong>μὲν</strong></span> <span class='ocrx_word' id='word_1_204' title='bbox 3481 1647 3639 1726; x_wconf 72' lang='grc' dir='ltr'>’ἔτερος</span> <span class='ocrx_word' id='word_1_205' title='bbox 3698 1651 3802 1721; x_wconf 57' lang='grc' dir='ltr'><strong>οἴῃς,</strong></span> 
     </span>
    </p>
   </div>
   <div class='ocr_carea' id='block_1_32' title="bbox 2286 1739 3802 1823">
    <p class='ocr_par' dir='ltr' id='par_1_32' title="bbox 2286 1739 3802 1823">
     <span class='ocr_line' id='line_1_32' title="bbox 2286 1739 3802 1823; baseline 0.003 -27"><span class='ocrx_word' id='word_1_206' title='bbox 2286 1741 2448 1812; x_wconf 79' lang='grc' dir='ltr'>ἡλίου</span> <span class='ocrx_word' id='word_1_207' title='bbox 2523 1739 2568 1796; x_wconf 86' lang='grc' dir='ltr'><strong>δ’</strong></span> <span class='ocrx_word' id='word_1_208' title='bbox 2648 1741 2972 1816; x_wconf 81' lang='grc' dir='ltr'><strong>ἐναντίωμα.</strong></span> <span class='ocrx_word' id='word_1_209' title='bbox 3057 1743 3364 1801; x_wconf 80' lang='grc' dir='ltr'><strong>Δωδὲκατον</strong></span> <span class='ocrx_word' id='word_1_210' title='bbox 3454 1749 3502 1802; x_wconf 81' lang='grc' dir='ltr'>οἱ</span> <span class='ocrx_word' id='word_1_211' title='bbox 3555 1748 3730 1823; x_wconf 55' lang='grc' dir='ltr'><strong>Ἰχθύα,</strong></span> <span class='ocrx_word' id='word_1_212' title='bbox 3766 1748 3802 1801; x_wconf 71' lang='grc' dir='ltr'><strong>τὶ</strong></span> 
     </span>
    </p>
   </div>
   <div class='ocr_carea' id='block_1_33' title="bbox 2286 1830 3803 1911">
    <p class='ocr_par' dir='ltr' id='par_1_33' title="bbox 2286 1830 3803 1911">
     <span class='ocr_line' id='line_1_33' title="bbox 2286 1830 3803 1911; baseline -0.003 -18"><span class='ocrx_word' id='word_1_213' title='bbox 2286 1830 2675 1908; x_wconf 74' lang='grc' dir='ltr'><strong>προηγούμενα</strong></span> <span class='ocrx_word' id='word_1_214' title='bbox 2751 1831 2889 1905; x_wconf 71' lang='grc' dir='ltr'><strong>μέρη</strong></span> <span class='ocrx_word' id='word_1_215' title='bbox 2975 1834 3227 1911; x_wconf 73' lang='grc' dir='ltr'>φέροντες</span> <span class='ocrx_word' id='word_1_216' title='bbox 3305 1833 3534 1910; x_wconf 74' lang='grc' dir='ltr'>εὕκραταο</span> <span class='ocrx_word' id='word_1_217' title='bbox 3587 1834 3733 1911; x_wconf 68' lang='grc' dir='ltr'>δίυγρα</span> <span class='ocrx_word' id='word_1_218' title='bbox 3772 1834 3803 1888; x_wconf 75' lang='grc' dir='ltr'><strong>δὲ</strong></span> 
     </span>
    </p>
   </div>
   <div class='ocr_carea' id='block_1_34' title="bbox 539 1904 2177 2005">
    <p class='ocr_par' dir='ltr' id='par_1_34' title="bbox 539 1904 2177 1978">
     <span class='ocr_line' id='line_1_34' title="bbox 539 1904 2177 1978; baseline 0.002 -20"><span class='ocrx_word' id='word_1_219' title='bbox 539 1904 858 1976; x_wconf 80' lang='lat' dir='ltr'><strong>frigiditate</strong></span> <span class='ocrx_word' id='word_1_220' title='bbox 905 1910 1131 1978; x_wconf 87' lang='lat' dir='ltr'><strong>partem</strong></span> <span class='ocrx_word' id='word_1_221' title='bbox 1179 1907 1410 1977; x_wconf 81' lang='lat' dir='ltr'><strong>habeat,</strong></span> <span class='ocrx_word' id='word_1_222' title='bbox 1461 1907 1564 1962; x_wconf 88' lang='lat' dir='ltr'><strong>sed</strong></span> <span class='ocrx_word' id='word_1_223' title='bbox 1602 1907 1730 1977; x_wconf 89' lang='lat' dir='ltr'><strong>jam</strong></span> <span class='ocrx_word' id='word_1_224' title='bbox 1771 1907 1945 1962; x_wconf 87' lang='lat' dir='ltr'><strong>etiam</strong></span> <span class='ocrx_word' id='word_1_225' title='bbox 1996 1924 2029 1961; x_wconf 91' lang='lat' dir='ltr'><strong>a</strong></span> <span class='ocrx_word' id='word_1_226' title='bbox 2059 1906 2177 1962; x_wconf 89' lang='lat' dir='ltr'><strong>sole</strong></span> 
     </span>
    </p>
   </div>
   <div class='ocr_carea' id='block_1_35' title="bbox 2286 1904 3802 2005">
    <p class='ocr_par' dir='ltr' id='par_1_35' title="bbox 2286 1921 3802 2000">
     <span class='ocr_line' id='line_1_35' title="bbox 2286 1921 3802 2000; baseline 0.003 -25"><span class='ocrx_word' id='word_1_227' title='bbox 2286 1941 2401 1982; x_wconf 87' lang='grc' dir='ltr'><strong>πως</strong></span> <span class='ocrx_word' id='word_1_228' title='bbox 2456 1921 2525 1974; x_wconf 80' lang='grc' dir='ltr'><strong>τὰ</strong></span> <span class='ocrx_word' id='word_1_229' title='bbox 2580 1921 2714 1992; x_wconf 75' lang='grc' dir='ltr'><strong>μέσα</strong></span> <span class='ocrx_word' id='word_1_230' title='bbox 2766 1941 2825 1975; x_wconf 87' lang='grc' dir='ltr'>τε</span> <span class='ocrx_word' id='word_1_231' title='bbox 2866 1922 2955 1975; x_wconf 82' lang='grc' dir='ltr'><strong>καὶ</strong></span> <span class='ocrx_word' id='word_1_232' title='bbox 3009 1922 3183 1990; x_wconf 82' lang='grc' dir='ltr'><strong>νότια,</strong></span> <span class='ocrx_word' id='word_1_233' title='bbox 3209 1925 3479 1980; x_wconf 74' lang='grc' dir='ltr'>κάντεῦθεν</span> <span class='ocrx_word' id='word_1_234' title='bbox 3530 1923 3679 2000; x_wconf 72' lang='grc' dir='ltr'>ἕτερος</span> <span class='ocrx_word' id='word_1_235' title='bbox 3714 1924 3802 1984; x_wconf 53' lang='lat' dir='ltr'><strong>aliis:</strong></span> 
     </span>
    </p>
   </div>
   <div class='ocr_carea' id='block_1_36' title="bbox 537 1995 2174 2068">
    <p class='ocr_par' dir='ltr' id='par_1_36' title="bbox 537 1995 2174 2068">
     <span class='ocr_line' id='line_1_36' title="bbox 537 1995 2174 2068; baseline 0.002 -20"><span class='ocrx_word' id='word_1_236' title='bbox 537 2009 640 2066; x_wconf 88' lang='lat' dir='ltr'><strong>per</strong></span> <span class='ocrx_word' id='word_1_237' title='bbox 668 1995 1138 2066; x_wconf 89' lang='lat' dir='ltr'><strong>importationem</strong></span> <span class='ocrx_word' id='word_1_238' title='bbox 1187 1995 1395 2052; x_wconf 89' lang='lat' dir='ltr'><strong>caloris</strong></span> <span class='ocrx_word' id='word_1_239' title='bbox 1434 1995 1655 2068; x_wconf 90' lang='lat' dir='ltr'><strong>aliquid</strong></span> <span class='ocrx_word' id='word_1_240' title='bbox 1703 1997 1983 2063; x_wconf 87' lang='lat' dir='ltr'><strong>obtineat,</strong></span> <span class='ocrx_word' id='word_1_241' title='bbox 2016 2001 2073 2051; x_wconf 89' lang='lat' dir='ltr'><strong>et</strong></span> <span class='ocrx_word' id='word_1_242' title='bbox 2102 1997 2174 2051; x_wconf 88' lang='lat' dir='ltr'><strong>ab</strong></span> 
     </span>
    </p>
   </div>
   <div class='ocr_carea' id='block_1_37' title="bbox 538 2082 2176 2155">
    <p class='ocr_par' dir='ltr' id='par_1_37' title="bbox 538 2082 2176 2155">
     <span class='ocr_line' id='line_1_37' title="bbox 538 2082 2176 2155; baseline 0.001 -18"><span class='ocrx_word' id='word_1_243' title='bbox 538 2083 696 2138; x_wconf 91' lang='lat' dir='ltr'><strong>omni</strong></span> <span class='ocrx_word' id='word_1_244' title='bbox 729 2082 990 2142; x_wconf 88' lang='lat' dir='ltr'><strong>siccitate</strong></span> <span class='ocrx_word' id='word_1_245' title='bbox 1037 2088 1259 2139; x_wconf 90' lang='lat' dir='ltr'><strong>remota</strong></span> <span class='ocrx_word' id='word_1_246' title='bbox 1303 2084 1396 2139; x_wconf 88' lang='lat' dir='ltr'><strong>sit.</strong></span> <span class='ocrx_word' id='word_1_247' title='bbox 1451 2083 1837 2140; x_wconf 86' lang='lat' dir='ltr'><strong>Undecimum</strong></span> <span class='ocrx_word' id='word_1_248' title='bbox 1868 2089 1956 2139; x_wconf 89' lang='lat' dir='ltr'><strong>est</strong></span> <span class='ocrx_word' id='word_1_249' title='bbox 1982 2086 2176 2155; x_wconf 86' lang='lat' dir='ltr'><strong>Aqua-</strong></span> 
     </span>
    </p>
   </div>
   <div class='ocr_carea' id='block_1_38' title="bbox 537 2170 2178 2246">
    <p class='ocr_par' dir='ltr' id='par_1_38' title="bbox 537 2170 2178 2246">
     <span class='ocr_line' id='line_1_38' title="bbox 537 2170 2178 2246; baseline 0.002 -22"><span class='ocrx_word' id='word_1_250' title='bbox 537 2170 684 2240; x_wconf 86' lang='lat' dir='ltr'><strong>rius,</strong></span> <span class='ocrx_word' id='word_1_251' title='bbox 717 2172 1558 2246; x_wconf 52' lang='lat' dir='ltr'><strong>m,signumfrigidissimum</strong></span> <span class='ocrx_word' id='word_1_252' title='bbox 1583 2219 1599 2244; x_wconf 87' lang='lat'><strong>,</strong></span> <span class='ocrx_word' id='word_1_253' title='bbox 1623 2172 1804 2228; x_wconf 81' lang='lat' dir='ltr'><strong>altera</strong></span> <span class='ocrx_word' id='word_1_254' title='bbox 1825 2174 2060 2244; x_wconf 82' lang='lat' dir='ltr'><strong>quidem</strong></span> <span class='ocrx_word' id='word_1_255' title='bbox 2079 2173 2178 2227; x_wconf 83' lang='lat' dir='ltr'><strong>Sa-</strong></span> 
     </span>
    </p>
   </div>
   <div class='ocr_carea' id='block_1_39' title="bbox 536 2270 2174 2339">
    <p class='ocr_par' dir='ltr' id='par_1_39' title="bbox 536 2270 2174 2339">
     <span class='ocr_line' id='line_1_39' title="bbox 536 2270 2174 2339; baseline -0.002 -12"><span class='ocrx_word' id='word_1_256' title='bbox 536 2271 696 2327; x_wconf 90' lang='lat' dir='ltr'><strong>turni</strong></span> <span class='ocrx_word' id='word_1_257' title='bbox 725 2272 957 2339; x_wconf 86' lang='lat' dir='ltr'><strong>domus,</strong></span> <span class='ocrx_word' id='word_1_258' title='bbox 990 2271 1090 2328; x_wconf 87' lang='lat' dir='ltr'><strong>sed</strong></span> <span class='ocrx_word' id='word_1_259' title='bbox 1111 2270 1254 2328; x_wconf 83' lang='lat' dir='ltr'><strong>solis</strong></span> <span class='ocrx_word' id='word_1_260' title='bbox 1281 2272 1716 2327; x_wconf 89' lang='lat' dir='ltr'><strong>detrimentum.</strong></span> <span class='ocrx_word' id='word_1_261' title='bbox 1736 2271 2174 2339; x_wconf 87' lang='lat' dir='ltr'><strong>Duodecimum,</strong></span> 
     </span>
    </p>
   </div>
   <div class='ocr_carea' id='block_1_40' title="bbox 536 2360 2174 2434">
    <p class='ocr_par' dir='ltr' id='par_1_40' title="bbox 536 2360 2174 2434">
     <span class='ocr_line' id='line_1_40' title="bbox 536 2360 2174 2434; baseline -0.001 -19"><span class='ocrx_word' id='word_1_262' title='bbox 536 2361 834 2434; x_wconf 71' lang='lat' dir='ltr'><strong>Pisces,\(.</strong></span> <span class='ocrx_word' id='word_1_263' title='bbox 886 2360 987 2434; x_wconf 89' lang='lat' dir='ltr'><strong>qui</strong></span> <span class='ocrx_word' id='word_1_264' title='bbox 1039 2364 1233 2433; x_wconf 86' lang='lat' dir='ltr'><strong>partes</strong></span> <span class='ocrx_word' id='word_1_265' title='bbox 1289 2361 1722 2427; x_wconf 84' lang='lat' dir='ltr'><strong>antecedentes,</strong></span> <span class='ocrx_word' id='word_1_266' title='bbox 1755 2360 1901 2416; x_wconf 87' lang='lat' dir='ltr'><strong>bene</strong></span> <span class='ocrx_word' id='word_1_267' title='bbox 1953 2365 2174 2430; x_wconf 89' lang='lat' dir='ltr'><strong>tempe-</strong></span> 
     </span>
    </p>
   </div>
   <div class='ocr_carea' id='block_1_41' title="bbox 2284 2014 3802 2098">
    <p class='ocr_par' dir='ltr' id='par_1_41' title="bbox 2284 2014 3802 2098">
     <span class='ocr_line' id='line_1_41' title="bbox 2284 2014 3802 2098; baseline 0.001 -26"><span class='ocrx_word' id='word_1_268' title='bbox 2284 2014 2433 2080; x_wconf 79' lang='grc' dir='ltr'>ὄντες</span> <span class='ocrx_word' id='word_1_269' title='bbox 2481 2017 2624 2079; x_wconf 85' lang='grc' dir='ltr'>Διός.</span> <span class='ocrx_word' id='word_1_270' title='bbox 2668 2018 2817 2072; x_wconf 72' lang='grc' dir='ltr'>Ἐπεὶ</span> <span class='ocrx_word' id='word_1_271' title='bbox 2866 2016 2922 2072; x_wconf 70' lang='grc' dir='ltr'><strong>δὲ</strong></span> <span class='ocrx_word' id='word_1_272' title='bbox 2970 2019 3148 2076; x_wconf 71' lang='grc' dir='ltr'>τᾶλλα</span> <span class='ocrx_word' id='word_1_273' title='bbox 3200 2021 3338 2098; x_wconf 70' lang='grc' dir='ltr'>μέρη</span> <span class='ocrx_word' id='word_1_274' title='bbox 3390 2027 3488 2077; x_wconf 80' lang='grc' dir='ltr'><strong>τῶν</strong></span> <span class='ocrx_word' id='word_1_275' title='bbox 3537 2023 3714 2098; x_wconf 71' lang='grc' dir='ltr'><strong>’[χθόων</strong></span> <span class='ocrx_word' id='word_1_276' title='bbox 3743 2042 3802 2074; x_wconf 73' lang='grc' dir='ltr'>πυ·</span> 
     </span>
    </p>
   </div>
   <div class='ocr_carea' id='block_1_42' title="bbox 2286 2105 3802 2184">
    <p class='ocr_par' dir='ltr' id='par_1_42' title="bbox 2286 2105 3802 2184">
     <span class='ocr_line' id='line_1_42' title="bbox 2286 2105 3802 2184; baseline 0.003 -25"><span class='ocrx_word' id='word_1_277' title='bbox 2286 2105 2434 2184; x_wconf 72' lang='grc' dir='ltr'>ριῦδη</span> <span class='ocrx_word' id='word_1_278' title='bbox 2494 2127 2553 2161; x_wconf 85' lang='grc' dir='ltr'>τε</span> <span class='ocrx_word' id='word_1_279' title='bbox 2609 2107 2697 2160; x_wconf 80' lang='grc' dir='ltr'><strong>καὶ</strong></span> <span class='ocrx_word' id='word_1_280' title='bbox 2754 2105 3031 2179; x_wconf 79' lang='grc' dir='ltr'><strong>καυσώδη,</strong></span> <span class='ocrx_word' id='word_1_281' title='bbox 3083 2111 3221 2164; x_wconf 78' lang='grc' dir='ltr'><strong>κατὰ</strong></span> <span class='ocrx_word' id='word_1_282' title='bbox 3300 2115 3459 2166; x_wconf 77' lang='grc' dir='ltr'><strong>ταῦτα</strong></span> <span class='ocrx_word' id='word_1_283' title='bbox 3506 2111 3596 2183; x_wconf 80' lang='grc' dir='ltr'><strong>(τὸ)</strong></span> <span class='ocrx_word' id='word_1_284' title='bbox 3639 2114 3802 2165; x_wconf 76' lang='grc' dir='ltr'><strong>τοιοῦτω</strong></span> 
     </span>
    </p>
   </div>
   <div class='ocr_carea' id='block_1_43' title="bbox 2287 2195 3801 2279">
    <p class='ocr_par' dir='ltr' id='par_1_43' title="bbox 2287 2195 3801 2279">
     <span class='ocr_line' id='line_1_43' title="bbox 2287 2195 3801 2279; baseline 0.001 -29"><span class='ocrx_word' id='word_1_285' title='bbox 2287 2195 2478 2266; x_wconf 82' lang='grc' dir='ltr'>ζώδιον</span> <span class='ocrx_word' id='word_1_286' title='bbox 2533 2196 2737 2270; x_wconf 84' lang='grc' dir='ltr'><strong>Ἑρμοῦ</strong></span> <span class='ocrx_word' id='word_1_287' title='bbox 2793 2195 2930 2251; x_wconf 83' lang='grc' dir='ltr'>ἐστιν</span> <span class='ocrx_word' id='word_1_288' title='bbox 3007 2197 3335 2273; x_wconf 78' lang='grc' dir='ltr'><strong>ἐναντίωμα,</strong></span> <span class='ocrx_word' id='word_1_289' title='bbox 3393 2202 3622 2279; x_wconf 72' lang='grc' dir='ltr'>Γράφεται</span> <span class='ocrx_word' id='word_1_290' title='bbox 3666 2197 3708 2253; x_wconf 70' lang='grc' dir='ltr'><strong>δὲ</strong></span> <span class='ocrx_word' id='word_1_291' title='bbox 3751 2198 3801 2252; x_wconf 61' lang='lat' dir='ltr'><strong>ul</strong></span> 
     </span>
    </p>
   </div>
   <div class='ocr_carea' id='block_1_44' title="bbox 2286 2295 3802 2372">
    <p class='ocr_par' dir='ltr' id='par_1_44' title="bbox 2286 2295 3802 2372">
     <span class='ocr_line' id='line_1_44' title="bbox 2286 2295 3802 2372; baseline -0.002 -22"><span class='ocrx_word' id='word_1_292' title='bbox 2286 2296 2458 2357; x_wconf 80' lang='grc' dir='ltr'>οὕτως</span> <span class='ocrx_word' id='word_1_293' title='bbox 2515 2295 2544 2348; x_wconf 88' lang='lat'><strong>6</strong></span> <span class='ocrx_word' id='word_1_294' title='bbox 2597 2298 2695 2348; x_wconf 79' lang='grc' dir='ltr'>τοῦ</span> <span class='ocrx_word' id='word_1_295' title='bbox 2775 2299 2943 2369; x_wconf 77' lang='grc' dir='ltr'>Κριοῦ</span> <span class='ocrx_word' id='word_1_296' title='bbox 3005 2299 3312 2372; x_wconf 70' lang='grc' dir='ltr'><strong>χαρακτήρ,</strong></span> <span class='ocrx_word' id='word_1_297' title='bbox 3372 2297 3456 2352; x_wconf 77' lang='grc' dir='ltr'><strong>καὶ</strong></span> <span class='ocrx_word' id='word_1_298' title='bbox 3509 2296 3649 2359; x_wconf 68' lang='grc' dir='ltr'>οὕτως</span> <span class='ocrx_word' id='word_1_299' title='bbox 3691 2297 3711 2350; x_wconf 79' lang='lat'><strong>6</strong></span> <span class='ocrx_word' id='word_1_300' title='bbox 3748 2299 3802 2349; x_wconf 64' lang='grc' dir='ltr'><strong>τώ</strong></span> 
     </span>
    </p>
   </div>
   <div class='ocr_carea' id='block_1_45' title="bbox 2284 2381 3483 2462">
    <p class='ocr_par' dir='ltr' id='par_1_45' title="bbox 2284 2381 3483 2462">
     <span class='ocr_line' id='line_1_45' title="bbox 2284 2381 3483 2462; baseline 0.005 -24"><span class='ocrx_word' id='word_1_301' title='bbox 2284 2383 2512 2458; x_wconf 74' lang='grc' dir='ltr'>Ταύρου,</span> <span class='ocrx_word' id='word_1_302' title='bbox 2543 2385 2633 2438; x_wconf 81' lang='grc' dir='ltr'><strong>καὶ</strong></span> <span class='ocrx_word' id='word_1_303' title='bbox 2663 2381 2951 2446; x_wconf 82' lang='grc' dir='ltr'><strong>ἀπολύτως</strong></span> <span class='ocrx_word' id='word_1_304' title='bbox 2983 2386 3012 2439; x_wconf 88' lang='lat'><strong>6</strong></span> <span class='ocrx_word' id='word_1_305' title='bbox 3041 2389 3135 2440; x_wconf 76' lang='grc' dir='ltr'>τοῦ</span> <span class='ocrx_word' id='word_1_306' title='bbox 3167 2383 3483 2462; x_wconf 84' lang='grc' dir='ltr'>Ὑδροχόου.</span> 
     </span>
    </p>
   </div>
   <div class='ocr_carea' id='block_1_46' title="bbox 536 2475 3800 2548">
    <p class='ocr_par' dir='ltr' id='par_1_46' title="bbox 536 2475 3800 2548">
     <span class='ocr_line' id='line_1_46' title="bbox 536 2475 3800 2548; baseline -0.002 -13"><span class='ocrx_word' id='word_1_307' title='bbox 536 2485 695 2536; x_wconf 85' lang='lat' dir='ltr'><strong>ratas</strong></span> <span class='ocrx_word' id='word_1_308' title='bbox 724 2477 982 2534; x_wconf 88' lang='lat' dir='ltr'><strong>habent:</strong></span> <span class='ocrx_word' id='word_1_309' title='bbox 1015 2477 1238 2532; x_wconf 89' lang='lat' dir='ltr'><strong>medias</strong></span> <span class='ocrx_word' id='word_1_310' title='bbox 1269 2481 1462 2532; x_wconf 88' lang='lat' dir='ltr'><strong>autem</strong></span> <span class='ocrx_word' id='word_1_311' title='bbox 1493 2481 1550 2532; x_wconf 90' lang='lat' dir='ltr'><strong>et</strong></span> <span class='ocrx_word' id='word_1_312' title='bbox 1608 2475 1916 2543; x_wconf 86' lang='lat' dir='ltr'><strong>australes,</strong></span> <span class='ocrx_word' id='word_1_313' title='bbox 1950 2477 2226 2533; x_wconf 81' lang='lat' dir='ltr'><strong>humidae</strong></span> <span class='ocrx_word' id='word_1_314' title='bbox 2258 2475 2714 2548; x_wconf 89' lang='lat' dir='ltr'><strong>quodammodo,</strong></span> <span class='ocrx_word' id='word_1_315' title='bbox 2748 2475 2903 2531; x_wconf 91' lang='lat' dir='ltr'><strong>unde</strong></span> <span class='ocrx_word' id='word_1_316' title='bbox 2932 2477 3108 2532; x_wconf 85' lang='lat' dir='ltr'><strong>etiam</strong></span> <span class='ocrx_word' id='word_1_317' title='bbox 3141 2476 3325 2534; x_wconf 81' lang='lat' dir='ltr'><strong>altera</strong></span> <span class='ocrx_word' id='word_1_318' title='bbox 3351 2477 3497 2533; x_wconf 80' lang='lat' dir='ltr'><strong>lovis</strong></span> <span class='ocrx_word' id='word_1_319' title='bbox 3525 2478 3691 2534; x_wconf 86' lang='lat' dir='ltr'><strong>domus</strong></span> <span class='ocrx_word' id='word_1_320' title='bbox 3705 2477 3800 2530; x_wconf 78' lang='lat' dir='ltr'><strong>sunt.</strong></span> 
     </span>
    </p>
   </div>
   <div class='ocr_carea' id='block_1_47' title="bbox 532 2562 3796 2640">
    <p class='ocr_par' dir='ltr' id='par_1_47' title="bbox 532 2562 3796 2640">
     <span class='ocr_line' id='line_1_47' title="bbox 532 2562 3796 2640; baseline -0.003 -14"><span class='ocrx_word' id='word_1_321' title='bbox 532 2570 820 2634; x_wconf 89' lang='lat' dir='ltr'><strong>Quoniam</strong></span> <span class='ocrx_word' id='word_1_322' title='bbox 851 2583 983 2622; x_wconf 86' lang='lat' dir='ltr'><strong>vero</strong></span> <span class='ocrx_word' id='word_1_323' title='bbox 1037 2565 1276 2637; x_wconf 64' lang='lat' dir='ltr'><strong>reliqua:</strong></span> <span class='ocrx_word' id='word_1_324' title='bbox 1335 2566 1587 2622; x_wconf 89' lang='lat' dir='ltr'><strong>Piscium</strong></span> <span class='ocrx_word' id='word_1_325' title='bbox 1645 2571 1840 2638; x_wconf 87' lang='lat' dir='ltr'><strong>partes</strong></span> <span class='ocrx_word' id='word_1_326' title='bbox 1897 2567 2077 2638; x_wconf 65' lang='lat' dir='ltr'><strong>igneae</strong></span> <span class='ocrx_word' id='word_1_327' title='bbox 2135 2571 2193 2622; x_wconf 90' lang='lat' dir='ltr'><strong>et</strong></span> <span class='ocrx_word' id='word_1_328' title='bbox 2244 2570 2503 2620; x_wconf 67' lang='lat' dir='ltr'><strong>aestuosa:</strong></span> <span class='ocrx_word' id='word_1_329' title='bbox 2560 2567 2718 2632; x_wconf 88' lang='lat' dir='ltr'><strong>sunt,</strong></span> <span class='ocrx_word' id='word_1_330' title='bbox 2778 2565 2971 2636; x_wconf 89' lang='lat' dir='ltr'><strong>quoad</strong></span> <span class='ocrx_word' id='word_1_331' title='bbox 3027 2565 3161 2622; x_wconf 85' lang='lat' dir='ltr'><strong>illas</strong></span> <span class='ocrx_word' id='word_1_332' title='bbox 3221 2565 3332 2622; x_wconf 91' lang='lat' dir='ltr'><strong>hoc</strong></span> <span class='ocrx_word' id='word_1_333' title='bbox 3385 2567 3598 2640; x_wconf 88' lang='lat' dir='ltr'><strong>signum</strong></span> <span class='ocrx_word' id='word_1_334' title='bbox 3628 2562 3796 2621; x_wconf 74' lang='lat' dir='ltr'><strong>Mercurii</strong></span> 
     </span>
    </p>
   </div>
   <div class='ocr_carea' id='block_1_48' title="bbox 533 2651 3428 2726">
    <p class='ocr_par' dir='ltr' id='par_1_48' title="bbox 533 2651 3428 2726">
     <span class='ocr_line' id='line_1_48' title="bbox 533 2651 3428 2726; baseline -0.001 -12"><span class='ocrx_word' id='word_1_335' title='bbox 533 2659 948 2714; x_wconf 89' lang='lat' dir='ltr'><strong>detrimentum</strong></span> <span class='ocrx_word' id='word_1_336' title='bbox 980 2659 1088 2712; x_wconf 91' lang='lat' dir='ltr'><strong>est.</strong></span> <span class='ocrx_word' id='word_1_337' title='bbox 1147 2656 1429 2712; x_wconf 65' lang='lat' dir='ltr'><strong>Ceterum</strong></span> <span class='ocrx_word' id='word_1_338' title='bbox 1488 2655 1698 2711; x_wconf 89' lang='lat' dir='ltr'><strong>Arietis</strong></span> <span class='ocrx_word' id='word_1_339' title='bbox 1754 2655 2053 2712; x_wconf 88' lang='lat' dir='ltr'><strong>character</strong></span> <span class='ocrx_word' id='word_1_340' title='bbox 2109 2655 2192 2712; x_wconf 91' lang='lat' dir='ltr'><strong>sic</strong></span> <span class='ocrx_word' id='word_1_341' title='bbox 2231 2654 2406 2710; x_wconf 90' lang='lat' dir='ltr'><strong>etiam</strong></span> <span class='ocrx_word' id='word_1_342' title='bbox 2464 2651 2858 2726; x_wconf 74' lang='lat' dir='ltr'><strong>pingitur,‘o’,</strong></span> <span class='ocrx_word' id='word_1_343' title='bbox 2889 2658 2948 2710; x_wconf 91' lang='lat' dir='ltr'><strong>et</strong></span> <span class='ocrx_word' id='word_1_344' title='bbox 3002 2654 3087 2710; x_wconf 86' lang='lat' dir='ltr'><strong>sic</strong></span> <span class='ocrx_word' id='word_1_345' title='bbox 3114 2655 3428 2723; x_wconf 55' lang='lat' dir='ltr'><strong>Tant-Lg,</strong></span> 
     </span>
    </p>
   </div>
   <div class='ocr_carea' id='block_1_49' title="bbox 533 2755 958 2831">
    <p class='ocr_par' dir='ltr' id='par_1_49' title="bbox 533 2755 958 2831">
     <span class='ocr_line' id='line_1_49' title="bbox 533 2755 958 2831; baseline -0.009 -19"><span class='ocrx_word' id='word_1_346' title='bbox 533 2755 796 2828; x_wconf 81' lang='lat' dir='ltr'><strong>Aquarii,</strong></span> <span class='ocrx_word' id='word_1_347' title='bbox 826 2794 958 2831; x_wconf 47' lang='lat' dir='ltr'><strong>ac.</strong></span> 
     </span>
    </p>
   </div>
   <div class='ocr_carea' id='block_1_50' title="bbox 605 2881 2174 2957">
    <p class='ocr_par' dir='ltr' id='par_1_50' title="bbox 605 2881 2174 2957">
     <span class='ocr_line' id='line_1_50' title="bbox 605 2881 2174 2957; baseline -0.001 -19"><span class='ocrx_word' id='word_1_348' title='bbox 605 2885 692 2939; x_wconf 84' lang='grc'><strong>43.</strong></span> <span class='ocrx_word' id='word_1_349' title='bbox 724 2884 854 2940; x_wconf 66' lang='lat' dir='ltr'><strong>Haec</strong></span> <span class='ocrx_word' id='word_1_350' title='bbox 883 2885 1121 2957; x_wconf 89' lang='lat' dir='ltr'><strong>quidem</strong></span> <span class='ocrx_word' id='word_1_351' title='bbox 1162 2901 1264 2956; x_wconf 92' lang='lat' dir='ltr'><strong>pro</strong></span> <span class='ocrx_word' id='word_1_352' title='bbox 1312 2887 1511 2939; x_wconf 91' lang='lat' dir='ltr'><strong>nostro</strong></span> <span class='ocrx_word' id='word_1_353' title='bbox 1561 2882 1624 2936; x_wconf 91' lang='lat' dir='ltr'><strong>in</strong></span> <span class='ocrx_word' id='word_1_354' title='bbox 1673 2881 1884 2936; x_wconf 70' lang='lat' dir='ltr'><strong>litteris</strong></span> <span class='ocrx_word' id='word_1_355' title='bbox 1915 2882 2174 2952; x_wconf 81' lang='lat' dir='ltr'><strong>profectu</strong></span> 
     </span>
    </p>
   </div>
   <div class='ocr_carea' id='block_1_51' title="bbox 531 2969 2174 3046">
    <p class='ocr_par' dir='ltr' id='par_1_51' title="bbox 531 2969 2174 3046">
     <span class='ocr_line' id='line_1_51' title="bbox 531 2969 2174 3046; baseline -0.004 -16"><span class='ocrx_word' id='word_1_356' title='bbox 531 2973 716 3042; x_wconf 89' lang='lat' dir='ltr'><strong>tenui,</strong></span> <span class='ocrx_word' id='word_1_357' title='bbox 740 2979 797 3029; x_wconf 90' lang='lat' dir='ltr'><strong>et</strong></span> <span class='ocrx_word' id='word_1_358' title='bbox 816 2989 1098 3046; x_wconf 89' lang='lat' dir='ltr'><strong>perquam</strong></span> <span class='ocrx_word' id='word_1_359' title='bbox 1129 2973 1338 3045; x_wconf 81' lang='lat' dir='ltr'><strong>exigua</strong></span> <span class='ocrx_word' id='word_1_360' title='bbox 1369 2969 1700 3027; x_wconf 88' lang='lat' dir='ltr'><strong>liberalium</strong></span> <span class='ocrx_word' id='word_1_361' title='bbox 1732 2969 2174 3041; x_wconf 88' lang='lat' dir='ltr'><strong>disciplinarum</strong></span> 
     </span>
    </p>
   </div>
   <div class='ocr_carea' id='block_1_52' title="bbox 531 3059 2176 3132">
    <p class='ocr_par' dir='ltr' id='par_1_52' title="bbox 531 3059 2176 3132">
     <span class='ocr_line' id='line_1_52' title="bbox 531 3059 2176 3132; baseline -0.004 -14"><span class='ocrx_word' id='word_1_362' title='bbox 531 3062 1127 3128; x_wconf 85' lang='lat' dir='ltr'><strong>scientia,litterarum</strong></span> <span class='ocrx_word' id='word_1_363' title='bbox 1161 3067 1219 3117; x_wconf 89' lang='lat' dir='ltr'><strong>et</strong></span> <span class='ocrx_word' id='word_1_364' title='bbox 1256 3059 1704 3132; x_wconf 88' lang='lat' dir='ltr'><strong>disciplinarum</strong></span> <span class='ocrx_word' id='word_1_365' title='bbox 1736 3059 2018 3114; x_wconf 88' lang='lat' dir='ltr'><strong>studiosis</strong></span> <span class='ocrx_word' id='word_1_366' title='bbox 2047 3059 2176 3114; x_wconf 87' lang='lat' dir='ltr'><strong>edi-</strong></span> 
     </span>
    </p>
   </div>
   <div class='ocr_carea' id='block_1_53' title="bbox 529 3148 2176 3223">
    <p class='ocr_par' dir='ltr' id='par_1_53' title="bbox 529 3148 2176 3223">
     <span class='ocr_line' id='line_1_53' title="bbox 529 3148 2176 3223; baseline -0.004 -15"><span class='ocrx_word' id='word_1_367' title='bbox 529 3156 590 3207; x_wconf 84' lang='lat' dir='ltr'><strong>ta</strong></span> <span class='ocrx_word' id='word_1_368' title='bbox 620 3156 760 3208; x_wconf 87' lang='lat' dir='ltr'><strong>sunt</strong></span> <span class='ocrx_word' id='word_1_369' title='bbox 787 3169 821 3207; x_wconf 88' lang='lat' dir='ltr'><strong>a</strong></span> <span class='ocrx_word' id='word_1_370' title='bbox 861 3152 1051 3222; x_wconf 88' lang='lat' dir='ltr'><strong>nobis,</strong></span> <span class='ocrx_word' id='word_1_371' title='bbox 1104 3151 1206 3223; x_wconf 88' lang='lat' dir='ltr'><strong>qui</strong></span> <span class='ocrx_word' id='word_1_372' title='bbox 1255 3167 1359 3222; x_wconf 91' lang='lat' dir='ltr'><strong>pro</strong></span> <span class='ocrx_word' id='word_1_373' title='bbox 1402 3149 1734 3222; x_wconf 70' lang='lat' dir='ltr'><strong>effugienda</strong></span> <span class='ocrx_word' id='word_1_374' title='bbox 1784 3148 2090 3219; x_wconf 72' lang='lat' dir='ltr'><strong>imperitia:</strong></span> <span class='ocrx_word' id='word_1_375' title='bbox 2121 3152 2176 3202; x_wconf 91' lang='lat' dir='ltr'><strong>et</strong></span> 
     </span>
    </p>
   </div>
   <div class='ocr_carea' id='block_1_54' title="bbox 531 3235 2174 3312">
    <p class='ocr_par' dir='ltr' id='par_1_54' title="bbox 531 3235 2174 3312">
     <span class='ocr_line' id='line_1_54' title="bbox 531 3235 2174 3312; baseline -0.003 -16"><span class='ocrx_word' id='word_1_376' title='bbox 531 3241 904 3297; x_wconf 90' lang='lat' dir='ltr'><strong>hebetudinis</strong></span> <span class='ocrx_word' id='word_1_377' title='bbox 935 3239 1381 3312; x_wconf 88' lang='lat' dir='ltr'><strong>reprehensione</strong></span> <span class='ocrx_word' id='word_1_378' title='bbox 1421 3239 1492 3294; x_wconf 89' lang='lat' dir='ltr'><strong>ad</strong></span> <span class='ocrx_word' id='word_1_379' title='bbox 1543 3237 1923 3310; x_wconf 86' lang='lat' dir='ltr'><strong>philologiam</strong></span> <span class='ocrx_word' id='word_1_380' title='bbox 1954 3235 2174 3307; x_wconf 87' lang='lat' dir='ltr'><strong>aliquid</strong></span> 
     </span>
    </p>
   </div>
   <div class='ocr_carea' id='block_1_55' title="bbox 533 3325 2174 3402">
    <p class='ocr_par' dir='ltr' id='par_1_55' title="bbox 533 3325 2174 3402">
     <span class='ocr_line' id='line_1_55' title="bbox 533 3325 2174 3402; baseline -0.003 -16"><span class='ocrx_word' id='word_1_381' title='bbox 533 3330 791 3387; x_wconf 85' lang='lat' dir='ltr'><strong>conferre</strong></span> <span class='ocrx_word' id='word_1_382' title='bbox 838 3331 1008 3386; x_wconf 89' lang='lat' dir='ltr'><strong>nobis</strong></span> <span class='ocrx_word' id='word_1_383' title='bbox 1057 3329 1492 3402; x_wconf 89' lang='lat' dir='ltr'><strong>proposuimus,</strong></span> <span class='ocrx_word' id='word_1_384' title='bbox 1546 3328 1700 3384; x_wconf 71' lang='lat'><strong>404</strong></span> <span class='ocrx_word' id='word_1_385' title='bbox 1750 3326 1902 3397; x_wconf 91' lang='lat' dir='ltr'><strong>quod</strong></span> <span class='ocrx_word' id='word_1_386' title='bbox 1949 3325 2174 3381; x_wconf 89' lang='lat' dir='ltr'><strong>ratione</strong></span> 
     </span>
    </p>
   </div>
   <div class='ocr_carea' id='block_1_56' title="bbox 531 3414 2176 3492">
    <p class='ocr_par' dir='ltr' id='par_1_56' title="bbox 531 3414 2176 3492">
     <span class='ocr_line' id='line_1_56' title="bbox 531 3414 2176 3492; baseline -0.004 -18"><span class='ocrx_word' id='word_1_387' title='bbox 531 3419 775 3492; x_wconf 91' lang='lat' dir='ltr'><strong>dignum</strong></span> <span class='ocrx_word' id='word_1_388' title='bbox 805 3424 980 3476; x_wconf 86' lang='lat' dir='ltr'><strong>esset.</strong></span> <span class='ocrx_word' id='word_1_389' title='bbox 1014 3420 1176 3484; x_wconf 90' lang='lat' dir='ltr'><strong>Quod</strong></span> <span class='ocrx_word' id='word_1_390' title='bbox 1210 3419 1262 3475; x_wconf 91' lang='lat' dir='ltr'><strong>si</strong></span> <span class='ocrx_word' id='word_1_391' title='bbox 1291 3435 1423 3474; x_wconf 88' lang='lat' dir='ltr'><strong>vero</strong></span> <span class='ocrx_word' id='word_1_392' title='bbox 1442 3417 1614 3473; x_wconf 91' lang='lat' dir='ltr'><strong>etiam</strong></span> <span class='ocrx_word' id='word_1_393' title='bbox 1645 3414 1939 3487; x_wconf 88' lang='lat' dir='ltr'><strong>gratitudo</strong></span> <span class='ocrx_word' id='word_1_394' title='bbox 1969 3418 2058 3470; x_wconf 86' lang='lat' dir='ltr'><strong>est</strong></span> <span class='ocrx_word' id='word_1_395' title='bbox 2088 3431 2176 3469; x_wconf 90' lang='lat' dir='ltr'><strong>ra-</strong></span> 
     </span>
    </p>
   </div>
   <div class='ocr_carea' id='block_1_57' title="bbox 531 3503 2172 3582">
    <p class='ocr_par' dir='ltr' id='par_1_57' title="bbox 531 3503 2172 3582">
     <span class='ocr_line' id='line_1_57' title="bbox 531 3503 2172 3582; baseline -0.004 -18"><span class='ocrx_word' id='word_1_396' title='bbox 531 3508 732 3577; x_wconf 90' lang='lat' dir='ltr'><strong>tionis,</strong></span> <span class='ocrx_word' id='word_1_397' title='bbox 753 3510 1044 3579; x_wconf 91' lang='lat' dir='ltr'><strong>quomodo</strong></span> <span class='ocrx_word' id='word_1_398' title='bbox 1064 3508 1342 3582; x_wconf 87' lang='lat' dir='ltr'><strong>philologi</strong></span> <span class='ocrx_word' id='word_1_399' title='bbox 1361 3503 1878 3579; x_wconf 84' lang='lat' dir='ltr'><strong>reprehenderint?</strong></span> <span class='ocrx_word' id='word_1_400' title='bbox 1897 3503 2039 3576; x_wconf 90' lang='lat' dir='ltr'><strong>quin</strong></span> <span class='ocrx_word' id='word_1_401' title='bbox 2054 3504 2172 3559; x_wconf 90' lang='lat' dir='ltr'><strong>imo</strong></span> 
     </span>
    </p>
   </div>
   <div class='ocr_carea' id='block_1_58' title="bbox 531 3595 1728 3672">
    <p class='ocr_par' dir='ltr' id='par_1_58' title="bbox 531 3595 1728 3672">
     <span class='ocr_line' id='line_1_58' title="bbox 531 3595 1728 3672; baseline -0.003 -18"><span class='ocrx_word' id='word_1_402' title='bbox 531 3599 725 3672; x_wconf 90' lang='lat' dir='ltr'><strong>potius</strong></span> <span class='ocrx_word' id='word_1_403' title='bbox 750 3597 867 3656; x_wconf 90' lang='lat' dir='ltr'><strong>Deo</strong></span> <span class='ocrx_word' id='word_1_404' title='bbox 898 3599 1117 3672; x_wconf 88' lang='lat' dir='ltr'><strong>gratias</strong></span> <span class='ocrx_word' id='word_1_405' title='bbox 1147 3598 1454 3654; x_wconf 89' lang='lat' dir='ltr'><strong>nobiscum</strong></span> <span class='ocrx_word' id='word_1_406' title='bbox 1485 3595 1728 3669; x_wconf 90' lang='lat' dir='ltr'><strong>egerint.</strong></span> 
     </span>
    </p>
   </div>
   <div class='ocr_carea' id='block_1_59' title="bbox 3519 2647 3794 2707">
    <p class='ocr_par' dir='ltr' id='par_1_59' title="bbox 3519 2647 3794 2707">
     <span class='ocr_line' id='line_1_59' title="bbox 3519 2647 3794 2707; baseline -0.029 0"><span class='ocrx_word' id='word_1_407' title='bbox 3519 2655 3571 2707; x_wconf 87' lang='lat' dir='ltr'><strong>et</strong></span> <span class='ocrx_word' id='word_1_408' title='bbox 3634 2647 3794 2705; x_wconf 77' lang='lat' dir='ltr'><strong>absolute</strong></span> 
     </span>
    </p>
   </div>
   <div class='ocr_carea' id='block_1_60' title="bbox 2362 2863 3778 2953">
    <p class='ocr_par' dir='ltr' id='par_1_60' title="bbox 2362 2863 3778 2953">
     <span class='ocr_line' id='line_1_60' title="bbox 2362 2863 3778 2953; baseline -0.006 -19"><span class='ocrx_word' id='word_1_409' title='bbox 2362 2876 2470 2950; x_wconf 80' lang='grc' dir='ltr'><strong>μγ’.</strong></span> <span class='ocrx_word' id='word_1_410' title='bbox 2501 2879 2676 2929; x_wconf 78' lang='grc' dir='ltr'><strong>Ταῦτα</strong></span> <span class='ocrx_word' id='word_1_411' title='bbox 2717 2874 2855 2950; x_wconf 85' lang='grc' dir='ltr'>πρὸς</span> <span class='ocrx_word' id='word_1_412' title='bbox 2903 2877 2998 2944; x_wconf 76' lang='grc' dir='ltr'><strong>τὴν</strong></span> <span class='ocrx_word' id='word_1_413' title='bbox 3029 2877 3300 2953; x_wconf 77' lang='grc' dir='ltr'><strong>ἡμετέραν</strong></span> <span class='ocrx_word' id='word_1_414' title='bbox 3355 2875 3406 2930; x_wconf 81' lang='grc' dir='ltr'>ἐν</span> <span class='ocrx_word' id='word_1_415' title='bbox 3445 2872 3616 2949; x_wconf 85' lang='grc' dir='ltr'>λόγοις</span> <span class='ocrx_word' id='word_1_416' title='bbox 3648 2867 3706 2939; x_wconf 55' lang='lat' dir='ltr'><strong>tiri</strong></span> <span class='ocrx_word' id='word_1_417' title='bbox 3731 2863 3778 2917; x_wconf 61' lang='grc' dir='ltr'><strong>ἐκ·</strong></span> 
     </span>
    </p>
   </div>
   <div class='ocr_carea' id='block_1_61' title="bbox 2284 2961 3772 3041">
    <p class='ocr_par' dir='ltr' id='par_1_61' title="bbox 2284 2961 3772 3041">
     <span class='ocr_line' id='line_1_61' title="bbox 2284 2961 3772 3041; baseline -0.013 -11"><span class='ocrx_word' id='word_1_418' title='bbox 2284 2965 2566 3038; x_wconf 72' lang='grc' dir='ltr'><strong>τεθειμένα</strong></span> <span class='ocrx_word' id='word_1_419' title='bbox 2591 2966 2691 3034; x_wconf 81' lang='grc' dir='ltr'><strong>τήν</strong></span> <span class='ocrx_word' id='word_1_420' title='bbox 2751 2962 2954 3040; x_wconf 81' lang='grc' dir='ltr'>ἀδρανῆ</span> <span class='ocrx_word' id='word_1_421' title='bbox 3010 2965 3099 3019; x_wconf 84' lang='grc' dir='ltr'><strong>καὶ</strong></span> <span class='ocrx_word' id='word_1_422' title='bbox 3159 2965 3437 3041; x_wconf 81' lang='grc' dir='ltr'>ὀλιγίστην</span> <span class='ocrx_word' id='word_1_423' title='bbox 3496 2961 3543 3017; x_wconf 80' lang='grc' dir='ltr'><strong>ἐν</strong></span> <span class='ocrx_word' id='word_1_424' title='bbox 3593 2961 3772 3033; x_wconf 60' lang='grc' dir='ltr'><strong>μεθήμων</strong></span> 
     </span>
    </p>
   </div>
   <div class='ocr_carea' id='block_1_62' title="bbox 2283 3044 3774 3133">
    <p class='ocr_par' dir='ltr' id='par_1_62' title="bbox 2283 3044 3774 3133">
     <span class='ocr_line' id='line_1_62' title="bbox 2283 3044 3774 3133; baseline -0.006 -23"><span class='ocrx_word' id='word_1_425' title='bbox 2283 3053 2486 3126; x_wconf 77' lang='grc' dir='ltr'>εἷ’δησιν</span> <span class='ocrx_word' id='word_1_426' title='bbox 2543 3059 2660 3116; x_wconf 85' lang='grc' dir='ltr'>τοῖς</span> <span class='ocrx_word' id='word_1_427' title='bbox 2717 3051 3041 3130; x_wconf 77' lang='grc' dir='ltr'>φιλολόγοις</span> <span class='ocrx_word' id='word_1_428' title='bbox 3070 3054 3160 3109; x_wconf 82' lang='grc' dir='ltr'><strong>καὶ</strong></span> <span class='ocrx_word' id='word_1_429' title='bbox 3189 3054 3537 3133; x_wconf 77' lang='grc' dir='ltr'>φιλομαθὲσιν</span> <span class='ocrx_word' id='word_1_430' title='bbox 3577 3044 3774 3133; x_wconf 62' lang='grc' dir='ltr'><strong>ἐκδέδᾳττιι·</strong></span> 
     </span>
    </p>
   </div>
   <div class='ocr_carea' id='block_1_63' title="bbox 2279 3131 3786 3220">
    <p class='ocr_par' dir='ltr' id='par_1_63' title="bbox 2279 3131 3786 3220">
     <span class='ocr_line' id='line_1_63' title="bbox 2279 3131 3786 3220; baseline -0.007 -22"><span class='ocrx_word' id='word_1_431' title='bbox 2279 3149 2376 3198; x_wconf 77' lang='grc' dir='ltr'>τοῦ</span> <span class='ocrx_word' id='word_1_432' title='bbox 2432 3145 2530 3212; x_wconf 80' lang='grc' dir='ltr'>τήν</span> <span class='ocrx_word' id='word_1_433' title='bbox 2590 3141 2672 3197; x_wconf 84' lang='grc' dir='ltr'><strong>ἐπ’</strong></span> <span class='ocrx_word' id='word_1_434' title='bbox 2703 3142 2905 3216; x_wconf 80' lang='grc' dir='ltr'><strong>ἀμαθίᾳ</strong></span> <span class='ocrx_word' id='word_1_435' title='bbox 2961 3144 3050 3197; x_wconf 83' lang='grc' dir='ltr'><strong>καὶ</strong></span> <span class='ocrx_word' id='word_1_436' title='bbox 3094 3131 3264 3220; x_wconf 57' lang='grc' dir='ltr'>ἀφυῗᾳ</span> <span class='ocrx_word' id='word_1_437' title='bbox 3321 3139 3575 3217; x_wconf 73' lang='grc' dir='ltr'>διαδρᾶναι</span> <span class='ocrx_word' id='word_1_438' title='bbox 3621 3131 3786 3220; x_wconf 45' lang='grc' dir='ltr'><strong>κατέγνω·</strong></span> 
     </span>
    </p>
   </div>
   <div class='ocr_carea' id='block_1_64' title="bbox 2282 3219 3792 3309">
    <p class='ocr_par' dir='ltr' id='par_1_64' title="bbox 2282 3219 3792 3309">
     <span class='ocr_line' id='line_1_64' title="bbox 2282 3219 3792 3309; baseline -0.009 -22"><span class='ocrx_word' id='word_1_439' title='bbox 2282 3254 2361 3287; x_wconf 91' lang='grc' dir='ltr'><strong>σιν</strong></span> <span class='ocrx_word' id='word_1_440' title='bbox 2414 3233 2476 3286; x_wconf 88' lang='grc' dir='ltr'><strong>τὸ</strong></span> <span class='ocrx_word' id='word_1_441' title='bbox 2534 3235 2603 3305; x_wconf 81' lang='grc' dir='ltr'><strong>τῇ</strong></span> <span class='ocrx_word' id='word_1_442' title='bbox 2653 3230 2954 3309; x_wconf 77' lang='grc' dir='ltr'>φιλολογίᾳ</span> <span class='ocrx_word' id='word_1_443' title='bbox 3004 3253 3056 3286; x_wconf 87' lang='grc' dir='ltr'>τι</span> <span class='ocrx_word' id='word_1_444' title='bbox 3109 3219 3518 3306; x_wconf 77' lang='grc' dir='ltr'><strong>συνεισενεγκεῖν</strong></span> <span class='ocrx_word' id='word_1_445' title='bbox 3564 3219 3792 3302; x_wconf 50' lang='lat' dir='ltr'><strong>«patientiam</strong></span> 
     </span>
    </p>
   </div>
   <div class='ocr_carea' id='block_1_65' title="bbox 2280 3313 3797 3396">
    <p class='ocr_par' dir='ltr' id='par_1_65' title="bbox 2280 3313 3797 3396">
     <span class='ocr_line' id='line_1_65' title="bbox 2280 3313 3797 3396; baseline -0.018 -5"><span class='ocrx_word' id='word_1_446' title='bbox 2280 3325 2439 3394; x_wconf 66' lang='grc' dir='ltr'><strong>ἡμῶν</strong></span> <span class='ocrx_word' id='word_1_447' title='bbox 2497 3322 2570 3382; x_wconf 75' lang='grc' dir='ltr'><strong>ὡς</strong></span> <span class='ocrx_word' id='word_1_448' title='bbox 2628 3319 2795 3395; x_wconf 82' lang='grc' dir='ltr'>λόγου</span> <span class='ocrx_word' id='word_1_449' title='bbox 2835 3318 3000 3390; x_wconf 82' lang='grc' dir='ltr'>ἄξιον.</span> <span class='ocrx_word' id='word_1_450' title='bbox 3032 3319 3096 3375; x_wconf 71' lang='grc' dir='ltr'><strong>Εἴ</strong></span> <span class='ocrx_word' id='word_1_451' title='bbox 3127 3318 3184 3375; x_wconf 73' lang='grc' dir='ltr'><strong>δὲ</strong></span> <span class='ocrx_word' id='word_1_452' title='bbox 3244 3320 3412 3396; x_wconf 84' lang='grc' dir='ltr'>λόγου</span> <span class='ocrx_word' id='word_1_453' title='bbox 3456 3313 3797 3396; x_wconf 47' lang='lat' dir='ltr'><strong>mitti-(my?-</strong></span> 
     </span>
    </p>
   </div>
   <div class='ocr_carea' id='block_1_66' title="bbox 2280 3394 3796 3488">
    <p class='ocr_par' dir='ltr' id='par_1_66' title="bbox 2280 3394 3796 3488">
     <span class='ocr_line' id='line_1_66' title="bbox 2280 3394 3796 3488; baseline 0.005 -26"><span class='ocrx_word' id='word_1_454' title='bbox 2280 3410 2435 3482; x_wconf 76' lang='grc' dir='ltr'>σόνη,</span> <span class='ocrx_word' id='word_1_455' title='bbox 2466 3414 2582 3471; x_wconf 82' lang='grc' dir='ltr'><strong>πῶς</strong></span> <span class='ocrx_word' id='word_1_456' title='bbox 2617 3409 2674 3463; x_wconf 73' lang='grc' dir='ltr'>ἂν</span> <span class='ocrx_word' id='word_1_457' title='bbox 2706 3394 3021 3484; x_wconf 55' lang='grc' dir='ltr'>νιαταγνοῖεν</span> <span class='ocrx_word' id='word_1_458' title='bbox 3079 3411 3130 3464; x_wconf 81' lang='grc' dir='ltr'>οἱ</span> <span class='ocrx_word' id='word_1_459' title='bbox 3184 3394 3509 3488; x_wconf 79' lang='grc' dir='ltr'>φιλολόγοι;</span> <span class='ocrx_word' id='word_1_460' title='bbox 3542 3401 3702 3479; x_wconf 68' lang='grc' dir='ltr'>μᾶλλον</span> 
     </span>
    </p>
   </div>
   <div class='ocr_carea' id='block_1_67' title="bbox 2280 3497 3403 3575">
    <p class='ocr_par' dir='ltr' id='par_1_67' title="bbox 2280 3497 3403 3575">
     <span class='ocr_line' id='line_1_67' title="bbox 2280 3497 3403 3575; baseline -0.001 -20"><span class='ocrx_word' id='word_1_461' title='bbox 2280 3497 2372 3556; x_wconf 79' lang='grc' dir='ltr'><strong>οὗν</strong></span> <span class='ocrx_word' id='word_1_462' title='bbox 2401 3499 2490 3554; x_wconf 83' lang='grc' dir='ltr'><strong>καὶ</strong></span> <span class='ocrx_word' id='word_1_463' title='bbox 2523 3500 2684 3575; x_wconf 84' lang='grc' dir='ltr'>χάριν</span> <span class='ocrx_word' id='word_1_464' title='bbox 2713 3499 3117 3575; x_wconf 71' lang='grc' dir='ltr'>ὁμολογήσαιεν</span> <span class='ocrx_word' id='word_1_465' title='bbox 3155 3504 3239 3572; x_wconf 81' lang='grc' dir='ltr'><strong>τῷ</strong></span> <span class='ocrx_word' id='word_1_466' title='bbox 3268 3503 3403 3571; x_wconf 82' lang='grc' dir='ltr'>Θεῷ.</span> 
     </span>
    </p>
   </div>
  </div>
