3988 6508
140 491 276 554 1321

1334 490 1751 552 EXPOSITIO
1796 490 1871 551 1N
1917 491 2306 555 PSALMOS.

3362 494 3390 552 1
3401 493 3518 555 322

1390 894 1516 946 ΤΟΥ
1553 891 1962 949 ΣΟΦΩΤΑΤΟΥ
1997 891 2212 949 ΚΥΡΟΥ

474 1116 1874 1292 ΝΙΚΗΦΟΡΟΥ
2009 1117 3174 1294 ΜΟΝΑΧΟΥ

1281 1439 1533 1537 ΤΟΥ
1612 1439 2362 1537 ΒΛΕΜΜΙΔΟΥ

608 1693 1462 1825 ΕΞΗΓΗΣΙΣ
1526 1691 1873 1822 ΤΟΥ
1934 1690 3022 1823 ΨΑΛΤΗΡΙΟΥ.

535 1984 639 2057 (Ex
667 1982 858 2040 tribus
886 1981 1055 2039 codd.
1087 1981 1184 2038 Gr.
1216 1978 1402 2038 Paria.
1434 1979 1573 2053 Reg.
1606 1979 1731 2049 150,
1759 1979 1866 2035 810
1896 1982 1954 2036 et
1980 1978 2216 2037 Coislin.
2252 1980 2356 2036 102
2384 1996 2539 2038 nunc
2584 1980 2842 2054 primum
2884 1980 3087 2055 edita.)

187 2328 503 2404 Ψαλτήριον
560 2326 761 2404 κυρίως
813 2324 955 2390 εἶδος
1001 2324 1231 2403 ὀργάνου
1296 2324 1408 2381 ἐστὶ
1472 2327 1754 2398 μουσικοῦ,
1785 2325 1842 2394 Α
1872 2344 2059 2398 ματος,
2090 2325 2154 2380 τὸ
2203 2326 2284 2381 ἀεὶ
2338 2323 2722 2404 διαγράφουσιν
2755 2326 2808 2382 ἐν
2838 2325 3053 2391 τούτοις
3097 2333 3215 2391 τοῖς
3265 2326 3510 2405 διαλείμ-

116 2418 284 2476 ναῦλα
325 2419 453 2495 παρ’
498 2411 769 2493 Ἑϐραίοις
831 2415 1259 2491 ὀνομαζόμενον,
1308 2412 1519 2491 εἷ’ρηται
1576 2410 1635 2469 δὲ
1692 2411 1753 2468 ἐκ

111 2512 206 2564 toﬁ
257 2504 505 2583 ψάλλειν,
549 2506 624 2568 ὡς
690 2506 750 2561 ἐκ
809 2508 907 2561 toﬁ
951 2502 1202 2581 εὔχεσθαι
1268 2503 1576 2580 εὖκτήριον,
1619 2523 1749 2578 μετ-

116 2596 316 2673 ηνέχθη
351 2594 409 2652 δέ
436 2598 472 2666 ἡ
502 2592 698 2664 κλῆσις
725 2593 814 2650 καὶ
846 2593 906 2649 ἐκ
931 2597 1036 2649 τῶν
1074 2588 1284 2670 βίϐλων
1305 2596 1410 2648 τῶν
1434 2589 1670 2668 ψαλμῶν
1694 2588 1753 2645 ἐκ

117 2690 215 2741 toﬁ
240 2684 366 2748 τοὺς
396 2681 649 2760 ψαλμοὺς
678 2688 863 2759 τηρεῖν
897 2681 1095 2739 αὐτῶν.

182 2779 447 2836 ’Ἅπαντες
478 2769 536 2827 δὲ
565 2773 618 2828 οἱ
647 2770 877 2844 Ψαλμοὶ
916 2772 1200 2844 ποιήματα
1227 2774 1324 2825 toﬁ
1374 2766 1558 2825 Δαυΐδο
1606 2766 1753 2824 ἀλλά

111 2884 250 2927 τινες
306 2862 480 2919 αὐτῶν
535 2865 655 2923 τοῖς
712 2861 853 2923 υἱοῖς
882 2860 1041 2937 Κορὲ,
1081 2858 1169 2915 καὶ
1218 2863 1297 2932 τῷ
1325 2858 1494 2936 ’Δσάφ
1551 2855 1750 2931 ἕτεροι,

106 2952 197 3009 καὶ
226 2948 386 3007 ἄλλοι
419 2948 612 3012 ἄλλοις
662 2946 901 3004 ἐδίδοντο
942 2948 1078 3025 πρὸς
1125 2944 1477 3023 ψαλμῳδίαν.
1537 2945 1753 3017 Ἐξελέ-

104 3042 230 3114 Eata
276 3040 378 3117 γὰρ
429 3041 458 3095 6
505 3037 668 3094 Δαυῗδ
719 3035 915 3114 ἄνδρας
957 3038 1105 3099 τινὰς
1152 3036 1211 3092 ἐκ
1260 3034 1440 3115 φυλῆς
1480 3036 1628 3109 Λευῗ,
1659 3034 1748 3090 καὶ

101 3129 478 3206 ἐπεκλήρωσεν
522 3126 716 3190 αὐτοὺς
768 3126 842 3189 εἷς
886 3127 950 3182 τὸ
1001 3126 1181 3200 ὑμνεῖν
1230 3126 1322 3181 τὸν
1367 3126 1493 3181 Θεὸν
1527 3124 1578 3179 ἐν
1630 3122 1747 3179 δια-

107 3218 295 3299 φόροις
345 3217 595 3296 ὀργάνοις
668 3220 972 3290 μουσικοῖς.
1020 3215 1241 3273 Τούτων
1305 3213 1589 3299 χοράρχας
1658 3212 1749 3268 καὶ

107 3297 395 3384 ἀρχῳδοὺς
431 3307 799 3377 κατεστήσατο
851 3303 980 3367 τοὺς
1029 3304 1184 3367 υἱοὺς
1233 3297 1388 3380 Κορὲ,
1437 3304 1530 3358 τὸν
1577 3304 1748 3379 Ἀσάφ

100 3396 199 3452 τὸν
229 3394 452 3460 Ἰδιθοὺν
500 3395 591 3451 καὶ
651 3391 900 3456 λοιπούς.
946 3394 1032 3447 Ἐν
1079 3391 1364 3471 συμφωνίᾳ
1406 3396 1535 3468 γοῦν
1579 3390 1747 3465 ἐψαλ-

106 3482 325 3560 μῴδουν
367 3485 595 3546 ἅπαντες
629 3484 771 3557 ὁμοῦ
816 3482 943 3544 τοὺς
992 3479 1271 3554 Ψαλμοὺς
1317 3479 1749 3556 προεξάρχοντος

93 3579 199 3631 τοῦ
248 3571 429 3630 Δαυίδ·
491 3571 581 3628 ὅτε
635 3569 694 3627 δέ
734 3592 841 3627 τινι
896 3571 1154 3647 χοράρχῃ
1201 3567 1421 3643 ψαλμὸς
1481 3565 1747 3639 ἐξεδιδοτο

1869 2434 2027 2487 μασιν
2085 2413 2162 2477 ὡς
2209 2412 2269 2469 ἂν
2317 2413 2553 2479 ἐντεῦθεν
2604 2412 2928 2486 δηλώσωσιν
2975 2414 3321 2475 ἀδιάλειπτον
3371 2419 3505 2475 εἶναι

1857 2506 1955 2556 toﬁ
2005 2501 2271 2574 παναγίω
2321 2502 2637 2576 Πνεὺματος
2682 2504 2781 2574 τήν
2839 2503 3145 2576 ἐπίπνοιαν,
3187 2506 3283 2563 κᾶν
3333 2508 3364 2562 6
3411 2506 3507 2564 λό-

1859 2612 1957 2666 γος
1986 2591 2038 2646 ἐν
2064 2588 2448 2665 διαλείμμασιν
2478 2592 2545 2662 ἦν
2597 2591 3092 2669 ἀπασχολουμένου
3119 2599 3217 2651 toﬁ
3273 2595 3507 2672 ψαλμῳ-

1861 2677 1958 2735 6oﬁ
2006 2680 2144 2756 πρὸς
2189 2682 2288 2750 τῆν
2337 2684 2435 2736 toﬁ
2481 2680 2795 2754 Πνεύματος
2840 2682 3152 2761 καινοτέραν
3199 2684 3503 2761 ὑπήχησιν,

1858 2768 2036 2825 καὶτὸ
2089 2764 2255 2843 μέλος
2304 2766 2394 2823 διὰ
2440 2774 2601 2825 τοῦτο
2648 2772 3121 2846 κατασιγάζοντος·
3170 2773 3262 2829 καὶ
3312 2772 3503 2839 ἀπλῶς

1861 2857 2049 2929 εἰπεῖν,
2096 2858 2158 2912 τὸ
2208 2855 2492 2932 διάψαΛμα
2540 2856 2691 2914 οὐδὲν
2743 2856 2925 2936 ἕτερον
2967 2859 3216 2935 σημαίνει
3269 2859 3503 2938 ὁλοσχε-

1861 2950 1968 3022 ρῶς
1998 2946 2034 3015 ἢ
2081 2943 2387 3020 διάλειμμα
2412 2945 2761 3021 ψαλμῳδίας.
2796 2950 2873 3003 Δι’
2905 2946 3112 3020 εἴδησιν
3161 2948 3252 3005 οὖν
3310 2949 3505 3007 λεπτο-

1863 3034 2181 3112 μερεστέραν
2210 3056 2414 3112 παρεση
2426 3041 2675 3109 μειοῦντο
2706 3036 2873 3093 πάλαι
2905 3038 2994 3094 καὶ
3023 3038 3090 3094 τὰ
3116 3044 3356 3100 τοιαῦτα.

1931 3126 2222 3200 Διενήνοχε
2272 3122 2328 3180 δὲ
2376 3125 2598 3200 ψαλμὸς
2645 3126 2735 3182 καὶ
2794 3124 2911 3199 ᾠδὴ
2973 3127 3063 3183 καὶ
3122 3127 3342 3204 ψαλμὸς
3405 3130 3498 3203 μὲν

1857 3213 2057 3289 κυρίως
2090 3212 2230 3269 ἐστὶν
2264 3214 2292 3268 6
2325 3214 2459 3287 μετά
2494 3219 2592 3269 toﬁ
2642 3214 2928 3292 ὀργανικοῦ
2980 3215 3289 3294 ψαλτηρίου
3336 3217 3503 3293 ἐμμε-

1858 3299 1972 3364 λῶς
2015 3300 2444 3380 ἐκφωνούμενος*
2486 3300 2603 3375 ᾠδή
2656 3300 2714 3358 δὲ
2778 3305 2930 3381 φωνὴ
2985 3307 3219 3379 μουσική
3269 3306 3502 3383 ἐναρμό-

1856 3410 1969 3451 νιος
2003 3389 2151 3463 μόνῳ
2181 3387 2416 3464 ἀδομένη
2448 3396 2527 3464 τῷ
2573 3390 2821 3466 στόματι.
2855 3394 3079 3468 Λέγεται
3133 3391 3192 3449 δὲ
3242 3394 3330 3451 καὶ
3380 3393 3499 3470 ᾠδὴ

1857 3478 2095 3553 ψαλμός.
2154 3480 2253 3534 Καὶ
2313 3480 2341 3534 6
2409 3478 2630 3555 ψαλμὸς
2705 3478 2821 3554 ᾠδὴ
2899 3485 3497 3562 καταχρηστικώτερον·

1857 3566 2190 3644 ἀρχαιοτέρα
2221 3565 2279 3623 δὲ
2307 3571 2343 3639 ἡ
2375 3566 2515 3642 ᾠδὴ,
2548 3569 2638 3624 καὶ
2682 3570 2783 3647 γὰρ
2830 3576 3066 3642 Μωϋσῆς
3117 3570 3318 3650 ἤρξατο
3370 3574 3501 3630 ταῦ-

92 3663 237 3742 πρὸς
304 3659 629 3737 ψαλμῳδίαν
712 3659 1050 3735 προεξῆρχεν
1122 3657 1344 3762 ἐκεξμος,
1401 3661 1500 3712 τοῦ
1582 3653 1747 3762 ἐλαυῒδ
1779 3697 1827 3762 Β
1854 3677 1978 3762 tius,
2028 3655 2115 3712 καί
2194 3654 2471 3762 διήρκεσεν
2538 3654 2678 3762 ἕως,
2713 3656 2898 3716 Δαυΐδ.
2951 3658 3115 3716 Δαυίδ
3173 3659 3233 3717 δὲ
3284 3667 3505 3762 πρῶτος

94 3751 378 3822 εἷκονίζων
450 3750 515 3807 τὸ
589 3748 905 3827 πρόσωπον.
986 3749 1143 3811 Ὅθεν
1212 3742 1264 3801 ἔν
1319 3767 1429 3801 τισι
1505 3742 1749 3819 ψαλμοῖς
1779 3741 1827 3762 ⁸³
1859 3741 2060 3821 ἤρξατο
2114 3750 2219 3802 τῶν
2275 3744 2534 3820 ψαλμῶν*
2591 3746 2682 3802 καὶ
2735 3749 2928 3825 πρώην
2987 3748 3291 3828 ψαλτήριον
3349 3746 3509 3829 ὄργα-

100 3842 499 3920 ἐπιγράφονται
555 3839 623 3894 τὰ
671 3836 915 3911 ὀνόματα
965 3857 1073 3893 των
1122 3838 1419 3912 χοραρχῶν
1468 3835 1551 3897 οἷς
1602 3831 1754 3889 ἐκδέ-

94 3928 287 3986 δονται
315 3931 369 3984 οἱ
396 3931 636 3984 τοιοῦτοι
685 3923 898 4001 ψαλμοὶ
945 3924 1035 3979 καὶ
1082 3923 1135 3979 οἳ
1180 3925 1524 4000 προεξῆρχον
1583 3921 1636 3977 ἐν
1679 3925 1750 3996 τῇ

87 4015 491 4094 ψαλμῳδήσει,
519 4016 643 4072 τότε
688 4014 778 4070 καὶ
805 4015 897 4070 τὸν
924 4012 1092 4069 τόπον
1127 4011 1354 4089 ἐτήρουν
1407 4016 1508 4068 toﬁ
1565 4008 1747 4067 Δαυΐδ·

97 4107 293 4184 ὥσπερ
347 4106 413 4163 τὸ
460 4108 561 4160 toﬁ
619 4100 782 4158 Δαυ³ιδ
826 4096 1003 4176 ὄνομα
1065 4100 1228 4176 μόνον
1289 4102 1566 4180 ἐκφέρεται
1619 4101 1757 4156 κατά

84 4198 199 4260 τὰς
230 4194 537 4273 ἐπιγραφὰς
567 4191 783 4248 ἐκείνων
834 4188 901 4261 δὴ
950 4194 1059 4247 τῶν
1108 4194 1406 4268 χοραρχῶν
1445 4190 1540 4252 οὓς
1596 4189 1755 4252 αὐτὸς

90 4284 175 4342 δι’
236 4285 432 4341 ἑαυτοῦ
481 4279 644 4337 Δαυῒδ
677 4281 752 4345 ὡς
786 4277 1241 4358 ἀρχῳδοὺς.......
1294 4276 1563 4350 δησε......
1612 4279 1754 4342 τινὲς

90 4374 162 4432 δὲ
219 4377 333 4429 τῶν
393 4369 743 4447 ψαλμῶν.....
806 4369 906 4425 οὐκ
959 4368 1037 4432 εἷς
1105 4364 1280 4442 ὄνομα
1335 4368 1452 4431 ἐνὸς
1508 4366 1753 4438 Eat-1]..."

85 4463 247 4526 τινες
309 4460 369 4518 δὲ
397 4460 486 4517 καὶ
552 4460 850 4533 ἀνώνυμοι,
898 4456 1038 4514 διότι
1093 4457 1172 4521 εἷς
1221 4458 1312 4512 τὸν
1360 4457 1548 4534 κύριον
1604 4457 1753 4534 εἷ’ρη-

85 4574 214 4609 ται.
278 4549 481 4609 Ἄλλοι
541 4546 600 4604 δὲ
656 4545 971 4619 ἀλληλούϊα
1025 4550 1247 4626 φέρουσι
1294 4546 1360 4602 τὸ
1417 4546 1754 4623 ἐπίγραμμα,

88 4642 195 4699 διὰ
246 4640 314 4697 τὸ
364 4638 498 4694 εἶναι
546 4636 747 4700 αὐτοὺς
811 4636 1014 4709 ὕμνους
1070 4637 1160 4691 καὶ
1218 4634 1562 4713 εὐχαριστίαν
1620 4635 1759 4709 πρὸς

81 4732 191 4788 τὸν
247 4727 401 4785 Θεόν.
451 4728 521 4781 Τὸ
562 4728 665 4803 γὰρ
704 4723 1040 4797 ἀλληλοὺϊα,
1081 4725 1293 4783 Αἰνεῖτε
1340 4724 1433 4780 τὸν
1464 4718 1612 4797 ὅντα,
1645 4722 1757 4779 ἐστὶ

91 4815 676 4895 μεθερμηνευόμενον.

174 4906 505 4979 Ψαλτήριον
559 4903 655 4978 μὲν
705 4900 796 4958 οὖν
836 4904 872 4972 ἡ
935 4897 1127 4979 βίϐλος
1176 4900 1390 4978 λέγεται
1433 4905 1540 4957 τῶν
1600 4899 1758 4957 Ψαλ-

89 5001 250 5073 μῶν,
283 4993 508 5070 ψαλμὸς
567 4990 626 5048 δὲ
680 4991 810 5047 αὐτὸ
854 4990 919 5046 τὸ
973 4989 1191 5063 ποίημα
1217 4990 1399 5045 καὶτὸ
1457 4987 1624 5063 μέλος
1664 4987 1759 5042 αὖ·

1859 3854 1973 3906 νον,
2036 3833 2158 3890 ἀλλ’
2228 3833 2473 3911 ἀτέχνως
2530 3835 2622 3891 καὶ
2686 3833 2960 3892 ἰδιωτικὸν
3014 3836 3105 3894 καί
3163 3839 3303 3917 πρὸς
3365 3840 3504 3915 μόνα

1861 3918 2146 3995 ψάλλοντα
2171 3922 2238 3977 τὰ
2265 3922 2511 3996 ποίμνια.
2544 3920 2708 3979 Δαυῒδ
2741 3921 2799 3980 δὲ
2840 3929 3003 3981 τοῦτο
3055 3929 3365 4004 σοφώτερον
3408 3950 3507 3984 κα-

1861 4009 2145 4066 τεσκεύασε
2191 4011 2281 4067 καὶ
2334 4013 2435 4081 τὴν
2498 4015 2697 4089 χρῆσιν
2766 4012 2930 4069 αὐτοῦ
3004 4017 3315 4092 μεθήρμοσε
3368 4018 3508 4094 πρὸς

1864 4098 2013 4154 Θεόν.
2045 4103 2131 4172 Τῷ
2161 4096 2325 4155 Δαυῒδ
2356 4097 2413 4155 δὲ
2451 4099 2683 4174 ψαλμῶν
2738 4101 3107 4175 ὑποληπτέον,
3138 4103 3229 4160 ὅτε
3272 4106 3510 4183 προτάσ-

1866 4207 2011 4243 σεται
2065 4188 2160 4262 μὲν
2209 4191 2246 4259 ἡ
2297 4186 2364 4245 δι’
2412 4189 2645 4266 ὀργάνου
2695 4192 2952 4265 μουσικὴ,
2990 4188 3174 4249 ἕπεται
3225 4191 3283 4250 δὲ
3333 4197 3370 4266 ἡ
3421 4192 3511 4251 διὰ

1865 4275 2134 4350 στόματος
2166 4279 2338 4356 φωνή·
2374 4276 2593 4353 ψαλμὸν
2625 4276 2682 4334 δὲ
2737 4277 2882 4353 ᾠδὰς
2927 4278 3016 4336 ὅτε
3062 4278 3376 4356 τοῦμπαλιν
3420 4282 3512 4360 γί-

1864 4385 2033 4422 νεται.
2099 4366 2315 4437 Ῥητέον
2384 4364 2442 4423 δὲ
2506 4368 2596 4423 καὶ
2651 4367 2775 4445 περὶ
2828 4367 2999 4443 ὕμνου
3055 4369 3145 4425 καὶ
3210 4366 3363 4427 αἴνου
3417 4371 3511 4429 καὶ
3616 4366 3619 4369 ’

1868 4453 2316 4531 ἐξομολογήσεως
2343 4462 2659 4533 προσευχῆς
2688 4458 2776 4513 καὶ
2808 4456 2980 4533 εὐχῆς
3029 4459 3117 4513 καὶ
3171 4454 3509 4535 ἀναϐαθμοῦ.

1937 4546 2137 4617 Ὕμνος
2181 4544 2275 4617 μὲν
2326 4543 2417 4600 οὖν
2473 4544 2749 4622 λέγεταιή
2783 4544 3135 4621 ἐπιτεταμένη
3198 4544 3508 4625 δοξολογία·

1867 4631 2011 4695 αἶνος
2064 4630 2120 4687 δὲ
2187 4633 2234 4688 ὁ·
2289 4632 2554 4709 σύντομος
2622 4631 2860 4697 ἔπαινος·
2911 4634 3309 4712 ἐξομολόγησις
3370 4634 3428 4693 δὲ
3473 4639 3510 4710 ἡ

1866 4721 1983 4776 κατ’
2042 4719 2280 4777 ἐπίτασιν
2338 4720 2610 4799 ὁμολογία
2638 4723 2673 4792 ἢ
2706 4720 2888 4779 καλῶν
2948 4725 3021 4780 ὧν
3079 4724 3443 4801 πεπόνθαμεν,
3472 4727 3511 4797 ἢ

1866 4814 2045 4865 κακῶν
2095 4812 2169 4865 ὧν
2229 4813 2610 4888 πεπράχαμεν.
2660 4812 2758 4867 Καὶ
2822 4814 3103 4888 προσευχὴ
3157 4815 3252 4889 μὲν
3295 4817 3332 4886 ἡ
3383 4812 3510 4887 δέη-

1866 4919 1970 4969 σις,
2019 4898 2157 4975 εὐχὴ
2208 4897 2266 4955 δὲ
2304 4903 2338 4971 ἡ
2391 4900 2704 4976 ὑπόσχεσις,
2748 4896 3225 4975 παραλαμϐάνεται
3292 4901 3350 4960 δέ
3404 4926 3509 4961 που

1866 4988 1955 5042 καὶ
1986 4989 2021 5057 ἡ
2082 4988 2219 5064 εόχὴ
2281 4988 2396 5044 ἀντὶ
2460 4991 2558 5058 τῆς
2627 4986 2879 5060 δεήσεως.
2929 4990 3109 5045 Πάντα
3156 4988 3215 5047 δὲ
3265 4989 3514 5071 λέγονται

75 5068 218 5143 τοῦ·
252 5068 563 5160 ψαλμῳδὸς
595 5079 653 5136 δὲ
683 5082 711 5136 ὁ
739 5079 978 5151 ποιητὴς
1005 5077 1235 5133 τούτων·
1293 5075 1587 5153 ψαλτῳδὸς
1629 5074 1689 5131 δὲ
1735 5077 1764 5131 6
1795 5068 1838 5136 C
1874 5076 2011 5152 πρὸς
2067 5076 2215 5132 Θεόν.
2248 5077 2305 5131 Ὀ
2347 5072 2658 5150 ἀναϐαθμὸς
2712 5074 2769 5132 δὲ
2808 5079 2926 5133 καθ’
2976 5078 3219 5157 ἱστορίαν
3255 5068 3352 5156 μὶν
3409 5080 3514 5155 δη-

78 5172 340 5250 ψοὶλλων
391 5175 553 5227 τοῦτο
606 5172 902 5243 μουσικῶς.
952 5168 1010 5221 Ὁ
1056 5165 1262 5241 ψαλτὸς
1314 5164 1372 5222 δὲ
1419 5168 1447 5221 6
1496 5164 1760 5240 ᾇδόμενος

80 5258 253 5325 Θεός·
289 5262 355 5317 τὸ
389 5259 446 5316 δὲ
494 5258 780 5333 διάψαλμα
806 5260 842 5327 ἢ
881 5250 1192 5331 μεταϐολήν
1239 5255 1298 5311 ἂν
1342 5254 1581 5330 σημαίνῃ
1628 5257 1761 5326 νοή-

86 5373 281 5429 ματος
330 5352 368 5421 ἢ
437 5347 636 5425 μέλους
707 5344 1007 5421 ἐναλλαγὴν
1057 5345 1093 5414 ἢ
1137 5339 1408 5415 ἀναϐολήν
1477 5365 1595 5399 τινα
1664 5348 1762 5399 toﬁ

78 5441 446 5519 κρούματος’
472 5438 509 5509 ἢ
546 5434 760 5512 μᾶλλον
815 5432 1082 5509 ἀσχολίαν
1131 5433 1251 5489 τινὰ
1295 5438 1393 5488 toﬁ
1453 5429 1762 5506 ψαλμῳδοῦ

75 5518 187 5589 καὶ
247 5528 602 5605 ὑπηρέμησιν
647 5522 698 5578 ἐν
747 5527 827 5595 τῷ
877 5522 1070 5596 μεταξὺ
1113 5529 1212 5592 τῆς
1256 5518 1584 5596 ψαλμῳδίας
1624 5541 1763 5593 συμ-

76 5617 423 5689 ϐαίνουσαν,
474 5616 549 5676 ὡς
604 5612 949 5690 ἐγγινομένης
996 5616 1292 5682 τηνικαῦτα
1344 5614 1413 5685 τῇ
1464 5607 1764 5685 ψαλμῳδίᾳ

80 5706 435 5782 καινοτέρας
498 5703 643 5764 τινὸς
710 5700 855 5769 παρὰ
901 5704 999 5754 toﬁ
1065 5698 1224 5774 ἀγίου
1292 5698 1604 5772 Πνεύματος
1672 5695 1763 5751 ἐλ-

87 5799 388 5873 λάμψεως
416 5791 506 5849 καὶ
558 5791 828 5865 μυήσεως.
859 5788 1008 5851 Τινὲς
1052 5788 1144 5843 οὗν
1212 5787 1326 5844 ἀντὶ
1381 5791 1479 5843 toﬁ
1537 5783 1764 5860 διαψάλ-

406 5927 669 5982 ΡΑΤιιυι..
720 5919 827 5977 Gn.
876 5918 1102 5978 CXLII.

1871 5161 1969 5219 λοῖ
1994 5167 2094 5234 τὴν
2135 5163 2194 5220 ἐκ
2233 5160 2559 5228 Βαϐυλῶνος
2587 5162 2776 5221 ἄνοδον
2809 5166 2948 5243 πρὸς
2976 5168 3076 5238 τήν
3125 5169 3510 5246 Ἰερουσαλὴμ,

1869 5254 2275 5332 χθαμαλωτέρα
2331 5256 2435 5331 γὰρ
2491 5257 2527 5324 ἡ
2594 5249 2874 5326 Βαϐυλὼν,
2931 5257 2967 5326 ἡ
3038 5254 3096 5312 δὲ
3149 5257 3515 5334 Ἰερουσαλὴμ

1873 5342 2185 5420 ὑψηλότερα
2240 5345 2338 5413 τὴν
2395 5342 2513 5399 Θέαν
2588 5342 2731 5399 θέσιν
2789 5343 2951 5403 ἐστίν.
3011 5346 3397 5424 Ἀναγωγικῶς
3458 5346 3517 5406 δὲ

1871 5430 2127 5505 σημαίνει
2180 5432 2279 5501 τὴν
2326 5431 2465 5507 πρὸς
2513 5430 2739 5509 θεωρίαν
2807 5429 3059 5489 ἀνάϐασιν
3104 5436 3132 5490 6
3178 5433 3514 5512 ἀναϐαθμὸς,

1871 5519 1961 5574 καὶ
1988 5520 2088 5588 τὴν
2117 5518 2176 5575 ἐκ
2203 5527 2302 5590 τῆς
2342 5526 2544 5598 γεηρᾶς
2577 5520 2855 5578 πολιτείαν
2904 5523 2994 5578 καὶ
3052 5523 3326 5599 ἐμπαθοῦς
3378 5527 3518 5603 πρὸς

1870 5608 1969 5677 τήν
1998 5607 2431 5687 ἀπηλλαγμένην
2459 5608 2735 5688 διαγωγὴν
2762 5612 2852 5667 καὶ
2883 5612 3153 5690 οὐράνιον.
3185 5615 3419 5690 Ψαλμός
3462 5613 3520 5670 δὲ

1870 5697 1961 5752 καὶ
1992 5694 2109 5770 ᾠδή
2140 5702 2229 5753 καί
2259 5700 2540 5776 προσευχή
2571 5699 2661 5755 καὶ
2684 5697 2737 5755 εἷ’
2753 5722 2804 5756 τι
2833 5698 3013 5779 ἕτερον
3038 5703 3090 5758 ἐν
3110 5710 3228 5766 τοῖς
3246 5706 3517 5779 ποιήμασι

1870 5789 1968 5841 toﬁ
2015 5784 2178 5841 Δαυῒδ
2224 5787 2292 5842 τὰ
2335 5787 2508 5843 πάντα
2572 5788 2874 5865 κοινότερον
2930 5789 3223 5847 καλοῦνται
3275 5788 3512 5865 ψαλμοί.

3160 5921 3236 5977 42
