3988 6448
471 423 627 483 i323

1718 421 2139 483 NICEPHORI
2186 420 2624 483 BLEMMIDAE

3714 421 3866 491 ,1324

537 555 653 606 Τῶν
700 548 1129 625 ψαλτῳδούντων
1176 548 1233 605 δὲ
1276 553 1444 628 χορὸν
1490 548 1712 607 ἕκαστον
1764 552 1825 607 ἐκ
1872 549 1969 606 δύο
2015 551 2105 607 καὶ
2135 556 2191 622 Α
2219 555 2328 606 τῶν
2377 559 2479 622 τῆς
2531 557 2630 608 τοῦ
2687 551 2887 628 Κυρίου
2945 551 3425 628 ἐνανθρωπήσεως.
3454 552 3611 607 Μετὰ
3656 548 3864 628 δὶχρό-

466 635 845 714 ἐϐδομήκοντα
890 641 1233 695 συνεστάσθαι
1291 641 1419 718 φασὶ
1493 638 1819 715 ψαλτῳδῶν,
1871 642 1925 696 οῖ
1979 642 2110 696 πάν-

465 749 555 791 τες
604 726 865 805 σάλπιγγι
912 727 1001 783 καὶ
1063 728 1332 802 τυμπάνῳ
1384 726 1760 802 μελῳδοῦντες
1808 730 1969 800 ἦσαν,
2017 728 2108 784 καὶ

469 816 688 880 λοιποῖς
727 816 971 894 ὀργάνων
1020 816 1182 874 εἴδεσι
1232 823 1528 892 μουσικῶν.
1558 818 1739 882 Μόνος
1788 816 1848 875 δὲ
1884 820 1913 875 6
1942 815 2108 875 Δαυὶδ

468 907 532 962 τὸ
589 906 871 983 βασιλικὸν
917 912 1169 984 κατεῖχεν
1206 904 1436 984 ὄργανον
1482 909 1547 963 τὸ
1593 907 1920 984 ψαλτήριον.
1970 908 2111 964 Σάλ-

466 1016 655 1073 πιγγες
705 997 803 1071 μὲν
853 994 945 1053 οὖν
1001 995 1093 1052 καί
1141 997 1395 1074 σύριγγες
1446 996 1792 1073 ἐμπνευσταὶ,
1834 997 1994 1075 λύραι
2052 995 2111 1053 δὲ

466 1085 557 1142 καὶ
587 1084 784 1161 κιθάρα
841 1085 1073 1159 ἐνταταὶ,
1104 1081 1366 1159 κύμϐαλα
1410 1083 1470 1142 δὲ
1507 1085 1599 1142 καὶ
1643 1088 1898 1160 τύμπανα
1944 1107 2109 1162 κρου-

467 1175 584 1233 στά.
632 1176 713 1232 Τὸ
759 1173 1064 1249 ψαλτήριον
1115 1172 1173 1230 δὲ
1231 1179 1340 1231 τῶν
1383 1174 1616 1230 ἐντατῶν
1685 1175 1780 1249 μὶν
1834 1176 1902 1245 ἦν
1959 1173 2107 1245 πλὴν

468 1262 675 1339 ὄρθιον,
704 1263 796 1317 καί
826 1260 1027 1318 ἄνωθεν
1055 1263 1171 1339 εἶχε
1209 1268 1317 1318 τῶν
1378 1265 1625 1341 φθογγῶν
1681 1266 1779 1326 τας
1834 1263 2106 1342 ἀφορμάς·

469 1349 597 1407 δέκα
641 1353 743 1429 γὰρ
799 1347 1053 1425 κόλαϐοι,
1108 1352 1352 1408 τουτέστι
1406 1351 1788 1425 πασσαλίσκοι,
1836 1352 1962 1430 περὶ
2016 1353 2106 1407 τὸν

467 1447 654 1518 πῆχυν
694 1445 793 1496 τοῦ
839 1439 1151 1518 ψαλτηρίου
1191 1440 1542 1520 στρεφόμενοι
1592 1440 1848 1497 ἐνέτεινόν
1905 1462 1967 1497 τε
2018 1441 2108 1497 καὶ

468 1528 689 1605 ἐχάλων
714 1529 813 1593 τὰς
843 1527 1050 1606 χορδὰς
1078 1528 1218 1603 πρός
1254 1551 1314 1585 τε
1366 1529 1467 1598 τὴν
1516 1536 1619 1600 τῆς
1668 1530 1929 1605 ἁρμονίας
1980 1530 2107 1607 ῥυθ-

476 1620 575 1692 μὸν
600 1617 691 1673 καὶ
718 1623 817 1674 τοῦ
869 1618 1391 1695 μεταχειριζομένου
1441 1618 1504 1674 τὸ
1564 1618 1844 1695 βούλημα,
1873 1616 2003 1676 δέκα
2049 1640 2112 1696 γε

472 1704 635 1770 οὔσας
685 1708 776 1762 καὶ
826 1706 991 1771 αύτάς
1033 1707 1122 1763 καὶ
1169 1706 1565 1784 ἀντιφθόγγους
1603 1704 1899 1779 ἀλλήλοις.
1932 1708 2030 1763 Καὶ
2072 1711 2109 1779 ἡ

478 1797 572 1869 μὲν
632 1796 777 1870 δεειᾶ
820 1798 945 1873 χείρ
987 1800 1210 1872 κατεῖχε
1253 1796 1316 1851 τὸ
1363 1794 1665 1873 πλῆκτρον,
1696 1800 1733 1866 ἡ
1765 1794 1813 1851 δ’
1857 1797 2113 1874 ἀριστερᾶ

472 1890 580 1940 τῶν
630 1882 849 1962 χορδῶν
907 1882 1103 1949 ἄνωθεν
1163 1884 1506 1962 ἐφαπτομένη
1591 1887 1727 1940 κατά
1809 1882 2112 1950 διαστάσεις

472 1976 562 2029 καὶ
609 1975 783 2051 συχνᾶ
839 1979 956 2036 τοῖς
1026 1971 1313 2036 δακτύλοις
1385 1979 1747 2048 μετατιθεῖσα,
1794 1975 1959 2051 βαρὺν
2022 1976 2113 2031 καὶ

474 2062 595 2135 ὀξὺν
627 2064 664 2134 ἢ
694 2064 1029 2141 κεκραμένον
1088 2062 1321 2139 φθόγγον
1380 2062 1675 2140 εἰργάζετο,
1707 2065 1844 2137 πρὸς
1898 2064 1962 2120 τὸ
2013 2070 2113 2120 τοῦ

470 2151 886 2228 ψαλτῳδοῦντος
971 2149 1300 2226 μελῴδημα·
1387 2148 1786 2226 διδασκομένων
1873 2152 2111 2218 ἐντεῦθεν

471 2244 633 2315 ἡμῶν
690 2242 766 2305 ὡς
825 2238 909 2297 δεῖ
935 2240 1025 2296 καὶ
1056 2243 1207 2314 ἡμᾶς
1233 2238 1414 2315 ὥσπερ
1447 2238 1498 2314 ἐξ
1557 2236 1928 2318 ἀντιφθόγγων
1987 2239 2116 2297 δέκα

472 2328 692 2408 χορδῶν
745 2334 853 2387 τῶν
910 2332 948 2384 ε’
987 2326 1265 2403 δυνάμεων
1310 2336 1410 2399 τῆς
1452 2332 1660 2406 ψυχῆς,
1716 2331 1806 2385 καὶ
1859 2334 1964 2386 τῶν
2016 2335 2114 2386 τοῦ

472 2420 725 2493 σώματος
772 2419 1095 2491 αἰσθήσεων,
1127 2417 1444 2495 ἐναρμόνιον
1506 2418 1673 2493 μέλος
1731 2419 2115 2498 ἀνακρούεσθαι

470 2506 551 2582 τῷ
601 2514 737 2581 Θεῷ,
792 2507 883 2564 καὶ
940 2514 1043 2563 πᾶν
1104 2505 1260 2584 ἔργον
1312 2508 1404 2563 καὶ
1458 2507 1642 2582 νόημα
1705 2507 1906 2566 ἄνωθεν
1965 2506 2112 2587 ἔχειν

471 2599 619 2675 παρά
647 2602 802 2669 Θεοῦ,
830 2597 921 2653 καὶ
942 2594 1109 2661 ὅλους
1138 2596 1277 2671 πρὸς
1304 2596 1465 2653 αὐτὸν
1492 2596 1883 2658 ἀποτείνεσθαι.

542 2710 658 2761 Τῶν
688 2702 922 2780 ψαλμῶν
956 2702 1015 2760 δὲ
1041 2706 1078 2776 ἡ
1107 2704 1254 2775 τάξις
1286 2704 1349 2759 οὗ
1378 2703 1567 2781 γέγονε
1612 2707 1790 2769 καθὼς
1834 2706 1887 2779 ἐξ
1933 2706 2114 2784 ἀρχῆς

475 2795 833 2867 ἐποιήθησαν,
883 2792 1033 2850 ἀλλὰ
1077 2794 1196 2859 καθ’
1245 2792 1426 2869 ὥσπερ
1485 2794 1799 2870 εὑρέθησαν.
1837 2799 1952 2852 Τῶν
2009 2797 2115 2873 γὰρ

474 2882 750 2944 Ἰουδαίων
801 2883 1319 2963 καταφρονησάντων
1372 2887 1527 2955 Θεοῦ,
1586 2883 1763 2957 λήθην
1810 2906 1874 2943 τε
1916 2881 2117 2943 λαϐόν-

470 2995 580 3031 των
633 2978 744 3030 τῶν
798 2968 1041 3048 πατρίων
1087 2971 1244 3045 ἐθῶν,
1301 2972 1391 3028 καὶ
1465 2971 1611 3030 πολὺ
1688 2971 1928 3048 μάλιστα
2004 2979 2113 3032 τῶν

471 3067 709 3141 γραφῶν,
759 3061 873 3119 εἶτα
916 3060 1006 3117 καὶ
1061 3065 1276 3117 πυκνῶν
1351 3060 1447 3136 αἰγ
1458 3060 1752 3136 μαλωσιῶν
1820 3062 2114 3140 γεγενημέ-

469 3173 577 3208 νων
624 3153 761 3208 κατὰ
804 3148 1051 3228 καιροὺς,
1100 3149 1477 3227 Μρερῥύησαν
1526 3150 1583 3207 αἱ
1629 3145 1817 3227 βίϐλοι
1870 3153 1962 3208 καὶ
2011 3149 2118 3209 διε-

471 3242 769 3321 φθάρησαν,
805 3239 905 3315 ὀψὲ
934 3237 993 3296 δέ
1020 3260 1154 3295 ποτε
1178 3240 1280 3309 τήν
1328 3239 1455 3316 περὶ
1500 3240 1601 3309 τὴν
1645 3240 1822 3297 αὐτῶν
1874 3262 2116 3319 συναγω-

468 3292 1089 3409 ξῆῗξ’ἷρίλᾷιὶᾆθῆς“ῖὲ
1107 3292 1899 3408 ’ξριᾲὲποιῂὲιμεᾷὸςίὲὲςὲῥαέ
1913 3292 1933 3297 ἡ
1949 3292 2115 3403 ’ὦζε-
2144 3292 2188 3362 C

471 3421 656 3496 θροισε
708 3417 800 3475 καὶ
843 3416 1193 3494 τρισχιλίους
1231 3415 1485 3492 ψαλμοὺς
1531 3416 1756 3493 ἐπιθεὶς,
1790 3418 1976 3483 αὐτοῖς
2022 3418 2114 3476 καὶ

471 3507 617 3581 τάξιν
646 3507 841 3570 θέσεως
869 3508 967 3581 (al.
996 3507 1060 3563 τὸ
1091 3506 1401 3580 συνθέσεως)
1440 3506 1578 3585 πρὸς
1617 3506 1711 3562 τὸν
1768 3509 1955 3585 καιρὸν
2011 3515 2116 3579 τῆς

477 3596 700 3653 ἐκάστου
752 3595 959 3653 τούτων
1016 3596 1297 3673 εὑρέσεως.
1354 3596 1604 3673 Ὕστερον
1661 3592 1721 3652 δὲ
1775 3596 1805 3652 6
1859 3595 2113 3673 βασιλεὺς

476 3685 717 3756 Ἐζεκίας
770 3686 868 3755 τήν
938 3684 1194 3757 τοιαύτην
1271 3686 1586 3761 συναγωγὴν
1669 3683 1931 3756 ἐπελθὼν,
1986 3684 2114 3749 τοὺς

464 3774 711 3838 πολλοὺς
774 3775 867 3849 μὲν
922 3774 1153 3846 ⁴ὶλθὲτησε
1206 3778 1315 3831 τῶν
1369 3772 1624 3849 ψαλμῶν·
1673 3773 1802 3838 τοὺς
1834 3776 1879 3852 ρ’
1907 3772 1967 3831 δὶ
2024 3774 2115 3831 καὶ

464 3865 509 3920 ν’
543 3862 705 3938 μόνον
761 3863 996 3940 ἐνέκρινε
1045 3865 1121 3937 μὴ
1170 3861 1467 3934 ἐναλλάξας
1522 3864 1623 3934 τὴν
1681 3864 1826 3936 τάξιν
1873 3866 1976 3935 τῆς
2026 3865 2112 3921 θέ-

470 3973 628 4024 σεως,
659 3949 806 4009 ἀλλὰ
829 3951 957 4016 τοὺς
1003 3953 1255 4028 πρώτους
1315 3954 1559 4027 τηρήσας
1606 3953 1698 4009 καὶ
1741 3951 1892 4019 αὖθις
1958 3955 2113 4030 πρώ-

461 4063 613 4114 τους,
642 4042 733 4098 καὶ
764 4041 842 4106 εἰς
889 4043 988 4112 τὴν
1047 4042 1170 4114 ἑξῆς
1224 4042 1415 4117 χώραν
1477 4040 1634 4105 ἐάσας
1687 4042 1816 4106 τοὺς
1868 4044 1983 4117 μετ’
2022 4041 2114 4099 αὖ·

461 4130 612 4195 τούς.
670 4132 779 4202 Τὴν
836 4128 1093 4202 τοιαύτην
1151 4126 1211 4185 δὶ
1267 4126 1538 4206 διάκρισιν
1588 4130 1832 4200 Ἐζεκίας
1889 4131 2116 4203 ἐποίησε

462 4220 554 4276 καὶ
612 4218 701 4276 ἐπὶ
751 4224 847 4275 τοῦ
906 4220 1271 4292 Σολομῶντος
1329 4217 1737 4294 συγγράμμασι·
1815 4218 1942 4296 τρία
2009 4219 2113 4296 γὰρ

465 4307 819 4384 ἐκλεξάμενος
874 4308 965 4365 καὶ
1025 4307 1183 4382 μόνα,
1211 4307 1310 4370 τὰς
1366 4307 1694 4383 Παροιμίας,
1722 4308 1814 4364 τὸν
1884 4307 2116 4381 Ἐκκλη-

465 4401 707 4472 σιαστὴν,
747 4398 837 4456 καὶ
890 4399 953 4454 τὸ
999 4399 1186 4471 ⁷ᾼσμα
1240 4400 1346 4451 τῶν
1400 4393 1676 4470 ᾀσμάτων,
1706 4395 1886 4453 τᾶλλα
1939 4398 2114 4454 πάντα

467 4485 884 4564 ἀπεδοκίμασεν,
930 4484 1075 4561 ᾠδὰς
1130 4482 1423 4564 διαφόρους
1462 4485 1553 4540 καὶ
1598 4487 1724 4561 περὶ
1782 4490 1963 4564 φυτῶν
2022 4486 2114 4543 καὶ

468 4576 637 4635 λίθων
671 4579 763 4635 καὶ
790 4584 888 4650 τῆς
916 4576 1091 4633 αὐτῶν
1122 4572 1405 4649 δυνάμεως
1424 4572 1751 4651 παραδόσεις
1770 4573 2113 4640 πολυειδεῖς.

2215 660 2341 701 νους
2371 642 2419 717 γ’
2463 641 2553 695 καὶ
2611 640 2660 695 λ’
2710 642 2813 710 τῆς
2864 639 3122 711 τοιαύτης
3175 637 3439 702 ἐκδόσεως
3501 640 3533 695 6
3595 640 3864 702 Σινωπεὺς

2217 727 2454 790 ’Δκύλας
2507 726 2648 784 ἰδίαν
2702 727 2996 800 ἐποιήσατο
3053 725 3263 784 ἔκδοσιν
3324 726 3415 783 ἐπὶ
3464 727 3861 804 αὐτοκράτορος

2215 817 2502 891 Ῥωμαίων
2562 815 2849 895 ’Δδριανοῦ
2901 822 2999 873 τοῦ
3072 815 3469 894 λεπρωθέντος,
3536 818 3668 891 μεθ’
3721 819 3779 888 ἣν
3828 821 3856 886 ἦ

2213 910 2313 961 τοῦ
2361 906 2422 961 ἐκ
2481 906 2794 984 Σαμαρείας
2850 904 3163 982 Συμμάχου
3222 905 3442 982 γέγονεν
3505 902 3737 970 ἔκδοσις

2222 992 2487 1070 βασιλέως
2522 989 2769 1072 Σεϐήρου
2816 997 2915 1065 τῆς
2943 999 3041 1050 τοῦ
3094 993 3295 1052 ’Δκύλα
3340 992 3624 1059 ἐκδόσεως
3672 994 3855 1072 ὑστερί-

2220 1086 2385 1152 ζουσα
2430 1083 2651 1160 χρόνοις
2700 1085 2746 1149 ς’
2801 1084 2893 1140 καὶ
2929 1085 2993 1142 ν’.
3056 1083 3263 1156 Ταύτην
3310 1080 3630 1162 προέλαϐεν
3694 1088 3733 1154 ἡ
3782 1091 3851 1140 τοῦ

2216 1170 2466 1250 Ἐφεσίου
2521 1171 2883 1236 Θεοδοτίωνος
2924 1171 3013 1230 ἐπὶ
3063 1173 3332 1249 βασιλέως
3382 1180 3657 1251 γεγονυῖα
3708 1176 3840 1247 Rogi-

2218 1257 2336 1314 δου·
2370 1260 2657 1337 εὑρέθησαν
2713 1260 2772 1317 δὶ
2822 1263 2913 1318 καὶ
2941 1263 2997 1318 αἱ
3030 1260 3220 1318 λοιπαὶ
3278 1260 3374 1317 δύο
3430 1261 3692 1325 ἐκδόσεις
3750 1264 3839 1318 ἀνο-

2215 1370 2404 1422 νυμοι,
2462 1351 2498 1419 ἡ
2561 1351 2657 1424 μὲν
2724 1349 2813 1405 ἐπί
2865 1349 3187 1425 Καρακάλου
3241 1350 3523 1427 ἡγεμόνος
3587 1352 3844 1425 Ῥωμαίων

2217 1436 2269 1491 ἐν
2332 1438 2547 1514 Ἰεριχῷ
2602 1445 2952 1517 κεκρυμμένη
3013 1439 3065 1496 ἐν
3105 1440 3273 1514 πίθῳ,
3304 1443 3340 1511 ἡ
3368 1438 3426 1496 δὲ
3455 1439 3511 1495 ἐν
3572 1440 3851 1497 Humili:

2216 1526 2442 1582 κατὰτὸ
2471 1529 2692 1584 ’Δκτιον
2754 1529 2845 1586 ἐπὶ
2874 1526 3231 1606 Ἀλεξάνδρου
3284 1534 3381 1585 τοῦ
3427 1537 3535 1601 τῆς
3596 1532 3853 1605 Μαμαίας.

2217 1616 2473 1689 Ὕστερον
2526 1612 2586 1670 δὲ
2639 1617 2670 1672 6
2731 1616 2900 1693 μέγας
2950 1618 3194 1689 ἀσκητὴς
3246 1617 3337 1673 καὶ
3398 1619 3620 1692 μάρτυς
3650 1627 3854 1674 Λουκια-

2218 1704 2309 1766 νὸς
2361 1702 2676 1781 φιλοπόνως
2731 1704 2973 1762 ἐπελθὼν
3000 1707 3094 1770 τὰς
3148 1700 3375 1782 βίϐλους
3423 1711 3537 1762 τῶν
3574 1706 3855 1780 Ἰουδαίων,

2221 1791 2419 1857 ἐκεῖθεν
2450 1792 2612 1857 αὐτὸς
2669 1794 2750 1858 εἰς
2802 1796 2901 1865 τὴν
2934 1792 3229 1866 Ἑλληνίδα
3275 1793 3565 1852 διάλεκτον
3613 1799 3720 1867 τὴν
3773 1819 3857 1852 πα-

2223 1878 2378 1937 λαιὰν
2424 1883 2643 1961 Γραφήν
2705 1884 3057 1960 μετενήνοχε.
3092 1884 3195 1940 Καὶ
3254 1887 3634 1962 συμφωνήσας
3687 1887 3856 1961 εὖρῶῃ

2219 1974 2336 2031 τοῖς
2391 1965 2793 2043 ἐϐδομήκοντα.
2841 1976 2957 2026 Τῶν
3017 1971 3228 2028 λοιπῶν
3287 1970 3555 2029 ἐκδόσεων

2219 2080 2326 2113 νων
2366 2057 2553 2114 πολλά
2580 2060 2647 2114 τὰ
2675 2058 3012 2138 διεφθορότα.
3048 2063 3243 2138 Γέγονε
3296 2060 3356 2117 δὲ
3407 2067 3512 2118 τοῦ
3570 2064 3859 2137 θαυμασίου

2223 2152 2523 2202 Λουκιανοῦ
2570 2150 2605 2217 ἠ
2651 2146 2862 2212 ἔκδοσις
2919 2150 3008 2206 ἐπὶ
3054 2158 3154 2220 τῆς
3215 2148 3498 2226 βασιλείας
3550 2152 3860 2224 Διοκλητιαο

2221 2240 2318 2290 νοῦ
2372 2237 2463 2291 καὶ
2520 2237 2859 2311 Μαξιμιανοῦ
2941 2244 3049 2294 τῶν
3126 2243 3422 2315 τυράννων·
3483 2240 3615 2311 ἥτις
3692 2244 3858 2319 εὑρέθη

2222 2326 2349 2401 παρ’
2405 2323 2692 2390 Ἰουδαίοις
2748 2326 2800 2381 ἐν
2858 2326 3201 2402 Νικομηδείᾳ
3282 2329 3577 2405 πυργίσκῳ
3654 2352 3861 2408 κεκρυμ-

2227 2415 2361 2487 μένη
2393 2415 2756 2490 κεκονιαμένῳ
2783 2421 2881 2471 τοῦ
2913 2417 3152 2495 μεγάλου
3182 2419 3589 2474 Κωνσταντίνιου
3635 2425 3737 2475 τοῦ
3760 2421 3860 2476 τότε

2221 2505 2320 2574 τὴν
2356 2503 2631 2580 βασιλείαν
2674 2503 2977 2569 διέποντος.

2296 2611 2455 2686 Φέρει
2506 2608 2567 2667 δὲ
2605 2613 2741 2685 ἡμῖν
2791 2612 3046 2692 ἀσάφειαν
3089 2615 3125 2683 ἡ
3174 2612 3522 2690 παλαιγενὴς
3745 2623 3779 2672 Γ
3780 2637 3856 2690 ρι-

2224 2701 2322 2778 φὴ·
2353 2698 2491 2756 κατᾶ
2519 2697 2617 2756 δύο
2643 2702 2713 2756 τὰ
2734 2699 2900 2775 αἴτια,
2933 2701 3018 2758 ὅτι
3071 2724 3131 2758 τε
3178 2698 3681 2782 συμϐολικώτερον
3734 2704 3851 2781 λέγει

2222 2789 2348 2863 περὶ
2377 2790 2635 2866 Χριστοῦ,
2665 2789 2757 2846 καὶ
2787 2789 2979 2855 ἀπλῶς
3027 2796 3132 2846 τῶν
3189 2791 3313 2868 περὶ
3369 2797 3483 2862 τῆς
3544 2793 3671 2857 νέας
3714 2795 3847 2869 χάρι-

2221 2899 2316 2942 τος
2343 2878 2413 2935 τὰ
2437 2877 2614 2936 πλείω
2657 2881 3117 2955 συνεσκιασμένως
3166 2877 3448 2951 ὑποδηλοῖ
3484 2879 3586 2938 διὰ
3622 2884 3703 2951 τήν
3744 2884 3832 2935 τῶν

2224 2969 2503 3043 ἀκροατῶν
2562 2968 2834 3026 ἀπείθειαν
2892 2971 2983 3027 καὶ
3038 2967 3413 3044 σκληρότητα,
3481 2971 3585 3027 καὶ
3635 2970 3707 3024 'm
3762 2970 3824 3041 μή

2225 3055 2315 3113 διὰ
2340 3059 2440 3129 τὴν
2473 3060 2674 3115 ἑαυτῶν
2722 3058 3086 3137 κακοτροπίαν
3144 3059 3519 3137 ἀφανισθῶσιν
3582 3062 3643 3116 αἱ
3685 3053 3830 3136 $23191

2221 3146 2430 3219 τέλεον,
2457 3147 2549 3204 καὶ
2603 3147 2688 3204 ὅτι
2749 3147 2830 3222 τῷ
2916 3147 3387 3224 μεταγλωττισμῷ
3435 3153 3530 3221 τῷ
3588 3146 3843 3205 διαλέκτων

2224 3236 2623 3316 συνεισφέρεταί
2651 3258 2769 3301 πως
2794 3238 2859 3293 τὸ
2887 3238 3107 3316 ἀσαφὲς,
3137 3237 3213 3300 ὡς
3243 3234 3427 3307 ἄλλης
3447 3235 3719 3314 γλώττης
3746 3236 3863 3293 ωε.

2222 3326 2346 3382 τινὰ
2371 3326 2710 3400 κεκτημένης
2746 3324 3039 3401 ἰδιώματα,
3064 3325 3155 3382 καὶ
3180 3330 3301 3390 ταῖς
3351 3325 3573 3403 ἑτέραις
3618 3327 3867 3404 γλώτταις

2222 3414 2567 3486 ἀκοινώνητα
2592 3413 2682 3472 καί
2710 3415 2999 3490 ἀμέθεκτα.

2293 3511 2348 3561 Ὁ
2382 3506 2477 3580 μὲν
2534 3503 2628 3562 οὗν
2684 3505 2990 3578 θεόληπτος
3070 3504 3325 3584 βασιλεὺς
3406 3507 3509 3562 καὶ
3596 3510 3868 3587 προφήτης

2225 3592 2410 3667 Δαυῒδ,
2469 3595 2647 3658 καθὼς
2697 3594 2915 3670 ἐμυεῖτο
2972 3596 3119 3673 παρὰ
3163 3599 3264 3651 τοῦ
3320 3596 3681 3670 Πνεύματος,
3737 3598 3874 3670 ἐξήγ-

2223 3681 2392 3760 γελλε
2447 3680 2538 3739 διὰ
2586 3687 2695 3740 τῶν
2753 3681 3009 3758 ψαλμῶν,
3066 3682 3206 3760 πρός
3257 3704 3319 3740 τε
3374 3685 3480 3747 τὰς
3537 3687 3667 3741 κατ’
3728 3686 3873 3754 αὑτῆς

2222 3770 2481 3836 ποικίλας
2541 3773 2883 3848 περιπετείας
2944 3772 3171 3837 τούτους
3237 3771 3551 3852 ἐφήρμοζε.
3603 3777 3875 3849 Δυνάμεθα

2225 3859 2283 3917 δὲ
2337 3861 2428 3916 καὶ
2482 3863 2645 3936 ἡμεῖς
2702 3862 3062 3937 μεθαρμόζειν
3121 3863 3336 3925 ἑαυτοῖς
3391 3862 3530 3927 τοὺς
3605 3865 3879 3925 τοιούτους

2222 3947 2500 4025 ψαλμοὺς,
2551 3950 2782 4028 ἐχθροὺς
2843 3952 2938 4026 μὲν
2996 3956 3232 4029 Χριστοῦ
3287 3956 3558 4017 νοοῦντες
3613 3954 3753 4017 τοὺς
3806 3954 3883 4029 ἐχ-

2225 4037 2387 4112 θροὺς
2440 4044 2549 4097 τῶν
2625 4045 2959 4115 Χριστιανῶν
3045 4039 3326 4105 δαίμονας·
3387 4043 3636 4116 Χριστὸν
3700 4041 3761 4099 δὲ
3807 4041 3882 4098 καὶ

2223 4124 2386 4183 Δαυῒδ
2441 4129 2532 4184 καὶ
2591 4128 2818 4206 βασιλέα
2870 4129 2965 4186 τὸν
3021 4132 3139 4187 καθ’
3168 4126 3396 4187 ἕκαστον
3448 4133 3657 4205 ἡμῶν.
3695 4137 3884 4205 "Oc-=3:

2221 4215 2322 4293 γὰρ
2352 4215 2555 4281 ἐκεῖνος
2587 4215 2810 4294 ἐχρίσθη
2853 4223 2935 4292 τῷ
2965 4216 3135 4293 ἐλαίῳ
3191 4221 3290 4289 τῆς
3342 4218 3539 4297 ἀρχῆς
3601 4221 3690 4285 εἰς
3757 4222 3885 4299 βασι-

2225 4301 2400 4376 λείαν,
2457 4304 2601 4362 οὕτω
2651 4305 2742 4363 καὶ
2787 4308 2954 4382 ἡμεῖς
3007 4312 3086 4381 τῷ
3119 4307 3289 4381 ἐλαίῳ
3341 4313 3442 4365 τοῦ
3511 4310 3881 4386 βαπτίσμστθς

2223 4393 2301 4457 εἰς
2333 4393 2609 4470 βασιλείαν
2654 4394 2991 4473 ἐχρίσθημεν
3044 4398 3145 4467 τήν
3204 4396 3258 4453 ἐν
3311 4396 3607 4475 οὐρανοῖς.
3645 4401 3755 4459 Καὶ
3798 4398 3879 4455 τὰς

2224 4481 2311 4538 λιν
2369 4483 2554 4541 Σαοὺλ
2614 4484 2708 4558 μὲν
2746 4485 2838 4540 καὶ
2865 4480 3230 4560 ’Δϐεσσαλὼμ
3284 4486 3377 4542 καὶ
3438 4484 3503 4542 εἶ’
3520 4508 3614 4552 τις
3643 4490 3877 4564 τύραννος

2222 4569 2383 4627 αὐτὸν
2411 4570 2608 4629 ἐτύπου
2664 4575 2756 4630 τὸν
2805 4569 3089 4651 διάϐολον,
3137 4570 3476 4639 ἐπιϐούλους
3526 4574 3591 4633 δὲ
3641 4579 3739 4634 καὶ
3783 4574 3873 4640 θλί-

539 4685 960 4763 Μετηνέχθησαν
1020 4679 1079 4738 δὲ
1134 4683 1188 4738 οἱ
1242 4680 1474 4754 Ψαλμοὶ
1513 4681 1603 4736 καὶ
1633 4683 1669 4752 ἡ
1703 4678 1850 4753 ἄλλη
1905 4680 2115 4739 παλαιὰ
2141 4663 2190 4731 D
2221 4654 2417 4763 603’?“
2461 4661 2552 4717 καὶ
2600 4660 3062 4763 κξξταδιώκοχταςε
3091 4663 3182 4763 καὶ
3231 4663 3334 4721 ὅσα
3384 4671 3657 4763 τοιαῦτα,
3828 4662 3867 4717 ἴε

467 4776 654 4854 Γραφή
708 4773 768 4830 ἐκ
804 4780 906 4845 τῆς
953 4766 1238 4848 Ἐϐραίδος
1287 4766 1574 4826 διαλέκτου
1617 4769 1755 4846 πρὸς
1784 4771 1883 4841 τήν
1914 4769 2112 4828 Ἐλλά-

467 4859 534 4918 δα
591 4860 895 4937 διάλεκτον,
954 4865 1172 4939 πρῶτον
1230 4858 1325 4933 μὶν
1383 4856 1472 4914 ἐπὶ
1535 4862 1634 4914 τοῦ
1696 4860 1810 4934 μετ’
1862 4858 2111 4932 Ἀλέξαν-

467 4949 593 5028 δρον
651 4952 744 5008 τὸν
797 4951 1081 5008 Φιλίππου
1136 4955 1235 5019 τῆς
1291 4947 1566 5025 Αἰγύπτου
1650 4948 2113 5026 ἡγεμονεύσαντος

465 5039 813 5115 Πτολεμαίου
867 5046 964 5097 τοῦ
1015 5035 1369 5115 Φιλαδέλφου
1419 5037 1522 5093 ὑπὸ
1579 5041 1759 5116 σοφῶν
1814 5035 2020 5117 ἀνδρῶν
2068 5041 2113 5095 ο¹

464 5126 785 5206 παραδόξως
847 5127 1326 5210 συμφωνησάντων
1381 5127 1482 5196 τήν
1546 5128 1972 5204 μεθερμήνευσιν
2018 5128 2109 5184 καὶ

464 5218 563 5273 ούκ
594 5216 823 5275 ἄλλοθεν
857 5219 891 5290 ἢ
923 5220 1135 5282 πάντως
1164 5216 1224 5272 ἐκ
1249 5218 1347 5287 τῆς
1395 5220 1493 5271 τοῦ
1547 5215 1811 5291 παναγίου
1866 5216 2112 5291 Πνεύμα-

460 5326 554 5369 τος
609 5308 957 5386 ὑφηγήσεως.
988 5308 1135 5365 Κατὰ
1192 5304 1288 5361 δύο
1339 5305 1467 5382 γὰρ,
1512 5302 1588 5368 ὥς
1635 5326 1795 5383 φησιν
1849 5303 2109 5370 Ἰουδαῖος

464 5397 494 5452 6
525 5395 740 5452 Φίλων·
786 5395 859 5458 ὡς
888 5394 935 5452 δ’
964 5397 993 5452 6
1047 5399 1189 5458 θεῖος
1245 5393 1594 5472 ἀποφαίνεται
1652 5395 1942 5459 Ἰουστῖνος
1992 5397 2109 5451 καθ’

461 5482 555 5541 ἕνα
613 5482 962 5562 διαιρεθέντες
1012 5490 1185 5540 πᾶσαν
1238 5484 1337 5553 τὴν
1382 5480 1619 5538 παλαιὰν
1670 5485 1889 5563 Γραφήν
1952 5482 2108 5549 ἰδίως

465 5576 939 5653 μεθηρμήνευσαν.
971 5575 1122 5646 Μήτε
1168 5571 1301 5628 κατᾶ
1348 5572 1448 5642 τὴν
1495 5569 1719 5646 ἔννοιαν,
1782 5575 1922 5647 μήτε
1970 5575 2107 5630 κατά

455 5666 556 5735 τήν
590 5663 734 5738 λέξιν
761 5662 1027 5737 ἀλλήλων
1056 5659 1453 5738 διενεγκόντων.
1485 5662 1677 5737 Γέγονε
1733 5659 1792 5717 δὲ
1839 5664 1875 5733 ἡ
1922 5661 2107 5719 τοιαύ-

456 5773 526 5824 τη
591 5755 1016 5828 μεθερμήνευσις
1064 5747 1171 5823 πρὸ
1228 5747 1344 5809 ἐνὸς
1401 5747 1491 5801 καὶ
1546 5747 1872 5823 τριακοσίων
1930 5749 2103 5807 ἐνιαυ-

2228 4750 2305 4824 μή
2359 4751 2813 4827 προσαρμόζοντα
2866 4758 2976 4809 τῶν
3036 4753 3239 4832 ῥητῶν.
3309 4753 3403 4811 καὶ
3480 4760 3669 4813 ταῦτα
3724 4755 3867 4832 ἐπιφθ-

2221 4843 2419 4914 νοῦμεν
2476 4838 2666 4904 ἁπλῶς
2721 4842 2796 4905 ὡς
2850 4845 3032 4921 φωνὰς
3073 4848 3172 4900 τοῦ
3222 4842 3387 4921 ἁγίου
3415 4844 3778 4921 Πνεύματος,
3804 4840 3872 4898 δίει

2219 4929 2427 4999 τούτων
2459 4930 2771 5007 ἀγιάζοντος
2801 4928 2861 4987 δὲ
2888 4933 3132 4996 ἑαυτούς.

2291 5016 2514 5082 Πολλὰς
2548 5016 2606 5075 δὲ
2632 5020 2713 5094 τῷ
2742 5014 2860 5077 ὄντι
2894 5016 3201 5096 μεταϐολὰς
3233 5023 3265 5079 6
3296 5027 3442 5088 θεῖος
3508 5021 3651 5101 ἔσχε
3708 5018 3872 5079 Δαυίδ·

2219 5108 2354 5164 ποτὶ
2386 5108 2480 5182 μὲν
2514 5105 2706 5187 ἔφευγε
2735 5107 3061 5184 πολεμίους,
3093 5113 3229 5168 ποτὲ
3260 5108 3320 5167 δὲ
3372 5109 3583 5177 ἄλλαις
3645 5111 3875 5189 περιέ-ει-

2218 5217 2319 5253 πτε
2349 5202 2676 5274 συμφοραῖς·
2709 5199 2843 5254 ποτε
2873 5196 2922 5255 δ’
2949 5199 3015 5256 αὗ
3065 5200 3480 5280 θυμηρεστέραν
3533 5203 3661 5279 εἶχε
3722 5201 3875 5271 ζωήν.

2218 5286 2325 5343 Καὶ
2374 5289 2467 5341 νῦν
2524 5285 2618 5359 μὲν
2676 5284 2846 5343 ὥδευε
2896 5289 2996 5358 τήν
3057 5290 3203 5355 θείαν
3235 5288 3392 5363 ὁδὸν,
3419 5291 3541 5347 νυνὶ
3570 5289 3633 5347 δὲ
3694 5288 3877 5355 ταύτην

2216 5374 2570 5452 προσέπταιεν
2603 5375 2739 5446 ἅπαξ
2769 5377 2977 5434 ἅπαντα
3004 5377 3244 5435 συνελὼν
3272 5377 3538 5457 ἤθροισεν
3569 5379 3621 5436 ἐν
3655 5383 3737 5451 τῷ
3773 5376 3876 5451 ριη⁶

2216 5467 2443 5540 ψαλμῷ,
2504 5463 2555 5519 ἐν
2613 5465 2660 5538 ᾧ
2721 5467 2994 5539 μέμνηται
3049 5468 3225 5542 νόμου
3310 5471 3404 5525 καὶ
3474 5468 3717 5526 ἐντολῶν
3786 5462 3875 5519 καὶ

2220 5552 2546 5632 μαρτυρίων,
2577 5555 2857 5631 χριμάτων
2883 5577 2943 5612 τε
2970 5557 3060 5613 καὶ
3095 5555 3514 5634 δικαιωμάτων.

2289 5665 2379 5717 Δεῖ
2427 5657 2518 5716 οὖν
2576 5656 2770 5716 εἰδέναι
2829 5660 2916 5719 ὅτι
2946 5663 2975 5719 ό
3022 5664 3194 5739 νόμος
3256 5667 3354 5740 μὲν
3413 5664 3624 5743 κυρίως
3680 5658 3876 5717 ἐστένὸ

2214 5748 2454 5815 καθόλου
2507 5751 2614 5803 τῶν
2673 5748 2906 5807 ἐντολῶν
2961 5755 3330 5832 περιεκτικὸς,
3361 5754 3442 5819 ὡς
3498 5755 3585 5812 τὸ.
3613 5775 3645 5807 ει
3675 5752 3731 5806 '0
3781 5747 3874 5803 νό-
