3988 6488
169 513 300 571 1325

1359 512 1774 575 EXPOSITIO
1817 515 1894 574 IN
1942 513 2327 574 PSALMOS.

3370 513 3525 574 1326

152 663 240 713 μος
282 639 376 696 διὰ
424 641 665 704 Μωσέως
713 632 872 710 ἐδόθη
929 664 950 692 ι
989 657 1002 672 ·
1055 640 1272 697 ἐντολαὶ
1322 639 1378 697 δὲ
1428 644 1482 696 αἱ
1511 641 1646 697 κατὰ
1682 642 1776 715 μέ·
1804 646 1856 712 Α
1892 661 2018 714 μου.
2053 664 2083 692 ››
2116 641 2171 695 Ὁ
2202 637 2416 695 διώκων
2451 660 2516 714 με
2547 637 2804 710 δηλονότι
2835 659 2847 671 ·
2891 643 3127 718 χρῆσθαι
3158 639 3214 696 δὲ
3255 641 3344 696 καὶ
3387 662 3524 718 προ-

147 750 228 803 ρος
257 749 268 762 ·
316 731 427 784 οἷον
475 731 559 801 τὸ,
615 753 636 780 ι
674 729 746 784 Ού
797 728 1095 807 φονεύσεις.
1146 753 1176 781 ››
1207 730 1510 807 Μαρτύριον
1545 728 1601 786 δὲ
1630 730 1762 807 ’ὀπερ

147 820 172 873 6
214 817 502 892 νομοθέτης
552 823 924 894 παρεγγυΞται
969 822 1088 880 τοῖς
1145 817 1400 873 ἀκούουσι
1451 821 1584 892 μετά
1648 816 1764 873 δια-

148 906 418 984 μαρτυρίου
465 905 614 968 τινός
647 927 660 939 ·
713 907 788 968 ὡς
833 907 924 961 καὶ
967 907 996 960 ὁ
1045 911 1247 977 Μωσῆς
1297 907 1421 963 ὅταν
1471 905 1606 983 λέγῃ
1631 907 1768 984 πρὸς

142 996 223 1050 τὸν
253 995 398 1052 λαόν·
467 1019 497 1046 ‹‹
549 995 670 1049 Ἐὰν
722 994 812 1049 καὶ
859 995 926 1049 τὰ
970 993 1059 1050 καί
1103 996 1171 1050 τὰ
1214 999 1502 1067 ποιήσητε,
1535 994 1767 1071 διαμαρ-

141 1083 352 1160 τύρομαι
404 1084 530 1156 ὑμῖν
580 1085 825 1160 σήμερον
877 1083 970 1138 τὸν
1017 1082 1239 1158 οὐρανὸν
1278 1085 1369 1140 καὶ
1417 1087 1516 1154 τὴν
1555 1091 1657 1160 γῆν
1686 1083 1771 1138 ὅτι

145 1171 368 1244 ἀπωλείᾳ
423 1170 702 1228 ἀπολεῖσε.
765 1195 794 1223 ι)
851 1171 950 1227 Καὶ
1026 1172 1199 1248 κρίμα
1286 1174 1378 1246 μὶν
1462 1173 1593 1250 ὅπερ
1674 1175 1772 1228 τοῦ

143 1267 264 1317 Θεοῦ
289 1261 569 1337 κρίναντος
603 1261 807 1338 ἐγράφη
853 1261 1092 1337 καθάπερ
1143 1260 1232 1327 ἐπὶ
1289 1266 1384 1316 τοῦ
1437 1261 1770 1340 βλασφημήτ

143 1335 423 1411 σαντοςέτὸ
487 1335 715 1426 φοϐερὸν
750 1335 942 1404 -αύτοῦ
999 1335 1194 1423 ὄνομα.
1253 1335 1455 1420 Μωσῆς
1504 1335 1607 1427 γὰρ
1686 1335 1775 1405 ἐπὶ

142 1440 224 1494 τὸν
277 1439 400 1494 Θεὸν
454 1439 553 1506 τὴν
607 1437 785 1512 κρίσιν
846 1437 1092 1508 ἀνέθηκε.
1152 1443 1257 1493 Τοῦ
1310 1437 1369 1493 δὲ
1415 1439 1775 1502 κελούσαντος

144 1528 331 1583 ἐκεῖνον
375 1521 827 1600 λιθοϐοληθῆναι,
877 1531 1050 1603 κρῖμα
1093 1530 1254 1582 τοῦτο
1304 1529 1393 1582 καὶ
1425 1527 1552 1604 ὅρος
1587 1528 1772 1604 ἐγεγό-

141 1637 215 1672 νει
285 1615 417 1671 κατὰ
499 1615 830 1692 βλασφήμου
904 1615 1124 1678 παντός.
1194 1619 1544 1690 Δικαιώματα
1601 1615 1658 1673 δὲ
1707 1618 1776 1674 τὰ

137 1709 343 1761 τοιαῦτα
417 1699 811 1781 προστάγματα
863 1703 1158 1781 λέγονται·
1221 1706 1333 1760 οἷον
1401 1706 1490 1762 ἐὰν
1581 1713 1774 1776 κτῆσις

139 1791 330 1849 παίδων
387 1787 652 1869 Ἐϐραίων
712 1789 763 1866 ἔξ
822 1789 915 1864 ἔτη
984 1791 1251 1869 δουλεύσῃ
1326 1815 1430 1850 σοι·
1499 1793 1774 1859 δικαίωαις

135 1883 229 1959 γὰρ
275 1882 506 1937 ἐντεῦθεν
555 1886 636 1954 τῷ
679 1879 833 1936 παιδὶ
885 1879 1130 1956 Ἰουδαίῳ
1185 1885 1258 1957 μὴ
1313 1883 1613 1962 περαιτέρω
1645 1882 1774 1939 δου-

147 1971 335 2028 λεύειν.
399 1972 460 2026 Ἥ
513 1971 606 2044 μὲν
668 1970 759 2025 οὗν
815 1968 1073 2048 διαίρεσις
1129 1973 1204 2026 ὦν
1243 1967 1566 2047 διελάϐομεν
1600 1972 1773 2045 αὕτη·

135 2060 356 2116 τίθενται
416 2056 475 2114 δὲ
527 2059 594 2114 τὰ
644 2057 886 2132 ὀνόματα
932 2059 1024 2114 καὶ
1076 2057 1383 2138 ἀδιαφόρως
1431 2060 1519 2117 ἐπὶ
1558 2061 1771 2118 πάντων

136 2154 238 2204 τῶν
267 2153 367 2204 τοῦ
400 2153 535 2204 Θεοῦ
567 2147 938 2221 ἐνταλμάτων.

201 2257 313 2332 Χρὴ
366 2253 424 2311 δὲ
472 2260 754 2331 πανταχοῦ
799 2260 906 2310 τῶν
967 2254 1218 2329 Ψαλμῶν
1267 2261 1388 2318 ταῖς
1462 2258 1556 2331 μὲν
1618 2257 1776 2334 ἀραῖς

131 2347 262 2400 κατὰ
315 2341 592 2417 δαιμύνῶν
649 2345 976 2420 κεχρῆσθαι,
1038 2344 1188 2400 οὗτοι
1264 2346 1369 2420 γὰρ
1447 2342 1772 2423 διεγείρουσι

133 2433 221 2488 καὶ
266 2431 391 2494 τοὺς
440 2431 817 2505 πολεμοῦντας
870 2432 1188 2510 ἀνθρώπους
1232 2435 1371 2507 ’ἡμῖν
1408 2452 1422 2467 °
1473 2440 1592 2498 τοῖς
1637 2434 1773 2490 ὀνεί-

133 2519 243 2577 δεσι
296 2519 353 2576 δὲ
393 2521 511 2576 κατ’
564 2515 738 2575 αὐτῶν
764 2525 870 2576 τῶν
902 2523 1038 2594 ἡμῖν
1071 2516 1536 2578 ἐπιϐουλευόντων
1566 2523 1774 2599 ἀνθρώ-

133 2631 247 2665 πων
278 2628 292 2643 ⁶
349 2610 416 2665 τὰ
443 2610 841 2686 κατορθώματα
873 2607 931 2664 δὲ
959 2611 1094 2664 κατᾶ
1123 2609 1417 2686 πρόσωπον
1464 2615 1565 2666 τοῦ
1609 2608 1773 2667 Δαυῗδ

133 2697 495 2775 ἀπαγγελλειν
579 2700 866 2769 κινηθῆναι
926 2699 1062 2772 πρὸς
1125 2697 1380 2772 μίμησιν,
1457 2699 1605 2757 Ἐπεὶ
1683 2701 1774 2756 καὶ

135 2786 296 2844 Δαυ³ιδ
354 2787 404 2842 ἐν
461 2788 541 2850 οἷς
599 2788 730 2864 ὑπὲρ
803 2787 994 2842 ἑαυτοῦ
1071 2787 1312 2866 φαίνεται
1385 2786 1772 2864 διηγούμενος,

134 2878 197 2933 οὐ
250 2875 612 2953 μεγαλαυχῶν
659 2876 825 2932 ταῦτά
876 2897 1057 2955 φησιν,
1107 2874 1234 2932 ἀλλ’
1285 2876 1346 2932 ἐκ
1371 2881 1468 2932 τοῦ
1497 2879 1614 2942 καθ’
1646 2879 1774 2933 ἐαυ-

127 2968 220 3022 τὸν
280 2964 682 3042 ὑποδείγματος
734 2968 882 3038 ἡμᾶς
938 2963 1180 3020 παιδεύει
1248 2965 1314 3020 τά
1384 2963 1590 3022 δέοντα.
1670 2965 1772 3021 Καὶ

128 3055 220 3111 ὅτε
275 3053 332 3110 δὲ
391 3055 690 3132 ἀνθρώπων
749 3055 1092 3130 κατεύχεται,
1150 3053 1484 3132 προρρήσεις
1532 3061 1771 3111 ποιεῖται

131 3143 343 3219 μᾶλλον
397 3141 486 3199 διὰ
529 3149 628 3199 τοῦ
680 3148 1028 3200 κατευκτιιιοῦ
1072 3143 1245 3199 τύπου
1267 3147 1364 3200 τοῦ
1396 3140 1767 3219 ἐπισυμϐησο-

131 3235 306 3307 μένων
334 3232 540 3296 αὐτοῖς.

205 3337 397 3396 ’ἰστέον
452 3338 510 3394 δὲ
557 3338 640 3394 ὅτι
693 3337 930 3402 πολλαῖς
980 3337 1311 3416 ἐναλλαγαῖς
1361 3339 1603 3416 ἐντυχεῖν
1635 3341 1770 3396 κατὰ

121 3430 226 3498 τήν
283 3433 552 3505 παροῦσαν
607 3424 830 3504 βίϐλον,
869 3418 968 3483 ’καὶ
1020 3430 1368 3508 περιφράσεσι
1399 3429 1489 3484 καὶ
1537 3450 1769 3507 μεταφο-

124 3524 268 3596 ραῖς⁹
317 3518 406 3572 καὶ
455 3515 797 3595 ἀδιαφορίαις
849 3522 957 3572 τῶν
1005 3517 1297 3587 συντάξεων
1346 3517 1436 3572 καὶ
1485 3515 1772 3572 συντάδέσ-

122 3629 246 3682 μων
278 3606 668 3680 πλεονασμοῖς,
700 3604 790 3661 καὶ
827 3605 1061 3679 μάλιστα
1086 3610 1203 3678 τοῦ,
1254 3607 1366 3677 καὶ,
1420 3606 1509 3661 καὶ
1552 3611 1647 3662 τοῦ
1690 3604 1773 3660 ὅτι

157 3695 213 3718 -κ
331 3700 359 3710 ~
454 3695 467 3714 κ
630 3694 645 3716 κ
698 3693 788 3750 λιν
870 3716 883 3734 ε
1433 3694 1449 3715 ε
1637 3715 1656 3733 ι
1750 3727 1772 3736 -

116 3717 214 3751 και
265 3716 363 3750 του
408 3715 510 3771 γαρ
557 3715 647 3749 και
740 3715 896 3765 ..ςεωι
941 3696 1314 3771 καταχρήσεσι
1359 3715 1450 3749 και
1517 3694 1742 3771 ἀντιχρο

118 3785 269 3848 νίαις
328 3785 418 3840 καὶ
474 3783 532 3838 ἐκ
586 3780 964 3860 παραλλήλων
1020 3787 1127 3837 τῶν
1185 3782 1360 3838 αὐτῶν
1393 3781 1776 3858 ἀπαγγελίαις,

125 3870 306 3929 εἷ’τουν
362 3870 762 3949 ταυτολογίαις,
825 3871 918 3926 καὶ
973 3871 1080 3926 ἀπὸ
1131 3877 1318 3926 κοινοῦ
1375 3874 1628 3948 χρήσεσι,
1687 3872 1778 3927 καὶ

126 3960 374 4028 θελείαις
449 3960 820 4036 παραλήψεσι,
907 3960 1288 4037 καινοπρεπέσι
1360 3981 1419 4016 τε
1496 3958 1778 4039 διαφόροις

124 4055 554 4127 σχηματισμοῖς
602 4051 693 4104 καὶ
740 4050 1049 4126 προσώπων
1105 4047 1459 4125 ἐναλλαγαῖς,
1508 4049 1582 4112 ὡς
1648 4051 1782 4106 ποτε

126 4142 234 4216 μὲν
295 4138 429 4215 ὑπὲρ
483 4137 699 4208 τούτου,
755 4137 888 4193 ποτὶ
945 4135 1002 4192 δὲ
1056 4137 1188 4213 ὑπὲρ
1248 4138 1453 4193 ἐκείνου
1485 4136 1662 4214 λέγειν
1690 4137 1781 4194 καὶ

127 4226 478 4304 μεταπηδᾷν,
511 4227 600 4283 καὶ
630 4231 790 4282 τοῦτο
835 4226 1070 4301 μάλιστα
1122 4227 1420 4304 τεκμήριόν
1477 4226 1640 4302 ἐστιν,
1698 4226 1782 4283 ὅτι

119 4317 376 4394 καθάπερ
425 4315 648 4392 δργανον
699 4317 728 4372 6
775 4317 1088 4394 προφήτης,
1140 4315 1269 4392 ὅπερ
1320 4315 1573 4392 ἐνηχεῖτο
1637 4316 1785 4393 παρὰ

119 4411 230 4462 τοῦ
293 4406 629 4479 Πνεύματος,
686 4409 854 4461 ταῦτα
919 4405 1009 4461 καὶ
1084 4406 1469 4483 ἀπεφθέγγετο.
1547 4404 1784 4477 Σύνηθες

127 4495 194 4552 δὲ
225 4497 300 4570 τῇ
331 4490 579 4570 Ἑϐραῒδι
611 4491 879 4568 διαλέκτῳ
907 4495 970 4550 τὸ
999 4493 1336 4570 συζευγνύειν
1390 4498 1508 4558 τοῖς
1565 4495 1783 4572 ἄρθροις

125 4587 236 4647 τὰς
301 4583 642 4658 ἁντωνυμίας
700 4584 776 4646 ὡς
832 4584 916 4657 τὸ,
975 4607 1005 4636 ‹‹
1084 4584 1358 4660 Μακάριος
1429 4583 1491 4638 οὗ
1575 4584 1602 4638 6
1679 4584 1783 4638 Ἰα-

129 4667 262 4732 κὼϐ
321 4674 518 4750 βοηθὸς
573 4671 760 4743 αὐτοῦ,
816 4671 904 4727 καὶ
961 4672 1025 4727 τὸ
1080 4677 1196 4735 τοῖς
1259 4671 1516 4745 ὀνόμασιν
1553 4671 1786 4727 ἀντωνυ-

138 4762 276 4837 μίαν
309 4761 578 4823 πολλάκις
634 4761 928 4840 ἐπιφέρειν,
985 4762 1082 4834 ὡς,

134 4851 325 4928 λάθρα
364 4852 457 4906 τὸν
512 4849 746 4922 πλησίον
797 4850 960 4906 αὐτοῦ
997 4855 1188 4906 τοῦτον
1220 4847 1522 4922 ἐξεδίωκον.
1559 4874 1580 4902 ι
1616 4849 1794 4906 Ἀλλὰ

132 4942 236 4998 καὶ
291 4935 616 5017 ὑπερϐατοῖς
667 4942 904 5017 χρῆσθαι
950 4937 1222 5001 πολλάκις
1277 4938 1365 4993 καὶ
1417 4939 1793 5013 ἀντιπτώσεσι,

134 5030 238 5086 καὶ
292 5027 685 5105 ἀντεγκλίσεσι,
745 5028 835 5084 καὶ
896 5026 1106 5102 μᾶλλον
1155 5032 1271 5090 τοῖς
1320 5028 1614 5104 ὸριστικοῖς
1667 5027 1798 5100 μέλ-

139 5119 346 5175 λουσιν
408 5119 525 5174 ἀντὶ
592 5120 876 5190 εὐκτικῶν,
949 5116 1039 5172 καὶ
1106 5121 1222 5179 τοῖς
1299 5115 1564 5179 εύκτικοῖς
1636 5115 1799 5171 πάλιν

143 5206 481 5284 μελλόντων
541 5209 824 5285 ὁριστικῶν
872 5211 988 5269 τοῖς
1034 5204 1460 5282 παρῳλημένοις
1510 5205 1625 5260 ἀντὶ
1676 5205 1804 5280 μελ-

139 5293 395 5369 λόντων,
428 5303 544 5360 τοῖς
581 5297 875 5370 μέλλουσιν
909 5295 1026 5350 ἀντὶ
1056 5295 1502 5370 παρῳχημένων,
1533 5293 1802 5373 ἐπιφέρειν

134 5410 204 5443 τε
237 5393 366 5449 τοῖς
415 5387 610 5449 ένικοῖς
663 5387 982 5463 προσώποις
1027 5382 1366 5454 πληθυντικά
1399 5403 1411 5414 ·
1465 5385 1577 5438 οἷον
1623 5384 1763 5439 εἶπεν
1790 5405 1804 5418 ο

140 5501 174 5530 ‹‹
254 5477 486 5554 Ἀφρων
545 5475 596 5530 ἐν
653 5473 848 5550 καρδίᾳ
910 5475 984 5546 μή
1050 5472 1180 5527 εἶναι
1237 5473 1386 5530 Θεὸν.
1436 5472 1807 5552 Λιεφθάρησαν

135 5565 243 5621 καὶ
300 5560 680 5641 ἐϐδελύχησαν
728 5565 779 5618 οἳ
812 5557 1288 5635 ὑπολαμϐάνοντες
1321 5558 1534 5632 δηλαδὴ
1571 5563 1646 5635 μὴ
1682 5563 1810 5617 εἶναι

137 5653 309 5711 Θεόν.
347 5676 374 5705 n
425 5653 604 5709 Ἀλλά
649 5653 738 5707 καὶ
790 5650 1018 5722 ἐναλλὰξ
1075 5655 1191 5712 τοῖς
1240 5649 1634 5720 πληθυντικοῖς
1683 5650 1812 5706 ἐπά-

136 5763 235 5820 γει
304 5742 458 5796 ἑνικά
487 5759 503 5774 ·
561 5743 693 5812 εἷον,
759 5764 787 5793 ‹‹
840 5741 934 5796 Ἐκ
980 5741 1194 5794 πάντων
1239 5742 1346 5792 τῶν
1410 5736 1714 5794 διωκόντων
1750 5761 1817 5814 με

149 5829 334 5908 ῥῦσαί
389 5848 480 5905 με.
541 5831 769 5901 Μήποτε
824 5828 1034 5906 ἀρπάσῃ
1088 5828 1166 5890 ὡς
1241 5824 1380 5882 λέων
1454 5828 1553 5896 τήν
1635 5831 1818 5905 ψυχήν

1881 731 2019 794 θέσει
2064 729 2176 784 ἀντὶ
2226 728 2553 806 προθέσεως,
2604 731 2696 784 καὶ
2757 726 3078 802 συνδέσμοίς
3140 729 3257 784 ἀντὶ
3313 729 3526 786 συνδέσ-

1882 821 1998 889 μῶν
2034 858 2046 872 .
2100 816 2246 880 ὅλως
2298 839 2357 872 τε
2403 817 2656 894 περιττὰς
2713 818 2915 872 τιθέναι
2981 819 3260 891 προθέσεις
3293 860 3304 873 .
3365 821 3523 874 οἷον·

1878 927 1908 958 ‹‹
1956 905 2041 960 Ἐν
2092 909 2170 977 τῷ
2217 903 2366 978 ἡλίῳ
2412 901 2559 960 ἔθετο
2608 906 2875 978 σκήνωμα
2904 905 3109 961 αὐτοῦ’
3161 929 3190 959 ››
3239 907 3355 962 ἀντὶ
3405 911 3522 980 τοῦ,

1874 999 1961 1048 Ἐν
2011 997 2091 1066 τῷ
2137 993 2288 1066 ἡλίῳ
2335 991 2484 1058 ἔθετο
2541 993 2640 1062 τὴν
2691 993 2964 1050 κατοικίαν
3015 994 3222 1068 αὐτόθι,
3271 996 3308 1066 ἢ
3359 994 3409 1051 ἐν
3442 995 3522 1070 τῷ

1881 1080 1908 1103 ν
2011 1100 2024 1113 ο
2109 1083 2126 1100 ς
2227 1081 2241 1099 \
2375 1082 2387 1102 ’
2464 1086 2491 1096 ι-
2551 1084 2575 1102 ρι
2648 1083 2663 1104 \
2775 1086 2803 1098 ~
2897 1083 2910 1103 ν
3192 1085 3206 1102 ε
3424 1090 3451 1100 .-

1880 1084 2001 1156 υψει
2071 1103 2134 1136 το
2182 1103 2283 1158 γαρ
2331 1103 2496 1137 αυτου
2548 1103 2664 1137 αντι
2709 1104 2807 1138 του
2853 1082 3036 1138 αυτόοι
3096 1083 3236 1139 ἐστιν
3303 1083 3526 1141 ἐνταυθα

1881 1169 2326 1247 ἐπιῤῥηματικῶς
2354 1190 2367 1204 ·
2413 1170 2502 1226 καὶ
2547 1171 2711 1226 πάλιν
2738 1189 2751 1203 ’
2809 1195 2838 1224 ‹‹
2888 1173 2975 1241 Μὴ
3033 1170 3358 1249 συνελκύσῃς
3393 1174 3527 1248 μετά

1883 1255 2088 1314 ἀσεϐῶν
2117 1259 2216 1328 τὴν
2258 1261 2446 1334 ψυχήν
2488 1279 2614 1333 μου·
2647 1283 2674 1312 ››
2707 1259 2823 1315 ἀντὶ
2863 1265 2958 1316 τοῦ
2988 1262 3075 1330 Μὴ
3110 1259 3338 1336 ἒλκύσῃς
3361 1282 3373 1296 ο
3408 1263 3522 1337 καὶ,

1886 1371 1915 1399 ‹‹
1982 1347 2046 1402 Εἰ
2125 1345 2476 1402 ἀνταπέδωκα
2519 1389 2532 1402 .
2609 1347 2724 1402 ἀντὶ
2794 1353 2911 1420 τοῦ,
2997 1347 3237 1420 Ἕδωκα,
3313 1349 3525 1413 ἀπλῶς.

1884 1433 2110 1510 Ἰδίωμα
2156 1443 2256 1506 τῆς
2306 1435 2542 1499 παλαιᾶς
2593 1443 2809 1515 Γραφῆς
2850 1438 2940 1492 καὶ
2985 1438 3049 1493 τὸ
3079 1435 3525 1516 παραλαμϐάνειν

1883 1526 2002 1580 κατ’
2057 1525 2261 1580 εὐθεῖαν
2328 1527 2390 1581 τὸ
2448 1522 2623 1599 ὄνομα
2679 1524 2749 1580 δι’
2809 1525 3124 1600 ἐνθύμησιν,
3183 1529 3272 1585 καὶ
3326 1530 3389 1585 τὸ
3426 1531 3527 1600 τήν

1882 1611 2119 1689 πλαγίαν
2170 1614 2441 1693 ἐπιφέρειν
2492 1614 2853 1689 ἀντωνυμίαν,
2898 1616 2989 1671 καὶ
3037 1617 3180 1673 οὕτω
3231 1615 3433 1689 δηλοῦν
3464 1618 3527 1674 τὸ

1881 1703 2241 1780 προκείμενον
2268 1723 2281 1735 ’
2334 1704 2449 1759 οἷον
2491 1728 2521 1758 ‹‹
2568 1705 2596 1758 ὁ
2627 1704 2758 1767 Θεὸς
2788 1703 3020 1779 ἄμωμος
3049 1708 3084 1776 ἡ
3113 1704 3239 1769 ὁδὸς
3269 1707 3453 1763 αὐτοῦ·
3498 1731 3526 1759 ››

1883 1792 1996 1866 καὶ,
2061 1794 2379 1866 ’Ἄνθρωπος
2439 1793 2566 1847 ὡσεὶ
2613 1793 2815 1869 χόρτος
2864 1795 2919 1847 αἱ
2966 1795 3166 1870 ἡμέραι
3233 1795 3433 1851 αὐτοῦ·
3497 1818 3527 1848 ››

1884 1882 2134 1936 συνάπτει
2190 1879 2249 1936 δὲ
2293 1880 2384 1936 καὶ
2444 1882 2544 1950 τήν
2614 1882 2688 1941 εἷς
2759 1882 3010 1956 πρόθεσιν
3075 1884 3368 1960 αἰτιατικῇ,
3437 1886 3526 1941 καὶ

1885 1977 2122 2046 χρῆσθαι
2176 1971 2290 2024 ἀντὶ
2342 1970 2514 2044 μόνης
2559 1969 2765 2034 εὐθείας
2790 1990 2803 2003 ·
2864 1971 2939 2034 ὡς
2973 1972 3034 2026 τὸ
3067 1997 3097 2026 ‹‹
3127 1977 3290 2028 Γενοῦ
3323 1993 3415 2047 μοι
3447 1972 3526 2036 εἷς

1883 2058 2012 2112 Θεὸν
2073 2058 2514 2134 ὖπερασπιστήν·
2582 2057 2701 2113 ἀντὶ
2762 2063 2880 2130 τοῦ,
2944 2059 3073 2122 Θεὸς
3134 2060 3525 2137 ὑπεραπιστής.

1884 2146 2062 2202 Ἀλλά
2088 2147 2178 2202 καὶ
2233 2147 2334 2217 τὴν
2383 2145 2437 2209 ἐς
2490 2145 2742 2220 πρόθεσιν
2793 2143 2983 2222 δοτικῇ
3023 2149 3112 2203 καὶ
3139 2149 3374 2224 χρῆσθαι
3409 2147 3525 2204 ἀντὶ

1883 2235 2187 2305 αἰτιατικῆς
2215 2254 2228 2266 ·
2283 2235 2357 2297 ὡς
2406 2235 2460 2290 ἐν
2503 2234 2858 2312 Εὐαγγελίοις
2903 2237 2988 2304 τὸ,
3036 2261 3065 2290 ‹‹
3097 2239 3190 2300 "Oc
3223 2238 3284 2293 ἅν
3316 2237 3524 2312 ὁμολο-

1882 2325 2027 2400 γήσῃ
2055 2323 2106 2378 ἐν
2141 2323 2288 2398 ἐμοὶ,
2340 2343 2368 2378 ι
2420 2323 2534 2378 ἀντὶ
2580 2329 2698 2392 τοῦ,
2732 2320 2831 2398 ἐμέ
2853 2344 2866 2359 ⁸
2911 2324 2962 2381 ἐν
2998 2322 3056 2381 δὲ
3082 2331 3198 2389 τοῖς
3230 2324 3524 2400 Ψαλμοῖς·

1883 2413 1960 2475 ὡς
1989 2412 2072 2483 τὸ,
2129 2434 2158 2464 ‹‹
2187 2417 2273 2467 Ἐν
2321 2416 2401 2484 τῷ
2437 2407 2876 2488 ἕξολοθρεύεσθαι
2915 2413 3281 2491 ἁμαρτωλοὺς
3321 2409 3462 2489 ὄψει.
3497 2437 3526 2467 ››

1882 2502 2127 2556 τουτέστι
2172 2502 2272 2570 τήν
2323 2499 2689 2577 ἐξολόθρευσιν
2739 2502 2831 2556 καὶ
2880 2500 3156 2559 ἀπώλειαν
3200 2509 3310 2560 τῶν
3350 2506 3524 2580 ἁμαρ-

1881 2589 2077 2645 τωλῶν
2129 2589 2369 2648 θεάσ.....
2418 2585 2701 2665 Ἑϐραῖκόν
2741 2590 2853 2646 ἐστι
2893 2592 2984 2647 καὶ
3026 2592 3090 2648 τὸ
3136 2591 3266 2656 τοὺς
3323 2594 3528 2668 ἀνθρώ-

1882 2700 2018 2742 πους
2077 2678 2233 2742 υἱοὺς
2290 2678 2591 2753 ἀνθρώπῶν
2655 2678 2982 2752 ὀνομάζειν²
3042 2683 3133 2735 καὶ
3185 2681 3282 2744 τὰς
3339 2682 3529 2758 χώρας

1881 2766 2046 2823 πάλιν
2150 2767 2440 2844 θυγατέρας
2524 2771 2632 2822 τῶν
2693 2766 2955 2823 τοιούτων
3022 2773 3188 2846 χωῶν
3224 2789 3237 2802 ·
3307 2771 3384 2833 ὡς
3438 2770 3524 2843 τὸ,

1885 2879 1915 2909 ‹‹
1963 2856 2080 2911 Υἱοὶ
2141 2856 2438 2933 ἀνθρώπων
2501 2855 2603 2918 ἕως
2656 2855 2790 2911 πότε
2848 2856 3241 2934 βαρυκάρδιοι;
3303 2882 3332 2910 ››
3405 2857 3523 2913 ἀντὶ

1878 2949 1998 3013 τοῦ,
2028 2946 2094 2998 Ὦ
2137 2945 2438 3020 ἄνθρωποι,
2489 2943 2654 3022 μέχρι
2700 2945 2856 3008 πίνος
2900 2943 3078 3011 ἔσεσθε
3107 2951 3424 3026 φρονοῦντες
3455 2948 3524 3002 τὰ

1878 3036 2048 3110 γῆῖαὶ
2088 3031 2177 3089 καιὶ
2206 3033 2281 3096 ὡς
2334 3035 2418 3106 τὸ,
2473 3057 2500 3086 ‹‹
2546 3033 2792 3111 Θυγάτηρ
2824 3029 3145 3098 Βαϐυλωνος
3174 3037 3210 3107 ἡ
3239 3033 3519 3091 ταλαίπω-

1880 3142 1975 3196 ρος
2002 3163 2012 3175 .
2066 3121 2182 3177 ἀντὶ
2222 3126 2341 3195 τοῦ,
2380 3123 2448 3175 Ὦ
2490 3116 2753 3178 Βαϐυλὼν
2802 3121 3000 3186 ἀθλία·
3051 3121 3141 3179 διὰ
3187 3126 3255 3179 τὰ
3301 3116 3520 3199 συμϐη-

1877 3210 2080 3285 σόμενά
2123 3232 2205 3266 σοι
2253 3208 2511 3282 δηλονότι
2563 3211 2702 3266 κακὰ
2740 3219 2841 3281 τῆς
2887 3212 3146 3284 τοιαύτης
3204 3210 3512 3284 διαλέκτου,

1878 3301 1976 3355 Καὶ
2030 3302 2094 3355 τὸ
2147 3298 2422 3363 πολλάκις
2473 3301 2535 3354 τὸ
2583 3299 2735 3376 ῥῆμα
2807 3297 3238 3376 μεταλαμϐάνειν
3304 3297 3513 3377 ὄνομα*

1799 3379 1842 3445 (1
1881 3389 1956 3452 ὡς
2003 3391 2086 3461 τὸ,
2138 3411 2168 3441 ‹‹
2225 3387 2566 3459 Ἐπήλπισας
2615 3389 2690 3451 εἷς
2742 3391 2840 3458 τήν
2883 3388 3097 3446 ἐλπίδα·
3134 3414 3163 3443 ››
3195 3393 3330 3463 οἷον,
3360 3393 3513 3462 Μνή-

1880 3491 2036 3550 σθητι
2082 3482 2191 3532 τῶν
2239 3477 2424 3554 λόγων
2474 3499 2570 3532 σου
2611 3482 2691 3550 τῷ
2732 3475 2916 3552 δούλῳ
2963 3492 3057 3534 σου
3104 3481 3178 3535 ὧν
3211 3480 3517 3552 ἐπήλπισάς

1888 3589 1972 3642 με.
2045 3566 2192 3638 Αὕτη
2245 3588 2312 3642 με
2356 3566 2736 3640 παρεκάλεσεν,
2786 3567 2920 3639 αὕτη
2980 3565 3193 3638 δηλαδή
3243 3571 3278 3640 ἡ
3340 3567 3516 3632 ἐλπίς.

1885 3658 1984 3712 Καὶ
2013 3656 2176 3712 πάλιν
2229 3656 2294 3710 τὸ
2343 3654 2615 3730 ἐμνήσθην
2664 3655 2780 3710 ἀντὶ
2829 3661 2926 3711 τοῦ
2961 3660 3172 3732 μνήμη,
3208 3659 3320 3712 οἷον
3354 3657 3526 3733 ἐμνή-

1887 3758 2041 3816 σθην,
2101 3745 2150 3800 ἐν
2201 3746 2351 3800 νυκτὶ
2396 3749 2493 3800 τοῦ
2542 3744 2808 3818 ὀνόματός
2849 3767 2944 3801 σου
2974 3745 3108 3818 αὕτη
3141 3747 3366 3824 ἐγενήθη
3404 3768 3521 3821 μοι,

1886 3835 2021 3906 αὕτη
2077 3831 2334 3904 δηλονότι
2382 3835 2418 3903 ἡ
2472 3834 2686 3906 μνήμη.
2737 3835 2838 3888 Καὶ
2895 3833 3084 3898 ἁπλῶς
3114 3836 3283 3891 εῗπεῖν
3309 3836 3526 3900 πολλὰς

1889 3921 2224 3999 ίδιοτροπίας
2271 3922 2301 3976 6
2345 3928 2445 3992 τῆς
2491 3919 2794 3992 Ἰουδαϊκῆς
2842 3929 3060 4003 Γραφῆς
3101 3925 3354 3998 κέκτηται
3419 3945 3524 4002 χα-

1891 4014 2117 4090 ρακτήρ.
2166 4011 2290 4088 Χρή
2338 4015 2466 4088 γοῦν
2511 4015 2672 4066 τοῦτο
2722 4011 2980 4090 φέροντας
3027 4015 3176 4088 ἡμᾶς
3217 4017 3352 4071 κατὰ
3398 4019 3523 4071 νοῦν

1894 4103 1968 4176 μὴ
2005 4105 2182 4170 ζητεῖν
2213 4100 2264 4154 ἐν
2294 4101 2460 4174 ταύνῃ
2487 4100 2578 4155 τὸν
2609 4098 2936 4171 Ἑλληνικὸν
2967 4099 3381 4179 ἐξακριϐασμόν.

1957 4196 2019 4246 Ἣ
2063 4193 2171 4244 τῶν
2230 4187 2479 4262 Ψαλμῶν
2530 4188 2786 4266 ἐξήγησις
2835 4190 3068 4248 πλουσία
3110 4193 3200 4249 καὶ
3251 4194 3522 4269 θαυμασιὴ

1889 4279 2036 4356 παρᾶ
2083 4282 2191 4334 τῶν
2261 4278 2646 4352 ποιησαμένων
2726 4279 2892 4350 αὐτὴν
2966 4281 3351 4358 ἐκτετέλεσται,
3432 4284 3524 4339 καὶ

1892 4371 1922 4424 6
1952 4367 2250 4447 φιλόπονος
2299 4366 2424 4443 ἔχοι
2474 4368 2534 4422 ἄν
2576 4366 2627 4438 ἐξ
2657 4367 2826 4438 αὐτῆς
2854 4374 2962 4424 τῶν
2991 4368 3284 4444 ψαλμικῶν
3311 4373 3525 4445 νοημά-

1890 4479 1998 4512 των
2053 4454 2311 4518 ἀνενδεῶς
2371 4462 2658 4532 μετασχεῖν
2685 4477 2698 4491 ο
2757 4456 2872 4513 ἐπεὶ
2930 4456 2987 4514 δέ
3041 4481 3183 4524 τινες
3242 4462 3377 4534 μετὰ
3425 4464 3526 4530 τῆς

1892 4545 2230 4623 πλατυτέρας
2287 4542 2548 4616 είδήσεως
2611 4547 2712 4616 τὴν
2769 4546 3198 4624 συνεπτυγμένην
3261 4549 3337 4611 ὡς
3393 4543 3529 4624 πρό·-

1894 4654 2080 4712 χειρον
2127 4630 2509 4709 ἀποδέχονται,
2558 4633 2649 4688 καὶ
2699 4633 2913 4707 μᾶλλον
2965 4635 3011 4690 εί
3041 4633 3251 4708 συνᾳδει
3385 4641 3530 4716 σφῶν

1144 4720 1194 4814 (Γ
1228 4720 1793 4816 Τξδξῗξΰξέᾷλᾶλὲξῼα
1822 4747 1868 4812 D
1899 4724 2073 4780 αὐτῶν
2129 4726 2412 4799 προσευχῇ
2465 4720 2554 4777 διὰ
2606 4727 2768 4778 τοῦτο
2815 4729 2933 4787 τοῖς
2960 4729 3058 4779 τοῦ
3087 4729 3221 4781 Θεοῦ
3250 4730 3350 4781 τοῦ
3378 4725 3540 4789 δντοςν

1899 4815 2065 4887 ἡμεῖς
2112 4810 2466 4888 χαριζόμενοι
2514 4809 2604 4866 καί
2641 4813 2741 4881 τήν
2772 4816 2879 4867 τῶν
2911 4815 3046 4887 ἡμῖν
3077 4811 3535 4890 παιδαγωγουμέ-

1901 4923 2006 4958 νων
2058 4899 2158 4955 οὐκ
2204 4901 2616 4973 ἀποπέμποντες
2665 4897 2896 4973 αἷίτησιν,
2945 4903 3082 4977 πρὸς
3135 4903 3226 4958 τὸν
3288 4908 3535 4959 τοιοῦτον

1906 4989 2103 5046 σκοπὸν
2156 4985 2468 5062 ἁπείδομεν.
2524 4987 2620 5043 Καὶ
2670 4989 2762 5062 μέν
2796 4989 3083 5064 σαφηνείας
3112 4991 3188 5053 ὡς
3217 4990 3330 5046 οἶόν
3361 5011 3420 5048 τε
3449 4989 3540 5047 καὶ

1913 5077 2288 5156 βραχυλογίας
2319 5076 2616 5150 ὑπόμνησιν
2653 5079 2879 5152 μερικὴν
2908 5077 2961 5133 ἐν
2990 5100 3099 5134 τισι
3149 5084 3254 5136 τῶν
3303 5078 3540 5156 ψαλμῶν

1908 5170 2238 5237 ποιήσασθαι
2287 5167 2623 5242 προεθέμεθα
2667 5166 2734 5220 τὰ
2788 5165 2974 5222 πολλὰ
3022 5168 3114 5242 μὲν
3167 5169 3228 5224 ἐκ
3278 5176 3383 5240 τῆς
3430 5172 3540 5225 τῶν

1910 5257 2016 5333 πρὸ
2064 5259 2224 5329 ἡμῶν
2272 5253 2576 5330 ἐξηγήσεως
2631 5261 2731 5323 τῆς
2793 5255 3177 5332 ἀφθονωτάτης
3237 5256 3549 5336 ἐρανιζόμε-

1911 5368 2018 5418 νοι,
2069 5343 2303 5406 σπάνίως
2353 5341 2411 5398 δὲ
2463 5341 2553 5398 καὶ
2598 5343 2839 5418 ἡμέτερά
2909 5367 3030 5401 τινα
3077 5347 3312 5425 πενιχρὰ
3375 5367 3552 5404 συντι-

1915 5436 2152 5508 θέμενοι.
2184 5433 2282 5488 Καὶ
2313 5433 2342 5487 ’ὃ
2372 5453 2432 5508 γε
2458 5433 2557 5500 τήν
2591 5432 2947 5510 ἀρχαιοτέραν
2985 5435 3247 5512 ἐξήγησιν
3289 5435 3552 5510 ἐπελθὼν,

1918 5521 2195 5584 λυσιτελὲς
2229 5518 2285 5576 δὲ
2313 5525 2472 5575 τοῦειο
2500 5521 2591 5575 κᾶἱ
2639 5524 3037 5598 χρησιμώτατα
3090 5523 3284 5582 εἴσεται
3341 5527 3558 5588 πάντως

1919 5612 2008 5668 καὶ
2040 5609 2094 5667 εἷ’
2115 5613 2167 5666 τί
2196 5632 2301 5666 που
2340 5608 2650 5686 καινότερον
2681 5613 2807 5688 παρ’
2846 5614 3004 5687 ἡμῶν
3038 5615 3415 5688 εἰσενήνεκται.

2371 5740 2483 5790 ΕΙΣ
2523 5740 2651 5792 TON
2691 5739 2749 5793 A'
2798 5743 3111 5797 ΨΑΛΜΟΝ.

1994 5833 2052 5882 ‘0
2100 5831 2317 5902 πρῶτος
2366 5821 2586 5899 ψαλμὸς
2637 5825 2828 5895 ἠθικός
2877 5827 2986 5884 ἐστι
3044 5831 3131 5884 καὶ
3185 5825 3566 5904 δογματικόςῖ
