3988 6434
465 432 617 490 1327

1706 427 2128 489 NICEPHORI
2176 426 2608 489 BLEMMIDAE

3723 431 3878 493 1328

463 558 657 629 ἠθικὸς
708 558 802 631 μὲν
852 556 925 618 ὡς
1003 554 1280 630 σεμνύνων
1332 555 1465 619 τοὺς
1529 556 1783 631 ἀγαθοὺς,
1833 556 2109 613 κάντεῦθεν
2138 561 2191 629 Α
2220 558 2485 615 κτίσαντα.
2522 558 2880 614 Συντέτακταί
2924 581 3041 623 πως
3090 561 3275 624 αὐτοῖς
3345 564 3437 618 καὶ
3489 564 3518 619 6
3580 561 3877 639 διεστραμ-

464 648 544 711 είς
590 647 786 723 ἀρετὴν
830 645 1298 723 προτρεπόμενος,
1350 645 1474 708 τοὺς
1529 646 1809 722 πονηροὺς
1869 644 1927 701 δὲ
1974 668 2108 725 φαυ-

464 736 654 808 λίζων,
711 734 816 791 κάκ
868 733 1064 791 τούτου
1109 733 1310 790 πείθων
1367 741 1469 805 τῆς
1520 735 1709 798 κακίας
1755 736 2058 812 ἀναχωρεῖν
2091 756 2105 768 ·

465 823 795 901 δογματικὸς
844 821 901 879 δὲ
973 823 1110 879 διότι
1180 824 1305 901 περὶ
1382 823 1717 887 ἀναστάσεως
1782 824 2105 901 διαγορεύει,

462 913 555 970 καὶ
600 914 852 991 κρίσεως,
898 912 1004 990 οὐχ
1052 913 1127 975 ὡς
1176 910 1240 985 δ’,
1292 938 1321 966 ‹‹
1356 915 1519 991 ’Δνήρ
1563 913 1616 969 ἐν
1653 913 1828 991 βουλῇ
1856 919 1963 969 τῶν
1996 916 2114 969 ἀσε-

465 999 574 1059 ϐῶν
625 1002 725 1059 οὐκ
768 1001 1054 1080 ἐπορεύθη,
1106 1025 1135 1054 ››
1191 1003 1283 1057 καὶ
1328 1002 1491 1079 μέχρι
1521 1003 1717 1059 τούτου
1745 1003 1981 1082 πέφθακε
2013 1003 2112 1077 μό-

462 1112 561 1148 νου
595 1091 860 1170 μακάριός
890 1091 1054 1165 ἐστιν,
1081 1089 1208 1146 ἀλλ’
1239 1092 1269 1146 6
1299 1092 1389 1146 καὶ
1435 1097 1552 1154 τοῖς
1599 1089 1792 1154 ἄλλοις
1835 1112 2110 1169 περιστοι-

465 1179 757 1257 χιζόμενος
814 1180 1052 1257 ἀγαθοῖς.
1108 1178 1342 1249 Τοιαύτη
1401 1180 1502 1255 γὰρ
1560 1180 1596 1248 ἡ
1628 1184 1772 1233 πᾶσα
1817 1184 1915 1235 τοῦ
1945 1178 2113 1256 λόγου

465 1269 728 1346 πρότασις
755 1271 784 1324 6
842 1269 979 1345 ἀνὴρ
1029 1268 1089 1332 ὅς
1138 1268 1239 1323 οὐκ
1282 1267 1549 1344 ἐπορεύθη
1604 1265 1655 1321 ἐν
1709 1267 1885 1344 βουλῇ
1911 1263 2115 1323 ἀσεϐῶν

464 1358 555 1414 καὶ
603 1356 655 1413 ἐν
704 1355 815 1431 ὑδῷ
858 1355 1201 1433 ἁμαρτωλῶν
1252 1357 1351 1412 οὐκ
1399 1354 1547 1428 ἔστη,
1602 1357 1691 1410 καὶ
1752 1357 1839 1412 ἐπὶ
1878 1354 2112 1433 καθέδρα

468 1446 681 1522 λοιμῶν
712 1446 811 1502 οὐκ
858 1445 1116 1519 ἐκάθισεν,
1174 1444 1302 1502 ἀλλ’
1348 1446 1384 1514 ἢ
1436 1445 1487 1500 ἐν
1530 1444 1611 1519 τῷ
1639 1445 1795 1519 νόμῳ
1824 1445 2024 1522 Κυρίου
2053 1447 2116 1500 τὸ

468 1533 690 1610 θέλημα
718 1535 903 1606 αὐτοῦ,
948 1536 1038 1590 καὶ
1089 1534 1142 1589 ἐν
1168 1539 1249 1607 τῷ
1278 1534 1432 1609 νόμῳ
1462 1533 1627 1589 αὐτοῦ
1659 1533 1947 1608 μελετήσει
1975 1534 2115 1608 ἡμέ-

473 1644 571 1701 ρας
598 1624 690 1680 καὶ
738 1624 953 1695 νυκτὸς,
1008 1623 1271 1699 μακάριός
1320 1622 1480 1678 ἐστιν.
1539 1622 1688 1678 Ἐπεὶ
1725 1621 1783 1679 δὲ
1810 1625 1923 1700 χρή
1966 1628 2115 1700 πρῶ-

470 1714 560 1769 τὸν
595 1711 858 1769 ἐκκλίνειν
908 1712 1015 1767 ἀπὸ
1066 1716 1236 1768 κακοῦ
1281 1711 1370 1767 καὶ
1415 1711 1559 1767 οὕτω
1604 1717 1779 1767 ποιεῖν
1806 1714 1869 1767 τὸ
1898 1712 2112 1789 ἀγαθόν·

474 1810 748 1887 χείριστον
800 1808 858 1865 δὲ
913 1812 1128 1865 πάντων
1170 1814 1278 1865 τῶν
1325 1814 1503 1865 κακῶν
1554 1813 1589 1880 ἡ
1644 1805 1877 1882 ἀσέϐεια,
1936 1812 2115 1873 καθὼς

478 1902 773 1977 ὑπέρτατον
821 1904 928 1954 τῶν
975 1898 1122 1955 ὒλων
1166 1899 1375 1975 ἀγαθῶν
1424 1901 1459 1969 ἡ
1504 1895 1739 1971 ἀσέϐεια,
1784 1904 2115 1977 μακαριστοῦ

475 1991 689 2060 τίθησιν
738 1990 941 2067 ἀρχὴν,
987 1990 1088 2059 τὴν
1137 1995 1239 2059 τῆς
1272 1982 1512 2050 ἀσεϐείας
1558 1990 1897 2065 ἀποτροπήν·
1948 1989 2117 2064 μακά-

479 2100 595 2156 ριος
651 2079 745 2153 μὶν
796 2077 888 2133 οὖν
937 2076 1140 2153 κυρίως
1187 2078 1216 2131 6
1266 2076 1397 2141 Θεὸς
1442 2078 1470 2133 6
1513 2076 1666 2154 φύσει
1712 2078 1981 2154 ἀκήρατος
2029 2078 2120 2134 καὶ

484 2166 818 2240 ἀνώλεθρος.
873 2171 1042 2222 Τοῦτο
1098 2168 1203 2243 γὰρ
1260 2163 1428 2237 δηλοῖ
1479 2167 1565 2236 τὸ,
1609 2191 1638 2219 ι(
1672 2169 1951 2244 Μακάριος
1981 2170 2009 2223 6
2040 2168 2121 2223 ἀεὶ

482 2254 578 2331 ὢν,
610 2257 701 2312 καὶ
747 2256 942 2333 ἀγαθὸς
990 2251 1064 2310 ὥν
1091 2274 1106 2289 ·
1160 2279 1189 2307 ι(
1238 2256 1301 2311 τὸ
1342 2255 1443 2332 γὰρ
1495 2255 1658 2311 κακὸν
1707 2255 1806 2311 οὐκ
1842 2253 1981 2313 ἔστιν
2012 2252 2071 2312 6v
2107 2278 2120 2291 ·

482 2346 573 2402 καὶ
602 2345 831 2410 καθόσον
879 2366 963 2408 τις
1013 2344 1065 2400 ἐν
1108 2349 1188 2417 τῷ
1233 2349 1383 2417 κακῷ
1434 2344 1659 2420 γίνεται,
1708 2346 1843 2401 κατά
1870 2351 2126 2401 τοσοῦτον

487 2434 735 2491 ἐκπίπτει
782 2439 881 2490 τοῦ
929 2429 1106 2497 ὄντος.
1158 2433 1399 2498 Καθόσον
1449 2431 1495 2488 δ’
1554 2432 1618 2489 αὖ
1650 2434 1700 2489 ἐν
1730 2439 1810 2507 τῷ
1834 2435 2015 2512 ἀγαθῷ
2041 2435 2123 2498 τίς

486 2523 652 2592 ἐστιν,
697 2524 833 2579 κατὰ
876 2527 1134 2578 τοσοῦτον
1195 2521 1411 2598 μετέχει
1441 2526 1539 2576 τοῦ
1565 2517 1742 2593 ὄντος,
1773 2523 1861 2578 καὶ
1890 2528 1969 2597 τῷ
1996 2524 2126 2595 ἀκη-

490 2611 636 2689 ράτῳ
680 2613 770 2667 καὶ
820 2611 1117 2685 ἀνωλέθρῳ
1166 2609 1483 2683 πλησιάζων
1534 2611 1853 2685 εὑρίσκεται.
1913 2614 2006 2669 Διὸ
2033 2614 2125 2669 κάὶ

486 2700 539 2758 ἐν
598 2702 904 2776 ἀνθρώποις
954 2701 1214 2775 μακάριος
1261 2700 1290 2755 6
1349 2697 1645 2771 διηνεκέσιν
1701 2702 1923 2777 ἀγαθοῖς
1991 2699 2125 2773 ἀδη-

483 2789 761 2865 νούμενος,
812 2789 876 2846 06
928 2787 1176 2845 δοκοῦσιν
1235 2786 1364 2844 ἀλλ’
1410 2787 1577 2861 οὖσιν,
1626 2790 1796 2866 ἤγουν
1825 2792 1853 2846 ὁ
1887 2785 2126 2866 βεϐαίοις

482 2878 697 2954 ἀρεταῖς
725 2879 816 2934 καὶ
847 2878 1256 2952 ἀμεταπτώτοις
1292 2877 1669 2952 κοσμούμενος
1710 2878 1799 2934 καὶ
1844 2878 1981 2935 κατὰ
2028 2879 2125 2953 μέ-

482 2969 617 3042 θεξιν
671 2966 1030 3044 χρηματίζων
1088 2967 1240 3037 Θεὸς,
1299 2967 1415 3021 ὁθεν
1466 2967 1557 3022 καὶ
1595 2969 1677 3040 τὸ,
1716 2991 1738 3018 ιι
1771 2968 1862 3037 Μὴ
1901 2968 2126 3045 μακαρί-

484 3061 583 3133 σῇς
641 3055 925 3134 ἄνθρωπον
990 3057 1097 3129 πρὸ
1150 3052 1435 3125 τελευτῆς,
1492 3079 1521 3107 ››
1572 3056 1819 3111 τοιοῦτόν
1847 3077 1901 3111 τι
1934 3054 2119 3128 δηλοῖ.

484 3156 575 3225 Μὴ
607 3154 882 3229 ἐκθειάσῃς
913 3154 1201 3231 ἀνθρώπου
1229 3153 1336 3229 πρὸ
1370 3157 1468 3208 τοῦ
1496 3156 1595 3208 τοῦ
1623 3154 1713 3208 τὸν
1747 3150 1950 3230 δρόμον
1975 3154 2123 3211 τελε-

482 3243 674 3320 σθῆναι
700 3250 803 3314 τῆς
831 3241 997 3298 αὐτοῦ
1030 3242 1218 3318 βιοτῆς
1249 3238 1339 3297 διὰ
1358 3241 1421 3296 τὸ
1451 3238 1657 3313 ἄδηλον
1690 3241 1743 3297 ἐν
1771 3243 2117 3320 τρεπτότητι.

481 3339 695 3397 Πολλοὶ
759 3341 860 3417 γὰρ
940 3339 993 3395 ἐν

485 3429 979 3507 ἀπροσεκτήσαντες
1039 3426 1373 3504 ἐναυάγησαν
1409 3446 1423 3460 ο

481 3520 779 3576 καιοτάτων
825 3517 933 3573 ἐστὶ
978 3517 1041 3572 16
1082 3519 1271 3595 νήφειν
1322 3515 1405 3571 ἀεὶ
1448 3517 1541 3571 τὸν
1589 3522 1702 3571 κατ’
1755 3516 1948 3593 ἀρετὴν
2001 3517 2119 3573 ἐθέ-

481 3608 647 3665 λοντα
679 3611 796 3682 ζῇν,
850 3607 941 3662 καὶ
977 3608 1076 3676 τῆς
1126 3605 1205 3669 είς
1250 3606 1377 3661 Θεὸν
1428 3602 1707 3675 διηνεκοῦς
1745 3605 2027 3670 ἀτενίσεως
2065 3606 2118 3662 ἐν

482 3695 621 3775 ἄκρᾳ
684 3696 1002 3752 ταπεινώσει
1068 3698 1252 3771 ψυχῆς
1319 3692 1582 3769 μηδόλως
1643 3693 1983 3774 ἀφίστασθαι.
2048 3696 2119 3751 Τὸ

479 3782 527 3841 δ’
578 3785 714 3862 ἀνὴρ
770 3784 887 3840 ἀντὶ
943 3788 1041 3839 τοῦ
1097 3782 1380 3860 ἄνθρωπος
1451 3781 1852 3860 συνεκδοχικῶς
1908 3784 1967 3840 ἐκ
2020 3789 2118 3841 τοῦ

479 3873 823 3952 ὑπάρχοντος
874 3870 1105 3949 εἷ’ρηται.
1153 3872 1230 3931 O6
1287 3874 1391 3949 γὰρ
1435 3871 1846 3949 ἀποκληροῦται
1901 3876 1982 3946 τῷ
2027 3873 2118 3950 ἆῤ-

477 3962 588 4042 ῥενι
613 3963 677 4018 τὸ
737 3960 1019 4039 μακάριον.
1068 3961 1217 4017 Ἐπεὶ
1268 3965 1375 4017 τῶν
1425 3960 1600 4016 αὐτῶν
1626 3959 1875 4026 ἐπάθλων
1906 3964 1942 4032 ἡ
1974 3967 2118 4018 πᾶσα

475 4058 581 4109 τῶν
641 4052 934 4128 ἀνθρώπων
991 4049 1145 4129 φύσιν
1207 4050 1258 4105 ἐν
1317 4055 1436 4113 τοῖς
1495 4049 1677 4113 αὐτοῖς
1732 4049 1931 4128 ἀγῶσίν
1974 4050 2113 4108 ἐστιν

474 4140 812 4213 ἐπιδεκτική.
863 4137 1017 4210 Πλὴν
1066 4139 1201 4195 κατᾶ
1244 4137 1407 4217 λόγον
1454 4138 1506 4195 ἐν
1553 4145 1671 4203 ταῖς
1712 4146 1813 4210 τῆς
1863 4137 2114 4196 διδασκα-

475 4231 598 4295 λίας
629 4229 814 4307 ἄρχειν
863 4233 961 4285 τοῦ
1007 4230 1143 4284 κατὰ
1188 4228 1316 4284 Θεὸν
1364 4225 1766 4303 πολιτεύματος
1793 4229 2022 4284 τέθειται
2050 4229 2114 4285 τὸ

1076 3339 1261 3412 λιμένι
1338 3336 1659 3416 θαῤῥσαντες
1745 3340 1956 3403 ἑαυτοῖς
2031 3338 2123 3396 καί

1501 3424 1586 3482 διὸ
1634 3425 1723 3483 καὶ
1778 3432 1884 3484 τῶν
1960 3427 2120 3507 ἀναγ-

470 4322 629 4399 ἀνήρ·
662 4317 1024 4397 ἀρῥενότητος
1054 4319 1157 4394 γὰρ
1206 4314 1290 4373 δεῖ
1333 4324 1622 4394 γνωμικῆς
1669 4318 1759 4373 καὶ
1805 4317 2116 4394 γενναιότη-

467 4429 563 4472 τος
614 4408 856 4483 ψυχικῆς
911 4404 1071 4461 παντὶ
1119 4403 1259 4481 γένει
1315 4409 1396 4478 τῷ
1461 4405 1908 4480 πολιτευσομένω
1977 4407 2114 4462 κατὰ

471 4497 623 4571 Θεὸν,
674 4496 736 4552 06
790 4492 1123 4568 θηλύτητος,
1171 4493 1234 4550 06
1287 4493 1646 4571 χανυότητος.
1688 4494 1950 4569 Ἀδόκιμα
2005 4496 2110 4573 γὰρ

467 4591 636 4642 ταῦτα
680 4584 818 4664 πρὸς
862 4584 1056 4660 ἀρετὴν
1105 4583 1196 4638 καὶ
1238 4578 1547 4654 ἀπόϐλητα.
1594 4585 1711 4659 Χρὴ
1755 4583 1935 4639 τοίνυν
1990 4583 2111 4661 βιά-

2223 648 2385 720 μένας
2417 645 2724 722 ὑπολήψεις
2753 645 2896 704 ἔχων
2920 650 3044 726 περὶ
3065 654 3221 722 Θεοῦ,
3242 650 3333 706 καὶ
3366 650 3459 707 616
3513 656 3690 707 τοῦτο
3721 673 3881 728 προσ-

2216 735 2358 811 άγων
2422 737 2515 810 μὲν
2573 737 2636 791 τὸ
2693 731 2854 800 σέϐας
2902 737 3071 810 αύτῷ,
3130 739 3277 809 πλὴν
3336 739 3398 795 06
3445 739 3874 818 προσηκόντως,

2218 821 2334 879 066’
2364 825 2441 886 ὡς
2470 825 2673 901 χρεών.
2706 820 2977 895 Δυσσεϐἠς
3009 828 3038 882 6
3067 832 3313 891 τοιοῦτος
3346 827 3556 904 λέγοιτ’
3590 830 3656 885 ἄν
3691 831 3878 907 κυριώ-

2220 933 2396 988 τερον.
2449 914 2703 990 Ἀρίστην
2764 914 2999 985 ἐπήξατο
3047 914 3293 992 κρηπῖδα
3325 917 3774 995 μακαριότητος,
3826 918 3875 982 6;

2219 1001 2416 1063 πάντας
2461 1000 2654 1065 αὐτοὺς
2704 998 3023 1076 ἐϐδελύξατο
3072 1005 3169 1060 κάν
3211 1010 3278 1080 τῇ
3352 1006 3535 1083 βουλῇ⁹
3585 1007 3776 1063 αὐτῶν
3822 1010 3871 1063 οὗ

2221 1089 2567 1166 πεπόρευται.
2651 1094 2901 1147 Τουτέστι
2988 1098 3106 1156 τοῖς
3200 1092 3463 1171 δόγμασιν
3531 1095 3731 1152 αὑτῶν
3794 1097 3870 1152 061

2224 1177 2470 1234 ἐπένευσε
2501 1200 2513 1212 ·
2571 1179 2744 1256 βουλὴ
2793 1181 2882 1236 καὶ
2927 1183 2963 1251 ἡ
3016 1185 3295 1260 συναγωγῆ
3343 1183 3432 1241 καὶ
3484 1187 3521 1254 ἡ
3584 1187 3727 1263 περὶ
3752 1208 3865 1245 τινος

2223 1268 2407 1340 σκέψις
2462 1269 2781 1344 πράγματος
2803 1288 2817 1302 ⁸
2854 1269 3150 1344 άρμόζουσι
3180 1275 3260 1343 τῷ
3286 1271 3559 1346 ψαλμικῷ
3616 1272 3780 1349 ῥητῷ
3803 1275 3865 1327 κιῖ

2223 1355 2521 1434 ἀμφότερα.
2580 1362 2690 1427 Τῆς
2759 1357 2864 1434 γὰρ
2936 1362 3254 1437 συναγωγῆς
3322 1366 3431 1416 τῶν
3522 1357 3753 1418 ἀσεϐῶν
3816 1365 3869 1425 ὣς

2224 1440 2431 1499 ἀσεϐῶν
2463 1441 2632 1515 ἀσεϐῆ
2672 1446 2762 1501 καὶ
2807 1448 2874 1502 16
2925 1450 3235 1522 σκέμματα,
3276 1450 3365 1504 καὶ
3411 1451 3448 1520 ἡ
3501 1452 3644 1528 περὶ
3682 1456 3782 1506 τοῦ
3808 1473 3873 1507 01-

2225 1528 2503 1608 ϐάσματος
2532 1534 2705 1590 αὐτῶν
2743 1531 3095 1593 κοινοϐουλία
3143 1537 3414 1615 ὀλέθριος.
3463 1539 3541 1594 T6
3600 1545 3742 1617 γοῦν
3788 1564 3876 1615 μη-

2227 1620 2507 1678 δοπωσοῦν
2552 1624 2729 1679 αὐτῶν
2781 1632 3068 1702 μετασχεῖν
3123 1626 3302 1703 ἀρχὴν
3349 1628 3557 1704 εἰσάγει
3630 1629 3879 1707 μακαριὸ-

2224 1733 2408 1782 τητος.
2456 1712 2815 1790 Ἃμαρτωλὸς
2866 1713 2924 1770 δέ
2976 1714 3116 1771 ἐστιν
3166 1718 3195 1771 6
3251 1717 3327 1791 μὴ
3358 1716 3456 1780 τὰς
3488 1722 3598 1773 τοῦ
3631 1724 3774 1775 Θεοῦ
3800 1742 3878 1790 της

2229 1805 2333 1874 ρῶν
2367 1799 2612 1874 ἐντολὰς,
2659 1803 2750 1858 καὶ
2783 1804 2963 1874 οὗτος,
3002 1806 3049 1859 εἱ
3090 1806 3185 1878 μὲν
3222 1806 3358 1879 μετά
3384 1827 3538 1869 τινος
3576 1807 3883 1877 ὑποστολῆς

2228 1890 2526 1966 ἁμαρτάνοι
2582 1891 2672 1946 καὶ
2738 1897 2815 1965 τῷ
2872 1892 3097 1971 φαύλως
3159 1895 3310 1969 βιοῦν
3344 1894 3886 1971 ἐπαισχύνοιτο,καὶ

2226 1978 2292 2032 16
2371 1978 2557 2034 110116
2608 1984 2845 2055 πειρῷτο
2902 1981 3199 2055 λανθάνειν,
3260 1981 3342 2053 εἴη
3395 1982 3458 2038 ἄν
3511 1989 3693 2040 τοῦτο
3748 1986 3887 2060 μόνον

2230 2066 2596 2144 ἁμαρτωλός·
2667 2069 2713 2124 εί
2769 2067 2817 2125 δ’
2892 2070 3317 2147 ἀνερυθριάστως
3391 2079 3754 2149 παρανομῶν
3811 2077 3883 2130 zu?

2230 2157 2467 2232 πονηρὸν
2519 2154 2826 2234 ὑπόδειγμα
2881 2157 3044 2222 τιθεὶς
3102 2161 3322 2232 ἑαυτῶν,
3383 2159 3486 2216 εἴτ’
3546 2158 3771 2240 ἔργοις,
3798 2165 3885 2220 εἴτε

2230 2244 2322 2300 καὶ
2372 2242 2561 2321 λόγοις
2610 2254 2708 2316 τῆς
2750 2246 2954 2312 οἰκείας
3013 2246 3331 2321 μεταδιδοίη
3385 2246 3762 2329 φαυλότητος
3787 2261 3883 2315 τοῖς

2233 2333 2379 2406 αὐτῷ
2424 2335 2913 2411 προσπελάζουσιν,
2958 2338 2986 2392 6
3033 2342 3282 2401 τοιοῦτος
3334 2335 3403 2408 δὴ
3455 2341 3555 2394 καὶ
3586 2341 3797 2417 λοιμὸς
3824 2345 3880 2403 ὥς

2231 2427 2301 2497 τῇ
2361 2422 2626 2499 λοιμώδει
2683 2426 2827 2500 νόσῳ
2878 2428 3207 2495 πεοσεοικώς
3273 2432 3354 2500 τῷ
3424 2431 3693 2504 τοιούτῳ
3768 2431 3881 2505 μηᾶ

2235 2510 2596 2589 συυεδριάζειν
2658 2511 2776 2570 δέον
2837 2515 2969 2572 ἐστί.
3014 2520 3184 2571 Τοῦτο
3243 2518 3348 2593 γὰρ
3398 2518 3464 2572 ἄν
3524 2519 3876 2598 ἐμφαίνοιτὸ,

2235 2601 2414 2657 «Ἐπὶ
2463 2601 2704 2680 καθάδρᾳ
2747 2602 2960 2679 λοιμῶν
3020 2605 3119 2659 οὐκ
3170 2602 3451 2661 ἐκάθισεν·
3520 2632 3553 2660 ι(
3617 2607 3786 2685 ἤγουν
3824 2610 3871 2665 οὗ

2234 2687 2595 2766 συγκάθεδρος
2645 2691 2853 2767 ἐγένετο
2893 2697 3013 2755 τοῖς
3058 2690 3298 2767 λοιμοῖς.
3330 2694 3432 2749 A16
3462 2694 3570 2751 κᾶν
3615 2702 3868 2772 μονάζοτες

2234 2778 2338 2833 εἶεν
2393 2778 2563 2854 οὗτοι,
2620 2777 2717 2836 κᾶν
2748 2780 3024 2858 ἱεράρχαι,
3066 2779 3162 2837 κᾶν
3202 2803 3262 2837 τε
3289 2786 3398 2837 τῶν
3433 2779 3497 2839 ἔν
3532 2806 3682 2841 τισιν
3707 2786 3858 2845 ἄλλοις

2236 2866 2465 2941 ὀνόμασι
2495 2867 2595 2924 καῖ
2644 2869 2901 2944 ὑψώμασι
2947 2869 3159 2947 πόρῥω,
3213 2870 3477 2948 φευκτέον
3535 2875 3673 2930 κατά
3710 2881 3839 2928 πᾶσιν

2234 2954 2390 3032 ἰσχὺν
2423 2956 2477 3027 ἐξ
2505 2957 2699 3017 αὐτῶν.

2307 3086 2336 3115 ‹‹
2390 3063 2663 3139 Μακάριος
2721 3065 2854 3141 ἀνὴρ
2928 3064 2988 3129 ὅς
3053 3065 3153 3122 οὐκ
3224 3065 3504 3144 ἐπορεύθη
3585 3070 3642 3126 ἐν

2230 3146 2455 3211 ἀσεϐῶν.
2517 3176 2547 3207 ››
2603 3187 2674 3197 —
2727 3157 2820 3217 ’Ὀς
2859 3152 3101 3229 ἀνδρεῖον
3164 3152 3307 3231 ἔχων
3366 3157 3433 3211 τὸ
3501 3159 3847 3237 φρόνηματῖ.ς

2229 3243 2437 3317 ψυχῆς,
2488 3239 2601 3298 οὔτ’
2644 3240 2873 3315 οἷ’κοθεν,
2927 3240 3050 3300 0615
3102 3242 3530 3323 πιθανολογίαις
3579 3268 3857 3325 παρακρου-

2231 3330 2375 3393 σθεὶς
2422 3332 2458 3401 ἢ
2516 3332 2774 3396 θωπείαις
2817 3332 2906 3388 καὶ
2955 3330 3154 3410 δώροις
3199 3333 3290 3389 καὶ
3335 3341 3540 3409 τιμαῖς
3567 3337 3866 3413 χαυνωθεὶς,

2226 3417 2263 3489 ἤ
2323 3418 2571 3485 ἀπειλαῖς
2631 3418 3046 3495 ἐκδειματωθεὶς
3102 3423 3131 3492 ἢ
3188 3423 3494 3502 τιμωρίαις
3566 3422 3870 3493 ἐκϐιασθεὶς,

2227 3506 2469 3579 ἀπῆλθεν
2527 3509 2580 3565 ἐν
2621 3514 2691 3585 τῇ
2738 3515 2845 3566 τῶν
2906 3505 3240 3567 ἀσεϐούντων
3291 3520 3625 3592 συναγωγῇ.
3690 3516 3870 3575 Ταυτὸν

2229 3594 2275 3652 δ’
2306 3598 2496 3669 εἰπεῖν,
2526 3601 2624 3662 "Oc:
2675 3599 2774 3655 οὐκ
2817 3601 3065 3678 ἀπήγαγε
3110 3601 3208 3670 τὴν
3259 3598 3513 3659 διάνοιαν
3559 3604 3617 3661 ἐν
3652 3607 3735 3668 οἷς
3769 3607 3873 3683 βου-

2226 3684 2470 3743 λεύονται
2501 3688 2592 3743 καὶ
2622 3688 2935 3764 λογίζονται
2966 3689 3090 3766 περὶ
3118 3694 3250 3746 Θεοῦ
3270 3697 3373 3760 τῆς
3416 3691 3606 3749 αὐτῶν
3648 3689 3873 3754 ἀσεϐείας

2228 3775 2388 3847 ἀξίως
2438 3778 2489 3831 οἱ
2547 3773 2775 3846 ἀσεϐεῖς,
2835 3775 2981 3834 ἀλλά
3030 3779 3221 3856 πάγιος
3252 3778 3304 3835 ἐν
3338 3776 3571 3855 ἀσεϐείᾳ
3602 3779 3873 3858 (εὐσεϐείᾳ)

2224 3866 2314 3920 καὶ
2341 3865 2732 3940 ἀμετακίνητος
2761 3864 3046 3944 ῆδρασται.

2297 3979 2327 4007 ‹‹
2360 3955 2458 4010 Καὶ
2517 3954 2568 4011 ἐν
2628 3953 2739 4029 ὁδῷ
2791 3954 3131 4033 ἁμαρτωλῶν
3191 3956 3291 4013 ούκ
3346 3956 3504 4031 ἔστη.
3570 3984 3604 4013 υ
3666 3995 3740 4006 —
3794 3960 3875 4020 Καὶ

2226 4041 2278 4098 ἐν
2305 4047 2373 4119 τῇ
2416 4043 2668 4117 πολιτείᾳ
2714 4044 2802 4100 καὶ
2852 4043 3101 4122 διαγωγῇ
3146 4050 3253 4101 τῶν
3300 4048 3739 4125 ἁμαρτανόντων
3794 4051 3879 4107 061.

2225 4131 2426 4207 ἔμεινεν
2455 4131 2568 4190 οὔτ’
2623 4133 2782 4197 αὐτὸς
2835 4129 3179 4212 παραϐαίνων
3237 4136 3442 4211 νόμους
3499 4136 3874 4210 δεσποτικῶς,

2224 4220 2347 4278 0615
2389 4227 2507 4286 τοῖς
2561 4218 2980 4299 παραϐαίνουσιν
3043 4225 3418 4299 συντιθέμενος
3453 4245 3468 4258 ⁸
3536 4227 3677 4285 ἀλλ’
3735 4230 3787 4285 εἴ
3829 4229 3873 4283 τέ

2222 4333 2357 4368 ποτε
2409 4314 2499 4367 καὶ
2554 4313 2630 4376 ὡς
2680 4310 2966 4388 ἅνθρωπος
3014 4312 3226 4377 εὐτελὲς
3260 4312 3690 4390 ἐπλημμέλησε

2222 4397 2422 4477 δραμεν
2456 4399 2607 4464 εὐθὺς
2636 4399 2735 4457 οὐκ
2763 4400 3083 4478 ἐγχρονίσας
3106 4406 3185 4475 τῷ
3210 4401 3712 4480 πλημμελήματι.

2291 4514 2322 4543 ‹‹
2353 4491 2454 4545 Καὶ
2484 4489 2569 4544 ἐπὶ
2626 4487 2857 4565 καθέδρᾳ
2913 4495 3127 4567 γοιμῶν
3186 4490 3287 4547 οὐκ
3314 4490 3586 4552 ἐκάθισεν.
3621 4520 3658 4550 ιδ
3697 4530 3767 4541 -
3792 4497 3874 4551 Επέ

2218 4576 2530 4655 ἀνθρώποις
2578 4575 2801 4653 λοιμοῖς
2833 4575 2960 4635 οὐδὲ
2991 4576 3310 4657 συνηδρίασε
3339 4582 3668 4658 στυγητοὺς
3698 4584 3871 4645 66106:

472 4681 579 4747 ζειν
620 4659 735 4745 τῆν’
765 4659 921 4753 φύσιν
967 4671 1052 4728 ἀεὶ
1100 4672 1190 4728 τὸν
1241 4669 1482 4743 ἀληθοῦς
1531 4677 1877 4749 μακαρισμοῦ
1921 4659 2107 4750 τυχεῖν
2142 4665 2187 4734 D
2216 4659 2360 4741 ἔχων
2391 4665 2481 4719 καὶ
2510 4663 2910 4742 ἀποτροπαίους
2940 4686 3293 4742 ποιουμενος.

470 4764 781 4844 ἀφιέμενον,
828 4761 920 4819 καὶ
976 4761 1191 4817 πάντων
1250 4761 1515 4839 ὑπερορᾷν
1545 4763 1637 4817 τὸν
1694 4763 1832 4840 πρὸς
1883 4759 2056 4817 ἄνεσιν
2092 4781 2105 4797 ’

465 4849 795 4932 προϐλέπειν
850 4851 973 4907 τινὰ
1034 4848 1325 4926 βλαπικᾶ,
1381 4855 1463 4924 τῷ
1521 4852 1699 4930 φέρειν
1781 4850 2104 4907 ἀνύστακτον

464 4945 527 5000 τὸ
556 4950 657 5014 τῆς
685 4945 869 5018 ψυχῆς
896 4935 1053 5014 δμμά
1091 4937 1400 5013 διαπαντὸς,
1432 4941 1523 4995 καὶ
1567 4941 1666 5003 τὰς
1712 4939 1887 4996 αὐτῶν
1932 4942 2107 5018 ἀρχὰς

466 5031 855 5108 ἀποκρούεσθαι
910 5028 1210 5107 πόρρωθεν.
1266 5030 1333 5087 Εἰ
1388 5027 1446 5085 δέ
1498 5030 1622 5085 ποτ’
1676 5029 1824 5102 αύτῷ
1896 5029 1987 5085 καί
2050 5052 2104 5086 τι

464 5120 688 5201 σφάλμα
742 5114 1007 5193 συμϐαίη,
1055 5117 1151 5174 κᾶν
1206 5119 1397 5194 μικρὸν
1454 5118 1561 5193 εἷή,
1620 5116 1892 5193 μηδαμῶς
1938 5118 2104 5176 αὐτοῦ

462 5214 811 5288 καταφρονεῖν
863 5208 937 5271 ὡς
990 5211 1209 5283 μικροῦ,
1262 5205 1390 5282 μηδ’
1432 5207 1702 5283 ἐπιμένειν
1736 5206 1880 5270 ὅλως
1910 5207 2057 5281 αὐτῷ
2084 5227 2098 5241 ο

459 5307 681 5384 ταχάως
715 5304 762 5361 δ’
813 5303 1071 5360 ἐκκλίνειν
1122 5304 1174 5376 ἐξ
1212 5306 1377 5362 αὐλοῦ
1407 5306 1497 5362 καὶ
1528 5308 1849 5385 ἀποφοιτᾷν,
1880 5306 1968 5361 καὶ
2005 5327 2099 5380 με-

461 5396 640 5475 γάλην
668 5396 935 5451 ποιεῖσθαι
962 5394 1053 5449 καὶ
1080 5399 1160 5466 τῷ
1209 5396 1386 5472 μικρῷ
1432 5397 1531 5465 τὴν
1577 5393 1880 5471 διόρθωσινς
1929 5399 2099 5450 Τοῦτο

462 5491 568 5564 γὰρ
601 5486 661 5540 ἄν
714 5479 797 5553 εἷίη
847 5482 932 5551 τὸ,
983 5506 1012 5534 ‹‹
1064 5484 1152 5538 Ἐν
1205 5480 1315 5556 ὀδῷ
1345 5482 1685 5559 ἁμαρτωλῶν
1738 5483 1830 5539 εύκ
1886 5477 2033 5556 ἔστη,
2069 5506 2098 5536 ››

463 5575 691 5647 δηλοῦν.
736 5564 964 5641 Ἀσεϐής
1016 5567 1074 5625 δέ
1123 5568 1264 5626 ἐστιν
1321 5573 1350 5626 ὁ
1411 5574 1486 5646 μὴ
1542 5570 1684 5650 ἔχων
1745 5570 1890 5634 ὅλως
1920 5573 2049 5628 Θεόν
2081 5591 2095 5605 ’

459 5668 601 5741 ὁμοῦ
650 5661 698 5719 δ’
748 5660 896 5734 αύτῷ
935 5657 1026 5714 καὶ
1075 5659 1104 5713 6
1140 5660 1215 5733 μὴ
1245 5661 1335 5716 τὸν
1361 5656 1528 5725 ὅντως
1548 5662 1676 5717 Θεὸν
1707 5663 1796 5716 καὶ
1827 5659 2098 5739 δημιουρ-

460 5756 552 5834 γὸν
596 5750 741 5829 ἔχων
784 5749 936 5819 Θεὸν,
966 5744 1113 5802 ἀλλὰ
1158 5751 1226 5821 τῇ
1271 5748 1438 5803 κτίσει
1488 5749 1762 5826 λατρεύων
1820 5750 1964 5826 παρά
2007 5752 2100 5806 τὸν

2288 4796 2317 4824 ‹‹
2350 4768 2507 4828 Ἀλλ’
2538 4771 2589 4827 ἐν
2620 4777 2700 4845 τῷ
2725 4771 2882 4847 νόμῳ
2914 4773 3111 4851 Κυρίου
3139 4774 3202 4831 τὸ
3234 4773 3458 4847 θέλημα
3510 4778 3719 4839 αὑτοῦ.
3754 4807 3783 4835 0
3809 4811 3864 4824 --

2217 4860 2374 4917 Ἀλλ’
2404 4860 2457 4917 ἐν
2483 4866 2601 4925 ταῖς
2635 4860 2878 4926 ἐντολαῖς
2908 4868 3006 4919 τοῦ
3037 4868 3171 4920 Θεοῦ
3203 4864 3344 4921 ἐστιν
3372 4868 3409 4937 ἡ
3462 4869 3668 4945 σχέσις
3720 4871 3863 4927 αὗτοῦ

2213 4951 2303 5004 καὶ
2334 4952 2563 5027 στοργή.

2287 5063 2317 5093 (ι
2372 5040 2477 5096 Καὶ
2536 5039 2588 5095 ἐν
2633 5045 2711 5113 τῷ
2757 5039 2915 5115 νόμῳ
2961 5041 3124 5099 αὐτοῦ
3176 5041 3465 5118 μελετήσει
3514 5050 3744 5127 ἡμέρας
3789 5046 3866 5104 καὶ

2209 5128 2426 5187 νυκτόσ.
2485 5154 2513 5181 υ
2563 5162 2631 5172 ——-
2679 5129 2779 5184 Καὶ
2823 5127 2873 5185 ἐν
2911 5136 3030 5194 τοῖς
3057 5133 3437 5210 προστάγμασι
3463 5137 3693 5212 Κμρίου
3728 5135 3869 5212 μελε-

2208 5220 2361 5289 τήσει
2418 5219 2554 5273 κατᾶ
2608 5219 2780 5274 πάντα
2833 5222 3020 5296 καιρὸν
3077 5220 3228 5285 ὅπως
3283 5223 3645 5301 ἐξερευνήσας
3706 5227 3865 5283 πάντα

2207 5306 2298 5362 καὶ
2328 5305 2491 5383 γνοὺς
2523 5302 2760 5383 ἀκριϐῶς
2790 5310 2995 5384 ποιήσῃ
3026 5309 3159 5365 αὑτά
3191 5314 3460 5390 μακάριος
3495 5315 3805 5390 ἄνθρωπος,
3836 5313 3861 5365 ὁ

2205 5401 2374 5451 ταῦτα
2400 5398 2573 5452 πάντα
2600 5399 2999 5471 κατωρθωκώς.

2286 5507 2308 5536 ι
2338 5484 2435 5540 Καὶ
2491 5485 2638 5541 ἔσται
2694 5487 2756 5542 τὸ
2816 5485 2975 5557 ξύλον
3023 5488 3086 5544 τὸ
3143 5491 3546 5568 πεφυτευμένον
3592 5496 3738 5570 παρὰ
3764 5491 3858 5551 τὰς

2208 5571 2479 5646 διεξόδους
2533 5579 2639 5630 τῶν
2699 5572 2928 5632 ὑδάτων.
2990 5600 3020 5628 ››
3073 5610 3142 5620 -
3192 5581 3297 5637 Καὶ
3356 5579 3505 5637 ἔσται
3546 5584 3855 5640 ὁτοιοῦτος

2207 5663 2284 5726 ὡς
2315 5660 2531 5741 δένδρον
2588 5662 2669 5718 ἀεὶ
2726 5664 3107 5740 ποτιζόμενον,
3166 5664 3257 5723 διὰ
3309 5669 3375 5725 τὸ
3435 5671 3858 5749 εἶναιπεφυτευ-

2210 5752 2366 5827 μένον
2427 5750 2546 5808 ἔνθα
2586 5753 2654 5806 16
2712 5751 2877 5808 ὕδατα
2935 5751 3332 5832 διεξάρχονται.
3393 5762 3587 5826 Καθὼς
3641 5760 3741 5836 γὰρ
3788 5756 3854 5812 τὰ
