3988 6416
138 458 306 529 1329

1365 469 1776 532 EXPOSlTlO
1820 469 1900 561 IN
1947 471 2301 534 PSALMOS
2314 512 2333 532 .

136 593 317 651 ὕδατα
346 595 426 668 τῷ
455 593 693 667 πλησίον
746 595 921 652 αὐτῶν
954 594 1161 675 δένδρῳ
1192 595 1414 670 διηνεκῆ
1444 600 1542 668 τήν
1576 595 1787 675 ἀρδείαν
1818 601 1876 669 Α
1902 599 2036 655 κατὰ
2089 601 2215 656 Θεὸν
2277 602 2539 671 ζήσαντας
2600 596 2824 672 ὀνόματι
2906 601 3072 671 κοινῷ
3152 596 3391 663 δικαίους
3433 597 3546 658 οἶδε

135 685 469 761 παρέχουσι·
524 685 927 761 παραπλησίως
983 687 1072 741 καὶ
1136 688 1203 742 τὰ
1284 689 1401 744 θεῖα
1483 685 1788 763 διδάγματα
1893 686 2138 759 καλεῖνὴ
2173 688 2287 754 θεία
2338 689 2546 766 Γραφὴ,
2578 688 2718 743 κατά
2760 688 2862 756 τὴν
2907 685 3146 743 καθόλου
3195 685 3542 762 δικαιοσύνην

133 771 408 841 διηνεκῶς
438 774 771 851 ζωογονοῦσι
803 776 902 846 τὴν
935 774 1105 839 οὕτως
1162 776 1343 840 αὐτοῖς
1400 775 1782 851 ἐμμελετῶσαν

131 865 348 940 ψυχήν·

210 977 241 1006 ‹‹
271 954 335 1007 Ὃ
363 954 454 1008 τὸν
487 953 692 1030 καρπὸν
742 953 907 1009 αὐτοῦ
938 951 1098 1009 δώσει
1132 954 1183 1009 ἐν
1226 958 1400 1031 καιρῷ
1470 953 1637 1009 αὐτοῦ
1692 954 1782 1008 καὶ

128 1041 196 1097 τὸ
254 1040 465 1121 φύλλον
532 1043 697 1097 αὑτοῦ
775 1042 874 1098 οὐκ
930 1042 1349 1119 ἀποῤῥυήσεται.
1402 1066 1430 1095 ››
1485 1076 1555 1084 —
1607 1042 1779 1105 Οὗτος

128 1129 223 1185 καὶ
281 1131 408 1194 τοὺς
483 1130 648 1187 αὐτοῦ
728 1130 988 1204 καρποὺς,
1066 1128 1323 1202 δηλονότι
1398 1132 1495 1194 τὰς
1562 1130 1777 1207 ἀρετὰς,

129 1219 373 1298 ἀκαίρως
425 1217 587 1275 δώσει
640 1221 729 1275 καὶ
754 1218 978 1285 θάλλων
1012 1216 1157 1276 ἔσται
1190 1217 1494 1283 διαπαντός.
1525 1223 1780 1282 Τοιοῦτος
1884 1221 2267 1293 ἀναστήσονται
2336 1217 2545 1284 ἀσεϐεῖς
2615 1219 2740 1277 οὐδὲ
2818 1221 3144 1297 ἁμαρτωλοὶ
3218 1221 3270 1279 ἐν

129 1308 238 1385 γάρ
298 1310 326 1364 6
382 1307 674 1372 σπουδαῖος
729 1310 826 1363 κάν
890 1314 1008 1372 τοῖς
1072 1309 1341 1385 ἀλγεινοῖς
1403 1308 1611 1385 χαίρων
1685 1308 1776 1364 καὶ

130 1392 536 1475 ἀγαλλόμενος,
586 1397 670 1454 ὅτι
721 1403 829 1453 τῶν
896 1397 1153 1475 ἀλγεινῶν
1217 1399 1635 1475 καθυπερτερεῖ;
1685 1398 1773 1453 καὶ

128 1489 234 1564 γὰρ
282 1486 381 1542 ούκ
430 1484 570 1542 ἔστιν
621 1484 773 1542 οὐδὲν
824 1486 1222 1563 ἐρασμιώτερον
1293 1487 1447 1565 φύσει
1501 1490 1598 1541 τοῦ
1657 1487 1773 1542 κατ’

127 1575 328 1650 ἀρετὴν
364 1575 484 1652 βίου
510 1575 603 1631 καὶ
651 1571 821 1639 ὅντως
870 1573 1154 1652 ¹ἧδύτερον.
1187 1571 1416 1652 Εἴρηται
1476 1573 1533 1630 δὲ
1587 1574 1770 1639 καλῶς

125 1665 220 1720 καὶ
264 1665 350 1733 τὸ,
384 1688 413 1717 ››
443 1663 495 1720 ἐν
542 1663 716 1741 καιρῷ
762 1665 948 1738 αὐτοῦ,
981 1689 1011 1718 ››
1057 1662 1195 1719 διότι
1240 1664 1376 1719 κατὰ
1412 1663 1502 1719 τὸν
1561 1666 1770 1740 προσή-

124 1774 292 1809 κοντα
328 1754 540 1829 καιρὸν,
571 1751 700 1810 ἀλλ’
746 1753 845 1809 οὐκ
891 1752 1102 1828 ἀθρόως
1149 1772 1232 1816 τις
1287 1753 1616 1829 κατορθώσει
1671 1754 1770 1816 τὰς

122 1842 338 1918 ἀρετάς.
382 1843 500 1918 Χρή
549 1844 674 1919 γὰρ,
720 1844 834 1920 χρὴ
891 1843 1302 1920 προηγήσασθαι
1368 1839 1619 1904 πολλοὺς
1685 1840 1769 1897 ὅτι

116 1929 397 2004 καμάτους
426 1931 518 1985 καὶ
544 1929 744 1993 πόνους
783 1938 885 2001 τῆς
924 1930 1326 2008 τελεσιουργίας
1372 1934 1479 1986 τῶν
1539 1930 1762 2007 ἀρετῶν.

116 2017 345 2075 Φύλλον
378 2015 437 2075 δέ
462 2040 605 2083 τινες
658 2021 759 2089 τὴν
805 2019 1303 2098 ταπεινοφροσύνην
1353 2019 1658 2093 ὠνόμασαν,
1691 2020 1765 2083 ὡς

113 2109 480 2178 σκεπαπικὴν
525 2109 617 2164 καὶ
679 2110 1079 2185 συντηρητικήν
1134 2112 1241 2163 τῶν
1319 2110 1563 2180 καρπῶν.
1615 2109 1765 2171 Τινὲς

117 2194 179 2252 δὲ
223 2197 323 2266 τήν
371 2193 571 2252 ἐλπίδα
614 2203 718 2266 τῆς
764 2196 1036 2274 σωτηρίας
1093 2197 1168 2259 ὡς
1225 2195 1622 2252 ἐπιθάλπουσαν
1675 2196 1766 2251 καὶ

115 2290 226 2341 τῶν
296 2286 529 2361 ἀνιαρῶν
603 2285 1002 2364 ὑφαιρουμένην
1067 2287 1166 2355 τὴν
1229 2282 1495 2356 αἷϐθησιν.
1540 2286 1767 2356 Μήποτε

121 2371 168 2429 δ’
201 2370 261 2429 ἄν
312 2372 396 2444 εἷή
452 2373 684 2448 μάλιστα
729 2373 937 2454 φύλλον
970 2374 1131 2449 ᾦτὸν
1175 2373 1380 2431 δίκαιον
1424 2372 1661 2430 ἐνέδυσεν
1707 2374 1767 2430 ἐκ

121 2467 381 2539 περισσοῦ
426 2462 515 2518 καὶ
570 2463 969 2538 κατεκόσμησεν
997 2464 1027 2518 6
1058 2463 1190 2526 Θεὸς
1245 2466 1282 2535 ἡ
1343 2462 1396 2517 ἐν
1447 2467 1525 2536 τῷ
1570 2462 1763 2537 κόσμῳ

119 2552 302 2627 τούτῳ
351 2550 477 2624 δόξα
521 2573 581 2608 τε
623 2552 713 2608 καὶ
773 2555 932 2628 τιμή·
983 2552 1073 2608 καὶ
1125 2552 1337 2627 μᾶλλον
1376 2555 1412 2622 ἡ
1445 2553 1570 2627 παρ’
1627 2551 1764 2608 ἐκεί-

121 2663 254 2716 νων,
286 2641 339 2697 ἐν
372 2641 451 2704 οἷς
481 2641 580 2698 οὐκ
626 2638 737 2697 ἔστι
782 2639 1101 2721 διαστροφή.
1135 2666 1165 2695 ‹‹
1198 2641 1356 2697 Γένεα
1402 2642 1528 2718 γὰρ,
1577 2641 1762 2718 φησὶν,

123 2731 320 2796 εὐθέως
379 2729 829 2805 εύλογηθήσεται.
863 2731 1077 2802 »Πλὴν
1128 2729 1254 2788 ἀλλ’
1301 2731 1348 2786 εἷ
1393 2732 1485 2786 καὶ
1539 2731 1607 2787 τὰ
1659 2736 1761 2800 τῆς

126 2818 410 2896 βασκανίας
455 2820 733 2895 πνεύματα
782 2819 955 2877 πάντα
1019 2820 1379 2897 συῤῥεύσειαν,
1431 2817 1544 2875 οὐδ’
1589 2819 1761 2880 οὕτως

113 2909 180 2966 τὸ
216 2914 318 2965 τοῦ
351 2909 606 2965 τοιούτου
654 2907 876 2985 δένδρου
924 2907 1133 2989 φύλλον
1191 2909 1611 2987 ἀπορῥυήσεται·
1671 2906 1762 2963 καί

111 2999 217 3075 γὰρ
246 2995 475 3054 αίδεῖται
502 3000 602 3069 τὴν
636 3000 830 3076 ἀρετὴν
877 3000 967 3055 καὶ
1018 2998 1309 3073 πολέμιος,
1341 3000 1429 3054 καὶ
1487 2997 1761 3060 πολλάκις

110 3087 206 3143 καὶ
261 3085 522 3162 πολεμῶν
581 3088 731 3152 ἐντὸς
782 3089 873 3144 καὶ
932 3090 1067 3144 κατᾶ
1120 3085 1425 3159 συνείδησιν
1499 3088 1757 3161 θαυμάζει

112 3177 207 3231 τὸν
253 3174 596 3253 ἀρεταίνοντα
642 3180 732 3232 καί
779 3178 876 3247 τὴν
948 3177 1115 3233 αὐτοῦ
1181 3176 1462 3253 καρτερίαν
1518 3173 1756 3246 ἐκπλήτ-

115 3284 282 3322 τεται.
329 3264 571 3339 Τοιούτῳ
614 3263 811 3341 φύλλῳ
864 3265 1161 3335 κατεικάζει
1212 3265 1341 3328 Θεὸς
1396 3263 1524 3327 τοὺς
1579 3262 1758 3341 ἔργοις

1889 778 1989 847 τὴν
2047 778 2226 848 πάσης
2282 779 2479 854 ἀρετῆς
2537 775 2963 853 περιληπτικήν*
2998 774 3381 854 δικαιοπραγεῖ
3434 781 3538 855 γὰρ

1891 862 1967 928 εἵς
2022 888 2082 921 τε
2125 868 2227 937 τὴν
2271 866 2424 945 φύσιν
2474 864 2565 921 καῖ
2609 865 2701 921 τὸν
2752 872 2851 935 τῆς
2899 865 3111 943 φύσεως
3143 863 3475 944 δημιουργὸν
3509 870 3537 924 6

1890 957 2148 1033 φρονήσει
2203 955 2293 1010 καὶ
2351 952 2568 1030 ἀνδρείᾳ
2623 956 2712 1009 καὶ
2770 954 3091 1033 σωφροσύνῃ
3126 954 3217 1010 καὶ
3272 960 3342 1031 τῇ
3398 959 3538 1034 πρὸς

1888 1042 2087 1107 πάντας
2135 1042 2446 1119 δικαιοσύνῃ
2509 1042 2909 1117 κοσμούμενος.
2975 1045 3052 1099 Τά
3099 1041 3158 1099 δὲ
3210 1045 3307 1100 τοῦ
3365 1045 3535 1122 ῥητοῦ

1888 1133 2203 1188 συντακτέον
2275 1128 2609 1210 ὑπερϐατῶς.
2669 1134 2768 1188 Διὰ
2846 1136 3009 1188 τοῦτο
3068 1131 3119 1188 ἐν
3187 1132 3358 1210 κρίσει
3437 1134 3537 1191 οὐκ

3357 1223 3532 1299 βουλῇ

1885 1308 2127 1383 δικαίων,
2181 1308 2353 1388 ⁴ἤγουν
2402 1311 2537 1365 κατά
2589 1311 2681 1365 τὸν
2758 1317 2856 1381 τῆς
2921 1309 3232 1374 τελευταίας
3302 1312 3533 1387 κρίσεως

1881 1405 1981 1470 τῆς
2034 1399 2377 1476 παγκοσμίου
2433 1399 2618 1473 καιρὸν
2679 1399 2777 1454 ούκ
2858 1398 3250 1471 ἀναστήσονται
3306 1400 3359 1456 οἱ
3416 1401 3534 1457 ἀσε-

1882 1483 2016 1559 ϐεῖς,
2050 1486 2173 1545 οὔτε
2204 1489 2312 1562 μὴν
2355 1489 2408 1543 οἱ
2436 1486 2758 1565 ἀμαρτωλοὶ
2792 1487 2880 1543 ἐπὶ
2909 1491 2990 1561 τῷ
3021 1493 3254 1544 συνεῖναι
3307 1492 3374 1564 τῇ
3420 1494 3529 1545 τῶν

1882 1575 2102 1634 δικαίων
2187 1581 2494 1655 συναγωγῇ,
2580 1576 2819 1655 καθάπερ
2894 1581 2985 1632 νῦν
3061 1577 3113 1633 ἐν
3185 1581 3265 1651 τῷ
3337 1578 3531 1653 κόσμῷ

1875 1665 2056 1740 τούτῳ
2114 1665 2420 1741 σύμπαντές
2479 1666 2610 1722 εἰσιν
2685 1665 2901 1740 ἀναμίξ.
2963 1664 3123 1723 Ἀλλ’
3175 1667 3203 1721 ὁ
3265 1669 3359 1741 μὲν
3416 1672 3526 1724 τῶν

1879 1752 2099 1811 δικαίων
2130 1757 2376 1833 χορηγὸς
2408 1755 2462 1811 ἐν
2493 1756 2778 1831 προσώπῳ
2809 1759 2942 1811 Θεοῦ
2982 1756 3078 1818 τὰς
3129 1756 3525 1835 ἀνεκφράστους

1874 1844 1965 1898 καὶ
1993 1843 2324 1920 ἀπεράντους
2367 1841 2696 1908 ἀπολαύσεις
2749 1843 3117 1920 κληρώσεταισ
3149 1848 3256 1900 τῶν
3317 1840 3526 1903 ἀσεϐῶν

1876 1929 1933 1986 δὲ
1974 1933 2064 1988 καὶ
2105 1936 2213 1988 τῶν
2263 1932 2604 2011 ἁμαρτωλῶν
2637 1933 2666 1988 6
2697 1930 2914 2005 σύμπας
2958 1928 3134 2008 ὄχλος
3184 1932 3245 1988 ἐκ
3298 1936 3520 2011 προσώ-

1872 2043 1978 2077 που
2037 2026 2169 2078 Θεοῦ
2224 2023 2361 2099 πρὸς
2415 2027 2512 2085 τὰς
2566 2021 2920 2084 ἀνυποίστους
3006 2022 3098 2076 καὶ
3182 2019 3520 2102 ἀλωφήτους

1878 2106 2069 2172 ὀδύνας
2103 2111 2609 2188 ἀποπεμφθήσεται.

1950 2223 1971 2251 ιι
2003 2201 2122 2254 ’Ότι
2186 2200 2437 2275 γινώσκει
2511 2198 2707 2275 Κύριος
2764 2195 2887 2253 ὁδὸν
2949 2196 3195 2258 δικαίων.
3247 2223 3278 2252 ››
3324 2234 3394 2244 —-
3448 2200 3524 2257 Τὰ

1872 2285 2045 2342 πάντα
2104 2288 2197 2361 μὲν
2256 2287 2346 2342 καὶ
2400 2287 2469 2343 τά
2531 2289 2700 2361 μήπω
2729 2286 2990 2363 γεγονότα
3016 2289 3271 2364 γινώσκει
3299 2287 3518 2367 Κύριος·

1874 2374 2000 2431 ἀλλ’
2030 2376 2142 2451 ἐρεῖ
2177 2398 2338 2431 τισιν·
2375 2376 2485 2431 Ούκ
2514 2375 2634 2431 οἶδα
2674 2377 2835 2450 ὑμᾶς,
2887 2377 2964 2439 ὡς
3010 2374 3156 2453 ἔχων
3204 2377 3279 2441 εἷς
3326 2376 3520 2442 αὐτοὺς

1872 2463 2177 2535 ἀνοικείως,
2263 2463 2353 2520 διὰ
2432 2466 2528 2527 τὰς
2598 2465 2818 2542 πράξεις
2892 2464 3091 2521 αὐτῶνθ
3158 2466 3249 2521 καὶ
3330 2467 3518 2523 πάλιν

1872 2555 2053 2629 Ἔγνω
2110 2553 2307 2632 Κύριος
2359 2553 2486 2617 τοὺς
2543 2548 2700 2616 ὄντας
2760 2553 2945 2610 αὐτοῦ·
3005 2556 3206 2630 γνώσει
3277 2559 3346 2631 τῇ
3403 2558 3519 2612 κατ’

1873 2642 2165 2699 οἶκείωσιν.
2223 2643 2378 2698 Οὕτω
2461 2643 2551 2698 καὶ
2629 2646 2793 2717 ἡμεῖς
2878 2643 3118 2709 ἐκείνους
3200 2646 3337 2722 πρὸς
3423 2645 3517 2709 οὓς

1871 2732 2086 2795 οἰκείως
2144 2730 2347 2809 ἔχομεν
2404 2731 2678 2806 καλοῦμεν
2736 2732 3037 2808 γνωστούςο
3063 2733 3288 2805 τοιαύτη
3319 2735 3516 2811 γνώσει

1868 2822 2123 2896 γινώσκει
2180 2821 2376 2898 Κύριος
2438 2822 2538 2892 τὴν
2592 2825 2699 2877 τῶν
2778 2818 2999 2877 δικαίων
3080 2820 3380 2900 διαγωγὴν,
3439 2825 3515 2888 ὡς

1868 2908 2037 2988 πεφιλ
2045 2910 2209 2984 μένην
2243 2909 2410 2983 αύτῷ.

1940 2988 1969 3051 έ‹
2002 2998 2101 3054 Καὶ
2132 2996 2257 3063 ὁδὸς
2286 2994 2491 3054 ἀσεϐῶν
2540 2997 2853 3058 ἀπολεῖται.
2897 3021 2927 3052 ››
2959 3032 3025 3043 -
3066 3003 3183 3056 Τῶν
3231 2999 3332 3078 γὰρ
3381 3001 3512 3081 φαύ-

1870 3086 1981 3144 λων
2016 3089 2313 3165 ἀνθρώπων
2344 3091 2380 3159 ἡ
2412 3088 2651 3164 πονηρία
2696 3090 2815 3144 καθ’
2859 3090 2919 3159 ἣν
2953 3086 3141 3166 διῆγον
3200 3089 3505 3167 οἰχήσεται⁶

1864 3180 1971 3232 τῶν
2044 3174 2102 3232 δὲ
2184 3175 2405 3233 δικαίων
2461 3180 2497 3247 ἡ
2557 3178 2719 3255 ἀρετὴ
2793 3178 2913 3242 καθ’
2984 3180 3047 3249 ἣν
3129 3176 3508 3237 ἐπολιτεύοντο

1867 3267 2136 3342 θησαυρὸς
2190 3266 2375 3329 αὐτοῖς
2407 3264 2553 3322 ἔσται
2586 3266 2818 3341 μόνιμος
2844 3268 2935 3322 καὶ
2989 3266 3289 3344 ἀνώλεθρος
3323 3271 3512 3345 χάριτι

116 3372 181 3407 τε
224 3353 310 3408 καὶ
358 3351 550 3430 λόγοις
590 3358 866 3429 τιμῶντας
915 3354 1096 3424 αὐτὸν,
1154 3354 1245 3409 καὶ
1294 3351 1629 3427 δοξάζοντας,
1668 3353 1758 3408 καὶ
1789 3343 1831 3411 C
1867 3359 1964 3410 τοῦ
1993 3356 2192 3432 Κυρίου
2222 3356 2311 3412 καὶ
2342 3360 2475 3411 Θεοῦ
2499 3355 2588 3411 καὶ
2621 3362 2881 3432 Σωτῆρος
2912 3358 3092 3431 ἡμῶν,
3126 3358 3172 3430 ᾧ
3272 3343 3409 3430 δόξαν
3436 3359 3514 3422 εἴς

118 3438 376 3498 οὐδέποτε
427 3447 524 3498 τοῦ
580 3443 727 3521 παρά
780 3444 876 3507 τὰς
934 3441 1206 3515 διεξόδους
1242 3446 1350 3498 τῶν
1410 3441 1573 3497 αὐτοῦ
1628 3463 1758 3513 νοη-

124 3529 306 3605 μάτων
345 3530 713 3609 ἐρῥιζωμένου
744 3537 910 3613 φυτοῦ
950 3533 1013 3588 τὸ
1058 3537 1304 3588 τοιοῦτον
1361 3531 1761 3609 ἀπορῥυήσεται

117 3618 351 3699 φύλλον,
379 3618 505 3676 οὐδὲ
563 3622 697 3696 μετά
748 3623 847 3692 τήν
905 3621 1138 3678 ἐντεῦθεν
1200 3621 1364 3677 αὐτοῦ
1419 3621 1756 3695 μετάστασιν⁹

117 3709 197 3771 εἷς
231 3710 572 3783 μνημόσυνον
605 3711 709 3787 γὰρ
738 3710 957 3766 αἰώνιον
987 3708 1130 3766 ἔσται
1164 3709 1391 3773 δίκαιος.

191 3822 218 3851 ‹‹
250 3799 348 3854 Καὶ
398 3800 573 3855 πάντα
619 3799 718 3855 ὅσα
760 3800 819 3856 ἂν
868 3804 1002 3875 ποιῇ
1050 3797 1567 3869 κατευοδωθήσεται.
1622 3822 1649 3849 ››
1690 3832 1758 3841 —

114 3886 179 3941 Τί
222 3887 321 3965 γὰρ
363 3892 470 3943 τῶν
525 3889 601 3962 μή
649 3888 1037 3965 προσηκόντων
1089 3889 1117 3943 ὁ
1157 3891 1290 3944 Θεοῦ
1346 3885 1477 3950 ὅλος
1531 3894 1756 3957 ποιῆσαι

115 3973 333 4047 θελήσει
376 3977 509 4033 ποτέ
563 3977 737 4050 μένων
788 3976 922 4040 ὅλος
973 3981 1109 4033 Θεοῦ
1142 3995 1157 4047 ;
1196 3974 1280 4032 διὸ
1326 3977 1463 4032 κατά
1510 3975 1666 4040 πάνθ’
1696 3975 1761 4031 ὅσ

112 4063 177 4119 ἃν
207 4068 339 4139 ποιῇ
370 4063 887 4140 κατευοδωθήσεται,
918 4066 990 4142 τῇ
1018 4070 1115 4121 τοῦ
1145 4069 1279 4122 Θεοῦ
1322 4062 1467 4137 δεξιᾷ
1521 4065 1755 4141 βοηθού-

119 4152 275 4228 μενός
301 4175 359 4209 τε
385 4155 476 4210 καὶ
505 4154 950 4232 συνεργούμενος.

191 4242 367 4319 «Οὐχ
422 4242 595 4307 οὕτως
649 4244 702 4300 οἱ
748 4239 980 4317 ἀσεϐεῖς,
1029 4243 1136 4320 οὐχ
1185 4242 1379 4306 οὕτως.
1425 4267 1455 4295 ››
1503 4276 1573 4286 -
1620 4241 1758 4300 Οὔτε

111 4334 647 4411 καρποφορήσουσιν,
707 4329 835 4388 οὔτε
895 4333 958 4388 τὸ
1022 4332 1231 4411 φύλλον
1299 4329 1505 4403 ἕξουσιν
1557 4331 1753 4387 ἀναπό-

114 4417 342 4490 ϐλητον,
384 4417 497 4476 οὔθ’
546 4421 649 4476 ὑπὸ
696 4425 831 4477 Θεοῦ
873 4418 1431 4491 κατευοδωθήσονται.
1472 4422 1596 4482 Πῶς
1653 4419 1754 4496 γὰρ

114 4504 322 4572 ἀσεϐεῖς
381 4506 428 4564 δ’
481 4507 704 4565 ἐνταῦθα
755 4514 950 4574 κοινῶς
1005 4510 1057 4564 οἱ
1111 4508 1502 4586 προειρημένοι
1560 4507 1755 4571 πάντες

117 4594 458 4670 ἐκλήθησαν;
510 4599 561 4653 οἱ
608 4599 711 4675 γὰρ
763 4597 953 4675 λόγοις
1006 4596 1543 4674 μὲνὸμολογοῦντες
1601 4597 1750 4663 Θεὸν,

1867 3442 1994 3506 τοὺς
2027 3442 2224 3507 αἰῶνας
2250 3448 2356 3499 τῶν
2388 3444 2607 3501 αἰώνον.
2636 3445 2841 3517 Ἃμήν.

2070 3594 2073 3597 λ
2484 3536 2777 3590 ΨΑΛΜΟΣ
2817 3539 2889 3590 B'.

1935 3627 1991 3676 '0
2038 3619 2286 3698 δεύτερος
2350 3620 2573 3696 ψαλμὸς
2635 3622 2734 3690 τὴν
2782 3625 2890 3677 τῶν
2936 3620 3213 3678 Ἰουδαίων
3281 3644 3516 3701 προαγο-

1867 3709 2009 3786 ρεύει
2055 3710 2244 3785 μανίαν
2295 3712 2355 3780 ἣν
2404 3710 2539 3766 κατά
2586 3715 2683 3765 τοῦ
2750 3718 3010 3788 Σωτῆρος
3072 3711 3365 3787 ἐμάνησαν,
3422 3715 3514 3768 καὶ

1864 3803 1964 3870 τήν
2019 3808 2118 3870 τῆς
2162 3803 2397 3873 νομικῆς
2445 3799 2744 3875 ἡγεμονίας
2810 3799 3021 3856 τελείαν
3076 3800 3367 3857 κατάλυσιν
3421 3802 3514 3858 καὶ

1863 3890 1963 3958 τήν
1995 3889 2169 3944 αὐτῶν
2202 3886 2494 3960 καταδίκην
2536 3888 2587 3944 ἐν
2617 3894 2793 3964 καιρῷ
2850 3894 2929 3962 τῷ
2986 3897 3084 3960 τῆς
3137 3891 3367 3966 κρίσεως
3413 3892 3513 3961 τὴν

1865 3977 1917 4032 ἐν
1974 3976 2208 4050 Ἰουδαίᾳ
2266 3975 2615 4034 διδασκαλίαν
2690 3982 2946 4054 Χριστοῦ,
2998 3981 3096 4049 τὴν
3183 3981 3511 4055 προαιώνιον

1865 4062 2111 4143 γέννησιν
2158 4066 2342 4137 αὐτοῦ,
2389 4067 2481 4122 καὶ
2529 4064 2682 4132 αὖθις
2731 4068 2830 4137 τὴν
2886 4065 2939 4123 ἐν
2987 4066 3373 4144 ἀνθρώποισιν,
3415 4069 3514 4139 τὴν

1861 4160 1969 4211 τῶν
2004 4155 2167 4211 ἐθνῶν
2209 4156 2502 4227 οἷκείωσιν,
2530 4155 2621 4212 καὶ
2666 4157 2766 4226 τὴν
2816 4156 2982 4212 αὐτοῦ
3029 4165 3302 4232 θεοπρεπῆ
3356 4159 3515 4233 βασι-

1865 4243 2011 4301 λείαν
2046 4245 2123 4307 εἷς
2152 4247 2322 4301 πάντα
2347 4247 2439 4301 τὸν
2470 4244 2676 4320 κόσμον
2721 4246 2812 4301 καὶ
2858 4247 2995 4301 κατά
3037 4245 3102 4301 τὸ
3150 4245 3508 4321 ἀνθρώπινον*

1860 4333 1956 4395 τὰς
2012 4337 2120 4388 τῶν
2173 4331 2449 4389 Ἰουδαίων
2501 4333 2782 4412 συμφορὰς
2837 4333 2928 4388 καὶ
2978 4335 3076 4403 τήν
3135 4331 3509 4409 πανωλεθρίαν

1862 4421 2058 4479 αὐτῶν.
2118 4422 2250 4478 Εἶτα
2323 4420 2559 4479 διδάσκει
2625 4424 2693 4478 τὰ
2752 4420 2903 4492 ἔθνη’
2971 4421 3208 4478 πιστεύει
3267 4421 3372 4499 γὰρ
3432 4422 3508 4485 εἰς

1863 4509 2062 4587 Κύριον
2142 4512 2233 4567 γαὶ
2314 4510 2410 4574 τὰς
2485 4511 2650 4567 αὐτοῦ
2724 4516 2883 4587 τηρεῖ
2956 4509 3201 4580 ἐντολὰς,
3256 4511 3348 4566 καὶ
3430 4512 3507 4584 μὴ

1867 4599 2044 4676 βιοῦσι
2099 4597 2285 4663 καλῶς
2333 4596 2549 4655 ἀπειλεῖ
2602 4599 2824 4656 κόλασιν
2894 4600 2945 4655 ἐν
3004 4597 3187 4675 ἡμέρᾳ
3258 4598 3510 4674 ἐτάσεως,

119 4683 293 4763 ἔργοις
323 4684 380 4779 δ’Δ
398 4686 718 4779 ἀρνούμενοι
746 4691 826 4760 τῷ
971 4688 1052 4779 Δτδι
1099 4686 1233 4764 φίλα
1276 4686 1525 4764 πράττειν
1585 4685 1752 4760 αὐτῷ,
1783 4711 1832 4779 D
1860 4686 1949 4742 καί
1998 4687 2157 4750 τέλος
2216 4688 2495 4779 μακαρίζει
2550 4687 2677 4751 τοὺς
2754 4687 3072 4758 ἐλπίζοντας
3139 4686 3228 4743 ἐπὶ
3290 4687 3509 4765 Κύριον.

114 4780 231 4839 πῶς
257 4775 459 4853 κυρίως
490 4774 720 4852 λέγοιντ’
748 4776 807 4831 ἂν
840 4770 1075 4838 εὐσεϐεῖς
1101 4796 1114 4844 ;

187 4863 396 4923 «Ἀλλ’
443 4866 479 4935 ἢ
528 4865 656 4920 ὡσεὶ
705 4869 871 4941 χνοῦς
920 4866 977 4920 ’ὸν
1026 4864 1263 4940 ἐκρίπτει
1313 4866 1341 4920 ὁ
1393 4863 1589 4941 ἄνεμος
1649 4865 1754 4920 ἀπὸ

114 4955 406 5030 προσώπου
463 4962 563 5025 τῆς
620 4962 745 5031 γῆς,
806 4979 835 5007 ››
893 4986 963 4997 -
1019 4952 1177 5010 Ἀλλ’
1233 4950 1443 5011 ἔσονται
1514 4955 1752 5030 καθάπερ

112 5045 386 5123 κονιορτὸς
434 5044 491 5099 ὃν
536 5043 774 5121 ἐκρίπτει
825 5045 854 5100 6
898 5043 1095 5118 ἄνεμος
1146 5043 1251 5099 ἀπὸ
1295 5047 1393 5114 τῆς
1444 5043 1753 5122 ἐπιφανείας

109 5140 208 5203 τῆς
254 5141 355 5209 γῆς
412 5132 502 5188 καὶ
551 5130 1003 5191 διασκεδάννυσιν.
1062 5132 1244 5196 Οὕτως
1284 5133 1752 5212 ἀποτεφρωθέντες

109 5222 575 5299 ἀφανισθήσονται·
628 5223 717 5278 καὶ
765 5221 1051 5278 ἀπολεῖται
1107 5221 1279 5278 αὐτῶν
1329 5221 1419 5277 καὶ
1471 5223 1535 5278 τὸ
1591 5218 1749 5299 ἔργον

113 5309 165 5367 έν
218 5315 287 5386 τῇ
343 5311 546 5389 γεέννῃ,
578 5312 770 5367 καὶτὸ
827 5311 1193 5387 μνημόσυνον’
1248 5310 1400 5367 αὐτοὶ
1460 5309 1518 5367 δὲ
1573 5312 1751 5382 σωθή-

111 5421 291 5455 σονται
339 5401 429 5456 καὶ
481 5403 968 5478 σωτηρηθήσονται
999 5403 1098 5475 (1),
1128 5400 1310 5465 καθώς
1357 5422 1519 5480 φησιν
1552 5401 1580 5455 ὁ
1609 5402 1750 5463 θεῖος

112 5488 445 5553 ’Δπόστολος
478 5490 552 5553 εἷς
584 5491 645 5545 τὸ
676 5487 765 5545 διὰ
792 5491 961 5565 πυρὸς
1012 5489 1248 5552 αἰωνίως
1276 5488 1618 5560 κολάζεσθαι.

188 5603 209 5630 ιι
244 5579 342 5634 Διά
398 5584 559 5634 τοῦτο
618 5578 717 5634 οὐκ
773 5579 1156 5649 ἀναστήσονται
1205 5573 1418 5641 ἀσεϐεῖς
1449 5577 1501 5634 ἐν
1555 5577 1747 5653 κρίσει,

113 5666 237 5723 οὐδὲ
264 5665 585 5744 ἁμαρτωλοὶ
617 5665 667 5722 ἐν
706 5666 885 5743 βουλῇ
918 5664 1163 5724 δικαίων.
1197 5690 1227 5720 »
1260 5701 1327 5711 —
1371 5669 1578 5729 Πάντας
1622 5665 1749 5729 τοὺς

183 5794 260 5868 (1)
286 5795 442 5853 Fort.
456 5796 589 5849 σῶοι
613 5789 843 5866 ἔσονται,
856 5795 1081 5864 servati,
1095 5797 1366 5851 reservati
1387 5796 1506 5867 igni
1522 5803 1746 5853 aeterno.

1866 4778 1969 4841 ⁸Ως¹
1997 4776 2257 4855 γεγονότα
2286 4775 2344 4833 δὲ
2386 4775 2656 4853 διηγεῖται
2705 4778 2773 4832 τὰ
2817 4776 3172 4853 γενησόμεναι
3223 4776 3357 4833 ποτὶ
3411 4778 3507 4851 μὲν

1865 4868 1969 4942 γὰρ
2037 4866 2114 4930 ὡς
2179 4865 2403 4940 ἐσόμενα
2455 4870 2934 4945 προαναφωνοῦσιν
2996 4866 3047 4920 οἱ
3111 4872 3388 4944 προφῆται
3441 4867 3508 4923 τὰ

1868 4953 2142 5029 μέλλοντα
2187 4960 2285 5011 τοῦ
2349 4955 2506 5032 ἁγίου
2566 4955 2881 5029 Πνεύματος
2928 4955 3336 5033 ὑφηγουμένου,
3374 4957 3510 5013 ποτὲ

1865 5042 1922 5099 δὲ
1967 5048 2175 5119 νοεροῖς
2234 5039 2476 5117 ὄμμασιν
2534 5044 2609 5107 ὡς
2647 5041 3003 5116 τετελεσμένα
3056 5042 3509 5109 κατοπτεύσαντες

1860 5135 2028 5188 ταῦτα
2072 5136 2168 5187 τοῦ
2223 5132 2389 5188 αὐτοῦ
2434 5132 2579 5187 θείου
2648 5131 2957 5206 Πνεύματος
3022 5130 3507 5212 διαζωγραφήσαν-

1858 5242 1977 5289 τος,
2008 5220 2151 5276 οὕτω
2183 5222 2399 5298 λέγουσι
2429 5223 2604 5284 καθὼς
2636 5220 2951 5298 ἑωράκασιν.

1935 5334 1963 5363 ‹‹
1995 5313 2111 5368 Ἵνα
2163 5311 2216 5366 τί
2267 5310 2525 5390 ἐφρύαξαν
2584 5309 2706 5382 ἔθνη
2764 5310 2854 5366 καὶ
2905 5308 3069 5381 λαοί;
3116 5335 3147 5364 ››
3203 5344 3274 5355 -
3328 5311 3504 5390 Βαρύ-

1858 5416 2023 5470 τητος
2056 5401 2085 5455 6
2115 5397 2278 5477 λόγος
2313 5400 2506 5474 μεστὸς
2536 5397 2928 5477 σχετλιασμοῦ.
2963 5401 3059 5455 Διά
3084 5400 3139 5456 τί
3190 5399 3293 5477 γὰρ
3334 5400 3508 5464 οὕτως

1860 5488 2074 5566 ἀλόγως
2131 5483 2484 5564 ἐθορύϐησαν,
2544 5488 2728 5567 φησὶν,
2778 5486 3015 5545 Ιουδαῖοι
3068 5489 3161 5545 σὺν
3217 5487 3508 5562 ἀλαζονείᾳ

1859 5579 1948 5633 καὶ
1980 5580 2164 5655 θράσει
2191 5576 2393 5654 Κυρίου
2442 5583 2713 5655 Χριστοῦ;
2745 5583 2906 5635 τοῦτο
2953 5581 3055 5656 γὰρ
3111 5581 3173 5635 τὸ
3225 5578 3501 5658 ἐφρύαξαν.

1860 5665 1953 5721 Διό
2000 5689 2053 5721 τι
2111 5665 2380 5741 ώμμάτου
2426 5666 2689 5746 τυφλοὺς,
2720 5668 2963 5742 ἀνώρθου
3016 5666 3278 5745 χωλούς;
3309 5668 3502 5740 ἠρτίου

3394 473 3550 533 1330
3626 532 3631 537 η
