3988 6358
397 373 551 435 1331
1660 369 2082 434 NICEPHOBI
2126 368 2565 434 BLEMMIDIE
3682 379 3853 439 i332

396 500 640 567 κυλλούς
741 500 987 578 ἐκάθαιρε
1099 499 1358 578 λεπροὺς,
1447 500 1765 579 συνέσφιγγε
1856 520 2047 577 παρει-
2077 500 2561 577 Απροπάγματι.
2594 505 2697 563 Καὶ
2746 509 2866 569 πῶς
2915 504 2980 561 o6
3030 508 3302 584 θεομάχοι
3332 505 3655 585 προδήλως
3690 508 3848 579 ὲστέ;

402 590 637 667 μένους;
669 589 909 653 ἀλάλους
965 588 1054 646 καὶ
1118 589 1336 669 κωφοὺς
1383 589 1687 668 ἐθεράπευε,
1718 596 1823 646 πᾶν
1876 592 2046 653 πάθος
2159 586 2323 652 πόθεν
2376 596 2480 660 τῆς
2554 590 3015 667 παραδοξοποιίας
3071 596 3108 664 ἡ
3158 591 3432 668 δύναμις;
3482 594 3598 650 οὐκ
3665 594 3849 651 οἷ’δασι

400 679 590 743 ἁπλῶς
627 680 718 735 καὶ
746 685 917 735 πᾶσαν
947 678 1104 734 νόσον
1136 678 1196 733 ἐκ
1239 683 1348 734 τῶν
1394 679 1542 752 αὐτῷ
1586 678 2049 757 προσερχομένων
2160 674 2353 743 ταύτην
2425 676 2484 732 ἐκ
2533 683 2632 734 τοῦ
2708 684 2842 735 Θεοῦ
2910 679 3216 754 σύμπαντες
3284 680 3614 758 ἄνθρωποι;
3672 687 3847 754 Κοινὴ

401 768 733 843 ἀπήλαυνεν,
791 769 829 839 ἢ
883 765 967 824 ὅτι
1013 767 1203 823 ἀνίστα
1249 768 1509 846 νεκρούς;
1556 769 1593 839 ἢ
1645 768 1726 825 ὅτι
1790 766 2051 841 δαίμονας
2165 761 2343 819 ἔννοια
2390 771 2575 839 τοῦτο,
2635 769 2727 823 καὶ
2783 769 2812 823 6
2870 769 3165 846 ἀντιλέγων
3221 768 3419 833 οὐδείς.
3479 773 3586 827 Διὸ
3655 773 3849 835 καλῶς

2165 850 2378 927 εἴρηκεν
2407 855 2436 908 ὁ
2484 859 2797 935 προφήτης,
2832 856 2914 913 ὅτι
2954 881 2983 913 σ
3029 863 3247 933 Πρῶτον
3295 860 3435 915 κατά
3473 864 3587 915 τοῦ
3637 860 3848 937 Κυρίου

2166 944 2498 1019 συνήχθητε,
2558 944 2616 999 ὃν
2692 946 2782 1000 καὶ
2868 946 3023 1002 αὐτοὶ
3090 946 3284 1025 Κύριον
3357 948 3700 1022 ὀνομάζετε,
3764 951 3850 1004 καὶ

2164 1029 2290 1085 τότε
2332 1033 2469 1087 κατά
2502 1038 2601 1088 τοῦ
2651 1040 2886 1110 Χριστοῦ
2935 1034 3121 1095 αὐτοῦ.
3155 1062 3178 1091 ι
3234 1040 3413 1094 Τοῦτο
3462 1036 3537 1107 δή
3590 1039 3663 1093 τὸ
3719 1042 3850 1095 κατᾶ

2166 1123 2263 1174 τοῦ
2311 1121 2517 1197 Κυρίου
2565 1122 2655 1177 καὶ
2702 1125 2838 1178 κατά
2900 1130 2997 1179 τοῦ
3067 1131 3299 1200 Χριστοῦ
3354 1125 3527 1181 αὐτοῦ
3599 1126 3850 1200 ληπτέον

2169 1206 2278 1262 ἀπδ
2359 1214 2546 1265 κοινοῦ
2614 1211 2705 1266 καὶ
2772 1212 3089 1268 συντακτέον
3154 1213 3300 1287 αύτῷ
3378 1215 3525 1270 κατά
3606 1238 3677 1292 γε
3755 1220 3847 1284 τὴν

2172 1294 2401 1367 ἔννοιαν,
2448 1299 2539 1353 καὶ
2598 1299 2660 1355 τὸ
2711 1299 2994 1378 ἐφρύαξαν,
3035 1302 3126 1356 καὶ
3192 1302 3255 1357 τὸ
3309 1302 3706 1380 παρέστησαν,
3766 1307 3848 1360 καὶ

2168 1385 2235 1442 τὸ
2290 1388 2658 1464 στνήχθησαν·
2709 1386 2785 1444 ἵν’
2947 1396 3063 1455 καθ’
3140 1386 3438 1468 ὑπερϐατὸν
3520 1392 3624 1448 καὶ
3700 1394 3847 1449 5'.ch-

2175 1472 2343 1538 δέτως
2396 1475 2433 1546 ἥ
2511 1475 2753 1548 σύνταξις
2829 1482 2936 1534 τῶν
3013 1478 3396 1553 ἐκτεθειμένων
3475 1480 3709 1557 ῥητῶν,
3768 1484 3849 1538 καὶ

494 1594 524 1625 α
555 1567 928 1646 Ἐμελέτησαν
983 1569 1126 1628 κενά,
1161 1592 1190 1621 υ
1220 1602 1292 1612 -
1345 1567 1558 1626 Matuta
1613 1569 1719 1646 γὰρ
1774 1570 1815 1639 ἡ
1862 1565 2064 1642 μελέτη
2172 1562 2402 1635 τοιαύτη
2443 1566 2579 1621 κατά
2620 1566 2684 1622 τὸ
2731 1568 2978 1643 συνεχές.
3028 1569 3145 1624 Ἵνα
3183 1568 3237 1624 τί
3283 1567 3412 1641 ἔθνη
3462 1571 3567 1625 καὶ
3620 1569 3760 1628 λαοὶ
3801 1574 3850 1627 οἱ

417 1659 509 1727 καὶ
540 1659 725 1734 σκέψις
760 1658 939 1715 αὐτῶν
977 1659 1068 1714 καὶ
1115 1655 1313 1734 βουλὴ.
1344 1658 1406 1713 τὸ
1433 1658 1524 1713 τὸν
1557 1656 1753 1735 Κύριον
1786 1655 1846 1712 ἐκ
1902 1657 2068 1730 μέσου
2180 1650 2424 1728 βασιλεῖς
2469 1656 2569 1724 τῆς
2617 1661 2725 1730 γῆς
2773 1655 2865 1711 καὶ
2920 1657 2974 1710 οἱ
3040 1652 3303 1734 ἄρχοντες
3363 1657 3676 1736 ἐφρύαξαν,
3727 1681 3850 1737 παρ-

419 1750 772 1821 ποιήσασθαι,
803 1748 896 1803 καὶ
940 1748 1041 1816 τὴν
1090 1747 1166 1809 εἰς
1216 1746 1375 1802 αὐτὸν
1423 1744 1600 1802 πίστιν
1657 1742 1928 1821 περιελεῖν
1981 1742 2072 1800 διά
2179 1739 2428 1813 ἔστησαν,
2460 1744 2810 1819 συνήχθησαν
2863 1743 2953 1800 ἐπὶ
2996 1745 3060 1800 τὸ
3106 1744 3260 1815 αύτὸ,
3308 1747 3449 1802 κατά
3494 1752 3611 1803 τοῦ
3655 1751 3852 1827 Κυρίου

419 1842 519 1895 τοῦ
576 1836 733 1893 αὐτὸν
792 1834 1024 1893 ἀνελεῖν⁶
1086 1838 1153 1909 ζῇ
1216 1836 1318 1912 γὰρ
1374 1835 1598 1898 ἀναστάς
1667 1836 1761 1890 καὶ
1834 1832 2070 1910 κυριεύει
2103 1829 2268 1916 ιικαὶ
2313 1831 2451 1885 κατά
2505 1836 2604 1886 τοῦ
2661 1837 2900 1909 Χριστοῦ
2972 1832 3158 1908 αὐτοῦ,
3209 1833 3325 1889 εἶτα
3376 1837 3445 1891 τὸ
3504 1835 3853 1916 ἐπιφώνημα

422 1932 520 1983 τοῦ
577 1926 777 1988 παντὸς
832 1926 907 1987 ὡς
966 1925 1115 1996 Θεὸς,
1146 1924 1238 1979 καὶ
1297 1925 1348 1979 οἱ
1404 1925 1745 1988 πιστεύοντες
1793 1922 1870 1987 εἷς
1917 1921 2075 1978 αὐτὸν
2103 1920 2155 1942 ³¹
2182 1921 2301 1976 κατ’
2375 1920 2662 1999 ἀπόφασιν,
2718 1944 2749 1974 (ι
2813 1921 3144 1995 ἐμελέτησαν
3214 1923 3360 1979 κενά·
3425 1948 3457 1977 ››
3547 1929 3850 2001 τουτέστιν,

428 2014 993 2092 ὑπερεπληθύνθησαν,
1026 2014 1116 2068 καὶ
1145 2013 1222 2076 ὡς
1249 2013 1317 2068 τὰ
1345 2011 1513 2089 ἄστρα
1559 2017 1658 2069 τοῦ
1716 2011 1944 2089 ούρανοῦ
1986 2009 2077 2066 καὶ
2186 2003 2357 2072 ὅντως
2411 2009 2613 2083 μάταια
2658 2008 3013 2082 ἐμελέτησαν,
3046 2011 3123 2074 ὡς
3174 2011 3309 2067 αύτά
3370 2014 3558 2088 βοῶσι
3600 2016 3677 2072 τὰ
3722 2020 3852 2093 πρά.

402 855 749 938 ἐφυγάδευε;
806 856 860 912 τί
915 857 980 912 τὸ
1030 853 1202 912 αἶ’τιον
1262 859 1363 926 τῆς
1431 857 1508 920 εἷς
1576 856 1737 912 αὑτὸν
1786 855 2054 926 τοσαύτης

403 946 622 1022 τόλμης
647 967 706 1003 τε
734 945 826 1001 καὶ
858 944 1191 1022 θρασύτητος
1215 965 1230 1016 ;
1264 945 1537 1021 Φρύαγμα
1597 944 1655 1001 δέ
1711 945 1853 1000 ἐστιν
1881 948 1911 999 6
1940 949 2055 1007 τοῖς

399 1035 603 1099 ’ίπποις
688 1035 1041 1111 ἐγγινόμενος
1126 1034 1179 1106 ἐξ
1260 1034 1566 1112 ἀγερωχίας
1648 1034 1737 1089 καὶ
1805 1034 2057 1111 θράσους,

407 1124 801 1205 χρεμετισμός.
858 1122 1028 1179 Καλεῖ
1084 1121 1143 1179 δὲ
1194 1123 1321 1187 τοὺς
1358 1122 1657 1187 Ἰουδαίους
1688 1125 1717 1178 6
1746 1125 2057 1202 προφήτης,

408 1214 532 1287 ἔθνη
573 1235 634 1271 τε
678 1213 768 1269 καὶ
820 1211 1010 1277 λαούς·
1057 1210 1224 1274 λαοὺς
1272 1214 1387 1287 μὲν,
1418 1213 1492 1276 ὡς
1547 1212 1651 1267 ὑπὸ
1681 1212 1852 1286 νόμον
1879 1206 2061 1281 ὄντας,

416 1302 543 1376 ἔθνη
597 1301 656 1360 δὲ
712 1300 801 1358 διὰ
850 1303 947 1366 τὰς
1005 1301 1355 1379 παρανόμους
1429 1302 1647 1377 πράξεις
1721 1299 1896 1356 αὐτῶν
1971 1299 2064 1354 καὶ

421 1392 656 1468 μάλιστα
707 1393 807 1462 τὴν
862 1391 941 1456 εἶς
1021 1391 1251 1466 Χριστὸν
1332 1390 1666 1470 μιαιφονίαν,
1708 1389 1773 1445 τὸ
1852 1390 2065 1444 πάντων

417 1482 795 1558 ἀνομημάτων
826 1479 1144 1560 κεφάλαιον.

431 2106 506 2169 ὡς
539 2107 575 2175 ἡ
606 2102 793 2178 ἄμμος
822 2104 857 2172 ἡ
887 2103 1033 2178 παρά
1061 2104 1132 2175 τῇ
1163 2099 1403 2177 θαλάσσῃ
1436 2102 1708 2178 γεγόνασι.

507 2234 538 2265 «ί
570 2210 915 2285 Παρέστησαν
945 2209 1001 2264 οἱ
1032 2205 1274 2285 βασιλεῖς
1303 2214 1403 2279 τῆς
1422 2215 1527 2285 γῆς
1544 2208 1635 2264 καὶ
1666 2210 1720 2264 οἱ
1749 2202 2075 2285 ἄρχοντες.»

440 2334 510 2346 -
559 2298 948 2377 Παρετάξαντο,
994 2299 1121 2375 παρ’
1177 2296 1306 2353 αὐτὸ
1358 2298 1423 2353 τὸ
1479 2293 1635 2373 ἔργον
1689 2296 1936 2369 ἔστησαν,
1984 2295 2086 2351 οὐκ

441 2386 647 2448 ἔδωκαν
675 2381 922 2463 ἀναϐολῇ
949 2388 1014 2444 τὸ
1043 2386 1371 2465 ἐγχείρημα.
1414 2384 1662 2450 Βασιλεῖς
1710 2385 1768 2443 δὲ
1821 2394 1923 2457 τῆς
1979 2391 2085 2461 γῆς

442 2479 571 2542 τοὺς
626 2477 904 2554 ἀρχιερεῖς
967 2495 1151 2555 φησιν’
1213 2477 1290 2539 ὡς
1346 2473 1506 2546 δῆθεν
1578 2478 1714 2532 κατά
1787 2469 2088 2532 θεοσέϐειαν

444 2566 724 2644 ἡγεμόνας
777 2565 987 2638 ἀπάσης
1032 2564 1159 2622 τότε
1211 2568 1309 2636 τῆς
1367 2568 1489 2642 γῆς.
1526 2567 1611 2639 Ἐξ
1663 2564 1804 2636 ὅλης
1832 2566 1934 2642 γὰρ
1985 2570 2088 2634 τῆς

445 2655 775 2730 οἰκουμένης
830 2654 886 2710 οἱ
937 2656 1373 2732 προσερχόμενοι
1444 2659 1523 2726 τῷ
1577 2659 1734 2724 ζῶντι
1793 2658 1909 2726 Θεῷ
1962 2653 2090 2728 παρ’

444 2745 621 2805 αὐτῶν
652 2743 747 2807 τὰς
778 2743 1052 2815 ὑποθήκας
1082 2738 1412 2817 ἐλάμϐανον,
1445 2742 1593 2805 ὅπως
1648 2745 1762 2820 χρὴ
1819 2740 2088 2798 πιστεύειν

446 2832 525 2897 εἶς
579 2833 670 2889 τὸν
723 2831 853 2889 Θεὸν
917 2834 1008 2889 καὶ
1066 2833 1215 2895 ὅπως
1268 2834 1380 2909 χρὴ
1439 2830 1716 2909 λατρεύειν
1775 2831 1945 2906 αύτῷ,
1999 2829 2092 2886 καὶ

445 2921 630 2985 αὐτοῖς
682 2921 1038 2979 ὑπετάττοντο
1102 2924 1240 2978 κατά
1297 2922 1464 2995 νόμον
1528 2922 1619 2976 καὶ
1677 2918 1931 2977 Ἰουδαῖοι
2000 2919 2090 2974 καὶ

442 3012 643 3074 πάντες
672 3009 724 3066 ἐν
782 3010 854 3087 γῇ
910 3010 1055 3085 πάσῃ
1098 3009 1462 3087 προσήλυτοι.
1494 3010 1653 3073 Βάσις
1680 3009 1881 3071 ,τοίνυν
1940 3004 2091 3072 ὄντες

450 3098 585 3156 λαοῦ
643 3100 779 3155 κατά
830 3097 1055 3162 τούτους
1111 3098 1241 3161 τοὺς
1297 3097 1497 3174 λόγους
1552 3099 1605 3154 οἱ
1664 3100 1940 3176 ἀρχιερεῖς
1996 3097 2097 3153 οὐκ

450 3187 748 3251 ἀπεικότως
816 3187 1121 3260 ἐκλήθησαν
1185 3186 1446 3264 βασιλεῖς·
1506 3185 1623 3243 ἐπεὶ
1698 3187 1789 3243 καὶ
1868 3186 2096 3263 μικρυὺς

448 3277 731 3353 τοπάρχας
788 3278 840 3332 οἱ
900 3276 1250 3353 ἀρχαιότεροι
1322 3276 1561 3351 βασιλεῖς
1632 3275 1917 3350 ὀνομάζειν
1975 3277 2095 3331 εἰώ-

453 3379 629 3431 θεσαν.
658 3365 793 3427 Τοὺς
820 3370 1164 3442 γραμματεῖς
1212 3363 1271 3421 δὲ
1315 3366 1404 3421 καὶ
1453 3364 1580 3428 τοὺς
1633 3370 1731 3421 τοῦ
1768 3363 1904 3421 λαοῦ
1937 3386 2101 3440 πρεσ-

456 3454 728 3530 ϐυτέρους,
763 3452 857 3508 εἴτ’
888 3454 978 3509 οὖν
1011 3453 1406 3530 ἐντιμοτέρους,
1439 3454 1501 3509 τὸ
1546 3454 1822 3529 ψαλμικὸν
1874 3456 2105 3531 γράμμα

454 3542 719 3613 κέκληκεν
787 3540 1076 3620 ἄρχοντας.
1138 3543 1293 3599 Οὕτω
1357 3540 1405 3598 δ’
1447 3542 1641 3607 αὐτοὺς
1686 3542 1845 3600 καλεῖ
1897 3542 2001 3599 καὶ-
2040 3544 2104 3599 τὸ

457 3631 818 3708 Εὐαγγέλιον,
870 3630 1054 3708 λέγον,
1092 3654 1117 3687 ι
1148 3634 1332 3695 Ὅπως
1380 3653 1441 3687 τε
1484 3630 1800 3709 παρέδωκαν
1846 3631 2003 3689 αὑτὸν
2052 3633 2106 3687 οἱ

460 3721 735 3797 ἀρχιερεῖς
762 3718 853 3775 καὶ
883 3722 937 3777 οἱ
964 3717 1225 3798 ἄρχοντες
1253 3722 1414 3795 ἡμῶν
1441 3720 1517 3784 εἷς
1559 3726 1735 3798 κρῖμα
1789 3722 2039 3781 θανάτου,
2073 3744 2103 3774 ››

531 3849 563 3879 ι(
596 3826 956 3903 Συνήχθησαν
1025 3824 1115 3882 ἐπὶ
1168 3825 1233 3882 10‘
1297 3825 1427 3882 αὐτὸ
1493 3827 1585 3883 καὶ
1628 3831 1726 3882 τοῦ
1765 3827 1969 3904 Κυρίου
2015 3825 2107 3883 καὶ

458 3917 558 3971 τοῦ
606 3917 841 3991 Χριστοῦ
886 3913 1072 3972 αὐτου.
1105 3938 1137 3968 ››
1184 3948 1254 3958 -—
1295 3916 1860 3991 Συνήχθησαν-ὁμοῦ
1914 3916 2110 3979 πάντες

464 4003 541 4067 εἰς
566 4002 660 4060 τὸν
689 4001 850 4059 αὑτὸν
877 4002 1045 4060 τόπον
1081 4003 1471 4080 βουλευόμενοι
1518 4005 1655 4061 κατά
1699 4009 1797 4060 τοῦ
1852 4009 2106 4079 Χριστοῦ*

465 4089 715 4170 διασαφεῖ
766 4092 858 4148 καὶ
919 4092 1047 4169 περὶ
1110 4092 1307 4149 τούτου
1375 4092 1442 4149 τὸ
1496 4093 1849 4169 Εύαγγέλιον·
1884 4118 1915 4147 (ς
1978 4093 2111 4150 Τότε

465 4183 810 4258 συνήχθησαν
854 4182 907 4236 οἱ
956 4184 1231 4258 ἀρχιερεῖς
1277 4181 1367 4237 καὶ
1422 4183 1477 4238 οἱ
1514 4188 1856 4258 γραμματεῖς
1909 4182 2001 4238 καὶ
2056 4184 2113 4239 οἱ

465 4265 820 4350 πρεσϐύτεροι
848 4275 947 4327 τοῦ
973 4270 1110 4328 λαοῦ
1161 4273 1237 4335 εἷς
1281 4274 1382 4342 τήν
1428 4269 1601 4342 αὐλὴν
1657 4276 1754 4328 τοῦ
1810 4271 2113 4349 ἀρχιερέως

2185 2117 2385 2174 γματα.

2268 2225 2293 2256 ι
2326 2203 2710 2281 Διαῤῥήξωμεν
2766 2203 2895 2267 τοὺς
2953 2202 3184 2279 δεσμοὺς
3241 2206 3420 2264 αὐτῶν
3508 2212 3619 2268 καὶ
3698 2213 3853 2290 ἀπορ-

2194 2293 2441 2372 ῥίψωμεν
2498 2294 2589 2372 ἀφ’
2638 2296 2801 2367 ἡμῶν
2857 2294 2922 2350 τὸ
2980 2296 3139 2371 ζυγὸν
3197 2296 3399 2356 αὐτῶν.
3466 2322 3500 2352 »
3562 2335 3646 2345 -—-
3698 2307 3859 2359 Ταῦτα

2192 2382 2473 2459 προσώπῳ
2526 2386 2635 2439 τῶν
2694 2382 2746 2454 ἐξ
2805 2383 3082 2442 Ἰουδαίων
3157 2388 3578 2447 πιστευσάντων
3645 2390 3727 2456 εἷς
3775 2394 3853 2448 τὸν

2195 2471 2447 2549 Χριστόν.
2487 2473 2693 2550 Ὥσπερ
2752 2469 2811 2528 δὲ
2854 2473 2920 2528 τὸ
2975 2471 3234 2550 ἐφρύαξαν
3291 2476 3370 2539 εἷς
3429 2479 3543 2548 τὴν
3611 2481 3851 2538 ἀπόνοιαν

2195 2561 2287 2618 καὶ
2336 2561 2646 2638 θρασύτητα
2689 2561 2780 2618 καὶ
2827 2557 3119 2635 θορύϐησιν
3181 2566 3509 2643 μετηνέχθη
3572 2574 3693 2626 τῶν
3743 2573 3849 2628 Ἰου-

2199 2647 2362 2706 δαίων
2418 2651 2524 2706 ἀπὸ
2577 2654 2677 2706 τοῦ
2730 2655 2839 2707 τῶν
2885 2649 3070 2709 ’ίππων
3122 2655 3512 2731 φρυάγματος,
3582 2658 3731 2716 οὕτω
3770 2662 3839 2716 n2

2195 2739 2267 2796 τὰ
2323 2739 2563 2813 ὀνόματα
2586 2744 2775 2812 ταῦτα,
2803 2740 2866 2795 τὸ
2908 2745 3015 2797 τῶν
3067 2739 3279 2815 δεσμῶν
3329 2741 3493 2821 λέγω
3560 2744 3637 2818 δὴ
3667 2750 3743 2804 καὶ
3782 2750 3831 2803 15

2197 2832 2296 2886 τοῦ
2356 2833 2541 2905 ζυγοῦ,
2605 2834 2983 2909 μεταφορικῶς
3038 2829 3351 2911 ἐλήφθησαν
3416 2836 3539 2892 ἀπὸ
3615 2844 3698 2894 τοῦ
3732 2843 3817 2891 τῶν

2206 2919 2348 2995 βοῶν
2410 2921 2575 2992 ζυγοῦ
2623 2917 2716 2972 καὶ
2762 2923 2871 2974 τῶν
2929 2918 3195 2995 ζευγλῶν,
3224 2921 3316 2978 καὶ
3372 2928 3496 2980 τῶν
3580 2925 3638 2983 ἐν
3673 2926 3807 2987 τὲτιῖς

2201 3008 2443 3081 ἱμάντων
2476 3007 2553 3070 εἲς
2581 3007 2682 3076 τὴν
2732 3008 2868 3064 κατὰ
2912 3008 3079 3083 νόμον
3132 3010 3413 3086 ὑποταγὴν
3471 3014 3576 3071 καὶ
3627 3020 3711 3077 ti;
3734 3019 3812 3069 εἰς.

2200 3093 2683 3170 νομοδιδασκάλων
2752 3096 3033 3173 ἐπιταγάς.
3082 3098 3236 3154 Ἐπεὶ
3304 3096 3365 3155 δὲ
3431 3103 3536 3159 τὸν
3620 3106 3758 3182 ζυγῶ
3792 3104 3836 3158 εἰ

2207 3185 2331 3263 βόες
2361 3189 2469 3240 τῶν
2516 3184 2727 3241 οἰκείων
2778 3185 3023 3263 αὐχένων
3071 3188 3171 3243 οὐκ
3215 3187 3602 3266 ἀποτίθενται,
3659 3196 3736 3269 μὴ
3770 3194 3848 3256 τέις

2213 3273 2439 3351 ζεύγλας
2487 3274 2882 3351 συντρίψαντες,
2914 3276 2951 3346 ἢ
2994 3276 3122 3339 τοὺς
3170 3276 3402 3349 ἱμάντας
3446 3280 3590 3345 τοὺς
3654 3282 3706 3338 ἐν
3776 3282 3853 3337 αὗ-

2208 3369 2328 3427 ταῖς
2414 3360 2820 3436 διασπάσαντες,
2904 3363 2994 3420 διὰ
3062 3370 3224 3421 τοῦτο
3307 3367 3590 3444 πρότερον
3675 3371 3857 3443 εἴρηκε,

2213 3451 2597 3530 Διαῤῥήξωμεν
2644 3452 2772 3517 τοὺς
2820 3451 3051 3528 δεσμοὺς
3096 3454 3296 3529 αὐτῶν,
3334 3457 3435 3520 τὰς
3509 3460 3748 3537 ζεύγλας
3786 3462 3859 3516 καὶ

2211 3541 2338 3604 τοὺς
2381 3537 2633 3614 ἱμάντας,
2662 3546 2832 3615 κοινῷ
2875 3540 3025 3620 λόγῳ
3074 3541 3307 3618 δεσμοὺς
3356 3546 3611 3622 εἰρηκὼς
3675 3549 3743 3605 δι’
3792 3552 3855 3605 an

2214 3632 2356 3705 ὁμοῦ
2409 3628 2792 3705 συνδεδεμένος
2850 3632 2878 3687 6
2939 3632 3094 3709 ζυγὸς
3131 3638 3251 3697 τοῖς
3303 3639 3413 3691 τῶν
3475 3638 3631 3713 βοῶν
3694 3640 3866 3716 αὖχέτι

2213 3719 2305 3775 καὶ
2379 3720 2796 3799 συνεσφιγμένος
2870 3720 3175 3798 συνέχεται,
3236 3723 3366 3779 Εἶτα
3431 3724 3719 3805 ἐπήγαγε,
3784 3731 3866 3787 Κπί

2215 3808 2608 3887 ἀπορῥίψωμεν
2668 3811 2762 3889 ἀφ’
2835 3813 2994 3885 ἡμῶν
3054 3811 3149 3869 τόν
3224 3813 3385 3889 ζυγὸν
3444 3816 3660 3875 αὐτῶν.
3721 3822 3866 3893 Ζυτὶς

2220 3899 2314 3974 μὲν
2347 3896 2439 3954 οῦν
2472 3899 2500 3954 6
2548 3899 2719 3973 νόμος
2769 3899 3081 3957 ὑποτάττων
3128 3902 3303 3976 ἑαυτῷ
3345 3903 3480 3968 τοὺς
3530 3907 3645 3964 ὑπὸ
3692 3910 3866 3983 νόμον,

2215 3987 2307 4044 καὶ
2355 3984 2632 4045 δουλεύειν
2675 3988 3087 4067 καταναγκάζειν
3126 3995 3246 4054 ταῖς
3290 4000 3553 4065 νομικαῖς
3607 3995 3867 4059 ἐντολαῖς.

2218 4077 2418 4153 Δεσμοὶ
2467 4074 2527 4132 δὲ
2572 4079 2888 4156 συνέχοντες
2932 4079 3025 4135 τὸν
3060 4078 3239 4153 νόμον
3288 4087 3408 4146 τοῖς
3456 4084 3569 4141 ,ὑπὸ
3604 4086 3789 4160 νόμον
3824 4088 3869 4141 αἱ

2216 4171 2326 4256 τῶν
2400 4165 2700 4244 ἀρχιερέων
2768 4168 2859 4224 καὶ
2939 4170 3305 4256 γραμματέων
3389 4171 3681 4250 ἐπιταγαί·
3758 4178 3867 4256 φαπῖ

2217 4255 2395 4312 τοίνυν
2437 4256 2493 4311 οἱ
2536 4262 2639 4327 τῆς
2684 4263 2915 4331 νομικῆς
2958 4255 3274 4335 δυσχερείας
3315 4260 3409 4316 τὸν
3472 4266 3733 4340 χρηστὸν
3787 4271 3870 4321 τοῦ

464 4344 563 4417 τοῦ
636 4344 937 4438 λεγομένου
1010 4363 1241 4441 Καϊάφα,
1315 4361 1407 4417 καὶ
1469 4344 1986 4417 συνεϐουλεύσαντο-
2020 4359 2119 4417 ἵνα
2220 4344 2423 4441 ξίυΡξου
2482 4346 2656 4441 ,ζυγρν
2732 4346 3120 4441 ἀγλθξλόμεῖοιε
3154 4348 3535 4441 ,ΔιαΑ-ιὲσωμξν
3606 4354 3713 4418 τᾶς
3777 4360 3867 4412 τῶν

467 4450 558 4506 τὸν
590 4450 605 4474 ’
636 4454 831 4521 Ιησοῦν
906 4448 1058 4524 δόλῳ
1133 4451 1445 4527 κρατήσωσι
1525 4452 1616 4507 καὶ
1702 4450 2109 4507 ἀποκτείνωσινο

2221 4433 2426 4509 ἀγρίων
2477 4435 2661 4509 θηρῶν
2727 4432 2941 4508 μᾶλλον
3000 4434 3037 4505 ἢ
3094 4432 3436 4495 διδασκάλων
3489 4437 3782 4518 ἐπιταγάς
3810 4444 3870 4501 ὡς

470 4538 622 4597 Ἐπεὶ
661 4519 723 4595 δὲ
777 4539 913 4595 κατὰ
965 4519 1065 4594 τοῦ
1120 4519 1352 4616 Χριστοῦ
1408 4540 1776 4615 συνήχθησαν,
1804 4535 1975 4609 δῆλον
2028 4536 2112 4594 ὅτι
2139 4612 2172 4616 _
2223 4519 2376 4616 (ὠδὶν
2444 4521 2607 4616 agit?“
2665 4523 3008 4616 ᾑγησάμενοι
3053 4523 3158 4616 καὶ-
3202 4525 3296 4616 τέξν
3354 4525 3551 4601 νόμον·
3589 4530 3747 4604 αὐτῷ
3798 4533 3855 4597 ἑο

469 4628 561 4685 καὶ
615 4628 752 4703 μετά
800 4633 899 4685 τοῦ
949 4610 1238 4705 χρίσαντος
1305 4627 1486 4684 αὐτόν.
1545 4610 1611 4683 δι
1663 4628 1767 4706 γὰρ
1824 4627 1960 4684 κατά
2011 4612 2186 4684 τοῦῙ)
2217 4614 2381 4706 ᾖιξῶν
2481 4610 2918 4706 ἐκτιναξώμεθαη
2957 4612 3084 4706 ’ξᾷνῄ
3136 4612 3323 4706 βαρρν.
3356 4617 3768 4706 λ’Δρμόζουσιν
3826 4620 3870 4674 ei

469 4718 705 4792 Χριστοῦ
780 4715 982 4794 Κυρίου
1052 4715 1381 4791 μελετῶντες
1444 4716 1708 4794 πρότερον
1769 4719 1885 4773 κατ’
1948 4716 2114 4773 αὐτοῦ

466 4810 566 4863 τοῦ
643 4806 847 4882 Κυρίου
923 4807 989 4861 τὸ
1065 4810 1314 4862 τοιοῦτον
1393 4804 1678 4880 μελέτημα
1765 4806 2112 4871 συντιθέασιν·

469 4891 965 4969 ἀποδοκιμάζοντες
1002 4894 1104 4963 τὴν
1162 4893 1341 4972 κρίσιν
1404 4894 1569 4951 αὐτοῦ
1626 4895 1718 4951 καὶ
1771 4898 1872 4966 τήν
1931 4894 2112 4972 χρίσιν

469 4981 836 5062 φαυλίζοντες.
893 4988 1063 5040 Τοῦτο
1119 4982 1280 5040 ποίαν
1339 4983 1448 5060 ούχ
1504 4979 1809 5059 ὑπερϐαίνει
1883 5005 2118 5061 παρανο-

471 5070 598 5146 μίας
680 5068 1040 5150 ὑπερϐολήν;
1118 5074 1275 5130 ποίαν
1346 5077 1409 5130 ού
1479 5073 1788 5150 παρήλοσεν
1874 5069 2116 5139 ἀσεϐείας

469 5160 778 5236 ἀκρότητας
853 5161 944 5219 διὰ
1028 5167 1191 5219 τοῦτο
1284 5164 1713 5241 προηγουμένως
1784 5159 1904 5235 ἔθνη
1987 5162 2116 5227 τοὺς

467 5246 758 5313 Ἰουδαίους
823 5252 851 5306 6
902 5253 1189 5331 προφήτης
1244 5252 1541 5327 ὠνόμασεν.
1597 5251 1833 5326 Ἐξαίσια
1884 5257 2117 5310 τοσαῦτα

467 5338 803 5414 καθορῶντες
858 5339 941 5396 ἀεὶ
1003 5340 1278 5417 γινόμενα,
1335 5344 1551 5399 πάντων
1621 5342 1782 5399 ἐθνῶν
1852 5342 2116 5400 ἀσυνετώ-

468 5446 620 5486 τατοι
648 5427 738 5483 καὶ
796 5425 1263 5505 ἀπαιδευτότατοι,
1294 5433 1430 5488 κατά
1474 5437 1571 5488 τοῦ
1623 5437 2116 5510 τερατουργοῦντος

470 5519 822 5595 συνήρχεσθε,
880 5519 1175 5593 θεοσημίας
1243 5519 1535 5597 βλέποντες
1601 5522 1989 5599 ἐνεργουμένας
2039 5524 2110 5579 ὧν

469 5607 560 5665 καὶ
614 5607 679 5663 τὸ
728 5608 1032 5683 μεμνῆσθαι
1094 5608 1259 5682 μόνον
1346 5611 1542 5689 φρίκην
1619 5611 1857 5686 ἐμποιεῖ,
1917 5610 2116 5675 δόλους

472 5695 798 5754 ἐτεκταίνετε
859 5697 997 5753 κατά
1078 5702 1174 5753 τοῦ
1255 5699 1450 5762 ταύτας
1535 5699 1875 5763 έκτελοῦντος
1963 5702 2112 5775 μόνω

2223 4699 2385 4777 λόγοι
2415 4699 2506 4756 καὶ
2543 4706 2675 4757 πᾶσι
2731 4705 2851 4765 τοῖς
2879 4700 2931 4776 ἐξ
2961 4700 3153 4763 ἐθνῶν.
3193 4703 3257 4758 Οἱ
3308 4702 3415 4781 γὰρ
3465 4707 3549 4779 μὴ
3596 4712 3688 4781 τῷ
3732 4709 3869 4782 νόμῳ

2222 4789 2500 4867 προσιέναι
2556 4787 2904 4864 θελήσαντες,
2964 4787 3110 4847 ἀλλά
3173 4791 3238 4848 τὸ
3293 4791 3644 4869 Εὐαγγέλιον
3712 4797 3869 4855 ἀσπα-

2223 4878 2446 4954 σάμενοι
2500 4879 2596 4943 τάς
2656 4900 2717 4936 τε
2786 4883 2894 4936 τῶν
2967 4879 3104 4936 κατά
3175 4879 3346 4955 νόμον
3425 4883 3739 4961 ἀρχιερέων
3791 4887 3868 4942 καὶ

2221 4966 2584 5045 γραμματέων
2642 4964 2888 5046 διδαχάς,
2950 4966 3222 5043 μηδαμῶς
3281 4967 3374 5034 οὖς
3422 4970 3618 5030 αὐταῖς
3676 4974 3868 5035 ἐπικλί.

2221 5077 2430 5122 ναντες.
2482 5059 2864 5134 Παρῃτήσαντο
2917 5059 3008 5114 καὶ
3055 5058 3147 5115 τὸν
3200 5058 3375 5133 νύμον
3436 5059 3600 5118 αὑτὸν
3766 5064 3867 5119 ἐπ’).

2220 5151 2330 5204 τῶν
2370 5147 2718 5205 ἀπεσείσαντο
2775 5145 3064 5204 δουλεῦσαι
3116 5147 3295 5223 τούτῳ
3356 5151 3435 5223 μὴ
3489 5149 3865 5228 ἀνασχόμενοι.

2294 5279 2325 5308 ‹‹
2355 5255 2413 5311 ‘0
2467 5257 2733 5311 κατοικῶν
2795 5254 2847 5310 ἐν
2905 5252 3156 5330 οὐρανοῖς
3236 5255 3591 5332 ἐκγελάσεται
3668 5258 3865 5324 αὐτοὺς,

2221 5345 2313 5401 καὶ
2342 5344 2600 5423 ὁΚύριος
2658 5343 3013 5422 ἐκμυκτηριεῖ
3061 5343 3282 5408 αὐτούς.
3314 5368 3338 5397 ι
3398 5379 3471 5391 --
3527 5347 3603 5404 Τὸ
3659 5346 3865 5425 ἐκγελά-

2224 5455 2371 5491 σεται
2449 5433 2540 5491 καὶ
2615 5435 2678 5491 τὸ
2751 5432 3107 5510 ἐκμυκτηριεῖ
3160 5435 3277 5491 κατ’
3335 5433 3583 5492 ἐπίτασιν
3667 5436 3859 5512 εἴρηται

2220 5531 2322 5596 τῆς
2397 5523 2458 5581 ἐκ
2530 5524 2858 5602 προθέσεως,
2916 5520 3191 5595 δηλούσης
3273 5523 3543 5601 ἐπίτασιν,
3599 5527 3856 5581 τουτέστιν

2224 5612 2583 5691 ἐκγελάστους
2638 5609 2766 5684 ἤτοι
2822 5610 3256 5688 καταγελάστους
3339 5614 3497 5686 θήσει
3556 5615 3857 5689 ἅπανταχοῦ

2220 5703 2309 5759 καὶ
2397 5701 2874 5777 ἐκμυκτηρίστους,
2931 5699 3099 5779 ἤγουν
3155 5700 3391 5779 πλήρεις
3482 5705 3850 5782 μυκτηρισμοῦ
