3988 6416
113 436 286 496 1333

1354 435 1769 497 EXPOSITIO
1811 437 1890 498 IN
1936 436 2320 498 PSALMOS.

3392 437 3550 499 1334

113 563 216 619 διὰ
267 565 371 633 την
417 569 518 634 τῆς
569 563 747 626 ἀνοίας
793 563 969 619 αὐτῶν
1025 564 1114 619 καὶ
1175 564 1483 643 ἀφροσύνης
1546 561 1776 643 ὑπερϐο-
1807 568 1988 636 Ατήν
2042 568 2162 623 ἄνευ
2217 575 2443 643 σπορᾶς,
2520 570 2948 645 ἐνανθρώπησιν.
3030 569 3101 624 Τὸ
3175 565 3232 622 δὲ
3306 569 3543 643 σήμερον

118 653 262 725 λὴν,
337 651 420 710 ὅτι
489 674 548 708 τε
592 654 684 708 τὸν
733 652 937 708 οῗκεῖον
989 653 1272 730 εὐεργέτην
1323 655 1656 723 ἀπέκτειναν,
1719 657 1783 711 τὸ

110 740 272 798 ’ίδιον
310 741 600 820 μεγαλεῖον
630 743 718 798 καὶ
763 741 924 804 κλέος
966 742 1054 797 καὶ
1101 743 1386 819 καύχημα,
1435 744 1524 799 καὶ
1568 743 1651 800 ὅτι
1680 745 1780 814 τὴν

120 837 228 887 τοῦ
265 837 402 888 Θεοῦ
456 829 663 908 βουλὴν
715 832 812 900 τὴν
862 831 966 886 ὐπὸ
1014 833 1286 887 τοσούτων
1314 837 1609 912 προφητῶν
1640 855 1783 910 προ-

119 919 590 996 κατηγγελμένην
652 919 889 990 ἤλπισαν
946 920 1098 976 αὐτοὶ
1156 919 1400 976 κωλῦσαι
1458 922 1627 998 πέρας
1687 921 1782 979 λα-

120 1005 246 1064 ϐεῖν
284 1029 296 1042 ⁸
358 1009 543 1086 κύριον
605 1007 664 1064 δὲ
703 1010 794 1064 τὸν
846 1011 1052 1087 πατέρα
1099 1013 1274 1088 φήσας
1325 1009 1404 1066 ὅτ’
1449 1009 1602 1088 ἔλεγε
1647 1013 1782 1067 κατά

116 1104 225 1154 τοῦ
290 1097 491 1170 Κυρίου
547 1098 638 1154 καὶ
685 1100 821 1153 κατὰ
873 1103 970 1154 τοῦ
1027 1101 1262 1176 Χριστοῦ
1317 1097 1502 1173 αὐτοῦ,
1582 1100 1778 1176 Κύριόν

121 1210 264 1265 φησι
307 1188 398 1243 καὶ
450 1189 542 1242 τὸν
599 1187 743 1260 Υἱὸν,
799 1188 876 1250 ὡς
937 1194 1061 1260 μιᾶς
1118 1187 1445 1264 κυριότητος
1504 1184 1672 1260 οῦσης
1727 1190 1779 1244 ἐν

120 1278 303 1353 Πατρὶ
362 1277 451 1332 καὶ
508 1277 641 1348 Υἱῷ,
698 1275 788 1332 καὶ
849 1279 1027 1340 καθὼς
1089 1277 1202 1333 ἐκεῖ
1227 1278 1326 1346 τὴν
1353 1279 1490 1333 κατά
1516 1282 1614 1332 τοῦ
1645 1285 1782 1353 Χρι-

124 1370 264 1420 στοῦ
319 1364 572 1438 μελέτην.
624 1366 868 1443 ’Έφημεν
919 1365 1050 1420 εἶναι
1096 1365 1185 1420 καὶ
1233 1367 1369 1420 κατά
1417 1370 1515 1421 τοῦ
1569 1367 1779 1441 Πατρὸς

126 1455 223 1510 καὶ
260 1453 522 1532 πρότερον
569 1455 707 1509 κατά
745 1459 842 1510 τοῦ
889 1453 1122 1531 Πατρὸς,
1168 1453 1311 1509 οὕτω
1357 1450 1626 1509 κάνταῦθα
1680 1456 1778 1524 τὴν

125 1548 242 1599 τῶν
301 1541 570 1599 Ἰουδαίων
631 1541 970 1615 ἐξουδένωσιν
1028 1544 1128 1614 τὴν
1187 1544 1334 1620 παρὰ
1386 1548 1640 1620 Χριστοῦ,
1689 1545 1781 1599 καὶ

128 1634 286 1709 παρᾶ
307 1637 404 1687 τοῦ
451 1633 660 1710 Πατρὸς
711 1633 844 1688 εἶναί
890 1654 1022 1711 φησι
1069 1632 1160 1688 καὶ
1202 1632 1464 1709 πρότερον
1511 1633 1658 1710 παρά
1679 1637 1781 1689 τΌῦ

130 1722 369 1798 Πατρὸς,
429 1721 544 1794 ἅμα
590 1741 651 1776 τε
703 1723 803 1791 τὴν
861 1721 1178 1796 ὁμοτιμίαν,
1239 1722 1330 1776 καὶ
1367 1721 1430 1777 τὸ
1458 1721 1650 1777 ταυτὸν
1679 1728 1782 1792 τῆς

129 1810 407 1886 ἐνεργείας
466 1809 518 1865 ἐν
579 1811 750 1887 Πατρί
806 1811 896 1866 καὶ
945 1812 1058 1884 Υἱῷ
1115 1815 1389 1888 παριστῶν
1445 1811 1536 1866 καὶ
1600 1811 1778 1887 ἀρχὴν

129 1897 374 1970 οὐσιώδη
433 1899 527 1954 τὸν
577 1899 789 1973 Πατέρα
837 1897 1046 1962 δεικνὺς
1101 1903 1199 1955 τοῦ
1244 1899 1390 1971 Υἱοῦ,
1439 1899 1530 1953 τὸν
1577 1900 1782 1975 πατέρα

129 1987 191 2045 δέ
221 2009 356 2068 φησι
385 1993 653 2044 κατοικεῖν
706 1987 758 2044 ἐν
808 1987 1080 2063 οὐρανοῖς,
1128 1988 1235 2065 οὐχ
1264 1988 1341 2050 ὡς
1369 1986 1517 2050 ὅλως
1547 1987 1600 2043 ἐν
1626 1987 1780 2061 τόπῷ

132 2077 559 2156 περιεχόμενον,
619 2074 766 2132 ἀλλὰ
822 2075 912 2132 διὰ
964 2079 1026 2132 τὸ
1081 2077 1584 2154 ὑπερανῳκισμένον
1627 2076 1778 2152 φύσει

133 2169 229 2224 καὶ
263 2164 475 2243 ὑψηλὸν
522 2173 618 2237 τῆς
665 2165 924 2238 θεότητος
969 2167 1060 2221 καὶ
1105 2167 1168 2222 τὸ
1197 2173 1297 2235 τῆς
1330 2165 1479 2237 ἀξίας
1507 2165 1595 2221 καὶ
1624 2165 1785 2237 δόξης

139 2250 618 2330 δπεραναϐεϐηκὸς
663 2256 753 2311 καὶ
807 2257 1116 2332 ὑπέρτατον,
1178 2255 1285 2332 οὐχ
1343 2255 1530 2331 ὅτιπερ
1580 2256 1608 2311 ὁ
1659 2255 1784 2316 Υἱὸς

142 2345 435 2422 ὑστέρηται
481 2349 589 2400 τῶν
637 2346 852 2401 αὐτῶνο
907 2344 1224 2422 ἐπουράνιος
1301 2345 1404 2420 γὰρ
1463 2344 1554 2399 καὶ
1629 2343 1789 2406 αὐτὸς

143 2435 220 2496 ὡς
253 2434 384 2496 Θεὸς
405 2434 494 2488 τὸν
528 2433 685 2489 αὐτὸν
715 2433 914 2510 τρόπον
949 2432 1005 2490 ὅν
1039 2435 1068 2490 ὁ
1099 2435 1306 2509 Πατὴρ,
1339 2430 1464 2488 ἀλλ’
1505 2431 1586 2488 ὅτι
1624 2431 1788 2506 μόνος

143 2525 174 2579 ὁ
205 2524 330 2585 Υἱὸς
360 2521 446 2578 ἐπὶ
476 2525 578 2592 τῆς
605 2526 707 2598 γῆς
741 2521 895 2602 ὢφθη
924 2543 936 2556 ·
971 2523 1062 2578 καὶ
1091 2528 1208 2586 τοῖς
1238 2523 1542 2599 ἀνθρώποις
1570 2542 1790 2577 συνανε-

150 2612 362 2689 στράφη
396 2615 742 2686 σωματικῶς.

223 2725 252 2755 ι(
281 2700 412 2756 Τότε
470 2699 697 2772 λαλήσει
757 2701 896 2777 πρὸς
951 2699 1145 2764 αὐτοῦς
1204 2700 1255 2755 ἐν
1315 2700 1456 2777 ὀργῇ
1509 2699 1672 2756 αὐτοῦ
1702 2698 1792 2754 καὶ

146 2790 198 2847 ἐν
256 2794 335 2863 τῷ
392 2793 548 2864 θυμῷ
606 2789 771 2845 αὐτοῦ
827 2789 1042 2866 ταράξει
1101 2789 1316 2852 αὐτούς·
1377 2813 1406 2842 ››
1454 2821 1523 2831 -
1552 2793 1658 2843 Νῦν
1696 2788 1790 2861 μὲν

145 2881 175 2937 ὁ
232 2879 428 2955 Κύριος
490 2868 704 2949 Ἰησοῦς
761 2877 990 2941 ἀναστάς
1050 2878 1110 2934 ἐκ
1165 2883 1362 2955 νεκρῶν
1421 2877 1510 2932 καὶ
1543 2877 1789 2952 ἀγελθὼν

145 2969 222 3032 εἷς
276 2968 406 3031 τοὺς
465 2965 723 3046 οὐρανοὺς
782 2969 871 3023 καὶ
926 2974 1026 3038 τῆς
1086 2967 1427 3044 ἐπιγνώσεως
1483 2966 1647 3021 αὐτοῦ
1701 2967 1792 3022 καὶ

144 3059 378 3120 πίστεως
423 3059 522 3112 τοῦ
577 3055 788 3129 κόσμου
843 3056 1228 3132 πέπληρωκὼς
1287 3054 1568 3132 χλευάσης
1598 3054 1791 3118 αὐτούς

146 3145 235 3202 καὶ
279 3142 602 3219 κωμῳδίας,
659 3142 928 3218 ἐμπλήσει
972 3144 1062 3200 καὶ
1119 3146 1408 3217 τωθασμοῦ
1466 3144 1555 3198 καὶ
1621 3146 1794 3217 μυκή-

151 3256 304 3308 σεως,
363 3232 810 3297 συνευδοκοῦντος
867 3233 1014 3306 αὐτῷ
1065 3238 1164 3289 τοῦ
1225 3233 1452 3310 Πατρός.
1520 3231 1651 3287 Τότε
1735 3231 1792 3288 δέ

152 3324 284 3379 κατά
327 3325 426 3392 τὴν
477 3320 724 3400 δευτέραν
777 3321 941 3378 αὐτοῦ
994 3322 1313 3398 πορουσίαν,
1374 3319 1622 3398 ἐλέγχων
1695 3320 1788 3376 αὐ-
1821 3303 1864 3372 C

152 3411 361 3476 τοῦςέν
397 3413 552 3488 ὀργῇ,
585 3413 675 3474 καὶ
733 3413 931 3482 στήσας
963 3411 1148 3474 αὐτοῖς
1193 3413 1294 3481 τήν
1344 3410 1570 3484 ἀνομίαν
1620 3409 1794 3466 αὐτῶν

153 3502 286 3558 κατά
329 3501 642 3578 πρόσωπον,
711 3500 1053 3556 καταδικάσει
1121 3499 1335 3567 αὐτοὺς,
1389 3500 1480 3555 καὶ
1538 3497 1832 3578 σφοδραῖς

152 3591 440 3668 τιμωρίαις
493 3586 760 3646 ὑποϐαλεῖ
803 3587 874 3645 δι’
921 3591 996 3644 ὧν
1056 3590 1137 3644 ἀεὶ
1184 3591 1616 3665 ταραχθήσονται
1669 3585 1793 3642 ὀδυ-

155 3681 384 3752 νώμενοι
448 3677 722 3753 μηδεμίαν
787 3679 1100 3754 ἀνακωχὴν,
1165 3676 1436 3751 μηδεμίαν
1522 3678 1793 3752 γαλήνην,

159 3769 358 3842 ἕξοντες
386 3769 630 3826 πώποτε.
656 3769 771 3836 Τὴν
802 3768 895 3841 μὲν
920 3765 1011 3821 οῦν
1045 3764 1335 3837 καταδίκην
1361 3764 1573 3842 εἷ’ρηκεν
1600 3765 1792 3841 ὀργὴν,

156 3859 247 3920 τάς
281 3854 546 3936 σφοδοράς
579 3853 636 3912 δὲ
660 3855 928 3933 τιμωρίας
961 3855 1152 3929 θυμόν.

230 3965 427 4040 «Ἐγὼ
476 3961 532 4018 δὲ
580 3962 905 4033 κατεστάθην
960 3960 1213 4039 βασιλεὺς
1263 3961 1351 4016 ὑπ’
1404 3959 1588 4018 αὐτοῦ.
1639 3983 1667 4011 »
1727 3993 1794 4003 —

157 4057 327 4108 Ταῦτα
367 4053 648 4129 προσώπῳ
696 4055 931 4129 Χριστοῦ
965 4073 978 4086 ·
1028 4049 1320 4122 κατεστάθη
1381 4050 1484 4126 γὰρ
1538 4047 1792 4125 βασιλεὺς

159 4143 258 4198 ὑπὸ
303 4147 400 4198 τοῦ
450 4143 660 4217 Πατρὸς
707 4142 796 4197 καὶ
846 4141 922 4204 ὡς
969 4138 1250 4216 ἅνθρωπος
1277 4159 1290 4172 ·
1333 4140 1408 4202 ὡς
1437 4140 1540 4216 γὰρ
1574 4138 1702 4201 Θεὸς
1724 4138 1791 4208 ἦν

162 4233 239 4286 ἀει
274 4229 548 4308 βασιλεύς.

229 4345 256 4373 ‹‹
286 4321 406 4376 Ἐπὶ
441 4322 582 4376 Σιὼν
640 4315 769 4397 ὅρος
821 4320 887 4376 τὸ
943 4321 1092 4397 ἅγιον
1153 4318 1316 4374 αὐτου
1365 4314 1704 4394 διαγγέλλων
1731 4317 1793 4371 τὸ

158 4409 478 4486 πρόσταγμα
535 4410 757 4486 Κυρίου.
812 4435 840 4462 ››
902 4441 972 4452 —
1027 4411 1126 4464 Διά
1167 4413 1264 4464 τοῦ
1319 4407 1454 4462 κατὰ
1506 4407 1605 4476 τὴν
1663 4409 1794 4461 Ἰου-

161 4497 305 4554 δαίαν
357 4498 518 4574 ὅρους
575 4499 652 4561 εἰς
711 4499 1018 4572 ἐπιστήμην
1072 4502 1168 4553 τοῦ
1222 4495 1564 4571 καλουμένου
1624 4496 1790 4565 Σιὼν,

162 4594 325 4644 πᾶσαν
369 4589 470 4658 τὴν
521 4585 777 4642 Ἰουδαίαν
827 4585 1159 4658 δεδήλωκεν·
1209 4589 1397 4662 ’Ἅγιον
1447 4583 1506 4642 δὲ
1530 4589 1628 4640 τοῦ
1659 4588 1792 4640 Θεοῦ

1890 655 2002 710 ἀντὶ
2049 660 2146 712 τοῦ
2191 663 2469 734 χρονικῶς
2502 680 2515 696 ο
2561 657 2692 734 ἐγὼ,
2743 659 2925 737 φησὶν,
2977 656 3324 736 προαιωνίως
3365 659 3546 733 γεγέν-

1889 744 2029 814 νηκά
2088 766 2145 800 σε
2201 746 2274 808 ὡς
2332 747 2482 820 Θεὸν,
2543 747 2652 823 ἐγὼ
2707 751 2981 823 χρονικῶς
3030 747 3327 824 γεγέννηκά
3382 766 3440 801 σε
3467 747 3542 809 ὡς

1890 831 2170 907 ἄνθρωπον
2197 852 2212 867 ’
2265 833 2434 892 ἄλλον
2486 837 2589 912 γὰρ
2641 836 2739 892 οὐκ
2784 835 2938 913 ἔσχες
2985 835 3132 905 πλὴν
3163 835 3298 908 ἐμοῦ
3328 834 3540 911 Πατέρα

1888 921 1950 977 τὸ
1980 921 2228 997 σύνολον,
2289 923 2436 980 ἀλλά
2481 925 2570 980 καὶ
2617 925 2754 980 κατά
2799 926 2897 995 τὴν
2955 925 3095 988 θείαν
3146 922 3393 998 γέννησιν
3447 923 3538 978 καὶ

1888 1012 2024 1066 κατὰ
2066 1013 2165 1081 τὴν
2224 1013 2566 1090 ἀνθρωπίνην
2628 1015 2738 1088 ἐγώ
2779 1035 2874 1069 σου
2909 1014 3073 1088 μόνος
3106 1015 3290 1088 Πατήρ
3327 1058 3338 1069 .
3399 1015 3537 1068 κατά

1889 1102 1987 1168 τὴν
2047 1099 2190 1166 θείαν
2254 1103 2348 1175 μὲν
2417 1101 2716 1177 οὐσιωδῶς,
2773 1105 2908 1159 κατὰ
2962 1104 3059 1172 τὴν
3103 1100 3445 1176 ἀνθρωπίνην
3478 1099 3538 1157 δὲ

1892 1187 1956 1261 δη
1971 1195 2327 1268 μιουργικῶς.

1964 1319 1994 1349 ι(
2052 1293 2282 1369 Αἴτησαι
2336 1301 2464 1376 παρ’
2538 1299 2693 1373 ἐμοῦ,
2751 1298 2841 1354 καὶ
2900 1297 3059 1354 δώσω
3119 1319 3202 1354 σοι
3253 1296 3380 1368 ἔθνη
3433 1301 3532 1370 τὴν

1888 1384 2261 1462 κληρονομίαν
2295 1408 2390 1443 σου
2437 1389 2526 1443 καὶ
2571 1389 2670 1456 τὴν
2715 1387 3032 1463 κατάσχεσίν
3081 1409 3177 1442 σου
3224 1389 3290 1443 τὰ
3335 1387 3540 1464 πέρατα

1888 1478 1988 1544 τῆς
2030 1481 2156 1551 γῆς.
2217 1501 2244 1528 ››
2305 1511 2374 1520 -
2424 1477 2676 1554 Ἐπείπερ
2738 1477 2844 1554 ἐγώ
2910 1498 3005 1531 σου
3058 1478 3244 1552 Πατὴρ
3302 1477 3389 1532 καὶ
3443 1478 3542 1533 οὐκ

1894 1561 2065 1627 ἄλλος
2119 1563 2318 1636 οὐδεὶς,
2366 1565 2481 1622 ἐπεὶ
2537 1567 2626 1622 καὶ
2679 1567 2766 1622 ὑπ’
2815 1566 2951 1639 ἐμοῦ
2999 1567 3327 1636 κατεστάθης
3388 1567 3540 1643 βασι-

1902 1651 2051 1725 λεὺς,
2105 1650 2320 1725 αἶ’τηςαι
2369 1656 2498 1732 παρ’
2544 1655 2678 1728 ἐμοῦ
2707 1675 2721 1725 ;
2777 1655 2867 1710 καὶ
2895 1651 3055 1709 δώσω
3086 1676 3168 1710 σοι
3199 1655 3277 1718 ὡς
3307 1655 3401 1728 μὲν
3431 1656 3540 1728 Υἱῷ

1887 1741 2284 1819 κληρονομίαν,
2345 1745 2419 1807 ὡς
2489 1743 2703 1819 βασιλεῖ
2760 1740 2818 1798 δὲ
2873 1742 3216 1818 κατάσχεσιν.
3277 1743 3431 1800 Αἶτεῖ
3480 1743 3539 1800 δὲ

1887 1831 2334 1908 προτρεπόμενος
2373 1833 2519 1907 παρά
2569 1837 2667 1888 τοῦ
2719 1832 2949 1908 Πατρός.
2980 1856 3008 1884 ‹‹
3039 1832 3112 1886 Οὐ
3146 1830 3376 1907 δύναμαι
3406 1833 3528 1909 γὰρ,

1811 1920 2073 2005 Βφησὶν,
2133 1921 2237 1998 ἐγὼ
2291 1927 2467 1977 ποιεῖν
2527 1921 2619 1976 ἀπ’
2668 1920 2905 1996 ἐμαυτοῦ
2959 1918 3138 1977 οὐδέν.
3195 1945 3224 1974 ››
3291 1921 3439 1976 Ἐπεὶ
3480 1919 3539 1977 δὲ

1889 2009 2026 2084 πρὸς
2077 2007 2371 2073 Ἰουδαίους
2415 2009 2764 2081 ἀπέσταλται,
2823 2010 2966 2086 λέγει
3015 2011 3158 2086 γάρ;
3221 2034 3250 2063 ι(
3299 2009 3409 2064 Οὐκ
3436 2009 3538 2065 ἀπο

1891 2097 2120 2170 εστάλην
2181 2098 2226 2153 εἰ
2278 2101 2353 2172 μή
2407 2100 2481 2162 είς
2527 2100 2595 2154 τὰ
2640 2093 2888 2176 πρόϐατα
2929 2099 2996 2154 τὰ
3026 2096 3360 2153 ἀπολωλότα
3386 2095 3538 2153 οἴκου

1893 2186 2279 2263 Ἰερουσαλήμ.
2333 2211 2362 2240 ››
2414 2190 2466 2244 οἱ
2515 2187 2572 2243 δὲ
2621 2187 2776 2244 αὐτὸν
2827 2187 2926 2243 οὐκ
2963 2184 3228 2260 ἐδέξαντο,
3263 2183 3352 2241 διὰ
3380 2191 3539 2241 τοῦτο

1892 2278 1961 2331 τὰ
2016 2273 2138 2347 ἔθνη
2198 2275 2573 2353 κληρονομίαν
2633 2277 2771 2332 αἰτεῖ
2823 2275 2939 2332 κατ’
3009 2274 3249 2330 εὐδοκίαν
3308 2276 3539 2352 Πατρὸς,

1895 2369 1991 2420 καῖ
2041 2363 2460 2441 κληροδοτεῖται
2515 2370 2703 2438 ταῦτα,
2765 2365 2840 2427 ὡς
2917 2366 3202 2439 ἀνθρωπος
3272 2363 3362 2418 καὶ
3443 2365 3540 2432 τήν

1899 2454 2136 2528 ἐξουσίαν
2194 2456 2358 2510 αὐτοῦ
2415 2457 2506 2510 καὶ
2555 2455 2617 2509 τὸ
2693 2455 2890 2531 κράτος
2964 2448 3231 2526 λαμϐάνει
3306 2451 3546 2528 παγκόσ-

1905 2565 2050 2616 μιον,
2105 2540 2212 2606 ἕως
2267 2544 2358 2598 καὶ
2416 2543 2592 2599 αὐτῶν
2645 2547 2752 2597 τῶν
2812 2542 3060 2618 περάτων
3119 2544 3220 2611 τῆς
3266 2562 3366 2617 γης
3400 2539 3545 2597 διικ-

1900 2632 2154 2706 νούμεννν
2165 2676 2177 2690 .

1977 2745 2004 2772 ‹‹
2037 2727 2331 2795 Ποιμανεῖς
2387 2720 2581 2783 αὐτοὺς
2630 2719 2682 2776 ἐν
2735 2714 2921 2796 ῥάϐδῳ
2971 2716 3188 2794 σιδηρᾷ.
3241 2742 3270 2771 »
3317 2751 3387 2762 —
3417 2717 3542 2775 Ἀὐ-

1899 2810 2026 2872 τοὺς
2085 2808 2142 2866 δὲ
2209 2810 2336 2874 τοὺς
2423 2808 2716 2872 Ἰουδαίους
2793 2809 2844 2864 ἐν
2945 2807 3160 2885 μάστιγι
3238 2806 3546 2872 παιδεύσεις

1903 2899 2116 2977 στερρῷ,
2175 2897 2305 2962 τοὺς
2365 2901 2442 2973 μὴ
2511 2897 2834 2972 δεξαμένους
2887 2897 2978 2952 τὸν
3035 2897 3201 2972 λόγον
3241 2918 3358 2971 σου,
3390 2918 3542 2952 συνε-

1900 2994 2022 3066 χεῖς
2077 2989 2166 3044 καὶ
2251 2986 2486 3067 σφοδρὰς
2569 2987 2838 3065 τιμωρίας
2918 2985 3133 3048 τούτοις
3220 2985 3539 3062 ἐπενεγκών.

1901 3075 2152 3134 Παιδεύει
2212 3079 2306 3151 μὲν
2359 3077 2449 3133 καὶ
2509 3079 2537 3134 ὁ
2567 3078 2774 3151 ποιμὴν
2830 3075 2881 3131 ἐν
2914 3074 3220 3151 ἡμερότητι
3247 3076 3345 3132 παὶ
3373 3076 3540 3152 πραό-

1898 3189 2022 3238 τητι
2053 3168 2142 3222 καὶ
2198 3167 2273 3230 εἰς
2334 3165 2603 3240 σωτηρίαν
2662 3166 2725 3222 τὸ
2780 3165 3036 3239 ποίμνιον
3069 3183 3087 3201 ο
3140 3163 3286 3221 ἀλλᾶ
3329 3165 3391 3220 σὺ
3419 3186 3542 3220 παι-

1903 3253 2105 3318 δεύσεις
2164 3255 2358 3319 αὐτοὺς
2415 3255 2466 3312 ἐν
2537 3255 2673 3334 ὀργῇ
2726 3255 2814 3310 καὶ
2875 3258 3031 3328 θυμῷ
3082 3254 3172 3309 καὶ
3217 3256 3292 3318 εἷς
3323 3253 3542 3334 διαφθο-

1907 3346 2020 3422 ρὰν,
2079 3343 2169 3400 διὰ
2213 3347 2312 3415 τήν
2372 3347 2536 3423 ἄκραν
2596 3343 2770 3400 αὐτῶν
2803 3344 3180 3421 ἀνοσιουργίαν
3212 3343 3300 3399 καὶ
3330 3342 3539 3400 τελείαν

1904 3434 2170 3490 ἀπείθειαν
2181 3476 2193 3489 .

1977 3545 2008 3575 ‹‹
2053 3528 2141 3586 Ὡς
2197 3521 2360 3593 σκεύη
2420 3523 2701 3599 κεραμέως
2760 3524 3061 3599 συντρίψεις
3117 3508 3330 3584 αὐτούς.
3387 3546 3417 3575 ››
3476 3555 3546 3564 -

1903 3613 1992 3675 Ὠς
2045 3612 2114 3667 τὰ
2167 3611 2402 3690 κεράμια
2448 3610 2610 3681 σκεύη
2666 3611 3048 3690 καταθραύσεις
3105 3611 3319 3682 αὐτοὺς,
3363 3611 3451 3666 καὶ
3481 3607 3544 3666 οῦ

1901 3702 2022 3756 ποτ’
2084 3701 2142 3755 ἄν
2200 3699 2494 3772 ἀνάκλησιν
2552 3695 2812 3775 ὅψοιντο·
2871 3701 3110 3778 καθάπερ
3181 3699 3294 3755 οὐδ’
3375 3700 3546 3755 ἐκεῖνα

1904 3784 2247 3864 συντριϐέντα
2297 3791 2390 3864 μὲν
2443 3787 2506 3844 τὸ
2559 3792 2948 3864 καμινευθῆναι
3005 3790 3095 3845 καὶ
3168 3788 3543 3847 λεπτυνθέντα.

1976 3917 2005 3945 ‹‹
2053 3893 2150 3948 Καὶ
2205 3897 2294 3948 νῦν
2369 3892 2633 3970 βασιλεῖς,
2695 3895 2899 3966 σύνετε,
2942 3893 3289 3966 παιδεύθητε,
3351 3897 3544 3958 πάντες

1903 3983 1954 4038 οἱ
1979 3982 2251 4059 κρίνοντες
2281 3983 2381 4052 τὴν
2409 3990 2536 4059 γῆν.
2572 4007 2601 4036 ‹‹
2627 4017 2696 4026 -
2733 3989 2902 4040 Τοῦτο
2932 3984 3070 4060 πρὸς
3125 3984 3252 4047 τοὺς
3302 3981 3544 4049 ἔθνικοῦς

1901 4071 1954 4128 ἐν
1985 4076 2129 4148 πάσῃ
2182 4075 2251 4148 τῇ
2303 4076 2376 4149 γῇ
2432 4072 2672 4147 βασιλεῖς
2727 4095 2786 4129 τε
2841 4074 2931 4130 καὶ
2961 4073 3238 4150 ἡγεμόνας
3270 4075 3543 4154 ὁπροφή-

1897 4183 2000 4233 της
2052 4161 2207 4240 φησὶ,
2253 4162 2343 4217 καὶ
2403 4159 2474 4217 δι’
2528 4161 2702 4218 αὐτῶν
2741 4162 2830 4218 καὶ
2862 4164 2996 4239 πρὸς
3021 4162 3150 4225 τοὺς
3182 4161 3545 4235 ὑποταττομέ-

1899 4272 2024 4314 νους
2073 4250 2276 4314 αὐτοῖς.
2327 4251 2462 4314 Τοὺς
2516 4250 2710 4314 αὐτοὺς
2748 4249 2807 4307 δὲ
2860 4251 3019 4308 καλεῖ
3055 4251 3145 4306 καὶ
3181 4249 3422 4326 βασιλεῖς
3453 4250 3542 4306 καὶ

1898 4342 2105 4417 κριτὰς,
2163 4337 2336 4396 εἷ’τουν
2397 4337 2669 4404 δικαστάς·
2731 4339 3002 4398 Βασιλέων
3062 4341 3165 4416 γὰρ
3254 4339 3344 4394 καὶ
3415 4341 3545 4414 ἡγε-

1905 4428 2080 4503 μόνων
2141 4429 2251 4485 ἐστὶ
2307 4431 2369 4484 τὸ
2427 4427 2751 4500 δικαστικὸν,
2797 4429 2911 4484 ἐπεὶ
2959 4428 3048 4484 καὶ
3076 4429 3139 4483 τὸ
3169 4428 3545 4501 νομοθετικὸν,

1898 4519 1962 4573 τὸ
1993 4515 2051 4573 δὲ
2103 4518 2194 4573 καὶ
2245 4521 2336 4574 νῦν
2393 4515 2560 4589 δηλοῖ
2607 4519 2700 4592 μὲν
2745 4519 2836 4573 καὶ
2875 4518 2936 4572 τὸ
2965 4515 3054 4572 διὰ
3079 4520 3261 4589 τοῦτο,
3295 4513 3462 4587 δηλοῖ
3487 4514 3546 4573 δὲ

1900 4608 1990 4662 καὶ
2037 4608 2098 4663 τὸ
2151 4607 2256 4663 ἀπὸ
2311 4605 2468 4663 τοῦδε
2509 4609 2600 4663 καὶ
2650 4606 2841 4663 λοιπόν
2893 4627 3026 4685 φησι
3075 4604 3265 4668 πάντες
3297 4605 3454 4678 ὑμεῖς
3493 4607 3547 4661 οἳ

161 4680 220 4774 ’ξδ
271 4682 522 4774 τοξθῧῖον.
575 4671 724 4774 ὅρος]
784 4677 859 4774 (ἒς
906 4675 1311 4774 δῗίιξσιωμένον·
1342 4679 1458 4774 θεῷ
1489 4693 1502 4706 ’
1551 4675 1642 4774 ’ξξιὶ
1689 4675 1791 4774 Υὰίξ
1823 4675 1872 4742 D
1900 4701 2007 4753 τῶν
2066 4696 2231 4752 ἐθνῶν
2288 4697 2532 4774 βασιλεῖς
2585 4698 2636 4752 οἱ
2702 4671 2975 4774 κρίνοντες
3043 4700 3214 4750 πᾶσαν
3267 4695 3367 4763 τὴν
3418 4701 3543 4770 γῆν,

163 4769 212 4823 ἐν
263 4773 379 4830 τοῖς
436 4765 610 4842 ὁρίοις
662 4765 826 4822 αὐτοῦ
881 4766 970 4821 καὶ
1017 4766 1372 4842 Ἱερουσακὴμ
1417 4767 1452 4834 ἡ
1509 4762 1673 4828 πόλις
1705 4766 1794 4820 καὶ

164 4859 191 4912 ὁ
237 4856 380 4926 ναὸς,
432 4855 482 4911 ἐν
531 4856 578 4927 ᾦ
625 4860 769 4909 πᾶσα
819 4851 1041 4930 λατρεία
1085 4855 1394 4930 προσήγετο
1427 4851 1686 4921 διηνεκῶς
1715 4859 1795 4927 τῷ

163 4951 290 5019 Θεῷ.
348 4945 456 5014 Τὴν
510 4943 674 4999 αὐτοῦ
732 4941 790 4998 δὲ
847 4941 1194 5000 διδασκαλίαν
1257 4942 1583 5018 πρόσταγμα
1637 4941 1796 4999 καλεῖ

159 5040 252 5091 τοῦ
296 5034 528 5110 Πατρὸς,
577 5034 652 5096 ὡς
701 5031 902 5102 οἰκείας
948 5034 1126 5108 ἀρχῆς
1162 5052 1175 5066 ο
1225 5031 1367 5088 οὕτω
1414 5033 1518 5109 γὰρ
1549 5032 1645 5087 κάν
1675 5037 1794 5096 τοῖς

159 5122 502 5202 Εὐαγγελίοις
531 5121 692 5201 φησίν
728 5141 741 5155 ο
793 5146 822 5176 ‹‹
853 5127 909 5177 Ὀ
939 5119 1107 5196 λόγος
1138 5120 1197 5176 ὅν
1229 5119 1450 5176 ἀκούετε
1505 5120 1605 5176 οὐκ
1652 5118 1792 5176 ἔστιν

161 5213 306 5288 ἐμὸς,
336 5210 478 5268 ἀλλά
507 5215 605 5266 τοῦ
632 5209 946 5284 πέμψαντός
982 5232 1049 5284 με
1080 5209 1310 5285 Πατρός.
1345 5233 1374 5262 ››

229 5345 256 5373 ‹‹
287 5319 483 5396 Κύριος
515 5319 627 5374 εἶπε
657 5317 794 5393 πρός
831 5339 917 5391 με,
980 5317 1102 5380 Υἱός
1152 5339 1258 5391 μου
1308 5317 1358 5372 εἴ
1398 5316 1480 5372 σύ.
1518 5341 1539 5369 ιι
1602 5349 1670 5360 -
1699 5317 1796 5381 Εἰς

159 5410 481 5486 παράστασιν
542 5415 641 5476 τῆς
699 5405 956 5476 ἀληθείας
1010 5407 1178 5462 ταῦτά
1233 5429 1367 5486 φησι
1421 5407 1556 5482 πρὸς
1622 5409 1794 5480 ἡμᾶς,

162 5500 244 5554 ἴνα
294 5503 506 5574 γνῶμεν
566 5495 648 5551 ὅτι
701 5495 808 5572 πρὸ
861 5501 967 5550 τῶν
1028 5497 1234 5551 αἰώνων
1295 5498 1579 5573 θοπρεπῶς
1614 5497 1794 5572 γεγέν-

162 5608 310 5660 νηται
368 5586 514 5664 παρά
540 5590 635 5640 τοῦ
667 5589 798 5640 Θεοῦ
827 5583 916 5640 καὶ
946 5585 1176 5661 Πατρὸς,
1209 5584 1300 5640 καὶ
1349 5586 1472 5648 Υἱὸς
1523 5589 1620 5639 τοῦ
1665 5588 1797 5639 Θεοῦ

162 5680 272 5735 κατ’
299 5675 480 5732 οὐσίαν
516 5675 676 5732 ἐστίν.

237 5766 430 5844 ιἘγὼ
489 5767 734 5841 σήμερον
789 5762 1084 5839 γεγέννηκά
1140 5785 1215 5822 σε.
1282 5789 1304 5814 ι
1365 5767 1650 5819 -σΤοῦτο
1710 5761 1798 5820 διὰ

1902 4783 2078 4861 ἤγουτ
2137 4787 2188 4841 οἱ
2246 4785 2299 4841 ἐν
2355 4785 2473 4859 ὅλῳ
2526 4791 2606 4858 τῷ
2652 4785 2845 4860 κόσμῳ
2877 4783 3204 4855 δικάζοντες,
3234 4783 3348 4839 ἐπεὶ
3378 4782 3544 4856 ἐκλη-

1904 4875 2119 4951 ρώθητε
2170 4878 2250 4947 τῷ
2305 4875 2542 4951 Χριστῷ,
2599 4876 2688 4929 καὶ
2742 4871 2998 4929 Ἰουδαῖοι
3054 4871 3418 4952 ἀπερρίφησαν
3454 4873 3545 4929 καὶ

1905 4963 2049 5018 δεινά
2103 4963 2269 5040 μυρία
2322 4964 2666 5035 πεπόνθασιν,
2727 4963 2802 5026 ὡς
2855 4964 2946 5018 τὸν
3000 4962 3226 5039 Χριστὸν
3253 4961 3546 5034 ἀθετήσαν-

1901 5073 2008 5125 τες,
2070 5051 2186 5107 ἐπεὶ
2233 5054 2385 5117 ταῦθ’
2437 5051 2610 5115 οὕτως
2667 5047 2804 5130 ἔχει,
2862 5051 3041 5107 σύνετε
3099 5051 3187 5107 καὶ
3216 5048 3544 5122 παιδεύθητε

1902 5142 1993 5196 καὶ
2039 5141 2115 5205 ὡς
2171 5141 2351 5217 κριταὶ
2407 5141 2497 5196 καὶ
2555 5139 2849 5214 νομοθέται
2905 5141 2995 5196 καὶ
3050 5141 3180 5204 τοὺς
3260 5141 3346 5220 ὑφ’
3401 5141 3544 5215 ὑμᾶς

1905 5229 2072 5292 λαοὺς
2133 5228 2518 5307 διορθώσασθε.
2580 5231 2676 5285 Διά
2733 5232 2826 5304 μὲν
2882 5228 2974 5286 οῦν
3028 5235 3125 5286 τοῦ
3183 5229 3361 5307 σύνετε
3405 5231 3544 5307 πρὸς

1904 5313 2173 5374 εὐσέϐειαν
2226 5318 2399 5396 ἐνάγει
2455 5317 2672 5389 αὐτοὺς,
2730 5317 2819 5374 διὰ
2902 5318 2959 5375 δὲ
3038 5324 3136 5376 τοῦ
3184 5305 3547 5391 ξπαιδεύθητε

1902 5408 2039 5482 πρὸς
2100 5409 2301 5481 σεμνὴν
2370 5409 2460 5463 καὶ
2514 5411 2784 5484 σωτήριον
2842 5407 3142 5486 διαγωγήν.
3189 5405 3547 5486 ’Ὑπερϐατῶς

1905 5495 1962 5553 δὲ
1991 5496 2082 5552 καὶ
2139 5492 2438 5561 άσυνδέτως
2495 5501 2530 5568 ἡ
2591 5497 2832 5570 σύνταξις
2863 5519 2876 5532 ν
2927 5523 2957 5551 ‹‹
3009 5499 3108 5554 Καὶ
3152 5502 3267 5573 νῦν,
3305 5495 3548 5573 βασιλεῖς

1903 5585 2098 5649 πάντες
2155 5587 2207 5641 οἱ
2258 5587 2531 5664 κρίνοντες
2588 5590 2686 5658 τήν
2743 5595 2871 5663 γῆν,
2941 5587 3138 5657 σύνετε,
3223 5584 3548 5655 παιδεύθητε

1905 5677 1958 5730 οἱ
2002 5677 2198 5749 πρώην
2249 5674 2396 5740 ὄντες
2449 5675 2689 5733 ἀσύνετοι
2737 5679 2826 5733 καὶ
2879 5676 3190 5733 ἀπαίδευτοι
3226 5695 3240 5710 ⁸

1902 5786 1986 5820 τοι
2049 5765 2143 5837 μὲν
2201 5765 2275 5828 ὡς
2347 5769 2422 5840 μή
2485 5766 2748 5830 συνιέντες
2789 5766 2880 5822 τὸν
2914 5762 3042 5822 ὄντα
3072 5763 3222 5836 Θεὸν,
3255 5762 3398 5818 ἀλλὰ
3426 5768 3542 5823 τοῖς

3295 5700 3323 5728 ›)
3367 5675 3492 5730 ἀσύν
3501 5696 3548 5728 ε-
