3988 6418
440 399 595 461 1335

1682 393 2107 459 NICEPHOBI
2150 393 2358 455 BLEM
2368 392 2590 455 MIDE

3700 398 3859 458 £336

436 527 537 584 οὐκ
591 524 708 583 οῦσι
767 530 912 592 θεοῖς
980 525 1248 591 ἀσυνέτως
1322 525 1693 604 λατρεύοντες,
1751 522 2081 581 ἀπαίδευτοι’
2109 528 2290 597 Ατῆς
2337 520 2584 587 παιδείας
2631 522 2920 600 ἀναγκαῖόν
2967 524 3129 598 ἐστῖν,
3179 522 3273 580 εἴτ’
3318 525 3412 580 οῦν
3455 525 3631 599 ὀξέως
3685 526 3860 602 ἁρπά-

436 614 495 674 δέ
552 615 627 680 ὥς
687 616 764 690 μὴ
821 613 1239 691 πεπαιδευμένοι
1294 621 1374 689 τῷ
1427 612 1581 691 νόμῳ
1634 621 1713 689 τῷ
1768 615 1936 693 ὀρθῷ,
1967 611 2077 669 ἀλλ

434 702 772 768 ἀπαιδεύτως
825 705 892 761 τὰ
946 704 1237 783 παράνομα
1293 705 1641 783 πράττοντες.
1700 705 1893 760 Σύνετε
1963 702 2080 773 τὸν,

440 795 487 868 ᾧ
542 792 895 871 κεκλήρωσθε
958 795 1153 872 Κύριον
1207 793 1296 850 καί
1353 796 1500 866 Θεὸν,
1558 794 1648 849 καὶ
1701 794 1880 858 καθὼς
1926 792 2084 853 αὐτὸς

441 880 700 955 ἐδίδαξεν,
747 879 924 947 οὕτως
971 883 1118 957 αὖτῷ
1164 884 1228 940 τὸ
1279 878 1439 947 σέϐας
1488 884 1809 960 προσάγετε.
1860 878 2086 937 Παιδεύ-

439 974 572 1046 θητε
620 977 737 1037 τοῖς
796 973 960 1028 αὐτοῦ
1019 971 1374 1049 διατάγμασιν
1410 993 1424 1006 ⁸
1476 974 1566 1028 καὶ
1596 973 1775 1035 καθὼς
1801 975 1968 1026 ταῦτα
1997 983 2082 1035 θε-

441 1061 743 1136 σπίζουσιν,
795 1060 939 1118 οὓτω
992 1062 1082 1118 καὶ
1139 1061 1487 1119 πολιτεύεσθε
1517 1081 1530 1094 ⁸
1588 1061 1767 1123 πίστις
1798 1060 1901 1136 γάρ
1932 1059 2082 1122 ἐκτὸς

440 1150 610 1229 ἔργων
637 1150 921 1223 ἀνόνητος.

515 1279 545 1309 ι(
576 1253 911 1311 Δουλεύσατε
962 1260 1042 1329 τῷ
1096 1256 1278 1332 Κυρίῳ
1334 1256 1385 1311 ἐν
1417 1256 1595 1334 φόβῳ.
1657 1278 1687 1307 »
1745 1289 1813 1298 —
1853 1255 2082 1327 Δοῦλος,

440 1344 648 1407 ἐκεῖνός
707 1343 847 1401 ἐστιν
907 1346 937 1399 6
995 1341 1291 1421 δεῃγμένος
1349 1345 1479 1407 ὃλος
1524 1350 1605 1417 τῷ
1660 1349 1759 1399 τοῦ
1824 1341 2085 1400 δεσπότου

441 1432 736 1508 θελήματι.
794 1434 888 1490 Διὸ
932 1434 1002 1489 τὰ
1057 1433 1340 1508 θελήματα
1420 1438 1518 1489 τοῦ
1602 1433 1800 1509 Κυρίου
1882 1434 2089 1488 ποιεῖτε

443 1527 745 1600 τηροῦντες
800 1522 963 1579 αὐτοῦ
1029 1523 1098 1577 τὰ
1152 1523 1539 1599 προστάγματα
1565 1542 1579 1555 ⁸
1638 1521 1785 1592 πλὴν
1852 1522 1959 1598 οὐχ
2014 1522 2089 1584 ὡς

443 1609 657 1687 ἔτυχεν,
696 1609 824 1666 ἀλλ’
854 1610 906 1667 ἐν
955 1606 1133 1690 φόϐῳ,
1183 1609 1417 1673 δεδιότες
1476 1613 1676 1684 μήπως
1730 1610 1866 1666 αύτά
1917 1631 2089 1687 παρα-

445 1695 633 1763 ϐάντες
679 1697 901 1755 κολάσει
956 1700 1409 1776 καθυπαχθείητε.
1468 1701 1567 1755 Καὶ
1624 1700 1785 1763 οῦτος
1846 1700 1938 1774 μὲν
1972 1705 2090 1761 τοῖς

444 1786 819 1866 είσαγόμένοις
870 1790 900 1845 6
952 1784 1121 1867 φόϐος
1164 1788 1487 1866 ἐπιπρεπής,
1543 1790 1607 1844 τὸ
1651 1790 1747 1852 τὰς
1817 1788 2088 1862 τιμωρίας

444 1876 696 1949 δεδιέναι,
752 1879 819 1934 τὰ
869 1885 972 1969 τῆς
1028 1874 1379 1969 παραϐάσεως
1435 1879 1703 1969 ἐπιτίμια.
1765 1878 1874 1969 ⁸Καὶ
1901 1877 2088 1969 Δλέγε·
2118 1902 2169 1969 Β

440 1988 529 2024 ται
584 1967 1014 2043 ποιχειωτικὸς,
1072 1967 1147 2030 ὡς
1212 1971 1311 2023 τοῦ
1367 1969 1504 2023 κατὰ
1532 1967 1662 2023 Θεὸν
1689 1965 2092 2039 πολιτεύματος

447 2057 595 2133 ἀρχή
644 2056 734 2112 καὶ
791 2056 1159 2132 στοιχείωσις,
1215 2054 1306 2111 καί
1356 2057 1386 2111 6
1440 2060 1631 2111 τοῦτον
1692 2053 1836 2131 ἔχων
1866 2056 1959 2111 τὸν
1991 2055 2091 2131 φό-

449 2141 547 2201 ϐον
580 2143 633 2201 ἐν
687 2142 908 2207 δούλοις
948 2144 1197 2200 τέτακται
1227 2163 1240 2177 ⁸
1293 2141 1495 2200 δούλου
1542 2146 1645 2221 γὰρ
1695 2145 1759 2199 τὸ
1810 2140 2091 2222 φοϐεῖσθαι

446 2230 685 2310 πληγάς.
732 2235 881 2289 Ἔστι
927 2232 1017 2288 καὶ
1058 2231 1229 2295 ἄλλος
1261 2227 1452 2311 φόϐος,
1484 2234 1513 2287 6
1544 2231 1843 2309 λεγόμενος
1872 2232 2094 2288 τελειω-

446 2321 620 2394 τικός,
650 2320 775 2378 ὅταν
804 2343 887 2385 τις
918 2321 980 2378 οὐ
1012 2319 1101 2377 διὰ
1130 2317 1296 2400 φόϐον
1327 2321 1627 2394 κολάσεων,
1660 2321 1723 2378 οὐ
1779 2320 1850 2376 δι’
1896 2319 2095 2377 ἐλπίδα

449 2408 614 2484 δόξης
669 2412 762 2467 καὶ
817 2408 1192 2484 ἀπολαύσεων,
1250 2408 1397 2466 ἀλλὰ
1447 2408 1537 2466 διὰ
1588 2412 1689 2481 τήν
1747 2410 1884 2487 πρὸς
1967 2411 2094 2466 Θεὸν

446 2499 584 2557 αίδὼ
640 2497 845 2575 σπεύδῃ
897 2498 1205 2577 θεραπεύειν
1264 2498 1445 2571 ούτὸν,
1508 2505 1584 2574 μή
1632 2500 1768 2556 κατὰ
1795 2498 1963 2573 νόμον
1998 2497 2095 2573 μό-

446 2610 538 2646 νον
594 2589 742 2646 ἀλλᾶ
794 2589 885 2646 καὶ
941 2589 1074 2666 ὑπὲρ
1130 2588 1298 2664 νόμον
1357 2587 1804 2662 πολιτευόμενος,
1850 2589 2007 2650 οὗτος
2037 2586 2089 2643 ἐν

455 2680 600 2742 υἱοῖς
632 2677 825 2758 ἔφθασε
849 2676 1196 2755 κατειλέχθαι
1245 2682 1399 2736 Θεοῦ.
1459 2679 1556 2733 Καὶ
1615 2676 1806 2741 δεδιὼς
1852 2676 2090 2733 ἐκπεσεῖν

446 2776 549 2839 τῆς
599 2768 675 2833 είς
725 2768 885 2824 αὐτὸν
952 2768 1204 2839 υἱότητός
1242 2789 1302 2823 τε
1346 2768 1435 2823 καὶ
1480 2767 1835 2843 γνησιότητος
1890 2766 2092 2843 ἀγωνί-

452 2863 595 2928 ζεται
650 2856 935 2914 συντείνων
990 2858 1079 2913 καὶ
1139 2858 1269 2933 ὑπὲρ
1347 2854 1572 2932 δύναμιν
1654 2857 1860 2927 ἑαυτὸν,
1937 2857 2094 2931 ὑπερ-

456 2942 658 3003 ϐαίνειν
713 2946 759 3003 εἰ
818 2946 931 3003 οἷόν
984 2968 1044 3003 τε
1116 2946 1205 3002 καὶ
1279 2948 1416 3001 ἅπαν
1512 2944 1785 3022 διάταγμα
1815 2965 1827 2977 ⁸
1913 2947 2092 3011 καθὼς

451 3035 621 3093 ἐποίει
678 3035 894 3099 Παῦλος
942 3036 971 3091 ὁ
1022 3035 1189 3112 μέγας
1238 3035 1327 3091 καὶ
1373 3038 1471 3105 τῆς
1511 3033 1735 3105 ἐντολῆς
1765 3033 2091 3105 κελευούσης

451 3124 704 3200 ἄμισθον,
734 3123 861 3182 ἀλλ’
889 3124 988 3181 οὐκ
1017 3122 1286 3181 ἀδάπανον
1335 3124 1468 3180 εἶναι
1522 3125 1585 3179 τὸ
1638 3126 1895 3201 κήρυγμα
1926 3143 1940 3156 ·
2000 3123 2087 3179 καὶ

443 3214 548 3292 γὰρ
606 3213 750 3286 ἄξιός
806 3212 946 3270 ἐστιν
1005 3214 1033 3269 6
1087 3212 1339 3290 ἐργάτης,
1399 3213 1552 3290 φησὶ,
1609 3220 1709 3283 τῆς
1763 3212 1928 3268 αὐτοῦ
1964 3233 2088 3288 τρο-

2194 617 2298 682 ζειν
2357 612 2524 682 αὐτὴν
2574 614 2664 668 καὶ
2713 613 3016 683 εἷσοικίζειν
3060 613 3112 668 ἐν
3159 614 3392 678 ἑαυτοῖς.
3445 616 3522 671 Τὸ
3582 615 3693 692 γὰρ
3725 636 3863 693 χρο-

2190 702 2348 771 νίζειν
2409 702 2461 757 ἐν
2519 706 2600 774 τῷ
2655 707 2805 775 κακῷ
2858 704 3092 779 πονηρὸν
3144 698 3262 768 ἔθος
3316 704 3485 760 τίκτει
3551 705 3653 760 καὶ
3706 727 3860 761 συνα-

2190 785 2493 862 πόϐλητοψ
2544 797 2745 865 Ὥσπερ
2798 792 2902 868 γάρ
2961 790 3012 863 ἐξ
3058 790 3211 855 ἔθους
3248 795 3284 863 ἡ
3317 794 3482 867 ἀρετὴ
3506 793 3577 849 τὸ
3611 794 3859 868 μύνιμον

2193 878 2310 955 ἔχει
2365 878 2455 933 καὶ
2511 879 2732 955 πάγιον,
2793 876 2937 935 οὕτω
2998 880 3091 935 καὶ
3146 883 3182 951 ἡ
3237 881 3398 937 κακία
3452 880 3863 959 δυσέκτριπτύς

2194 967 2330 1023 ἐστιν
2378 967 2761 1044 ἐγχρονίσασα.
2817 970 2920 1026 Καὶ
2965 969 3033 1023 τά
3079 968 3265 1025 πολλά
3309 975 3427 1033 τοῖς
3477 970 3671 1040 αὐτῆς
3716 971 3865 1048 ἐργά-

2192 1078 2310 1120 ταις
2356 1056 2798 1134 συγκαταλύεται.
2842 1059 2937 1127 Μή
2988 1056 3231 1129 σπουδῆς
3268 1058 3351 1115 ὅτι
3384 1058 3620 1131 πολλῆς
3660 1060 3864 1116 εἰσενε-

2195 1142 2422 1219 χθείσης
2476 1144 2552 1207 είς
2595 1146 2695 1214 τήν
2742 1145 2945 1216 ταύτης
3003 1140 3288 1216 ἀποϐολὴν
3351 1148 3445 1203 καὶ
3506 1149 3618 1217 τήν
3672 1152 3862 1219 κτῆσιν

2191 1237 2290 1287 τοῦ
2344 1232 2565 1309 ἀγαθοῦ,
2628 1232 2895 1307 Δράξασθε
2947 1232 3213 1307 παιδείας,
3274 1238 3391 1309 μετ’
3450 1236 3864 1311 ἐπιτεταμένης

2192 1328 2499 1397 ταχυτῆτος
2575 1317 2834 1386 λαϐόντες
2902 1323 3089 1394 αὐτὴν,
3150 1323 3306 1388 ὅλαις
3365 1323 3523 1400 δραξὶ
3590 1330 3864 1404 κατάσχε-

2194 1429 2253 1464 τε
2306 1410 2397 1465 καὶ
2476 1410 2761 1489 φυλάξατε,
2833 1412 3115 1489 προθυμίᾳ
3184 1414 3467 1490 χρώμενοι
3548 1415 3712 1491 πάσῃ
3784 1418 3863 1471 καὶ

2195 1498 2369 1575 ἀγῶνι
2423 1498 2643 1573 πολλῷ,
2703 1501 2792 1556 καὶ
2849 1500 3297 1577 στναντιλήψεται
3374 1503 3610 1578 Κύριος,
3680 1504 3725 1575 ἤ
3780 1507 3863 1580 μὲν

2197 1588 2576 1664 ὀργισθήσεται
2659 1590 2750 1644 καὶ
2825 1590 2966 1647 ἐάσει
3037 1591 3199 1665 ὑμᾶς,
3274 1592 3366 1647 καὶ
3433 1592 3755 1650 ἀπολεῖσθε
3816 1596 3866 1651 ἐι

2194 1680 2293 1747 τῆς
2344 1675 2475 1732 ὁδοῦ
2529 1684 2630 1747 τῆς
2690 1676 2902 1743 δίκαίας
2951 1699 2964 1711 '
3034 1680 3101 1750 ἥν
3172 1676 3305 1757 ἔγνῶ
3358 1682 3455 1736 καὶ
3514 1682 3859 1755 ᾠκειώσατο.

2195 1765 2407 1836 Ταύτης
2465 1767 2780 1830 ἐκπεσόντες
2827 1765 2886 1823 δὲ
2941 1775 3044 1839 τῆς
3100 1766 3252 1842 ὁδοῦ,
3318 1769 3410 1825 καὶ
3467 1775 3574 1825 τοῦ
3652 1770 3863 1849 κλήρου

2194 1859 2304 1909 τῶν
2360 1852 2581 1911 δικαίων
2640 1859 3042 1913 συνεκπεσεῖσθε
3092 1858 3229 1913 κατὰ
3292 1860 3392 1929 τήν
3773 1870 3859 1932 τῆς

2198 1943 2445 2021 κρίσεως.
2506 1946 2665 2022 Λέγοι
2722 1943 2768 2001 δ’
2824 1943 2883 2000 ἄν
2939 1943 3069 2009 ἴσως
3144 1946 3235 2002 καὶ
3306 1947 3371 2003 τὸ
3438 1952 3555 2002 τῶν
3638 1946 3856 2006 δικαίων

2198 2032 2381 2110 τάγμα
2432 2031 2640 2090 δικαίαν
2702 2032 2851 2093 ὁδόν.
2904 2034 3185 2108 Εἶώθαμεν
3233 2036 3339 2113 γάρ
3385 2038 3483 2091 καὶ
3515 2039 3701 2111 ἡμεῖς
3732 2037 3860 2095 ἰδόν-

2198 2142 2286 2183 τες
2350 2121 2622 2185 πολλάκις
2677 2121 2885 2197 ἀνδρῶν
2931 2118 3173 2179 εὖλαϐῶν
3229 2124 3562 2199 ἀθροισμὸν.
3644 2128 3686 2197 ἢ
3775 2130 3857 2201 μὲν

2200 2210 2496 2281 ἀκηκοότες
2525 2210 2647 2286 περὶ
2679 2211 2853 2267 αὐτῶν
2878 2210 3078 2287 λέγειν,
3102 2211 3255 2282 Καλή
3273 2211 3561 2290 διαγωγὴ,
3583 2216 3853 2294 Θωφιλής

2200 2298 2473 2373 πολιτεία,
2518 2304 2586 2375 τῇ
2634 2304 2791 2375 κοινῇ
2837 2306 2936 2356 τοῦ
2983 2299 3140 2378 ἔργου
3168 2303 3524 2380 προσηγορία
3554 2305 3691 2368 τοὺς

2205 2394 2263 2459 ζο
2272 2387 2462 2464 μένους
2493 2386 2654 2461 διαθη
2665 2387 2965 2462 μαίνοντες.

2273 2502 2304 2531 ‹‹
2334 2482 2494 2534 ’Ὀταν
2523 2478 2756 2553 ἐκκαυθῇ
2781 2478 2834 2534 ἐν
2862 2478 3020 2556 τάχει
3054 2479 3083 2534 6
3121 2481 3294 2553 θυμὸς
3349 2480 3549 2539 αὐτοῦ.
3619 2515 3692 2528 —-
3738 2485 3845 2539 τότε

2199 2568 2302 2645 γάρ
2356 2568 2569 2644 ταχέως
2624 2568 2653 2622 6
2707 2568 2879 2643 θυμὸς
2924 2568 3089 2624 αὐτοῦ
3131 2567 3480 2641 ἐκκαήσεται·
3537 2573 3738 2649 Χώραν
3764 2573 3841 2629 οὐκ

2201 2653 2433 2734 ἔχοντος
2458 2661 2556 2711 τοῦ
2581 2662 2947 2733 μακροθυμεῖν
2982 2675 2996 2690 ⁸
3029 2654 3120 2713 διὰ
3141 2659 3204 2713 τὸ
3233 2658 3660 2735 συγκεκλῆσθαι
3699 2662 3835 2717 πάντα

2198 2752 2299 2816 τῆς
2331 2745 2612 2820 μετανοίας
2642 2745 2851 2823 καιρόν.

2274 2858 2305 2888 ι(
2356 2834 2626 2911 Μακάριοι
2666 2835 2863 2896 πάντες
2918 2835 2970 2890 οἳ
3024 2835 3343 2899 πεποιθότες
3420 2838 3515 2893 ἐπ’
3594 2840 3740 2895 αὐτόν.
3788 2864 3810 2886 ι

2200 2956 2268 2967 -
2324 2924 2389 2978 Οἱ
2433 2923 2753 2989 πεποιθότες
2800 2923 3143 3001 ἐμπράκτως,
3194 2925 3257 2979 οὗ
3306 2924 3513 3001 λόγοις
3587 2930 3730 3001 μίξιν-ς
3769 2927 3794 2992 ἧ

2198 3012 2289 3068 καὶ
2348 3010 2576 3068 διαθέσει
2622 3011 2974 3088 πεπλασμένῃ
3023 3012 3160 3088 μόνῃ
3206 3017 3418 3091 ψυχῆς·
3480 3017 3652 3074 ’Δλλ¹
3686 3019 3799 3072 1ἐιτε-

2197 3100 2526 3178 θαρῥηκύτες
2554 3100 2701 3174 αύτῷ
2734 3099 2825 3156 διὰ
2849 3100 2914 3157 τὸ
2950 3107 3126 3157 ποιεῖν
3174 3101 3340 3159 αὐτοῦ
3381 3105 3457 3159 τὰ
3518 3105 3807 3180 θελήματι⁸

2194 3189 2281 3253 τίς
2322 3191 2448 3268 γάρ,
2496 3188 2677 3265 Κύριε,
2736 3190 2920 3267 Κύριε,
2989 3190 3164 3266 λέγων
3240 3192 3385 3270 ἦχον
3463 3191 3719 3251 διάκενον
3762 3196 3827 3249 ιεῖ

443 3267 549 3384 φῆς
581 3322 595 3336 ·
626 3303 783 3365 αὐτὸς
812 3303 901 3357 καὶ
946 3302 1046 3372 τὴν
1095 3267 1301 3379 ⁸ζρὸφὴν
1356 3267 1422 3356 ἐκι
1467 3267 1564 3357 τοῦ
1611 3301 1781 3375 μόνου
1836 3306 1943 3356 τῶν
2000 3267 2084 3356 I0!-
2117 3267 2160 3336 Β
2196 3284 2449 3384 ξαξπῶν’
2478 3278 2707 3384 ἔρημξῖγν
2765 3280 3095 3384 ξῆνῃόργῂν
3164 3281 3356 3384 ξκῦἷοῦ.
3406 3282 3837 3384 ξτξξξλεῦσετιιὶ

439 3391 602 3448 κείων
630 3396 832 3468 χειρῶν
867 3389 1150 3465 ἐκομίζετο
1184 3410 1198 3423 ·
1230 3390 1320 3445 καὶ
1353 3390 1464 3467 οὐχ
1494 3392 1666 3463 ἐαυτῷ
1716 3389 1904 3465 μόνον,
1960 3388 2088 3446 ἀλλ’

439 3478 550 3553 ἤδη
583 3501 647 3558 γε
676 3481 767 3536 καὶ
804 3485 920 3543 τοῖς
976 3479 1067 3535 σὸν
1128 3479 1293 3553 αὐτῷ.
1346 3482 1572 3556 Λέγεται
1631 3477 1689 3534 δὲ
1741 3477 2087 3541 τελειωτικὸς

440 3570 656 3633 οὗτοςὸ
686 3565 874 3649 φόϐος,
915 3567 997 3625 ὅτι
1056 3570 1145 3625 τὸν
1196 3569 1500 3644 ἠξιωμένον
1562 3564 1706 3645 ἔχειν
1766 3567 1942 3636 αὐτὸν,
1999 3589 2085 3623 τε-

439 3656 584 3715 λειοῖ
634 3661 735 3729 τὴν
792 3660 909 3714 κατ’
981 3655 1263 3735 ἄνθρωπον
1348 3656 1673 3729 τελειότητα
1705 3677 1717 3692 ·
1796 3658 1973 3719 καθὼς
2055 3657 2084 3712 6

439 3747 847 3823 στειχειωτικὸς
902 3753 1165 3825 ςτοιχειοῖ
1227 3749 1363 3825 πρὸς
1420 3749 1614 3825 ἀρετὴν
1670 3748 1762 3802 τὸν
1810 3747 2084 3820 κτησάμε-

438 3857 556 3894 νον.
609 3834 711 3908 Εἴη
772 3837 833 3892 ἄν
888 3834 979 3893 καί
1038 3837 1197 3912 μέσος
1247 3859 1331 3900 τις
1387 3833 1555 3913 φόϐος
1586 3837 2000 3914 στοίχειωτικοῦ
2027 3855 2087 3890 τε

439 3924 532 3981 καὶ
600 3922 969 3998 τελιωτειτοῦ,
1026 3927 1202 3989 καθὼς
1265 3924 1356 3982 καί
1409 3925 1544 4000 μέση
1601 3946 1684 3987 τις
1737 3922 1903 3996 τάξις.
1964 3921 2086 3978 δου-

444 4012 594 4071 λείαις
646 4034 705 4069 τε
757 4012 845 4069 καὶ
904 4013 1172 4086 υίότητος.
1231 4015 1556 4089 Μισθαρνίαν
1617 4012 1829 4090 λέγονσι
1858 4011 2084 4083 ταύτην.

444 4106 647 4181 Ὥσπερ
698 4101 791 4159 οῦν
848 4104 985 4180 πρὸς
1033 4104 1097 4159 τὸ
1155 4099 1341 4160 λαϐεῖν
1392 4106 1493 4181 ὁρᾷ
1518 4105 1608 4160 καὶ
1644 4104 1840 4179 μοχθεῖ
1869 4099 1958 4157 διὰ
1982 4104 2084 4172 τῆν

443 4190 708 4249 ἀντίδοσιν
762 4193 791 4248 6
838 4190 890 4249 ἐν
944 4194 1236 4267 μισθωτοῖς
1285 4189 1687 4270 εὑρισκόμενος,
1743 4191 1915 4254 οὕτως
1963 4188 2022 4246 ἄν
2055 4193 2085 4246 6

444 4282 604 4346 αὐτὸς
659 4281 749 4338 καὶ
797 4276 1049 4362 φοϐοῖτο,
1085 4284 1159 4357 μή
1194 4304 1311 4345 πως
1342 4282 1592 4360 ἀποτύχῃ
1619 4289 1718 4352 τῆς
1751 4277 2082 4355 μισθαποδο-

443 4372 559 4435 σίας
582 4369 866 4447 ἀμελήσας
890 4376 989 4427 τοῦ
1028 4369 1186 4449 ἔργου
1214 4373 1304 4427 καὶ
1332 4371 1566 4451 καθυφίῃ
1593 4378 1692 4442 τῆς
1723 4368 1984 4440 σπουδῆς.

513 4503 543 4533 ‹‹
574 4477 678 4538 Καὶ
707 4477 1041 4555 ἀγαλλιᾶσθε
1069 4477 1218 4552 αύτῷ
1251 4477 1302 4534 ἐν
1324 4477 1539 4555 τρόμῳ.
1569 4503 1599 4530 ››
1637 4511 1698 4521 -
1749 4477 1849 4532 Καὶ
1895 4476 2081 4553 χαίρε-

437 4587 498 4625 τε
550 4566 697 4641 αὖτῷ
743 4572 823 4640 τῷ
868 4566 1049 4645 Κυρίῳ
1101 4569 1175 4641 μὴ
1228 4566 1282 4622 ἐν
1328 4566 1474 4642 λύπῃ
1528 4566 1619 4622 καὶ
1664 4565 1855 4642 πικρίᾳ
1899 4569 2083 4641 ψυχῆς

438 4657 533 4720 τὰς
560 4656 724 4712 αὐτοῦ
779 4660 1059 4719 ποιοῦντες
1110 4653 1333 4718 ἐντολὰς
1381 4654 1507 4712 ἀλλ’
1558 4654 1610 4710 ἐν
1641 4652 1960 4711 ἀκαλλιάσει
1990 4654 2080 4709 καὶ

439 4743 726 4821 ἱλαρότητι
754 4764 767 4778 ⁸
819 4742 967 4815 πλὴν
1022 4740 1158 4801 ἔστω
1214 4744 1304 4801 καὶ
1347 4744 1552 4820 τρόμος
1591 4742 1647 4799 ἐυ
1724 4744 1851 4817 ὑμῖν
1899 4745 1934 4813 ἡ
1982 4747 2081 4798 τοῦ

440 4829 615 4914 φόϐου
663 4833 925 4908 ἐπίτασις,
976 4832 1069 4890 ’ίνα
1125 4832 1508 4912 προσεκτικοὺς
1584 4833 1722 4906 ὑμᾶς
1793 4831 2082 4909 ἐργάζηται

439 4923 529 4980 καὶ
579 4922 985 4987 συννενευκότας
1030 4924 1105 4986 εἷς
1164 4925 1262 4994 τὴν
1327 4928 1435 4980 τῶν
1504 4920 1739 4979 ἐντολῶν
1808 4920 2077 4999 φυλακήν·

439 5014 539 5069 Καὶ
587 5011 770 5069 ἄλλων
823 5011 881 5069 δὲ
928 5011 1256 5091 ἀγαλλιᾶσθε
1321 5011 1469 5087 αύτῷ
1531 5017 1611 5086 τῷ
1679 5008 1953 5067 δουλεύειν
2000 5014 2081 5083 τῷ

438 5101 622 5179 Κυρίῳ
667 5108 838 5159 πᾶσαν
887 5104 1060 5179 χαράν
1111 5098 1330 5179 ἔχοντες
1368 5102 1420 5158 ἐν
1444 5103 1680 5164 ἑαυτοῖς·
1715 5098 1798 5156 ὅτι
1826 5098 2078 5156 τοιούτου

434 5190 634 5268 Κυρίου
667 5187 854 5247 δοῦλοι
884 5193 1122 5268 γενέσθαι
1152 5193 1542 5264 κατηξιώθητε.

505 5304 535 5333 ‹‹
602 5280 866 5352 Δράξασθε
906 5277 1153 5343 παιδείας
1204 5282 1416 5355 μήποτε
1461 5281 1686 5357 ἀργισθῇ
1745 5277 1940 5355 Κύριος
1985 5277 2076 5333 καὶ

430 5366 725 5432 ἀπολεῖσθε
785 5368 836 5439 ἐξ
903 5365 1031 5424 ὁδοῦ
1106 5367 1333 5434 δικαίας.
1396 5394 1426 5425 ι)
1491 5402 1563 5413 —-
1618 5365 1868 5425 Παιδείαν
1931 5365 2074 5444 λέγει

431 5460 533 5529 τὴν
590 5457 892 5534 πρακτικὴν
940 5457 1156 5533 ἀρετήν.
1204 5460 1273 5514 Τὸ
1323 5457 1381 5515 δὲ
1425 5457 1682 5537 δράξασθε
1737 5454 1832 5513 δύο
1886 5454 2071 5531 δηλοῖ,

430 5549 495 5604 τὸ
539 5545 754 5624 ταχέως
801 5539 1010 5616 λαϐεῖν,
1062 5546 1151 5601 καὶ
1194 5549 1255 5602 τὸ
1286 5554 1574 5625 κατασχεῖν
1608 5546 1881 5626 ἀσφαλῶς.
1933 5543 2074 5604 Οὐδὲ

429 5658 530 5715 γαρ
586 5636 701 5715 χρὴ
754 5639 930 5707 ζητεῖν
984 5633 1275 5709 ἀνειμένως
1302 5638 1401 5706 τὴν
1434 5637 1626 5713 ἀρετὴν
1659 5635 1695 5707 ἤ
1731 5638 1845 5711 μετ’
1875 5630 2070 5693 ἀναϐο-

431 5725 556 5801 λῆς,
588 5725 734 5783 ἀλλὰ
764 5723 1029 5788 συντόνως
1075 5724 1164 5781 καὶ
1218 5726 1334 5798 μετ’
1373 5724 1695 5802 ἐπειγωλῆς.
1750 5726 2069 5799 Δράττεσθαι

2193 3370 2313 3445 Χρή
2360 3368 2562 3441 τοίνυν,
2616 3368 2840 3437 άληθῶς
2883 3368 3123 3439 ἐλπίζειν
3156 3372 3304 3444 ἡμᾶς
3336 3370 3428 3427 ἐπί
3463 3372 3699 3450 Κύριον,
3727 3376 3841 3429 πάν·

2192 3479 2300 3513 των
2356 3462 2464 3513 τῶν
2529 3462 2740 3535 γεηρῶν
2770 3458 3128 3522 ,ἀποστάντας
3183 3459 3275 3515 καὶ
3314 3461 3461 3535 πρὸς
3494 3462 3666 3518 αύτὸν
3697 3463 3844 3537 μόνον

2197 3545 2520 3624 βλέποντας,
2573 3546 2664 3602 ἳνα
2708 3547 2799 3603 καὶ
2854 3554 2956 3617 τῆς
3003 3546 3245 3619 ἀληθοῦς
3296 3548 3632 3623 ἀξιωθῶμεν
3695 3572 3845 3625 μακσο

2195 3635 2470 3712 ριότητος.
2532 3636 2618 3691 Ἐν
2672 3635 2820 3709 αὐτῷ
2872 3640 2952 3709 τῷ
3004 3635 3185 3712 Κυρίῳ
3235 3636 3326 3692 καὶ
3365 3642 3491 3712 Θεῷ
3521 3642 3714 3713 ἡμῶν,
3746 3639 3844 3714 ᾧὴ

2195 3722 2322 3796 δόξα
2351 3724 2428 3787 είς
2450 3724 2577 3788 τοὺς
2609 3723 2803 3788 αἰῶνας
2834 3729 2941 3780 τῶν
2968 3724 3198 3782 αίῶνων.
3233 3727 3433 3799 Ἀμήν.

2802 3854 3052 3907 ΨΔΛΜΟ
3065 3855 3098 3905 Ξ
3138 3855 3209 3907 I“.

2265 3939 2465 4014 Ὠσπερ
2523 3942 2631 4013 πῦρ
2688 3937 2858 4016 κρίνει
2910 3939 3135 4016 χρυσὸν,
3198 3937 3306 3995 εἴτε
3378 3937 3688 4015 κίϐδηλος,
3753 3942 3851 4001 έῗτε

2194 4023 2445 4101 δόκιμος,
2492 4026 2635 4082 οὕτω
2684 4025 2773 4082 καὶ
2822 4028 3005 4103 ψυχὴν
3050 4028 3375 4104 πειρασμὸς,
3447 4026 3559 4085 εἴτε
3632 4034 3845 4106 σαθρὸν,

2194 4112 2301 4171 εἴτε
2355 4115 2608 4191 σταθερὸν
2666 4115 2801 4186 αὕτη
2859 4117 3007 4195 φέρει
3061 4116 3123 4172 τὸ
3198 4116 3478 4196 φρόνημα.
3557 4120 3676 4189 Τὴν
3759 4122 3847 4195 μὲν

2192 4206 2296 4283 γὰρ
2349 4202 2633 4262 δειλαίνειν
2691 4204 2781 4261 καὶ
2836 4205 3186 4262 καταπίπτειν
3248 4212 3416 4279 ποιεῖ,
3478 4208 3583 4277 τὴν
3650 4206 3701 4264 δ’
3756 4210 3845 4264 ἀν-

2193 4292 2464 4370 δρίζεσθαι
2512 4295 2601 4350 καὶ
2660 4289 3001 4371 βεϐαιότερον
3050 4294 3321 4365 ἵστασθαι,
3390 4299 3459 4370 τῇ
3538 4298 3666 4371 θείᾳ
3723 4319 3846 4373 κρα-

2190 4382 2517 4458 ταιουμένην
2575 4382 2771 4461 χειρί⁶
2830 4384 3013 4462 Χωρὶς
3091 4384 3193 4461 γὰρ
3267 4383 3426 4459 ἐμοῦ,
3506 4387 3708 4464 φησὶν,
3792 4386 3849 4443 οὗ

2193 4471 2411 4529 δύνασθε
2463 4478 2642 4528 ποιεῖν
2680 4471 2831 4529 οὐδέν
2867 4491 2881 4505 '
2946 4497 2976 4526 »
3019 4472 3104 4529 διὸ
3147 4475 3261 4550 χρὴ
3309 4474 3401 4529 καὶ
3455 4473 3705 4534 πάντοτε

2191 4562 2309 4637 δλῳ
2355 4565 2541 4638 ψυχῆς
2598 4562 2854 4632 ἀτενίζειν
2907 4558 3115 4639 ὄμματι
3153 4562 3291 4640 πρὸς
3323 4564 3479 4636 Θεὸν,
3515 4563 3641 4621 ἐπεὶ
3673 4568 3766 4623 καὶ
3788 4569 3843 4623 τό

2186 4650 2593 4717 κατευθύνεσθαι
2649 4650 2827 4707 θεόθεν
2907 4652 2999 4707 καὶ
3079 4650 3143 4708 τὰ
3219 4651 3583 4731 φυλάττεσθαι
3624 4675 3640 4686 ο
3702 4657 3842 4732 παρᾶ

2189 4741 2391 4819 Κυρίου
2442 4742 2546 4817 γάρ
2592 4739 2661 4796 τὰ
2720 4736 3035 4815 διαϐήματα
3102 4742 3389 4817 ἀνθρώπου
3437 4744 3842 4815 κατευθύνεται,

2186 4832 2277 4889 καὶ
2325 4829 2385 4887 ἄν
2439 4832 2515 4906 μὴ
2565 4830 2769 4907 Κύριος
2819 4829 3028 4910 φυλάξῃ
3072 4830 3261 4900 πόλιν,
3315 4830 3391 4894 είς
3454 4830 3639 4905 μάτην
3684 4834 3841 4912 ἀγρύ-

2186 4942 2380 4989 πνησεν
2425 4921 2454 4975 6
2504 4918 2812 4999 φυλάσσων,
2873 4921 3155 4996 ἐξαιρέτως
3213 4919 3273 4977 δὲ
3317 4922 3454 4977 κατά
3502 4923 3641 4986 τοὺς
3686 4923 3842 4981 πολὲ-

2190 5032 2307 5085 μων
2359 5008 2582 5084 καιροὺς
2629 5008 2720 5064 καὶ
2764 5013 2871 5065 τῶν
2926 5008 3189 5084 θλίψεων.
3240 5011 3435 5075 ,Τοῦτο
3497 5012 3603 5087 γάρ
3683 5012 3838 5085 μόνον

2184 5097 2421 5179 ἀσφαλὲς
2519 5098 2571 5154 ἐν
2648 5097 2861 5175 ἐχθρῶν
2955 5098 3242 5169 ἐπιθέσεσι,
3316 5099 3379 5155 τὸ
3480 5102 3839 5181 καταφεύγειν

2186 5189 2486 5266 ὁλοψύχως
2539 5187 2627 5244 ἐπὶ
2667 5188 2758 5243 τὸν
2799 5188 3017 5263 Κύριον.
3067 5185 3139 5245 Εἴ
3177 5209 3238 5245 τε
3287 5186 3379 5245 διὰ
3428 5194 3614 5268 σοφῶν
3670 5191 3835 5247 αὐτῶν

2185 5279 2239 5335 οἱ
2283 5276 2470 5349 νοητοὶ
2526 5276 2821 5351 πολεμοῖεν
2869 5277 2960 5332 καὶ
3009 5272 3248 5334 θλίϐοιεν
3291 5275 3581 5353 δυσμενέῖς
3614 5277 3727 5335 εἴτε
3751 5278 3833 5334 καί

2185 5362 2275 5421 διὰ
2326 5369 2433 5419 τῶν
2489 5363 2702 5419 οἱκείων
2756 5361 3023 5440 ὀργάνων,
3073 5363 3220 5442 λέγω
3272 5363 3341 5436 δὴ
3388 5370 3498 5422 τῶν
3555 5366 3827 5443 βασκάνων

2182 5455 2481 5531 ἀνθρώπων
2526 5453 2617 5509 καὶ
2675 5457 2955 5531 πονηρῶν.
3010 5458 3185 5510 Ταῦτα
3239 5456 3333 5510 καὶ
3390 5456 3421 5511 ὁ
3465 5454 3829 5535 προφήτηςέξ

2182 5545 2255 5600 ὧν
2323 5542 2491 5600 ἐποίει
2549 5540 2785 5598 διδάσκει
2853 5547 2944 5598 νῦν
3014 5540 3102 5598 διὰ
3160 5548 3258 5599 τοῦ
3323 5543 3515 5621 τρίτου
3582 5545 3820 5620 ψαλμοῦ,

2180 5633 2604 5711 προηγοςμένως
2652 5629 2710 5687 δὲ
2760 5631 2883 5709 περὶ
2930 5636 3039 5688 τῶν
3075 5633 3325 5710 ἀοράτων
3360 5633 3577 5711 ἐχθρῶν
3609 5634 3639 5691 6
3673 5633 3826 5710 λόγος

2178 5723 2345 5796 αύτῷ,
2380 5722 2467 5778 καὶ
2500 5723 2634 5795 ἡμῖν
2662 5722 3128 5798 προσερχομένοις
3158 5720 3607 5798 ἀρμοδιώτατος.
