3988 6432
129 432 160 490 1
173 428 304 489 337

1371 425 1782 488 EXPOSITIO
1826 427 1904 488 IN
1947 427 2334 491 PSALMOS.

3408 422 3561 482 i338

213 583 248 612 α
283 557 471 635 Κύριε,
530 555 582 612 τί
661 553 1073 626 ἐπληθύνθησαν
1147 556 1198 610 οἱ
1273 551 1553 620 θλίϐοντές
1615 576 1717 631 με;
1773 582 1794 610 ι
1832 561 1983 632 Ατῇ
2011 563 2107 614 τοῦ
2158 557 2357 634 Κυρίου
2409 555 2696 631 ἀντιλήψει
2748 552 3120 632 τεθαρῥηκώς.
3179 553 3272 608 Ἐκ
3321 552 3415 626 μὶν
3462 549 3555 608 οῦν

133 646 369 719 -ομΟύκ
417 641 533 722 ἔχω
578 643 688 700 τινὶ
744 643 811 698 τά
848 642 972 720 περί
1019 648 1124 700 τῶν
1179 645 1276 719 ἐμὲ
1323 645 1636 702 λυπούντων
1682 647 1798 701 ἀνε-

134 742 388 813 νεγκεῖν,
422 735 468 791 εί
522 736 597 809 μὴ
654 734 738 789 σοὶ
783 737 864 806 τῷ
908 733 1096 809 Κυρίῳ
1150 733 1360 808 μουτῷ
1393 735 1542 809 μόνῳ
1597 733 1803 808 δυνατῷ

142 824 432 904 βοηθῆσαί
490 845 606 897 μοι.
675 823 746 878 Τὸ
813 819 872 877 δὲ
930 822 984 878 τί
1047 819 1430 897 θαυμαστικόν.
1498 820 1686 898 Βαϐαὶ,
1749 823 1803 879 τί

137 914 574 985 ἐπληθύνθησαν
617 914 672 966 οἱ
715 906 991 974 θλίϐοντές
1025 914 1127 985 μεί
1159 908 1326 968 Βαϐαὶ
1373 913 1540 969 πόσον
1588 913 1803 983 πλῆθός

139 1005 259 1060 εἶσι
283 1006 297 1061 ί

223 1118 259 1148 ‹‹
291 1091 507 1149 Πολλοὶ
558 1089 930 1147 ἐπανίστανται
981 1090 1063 1145 ἐπ’
1115 1090 1233 1164 ἐμέ.
1267 1115 1296 1144 »
1329 1125 1394 1136 —
1425 1089 1637 1148 Πολλοὶ
1681 1091 1802 1147 ἐπε-

135 1180 426 1259 γείρονται
476 1201 568 1254 μοι
619 1178 902 1253 πολέμιοι.
936 1180 1011 1234 Τὰ
1053 1179 1188 1234 αὐτὰ
1232 1177 1290 1234 δὲ
1339 1179 1500 1236 πάλιν
1551 1180 1710 1258 φησὶν
1744 1180 1803 1236 ἐκ

139 1269 563 1344 παθαινομένης
616 1271 827 1343 ψυχῆς,
873 1268 964 1323 τὸθ
1029 1269 1156 1324 Θεὸν
1221 1267 1652 1342 ἐπικαλούμενος
1725 1270 1800 1333 εἷς

147 1361 444 1437 βοήθειαν.

224 1473 258 1502 ‹‹
293 1448 507 1505 Πολλοὶ
540 1447 756 1524 λέγουσι
785 1451 854 1522 τῇ
886 1451 1039 1524 ψυχῇ
1079 1469 1204 1520 μου,
1238 1448 1348 1503 Ούκ
1399 1446 1510 1503 ἔστι
1566 1448 1807 1526 σωτηρία

145 1537 304 1611 αὐτῷ
363 1538 415 1593 ἐν
471 1536 551 1610 τῷ
617 1536 734 1610 Θεῷ
775 1537 958 1595 αὐτοῦ.
993 1561 1021 1590 »
1050 1570 1123 1582 —
1151 1537 1408 1612 Λέγουσιν
1443 1537 1496 1592 ἐν
1551 1542 1621 1612 τῇ
1651 1541 1804 1614 ψυχῇ

153 1648 266 1702 μου
301 1624 371 1682 δι’
403 1626 519 1700 ἐμὲ,
551 1630 758 1702 νοερῶς
799 1625 862 1680 ού
920 1623 1074 1702 λόγῳ
1121 1628 1442 1705 προφορικῷ
1500 1626 1804 1698 συνωθῆσαί

152 1737 225 1790 με
275 1712 596 1778 σπεύδοντες
648 1714 725 1778 είς
774 1714 1100 1792 ἀπόγνωσιν.
1150 1715 1265 1773 Ούκ
1314 1713 1455 1770 ἔστιν
1507 1715 1652 1788 αὐτῷ
1699 1737 1802 1771 σω-

149 1807 319 1875 θῆναι
388 1804 536 1880 ποιρά
591 1809 688 1860 τοῦ
739 1809 870 1860 Θεοῦ
925 1803 1090 1859 αὐτοῦ
1137 1805 1193 1860 ὃν
1266 1804 1602 1861 ἐπικαλεῖται
1655 1806 1802 1878 Θεὸν,

1907 652 2014 703 τῶν
2075 647 2373 725 ἔμπροσθεν
2436 646 2667 722 λέγοιντ’
2726 646 2784 701 ἂν
2839 645 2890 699 οἱ
2960 641 3210 716 δαίμονες
3265 639 3554 716 πολεμεῖν,

1911 736 2000 792 ὅτε
2071 738 2206 792 κατά
2275 732 2566 814 πρόσωπον
2639 737 2752 790 οἷον
2826 733 3069 805 ἑστῶτες,
3147 735 3388 810 φανερῶς
3461 732 3551 787 καὶ

1911 823 2378 900 ἀπαρακαλύπτως
2439 825 2516 887 εἷς
2571 823 2760 880 κακίαν
2837 819 3166 898 ὀτρύνουσινο
3221 821 3280 875 ἐκ
3335 819 3393 876 δὲ
3448 825 3554 875 τῶν

1913 908 2126 968 ὄπισθεν
2198 913 2361 970 ὑπότε
2417 911 2693 990 λαθραίως
2753 911 2844 968 καὶ
2897 913 3110 990 ἀφανῶς
3185 908 3273 965 ἐπὶ
3355 908 3558 986 βουλὰς

1911 1001 2001 1056 καὶ
2059 999 2255 1066 δόλους
2309 1002 2666 1058 τεκταίνουσιν
2730 1003 2870 1073 οἷον,
2931 1001 2976 1055 εί
3031 1005 3110 1072 τῷ
3173 1007 3272 1071 τῆς
3339 999 3552 1077 ἀγάπης

1913 1086 2270 1167 προϐλήματι
2367 1092 2502 1168 πρὸς
2597 1091 2798 1154 πόθους
2889 1089 3136 1166 ἀσελγεῖς
3211 1089 3262 1144 ἐν
3337 1093 3558 1166 κρυπτῷ

1916 1179 2284 1256 συλαγωγοῖεν
2334 1182 2470 1236 κατά
2552 1181 2766 1256 μικρὸν,
2809 1180 2844 1249 ἢ
2904 1182 3010 1252 μὴν
3090 1179 3225 1252 πρὸς
3290 1178 3564 1253 συμπόσια

1913 1269 2002 1325 καὶ
2030 1270 2124 1332 τάς
2158 1269 2209 1324 ἐν
2268 1268 2450 1332 αὐτοῖς
2502 1267 2819 1348 ἀδιαφορίας
2869 1265 3191 1323 ἐκκαλοῖντο
3247 1267 3335 1323 καὶ
3394 1265 3566 1345 φλυα-

1916 1357 2053 1434 ρίας,
2085 1356 2271 1414 πολλά
2333 1363 2555 1413 τοιαῦτα
2613 1354 2929 1430 κατείδομεν
2979 1357 3038 1412 ἐκ
3093 1361 3198 1412 τῶν
3248 1355 3460 1429 δεξιῶν,
3491 1356 3568 1419 ὡς

1915 1446 2002 1503 ὅτε
2031 1445 2120 1502 διὰ
2148 1454 2247 1517 τῆς
2279 1446 2328 1521 ἐξ
2361 1449 2657 1524 ἀνθρώπων
2691 1444 2853 1518 δόξης
2903 1446 2979 1508 είς
3029 1443 3240 1517 οἷόιησιν
3288 1442 3557 1517 ἕλκουσιν,

1913 1537 1949 1606 ἢ
2013 1534 2102 1592 διὰ
2155 1541 2250 1592 τοῦ
2306 1538 2423 1592 κατ’
2499 1537 2694 1613 ἀρετὴν
2777 1533 2933 1605 δῆθεν
3015 1532 3412 1611 ὑποδείγματος
3486 1534 3562 1597 εἰς

1918 1627 2218 1696 ὑπόκρισινο
2274 1627 2334 1683 ἐκ
2387 1627 2493 1683 τῶν
2554 1628 2875 1704 ἀριστερῶν,
2933 1625 3023 1682 ὅτε
3089 1624 3398 1681 τούναντίον
3473 1621 3563 1680 διὰ

1912 1723 2013 1787 τῆς
2047 1715 2107 1772 ἐκ
2133 1721 2238 1772 τῶν
2269 1716 2497 1773 πολλῶν
2529 1716 2805 1793 λοιδορίας
2857 1715 2948 1772 καί
2995 1714 3324 1792 διακραυγῆς
3378 1715 3414 1784 ἢ
3467 1713 3558 1769 καὶ

1916 1804 2124 1862 λοιπῶν
2199 1805 2482 1883 ἐπαγωγῆς
2569 1804 2868 1882 δυσχερῶν,
2925 1801 3123 1882 ἄλογος
3206 1802 3565 1880 ἀπαραμύθη-

144 1895 244 1950 καὶ
295 1894 373 1956 ὡς
420 1892 570 1970 λέγει
622 1892 704 1948 δτι
763 1892 895 1955 Θεός
947 1914 1050 1966 μου
1101 1894 1148 1949 εἶ
1201 1893 1285 1950 σύ.
1319 1894 1429 1950 Οὐκ
1475 1893 1614 1950 ἔστιν
1658 1894 1804 1968 αὐτῷ
1836 1915 2004 2001 Βτον
2060 1895 2424 1974 ἐπιφέρουσιν,
2457 1896 2491 1965 ἢ
2523 1895 2612 1950 καὶ
2672 1893 2741 1950 δι’
2797 1894 3064 1970 ἁμαρτίας
3124 1893 3202 1956 είς
3261 1891 3567 1969 ἀπόγνωσιν

236 1985 300 2001 η-
539 1979 1000 2001 ’νηδιν
1267 1983 1468 2001 ,,,
1986 1984 2111 2001 κ,
2251 1984 2263 2001 .
2733 1984 2744 2001 ,
2913 1983 2928 2001 ς
3162 1981 3255 2001 κ...
3509 1983 3564 2001 «Α

147 1985 394 2052 σωθῆναι
423 1983 551 2058 παρ’
582 1982 766 2037 αὐτοῦ·
796 1979 936 2036 διότι
965 1980 1204 2058 ἥμαρτεν
1238 1983 1312 2045 εἰς
1342 1983 1522 2040 αὐτόν.

225 2096 257 2125 ‹‹
294 2071 372 2128 Σὺ
421 2069 500 2141 δὲ,
533 2071 715 2148 Κύριε,
749 2070 1102 2147 ἀντιλήπτωρ
1157 2094 1261 2146 μου
1311 2073 1376 2130 εἶ.
1411 2095 1440 2124 ››
1484 2105 1552 2115 --
1596 2074 1659 2128 Οἱ
1711 2075 1805 2147 μὲν

146 2159 442 2222 τοιούτους
528 2160 913 2236 ὑποσπείρουσι
983 2157 1309 2235 λογισμοὺς,
1362 2157 1672 2237 ἐκθορυϐεῖν
1742 2184 1810 2236 με

152 2248 247 2305 καὶ
291 2248 570 2326 ταράττειν
637 2246 1050 2318 σπουδάζοντες
1121 2249 1231 2324 ἐγὼ
1299 2247 1356 2305 δὲ
1424 2248 1592 2326 λῆρον
1662 2248 1805 2306 ἅντι-

158 2359 296 2415 κρυς
344 2339 438 2399 τὰς
483 2336 734 2400 τοιαύτας
771 2337 946 2392 αὐτῶν
1017 2339 1326 2412 ἡγούμενος
1390 2335 1704 2416 προσϐολὰς
1754 2343 1812 2396 σὲ

167 2425 334 2500 μόνον
386 2426 750 2505 ἐπιγράφομαι
802 2425 888 2483 διὰ
935 2428 1132 2489 παντὸς
1186 2427 1578 2504 ἀντιλήπτορα,
1629 2427 1811 2502 μηδα-

170 2515 330 2590 μόθεν
381 2514 610 2572 ἄλλοθεν
659 2517 757 2586 τὴν
809 2517 1021 2571 οἱανοῦν
1086 2516 1374 2592 ἀντίληψιν
1448 2518 1523 2580 εἷς
1581 2518 1808 2592 ἐμαυτὸν

170 2604 589 2683 φανταζόμενος·
617 2603 738 2660 οἶδα
781 2605 882 2682 γὰρ
931 2605 1016 2661 δτι
1058 2608 1299 2682 χρηστὸς
1349 2607 1396 2661 εἶ
1449 2608 1538 2662 καὶ
1571 2607 1812 2679 ἀνεξίκα-

169 2715 288 2767 κος,
321 2693 411 2749 καὶ
441 2689 817 2770 ἀντιλαμϐάνῃ
842 2699 950 2750 τῶν
981 2695 1406 2774 ἐπιστρεφόντων
1449 2696 1527 2760 είς
1557 2696 1632 2752 σέ.

248 2826 270 2854 α
299 2799 433 2872 Δόξα
475 2822 579 2874 μου
621 2801 711 2855 καὶ
771 2801 917 2875 ὑψῶν
964 2802 1064 2872 τὴν
1103 2801 1346 2880 κεφαλήν
1400 2825 1524 2877 μου.
1560 2828 1588 2856 ››
1618 2837 1687 2847 -
1739 2805 1814 2859 Σὺ

170 2889 219 2945 εἴ
248 2887 376 2960 δόξα
409 2911 512 2963 μου
547 2889 728 2963 μόνος,
760 2891 788 2944 6
817 2889 942 2953 τοὺς
988 2891 1218 2968 ἐχθρούς
1271 2913 1374 2966 μου
1419 2892 1816 2969 τροπούμενος,

171 2979 263 3034 καὶ
324 2977 560 3049 δοξάζων
615 3001 682 3053 με
727 2979 820 3034 τὸν
891 2979 1027 3054 πρὸς
1077 2978 1331 3054 οὐδεμίαν
1386 2983 1594 3058 ὁρῶντα
1661 2982 1815 3056 δόξαν

169 3067 480 3144 ἐγκόσμιον.
536 3068 610 3122 Σὺ
663 3068 713 3123 εἶ
753 3069 849 3137 τήν
899 3069 1141 3146 κεφαλήν
1201 3091 1304 3143 μου
1345 3071 1514 3145 ὑψῶν·
1548 3073 1576 3126 6
1606 3072 1817 3148 παρρη-

175 3157 293 3220 σίας
342 3178 435 3229 μοι
485 3157 576 3211 καὶ
626 3157 855 3233 θάρρους
928 3155 1267 3230 μεταδιδοὺς,⁵
1317 3158 1377 3213 ἐκ
1435 3165 1532 3214 τοῦ
1603 3162 1816 3236 βοηθεῖν

181 3266 272 3318 μοι
326 3243 604 3316 διηνεκῶς,
651 3245 740 3300 καὶ
793 3248 868 3319 μή
919 3245 1018 3301 ἐῶν
1068 3268 1200 3302 ποτε
1247 3248 1347 3316 τήν
1394 3246 1531 3322 ἐμὴν
1577 3249 1817 3323 κεφαλὴν

1914 1985 2003 2040 καὶ
2086 1984 2448 2061 ἀπαγόρευσιν
2537 1984 2809 2061 σωτηρίας
2910 1981 3424 2060 ἐκτραχηλίζουσιν.
3509 1983 3566 2035 Ὁ

1921 2073 2104 2147 μέντοι
2154 2072 2372 2136 συνετὰς
2428 2073 2517 2128 καὶ
2591 2071 2884 2136 σπουδαῖος
2956 2070 3410 2145 προκατοπτεύσει
3465 2070 3563 2132 τὰς

1916 2161 2090 2217 αὐτῶν
2149 2163 2399 2238 μηχανὰς
2455 2162 2544 2217 καὶ
2593 2159 2852 2217 οὐδέποτε
2921 2162 3309 2232 πτοηθήσεταιι
3370 2161 3562 2231 στήσε-

1915 2271 2002 2305 ται
2063 2247 2120 2304 δὲ
2174 2251 2263 2305 καὶ
2319 2250 2795 2327 ἀντιπαρατάξεται
2851 2250 2986 2324 πρὸς
3045 2255 3216 2304 πᾶσαν
3281 2245 3560 2321 μεθοδείαν

1919 2335 2218 2409 ἐπιϐουλῆς
2264 2344 2556 2416 νουνεχῶς,
2601 2339 2689 2394 καὶ
2735 2339 2873 2415 πρὸς
2916 2338 3012 2400 τὰς
3061 2337 3194 2400 ὅλας
3251 2336 3560 2411 πολεμικὰς

1921 2427 2242 2502 συμπλοκὰς
2273 2425 2561 2502 ἀνδρικῶςο
2599 2428 2702 2483 ὑπὸ
2752 2432 2886 2482 Θεοῦ
2935 2425 3307 2505 φωτίζόμενός
3361 2447 3421 2481 τε
3475 2425 3565 2480 καὶ

1921 2516 2281 2595 σοφιζόμενος
2336 2516 2426 2571 καὶ
2485 2517 2588 2571 ὑπὸ
2641 2523 2745 2586 τῆς
2800 2515 3145 2591 ἀντιλήψεως
3204 2514 3368 2570 αύτοῦ
3414 2512 3568 2570 δυνα-

1929 2605 2198 2680 μούμενός
2224 2627 2283 2660 τε
2311 2605 2400 2660 καὶ
2444 2604 2862 2683 κρατυνόμενος,
2892 2605 2982 2659 καὶ
3038 2605 3134 2666 τὰς
3193 2605 3287 2677 μὶν
3344 2603 3404 2659 ἐκ
3458 2607 3565 2658 τῶν

1927 2691 2226 2769 ἔμπροσθεν
2281 2690 2596 2771 προσϐολὰς
2643 2696 2963 2750 ταπεινώσει
3007 2696 3191 2770 ψυχῆς
3239 2693 3329 2748 καὶ
3377 2693 3567 2755 πόνοις

1926 2783 2178 2856 σώματος
2227 2781 2637 2857 ἀποκρούσεται,
2693 2783 2790 2845 τὰς
2840 2781 2886 2836 δ’
2939 2779 2998 2836 ἐκ
3056 2787 3162 2835 τῶν
3214 2776 3429 2835 ὄπισθεν
3483 2779 3572 2834 διὰ

1921 2878 2021 2941 τῆς
2077 2870 2433 2950 προφυλακῆς
2477 2871 2565 2926 καὶ
2608 2875 2706 2926 τοῦ
2753 2870 3226 2947 συντετηρημένην
3295 2868 3440 2946 ἔχειν
3485 2869 3570 2925 ἀεὶ

1923 2961 2023 3030 τήν
2077 2957 2333 3031 διάνοιαν,
2388 2959 2478 3014 καὶ
2537 2956 2971 3032 πεπαιδευμένην
3032 2957 3169 3030 ὅλην
3223 2960 3322 3028 τὴν
3372 2955 3570 3029 αἲ¹σθη-

1927 3070 2030 3121 σιν,
2063 3048 2156 3110 τάς
2216 3047 2276 3103 ἐκ
2328 3053 2432 3102 τῶν
2494 3046 2682 3121 δοξῶν,
2715 3053 2792 3121 τῷ
2841 3046 3036 3104 εἰδέναι
3075 3046 3156 3103 δτι
3189 3045 3341 3102 οὐδέν
3403 3046 3568 3115 ἐστιν,

1928 3135 2052 3194 οὔτε
2103 3139 2366 3211 πλοῦτος,
2415 3136 2525 3193 οὔτ’
2599 3136 2840 3206 ἔπαινος,
2900 3135 3010 3192 οὔτ’
3073 3136 3309 3210 ἀξίωμα,
3368 3131 3487 3199 οὗθ’
3533 3137 3569 3204 ἠ

1928 3227 2168 3301 κοσμικῆ
2213 3226 2508 3300 ματαιότης
2555 3229 2590 3296 ἡ
2640 3227 2916 3300 σύμπασα,
2957 3227 3051 3289 τὰς
3097 3225 3156 3281 ἐκ
3197 3229 3306 3280 τῶν
3356 3225 3572 3301 ἀριστε-

175 3305 641 3407 κατακάμπτεσθαι
688 3339 767 3407 τῷ
793 3305 971 3411 ,βάρει
1014 3340 1122 3390 τῶν
1172 3305 1500 3414 συμφορῶν,¹
1539 3305 1685 3394 ἀλλά
1745 3305 1814 3412 1'1]
1847 3305 1889 3372 α
1929 3321 2055 3395 ρῶν,
2114 3315 2194 3414 τξῘ)
2239 3318 2376 3414 πρὸς
2412 3406 2422 3414 Ι
2454 3314 2620 3414 μηδξν
2659 3315 3071 3414 ,ἀνθρώπινονς
3101 3312 3359 3414 βλέπειν,
3407 3313 3568 3414 *ἱστά-

173 3424 307 3500 πρὸς
342 3424 399 3478 σέ
427 3425 745 3494 πεποιθήσει
775 3424 1048 3502 κουφίζων
1080 3425 1170 3479 καὶ
1199 3425 1407 3502 ἀνάγων
1439 3425 1629 3498 αύτήν.

248 3555 269 3582 ι
303 3534 468 3605 Φωνῇ
523 3551 628 3604 μου
674 3531 812 3607 πρὸς
845 3531 1038 3604 Κύριον
1089 3530 1360 3605 ἐκέκραξα,
1413 3533 1502 3588 καὶ
1551 3533 1818 3604 ἐπήκουσέ

177 3641 278 3694 μου
336 3619 387 3690 ἐξ
434 3615 596 3696 ὅρους
647 3619 798 3696 ἀγίου
850 3619 1034 3677 αὐτοῦς
1069 3643 1098 3671 ››
1129 3653 1196 3662 --
1229 3621 1368 3698 Πρὸς
1418 3622 1602 3677 ἑαυτὸν
1650 3628 1817 3678 ταῦτα

174 3710 485 3783 θαρσοποιά.
537 3707 774 3785 Πέπειρα
820 3709 910 3764 καί
961 3731 1091 3788 φησι
1144 3714 1242 3765 αοῦ
1281 3710 1524 3766 πλούτου
1563 3719 1663 3781 τῆς
1719 3718 1815 3768 τοῦ

175 3798 369 3873 Κυρίου
417 3798 817 3874 χρηστότητος,
863 3796 955 3853 καί
1004 3796 1207 3854 ἄλλοτε
1257 3797 1468 3869 δεηθεὶς
1521 3801 1609 3855 καὶ
1673 3801 1812 3856 εἷσα-

172 3887 434 3951 κουσθείς.
490 3889 687 3957 Φωνήν
774 3884 832 3941 δὲ
905 3886 1054 3963 λέγει
1133 3889 1231 3957 τὴν
1303 3891 1490 3964 νοεράν
1565 3886 1810 3961 ἔντευξιν·

175 3977 483 4051 κεκραγέναι
536 3977 634 4045 τὴν
713 3975 951 4032 ἐπίτασιν
1023 3979 1122 4046 τῆς
1188 3977 1445 4048 τοιαύτης
1510 3977 1810 4052 ἐντεύξεως·

176 4061 460 4120 ἐπακοῦσαι
517 4066 580 4120 τὸ
632 4064 934 4141 ἐκπερῶσαι
997 4066 1097 4135 τήν
1159 4062 1392 4136 αἴτησιν.
1451 4069 1614 4142 Ὅρος
1665 4070 1814 4145 ἅγιον

176 4152 332 4207 αὐτοῦ
385 4154 448 4208 τὸ
500 4152 634 4228 ὕψος
690 4161 790 4224 τῆς
848 4153 1138 4228 ἁγιότητος
1196 4154 1275 4209 ἐπ’
1338 4153 1556 4232 ἄπειρόν
1624 4175 1808 4235 φησιν·

171 4241 401 4316 Ὗψηλὸς
433 4240 506 4297 ὢν
529 4243 557 4296 6
587 4242 783 4320 Κύριος
817 4243 868 4297 ἐν
896 4243 1165 4319 ἀγιότητι,
1197 4245 1295 4312 τήν
1347 4242 1484 4318 ἐμὴν
1535 4244 1586 4300 ἐν
1637 4248 1811 4323 ἀμαρ-

174 4330 307 4392 τίαις
356 4331 418 4386 ού
466 4329 688 4408 παρεῖδε
732 4331 1079 4389 ταπείνωσιν.
1128 4330 1284 4387 Ἀλλ’
1333 4331 1560 4404 ἔντευξιν
1619 4335 1809 4405 ἐποιη-

179 4420 342 4493 σάμην
392 4417 549 4483 ὅλαις
595 4423 792 4497 ὁρμαῖς
835 4425 928 4476 νοῦ
985 4422 1120 4497 πρὸς
1171 4421 1352 4494 αὐτὸν,
1394 4425 1480 4478 καὶ
1545 4423 1812 4495 ἐπήκουσέ

183 4530 282 4583 μου
310 4508 360 4579 ἐξ
400 4508 568 4584 ὕψους
600 4509 894 4584 ἁγιότητος
923 4509 1110 4566 αὐτοῦ.

251 4599 441 4675 ιἘγὼ
516 4597 819 4673 ἐκοιμήθην
890 4599 981 4654 καὶ
1055 4598 1296 4672 ὕπνωσα,
1356 4600 1652 4676 ἐξηγέρθην
1726 4597 1810 4657 ὅτι

181 4685 366 4762 Κύριος
415 4685 774 4762 ἀντιλήψεταί
823 4711 944 4762 μου.
981 4713 1009 4741 ››
1041 4721 1111 4733 --
1167 4685 1496 4745 Ἑσκότωταί
1546 4711 1652 4765 μου
1695 4697 1814 4754 ταῖς

183 4775 478 4850 ἀθυμίαιςὸ
535 4773 830 4852 λογισμὸς,
878 4779 968 4832 καὶ
1013 4785 1115 4847 τῆς
1172 4777 1515 4850 ἐπαλλήλοις
1570 4781 1810 4858 κεκάρω-

187 4885 275 4938 μαι
369 4872 696 4944 συμφοραῖς,
776 4865 866 4920 καὶ
962 4865 1232 4943 ἄπρακτος
1307 4867 1569 4944 ἐγενόμην
1655 4867 1810 4941 δίκην

183 4954 460 5017 ὑπνοῦντος
538 4953 629 5010 καὶ
710 4953 1059 5031 ἀνενέργητος
1153 4956 1204 5010 ἐν
1293 4957 1580 5033 ἀμηχανίᾳ
1672 4959 1814 5034 πάσῃ

181 5042 443 5106 καταστάς.
505 5041 663 5099 Ἀλλ’
720 5042 973 5114 ἐννοήσας
1033 5043 1132 5116 ὅση
1190 5050 1288 5100 τοῦ
1345 5045 1616 5122 Κυρίου-ἡ
1668 5047 1811 5103 ἀντί-

183 5130 336 5206 ληψις
364 5131 453 5188 καὶ
497 5129 710 5202 μᾶλλον
760 5132 812 5188 ἐν
853 5137 970 5196 τοῖς
999 5133 1248 5210 ἀπόροις,
1299 5133 1386 5188 ἐπὶ
1414 5133 1542 5198 τοὺς
1589 5135 1665 5198 είς
1712 5136 1812 5192 αύ-

180 5222 263 5276 τὸν
337 5221 789 5300 καταφεύγοντας,
851 5222 1085 5297 ἀνένηψά
1165 5244 1224 5278 τε
1307 5222 1396 5278 καὶ
1478 5223 1813 5302 ἀνεθάρρησα

181 5309 450 5373 πιστεύσας
483 5309 564 5365 ὅτι
595 5311 774 5383 κάμοῦ
797 5310 992 5387 Κύριος
1021 5309 1398 5386 ἀντιλήψεται.

247 5423 273 5450 ‹‹
305 5399 372 5454 Οὐ
405 5394 794 5477 φοϐηθήσομαι
826 5399 932 5454 ἀπὸ
967 5398 1244 5477 μυριάδων
1279 5400 1412 5456 λαοῦ
1453 5403 1561 5456 τῶν
1617 5399 1807 5475 κύκλῳ

185 5489 648 5562 συνεπιτιθεμένων
711 5509 826 5562 μοι.
870 5512 899 5540 ››
936 5519 1002 5532 —
1054 5490 1256 5545 Λοιπὸν
1318 5489 1534 5568 ἐπείπερ
1577 5488 1806 5561 ἀντιλήο

185 5578 323 5651 ψεταί
375 5599 478 5651 μου
510 5579 537 5632 ὁ
593 5576 812 5654 Κύριος,
864 5575 926 5632 οῦ
984 5574 1369 5656 φοϐηθήσομαι
1424 5579 1530 5634 ἀπὸ
1588 5576 1804 5634 πολλοῦ

185 5666 410 5735 πλήθους
462 5665 675 5742 ἐχθρῶν
725 5669 830 5720 τῶν
887 5664 947 5720 ἐκ
993 5668 1192 5730 παντὸς
1227 5667 1422 5742 μέρους
1460 5665 1806 5740 ὁμοθυμαδὸν

188 5753 566 5810 ἐπιπιπτόντων
627 5754 714 5810 καὶ
768 5753 1096 5830 μαχομένων
1155 5779 1268 5830 μοι.
1322 5763 1496 5812 Ταῦτα
1544 5755 1603 5812 δὲ
1659 5757 1808 5834 λέγω

1930 3427 2087 3479 μενον
2137 3406 2212 3468 ὡς
2262 3406 2313 3460 ἐν
2361 3406 2518 3480 τάχει
2566 3403 2944 3477 διαλυόμενον,
2977 3402 3124 3460 ἀλλά
3170 3404 3309 3478 πρὸς
3362 3403 3462 3472 τὴν
3511 3402 3572 3458 ἐκ

1925 3499 2058 3550 Θεοῦ
2115 3495 2204 3550 καὶ
2267 3493 2432 3567 μόνον
2489 3491 2765 3549 δικαίωσιν
2827 3492 3026 3556 ἀτενῶς
3076 3493 3165 3547 καὶ
3235 3488 3568 3554 ἀδιαστάτως

1926 3584 2071 3660 ὁρᾷν,
2123 3585 2199 3646 ὡς
2257 3581 2662 3661 ἀσφαλεστάτην
2721 3603 2781 3638 τε
2836 3581 2927 3638 καὶ
2993 3581 3402 3656 μονιμωτάτην.
3462 3580 3572 3636 Καὶ

1922 3694 1983 3749 γε
2036 3675 2135 3742 τὴν
2194 3672 2359 3727 αὐτοῦ
2416 3671 2748 3748 ἀγαθότητα,
2783 3669 2853 3726 δι’
2898 3673 2958 3741 ἣν
2992 3673 3240 3744 ἀσμένως
3296 3670 3386 3725 καὶ
3440 3669 3570 3732 τοὺς

1924 3762 1974 3835 ἐξ
2035 3761 2198 3817 αὐτοῦ
2261 3760 2631 3835 μακρύναντας
2688 3763 2778 3816 καὶ
2834 3758 3091 3825 αὖθιςὼς
3122 3761 3302 3837 χρεὼν
3333 3758 3575 3836 ἐπιστρέ-

1926 3873 2145 3928 φοντας,
2179 3848 2416 3926 δέχεται.

1995 3958 2305 4031 «Ἂνάστα,
2382 3957 2564 4033 Κύριε,
2641 3956 2812 4012 σῶσόν
2894 3977 2980 4031 με,
3055 3957 3083 4010 ὁ
3159 3955 3290 4019 Θεός
3362 3977 3488 4030 μου.
3549 3980 3570 4006 υ

1923 4047 2204 4102 -Είπὼν
2263 4047 2400 4124 πρὸς
2459 4047 2645 4102 ἑαυτὸν
2701 4047 2768 4102 τὰ
2815 4046 3136 4123 θαρσοποιά,
3204 4042 3349 4122 λέγει
3407 4043 3573 4100 πάλιν

1921 4137 2057 4213 πρὸς
2114 4137 2205 4192 τὸν
2265 4136 2416 4194 Θεόν.
2460 4137 2599 4213 Ἐγὼ
2653 4139 2722 4210 τῇ
2778 4136 2924 4212 παρὰ
2982 4140 3077 4190 σοῦ
3147 4133 3389 4210 σωτηρίᾳ
3444 4133 3567 4209 θαρ-

1922 4225 2030 4303 ῥῶν
2086 4228 2312 4290 τούτους
2363 4225 2704 4304 ἐφθεγξάμην
2761 4224 2888 4288 τοὺς
2931 4223 3149 4301 λόγους.
3184 4223 3386 4279 Λοιπὸν
3443 4222 3566 4278 ἀνά-

1921 4336 2038 4385 στα,
2099 4315 2268 4370 σῶσόν
2333 4336 2418 4390 με,
2482 4316 2510 4370 6
2568 4313 2695 4376 Θεός
2757 4335 2882 4388 μουο
2931 4313 3020 4368 καὶ
3079 4313 3131 4366 οἱ
3187 4309 3256 4367 δι’
3314 4311 3410 4386 ἐμὲ
3484 4309 3574 4366 λέ-

1919 4425 2125 4479 γοντες,
2182 4403 2296 4463 Ούκ
2352 4401 2463 4459 ἔστι
2520 4403 2764 4479 σωτηρία
2821 4402 2967 4475 αὐτῷ
2998 4400 3048 4456 ἐν
3077 4406 3156 4474 τῷ
3210 4405 3326 4474 Θεῷ
3382 4400 3567 4472 αὐτοῦ,

1919 4493 2206 4568 γνώτωσαν
2259 4491 2341 4548 δτι
2392 4492 2478 4563 σὺ,
2510 4493 2537 4548 ὁ
2588 4491 2715 4555 Θεός
2768 4514 2894 4566 μου,
2942 4489 3146 4554 ἔσωσάς
3201 4511 3286 4564 με.
3335 4488 3565 4566 Εἷ’ρηται

1921 4580 1978 4638 δὲ
2033 4584 2095 4638 τὸ
2151 4583 2348 4638 ἀνάστα
2401 4585 2799 4661 μεταφορικῶς,
2831 4581 2940 4636 ἀπὸ
2990 4584 3097 4634 τῶν
3162 4579 3222 4635 ἐκ
3248 4585 3347 4649 τῆς
3407 4579 3565 4643 καθέ-

1843 4675 1891 4741 D
1923 4668 2051 4748 δρας
2108 4671 2474 4745 ἀνισταμένων
2527 4672 2617 4726 καὶ
2676 4671 3010 4744 κινουμένων
3067 4666 3142 4732 εἴς
3201 4668 3265 4723 τὸ
3300 4668 3568 4744 βοηθῆσαί

1919 4781 2082 4817 τισιν.

1996 4873 2026 4902 ‹‹
2051 4853 2169 4904 Ὅτι
2200 4849 2262 4904 σὺ
2293 4849 2556 4920 ἐπάταξας
2608 4851 2809 4910 πάντας
2859 4846 2984 4910 τοὺς
3039 4846 3427 4925 ἐχθραίνοντάς
3470 4867 3563 4921 μοι

1925 4937 2188 5012 ματαίως.
2223 4963 2250 4991 ››
2284 4971 2352 4981 —-
2382 4941 2521 5008 Ὅτι,
2555 4936 2640 4992 ἐὰν
2676 4936 2839 5010 μόνον
2872 4937 3102 5010 ἀναστῇς
3162 4935 3239 4998 είς
3285 4935 3348 4991 τὸ
3396 4935 3564 4990 σῶσαί

1926 5048 2011 5102 με,
2042 5027 2342 5102 παραυτίκα
2371 5025 2432 5081 σὺ
2463 5025 2657 5089 πάντας
2690 5025 2950 5096 ἐπάταξας
2979 5023 3105 5086 τοὺς
3152 5022 3277 5098 ἐμοὶ
3321 5025 3563 5098 ματαίως

1922 5113 2046 5170 ἄνευ
2073 5117 2218 5178 τινὸς
2249 5115 2422 5180 αἰτίας
2452 5114 2852 5192 ἐχθραίνοντας.
2882 5113 2942 5170 Τί
2972 5115 3074 5191 γὰρ
3106 5111 3392 5184 ἠδίκηνται
3440 5115 3568 5192 παρ’

1922 5203 2057 5280 ἐμοῦ
2082 5225 2095 5276 ;

1996 5335 2025 5364 ‹‹
2057 5309 2304 5374 Ὀδόντας
2359 5308 2700 5389 ἁμαρτωλῶν
2760 5309 3099 5388 συνέτριψας.
3132 5335 3159 5363 ››
3221 5342 3290 5351 —
3349 5309 3565 5372 Εὐθέως

1920 5401 2020 5472 τὴν
2052 5401 2208 5478 ἰσχὺν
2237 5405 2344 5456 τῶν
2394 5397 2736 5476 ἁμαρτωλῶν
2800 5401 3187 5479 ἐξημφάνισας,
3221 5398 3447 5461 ἆναστάς
3500 5400 3563 5455 τὸ

1922 5494 2088 5546 σῶσαι
2153 5490 2244 5544 τὸν
2303 5488 2498 5546 δοῦλόν
2555 5512 2671 5548 σου.
2705 5490 2802 5546 Καὶ
2860 5494 3020 5546 τοῦτο
3082 5487 3140 5545 δὲ
3186 5492 3561 5568 μεταφορικῶς

1922 5579 2027 5634 ἀπὸ
2077 5583 2183 5635 τῶν
2251 5578 2455 5656 θηρίων
2505 5585 2611 5636 τῶν
2672 5579 2723 5636 ἐν
2775 5585 2855 5654 τῷ
2912 5577 3120 5635 δάκνειν
3173 5577 3411 5654 ἐχόντων
3459 5579 3558 5648 τὴν

1921 5666 2170 5742 δυναμιν,
2230 5669 2263 5723 ἃ
2313 5669 2440 5732 τοὺς
2556 5668 2776 5734 ὀδόντας
2877 5663 3240 5744 συντριϐέντα,
3307 5665 3558 5740 μένουσιν

1920 5755 2123 5834 ἀδρανῆ
2183 5759 2271 5813 καὶ
2356 5758 2634 5836 ἀνίσχυρα.
2701 5761 2987 5838 Προσφυής
3043 5761 3076 5827 ἡ
3140 5756 3438 5832 μεταφοραί.
3497 5755 3559 5810 Τί
