3988 6426
157 453 304 511 I3“

1381 446 1791 509 EXPOSITIO
1833 446 1913 507 IN
1957 445 2345 508 PSALMOS.

3405 435 3563 496 1349

155 584 271 653 Θεῷ
301 577 431 636 ἀλλ’
479 575 808 652 ὁλοκλήρως
849 579 948 632 τοῦ
993 579 1148 648 Θεοῦ,
1197 598 1378 648 πασης
1431 576 1798 654 ὑπερανῳκισ-
1829 580 1885 646 Α
1911 575 1980 632 τὰ
2014 576 2185 652 ἀγαθᾶ
2234 578 2401 630 ταῦτα
2447 573 2514 628 τὰ
2559 569 3015 646 πολυθρύλλητα,
3061 569 3160 637 τήν
3207 569 3306 623 τοῦ
3362 563 3562 654 Κυρίου

161 671 325 744 μένος
383 669 655 741 κοσμικῆς
708 665 1074 741 προπαθείας
1145 667 1235 722 καὶ
1294 665 1531 742 σχέσεως
1595 665 1685 720 καὶ
1740 665 1803 720 τὸ

157 757 471 831 πολίτευμα
521 752 666 831 ἔχων
720 753 772 810 ἐν
819 754 1068 832 οὐρανοῖς
1102 759 1205 824 ζῶν
1240 756 1383 825 ζωὴν
1418 753 1804 828 ὑπερκόσμιον.

234 896 263 925 ‹‹
297 870 497 948 Κύριος
528 868 894 925 είσακούσεταί
919 891 1024 944 μου
1047 869 1098 924 ἐν
1120 874 1199 943 τῷ
1227 871 1540 948 κεκραγέναι
1576 890 1642 942 με
1670 870 1808 942 πρὸς

165 961 345 1018 αὐτόν·
382 984 412 1012 ››
438 993 505 1004 —
554 959 704 1014 Ἐπεὶ
751 961 927 1014 πάντα
979 960 1071 1015 τὸν
1106 957 1493 1037 ἀφωσιωμένον
1526 957 1672 1029 αὐτῷ
1701 956 1808 1015 Κύ-

168 1071 284 1128 ριος
335 1047 766 1123 ἐθαυμάστωσεν,
814 1049 1099 1120 ἀνάκειμαι
1133 1045 1190 1103 δὲ
1216 1049 1371 1123 κάγὼ
1399 1052 1479 1120 τῷ
1509 1047 1692 1123 Κυρίῳ
1719 1066 1788 1101 κα

164 1141 263 1209 τῆν
296 1135 492 1194 ἐλπίδα
517 1158 621 1211 μου
669 1142 839 1192 πᾶσαν
887 1137 968 1192 ἐπ’
998 1136 1146 1209 αὐτῷ
1176 1137 1338 1206 κέκτη
1350 1157 1466 1210 μαι,
1503 1133 1670 1210 μηδὲν
1702 1139 1809 1190 τῶν

169 1227 221 1284 ἐν
303 1227 493 1300 κόσμῳ
567 1225 897 1299 ποιούμενος
991 1223 1497 1302 περισπούδαστον’
1577 1223 1814 1280 πιστεύω

172 1311 407 1394 βεϐαίως
459 1335 519 1370 τε
572 1313 661 1369 καὶ
718 1311 1000 1392 ἀσφαλῶς,
1061 1313 1142 1370 ὅτι
1219 1313 1423 1391 Κύριος
1490 1313 1815 1391 κεκραγότος

173 1427 276 1480 μου
301 1405 438 1481 πρὸς
465 1403 648 1472 αὐτὸν,
679 1402 1049 1459 είσακούσεται
1084 1422 1098 1437 ο
1152 1401 1237 1459 διὸ
1265 1404 1355 1459 καὶ
1409 1404 1562 1477 ὑμεῖς
1615 1404 1666 1458 οἱ
1722 1404 1816 1477 βα-

172 1491 428 1571 ρυκάρδοι
482 1494 584 1562 τὴν
649 1491 988 1566 ματαιότητα
1033 1493 1125 1548 καὶ
1178 1491 1242 1548 τὰ
1299 1489 1496 1567 ψεῦδος
1573 1491 1820 1552 ἐάσαντες

170 1583 260 1639 καὶ
311 1583 446 1658 πρὸς
499 1581 592 1637 τὸν
661 1580 857 1658 Κύριον
919 1580 1241 1657 στρέψαντες
1301 1579 1602 1659 ὁλοψύχως
1671 1580 1818 1636 εἰσα-

173 1673 375 1741 κουσθή
385 1681 557 1734 σεσθε.

245 1810 275 1840 α
305 1784 614 1862 Ὀργίζεσθε
669 1783 760 1840 καὶ
821 1786 898 1859 μὴ
949 1786 1305 1863 ἁμαρτάνετε.
1360 1809 1382 1837 ι
1433 1819 1504 1828 -
1550 1786 1624 1840 Ob
1653 1806 1825 1862 προσ-

170 1874 446 1947 τακτικὸν,
478 1871 606 1930 ἄλλ’
651 1872 1086 1950 ἐρωτηματικὸν,
1118 1876 1208 1930 τὸν
1240 1875 1540 1952 ὀργίζεσθε’
1571 1880 1826 1939 τοιοῦτος

173 1965 277 2042 γὰρ
309 1965 337 2018 6
377 1962 542 2040 λόγος
568 1981 582 1995 ⁶
638 1962 704 2018 Et
747 1963 838 2018 καὶ
890 1963 1170 2041 ὀργίζεσθε
1203 1962 1451 2020 διαλύετε
1478 1966 1579 2034 τήν
1617 1964 1782 2040 ὀργήν
1809 1982 1824 1997 ⁸

174 2054 353 2116 καθὼς
399 2051 706 2108 ἐντέλλεται
755 2052 846 2107 καὶ
893 2053 958 2108 τὸ
1006 2052 1362 2130 Εὐαγγέλιον,
1412 2077 1440 2104 ‹‹
1507 2054 1594 2123 Μὴ
1642 2050 1826 2108 ἐπιδυ-

177 2144 301 2216 έτω,
361 2141 586 2221 φάσκον,
636 2143 664 2197 6
712 2139 875 2210 ἥλιος
933 2142 1020 2197 ἐπὶ
1071 2141 1150 2215 τῷ
1193 2147 1554 2218 παροργισμῷ
1588 2142 1762 2214 ὑμῶν.
1794 2165 1824 2196 ››

175 2232 246 2286 Τὸ
277 2228 336 2286 δὲ
381 2229 470 2286 καὶ
526 2231 601 2302 μὴ
647 2231 982 2307 ἁμαρτάνετε
1027 2230 1273 2286 τοιοῦτόν
1326 2231 1456 2286 ἐστι’
1511 2227 1824 2304 μήλτελείαν

178 2320 267 2374 καὶ
312 2311 717 2394 ’ἀπηρτισμένην
789 2319 1068 2396 ἐργάζεσθε
1131 2320 1231 2390 τήν
1302 2319 1562 2396 ἁμαρτίαν
1632 2319 1684 2374 ἐν
1749 2322 1829 2392 τῴ

180 2414 490 2464 κακοποιεῖν
543 2408 579 2476 ἢ
625 2407 676 2460 ἐν
725 2412 804 2480 τῷ
851 2414 1222 2481 μνησικακεῖν,
1275 2407 1389 2464 ἐπεί
1436 2409 1521 2464 τοί
1557 2430 1622 2484 γε
1649 2409 1739 2463 καὶ
1766 2408 1829 2463 τὸ

185 2496 494 2574 ἀργίζεσθαι
541 2496 776 2570 ἁμαρνία
823 2496 956 2556 ἐστί.
1011 2497 1143 2574 Περὶ
1192 2495 1251 2553 δὲ
1295 2505 1394 2568 τῆς
1446 2497 1613 2575 ὀργῆς
1647 2495 1829 2552 διδάσ-

182 2607 264 2642 κει
316 2593 416 2656 τῆς
462 2584 728 2660 ἐπιψόγου
775 2584 865 2641 καὶ
920 2586 1228 2661 βλαπτικῆς
1278 2586 1329 2658 ἐξ
1376 2591 1442 2656 ῆς
1493 2584 1688 2664 ἔριδες,
1735 2585 1834 2660 μά-

185 2696 302 2753 χαι,
355 2673 590 2750 πληγαὶ,
616 2674 708 2729 καὶ
749 2673 928 2732 τᾶλλα
965 2675 1033 2730 τὰ
1059 2675 1124 2731 τά
1153 2675 1510 2754 παραπλήσια
1532 2677 1599 2732 τὰ
1626 2697 1684 2731 τε
1712 2675 1832 2751 χεί-

187 2784 340 2841 ριστα
371 2783 384 2796 ·
417 2764 480 2818 τὸ
527 2764 630 2840 γὰρ
675 2785 797 2819 τινα
839 2765 1122 2835 κινηθῆναι
1170 2766 1309 2841 πρὸς
1347 2763 1832 2839 πλημμελούντων

189 2851 475 2929 διόρθωσιν
527 2851 625 2907 οὐκ
673 2851 812 2908 ἔστιν
863 2852 1020 2930 ὀργὴ,
1066 2851 1213 2908 ἀλλὰ
1245 2853 1411 2924 ζῆλος
1445 2854 1714 2917 ἐπαινετὸς

193 2938 501 3020 ὠφέλιμος.

266 3070 294 3100 ι(
323 3050 397 3103 "A
427 3044 610 3123 λέγετε
656 3045 709 3101 ἐν
752 3053 874 3110 ταῖς
928 3045 1175 3125 καρδίαις
1230 3049 1380 3122 ὑμῶν
1430 3048 1517 3104 ἐπὶ
1559 3055 1676 3113 ταῖς
1717 3048 1840 3105 κοί-

192 3157 308 3198 ταις
343 3136 492 3209 ὑμῶν
517 3134 868 3213 κατανύγητε.
904 3160 932 3188 ››
958 3171 1022 3179 -
1057 3139 1152 3192 ’Δι’
1185 3138 1218 3192 ἅ
1247 3137 1434 3213 λέγετε
1459 3138 1548 3194 καὶ
1583 3138 1841 3212 μελετᾶτε

197 3223 250 3280 ἐν
316 3230 434 3287 ταῖς
491 3222 738 3302 καρδίαις
795 3225 946 3298 ὑμῶν
1002 3227 1266 3299 ἀμυντικά
1310 3226 1400 3281 καὶ
1477 3228 1837 3304 ἁμαρτητικά,

1943 2837 2047 2872 νοι·
2075 2814 2174 2870 Διά

1943 2903 2349 2980 πολυχρήστων
2405 2903 2496 2960 καὶ
2550 2904 2649 2972 τήν
2710 2901 2885 2974 ἄλλην
2943 2901 3149 2979 τροφὴν
3193 2897 3462 2978 ἐνέφηνεν.
3522 2898 3587 2953 Ἡ

1913 662 2225 738 ἀντίληψιν,
2274 664 2373 732 τὴν
2417 667 2523 717 τῶν
2579 659 2897 717 λυπούντων
2941 654 3290 732 ἀπαλλαγὴν,
3339 653 3429 710 καὶ
3457 655 3558 724 τὴν

1914 754 2180 829 ἀκήρατον
2223 751 2428 822 ἐκείνην
2467 753 2608 821 ζωήν
2645 769 2659 819 ;

1987 865 2016 893 ι(
2050 841 2391 915 Ἐσημειώθη
2453 840 2538 918 ὑφ’
2593 841 2742 912 ἡμᾶς
2795 837 2858 892 τὸ
2914 839 3030 914 φῶς
3092 837 3189 888 τοῦ
3258 833 3557 908 προσώπου

1917 951 2034 1003 σου,
2087 930 2264 1005 Κύριε.
2318 953 2348 981 ››
2399 962 2464 972 -
2511 933 2741 983 Ἐκεῖνοι
2791 925 2890 981 οὐκ
2937 919 3169 1001 ἔγνωσαν
3235 919 3362 977 οὐδὲ
3409 927 3567 992 συνῆέ

1793 1047 1810 1099 ὶ
1917 1040 2037 1092 καν,
2105 1017 2156 1073 ἐν
2207 1018 2386 1074 σκότει
2454 1014 2901 1089 διαπορεύονται·
2957 1012 3038 1092 ἐφ’
3078 1015 3228 1085 ἡμᾶς
3277 1011 3568 1084 ἐνεσημάν-

1922 1120 1989 1178 θη
2031 1109 2094 1163 τὸ
2144 1111 2254 1186 φῶς
2300 1114 2400 1176 τῆς
2453 1113 2552 1176 σῆς
2597 1105 2897 1174 ἐπισκοπῆς
2947 1103 3036 1158 καὶ
3065 1098 3432 1174 ἀντιλήψεως,
3464 1098 3570 1156 Κύ-
3678 1127 3695 1146 ι

1924 1218 2024 1274 ριε.
2076 1195 2218 1258 Τοὺς
2271 1197 2369 1265 τὴν
2419 1196 2517 1264 σήν
2585 1193 2952 1270 ἐπεγνωκότας
3031 1189 3405 1274 χρηστότητα,
3479 1189 3569 1244 καὶ

1925 1272 2158 1364 ιρέρομεν
2230 1283 2359 1339 αὐτὸ
2427 1281 2714 1344 διαπαντὸς
2779 1282 2830 1337 ἐν
2909 1281 3121 1340 ἑαυτοῖς
3187 1272 3570 1345 ἀναπόϐλητον

1924 1375 2014 1431 καὶ
2051 1379 2157 1429 τῶν
2192 1373 2438 1429 ἐνταυθοῖ
2465 1373 2854 1449 πεπειραμένοι
2884 1375 2993 1425 τῶν
3022 1370 3254 1446 ἀγαθῶν,
3288 1364 3414 1423 οὐδὲ
3447 1367 3571 1443 περὶ

1925 1467 2032 1519 τῶν
2065 1461 2234 1518 ἐκεῖσε
2263 1459 2604 1535 διστάζομεν.

2004 1576 2034 1606 ι(
2062 1548 2312 1613 Ἔδωκας
2345 1548 2678 1628 εὐφροσύνην
2713 1547 2788 1610 εἷς
2833 1549 2933 1616 τήν
2979 1544 3199 1623 καρδίαν
3255 1566 3380 1620 μου.
3426 1568 3456 1597 ››
3503 1575 3574 1587 —-

1933 1639 2213 1721 Ε’ύφρανας
2270 1641 2370 1709 τήν
2434 1639 2618 1714 ψυχήν
2672 1658 2778 1711 μου
2823 1642 2942 1699 ταῖς
2985 1634 3202 1712 μυρίαις
3249 1632 3574 1710 εὐεργεσίαις

1933 1752 2050 1788 σου.
2087 1752 2117 1782 ‹‹
2145 1727 2251 1785 Καὶ
2280 1733 2398 1791 ταῖς
2428 1725 2706 1802 ἀψευδέσιν
2742 1725 3090 1802 ἐπαγγελίαις
3119 1745 3235 1782 σου.

2007 1861 2036 1890 ‹‹
2068 1835 2204 1892 Ἀπὸ
2242 1839 2452 1912 καρποῦ
2497 1839 2595 1889 τοῦ
2643 1831 2791 1889 ο⁸ίνου
2841 1832 2932 1888 καὶ
2985 1830 3170 1888 ἐλαίου
3194 1829 3368 1886 αὐτῶν
3401 1828 3574 1901 ἐπλη-

1856 1951 1904 2018 B
1935 1925 2222 1997 θύνθησαν.
2283 1947 2427 2018 »ῃ-
2480 1924 2666 2018 ῘΗμεῖς
2720 1922 2825 2018 μὲν·
2864 1920 2923 1976 ἐκ
2965 1914 3218 2018 τῆς-σῆς
3277 1916 3574 2018 ἐπισκοπῆς

1934 2022 2035 2085 τῆς
2063 2036 2123 2069 τε
2152 2018 2240 2068 νῦν
2276 2011 2443 2082 οὔσης
2477 2011 2528 2067 ἐν
2562 2013 2697 2085 ἡμῖν
2740 2011 2830 2066 καὶ
2885 2016 2986 2080 τῆς
3043 2007 3278 2071 αἱωνίως
3312 2007 3577 2081 ἐσομένης

1937 2104 1988 2167 ἐς
2049 2102 2266 2179 ὕστερον
2325 2099 2698 2180 ἐφωτίσθημεν
2780 2098 2870 2154 καὶ
2937 2097 3325 2175 εὐφράνθημεν.
3393 2096 3456 2151 Οἱ
3531 2093 3579 2150 δ’

1937 2190 2303 2266 ἐσκοτισμένοι
2331 2197 2431 2259 τῆς
2460 2197 2583 2266 γῆς,
2619 2188 2736 2245 ὅσοι
2766 2190 3030 2265 κεχήνασι
3083 2188 3207 2264 περὶ
3254 2190 3413 2263 χοῦν,
3458 2189 3578 2247 ταῖς

1937 2285 2270 2356 σωματικαῖς
2373 2279 2675 2341 εὐπαθείαις
2778 2279 2876 2347 τὴν
2953 2274 3295 2349 εὐδαιμονίαν
3372 2275 3579 2330 ἅπασαν

1937 2372 2290 2448 περιώρισαν,
2347 2368 2439 2424 καὶ
2498 2367 2633 2424 κατά
2687 2368 2790 2437 τήν
2843 2371 2991 2444 σφῶν
3051 2365 3226 2420 αὐτῶν
3246 2363 3445 2441 κρίσιν,
3476 2363 3580 2418 ἀπὸ

1938 2463 2148 2534 καρποῦ
2178 2457 2352 2514 αὐτῶν
2387 2456 2611 2530 ὁλικῶς,
2642 2453 2810 2532 ἤγουν
2857 2455 2963 2510 ἀπὸ
3009 2458 3118 2510 τῶν
3162 2453 3263 2509 ἀνά
3309 2457 3412 2509 πᾶν
3465 2450 3582 2514 ἔτος

1940 2547 2352 2624 συλλεγομένων
2410 2545 2594 2608 αὐτοῖς
2652 2549 2872 2622 καρπῶν
2933 2545 3096 2622 ἄρτου
3146 2542 3236 2599 καὶ
3295 2539 3446 2598 οἷ’νου
3491 2539 3582 2596 καὶ

1942 2637 2146 2711 ἐλαίου,
2179 2635 2422 2711 δαψιλῶς
2454 2634 2876 2708 ἐνεπλήσθησαν,
2919 2634 3020 2704 τήν
3080 2631 3250 2710 σάρκα
3302 2629 3586 2687 καταπιαί-

1940 2747 2122 2788 νοντες
2167 2725 2258 2781 καὶ
2305 2724 2501 2780 τούτου
2557 2724 2863 2801 περαιτέρῳ
2916 2720 3083 2797 μηδέν
3148 2742 3201 2776 τι
3269 2717 3586 2793 διανοούμε-

2230 2811 2287 2870 δὲ
2330 2816 2432 2884 τῆς
2478 2818 2585 2869 τῶν
2622 2810 3090 2889 ἀπηριθμημένων
3129 2808 3462 2883 πλησμονῆς
3511 2809 3586 2870 ὡς

1946 2991 2187 3065 σύνταξις
2215 2993 2334 3048 καθ’
2384 2986 2703 3069 ὑπερϐατὸν,
2748 2990 2853 3046 ἀπὸ
2899 2991 3110 3066 καρποῦ
3156 2987 3354 3060 αὐτῶν,
3412 2984 3586 3057 σίτου,

1949 3079 2098 3138 οἵνου
2127 3082 2216 3136 καὶ
2247 3080 2451 3152 ἐκαίου,
2484 3079 2915 3153 ἐπληθύνθησαν,
2959 3075 3052 3134 εἶτ’
3110 3075 3200 3133 οὐν
3252 3075 3328 3140 είς
3377 3073 3589 3145 πλῆθος

1950 3170 2366 3249 ἐνεφορήθησαν.
2416 3167 2728 3247 Οὐδετέρως
2787 3165 2845 3224 δὲ
2887 3166 2951 3224 τὸ
3008 3171 3152 3223 σῖτον
3210 3163 3584 3244 παραληφθὲν,

1951 3258 1981 3314 ὅ
2011 3257 2178 3330 δηλοῖ
2239 3260 2330 3314 τὸν
2398 3256 2556 3336 ἄρτον
2624 3256 3046 3335 προηγουμένων
3114 3254 3590 3333 (προηγουμένως)

196 3313 317 3423 In?)
363 3317 472 3368 τῶν
519 3311 781 3418 ’ξοιοιῖτων
824 3314 936 3419 ,γὰρ
965 3316 1046 3423 ’δῆ
1067 3314 1252 3423 λόγος,
1322 3315 1409 3423 ἐξτῖ
1467 3321 1588 3378 ταῖς
1633 3316 1838 3379 κοίταις
1953 3311 2237 3423 ἐπομάνως
2267 3345 2324 3402 δὲ
2352 3311 2577 3402 καὶΓπᾶδ
3015 3311 3190 3399 πειέαᾶ
3232 3311 3464 3420 τριοφῆν,

197 3403 346 3474 ὑμῶν
413 3403 550 3457 κατά
625 3401 715 3458 τὸν
785 3409 887 3472 τῆς
962 3400 1163 3465 ἐνδείας
1219 3404 1427 3480 καιρὸν,
1505 3425 1842 3480 κατανυγητε

195 3491 284 3546 καί
344 3490 647 3562 λυπήθητε,
704 3491 795 3545 καὶ
857 3494 1234 3564 μετανοήσατεο
1297 3493 1489 3548 ταυτὸν
1567 3491 1614 3548 δ’
1672 3494 1839 3549 εἰπεῖν

186 3579 310 3656 περὶ
367 3581 440 3634 ῶν
500 3579 717 3634 ἀτόπων
776 3579 866 3634 καὶ
923 3580 1069 3656 παρά
1123 3582 1221 3650 τὴν
1281 3581 1531 3652 ἐντολὴν,
1566 3581 1618 3637 ἐν
1655 3583 1839 3659 ἡμέρᾳ

188 3666 580 3744 διαλογίζεσθε,

189 3759 509 3828 πενθήσατε,
564 3763 788 3834 ταχεῖαν
846 3757 1167 3832 ποιούμενοι
1217 3761 1306 3814 καὶ
1366 3759 1555 3815 αὐτῶν
1589 3765 1696 3815 τῶν
1732 3758 1843 3816 δια-

190 3845 476 3920 λογισμῶν
526 3846 626 3914 τήν
680 3843 989 3921 διόρθωσιν.
1032 3847 1302 3904 Ἐντεῦθεν
1334 3844 1391 3902 δὲ
1418 3847 1654 3923 τρόπους
1688 3849 1840 3925 ἀκρι-

190 3928 320 3995 ϐοῦς
381 3933 662 4007 μετανοίας
707 3935 736 3988 6
785 3937 1069 4013 φροφήτης
1129 3939 1264 4009 ἡμῖν
1330 3935 1690 4014 παραδίδωσι,
1763 3939 1840 4011 μή

190 4022 313 4097 περὶ
368 4025 475 4078 τῶν
533 4023 776 4096 πράξεων
835 4023 1022 4098 μόνον,
1073 4023 1218 4082 ἀλλά
1257 4025 1347 4080 καὶ
1397 4026 1520 4099 περὶ
1567 4031 1672 4081 τῶν
1712 4028 1840 4103 βου-

194 4109 480 4186 λευμάτων
567 4116 842 4190 παραινῶν
918 4113 1354 4180 κατανύσσεσθαι.
1457 4114 1666 4171 Τούτου
1739 4117 1840 4192 γὰρ

195 4199 484 4277 γινομένου
567 4202 760 4279 πρᾶξις
835 4203 1118 4279 ἁμαρτίας,
1195 4202 1294 4258 οὐκ
1367 4199 1426 4258 ἄν
1501 4203 1838 4274 ἐκτελεσθείη

195 4289 349 4348 ποτέ.
381 4295 496 4345 Τῶν
543 4291 644 4368 γὰρ
702 4291 890 4368 ἀρχῶν
941 4293 1365 4369 ἀναιρυομένων,
1423 4292 1514 4348 κάὶ
1575 4294 1644 4348 τά
1704 4291 1836 4365 τέλη

193 4384 615 4457 συναναιρεῖται.
680 4380 1101 4441 Κατανύσσεσθαι
1159 4380 1216 4438 δέ
1291 4381 1400 4437 ἐστι
1456 4383 1519 4437 τὸ
1582 4403 1843 4438 κατακεν-

193 4470 382 4523 τᾶσθαι
447 4469 548 4539 τήν
602 4465 824 4543 καρδίαν
884 4474 951 4545 τῇ
1005 4473 1196 4546 μνήμῃ
1259 4474 1367 4526 τῶν
1445 4469 1839 4546 ἐπταισμένων.

192 4558 466 4614 Ἐντεῦθεν
506 4558 597 4613 καὶ
644 4559 681 4628 ἡ
730 4557 1009 4633 κατάνυξις
1060 4556 1291 4636 εἷ’ρηται,
1347 4559 1490 4631 νύξις
1537 4562 1640 4636 γὰρ
1714 4581 1841 4635 καρ-

191 4645 308 4710 δίας
363 4647 439 4704 sic
487 4645 672 4724 péooc;
725 4647 957 4724 Ἐρβηξε
1003 4646 1249 4726 δακρύων
1280 4651 1482 4727 πηγήν·
1515 4651 1551 4720 ἡ
1583 4647 1629 4704 δ’
1661 4651 1838 4726 ἀμαρ“
1869 4689 1917 4754 1)
1953 4645 2041 4652 ΠΜ
2075 4645 2249 4756 ῑέΓ
2281 4645 2321 4720 ’ᾖ

191 4733 451 4771 ...ωε-..ιη
487 4735 759 4771 λρέηὶη..ρ
790 4736 1104 4771 ...δημημ
2025 4723 2053 4756 α
2141 4723 2194 4756 τι
2249 4723 2332 4771 cu,

189 4733 451 4810 τημάτων
487 4735 761 4792 ἀπέπλυνε
790 4736 1126 4812 κολασμούς.

272 4875 294 4902 ι
347 4849 548 4906 Θύσατε
593 4850 794 4906 ’θυσίαν
845 4849 1213 4923 δικαιοσύνης,
1271 4852 1360 4908 καὶ
1428 4850 1684 4908 ἐλπίσατε
1754 4853 1842 4910 ἐπὶ

194 4938 418 5015 Κύριον.
451 4961 481 4991 ››
537 4971 609 4982 --
662 4937 930 4996 Ἀδικεῖτε
990 4938 1200 5014 μηδένα
1251 4937 1462 5014 διόλου,
1519 4946 1724 4997 ποιεῖτε
1781 4942 1844 4997 τὸ

194 5025 426 5099 δίκαιον,
457 5027 548 5083 καὶ
580 5025 911 5084 ἔσταιτοῦτο
942 5029 1095 5084 θυσία
1148 5027 1536 5106 εὐπρόσδεκτος
1583 5035 1660 5103 τῷ
1708 5035 1843 5104 Θεῷ.

191 5118 301 5187 Τὴν
331 5116 586 5188 τοιαύτην
622 5114 711 5173 οῦν
759 5118 940 5182 θυσίαν
986 5120 1086 5188 τῆν
1132 5121 1228 5188 τῆς
1281 5117 1627 5190 δικαιοσύνης
1660 5119 1845 5184 θύσαν-

190 5227 303 5278 τες,
339 5203 616 5276 ἐλπίσαθε,
649 5206 736 5262 ἐπὶ
767 5207 962 5284 Κύριον
1007 5208 1098 5263 καὶ
1144 5210 1242 5276 τῆς
1291 5207 1455 5263 αὐτοῦ
1502 5205 1842 5283 ἀντιλήψεως

190 5294 463 5369 τεύξασθε.
509 5293 720 5366 Ταύτης
767 5293 825 5351 δὲ
869 5303 971 5367 τῆς
1025 5297 1210 5362 θυσίας
1257 5297 1524 5370 ἀπούσης,
1575 5299 1604 5352 6
1669 5295 1842 5375 λέγων

193 5382 438 5454 ἐλπίζειν
472 5382 561 5438 ἐπὶ
593 5383 789 5461 Κύριον
821 5385 1094 5458 ἠπάτησεν
1128 5387 1335 5444 ἑαυτόν.

268 5523 296 5552 ‹‹
330 5496 542 5555 Πολλοὶ
601 5497 862 5575 λέγουσι·
922 5500 1011 5564 Τίς
1071 5499 1226 5573 δείξει
1284 5505 1418 5576 ἡμῖν
1463 5501 1532 5558 τὰ
1559 5501 1772 5576 ἀγαθά;
1815 5525 1844 5555 ››

193 5621 266 5632 —-
297 5589 360 5642 Οἱ
388 5587 596 5644 πολλοὶ
641 5595 757 5652 τοῖς
807 5589 992 5666 λόγοις
1038 5595 1136 5646 τοῦ
1185 5596 1316 5650 Θεοῦ
1350 5592 1426 5665 μὴ
1457 5590 1842 5669 προσέχοντες,

195 5682 318 5739 ταῖς
379 5675 733 5753 ἐπαγγελίαις
796 5677 959 5733 αὐτοῦ
1028 5680 1104 5752 μὴ
1176 5679 1536 5752 πιστεύοντες,

197 5766 291 5820 καὶ
350 5763 598 5836 ἀσυνεσίᾳ
643 5763 1033 5839 διοικούμενοι,
1086 5767 1175 5830 Τίς
1223 5766 1381 5838 δείξει
1419 5772 1576 5843 ἡμῖν,
1605 5766 1845 5846 λέγουσι,

681 3669 818 3743 κατά
887 3670 989 3738 τὴν
1089 3668 1338 3726 ἐπιοῦσαν
1439 3670 1595 3735 εὐθὺς
1678 3672 1843 3727 νύκτα

1615 5681 1848 5757 ἀγνωσία

1947 3439 2046 3506 τὴν
2090 3441 2187 3493 τοῦ
2235 3436 2382 3492 σίτου
2419 3436 2662 3492 κέκλιται
2706 3434 2946 3510 γενικήνο
2996 3434 3052 3488 '0
3075 3433 3177 3509 γὰρ
3209 3437 3354 3494 σῖτος
3383 3451 3590 3504 καρπος

1950 3525 2088 3582 ἐστιν
2123 3525 2220 3581 οὐκ
2248 3526 2353 3580 ἀπὸ
2393 3529 2625 3602 καρποῦ,
2668 3525 2904 3601 καθάπερ
2951 3523 3002 3594 ἐξ
3051 3520 3236 3585 ἐλαίας
3278 3523 3340 3577 τὸ
3389 3516 3592 3592 ἔλαιον,

1948 3616 2039 3670 καὶ
2070 3617 2098 3670 ὁ
2129 3615 2272 3677 οἶνος
2302 3613 2361 3669 ἐκ
2390 3611 2692 3692 σταφυλῆς.

2028 3731 2049 3757 α
2087 3706 2170 3762 Ἐν
2224 3703 2414 3778 εἰρήνῃ
2443 3702 2530 3758 ἐπὶ
2595 3702 2659 3757 τὸ
2717 3701 2848 3756 αὐτὸ
2915 3701 3288 3774 κοιμθήσομαι
3353 3700 3444 3754 καὶ
3512 3699 3597 3755 ὑπ’

1949 3795 2130 3851 νώσω.
2168 3819 2189 3845 ι
2225 3827 2293 3835 —
2341 3793 2408 3850 Οἱ
2465 3791 2557 3865 μὲν
2609 3788 2698 3845 οὖν
2744 3789 2970 3860 πολλοὶ,
3001 3791 3178 3852 καθὼς
3211 3789 3402 3866 εἴρηκα
3430 3787 3598 3844 διετέ-

1951 3887 2141 3954 θησαν,
2187 3881 2313 3938 ἀλλ⁹
2361 3883 2474 3957 ἐγὼ
2517 3880 2784 3950 τοσαύτης
2833 3879 2885 3934 ἐν
2931 3884 3011 3950 τῷ
3055 3879 3249 3952 κόσμῳ
3293 3878 3473 3952 τούτῳ
3501 3885 3599 3948 τῆς

1951 3972 2100 4046 παρά
2142 3976 2237 4027 σοῦ
2285 3972 2529 4048 μετέχων
2601 3969 2858 4040 διηνεκῶς
2923 3967 3286 4043 ἀντιλήψεως,
3343 3967 3599 4031 πλείονος

1954 4058 2012 4117 δὲ
2064 4059 2286 4132 ταύτης,
2336 4059 2426 4116 καὶ
2469 4056 2800 4134 τελεωτέρας
2852 4059 2986 4130 μετὰ
3039 4058 3138 4126 τὴν
3173 4057 3309 4126 ἐμὴν
3347 4054 3600 4131 μετάστα-

1953 4173 2033 4206 σιν
2066 4149 2118 4206 ἐν
2159 4150 2410 4226 οὐρανοῖς
2456 4147 2690 4217 ἐλπίζων
2743 4145 3019 4223 ἐπιτυχεῖν
3069 4146 3258 4221 εἰρήνῃ
3313 4144 3599 4220 σωματικῇ

1949 4262 2009 4296 τε
2034 4240 2124 4295 καὶ
2176 4242 2390 4314 ψυχικῇ
2436 4239 2536 4308 τὴν
2591 4235 2902 4294 τελευταίαν
2949 4235 3208 4310 κοίμησιν
3256 4237 3600 4308 κοιμηθήσο-

1957 4350 2074 4403 μαι,
2132 4329 2224 4384 καὶ
2281 4327 2482 4399 ταύτην
2516 4325 2602 4382 ἐπὶ
2669 4325 2872 4402 μακρὸν
2928 4324 3155 4380 ἐκτενῶ·
3203 4328 3364 4380 τοῦτο
3391 4324 3493 4399 γὰρ
3536 4323 3600 4378 τὸ

1951 4419 2185 4474 ὐπνώσω
2209 4437 2221 4450 ·
2277 4415 2367 4472 διὰ
2419 4414 2478 4471 δέ
2520 4420 2618 4471 τοῦ
2664 4415 3079 4488 κοιμηθήσομαι
3115 4412 3205 4467 καὶ
3237 4412 3470 4467 ὑπνώσω
3496 4411 3596 4480 τήν

1951 4506 2237 4564 ἀνάστασεν
2307 4503 2606 4584 προδήλως
2653 4505 2936 4578 ἐσήμανεν.
2987 4503 3044 4557 Ὁ
3090 4502 3194 4579 γὰρ
3248 4501 3597 4575 κοιμώμενος

1951 4597 2041 4652 καὶ
2077 4597 2256 4652 ὑπνῶν
2288 4596 2562 4651 ἀνίσταται
2592 4591 2756 4648 πάλιν
2787 4591 2838 4646 ἐν
2873 4597 3031 4662 ζῶσιν
3065 4588 3162 4650 ὢν.

2381 4699 2564 4775 Κύριε,
2615 4698 2750 4754 κατὰ
2800 4697 2966 4772 μόνας
3029 4696 3112 4752 ἐπ’
3178 4693 3358 4751 ἐλπίδι
3421 4697 3598 4770 κατῴ-

1951 4791 2106 4853 κισάς
2168 4811 2257 4863 με.
2309 4816 2338 4842 n
2389 4822 2459 4832 --
2504 4789 2603 4843 Διᾶ
2646 4787 2699 4843 τί
2750 4808 2934 4866 φησιν,
2978 4786 3099 4841 Ἐπὶ
3140 4786 3202 4840 τὸ
3257 4785 3410 4859 αὐτὸ,
3455 4790 3600 4841 τοῦτ’

1953 4878 2095 4936 ἔστιν
2147 4878 2304 4953 ἐμοῦ,
2352 4880 2536 4954 ψυχῆς
2586 4876 2638 4933 ἐν
2691 4875 2880 4953 εἰρήνῃ
2929 4875 3018 4930 καὶ
3051 4875 3323 4948 σώματος,
3353 4876 3453 4945 τὴν
3484 4873 3598 4930 ἐπί·

1952 4989 2123 5045 κηρον
2151 4965 2439 5023 καταλύσω
2473 4967 2656 5036 ζωήν;
2691 4962 2829 5020 διότι
2881 4963 2965 5037 σὺ,
3017 4963 3201 5040 Κύριε,
3248 4963 3385 5020 κατά
3432 4963 3600 5038 μόνας

1952 5054 2078 5128 ἤτοι
2132 5054 2518 5130 μεμονωμένον
2565 5058 2645 5127 τῷ
2689 5052 2877 5127 τρόπῳ
2918 5051 3008 5108 καὶ
3053 5056 3123 5127 τῇ
3173 5053 3370 5128 γνώμῃ
3421 5073 3601 5130 κεχω-

1955 5147 2206 5222 ρισμένον
2257 5143 2331 5200 ὧν
2377 5147 2526 5200 εἷπον
2575 5141 2808 5218 ἀνδρῶν,
2858 5142 2911 5197 ἐν
2965 5147 3047 5216 τῷ
3100 5141 3293 5216 κόσμῳ
3326 5163 3393 5217 με
3419 5141 3616 5216 τούτῳ·

1953 5240 2273 5304 κατοικῆσαι
2323 5233 2646 5304 πεποίηκας,
2694 5229 2776 5286 ἐπ’
2833 5226 3016 5284 ἐλπίδι
3073 5236 3174 5300 τῆς
3222 5236 3322 5299 σῆς
3375 5228 3600 5302 ἀντιλήα

1953 5327 2116 5399 ψεως,
2168 5319 2238 5377 δι’
2279 5324 2342 5392 ἧς
2389 5322 2479 5376 καὶ
2525 5324 2633 5376 τῶν
2686 5323 3011 5394 σωματικῶν
3061 5316 3341 5395 δυσχερῶν
3405 5319 3598 5376 τεκαὶ

1956 5414 2212 5487 λυπηρῶν
2264 5409 2730 5487 ἀπαλλαγήσομαι
2773 5407 2982 5482 τέλεον,
3030 5409 3120 5464 καὶ
3165 5409 3233 5464 τὰ
3272 5410 3371 5479 τὴν
3416 5411 3600 5486 ψυχὴν

1956 5501 2344 5578 ἐκταράττοντα
2429 5499 2711 5574 πνεύματα
2802 5498 3068 5576 πονηρίας
3154 5493 3594 5572 ἀποσοϐήσομαι,

1953 5592 2043 5648 καὶ
2096 5588 2250 5666 διττῇ
2297 5590 2511 5668 γαλήνῇ
2555 5590 2644 5646 καὶ
2688 5586 2932 5664 θυμηδίᾳ
2975 5587 3316 5650 καταπαύσας
3345 5587 3435 5644 τὸν
3468 5584 3594 5663 δρόέ

1960 5703 2057 5756 μον
2105 5685 2294 5736 τοῦτον
2357 5678 2424 5749 δὴ
2481 5680 2572 5736 τὸν
2624 5679 2921 5756 ἐγκώμιον,
2981 5675 3209 5753 ἅσμενος
3255 5677 3392 5754 πρὸς
3436 5679 3504 5731 τὰ
3532 5678 3600 5734 σὰ

1962 5773 2342 5848 μεταχωρήσω
2399 5771 2750 5844 σκηνώματα,
2821 5770 2954 5845 πρὸς
3012 5767 3045 5821 ἄ
3099 5772 3177 5838 τῷ
3230 5765 3386 5838 πόθῳ
3441 5765 3600 5843 φερό-
