3988 6434
153 431 179 484 1
195 423 318 484 345

1386 417 1797 481 EXPOSITIO
1841 417 1918 480 IN
1963 417 2348 480 PSALMOS.

3406 423 3561 484 1346

156 553 312 630 ἅγιόν
365 572 460 606 σου
511 549 563 607 ἐν
615 544 771 628 φόϐῳ
821 570 938 607 σου.
976 571 1004 601 ››
1034 552 1297 603 -Τοῦτο
1342 548 1806 627 μετριοφροσύνης
1836 560 1891 627 Α
1919 547 2009 602 ἀπ’
2057 549 2234 624 ἀρχῆς
2281 548 2369 602 καὶ
2421 543 2606 603 οὔποτ’
2649 548 2784 619 ἦσαν
2831 550 2905 623 μὴ
2960 547 3330 623 δολιούμενοι.
3374 551 3561 607 Γλῶσ-

155 639 472 716 ὑπόδειγμά
532 660 591 694 τε
647 638 737 694 καὶ
799 635 1054 714 δίδαγμα.
1116 638 1300 708 Πάσης
1373 638 1473 713 γὰρ
1546 637 1808 714 πονηρίας

157 733 313 787 ὁτοῦ
362 733 496 786 Θεοῦ
546 725 829 801 ἄνθρωπος
879 725 1158 802 ἀμέτοχος
1209 733 1304 797 ῶν,
1356 725 1408 781 ἐν
1473 730 1552 799 τῷ
1608 723 1808 796 πλήθει

150 841 253 875 του
285 817 474 881 ἐλέους
518 837 614 871 σου
668 813 1044 889 εἰσελεύσομαι
1075 814 1153 877 εἰς
1201 814 1293 870 τὸν
1323 813 1468 870 οἶκόν
1528 834 1646 884 σου,
1679 815 1810 893 φησὶ

158 909 302 985 πρὸς
334 908 486 980 Θεὸν,
517 903 684 982 ἤγουν
727 901 910 959 οὐδιά
954 905 1053 973 τὴν
1095 903 1232 978 ἐμὴν
1281 903 1500 980 ἀρετὴν,
1531 901 1677 958 ἀλλά
1724 901 1813 956 διὰ

158 998 224 1052 τὸ
255 994 472 1067 πλῆθος
503 999 605 1050 τοῦ
636 992 822 1056 ἐλέους
854 1013 950 1047 σου
977 999 1080 1062 τῆς
1127 992 1388 1062 τοιαύτης
1435 992 1812 1064 ἀξιωθήσομαι

160 1086 423 1163 χάριτος.
459 1084 616 1139 Οἶκον
641 1080 700 1138 δὲ
727 1083 818 1137 καὶ
845 1083 968 1137 ναὸν
1021 1081 1112 1136 καὶ
1159 1082 1250 1136 τὸν
1296 1080 1548 1150 αἰσθητὸν
1601 1080 1812 1151 ὑπολη-

158 1174 326 1231 πτέον
354 1175 448 1229 τὸν
477 1172 528 1227 ἐν
557 1175 626 1247 τῇ
659 1171 858 1247 γῇ,καὶ
887 1168 1087 1243 πολλῷ
1121 1169 1356 1244 μάλιστα
1382 1170 1473 1225 τὸν
1504 1171 1694 1240 νοητὸν
1723 1168 1814 1224 καὶ

165 1264 579 1340 ὑπερουράνιον,
610 1262 746 1337 πρὸς
793 1262 851 1315 ὃν
910 1258 1034 1314 ὅποι
1094 1266 1193 1336 γῆς
1225 1257 1440 1329 ἔστηκεν
1474 1260 1502 1314 6
1528 1256 1812 1336 θεοφιλὴς,

163 1358 366 1430 νοερῶς
417 1351 801 1428 εἰσερχόμενος
843 1348 895 1404 ἐν
940 1344 1116 1426 φόϐῳ,
1147 1348 1236 1403 καὶ
1285 1344 1539 1420 εὐλαϐείᾳ
1578 1369 1813 1425 προσκυ-

164 1448 248 1498 νεῖ
273 1442 365 1497 τὸν
395 1439 545 1497 Θεόν.

246 1553 270 1582 ι
303 1530 484 1607 Κύριε,
548 1525 820 1604 ὀδήγησόν
878 1547 945 1601 με
1009 1526 1062 1580 ἐν
1119 1530 1186 1600 τῇ
1245 1524 1554 1600 δικαιοσύνῃ
1613 1546 1729 1596 σου,
1761 1525 1813 1580 ἐν

173 1625 294 1684 ταῖς
328 1617 572 1680 ἐντολαῖς
619 1638 715 1672 σου
745 1615 796 1672 ἐν
827 1617 912 1679 αἷς
942 1621 1112 1671 πᾶσαν
1147 1613 1414 1678 διδάσκεις
1471 1613 1814 1686 δικαιοσύνην

169 1705 582 1786 χειραγώγησόν
615 1727 699 1780 με.
737 1729 766 1757 ››
795 1737 866 1748 —-
895 1709 1005 1760 Σοῦ
1052 1706 1155 1780 γὰρ
1193 1705 1268 1778 μὴ
1299 1706 1816 1780 χειραγωγήσαντος

164 1796 274 1862 ἕως
303 1795 520 1866 τέλους,
568 1797 668 1865 τὴν
698 1789 884 1870 τρίϐον
913 1795 1021 1849 τῶν
1054 1798 1160 1848 σῶν
1193 1793 1426 1850 ἐντολῶν
1461 1793 1818 1868 ἀπροσκόπως

167 1885 401 1943 διελθεῖν
432 1885 493 1941 ού
527 1881 852 1958 δυνήσομαι.

247 1996 501 2049 «Ἕνεκα
550 1996 660 2047 τῶν
731 1990 940 2068 ἐχθρῶν
1019 2010 1123 2064 μου
1191 1988 1512 2053 κατεύθυνον
1587 1987 1816 2044 ἐνώπιόν

171 2104 269 2138 σου
323 2083 423 2152 τὴν
484 2077 607 2136 ὁδόν
663 2098 794 2154 μου.
829 2103 958 2131 ››-
1003 2077 1158 2142 Ὁδὸς
1211 2089 1246 2148 ή
1308 2075 1574 2154 διαγωγή·
1625 2077 1712 2133 καὶ
1773 2077 1817 2132 εἰ

175 2173 272 2246 μὲν
310 2171 448 2226 κατὰ
483 2169 612 2232 τοὺς
664 2168 837 2233 θείους
889 2167 1094 2241 νόμους
1144 2165 1318 2222 ὁδεύει
1345 2189 1449 2239 τις,
1481 2169 1516 2238 ἡ
1550 2164 1675 2230 ὁδὸς
1730 2166 1821 2222 αύ-

170 2263 271 2314 τοῦ
330 2257 470 2314 ἐστιν
543 2256 770 2312 ἐνώπιον
826 2261 924 2311 τοῦ
971 2260 1126 2324 Θεοῦ,
1165 2256 1306 2318 θείας
1353 2255 1636 2319 ἐποπτείας
1703 2255 1821 2327 ἀξία

173 2346 534 2425 τυγχάνουσα.
587 2348 728 2410 Καθὸ
775 2343 996 2422 ἅμωρος
1054 2345 1142 2400 καὶ
1195 2345 1391 2422 ἀρεστὴ
1439 2350 1518 2418 τῷ
1568 2350 1682 2418 Θεῷ
1731 2346 1821 2400 καὶ

177 2438 314 2492 κατά
361 2436 588 2498 τούτους
627 2435 754 2497 τοὺς
804 2432 1004 2509 λόγους
1050 2434 1428 2509 ἐπεγνωσμένη
1463 2439 1597 2508 Θεῷ,
1630 2436 1823 2510 γινώσ-

180 2547 261 2580 κει
307 2525 411 2601 γὰρ
460 2522 656 2600 Κύριος
705 2520 829 2578 ὁδόν
880 2521 1122 2578 δικαίων·
1175 2522 1222 2577 εἰ
1281 2520 1338 2577 δὲ
1394 2523 1539 2599 παρὰ
1591 2525 1688 2592 τήν
1744 2523 1822 2577 ἐν·

181 2615 352 2684 τολήν
381 2611 524 2685 ὁδὸς,
559 2613 658 2668 οὐκ
687 2611 827 2667 ἔστιν
859 2612 1089 2668 ἐνώπιον
1142 2617 1239 2668 τοῦ
1279 2616 1432 2683 Θεοῦ,
1464 2615 1564 2683 τήν
1594 2633 1654 2668 τε
1709 2619 1822 2668 κατ’

184 2703 454 2759 οἰκείωσιν
527 2706 724 2778 γνῶσιν
806 2701 868 2757 ού
926 2703 1244 2778 γινώσκεται
1311 2703 1456 2777 παρά
1510 2706 1608 2757 τοῦ
1665 2707 1820 2759 Θεοῦ.

183 2793 341 2868 Λέγει
388 2790 562 2847 τοίνυν
613 2791 642 2846 6
689 2791 1148 2866 προσευχόμενος,
1201 2792 1264 2844 Οἱ
1312 2790 1502 2867 ἐχθροί
1556 2812 1661 2864 μου
1711 2811 1824 2846 πει-

187 2886 380 2960 ρῶνται
427 2878 689 2952 διηνεκῶς
733 2880 1045 2952 ἀποπλανᾷν
1083 2901 1150 2954 με
1193 2882 1294 2949 τῆς
1347 2880 1516 2953 μέσης
1563 2877 1695 2934 ὁδοῦ
1722 2886 1822 2950 τῆς

187 2970 354 3047 ὀρθῆς
399 2969 491 3025 καὶ
537 2976 652 3025 κατ’
698 2969 914 3047 ἀρετὴν,
962 2969 1053 3024 καὶ
1099 2969 1136 3038 ἢ
1177 2969 1312 3045 πρὸς
1360 2966 1505 3040 δεξιά
1551 2968 1824 3044 ἐκτρέπειν

184 3061 221 3129 ἢ
281 3059 417 3136 πρὸς
471 3058 741 3136 ἀριστερὰ,
801 3055 869 3114 δι’
925 3053 1243 3135 ὑπερϐολῶν
1299 3058 1335 3128 ἢ
1395 3055 1465 3112 δι’
1530 3055 1825 3132 ἐλλείψεων

187 3147 412 3224 ἀπάγειν
461 3154 563 3218 τῆς
606 3147 802 3224 ἀρετῆς
856 3152 1269 3225 μηχανῶμενοι,
1319 3146 1408 3202 καὶ
1455 3145 1578 3202 ὅσον
1632 3149 1700 3202 τὰ
1745 3146 1826 3202 ἐπ’

189 3236 368 3300 αὐτοῖς
417 3235 516 3292 οὐκ
561 3236 687 3291 ἐῶσι
736 3236 976 3312 γίνεσθαι
1023 3237 1121 3305 τήν
1172 3235 1310 3310 ἐμῆν
1363 3233 1641 3312 διαγωγὴν
1693 3235 1825 3291 ἐνώ-

186 3324 310 3380 πιόν
353 3345 468 3383 σου.
518 3323 595 3378 Σὺ
643 3328 772 3400 γοῦν
821 3324 979 3387 αὐτὸς
1021 3321 1176 3380 ἕνεκα
1229 3327 1338 3380 τῶν
1395 3325 1511 3379 κατ’
1541 3323 1675 3399 ἐμοῦ
1733 3322 1823 3380 δο-

190 3413 514 3488 λιευομένων
547 3412 758 3491 ἐχθρῶν
793 3409 1032 3490 ὅρθωσον
1077 3414 1176 3484 τὴν
1224 3410 1501 3490 διαγωγήν
1548 3434 1652 3488 μου
1699 3413 1826 3468 ἐνώ-

183 3502 308 3559 πιόν
379 3524 474 3558 σου
551 3504 781 3559 πάντοτε
854 3501 1090 3578 γίνεσθαι
1167 3499 1587 3578 ἀπαρέγκλιτον.
1665 3506 1822 3557 Ὅσον

181 3591 283 3668 γάρ
325 3614 408 3655 τις
465 3591 698 3648 ἐκκλίνει
748 3598 849 3662 σῆς
888 3592 1104 3669 ἀρετῆς,
1153 3595 1410 3647 τοσοῦτον
1471 3591 1662 3668 ἀπάγει
1723 3592 1822 3660 τὴν

183 3679 310 3737 ὁδὸν
371 3681 536 3738 αὐτοῦ
590 3682 682 3737 καὶ
727 3679 998 3757 διαγωγὴν
1025 3685 1122 3736 τοῦ
1153 3680 1284 3736 εἶναι
1318 3679 1542 3735 ἐνώπιον
1569 3685 1664 3735 τοῦ
1694 3685 1824 3735 Θεοῦ

187 3770 589 3846 μακρυνόμενος
640 3771 745 3826 ἀπὸ
771 3773 869 3826 τοῦ
911 3773 1066 3826 Θεοῦ.
1100 3767 1271 3839 Δῆλοι
1331 3767 1388 3824 δέ
1433 3767 1725 3844 πολλαχοῦ
1761 3769 1824 3824 τὸ

183 3859 408 3916 ἐνώπιον
468 3865 565 3916 τοῦ
621 3863 754 3916 Θεοῦ
809 3858 899 3914 καὶ
927 3862 990 3914 τὸ
1046 3857 1336 3930 ἀλάθητον,
1386 3859 1459 3920 ὡς
1503 3859 1566 3912 τὸ
1617 3883 1642 3910 ‹‹
1673 3858 1824 3928 Ἐξη-

187 3950 460 4024 μάρτομεν
519 3947 748 4004 ἐνώπιόν
804 3969 920 4016 σου,
973 3970 1002 3999 ››
1053 3947 1166 4016 καὶ,
1212 3968 1234 4000 ι
1265 3947 1337 4001 Τὸ
1402 3947 1639 4024 πονηρὸν
1691 3947 1822 4002 ἐνώ-

179 4037 306 4094 πιόν
353 4059 451 4094 σου
499 4037 746 4109 ἐποίησα,
777 4060 807 4090 ››
847 4036 1026 4098 καθὼς
1071 4035 1160 4091 καὶ
1202 4038 1238 4104 ἡ
1285 4039 1480 4111 γνῶσις
1519 4037 1617 4104 τὴν
1678 4033 1823 4106 εἷ’δη-

180 4147 288 4196 σιν,
312 4126 388 4189 ὡς
415 4126 502 4198 τὸ,
525 4150 554 4179 ‹‹
585 4125 781 4201 Κύριος
809 4125 1060 4202 γινώσκει
1089 4124 1216 4187 τοὺς
1257 4121 1648 4200 διαλογισμοὺς
1713 4129 1820 4180 τῶν

181 4217 480 4293 ἀνθρώπων
514 4213 595 4271 ὅτι
627 4215 729 4270 εἰσὶ
764 4215 1002 4288 μάταιοι.
1040 4237 1062 4266 ι

256 4307 431 4360 «Ὅτι
491 4303 589 4359 οὐκ
647 4301 787 4359 ἔστιν
849 4303 901 4358 ἐν
955 4307 1035 4376 τῷ
1083 4301 1308 4376 στόματι
1340 4303 1513 4358 αὐτῶν
1573 4303 1819 4371 ἀλήθεια·

177 4395 216 4463 ἡ
250 4391 445 4468 καρδία
495 4391 668 4448 αὐτῶν
731 4391 949 4467 ματαία.
980 4415 1009 4444 »
1042 4425 1109 4435 —
1156 4396 1392 4446 Ψεῦσται
1440 4391 1528 4447 καὶ
1577 4391 1823 4447 ἀπατεῶ-

177 4483 266 4545 νές
318 4483 472 4541 εἰσιν.
532 4483 866 4537 Ὑποτιθέασι
938 4478 1090 4552 δῆθέν
1165 4501 1283 4536 τινα
1359 4481 1692 4538 συνοίσοντα.
1751 4482 1825 4536 Τᾶ

180 4569 243 4626 δέ
299 4571 398 4626 εἰσι
464 4569 755 4647 βλαπτικά,
789 4569 887 4626 Διά
934 4567 992 4626 δὲ
1035 4577 1136 4641 τῆς
1165 4567 1386 4644 καρδίας
1441 4571 1536 4633 τὰς
1596 4568 1822 4644 μελέτας

179 4658 357 4716 αὐτῶν
391 4657 638 4732 ἐδήλωσε
685 4659 952 4733 μελετῶσι
979 4661 1097 4716 κατ’
1141 4658 1277 4733 ἐμοῦ
1336 4661 1492 4716 κακά.
1543 4660 1612 4713 Τὸ
1658 4661 1821 4715 κακὸν
1855 4659 1902 4724 D

179 4746 242 4804 δὲ
273 4749 496 4822 μάταιον
524 4749 598 4811 ὡς
629 4747 962 4823 ἀνύπαρκτον
996 4747 1134 4804 ὥστε
1159 4749 1223 4803 τὸ
1266 4747 1490 4822 μάταιον
1545 4748 1607 4803 o6
1655 4747 1818 4820 μόνον

179 4837 270 4894 ἐπὶ
294 4842 392 4894 τοῦ
423 4837 720 4894 ἀσυστάτου
744 4832 1220 4912 παραλαμϐάνεται
1269 4838 1358 4892 καὶ
1389 4833 1643 4912 ψευδοῦς,
1675 4835 1821 4892 ἀλλά

175 4927 268 4983 καὶ
317 4927 403 4982 ἐπὶ
449 4931 546 4982 τοῦ
596 4924 785 4983 δολίου
829 4925 919 4982 καὶ
965 4926 1256 5003 περιέργου
1297 4927 1386 4981 καὶ
1449 4930 1693 5002 πονηροῦ
1730 4927 1819 4981 καὶ

176 5014 534 5080 ἀλυσιτελοῦς
561 5017 653 5071 καὶ
683 5014 829 5078 ὅλως
858 5020 1046 5072 κακοῦ.

253 5147 280 5176 ‹‹
311 5121 494 5202 Τάφος
544 5124 888 5199 ἀνεῳγμένος
918 5123 946 5178 6
978 5120 1176 5199 λάρυγξ
1228 5124 1418 5178 αὐτῶν.
1449 5145 1479 5173 ››
1510 5155 1577 5165 -
1615 5125 1816 5198 ’Ὠσπερ

175 5213 206 5268 6
238 5212 579 5288 ἀνεῳγμένος
624 5214 811 5291 τάφος,
845 5213 872 5267 6
905 5209 1048 5288 ἔχων
1099 5209 1150 5266 ἐν
1201 5210 1346 5284 αύτῷ
1396 5215 1554 5284 σῶμα
1605 5208 1820 5288 διαφθο-

177 5307 297 5379 ρᾶς,
353 5301 562 5380 ἐκφέρει
621 5299 885 5357 δυσωδίαν
947 5300 1242 5380 ἀφόρητον,
1304 5299 1446 5354 οὕτω
1495 5297 1562 5368 δὴ
1630 5300 1719 5355 καὶ
1769 5300 1819 5355 οἱ

175 5389 452 5464 δαίμονες,
504 5392 767 5465 ἀσέμνους
846 5390 1167 5463 ἐνθυμήσεις
1242 5389 1681 5463 ἀναπεμπάζουσι
1749 5393 1818 5464 τῇ

173 5484 330 5556 ψυχῇ
383 5481 473 5536 καὶ
530 5479 895 5559 βλασφημιῶν
956 5478 1247 5554 αῗσχίστων
1310 5477 1672 5556 ἐξερεύγονται
1726 5477 1821 5555 ῥή-

177 5589 341 5644 ματα.

248 5663 432 5722 «Ταῖς
489 5657 764 5734 γλώτταις
820 5655 994 5711 αὐτῶν
1060 5653 1400 5714 ἐδολιοῦσαν.
1461 5679 1487 5707 ››
1536 5687 1605 5697 --ο
1663 5653 1818 5710 Ἐδο-

172 5746 420 5803 λιεύοντο
478 5749 594 5802 κατ’
645 5747 798 5821 ἐμοῦ,
832 5745 919 5800 καὶ
957 5747 1018 5800 τὸ
1075 5741 1227 5822 ἔργον
1267 5745 1442 5801 αὐτῶν
1476 5747 1504 5799 6
1550 5743 1714 5806 δόλος
1747 5745 1815 5813 ἧν

1919 658 2004 691 σαι
2037 634 2094 691 δὲ
2121 637 2210 691 καὶ
2240 634 2435 714 καρδία
2462 637 2551 692 καὶ
2581 637 2758 712 στόμα
2785 638 2876 694 καὶ
2903 636 3102 717 λάρυγξ
3139 639 3227 696 ἐπὶ
3287 638 3558 715 δαιμόνων

1919 724 2160 801 εἴρηνται
2187 724 2378 798 τρόπῳ
2418 732 2744 805 μεταφορᾶς.

1992 838 2020 866 ‹‹
2048 818 2240 891 Κρῖνον
2294 813 2510 885 αὐτοὺς,
2543 817 2570 870 6
2619 816 2766 879 Θεός.
2800 839 2830 869 ››
2859 847 2928 861 -—
2957 817 3141 894 Κρίσιν
3191 817 3562 891 ποιησάμενος

1921 901 2004 957 ἐπ’
2045 902 2228 966 αὐτοῖς
2280 901 2487 959 δικαίαν
2517 905 2743 960 κατὰτὰ
2790 904 2922 982 ἔργα
2970 905 3168 977 αὐτῶν,
3222 906 3422 970 ἀπόδος
3469 909 3563 964 αύ-

1919 991 2056 1063 τοῖς,
2105 993 2133 1047 6
2182 990 2388 1056 δίκαιος
2437 993 2587 1056 Θεός.
2640 995 3081 1052 Ἀποπεσέτωσαν
3133 996 3239 1052 ἀπὸ
3298 1002 3405 1052 τῶν
3451 995 3564 1053 δια-

1922 1075 2160 1136 ϐουλίων
2220 1081 2412 1151 αὐτῶν,
2465 1082 2827 1140 ἐκπεσέτωσαν
2887 1089 2992 1140 τῶν
3059 1087 3177 1140 κατ’
3220 1085 3354 1160 ἐμοῦ
3436 1089 3562 1162 βου-

1923 1168 2207 1242 λευμάτων
2258 1169 2454 1244 αὐτῶν,
2507 1169 2675 1245 μηδὲν
2741 1172 3079 1228 ἀνυσάτωσαν
3148 1176 3222 1230 ὧν
3273 1177 3388 1232 κατ’
3428 1176 3564 1251 ἐμοῦ

1929 1257 2224 1333 μελετῶσιν
2259 1259 2772 1336 ἀπρακτησάτωσαν.

1997 1390 2025 1417 ‹‹
2058 1367 2202 1421 Κατὰ
2255 1365 2318 1421 τὸ
2373 1367 2590 1437 πλῆθος
2631 1373 2738 1423 τῶν
2800 1366 3058 1426 ἀσεϐειῶν
3126 1371 3298 1427 αὐτῶν
3369 1373 3564 1444 ἔξωσον

1924 1453 2140 1518 αὐτούς.
2197 1479 2225 1507 ››
2273 1489 2345 1498 --
2395 1454 2608 1513 Πολλαί
2669 1458 2840 1514 αὐτῶν
2892 1460 2945 1514 αἱ
3011 1457 3268 1518 ἀσέϐειαι·
3317 1464 3408 1518 καὶ
3464 1465 3565 1542 γὰρ

1924 1543 2006 1599 ἀεὶ
2060 1542 2476 1623 βλασφημοῦσιν
2521 1545 2598 1609 εἰς
2649 1548 2725 1616 σὲ,
2757 1547 2846 1602 καὶ
2893 1549 3028 1604 κατά
3071 1555 3178 1605 τῶν
3225 1556 3331 1606 σῶν
3383 1551 3566 1625 διηνε-

1925 1636 2036 1696 κῶς
2093 1633 2550 1708 ἐκστρατεύουσιν,
2602 1634 3008 1712 αἰχμαλωτίσαι
3083 1639 3397 1703 σπεύδοντες
3471 1642 3565 1697 αύ-

1923 1721 2050 1784 τοὺς
2110 1722 2216 1777 ἀπὸ
2263 1727 2378 1778 σοῦ.
2433 1723 2576 1779 Κατά
2629 1729 2758 1802 γοῦν
2808 1727 2869 1781 τὸ
2908 1725 3118 1796 πλῆθος
3145 1733 3254 1783 τῶν
3309 1726 3567 1786 ἀσεϐειῶν

1926 1810 2099 1865 αὐτῶν
2157 1811 2385 1883 ποίησον
2446 1813 2652 1886 αὐτοῖς,
2683 1815 2772 1869 καὶ
2831 1820 2922 1870 νῦν
2986 1817 3080 1890 μὲν
3139 1815 3337 1888 ἕξωσον
3370 1820 3564 1883 αὐτοὺς

1847 1927 1896 1992 Β
1928 1902 2001 1992 ἀφ
2039 1903 2204 1992 ᾑμῶν
2255 1903 2730 1992 ἡττημένουςῄκαὶ
2779 1903 3188 1979 ᾐσχυμμένους,
3222 1906 3272 1960 ἐν
3321 1913 3400 1980 τῷ
3447 1931 3564 1964 και-

1930 1988 2008 2065 ρῷ
2036 1986 2093 2044 δὲ
2119 1993 2219 2060 τῆς
2246 1990 2472 2066 κρίσεως
2514 1989 2767 2062 ἐκδίωξον
2815 1993 3010 2055 αὐτοὺς
3054 1993 3131 2058 εἷς
3185 1997 3284 2066 τήν
3328 1997 3564 2072 γέενναν.

1927 2079 2026 2133 Καὶ
2095 2080 2559 2152 ἀποκατάστησον,
2619 2081 2695 2143 εἷς
2773 2081 2836 2136 τὸ
2905 2082 3308 2157 ἡτοιμασμένον
3385 2086 3569 2151 αὐτοῖς

1929 2167 2060 2224 αἰών
2073 2189 2147 2223 ιον
2178 2171 2308 2244 πῦρ,
2342 2168 2416 2230 ὡς
2445 2168 2504 2224 ἂν
2538 2169 2769 2232 αἰωνίως
2795 2168 3135 2240 κολάζοιντο.

2002 2279 2031 2308 ‹‹
2059 2260 2176 2311 ’Ὀτι
2203 2256 2602 2333 παρεπίκρανάν
2635 2279 2712 2330 σε,
2747 2259 2925 2336 Κύριε.
2961 2285 2989 2313 ››
3023 2292 3092 2304 -—
3133 2267 3244 2317 Σοῦ
3291 2265 3394 2340 γὰρ
3447 2267 3569 2342 περὶ

1928 2343 2114 2400 πολλά
2156 2345 2441 2419 τιθεμένου
2487 2347 2586 2416 τήν
2638 2347 2908 2422 σωτηρίαν
2936 2352 3096 2422 ἡμῶν
3154 2352 3243 2408 καὶ
3299 2354 3574 2417 ποικίλοις

1927 2434 2153 2507 τρόποις
2203 2433 2620 2508 οἰκονομοῦντος
2680 2435 2845 2505 αὐτὴν
2903 2438 3366 2516 ἀντεπιχειροῦσιν
3421 2444 3570 2499 οὗτοι

1928 2523 2017 2578 καὶ
2067 2523 2499 2599 ἀντιπράττουσι,
2548 2523 2637 2578 καὶ
2713 2525 2986 2588 παντοίως
3051 2535 3405 2604 μηχανῶνται
3471 2534 3571 2603 τὴν

1927 2616 2033 2667 τῶν
2102 2612 2400 2689 ἀνθρώπων
2463 2612 2759 2669 ἀπώλειαν·
2811 2619 3262 2694 παραπικρασμὸν
3335 2619 3393 2675 δὲ
3441 2644 3573 2692 νοη-

1928 2700 2048 2755 τέον
2101 2703 2200 2770 τὴν
2256 2705 2364 2757 τῶν
2426 2701 2700 2775 δαιμόνων
2770 2704 3126 2778 ἀντιστασίαν,
3185 2707 3306 2763 ὅσον
3373 2710 3437 2765 τὸ
3497 2713 3574 2774 εἰς

1932 2788 2127 2852 αὐτοὺς
2156 2791 2289 2858 ἧκον
2313 2791 2452 2867 πρὸς
2479 2790 2542 2847 τὸ
2577 2788 2838 2867 βούλημα
2865 2798 2963 2849 τοῦ
2992 2799 3145 2850 Θεοῦ’
3177 2795 3239 2851 τὰ
3287 2799 3391 2874 γὰρ
3435 2801 3575 2855 θεῖον

1931 2877 2132 2940 παντὸς
2160 2876 2364 2940 πάθοὺς
2392 2878 2683 2955 ἀνώτερον.

2007 3009 2037 3039 (ι
2065 2984 2166 3039 Καὶ
2242 2984 2658 3065 εύφρανθείησαν
2738 2985 2930 3050 πάντες
2986 2990 3039 3043 οἱ
3106 2989 3415 3061 ἐλπίζοντες
3487 2993 3574 3049 ἐπὶ

1935 3073 2012 3130 σέ.
2044 3097 2074 3128 ››
2108 3107 2177 3117 -
2203 3075 2460 3130 Ἐνταῦθα
2492 3076 2586 3149 μὲν
2634 3075 3065 3154 ἐπικρατέστεροι
3121 3084 3189 3153 τῇ
3240 3085 3307 3156 σῇ
3352 3083 3578 3158 βοηθείᾳ

1932 3169 2032 3233 τῆς
2106 3167 2214 3218 τῶν
2293 3160 2566 3238 δαιμόνων
2624 3165 2951 3242 πανουργίας
3009 3168 3306 3243 γενόμενοι,
3354 3170 3463 3226 ἐκεῖ
3519 3169 3577 3228 δὲ

1933 3256 2040 3308 τῶν
2108 3256 2212 3307 σῶν
2291 3252 2661 3330 ἀνεκφράστων
2740 3254 2950 3329 ἀγαθῶν
3029 3256 3452 3330 ἀπολαύσαντες,
3499 3261 3577 3324 εἰς

1936 3339 2107 3395 αἰῶνα
2163 3339 2610 3417 ἀγαλλιάσονται,
2654 3343 2898 3398 τουτέστι
2973 3341 3236 3415 διηνεκῶς
3309 3351 3396 3402 νῦν
3480 3350 3575 3422 μὲν

1931 3429 2076 3504 παρά
2116 3435 2287 3484 πᾶσαν
2345 3429 2517 3486 αὐτῶν
2567 3431 2665 3500 τὴν
2700 3433 2863 3502 ζωὴν,
2900 3433 3002 3488 ὑπὸ
3061 3439 3154 3489 σοῦ
3209 3436 3576 3512 κραταιούμε-

1931 3539 2038 3590 νοι,
2096 3517 2185 3573 καὶ
2245 3519 2422 3590 πάσης
2471 3513 2770 3590 ἐπιϐουλῆς
2829 3520 3108 3597 ὑπέρτεροι
3173 3526 3577 3598 καθιστάμενοι,

1929 3606 2053 3662 τότε
2102 3603 2159 3662 δὲ
2202 3608 2300 3677 τήν
2351 3606 2585 3684 ἄρρητον
2647 3607 2852 3680 ἐκείνην
2909 3609 3226 3686 ἀγαλλίασιν
3289 3613 3572 3684 αἰωνίζου-

1933 3716 2026 3750 σαν
2081 3693 2528 3772 κληρωσάμενοι,
2587 3697 2677 3752 καὶ
2753 3700 3188 3769 κατασκηνώσεις
3254 3701 3306 3757 ἐν
3364 3703 3572 3774 αὐτοῖς,

1929 3789 2022 3838 νῦν
2085 3785 2178 3857 μὲν
2235 3791 2352 3847 ταῖς
2419 3785 2593 3840 αὐτῶν
2649 3786 2920 3864 θεοφιλέσι
2980 3792 3184 3864 ψυχαῖς
3243 3790 3578 3847 ἐπαναπαυό-

1936 3893 2118 3947 μενος,
2149 3871 2364 3928 τότεδέ
2401 3877 2502 3943 τῆς
2551 3881 2650 3944 σῆς
2693 3872 2854 3946 δόξης
2911 3897 2969 3931 τε
3003 3877 3094 3932 καὶ
3144 3878 3422 3950 θειότητος
3481 3881 3576 3936 αύ-

1929 3962 2056 4025 τοὺς
2117 3961 2430 4036 ἐμπιπλῶν,
2483 3962 2533 4018 ἐν
2592 3963 2777 4027 αὐτοῖς
2831 3986 2892 4021 τε
2946 3971 3234 4040 κατοικῶν,
3291 3975 3371 4042 τῷ
3421 3968 3576 4045 λόγῳ

1929 4057 2030 4120 τῆς
2083 4049 2410 4115 οἰκειώσεως
2465 4051 2595 4114 Θεὸς
2647 4052 2699 4107 ἐν
2762 4054 2910 4127 μέσῳ
2985 4059 3119 4120 θεῶν
3179 4058 3580 4133 γνωριζόμενος

1933 4139 1961 4192 6
2008 4141 2123 4194 κατ’
2182 4137 2366 4194 οὐσίαν
2427 4144 2533 4195 τῶν
2581 4143 2716 4196 κατὰ
2778 4141 3003 4216 μέθεξιν,
3063 4145 3152 4199 καὶ
3207 4149 3578 4221 καυχήσονται

1931 4227 1982 4283 ἐν
2015 4228 2101 4283 σοὶ
2133 4229 2185 4284 οἱ
2213 4228 2530 4304 ἀγαπῶντες
2560 4230 2622 4285 τὸ
2653 4225 2829 4305 ὄνομά
2857 4253 2971 4290 σου.
3008 4238 3112 4288 Νῦν
3171 4234 3265 4306 μὲν
3325 4235 3427 4290 ὑπὸ
3481 4241 3577 4290 σοῦ

1933 4315 2332 4391 δυναμωθέντες
2381 4317 2470 4374 καὶ
2531 4319 2746 4389 νικηταὶ
2792 4321 3144 4384 καταστάντες
3199 4323 3250 4377 ἐν
3305 4324 3389 4377 σοὶ
3440 4345 3576 4378 καυ-

1933 4399 2222 4482 χήσονταιλ
2274 4407 2398 4463 τότε
2444 4404 2491 4463 δ’
2542 4409 2717 4464 ἐκεῖνα
2765 4409 2894 4486 γέρα
2940 4411 3005 4465 τὰ
3053 4411 3184 4488 ὑπὲρ
3234 4411 3436 4466 ἅπασαν
3495 4411 3577 4468 ἔν-

1933 4516 2106 4564 νοιαν,
2155 4496 2301 4570 παρά
2370 4495 2536 4570 μόνου
2604 4501 2699 4552 σοῦ
2748 4498 3110 4571 κομισάμενοι
3162 4520 3220 4554 σε
3275 4500 3364 4554 καὶ
3417 4502 3578 4574 μόνον

1931 4581 2111 4654 ἕξουσι
2155 4583 2440 4660 καύχημα.
2493 4586 2590 4640 Διά
2655 4583 2712 4640 δὲ
2773 4591 2870 4641 τοῦ
2931 4587 3097 4643 εἰπεῖν
3167 4588 3219 4643 οἰ
3269 4589 3581 4664 ἀγαπῶντες

1967 4673 1995 4728 6
2055 4669 2080 4692 ”
2209 4674 2220 4694 ’
2467 4675 2481 4694 ‘
2611 4679 2639 4690 “’
2744 4674 2804 4729 όθ
2930 4672 2958 4730 δ
3001 4677 3012 4695 ’
3464 4699 3476 4711 ·

1931 4695 1962 4729 τ
2053 4693 2226 4746 ονομα
2277 4695 2372 4729 σου
2426 4695 2490 4729 το
2547 4695 2642 4730 του
2699 4695 2740 4729 π
2811 4696 2871 4729 ου
2965 4697 3189 4752 ιαπυρον
3262 4675 3454 4750 ἔδειξεν
3528 4680 3580 4734 οἱ

1929 4763 2034 4838 γὰρ
2091 4764 2377 4824 ποθοῦντες
2407 4759 2656 4840 σφοδρῶς
2685 4763 2777 4816 καὶ
2831 4768 2910 4836 τῷ
2937 4769 3033 4818 τοῦ
3084 4767 3426 4838 ποθουμένου
3455 4788 3578 4844 τρυ-

1931 4856 2098 4930 φῶσιν
2145 4850 2390 4925 ὀνόματι,
2437 4851 2528 4906 καὶ
2598 4852 2873 4928 ἀγαπῶσιν
2933 4851 3062 4909 αὐτὸ
3121 4851 3460 4928 λαλούμενόν
3519 4877 3578 4912 τε

1929 4939 2018 4995 καὶ
2067 4939 2422 5014 ἀκουόμενον,
2475 4938 2556 4995 ὅτι
2607 4939 2670 4994 σὺ
2722 4939 3042 5016 εύλογήσεις
3111 4939 3338 5016 δίκαιον,
3393 4945 3574 5022 Κύριε,

1929 5030 2102 5084 πάντα
2136 5025 2388 5100 δηλονότι
2435 5029 2524 5084 τὸν
2578 5026 2806 5084 δίκαιον·
2839 5033 2931 5085 νῦν
2978 5031 3072 5103 μὲν
3125 5033 3228 5108 γάρ
3278 5034 3330 5088 οἱ
3375 5032 3574 5090 δίκαιοι

1927 5125 2028 5188 τῆς
2080 5125 2177 5188 σῆς
2225 5118 2476 5196 εὐλογίας
2521 5117 2611 5174 καὶ
2659 5119 2886 5195 χάριτος
2931 5119 3228 5192 τεύξονται.
3279 5124 3380 5180 Καὶ
3420 5123 3576 5179 ἐπαι-

1928 5208 2243 5278 νεθήσονται
2302 5208 2446 5285 παρά
2500 5227 2559 5262 τε
2616 5207 2705 5262 καὶ
2760 5212 2878 5272 τοῖς
2922 5214 3060 5278 σοῖς,
3091 5210 3214 5266 τότε
3272 5209 3318 5266 δ’
3350 5212 3577 5269 ἐνώπιον

1927 5295 2274 5371 παγκοσμίου
2341 5294 2699 5372 ἀθροίσματος
2754 5297 2845 5352 καὶ
2908 5297 3204 5374 ἀνθρώπων
3263 5302 3352 5355 καὶ
3411 5303 3574 5378 ἀγγέ-

1929 5384 2042 5440 λων
2071 5385 2410 5458 ἀκούσονται,
2445 5409 2474 5438 ‹‹
2511 5389 2689 5458 Δεῦτε,
2726 5387 2778 5440 οἱ
2809 5385 3171 5464 εὐλογημένοι
3226 5395 3324 5445 τοῦ
3363 5392 3572 5467 Πατρός

1934 5495 2058 5548 μου,
2110 5472 2563 5549 κληρονομήσατε
2619 5475 2716 5544 τήν
2777 5477 3190 5550 ἡτοιμασμένην
3254 5480 3380 5553 ὑμῖν
3427 5482 3575 5556 βασι-

1931 5561 2076 5618 λείαν
2129 5561 2234 5617 ἀπὸ
2310 5557 2623 5634 καταϐολῆς
2699 5562 2927 5638 κόσμου’
2986 5566 3061 5628 ὡς
3121 5564 3280 5640 ὅπλῳ
3330 5566 3572 5631 εὐδοκίας

1929 5650 2294 5729 ἑστέφανωσας
2343 5653 2518 5725 ἡμᾶς.
2577 5674 2607 5704 ››
2651 5651 3086 5730 Εὐχαριστήριον
3138 5653 3464 5733 ἐπιφώνημα
3507 5658 3571 5712 τὸ

1927 5741 2001 5802 ὡς
2051 5740 2166 5800 ἀντὶ
2215 5745 2310 5795 τοῦ
2359 5739 2502 5810 λίαν,
2559 5742 2940 5814 θαυμαστικῶς
2993 5746 3028 5813 ἡ
3077 5744 3397 5820 ἀνάγνωσις,
3451 5745 3569 5802 λίαν
