3988 6436
506 408 658 468 1347

1735 400 2156 466 NICEPHORI
2202 398 2638 462 BLEMMIDE

3657 413 3760 475 1348
3817 425 3819 444 ⁵

495 536 902 613 περιετείχισας
962 537 1112 607 ἡμᾶς
1170 535 1257 589 καὶ
1314 537 1645 612 περιφράξας
1675 535 1832 608 ὅπλῳ
1887 532 1977 590 καὶ
2007 534 2143 608 ὁχυ-
2173 531 2350 617 Ατδν
2418 527 2572 586 ἓκτον
2649 537 2838 588 τοῦτον
2910 532 3129 608 ψαλμὸν
3197 533 3497 590 συντέθεικεν
3540 535 3759 617 ἱλαστήριον
3819 544 3821 556 '

494 627 706 700 ρώματι
753 622 1019 694 εὐδοκίας,
1070 623 1274 698 ἀγαθοῦ
1333 621 1590 693 δηλονότι
1648 623 1986 698 θελήματος·
2041 626 2139 677 σοῦ

491 715 594 790 γὰρ
622 718 720 769 τοῦ
749 713 949 790 ἀγαθοῦ
1003 713 1066 768 τὸ
1126 712 1322 787 ἀγαθὸν
1383 713 1462 775 είς
1519 716 1665 786 ἡμᾶς
1720 712 1938 787 θέλημα
1966 712 2137 791 φυλα-

495 804 741 876 κτήριον,
791 800 962 858 ὅπλον
1019 799 1238 878 γέγονεν
1296 804 1434 875 ἡμῖν
1508 802 1898 880 ἇῤῥαγέστατον
1968 803 2140 879 ἀτρώ-

491 913 616 954 τους
648 893 800 964 ἡμᾶς
828 892 889 946 ἐκ
914 895 1022 946 τῶν
1052 888 1336 964 πολεμίων
1366 888 1677 967 διατηροῦν,
1711 891 1837 953 τοὺς
1866 893 2001 968 πρὸς
2039 891 2139 959 τήν

494 981 593 1050 σὴν
642 979 732 1036 καὶ
793 979 962 1052 μόνην
1032 980 1234 1051 σκέπην
1286 977 1631 1050 ἐλπίζοντας.
1701 975 2041 1056 Ὑπερϐατῶς
2099 982 2134 1049 ἡ

490 1069 733 1140 σύνταξις
780 1093 809 1122 ιι
861 1071 936 1131 ὡς
983 1068 1352 1149 ἐστεφάνωσας
1397 1071 1548 1143 ἡμᾶς
1595 1068 1754 1144 ὅπλῳ
1805 1068 2070 1139 εὐδοκίας,
2105 1093 2134 1121 ι)

477 1154 597 1214 λίαν
637 1155 1082 1234 περιεκύκλωσας
1102 1160 1251 1232 ἡμᾶς
1276 1157 1352 1220 ὡς
1407 1157 1460 1213 ἐν
1513 1160 1745 1237 στεφάνῃ
1795 1159 2134 1234 κυκλοτερεῖ,

483 1251 564 1320 τῷ
605 1245 762 1320 ὅπλῳ
790 1249 888 1316 τῆς
917 1244 1162 1310 εὐδοκίας
1205 1268 1322 1318 σου,
1353 1246 1444 1302 καὶ
1488 1249 1759 1324 κρπαιῶς
1803 1247 1911 1303 ἀπὸ
1956 1247 2136 1317 πάσης

491 1331 704 1413 βλάϐης
741 1333 1140 1408 διέσωσας.Εἷή
1173 1358 1257 1392 σοι
1288 1333 1416 1408 δόξα
1441 1341 1520 1409 τῷ
1550 1338 1801 1412 εὐεργέτῃ
1828 1335 1918 1393 καί
1950 1336 2135 1413 Κυρίῳ

489 1427 650 1499 ἡμῶν
679 1425 770 1482 καὶ
799 1430 934 1499 Θεῷ,
966 1429 1056 1482 νῦν
1088 1426 1179 1482 καὶ
1211 1424 1294 1482 ἀεὶ
1321 1425 1411 1482 καὶ
1459 1425 1535 1490 είς
1586 1427 1716 1489 τοὺς
1772 1425 1970 1490 αἷῶνας
2026 1430 2135 1482 τῶν

493 1513 724 1572 αἰώνων.
759 1516 962 1590 Ἀμήνι

1107 1627 1403 1678 Immo:
1447 1623 1506 1691 ς.

566 1730 629 1785 Οἱ
674 1729 966 1803 πειρασμοὶ
1013 1733 1127 1789 τοῖς
1173 1728 1500 1806 ἀνθρώποις,
1557 1729 1690 1783 ποτὶ
1747 1729 1839 1801 μὲν
1899 1727 1959 1783 ἐκ
2006 1727 2134 1806 φθό-

492 1839 588 1874 νου
628 1816 902 1892 δαιμόνων
949 1815 1247 1894 ἐγείρονται
1302 1817 1393 1873 καὶ
1449 1817 1598 1873 οὗτοι
1649 1816 1879 1893 τάχιστα
1933 1817 2133 1872 παύον-

488 1929 598 1978 ται,
647 1911 745 1963 τοῦ
791 1907 1185 1983 πειραζομένου
1236 1905 1665 1985 καταφεύγοντος
1715 1905 1801 1960 ἐπὶ
1856 1906 1947 1960 τὸν
2006 1905 2136 1960 Θεὸν
2165 1909 2212 1974 Β

490 1996 593 2072 ὅλῃ
642 2000 798 2071 ψυχῇ
845 1995 935 2050 καὶ
991 1994 1134 2070 πάσῃ
1184 1993 1416 2070 σπουδῇ,
1447 1996 1536 2050 καὶ
1582 1996 1681 2065 τὴν
1741 1994 1938 2050 ἐκεῖθεν
1982 1993 2135 2058 εὐθὺς

492 2085 875 2158 ἐπισπωμένου
911 2085 1187 2161 βοήθειαν,
1218 2085 1351 2140 ποτὲ
1381 2081 1438 2140 δὲ
1482 2082 1572 2140 διὰ
1613 2081 1932 2157 δοκιμασίαν
1985 2083 2138 2156 ἐπέρ-

491 2194 706 2250 χονται.
755 2176 881 2229 Ὅτε
928 2170 995 2243 δὴ
1040 2174 1131 2228 καὶ
1182 2172 1463 2250 καρτερίαν
1515 2173 1544 2228 6
1601 2169 1992 2248 πειραζόμενος
2042 2173 2131 2227 ἀν·-

490 2261 681 2340 δρικήν
771 2260 1184 2336 ἐνστησάμενος,
1257 2260 1484 2317 ποΛλῶν
1556 2260 1805 2317 ἐπάθλων
1877 2263 2136 2339 τυγχάνει

488 2353 634 2428 παρὰ
682 2355 780 2405 τοῦ
850 2350 1144 2425 ἆθλοτέρου
1201 2355 1335 2406 Θεοῦ
1390 2351 1618 2422 νικητὴς
1675 2350 2134 2428 ἀναγορευόμενος

485 2442 574 2496 ὑπ’
633 2439 798 2496 αὐτοῦ
855 2439 947 2495 καὶ
1014 2440 1256 2516 ἀριστεὺς
1322 2439 1720 2516 γενναιότατος·
1773 2441 1826 2494 οἱ
1893 2443 2134 2494 τοιοῦτοι

486 2527 544 2584 δὲ
602 2529 898 2605 πειρασμοῖ
951 2528 1020 2583 τὰ
1073 2525 1261 2583 πολλὰ
1316 2527 1698 2604 παραμόνιμοι
1772 2527 1861 2583 καὶ
1917 2527 2134 2604 χρόνιοι

485 2617 578 2674 καὶ
635 2615 892 2694 διαρκεῖς,
934 2615 1314 2679 ἐπταπλασίως
1370 2617 1446 2680 ὡς
1502 2618 1568 2672 τὰ
1624 2615 1784 2694 λόγια
1841 2621 2131 2692 πυροῦντες

490 2708 582 2763 τὸν
633 2706 1017 2784 μεγαλόψυχον
1067 2705 1158 2761 καὶ
1201 2706 1566 2784 καθαίροντες,
1614 2707 1704 2762 καὶ
1753 2705 2131 2783 λαμπρότερον

497 2793 797 2858 δεικνύντες
854 2795 944 2850 καὶ
994 2795 1343 2871 τιμιώτερον.
1385 2796 1449 2850 Οἱ
1503 2793 1707 2850 πολλοὶ
1758 2792 1815 2850 δέ
1859 2799 1966 2850 τῶν
2013 2815 2133 2851 πει-

502 2889 724 2962 ρασμῶν
813 2881 902 2939 διά
985 2904 1134 2947 τινας
1209 2886 1666 2961 προηγησαμένας
1721 2881 2131 2959 πλημμελείας,

495 2973 792 3051 ἐπάγονται
823 2973 960 3050 πρὸς
991 2973 1259 3050 ἡμετέραν
1320 2973 1606 3053 ὠφέλειαν.
1641 2975 1739 3029 Διά
1791 2978 1896 3029 τῶν
1950 2972 2136 3029 τοιού-

494 3084 603 3120 των
634 3067 951 3139 πειρασμῶν
980 3061 1201 3139 ἐλέγχει
1250 3062 1340 3118 καὶ
1396 3060 1638 3118 παιδεύει
1692 3065 1790 3132 τῆς
1819 3065 1976 3135 ἡμῶν
2025 3082 2136 3117 σω·

493 3151 687 3228 τηρίας
746 3153 774 3207 ὁ
831 3149 1088 3225 κηδεμὼν
1165 3151 1218 3208 ἐν
1279 3151 1546 3228 πραότητι
1617 3151 1706 3208 καὶ
1772 3150 2130 3228 χρηστότητιο

496 3240 720 3317 ἐλέγχει
770 3240 889 3314 μὲν,
938 3239 1353 3315 παρασκευάζων
1411 3241 1582 3314 ἡμᾶς,
1616 3239 1676 3296 ἐκ
1729 3247 1830 3311 τῆς
1879 3244 1987 3295 τῶν
2037 3239 2136 3296 ἀλ-

497 3335 689 3405 γεινῶν
786 3327 1088 3408 ἐπιφορᾶς,
1181 3328 1258 3392 είς
1349 3329 1688 3400 συναίσθησιν
1778 3328 1950 3392 ἐλθεῖν
2061 3328 2135 3383 ὧν

498 3417 842 3492 ἐπταίκαμεν,
916 3417 1006 3473 καὶ
1083 3416 1364 3492 μετανοίας
1426 3417 1616 3481 πόνοις
1688 3417 1754 3473 τὰ
1828 3417 2139 3491 πταίσματα

495 3508 586 3562 καί
670 3503 894 3584 καρδίας
977 3513 1297 3583 στεναγμοῖς
1380 3507 1813 3584 ἀποτρίψασθαι·
1897 3503 2136 3562 παιδεύει

498 3593 556 3650 δὲ
586 3596 962 3675 σωφρονίζων,
993 3595 1082 3651 καὶ
1139 3594 1289 3660 δίκας
1351 3597 1680 3673 εἱσπράττων
1733 3598 1806 3650 ὧν
1859 3593 2136 3669 τετολμή-

501 3705 695 3758 καμεν,
745 3685 844 3754 τήν
899 3681 1184 3762 διόρθωσιν
1244 3686 1358 3759 ἅμα
1409 3685 1498 3740 καὶ
1554 3685 1618 3740 τὸ
1673 3684 2006 3761 ἀνέγκλητον
2055 3684 2138 3738 ol-

497 3778 747 3848 κονομῶν
811 3775 947 3847 ἡμῖν
1007 3773 1068 3829 ἐκ
1133 3781 1233 3845 τῆς
1308 3773 1566 3845 τοιαύτης
1645 3773 1990 3848 εἰσπράξεως.
2051 3775 2138 3828 Ἐν

499 3863 592 3935 μὲν
644 3859 736 3916 οῦν
787 3862 859 3933 τῇ
903 3860 1018 3936 ζωῇ
1082 3861 1250 3930 ταύτῃ
1321 3859 1716 3940 φιλανθρώπως
1775 3861 1992 3938 ἐλέγχει
2049 3860 2140 3916 καὶ

495 3947 738 4006 παιδεύει
789 3950 940 4023 Θεὸς,
971 3951 1046 4013 ὡς
1097 3948 1427 4024 δεδήλωται,
1459 3952 1595 4006 κατὰ
1645 3948 1703 4006 δὲ
1747 3953 1847 4020 τήν
1901 3949 2140 4023 μέλλου-

501 4060 596 4096 σαν
667 4034 955 4095 ἀναϐίωσιν
1019 4039 1067 4094 εἰ
1134 4038 1293 4114 θυμῷ
1363 4045 1481 4102 τοῖς
1558 4039 1833 4096 ἐπταικόσι
1905 4040 1994 4094 καὶ
2063 4041 2138 4113 μή

500 4129 984 4202 τεθεραπευμένοις
1040 4129 1069 4184 6
1116 4125 1370 4205 ἔλεγχος,
1412 4129 1706 4202 τιθεμένων
1761 4133 1868 4184 τῶν
1928 4128 2140 4184 οἰκείων

501 4217 912 4292 ἁμαρτημάτων
987 4215 1068 4279 εἰς
1138 4217 1452 4293 πρόσωπον,
1498 4218 1612 4290 μεθ’
1677 4215 1812 4288 ὅσης
1877 4215 2143 4292 αἰσχύνης

501 4305 602 4362 οὐκ
663 4303 802 4363 ἔστιν
880 4305 1070 4375 εἴπεῖν,
1115 4306 1205 4361 καὶ
1264 4308 1300 4376 ἡ
1348 4303 1626 4369 παίδευσις
1703 4305 1755 4361 ἐν
1834 4306 1992 4382 ὀργῇο
2053 4305 2144 4361 καὶ

499 4397 600 4472 γὰρ
659 4394 723 4450 οὐ
777 4394 1128 4472 πρόσκαιρος.
1163 4392 1278 4450 οὐδ’
1308 4394 1384 4458 εἷς
1416 4395 1795 4473 σωφρονισμὸν
1847 4395 1937 4450 καὶ
1996 4393 2144 4471 διόρ-

503 4496 689 4556 θωσιν,
739 4482 868 4540 ἀλλ’
918 4484 994 4548 εἷς
1045 4484 1266 4554 αἰῶνος,
1313 4481 1440 4538 ἀλλ’
1485 4483 1560 4546 εἷς
1618 4482 1848 4560 κλῆρον,
1903 4489 1995 4538 καῖ
2047 4491 2148 4554 τῆς

503 4573 673 4644 αὐτῆς
723 4572 992 4647 μενούσης
1041 4571 1109 4642 δὴ
1160 4575 1553 4645 καταστάσεως,
1608 4575 1746 4645 μήτε
1807 4579 1909 4642 τῆς
1955 4572 2146 4649 αἰσχύ-

2251 615 2516 675 διδάσκων
2572 621 2663 676 καὶ
2711 624 2858 694 ἡμᾶς
2914 623 3383 698 περιπεπτωκότας
3434 625 3526 679 τινὶ
3585 615 3760 702 πλημμε-

2249 705 2482 783 λήματι,
2529 711 2596 764 τά
2639 711 2686 764 τ’
2741 710 3083 786 ἐπερχόμενα
3153 711 3322 788 φέρειν
3379 713 3573 776 εὐτόνως
3624 717 3759 788 ἀνιαρὰ.
3822 783 3823 790 γ

2246 797 2336 850 καὶ
2377 794 2584 853 οἷ’κοθεν
2639 797 2690 852 ἐν
2739 798 2895 872 κόπῳ
2938 800 3026 855 καὶ
3074 801 3222 873 πόνῳ
3267 801 3350 856 καὶ
3402 802 3554 858 πένθει
3595 805 3663 860 τὸν
3686 810 3762 861 Θεὲι

2246 884 2631 960 ἐξιλάσκεσθαι,
2663 889 2751 942 καὶ
2797 887 2960 952 ὅλους
3007 889 3241 965 γίνεσθαι
3288 891 3351 945 τὸ
3401 899 3560 968 φυγεῖν
3592 894 3642 948 τὰ
3677 895 3761 951 ἐκεῖ.

2246 995 2304 1029 σε
2332 972 2712 1053 δικαιωτήρια.

2318 1108 2345 1134 ‹‹
2379 1083 2558 1158 Κύριε,
2597 1085 2670 1157 μή
2729 1089 2808 1157 τῷ
2864 1086 3021 1159 θυμῷ
3084 1107 3177 1141 σου
3238 1085 3442 1161 ἐλέγξῃς
3495 1087 3760 1163 με’,μῃδὶτῄ

2246 1171 2384 1246 ὀργῇ
2417 1177 2511 1227 σοῦ
2541 1169 2827 1247 παιδεύσῃς
2861 1195 2945 1246 με.
2981 1199 3009 1228 ››
3044 1208 3112 1217 -
3141 1176 3207 1229 Τὸ
3237 1182 3387 1230 Θεῖον
3417 1178 3584 1241 ἀπαθὲς
3622 1179 3763 1250 ὡμολό-
3826 1217 3827 1230 χ

2242 1281 2426 1336 γηται.
2487 1263 2665 1336 Θυμὸς
2723 1263 2814 1317 οὗν
2877 1263 2963 1318 ἐπὶ
3013 1269 3153 1322 Οεοῦ
3181 1265 3270 1318 καὶ
3307 1265 3438 1340 ὀργὴ
3463 1267 3548 1334 τὴν
3575 1266 3634 1328 εἰς
3673 1270 3762 1338 ἡμᾶς

2245 1346 2334 1404 διὰ
2415 1351 2510 1413 τὰς
2588 1351 2852 1428 ἁμαρτίας
2931 1355 3091 1426 ἡμῶν
3181 1353 3544 1426 ἐπιτεταμένην
3611 1357 3761 1410 κάκωσιν

2245 1438 2635 1516 ὑπεμφαίνουσι
2691 1439 2779 1494 καὶ
2841 1445 2946 1495 ποῦ
3007 1442 3100 1514 μὲν
3161 1443 3265 1516 πρὸ
3314 1445 3408 1512 τῆς
3455 1444 3597 1518 ὀργῆς
3637 1444 3760 1497 τίθεττ

2244 1527 2272 1581 6
2304 1529 2496 1601 θυμὸς,
2528 1527 2708 1606 ὥσπερ
2762 1527 3006 1600 ἐνταῦθα,
3039 1535 3146 1585 ποῦ
3204 1529 3249 1585 δ’
3283 1527 3505 1604 ἔμπαλιν
3553 1532 3613 1594 ὡς
3657 1531 3692 1586 ἐν
3723 1538 3764 1602 τῷ

2245 1613 2477 1693 δευτέρῳ
2534 1615 2740 1692 ψαλμῷ
2794 1619 2919 1674 τότε
2969 1617 3198 1690 λαλήσει
3251 1621 3385 1696 πρὸς
3433 1619 3598 1682 αὐτοὺς
3622 1621 3660 1676 ἐν
3684 1621 3763 1695 ὀργῇ

2242 1703 2429 1774 αὐτοῦ,
2459 1706 2548 1760 καὶ
2595 1707 2646 1762 ἐν
2691 1711 2770 1780 τῷ
2818 1713 2974 1781 θυμῷ
3021 1707 3184 1764 αὐτοῦ
3230 1710 3439 1784 ταράξει
3482 1707 3763 1771 αὐτούς.ἘιιεΞ

2247 1794 2340 1867 μὲν
2367 1796 2468 1871 γὰρ
2521 1800 2602 1868 τῷ
2644 1795 2862 1872 ἐλέγχῳ
2914 1797 3002 1852 καὶ
3048 1801 3116 1872 τῇ
3165 1795 3426 1873 καταδίκῃ
3467 1800 3762 1865 συντέτακταιῆ

2243 1883 2402 1958 ὁργή,
2431 1887 2498 1957 τῇ
2535 1885 2748 1959 βασάνῳ
2780 1882 2838 1940 δῖε
2867 1886 2894 1938 ὁ
2924 1886 3115 1958 θυμός’
3150 1883 3260 1941 ὧδε
3288 1883 3344 1942 δὲ
3389 1890 3461 1958 τῷ
3509 1888 3587 1960 μὲν
3625 1885 3761 1961 ἐλέγχῳ

2244 1967 2584 2041 συνέζευκται
2633 1974 2660 2027 6
2707 1975 2900 2047 θυμὸς,
2930 1979 2998 2049 τῇ
3058 1973 3279 2032 κολάσει
3326 1974 3381 2031 δὲ
3423 1979 3455 2046 ἡ
3500 1977 3628 2052 ὀργή.
3669 1979 3762 2029 Ὣπε

2245 2057 2538 2140 ἀδιάφορος
2596 2063 2632 2132 ἡ
2688 2063 2836 2134 τάξις
2896 2062 3091 2122 αὐτῶν.
3125 2064 3191 2119 Εἰ
3248 2064 3336 2120 καὶ
3388 2062 3512 2138 ἄξια,
3558 2063 3762 2142 molyb-

2249 2154 2356 2222 μοῦ
2413 2150 2503 2206 καὶ
2568 2150 2735 2228 ὀργῆς
2789 2151 3225 2227 ἐπλημμέλησα,
3287 2151 3469 2228 δέομαί
3516 2174 3611 2218 σου,
3651 2151 3760 2225 Κύρυ,

2243 2243 2360 2306 νῦν,
2418 2234 2632 2315 ἔλεγξόν
2693 2261 2760 2313 με
2809 2240 2900 2296 καὶ
2944 2239 3235 2298 παίδευσον
3293 2242 3343 2298 ἐν
3401 2241 3655 2318 οἷκτιρμοῖς
3685 2261 3760 2315 προ-

2249 2329 2608 2401 μηθευτικῶς,
2645 2329 2720 2402 μή
2777 2329 2913 2384 κατᾶ
2967 2331 3058 2386 τὸν
3115 2332 3306 2408 καιρὸν
3361 2337 3453 2402 τῆς
3485 2330 3663 2400 ὑστάτης
3695 2328 3757 2382 ἐτί-

2244 2437 2377 2479 σεως
2433 2416 2486 2472 ἐν
2538 2423 2697 2491 θυμῷ
2747 2417 2966 2495 ἐλέγξῃς
3015 2422 3105 2476 καὶ
3163 2420 3221 2476 ἐν
3261 2421 3398 2498 ὀργῇ
3426 2418 3659 2494 παιδεύσῃς
3683 2418 3757 2472 ἆτο-

2241 2503 2625 2583 κληρωτικῶς·
2669 2508 2734 2562 οὑ
2789 2513 3157 2585 παραιτοῦμαι
3214 2510 3308 2565 τὰν
3385 2509 3435 2565 ἐν
3509 2514 3576 2581 τῷ
3623 2506 3755 2578 παρόντι

2247 2595 2352 2670 βίῳ
2381 2595 2660 2671 γινόμενον
2703 2594 2930 2673 ἔλεγχον
2987 2600 3126 2674 πρὸς
3162 2600 3266 2669 τὴν
3325 2599 3550 2655 ἐνταυθοῖ
3590 2593 3751 2663 παιδείαν,

2243 2683 2305 2738 οὐ
2336 2681 2736 2761 δυσανασχετῶ⁶
2765 2688 3059 2760 πέπεισμαι
3119 2689 3228 2764 γὰρ
3287 2687 3368 2744 ὅτι
3420 2690 3572 2742 πάντα
3613 2687 3659 2740 τᾶ
3685 2682 3748 2736 δνσ-

2243 2780 2382 2848 χερῆ
2442 2775 2578 2850 πρὸς
2634 2773 2871 2852 ἱατρείαν
2929 2775 3112 2854 ἐπάγει
3168 2783 3282 2833 τῶν
3354 2781 3449 2848 τῆς
3517 2780 3658 2851 ψυχῆς
3694 2791 3742 2844 με)

2240 2861 2472 2938 πληγῶν
2483 2905 2496 2918 .

2319 2977 2340 3004 α
2373 2950 2629 3023 Ἐλέησόν
2666 2973 2752 3026 με,
2781 2953 2964 3030 Κύριε,
2989 2953 3073 3010 ὅτι
3104 2955 3334 3027 ἀσθενής
3368 2955 3493 3028 εἰμι’
3533 2977 3551 3004 ι

2243 3061 2360 3113 σου,
2409 3040 2592 3116 Κύριε,
2629 3042 2952 3118 βοηθησάτω
3008 3065 3123 3117 μοι.
3151 3045 3304 3100 Διότι
3355 3045 3561 3114 ἀσθενής
3601 3031 3732 3111 εἰμιιέ

2239 3130 2340 3198 τήν
2372 3131 2556 3205 ψυχὴν
2615 3131 2703 3186 καὶ
2749 3131 2812 3186 τὸ
2868 3136 3046 3204 σῶμα,
3077 3135 3178 3203 τήν
3242 3135 3337 3207 μὲν
3386 3133 3460 3196 είς
3483 3132 3539 3186 τὸ
3587 3121 3742 3183 amovit!

2246 3214 2571 3288 ἐνδείξασθαι
2623 3219 2915 3290 τοσαύτην,
2947 3219 3046 3288 ὅση
3104 3243 3192 3284 τις
3249 3221 3368 3295 ἀξία
3418 3222 3509 3291 τήν
3549 3228 3753 3295 προηγηπ·

2251 3307 2416 3380 μένην
2473 3305 2746 3384 χαύνωσιν
2807 3309 3222 3380 ἀνακτήσασθαι,
3263 3312 3328 3366 τὸ
3384 3308 3428 3365 δ’
3481 3310 3546 3371 εἷς
3591 3307 3638 3360 τὸ
3673 3315 3758 3354 1915'

2242 3394 2372 3457 τοὺς
2420 3396 2510 3450 καὶ
2569 3395 2796 3460 λοιποὺς
2851 3397 3092 3474 μόχθους
3143 3399 3479 3476 εἰσενεγκεῖν,
3526 3386 3762 3476 ἱκανοὺς

2243 3484 2594 3556 τιπράξασθαι
2647 3491 2764 3548 τοῖς
2841 3471 2996 3559 ἐμοῖς
3071 3471 3449 3563 ἁμαρτήμασι’
3501 3491 3567 3556 τῷ
3621 3482 3689 3556 γᾶἓ
3734 3471 3762 3529 ἐς

2246 3571 2390 3628 πολὺ
2449 3573 2763 3647 μολυνθέντι
2822 3574 3040 3645 πολλῆς
3101 3575 3185 3632 δεῖ
3223 3580 3312 3633 καὶ
3343 3585 3439 3648 τῆς
3466 3576 3520 3632 ἐκ
3542 3573 3678 3630 κόπων
3713 3563 3764 3618 καὶ

2246 3661 2427 3718 πόνων
2458 3663 2546 3717 καὶ
2578 3665 2787 3740 θρήνων
2818 3666 3149 3741 καθάρσεως.

2322 3774 2350 3803 ‹‹
2381 3752 2553 3807 Ἴασαί
2588 3774 2674 3826 με,
2708 3753 2890 3830 Κύριε,
2923 3753 3008 3809 ὅτι
3065 3754 3338 3832 ἐταράχθη
3387 3757 3450 3810 τὰ
3502 3751 3611 3807 ὀστᾶ
3651 3762 3764 3819 μοι’

2248 3872 2318 3884 —-
2348 3841 2509 3898 Ὀστᾶ
2542 3839 2685 3917 λέγει
2723 3843 2818 3904 τὰς
2871 3843 2970 3912 τήν
3021 3845 3205 3920 ψυχὴν
3269 3843 3555 3921 ἐρειδούσας
3603 3835 3768 3904 δυνάμεις

2251 3929 2583 4005 λογιστικάς·
2620 3929 2762 3986 ἷάσαί
2797 3953 2882 4006 με,
2916 3933 3097 4009 Κύριε,
3128 3934 3212 4006 τῷ
3261 3932 3398 3989 ἐλέει
3447 3953 3549 3987 σου.
3576 3922 3700 3984 Ἰασαί

2248 4004 2640 4094 πεπληγμένον
2688 4021 2758 4096 τῇ
2799 4004 3052 4098 γάμαρτίᾳ
3085 4004 3323 4086 ’δεινῶςο
3373 4021 3507 4078 ἴασαί
3552 4038 3620 4091 με,
3657 4004 3772 4098 ὃτι-οὶ

2251 4107 2512 4184 λογισμοί
2574 4130 2678 4182 μου
2723 4113 2791 4184 τῇ
2853 4095 3040 4186 μνῆμῃ
3093 4117 3204 4167 τῶν
3291 4109 3621 4185 ἐπταισμένων
3667 4095 3773 4155 σάλων

2250 4197 2578 4269 πλησθέντες
2610 4197 2791 4254 στάσιν
2824 4199 2924 4254 οὐκ
2953 4199 3162 4276 ἔχουσι.

3595 2953 3641 3006 τὸ
3666 2945 3728 3001 θεός

2325 4330 2353 4358 ‹‹
2386 4306 2484 4360 Καὶ
2514 4308 2548 4376 ἡ
2590 4307 2743 4382 ψυχή
2780 4327 2884 4379 μου
2914 4307 3186 4386 ἐταράχθη
3217 4305 3438 4388 σφόδρα.
3470 4331 3496 4360 ››
3523 4337 3580 4350 --
3603 4291 3778 4388 £11511?-

2251 4396 2390 4466 νήθη
2451 4393 2543 4450 καὶ
2599 4395 2847 4471 γαλήνην
2909 4383 3274 4482 δλωςηᾶἱγειν
3339 4383 3399 4453 οὐ
3473 4393 3671 4484 δύναται,
3709 4383 3778 4484 τοξ

2255 4483 2508 4560 ἐλέγχοις
2575 4483 2950 4560 ἐνοχλουμένη
3010 4489 3106 4556 τῆς
3185 4479 3549 4559 συνειδήσεως.
3593 4479 3714 4569 ,Λέγει

2256 4569 2528 4649 διαφόρως
2593 4573 2660 4627 τὰ
2731 4573 2884 4644 αὐτὰ,
2941 4575 3042 4644 τήν
3121 4573 3422 4652 θρηνῳδίαν
3488 4568 3682 4638 ἐπαύξων
3730 4568 3781 4612 πεί

501 4685 602 4733 νης
633 4661 870 4738 ἐχούσης
901 4661 1090 4737 πέρας,
1127 4663 1254 4735 μήτ’
1290 4661 1459 4732 αὐτῆς
1509 4660 1783 4723 κολάσεως
1845 4663 1983 4735 μήτε
2043 4663 2148 4735 μήν
2175 4651 2223 4716 D
2252 4660 2523 4724 ποικίλως
2552 4662 2614 4716 τὸ
2641 4660 2864 4740 σφάλμα
2892 4651 3344 4741 κατοδυρόμενος.

499 4757 606 4806 τῶν
673 4749 1071 4825 δεδεκασμένων
1128 4751 1265 4825 πρὸς
1328 4751 1392 4806 τὸ
1441 4755 1682 4826 κρεῖττον
1733 4749 2143 4825 ἀλλοιουμένων

503 4841 564 4897 ἐκ
608 4848 709 4912 τῆς
763 4838 1118 4912 παιδεύσεως,
1169 4845 1332 4896 τοῦτο
1381 4837 1439 4895 δὲ
1498 4839 1659 4914 μόνον
1715 4839 2018 4909 σννιέντων,
2068 4839 2144 4903 ὡς

505 4929 825 5004 ἐκομίσαντο
877 4927 1059 4985 δίκαια
1119 4930 1264 5007 παρᾶ
1334 4933 1433 4985 τοῦ
1511 4926 1720 4984 δικαίου
1792 4933 2030 5004 κριττοῦ,
2078 4930 2147 4984 τὰ

501 5021 609 5074 τῶν
671 5018 854 5082 αὐτοῖς
919 5017 1408 5095 διαπεπραγμένων
1477 5017 1748 5093 ἐπίχειρα.
1807 5017 1994 5072 Τοίνυν
2056 5017 2146 5073 καὶ

504 5105 668 5165 Δαυῗδ
727 5109 756 5162 6
821 5108 1075 5182 βασιλεὺς
1131 5109 1443 5185 περιτυχὼν
1495 5105 1586 5163 διά
1647 5127 1697 5161 τι
1751 5103 2149 5180 πλημμέλημα

503 5202 809 5274 πειρασμῷ,
887 5197 1031 5255 πολὺ
1115 5199 1210 5273 μὲν
1293 5199 1398 5254 ἀπὸ
1471 5202 1578 5253 τῶν
1645 5193 1831 5269 ἔξωθεν
1906 5191 2148 5266 ἐϐιάζετο

505 5290 824 5365 συμφορῶν,
873 5286 1019 5343 πολὺ
1067 5286 1115 5343 δ’
1162 5287 1220 5343 ἐκ
1246 5295 1346 5358 τῆς
1399 5292 1507 5343 τῶν
1569 5284 1877 5359 νοουμένων
1936 5285 2146 5362 ἐχθρῶν

507 5374 820 5443 ἐπιθέσεως,
849 5371 1016 5428 πλέον
1051 5371 1109 5430 δὲ
1154 5376 1368 5430 πάντων
1418 5379 1488 5450 τῇ
1539 5373 1716 5446 ἐννοίᾳ
1768 5380 1868 5442 τῆς
1916 5373 1966 5427 ἐν
2025 5373 2148 5451 κρί-

504 5485 582 5520 σει
639 5457 956 5533 καταδίκης,
1014 5463 1104 5518 καὶ
1155 5468 1262 5519 τῶν
1341 5465 1680 5541 πικροτάτων
1766 5461 1982 5517 ἐκείνων
2059 5463 2148 5518 καὶ

506 5550 818 5631 ἀπεράντων
886 5557 1169 5630 τιμωριῶν
1239 5552 1704 5626 κατατεινόμενος,
1754 5549 2013 5621 ἐπιέζετο·
2065 5549 2151 5608 διὸ

509 5644 577 5716 δὴ
627 5642 716 5701 καὶ
772 5641 1044 5718 κακουχίᾳ
1100 5642 1353 5716 σώματος
1392 5641 1483 5697 καὶ
1535 5645 1850 5716 στνεαγμοῖς
1910 5641 1999 5696 καὶ
2057 5639 2152 5696 δά-

503 5753 691 5814 κρυσιν
719 5730 784 5790 οὐ
814 5729 1083 5790 διέλειπεν
1124 5729 1498 5805 ἐξιλεούμενος
1550 5730 1640 5786 τὸν
1708 5728 1856 5786 Θεόν·
1899 5729 2016 5786 ὅθεν
2060 5731 2150 5788 καὶ

2324 4774 2354 4802 ‹‹
2386 4750 2485 4804 Καὶ
2539 4749 2622 4820 σὺ,
2680 4750 2864 4827 Κύριε,
2911 4749 3015 4816 ἕως
3069 4753 3236 4824 πότε;
3274 4778 3302 4805 ››
3351 4785 3417 4796 -
3468 4738 3779 4827 Ἐλλειπτιιαῖιιςν

2251 4842 2396 4900 {Em
2449 4838 2581 4894 πότε
2637 4823 2982 4921 ἀποστρέφῃς
3048 4844 3123 4917 μὴ
3203 4823 3402 4918 ἀτέγων
3479 4837 3531 4894 δὲ
3572 4835 3651 4902 τήν
3692 4823 3778 4921 θείαν

2253 4929 2599 5008 ἀποστροφὴν
2658 4932 2825 4985 ταῦτά
2879 4917 3039 5008 φησιν
3099 4931 3157 4987 ἐκ
3230 4917 3444 5001 πολλῆς
3511 4924 3672 4991 ὀδύνης
3721 4917 3778 4986 3""

2254 5026 2387 5095 χῆς.

2329 5107 2764 5185 «Ἐπίστρεψον,
2845 5107 3024 5184 Κύριε,
3104 5109 3256 5185 ῥῦσαι
3323 5111 3419 5178 τὴν
3488 5103 3779 5185 φυγήν-,μων

2256 5196 2427 5253 σῶσόν
2489 5218 2555 5271 με
2609 5194 2781 5253 ἕνεκεν
2835 5202 2932 5252 τοῦ
2989 5197 3175 5261 ἐλέους
3231 5219 3346 5255 σου.
3383 5221 3412 5249 ››
3437 5226 3504 5240 -
3529 5181 3780 5271 Ἀσυνδέτῳίγ

2257 5269 2644 5365 Ἐπιστράφηθι
2699 5287 2836 5361 πρός
2891 5308 2976 5360 με,
3036 5287 3220 5364 Κύριε·
3282 5286 3546 5361 Αύτρωσαί
3605 5278 3682 5342 τὴν

2255 5377 2365 5452 χήν
2429 5396 2532 5449 μου
2577 5383 2678 5446 τῆς
2729 5375 2928 5451 ἐνοχῆς
2957 5381 3064 5431 τῶν
3092 5378 3436 5450 πταισμάτων
3479 5391 3570 5447 μου
3596 5368 3782 5454 σωῖθ9έ²ξ

2262 5486 2328 5539 με
2384 5465 2734 5538 καταξίωσον.
2793 5470 2968 5520 Ταῦτα
3023 5466 3189 5522 πάντα
3246 5463 3468 5534 ποίησόν
3505 5479 3612 5534 μου,
3653 5449 3783 5539 8ιάξο

2259 5552 2409 5616 ἔλεός
2465 5575 2581 5623 σου,
2639 5553 2702 5608 οὐ
2760 5551 2847 5608 διὰ
2909 5557 3008 5624 τὴν
3065 5554 3344 5628 μετάνοιάν
3404 5572 3519 5624 μου.
3568 5528 3783 5628 Ἐγὼ-’γὴν

2260 5643 2428 5717 εἶπον,
2482 5622 2573 5698 ὅτι
2625 5642 2847 5712 ἀσθενής
2903 5622 3295 5718 algu-15mg
3353 5622 3424 5696 ὦ,
3476 5622 3781 5718 ἐπλημμέλησε

2263 5716 2586 5808 μεταῖοῆσαι
2645 5731 2710 5787 οὗ
2765 5716 3016 5807 δύναμάι.
3049 5735 3170 5794 Ὅτι
3220 5731 3318 5788 οὐκ
3375 5727 3505 5785 ἔστιν
3550 5722 3594 5776 ἐν
3634 5718 3693 5784 τῷ
3723 5716 3780 5769 0"
