3988 6424
389 400 550 463 1355

1636 385 2063 450 NICEPHORI
2107 383 2548 446 BLEMMIDE

3641 382 3819 442 1356

389 529 699 601 καιοσύνης,
733 525 816 582 ὅτι
853 526 923 582 τὰ
968 523 1085 580 κατ’
1115 521 1260 594 ἀξίαν
1312 519 1676 596 ἁπεπλήρωσε
1720 521 1837 580 τοῖς
1892 513 2032 572 ἀλά-
2061 522 2118 590 Α
2147 520 2247 584 σῆς
2282 511 2685 589 μεγαλουργίας
2729 513 2764 582 ἡ
2809 513 2969 586 ἀρετὴ
3004 511 3094 566 καὶ
3165 509 3412 601 ὑπεράνω
3459 514 3568 566 τῶν
3633 513 3814 601 οὖρα-

392 639 628 763 στῖρέὅίί
681 704 842 780 ψαλῶ
893 707 973 776 τῷ
1030 700 1256 775 ὀνόματι
1315 699 1514 776 Κυρίου
1564 702 1662 754 τοῦ
1723 698 1969 772 ὑψιστου.
2003 720 2032 749 ››

389 831 457 845 --
506 797 607 852 Καὶ
662 794 825 869 ψαλῶ
885 790 974 847 διὰ
1054 793 1154 860 τὴν
1237 789 1496 860 τοιαύτην
1562 785 1902 856 δικαιοσύνην
1959 783 2038 856 τῷ

389 885 681 964 Κυρίῳτῷ
731 882 938 956 ὑψίστῳ
993 884 1448 957 περιφραστικῶς,
1480 875 1604 947 ἤτοι
1665 874 1754 931 διὰ
1802 872 2036 964 ψαλμῶν

390 960 538 1032 αἶνον
623 971 903 1049 προσοίσω
985 971 1077 1026 τὸν
1165 969 1549 1044 Χαριστήριον.
1603 965 1758 1043 Λέγει
1834 960 1892 1018 δέ
1945 962 2037 1017 τὸν

390 1064 590 1141 Κύριον
673 1060 916 1136 ὕψιστον,
985 1058 1062 1121 ὡς
1142 1058 1282 1131 ὁμοῦ
1366 1056 1580 1110 πάντων
1638 1053 1690 1116 ἐς
1758 1049 2039 1141 ἀπειράκις

393 1137 612 1229 ἄπειρον
700 1148 1066 1224 ὑψηλότατον,
1124 1147 1302 1217 πάσης
1384 1143 1532 1217 ἀξίας
1604 1141 1721 1229 καὶ,
1768 1137 2042 1229 βασιλείας

391 1241 484 1298 καὶ
526 1228 950 1316 κραταιότητος,
997 1237 1179 1308 πάσης
1236 1233 1398 1305 δόξης
1455 1253 1513 1288 τε
1565 1232 1656 1288 καὶ
1714 1228 2041 1303 λαμπρότη-

391 1350 509 1400 τος,
565 1329 743 1399 πάσης
797 1325 986 1406 σοφίας
1035 1325 1124 1381 καὶ
1181 1329 1372 1399 νοερᾶς
1456 1320 1808 1396 ἐξοχότητος,
1865 1319 2043 1389 πάσης

398 1417 793 1497 μεγαλοσύνης,
824 1416 1002 1485 πάσης
1064 1410 1423 1488 ὑμνολογίας,
1482 1411 1660 1497 πάσης
1713 1413 1903 1481 τιμῆς,
1944 1409 2042 1474 τῆς

394 1507 448 1580 ἐξ
477 1496 798 1584 ἀνθρώπων,
827 1511 931 1576 τῆς
962 1503 1012 1575 ἐξ
1054 1501 1320 1580 ἀγγέλων,
1349 1503 1449 1569 τῆς
1479 1498 1531 1570 ἐξ
1571 1496 1710 1568 ὅλης
1758 1498 1898 1570 ὁμοῦ
1942 1501 2042 1564 τῆς

2146 608 2252 658 νῶν
2295 603 2624 680 ὑπερυψώθη
2686 602 2791 656 ἀπὸ
2846 609 2947 671 τῆς
3004 608 3127 677 γῆς·
3192 600 3324 677 ἔργα
3374 601 3477 677 γὰρ
3539 600 3815 671 ἐποίησας

2147 695 2236 749 καὶ
2295 698 2470 755 ποιεῖς
2520 691 2921 770 ὑπερφυέστατα
2980 692 3069 746 καὶ
3141 689 3223 746 σοὶ
3287 690 3435 764 μόνῳ
3492 694 3574 763 τῷ
3637 687 3816 755 ὅντως

2154 782 2376 859 μεγάλῳ
2408 781 2704 858 πρέποντα·
2751 776 2884 856 ἔργα
2933 777 2989 834 δὲ
3035 784 3268 856 Χριστοῦ
3317 783 3384 834 τά
3431 801 3490 834 τε
3536 777 3817 854 διδάγμα-

2147 893 2234 945 τα,
2275 873 2342 927 τά
2387 893 2446 926 τε
2492 870 2759 942 θαύματα.
2803 873 2890 941 Τῷ
2944 868 3178 941 τοιούτῳ
3243 868 3392 944 ῥητῷ
3439 866 3664 941 συνᾴδει
3728 871 3815 924 καί

2148 961 2210 1016 τὸ
2253 964 2350 1015 τοῦ
2419 955 2756 1033 ’Δϐϐακοὺμ,
2810 982 2838 1011 ‹‹
2885 960 3181 1032 Ἐκάλυψεν
3241 957 3501 1032 οὐρανοὺς
3549 961 3590 1028 ἡ
3647 957 3814 1034 ἀρετή

2152 1050 2337 1108 αὐτοῦ.
2373 1075 2396 1104 ι
2435 1051 2705 1106 Τοσοῦτον
2755 1044 2870 1124 ἔχει
2920 1049 2982 1102 τὸ
3021 1055 3122 1118 τῆς
3175 1044 3334 1119 δόξης
3377 1048 3534 1122 ὕψος,
3571 1049 3611 1117 ἡ
3647 1047 3816 1124 ἀρετὴ

2149 1143 2244 1195 τοῦ
2293 1141 2550 1216 Χριστοῦ,
2583 1140 2617 1208 ἡ
2673 1136 3132 1216 μεγαλοπρέπεια.
3177 1136 3402 1211 Νομίζω
3450 1134 3500 1192 δ’
3544 1137 3672 1213 ἐγὼ
3728 1137 3818 1193 καὶ

2149 1229 2404 1304 περὶτῆς
2455 1225 2780 1298 δεσποτικῆς
2824 1224 3152 1301 ἀναλήψεως
3200 1226 3252 1282 ἐν
3298 1226 3443 1300 αὐτῷ
3492 1221 3817 1300 διαλαμϐά-

2149 1339 2257 1374 νειν
2302 1319 2363 1373 τὸ
2409 1317 2764 1394 προκείμενον
2811 1315 3110 1392 ψαλμικόν.
3162 1316 3307 1372 Κατά
3349 1320 3539 1372 τοῦτον
3592 1313 3693 1370 οῦν
3727 1316 3814 1371 τὸν

2153 1405 2316 1483 λόγον
2363 1409 2425 1462 τὸ
2472 1407 2565 1480 μὶν
2609 1409 2646 1476 ἡ
2696 1403 3136 1482 μεγαλοπρέπειά
3201 1425 3296 1460 σου
3361 1407 3592 1477 νοητέον
3669 1405 3817 1482 εἷ’ρῆ-

2155 1508 2275 1561 σθαι
2306 1495 2443 1552 κατά
2471 1494 2816 1574 περίφρασιν,
2845 1496 2909 1550 τὸ
2949 1491 2995 1550 δ’
3044 1493 3174 1550 ὅλον
3224 1493 3366 1551 οὕτω
3425 1495 3810 1574 σαφηνιστέον·

391 1583 642 1670 κτίσεως,
673 1595 763 1652 καὶ
823 1598 916 1649 νῦν
971 1591 1060 1648 καὶ
1119 1591 1202 1646 ἀεὶ
1257 1588 1348 1646 καὶ
1405 1587 1481 1651 εἷς
1519 1586 1646 1650 τοὺς
1679 1587 1873 1648 αἰῶνας
1938 1587 2048 1639 τῶν
2155 1586 2237 1643 ὅτι
2298 1587 2576 1660 Ἐπήρθης
2635 1584 2725 1641 καὶ
2809 1583 3032 1658 ὑψώθης
3112 1584 3140 1638 6
3232 1584 3671 1662 μεγαλοπρεπὴς
3730 1585 3814 1639 καὶ

393 1685 630 1743 αίώθων.
662 1685 870 1759 Ἀμήν.

1009 1789 1304 1844 ΨΑΛΜΟΣ
1343 1786 1422 1842 H'.

473 1904 589 1957 «Ἡ
642 1901 743 1956 τοῦ
801 1897 1035 1974 Χριστοῦ
1095 1891 1472 1967 θαυμαστότης
1517 1888 1751 1968 ἄρρητός
1780 1888 1892 1944 ἐστι
1948 1885 2125 1964 πά-Β

399 2011 464 2064 σῃ
519 1987 674 2066 φύσει
731 1985 823 2040 καὶ
882 1981 1287 2055 ἀκατάληπτος.
1322 1978 1521 2040 »Οὔτε
1575 1982 1678 2056 γάρ
1741 1979 2043 2066 ἄνθρωπος,

396 2075 491 2132 κᾶν
533 2064 625 2138 εἷς
683 2073 842 2151 ἄκρον
899 2069 982 2144 εἷίη
1043 2069 1234 2149 σοφίας
1292 2068 1613 2150 ἀφιγμένος,
1647 2064 2044 2142 σὺτ’ἅγγελος,

400 2163 451 2221 εἲ
473 2163 563 2220 καὶ
590 2168 700 2220 τῶν
733 2163 989 2218 ἀνωτάτω
1012 2159 1101 2216 καὶ
1131 2165 1348 2238 πρῶτος
1381 2159 1560 2228 οὗτος,
1615 2155 1860 2226 ἐννοῆσαί
1917 2173 2048 2210 ποτε

399 2254 462 2310 τὸ
530 2251 731 2324 ταύτης
807 2248 1048 2326 ίσχύσειε
1125 2249 1370 2328 μέγεθος,
1431 2249 1596 2322 μήτοι
1652 2246 1741 2301 καὶ
1790 2241 2046 2320 ὃιαγάσα-

402 2353 543 2407 σθαι.
575 2339 730 2411 Πλὴν
759 2339 1057 2417 ἀχαρίστου
1101 2337 1308 2417 τρόπου
1350 2336 1440 2393 καὶ
1492 2331 1808 2405 ἀποϐλήτου
1845 2333 1908 2388 τὸ
1969 2332 2045 2406 μὴ

399 2429 537 2487 κατά
588 2430 651 2486 τὸ
705 2428 982 2506 ἐγχωροῦν
1053 2426 1218 2496 αὐτὴν
1307 2426 1571 2500 ἐξυμνεῖν.
1633 2421 1790 2479 Ἀλλ’
1847 2421 1928 2477 ὅτι
1983 2422 2047 2475 τὸ

399 2519 516 2576 κατ’
555 2517 698 2591 ἀξίαν
731 2515 1013 2585 ἀδύνατον,
1053 2513 1162 2586 ἤδη
1216 2515 1305 2571 καὶ
1359 2516 1422 2570 τὸ
1474 2513 1666 2590 μικρὸν
1716 2512 1790 2587 μὴ
1849 2512 2049 2586 προσά-

399 2629 514 2685 γειν
565 2607 655 2664 καὶ
718 2608 954 2683 μέτριον,
1011 2609 1172 2661 τοῦτο
1228 2604 1318 2659 καὶ
1367 2605 1396 2658 6
1443 2603 1798 2678 προκείμενος
1854 2594 2046 2676 ὄγδοος

401 2697 646 2777 ἐμφαίνει
676 2694 917 2771 ψαλμὸς,
954 2695 1292 2771 ὑμνητήριος
1322 2691 1394 2748 ὣν
1447 2693 1523 2756 εἷς
1568 2692 1724 2747 αὐτὸν
1773 2687 2045 2758 Δεσπότην

401 2785 649 2863 Χριστόν.
681 2783 946 2861 Ἀπείρων
987 2783 1091 2860 γὰρ
1130 2778 1298 2838 ὄντων
1350 2780 1401 2836 ἐν
1457 2784 1672 2856 Χριστῷ
1726 2783 1834 2835 τῶν
1886 2779 2047 2854 ὑπερ-

402 2879 573 2954 φυῶν,
611 2873 867 2949 μνησθεὶς
896 2872 987 2928 καὶ
1021 2872 1431 2950 ὑπερθαυμάσας
1471 2869 1530 2925 ἐκ
1569 2868 1776 2924 τούτων
1823 2869 1921 2937 τήν
1953 2870 2050 2922 τοῦ

403 2964 606 3041 Κυρίου
651 2960 1071 3040 μεγαλειότητα,
1103 2961 1194 3016 τὸν
1227 2961 1396 3035 ὕμνον
1422 2956 1730 3038 κεφαλαιοῖ.

474 3078 503 3105 ‹‹
537 3051 699 3130 Κύριε
755 3054 783 3107 6
833 3049 1032 3128 Κύριος
1086 3051 1270 3123 ἡμῶν.
1331 3074 1354 3103 ι
1418 3081 1487 3091 ο-
1544 3045 1786 3123 Κυριεύει
1872 3046 2050 3116 πάσης

404 3143 545 3216 ὁμοῦ
602 3139 884 3202 κτίσεωςὸ
932 3136 1163 3214 Χριστὸς
1217 3137 1290 3199 ὡς
1345 3137 1472 3198 Θεὸς
1529 3137 1619 3190 καὶ
1677 3133 2042 3210 δημιουργός·

406 3227 552 3285 ἀλλά
605 3228 695 3285 καὶ
749 3229 825 3292 ὡς
883 3224 1166 3302 ἄνθρωπος
1222 3231 1328 3280 τῶν
1375 3223 1674 3301 γεγονότων
1709 3221 1853 3278 ὅλων
1880 3222 2048 3298 γινώ-

406 3340 584 3374 σκεται
615 3317 803 3394 κύριος
837 3315 926 3372 διὰ
953 3318 1051 3386 τήν
1081 3313 1294 3373 ἕνωσιν.
1335 3336 1356 3364 ι
1390 3311 1580 3383 Ἐδόθη
1619 3333 1709 3388 μοι
1736 3312 1862 3388 γάρ,
1895 3310 2048 3386 φησὶ,

405 3413 550 3464 πᾶσα
602 3405 812 3480 ἐξουσία
866 3405 917 3460 ἐν
973 3404 1186 3481 οὐρανῷ
1240 3403 1327 3458 καὶ
1378 3401 1464 3458 ἐπὶ
1495 3410 1621 3479 γῆς.
1657 3425 1686 3452 ››
1717 3401 1912 3478 Κύριος
1959 3398 2050 3454 καὶ

404 3501 511 3554 τῶν
575 3499 778 3551 πιστῶν
811 3494 1120 3570 ὁΧριστὸς,
1177 3491 1311 3548 κατά
1368 3513 1428 3548 τε
1465 3491 1556 3546 τὸν
1608 3489 1894 3565 εἰρημένον
1955 3487 2050 3544 λό-

400 3607 516 3661 γον,
549 3584 638 3639 καὶ
670 3589 784 3639 κατ’
841 3581 1149 3660 ἐπίγνωσιν·
1213 3580 1350 3636 ὥστε
1403 3577 1555 3652 διττή
1607 3579 1746 3634 ἐστιν
1805 3578 1854 3634 ἐν
1912 3579 2046 3652 ἡμῖν

397 3676 433 3744 ἡ
465 3672 725 3749 κυριότης
773 3671 958 3728 αὐτοῦ.
993 3671 1142 3729 Κατά
1189 3671 1281 3744 μὲν
1331 3667 1420 3725 οὖν
1471 3670 1561 3724 τὸν
1607 3673 1823 3746 πρῶτον
1885 3665 2046 3744 λόγον

391 3763 484 3816 καὶ
541 3758 809 3816 θελόντων
864 3758 955 3816 καί
1021 3761 1096 3833 μὴ
1183 3754 1469 3826 θελόντων,
1531 3755 1776 3827 δεσπόζει
1832 3757 2047 3812 πάντων

391 3849 640 3926 Χριστός·
701 3850 838 3904 κατὰ
893 3847 951 3904 δὲ
1006 3849 1098 3903 τὸν
1159 3847 1322 3924 λόγον
1375 3855 1475 3918 τῆς
1534 3847 1873 3923 ἐπιγνώσεως
1908 3847 2048 3924 αἱρε-

389 3941 456 4011 τή
517 3939 656 3993 ἐστιν
717 3939 752 4008 ἡ
813 3942 1048 4010 Χριστοῦ
1118 3934 1402 3992 δεσποτεία
1457 3942 1572 3998 τοῖς
1651 3933 1741 3990 διὰ
1813 3934 2046 3996 πίστεως

387 4026 752 4103 ἐπεγνωκόσιν
811 4025 993 4082 αὐτόν’
1053 4025 1137 4081 ὅτι
1193 4026 1348 4104 φύσει
1428 4023 1701 4094 δεσπόζων
1779 4023 1867 4078 καὶ
1945 4022 2046 4077 Κύ-

389 4136 527 4190 ριος.
585 4116 655 4171 Τὸ
714 4114 877 4190 Κύριε
929 4119 1214 4191 τοιγαροῦν
1273 4121 1375 4184 τῆς
1454 4112 1643 4175 ἁπλῶς
1719 4110 2044 4186 κυριότητος

387 4206 620 4261 τέθειται
702 4203 1118 4280 παραστατικὸν,
1177 4210 1279 4272 τῆς
1337 4201 1413 4265 είς
1465 4199 1570 4258 ὅλα
1634 4203 1700 4256 τὰ
1755 4200 2042 4274 κτίσματαο

384 4293 448 4349 τὸ
482 4290 530 4349 δ’
559 4293 587 4349 6
617 4291 820 4369 Κύριος
859 4294 1042 4366 ἡμῶν,
1077 4297 1176 4362 τῆς
1203 4289 1534 4368 ἰδιοτρόπως
1579 4289 1656 4353 εἷς
1713 4292 1861 4362 ἡμᾶς
1915 4287 2043 4351 τοὺς

386 4381 614 4445 πιστοὺς
667 4381 705 4452 ἢ
761 4382 852 4438 καὶ
906 4381 1024 4436 κατ’
1075 4379 1363 4458 ἐπίγνωσιν
1422 4380 1512 4435 καὶ
1600 4379 1716 4434 κατ’
1771 4378 2043 4434 οἶκείωσιν

388 4471 626 4549 λέγεται’
660 4472 779 4527 κατ’
803 4469 1090 4547 ἐπίγνωσιν
1144 4471 1305 4543 ἡμῶν
1364 4469 1501 4546 πρὸς
1552 4467 1731 4538 αὐτὸν,
1790 4469 1905 4523 κατ’
1964 4467 2041 4522 οἶ-

380 4559 602 4616 κείωσιν
635 4559 799 4616 αὐτοῦ
829 4560 965 4634 πρὸς
997 4561 1168 4632 ἡμᾶς.

2159 1673 2563 1752 μεγαλουργὸς,
2598 1674 2626 1728 6
2677 1677 2781 1728 τῶν
2831 1672 3075 1744 ἐξαισίων
3128 1673 3217 1728 καὶ
3268 1675 3550 1750 ὑπερφυῶν
3622 1675 3815 1746 θεοση-

2160 1767 2302 1838 μιῶν
2350 1762 2670 1838 αὐτουργὸς,
2700 1763 2762 1817 οὗ
2803 1761 2966 1839 χάρις
3015 1762 3068 1818 ἐν
3119 1760 3359 1839 χείλεσιν
3423 1762 3662 1838 ἐξεχύθη
3737 1760 3812 1818 δι-

2159 1851 2472 1924 δάσκοντος,
2503 1852 2601 1908 οὐκ
2631 1851 2709 1914 εἰς
2755 1852 2817 1906 τὸ
2875 1849 3155 1927 στερέωμα
3218 1851 3376 1926 μόνον
3436 1851 3526 1906 τὸν
3593 1856 3809 1929 πρῶτον

2153 1943 2291 2019 πρὸς
2369 1945 2518 2018 ἡμᾶς
2599 1941 2845 2015 οὐρανὸν,
2907 1939 3023 1997 οὐδ’
3083 1941 3212 1997 αὐτὸ
3276 1937 3487 2014 διαϐὰς,
3567 1943 3656 2005 είς
3724 1944 3812 1998 τὸν

2155 2031 2412 2088 ἀνωτάτω
2457 2034 2796 2104 κατήντησας
2862 2030 3110 2108 οὐρανὸν,
3160 2029 3305 2086 ἀλλὰ
3362 2027 3812 2109 διαπεφοιτηκὼς

2153 2121 2245 2177 καὶ
2308 2121 2467 2177 αὐτὸν
2537 2122 2784 2197 ὑπεράνω
2846 2121 2936 2176 καί
3002 2119 3321 2199 ἀμφοτέρων
3391 2125 3499 2176 τῶν
3563 2121 3807 2196 οὐρανῶν

2155 2209 2516 2283 ἀνελήλυθας,
2593 2216 2762 2266 πᾶσαν
2857 2211 2956 2279 τήν
3033 2209 3201 2265 κτίσιν
3291 2205 3806 2286 ὑπεραναϐεϐηκὼς,

2161 2301 2293 2375 μετά
2349 2302 2626 2374 σώματος,
2675 2301 2752 2363 ὡς
2810 2297 3074 2369 δεσπότης
3131 2300 3194 2354 τὸ
3253 2297 3381 2355 ὅλον
3438 2301 3663 2372 ἀπάσης
3719 2307 3809 2370 τῆς

2154 2391 2398 2453 κτίσεως.
2446 2415 2476 2444 ‹‹
2524 2391 2618 2446 Ἐκ
2688 2388 2955 2464 στόματος
3033 2389 3245 2459 νηπίων
3305 2388 3396 2444 καὶ
3457 2388 3801 2460 θηλαζόντων

2154 2479 2465 2552 κατηρτίσω
2513 2479 2683 2536 αἶνον.
2717 2503 2747 2532 ››
2778 2484 2945 2536 Αἶνον
3004 2479 3435 2554 κατηρτισμένον
3499 2478 3804 2556 ἀπειργάσω

2154 2566 2245 2622 καὶ
2303 2564 2511 2622 τέλειον
2571 2565 2660 2622 καὶ
2734 2567 2995 2645 βρεφικῆς
3071 2563 3310 2628 διανοίας
3382 2566 3473 2622 καὶ
3553 2568 3801 2643 γλώττης

2159 2655 2469 2731 ὑπέρτερον.
2502 2656 2580 2714 Τὸ
2639 2653 2696 2711 8‘s
2751 2657 2931 2729 θαῦμα
2993 2655 3331 2712 καινότατον
3366 2654 3429 2711 οὐ
3483 2655 3650 2729 μόνον
3705 2656 3795 2730 γὰρ

2154 2747 2344 2816 νήπιοι
2393 2746 2483 2801 καὶ
2527 2743 2852 2816 θηλάζοντες
2903 2744 2981 2801 ἔτι
3027 2743 3216 2808 παῖδες
3249 2742 3410 2820 ᾔνουν
3456 2745 3551 2801 τὸν
3615 2747 3790 2818 Κύριον

2157 2834 2419 2908 εὐκρινῶς
2499 2831 2813 2905 λαλοῦντες,
2883 2831 3150 2910 διατόρως
3227 2836 3520 2910 κράζοντες
3602 2832 3788 2894 τελείας

2160 2924 2378 3000 ῥήματα
2431 2923 2703 2999 γνώσεως,
2765 2922 2910 2979 ἀλλά
2964 2922 3054 2979 καὶ
3107 2923 3183 2986 ὡς
3231 2923 3360 2979 Θεὸν
3410 2919 3573 2998 ᾔνουν
3620 2923 3777 2991 αὐτὸν,

2157 3013 2247 3068 καὶ
2306 3011 2590 3088 θεολογίας
2657 3012 2879 3087 ἀρίστης
2957 3009 3311 3088 ἀπήγγελλον
3391 3010 3646 3088 δόγματα
3698 3008 3776 3065 8ιά

2154 3106 2316 3157 τοῦτο
2374 3101 2464 3156 καὶ
2513 3102 2564 3155 οἱ
2612 3101 2886 3178 ἀρχιερεῖς
2936 3102 3026 3157 καὶ
3065 3102 3118 3157 οἱ
3148 3108 3495 3178 γραμματεῖς
3526 3101 3781 3160 ἀκούοντες

2157 3188 2560 3265 ἠγανάκτησαν·
2615 3191 2680 3247 τὸ
2755 3189 2877 3266 γὰρ,
2942 3213 2963 3242 ι
3013 3190 3236 3246 Ὡσαννά
3283 3192 3313 3247 6
3352 3191 3408 3245 ἐν
3459 3192 3722 3266 ὑψίστοις,
3764 3212 3790 3241 ››

2160 3279 2408 3336 τοιοῦτόν
2458 3279 2588 3336 ἐστι’
2641 3284 2826 3335 Σῶσον
2879 3276 2946 3349 δὴ
2994 3281 3023 3334 6
3073 3279 3124 3336 ἐν
3173 3279 3444 3356 οὐρανοῖς,
3480 3282 3512 3336 6
3562 3280 3799 3358 φαινόμε-

2158 3391 2252 3433 νος
2307 3369 2394 3424 ἐπὶ
2451 3371 2550 3446 γῆς
2609 3369 2684 3431 ὡς
2747 3367 3046 3445 ἄνθρωπος,
3075 3370 3166 3425 καὶ
3198 3367 3269 3425 ὢν
3304 3370 3354 3426 ἐν
3414 3376 3537 3433 τοῖς
3566 3371 3801 3447 οὐρανοῖς

2160 3460 2235 3520 ὡς
2292 3458 2442 3521 Θεός.
2482 3483 2504 3511 ιι
2557 3457 2949 3533 Εὐλογημένος
3010 3459 3038 3512 6
3097 3458 3402 3535 ἐρχόμενος
3463 3458 3517 3515 ἐν
3584 3459 3804 3532 ὀνόματι

2159 3547 2381 3623 Κυρίου.
2427 3567 2455 3599 η
2511 3545 2800 3625 Εὐφημίας
2850 3545 2994 3619 ἄξιος
3045 3547 3073 3601 6
3121 3547 3210 3602 καὶ
3277 3547 3432 3612 αὖθις
3489 3547 3803 3624 ἐρχόμενος,

2161 3634 2249 3690 ἐπὶ
2295 3640 2374 3707 τῷ
2426 3641 2605 3712 κρῖναι
2659 3636 2750 3690 τὸν
2818 3634 3025 3709 κόσμον
3078 3636 3151 3698 ὡς
3183 3635 3400 3713 Κύριος·
3438 3634 3578 3691 διότι
3641 3632 3805 3708 ὅνομά

2160 3744 2245 3779 σοι
2303 3722 2523 3800 Κύριος.
2578 3728 2738 3780 Ὥστε
2791 3723 2881 3778 καὶ
2942 3731 3162 3800 σωτῆρα
3205 3724 3293 3780 καὶ
3320 3725 3450 3780 Θεὸν
3481 3725 3571 3781 καὶ
3620 3727 3802 3803 κριτὴν

2156 3811 2244 3868 καὶ
2304 3811 2498 3889 Κύριον
2561 3812 2888 3888 ὡμολόγουν
2949 3815 3001 3867 οἱ
3051 3816 3262 3884 νήπιοι,
3329 3815 3419 3869 καὶ
3481 3813 3805 3885 θηλάζοντκ

2161 3901 2370 3978 μεγάλῃ
2437 3906 2642 3978 κραυγῇ
2717 3903 2806 3958 τὸν
2883 3902 3132 3980 Χριστόνο
3203 3902 3320 3968 ὅθεν
3397 3905 3450 3958 οἱ
3538 3904 3807 3981 ἀρχιερεῖς

2155 3991 2245 4044 καῖ
2276 3992 2326 4045 οἱ
2359 3997 2701 4066 γραμματεῖς
2757 3992 2856 4062 τήν
2905 3991 3160 4062 τοιαύτην
3195 3992 3292 4047 οὐκ
3344 3989 3598 4070 ἔστεργον
3675 3992 3800 4048 αἴνε-

2156 4099 2258 4152 σιν,
2313 4080 2400 4134 καὶ
2463 4079 2681 4153 μάλισθ’
2738 4080 2820 4136 ὅτι
2878 4081 2972 4136 κάν
3027 4085 3106 4154 τῷ
3157 4082 3287 4158 ἱερῷ
3335 4079 3578 4137 ἐτελεῖτο
3613 4082 3799 4158 παρ’ᾧ

2157 4167 2321 4240 μόνος
2370 4169 2398 4223 6
2447 4169 2580 4232 Θεὸς
2652 4168 2969 4243 αἷνούμενος
3026 4170 3093 4240 ἦν
3150 4170 3239 4226 καὶ
3294 4169 3581 4248 παρρησίᾳ
3642 4171 3799 4228 πολυ-

2151 4255 2398 4328 πληθοῦς
2428 4257 2780 4332 ἀκροωμένου
2812 4256 2968 4316 λαοῦ.

2226 4406 2248 4434 ι
2283 4387 2478 4438 Ἕνεκα
2531 4387 2638 4439 τῶν
2696 4383 2906 4460 ἐχθρῶν
2959 4404 3057 4438 σου
3106 4388 3202 4440 τοῦ
3257 4381 3558 4440 καταλῦσαι
3616 4385 3800 4462 ἐχθρὸν

2147 4469 2236 4525 καὶ
2295 4469 2661 4542 ἐκδικητικόν.
2698 4472 2924 4528 ››-Οὐ
2982 4473 3120 4547 πρὸς
3174 4474 3257 4546 τὸ,
3291 4499 3320 4526 ‹‹
3382 4475 3478 4530 Ἐκ
3536 4474 3801 4548 πόματος

2147 4559 2359 4629 νηπίων
2416 4559 2507 4614 καὶ
2548 4559 2896 4631 θηλαζόντων
2946 4560 3257 4636 κατηρτίσω
3306 4562 3453 4617 αἶνον
3492 4589 3516 4616 ιι
3554 4564 3802 4642 ἀναφέρε-

457 4674 485 4703 ‹‹
514 4653 604 4711 Ὧς
636 4632 942 4723 θαυμαστὸν
973 4647 1036 4703 τὸ
1080 4643 1257 4720 ὄνομά
1312 4668 1406 4702 σου
1463 4645 1514 4702 ἐν
1555 4643 1699 4720 πάσῃ
1753 4649 1822 4719 τῇ
2008 4669 2037 4696 ››
2070 4632 2116 4698 D
2143 4668 2230 4702 ται
2283 4652 2464 4704 τοῦτο·
2532 4648 2680 4705 ἀλλά
2758 4650 2898 4725 πρὸς
2969 4649 3055 4720 τὸ,
3091 4632 3134 4703 ’‹‹
3177 4651 3421 4728 Ἐπήρθη
3466 4653 3504 4723 ἡ
3567 4632 3804 4730 μεγιαλο.

386 4737 617 4793 -Λίαν
677 4734 787 4794 ἐστὶ
846 4735 1153 4811 θαυμαστὸν
1210 4736 1272 4791 τὸ
1327 4731 1504 4809 ὄνομά
1559 4756 1653 4790 σου
1687 4734 1738 4789 ἐν
1786 4732 1903 4807 ὅλῳ
1957 4738 2036 4806 τῷ

383 4825 597 4901 κόσμῳ.
629 4823 719 4882 διὰ
772 4825 868 4888 τὰς
915 4822 1262 4887 διδασκαλίας
1315 4845 1432 4896 σου,
1466 4821 1557 4879 διὰ
1610 4822 1704 4886 τάς
1740 4821 2036 4896 θεοσημίας

385 4935 502 4971 σου’
563 4914 626 4979 ἃς
683 4913 1024 4978 ἐκτετέλεκας
1083 4912 1154 4970 δι’
1206 4915 1396 4969 ἐαυτοῦ
1445 4935 1505 4968 τε
1575 4912 1664 4968 καὶ
1742 4916 1849 4967 τῶν
1926 4917 2033 4966 σῶν

388 5009 666 5078 μαθητῶν,
719 5005 809 5059 καὶ
877 5001 1030 5069 αὖθις
1103 5001 1338 5064 ἐκτελεῖς
1406 4999 1494 5057 διὰ
1565 5006 1670 5057 τῶν
1760 4998 2032 5078 διαδόχων

383 5091 558 5149 αὐτῶν
590 5092 725 5148 κατά
761 5113 819 5148 τε
848 5093 1024 5148 πίστιν
1057 5091 1148 5148 καὶ
1181 5091 1400 5169 ἀρετήν.

457 5206 486 5236 ‹‹
518 5185 636 5236 ’Ότι
696 5181 904 5257 ἐπήρθη
973 5184 1008 5252 ἡ
1087 5177 1532 5256 μεγαλοπρέπειά
1611 5200 1705 5234 σου
1787 5178 2032 5254 ὑπεράνω

378 5275 488 5327 τῶν
547 5269 804 5345 οὐρανῶν.
867 5297 890 5326 ι
925 5304 998 5313 --
1047 5272 1198 5326 Ἔστι
1249 5269 1339 5325 καὶ
1397 5269 1449 5324 ἐν
1505 5269 1809 5345 ἀνθρώποις
1867 5269 2028 5346 ἀρετὴ

377 5361 675 5436 πρακτική’
735 5357 1050 5432 καλουμένη
1113 5359 1577 5436 μεγαλοπρέπεια,
1614 5357 1702 5413 ὅτε
1755 5378 1842 5420 τις
1901 5354 2032 5435 ἔργα

374 5448 598 5525 πράττει
679 5445 1182 5524 μεγαλοπρέποντα.
1244 5447 1430 5501 Τοίνυν
1505 5447 1741 5523 εἰρηκὼς
1815 5448 1842 5501 6
1901 5467 2032 5522 προ-

378 5540 560 5616 φήτης
617 5537 751 5612 πρὸς
805 5537 896 5591 τὸν
955 5537 1204 5609 Χριστὸν,
1237 5534 1321 5591 ὅτι
1354 5560 1381 5587 (ι
1413 5535 1484 5589 Τὸ
1537 5536 1627 5590 σὸν
1676 5529 1852 5608 ὄνομα
1907 5535 2026 5591 λίαν

378 5625 684 5702 θαυμαστόν
743 5625 885 5681 ἐστιν
946 5624 998 5680 ἐν
1057 5623 1200 5698 πάσῃ
1255 5627 1325 5698 τῇ
1381 5628 1475 5700 γῇ,
1513 5649 1533 5674 n
1583 5629 1674 5679 νῦν
1726 5625 1870 5700 λέγει
1929 5624 2027 5694 τήν

378 5715 552 5773 αἰτίαν
613 5712 686 5772 δι’
740 5716 802 5785 ἣν
863 5712 1065 5770 οὑτωσὶ
1125 5710 1453 5788 θαυμαστόν·
1490 5708 1651 5783 διότι,
1713 5712 1868 5789 φησὶ,
1925 5719 2028 5784 τῆς

2146 4735 2377 4813 πρέπειά
2425 4758 2522 4794 σου
2569 4738 2815 4816 ὑπεράνω
2855 4742 2965 4795 τῶν
3017 4738 3278 4816 οὐρανῶν,
3330 4765 3353 4794 ι
3402 4737 3477 4793 (ἶν’
3528 4740 3666 4798 ὅλον
3721 4738 3800 4810 εἴη

2143 4830 2419 4882 τοιοῦτον·
2477 4826 2624 4882 Κατά
2677 4828 2740 4882 τὸ
2809 4828 3032 4904 συνεχὲς
3106 4822 3304 4900 ἀνέϐης
3381 4829 3640 4906 ὑπεράνω
3702 4834 3802 4886 τῶν

2145 4915 2389 4991 οὐρανῶν
2441 4911 2593 4970 ἕνεκα
2646 4919 2754 4971 τῶν
2829 4915 3038 4992 ἐχθρῶν
3117 4937 3238 4990 σου,
3296 4915 3436 4972 ὥστε
3503 4918 3803 4974 καταλῦσαι

2142 5003 2232 5058 καὶ
2288 5005 2378 5059 τὸν
2438 5005 2872 5082 προηγουμένως
2938 5004 3133 5082 ἐχθρόν
3213 5005 3304 5062 τὸν
3367 5001 3658 5081 διάϐολον,
3720 5006 3803 5063 καί

2140 5090 2232 5149 τόν
2267 5091 2556 5164 ἐκδικητὴν
2588 5094 2751 5150 αὐτοῦ
2801 5093 2890 5149 καὶ
2941 5095 3234 5171 σύμμαχον
3295 5096 3580 5152 θεοκτόνον
3651 5096 3801 5152 λαόν.

2144 5183 2288 5238 Κατά
2315 5187 2413 5238 τοῦ
2445 5177 2706 5238 διαϐόλου
2736 5183 2835 5260 γάρ
2868 5181 3128 5253 ἐλήλυθεν
3179 5183 3264 5239 ἐπὶ
3312 5193 3416 5260 γῆς
3465 5187 3493 5240 6
3549 5187 3800 5262 Χριστὸς,

2136 5268 2226 5326 ’ίνα
2282 5271 2557 5346 καταλύσῃ
2609 5273 2672 5327 τὸ
2721 5274 2917 5348 κράτος
2974 5273 3138 5328 αὑτοῦ
3199 5273 3286 5328 καὶ
3330 5274 3431 5342 τήν
3491 5271 3803 5332 εἰδωλολα-

2139 5361 2319 5437 τρείαν
2420 5359 2721 5440 ἐξαφανίσῃ.
2807 5365 2973 5417 Τοῦτο
3063 5360 3120 5418 δὲ
3205 5361 3393 5438 γέγονε
3482 5364 3619 5436 μετά
3705 5365 3798 5432 τήν

2144 5449 2391 5523 ὑπεράνω
2447 5454 2555 5504 τῶν
2625 5449 2862 5524 οὐρανῶν
2945 5449 3292 5529 ἀναφοίτησιν
3368 5455 3465 5506 τοῦ
3542 5456 3796 5529 Χριστοῦ·

2139 5536 2261 5594 τότε
2291 5539 2394 5614 γὰρ
2427 5539 2455 5592 6
2497 5538 2860 5612 Παράκλητος
2917 5536 3227 5613 ἐνδημήσας
3276 5544 3393 5602 τοῖς
3465 5541 3798 5603 ἀποστόλοις

2143 5626 2193 5682 ἐν
2238 5625 2366 5684 εἴδει
2395 5627 2634 5703 πυρίνων
2668 5625 2934 5706 γλωσσῶν
2979 5628 3067 5684 καὶ
3127 5629 3413 5702 στομώσας
3459 5629 3659 5695 αὐτοὺς
3709 5631 3797 5686 καί

2139 5713 2310 5795 λόγου
2365 5716 2456 5774 καὶ
2512 5715 2701 5798 σοφίας
2769 5717 2860 5776 καὶ
2915 5716 3144 5797 θάρσους
3211 5716 3300 5773 καὶ
3357 5720 3799 5794 τερατουργικὴς
