3988 6494
129 461 273 524 135⁸1

1336 464 1750 530 EXPOSITIO
1791 467 1874 531 IN
1915 469 2304 535 PSALMOS.

3369 478 3528 541 1358

130 590 436 682 6p9‘oeﬂaac
537 587 837 682 δυνάμεως,
915 587 1230 682 ἀπετέλεσεν
1273 596 1592 672 καθαιρέτας
1668 601 1766 654 τοῦ
1794 604 1850 671 Α
1878 603 2296 680 συνεκφωνήσας
2343 599 2541 672 ταύτην
2582 606 2701 667 τοῖς
2758 599 3003 681 ἅστρασι,
3065 601 3135 660 δι’
3163 606 3196 660 ὀί
3227 605 3368 682 πρὸς
3395 605 3527 672 τοὺς

129 675 402 754 διαϐόλου,
435 685 528 736 καῖ
555 688 654 752 τῆς
686 679 900 752 πλάνης
935 680 1284 759 ὁλοθρευτάς.
1338 685 1471 741 Εἶτα
1515 685 1606 741 καὶ
1652 691 1760 742 τῶν

132 767 399 826 Ἰουδαίων
456 772 492 840 ἡ
549 777 693 827 πᾶσα
766 768 893 842 δόξα
965 773 1292 849 καθήρηται.
1351 774 1450 829 Καὶ
1508 777 1542 844 ἡ
1602 775 1764 838 πόλις

123 860 207 915 καὶ
237 860 266 915 6
320 858 448 922 ναὸς
504 858 594 915 καὶ
651 863 687 930 ἡ
738 857 962 938 λατρεία
1013 862 1105 916 καὶ
1159 868 1282 937 πᾶν,
1323 859 1378 918 εἷ’
1396 863 1450 919 τί
1478 884 1578 940 περ
1609 865 1676 935 ἦν
1709 865 1761 920 έν

122 947 298 1012 αὐτοῖς
359 948 647 1026 ὑπερέχον,
701 949 792 1006 καὶ
868 952 1222 1027 ἡγεμονικὸν,
1306 947 1710 1024 καταϐέϐληται
1745 970 1759 986 ⁶

120 1033 265 1093 ἕνεκα
310 1035 370 1093 δὲ
410 1041 518 1094 τῶν
571 1036 782 1116 ἐχθρῶν
814 1059 910 1096 σου
941 1041 1140 1119 φήσας,
1172 1038 1344 1098 διεῖλε
1369 1041 1497 1105 τοὺς
1527 1040 1762 1119 ἐχθροὺς

120 1125 195 1189 εἷς
222 1147 278 1182 τε
307 1126 398 1182 τὸν
426 1126 697 1202 πολέμιον
748 1123 1034 1198 διάϐολον,
1083 1129 1175 1185 καὶ
1222 1129 1298 1194 εἰς
1326 1131 1418 1187 τὸν
1452 1129 1599 1204 αὐτῷ
1627 1153 1764 1206 συμ-

123 1217 466 1292 μαχήσαντα.
525 1215 626 1274 Καὶ
687 1217 789 1294 γὰρ
846 1216 936 1274 καὶ
994 1217 1024 1275 6
1081 1222 1160 1292 τῷ
1213 1218 1398 1296 ἐχθρῷ
1449 1225 1760 1298 συμμαχῶν

119 1301 311 1380 ἐχθρὸς
357 1303 451 1361 καὶ
498 1303 655 1368 οὗτός
705 1303 869 1364 ἐστιν.
919 1305 1030 1363 Οὐκ
1077 1305 1390 1381 ὧνόμασται
1432 1305 1490 1364 δὲ
1516 1313 1613 1366 τοῦ
1643 1307 1760 1365 δια-

118 1387 286 1449 ϐόλου
316 1390 614 1472 σύμμαχος
645 1393 674 1449 6
702 1397 809 1450 τῶν
844 1392 1116 1454 Ἰουδαίων
1151 1394 1336 1470 ἐσμὸς,
1368 1397 1494 1454 ἀλλ’
1540 1395 1760 1471 ἐκδικη-

116 1481 236 1552 τής,
288 1481 378 1538 καὶ
428 1479 550 1537 λίαν
602 1481 914 1561 έπιπρεπῶς
942 1501 956 1516 ⁸
1018 1483 1177 1549 αὐτὸς
1236 1486 1340 1562 γὰρ
1395 1485 1598 1543 ἀνελὼν
1669 1489 1762 1544 τὸν

115 1569 381 1650 Χριστόν,
415 1570 506 1627 τὸν
547 1570 598 1628 έν
646 1577 726 1645 τῷ
771 1572 963 1648 κόσμῳ
1000 1574 1178 1648 τούτῳ
1205 1575 1342 1630 κατὰ
1368 1580 1466 1631 τοῦ
1497 1571 1758 1632 διαϐόλου

113 1659 577 1735 παραγενόμενον,
626 1658 924 1738 προδήλως
964 1663 1151 1741 γέγονε
1195 1668 1292 1719 τοῦ
1323 1660 1585 1721 διαϐόλου
1617 1663 1758 1721 ἐκδι-

109 1749 306 1822 κητής.
368 1747 472 1807 Δύο
537 1746 582 1805 δ’
639 1749 691 1804 έν
717 1756 898 1824 ταυτῷ
948 1749 1268 1826 δηλοῦντος,
1320 1753 1394 1817 ὡς
1425 1757 1758 1831 προειρήκα-

111 1859 233 1913 μεν,
315 1841 414 1894 τοῦ
490 1837 720 1914 έπῆρθαι
777 1842 876 1911 τὴν
964 1846 1200 1918 Χριστοῦ
1287 1834 1756 1922 μεγαλοπρέπειαν

106 1926 358 2006 ὑπεράνω
386 1931 494 1984 τῶν
540 1927 776 2006 οὐρανῶν
805 1928 868 1985 τό
894 1950 956 1986 τε
999 1930 1350 2008 ὑπερύψηλον
1392 1939 1497 2004 τῆς
1544 1934 1604 1989 ἐκ
1647 1937 1757 1990 τῶν

104 2015 455 2094 διδαγμάτων
514 2017 607 2073 καὶ
664 2022 772 2074 τῶν
834 2019 1123 2093 θαυμάτων
1184 2018 1346 2092 δόξης
1409 2021 1596 2093 αὐτοῦ,
1670 2021 1760 2078 καὶ

102 2108 205 2177 τὴν
260 2107 399 2163 κατά
455 2107 712 2182 σώματος
773 2107 1018 2186 ὑπεράνω
1067 2113 1174 2165 τῶν
1231 2109 1470 2185 οὐρανῶν
1544 2111 1763 2190 ἀναφοί-

101 2216 285 2269 τησιν,
338 2199 418 2270 τῷ
471 2195 568 2270 μὲν
619 2197 826 2274 πρώτῳ
871 2199 1266 2274 σημαινομένῳ
1305 2199 1392 2272 τὸ,
1441 2224 1470 2253 ‹‹
1520 2200 1614 2257 Ἐκ
1643 2199 1762 2256 στό-

110 2305 282 2361 ματος
339 2284 549 2355 νηπίων
606 2285 698 2342 καὶ
745 2283 1097 2357 θηλαζόντων
1149 2288 1460 2367 κατηρτίσω
1517 2288 1686 2363 αἶνον,
1727 2315 1758 2345 ››

106 2375 450 2448 συνάπτεται,
545 2371 800 2454 λέγοντος
899 2380 998 2432 τοῦ
1081 2379 1366 2456 προφήτου
1446 2379 1586 2456 πρὸς
1667 2380 1758 2436 τὸν

112 2463 373 2540 Χριστὸν,
432 2467 696 2519 Τοσοῦτον
756 2463 973 2542 γέγονεν
1029 2468 1065 2536 ἠ
1144 2463 1273 2537 δόξα
1345 2488 1443 2524 σου
1534 2467 1759 2546 μεγίστη

102 2551 200 2609 καὶ
234 2550 696 2629 ὑπερθαύμαστος.
732 2552 870 2609 ὥστε
923 2553 1014 2610 καὶ
1069 2552 1260 2618 παῖδες
1307 2549 1384 2612 ἔτι
1434 2553 1761 2628 θηλάζοντες

106 2641 313 2713 ταύτην
371 2641 655 2718 ἐκήρυξαν,
725 2639 879 2718 λόγῳ
956 2641 1047 2698 καὶ
1117 2646 1352 2717 νοήματι
1424 2645 1763 2722 κεχρημένοι

102 2731 526 2805 κατηρτίσμένῳ
555 2731 647 2786 καὶ
677 2729 932 2808 ἀνδρικῷ.
994 2735 1072 2807 Τῇ
1130 2730 1353 2810 δευτέρᾳ
1408 2731 1466 2789 δὲ
1523 2733 1763 2806 δηλώσει

113 2823 222 2889 τῆς
273 2820 668 2898 ὑπερυψώσεως
715 2825 812 2876 τοῦ
853 2825 1110 2898 Χριστοῦ,
1139 2823 1203 2877 τὸ
1235 2820 1388 2878 ἕνεκα
1413 2827 1519 2878 τῶν
1549 2822 1760 2899 ἐχθρῶν

97 2931 202 2966 σου
260 2909 560 2990 συμφύεται
641 2909 733 2966 καὶ
801 2911 870 2964 τὰ
950 2910 1148 2966 τούτου
1224 2911 1479 2988 ἐχόμενα,
1575 2913 1765 2968 καθὼσ

102 2996 363 3077 ἀνωτέρω
413 2996 868 3074 διετρανώσαμεν.
917 3001 1054 3057 Ὅσα
1101 2996 1159 3055 δέ
1199 3021 1283 3063 τις
1339 3001 1398 3057 ἄν
1459 2999 1759 3073 ἐννοήσειεν

109 3085 269 3144 αἴτια
295 3094 398 3158 τῆς
432 3087 679 3165 ὑπεράνω
733 3091 842 3143 τῶν
901 3087 1145 3163 οὐρανῶν
1204 3089 1609 3168 ἀναφοινήσεως
1665 3095 1764 3146 τοῦ

97 3175 550 3254 Χριστοῦ,πάντα
576 3179 714 3254 πρὸς
734 3179 834 3247 τήν
864 3181 962 3234 τοῦ
993 3178 1196 3254 ἐχθροῦ
1219 3178 1512 3236 κατάλυσιν
1535 3179 1762 3258 ἀφορῲη

103 3263 208 3322 καὶ
237 3265 502 3322 κάκωσιν.

191 3412 222 3443 ι(
251 3391 372 3444 Ὀτι
426 3383 633 3463 ὄψομαι
679 3387 806 3452 τοὺς
853 3390 1116 3468 οὐρανοὺς
1155 3389 1282 3470 ἔργα
1327 3396 1434 3448 τῶν
1480 3389 1761 3450 δαγτύλων

102 3499 234 3536 σου.
297 3499 330 3530 ››
361 3509 431 3521 ι-
476 3479 617 3556 Ἐφη
668 3478 759 3533 καὶ
809 3477 1084 3556 ἀλλαχοῦ,
1140 3503 1170 3534 ‹‹
1220 3486 1394 3558 Ἔργα
1423 3486 1530 3537 τῶν
1559 3486 1760 3558 γειρῶν

102 3566 216 3623 σού
247 3565 380 3621 εἰσιν
412 3564 466 3621 οἱ
525 3565 786 3643 οὐρανοί.
847 3590 880 3620 ››
935 3572 1043 3624 τῶν
1081 3568 1322 3645 οὐρανῶν
1373 3567 1430 3626 δὲ
1454 3571 1544 3626 καὶ
1585 3571 1763 3648 ἀμφο-

96 3655 285 3732 τέρων
353 3654 628 3729 μνησθεὶς,
691 3653 1025 3734 δημιουργὸν
1096 3659 1305 3729 ἀπάσης
1376 3661 1475 3728 τῆς
1538 3657 1762 3720 κτίσεως

94 3745 342 3822 ἐκήρυξε
395 3745 485 3799 τὸν
540 3744 791 3822 Χριστὸν,
851 3750 921 3820 τῇ
979 3749 1218 3823 περιοχῇ
1273 3747 1344 3803 τὰ
1396 3745 1766 3823 περιεχόμενα

91 3827 566 3910 συμπεριλαϐών.
616 3834 673 3887 '0
726 3833 832 3910 γὰρ
890 3836 1170 3912 καταρχὰς
1223 3836 1464 3910 γεγονὼς
1515 3835 1762 3912 οὐρανὸς,

91 3925 124 3979 6
162 3921 328 4002 φύσει
387 3927 606 3997 πρῶτος
668 3920 760 3978 καὶ
819 3919 1100 4000 ἅναστρος,
1158 3925 1399 4000 περιοχή
1454 3923 1594 3980 ἐστιν
1626 3923 1763 3979 ἁπά-

89 4031 211 4082 σης
268 4008 500 4074 κτίσεως
549 4010 815 4082 αἰσθητῆς
860 4031 921 4068 τε
964 4012 1056 4067 καὶ
1085 4019 1314 4084 νοητῆς.
1345 4013 1444 4070 Καὶ
1473 4011 1628 4068 αὐτοὶ
1657 4014 1763 4090 γὰρ

87 4101 150 4158 οἱ
187 4098 314 4163 νόες
361 4104 440 4174 τῷ
483 4099 722 4174 τοιούτῳ
759 4101 1104 4178 περιέχονται
1154 4100 1460 4176 σύμπαντες
1501 4101 1712 4178 οὐρανῷ
1747 4120 1761 4133 ·

88 4189 280 4264 μόνον
330 4185 390 4242 δὶ
443 4187 510 4243 τὸ
566 4190 710 4245 θεῖον
767 4188 1167 4267 ἀπεριόριστον.
1226 4191 1469 4265 Ὄψομαι
1520 4187 1581 4246 δὲ
1609 4188 1764 4270 φύσιν

83 4275 228 4335 ἀντὶ
269 4280 370 4333 τοῦ
418 4277 749 4354 γνώσομαι·
805 4283 934 4342 νοῦς
981 4279 1088 4357 γὰρ
1144 4277 1430 4355 ὀφθαλμὸς
1464 4279 1653 4354 ψυχῆς
1690 4283 1764 4336 ῶν

84 4369 362 4444 κρεῖττον
423 4364 527 4441 ὁρᾷ
582 4369 688 4420 τῶν
743 4371 1072 4441 σωματικῶν
1121 4365 1447 4447 ὁφθαλμων.
1480 4368 1768 4442 Γνώσομαι

83 4453 242 4515 τοὺς
303 4451 561 4529 οὐρανοὺς
619 4450 753 4529 ἔργα
807 4454 894 4526 σὰ,
956 4458 1335 4531 μεταφορικῶς
1383 4475 1444 4510 τε
1497 4453 1590 4510 καί
1618 4475 1770 4532 περι-

90 4539 450 4623 φραστίκῶς,
499 4544 662 4618 γνῶς.
708 4543 992 4620 γνώσομαι
1040 4541 1351 4616 διαπαντδς,
1401 4539 1463 4599 οὐ
1507 4563 1640 4600 ποτε
1666 4551 1768 4616 τῆς

1869 1046 1986 1101 κατ’
2060 1045 2436 1124 έπεισαγωγήν
2479 1067 2494 1081 ·

1867 1132 2064 1198 πάντες
2124 1135 2216 1192 καὶ
2263 1132 2668 1212 ἀναπόϐλητον,
2719 1137 2766 1195 εἰ
2811 1138 2904 1195 καὶ
2956 1140 3070 1214 μεθ’
3099 1141 3309 1220 ἡμέραν
3343 1141 3518 1219 ὁρῶν-

1866 1243 1956 1279 ται
2011 1230 2114 1295 τῆς
2168 1222 2407 1297 ἡλιακῆς
2463 1225 2659 1290 αὐτοὺς
2724 1226 3176 1305 ἀποκρυπτούσης
3232 1227 3519 1306 πλησμίου

1873 688 2095 766 ἀστέρας
2152 691 2491 762 ἀκοινώνητα
2546 695 2694 770 φέρει
2749 691 2958 765 πολλὰ,
3014 695 3113 757 τάς
3187 699 3284 751 τοῦ
3343 695 3524 774 φωτὸς

1874 777 2120 852 αὐξήσεις
2175 781 2266 835 καὶ
2324 781 2599 854 μειώσεις,
2648 781 2979 858 ἀποκρύψεις
3033 803 3095 838 τε
3147 783 3237 838 καὶ
3296 783 3526 862 πληρώ-

1872 887 2002 940 σεις,
2053 865 2143 924 καί
2190 867 2321 932 τοὺς
2366 869 2656 934 ποικίλους
2705 871 3151 948 σχηματισμοὺς,
3201 874 3291 928 καὶ
3339 871 3522 951 ἔτιπερ

1871 954 2052 1020 οὐδεὶς
2105 961 2214 1014 τῶν
2273 958 2509 1035 ἀστέρων
2567 955 2758 1032 ἔξωθεν
2818 958 2936 1037 ἔχει
2993 961 3057 1016 τὸ
3105 964 3242 1040 φῶς,
3277 963 3353 1026 ὡς
3379 962 3516 1036 αὕτη

2571 1047 2698 1106 ἀλλ’
2781 1048 2993 1116 οἷ’κοθεν
3076 1049 3299 1128 ἓχουσιν
3387 1051 3517 1109 αὐτὸ

1869 1313 2216 1390 φωτοχυσίας
2247 1315 2339 1370 καὶ
2369 1309 2822 1392 ὑπερϐαλλούσης
2855 1315 3267 1394 λαμπρότητος·

1935 1421 1991 1473 Ὀ
2049 1418 2144 1494 μέν
2203 1418 2296 1476 οὖν
2342 1418 2506 1491 ἥλιος
2560 1419 2902 1498 ὑψηλότερός
2957 1424 3068 1482 ἐστι
3121 1432 3223 1497 τῆς
3271 1424 3514 1500 σελήνης

1867 1507 2130 1564 έπιπλέον
2184 1509 2220 1580 ἥ
2269 1508 2392 1566 ὅσον
2441 1509 2735 1590 ἀφέστηκεν
2785 1511 2920 1584 αὕτη
2966 1520 3068 1586 τῆς
3112 1521 3217 1592 γῆς
3265 1516 3355 1572 καὶ
3383 1515 3522 1572 πολ-

1868 1594 2058 1674 λαχῶς
2091 1597 2367 1654 ἐπιπλέον’
2397 1601 2432 1670 ἡ
2466 1598 2522 1655 δὲ
2578 1599 2990 1677 χθαμαλωτάτῃ
3043 1603 3243 1667 παντὸς
3296 1604 3520 1681 ἀστέρος

1866 1688 2206 1763 γινώσκεται·
2267 1692 2383 1744 Τῶν
2413 1689 2514 1766 γὰρ
2569 1690 2808 1770 ἀστέφων
2865 1692 2917 1746 οἱ
2973 1692 3064 1767 μὲν
3125 1691 3403 1768 ἀπλανεῖς,
3464 1696 3518 1750 οἱ

1869 1772 1926 1830 δὲ
1976 1773 2252 1849 πλάνητες
2303 1776 2570 1855 λέγονται.
2623 1781 2722 1834 Καὶ
2771 1781 2824 1836 οἱ
2875 1780 2969 1856 μὲν
3029 1779 3295 1847 ἀπλανεῖς
3327 1782 3518 1857 ὁμοτί-

1872 1886 1987 1938 μως
2046 1863 2382 1940 ὑψηλότατοι
2437 1868 2636 1933 πάντες
2693 1868 2784 1924 καὶ
2837 1867 3168 1944 πάμπολλοι
3198 1889 3211 1902 ο
3269 1871 3332 1926 τὸ
3361 1873 3517 1948 χύμα

1789 1979 1838 2044 Β
1870 1951 2013 2031 λέγω
2039 1959 2149 2044 τῶν
2179 1955 2415 2033 ἀστέρων
2447 1957 2577 2044 αὐτὸ
2608 1957 2670 2013 τὸ
2699 1956 3057 2029 πολυπληθές
3089 1979 3103 1992 ·
3139 1959 3191 2015 οἱ
3223 1955 3280 2015 δὲ
3307 1959 3518 2032 πλάνη-

1867 2063 1956 2106 τες
2017 2042 2152 2112 μετὰ
2195 2044 2285 2100 καὶ
2322 2051 2423 2115 τῆς
2478 2043 2716 2118 σελήνης
2766 2047 2919 2119 ἑπτὰ,
2964 2047 3054 2104 καὶ
3087 2047 3264 2105 ἄλλου
3293 2061 3516 2128 χθαμα-

1872 2130 2110 2207 λώτερός
2132 2153 2193 2188 τε
2220 2131 2310 2189 καὶ
2341 2133 2751 2210 προγειότερος.

1946 2237 1960 2254 ο
1991 2223 2099 2275 Τοῦ
2129 2221 2504 2298 στερεώματος
2553 2218 2612 2281 δὲ
2651 2223 2924 2287 κυκλικῶς
2952 2223 3276 2299 κινουμένου
3305 2223 3514 2298 κίνησιν

1874 2307 2132 2379 ὀξυτάτην
2190 2308 2281 2364 καὶ
2336 2306 2598 2386 ἄληκτον,
2649 2308 2702 2385 ἐξ
2750 2310 3029 2370 ἀνατολῶν
3078 2313 3154 2378 εἷς
3205 2311 3412 2389 δυσμὰς
3440 2315 3518 2380 ὡς

1868 2397 2005 2474 πρὸς
2050 2393 2320 2472 αἴσθησιν,
2371 2399 2860 2478 συμπεριφέρονται
2909 2401 2999 2458 καὶ
3046 2401 3244 2467 πάντες
3301 2402 3516 2482 ἀστέρες

1869 2485 2035 2559 αὐτῷ,
2067 2485 2156 2541 καὶ
2188 2486 2406 2560 σύμπας
2436 2488 2623 2564 αἰθήρ.

1942 2572 2091 2630 Πολὸ
2123 2572 2179 2630 δὲ
2203 2574 2342 2630 πάνυ
2371 2577 2462 2632 καὶ
2497 2576 2689 2654 μυρίον
2717 2578 2781 2632 τὸ
2830 2583 2928 2634 τοῦ
2978 2579 3195 2657 αίθέρος
3244 2575 3519 2653 διάστημα

1868 2663 1931 2718 τὸ
1982 2663 2042 2718 ἐκ
2096 2667 2193 2718 τοῦ
2251 2666 2626 2741 στερεώματος
2694 2665 2802 2729 ἓως
2874 2671 2970 2722 τοῦ
3058 2667 3464 2742 ὑάεκκαύματος
3500 2684 3514 2700 ·

1871 2751 2005 2827 ὅπερ
2063 2751 2382 2827 ὐπέκκαυμα
2435 2754 2498 2809 τὸ
2553 2758 2660 2831 πῦρ
2716 2753 2828 2811 ἐστι
2883 2755 2945 2811 τὸ
3004 2761 3280 2833 στοιχεῖον
3363 2750 3514 2812 αὐτό.

1871 2839 1945 2894 Τὸ
1976 2840 2080 2915 γὰρ
2107 2842 2241 2913 ἡμῖν
2273 2840 2675 2916 γινωσκόμενον
2707 2847 2814 2918 πῦρ
2844 2838 3028 2917 ἔξαψίς
3053 2842 3162 2900 ἐστι
3193 2848 3289 2899 τοῦ
3333 2842 3517 2899 τοιού-

1869 2949 1966 2983 του
1998 2926 2386 3005 στοιχειώδους
2415 2931 2609 3005 πυρὸς,
2643 2928 2954 3008 ὑπερϐολὴν
3011 2928 3140 3008 ἔχον
3187 2939 3290 3003 τῆς
3330 2933 3518 3008 πυρώ-

1875 3014 2000 3080 δους
2045 3017 2407 3095 θερμότητος,
2453 3017 2637 3097 ὥσπερ
2686 3021 2714 3076 6
2760 3017 3103 3097 κρύσταλλος
3148 3027 3251 3093 τῆς
3280 3019 3334 3076 έν
3364 3018 3517 3076 ὕδατι

1874 3105 2255 3183 θεωρουμένης
2281 3106 2652 3184 ψυχρότητος.

1945 3213 2010 3268 Οἱ
2064 3212 2164 3286 μὲν
2225 3211 2316 3268 οὗν
2374 3211 2636 3276 ἀπλανεῖς
2687 3215 2904 3292 ἀστέρες
2959 3216 3268 3292 πεπήγασιν
3319 3213 3372 3272 έν
3440 3219 3520 3288 τῷ

1877 3302 2212 3378 στερεώματι
2263 3301 2356 3356 καὶ
2403 3301 2496 3357 σὺν
2544 3303 2691 3376 αὐτῷ
2742 3303 2892 3378 μόνῳ
2939 3302 3211 3382 φέρονται,
3249 3300 3518 3378 μηδεμίαν

1879 3387 2018 3445 ἰδίαν
2065 3391 2202 3446 κατά
2248 3389 2415 3447 τόπον
2467 3390 2788 3465 ποιούμενοι
2834 3391 3060 3463 κίνησινο
3108 3391 3161 3447 οἱ
3208 3389 3267 3447 δὲ
3311 3395 3519 3463 πλάνη-

1871 3499 1956 3536 τες
2006 3478 2069 3534 οὐ
2121 3480 2428 3555 πεπήγασιν
2472 3479 2524 3536 έν
2569 3484 2650 3552 τῷ
2706 3481 3040 3558 στερεώματι
3073 3499 3089 3513 ⁸
3138 3479 3429 3558 κατωτέρω
3461 3477 3521 3535 δὲ

1869 3567 2066 3624 τούτου
2123 3569 2259 3624 κατά
2321 3590 2473 3632 τινας
2529 3567 2794 3646 βαθμίδας
2843 3568 2895 3625 έν
2924 3574 3003 3642 τῷ
3043 3569 3216 3647 αἰθέρι
3251 3571 3515 3646 μετέωροι

1872 3658 2144 3734 φέρονται,
2193 3656 2283 3712 καὶ
2329 3661 2426 3712 τοῦ
2471 3658 2842 3734 στερεώματος
2892 3657 3193 3736 φερομένου
3246 3659 3379 3733 μετά
3412 3658 3514 3728 τῆς

1871 3749 1976 3800 τῶν
2025 3743 2280 3802 ἀπλανῶν
2333 3743 2723 3818 παμπληθείας
2773 3744 2825 3817 ἐξ
2873 3743 3148 3802 ἀνατολῶν
3200 3745 3276 3808 εἰς
3305 3743 3514 3819 δυσμὰς
3556 3812 3561 3818 ι

1873 3833 1950 3896 ὡς
2027 3834 2062 3903 ἡ
2139 3832 2410 3905 αἴσθησις,
2468 3832 2622 3889 αὐτοὶ
2677 3831 2983 3888 τούναντίον
3042 3833 3104 3889 ἐκ
3158 3830 3376 3908 δυσμῶν
3438 3831 3514 3895 εἷς

1872 3918 2139 3984 ἀνατολὰς
2223 3919 2368 3977 ἰδίπν
2455 3919 2844 3998 σχολαιοτέραν
2919 3926 3193 3979 κινοῦνται
3275 3921 3510 3994 κίνησιν.

1872 4013 2025 4074 Ὅθεν
2073 4010 2164 4065 καὶ
2211 4007 2486 4082 πλάνητες
2535 4009 2927 4084 ώνομασθησαν
2963 4028 2976 4043 ⁶
3036 4011 3111 4074 ὡς
3168 4008 3514 4081 δῆθεν-ἀπο-

1873 4097 2240 4171 πλανηθέντες
2301 4105 2405 4170 τῆς
2452 4103 2550 4155 τοῦ
2587 4099 2963 4174 στερεώματος
3009 4099 3256 4178 πορείας,
3293 4099 3384 4155 καὶ
3419 4101 3518 4154 τοῦ

1872 4187 2136 4244 τοσούτου
2192 4191 2300 4245 τῶν
2355 4188 2594 4267 ἀστέρων
2648 4187 2840 4263 ἑσμοῦ,
2895 4189 2986 4245 καὶ
3024 4189 3124 4259 τὴν
3154 4186 3391 4245 έναντίαν
3425 4187 3520 4263 βα-

1877 4275 2135 4348 δίζοντες.

1944 4370 2120 4422 Ταῦτα
2169 4363 2227 4421 δὲ
2275 4363 2418 4443 λέγω
2467 4365 2605 4438 πρὸς
2648 4366 2714 4422 τὸ
2759 4364 3106 4446 φαινόμενον⁸
3158 4363 3274 4422 ἐπεί
3320 4383 3406 4420 τοι
3459 4381 3522 4440 γε

1881 4454 2045 4530 μόνος
2092 4456 2120 4510 6
2173 4457 2394 4532 πρῶτος
2449 4454 2673 4532 οὐρανὸς
2731 4454 2782 4526 ἐξ
2840 4453 3121 4510 ἀνατολῶν
3176 4454 3255 4516 εἷς
3311 4451 3520 4527 δυσμὰς

1877 4543 2176 4624 φερόμενος
2234 4542 2497 4619 ἔγνωσται
2562 4544 2947 4620 συμπεριάγων
3030 4541 3204 4616 ἑαυτῷ
3270 4542 3361 4598 καὶ
3427 4540 3519 4596 τὸν

88 4628 380 4701 τοιαύτης
437 4629 772 4705 ἐκστήσομαι
827 4636 1082 4708 γνώσεως
1115 4677 1129 4692 .
1184 4635 1268 4690 ὃτι
1326 4632 1388 4688 σὺ
1429 4631 1768 4710 δημιουργὸς
1880 4631 2128 4710 δεύτερον
2181 4630 2245 4688 τὸ
2305 4631 2630 4706 στερέωμα⁸
2687 4631 2752 4689 τὸ
2808 4633 2912 4709 γὰρ
2963 4631 3244 4708 στερέωμα
3271 4629 3361 4686 καὶ
3393 4629 3523 4684 αὐτὸ

103 4721 168 4777 εἴ
219 4723 321 4774 τοῦ
365 4719 583 4782 παντός.
638 4723 1050 4796 Διηγηματικὸν
1097 4719 1156 4778 δὲ
1181 4722 1245 4778 τὸ
1301 4720 1385 4777 ὅτι
1414 4722 1504 4778 καὶ
1540 4718 1772 4799 βεϐαιω-
1805 4711 1850 4777 Ῐ)
1879 4722 2015 4799 πρὸς
2074 4719 2284 4794 δυσμὰς
2339 4718 2392 4791 ἒξ
2466 4716 2743 4776 ἀνατολῶν
2824 4719 2958 4794 μετᾶ
3029 4723 3137 4774 τῶν
3216 4717 3526 4796 Λεγομένων

99 4807 306 4874 τικὸν,
352 4807 452 4864 οὐκ
505 4807 896 4886 αἰτιολογικόν.
945 4812 1079 4869 Ἀπὸ
1126 4815 1314 4867 κοινοῦ
1367 4811 1650 4888 γνώσομαι
1677 4811 1777 4880 τήν

102 4896 366 4969 σελήνην
414 4894 506 4952 καὶ
554 4897 685 4960 τοὺς
742 4899 965 4974 ἀστέρας
1009 4898 1145 4978 ἔργα
1185 4904 1293 4955 τῶν
1346 4897 1624 4956 δακτύλων
1658 4919 1776 4969 σου,

103 4986 288 5044 ἅτινα
341 4983 407 5042 σὺ
463 4985 904 5062 τεθεμελιωμένα
945 4987 1039 5045 καὶ
1090 4987 1302 5062 μόνιμα
1343 4987 1433 5044 καὶ
1479 4989 1579 5058 τὴν
1609 4987 1778 5057 αὐτὴν

103 5072 476 5156 φυλάττοντα
524 5075 675 5150 τάξιν
733 5076 1036 5149 πεποίηκας
1091 5077 1168 5142 εἷς
1225 5075 1257 5134 ὅ
1311 5073 1582 5150 διαμένειν
1667 5074 1779 5131 ἐθέ-

104 5166 256 5228 λοις
294 5163 361 5220 τὸ
402 5167 531 5222 πᾶν.
581 5159 867 5222 Διαλαϐὼν
913 5163 972 5222 δὲ
1015 5167 1142 5243 περὶ
1193 5163 1431 5239 σελήνης
1478 5165 1570 5222 καὶ
1625 5163 1782 5221 ἀστέ-

104 5272 268 5332 ρων,
329 5249 392 5308 οὐ
447 5258 662 5326 παρῆκε
711 5254 805 5311 τὸν
867 5253 1028 5327 ἣλιον
1055 5275 1068 5288 ·
1128 5252 1243 5328 ἅμα
1309 5255 1404 5329 μέν
1467 5255 1602 5328 μετὰ
1671 5257 1780 5310 τῶν

104 5339 376 5416 ἀστέρων
433 5340 592 5412 τάξας
647 5343 724 5409 ὡς
780 5342 976 5422 ἀστέρα
1025 5344 1116 5400 καὶ
1146 5343 1305 5399 αὐτὸν
1337 5341 1674 5418 έξοχώτατον
1693 5341 1782 5399 καὶ

111 5427 571 5509 βασιλικώτατον
625 5433 717 5488 καὶ
801 5431 1187 5512 λαμπρότατον
1260 5431 1352 5488 καὶ
1442 5430 1783 5509 ἀστεράρχην

107 5517 532 5593 ὠνομασμένον
588 5521 692 5578 ὑπό
748 5543 908 5579 τινων
961 5525 1277 5603 προσφυῶς,
1339 5519 1453 5594 ἅμα
1501 5517 1547 5575 δ’
1604 5520 1679 5583 ὡς
1715 5524 1785 5595 τῇ

107 5605 346 5681 σελήνῃ
405 5607 890 5685 συνεξακουόμενόν
946 5633 1006 5667 τε
1076 5611 1167 5666 καὶ
1244 5608 1659 5683 συννοούμενον,
1739 5606 1794 5664 εἷ’

104 5716 188 5774 γε
250 5693 420 5771 ταύτῃ
475 5698 539 5753 τὸ
595 5703 710 5777 φῶς
762 5700 815 5773 ἐξ
861 5699 1027 5756 αὐτοῦ
1069 5700 1201 5754 καθὸ
1249 5696 1426 5776 φαίνει
1472 5696 1563 5752 καὶ
1600 5695 1700 5752 οὐκ
1731 5696 1790 5753 ἐκ

101 5782 374 5866 φύσεως.
430 5783 567 5873 Ἰδίᾳ
615 5785 678 5847 δὲ
718 5790 849 5869 περὶ
871 5796 992 5869 ⁵τῆς
1046 5786 1287 5863 σελήνης
1328 5781 1509 5865 εἴρηκε
1540 5803 1554 5816 ⁸
1584 5786 1675 5842 καὶ
1709 5787 1789 5863 μὴ

1885 4809 2139 4867 ἀπλανῶν
2184 4810 2420 4886 ἀστέρων
2471 4807 2686 4888 φέρεται
2731 4813 2989 4887 φυσικῶς·
3041 4805 3130 4863 διὰ
3176 4804 3234 4862 δὲ
3277 4807 3340 4863 τὸ
3394 4806 3524 4882 βρα-

1885 4897 2109 4956 δύτατον
2154 4905 2255 4969 τῆς
2299 4896 2559 4968 τοιαύτης
2606 4899 2951 4967 πλανητικῆς
2992 4898 3255 4968 κινήσεως
3305 4892 3527 4950 διαλαν-

1886 4987 2026 5054 θάνει
2082 4988 2183 5057 τὴν
2230 4985 2499 5057 αἴσθησιν·
2559 4985 2656 5048 Εἷς
2705 4984 2901 5062 μοίρας
2946 4984 3051 5062 γὰρ
3121 4985 3383 5056 έξήκοντα
3435 4981 3532 5039 καὶ

1883 5074 2195 5154 τριακοσίας
2247 5076 2346 5130 τοῦ
2402 5072 2603 5137 παντὸς
2673 5071 2880 5129 κύκλου
2947 5069 3332 5149 διαιρουμένου
3405 5069 3532 5145 μίαν

1891 5168 2084 5242 μοῖραν
2139 5163 2257 5219 καθ’
2337 5158 2557 5218 ἕκαστον
2644 5157 2764 5225 ἔτος
2845 5161 3142 5238 τετήρηται
3227 5157 3538 5237 διέρχεσθαι

1886 5252 2239 5324 πλανητικῶς
2284 5250 2348 5305 τὸ
2391 5249 2691 5324 στερέωμα’
2736 5247 2874 5304 κατά
2917 5268 3070 5313 τινας
3127 5245 3174 5322 δέ
3217 5247 3280 5304 οὐ
3316 5252 3536 5324 μοῖραν,

1889 5341 2038 5400 ἀλλά
2073 5341 2270 5414 τμῆμα
2319 5337 2514 5415 μοίρας
2565 5335 2864 5414 ὀλίγιστον.
2913 5338 3006 5395 Διὸ
3056 5335 3124 5409 δή
3153 5338 3260 5394 κάκ
3286 5343 3390 5408 τῆς
3419 5355 3539 5391 τοι-

1891 5429 2060 5502 αὐτης
2109 5425 2249 5490 ἰδίας
2295 5425 2386 5482 καὶ
2442 5427 2676 5505 φυσικῆς
2715 5428 2985 5498 κινήσεως
3032 5431 3130 5483 τοῦ
3161 5424 3542 5501 στερεώματος

1893 5521 2161 5595 ὁπρῶτος
2217 5514 2443 5592 οὐρανὸς
2493 5515 2521 5570 6
2574 5514 2650 5588 μὴ
2703 5514 2985 5592 ὁρώμενος
3036 5515 3272 5593 ἑώραται
3337 5515 3542 5589 νοερῶς

1892 5613 2009 5672 τοῖς
2073 5608 2173 5677 τήν
2251 5603 2482 5678 ἐξέτασιν
2556 5601 2760 5676 ταύτην
2844 5604 3158 5684 φιλοπόνως
3242 5597 3549 5675 ποιησαμέ-

1896 5719 2038 5762 νοις.

1967 5787 2074 5855 Τὴν
2119 5784 2215 5860 μὶν
2267 5779 2359 5840 οὖν
2405 5779 2546 5839 ἰδίαν
2592 5779 2803 5854 κίνησιν
2847 5784 2900 5843 οἱ
2945 5783 3220 5856 πλάνητες
3265 5783 3551 5838 ποιοῦνται
