3988 6458
149 424 332 488 1361

1400 429 1818 495 EXPOSITIO
1859 433 1939 496 IN
1983 433 2372 501 PSALMOS.

3439 432 3598 496 1362

150 553 454 612 πολλὰδὲ
481 558 618 611 κατά
644 577 698 611 τι
733 555 894 635 μέρος
936 555 1102 644 αὑτοῦ
1147 558 1282 634 πρὸς
1323 557 1485 636 λόγον
1530 567 1633 632 τῆς
1689 561 1820 618 ὑπο-
1852 565 1908 633 Α
1936 561 2061 619 ὅσον
2120 564 2260 638 πρὸς
2316 566 2416 636 τὴν
2474 571 2574 644 γῆν
2633 565 2698 622 τὸ
2756 567 2914 638 σῶμα
2973 565 3072 634 τῆς
3129 557 3366 634 σελήνης
3425 561 3587 620 ἐστίν.

149 645 447 724 κρύψεως.
507 647 664 702 Ὅσον
728 648 828 723 γὰρ
895 641 1232 718 ὑποϐέϐηκεν
1287 650 1323 718 ἡ
1376 647 1599 723 σελήνη,
1641 656 1830 706 τοσοῦ-

146 757 254 791 τον
312 736 404 790 καὶ
450 737 587 808 ἡμῖν
633 735 985 813 ἀκαθόροιτον⁹
1015 739 1178 791 τοῦτο
1228 735 1318 792 καὶ
1365 738 1503 814 πρὸς
1547 739 1696 812 ἡμᾶς
1731 739 1832 795 οὑκ

148 824 443 898 ἐκπέμπει
469 823 534 880 τὸ
563 828 699 900 φῶς.

227 929 402 988 Ἀλλ’
451 933 488 1002 ἡ
542 931 637 1004 μὲν
698 930 968 1006 λεγομένη
1022 931 1160 987 κατᾶ
1210 930 1302 988 16v
1360 930 1524 1002 ἥλιον
1582 929 1825 1008 ἔκλειψις

148 1020 264 1078 οῦκ
300 1016 416 1077 ἔστι
464 1021 636 1082 πάθος
685 1018 870 1075 αὐτοῦ’
903 1021 1078 1092 πάντη
1135 1021 1238 1098 γάρ
1295 1021 1561 1095 ἀμείωτον
1594 1023 1623 1077 6
1659 1019 1824 1092 ἥλιος

149 1109 286 1185 ἔχει
317 1108 382 1164 τὸ
411 1113 527 1187 φῶς
579 1108 662 1163 ἀεὶ
710 1107 801 1163 καὶ
864 1108 1172 1185 εἲλικρινές.
1204 1110 1267 1165 Ἦ
1323 1107 1382 1166 δὲ
1434 1116 1535 1180 τῆς
1588 1108 1826 1182 σελήνης

150 1197 414 1272 ἔκλειψις
469 1196 637 1267 αὐτῆς
693 1203 792 1266 τῆς
844 1195 1084 1269 σελήνης
1140 1197 1314 1261 πάθος
1371 1197 1500 1254 ἐστί·
1559 1199 1650 1255 καὶ
1705 1205 1824 1254 κατ’

149 1286 451 1358 ἀλήθειαν,
485 1284 612 1342 ἀλλ’
641 1285 703 1341 06
733 1287 868 1341 κατὰ
898 1284 1120 1359 δόκησιν
1149 1283 1412 1363 ἔκλειψις.

230 1395 370 1451 ’Ότε
398 1392 502 1468 γάρ
541 1395 578 1462 ἡ
616 1391 820 1464 σελήνη
850 1397 931 1465 τῷ
967 1391 1118 1466 ἡλίῳ
1145 1395 1282 1449 κατὰ
1337 1391 1622 1470 διάμετρον
1679 1395 1820 1473 γίνε-

148 1503 248 1538 ται
313 1482 451 1558 πρὸς
505 1481 600 1554 μὲν
656 1486 773 1544 τοῖς
835 1481 939 1537 ὑπὸ
991 1481 1083 1536 τὸν
1144 1479 1407 1551 ζωδιακὸν
1460 1484 1815 1558 εὑρισκομένη

153 1569 414 1648 βορείοις
471 1569 561 1626 καὶ
609 1569 830 1642 νοτίοις,
889 1570 1031 1643 μένει
1085 1568 1254 1644 μηδὲν
1313 1573 1600 1648 πάσχουσα
1668 1595 1818 1646 παμ-

155 1662 332 1739 φαής·
366 1657 419 1714 ἐν
447 1663 526 1731 τῷ
560 1657 708 1732 μέσῳ
738 1657 796 1714 δὲ
827 1664 1073 1735 τυχοῦσα
1111 1661 1200 1715 καὶ
1246 1661 1337 1715 τὸν
1394 1659 1626 1730 ἡλιακὸν
1684 1663 1820 1717 ὑπο-

151 1749 432 1817 τείνουσα,
463 1747 585 1803 τότε
639 1755 741 1818 τῆς
797 1755 904 1824 γῆς
962 1746 1421 1824 διατειχιζούσης,
1483 1750 1544 1804 o6
1604 1749 1818 1826 δέχεται

152 1839 254 1900 τὰς
317 1837 368 1910 ἐξ
426 1836 593 1908 ἡλίου
659 1836 846 1913 αὐγάς·
904 1838 994 1892 καὶ
1041 1838 1219 1892 καθ”ὸ
1263 1837 1424 1915 μέρος
1485 1841 1547 1894 ού
1603 1837 1815 1915 δέχεται

1940 650 2050 729 εἴγε
2094 653 2162 709 16
2213 653 2339 732 περὶ
2384 654 2448 710 τὸ
2496 652 2657 732 ἄκρον
2704 657 2805 724 τῆς
2836 653 2895 709 ἐκ
2931 655 3034 730 γῆς
3065 658 3218 714 σκιᾶς
3249 652 3340 707 καὶ
3395 653 3588 716 νυκτὸς

1938 739 2067 797 ὅλον
2109 741 2240 798 6616
2299 741 2546 800 δύναιντο
2601 747 2904 821 περισχεῖν.
2935 741 3041 798 Καὶ
3094 742 3242 797 τοῦθ’
3297 743 3436 816 ἡμῖν
3493 740 3583 797 ἐπὶ

1934 835 2051 894 τοῖς
2080 829 2442 908 δεδειγμένοις
2485 832 2548 890 06
2596 835 2925 910 γραμμικῶς
2964 828 3111 887 ἆλλᾶ
3157 828 3398 906 λογικῶς
3446 828 3584 888 ἔστω

1937 916 2005 989 δὴ
2035 919 2302 996 πόρισμα.

2009 1025 2131 1082 «Τί
2187 1027 2327 1083 ἐστιν
2403 1025 2704 1101 ἄνθρωπος,
2780 1026 2865 1082 ὅτι
2942 1027 3220 1101 μιμνήσκῃ
3293 1025 3496 1097 66106;
3549 1050 3582 1082 ››

1933 1113 2007 1168 06
2039 1112 2188 1170 δοκεῖ
2219 1135 2312 1188 μοι
2345 1113 2434 1172 διὰ
2477 1116 2577 1186 τήν
2619 1113 2964 1192 ἀνθρωπίνην
3016 1112 3287 1170 εὐτέλειαν
3337 1114 3579 1192 εἰρῆσθαι

1930 1207 2091 1259 τοῦτο
2150 1201 2575 1281 διαπορητικῶςο
2631 1203 2700 1260 16
2753 1205 2858 1281 γὰρ
2914 1203 3038 1278 έξῆς
3099 1204 3200 1272 τὴν
3257 1200 3577 1278 διαπόρησιν

1929 1292 2157 1369 ἀναιρεῖ.
2197 1292 2296 1348 Καὶ
2343 1293 2448 1369 γάρ
2499 1292 2544 1348 εἰ
2598 1291 2777 1370 βραχύ
2825 1313 2876 1348 τι
2925 1293 3052 1368 παρ’
3100 1289 3370 1368 ἀγγέλους
3400 1291 3574 1364 ἠλάτ-

1928 1401 2096 1436 τωται
2155 1379 2459 1457 ἄνθρωπος,
2517 1381 2608 1436 καὶ
2665 1378 2790 1456 δόξῃ
2845 1379 2935 1436 καὶ
2989 1385 3126 1456 τιμῇ
3190 1380 3572 1460 ἐστεφάνωται,

1927 1469 2017 1524 καὶ
2095 1467 2347 1546 βασιλεὺς
2417 1473 2524 1526 τῶν
2592 1468 2847 1546 ἐπιγείων
2911 1470 3378 1546 κεχειροτόνηται,
3429 1471 3572 1548 μέγα

1927 1557 2200 1622 πάντωςὸ
2258 1559 2563 1636 ἅνθρωπος·
2625 1557 2764 1614 ὥστε
2821 1557 3034 1634 μᾶλλον
3091 1560 3452 1633 θαυμαστικὸν
3510 1559 3571 1617 ἃν

1929 1646 2014 1718 εἷή
2068 1649 2131 1703 τὸ
2179 1647 2233 1704 τί
2282 1647 2414 1704 ἐστι.
2468 1643 2634 1704 Βαϐαὶ
2682 1647 2848 1703 πόσον
2910 1646 3049 1704 ἐστίν
3119 1645 3434 1725 ἄνθρωποςί
3485 1649 3568 1706 ὅτι

1925 1735 2191 1808 τοσαύτην
2224 1735 2372 1814 ἔχεις
2405 1736 2634 1812 στοργήν
2670 1737 2745 1798 εἱς
2779 1735 2959 1807 αὑτὸν,
2993 1735 3074 1792 ὅτι
3107 1738 3337 1793 πάντοτε
3386 1738 3571 1812 μνείαν

1927 1825 2092 1881 αὑτοῦ
2143 1829 2298 1900 ποιῇ·
2348 1826 2437 1880 καὶ
2489 1824 2753 1901 πρότερον
2800 1825 2895 1899 μὶν
2951 1825 3058 1881 ἀπὸ
3103 1829 3200 1880 νοῦ
3248 1827 3579 1900 μακρυνθέν-

150 1909 382 1999 ταύτας,
445 1922 570 1980 οὐδὲ
623 1909 937 2002 φωτίζεται.
1001 1925 1098 1981 Καὶ
1153 1909 1284 2003 ὅπερ
1334 1909 1478 1998 ἀὕτη
1539 1909 1819 1998 κατάττὴν
1852 1934 2022 2003 Βτφς
2077 1911 2166 1969 διὰ
2219 1920 2320 1984 τῆς
2367 1909 2746 2003 ,παραϐάσεως
2811 1913 2874 2003 9'5
2943 1911 3207 1977 διέλειπες
3256 1914 3578 2003 ,οἶκονομῶν

157 2013 465 2092 λεγομένην
524 2012 762 2084 ἡλιακὴν
823 2013 1066 2089 ἔκλειψιν
1122 2014 1174 2070 ἐν
1225 2013 1437 2088 συνόδῳ
1494 2021 1664 2088 ποιεῖ,
1706 2014 1824 2072 δια-

160 2103 474 2184 φράττουσα
526 2103 619 2158 τὸν
683 2100 844 2172 ἥλιον
892 2101 941 2176 ἐξ
998 2106 1180 2178 ἡμῶν,
1234 2106 1381 2160 τοῦτ’
1439 2104 1492 2160 ἐν
1545 2102 1824 2181 διαμέτρῳ

160 2195 370 2270 πάσχει
400 2191 545 2267 παρά
568 2198 669 2262 τῆς
720 2198 845 2268 γῆς·
896 2191 1061 2263 ἡλίου
1099 2194 1200 2270 γὰρ
1245 2192 1335 2248 καὶ
1391 2192 1629 2265 σελήνης
1680 2195 1824 2271 εὑρι-

166 2281 410 2356 σκομένη
440 2285 737 2352 τηνικαῦτα
771 2281 931 2354 μέσον
991 2284 1026 2352 ἡ
1085 2284 1178 2356 γῆ,
1227 2283 1365 2339 κατὰ
1415 2281 1540 2356 μίαν
1593 2283 1823 2356 εὐθεῖαν,

165 2369 376 2427 κωλύει
401 2371 501 2440 τήν
536 2368 771 2442 σελήνην
809 2374 931 2433 ταῖς
987 2369 1038 2443 ἐξ
1095 2367 1260 2441 ἡλίου
1321 2369 1670 2445 λαμπηδόσιν
1728 2371 1826 2428 66-

165 2459 450 2536 γάζεσθαι.

243 2548 343 2604 Καὶ
401 2546 526 2602 ὅσον
587 2546 753 2618 αὑτῆς
817 2545 980 2624 μέρος
1027 2553 1147 2611 ταῖς
1205 2547 1464 2619 ἡλιακαῖς
1521 2549 1729 2605 ἀκτῖσιν
1763 2549 1826 2606 06

172 2636 612 2711 καταλάμπεται,
701 2634 848 2710 μένει
938 2640 1105 2691 τοῦτο
1188 2639 1415 2710 πάμπαν
1499 2637 1824 2706 ἀφώτιστον.

175 2726 380 2783 Ἐνίοτε
438 2723 496 2782 δὲ
551 2724 642 2781 καὶ
699 2731 844 2780 πᾶσα
903 2730 1160 2803 ζοφοῦται
1216 2726 1304 2781 καὶ
1371 2727 1436 2782 16
1506 2731 1619 2804 φῶς
1696 2725 1826 2784 ὅλον

173 2813 502 2888 ἀπόλλυσιν,
529 2816 606 2878 ὡς
638 2813 727 2871 καὶ
762 2813 939 2870 δοκεῖν
987 2815 1332 2893 ἡφαντῶσθαι
1386 2813 1476 2870 καὶ
1539 2813 1680 2889 μηδὲ
1734 2817 1825 2872 τὸν

171 2903 343 2960 τόπον
399 2903 453 2960 ἐν
500 2905 650 2981 ᾧπερ
696 2904 762 2974 ήν
811 2902 958 2968 ὅλως
1021 2900 1486 2980 διαγινώσκεσθαι,
1545 2903 1626 2978 τῷ
1687 2903 1829 2980 μηδὲ

171 2993 324 3050 σκιὰν
384 2992 554 3062 αὐτῆς
610 2992 708 3048 κᾶν
759 2996 890 3068 γοῦν
949 2989 1192 3068 ἀμυδράν
1246 3013 1368 3048 τινα
1413 2995 1824 3068 περισώζεσθαι.

172 3081 438 3152 Τοιαύτης
490 3081 581 3136 καὶ
629 3082 792 3154 ἡμεῖς
839 3078 1168 3152 σεληνιακῆς
1213 3079 1508 3157 ἐκλείψεως
1566 3081 1827 3138 αὐτόπται

174 3169 498 3248 γεγόναμεν.

1933 2002 2098 2058 αὐτοῦ
2173 2003 2274 2072 τὴν
2353 2001 2670 2073 ἀνάκλησιν,
2739 2001 2829 2056 καὶ
2903 2006 2991 2058 νῦν
3057 2002 3453 2078 ἁμαρτάνοντος
3519 2005 3582 2062 06

1932 2091 2078 2167 παύῃ
2135 2092 2235 2161 τὴν
2307 2091 2473 2148 αὐτοῦ
2534 2090 2699 2146 πάλιν
2767 2091 3281 2167 πραγματευόμενος
3339 2091 3586 2171 ἐπιστρο-

1935 2181 2040 2259 φὴν
2089 2179 2180 2234 καὶ
2230 2175 2533 2251 διόρθωσιν.
2567 2179 2654 2240 Ὠς
2699 2177 2959 2254 γεγονότα
3007 2175 3066 2232 δὲ
3127 2179 3196 2234 τὰ
3244 2179 3586 2255 γενησόμενα

1933 2265 2176 2346 προῖδὼν
2209 2266 2521 2345 ἐξαγγέλλει
2550 2271 2738 2340 ταῦτα,
2768 2267 2947 2329 καθὼς
2977 2267 3234 2344 ἑώρακεν.

2005 2398 2037 2426 ‹‹
2063 2374 2189 2438 Υἱὸς
2266 2373 2556 2451 ἀνθρώπου
2623 2372 2706 2428 ὅτι
2781 2373 3074 2449 ἐπισκέπτῃ
3140 2373 3317 2434 αὐτόν.
3365 2399 3396 2429 ››
3447 2377 3581 2434 Ἀπὸ

1933 2468 2142 2536 κοινοῦ,
2191 2463 2312 2526 Υἱὸς
2374 2463 2661 2540 ἀνθρώπου
2707 2461 2762 2518 τί
2811 2461 2973 2535 ἐστιν,
3003 2462 3086 2519 ὅτι
3137 2463 3312 2528 οὕτως
3368 2463 3578 2522 ἐπισκέ-

1933 2573 2042 2627 πτῃ
2093 2551 2295 2622 αὑτόν;
2330 2551 2503 2614 Αὐτὸς
2551 2550 2614 2607 σὺ
2659 2550 2798 2628 πρὸς
2839 2551 3000 2608 αὑτὸν
3057 2551 3452 2631 ἀφικνούμενος
3508 2553 3580 2610 δι’

1936 2639 2415 2714 ἐνανθρωπήσεως,
2460 2636 2554 2694 ἵνα
2598 2637 3011 2712 πεπλανημένον
3079 2639 3447 2716 ἐπανασώσῃς,
3499 2640 3578 2699 ἔτι

1934 2750 1994 2785 τε
2024 2726 2290 2800 διηνεκῶς
2319 2727 2480 2784 αὑτὸν
2513 2726 2741 2806 ἐφορῶν,
2769 2727 2860 2783 καὶ
2899 2727 3270 2806 σωτηριωδῶς
3317 2727 3575 2807 διεξάγων

1932 2817 2002 2874 16
2048 2818 2164 2872 κατ’
2205 2815 2386 2874 αὑτόν.
2432 2813 2504 2872 T6
2553 2813 2612 2871 δὲ
2662 2816 2778 2879 υἱὸς
2817 2816 3127 2892 ἀνθρώπου,
3155 2818 3246 2873 καὶ
3301 2817 3432 2874 6616
3482 2839 3577 2876 πε-

1940 2909 2303 2984 ριφραστικῶς
2332 2903 2445 2960 ἀντὶ
2489 2908 2588 2960 τοῦ
2637 2905 2921 2979 ἄνθρωπος
2969 2903 3202 2982 εἴρηται·
3233 2905 3582 2972 Ἦλάττωσας

1937 2995 2095 3051 αὑτὸν
2159 2993 2338 3072 βραχύ
2386 3015 2441 3050 τι
2497 2995 2625 3070 παρ’
2679 2993 2966 3070 ἀγγέλους.
3006 3019 3036 3048 ››
3093 2994 3356 3073 ’Ἄγγελον
3408 2993 3580 3052 ἄλλον

1939 3084 2202 3155 ἐποίησας
2249 3082 2406 3138 αὑτὸν
2452 3086 2530 3155 τῷ
2581 3081 2852 3160 μεγαλείῳ
2895 3089 2997 3154 τῆς
3059 3085 3404 3159 νοερότητος·
3455 3083 3584 3142 ἀλλ’

1944 3171 2129 3250 ὀλίγον
2198 3169 2562 3242 ἐλαττονήσας
2624 3176 2744 3234 ταῖς
2813 3170 3069 3248 ἀνάγκαις
3131 3176 3229 3228 τοῦ
3303 3174 3581 3247 σώματος,

247 3259 304 3313 '0
365 3259 459 3363 μέν
520 3256 612 3312 οῦν
649 3255 826 3363 ’ἥλιος
883 3257 944 3314 ἐκ
993 3262 1100 3314 τῶν
1160 3257 1500 3338 φαινομένων
1551 3257 1826 3363 περὶῆτὰς
1859 3295 1904 3363 C
1943 3261 2069 3337 δόξῃ
2104 3260 2194 3316 καὶ
2221 3264 2360 3335 τιμῇ
2392 3258 2760 3338 ἐστεφάνωσας
2788 3259 2966 3319 αὐτόν.
3003 3285 3025 3313 ι
3061 3258 3190 3336 δόξῃ
3234 3258 3325 3318 διὰ
3371 3263 3435 3363 16
3483 3260 3580 3318 λο-

178 3350 276 3417 τῆς
340 3344 577 3416 σελήνης
647 3343 914 3420 ἐκλείψεις
974 3346 1170 3422 μείζων
1221 3350 1322 3418 τῆς
1403 3355 1506 3425 γῆς
1564 3345 1833 3404 ἀνενδοιά-

183 3455 319 3498 στως
372 3434 712 3511 γινώσκεται·
766 3435 856 3489 καὶ
909 3431 998 3490 διὰ
1039 3440 1200 3492 τοῦτο
1252 3435 1542 3512 γινόμενος
1593 3438 1694 3492 ὑπὸ
1732 3440 1836 3513 γῆν

186 3524 247 3581 06
300 3520 570 3578 κωλύεται
628 3522 756 3595 παρ’
807 3521 972 3594 αὑτῆς
1022 3523 1100 3586 εἰς
1155 3524 1218 3579 τὸ
1271 3529 1371 3580 τοῦ
1433 3524 1643 3601 αἰθέρος
1697 3525 1831 3600 ὕψος

185 3613 278 3674 τὰς
339 3609 542 3673 οἰκείας
620 3609 912 3685 ἐκπέμπειν
995 3611 1182 3687 αὐγάς.
1240 3613 1649 3690 Περιεχομένης
1727 3615 1831 3692 γὰρ

192 3700 292 3755 ὑπὸ
319 3703 416 3755 τοῦ
448 3697 616 3769 ἡλίου
644 3706 744 3769 τῆς
776 3702 880 3776 γῆς
922 3696 1010 3755 διά
1059 3702 1160 3770 τὴν
1213 3701 1414 3774 ταύτης
1471 3704 1829 3781 σμικρότητα,

189 3792 303 3851 πῶς
357 3787 418 3842 ἂν
466 3786 758 3844 κωλυθεῖεν
809 3788 864 3843 αἱ
914 3788 1124 3852 ἀκτῖνες
1155 3789 1214 3845 ἐκ
1268 3794 1377 3846 τῶν
1432 3789 1610 3866 ἄκρων
1667 3791 1833 3863 αὐτῆς

193 3876 266 3940 είς
291 3875 353 3933 16
391 3881 492 3932 106
519 3877 735 3952 αἰθέρος
793 3875 928 3952 ὕψος
981 3873 1428 3950 διαϐιϐάζεσθαι;
1461 3878 1548 3936 διὸ
1587 3881 1676 3937 καὶ
1735 3902 1831 3936 κα-

189 3965 526 4040 ταλάμπεται
583 3966 652 4021 16
699 3963 1013 4043 ὑψηλότερα
1057 3971 1156 4022 τοῦ
1209 3967 1419 4040 κόσμου
1447 3967 1543 4024 κᾶν
1601 3974 1679 4042 τῷ
1729 3970 1832 4027 ὑπὸ

191 4057 287 4134 γῆν
321 4054 453 4109 εἶναι
483 4055 575 4109 τὸν
606 4051 790 4124 ἥλιον.
825 4055 910 4111 Ἐν
950 4053 1101 4110 νυκτὶ
1151 4052 1210 4110 δέ
1259 4055 1362 4111 εἶσι
1403 4055 1527 4112 τότε
1571 4059 1640 4112 16
1694 4059 1832 4134 χθα-

199 4142 483 4218 μαλώτερά
524 4163 584 4199 τε
628 4143 718 4198 καὶ
765 4142 1172 4221 προσγειότερα.
1205 4144 1310 4216 Νὺξ
1357 4145 1462 4222 γὰρ
1520 4143 1671 4201 οὐδὲν
1720 4145 1836 4202 τέτεσ⁸

197 4251 285 4308 ρον
331 4233 366 4300 ἡ
413 4237 514 4300 τῆς
554 4239 657 4308 γῆς
701 4234 737 4302 ἡ
771 4233 914 4289 σκιά.
960 4239 1070 4302 Τῆς
1117 4232 1380 4306 τοιαύτης
1427 4231 1518 4289 06v
1551 4240 1703 4298 σκιᾶς
1747 4233 1837 4292 διὰ

194 4320 255 4375 τὸ
302 4318 524 4396 μέγεθος
579 4324 676 4375 τοῦ
722 4319 890 4391 ἡλίου
960 4320 1258 4398 γινομένης
1343 4320 1692 4394 κωνοειδοῦς,
1745 4325 1836 4380 καὶ

195 4409 290 4479 τήν
351 4408 446 4482 μέν
500 4407 652 4482 βάσιν
723 4408 961 4486 ἐχούσης
1007 4407 1269 4466 πλατεῖαν
1332 4414 1838 4489 συμπαρεκτεταμέ-

197 4517 290 4568 νην
319 4501 399 4569 τῷ
433 4495 583 4574 μέρει
611 4503 712 4568 τῆς
736 4505 841 4574 γῆς
869 4497 994 4553 ὅσον
1039 4497 1101 4554 06
1158 4497 1505 4574 καταλάμπει
1564 4502 1593 4557 6
1649 4499 1834 4572 ἥλιος,

199 4588 294 4656 τήν
352 4583 410 4641 δὲ
437 4586 680 4665 κορυφὴν
713 4586 788 4650 εἷς
822 4585 912 4658 ὀξὺ
943 4584 1240 4664 λήγουσαν,
1288 4589 1356 4644 16
1418 4589 1511 4664 μὲν
1560 4587 1672 4644 ἄνω
1735 4597 1837 4660 τῆς

1939 3351 2091 3429 γικόν
2122 3371 2182 3405 τε
2207 3349 2295 3405 καὶ
2326 3349 2510 3426 νοερὸν
2541 3347 2632 3404 καί
2658 3349 2721 3404 τὸ
2752 3347 3109 3423 αὐτεξούσιον⁹
3156 3350 3209 3406 τί
3255 3350 3360 3427 γὰρ
3412 3347 3583 3427 λόγου

1939 3440 2030 3496 καὶ
2067 3439 2192 3502 νοὸς
2239 3437 2329 3493 καὶ
2376 3435 2846 3509 αὐτεξουσιότητος
2895 3435 3232 3514 ἐνδοξότερον
3295 3442 3434 3513 τιμῇ
3491 3435 3583 3495 διὰ

1937 3531 2038 3600 τὴν
2067 3533 2177 3585 τῶν
2206 3526 2392 3584 ἄλλων
2427 3528 2579 3596 ζώων
2611 3527 2883 3604 ὑποταγην
2915 3528 3052 3604 πρὸς
3082 3527 3242 3584 αὐτὸν
3299 3527 3390 3583 γαὶ
3435 3526 3578 3602 μᾶλο

1941 3617 2038 3674 λον
2089 3615 2178 3673 διὰ
2219 3616 2315 3679 τὰς
2361 3614 2574 3692 ἀρετάςο
2621 3614 2674 3670 τί
2731 3615 2832 3693 γὰρ
2880 3615 3077 3691 ἀρετῆς
3118 3615 3486 3693 τιμιώτερον;
3533 3615 3584 3672 εἶ’

1938 3728 2000 3784 γε
2030 3707 2100 3762 δι’
2127 3705 2294 3776 αὐτῆς
2326 3705 2355 3759 ὁ
2395 3701 2678 3781 ἅνθρωπος
2722 3705 3008 3779 ὁμοιοῦται
3046 3709 3181 3778 Θεῷ.
3217 3728 3246 3758 ι(
3276 3705 3378 3764 Καὶ
3424 3705 3580 3762 κατέ-

1940 3812 2139 3866 στησας
2167 3793 2324 3850 αὐτὸν
2359 3793 2446 3848 ἐπὶ
2473 3793 2542 3849 τὰ
2569 3791 2698 3870 ἔργα
2749 3797 2858 3848 τῶν
2906 3798 3108 3871 χειρῶν
3159 3815 3254 3850 σου
3284 3817 3313 3847 ››
3365 3792 3582 3866 δηλαδὴ

1937 3885 2007 3940 16
2033 3881 2136 3938 ὑπδ
2167 3883 2266 3951 τήν
2296 3879 2562 3955 αἶ’σθησιν,
2595 3879 2675 3957 ἐφ’
2720 3879 2754 3935 ἃ
2800 3882 3028 3953 κατέστη
3093 3879 3369 3952 δεσπόζειν
3411 3883 3440 3936 6
3491 3881 3584 3939 ἄν·

1943 3983 2184 4048 θρωπος.
2213 3972 2389 4028 Πάντα
2420 3970 2677 4041 ὑπέταξας
2709 3970 2960 4026 ὑποκάτω
3006 3973 3116 4026 τῶν
3169 3968 3352 4028 ποδῶν
3398 3971 3588 4057 αὑτοῦ³

1939 4056 2190 4138 πρόϐατα
2230 4059 2321 4114 καὶ
2381 4058 2512 4135 βόας
2557 4057 2783 4122 ἁπάσας.
2832 4054 3173 4136 Ὑπερϐατῶς
3228 4061 3404 4116 πάντα
3451 4054 3591 4134 πρόὲ

1944 4147 2082 4204 6616
2112 4148 2203 4204 καὶ
2239 4147 2370 4225 βόας
2402 4149 2606 4210 ἁπάσας
2637 4168 2665 4201 ι
2704 4145 2961 4219 ὑπέταξας
3009 4147 3156 4220 αὑτῷ
3199 4150 3300 4218 τὴν
3356 4147 3591 4225 ἐσχάτην

1945 4239 2246 4314 ὑποταγήν·
2295 4240 2457 4292 τοῦτο
2505 4235 2609 4313 γὰρ
2678 4233 2845 4307 δηλοῖ
2886 4237 2951 4292 τὸ
3017 4236 3272 4291 ὑποκάτω
3322 4239 3432 4291 τῶν
3489 4256 3592 4291 πο-

1945 4324 2052 4382 δῶν
2102 4325 2290 4384 αύτοῦ.
2321 4324 2420 4382 Διὰ
2465 4321 2524 4380 δὲ
2569 4328 2676 4380 τῶν
2724 4319 3012 4401 προϐάτων
3063 4325 3155 4380 καὶ
3191 4329 3298 4380 τῶν
3334 4324 3477 4400 βοῶν
3524 4324 3596 4380 16

1943 4415 2126 4493 ἥμερα
2175 4419 2404 4492 χερσαῖα
2461 4418 2576 4484 ζῶα
2636 4413 2811 4469 πάντα
2876 4410 3209 4484 δεδήλωκενο
3261 4410 3339 4468 ἔτι
3387 4409 3446 4468 δὲ
3499 4411 3592 4469 καὶ

1943 4504 2013 4560 16
2035 4505 2206 4576 κτήνη
2239 4506 2337 4559 τοῦ
2367 4499 2576 4558 πεδίου.
2608 4502 2788 4573 Κτήνη
2828 4503 2926 4556 τοῦ
2971 4497 3159 4557 πεδίου
3206 4498 3332 4577 φησὶ
3385 4499 3456 4554 16
3502 4497 3594 4554 66-

1944 4591 2174 4666 τόνομα,
2222 4591 2290 4646 16
2338 4589 2536 4652 ἀνέτως
2586 4587 2638 4645 ἐν
2689 4593 2770 4662 τῷ
2823 4585 2996 4662 πεδίῳ
3051 4587 3346 4663 νεμόμενα.
3404 4589 3590 4660 Κτήνη

204 4674 434 4747 σελήνης
477 4664 928 4752 καὶίὺψηλότερα
972 4677 1070 4746 τήν
1117 4676 1373 4750 τοιαύτην
1423 4678 1514 4734 καὶ
1561 4679 1697 4734 κατᾶ
1738 4685 1840 4752 μῆ·
1869 4664 1917 4728 D
1948 4664 2196 4758 γὰρκαὶ
2251 4680 2319 4735 τὰ
2367 4677 2550 4756 θηρία,
2591 4681 2672 4751 τῷ
2717 4676 2864 4734 κάτω
2921 4676 3090 4734 νεύειν
3154 4675 3244 4732 καὶ
3313 4677 3588 4746 νυκτάζειν

203 4785 292 4827 κος
351 4759 660 4839 ὑπερϐαίνει
717 4764 888 4820 σκιάν.
922 4766 1077 4830 Ὅθεν
1137 4763 1314 4830 οόδεῖς
1373 4767 1657 4844 ἱστόρηταί
1707 4788 1839 4824 ποτε

202 4857 302 4908 τῶν
359 4851 594 4930 ἀστέρων
671 4852 839 4927 ταύτῃ
905 4859 1231 4930 περιπεσεῖνο
1282 4855 1316 4924 ἧ
1372 4855 1475 4931 γὰρ
1539 4856 1603 4911 ἃτ
1668 4855 1834 4935 ἐφάνη

205 4939 579 5019 λαμπρότερος
638 4943 849 4998 ἐαυτοῦ·
880 4942 949 4998 16
1005 4947 1158 5020 φῶτα
1212 4945 1316 5021 γὰρ
1360 4943 1412 5000 έν
1438 4945 1590 5000 νυκτὶ
1625 4943 1838 5019 μᾶλλον

203 5030 315 5101 ἢέν
345 5032 530 5106 ἡμέρᾳ
577 5029 932 5108 λαμπρότερα
978 5031 1240 5109 φαίνεται.
1287 5034 1381 5088 Διὸ
1437 5034 1527 5089 καὶ
1584 5035 1637 5089 οἱ
1683 5034 1842 5090 ἀστέ-

206 5140 309 5198 ρες,
339 5119 548 5198 αἰθρίας
605 5117 770 5191 οὔσης
820 5119 877 5176 ἐτ
925 5119 1176 5194 ἀσελήνῳ
1222 5122 1396 5192 νυκτὶ,
1427 5120 1596 5180 πλέον
1653 5121 1844 5199 ἔχουσι

202 5210 262 5266 τὸ
280 5207 533 5286 λαμπρὸν
565 5208 602 5279 ἢ
632 5215 736 5279 τῆς
763 5207 1001 5281 σελήνης
1049 5207 1464 5287 διαυγαζούσης.
1497 5213 1560 5266 Οί
1606 5213 1702 5286 μὶν
1750 5210 1842 5268 οῦν

205 5297 410 5375 ἀστέρες
463 5299 692 5360 ἅπαντες
744 5298 1133 5376 ὑπερφέρονται
1192 5307 1295 5369 τῆς
1353 5306 1528 5374 σκιᾶς,
1584 5303 1660 5376 μὴ
1715 5312 1846 5380 φθα-

206 5386 393 5458 νούσης
451 5386 529 5451 εἷς
582 5387 648 5442 τὸ
694 5385 828 5461 ὕψος
882 5385 1078 5442 αὑτῶνο
1109 5389 1145 5461 ἡ
1197 5385 1254 5444 δὲ
1300 5387 1502 5460 σελήνῃ
1553 5389 1844 5466 πρόσγειος

209 5473 352 5545 οῦσα,
378 5481 458 5548 τῷ
514 5483 616 5546 τῆς
675 5483 781 5552 γῆς
841 5475 1148 5553 ἐντυγχάνει
1205 5479 1368 5552 κώνῳ
1418 5478 1541 5554 περὶ
1570 5480 1632 5533 τὸ
1663 5479 1844 5554 ἄκρον,

1948 4770 2025 4833 εἷς
2081 4775 2206 4846 γῆν.
2260 4768 2487 4824 Δύναται
2533 4764 2590 4822 δὲ
2633 4765 2724 4822 καὶ
2777 4765 2984 4821 τούτων
3045 4762 3135 4821 διὰ
3187 4771 3286 4834 τῆς
3339 4764 3591 4840 γνώσεως

1946 4856 2214 4935 κυριεύειν
2261 4857 2288 4911 ὁ
2340 4855 2626 4931 ἅνθρωπος
2690 4855 2780 4911 καὶ
2839 4859 3006 4910 ταῦτα
3051 4853 3496 4923 καθυποτάττειν,
3544 4852 3592 4909 εἷ

1947 4947 2147 5019 καὶμὴ
2179 4947 2315 5001 κατὰ
2349 4946 2418 5002 16
2465 4944 2648 5022 ἥμερα
2695 4948 2806 5014 ζῶα
2850 4944 2951 5014 τήν
2999 4942 3234 5020 ἐσχάτην
3283 4943 3588 5018 ὑποταγήνθ

1951 5035 2002 5092 έν
2055 5033 2113 5090 δὲ
2159 5038 2238 5107 τῷ
2284 5033 2476 5104 εἰπεῖν,
2526 5031 2604 5089 ἔτι
2663 5029 2722 5088 δὲ
2768 5037 2876 5088 τῶν
2921 5033 3170 5109 ἡμερῶν,
3205 5029 3405 5088 διεῖλεν
3465 5030 3602 5087 6616

1950 5123 2040 5181 καὶ
2097 5130 2200 5194 τῆς
2256 5122 2471 5180 ἐκείνων
2523 5121 2985 5198 χειροηθεστάτης
3017 5121 3292 5199 ὑποταγῆς
3318 5121 3420 5191 τὴν
3471 5119 3602 5179 τού.

1950 5233 2060 5268 των
2094 5212 2366 5287 ὑποταγὴν
2397 5209 2866 5287 παρηλλαγμένην
2897 5210 2976 5274 ὡς
3019 5210 3083 5267 τὸ
3141 5209 3309 5274 εἰκός.
3345 5233 3376 5263 ››
3403 5211 3479 5266 T6
3505 5230 3602 5266 πε-

1950 5300 2098 5356 τεινὰ
2123 5304 2221 5356 106
2249 5298 2500 5376 ούρανοῦ.
2530 5325 2554 5354 ι
2587 5299 2694 5356 Τὸν
2723 5297 2946 5376 οὐρανὸν
2979 5297 3106 5376 ὅρον
3151 5295 3264 5355 ἄνω
3319 5298 3454 5355 εἶναι
3510 5297 3606 5354 καὶ

1953 5392 1990 5460 ἡ
2023 5388 2307 5460 ἀνάπτυξις
2342 5385 2510 5460 δηλοῖ
2549 5392 2650 5444 τοῦ
2684 5387 2974 5462 ὀνόματος*
3005 5389 3360 5466 περιορισμὸς
3391 5389 3495 5464 γάρ
3526 5387 3610 5444 ἐσ-

1954 5499 2039 5534 τιν
2086 5477 2164 5540 εἷς
2206 5475 2270 5533 16
2314 5474 2426 5533 ἄνω
2471 5477 2608 5533 κατὰ
2647 5477 2710 5532 τὸ
2759 5474 2891 5549 ἅνω,
2938 5477 3076 5533 κατὰ
3121 5483 3226 5534 πᾶν
3285 5478 3450 5554 μέρος
3503 5480 3605 5533 τοῦ

210 5564 292 5622 ὅτε
345 5563 708 5642 διαμετροῦσα
762 5566 852 5620 τὸν
905 5564 1066 5634 ἥλιον
1124 5567 1226 5622 ὑπὸ
1281 5568 1371 5622 τὸν
1430 5567 1592 5622 αὐτοῦ
1625 5568 1847 5646 φέροιτο
1954 5567 2151 5628 παντὸς
2204 5566 2414 5640 κόσμου
2467 5564 2612 5643 ἔχων
2655 5567 2721 5622 τὸ
2776 5566 3050 5623 ἀνωτάτω·
3084 5571 3174 5622 καί
3221 5565 3352 5623 6616
3408 5565 3604 5641 γὰρτὸ

210 5652 425 5728 κύκλον,
461 5657 599 5728 μήτε
653 5655 790 5730 πρὸς
847 5653 914 5708 16
975 5653 1161 5730 βόρεια
1219 5657 1357 5730 μήτε
1412 5654 1548 5732 πρὸς
1601 5656 1669 5710 τὰ
1696 5653 1850 5710 νότια
1959 5655 2152 5712 δοκοῦν
2177 5661 2294 5718 τοῖς
2323 5653 2561 5720 πολλοῖς
2593 5656 2847 5712 ὑποκάτω
2877 5655 2967 5712 καὶ
3017 5656 3121 5711 ὑπὸ
3175 5657 3276 5732 γῆν
3333 5653 3606 5732 ἡμισφαί-

211 5743 444 5803 νεύουσα.
503 5741 682 5816 Δῆλον
738 5740 785 5800 δ’
841 5741 1101 5817 ἐντεῦθεν,
1139 5743 1222 5801 ὅτι
1274 5745 1366 5802 καὶ
1422 5744 1568 5802 πολὺ
1618 5745 1847 5823 σμικρὸν
1959 5765 2074 5802 σιον
2127 5743 2374 5826 ὑπεράνω
2421 5750 2535 5802 κατ’
2563 5743 2824 5816 ἀλήθειαν
2869 5741 3130 5822 τυγχάνει
3159 5739 3250 5797 καί
3298 5739 3431 5817 ὑπὲρ
3479 5746 3605 5820 γῆν.
