3988 6426
172 445 334 507 1365

176 664 326 720 λωσε
376 664 470 720 τὸν
531 658 787 718 διάϐολον
821 685 833 698 ’
905 660 993 718 616
1049 661 1108 718 δὲ
1161 667 1256 718 τοῦ
1332 663 1678 735 ἀσθενήσουσι
1737 666 1827 720 καὶ

173 752 534 821 ἀπολοῦνται,
589 751 969 821 πληθυντικῶς
1031 752 1345 829 εἰρημένου,
1421 754 1549 816 τοὺς
1637 751 1829 826 δαῖμο-

171 864 290 904 νας.
344 841 640 919 Πρόσωπον
693 838 750 895 δὲ
801 840 951 916 λέγει
980 842 1078 911 τὴν
1113 841 1442 920 ἐπιφάνειαν
1476 836 1826 920 ἐπιφανέντος

171 932 276 1008 γὰρ
320 931 372 986 ἐν
423 935 502 1002 τῷ
547 927 646 1005 ᾅδῃ
683 935 779 986 τοῦ
829 930 1101 986 Δεσπότου
1135 935 1390 1007 Χριστοῦ,
1429 931 1505 1004 μὴ
1538 931 1767 1005 ἐνεγκὼν
1796 932 1824 986 6

171 1015 436 1084 διαϐολος
487 1021 584 1088 τήν
625 1020 900 1094 ἀστραπήν
949 1026 1049 1090 τῆς
1115 1020 1394 1090 θεότητος,
1446 1018 1682 1098 ἐστράφη
1750 1021 1825 1084 εἰς

169 1110 239 1165 16
283 1109 480 1179 ὀπίσω,
531 1108 1096 1184 κατατέτροπωμένος.
1144 1108 1348 1165 Τούτου
1402 1106 1448 1162 δ’
1495 1108 1637 1164 οὕτω
1669 1130 1824 1186 στρα-

170 1200 385 1277 φέντος,
434 1195 745 1270 ἡττημένου
792 1198 882 1253 καὶ
957 1196 1436 1274 κατῃσχυμμένου,
1504 1199 1700 1262 πάντες
1770 1200 1823 1253 οἱ

174 1285 433 1361 δαίμονες
482 1285 804 1359 ἡσθένησαν,
856 1289 912 1344 αἱ
963 1284 1217 1361 δυνάμεις
1281 1286 1469 1358 αὐτοῦ,
1527 1287 1618 1342 καὶ
1679 1288 1826 1344 ἀπώ-

168 1375 352 1433 λοντο.
451 1376 712 1434 Τουτέστι
819 1373 1324 1451 διεσκορπίσθησαν,
1425 1375 1818 1454 ἠφανίσθησανο

169 1459 486 1539 ὑπερϐατῶς
539 1467 575 1536 ἡ
637 1463 902 1536 σύνταξιςο
953 1489 982 1519 11
1028 1471 1113 1522 Ἐν
1159 1469 1239 1536 τῷ
1287 1466 1696 1546 ἀπσστραφῆναι
1727 1466 1817 1522 τὸν

169 1552 366 1629 ἐχθρόν
431 1574 533 1628 μου
583 1555 662 1615 εἱς
707 1553 776 1608 16
824 1552 999 1609 ὀπίσω
1047 1553 1154 1609 ἀπὸ
1181 1555 1478 1628 προσώπου
1510 1575 1630 1624 σου,
1658 1556 1820 1619 ἀσθε-

166 1643 391 1714 νήσουσι
438 1639 532 1697 καί
578 1641 936 1697 ἀπολοῦνται·
983 1664 1014 1695 ›)
1061 1640 1266 1707 Πάντες
1339 1642 1393 1698 οἱ
1457 1644 1582 1718 περὶ
1656 1642 1813 1699 αὐτὸν

169 1726 429 1801 δηλονότι
459 1728 548 1785 καὶ
583 1729 669 1786 ὑπ’
698 1729 879 1787 αὐτόν.

247 1822 425 1875 «Ὅτι
477 1818 734 1890 ἐποίησας
782 1821 880 1889 τήν
932 1819 1108 1898 κρίσιν
1161 1841 1266 1894 μου
1331 1820 1422 1876 καὶ
1488 1822 1587 1892 τήν
1658 1817 1811 1893 δίκην

175 1930 300 1982 μου.
361 1932 391 1961 »
442 1908 733 1980 Ἐποίησας
789 1910 890 1979 τὴν
948 1909 1072 1986 περὶ
1132 1909 1266 1984 ἐμοῦ
1322 1909 1492 1988 κρίσιν
1555 1910 1645 1964 καὶ
1711 1912 1810 1980 τήν

170 1996 446 2053 δικαίωσίν
503 2019 628 2072 μου.
681 1998 778 2052 Καὶ
825 1999 915 2053 τὸν
988 1998 1082 2072 μὶν
1145 1997 1402 2074 τύραννον
1476 1996 1812 2075 κατ’έκρινας,

169 2086 264 2161 ἐμὲ
323 2083 370 2142 δ’
427 2084 742 2149 ἐδικαίωσας
798 2094 902 2157 τῆς
976 2087 1140 2142 αὐτοῦ
1205 2087 1427 2161 θέμενος
1501 2087 1813 2165 τυραννίδος

167 2174 462 2253 ἐλεύθερον.
498 2175 650 2230 Οὕτω
682 2175 768 2230 καὶ
798 2175 861 2230 τὸ
893 2175 1226 2251 Εὐαγγέλιον
1263 2173 1559 2250 διατρανοῖ.
1595 2201 1625 2230 ‹‹
1657 2181 1763 2232 Νῦν
1783 2179 1812 2233 6

165 2260 349 2342 ἄρχων
376 2268 473 2320 τοῦ
501 2264 710 2337 κόσμου
741 2263 935 2320 τούτου
967 2265 1230 2342 κέκριται.
1265 2291 1287 2320 ι

235 2396 263 2424 ‹‹
297 2372 576 2436 Ἐκάθισας
634 2371 722 2426 ἐπὶ
785 2370 978 2448 θρόνου
1038 2373 1065 2428 6
1122 2371 1322 2447 κρίτων
1378 2370 1745 2445 δικαιοσύνην.
1780 2397 1810 2425 ››

166 2458 425 2518 Ἀνελθὼν
491 2463 624 2535 μετὰ
664 2472 764 2530 την
841 2460 1122 2517 ἀνάστασιν
1176 2461 1252 2526 εἰς
1319 2459 1448 2524 τοὺς
1525 2462 1808 2536 οὐρανοὺς,

164 2548 250 2607 ἐπὶ
301 2543 494 2626 θρόνου
553 2546 711 2620 δόξης
759 2547 1009 2614 ἐκάθισας
1059 2550 1192 2624 μετᾶ
1223 2549 1499 2623 σώματος.
1530 2551 1594 2607 Ὀ
1624 2550 1808 2626 κρίνας

165 2634 406 2710 δικαίως,
461 2638 550 2692 καὶ
607 2637 698 2693 τὸν
759 2637 1067 2708 ἀποστάτην
1130 2632 1376 2694 ἐκϐαλὼν
1437 2637 1558 2712 ἔξω,
1618 2638 1715 2713 ἐμὲ
1764 2637 1809 2694 δ’

167 2725 270 2781 ὑπὸ
318 2727 416 2796 τὴν
461 2727 558 2795 σὴν
609 2723 920 2782 δεσποτείαν
969 2727 1289 2803 εἰσαγαγὼν,
1341 2728 1369 2783 6
1405 2728 1496 2783 καὶ
1551 2728 1676 2784 τότε
1719 2727 1809 2782 καί

165 2819 253 2870 νῦν
283 2815 373 2870 καὶ
422 2812 510 2871 διὰ
554 2815 754 2878 παντὸς
805 2813 1008 2879 δίκαιος
1061 2815 1319 2894 ὑπάρχων
1363 2819 1578 2893 κριτὴς,
1629 2816 1809 2872 ἐπετί-

167 2925 340 2977 μησας
395 2902 583 2972 ἔθνεσι,
631 2903 720 2958 καὶ
769 2903 1022 2960 ἀπώλετο
1073 2899 1289 2976 ἀσεϐής.
1339 2906 1502 2975 Ἔθνη
1535 2909 1626 2960 νῦν
1657 2903 1806 2980 λέγει

157 2992 282 3056 τοὺς
315 2990 593 3066 δαίμονας,
627 2993 701 3054 ὡς
732 2993 967 3068 πρώτως
999 2992 1256 3066 ἀνόμους,
1287 2993 1376 3049 καὶ
1408 2997 1527 3065 τῆς,
1579 2995 1804 3068 ἀνομίας

163 3079 546 3158 ὃθμιουργούς.
597 3082 962 3155 Ἐπετίμησας
1006 3087 1124 3145 τοῖς
1174 3081 1395 3155 δαίμοσι
1440 3080 1529 3139 616
1572 3087 1670 3137 106
1697 3087 1803 3138 τῶν

162 3169 478 3225 ἀποστόλων
533 3168 906 3246 κηρύγματος,
955 3170 1196 3246 ἐχόντων
1248 3170 1486 3244 ἐξουσίαν
1551 3170 1802 3245 ἐπιτιμᾷν

164 3255 405 3331 δαίμόσι,
435 3259 524 3313 καὶ
550 3263 870 3314 καταπατεῖν
910 3265 1081 3314 πᾶσαν
1109 3261 1208 3330 τὴν
1258 3256 1480 3332 δύναμιν
1527 3264 1624 3315 τοῦ
1673 3259 1801 3336 ἐχθ-

1399 442 1822 513 EXPOSITIO
1868 447 1948 510 IN
1991 447 2377 514 PSALMOS.

173 576 278 632 Διά
312 576 406 650 μὲν
438 571 534 630 οῦν
562 577 662 631 τοῦ
702 574 869 630 εἰπεῖν
916 575 1007 630 τὸν
1058 572 1252 651 ἐχθρόν
1313 596 1418 648 μου
1460 574 1650 640 ἐνικῶς
1701 575 1830 649 ἐδή-
1864 583 1916 650 Α
1947 576 2338 658 ἐξωλὸθρευται
2377 602 2390 615 ·

3439 451 3600 515 1366

2448 584 2477 638 6
2532 581 2589 638 δὲ
2643 581 2841 659 Κύριος
2914 586 3104 653 Ιησοῦς
3163 581 3238 646 εἷς
3292 582 3386 638 τὸν
3426 582 3597 640 αἰῶνα

1947 670 2089 742 μένει
2141 671 2459 744 τιμώμενός
2517 692 2576 727 τε
2632 671 2722 726 καὶ
2781 671 3275 747 προσκυνούμενος,
3357 669 3447 727 καὶ
3527 672 3592 728 τὸ

1938 757 2101 812 αὐτοῦ
2156 761 2416 835 πανάγιον
2479 755 2660 833 ὄνομα
2719 759 2980 830 διηνεκῶς
3063 757 3416 835 μεγαλύνεται
3498 757 3590 814 καὶ

1938 845 2359 911 ἀκαταπαύστως
2474 846 2771 919 δοξάζεται,
2869 846 2958 902 καὶ
3059 854 3159 916 τῆς
3258 845 3587 918 Ἐκκλησίας

1937 931 2101 988 αὐτοῦ
2145 934 2316 992 πύλαι
2363 932 2494 1006 ᾅδου
2544 935 2606 990 οὐ
2653 933 3095 1010 κατισχύσουσιν.
3141 933 3461 1008 ’Πτοίμασεν
3530 934 3582 991 ἐν

1934 1021 2104 1098 κρίσει
2153 1024 2242 1078 τὸν
2295 1024 2481 1098 θρόνον
2533 1024 2717 1080 αὐτοῦ.
2768 1025 3080 1099 Προώρισεν
3129 1022 3180 1079 ἐν
3231 1023 3404 1101 κρίσει
3433 1024 3583 1081 καθί-

1933 1131 2020 1165 σαι
2067 1113 2205 1167 κατά
2253 1113 2344 1168 τὸν
2393 1121 2496 1184 τῆς
2543 1110 2847 1176 συντελείας
2891 1117 2986 1168 τοῦ
3016 1111 3213 1176 αἰῶνος
3241 1113 3435 1169 τούτου
3464 1135 3584 1170 και-

1935 1199 2048 1276 ρόν.
2099 1199 2199 1256 Καὶ
2248 1200 2408 1265 αὐτὸς
2457 1207 2633 1276 κρινεῖ
2674 1203 2774 1272 τήν
2825 1200 3169 1276 οἰκουμένην.
3205 1224 3235 1254 11
3264 1203 3348 1258 Ἐν
3383 1200 3586 1260 δικαιο-

1933 1287 2064 1364 σύνῃ
2109 1286 2279 1366 κρίνει
2347 1288 2513 1354 λαοὺς
2570 1290 2622 1346 ἐν
2676 1289 2950 1362 εὐθύτητι.
3037 1313 3066 1342 ››
3140 1296 3316 1347 Ταῦτα
3397 1288 3578 1368 διαγο-

1932 1379 2178 1453 ρεύουσιν
2229 1378 2289 1434 ἐκ
2332 1378 2700 1456 παραλλήλου
2744 1381 2810 1436 τὸ
2853 1384 2952 1436 τοῦ
2995 1379 3340 1455 παγκοσμίου
3390 1385 3580 1457 κριτοῦ

1931 1463 2138 1523 δίκαιον
2165 1467 2255 1523 καὶ
2285 1466 2704 1546 ἀπαρέγκλιτον.
2758 1493 2788 1522 (ι
2819 1469 2919 1525 Καὶ
2949 1467 3156 1546 ἐγένετο
3188 1470 3384 1546 Κύριος
3411 1490 3579 1526 κατα-

1928 1557 2069 1633 φυγὴ
2101 1561 2180 1629 τῷ
2225 1556 2438 1627 πένητι.
2491 1582 2520 1611 ››
2571 1587 2641 1601 --
2687 1556 2902 1629 Πένητα
2933 1557 3083 1634 λέγει
3111 1559 3202 1614 τὸν
3234 1557 3578 1631 ἀνθρωπίνης

1931 1641 2240 1708 δυναστείας
2291 1646 2382 1702 καὶ
2448 1646 2776 1724 προστασίας
2848 1645 3204 1724 ἐστερημένόν
3238 1663 3253 1679 ⁸
3327 1645 3576 1726 διασαφεῖ

1930 1729 1990 1788 δέ
2019 1730 2109 1788 616
2135 1732 2341 1790 τούτων
2398 1734 2462 1790 τὸ
2515 1739 2614 1790 τοῦ
2669 1734 2872 1813 Κύρίυυ
2924 1735 3200 1810 συμπαθὲς
3247 1735 3336 1792 καὶ
3365 1735 3571 1810 ἀπρόσ-

1925 1822 2257 1894 ωπόληπτον
2292 1841 2307 1856 ο
2383 1821 2543 1888 αὐτὸς
2615 1824 2645 1879 6
2717 1821 2917 1901 Κύριος
2993 1824 3021 1879 6
3094 1823 3435 1901 παγκόσμιος
3520 1823 3574 1881 ἐν

1842 1955 1892 2022 Β
1925 1911 2174 1989 ὑστάροις
2240 1912 2452 1987 καιροῖς
2525 1910 2770 1986 δικστής,
2838 1912 2998 1976 αὐτὸς
3070 1913 3161 1968 καὶ
3221 1917 3314 1968 νῦν
3381 1912 3570 1990 γέγονε

1980 2021 1985 2022 ,
2181 2001 2196 2022 ε
2302 2007 2330 2017 ..
2448 2002 2460 2022 ι
2556 2021 2563 2022 ,
2637 2019 2648 2022 _
2707 2002 2736 2022 ο
2820 2001 2870 2022 ,κ
2992 2001 3007 2022 .
3161 2001 3176 2021 ν
3294 2001 3333 2022 ν,
3516 2002 3530 2022 ν

1920 2001 2204 2079 καταφυγὴ
2262 2007 2342 2074 τῷ
2397 2002 2599 2072 πένητι
2635 2019 2649 2032 ⁸
2707 2001 2910 2077 βοηθὸς
2989 2001 3040 2058 ἐν
3126 2001 3443 2075 εὐκαιρίαις,
3512 2002 3565 2060 ἐν

1921 2088 2188 2165 θλίψεσιν,
2248 2088 2460 2165 ἐγένετο
2513 2089 2708 2166 Κύριος
2763 2090 2845 2162 τῷ
2902 2093 3137 2161 ταπεινῷ
3177 2089 3266 2145 καὶ
3297 2090 3567 2167 ἀπροστα-

1917 2178 2112 2252 τεύτῳ,
2167 2179 2372 2255 βοηθὸς
2418 2178 2469 2234 ἐν
2527 2183 2646 2242 ταῖς
2700 2177 2967 2252 θλίψεσιν,
3001 2177 3287 2255 εὐκαίρως,
3315 2180 3487 2256 ἤγουν
3515 2177 3568 2234 ἐν

1920 2271 2092 2344 καιρῷ
2119 2266 2199 2340 τῷ
2229 2269 2587 2342 προσήκοντι.

1991 2396 2021 2425 ‹‹
2079 2373 2179 2428 Καὶ
2256 2371 2627 2428 ἐλπισάτωσαν
2697 2372 2784 2428 ἐπὶ
2847 2374 2905 2429 σὲ
2964 2373 3016 2428 οἱ
3068 2372 3426 2448 γινώσκοντες
3503 2373 3567 2428 τὸ

1920 2461 2095 2536 ὅνομά
2147 2482 2264 2534 σου,
2312 2461 2395 2518 6'11
2461 2460 2562 2518 οὐκ
2619 2459 2970 2538 ἐγκατέλιπες
3023 2461 3154 2524 τοὺς
3211 2459 3568 2532 ἐκζητοῦντάς

1917 2572 1997 2620 σε,
2054 2551 2237 2628 Κύριε.
2297 2575 2326 2604 ››
2387 2549 2486 2607 Καί
2543 2549 2738 2606 λοιπὸν
2797 2550 3018 2628 ἐπείπερ
3074 2550 3177 2606 οὐκ
3217 2548 3566 2627 ἐγκατέλιπες

1915 2638 2044 2703 τοὺς
2090 2640 2336 2716 ἐκψυχῆς
2391 2640 2684 2710 ζητοῦντάς
2739 2658 2817 2710 σε,
2867 2637 3051 2716 Κύριε,
3086 2636 3296 2694 δίκαιον
3326 2636 3566 2708 ἐλπίζειν

1916 2726 2006 2784 ἐπὶ
2088 2731 2147 2784 σὲ
2198 2727 2564 2804 γινώσκοντάς
2620 2748 2679 2786 σε
2730 2726 2862 2791 τοὺς
2927 2727 3006 2790 εἰς
3082 2727 3142 2783 σὶ
3214 2725 3564 2790 πιστεύοντας

1917 2812 2174 2881 εὐσεϐῶς.
2241 2842 2262 2870 ι
2325 2816 2549 2874 Ψάλατε
2599 2821 2680 2890 τῷ
2737 2815 2922 2893 Κυρίῳ
2973 2819 3053 2888 τῷ
3109 2819 3456 2871 κατοικοῦντι
3507 2815 3560 2871 ἐν

1917 2906 2086 2976 Σιὼν,
2132 2929 2162 2958 ››
2217 2911 2296 2980 τῷ
2352 2909 2688 2963 κατοικοῦντι
2741 2905 2881 2961 κακᾶ
2929 2906 3020 2962 τὸν
3077 2907 3179 2973 τῆς
3235 2902 3562 2967 οἰκειώσεως

1916 2994 2082 3070 λόγον
2120 2993 2171 3050 ἐν
2200 2998 2270 3069 τῇ
2302 2999 2410 3051 τῶν
2436 2999 2641 3050 πιστῶν
2673 2991 2990 3067 Ἐκκλησία,
3026 2991 3116 3048 καὶ
3148 2989 3237 3048 616
3261 2996 3423 3049 10610
3469 2990 3560 3047 καὶ

1915 3083 1966 3140 ἐν
2001 3083 2078 3139 ἐνὶ
2104 3084 2311 3158 ἑκάστῳ
2339 3088 2536 3156 πιστῷ.

1982 3196 2014 3226 ‹‹
2069 3172 2454 3249 Ἀναγγείλατε
2508 3172 2560 3229 ἐν
2616 3177 2735 3237 τοῖς
2787 3170 2959 3237 ἔθνεσι
3031 3171 3102 3228 16
3156 3167 3563 3242 ἐπιτηδεύματα

1912 3260 2154 3319 αὐτοῦ.»
2194 3263 2266 3317 Τὸ
2322 3261 2671 3339 ἀναγγέλλειν
2714 3262 2782 3317 16
2829 3258 2958 3338 ἔργα
3000 3259 3092 3316 καὶ
3118 3260 3217 3323 τὰς
3247 3257 3562 3333 οἰκονομίας

162 3351 277 3424 ροῦ.
312 3346 408 3402 Διὰ
433 3354 534 3417 τῆς
562 3347 818 3418 τοιαύτης
845 3347 1023 3403 τοίνυν
1086 3348 1456 3423 ἐπιτιμήσεως
1516 3347 1577 3403 οὐ
1640 3321 1873 3423 μόδονα
1907 3355 2007 3406 τοῦ
2064 3355 2318 3427 Χριστοῦ,
2379 3321 2480 3420 τήέ
2537 3321 2964 3426 ἐνανθρώπησίν,
3023 3348 3091 3404 16
3179 3347 3429 3421 θαύματα
3492 3347 3562 3403 16

161 3433 411 3508 δαίμονες
441 3433 847 3511 ἐδραπέτευσαν,
883 3435 1029 3493 ἀλλὰ
1056 3437 1146 3494 καὶ
1178 3438 1206 3492 6
1255 3437 1428 3494 αὐτῶν
1484 3437 1673 3516 ἀρχων
1712 3438 1802 3494 καὶ

157 3529 370 3601 πρῶτος
399 3521 599 3596 ἀσεϐἡν
633 3525 1000 3604 ἐξηφάνισται.

224 3657 255 3686 ‹‹
301 3633 371 3688 Τὸ
419 3627 594 3706 ὄνομα
661 3632 824 3689 αὐτοῦ
879 3633 1166 3708 ἐξήλειψας
1219 3633 1295 3696 εἰς
1342 3632 1435 3690 τὸν
1481 3633 1654 3690 αἰῶνα
1713 3634 1803 3690 καὶ

154 3721 231 3784 εἰς
285 3721 376 3777 τὸν
431 3721 604 3777 αἰῶνα
656 3725 754 3777 τοῦ
811 3721 1032 3785 αἰῶνος.
1078 3745 1106 3774 ‹‹
1138 3720 1290 3778 Πολὺ
1319 3723 1382 3778 τὸ
1410 3727 1508 3779 τοῦ
1539 3717 1802 3779 διαϐόλου

152 3805 328 3884 ὄνομα
355 3809 435 3884 τῷ
464 3810 658 3884 κόσμῳ
707 3807 797 3866 616
840 3817 939 3880 τῆς
987 3808 1443 3886 εἰδωλολατρείας
1483 3809 1800 3890 ἐφήπλωτο.

152 3898 228 3955 Σὺ
278 3897 336 3956 δὲ
383 3903 544 3955 τοῦτο
594 3900 821 3973 πάμπαν
872 3898 1160 3975 ἐξήλειψας
1195 3898 1416 3956 αἰωνίου
1447 3897 1528 3955 ἄεί
1561 3919 1574 3933 ·
1605 3900 1668 3955 τὸ
1697 3902 1803 3977 γὰρ

153 3987 230 4050 εἰς
291 3988 382 4043 τὸν
468 3987 637 4044 αἰῶνα
710 3992 808 4042 τοῦ
890 3988 1086 4052 αἰῶνος
1174 3985 1477 4059 διηνεκείας
1560 3987 1805 4069 ἐμφαίνει

151 4075 414 4135 ἐπίτασιν.

226 4190 255 4219 ‹‹
284 4170 390 4221 Τοῦ
421 4165 624 4242 ἐχθροῦ
654 4163 902 4240 ἐξέλιπον
934 4166 988 4221 αἱ
1040 4165 1307 4244 ῥομφαῖαι
1357 4165 1431 4229 εἰς
1480 4164 1662 4240 τέλος,
1712 4168 1802 4224 καὶ

155 4252 344 4317 πολεις
399 4254 668 4319 καθεῖλες.
729 4279 758 4307 ››
801 4257 877 4310 T6
922 4259 1031 4310 τῶν
1082 4253 1367 4326 Ἑλλήνων
1402 4253 1530 4319 ἄθεα
1561 4253 1805 4332 δόγματα

159 4342 429 4421 ῥομφαίας
477 4347 572 4397 τοῦ
621 4338 882 4399 διαϐόλου
933 4342 1065 4422 φησί
1096 4362 1110 4375 ⁸
1166 4344 1240 4397 ὧν
1292 4343 1451 4406 αὐτὸς
1484 4345 1512 4398 6
1544 4340 1801 4407 διάϐολος

152 4433 248 4494 τὰς
277 4437 384 4487 τῶν
435 4431 735 4507 ἀνθρώπων
775 4432 963 4509 ἀνῄρει
1015 4433 1195 4508 ψυχάς
1229 4451 1242 4464 '
1293 4431 1484 4494 πολεις
1519 4430 1576 4488 δὲ
1603 4433 1670 4488 16
1694 4439 1800 4488 τῶν

159 4519 710 4597 εἰδωλολατρούντων
771 4523 1107 4596 συστήματα,
1166 4521 1256 4577 καὶ
1311 4528 1412 4593 τῆς
1471 4512 1649 4578 αὐτῶν
1670 4534 1802 4600 θρη-

153 4609 331 4672 σκείας
357 4609 426 4665 τὰ
456 4609 815 4686 ὀχυρώματα.

1910 3438 2323 3516 προστάγματα,
2379 3439 2471 3495 καὶ
2527 3440 2672 3512 αὐτῷ
2723 3438 2952 3512 στόματι
3008 3437 3099 3494 καὶ
3159 3434 3229 3492 δι’
3258 3432 3559 3494 ἐπιστολῶν

1908 3526 2000 3583 καί
2045 3533 2285 3607 γραφῶν,
2338 3527 2390 3583 ἐν
2438 3533 2556 3591 τοῖς
2602 3527 2701 3583 οὐκ
2748 3525 2946 3582 εἰδόσιν
3009 3522 3179 3582 ἔθνεσι
3227 3529 3415 3597 ταῦτα,
3463 3523 3556 3580 καὶ

1909 3617 2038 3672 πάσι
2100 3618 2166 3690 με
2218 3615 2406 3694 ἔχουσι
2474 3615 2642 3694 λόγου
2717 3614 2940 3690 δύναμιν
3016 3614 3244 3690 ἁρμόζει
3315 3616 3552 3686 πιστοῖς,

1909 3705 2190 3782 ἐξαιρέτως
2248 3703 2305 3762 δὲ
2359 3709 2475 3768 τοῖς
2529 3703 2882 3775 ἀποστόλοις,
2940 3702 3023 3766 οἷς
3080 3703 3224 3759 εἶπεν
3272 3701 3554 3780 ὁΚύριος,

1913 3817 1943 3849 ι(
1971 3796 2325 3869 Πορευθέντες
2362 3792 2729 3868 μαθηνεύσατε
2751 3791 2926 3848 πάντα
2947 3792 3017 3848 16
3039 3789 3188 3863 ἔθνη.
3222 3817 3245 3848 ι

1982 3903 2162 3956 «Ὅτι
2208 3901 2236 3956 6
2296 3899 2535 3972 ἐκζητῶν
2585 3900 2654 3956 τὰ
2698 3897 2902 3974 α’ίματα
2948 3895 3122 3954 αὐτῶν
3165 3897 3425 3974 ἐμνήσθθ,
3457 3895 3558 3952 οὐκ

1911 3990 2200 4047 ἐπελάθετο
2256 3997 2358 4061 τῆς
2417 3996 2664 4067 κραυγῆς
2753 3991 2862 4046 τῶν
2961 3990 3230 4061 πενήτων.
3295 4009 3326 4042 π
3401 3993 3555 4044 Οὕτω

1913 4081 2268 4136 συντακτέον·
2327 4081 2606 4154 Ἐμνήσθη
2661 4085 2764 4149 τῆς
2818 4084 3057 4156 κραυγῆς
3118 4079 3228 4134 τῶν
3283 4077 3553 4148 πενήτων,

1913 4169 2012 4224 οὐκ
2067 4168 2356 4225 ἐπελάθετο
2387 4187 2402 4202 ο
2460 4167 2551 4222 καὶ
2606 4167 2709 4244 γὰρ
2763 4167 2816 4222 οἰ
2863 4165 3090 4238 πένητες
3160 4165 3361 4228 παντὸς
3432 4165 3557 4240 ἀγα-

1911 4261 2009 4321 θοῦ
2193 4253 2486 4331 δαιμονικῇ
2539 4251 2809 4332 τυραννίδι
2864 4251 3377 4330 ταλαιπωρούμὶνοι
3456 4252 3552 4326 μέ-

1909 4345 2007 4422 χρι
2054 4353 2262 4425 σφαῂς
2305 4346 2396 4401 καὶ
2442 4348 2542 4416 τῆς
2583 4348 2690 4400 τῶν
2741 4343 2954 4399 οἰκείων
3003 4341 3248 4416 αἱμάτων
3279 4339 3551 4416 ἐκχύσεως

1911 4433 2132 4512 ἔκραζον
2185 4434 2351 4489 οἱονεὶ
2400 4434 2540 4510 πρὸς
2595 4434 2686 4489 τὸν
2742 4431 2892 4489 Θεόν.
2937 4435 2999 4487 Ἥ
3045 4431 3238 4504 πρᾶξις
3266 4429 3483 4506 γὰρκαὶ
3513 4431 3550 4498 ἡ

1909 4522 2143 4594 πάθησις
2171 4524 2261 4578 καὶ
2291 4527 2396 4578 τῶν
2427 4521 2772 4595 πραττόντων
2811 4517 2848 4590 ἤ
2895 4518 3218 4594 πασχόντων
3271 4517 3551 4592 σιγώντων

1910 4607 2218 4668 αὐτοϐοῶσι
2273 4612 2414 4690 πφὸς
2455 4612 2547 4666 τὸν
2623 4609 2752 4666 Θεὸν
2812 4609 2904 4664 τὸν
2973 4605 3154 4663 εἰδότα
3217 4605 3392 4662 πάντα
3461 4605 3553 4661 καὶ

234 4723 255 4750 ιι
303 4697 585 4756 Ἀπώλετο
643 4699 706 4754 τὸ
767 4697 1118 4773 μνημόσυνον
1174 4697 1341 4754 αὐτοῦ
1405 4700 1517 4774 μετ’
1572 4697 1742 4776 ἤχου.
1779 4723 1800 4754 ι
1837 4686 1883 4751 D
1913 4699 2041 4778 πρὶν
2097 4686 2382 4775 γενέσεως.
2445 4699 2501 4752 Ὁ
2555 4696 2736 4753 τοίνυν
2794 4697 2860 4752 v6
2915 4692 3118 4769 α’ίματα
3195 4693 3371 4748 αὐτῶν
3441 4696 3551 4748 τῶν

162 4792 241 4859 Τῆ
246 4810 270 4852 ς
399 4785 853 4863 εἰδωλολατρείας
968 4787 1333 4864 ἁπανταχόθεν
1435 4787 1766 4864 ἀναιρεθείση
1778 4810 1802 4851 ς

165 4875 416 4946 ἀηώλετο
478 4878 592 4948 μετ’
652 4873 803 4953 ἤχου
849 4877 913 4931 τὸ
963 4881 1059 4932 τοῦ
1120 4871 1381 4932 διαϐόλου
1431 4876 1801 4950 μνημόσυνον,

156 4966 425 5036 τουτέστι,
484 4961 816 5041 περιϐόητος
872 4965 963 5020 καὶ
1021 4965 1337 5036 ἐξάκουστος
1394 4967 1561 5035 ἡτῆς
1619 4961 1804 5020 διαϐο-

158 5055 320 5125 λικῆς
385 5057 608 5130 μνήμης
668 5053 917 5110 ἀπώλεια
963 5053 1176 5130 γέγονεν
1210 5073 1223 5088 ο
1295 5053 1370 5116 εἰς
1448 5058 1618 5110 πῶαν
1699 5057 1804 5131 γὰρ

155 5147 491 5222 περιήχηται
559 5151 688 5222 γῆν,
738 5144 812 5209 ὡς
865 5140 1298 5221 εἷδωλολατρεία
1350 5142 1661 5221 καθῄρηται
1715 5145 1805 5200 καὶ

158 5235 469 5312 ἠφάνισται.

232 5323 390 5378 «Καὶ
449 5324 476 5378 6
529 5322 724 5397 Κύριος
784 5323 861 5386 εἷς
917 5324 1008 5378 τὸν
1067 5324 1235 5378 αἰῶνα
1295 5342 1465 5395 μενει.
1532 5346 1562 5374 ››
1620 5324 1808 5378 -Διὰ

159 5417 340 5484 τοῦτο,
399 5420 499 5481 τῆς
571 5408 840 5475 εὐσεϐείας
891 5410 1140 5484 ἐδήλωσε
1201 5412 1430 5486 μόνιμον
1485 5412 1575 5466 καὶ
1608 5409 1804 5468 ἀὶδιον.

161 5504 260 5558 Καὶ
319 5504 347 5557 ὁ
405 5503 498 5576 μὲν
555 5497 755 5571 ἀσεϐὴς
814 5501 1067 5557 ἀπώλετο
1143 5502 1232 5556 καὶ
1290 5503 1352 5557 τὸ
1411 5499 1576 5556 αὐτοῦ
1633 5500 1810 5574 ὄνομα

161 5591 334 5663 πάντη
383 5592 718 5667 πάνταχόθεν
771 5589 958 5652 ἀϊδίως
1013 5589 1350 5664 ἐξήλειπται,
1396 5591 1450 5646 αἱ
1479 5594 1575 5645 τοῦ
1607 5589 1808 5666 ἐχθροῦ

164 5681 428 5759 ῥομφαῖαι
478 5681 554 5742 εἰς
603 5679 761 5742 τέλος
820 5678 1088 5749 ἐξέλιπον,
1132 5680 1186 5734 αἰ
1235 5679 1427 5742 πόλεις
1457 5678 1620 5735 αὐτοῦ
1649 5699 1809 5733 κατα-

161 5765 478 5843 θέϐληνται,
539 5769 603 5825 τὸ
679 5762 1028 5843 μηνμόσυνον
1104 5767 1268 5824 αὐτοῦ
1355 5767 1490 5844 μετά
1570 5773 1808 5845 κραυγῆς

1913 4788 2074 4844 ἐθνῶν
2121 4787 2360 4858 ἐκζητῶν
2418 4786 2615 4864 Κύριος
2668 4785 2738 4840 16
2791 4784 2843 4840 ἐν
2904 4789 3024 4846 ταῖς
3087 4786 3196 4838 τῶν
3277 4777 3551 4855 δαιμόνων

1911 4877 2201 4953 ἐκρεόμενα
2256 4874 2481 4944 θυσίαις,
2538 4871 2709 4950 ἤγουν
2767 4874 2795 4928 6
2855 4869 3007 4936 δίκας
3066 4868 3397 4944 εἰσπράττων
3453 4873 3554 4942 τῆς

1913 4968 2130 5021 ἀνοσιου
2184 4964 2386 5034 ταύτης
2437 4967 2545 5019 τῶν
2621 4960 2866 5036 αἱμάτων
2941 4959 3238 5036 ἐκχύσεως,
3308 4959 3550 5032 ἐμνήσθη

1909 5058 2009 5125 τῆς
2065 5059 2172 5109 τῶν
2242 5051 2622 5131 σφαττομένων
2702 5049 2949 5106 ἐλεεινῶν
3022 5049 3114 5104 καὶ
3186 5048 3552 5125 ταλαιπώρων

1915 5143 2212 5220 ἀνθρώπων
2261 5149 2526 5216 κραυγῆς,
2576 5139 2668 5195 καὶ
2718 5139 2818 5194 οὐκ
2868 5135 3179 5196 ἐπελάθετο.
3233 5159 3264 5190 ‹‹
3297 5135 3557 5208 Ἐλέησόν

1920 5253 2006 5306 με,
2065 5231 2246 5307 Κύριε,
2305 5228 2387 5284 ἴδε
2430 5230 2531 5298 τήν
2578 5227 2895 5284 ταπείνωσίν
2947 5247 3052 5301 μου
3111 5225 3171 5282 ἐκ
3203 5230 3313 5282 τῶν
3345 5225 3554 5303 ἐχθρῶν

1919 5343 2044 5396 μου,
2080 5321 2108 5376 6
2140 5320 2285 5393 ὑψῶν
2331 5339 2398 5392 με
2426 5318 2485 5373 ἐκ
2509 5322 2615 5373 τῶν
2647 5315 2836 5372 πυλῶν
2862 5320 2958 5370 τοῦ
2990 5315 3241 5381 θανάτου.
3275 5338 3306 5368 υ
3349 5323 3555 5392 Διηγη-

1919 5409 2148 5482 σάμενος
2194 5408 2319 5484 περὶ
2383 5409 2455 5462 ῶν
2504 5407 2860 5482 κατώρθωσεν
2908 5405 2936 5459 6
2986 5404 3260 5476 Δεσπότης
3319 5404 3552 5481 Χριστὸς

1917 5497 2007 5554 δῖὰ
2079 5504 2179 5567 τῆς
2241 5494 2444 5560 οἰκείας
2519 5494 2970 5570 ἐνανθρωπήσεως
3034 5492 3126 5549 καὶ
3181 5496 3280 5550 τοῦ
3347 5490 3557 5555 πάθους

1917 5587 2080 5643 αὐτοῦ
2109 5587 2197 5642 καὶ
2225 5592 2326 5657 τῆς
2358 5582 2692 5648 ἀνάστάσεως
2740 5584 2831 5639 καὶ
2883 5581 3234 5656 ἀναλήψεως,
3293 5581 3555 5657 ἐπήγαγεν

1918 5676 2267 5751 ἁρμοζόντως
2323 5674 2405 5731 6'11
2465 5674 2622 5738 αὐτὸς
2679 5668 2824 5731 ἔσται
2881 5671 2973 5728 καὶ
3044 5678 3146 5741 τῆς
3231 5668 3558 5743 οἰκουμένης

1917 5765 2129 5837 ἀπάσης
2176 5764 2368 5841 κριτὴς
2415 5761 2621 5828 δίκαιος
2666 5761 2758 5820 καὶ
2811 5757 3229 5838 ἀπαρέγκλιτος.
3292 5757 3428 5814 Εἶτα
3487 5758 3552 5814 τὸ
