3988 6424
436 452 464 510 1
475 452 592 512 367

1686 441 2108 507 NICEPHORI
2150 439 2590 504 BLEMMIDE

3713 445 3882 506 1368

429 581 706 653 συμπαθὲς
781 577 945 633 αὑτοῦ
1021 577 1109 631 καὶ
1188 575 1654 652 ἀπροσωπόλητον
1736 574 2068 652 ἀνακηρύξας
2100 577 2154 644 Α
2182 574 2218 642 ἡ
2248 577 2356 627 τῶν
2405 572 2720 649 Εὑαγγελίω
2747 594 2765 631 ι
2821 568 3010 650 βίϐλος
3062 571 3294 644 διέξεισι.
3327 578 3458 637 Ταῖς
3493 574 3746 629 οἰκείαςν
3785 575 3875 630 οῖς-ι

443 669 532 724 διά
557 673 676 739 τοῦ,
711 692 737 718 ‹‹
774 667 874 724 Καὶ
918 666 1119 742 ἐγένετο
1151 665 1342 739 Κύριος
1374 668 1656 744 καταιρυγοὲ⁸
1689 671 1768 737 τῶ
1798 665 2011 735 πένητι,
2039 688 2067 715 ››

423 756 588 812 πάλιν
649 756 726 818 εἰς
790 757 880 810 τὸν
967 754 1091 830 περὶ
1167 756 1264 822 τῆς
1337 754 1654 827 οἰκονομίας
1732 753 2074 826 ἐπανέκαμψε

426 845 593 919 λόγον
651 844 840 915 εἰπὼν,
893 867 922 895 ‹‹
967 841 1349 919 Ἀναγγείλατε
1399 841 1449 896 ἐν
1497 849 1611 905 τοῖς
1663 842 1830 897 ἔθνεσι
1858 844 1926 897 τά
1955 840 2073 896 ἐπι-

423 931 741 1007 τηδεύματα
795 933 981 1002 αὐτοῦ,
1040 956 1069 982 ››
1127 931 1217 985 καὶ
1292 928 1358 1000 δὴ
1441 938 1543 1001 τῆς
1617 936 1724 986 τῶν
1802 928 2075 1004 δαιμόνων

444 1021 700 1097 μνησθεὶς
753 1021 1108 1093 ἰταμότητος,
1158 1019 1309 1082 ὅπως
1358 1025 1466 1076 τῶν
1514 1020 1602 1075 ὑπ’
1649 1019 1822 1074 αὐτῶν
1882 1039 2078 1094 τυραν-

431 1111 714 1184 νουμένων
774 1108 902 1172 τοὺς
967 1109 1060 1182 μὶν
1131 1109 1206 1170 εἰς
1275 1111 1338 1164 τὸ
1411 1109 1793 1186 κατασφάττειν
1872 1106 2078 1184 ἤγαγον

432 1201 560 1263 τοὺς
637 1198 950 1278 φιλτάτους⁶
1008 1197 1133 1259 τοὺς
1209 1195 1256 1252 δ’
1342 1199 1443 1252 ὑπὸ
1552 1202 1658 1252 τῶν
1737 1197 2080 1253 οἰκειοτάτων

435 1292 697 1360 ποιήκασι
799 1289 1275 1365 κατασφάττεσθαι,

437 1379 649 1434 θύεσθαι
683 1376 862 1441 θυσίαν
916 1376 1114 1448 ἃνομον
1159 1376 1248 1429 καὶ
1300 1374 1681 1447 ἀπάνθκωπον,
1727 1375 1942 1450 πικρίάς
1997 1375 2088 1430 καὶ

441 1465 684 1544 δακρύων
745 1466 833 1519 καὶ
892 1467 1103 1540 θρήνων
1160 1463 1250 1518 καὶ
1306 1469 1572 1536 κοπετῶν,
1631 1461 1709 1518 ἔτι
1766 1486 1825 1518 τε
1871 1463 2088 1540 βλέπων

443 1557 574 1626 ὅσην
601 1553 974 1630 ἀναισχυντίαν
1027 1553 1275 1631 φέρουσιν
1326 1554 1378 1608 οἱ
1430 1552 1740 1628 ἀλάστορει,
1789 1552 1872 1609 ὅτι
1905 1554 1996 1608 καὶ
2027 1552 2090 1606 τὸ

443 1647 638 1720 κράτος
703 1641 1046 1721 ἀφῃρημένοι
1100 1641 1189 1696 καὶ
1239 1643 1338 1711 τὴν
1389 1641 1550 1718 ἰσχὺν
1602 1642 2087 1719 ἐκνενευρισμένοι,

441 1733 531 1788 καὶ
584 1733 733 1794 αὖθις
781 1737 894 1793 τοῖς
946 1735 1178 1799 πιστοῖς,
1232 1731 1322 1785 καὶ
1372 1727 1618 1786 θλίϐουσι
1685 1732 1775 1786 καὶ
1840 1737 2095 1786 κακοῦσιν

445 1821 662 1894 αὐτοὺς,
706 1820 782 1882 εἰς
833 1817 982 1876 ἔλεον
1029 1819 1330 1875 ἐκκαλεῖται
1385 1821 1476 1874 τὸν
1517 1821 1730 1896 Κύριον,
1768 1846 1788 1872 ι
1841 1819 2097 1892 Ἐλέησόν

1342 1199 1443 1252 ὑπὸ

1361 1287 1450 1341 καὶ
1533 1286 1676 1341 οὕτω
1758 1287 1899 1342 θύειν
1997 1288 2086 1341 καὶ

451 1933 536 1986 με,
589 1911 769 1986 Κύριε,
829 1907 1030 1984 λέγων,
1083 1906 1162 1963 ἴδε
1213 1930 1318 1981 μου
1381 1911 1480 1979 τήν
1528 1909 1866 1979 ταπείνωσιν,
1921 1933 1950 1961 ››
2004 1908 2177 2013 εἷῗΒ

483 2001 508 2013 -
645 1999 655 2013 ,
707 2003 731 2013 ,.
930 1999 940 2012 .
1038 1998 1052 2013 ς
1175 2002 1199 2012 ..
1307 1997 1321 2013 ,
1382 2002 1407 2012 -
1533 1997 1546 2013 .
1607 2009 1620 2013 -
1673 2004 1699 2013 -
1819 1999 1832 2013 ς

447 2001 538 2054 οὗν
595 1999 826 2053 κάκῶσιν
883 1999 982 2066 την
1035 1998 1094 2052 ἐκ
1134 2002 1241 2052 τῶν
1305 1997 1450 2070 ἐμῶν
1529 1997 1740 2074 ἐχθρῶν
1815 1999 2097 2076 ἐπενηνεγο

454 2087 618 2162 μένην
681 2109 798 2160 μοι,
848 2084 937 2141 ’ίδε
985 2086 1068 2158 οὺ,
1121 2087 1149 2140 6
1200 2086 1413 2161 ἀνάγων
1463 2108 1530 2159 με
1579 2086 1638 2141 ἐκ
1699 2092 1807 2142 τῶν
1873 2086 2096 2144 είσύδων

453 2177 625 2232 αὐτῶν
656 2181 762 2231 τῶν
798 2177 1124 2250 εἱσαγουσῶν
1154 2176 1290 2252 πρὸς
1332 2177 1421 2230 τὸν
1472 2177 1717 2233 θάνατον.
1769 2176 1951 2240 Πύλας
1995 2178 2098 2253 γὰρ

460 2266 688 2319 Θανάτου
757 2262 884 2325 τοὺς
947 2263 1216 2340 ἀφύκτους
1283 2261 1566 2326 κινδύνους
1635 2265 1914 2338 ὠνόμασεν
1997 2264 2101 2321 εἴτε

458 2357 666 2427 ψυχῆς,
717 2349 823 2407 εἷίτε
867 2352 1144 2424 υώματος.
1194 2376 1221 2403 ‹‹
1253 2354 1436 2414 Ὅπως
1482 2353 1541 2406 ἄν
1582 2352 1896 2430 ἐξαγγέλλω
1929 2356 2099 2417 πάσας

459 2442 554 2502 τὰς
619 2440 844 2502 αἰνέσεις
905 2461 998 2494 σου
1066 2439 1118 2495 ἐν
1177 2446 1297 2502 ταῖς
1378 2439 1577 2504 πύλαις
1659 2449 1757 2511 τῆς
1841 2444 2100 2519 θυγατρὸς

467 2531 636 2587 Σιών.
684 2553 714 2582 ››
759 2530 967 2605 Ἦγομν
1020 2529 1072 2584 ἐν
1115 2534 1230 2592 τοῖς
1277 2528 1376 2583 ὠσὶ
1404 2535 1510 2584 τῶν
1547 2535 1750 2585 πιστῶν
1787 2534 1946 2589 .Κιὼν
1996 2534 2100 2609 γὰρ

465 2617 809 2688 ὑποληπτέον
860 2617 1079 2672 ἐνταῦθα
1141 2617 1386 2694 λέγεσθαι
1432 2621 1532 2688 τήν
1577 2621 1738 2676 πόλιν
1788 2621 1876 2676 καὶ
1925 2643 2105 2676 κατοι-

459 2709 578 2764 κίαν
625 2713 734 2763 τῶν
787 2708 1108 2780 σωζομένων
1159 2708 1258 2776 τήν
1305 2707 1622 2782 ἐπουράνιον
1657 2727 1671 2741 ⁶
1734 2709 2000 2785 θυγατέρα
2047 2707 2106 2765 δὲ

459 2797 549 2853 καὶ
597 2795 946 2871 κληρονόμον
997 2795 1199 2866 ταύτης
1253 2803 1352 2866 τῆς
1409 2797 1624 2860 πόλεως
1678 2804 1848 2853 πᾶσαν
1916 2800 2101 2874 ψυχὴν

459 2881 625 2955 ἀσεϐῆ
673 2887 763 2940 καὶ
812 2884 1040 2963 θεοφιλῆ
1073 2904 1085 2916 ·
1137 2883 1312 2946 πύλας
1363 2883 1420 2940 δὲ
1466 2890 1650 2961 ψυχῆς
1707 2887 1796 2941 καὶ
1864 2885 2106 2949 εἰσόδους

457 2976 524 3030 τὰ
571 2974 684 3029 ὦτα
730 2972 799 3028 δι’
840 2976 912 3028 ὧν
961 2974 1262 3050 εἰσέρχεται
1310 2972 1476 3049 λόγος
1521 2982 1625 3037 πᾶς
1656 2974 1707 3030 ἐν
1740 2979 1917 3051 ψυχῇ,
1949 2976 2104 3052 Λέγει

455 3065 654 3136 τοίνυν,
707 3087 735 3116 ‹‹
789 3063 1048 3132 Ἐλέησον
1101 3084 1185 3135 με,
1242 3063 1423 3137 Κύριε,
1471 3064 1562 3118 καὶ
1608 3064 1675 3118 τὰ
1724 3063 1849 3140 ἔργα
1895 3086 1989 3119 σου
2017 3064 2106 3119 καὶ

457 3155 523 3208 τὰ
554 3155 826 3225 θαυμάσιά
878 3173 973 3206 σου
1023 3150 1092 3206 δι’
1143 3151 1176 3205 ἃ
1225 3153 1403 3227 χρεὼν
1446 3151 1705 3208 αἰνεῖσθαι
1758 3174 1816 3208 σε
1845 3151 2107 3229 διηγησο-

464 3263 580 3316 μαι,
623 3242 715 3296 καὶ
761 3241 890 3302 τοὺς
939 3241 1064 3302 σοὺς
1115 3239 1363 3302 ἐπαίνους
1410 3241 1509 3297 οὑκ
1557 3242 1632 3303 εἰς
1699 3241 1810 3297 ὦτα
1879 3241 2109 3312 λαλήσω

465 3326 696 3407 βέϐηλα,
747 3327 929 3391 διδοὺς
974 3330 1040 3384 τὰ
1090 3327 1214 3405 ἅγια
1257 3335 1373 3391 τοῖς
1431 3331 1606 3402 κυσὶν,
1658 3330 1783 3386 ἀλλ⁶
1857 3331 1932 3394 εἰς
1997 3330 2112 3387 ὦτα

461 3424 666 3474 πιστῶν
697 3419 787 3473 καὶ
817 3415 1110 3496 θεοφιλῶν,
1160 3416 1230 3472 δι’
1277 3419 1352 3472 ὧν
1395 3419 1458 3473 τὸ
1503 3415 1679 3492 ὄνομα
1728 3440 1822 3475 σου
1874 3419 2108 3496 μεγαλυν

465 3510 704 3577 θήσεται.
759 3505 1244 3582 ’Δγαλλιασόμεθα
1296 3505 1385 3562 ἐπὶ
1431 3512 1509 3580 τῷ
1574 3509 1830 3583 σωτηρίῳ
1894 3530 2008 3568 σου.
2081 3532 2110 3561 ››

468 3594 850 3672 Ἐπανατρέχει
911 3594 1076 3650 πάλιν
1156 3595 1231 3656 εἰς
1287 3597 1386 3666 τήν
1460 3596 1725 3672 σωτηρίον
1795 3597 2112 3671 οἰκονομίαν

467 3689 722 3761 Χριστοῦ,
773 3683 948 3759 λέγων
1001 3685 1135 3758 πρὸς
1191 3684 1348 3740 αὐτόν
1385 3704 1396 3716 °
1443 3709 1472 3738 ‹‹
1534 3686 1649 3740 Ἐἆὶ
1691 3689 1760 3761 τῇ
1825 3688 1971 3763 παρά
2017 3691 2112 3742 σοῦ

468 3773 711 3849 σωτηρίᾳ
766 3770 884 3826 λίαν
944 3773 1442 3851 εὐφρὰνθησόμεθα.
1507 3800 1529 3826 ι
1587 3775 1686 3845 τήν
1759 3777 1863 3852 γάρ
1943 3775 2111 3852 ἀγαλ-

470 3861 644 3917 λίασιν
696 3858 1040 3930 ὑποληπτέον
1095 3868 1196 3930 τῆς
1272 3861 1604 3941 εὐφροσύνης
1683 3863 1946 3934 ἐπίτασιν,
2023 3864 2113 3920 ὅτε

463 3970 549 4012 τις
581 3949 673 4027 ὑφί
724 3946 927 4018 ἡδονῆς
973 3950 1104 4024 ἄγαν
1153 3947 1379 4006 ἅλλεται
1407 3952 1497 4006 καὶ
1530 3958 1718 4029 σκιρτᾷ
1751 3954 1829 4027 μὴ
1858 3952 2108 4030 κατέχειν

467 4039 652 4093 ἑαυτὸν
685 4036 974 4111 δυνάμενος
1004 4039 1108 4093 ἀπὸ
1137 4046 1236 4108 τῆς
1268 4046 1460 4116 χαρᾶς.

1659 2449 1757 2511 τῆς

541 4166 571 4196 «
624 4143 984 4219 Ἐνεπάγησαν
1041 4142 1166 4215 ἔθνη
1219 4145 1270 4199 ἐν
1331 4144 1596 4225 διαφθορᾷ
1651 4151 1690 4218 ἦ
1737 4148 2017 4217 εποίησαν.
2081 4174 2110 4203 ››

467 4234 630 4303 ’Έθνη
663 4231 822 4288 καλεῖ
849 4233 938 4287 καὶ
967 4233 1094 4297 τοὺς
1137 4232 1414 4308 δαίμονας,
1469 4236 1542 4298 ὡς
1594 4236 1818 4310 ἀνομίας
1869 4235 2111 4313 ἐργάτας,

467 4321 558 4376 καὶ
603 4320 730 4384 τοὺς
775 4319 1074 4385 Ἰουδαίους
1125 4325 1200 4387 ὡς
1249 4324 1597 4401 παρανόμους
1646 4325 1736 4380 καὶ
1779 4331 1857 4398 τῷ
1895 4326 2110 4382 πάντων

473 4409 834 4482 ἀνομθμάτων
885 4410 1166 4488 κεφαλαίῳ
1247 4411 1318 4487 τῇ
1399 4411 1663 4486 ἀναιρέσει
1735 4417 1832 4467 τοῦ
1913 4414 2113 4490 Κυρίου

471 4500 1034 4573 καθυπουργήσανται.
1111 4503 1270 4575 Λέγει
1324 4501 1524 4574 τοίνυν,
1580 4505 1783 4577 ’Ὠσπερ
1853 4500 1908 4558 εἷ’
1973 4525 2110 4559 τισιν

471 4583 637 4656 ἥλοις
691 4587 726 4655 ἢ
785 4587 1083 4651 παττάλοις
1144 4588 1445 4664 ἐπάγησαν,
1505 4589 1647 4646 οὓτω
1716 4591 2111 4668 κατεσχέθησαν

476 4673 568 4729 σὺν
612 4679 728 4737 τοῖς
779 4676 1082 4739 θεοκτόνοις
1132 4679 1186 4732 οἱ
1237 4675 1490 4752 δαίμονες
1538 4679 1590 4734 οἱ
1619 4681 1719 4749 τῆς
1747 4680 1936 4735 κακίαν
1963 4701 2112 4755 πρω-
2143 4681 2195 4744 D

475 4763 697 4839 τουργοὶ
745 4765 1066 4839 κατάσχεσιν
1125 4766 1499 4840 ἀνεξάλυκτον,
1567 4766 1618 4823 ἐν
1727 4770 2111 4824 κατεσκεύασαν

475 4852 612 4906 κατὰ
657 4855 755 4906 τοῦ
805 4858 1063 4928 Σωτῆρος
1111 4851 1402 4932 διαφθοράν
1429 4874 1443 4891 ·
1496 4852 1796 4930 διαφθεῖραι
1827 4858 1931 4934 γὰρ
1957 4857 2116 4913 αὐτὸν

474 4940 565 4995 καὶ
620 4939 870 5017 ἀφανίσαι
930 4939 1000 4996 δι’
1067 4943 1388 5019 ἀναιρέσεως
1458 4943 1890 5018 ἐπισπεύσαντες,
1960 4945 2114 5002 αὐτοὶ

475 5027 686 5102 μᾶλλον
741 5026 1101 5107 διεφθάρησαν
1157 5031 1246 5086 καὶ
1318 5031 1625 5106 ἀπώλοντο,
1696 5030 1950 5106 δαίμονες
2017 5035 2111 5107 μὲν

468 5116 849 5191 καθῃρημένου
894 5123 991 5172 τοῦ
1039 5119 1270 5194 κράτους
1319 5121 1516 5194 αὐτῶν,
1567 5120 1816 5176 Ἰουδαῖοι
1849 5119 1906 5177 δὲ
1934 5144 2114 5177 πανω-

468 5202 685 5278 λεθρίαν
733 5203 1042 5280 εὑράμενοι.
1102 5210 1331 5283 Χριστὸς
1409 5207 1466 5264 δὲ
1561 5208 1851 5287 διαφθορᾶς
1929 5211 2112 5284 μείνας

469 5292 735 5366 ἀνώτερος
796 5294 1006 5364 ἀνέστη,
1057 5295 1146 5349 καὶ
1201 5296 1401 5360 αἰῶνας
1463 5302 1527 5372 ζῇ
1575 5299 1664 5354 καὶ
1715 5296 1959 5370 δεσπόζει
2007 5301 2112 5355 πά-

467 5401 569 5450 σης
593 5387 694 5449 τῆς
727 5380 952 5444 κτίσεως
983 5382 1073 5437 καὶ
1104 5384 1179 5446 ὡς
1211 5385 1340 5449 Θεὸς
1365 5387 1453 5442 καὶ
1485 5387 1561 5450 ὡς
1593 5385 1896 5464 ἄνθρωπος’

540 5510 569 5539 ‹‹
603 5489 690 5543 Ἐν
742 5485 926 5562 παγίδι
956 5489 1121 5563 ταύτῃ
1167 5493 1205 5559 ἦ
1249 5488 1478 5566 ἔκρυψαν
1529 5493 1838 5572 συνελήφθη
1895 5496 1922 5549 6
1970 5497 2110 5558 ποῦς

471 5575 665 5631 αὐτῶν.
713 5598 744 5627 ››
794 5608 859 5619 —-
903 5575 1114 5651 Παγίδα
1158 5579 1394 5650 κέκληκε
1428 5582 1518 5636 τὸν
1552 5579 1712 5638 δόλον
1743 5584 1832 5638 καὶ
1861 5584 1959 5653 τῆν
1993 5583 2109 5639 ἐπι-

474 5660 681 5734 ϐουλὴν
733 5661 822 5718 διὰ
865 5666 926 5720 τὸ
977 5665 1234 5742 λαθραῖον
1267 5686 1280 5698 ·
1333 5665 1820 5728 συνεϐουλεύσαντο
1868 5673 1972 5749 γὰρ
2029 5671 2106 5728 ’ίνι

472 5752 564 5808 τὸν
618 5753 824 5824 Ἰησοῦν
875 5751 1026 5828 δόλῳ
1074 5757 1384 5832 κρατήσωσι
1434 5758 1524 5813 καὶ
1582 5759 1988 5832 ἀποκτείνωσιν,
2039 5763 2114 5824 ὡς

2187 669 2460 737 μηχαναῖς
2552 663 2641 717 καὶ
2727 661 2986 719 Ἰουδαῖοι
3075 664 3160 718 καὶ
3243 661 3504 736 δαίμονες

2187 751 2468 806 ἑάλωσαν·
2522 750 2794 825 δαιμόνων
2842 755 2935 826 μὲν
2987 754 3089 829 γάρ
3160 749 3366 822 ἀπέσϐη
3414 755 3481 808 τὸ

3604 665 3872 742 ἀφύκτως

3563 749 3768 824 σέϐας,
3823 759 3869 810 οἱ

2187 840 2464 896 θεοκτόνοι
2516 839 2574 896 δὲ
2619 842 2985 918 κατέστρεψαν
3035 847 3243 919 πικρῶς
3291 844 3391 910 τὴν
3433 845 3619 913 ζωήν,
3659 865 3864 919 συγκα-

2186 928 2578 1007 ταστραφείσης
2643 931 2829 992 αὐτοῖς
2890 929 2981 985 καὶ
3051 937 3154 1000 τῆς
3225 928 3491 1007 πατρίδος
3578 932 3682 985 καὶ
3774 941 3864 1000 τῆς

2190 1017 2514 1090 ἱερωσύνης,
2570 1019 2661 1073 καὶ
2738 1020 2918 1089 πάσης
2985 1018 3164 1089 ἄλλης
3237 1020 3597 1091 σεμνότητος.

2193 1127 2373 1161 σκεται
2437 1107 2632 1184 Κύριος
2691 1107 2930 1183 κρίματα
2984 1112 3182 1164 ποιῶν.
3235 1109 3305 1162 Τὸ
3361 1107 3496 1163 αὐτὸ
3551 1109 3656 1164 καὶ
3697 1116 3864 1185 κρῖμα

2192 1195 2284 1249 καὶ
2341 1195 2516 1271 κρίσιν
2592 1199 2626 1265 ἠ
2704 1200 3016 1273 προφητικῆ
3088 1195 3236 1272 λέγει

2197 1283 2336 1338 ἐστιν
2388 1287 2415 1339 6
2463 1285 2678 1358 Κύριος,
2726 1286 2807 1340 ὅτι
2857 1286 3064 1361 κρίσεις
3093 1292 3241 1341 ποιεῖ
3274 1330 3287 1343 .

2204 1373 2394 1444 μένους
2451 1374 2690 1446 ἀνόμους
2736 1381 2855 1436 ταῖς
2901 1374 3127 1437 οἰκείαις
3158 1374 3406 1446 ἐμπεσεῖν
3442 1371 3792 1438 ἐπιϐουλαῖς
3818 1399 3868 1431 τε

2200 1462 2289 1515 καὶ
2327 1469 2604 1537 μηχαναῖς
2637 1462 2695 1518 ἐκ
2725 1463 2868 1525 θείας
2898 1462 3086 1539 γέγονε
3118 1465 3366 1540 κρίσεως.

3694 1025 3866 1075 Γινώ-

3316 1200 3530 1275 Γρατρή.
3619 1201 3865 1260 Γνωστνὲς

3331 1284 3415 1340 διὸ
3445 1288 3511 1341 τὸ
3543 1288 3687 1348 τοὺς
3722 1290 3866 1364 εἰρη.

2280 1593 2301 1619 ι
2336 1569 2422 1622 Ἐν
2479 1575 2597 1630 τοῖς
2644 1567 2824 1645 ἔργοις
2873 1574 2982 1623 τῶν
3031 1575 3232 1646 χειρῶν
3280 1570 3444 1624 αὑτοῦ
3481 1571 3866 1649 συνελήνρθηξν

2204 1656 2552 1732 ἁμαρτωλός.
2585 1681 2614 1710 ››
2667 1655 2804 1728 Ἤδη
2858 1662 2936 1729 τῷ
2980 1659 3117 1713 κατά
3160 1662 3265 1712 τῶν
3309 1664 3569 1732 πονηρῶν
3609 1656 3865 1716 ἐκϐάλλει

2204 1747 2294 1800 καὶ
2363 1746 2684 1823 κακούργων
2747 1743 2956 1822 ἀνδρῶν
3037 1745 3341 1822 διηγήματι
3421 1746 3658 1822 λέγων’

2206 1835 2545 1910 γινώσκομεν
2604 1834 2689 1889 ὅτι
2743 1835 2908 1911 κρίνει
2990 1837 3018 1890 6
3103 1835 3321 1910 Κύριος,
3411 1837 3656 1900 εἰκότως
3741 1843 3866 1901 ἄπας

2206 1922 2534 2000 ἁμαρτωλὸς
2591 1923 2681 1978 καὶ
2729 1925 3068 1997 παράνομος,
3121 1924 3171 1980 ἐν
3223 1927 3304 1987 οἷς
3355 1925 3430 1986 εἰς
3489 1926 3726 2002 ἑτέρους
3769 1930 3866 2004 εἶρ-

2207 2034 2408 2088 γασατο
2479 2012 2823 2088 βλαπτικοῖς,
2881 2013 3098 2076 τούτοις
3145 2013 3304 2076 αὐτὸς
3363 2014 3587 2090 γέγονεν
3638 2015 3865 2081 ἆλωτὸς,

2237 2102 2514 2156 ιπκ
2683 2101 2804 2136 ‘—‘
2979 2101 3372 2158 ‘m'év'

2209 2123 2233 2157 ε
2303 2123 2392 2156 και
2571 2123 2706 2156 κατα
2760 2123 2813 2156 ..ο
2862 2122 3055 2179 παρον,
3314 2124 3576 2180 σδστερον
3633 2127 3735 2167 τας
3797 2121 3866 2160 0'.-

2208 2211 2304 2252 κας
2352 2190 2553 2252 τιννύς·
2612 2187 2939 2266 ἁμαρτωλὸν
2995 2188 3051 2244 δὲ
3109 2189 3266 2245 καλεῖ
3327 2191 3420 2245 τὸν
3498 2190 3725 2264 ἄδικον,
3788 2197 3864 2248 τὸν

2211 2281 2550 2353 άρπακτῆρα,
2608 2279 2700 2333 τὸν
2747 2279 3107 2350 πλεονέκτην,
3155 2279 3244 2334 καὶ
3296 2277 3387 2334 διὰ
3434 2286 3621 2336 ταῦτα
3695 2280 3865 2336 δολιό-

2207 2367 2409 2443 τροπόν
2443 2389 2499 2422 τε
2527 2368 2617 2422 καὶ
2646 2365 3070 2444 πολυμήχανον.

2283 2481 2314 2509 ‹‹
2363 2458 2896 2534 Ἀποστραφήτωσαν
2945 2458 2996 2511 οῖ
3043 2456 3365 2534 ἁμαρτωλοὶ
3422 2459 3507 2521 εἰς
3567 2460 3670 2514 τὸν
3727 2459 3859 2531 ᾅδην.

2214 2545 2394 2601 Πάντα
2447 2546 2515 2600 τὰ
2563 2543 2688 2614 ἔθνη
2730 2545 2798 2601 τά
2839 2543 3303 2619 ἐπιλανθανόμενα
3354 2551 3454 2601 τοῦ
3533 2554 3704 2615 Θεοῦ,

2217 2635 2310 2708 μὲν
2371 2635 2562 2698 ἑνικῶς
2620 2631 2713 2690 εἴτ’
2770 2632 2860 2689 οὖν
2921 2639 3150 2709 γενικῶς
3197 2631 3571 2708 διαλαμϐάνει
3615 2638 3854 2714 περὶτῶν

2212 2729 2466 2799 πονηρῶν
2528 2721 2635 2779 εἴτε
2678 2728 2784 2778 τῶν
2841 2723 3115 2793 ἐπιεικῶν,
3175 2726 3308 2779 ποτὶ
3357 2722 3418 2778 δὲ
3486 2724 3856 2796 πληθυντικῶς

2213 2815 2338 2888 περὶ
2394 2817 2500 2868 τῶν
2552 2812 2745 2870 αὐτῶν,
2791 2815 2955 2884 ’Ἐθνη
3023 2811 3080 2867 δὲ
3122 2813 3210 2869 καὶ
3279 2814 3662 2890 ἁμαρτωλοὺς
3724 2816 3857 2871 καλεῖ

2213 2903 2412 2964 πάντας
2471 2901 2600 2965 τοὺς
2658 2901 2878 2965 σκαιοὺς
2953 2903 3270 2978 ἀνθρώπους
3346 2904 3442 2957 καὶ
3542 2905 3843 2981 μοχηρούς·

2217 2989 2340 3060 ἔθνη
2395 2991 2512 3063 μὲν,
2557 2991 2633 3053 ὡς
2681 2990 2917 3063 ἀνόμους
2969 2991 3058 3044 καὶ
3111 2990 3455 3067 μοχθηροὺς,
3515 2990 3744 3067 ἀνόμοκ
3769 2993 3837 3047 ἐπὶ

2214 3085 2320 3134 τῶν
2373 3081 2529 3144 θείων
2573 3079 2755 3152 νόμων
2807 3078 3088 3155 ἠλόγησαν
3121 3097 3134 3111 ⁶
3189 3076 3311 3150 ἔθνη
3360 3081 3480 3153 μὲν,
3517 3083 3602 3145 ὡς
3636 3086 3854 3158 ἀμαρτω-

2219 3169 2349 3231 λοὺς
2383 3166 2428 3223 δ’
2458 3167 2544 3241 αὖ,
2578 3170 2654 3230 ὡς
2701 3173 2799 3224 τοῦ
2848 3165 3058 3223 δικαίου
3105 3166 3428 3246 σφαλέντας,
3458 3171 3689 3227 καίτοῦ
3718 3193 3857 3247 7.90:-

2222 3261 2450 3329 ἥκοντος
2510 3259 2938 3334 ἀστοχήσαντας.
2993 3259 3151 3332 Ἀρᾶς
3228 3256 3286 3312 δὲ
3349 3258 3515 3332 τύπῳ
3582 3259 3863 3338 διαγορεύει

2219 3348 2288 3402 τά
2346 3344 2621 3420 μέλλοντα
2678 3343 2901 3408 δικαίως
2969 3346 3162 3408 αὐτοὺς
3236 3343 3386 3401 δεινᾶ
3457 3349 3862 3424 καταλήψεσθαι

2218 3439 2317 3505 τῆς
2367 3435 2539 3490 αὐτῶν
2587 3435 2960 3512 ἀνοσιουργίας
3011 3434 3219 3506 ἐπάξια.
3291 3460 3322 3487 ι(
3383 3441 3870 3511 Κατακριθῆτωσαν

2221 3526 2274 3581 οἱ
2328 3527 2563 3600 πονηροὶ
2619 3527 2708 3582 καὶ
2761 3527 2866 3582 ἀπὸ
2925 3533 3024 3597 τῆς
3070 3527 3299 3603 κρίσεως
3332 3526 3410 3589 εἷς
3441 3528 3542 3582 τὸν
3579 3524 3721 3599 ᾅδην
3752 3530 3874 3583 ἀπο-

2223 3618 2632 3693 στραφήτωσαν.
2693 3640 2724 3668 ‹‹
2783 3613 2950 3689 ’ᾍδην
3010 3614 3068 3672 δὲ
3126 3615 3271 3692 λέγεί
3328 3616 3395 3670 τὰ
3455 3617 3568 3671 ὑπὸ
3627 3626 3732 3694 γῆν
3766 3618 3874 3682 ἔνθα

2220 3709 2324 3758 πᾶν
2375 3702 2740 3779 κολαστήριον
2776 3723 2790 3734 ·
2843 3709 3031 3780 χῶρος
3081 3705 3183 3780 γὰρ
3245 3703 3614 3760 ἀπολαύσεων
3665 3709 3695 3761 6
3729 3707 3874 3780 ούρα-

2219 3791 2332 3854 νός.
2394 3792 2839 3856 Ἐπιλανθάνεται
2904 3791 2962 3848 δὲ
3008 3799 3104 3848 τοῦ
3153 3797 3288 3851 Θεοῦ
3335 3799 3443 3854 πᾶς
3492 3795 3523 3848 6
3557 3799 3671 3849 τῶν
3704 3796 3873 3867 νόμων

2221 3881 2385 3936 άύτοῦ
2436 3882 2872 3960 καταφρονητὴς,
2932 3882 2960 3936 6
3021 3882 3098 3954 μή
3156 3881 3513 3955 μεμνημένος
3574 3888 3690 3939 τῶν
3748 3883 3874 3939 ἐντο-

2222 3968 2334 4025 λῶν
2365 3969 2550 4042 αὑτοῦ,
2582 3975 2680 4025 τοῦ
2711 3977 2938 4040 ποιῆσαι
2971 3969 3156 4032 αὑτάς.

3728 1753 3866 1805 Ἐπεὶ

2293 4101 2322 4128 ‹‹
2354 4079 2476 4134 ’Ότι
2527 4075 2626 4131 οὐκ
2667 4076 2742 4138 εἲς
2789 4075 2954 4140 τέλος
3005 4075 3429 4147 ἐπιλησθήσεται
3472 4079 3502 4132 ὁ
3537 4080 3797 4154 πτωχός.
3827 4081 3874 4132 ἸΙ

2223 4166 2504 4239 ὑπομονὴν
2535 4169 2642 4221 τῶν
2674 4168 2918 4236 πενήτων
2953 4165 3053 4220 οὐκ
3082 4163 3363 4221 ἀπολεῖται
3397 4166 3474 4228 εἰς
3517 4167 3716 4230 τέλος.
3752 4194 3773 4218 ι
3823 4199 3880 4210 --

2222 4255 2453 4329 Πτωχὸς
2510 4254 2599 4309 καὶ
2655 4255 2823 4325 πένης
2874 4256 2902 4310 ὁ
2946 4255 3216 4326 ταπεινὸς,
3249 4255 3276 4309 6
3306 4255 3489 4324 πάσης
3523 4253 3749 4331 ἕρημος
3776 4257 3877 4312 ἐπι·

2220 4344 2441 4419 κουρίας
2496 4343 2866 4418 ἀνθρωπικῆς.
2917 4340 3100 4398 Αἴτιον
3153 4341 3210 4398 δὲ
3259 4343 3445 4413 τίθησι
3491 4351 3604 4414 τῆς
3646 4346 3703 4400 ἐν
3737 4347 3876 4416 τόπῳ

2227 4433 2471 4508 βασάνων
2525 4432 2877 4511 ἀποστροφῆς
2931 4434 3128 4494 παντὸς
3184 4437 3432 4506 πονηροῦ
3491 4434 3561 4488 τὸ
3638 4438 3720 4507 μὴ
3799 4435 3876 4491 τὶν

2221 4521 2471 4576 ταπεινὸν
2524 4520 2983 4592 ἐπιλησθήσεσθαι
3033 4520 3315 4582 παντελῶς
3361 4522 3511 4596 παρά
3575 4528 3684 4577 τοῦ
3737 4528 3876 4582 Θεοῦ,

2229 4611 2366 4683 μήτε
2415 4610 2522 4682 μὴν
2571 4609 2624 4671 ἐς
2671 4609 2735 4665 τὸ
2788 4607 3032 4680 διηνεκὲς
3082 4607 3401 4664 ἀπολεῖσθαι
3439 4611 3547 4678 τὴν
3577 4616 3695 4666 τῶν
3731 4615 3879 4680 πενή-

2220 4701 2329 4752 τῶν
2388 4698 2692 4772 ὑπομονὴν,
2751 4695 2819 4767 ἤν
2881 4698 3146 4771 ὑπέμενον
3200 4701 3308 4752 τῶν
3357 4695 3514 4752 ἰδίων
3555 4700 3880 4776 ἀποστερού-

2228 4807 2399 4860 μενοι,
2451 4789 2543 4841 καὶ
2598 4787 2698 4855 τήν
2783 4783 3057 4856 ἐκδίκησιν
3121 4784 3582 4863 καραδοκοῦντες,
3663 4791 3881 4863 κομίσε-

2223 4886 2341 4939 σθαι
2400 4873 2445 4930 δ’
2491 4873 2682 4938 σύτοὺς
2730 4872 3023 4937 ἀντιδόσεις
3087 4874 3176 4930 καί
3217 4874 3603 4950 παρακλήσεις
3657 4879 3778 4934 ἀνθ’
3821 4877 3881 4932 ὧν

2222 4963 2528 5042 ἀφῄρηνται
2583 4963 2674 5018 καὶ
2734 4961 3093 5034 λελύπηνται,
3157 4971 3275 5026 τοῖς
3335 4962 3392 5019 δέ
3441 4986 3506 5039 γε
3562 4969 3878 5023 κακώσαςιν

2221 5052 2604 5115 ἀντικακώσεις
2689 5051 3006 5126 ἐπιπρεπεῖς
3091 5052 3519 5130 ἐπαχθήσεσθαι.
3620 5079 3650 5106 (ι
3742 5057 3884 5111 Ἀνά-

2221 5143 2399 5213 στηθι,
2460 5141 2663 5218 Κύριε*
2720 5142 2795 5214 μή
2845 5142 3219 5218 κραταιούσθω
3269 5141 3582 5218 ἄνθρωπος.
3645 5168 3673 5195 υ
3735 5148 3881 5219 Ἀρᾶς

2219 5231 2375 5302 τύπῳ
2424 5225 2701 5285 διαλαϐὼν
2752 5230 2876 5306 περὶ
2923 5235 3032 5286 τῶν
3079 5231 3563 5306 καταληψομένων
3617 5238 3755 5294 τοὺς
3794 5255 3883 5288 πο-

2219 5318 2422 5394 νηροὺς
2473 5317 2565 5373 καί
2623 5317 2952 5382 πλεονέκτας
3009 5319 3061 5374 ἐν
3115 5320 3296 5393 ἐκείνῳ
3350 5319 3431 5392 τῷ
3491 5321 3701 5395 κόσμῳ
3784 5320 3882 5377 65:-

2218 5413 2348 5480 νῶν,
2408 5407 2629 5464 ἱκετεύει
2701 5408 2792 5463 τὸν
2854 5409 3005 5481 Θεὸν,
3065 5408 3310 5464 ἐνταυθοῖ
3355 5410 3495 5465 κατὰ
3521 5412 3621 5466 τὸν
3676 5413 3876 5483 κόσμον

2217 5501 2408 5552 τοῦτον
2465 5499 2790 5568 ποιήσασθαι
2848 5505 2949 5566 τῆς
2999 5499 3189 5560 κακίας
3246 5498 3560 5568 ἀναστολῆν
3624 5501 3720 5556 καὶ
3777 5521 3875 5554 τω-

2221 5585 2466 5662 φρονίσαι
2538 5584 2667 5648 τοὺς
2757 5585 3096 5662 μοχθηροὺς,
3178 5586 3268 5641 καὶ
3371 5591 3873 5664 παραμυθήσασθαι

2217 5673 2348 5736 τοὺς
2406 5673 2679 5736 ἐπιεικεῖς.
2736 5672 2959 5751 Εἴρηται
3019 5673 3078 5730 δὲ
3129 5676 3193 5730 τὸ
3251 5675 3516 5748 ἀνάστηθι
3594 5698 3876 5756 μεταφορι-

2222 5767 2330 5825 κῶς
2387 5763 2491 5818 ἀπὸ
2546 5766 2654 5818 τῶν
2708 5762 2767 5818 ἐκ
2814 5762 3079 5842 καθέδρας
3135 5763 3509 5841 ἐγειρομένων
3577 5769 3658 5831 εἷς
3712 5771 3871 5822 τινῶν
