3988 6456
193 445 368 510 1369

1424 448 1838 514 EXPOSITIO
1885 447 1965 510 IN
2011 447 2396 512 PSALMOS.

3455 453 3619 514 I370

203 578 312 652 μὲν
343 575 635 651 τιμωρίαν,
676 579 834 632 τινῶν
885 575 942 632 δὲ
994 579 1265 654 βοήθειαν.
1297 582 1383 650 Μὴ
1441 581 1719 654 μελλήσῃς
1778 579 1855 641 εἷς
1885 581 1940 646 Α
1971 579 2000 631 ὁ
2048 575 2376 653 ἁμαρτωλὸς
2435 576 2488 634 ἐν
2542 584 2659 642 ταῖς
2709 579 3020 654 ἐπιθυμίαις
3066 587 3166 651 τῆς
3210 583 3394 658 ψυχῆς
3458 582 3620 638 αὖτοῦ

203 667 420 740 ἄμυναν
455 665 584 722 ἅὼαι
614 671 710 722 τοῦ
758 667 1096 744 πράγματος·
1141 665 1250 740 ἤδη
1298 666 1570 726 κατάϐαλε
1623 671 1722 738 τὴν
1763 673 1859 724 τοῦ

209 756 486 826 ἀλαζόνος
537 755 703 833 ὀφρύν
750 757 1070 833 νΑνθρωπός
1119 757 1228 812 ἐστι
1269 759 1358 814 καὶ
1407 760 1566 822 αὐτὸς
1608 760 1858 828 ἀσθενής.

208 845 282 900 Εἰ
316 845 404 900 καὶ
434 851 798 923 κατοφρυᾶται
827 845 914 900 καὶ
940 843 1381 903 καταδυναστεύει
1410 854 1517 904 τῶν
1552 855 1651 918 τῆς
1693 847 1860 917 αὐτῆς

213 934 370 1007 αὐτῷ
417 933 645 1012 φύσεως,
697 934 978 1007 ἀνάστηθι,
1012 940 1260 993 σπεῦσον.
1292 937 1628 992 Ταπείνωσον
1679 935 1862 1008 αὐτὸν,

217 1025 300 1098 μή
366 1023 685 1098 ἐπαιρέσθω,
725 1025 800 1097 μή
851 1025 1206 1101 θρασυνέσθω,
1255 1026 1508 1103 κραταιὸν
1556 1025 1864 1101 ἡγούμενος

213 1112 408 1167 ἑαυτὸν
433 1111 523 1166 καὶ
553 1111 1006 1187 ἀκαταγώνιστονο
1037 1115 1230 1191 γνώτω
1281 1113 1327 1169 δ’
1360 1113 1546 1191 ὅτιπερ
1595 1113 1866 1178 ἀσθένειαν

213 1199 568 1278 ἀνθρωπίνην
595 1200 914 1277 περίκειται.

297 1349 327 1377 ‹‹
359 1327 713 1400 Κριθήτωσαν
789 1324 908 1398 ἔθνη
986 1327 1213 1383 ἐνώπιόν
1269 1350 1384 1386 σου.
1443 1353 1472 1381 ››
1522 1331 1708 1391 Καθὼς
1778 1329 1866 1384 καὶ

223 1415 484 1490 ἀνωτέρω
531 1411 859 1486 δεδήλωται,
907 1415 1035 1479 τοὺς
1085 1417 1302 1480 σκαιοὺς
1371 1419 1460 1472 καὶ
1522 1418 1870 1492 τυραννικοὺς

225 1503 548 1579 ἀνθρώπους
626 1499 751 1574 ἔθνη
820 1503 979 1560 καλεῖ
1051 1503 1140 1560 διὰ
1217 1508 1312 1569 τὰς
1379 1507 1606 1581 ἀνομίας
1673 1507 1868 1564 αὐτῶν.

223 1594 714 1668 Κατακριθήτωσαν
749 1593 801 1648 οἱ
851 1590 1048 1668 ἄνομοι
1098 1600 1192 1650 σοῦ
1237 1595 1540 1674 ἐφορῶντος
1588 1598 1656 1651 τὰ
1700 1617 1869 1670 πρατ-

223 1682 432 1754 τόμενα
479 1682 607 1757 παρ’
671 1681 868 1740 αὐτῶν.
931 1688 1098 1739 Τοῦτο
1165 1685 1268 1761 γὰρ
1335 1686 1398 1740 τὸ
1459 1685 1689 1742 ἐνώπιόν
1753 1708 1869 1757 σου,

229 1768 284 1824 ἐν
338 1773 407 1844 τῇ
455 1769 672 1847 ἐφορείᾳ
717 1791 834 1840 σου,
885 1770 937 1826 ἐν
986 1775 1054 1846 τῇ
1105 1772 1374 1848 ἐπισκοπῇ
1430 1779 1526 1829 τοῦ
1574 1777 1873 1851 προσώπου

229 1879 349 1913 σου’
406 1857 697 1933 πρόσωπον
770 1861 873 1937 γὰρ
953 1862 1151 1938 Κυρίου
1211 1861 1298 1918 ἐπὶ
1367 1869 1657 1927 ποιοῦντας
1715 1866 1870 1920 κακά·

230 1945 340 2022 οὐχ
390 1947 466 2009 ὡς
514 1946 602 2002 ἐπὶ
656 1947 783 2009 τοὺς
837 1946 1228 2026 ἐργαζομένους
1295 1952 1363 2006 τὰ
1428 1953 1604 2029 ἀγαθά
1669 1954 1877 2031 εὐεργε-
1908 1948 1956 2013 Β

231 2036 347 2090 σίαν
407 2037 716 2110 ποιητικὸν,
765 2036 909 2093 ἀλλά
973 2043 1070 2094 τοῦ
1136 2038 1502 2117 ἐξολεθρεῦσαι
1550 2041 1610 2097 ἐκ
1656 2049 1762 2117 γῆς
1816 2043 1879 2099 τὸ

235 2122 576 2196 μνημόσυνον
620 2123 816 2181 αὐτῶν.
854 2146 882 2175 ‹‹
931 2125 1300 2199 Κατάστησον,
1343 2127 1523 2204 Κύριε,
1576 2128 1878 2202 νομοθέτην

236 2210 322 2266 ἐπ’
392 2210 610 2274 αὐτούς.
666 2235 695 2264 ››
745 2213 1059 2285 Νομοθέτην
1137 2216 1268 2292 φησὶ
1331 2217 1424 2270 τὸν
1481 2216 1885 2292 προστάσσοντα

241 2297 537 2370 δεσπότην·
571 2300 736 2374 νόμος
789 2301 892 2378 γὰρ
921 2307 1000 2374 τῷ
1043 2301 1226 2377 δούλῳ
1271 2303 1336 2360 τὸ
1380 2309 1478 2359 τοῦ
1529 2304 1884 2376 δεσπόζοντος

239 2389 580 2466 πρόσταγμα.
645 2391 752 2459 Τὴν
815 2389 1138 2464 αὐτονομίαν
1207 2392 1381 2448 αὐτῶν
1448 2393 1666 2468 περίελε
1730 2416 1884 2471 περι-

242 2473 426 2533 ϐαλὼν
497 2477 690 2541 αὐτοὺς
757 2476 1132 2555 δυσπραγίαις,
1203 2488 1527 2560 συμφοραῖς,
1592 2482 1886 2561 αἶ’χμαλω-

246 2565 404 2635 σίαις,
455 2573 682 2630 πυκναῖς
754 2566 1117 2644 περιστάσεσι,
1181 2571 1272 2625 καὶ
1333 2570 1699 2644 καθυποτάξας
1775 2573 1886 2629 ἑτέ-

253 2675 390 2731 ροις,
424 2654 513 2710 ἐπὶ
553 2655 880 2735 συμφέροντι
933 2659 1168 2727 πάντως,
1213 2656 1286 2714 ἵν’
1329 2657 1580 2724 ἕλκοντες
1641 2659 1888 2725 δουλείας

253 2745 432 2820 ζυγὸν,
486 2746 842 2818 μεταμάθοιεν
891 2745 943 2818 ἐξ
996 2748 1074 2810 ὧι
1121 2747 1415 2825 πάσχουσι,
1445 2751 1509 2805 τὸ
1546 2750 1753 2824 ἥμερον
1800 2750 1891 2806 καὶ

249 2854 284 2912 φ
295 2832 649 2909 ιΛάνθρωπον.

319 2951 672 3004 «Γνώτωσαν
743 2946 866 3020 ἔθνη
946 2949 1030 3007 6'1:
1096 2952 1373 3030 ἄνθρωποί
1426 2954 1580 3012 εἰσιν.
1634 2978 1662 3007 ››
1710 2986 1783 2999 -
1831 2954 1895 3010 Οἱ

250 3038 447 3110 ἄνομοι
507 3038 800 3113 γνώτωσαν
858 3041 957 3108 τήν
1036 3039 1234 3096 οἷ’κείαν
1311 3041 1578 3098 ἀσθένειαν
1648 3044 1738 3098 καὶ
1818 3045 1893 3118 μὴ

255 3123 799 3202 μαγαλαυχείτωσαν,
850 3135 950 3198 τῆς
1023 3133 1129 3184 τῶν
1211 3131 1506 3207 ἀνθρώπων
1577 3135 1899 3208 καθυπεραι-

255 3213 470 3290 ρόμενοι
521 3214 745 3293 φύσεως.
795 3215 1108 3280 ΠοΛυειδῶς
1162 3215 1219 3273 δὲ
1289 3221 1388 3289 τὴν
1453 3217 1738 3296 συπριόὴν
1805 3219 1897 3275 καὶ

251 3303 588 3358 κατάπτωσιν
637 3308 744 3359 τῶν
796 3301 1152 3363 ἐκθλιϐόντων
1208 3306 1338 3371 τοὺς
1411 3309 1694 3372 ταπεινοὺς
1757 3310 1968 3381 αἰτεῖς
2005 3335 2301 3411 προσώπου
2354 3332 2538 3400 αὐτοῦ,

375 3391 388 3410 ε
489 3396 516 3406 η
552 3399 583 3411 η
650 3397 678 3408 ..

253 3391 398 3468 παρὰ
424 3396 519 3446 τοῦ
548 3397 703 3450 Θεοῦ.

326 3509 502 3563 «Ἵνα
552 3507 627 3564 τί.
686 3506 870 3585 Κύριε,
920 3510 1222 3587 ἀφέστηκας
1285 3513 1574 3587 μακρόθεν,
1634 3513 1899 3591 ὑπερορᾷς

257 3595 308 3651 ἐν
337 3595 651 3672 εὐκαιρίαις,
711 3595 762 3650 ἐν
821 3595 1064 3672 θλίψεσιν
1093 3617 1108 3668 ;
1143 3625 1170 3652 ››
1203 3633 1273 3644 -
1310 3599 1900 3678 Ἐλεεινολογουμένου

255 3683 343 3740 καί
373 3682 815 3747 δεινοπαθοῦντος
869 3687 937 3742 τὰ
995 3687 1231 3763 ῥήματα,
1267 3690 1367 3758 τήν
1427 3689 1505 3753 εἷς
1550 3690 1678 3753 τοὺς
1724 3713 1901 3762 πονη-

258 3771 383 3846 ροὺς
443 3769 502 3827 δὲ
552 3772 922 3848 μακροθυμίαν
983 3779 1082 3830 τοῦ
1126 3779 1257 3830 Θεοῦ
1307 3777 1397 3832 καὶ
1449 3779 1547 3847 τήν
1616 3786 1719 3848 τῆς
1769 3781 1903 3856 βοη-

259 3861 398 3922 θείας
444 3856 718 3929 ἀναϐολὴν
771 3861 848 3924 εἲς
894 3861 1019 3925 τοῦς
1081 3863 1389 3941 πάσχοντας
1447 3866 1736 3922 ἀπόστασιν
1802 3889 1902 3941 μα-

257 3949 442 4026 κρόθεν
501 3951 590 4005 καὶ
650 3950 970 4026 ὑπερόρασιν
1047 3951 1294 4008 ἐκάλεσεν
1368 3953 1419 4009 ἐν
1476 3961 1597 4019 ταῖς
1664 3955 1901 4032 θλίψεσι.

259 4039 355 4094 Διά
404 4039 480 4102 τί,
511 4038 694 4116 Κύριε,
743 4039 934 4116 πόρῥω
1009 4040 1233 4117 ἀπέχεις
1300 4048 1398 4098 τοῦ
1465 4045 1733 4120 βοηθῆσαι
1788 4051 1904 4110 τοῖς

257 4126 548 4204 πάσχουσι,
587 4127 677 4183 καὶ
725 4127 852 4191 τοὺς
901 4131 1177 4204 πονηροὺς
1222 4135 1676 4204 τιμωρήσαοθαις
1712 4135 1809 4190 Διά
1853 4134 1905 4190 τί

260 4213 304 4270 δ’
353 4216 616 4292 ὑπερορᾷς
681 4216 732 4272 ἐν
797 4223 916 4280 ταῖς
981 4217 1196 4294 θλίψεσι
1245 4224 1354 4275 τῶν
1403 4221 1776 4295 κακουμένων,
1828 4225 1903 4296 μή

257 4305 594 4379 παραμυθίαν
654 4306 838 4369 αὐτοῖς
897 4305 1103 4380 διδοὺς,
1157 4315 1272 4372 τοῖς
1335 4315 1558 4365 κακοῦσι
1619 4309 1676 4366 δὲ
1728 4313 1906 4367 κάκω-

257 4414 359 4466 σιν,
409 4393 498 4448 καὶ
545 4396 693 4449 ταῦτ’
742 4393 792 4449 ἐν
847 4394 1180 4471 εὐκαιρίαις;
1232 4398 1431 4472 Ἥγουν
1478 4404 1691 4475 καιροῖς
1739 4420 1906 4476 προσ-

259 4484 478 4552 ἥκουσιν
512 4483 588 4546 εἰς
629 4481 922 4554 ἐκδίκησιν·
976 4484 1240 4562 ὐπερορᾷν
1293 4484 1350 4541 δέ
1395 4486 1504 4542 ἐστι
1548 4489 1611 4542 τὸ
1661 4489 1792 4563 ὑπὲρ
1844 4490 1907 4545 τὸ

259 4571 500 4645 κείμενον
579 4573 668 4627 ὑπ’
738 4568 859 4647 ὄψιν
938 4575 1089 4651 ὁρᾷν,
1149 4573 1200 4629 ἐν
1273 4581 1354 4648 τῷ
1431 4582 1907 4655 περιφρονητικῶς

261 4658 403 4736 ἔχειν
436 4661 600 4716 αὐτοῦ
629 4663 718 4716 καὶ
762 4662 1027 4739 ἀσχέτως,
1061 4664 1150 4718 καὶ
1185 4662 1274 4719 διὰ
1300 4669 1460 4720 τοῦτο
1509 4664 1639 4728 τοὺς
1665 4725 1667 4727 ,
1689 4665 1895 4745 ὀφθαλ-
1930 4679 1976 4743 D

264 4749 395 4824 μοὺς
420 4748 588 4827 α’ίρειν
624 4749 896 4827 ἀλλαχοῦ,
927 4752 1016 4806 καὶ
1065 4751 1255 4830 πόρρω
1312 4759 1409 4809 τοῦ
1458 4752 1680 4830 ἔγγιστα
1723 4761 1897 4811 ποιεῖ-

261 4841 375 4894 σθαι
419 4841 520 4908 τὴν
568 4839 772 4916 ὅρασιν.
826 4841 909 4895 Ἐν
957 4845 1036 4913 τῷ
1095 4841 1581 4920 ὑπερηφανεύεσθαι
1635 4845 1726 4900 τὸν
1778 4845 1898 4900 ἀσε-

261 4923 350 5000 ϐῆ,
384 4927 732 5005 ἐμπυρίζεται
764 4930 792 4984 6
822 4929 1064 5006 πτωχός⁸
1098 4931 1127 4986 6
1169 4930 1220 4986 έν
1273 4927 1482 4987 ἀσεϐέσι
1531 4935 1756 5010 πτωχὸς
1799 4935 1899 5004 τήν

258 5015 492 5074 διάνοιαν
547 5019 637 5072 καὶ
697 5018 1062 5096 μικρόψυχος,
1105 5021 1380 5094 θεώμενος
1434 5021 1525 5076 τὸν
1580 5018 1746 5094 ἀσεϐῆ
1806 5024 1896 5078 καὶ

256 5108 490 5181 πονηρὸν
570 5104 945 5181 εὐοδούμενον,
1013 5107 1286 5164 κάντεῦθεν
1367 5110 1897 5189 ὑπερηφανευόμενον

255 5193 502 5274 φλέγεται
528 5199 597 5250 τὰ
626 5195 798 5264 ἐντὸς,
826 5200 894 5270 τῇ
927 5194 1135 5275 σφοδρᾷ
1164 5197 1310 5272 λύπῃ
1337 5198 1426 5253 καὶ
1469 5203 1549 5272 τῷ
1602 5200 1756 5274 ζήλῳ
1797 5201 1895 5269 τὴν

255 5283 472 5362 καρδίαν
498 5285 756 5340 κατακαιό
766 5306 857 5357 μεν
867 5307 946 5348 ος.

326 5433 355 5463 ‹‹
397 5404 886 5482 Συλλαμϐάνονται
962 5409 1013 5464 ἐν
1103 5405 1442 5474 διαϐουλίοις
1497 5412 1578 5473 οἷς
1658 5409 1902 5488 διαλογί-

260 5504 436 5567 ζονται
492 5497 574 5553 ὅτι
635 5499 927 5554 ἐπαινεῖται
985 5499 1013 5552 ὁ
1071 5499 1397 5575 ἀμαρτωλὸς
1429 5499 1487 5554 ἐκ
1539 5505 1658 5562 ταῖς
1717 5500 1898 5565 ἐπιθυ-

265 5588 408 5660 μίαις
460 5594 561 5656 τῆς
629 5591 816 5662 ψυχῆς
864 5587 1048 5659 αὐτοῦ,
1102 5587 1192 5642 καὶ
1249 5590 1277 5643 6
1325 5589 1526 5643 αδικῶν
1595 5587 1898 5666 ἐνευλογεῖ-

258 5696 360 5729 ται.
406 5701 434 5727 ››
484 5677 568 5730 Ἐν
617 5681 734 5737 τοῖς
785 5670 1120 5737 διαϐουλίοις
1166 5676 1254 5730 καὶ
1302 5675 1670 5750 μελετήμασιν
1719 5680 1803 5741 οἷς
1847 5679 1900 5733 o':

260 5762 474 5839 πτωγοὶ
523 5764 623 5834 τὴν
682 5760 918 5820 διάνοιαν
978 5760 1402 5840 διαλογίζονται,
1461 5764 1546 5821 6'1:
1602 5765 1893 5824 ἐπαινεῖται

1968 665 2058 720 καὶ
2126 668 2153 720 ὁ
2233 664 2430 722 ἀδικῶν
2507 667 2895 745 ἐνευλογεῖται,
2968 666 3442 744 συλλαμϐάνονται
3531 672 3624 727 καὶ

1972 754 2302 828 ἀλίσκονται,
2379 757 2502 834 περὶ
2577 765 2678 827 τῆς
2762 758 3020 833 προνοίας
3107 757 3615 833 σκανδαλιζόμενοι.

1974 841 2275 907 Βλέποντες
2340 847 2444 921 γὰρ
2504 846 2586 901 ὅτι
2639 854 2738 917 τῆς
2831 847 3141 922 μοχθηρίας
3199 847 3250 902 ἐν
3314 849 3618 923 ἀνθρώποις

1973 930 2365 1008 ἐπικρατούσης
2422 934 2719 990 ἐπαινεῖται
2775 937 2803 990 6
2869 934 3198 1011 ἁμαρτωλὸς
3264 935 3316 991 ἐν
3374 942 3453 1009 τῷ
3521 939 3617 1001 τὰς

1974 1019 2207 1083 ἀτόπους
2276 1023 2564 1097 ἐπιθυμίας
2618 1024 2782 1080 αὐτοῦ
2827 1025 2918 1079 καὶ
2966 1022 3313 1101 παραλόγους
3359 1026 3622 1097 ἀποπλη-

1976 1114 2099 1185 ροῦν
2162 1107 2279 1166 δέον
2334 1112 2392 1166 ’ὸν
2447 1111 2603 1167 αὐτὸν
2668 1110 3153 1186 όνειδίζεσθαι,καὶ
3210 1113 3293 1169 6'1:
3342 1116 3370 1169 6
3419 1113 3619 1172 ἀδικῶν

1976 1198 2356 1276 ἐνευφημεῖται
2402 1206 2519 1263 ταῖς
2566 1200 2798 1264 ἀδικίαις
2840 1201 3004 1257 αὐτοῦ
3054 1199 3171 1257 δέον
3221 1203 3278 1258 ’ὃν
3313 1203 3470 1258 αὐτὸν
3504 1203 3627 1260 δυσ-

1977 1290 2292 1366 φημεῖσθαι,
2354 1286 2492 1344 διότι
2571 1288 2763 1362 ἀδικεῖ,
2815 1288 3216 1367 διαλογίζονται
3275 1292 3624 1368 βουλεύματά

1975 1398 2034 1432 τε
2088 1377 2177 1432 καὶ
2239 1376 2591 1452 μελετήματα
2643 1376 2732 1433 διὰ
2785 1378 2839 1433 τί
2892 1378 3001 1434 ἐστι
3031 1384 3211 1435 τοῦτο·
3241 1381 3439 1454 καὶμὴ
3475 1382 3622 1459 εὑρί-

1980 1487 2196 1528 σκοντες
2255 1467 2425 1521 αἰτίαν
2482 1471 2579 1522 τοῦ
2636 1467 2955 1545 πράγματος
3011 1466 3236 1544 εὔλογον
3302 1467 3425 1524 ὅσον
3485 1473 3622 1546 πρὸς

1977 1557 2041 1611 τὸ
2124 1554 2463 1634 φαινόμενον,
2537 1557 2660 1632 περὶ
2736 1559 2836 1627 τήν
2922 1558 3181 1634 Πρόνοιαν
3264 1558 3620 1638 σφάλλονται,

1980 1645 2256 1700 κάντεῦθεν
2317 1645 2391 1707 ὡς
2465 1643 2517 1700 ἐν
2601 1643 2791 1721 παγίδι
2871 1651 2990 1708 ταῖς
3075 1646 3366 1725 σφαλεραῖς
3450 1648 3623 1704 αὐτῶν

1985 1732 2291 1808 ὑπολήψεσι
2340 1729 2831 1806 συλλαμϐάνονται.
2881 1739 3048 1790 Τοῦτο
3106 1733 3164 1791 δὲ
3217 1737 3512 1812 πάσχουσι,
3549 1740 3624 1810 μή

1983 1827 2438 1900 παραχωροῦντες
2495 1822 2623 1885 τοὺς
2712 1823 2909 1900 λόγους
2989 1829 3094 1879 τῶν
3154 1825 3453 1899 γινομένων
3512 1832 3628 1889 τοῖς

1989 1911 2292 1990 ἀνεφίκτοις
2347 1911 2576 1987 κρίμασι
2631 1917 2727 1966 τοῦ
2785 1917 2939 1984 Θεοῦ,
2977 1914 3067 1968 καὶ
3122 1913 3202 1986 τῷ
3257 1914 3628 1988 ἀκαταλήπτῳ

1985 2005 2083 2071 τῆς
2123 2001 2310 2080 σοφίας
2359 2001 2542 2056 αὐτοῦ.
2580 2025 2600 2052 ι
2637 2003 2925 2078 Παρώξυνε
2978 2003 3068 2057 τὸν
3127 2002 3321 2078 Κύριον
3381 2005 3409 2058 6
3460 2006 3632 2080 ἁμαρ-

1985 2089 2188 2153 τωλός·
2220 2091 2356 2145 κατά
2382 2089 2444 2145 τὸ
2474 2089 2688 2160 πλῆθος
2731 2098 2831 2160 τῆς
2884 2091 3052 2167 ὀργῆς
3101 2091 3263 2147 αὐτοῦ
3320 2092 3418 2148 οὐκ
3465 2093 3629 2164 ἐκζη-

1988 2183 2160 2251 τήσει.
2221 2203 2250 2230 ‹‹
2307 2179 2363 2232 Ὀ
2416 2179 2509 2252 μὲν
2569 2178 2895 2256 ἀμαρτωλὸς
2948 2180 3000 2251 ἐξ
3056 2182 3129 2236 ὧν
3185 2179 3426 2254 πράττει,
3484 2179 3628 2237 πολὺ

1991 2271 2301 2346 παρώργισε
2354 2267 2445 2323 τὸν
2502 2269 2653 2341 Θεὸν,
2715 2267 2834 2339 ὀξὺν
2891 2269 3048 2325 αὐτὸν
3109 2270 3358 2340 ἐποίησεν
3409 2271 3491 2326 ἐπ’
3541 2271 3633 2348 ὀρ-

1993 2361 2117 2434 γήν*
2174 2358 2202 2411 ὁ
2261 2354 2318 2410 δὲ
2373 2355 2568 2432 Κύριος
2626 2357 2672 2412 εἶ
2727 2358 2817 2412 καὶ
2874 2357 3017 2412 πολὺ
3074 2360 3456 2436 παρωργίσθη,
3485 2360 3632 2430 πλὴν

1997 2446 2150 2520 ὅμως
2181 2444 2242 2499 οὐ
2272 2445 2407 2500 κατά
2434 2444 2497 2499 τὸ
2527 2444 2741 2514 πλῆθος
2769 2449 2868 2516 τῆς
2907 2446 3070 2502 αὐτοῦ
3127 2449 3295 2525 ὀργῆς
3353 2449 3637 2520 ἐπιζητήσει

1995 2537 2094 2604 τὴν
2156 2531 2448 2609 εἴσπραξιν.
2508 2533 2873 2607 Μακρόθυμος
2932 2535 3036 2611 γὰρ
3091 2535 3190 2590 οὐκ
3245 2535 3385 2592 ἔστιν
3419 2539 3447 2591 ὁ
3512 2538 3640 2600 Θεὸς

2001 2623 2229 2679 ἐνώπιον
2263 2621 2447 2678 αὐτοῦ.
2489 2616 2854 2691 Βεϐηλοῦνται
2899 2624 2952 2677 αἱ
2998 2621 3116 2678 ὁδοὶ
3160 2624 3323 2680 αὐτοῦ
3371 2625 3423 2680 ἐν
3478 2625 3638 2680 παντὶ

1998 2711 2192 2789 καιρῷ.
2253 2710 2405 2766 Οὕτω
2462 2711 2789 2783 πράττειτά
2845 2710 3018 2767 ἄτοπα
3059 2712 3149 2767 καὶ
3196 2716 3508 2788 παράνομα,
3562 2714 3637 2777 ὡς

2005 2803 2081 2877 μὴ
2110 2805 2206 2856 τοῦ
2263 2803 2396 2855 Θεοῦ
2446 2799 2713 2876 παρόντος
2749 2800 2841 2855 καὶ
2890 2802 2958 2855 τὰ
3007 2803 3351 2876 πραττόμενα
3411 2803 3642 2879 βλέπον-

1998 2912 2113 2962 τος,
2144 2889 2235 2944 καὶ
2288 2885 2376 2944 διὰ
2426 2892 2587 2944 τοῦτο
2644 2891 2778 2944 κατά
2832 2889 3006 2945 πάντα
3077 2891 3264 2967 καιρὸν
3319 2893 3374 2946 αἱ
3421 2892 3641 2966 πράξεις

2004 2979 2167 3034 αὐτοῦ
2228 2975 2458 3054 βέϐηλοι
2524 2977 2614 3032 καὶ
2699 2977 2905 3034 ἀνόσιοι
2954 2977 3218 3054 γίνονται.
3285 3002 3314 3034 α
3366 2985 3643 3036 Ἀνταναι-

2007 3075 2176 3146 ρεῖται
2238 3069 2306 3122 τὰ
2359 3066 2598 3142 κρίματά.
2650 3089 2745 3123 σου
2803 3068 2910 3123 ἀπὸ
2959 3069 3256 3143 προσώπου
3309 3068 3492 3126 αὐτοῦ.
3527 3074 3646 3125 »Ἦ

2006 3157 2121 3213 ἀντὶ
2179 3156 2431 3231 πρόθεσις
2490 3157 2535 3210 εἱ
2585 3156 2675 3211 καὶ
2735 3155 3012 3232 παρέλκει,
3064 3154 3213 3212 δοκεῖ
3255 3156 3391 3220 τέως
3449 3157 3645 3235 ἐμφαί-

2005 3266 2112 3301 νειν
2165 3245 2424 3300 ἐπίτασιν*
2473 3243 2591 3300 λίαν
2639 3246 2978 3321 ἀναιροῦνται
3024 3246 3080 3300 αἱ
3122 3245 3327 3321 κρίσεις
3386 3267 3479 3300 σου
3539 3245 3646 3302 ἀπὸ

2588 3331 2726 3388 ὥστε
2776 3333 2992 3410 βλέπειν
3041 3333 3237 3396 ταύτας
3287 3332 3467 3406 αὐτὸν,
3529 3356 3651 3389 του-

2001 3425 2199 3492 τέστιν,
2255 3423 2592 3502 ἀφανίζονται
2676 3422 2781 3477 ἀπὸ
2861 3430 2961 3492 τῆς
3049 3420 3286 3486 διανοίας
3319 3423 3503 3482 ,αὐτοῦ
3570 3425 3647 3496 μὴ

2010 3514 2316 3574 ἐννοοῦντος
2347 3510 2513 3584 ὅλως,
2548 3535 2576 3563 ‹‹
2623 3514 2741 3566 ’Ότι
2787 3511 2988 3587 κρίνεις
3038 3509 3260 3574 δικαίως
3314 3513 3405 3567 καὶ
3452 3509 3651 3567 ἀποδί-

2011 3599 2118 3664 δως
2152 3602 2361 3672 ἑκάστῳ
2390 3601 2526 3655 κατὰ
2550 3600 2646 3662 τὰς
2676 3600 2894 3676 πράξεις
2925 3599 3109 3656 αὐτοῦ.
3139 3624 3168 3652 ››
3203 3599 3474 3663 Ἐναντίος
3521 3599 3655 3664 ὅλος

2011 3690 2121 3745 ἐστὶ
2152 3695 2270 3751 ταῖς
2297 3688 2504 3766 κρίσεσί
2535 3709 2630 3744 σου
2659 3689 2750 3744 καὶ
2790 3689 3126 3765 ἀναιρετικὸς
3183 3687 3352 3744 αὐτῶν
3419 3687 3542 3744 ὅσον
3597 3691 3661 3745 τὸ

2014 3779 2097 3835 ἐπ’
2127 3778 2292 3850 αὐτῷ.

2087 3904 2368 3957 «Πάντων
2445 3905 2550 3956 τῶν
2656 3902 2867 3979 ἐχθρῶν
2973 3901 3136 3958 αὐτοῦ
3236 3903 3661 3980 κατακυριεύσει,

2013 3993 2225 4046 πάντων
2309 3988 2786 4046 καταδυναστεύσει
2869 3997 2977 4046 τῶν
3057 3990 3454 4064 ἀνθισταμένων
3513 3992 3661 4064 αὐτῷ

2016 4086 2110 4136 σοῦ
2169 4085 2633 4156 παραχωροῦντος
2682 4082 2764 4143 οἷς
2841 4078 2991 4143 οἶδας
3047 4081 3324 4157 κρίμασιν’
3381 4080 3498 4135 εἷπε
3552 4081 3657 4156 γὰρ

2017 4170 2068 4225 ἐν
2125 4167 2321 4245 καρδίᾳ
2378 4169 2563 4242 αὐτοῦ,
2613 4169 2686 4225 Οὐ
2747 4171 2822 4243 μὴ
2884 4168 3146 4226 σαλευθῶ.
3182 4194 3210 4221 ››
3239 4170 3500 4226 -Τοῦτ’
3532 4168 3660 4244 ἐχό-

2019 4280 2173 4332 μενον
2208 4257 2267 4313 ἂν
2302 4255 2383 4329 εἷῆ
2415 4259 2551 4312 κατὰ
2576 4259 2675 4328 τὴν
2709 4252 2910 4314 ἔννοιαν
2941 4263 3058 4325 τοῦ,
3092 4282 3120 4309 ‹‹
3171 4253 3549 4327 Βεϐηλοῦντος
3605 4257 3662 4312 αἱ

2017 4346 2135 4403 ὁδοὶ
2167 4347 2330 4402 αὐτοῦ
2361 4345 2411 4400 ἐν
2443 4345 2602 4401 παντὶ
2636 4351 2830 4420 καιρῷ,
2864 4368 2890 4398 υ
2934 4348 3008 4419 μὴ
3043 4343 3308 4416 διακοπήν
3335 4365 3452 4400 τινα
3479 4365 3664 4400 ποιου-

2020 4439 2182 4510 μένου
2213 4439 2318 4490 τῶν
2368 4434 2596 4489 ἀνοσίων
2657 4431 2826 4510 ἔργων
2884 4432 3273 4508 μηδοπωσοῦνο
3317 4456 3344 4486 ‹‹
3374 4433 3508 4488 Εἶπε
3555 4435 3660 4510 γὰρ

2017 4525 2068 4580 ἐν
2100 4523 2294 4600 καρδίᾳ
2341 4523 2526 4592 αὐτοῦ,
2561 4547 2589 4574 ››
2631 4521 2873 4578 τουτέστι
2919 4527 3165 4578 τοιοῦτον
3212 4521 3264 4576 ἐν
3311 4522 3485 4594 ἑαυτῷ
3541 4543 3662 4578 συν-

2017 4616 2274 4684 εστ-τίσατο
2324 4609 2612 4687 λογισμὸν,
2646 4611 2720 4673 ὡς
2778 4610 2920 4666 οὕτω
2969 4613 3238 4685 πράττων,
3288 4609 3361 4665 Οὐ
3422 4611 3497 4684 μὴ
3559 4631 3652 4666 σα-

2010 4701 2208 4771 λευθῶ,
2240 4701 2300 4756 οὐ
2336 4703 2410 4774 μὴ
2443 4704 2797 4775 παρακινηθῶ
2826 4707 2927 4769 τῆς
2985 4699 3035 4754 ἐν
3096 4697 3361 4774 εὐημερίᾳ
3417 4697 3652 4763 στάσεως

2007 4790 2097 4845 καὶ
2153 4789 2511 4864 παγιότητος,
2560 4789 2665 4844 άπὸ
2741 4794 2925 4864 γενεᾶς
2983 4787 3058 4850 εἷς
3115 4789 3320 4863 γενεὰν,
3379 4788 3500 4844 ἄνευ
3557 4809 3655 4843 κα-

2007 4884 2127 4949 κοῦ,
2185 4877 2544 4940 ἐλλειπτικῶς
2612 4878 2734 4933 ἄνευ
2789 4880 2956 4932 κακοῦ
3016 4875 3206 4949 ἔσομαι
3257 4878 3294 4946 ἢ
3359 4877 3656 4952 βιώσομαι.

2006 4969 2076 5023 Τὸ
2135 4966 2181 5023 δ’
2253 4966 2357 5022 ἀπὸ
2443 4973 2632 5042 γενεᾶς
2716 4965 2792 5028 εἷς
2879 4966 3064 5040 γενεὰν
3147 4963 3658 5041 πολυχρονιὸτητος

2011 5058 2242 5132 ὑπάρχει
2289 5053 2620 5127 δηλωτικὸν,
2663 5051 2834 5130 ἤγουν
2885 5055 2990 5109 ἀπὸ
3043 5061 3143 5124 τῆς
3185 5058 3278 5109 νῦν
3337 5050 3506 5127 οὔσης
3551 5059 3658 5110 τῶν

2009 5146 2309 5222 ἀνθρώπων
2367 5149 2552 5220 γενεᾶς
2605 5141 2711 5206 ’ἕως
2767 5150 2869 5212 τῆς
2935 5142 3198 5218 ἐσομένης
3273 5148 3441 5199 κακοῦ
3508 5164 3656 5208 τινος

2008 5236 2132 5290 ἄνευ
2167 5235 2462 5311 βιώσομαι.
2496 5257 2523 5285 ‹‹
2558 5233 2630 5287 Οὐ
2661 5233 2792 5310 ἀρᾶς
2821 5234 2884 5288 τὸ
2929 5233 3104 5306 στόμα
3143 5231 3306 5288 αὐτοῦ
3352 5231 3510 5310 γέμει
3565 5232 3656 5288 καὶ

2007 5323 2224 5397 πικρίας
2279 5323 2369 5377 καὶ
2419 5320 2606 5380 δόλου.
2658 5346 2686 5374 ››
2735 5329 2914 5377 Ἔστιν
2967 5321 3134 5396 εὐρεῖν
3189 5321 3241 5376 ἐν
3288 5326 3358 5396 τῇ
3399 5320 3653 5397 ψαλμικῇ

2006 5413 2174 5486 ταύτῃ
2205 5416 2388 5488 γραφῇ
2431 5412 2528 5473 τὰς
2587 5411 2922 5484 ἀντωνυμίας
2974 5410 3141 5466 ἐνίοτε
3195 5417 3313 5474 τοῖς
3372 5411 3657 5466 ὑποτακτι-

2008 5505 2126 5561 κοῖς
2201 5498 2421 5574 ἄρθροις
2495 5499 2893 5574 ὑπεζευγμένας
2971 5496 3030 5552 ἐκ
3104 5501 3359 5574 περιττοῦ
3434 5497 3508 5558 ὡς
3565 5497 3652 5566 τὸ,

2013 5612 2042 5640 ‹‹
2076 5587 2148 5642 Οὗ
2180 5588 2207 5641 ὁ
2238 5587 2367 5648 Θεὸς
2400 5582 2592 5644 Ἰακὼϐ
2657 5587 2857 5663 βοηθὸς
2914 5584 3099 5658 αὐτοῦ,
3136 5610 3164 5638 ››
3195 5584 3305 5654 καὶ,
3339 5608 3368 5637 ‹‹
3400 5587 3467 5664 ’ῼ
3513 5584 3651 5640 ἐστιν

2009 5675 2300 5750 αντίληψις
2331 5674 2478 5746 αὐτῷ
2507 5678 2650 5752 παρὰ
2710 5680 2825 5732 σοῦ.
2860 5699 2888 5726 ‹‹
2921 5680 3089 5730 Τοῦτο
3145 5674 3242 5729 κάν
3289 5676 3368 5745 τῷ
3425 5672 3652 5746 παρόντι

2007 5766 2252 5842 κόμματι
2281 5766 2518 5842 γέγονεν,
2550 5787 2580 5819 ‹‹
2611 5765 2691 5825 Οὗ
2720 5765 2884 5821 αὐτοῦ
2929 5764 2993 5824 16
3023 5764 3199 5838 στόμα
3225 5761 3381 5839 γέμει
3432 5761 3586 5836 ἀρᾶς,
3617 5781 3644 5814 ι
