3988 6458
209 442 386 505 i373

1447 439 1860 506 EXPOSITIO
1900 441 1982 505 IN
2023 441 2411 507 PSALMOS.

3467 444 3628 506 1874

209 577 292 648 τῇ
352 572 641 647 ἐτοιμασίᾳ
691 575 790 644 τῆς
837 571 1060 650 καρδίας
1114 572 1288 630 αὐτῶν
1332 575 1604 652 προσέσχε
1662 575 1724 629 τὸ
1781 569 1873 635 οῦς
1901 576 1953 642 Α
1986 572 2104 649 ρίαν
2133 574 2169 643 ἢ
2203 575 2503 648 στάσιμον;
2550 575 2612 630 Τί
2651 578 2760 632 τῶν
2815 574 2868 631 ἐν
2946 578 3041 646 κιᾷ
3088 578 3354 646 ζηλωτῶν
3405 575 3498 630 καὶ
3534 595 3628 630 περ

228 683 358 734 σου,
404 669 585 740 κρῖναι
632 662 850 741 ὀρφανῷ
900 662 991 718 καὶ
1037 664 1275 737 ταπεινῷ
1319 662 1408 719 τίνα
1441 666 1516 737 μή
1549 664 1760 739 προσθῇ
1793 657 1871 717 ἔτι

213 757 324 808 τοῦ
380 751 748 828 μεγαλαυχεῖν
798 752 1079 827 ἄνθρωπος
1141 751 1227 807 ἐπὶ
1273 755 1373 822 τῆς
1423 755 1546 829 γῆς.
1606 775 1636 805 »
1694 783 1764 794 --
1801 751 1871 804 Τὸ

219 841 548 915 εἶσήκουσας
596 840 710 897 ἀντῖ
765 844 864 896 τοῦ
919 835 1130 916 ἔγνωςο
1190 842 1252 897 τὸ
1311 846 1490 918 κρῖναι
1555 839 1873 917 ἀπαρέμφα-

216 951 345 1004 τον,
397 930 458 984 οὐ
501 929 910 1007 προστακτικόν.
963 931 1050 985 Ἐν
1100 927 1157 986 δὲ
1203 935 1280 1003 τῷ
1343 933 1556 1006 προσθῇ
1630 925 1707 984 ἔτι
1773 930 1872 983 τοῦ

169 1081 172 1084 ,
220 1017 624 1094 μεγαλαυχεῖν,
671 1019 735 1074 τὸ
779 1022 878 1074 τοῦ
927 1016 1185 1094 παρέλκει
1231 1017 1370 1074 κατὰ
1422 1019 1700 1088 συνήθειαν
1770 1020 1870 1087 τῆς

214 1107 558 1184 παλαιτέροις
624 1106 768 1170 θείας
831 1114 1074 1185 Γραφῆς.
1140 1106 1394 1164 Τοιοῦτόν
1457 1106 1596 1163 ἐστιν
1664 1107 1760 1162 καὶ
1808 1107 1873 1162 τὸ

213 1195 550 1272 προσέθεντο
609 1192 686 1252 ἔτι
746 1200 844 1252 τοῦ
920 1197 1245 1272 ἁμαρτάνειν
1319 1193 1489 1270 αὐτῷ,
1574 1195 1666 1252 καὶ
1729 1194 1874 1253 ἄλλα

218 1284 433 1344 πολλά.
508 1287 580 1341 Τὸ
656 1283 714 1341 δὲ
789 1283 1153 1363 μεγαλαυχεῖν
1219 1286 1310 1342 καὶ
1372 1286 1697 1361 ἁμαρτάνειν
1753 1283 1872 1342 ἀντὶ

220 1381 329 1445 τῆς
390 1372 766 1451 μεγαλαυχως
813 1374 905 1430 καὶ
949 1381 1049 1444 τῆς
1101 1374 1387 1452 ἁμαρτίας.
1463 1373 1697 1449 Δύναμιν
1765 1375 1872 1450 γὰρ

227 1462 513 1536 ὀνομάτων
567 1459 758 1538 ἔχουσι
803 1463 872 1518 τὰ
934 1462 1290 1541 ἀπαρέμφατα
1358 1460 1596 1540 ῥήματα.
1671 1463 1742 1518 Τὸ
1816 1459 1875 1516 δὲ

223 1554 442 1626 προσθῇ
509 1553 572 1607 τὸ
630 1552 838 1614 ἐσαῦθις
896 1554 1100 1624 ποιήσῃ
1131 1569 1144 1585 ·
1220 1551 1311 1606 καὶ
1386 1553 1490 1628 γὰρ
1567 1553 1603 1621 ἡ
1669 1551 1872 1627 πατρὸς

223 1641 516 1718 πρόσθεσις
567 1641 798 1705 ἐνταῦθα
846 1645 944 1696 τοῦ
989 1639 1139 1704 αὖθίς
1185 1640 1322 1697 ἐστιν
1364 1639 1685 1719 ἐμφαντική·
1716 1640 1786 1695 Τὸ
1817 1637 1874 1695 δὲ

225 1729 304 1786 ἔνι
365 1735 443 1802 τῷ
491 1727 646 1794 αὗθις
689 1727 1093 1806 παράλληλον’
1149 1729 1562 1806 ὑστεροχρονίαν
1612 1729 1727 1786 ἐπεὶ
1783 1728 1874 1784 καὶ

225 1819 394 1899 ἂμφω
437 1816 622 1889 δηλοῖ.
675 1817 846 1874 Πάλιν
893 1816 940 1874 δ’
997 1821 1025 1874 6
1056 1821 1343 1898 προφήτης
1393 1817 1445 1873 ἐν
1472 1817 1649 1892 τούτῳ
1667 1823 1747 1891 τῷ
1775 1817 1875 1874 κό-

1981 659 2389 737 ρισπουδάστων
2439 669 2557 728 τοῖς
2614 663 2771 720 τόσον
2841 662 3030 741 λόγοις
3097 663 3262 720 αὐτοῦ
3325 662 3626 737 τιθεμένοις

1984 749 2365 825 συνέκδημον;
2418 753 2620 810 Ἐνίοτε
2666 751 2724 810 δὲ
2768 758 2929 810 τοῦτο
2958 753 3023 809 τὸ
3049 753 3307 829 φθονερὸν
3348 753 3505 828 γένος
3533 752 3625 808 καὶ

1984 838 2284 914 λογισμοὺς
2332 840 2609 916 ἐπεισάγεῖ
2649 845 2719 916 τῇ
2768 845 2922 917 ψυχῇ
2967 849 3070 912 τῆς
3117 839 3377 905 ἀληθείας
3422 841 3623 912 ταύτην

1982 926 2454 1004 ἐξοστρακίζοντας
2511 928 2626 1005 εἷ’γε
2679 931 2944 1002 πείθοιτο,
3004 930 3094 985 καὶ
3150 931 3287 1004 πρὸς
3363 925 3464 1006 ὅρη
3533 927 3626 986 καὶ

1981 1013 2196 1080 ἀνοδίας
2296 1014 2755 1092 μεταϐιϐάζοντας
2847 1018 2997 1096 εἷ’περ
3070 1016 3278 1074 ἕποιτο·
3343 1023 3459 1074 Τῶν
3527 1021 3632 1096 γὰρ

1981 1105 2358 1182 σκαιοτρόπων
2403 1105 2612 1186 ἀνδρῶν
2655 1109 2720 1164 τὸ
2765 1106 2934 1164 πλέον
2987 1107 3229 1184 ἐχόντων
3265 1108 3318 1163 ἐν
3366 1113 3482 1171 τοῖς
3515 1107 3633 1184 ῥευ-

1980 1199 2131 1257 στοῖς
2183 1194 2258 1258 ὡς
2299 1195 2492 1252 ἐπίπαν
2535 1197 2633 1253 κᾶν
2672 1202 2752 1270 τῷ
2800 1195 3004 1254 ἀδικεῖν
3047 1199 3137 1253 καὶ
3167 1196 3509 1254 πλεονεκτεῖν
3536 1196 3627 1252 καὶ

1979 1280 2451 1341 καταδυναστεύειν
2512 1283 2912 1360 εὐοδουμένων,
2961 1285 3052 1342 καὶ
3099 1291 3222 1350 ταῖς
3268 1284 3429 1349 ὕλαις
3485 1285 3632 1342 εὐθυ-

1980 1371 2224 1445 νομένων
2290 1372 2502 1429 πάντων
2571 1372 2622 1448 ἐξ
2693 1374 2821 1452 ῥᾷον
2889 1373 3218 1452 χωρούντων
3282 1373 3467 1436 αὐτοῖς
3520 1377 3628 1429 τῶν

1979 1462 2116 1538 πρὸς
2156 1459 2327 1536 ὄρεξιν
2376 1463 2465 1518 τὸν
2513 1463 2917 1538 αὐτοματισμὸν
2968 1463 3201 1521 ἐντεῦθεν
3234 1463 3286 1519 οἱ
3335 1463 3625 1518 ἀπνστάται

1979 1550 2068 1606 καὶ
2116 1551 2179 1606 τὸ
2227 1551 2558 1625 ἀπρονόητον
2609 1552 2996 1628 ύποσπείρουσι
3071 1557 3151 1624 τῷ
3196 1549 3624 1628 καταδεχομένῳ

1978 1639 2106 1702 τούς
2165 1638 2370 1714 λήρους
2425 1640 2623 1715 αὐτῶν,
2671 1643 2760 1697 καὶ
2822 1641 2957 1718 πρὸς
3007 1641 3398 1718 ἀποκρήμνους
3465 1640 3621 1696 αὐτὸν

1982 1728 2239 1792 ἀπονοίας
2283 1735 2605 1795 συνωθοῦσιν
2651 1731 2703 1786 οἳ
2751 1731 3027 1808 ἀλιτήριοι
3073 1730 3263 1808 πόρῥω
3319 1737 3422 1800 τῆς
3474 1728 3624 1793 λείας

1981 1817 2296 1889 ἀποπλανᾷν
2328 1817 2418 1874 καῖ
2445 1824 2564 1882 τοῖς
2595 1815 2832 1876 εὐσεϐέσι
2866 1820 3100 1897 βασίμου
3130 1819 3484 1895 πειρώμενοι.
3523 1817 3623 1873 Τόν

227 1929 357 1982 σμῳ
408 1912 561 1979 ζητεῖ
607 1907 849 1982 γενέσθαι
899 1913 1000 1978 τῆς
1046 1907 1312 1984 πονηρίας
1342 1906 1662 1978 ἀναστολήν.
1696 1910 1871 1964 Τοῦτο
1903 1947 1953 2013 Β
1981 1928 2046 1982 γε
2107 1908 2212 1980 μὴν
2270 1906 2357 1962 ἐπὶ
2412 1913 2492 1980 τῷ
2546 1908 2729 1984 Κορίῳ
2784 1908 3101 1978 πεποιθότα,
3159 1908 3250 1964 καὶ
3298 1912 3416 1970 τοῖς
3460 1906 3625 1963 αὐτοῦ

227 1998 336 2074 γὰρ
376 1996 467 2052 καὶ
514 2001 634 2060 τοῖς
682 1996 787 2052 ὑπὸ
839 2001 949 2052 τῶν
993 2000 1248 2072 πονηρῶν
1287 1997 1646 2070 κακουμένοις
1676 1994 1874 2054 ἀποδε-

223 2088 372 2159 κτὸν,
417 2085 494 2148 ὡς
541 2086 716 2141 ἄνεσιν
766 2084 949 2149 αὐτοῖς
987 2084 1272 2158 ἐμποιοῦν.
1323 2084 1548 2158 Ἀμέλει
1590 2085 1872 2150 τοιούτους

227 2173 432 2251 λόγους
480 2179 714 2231 ποιεῖται
757 2174 896 2250 πρὸς
939 2174 1032 2230 τὸν
1086 2173 1236 2233 Θεόν.
1280 2174 1642 2246 Είσ-ήκουσας,
1676 2171 1870 2251 ἔγνων,

225 2261 271 2319 ὦ
330 2263 515 2340 Κύριε,
565 2263 649 2326 τίς
691 2265 728 2333 ἡ
775 2266 884 2318 τῶν
946 2265 1193 2334 πενήτων
1252 2261 1512 2336 ἐπιθυμία
1579 2270 1872 2340 μονονουχὶ

226 2353 447 2429 βοώσης
493 2351 698 2423 ταύτης
739 2352 875 2429 πρὸς
917 2352 976 2406 σὲ
1019 2350 1113 2408 τόν
1166 2350 1323 2407 πάντ’
1374 2350 1728 2424 ἐπακούοντα.
1762 2352 1870 2408 Πά-

223 2440 309 2498 λιν
356 2441 417 2496 ἐκ
467 2438 856 2516 παραλλήλου.
899 2441 1007 2510 Τὴν
1035 2440 1286 2516 πρόθεσιν
1309 2443 1410 2510 τῆς
1440 2439 1616 2496 αὐτῶν
1646 2439 1869 2518 καρδίας

223 2536 480 2600 συνῆκας.
531 2531 734 2604 Ὠσπερ
784 2529 830 2585 εἰ
885 2528 1245 2606 προσέχουσιν
1314 2528 1444 2585 ὠσὶν
1489 2526 1688 2600 ἤκουες
1736 2550 1866 2607 κρα-

228 2617 425 2689 ζούσης
484 2617 673 2691 αὐτῆς,
731 2618 898 2694 ἤγουν
955 2617 1055 2673 οὐκ
1109 2618 1322 2693 ἀγνοεῖς
1407 2617 1485 2680 εἷς
1556 2617 1611 2674 τί
1685 2618 1867 2697 ἐφετόν

228 2706 367 2762 ἐστιν
431 2709 468 2777 ἡ
513 2705 709 2781 καρδία
763 2707 936 2762 αὐτῶν
1003 2702 1384 2780 ἡτοιμασμένη
1462 2706 1551 2762 καὶ
1621 2705 1867 2782 ἐμπαρά-

223 2817 431 2859 σκευος.
488 2796 585 2858 Τίς
635 2794 725 2851 οὖν
773 2797 808 2866 ἡ
857 2795 1112 2869 ἐπιθυμία
1151 2799 1259 2851 τῶν
1310 2797 1598 2867 πενήτων;
1647 2793 1737 2850 καὶ
1785 2795 1868 2858 τίς

225 2888 260 2956 ἡ
319 2884 604 2959 ἐτοιμασία
656 2891 757 2955 τῆς
813 2882 1034 2961 καρδίας
1091 2883 1312 2954 αὐτῶν;
1363 2885 1433 2938 Τὸ
1481 2882 1656 2958 κρῖναί
1705 2888 1868 2957 σετῷ

227 2973 443 3053 ὀρφανῷ
489 2973 579 3030 καὶ
624 2974 706 3047 τῷ
751 2978 1008 3046 ταπεινῷ,
1055 2971 1296 3028 τουτέστι
1353 2973 1454 3042 τὴν
1521 2971 1581 3027 ἐκ
1635 2973 1867 3048 κρίσεως

227 3061 500 3134 ἐκδίκησιν
556 3061 720 3118 αὐτοῦ
769 3066 1092 3138 παρασχεῖν,
1133 3060 1222 3116 καὶ
1289 3065 1396 3116 τῶν
1455 3058 1868 3116 καναδυναστευ-

227 3151 428 3208 σόντων
483 3151 583 3220 τὴν
642 3150 1014 3228 μεγαλαυχίαν
1063 3145 1412 3224 καταϐαλεῖν,
1500 3147 1594 3206 ’ἶνα
1673 3150 1868 3224 μηκέτι

226 3239 312 3297 ἐπὶ
375 3247 477 3310 τῆς
524 3246 629 3317 γῆς
681 3241 892 3316 προσθῇ
963 3239 1244 3316 ἂνθρωπος
1317 3243 1720 3316 μεγαλαυγεῖν.
1784 3236 1870 3295 ’ίνα

228 3330 306 3404 μὴ
353 3327 505 3393 αὖθις
537 3311 756 3404 ⁷ποιήσῇ
809 3326 886 3384 ἔτι
935 3311 1326 3405 μεγαλαυχίαν
1356 3311 1641 3405 ἄνθρωπός
1685 3349 1768 3390 τις
1814 3329 1866 3383 ἐν
1895 3311 1939 3378 C

225 3417 437 3492 κόσμῳ,
487 3416 615 3474 ἀλλ’
663 3417 932 3487 ἀπόθηται
981 3418 1086 3479 πᾶς
1136 3417 1200 3472 τὸ
1263 3415 1630 3494 μεγάλαυχον,
1689 3416 1865 3495 φέρων

222 3506 272 3562 ἐν
296 3508 376 3580 νῷ
433 3508 532 3578 τὴν
573 3505 916 3584 ἀνθρωπίνην
964 3507 1234 3571 ἀσθένειαν
1280 3506 1371 3562 καὶ
1425 3507 1524 3576 τήν
1583 3505 1730 3583 παρὰ
1771 3509 1868 3562 σοῦ

220 3597 433 3671 τρέμων
479 3594 778 3668 ἐκδίκησιν,
820 3600 918 3652 τοῦ
965 3596 1170 3674 Κυφίου
1215 3601 1317 3666 τῆς
1359 3592 1542 3667 δόξης,
1568 3599 1664 3650 τοῦ
1699 3594 1866 3668 μόνου

220 3690 498 3762 κραταιοῦ,
544 3686 591 3759 ᾧ
637 3689 672 3756 ἡ
719 3683 845 3756 δόξα
885 3685 976 3741 καὶ
1032 3685 1096 3741 τὸ
1139 3683 1334 3762 κράτος
1384 3683 1462 3748 εἲς
1505 3682 1635 3739 τούν
1667 3685 1867 3749 αἰῶνας

221 3779 328 3831 τῶν
360 3775 594 3832 αἰώνων.
623 3775 680 3831 ’Δ
693 3776 825 3850 μήν.

841 3885 1140 3936 ΨΑΛΜΟΣ
1180 3881 1239 3937 1’.

288 3989 357 4043 Τὸ
406 3985 687 4062 δαιμόνιον
733 3986 904 4067 φῦλον
954 3988 1043 4044 οἷα
1094 3986 1355 4063 βάσκανον
1401 3985 1492 4042 καὶ
1561 3985 1863 4064 μισάνθρω-

219 4099 316 4133 πον
369 4075 430 4133 οῦ
473 4098 612 4133 ποτε
657 4077 882 4133 παύεται
934 4074 1292 4151 δολιούμενον
1338 4075 1430 4132 καὶ
1463 4077 1860 4153 μηχανώμενον

217 4167 334 4231 καθ’
363 4168 548 4240 ἡμῶν,
579 4164 816 4241 ἕμμεσον
849 4165 1056 4242 εἰσάγον
1090 4164 1353 4238 σπουδήν,
1379 4162 1450 4220 τίν⁹
1501 4167 1649 4238 ἡμᾶς
1681 4167 1861 4222 ὁπωσ-

219 4259 308 4310 οῦν
356 4255 623 4330 ἀποπέσῃ
666 4263 767 4328 τῆς
823 4253 1144 4325 δεποτικῆς
1223 4254 1497 4328 εὐμενείας
1552 4254 1644 4309 καὶ
1700 4255 1860 4331 χάρι-

214 4365 327 4408 τος.
388 4344 459 4399 Οὐ
519 4345 665 4424 φέρει
722 4346 822 4422 γὰρ
890 4345 962 4400 ὧν
1017 4343 1186 4399 ἐκεῖνο
1241 4342 1565 4419 τεταγμένον
1619 4342 1670 4398 ἐν
1701 4343 1858 4420 ἀγγέ-

217 4433 335 4496 λοις
383 4437 539 4503 Θεοῦ,
590 4431 659 4489 δι’
712 4433 966 4489 ἀπόνοιαν
1016 4431 1380 4504 ἀπελήλαται,
1409 4431 1623 4494 τούτοις
1655 4430 1859 4507 ἀνθρώ-

214 4544 346 4586 πους
413 4523 908 4596 ἐνσεμνυνομένους
973 4521 1121 4596 ὀρᾷν.
1191 4521 1264 4578 Οὐ
1351 4521 1414 4576 τὸ
1499 4522 1698 4597 χοϊκὴν
1779 4520 1858 4584 εἰς

215 4610 466 4688 οὐρανοὺς
515 4611 696 4667 οὐσίαν
748 4611 1062 4687 ἀνάγεσθαι,
1106 4610 1196 4666 καὶ
1253 4616 1354 4680 τῆς
1428 4608 1574 4674 θείας
1641 4609 1856 4666 οἰκειώ-

1981 1998 2394 2074 πεπαγιωμένον
2457 1993 2804 2072 διδάγμασιν,
2856 1995 2919 2054 οῦ
2966 1999 3087 2053 ποτ’
3133 1994 3194 2053 ἄν
3228 1995 3504 2072 ἷσχύσαιεν
3535 1994 3628 2052 ἐπί

1980 2086 2047 2139 τὰ
2099 2091 2198 2154 τῆς
2243 2084 2523 2150 ἀπωλείας
2575 2084 2678 2160 ὅρη
2752 2088 3081 2157 ποιήσασθαι
3149 2083 3481 2160 μετανάστην
3549 2086 3626 2150 ὡς

1982 2172 2263 2250 στρουθίον
2303 2175 2670 2251 κατεπτηχὸς,
2718 2175 2808 2230 καὶ
2839 2173 3029 2232 ἄλλοτ’
3058 2173 3339 2250 ἀλλαχόσε
3365 2175 3624 2247 πριιπτά-

1985 2283 2167 2336 μενον.
2228 2262 2360 2340 Περὶ
2411 2262 2616 2319 τούτων
2665 2265 2694 2320 6
2745 2261 2965 2328 δέκατος
3017 2261 3316 2338 διαγορεύει
3380 2261 3624 2337 ψαλμὸς,

1979 2349 2262 2423 προσώπῳ
2350 2348 2753 2424 συντεθειμένος
2827 2352 3024 2415 παντὸς
3099 2345 3354 2413 εὐσεϐοῦς
3419 2350 3626 2426 ὀχυροῦ

1977 2437 2078 2506 τὴν
2108 2435 2346 2493 δίάνοιαν
2379 2439 2469 2494 καὶ
2499 2437 2660 2502 αὐτὸς
2689 2440 3134 2521 ἀποκρουομένου
3160 2439 3256 2503 τὰς
3296 2446 3399 2510 τῆς
3444 2437 3624 2494 ἀθεΐας

1979 2526 2200 2603 πρώτας
2225 2525 2420 2603 ἀρχάς.

2053 2655 2081 2684 α
2115 2632 2236 2688 Ἐπὶ
2263 2632 2344 2706 τῷ
2375 2632 2557 2710 Κυρίῳ
2586 2632 2818 2690 πέποιθα
2844 2639 2962 2697 πῶς
2993 2633 3163 2712 ἐρεῖτε
3208 2637 3275 2710 τῇ
3305 2637 3458 2710 ψυχῇ
3493 2652 3620 2708 μου·

1980 2721 2386 2780 Μεταναστεύου
2437 2720 2525 2777 ἐπὶ
2569 2721 2638 2778 τὰ
2675 2717 2776 2795 ὅρη
2809 2725 2884 2785 ὦς
2917 2723 3224 2799 στρουθίον.
3256 2747 3284 2776 ››
3320 2723 3462 2800 Πρὸς
3491 2722 3623 2787 τοὺς

1979 2807 2238 2883 δαίμονας
2295 2811 2325 2866 6
2383 2810 2551 2887 λόγος
2606 2812 2706 2880 τὴν
2761 2811 2850 2868 ἐπὶ
2906 2817 2976 2886 τῇ
3021 2811 3247 2888 προνοίᾳ
3307 2810 3621 2868 δυσπιστίαν

1975 2893 2444 2973 προσϐάλλοντας,
2499 2922 2528 2952 ‹‹
2573 2901 2785 2976 Ἔγνων
2834 2900 2888 2955 τί
2945 2900 3203 2977 βούλεσθε
3229 2903 3298 2975 τῇ
3330 2902 3486 2976 ψυχῇ
3519 2921 3624 2974 μου

1977 2987 2166 3046 εἰπεῖν.
2225 3011 2255 3041 ››
2302 2987 2462 3046 Ἀλλ’
2508 2989 2895 3065 έρηρεισμένυς
2943 2989 3030 3045 ἐπὶ
3072 2993 3141 3063 τῇ
3171 2993 3268 3045 τοῦ
3295 2989 3495 3065 Κυρίου
3526 3009 3622 3045 πε-

1974 3079 2248 3151 ποιθήσει,
2307 3079 2545 3156 καθάπερ
2595 3079 2683 3134 ἐπὶ
2733 3078 2972 3153 θεμελίῳ
3016 3079 3107 3135 καὶ
3177 3077 3296 3135 λίαν
3365 3077 3618 3155 ἀῤῥαγεῖ,

1973 3167 2037 3222 τὸ
2081 3165 2456 3242 ῥηθησόμενον
2505 3167 2594 3222 καὶ
2647 3169 2817 3241 μήπω
2868 3163 3035 3224 λαϐὸν
3085 3167 3252 3244 πέρας
3280 3170 3616 3242 προαναιρῶ·

1978 3251 2068 3310 διὰ
2119 3259 2280 3310 τοῦτο
2331 3254 2430 3311 οὐκ
2477 3255 2593 3312 εἷπε
2639 3259 2758 3318 πῶς
2803 3255 3007 3333 λέγετε,
3058 3255 3205 3312 ἀλλὰ
3257 3259 3376 3318 πῶς
3425 3255 3616 3332 ἐρεῖτει

1977 3348 2104 3406 Πῶς
2154 3345 2214 3400 ἄν
2261 3341 2452 3414 εἷ’πητε
2489 3347 2559 3419 τῇ
2597 3347 2752 3420 ψυχῇ
2805 3365 2930 3418 μου,
2972 3344 3375 3401 Μεταναστεύου
3403 3344 3492 3400 καὶ
3526 3365 3621 3418 με-

1973 3427 2194 3488 τάϐαινε
2249 3433 2356 3489 ἀπὸ
2410 3439 2510 3502 τῆς
2570 3433 2646 3496 εἷς
2718 3433 2846 3492 Θεὸν
2925 3433 3148 3511 στερρᾶς
3217 3432 3453 3495 πίστεως
3529 3433 3619 3488 καὶ

1977 3519 2270 3594 ἀσφαλοῦς,
2329 3520 2415 3577 ἐπὶ
2463 3523 2530 3576 τὰ
2577 3521 2766 3598 πόρῥω
2804 3528 2909 3592 τῆς
2959 3522 3101 3587 θείας
3152 3521 3454 3592 ἐπισκοπῆς
3491 3522 3624 3593 νοή-

1979 3610 2120 3684 ματά
2147 3631 2204 3666 τε
2231 3609 2322 3665 καὶ
2355 3607 2621 3685 δόγματα,
2669 3610 2759 3666 καὶ
2805 3608 2895 3667 διὰ
2919 3617 3020 3681 τῆς
3051 3606 3368 3690 ἀμφιϐόλου
3396 3610 3624 3687 γνώμης

1974 3699 2184 3754 ἀστατῶ
2223 3699 2313 3754 καὶ
2351 3696 2671 3775 περιπλανῶ
2713 3699 2999 3776 στρουθίου
3049 3698 3204 3770 δίκην
3251 3699 3470 3776 οῗκτροῦ
3525 3696 3619 3754 καί

1973 3784 2297 3865 ψοφοδεοῦς.
2347 3786 2459 3844 Οὐκ
2499 3786 2638 3843 ἐάσω
2679 3789 2772 3844 τὸν
2821 3787 3086 3863 ἡμέτερον
3137 3787 3305 3858 )όγον
3353 3785 3466 3844 οὐδ’
3525 3787 3612 3845 ἐκ·

1973 3877 2258 3954 φανθῆναι,
2284 3874 2504 3933 πολλοῦ
2533 3896 2598 3952 γε
2625 3876 2714 3931 καὶ
2745 3873 2829 3931 δεῖ
2855 3876 3278 3956 προσληφθῇναί
3309 3897 3425 3951 μοι.

2048 4005 2078 4036 ‹‹
2122 3985 2240 4038 Ὅτι
2291 3979 2410 4038 ἰδοὺ
2459 3983 2511 4038 οἱ
2559 3981 2885 4059 ἁμαρτωλοὶ
2935 3982 3191 4040 ἐνέτειναν
3237 3979 3414 4057 τόξον,
3466 3983 3618 4055 ἡτοί-

1975 4092 2146 4147 μασαν
2217 4071 2353 4149 βέλη
2423 4071 2498 4135 εἰς
2563 4073 2853 4151 φαρέτραν,
2933 4078 3032 4129 τοῦ
3109 4075 3489 4146 κατατοξεῦσαι
3570 4073 3623 4129 ἐν

1971 4165 2290 4236 σκοτομήνῃ
2315 4159 2442 4224 τοὺς
2464 4160 2635 4225 εὐθεῖς
2649 4165 2718 4236 τῇ
2732 4160 2947 4238 καρδίᾳ.
2983 4187 3013 4215 ››
3043 4164 3202 4218 -Τὸ
3233 4161 3317 4218 ὅτι
3345 4160 3618 4239 διηγημα-

1967 4250 2140 4307 τικόν.
2193 4251 2724 4324 ’Δποσκευασάμενος
2783 4248 2841 4306 δὲ
2896 4250 3024 4313 τοὺς
3077 4251 3136 4306 ἐκ
3183 4249 3456 4324 δαιμόνων
3517 4249 3612 4305 λο-

1967 4338 2220 4416 γισμοὺς,
2269 4343 2350 4412 τῷ
2402 4336 2530 4411 μηδ’
2588 4339 2664 4401 εἷς
2693 4337 2852 4402 τέλος
2878 4334 3151 4413 προϐῆναι
3181 4339 3405 4400 τούτους
3436 4337 3607 4412 ἐᾶσαι,

1971 4427 2114 4505 λέγει
2164 4428 2301 4503 πρὸς
2342 4427 2435 4482 τὸν
2477 4427 2625 4496 Θεὸν,
2679 4427 2761 4482 ὅτι
2820 4429 2867 4482 εἱ
2921 4426 3242 4504 ἁμαρτωλοὶ
3284 4425 3613 4503 παρεσκευά-

1968 4517 2167 4586 σθησαν
2219 4514 2472 4591 δαίμονες
2524 4515 2575 4571 ἐν
2619 4520 2841 4592 κρυπτῷ
2895 4516 2986 4572 καὶ
3052 4514 3324 4592 λαθραίως
3359 4557 3371 4571 .
3447 4520 3610 4570 τοῦτο

1966 4607 2070 4682 γὰρ
2091 4605 2154 4661 τὸ
2182 4605 2233 4660 ἐν
2265 4606 2580 4679 σκοτομήνῃ
2607 4604 2736 4668 τοὺς
2785 4604 3124 4675 ἀπονοήτους
3171 4607 3241 4678 τῇ
3294 4606 3448 4680 ψυχῇ
3497 4603 3612 4659 ὸια-

215 4682 345 4763 σεως
397 4699 485 4755 καὶ
539 4698 816 4776 βασιλείοίς
864 4682 965 4754 ⁷καὶ
1035 4696 1197 4772 δόξης
1264 4696 1623 4754 ἐπαπολαύειν
1693 4698 1855 4754 αὐτοῦ
1888 4682 1934 4747 D
1965 4697 2290 4772 χρήσασθαι,
2383 4698 2464 4766 τῷ
2530 4693 2808 4769 πόρρωθεν
2871 4693 3144 4768 ἐκπέμψαι
3212 4694 3350 4770 πρὸς
3415 4691 3610 4755 αὐτοὺς

212 4789 469 4852 πεσόντος
516 4789 591 4853 εἷς
645 4787 785 4864 μέγα
838 4788 974 4864 χάος
1024 4787 1290 4864 αἰσχύνης
1339 4787 1430 4843 καὶ
1479 4785 1698 4860 ἀτιμίας
1764 4787 1851 4842 καὶ
1965 4781 2118 4855 δίκην
2155 4782 2328 4858 βελῶν
2365 4781 2588 4856 ὀλέθρια
2637 4779 2899 4858 δόγματα,
2928 4782 3246 4839 τιτύσκοντα
3274 4782 3410 4860 πρὸς
3445 4780 3608 4837 θάνα-

225 4879 452 4958 ζόφωσιν
515 4877 566 4949 ἐξ
615 4878 782 4952 ὕψους
844 4875 1107 4933 τοσούτου
1171 4875 1474 4952 παρρησίας
1541 4875 1632 4930 καὶ
1683 4883 1852 4948 τιμῆς
1959 4894 2051 4928 τον
2084 4873 2176 4934 τὰς
2205 4870 2340 4927 αὐτὰ
2365 4867 2813 4949 παραδεχομένας
2843 4871 3045 4944 ψυχάς.
3097 4869 3280 4926 ’Ότιᾶ
3308 4871 3371 4926 σὺ
3402 4891 3606 4944 κατηρ-

209 4957 303 5022 καὶν
345 4966 734 5043 λαμπρότητος
785 4965 1004 5022 ἀνεκτὸν
1048 4968 1284 5040 ἡγεῖται.
1328 4961 1481 5018 Πολὺ
1514 4961 1560 5018 δ’
1589 4961 1640 5019 ἐν
1669 4963 1850 5037 τούτῳ
1957 4961 2092 5018 τίσω
2121 4960 2275 5016 αὐτοὶ
2327 4958 2577 5016 καθεῖλον
2603 5000 2616 5013 .
2668 4957 2806 5014 διότι
2835 4960 2899 5014 τὸ
2929 4959 3064 5015 εἶναι
3093 4959 3346 5036 πρόννιαν
3374 4961 3466 5016 καὶ
3487 4965 3604 5024 τοῖς

216 5054 423 5130 μᾶλλον
474 5052 726 5111 όδυνᾶται
791 5055 882 5110 καὶ
949 5052 1296 5131 διαῤῥγνυται
1326 5071 1340 5086 ⁶
1407 5050 1497 5108 διὰ
1561 5050 1698 5122 δῆτα
1759 5052 1850 5108 καὶ
1961 5047 2187 5112 δικαίοις
2235 5046 2462 5119 ἔπαθλα,
2518 5049 2608 5103 καὶ
2652 5048 2720 5103 τὰ
2754 5048 2893 5124 πρὸς
2935 5048 3083 5120 ἀξίαν
3122 5055 3244 5113 τοῖς
3272 5053 3538 5125 πονηροῖς
3570 5049 3605 5104 ἅ

211 5143 526 5220 ἀγωνίζεται
577 5144 667 5200 καὶ
714 5145 988 5205 παντοίως
1028 5141 1364 5219 τεχνάζεται,
1409 5142 1478 5196 τὰ
1521 5139 1710 5197 πολλά
1752 5141 1846 5214 μὲν

213 5234 460 5306 ἀνοήτοις
505 5233 597 5289 καὶ
642 5232 870 5308 ἀλόγοις
919 5231 1216 5303 ἐξισοῦσθαι
1264 5232 1511 5301 κτήνεσιν
1564 5229 1602 5300 ἤ
1633 5229 1846 5306 θηρίοις

204 5321 328 5385 τοὺς
369 5320 591 5398 νοεροὺς
644 5319 799 5398 φύσει
844 5320 933 5375 καὶ
967 5319 1248 5396 λογικοὺς,
1279 5320 1359 5391 τῷ
1388 5319 1677 5394 κεχηνέναι
1709 5318 1847 5394 πρὸς

210 5412 426 5488 χόρτον,
460 5412 494 5480 ἢ
535 5409 624 5466 καὶ
681 5404 935 5486 βορϐόρῳ
985 5406 1432 5485 ἐγκαλινδεῖσθσι.
1475 5412 1706 5462 Τοιαῦτα
1740 5409 1845 5484 γὰρ

210 5503 274 5557 τὰ
323 5501 374 5556 έν
424 5500 620 5574 κόσμῳ
664 5499 866 5575 τερπνά
918 5519 977 5553 τε
1031 5498 1122 5553 καὶ
1189 5495 1581 5553 ἀπολαυστικά·
1655 5500 1742 5568 Τῷ
1795 5497 1844 5553 τ’

206 5588 563 5667 ἀγριαίνεσθαι
601 5587 692 5644 καὶ
741 5589 1087 5662 θυμομαχεῖν
1134 5586 1187 5649 ἐς
1239 5583 1389 5641 ούδέν
1423 5583 1564 5654 δέον,
1597 5584 1649 5646 ἐς
1678 5583 1846 5656 άνόη-

203 5678 289 5735 τόν
335 5699 395 5734 τε
439 5679 530 5733 καὶ
579 5679 805 5751 μάταιον
836 5695 849 5708 ·
901 5674 953 5730 τί
991 5676 1095 5752 γάρ
1142 5678 1249 5729 τῶν
1300 5672 1370 5729 δι’
1426 5675 1559 5750 ἅπερ
1591 5671 1839 5748 ἐρίζομεν

204 5763 476 5846 ἄνθρωποι
523 5767 614 5822 καὶ
661 5761 1127 5842 ἀποθηρίούμεθα,
1176 5761 1458 5828 λυσιτελὲς
1514 5761 1592 5829 εἴς
1657 5783 1839 5839 σωτη-

1958 5139 2022 5195 ab
2080 5137 2409 5213 κατηρτίσω,
2459 5136 2731 5192 τουτέστιν
2780 5138 3081 5214 ἀπήρτισας
3122 5138 3212 5194 καὶ
3263 5138 3494 5216 εἴργάσω
3521 5139 3606 5194 τέ-

1958 5227 2058 5284 λεα
2097 5227 2184 5282 καὶ
2237 5222 2428 5302 βέϐαια
2472 5223 2561 5282 διά
2606 5246 2667 5282 τε
2698 5227 2868 5300 νόμου
2898 5225 2986 5282 καὶ
3017 5231 3317 5306 προφητῶν
3349 5227 3439 5282 καὶ
3471 5228 3601 5283 ὑπο-

1957 5314 2258 5394 δειγμάτων
2312 5314 2544 5391 ἐναργῶν
2615 5314 2704 5370 καὶ
2766 5313 3017 5384 πολλῶν,
3086 5315 3240 5372 αὐτοὶ
3297 5311 3595 5372 κατέϐαλον

1953 5406 2042 5462 καὶ
2107 5405 2464 5479 κατέστρεψαν
2533 5401 2656 5459 ὅσον
2722 5404 2786 5460 τὸ
2836 5403 2919 5460 ἐπ’
2964 5404 3168 5478 αὐτοῖς,
3215 5406 3311 5469 τὰς
3359 5405 3595 5469 ἐναντίας

1956 5493 2260 5568 ὑπολήψεις
2305 5491 2810 5569 παρεπεισάγοντες.
2860 5495 2916 5548 Ὁ
2968 5492 3026 5550 δὲ
3078 5492 3283 5559 δίκαιος
3321 5494 3374 5551 τί
3404 5495 3593 5568 ἐποίη-

1953 5606 2079 5654 σεν,
2128 5584 2192 5638 Οἱ
2244 5581 2338 5656 μὲν
2389 5580 2709 5656 ἁμαρτωλοὶ
2748 5580 3012 5660 ,δαίμονεν
3063 5583 3237 5648 οὕτως
3285 5584 3540 5654 ἐποίησαν
3577 5603 3592 5617 ⁸

1951 5675 1981 5730 6
2013 5671 2071 5729 δὲ
2101 5669 2308 5734 δίκαιος
2356 5669 2633 5746 ἃνθρωπος
2676 5671 2704 5728 6
2750 5671 2878 5735 τοὺς
2928 5669 3276 5736 δεσποτικους
3307 5673 3591 5750 φυλάττων

1947 5760 2182 5839 θεσμοὺς
2234 5758 2327 5817 καὶ
2383 5763 2499 5825 τοῖς
2548 5758 2745 5826 ὅπλοις
2801 5762 3307 5843 περιπεφραγμένος
3361 5767 3464 5833 τῆς
3511 5761 3595 5817 εὖ.
