3988 6444
204 388 367 449 1377

1423 385 1840 449 EXPOSITIO
1881 384 1960 446 IN
2002 383 2394 447 PSALMOS.

3448 389 3609 452 1378

205 519 256 574 έν
321 519 653 596 ἀνθρώποις·
703 519 739 588 ἡ
783 519 968 594 γενική
1031 518 1135 594 γὰρ
1202 515 1548 574 ἀντιδοτικῶν
1607 517 1847 587 ἐνταῦθα,
1878 513 2026 592 Ατὸ
2087 513 2216 592 δόρυ
2271 516 2368 569 τοῦ
2426 511 2699 589 σωτηρίου
2754 515 3136 581 κατακοντίσας
3200 517 3290 573 τὸν
3344 517 3601 596 τύραννον

203 608 332 684 περὶ
359 594 429 662 τὰ
455 607 636 684 καίρια
671 608 764 680 μὲν
816 603 1122 682 ἐψεύδοντο,
1155 606 1205 661 ἐν
1257 604 1314 662 δὲ
1365 612 1484 670 τοῖς
1541 605 1851 683 ἐλαχίστοις
1963 601 2158 659 ἔσωσεν
2215 606 2386 676 ἡμᾶς,
2418 604 2507 658 καὶ
2565 604 2705 658 σώαν
2760 606 2858 674 τὴν
2905 603 3208 684 ἐλευθερίαν
3239 615 3341 678 τῆς
3383 594 3601 681 πλάνης

205 696 520 773 πράγμασιν
554 696 668 768 ήλή
679 708 830 762 θευον
842 741 855 755 .

1960 692 2270 769 ἐχαρίσατο,
2314 691 2404 747 καὶ
2461 691 2808 756 ἀσθενοῦντας
2865 695 2991 771 πρὶν
3051 692 3254 772 ἔρρωσε
3308 701 3444 752 κατά
3497 705 3604 758 τῶν

282 809 312 838 κ
345 786 558 841 Μάταια
627 784 896 856 ἐλάλησεν
973 783 1195 848 ἕκαστος
1252 786 1389 862 πρὸς
1459 785 1548 841 τὸν
1616 783 1852 856 πλησίον
1961 779 2259 855 δαιμόνων.
2320 805 2349 833 ‹‹
2407 781 2855 859 Παρῥησιάσομαι
2909 784 3000 839 καὶ
3055 784 3107 840 ἐν
3163 785 3330 861 αὐτῷ,
3389 813 3418 842 »
3477 810 3607 843 του-

209 875 393 931 αὐτοῦ.
445 896 472 929 ι»
527 907 598 918 --
643 877 799 929 Τοῦτ’
853 872 994 930 ἔστιν
1055 875 1330 945 ἀπατηλάο
1386 874 1448 929 οὐ
1527 873 1687 948 μόνον
1747 874 1851 949 γὰρ
1957 870 2130 926 τέστιν
2191 872 2242 926 ἐν
2301 867 2448 944 αῦτῷ
2505 870 2582 945 τῷ
2629 872 2882 950 σωτηρίῳ
2921 871 3276 948 δημοσιεῦσαι
3330 879 3430 947 τὴν
3492 877 3608 934 ἐπι-

208 965 434 1034 ἠπάτων
462 963 592 1026 τοὺς
625 961 971 1040 ἀλλοτρίους,
1005 961 1150 1020 ἀλλὰ
1176 965 1265 1020 καὶ
1310 963 1438 1027 τοὺς
1467 961 1720 1037 ζοίκείους
1759 960 1853 1016 αύ-

207 1057 352 1115 τοῖς·
383 1051 616 1122 πλησίον
647 1054 752 1128 γὰρ
781 1051 941 1108 καλεῖ
982 1052 1109 1117 τοὺς
1159 1051 1360 1131 ἔγγιον,
1393 1051 1455 1108 οὐ
1506 1052 1681 1126 τόπῳ,
1729 1048 1858 1106 ἀλλ’

212 1140 532 1213 οἰκειότητι.

1959 959 2338 1037 κρυπτομένην
2370 959 2421 1016 ἐν
2451 959 2574 1033 ἐμοὶ
2615 959 2861 1034 δύναμιν·
2923 960 3176 1042 διερῥάγη
3235 966 3339 1043 γὰρ
3395 967 3458 1022 τὸ
3513 990 3608 1024 καοι

1959 1050 2296 1124 ταπέτασμα,
2358 1050 2386 1104 6
2441 1047 2604 1119 ἥλιος
2664 1049 2966 1125 ἐσκοτίσθη,
2999 1053 3054 1107 αἱ
3109 1053 3297 1131 πέτραι
3355 1057 3609 1134 ἐσχίσθη-

1963 1160 2078 1211 σαν,
2129 1139 2164 1208 ἡ
2220 1144 2290 1215 γῆ
2353 1137 2586 1210 ἐσείσθη,
2644 1139 2734 1194 καὶ
2791 1137 2887 1195 ὅσα
2941 1141 3064 1198 τότε
3116 1142 3329 1220 γέγονεν
3385 1145 3604 1217 ἐξαίσια⁸

286 1255 316 1284 ‹‹
347 1228 685 1299 Χείληδόλια
711 1231 800 1286 καὶ
831 1232 884 1287 ἐν
915 1230 1109 1310 καρδίᾳ
1137 1231 1226 1288 καὶ
1276 1231 1328 1288 ἐν
1378 1229 1573 1309 καρδίᾳ
1620 1229 1858 1301 ἐλάλησε
1963 1229 1999 1299 ἢ
2031 1226 2196 1283 πάλιν
2232 1230 2470 1301 θήσομαι
2500 1227 2694 1292 αὐτοὺς
2742 1228 2818 1292 εἰς
2875 1232 3168 1308 σωτηρίαν,
3199 1232 3370 1309 ἤγουν
3423 1241 3606 1310 σωτη-

211 1320 369 1375 κακά.
405 1343 436 1373 ››
464 1353 535 1363 -
562 1319 734 1392 Χείλη
773 1319 935 1377 δόλια
962 1319 1105 1398 λέγει
1129 1323 1220 1377 τὸν
1264 1319 1470 1392 δόλιον,
1502 1322 1578 1384 ὡς
1606 1321 1710 1376 ἀπὸ
1763 1317 1860 1393 μέ-

216 1430 342 1485 ρους
370 1409 434 1465 τὸ
463 1413 588 1464 πᾶν·
615 1410 672 1464 Ὁ
702 1407 910 1479 δόλιος,
938 1411 1122 1490 φησὶν,
1155 1411 1207 1467 έν
1241 1408 1442 1484 διπλόῃ
1467 1407 1688 1488 καρδίας
1717 1407 1860 1485 γνώ-

1968 1316 2084 1394 ρίας
2141 1315 2376 1387 ἀξιώσω,
2425 1315 2515 1371 καὶ
2587 1317 3028 1394 παρρησιάσομαι
3114 1322 3166 1378 ἐν
3239 1329 3308 1399 τῇ
3383 1326 3606 1402 τοιαύτῃ

1968 1404 2212 1482 σωτηρίᾳ
2266 1404 2464 1476 αὐτῶν,
2495 1403 2667 1462 εἷίτουν
2727 1410 3040 1487 φανερώσω,
3100 1409 3257 1485 δείξω
3307 1417 3408 1486 τὴν
3465 1417 3606 1493 ἐμὴν

218 1519 325 1573 μῃς
382 1495 619 1570 ἐλάλησε
669 1499 808 1554 κακᾶ
860 1498 951 1554 καὶ
1009 1494 1267 1576 βλαϐερά
1310 1495 1416 1554 ἔσω
1475 1499 1570 1572 μὲν
1631 1495 1858 1554 ἀλλοίαν
1970 1494 2152 1571 ἰσχύν.

215 1587 445 1661 γνώμην
478 1584 642 1662 ἔχων,
675 1583 775 1657 ἔξω
805 1583 864 1642 δὲ
893 1586 1120 1644 ἀλλοίαν
1164 1585 1394 1652 δεικνύς.

296 1718 318 1745 ι
351 1690 754 1768 Ἐξολοθρεύσει
804 1695 1004 1770 Κύριος
1061 1694 1233 1750 πάντα
1286 1695 1355 1750 τὰ
1413 1693 1580 1770 χείλη
1650 1695 1718 1749 τὰ
1775 1689 1864 1748 δό-

219 1781 317 1837 λια
357 1781 447 1836 καὶ
505 1779 754 1858 γλῶσσαν
805 1781 1290 1859 μεγαλορῥήμονα.
1324 1808 1353 1837 ››
1386 1817 1455 1826 -
1502 1780 1781 1845 Πολλάκις
1829 1791 1866 1852 ἡ

221 1871 408 1948 Γραφή
439 1871 502 1926 τὸ
519 1850 773 1927 ἐὐκτικὸν
807 1850 898 1934 εἷς’
932 1850 1214 1966 μέλλοντα.
1263 1869 1461 1949 χρόνον
1517 1850 1864 1966 (angari-C3;
1899 1901 1949 1966 B
1980 1850 2135 1963 elcfv;

221 1960 458 2036 καθάπερ
515 1959 603 2015 ἐπὶ
658 1965 755 2016 τοῦ
809 1961 1098 2036 παρόντος·
1159 1958 1375 2037 εὔχεται
1452 1962 1555 2037 γὰρ
1638 1959 1867 2037 προρρί-

226 2053 348 2118 ζους
396 2048 746 2127 ἀφανισθῆναι
795 2049 922 2112 τοὺς
970 2046 1188 2110 δολίους
1236 2047 1335 2118 ἔτι,
1366 2051 1454 2105 καὶ
1511 2050 1638 2113 τοὺς
1670 2049 1869 2118 ἀλαζο-

221 2138 545 2210 νευομένους
621 2139 756 2193 κατά
827 2143 934 2192 τῶν
1015 2138 1398 2213 ἀσθενεστέρων
1483 2139 1574 2194 καὶ
1663 2138 1872 2216 μεγάλα

225 2225 349 2302 περῖ
379 2225 578 2281 ἑαυτῶν
627 2224 1025 2300 κομπάζοντας,
1058 2227 1093 2296 ἢ
1139 2227 1230 2281 καὶ
1277 2226 1605 2306 προφητεύει
1663 2228 1870 2283 τούτων

223 2313 617 2390 πανωλεθρίαν·
644 2313 910 2371 διδάσκων
940 2313 998 2371 δῖε
1019 2315 1166 2379 τίνας
1197 2313 1348 2393 λέγει
1380 2316 1693 2396 μεγαλορὁή
1706 2339 1873 2392 μονας

226 2403 487 2480 ἐπήγαγε.

297 2516 328 2545 ‹‹
358 2492 494 2556 Τοὺς
544 2491 809 2567 εἰπόντας,
858 2494 966 2564 Τήν
1012 2493 1262 2570 γλῶσσαν
1327 2497 1488 2569 ἡμῶν
1541 2495 1874 2574 μεγαλυνοῦ-

233 2601 352 2656 μεν.
386 2606 416 2634 ››
446 2615 516 2625 -
553 2582 688 2646 Τοὺς
749 2585 1114 2658 σκεψαμένους
1169 2584 1220 2640 ἐν
1280 2585 1493 2648 ἑαυτοῖς
1551 2585 1634 2641 ὅτι
1693 2593 1874 2662 Μεγα-

229 2666 521 2744 λυνοῦμεν,
575 2668 704 2742 ἤτοι
765 2671 974 2747 μεγάλα
1028 2671 1118 2728 καὶ
1191 2671 1484 2744 ἀλαζονικᾶ
1553 2673 1874 2753 φθέγγεσθαι

233 2760 708 2835 παρασκευάσομεν
737 2761 837 2829 τήν
867 2759 1120 2836 γλῶσσαν
1151 2763 1331 2834 ἡμῶν.

302 2872 332 2900 ‹‹
364 2849 439 2904 Τὰ
494 2847 659 2925 χείλη
717 2852 878 2922 ἡμῶν
926 2851 1053 2926 παρ’
1099 2852 1260 2923 ἡμῶν
1309 2850 1440 2906 ἐστι·
1481 2852 1562 2916 τίς
1591 2855 1752 2926 ἡμῶν
1783 2852 1875 2908 κύ-

233 2932 348 3013 ριός
377 2937 528 3008 ἐστι;
563 2962 592 2990 n
622 2937 722 2993 Καὶ
755 2938 1002 3001 εἰπόντας
1037 2935 1112 2994 ἔτι
1164 2939 1246 2994 ὅτι
1289 2940 1378 2994 καὶ
1426 2943 1590 3013 ἡμεῖς
1638 2941 1876 3012 ἐξουσιά-

237 3030 397 3099 ζομεν
427 3031 536 3081 τῶν
572 3025 804 3102 χειλέων
855 3029 1040 3100 ἡμῶν,
1093 3027 1183 3082 καὶ
1232 3025 1424 3083 λοιπὸν
1470 3029 1590 3084 τίνα
1637 3027 1879 3085 δεδοίκα-

240 3135 333 3187 μεν
362 3115 438 3187 μὴ
467 3119 690 3171 τοιαῦτα
733 3115 999 3193 λέγοντα;
1032 3115 1122 3171 καὶ
1178 3115 1263 3179 τίς
1319 3119 1454 3190 ἡμῖν
1511 3116 1714 3174 κωλύει
1769 3124 1874 3174 τῶν

236 3202 532 3258 τοιούντων
567 3203 741 3281 λόγων
772 3225 786 3275 ;

2043 1585 2174 1639 «Τᾶ
2230 1583 2390 1662 λόγια
2448 1585 2649 1662 Κυρίου
2707 1583 2868 1664 λόγια
2932 1589 3086 1666 ἀγνά.
3120 1617 3143 1646 ι
3177 1625 3252 1638 -
3289 1593 3473 1651 Εἰπὼν
3533 1593 3618 1652 ὅτι

1979 1698 2002 1727 ι
2034 1672 2170 1728 Τάδε
2228 1673 2375 1750 λέγει
2437 1675 2465 1730 ὁ
2523 1674 2739 1751 Κύριος,
2803 1701 2832 1729 »
2892 1673 3297 1738 διαϐεϐαιοῦται
3348 1683 3438 1740 καὶ
3496 1683 3620 1760 περὶ

1977 1767 2080 1820 τῶν
2110 1767 2207 1818 τοῦ
2237 1763 2433 1839 Κυρίου
2463 1761 2640 1842 λόγων
2667 1765 2928 1839 ἀληθείας
2984 1769 3059 1832 ὡς
3116 1771 3341 1850 καθαροὶ
3390 1768 3620 1848 ψεύδους

2051 1966 2079 1995 ‹‹
2111 1941 2394 2019 Ἀργύριον
2461 1947 2848 2022 πεπυρωμένον
2903 1944 3152 2021 δοκίμιον
3207 1954 3276 2025 τῇ
3336 1950 3437 2027 γῇ.
3481 1974 3510 2003 ››
3552 1981 3625 1997 ·--

1979 2029 2162 2094 Οὕτως
2217 2031 2346 2087 εἰσὶν
2399 2031 2612 2109 ἀμιγεῖς
2668 2034 2878 2107 ἀπάτης
2947 2037 3022 2101 ὡς
3097 2040 3158 2092 τὸ
3214 2041 3622 2116 κεχωνευμένον

1980 2119 2238 2196 ἀργύριον
2268 2122 2632 2194 ἀκοινώνητόν
2682 2123 2821 2180 ἐστιν
2875 2124 3012 2196 ὕλης
3063 2127 3333 2204 χείρονος’
3369 2128 3628 2202 Δοκίμιον

1981 2207 2039 2263 δὲ
2067 2213 2134 2283 τῇ
2163 2208 2235 2285 γῇ
2267 2209 2379 2264 ἀντὶ
2408 2215 2505 2266 τοῦ
2537 2209 2990 2287 δοκιμιαζόμενον
3021 2214 3072 2269 ἐν
3119 2219 3188 2290 τῇ
3238 2219 3332 2292 γῇ·
3384 2219 3474 2271 καὶ
3523 2216 3625 2293 γὰρ

1981 2295 2136 2374 ἔχεον
2170 2298 2222 2352 οἱ
2259 2303 2502 2375 τεχνῖται
2532 2300 2595 2354 τὸ
2623 2301 3024 2376 χωνευόμενον,
3054 2304 3091 2374 ἢ
3121 2303 3212 2360 καὶ
3262 2302 3514 2380 δοκίμιον
3557 2308 3628 2379 τῇ

1979 2390 2049 2462 γῇ
2102 2386 2219 2441 ἀντὶ
2265 2392 2362 2442 τοῦ
2411 2387 2660 2462 δοκίμιον
2709 2389 2769 2446 ἐκ
2793 2394 2892 2461 τῆς
2939 2399 3064 2468 γῆς.
3099 2394 3410 2451 Ἑπιτείνων
3443 2391 3628 2462 δὲτὴν

1981 2475 2323 2552 καθαρότητα
2350 2481 2449 2532 τοῦ
2481 2477 2678 2553 Κυρίου
2711 2477 2912 2557 λόγων,
2951 2480 3208 2559 ἐπήγαγε-

2055 2606 2083 2633 ‹‹
2117 2581 2297 2659 Κύριε,
2355 2586 2804 2660 κεκαθαρισμένον
2886 2586 3271 2648 έπταπλάσιον.
3333 2614 3364 2643 ››
3422 2624 3491 2634 -
3550 2589 3630 2648 Τὸ

1985 2668 2348 2726 ἐπταπλάσιον
2410 2672 2526 2728 ἀντὶ
2582 2677 2679 2727 τοῦ
2743 2673 3037 2739 πολλάκις
3107 2679 3171 2732 τὸ
3237 2679 3338 2756 γὰρ
3411 2678 3630 2740 ἐπτάκις

1983 2757 2098 2813 ἀντὶ
2151 2763 2248 2812 τοῦ
2303 2757 2616 2823 πλειστάκις
2647 2764 2682 2831 ἡ
2723 2767 2832 2818 τῶν
2893 2759 3156 2838 Ἐϐραίων
3213 2762 3632 2842 παραλαμϐάνει

1986 2844 2286 2910 διάλεκτος.
2335 2849 2406 2904 Τὸ
2450 2847 2507 2904 δὲ
2544 2849 2818 2913 πολλάκις
2865 2853 3245 2928 χωνευόμενον
3298 2856 3634 2910 παντάπασιν

1985 2935 2052 3005 ῆν
2098 2935 2352 3013 καθαρόν·
2404 2937 2576 2994 οὕτως
2626 2937 2716 2994 οὖν
2764 2940 2894 2996 εἰσιν
2945 2941 3189 3017 ἀληθεῖς,
3236 2944 3490 3021 ἀργύριον
3547 2964 3634 2998 κε-

1986 3024 2328 3100 χωνευμένον
2379 3025 2672 3091 πολλάκις.
2706 3028 2876 3105 Λόγια
2927 3027 2984 3085 δὲ
3037 3031 3202 3104 εἶπεν,
3237 3032 3298 3086 οὖ
3356 3034 3474 3086 καθ’
3507 3032 3634 3086 ὑπο-

1987 3114 2271 3190 χωρισμὸν
2301 3115 2595 3187 εὐτελείας,
2626 3117 2752 3174 ἀλλ’
2797 3117 2882 3173 ὅτι
2935 3120 3062 3182 τοὺς
3119 3119 3409 3196 χρησμοὺς
3469 3120 3635 3196 λόγια

1989 3201 2215 3258 ἐκάλουν
2251 3201 2339 3259 διὰ
2365 3206 2462 3274 τὴν
2522 3204 2894 3283 βραχυλογίαν
2923 3208 3118 3263 αύτῶψ
3153 3209 3202 3263 ἐν
3263 3207 3474 3286 ὀλίγαις
3530 3209 3631 3286 γὰρ

310 3314 340 3344 (ι
370 3295 583 3348 Ἕνεκεν
625 3269 726 3363 τῆς
772 3269 1148 3370 ταλαιπωρίας
1184 3298 1292 3350 τῶν
1341 3299 1580 3372 πτωχῶν
1637 3296 1726 3351 καὶ
1783 3301 1880 3352 τοῦ
1910 3269 1954 3338 C
1993 3289 2165 3362 λέξεσι
2201 3269 2446 3368 μεγάλην
2479 3269 2702 3367 δύναμίν
2735 3269 2942 3359 ἐννοίας
2973 3295 3347 3373 ἐμπεριεῖχον.

237 3387 536 3458 στεναγμοῦ
607 3387 713 3438 τῶν
788 3385 1034 3454 πενήτων
1111 3387 1203 3438 νῦν
1285 3385 1674 3458 ἀναστήσομαι,
1737 3386 1883 3463 λέγει

237 3469 456 3546 Κύριος.
497 3494 527 3524 ››
559 3504 628 3513 —-
661 3472 739 3529 Τὸ
796 3477 887 3526 νῦν
943 3471 1059 3527 ἀντὶ
1110 3477 1208 3527 τοῦ
1260 3475 1397 3529 κατὰ
1443 3475 1532 3529 τὸν
1608 3476 1883 3552 πρέποντα

235 3561 420 3634 καιρὸν
482 3561 851 3634 ἀναστήσομαι
899 3565 996 3616 τοῦ
1054 3561 1226 3640 τάφου
1283 3558 1457 3618 ἕνεκεν
1532 3570 1633 3633 τῆς
1689 3563 1882 3619 ταλαι-

235 3647 447 3722 πωρίας
493 3653 600 3704 τῶν
648 3646 1073 3722 δεδουλωμένων
1112 3653 1182 3724 τῇ
1229 3649 1408 3726 πλάνῃ
1457 3649 1526 3706 δι’
1557 3651 1735 3708 ἄνοιαν
1767 3653 1881 3728 (ἀν-

237 3737 522 3813 θρωπείαν)
590 3736 711 3806 ἥτις
788 3736 1134 3813 ταλαιπωρία
1207 3737 1420 3815 γέγονεν
1499 3739 1683 3804 αὐτοῖς
1768 3742 1881 3797 ἀντὶ

237 3817 537 3902 στεναγμοῦ
593 3815 726 3891 καθ’.
764 3827 831 3896 ἣν
907 3824 1324 3900 ἀποδεδώκαμεν
1394 3827 1648 3905 ἐξήγησιν
1708 3829 1880 3905 ἐρμη-

233 3914 474 3978 νεύοντες
502 3917 586 3987 τὸ,
621 3940 648 3968 ‹‹
682 3915 793 3971 Οὐκ
831 3915 1120 3971 ἐπελάθετο
1177 3917 1280 3986 τῆς
1329 3925 1571 3993 κραυγῆς
1616 3923 1724 3974 τῶν
1783 3940 1877 3974 πε-

230 4005 432 4075 νήτων.
475 4028 504 4057 ››
533 4006 770 4076 Ἀκήκοε
819 4002 876 4060 δὲ
921 4010 1081 4060 τοῦτο
1133 4001 1296 4060 Δαυῒδ
1343 4012 1462 4069 τοῖς
1519 4013 1881 4085 προφητικοῖς

234 4091 354 4149 ὠσί.
387 4092 525 4148 Φασῖ
570 4089 628 4147 δέ
676 4115 818 4156 τινες
865 4093 1089 4169 πτωχὸν
1152 4093 1245 4166 μὲν
1305 4093 1585 4158 καλεῖσθαι
1632 4097 1722 4150 τὸν
1772 4095 1880 4151 ἀπὸ

230 4178 473 4236 πλούτου
519 4181 845 4238 πεπτωκότα
887 4182 1024 4237 κατὰ
1068 4180 1154 4250 τὸ,
1205 4207 1233 4234 ‹‹
1282 4181 1547 4238 Πλούσιοι
1604 4183 1879 4260 ἐπτώχευ-

227 4289 342 4324 σαν·
377 4292 406 4322 ››
437 4269 645 4342 πένητα
701 4268 758 4326 δὲ
793 4270 884 4326 τὸν
939 4267 1028 4325 διὰ
1077 4269 1241 4326 πόνον
1294 4275 1401 4326 τῶν
1461 4269 1612 4327 ἰδίων
1671 4276 1876 4349 χειρὼν

225 4359 432 4437 τροφὴν
481 4358 772 4435 ἀναγκαίαν
829 4358 1217 4433 κομιζόμενον.
1266 4364 1519 4416 Τοιοῦτον
1572 4359 1630 4417 δὲ
1686 4363 1776 4417 καὶ
1824 4363 1876 4418 οἱ

227 4451 525 4503 πιστεῦσαν
602 4447 904 4522 μέλλοντάς
971 4469 1033 4504 τε
1102 4449 1204 4525 γάρ
1275 4449 1456 4512 οὐσίας
1547 4452 1877 4528 περιῃρέθη-

2065 3423 2092 3451 ‹‹
2135 3399 2232 3470 Σὺ,
2310 3399 2490 3476 Κύριε,
2550 3401 2811 3479 φυλάξαις
2883 3405 3031 3476 ἡμᾶς
3114 3404 3205 3459 καὶ
3277 3401 3634 3480 διατηρήσαις

1991 3489 2139 3560 ἡμᾶς
2171 3488 2276 3542 ἀπὸ
2303 3495 2403 3558 τῆς
2434 3495 2622 3564 γενεᾶς
2649 3490 2853 3560 ταύτης
2901 3491 2989 3546 καὶ
3023 3491 3098 3555 εἷς
3129 3492 3221 3547 τὸν
3280 3491 3472 3549 αἰῶνα.
3507 3517 3529 3544 ι
3565 3524 3635 3536 --

1989 3574 2060 3631 Τὸ
2094 3577 2188 3650 μὲν
2250 3575 2509 3656 φυλάξαις
2566 3577 2672 3633 ἀπὸ
2729 3583 2837 3634 τῶν
2896 3578 3083 3651 ἔξωθεν
3124 3579 3540 3654 πολεμούντων,
3571 3581 3634 3637 τὸ

1992 3662 2050 3719 δὲ
2108 3663 2463 3739 διατηρήσαις
2518 3667 2622 3722 ἀπὸ
2675 3672 2782 3722 τῶν
2868 3667 3060 3724 ἔσωθεν
3141 3664 3631 3725 ἐπιϐουλευόντων

1988 3754 2024 3823 ἢ
2056 3753 2145 3808 καὶ
2203 3754 2266 3808 τὸ
2327 3756 2420 3828 μὲν
2477 3754 2739 3833 φυλάξαις
2797 3757 2902 3813 ἀπὸ
2956 3765 3058 3828 τῆς
3097 3758 3376 3836 παρούσης
3430 3764 3632 3835 γενεᾶς,

1986 3843 2050 3897 τὸ
2107 3841 2165 3897 δὲ
2223 3839 2576 3918 διατηρήσαις
2634 3845 2740 3899 ἀπὸ
2794 3850 2903 3901 τῶν
2960 3846 3262 3924 ἐσύστερον,
3304 3847 3435 3924 ὅπερ
3492 3848 3632 3904 ἐστὶν

1990 3931 2066 3994 εἷς
2097 3932 2186 3986 τὸν
2214 3931 2401 4001 αἰῶνα,
2436 3930 2694 4003 δηλονότι
2745 3935 2913 4011 μέχρι
2968 3931 3190 4000 παντός.
3224 3937 3325 3991 Καὶ
3385 3937 3567 4010 μέντοι
3596 3937 3632 4006 ἡ

1987 4020 2167 4082 πίστις
2214 4025 2322 4076 τῶν
2373 4019 2672 4095 δεξαμένων
2726 4028 2826 4078 τοῦ
2877 4023 3214 4101 Εὐαγγελίου
3255 4026 3318 4080 τὸ
3377 4027 3637 4102 κήρυγμα

1986 4109 2075 4164 καὶ
2106 4109 2212 4164 ἀπὸ
2239 4117 2340 4180 τῆς
2387 4115 2683 4182 τηνικαῦτα
2727 4119 2912 4188 γενεᾶς
2973 4115 3402 4191 ἀκαταγώνιστος
3458 4112 3638 4188 ἔμεινε

1985 4198 2075 4253 καὶ
2108 4199 2182 4261 εἰς
2209 4199 2301 4253 τὸν
2334 4197 2506 4254 αἰῶνα
2539 4205 2705 4274 μενεῖ,
2736 4203 2826 4257 καὶ
2873 4200 2997 4258 οῦτε
3051 4204 3104 4258 οἱ
3169 4208 3411 4281 φανερῶς
3466 4202 3635 4258 πολε-

1990 4289 2256 4360 μήσαντες
2305 4288 2570 4364 αἱρετικοὶ
2622 4289 2948 4368 κατίσχυσαν
3014 4291 3182 4362 αὐτῆς
3231 4294 3267 4361 ἢ
3315 4294 3636 4368 κατισχῦσαι

1987 4373 2324 4448 δυνήσονται.

2056 4489 2086 4518 (ι
2117 4463 2316 4540 Κύκλῳ
2346 4465 2400 4520 οἱ
2431 4461 2640 4529 ἀσεϐεῖς
2669 4472 3048 4543 περιπατοῦσι.
3073 4490 3104 4521 ››
3136 4499 3207 4510 --
3234 4468 3472 4523 Πάντοτε
3502 4469 3626 4545 γὰρ,

227 4557 342 4609 σαν,
371 4538 462 4592 καὶ
520 4538 574 4592 αἱ
630 4543 812 4634 χεῖρεξ
871 4537 1042 4592 αὐτῶν
1104 4535 1389 4634 διηκόῂοςδν
1446 4538 1521 4600 εἷς
1549 4541 1650 4634 τὴν
1686 4545 1872 4634 ,χεῖρα
1984 4554 2166 4632 φησὶν,
2221 4557 2371 4628 ἡμᾶς
2423 4555 2809 4632 περικυκλοῦσι
2861 4556 3226 4634 πολιορκῆσαι
3281 4558 3384 4627 τήν
3447 4556 3628 4612 πίστιν

225 4629 321 4680 τοῦ
351 4625 622 4718 σώματος’
646 4621 990 4718 Δλαμϐάνεται
1202 4624 1491 4718 πολλάκις
1533 4627 1634 4718 κοξῖλ
1683 4626 1867 4709 διαφό-
1896 4633 1944 4698 D
1973 4621 2307 4706 σπεύδοντες.
2339 4643 2444 4700 Καὶ
2472 4621 2634 4698 τοῦτο
2669 4644 2762 4718 μὶν
2797 4643 2884 4700 ἐπὶ
2932 4621 3042 4700 τῶν
3070 4621 3375 4716 Ἑλλήνων·
3431 4644 3518 4700 ἐπὶ
3573 4643 3631 4700 δὲ

229 4732 358 4788 ρως,
392 4714 506 4769 ἀντὶ
539 4713 761 4792 θατέρου
810 4715 1052 4792 θάτερον.
1104 4716 1252 4770 Ἔστι
1305 4712 1363 4770 δὲ
1408 4716 1499 4771 καὶ
1548 4714 1737 4780 ἄλλως
1790 4717 1867 4772 εί-

224 4807 367 4856 πεῖν’
400 4802 562 4881 φησὶν
591 4804 620 4858 6
651 4805 778 4866 Θεὸς
810 4803 914 4874 ὅτι,
949 4807 1045 4858 Διὰ
1070 4805 1168 4874 τὴν
1198 4801 1572 4878 ταλαιπωρίαν
1629 4806 1720 4861 καὶ
1772 4808 1864 4863 τὸν

227 4893 519 4968 στεναγμὸν
575 4897 681 4948 τῶν
737 4892 1218 4967 καταπονουμένων
1297 4897 1384 4948 νῦν
1467 4896 1863 4969 κινηθήσομαν

222 4985 367 5035 τοῦτ’
422 4979 562 5037 ἔστιν
620 4982 829 5054 αὐτίκα,
889 4981 1060 5052 εὐθὺς,
1114 4981 1346 5058 ταχέως.
1397 4989 1723 5060 Θεοπρεπῶς
1811 4982 1870 5039 δὲ

1973 4737 2080 4787 τῶν
2115 4733 2394 4809 αἱρετικῶν
2423 4732 2485 4787 τὸ
2514 4730 2702 4806 κύκλῳ
2734 4738 3088 4810 περιπατοῦσι
3120 4733 3238 4788 ἀντὶ
3268 4737 3366 4788 τοῦ
3398 4733 3501 4789 οὐκ
3550 4729 3631 4788 ἐπ’

1977 4819 2178 4883 εὐθείας
2227 4818 2374 4876 ἀλλά
2427 4821 2940 4898 περιεστραμμένως
2999 4821 3475 4899 παρερμηνεύουσι
3531 4824 3629 4886 τὰς

1979 4910 2120 4975 θείας
2149 4908 2378 4986 Γραφάς.

2051 5024 2079 5052 ‹‹
2112 5000 2260 5056 Κατὰ
2311 5000 2374 5054 τὸ
2431 4994 2565 5073 ὕψος
2633 5021 2734 5054 σου
2802 4999 3196 5076 ἐπολυώρησας
3266 5001 3395 5065 τοὺς
3480 5001 3630 5066 υἱοὺς

222 5075 422 5125 νοεῖται
475 5071 538 5126 τὸ
592 5073 985 5146 κινηθήσομαι,
1045 5071 1162 5126 ἀντὶ
1231 5075 1328 5126 τοῦ
1401 5071 1611 5146 ἀμυνῶ,
1673 5073 1720 5128 εἰ
1778 5073 1870 5129 καὶ
1977 5093 2084 5143 τῶν
2128 5087 2444 5162 ἀνθρώπων,
2479 5111 2508 5159 ν
2538 5088 2918 5164 ...τῖ’ψωθεῖς’
2965 5089 3147 5170 φησὶν,
3181 5089 3266 5145 ἐπὶ
3313 5094 3410 5146 τοῦ
3457 5112 3632 5162 σωτη-

221 5158 832 5238 ἀνθρωποπρεπέστερον
861 5159 1094 5238 εἴρηται.

296 5269 604 5342 «ϐήσομαι
687 5267 739 5323 ἐν
811 5267 1087 5345 σωτηρίῳ,
1151 5244 1597 5344 παρρησιάσομαι
1675 5268 1727 5324 ἐν
1783 5269 1873 5325 αύ-

211 5356 310 5425 τῷ.
345 5378 375 5407 ››
416 5389 486 5400 -
535 5356 927 5429 Μνημονεύσας
982 5363 1082 5426 τῆς
1139 5356 1476 5419 ἀναστάσεως
1539 5358 1868 5430 μνημονεύει

207 5441 298 5496 καὶ
351 5450 454 5513 τῆς
511 5451 688 5522 ταφῆς
720 5446 1051 5522 ἀναστρέψας
1101 5444 1194 5500 τὸν
1253 5442 1420 5520 λόγον
1473 5444 1562 5499 ἐπὶ
1619 5448 1710 5501 τὸν
1767 5445 1860 5502 διὰ

208 5532 480 5608 σωτηρίου)
544 5533 788 5597 θάνατον·
848 5534 925 5589 ἔτι
987 5533 1089 5610 γάρ
1141 5552 1295 5611 φησι·
1337 5533 1496 5588 «Καὶ
1556 5539 1720 5590 τοῦτο
1785 5534 1887 5614 λέ-

211 5640 296 5694 γει
330 5621 358 5675 6
389 5621 607 5697 Κύριος,
647 5645 669 5675 σι
703 5627 980 5697 Θήσυμαι,
1019 5622 1298 5678 τουτέστιν
1329 5625 1795 5699 προσπαγήσομαι
1829 5626 1884 5699 ἐν

219 5713 298 5782 τῷ
327 5710 602 5786 σωτηρίῳ.
636 5737 664 5765 ››
693 5718 862 5770 Τοῦτο
891 5713 996 5790 γὰρ
1047 5710 1393 5784 ὑποληπτέον
1452 5714 1730 5790 σωτήριον
1795 5712 1876 5772 ὅτι

1984 5177 2123 5254 ρίου,
2181 5174 2399 5246 πολλῆς
2466 5175 2754 5254 φροντίδος
2838 5178 2966 5242 τοὺς
3021 5179 3346 5256 ἀνθρώπους
3400 5178 3627 5250 ἠξίωσα·

1982 5265 2064 5322 ὅτι
2125 5263 2194 5320 δι’
2251 5263 2444 5327 αὐτοὺς
2496 5267 2767 5330 πέπονθας
2825 5266 3114 5345 πολυωρία
3191 5269 3293 5346 γὰρ
3356 5270 3391 5338 ἡ
3441 5267 3630 5338 πολλὴ

1985 5355 2224 5432 φροντὶς,
2284 5351 2462 5428 ὥσπερ
2518 5353 2608 5409 καὶ
2665 5357 2700 5426 ἡ
2761 5355 3026 5434 ὀλιγωρία
3079 5356 3392 5413 τούναντίον
3448 5358 3486 5427 ἢ
3541 5355 3631 5412 καὶ

1989 5443 2220 5518 ὑψωθεὶς
2250 5443 2386 5517 πρὸς
2417 5441 2676 5519 οὐρανοὺς
2708 5444 2758 5499 έν
2790 5447 2870 5520 τῷ
2916 5447 3091 5520 καιρῷ
3147 5453 3247 5516 τῆς
3307 5445 3632 5520 ἀναλήψεως

1992 5530 2352 5610 εύπργέτησας
2415 5531 2540 5595 τοὺς
2609 5533 2927 5609 ἀνθρώπους
3013 5535 3390 5607 ἐξαποστείλας
3447 5537 3633 5612 Παρά-

1993 5621 2196 5691 κλητον
2258 5620 2561 5700 φωτίζοντα
2615 5625 2704 5678 καὶ
2762 5623 3064 5702 ὁδηγοῦντα
3112 5623 3240 5688 τοὺς
3293 5623 3631 5687 ἀποστόλους

1995 5712 2074 5776 εἰς
2121 5711 2184 5768 τὸ
2237 5712 2517 5788 κήρυγμαο
2576 5709 2794 5772 δύναται
2847 5711 2906 5772 δὲ
2961 5715 3052 5771 καὶ
3128 5715 3414 5790 ἰστορικῶς
3477 5713 3634 5778 οὗτος
