3988 6436
291 371 449 437 13⁸19

1540 367 1969 433 ΝιαΕΡΗοιιι
2007 368 2443 433 BLEMMIDAI

3505 376 3712 441 1380

292 501 581 582 ὀφθαλμὸς
629 499 865 578 ἁρμόσαι
933 503 1012 574 τῷ
1054 498 1237 558 Δαυῒδ·
1288 500 1553 578 φεύγοντα
1595 503 1696 578 γὰρ
1742 503 1935 558 τοῦτον
1964 502 2019 572 Α
2046 498 2137 556 καὶ
2167 501 2219 557 οἱ
2249 499 2714 580 ἀποστρεφόμενοι
2763 501 2872 578 οὐχ
2917 502 3114 577 ὁρῶσιν
3175 500 3268 564 οὓς
3324 500 3711 580 ἀποστρέφον-

289 592 396 647 ἀπὸ
453 591 751 668 προσώπου
797 594 897 647 τοῦ
948 589 1132 647 Σαούλ
1187 610 1327 653 τινες
1378 589 1788 666 ὑποκρινόμενοι
1849 612 1938 667 φι-

290 679 410 737 λίαν
445 681 801 756 ἐπεχείρησαν
854 677 1150 757 προδοῦναι
1199 683 1280 752 τῷ
1328 676 1581 735 διώκοντι
1632 682 1705 735 ῶν
1753 677 1937 735 διασύ-

288 774 367 847 ρεί
414 772 513 839 τὴν
562 769 810 826 ἀπιστίαν
866 769 958 826 καὶ
1022 771 1120 840 τὴν
1176 768 1457 847 ὑπόκρισιν
1501 770 1593 825 καὶ
1631 770 1723 825 τὸν
1776 760 1939 825 δόλον

283 859 371 916 καὶ
427 860 525 927 τὴν
571 860 919 937 πανουργίαν,
962 860 1053 916 καὶ
1105 858 1269 933 μόνον
1316 857 1655 916 ἐπικαλεῖται
1714 865 1937 935 σωτῆρα

281 949 373 1005 τὸν
423 948 551 1004 Θεὸν
603 949 691 1004 οἷα
731 954 838 1004 τῶν
889 947 1066 1028 φίλων
1115 945 1461 1025 προθεμένων
1524 952 1644 1011 τοῖς
1711 947 1935 1023 ἐχθροῖς

283 1038 468 1111 αὐτοῦ,
515 1037 606 1093 καὶ
667 1036 924 1114 προλέγει
986 1035 1195 1094 τούτων
1251 1039 1353 1108 τὴν
1430 1036 1729 1110 ἀπώλειαν,
1786 1034 1935 1092 ἀλλά

280 1127 371 1184 καὶ
425 1129 526 1197 τήν
574 1124 1133 1205 μεγαλορῥημοσύνην
1184 1131 1293 1182 τῶν
1366 1125 1509 1205 ἀμφὶ
1600 1127 1695 1183 τὸν
1746 1123 1929 1182 Σαοὺλ

282 1211 683 1287 ἀποσϐεσθῆναι
733 1216 1114 1293 προαγορεύει.
1172 1215 1331 1293 Ὑπὶρ
1407 1212 1465 1270 δὶ
1534 1221 1639 1286 τῆς
1724 1211 1928 1297 ὀγδόης

274 1303 683 1384 ἐπιγέγραπται·
717 1330 749 1359 ‹‹
780 1304 880 1362 Διά
926 1307 1018 1362 τὸν
1063 1304 1261 1381 Κύριον
1308 1304 1705 1377 ἀναστήσομαι,
1757 1324 1788 1357 ιι
1834 1300 1926 1359 καὶ

275 1394 343 1452 τὰ
388 1396 534 1466 ἑξῆς,
577 1399 648 1469 τῇ
711 1392 988 1451 ἀναστάσει
1038 1398 1137 1450 τοῦ
1186 1395 1446 1468 Σωτῆρος
1492 1391 1704 1466 μᾶλλον
1754 1390 1928 1467 ἁρμό-

281 1491 478 1556 ζονται·
514 1482 565 1539 εἷ’
618 1483 721 1561 γὰρ
778 1484 868 1539 καὶ
921 1488 1088 1539 ταῦτα
1138 1484 1275 1559 πρὸς
1325 1484 1416 1538 τὸν
1481 1479 1643 1537 Δαυῒδ
1698 1479 1923 1536 ἐλκύσο-

280 1595 374 1649 μεν
406 1572 586 1647 ὥσπερ
620 1572 894 1645 ἀκηκοότα
928 1578 1026 1629 τοῦ
1074 1574 1208 1629 Θεοῦ
1260 1569 1645 1647 ὑποσχομένου
1690 1571 1926 1640 κινηθῆ-

275 1684 360 1719 ναι
418 1662 556 1719 κατὰ
596 1662 690 1718 τὸν
736 1662 923 1738 καιρὸν
967 1666 1068 1724 ταῖς
1116 1655 1436 1733 ἐπιϐουλῆς,
1490 1661 1636 1737 ἄγεις
1684 1655 1793 1734 (ἄρ’
1823 1658 1925 1732 εἴς)

277 1749 549 1822 ἐκδίκησιν
600 1750 765 1807 αὐτοῦ
809 1748 899 1805 καὶ
966 1752 1133 1805 θεῖναι
1178 1749 1307 1812 τοὺς
1353 1748 1616 1824 πτωχοὺς
1678 1746 1769 1803 καὶ
1826 1748 1925 1803 πέ-

274 1859 441 1908 νητας
495 1838 570 1899 εἷς
628 1835 922 1914 σωτηρίαν,
971 1836 1060 1892 καὶ
1125 1836 1615 1913 παρρησιάσασθαι·
1677 1836 1921 1890 τουτέστι

271 1934 501 2005 φανῆναι
535 1926 760 2002 ἰσχυρὸς
812 1926 902 1982 καὶ
951 1922 1178 1988 δίκαιος.
1211 1927 1310 1981 Διά
1353 1932 1454 1995 τῆς
1502 1924 1776 2001 σωτηρίας
1821 1924 1921 1980 αύ-

266 2019 374 2071 τῶν
408 2015 917 2088 ἐναντιωθησόμεθα
950 2019 1018 2089 τῇ
1068 2013 1343 2092 ἐπιγραφῇ
1391 2020 1494 2084 τῆς
1546 2011 1771 2089 ὀγδόης.
1821 2014 1921 2069 Ἱσ-

268 2102 388 2160 τέον
439 2101 500 2160 δὲ
538 2103 626 2160 ὅτι
668 2105 940 2179 σωτήριον
989 2102 1086 2160 ούδ
1136 2103 1335 2181 ἑτέρως
1374 2105 1410 2174 ἡ
1442 2101 1688 2173 σωτηρία
1745 2100 1920 2177 ἐρμη-

271 2192 478 2250 νεύεται
490 2237 504 2251 .

880 2304 1177 2357 ΨΔΛΜΟΣ
1219 2300 1323 2358 ΙΒ’.

340 2403 437 2485 Εἲς
464 2405 528 2461 τὸ
554 2401 714 2462 τέλος
746 2405 968 2480 ψαλμὸς
997 2409 1077 2479 τῷ
1103 2403 1286 2464 Δαυίδ.
1318 2403 1466 2462 Μετά
1495 2405 1610 2476 ’τὴν
1663 2405 1916 2481 μοιχείαν

271 2501 371 2566 τῆς
401 2491 702 2572 Βηρσαϐεέ,
735 2493 824 2549 καὶ
854 2493 944 2551 τὸν
978 2494 1139 2574 φόνον
1169 2499 1268 2551 τοῦ
1320 2492 1511 2571 ἀνδρὸς
1554 2493 1721 2564 αὐτῆς
1752 2493 1918 2571 Οὐρία

272 2581 554 2664 διαφόροις
634 2585 937 2658 περιπεσὼν
1012 2588 1340 2661 πειρασμοῖς
1406 2585 1435 2639 6
1505 2581 1689 2639 Δαυΐδ·
1763 2582 1799 2652 ἥ
1858 2604 1918 2639 τε

272 2675 509 2751 θυγάτηρ
583 2674 748 2731 αὑτοῦ
820 2674 965 2748 παρά
1034 2679 1133 2730 τοῦ
1209 2672 1445 2752 ἀδελφοῦ
1502 2672 1669 2743 αὐτῆς
1728 2673 1913 2746 ’Δμὼν

270 2762 494 2842 ἐφθάρη,
526 2762 735 2819 καὶτὸν
774 2764 959 2837 ’Δμὼν
1016 2764 1043 2819 6
1077 2759 1311 2841 ἀδελφὸς
1358 2762 1527 2832 αὐτῆς
1588 2757 1915 2835 Ἀϐεσαλὼμ

272 2852 468 2909 ἀνεῖλε·
503 2852 728 2907 καὶτῶν
786 2851 1086 2928 βασιλικῶν
1138 2849 1300 2907 οἷ’κων
1351 2852 1451 2907 οὐκ
1502 2849 1764 2929 ἐλαχίστη
1817 2850 1914 2908 λό-

269 2960 382 3017 γων
432 2941 699 3019 σύγνυσις·
762 2940 879 2997 ἐπεὶ
924 2940 1233 2996 τελευταῖον
1292 2942 1382 2996 καὶ
1437 2938 1751 3017 τυραννίδος
1821 2960 1915 3014 με-

272 3028 501 3102 λετήσας
531 3032 561 3086 6
590 3036 719 3093 παῖς
778 3030 935 3093 οὗτος
985 3025 1314 3103 ’Δϐεσαλὼμ
1360 3029 1608 3101 ἀπήλασε
1668 3030 1763 3103 μὲν
1820 3029 1916 3084 αύ-

266 3110 358 3165 τὸν
388 3117 488 3181 τῆς
540 3108 838 3187 βασιλείας,
870 3110 971 3164 οὐκ
1017 3108 1207 3181 ἔστησε
1262 3106 1320 3164 δὲ
1380 3110 1544 3185 μέχρι
1580 3107 1772 3165 τούτον
1820 3110 1912 3165 τὸν

270 3200 462 3272 θυμὸν,
512 3197 657 3254 ἀλλά
699 3198 794 3260 τὰς
843 3195 1098 3272 δυνάμεις
1161 3196 1536 3274 συνεκρότησε,
1581 3198 1670 3253 καὶ
1744 3218 1911 3275 παρε-

268 3287 553 3357 σκευάζετο
602 3284 929 3360 καταδιῶξαι
970 3287 1063 3342 τὸν
1105 3290 1311 3363 πατέρα
1368 3288 1458 3342 καὶ
1508 3284 1737 3360 ἀνελεῖν,
1780 3286 1913 3343 ἀνα-

267 3373 629 3453 λογιζόμενος
687 3377 716 3432 ὁ
772 3373 935 3431 Δαυΐδ
990 3376 1054 3432 τὸ
1105 3374 1320 3446 πλῆθος
1374 3376 1463 3431 καὶ
1531 3377 1753 3452 μέγεθος
1799 3380 1905 3432 τῶν

268 3471 585 3544 συμφορῶν,
634 3462 773 3538 ᾤετο
825 3463 914 3520 διὰ
957 3465 1057 3534 τήν
1111 3462 1449 3535 δηλωθεῖσαν
1507 3465 1756 3541 μοιχείαν
1817 3464 1907 3520 καὶ

266 3555 358 3609 τὸν
391 3553 579 3632 φόνον,
607 3558 775 3610 ταῦτα
799 3554 1028 3630 πάσχειν
1092 3553 1550 3629 ἐγκαταλιπόντος
1606 3554 1766 3610 αὐτὸν
1813 3558 1911 3610 τοῦ

270 3647 425 3715 Θεοῦ,
478 3643 525 3697 εἰ
573 3643 665 3698 καὶ
728 3646 895 3698 ταῦτα
946 3644 1327 3719 συνεχωρήθη·
1385 3641 1472 3700 διὸ
1522 3644 1613 3701 καὶ
1665 3645 1757 3700 τὸν
1806 3665 1911 3700 πα-

271 3732 432 3808 ρόντα
480 3733 736 3801 συνέθηκε
783 3729 1001 3806 ψαλμὸν
1057 3733 1191 3805 μετά
1235 3732 1326 3789 τὸν
1364 3733 1568 3812 τρίτον·
1603 3732 1691 3789 ὅτε
1721 3736 1749 3789 6
1780 3736 1912 3810 Χρι-

269 3821 394 3883 στὸς
442 3818 790 3883 διασκεδάσας
836 3822 938 3890 τὴν
990 3820 1197 3896 βουλὴν
1255 3822 1557 3900 ’Δχιτόφελ
1606 3824 1680 3887 ὡς
1725 3844 1914 3899 προει-

267 3910 532 3985 ρήκαμεν,
628 3908 892 3981 ἐμήνυσεν
989 3909 1137 3981 αὐτῷ
1230 3911 1330 3979 τὴν
1420 3910 1653 3985 μελέτην
1738 3917 1913 3968 πᾶσαν

264 3992 613 4069 Ἀϐεσαλὼμ,
655 3997 746 4051 καὶ
793 3996 858 4053 τὸ
904 3997 1168 4073 πρακτέον
1218 3998 1460 4056 ὑπέθετο.
1491 4000 1587 4064 Εἰς
1632 4000 1697 4057 τὸ
1753 3998 1915 4064 τέλος

265 4082 324 4142 δὶ
371 4085 780 4162 ἐπιγέγραπται,
830 4083 921 4142 διὰ
977 4086 1078 4157 τήν
1124 4085 1175 4143 ἐν
1228 4087 1407 4161 τούτῳ
1455 4089 1759 4167 πρόρῥησιν
1810 4095 1913 4159 τῆς

262 4178 361 4231 τοῦ
433 4172 813 4249 πολεμοῦντος
899 4173 1088 4245 ἥττης,
1162 4175 1241 4239 εἰς
1312 4174 1474 4240 τέλος
1532 4173 1909 4248 ἐκϐεϐηκυῖαν·

268 4262 688 4339 ’Δγαλλιάσεται
716 4262 842 4341 γὰρ,
872 4263 1059 4343 φησὶν,
1088 4266 1123 4335 ἡ
1152 4262 1346 4343 καρδία
1378 4286 1481 4340 μου
1514 4264 1601 4322 ἐπὶ
1628 4271 1710 4340 τῷ
1738 4287 1915 4338 σωτη-

267 4351 370 4428 ρίῳ
403 4374 517 4408 σου.

339 4463 369 4494 (ι
398 4444 541 4504 Ἕως
569 4440 721 4513 πότε,
755 4439 941 4518 Κύριε,
974 4439 1225 4514 ἐπιλήσει
1279 4463 1383 4517 μου
1429 4442 1506 4507 εἵς
1553 4441 1752 4516 τέλοςς
1785 4468 1816 4497 ››
1841 4476 1913 4488 -

264 4530 329 4587 Ἤ
395 4527 544 4601 λήθη
606 4529 700 4602 μέν
756 4525 896 4585 ἔστιν
954 4526 1208 4601 ἀποϐολὴ
1274 4533 1636 4606 μνήμης.Τῷ
1681 4537 1797 4605 Θεῷ
1853 4530 1912 4589 δὲ

2047 608 2157 646 ται.

2125 701 2146 730 ι
2181 680 2322 741 Ἕως
2378 678 2522 742 τίνος
2584 682 2819 753 θήσομαι
2884 678 3087 755 βουλὰς
3137 679 3377 758 ἐνψυχῇ
3410 702 3537 754 μου,
3570 677 3706 737 ὀδυ-

2046 787 2135 830 νας
2194 765 2246 823 ἐν
2305 765 2503 844 καρδίᾳ
2563 791 2668 843 μου
2719 770 2929 843 ἡμέρας
2979 769 3070 824 καὶ
3099 769 3381 840 νυκτός;››
3414 803 3486 814 -—
3515 777 3705 847 Φρον-

2044 854 2180 924 τίζω
2238 856 2328 911 καὶ
2382 862 2633 933 μεριμνῷ
2674 862 2790 921 πῶς
2840 857 2899 912 ἃν
2942 856 3317 934 ἀπαλλαγείην
3375 864 3483 916 τῶν
3515 880 3706 935 πειρι-

2045 948 2219 1018 σμῶν,
2251 945 2343 1002 καὶ
2376 946 2452 1019 μὴ
2489 943 2785 1021 δυνάμενος
2818 944 3124 1025 ἐλευθερίαν
3184 948 3377 1025 εὑρεῖν,
3412 945 3704 1023 ὀδυνῶμαι

2044 1030 2134 1091 διὰ
2160 1034 2380 1098 παντός.

2116 1147 2146 1176 ι(
2174 1126 2322 1186 Ἕως
2350 1123 2483 1181 πότε
2513 1126 2857 1201 ὑψωθήσεται
2890 1126 2917 1180 6
2949 1125 3146 1203 ἐχθρός
3195 1146 3300 1199 μου
3344 1125 3427 1182 ἐπ’
3483 1126 3584 1202 ἐμέ
3612 1147 3631 1199 ;
3658 1151 3695 1184 κ

2040 1243 2113 1257 --
2140 1214 2198 1270 Ὀ
2225 1212 2559 1291 πατραλοίας
2592 1216 2620 1271 6
2662 1212 2751 1272 διὰ
2804 1213 3021 1271 πολλοῦ
3083 1219 3292 1290 μηνιῶν
3336 1232 3442 1290 μοι
3488 1218 3578 1295 ἀφ’
3626 1218 3696 1274 οὗ

2040 1303 2133 1359 τὸν
2229 1301 2399 1361 παῖδα
2475 1305 2659 1378 ’Δμὼν
2749 1304 3096 1369 ἐθανάτωσεν·
3181 1306 3551 1379 Ὑψωθήσεται
3632 1304 3697 1364 δὲ.

2038 1390 2155 1449 ἀντί
2203 1397 2300 1448 τοῦ
2335 1393 2685 1470 εὐπραγήσει.
2715 1395 2775 1453 Ὁ
2828 1394 2923 1467 μὶν
2973 1393 3077 1468 γὰρ
3123 1392 3336 1470 χαίρων
3385 1391 3525 1471 αἴρει
3581 1396 3689 1464 τὴν

2034 1480 2300 1560 κεφαλήν,
2334 1484 2363 1538 6
2401 1480 2447 1539 δ’
2493 1484 2794 1556 ἀνιώμενος
2844 1483 3140 1561 συγκέκυφε
3193 1483 3681 1558 τεταπεινωμένος·

2033 1571 2070 1641 ἢ
2104 1570 2299 1648 ἐχθρὸν
2333 1571 2423 1627 τὸν
2455 1567 2711 1628 διάϐολον
2763 1571 3131 1641 ὑποληπτέον·
3174 1572 3332 1635 αὐτὸς
3376 1574 3481 1649 γάρ
3537 1573 3683 1629 ἐστιν

2032 1664 2140 1715 τῶν
2165 1665 2478 1737 πειρασμῶν
2512 1657 2684 1724 αἰτιος
2712 1656 3053 1736 ἐπεμϐαίνων
3104 1666 3221 1725 τοῖς
3276 1661 3547 1739 πάσχουσι
3588 1662 3683 1719 καὶ

2034 1750 2150 1805 οἷον
2180 1755 2498 1807 καταπατῶν
2557 1752 2649 1808 καὶ
2698 1746 2901 1808 θλίϐων
2948 1750 3337 1829 ἐπαιρομένους
3384 1759 3487 1821 τῆς
3532 1752 3689 1830 παρά

2034 1842 2169 1894 Θεοῦ
2201 1838 2394 1915 ῥοπῆς.

2102 1967 2131 1995 ‹‹
2164 1939 2516 2018 Ἐπίϐλεψον,
2550 1942 2859 2001 εἷσάκουσόν
2896 1966 3023 2018 μου,
3056 1943 3221 2021 Κύριε
3249 1945 3277 2000 6
3304 1942 3429 2009 Θεός
3484 1966 3614 2019 μου.
3652 1970 3683 2001 ››

2027 2033 2264 2109 -Πρὸς
2318 2034 2381 2089 τὸ
2433 2032 2769 2112 ἐπιστρέφεις
2824 2032 3178 2106 κατάλληλον
3236 2036 3301 2090 τὸ
3356 2030 3683 2111 ἐπίϐλεψον,

2030 2120 2288 2192 ’Δξίωσόν
2344 2144 2411 2197 με
2460 2130 2563 2193 τῆς
2621 2130 2719 2194 σῆς
2774 2121 3074 2197 εὐμενείας·
3135 2120 3287 2179 ἔπιδε
3341 2128 3522 2186 κακῶς
3570 2126 3683 2181 πά-

2027 2230 2234 2287 σχοντα
2279 2210 2369 2267 καὶ
2418 2209 2670 2283 ἐλεήσας,
2716 2211 3027 2269 εἰσάκουσόν
3063 2234 3170 2288 μου
3225 2210 3684 2289 παρακαλοῦντος

2026 2300 2101 2364 εἷς
2133 2302 2409 2378 βοήθειαν.

2098 2415 2127 2442 ‹‹
2161 2392 2407 2445 Φώτισον
2465 2389 2595 2453 τοὺς
2653 2390 2974 2470 ὀφθαλμούς
3026 2412 3129 2465 μου
3163 2393 3377 2466 μήποτε
3409 2391 3679 2449 ὑπνώσω-

2024 2500 2107 2535 σιν
2138 2478 2216 2542 εἷς
2272 2479 2519 2538 θάνατον.
2551 2503 2583 2535 ››
2614 2512 2683 2523 --
2720 2486 2829 2550 Τῆς
2887 2480 3080 2543 νυκτός
3133 2502 3226 2553 μοι
3280 2480 3676 2557 περιχυθείσης

2022 2571 2130 2624 τῶν
2163 2573 2456 2647 συμφορῶν
2514 2569 2745 2645 κατέσχε
2798 2568 2926 2632 τοὺς
2974 2567 3292 2648 ὀφθαλμούς
3342 2590 3448 2643 μου
3507 2568 3679 2633 ὕπνος

2021 2664 2125 2728 τῆς
2175 2657 2460 2734 ῥᾳθυμίας·
2504 2658 2719 2713 εἰώθασι
2776 2658 2881 2735 γὰρ
2937 2658 3015 2722 είς
3068 2657 3228 2714 ὕπνον
3280 2661 3679 2738 καταφέρεσθαι

2025 2747 2076 2802 οἱ
2121 2745 2479 2820 λυπούμενοι,
2527 2754 2628 2817 τῆς
2680 2745 2880 2818 ὀδύνης
2927 2754 3030 2818 τῆς
3065 2745 3293 2825 καρδίας
3336 2748 3529 2811 σκότος
3580 2748 3676 2805 καὶ

2028 2834 2190 2912 βάρος
2268 2835 2599 2909 ἐμποιούσης
2673 2841 2791 2899 τοῖς
2862 2835 3191 2914 ὀφθαλμοῖς.
3254 2837 3505 2892 Φώτισον
3580 2834 3674 2892 οὖν

2023 2923 2235 2987 αύτούς.
2293 2923 2543 2980 Τουτέστι
2600 2926 2848 2999 καθαρῶς
2909 2926 3035 3002 ὁρᾷν
3096 2922 3209 2997 δὸς,
3251 2926 3425 3001 χαρὰν
3486 2924 3676 2983 ἐνστα-

2025 3011 2187 3083 λάξας
2241 3016 2309 3087 τῇ
2366 3010 2562 3089 καρδίᾳ
2624 3032 2748 3086 μου·
2801 3012 2886 3091 ὑφ’
2938 3016 3008 3083 ἧς
3055 3014 3189 3084 αὕτη
3253 3018 3519 3086 σκοτῶσα,
3575 3016 3671 3071 τὸν

2023 3100 2187 3157 ὕπνον
2239 3099 2530 3172 ἀποδιώξει
2577 3106 2685 3157 τῶν
2766 3100 3089 3179 ὀφθαλμῶν·
3151 3104 3363 3176 μήποτε
3414 3104 3445 3158 6
3502 3102 3673 3167 ἱίπνος

2024 3191 2181 3252 οὗτος
2239 3190 2316 3253 εἷς
2374 3190 2592 3254 θάνατόν
2646 3211 2738 3264 μοι
2784 3190 3062 3265 καταλήξῃ
3103 3189 3171 3246 δι’
3204 3192 3437 3266 ἀθυμίας
3499 3193 3673 3269 ὑπερ-

2024 3273 2217 3349 ϐολήν·
2250 3281 2465 3352 μήποτε
2495 3278 2729 3334 ὑπνώσω
2760 3278 2836 3342 είς
2883 3280 3205 3352 θανάσιμον·
3232 3280 3268 3350 ἢ
3320 3281 3411 3336 καὶ
3463 3280 3668 3358 ὀφθαλ-

2025 3367 2160 3441 μοὺς
2188 3368 2314 3430 τοὺς
2343 3374 2445 3437 τῆς
2475 3370 2658 3443 ψυχῆς
2692 3366 2862 3443 λέγει,
2897 3365 3113 3439 δηλαδὴ
3152 3369 3243 3425 τὸν
3273 3373 3399 3425 νοῦν
3456 3370 3671 3426 ἐσκοτι-

2022 3457 2218 3531 σμένον
2276 3452 2405 3512 ὅντα
2449 3461 2530 3530 τῷ
2587 3456 2737 3535 ζόφῳ
2789 3460 2890 3527 τῆς
2930 3456 3215 3534 ἁμαρτίας·
3248 3459 3304 3513 ’ὸν
3338 3458 3666 3536 ἀπαλλαγῆ-

2021 3567 2110 3602 ναι
2162 3551 2260 3602 τοῦ
2314 3545 2537 3608 σκότους
2592 3545 2842 3615 ἱκετεύει,
2884 3548 3107 3619 μήπως,
3167 3547 3350 3625 φησὶν,
3407 3548 3666 3613 ἀποθάνω

2019 3636 2111 3691 τὸν
2169 3635 2223 3691 ἐν
2278 3634 2568 3711 ἁμαρτίαις
2625 3635 2867 3690 θάνατον·
2927 3637 3115 3709 νεκρὸς
3174 3636 3251 3700 εἰς
3309 3638 3503 3712 ἀρετὴν
3553 3634 3667 3707 ἤδη

2022 3725 2278 3801 γεγονώς·
2309 3724 2345 3793 ἢ
2376 3723 2465 3779 καὶ
2495 3724 2587 3780 τὸν
2619 3721 2672 3778 ἐν
2703 3724 3012 3799 ἀπογνώσει
3040 3724 3326 3801 νεκρωθεὶς
3382 3724 3531 3788 ὅλως
3592 3725 3672 3789 εἷς

2023 3811 2218 3869 ἐλπίδα
2244 3815 2344 3882 τήν
2376 3815 2495 3885 σήν.

2101 3926 2129 3959 α
2166 3904 2422 3974 Μήποτε
2450 3901 2574 3977 εἴπῃ
2602 3904 2632 3958 6
2682 3900 2882 3979 ἐχθρός
2935 3923 3059 3977 μου·
3110 3908 3339 3980 Ἴσχυσα
3388 3904 3527 3982 πρὸς
3584 3904 3678 3960 αύ-

2021 3986 2137 4051 τόν.
2178 4014 2209 4046 »
2261 4023 2328 4035 —-
2371 3989 2436 4047 Εἰ
2483 3992 2586 4068 γὰρ
2632 3991 2881 4047 τοιοῦτόν
2927 4012 2981 4047 τι
3025 3990 3307 4067 πείσομαι,
3354 3997 3424 4068 τῇ
3482 3995 3679 4050 ἐαυτοῦ

2024 4077 2310 4154 δυνάμειὸ
2348 4080 2546 4156 ἐχθρὸς
2593 4081 2683 4137 τὸν
2731 4080 2863 4155 ἐμὸν
2913 4082 3139 4139 θάνατον
3188 4082 3541 4158 ἐπιγράφεται
3601 4082 3676 4144 ὡς

2022 4169 2113 4226 καὶ
2160 4173 2275 4225 -τῶν
2362 4168 2625 4245 ἀλγεινῶν
2703 4170 2996 4243 γενόμενος
3073 4167 3268 4234 αἷίιιος.
3328 4170 3559 4248 Ἐχθρὸν
3616 4168 3678 4227 δὶ

2020 4260 2223 4333 νοήσῃς
2254 4254 2359 4315 εἴτε
2383 4257 2474 4313 τὸν
2508 4258 2723 4334 ὁρατὸν,
2756 4256 2863 4315 εἴτε
2889 4260 2978 4315 τὸν
3007 4258 3260 4337 ἀόρατον.

2094 4390 2124 4418 ‹‹
2155 4365 2217 4419 Οἱ
2257 4358 2538 4427 θλίϐοντές
2594 4386 2662 4438 με
2717 4362 3139 4441 ἀγαλλιάσονται
3197 4365 3285 4422 ἐὰν
3340 4363 3607 4423 σαλευθῶ.
3641 4390 3673 4421 ι)

2020 4453 2185 4509 -Εί
2238 4454 2596 4530 παρηινηθῶ
2652 4453 2759 4509 ἀπὸ
2812 4456 2916 4523 τῆς
2975 4454 3028 4509 ἐν
3097 4455 3183 4510 σοὶ
3241 4453 3559 4532 ἀσφαλείας,
3616 4456 3674 4510 οἱ

2022 4542 2209 4619 ἐχθροί
2274 4563 2381 4615 μου
2446 4544 2783 4617 χαρήσονται
2844 4544 3383 4620 κατακρημνισθῆναί
3452 4564 3522 4617 με
3572 4547 3675 4599 τοῦ

263 4616 437 4709 πάντα
467 4617 717 4685 ἐνώπιον,
746 4618 836 4674 καὶ
886 4617 993 4709 οὑχ
1043 4620 1098 4675 αἱ
1143 4620 1362 4709 πράξεις
1421 4621 1581 4696 μόνον
1635 4620 1782 4678 ἀλλᾶ
1819 4620 1911 4678 καὶ
1940 4616 1988 4681 D
2020 4616 2218 4687 λίόιποῦ
2271 4616 2613 4708 θαρροῦντες,
2668 4630 2744 4694 ὡς
2803 4629 2903 4686 ούκ
2966 4616 3163 4707 ἔχοντα
3238 4616 3509 4709 σωτηρίας
3573 4633 3671 4709 βά-

262 4707 331 4763 τὰ
364 4711 465 4763 τοῦ
494 4710 587 4763 νοῦ
616 4708 909 4781 κινήματα·
945 4707 1118 4780 λήθην
1146 4707 1237 4766 οὖν
1276 4710 1362 4767 ἐπὶ
1418 4716 1552 4767 Θεοῦ
1604 4712 1703 4781 τὴν
1761 4710 1913 4788 ἐγκα-

263 4794 514 4871 τάλειψιν
567 4801 676 4853 τῶν
744 4796 1306 4872 πεπλημμεληκότων
1366 4799 1603 4872 οἰητέον,
1648 4821 1913 4878 παραχω-

265 4889 490 4962 ροῦντος
517 4887 861 4962 πειράζεσθαι
890 4887 1114 4951 τούτους
1156 4888 1233 4951 εἷς
1280 4887 1578 4946 παίδευσιν·
1626 4891 1690 4947 τὸ
1729 4888 1787 4946 δὲ
1832 4889 1912 4955 εἰς

263 4972 427 5038 τέλος
461 4973 627 5051 μέχρι
657 4973 875 5033 πολλοῦ
903 4976 1293 5052 παρείληπται.

342 5067 538 5127 «Ἕως
590 5064 724 5120 πότε
769 5065 1127 5142 ἀποστρέψεις
1191 5069 1255 5124 τὸ
1314 5066 1608 5145 πρόσωπόν
1660 5089 1757 5126 σου
1817 5069 1908 5129 ἀπ’

264 5152 434 5225 ἐμοῦ;
469 5176 498 5206 ››
530 5184 601 5197 —-
648 5150 945 5230 Πρόσωπον
994 5157 1089 5230 μὲν
1137 5154 1230 5214 οὖν
1280 5157 1392 5213 ἐστι
1438 5162 1572 5214 Θεοῦ
1616 5161 1653 5228 ἠ
1694 5160 1913 5216 ἐποπτι-

259 5242 330 5311 κή
388 5240 480 5295 καὶ
537 5240 847 5319 εύεργετικὴ
906 5243 1075 5301 αὐτοῦ
1143 5243 1391 5320 δύναμις.
1476 5246 1794 5327 ἀποστροφή
1853 5248 1913 5306 δὲ

260 5330 297 5399 ἡ
340 5329 478 5405 πρὸς
532 5329 844 5388 τούναντίον
904 5332 1073 5404 αὐτῆς
1132 5334 1370 5412 ἐνέργεια
1435 5336 1912 5415 ἀποστρεφομένου

260 5416 386 5479 τοὺς
418 5416 667 5487 ἀναξίους
694 5427 799 5490 τῆς
842 5421 1142 5493 ἐπισκοπῆς
1202 5423 1366 5480 αὐτοῦ
1423 5421 1511 5480 διὰ
1564 5425 1628 5481 τὸ
1688 5424 1911 5503 βδελύτ-

260 5518 444 5573 τεσθαι
496 5505 594 5569 τὰς
646 5507 863 5581 πράξεις
918 5510 1116 5569 αὐτῶν.
1174 5514 1313 5568 Ἀπὸ
1380 5517 1489 5569 τῶν
1557 5513 1909 5591 ἀνθρωπίνων

266 5594 659 5673 χαρακτηρίζει
717 5597 785 5653 τά
840 5590 975 5662 θεῖα·
1030 5599 1120 5656 καὶ
1167 5602 1268 5677 γὰρ
1318 5602 1371 5656 οἱ
1410 5600 1911 5678 ἐγκαταλιμπάνονο

263 5688 355 5751 τις
381 5705 506 5744 τινα
548 5685 641 5744 καὶ
694 5686 795 5757 τὴν
860 5689 1083 5764 μνήμην
1133 5689 1301 5747 αὐτοῦ
1350 5691 1913 5773 συναπολιμπάνουσι,

2019 4742 2123 4781 σιν.

2091 4833 2123 4863 ‹‹
2152 4811 2297 4886 Ἐγὼ
2342 4806 2399 4864 δὲ
2444 4809 2534 4865 ἐπὶ
2580 4814 2661 4882 τῷ
2723 4808 2861 4866 ἐλέει
2930 4831 3026 4867 σου
3072 4809 3304 4881 ἤλπισα.
3345 4834 3376 4865 π
3425 4843 3499 4855 -
3559 4812 3673 4880 Τὴν

2020 4899 2072 4971 ἐξ
2121 4900 2322 4974 ἀρετῶν
2398 4898 2702 4976 παρρησίαν
2771 4897 3146 4965 ἀπολωλεκὼς
3201 4898 3273 4957 δι’
3321 4900 3357 4955 ἃ
3408 4902 3673 4977 πέπραχα

2017 4990 2157 5045 κακά
2212 4987 2298 5044 ἐπὶ
2352 4992 2434 5061 τῷ
2490 4987 2628 5044 ἐλέει
2671 5008 2770 5045 σου
2820 4989 2983 5063 μόνον
3017 4989 3249 5061 ἤλπισα·
3282 4987 3509 5066 δαψιλὲς
3566 4989 3672 5067 γὰρ

2017 5081 2179 5133 τοῦτο
2207 5077 2298 5132 καὶ
2328 5074 2736 5148 ἀνεξάντλητον.

2092 5190 2121 5220 ‹‹
2153 5164 2565 5242 Ἀγαλλιάσεται
2618 5166 2654 5235 ἡ
2711 5162 2907 5240 καρδία
2966 5188 3069 5240 μου
3128 5167 3218 5223 ἐπὶ
3275 5171 3356 5240 τῷ
3408 5163 3673 5243 σωτηρίῳ

2020 5275 2137 5313 σου.
2173 5278 2203 5307 ››
2232 5287 2303 5297 -
2349 5251 2700 5330 Προκατιδὼν
2758 5255 2857 5325 τὴν
2915 5260 3014 5312 τοῦ
3078 5256 3457 5330 πολεμοῦντος
3501 5258 3665 5326 ἧτταν

2017 5348 2134 5407 τοῖς
2173 5338 2600 5419 προϐλεπτικοῖς
2668 5337 2931 5417 ὄμμασιν,
2963 5344 3401 5424 εύφρανθήσομαι
3454 5344 3545 5401 ἐπὶ
3596 5346 3669 5418 τῇ

2019 5432 2167 5509 παρά
2193 5437 2291 5488 σοῦ
2325 5430 2643 5506 δωρουμένῃ
2674 5433 2941 5509 σωτηρίᾳ.
3394 5474 3397 5477 ,

2094 5544 2124 5575 ι(
2153 5522 2306 5594 ’ᾼσω
2346 5525 2427 5594 τῷ
2472 5520 2655 5594 Κυρίῳ
2698 5524 2778 5593 τῷ
2835 5522 3247 5599 εύεργετήσαντί
3298 5545 3384 5598 με,
3424 5523 3518 5579 καὶ
3564 5525 3670 5595 ψα-

2020 5609 2106 5667 λῶ
2136 5608 2217 5685 τῷ
2249 5610 2475 5683 ὀνόματι
2518 5608 2717 5681 Κυρίου
2763 5615 2861 5665 τοῦ
2910 5612 3154 5686 ὑψίστου,
3189 5638 3217 5668 ››
3250 5645 3321 5656 -—-
3367 5616 3522 5683 νᾼσω
3581 5608 3672 5665 διιῖι⁵

2021 5699 2303 5776 γλώττης,
2331 5698 2494 5775 ψαλῶ
2533 5696 2592 5755 δὲ
2629 5694 2722 5755 διὰ
2766 5720 2865 5757 του
2920 5700 3213 5776 ὀργανικοῦ
3266 5699 3598 5778 ψαλτηρίου·
3628 5699 3669 5769 ἢ
