3988 6434
259 389 412 452 1381

1478 401 1894 467 EXPOSITIO
1933 404 2014 467 IN
2057 405 2450 468 PSALMOS.’

3509 407 3674 472 1382

258 520 350 615 καὶ
389 522 1036 615 θεωθητικῶςᾲεύφρανῶ
1086 525 1175 582 καὶ
1237 536 1571 605 πρακτικῶς,
1647 535 1905 612 Ἀρμὸζει
1933 533 2242 615 Αὴδονὴν,
2273 534 2359 591 611
2417 535 2547 598 Θεός
2614 535 2725 591 ἐστι
2779 539 2884 591 τῶν
2945 533 3219 593 Ἰουδαίων
3277 535 3306 591 6
3365 535 3514 599 Θεός.
3556 541 3662 592 Νῦν

263 605 322 664 δὲ
354 609 513 674 οὗτος
545 611 573 666 ὁ
605 610 824 686 ψαλμὸς
854 614 943 668 καὶ
973 614 1134 670 πάσιν
1165 616 1566 695 ἀδικουμένοις.

857 740 1152 796 ΨΑΛΜΟΣ
1211 743 1310 800 ΙΓ’.

453 821 516 878 τὸ
545 822 704 888 τέλος
771 824 992 917 ψαλμὸς
1046 832 1126 901 τῷ
1165 829 1348 887 Δαυῒδ·
1384 859 1414 887 ‹‹
1446 835 1607 892 Εἶπεν
1641 837 1825 917 ἄφρων
1854 839 1906 896 ἐν

259 909 455 985 καρδίᾳ
500 913 686 988 αὑτοῦ,
734 913 842 969 Οὐκ
887 913 997 971 ἔστι
1065 918 1214 983 Θεόςσ
1288 946 1317 975 ››
1375 957 1444 966 ——-
1500 925 1607 981 Καὶ
1674 909 1832 991 0610:
1879 930 1910 986 6

261 998 483 1076 ψαλμὸς
530 1003 696 1078 πέρας
743 1004 1080 1083 ὑπισχνεῖται
1144 1013 1251 1065 τῶν
1316 1010 1368 1068 ἐν
1442 1014 1590 1088 αὐτῷ
1658 1038 1911 1095 προηγο-

264 1089 588 1184 ρευμένωνῃ·
649 1092 701 1146 οἱ
752 1093 846 1184 μὲν
896 1095 1000 1172 γὰρ
1049 1095 1206 1154 αὐτὸν
1256 1100 1540 1180 προλέγειν
1611 1089 1738 1184 φασὶ
1792 1089 1910 1172 τοῖς

260 1178 488 1275 χρόνοις
540 1177 760 1275 ἶξστερον
805 1183 902 1275 ἐπὶ
951 1185 1195 1255 Ἐζεκίου
1239 1177 1337 1245 τοῦ
1389 1177 1660 1270 βασιλέως
1714 1201 1913 1275 Ἰερου-

262 1267 456 1342 σαλὴμ
483 1268 573 1324 καὶ
601 1274 700 1326 τοῦ
728 1269 1158 1350 πολιορκοῦντος
1215 1267 1423 1336 αύτὸνν·
1473 1283 1759 1362 Ἀσσυρίου
1784 1267 1910 1344 ’Σε-

257 1358 558 1451 ναχηρείιμ,
615 1358 667 1414 ἐν
715 1364 785 1451 τῇ
842 1361 1034 1451 ἐαυτοῦ
1083 1364 1278 1442 καρδίᾳ
1318 1358 1743 1451 ἀπεφήνατο-μὴ
1777 1376 1911 1432 εἶναι

260 1447 354 1502 τὸν
415 1447 726 1539 ΘεὸνςτῶνΔ
757 1448 1058 1510 Ἰουδαίων·
1117 1455 1162 1512 εἰ
1209 1459 1312 1535 γὰρ
1353 1447 1564 1539 ἐφρόνει
1615 1447 1714 1521 ούκ
1744 1461 1801 1520 ἄν
1837 1466 1912 1529 εἷς

259 1539 514 1591 τοιοῦτον
545 1535 684 1607 ἤλθε
713 1535 982 1616 λογισμόν
1015 1544 1290 1602 καὶταῦτα
1309 1535 1430 1614 καθί
1450 1551 1677 1624 ἑκάστην
1703 1553 1913 1612 ἀκούων

265 1622 366 1713 δσα
419 1623 696 1701 παράδοξα
757 1630 894 1684 κατά
977 1636 1081 1687 τῶν
1170 1634 1560 1713 ἐχθραινόντων
1635 1622 1911 1701 Ἰουδαίων

267 1712 296 1768 6
341 1714 479 1809 ,Θεὸς
527 1713 795 1787 ἐποίησεν·
849 1717 994 1809 οῦτω
1034 1718 1092 1778 δὲ
1133 1712 1259 1802 παρ’
1304 1728 1478 1804 ἑαυτῷ
1526 1731 1910 1809 λογισάμενος,

264 1801 359 1900 καὶ
389 1799 480 1900 διὰ
508 1811 845 1883 προφορικοῦ
872 1807 1076 1900 Δλόγου
1129 1799 1221 1869 τὸν
1281 1819 1408 1873 Θεὸν
1450 1799 1906 1900 ἐϐλασφήμησεν·

2017 625 2337 702 γνώσονται,
2387 623 2512 681 ὅταν
2568 626 2762 688 πάντες
2809 625 2899 680 καὶ
2941 622 3275 702 ὀγδοήκοντα
3330 623 3418 680 καὶ
3474 626 3660 682 ἑκατὸν

2021 715 2468 792 ἀφαιρεθήσονται
2556 713 2809 793 χιλιάδες
2893 713 2996 770 ὑπὸ
3070 719 3169 770 τοῦ
3251 713 3492 790 ἀγγέλου
3565 719 3663 772 τοῦ

2020 809 2173 860 Θεοῦ.
2225 805 2328 861 Καὶ
2378 805 2536 868 αὐτὸς
2587 802 2644 859 δὲ
2687 805 2896 885 φεύγων
2947 803 3194 881 αίσχρῶς
3244 805 3272 858 6
3313 805 3664 881 Σεναχηρεῖμ

2020 892 2217 948 ε’ίσεται
2247 893 2338 948 τὸν
2373 892 2652 970 ἐγείραντα
2695 893 2979 970 τρόπαιον·
3011 893 3047 962 ἢ
3102 893 3178 966 μὴ
3234 891 3393 966 μόνον
3449 893 3666 963 αὐτοὺς,

2022 981 2169 1038 ἀλλὰ
2199 981 2288 1037 καὶ
2318 981 2488 1038 πάντα
2515 982 2696 1038 τᾶλλα
2727 980 2901 1057 ἄνομα
2921 980 3046 1053 ἔθνη
3075 982 3470 1056 μεμαθηκότων
3496 980 3672 1060 λέγει,

2021 1073 2120 1140 τὴν
2157 1070 2494 1142 τηλικαύτην
2549 1071 2846 1148 Ἀσσυρίων
2904 1069 3178 1127 ἀπώλειαν
3239 1068 3558 1148 ἐπιγνῶναι,
3589 1069 3675 1127 ὅτι

2022 1155 2152 1223 Θεός
2184 1158 2324 1216 ἐστιν
2358 1161 2386 1216 6
2420 1157 2730 1239 διαφθείρας
2762 1159 2976 1223 αύτούς.

2095 1291 2124 1319 ‹‹
2155 1268 2219 1323 Οἱ
2268 1264 2534 1329 ἐσθίοντες
2583 1267 2674 1323 τὸν
2713 1262 2844 1324 λαόν
2899 1289 3003 1344 μου
3051 1264 3103 1324 ἐν
3154 1268 3353 1345 βρώσει
3384 1262 3550 1345 ἄρτου
3577 1268 3669 1325 τὸν

2021 1354 2218 1432 Κύριον
2269 1356 2367 1412 οὐκ
2417 1354 2826 1414 ἐπεκαλέσαντο.
2869 1381 2900 1410 »
2947 1390 3016 1400 —-
3055 1361 3224 1413 Τοῦτο
3275 1357 3338 1413 τὸ
3389 1358 3555 1435 ῥητὸν
3613 1358 3674 1414 ἐκ

2023 1447 2321 1520 προσώπου
2377 1451 2472 1502 τοῦ
2525 1450 2660 1502 Θεοῦ
2709 1444 2946 1524 λέγεται·
2981 1445 3062 1502 6'11
3122 1447 3173 1502 οἱ
3223 1445 3560 1511 δαπανῶντες
3591 1445 3673 1504 δί-

2021 1554 2122 1604 κην
2160 1536 2414 1612 βρώσεως
2449 1537 2613 1613 ἄρτου
2656 1535 2746 1592 καὶ
2804 1528 3183 1599 ἀναλίσκοντες
3228 1536 3320 1592 τὸν
3374 1535 3503 1592 λαόν
3568 1559 3676 1611 μου

2024 1622 2076 1680 ἐν
2105 1624 2333 1699 στόματι
2377 1623 2702 1704 πολιορκίας
2762 1623 2933 1700 λιμοῦ
2989 1627 3078 1681 καὶ
3136 1624 3371 1698 ἀπειλῆς
3429 1625 3528 1700 ἐμὲ
3582 1627 3671 1682 τὸν

2025 1712 2226 1790 Κύριον
2286 1713 2500 1770 πάντων
2564 1715 2664 1770 οὐκ
2747 1712 3158 1771 ἐπεκαλέσαντο·
3215 1713 3488 1771 τουτέστιν
3575 1714 3676 1771 οὐκ

2026 1801 2309 1877 ὠνόμασαν
2366 1804 2512 1860 Θεόν.
2546 1803 2808 1881 Λέγοιντο
2865 1801 2910 1859 δ’
2971 1803 3031 1859 ἂν
3084 1803 3174 1860 καὶ
3215 1803 3348 1868 λαὸς
3375 1807 3474 1859 τοῦ
3502 1799 3667 1859 Δαυΐδ

263 1890 358 1985 τὸν
417 1888 656 1968 ἄρχοντα
712 1899 819 1951 τῶν
869 1895 1146 1974 δυνάμεων
1198 1903 1362 1960 αὐτοῦ
1420 1888 1798 1985 Ῥαψάκην.ξῷ
1825 1912 1912 1967 τέ,
1942 1918 1990 1982 Β
2022 1891 2076 1946 οἱ
2134 1891 2591 1985 πολιορκούμενοι
2648 1893 2792 1985 τότε,
2823 1894 2897 1956 ὡς
2947 1891 3013 1985 ἐκ
3058 1900 3160 1964 τῆς
3215 1892 3376 1948 αὐτοῦ
3426 1892 3668 1985 καταγό-

265 1974 353 2034 λει
409 1985 510 2050 τῆς
567 1981 784 2046 πόλεως
837 1986 1206 2062 πάραστήσας,
1256 1993 1344 2048 καὶ
1379 1992 1448 2049 δι’
1479 1974 1913 2072 αύτοῦυμηνύσας

268 2068 360 2122 οἶα
412 2069 513 2139 τὴν
570 2073 686 2127 κατ⁶
742 2072 900 2130 αὐτὸν
956 2076 1194 2154 ἱστορίαν
1247 2081 1704 2161 ἀναγινώσκοντες
1752 2089 1914 2167 εὑρή-

269 2177 458 2232 σομεν.

343 2271 374 2299 ‹‹
432 2249 796 2328 Διεφθάρησαν
856 2255 944 2310 καὶ
1020 2252 1425 2338 ἐϐδελύχθησαν
1497 2263 1549 2322 ἐν
1607 2265 1912 2340 ιέπιτηδεύ-

273 2357 457 2434 μασιν..
493 2361 522 2390 ››
580 2371 649 2434 ᾖ·
705 2341 769 2397 Οἱ
823 2342 981 2434 ἀμφὶ,
1019 2347 1112 2402 τὸν
1171 2353 1523 2430 Σεναχηρεῖμ
1551 2352 1912 2434 διεφθάρησαν

278 2425 373 2498 μὲν
431 2425 742 2522 ἐκπεσόντες
802 2439 904 2522 τῆς
961 2432 1126 2511 ὀρθῆς
1190 2425 1539 2515 ὑπολῆῴεως·
1583 2425 1917 2522 ἐϐδελύχθη-

272 2533 367 2606 σοιν
427 2513 484 2570 δὲ
539 2523 618 2591 τῷ
675 2523 791 2592 Θεῷ
846 2517 932 2575 διὰ
988 2524 1083 2586 τὰς
1141 2513 1396 2591 ἀνοσίους
1442 2530 1660 2606 πράξεις
1699 2513 1910 2590 αὐτῶν-⁸

271 2597 648 2696 ὕϐριζονᾲγᾶρ
703 2609 794 2663 τὸν
853 2610 1003 2683 Θεὸν,
1049 2613 1139 2668 καὶ
1207 2616 1284 2679 ὡς
1345 2619 1419 2691 μὴ
1622 2628 1736 2696 Θεῷ
1765 2624 1917 2679 ἀσθέ-

268 2711 413 2747 νειαν
489 2694 768 2766 ὠνείδιζον
850 2700 941 2754 καὶ
998 2701 1077 2775 τῷ
1135 2701 1253 2776 λαῷ
1307 2706 1480 2763 αὐτῶν
1540 2694 1912 2788 πανωλεθρίαν

268 2779 558 2872 ᾖπείλουν·
616 2786 706 2840 καὶ
766 2787 937 2850 οὕτως
1011 2790 1486 2870 ἀλαζονευόμενοι,
1567 2800 1750 2872 μέθαις
1797 2779 1915 2858 ’καὶ

269 2869 585 2946 ἀσελγείαις
619 2872 992 2932 ἐνειλύσσοντο
1033 2880 1122 2934 καὶ
1154 2869 1585 2956 κατεμολύνοντο
1610 2909 1622 2922 ·
1657 2897 1838 2946 νοοῖτο
1870 2890 1917 2947 δ’

272 2957 332 3014 ἄν
352 2962 481 3054 καθ’
514 2957 811 3054 ὑπερϐατὸν
836 2966 864 3020 6
897 2966 1085 3043 στίχος
1119 2987 1131 3001 ·
1192 2970 1274 3026 6'11
1321 2971 1679 3054 διεφθάρησαν
1725 2979 1776 3036 ἐν
1805 2979 1918 3036 ἐπι-

267 3069 337 3118 τη
348 3045 438 3103 δεύ
447 3071 572 3123 μασι
605 3051 694 3106 καὶ
727 3049 1150 3132 ἐϐδελύχθησαν.

347 3161 378 3191 ‹‹
416 3137 527 3195 Οὐκ
582 3136 695 3196 ἔστι
745 3148 918 3199 ποιῶν
974 3144 1342 3222 χρηστότητα.
1406 3176 1436 3205 ››
1493 3188 1563 3197 -
1619 3155 1808 3222 Ούδείς
1863 3159 1914 3215 ἐν

277 3225 756 3318 αύτοῖςλχρηστὸς,
787 3231 933 3290 ἀλλά
961 3234 1153 3300 πάντες
1184 3242 1434 3318 πονηροί.

349 3316 605 3394 «Κύριος
655 3319 715 3376 ἐκ
766 3327 864 3377 τοῦ
921 3324 1150 3398 ούρανοῦ
1210 3316 1453 3405 διέκοψεν
1494 3332 1581 3388 ἐπὶ
1611 3336 1737 3400 τοὸς
1769 3337 1919 3402 υἱοὺς

270 3409 381 3496 τῶν
434 3405 730 3484 ἀνθρώπων
787 3416 886 3467 τοῦ
944 3411 1074 3470 ίδεῖν
1131 3417 1176 3472 εἰ
1225 3415 1334 3474 ἔστι
1393 3423 1588 3478 συνιὼν
1683 3425 1915 3496 ἐκζητῶν

273 3495 366 3549 τὸν
399 3496 550 3553 Θεόν.
598 3521 630 3551 »
681 3531 751 3542 —-
807 3501 928 3556 Ἐπὶ
983 3504 1112 3568 τοὺς
1150 3507 1300 3572 υἱοὺς
1332 3515 1436 3566 τῶν
1469 3511 1769 3590 ἀνθρώπιον
1802 3517 1919 3573 ἀντὶ

273 3582 362 3639 ἐπὶ
389 3584 519 3647 τοὺς
576 3585 894 3664 ἀνθρώπους
951 3591 1184 3652 ἐκείνους
1242 3597 1372 3660 τοὺς
1417 3582 1645 3677 ἔχοντας
1671 3603 1746 3666 ὡς
1775 3605 1922 3682 εἰρή-

270 3692 442 3745 καμεν
478 3693 491 3706 ·
555 3674 615 3730 ἐκ
677 3682 775 3731 τοῦ
831 3680 1063 3756 ούρανοῦ
1122 3681 1178 3739 δὲ
1236 3685 1318 3764 ἐφ’
1375 3674 1758 3766 οῦγκατοικεῖν,
1792 3674 1922 3749 ὑπο-

275 3756 612 3834 λαμϐάνεται
666 3767 802 3821 κατὰ
855 3770 938 3838 τὸ,
994 3795 1022 3823 ‹‹
1072 3773 1128 3826 '0
1181 3782 1447 3832 κατοικῶν
1500 3777 1552 3833 ἐν
1581 3780 1854 3857 οὐρανοῖς.
1889 3808 1917 3836 ››

272 3846 570 3930 Ἐπέϐλεφε
636 3850 693 3909 δὲ
768 3852 904 3913 ὣστε
974 3857 1103 3916 ἰδεῖν
1174 3861 1231 3917 εἷ’
1285 3885 1366 3928 τις
1437 3865 1488 3922 ἐν
1556 3846 1741 3933 αὐτοῖς
1809 3871 1918 3927 ἐστι

271 3941 471 3994 συνιὼν
526 3940 634 3997 ἀπὸ
687 3945 978 4018 τεραστίων
1035 3949 1126 4004 τὸν
1185 3952 1312 4008 Θεὸν
1370 3955 1405 4024 ἢ
1466 3955 1703 4029 ἐκζητῶν
1738 3959 1918 4029 αὑτὸν,

271 4031 547 4086 τουτέστιν
603 4030 1055 4110 ἐπικαλούμενος,
1112 4039 1188 4103 ὡς
1243 4042 1326 4113 τὸ,
1379 4068 1406 4096 ‹‹
1467 4047 1792 4118 Ἐξεζήτησα
1824 4049 1917 4105 τὸν

275 4115 496 4185 Κύόιον,
552 4120 642 4175 καὶ
697 4121 965 4194 ἐπήκουσέ
1026 4150 1152 4201 μου.
1187 4154 1216 4181 ››
1253 4133 1404 4196 Τινὲς
1431 4115 1548 4210 γάρ
1570 4115 1832 4202 συνιέντες
1865 4136 1916 4195 ἔν

273 4227 437 4278 τισιν,
497 4207 928 4272 ἐθελοκακοῦσιν.
993 4217 1368 4294 Ἀνθρῶπίνως
1427 4207 1631 4280 δὲίτὸν
1714 4227 1914 4304 Κύριον

275 4294 640 4371 ἐσχημάτισεν
699 4301 774 4364 ὡς
817 4301 866 4375 ἐξ
927 4304 1174 4382 ὑπερῴου
1224 4308 1586 4368 ἐπικύπτοντα
1639 4314 1727 4370 καὶ
1785 4294 1918 4371 θεώ-

280 4404 460 4457 μενον·
517 4387 607 4441 καὶ
663 4389 766 4464 γὰρ
823 4393 1134 4472 ἁπανταχοῦ
1185 4400 1392 4475 παρὼν,
1475 4402 1682 4458 ἅπαντα
1756 4407 1920 4482 γινώ-

275 4493 394 4529 σκει
416 4493 429 4508 ·
461 4475 550 4530 καὶ
581 4483 1022 4556 παρατηρητέον,
1077 4480 1158 4541 6'11
1195 4488 1258 4543 16
1289 4497 1484 4564 σχῆμα
1509 4497 1674 4548 τοῦτο
1703 4475 1918 4551 πόλλα-

275 4567 386 4638 χοῦ
441 4570 614 4620 κεῖται
662 4574 764 4638 τῆς
821 4575 1060 4651 Γραφῆς,
1119 4573 1306 4640 ἄλλως
1348 4600 1406 4634 τε
1438 4577 1495 4635 δὲ
1525 4581 1614 4636 καί
1637 4582 1699 4637 τὸ
1728 4584 1921 4640 παντέ-

2030 2001 2183 2054 μενοι
2236 1980 2535 2058 βασιλείας,
2560 1980 2653 2038 ’ἶνα
2696 1983 2788 2038 καὶ
2834 1982 3114 2058 προσώπῳ
3161 1985 3257 2038 τοῦ
3315 1980 3480 2038 Δαυῒδ
3514 1983 3542 2037 6
3574 1980 3672 2038 λό-

2024 2090 2120 2146 γος
2177 2066 2284 2142 εἴη,
2316 2069 2511 2147 Κύριον
2569 2070 2679 2148 οὐχ
2735 2069 2941 2145 ἑαυτὸν,
2973 2069 3120 2128 ἀλλά
3171 2070 3262 2127 τὸν
3323 2071 3452 2128 Θεὸν
3493 2069 3672 2127 εἶπόν-

2027 2179 2138 2222 τος.

2100 2273 2129 2301 ‹‹
2159 2253 2303 2305 Ἐκεῖ
2349 2247 2650 2307 ἐδειλίασαν
2705 2244 2872 2330 φόϐον
2933 2247 2994 2306 οῦ
3052 2249 3152 2308 οὐκ
3190 2250 3259 2324 ἣν
3317 2245 3508 2331 φόϐος.
3537 2273 3566 2304 ››
3605 2283 3678 2295 --

2025 2337 2112 2394 Ἐν
2147 2339 2511 2415 Ἰερουσαλὴμ
2558 2339 2682 2396 τότε
2737 2337 3039 2396 ἐδειλίασαν
3101 2341 3153 2396 οἱ
3211 2339 3351 2419 ἀμφὶ
3404 2342 3495 2397 τὸν
3528 2342 3677 2413 Ἐζεο

2023 2425 2197 2483 κτίαν·
2263 2427 2314 2482 ἐν
2362 2424 2517 2506 φόϐῳ
2543 2433 2641 2484 τοῦ
2673 2428 3049 2506 Σεναχηρεὶμ,
3077 2429 3144 2484 οὗ
3201 2429 3302 2485 οὐκ
3355 2431 3424 2500 ἦν
3482 2425 3675 2509 φόϐος,

2023 2516 2295 2572 τουτέστιν
2357 2518 2414 2573 ὃν
2478 2517 2578 2574 οὐκ
2632 2514 2738 2574 ἔδει
2815 2513 3122 2597 φοϐηθῆναι
3211 2521 3288 2593 μὴ
3374 2516 3669 2595 δυνάμενον

2027 2599 2261 2683 φοϐῆσαι
2292 2602 2380 2660 διὰ
2408 2607 2468 2661 τὸ
2495 2604 2640 2682 ἔχειν
2671 2605 2962 2662 ἀντίπαλον
2989 2605 3081 2663 τὸν
3141 2607 3289 2663 Θεόν·
3347 2613 3508 2664 τοῦτο
3567 2611 3668 2686 γὰρ

2027 2691 2274 2765 ἐδήλωσε
2304 2691 2394 2750 διὰ
2420 2699 2528 2750 τῶν
2562 2696 2682 2767 ἑξῆς
2714 2695 2903 2751 εἰπών·

2101 2807 2129 2834 ι(
2159 2785 2279 2838 Ὅτι
2331 2783 2526 2859 Κύριος
2583 2783 2634 2838 ἐν
2692 2789 2848 2860 γενεᾷ
2917 2781 3158 2844 δικαίων.
3218 2809 3248 2838 ››
3301 2819 3370 2830 --
3420 2788 3673 2852 Δικαίους

2026 2871 2170 2948 λέγει
2225 2871 2353 2935 τοὺς
2411 2868 2666 2936 εὐσεϐεῖς·
2723 2877 2966 2928 τοιοῦτοι
3025 2871 3083 2928 δὲ
3140 2874 3345 2949 οἱπερὶ
3405 2876 3494 2931 τὸν
3533 2878 3677 2947 Ἐζε-

2025 2960 2144 3016 κίαν
2203 2961 2470 3040 θεοφιλῶς
2523 2961 2652 3024 τοὺς
2707 2962 2981 3034 ὑπηκόους
3035 2962 3438 3038 ποιμαίνοντες.
3486 2965 3677 3021 Γενεάν

2027 3047 2085 3105 δὲ
2116 3047 2348 3127 εἷ’ρηκεν,
2380 3049 2463 3106 6'11
2491 3052 2686 3113 πάντες
2716 3051 2775 3106 ἐκ
2808 3056 2933 3125 μιᾶς
2993 3049 3148 3128 ῥίζης
3206 3053 3258 3107 0'1
3313 3057 3670 3129 Ἰσραηλῖται·

2026 3140 2062 3210 ἢ
2095 3139 2184 3194 καὶ
2213 3138 2365 3203 αὗθις
2395 3139 2506 3195 ἐκεῖ
2535 3137 2833 3196 ἐδειλίασαν
2882 3141 2934 3195 οἱ
2974 3139 3114 3220 ἀμφὶ
3164 3142 3256 3196 τὸν
3317 3142 3673 3219 Σεναχηρεὶμ

2030 3228 2084 3284 ἐν
2141 3223 2296 3307 φόϐῳ
2353 3233 2506 3284 Θεοῦ·
2557 3226 2619 3284 οῦ
2667 3223 2836 3308 φόϐος
2888 3228 2987 3284 οὐκ
3030 3232 3095 3299 ἦν
3145 3230 3273 3306 παρ’
3301 3230 3506 3293 αὐτοῖς·
3540 3252 3675 3308 προ-

2030 3317 2239 3394 πείρας,
2271 3317 2496 3394 καὶγὰρ
2535 3316 2695 3380 αὐτὸς
2745 3319 2773 3372 6
2820 3319 2950 3380 Θεὸς
2995 3320 3060 3388 ἦν
3122 3317 3173 3374 ἐν
3230 3323 3309 3392 τῷ
3366 3320 3508 3394 γένει
3564 3324 3674 3376 τῶν

2027 3407 2512 3481 πολιορκουμένων
2574 3404 2848 3462 Ἰουδαίων
2905 3407 3038 3483 ὑπὲρ
3097 3406 3269 3463 αὐτῶν
3337 3408 3678 3486 μαχόμενος·

2027 3497 2063 3566 ἢ
2098 3496 2187 3551 καί
2234 3493 2532 3551 ἐδειλίασαν
2585 3495 2637 3550 ἐν
2688 3490 2842 3575 φόϐῳ
2893 3500 2991 3551 τοῦ
3043 3495 3284 3566 Ἐζεκίου
3341 3497 3403 3552 οὗ
3463 3497 3562 3553 οὐκ
3613 3497 3680 3568 ἦν

2029 3579 2220 3662 φόϐος·
2275 3582 2487 3656 μᾶλλον
2545 3584 3014 3658 ὑποπτήσσοντος,
3072 3586 3160 3639 καὶ
3220 3584 3295 3648 εἷς
3348 3586 3447 3654 τὴν
3499 3582 3686 3662 αὔριον

2029 3670 2462 3748 προσδοκοῦντος
2521 3671 2655 3746 μετά
2709 3676 2815 3727 τῶν
2878 3672 2970 3726 σὺν
3031 3671 3177 3746 αύτῷ
3231 3675 3446 3729 πάντων
3477 3673 3689 3751 ἀναιρε-

2027 3765 2207 3833 θῆναι·
2266 3759 2762 3840 κατασφάττόμενοι
2832 3761 2936 3838 γὰρ
2993 3761 3046 3816 οἱ
3103 3762 3404 3840 Ἀσσύριοι,
3447 3762 3676 3819 ἐδόκουν

2033 3850 2135 3906 ὑπὸ
2189 3855 2286 3906 τοῦ
2368 3847 2636 3926 βασιλέως
2693 3846 2965 3904 Ἰουδαίων
3016 3849 3366 3928 ἀναιρεῖσθαι·
3425 3853 3516 3907 καὶ
3599 3851 3682 3906 ὅτι

2030 3940 2161 4002 Θεός
2217 3939 2355 3994 ἐστιν
2389 3940 2417 3992 6
2448 3937 2577 4001 Θεὸς
2634 3933 2898 4015 Ἐϐραίων
2964 3940 3182 4015 βοηθῶν
3241 3942 3454 4016 αὐτοῖς,
3512 3939 3691 3997 ἐντεῦ-

2028 4030 2112 4084 θεν
2147 4027 2463 4103 ἐμάνθανον.

2101 4142 2130 4171 ι(
2162 4115 2373 4186 Βουλήν
2415 4119 2645 4191 πτωχοῦ
2686 4115 3077 4194 κατῃσχύνατε·
3113 4118 3142 4172 6
3175 4115 3234 4174 δὲ
3278 4117 3475 4196 Κύριος
3526 4118 3686 4185 ἐλπὶς

2029 4207 2194 4262 αὐτοῦ
2251 4206 2413 4264 ἐστιν.
2447 4230 2477 4259 ››
2526 4209 2695 4260 Τοῦτο
2754 4204 2900 4283 λέγει
2961 4207 3097 4282 πρὸς
3149 4205 3282 4271 τοὺς
3344 4207 3681 4283 Ἀσσυρίους,

2030 4295 2113 4352 6'11
2180 4294 2502 4374 ἐφαυλίσατε
2573 4293 2664 4349 καὶ
2739 4293 3118 4367 ἐξουθενήσατε
3183 4298 3285 4368 τὴν
3362 4297 3545 4372 σκέψιν
3622 4299 3684 4368 ἣν

2031 4385 2288 4460 ἐσκέψατο
2319 4383 2558 4454 Ἐζεκίας
2587 4385 2616 4438 6
2645 4383 2872 4460 πτωχὸς
2912 4382 3036 4440 ὅσον
3096 4384 3182 4440 ἐπὶ
3236 4389 3306 4460 τῇ
3363 4389 3460 4440 τοῦ
3515 4384 3682 4442 πολέ-

2036 4496 2139 4549 μου
2186 4476 2521 4551 παρασκευῇ.
2571 4467 2966 4528 Ἐϐουλεύσατο
3016 4469 3073 4527 δὲ
3118 4477 3224 4528 τῶν
3277 4471 3462 4529 ἄλλων
3517 4476 3681 4529 ἀπάν-

2028 4585 2138 4620 των
2191 4561 2458 4640 ἀπογνοῦς
2515 4561 2565 4616 ἐν
2626 4562 2808 4635 σάκκῳ
2861 4561 2950 4616 καὶ
2993 4559 3178 4635 σποδῷ
3216 4567 3536 4642 καταφυγεῖν
3599 4562 3676 4626 εἰς

275 4672 444 4746 φορὸν
511 4654 706 4711 τούτου
777 4648 967 4732 μηνύεί
1028 4671 1130 4734 τῆς
1195 4667 1340 4730 θείας
1407 4667 1728 4746 ἐπισκοπῆς,
1787 4674 1822 4744 ἢ
1868 4674 1920 4746 ἐξ
1952 4661 2000 4726 D
2031 4649 2652 4746 θεόν’,β-μεμαθηκότξς
2683 4651 2740 4746 ﬁ
2784 4655 2882 4746 1°?
2929 4652 3276 4746 Σεχαχηρεξμ
3319 4648 3682 4746 διεκωμξρδη·

276 4739 508 4837 ούρανοῦ
564 4743 754 4818 βλέπει
812 4748 890 4837 εἰς
959 4758 1087 4826 γῆν,
1172 4754 1260 4810 καὶ
1341 4739 1724 4834 διαγινώσκει,
1755 4739 1924 4837 μηδὲν

277 4826 558 4904 εἴργοντος
583 4837 686 4888 τοῦ
712 4836 974 4894 τοσούτου
1006 4837 1196 4915 διαστή
1207 4865 1394 4917 ματος.

351 4941 382 4971 ‹‹
440 4919 642 4984 Πάντες
719 4923 1006 5000 ἐξέκλιναν,
1075 4927 1188 5004 ἅμα
1251 4936 1636 5010 ῆχρειώθησαν
1670 4957 1684 4972 ·
1745 4938 1922 4996 οὑκέτι

274 5011 448 5062 ποιῶν
484 5011 858 5087 χρηστότητα,
893 5017 992 5074 ούκ
1020 5015 1161 5077 ἔστιν
1194 5019 1296 5086 ἔως
1328 5023 1462 5088 ἐνός·
1500 5049 1528 5080 ››
1561 5060 1630 5070 —
1685 5029 1925 5100 Ἐξέκλι-

275 5116 370 5193 ναν
420 5098 771 5193 μὶν-,είςμτά
817 5107 1193 5184 προρρηθέντα
1222 5110 1644 5188 ἐπιτηδεύματα·
1680 5098 1925 5193 ἠχρειώ-

277 5185 446 5283 θησαν
507 5185 565 5283 δὲ
628 5188 885 5270 βδελυροὶ
942 5199 1225 5273 γεγονότες
1279 5201 1369 5256 καὶ
1425 5185 1550 5258 οὐδὲ
1606 5206 1700 5260 κᾶν
1723 5185 1774 5193 ω
1794 5211 1924 5283 γοῦν

275 5273 355 5336 εἷς
388 5273 441 5329 ἐν
473 5277 662 5342 αὐτοῖς
691 5284 956 5359 χρηστός.

353 5387 382 5415 ‹‹
439 5366 598 5457 ,Οὐχὶ
668 5373 964 5446 γνώσονται
1035 5377 1230 5442 πάντες
1307 5380 1359 5435 οἷ
1418 5380 1772 5457 ἐργαζόμενοι
1827 5387 1926 5454 τήν

274 5451 536 5547 ἀνομίαν.
601 5481 631 5509 ››
690 5467 956 5520 -Τοῦτο
1013 5469 1129 5521 κατ’
1186 5451 1456 5545 ἐρώτησιν.
1493 5451 1926 5547 ’ἀναγνωστέον-ο

278 5539 591 5634 ἶν’,ἐμφήνῃ
646 5554 894 5607 τοιοῦτον
947 5559 1095 5610 νοῦνο
1156 5539 1232 5620 ὡς
1287 5539 1463 5614 είγκαὶ
1505 5539 1652 5614 εἶπον
1685 5562 1760 5634 μή
1795 5562 1930 5618 εἶναι

275 5632 407 5686 Θεὸν
434 5633 523 5688 τὸν
557 5637 713 5710 Θεὸν,
743 5640 829 5717 ἂρ’
857 5641 919 5697 06
948 5645 1250 5720 γνώσονταί
1294 5668 1456 5720 ποτε;
1519 5649 1724 5712 Πάντςς
1781 5649 1928 5707 οὗτοι

276 5719 598 5798 ἀκόλαστοι,
655 5725 747 5784 καὶ
799 5732 936 5788 κατὰ
966 5719 1092 5805 τὴν
1144 5731 1398 5812 γλῶσσαν
1426 5719 1518 5794 καὶ
1547 5742 1717 5794 πᾶσαν
1748 5736 1928 5814 ἄλλην

2034 4765 2127 4799 σαν
2154 4743 2224 4798 οἷ’
2255 4738 2544 4819 ἀνωφελές·
2589 4739 2745 4814 ὑμεῖς
2803 4739 2896 4812 μὲν
2957 4737 3070 4812 οὖν,
3105 4738 3258 4818 φησὶ,
3312 4739 3684 4817 κατῃσχύνατε

2031 4833 2131 4901 τὴν
2163 4829 2369 4907 βουλήν
2400 4827 2586 4898 αὐτοῦ,
2619 4823 2780 4891 01616:
2813 4824 2871 4882 δὲ
2898 4827 2990 4884 τὸν
3041 4826 3242 4906 Κύριον
3293 4825 3492 4885 ἐλπίδα
3542 4823 3682 4906 ἔχει,

2033 4917 2353 4997 προσδοκῶν
2387 4917 2544 4972 αὑτὸν
2579 4914 2742 4989 μόνον
2777 4914 3002 4992 βοηθόν.

2108 5052 2136 5080 ‹‹
2165 5026 2258 5089 Τίς
2315 5022 2474 5079 δώσει
2527 5021 2586 5077 ἐκ
2633 5023 2776 5076 Σιὼν
2825 5021 2890 5077 τὸ
2919 5024 3190 5100 σωτήριον
3230 5028 3330 5081 τοῦ
3357 5021 3621 5102 ’Ῑσραήλ;
3653 5048 3684 5078 »

2034 5116 2127 5180 Τίς
2181 5119 2289 5170 τῶν
2342 5109 2733 5168 κατοικούντων
2785 5109 2839 5166 ἐν
2885 5112 3028 5168 Σιὼν
3071 5110 3233 5169 δώσει
3280 5115 3380 5184 τήν
3412 5112 3683 5192 σωτηρίαν

2037 5203 2259 5282 Ἰσραὴλ
2322 5206 2430 5257 τῶν
2491 5201 2618 5276 ἄγαν
2678 5199 3098 5273 ἠσθενηκότων;
3157 5203 3248 5258 καὶ
3321 5203 3403 5267 τίς
3489 5201 3684 5265 αὐτοὺς

2040 5296 2221 5373 ῥύεται
2248 5295 2356 5348 τῶν
2411 5293 2614 5366 χειρῶν
2651 5293 2747 5344 τοῦ
2807 5291 3196 5367 Σεναχηρείμ;
3231 5289 3420 5354 Οὐδεὶς
3481 5291 3686 5369 ἀνθρώ-

2038 5405 2154 5440 πων
2185 5383 2230 5439 εἷ
2264 5383 2340 5456 μὴ
2372 5380 2500 5440 Θεὸς
2533 5376 2614 5455 ἐφ’
2641 5377 2700 5432 ὃν
2731 5373 2991 5446 ἤλπισαν·
3024 5381 3114 5436 καὶ
3146 5381 3305 5444 οὗτος
3334 5383 3436 5458 γὰρ
3496 5379 3548 5435 ἐν
3612 5378 3688 5452 τῷ

2038 5477 2150 5546 ναῷ
2187 5479 2285 5542 τῆς
2321 5469 2461 5525 Σιὼν
2495 5465 2667 5521 ἐδόκει
2701 5466 2891 5525 οἰκεῖν.

2120 5563 2264 5618 αἘν
2293 5563 2374 5632 τῷ
2433 5556 2747 5632 ἐπιστρέψαι
2803 5557 2902 5625 τὴν
2961 5557 3342 5636 αἰχμαλωσίαν
3391 5562 3487 5615 τοῦ
3551 5557 3687 5614 λαοῦ

2042 5652 2206 5708 αὐτοῦ
2295 5643 2684 5725 ἀγαλλιάσεται
2768 5641 2962 5702 Ἰακὼϐ
3063 5648 3152 5705 καὶ
3266 5648 3688 5731 εύφφανθήσεται

2040 5737 2285 5818 Ἰσραήλ.
2311 5761 2344 5796 ››
2373 5767 2444 5781 -
2467 5733 2870 5811 Αἶχμαλωσίαν
2921 5733 3066 5816 λέγει
3132 5739 3230 5816 μὲν
3283 5736 3346 5798 οὔ
3401 5735 3692 5817 γινομένην
