3988 6430
365 356 520 418 i383

1610 348 2033 412 NICEPHORI
2077 347 2515 411 BLEMUIDE

3619 351 3787 415 1384

369 482 516 540 ἀλλά
553 480 813 538 δοκοῦσαν
868 481 1059 544 αὐτοῖς
1121 481 1225 537 61:6
1279 485 1378 536 τοῦ
1435 479 1817 554 ἐπηρτημένου
1848 475 2020 558 φόϐου
2049 491 2103 557 Α
2135 478 2353 555 ὕστερον
2404 477 2462 534 66
2509 479 2596 534 καὶ
2641 480 2742 548 τήν
2799 479 2850 533 ἐν
2902 478 3152 554 χρήμασι
3183 481 3495 556 περῖουσίαν
3531 481 3623 538 διὰ
3655 490 3792 557 Χρι-

365 576 466 641 τῆς
524 571 644 627 ὅσον
717 572 870 628 οῦπω
940 572 1220 632 ἀλώσεως·
1270 569 1674 644 κεκυκλωμένοι
1748 571 1852 646 γὰρ
1926 569 2016 624 καὶ

367 662 823 737 σεσαγηνευμένοι
880 667 1000 724 ταῖς
1064 661 1294 737 αἰχμαῖς
1377 661 1601 722 τούτους
1662 660 1736 721 ὡς
1790 680 2019 733 καταγο-

370 753 561 825 μένους
587 751 646 805 ἐκ
682 758 782 820 τῆς
837 750 994 826 ῥίζης
1056 745 1248 808 Ἰακὼϐ
1293 750 1381 805 καὶ
1428 748 1667 826 Ἰσραήλ.
1699 752 1761 802 Ὀ
1818 746 1876 803 66
1924 746 2015 802 λέ-

2129 569 2272 623 οτόν·
2331 569 2528 624 τούτου
2577 568 2678 644 γὰρ
2727 573 2824 621 τοῦ
2873 566 3008 623 λαοῦ
3054 570 3151 637 τήν
3208 570 3436 645 βουλὴν,
3486 572 3789 650 ἐφαύλισαν

2127 655 2408 726 Ἰουδαῖοι,
2440 657 2531 712 καὶ
2563 655 2992 730 διεκωμῴδησαν
3045 659 3120 720 ὡς
3174 660 3400 731 ματαίαν
3437 681 3450 692 ·
3517 661 3703 736 βουλή
3736 659 3794 714 66

2125 747 2321 802 τούτου
2367 748 2434 817 ῆν
2483 748 2546 802 τὸ
2597 744 2990 822 παραδέξασθαι
3039 748 3139 816 τὴν
3187 748 3264 810 εἷς
3295 751 3529 824 Χριστὸν
3559 750 3748 804 πίστιν
3775 769 3789 782 ο

363 861 447 917 γει
511 839 758 896 τοιοῦτόν
822 839 986 896 ἐστιν’
1036 839 1119 896 ὅτι
1172 845 1269 896 τοῦ
1317 840 1514 917 Κυρίου
1562 837 2016 914 ἐλευθερώσαντος
2124 837 2189 892 τὸ
2222 835 2298 906 δὲ,
2335 862 2362 889 ‹‹
2395 836 2484 900 Τίς
2518 835 2679 892 δώσει
2709 838 2769 892 ἐκ
2801 838 2943 891 Σιὼν
2974 838 3036 892 τὸ
3066 841 3338 913 σωτήριον
3364 845 3463 894 τοῦ
3517 836 3791 914 Ἰσραήλς

367 927 584 1000 αὐτοὺς,
647 929 758 984 οἷον
849 928 1416 1005 αἰχμαλωτισθέντας,
1467 926 1890 1004 ἀγαλλιάσονται
1964 925 2019 980 οἱ

366 1015 816 1094 ἐλευθερωθέντες
870 1018 961 1072 καὶ
1023 1017 1499 1096 εὐφρανθήσονται.
1567 1018 1668 1071 Καὶ
1749 1013 2017 1091 ἀγαλλιά-

369 1128 552 1163 σονται
616 1109 710 1181 μὶν
775 1111 1124 1181 σωματικῶς·
1190 1107 1644 1185 εὐφρανθήσονται
1678 1103 1735 1160 66
1776 1104 1866 1159 καὶ
1925 1107 2020 1178 ψυ-

374 1201 571 1272 χικῶς·
621 1201 782 1251 τοῦτο
837 1198 930 1269 μὲν
980 1200 1048 1270 τῇ
1111 1197 1329 1268 εὐθηνίᾳ
1365 1199 1465 1266 τῆς
1507 1203 1742 1274 τρυφῆς,
1770 1199 1931 1250 τοῦτο
1962 1191 2021 1247 66

375 1288 444 1359 τῇ
494 1283 692 1361 μελέτῃ
737 1290 844 1340 τῶν
894 1285 1051 1341 θείων
1084 1284 1287 1360 λόγων⁶
1321 1284 1394 1340 ὧν
1440 1285 1492 1340 ἐν
1540 1282 1721 1356 ταυτῷ
1778 1281 2019 1359 εἷ’ργοντο

375 1371 858 1450 πολιορκούμενοι·
893 1372 1038 1430 ἀλλὰ
1079 1376 1214 1429 κατά
1247 1374 1340 1447 μὲν
1375 1373 1610 1444 Ἐζεκίαν
1642 1371 1730 1427 καί
1778 1377 2024 1448 Σεναχη-

378 1463 506 1538 ρεῖμ
553 1463 726 1526 οὕτως
774 1463 1102 1536 ἐποιήσαμεν
1159 1464 1260 1532 τὴν
1318 1461 1589 1539 ἐξήγησινο
1625 1461 1912 1539 ἐξηγητέον
1964 1458 2023 1515 δὲ

379 1551 572 1608 λοιπὸν
626 1553 718 1608 καὶ
773 1554 910 1608 κατᾶ
962 1553 1031 1608 τὰ
1061 1551 1147 1607 ἐπὶ
1177 1556 1285 1608 τῶν
1313 1552 1528 1628 χρόνων
1559 1553 1678 1615 καθ’
1710 1551 1803 1613 οῦς
1835 1551 1863 1605 6
1918 1548 2024 1606 Κύ-

381 1662 497 1718 ριος
569 1641 998 1718 ἐνηνθρώπησεν⁶
1058 1642 1213 1712 Εἶπε,
1273 1641 1458 1719 φησὶν,
1520 1642 1548 1696 6
1606 1640 1836 1711 ἀνόητος
1893 1640 2026 1695 Ἰου-

380 1727 544 1786 δαίων
602 1728 805 1805 δῆμος,
837 1733 866 1787 6
900 1732 975 1805 μὴ
1034 1731 1232 1793 συνιεὶς
1287 1731 1385 1793 τάς
1450 1730 1576 1807 περὶ
1618 1733 1850 1806 Χριστοῦ
1889 1749 2026 1804 προ-

381 1820 627 1898 φητείας,
686 1819 771 1875 6'11
829 1819 927 1874 οὐκ
983 1818 1093 1876 ἔστι
1153 1819 1286 1882 Θεὸς
1344 1821 1373 1874 6
1424 1819 1522 1882 τὰς
1598 1817 1918 1892 θεοσημείας
1971 1815 2024 1871 ἐν

381 1909 567 1972 αὐτοῖς
627 1909 984 1986 ἐργαζόμενος
1041 1909 1293 1984 Χριστός.
1358 1909 1513 1964 Οὕτω
1561 1906 1620 1964 66
1673 1909 1800 1983 παρ’
1858 1905 2032 1978 ἐαυτῷ

381 2004 599 2074 πρῶτον
668 1998 1050 2076 λογισάμενος,
1107 1999 1198 2054 καὶ
1269 2003 1512 2077 φανερῶς
1577 1997 1724 2071 αὐτῷ
1776 1998 1874 2066 τὴν
1931 1999 2030 2050 τοῦ

385 2093 517 2143 Θεοῦ
574 2086 770 2158 κλῆσιν
829 2086 1089 2146 ἐνεκάλει,
1119 2088 1193 2142 Τά
1249 2086 1308 2143 66
1365 2089 1488 2159 έξῆς
1542 2088 1678 2142 κατά
1700 2089 1796 2155 τήν
1831 2083 2030 2141 ἀνωτέ-

386 2197 480 2252 ραν
535 2177 754 2248 νοητέον
825 2176 1094 2252 ἐξήγησιν.
1144 2176 1255 2231 Οὐκ
1299 2177 1367 2246 ἧν
1433 2173 1491 2231 66
1552 2180 1724 2231 ποιῶν
1792 2172 2033 2251 χρηστό-

383 2285 523 2337 τητα
587 2265 639 2320 ἐν
688 2265 890 2339 αὐτοῖς,
940 2262 1156 2336 δηλαδή
1223 2271 1339 2328 τοῖς
1419 2267 1494 2339 μὴ
1559 2263 1869 2338 δεξαμένοις
1931 2263 2032 2330 τὴν

387 2351 732 2409 διδασκαλίαν
785 2354 968 2411 αὐτοῦ.
1003 2353 1197 2431 Κύριος
1247 2353 1306 2409 ἐκ
1359 2359 1458 2410 τοῦ
1507 2353 1738 2427 οὐρανοῦ
1795 2349 2031 2424 διέκυψε’

384 2443 656 2497 τουτέστιν
711 2443 740 2496 6
797 2443 919 2504 Υἱὸς
997 2441 1049 2513 ἐξ
1125 2442 1357 2519 οὐρανοῦ
1432 2440 1718 2517 διακόψας,
1771 2440 2036 2511 κατῆλθεν

389 2531 464 2594 εἷς
492 2539 592 2609 γῆν
625 2531 714 2586 ἐπὶ
764 2530 893 2593 τοὺς
922 2530 1236 2607 ἀνθρώπους
1268 2532 1357 2588 καὶ
1390 2531 1480 2587 διὰ
1534 2531 1730 2606 σαρκὸς
1786 2527 2040 2602 ὡμίλησε

384 2620 628 2682 τούτοις.
660 2619 892 2675 Κύπτειν
947 2620 1010 2676 τὸ
1068 2621 1119 2691 ἐξ
1176 2620 1346 2694 ὕψους
1406 2619 1482 2683 εἷς
1529 2626 1630 2694 γῆν
1680 2618 2035 2692 κάμπτεσθαιθ

385 2710 453 2766 τὰ
509 2708 567 2764 66
623 2711 765 2782 ἑξῆς,
797 2711 934 2765 κατὰ
987 2710 1087 2779 τὴν
1136 2707 1247 2764 ἅνω
1295 2709 1572 2784 ἐξήγησιν
1618 2710 1681 2763 τὸ
1730 2705 1808 2779 66,
1861 2733 1889 2760 α
1940 2706 2040 2761 οὐκ

389 2794 527 2854 ἔστιν
575 2794 681 2860 ἓως
729 2797 863 2870 ἐνὸς,
909 2798 1086 2853 »ἀντὶ
1132 2803 1230 2852 τοῦ
1283 2797 1329 2852 εἰ
1373 2799 1448 2870 μή
1484 2799 1584 2860 εἷς.
1617 2803 1816 2873 Ἤγουν
1845 2797 1873 2850 6
1906 2802 2036 2872 X91-

389 2887 510 2948 στὸς
568 2885 732 2958 μόνος
788 2886 1114 2964 ἆγαθοεργὸς
1173 2885 1223 2941 ἐν
1301 2885 1485 2948 αὐτοῖς
1554 2884 2036 2962 ἀναστρεφόμενος.

386 2976 456 3030 Τὸ
487 2973 565 3048 δὲ,
607 2997 629 3028 ¢
663 2974 807 3050 Οὐχὶ
837 2977 1134 3050 γνώσονται
1183 2976 1378 3036 πάντες
1428 2975 1480 3029 οἱ
1530 2973 1885 3050 ἐργαζόμενοι
1937 2974 2035 3042 τήν

389 3061 641 3136 ἀνομίαν,
702 3087 731 3116 ι)
803 3064 938 3118 κατά
1008 3063 1273 3142 ἀπόφασιν
1349 3062 1715 3138 ἀναγνωστέον
1792 3062 2034 3117 ἐνταῦθα’

389 3151 450 3206 οὐ
479 3154 580 3229 γὰρ
627 3153 901 3223 ἠθέλησαν
945 3151 1104 3208 αὐτόν
1160 3151 1470 3229 ἐπιγνῶναι,
1504 3153 1556 3206 οἳ
1600 3148 1755 3222 δίκην
1815 3150 2032 3224 ἀνόμων

387 3239 552 3296 ἐθνῶν
597 3243 917 3318 φθονοῦντες
973 3241 1063 3296 καὶ
1137 3241 1591 3316 πονηρευόμενοι.
1639 3241 1708 3294 Τὸ
1760 3237 1836 3310 66,
1890 3264 1917 3293 ι(
1970 3235 2106 3304 O'1C

387 3329 653 3394 ἐσθίοντες
679 3330 770 3386 τόν
801 3329 932 3387 λαόν
970 3352 1094 3406 μου,
1124 3355 1153 3383 ››
1202 3330 1417 3387 λεκτέον
1478 3331 1539 3386 ἐκ
1590 3331 1888 3406 προσώπου
1935 3332 2032 3384 τοῦ

386 3423 622 3495 Χριστοῦ
673 3417 808 3496 πρὸς
853 3419 984 3482 τοὺς
1030 3420 1358 3497 ἀχαρίστους
1406 3417 1703 3482 Ἰουδαίους
1763 3419 2031 3480 ἐσθίοντας

387 3505 440 3562 ἐν
495 3507 723 3582 στόματι
785 3508 1058 3585 μαχαίρας
1118 3508 1206 3564 καὶ
1287 3506 1465 3578 πάσης
1541 3508 1829 3570 κακώσεως
1901 3505 2031 3569 τοὺς

390 3597 634 3670 μαθητὰς
690 3597 875 3668 αὐτοῦ,
911 3595 1068 3669 δίκην
1125 3599 1310 3671 1'1'9100'
1343 3597 1398 3653 οἳ
1433 3598 1525 3653 τὸν
1583 3598 1776 3674 Κύριον
1829 3595 2029 3666 αὐτῶν,

383 3684 624 3740 τουτέστι
679 3686 769 3740 τὸν
824 3687 946 3741 Υἱὸν
1002 3690 1100 3741 τοῦ
1165 3691 1320 3756 Θεοῦ,
1369 3685 1469 3741 οὐκ
1525 3685 1814 3760 ὠνόμασαν
1877 3683 2030 3740 Θεόν.

386 3796 416 3826 ιι
452 3775 596 3828 Ἐκεῖ
627 3771 685 3829 66
708 3772 1012 3830 έδειλίασαν
1041 3774 1092 3830 ἐν
1127 3772 1282 3855 φόϐῳ
1313 3773 1449 3831 ὅπου
1480 3774 1579 3830 οὐκ
1593 3775 1660 3844 ἦν
1685 3769 1874 3853 φόϐοςο
1896 3772 2036 3845 »ηὐη

385 3857 652 3918 λαϐοῦντο
683 3863 786 3940 γὰρ
819 3865 1161 3940 ὁμολογῆσαι
1204 3865 1297 3919 τὸν
1355 3863 1606 3939 Χριστὸν,
1666 3865 1882 3937 μήποτε
1935 3883 2035 3917 πα-

386 3946 590 4026 ραϐῶσι
620 3952 712 4007 τὸν
744 3953 940 4026 νόμον.
973 3953 1322 4023 Θεσπίζοντες
1354 3951 1438 4008 6'11
1471 3952 1571 4008 οὐκ
1607 3951 1717 4008 ἔστι
1765 3974 1850 4008 σοι
1902 3951 2034 4014 Θεὸς

382 4035 566 4116 ἕτερος
613 4039 703 4096 καὶ
753 4039 907 4104 αὖθις
953 4040 1078 4097 τότε
1134 4038 1458 4097 ἐδειλίασαν*
1492 4040 1581 4097 6'15
1616 4040 1716 4096 οὐκ
1744 4044 1808 4111 ἦν
1843 4035 2030 4120 φόϐος’

386 4127 475 4185 6'15
529 4129 629 4206 γὰρ
688 4128 1082 4206 ἀναρτήσαντες
1143 4131 1300 4186 αὐτὸν
1356 4130 1442 4186 ἐπὶ
1500 4129 1796 4207 σωτηρίου,
1850 4127 2031 4200 ἔδοξαν

383 4215 744 4296 ἀπηλλάχθαι
800 4219 964 4274 αὐτοῦ
990 4219 1317 4291 τεθνηκότος
1345 4217 1474 4291 ἤδη,
1508 4219 1630 4275 τότε
1688 4214 2033 4297 ἐφοϐήθησαν

383 4305 607 4385 σφόδραο
645 4305 849 4371 ἰδόντες
895 4308 987 4364 τὸν
1048 4310 1268 4384 σεισμὸν
1308 4309 1400 4364 καὶ
1450 4309 1518 4364 τὰ
1573 4307 1837 4384 γενόμενα
1883 4329 2034 4379 τηνι-

381 4401 553 4452 καῦτα
613 4402 832 4472 σημεῖαι
893 4397 984 4453 καὶ
1040 4397 1204 4455 πάλιν
1265 4396 1630 4460 δειλιάσαντες
1679 4400 1893 4470 μήποτε
1949 4395 2036 4452 έλ-

384 4485 564 4548 θόντες
621 4487 674 4541 οἱ
734 4487 972 4560 μαθηταὶ
1039 4488 1204 4544 αὐτοῦ
1257 4487 1449 4550 νυκτὸς
1517 4487 1790 4562 κλέψωσιν
1849 4485 2030 4542 αὐτόν·

2062 1868 2181 1966 B’I

2130 927 2246 982 ἀντὶ
2294 931 2392 982 τοῦ
2438 925 2531 989 Τίς
2573 921 2772 988 ἀναϐὰς
2820 926 2895 988 εἰς
2939 926 3002 981 τὸ
3048 927 3282 982 κυκλοῦν
3348 929 3450 997 τὴν
3515 935 3790 1003 Ἰερουσα-

2130 1013 2253 1088 λὴμ
2282 1011 2408 1092 ὅρος
2456 1016 2600 1071 Σιὼν
2643 1013 3005 1088 καλούμενον,
3058 1014 3415 1091 ἀναγνώσεται
3454 1015 3538 1089 τῷ
3571 1015 3700 1088 λαῷ
3729 1016 3791 1070 τὸ

2130 1109 2444 1181 σωτήριον;
2494 1104 2738 1160 τουτέστι
2779 1104 2908 1166 τοὺς
2955 1103 3179 1177 νόμους.
3251 1107 3415 1168 ¹Ίῐθος
3457 1106 3563 1182 γὰρ
3606 1107 3683 1174 ἦν
3740 1104 3792 1159 ἐν

2128 1194 2360 1271 ἡμέραις
2418 1193 2742 1269 ὡρισμέναις
2799 1198 2961 1249 τοῦτο
3009 1200 3204 1250 ποιεῖν.
3255 1199 3423 1250 Τοῦτο
3481 1193 3540 1249 66
3610 1193 3790 1271 λέγει,

2129 1283 2487 1362 προφητεύων
2543 1285 2620 1346 ὡς
2685 1291 2784 1353 τῆς
2869 1285 3227 1359 Ἰερουσαλὴμ
3312 1285 3415 1339 61:6
3492 1284 3792 1358 Ῥωμαίων

2130 1373 2610 1448 πολιορκηθείσης,
2659 1377 2757 1428 τοῦ
2806 1371 3140 1449 Εὐαγγελίου
3190 1370 3247 1427 δὲ
3294 1374 3362 1428 τά
3427 1373 3635 1450 πέρατι,
3692 1381 3796 1443 τῆς

2130 1469 2236 1537 γῆς
2293 1457 2706 1540 περιλαϐόντος,
2754 1461 2858 1517 οὐκ
2903 1460 2980 1517 ἔτι
3023 1467 3186 1518 τοῦτο
3231 1464 3560 1538 γενήσεται·
3621 1462 3684 1517 ἐν
3717 1459 3795 1534 τῷ

2134 1552 2449 1628 ἐπιστρέψαι
2508 1549 2566 1607 66
2624 1553 2849 1628 Χριστὸν
2908 1551 3294 1628 αἰχμαλωσίαν
3341 1557 3437 1607 τοῦ
3495 1551 3634 1608 λαοῦ
3700 1552 3796 1607 αὐ-

2137 1645 2236 1697 τοῦ
2261 1663 2274 1675 ·
2307 1639 2468 1697 δώσω
2500 1663 2584 1696 σοι
2614 1641 2736 1717 γὰρ,
2771 1644 2953 1719 φησιν,
2988 1639 3110 1711 ἔθνη
3141 1642 3239 1710 τήν
3277 1640 3658 1714 κληρονομίαν
3700 1662 3796 1696 σου

2134 1732 2202 1801 ἢν
2233 1729 2636 1806 ᾐχμαλώτευσε
2664 1735 2744 1802 τῷ
2774 1728 2959 1806 δόρατι
2988 1737 3091 1800 τῆς
3120 1729 3332 1798 πλάνης
3364 1732 3391 1785 6
3412 1726 3708 1792 διάϐολος.

2208 1821 2279 1874 Τὸ
2327 1818 2398 1874 66‘
2446 1843 2476 1871 ‹‹
2524 1818 2940 1896 Ἀγαλλιάσεται
2984 1814 3178 1874 Ἰακὼϐ
3226 1820 3315 1874 καὶ
3358 1819 3794 1896 εὐφρανθήσεται

2185 1906 2390 1984 σραήλο
2433 1932 2462 1960 ››
2525 1909 2674 1963 τοῦτ’
2730 1907 2870 1963 ἐστὶν
2931 1908 2984 1962 οἱ
3041 1907 3100 1962 ἐκ
3129 1914 3230 1976 τῆς
3281 1907 3436 1984 ῥίζης
3467 1905 3671 1963 Ἰακὼϐ
3706 1912 3803 1962 τοῦ

2140 1996 2364 2074 Ἰσραὴλ
2421 1995 2612 2075 φύντες
2670 2004 2946 2075 προφῆται
2983 2019 2995 2032 ·
3062 1994 3115 2050 ο⁴ί
3167 2001 3326 2052 τοῦτο
3384 1999 3799 2073 προκατήγγει-

2143 2085 2265 2143 λαν.
2322 2084 2774 2161 Ἀγαλλιάσονται
2829 2083 2887 2140 66
2932 2085 3022 2140 καὶ
3073 2085 3492 2163 εὐφανθήσονται
3518 2084 3799 2141 κλέπτον-

2141 2195 2228 2238 τες
2282 2179 2392 2228 τῶν
2436 2178 2782 2252 προφητειῶν
2834 2175 3008 2228 αὐτῶν
3051 2176 3147 2236 τὰς
3196 2169 3459 2237 ἐκϐασειςο
3505 2176 3542 2243 ἢ
3587 2169 3793 2232 Ἰακὼϐ

2141 2263 2233 2319 καὶ
2263 2261 2482 2340 Ἰσραὴλ
2539 2263 2591 2318 οἱ
2633 2262 2976 2325 πιστεύοντές
3025 2263 3178 2335 εἰσιν,
3228 2263 3302 2326 ὡς
3352 2263 3798 2340 ἀντεισαχθέντες

2142 2358 2251 2408 τῶν
2286 2349 2563 2408 Ἰουδαίων
2618 2351 2701 2414 οἷς
2746 2353 2813 2422 ἦν
2861 2351 3126 2428 πρόγονος
3169 2347 3386 2426 Ἰακὼϐ,
3435 2352 3799 2430 Ἐπιστρέψαι

2147 2438 2206 2496 66
2234 2441 2297 2496 16
2326 2440 2658 2519 ἀποστρέψαι
2691 2440 2768 2504 εἷς
2797 2440 2864 2496 τὰ
2892 2441 3066 2496 οἰκεῖα
3093 2442 3168 2496 ὧν
3199 2439 3461 2512 ἐξέπεσεν.

2757 2572 3052 2623 ΨΔΛΜΟΣ
3093 2567 3192 2625 ΙΔ’.

2229 2680 2250 2708 ι
2285 2655 2382 2718 Εἷς
2409 2654 2474 2710 16
2500 2653 2683 2728 τέλος,
2715 2653 2934 2729 ψαλμὸς
2962 2661 3042 2728 τῷ
3070 2653 3254 2712 Δαυῖδ.
3288 2679 3316 2706 ››
3359 2689 3428 2699 -
3477 2654 3581 2711 Καὶ
3615 2654 3799 2718 ἄλλως

2154 2744 2231 2806 εἰς
2260 2744 2323 2799 16
2350 2742 2510 2800 τέλος
2543 2744 2701 2806 οὗτος
2746 2743 3134 2822 ἐπιγέγραπται
3167 2764 3182 2778 ο
3235 2741 3374 2800 διότι
3426 2746 3621 2801 ὁποῖον
3672 2746 3795 2800 εἶναι

2151 2834 2266 2910 χρὴ
2294 2834 2386 2888 τὸν
2418 2835 2535 2888 κατ’
2564 2834 2757 2908 ἀρετήν
2787 2832 2995 2889 τέλειον
3030 2833 3350 2913 ὑπογράφει.

2220 2946 2249 2974 ‹‹
2300 2921 2481 2998 Κύριε,
2534 2922 2620 2984 τίς
2702 2925 3022 2999 παροικήσει
3081 2921 3133 2977 ἐν
3182 2928 3260 2994 τῷ
3307 2922 3639 2998 σκηνώματί
3684 2945 3780 2994 σου,

2147 3011 2182 3079 ἢ
2225 3009 2310 3074 τίς
2353 3012 2757 3081 κατασκηνώσει
2807 3011 2860 3066 ἐν
2908 3007 3022 3088 ὄρει
3071 3011 3208 3088 ἀγίῳ
3257 3031 3385 3083 σου;
3451 3037 3472 3063 ι
3512 3046 3587 3055 -
3618 3015 3669 3066 Ὀ
3699 3012 3776 3084 μὲν

2148 3097 2411 3162 Ἰουδαῖος
2459 3099 2669 3155 ἀκούων
2712 3102 3045 3174 σκηνώματα
3099 3105 3234 3156 Θεοῦ
3281 3101 3371 3156 καὶ
3441 3097 3577 3177 6'90:
3645 3103 3778 3176 ἄγιρν

2148 3187 2303 3251 εὐθὺς
2362 3189 2452 3244 τὸν
2505 3188 2556 3243 ἐν
2637 3189 3044 3264 Ἰεροσολύμοις
3117 3188 3285 3245 έννοεῖ
3349 3190 3477 3245 ναὸν
3557 3190 3653 3244 καὶ
3728 3189 3786 3243 16

2144 3277 2446 3352 γειτνιάζον
2508 3276 2636 3353 ὅρος
2695 3280 2862 3336 Σιών.
2918 3280 3078 3336 Ἰστω
3132 3276 3191 3334 66
3245 3278 3327 3333 6'11
3386 3276 3542 3333 οὕπῶ
3604 3275 3726 3333 οῦτε
3762 3278 3790 3333 6

2139 3367 2266 3429 ναὸς
2315 3364 2664 3441 ᾠκοδόμητο.
2720 3364 2843 3423 οὕτε
2884 3367 2948 3422 16
2992 3367 3118 3444 6'90:
3162 3369 3303 3422 Σιὼν
3335 3367 3570 3443 ὴγέαστο
3607 3386 3622 3398 ·
3659 3366 3791 3440 μετά

2139 3457 2241 3532 γὰρ
2270 3456 2361 3510 τὸν
2417 3453 2580 3511 Δαυῒδ
2628 3456 2801 3511 πάντα
2847 3455 3101 3532 γεγόνασι
3132 3474 3145 3486 ⁹
3182 3455 3374 3513 λοιπὸν
3407 3454 3501 3510 οὖν
3536 3455 3786 3510 ἀνακτέον

2140 3545 2207 3598 τὰ
2267 3543 2451 3620 ῥητά·
2517 3546 2847 3622 σχηματίζει
2905 3547 3010 3622 γὰρ
3076 3546 3167 3600 τὸν
3229 3544 3388 3622 λόγον
3451 3543 3680 3599 ὁΔαυΐδ
3714 3543 3792 3606 είς

2142 3632 2408 3709 ἐρώτησιν
2461 3634 2862 3708 πυνθανόμενος
2906 3633 2988 3690 6'11
3030 3633 3120 3698 Τίς
3153 3633 3291 3689 ἐστιν
3325 3633 3386 3696 6':
3415 3636 3639 3704 ποιήσει
3667 3630 3801 3688 τοδε

2141 3721 2232 3777 καὶ
2260 3720 2387 3778 τόδε
2408 3743 2423 3795 ;

2216 3810 2454 3887 «Κύριε,
2501 3809 2588 3872 τίς
2635 3814 2960 3888 παροικήσει
3009 3810 3060 3866 ἐν
3117 3817 3196 3884 τῷ
3243 3811 3562 3884 σκηνώματί
3597 3830 3794 3880 000;-

2141 3930 2213 3946 —-
2242 3899 2508 3976 Παροικία
2541 3900 2636 3974 μὲν
2680 3897 2819 3955 ἔστιν
2873 3903 2908 3970 ἡ
2964 3899 3016 3956 ἐν
3053 3898 3332 3975 ἀλλοτρίῳ
3361 3899 3500 3971 οἴκῳ
3530 3900 3801 3976 πρόσκαι-

2145 4009 2238 4064 ρος
2280 3983 2530 4061 διατριϐή
2567 4006 2581 4020 ⁶
2635 3991 2901 4062 σκήνωμα
2951 3986 3009 4043 66
3046 3991 3232 4064 ψυχῆς
3268 3988 3332 4042 16
3373 3992 3534 4061 σῶμα
3561 3989 3609 4060 ᾧ
3642 3988 3801 4063 ἐγκα-

2145 4078 2422 4150 σῴκισται.
2473 4077 2684 4154 Ἐρωτᾷ
2731 4074 2789 4132 66
2839 4082 3045 4151 μαθεῖν,
3093 4078 3175 4140 τίς
3223 4076 3360 4131 ἐστιν
3414 4079 3441 4132 6
3491 4075 3703 4138 τέλειος
3739 4077 3801 4138 ὅς

2143 4166 2426 4244 παροικίαν
2511 4165 2838 4242 πρόσκαιρον
2915 4168 3178 4242 ἡγήσεται
3257 4166 3356 4234 τὴν
3438 4164 3492 4220 ἐν
3574 4166 3798 4239 σώματι

2147 4257 2315 4329 ζωὴν,
2365 4256 2456 4310 καὶ
2505 4256 2582 4320 ὡς
2629 4253 2912 4332 ἀλλοτρίῳ
2956 4260 3036 4327 τῷ
3083 4255 3296 4328 σώματι
3344 4255 3637 4329 χρήσεται,
3679 4256 3798 4311 Μι-

2143 4345 2246 4421 κρά
2300 4343 2496 4400 τούτου
2557 4342 2856 4420 φροντίζων
2907 4345 3008 4412 τήν
3069 4348 3164 4398 σοῦ
3221 4343 3561 4417 ἀντωνυμίαν
3594 4342 3798 4419 προσέ-

2145 4444 2305 4505 θηκεν
2332 4437 2412 4505 τῷ
2442 4433 2760 4506 σκηνώματι
2794 4429 2976 4502 δηλῶν
3009 4430 3092 4487 6'11
3138 4435 3234 4487 τοῦ
3285 4436 3419 4488 Θεοῦ
3468 4431 3558 4487 καὶ
3613 4431 3798 4509 Λόγου

2146 4521 2303 4599 ἔργον
2359 4520 2471 4576 ἐστὶ
2527 4519 2618 4576 καί
2673 4523 2801 4598 παρ’
2858 4521 3022 4576 αὐτοῦ
3079 4525 3147 4596 τῇ
3215 4524 3365 4598 ψυχῆ
3428 4518 3799 4594 ᾠκοδομήθη,

733 4581 760 4592 ⁸⁵
1097 4579 1109 4598 Ι
1760 4580 1787 4591 ⁸³
1903 4581 1912 4594 θ
2150 4573 2294 4599 ⁷1⁷1⁷⁷
2366 4573 2467 4576 ννῗῗ
2531 4573 2616 4576 in“
2682 4573 2776 4598 "nr
2862 4573 3014 4576 'V'Vvv
3094 4573 3147 4596 ’λ’
3228 4573 3365 4598 ῘὟΛΊ
3436 4573 3726 4594 Τη⁷⁷ίῑ⁷⁷⁷⁶ί
3764 4573 3799 4594 ΙῚ

380 4575 494 4686 1,1012-
530 4573 620 4686 6,13
661 4597 829 4686 ἔρυτο
886 4597 1216 4686 στρατιώτας
1235 4577 1650 4686 Πέπιστήνσανῖες
2061 4602 2109 4667 D
2139 4611 2174 4680 ἢ
2235 4611 2318 4666 6'11
2409 4609 2500 4665 καὶ
2578 4609 2738 4673 αὐτὸς
2813 4615 2971 4666 τοῦτο
3048 4612 3315 4680 σκηνώσει
3375 4609 3427 4664 ἐν
3488 4605 3606 4686 6'951
3656 4610 3799 4685 ἀγίῳ

383 4664 494 4720 ἐκεῖ
549 4661 848 4721 ἐδειλίασαν
907 4666 959 4722 ἐν
1021 4662 1198 4746 φόϐῳ,
1231 4665 1368 4722 ὅπου
1419 4665 1517 4721 οὐκ
1571 4666 1638 4736 ἦν
1689 4660 1876 4742 φόϐος
1911 4662 2035 4719 οὐδὲ

381 4755 483 4831 γὰρ
540 4753 614 4816 εἰς
672 4758 794 4810 νοῦν
850 4757 900 4812 οἱ
963 4757 1201 4830 μαθηταὶ
1275 4759 1436 4812 τοῦτο
1515 4749 1773 4824 ἔϐαλλον,
1832 4753 2035 4809 ἐκείνου

382 4841 739 4917 προειπόντος
817 4843 1173 4918 αὐτεξουσίως
1270 4845 1563 4916 ἀναστῆναι
1651 4843 1786 4917 μετά
1853 4842 2036 4919 τρίτην

387 4931 620 5008 ἡμέραν.

455 5055 527 5112 T6
559 5053 635 5131 δὲ,
670 5081 700 5111 ‹‹
748 5058 944 5133 Κύριος
989 5058 1041 5115 ἐν
1093 5064 1250 5138 γενεᾷ
1307 5055 1553 5131 δικαίων,
1586 5081 1616 5110 ››
1675 5058 1788 5112 ἀντὶ
1834 5062 1932 5113 τοῦ
1983 5057 2034 5114 ἐν

385 5147 690 5218 συστήματι
738 5151 846 5202 τῶν
894 5147 947 5222 ἐξ
1015 5149 1181 5204 ἐθνῶν
1254 5145 1706 5203 πεπιστευκότων·
1767 5146 1822 5202 οἳ
1903 5148 2039 5220 μετὰ

384 5235 484 5305 τὴν
546 5232 833 5310 ἐπίγνωσιν
879 5234 990 5310 ὀδῷ
1046 5235 1226 5310 δικαίᾳ
1283 5235 1372 5293 καὶ
1435 5233 1691 5313 βασιλικῇ
1747 5235 2040 5312 ἐπορεύθη-

389 5341 504 5379 σαν·
564 5326 672 5378 τῶν
729 5324 831 5400 γὰρ
889 5324 1163 5383 Ἰουδαίων
1220 5327 1296 5401 μὴ
1355 5323 1654 5399 δεξαμένων
1709 5324 1890 5396 αὐτὸν,
1949 5324 2036 5379 ἐπὶ

388 5413 454 5470 τὰ
513 5411 639 5482 ἔθνη
703 5412 972 5485 μετέθετο.
1028 5418 1098 5471 Τὸ
1150 5413 1227 5484 δὲ,
1266 5440 1286 5467 ι
1331 5412 1546 5483 Βουλήν
1580 5418 1810 5488 πτωχοῦ
1866 5435 2036 5489 κπτῃ-

389 5507 644 5581 σχύνατε,
679 5503 1038 5577 »νοήσωμεν
1097 5505 1344 5581 εἰρῆσθαι
1401 5504 1538 5578 πρὸς
1597 5501 1892 5566 Ἰουδαίους
1951 5501 2040 5558 διὰ

385 5596 476 5652 τὸν
511 5591 563 5663 ἐξ
596 5591 755 5646 ἐθνῶν
789 5587 919 5647 λαὸν
949 5594 1040 5648 τὸν
1072 5591 1242 5649 πάλαι
1280 5592 1374 5667 μὶν
1427 5591 1671 5668 πτωχὸν,
1701 5594 1800 5660 τὴν
1857 5591 2040 5648 οὐσίαν

382 5691 485 5757 τῆς
515 5677 843 5759 θεογνωσίας
875 5683 942 5753 ἧς
989 5681 1224 5755 ἐξέπεσιν
1279 5680 1359 5744 εἰς
1414 5677 1620 5736 εἴδωλα
1669 5681 2034 5758 μετενεχθεὶς,

2145 4721 2262 4758 σου.
2323 4701 2743 4770 Κατασκήνωσις
2813 4699 2908 4773 μὲν
2976 4702 3010 4769 ἡ
3077 4699 3127 4772 ἐξ
3197 4697 3517 4776 ὁδοιπορίας
3606 4693 3802 4774 βεϐαία

2142 4790 2474 4853 κατάπαυσις
2505 4809 2517 4823 ·
2573 4789 2702 4867 6'90:
2771 4787 2827 4844 66
2904 4790 3054 4867 ἅγιον
3137 4791 3164 4845 6
3238 4791 3633 4867 ὑπερυυράνιος
3704 4789 3802 4844 16-

2144 4901 2266 4953 πος,
2321 4884 2428 4935 τῶν
2485 4884 2747 4935 ταπεινῶν
2805 4879 2896 4934 καὶ
2973 4879 3283 4954 ἐγκοσμίων
3366 4877 3750 4954 ὑπερηρμένος
3783 4897 3798 4909 ·

2146 4969 2273 5047 φρσὶ
2331 4970 2433 5046 γὰρ
2484 4969 2512 5022 6
2569 4967 2905 5030 Ἀπόστολος
2941 4987 2952 5000 ·
3023 4992 3052 5020 ‹‹
3114 4967 3570 5045 Προσεληλύθατε
3654 4968 3800 5020 Σιὼν

2147 5054 2260 5134 6'951
2291 5057 2380 5113 καὶ
2412 5053 2571 5114 πόλει
2605 5057 2737 5113 Θεοὺ
2772 5061 2972 5127 ζῶντος
3003 5054 3362 5133 Ἰερουσαλὴμ
3402 5055 3734 5130 ἐπουρανίῳ.
3769 5079 3800 5107 »

2145 5147 2234 5202 καὶ
2264 5147 2372 5220 τίς,
2404 5147 2588 5225 φησὶν,
2619 5146 2725 5201 ἀπὸ
2753 5150 2852 5201 τοῦ
2900 5146 3168 5224 παρόντος
3229 5145 3348 5222 βίου
3410 5145 3469 5208 6':
3529 5144 3641 5200 ἐστι
3673 5143 3800 5199 στά-

2148 5233 2262 5292 διον
2318 5233 2726 5312 εὐθυδρομήσας
2756 5237 3161 5308 κατασκηνώσει
3195 5235 3246 5291 ἐν
3277 5240 3399 5297 τοῖς
3450 5233 3800 5311 ἐπουρανίοις

2149 5330 2374 5395 σκηναῖς
2403 5329 2519 5386 ταῖς
2553 5323 2964 5394 αἷ¹ωνιζούσαις;

2221 5438 2249 5467 ‹‹
2283 5421 2658 5492 Πορευομενος
2725 5412 2961 5487 ἄμωμος
3020 5413 3109 5468 καὶ
3169 5413 3532 5491 ἐργαζόμενος
3597 5409 3801 5466 δικαιο-

2150 5503 2336 5574 σύνην.
2371 5527 2400 5556 ››
2456 5535 2526 5546 —-
2578 5507 2746 5558 Τοῦτο
2804 5507 2905 5576 τῇς
2939 5503 3260 5580 ἐρωτήσεως
3308 5505 3343 5572 ἡ
3377 5502 3688 5579 ἀπόκρισις,
3719 5501 3797 5560 ὡς

2149 5593 2353 5656 ἐκεινος
2410 5593 2730 5668 παροικήσει
2781 5591 2871 5647 καὶ
2927 5593 3352 5662 κατασκηνώσει,
3427 5594 3455 5647 ὁ
3541 5589 3799 5662 κεκτημὲ-

2149 5704 2244 5748 νος
2269 5682 2339 5739 10‘1
2367 5681 2600 5760 ῥηθῆναι
2635 5679 2909 5757 μέλλοντα
2933 5681 3023 5739 καὶ
3055 5679 3417 5760 διαζωγραφεὶ
3471 5681 3565 5737 τὸν
3629 5678 3793 5755 λόγον
