  <div class='ocr_page' id='page_1' title='image "/cluster/home/n/w/nwhite01/storage/ocr_20150623/142/mdp.39015078384792/700.png"; bbox 0 0 3988 6442; ppageno 0'>
   <div class='ocr_carea' id='block_1_1' title="bbox 183 473 338 536">
    <p class='ocr_par' dir='ltr' id='par_1_1' title="bbox 183 473 338 536">
     <span class='ocr_line' id='line_1_1' title="bbox 183 473 338 536; baseline 0.013 -5"><span class='ocrx_word' id='word_1_1' title='bbox 183 475 206 531; x_wconf 76' lang='grc'><strong>1</strong></span> <span class='ocrx_word' id='word_1_2' title='bbox 220 473 338 536; x_wconf 84' lang='grc'>385</span> 
     </span>
    </p>
   </div>
   <div class='ocr_carea' id='block_1_2' title="bbox 177 604 271 658">
    <p class='ocr_par' dir='ltr' id='par_1_2' title="bbox 177 604 271 658">
     <span class='ocr_line' id='line_1_2' title="bbox 177 604 271 658; baseline -0.011 0"><span class='ocrx_word' id='word_1_3' title='bbox 177 604 271 658; x_wconf 88' lang='grc' dir='ltr'>τὸν</span> 
     </span>
    </p>
   </div>
   <div class='ocr_carea' id='block_1_3' title="bbox 179 689 1832 768">
    <p class='ocr_par' dir='ltr' id='par_1_3' title="bbox 179 689 1832 768">
     <span class='ocr_line' id='line_1_3' title="bbox 179 689 1832 768; baseline 0.001 -22"><span class='ocrx_word' id='word_1_4' title='bbox 179 689 472 765; x_wconf 76' lang='grc' dir='ltr'>ἄμεμπτος</span> <span class='ocrx_word' id='word_1_5' title='bbox 528 693 618 747; x_wconf 83' lang='grc' dir='ltr'>καὶ</span> <span class='ocrx_word' id='word_1_6' title='bbox 675 692 970 768; x_wconf 77' lang='grc' dir='ltr'>ἐργάζηται</span> <span class='ocrx_word' id='word_1_7' title='bbox 1027 689 1392 759; x_wconf 87' lang='grc' dir='ltr'>δικαιοσύνην,</span> <span class='ocrx_word' id='word_1_8' title='bbox 1441 691 1532 746; x_wconf 83' lang='grc' dir='ltr'>καὶ</span> <span class='ocrx_word' id='word_1_9' title='bbox 1600 691 1832 765; x_wconf 79' lang='grc' dir='ltr'>ἄμωμον</span> 
     </span>
    </p>
   </div>
   <div class='ocr_carea' id='block_1_4' title="bbox 179 778 1833 857">
    <p class='ocr_par' dir='ltr' id='par_1_4' title="bbox 179 778 1833 857">
     <span class='ocr_line' id='line_1_4' title="bbox 179 778 1833 857; baseline 0.001 -22"><span class='ocrx_word' id='word_1_10' title='bbox 179 780 391 848; x_wconf 86' lang='grc' dir='ltr'>οἰητέον</span> <span class='ocrx_word' id='word_1_11' title='bbox 452 782 542 835; x_wconf 88' lang='grc' dir='ltr'>τὸν</span> <span class='ocrx_word' id='word_1_12' title='bbox 602 780 654 835; x_wconf 85' lang='grc' dir='ltr'>ἐν</span> <span class='ocrx_word' id='word_1_13' title='bbox 714 780 918 857; x_wconf 87' lang='grc' dir='ltr'>θεωρίᾳ</span> <span class='ocrx_word' id='word_1_14' title='bbox 998 780 1402 853; x_wconf 86' lang='grc' dir='ltr'>τελειούμενον·</span> <span class='ocrx_word' id='word_1_15' title='bbox 1464 778 1553 836; x_wconf 78' lang='grc' dir='ltr'>διὰ</span> <span class='ocrx_word' id='word_1_16' title='bbox 1632 780 1833 851; x_wconf 88' lang='grc' dir='ltr'>ταύτης</span> 
     </span>
    </p>
   </div>
   <div class='ocr_carea' id='block_1_5' title="bbox 176 867 1832 947">
    <p class='ocr_par' dir='ltr' id='par_1_5' title="bbox 176 867 1832 947">
     <span class='ocr_line' id='line_1_5' title="bbox 176 867 1832 947; baseline -0.001 -22"><span class='ocrx_word' id='word_1_17' title='bbox 176 870 279 947; x_wconf 75' lang='grc' dir='ltr'>γὰρ</span> <span class='ocrx_word' id='word_1_18' title='bbox 335 868 621 945; x_wconf 74' lang='grc' dir='ltr'>πορεύεται</span> <span class='ocrx_word' id='word_1_19' title='bbox 676 870 813 945; x_wconf 90' lang='grc' dir='ltr'>πρὸς</span> <span class='ocrx_word' id='word_1_20' title='bbox 871 868 1096 945; x_wconf 74' lang='grc' dir='ltr'>οὐρανὸν</span> <span class='ocrx_word' id='word_1_21' title='bbox 1131 870 1158 924; x_wconf 98' lang='lat'>6</span> <span class='ocrx_word' id='word_1_22' title='bbox 1188 872 1332 931; x_wconf 91' lang='grc' dir='ltr'>νοῦς·</span> <span class='ocrx_word' id='word_1_23' title='bbox 1386 867 1593 925; x_wconf 86' lang='grc' dir='ltr'>δίκαιον</span> <span class='ocrx_word' id='word_1_24' title='bbox 1632 867 1710 937; x_wconf 77' lang='grc' dir='ltr'>δὲ,</span> <span class='ocrx_word' id='word_1_25' title='bbox 1742 870 1832 924; x_wconf 88' lang='grc' dir='ltr'>τὸν</span> 
     </span>
    </p>
   </div>
   <div class='ocr_carea' id='block_1_6' title="bbox 179 956 1832 1035">
    <p class='ocr_par' dir='ltr' id='par_1_6' title="bbox 179 956 1832 1035">
     <span class='ocr_line' id='line_1_6' title="bbox 179 956 1832 1035; baseline 0.001 -22"><span class='ocrx_word' id='word_1_26' title='bbox 179 957 367 1035; x_wconf 78' lang='grc' dir='ltr'>πράξει</span> <span class='ocrx_word' id='word_1_27' title='bbox 441 958 917 1032; x_wconf 87' lang='grc' dir='ltr'>καταρτιζόμενον·</span> <span class='ocrx_word' id='word_1_28' title='bbox 986 960 1022 1028; x_wconf 78' lang='grc' dir='ltr'>ἡ</span> <span class='ocrx_word' id='word_1_29' title='bbox 1096 956 1317 1032; x_wconf 77' lang='grc' dir='ltr'>ἐργασία</span> <span class='ocrx_word' id='word_1_30' title='bbox 1389 959 1494 1033; x_wconf 76' lang='grc' dir='ltr'>γάρ</span> <span class='ocrx_word' id='word_1_31' title='bbox 1567 958 1832 1035; x_wconf 81' lang='grc' dir='ltr'>πράξεως.</span> 
     </span>
    </p>
   </div>
   <div class='ocr_carea' id='block_1_7' title="bbox 180 1044 1834 1124">
    <p class='ocr_par' dir='ltr' id='par_1_7' title="bbox 180 1044 1834 1124">
     <span class='ocr_line' id='line_1_7' title="bbox 180 1044 1834 1124; baseline 0 -22"><span class='ocrx_word' id='word_1_32' title='bbox 180 1049 462 1103; x_wconf 84' lang='grc' dir='ltr'>Ἑνεστῶτι</span> <span class='ocrx_word' id='word_1_33' title='bbox 523 1045 581 1103; x_wconf 76' lang='grc' dir='ltr'>δὲ</span> <span class='ocrx_word' id='word_1_34' title='bbox 634 1047 823 1124; x_wconf 85' lang='grc' dir='ltr'>χρόνῳ</span> <span class='ocrx_word' id='word_1_35' title='bbox 877 1046 960 1101; x_wconf 87' lang='grc' dir='ltr'>ἐπ’</span> <span class='ocrx_word' id='word_1_36' title='bbox 1018 1047 1219 1123; x_wconf 79' lang='grc' dir='ltr'>ἀμφοῖν</span> <span class='ocrx_word' id='word_1_37' title='bbox 1282 1045 1578 1122; x_wconf 88' lang='grc' dir='ltr'>ἐχρήσατο,</span> <span class='ocrx_word' id='word_1_38' title='bbox 1628 1044 1717 1102; x_wconf 79' lang='grc' dir='ltr'>διὰ</span> <span class='ocrx_word' id='word_1_39' title='bbox 1770 1047 1834 1102; x_wconf 88' lang='grc' dir='ltr'>τὸ</span> 
     </span>
    </p>
   </div>
   <div class='ocr_carea' id='block_1_8' title="bbox 183 1132 1831 1212">
    <p class='ocr_par' dir='ltr' id='par_1_8' title="bbox 183 1132 1831 1212">
     <span class='ocr_line' id='line_1_8' title="bbox 183 1132 1831 1212; baseline 0.001 -23"><span class='ocrx_word' id='word_1_40' title='bbox 183 1138 260 1208; x_wconf 77' lang='grc' dir='ltr'>μὴ</span> <span class='ocrx_word' id='word_1_41' title='bbox 295 1134 496 1212; x_wconf 84' lang='grc' dir='ltr'>χρῆναί</span> <span class='ocrx_word' id='word_1_42' title='bbox 553 1156 688 1191; x_wconf 90' lang='grc' dir='ltr'>ποτε</span> <span class='ocrx_word' id='word_1_43' title='bbox 734 1134 927 1211; x_wconf 81' lang='grc' dir='ltr'>λήγειν</span> <span class='ocrx_word' id='word_1_44' title='bbox 974 1136 1065 1190; x_wconf 91' lang='grc' dir='ltr'>τὸν</span> <span class='ocrx_word' id='word_1_45' title='bbox 1111 1135 1285 1198; x_wconf 79' lang='grc' dir='ltr'>οὕτως</span> <span class='ocrx_word' id='word_1_46' title='bbox 1326 1132 1543 1209; x_wconf 82' lang='grc' dir='ltr'>ἔχοντα.</span> <span class='ocrx_word' id='word_1_47' title='bbox 1578 1134 1831 1209; x_wconf 88' lang='grc' dir='ltr'>Πολυμε-</span> 
     </span>
    </p>
   </div>
   <div class='ocr_carea' id='block_1_9' title="bbox 180 1219 1833 1301">
    <p class='ocr_par' dir='ltr' id='par_1_9' title="bbox 180 1219 1833 1301">
     <span class='ocr_line' id='line_1_9' title="bbox 180 1219 1833 1301; baseline 0 -22"><span class='ocrx_word' id='word_1_48' title='bbox 180 1229 308 1301; x_wconf 90' lang='grc' dir='ltr'>ροῦς</span> <span class='ocrx_word' id='word_1_49' title='bbox 368 1221 426 1279; x_wconf 75' lang='grc' dir='ltr'>δὲ</span> <span class='ocrx_word' id='word_1_50' title='bbox 483 1226 584 1294; x_wconf 79' lang='grc' dir='ltr'>τῆς</span> <span class='ocrx_word' id='word_1_51' title='bbox 639 1231 942 1299; x_wconf 82' lang='grc' dir='ltr'>πρακτικῆς</span> <span class='ocrx_word' id='word_1_52' title='bbox 997 1223 1165 1294; x_wconf 78' lang='grc' dir='ltr'>οὕσης</span> <span class='ocrx_word' id='word_1_53' title='bbox 1212 1219 1503 1301; x_wconf 89' lang='grc' dir='ltr'>περιέλαϐε</span> <span class='ocrx_word' id='word_1_54' title='bbox 1531 1230 1703 1280; x_wconf 82' lang='grc' dir='ltr'>πᾶσαν</span> <span class='ocrx_word' id='word_1_55' title='bbox 1754 1223 1833 1298; x_wconf 85' lang='grc' dir='ltr'>τῷ</span> 
     </span>
    </p>
   </div>
   <div class='ocr_carea' id='block_1_10' title="bbox 172 1310 1835 1390">
    <p class='ocr_par' dir='ltr' id='par_1_10' title="bbox 172 1310 1835 1390">
     <span class='ocr_line' id='line_1_10' title="bbox 172 1310 1835 1390; baseline -0.001 -21"><span class='ocrx_word' id='word_1_56' title='bbox 172 1321 278 1384; x_wconf 88' lang='grc' dir='ltr'>τῆς</span> <span class='ocrx_word' id='word_1_57' title='bbox 333 1311 572 1368; x_wconf 80' lang='grc' dir='ltr'>καθόλου</span> <span class='ocrx_word' id='word_1_58' title='bbox 625 1310 974 1381; x_wconf 79' lang='grc' dir='ltr'>δικαιοσύνης</span> <span class='ocrx_word' id='word_1_59' title='bbox 1032 1312 1281 1386; x_wconf 88' lang='grc' dir='ltr'>ὀνόματι·</span> <span class='ocrx_word' id='word_1_60' title='bbox 1345 1312 1484 1387; x_wconf 85' lang='grc' dir='ltr'>μόνη</span> <span class='ocrx_word' id='word_1_61' title='bbox 1540 1314 1707 1390; x_wconf 71' lang='grc' dir='ltr'>γὰρὴ</span> <span class='ocrx_word' id='word_1_62' title='bbox 1751 1310 1835 1368; x_wconf 89' lang='grc' dir='ltr'>δι-</span> 
     </span>
    </p>
   </div>
   <div class='ocr_carea' id='block_1_11' title="bbox 173 1399 1832 1478">
    <p class='ocr_par' dir='ltr' id='par_1_11' title="bbox 173 1399 1832 1478">
     <span class='ocr_line' id='line_1_11' title="bbox 173 1399 1832 1478; baseline -0.001 -20"><span class='ocrx_word' id='word_1_63' title='bbox 173 1401 435 1473; x_wconf 87' lang='grc' dir='ltr'>καιοσύνη</span> <span class='ocrx_word' id='word_1_64' title='bbox 492 1400 689 1465; x_wconf 78' lang='grc' dir='ltr'>πάσαις</span> <span class='ocrx_word' id='word_1_65' title='bbox 738 1402 1018 1478; x_wconf 79' lang='grc' dir='ltr'>ἐποχεῖται</span> <span class='ocrx_word' id='word_1_66' title='bbox 1084 1407 1205 1465; x_wconf 90' lang='grc' dir='ltr'>ταῖς</span> <span class='ocrx_word' id='word_1_67' title='bbox 1262 1403 1527 1478; x_wconf 81' lang='grc' dir='ltr'>ἀρεταῖς·.</span> <span class='ocrx_word' id='word_1_68' title='bbox 1558 1399 1832 1458; x_wconf 86' lang='grc' dir='ltr'>δικαιοσύ-</span> 
     </span>
    </p>
   </div>
   <div class='ocr_carea' id='block_1_12' title="bbox 173 1488 1831 1568">
    <p class='ocr_par' dir='ltr' id='par_1_12' title="bbox 173 1488 1831 1568">
     <span class='ocr_line' id='line_1_12' title="bbox 173 1488 1831 1568; baseline -0.001 -21"><span class='ocrx_word' id='word_1_69' title='bbox 173 1514 244 1563; x_wconf 89' lang='grc' dir='ltr'>νη</span> <span class='ocrx_word' id='word_1_70' title='bbox 299 1493 402 1568; x_wconf 88' lang='grc' dir='ltr'>γάρ</span> <span class='ocrx_word' id='word_1_71' title='bbox 458 1490 598 1547; x_wconf 87' lang='grc' dir='ltr'>ἐστιν</span> <span class='ocrx_word' id='word_1_72' title='bbox 647 1493 683 1561; x_wconf 82' lang='grc' dir='ltr'>ή</span> <span class='ocrx_word' id='word_1_73' title='bbox 729 1489 956 1559; x_wconf 78' lang='grc' dir='ltr'>ἑκάστης</span> <span class='ocrx_word' id='word_1_74' title='bbox 1020 1489 1418 1567; x_wconf 70' lang='grc' dir='ltr'>οἰκειοπραγία·</span> <span class='ocrx_word' id='word_1_75' title='bbox 1475 1488 1713 1547; x_wconf 85' lang='grc' dir='ltr'>καθόλου</span> <span class='ocrx_word' id='word_1_76' title='bbox 1773 1488 1831 1546; x_wconf 73' lang='grc' dir='ltr'>δὲ</span> 
     </span>
    </p>
   </div>
   <div class='ocr_carea' id='block_1_13' title="bbox 169 1576 1828 1658">
    <p class='ocr_par' dir='ltr' id='par_1_13' title="bbox 169 1576 1828 1658">
     <span class='ocr_line' id='line_1_13' title="bbox 169 1576 1828 1658; baseline 0.001 -23"><span class='ocrx_word' id='word_1_77' title='bbox 169 1581 276 1650; x_wconf 80' lang='grc' dir='ltr'>τὴν</span> <span class='ocrx_word' id='word_1_78' title='bbox 337 1576 684 1651; x_wconf 87' lang='grc' dir='ltr'>δικαιοσύνην</span> <span class='ocrx_word' id='word_1_79' title='bbox 745 1581 878 1653; x_wconf 79' lang='grc' dir='ltr'>θεὶς,</span> <span class='ocrx_word' id='word_1_80' title='bbox 937 1579 1051 1636; x_wconf 80' lang='grc' dir='ltr'>εἶτα</span> <span class='ocrx_word' id='word_1_81' title='bbox 1107 1578 1199 1636; x_wconf 84' lang='grc' dir='ltr'>καὶ</span> <span class='ocrx_word' id='word_1_82' title='bbox 1252 1580 1389 1635; x_wconf 75' lang='grc' dir='ltr'>κατὰ</span> <span class='ocrx_word' id='word_1_83' title='bbox 1447 1578 1609 1658; x_wconf 91' lang='grc' dir='ltr'>μέρος</span> <span class='ocrx_word' id='word_1_84' title='bbox 1660 1579 1828 1651; x_wconf 72' lang='grc' dir='ltr'>αὐτὴν</span> 
     </span>
    </p>
   </div>
   <div class='ocr_carea' id='block_1_14' title="bbox 170 1668 429 1740">
    <p class='ocr_par' dir='ltr' id='par_1_14' title="bbox 170 1668 429 1740">
     <span class='ocr_line' id='line_1_14' title="bbox 170 1668 429 1740; baseline 0.015 -16"><span class='ocrx_word' id='word_1_85' title='bbox 170 1668 429 1740; x_wconf 78' lang='grc' dir='ltr'>ἐπέξεισι.</span> 
     </span>
    </p>
   </div>
   <div class='ocr_carea' id='block_1_15' title="bbox 253 1772 1827 1852">
    <p class='ocr_par' dir='ltr' id='par_1_15' title="bbox 253 1772 1827 1852">
     <span class='ocr_line' id='line_1_15' title="bbox 253 1772 1827 1852; baseline 0.004 -23"><span class='ocrx_word' id='word_1_86' title='bbox 253 1798 282 1828; x_wconf 91' lang='grc'>‹‹</span> <span class='ocrx_word' id='word_1_87' title='bbox 316 1774 512 1832; x_wconf 85' lang='grc' dir='ltr'>Λαλῶν</span> <span class='ocrx_word' id='word_1_88' title='bbox 570 1772 829 1847; x_wconf 87' lang='grc' dir='ltr'>ἀλήθειαν</span> <span class='ocrx_word' id='word_1_89' title='bbox 879 1773 930 1830; x_wconf 85' lang='grc' dir='ltr'>ἐν</span> <span class='ocrx_word' id='word_1_90' title='bbox 989 1773 1185 1852; x_wconf 80' lang='grc' dir='ltr'>καρδίᾳ</span> <span class='ocrx_word' id='word_1_91' title='bbox 1238 1775 1422 1834; x_wconf 78' lang='grc' dir='ltr'>αὐτοῦ.</span> <span class='ocrx_word' id='word_1_92' title='bbox 1458 1801 1486 1830; x_wconf 92' lang='grc'><strong>››</strong></span> <span class='ocrx_word' id='word_1_93' title='bbox 1518 1809 1588 1821; x_wconf 82' lang='lat'>-—</span> <span class='ocrx_word' id='word_1_94' title='bbox 1616 1776 1827 1849; x_wconf 80' lang='grc' dir='ltr'>Ἀληθῆ</span> 
     </span>
    </p>
   </div>
   <div class='ocr_carea' id='block_1_16' title="bbox 171 1860 1167 1941">
    <p class='ocr_par' dir='ltr' id='par_1_16' title="bbox 171 1860 1167 1941">
     <span class='ocr_line' id='line_1_16' title="bbox 171 1860 1167 1941; baseline 0 -22"><span class='ocrx_word' id='word_1_95' title='bbox 171 1863 524 1939; x_wconf 83' lang='grc' dir='ltr'>δογματίζων</span> <span class='ocrx_word' id='word_1_96' title='bbox 555 1865 647 1919; x_wconf 86' lang='grc' dir='ltr'>καὶ</span> <span class='ocrx_word' id='word_1_97' title='bbox 678 1860 1167 1941; x_wconf 84' lang='grc' dir='ltr'>δογματιζόμενος.</span> 
     </span>
    </p>
   </div>
   <div class='ocr_carea' id='block_1_17' title="bbox 253 1967 1907 2050">
    <p class='ocr_par' dir='ltr' id='par_1_17' title="bbox 253 1967 1907 2050">
     <span class='ocr_line' id='line_1_17' title="bbox 253 1967 1907 2050; baseline 0.003 -27"><span class='ocrx_word' id='word_1_98' title='bbox 253 1995 274 2022; x_wconf 82' lang='grc' dir='ltr'>ι</span> <span class='ocrx_word' id='word_1_99' title='bbox 308 1972 400 2033; x_wconf 92' lang='grc' dir='ltr'>Ὃς</span> <span class='ocrx_word' id='word_1_100' title='bbox 428 1969 529 2025; x_wconf 81' lang='grc' dir='ltr'>οὐκ</span> <span class='ocrx_word' id='word_1_101' title='bbox 557 1967 826 2025; x_wconf 87' lang='grc' dir='ltr'>ἐδόλωσεν</span> <span class='ocrx_word' id='word_1_102' title='bbox 858 1970 910 2026; x_wconf 90' lang='grc' dir='ltr'>ἐν</span> <span class='ocrx_word' id='word_1_103' title='bbox 937 1969 1164 2046; x_wconf 76' lang='grc' dir='ltr'>γλώσσῃ</span> <span class='ocrx_word' id='word_1_104' title='bbox 1192 1970 1379 2030; x_wconf 77' lang='grc' dir='ltr'>αὐτοῦ.</span> <span class='ocrx_word' id='word_1_105' title='bbox 1412 1996 1441 2025; x_wconf 88' lang='grc'><strong>››</strong></span> <span class='ocrx_word' id='word_1_106' title='bbox 1470 2006 1540 2015; x_wconf 92' lang='grc'><strong>-</strong></span> <span class='ocrx_word' id='word_1_107' title='bbox 1567 1973 1829 2050; x_wconf 87' lang='grc' dir='ltr'>Πρόσεστι</span> <span class='ocrx_word' id='word_1_108' title='bbox 1858 1977 1907 2043; x_wconf 86' lang='grc' dir='ltr'><strong>Β</strong></span> 
     </span>
    </p>
   </div>
   <div class='ocr_carea' id='block_1_18' title="bbox 172 2056 1829 2139">
    <p class='ocr_par' dir='ltr' id='par_1_18' title="bbox 172 2056 1829 2139">
     <span class='ocr_line' id='line_1_18' title="bbox 172 2056 1829 2139; baseline 0.002 -25"><span class='ocrx_word' id='word_1_109' title='bbox 172 2058 360 2129; x_wconf 86' lang='grc' dir='ltr'>ἀληθῆ</span> <span class='ocrx_word' id='word_1_110' title='bbox 391 2059 482 2114; x_wconf 85' lang='grc' dir='ltr'>καὶ</span> <span class='ocrx_word' id='word_1_111' title='bbox 521 2056 694 2115; x_wconf 78' lang='grc' dir='ltr'>ἅδολα</span> <span class='ocrx_word' id='word_1_112' title='bbox 743 2056 944 2135; x_wconf 89' lang='grc' dir='ltr'>λέγων,</span> <span class='ocrx_word' id='word_1_113' title='bbox 974 2059 1272 2133; x_wconf 71' lang='grc' dir='ltr'>τουτέστιν,</span> <span class='ocrx_word' id='word_1_114' title='bbox 1304 2060 1484 2133; x_wconf 80' lang='grc' dir='ltr'>ἀληθῆ</span> <span class='ocrx_word' id='word_1_115' title='bbox 1527 2061 1618 2117; x_wconf 86' lang='grc' dir='ltr'>καὶ</span> <span class='ocrx_word' id='word_1_116' title='bbox 1676 2061 1829 2139; x_wconf 93' lang='grc' dir='ltr'>λογι-</span> 
     </span>
    </p>
   </div>
   <div class='ocr_carea' id='block_1_19' title="bbox 174 2146 1828 2227">
    <p class='ocr_par' dir='ltr' id='par_1_19' title="bbox 174 2146 1828 2227">
     <span class='ocr_line' id='line_1_19' title="bbox 174 2146 1828 2227; baseline 0.002 -25"><span class='ocrx_word' id='word_1_117' title='bbox 174 2147 407 2221; x_wconf 86' lang='grc' dir='ltr'>ζόμενος</span> <span class='ocrx_word' id='word_1_118' title='bbox 462 2146 516 2203; x_wconf 86' lang='grc' dir='ltr'>ἐν</span> <span class='ocrx_word' id='word_1_119' title='bbox 575 2148 750 2220; x_wconf 73' lang='grc' dir='ltr'>ἑαυτῷ</span> <span class='ocrx_word' id='word_1_120' title='bbox 805 2147 894 2203; x_wconf 82' lang='grc' dir='ltr'>καὶ</span> <span class='ocrx_word' id='word_1_121' title='bbox 952 2146 1129 2225; x_wconf 92' lang='grc' dir='ltr'>λέγων</span> <span class='ocrx_word' id='word_1_122' title='bbox 1161 2150 1296 2227; x_wconf 89' lang='grc' dir='ltr'>πρὸς</span> <span class='ocrx_word' id='word_1_123' title='bbox 1326 2148 1552 2213; x_wconf 77' lang='grc' dir='ltr'>ἄλλους·</span> <span class='ocrx_word' id='word_1_124' title='bbox 1586 2148 1675 2205; x_wconf 79' lang='grc' dir='ltr'>διὰ</span> <span class='ocrx_word' id='word_1_125' title='bbox 1733 2150 1828 2224; x_wconf 71' lang='grc' dir='ltr'>μὲν</span> 
     </span>
    </p>
   </div>
   <div class='ocr_carea' id='block_1_20' title="bbox 166 2232 1832 2314">
    <p class='ocr_par' dir='ltr' id='par_1_20' title="bbox 166 2232 1832 2314">
     <span class='ocr_line' id='line_1_20' title="bbox 166 2232 1832 2314; baseline 0.002 -23"><span class='ocrx_word' id='word_1_126' title='bbox 166 2244 277 2306; x_wconf 90' lang='grc' dir='ltr'>τῆς</span> <span class='ocrx_word' id='word_1_127' title='bbox 331 2232 557 2312; x_wconf 82' lang='grc' dir='ltr'>καρδίας</span> <span class='ocrx_word' id='word_1_128' title='bbox 610 2235 705 2291; x_wconf 90' lang='grc' dir='ltr'>τὸν</span> <span class='ocrx_word' id='word_1_129' title='bbox 756 2234 1053 2292; x_wconf 81' lang='grc' dir='ltr'>ἐνδιάθετον</span> <span class='ocrx_word' id='word_1_130' title='bbox 1099 2235 1266 2314; x_wconf 90' lang='grc' dir='ltr'>λόγον</span> <span class='ocrx_word' id='word_1_131' title='bbox 1298 2235 1599 2309; x_wconf 79' lang='grc' dir='ltr'>ἐδήλωσεν,</span> <span class='ocrx_word' id='word_1_132' title='bbox 1630 2236 1720 2295; x_wconf 78' lang='grc' dir='ltr'>διὰ</span> <span class='ocrx_word' id='word_1_133' title='bbox 1774 2236 1832 2295; x_wconf 80' lang='grc' dir='ltr'>δὲ</span> 
     </span>
    </p>
   </div>
   <div class='ocr_carea' id='block_1_21' title="bbox 170 2324 1103 2404">
    <p class='ocr_par' dir='ltr' id='par_1_21' title="bbox 170 2324 1103 2404">
     <span class='ocr_line' id='line_1_21' title="bbox 170 2324 1103 2404; baseline 0.004 -24"><span class='ocrx_word' id='word_1_134' title='bbox 170 2332 279 2397; x_wconf 88' lang='grc' dir='ltr'>τῆς</span> <span class='ocrx_word' id='word_1_135' title='bbox 304 2324 562 2401; x_wconf 83' lang='grc' dir='ltr'>γλώττης</span> <span class='ocrx_word' id='word_1_136' title='bbox 589 2325 681 2380; x_wconf 91' lang='grc' dir='ltr'>τὸν</span> <span class='ocrx_word' id='word_1_137' title='bbox 713 2324 1103 2404; x_wconf 87' lang='grc' dir='ltr'>προσφορικόν.</span> 
     </span>
    </p>
   </div>
   <div class='ocr_carea' id='block_1_22' title="bbox 252 2437 1827 2512">
    <p class='ocr_par' dir='ltr' id='par_1_22' title="bbox 252 2437 1827 2512">
     <span class='ocr_line' id='line_1_22' title="bbox 252 2437 1827 2512; baseline 0.001 -19"><span class='ocrx_word' id='word_1_138' title='bbox 252 2462 282 2493; x_wconf 80' lang='grc' dir='ltr'>ι(</span> <span class='ocrx_word' id='word_1_139' title='bbox 312 2439 412 2495; x_wconf 84' lang='grc' dir='ltr'>Καὶ</span> <span class='ocrx_word' id='word_1_140' title='bbox 469 2438 567 2495; x_wconf 79' lang='grc' dir='ltr'>οὐκ</span> <span class='ocrx_word' id='word_1_141' title='bbox 617 2437 841 2507; x_wconf 92' lang='grc' dir='ltr'>ἐποίησε</span> <span class='ocrx_word' id='word_1_142' title='bbox 893 2444 974 2512; x_wconf 80' lang='grc' dir='ltr'>τῷ</span> <span class='ocrx_word' id='word_1_143' title='bbox 1030 2437 1265 2509; x_wconf 89' lang='grc' dir='ltr'>πλησίον</span> <span class='ocrx_word' id='word_1_144' title='bbox 1339 2440 1505 2497; x_wconf 80' lang='grc' dir='ltr'>αὐτοῦ</span> <span class='ocrx_word' id='word_1_145' title='bbox 1577 2442 1763 2500; x_wconf 88' lang='grc' dir='ltr'>κακόν.</span> <span class='ocrx_word' id='word_1_146' title='bbox 1798 2466 1827 2496; x_wconf 85' lang='grc'><strong>››</strong></span> 
     </span>
    </p>
   </div>
   <div class='ocr_carea' id='block_1_23' title="bbox 169 2525 1827 2602">
    <p class='ocr_par' dir='ltr' id='par_1_23' title="bbox 169 2525 1827 2602">
     <span class='ocr_line' id='line_1_23' title="bbox 169 2525 1827 2602; baseline 0.002 -19"><span class='ocrx_word' id='word_1_147' title='bbox 169 2560 248 2572; x_wconf 85' lang='grc'><strong><em>-</em></strong></span> <span class='ocrx_word' id='word_1_148' title='bbox 275 2527 519 2598; x_wconf 85' lang='grc' dir='ltr'>Πλησίον</span> <span class='ocrx_word' id='word_1_149' title='bbox 545 2525 700 2601; x_wconf 76' lang='grc' dir='ltr'>ἐσμὲν</span> <span class='ocrx_word' id='word_1_150' title='bbox 733 2525 1001 2599; x_wconf 88' lang='grc' dir='ltr'>ἀλλήλων</span> <span class='ocrx_word' id='word_1_151' title='bbox 1028 2528 1066 2597; x_wconf 78' lang='grc' dir='ltr'><strong>ἢ</strong></span> <span class='ocrx_word' id='word_1_152' title='bbox 1096 2532 1175 2600; x_wconf 80' lang='grc' dir='ltr'>τῷ</span> <span class='ocrx_word' id='word_1_153' title='bbox 1201 2528 1381 2601; x_wconf 85' lang='grc' dir='ltr'>ταύτῷ</span> <span class='ocrx_word' id='word_1_154' title='bbox 1424 2536 1525 2599; x_wconf 85' lang='grc' dir='ltr'>τῆς</span> <span class='ocrx_word' id='word_1_155' title='bbox 1574 2530 1827 2602; x_wconf 90' lang='grc' dir='ltr'>πίστεως,</span> 
     </span>
    </p>
   </div>
   <div class='ocr_carea' id='block_1_24' title="bbox 169 2613 1826 2695">
    <p class='ocr_par' dir='ltr' id='par_1_24' title="bbox 169 2613 1826 2695">
     <span class='ocr_line' id='line_1_24' title="bbox 169 2613 1826 2695; baseline 0.001 -23"><span class='ocrx_word' id='word_1_156' title='bbox 169 2618 213 2687; x_wconf 73' lang='grc' dir='ltr'><strong>ἢ</strong></span> <span class='ocrx_word' id='word_1_157' title='bbox 244 2620 313 2691; x_wconf 79' lang='grc' dir='ltr'>τῇ</span> <span class='ocrx_word' id='word_1_158' title='bbox 345 2615 527 2691; x_wconf 90' lang='grc' dir='ltr'>σχέσει</span> <span class='ocrx_word' id='word_1_159' title='bbox 557 2619 654 2670; x_wconf 89' lang='grc' dir='ltr'>τοῦ</span> <span class='ocrx_word' id='word_1_160' title='bbox 685 2614 962 2690; x_wconf 80' lang='grc' dir='ltr'>λέγοντος.</span> <span class='ocrx_word' id='word_1_161' title='bbox 985 2616 1157 2671; x_wconf 86' lang='grc' dir='ltr'>Κακὸν</span> <span class='ocrx_word' id='word_1_162' title='bbox 1189 2613 1247 2672; x_wconf 78' lang='grc' dir='ltr'>δὲ</span> <span class='ocrx_word' id='word_1_163' title='bbox 1279 2618 1428 2692; x_wconf 87' lang='grc' dir='ltr'>λέγει</span> <span class='ocrx_word' id='word_1_164' title='bbox 1456 2619 1555 2688; x_wconf 83' lang='grc' dir='ltr'>τήν</span> <span class='ocrx_word' id='word_1_165' title='bbox 1592 2614 1826 2695; x_wconf 92' lang='grc' dir='ltr'>βλάϐην·</span> 
     </span>
    </p>
   </div>
   <div class='ocr_carea' id='block_1_25' title="bbox 174 2701 1831 2783">
    <p class='ocr_par' dir='ltr' id='par_1_25' title="bbox 174 2701 1831 2783">
     <span class='ocr_line' id='line_1_25' title="bbox 174 2701 1831 2783; baseline 0.001 -21"><span class='ocrx_word' id='word_1_166' title='bbox 174 2703 502 2769; x_wconf 83' lang='grc' dir='ltr'>ἀκολούθως</span> <span class='ocrx_word' id='word_1_167' title='bbox 560 2701 617 2759; x_wconf 79' lang='grc' dir='ltr'>δὲ</span> <span class='ocrx_word' id='word_1_168' title='bbox 676 2707 894 2780; x_wconf 88' lang='grc' dir='ltr'>πρῶτον</span> <span class='ocrx_word' id='word_1_169' title='bbox 967 2704 1341 2779; x_wconf 74' lang='grc' dir='ltr'>ἐμνημόνευσε</span> <span class='ocrx_word' id='word_1_170' title='bbox 1414 2704 1659 2783; x_wconf 84' lang='grc' dir='ltr'>καρδίας,</span> <span class='ocrx_word' id='word_1_171' title='bbox 1717 2709 1831 2764; x_wconf 74' lang='grc' dir='ltr'>εἶτα</span> 
     </span>
    </p>
   </div>
   <div class='ocr_carea' id='block_1_26' title="bbox 175 2793 1832 2873">
    <p class='ocr_par' dir='ltr' id='par_1_26' title="bbox 175 2793 1832 2873">
     <span class='ocr_line' id='line_1_26' title="bbox 175 2793 1832 2873; baseline 0.002 -23"><span class='ocrx_word' id='word_1_172' title='bbox 175 2793 462 2871; x_wconf 81' lang='grc' dir='ltr'>γλώσσης,</span> <span class='ocrx_word' id='word_1_173' title='bbox 524 2793 638 2848; x_wconf 83' lang='grc' dir='ltr'>εἶτα</span> <span class='ocrx_word' id='word_1_174' title='bbox 693 2795 989 2864; x_wconf 83' lang='grc' dir='ltr'>ποιήσεως·</span> <span class='ocrx_word' id='word_1_175' title='bbox 1052 2794 1357 2868; x_wconf 82' lang='grc' dir='ltr'>ἐνθυμεῖται</span> <span class='ocrx_word' id='word_1_176' title='bbox 1411 2797 1513 2873; x_wconf 87' lang='grc' dir='ltr'>γάρ</span> <span class='ocrx_word' id='word_1_177' title='bbox 1563 2818 1667 2867; x_wconf 90' lang='grc' dir='ltr'>τις,</span> <span class='ocrx_word' id='word_1_178' title='bbox 1717 2798 1832 2854; x_wconf 77' lang='grc' dir='ltr'>εἶτα</span> 
     </span>
    </p>
   </div>
   <div class='ocr_carea' id='block_1_27' title="bbox 175 2882 765 2959">
    <p class='ocr_par' dir='ltr' id='par_1_27' title="bbox 175 2882 765 2959">
     <span class='ocr_line' id='line_1_27' title="bbox 175 2882 765 2959; baseline -0.002 -19"><span class='ocrx_word' id='word_1_179' title='bbox 175 2882 355 2959; x_wconf 81' lang='grc' dir='ltr'>λέγει,</span> <span class='ocrx_word' id='word_1_180' title='bbox 384 2882 494 2936; x_wconf 81' lang='grc' dir='ltr'>εἶττ</span> <span class='ocrx_word' id='word_1_181' title='bbox 523 2882 765 2958; x_wconf 83' lang='grc' dir='ltr'>πράττει.</span> 
     </span>
    </p>
   </div>
   <div class='ocr_carea' id='block_1_28' title="bbox 254 2984 1829 3070">
    <p class='ocr_par' dir='ltr' id='par_1_28' title="bbox 254 2984 1829 3070">
     <span class='ocr_line' id='line_1_28' title="bbox 254 2984 1829 3070; baseline 0.004 -28"><span class='ocrx_word' id='word_1_182' title='bbox 254 3014 282 3042; x_wconf 86' lang='grc'>‹‹</span> <span class='ocrx_word' id='word_1_183' title='bbox 314 2990 416 3046; x_wconf 86' lang='grc' dir='ltr'>Καὶ</span> <span class='ocrx_word' id='word_1_184' title='bbox 445 2986 753 3062; x_wconf 80' lang='grc' dir='ltr'>ὀνειδισμὸν</span> <span class='ocrx_word' id='word_1_185' title='bbox 786 2988 885 3044; x_wconf 79' lang='grc' dir='ltr'>οὐκ</span> <span class='ocrx_word' id='word_1_186' title='bbox 913 2984 1102 3045; x_wconf 81' lang='grc' dir='ltr'>ἔλαϐεν</span> <span class='ocrx_word' id='word_1_187' title='bbox 1153 2990 1241 3046; x_wconf 85' lang='grc' dir='ltr'>ἐπὶ</span> <span class='ocrx_word' id='word_1_188' title='bbox 1288 2991 1414 3054; x_wconf 76' lang='grc' dir='ltr'>τοὺς</span> <span class='ocrx_word' id='word_1_189' title='bbox 1472 2988 1688 3070; x_wconf 79' lang='grc' dir='ltr'>ἔγγιστα</span> <span class='ocrx_word' id='word_1_190' title='bbox 1737 2994 1829 3049; x_wconf 82' lang='grc' dir='ltr'>αύ-</span> 
     </span>
    </p>
   </div>
   <div class='ocr_carea' id='block_1_29' title="bbox 168 3073 1831 3153">
    <p class='ocr_par' dir='ltr' id='par_1_29' title="bbox 168 3073 1831 3153">
     <span class='ocr_line' id='line_1_29' title="bbox 168 3073 1831 3153; baseline 0.003 -20"><span class='ocrx_word' id='word_1_191' title='bbox 168 3082 295 3135; x_wconf 87' lang='grc' dir='ltr'>τοῦ.</span> <span class='ocrx_word' id='word_1_192' title='bbox 335 3102 357 3130; x_wconf 65' lang='lat'><strong><em>»</em></strong></span> <span class='ocrx_word' id='word_1_193' title='bbox 390 3110 460 3120; x_wconf 92' lang='lat'>-—-</span> <span class='ocrx_word' id='word_1_194' title='bbox 514 3078 713 3132; x_wconf 88' lang='grc' dir='ltr'>Ταυτὸν</span> <span class='ocrx_word' id='word_1_195' title='bbox 766 3073 985 3153; x_wconf 76' lang='grc' dir='ltr'>ἔγγιστα</span> <span class='ocrx_word' id='word_1_196' title='bbox 1037 3080 1127 3133; x_wconf 84' lang='grc' dir='ltr'>καὶ</span> <span class='ocrx_word' id='word_1_197' title='bbox 1171 3078 1430 3151; x_wconf 87' lang='grc' dir='ltr'>πλησίον·</span> <span class='ocrx_word' id='word_1_198' title='bbox 1480 3081 1570 3136; x_wconf 86' lang='grc' dir='ltr'>καὶ</span> <span class='ocrx_word' id='word_1_199' title='bbox 1618 3082 1678 3144; x_wconf 84' lang='grc' dir='ltr'>ὃς</span> <span class='ocrx_word' id='word_1_200' title='bbox 1732 3082 1831 3138; x_wconf 78' lang='grc' dir='ltr'>οὐκ</span> 
     </span>
    </p>
   </div>
   <div class='ocr_carea' id='block_1_30' title="bbox 176 3162 1831 3248">
    <p class='ocr_par' dir='ltr' id='par_1_30' title="bbox 176 3162 1831 3248">
     <span class='ocr_line' id='line_1_30' title="bbox 176 3162 1831 3248; baseline 0.002 -25"><span class='ocrx_word' id='word_1_201' title='bbox 176 3162 372 3223; x_wconf 83' lang='grc' dir='ltr'>ἔλαϐεν</span> <span class='ocrx_word' id='word_1_202' title='bbox 407 3164 734 3241; x_wconf 85' lang='grc' dir='ltr'>ὀνειδισμὸν,</span> <span class='ocrx_word' id='word_1_203' title='bbox 765 3167 1002 3242; x_wconf 89' lang='grc' dir='ltr'>καθάπερ</span> <span class='ocrx_word' id='word_1_204' title='bbox 1051 3166 1221 3223; x_wconf 78' lang='grc' dir='ltr'>ὅπλον</span> <span class='ocrx_word' id='word_1_205' title='bbox 1271 3170 1408 3224; x_wconf 78' lang='grc' dir='ltr'>κατὰ</span> <span class='ocrx_word' id='word_1_206' title='bbox 1446 3174 1554 3225; x_wconf 91' lang='grc' dir='ltr'>τῶν</span> <span class='ocrx_word' id='word_1_207' title='bbox 1613 3167 1831 3248; x_wconf 78' lang='grc' dir='ltr'>ἔγγιστα</span> 
     </span>
    </p>
   </div>
   <div class='ocr_carea' id='block_1_31' title="bbox 171 3255 1828 3335">
    <p class='ocr_par' dir='ltr' id='par_1_31' title="bbox 171 3255 1828 3335">
     <span class='ocr_line' id='line_1_31' title="bbox 171 3255 1828 3335; baseline 0.002 -24"><span class='ocrx_word' id='word_1_208' title='bbox 171 3255 364 3311; x_wconf 71' lang='grc' dir='ltr'>αὐτοῦ·</span> <span class='ocrx_word' id='word_1_209' title='bbox 423 3256 712 3329; x_wconf 80' lang='grc' dir='ltr'>τουτέστιν,</span> <span class='ocrx_word' id='word_1_210' title='bbox 771 3256 831 3318; x_wconf 80' lang='grc' dir='ltr'>ὃς</span> <span class='ocrx_word' id='word_1_211' title='bbox 889 3256 989 3311; x_wconf 81' lang='grc' dir='ltr'>ούκ</span> <span class='ocrx_word' id='word_1_212' title='bbox 1043 3256 1313 3313; x_wconf 87' lang='grc' dir='ltr'>ὠνείδισεν</span> <span class='ocrx_word' id='word_1_213' title='bbox 1374 3258 1586 3321; x_wconf 83' lang='grc' dir='ltr'>αὐτούς·</span> <span class='ocrx_word' id='word_1_214' title='bbox 1631 3259 1828 3335; x_wconf 85' lang='grc' dir='ltr'>πλημ-</span> 
     </span>
    </p>
   </div>
   <div class='ocr_carea' id='block_1_32' title="bbox 177 3343 1900 3424">
    <p class='ocr_par' dir='ltr' id='par_1_32' title="bbox 177 3343 1900 3424">
     <span class='ocr_line' id='line_1_32' title="bbox 177 3343 1900 3424; baseline 0.004 -26"><span class='ocrx_word' id='word_1_215' title='bbox 177 3344 525 3418; x_wconf 88' lang='grc' dir='ltr'>μελήσαντας</span> <span class='ocrx_word' id='word_1_216' title='bbox 581 3345 617 3415; x_wconf 77' lang='grc' dir='ltr'><strong>ἢ</strong></span> <span class='ocrx_word' id='word_1_217' title='bbox 664 3345 1031 3422; x_wconf 86' lang='grc' dir='ltr'>πειραθέντας,</span> <span class='ocrx_word' id='word_1_218' title='bbox 1063 3346 1098 3415; x_wconf 82' lang='grc' dir='ltr'>ἤ</span> <span class='ocrx_word' id='word_1_219' title='bbox 1148 3344 1336 3409; x_wconf 79' lang='grc' dir='ltr'>ἄλλως</span> <span class='ocrx_word' id='word_1_220' title='bbox 1389 3348 1744 3424; x_wconf 76' lang='grc' dir='ltr'>ἀτυχοῦντας·</span> <span class='ocrx_word' id='word_1_221' title='bbox 1800 3343 1900 3410; x_wconf 80' lang='lat' dir='ltr'>6C</span> 
     </span>
    </p>
   </div>
   <div class='ocr_carea' id='block_1_33' title="bbox 176 3431 1825 3512">
    <p class='ocr_par' dir='ltr' id='par_1_33' title="bbox 176 3431 1825 3512">
     <span class='ocr_line' id='line_1_33' title="bbox 176 3431 1825 3512; baseline 0.004 -24"><span class='ocrx_word' id='word_1_222' title='bbox 176 3434 277 3508; x_wconf 71' lang='grc' dir='ltr'>μὲν</span> <span class='ocrx_word' id='word_1_223' title='bbox 332 3435 433 3511; x_wconf 78' lang='grc' dir='ltr'>γὰρ</span> <span class='ocrx_word' id='word_1_224' title='bbox 522 3431 828 3507; x_wconf 82' lang='grc' dir='ltr'>ὀνειδισμὸς</span> <span class='ocrx_word' id='word_1_225' title='bbox 898 3432 1058 3497; x_wconf 86' lang='grc' dir='ltr'>τέλος</span> <span class='ocrx_word' id='word_1_226' title='bbox 1130 3433 1243 3512; x_wconf 78' lang='grc' dir='ltr'>ἔχει</span> <span class='ocrx_word' id='word_1_227' title='bbox 1303 3435 1617 3510; x_wconf 86' lang='grc' dir='ltr'>κωμῳδίας·</span> <span class='ocrx_word' id='word_1_228' title='bbox 1679 3440 1707 3493; x_wconf 88' lang='grc' dir='ltr'>ὁ</span> <span class='ocrx_word' id='word_1_229' title='bbox 1766 3436 1825 3494; x_wconf 76' lang='grc' dir='ltr'>δὲ</span> 
     </span>
    </p>
   </div>
   <div class='ocr_carea' id='block_1_34' title="bbox 173 3519 1822 3603">
    <p class='ocr_par' dir='ltr' id='par_1_34' title="bbox 173 3519 1822 3603">
     <span class='ocr_line' id='line_1_34' title="bbox 173 3519 1822 3603; baseline 0.004 -26"><span class='ocrx_word' id='word_1_230' title='bbox 173 3519 412 3598; x_wconf 81' lang='grc' dir='ltr'>ἔλεγχος</span> <span class='ocrx_word' id='word_1_231' title='bbox 444 3522 732 3599; x_wconf 88' lang='grc' dir='ltr'>διόρθωσιν</span> <span class='ocrx_word' id='word_1_232' title='bbox 763 3520 1118 3598; x_wconf 78' lang='grc' dir='ltr'>σφαλμάτων·</span> <span class='ocrx_word' id='word_1_233' title='bbox 1148 3524 1267 3589; x_wconf 81' lang='grc' dir='ltr'>ὅθεν</span> <span class='ocrx_word' id='word_1_234' title='bbox 1318 3527 1409 3581; x_wconf 90' lang='grc' dir='ltr'>τὸν</span> <span class='ocrx_word' id='word_1_235' title='bbox 1441 3522 1672 3603; x_wconf 81' lang='grc' dir='ltr'>ἔλεγχον</span> <span class='ocrx_word' id='word_1_236' title='bbox 1728 3529 1822 3602; x_wconf 74' lang='grc' dir='ltr'>μὲν</span> 
     </span>
    </p>
   </div>
   <div class='ocr_carea' id='block_1_35' title="bbox 177 3606 1823 3690">
    <p class='ocr_par' dir='ltr' id='par_1_35' title="bbox 177 3606 1823 3690">
     <span class='ocr_line' id='line_1_35' title="bbox 177 3606 1823 3690; baseline 0.001 -23"><span class='ocrx_word' id='word_1_237' title='bbox 177 3611 269 3667; x_wconf 84' lang='grc' dir='ltr'>ἐπὶ</span> <span class='ocrx_word' id='word_1_238' title='bbox 291 3610 463 3666; x_wconf 87' lang='grc' dir='ltr'>καλοῦ</span> <span class='ocrx_word' id='word_1_239' title='bbox 494 3606 869 3687; x_wconf 80' lang='grc' dir='ltr'>λαμϐάνομεν,</span> <span class='ocrx_word' id='word_1_240' title='bbox 902 3610 1161 3669; x_wconf 81' lang='grc' dir='ltr'>οὐδέποτε</span> <span class='ocrx_word' id='word_1_241' title='bbox 1191 3611 1250 3669; x_wconf 80' lang='grc' dir='ltr'>δὲ</span> <span class='ocrx_word' id='word_1_242' title='bbox 1277 3616 1369 3669; x_wconf 90' lang='grc' dir='ltr'>τὸν</span> <span class='ocrx_word' id='word_1_243' title='bbox 1412 3613 1717 3690; x_wconf 88' lang='grc' dir='ltr'>ὀνειδισμὸν</span> <span class='ocrx_word' id='word_1_244' title='bbox 1748 3615 1823 3677; x_wconf 85' lang='grc' dir='ltr'>ὡς</span> 
     </span>
    </p>
   </div>
   <div class='ocr_carea' id='block_1_36' title="bbox 178 3699 587 3758">
    <p class='ocr_par' dir='ltr' id='par_1_36' title="bbox 178 3699 587 3758">
     <span class='ocr_line' id='line_1_36' title="bbox 178 3699 587 3758; baseline 0.005 -3"><span class='ocrx_word' id='word_1_245' title='bbox 178 3699 563 3756; x_wconf 89' lang='grc' dir='ltr'>ἐναντιώτατον</span> <span class='ocrx_word' id='word_1_246' title='bbox 573 3743 587 3758; x_wconf 94' lang='grc'>.</span> 
     </span>
    </p>
   </div>
   <div class='ocr_carea' id='block_1_37' title="bbox 255 3804 1825 3887">
    <p class='ocr_par' dir='ltr' id='par_1_37' title="bbox 255 3804 1825 3887">
     <span class='ocr_line' id='line_1_37' title="bbox 255 3804 1825 3887; baseline 0.003 -28"><span class='ocrx_word' id='word_1_247' title='bbox 255 3832 284 3859; x_wconf 87' lang='grc'><strong>‹‹</strong></span> <span class='ocrx_word' id='word_1_248' title='bbox 317 3804 697 3880; x_wconf 80' lang='grc' dir='ltr'>Ἐξουδένωται</span> <span class='ocrx_word' id='word_1_249' title='bbox 728 3806 955 3862; x_wconf 88' lang='grc' dir='ltr'>ἐνώπιον</span> <span class='ocrx_word' id='word_1_250' title='bbox 987 3807 1153 3863; x_wconf 88' lang='grc' dir='ltr'>αύτοῦ</span> <span class='ocrx_word' id='word_1_251' title='bbox 1200 3810 1655 3887; x_wconf 83' lang='grc' dir='ltr'>πονηρευόμενος’</span> <span class='ocrx_word' id='word_1_252' title='bbox 1696 3809 1825 3873; x_wconf 80' lang='grc' dir='ltr'>τοὺς</span> 
     </span>
    </p>
   </div>
   <div class='ocr_carea' id='block_1_38' title="bbox 180 3890 1828 3974">
    <p class='ocr_par' dir='ltr' id='par_1_38' title="bbox 180 3890 1828 3974">
     <span class='ocr_line' id='line_1_38' title="bbox 180 3890 1828 3974; baseline 0.002 -23"><span class='ocrx_word' id='word_1_253' title='bbox 180 3893 242 3951; x_wconf 71' lang='grc' dir='ltr'>δὲ</span> <span class='ocrx_word' id='word_1_254' title='bbox 299 3890 672 3973; x_wconf 88' lang='grc' dir='ltr'>φοϐουμένους</span> <span class='ocrx_word' id='word_1_255' title='bbox 722 3896 814 3950; x_wconf 89' lang='grc' dir='ltr'>τὸν</span> <span class='ocrx_word' id='word_1_256' title='bbox 862 3895 1055 3969; x_wconf 83' lang='grc' dir='ltr'>Κύριον</span> <span class='ocrx_word' id='word_1_257' title='bbox 1114 3895 1344 3969; x_wconf 76' lang='grc' dir='ltr'>δοξάζει.</span> <span class='ocrx_word' id='word_1_258' title='bbox 1378 3923 1407 3951; x_wconf 87' lang='grc'><strong>››</strong></span> <span class='ocrx_word' id='word_1_259' title='bbox 1439 3932 1507 3945; x_wconf 87' lang='grc'><strong>--</strong></span> <span class='ocrx_word' id='word_1_260' title='bbox 1554 3902 1828 3974; x_wconf 86' lang='grc' dir='ltr'>Διανέμων</span> 
     </span>
    </p>
   </div>
   <div class='ocr_carea' id='block_1_39' title="bbox 176 3983 1827 4065">
    <p class='ocr_par' dir='ltr' id='par_1_39' title="bbox 176 3983 1827 4065">
     <span class='ocr_line' id='line_1_39' title="bbox 176 3983 1827 4065; baseline 0.003 -26"><span class='ocrx_word' id='word_1_261' title='bbox 176 3986 282 4062; x_wconf 77' lang='grc' dir='ltr'>γὰρ</span> <span class='ocrx_word' id='word_1_262' title='bbox 313 3983 520 4056; x_wconf 87' lang='grc' dir='ltr'>ἐκάστῳ</span> <span class='ocrx_word' id='word_1_263' title='bbox 545 3983 614 4039; x_wconf 81' lang='grc' dir='ltr'>τὰ</span> <span class='ocrx_word' id='word_1_264' title='bbox 649 3984 785 4060; x_wconf 90' lang='grc' dir='ltr'>πρὸς</span> <span class='ocrx_word' id='word_1_265' title='bbox 831 3983 1000 4055; x_wconf 82' lang='grc' dir='ltr'>ἀξίαν,</span> <span class='ocrx_word' id='word_1_266' title='bbox 1028 3987 1119 4041; x_wconf 88' lang='grc' dir='ltr'>τὸν</span> <span class='ocrx_word' id='word_1_267' title='bbox 1174 3987 1269 4060; x_wconf 76' lang='grc' dir='ltr'>μὲν</span> <span class='ocrx_word' id='word_1_268' title='bbox 1314 3986 1554 4065; x_wconf 75' lang='grc' dir='ltr'>πονηρὰν</span> <span class='ocrx_word' id='word_1_269' title='bbox 1608 3987 1827 4052; x_wconf 78' lang='grc' dir='ltr'>οὐδενὸς</span> 
     </span>
    </p>
   </div>
   <div class='ocr_carea' id='block_1_40' title="bbox 180 4070 1831 4155">
    <p class='ocr_par' dir='ltr' id='par_1_40' title="bbox 180 4070 1831 4155">
     <span class='ocr_line' id='line_1_40' title="bbox 180 4070 1831 4155; baseline 0.004 -29"><span class='ocrx_word' id='word_1_270' title='bbox 180 4070 329 4144; x_wconf 78' lang='grc' dir='ltr'>ἄξιον</span> <span class='ocrx_word' id='word_1_271' title='bbox 387 4075 602 4148; x_wconf 77' lang='grc' dir='ltr'>ἡγεῖται</span> <span class='ocrx_word' id='word_1_272' title='bbox 654 4070 948 4150; x_wconf 76' lang='grc' dir='ltr'>φαυλίζων·</span> <span class='ocrx_word' id='word_1_273' title='bbox 997 4073 1093 4129; x_wconf 78' lang='grc' dir='ltr'>κᾶν</span> <span class='ocrx_word' id='word_1_274' title='bbox 1141 4073 1388 4149; x_wconf 88' lang='grc' dir='ltr'>πλούτῳ,</span> <span class='ocrx_word' id='word_1_275' title='bbox 1444 4076 1539 4132; x_wconf 67' lang='grc' dir='ltr'>κᾶν</span> <span class='ocrx_word' id='word_1_276' title='bbox 1595 4077 1831 4155; x_wconf 79' lang='grc' dir='ltr'>εὐγενείᾳ</span> 
     </span>
    </p>
   </div>
   <div class='ocr_carea' id='block_1_41' title="bbox 179 4158 1831 4241">
    <p class='ocr_par' dir='ltr' id='par_1_41' title="bbox 179 4158 1831 4241">
     <span class='ocr_line' id='line_1_41' title="bbox 179 4158 1831 4241; baseline 0.003 -24"><span class='ocrx_word' id='word_1_277' title='bbox 179 4166 353 4234; x_wconf 84' lang='grc' dir='ltr'>κομᾷ,</span> <span class='ocrx_word' id='word_1_278' title='bbox 383 4161 472 4216; x_wconf 83' lang='grc' dir='ltr'>καὶ</span> <span class='ocrx_word' id='word_1_279' title='bbox 505 4158 651 4236; x_wconf 81' lang='grc' dir='ltr'>ἄλλῃ</span> <span class='ocrx_word' id='word_1_280' title='bbox 678 4161 990 4239; x_wconf 87' lang='grc' dir='ltr'>περίφανείᾳ</span> <span class='ocrx_word' id='word_1_281' title='bbox 1032 4161 1390 4241; x_wconf 85' lang='grc' dir='ltr'>λαμπροτάτῃ</span> <span class='ocrx_word' id='word_1_282' title='bbox 1433 4166 1570 4221; x_wconf 89' lang='grc' dir='ltr'>ἐστί·</span> <span class='ocrx_word' id='word_1_283' title='bbox 1595 4168 1723 4230; x_wconf 84' lang='grc' dir='ltr'>τοὺς</span> <span class='ocrx_word' id='word_1_284' title='bbox 1772 4165 1831 4223; x_wconf 75' lang='grc' dir='ltr'>δὲ</span> 
     </span>
    </p>
   </div>
   <div class='ocr_carea' id='block_1_42' title="bbox 180 4245 1831 4329">
    <p class='ocr_par' dir='ltr' id='par_1_42' title="bbox 180 4245 1831 4329">
     <span class='ocr_line' id='line_1_42' title="bbox 180 4245 1831 4329; baseline 0.004 -25"><span class='ocrx_word' id='word_1_285' title='bbox 180 4245 556 4329; x_wconf 80' lang='grc' dir='ltr'>φοϐουμένους</span> <span class='ocrx_word' id='word_1_286' title='bbox 583 4252 673 4305; x_wconf 90' lang='grc' dir='ltr'>τὸν</span> <span class='ocrx_word' id='word_1_287' title='bbox 708 4250 835 4306; x_wconf 88' lang='grc' dir='ltr'>Θεὸν</span> <span class='ocrx_word' id='word_1_288' title='bbox 870 4251 1182 4327; x_wconf 86' lang='grc' dir='ltr'>μεγαλύνει,</span> <span class='ocrx_word' id='word_1_289' title='bbox 1215 4252 1311 4309; x_wconf 75' lang='grc' dir='ltr'>κᾶν</span> <span class='ocrx_word' id='word_1_290' title='bbox 1340 4253 1390 4308; x_wconf 89' lang='grc' dir='ltr'>ἐν</span> <span class='ocrx_word' id='word_1_291' title='bbox 1422 4260 1540 4317; x_wconf 89' lang='grc' dir='ltr'>τοῖς</span> <span class='ocrx_word' id='word_1_292' title='bbox 1571 4253 1831 4319; x_wconf 85' lang='grc' dir='ltr'>ἐναντίοις</span> 
     </span>
    </p>
   </div>
   <div class='ocr_carea' id='block_1_43' title="bbox 183 4337 1831 4420">
    <p class='ocr_par' dir='ltr' id='par_1_43' title="bbox 183 4337 1831 4420">
     <span class='ocr_line' id='line_1_43' title="bbox 183 4337 1831 4420; baseline 0.004 -25"><span class='ocrx_word' id='word_1_293' title='bbox 183 4340 530 4416; x_wconf 82' lang='grc' dir='ltr'>ἀτυχήμασιν</span> <span class='ocrx_word' id='word_1_294' title='bbox 588 4337 957 4414; x_wconf 81' lang='grc' dir='ltr'>εὖρίσκωτται·</span> <span class='ocrx_word' id='word_1_295' title='bbox 1023 4343 1275 4417; x_wconf 87' lang='grc' dir='ltr'>μακάριοι</span> <span class='ocrx_word' id='word_1_296' title='bbox 1332 4344 1433 4420; x_wconf 83' lang='grc' dir='ltr'>γὰρ</span> <span class='ocrx_word' id='word_1_297' title='bbox 1507 4344 1703 4408; x_wconf 88' lang='grc' dir='ltr'>πάντες</span> <span class='ocrx_word' id='word_1_298' title='bbox 1778 4346 1831 4401; x_wconf 72' lang='grc' dir='ltr'>οἱ</span> 
     </span>
    </p>
   </div>
   <div class='ocr_carea' id='block_1_44' title="bbox 182 4423 882 4508">
    <p class='ocr_par' dir='ltr' id='par_1_44' title="bbox 182 4423 882 4508">
     <span class='ocr_line' id='line_1_44' title="bbox 182 4423 882 4508; baseline 0.006 -26"><span class='ocrx_word' id='word_1_299' title='bbox 182 4423 515 4508; x_wconf 88' lang='grc' dir='ltr'>φοϐούμενοι</span> <span class='ocrx_word' id='word_1_300' title='bbox 543 4428 636 4484; x_wconf 90' lang='grc' dir='ltr'>τὸν</span> <span class='ocrx_word' id='word_1_301' title='bbox 664 4427 882 4505; x_wconf 85' lang='grc' dir='ltr'>Κύριον.</span> 
     </span>
    </p>
   </div>
   <div class='ocr_carea' id='block_1_45' title="bbox 257 4532 1830 4607">
    <p class='ocr_par' dir='ltr' id='par_1_45' title="bbox 257 4532 1830 4607">
     <span class='ocr_line' id='line_1_45' title="bbox 257 4532 1830 4607; baseline 0.006 -22"><span class='ocrx_word' id='word_1_302' title='bbox 257 4557 288 4586; x_wconf 92' lang='grc'><strong>‹‹</strong></span> <span class='ocrx_word' id='word_1_303' title='bbox 327 4534 390 4591; x_wconf 78' lang='grc' dir='ltr'><strong>Ὀ</strong></span> <span class='ocrx_word' id='word_1_304' title='bbox 420 4532 638 4607; x_wconf 78' lang='grc' dir='ltr'>ὀμνύων</span> <span class='ocrx_word' id='word_1_305' title='bbox 667 4538 747 4606; x_wconf 82' lang='grc' dir='ltr'>τῷ</span> <span class='ocrx_word' id='word_1_306' title='bbox 773 4532 1012 4605; x_wconf 91' lang='grc' dir='ltr'>πλησίον</span> <span class='ocrx_word' id='word_1_307' title='bbox 1043 4535 1207 4591; x_wconf 78' lang='grc' dir='ltr'>αὐτοῦ</span> <span class='ocrx_word' id='word_1_308' title='bbox 1255 4536 1344 4592; x_wconf 84' lang='grc' dir='ltr'>καὶ</span> <span class='ocrx_word' id='word_1_309' title='bbox 1393 4538 1493 4594; x_wconf 86' lang='grc' dir='ltr'>οὑκ</span> <span class='ocrx_word' id='word_1_310' title='bbox 1548 4540 1769 4599; x_wconf 83' lang='grc' dir='ltr'>ἀθετῶν.</span> <span class='ocrx_word' id='word_1_311' title='bbox 1800 4566 1830 4595; x_wconf 90' lang='grc'><strong>››</strong></span> 
     </span>
    </p>
   </div>
   <div class='ocr_carea' id='block_1_46' title="bbox 180 4620 1836 4705">
    <p class='ocr_par' dir='ltr' id='par_1_46' title="bbox 180 4620 1836 4705">
     <span class='ocr_line' id='line_1_46' title="bbox 180 4620 1836 4705; baseline 0.007 -31"><span class='ocrx_word' id='word_1_312' title='bbox 180 4654 255 4665; x_wconf 90' lang='grc'><strong><em>-</em></strong></span> <span class='ocrx_word' id='word_1_313' title='bbox 300 4623 372 4676; x_wconf 85' lang='grc' dir='ltr'>Τὸ</span> <span class='ocrx_word' id='word_1_314' title='bbox 422 4621 641 4696; x_wconf 88' lang='grc' dir='ltr'>ὀμνύειν</span> <span class='ocrx_word' id='word_1_315' title='bbox 690 4622 808 4677; x_wconf 84' lang='grc' dir='ltr'>ἀντὶ</span> <span class='ocrx_word' id='word_1_316' title='bbox 853 4628 949 4678; x_wconf 89' lang='grc' dir='ltr'>τοῦ</span> <span class='ocrx_word' id='word_1_317' title='bbox 998 4620 1433 4682; x_wconf 87' lang='grc' dir='ltr'>διαϐεϐαιοῦσθαι</span> <span class='ocrx_word' id='word_1_318' title='bbox 1476 4625 1836 4705; x_wconf 89' lang='grc' dir='ltr'>παραλαμϐά-</span> 
     </span>
    </p>
   </div>
   <div class='ocr_carea' id='block_1_47' title="bbox 183 4707 1917 4793">
    <p class='ocr_par' dir='ltr' id='par_1_47' title="bbox 183 4707 1917 4793">
     <span class='ocr_line' id='line_1_47' title="bbox 183 4707 1917 4793; baseline 0.004 -26"><span class='ocrx_word' id='word_1_319' title='bbox 183 4731 369 4767; x_wconf 89' lang='grc' dir='ltr'>νουσιν</span> <span class='ocrx_word' id='word_1_320' title='bbox 407 4712 461 4765; x_wconf 68' lang='lat' dir='ltr'>oi</span> <span class='ocrx_word' id='word_1_321' title='bbox 507 4709 880 4788; x_wconf 88' lang='grc' dir='ltr'>παλαιότεροι·</span> <span class='ocrx_word' id='word_1_322' title='bbox 928 4710 1126 4789; x_wconf 77' lang='grc' dir='ltr'>ὅρκους</span> <span class='ocrx_word' id='word_1_323' title='bbox 1181 4714 1284 4789; x_wconf 79' lang='grc' dir='ltr'>γὰρ</span> <span class='ocrx_word' id='word_1_324' title='bbox 1333 4712 1484 4771; x_wconf 78' lang='grc' dir='ltr'>οὐδὲν</span> <span class='ocrx_word' id='word_1_325' title='bbox 1528 4715 1709 4793; x_wconf 75' lang='grc' dir='ltr'>ἕτερον</span> <span class='ocrx_word' id='word_1_326' title='bbox 1762 4720 1838 4782; x_wconf 87' lang='grc' dir='ltr'>ὡς</span> <span class='ocrx_word' id='word_1_327' title='bbox 1868 4707 1917 4773; x_wconf 84' lang='lat' dir='ltr'><strong>D</strong></span> 
     </span>
    </p>
   </div>
   <div class='ocr_carea' id='block_1_48' title="bbox 187 4793 1838 4881">
    <p class='ocr_par' dir='ltr' id='par_1_48' title="bbox 187 4793 1838 4881">
     <span class='ocr_line' id='line_1_48' title="bbox 187 4793 1838 4881; baseline 0.006 -28"><span class='ocrx_word' id='word_1_328' title='bbox 187 4802 225 4869; x_wconf 79' lang='grc' dir='ltr'><strong>ἡ</strong></span> <span class='ocrx_word' id='word_1_329' title='bbox 293 4793 583 4874; x_wconf 89' lang='grc' dir='ltr'>βεϐαίωσις</span> <span class='ocrx_word' id='word_1_330' title='bbox 635 4799 826 4875; x_wconf 86' lang='grc' dir='ltr'>λόγου,</span> <span class='ocrx_word' id='word_1_331' title='bbox 888 4800 1131 4877; x_wconf 89' lang='grc' dir='ltr'>μάρτυρα</span> <span class='ocrx_word' id='word_1_332' title='bbox 1194 4800 1697 4881; x_wconf 89' lang='grc' dir='ltr'>παραλαμϐάνουσα</span> <span class='ocrx_word' id='word_1_333' title='bbox 1746 4808 1838 4863; x_wconf 86' lang='grc' dir='ltr'>τὸν</span> 
     </span>
    </p>
   </div>
   <div class='ocr_carea' id='block_1_49' title="bbox 189 4886 1839 4972">
    <p class='ocr_par' dir='ltr' id='par_1_49' title="bbox 189 4886 1839 4972">
     <span class='ocr_line' id='line_1_49' title="bbox 189 4886 1839 4972; baseline 0.005 -29"><span class='ocrx_word' id='word_1_334' title='bbox 189 4887 320 4943; x_wconf 89' lang='grc' dir='ltr'>Θεὸν</span> <span class='ocrx_word' id='word_1_335' title='bbox 467 4888 558 4943; x_wconf 81' lang='grc' dir='ltr'>καὶ</span> <span class='ocrx_word' id='word_1_336' title='bbox 614 4890 684 4960; x_wconf 76' lang='grc' dir='ltr'>τῇ</span> <span class='ocrx_word' id='word_1_337' title='bbox 734 4886 943 4960; x_wconf 83' lang='grc' dir='ltr'>παλαιᾷ</span> <span class='ocrx_word' id='word_1_338' title='bbox 996 4891 1288 4964; x_wconf 83' lang='grc' dir='ltr'>νομοθεσίᾳ</span> <span class='ocrx_word' id='word_1_339' title='bbox 1349 4896 1839 4972; x_wconf 77' lang='grc' dir='ltr'>συγκεχωρημένας</span> 
     </span>
    </p>
   </div>
   <div class='ocr_carea' id='block_1_50' title="bbox 187 4975 1841 5057">
    <p class='ocr_par' dir='ltr' id='par_1_50' title="bbox 187 4975 1841 5057">
     <span class='ocr_line' id='line_1_50' title="bbox 187 4975 1841 5057; baseline 0.006 -27"><span class='ocrx_word' id='word_1_340' title='bbox 187 4978 259 5047; x_wconf 78' lang='grc' dir='ltr'>ῆν</span> <span class='ocrx_word' id='word_1_341' title='bbox 292 4975 321 5030; x_wconf 90' lang='lat'>6</span> <span class='ocrx_word' id='word_1_342' title='bbox 345 4977 482 5031; x_wconf 85' lang='grc' dir='ltr'>κατά</span> <span class='ocrx_word' id='word_1_343' title='bbox 535 4981 667 5038; x_wconf 82' lang='grc' dir='ltr'>Θεοῦ</span> <span class='ocrx_word' id='word_1_344' title='bbox 722 4977 1011 5054; x_wconf 90' lang='grc' dir='ltr'>γινόμενος</span> <span class='ocrx_word' id='word_1_345' title='bbox 1057 4977 1271 5051; x_wconf 75' lang='grc' dir='ltr'>ἀληθὴς</span> <span class='ocrx_word' id='word_1_346' title='bbox 1303 4979 1486 5057; x_wconf 77' lang='grc' dir='ltr'>ὅρκος·</span> <span class='ocrx_word' id='word_1_347' title='bbox 1516 4981 1609 5038; x_wconf 73' lang='grc' dir='ltr'>’ίνα</span> <span class='ocrx_word' id='word_1_348' title='bbox 1640 4986 1716 5057; x_wconf 81' lang='grc' dir='ltr'>μὴ</span> <span class='ocrx_word' id='word_1_349' title='bbox 1747 5006 1841 5040; x_wconf 90' lang='grc' dir='ltr'>κα-</span> 
     </span>
    </p>
   </div>
   <div class='ocr_carea' id='block_1_51' title="bbox 188 5063 1844 5145">
    <p class='ocr_par' dir='ltr' id='par_1_51' title="bbox 188 5063 1844 5145">
     <span class='ocr_line' id='line_1_51' title="bbox 188 5063 1844 5145; baseline 0.006 -26"><span class='ocrx_word' id='word_1_350' title='bbox 188 5065 261 5119; x_wconf 71' lang='grc' dir='ltr'>τὰ</span> <span class='ocrx_word' id='word_1_351' title='bbox 313 5068 420 5118; x_wconf 88' lang='grc' dir='ltr'>τῶν</span> <span class='ocrx_word' id='word_1_352' title='bbox 479 5063 726 5121; x_wconf 76' lang='grc' dir='ltr'>εἰδώλων</span> <span class='ocrx_word' id='word_1_353' title='bbox 788 5064 1080 5140; x_wconf 87' lang='grc' dir='ltr'>ὀμνύοντες</span> <span class='ocrx_word' id='word_1_354' title='bbox 1146 5067 1605 5145; x_wconf 87' lang='grc' dir='ltr'>συλαγωγηθεῖεν.</span> <span class='ocrx_word' id='word_1_355' title='bbox 1664 5074 1726 5130; x_wconf 89' lang='grc' dir='ltr'>Ὁ</span> <span class='ocrx_word' id='word_1_356' title='bbox 1785 5071 1844 5129; x_wconf 75' lang='grc' dir='ltr'>δὲ</span> 
     </span>
    </p>
   </div>
   <div class='ocr_carea' id='block_1_52' title="bbox 190 5152 1842 5234">
    <p class='ocr_par' dir='ltr' id='par_1_52' title="bbox 190 5152 1842 5234">
     <span class='ocr_line' id='line_1_52' title="bbox 190 5152 1842 5234; baseline 0.006 -26"><span class='ocrx_word' id='word_1_357' title='bbox 190 5155 293 5208; x_wconf 88' lang='grc' dir='ltr'>τοῦ</span> <span class='ocrx_word' id='word_1_358' title='bbox 321 5152 658 5229; x_wconf 78' lang='grc' dir='ltr'>Εὐαγγελίου</span> <span class='ocrx_word' id='word_1_359' title='bbox 685 5154 877 5228; x_wconf 90' lang='grc' dir='ltr'>νόμος,</span> <span class='ocrx_word' id='word_1_360' title='bbox 908 5161 1027 5219; x_wconf 90' lang='grc' dir='ltr'>τοῖς</span> <span class='ocrx_word' id='word_1_361' title='bbox 1079 5154 1434 5234; x_wconf 78' lang='grc' dir='ltr'>τελειοτέροις</span> <span class='ocrx_word' id='word_1_362' title='bbox 1481 5161 1549 5215; x_wconf 79' lang='grc' dir='ltr'>τὰ</span> <span class='ocrx_word' id='word_1_363' title='bbox 1575 5159 1842 5218; x_wconf 87' lang='grc' dir='ltr'>τελειότε-</span> 
     </span>
    </p>
   </div>
   <div class='ocr_carea' id='block_1_53' title="bbox 194 5241 1843 5323">
    <p class='ocr_par' dir='ltr' id='par_1_53' title="bbox 194 5241 1843 5323">
     <span class='ocr_line' id='line_1_53' title="bbox 194 5241 1843 5323; baseline 0.007 -28"><span class='ocrx_word' id='word_1_364' title='bbox 194 5262 265 5318; x_wconf 92' lang='grc' dir='ltr'>ρα</span> <span class='ocrx_word' id='word_1_365' title='bbox 320 5243 651 5315; x_wconf 81' lang='grc' dir='ltr'>νομοθετῶν,</span> <span class='ocrx_word' id='word_1_366' title='bbox 682 5243 985 5299; x_wconf 89' lang='grc' dir='ltr'>παντάπασι</span> <span class='ocrx_word' id='word_1_367' title='bbox 1038 5245 1131 5299; x_wconf 91' lang='grc' dir='ltr'>τὸν</span> <span class='ocrx_word' id='word_1_368' title='bbox 1190 5241 1350 5322; x_wconf 76' lang='grc' dir='ltr'>ὅρκον</span> <span class='ocrx_word' id='word_1_369' title='bbox 1402 5246 1664 5323; x_wconf 83' lang='grc' dir='ltr'>ἐξέκοψεν.</span> <span class='ocrx_word' id='word_1_370' title='bbox 1721 5251 1843 5307; x_wconf 77' lang='grc' dir='ltr'>Εἰσὶ</span> 
     </span>
    </p>
   </div>
   <div class='ocr_carea' id='block_1_54' title="bbox 193 5328 1844 5416">
    <p class='ocr_par' dir='ltr' id='par_1_54' title="bbox 193 5328 1844 5416">
     <span class='ocr_line' id='line_1_54' title="bbox 193 5328 1844 5416; baseline 0.007 -32"><span class='ocrx_word' id='word_1_371' title='bbox 193 5328 254 5385; x_wconf 80' lang='grc' dir='ltr'>δέ</span> <span class='ocrx_word' id='word_1_372' title='bbox 281 5351 418 5416; x_wconf 74' lang='grc' dir='ltr'>τινες</span> <span class='ocrx_word' id='word_1_373' title='bbox 451 5329 605 5407; x_wconf 89' lang='grc' dir='ltr'>λόγοι</span> <span class='ocrx_word' id='word_1_374' title='bbox 636 5335 897 5409; x_wconf 86' lang='grc' dir='ltr'>σχήματα</span> <span class='ocrx_word' id='word_1_375' title='bbox 929 5334 1023 5407; x_wconf 77' lang='grc' dir='ltr'>μὲν</span> <span class='ocrx_word' id='word_1_376' title='bbox 1057 5332 1232 5410; x_wconf 78' lang='grc' dir='ltr'>ὅρκων</span> <span class='ocrx_word' id='word_1_377' title='bbox 1264 5331 1509 5411; x_wconf 83' lang='grc' dir='ltr'>ἔχοντες,</span> <span class='ocrx_word' id='word_1_378' title='bbox 1540 5336 1649 5414; x_wconf 85' lang='grc' dir='ltr'>οὐχ</span> <span class='ocrx_word' id='word_1_379' title='bbox 1690 5337 1844 5416; x_wconf 79' lang='grc' dir='ltr'>ὅρκοι</span> 
     </span>
    </p>
   </div>
   <div class='ocr_carea' id='block_1_55' title="bbox 192 5414 1843 5498">
    <p class='ocr_par' dir='ltr' id='par_1_55' title="bbox 192 5414 1843 5498">
     <span class='ocr_line' id='line_1_55' title="bbox 192 5414 1843 5498; baseline 0.005 -23"><span class='ocrx_word' id='word_1_380' title='bbox 192 5417 252 5475; x_wconf 75' lang='grc' dir='ltr'>δὲ</span> <span class='ocrx_word' id='word_1_381' title='bbox 309 5414 479 5493; x_wconf 69' lang='grc' dir='ltr'>ὄντες,</span> <span class='ocrx_word' id='word_1_382' title='bbox 511 5418 658 5476; x_wconf 80' lang='grc' dir='ltr'>ἀλλὰ</span> <span class='ocrx_word' id='word_1_383' title='bbox 715 5421 969 5498; x_wconf 89' lang='grc' dir='ltr'>θεραπεία</span> <span class='ocrx_word' id='word_1_384' title='bbox 1033 5423 1172 5498; x_wconf 89' lang='grc' dir='ltr'>πρὸς</span> <span class='ocrx_word' id='word_1_385' title='bbox 1225 5424 1353 5488; x_wconf 73' lang='grc' dir='ltr'>τοὺς</span> <span class='ocrx_word' id='word_1_386' title='bbox 1404 5414 1733 5489; x_wconf 53' lang='grc' dir='ltr'>ἀκούοντας·</span> <span class='ocrx_word' id='word_1_387' title='bbox 1774 5430 1843 5498; x_wconf 76' lang='grc' dir='ltr'>νὴ</span> 
     </span>
    </p>
   </div>
   <div class='ocr_carea' id='block_1_56' title="bbox 187 5507 1846 5591">
    <p class='ocr_par' dir='ltr' id='par_1_56' title="bbox 187 5507 1846 5591">
     <span class='ocr_line' id='line_1_56' title="bbox 187 5507 1846 5591; baseline 0.007 -31"><span class='ocrx_word' id='word_1_388' title='bbox 187 5509 292 5577; x_wconf 78' lang='grc' dir='ltr'>τὴν</span> <span class='ocrx_word' id='word_1_389' title='bbox 322 5507 554 5583; x_wconf 70' lang='grc' dir='ltr'>εὑγίειαν</span> <span class='ocrx_word' id='word_1_390' title='bbox 613 5514 814 5585; x_wconf 82' lang='grc' dir='ltr'>Φαραῶ</span> <span class='ocrx_word' id='word_1_391' title='bbox 869 5511 1053 5589; x_wconf 88' lang='grc' dir='ltr'>φησίν·</span> <span class='ocrx_word' id='word_1_392' title='bbox 1107 5511 1196 5567; x_wconf 85' lang='grc' dir='ltr'>καὶ</span> <span class='ocrx_word' id='word_1_393' title='bbox 1253 5513 1389 5589; x_wconf 89' lang='grc' dir='ltr'>πρὸς</span> <span class='ocrx_word' id='word_1_394' title='bbox 1449 5516 1766 5591; x_wconf 87' lang='grc' dir='ltr'>Κορινθίους</span> <span class='ocrx_word' id='word_1_395' title='bbox 1817 5518 1846 5573; x_wconf 91' lang='lat'>6</span> 
     </span>
    </p>
   </div>
   <div class='ocr_carea' id='block_1_57' title="bbox 1400 472 2369 538">
    <p class='ocr_par' dir='ltr' id='par_1_57' title="bbox 1400 472 2369 538">
     <span class='ocr_line' id='line_1_57' title="bbox 1400 472 2369 538; baseline 0.001 -4"><span class='ocrx_word' id='word_1_396' title='bbox 1400 472 1814 536; x_wconf 82' lang='lat' dir='ltr'>EXPOSITIO</span> <span class='ocrx_word' id='word_1_397' title='bbox 1858 476 1934 535; x_wconf 77' lang='lat' dir='ltr'>IN</span> <span class='ocrx_word' id='word_1_398' title='bbox 1985 473 2123 536; x_wconf 80' lang='lat' dir='ltr'>PSA</span> <span class='ocrx_word' id='word_1_399' title='bbox 2138 476 2242 537; x_wconf 87' lang='lat' dir='ltr'>LM</span> <span class='ocrx_word' id='word_1_400' title='bbox 2253 478 2369 538; x_wconf 90' lang='lat' dir='ltr'>OS.</span> 
     </span>
    </p>
   </div>
   <div class='ocr_carea' id='block_1_58' title="bbox 3439 474 3591 537">
    <p class='ocr_par' dir='ltr' id='par_1_58' title="bbox 3439 474 3591 537">
     <span class='ocr_line' id='line_1_58' title="bbox 3439 474 3591 537; baseline 0.013 -4"><span class='ocrx_word' id='word_1_401' title='bbox 3439 477 3459 533; x_wconf 81' lang='grc'>1</span> <span class='ocrx_word' id='word_1_402' title='bbox 3473 474 3591 537; x_wconf 83' lang='grc'>386</span> 
     </span>
    </p>
   </div>
   <div class='ocr_carea' id='block_1_59' title="bbox 355 601 3599 683">
    <p class='ocr_par' dir='ltr' id='par_1_59' title="bbox 355 601 3599 683">
     <span class='ocr_line' id='line_1_59' title="bbox 355 601 3599 683; baseline 0 -25"><span class='ocrx_word' id='word_1_403' title='bbox 355 602 627 680; x_wconf 86' lang='grc' dir='ltr'>ἐνάρετον,</span> <span class='ocrx_word' id='word_1_404' title='bbox 696 603 917 674; x_wconf 88' lang='grc' dir='ltr'>ἐκεῖνος,</span> <span class='ocrx_word' id='word_1_405' title='bbox 995 601 1177 681; x_wconf 87' lang='grc' dir='ltr'>φησὶν,</span> <span class='ocrx_word' id='word_1_406' title='bbox 1254 603 1315 665; x_wconf 80' lang='grc' dir='ltr'>ὃς</span> <span class='ocrx_word' id='word_1_407' title='bbox 1392 601 1451 657; x_wconf 80' lang='grc' dir='ltr'>ἂν</span> <span class='ocrx_word' id='word_1_408' title='bbox 1535 603 1832 678; x_wconf 87' lang='grc' dir='ltr'>πορεύηται</span> <span class='ocrx_word' id='word_1_409' title='bbox 1861 610 1916 676; x_wconf 85' lang='grc' dir='ltr'><strong>Α</strong></span> <span class='ocrx_word' id='word_1_410' title='bbox 1946 604 2035 659; x_wconf 86' lang='grc' dir='ltr'>καὶ</span> <span class='ocrx_word' id='word_1_411' title='bbox 2065 604 2254 660; x_wconf 87' lang='grc' dir='ltr'>πάλιν·</span> <span class='ocrx_word' id='word_1_412' title='bbox 2289 631 2316 658; x_wconf 89' lang='grc'>‹‹</span> <span class='ocrx_word' id='word_1_413' title='bbox 2350 608 2607 683; x_wconf 83' lang='grc' dir='ltr'>Μάρτυρα</span> <span class='ocrx_word' id='word_1_414' title='bbox 2631 604 2723 660; x_wconf 87' lang='grc' dir='ltr'>τὸν</span> <span class='ocrx_word' id='word_1_415' title='bbox 2756 604 2883 660; x_wconf 85' lang='grc' dir='ltr'>Θεὸν</span> <span class='ocrx_word' id='word_1_416' title='bbox 2917 601 3305 677; x_wconf 83' lang='grc' dir='ltr'>ἐπικαλοῦμαι,</span> <span class='ocrx_word' id='word_1_417' title='bbox 3340 626 3371 655; x_wconf 82' lang='grc'><strong>››</strong></span> <span class='ocrx_word' id='word_1_418' title='bbox 3401 601 3492 658; x_wconf 80' lang='grc' dir='ltr'>καί</span> <span class='ocrx_word' id='word_1_419' title='bbox 3531 603 3599 659; x_wconf 78' lang='grc' dir='ltr'>τὰ</span> 
     </span>
    </p>
   </div>
   <div class='ocr_carea' id='block_1_60' title="bbox 1943 713 2189 752">
    <p class='ocr_par' dir='ltr' id='par_1_60' title="bbox 1943 713 2189 752">
     <span class='ocr_line' id='line_1_60' title="bbox 1943 713 2189 752; baseline 0.016 -5"><span class='ocrx_word' id='word_1_420' title='bbox 1943 713 2189 752; x_wconf 83' lang='grc' dir='ltr'>τοιαυτα.</span> 
     </span>
    </p>
   </div>
   <div class='ocr_carea' id='block_1_61' title="bbox 2018 776 3596 860">
    <p class='ocr_par' dir='ltr' id='par_1_61' title="bbox 2018 776 3596 860">
     <span class='ocr_line' id='line_1_61' title="bbox 2018 776 3596 860; baseline -0.003 -22"><span class='ocrx_word' id='word_1_421' title='bbox 2018 806 2045 833; x_wconf 74' lang='grc' dir='ltr'>ι(</span> <span class='ocrx_word' id='word_1_422' title='bbox 2078 783 2155 839; x_wconf 89' lang='grc' dir='ltr'>Τὸ</span> <span class='ocrx_word' id='word_1_423' title='bbox 2209 782 2464 860; x_wconf 84' lang='grc' dir='ltr'>ἀργύριον</span> <span class='ocrx_word' id='word_1_424' title='bbox 2524 781 2688 837; x_wconf 79' lang='grc' dir='ltr'>αὐτοῦ</span> <span class='ocrx_word' id='word_1_425' title='bbox 2752 779 2853 836; x_wconf 73' lang='grc' dir='ltr'>οὐκ</span> <span class='ocrx_word' id='word_1_426' title='bbox 2902 776 3101 836; x_wconf 78' lang='grc' dir='ltr'>ἔδωκεν</span> <span class='ocrx_word' id='word_1_427' title='bbox 3168 778 3258 835; x_wconf 86' lang='grc' dir='ltr'>ἐπὶ</span> <span class='ocrx_word' id='word_1_428' title='bbox 3323 778 3488 853; x_wconf 84' lang='grc' dir='ltr'>τόκῳ.</span> <span class='ocrx_word' id='word_1_429' title='bbox 3564 803 3596 833; x_wconf 84' lang='grc'><strong>››</strong></span> 
     </span>
    </p>
   </div>
   <div class='ocr_carea' id='block_1_62' title="bbox 1945 867 3594 948">
    <p class='ocr_par' dir='ltr' id='par_1_62' title="bbox 1945 867 3594 948">
     <span class='ocr_line' id='line_1_62' title="bbox 1945 867 3594 948; baseline -0.001 -23"><span class='ocrx_word' id='word_1_430' title='bbox 1945 904 2012 914; x_wconf 92' lang='lat'><em>—</em></span> <span class='ocrx_word' id='word_1_431' title='bbox 2040 875 2164 933; x_wconf 87' lang='grc' dir='ltr'>Τοῖς</span> <span class='ocrx_word' id='word_1_432' title='bbox 2193 871 2445 948; x_wconf 86' lang='grc' dir='ltr'>ἀρχαίοις</span> <span class='ocrx_word' id='word_1_433' title='bbox 2502 870 2624 927; x_wconf 85' lang='grc' dir='ltr'>λίαν</span> <span class='ocrx_word' id='word_1_434' title='bbox 2673 867 3038 926; x_wconf 86' lang='grc' dir='ltr'>ἐπονείδιστον</span> <span class='ocrx_word' id='word_1_435' title='bbox 3070 869 3138 939; x_wconf 78' lang='grc' dir='ltr'>ἦν</span> <span class='ocrx_word' id='word_1_436' title='bbox 3166 871 3201 939; x_wconf 80' lang='grc' dir='ltr'><strong>ἡ</strong></span> <span class='ocrx_word' id='word_1_437' title='bbox 3233 867 3594 947; x_wconf 87' lang='grc' dir='ltr'>τοκογλυφία,</span> 
     </span>
    </p>
   </div>
   <div class='ocr_carea' id='block_1_63' title="bbox 1942 955 3593 1036">
    <p class='ocr_par' dir='ltr' id='par_1_63' title="bbox 1942 955 3593 1036">
     <span class='ocr_line' id='line_1_63' title="bbox 1942 955 3593 1036; baseline 0 -22"><span class='ocrx_word' id='word_1_438' title='bbox 1942 958 2033 1014; x_wconf 79' lang='grc' dir='ltr'>καὶ</span> <span class='ocrx_word' id='word_1_439' title='bbox 2084 960 2309 1036; x_wconf 83' lang='grc' dir='ltr'>αἰσχρὸν</span> <span class='ocrx_word' id='word_1_440' title='bbox 2378 959 2469 1016; x_wconf 85' lang='grc' dir='ltr'>καὶ</span> <span class='ocrx_word' id='word_1_441' title='bbox 2518 958 2911 1015; x_wconf 88' lang='grc' dir='ltr'>κατάπτυστον·</span> <span class='ocrx_word' id='word_1_442' title='bbox 2973 958 3002 1013; x_wconf 88' lang='lat'>6</span> <span class='ocrx_word' id='word_1_443' title='bbox 3057 957 3162 1034; x_wconf 79' lang='grc' dir='ltr'>γὰρ</span> <span class='ocrx_word' id='word_1_444' title='bbox 3227 955 3480 1032; x_wconf 80' lang='grc' dir='ltr'>ἐλεήμων</span> <span class='ocrx_word' id='word_1_445' title='bbox 3538 956 3593 1014; x_wconf 85' lang='grc' dir='ltr'>ἐν</span> 
     </span>
    </p>
   </div>
   <div class='ocr_carea' id='block_1_64' title="bbox 1943 1040 3592 1123">
    <p class='ocr_par' dir='ltr' id='par_1_64' title="bbox 1943 1040 3592 1123">
     <span class='ocr_line' id='line_1_64' title="bbox 1943 1040 3592 1123; baseline -0.001 -20"><span class='ocrx_word' id='word_1_446' title='bbox 1943 1052 2117 1123; x_wconf 88' lang='grc' dir='ltr'>καιρῷ</span> <span class='ocrx_word' id='word_1_447' title='bbox 2172 1045 2426 1118; x_wconf 88' lang='grc' dir='ltr'>δανείζων</span> <span class='ocrx_word' id='word_1_448' title='bbox 2486 1048 2763 1123; x_wconf 88' lang='grc' dir='ltr'>ἀγαπητὸν</span> <span class='ocrx_word' id='word_1_449' title='bbox 2817 1049 3035 1123; x_wconf 83' lang='grc' dir='ltr'>ἡγεῖται</span> <span class='ocrx_word' id='word_1_450' title='bbox 3096 1045 3261 1119; x_wconf 89' lang='grc' dir='ltr'>μόνον</span> <span class='ocrx_word' id='word_1_451' title='bbox 3294 1040 3592 1103; x_wconf 88' lang='grc' dir='ltr'>ἀπολαϐεῖν</span> 
     </span>
    </p>
   </div>
   <div class='ocr_carea' id='block_1_65' title="bbox 1942 1133 3594 1213">
    <p class='ocr_par' dir='ltr' id='par_1_65' title="bbox 1942 1133 3594 1213">
     <span class='ocr_line' id='line_1_65' title="bbox 1942 1133 3594 1213; baseline -0.001 -21"><span class='ocrx_word' id='word_1_452' title='bbox 1942 1137 1973 1192; x_wconf 89' lang='grc' dir='ltr'>’ὀ</span> <span class='ocrx_word' id='word_1_453' title='bbox 2003 1133 2223 1195; x_wconf 84' lang='grc' dir='ltr'>δέδωκε.</span> <span class='ocrx_word' id='word_1_454' title='bbox 2278 1142 2476 1193; x_wconf 87' lang='grc' dir='ltr'>Νοοῖτο</span> <span class='ocrx_word' id='word_1_455' title='bbox 2508 1134 2555 1192; x_wconf 83' lang='grc' dir='ltr'>δ’</span> <span class='ocrx_word' id='word_1_456' title='bbox 2584 1136 2644 1191; x_wconf 82' lang='grc' dir='ltr'>ἂν</span> <span class='ocrx_word' id='word_1_457' title='bbox 2693 1136 2783 1191; x_wconf 83' lang='grc' dir='ltr'>καὶ</span> <span class='ocrx_word' id='word_1_458' title='bbox 2839 1134 3037 1205; x_wconf 74' lang='grc' dir='ltr'>οὕτως,</span> <span class='ocrx_word' id='word_1_459' title='bbox 3069 1133 3152 1190; x_wconf 83' lang='grc' dir='ltr'>ὅτι</span> <span class='ocrx_word' id='word_1_460' title='bbox 3198 1135 3291 1191; x_wconf 91' lang='grc' dir='ltr'>τὸν</span> <span class='ocrx_word' id='word_1_461' title='bbox 3336 1135 3462 1213; x_wconf 90' lang='grc' dir='ltr'>περὶ</span> <span class='ocrx_word' id='word_1_462' title='bbox 3505 1134 3594 1191; x_wconf 80' lang='grc' dir='ltr'>εὗ-</span> 
     </span>
    </p>
   </div>
   <div class='ocr_carea' id='block_1_66' title="bbox 1944 1220 3596 1302">
    <p class='ocr_par' dir='ltr' id='par_1_66' title="bbox 1944 1220 3596 1302">
     <span class='ocr_line' id='line_1_66' title="bbox 1944 1220 3596 1302; baseline -0.001 -22"><span class='ocrx_word' id='word_1_463' title='bbox 1944 1220 2164 1287; x_wconf 84' lang='grc' dir='ltr'>λαϐείας</span> <span class='ocrx_word' id='word_1_464' title='bbox 2197 1224 2367 1301; x_wconf 89' lang='grc' dir='ltr'>λόγον</span> <span class='ocrx_word' id='word_1_465' title='bbox 2398 1226 2458 1288; x_wconf 80' lang='grc' dir='ltr'>ὃς</span> <span class='ocrx_word' id='word_1_466' title='bbox 2502 1224 2641 1281; x_wconf 89' lang='grc' dir='ltr'>ἐστιν</span> <span class='ocrx_word' id='word_1_467' title='bbox 2692 1222 2947 1302; x_wconf 77' lang='grc' dir='ltr'>ἀργύριον</span> <span class='ocrx_word' id='word_1_468' title='bbox 2994 1223 3390 1300; x_wconf 78' lang='grc' dir='ltr'>πεπυρωμένον</span> <span class='ocrx_word' id='word_1_469' title='bbox 3442 1220 3596 1280; x_wconf 74' lang='grc' dir='ltr'>δοκίο</span> 
     </span>
    </p>
   </div>
   <div class='ocr_carea' id='block_1_67' title="bbox 1945 1308 3594 1391">
    <p class='ocr_par' dir='ltr' id='par_1_67' title="bbox 1945 1308 3594 1391">
     <span class='ocr_line' id='line_1_67' title="bbox 1945 1308 3594 1391; baseline 0 -24"><span class='ocrx_word' id='word_1_470' title='bbox 1945 1334 2067 1385; x_wconf 90' lang='grc' dir='ltr'>μιον</span> <span class='ocrx_word' id='word_1_471' title='bbox 2119 1317 2190 1388; x_wconf 79' lang='grc' dir='ltr'>τῇ</span> <span class='ocrx_word' id='word_1_472' title='bbox 2243 1318 2341 1391; x_wconf 74' lang='grc' dir='ltr'>γῇ,</span> <span class='ocrx_word' id='word_1_473' title='bbox 2368 1313 2435 1369; x_wconf 83' lang='grc' dir='ltr'>ού</span> <span class='ocrx_word' id='word_1_474' title='bbox 2491 1308 2860 1369; x_wconf 87' lang='grc' dir='ltr'>κατεϐάλλετο</span> <span class='ocrx_word' id='word_1_475' title='bbox 2890 1314 3053 1389; x_wconf 86' lang='grc' dir='ltr'>χάριν</span> <span class='ocrx_word' id='word_1_476' title='bbox 3107 1315 3207 1367; x_wconf 89' lang='grc' dir='ltr'>τοῦ</span> <span class='ocrx_word' id='word_1_477' title='bbox 3260 1308 3594 1386; x_wconf 84' lang='grc' dir='ltr'>κομίσασθαί</span> 
     </span>
    </p>
   </div>
   <div class='ocr_carea' id='block_1_68' title="bbox 1936 1399 3591 1481">
    <p class='ocr_par' dir='ltr' id='par_1_68' title="bbox 1936 1399 3591 1481">
     <span class='ocr_line' id='line_1_68' title="bbox 1936 1399 3591 1481; baseline 0.001 -24"><span class='ocrx_word' id='word_1_478' title='bbox 1936 1423 1990 1457; x_wconf 93' lang='grc' dir='ltr'>τι</span> <span class='ocrx_word' id='word_1_479' title='bbox 2024 1403 2332 1475; x_wconf 86' lang='grc' dir='ltr'>σωματικὸν</span> <span class='ocrx_word' id='word_1_480' title='bbox 2366 1403 2584 1481; x_wconf 88' lang='grc' dir='ltr'>ἀγαθὸν,</span> <span class='ocrx_word' id='word_1_481' title='bbox 2617 1399 2766 1459; x_wconf 81' lang='grc' dir='ltr'>ἀλλὰ</span> <span class='ocrx_word' id='word_1_482' title='bbox 2810 1405 3015 1477; x_wconf 87' lang='grc' dir='ltr'>προῖκα</span> <span class='ocrx_word' id='word_1_483' title='bbox 3048 1400 3139 1456; x_wconf 87' lang='grc' dir='ltr'>καὶ</span> <span class='ocrx_word' id='word_1_484' title='bbox 3184 1400 3411 1475; x_wconf 85' lang='grc' dir='ltr'>ἀμαθεῖς</span> <span class='ocrx_word' id='word_1_485' title='bbox 3457 1401 3591 1458; x_wconf 84' lang='grc' dir='ltr'>πάν-</span> 
     </span>
    </p>
   </div>
   <div class='ocr_carea' id='block_1_69' title="bbox 1936 1488 2320 1562">
    <p class='ocr_par' dir='ltr' id='par_1_69' title="bbox 1936 1488 2320 1562">
     <span class='ocr_line' id='line_1_69' title="bbox 1936 1488 2320 1562; baseline 0.008 -17"><span class='ocrx_word' id='word_1_486' title='bbox 1936 1511 2034 1553; x_wconf 87' lang='grc' dir='ltr'>τας</span> <span class='ocrx_word' id='word_1_487' title='bbox 2066 1488 2320 1562; x_wconf 79' lang='grc' dir='ltr'>ἐδίδαξεν.</span> 
     </span>
    </p>
   </div>
   <div class='ocr_carea' id='block_1_70' title="bbox 2014 1573 3588 1657">
    <p class='ocr_par' dir='ltr' id='par_1_70' title="bbox 2014 1573 3588 1657">
     <span class='ocr_line' id='line_1_70' title="bbox 2014 1573 3588 1657; baseline 0.003 -26"><span class='ocrx_word' id='word_1_488' title='bbox 2014 1602 2043 1631; x_wconf 90' lang='grc'>‹‹</span> <span class='ocrx_word' id='word_1_489' title='bbox 2070 1578 2171 1634; x_wconf 84' lang='grc' dir='ltr'>Καὶ</span> <span class='ocrx_word' id='word_1_490' title='bbox 2220 1576 2369 1657; x_wconf 86' lang='grc' dir='ltr'>δῶρα</span> <span class='ocrx_word' id='word_1_491' title='bbox 2419 1578 2502 1635; x_wconf 78' lang='grc' dir='ltr'>ἐπ’</span> <span class='ocrx_word' id='word_1_492' title='bbox 2550 1579 2753 1643; x_wconf 86' lang='grc' dir='ltr'>ἀθώοις</span> <span class='ocrx_word' id='word_1_493' title='bbox 2800 1578 2903 1635; x_wconf 77' lang='grc' dir='ltr'>οὐκ</span> <span class='ocrx_word' id='word_1_494' title='bbox 2946 1573 3162 1636; x_wconf 79' lang='grc' dir='ltr'>ἔλαϐεν.</span> <span class='ocrx_word' id='word_1_495' title='bbox 3195 1601 3227 1632; x_wconf 76' lang='lat' dir='ltr'><strong>n</strong></span> <span class='ocrx_word' id='word_1_496' title='bbox 3255 1610 3328 1622; x_wconf 94' lang='lat'><strong><em>—</em></strong></span> <span class='ocrx_word' id='word_1_497' title='bbox 3373 1578 3588 1636; x_wconf 85' lang='grc' dir='ltr'>Ἕνεκεν</span> 
     </span>
    </p>
   </div>
   <div class='ocr_carea' id='block_1_71' title="bbox 1939 1666 3042 1744">
    <p class='ocr_par' dir='ltr' id='par_1_71' title="bbox 1939 1666 3042 1744">
     <span class='ocr_line' id='line_1_71' title="bbox 1939 1666 3042 1744; baseline 0.004 -22"><span class='ocrx_word' id='word_1_498' title='bbox 1939 1667 2154 1740; x_wconf 88' lang='grc' dir='ltr'>ἀθώων,</span> <span class='ocrx_word' id='word_1_499' title='bbox 2190 1667 2328 1724; x_wconf 84' lang='grc' dir='ltr'>ὥστε</span> <span class='ocrx_word' id='word_1_500' title='bbox 2357 1666 2561 1744; x_wconf 80' lang='grc' dir='ltr'>βλάψαι</span> <span class='ocrx_word' id='word_1_501' title='bbox 2588 1667 2719 1732; x_wconf 82' lang='grc' dir='ltr'>τοὺς</span> <span class='ocrx_word' id='word_1_502' title='bbox 2745 1667 3042 1731; x_wconf 87' lang='grc' dir='ltr'>ἀναιτίους.</span> 
     </span>
    </p>
   </div>
   <div class='ocr_carea' id='block_1_72' title="bbox 2011 1753 3591 1828">
    <p class='ocr_par' dir='ltr' id='par_1_72' title="bbox 2011 1753 3591 1828">
     <span class='ocr_line' id='line_1_72' title="bbox 2011 1753 3591 1828; baseline 0.001 -19"><span class='ocrx_word' id='word_1_503' title='bbox 2011 1781 2039 1810; x_wconf 86' lang='grc'>‹‹</span> <span class='ocrx_word' id='word_1_504' title='bbox 2070 1762 2125 1811; x_wconf 89' lang='grc' dir='ltr'>Ὁ</span> <span class='ocrx_word' id='word_1_505' title='bbox 2153 1762 2324 1813; x_wconf 90' lang='grc' dir='ltr'>ποιῶν</span> <span class='ocrx_word' id='word_1_506' title='bbox 2354 1762 2523 1813; x_wconf 91' lang='grc' dir='ltr'>ταῦτα</span> <span class='ocrx_word' id='word_1_507' title='bbox 2551 1756 2613 1813; x_wconf 79' lang='grc' dir='ltr'>οὗ</span> <span class='ocrx_word' id='word_1_508' title='bbox 2644 1754 3034 1828; x_wconf 85' lang='grc' dir='ltr'>σαλευθήσεται</span> <span class='ocrx_word' id='word_1_509' title='bbox 3063 1755 3142 1819; x_wconf 75' lang='grc' dir='ltr'>εἷς</span> <span class='ocrx_word' id='word_1_510' title='bbox 3186 1755 3281 1812; x_wconf 89' lang='grc' dir='ltr'>τὸν</span> <span class='ocrx_word' id='word_1_511' title='bbox 3332 1753 3523 1815; x_wconf 78' lang='grc' dir='ltr'>αἰῶνα.</span> <span class='ocrx_word' id='word_1_512' title='bbox 3558 1778 3591 1810; x_wconf 76' lang='grc'>››</span> 
     </span>
    </p>
   </div>
   <div class='ocr_carea' id='block_1_73' title="bbox 1941 1842 3590 1923">
    <p class='ocr_par' dir='ltr' id='par_1_73' title="bbox 1941 1842 3590 1923">
     <span class='ocr_line' id='line_1_73' title="bbox 1941 1842 3590 1923; baseline -0.001 -21"><span class='ocrx_word' id='word_1_513' title='bbox 1941 1879 2007 1889; x_wconf 92' lang='grc'><strong><em>-</em></strong></span> <span class='ocrx_word' id='word_1_514' title='bbox 2064 1848 2526 1923; x_wconf 83' lang='grc' dir='ltr'>Διαζωγραφήσας</span> <span class='ocrx_word' id='word_1_515' title='bbox 2582 1846 2673 1902; x_wconf 87' lang='grc' dir='ltr'>τὸν</span> <span class='ocrx_word' id='word_1_516' title='bbox 2732 1845 2811 1909; x_wconf 78' lang='grc' dir='ltr'>εἰς</span> <span class='ocrx_word' id='word_1_517' title='bbox 2866 1844 3063 1923; x_wconf 81' lang='grc' dir='ltr'>ἀρετὴν</span> <span class='ocrx_word' id='word_1_518' title='bbox 3121 1842 3352 1917; x_wconf 87' lang='grc' dir='ltr'>τέλειον,</span> <span class='ocrx_word' id='word_1_519' title='bbox 3392 1843 3590 1917; x_wconf 85' lang='grc' dir='ltr'>ἐπέθη-</span> 
     </span>
    </p>
   </div>
   <div class='ocr_carea' id='block_1_74' title="bbox 1937 1932 3587 2013">
    <p class='ocr_par' dir='ltr' id='par_1_74' title="bbox 1937 1932 3587 2013">
     <span class='ocr_line' id='line_1_74' title="bbox 1937 1932 3587 2013; baseline -0.002 -23"><span class='ocrx_word' id='word_1_520' title='bbox 1937 1955 1999 1990; x_wconf 93' lang='grc' dir='ltr'>κε</span> <span class='ocrx_word' id='word_1_521' title='bbox 2050 1939 2132 2008; x_wconf 81' lang='grc' dir='ltr'>τῷ</span> <span class='ocrx_word' id='word_1_522' title='bbox 2189 1934 2345 2010; x_wconf 88' lang='grc' dir='ltr'>λόγῳ</span> <span class='ocrx_word' id='word_1_523' title='bbox 2398 1935 2559 1998; x_wconf 89' lang='grc' dir='ltr'>τέλος</span> <span class='ocrx_word' id='word_1_524' title='bbox 2616 1934 2854 2005; x_wconf 80' lang='grc' dir='ltr'>ἐπάξιον·</span> <span class='ocrx_word' id='word_1_525' title='bbox 2914 1935 2945 1989; x_wconf 91' lang='lat'>6</span> <span class='ocrx_word' id='word_1_526' title='bbox 3004 1937 3175 1989; x_wconf 89' lang='grc' dir='ltr'>ποιῶν</span> <span class='ocrx_word' id='word_1_527' title='bbox 3246 1933 3371 2010; x_wconf 78' lang='grc' dir='ltr'>γὰρ,</span> <span class='ocrx_word' id='word_1_528' title='bbox 3429 1932 3587 2013; x_wconf 78' lang='grc' dir='ltr'>φησὶ,</span> 
     </span>
    </p>
   </div>
   <div class='ocr_carea' id='block_1_75' title="bbox 1936 2017 3589 2101">
    <p class='ocr_par' dir='ltr' id='par_1_75' title="bbox 1936 2017 3589 2101">
     <span class='ocr_line' id='line_1_75' title="bbox 1936 2017 3589 2101; baseline -0.001 -22"><span class='ocrx_word' id='word_1_529' title='bbox 1936 2028 2123 2097; x_wconf 89' lang='grc' dir='ltr'>ταῦτα,</span> <span class='ocrx_word' id='word_1_530' title='bbox 2182 2024 2252 2079; x_wconf 78' lang='grc' dir='ltr'>τὰ</span> <span class='ocrx_word' id='word_1_531' title='bbox 2304 2024 2728 2101; x_wconf 85' lang='grc' dir='ltr'>προειρημμένα</span> <span class='ocrx_word' id='word_1_532' title='bbox 2804 2020 3045 2096; x_wconf 85' lang='grc' dir='ltr'>δηλαδὴ,</span> <span class='ocrx_word' id='word_1_533' title='bbox 3098 2019 3311 2085; x_wconf 87' lang='grc' dir='ltr'>τέλειος</span> <span class='ocrx_word' id='word_1_534' title='bbox 3367 2017 3465 2096; x_wconf 79' lang='grc' dir='ltr'>ὢν,</span> <span class='ocrx_word' id='word_1_535' title='bbox 3524 2020 3589 2078; x_wconf 76' lang='grc' dir='ltr'>οὗ</span> 
     </span>
    </p>
   </div>
   <div class='ocr_carea' id='block_1_76' title="bbox 1936 2106 3587 2189">
    <p class='ocr_par' dir='ltr' id='par_1_76' title="bbox 1936 2106 3587 2189">
     <span class='ocr_line' id='line_1_76' title="bbox 1936 2106 3587 2189; baseline -0.001 -21"><span class='ocrx_word' id='word_1_536' title='bbox 1936 2115 2432 2189; x_wconf 86' lang='grc' dir='ltr'>παρακινηθήσεται</span> <span class='ocrx_word' id='word_1_537' title='bbox 2482 2120 2586 2182; x_wconf 87' lang='grc' dir='ltr'>τῆς</span> <span class='ocrx_word' id='word_1_538' title='bbox 2636 2111 2689 2168; x_wconf 90' lang='grc' dir='ltr'>ἐν</span> <span class='ocrx_word' id='word_1_539' title='bbox 2734 2109 2852 2185; x_wconf 89' lang='grc' dir='ltr'>Θεῷ</span> <span class='ocrx_word' id='word_1_540' title='bbox 2902 2112 3132 2189; x_wconf 87' lang='grc' dir='ltr'>βάσεως.</span> <span class='ocrx_word' id='word_1_541' title='bbox 3156 2110 3229 2166; x_wconf 91' lang='grc' dir='ltr'>Τὸ</span> <span class='ocrx_word' id='word_1_542' title='bbox 3257 2106 3319 2165; x_wconf 72' lang='grc' dir='ltr'>δὲ</span> <span class='ocrx_word' id='word_1_543' title='bbox 3362 2109 3441 2173; x_wconf 79' lang='grc' dir='ltr'>εἰς</span> <span class='ocrx_word' id='word_1_544' title='bbox 3493 2107 3587 2166; x_wconf 73' lang='grc' dir='ltr'>τὸν</span> 
     </span>
    </p>
   </div>
   <div class='ocr_carea' id='block_1_77' title="bbox 1939 2198 3590 2278">
    <p class='ocr_par' dir='ltr' id='par_1_77' title="bbox 1939 2198 3590 2278">
     <span class='ocr_line' id='line_1_77' title="bbox 1939 2198 3590 2278; baseline -0.001 -21"><span class='ocrx_word' id='word_1_545' title='bbox 1939 2201 2107 2257; x_wconf 77' lang='grc' dir='ltr'>αἰῶνα</span> <span class='ocrx_word' id='word_1_546' title='bbox 2147 2201 2263 2257; x_wconf 88' lang='grc' dir='ltr'>ἀντὶ</span> <span class='ocrx_word' id='word_1_547' title='bbox 2308 2206 2407 2258; x_wconf 86' lang='grc' dir='ltr'>τοῦ</span> <span class='ocrx_word' id='word_1_548' title='bbox 2457 2198 2546 2257; x_wconf 84' lang='grc' dir='ltr'>διὰ</span> <span class='ocrx_word' id='word_1_549' title='bbox 2591 2200 2813 2263; x_wconf 88' lang='grc' dir='ltr'>παντός·</span> <span class='ocrx_word' id='word_1_550' title='bbox 2844 2200 2881 2272; x_wconf 75' lang='grc' dir='ltr'><strong>ἢ</strong></span> <span class='ocrx_word' id='word_1_551' title='bbox 2910 2199 3003 2256; x_wconf 82' lang='grc' dir='ltr'>καὶ</span> <span class='ocrx_word' id='word_1_552' title='bbox 3039 2198 3176 2257; x_wconf 86' lang='grc' dir='ltr'>κατά</span> <span class='ocrx_word' id='word_1_553' title='bbox 3213 2199 3307 2255; x_wconf 91' lang='grc' dir='ltr'>τὸν</span> <span class='ocrx_word' id='word_1_554' title='bbox 3351 2198 3590 2278; x_wconf 89' lang='grc' dir='ltr'>παρόντα</span> 
     </span>
    </p>
   </div>
   <div class='ocr_carea' id='block_1_78' title="bbox 1942 2284 3591 2368">
    <p class='ocr_par' dir='ltr' id='par_1_78' title="bbox 1942 2284 3591 2368">
     <span class='ocr_line' id='line_1_78' title="bbox 1942 2284 3591 2368; baseline 0.001 -24"><span class='ocrx_word' id='word_1_555' title='bbox 1942 2289 2081 2367; x_wconf 88' lang='grc' dir='ltr'>βίον.</span> <span class='ocrx_word' id='word_1_556' title='bbox 2115 2290 2180 2346; x_wconf 78' lang='grc' dir='ltr'><strong>Εἰ</strong></span> <span class='ocrx_word' id='word_1_557' title='bbox 2227 2288 2286 2346; x_wconf 75' lang='grc' dir='ltr'>δὲ</span> <span class='ocrx_word' id='word_1_558' title='bbox 2330 2290 2468 2347; x_wconf 86' lang='grc' dir='ltr'>κατὰ</span> <span class='ocrx_word' id='word_1_559' title='bbox 2517 2290 2609 2347; x_wconf 89' lang='grc' dir='ltr'>τὸν</span> <span class='ocrx_word' id='word_1_560' title='bbox 2658 2284 2920 2368; x_wconf 89' lang='grc' dir='ltr'>παρόντα,</span> <span class='ocrx_word' id='word_1_561' title='bbox 2951 2287 3151 2363; x_wconf 85' lang='grc' dir='ltr'>πολλῷ</span> <span class='ocrx_word' id='word_1_562' title='bbox 3199 2285 3414 2364; x_wconf 76' lang='grc' dir='ltr'>μᾶλλον</span> <span class='ocrx_word' id='word_1_563' title='bbox 3452 2288 3591 2345; x_wconf 74' lang='grc' dir='ltr'>κατὰ</span> 
     </span>
    </p>
   </div>
   <div class='ocr_carea' id='block_1_79' title="bbox 1935 2377 2358 2453">
    <p class='ocr_par' dir='ltr' id='par_1_79' title="bbox 1935 2377 2358 2453">
     <span class='ocr_line' id='line_1_79' title="bbox 1935 2377 2358 2453; baseline 0.002 -18"><span class='ocrx_word' id='word_1_564' title='bbox 1935 2379 2028 2435; x_wconf 92' lang='grc' dir='ltr'>τὸν</span> <span class='ocrx_word' id='word_1_565' title='bbox 2062 2377 2358 2453; x_wconf 89' lang='grc' dir='ltr'>μέλλοντα.</span> 
     </span>
    </p>
   </div>
   <div class='ocr_carea' id='block_1_80' title="bbox 2550 2486 2984 2543">
    <p class='ocr_par' dir='ltr' id='par_1_80' title="bbox 2550 2486 2984 2543">
     <span class='ocr_line' id='line_1_80' title="bbox 2550 2486 2984 2543; baseline 0.005 -2"><span class='ocrx_word' id='word_1_566' title='bbox 2550 2488 2844 2543; x_wconf 82' lang='grc' dir='ltr'><strong>ΨΑΛΜΟΣ</strong></span> <span class='ocrx_word' id='word_1_567' title='bbox 2882 2486 2984 2543; x_wconf 88' lang='grc' dir='ltr'>ΙΕ’.</span> 
     </span>
    </p>
   </div>
   <div class='ocr_carea' id='block_1_81' title="bbox 2011 2588 3587 2671">
    <p class='ocr_par' dir='ltr' id='par_1_81' title="bbox 2011 2588 3587 2671">
     <span class='ocr_line' id='line_1_81' title="bbox 2011 2588 3587 2671; baseline 0 -25"><span class='ocrx_word' id='word_1_568' title='bbox 2011 2615 2040 2646; x_wconf 89' lang='grc'>‹‹</span> <span class='ocrx_word' id='word_1_569' title='bbox 2073 2591 2460 2671; x_wconf 87' lang='grc' dir='ltr'>Στηλογραφία</span> <span class='ocrx_word' id='word_1_570' title='bbox 2502 2596 2584 2665; x_wconf 81' lang='grc' dir='ltr'>τῷ</span> <span class='ocrx_word' id='word_1_571' title='bbox 2634 2588 2821 2649; x_wconf 79' lang='grc' dir='ltr'>Δαυΐδ.</span> <span class='ocrx_word' id='word_1_572' title='bbox 2872 2615 2903 2644; x_wconf 86' lang='grc'><strong>››</strong></span> <span class='ocrx_word' id='word_1_573' title='bbox 2940 2623 3012 2635; x_wconf 65' lang='grc' dir='ltr'>-ο</span> <span class='ocrx_word' id='word_1_574' title='bbox 3058 2588 3452 2671; x_wconf 89' lang='grc' dir='ltr'>Στηλογραφία</span> <span class='ocrx_word' id='word_1_575' title='bbox 3494 2589 3587 2647; x_wconf 80' lang='grc' dir='ltr'>καὶ</span> 
     </span>
    </p>
   </div>
   <div class='ocr_carea' id='block_1_82' title="bbox 1939 2675 3590 2755">
    <p class='ocr_par' dir='ltr' id='par_1_82' title="bbox 1939 2675 3590 2755">
     <span class='ocr_line' id='line_1_82' title="bbox 1939 2675 3590 2755; baseline -0.002 -20"><span class='ocrx_word' id='word_1_576' title='bbox 1939 2676 2138 2743; x_wconf 74' lang='grc' dir='ltr'>εἰκόνες</span> <span class='ocrx_word' id='word_1_577' title='bbox 2187 2680 2277 2735; x_wconf 89' lang='grc' dir='ltr'>καὶ</span> <span class='ocrx_word' id='word_1_578' title='bbox 2326 2677 2632 2755; x_wconf 87' lang='grc' dir='ltr'>ἀνδριάντες</span> <span class='ocrx_word' id='word_1_579' title='bbox 2674 2682 2793 2741; x_wconf 87' lang='grc' dir='ltr'>τοῖς</span> <span class='ocrx_word' id='word_1_580' title='bbox 2870 2676 3239 2755; x_wconf 83' lang='grc' dir='ltr'>ἀριστεύσασιν</span> <span class='ocrx_word' id='word_1_581' title='bbox 3298 2677 3376 2740; x_wconf 79' lang='grc' dir='ltr'>εἷς</span> <span class='ocrx_word' id='word_1_582' title='bbox 3439 2675 3590 2748; x_wconf 84' lang='grc' dir='ltr'>ἀνεξ-</span> 
     </span>
    </p>
   </div>
   <div class='ocr_carea' id='block_1_83' title="bbox 1938 2765 3583 2843">
    <p class='ocr_par' dir='ltr' id='par_1_83' title="bbox 1938 2765 3583 2843">
     <span class='ocr_line' id='line_1_83' title="bbox 1938 2765 3583 2843; baseline -0.001 -19"><span class='ocrx_word' id='word_1_583' title='bbox 1938 2768 2192 2825; x_wconf 89' lang='grc' dir='ltr'>άλειπτον</span> <span class='ocrx_word' id='word_1_584' title='bbox 2250 2770 2477 2842; x_wconf 81' lang='grc' dir='ltr'>μνήμην</span> <span class='ocrx_word' id='word_1_585' title='bbox 2533 2767 2961 2841; x_wconf 88' lang='grc' dir='ltr'>ἀπονενέμηνται</span> <span class='ocrx_word' id='word_1_586' title='bbox 3040 2765 3403 2843; x_wconf 88' lang='grc' dir='ltr'>κηρύττουσαι</span> <span class='ocrx_word' id='word_1_587' title='bbox 3480 2766 3583 2836; x_wconf 78' lang='grc' dir='ltr'>τήν</span> 
     </span>
    </p>
   </div>
   <div class='ocr_carea' id='block_1_84' title="bbox 1938 2853 3582 2933">
    <p class='ocr_par' dir='ltr' id='par_1_84' title="bbox 1938 2853 3582 2933">
     <span class='ocr_line' id='line_1_84' title="bbox 1938 2853 3582 2933; baseline -0.002 -20"><span class='ocrx_word' id='word_1_588' title='bbox 1938 2857 2152 2913; x_wconf 86' lang='grc' dir='ltr'>ἐκείνων</span> <span class='ocrx_word' id='word_1_589' title='bbox 2222 2855 2593 2933; x_wconf 82' lang='grc' dir='ltr'>ἀνδραγαθίαν·</span> <span class='ocrx_word' id='word_1_590' title='bbox 2662 2854 2778 2911; x_wconf 78' lang='grc' dir='ltr'>ὅθεν</span> <span class='ocrx_word' id='word_1_591' title='bbox 2851 2854 2969 2911; x_wconf 88' lang='grc' dir='ltr'>ἀντὶ</span> <span class='ocrx_word' id='word_1_592' title='bbox 3042 2853 3249 2910; x_wconf 89' lang='grc' dir='ltr'>τούτων</span> <span class='ocrx_word' id='word_1_593' title='bbox 3309 2855 3339 2910; x_wconf 88' lang='lat'>6</span> <span class='ocrx_word' id='word_1_594' title='bbox 3393 2854 3582 2930; x_wconf 85' lang='grc' dir='ltr'>παρὼν</span> 
     </span>
    </p>
   </div>
   <div class='ocr_carea' id='block_1_85' title="bbox 1936 2941 3584 3021">
    <p class='ocr_par' dir='ltr' id='par_1_85' title="bbox 1936 2941 3584 3021">
     <span class='ocr_line' id='line_1_85' title="bbox 1936 2941 3584 3021; baseline -0.002 -19"><span class='ocrx_word' id='word_1_595' title='bbox 1936 2945 2157 3021; x_wconf 87' lang='grc' dir='ltr'>ψαλμὸς</span> <span class='ocrx_word' id='word_1_596' title='bbox 2214 2944 2435 3015; x_wconf 88' lang='grc' dir='ltr'>ἀνετέθη</span> <span class='ocrx_word' id='word_1_597' title='bbox 2491 2944 2572 3018; x_wconf 79' lang='grc' dir='ltr'>τῷ</span> <span class='ocrx_word' id='word_1_598' title='bbox 2624 2948 2824 3020; x_wconf 75' lang='grc' dir='ltr'>νικητῇ</span> <span class='ocrx_word' id='word_1_599' title='bbox 2881 2945 3119 3021; x_wconf 79' lang='grc' dir='ltr'>Χριστῷ,</span> <span class='ocrx_word' id='word_1_600' title='bbox 3162 2941 3449 2999; x_wconf 88' lang='grc' dir='ltr'>καθελόντι</span> <span class='ocrx_word' id='word_1_601' title='bbox 3499 2946 3584 3017; x_wconf 81' lang='grc' dir='ltr'>τῷ</span> 
     </span>
    </p>
   </div>
   <div class='ocr_carea' id='block_1_86' title="bbox 1933 3031 3586 3111">
    <p class='ocr_par' dir='ltr' id='par_1_86' title="bbox 1933 3031 3586 3111">
     <span class='ocr_line' id='line_1_86' title="bbox 1933 3031 3586 3111; baseline -0.002 -22"><span class='ocrx_word' id='word_1_602' title='bbox 1933 3040 2032 3089; x_wconf 92' lang='grc' dir='ltr'>τοῦ</span> <span class='ocrx_word' id='word_1_603' title='bbox 2081 3034 2354 3111; x_wconf 89' lang='grc' dir='ltr'>σωτηρίου</span> <span class='ocrx_word' id='word_1_604' title='bbox 2403 3031 2589 3111; x_wconf 90' lang='grc' dir='ltr'>δόρατι</span> <span class='ocrx_word' id='word_1_605' title='bbox 2631 3034 2721 3089; x_wconf 92' lang='grc' dir='ltr'>τὸν</span> <span class='ocrx_word' id='word_1_606' title='bbox 2793 3034 3015 3089; x_wconf 91' lang='grc' dir='ltr'>θάνατον</span> <span class='ocrx_word' id='word_1_607' title='bbox 3081 3031 3173 3087; x_wconf 80' lang='grc' dir='ltr'>καὶ</span> <span class='ocrx_word' id='word_1_608' title='bbox 3228 3032 3320 3088; x_wconf 90' lang='grc' dir='ltr'>τὸν</span> <span class='ocrx_word' id='word_1_609' title='bbox 3386 3031 3586 3108; x_wconf 87' lang='grc' dir='ltr'>κράτος</span> 
     </span>
    </p>
   </div>
   <div class='ocr_carea' id='block_1_87' title="bbox 1936 3117 3583 3200">
    <p class='ocr_par' dir='ltr' id='par_1_87' title="bbox 1936 3117 3583 3200">
     <span class='ocr_line' id='line_1_87' title="bbox 1936 3117 3583 3200; baseline -0.002 -21"><span class='ocrx_word' id='word_1_610' title='bbox 1936 3121 2135 3200; x_wconf 79' lang='grc' dir='ltr'>ἔχοντα</span> <span class='ocrx_word' id='word_1_611' title='bbox 2211 3127 2309 3178; x_wconf 87' lang='grc' dir='ltr'>τοῦ</span> <span class='ocrx_word' id='word_1_612' title='bbox 2380 3122 2607 3187; x_wconf 89' lang='grc' dir='ltr'>θανάτου</span> <span class='ocrx_word' id='word_1_613' title='bbox 2683 3117 2964 3179; x_wconf 89' lang='grc' dir='ltr'>διάϐολον·</span> <span class='ocrx_word' id='word_1_614' title='bbox 3023 3122 3407 3198; x_wconf 84' lang='grc' dir='ltr'>ἀναμαρτήτου</span> <span class='ocrx_word' id='word_1_615' title='bbox 3478 3119 3583 3198; x_wconf 81' lang='grc' dir='ltr'>γὰρ</span> 
     </span>
    </p>
   </div>
   <div class='ocr_carea' id='block_1_88' title="bbox 1942 3206 3586 3287">
    <p class='ocr_par' dir='ltr' id='par_1_88' title="bbox 1942 3206 3586 3287">
     <span class='ocr_line' id='line_1_88' title="bbox 1942 3206 3586 3287; baseline -0.002 -20"><span class='ocrx_word' id='word_1_616' title='bbox 1942 3212 2242 3286; x_wconf 90' lang='grc' dir='ltr'>μείναντος,</span> <span class='ocrx_word' id='word_1_617' title='bbox 2292 3208 2415 3267; x_wconf 74' lang='grc' dir='ltr'>οὔτε</span> <span class='ocrx_word' id='word_1_618' title='bbox 2461 3214 2496 3282; x_wconf 80' lang='grc' dir='ltr'>ἡ</span> <span class='ocrx_word' id='word_1_619' title='bbox 2547 3212 2702 3287; x_wconf 79' lang='grc' dir='ltr'>ψυχὴ</span> <span class='ocrx_word' id='word_1_620' title='bbox 2750 3211 2915 3267; x_wconf 81' lang='grc' dir='ltr'>αὐτοῦ</span> <span class='ocrx_word' id='word_1_621' title='bbox 2959 3215 3039 3284; x_wconf 80' lang='grc' dir='ltr'>τῷ</span> <span class='ocrx_word' id='word_1_622' title='bbox 3086 3207 3216 3266; x_wconf 74' lang='grc' dir='ltr'>εἴδει</span> <span class='ocrx_word' id='word_1_623' title='bbox 3274 3206 3586 3286; x_wconf 84' lang='grc' dir='ltr'>ἐγκατελεί-</span> 
     </span>
    </p>
   </div>
   <div class='ocr_carea' id='block_1_89' title="bbox 1939 3294 3585 3378">
    <p class='ocr_par' dir='ltr' id='par_1_89' title="bbox 1939 3294 3585 3378">
     <span class='ocr_line' id='line_1_89' title="bbox 1939 3294 3585 3378; baseline -0.002 -23"><span class='ocrx_word' id='word_1_624' title='bbox 1939 3302 2043 3378; x_wconf 88' lang='grc' dir='ltr'>φθη</span> <span class='ocrx_word' id='word_1_625' title='bbox 2111 3299 2346 3375; x_wconf 88' lang='grc' dir='ltr'>μάλιστα</span> <span class='ocrx_word' id='word_1_626' title='bbox 2400 3299 2492 3355; x_wconf 86' lang='grc' dir='ltr'>καὶ</span> <span class='ocrx_word' id='word_1_627' title='bbox 2548 3297 2882 3355; x_wconf 88' lang='grc' dir='ltr'>σκυλεύσασα</span> <span class='ocrx_word' id='word_1_628' title='bbox 2932 3304 3149 3371; x_wconf 88' lang='grc' dir='ltr'>τοῦτον,</span> <span class='ocrx_word' id='word_1_629' title='bbox 3181 3294 3304 3354; x_wconf 74' lang='grc' dir='ltr'>οὔτε</span> <span class='ocrx_word' id='word_1_630' title='bbox 3360 3299 3397 3369; x_wconf 80' lang='grc' dir='ltr'><strong>ἡ</strong></span> <span class='ocrx_word' id='word_1_631' title='bbox 3455 3296 3585 3374; x_wconf 77' lang='grc' dir='ltr'>σὰρξ</span> 
     </span>
    </p>
   </div>
   <div class='ocr_carea' id='block_1_90' title="bbox 1936 3385 3585 3467">
    <p class='ocr_par' dir='ltr' id='par_1_90' title="bbox 1936 3385 3585 3467">
     <span class='ocr_line' id='line_1_90' title="bbox 1936 3385 3585 3467; baseline -0.002 -23"><span class='ocrx_word' id='word_1_632' title='bbox 1936 3388 2105 3444; x_wconf 79' lang='grc' dir='ltr'>αὐτοῦ</span> <span class='ocrx_word' id='word_1_633' title='bbox 2164 3387 2273 3444; x_wconf 80' lang='grc' dir='ltr'>εἶδε</span> <span class='ocrx_word' id='word_1_634' title='bbox 2318 3386 2632 3467; x_wconf 84' lang='grc' dir='ltr'>διαφθορὰν,</span> <span class='ocrx_word' id='word_1_635' title='bbox 2662 3390 2964 3467; x_wconf 88' lang='grc' dir='ltr'>τριήμερος</span> <span class='ocrx_word' id='word_1_636' title='bbox 3012 3389 3297 3444; x_wconf 78' lang='grc' dir='ltr'>ἀναστᾶσα·</span> <span class='ocrx_word' id='word_1_637' title='bbox 3347 3385 3474 3463; x_wconf 85' lang='grc' dir='ltr'>περὶ</span> <span class='ocrx_word' id='word_1_638' title='bbox 3519 3385 3585 3441; x_wconf 87' lang='grc' dir='ltr'>οῦ</span> 
     </span>
    </p>
   </div>
   <div class='ocr_carea' id='block_1_91' title="bbox 1932 3471 3584 3555">
    <p class='ocr_par' dir='ltr' id='par_1_91' title="bbox 1932 3471 3584 3555">
     <span class='ocr_line' id='line_1_91' title="bbox 1932 3471 3584 3555; baseline -0.002 -22"><span class='ocrx_word' id='word_1_639' title='bbox 1932 3478 2021 3534; x_wconf 81' lang='grc' dir='ltr'>καὶ</span> <span class='ocrx_word' id='word_1_640' title='bbox 2053 3477 2256 3555; x_wconf 83' lang='grc' dir='ltr'>Πέτρος</span> <span class='ocrx_word' id='word_1_641' title='bbox 2286 3479 2314 3533; x_wconf 92' lang='lat'>6</span> <span class='ocrx_word' id='word_1_642' title='bbox 2344 3476 2651 3540; x_wconf 85' lang='grc' dir='ltr'>ἀπόστολος</span> <span class='ocrx_word' id='word_1_643' title='bbox 2701 3477 2753 3533; x_wconf 87' lang='grc' dir='ltr'>ἐν</span> <span class='ocrx_word' id='word_1_644' title='bbox 2802 3481 2873 3551; x_wconf 77' lang='grc' dir='ltr'>τῇ</span> <span class='ocrx_word' id='word_1_645' title='bbox 2935 3471 3117 3554; x_wconf 88' lang='grc' dir='ltr'>βίϐλῳ</span> <span class='ocrx_word' id='word_1_646' title='bbox 3169 3480 3277 3532; x_wconf 86' lang='grc' dir='ltr'>τῶν</span> <span class='ocrx_word' id='word_1_647' title='bbox 3330 3474 3584 3552; x_wconf 82' lang='grc' dir='ltr'>Πράξεων</span> 
     </span>
    </p>
   </div>
   <div class='ocr_carea' id='block_1_92' title="bbox 1936 3562 3583 3645">
    <p class='ocr_par' dir='ltr' id='par_1_92' title="bbox 1936 3562 3583 3645">
     <span class='ocr_line' id='line_1_92' title="bbox 1936 3562 3583 3645; baseline -0.001 -23"><span class='ocrx_word' id='word_1_648' title='bbox 1936 3562 2205 3635; x_wconf 88' lang='grc' dir='ltr'>διέλαϐεν,</span> <span class='ocrx_word' id='word_1_649' title='bbox 2259 3565 2581 3645; x_wconf 87' lang='grc' dir='ltr'>ἐφαρμόζων</span> <span class='ocrx_word' id='word_1_650' title='bbox 2633 3570 2714 3639; x_wconf 81' lang='grc' dir='ltr'>τῷ</span> <span class='ocrx_word' id='word_1_651' title='bbox 2769 3570 2986 3641; x_wconf 80' lang='grc' dir='ltr'>Χριστῷ</span> <span class='ocrx_word' id='word_1_652' title='bbox 3040 3565 3132 3621; x_wconf 89' lang='grc' dir='ltr'>τὸν</span> <span class='ocrx_word' id='word_1_653' title='bbox 3172 3564 3412 3643; x_wconf 88' lang='grc' dir='ltr'>παρόντα</span> <span class='ocrx_word' id='word_1_654' title='bbox 3438 3562 3583 3639; x_wconf 90' lang='grc' dir='ltr'>ψαλ-</span> 
     </span>
    </p>
   </div>
   <div class='ocr_carea' id='block_1_93' title="bbox 1939 3652 3584 3732">
    <p class='ocr_par' dir='ltr' id='par_1_93' title="bbox 1939 3652 3584 3732">
     <span class='ocr_line' id='line_1_93' title="bbox 1939 3652 3584 3732; baseline -0.002 -21"><span class='ocrx_word' id='word_1_655' title='bbox 1939 3656 2060 3731; x_wconf 90' lang='grc' dir='ltr'>μόν·</span> <span class='ocrx_word' id='word_1_656' title='bbox 2120 3654 2208 3710; x_wconf 86' lang='grc' dir='ltr'>ἐπὶ</span> <span class='ocrx_word' id='word_1_657' title='bbox 2262 3660 2381 3717; x_wconf 88' lang='grc' dir='ltr'>τοῖς</span> <span class='ocrx_word' id='word_1_658' title='bbox 2441 3653 2665 3718; x_wconf 83' lang='grc' dir='ltr'>οἰκείοις</span> <span class='ocrx_word' id='word_1_659' title='bbox 2739 3652 2830 3710; x_wconf 79' lang='grc' dir='ltr'>οῦν</span> <span class='ocrx_word' id='word_1_660' title='bbox 2914 3654 3328 3732; x_wconf 88' lang='grc' dir='ltr'>κατορθώμασιν</span> <span class='ocrx_word' id='word_1_661' title='bbox 3409 3654 3584 3726; x_wconf 76' lang='grc' dir='ltr'>ἐαυτῷ</span> 
     </span>
    </p>
   </div>
   <div class='ocr_carea' id='block_1_94' title="bbox 1932 3740 3585 3818">
    <p class='ocr_par' dir='ltr' id='par_1_94' title="bbox 1932 3740 3585 3818">
     <span class='ocr_line' id='line_1_94' title="bbox 1932 3740 3585 3818; baseline -0.001 -18"><span class='ocrx_word' id='word_1_662' title='bbox 1932 3746 2031 3814; x_wconf 80' lang='grc' dir='ltr'>τὴν</span> <span class='ocrx_word' id='word_1_663' title='bbox 2062 3742 2273 3815; x_wconf 83' lang='grc' dir='ltr'>στήλην</span> <span class='ocrx_word' id='word_1_664' title='bbox 2305 3742 2563 3815; x_wconf 85' lang='grc' dir='ltr'>ἀνέστησε</span> <span class='ocrx_word' id='word_1_665' title='bbox 2615 3740 2705 3798; x_wconf 72' lang='grc' dir='ltr'>διὰ</span> <span class='ocrx_word' id='word_1_666' title='bbox 2742 3741 2999 3818; x_wconf 86' lang='grc' dir='ltr'>γλώττης</span> <span class='ocrx_word' id='word_1_667' title='bbox 3044 3747 3143 3798; x_wconf 87' lang='grc' dir='ltr'>τοῦ</span> <span class='ocrx_word' id='word_1_668' title='bbox 3189 3740 3355 3799; x_wconf 76' lang='grc' dir='ltr'>Δαυῒδ</span> <span class='ocrx_word' id='word_1_669' title='bbox 3385 3742 3416 3797; x_wconf 92' lang='lat'>6</span> <span class='ocrx_word' id='word_1_670' title='bbox 3463 3748 3585 3798; x_wconf 87' lang='grc' dir='ltr'>Σω-</span> 
     </span>
    </p>
   </div>
   <div class='ocr_carea' id='block_1_95' title="bbox 1931 3830 3582 3910">
    <p class='ocr_par' dir='ltr' id='par_1_95' title="bbox 1931 3830 3582 3910">
     <span class='ocr_line' id='line_1_95' title="bbox 1931 3830 3582 3910; baseline -0.002 -21"><span class='ocrx_word' id='word_1_671' title='bbox 1931 3834 2038 3910; x_wconf 87' lang='grc' dir='ltr'>τήρ</span> <span class='ocrx_word' id='word_1_672' title='bbox 2083 3836 2181 3889; x_wconf 90' lang='grc' dir='ltr'>τοῦ</span> <span class='ocrx_word' id='word_1_673' title='bbox 2225 3832 2492 3908; x_wconf 90' lang='grc' dir='ltr'>παναγίου</span> <span class='ocrx_word' id='word_1_674' title='bbox 2540 3830 2853 3906; x_wconf 91' lang='grc' dir='ltr'>Πνεύματος</span> <span class='ocrx_word' id='word_1_675' title='bbox 2901 3830 3298 3906; x_wconf 88' lang='grc' dir='ltr'>ἐμπνεύσαντος</span> <span class='ocrx_word' id='word_1_676' title='bbox 3343 3831 3435 3888; x_wconf 83' lang='grc' dir='ltr'>καὶ</span> <span class='ocrx_word' id='word_1_677' title='bbox 3493 3851 3582 3887; x_wconf 89' lang='grc' dir='ltr'>κι-</span> 
     </span>
    </p>
   </div>
   <div class='ocr_carea' id='block_1_96' title="bbox 1934 3919 3579 4000">
    <p class='ocr_par' dir='ltr' id='par_1_96' title="bbox 1934 3919 3579 4000">
     <span class='ocr_line' id='line_1_96' title="bbox 1934 3919 3579 4000; baseline 0.001 -24"><span class='ocrx_word' id='word_1_678' title='bbox 1934 3925 2191 3994; x_wconf 83' lang='grc' dir='ltr'>νήσαντος</span> <span class='ocrx_word' id='word_1_679' title='bbox 2218 3922 2309 3976; x_wconf 88' lang='grc' dir='ltr'>τὸν</span> <span class='ocrx_word' id='word_1_680' title='bbox 2341 3922 2649 4000; x_wconf 82' lang='grc' dir='ltr'>προφήτην.</span> <span class='ocrx_word' id='word_1_681' title='bbox 2684 3922 3009 4000; x_wconf 81' lang='grc' dir='ltr'>’Δναγράφει</span> <span class='ocrx_word' id='word_1_682' title='bbox 3040 3919 3100 3977; x_wconf 70' lang='grc' dir='ltr'>δὲ</span> <span class='ocrx_word' id='word_1_683' title='bbox 3124 3922 3190 3978; x_wconf 91' lang='grc' dir='ltr'>τὸ</span> <span class='ocrx_word' id='word_1_684' title='bbox 3219 3919 3364 3985; x_wconf 83' lang='grc' dir='ltr'>εἶδος</span> <span class='ocrx_word' id='word_1_685' title='bbox 3400 3920 3579 3995; x_wconf 88' lang='grc' dir='ltr'>νίκης,</span> 
     </span>
    </p>
   </div>
   <div class='ocr_carea' id='block_1_97' title="bbox 1935 4008 3068 4088">
    <p class='ocr_par' dir='ltr' id='par_1_97' title="bbox 1935 4008 3068 4088">
     <span class='ocr_line' id='line_1_97' title="bbox 1935 4008 3068 4088; baseline 0.002 -22"><span class='ocrx_word' id='word_1_686' title='bbox 1935 4012 2026 4067; x_wconf 86' lang='grc' dir='ltr'>καὶ</span> <span class='ocrx_word' id='word_1_687' title='bbox 2056 4009 2154 4065; x_wconf 82' lang='grc' dir='ltr'>ὅσα</span> <span class='ocrx_word' id='word_1_688' title='bbox 2180 4010 2287 4087; x_wconf 89' lang='grc' dir='ltr'>πρὸ</span> <span class='ocrx_word' id='word_1_689' title='bbox 2314 4014 2412 4065; x_wconf 89' lang='grc' dir='ltr'>τοῦ</span> <span class='ocrx_word' id='word_1_690' title='bbox 2438 4009 2634 4073; x_wconf 87' lang='grc' dir='ltr'>τέλους</span> <span class='ocrx_word' id='word_1_691' title='bbox 2663 4008 2810 4084; x_wconf 81' lang='grc' dir='ltr'>αύτῷ</span> <span class='ocrx_word' id='word_1_692' title='bbox 2838 4010 3068 4088; x_wconf 83' lang='grc' dir='ltr'>ἐγένετο.</span> 
     </span>
    </p>
   </div>
   <div class='ocr_carea' id='block_1_98' title="bbox 2013 4097 3587 4177">
    <p class='ocr_par' dir='ltr' id='par_1_98' title="bbox 2013 4097 3587 4177">
     <span class='ocr_line' id='line_1_98' title="bbox 2013 4097 3587 4177; baseline 0.001 -23"><span class='ocrx_word' id='word_1_693' title='bbox 2013 4123 2042 4154; x_wconf 90' lang='grc'>‹‹</span> <span class='ocrx_word' id='word_1_694' title='bbox 2071 4097 2317 4171; x_wconf 79' lang='grc' dir='ltr'>Φύλαξόν</span> <span class='ocrx_word' id='word_1_695' title='bbox 2350 4120 2436 4174; x_wconf 85' lang='grc' dir='ltr'>με,</span> <span class='ocrx_word' id='word_1_696' title='bbox 2467 4099 2653 4177; x_wconf 89' lang='grc' dir='ltr'>Κύριε,</span> <span class='ocrx_word' id='word_1_697' title='bbox 2686 4098 2771 4155; x_wconf 80' lang='grc' dir='ltr'>ὅτι</span> <span class='ocrx_word' id='word_1_698' title='bbox 2809 4098 2898 4156; x_wconf 84' lang='grc' dir='ltr'>ἐπὶ</span> <span class='ocrx_word' id='word_1_699' title='bbox 2928 4101 3014 4157; x_wconf 84' lang='grc' dir='ltr'>σοὶ</span> <span class='ocrx_word' id='word_1_700' title='bbox 3041 4097 3274 4171; x_wconf 79' lang='grc' dir='ltr'>ἤλπισα.</span> <span class='ocrx_word' id='word_1_701' title='bbox 3304 4124 3335 4156; x_wconf 85' lang='lat'><strong>»</strong></span> <span class='ocrx_word' id='word_1_702' title='bbox 3364 4132 3437 4144; x_wconf 91' lang='lat'><strong><em>—</em></strong></span> <span class='ocrx_word' id='word_1_703' title='bbox 3464 4101 3587 4157; x_wconf 82' lang='grc' dir='ltr'>Ἀν-</span> 
     </span>
    </p>
   </div>
   <div class='ocr_carea' id='block_1_99' title="bbox 1937 4184 3588 4267">
    <p class='ocr_par' dir='ltr' id='par_1_99' title="bbox 1937 4184 3588 4267">
     <span class='ocr_line' id='line_1_99' title="bbox 1937 4184 3588 4267; baseline -0.001 -22"><span class='ocrx_word' id='word_1_704' title='bbox 1937 4191 2352 4265; x_wconf 89' lang='grc' dir='ltr'>θρωποπρεπεῖς</span> <span class='ocrx_word' id='word_1_705' title='bbox 2410 4189 2463 4243; x_wconf 80' lang='grc' dir='ltr'>οἱ</span> <span class='ocrx_word' id='word_1_706' title='bbox 2518 4193 2613 4244; x_wconf 88' lang='grc' dir='ltr'>τοῦ</span> <span class='ocrx_word' id='word_1_707' title='bbox 2668 4186 2894 4263; x_wconf 85' lang='grc' dir='ltr'>ψαλμοῦ</span> <span class='ocrx_word' id='word_1_708' title='bbox 2956 4184 3133 4267; x_wconf 87' lang='grc' dir='ltr'>λόγοι·</span> <span class='ocrx_word' id='word_1_709' title='bbox 3191 4190 3283 4246; x_wconf 81' lang='grc' dir='ltr'>καὶ</span> <span class='ocrx_word' id='word_1_710' title='bbox 3327 4189 3429 4267; x_wconf 80' lang='grc' dir='ltr'>γὰρ</span> <span class='ocrx_word' id='word_1_711' title='bbox 3478 4188 3588 4265; x_wconf 85' lang='grc' dir='ltr'>οὐχ</span> 
     </span>
    </p>
   </div>
   <div class='ocr_carea' id='block_1_100' title="bbox 1940 4275 3586 4355">
    <p class='ocr_par' dir='ltr' id='par_1_100' title="bbox 1940 4275 3586 4355">
     <span class='ocr_line' id='line_1_100' title="bbox 1940 4275 3586 4355; baseline -0.001 -22"><span class='ocrx_word' id='word_1_712' title='bbox 1940 4279 2016 4341; x_wconf 86' lang='grc' dir='ltr'>ὡς</span> <span class='ocrx_word' id='word_1_713' title='bbox 2048 4275 2199 4349; x_wconf 73' lang='grc' dir='ltr'>Θεὸς,</span> <span class='ocrx_word' id='word_1_714' title='bbox 2224 4276 2349 4333; x_wconf 87' lang='grc' dir='ltr'>ἀλλ’</span> <span class='ocrx_word' id='word_1_715' title='bbox 2377 4276 2453 4340; x_wconf 88' lang='grc' dir='ltr'>ὡς</span> <span class='ocrx_word' id='word_1_716' title='bbox 2485 4277 2771 4353; x_wconf 81' lang='grc' dir='ltr'>ἄνθρωπος</span> <span class='ocrx_word' id='word_1_717' title='bbox 2800 4275 3216 4353; x_wconf 87' lang='grc' dir='ltr'>κατεπολέμησε</span> <span class='ocrx_word' id='word_1_718' title='bbox 3241 4277 3334 4334; x_wconf 94' lang='grc' dir='ltr'>τὸν</span> <span class='ocrx_word' id='word_1_719' title='bbox 3361 4275 3586 4355; x_wconf 84' lang='grc' dir='ltr'>ἐχθρὸν,</span> 
     </span>
    </p>
   </div>
   <div class='ocr_carea' id='block_1_101' title="bbox 1941 4362 3586 4445">
    <p class='ocr_par' dir='ltr' id='par_1_101' title="bbox 1941 4362 3586 4445">
     <span class='ocr_line' id='line_1_101' title="bbox 1941 4362 3586 4445; baseline -0.002 -23"><span class='ocrx_word' id='word_1_720' title='bbox 1941 4363 2056 4440; x_wconf 75' lang='grc' dir='ltr'>ἅμα</span> <span class='ocrx_word' id='word_1_721' title='bbox 2116 4367 2209 4440; x_wconf 76' lang='grc' dir='ltr'>μὲν</span> <span class='ocrx_word' id='word_1_722' title='bbox 2269 4362 2536 4421; x_wconf 88' lang='grc' dir='ltr'>διδάσκων</span> <span class='ocrx_word' id='word_1_723' title='bbox 2609 4367 2686 4429; x_wconf 88' lang='grc' dir='ltr'>ὡς</span> <span class='ocrx_word' id='word_1_724' title='bbox 2741 4363 2882 4422; x_wconf 85' lang='grc' dir='ltr'>ἔστιν</span> <span class='ocrx_word' id='word_1_725' title='bbox 2962 4366 3394 4445; x_wconf 84' lang='grc' dir='ltr'>ἀκαταγώνιστος</span> <span class='ocrx_word' id='word_1_726' title='bbox 3466 4368 3586 4427; x_wconf 88' lang='grc' dir='ltr'>τοῖς</span> 
     </span>
    </p>
   </div>
   <div class='ocr_carea' id='block_1_102' title="bbox 1942 4451 3585 4533">
    <p class='ocr_par' dir='ltr' id='par_1_102' title="bbox 1942 4451 3585 4533">
     <span class='ocr_line' id='line_1_102' title="bbox 1942 4451 3585 4533; baseline -0.001 -24"><span class='ocrx_word' id='word_1_727' title='bbox 1942 4457 2221 4533; x_wconf 87' lang='grc' dir='ltr'>νήφουσιν,</span> <span class='ocrx_word' id='word_1_728' title='bbox 2280 4453 2395 4527; x_wconf 77' lang='grc' dir='ltr'>ἅμα</span> <span class='ocrx_word' id='word_1_729' title='bbox 2453 4452 2511 4509; x_wconf 74' lang='grc' dir='ltr'>δὲ</span> <span class='ocrx_word' id='word_1_730' title='bbox 2562 4453 2653 4509; x_wconf 84' lang='grc' dir='ltr'>καὶ</span> <span class='ocrx_word' id='word_1_731' title='bbox 2707 4454 2834 4517; x_wconf 85' lang='grc' dir='ltr'>τοὺς</span> <span class='ocrx_word' id='word_1_732' title='bbox 2886 4454 3124 4531; x_wconf 89' lang='grc' dir='ltr'>τρόπους</span> <span class='ocrx_word' id='word_1_733' title='bbox 3172 4452 3244 4510; x_wconf 88' lang='grc' dir='ltr'>δι’</span> <span class='ocrx_word' id='word_1_734' title='bbox 3293 4456 3367 4509; x_wconf 84' lang='grc' dir='ltr'>ῶν</span> <span class='ocrx_word' id='word_1_735' title='bbox 3424 4451 3585 4508; x_wconf 74' lang='grc' dir='ltr'>αὐτὸν</span> 
     </span>
    </p>
   </div>
   <div class='ocr_carea' id='block_1_103' title="bbox 1941 4537 3588 4620">
    <p class='ocr_par' dir='ltr' id='par_1_103' title="bbox 1941 4537 3588 4620">
     <span class='ocr_line' id='line_1_103' title="bbox 1941 4537 3588 4620; baseline -0.001 -21"><span class='ocrx_word' id='word_1_736' title='bbox 1941 4541 2356 4615; x_wconf 83' lang='grc' dir='ltr'>κατεπάλαισεν,</span> <span class='ocrx_word' id='word_1_737' title='bbox 2383 4541 2781 4615; x_wconf 87' lang='grc' dir='ltr'>ἀπολιμπάνων</span> <span class='ocrx_word' id='word_1_738' title='bbox 2840 4545 2976 4617; x_wconf 74' lang='grc' dir='ltr'>ἡμῖν</span> <span class='ocrx_word' id='word_1_739' title='bbox 3020 4537 3218 4619; x_wconf 83' lang='grc' dir='ltr'>ἀκριϐῆ</span> <span class='ocrx_word' id='word_1_740' title='bbox 3278 4543 3588 4620; x_wconf 85' lang='grc' dir='ltr'>ἀρχέτυπον</span> 
     </span>
    </p>
   </div>
   <div class='ocr_carea' id='block_1_104' title="bbox 1944 4629 3591 4708">
    <p class='ocr_par' dir='ltr' id='par_1_104' title="bbox 1944 4629 3591 4708">
     <span class='ocr_line' id='line_1_104' title="bbox 1944 4629 3591 4708; baseline -0.001 -22"><span class='ocrx_word' id='word_1_741' title='bbox 1944 4631 2022 4694; x_wconf 64' lang='grc' dir='ltr'>εἷς</span> <span class='ocrx_word' id='word_1_742' title='bbox 2074 4630 2327 4705; x_wconf 87' lang='grc' dir='ltr'>μίμησιν.</span> <span class='ocrx_word' id='word_1_743' title='bbox 2378 4631 2605 4707; x_wconf 81' lang='grc' dir='ltr'>Ἔχεται</span> <span class='ocrx_word' id='word_1_744' title='bbox 2647 4636 2935 4707; x_wconf 89' lang='grc' dir='ltr'>τοιγαροῦν</span> <span class='ocrx_word' id='word_1_745' title='bbox 2985 4631 3062 4695; x_wconf 84' lang='grc' dir='ltr'>ὡς</span> <span class='ocrx_word' id='word_1_746' title='bbox 3118 4631 3403 4708; x_wconf 80' lang='grc' dir='ltr'>ἄνθρωπος</span> <span class='ocrx_word' id='word_1_747' title='bbox 3447 4629 3591 4708; x_wconf 87' lang='grc' dir='ltr'>πρὸς</span> 
     </span>
    </p>
   </div>
   <div class='ocr_carea' id='block_1_105' title="bbox 1948 4715 3593 4798">
    <p class='ocr_par' dir='ltr' id='par_1_105' title="bbox 1948 4715 3593 4798">
     <span class='ocr_line' id='line_1_105' title="bbox 1948 4715 3593 4798; baseline -0.001 -22"><span class='ocrx_word' id='word_1_748' title='bbox 1948 4720 2099 4777; x_wconf 90' lang='grc' dir='ltr'>Θεόν·</span> <span class='ocrx_word' id='word_1_749' title='bbox 2132 4718 2222 4775; x_wconf 82' lang='grc' dir='ltr'>καί</span> <span class='ocrx_word' id='word_1_750' title='bbox 2252 4719 2356 4796; x_wconf 77' lang='grc' dir='ltr'>γὰρ</span> <span class='ocrx_word' id='word_1_751' title='bbox 2385 4719 2482 4775; x_wconf 86' lang='grc' dir='ltr'>κάν</span> <span class='ocrx_word' id='word_1_752' title='bbox 2519 4725 2638 4783; x_wconf 87' lang='grc' dir='ltr'>τοῖς</span> <span class='ocrx_word' id='word_1_753' title='bbox 2682 4718 3035 4798; x_wconf 85' lang='grc' dir='ltr'>Εὐαγγελίοις</span> <span class='ocrx_word' id='word_1_754' title='bbox 3085 4717 3358 4798; x_wconf 78' lang='grc' dir='ltr'>διαφόρως</span> <span class='ocrx_word' id='word_1_755' title='bbox 3404 4715 3593 4792; x_wconf 74' lang='grc' dir='ltr'>εὔξατο</span> 
     </span>
    </p>
   </div>
   <div class='ocr_carea' id='block_1_106' title="bbox 1948 4805 3595 4889">
    <p class='ocr_par' dir='ltr' id='par_1_106' title="bbox 1948 4805 3595 4889">
     <span class='ocr_line' id='line_1_106' title="bbox 1948 4805 3595 4889; baseline -0.001 -25"><span class='ocrx_word' id='word_1_756' title='bbox 1948 4809 2299 4889; x_wconf 85' lang='grc' dir='ltr'>φυλαχθῆναι</span> <span class='ocrx_word' id='word_1_757' title='bbox 2384 4810 2489 4864; x_wconf 90' lang='grc' dir='ltr'>ἀπὸ</span> <span class='ocrx_word' id='word_1_758' title='bbox 2571 4809 2750 4880; x_wconf 89' lang='grc' dir='ltr'>πάσης</span> <span class='ocrx_word' id='word_1_759' title='bbox 2822 4807 3124 4879; x_wconf 86' lang='grc' dir='ltr'>ἐπιϐουλῆς</span> <span class='ocrx_word' id='word_1_760' title='bbox 3197 4814 3427 4887; x_wconf 78' lang='grc' dir='ltr'>φανερᾶς</span> <span class='ocrx_word' id='word_1_761' title='bbox 3499 4805 3595 4863; x_wconf 84' lang='grc' dir='ltr'>καὶ</span> 
     </span>
    </p>
   </div>
   <div class='ocr_carea' id='block_1_107' title="bbox 1948 4895 3596 4978">
    <p class='ocr_par' dir='ltr' id='par_1_107' title="bbox 1948 4895 3596 4978">
     <span class='ocr_line' id='line_1_107' title="bbox 1948 4895 3596 4978; baseline -0.002 -24"><span class='ocrx_word' id='word_1_762' title='bbox 1948 4900 2205 4978; x_wconf 78' lang='grc' dir='ltr'>ἀφανοῦς,</span> <span class='ocrx_word' id='word_1_763' title='bbox 2240 4896 2432 4974; x_wconf 90' lang='grc' dir='ltr'>λέγων·</span> <span class='ocrx_word' id='word_1_764' title='bbox 2468 4921 2498 4951; x_wconf 74' lang='grc' dir='ltr'>ι(</span> <span class='ocrx_word' id='word_1_765' title='bbox 2531 4896 2606 4952; x_wconf 89' lang='grc' dir='ltr'>Σύ</span> <span class='ocrx_word' id='word_1_766' title='bbox 2649 4918 2715 4970; x_wconf 90' lang='grc' dir='ltr'>με</span> <span class='ocrx_word' id='word_1_767' title='bbox 2744 4896 3003 4976; x_wconf 83' lang='grc' dir='ltr'>φύλαξον,</span> <span class='ocrx_word' id='word_1_768' title='bbox 3034 4896 3117 4953; x_wconf 76' lang='grc' dir='ltr'>ὅτι</span> <span class='ocrx_word' id='word_1_769' title='bbox 3166 4897 3255 4953; x_wconf 83' lang='grc' dir='ltr'>ἐπὶ</span> <span class='ocrx_word' id='word_1_770' title='bbox 3303 4897 3390 4952; x_wconf 81' lang='grc' dir='ltr'>σοὶ</span> <span class='ocrx_word' id='word_1_771' title='bbox 3442 4895 3596 4972; x_wconf 87' lang='grc' dir='ltr'>μόνῳ</span> 
     </span>
    </p>
   </div>
   <div class='ocr_carea' id='block_1_108' title="bbox 1948 4981 3597 5063">
    <p class='ocr_par' dir='ltr' id='par_1_108' title="bbox 1948 4981 3597 5063">
     <span class='ocr_line' id='line_1_108' title="bbox 1948 4981 3597 5063; baseline -0.002 -20"><span class='ocrx_word' id='word_1_772' title='bbox 1948 4985 2183 5058; x_wconf 76' lang='grc' dir='ltr'>ἤλπισα,</span> <span class='ocrx_word' id='word_1_773' title='bbox 2220 4984 2412 5060; x_wconf 85' lang='grc' dir='ltr'>μηδενὶ</span> <span class='ocrx_word' id='word_1_774' title='bbox 2441 4990 2549 5042; x_wconf 85' lang='grc' dir='ltr'>τῶν</span> <span class='ocrx_word' id='word_1_775' title='bbox 2583 4983 2767 5042; x_wconf 81' lang='grc' dir='ltr'>ἄλλων</span> <span class='ocrx_word' id='word_1_776' title='bbox 2798 4985 3167 5063; x_wconf 75' lang='grc' dir='ltr'>τεθαρρηκώς·</span> <span class='ocrx_word' id='word_1_777' title='bbox 3200 4984 3324 5042; x_wconf 81' lang='grc' dir='ltr'>οῖδα</span> <span class='ocrx_word' id='word_1_778' title='bbox 3351 4985 3457 5063; x_wconf 79' lang='grc' dir='ltr'>γὰρ</span> <span class='ocrx_word' id='word_1_779' title='bbox 3512 4981 3597 5040; x_wconf 76' lang='grc' dir='ltr'>ὅτι</span> 
     </span>
    </p>
   </div>
   <div class='ocr_carea' id='block_1_109' title="bbox 1951 5073 2959 5145">
    <p class='ocr_par' dir='ltr' id='par_1_109' title="bbox 1951 5073 2959 5145">
     <span class='ocr_line' id='line_1_109' title="bbox 1951 5073 2959 5145; baseline -0.003 -14"><span class='ocrx_word' id='word_1_780' title='bbox 1951 5076 2142 5145; x_wconf 87' lang='grc' dir='ltr'>σώζεις</span> <span class='ocrx_word' id='word_1_781' title='bbox 2164 5074 2292 5138; x_wconf 79' lang='grc' dir='ltr'>τοὺς</span> <span class='ocrx_word' id='word_1_782' title='bbox 2324 5073 2641 5145; x_wconf 88' lang='grc' dir='ltr'>ἐλπίζοντας</span> <span class='ocrx_word' id='word_1_783' title='bbox 2670 5074 2757 5129; x_wconf 84' lang='grc' dir='ltr'>ἐπὶ</span> <span class='ocrx_word' id='word_1_784' title='bbox 2789 5074 2895 5133; x_wconf 89' lang='grc' dir='ltr'>σοί.</span> <span class='ocrx_word' id='word_1_785' title='bbox 2929 5098 2959 5128; x_wconf 87' lang='grc'>››</span> 
     </span>
    </p>
   </div>
   <div class='ocr_carea' id='block_1_110' title="bbox 2026 5162 3604 5241">
    <p class='ocr_par' dir='ltr' id='par_1_110' title="bbox 2026 5162 3604 5241">
     <span class='ocr_line' id='line_1_110' title="bbox 2026 5162 3604 5241; baseline 0.001 -23"><span class='ocrx_word' id='word_1_786' title='bbox 2026 5189 2055 5218; x_wconf 77' lang='grc' dir='ltr'>ι(</span> <span class='ocrx_word' id='word_1_787' title='bbox 2087 5164 2229 5219; x_wconf 81' lang='grc' dir='ltr'>Εἶπα</span> <span class='ocrx_word' id='word_1_788' title='bbox 2281 5168 2361 5236; x_wconf 83' lang='grc' dir='ltr'>τῷ</span> <span class='ocrx_word' id='word_1_789' title='bbox 2417 5164 2616 5241; x_wconf 85' lang='grc' dir='ltr'>Κυρίω·</span> <span class='ocrx_word' id='word_1_790' title='bbox 2666 5162 2864 5241; x_wconf 87' lang='grc' dir='ltr'>Κύριός</span> <span class='ocrx_word' id='word_1_791' title='bbox 2922 5186 3027 5229; x_wconf 87' lang='grc' dir='ltr'>μου</span> <span class='ocrx_word' id='word_1_792' title='bbox 3074 5166 3122 5222; x_wconf 79' lang='grc' dir='ltr'>εἷ</span> <span class='ocrx_word' id='word_1_793' title='bbox 3166 5164 3253 5224; x_wconf 90' lang='grc' dir='ltr'>σύ.</span> <span class='ocrx_word' id='word_1_794' title='bbox 3287 5189 3317 5219; x_wconf 85' lang='grc'><strong>››</strong></span> <span class='ocrx_word' id='word_1_795' title='bbox 3344 5199 3413 5211; x_wconf 91' lang='grc'><strong>--</strong></span> <span class='ocrx_word' id='word_1_796' title='bbox 3458 5162 3604 5221; x_wconf 80' lang='grc' dir='ltr'>Εἶπα</span> 
     </span>
    </p>
   </div>
   <div class='ocr_carea' id='block_1_111' title="bbox 1951 5252 3603 5333">
    <p class='ocr_par' dir='ltr' id='par_1_111' title="bbox 1951 5252 3603 5333">
     <span class='ocr_line' id='line_1_111' title="bbox 1951 5252 3603 5333; baseline -0.001 -24"><span class='ocrx_word' id='word_1_797' title='bbox 1951 5258 2031 5327; x_wconf 79' lang='grc' dir='ltr'>τῷ</span> <span class='ocrx_word' id='word_1_798' title='bbox 2086 5252 2258 5329; x_wconf 89' lang='grc' dir='ltr'>Πατρὶ</span> <span class='ocrx_word' id='word_1_799' title='bbox 2304 5257 2385 5325; x_wconf 83' lang='grc' dir='ltr'>τῷ</span> <span class='ocrx_word' id='word_1_800' title='bbox 2432 5252 2617 5328; x_wconf 87' lang='grc' dir='ltr'>Κυρίῳ</span> <span class='ocrx_word' id='word_1_801' title='bbox 2662 5254 2873 5309; x_wconf 90' lang='grc' dir='ltr'>πάντων</span> <span class='ocrx_word' id='word_1_802' title='bbox 2926 5253 3009 5310; x_wconf 78' lang='grc' dir='ltr'>ὅτι</span> <span class='ocrx_word' id='word_1_803' title='bbox 3067 5256 3266 5333; x_wconf 81' lang='grc' dir='ltr'>Κύριος</span> <span class='ocrx_word' id='word_1_804' title='bbox 3308 5254 3358 5312; x_wconf 80' lang='grc' dir='ltr'>εἴ</span> <span class='ocrx_word' id='word_1_805' title='bbox 3400 5252 3464 5310; x_wconf 90' lang='grc' dir='ltr'>σύ</span> <span class='ocrx_word' id='word_1_806' title='bbox 3497 5272 3603 5327; x_wconf 91' lang='grc' dir='ltr'>μου</span> 
     </span>
    </p>
   </div>
   <div class='ocr_carea' id='block_1_112' title="bbox 1954 5340 3605 5420">
    <p class='ocr_par' dir='ltr' id='par_1_112' title="bbox 1954 5340 3605 5420">
     <span class='ocr_line' id='line_1_112' title="bbox 1954 5340 3605 5420; baseline -0.001 -23"><span class='ocrx_word' id='word_1_807' title='bbox 1954 5343 2031 5405; x_wconf 90' lang='grc' dir='ltr'>ὡς</span> <span class='ocrx_word' id='word_1_808' title='bbox 2079 5342 2364 5418; x_wconf 89' lang='grc' dir='ltr'>ἀνθρώπου</span> <span class='ocrx_word' id='word_1_809' title='bbox 2404 5343 2492 5398; x_wconf 79' lang='grc' dir='ltr'>καὶ</span> <span class='ocrx_word' id='word_1_810' title='bbox 2540 5340 2649 5418; x_wconf 78' lang='grc' dir='ltr'>οὐχ</span> <span class='ocrx_word' id='word_1_811' title='bbox 2690 5341 2767 5406; x_wconf 85' lang='grc' dir='ltr'>ὡς</span> <span class='ocrx_word' id='word_1_812' title='bbox 2810 5347 2966 5414; x_wconf 89' lang='grc' dir='ltr'>Θεοῦ,</span> <span class='ocrx_word' id='word_1_813' title='bbox 2993 5343 3205 5401; x_wconf 86' lang='grc' dir='ltr'>καὶδιᾶ</span> <span class='ocrx_word' id='word_1_814' title='bbox 3245 5348 3407 5401; x_wconf 89' lang='grc' dir='ltr'>τοῦτο</span> <span class='ocrx_word' id='word_1_815' title='bbox 3448 5360 3605 5420; x_wconf 89' lang='grc' dir='ltr'>περι-</span> 
     </span>
    </p>
   </div>
   <div class='ocr_carea' id='block_1_113' title="bbox 1956 5427 3607 5510">
    <p class='ocr_par' dir='ltr' id='par_1_113' title="bbox 1956 5427 3607 5510">
     <span class='ocr_line' id='line_1_113' title="bbox 1956 5427 3607 5510; baseline 0 -25"><span class='ocrx_word' id='word_1_816' title='bbox 1956 5430 2286 5510; x_wconf 88' lang='grc' dir='ltr'>φρούρησον·</span> <span class='ocrx_word' id='word_1_817' title='bbox 2339 5430 2416 5494; x_wconf 84' lang='grc' dir='ltr'>ὡς</span> <span class='ocrx_word' id='word_1_818' title='bbox 2461 5429 2566 5508; x_wconf 74' lang='grc' dir='ltr'>γὰρ</span> <span class='ocrx_word' id='word_1_819' title='bbox 2618 5427 2902 5506; x_wconf 78' lang='grc' dir='ltr'>ἅνθρωπος</span> <span class='ocrx_word' id='word_1_820' title='bbox 2952 5431 3127 5490; x_wconf 85' lang='grc' dir='ltr'>ἐδεῖτο</span> <span class='ocrx_word' id='word_1_821' title='bbox 3181 5436 3282 5505; x_wconf 82' lang='grc' dir='ltr'>τῆς</span> <span class='ocrx_word' id='word_1_822' title='bbox 3358 5431 3463 5489; x_wconf 83' lang='grc' dir='ltr'>ἀπὸ</span> <span class='ocrx_word' id='word_1_823' title='bbox 3506 5432 3607 5486; x_wconf 82' lang='grc' dir='ltr'>τοῦ</span> 
     </span>
    </p>
   </div>
   <div class='ocr_carea' id='block_1_114' title="bbox 1956 5518 3608 5600">
    <p class='ocr_par' dir='ltr' id='par_1_114' title="bbox 1956 5518 3608 5600">
     <span class='ocr_line' id='line_1_114' title="bbox 1956 5518 3608 5600; baseline -0.001 -26"><span class='ocrx_word' id='word_1_824' title='bbox 1956 5524 2092 5575; x_wconf 88' lang='grc' dir='ltr'>Θεοῦ</span> <span class='ocrx_word' id='word_1_825' title='bbox 2149 5518 2417 5597; x_wconf 81' lang='grc' dir='ltr'>φυλακῆς·</span> <span class='ocrx_word' id='word_1_826' title='bbox 2483 5519 2752 5596; x_wconf 84' lang='grc' dir='ltr'>ὑπετάγην</span> <span class='ocrx_word' id='word_1_827' title='bbox 2804 5521 2929 5599; x_wconf 79' lang='grc' dir='ltr'>γὰρ,</span> <span class='ocrx_word' id='word_1_828' title='bbox 2962 5523 3118 5600; x_wconf 85' lang='grc' dir='ltr'>φησὶ,</span> <span class='ocrx_word' id='word_1_829' title='bbox 3148 5521 3230 5598; x_wconf 81' lang='grc' dir='ltr'>τῷ</span> <span class='ocrx_word' id='word_1_830' title='bbox 3275 5521 3484 5599; x_wconf 84' lang='grc' dir='ltr'>Κυρίῳ,</span> <span class='ocrx_word' id='word_1_831' title='bbox 3515 5518 3608 5575; x_wconf 82' lang='grc' dir='ltr'>καὶ</span> 
     </span>
    </p>
   </div>
   <div class='ocr_carea' id='block_1_115' title="bbox 189 5595 2416 5678">
    <p class='ocr_par' dir='ltr' id='par_1_115' title="bbox 189 5595 2416 5678">
     <span class='ocr_line' id='line_1_115' title="bbox 189 5595 2416 5678; baseline 0.004 -25"><span class='ocrx_word' id='word_1_832' title='bbox 189 5595 559 5668; x_wconf 84' lang='grc' dir='ltr'>Ἀπόστολος,</span> <span class='ocrx_word' id='word_1_833' title='bbox 612 5599 679 5668; x_wconf 75' lang='grc' dir='ltr'>νη</span> <span class='ocrx_word' id='word_1_834' title='bbox 738 5601 839 5668; x_wconf 78' lang='grc' dir='ltr'>τήν</span> <span class='ocrx_word' id='word_1_835' title='bbox 894 5601 1162 5675; x_wconf 78' lang='grc' dir='ltr'>ἡμετέραν</span> <span class='ocrx_word' id='word_1_836' title='bbox 1223 5601 1514 5678; x_wconf 88' lang='grc' dir='ltr'>καύχησιν·</span> <span class='ocrx_word' id='word_1_837' title='bbox 1565 5603 1732 5660; x_wconf 90' lang='grc' dir='ltr'>τύπον</span> <span class='ocrx_word' id='word_1_838' title='bbox 1788 5603 1850 5663; x_wconf 73' lang='grc' dir='ltr'>δὲ</span> <span class='ocrx_word' id='word_1_839' title='bbox 1959 5595 2204 5663; x_wconf 75' lang='grc' dir='ltr'>ἱκέτευσα</span> <span class='ocrx_word' id='word_1_840' title='bbox 2232 5606 2416 5663; x_wconf 81' lang='grc' dir='ltr'>αὐτόν.</span> 
     </span>
    </p>
   </div>
   <div class='ocr_carea' id='block_1_116' title="bbox 191 5685 1847 5763">
    <p class='ocr_par' dir='ltr' id='par_1_116' title="bbox 191 5685 1847 5763">
     <span class='ocr_line' id='line_1_116' title="bbox 191 5685 1847 5763; baseline 0.006 -24"><span class='ocrx_word' id='word_1_841' title='bbox 191 5690 545 5762; x_wconf 82' lang='grc' dir='ltr'>Χριστιανοῖς</span> <span class='ocrx_word' id='word_1_842' title='bbox 604 5685 778 5763; x_wconf 81' lang='grc' dir='ltr'>ὅρκων</span> <span class='ocrx_word' id='word_1_843' title='bbox 838 5689 866 5742; x_wconf 90' lang='lat'>6</span> <span class='ocrx_word' id='word_1_844' title='bbox 926 5687 1202 5751; x_wconf 88' lang='grc' dir='ltr'>θεσπέσιος</span> <span class='ocrx_word' id='word_1_845' title='bbox 1285 5688 1545 5746; x_wconf 81' lang='grc' dir='ltr'>κατέλιπε</span> <span class='ocrx_word' id='word_1_846' title='bbox 1631 5694 1847 5760; x_wconf 89' lang='grc' dir='ltr'>Παῦλος</span> 
     </span>
    </p>
   </div>
   <div class='ocr_carea' id='block_1_117' title="bbox 2033 5694 3611 5778">
    <p class='ocr_par' dir='ltr' id='par_1_117' title="bbox 2033 5694 3611 5778">
     <span class='ocr_line' id='line_1_117' title="bbox 2033 5694 3611 5778; baseline 0.001 -29"><span class='ocrx_word' id='word_1_847' title='bbox 2033 5721 2061 5750; x_wconf 91' lang='grc'><strong>‹‹</strong></span> <span class='ocrx_word' id='word_1_848' title='bbox 2094 5700 2212 5753; x_wconf 79' lang='grc' dir='ltr'>’Ότι</span> <span class='ocrx_word' id='word_1_849' title='bbox 2236 5700 2344 5751; x_wconf 89' lang='grc' dir='ltr'>τῶν</span> <span class='ocrx_word' id='word_1_850' title='bbox 2379 5696 2590 5772; x_wconf 87' lang='grc' dir='ltr'>ἀγαθῶν</span> <span class='ocrx_word' id='word_1_851' title='bbox 2641 5719 2747 5772; x_wconf 91' lang='grc' dir='ltr'>μου</span> <span class='ocrx_word' id='word_1_852' title='bbox 2798 5698 2860 5754; x_wconf 82' lang='grc' dir='ltr'>ού</span> <span class='ocrx_word' id='word_1_853' title='bbox 2908 5700 3099 5778; x_wconf 90' lang='grc' dir='ltr'>χρείαν</span> <span class='ocrx_word' id='word_1_854' title='bbox 3144 5696 3315 5778; x_wconf 74' lang='grc' dir='ltr'>ἔχεις.</span> <span class='ocrx_word' id='word_1_855' title='bbox 3350 5723 3381 5753; x_wconf 83' lang='lat'><strong>»</strong></span> <span class='ocrx_word' id='word_1_856' title='bbox 3408 5729 3479 5743; x_wconf 90' lang='lat'>—-</span> <span class='ocrx_word' id='word_1_857' title='bbox 3515 5694 3611 5752; x_wconf 79' lang='grc' dir='ltr'>Εἶ-</span> 
     </span>
    </p>
   </div>
   <div class='ocr_carea' id='block_1_118' title="bbox 194 5772 3615 5871">
    <p class='ocr_par' dir='ltr' id='par_1_118' title="bbox 194 5772 3615 5871">
     <span class='ocr_line' id='line_1_118' title="bbox 194 5772 3615 5871; baseline 0.004 -37"><span class='ocrx_word' id='word_1_858' title='bbox 194 5774 385 5842; x_wconf 73' lang='grc' dir='ltr'>εἷπών·</span> <span class='ocrx_word' id='word_1_859' title='bbox 443 5798 473 5828; x_wconf 87' lang='grc'>‹‹</span> <span class='ocrx_word' id='word_1_860' title='bbox 519 5772 734 5850; x_wconf 78' lang='grc' dir='ltr'>Μάρτυς</span> <span class='ocrx_word' id='word_1_861' title='bbox 782 5775 889 5852; x_wconf 71' lang='grc' dir='ltr'>μού</span> <span class='ocrx_word' id='word_1_862' title='bbox 933 5776 1072 5832; x_wconf 72' lang='grc' dir='ltr'>ἐστιν</span> <span class='ocrx_word' id='word_1_863' title='bbox 1132 5777 1160 5831; x_wconf 84' lang='grc'>6</span> <span class='ocrx_word' id='word_1_864' title='bbox 1210 5779 1339 5843; x_wconf 78' lang='grc' dir='ltr'>Θεὸς</span> <span class='ocrx_word' id='word_1_865' title='bbox 1383 5780 1430 5855; x_wconf 81' lang='grc' dir='ltr'>ᾧ</span> <span class='ocrx_word' id='word_1_866' title='bbox 1499 5778 1772 5865; x_wconf 80' lang='grc' dir='ltr'>λατρεύω·</span> <span class='ocrx_word' id='word_1_867' title='bbox 1819 5807 1849 5840; x_wconf 85' lang='grc'><strong>››</strong></span> <span class='ocrx_word' id='word_1_868' title='bbox 1962 5807 2063 5845; x_wconf 88' lang='grc' dir='ltr'>πον</span> <span class='ocrx_word' id='word_1_869' title='bbox 2124 5782 2182 5843; x_wconf 76' lang='grc' dir='ltr'>δὲ</span> <span class='ocrx_word' id='word_1_870' title='bbox 2230 5783 2450 5871; x_wconf 78' lang='grc' dir='ltr'>προσέτι</span> <span class='ocrx_word' id='word_1_871' title='bbox 2509 5784 2592 5844; x_wconf 77' lang='grc' dir='ltr'>ὅτι</span> <span class='ocrx_word' id='word_1_872' title='bbox 2643 5791 2751 5845; x_wconf 88' lang='grc' dir='ltr'>τῶν</span> <span class='ocrx_word' id='word_1_873' title='bbox 2795 5772 2988 5871; x_wconf 75' lang='grc' dir='ltr'>δώρων</span> <span class='ocrx_word' id='word_1_874' title='bbox 3020 5811 3126 5867; x_wconf 87' lang='grc' dir='ltr'>μου</span> <span class='ocrx_word' id='word_1_875' title='bbox 3153 5772 3263 5846; x_wconf 82' lang='grc' dir='ltr'>τῶν</span> <span class='ocrx_word' id='word_1_876' title='bbox 3297 5789 3373 5853; x_wconf 81' lang='grc' dir='ltr'>εἰς</span> <span class='ocrx_word' id='word_1_877' title='bbox 3432 5785 3615 5854; x_wconf 79' lang='grc' dir='ltr'>θυσίαν</span> 
     </span>
    </p>
   </div>
   <div class='ocr_carea' id='block_1_119' title="bbox 488 5900 1190 5994">
    <p class='ocr_par' dir='ltr' id='par_1_119' title="bbox 488 5900 1190 5994">
     <span class='ocr_line' id='line_1_119' title="bbox 488 5900 1190 5994; baseline 0.006 -27"><span class='ocrx_word' id='word_1_878' title='bbox 488 5900 754 5994; x_wconf 64' lang='lat' dir='ltr'>Parnm.</span> <span class='ocrx_word' id='word_1_879' title='bbox 804 5903 913 5967; x_wconf 74' lang='lat' dir='ltr'>Gn.</span> <span class='ocrx_word' id='word_1_880' title='bbox 962 5903 1190 5973; x_wconf 83' lang='lat' dir='ltr'>CXLII.</span> 
     </span>
    </p>
   </div>
   <div class='ocr_carea' id='block_1_120' title="bbox 3250 5919 3335 6017">
    <p class='ocr_par' dir='ltr' id='par_1_120' title="bbox 3250 5919 3335 6017">
     <span class='ocr_line' id='line_1_120' title="bbox 3250 5919 3335 6017; baseline -0.094 0"><span class='ocrx_word' id='word_1_881' title='bbox 3250 5919 3335 6017; x_wconf 56' lang='grc' dir='ltr'>ἐξ</span> 
     </span>
    </p>
   </div>
  </div>
