3988 6416
379 429 532 491 138⁸7

378 645 502 719 ἔξω·
537 646 582 701 εἰ
613 647 712 723 γάρ
745 647 832 700 καὶ
872 646 1152 720 προσίεται
1207 646 1234 698 6
1285 647 1415 708 Θεὸς
1461 647 1526 700 τά
1577 641 1807 706 εὐσεϐῶς
1857 666 2030 721 προσ-

382 735 642 813 αγόμενα,
702 733 828 790 ἀλλ’
887 735 994 811 οὐχ
1051 735 1128 796 ὡς
1184 731 1377 797 ἐνδεῶς
1455 735 1650 802 αὐτῶν,
1711 732 1836 789 ἀλλ’
1895 733 2033 787 ὥστε

381 830 550 881 ταῦτα
579 823 778 899 κρίνειν
812 821 1232 900 εὐγνωμοσύνης
1292 821 1561 895 ἀπόδειξὶν
1620 824 1709 879 καὶ
1763 825 2032 878 ποιεῖσθαι

384 915 651 992 πρόφασιν
684 909 1004 974 ἀντιδόσεως
1035 917 1142 967 τῶν
1173 910 1402 967 πολλῶν
1440 912 1785 984 κρειττόνων.

461 1025 644 1082 «Τοῖς
703 1019 882 1096 ἁγίοις
936 1023 1056 1081 τοῖς
1103 1017 1155 1074 έν
1211 1022 1280 1092 τῇ
1434 1018 1598 1074 αὐτοῦ
1627 1015 2034 1091 έθαυμάστωσεν

389 1113 420 1168 6
451 1110 664 1185 Κύριος.
713 1134 735 1161 ι
768 1141 838 1152 —-
874 1105 1112 1170 Εὕελπίς
1153 1107 1291 1181 εἰμι,
1350 1109 1536 1185 φησὶν,
1569 1105 1726 1170 εἰδὼς
1783 1106 1865 1162 6'1:
1921 1111 2040 1170 τοῖς

390 1199 569 1276 ἁγίοις
625 1203 743 1261 τοῖς
802 1197 852 1254 ἐν
911 1201 982 1271 τῇ
1040 1200 1113 1272 γῇ
1145 1195 1308 1252 αὐτοῦ
1339 1197 1620 1270 θαυμαστὰ
1645 1195 1734 1252 καὶ
1765 1192 2043 1272 παράδοξα

390 1287 642 1358 ἐποίησεν
677 1288 704 1341 6
736 1285 954 1363 Κύριος.
988 1287 1177 1363 ’Ἄγιος
1211 1284 1269 1340 δὲ
1318 1286 1347 1340 6
1400 1286 1493 1340 τὸν
1547 1286 1675 1342 Θεὸν
1736 1284 2040 1359 εἰλικρινῶς

391 1376 615 1453 ἀγαπῶν
683 1374 774 1429 καὶ
834 1373 916 1429 ἐπ’
973 1373 1120 1446 αύτῷ
1175 1375 1476 1437 πεποιθώς·
1536 1375 1650 1436 οἷος
1709 1377 1772 1442 ἦν
1821 1374 1849 1428 6
1877 1376 2045 1428 ταῦτα

394 1465 588 1542 λέγων.
619 1464 738 1520 Εἶεν
773 1461 819 1519 δ’
846 1463 905 1518 ἃν
939 1463 1032 1526 οὓς
1057 1463 1205 1539 λέγει
1236 1463 1429 1518 πάντες
1485 1464 1538 1518 οἱ
1594 1465 1701 1540 πρὸ
1755 1470 1859 1532 τῆς
1910 1465 2042 1538 Χρι-

396 1558 526 1609 στοῦ
554 1552 852 1629 παρουσίας
885 1551 1333 1628 εύαρεστήσαντες
1362 1557 1441 1624 τῷ
1478 1557 1613 1623 Θεῷ.
1668 1558 1774 1620 Γῆν
1828 1549 1886 1606 δὲ
1945 1549 2046 1605 0:6-

397 1647 494 1698 τοῦ
524 1643 559 1712 ἢ
588 1641 790 1713 ταύτην
851 1638 1048 1711 εἷ’ποις,
1087 1645 1185 1696 τοῦ
1242 1641 1446 1717 Κυρίου
1501 1641 1600 1717 γὰρ
1662 1644 1696 1710 ἡ
1753 1643 1848 1716 γῆ,
1945 1640 2045 1708 τὴν

403 1731 515 1786 ἄνω
547 1728 912 1808 Ἰερουσαλὴμ
941 1730 992 1785 ἐν
1086 1731 1176 1784 καὶ
1232 1729 1378 1786 κάτω
1434 1725 1582 1792 ὄντες
1640 1729 2047 1798 ἐπολιτεύοντο,

473 1820 487 1842 κ
1258 1818 1271 1837 ι
1432 1837 1444 1850 ,
1646 1820 1658 1835 ε
1724 1820 1737 1838 ,
1992 1818 2008 1836 ς

399 1842 489 1876 και
548 1819 600 1876 ἐν
739 1818 986 1882 θανόντες
1049 1818 1426 1875 πολιτεύονται
1478 1820 1514 1888 ἢ
1571 1839 1663 1874 και
1714 1820 1891 1894 αγίοις
1955 1837 2046 1890 μεν

403 1909 750 1979 ὑποληπτέον
806 1907 936 1971 τοὺς
993 1907 1332 1970 ἀποστόλους
1389 1909 1478 1963 καὶ
1553 1910 1682 1972 τοὺς
1737 1907 1787 1981 ἐξ
1877 1908 2052 1962 αὐτῶν
2081 1939 2130 2004 Β

2031 1996 2044 2013 \

403 1997 777 2068 πιστεύοντας,
869 1994 1173 2052 πολυειδῶν
1255 1997 1538 2072 ῥυσθέντας
1623 1995 1884 2052 κινδύνων
1958 1996 2048 2050 καὶ

403 2086 664 2143 θανάτωνο
725 2088 829 2161 γῆν
889 2082 946 2140 δὲ
993 2087 1094 2154 τὴν
1155 2084 1478 2155 Ἐκκλησίαν
1508 2085 1560 2140 ἐν
1700 2084 2052 2163 ἀναστρέφον-

400 2197 510 2232 ται.
545 2175 676 2230 Εἷτα
703 2174 882 2246 τίθησι
921 2174 1011 2229 καὶ
1068 2174 1168 2243 τὴν
1217 2173 1391 2230 αἰτίαν
1447 2172 1514 2230 δι’
1564 2176 1624 2244 ἣν
1682 2174 1868 2237 αὐτοῖς
1927 2176 2052 2229 θαυ-

410 2263 587 2342 μαστά
615 2269 782 2323 ποιεῖ.

481 2378 511 2407 ‹‹
543 2354 725 2409 Πάντα
748 2353 816 2408 τά
844 2349 1129 2426 θελήματα
1158 2351 1326 2406 αὐτοῦ
1375 2351 1427 2407 ἐν
1481 2352 1691 2415 αὐτοῖς.
1725 2377 1756 2405 ››
1787 2383 1858 2397 --
1884 2357 2059 2407 Ὅπου

410 2443 516 2520 γάρ
547 2447 643 2498 τοῦ
675 2446 809 2498 Θεοῦ
838 2441 1079 2517 γίνονται
1141 2439 1446 2515 θελήματα,
1477 2441 1565 2496 καὶ
1606 2443 1634 2496 6
1666 2442 1796 2504 Θεὸς
1846 2441 2060 2502 πάντως

418 2531 558 2588 ἐστὶν
587 2531 639 2587 ἐν
671 2531 857 2594 αὐτοῖς
888 2530 1170 2609 φυλάττων
1202 2531 1291 2586 καὶ
1321 2531 1680 2595 κατευθύνων.

490 2646 519 2674 ‹‹
553 2617 998 2691 Έπληθύνθησαν
1060 2620 1114 2674 αἱ
1171 2620 1432 2674 ἀσθένειαι
1491 2619 1688 2674 αὐτῶν⁸
1752 2620 1884 2691 μετά
1939 2623 2066 2674 ταῦ-

419 2729 487 2766 τα
515 2709 800 2785 ἐτάχυναν.
832 2731 859 2763 ιι
895 2743 962 2752 -
1007 2708 1302 2770 Ἀσθενείας
1351 2707 1502 2784 λέγει
1547 2708 1674 2770 τοὺς
1722 2707 1924 2771 κόπους
1980 2707 2070 2762 καὶ

424 2800 522 2862 τάς
581 2797 792 2873 θλίψεις
852 2797 1046 2854 αὐτῶνθ
1102 2797 1282 2874 ῥύεται
1340 2794 1398 2853 δὲ
1450 2797 1644 2861 αὐτοὺς
1705 2799 1733 2853 6
1782 2797 1999 2875 Κύριος’
2033 2798 2069 2866 ἢ

426 2888 518 2944 καὶ
596 2884 804 2949 ἄλλως·
859 2885 1270 2958 ἐπληθύνθησαν
1342 2887 1396 2941 αἰ
1471 2887 1727 2963 ἁμαρτίαι
1811 2887 2072 2964 πρότερον

426 2981 532 3032 τῶν
612 2975 685 3038 εἷς
759 2977 987 3050 Χριστὸν
1061 2975 1516 3030 πεπιστευκότωνο
1571 2976 1895 3045 ἀσθενούσης
1970 2978 2074 3051 γὰρ

426 3071 528 3134 τῆς
594 3065 777 3138 ψυχῆς
829 3065 864 3132 ἡ
916 3063 1154 3140 ἁμαρτία
1210 3063 1432 3138 γίνεταιο
1489 3063 1603 3118 εἶτα
1669 3068 1765 3118 τοῦ
1837 3062 2076 3139 Εύαγγε-

427 3151 552 3208 λίου
607 3152 1000 3228 κηρυχθέντος,
1062 3151 1320 3228 ἐτάχυναν
1404 3152 1480 3214 εἰς
1557 3147 1848 3207 εὐσέϐειαν·
1897 3154 1965 3208 τὰ
2031 3151 2078 3207 δ’

427 3241 658 3298 ἐντεῦθεν
688 3241 796 3318 ούχ
837 3242 912 3303 ὡς
964 3240 1268 3318 ἅνθρωπος,
1321 3239 1446 3297 ἀλλ’
1485 3242 1558 3304 ὡς
1604 3242 1733 3306 Θεὸς
1777 3241 2074 3321 ἀποφαίνε-

423 3353 535 3389 ται.

500 3445 530 3475 «
561 3421 634 3476 O6
686 3421 762 3495 μὴ
812 3418 1090 3497 συναγάγω
1130 3420 1227 3482 τὰς
1287 3421 1595 3497 συναγωγάς
1653 3421 1828 3476 αὐτῶν
1887 3421 1938 3492 ἐξ
1994 3423 2076 3476 αἰ-

434 3511 640 3585 μάτων.
675 3534 795 3562 ››-
853 3514 1020 3564 Τοῦτο
1068 3509 1192 3584 περὶ
1250 3513 1357 3564 τῶν
1410 3509 1705 3566 ἀνελόντων
1755 3508 1913 3566 αὐτὸν
1943 3513 2078 3566 Ἰου-

434 3598 598 3656 δαίων
625 3600 699 3653 ὧν
725 3601 794 3654 τά
821 3596 1010 3670 πλήθη
1058 3603 1374 3675 συναγαγεῖν
1421 3599 1528 3654 ἀπὸ
1571 3606 1778 3678 σφαγῆς
1836 3598 2076 3655 ἀνανεύει

433 3690 501 3744 τὰ
529 3686 1003 3764 διαφθαρησόμενα
1030 3693 1137 3742 τῶν
1172 3687 1455 3764 ῥημάτων.

509 3819 538 3848 ‹‹
567 3791 692 3849 068'
740 3794 802 3850 ού
855 3796 929 3869 μὴ
986 3799 1210 3869 μνησθῶ
1257 3799 1365 3850 τῶν
1417 3795 1694 3868 ὀνομάτων
1753 3795 1928 3852 αὐτῶν
1992 3794 2084 3852 διὰ

435 3883 669 3961 χειλέων
732 3905 857 3958 μου.
905 3908 932 3936 ››
984 3917 1052 3926 -
1102 3885 1425 3957 Ὠνομάζετο
1475 3886 1574 3960 γὰρ
1625 3886 1654 3939 6
1698 3884 1828 3948 Λαὸς
1878 3887 2079 3950 ἐκεῖνος

435 3971 570 4034 λαὸς
625 3976 762 4027 Θεοῦ
816 3971 907 4026 καὶ
963 3971 1275 4046 περιούσιος
1319 3971 1410 4026 καὶ
1465 3970 1732 4046 ἄμπελος,
1783 3974 1871 4030 καὶ
1928 3975 2080 4050 μερὶς

431 4061 526 4117 καὶ
580 4058 925 4136 κληρονομία
980 4059 1070 4114 καὶ
1129 4060 1443 4136 σχοίνισμα,
1501 4061 1589 4115 καὶ
1660 4061 1759 4116 ὅσα
1833 4068 2079 4121 τοιαῦτα.

435 4149 546 4205 Οὐκ
573 4145 651 4205 ἔτι
699 4169 852 4224 γουν,
903 4147 1086 4227 φησὶν,
1123 4146 1411 4210 Ἰουδαίους
1456 4149 1671 4204 καλέσω
1716 4157 1834 4214 τοῖς
1884 4152 2084 4225 ὀνόμα-

434 4259 518 4294 σιν
561 4240 644 4301 οἷς
692 4238 783 4293 καὶ
827 4237 1114 4314 πρότερον,
1145 4235 1293 4293 ἀλλά
1335 4238 1491 4293 τέκνα
1550 4240 1810 4313 μωμητά,
1859 4240 1949 4295 καὶ
1994 4263 2082 4318 γε-

431 4329 554 4384 νεὰν
615 4327 859 4401 σκολιὰν,
903 4327 994 4382 καὶ
1049 4329 1357 4404 γεννήματα
1413 4325 1661 4404 ἐχιδνῶν,
1721 4329 1812 4384 καὶ
1869 4329 2086 4407 σπέρμα

431 4417 692 4494 πονηρὸν,
752 4416 842 4473 καὶ
899 4413 954 4473 εἷ’
1011 4438 1066 4472 τι
1120 4421 1386 4473 τοιοῦτον’
1431 4418 1467 4487 ἢ
1521 4417 1611 4472 καὶ
1684 4417 1808 4494 περὶ
1863 4424 1972 4474 τῶν
2031 4417 2084 4491 ἐξ

434 4503 597 4571 ἐθνῶν
631 4506 797 4585 ἄμφω
826 4505 895 4561 16:
941 4504 1078 4582 ῥητά
1133 4508 1435 4578 νοήσωμεν·
1469 4505 1554 4561 6'1:
1611 4505 1674 4561 ού
1736 4508 1812 4580 μὴ
1873 4507 2085 4564 οἰκειώ-

436 4615 600 4668 σομαι
629 4594 724 4657 τὰς
762 4593 1053 4665 ἐκκλησίας
1109 4593 1284 4650 αὐτῶν
1333 4593 1384 4665 ἐξ
1418 4592 1652 4668 ἐναίμων
1705 4597 1923 4669 θυσιῶν,
1956 4597 2084 4654 ἀλλ’

437 4683 489 4755 ἐξ
547 4682 877 4759 εἰλικρινοῦς
932 4683 1163 4747 πίστεως
1223 4684 1312 4739 καὶ
1378 4683 1646 4756 πνεύματι
1717 4691 1819 4754 τῆς
1878 4685 2082 4748 θυσίας’
2117 4679 2463 4767 Πτροῦντες,
2521 4686 2911 4764 περιορίζουσι’

437 4771 562 4828 οὐδὲ
622 4774 698 4846 μὴ
767 4775 1146 4848 μνησθησομαι
1221 4777 1326 4828 τῶν
1403 4772 1707 4845 ὀνομάτων,
1761 4775 1842 4836 οἷς
1895 4775 2088 4837 αὐτοὺς

437 4859 722 4934 ὠνόμαζον
768 4861 936 4917 πάλαι
979 4860 1067 4917 διὰ
1106 4867 1214 4917 τῶν
1263 4867 1582 4940 προφητῶν
1632 4861 1759 4918 ἀλλ’
1809 4863 1925 4918 ἀντὶ
1989 4865 2084 4937 μὲν

437 4947 647 5026 ἐχθρῶν
676 4948 892 5005 καλέσω
924 4951 1137 5028 φίλους,
1170 4951 1291 5005 ἀντῖ
1318 4949 1558 5006 ἀπίστων
1591 4949 1836 5024 πιστοὺς,
1868 4954 1957 5007 κιοὶ
1989 4952 2088 5006 ὅσα

433 5037 649 5100 τούτοις
683 5038 974 5094 ἀκόλουθα·
1009 5039 1174 5115 χείλη
1211 5038 1267 5094 δέ
1300 5045 1432 5095 Θεοῦ
1462 5042 1661 5095 νοοῖντ³
1713 5039 1771 5095 ἂν
1824 5042 1875 5097 οἱ
1908 5041 2086 5117 λόγοι,

431 5126 522 5181 καὶ
551 5131 719 5181 ταῦτα
745 5129 845 5203 γὰρ
878 5127 1054 5205 λόγων
1089 5126 1311 5204 ὄργανα·
1364 5127 1552 5192 ἄλλως
1601 5150 1659 5184 τε
1705 5129 1794 5185 καὶ
1827 5132 1855 5186 6
1888 5132 2083 5207 Σωτήρ

431 5214 652 5292 ὕστερον
685 5216 762 5277 ὡς
793 5215 1075 5292 ἄνθρωπος
1109 5218 1360 5291 ὠνόμαζε
1388 5218 1476 5272 καὶ
1510 5216 1806 5282 Ἰουδαίους
1835 5220 1925 5274 καὶ
1953 5220 2084 5282 τοὺς

431 5303 482 5377 ἐξ
527 5302 688 5358 ἐθνῶν
740 5310 857 5368 τοῖς
907 5305 1166 5370 ἐναντίοις
1209 5312 1316 5362 τῶν
1363 5307 1642 5384 προτέρων
1694 5308 1976 5384 ὀνόμασιν,
2008 5312 2085 5376 ὡς

428 5390 760 5464 δεδήλωται.

497 5507 528 5536 (ι
562 5482 762 5558 Κύριος
798 5485 952 5559 μερὶς
980 5487 1079 5554 τῆς
1103 5483 1480 5562 κληρονομίας
1537 5507 1642 5560 μου
1691 5487 1782 5543 καὶ
1829 5493 1925 5544 τοῦ
1981 5511 2082 5546 πο-

422 5572 618 5651 τηρίου
679 5595 805 5647 μου.
841 5597 964 5625 ››--
995 5575 1068 5628 O6
1125 5575 1269 5652 παρά
1316 5576 1566 5652 γνώμην.
1610 5577 1762 5654 φησὶ,
1817 5584 1914 5633 τοῦ
1971 5587 2080 5634 Πα-

420 5664 551 5740 τρὸς
610 5662 879 5739 ἐγενόμην
949 5662 1254 5742 ἄνθρωπος·
1315 5664 1404 5720 καὶ
1461 5664 1620 5727 αὐτὸς
1685 5667 1788 5742 γὰρ
1855 5672 1923 5742 τῇ
1991 5668 2081 5724 εύ-

425 5749 584 5838 δοκίᾳ
633 5752 872 5837 μέτοχός
919 5753 1028 5811 ἐστι
1079 5757 1175 5810 τοῦ
1225 5753 1360 5812 λαοῦ
1427 5756 1525 5808 τοῦ
1593 5754 1973 5821 πιστεύσαντος
2028 5757 2080 5838 ἐξ

1633 425 2056 486 NIGEPHORI
2105 425 2539 486 BLEMMIDE

381 561 444 616 οὐ
477 560 662 636 χρείαν
693 556 860 633 ἔχεις,
887 555 981 612 τίναι
1008 558 1098 612 καὶ
1131 557 1275 622 θύσω
1334 579 1418 612 σοι
1462 558 1551 612 καὶ
1601 556 1774 619 οὕτως
1825 557 2026 632 βοηθὸν
2058 567 2112 631 Α
2144 557 2332 619 ἐθνῶν·
2391 561 2588 614 τοῦτισο

3646 421 3814 486 1388

2649 557 2752 633 γὰρ
2809 555 2967 612 καλεῖ
3022 555 3422 632 κληρονομίαν,
3475 554 3557 616 ὡς
3621 553 3676 609 ἐν
3737 555 3818 626 τῷ

2141 643 2375 721 δευτέρῳ
2406 645 2612 719 ψαλμῷ
2662 646 3006 720 προείρηται.
3057 647 3175 699 Ἔτι
3231 643 3288 700 δὲ
3341 645 3432 699 καὶ
3479 648 3590 698 τοῦ
3649 644 3813 698 θανά-

2138 755 2256 788 τουο
2317 737 2580 811 ποτήριον
2636 736 2737 811 γὰρ
2795 734 3018 810 ἐνιαχοῦ
3075 741 3175 803 τῆς
3226 739 3449 811 Γραφῆς
3501 734 3532 788 6
3584 734 3818 794 θάνατος

2144 823 2522 897 ἑρμηνεύεταιο
2575 825 2671 879 κάν
2727 829 2846 885 τοῖς
2903 821 3260 898 Εύαγγελίοις
3310 824 3415 898 γὰρ
3468 820 3647 898 λέγει·
3685 846 3716 874 (ί
3748 824 3818 877 T6

2143 915 2406 989 ποτήριον
2441 913 2470 967 ’ὀ
2504 911 2614 988 ἐγὼ
2667 912 2828 983 πίνω,
2865 911 3018 984 ὑμεῖς
3054 910 3117 966 o6
3173 909 3397 967 δύνασθε
3457 916 3627 966 πιεῖν·
3667 936 3698 963 ι)
3728 911 3817 967 καὶ

2145 1002 2323 1065 αὖθις·
2387 1026 2415 1054 ((
2470 1001 2643 1076 Πάτερ
2707 1022 2833 1075 μου,
2893 1001 2939 1056 εἰ
2996 998 3220 1056 δυνατόν
3297 1001 3432 1070 ἐστι,
3486 999 3816 1076 παρελθέτω

2148 1092 2239 1146 ἀπ’
2299 1091 2434 1164 ἐμοῦ
2488 1091 2550 1146 τὸ
2608 1093 2872 1165 ποτήριον
2932 1094 3112 1145 τοῦτο·
3149 1087 3486 1159 »ηὐδόκησε
3555 1091 3668 1166 γὰρ
3727 1090 3816 1144 καὶ

2151 1179 2240 1236 ἐπὶ
2286 1184 2356 1254 τῇ
2414 1178 2708 1250 ἀνακλήσει
2764 1183 2872 1233 τῶν
2934 1179 3097 1234 ἐθνῶν
3154 1179 3247 1234 καὶ
3304 1179 3391 1234 ἐπὶ
3450 1183 3530 1250 τῷ
3598 1181 3816 1234 θανάτω

2147 1274 2244 1325 τοῦ
2303 1270 2449 1323 Υἱοῦ·
2483 1269 2518 1338 ἢ
2549 1269 2640 1324 καὶ
2703 1265 2895 1342 μερίδα
2946 1269 3040 1323 τὸν
3089 1267 3327 1324 πλοῦτον
3382 1271 3628 1339 νοήσεις,
3677 1267 3817 1341 ’ίνήᾗ

2149 1357 2434 1420 τοιούτως·
2469 1359 2497 1411 6
2527 1359 2654 1420 Θεὸς
2705 1355 2946 1419 πλοῦτός
3003 1356 3111 1412 ἐστι
3166 1364 3267 1426 τῆς
3322 1355 3373 1430 ἐξ
3404 1356 3572 1421 ἐθνῶν
3605 1356 3819 1432 κληροε

2152 1447 2345 1521 νομίας
2405 1466 2530 1521 μου·
2564 1444 2643 1502 ἔτι
2675 1443 2732 1501 8‘s
2781 1445 2871 1502 καὶ
2910 1453 3009 1516 τῆς
3058 1444 3406 1509 διδασκαλίας
3462 1467 3571 1520 μου
3632 1445 3820 1501 πλοῦ-

2152 1557 2248 1598 τος
2303 1535 2393 1591 καί
2450 1535 2772 1614 κεφάλαιον·
2828 1539 3108 1611 πανταχοῦ
3163 1536 3266 1612 γὰρ
3323 1541 3421 1590 τοῦ
3478 1533 3824 1612 Εὖαγγελίου

2154 1627 2278 1701 περὶ
2331 1629 2434 1680 τοῦ
2495 1632 2756 1701 Σωτῆρος
2814 1623 3080 1695 διέξεισιν.
3141 1624 3317 1681 Ἀλλᾶ
3389 1623 3640 1687 πλοῦτος
3725 1625 3822 1697 μὶν

2156 1716 2191 1784 ἡ
2250 1714 2422 1786 μερίς·
2475 1715 2548 1774 ὡς
2603 1713 2691 1784 τὸ,
2735 1738 2765 1765 ‹‹
2820 1713 2990 1789 Μερίς
3050 1735 3152 1786 μου
3213 1713 3315 1768 εἷεν
3373 1719 3442 1789 γῆ
3509 1715 3760 1782 ζώντων.
3793 1735 3820 1765 ιι

2159 1802 2260 1860 Καὶ
2325 1803 2425 1878 γὰρ
2487 1801 2572 1856 ἐπὶ
2629 1807 2736 1856 τῶν
2799 1797 3127 1878 μεριζόντων
3187 1799 3396 1857 παίδων
3455 1803 3557 1872 την
3631 1803 3824 1857 οὐσίαν

2157 1897 2254 1947 τοῦ
2305 1892 2509 1966 πατρὸς
2567 1894 2602 1960 ἡ
2665 1891 2820 1965 μερὶς
2879 1890 3087 1964 ἑκάστῳ
3144 1889 3383 1952 πλοῦτός
3455 1890 3625 1964 ἐστιν,
3686 1890 3826 1945 ὥστε

2161 1974 2438 2055 συμϐαίνει
2499 1981 2560 2034 τὸ
2609 1979 2740 2034 0:616
2790 1979 2879 2034 καὶ
2933 1977 3128 2056 μερίδα
3159 1978 3404 2056 λέγεσθαι
3435 1979 3526 2034 καὶ
3577 1979 3826 2036 πλοῦτον

2159 2070 2248 2126 καὶ
2307 2069 2536 2145 κλῆρον·
2586 2070 2647 2124 16
2700 2069 2814 2142 μὲν,
2847 2069 2921 2132 ὡς
2977 2067 3356 2144 μεριζόμενον,
3390 2070 3451 2124 16
3485 2067 3544 2123 δὶ
3574 2069 3752 2124 πάλιν
3788 2069 3829 2123 ὡ

2333 2157 2360 2212 ό
2561 2159 2594 2213 ἀ
2644 2159 2658 2176 ⁸
2841 2157 2868 2212 ό
2954 2155 3048 2212 Δδ
3192 2157 3246 2213 λ’
3316 2155 3367 2188 “‘-
3451 2160 3464 2175 ‘
3607 2161 3736 2212 ’ἦν
3814 2178 3825 2191 ·

2162 2179 2330 2234 καταγ
2371 2179 2527 2231 μενον
2597 2179 2667 2213 πο
2696 2178 2834 2234 πατρ
2874 2179 2920 2220 ς.
3001 2181 3014 2211 ι
3054 2179 3188 2212 ασκα
3234 2179 3283 2212 ια
3313 2178 3370 2212 οι».
3411 2180 3474 2213 το
3527 2179 3636 2213 πο..
3666 2179 3804 2234 ⁸ρων

2166 2247 2247 2303 6'1:
2305 2246 2395 2300 καὶ
2444 2246 2590 2310 οἶνος
2637 2246 2772 2316 αὕτη
2824 2243 2912 2302 διὰ
2956 2247 3020 2302 τὸ
3051 2246 3349 2325 εὐφραίνειν
3382 2245 3471 2302 καὶ
3505 2245 3824 2322 ἄμπελοςὸ

2168 2335 2421 2412 Χριστός.

2244 2465 2273 2493 ‹‹
2323 2439 2398 2495 Σὺ
2457 2441 2506 2495 εἰ
2559 2441 2588 2496 6
2647 2441 3019 2496 ἀποκαθιστῶν
3102 2443 3201 2510 τὴν
3274 2441 3660 2518 κληρονομίαν
3727 2465 3831 2518 μου

2173 2528 2475 2603 ἐμοί,››-
2522 2529 2598 2584 Τά
2647 2530 2747 2606 γὰρ
2807 2527 2928 2600 ἔθνη
2988 2528 3160 2592 πέλας
3216 2536 3314 2586 τοῦ
3370 2533 3499 2587 Υίοῦ
3542 2533 3640 2588 καὶ
3697 2536 3834 2589 Θεοῦ

2175 2618 2512 2694 τυγχάνοντα
2560 2619 2852 2685 ἀνέστησαν
2907 2619 2984 2681 εἰς
3031 2617 3485 2693 εἰδωλολατρείαν
3541 2621 3662 2676 εἶτα
3734 2621 3832 2676 πά-

2180 2707 2266 2763 λιν
2344 2705 2778 2776 ἀποκατέστησαν
2856 2707 3001 2779 αύτῷ
3049 2705 3137 2762 διὰ
3183 2710 3284 2777 τῆς
3340 2709 3600 2772 πίστεως·
3663 2709 3833 2765 ἀνατί-

2183 2798 2308 2867 θησι
2369 2794 2427 2850 δὲ
2480 2795 2560 2868 τῷ
2617 2796 2785 2867 Πατρὶ
2833 2797 2931 2865 τήν
2989 2797 3172 2872 χάριν,
3231 2797 3306 2860 ὡς
3366 2799 3549 2870 αἰτίῳ⁶
3612 2801 3706 2855 καὶ
3759 2796 3830 2854 ἔτι

2181 2885 2333 2940 τουτὶ
2390 2887 2452 2940 τὸ
2512 2885 2673 2960 ῥητὸν
2730 2884 3179 2962 ἐφερμηνευτικὸν
3237 2890 3332 2940 τοῦ
3391 2888 3501 2962 πρὸ
3533 2886 3718 2943 αὐτοῦ·
3751 2886 3825 2941 διᾶ

2182 2979 2343 3029 τοῦτο
2374 2974 2499 3050 γὰρ,
2532 2978 2685 3052 φησί,
2745 2975 3007 3036 κοινωνὸς
3066 2973 3115 3028 εἶ
3153 2980 3253 3044 τῆς
3297 2973 3686 3051 κληρονομίας
3727 2997 3819 3049 μου

2185 3063 2273 3118 καὶ
2302 3067 2400 3118 τοῦ
2430 3062 2699 3139 ποτηρίου
2753 3085 2876 3136 μου,
2911 3061 3049 3118 διότι
3098 3063 3160 3118 σύ
3207 3086 3300 3136 μοι
3348 3065 3556 3135 ταύτην
3612 3067 3821 3120 ἀποκατ-

2187 3151 2432 3222 έστησας.
2491 3153 2603 3227 Πρὸ
2658 3157 2755 3207 τοῦ
2812 3153 3083 3228 ποτηρίου
3159 3151 3215 3207 δὲ
3283 3155 3381 3222 τὴν
3460 3153 3828 3231 κληρονομίαν

2183 3241 2436 3296 τέθεικεν·
2469 3239 2551 3296 6'1:
2583 3241 2716 3311 αὕτη
2748 3240 2964 3317 γέγονεν
2998 3241 3142 3296 αἰτία
3169 3247 3266 3296 τοῦ
3296 3244 3530 3307 θανάτου
3562 3243 3753 3299 αὐτοῦ’
3775 3241 3840 3298 δι’

2105 3305 2149 3372 C
2188 3331 2353 3399 αὐτὴν
2379 3330 2480 3407 γάρ
2509 3305 2786 3388 ἀπέθανεν..
2818 3305 3035 3401 ἔΡητέον
3069 3328 3126 3385 δέ
3155 3352 3206 3385 τι
3238 3305 3327 3385 καί
3371 3330 3661 3410 γλαφυρὸν
3714 3334 3840 3397 θεώ-

2187 3440 2338 3497 ρημα
2365 3419 2490 3496 περί
2518 3425 2626 3474 τῶν
2655 3421 3048 3496 προκειμένωνο
3083 3418 3166 3475 6'1:
3195 3421 3286 3475 τὸν
3327 3422 3445 3476 κατ’
3477 3422 3666 3476 εἰκόνα
3715 3425 3846 3477 Θεοῦ

2185 3507 2566 3582 πεπλασμένον
2599 3506 2883 3585 ἄνθρωπον
2935 3507 3023 3564 διά
3069 3514 3229 3564 τοῦτο
3280 3507 3489 3587 κλῆρον
3548 3516 3650 3566 τοῦ
3711 3509 3846 3566 πλά-

2186 3617 2376 3662 σαντος
2435 3593 2564 3654 ὄντα
2622 3596 2878 3661 δελεάσας
2936 3600 2964 3654 6
3023 3596 3289 3672 δυσμενὴς
3345 3599 3433 3654 καὶ
3516 3601 3842 3676 τυραννίσας

2188 3687 2519 3744 ἐπεσπάσατο
2549 3688 2640 3743 καὶ
2667 3688 2758 3742 τὸν
2793 3686 3083 3764 ἀλλότριον
3137 3687 3531 3764 ἐσφετερίσατοο
3583 3689 3848 3766 πέπομφε

2191 3777 2249 3833 δὲ
2311 3780 2447 3852 πρὸς
2514 3775 2672 3832 αὐτὸν
2723 3777 2751 3832 6
2803 3775 3156 3853 κληρονόμος
3213 3777 3512 3853 γράμματα
3570 3775 3666 3832 διὰ
3740 3783 3846 3833 τῶν

2189 3872 2486 3945 προφητῶν
2519 3867 2845 3921 ἀπαιτοῦντα
2871 3867 2961 3922 τὸν
2996 3865 3347 3943 ἀφαιρεθέντα
3386 3865 3622 3941 κλῆρον·
3675 3867 3754 3929 ὡς
3799 3863 3852 3921 86

2189 3957 2278 4013 καὶ
2313 3953 2525 4031 μᾶλλον
2558 3955 2857 4030 ἀντείχετο,
2891 3951 3075 4010 λαϐὼν
3107 3954 3268 4018 αὐτὸς
3300 3957 3330 4010 6
3366 3955 3730 4031 κληρονόμος
3757 3957 3850 4017 τὰς

2192 4045 2452 4116 διαθήκας
2526 4049 2624 4100 τοῦ
2692 4045 2916 4121 πατρὸς,
2966 4046 3169 4100 κάτεισι
3243 4047 3381 4121 πρὸς
3449 4045 3544 4099 τὸν
3605 4046 3846 4122 ἅρπαγα,

2189 4136 2278 4191 καὶ
2313 4135 2570 4204 δικαστὴς
2600 4133 2786 4196 αὐτοῖς
2812 4133 3018 4210 γίνεται
3048 4135 3077 4188 6
3106 4134 3309 4210 πατὴρ,
3342 4133 3434 4188 καὶ
3480 4131 3852 4194 καταδικάσας

2188 4227 2279 4281 τὸν
2317 4225 2563 4301 βιαστὴν,
2597 4225 2932 4294 ἀποκαθιστᾷ
2955 4227 3035 4296 τῷ
3065 4224 3168 4296 υἱῷ
3202 4224 3303 4292 τὴν
3352 4222 3739 4300 κληρονομίαν
3791 4223 3852 4277 οὗ

2191 4315 2352 4391 χάριν
2427 4313 2681 4369 κοινωνὸν
2762 4311 2922 4368 αὐτὸν
2985 4316 3083 4368 τοῦ
3156 4313 3590 4387 κατορθώματος
3651 4314 3684 4369 6
3738 4313 3854 4373 υἱὸς

2191 4402 2319 4460 ἐκάλ
2328 4423 2438 4458 εσεν
2450 4446 2463 4460 .

2267 4536 2288 4562 α
2325 4509 2558 4586 Σχοινία
2586 4507 2808 4564 ἐπέπεσέ
2842 4529 2935 4582 μοι
2967 4506 3018 4563 ἐν
3053 4514 3168 4570 τοῖς
3195 4507 3517 4585 κρατίστοις
3553 4527 3687 4582 μου.
3720 4533 3749 4560 ››
3782 4541 3843 4552 -

2190 4601 2253 4656 Οἱ
2281 4596 2746 4676 κληροδοτοῦντες
2804 4598 2904 4667 τήν
2952 4604 3080 4673 γῆν,
3113 4597 3381 4672 σχοινίοις
3433 4596 3606 4666 αὐτὴν
3658 4596 3848 4670 διαμε-

3011 4683 3263 4762 βούλεται
3329 4691 3460 4762 γοῦν
3528 4685 3708 4762 λέγειν
3775 4686 3850 4747 ὡς

2195 4777 2641 4847 ἀποκαταστάσης
2694 4797 2788 4849 μοι
2843 4783 2943 4845 τῆς
2991 4774 3366 4851 κληρονομίας
3441 4795 3569 4848 μου,
3626 4774 3849 4831 ἐπέπεσέ

2201 4890 2292 4942 μοι
2323 4869 2487 4936 τοῦτ’,
2521 4866 2567 4920 εἰ
2599 4861 2901 4921 ἐπέϐαλλον
2936 4863 3060 4938 ἐμοὶ
3093 4865 3308 4939 σχοινία
3337 4863 3545 4920 πολλά’
3572 4864 3849 4920 κάντεῦθεν

2197 4955 2522 5033 διεμετρήθη
2610 4954 2844 5024 τοσαύτη
2897 4954 2986 5009 καὶ
3050 4954 3406 5030 περιωρίσθη,
3470 4953 3562 5008 καὶ
3643 4953 3850 5029 ἐγένετο

2192 5047 2492 5122 γνώριμοςο
2531 5042 2620 5099 διὰ
2647 5043 2749 5118 γὰρ
2779 5047 2886 5098 τῶν
2920 5042 3252 5118 αἰνιγμάτων
3281 5041 3344 5096 τό
3373 5063 3432 5096 τε
3478 5040 3699 5110 πλῆθος
3741 5045 3847 5095 τῶν

2193 5133 2557 5189 πιστευόντων
2615 5131 2830 5206 ᾐνίξατο
2887 5131 2977 5186 καὶ
3031 5133 3129 5199 τὴν
3176 5130 3591 5207 γνωριμότητα·
3622 5129 3721 5185 δύο
3750 5131 3849 5204 γὰρ

2195 5222 2323 5300 ἔργα
2376 5226 2474 5277 τοῦ
2531 5220 2941 5297 σχοινίσματος,
3000 5221 3075 5281 ὡς
3133 5217 3360 5296 ἔφημεν.
3403 5219 3741 5295 Κρατίστους
3796 5215 3850 5272 δὲ

2195 5311 2343 5387 λέγει
2370 5311 2470 5379 τὴν
2502 5307 2874 5386 κληρονομίαν
2907 5307 3091 5363 αὐτοῦ’
3114 5308 3204 5362 καὶ
3233 5311 3398 5363 τοῦτο
3425 5307 3735 5384 παρέστησε
3765 5303 3849 5360 διὰ

2190 5406 2296 5457 τῶν
2331 5399 2476 5470 ἑξῆς.

2266 5515 2293 5541 (ι
2319 5488 2423 5546 Καὶ
2469 5487 2571 5564 γὰρ
2626 5489 2662 5556 ἡ
2695 5484 3045 5563 κληρονομία
3107 5507 3210 5555 μου
3257 5485 3519 5563 κρατίστη
3575 5505 3691 5558 μοι.
3725 5507 3753 5535 >›
3782 5507 3846 5526 -α

2189 5582 2336 5633 ’Ἃνω
2398 5577 2490 5649 μὲν
2551 5573 2934 5646 πληθυντικῶς
2993 5575 3310 5652 κρατίστους
3373 5575 3490 5630 εἶπε
3558 5570 3647 5628 διὰ
3721 5571 3842 5631 τοὺς

2189 5669 2325 5724 κατά
2383 5664 2546 5741 μέρος
2597 5663 2844 5728 πιστούς·
2886 5665 3034 5720 κάτω
3089 5663 3133 5719 δ’
3185 5664 3379 5725 ἑνικῶς
3439 5662 3696 5737 κρατίστη
3757 5657 3841 5714 8:6

2187 5759 2288 5834 τὴν
2315 5759 2423 5812 τῶν
2453 5753 2587 5809 κατά
2623 5751 2785 5832 μέρος
2845 5752 2972 5831 μίαν
3021 5753 3340 5838 συναγωγὴν
3393 5751 3486 5807 καὶ
3525 5746 3834 5827 ὁμοδοξίαν.
