3988 6454
142 498 298 559 1389

146 628 452 704 Κράτιστον
501 625 561 684 δὲ
607 625 757 703 λέγει
802 628 902 697 τήν
951 626 1216 703 ἐξαίρετον
1262 628 1353 683 καὶ
1406 625 1798 704 ἠγαπημένην,
1828 630 1883 695 Α

145 715 183 788 ἤ
231 718 323 773 καὶ
364 718 466 787 τήν
514 718 777 794 γενναίαν,
833 717 909 780 ὡς
956 715 1426 773 καταπαλαίουσαν
1492 717 1582 772 τὸν
1652 714 1797 770 ἀντί-

142 806 341 866 παλον.
378 811 644 862 Νοοῦνται
678 804 854 861 δὲκαὶ
902 806 1120 882 σχοινία
1170 806 1204 860 όί
1243 805 1497 862 ἐπέπεσον
1543 809 1626 878 τῷ
1676 825 1800 881 χρι-

145 899 256 968 στῷ
311 895 456 971 παρά
511 899 618 949 τῶν
678 891 950 950 Ἰουδαίων
1010 893 1262 970 ἀγομένῳ
1322 895 1458 972 πρὸς
1534 892 1792 949 Πιλᾶτον.

143 985 435 1040 Ἑπέπεσον
489 980 546 1038 δὲ
593 984 738 1055 αύτῷ
779 980 868 1037 διὰ
921 982 1051 1045 τοὺς
1107 983 1450 1061 κρατίστους,
1508 982 1633 1051 ἢτοι
1667 980 1795 1045 τοὺς

144 1072 370 1136 πιστοὺς
399 1072 530 1147 ὑπὲρ
562 1072 634 1126 ὧν
667 1067 888 1148 ἔπασχε.
925 1069 1103 1126 Πάλαι
1154 1073 1247 1146 μὲν
1299 1070 1389 1127 οῦν
1439 1073 1492 1126 οἱ
1539 1067 1796 1126 Ἰουδαῖοι
1908 1066 2119 1142 μέρεσιν
2182 1086 2196 1099 ·

142 1164 276 1230 ἦσαν
329 1163 458 1216 Θεοῦ
507 1160 853 1236 κληρονόμοι
889 1179 901 1192 ·
954 1158 1180 1236 ἐγενήθη
1249 1162 1376 1237 γὰρ,
1428 1159 1583 1238 φησὶ,
1639 1159 1793 1233 μερὶς

143 1248 344 1327 Κυρίου
402 1248 531 1311 λαὸς
576 1248 740 1304 αὐτοῦ
792 1244 1005 1323 Ἰακὼϐ,
1073 1249 1367 1326 σχοίνισμα
1414 1248 1793 1326 κληρονομίας

142 1336 308 1393 αὑτοῦ
368 1335 590 1414 Ἰσραήλ
619 1356 633 1369 ο
693 1332 1034 1407 ἀποϐλήτων
1080 1338 1170 1392 καὶ
1215 1336 1424 1393 τούτων
1481 1335 1789 1413 γενομένων

141 1425 323 1503 ἑτέραν
381 1420 642 1481 ἀντέλαϐε
696 1425 1099 1500 κληρονομίαν,
1147 1427 1247 1495 τήν
1330 1425 1606 1503 βασιλείαν
1678 1430 1788 1481 τῶν

140 1515 191 1589 ἐξ
223 1514 410 1585 ἐθνῶν,
442 1511 510 1585 ἤν
537 1515 628 1570 καὶ
675 1514 965 1592 κρατίστην
1010 1515 1177 1588 εἶπεν,
1210 1513 1285 1578 ὡς
1331 1515 1466 1593 ὑπὲρ
1528 1517 1628 1586 τὴν
1691 1535 1791 1571 πα-

138 1601 443 1680 λαιοτέραν.

216 1715 245 1744 ‹‹
276 1690 577 1768 Εύλογήσω
623 1693 716 1747 τὸν
760 1691 957 1768 Κύριον
1005 1694 1094 1748 τὸν
1146 1692 1488 1749 συνετίσαντά
1541 1714 1628 1766 με.
1665 1715 1788 1744 «—

138 1781 215 1837 Τά
236 1780 475 1845 ἐντεῦθέν
505 1801 666 1860 φησιν
698 1781 772 1844 ὡς
807 1780 1092 1858 ἃνθρωπος
1125 1802 1139 1816 ·
1176 1781 1321 1859 λέγει
1365 1781 1469 1858 γάρ
1530 1783 1559 1836 6
1616 1781 1788 1858 Εύαγ-

137 1869 397 1947 γελιστής
476 1869 601 1947 περὶ
669 1869 834 1925 αὐτοῦ
895 1889 909 1903 ·
981 1894 1009 1922 ››
1082 1871 1155 1925 Τὸ
1211 1867 1270 1926 δὲ
1319 1868 1533 1926 παιδίον
1590 1867 1787 1942 ηὔξανε

138 1960 231 2015 καὶ
349 1958 698 2036 ἐκραταιοῦτο
789 1957 1052 2034 πνεύματι
1112 2004 1127 2033 ,

136 2047 280 2125 φίας.
313 2073 342 2103 ››

215 2161 242 2193 ι
295 2142 415 2193 Ἔτι
474 2133 533 2192 δὲ
582 2135 671 2193 καὶ
723 2132 825 2200 ἕως
854 2137 1043 2200 νυκτὸς
1100 2134 1415 2193 ἐπαίδευσαν
1477 2158 1546 2212 με
1602 2137 1655 2192 οἱ
1701 2157 1786 2193 νε-

136 2225 265 2304 φροί
325 2247 451 2300 μου.
510 2249 540 2279 ››
597 2225 840 2305 Νεφροὺς
901 2227 995 2300 μὲν
1073 2226 1289 2297 οἰητέον
1343 2226 1408 2282 τὸ
1465 2226 1788 2300 ἐπιθυμητι-

130 2316 230 2370 κὸν
262 2314 425 2393 μέρος
464 2321 565 2385 τῆς
615 2318 800 2391 ψυχῆς
834 2334 849 2346 ·
899 2314 1023 2393 περὶ
1071 2314 1199 2378 τοὺς
1228 2314 1457 2393 νεφροὺς
1483 2314 1584 2393 γὰρ
1620 2319 1784 2371 τοῦτο

135 2410 334 2475 κεῖται,
390 2404 567 2467 καθὼς
652 2402 701 2460 ἐν
789 2409 904 2467 τοῖς
985 2404 1439 2482 προεξηγηθεῖσιν
1523 2400 1729 2483 ἔφημεν
1765 2424 1780 2439 ·

143 2493 308 2549 νύκτα
390 2490 449 2547 δὲ
513 2492 606 2547 τὸν
675 2490 990 2549 δεσποτικὸν
1048 2494 1271 2549 θάνατον
1334 2514 1346 2526 ·
1424 2490 1556 2571 ἄχρι
1625 2492 1781 2571 φησὶ,

132 2581 366 2636 θανάτου
420 2578 836 2658 ἐπαιδάγώγησε
889 2582 979 2637 καὶ
1032 2576 1341 2658 ἐρῥύθμησέ
1392 2602 1459 2656 με
1514 2583 1549 2650 ἡ
1604 2580 1783 2637 ἐπιθυ-

133 2668 234 2741 μία
295 2690 420 2742 μου,
492 2667 623 2743 μηδ’
687 2670 805 2733 ἐνὸς
850 2674 960 2726 τῶν
1000 2670 1200 2747 γηίνων
1249 2669 1529 2746 ἐρασθεῖσα
1597 2669 1777 2742 μόνων

134 2755 194 2813 δὲ
233 2762 342 2814 τῶν
397 2757 555 2813 θείων
605 2757 930 2837 ἱμειρομένη
967 2779 980 2792 ο
1012 2756 1050 2829 ἤ
1098 2759 1187 2815 καὶ
1234 2759 1399 2815 νύκτα
1443 2758 1666 2829 νοητέον
1712 2761 1780 2815 τὰ

125 2845 418 2925 ἀπόκρυφα
476 2849 770 2922 μυστήρια,
832 2844 896 2902 i’v’
1040 2853 1316 2918 τοιοῦτον,
1375 2843 1459 2903 ότι
1492 2847 1660 2924 μέχρι
1687 2846 1777 2903 καὶ

126 2934 309 2991 αὐτῶν
355 2939 463 2991 τῶν
505 2935 798 3012 ἀγνώστων
825 2941 946 2999 τοῖς
980 2933 1178 3000 ἄλλοις
1205 2936 1507 3013 ἀνθρώποις
1554 2933 1775 2991 ἐπαιδα-

115 3025 346 3103 γώγησέ
379 3045 445 3099 με
474 3028 510 3093 ἡ
545 3023 802 3099 ἐπιθυμία
826 3046 953 3099 μου.

196 3138 226 3167 ‹‹
256 3115 644 3191 Προεωρώμην
674 3115 767 3171 τὸν
810 3114 1004 3191 Κύριον
1057 3113 1289 3171 ἐνώπιόν
1353 3135 1457 3189 μου
1507 3112 1597 3170 διὰ
1636 3135 1772 3171 παν-

112 3201 237 3266 τός.
269 3225 298 3255 »
345 3236 415 3246 -—
462 3203 575 3280 Πρὸ
621 3205 821 3267 παντὸς
857 3201 1032 3260 ἄλλου
1074 3198 1306 3260 ἔϐλεπον
1353 3206 1445 3260 τὸν
1484 3203 1612 3260 Θεὸν
1646 3203 1775 3260 ἐνώ-

110 3290 248 3346 πιόν
278 3312 405 3366 μου,
437 3288 526 3348 διά
552 3293 749 3356 παντὸς
778 3297 897 3355 τοῖς
930 3292 1238 3371 ὀφθαλμοῖς
1286 3301 1390 3364 τῆς
1418 3296 1605 3371 ψυχῆς
1636 3292 1772 3349 ἐνώ-

110 3379 246 3434 πιόν
283 3400 387 3452 μου
416 3379 758 3458 φαινόμενον.

193 3469 366 3522 «Ὅτι
399 3466 459 3523 ἐκ
488 3465 673 3539 δεξιῶν
709 3468 815 3542 μού
848 3467 989 3525 ἐστιν
1040 3469 1128 3525 ἵνα
1177 3470 1254 3543 μὴ
1303 3468 1569 3527 σαλευθω.
1623 3493 1653 3521 ››
1699 3500 1772 3512 --

107 3551 389 3612 Ἔϐλεπον
422 3554 481 3612 δὲ
510 3556 669 3613 αύτὸν
697 3556 923 3613 ἐνώπιόν
963 3579 1088 3632 μου,
1121 3555 1260 3614 διότι
1304 3557 1355 3615 ἐν
1402 3563 1522 3621 ταῖς
1571 3555 1768 3632 δεξιαῖς

106 3665 231 3718 μου
283 3644 530 3721 πράξεσίν
591 3645 756 3714 ἐστιν,
842 3645 1316 3721 ἐπαναπαυόμενος
1394 3646 1444 3703 ἐν
1533 3646 1719 3710 αὑταῖς
1751 3664 1766 3680 ⁸

106 3733 326 3809 ἐγγίζει
372 3733 475 3811 γὰρ
521 3735 551 3790 6
608 3735 737 3798 Θεὸς
797 3732 867 3790 δι’
924 3735 1122 3811 ἀρετῆς
1165 3741 1282 3799 τοῖς
1332 3734 1652 3813 ἐγγίζουσιν·
1712 3734 1772 3791 ἐκ

106 3820 306 3894 δεξιῶν
362 3844 468 3897 μου
523 3820 581 3879 δέ
631 3823 792 3897 ἐστιν,
839 3821 925 3880 ἰ¹να
959 3824 1333 3900 βοηθούμενος
1362 3824 1447 3879 ὑπ’
1475 3826 1659 3895 αὑτοῦ,
1692 3825 1768 3898 μὴ

102 3914 475 3988 παρακινηθῶ
523 3919 626 3983 τῆς
686 3911 893 3978 εὐθείας
940 3910 1070 3968 ὁδοῦ
1114 3914 1250 3989 πρὸς
1313 3916 1414 3985 τήν
1482 3913 1719 3970 ἐναντίαν
1754 3932 1767 3945 “

106 3999 381 4081 φυλάσσει
410 4002 513 4078 γάρ
546 4001 745 4078 Κύριος
772 4000 902 4065 τοὺς
934 4003 1257 4078 ἀγαπῶντας
1285 4002 1468 4061 αὐτόν.

191 4130 223 4159 ι(
256 4108 356 4163 Διά
384 4112 547 4163 τοῦτο
578 4106 847 4186 εὐφράνθη
878 4110 914 4179 ἡ
946 4105 1142 4185 καρδία
1197 4129 1322 4183 μου,
1369 4107 1459 4165 καί
1501 4107 1773 4187 ἠγαλλιά-

103 4216 250 4253 σατο
308 4198 345 4265 ἡ
404 4195 630 4271 γλῶσσά
690 4218 817 4270 μου.
877 4219 907 4250 ››
956 4231 1028 4242 --
1078 4203 1187 4267 Τῆς
1239 4195 1462 4272 καρδίας
1517 4220 1623 4271 μου
1668 4200 1770 4275 γὰρ

102 4284 514 4362 πληρωθείσης
607 4285 943 4363 εὐφροσύνης
1043 4286 1118 4349 ὡς
1205 4282 1580 4351 ἀπολαϐόντος
1669 4288 1770 4358 τήν

104 4372 496 4448 κληρονομίαν
547 4374 637 4429 καὶ
693 4376 1208 4451 καταγωνισαμένου
1263 4376 1355 4431 τὸν
1431 4374 1625 4452 ἐχθρὸν
1682 4375 1773 4430 καὶ

99 4466 371 4520 τοιοῦτον
403 4458 630 4540 ἔχοντος
659 4462 947 4542 ἐπίκουρον
974 4462 1372 4542 παραπήλαυσε
1391 4465 1533 4536 καὶὴ
1554 4464 1775 4543 γλῶσσα

98 4559 221 4621 τῆς
272 4547 403 4628 ἄγαν
457 4557 654 4627 χαρᾶς,
707 4554 797 4607 οἷα
837 4553 932 4608 τὸν
965 4552 1226 4609 ἐπινίκιον
1258 4550 1427 4627 ὕμνον
1454 4551 1658 4626 ᾄδουσα
1683 4552 1773 4610 καὶ

99 4643 185 4698 τὰ
212 4644 315 4695 τοῦ
386 4645 477 4695 εοῦ
512 4639 779 4717 μεγαλεῖα
807 4639 1169 4719 διηγουμένη.

1360 493 1777 559 EXPOSITIO
1825 491 1899 554 IN
1947 492 2337 557 PSALMOS.

3402 500 3560 561 1390

1986 647 2016 675 ‹‹
2048 622 2184 680 Οὑδέ
2232 622 2425 689 δώσεις
2469 625 2560 681 τὸν
2611 625 2756 682 ὅσιόν
2791 648 2886 683 σου
2918 624 3048 683 ἰδεῖν
3080 624 3395 706 διαφθοράν.
3431 653 3461 683 ››
3489 664 3559 677 -

1907 717 2075 767 Τοῦτο
2122 714 2247 790 περὶ
2290 718 2385 769 τοῦ
2435 711 2753 770 δεσποτικοῦ
2816 717 3072 790 σώματος
3105 737 3119 751 ·
3171 714 3287 772 οὐδ’
3337 717 3436 793 ἐμὲ
3464 720 3555 776 τὸν

1908 801 2257 874 ἀνακείμενόν
2306 825 2390 858 σοι
2442 801 2509 858 δι’
2552 804 2754 881 ἀρετῶν
2825 804 3149 869 οἰκειώσεως
3219 810 3558 886 παραχωρή-

1908 909 2018 952 σεις
2069 891 2358 960 ὑποστῆναι
2406 893 2507 961 τὴν
2554 891 2689 947 κατὰ
2736 895 2895 965 σῶμα
2942 889 3259 972 διαφθορὰν,
3318 893 3444 952 ἀλλ’
3479 897 3557 961 ὡς

1905 977 2282 1054 ἀναμάρτητον
2331 982 2683 1056 συντηρήσεις
2722 977 3010 1036 ἀδιάλυτον
3063 981 3116 1037 ἐν
3160 987 3279 1046 τοῖς
3329 983 3552 1050 οἰκείοις

2292 1065 2376 1123 ἰ¹να
2438 1072 2536 1138 τῆς
2601 1072 2785 1145 ψυχῆς
2852 1069 3347 1147 ἐγκατοικισθείσ-ης
3406 1072 3554 1149 αὖτῷ

1903 1153 2185 1218 παντελῶς
2232 1155 2451 1231 ἀρτίως,
2506 1162 2695 1220 θᾶττον
2727 1158 2956 1218 ἀναστῶ.
2989 1159 3177 1236 Φθορά
3209 1160 3304 1234 μὲν
3344 1159 3438 1216 οῦν
3462 1160 3551 1217 ἐπὶ

1900 1248 2006 1297 τῶν
2028 1244 2294 1299 θανόντων
2317 1247 2352 1315 ή
2373 1242 2638 1317 διάζευξις
2659 1253 2763 1316 τῆς
2793 1250 2979 1323 ψυχῆς
3009 1247 3118 1304 ἀπὸ
3143 1252 3242 1305 τοῦ
3262 1249 3546 1324 σώματος.

1901 1329 2167 1410 διαφθορὰ
2197 1331 2257 1388 δὲ
2280 1335 2316 1404 ἡ
2350 1330 2595 1399 διάλυσις
2623 1340 2722 1391 τοῦ
2751 1336 3006 1410 σώματος
3039 1341 3218 1415 μερῶν
3245 1336 3338 1393 καὶ
3361 1337 3550 1412 μελῶν

1900 1420 1978 1478 εἰς
2011 1427 2171 1498 χοῦν.
3322 1428 3323 1431 “

1972 1531 2001 1562 ‹‹
2058 1510 2386 1589 Ἐγνώρισάς
2467 1533 2560 1587 μοι
2617 1508 2779 1577 ὁδοὺς
2838 1516 3002 1585 ζωῆς.
3059 1536 3090 1570 η
3144 1545 3217 1561 -ο
3272 1511 3551 1588 Ἐδίδαξάς

1902 1620 1971 1673 με
2024 1599 2120 1662 τὰς
2165 1600 2358 1678 ἀρετάς
2392 1620 2406 1636 ι
2448 1599 2507 1657 αἵ
2551 1601 2863 1678 ποδηγοῦσι
2906 1603 3046 1680 πρὸς
3114 1603 3217 1676 τήν
3249 1619 3252 1621 ‘
3282 1603 3543 1662 ἀθάνατον

1898 1691 2043 1759 ζωήν
2085 1708 2099 1721 ·
2148 1686 2186 1759 ἤ
2245 1687 2596 1766 ἀπεκάλυψάς
2650 1712 2745 1765 μοι
2788 1689 2918 1754 τοὺς
2956 1679 3208 1767 τρόπους
3256 1679 3360 1764 τῆς

1896 1778 2254 1841 ἀναστάσεωςσ
2284 1779 2409 1855 περὶ
2439 1780 2509 1850 ἧς
2548 1776 2702 1857 ἔλεγε
2746 1777 3018 1844 πολλάκις
3060 1784 3181 1845 τοῖς
3225 1783 3497 1856 μαθηταῖς
3522 1794 3548 1820 ὀ

1892 1863 1931 1935 ἤ
1989 1864 2232 1941 ἐδίδαξάς
2284 1889 2351 1942 με
2397 1865 2560 1931 ὀδοὺς
2603 1869 2943 1933 ἀναστάσεως
2996 1870 3087 1926 καὶ
3130 1868 3473 1942 παλινζωίάς
3515 1888 3539 1907 θ

1220 1956 1609 2037 πληρούμενον
1699 1978 1787 2015 σο-
1814 2003 1863 2070 Β
1894 1954 1956 2018 όίς
1986 1955 2147 2070 αὐτὸς
2182 1953 2406 2067 βαδίσας
2432 1962 2586 2067 τεμῶ
2609 1963 2729 2022 τοῖς
2744 1960 3049 2070 ’μαθηταῖςζ

1969 2068 1997 2097 ‹‹
2047 2044 2367 2123 Πληρὼσεις
2417 2068 2485 2121 με
2531 2046 2867 2124 εὐφροσύνης
2915 2049 3052 2123 μετὰ
3093 2051 3193 2106 τοῦ
3239 2049 3540 2126 προσώπου

1892 2153 2010 2190 σου.
2043 2155 2074 2185 ››
2103 2165 2174 2177 --
2222 2134 2519 2211 Πρόσωπον
2571 2137 2783 2214 Πατρὸς
2831 2137 2859 2191 ὁ
2901 2136 3067 2200 Υἱός.
3117 2162 3148 2192 ‹‹
3195 2139 3254 2194 Ὀ
3284 2138 3541 2217 ἑωρακὼς

1890 2220 2013 2297 γὰρ,
2074 2221 2258 2301 φησὶν,
2318 2222 2416 2297 ἐμὲ
2475 2223 2681 2300 ἑώρακε
2722 2224 2815 2280 τὸν
2874 2224 3086 2303 Πατέρα
3140 2245 3285 2300 μου·
3345 2250 3376 2282 »
3425 2225 3543 2285 ἐπεὶ

1891 2309 1981 2365 καὶ
2028 2312 2322 2389 χαρακτὴρ
2373 2311 2537 2368 αὐτοῦ
2588 2311 2800 2391 λέγεται
2854 2313 2945 2369 καὶ
2991 2314 3152 2371 εἰκών
3186 2334 3201 2349 ο
3261 2314 3543 2395 εὐφρανεῖς

1892 2395 1982 2453 οὖν
2045 2420 2132 2472 με,
2194 2399 2348 2479 φησὶ,
2405 2400 2498 2456 τὸν
2567 2397 2954 2479 προσλαϐόντα
3025 2407 3162 2459 Θεοῦ
3237 2405 3374 2480 μετά
3440 2406 3542 2476 τὴν

1889 2486 2173 2543 ἀνάστασιν
2212 2508 2225 2521 '
2278 2488 2387 2565 πρὸ
2434 2487 2635 2561 ταύτης
2682 2491 2787 2567 γὰρ
2839 2490 2931 2546 καὶ
2980 2489 3234 2549 ἐλυπεῖτο
3281 2494 3374 2549 καὶ
3418 2489 3541 2573 ἐδάτ

1888 2596 2039 2651 κρυε,
2094 2576 2184 2631 καὶ
2219 2577 2453 2652 ,ἠγωνία
2506 2578 2665 2652 νόμῳ
2708 2579 2960 2656 φύσεως’
3007 2577 3047 2650 ἥ
3103 2580 3194 2637 καὶ
3252 2582 3390 2657 μετά
3439 2585 3539 2638 τοῦ

1886 2665 2184 2740 προσώπου
2227 2687 2322 2720 σου
2369 2665 2487 2721 ἀντὶ
2534 2669 2632 2722 τοῦ
2681 2667 2817 2740 μετά
2864 2671 2982 2741 σοῦ,
3047 2674 3486 2748 περιφραστικῶς
3516 2686 3537 2707 '

1887 2751 1915 2806 6
1949 2752 2044 2825 μὲν
2101 2754 2202 2830 γὰρ
2246 2752 2528 2828 ἡνωμένος
2567 2754 2635 2826 ἧς
2669 2759 2750 2828 τῷ
2777 2756 2911 2828 Υὶῷ,
2948 2756 2977 2811 6
3007 2753 3053 2812 δ’
3074 2757 3198 2821 Υἱὸς
3226 2761 3307 2832 τῷ
3337 2756 3532 2837 Πατρί.

1889 2839 1985 2896 Καὶ
2034 2843 2223 2911 κοινὴν
2284 2840 2447 2919 ἔσχον
2502 2844 2605 2914 τὴν
2660 2843 2993 2922 εὐφροσύνην
3052 2843 3140 2901 ἐπὶ
3185 2849 3256 2921 τῇ
3287 2844 3534 2921 σωτηρίᾳ

1880 2933 1988 2985 τῶν
2038 2929 2338 3007 ἀνθρώπων
2384 2932 2447 3002 ἣν
2497 2933 2526 2988 6
2573 2928 2665 2988 διὰ
2710 2932 2984 3011 σωτηρίου
3051 2932 3277 2999 θάνατος
3345 2936 3532 3013 εἰργά-

1887 3038 2036 3076 σατο.

1957 3132 1988 3162 ιι
2016 3106 2324 3186 Τερπνότης
2354 3108 2407 3166 ἐν
2436 3113 2506 3186 τῇ
2539 3106 2686 3183 δεξιᾷ
2712 3131 2808 3167 σου
2839 3110 2915 3176 εἰς
2951 3109 3136 3176 τέλος.
3184 3136 3215 3167 ››
3259 3143 3332 3159 —-
3376 3100 3534 3186 Δεξιᾶ

1880 3201 1979 3254 τοῦ
2010 3199 2220 3274 Πατρὸς
2253 3199 2283 3254 6
2311 3198 2457 3262 Υἱός
2491 3198 2673 3275 ὣσπερ
2724 3200 2816 3256 καὶ
2867 3200 3114 3278 βραχίων
3162 3201 3255 3258 καὶ
3303 3199 3529 3277 δύναμιᾴ

1878 3285 2066 3363 τέρψις
2095 3287 2248 3365 φησὶ,
2290 3289 2380 3343 καὶ
2427 3286 2754 3365 ἀγαλλίασις
2801 3286 2948 3346 ἔσται
2990 3294 3071 3363 τῷ
3113 3287 3222 3365 Υἱῷ
3275 3311 3394 3364 σου,
3438 3288 3532 3347 διὰ

1798 3369 1843 3438 C
1879 3377 2074 3459 παντὸς
2101 3374 2230 3440 τοὺς
2259 3376 2612 3441 πεπτωκότας
2635 3379 3086 3450 συναναστήσαντι
3102 3378 3192 3436 καὶ
3211 3380 3312 3451 τὴν
3334 3378 3530 3438 ἐαυτοῦ

1878 3463 2252 3540 κληρονομίαν
2284 3461 2640 3524 ἀπολαϐόντι.

2486 3595 2781 3648 ΨΛΛΜΟΣ
2820 3594 2912 3663 Ιζ’.

1952 3680 2239 3755 Προσευχή
2284 3682 2366 3753 τῷ
2408 3677 2593 3738 Δαυῒδ.
2643 3702 2673 3733 ››
2720 3713 2792 3726 —
2836 3682 2963 3738 Ὑπὸ
3016 3686 3115 3740 τοῦ
3159 3679 3342 3740 Σαοὺλ
3392 3678 3528 3741 διω-

1878 3766 2109 3841 κόμενος
2150 3768 2241 3823 καὶ
2279 3767 2549 3832 ποικίλως
2615 3764 3105 3845 ἐπιϐουλευόμενος
3169 3768 3373 3849 ἔγραψε
3428 3771 3522 3829 τὸν

1880 3854 2099 3931 ψαλμὸν
2145 3860 2359 3931 τοῦτον,
2410 3856 2488 3920 εἷς
2535 3856 2846 3935 ἐπικουρίαν
2890 3859 2984 3916 τὸν
3047 3860 3176 3917 Θεὸν
3225 3858 3529 3918 ἐπικαλούαι

1883 3965 2066 4019 μενος.

1952 4058 1982 4087 (ι
2038 4034 2389 4104 Εἰσάκουσον,
2459 4035 2625 4112 Κύριε
2697 4033 3039 4109 δικαιοσύνης
3116 4058 3243 4112 μου.
3303 4061 3335 4092 ι)
3416 4041 3526 4110 Τῆς

1879 4122 2004 4200 περὶ
2056 4124 2120 4180 τὸ
2179 4121 2386 4181 δίκαιον
2448 4122 2753 4198 διαθέσεως,
2797 4124 2923 4196 ἥτις
2969 4123 3059 4182 διὰ
3101 4132 3208 4185 τῶν
3279 4127 3525 4204 πράξεων

1882 4212 1958 4276 ὡς
1990 4209 2081 4268 διά
2122 4210 2381 4290 γλώττης
2413 4214 2517 4291 βοᾷ
2547 4233 2559 4247 ·
2595 4211 2869 4294 διαφόρως
2894 4215 2997 4293 γὰρ
3028 4212 3325 4291 δυνάμενος
3355 4215 3524 4274 πολε-

1885 4306 2003 4376 μεῖν
2051 4302 2144 4357 τὸν
2188 4300 2604 4377 πολεμιώτατόν
2656 4323 2751 4378 μοι
2799 4302 3004 4374 Σαοὺλ,
3067 4302 3382 4382 ἐφεισάμην,
3447 4302 3526 4368 ὡς

1883 4391 1987 4446 ὑπὸ
2045 4395 2179 4448 Θεοῦ
2235 4386 2678 4469 βεϐασιλευκότα,
2730 4391 2822 4448 καὶ
2879 4390 3005 4448 οὐδὲ
3070 4388 3282 4469 ὑϐρίσαι
3333 4395 3525 4449 τοῦτον

1884 4475 2036 4558 λόγῳ
2064 4478 2346 4554 ἐτόλμησα
2384 4498 2395 4514 '
2435 4482 2644 4560 κεφαλὴ
2676 4481 2780 4558 γὰρ
2830 4478 2920 4536 ἐπὶ
2965 4481 3166 4546 παντὸς
3210 4487 3309 4537 τοῦ
3365 4480 3523 4541 λαοῦ.

1885 4572 2101 4631 Δίκαιον
2161 4568 2220 4626 δὲ
2258 4574 2450 4626 τοῦτον
2495 4567 2770 4649 φείδεσθαι
2818 4571 2956 4626 κατά
2994 4567 3169 4627 πάντα
3214 4568 3305 4627 διὰ
3332 4575 3520 4627 ταῦταδ

1883 4658 1921 4732 ἤ
1978 4657 2322 4731 δικαιοσύνην
2382 4659 2606 4714 ἐνταῦθα
2660 4655 2809 4735 λέγει
2855 4660 2956 4730 τήν
3003 4656 3375 4736 δικαιολογίαν
3435 4659 3529 4718 αὒ-

191 4770 223 4802 ι(
255 4749 381 4805 Ἔτι
437 4745 495 4803 δὲ
548 4748 640 4803 καὶ
696 4750 731 4818 ἠ
791 4748 918 4826 σάρξ
976 4771 1079 4823 μου
1129 4750 1531 4821 κατασκηνώσει
1572 4749 1654 4806 ἐπ’
1686 4750 1776 4808 ἐλ-
1808 4738 1856 4805 Ι)
1883 4754 2002 4823 τοῦ,
2047 4750 2166 4805 καθ’
2212 4747 2279 4819 ἥν
2330 4746 2631 4804 δικαιοῦται
2658 4766 2672 4779 '
2722 4747 2792 4818 ἥν
2847 4748 2937 4804 καὶ
2986 4749 3196 4825 προιὼν
3259 4748 3475 4820 τίθησιν
3506 4766 3523 4787 ⁸

99 4834 263 4910 πίδι,
326 4831 411 4891 ὅτι
487 4835 587 4892 οὐκ
662 4837 1073 4914 ἐγκαταλείψεις
1129 4840 1229 4909 τήν
1289 4842 1472 4916 ψυχήν
1536 4861 1640 4915 μου
1697 4839 1775 4904 εἰς

108 4923 284 4999 ᾅδην.
349 4949 378 4978 ››
433 4959 502 4969 -—-
559 4930 733 4982 Τοῦτο
791 4927 916 5004 περὶ
960 4935 1059 4998 τῆς
1111 4935 1289 5007 ταφῆς
1327 4934 1423 4985 τοῦ
1455 4927 1774 4985 δεσποτικοῦ

104 5018 397 5089 σώματος.
475 5017 789 5087 κατοικήσει
863 5017 966 5092 γὰρ
1036 5017 1127 5072 τὸν
1205 5019 1377 5097 τάφου
1455 5017 1535 5073 ἐπ’
1591 5016 1773 5074 ἐλπίδι

102 5103 345 5181 ταχείας
422 5103 762 5167 ἀναστάσεως
815 5124 827 5136 ·
909 5103 1067 5161 εἷδὼν
1125 5106 1229 5183 γάρ
1284 5109 1601 5184 προειρήκει
1656 5113 1773 5171 τοῖς

109 5195 394 5269 μαθηταῖς
424 5190 724 5257 πολλάκις.
756 5192 852 5258 Εἰς
883 5188 1018 5266 ᾅδην
1048 5195 1233 5266 τίθησε
1257 5196 1346 5250 καὶ
1392 5198 1491 5265 τῆς
1549 5194 1776 5261 ἐλπίδος

102 5285 217 5353 τήν
284 5280 480 5337 αἰτίαν·
542 5281 631 5337 καὶ
689 5283 791 5359 γὰρ
852 5282 952 5338 οὐκ
1001 5282 1407 5360 ἐγκαταλείψεις
1460 5286 1559 5354 τὴν
1592 5287 1776 5362 ψῦχήν

110 5393 230 5446 μου
288 5370 366 5433 εἰς
414 5369 550 5443 ’ᾲδην
601 5369 741 5427 ὅπου
778 5375 887 5429 τῶν
914 5371 1377 5444 τετελευτηκότων
1412 5374 1590 5449 ψυχηὶ
1619 5373 1774 5430 κατέ-

105 5477 358 5536 χονταιο
416 5454 591 5522 τόπος
648 5460 751 5536 γάρ
812 5461 840 5515 ὁ
898 5455 1033 5531 ᾅδης
1081 5460 1184 5516 ὑπὸ
1229 5468 1333 5537 γῆν
1373 5461 1774 5538 ἀποκοκληρω-

111 5549 287 5624 μένος
335 5553 452 5611 ταῖς
509 5553 617 5604 τῶν
666 5548 960 5627 ἀνθρώπων
1012 5553 1214 5625 ψυχαῖς
1263 5555 1368 5605 τῶν
1403 5550 1774 5624 ἀποθνησκόν-

102 5658 227 5692 των
265 5656 279 5668 ·
311 5641 418 5692 ποῦ
464 5637 644 5692 τοίνυν
681 5640 709 5694 ὁ
740 5638 934 5717 λῆρος.
967 5638 1388 5714 Ἀπολλινάριος
1421 5641 1448 5695 ὁ
1480 5642 1577 5710 τὴν
1610 5661 1775 5717 προσ-

104 5726 420 5805 ληφθείσαν
480 5748 649 5806 σαρκα
698 5726 1040 5807 δογματίζων
1095 5726 1306 5807 ἄψυχον
1355 5730 1443 5786 καὶ
1496 5730 1654 5785 ἄνουν
1701 5730 1774 5793 ὡς

99 5814 356 5893 ἀνόητος
377 5834 394 5893 ;

1885 4839 2058 4902 οὕτως
2108 4837 2377 4895 νοούντων
2425 4839 2607 4911 ἡμῶν,
2653 4836 2716 4894 ού
2762 4834 2930 4908 δείξει·
2963 4836 3263 4912 κομπάζειν
3307 4838 3338 4894 6
3382 4858 3524 4917 προ-

1883 4931 2086 5009 φήτης,
2117 4925 2241 4984 ἀλλ’
2271 4924 2511 5004 εὐλόγως
2540 4925 2866 5002 παρακαλεῖ.

1955 5042 1984 5070 ‹‹
2016 5016 2296 5093 Πρόσσχες
2342 5019 2412 5089 τῇ
2464 5013 2642 5085 δεησει
2694 5036 2819 5089 μου.
2871 5039 2899 5067 ››
2951 5048 3017 5060 -
3065 5013 3253 5088 Δέησιν
3301 5015 3527 5097 ἐνταῦθα

1886 5104 2231 5177 ὑποληπτέον
2286 5105 2349 5159 τὸ
2397 5106 2592 5179 σχῆμα
2634 5109 2735 5172 τῆς
2778 5099 3175 5180 παρακλήσεως
3219 5122 3233 5135 ⁸
3286 5103 3520 5163 ἐλεεινὸν

1881 5196 1983 5273 γὰρ
2042 5194 2117 5256 ὡς
2179 5193 2370 5267 μεστὸν
2426 5199 2529 5262 τῆς
2581 5192 2876 5270 κατηφείας
2935 5190 3027 5247 καὶ
3091 5189 3378 5272 συντριϐῆς
3431 5194 3523 5251 καὶ

1882 5284 2278 5354 ταπεινώσεως,
2333 5280 2425 5337 καὶ
2483 5279 2646 5354 μόνον
2708 5280 2816 5336 ἀπὸ
2870 5287 2970 5352 τῆς
3024 5275 3201 5357 ὅψεως
3258 5279 3527 5341 δυσωπεῖν

1885 5370 2195 5447 δυνάμενον.

1954 5486 1985 5515 (ι
2041 5462 2319 5517 Ἐνώτισαι
2376 5460 2476 5529 τὴν
2534 5459 2849 5536 προσευχὴν
2902 5458 3003 5516 οὐκ
3058 5459 3110 5516 ἐν
3166 5460 3376 5538 χείλεσι
3437 5459 3529 5519 δυ-

1884 5550 2048 5613 λίοις.
2104 5574 2133 5603 ››
2192 5582 2261 5592 --
2315 5553 2485 5603 Τοῦτο
2542 5550 2662 5613 καθ’
2705 5543 3001 5625 ὑπερϐατὸν
3034 5546 3532 5621 ἀναλνωστέον,“ίν’

1883 5639 1919 5715 ᾖ
1971 5641 2070 5709 τὴν
2121 5638 2221 5694 οὐκ
2272 5637 2324 5694 ἐν
2382 5637 2592 5714 χείλεσι
2644 5634 2853 5702 δολίοις
2902 5638 3196 5713 γενομένην
3245 5636 3282 5709 ἤ
3323 5659 3529 5717 προσα-

1883 5727 2125 5805 γομένην
2161 5749 2173 5762 ο
2222 5726 2431 5801 καθαρά
2478 5727 2579 5804 γὰρ
2629 5724 2795 5781 δόλου
2847 5726 2937 5781 καὶ
2982 5723 3212 5801 ψεύδους
3258 5728 3325 5783 τὰ
3361 5728 3525 5804 χείλη

1890 5838 2016 5906 μου,
2046 5817 2137 5875 καὶ
2197 5816 2258 5874 ού
2291 5811 2513 5873 σὺνοιδα
2550 5812 2790 5891 λαλῆσαί
2835 5835 2968 5888 ποτε
3017 5813 3177 5885 δόλια
3221 5820 3300 5897 τῷ
3347 5810 3530 5880 Σαοὸλ
