3988 6426
140 414 293 483 1393

1354 425 1773 494 EXPOSITIO
1816 429 1896 494 ΙΝ
1940 430 2323 501 PSALMOS.

3387 439 3544 507 1394

134 558 236 652 τῆς
264 550 437 628 κόρης
456 547 744 652 ἐμϐάλλῃ,
777 552 926 652 ἀλλ’.
955 554 1385 636 ἀνακρουόμενος
1444 560 1665 634 ἐκεῖθεν,
1697 562 1785 619 ἐπὶ
1813 568 1869 634 Α
1894 573 2012 630 τοῖς
2069 574 2393 640 παθητικοῖς
2453 568 2640 647 λόγοις
2669 570 2698 627 6
2734 572 3025 652 προφήτης
3081 567 3431 652 ταυτολογεῖν
3490 572 3543 632 ἐν

137 642 264 706 τοὺς
293 642 617 724 κροτάφους
637 645 1082 723 μετοχετεύηται.

1898 654 2243 733 ὑπαλλαγαῖς
2302 656 2521 731 λέξεων.
2563 657 2656 717 ’ίνα
2701 661 2934 734 αὐξήσας
2981 664 3045 719 τὸ
3075 664 3246 726 πάθος
3278 663 3354 728 εἷς
3386 663 3539 721 ἔλεον

206 775 236 803 ‹‹
271 752 358 806 Ἐν
418 750 586 825 σκέπῃ
639 757 746 808 τῶν
822 752 1105 830 πτερύγων
1190 776 1286 811 σου
1360 755 1640 820 σκεπάσεις
1720 778 1787 831 με
1895 746 2278 819 ἐπισπάσηται.

144 838 250 894 ἀπὸ
298 841 596 915 προσώπου
639 836 843 897 ἀσεϐῶν
890 846 999 897 τῶν
1043 842 1580 921 ταλαιπωρησάντων
1635 868 1720 920 με.
1753 870 1784 899 ››

137 960 208 972 -
262 929 479 1006 Ἑτέραν
539 930 717 986 εἰκόνα
792 931 1038 1011 φυλακῆς
1107 934 1278 1011 εὑρὼν
1345 934 1489 1006 ἀξιοῖ
1567 939 1784 991 νεοττοῦ

136 1017 338 1095 τρόπον
396 1019 824 1090 ἐπισκέπτεσθαι,
879 1022 1146 1098 πτέρυγας
1212 1022 1397 1079 καλῶν
1468 1023 1564 1087 τὰς
1639 1046 1785 1079 συνε-

1965 860 1995 889 ‹‹
2019 838 2324 911 Ἀνάστηθι,
2357 838 2538 915 Κύριε.
2569 862 2592 893 ι
2627 873 2697 884 --
2742 845 2924 897 Δοκῶν
2972 840 3247 899 καθεύδειν
3299 840 3389 901 διὰ
3431 845 3533 914 τὴν

1897 926 2270 1002 μακροθυμίαν
2301 930 2553 999 κινήθητι
2584 929 2720 1004 πρὸς
2750 930 2973 1004 ἄμυναν.

1965 1038 1995 1066 ‹‹
2025 1015 2341 1094 Πρόφθασον
2374 1016 2589 1080 αὐτούς.
2621 1039 2650 1072 π
2684 1050 2755 1061 --
2795 1019 2908 1096 Πρὸ
2951 1023 3050 1076 τοῦ
3107 1018 3292 1080 δοῦναι
3343 1021 3534 1101 πέρατι

135 1108 323 1169 κτικὰς
352 1108 441 1163 καὶ
480 1110 848 1186 φρουρητικάς
894 1110 984 1165 καὶ
1030 1109 1329 1175 θαλπτικᾶς
1377 1109 1630 1186 δυνάμεις
1681 1116 1783 1183 τῆς
1888 1103 1957 1158 τὰ
1989 1103 2405 1179 μεμελετημένα
2432 1101 2815 1182 προκατάλαϐε
2843 1107 3060 1172 αὐτούς.

136 1194 549 1271 παντοδυνάμου
625 1199 902 1275 προνοίας,
963 1198 1025 1255 ἐκ
1105 1206 1410 1279 μεταφορᾶς
1480 1206 1590 1257 τῶν
1660 1207 1781 1266 ταῖς

136 1284 339 1341 ἑαυτῶν
392 1286 610 1364 πτέρυξι
675 1289 980 1344 σκεπόντων
1038 1288 1168 1352 τοὺς
1221 1288 1472 1353 νεοττοὺς
1500 1296 1777 1347 πετεινῶν·

128 1373 192 1428 τὸ
263 1378 394 1450 γοῦν
467 1374 747 1438 σκεπάσεις
818 1375 934 1431 ἀντὶ
1005 1382 1103 1432 τοῦ
1173 1377 1420 1433 εὐκτικοῦ
1475 1380 1776 1453 νοήσωμεν·

1963 1234 1991 1263 ι(
2022 1210 2121 1267 Καὶ
2153 1211 2505 1268 ὑποσκέλισον
2537 1212 2752 1277 αὐτούς.
2786 1238 2817 1267 ››
2846 1248 2917 1259 —-
2947 1215 3274 1291 Ἐμπόδισον
3302 1223 3383 1292 τῷ
3420 1221 3538 1276 κατ’

1888 1297 2266 1377 ἐμοῦδδρόμῳ.
2294 1306 2462 1358 Τοῦτο
2494 1299 2552 1358 δὲ
2582 1301 2642 1358 ἐκ
2673 1309 2978 1382 μεταφορᾶς
3034 1310 3141 1362 τῶν
3179 1305 3531 1382 βουλομένων

1885 1389 2023 1444 τισὶν
2052 1389 2359 1446 ἐπικόπτειν
2392 1392 2482 1447 τὸν
2515 1390 2741 1469 δρόμον·
2776 1393 2829 1448 οἳ
2858 1394 3167 1471 τρεχόντων
3196 1402 3316 1460 τοῖς
3370 1398 3528 1454 ποσὶν

129 1461 426 1561 πολλαχοῦ
455 1463 564 1561 γὰρ.
593 1469 695 1534 τῆς
727 1470 947 1543 Γραφῆς
976 1464 1041 1520 τδ
1086 1470 1333 1521 τοιοῦτον
1384 1463 1549 1529 εἶδος·
1578 1467 1630 1561 ’ἢ
1687 1466 1778 1522 καὶ
1887 1477 2061 1533 αὐτῶν
2095 1479 2403 1536 ὑποτιθέασι
2431 1480 2500 1536 τὰ
2525 1461 2692 1553 σκέλη
2742 1461 3181 1561 κατὰ-πάροδον,
3211 1486 3300 1541 καί
3359 1484 3532 1550 οὕτως

127 1550 462 1630 προφητεύει
504 1553 604 1621 τήν
665 1556 814 1629 παρὰ
862 1558 963 1610 τοῦ
999 1559 1134 1610 Θεοῦ
1168 1556 1442 1632 βοήθειαν.
1477 1555 1775 1631 Πρόσωπον

128 1637 190 1696 δὲ
235 1635 445 1697 ἀσεϐῶν
500 1641 699 1704 αὐτοὺς
750 1642 901 1719 λέγει
948 1642 1078 1707 τοὺς
1126 1638 1358 1707 ἀσεϐεῖς.
1397 1651 1777 1722 Καταχρηστι-

1888 1565 2130 1643 εὐχερῶς
2160 1563 2619 1627 καταϐάλλουσιν.

1959 1679 1988 1708 ‹‹
2018 1656 2198 1711 Ῥῦσαι
2275 1659 2376 1727 τήν
2430 1661 2613 1735 ψυχήν
2673 1681 2777 1733 μου
2832 1661 2939 1717 ἀπὸ
2993 1657 3220 1727 ἀσεϐοῦς
3288 1663 3530 1743 ῥομφαίᾳ

125 1733 237 1833 tam
294 1727 354 1833 δέ
386 1734 495 1833 νῦ]
545 1731 690 1833 εἷπεν
740 1727 950 1833 ἀσεϐεῖξ
999 1731 1127 1833 τούς
1169 1732 1309 1833 ἀμφὶ
1336 1731 1778 1833 ’ξὸγηΣαοὺληὼς
1885 1764 2002 1817 σου,
2035 1744 2140 1800 ἀπὸ
2170 1744 2380 1823 ἐχθρῶν
2397 1727 2717 1825 τῆς”χειρός
2749 1770 2865 1805 σου.
2897 1773 2927 1803 ››
2956 1782 3027 1793 -
3055 1752 3141 1806 Ἕν
3172 1755 3241 1826 τῇ
3283 1727 3529 1833 ροξιςραιά

132 1815 289 1888 δίκην
319 1814 524 1874 ἀσεϐῶν
556 1824 759 1890 ζῶντας
808 1820 862 1876 ἐν
910 1819 1161 1895 ἀνομίαις
1206 1820 1296 1876 καὶ
1341 1818 1612 1895 διψῶντας
1660 1821 1774 1877 ἀνε-

1884 1854 1980 1889 σου
2030 1833 2183 1910 ῥῦσαι
2229 1836 2329 1905 τὴν
2381 1837 2566 1913 ψυχήν
2614 1859 2720 1911 μου
2765 1839 2872 1895 ἀπὸ
2919 1835 3143 1903 ἀσεϐοῦς
3194 1839 3396 1916 Σαοὺλ,
3435 1843 3526 1900 καὶ

132 1904 246 2009 λεῖν
289 1908 670 2009 τοῦς-ἀθώους
714 1910 805 2009 κῌαὶ
826 1910 946 2009 *ὡς
972 1912 1048 1984 μὴ
1082 1905 1537 2009 σεϐομένουςτῇν
1568 1908 1778 2009 *δηλαξ-
1806 1940 1853 2005 Β
1883 1921 1990 1978 ἀπὸ
2012 1904 2121 1979 τῶν
2171 1904 2426 1996 ὑπηκόων
2461 1904 2657 1999 ⁷ἀύτοῦ,
2687 1931 2795 1984 τῶν
2847 1927 3242 2006 ἐχθραινόντων
3289 1931 3362 2007 τῇ
3382 1904 3527 2009 ’χει-

131 1996 307 2053 θεῖσαν
361 1996 445 2053 ἐπ’
468 1996 617 2071 αὐτῷ
669 2003 768 2054 τοῦ
815 2003 949 2055 Θεοῦ
995 1999 1334 2076 χειροτονίαν
1393 1997 1444 2054 οἰ
1475 1998 1777 2056 ἐταλαιπώ-

133 2104 300 2161 ρησαν
357 2085 517 2141 αὐτὸν
572 2086 698 2164 περὶ
766 2088 866 2157 τήν
923 2089 1116 2167 φυγήν·
1171 2093 1343 2143 πᾶσαν
1419 2089 1776 2145 κακοπάθειαν

129 2172 508 2252 ὑφιστάμενος.

201 2286 229 2314 ι(
263 2263 326 2316 Οἱ
383 2261 573 2339 ἐχθροί
634 2284 739 2337 μου
793 2264 893 2333 τὴν
942 2266 1127 2341 ψυχήν
1162 2286 1269 2339 μου
1298 2265 1611 2341 περιέσχον.
1642 2287 1673 2318 ››
1706 2299 1774 2309 -

124 2349 263 2405 Ἀπὸ
290 2357 390 2420 τῆς
421 2354 608 2427 ψυχῆς
648 2352 833 2407 ἑαυτὸν
883 2351 1156 2431 ἐνέφηνεν,
1186 2353 1261 2416 ὡς
1305 2353 1411 2408 ἀπὸ
1467 2352 1663 2430 μέρους
1710 2355 1773 2410 τὸ

120 2443 246 2494 πᾶν.
279 2439 576 2516 Περιέσχον
622 2437 681 2495 δὲ
725 2440 843 2496 ἀντὶ
889 2445 987 2496 τοῦ
1023 2440 1481 2516 περιεκύκλωσαν,
1511 2441 1769 2499 πάντοθεν

126 2527 434 2597 καθίζοντες
465 2527 693 2605 λόχους.

197 2640 226 2670 ι(
256 2617 335 2675 Τὸ
365 2617 521 2693 στέαρ
554 2618 729 2674 αὐτῶν
757 2616 1122 2675 συνέκλεισαν.
1143 2642 1173 2671 ››
1204 2653 1274 2664 -—-
1302 2620 1401 2676 Διὰ
1428 2624 1524 2675 τοῦ
1552 2619 1772 2684 στέατος

123 2705 224 2773 τὴν
268 2703 490 2781 καρδίαν
538 2707 628 2761 καὶ
674 2708 744 2762 τὰ
789 2707 1081 2785 σπλάγχνα
1125 2706 1310 2776 δηλοῖ·
1346 2706 1435 2765 διὰ
1475 2714 1643 2765 ταῦτα
1669 2712 1771 2787 γὰρ

125 2792 316 2864 πολλή
373 2793 606 2870 πιμελή·
640 2794 730 2851 καί
787 2818 949 2874 φησιν
1006 2796 1089 2853 ὅτι
1139 2797 1486 2856 Ἀπέκλεισάν
1545 2820 1637 2872 μοι
1682 2798 1774 2854 τὸν

131 2882 192 2938 ἐκ
213 2882 434 2960 καρδίας
464 2885 554 2940 καὶ
587 2882 920 2962 σπλάγχνων
971 2886 1145 2942 αὐτῶν
1194 2883 1367 2943 ἔλεον·
1400 2886 1452 2958 ἐξ
1494 2888 1567 2942 ῶν
1613 2885 1770 2951 οὗτος

129 2972 393 3049 πρόεισιν.
433 2972 636 3029 ’Ἄλλοι
667 2971 726 3029 δέ
755 2995 882 3053 φασι
914 2974 1070 3051 στέαρ
1098 2977 1199 3045 τήν
1248 2975 1392 3047 ἀξίαν
1424 2976 1644 3051 (ἀεξίαν)
1681 2976 1772 3032 καὶ

131 3060 443 3140 εὐημερίαν·
505 3062 895 3137 ἑρμηνεύοντες
963 3062 1047 3119 ὅτι
1113 3064 1434 3121 ἀπέκλεισαν
1499 3065 1589 3121 καὶ
1656 3067 1770 3121 οἷον

132 3150 388 3227 συνέσχον
420 3150 585 3220 αὐτὴν
634 3152 711 3215 ὡς
762 3151 955 3226 μηκέτι
999 3153 1359 3232 φευξομένην,
1390 3153 1535 3211 ἀλλὰ
1582 3152 1773 3210 διόλου

122 3240 481 3312 συνεσομένην
511 3239 713 3303 αὐτοῖς.

194 3351 225 3381 (ι
255 3329 325 3383 Τὸ
380 3329 556 3403 στόμα
612 3329 785 3386 αὐτῶν
843 3329 1111 3401 ἐλάλησεν
1170 3330 1553 3409 ὑπερηφανίαν.
1618 3355 1641 3384 ι

120 3413 461 3491 Ἐκόμπαζον
488 3418 592 3494 γὰρ
628 3425 816 3484 θᾶττον
849 3424 1065 3496 συσχεῖν
1116 3419 1275 3475 αὐτὸν
1324 3420 1400 3482 ὡς
1449 3420 1766 3497 εὐθήρατον,

127 3503 443 3580 μηδαμόθεν
475 3505 676 3582 ἔχοντα
707 3509 983 3585 βοήθειαν.

194 3618 223 3648 «
248 3590 652 3660 Ἐκϐάλλοντές
703 3619 772 3671 με
826 3598 943 3653 νυνὶ
1002 3597 1442 3674 περιεκύκλωσάν
1505 3620 1590 3672 με.
1639 3624 1670 3653 ››
1702 3629 1767 3649 =

118 3683 444 3755 Ἐξώσαντές
506 3706 572 3759 με
619 3690 728 3741 τῶν
779 3686 927 3760 ἐμῶν
981 3686 1231 3743 ἀπάντων
1281 3687 1380 3743 οὐκ
1406 3688 1765 3765 ἠρκέσθησαν·

119 3770 269 3828 ἀλλὰ
325 3777 417 3829 νῦν
492 3773 935 3851 περιεκύκλωσάν
1011 3797 1080 3850 με
1150 3777 1449 3832 θανατῶσαι
1541 3774 1770 3833 σπουδά-

124 3884 326 3949 ζοντες.

195 3992 227 4021 ‹‹
256 3967 394 4032 Τοὺς
454 3967 774 4047 ὀφθαλμοὺς
829 3969 1003 4026 αὐτῶν
1063 3968 1245 4026 ἔθεντο
1293 3968 1535 4027 ἐκκλῖναι
1594 3971 1647 4027 ἐν
1699 3976 1769 4048 τῇ

123 4060 222 4133 γῇ.
256 4080 287 4109 ››
318 4058 614 4113 --Ἑθεντο
652 4058 742 4114 καὶ
790 4058 1079 4134 ἐσκέψαντο
1131 4058 1372 4116 ἐκκλῖναι
1418 4059 1546 4124 τοὺς
1571 4060 1771 4140 ὀφθαλ-

129 4145 269 4220 μοὺς
298 4145 472 4201 αὐτῶν
503 4147 608 4202 ἀπὸ
640 4152 758 4216 σοῦ,
803 4153 902 4203 τοῦ
960 4147 1012 4203 ἐν
1067 4147 1316 4225 οὐρανοῖς
1370 4154 1771 4222 κατοικοῦντος,

127 4235 221 4290 καὶ
276 4239 385 4291 τῶν
444 4240 549 4291 σῶν
597 4238 1033 4313 προσταγμάτων
1088 4238 1123 4292 ἅ
1175 4235 1458 4293 κελεύουσι
1526 4239 1602 4312 μή
1655 4236 1771 4294 ἀδι-

126 4328 242 4379 κεῖν
296 4323 389 4380 τὸν
435 4324 671 4380 ἀναίτιον
719 4325 795 4389 είς
841 4333 970 4402 γῆν,
1019 4325 1289 4382 τουτέστιν
1321 4326 1398 4390 εἷς
1424 4328 1626 4404 γεηρὰς
1656 4326 1774 4385 ἐπι-

128 4410 327 4485 θυμίας
375 4431 389 4445 ·
447 4410 643 4478 αἵτινές
716 4415 848 4470 εἰσιν
903 4412 1120 4491 ἀλόγως
1173 4413 1488 4484 ἀποπλῆσαι
1545 4420 1649 4470 πᾶν
1711 4416 1776 4471 τὸ

124 4502 246 4556 καθ’
302 4498 510 4574 ἡδονήν
541 4546 555 4560 .
608 4500 646 4574 ἤ
702 4502 829 4568 τοὺς
890 4501 1207 4583 ὀφθαλμοὺς
1262 4504 1437 4559 αὐτῶν
1496 4503 1774 4581 ἐστήριξαν

1701 3306 1844 3377 _C

1887 2011 2104 2088 ροτονίᾳ
2160 2034 2278 2085 σου,
2305 2014 2578 2070 τουτέστιν
2628 2015 2773 2091 ἐμοὶ,
2804 2018 2842 2089 ἢ
2870 2023 2978 2073 τῶν
3017 2018 3408 2093 πολεμούντων
3455 2026 3524 2098 τῇ

1883 2101 2031 2178 χειρί
2078 2123 2195 2175 σου,
2228 2100 2442 2175 δηλαδὴ
2495 2103 2580 2160 σοὶ
2644 2111 3101 2186 περιφραστικῶς·
3152 2108 3199 2164 εἰ
3236 2111 3340 2187 γὰρ
3402 2110 3529 2186 ἐμοὶ

1879 2187 2239 2263 πολεμοῦσιν,
2292 2190 2398 2268 ἐγὼ
2447 2189 2505 2247 δὲ
2549 2192 2662 2267 σὸς,
2696 2194 2749 2249 οἱ
2795 2193 3168 2271 πολεμοῦντές
3209 2219 3303 2271 μοι
3339 2203 3420 2272 τῷ
3451 2203 3530 2273 σῷ

1881 2278 1968 2334 σοὶ
1998 2279 2101 2355 ἄρα
2128 2277 2455 2354 πολεμοῦσι.
2486 2282 2640 2345 Τίνος
2671 2280 2730 2338 δὲ
2760 2285 2922 2360 χάριν
2950 2281 3116 2356 ἀσεϐῆ
3144 2290 3339 2343 τοῦτου
3385 2287 3529 2365 λέγει

1880 2370 2308 2445 προειρήκαμεν.
2366 2372 2494 2435 Καθ’
2560 2371 2722 2427 ἑαυτὰ
2804 2370 2863 2428 δὲ
2942 2374 3009 2429 τὰ
3072 2374 3213 2451 ῥητὰ
3285 2375 3530 2453 ἀναγνω-

1881 2457 2033 2512 στέον
2084 2456 2393 2522 ἀπολύτως.
2444 2458 2807 2531 Κατάλληλον
2870 2459 2929 2517 δὲ
2966 2463 3057 2518 καὶ
3101 2465 3164 2519 τὸ
3221 2464 3375 2541 ῥῦσαι
3427 2466 3526 2535 τὴν

1880 2547 2066 2621 ψυχήν
2121 2568 2224 2620 μου
2283 2547 2420 2624 πρὸς
2474 2547 2537 2604 τὰ
2595 2548 2754 2625 ῥηθὲν
2822 2549 3094 2629 ἀνωτέρω,
3145 2578 3174 2606 ‹‹
3218 2555 3271 2609 οἱ
3333 2553 3525 2630 ἐχθροί

1883 2655 1990 2708 μου
2032 2636 2155 2711 γὰρ,
2188 2635 2323 2708 εἶπε,
2356 2640 2426 2711 τῇ
2475 2640 2628 2714 ψυχῇ
2678 2659 2783 2712 μου
2830 2642 3139 2717 περιέσχον.
3175 2664 3205 2695 ›)
3231 2645 3523 2720 Ἀποροῦσι

1881 2720 1939 2778 δέ
1982 2744 2126 2786 τινες
2171 2728 2290 2787 πῶς
2340 2726 2368 2780 6
2408 2724 2725 2801 φεισάμενος
2768 2731 2866 2782 τοῦ
2914 2727 3095 2784 Σαοὺλ
3148 2729 3200 2785 ἐν
3246 2732 3327 2806 τῷ
3381 2753 3527 2804 σπη-

1882 2809 2022 2885 λαίῳ
2095 2815 2185 2867 νῦν
2267 2813 2614 2891 ἀναιρεθῆναι
2679 2819 2871 2871 τοῦτον
2955 2813 3172 2894 εὔχεται
3257 2818 3521 2898 ῥομφαίᾳ.

1881 2905 2037 2958 Θεοῦ.
2070 2901 2169 2956 Καὶ
2200 2899 2449 2980 λέγωμεν
2477 2903 2553 2966 ὡς
2603 2903 2765 2967 αὐτὸς
2821 2904 2916 2979 μὲν
2959 2904 3219 2984 αὐτόχειρ
3254 2906 3523 2984 βασιλέως

1881 2990 1982 3047 οὐκ
2010 2988 2267 3067 ἀνέσχετο
2296 2991 2562 3068 γενέσθαι,
2609 2992 2789 3056 καθὼς
2854 2992 2906 3049 ἐν
2955 2994 3275 3070 προοιμίοις
3324 2995 3527 3072 ἐξηγη-

1882 3079 2090 3152 σάμεθα
2142 3085 2240 3135 τοῦ
2303 3079 2548 3155 ψαλμοῦ·
2594 3082 2685 3137 τὸν
2755 3079 2814 3137 δὲ
2854 3082 2985 3138 Θεὸν
3032 3081 3325 3161 παρεκάλει
3386 3085 3525 3162 πρὸς

1881 3165 2179 3240 ἐκδίκησιν,
2252 3168 2774 3245 ταλαιπωρούμενος
2839 3170 2891 3227 ἐν
2966 3171 3109 3247 πάσῃ
3172 3174 3523 3247 κακοπαθείᾳ·

1884 3254 2067 3334 ὥσπερ
2097 3259 2202 3335 γὰρ
2230 3258 2294 3313 τὸ
2331 3263 2546 3335 πρῶτον
2592 3256 2798 3333 ἄδικον,
2830 3259 2973 3317 οὕτω
3021 3258 3227 3317 δίκαιον
3285 3263 3350 3318 τὸ
3398 3261 3527 3319 δεύ-

1877 3365 2053 3419 τερον·
2104 3348 2141 3417 ἢ
2185 3346 2275 3402 καὶ
2323 3347 2376 3403 ἐν
2415 3347 2657 3428 ῥομφαίᾳ
2702 3346 2869 3426 λέγει,
2902 3349 3002 3405 οὐκ
3039 3349 3348 3428 ἀναιρούσῃ,
3379 3350 3528 3408 ἀλλὰ

1876 3430 2119 3513 φοϐούσῃ
2181 3436 2307 3500 τοὺς
2371 3435 2603 3514 ἐχθροὺς
2676 3437 2859 3512 μόνον.
2912 3441 3417 3516 Ἀνθρωποπρεπῶς
3464 3438 3525 3497 δὲ

1877 3523 2109 3600 εἷ’ρηται·
2158 3524 2251 3581 καί
2291 3526 2395 3602 γὰρ
2440 3526 2468 3580 ὁ
2516 3524 2688 3581 θέλων
2739 3524 3011 3600 ἐξελέσθαι
3056 3528 3148 3583 τὸν
3199 3529 3301 3584 ὑπὸ
3346 3530 3520 3585 πολε-

1881 3612 2018 3687 μίων
2065 3613 2422 3691 συνεχόμενον
2479 3613 2749 3693 ῥομφαίαν
2800 3617 3144 3689 σπασάμενος
3209 3618 3357 3694 ὁρμᾷ
3400 3619 3517 3674 κατ’

1877 3701 2072 3776 αὐτῶν,
2135 3703 2237 3758 Καὶ
2305 3702 2390 3758 ὅτι
2449 3702 2550 3758 οὐκ
2610 3704 2953 3779 ἀναιρεθῆναι
3016 3705 3145 3768 τοὺς
3209 3705 3348 3785 ἀμφὶ
3423 3708 3516 3763 τὸν

1878 3790 2081 3865 Σαοὺλ,
2112 3789 2660 3869 ἀλλὰ-δυσπραγῆσαι
2717 3791 2879 3867 μόνον
2928 3791 3183 3870 βούλεται
3232 3792 3401 3866 δηλοῖ
3451 3797 3522 3853 τὰ

1879 3880 2025 3952 ἑξῆς.

1953 3967 2200 4045 «Κύριε,
2249 3967 2339 4024 ἀπ’
2386 3967 2611 4045 ὀλίγων,
2658 3968 2766 4026 ἀπὸ
2810 3977 2913 4048 γῆς
2954 3969 3265 4050 διαμέρισον
3326 3971 3524 4037 αὐτοὺς

1879 4057 1932 4114 ἐν
1970 4060 2040 4132 τῇ
2088 4060 2202 4131 ζωῇ
2254 4058 2453 4114 αὐτῶν.
2509 4081 2531 4109 ι
2565 4089 2637 4100 --
2664 4059 2784 4114 Ἔτι
2833 4063 3034 4129 ζῶντας
3085 4060 3279 4124 αὐτοὺς
3328 4060 3527 4139 ἀφόρι-

1880 4168 1971 4202 σον
2030 4145 2138 4201 ἀπὸ
2191 4151 2300 4202 τῶν
2356 4146 2564 4223 ἀγαθῶν
2640 4146 2960 4225 ἀνθρώπων,
3008 4148 3099 4204 καὶ
3159 4150 3234 4224 μὴ
3288 4147 3525 4205 ἔστωσαν

1880 4234 2065 4298 αὐτοῖς
2120 4234 2446 4311 ἐναρίθμιοι·
2500 4236 2538 4305 ἢ
2585 4235 2698 4309 καὶ,
2746 4234 3002 4313 ἀλλαχοῦ
3049 4259 3202 4316 φησι,
3257 4239 3391 4311 μετά
3445 4235 3527 4292 δι-

1881 4323 2050 4379 καίων
2146 4325 2223 4397 μὴ
2307 4326 2707 4403 γραφήτωσαν·
2788 4326 3163 4402 ἀφορισθέντες
3242 4326 3346 4403 γὰρ
3427 4326 3529 4396 τὴν

1886 4412 2031 4484 ὀξίαν
2059 4411 2521 4485 ἀπαιτηθήσονταί
2548 4433 2687 4468 ποτε
2715 4410 2888 4485 δίκην.
2920 4412 3167 4491 Ὁλίγους
3214 4411 3274 4469 δὶ
3318 4412 3529 4470 πολλά-

1882 4522 1969 4564 κις
1999 4503 2036 4571 ἡ
2095 4502 2280 4580 Γραφή
2337 4498 2497 4556 καλεῖ
2548 4501 2678 4564 τοὺς
2732 4500 2985 4578 ἀγαθούς·
3046 4501 3093 4556 εἰ
3141 4501 3242 4579 γὰρ
3305 4499 3529 4564 πλείους

126 4588 509 4666 ἐπιτηροῦντες
563 4590 805 4648 ἐκκλῖναι
875 4593 967 4648 καὶ
1026 4586 1350 4648 καταϐαλεῖν
1423 4613 1491 4666 με
1554 4591 1630 4655 είς
1673 4594 1775 4669 γὴν
1810 4664 1846 4669 _
1885 4588 1968 4645 ἀεὶ
1996 4588 2158 4645 κακοὶ
2186 4588 2277 4645 καὶ
2307 4588 2353 4645 εἰ
2380 4590 2449 4644 τὰ
2474 4589 2725 4665 χερείονα
2752 4594 2894 4662 νικᾷ·
2941 4588 3124 4665 ὀλίγοι
3167 4590 3269 4666 γὰρ
3318 4590 3372 4646 οἱ
3418 4611 3528 4645 σω-

127 4677 222 4734 ὑπ’
250 4679 426 4735 αὐτῶν
456 4680 842 4759 σφαττόμενον.

202 4809 234 4838 ‹‹
265 4782 563 4845 Ὑπέλαϐόν
600 4808 667 4863 με
702 4787 832 4843 ὡσεὶ
880 4786 1019 4844 λέων
1048 4784 1270 4862 ἕτοιμος
1331 4788 1406 4851 εἲς
1464 4789 1632 4865 θήραν
1691 4787 1781 4843 καὶ

133 4873 267 4929 ὡσεὶ
317 4875 553 4950 σκύμνος
601 4877 768 4940 οἷκῶς
818 4876 870 4933 ἐν
919 4876 1280 4956 ἀποκρύφοις.
1330 4900 1361 4931 ››
1404 4910 1475 4920 -
1500 4879 1658 4933 Ὅσον
1692 4875 1781 4933 ἐπὶ

129 4967 255 5026 ταῖς
314 4964 515 5021 ἑαυτῶν
570 4964 782 5022 ἐλπίσιν
838 4960 1108 5022 ὑπέλαϐόν
1162 4987 1248 5039 με,
1292 4965 1586 5038 τουτέστιν,
1619 4964 1784 5022 ὑπελ-

132 5050 323 5115 θόντος
382 5055 730 5132 μετεώρησαν
783 5061 883 5126 τῆς
937 5061 1039 5132 γῆς
1093 5055 1429 5129 ἀνάρπαστον
1507 5054 1781 5134 φέροντες.

127 5143 411 5221 Λιαφορᾶν
463 5140 522 5198 δὲ
570 5150 673 5214 τῆς
717 5144 968 5220 ἁρπαγῆς
1010 5146 1108 5197 τοῦ
1156 5140 1377 5206 λέοντος
1420 5143 1511 5198 καὶ
1538 5146 1637 5198 τοῦ
1663 5141 1786 5198 σκύ-

133 5252 279 5306 μνου
333 5230 589 5304 τοιαύτην
647 5233 786 5295 τινὲς
841 5227 1243 5287 ἀπόδεδώκασιν
1278 5250 1291 5263 ·
1325 5232 1401 5294 ὡς
1448 5232 1478 5287 6
1512 5233 1606 5306 μὲν
1638 5231 1782 5306 ἀλκῇ

128 5320 437 5393 πεποιθὼς,
505 5319 734 5398 φανερός
792 5320 933 5376 ἐστιν
987 5319 1041 5375 ἐν
1093 5323 1172 5392 τῷ
1229 5319 1475 5397 θηρεύειν
1509 5321 1539 5376 6
1570 5317 1629 5375 δὲ
1658 5321 1784 5375 σκύ-

135 5429 299 5484 μνος,
362 5411 532 5484 μήπω
572 5409 800 5486 ,θαρῥῶν
860 5408 922 5464 ἐκ
947 5412 1045 5463 τοῦ
1071 5412 1361 5488 προφανῶς
1393 5409 1669 5486 ἁρπάζειν.
1695 5407 1788 5464 κά-

133 5499 299 5570 θηται
356 5497 731 5573 κρυπτόμενος
763 5517 776 5531 ·
833 5495 924 5552 καὶ
977 5499 1086 5553 τῶν
1147 5494 1360 5573 ἐχθρῶν
1412 5497 1577 5553 αὐτοῦ
1604 5496 1784 5552 τοίνυν

132 5585 188 5641 οἱ
252 5587 347 5661 μὲν
407 5585 663 5663 ἐθάρῥουν
722 5588 1012 5664 προφανῶς
1068 5585 1322 5659 ἁρπάσαι,
1370 5586 1513 5649 τινὲς
1573 5583 1631 5640 δὲ
1688 5582 1786 5639 λα-

134 5675 363 5751 θραίως,
419 5675 629 5738 ἐαυτοῖς
685 5674 748 5731 οὐ
803 5672 1217 5752 τεθαρῥηκότες.
1276 5670 1439 5730 Οὐδὲν
1498 5672 1557 5729 δὲ
1582 5671 1786 5729 κωλύει

130 5765 331 5822 ταυτὸν
360 5764 450 5822 καὶ
482 5765 648 5846 ἄμφω
695 5762 898 5841 δηλοῦν
937 5782 952 5796 ·
1010 5758 1194 5829 εἷ’ωθεν
1249 5762 1350 5842 γὰρ
1387 5761 1680 5826 ,πολλάκις
1733 5760 1786 5816 ἐν

1809 4664 1858 4730 D
1890 4677 2128 4753 ζόμενοι,
2157 4677 2248 4733 καὶ
2279 4664 2762 4753 ὀλίγοιίέκλεκτοί.
2794 4675 3024 4754 Ὀλίγων
3048 4664 3127 4732 δὲ
3173 4664 3360 4748 εἰπὼν,
3391 4676 3530 4748 ἐπή-

1890 4787 2050 4844 γαγεν
2080 4766 2188 4822 ἀπὸ
2215 4772 2339 4842 γῆς.

1963 4896 1992 4926 ‹‹
2024 4871 2129 4927 Καὶ
2183 4874 2291 4926 τῶν
2340 4871 2729 4947 κεκρυμμένων
2782 4891 2880 4926 σου
2943 4868 3192 4942 ἐπλήσθη
3240 4872 3277 4941 ἡ
3323 4876 3532 4948 γαστῆρ

1890 4960 2087 5016 αὐτῶν.
2145 4984 2167 5012 ι
2218 4992 2290 5003 --
2335 4958 2691 5036 Κεκρυμμένα
2733 4960 2877 5022 τινὲς
2942 4957 3138 5036 ἔφασαν
3182 4960 3385 5036 χρυσὸν
3441 4960 3534 5015 καὶ

1893 5047 2123 5127 ἄργυρον
2197 5047 2232 5103 ἃ
2292 5054 2408 5111 τοῖς
2476 5046 2725 5124 λέγουσιν
2793 5046 3210 5124 ἐγκεκρυμμένα
3270 5055 3373 5119 τῆς
3427 5054 3534 5125 γῆς

1892 5137 2270 5215 ἀνορύττονται
2350 5134 2815 5211 μεταλλευόμενα·
2874 5135 3080 5193 τούτων
3152 5134 3243 5192 οῦν
3285 5135 3534 5209 ἐπλήσθη

1892 5229 1928 5298 ἡ
1977 5227 2186 5303 γαστὴρ
2230 5225 2427 5281 αὐτῶν·
2475 5222 2648 5301 ¹ὒςγουν
2709 5224 2777 5280 τὰ
2836 5226 2975 5280 κατᾶ
3038 5223 3194 5297 δίκην
3259 5224 3535 5303 γαστέρων

1894 5314 2295 5394 ἐμφορούμενα,
2351 5315 2389 5385 ἢ
2453 5314 2545 5369 καὶ
2591 5314 2647 5368 αἱ
2691 5310 2899 5371 κοιλίαι
2949 5312 3125 5369 αὐτῶν
3182 5313 3537 5390 ὀψωνούντων

1895 5403 1993 5459 ὅσα
2020 5398 2258 5462 λάϐοιεν.
2292 5401 2497 5459 ’Δλλοι
2528 5400 2587 5458 δὲ
2615 5401 2835 5478 λέγουσι
2859 5402 2957 5465 τὰς
3005 5403 3152 5479 παρὰ
3198 5406 3334 5460 Θεοῦ
3377 5413 3540 5474 τεθη-

1897 5491 2254 5569 σαυρισμένας
2307 5491 2599 5568 τιμωρίας·
2658 5490 2775 5546 ἐπεὶ
2859 5490 2952 5546 καὶ
3024 5498 3262 5562 Μωῦσῆς
3336 5490 3388 5547 ἐν
3462 5494 3542 5562 τῷ

1898 5581 2306 5658 Δευτερονομίῳ
2352 5580 2477 5657 περὶ
2522 5579 2790 5636 ποικίλων
2846 5584 3150 5656 τιμωριῶν,
3197 5580 3259 5636 ἐκ
3321 5578 3540 5657 προσώ-

1895 5691 2000 5726 που
2054 5674 2153 5725 τοῦ
2211 5674 2345 5725 Θεοῦ
2395 5667 2603 5743 δεξιῶν,
2655 5692 2685 5721 ››
2728 5667 2840 5723 Οὐκ
2889 5665 3008 5724 ἰδοὺ
3072 5673 3240 5725 ταῦτα
3284 5674 3545 5737 συνῆκται

1896 5760 2025 5837 παρ’
2052 5758 2177 5834 ἐμοὶ
2214 5758 2305 5815 καὶ
2354 5757 2704 5838 ἐσφράγισται
2753 5756 2806 5813 ἐν
2845 5762 2961 5821 τοῖς
3008 5763 3300 5834 θησαυροῖς
3349 5777 3476 5832 μου.
3507 5777 3537 5808 »

2632 6070 2645 6081 ,ν
2702 6066 2775 6081 9-
2829 6064 2914 6090 ,J;
