3988 6436
434 656 813 729 πλησθήσεται
840 657 878 726 ἠ
909 655 1118 731 γαστὴρ
1175 654 1374 725 αὐτῶν,
1426 654 1702 710 τούτεστιν
1755 654 1928 712 αὐτοί·
1982 655 2088 709 ἀπὸ

434 748 538 823 γὰρ
571 745 770 822 μέρους
798 744 861 800 τὸ
890 748 1015 800 πᾶν·
1048 744 1188 819 πρὸς
1216 744 1318 819 γάρ
1362 743 1464 811 τὴν
1508 740 1842 816 πλησμονὴν
1890 741 2091 799 καταλ-

436 832 631 906 λήλως
690 828 853 905 ἔθηκε
898 832 1000 902 τὴν
1056 831 1308 909 γαστέρα·
1365 835 1486 894 τοῖς
1561 830 1829 906 μέλλουσι
1899 830 1958 888 δὲ
2012 832 2089 895 ὡς

437 923 718 981 ἐνεστῶσιν
749 920 1051 999 ἐχρήσατο.

513 1052 545 1083 ‹‹
574 1028 1017 1106 Ἔχορτάσθησαν
1050 1028 1205 1084 υἱῶν.
1240 1052 1264 1082 ι
1293 1058 1362 1069 -
1389 1027 1490 1082 Τὸν
1519 1024 1580 1081 ὗν
1610 1026 1910 1103 ἀκάθαρτον
1939 1027 2088 1103 εἶχον

438 1113 685 1194 Ἑϐραῖοι
716 1114 805 1172 διά
830 1138 891 1172 τε
930 1117 995 1172 τὸ
1056 1117 1133 1189 μὴ
1191 1115 1400 1191 ἀνάγειν
1463 1117 1807 1189 μηρυκισμὸν
1867 1114 1920 1170 ἐν
1973 1121 2091 1177 τοῖς

438 1205 675 1285 χείλεσι,
704 1205 795 1261 καὶ
827 1202 918 1261 διά
941 1206 1007 1263 τὸ
1036 1202 1215 1283 φιλεῖν
1244 1204 1336 1260 τὸν
1373 1199 1663 1279 βόρϐορον·
1706 1201 1797 1259 διὰ
1852 1203 1943 1259 οὖν
1994 1208 2092 1258 τοῦ

438 1298 555 1358 υἱὸς
584 1294 813 1352 ἐνταῦθα
834 1295 935 1364 τήν
975 1293 1336 1370 ἀκαθαρσιῶν,
1386 1291 1627 1367 ᾐνίξατο·
1687 1292 2090 1369 ἐχορτάσθησαν

440 1385 568 1463 γὰρ,
619 1404 805 1463 φησιν,
838 1382 1159 1459 ἀκαθαρσίαν
1205 1382 1299 1436 τὸν
1358 1381 1596 1437 πλοῦτον
1650 1381 1726 1444 εἷς
1769 1379 2092 1460 φιληδονίαν

441 1472 848 1537 ἀκαλίσκοντες.
911 1472 979 1528 Οἱ
1052 1468 1100 1527 δ’
1176 1464 1548 1546 ἀκριϐέστεροι
1629 1476 1737 1526 τῶν
1817 1470 2095 1547 ἐξηγητῶν

445 1564 581 1620 υἱῶν
626 1567 736 1618 τῶν
786 1561 1009 1635 τέκνων,
1034 1559 1105 1616 ἵν’
1133 1562 1461 1633 ᾔτοιοῦτον·
1512 1559 1598 1615 ὅτι
1651 1556 1891 1633 καθάπερ
1947 1581 2093 1637 χρη-

448 1652 659 1728 pho”,
702 1649 848 1707 οὕτω
883 1651 975 1707 καὶ
1020 1647 1222 1705 τέκνων
1279 1648 1707 1726 ἐχορτάσθησαν,
1757 1647 2093 1711 πολύπαιδες

444 1740 743 1819 γεγονότες·
784 1739 821 1809 ἢ
853 1740 943 1796 καὶ
980 1739 1120 1794 κατά
1158 1740 1260 1809 τὴν
1311 1736 1515 1808 διπλῆν
1562 1738 1813 1816 ἐξήγησιν
1862 1738 2097 1815 ἐχορτά-

448 1832 651 1903 ἁθησαν
701 1831 810 1885 τῶν
886 1825 994 1885 εἴτε
1057 1847 1170 1904 χρη
1183 1829 1366 1902 μάτων
1430 1824 1538 1883 εἴτε
1601 1832 1909 1903 τιμωριῶν·
1963 1828 2097 1901 μετά

446 1921 559 1985 τῶν
612 1916 746 1977 υἱῶν
802 1914 1168 1986 ἐλλειπούσης
1221 1923 1323 1987 τῆς
1389 1915 1723 1992 προθέσεως·
1784 1916 1884 1973 οὐκ
1938 1916 2096 1972 αὐτοὶ

448 2005 556 2085 γὰρ
589 2006 774 2082 μόνον,
803 2003 953 2063 ἀλλά
976 2005 1068 2062 καὶ
1098 2006 1154 2062 οἱ
1197 2003 1387 2069 παῖδες
1436 2005 1611 2062 αὐτῶν
1666 2006 2031 2079 ἐπλούτησαν,
2063 2008 2101 2076 ἢ

451 2094 899 2173 δειμωρήθησαν.

533 2209 556 2238 ι
591 2184 696 2244 Καὶ
725 2184 937 2263 ἀφῆκαν
963 2184 1034 2240 τά
1059 2182 1368 2240 κατάλοιπα
1404 2188 1523 2247 τοῖς
1573 2182 1792 2255 νηπίοις
1821 2184 2039 2242 ἀύτῶν.
2071 2206 2102 2237 ρ

454 2305 527 2321 -
625 2273 988 2350 Διαρκέσαντα
1083 2273 1176 2329 καὶ
1275 2272 1353 2337 είς
1426 2272 1554 2336 τοὺς
1657 2271 1916 2349 ἐγγόνους
1997 2277 2107 2328 τῶν

454 2362 615 2420 υἱῶν·
670 2361 893 2434 νηπίοις
970 2361 1076 2439 γὰρ
1155 2361 1355 2434 αὐτῶν,
1438 2360 1695 2433 δηλονότι
1767 2366 1875 2419 τῶν
1951 2363 2103 2417 υἱῶν·

453 2451 737 2510 τουτέστιν
791 2449 870 2515 είς
926 2450 1067 2523 ὅλην
1119 2452 1219 2521 τήν
1295 2450 1476 2527 γενεὰν
1542 2451 1846 2526 παρέτεινεν
1925 2448 2032 2506 εἴτε
2077 2450 2106 2505 ὁ

459 2539 725 2614 πλοῦτος,
793 2536 900 2596 εἴτε
953 2542 991 2611 ἡ
1047 2539 1309 2618 τιμωρία.
1342 2538 1448 2598 Kal?
1499 2540 1545 2596 εἰ
1597 2542 1691 2614 μὶν
1741 2546 1871 2609 περῖ
1912 2545 2107 2608 ποινῆς

459 2632 631 2685 ταῦτα
680 2629 989 2703 νοήσωμεν,
1034 2628 1342 2708 προφητεία
1398 2628 1487 2685 ἐπὶ
1551 2634 1659 2685 τῶν
1710 2629 2104 2701 ἀπηντηκότων

456 2722 581 2781 τοῖς
635 2716 856 2795 ἐχθροῖς
909 2716 1075 2775 αὐτοῦ
1129 2722 1331 2774 κακῶν·
1365 2718 1412 2774 εἰ
1442 2716 1501 2774 δὲ
1555 2718 1680 2793 περὶ
1738 2717 2106 2793 εὐδαιμονίας,

457 2803 685 2878 ὀξησις
727 2804 1065 2885 κατηγορίας
1111 2807 1196 2865 ὅτι
1261 2808 1534 2863 τοσούτων
1595 2808 1807 2885 ἀγαθῶν
1870 2807 2109 2866 ἀπολαύ-

456 2915 664 2969 σαντες,
693 2895 1028 2973 παρανόμως
1058 2894 1246 2974 ἔσχον,
1275 2902 1376 2967 τῆς
1396 2900 1495 2953 τοῦ
1523 2900 1658 2954 Θεοῦ
1706 2902 2107 2976 καταφρονοῦν-

454 3003 550 3051 τες
579 2982 978 3061 μακροθυμίας.

537 3092 568 3130 α
594 3072 738 3147 Ἐγὼ
787 3069 847 3128 δὶ
885 3071 942 3128 ἐν
992 3069 1306 3148 δικαιοσύνῃ
1347 3073 1665 3152 ὀφθήσομαι
1700 3077 1780 3146 τῷ
1824 3074 2108 3149 προσώπῳ

459 3180 640 3218 σου.»
697 3191 770 3205 -
827 3160 1149 3233 Δικαιοσύνη
1214 3161 1309 3236 μὶν
1364 3161 1489 3238 γὰρ,
1537 3162 1664 3238 περὶ
1718 3165 1786 3233 ἧς
1844 3160 1898 3218 ἐν
1958 3163 2106 3239 ἀρχῇ

459 3247 713 3306 λέλεκται
757 3252 859 3306 τοῦ
914 3248 1162 3325 ψαλμοῦ,
1215 3249 1361 3321 ἄξιόν
1438 3272 1505 3325 με
1573 3254 1793 3322 ποιήσει
1847 3258 1950 3322 τῆς
2006 3258 2106 3322 σῆς

457 3336 779 3409 ἐπισκοπῆς,
808 3338 899 3395 καὶ
925 3338 1400 3417 ἐμφανισθήσομαί
1447 3360 1530 3395 σοι
1583 3340 1715 3415 μετᾶ
1767 3342 1858 3398 τὸν
1917 3342 2104 3417 καιρὸν

455 3432 559 3497 τῆς
584 3425 896 3490 τελευταίας
922 3424 1171 3505 κρίσεως.

529 3557 561 3585 ι(
590 3535 1043 3610 Χορτασθήσομαι
1098 3532 1150 3590 ἐν
1207 3532 1287 3608 τῷ
1339 3532 1569 3612 ὀφθῆναί
1632 3556 1727 3609 μοι
1793 3536 1893 3605 τὴν
1948 3533 2101 3607 δόξαν

458 3641 575 3677 σου.
607 3644 639 3676 »
670 3653 742 3668 —-
785 3622 886 3679 Καὶ
946 3619 1075 3678 ἱδὼν
1123 3624 1223 3693 τὴν
1270 3620 1423 3697 δόξαν
1474 3644 1570 3678 σου
1614 3627 1911 3695 τηνικαῦτα
1954 3623 2104 3695 πλη-

459 3709 734 3781 σθήσομαι
784 3715 886 3779 τῆς
945 3708 1253 3785 ἐπιθυμίας·
1284 3710 1407 3781 ἥτις
1464 3710 1575 3767 ἐστί
1615 3713 1679 3767 τὸ
1725 3711 1957 3791 ὀφθῆναί
2008 3734 2102 3786 μοι

455 3794 547 3851 καὶ
604 3793 737 3851 ἰδεῖν
792 3797 893 3867 τὴν
947 3795 1102 3869 δόξαν
1149 3820 1267 3859 σου.
1323 3802 1388 3855 Οἱ
1430 3801 1535 3877 γὰρ
1593 3799 1917 3877 ἁμαρτωλοὶ
1970 3805 2103 3856 Θεοῦ

454 3882 748 3961 πρόσωπον
793 3883 895 3940 οὐκ
939 3880 1184 3960 ὄψονται·
1228 3886 1319 3941 καὶ
1365 3889 1395 3943 ὁ
1442 3886 1639 3963 Κύριος
1705 3886 1764 3943 δέ
1838 3910 2000 3967 φησιν
2052 3888 2105 3944 ἐν

453 3974 575 4035 τοῖς
629 3970 1009 4049 Εὐαγγελίοιςι
1043 3996 1072 4026 ‹‹
1101 3975 1371 4053 Μακάριοι
1428 3978 1482 4031 οἱ
1535 3980 1829 4040 πεινῶντες
1875 3977 1966 4032 καὶ
2024 3975 2101 4033 δι-

456 4062 666 4135 ψῶντες
694 4060 795 4145 τήν
822 4057 1191 4137 δικαιοσύνην,
1223 4060 1307 4118 ὅτι
1338 4062 1491 4119 αὐτοὶ
1548 4066 2037 4141 χορτασθήσονται,
2075 4090 2097 4118 ε

452 4151 566 4205 τῶν
620 4147 1073 4223 ἐπιθυμουμένων
1125 4149 1313 4214 αὐτοῖς
1385 4150 1622 4208 αἰωνίων
1693 4153 1932 4227 ἀγαθῶν.
1993 4159 2102 4232 Αρ-

459 4235 613 4311 μόζει
644 4232 692 4293 δ’
740 4239 769 4293 ὁ
818 4240 1006 4316 παρὼν
1062 4238 1282 4314 ψαλμὸς
1336 4239 1428 4296 καὶ
1481 4240 1641 4297 παντὶ
1694 4241 1926 4319 ἐναρέτῳ
1985 4242 2101 4299 ἐπι-

452 4320 865 4401 θουλευομένῳ,
916 4327 980 4391 ὃς
1041 4329 1118 4402 μὴ
1174 4330 1389 4385 ἀπατῶν
1447 4326 1645 4393 δόλους
1719 4333 1941 4403 ζητήσει
2012 4331 2103 4387 καὶ

450 4414 619 4470 θεῖναι
652 4415 788 4490 μετά
812 4418 912 4472 τοῦ
937 4415 1137 4493 ἐχθροῦ
1170 4416 1352 4473 Σαοὺλ
1393 4419 1488 4475 τὸν
1537 4418 1734 4497 ἐχθρὸν
1779 4420 1943 4476 αὑτοῦ
2003 4419 2099 4478 λο-

449 4500 677 4581 γίσεται,
734 4499 843 4563 εὖτε
896 4503 1153 4575 αἰσθητὸν
1211 4504 1346 4569 ἴσως
1404 4506 1511 4562 εἴτε
1563 4503 1783 4579 νοητόν.
1812 4514 1870 4565 Ὃ
1914 4506 1960 4564 δ’
2009 4510 2102 4565 αύ-

447 4590 544 4654 τὸς
571 4591 664 4646 καὶ
721 4588 925 4667 λόγους
980 4591 1218 4669 χειλέων
1267 4598 1367 4651 τοῦ
1420 4599 1555 4651 Θεοῦ
1605 4599 1792 4668 νοήσει
1818 4597 1917 4660 τάς
1943 4597 2100 4675 εὐαγ-

447 4676 671 4755 γελικάς
728 4678 975 4755 ἐντολὰς,
1032 4681 1425 4753 ἀνθεστηκότας
1490 4681 1549 4739 δὶ
1625 4689 1694 4760 τῇ
1779 4683 1924 4758 δεξιᾷ
2002 4673 2101 4743 τοῦ
2131 4673 2178 4738 D

450 4771 585 4825 Θεοῦ
631 4767 761 4832 τοὺς
811 4767 1075 4843 δαίμονας
1120 4771 1197 4834 ὡς
1238 4772 1643 4847 ἀντικειμένους
1690 4775 1780 4830 καὶ
1830 4775 1906 4838 ὡς
1961 4775 2096 4831 ἀπο-

447 4854 641 4939 στάτας
665 4856 795 4921 τοὺς
826 4856 1023 4923 αὖτοὺς
1054 4857 1114 4915 δὶ
1134 4860 1225 4915 καὶ
1258 4855 1466 4926 ἀσεϐεῖς
1495 4862 1581 4919 καὶ
1612 4862 1845 4939 ἐχθροὺς
1888 4864 1941 4919 οἳ
1990 4862 2099 4936 ἐξέ-

449 4937 624 5001 ϐαλον
672 4945 835 5003 αὐτὸν
881 4946 989 5004 ἀπὸ
1030 4956 1135 5019 τῆς
1183 4950 1390 5021 σκέπης
1436 4956 1534 5006 τοῦ
1581 4937 1726 5007 Θεοῦ
1762 4953 1799 5021 ἢ
1848 4952 1956 5008 ἀπὸ
2001 4958 2100 5009 τοῦ

446 5029 798 5111 παραδείσου,
826 5036 919 5091 καὶ
969 5038 1039 5094 τὰ
1092 5039 1216 5112 ἑξῆς
1274 5036 1590 5103 ἀκολούθως
1651 5039 1965 5115 ἐκλήψεται.
1999 5037 2101 5098 Εὕ-

449 5118 593 5205 ξεται
659 5119 719 5177 δὲ
781 5121 1265 5203 διασκορπισθῆναι
1328 5128 1420 5183 καὶ
1486 5126 1897 5205 διαμερισθῆναι
1969 5130 2100 5194 τοὺς

449 5203 708 5293 δαίμονας
737 5209 845 5269 ἀπὸ
870 5217 978 5269 τῶν
1008 5213 1225 5290 ἀγαθῶν
1274 5212 1507 5293 ἀνδρῶν,
1539 5203 1690 5280 ὅπως
1740 5216 1800 5272 ἂν
1845 5217 1996 5273 οὗτοι
2046 5218 2099 5273 οἱ

448 5292 644 5373 ἀγαθοὶ
675 5301 825 5365 ζῶσι·
862 5301 997 5374 μετὰ
1036 5304 1138 5379 γὰρ
1185 5292 1410 5361 θάνατον
1456 5304 1520 5361 οὐ
1563 5302 1856 5361 δεδοίκασι·
1887 5306 1978 5362 καὶ
2033 5307 2101 5363 τὰ

449 5381 577 5459 περὶ
605 5388 707 5441 τοῦ
732 5384 978 5445 πλούτου
1008 5387 1067 5445 δὶ
1092 5390 1184 5447 καὶ
1208 5398 1312 5462 τῆς
1347 5393 1622 5470 τιμωρίας
1676 5394 1767 5450 καὶ
1821 5396 1888 5451 τὰ
1931 5394 2100 5452 λοιπά

448 5470 949 5550 προσαρμόσουσιν,
1006 5478 1082 5541 ὡς
1138 5482 1626 5558 κοσμοκράτορσιν·
1687 5487 1760 5539 ῶν
1807 5483 1897 5538 καὶ
1946 5483 2097 5547 υἱοὺς

450 5559 544 5617 καὶ
609 5558 869 5636 ἐγγόνους
947 5568 1134 5637 νοήσει
1212 5570 1341 5632 τοὺς
1424 5572 1666 5644 μαθητὰς
1751 5571 1923 5628 αὐτῶν
2008 5573 2098 5627 καὶ

453 5648 765 5738 ὑπουργοὺς
791 5652 1069 5738 πρνηροὺς
1112 5655 1453 5733 ἀνθρώπους·
1506 5664 1615 5716 τῶν
1669 5660 1775 5738 γὰρ
1827 5660 2091 5717 τοιούτων

448 5738 635 5815 πατὴρ
664 5738 695 5803 δ
723 5735 1007 5806 διάϐολος.

1686 432 2115 498 NICEPHORI
2155 435 2593 500 BLEMMIDE

431 561 769 647 προφητεύει
797 569 930 643 γοῦν
956 561 1195 645 φάσκων,
1224 563 1308 620 ὅτι
1356 567 1464 619 τῶν
1525 563 1743 643 ἀφανῶν
1799 569 2085 640 τιμωριῶν
2119 568 2169 635 Α

3716 428 3878 492 1396

2798 571 3096 624 ΨΔΛΜΟΣ
3135 570 3229 622 IZ'.

2273 717 2295 744 ι
2330 693 2424 755 Εἷς
2479 693 2543 749 τὸ
2599 691 2760 754 τέλος
2813 696 2893 763 τῷ
2948 687 3104 749 παιδὶ
3160 688 3361 766 Κυρίου
3417 692 3501 762 τῷ
3567 683 3777 744 Δαυίδ.
3806 687 3873 743 ’Δ

2198 780 2463 852 ἐλάλησεν
2520 785 2602 854 τῷ
2657 780 2837 856 Κυρίῳ
2889 780 3016 841 τοὺς
3097 777 3294 855 λόγους
3347 784 3448 847 τῆς
3507 774 3674 850 ᾠδῆς
3747 775 3873 830 ταύ-

2195 890 2319 941 της,
2352 870 2405 925 ἐν
2435 869 2618 946 ἡμέρᾳ
2656 868 2881 946 ἐρύσατο
2929 867 3126 944 Κύριος
3156 866 3313 922 αὐτὸν
3369 866 3430 922 ἐκ
3479 865 3687 942 χειρὸς
3738 864 3871 919 πάνυ

2196 980 2305 1014 των
2357 964 2466 1014 τῶν
2518 959 2728 1036 ἐχθρῶν
2788 959 2953 1013 αὐτοῦ
3008 957 3098 1013 καὶ
3153 956 3211 1011 ἐκ
3255 956 3446 1033 χειρὸς
3481 953 3707 1012 Σαούλ.
3742 980 3772 1005 ι»
3804 986 3869 998 —-

2199 1048 2295 1110 Εἷς
2341 1049 2404 1104 τὸ
2448 1048 2607 1111 τέλος
2656 1048 2751 1122 μὶν
2797 1048 3187 1122 ἐπιγέγραπται
3232 1047 3268 1115 ἢ
3301 1044 3391 1100 διὰ
3415 1046 3481 1100 τὸ
3511 1042 3864 1122 προφητείας

2201 1136 2546 1214 ἐμπεριέχειν
2600 1137 2675 1199 εἷς
2731 1135 2893 1198 τέλος
2959 1130 3376 1209 ἐκϐοησομένας·
3435 1134 3569 1210 περὶ
3632 1138 3865 1208 Χριστο]

2198 1227 2300 1303 γάρ
2348 1226 2437 1281 καὶ
2488 1225 2740 1296 κλήσεως
2803 1225 2969 1289 ἐθνῶν
3029 1225 3081 1279 ἐν
3149 1229 3296 1296 μέρει
3338 1220 3681 1298 διαλέγεται·
3788 1222 3863 1275 ὅτι

2201 1314 2289 1370 ἐπὶ
2346 1320 2415 1390 τῇ
2474 1314 2753 1387 συντελείᾳ
2805 1320 2909 1367 τῶν
2960 1313 3170 1389 ἐχθρῶν
3218 1312 3383 1367 αὐτοῦ
3411 1314 3505 1367 τὸν
3533 1312 3720 1384 ὕμνον
3749 1316 3865 1365 τοῦ·

2198 1424 2290 1459 τον
2348 1403 2574 1475 ἀνέθηκε
2626 1403 2707 1476 τῷ
2763 1408 2880 1475 Θεῷ
2940 1403 3357 1479 εὖχαριστήριον
3406 1400 3597 1471 πάσης
3650 1401 3865 1474 εὐεργε-

2201 1493 2318 1554 σίας
2374 1496 2441 1563 ἧς
2498 1491 2831 1564 ἀπήλαυσεν·
2864 1492 2899 1562 ἢ
2932 1492 3021 1547 καὶ
3080 1488 3218 1547 διότι
3263 1490 3352 1546 ἐπὶ
3395 1489 3544 1545 τέλει
3606 1496 3717 1559 τῆς
3751 1489 3864 1543 ἐαυ-

2200 1586 2297 1636 τοῦ
2354 1588 2501 1653 ζωῆς
2557 1582 2649 1637 τὸν
2703 1582 2947 1657 παρόντα
3001 1579 3219 1656 ψαλμὸν
3272 1579 3517 1650 συνέταξε
3564 1583 3652 1651 τῷ
3710 1575 3867 1633 παιδὶ

2204 1672 2400 1746 Κυρίου
2455 1668 2640 1745 Δαυῒδ,
2699 1675 2791 1726 καί
2852 1670 2915 1725 οὗ
2965 1675 3045 1743 τῷ
3103 1667 3317 1747 βασιλεῖ
3372 1669 3408 1737 ἢ
3460 1669 3752 1746 προφήτῃ·
3788 1666 3863 1721 ὅτι

2202 1766 2368 1817 ταῦτα
2427 1762 2522 1835 μὶν
2578 1759 2866 1837 δωρήματι
2915 1764 3073 1816 Θεοῦ·
3124 1764 3253 1821 παῖς
3303 1755 3362 1813 δὲ
3387 1756 3605 1833 γίνεται
3640 1756 3863 1832 Κυρίου·

2204 1850 2241 1920 ἢ
2283 1848 2353 1905 δι’
2407 1850 2826 1927 εὐγνωμοσύνης
2884 1849 2959 1912 ὡς
3011 1848 3203 1910 πιστὸς
3269 1844 3494 1919 δοῦλος,
3554 1846 3595 1915 ἢ
3653 1845 3753 1900 καὶ
3802 1842 3872 1942 διζ

2126 1938 2179 2005 Β
2208 1939 2607 2018 εὖεργετήσεως
2663 1938 2740 2001 ὡς
2795 1936 3152 2014 ἠγαπημένον
3209 1934 3411 1993 τέκνον·
3458 1935 3627 1997 οὗτος
3687 1932 3751 1989 δὲ
3804 1932 3856 1988 δι

2213 2029 2415 2107 ἀμφοῖν
2471 2025 2659 2106 ἄμφω·
2709 2025 2800 2082 καὶ
2846 2027 2943 2090 τὰς
2989 2030 3086 2081 τοῦ
3132 2021 3325 2086 παιδὸς
3373 2023 3744 2100 ἐκληρώσατο
3776 2044 3869 2092 ση-

2216 2117 2430 2191 μασίας·
2487 2116 2579 2171 καὶ
2636 2112 2833 2178 δοῦλος
2877 2115 2967 2169 καὶ
3022 2114 3208 2169 τέκνον
3273 2112 3635 2190 χρηματίσας
3714 2117 3869 2167 Θεοῦ·

2213 2207 2243 2263 ὃ
2267 2205 2358 2261 καὶ
2419 2203 2631 2279 μᾶλλον
2680 2201 2863 2283 ἔφερεν
2918 2203 3064 2275 αύτῷ
3124 2204 3265 2277 μέγα
3318 2201 3596 2278 καύχημα
3644 2199 3738 2256 διά
3796 2223 3872 2278 φι-

2215 2291 2475 2355 λοπονίας
2503 2290 2718 2363 κτηθέν.
2749 2294 2817 2348 ’Δ
2850 2290 2908 2347 δὲ
2937 2290 3175 2362 ἐλάλησε
3202 2295 3283 2363 τῷ
3338 2290 3526 2366 Κυρίῳ
3584 2289 3872 2351 λείποντος

2213 2386 2331 2454 τοῦ,
2360 2382 2530 2437 ταῦτά
2559 2381 2692 2453 ἐστι,
2724 2378 2938 2451 δηλαδή
2973 2379 3102 2443 τοὺς
3150 2376 3346 2457 λόγους
3388 2382 3494 2449 τῆς
3542 2376 3701 2452 ᾠδῆς
3744 2378 3869 2434 ταύ-

2213 2493 2314 2542 της
2373 2469 2659 2542 ἐλάλησεν.
2718 2468 2881 2549 ᾩδῆς
2937 2467 2995 2525 δὲ
3049 2468 3321 2544 ἐπέγραψε
3376 2467 3468 2523 καὶ
3518 2467 3585 2522 οὗ
3619 2465 3866 2543 ψαλμοῦ,

2215 2559 2299 2615 ὅτι
2332 2560 2393 2615 οὗ
2425 2557 2515 2614 διὰ
2546 2564 2818 2633 μουσικῶν
2872 2558 3141 2635 ὀργάνων,
3171 2555 3303 2612 ἀλλ’
3352 2557 3456 2611 ἀπὸ
3521 2556 3700 2630 μόνου
3757 2555 3870 2610 στό-

2220 2670 2392 2723 ματος
2446 2650 2544 2721 ᾖσε
2598 2650 2698 2717 τὴν
2758 2644 2907 2720 ᾤδήν
2933 2648 3133 2716 ταύτην
3159 2644 3271 2716 ἤδη
3304 2646 3575 2721 γηράσας,
3613 2645 3696 2707 ὡς
3726 2644 3777 2699 ἐν

2220 2732 2403 2816 βίϐλῳ
2455 2741 2563 2791 τῶν
2623 2736 2923 2793 Βασιλειῶν
2986 2736 3299 2812 γέγραπται·
3356 2736 3524 2807 ἡμεῖς
3577 2736 3866 2810 καταχρώ-

2220 2848 2374 2900 μενοι
2428 2824 2646 2901 ψαλμὸν
2696 2825 2788 2882 καὶ
2830 2826 2929 2894 τὴν
2981 2822 3131 2899 ᾠδὴν
3177 2824 3539 2897 ὀνομάζομεν.
3577 2824 3669 2878 Ἐν
3696 2823 3865 2895 ἡμέρᾳ

2218 2911 2276 2971 δὶ
2371 2914 2628 2992 ἐρρύσατο
2686 2914 2845 2971 αὐτὸν
2896 2913 2955 2969 ἐκ
2984 2914 3171 2991 χειρὸς
3230 2914 3446 2967 πάντων
3488 2917 3602 2968 τῶν
3662 2911 3852 2987 ἐχθρῶν

2216 3003 2404 3074 αὐτοῦ,
2431 3004 2701 3059 τουτέστιν
2732 3003 2785 3059 ἐν
2836 3004 3019 3077 ἡμέρᾳ
3064 3002 3153 3057 ὅτε
3202 3000 3377 3073 ἔδοξεν
3410 2999 3849 3074 ἐλευθερωθῆναι

2215 3093 2431 3149 πάντων
2487 3097 2595 3150 τῶν
2656 3093 2785 3170 ἄχρι
2840 3092 2963 3149 τότε
3017 3090 3302 3165 πολεμίων
3382 3087 3723 3169 ἀλλοφύλων
3772 3088 3853 3142 καὶ

2218 3179 2729 3258 ὁμογενῶν·διελὼν
2763 3179 2821 3236 δὲ
2844 3186 2950 3237 τῶν
2984 3179 3170 3237 ἄλλων
3204 3179 3413 3256 ἐχθρῶν
3445 3181 3541 3234 καὶ
3569 3178 3671 3235 τὸν
3696 3175 3862 3234 Σαοὺλ

2137 3305 2181 3373 C
2216 3269 2331 3344 ΐδίᾳ
2384 3272 2474 3326 καὶ
2530 3270 2839 3326 τελευταῖον
2897 3270 3180 3325 τέθεικενν·
3221 3270 3259 3339 ἢ
3319 3269 3397 3331 ὡς
3451 3267 3869 3341 πολεμιώτατον

2261 3361 2275 3373 .
2324 3362 2337 3373 .
2543 3359 2556 3373 ,
2788 3361 2812 3373 ..
2942 3357 2998 3373 ..ι
3286 3364 3310 3373 -
3399 3354 3492 3373 ,ης
3657 3356 3676 3373 ς
3729 3359 3752 3373 ,ι
3823 3363 3846 3372 -

2216 3361 2375 3417 αὐτὸν
2431 3357 3167 3437 γενόμενον,ἢφειδόμενος
3218 3364 3336 3420 τοῖς
3394 3354 3593 3419 ἄλλοις
3654 3356 3871 3433 ἐχθροῖς

2216 3449 2374 3505 αὐτὸν
2402 3448 2669 3521 συντάξαι,
2705 3449 2782 3511 ὡς
2815 3448 3041 3525 βασιλέα
3070 3445 3162 3503 καί
3201 3445 3484 3523 εὐεργέτην
3525 3445 3701 3501 αὐτοῦ
3748 3467 3875 3501 ποτε

2211 3537 2467 3616 γεγονότα
2492 3537 2584 3592 καὶ
2613 3537 2887 3611 πενθερόν.

2284 3651 2316 3679 κ
2351 3627 2641 3703 ’Δγαπήσω
2697 3647 2775 3695 σε,
2838 3623 3023 3699 Κύριε,
3054 3626 3090 3694 ἡ
3151 3621 3309 3699 ἰσχύς
3368 3645 3497 3697 μου.
3529 3646 3559 3676 ιι
3592 3656 3671 3667 --
3724 3626 3871 3683 Πολ-

2215 3713 2350 3787 λῶν,
2381 3713 2535 3792 φησὶ,
2566 3713 2657 3768 καὶ
2714 3710 2969 3789 μεγάλων
3006 3712 3251 3788 τετυχὼς
3309 3712 3522 3787 ἀγαθῶν
3580 3712 3696 3766 ἀπὸ
3754 3715 3867 3783 σοῦ,

2210 3801 2412 3876 καὶμὴ
2469 3800 2761 3874 δυνάμενος
2814 3801 3166 3875 ἀμείψασθαι·
3222 3798 3278 3855 τί
3328 3801 3431 3876 γὰρ
3486 3798 3864 3856 ἀνταποδώσω

2209 3893 2290 3963 τῷ
2345 3891 2529 3966 Κυρίῳ
2584 3889 2709 3966 περὶ
2767 3888 2976 3944 πάντων
3036 3891 3109 3943 ῶν
3184 3887 3532 3944 ἀνταπέδωκέ
3610 3907 3753 3961 μοις
3808 3894 3867 3942 Ὃ

2215 3977 2380 4052 μόνον
2412 3976 2665 4052 δύναμαι,
2695 3983 2857 4033 τοῦτο
2913 3977 3002 4032 καὶ
3050 3978 3290 4048 ποιήσω·
3335 3977 3610 4051 ἀγαπήσω
3656 3979 3763 4053 γάρ
3814 3997 3865 4032 σε

2211 4065 2319 4142 οὐχ
2375 4066 2451 4129 ὡς
2507 4066 2698 4140 πρώην
2758 4067 2835 4139 μή
2895 4066 3141 4141 ἀγαπῶν,
3176 4064 3303 4122 ἀλλ’
3359 4066 3434 4128 ὡς
3493 4065 3583 4121 ἐπὶ
3650 4064 3860 4139 μᾶλλον

2207 4159 2371 4211 τοῦτο
2426 4156 2695 4226 ποιήσων·
2753 4158 2913 4210 τοῦτο
2970 4154 3073 4230 γὰρ
3123 4154 3211 4209 καὶ
3274 4156 3469 4231 πρώτη
3538 4158 3651 4209 τῶν
3717 4154 3863 4209 ἐντο-

2210 4239 2341 4298 λῶν·
2378 4265 2409 4296 ‹‹
2449 4243 2777 4318 Ἀγαπήσεις
2823 4262 2946 4319 γαρ,
2997 4242 3149 4319 φησὶ,
3197 4241 3397 4319 Κύριον
3443 4242 3538 4296 τὸν
3585 4242 3720 4297 Θεόν
3768 4262 3861 4296 σου

2209 4331 2260 4405 ἐξ
2306 4329 2443 4403 ὅλης
2483 4333 2584 4400 τῆς
2637 4328 2861 4407 καρδίας
2918 4351 3013 4385 σου
3057 4329 3149 4385 καί
3191 4329 3244 4403 ἐξ
3275 4330 3418 4401 ὅλης
3444 4336 3551 4401 τῆς
3579 4327 3861 4404 δυνάμεώς

2209 4441 2326 4478 σου.
2357 4445 2385 4473 ››
2422 4419 2601 4496 Ἰσχὺν
2639 4417 2697 4475 δὲ
2724 4419 2814 4475 τὸν
2847 4420 2973 4474 Θεὸν
3014 4417 3291 4489 ἐκάλεσεν,
3322 4418 3400 4482 ὡς
3437 4420 3541 4490 τήν
3590 4420 3855 4474 ἀσθένειαν

2207 4508 2374 4564 αὐτοῦ
2405 4507 2760 4585 ἐνισχύσαντα
2806 4508 2943 4564 κατά
2982 4511 3092 4566 τῶν
3133 4507 3401 4564 τοιούτων
3452 4508 3545 4564 καὶ
3593 4508 3859 4563 τοσούτων

2209 4597 2443 4674 ἐχθρῶν.

2281 4710 2310 4738 ι(
2341 4686 2538 4764 Κύριος
2596 4685 2877 4763 στερέωμά
2938 4708 3044 4760 μου
3100 4685 3192 4742 καὶ
3246 4689 3535 4765 καταφυγή
3594 4707 3704 4760 μου
3770 4684 3855 4740 καὶ

2210 4774 2410 4852 ῥύστης
2464 4796 2593 4849 μου.
2627 4799 2657 4829 )›
2689 4809 2760 4820 --
2789 4774 3085 4851 Στερέωμα
3138 4775 3257 4849 μὶν,
3288 4776 3366 4838 ὡς
3411 4773 3717 4852 έδραιώσας
3768 4774 3851 4830 καὶ

2206 4867 2440 4935 ποιήσας
2492 4864 2653 4920 αὐτὸν
2707 4861 3011 4937 ἀκλόνητον
3066 4864 3202 4940 πρὸς
3258 4863 3354 4927 τᾶς
3432 4860 3682 4938 ἐμϐολὰς
3753 4869 3854 4919 τῶν

2208 4952 2460 5009 ἑκάστοτε
2537 4957 2878 5029 πειρασμῶν·
2955 4955 3240 5031 καταφυγῆ
3309 4950 3369 5009 δὲ
3440 4954 3517 5017 ὡς
3599 4953 3855 5032 φεύγοντα

2209 5037 2506 5116 δεχόμενος
2560 5038 2686 5096 εἷ’σω
2741 5049 2845 5111 τῆς
2892 5042 3082 5096 ἑαυτοῦ
3132 5042 3357 5112 σκέπης,
3405 5041 3499 5097 καὶ
3541 5047 3623 5115 τῷ
3688 5041 3852 5116 τείχει

2204 5132 2307 5199 τῆς
2361 5129 2507 5193 θείας
2565 5129 2820 5206 βοηθείας
2886 5129 3326 5208 περιφυλάττων·
3389 5130 3594 5207 ῥύστης
3667 5128 3726 5186 δὲ
3785 5131 3853 5191 ὡς

2206 5216 2582 5295 ἐξαιρούμενος
2618 5223 2726 5275 τῶν
2774 5218 3092 5296 πολιορκεῖν
3138 5218 3231 5276 καὶ
3277 5218 3720 5295 αἱχμαλωτίζειν
3769 5216 3850 5275 ἐλ-

2204 5305 2537 5380 πιζομένων.

2280 5419 2310 5449 ‹‹
2340 5396 2398 5451 Ὁ
2427 5395 2558 5461 Θεός
2591 5417 2695 5470 μου
2730 5396 2933 5474 βοηθός
2968 5417 3098 5470 μου,
3125 5397 3218 5451 καὶ
3266 5394 3446 5453 ἐλπιῶ
3497 5397 3582 5454 ἐπ’
3613 5397 3791 5456 αὐτόν.
3821 5420 3846 5451 ι

2207 5484 2365 5542 -Ὁ
2414 5485 2541 5547 Θεός
2591 5506 2696 5558 μου
2746 5485 2910 5559 μόνος
2956 5484 3069 5541 ἐστὶ
3130 5486 3333 5561 βοηθός
3376 5508 3488 5559 μου
3519 5486 3625 5543 ἀεί·
3655 5485 3844 5542 διὸκαὶ

2207 5572 2291 5629 ἐπ’
2345 5572 2503 5629 αὐτὸν
2562 5573 2725 5647 μόνον
2775 5573 2973 5644 ἐλπιῶ,
3036 5575 3112 5647 μὴ
3183 5573 3559 5652 ἀπολιγωρῶν
3612 5577 3745 5651 πρὸς
3784 5575 3843 5628 τᾶ

2207 5661 2603 5736 συμπίπτοντα,
2639 5661 2766 5737 μηδ’
2796 5663 3185 5740 ἀπογινώσκων
3216 5663 3315 5733 τήν
3349 5664 3650 5740 σωτηρίαν.

2282 5774 2306 5804 ιι
2336 5754 2757 5830 Ὑπερασπιστής
2816 5773 2923 5827 μου
2993 5751 3083 5807 καὶ
3158 5749 3320 5831 κέρας
3747 5772 3842 5825 μου
