3988 6442
213 417 376 484 1397

1435 417 1853 482 EXPOSITIO
1894 415 1974 480 IN
2021 418 2407 483 PSALMOS.

3471 418 3630 484 I398

209 551 309 610 καὶ
339 548 692 628 ἀντιλήπτωρ
725 568 850 626 μου.
915 572 945 604 υ
1003 581 1072 594 --
1100 548 1188 606 Ἐν
1227 547 1500 623 πολέμοις
1526 551 1628 620 τήν
1661 550 1864 620 σκέπην
1900 549 2081 627 Ατὴν
2139 552 2345 627 ψυχὴν,
2405 551 2433 606 6
2491 548 2549 607 δὲ
2621 551 2841 629 κατέχει
2894 542 3362 630 παραλαμϐάνων.
3418 551 3487 606 ’Π
3538 549 3631 605 καί

209 641 384 699 αὐτοῦ
432 639 541 718 πρὸ
588 640 725 715 ἐμοῦ
772 636 1077 703 τιθείς’⁹ίνα
1114 639 1190 713 μὴ
1222 637 1436 716 βληθῶ.
1488 640 1600 701 Τὰς
1643 636 1871 701 ἀσπίδας

210 732 325 808 γὰρ
383 732 437 786 οὶ
489 728 940 807 ύπερασπίζοντές
986 749 1144 784 τινων
1197 728 1444 783 εἰώθασιν
1510 728 1617 798 πρὸ
1692 727 1867 783 αὐτῶν

210 821 454 897 ἀνέχειν,
511 819 828 891 ἀποτροπὴν
878 824 983 887 τῆς
1041 814 1370 888 ὁθενδήποτε
1429 818 1604 892 βολῆς
1637 834 1651 849 ·
1709 814 1868 891 κέρας

210 906 278 965 δὶ
318 908 593 984 σωτηρίας
641 906 760 962 ἀντὶ
824 910 943 979 τοῦ,
1004 905 1340 982 ἀμυντήριον
1416 903 1679 959 σωστικόν
1712 948 1725 961 .
1802 905 1871 958 τὰ

212 999 328 1076 γὰρ
380 996 688 1076 κερασφόρα
745 999 857 1066 ζῶα
908 1000 1026 1058 τοῖς
1082 996 1297 1071 κέρασιν
1374 992 1665 1066 ἀμύνονται
1736 1012 1868 1069 κρα-

209 1090 390 1150 τάιῶς
447 1086 498 1142 ἐν
534 1085 760 1162 μάχαις,
809 1083 926 1140 ἐπεὶ
975 1081 1035 1139 δὲ
1078 1083 1143 1139 τὸ
1213 1084 1309 1157 μέν
1354 1104 1442 1138 τοι
1502 1080 1871 1159 φυλακτήριόν

211 1175 362 1233 ἐστιν
395 1174 589 1247 ὅπλον,
619 1175 684 1230 τὸ
715 1172 773 1230 δὲ
794 1195 847 1229 τι
878 1171 1334 1249 πολεμιστήριον,
1364 1173 1455 1227 καὶ
1474 1175 1637 1227 τοῦτο
1658 1169 1871 1227 κάκεῖνό

216 1286 341 1340 μοι,
392 1267 576 1343 φησὶν,
626 1265 655 1320 ὁ
706 1263 837 1326 Θεὸς
866 1260 1078 1338 ἐγένετο
1108 1262 1199 1318 καὶ
1259 1260 1473 1317 σκέπων
1506 1259 1558 1315 ἐν
1613 1258 1868 1335 πολέμῳ,

211 1352 308 1408 καὶ
366 1350 688 1430 διαφθείρων
736 1351 867 1417 τοὺς
915 1349 1174 1426 ἐχθρούς.
1228 1347 1633 1424 ’Δντιλήπτωρ,
1686 1345 1764 1421 δὲ,
1794 1348 1869 1411 ὡς

210 1435 764 1514 ἀντιλαμϐανόμενος
822 1440 901 1503 είς
956 1439 1189 1513 ἀθυμίαν
1246 1438 1559 1512 πίπτοντος,
1615 1436 1707 1493 καὶ
1758 1440 1865 1493 τῶν

212 1523 487 1607 θλιϐερῶν
521 1527 709 1585 ἄλλων
741 1528 1145 1604 ἀνακτώμενος.

293 1660 322 1690 (ι
354 1638 530 1692 Δίνῶν
591 1635 987 1710 ἐπικαλέσομαι
1040 1635 1134 1691 τὸν
1192 1633 1412 1713 Κύριον,
1486 1632 1577 1689 καὶ
1645 1631 1705 1687 ἐκ
1758 1634 1867 1687 τῶν

215 1727 433 1804 ἐχθρῶν
495 1747 600 1801 μου
647 1727 990 1799 σωθήσομαι.
1036 1747 1065 1778 »
1116 1756 1186 1768 ——
1232 1723 1387 1779 Οὕτω
1434 1721 1712 1784 ποικίλοις
1749 1719 1870 1776 ὀνό-

222 1837 354 1891 μασι
417 1814 674 1892 βοηθείας
733 1814 1034 1889 ἐξυμνήσας
1081 1813 1174 1869 τὸν
1228 1813 1377 1884 Θεὸν,
1456 1812 1530 1874 ὡς
1602 1807 1872 1872 ποικίλως

1979 636 2172 702 ὠδῖνες
2228 636 2361 711 ᾅδου
2409 639 2568 696 πόνοι
2628 641 2765 715 πρὸς
2819 636 2953 712 ᾅδην
3005 639 3224 716 ἄγοντες
3285 640 3319 708 ἢ
3388 635 3632 695 διάκονοι

1978 724 2133 798 ᾅδου·

2050 840 2080 869 ι(
2112 816 2458 896 Προέφθασάν
2509 839 2576 892 με
2622 814 2841 894 παγίδες
2886 816 3136 875 θανάτου.
3189 840 3220 870 »
3260 850 3331 861 —-
3376 823 3630 891 Προκατ-

1980 900 2176 962 ἐλαϐόν
2231 927 2297 981 με
2344 906 2510 983 λόχοι
2561 907 2787 963 θάνατον
2842 905 3215 984 ἐργαζόμενοι.
3276 900 3306 961 ὅ
3361 906 3466 983 γὰρ
3509 911 3629 969 τοῖς

1982 1000 2268 1068 θηρευταῖς
2339 997 2394 1051 αἱ
2467 993 2712 1073 παγίδες,
2788 999 2950 1051 τοῦτο
3014 1000 3134 1059 τοῖς
3207 994 3501 1069 πολεμίοις
3577 996 3629 1051 οἱ

1980 1082 2167 1159 λόχοι.

2055 1199 2078 1229 ε
2109 1172 2208 1227 Καὶ
2240 1173 2293 1229 ἐν
2319 1171 2399 1246 τῷ
2427 1168 2705 1240 θλίϐεσθαι
2739 1195 2806 1248 με
2833 1172 3243 1248 ἐπεκαλεσάμην
3294 1172 3388 1228 τὸν
3429 1171 3627 1249 Κύριον

1978 1260 2068 1316 καὶ
2116 1261 2256 1339 πρὸς
2297 1261 2391 1317 τὸν
2440 1261 2569 1318 Θεόν
2623 1283 2728 1337 μου
2776 1262 3051 1340 ἐκέκραξα.
3101 1285 3130 1315 ‹‹
3180 1294 3248 1307 -ο
3275 1264 3498 1337 Ὓψωσα
3523 1262 3624 1331 την

1980 1349 2165 1428 φωνὴν
2197 1370 2304 1424 μου
2333 1348 2410 1406 ἔτι
2441 1350 2894 1427 ἀναγκαζόμενος.

2054 1479 2083 1508 ‹‹
2113 1456 2374 1511 Ἤκουσεν
2426 1455 2488 1512 ἐκ
2530 1462 2662 1513 ναοῦ
2727 1456 2880 1534 ἁγίου
2924 1456 3090 1514 αὐτοῦ
3120 1459 3305 1532 φωνῆς
3340 1478 3467 1531 μου.
3498 1480 3521 1510 ι
3555 1487 3627 1500 --

1981 1542 2121 1599 Ναὸν
2153 1544 2306 1620 ἅγιον
2352 1546 2445 1601 τὸν
2495 1545 2720 1624 οὐρανὸν
2773 1544 3142 1618 ὑποληπτέον,
3193 1545 3267 1610 ὡς
3311 1540 3623 1622 προλαϐόν-

1978 1652 2068 1695 τες
2125 1632 2441 1710 εἶρήκαμεν,
2499 1636 2535 1705 ἢ
2609 1636 2710 1706 τὴν
2764 1639 2863 1690 τοῦ
2923 1633 3221 1711 μαρτυρίου
3279 1637 3484 1706 σκηνήν
3520 1654 3534 1668 ·
3595 1634 3625 1690 ὁ

1979 1721 2085 1797 γὰρ
2146 1720 2313 1799 μέγας
2375 1722 2427 1778 ἐν
2497 1723 2901 1801 Ἱεροσολύμοις
2952 1724 3082 1789 ναὸς
3136 1723 3353 1803 ὕστερον
3414 1720 3627 1797 ᾠκοδο-

1985 1811 2132 1885 μήθη
2180 1813 2329 1889 παρά
2376 1812 2763 1887 Σολομῶντος.
2812 1814 3046 1870 ’Πκουσε
3094 1810 3152 1870 δὲ
3201 1812 3301 1870 ούκ
3328 1812 3624 1885 αἰσθητῶς,

217 1905 368 1996 αύτῷ
412 1905 720 1996 βοηθοῦντα
765 1902 879 1996 καὶ-
905 1904 1043 1958 κατᾶ
1090 1899 1379 1996 διαφόρους
1424 1899 1682 1996 τρόπους,
1710 1898 1873 1996 φησὶν
1900 1929 1948 1996 Β
1979 1898 2128 1996 ἀλλά
2184 1902 2501 1996 θεοπρεπῶς
2532 1945 2547 1960 .
2602 1901 2700 1966 τὰς
2754 1904 2857 1979 γὰρ
2913 1900 3222 1966 συνεκτικάς
3277 1906 3374 1959 νοῦ
3425 1902 3626 1965 παντὸς

217 1994 304 2050 ὅτι
359 1993 433 2049 Οὐ
475 1992 785 2066 πεποίημαι
827 1991 920 2047 τὸν
972 1991 1279 2067 κατάλογον
1320 1995 1428 2045 τῶν
1474 1988 1738 2045 τοιούτων
1778 1988 1869 2043 καὶ
1900 1987 1945 1996 ’⁷
1980 1987 2233 2062 δυνάμεις
2283 1987 2661 2054 ἀδυνατοῦντες
2705 1995 2903 2068 γνῶναι
2943 1990 3034 2046 καὶ
3083 1990 3251 2046 εἷπεῖν
3303 1992 3379 2055 εἰς
3434 1991 3625 2063 αἰσθή-

212 2082 489 2140 τοσούτων
547 2080 858 2159 ἀγομάτων,
916 2080 1257 2157 εὐχαριστῶν
1324 2078 1484 2153 μόνον
1552 2078 1684 2151 ὑπὲρ
1759 2080 1868 2132 τῶν

214 2165 607 2245 προλαϐόντων
662 2169 755 2231 ὡς*
810 2168 1005 2243 μηκέτι
1045 2171 1145 2223 τοῦ
1173 2166 1376 2244 Κυρίου
1407 2163 1688 2239 δεόμενος,
1721 2161 1871 2220 ἀλλὰ

221 2257 313 2315 διὰ
353 2256 559 2314 τούτων
612 2256 778 2313 αἰνῶν
824 2257 915 2311 καὶ
948 2254 1270 2331 μεγαλύνων
1299 2253 1459 2309 αύτὸν
1487 2253 1566 2332 ἐφ’
1596 2254 1678 2314 οῖς
1708 2251 1872 2328 εύηρ-

1979 2096 2115 2131 σεων
2175 2076 2383 2142 εἰκόνας
2408 2100 2440 2134 τ
2470 2078 2634 2143 αύτας
2683 2078 3141 2156 καταμερίζομεν,
3202 2077 3272 2135 δι’
3329 2080 3403 2136 ῶν
3459 2081 3626 2154 ἡμεῖς

1979 2161 2493 2244 ἀντιλαμϐανόμεθα
2518 2173 2626 2225 τῶν
2658 2164 2851 2227 ὅντων.

2051 2279 2081 2308 ‹‹
2113 2256 2212 2311 Καὶ
2240 2259 2277 2327 ἦ
2307 2260 2520 2334 κραυγή
2559 2279 2663 2332 μου
2694 2258 2926 2314 ἐνῶπιον
2970 2256 3157 2318 αὐτοῦ.
3208 2281 3238 2311 ‹‹
3281 2290 3351 2302 -ο
3397 2263 3663 2314 Διαπαν-’

225 2349 465 2424 γετήθην
516 2346 607 2401 καὶ
662 2343 917 2401 δεικνύων
972 2346 1073 2415 τὴν
1129 2343 1542 2421 εὐγνωμοσύνην
1621 2342 1712 2396 καὶ
1794 2339 1872 2395 ἔτι
1976 2344 2071 2406 τὸς
2115 2346 2151 2414 ἡ
2201 2347 2413 2422 κραυγή
2469 2368 2574 2420 μου
2621 2346 2851 2403 ἐνώπιόν
2907 2346 3047 2403 ἐστιν
3091 2347 3276 2420 αὐτοῦ,
3307 2347 3442 2425 πρὸς
3470 2345 3629 2402 αὐτὸν

220 2441 417 2494 τοῦτον
474 2433 867 2508 ἐπικαλέσομαι
907 2434 1034 2509 παρ’
1084 2432 1221 2503 ὅλην
1254 2434 1354 2503 τήν
1385 2432 1552 2502 ζωήν.
1586 2431 1683 2485 Διά
1711 2432 1871 2485 τοῦτο

225 2526 330 2604 γὰρ
389 2524 533 2580 εἶπεν
564 2518 648 2579 ὅτι
703 2523 912 2579 Ἐλπιῶ
968 2521 1053 2577 ἐπ’
1128 2520 1310 2593 αὐτὸν,
1373 2520 1465 2575 καὶ
1537 2520 1750 2580 πάντως
1815 2516 1876 2572 ἐκ

224 2618 335 2670 τῶν
392 2612 605 2689 ἐχθρῶν
667 2632 771 2686 μου
828 2612 1169 2683 σωθήσομαι.
1222 2609 1287 2665 Εἰ
1336 2609 1437 2687 γὰρ
1492 2609 1583 2664 καὶ
1629 2607 1735 2663 ἀπὸ
1765 2610 1874 2661 τῶν

233 2702 399 2780 μέχρι
453 2706 550 2757 τοῦ
602 2704 695 2755 νῦν
743 2698 1028 2773 πολεμίων
1079 2697 1363 2775 ἐῤῥύσθην,
1411 2696 1539 2753 ἀλλ’
1585 2696 1729 2759 εἰκὸς
1783 2696 1875 2750 καὶ

228 2791 436 2853 ἄλλους
493 2789 949 2861 ἐπαναστήσεσθαι
1002 2793 1103 2858 τῆς
1172 2791 1317 2856 ζωῆς
1380 2784 1504 2860 ἐμοὶ
1555 2804 1874 2861 παρατεινο-

234 2882 401 2957 μένης
432 2898 448 2915 ⁸
506 2882 740 2935 τοσαῦτα
797 2877 987 2949 εἰπὼν,
1043 2872 1343 2931 ἀνακυκλοῖ
1392 2874 1485 2929 τὸν
1560 2871 1723 2950 λόγον
1784 2872 1875 2927 καὶ

228 2966 512 3045 καταλέγει
559 2966 688 3029 τοὺς
740 2965 1024 3028 ποικίλους
1083 2964 1247 3020 αὐτοῦ
1319 2961 1570 3026 κιδύνους
1624 2961 1714 3017 καὶ
1777 2962 1876 3025 τὰς

227 3051 536 3116 πολυειδεῖς
584 3051 896 3130 ἐπικουρίας
934 3056 1031 3107 τοῦ
1078 3055 1232 3108 Θεοῦ·
1274 3051 1692 3129 Τροπικώτερον
1725 3048 1783 3105 δὲ
1809 3048 1878 3124 τῇ

232 3141 485 3220 διηγήσει
542 3140 811 3219 κέχρηται
864 3140 1004 3218 πρὸς
1059 3138 1290 3196 πλείονα
1352 3144 1460 3195 τῶν
1538 3137 1874 3216 πραγμάτων

230 3230 462 3313 ἔμφασιν
472 3276 488 3290 .

305 3346 333 3376 α
366 3320 661 3398 Περιέσχον
710 3340 779 3393 με
820 3316 1010 3382 ὠδῖνες
1049 3319 1299 3374 θανάτου.
1352 3341 1380 3370 ››

234 3408 438 3486 ἀνδρῶν
492 3407 692 3472 ὠδῖνας
747 3412 980 3483 νοοῦμεν
1034 3405 1164 3470 τους
1220 3405 1281 3461 ὲκ
1341 3404 1581 3480 θλίψεως
1655 3404 1875 3476 πόνους,

235 3499 474 3574 καθάπερ
528 3499 619 3553 καὶ
680 3495 741 3553 ἐκ
786 3499 896 3551 τῶν
953 3499 1222 3570 γυναικῶν
1282 3496 1338 3550 αἱ
1394 3492 1583 3557 ὠδῖνες
1638 3492 1876 3569 γίνονται

237 3582 691 3660 ἀποθλιϐομένων
747 3589 855 3640 τῶν
912 3584 1097 3662 πόρων
1154 3581 1244 3639 διὰ
1313 3584 1413 3653 τήν
1490 3581 1877 3658 στενοχωρίαν.

241 3674 395 3733 Ἀλλ’
451 3674 539 3732 ἐπ’
590 3674 808 3730 ἐκείνων
867 3675 960 3748 μὲν
1022 3670 1213 3736 ὠδῖνες
1271 3674 1331 3728 ἅν
1385 3671 1594 3749 ῥηθεῖεν
1629 3677 1775 3742 ζωῆς
1805 3670 1882 3732 ὡς

240 3766 318 3828 εἰς
366 3769 482 3843 φῶς
543 3766 687 3834 ζωῆς
737 3764 963 3840 ἄγουσαι
992 3762 1057 3818 τὸ
1089 3761 1419 3839 ἀνεχόμενον
1456 3779 1470 3792 ·
1530 3760 1617 3816 ἐπὶ
1673 3759 1881 3816 τούτων

240 3851 299 3910 δέ
323 3852 629 3909 τούναντίον
662 3848 852 3913 ὠδῖνες
884 3847 1111 3915 θανάτου
1166 3850 1241 3912 ὡς
1299 3848 1375 3912 εἷς
1433 3848 1626 3911 σκότος
1689 3848 1884 3927 φέρου-

240 3963 327 3999 σαι
370 3941 464 3999 τὸν
522 3939 912 4017 συνεχόμενον.
967 3937 1230 3994 Βούλεται
1290 3938 1469 3993 τοίνυν
1539 3936 1728 3995 εἰπεῖν·
1801 3935 1883 3991 δτι

240 4024 533 4107 συνεσχόθη
583 4028 885 4108 ἀφορήτοις
917 4025 1077 4083 ὠδῖσι
1108 4047 1121 4060 ·
1156 4024 1247 4082 διὰ
1273 4028 1379 4103 γὰρ
1406 4030 1513 4082 τῶν
1544 4024 1756 4082 ὠδίνων
1785 4025 1885 4094 τὴν

242 4118 550 4198 δριμύτητα
567 4118 774 4174 τούτων
806 4117 1158 4195 παρέστησεν.

311 4249 343 4279 ‹‹
389 4225 491 4280 Καὶ
551 4222 847 4301 χείμαρροι
901 4222 1131 4297 ἀνομίας
1183 4220 1491 4298 ἐξετάραξάν
1543 4242 1629 4296 με.
1704 4243 1734 4272 ››
1820 4254 1888 4263 -

239 4313 580 4391 Χειμάρρους
638 4312 868 4386 ἀνομίας
932 4310 1093 4367 καλεῖ
1139 4312 1237 4375 τὰς
1286 4315 1393 4366 τῶν
1450 4310 1667 4384 ἀνόμων
1721 4307 1889 4373 ἐθνῶν

241 4403 606 4481 προσκαίρους
677 4401 768 4457 καὶ
841 4397 1144 4479 αἰφνιδίους
1198 4399 1288 4455 καὶ
1342 4397 1596 4477 ῥαγδαίας
1650 4393 1889 4475 προσϐο-

245 4492 343 4555 λάς
375 4511 388 4525 ’
456 4495 703 4547 τοιοῦτον
760 4489 862 4567 γὰρ
913 4490 966 4543 οἱ
1011 4487 1305 4566 χείμαρῤοι
1350 4492 1647 4564 χειμῶνος,
1681 4488 1891 4564 ῥέοντες

245 4578 513 4661 αἰφνίδιον
578 4577 670 4636 καὶ
727 4576 1019 4656 ῥαγδαίως·
1078 4576 1441 4654 ἐπονηρεύοτο
1487 4576 1590 4652 γὰρ
1638 4578 1894 4656 φθονοῦν-

1984 2433 2145 2507 μὸνον
2176 2436 2466 2510 κράζοντος
2494 2433 2546 2491 ἐν
2569 2434 2844 2512 ἀνάγκαις.

2058 2546 2080 2574 ι
2113 2521 2485 2580 Εἶσελεύσεται
2518 2524 2593 2588 εἰς
2621 2527 2690 2579 τὰ
2717 2522 2830 2580 ὦτα
2856 2523 3041 2580 αὐτοῦ.
3076 2548 3106 2577 ›)
3146 2558 3214 2568 -
3241 2524 3342 2581 Καὶ
3373 2524 3426 2580 ἐν
3455 2527 3630 2601 καιρῷ

1983 2609 2349 2666 εἷσακούσεταί
2380 2633 2506 2686 μου.
2541 2609 2858 2676 Τούτοιςδέ
2908 2618 3026 2676 τοῖς
3072 2612 3278 2691 ῥήμασι
3325 2613 3416 2669 καὶ
3464 2615 3629 2688 ἡμεῖς

1983 2698 2269 2774 χρώμεθα,
2323 2698 2769 2775 εὐχαριστοῦντες
2813 2701 2927 2774 ἅμα
2972 2701 3062 2757 καὶ
3102 2701 3199 2765 τὰς
3231 2700 3493 2765 ἐπιθέσεις
3519 2704 3626 2758 τῶν

1985 2784 2258 2860 δαιμόνων
2292 2785 2729 2864 ἐκδιηγούμενοι.

2058 2898 2087 2927 ‹‹
2117 2874 2215 2929 Καὶ
2275 2872 2535 2947 ἐσαλεύθη
2584 2876 2676 2933 καὶ
2724 2875 2987 2954 ἔντρομος
3036 2878 3263 2953 ἐγενήθη
3305 2881 3341 2949 ἡ
3372 2886 3465 2955 γῆ.
3502 2904 3532 2933 ››
3563 2911 3634 2922 —-

1982 2964 2055 3020 Τὸ
2110 2963 2345 3020 ἐντεῦθεν
2412 2967 2537 3043 περί
2611 2970 2845 3043 Χριστοῦ
2920 2965 3252 3046 προφητεύει
3324 2967 3449 3043 περῖ
3522 2971 3631 3023 τῶν

1985 3051 2250 3127 ἐσομένων
2310 3052 2386 3117 ὡς
2463 3053 2837 3132 γεγενημένων
2912 3052 3297 3132 διαλεγόμενος
3332 3077 3346 3093 ο
3428 3053 3635 3131 ἰδίωμα

1983 3142 2088 3217 γὰρ
2134 3145 2296 3197 τοῦτο
2342 3143 2713 3223 ποροφητικόν
2751 3164 2764 3177 ·
2822 3144 2912 3200 καὶ
2962 3145 3067 3222 γὰρ
3120 3142 3211 3201 ἐπῖ
3260 3142 3426 3202 Δαυΐδ
3474 3142 3626 3201 ούδὶν

1982 3234 2231 3287 τοιοῦτον
2313 3233 2675 3308 γεγενημένον
2761 3233 3065 3310 ἱστόρηται.
3156 3233 3303 3290 ’Δντὶ
3388 3231 3447 3289 δὲ
3507 3237 3628 3306 τοῦ,

1447 3350 1515 3361 -
1590 3316 1709 3371 Ἐπὶ
1763 3318 1873 3371 τῶν
1905 3298 1948 3365 C
1989 3340 2019 3374 ι
2046 3298 2367 3392 Ἐσαλεύθη,
2392 3298 2810 3400 ’καί-ἔντρομος
2857 3298 3081 3399 ἐγενήθη
3131 3325 3166 3392 ἡ
3212 3321 3306 3401 γῇ,
3340 3347 3368 3376 ››
3408 3323 3437 3378 ὁ
3469 3298 3630 3379 ’Δκύλ

1988 3407 2088 3472 λας
2146 3408 2309 3481 εἶπεν,
2366 3409 2589 3480 ἐκινήθη
2648 3410 2738 3466 καὶ
2796 3409 3029 3481 ἐσείσθη.
3089 3417 3165 3482 Γῆ
3225 3409 3284 3467 δὶ
3336 3415 3428 3466 νῦν
3488 3411 3540 3466 οἱ
3570 3409 3632 3466 ἐκ

1989 3504 2094 3573 γῆς
2153 3495 2455 3575 ἄνθρωποι,
2506 3499 2543 3568 ἢ
2599 3501 2698 3568 τήν
2757 3507 2863 3575 γῆν
2902 3497 3253 3563 διοικοῦντες’
3287 3497 3636 3562 διδάσκοντος

1987 3587 2091 3662 γὰρ
2152 3590 2250 3641 τοῦ
2315 3592 2571 3663 Χριστοῦ,
2637 3587 2728 3642 καὶ
2795 3590 2848 3642 οἱ
2914 3583 3159 3664 Ἑϐραῖοι
3226 3587 3317 3644 καὶ
3381 3589 3448 3644 τὰ
3511 3588 3639 3659 ἔθνη

1992 3674 2369 3751 ἐταράχθησαν
2420 3675 2522 3731 ὑπὸ
2569 3682 2670 3746 τῆς
2719 3677 2844 3751 περὶ
2893 3677 3057 3732 αὐτοῦ
3088 3680 3303 3757 φήμης
3338 3676 3506 3741 σάλος
3535 3677 3640 3753 γὰρ

1993 3765 2022 3819 6
2068 3763 2309 3841 τάραχος
2342 3783 2357 3797 ⁸
2414 3764 2505 3819 καὶ
2557 3759 2900 3842 ἐφοϐήθησαν
2961 3767 3188 3841 ὁρῶντες
3247 3766 3283 3823 ἅ
3337 3768 3427 3822 καὶ
3472 3766 3644 3824 ἐποίει

1991 3852 2262 3929 τεράστια·
2311 3852 2522 3929 τρόμος
2570 3853 2674 3930 γὰρ
2723 3855 2752 3910 6
2799 3849 2970 3933 φόϐος
3018 3854 3263 3926 ἐνταῦθα,
3316 3852 3495 3911 διὰτὸ
3521 3856 3645 3932 τρέο

2001 3961 2118 4015 μειν
2169 3940 2300 4005 τοὺς
2349 3939 2477 4018 ἄγαν
2528 3937 2920 4021 φοϐουμένους.
2972 3943 3072 3999 Καὶ
3123 3941 3312 4006 ἄλλως
3361 3941 3420 3999 δέ
3460 3942 3642 4015 ἐκινή-

1995 4031 2184 4102 θησαν,
2246 4029 2559 4107 συῤῥέοντες
2626 4029 2710 4088 ἐπ’
2790 4031 2949 4087 αὐτὸν
3030 4031 3167 4088 κατᾶ
3246 4034 3461 4111 φήμην.
3545 4032 3647 4087 Καὶ

1996 4117 2303 4190 ἐσείσθησαν
2332 4124 2452 4182 ταῖς
2484 4121 2686 4176 ἐαυτῶν
2724 4121 2990 4197 γνώμαις,
3021 4116 3429 4198 θορυϐηθέντες.

2070 4250 2101 4279 ‹‹
2156 4224 2256 4281 Καὶ
2312 4226 2380 4281 τὰ
2432 4225 2661 4300 θεμέλια
2714 4230 2821 4282 τῶν
2886 4226 3054 4304 ὀρέων
3124 4226 3496 4303 ἐταράχθησαν
3552 4225 3643 4280 καὶ

2000 4313 2383 4385 ἐσαλεύθησαν,
2442 4313 2525 4370 ὅτι
2582 4314 2819 4392 ὠργίσθη
2894 4316 3080 4378 αὐτοῖς
3139 4316 3167 4370 ὁ
3242 4314 3391 4377 Θεός.
3468 4338 3498 4367 ››
3574 4346 3646 4358 ~—

2000 4405 2133 4480 Ὀρη
2194 4405 2411 4474 νοήσεις
2462 4402 2590 4467 τοὺς
2645 4401 2905 4478 δαίμονας
2962 4401 3051 4459 διὰ
3104 4404 3203 4473 τὴν
3275 4402 3494 4480 ἔπαρσιν
3553 4403 3643 4459 καὶ

1999 4491 2313 4562 ἀλαζονίαν,
2374 4490 2602 4565 θεμέλια
2660 4490 2718 4547 δὲ
2782 4491 2912 4555 τοὺς
2988 4493 3167 4569 βαθεῖς
3243 4489 3646 4567 διαλογισμοὺς

2001 4580 2199 4637 αὐτῶνθ
2261 4581 2496 4658 ὁρῶντες
2550 4581 2651 4657 γὰρ
2708 4582 2807 4651 τήν
2859 4579 3075 4657 ἄμαχον
3109 4585 3209 4638 τοῦ
3257 4584 3390 4637 Θεοῦ
3420 4577 3644 4654 δύναμιν

240 4655 331 4734 τις
386 4669 481 4725 καὶ
533 4666 748 4725 ἀνελεῖν
806 4655 1091 4739 ζητοῦντες
1146 4665 1329 4724 αὐτόν.
1383 4655 1663 4744 Προσφυέξ
1728 4662 1786 4720 δὲ
1831 4666 1895 4720 τὸ
1927 4655 1973 4722 D
2004 4655 2319 4746 συνεχέοντο
2374 4674 2493 4731 τοῖς
2557 4655 2867 4745 λογίσμοῖς,
2927 4655 3350 4745 διαπορούμενοι
3397 4668 3484 4732 τίς
3537 4668 3650 4724 ἐστι

247 4758 557 4837 ἐξετάραξαν
584 4778 597 4794 ο
655 4757 913 4813 κλονοῦσι
970 4756 1074 4833 γὰρ
1128 4755 1219 4810 καὶ
1284 4752 1585 4810 ἐλίσσουσιν
1658 4755 1710 4808 οἱ
1778 4753 1893 4830 χεί-

249 4847 450 4926 μαρροι
510 4847 579 4903 τὰ
635 4844 1070 4921 παραπίπτοντα.
1158 4844 1257 4899 Καὶ
1330 4842 1489 4905 αὐτὸς
1545 4840 1637 4898 οῦν
1692 4840 1889 4898 κλόνον

242 4936 335 4994 καὶ
381 4935 600 5012 ἴλιγγον
648 4938 768 4997 τοῖς
815 4932 1108 5010 λογισμοῖς
1156 4927 1388 5009 ἔπασχεν
1435 4932 1536 4987 ὑπὸ
1580 4935 1676 4987 τοῦ
1716 4930 1890 5009 αἲφνι-

248 5024 363 5084 δίου
398 5029 507 5082 τῶν
542 5021 848 5094 ἀδοκήτων.

319 5139 350 5169 (ι
382 5112 587 5177 Ὠδῖνες
647 5106 781 5183 ᾅδου
838 5108 1278 5189 περιεκύκλωσάν
1332 5131 1418 5186 με·
1478 5132 1508 5163 »
1551 5108 1804 5164 -Τουτὶ
1830 5108 1895 5164 τὸ

248 5205 411 5283 ῥητὸν
466 5202 664 5259 ταυτὸν
726 5198 944 5257 δύναται
997 5204 1098 5273 τῷ.
1161 5223 1190 5253 ι(
1236 5196 1533 5277 Περιέσχον
1586 5219 1652 5272 με
1708 5195 1896 5260 ὠδῖνες

248 5294 498 5351 θανάτου.
560 5315 589 5343 ››
646 5289 778 5345 Τότε
832 5289 937 5366 γὰρ
990 5286 1452 5366 επιτεριεκύκλωσιιιν⁹
1508 5287 1609 5343 Καὶ
1654 5286 1720 5343 τὸ
1748 5305 1898 5361 περι-

250 5381 410 5460 ἐσχον
501 5379 972 5453 ταυτοσήμαντον,
1062 5378 1153 5433 καὶ
1246 5372 1380 5449 ᾅδης
1479 5377 1570 5432 καὶ
1672 5376 1897 5441 θάνατος

252 5468 758 5548 ἀλληλουχούμενα
794 5488 809 5503 ο
841 5462 977 5539 ᾅδην
1030 5468 1134 5544 γὰρ
1192 5464 1378 5544 ἔλεγον
1433 5463 1577 5536 ἀηδῆ
1605 5465 1772 5521 τόπον
1798 5465 1900 5520 ὑπὸ

252 5565 354 5639 γῆν
414 5564 523 5616 τῶν
581 5556 872 5614 θανόντων.
933 5556 1083 5613 Ἐπεὶ
1110 5555 1291 5612 τοίνυν
1351 5556 1406 5611 αἱ
1463 5553 1652 5618 ὠδῖνες
1715 5556 1900 5632 γεννή-

251 5650 388 5713 σεώς
444 5648 568 5725 εἶσι,
642 5642 1079 5722 περιεκύκλωσάν
1159 5667 1245 5719 με,
1301 5645 1486 5723 φησὶν,
1547 5642 1737 5706 ὠδῖνες
1791 5665 1905 5720 γεν-

252 5743 427 5801 νῶοαι
449 5737 679 5795 θάνατον
728 5730 1001 5811 ὑπηρέτην
1060 5731 1235 5810 ’ᾁδουο
1270 5735 1300 5791 6
1359 5734 1454 5809 μὲν
1509 5733 1610 5813 γὰρ
1669 5732 1901 5812 χωρίζει

1998 4760 2090 4815 καὶ
2149 4757 2601 4834 ἀναλογιζόμενοι
2657 4759 2745 4812 οἷα
2799 4757 3073 4813 πείσονται
3109 4800 3122 4815 .
3182 4758 3230 4812 εἱ
3288 4758 3382 4831 μὲν
3418 4754 3508 4812 οῦν
3542 4754 3641 4813 λο-

1950 4883 1959 4895 ι
1998 4847 2188 4922 γισμοὶ
2238 4845 2413 4901 αὐτῶν
2465 4844 2637 4908 οὕτως
2686 4844 3081 4922 ἐταράχθησαν,
3129 4844 3283 4901 αὐτοὶ
3328 4843 3386 4902 δὲ
3432 4841 3650 4901 ἐσαλεύ-

2002 4938 2169 5009 θησαν
2228 4934 2319 5012 ἀφ’
2383 4937 2452 5003 ἧς
2522 4928 2845 5004 ἐϐεϐήκεσαν
2900 4931 3176 5008 δυνάμεως
3260 4933 3650 5009 παρακινηθέν-

2000 5045 2108 5087 τες·
2165 5028 2336 5079 Τοῦτο
2396 5020 2454 5078 δὲ
2512 5019 2704 5078 ἔπαθον
2755 5021 2837 5078 ὅτι
2887 5021 3131 5100 ὠργίσθη
3182 5021 3367 5087 αὐτοῖς
3417 5023 3446 5078 6
3492 5022 3644 5096 Θεὸς,

2005 5113 2092 5169 ἐπὶ
2148 5117 2404 5168 τοσοῦτον
2474 5113 2833 5187 τοραννήσασι
2905 5112 2995 5168 καὶ
3068 5110 3647 5187 καταδουλωσαμένοις

2002 5201 2129 5265 τοὺς
2163 5199 2380 5263 ἀθλίους
2424 5199 2763 5276 ἀνθρώπους.
2812 5199 3039 5256 Δύναται
3068 5198 3126 5256 δὲ
3152 5200 3307 5257 ταυτὶ
3334 5201 3403 5255 τὰ
3432 5200 3653 5277 ῥήματα

2004 5292 2238 5347 νοεῖσθαι
2268 5289 2360 5345 καὶ
2389 5287 2642 5365 περὶτῶν
2701 5287 2754 5343 ἐν
2810 5293 2890 5362 τῷ
2943 5294 3118 5367 καιρῷ
3171 5293 3270 5348 τοῦ
3331 5287 3650 5346 δεσποτικοῦ

2007 5381 2213 5445 πάθους
2244 5398 2437 5455 γεγενη
2453 5381 2648 5450 μένων,
2683 5375 2822 5433 ὣστε
2849 5379 2884 5449 ἡ
2906 5384 2977 5456 γῆ
3009 5377 3222 5450 ἐσείσθη
3255 5378 3347 5435 καὶ
3376 5379 3432 5435 αἱ
3460 5376 3649 5455 πέτραι

2010 5467 2334 5545 ἐρῥαγησαν,
2367 5465 2449 5521 ὅτι
2482 5468 2511 5521 6
2538 5466 2668 5527 Θεὸς
2718 5464 2959 5544 ὠργίσθη
3011 5465 3217 5538 αὐτοῖς,
3250 5464 3509 5539 δηλονότι
3538 5470 3656 5529 τοῖς

2010 5554 2319 5619 Ἰουδαίοις.

2086 5670 2114 5699 ‹‹
2148 5640 2342 5716 Ἀνέϐη
2376 5643 2575 5705 καπνὸς
2606 5642 2658 5699 ἐν
2695 5641 2831 5721 ὀργῇ
2863 5644 3048 5703 αὐτοῦ.
3092 5670 3116 5698 ι
3176 5679 3237 5689 -
3286 5644 3657 5723 Ὀρκισθέντος

2012 5735 2117 5813 γὰρ
2173 5738 2274 5790 τοῦ
2333 5731 2675 5811 δημιουργοῦ
2732 5729 2822 5789 διὰ
2864 5735 2964 5804 τήν
3010 5739 3109 5792 τοῦ
3160 5735 3482 5811 πλάσματος
3509 5733 3657 5790 ἀπώ-
