3988 6438
358 349 516 415 I399

1596 353 2023 419 NICEPHOBI
2064 348 2507 419 ΒΙιΕΜΜΙΒᾸί

3624 354 3804 425 1400

360 480 536 551 λειαν,
585 483 939 561 προηγήσατο
986 491 1087 555 τῆς
1134 481 1466 556 ἐκδικήσεως
1539 488 1741 549 καπνὸς
1807 486 1866 549 ὃς
1931 488 1999 557 ἦν
2031 490 2087 556 Α
2115 487 2206 557 ξαν
2261 488 2575 564 ἀνέρχεσθαι
2645 488 2891 566 πτέρυξιν
2971 488 3210 565 ἀνέμων,
3284 489 3576 549 τουτέστιν
3665 492 3797 550 ἀνέ-

362 574 561 649 μερικὴ
615 577 714 628 τοῦ
766 575 1197 649 τυραννήσαντος
1255 574 1434 651 έποχή
1474 595 1487 608 ·
1546 576 1675 639 τούς
1750 597 1810 631 τε
1900 577 2004 653 γὰρ

355 661 710 724 πιστεύοντας
764 660 962 740 ἀφῄρει
1006 669 1109 731 τῆς
1176 661 1384 719 ἐκείνου
1457 659 1694 738 βλάϐης,
1753 666 1843 719 καὶ
1901 666 2007 720 ἀπὸ

350 753 461 806 τῶν
533 748 1002 823 δαιμονιζομένων
1072 750 1352 822 ἀπήλαυνε
1417 755 1639 829 πονηρά
1706 754 2006 827 πνεύματα.

353 841 533 899 Τοῦτο
600 835 660 895 δὲ
712 838 1014 916 προοίμιον
1070 840 1139 909 ἦν
1186 843 1286 909 τῆς
1337 841 1588 905 εὐτελοῦς
1655 841 2006 916 ἐκδικήσεως,

355 926 475 985 ἐπεῖ
525 928 617 984 καὶ
674 928 705 984 6
759 929 966 992 καπνὸς
1021 929 1317 1004 προοίμιον
1369 936 1468 986 τοῦ
1537 932 1710 1008 πυρός
1747 978 1759 990 .
1834 929 2005 988 ἐϐόων

353 1017 462 1094 γὰρ
522 1016 857 1092 ἐλαυνόμενα
910 1019 980 1073 τά
1036 1015 1311 1092 δαιμόνια,
1367 1044 1396 1071 ‹‹
1449 1021 1511 1075 Τί
1570 1024 1704 1094 ἡμῖν
1762 1022 1852 1077 καὶ
1902 1022 2007 1093 σοὶ,

356 1106 450 1164 Υίὲ
501 1111 599 1163 τοῦ
682 1110 856 1178 Θεοῦ;
949 1106 1152 1170 Ἦλθες
1243 1110 1350 1185 πρὸ
1440 1115 1633 1184 καιροῦ
1729 1110 2009 1186 βασανίσαι

359 1197 528 1270 ἡμᾶς.
559 1219 590 1249 ››

437 1326 461 1355 σ
519 1304 620 1358 Καὶ
693 1306 802 1379 πῦρ
875 1304 983 1359 ἀπὸ
1034 1309 1332 1380 προσώπου
1387 1304 1552 1360 αὐτοῦ
1609 1306 2011 1384 καταφλεγήσε-

358 1412 470 1449 ται.
503 1415 535 1444 ››
582 1423 650 1435 --
704 1392 771 1450 Εἰ
810 1394 1013 1455 καπνὸς
1051 1396 1406 1471 προηγήσατο
1454 1395 1546 1450 καὶ
1594 1399 1701 1471 πῦρ
1740 1392 1948 1468 ἕψεται,
1978 1395 2011 1451 ὅ

362 1481 504 1538 ἐστιν
558 1483 596 1550 ἡ
646 1478 834 1537 τελεία
891 1478 1168 1553 ἐκδίκησις
1211 1482 1301 1537 καὶ
1346 1481 2013 1561 παντελὴς,ἀνενεργησία

362 1574 463 1626 τοῦ
510 1563 795 1628 διαϐόλου.
852 1571 991 1626 Ἀπὸ
1035 1572 1333 1647 προσώπου
1386 1570 1446 1627 δὲ
1502 1572 1692 1645 αὐτοῦ,
1736 1574 2009 1629 τουτέστιν

369 1657 599 1716 ἐνώπιον
656 1659 822 1715 αὐτοῦ
856 1676 874 1695 ·
927 1664 1036 1737 πῦρ
1088 1662 1214 1736 γὰρ,
1286 1660 1467 1739 φασὶν,
1543 1661 1773 1717 ένώπιον
1849 1662 2013 1718 αὐτοῦ

363 1747 794 1825 προπορεύσεται
862 1750 954 1804 καὶ
1024 1748 1245 1828 φλογιεῖ
1306 1749 1497 1823 κύκλῳ
1551 1750 1680 1813 τοὺς
1783 1750 2015 1828 ἐχθροὺς

366 1837 555 1895 αὐτοῦ.
660 1836 1175 1917 Καταφλεχθήσεται
1250 1836 1310 1894 δὲ
1407 1839 1522 1895 ἀντὶ
1594 1844 1691 1895 τοῦ
1778 1839 2013 1919 ἐξαφθή-

369 1947 535 1986 σεται.

442 2040 473 2069 «
518 2015 812 2093 ’Δνθρακες
869 2016 1184 2095 ἀνήφθησαν
1232 2016 1315 2072 ἐπ’
1359 2016 1546 2076 αὐτοῦ.
1598 2042 1629 2070 ››
1675 2051 1743 2061 -
1792 2016 2013 2088 Ἐπειδὴ

368 2105 436 2161 τὸ
489 2108 597 2179 πῦρ
660 2103 771 2161 έστι
836 2106 866 2161 6
930 2104 1061 2167 Θεὸς
1124 2104 1531 2161 καταναλίσκων
1594 2108 1695 2177 τήν
1730 2108 2015 2183 πονηρίαν,

373 2190 600 2267 δύναμιν
666 2187 963 2267 μετέϐαλον
1020 2193 1112 2249 καὶ
1178 2195 1235 2248 οἱ
1295 2194 1532 2269 μαθηταὶ
1587 2202 1688 2265 τῆς
1757 2196 2015 2267 τοιαύτης

373 2280 660 2359 ἐνεργείας,
707 2281 801 2338 καὶ
853 2281 961 2338 ἀπὸ
998 2282 1196 2337 τούτου
1241 2284 1412 2359 πυρὸς
1479 2285 1795 2360 ἀνήφθησαν
1862 2284 2016 2340 αὐτοὶ

367 2369 628 2446 ἀνθρακες
688 2369 1064 2447 ἐμπιπρῶντες
1120 2372 1221 2441 τήν
1265 2376 1364 2429 τοῦ
1419 2372 1622 2448 ἐχθροῦ
1706 2371 1865 2449 ἴσχῦν
1938 2378 2017 2446 τῷ

368 2458 503 2537 πυρὶ
556 2465 661 2529 τῆς
709 2457 911 2522 οἰκείας
969 2459 1223 2523 πίστεως·
1305 2485 1334 2513 (ι
1406 2459 1546 2517 Ἰδοὺ
1618 2462 1745 2535 γὰρ,
1832 2462 2017 2539 φησὶν,

371 2546 583 2605 δέδῶκα
648 2547 776 2623 ὑμῖν
842 2547 1080 2620 ἐξουσίαν
1147 2554 1333 2606 πατεῖν
1408 2550 1586 2606 ἐπάνω
1668 2545 1842 2629 ὄφεων
1927 2552 2018 2606 καὶ

372 2635 651 2714 σκορπίων
752 2638 842 2694 καὶ
906 2636 996 2693 ἐπὶ
1058 2640 1241 2705 πᾶσαν
1296 2639 1396 2709 τὴν
1466 2636 1691 2713 δύναμιν
1757 2644 1855 2695 τοῦ
1921 2640 2016 2717 ἐχ-

372 2727 526 2786 θοοῦ.
555 2747 587 2779 »

407 2746 645 2871 Ρῗιυοέαὶ
702 2811 906 2872 ἔκλινεν
964 2814 1227 2893 οὐρανοὺς
1280 2816 1371 2872 καὶ
1426 2814 1650 2888 κατέϐη.
1720 2842 1750 2871 ››
1816 2851 1887 2861 -
1948 2818 2020 2873 Τὸ

373 2902 613 2976 λεληθὸς
640 2911 742 2975 τῆς
788 2903 933 2967 θείας
984 2906 1307 2982 σαρκώσεως
1352 2905 1590 2984 ἐμφῆναι
1626 2906 1962 2983 βουλόμενος
1991 2909 2020 2963 6

372 2995 666 3072 προφήτης
713 2992 858 3049 εἶπεν
907 2992 991 3049 ὅτι
1040 2991 1243 3050 ἔκλινεν
1299 2994 1562 3071 οὐρανοὺς
1607 2993 1739 3071 ἄχρι
1789 3003 1895 3071 γῆς
1928 2996 2019 3051 καὶ

371 3081 618 3160 ἀψοφῆτὶ
664 3077 866 3153 κατέϐη
902 3097 915 3114 ⁶
968 3081 1148 3139 λαθὼν
1197 3082 1299 3160 γὰρ
1345 3084 1442 3146 τὰς
1490 3080 1744 3157 δυνάμεις
1811 3085 2019 3148 ἁπάσας

374 3169 564 3244 ἐνῴκει
618 3170 674 3226 ἐν
736 3174 807 3245 τῇ
874 3172 1175 3246 παρθενικῇ
1242 3172 1454 3248 γάστρί.
1524 3178 1863 3247 Σωματικῶς
1926 3172 2019 3228 οῦν

369 3258 906 3338 έσχηματογράφησε
959 3264 1039 3332 τῷ
1085 3258 1242 3336 λόγῳ
1286 3262 1349 3316 τὸ
1390 3267 1619 3337 πρᾶγμα
1651 3281 1665 3294 ·
1709 3262 1799 3317 καὶ
1843 3260 2012 3333 δῆλον

366 3347 475 3404 ἀπὸ
500 3352 600 3405 τοῦ
628 3348 895 3422 ἐπομένου
927 3369 941 3382 ·
974 3348 1107 3428 φησὶ
1134 3350 1258 3427 γὰρ·

439 3479 469 3509 ιι
503 3455 601 3511 Καὶ
648 3450 853 3535 γνόφος
903 3456 1007 3512 ὑπὸ
1053 3454 1181 3519 τοὺς
1229 3454 1400 3520 πόδας
1432 3456 1618 3515 αὐτοῦ.
1652 3482 1682 3510 ››
1712 3490 1782 3501 -
1812 3457 2013 3537 Γνόφος

371 3544 466 3618 μὲν
523 3539 634 3599 ἔστι
691 3545 905 3617 σκὸτος,
955 3542 1117 3608 πόδες
1166 3542 1224 3601 δὲ
1270 3549 1305 3616 ἡ
1366 3547 1560 3621 πορεία
1591 3566 1607 3580 ο
1659 3550 2009 3623 κεκρυμμένη

365 3631 469 3708 γὰρ
517 3633 554 3702 ἢ
602 3630 726 3695 ὁδὸς
767 3634 867 3702 τῆς
923 3632 1325 3707 ἀνθρωπήσεως
1395 3634 1486 3689 καὶ
1557 3634 1926 3707 ἀκατανόητος
1984 3638 2013 3692 ὁ

364 3718 571 3795 τρόπος
618 3718 785 3790 αὐτῆς
818 3738 832 3751 ’
882 3717 921 3789 ἤ
977 3721 1069 3776 καὶ
1125 3718 1313 3784 ἄλλως
1347 3740 1359 3753 ·
1390 3724 1629 3801 καθάπερ
1659 3731 1731 3800 γῆ
1766 3723 2013 3801 λέγονται

368 3804 646 3870 πολλάκις
699 3808 754 3862 οἱ
798 3810 985 3883 γήϊνοι
1035 3808 1313 3886 ἄνθρωποι
1357 3808 1395 3881 ἥ
1443 3812 1496 3866 οἱ
1541 3813 1641 3881 τὴν
1672 3820 1773 3888 γῆν
1798 3813 2012 3868 οἰκοῦν-

368 3915 481 3965 τες,
541 3894 714 3958 οίίτως
759 3895 849 3952 καὶ
915 3896 1134 3972 οὐρανὸν
1182 3897 1457 3962 οἰκοῦντες
1526 3900 1775 3964 οὕστινας
1836 3899 2017 3957 ἔκλινε

368 3984 570 4041 κατιὼν
621 3983 699 4048 είς
753 3992 877 4062 ᾖν·
949 3985 1249 4061 γέγραπται
1300 3987 1404 4064 γὰρ
1448 3993 1584 4058 ίτοῖς
1658 3988 2017 4067 Εύαγγελίοις

370 4071 456 4129 ὅτι
523 4070 746 4150 ἄγγελοι
793 4071 1081 4145 διηκόνουν
1136 4073 1305 4148 αύτῷ-
1361 4073 1591 4140 κάθοδον
1646 4074 1705 4132 δὲ
1760 4083 1894 4133 Θεοῦ
1937 4082 2012 4153 μὴ

370 4166 696 4236 σωματικῶς
754 4163 992 4234 νοήσεις,
1048 4162 1452 4241 ἀπερίγραπτος
1508 4164 1613 4240 γὰρ
1688 4166 1778 4221 καὶ
1847 4168 2019 4223 πάντα

367 4248 626 4327 πληρῶν,
730 4248 858 4307 ἀλλ’
960 4250 1094 4328 ὑπὲρ
1172 4250 1482 4327 κατάληψίν
1558 4273 1680 4309 τινα
1762 4254 1852 4309 καὶ
1921 4255 2015 4332 ἄῤ-

369 4338 574 4417 ρητον.Ι

443 4452 474 4482 ι(
514 4427 619 4487 Καὶ
684 4424 854 4501 ἐπέϐη
920 4428 1009 4485 ἐπὶ
1076 4424 1378 4505 Χερουϐὶμ,
1434 4429 1525 4486 καὶ
1592 4430 1857 4502 ἐπετάσθη
1927 4430 2015 4488 ἐπὶ

369 4516 656 4594 πτερύγων
700 4517 938 4592 ἀνέμων.
989 4542 1020 4571 υ
1068 4550 1139 4562 —-
1182 4523 1359 4573 Ταῦτα
1403 4518 1707 4598 προφητεία
1751 4522 1876 4596 περὶ
1916 4528 2017 4591 τῆς

369 4604 695 4682 ἀναλήψεως
749 4611 849 4663 τοῦ
900 4611 1158 4681 Χριστοῦ.
1218 4610 1339 4663 ’Ότι
1388 4605 1446 4663 δὲ
1490 4609 1559 4663 τὰ
1587 4604 1869 4684 Χερουϐὶμ
1894 4609 2018 4665 τότε

366 4696 460 4751 τὸν
510 4698 718 4768 Ἰησοῦν
769 4690 1064 4767 ὑπέλαϐον,
1114 4694 1379 4766 Ἰεζεκιὴλ
1426 4700 1588 4752 τοῦτο
1634 4703 1751 4761 τοῖς
1798 4718 2015 4776 προφη-

366 4789 545 4848 τικοῖς
603 4785 930 4859 θεασάμενος
979 4783 1288 4865 ὀφθαλμοῖς
1324 4782 1557 4841 διδάσκει
1591 4784 1767 4862 λέγων
1803 4805 1816 4818 ·
1850 4811 1879 4839 ‹‹
1913 4787 2017 4845 Καὶ

376 4873 533 4950 ἐξῆρε
586 4874 654 4929 τὰ
706 4869 988 4951 Χερουϐὶμ
1048 4873 1143 4937 τάς
1205 4876 1476 4952 πτέρυγας
1543 4874 1741 4946 αὐτῶν,
1808 4876 1897 4931 καὶ
1965 4877 2016 4931 οἱ

369 4962 569 5040 τροχοὶ
625 4961 884 5039 ἐχόμενοι
949 4962 1148 5037 αὐτῶν,
1214 4963 1305 5019 καὶ
1369 4967 1405 5035 ἡ
1474 4963 1600 5035 δόξα
1628 4968 1763 5019 Θεοῦ
1795 4964 2015 5042 Ἰσραὴλ

373 5050 456 5108 ἐπ’
511 5051 648 5107 αὒτὰ
693 5052 942 5128 ὑπεράνω
991 5051 1189 5127 αὐτῶν,
1240 5052 1331 5109 καὶ
1379 5047 1543 5123 ἀνέϐη
1592 5054 1627 5123 ἡ
1661 5049 1789 5124 δόξα
1817 5053 2016 5129 Κυρίου

372 5139 435 5197 ἐκ
502 5141 672 5215 μέσης
737 5142 837 5211 τῆς
898 5138 1134 5203 πόλεως’
1195 5165 1224 5195 ››
1293 5141 1693 5219 ἀνΜιρῥήτως
1748 5144 1853 5217 γὰρ
1890 5144 2014 5220 περὶ

367 5234 472 5300 τῆς
534 5232 634 5285 τοῦ
701 5231 960 5303 Σωτῆρος
1025 5226 1351 5304 ἀναλήψεως
1412 5229 1581 5285 ταῦτά
1646 5251 1806 5308 φησιν
1843 5229 2014 5286 ’ἐπει

367 5318 460 5374 καὶ
491 5318 520 5374 6
550 5315 769 5380 Παῦλος
798 5316 1129 5394 ἀπαύγασμα
1150 5325 1253 5389 τῆς
1282 5318 1449 5392 οόξης
1495 5318 1655 5374 αὐτὸν
1713 5317 1961 5375 ἐκάλεσεν
1998 5338 2012 5353 ο

367 5406 631 5478 ἐπετάσθη
694 5401 753 5460 δὲ
817 5403 906 5460 ἐπὶ
952 5406 1232 5482 πτερύγων
1318 5411 1426 5462 τῶν
1507 5401 1818 5482 Χερουϐίμ’
1879 5409 2013 5486 ἅπερ

365 5494 599 5572 ἀνέμους
658 5492 908 5569 ὠνόμασε
956 5491 1046 5550 διὰ
1085 5496 1186 5564 τήν
1239 5494 1474 5566 ὀξύτητα
1538 5503 1639 5565 τῆς
1704 5498 2010 5567 κινήσεως’

365 5586 458 5642 καὶ
511 5589 580 5662 τῇ
638 5583 734 5659 μὲν
793 5580 1021 5655 ἀληθείᾳ
1082 5582 1171 5638 ἐπὶ
1225 5587 1335 5640 τῶν
1397 5578 1680 5661 Χερουϐὶμ
1742 5583 2012 5661 ἐπωχεῖτο

366 5672 785 5747 πλησιαζόντων
823 5676 893 5749 τῇ
950 5670 1166 5743 θεότητι
1195 5690 1209 5705 ο
1269 5676 1384 5736 τοῖς
1430 5668 1479 5727 δ’
1521 5671 1851 5737 ἀποστόλοις
1893 5670 2012 5729 ἔδο-

2121 596 2246 649 μοις
2277 595 2291 608 ⁸
2353 576 2665 653 πτερωτοὺς
2728 579 2828 654 γὰρ
2874 578 3163 655 εἰσήγαγεν
3210 580 3339 643 τοῦς
3387 580 3639 655 ἀνέμους
3705 581 3797 639 διὰ

2113 665 2214 733 τήν
2247 663 2419 735 ὀξεῖαν
2465 665 2516 720 ἐν
2570 666 2684 742 ἀέρι
2734 667 2944 738 κίνησιν
2985 710 3000 722 .
3054 669 3306 744 πτερωτά
3349 672 3455 747 γάρ
3482 672 3561 726 τὰ
3596 668 3793 727 διαπε-

2116 758 2312 828 ρῶντα,
2350 754 2465 809 ἐπεὶ
2490 758 2582 809 καὶ
2610 759 2646 825 ἡ
2676 755 2876 833 νεφέλη
2910 756 3091 829 ἀνέμῳ
3115 758 3353 835 φέρεται.

2188 884 2218 911 ‹‹
2252 861 2349 914 Καὶ
2400 859 2550 924 ἔθετο
2604 862 2798 924 σκότος
2848 864 3166 940 ἀποκρυφῂ
3215 864 3405 923 αὐτοῦ.
3461 890 3492 918 »
3527 899 3608 909 —
3644 867 3794 923 Σκό-

2114 968 2208 1010 τος
2256 949 2473 1019 οἰητέον
2522 952 2584 1005 τὸ
2635 951 2829 1024 μηκέτι
2880 951 3167 1027 βλέπεσθαι
3201 972 3215 983 '
3267 959 3569 1029 τοιγαροῦν
3619 957 3660 1024 ἡ
3696 955 3790 1011 ἀο-

2116 1037 2275 1113 ρασία
2302 1038 2604 1114 ἀπέκρυψεν
2642 1040 2802 1096 αὐτόν
2836 1060 2851 1072 ·
2881 1040 3084 1111 ταύτην
3115 1041 3214 1117 γὰρ
3246 1039 3395 1106 ἔθετο
3428 1043 3563 1120 περὶ
3597 1045 3791 1099 ἑαυτὸν

2116 1126 2419 1201 ἀπόκρυψιν
2447 1146 2461 1159 ’
2520 1126 2853 1205 ἀναληφθεὶς
2921 1131 3025 1204 γὰρ
3104 1127 3382 1208 ἀπεκρύϐη
3472 1132 3590 1187 ἀπὸ
3680 1138 3789 1187 τῶν

2117 1212 2419 1291 ὀφθαλμῶν
2477 1216 2677 1274 αὐτῶν.
2738 1222 2810 1271 ’Ἠ
2862 1218 3053 1280 σκότος
3110 1218 3324 1289 οἲητέον
3400 1221 3500 1290 τήν
3590 1221 3789 1297 σάρκα,

2115 1304 2498 1379 κρυπτομένης
2560 1304 2612 1360 ἐν
2664 1305 2801 1379 αὐτῇ
2846 1314 2948 1376 τῆς
3001 1307 3282 1378 θεότητος,
3338 1312 3405 1377 ἧς
3465 1304 3625 1364 ἔθετο
3660 1310 3789 1365 σκό-

2114 1411 2231 1461 τος,
2286 1393 2583 1466 τουτέστιν,
2648 1393 3024 1469 ὢιαταληψίαν
3093 1396 3547 1472 ἀποκρύπτουσαν
3622 1398 3789 1454 αὐτὸν

2116 1482 2253 1535 κατά
2280 1481 2542 1553 θεότητα·
2576 1484 2909 1552 σκοτίζυντα·
2946 1484 3050 1561 γὰρ
3082 1485 3135 1539 οἱ
3166 1484 3487 1560 έντρανίζειν
3518 1491 3609 1558 τῷ
3630 1487 3792 1563 βάθει

2120 1576 2219 1639 τῆς
2247 1571 2501 1645 γνώσεως
2528 1570 2694 1626 αὐτοῦ
2722 1572 3079 1648 πειρώμενοι.

2190 1682 2221 1710 ι(
2252 1657 2451 1732 Κύκλῳ
2506 1660 2672 1715 αὐτοῦ
2717 1663 2754 1730 ἡ
2803 1663 2977 1731 σκηνή
3027 1660 3213 1719 αὐτοῦ.
3247 1685 3270 1713 ι
3303 1694 3376 1706 —
3400 1662 3625 1720 Λύσατε
3648 1665 3786 1742 γὰρ,

2120 1746 2275 1824 φησὶ,
2330 1746 2424 1801 τὸν
2474 1748 2601 1802 ναὸν
2657 1753 2871 1821 τοῦτον,
2930 1750 3021 1803 καὶ
3077 1749 3331 1824 ἐντρισὶν
3364 1752 3611 1828 ἡμέραις
3634 1753 3796 1807 οἶκο-

2040 1859 2091 1926 Β
2122 1832 2352 1909 δομήσω
2411 1831 2589 1891 αὐτόν’
2650 1835 2849 1910 Κύκλῳ
2898 1835 2956 1892 δὲ
3003 1838 3190 1912 αὐτοῦ,
3249 1837 3337 1895 ὅτι
3396 1839 3449 1895 ἐν
3508 1840 3660 1916 αὐτῇ
3694 1863 3792 1897 πε-

2123 1923 2546 2001 ριγραφόμενος,
2597 1924 2744 1981 ἀλλά
2788 1926 3117 2003 ἀπορῥήτως
3166 1927 3393 1999 οἰκήσας
3441 1928 3518 1991 ὡς
3579 1952 3792 1987 παντο-

2122 2011 2380 2086 δύναμος.
2435 2017 2606 2069 Τοῦτο
2674 2012 2732 2069 δὲ
2797 2014 2915 2070 εἶπε
2980 2013 3251 2071 δεικνώων
3316 2012 3401 2072 ὅτι
3474 2020 3619 2091 μετά
3685 2026 3791 2091 τῆς

2123 2102 2321 2177 σαρκὸς
2364 2101 2646 2181 ἀνελήφθη
2695 2102 2784 2157 καὶ
2827 2102 2931 2158 ούκ
2978 2104 3201 2160 ἀπέθετο
3252 2104 3480 2177 ταύτην,
3531 2107 3618 2170 ὥς
3646 2129 3795 2172 τινες

2124 2188 2398 2267 έλήρησαν
2454 2191 2696 2267 ὕστερον.
2754 2192 2826 2247 Ἤ
2906 2194 3110 2263 σκηνὴν
3178 2190 3329 2267 λέγει
3399 2196 3501 2264 τὴν
3578 2195 3791 2268 ἀπροσ-

2123 2276 2390 2333 πέλαστον
2450 2276 2647 2355 αἶ’γλην
2675 2301 2688 2313 ·
2748 2278 2832 2334 ὅτι
2885 2281 2975 2335 καὶ
3055 2284 3171 2357 φῶς
3240 2281 3405 2337 οἰκῶν
3483 2284 3787 2357 ἀπρόσιτον

2124 2366 2601 2444 προσηγορεύεται,
2650 2366 2782 2442 ὅπερ
2834 2367 3025 2442 κύκλῳ
3071 2377 3173 2439 τῆς
3221 2370 3480 2442 θεότητος
3530 2368 3595 2427 ὅν
3647 2374 3789 2429 ἀπο-

2124 2455 2317 2531 κρύψει
2371 2455 2465 2528 μὶν
2511 2455 2738 2529 ταύτην,
2787 2456 3113 2533 ἀποστρέψει
3163 2455 3224 2513 δὲ
3264 2460 3361 2522 τὰς
3409 2456 3572 2535 ὄψεις
3599 2461 3789 2519 θελόν-

2123 2566 2232 2600 των
2264 2540 2479 2600 ἐνιδεῖν.

2200 2659 2229 2686 ‹‹
2289 2634 2573 2689 Σκοτεινὸν
2633 2631 2780 2711 ὕδωρ
2843 2634 2895 2690 ἐν
2957 2633 3210 2712 νεφέλαις
3256 2634 3453 2712 ἀέρων.
3507 2660 3538 2689 ››
3600 2636 3783 2715 Ὕδωρ

2128 2721 2349 2778 ἐνταῦθα
2400 2720 2550 2797 λέγει
2605 2723 2669 2777 τὸ
2731 2724 2857 2799 περὶ
2931 2728 3164 2797 Χριστοῦ
3229 2726 3484 2798 μήνυμα,
3545 2727 3780 2804 νεφέλας

2128 2809 2188 2866 δὲ
2240 2812 2335 2873 τάς
2388 2811 2745 2889 προφητείας,
2820 2810 2979 2888 ἀέρας
3031 2809 3090 2867 δὲ
3135 2812 3264 2875 τοὺς
3316 2817 3638 2892 προφήτας,
3694 2818 3774 2872 καί

2128 2896 2321 2955 δίδωσι
2364 2898 2621 2970 τοιαύτην
2672 2898 2877 2955 ἔννοιαν
2903 2920 2915 2933 ·
2979 2899 3063 2954 ὅτι
3111 2904 3358 2972 σκοτεινή
3410 2903 3557 2958 ἐστιν
3590 2908 3630 2974 ἡ
3659 2905 3767 2981 περί

2127 2992 2361 3064 Χριστοῦ
2415 2988 2749 3064 προκήρυξις
2807 2987 2859 3043 έν
2909 2994 3030 3052 ταῖς
3085 2990 3445 3069 προφητείαις
3488 2998 3604 3047 τῶν
3648 3015 3766 3070 προ.

2127 3083 2314 3157 φητῶν
2358 3075 2447 3132 καί
2496 3075 2873 3153 δυσθεώρητος
2917 3078 3023 3153 πρὸ
3068 3082 3166 3133 τοῦ
3212 3078 3425 3142 τέλους.
3478 3083 3587 3139 Καὶ
3638 3081 3772 3158 ὕδωρ

2131 3167 2226 3239 μὲν
2271 3167 2348 3228 ὡς
2403 3167 2755 3242 ἀναψύχουσα
2798 3166 2925 3229 τοὺς
2975 3166 3440 3241 λειποθυμοῦντας
3488 3168 3541 3225 ἔν
3577 3168 3780 3247 ἔχουσα

2124 3256 2188 3310 τὸ
2221 3254 2562 3329 μηνυόμενον
2590 3273 2605 3286 ·
2635 3254 2789 3329 ἀέρες
2820 3254 2878 3309 δὲ
2904 3256 3003 3324 τήν
3037 3253 3128 3310 διὰ
3152 3258 3253 3326 τὴν
3294 3257 3646 3333 καθαρότητα
3689 3261 3779 3315 καὶ

2126 3344 2434 3415 λεπτότητα
2488 3348 2585 3398 τοῦ
2626 3348 2742 3401 νοῦ.
2791 3347 2912 3399 ’Ότι
2959 3342 3018 3398 δὲ
3060 3344 3289 3423 νεφέλας
3326 3347 3455 3410 τοὺς
3485 3352 3778 3427 προφήτας

2122 3432 2396 3494 πολλάκις
2452 3434 2488 3502 ἡ
2539 3434 2725 3511 Γραφή
2774 3432 2952 3505 καλεῖ,
2999 3433 3320 3509 παρίστησιν
3380 3435 3627 3499 Ἡσαΐας·
3681 3440 3775 3493 τὸν

2122 3522 2226 3598 γὰρ
2282 3521 2430 3576 οἶκον
2486 3525 2584 3576 τοῦ
2644 3520 2867 3597 Ἰσραὴλ
2923 3520 3225 3596 ἀμπελῶνα
3301 3525 3777 3602 προσαγορεύσας,

2123 3612 2406 3688 εἰσήγαγεν
2455 3607 2685 3689 νεφέλας
2734 3607 3130 3684 έντελλομένας
3178 3612 3366 3684 μηκέτι
3418 3610 3643 3690 βρέχειν
3697 3616 3779 3678 εἱς

2123 3700 2302 3771 αὐτὸν,
2335 3698 2365 3754 6'
2390 3698 2503 3754 ἐστι
2529 3701 2813 3777 προφήτας
2850 3700 3045 3772 μηκέτι
3083 3699 3481 3776 προλάγοντας.

2195 3831 2225 3859 ι(
2254 3806 2391 3862 ’Δπὸ
2444 3813 2547 3877 τῆς
2601 3804 2998 3881 τηλαυγήσεως
3052 3806 3282 3861 ἐνώπιον
3340 3806 3506 3863 αὐτοῦ
3562 3809 3622 3863 αἱ
3690 3831 3778 3865 νε-

2124 3892 2283 3973 φέλαι
2315 3892 2560 3964 διῆλθον.
2584 3917 2614 3948 ››
2647 3927 2715 3937 -
2740 3895 2877 3949 Ἀπὸ
2903 3900 3006 3964 τῆς
3051 3893 3441 3970 λαμπρότητος
3498 3899 3598 3966 τῆς
3659 3896 3777 3952 ἐπι-

2124 3983 2338 4061 φανείας
2384 3982 2551 4037 αὐτοῦ
2596 3989 2696 4052 τῆς
2742 3981 3085 4057 αὐγαζούσης
3139 3984 3214 4057 μὴ
3256 3989 3376 4046 τοῖς
3407 3983 3571 4060 ἐγγὺς
3612 3986 3776 4059 μόνον

2126 4070 2272 4127 ἀλλὰ
2325 4072 2415 4126 καὶ
2468 4076 2588 4133 τοῖς
2635 4070 2826 4147 πόρῥω
2883 4072 2938 4125 αἱ
2989 4072 3257 4128 σκοτειναὶ
3309 4079 3641 4151 προφητεῖαι
3674 4072 3780 4130 διε-

2124 4158 2387 4232 λύθησαν,
2442 4159 2532 4214 καὶ
2578 4165 2681 4229 τῆς
2733 4159 2988 4238 ἀσαφείας
3037 4160 3212 4216 αὐτῶν
3270 4159 3774 4234 ἀποσκεδασθείσης

2124 4247 2355 4327 ἀνεφάνη
2418 4249 2482 4303 τὸ
2534 4249 2907 4325 κεκρυμμένον
2944 4268 2958 4281 ·
3016 4254 3115 4305 τοῦ
3170 4247 3337 4321 ήλίου
3400 4252 3503 4328 γὰρ
3560 4252 3773 4308 ἀνατεί-

2125 4334 2339 4409 λαντος,
2397 4337 2426 4393 ὑ
2491 4341 2600 4392 τῶν
2663 4336 2902 4415 νεφελῶν
2972 4333 3247 4394 διαλύεται
3317 4338 3507 4416 ζόφος,
3563 4341 3655 4395 καὶ
3709 4340 3773 4396 τὸ

2123 4426 2497 4501 κρυπτόμενον
2559 4426 2647 4481 ὑπ’
2705 4426 2878 4482 αὐτῶν
2940 4427 3107 4502 μέρος
3171 4428 3487 4505 καθορᾶται.
3548 4431 3621 4486 Ἦ
3686 4430 3776 4485 καὶ

2124 4512 2353 4593 νεφέλας
2412 4512 2761 4593 ὐπολφπτέον
2820 4514 3044 4570 ἐνταῦθα
3096 4516 3161 4571 τὸ
3211 4514 3373 4594 νέφος
3414 4520 3514 4572 τοῦ
3545 4538 3722 4573 σκοτει
3756 4537 3771 4547 ⁵

2121 4608 2217 4659 νοῦ
2246 4603 2441 4677 νόμου.
2500 4605 2828 4678 Λάμψαντος
2882 4604 2984 4681 γάρ
3030 4608 3126 4659 τοῦ
3172 4610 3407 4682 Χριστοῦ
3456 4604 3682 4678 διελύθη
3712 4609 3774 4663 τὸ

2123 4691 2390 4766 κάλυμμα
2454 4697 2562 4748 τῶν
2633 4691 2966 4768 αἰνιγμάτων
3046 4693 3231 4767 αὐτοῦ,
3317 4694 3410 4749 καὶ
3510 4695 3771 4774 ἐφάνησαν

2121 4785 2289 4836 ταῦτα
2350 4786 2619 4836 τοποῦντα
2701 4780 2792 4837 καί
2876 4782 3262 4856 προμηνύοντα
3351 4784 3441 4839 τὸν
3519 4785 3774 4859 Χριστόν.

2126 4870 2283 4926 Ἀλλ“
2341 4869 2430 4925 ἐπὶ
2471 4870 2678 4926 τούτων
2740 4872 2835 4943 μὲν
2884 4875 2991 4925 τῶν
3062 4870 3365 4947 ἐξηγήσεων
3427 4873 3491 4927 τὸ
3546 4872 3772 4929 ένώπιον

2125 4958 2289 5014 αὐτοῦ
2354 4959 2460 5014 ἀπὸ
2522 4966 2624 5029 τῆς
2707 4959 3101 5036 τηλαυγήσεως
3177 4967 3276 5029 τῆς
3364 4960 3595 5018 ἐνώπιον
3686 4963 3775 5018 αύ-

2122 5050 2241 5117 τοῦ,
2308 5048 2551 5102 τουτέστι
2601 5053 2702 5118 τῆς
2747 5046 2913 5102 αὐτοῦ
2966 5045 3004 5117 ἤ
3058 5050 3158 5117 τῆς
3215 5047 3530 5127 ἐπιφανείης
3588 5051 3770 5123 αὐτοῦ,

2123 5136 2260 5190 κατὰ
2306 5133 2367 5191 δέ
2417 5135 2619 5212 τρόπον
2679 5132 2863 5212 ἕτερον
2910 5133 3216 5199 διαστείλας
3267 5136 3362 5210 μὲν
3407 5139 3471 5193 τὸ
3524 5138 3632 5196 ἀπό
3676 5144 3773 5209 τῆς

2121 5223 2513 5301 τηλαυγήσεως
2561 5223 2652 5280 καὶ
2702 5224 3010 5297 ὑποστίξας,
3056 5226 3120 5280 τὸ
3171 5222 3363 5281 λοιπὸν
3411 5233 3531 5291 τοῖς
3565 5226 3777 5307 ἔμπρο-

2124 5315 2239 5369 σθεν
2300 5311 2623 5387 ἀποδώσεις,
2679 5315 2771 5369 καὶ
2824 5313 3082 5384 τοιαύτην
3138 5311 3332 5377 δώσεις
3380 5314 3586 5374 ἔννοιαν
3618 5338 3632 5351 ·
3692 5318 3774 5374 ὅτι

2122 5407 2219 5458 τοῦ
2283 5408 2515 5480 Χριστοῦ
2577 5400 3029 5479 τηλαυγήσαντος
3087 5402 3224 5459 κάτά
3274 5404 3373 5473 τὴν
3431 5404 3487 5461 ἐν
3563 5408 3765 5481 σώματι

2121 5491 2424 5565 πολιτείαν,
2479 5492 2705 5547 ἐνώπιον
2754 5491 2918 5547 αὐτοῦ
2965 5492 3056 5547 καὶ
3109 5492 3221 5547 ἀντ’
3259 5491 3426 5548 αὐτοῦ
3462 5496 3514 5549 οἱ
3544 5495 3740 5552 ἀπόστο

2124 5580 2213 5639 λοι
2279 5582 2370 5637 τὸν
2438 5586 2533 5636 τοῦ
2610 5581 2960 5657 κηρύγματος
3048 5581 3213 5657 λόγον
3282 5583 3763 5656 ἀποσταλάζοντες,

2123 5668 2349 5741 διῆλθον
2401 5671 2499 5742 τὴν
2545 5670 2896 5746 οἰκουμένην,
2952 5670 3049 5735 τάς
3120 5670 3356 5751 ἀρούρας
3412 5677 3525 5730 τῶν
3581 5678 3762 5753 ψυχῶν
