3988 6450
172 418 326 483 MO!

1392 419 1809 485 EXPOSITIO
1848 419 1931 485 IN
1974 419 2359 488 PSALMOS.

3417 413 3579 486 1402

171 551 251 615 ὡς
301 547 521 632 νεφέλαι
565 549 922 629 πληροῦντες,
961 552 1051 609 καὶ
1099 554 1236 629 πρὸς
1279 553 1638 631 καρπονογίαν
1696 556 1818 629 ἀρε-
1849 557 1905 622 Α
1932 553 2149 630 γέγονεν
2173 553 2600 630 ἐπιτιμηθέντων
2643 552 2749 612 ὑπὸ
2794 555 2893 611 σοῦ
2934 547 3026 610 καὶ
3074 548 3422 633 φοϐηθέντων
3463 557 3574 610 τῶν

169 644 283 696 τῶν
317 641 637 719 ἐγείροντες.

250 771 278 799 ‹‹
310 746 532 818 Χάλαζα
587 749 676 803 καὶ
734 745 989 825 ἄνθρακες
1044 749 1233 825 πυρός.
1286 773 1315 803 ››
1362 781 1432 792 --
1485 749 1672 823 Τούτῳ
1730 749 1821 804 καὶ

171 836 275 905 τὴν
312 838 532 911 πρώτην
578 836 781 893 ἔννοιαν
827 837 1176 911 ἀρμόσωμεν·
1226 840 1281 892 αἱ
1337 844 1658 916 προφητεῖαι
1716 838 1820 913 γὰρ

170 924 549 996 ἀπεικάζονται
604 926 695 981 καὶ
754 925 969 1002 χαλάζῃ
1035 923 1124 981 διὰ
1172 927 1236 981 τὸ
1294 925 1526 1002 σκληρὸν
1570 929 1669 996 τῆς
1698 925 1823 980 ἀσα-

173 1013 352 1094 φείας,
384 1014 472 1069 καὶ
524 1015 655 1089 πυρὶ
708 1012 796 1069 διὰ
850 1015 913 1070 τὸ
969 1020 1219 1092 πιμπρᾷν
1244 1016 1341 1078 τὰς
1368 1014 1684 1090 ἀντιλογίας
1713 1018 1820 1069 τῶν

174 1102 567 1173 ἀπιστούντων,
621 1103 761 1159 ὥστε
825 1104 888 1158 τὸ
944 1103 1074 1159 αὐτὸ
1130 1105 1362 1159 νοεῖσθαι
1435 1101 1663 1181 νεφέλην
1733 1102 1823 1157 καὶ

174 1189 421 1267 χάλαζαν
480 1190 569 1247 καὶ
612 1196 720 1266 πῦρ
769 1189 859 1246 διὰ
902 1193 999 1255 τὰς
1061 1190 1413 1254 ἀποδοθεῖσας
1477 1192 1671 1265 αἷτίας,
1720 1190 1826 1267 οὐχ

173 1280 341 1350 ἧττον
393 1278 450 1336 δέ
490 1275 877 1354 συμϐιϐάζεται
926 1281 1016 1337 καὶ
1060 1283 1195 1358 πρὸς
1247 1282 1346 1350 τὴν
1406 1280 1640 1355 ἐσχάτην
1701 1279 1826 1350 ἐξή-

173 1390 359 1443 γησιν.
420 1370 512 1432 Εἷς
567 1369 694 1431 τοὺς
760 1368 1103 1433 ἀποστόλους
1162 1369 1369 1443 ὁμοίως
1426 1368 1829 1443 ἀποληψόμεθα

172 1456 420 1531 χάλαζαν
475 1458 565 1513 καὶ
639 1462 770 1534 πῦρ,
815 1459 878 1512 τὸ
930 1459 1023 1531 μὲν
1073 1459 1148 1521 ὡς
1205 1460 1305 1528 τὴν
1359 1457 1571 1529 πλάνην
1621 1457 1828 1512 ἀποτυ-

172 1543 447 1623 φλοῦντας
504 1547 594 1602 καὶ
654 1545 1078 1624 διαφθείροντας,
1110 1549 1172 1602 τὸ
1205 1545 1252 1601 δ’
1304 1548 1379 1609 ὡς
1430 1548 1529 1615 τὴν
1584 1541 1829 1601 ἀσέϐειαν

172 1633 383 1710 ἐμπιπρ
393 1639 589 1692 ῶντας.

248 1764 278 1795 ‹‹
309 1742 415 1797 Καὶ
494 1736 813 1819 ἐϐρόντησεν
888 1742 940 1813 ἐξ
1014 1742 1246 1816 ούρανοῦ
1302 1743 1331 1797 6
1390 1741 1609 1816 Κύριος,
1660 1741 1751 1796 καὶ
1800 1741 1828 1796 6

175 1831 432 1905 ’Ύψιστος
504 1827 675 1886 ἔδωκε
755 1832 940 1911 φωνὴν
1018 1830 1200 1889 αὐτοῦ.
1260 1855 1288 1883 ››
1347 1864 1416 1875 —-
1463 1831 1663 1906 Κύριος
1737 1830 1827 1885 καὶ

173 1921 430 1993 Ὕψιστος
475 1921 503 1975 6
549 1920 679 1983 Θεὸς
728 1922 805 1983 ὡς
850 1918 1116 1991 δεσπότης
1164 1920 1256 1975 καὶ
1321 1919 1553 1995 ὑψηλός.
1609 1914 1829 1992 Ἐϐρόν-
1859 1918 1907 1984 Β

171 2028 306 2078 τησε
354 2005 412 2062 δὲ
457 2007 547 2062 καὶ
595 2005 766 2063 ἔδωκε
815 2008 1001 2086 φωνὴν
1052 2007 1238 2081 αὐτοῦ,
1270 2006 1361 2063 ὅτε
1405 2007 1542 2081 πρὸς
1588 2004 1680 2062 τὸν
1712 2012 1824 2061 Πα-

168 2095 300 2172 τέρα
357 2097 386 2151 6
455 2096 580 2159 Υἱὸς
656 2091 870 2165 ἐϐόησε·
932 2119 961 2148 (ι
1034 2098 1232 2172 Πάτερ,
1297 2094 1515 2166 δόξασόν
1593 2116 1688 2149 σου
1762 2094 1825 2149 τὸ

170 2179 368 2258 ὄνομα·
419 2184 559 2254 ἦλθε
605 2184 731 2261 γὰρ,
783 2184 937 2263 φησὶ,
988 2186 1141 2263 φωνὴ
1194 2184 1257 2239 ἐκ
1298 2189 1395 2239 τοῦ
1442 2183 1695 2260 ούρανοῦ,
1726 2181 1826 2236 Καὶ

175 2271 420 2346 ἐδόξασα,
470 2274 559 2329 καὶ
615 2272 780 2329 πάλιν
814 2272 1038 2346 δοξάσω.
1067 2296 1097 2327 ››
1144 2279 1200 2327 Ὀ
1249 2271 1307 2328 δὲ
1351 2268 1526 2349 ὄχλος
1584 2273 1613 2327 ὁ
1659 2272 1825 2333 ἐστὼς

174 2362 268 2418 καὶ
310 2362 544 2424 ἀκούσας
590 2359 744 2439 ἔλεγε
789 2363 1016 2438 βροντὴν
1066 2360 1361 2437 γεγονέναι.
1413 2364 1573 2416 Ὥστε
1617 2360 1681 2415 τὸ
1732 2361 1824 2433 μὲν

175 2446 474 2525 ἐϐρόντησε
501 2451 639 2527 πρὸς
664 2453 763 2520 τήν
798 2449 1075 2524 ὑπόληψιν
1103 2455 1212 2506 τῶν
1233 2452 1573 2506 ἀκουσάντων
1595 2447 1825 2527 εἷ’ρηται·

170 2539 241 2595 τὸ
275 2536 333 2595 δὲ
361 2538 531 2595 ἔδωκε
587 2541 771 2617 φωνήν
822 2539 986 2595 αὐτοῦ
1033 2539 1173 2615 πρὸς
1218 2540 1316 2608 τήν
1361 2538 1636 2610 ἀλήθειαν·
1670 2537 1824 2616 φωνὴ

176 2628 281 2705 γὰρ
340 2627 473 2684 οὖσα
535 2629 769 2703 βροντῆς
834 2627 1125 2699 ἀκηκοόσιν
1195 2626 1389 2699 ἔδοξεν.
1462 2627 1535 2683 Οὐ
1601 2627 1713 2704 χρὴ
1772 2623 1830 2680 δὲ

176 2716 472 2791 θαυμάζειν
531 2716 622 2773 ὅτε
673 2716 771 2773 οὐκ
828 2712 1047 2794 ἔχουσιν
1115 2716 1439 2782 ἀκολουθίαν
1515 2716 1604 2771 καὶ
1679 2714 1824 2786 τάξιν

173 2810 527 2883 προφητεῖαι⁶
578 2803 844 2861 δείκνυται
893 2806 997 2881 γὰρ
1049 2805 1271 2860 ἐνταῦθα
1317 2805 1391 2867 ὡς
1451 2805 1503 2859 0':
1549 2810 1825 2881 προφῆται

176 2894 243 2950 οὗ
269 2897 660 2973 προεφήτευον,
692 2894 727 2949 ἃ
752 2890 1073 2967 ἐϐούλοντο,
1104 2892 1233 2950 ἀλλ’
1278 2894 1412 2967 ἅπερ
1461 2893 1522 2949 ἂν
1579 2893 1682 2948 ὑπὸ
1728 2896 1826 2948 τοῦ

178 2980 492 3057 Πνεύματος
523 2982 898 3059 ἐνηχήθησαν.

252 3114 280 3142 ‹‹
314 3088 685 3160 Ἐξαπέστειλε
744 3087 880 3165 βέλη
940 3089 1030 3144 καὶ
1087 3088 1400 3164 ἐσκόρπισεν
1445 3088 1661 3151 αὐτούς.
1694 3110 1724 3141 ››
1754 3119 1827 3133 -

180 3176 331 3249 Βέλη
396 3178 488 3252 μὶν
545 3176 693 3253 λέγει
752 3177 881 3240 τοὺς
960 3177 1204 3251 μαθητὰς
1279 3176 1673 3239 ἀποσταλέντας
1750 3176 1825 3239 εἲς

176 3267 386 3323 ἅπαντα
437 3271 536 3322 τοῦ
582 3267 813 3340 κόσμου’
865 3265 1151 3338 ἐσκόρπισε
1196 3262 1264 3320 δι’
1306 3265 1481 3320 αὐτῶν
1513 3267 1541 3321 6
1592 3265 1821 3340 Χριστὸς
1853 3271 1897 3339 C

170 3355 303 3418 τοὺς
333 3354 592 3430 δαίμονας
623 3355 714 3419 οὓς
747 3355 993 3426 ἐδήλωσε
1024 3352 1113 3409 διὰ
1138 3361 1240 3424 τῆς
1282 3353 1641 3429 ἀντωνυμίας’
1679 3358 1826 3428 μισεῖ

172 3446 284 3522 γὰρ
313 3446 376 3501 τὸ
406 3450 625 3519 Πνεῦμα
651 3446 715 3500 τὸ
739 3445 910 3521 ἅγιον,
943 3442 1120 3518 ὥσπερ
1152 3442 1368 3517 αὐτοὺς,
1402 3443 1544 3499 οὕτω
1582 3443 1672 3499 καὶ
1724 3443 1822 3511 τήν

170 3534 546 3611 προσηγορίαν
578 3534 775 3590 αὐτῶν.

252 3662 281 3692 ‹‹
312 3640 410 3695 Καὶ
440 3640 712 3714 ἀστραπὰς
742 3638 1010 3710 ἐπλήθυνε
1037 3639 1127 3695 καὶ
1157 3637 1497 3714 συνετάραξεν
1544 3635 1760 3699 αὐτούς.
1795 3661 1824 3690 ››

168 3760 248 3772 --
294 3729 429 3791 Τοὺς
484 3728 680 3790 αὐτοὺς
758 3728 979 3797 οἰητέον
1041 3728 1132 3783 καὶ
1192 3727 1327 3803 βέλη
1385 3727 1475 3781 καὶ
1527 3727 1821 3802 ἀστραπάς·

170 3817 347 3873 ἐκεῖνο
408 3818 501 3890 μὲν
561 3817 638 3879 ὡς
709 3816 1014 3893 βάλλοντας
1086 3815 1175 3871 καὶ
1252 3816 1648 3891 ἀνατρέποντας
1723 3817 1823 3884 τὴν

168 3904 385 3972 πλάνην
468 3903 707 3975 ἐκείνων,
761 3909 923 3960 τοῦτο
995 3902 1053 3960 δὲ
1121 3905 1197 3967 ὡς
1272 3904 1657 3980 ἐμπιπρῶντας
1723 3905 1823 3973 τὴν

173 3990 426 4050 ἀσέϐειαν
472 3994 562 4050 καὶ
608 3995 676 4049 τὰ
706 3994 907 4067 τεμένη
939 3993 1128 4063 αὐτῆς·
1174 3991 1506 4071 βαλλόμενοι
1554 3993 1657 4066 γὰρ
1704 3998 1825 4055 ταῖς

170 4082 390 4160 εὐχαῖς,
457 4082 681 4139 ἔπιπτον
760 4083 811 4137 0':
879 4081 1166 4156 πολέμιοι,
1223 4082 1315 4137 καὶ
1381 4083 1480 4152 τὴν
1545 4081 1823 4157 ἀστραπὴν

170 4172 243 4229 οὗ
312 4171 560 4251 φέροντες
626 4176 723 4227 τοῦ
810 4170 1143 4233 ἐνοικοῦντος
1206 4176 1324 4233 τοῖς
1392 4171 1659 4245 μαθηταῖς
1726 4173 1825 4225 τοῦ

169 4261 336 4337 ἀγίου
384 4261 693 4335 Πνεύματος
742 4261 1194 4338 συνεταράσσοντο
1239 4260 1330 4315 καὶ
1386 4258 1462 4322 είς
1512 4257 1822 4333 ἀμηχανίαν

167 4349 516 4409 καθίσταντο.

226 4446 283 4510 ’‹‹
311 4455 419 4513 Καὶ
450 4453 705 4534 ὤφθησαν
734 4456 788 4511 αἱ
819 4454 996 4531 πηγαὶ
1041 4458 1148 4509 τῶν
1198 4449 1426 4509 ὑδάτων.
1461 4474 1490 4504 ››
1521 4482 1593 4494 -
1642 4452 1825 4526 Πηγαὶ

169 4549 287 4603 τῶν
321 4543 528 4600 ὑδάτων
589 4545 744 4609 αὗθις
791 4544 843 4599 οἱ
892 4541 1211 4612 ἀπόστολοι,
1242 4545 1450 4615 πρῶτοι
1508 4537 1825 4595 διδάσκαλοι

167 4640 279 4704 τῆς
335 4634 472 4689 κατᾶ
524 4633 755 4710 Χριστὸν
812 4631 1065 4695 πίστεως.
1099 4628 1277 4705 Ὕδωρ
1337 4630 1432 4703 μὲν
1488 4629 1589 4705 γὰρ
1647 4630 1684 4698 ἡ
1739 4625 1825 4683 δι-

173 4720 448 4779 δασκαλία
527 4726 624 4777 τοῦ
695 4720 1075 4798 κηρύγματος,
1132 4718 1304 4796 πηγαὶ
1374 4717 1432 4773 δὲ
1496 4718 1569 4772 οἱι
1613 4722 1822 4792 πρῶτοι

169 4810 434 4882 τοιαύτης
488 4809 731 4886 κρουνοὶ,
791 4808 844 4864 οἳ
893 4814 1053 4863 πᾶσιν
1125 4802 1381 4886 ὤφθησαν
1463 4805 1539 4869 εἰς
1619 4807 1824 4862 ἅπασαν

176 4899 596 4978 ἐκπεμφθέντες.

254 5031 282 5060 ‹‹
314 5006 412 5061 Καὶ
441 5002 780 5081 ἀνεκαλύφθη
813 5002 881 5058 τὰ
910 5002 1137 5076 θεμέλια
1164 5009 1267 5072 τῆς
1318 4998 1663 5075 οἰκουμένης.
1696 5022 1726 5052 ››
1755 5032 1826 5043 -σ

176 5098 244 5152 0':
276 5095 429 5151 αὐτοὶ
458 5095 547 5149 καὶ
579 5091 807 5167 θεμέλια
833 5100 933 5163 τῆς
963 5098 1091 5167 γῆς.
1149 5091 1452 5165 Οἰκουμένη
1501 5090 1576 5151 ὡς
1614 5093 1824 5165 πρῶτοι

174 5184 553 5246 πιστεύσαντες
611 5183 701 5238 καὶ
783 5179 1123 5244 ὑποτεθέντες
1190 5177 1323 5255 ἕδρα
1390 5182 1459 5253 τῇ
1535 5177 1827 5252 οἰκουμένη

178 5276 376 5337 πάντες
442 5268 917 5345 ἐπῳκοδομοῦντο.
967 5267 1440 5346 ’Δνεκαλύφθησαν
1487 5263 1545 5321 δὲ
1592 5264 1682 5321 διὰ
1723 5273 1825 5336 τῆς

176 5369 277 5420 τοῦ
337 5363 460 5440 βίου
522 5358 865 5434 τελουμένων
930 5357 1221 5434 τεραστίων
1298 5354 1711 5433 λαμπρότητος·
1771 5353 1823 5409 ἐν

180 5458 250 5529 τῇ
302 5457 376 5529 γῇ
425 5451 719 5528 κέκρυπται
784 5448 851 5503 τὰ
911 5447 1157 5521 θεμέλια.
1205 5447 1281 5501 Τὰ
1337 5442 1395 5501 δὲ
1443 5452 1543 5515 τῆς
1590 5442 1824 5506 πίστεως

178 5540 488 5598 τούναντίον
522 5540 654 5617 ὑπὲρ
678 5547 781 5617 γῆς
826 5537 1068 5618 ἐφαίνετο
1114 5534 1316 5610 πάσης,
1361 5534 1451 5590 καὶ
1499 5533 1688 5608 πράξει
1734 5532 1825 5588 καὶ

184 5630 336 5710 λόγῳ
366 5628 673 5706 λάμποντα.

256 5762 286 5793 ιι
315 5740 455 5796 ’Δπὸ
495 5735 881 5814 ἐπιτήμησεώς
947 5754 1068 5807 σου,
1116 5730 1303 5812 Κύριε.
1346 5751 1375 5788 ι
1429 5762 1501 5777 -ο
1544 5732 1719 5786 Ταῦτα
1768 5725 1827 5785 δὲ

1932 639 2229 715 δαιμόνων.

2002 755 2030 783 ι(
2066 732 2201 787 Ἀπὸ
2248 731 2592 806 ἐμπνεύσεως
2650 732 2957 806 πνεύματος
3020 732 3194 809 ὀργῆς
3265 753 3383 790 σου.
3434 755 3466 786 ››
3502 765 3574 778 --

1931 818 2068 892 Πυρὶ
2144 816 2313 874 ἔοικεν
2366 822 2401 890 ἡ
2464 820 2624 897 ὀργὴ,
2683 818 2771 876 καί
2848 818 3186 893 ἐζαπτομένη
3266 818 3573 877 ἀναδίδοται

1929 904 2219 977 καπνώδης
2275 907 2469 982 ἀτμὸς,
2506 910 2597 964 καὶ
2655 907 2745 963 διά
2783 913 2892 965 τῶν
2941 911 3231 984 μυκτήρων
3296 908 3580 979 ἐμπνεῖται

1930 994 2010 1068 τῷ
2041 995 2177 1071 ἀέρι⁶
2213 994 2297 1052 διὸ
2336 998 2424 1052 καὶ
2472 996 2755 1070 πνεύματα
2803 995 2976 1072 ὀργῆς
3014 995 3286 1073 λέγονται,
3315 999 3406 1053 καὶ
3451 998 3580 1061 τοὺς

1936 1073 2328 1151 ὀργιζομένους
2360 1078 2487 1153 ἄγαν
2522 1079 2699 1151 θυμοῦ
2728 1077 2905 1132 πνέειν
2938 1078 3133 1155 φαμέν.
3169 1079 3267 1133 Διά
3311 1082 3473 1133 τοῦτο
3525 1076 3586 1134 δὲ

1932 1165 2033 1233 τήν
2065 1163 2278 1236 κίνησιν
2309 1173 2409 1236 τῆς
2457 1166 2629 1243 ὀργῆς
2659 1164 2901 1240 ᾐνίξατο,
2944 1166 3412 1243 ἀνθρωποπρετῶς
3461 1166 3585 1241 περὶ

1935 1253 2103 1323 αὐτῆς
2153 1254 2409 1328 εἰρηκώς.
2459 1256 2553 1318 Εἷς
2600 1259 2879 1327 τοσοῦτον,
2930 1255 3119 1333 φησὶν,
3168 1255 3459 1332 ὠργίσθης,
3509 1255 3587 1319 ὡς

1936 1338 2225 1413 ἔμπνευσιν
2255 1344 2562 1418 πνεύματος
2595 1345 2765 1421 ὀργῆς
2796 1349 2877 1417 τῷ
2919 1344 3037 1421 ἀέρι
3081 1343 3344 1422 γενέσθαι,
3376 1342 3585 1401 διασκε-

1938 1427 2198 1500 δάζουσαν
2229 1431 2356 1495 τοὺς
2388 1432 2617 1509 ἐχθρούς
2632 1477 2645 1492 .

2009 1543 2037 1571 ‹‹
2069 1519 2468 1591 Ἐξαπέστειλεν
2520 1522 2573 1593 ἐξ
2618 1521 2789 1596 ὕψους
2836 1522 2926 1577 καὶ
2976 1519 3138 1578 ἕλαοέ
3188 1542 3274 1594 με.
3320 1546 3342 1575 ι
3392 1555 3462 1566 -
3510 1523 3587 1579 Τὰ

1938 1607 2164 1673 ἐνταῦθα
2192 1611 2317 1687 περὶ
2349 1611 2539 1666 ἐαυτοῦ
2570 1632 2731 1689 φησιν
2760 1612 2788 1666 ὁ
2818 1613 3126 1690 προφήτης,
3157 1611 3235 1674 εἰς
3262 1611 3355 1667 τὸν
3395 1610 3584 1687 εῗρμὸν

1939 1695 2330 1775 ἐπαναδραμὼν
2359 1704 2457 1755 τοῦ
2489 1699 2681 1775 λόγου.
2712 1699 3087 1771 Ἐξαπέστειλι
3112 1699 3236 1780 γὰρ,
3286 1699 3423 1775 εἷπε,
3454 1702 3585 1765 Θεὸς

1943 1786 2218 1862 βοήθειαν,
2250 1787 2339 1843 καὶ
2371 1787 2629 1865 ἐρῥύσατό
2663 1810 2750 1863 με.

2013 1914 2041 1943 ‹‹
2072 1889 2448 1967 Προσελάϐετό
2481 1916 2549 1968 με
2578 1894 2630 1966 ἐξ
2661 1891 2867 1950 ὑδάτων
2895 1893 3144 1953 πολλῶν.
3166 1917 3196 1948 »
3219 1928 3289 1940 —
3315 1895 3390 1951 Τᾶ
3414 1893 3585 1952 ὕδατα

1936 1982 2083 2055 παρά
2134 1986 2205 2056 τῇ
2257 1981 2374 2054 θείᾳ
2442 1987 2630 2062 Γραφῇ
2697 1985 2831 2039 ποτὲ
2885 1983 2978 2057 μὶν
3044 1983 3121 2046 εἷς
3186 1985 3443 2062 κάθαρσιν
3493 1984 3587 2041 καὶ

1935 2068 2216 2145 ἀναψυχὴν
2280 2066 2673 2145 λαμϐάνονται,
2727 2070 2968 2149 καθάπερ
3026 2072 3150 2128 ὅταν
3211 2070 3379 2129 ὕδατα
3450 2076 3582 2145 νοή-

1936 2178 2115 2231 σωμεν
2173 2160 2273 2228 τήν
2325 2157 2699 2231 διδασκαλίαν,
2746 2161 2880 2217 ποτὲ
2932 2159 2990 2216 δέ
3032 2161 3115 2225 είς
3149 2164 3581 2237 καταποντισμὸν

1934 2246 2025 2301 καὶ
2086 2242 2329 2324 ὄλεθρον,
2378 2249 2453 2312 ὡς
2503 2248 2590 2305 ἐπὶ
2636 2254 2735 2305 τοῦ
2780 2250 3070 2327 παρόντος.
3117 2250 3350 2323 Τοιαύτη
3399 2252 3500 2330 γὰρ
3544 2255 3580 2324 ἡ

1932 2339 2042 2390 τῶν
2074 2333 2279 2391 ὑδάτων
2312 2337 2469 2416 φύσις
2508 2338 2571 2393 τὸ
2612 2340 2706 2412 μὲν
2754 2338 3107 2415 καθαίρουσα,
3135 2340 3199 2395 τὸ
3248 2336 3307 2396 δὲ
3354 2339 3586 2396 ἀποπνί-

1935 2444 2124 2499 γουσα,
2157 2425 2245 2480 καὶ
2295 2424 2510 2500 μᾶλλον
2567 2425 2691 2482 ὅταν
2742 2424 2824 2496 εἴη
2875 2426 3063 2484 πολλὰ
3106 2428 3198 2484 καὶ
3249 2429 3431 2506 βαθέα.
3465 2430 3583 2506 Χρὴ

1933 2512 2115 2570 τοίνυν
2173 2512 2341 2569 ὕδατα
2394 2513 2579 2571 πολλὰ
2623 2514 2866 2589 νομίζειν
2907 2516 2970 2571 τὸ
3017 2515 3232 2587 πλῆθος
3288 2521 3395 2573 τῶν
3446 2538 3584 2592 συμ-

1938 2606 2138 2678 φορῶν,
2207 2603 2242 2672 ἢ
2327 2607 2434 2658 τῶν
2526 2603 2738 2679 ἐχθρῶν
2849 2598 3228 2677 Προσελάϐετο
3317 2601 3377 2659 δὲ
3466 2602 3584 2659 ἀντὶ

1933 2694 2033 2744 τοῦ
2117 2689 2351 2766 ἐξήγαγέ
2428 2712 2497 2765 με
2572 2691 2710 2768 πρὸς
2784 2690 2992 2748 ἑαυτόν.
3066 2696 3122 2747 Ὁ
3197 2692 3299 2768 γὰρ
3382 2692 3582 2768 ἐξάγων

1934 2779 2052 2833 τινὰ
2132 2779 2271 2855 πρὸς
2355 2780 2541 2835 ἐαυτὸν
2632 2778 2814 2835 ἐλκύει
2900 2783 3092 2835 τοῦτον
3176 2774 3580 2855 ἀντιλαμϐανό-

1938 2888 2120 2940 μενος.

2007 2980 2035 3008 ‹‹
2067 2955 2306 3012 Ῥύσεταί
2356 2976 2422 3031 με
2469 2955 2521 3028 ἐξ
2570 2955 2777 3032 ἐχθρῶν
2832 2976 2936 3030 μου
2967 2954 3228 3013 δυνατῶν.
3270 2978 3300 3009 ››
3329 2987 3401 2998 -
3445 2961 3584 3032 Ἐχ-

1931 3044 2095 3121 θροὺς
2152 3044 2374 3101 ἐνταῦθα
2430 3044 2684 3108 δυνατοὺς
2742 3043 2869 3107 τοὺς
2918 3042 3181 3119 δαίμονας
3232 3041 3581 3114 ὑποληπτέον

1933 3134 2023 3190 καὶ
2054 3139 2295 3213 φανερῶς
2326 3134 2416 3190 καὶ
2447 3135 2659 3212 ἀφανῶς
2694 3133 3094 3207 πολεμοῦντας,
3139 3133 3230 3190 καὶ
3277 3131 3445 3189 νύκτα
3490 3133 3583 3189 καὶ

1939 3224 2052 3296 μεθ’
2108 3222 2341 3297 ἡμέραν,
2391 3222 2482 3278 καὶ
2530 3220 2620 3279 διά
2681 3223 2861 3293 πάσης
2910 3222 3235 3296 αἰσθήσεως,
3285 3223 3375 3278 καὶ
3424 3220 3581 3300 φύσιν

1935 3310 2163 3387 ἔχοντας
2193 3312 2467 3387 ἀκάματον
2496 3311 2549 3367 ἐν
2586 3313 2810 3387 μάχαις·
2844 3311 3123 3387 πνεύματα
3151 3313 3275 3388 γάρ·
3308 3311 3337 3366 6
3365 3315 3495 3387 γοῦν
3524 3310 3585 3368 ἐκ

1931 3405 2039 3455 τῶν
2078 3401 2347 3470 αἶσθητῶν
2402 3422 2469 3475 με
2518 3400 2815 3477 ῥυσάμενος
2855 3400 3005 3471 Θεὸς,
3037 3399 3199 3464 αὐτὸς
3248 3398 3460 3476 ῥύσεταί
3510 3422 3580 3473 με

1931 3489 2023 3543 καὶ
2075 3488 2133 3543 ἐκ
2176 3494 2283 3545 τῶν
2331 3488 2541 3566 ἐχθρῶν
2587 3493 2695 3545 τῶν
2746 3485 2986 3544 δυνατῶν
3036 3488 3114 3552 εἷς
3176 3487 3440 3564 πονηρίαν
3483 3485 3579 3543 καί

1934 3572 2157 3654 ὄλεθρον
2168 3622 2182 3636 .

2006 3689 2035 3718 ‹‹
2066 3665 2165 3720 Καὶ
2211 3667 2319 3721 τῶν
2374 3665 2669 3740 μισούντων
2733 3687 2820 3740 με,
2853 3664 2936 3721 ὅτι
2994 3664 3395 3743 ἐστερεώθησαν
3446 3664 3580 3740 ὑπὲρ

1934 3752 2049 3827 ἐμέ.
2105 3776 2135 3807 ››
2184 3786 2255 3797 —-
2301 3755 2365 3808 Οἱ
2412 3755 2513 3830 γὰρ
2561 3753 2714 3809 αὐτοὶ
2757 3755 3133 3832 μισάνθρωποι
3182 3748 3329 3817 ὄντες
3364 3757 3583 3828 μισοῦσι

1933 3843 2093 3915 κάμὲ,
2124 3842 2214 3897 καὶ
2247 3840 2482 3916 μάλιστα
2514 3842 2887 3918 βοηθούμενον
2927 3843 3030 3898 ὑπὸ
3081 3847 3234 3903 Θεοῦ.
3270 3844 3371 3899 Διὰ
3418 3846 3582 3900 τοῦτο

1936 3928 1995 3986 δὶ
2071 3930 2286 4008 ῥύσεταί
2354 3951 2420 4005 με
2447 3930 2499 4002 ἐξ
2539 3931 2713 3987 αὐτῶν
2765 3933 2795 3988 6
2841 3931 3065 4009 Κύριος,
3090 3930 3231 3988 διότι
3263 3932 3582 3988 συνεσκευά⁴

1933 4021 2130 4090 σθησαν
2192 4019 2283 4075 καὶ
2350 4022 2678 4090 συνήσπισαν
2744 4021 2835 4076 καὶ
2917 4020 3357 4098 ἐκραταιώθησαν
3445 4020 3578 4094 ὑπὲρ

1934 4107 2053 4182 ἐμὲ,
2104 4110 2181 4182 μὴ
2232 4108 2567 4187 φραξάμενον
2623 4114 2742 4172 τοῖς
2806 4106 3003 4173 ὅπλοις
3062 4116 3163 4180 τῆς
3225 4110 3443 4186 ἀρετῆς,
3501 4108 3578 4172 ὡς

1932 4197 1999 4267 ἦν
2057 4197 2222 4269 εἰκὸς,
2271 4196 2400 4253 ἀλλ’
2449 4196 2972 4271 ὑπομαλακισθέντα’
3002 4198 3040 4268 ἢ
3089 4197 3175 4254 6'1:
3221 4199 3273 4252 οἱ
3325 4197 3419 4271 μὲν
3478 4194 3578 4274 φύ-

1933 4306 2014 4342 σιν
2047 4282 2268 4363 ἔχουσιν
2302 4284 2487 4360 ἀϋλον,
2520 4286 2630 4362 ἐγὼ
2661 4284 2719 4341 δὲ
2750 4284 2965 4361 ὑλικήν,
2995 4286 3087 4342 καὶ
3135 4285 3245 4362 οὐχ
3285 4286 3397 4363 ὁρῶ
3449 4283 3579 4348 τοὺς

1929 4376 2351 4453 τιτρώσκοντας.

2004 4487 2034 4517 ‹‹
2093 4463 2437 4541 Προέφθασάν
2519 4482 2587 4536 με
2652 4461 2704 4518 ἐν
2765 4460 2948 4539 ἡμέρᾳ
3009 4461 3301 4525 κακώσεώς
3370 4481 3496 4535 μου.
3546 4483 3575 4517 ι

1932 4583 2002 4595 -ο
2038 4552 2108 4607 Τὸ
2147 4549 2472 4630 προφθάνειν
2521 4551 2584 4606 οὐ
2631 4548 2863 4606 πάντοτε
2908 4550 3162 4625 σημαίνει
3205 4550 3270 4605 τὸ
3316 4548 3577 4627 προλαμ-

1854 4638 1903 4703 D
1934 4635 2134 4711 ϐάνειν,
2170 4639 2296 4697 ἀλλ’
2327 4636 2467 4694 ἔστιν
2501 4637 2591 4694 ὅτε
2628 4638 2719 4694 καὶ
2764 4640 2829 4694 τὸ
2876 4638 3090 4718 φθάνειν
3133 4636 3324 4702 ἀπλῶς
3366 4637 3457 4694 καὶ
3514 4638 3577 4694 τὸ

1934 4728 2283 4802 ἐπιτίθεσθαι,
2333 4729 2570 4804 καθάπερ
2632 4728 2722 4782 καὶ
2785 4732 2898 4783 νῦν·
2966 4727 3213 4792 ἐπέθεντο
3269 4727 3394 4804 γάρ,
3467 4748 3574 4805 φη-

1932 4818 2037 4892 σὶν,
2069 4819 2124 4873 οἱ
2174 4816 2366 4894 ἐχθροί
2417 4837 2523 4890 μου
2572 4812 2678 4871 εἴτε
2716 4817 2770 4871 οἱ
2816 4816 3026 4893 ὁρατοὶ,
3074 4814 3181 4871 εἴτε
3227 4817 3283 4871 οἱ
3324 4816 3571 4893 ἀόρατοι,

1933 4907 1986 4963 ἐν
2037 4906 2213 4983 καιρῷ
2275 4905 2566 4968 κακώσεώς
2618 4925 2745 4978 μου,
2791 4904 3063 4961 τουτέστιν
3124 4904 3395 4968 ἀσθενείας
3460 4909 3569 4960 τῶν

1932 4997 2248 5070 πολεμικῶν
2310 4998 2684 5071 παρασκευῶν,
2725 4990 2832 5048 εἷ’τε
2873 4998 2980 5049 τῶν
3031 4993 3263 5071 ὁρατῶν,
3313 4991 3419 5050 εἴτε
3464 4998 3573 5049 τῶν

1935 5086 2199 5161 ἀοράτωνο
2251 5084 2567 5138 ἀσθενοῦντα
2610 5080 2711 5159 γάρ
2767 5102 2834 5156 με
2891 5081 3202 5158 βλέποννες,
3249 5082 3374 5140 τότε
3432 5080 3576 5157 μᾶλ-

1936 5173 2030 5230 λον
2064 5172 2386 5238 ἐπετίθεντο.

2006 5287 2034 5315 (ι
2066 5262 2165 5317 Καὶ
2216 5260 2424 5338 ἐγένετο
2472 5258 2666 5334 Κύριος
2714 5258 3111 5338 ἀντιστήριγμά
3162 5281 3288 5335 μου.
3321 5283 3352 5313 ››
3399 5293 3467 5304 -
3513 5259 3581 5315 Εἰ

1940 5350 2242 5427 μέλλοντος
2268 5353 2583 5405 καταπεσεῖν
2614 5347 2987 5425 ἀντηρείσατο,
3006 5348 3217 5425 ἐγένετο
3243 5350 3315 5422 τῇ
3340 5348 3581 5422 ἀσθενείᾳ

1935 5440 2258 5517 στηριγμὸς,
2288 5438 2404 5494 ἀντὶ
2436 5432 2636 5514 ῥάϐδου
2667 5436 3067 5515 ἐπερείδούοης.

2007 5572 2036 5601 ‹‹
2068 5546 2168 5602 Καὶ
2252 5542 2483 5620 ἐξήγαγέ
2555 5565 2623 5618 με
2695 5544 2773 5608 εἷς
2839 5543 3178 5621 πλατυσμόν.
3233 5570 3263 5601 ››
3312 5577 3383 5590 --
3438 5545 3575 5601 ’Δπὸ

1933 5645 2034 5709 τῆς
2060 5640 2169 5692 τῶν
2195 5634 2433 5710 θλίψεων
2466 5627 2784 5705 στενότητος
2843 5633 2919 5699 εἰς
2979 5635 3314 5715 εὐφροσύνης
3369 5632 3578 5699 πλάτος

1934 5724 2059 5799 ἤτοι
2117 5724 2388 5814 διάχυσινο
2444 5721 2582 5782 κατά
2632 5723 2719 5800 τὸ,
2785 5748 2816 5778 ι(
2883 5725 2971 5783 Ἐν
3034 5724 3217 5804 θλίψει
3278 5722 3579 5790 ἐπλάτυνάς
