3988 6452
235 433 392 498 1405

1458 439 1874 504 ΕΧΡΟΒΙΤΙΟ
1912 437 1996 500 IN
2037 438 2428 502 PSALMOS.

3488 436 3648 502 1406

233 569 336 621 τοῦ
366 563 702 644 Εὑαγγελίου
733 568 1022 646 φωτισθεῖς
1069 571 1162 626 καὶ
1204 572 1526 648 γνωρισθεὶς
1566 575 1702 644 ἡμῖν
1744 571 1891 646 παρὰ
1918 571 1974 638 Α
2002 567 2127 625 ὁδὸν
2175 567 2266 625 διὰ
2309 571 2409 642 τῇς
2457 568 2648 625 ἐαυτοῦ
2710 566 2918 644 μωρίας
2961 565 3054 625 καῖ
3099 565 3334 643 ἄμωμον
3381 569 3643 646 ἀπειργά-

235 660 338 710 τοῦ
370 659 666 732 Σωτῆρος’
718 657 911 722 σκότος
961 657 1018 714 δὲ
1065 663 1100 730 ἡ
1133 665 1239 715 τῶν
1287 659 1530 717 εἰδώλων
1582 659 1766 729 πλάνη
1798 659 1888 714 καὶ

237 746 274 813 ἡ
310 741 497 820 ἄγνοια
541 749 640 814 τῆς
687 746 852 820 ὀρθῆς
901 747 1133 811 πίστεως
1166 767 1178 780 ·
1239 751 1274 818 ἢ
1323 749 1527 826 λύχνος
1563 751 1656 823 μὲν
1681 750 1709 804 6
1739 752 1886 820 νοῦς,

242 830 462 907 ὁδηγῶν
530 835 620 889 τὸν
689 837 992 912 ἄνθρωπον,
1061 838 1254 901 σκότος
1319 835 1377 894 δὲ
1447 840 1510 894 τὸ
1577 843 1737 912 σῶμα
1802 835 1891 892 διὰ

239 923 340 990 τὴν
390 921 770 1000 ἐπιπρόσθησιν
818 925 908 980 καὶ
960 926 1246 1002 παχύτητα
1292 930 1737 998 Φωτισθήσονται
1797 927 1888 982 καὶ

243 1007 451 1089 ὂὶμφω⁸
515 1013 542 1066 6
603 1015 697 1086 μὲν
750 1015 868 1076 τοῖς
925 1014 1091 1076 θείαις
1161 1013 1523 1089 ἐλλάμψεσιν,
1584 1017 1612 1070 6
1691 1013 1748 1071 δὲ
1819 1019 1888 1088 τῇ

1999 679 2126 714 σατο
2136 703 2150 716 ο

2071 771 2097 797 α
2131 747 2594 824 Καταρτιζόμενος
2624 745 2752 810 τοὺς
2779 743 2952 814 πόδας
3002 767 3107 819 μου
3157 744 3286 800 ὡσεὶ
3335 744 3560 826 ἐλάφου.
3611 772 3644 803 ››

1998 869 2067 880 --
2091 836 2456 910 Εῦτρεπίζων,
2487 836 2711 893 τελειῶν
2745 835 2822 898 εἷς
2872 832 3076 910 δρόμον
3123 835 3176 890 ὲν
3227 840 3404 912 καιρῷ
3443 844 3646 916 φυγῆς.

2074 927 2229 979 «Καὶ
2286 925 2374 980 ἐπὶ
2419 926 2487 980 τὰ
2535 922 2722 999 ὑψηλὰ
2777 924 2942 979 ἱστῶν
2999 944 3084 996 με.
3131 946 3159 974 υ
3208 955 3278 968 --
3326 924 3424 980 Καὶ
3478 925 3554 988 είς
3580 927 3649 981 τὰ

2001 1007 2100 1089 ὅρη
2134 1015 2320 1082 σώζων
2359 1035 2424 1086 με
2453 1013 2542 1068 καὶ
2574 1013 2734 1068 ἱστῶν
2766 1013 2856 1068 καὶ
2888 1010 3073 1067 παύων
3099 1015 3197 1067 τοῦ
3247 1009 3456 1088 δρόμου
3487 1011 3642 1085 δίκην

241 1102 516 1171 καθάρσει.
568 1101 718 1164 Τινὲς
768 1099 824 1157 δὲ
874 1101 1090 1178 λέγουσι
1121 1102 1322 1179 λύχνον
1363 1104 1589 1170 ἐνταῦθα
1615 1103 1889 1174 κληθῆναι
1997 1107 2104 1157 τῶν
2156 1108 2465 1179 φευγουσῶν
2527 1102 2762 1180 ἐλάφων,
2813 1100 2903 1156 καὶ
2981 1095 3374 1157 ἀναϐαινουσῶν
3445 1103 3520 1166 εἰς
3578 1105 3646 1158 τὰ

239 1188 334 1243 τὸν
366 1188 426 1243 ἐκ
483 1190 786 1262 σπέρματος
835 1190 996 1246 Δαυίδ
1047 1194 1252 1264 Ἰησοῦν
1286 1192 1342 1248 ὅν
1377 1193 1631 1271 ἐφώτισεν
1666 1195 1694 1248 ὁ
1717 1192 1893 1268 Λόγος

245 1276 463 1340 ἐνωθεὶς
523 1278 666 1351 αύτῷ
723 1281 811 1334 καὶ
886 1281 1150 1357 παρέσχεν
1226 1281 1435 1360 ἀφιέναι
1510 1283 1607 1345 τὰς
1674 1281 1889 1342 ἀκτῖνας

243 1366 602 1443 ἁπανταχοῦο
665 1370 823 1446 φησὶν
893 1370 1017 1445 γὰρ,
1087 1395 1115 1424 ‹‹
1183 1371 1326 1446 Ἐγώ
1394 1370 1508 1444 εἰμι
1568 1371 1630 1425 τὸ
1661 1375 1774 1449 φῶς
1795 1374 1892 1425 τοῦ

239 1455 476 1528 κόσμου.
511 1481 539 1510 ››
574 1457 763 1520 σκότος
813 1457 870 1514 δὲ
915 1461 1013 1528 τὴν
1045 1461 1233 1536 σάρκα,
1265 1457 1331 1529 ἤν
1363 1455 1690 1536 προσλαϐὼν
1725 1459 1892 1532 ἐλαμ-

239 1563 409 1620 πρυνε
438 1544 527 1600 καὶ
560 1545 806 1610 ἐθέωσεν.

317 1675 344 1701 (ι
377 1653 494 1708 Ὅτι
539 1652 590 1708 ἐν
643 1654 728 1709 σοὶ
780 1653 1120 1730 ῥυσθήσομαι
1161 1656 1267 1711 ἀπὸ
1312 1653 1689 1731 πειρατηρίου.
1741 1677 1770 1706 »
1825 1686 1894 1697 --

248 1740 306 1794 Ἐ
430 1740 445 1760 \
531 1742 546 1760 κ
638 1741 665 1762 ν
867 1743 880 1761 κ
1003 1749 1031 1758 α-
1552 1745 1568 1764 \
1787 1745 1804 1774 ι

310 1761 335 1794 ν
363 1760 446 1794 σοι
489 1761 583 1814 μεν
628 1764 754 1812 ητυι
802 1741 891 1800 δια
939 1765 1056 1803 σου.
1108 1745 1470 1821 Πειρατηρίου
1521 1743 1599 1816 δε,
1651 1765 1893 1800 τουτέστι

247 1835 552 1904 πειρασμοῦ
611 1833 757 1907 παρᾶ
809 1833 1106 1909 ἀνθρώπων
1173 1831 1211 1903 ἤ
1271 1829 1545 1908 δαιμόνων
1624 1832 1892 1907 ἒπογομέ-

247 1936 364 1975 νου.

324 2029 353 2059 (ι
383 2007 480 2062 Καὶ
514 2007 566 2064 ἐν
617 2014 697 2082 τῷ
755 2015 871 2082 Θεῷ
939 2032 1042 2085 μου
1100 2006 1480 2088 ὑπερϐήσομαι
1520 2017 1730 2087 τεῖχος.
1768 2035 1796 2064 ››
1827 2043 1896 2054 --

248 2100 335 2168 Τῷ
389 2101 502 2168 Θεῷ
561 2119 664 2170 μου
722 2099 1098 2175 βοηθούμενος
1178 2097 1550 2177 ὑπερπηδήσω
1616 2101 1686 2156 τά
1757 2101 1896 2155 ἀπο-

249 2182 552 2263 φράττοντά
607 2209 699 2260 μοι
750 2191 850 2258 τήν
917 2191 1059 2265 πρὸτ
1114 2190 1273 2245 αὐτὸν
1328 2188 1452 2245 ὁδὸν
1509 2191 1898 2264 ἁμαρτήματα,

251 2276 334 2336 οἷς
366 2274 480 2349 ἔχει
529 2277 628 2346 τὴν
683 2277 838 2353 ἰσχὺν
886 2280 914 2334 ὁ
947 2284 1209 2349 Σατανᾶς,
1241 2279 1330 2334 καὶ
1364 2276 1428 2334 δι’
1459 2279 1532 2333 ὧν
1561 2277 1766 2334 κωλύει
1797 2279 1896 2346 τήν

251 2362 328 2424 εἰς
384 2362 646 2439 οὐρανοὺς
709 2364 922 2422 ἄνοδον.
985 2369 1054 2423 ’Ἡ
1102 2369 1456 2443 πειρατήριον
1527 2368 1623 2440 μὶν
1687 2368 1715 2421 6
1786 2366 1902 2442 βίος

252 2452 391 2505 κατὰ
446 2453 536 2506 τὸν
597 2449 741 2525 Ἰὼϐ,
805 2456 854 2510 έν
909 2457 954 2528 ᾧ
1009 2454 1234 2512 δελέατα
1283 2453 1496 2526 ἡδονῆς·
1533 2455 1625 2511 καὶ
1674 2452 1900 2530 παγίδες

248 2541 477 2596 θανάτου
509 2543 598 2598 καὶ
631 2542 816 2619 λόχοι,
850 2544 941 2600 καὶ
972 2544 1234 2617 πολέμιοι
1264 2545 1454 2616 νοητοὶ
1493 2544 1583 2600 καὶ
1631 2543 1899 2614 αἰσθητοί·

259 2634 447 2703 τεῖχος
496 2627 554 2684 δὲ
597 2630 661 2686 τὸ
714 2637 894 2706 σῶμα,
940 2629 1393 2707 προϐεϐλημένον
1445 2639 1548 2702 τῆς
1595 2636 1782 2709 ψυχῆς
1813 2629 1902 2688 καὶ

264 2717 604 2796 ἀποφρᾶττον
665 2721 798 2795 αὖτῇ
854 2722 948 2785 τὰς
1000 2723 1144 2786 θείας
1214 2722 1403 2799 αὐγάς’
1461 2719 1498 2792 ἤ
1555 2722 1645 2778 καὶ
1713 2726 1901 2797 τεῖχος

263 2805 315 2859 οἱ
374 2805 602 2882 έναέριοι
673 2807 947 2884 δαίμονεα,
1035 2806 1434 2874 διαϐαινούσαις
1505 2815 1626 2874 ταῖς
1699 2814 1902 2886 ψυχαῖς

262 2893 670 2968 ἐμποδίζοντες.

333 3027 359 3053 ‹‹
394 3004 451 3056 Ὀ
498 3004 630 3066 Θεός
665 3026 790 3078 μου,
825 3004 1064 3080 ἄμωμος
1093 3009 1129 3077 ἦ
1159 3004 1284 3070 ὁδὸς
1316 3006 1502 3063 αὑτοῦ.
1537 3030 1566 3060 ››
1597 3038 1666 3048 -—
1699 3011 1905 3080 Σχῆμα

258 3091 348 3146 καὶ
377 3096 537 3147 τοῦτο
567 3096 665 3162 τῆς
719 3094 956 3158 παλαιᾶς
1006 3103 1220 3174 γραφῆς
1244 3115 1257 3129 ⁸
1306 3096 1422 3150 ἀντὶ
1470 3095 1574 3172 γὰρ
1603 3098 1700 3150 τοῦ
1734 3093 1900 3149 εἰπεῖν

259 3178 340 3234 6'1:
370 3185 476 3235 Τοῦ
527 3187 662 3237 Θεοῦ
723 3204 828 3257 μου
887 3185 1122 3258 ἄμωμος
1177 3187 1212 3254 ἡ
1274 3182 1419 3253 ὁδὸς,
1479 3185 1622 3239 εἶπεν
1655 3185 1759 3240 ὃτι.
1791 3188 1902 3237 «'0

260 3268 812 3372 ?e6c‘pou,‘&pm9:oq
838 3274 873 3342 ἡ
907 3272 1033 3335 ὁδὸς
1075 3273 1260 3331 αὐτοῦ.
1312 3298 1342 3325 ››
1389 3270 1542 3334 Ὁδὸς
1593 3269 1839 3372 δὲῃΘεοῦ
1863 3273 1899 3342 ἠ
1934 3305 1977 3372 C

260 3358 420 3433 ἀρετή
479 3359 616 3435 πρὸς
675 3361 832 3416 αὐτὸν
894 3363 1159 3438 ἀνάγουσαι
1192 3381 1205 3394 °
1267 3363 1378 3438 χρὴ
1454 3366 1585 3437 γοῦν
1667 3359 1899 3434 ἄμωμον

261 3446 392 3501 εἶναι
449 3448 538 3502 καὶ
595 3449 686 3503 τὸν
746 3447 815 3505 δι’
869 3449 1036 3520 αὐτῆς
1085 3448 1358 3507 ὁδεύοντα.
1409 3452 1478 3506 Ἦ
1519 3450 1608 3504 καὶ
1653 3453 1902 3526 περιτοῦ

263 3538 521 3612 Σωτῆρος
569 3537 598 3592 6
643 3536 810 3613 λόγος
846 3559 860 3572 ·
922 3537 1143 3601 ὁδεύσας
1193 3541 1294 3616 γὰρ
1332 3540 1423 3594 τὸν
1461 3537 1601 3615 βίον,
1637 3537 1898 3614 ἁμαρτίαν

261 3623 360 3678 οὐκ
385 3623 656 3694 ἐποίησεν.

332 3755 359 3782 ‹‹
391 3732 465 3785 Τὰ
488 3729 650 3808 λόγια
697 3731 897 3809 Κυρίου
927 3735 1311 3809 πεπυρωμένα.
1349 3757 1370 3785 ι
1423 3766 1492 3776 -
1522 3730 1785 3810 Ἀλφθινὰ
1812 3732 1902 3787 καὶ

256 3823 464 3894 καθαρά
493 3821 668 3896 ψόγου
698 3823 920 3890 παντὸς,
954 3823 1028 3886 ὡς
1057 3824 1120 3878 τὸ
1166 3822 1573 3900 κεχωνευμένον
1634 3821 1858 3897 χρυσίον
1886 3837 1899 3852 ⁸

257 3909 345 3962 καὶ
374 3907 627 3986 ἀλλαχοῦ
682 3910 786 3987 γὰρ
836 3908 1070 3988 εἴρηκεν·
1124 3936 1153 3964 ‹‹
1206 3911 1282 3966 T6
1323 3911 1488 3988 λόγια
1515 3909 1712 3987 Κυρίου
1745 3909 1904 3986 λόγια

259 3996 390 4072 ἀγνὰ
416 3998 506 4051 καὶ
535 3997 789 4076 ἀργύριον
818 4000 1239 4074 πεπυρωμένον.

327 4126 355 4154 ‹‹
388 4104 784 4181 Ὑπεραπιστής
834 4105 943 4161 ἐστι
990 4104 1206 4162 πάντων
1246 4109 1354 4164 τῶν
1417 4103 1749 4176 ἐλπιζόντων
1820 4104 1903 4160 ἐπ’

255 4190 435 4278 αὐτόν.
499 4217 527 4245 ››
575 4226 644 4235 ——
691 4194 1204 4278 Ἐπαγγελλόμενος
1251 4195 1353 4272 γὰρ
1406 4195 1624 4270 βοηθεῖν
1679 4194 1741 4249 ού
1771 4193 1901 4270 ψεύ-

257 4277 424 4336 δεται-

327 4411 356 4440 ι(
387 4389 506 4444 "O1:
554 4388 636 4454 τίς
695 4391 823 4454 Θεὸς
881 4391 1046 4467 παρὲξ
1101 4389 1198 4446 τοῦ
1255 4389 1494 4467 Κυρίου;
1552 4413 1583 4442 ››
1621 4390 1788 4446 -Τὸ
1819 4389 1901 4446 ὅτι

253 4476 523 4552 παρέλκον
575 4477 801 4543 ἐνταῦθα
859 4476 896 4548 ἤ
956 4477 1072 4534 ἀντὶ
1128 4482 1246 4549 τοῦ,
1292 4475 1511 4547 Ἐπειδῆ
1559 4478 1644 4548 τίς
1704 4475 1901 4550 ἄλλος,

255 4564 405 4644 φησὶ,
439 4566 568 4628 Θεὸς
598 4567 764 4644 παρὲξ
817 4570 917 4623 τοῦ
957 4565 1160 4643 Κυρίου
1209 4567 1457 4622 τουτέστι
1509 4570 1608 4622 τοῦ
1665 4565 1902 4642 Πατρός.

2000 1186 2124 1268 ὅρη,
2179 1191 2268 1246 καὶ
2325 1191 2394 1266 τῇ
2448 1189 2742 1267 ἀπαλλαγῇ
2790 1195 2888 1245 τοῦ
2950 1187 3102 1251 δέους
3180 1190 3479 1264 ἱσταμένων
3560 1191 3652 1246 καὶ

2000 1280 2392 1336 ἀναπνεουσῶν.
2435 1281 2469 1349 ἢ
2519 1280 2620 1356 γὰρ
2677 1281 2768 1334 καὶ
2840 1277 3253 1354 δρομικώτατόν
3329 1299 3395 1354 με
3451 1284 3647 1350 ποιῶν,

2002 1369 2141 1426 ὥστε
2186 1376 2372 1445 φυγεῖν
2420 1369 2547 1432 τοὺς
2593 1368 2734 1424 ἑλεῖν
2785 1374 3082 1438 ζητοῦντας
3138 1365 3396 1442 δαίμονας
3439 1369 3529 1424 καὶ
3559 1368 3648 1425 ἐπὶ

1999 1459 2062 1514 τὸ
2092 1457 2224 1532 ὕψος
2246 1462 2354 1513 τῶν
2381 1457 2584 1534 ἀρετῶν
2619 1458 2853 1534 ἀνάγων.

2076 1571 2103 1600 ι(
2137 1544 2411 1604 Διδάσκων
2451 1546 2641 1624 χεῖράς
2679 1567 2782 1621 μου
2832 1547 2907 1610 εἷς
2957 1546 3225 1620 πόλεμον.
3275 1569 3305 1600 »
3357 1578 3426 1589 —
3470 1545 3644 1610 Αὐτός

2007 1658 2100 1711 μοι
2181 1637 2271 1691 καὶ
2335 1637 2432 1705 τήν
2503 1637 2705 1692 σύνεσιν
2771 1642 2874 1705 τῆς
2943 1633 3255 1708 πολεμικῆς
3359 1634 3645 1709 ἐμπειρίας

2005 1723 2260 1797 δέδωκεν,
2293 1725 2355 1780 οὐ
2407 1725 2570 1799 μόνον
2614 1732 2713 1795 τῆς
2766 1725 2902 1779 κατᾶ
2943 1729 3049 1780 τῶν
3084 1723 3378 1800 ὁρωμένων
3411 1723 3646 1799 ἐχθρῶν,

2005 1813 2152 1871 ἀλλά
2179 1815 2268 1869 κάὶ
2297 1821 2398 1884 τῆς
2430 1816 2564 1870 κατά
2594 1812 2867 1887 δαιμόνων
2903 1831 2915 1843 ·
2951 1813 3025 1878 ὡς
3058 1811 3114 1868 εὖ
3168 1813 3261 1885 μὲν
3318 1812 3411 1868 τὸν
3463 1811 3649 1888 θυρεὸν

1925 1909 2103 2007 Βτῆς
2170 1904 2426 1974 πίστεως,
2496 1900 2551 1958 εῦ
2621 1900 2678 1958 δὲ
2731 1903 2830 1970 τὴν
2882 1901 3156 1977 μάχαιραν
3200 1905 3298 1956 τοῦ
3335 1899 3651 1974 Πνεύματος

2283 1990 2328 2007 ι..
2393 1993 2417 2007 ,κ
2616 1990 2631 2007 ι
2706 1988 2730 2007 θ
2769 1992 2781 2007 ι
2892 1994 2918 2005 -
3267 1993 3295 2004 ..
3433 1990 3446 2007 ,
3556 1992 3583 2003 ..

2009 1990 2479 2067 μεταχειρίζεσθαι
2543 1990 2632 2045 καὶ
2703 1988 2791 2045 διὰ
2853 1994 2959 2044 τῶν
3028 1993 3338 2065 πρακτικῶν
3423 1990 3652 2062 ἀρετῶν,

2004 2079 2062 2137 α⁹ί
2105 2078 2398 2150 δηλοῦνται
2447 2077 2536 2134 διά
2579 2083 2686 2134 τῶν
2736 2084 2938 2156 χειρῶν
2984 2077 3384 2151 καταπολεμεῖν
3425 2076 3646 2139 αὐτούς.

2006 2165 2106 2240 Εἷίη
2143 2166 2188 2222 δ’
2219 2166 2278 2223 ἄν
2311 2169 2400 2223 καὶ
2448 2170 2483 2236 ἡ
2534 2169 2671 2244 πρὸς
2711 2168 2839 2225 Θεὸν
2864 2173 2969 2224 τῶν
3002 2171 3203 2244 χειρῶν
3237 2165 3445 2231 ἕκτασις
3473 2166 3647 2240 παρά-

2005 2257 2152 2329 ταξις
2184 2259 2300 2312 κατ’
2331 2257 2565 2333 ἐχθρῶν.

2082 2369 2112 2399 α
2143 2346 2242 2401 Καὶ
2289 2344 2412 2410 ἔθου
2458 2345 2612 2418 τόξον
2661 2344 2906 2422 χαλκοῦν
2952 2344 3081 2410 τοὺς
3127 2345 3424 2421 βραχίονάς
3460 2365 3584 2418 μου.
3616 2365 3643 2398 υ

2011 2469 2079 2478 -
2127 2435 2313 2491 Λίεπει
2371 2435 2434 2491 τὸ
2463 2436 2560 2508 ὡς,
2603 2433 2674 2491 ἵν’
2720 2439 2759 2506 ἦ
2788 2436 2864 2500 ὡς
2910 2435 3062 2509 τόξον
3111 2434 3377 2510 χαλκοῦν,
3409 2432 3653 2490 τουτέστι

2012 2523 2265 2600 στερροὺς
2322 2524 2412 2582 καὶ
2472 2525 2547 2598 μή
2607 2523 2906 2599 κάμνοντας
2966 2524 3018 2580 ἐν
3071 2529 3189 2588 ταῖς
3265 2522 3478 2602 ἀφέσεσι
3542 2526 3649 2578 τῶν

2017 2612 2190 2688 βελῶν
2202 2657 2215 2670 .

2084 2727 2112 2754 ‹‹
2144 2701 2242 2757 Καὶ
2295 2699 2499 2764 ἔδωκάς
2552 2723 2644 2774 μοι
2698 2701 3104 2777 ὑπερασπισμὸν
3157 2699 3452 2775 σωτηρίας.
3509 2725 3534 2756 ι
3587 2731 3656 2744 -

2013 2790 2330 2865 Ἀντίληψιν
2361 2790 2460 2846 οὐκ
2490 2790 2769 2864 ἀνόνητον,
2807 2789 2953 2848 ἀλλὰ
2983 2791 3278 2859 σώζουσαν.

2088 2919 2116 2950 ι(
2146 2898 2306 2966 Καὶὴ
2357 2895 2500 2968 δεξιά
2551 2918 2647 2952 σου
2694 2891 3016 2953 ἀντελάϐετό
3067 2917 3192 2969 μου.
3247 2918 3278 2948 ››
3317 2929 3384 2940 -—
3415 2894 3654 2959 Ε’ίώθασι

2010 2986 2114 3061 γὰρ
2163 2987 2216 3041 οἱ
2264 2981 2792 3060 ἀντιλαμϐανόμενοι
2837 2985 2907 3060 τῇ
2958 2983 3104 3056 δεξιᾷ
3155 2986 3394 3060 χρῆσθαι
3473 2981 3654 3060 χειρί-ρ

2013 3072 2411 3150 δραστικωτέρα
2465 3075 2569 3151 γὰρ
2629 3073 2760 3146 αὕτη
2819 3073 2910 3130 καὶ
2969 3072 3308 3146 δυνατωτέρα
3370 3070 3460 3126 καὶ
3535 3071 3652 3127 ἐπι-

2009 3161 2326 3240 τηδειοτέρα
2369 3170 2468 3233 τῆς
2517 3163 2699 3232 λαιᾶς,
2728 3163 2766 3234 ἢ
2811 3162 2900 3218 καὶ
2941 3159 3114 3236 δεξιὰν
3146 3160 3363 3233 οἰητέον
3393 3161 3484 3215 τὸν
3519 3159 3657 3216 ἐναν-

2016 3254 2376 3329 θρωπήσαντα
2421 3250 2763 3329 δημιουργὸν
2815 3258 2918 3322 τῆς
2963 3250 3211 3322 κτίσεως,
3244 3249 3302 3317 ὅς
3331 3243 3654 3306 ἀντελάϐετο

2011 3348 2114 3410 τῆς
2146 3343 2354 3420 φύσεως
2388 3344 2572 3414 ἡμῶν.

2084 3454 2111 3482 ‹‹
2144 3430 2242 3485 Καὶ
2288 3433 2323 3500 ἡ
2380 3427 2598 3484 παιδεία
2639 3450 2735 3484 σου
2784 3429 3071 3504 ἀνώρθωσέ
3132 3448 3200 3500 με
3254 3426 3330 3489 εἰς
3383 3424 3563 3488 τέλος.
3622 3449 3653 3478 ››

2009 3518 2336 3587 -Νοήσεις
2394 3513 2636 3570 παιδείαν
2695 3517 2784 3571 τὸν
2843 3513 3188 3591 παιδαγωγὸν
3240 3513 3430 3587 νόμον,
3491 3511 3561 3568 δι’
3590 3514 3654 3569 οὗ

2009 3605 2340 3681 κατηρτίσθη
2389 3603 2668 3666 παντελῶς
2717 3603 2792 3666 εἷς
2838 3603 3052 3678 ἄρετήν.
3124 3610 3194 3660 ’Ἠ
3253 3602 3343 3658 καὶ
3404 3599 3648 3658 παιδείαν

2011 3697 2144 3750 Θεοῦ
2201 3691 2347 3768 λέγει
2401 3693 2529 3754 τοὺς
2584 3693 2720 3748 κατὰ
2773 3693 3169 3770 παραχώρησιν
3227 3695 3361 3748 Θεοῦ
3402 3689 3650 3754 παιδείας

2009 3779 2180 3838 ἕνεκεν
2231 3781 2610 3857 ἐπενεχθέντας
2666 3780 3001 3855 πειρασμούς
3035 3801 3046 3813 ·
3102 3781 3486 3859 ἀμφοτέρωθεν
3543 3781 3652 3856 γὰρ

2015 3891 2101 3944 με,
2135 3870 2320 3950 φησὶν,
2353 3869 2663 3949 ὠφέλησας,
2709 3875 2870 3926 τοῦτο
2931 3871 3024 3944 μὲν
3081 3865 3648 3944 ἀντιλαμϐανόμενος,

2010 3964 2169 4015 τοῦτο
2203 3957 2260 4014 δὲ
2279 3963 2626 4035 παραχωρῶν
2650 3960 3014 4037 πειράζεσθαι·

2084 4071 2112 4102 α
2142 4049 2239 4104 Καὶ
2296 4050 2331 4117 ἡ
2379 4046 2594 4104 παιδεία
2642 4069 2739 4102 σου
2787 4047 2922 4118 αὐτή
2975 4069 3041 4121 με
3090 4044 3311 4118 διδάξει.
3359 4070 3388 4101 ››
3438 4079 3507 4096 -ιν
3552 4044 3652 4100 Καὶ

2011 4136 2090 4194 ἔτι
2151 4157 2218 4210 με
2275 4134 2501 4207 διδάξεις
2557 4136 2646 4192 καὶ
2701 4134 3026 4206 παιδεύσεις,
3086 4136 3164 4198 ὡς
3218 4133 3387 4192 παῖδα
3425 4135 3514 4190 σόν
3549 4153 3562 4164 ·
3599 4135 3652 4189 ἐν

2010 4224 2190 4300 θλίψει
2221 4225 2345 4302 γὰρ,
2378 4225 2530 4304 φησὶ,
2567 4226 2758 4302 μικρὸν
2791 4227 2826 4295 ἡ
2857 4223 3075 4281 παιδεία
3104 4247 3200 4282 σου
3244 4227 3404 4297 ἡμῖν.
3453 4223 3651 4296 εύπρας

2009 4319 2228 4390 γοῦντες
2266 4315 2359 4388 μὲν
2391 4313 2910 4391 ἀποῤῥᾳθυμοῦμεν,
2942 4312 3158 4389 θλίψεσι
3191 4311 3249 4368 δὲ
3297 4311 3650 4388 περιπίπτονς-

2009 4423 2098 4465 τες
2154 4403 2214 4460 ἐκ
2266 4403 2633 4479 περιστάσεως
2688 4400 3061 4478 διεγειρόμεθα
3105 4400 3195 4457 καὶ
3226 4400 3652 4479 σωφρονέστεροι

2011 4491 2296 4567 γινόμεθα.

2084 4604 2113 4633 ‹‹
2143 4579 2478 4643 Ἐπλάτυνας
2527 4581 2594 4637 τὰ
2640 4575 2954 4653 διαϐήματά
3005 4599 3108 4652 μου
3167 4576 3418 4633 ὑποκάτω
3467 4598 3590 4651 μου.
3623 4600 3654 4630 ››

327 4677 356 4705 “
383 4655 478 4745 ΤΗ,
508 4653 590 4745 τίς
650 4655 779 4745 θεᾷς
1031 4660 1129 4711 τοῦ
1170 4659 1319 4745 ,θεοῦ
1367 4657 1524 4745 ἧξῶν
1602 4679 1729 4745 »ς’-
1769 4655 1898 4745 θεδξν
1928 4671 1979 4738 Β
2007 4702 2077 4713 -
2105 4668 2439 4732 Ἑπλάτυνας
2470 4666 2739 4745 περιελὼν
2787 4669 2883 4731 τὰς
2912 4665 3145 4743 παγίδας
3172 4665 3261 4721 καὶ
3290 4665 3358 4725 τὰ
3386 4666 3652 4741 θήρατρα,

255 4737 478 4803 ἐνταῦθα
535 4741 626 4796 τὸν
685 4742 806 4796 Υἱὸν
857 4740 1124 4800 ἐκάλεσεν.
1169 4743 1354 4814 ’Πμῶν
1416 4739 1472 4796 δὲ
1530 4741 1697 4798 εἰπὼν
1748 4743 1896 4798 συνέ-

251 4828 400 4903 ταξεν
428 4831 462 4899 ἡ
475 4834 562 4903 μῖν
593 4830 803 4892 ἑαυτοῖς
821 4836 938 4896 τοῖς
955 4836 1167 4894 πιστοῖς
1186 4849 1198 4862 '
1219 4833 1307 4886 οἷα
1326 4831 1590 4909 προγνοὺς
1610 4833 1672 4887 τὸ
1693 4831 1898 4897 ἐντελὲς

250 4924 352 4986 τῆς
380 4917 635 4983 πίστεωςο

330 5043 353 5078 0
385 5024 440 5079 Ὀ
472 5026 601 5087 Θεὸς
651 5026 679 5080 6
726 5027 1105 5103 περιζωννύων
1158 5047 1226 5100 με
1273 5023 1520 5100 δύναμιν.
1563 5049 1594 5078 ››
1623 5058 1690 5072 —-
1719 5028 1899 5083 Τοῦτο

250 5113 373 5189 περὶ
429 5119 526 5169 τοῦ
584 5115 742 5190 ἀγίου
799 5114 1133 5189 Ιῐνεύματος.
1195 5115 1257 5172 Εἰ
1316 5113 1373 5182 δὲ
1426 5115 1516 5170 καὶ
1570 5113 1698 5177 τοὺς
1751 5120 1900 5191 τρεῖς

252 5201 472 5278 στίχους
524 5202 583 5258 ἐκ
628 5201 995 5278 παραλλήλου
1039 5205 1102 5260 τὸ
1152 5203 1280 5260 αύτό
1311 5204 1443 5284 φησὶ
1472 5225 1554 5266 τις
1584 5202 1896 5278 ἑρμηνεύειν

253 5288 403 5348 οὐδὲν
459 5292 701 5357 ἀπεικόςο
760 5316 790 5348 ‹‹
843 5293 1221 5369 περιζωννύων
1281 5291 1340 5350 δέ
1415 5313 1482 5366 με
1540 5290 1768 5366 δύναμιν
1842 5291 1896 5347 ἐν

251 5379 542 5455 πολέμοις.
576 5405 607 5434 ››

327 5510 355 5539 ι(
385 5488 484 5542 Καὶ
539 5486 687 5544 ἔθετο
731 5485 962 5563 ἄμωμον
1001 5491 1102 5559 τὴν
1147 5486 1270 5545 ὁδόν
1324 5509 1453 5562 μου.
1499 5510 1530 5541 ››
1562 5519 1630 5540 .—
1660 5489 1760 5542 Διὰ
1785 5490 1896 5543 τῶν

254 5574 483 5636 ἐντολῶν
543 5576 817 5654 ἠρίθμησε
863 5579 963 5648 τὴν
1022 5579 1158 5634 κατὰ
1210 5579 1302 5634 τὸν
1365 5577 1480 5653 βίον
1558 5576 1896 5655 ἀνάστροφήν

257 5685 383 5737 μου.
412 5671 482 5723 ’Ἠ
510 5665 600 5722 καὶ
628 5667 753 5743 περὶ
779 5671 879 5723 τοῦ
910 5674 1170 5743 Σωτῆρος
1203 5667 1232 5722 6
1265 5664 1434 5742 λόγος
1462 5665 1744 5742 προσώπῳ
1798 5672 1900 5736 τῆς

253 5753 579 5826 Ἓκκλησίας
635 5759 741 5812 τῶν
795 5760 1025 5815 πιστῶν.
1081 5757 1222 5829 Ὅτι¹
1258 5753 1571 5832 ἐξωμάλιοά⁴
1629 5775 1725 5830 μοι
1796 5756 1896 5826 τὴν

2011 4759 2084 4814 ὧν
2118 4757 2168 4812 ἐν
2207 4757 2358 4832 μέσῳ
2385 4752 2674 4813 διαϐαίνων
2709 4755 3218 4832 ἐστενοχωρούμην·
3251 4753 3341 4809 καὶ
3369 4757 3457 4809 νῦν
3497 4751 3650 4814 ἐκτὸς

2009 4842 2181 4921 φόϐου
2217 4844 2440 4922 βαδίζω,
2476 4843 2708 4919 μηδενὸς
2742 4843 3132 4921 ἐνεδρεύοντος.

2083 4977 2111 5006 ‹‹
2141 4953 2238 5009 Καὶ
2286 4951 2386 5008 ούκ
2428 4952 2726 5027 ᾗσθένησαν
2775 4952 2844 5007 τὰ
2901 4947 3030 5026 ἴχνη
3065 4970 3190 5023 μου.
3224 4972 3252 5002 υ
3282 4983 3348 4993 -—
3378 4947 3645 5025 Πρότερον

2013 5043 2106 5116 μὲν
2145 5043 2246 5118 γὰρ
2290 5041 2504 5120 φεύγων
2545 5041 2674 5103 τοὺς
2723 5039 2977 5116 ἐχθροὺς,
3030 5038 3366 5102 ἔπιπολαίως
3417 5039 3646 5095 ἐπάτουν

2006 5133 2108 5200 τὴν
2153 5132 2277 5207 γὴν,
2325 5128 2543 5206 ἀμυδρὰ
2592 5129 2924 5202 ποιούμετος
2971 5125 3121 5205 ἴχνη,
3178 5126 3268 5184 διὰ
3312 5129 3372 5184 16
3402 5125 3648 5184 σπεύδειν

2013 5221 2087 5293 μὴ
2136 5219 2489 5296 γνωρίζεσθαι
2534 5223 2704 5274 ταῦτα
2748 5223 2866 5279 τοῖς
2915 5214 3333 5288 καταδιώκουσι,
3388 5218 3464 5291 μὴ
3509 5217 3562 5273 τί
3591 5239 3652 5294 γε

2004 5308 2219 5370 τούτοις
2244 5305 2487 5382 ἵψονται·
2519 5311 2610 5363 νῦν
2642 5304 2700 5362 δὲ
2729 5310 2957 5382 στερεῶς
2981 5306 3201 5382 βαίνων.
3228 5305 3432 5382 μηδένα
3457 5304 3642 5370 δειώς.

2007 5395 2110 5469 Εἵη
2165 5397 2212 5454 δ’
2263 5398 2324 5452 ἄν
2379 5397 2468 5452 καὶ
2517 5397 2624 5452 ἀπὸ
2669 5399 2768 5466 τῆς
2826 5393 3147 5466 Ἐκκλησίας
3205 5397 3235 5451 ὁ
3292 5394 3462 5474 λόγος
3490 5396 3654 5472 εὐχα-

2009 5485 2298 5564 ριστούσης
2357 5485 2440 5541 ὅτι
2498 5483 2822 5540 πλατύνεται
2881 5487 2917 5554 ἡ
2985 5483 3111 5547 ὁδὸς
3184 5484 3352 5556 αὐτῆς
3418 5482 3647 5541 πολλῶν

2007 5576 2320 5652 καθημέραν
2371 5571 2690 5630 ὑδευόντων’
2721 5573 2812 5630 καὶ
2843 5573 2943 5630 οὐκ
2975 5575 3312 5651 ἀμαυροῦται
3338 5574 3407 5630 τὰ
3434 5575 3648 5650 χαράγ-

2011 5685 2153 5740 ματα
2172 5671 2274 5734 τῆς
2305 5662 2658 5741 εὐαγγελικῆς
2687 5661 2986 5734 πολιτείας,
3019 5662 3147 5720 ἀλλ’
3167 5661 3311 5736 αὔξει
3330 5662 3422 5720 καὶ
3443 5661 3652 5738 λάμπει

2006 5750 2098 5811 διὰ
2154 5758 2188 5804 θ’
2196 5773 2222 5818 ς
2249 5752 2528 5832 συνεχείας
2553 5757 2664 5812 τῶν
2694 5751 3162 5828 φολιτιυαμένων.
