3988 6416
331 407 492 474 “07

1572 411 2004 481 NICEPHORI
2045 412 2489 481 BLEMHID£

3588 412 3771 478 uos

404 539 784 616 «Καταδιώξω
812 541 940 606 τοὺς
984 540 1215 620 ἐχθρούς
1267 564 1395 618 μου,
1441 545 1532 601 καὶ
1576 545 1971 621 καταλήψομαι
2001 552 2200 620 Ατον,
2247 548 2339 602 καὶ
2384 546 2634 620 ἀναστὰς,
2676 543 2769 604 καί
2821 545 2965 604 οὕτω
3013 542 3239 624 διαδρὰς
3299 542 3505 609 αὐτούς
3580 566 3766 602 κατα-

338 630 553 694 αὐτούς.
590 657 614 684 ι
646 664 718 675 -—
746 633 883 688 ’Δπὸ
908 638 1017 689 τῶν
1047 629 1438 710 προλαϐόντων
1470 635 1781 709 θαυμασίων
1830 634 1979 707 πλη-

338 720 661 799 ροφορηθεὶς
704 721 795 776 καὶ
842 722 967 798 περὶ
1014 727 1122 778 τῶν
1187 721 1503 796 μελλόντων
1545 724 1731 802 φησὶν,
1773 724 1851 786 ὡς
1915 723 1981 780 El

334 808 498 863 πάλιν
558 808 746 887 ἐχθροί
779 810 886 883 μού
910 831 1055 873 τινες
1105 811 1385 887 γένωνται,
1443 813 1536 868 καὶ
1562 812 1788 875 τούτους
1815 812 1978 867 κατά-

333 895 534 970 διώξω,
570 901 645 972 μή
679 897 1010 973 δυναμένους
1030 900 1363 975 ἀντιστῆναι,
1390 901 1481 956 καὶ
1511 899 1637 959 οὐδὲ
1665 901 1759 964 τὰς
1788 902 1981 979 χεῖράς

336 1009 441 1061 μου
473 986 875 1063 διαδράσουσιν.

404 1100 433 1128 (ι
456 1076 554 1131 Καὶ
586 1077 686 1133 οὐκ
727 1078 1218 1157 ἀποστραφήσομαι
1246 1077 1351 1143 ἓως
1381 1082 1442 1135 ἂν
1471 1078 1815 1137 ἐκλείπωσιν.
1852 1103 1874 1131 ι
1909 1110 1982 1127 -ρ

334 1162 665 1223 Καταλαϐὼν
721 1166 780 1223 δέ
835 1167 1029 1231 αὐτοὺς
1081 1168 1183 1223 οὐκ
1252 1169 1628 1243 ἀναζεύξομαι,
1715 1168 1827 1234 θεὶς
1902 1168 1981 1232 ὡς

333 1257 664 1326 ἡττηθέντας
691 1255 827 1330 ἤδη,
859 1254 986 1313 ἀλλ’
1015 1255 1183 1333 ἄρδην
1215 1260 1414 1321 πάντας
1446 1255 1738 1336 διαφθερῶ.

410 1387 439 1416 ‹‹
472 1362 748 1437 Ἐκθλίψω
799 1363 1015 1435 αὐτοὺς,
1063 1365 1154 1419 καὶ
1200 1365 1264 1419 οὑ
1298 1366 1376 1437 μὴ
1417 1363 1679 1421 δύνωνται
1708 1367 1917 1434 στῆναι.
1950 1387 1981 1416 η

337 1485 410 1497 -
436 1452 614 1508 Εἰπὼν
644 1452 727 1509 δτι
759 1479 788 1506 ί(
826 1451 1144 1524 καταδιώξω
1169 1454 1299 1516 τοὺς
1329 1453 1583 1531 ἐχθροὺς,
1617 1477 1647 1506 n
1703 1452 1848 1530 λέγει
1890 1452 1982 1509 καὶ

337 1543 428 1598 τὸν
457 1542 660 1620 τρόπον
695 1565 709 1579 ο
742 1545 1025 1621 ἀναγκάσω
1054 1543 1160 1618 γὰρ
1210 1542 1429 1613 αὐτοὺς,
1486 1547 1843 1620 στενοχωρῶν
1891 1544 1982 1599 καὶ

333 1632 534 1701 πιέζῶν
562 1633 819 1688 πάντοθεν
855 1651 868 1665 ³
928 1630 1112 1687 καῖού
1145 1633 1222 1705 μή
1273 1629 1543 1702 δυνηθῶσι
1600 1635 1790 1702 στῆναι
1846 1633 1985 1688 κατά

329 1720 624 1797 πρόσωπον
653 1720 731 1784 εἷς
758 1721 1072 1797 παράταξιν.

412 1830 435 1860 ι
469 1814 762 1865 Πεσοῦνται
792 1812 896 1866 ὑπὸ
922 1811 1051 1875 τοὺς
1085 1809 1257 1873 πόδας
1292 1831 1417 1884 μου.
1454 1833 1483 1863 n
1521 1804 1977 1884 -Καταλαμϐα-

2089 634 2522 713 σφαλισαμένους
2568 637 2663 693 τὸν
2705 639 2897 716 τάφον.
2944 637 3041 701 Εἷς
3068 638 3138 692 τά
3165 636 3290 704 ἔθνη
3318 634 3378 693 δὲ
3407 632 3766 703 ἐϐασίλευσε,

2085 726 2186 795 τήν
2216 725 2461 783 ἑκούσιον
2490 727 2764 803 ὑποταγὴν
2793 725 2999 782 δούτων
3033 724 3343 801 δεξάμενος.

2159 838 2191 867 α
2222 815 2367 879 Λαὸς
2413 815 2473 870 δν
2520 815 2624 871 οὐκ
2671 812 2837 890 ἔγνων
2888 814 3041 872 έδού)
3056 817 3174 870 ευσέ
3224 836 3340 888 μοι.
3378 837 3402 869 ι
3436 846 3510 857 —-
3542 815 3702 877 Λαός
3736 815 3766 870 6

2088 901 2142 974 ἐξ
2191 901 2377 975 ἐθνῶν,
2425 903 2785 981 ἀγνοοῦμενός
2819 926 2913 977 μοι
2943 905 3069 979 πρὶν
3102 904 3177 965 ὡς
3205 903 3418 978 ἀγνοῶν
3450 922 3548 977 με’
3582 904 3764 979 γινώ-

2087 1012 2201 1048 σκει
2228 994 2331 1069 γὰρ
2362 994 2391 1049 6
2419 992 2617 1070 Κύριος
2647 992 2774 1055 τοὺς
2804 994 2961 1049 αὐτὸν
2989 993 3378 1069 γινώσκοντας.

2162 1100 2315 1162 «Εἷς
2362 1101 2530 1169 ἀκοὴν
2576 1100 2744 1155 ὠτίου
2791 1099 3067 1171 ὑπήκουσέ
3123 1121 3241 1173 μοι.
3302 1123 3333 1151 ››
3363 1131 3434 1144 --
3477 1099 3580 1156 Ἐν
3610 1098 3765 1173 ἀκσῇ

2089 1187 2256 1245 ώτίου
2284 1187 2610 1265 παρεδέξατό
2642 1210 2748 1262 μου
2775 1190 2838 1244 τὸ
2870 1188 3220 1265 Εὐαγγέλιον.

2165 1301 2195 1335 α
2221 1277 2337 1334 Υίοῖ
2368 1276 2655 1355 ἀλλότριοι
2687 1278 2981 1352 ἐψεύσαντό
3015 1300 3130 1352 μοι.
3164 1302 3194 1330 ››
3224 1310 3295 1322 —
3321 1278 3494 1333 Ταυτὸ
3526 1278 3594 1332 τὸ
3649 1277 3762 1355 ῥη-

2085 1366 2180 1423 τὸν
2224 1366 2330 1422 ἀπὸ
2372 1373 2472 1423 τοῦ
2521 1368 2808 1444 προφήτου
2856 1369 3144 1441 νοήσωμεν
3183 1367 3603 1441 καθαπτομένου
3635 1371 3758 1422 τῶν

2091 1454 2367 1512 Ἰουδαίων
2430 1456 2508 1519 ὠς
2553 1454 2903 1531 ψευδομένων
2961 1457 3023 1511 τὸ
3076 1457 3235 1532 γένος
3269 1477 3283 1491 ·
3351 1456 3761 1534 ἐπιγράφονται

2088 1546 2191 1624 γάρ
2223 1547 2436 1609 ἑαυτοῖς
2462 1546 2667 1621 πατέρα
2692 1546 2785 1601 τὸν
2810 1542 3064 1622 ’Δϐραάμ
3082 1545 3172 1600 καὶ
3200 1545 3293 1600 τὸν
3319 1542 3505 1616 Δαυῖδ,
3530 1544 3762 1600 ἐναντία

2086 1634 2310 1699 τούτοις
2338 1632 2769 1706 ἐπιτηδεύοντες.
2802 1635 2901 1689 Καὶ
2931 1634 3084 1696 υἱοὺς
3118 1635 3212 1706 μὲν
3244 1632 3442 1695 αὐτοὺς
3474 1632 3625 1708 λέγει
3660 1630 3762 1687 διὰ

2085 1724 2152 1780 τὸ
2179 1722 2233 1795 ἐξ
2263 1723 2427 1780 αὐτοῦ
2455 1734 2803 1799 κατάγεσθαι,
2850 1721 3183 1798 ἀλλοτρίους
3233 1719 3292 1777 δέ
3340 1719 3430 1777 διὰ
3477 1722 3585 1790 τὴν
3632 1725 3757 1776 τῶν

2085 1812 2305 1887 τρόπων
2338 1812 2728 1886 ἀνομοιότητα.

334 1897 556 1972 νόμενοι
588 1896 762 1955 δὲκαὶ
793 1898 846 1955 έν
894 1900 1116 1979 ἀφύκτῳ
1155 1900 1299 1955 ὡσάν
1346 1898 1635 1973 νουόμενοι
1690 1903 1979 1956 πεσοῦνται
2006 1915 2056 1981 Β
2157 1926 2187 1955 ι(
2217 1900 2336 1957 Υἴοὶ
2385 1900 2672 1978 ἀλλότριοι
2718 1899 3135 1971 έπαλαιώθησαν
3180 1899 3273 1955 καὶ
3314 1896 3602 1976 έχώλαναν
3634 1898 3755 1955 ἀπὸ

334 1998 436 2053 καθ
445 1989 789 2049 ικετεύοντες.

413 2101 442 2129 ‹‹
474 2077 575 2131 Καὶ
632 2077 966 2153 περιέζωσάς
1016 2100 1083 2151 με
1125 2075 1354 2151 δύναμιν
1404 2076 1483 2139 είς
1530 2074 1799 2151 πολεμον.
1852 2100 1882 2130 ιο
1912 2109 1984 2121 -

339 2163 513 2222 Πάλιν
542 2167 637 2228 τάς
666 2166 958 2241 γινομένας
988 2165 1294 2242 εὐεργεσίας
1338 2166 1436 2229 τὰς
1482 2166 1849 2242 γεγενημένας
1891 2186 1984 2221 κα-

338 2254 442 2312 ταλ
449 2256 534 2333 έγε
545 2278 583 2313 ι.

411 2369 442 2397 (ι
475 2342 838 2410 Συνεπόδισας
868 2349 1066 2409 πάντας
1091 2346 1220 2410 τοὺς
1252 2344 1707 2419 ἐπανισταμένους
1755 2343 1838 2401 ἐπ’
1887 2344 1987 2419 ἐμέ

341 2432 596 2489 ὑποκάτω
627 2456 752 2508 μου.
791 2457 819 2489 ιι
848 2467 918 2479 -
948 2433 1298 2509 Ἐμποδίσας,
1329 2430 1644 2498 κατέλαϐες.

412 2546 443 2575 (ι
475 2523 576 2578 Καὶ
633 2523 762 2587 τοὺς
812 2524 1044 2601 ἐχθρούς
1098 2546 1205 2599 μου
1245 2522 1450 2588 ἔδωκάς
1504 2543 1599 2598 μοι
1629 2527 1821 2581 νῶτον.
1856 2546 1886 2575 η
1916 2554 1986 2566 --

342 2609 566 2682 Δηλαδὴ
618 2613 965 2683 νωτίζοντας,
1014 2613 1046 2669 δ
1086 2614 1199 2670 ἐστι
1251 2614 1547 2694 φεύγοντας
1575 2658 1589 2672 .
1638 2612 1692 2669 οἶ
1721 2613 1827 2689 γὰρ
1855 2610 1984 2691 φεύ-

341 2721 528 2777 γοντες
580 2702 648 2756 τά
690 2707 835 2757 νῶτα
877 2702 1216 2783 στρέφοντες,
1268 2708 1415 2758 νῶτα
1474 2699 1541 2772 δὴ
1590 2699 1879 2779 λέγονται.
1945 2699 1983 2770 ἢ

344 2787 518 2846 λείπει
568 2791 633 2846 τὸ
675 2793 1025 2867 γενομένους,
1067 2791 1142 2847 ’ἶν’
1179 2793 1239 2865 ἦ,
1269 2797 1440 2848 νῶτον
1468 2790 1794 2868 γενομένους
1824 2788 1875 2845 ἐν
1903 2789 1986 2862 τῷ

346 2886 799 2959 μεταστραφῆναι·
830 2878 869 2950 ἤ
900 2880 1154 2938 λείπειτὸ
1181 2881 1259 2945 εἰς
1275 2878 1352 2937 ἵν’
1376 2881 1436 2951 ἦ.
1460 2879 1538 2943 είς
1564 2883 1737 2936 νῶτον
1769 2873 1987 2935 εἰσϐαλ-

340 2964 455 3022 λειν
488 2967 810 3045 ἀφυλάκτως
837 2970 1055 3034 αὐτούς.

415 3080 445 3110 ι‹
471 3056 572 3115 Καὶ
617 3058 746 3122 τοὺς
794 3060 1085 3133 μισοῦντάς
1137 3080 1206 3134 με
1248 3058 1669 3133 ἐξωλόθρευσας.
1731 3080 1761 3111 ››
1792 3089 1861 3101 -
1892 3058 1987 3113 Ἐκ

339 3151 444 3223 γῆς
471 3147 753 3211 παντελῶς
783 3148 1041 3226 ἐθέρισας.

2087 1994 2197 2046 τῶν
2252 1984 2456 2067 τρίϐων
2514 1988 2712 2048 αὐτῶν.
2783 2013 2816 2041 η
2870 2021 2943 2033 --
2998 1990 3403 2062 Ἠτιμώθησαν,
3466 1989 3753 2065 ἄχρηστοι

2089 2078 2341 2156 γεγόνασι
2372 2077 2529 2150 δίκην
2558 2083 2759 2135 σκευῶν
2798 2077 3269 2152 πεπαλαιωμένων
3299 2075 3390 2132 διὰ
3414 2084 3518 2147 τῆς
3565 2099 3753 2145 πονη-

2093 2167 2212 2243 ρίας
2271 2168 2473 2226 αὐτῶν.
2506 2166 2822 2245 Ἑχώλαναν
2880 2165 2959 2240 δὲ,
3018 2168 3264 2223 τουτέστι
3319 2168 3752 2243 παρετράπησαν

2091 2257 2199 2313 ἀπὸ
2225 2264 2327 2327 τῆς
2351 2255 2442 2313 διά
2467 2262 2577 2313 τῶν
2610 2254 2846 2313 ἐντολῶν
2878 2256 3185 2333 ὁρισθείσης
3217 2256 3400 2318 αὐτοῖς
3443 2254 3579 2311 ὁδοῦ
3602 2275 3619 2290 ·
3647 2261 3753 2311 τοῦ

2091 2346 2288 2423 χωλοῦ
2314 2347 2420 2423 γάρ
2443 2349 2480 2417 ἢ
2512 2346 2707 2423 πορεία
2733 2346 3215 2423 παρετετραμμένη
3254 2342 3343 2400 διὰ
3367 2346 3467 2414 τὴν
3508 2364 3756 2422 παρτρο-

2089 2437 2201 2506 πήν
2226 2440 2337 2491 τῶν
2364 2438 2431 2512 ἀρ
2439 2457 2540 2510 μον
2549 2440 2664 2493 ιῶν.

2162 2546 2196 2580 α
2227 2528 2309 2599 Σῇ
2356 2524 2573 2602 Κύριος.
2636 2548 2659 2576 ι
2712 2556 2783 2567 -
2821 2528 2994 2581 Τοῦτο
3040 2524 3168 2599 περὶ
3210 2524 3312 2592 τῆς
3344 2520 3689 2585 ἀναστάσεως
3717 2523 3747 2577 6

2093 2612 2257 2671 Δαυίδ
2287 2619 2669 2693 προαναφωνεῖ
2693 2618 2814 2675 τοῖς
2859 2607 3311 2686 ὑπολαμϐάνουσι
3359 2613 3608 2667 τεθνάναι
3653 2611 3744 2666 τὸν

2093 2704 2343 2780 Χριστὸν,
2377 2701 2657 2766 Ἰουδαίοις
2693 2703 2837 2779 βοῶν
2865 2700 2951 2757 ὅτι
2983 2705 3070 2775 ζῇ*
3104 2700 3296 2771 ἀνέστη
3327 2701 3456 2777 γὰρ.

2165 2816 2196 2845 ‹‹
2228 2792 2335 2848 Καὶ
2365 2790 2670 2868 εὐλογητὸς
2712 2794 2742 2848 6
2788 2790 2942 2854 Θεός.
2999 2814 3022 2844 ι
3071 2823 3141 2835 -
3170 2791 3355 2863 ’Δξιος
3399 2790 3506 2865 γάρ
3532 2788 3629 2844 καὶ
3659 2788 3738 2844 εὖ-

2093 2878 2397 2957 λογεῖσθαι,
2430 2880 2565 2959 εὐφη
2574 2881 2808 2955 μεῖσθαι.

2165 2994 2196 3023 ι(
2229 2967 2327 3025 Καὶ
2386 2970 2662 3045 ὑψωθήτω
2707 2970 2737 3024 6
2783 2968 2918 3033 Θεὸς
2962 2975 3063 3039 τῆς
3124 2966 3399 3041 σωτηρίας
3449 2988 3582 3041 μου.
3620 2992 3642 3018 ι
3669 2997 3730 3010 —-

2091 3055 2433 3115 Ἐπισπεύδει
2484 3057 2644 3114 αὐτὸν
2693 3057 2772 3121 είς
2821 3059 2922 3127 τήν
2964 3055 3236 3131 ἀνάληψιν
3278 3056 3428 3119 ὅπως
3485 3056 3728 3122 ἀπελθὼν

2091 3146 2281 3223 πέμψῃ
2320 3148 2411 3203 τὸν
2458 3147 2814 3223 Παράκλητον
2866 3152 2986 3210 τοῖς
3038 3141 3391 3216 ἀποστόλοις,
3437 3145 3735 3219 μέλλουσιν

415 3257 445 3342 ξι
469 3235 806 3347 Ἐκέκραξαν,
864 3238 955 3294 καὶ
1009 3238 1111 3294 οὐκ
1154 3238 1222 3308 ἦν
1273 3238 1303 3293 6
1341 3237 1553 3310 σώζων,
1600 3236 1737 3311 πρὸς
1766 3235 1983 3347 Κύριον,
2013 3279 2059 3347 c
2094 3233 2301 3293 ὁδεύειν
2348 3236 2438 3293 ἐπὶ
2481 3236 2547 3293 τὸ
2593 3238 2869 3347 κήρυγμα.
2919 3234 3098 3293 ’Δλλά
3125 3235 3294 3343 πάλαι
3331 3235 3425 3309 μὶν
3457 3235 3527 3305 ἧν
3557 3235 3589 3289 6
3619 3235 3742 3297 Υἱὸς

342 3323 433 3379 καὶ
490 3324 591 3380 οὐκ
645 3325 921 3397 εἰσήκουεν
970 3326 1168 3384 αὐτῶν.
1220 3351 1250 3379 ››

343 3410 590 3489 ἐπήγαγε
637 3414 729 3471 καὶ
775 3416 913 3490 πρὸς
956 3416 1078 3471 τίνα
1109 3434 1123 3448 ’
1172 3415 1263 3473 καὶ
1306 3415 1409 3493 γὰρ
1457 3412 1549 3470 διὰ
1572 3416 1691 3488 τὰς,
1721 3414 1986 3492 ἁμαρτίας

344 3500 523 3558 αὐτῶν
555 3502 657 3559 οὐκ
686 3503 1137 3575 εἶσηκούσθησαν.

415 3614 438 3643 ι
472 3591 572 3646 Καὶ
600 3590 872 3660 ίλεπτυνῶ
928 3591 1124 3656 αὐτοὺς
1163 3592 1293 3648 ὡσεὶ
1335 3592 1471 3669 χοῦν
1521 3592 1658 3647 κατᾶ
1695 3589 1985 3668 πρόσωπον

339 3677 563 3752 ἀνέμου.
597 3704 619 3731 ι
653 3712 724 3724 --
751 3681 1025 3758 ’Δφανίσω
1055 3680 1252 3745 αὐτοὺς
1282 3680 1410 3736 ὡσεὶ
1431 3685 1569 3758 χοῦν
1591 3678 1984 3754 Λεπτυνόμενον

344 3766 577 3823 ἐνώπιον
603 3767 808 3841 ἀνέμου
831 3788 844 3802 ’
877 3768 967 3824 καὶ
996 3770 1097 3845 γὰρ
1128 3770 1157 3824 ὁ
1186 3770 1383 3843 ἄνεμος
1415 3768 1498 3824 ἐπ’
1529 3768 1738 3833 εὐθείας
1785 3767 1988 3843 ἐμπιπ-

344 3874 453 3912 των
503 3856 783 3930 ἀποκρίνει
828 3864 931 3928 τῆς
978 3864 1081 3933 γῆς
1125 3858 1217 3914 τὸν
1266 3862 1403 3935 χοῦν
1453 3858 1530 3921 ὡς
1560 3855 1872 3929 λεπτότητα
1897 3857 1989 3913 καὶ

344 3944 677 4023 κουφότητα.

420 4056 451 4086 ι(
476 4034 565 4096 Ὠς
611 4032 785 4101 πηλὸν
834 4032 1106 4092 πλάτειῶν
1152 4033 1328 4091 λεανῶ
1373 4035 1591 4100 αὐτοὺς.
1622 4058 1653 4089 ››
1684 4068 1752 4080 -
1778 4040 1988 4106 Λεανῶ,

342 4122 588 4178 τουτέστι
636 4126 1000 4196 καταπατήσω
1032 4146 1046 4160 ·
1102 4124 1193 4180 καὶ
1236 4126 1340 4201 γὰρ
1387 4123 1440 4180 ἐν
1509 4124 1733 4200 ἀγοραῖς
1803 4123 1990 4196 πηλὺς

347 4210 824 4287 καταπατούμενος
856 4211 1143 4271 λεαίνεται.
1176 4213 1309 4269 Ἀπὸ
1354 4217 1452 4269 τοῦ
1501 4213 1773 4287 ἑπομένου
1813 4211 1990 4269 τοίνυν

347 4296 597 4371 ἐδήλωσε
638 4302 705 4358 τὸ
748 4301 1191 4379 προηγούμενον.
1238 4301 1479 4359 Πλατεῖά
1529 4299 1588 4357 δέ
1616 4304 1653 4372 ἡ
1684 4299 1989 4380 λεωφόρος,

349 4386 464 4444 ἐπεὶ
510 4391 603 4445 καὶ
651 4390 929 4464 ἂμαξιτός.
983 4391 1221 4448 Πλατεῖα
1266 4388 1325 4447 δὲ
1369 4390 1507 4467 πρὸς
1553 4389 1833 4467 σύγκρισιν
1888 4390 1991 4460 τῆς

346 4482 591 4555 ατραποῦ
619 4479 957 4553 στενωτάτης
987 4478 1174 4552 οὔσης.

420 4590 449 4619 ‹‹
480 4567 662 4623 Ῥῦσαι
716 4589 784 4642 με
830 4568 882 4640 ἐξ
928 4567 1255 4637 ἀντιλογιῶν
1305 4567 1463 4626 λαοῦ.
1517 4590 1547 4619 ››

1297 3358 1368 3369 ---
1421 3325 1739 3402 Ἐκέκραξαν
1816 3324 1981 3380 εἰπὼν
2014 3321 2059 3347 υ
2096 3326 2227 3390 Θεὸς
2274 3324 2551 3395 πλάσεως,
2600 3328 2693 3380 νῦν
2734 3321 2794 3380 δέ
2838 3325 2970 3387 Θεὸς
3000 3323 3375 3398 ἀναπλάσεῶς,
3405 3325 3531 3394 ἢτοι
3560 3344 3745 3393 σωτη-

2095 3414 2238 3492 ρίας.
2285 3416 2393 3484 Τὴν
2439 3412 2499 3470 δὲ
2543 3412 2882 3488 ἀντωνυμίαν
2931 3412 3176 3488 προσέθη
3231 3414 3325 3487 μὲν
3374 3411 3747 3485 κοινωνούμε-

2092 3524 2186 3567 νος
2242 3504 2416 3577 έαυτῷ
2466 3504 2536 3559 τά
2582 3501 2845 3579 ἡμέτερα.
2903 3499 3014 3558 ἔστι
3083 3500 3143 3557 δέ
3196 3502 3288 3557 καὶ
3344 3500 3556 3574 ἄλλως,
3615 3503 3755 3556 κατά

2091 3594 2193 3663 τὴν
2249 3596 2347 3648 τοῦ
2402 3589 2566 3648 Δαυῖδ
2622 3591 2891 3664 ὑπόθεσιν,
2938 3591 3108 3647 εἰπεῖν
3158 3589 3242 3645 ὅτι
3290 3589 3511 3667 Κύριος,
3559 3588 3757 3645 τουτέ-

2095 3700 2211 3737 στιν
2256 3678 2432 3744 ἀίδιός
2462 3681 2593 3752 ἐστι,
2642 3683 2782 3754 μήτε
2812 3681 2991 3757 ἀρχὴν
3038 3681 3178 3753 μήτε
3205 3680 3371 3755 πέρας
3399 3677 3569 3755 ἔχων,
3603 3676 3758 3733 ἀλλά

2095 3766 2170 3825 ὣν
2246 3768 2347 3825 ἀεί·
2424 3767 2797 3844 παραμίγνυσι
2859 3768 2964 3843 γὰρ
3026 3764 3172 3821 ἔστιν
3234 3765 3298 3821 οὗ
3351 3765 3443 3821 καὶ
3502 3763 3758 3838 δόγματα

2093 3862 2214 3921 τοῖς
2272 3856 2465 3934 λογοις
2514 3858 2543 3914 6
2595 3856 2887 3935 προφήτης
2925 3852 3016 3911 διὰ
3041 3856 3141 3924 τὴν
3167 3859 3274 3909 τῶν
3305 3854 3750 3930 ἐντυγχανόντων

2096 3944 2387 4025 ὠφέλειαν.
2441 3944 2759 4022 Εὐλογητὸς
2811 3942 2870 4000 δὲ
2906 3944 2936 3999 6
2965 3945 3097 4007 Θεὸς
3128 3941 3197 3998 δι’
3226 3944 3260 3998 ἃ
3287 3942 3512 4013 ἐποίησε
3540 3941 3750 4017 θαυμά-

2099 4057 2209 4093 σια.
2242 4036 2541 4110 Ὑψωθήτω
2572 4033 2631 4090 δέ
2658 4034 2777 4089 ἀντὶ
2806 4038 2904 4089 τοῦ
2935 4034 3099 4109 μέγας
3130 4031 3446 4108 λογισθήτω
3476 4034 3639 4105 ἡμῖν,

2168 4165 2200 4195 ι(
2231 4142 2293 4200 Ὀ
2346 4142 2475 4204 Θεὸς
2534 4143 2563 4197 6
2608 4137 2789 4203 διδοὺς
2836 4138 3107 4211 ἐκδικήσει
3158 4138 3282 4212 ἐμοὶ
3328 4138 3418 4193 καὶ
3481 4137 3746 4208 ὑποτάξας

2099 4227 2265 4285 λαοὺς
2316 4229 2405 4284 ὑπ’
2453 4228 2569 4303 ἐμέ.
2630 4252 2659 4282 ››
2707 4261 2777 4271 -
2823 4226 3163 4298 Ἐκδικήσεις
3207 4226 3344 4280 κατά
3368 4230 3477 4280 τῶν
3508 4225 3738 4301 ἐχθρῶν·

2094 4317 2385 4391 Ὑποτάεας
2442 4315 2510 4373 δά
2547 4316 2678 4379 τοὺς
2725 4316 2816 4372 διά
2856 4317 2948 4371 τὸν
2995 4313 3177 4371 Σαοὺλ
3218 4312 3596 4387 πολεμοῦντάς
3648 4332 3741 4387 μοι

2100 4403 2441 4469 Ἰουδαίους’
2499 4403 2554 4461 οἳ
2606 4406 2699 4461 καὶ
2749 4403 2967 4467 ἄκοντες
3024 4407 3139 4473 νῦν,
3193 4403 3271 4465 ὡς
3322 4401 3541 4479 βασιλεῖ
3625 4422 3741 4477 μοι,

2100 4495 2401 4569 ὁπέκυψάν.
2448 4494 2573 4551 Ἐπὶ
2625 4492 2684 4549 δὲ
2720 4498 2819 4550 τοῦ
2868 4496 3102 4568 Χριστοῦ
3157 4493 3376 4563 νοήσεις
3442 4488 3745 4561 ἐκδικήσεις

1593 4598 1665 4610 -
1689 4565 1989 4659 ’ᾼνώτερόν
2019 4645 2058 4659 _
2096 4583 2235 4639 κατὰ
2260 4565 2368 4639 τῶν
2418 4578 2686 4659 Ἐϐραίων
2736 4582 2787 4656 ἐξ
2839 4565 3237 4658 λοθρευθέντων
3299 4580 3403 4635 ὑπὸ
3436 4579 3745 4653 Ῥωμαίων,

345 4677 415 4748 gis
460 4659 697 4748 ποιήσῃς
736 4664 865 4748 ,τῆς-
895 4656 1207 4748 ἀντιλογίας
1253 4659 1352 4748 τῷ
1392 4655 1844 4748 ὑποτεταγμένοι»
1892 4676 1989 4748 {‘9‘
2018 4645 2065 4712 Β
2097 4671 2377 4748 ὑποταγὴν
2409 4667 2469 4727 δὲ
2496 4645 2646 4727 λαῶν
2676 4645 2997 4741 τὴν-τῶννέξ
3027 4668 3219 4729 ἐθνῶν.

346 4744 484 4802 λαοῦ
510 4744 808 4822 τρέμοντας
835 4746 913 4809 ὡς
945 4744 1190 4822 βασιλέα,
1221 4745 1312 4800 καὶ
1338 4745 1415 4820 μὴ
1434 4743 1757 4819 τολμῶντος
1778 4741 1989 4799 ἀντιλέ-

341 4854 454 4912 γειν
484 4838 603 4897 τοῖς
634 4833 789 4909 ἐμοῖς
814 4832 1239 4912 προστάγμασιν.

417 4965 447 4994 ‹‹
496 4943 859 5012 Καταστήσεις
914 4961 980 5014 με
1042 4939 1119 5003 εἷς
1160 4935 1404 5017 κεφαλὴν
1447 4936 1636 5003 έθνων.
1703 4961 1733 4991 ››
1789 4971 1860 4983 --
1914 4937 1989 4994 Οὐ

350 5028 516 5104 μύνον
565 5034 737 5084 πᾶσαν
780 5026 1093 5104 ἀντιλογίαν
1136 5032 1243 5083 τῶν
1294 5026 1552 5098 ὑπηκόων
1592 5027 1688 5101 μοί
1715 5026 1988 5104 περιελεῖς

340 5114 645 5189 Ἰουδαίων,
694 5115 958 5189 ἀλλάξκαὶ
1009 5112 1135 5188 ἔθνη
1191 5115 1469 5189 ὑποτάξεις
1513 5136 1630 5189 μοι.
1678 5112 1990 5190 ’Δρμοδιώ-

346 5226 503 5283 τερον
560 5202 619 5260 δέ
674 5205 813 5282 πρὸς
889 5206 1117 5283 Χριστὸν
1185 5205 1396 5280 ἀνάγειν
1463 5203 1697 5269 ἐντεῦθεν
1761 5203 1994 5281 λέγοντα

350 5295 487 5371 πρὸς
542 5292 634 5349 τόν
673 5294 884 5369 Πατέρα
928 5295 1064 5350 κατά
1114 5294 1176 5349 τὸ
1233 5293 1595 5367 ἀνθρώπινον,
1663 5291 1749 5349 ὅτι
1818 5300 1992 5350 Κατα-

347 5385 567 5454 στήσεις
623 5385 717 5455 μεξ
738 5381 815 5445 εἷς
871 5382 1113 5458 κεφαλὴν
1164 5381 1350 5455 ἐθνῶν,
1395 5382 1532 5438 κατά
1574 5382 1659 5452 τὸ,
1729 5406 1759 5437 (ι
1824 5383 1993 5438 Δώσω

347 5494 433 5530 σοι
491 5468 617 5543 ἔθνη
674 5471 774 5539 τήν
831 5469 1204 5548 κληρονομίαν
1263 5491 1359 5526 σου
1392 5490 1405 5503 ·
1465 5494 1495 5524 ››
1554 5474 1654 5526 τοῦ
1708 5470 1810 5547 γὰρ
1864 5470 1992 5544 πρὶν

348 5562 553 5620 οἰκείου
597 5560 735 5617 λαοῦ
787 5562 862 5635 μὴ
915 5558 1203 5634 δεξαμένου
1249 5558 1431 5632 αὐτὸν,
1500 5559 1632 5615 ἀλλ’
1675 5560 1993 5624 ἀπιθοῦντος

339 5654 431 5711 καὶ
474 5651 849 5729 ἀντιλέγοντος
898 5649 989 5707 καὶ
1030 5647 1191 5712 τέλος
1238 5647 1523 5712 ἀνελόντος
1570 5648 1661 5705 τὸν
1694 5649 1991 5724 Δεσπότην,

340 5741 573 5823 ἐρῥασθη
626 5743 722 5819 μὶν
772 5739 971 5815 αὐτῶν,
1020 5735 1381 5816 περιστρέψας
1436 5737 1622 5802 αὐτοῖς
1688 5739 1779 5795 τὸν
1830 5738 1993 5797 θάνα-

2167 4783 2198 4813 «
2227 4763 2282 4815 Ὀ
2340 4759 2544 4837 ῥύστης
2600 4773 2710 4833 μου
2768 4759 2821 4832 ἐξ
2879 4757 3089 4834 ἐχθρῶν
3152 4777 3256 4832 μου
3312 4754 3569 4833 ὀργίλων.
3619 4780 3652 4808 ››
3682 4788 3747 4800 --

2094 4847 2432 4926 Εὐχαριστία
2475 4851 2645 4903 ταῦτα
2685 4846 2824 4923 πρὸς
2869 4847 2962 4903 τὸν
3013 4846 3165 4917 Θεὸν,
3213 4843 3388 4901 πάντα
3432 4844 3512 4908 είς
3542 4843 3746 4909 εὐθεῖαν

2100 4937 2197 5011 μὲν
2279 4934 2878 5013 μπασχηματισθέντα,
2970 4932 3278 5005 κλητοικὴν
3382 4931 3443 4989 δὲ
3525 4931 3747 5009 δύναμιν

2097 5022 2300 5103 ἔχοντα
2329 5044 2346 5060 θ
2397 5024 2629 5102 ἐχθροὺς
2680 5022 2740 5080 δέ
2789 5021 3048 5102 ὀργίλους
3094 5021 3244 5099 λέγει
3289 5020 3419 5085 τοὺς
3473 5024 3615 5102 ἀμφὶ
3658 5024 3749 5079 τὸν

2100 5112 2309 5186 Σαοὺλ,
2369 5112 2646 5189 μηδέποτε
2682 5115 2783 5184 τὴν
2836 5112 3007 5190 ὀργὴν
3039 5110 3484 5175 ἀπολελοιπότας
3512 5108 3618 5175 ἕως
3656 5131 3751 5167 πε-

2101 5210 2315 5280 ριῆσαν,
2346 5202 2384 5273 ἢ
2413 5200 2541 5266 νοὺς
2574 5199 2861 5276 δαίμονας.

2172 5316 2202 5346 (ι
2230 5292 2360 5350 Ἃπὸ
2387 5295 2495 5347 τῶν
2528 5290 2964 5364 ἐπανισταμένων
2998 5289 3081 5345 ἐπ’
3112 5288 3210 5363 ἐμὲ
3235 5288 3471 5364 ὑψώσεις
3504 5309 3593 5364 με.
3625 5312 3657 5343 ››
3686 5322 3756 5334 ~—

2098 5383 2171 5437 ’Δ
2197 5380 2289 5437 καὶ
2317 5374 2614 5457 προλαϐών
2648 5379 2785 5450 εἶπε,
2816 5383 2987 5434 ταῦτα
3014 5376 3179 5434 πάλιν
3212 5379 3363 5456 φησὶ,
3398 5379 3611 5456 χαίρων
3633 5377 3757 5436 ἐπα-

2100 5468 2385 5528 νακυκλεῖν
2413 5468 2567 5543 αὐτὰ,
2601 5474 2776 5545 χαρᾶς
2809 5466 2939 5523 ὅντα
2965 5466 3219 5545 πρόξενα.

2173 5560 2225 5613 «³
2253 5560 2372 5615 Δπὸ
2400 5555 2598 5636 ἀνδρὸς
2641 5555 2833 5613 ἀδίκου
2883 5557 3038 5633 ῥῦσαί
3090 5576 3175 5630 με.
3211 5579 3242 5608 »ι
3286 5588 3358 5598 --
3382 5554 3598 5619 Οῗτινες
3627 5556 3754 5613 ἐπα-

2101 5648 2458 5721 ναστήσονται
2510 5667 2627 5721 μοι,
2675 5648 2813 5703 κατὰ
2857 5645 2985 5709 τοὺς
3035 5644 3428 5721 θεραπεύοντας
3495 5647 3591 5702 τὸν
3652 5652 3757 5702 Σα-

2103 5736 2207 5803 οὐλ
2256 5737 2532 5818 ἀνώτορον
2577 5736 2735 5811 θήσει
2781 5755 2851 5813 με
2894 5733 3095 5812 αὐτῶν,
3140 5732 3231 5790 καὶ
3308 5730 3364 5789 εἴ
3434 5754 3524 5800 τις
3608 5731 3754 5793 ἔσται
