3988 6422
218 446 376 509 1-509
1437 444 1851 511 EXPOSITIO
1895 447 1974 509 IN
2019 444 2409 513 PSALMOS.
3468 452 3626 516 mo

225 599 321 653 μοι
351 579 490 634 κατά
516 578 609 634 τὸν
637 575 823 633 Σαοὺλ
856 575 1040 641 ἄδικος
1071 573 1442 635 ἐπιϐουλεύων
1484 576 1566 651 τῷ
1616 578 1868 651 σώζοντι,
1896 577 2118 655 Αγίαςο
2174 577 2375 651 ταύτην
2422 581 2524 657 γὰρ
2574 581 2826 656 ὠνόμασε
2872 582 2961 637 καὶ
3029 578 3182 654 δόξαν
3249 582 3339 637 καὶ
3409 582 3627 655 ποίησιν

226 666 384 746 ῥῦσαί
418 689 486 741 με
513 667 605 722 καὶ
635 667 851 723 τούτου.
1974 671 2199 744 χειρῶν.

296 781 327 810 ‹‹
360 758 458 812 Διά
483 761 647 812 τοῦτο
678 754 1162 832 ἐξομολογήσομαί
1193 778 1277 812 σοι
1317 757 1370 813 ἐν
1400 754 1588 834 ἔθνεσι,
1621 760 1803 838 Κύριε.
1838 782 1868 812 ››
2052 778 2082 807 ‹‹
2112 755 2316 831 Ἡμέρα
2385 760 2453 825 τῇ
2529 758 2714 834 ἡμέρᾳ
2787 756 3060 834 ἐρεύγεται
3136 758 3306 836 ῥῆμα.
3359 783 3389 813 »

225 877 298 889 --
353 844 501 901 Διότι
556 848 804 907 τοιοῦτος
859 845 906 899 εἶ
970 845 1083 900 οἷον
1148 845 1279 919 ἐμὸς
1351 846 1616 923 ἐξύμνησε
1677 848 1869 924 λόγος,
1980 843 2282 916 αὐτόματος
2325 846 2354 899 6
2401 845 2607 919 κόσμος
2682 845 2920 923 ἐφέρετο,
2970 846 3068 902 οὐκ
3111 847 3170 902 ἂν
3225 847 3450 925 ἐτήρουν
3496 851 3626 915 τοὺς

226 933 609 1009 εὐχαριστήσω
642 953 728 987 σοι
757 932 808 987 ἐν
836 939 966 988 πᾶσι
994 938 1112 996 τοῖς
1139 933 1329 993 ἔθνεσι.
1364 937 1468 993 Καὶ
1501 938 1680 1010 μέντοι
1708 942 1870 993 τοῦτο
1979 932 2214 996 οἰκείους
2263 932 2425 1010 ὅρους
2473 934 2528 989 αἱ
2572 933 2774 1011 ἡμέραι
2822 934 2912 989 καὶ
2963 935 3016 989 αἱ
3066 935 3270 998 νύκτες.
3302 941 3408 992 Νῦν
3442 936 3499 993 δὲ
3527 960 3619 994 το-

227 1021 498 1092 πεποίηκε
523 1020 612 1077 διὰ
636 1028 737 1091 τῆς
770 1017 969 1098 βίϐλου
987 1027 1095 1078 τῶν
1128 1022 1343 1080 οἷ’κείων
1373 1024 1609 1100 ψαλμῶν
1642 1025 1693 1081 ἐν
1715 1032 1874 1082 πᾶσιν
1980 1025 2171 1077 σοῦτον
2226 1025 2541 1096 προνοητής
2598 1022 2709 1078 ἐστι
2781 1028 2880 1078 τοῦ
2953 1025 3150 1087 παντὸς
3225 1026 3299 1088 ὡς
3360 1027 3465 1082 ὑπὸ
3521 1035 3621 1098 τῆς

227 1107 429 1167 ἔθνεσιν
458 1111 951 1182 ἀναπτυσσομένου.
1982 1106 2111 1187 ἄγαν
2169 1108 2410 1182 εὐταξίας
2470 1109 2646 1167 δοκεῖν
2701 1114 2802 1182 τήν
2846 1113 3073 1186 πρώτην
3126 1115 3335 1188 ἡμέραν
3394 1114 3477 1170 ἀεὶ
3525 1118 3627 1186 τὴν

301 1224 331 1253 «
361 1198 461 1254 Καὶ
488 1203 568 1271 τῷ
601 1197 832 1273 ὀνόματί
860 1220 957 1255 σου
986 1199 1169 1276 ψαλῶ.
1205 1224 1228 1254 ι
1263 1235 1332 1244 -
1361 1200 1584 1276 Δηλαδή
1617 1224 1701 1260 σοι
1740 1202 1878 1259 κατά
1983 1198 2109 1270 ἑξῆς
2158 1195 2426 1255 διδάσκειν
2475 1199 2598 1274 περὶ
2643 1204 2740 1255 τοῦ
2788 1199 2917 1275 ὅρου
2971 1209 3074 1272 τῆς
3139 1202 3629 1279 ἀποκληρωθείσης

226 1289 310 1358 τὸ,
345 1309 376 1340 (ι
404 1284 582 1343 Ψαλῶ
607 1306 691 1342 σοι
722 1287 776 1341 ἐν
802 1288 1017 1365 κιθάρᾳ.
1047 1312 1077 1342 ››
1984 1287 2174 1351 αὐταῖς
2229 1289 2450 1362 τάξεως·
2507 1288 2708 1364 τρόπον
2777 1290 2881 1367 γάρ
2945 1311 3065 1346 τινα
3127 1291 3398 1368 ἐρεύγεται
3467 1293 3634 1369 αὐτῇ,

305 1397 328 1427 ι
360 1374 695 1450 Μεγαλύνων
726 1376 823 1440 τὰς
856 1376 1138 1455 σωτηρόας
1167 1382 1265 1434 τοῦ
1319 1379 1607 1456 βασιλέως,
1638 1405 1668 1436 ››
1699 1413 1769 1425 -
1798 1381 1879 1440 Τὸ
1984 1376 2250 1434 τουτέστι.
2298 1376 2490 1451 μηνύει
2540 1376 2710 1455 ῥῆμα,
2757 1376 2884 1447 ἤτοι
2927 1380 2990 1435 τὸ
3048 1380 3173 1456 περὶ
3226 1382 3422 1436 τούτου
3468 1381 3635 1457 πρόσ-

227 1463 394 1541 Κύριε
421 1466 927 1540 προσυπακουστέον
959 1465 1282 1540 ἐνταῦθα,⁹ίν⁹
1308 1469 1366 1541 ᾗ,
1379 1469 1568 1547 Κύριε,
1587 1470 1616 1527 6
1640 1468 1879 1548 μεγάλας
1986 1486 2169 1543 ταγμα
2192 1469 2292 1521 τοῦ
2321 1471 2477 1524 Θεοῦ.

237 1557 413 1610 ποιῶν
439 1555 534 1616 τὰς
560 1555 832 1630 σωτηρίας
866 1576 971 1629 μου
998 1560 1097 1611 τοῦ
1129 1555 1416 1632 βασιλέως.
2066 1577 2090 1608 ι
2123 1555 2224 1610 Καὶ
2251 1553 2340 1626 νὺξ
2368 1552 2519 1610 νυκτὶ
2561 1553 2890 1632 ἀναγγέλλει
2945 1560 3163 1633 γνῶσιν.
3194 1580 3224 1610 »
3258 1590 3327 1601 --
3351 1563 3519 1614 Τοῦτο
3577 1556 3637 1615 δὲ

305 1665 335 1695 (ι
363 1641 464 1698 Καὶ
517 1647 692 1697 ποιῶν
750 1641 906 1706 ἔλεος
957 1648 1036 1716 τῷ
1092 1644 1307 1720 χριστῷ
1364 1645 1549 1705 αὐτοῦ.
1583 1671 1615 1701 ››
1669 1680 1739 1691 -
1793 1646 1883 1721 Τῷ
1987 1642 2080 1699 καὶ
2110 1641 2197 1698 ἐπὶ
2225 1646 2332 1699 τῶν
2363 1647 2568 1699 νυκτῶν
2606 1641 2753 1699 ἔσται
2799 1641 2957 1701 ἲδεῖν.
3003 1648 3209 1700 Γνῶσιν
3258 1643 3316 1701 δὲ
3361 1643 3486 1716 ἤτοι
3533 1647 3634 1716 τὴν

232 1731 503 1809 χρισθέντι
535 1731 640 1787 ὑπὸ
672 1738 919 1806 σεαυτοῦ,
952 1730 1166 1804 δηλαδὴ
1196 1734 1482 1811 προστάξει
1515 1757 1619 1792 σοι.
1991 1728 2339 1787 διδασκαλίαν
2370 1732 2495 1808 περὶ
2522 1736 2620 1787 τοῖ’)
2641 1730 2776 1808 ὅρου
2796 1739 2895 1802 τῆς
2924 1732 3122 1806 τάξεως
3145 1733 3223 1796 ὡς
3247 1734 3323 1807 μὴ
3355 1732 3634 1807 ἀλλήλαις

310 1841 339 1871 κ
364 1824 451 1893 Τῷ
500 1818 664 1875 Δαυῒδ
732 1821 822 1877 καὶ
876 1825 957 1894 τῷ
1015 1820 1283 1897 σπέρματι
1345 1824 1512 1879 αὐτοῦ
1574 1822 1679 1888 ἕως
1749 1823 1880 1881 αἶ’ῶ-
1992 1818 2368 1894 λυμαίνεσθαι,
2391 1818 2537 1875 ἀλλά
2563 1820 2653 1876 καὶ
2681 1821 2826 1891 τάξει
2845 1820 2953 1876 τινὶ
2979 1826 3140 1877 τοῦτο
3174 1822 3270 1897 μὲν
3299 1824 3393 1886 τὰς
3422 1823 3634 1902 ἡμέρας

3439 761 3627 818 -Εἰ

233 1929 348 1972 νος.
383 1932 414 1961 ››
442 1941 516 1953 -
558 1909 741 1965 Εἰπὼν
797 1908 1023 1985 βασιλέα
1071 1910 1185 1965 εἶτα
1229 1912 1453 1988 χριστὸν
1505 1913 1749 1991 ἐπήγαγε
1793 1914 1884 1970 καὶ

233 1998 296 2052 τὸ
359 1992 555 2071 ὄνομα.
621 1998 699 2055 Τὸ
768 1998 861 2073 μὲν
921 1995 1013 2053 οῦν
1072 1998 1249 2054 θεόθεν
1308 1998 1572 2067 ἐλεεῖσθαι
1639 2023 1880 2080 προσαρ-

238 2086 394 2162 μόσει
450 2091 569 2150 τὸῖς
619 2086 679 2142 ἐκ
721 2087 908 2164 γένους
954 2091 1053 2143 τοῦ
1099 2085 1264 2143 Δαυῒδ
1317 2088 1695 2165 βασιλεύσασιν
1744 2092 1882 2149 Ἰου-

237 2174 440 2237 δαίους
490 2175 553 2230 τὸ
598 2172 645 2229 δ’
689 2173 794 2238 ἓως
844 2175 1044 2239 αἰῶνος
1093 2176 1356 2233 ἀνοίκειόν
1405 2178 1536 2234 ἐστι·
1586 2181 1722 2253 μετὰ
1776 2180 1881 2258 γὰρ

231 2265 333 2332 τὴν
364 2263 416 2335 ἐξ
446 2263 833 2339 αἷχμολωσίας
864 2263 1128 2321 ἐπάνοδον
1181 2262 1347 2340 μόνος
1396 2264 1706 2346 Ζοροϐάϐελ
1753 2273 1881 2347 ἠγε-

240 2352 524 2426 μονεύσας,
565 2352 628 2407 οὐ
692 2351 1058 2411 καταλέλοιπε
1102 2353 1485 2432 κληρονόμους
1530 2365 1633 2430 τῆς
1674 2361 1882 2436 ἡγεμο-

233 2441 374 2505 νίας.
424 2441 679 2497 Λείπεται
723 2443 903 2498 τοίνυν
969 2444 1060 2498 τὸν
1110 2445 1319 2516 Ἰησοῦν
1369 2447 1600 2524 Χριστὸν
1668 2448 1885 2524 σπέρμα

233 2534 331 2585 τοῦ
378 2529 542 2586 Δαυῒδ
589 2530 815 2595 ἐνταῦθα
858 2529 1127 2608 λέγεσθαι,
1162 2530 1252 2589 διὰ
1294 2535 1358 2590 τὸ
1417 2535 1478 2591 ἐκ
1541 2534 1706 2592 Δαυῒδ
1752 2558 1881 2593 κατ-

237 2620 452 2696 άγεσθαι
504 2621 605 2689 τήν
669 2619 834 2675 αὐτοῦ
887 2620 1115 2697 μητέρα,
1166 2623 1228 2677 οῦ
1294 2630 1396 2694 τῆς
1453 2625 1731 2700 βασιλείας
1787 2626 1887 2682 οὐκ

241 2704 388 2763 ἔσται
415 2707 595 2771 τέλος.
628 2708 721 2764 Διὸ
751 2709 841 2765 καὶ
868 2710 897 2763 6
927 2709 1331 2787 Εὐαγγελιστής
1374 2709 1576 2788 εἷ’ρηκε·
1612 2738 1642 2767 ι(
1682 2709 1883 2778 Βίϐλος

236 2797 494 2875 γενέσεως
552 2801 732 2869 Ἰησοῦ
794 2805 1031 2877 Χριστοῦ
1092 2801 1213 2857 υἱοῦ
1296 2800 1480 2857 Δαυῒδ·
1531 2829 1555 2855 ι
1605 2807 1777 2859 ποιῶν
1829 2802 1887 2860 δὲ

240 2886 388 2960 αὐτῷ
407 2886 560 2952 ἔλεος
593 2889 621 2943 6
650 2888 827 2965 Λόγος
854 2888 945 2944 καὶ
976 2889 1105 2952 Θεὸς
1146 2890 1220 2953 ὡς
1262 2891 1546 2967 ἡνωμένος
1594 2891 1742 2965 αὐτῷ
1794 2892 1885 2948 καὶ

242 2978 522 3041 τεθεωκώς
535 3019 548 3038 .

848 3144 1142 3196 ΨΔΛΜΟΣ
1181 3141 1265 3198 Η’.

1990 1907 2358 1981 πλεονεκτεῖν,
2389 1913 2555 1964 τοῦτο
2587 1907 2644 1964 δὲ
2667 1910 2762 1972 τὰς
2788 1909 3001 1981 νύκτας,
3029 1915 3190 1966 τοῦτο
3222 1909 3281 1967 δὲ
3331 1911 3636 1990 ἶ¹σομοιρεῖν

1989 1998 2080 2054 καὶ
2112 1995 2202 2053 διὰ
2246 1999 2460 2055 πάντων
2510 1998 2881 2075 εὐαρμοστεῖν.
2915 2000 2985 2054 Ἣ
3031 1998 3299 2077 ἐρεύγεται
3345 2000 3497 2078 ῥῆμα
3549 2002 3640 2059 καὶ

1990 2085 2313 2165 ἀναγγέλλει
2343 2091 2564 2163 γνῶσιν,
2596 2086 2686 2143 ὅτε
2715 2087 2826 2143 ἐστὶ
2865 2087 3090 2164 πρόνοια
3125 2093 3257 2145 Θεοῦ
3300 2089 3451 2161 τάξις
3497 2111 3640 2168 προ-

1990 2175 2136 2240 νοίας
2170 2173 2424 2232 διδάσκαλ
2438 2198 2520 2240 ος.

2066 2305 2095 2338 ιι
2121 2281 2369 2346 Ἄλλως.
2402 2316 2473 2327 —-
2513 2284 2720 2360 Ἡμέρα
2771 2285 2865 2358 μὲν
2912 2285 2941 2341 6
2989 2286 3200 2361 Πατὴρ,
3232 2287 3414 2362 ἡμέρα
3442 2283 3501 2341 δὲ
3545 2286 3637 2342 καὶ

1991 2373 2020 2428 6
2050 2372 2176 2435 Υἱὸς
2206 2369 2294 2427 διὰ
2314 2372 2414 2442 τήν
2443 2367 2638 2449 αἶ’γλην
2667 2379 2769 2443 τῆς
2800 2373 3077 2444 θεότητος.
3110 2372 3267 2450 Λέγει
3291 2373 3349 2430 δὲ
3386 2376 3414 2430 6
3447 2375 3635 2452 Πατὴρ

1987 2459 2070 2535 τῷ
2123 2461 2253 2534 Υἶῷ,
2309 2460 2401 2515 καὶ
2448 2461 2553 2537 γάρ
2611 2481 2791 2538 φησιν·
2847 2486 2876 2516 (ι
2924 2464 3065 2539 Ἐγὼ
3121 2462 3173 2534 ἐξ
3231 2463 3469 2537 ἐμαυτοῦ
3535 2464 3638 2520 οὐκ

1991 2547 2256 2622 ἐλάλησα,
2288 2547 2414 2606 ἀλλ’
2444 2551 2473 2605 6
2500 2550 2722 2624 πέμψας
2769 2573 2837 2624 με
2880 2553 3231 2627 11ατὴρ.......
3280 2574 3373 2627 μοι
3414 2552 3639 2623 ἐντολὴν

1994 2635 2195 2693 δέδωκε
2242 2637 2296 2691 τί
2345 2634 2481 2692 εἷ’πω
2530 2637 2619 2693 καὶ
2668 2637 2721 2692 τί
2773 2637 3022 2710 λαλήσω.
3074 2664 3103 2692 ››
3143 2639 3250 2711 Νὺξ
3299 2637 3357 2695 δὲ
3393 2640 3558 2697 πάλιν
3608 2641 3638 2697 6

1993 2725 2247 2802 Χριστὸς,
2277 2725 2414 2781 κατὰ
2441 2727 2541 2796 τήν
2576 2725 2971 2803 ἀνθρωπότητα
3017 2728 3155 2805 πρὸς
3205 2728 3484 2807 σύγκρισιν
3535 2737 3640 2801 τῆς

1996 2814 2271 2889 θεότητος,
2327 2814 2418 2870 καὶ
2473 2813 2765 2891 ἀναγγελεῖ
2826 2820 2896 2891 τῇ
2971 2817 3143 2890 νυκτὶ,
3200 2818 3442 2874 τουτέστι
3523 2824 3642 2883 τοῖς

1995 2903 2326 2978 ἀνθρώποις,
2358 2904 2680 2981 θεογνωσίαν
2692 2946 2706 2961 .

2067 3007 2314 3074 Ἄλλως.
2362 3042 2433 3053 --
2487 3011 2739 3088 Ἔγγισον
2804 3011 2884 3086 τῷ
2932 3009 3193 3088 Ἰορδάνῃ,
3242 3012 3333 3068 καὶ
3390 3013 3638 3091 εὑρήσεις

1992 3099 2056 3156 τὸ
2116 3099 2469 3174 ζητούμενον·
2520 3100 2705 3176 ἡμέρα
2760 3101 2864 3176 γὰρ
2918 3102 3097 3165 καθὼς
3167 3106 3282 3181 φῶς
3342 3103 3371 3158 6
3425 3105 3637 3179 Πατήρ,

1994 3187 2177 3267 ἡμέρα
2233 3189 2412 3253 καθὼς
2460 3192 2575 3263 φῶς
2622 3191 2651 3245 6
2692 3190 2816 3252 Υἱὸς
2863 3191 2891 3246 6
2939 3191 3349 3266 βαπτιζόμενος·
3384 3192 3536 3269 ῥῆμα
3573 3193 3640 3250 τὸ

314 3305 343 3335 ‹‹
371 3280 469 3345 Εἰς
490 3281 554 3338 τὸ
581 3280 752 3384 τέλος
772 3280 991 3356 ψαλμὸς
1015 3286 1095 3355 τῷ
1123 3279 1309 3340 Δαυῒδ.
1344 3304 1374 3335 ››
1404 3315 1477 3384 ——'
1497 3282 1595 3346 Εἷς
1622 3284 1687 3339 τὸ
1724 3280 1885 3348 τέλος
1917 3316 1960 3384 C
1996 3276 2049 3333 ἐν
2102 3278 2281 3383 μέσῳ.
2299 3277 2366 3334 τὸ
2423 3279 2577 3384 ἅγὶον
2634 3284 2880 3384 Ηνεῦμα,
2932 3281 3145 3384 καθότιῖ
3170 3279 3357 3384 ἐκείνφ
3410 3281 3462 3337 ἐν
3493 3279 3642 3384 εῖδει

238 3370 330 3427 καὶ
379 3370 536 3432 οὗτος
587 3370 616 3424 6
655 3368 895 3444 ψαλμὸς,
946 3369 1029 3426 ὅτι
1080 3372 1309 3448 γηραιὸς
1354 3370 1647 3447 γενόμενος
1694 3376 1884 3428 τοῦτον

241 3459 537 3532 συνέταξεν,
571 3457 647 3521 εἷς
675 3458 832 3522 τέλος
876 3463 1021 3529 ζωῆς
1063 3456 1173 3531 ἤδη
1231 3458 1468 3535 βλέπων,
1498 3460 1534 3531 ἢ
1584 3459 1667 3516 ὅτι
1716 3481 1888 3537 προα-

241 3553 478 3626 ναφωνεῖ
536 3553 762 3624 πρᾶγμα
826 3548 900 3611 εἰς
964 3548 1123 3612 τέλος
1171 3545 1610 3624 ἀποϐησόμενον·
1675 3550 1890 3606 ἐπιστο-

253 3636 395 3711 μίζει
446 3637 551 3712 γὰρ
598 3637 698 3706 τὴν
751 3634 1057 3711 μέλλουσαν
1104 3642 1212 3693 τῶν
1266 3637 1580 3715 ληρούντων
1611 3639 1893 3714 αὐτόματα

244 3727 488 3801 γενέσθαι
516 3724 585 3781 τὰ
613 3724 804 3780 πάντα.

319 3836 350 3866 ‹‹
378 3815 442 3869 Οἱ
475 3813 695 3891 οὐρανοὶ
751 3812 1066 3892 διηγοῦνται
1125 3813 1278 3887 δόξαν
1329 3821 1482 3874 Θεοῦ.
1517 3841 1548 3872 ››
1578 3852 1646 3863 -
1700 3818 1890 3894 Αὐτοὶ,

246 3902 431 3982 φησὶν,
467 3904 519 3959 οἱ
571 3902 791 3979 οὐρανοὶ
838 3905 1069 3960 πάντοτε
1113 3905 1438 3981 κηρύττουσι
1486 3907 1550 3963 τὸ
1601 3907 1891 3984 μεγαλεῖον

244 3996 343 4047 τοῦ
372 3992 595 4069 Κυρίου,
628 3996 782 4072 φωνῇ
832 3994 1116 4069 χρώμενοι
1163 3998 1231 4069 τῇ
1281 3989 1422 4069 ὄψει’
1471 3995 1532 4051 ἐκ
1575 3997 1680 4074 γὰρ
1733 3996 1894 4073 μεγέ-

246 4081 372 4143 θους
400 4080 492 4136 καί
530 4080 809 4152 καλλονῆς
853 4082 1163 4156 κτισμάτων
1212 4082 1498 4160 ἀναλόγως
1528 4086 1557 4140 6
1587 4106 1895 4163 γενεσιουρ-

247 4170 343 4246 γὸς
399 4170 577 4225 αὐτῶν
647 4172 949 4246 θεωρεῖται.
1005 4177 1116 4235 Πᾶς
1185 4173 1325 4249 ὁρῶν
1372 4172 1603 4250 οὐρανοῦ
1667 4176 1894 4251 μέγεθος

248 4257 339 4314 καὶ
369 4256 578 4322 κάλλος
610 4259 698 4314 καὶ
731 4261 926 4336 σχῆμα
951 4261 1044 4316 καὶ
1092 4262 1234 4316 θέσιν
1281 4261 1372 4316 καὶ
1417 4262 1485 4318 τὰ
1523 4267 1747 4319 τοιαῦτα
1795 4285 1896 4338 μο-

246 4348 473 4424 νονουχὶ
523 4343 845 4404 διδάσκαλον
896 4345 1040 4425 ἔχων
1099 4351 1200 4419 τήν
1268 4352 1409 4414 θέσιν
1473 4350 1711 4408 πιστεύει
1769 4352 1897 4430 περὶ

245 4442 350 4507 τῆς
381 4433 664 4510 δυνάμεως
691 4441 790 4493 τοῦ
837 4441 992 4496 Θεοῦ.
1024 4437 1294 4515 Οὐρανοὺς
1342 4436 1400 4494 δὲ
1438 4436 1589 4516 λέγει
1623 4442 1716 4496 τὸν
1763 4441 1897 4520 ὑπὲρ

250 4525 316 4581 τὸ
381 4523 684 4602 στερέωμα,
748 4523 1105 4599 πληθυντικῷ
1170 4534 1481 4604 χαρακτῆρι
1545 4531 1899 4605 χρησάμενος

250 4613 370 4669 ἀντὶ
419 4613 620 4683 ἐνικοῦ,
653 4616 791 4670 κατὰ
833 4616 935 4685 τὴν
987 4610 1244 4693 Ἐϐραῒδα
1291 4614 1570 4673 διάλεκτον
1618 4619 1752 4675 ποτὶ
1801 4620 1896 4693 μὲν

1995 3371 2313 3444 περιστερᾶς
2350 3361 2575 3438 κατέϐη.
2634 3366 2852 3431 Παῦλος
2898 3368 3001 3444 γάρ
3046 3369 3075 3422 6
3121 3368 3427 3433 ἀπόστολος
3493 3370 3644 3448 λέγει

1996 3455 2121 3533 περὶ
2177 3459 2276 3511 τοῦ
2326 3456 2659 3531 Πνεύματος,
2692 3479 2721 3510 ‹‹
2749 3457 2839 3512 καί
2885 3458 2985 3527 τὴν
3038 3456 3309 3534 μάχαιραν
3356 3462 3454 3513 τοῦ
3509 3459 3644 3515 Πεύ-

2003 3563 2192 3617 ματος,
2224 3565 2253 3595 ››
2288 3541 2319 3598 6'
2349 3541 2457 3598 ἐστι
2489 3541 2643 3619 ῥῆμα
2669 3547 2824 3599 Θεοῦ.
2866 3542 2969 3616 Νὺξ
3024 3540 3081 3598 δὲ
3127 3547 3162 3613 ἡ
3211 3542 3641 3622 καταδεεστέρως

2000 3632 2074 3695 ὡς
2101 3631 2238 3707 πρὸς
2280 3630 2370 3687 τὸν
2425 3628 2770 3708 Πρόδρομον,
2802 3637 3005 3695 Γνῶσις
3039 3629 3098 3687 δὲ
3125 3635 3160 3703 ἡ
3193 3630 3636 3710 ἀναγγελλομένη

1997 3720 2146 3797 παρά
2171 3720 2280 3779 Ἰὧ.
2311 3723 2436 3782 Τοῖς
2469 3717 2751 3783 Ἰουδαίοις
2779 3719 2959 3783 πίστις
3002 3719 3077 3784 εἷς
3124 3720 3337 3799 Πατέρα
3380 3721 3470 3777 καὶ
3518 3723 3644 3780 Υἱὸν

1998 3808 2089 3864 καὶ
2120 3808 2274 3885 ἅγιον
2304 3812 2546 3882 Πνεῦμα.

2073 3921 2102 3951 ‹‹
2128 3897 2240 3953 Οὐκ
2265 3897 2368 3953 εἶσὶ
2398 3895 2586 3953 λαλιαὶ
2619 3895 2745 3953 οὐδὲ
2774 3895 2932 3975 λόγοι
2961 3899 3035 3953 ὧν
3081 3897 3212 3975 οὐχὶ
3251 3898 3537 3957 ἀκούονται
3588 3901 3643 3956 αἱ

2001 3986 2175 4066 φωναί
2223 3986 2419 4043 αὐτῶν.
2457 4011 2479 4039 ιι
2529 4019 2600 4029 -
2641 3987 3101 4064 Ἐρωτηματικῶς
3146 3988 3532 4065 ἀναγνωστέον,
3568 3990 3645 4052 ὡς

2002 4075 2062 4131 ἂν
2109 4070 2193 4147 εἷίη
2244 4074 2500 4152 λέγοντος
2545 4079 2643 4131 τοῦ
2692 4074 2878 4146 Δαυῒδ,
2912 4100 2941 4129 ‹‹
2973 4078 3114 4154 *Δρα
3160 4076 3261 4133 οὐκ
3306 4077 3407 4133 εἰσὶ
3458 4077 3649 4135 λαλιαὶ

2003 4161 2130 4220 οὐδὲ
2159 4161 2317 4241 λόγοι
2345 4168 2452 4220 τῶν
2483 4162 2711 4241 ἀψύχων
2737 4165 2944 4221 τούτων
2975 4165 3317 4240 κτισμάτων;
3353 4168 3427 4222 ὧν
3472 4166 3647 4223 αὐτῶν

2003 4250 2128 4310 οὐδὲ
2153 4253 2326 4332 φωναὶ
2357 4253 2658 4309 ἀκούονται*
2696 4255 2772 4327 μὴ
2808 4254 3145 4328 ἀκουομένης
3179 4255 3282 4332 γάρ
3328 4262 3429 4325 τῆς
3476 4255 3651 4311 αὐτῶν

2005 4349 2191 4422 φωνῆς
2214 4343 2360 4419 παρά
2386 4343 2449 4398 τὸ
2483 4344 2560 4417 μὴ
2593 4344 2743 4416 εἶναι,
2776 4341 2947 4413 δῆλον
2976 4340 3102 4399 οὐδὲ
3132 4342 3298 4400 λαλιὰ
3327 4341 3453 4398 οὐδὲ
3481 4343 3650 4421 λόγος

2006 4428 2172 4487 ἔσται’
2209 4430 2346 4506 μέρη
2392 4432 2498 4508 γὰρ
2543 4436 2712 4488 ταῦτα
2754 4439 2853 4502 τῆς
2901 4438 3108 4510 φωνῆς.
3139 4431 3324 4495 Οὕτως
3369 4432 3650 4509 ἀπορήσας

2005 4519 2193 4599 ἐπάγει
2223 4521 2322 4590 τὴν
2355 4519 2530 4577 λύσιν.

2082 4633 2112 4663 ‹‹
2140 4608 2236 4672 Εἲς
2292 4614 2463 4665 πᾶσαν
2510 4610 2611 4680 τήν
2649 4616 2751 4686 γῆν
2823 4608 3040 4684 ἐξῆλθεν
3085 4611 3114 4665 6
3163 4609 3398 4689 φθόγγος
3449 4611 3656 4680 αὐτῶν,

251 4700 659 4773 πληθυντικῶς,
709 4703 842 4759 ποτὲ
889 4701 947 4759 δὲ
995 4691 1184 4767 ἑνικῶς
1237 4703 1605 4780 ὀνομάζουσαν
1669 4709 1761 4764 τὸν
1804 4691 1900 4765 οὐ·
1927 4691 1977 4757 Ι)
2006 4697 2095 4754 καὶ
2139 4698 2215 4761 εἷς
2260 4700 2329 4754 τὰ
2373 4699 2579 4775 πέρατα
2634 4706 2737 4770 τῆς
2798 4700 3128 4772 οἰκουμένης
3170 4699 3238 4755 τὰ
3285 4699 3506 4776 ῥήματα
3558 4699 3653 4755 αὐ-

252 4790 435 4866 ρανόν·
485 4790 532 4846 εἰ
578 4792 682 4868 γάρ
738 4791 829 4847 καὶ
875 4792 1088 4870 ἀφανής
1135 4791 1299 4867 ἐστιν,
1349 4793 1477 4850 ἀλλ’
1524 4794 1584 4851 ἐκ
1627 4800 1726 4852 τοῦ
1780 4817 1901 4853 στε-

256 4879 538 4954 ρεώματος
585 4879 790 4935 ἐκεῖνον
858 4878 1320 4957 συλλογιζόμεθα.
1377 4885 1447 4938 Ἥ
1483 4883 1574 4939 καὶ
1630 4883 1794 4958 μόνον
1839 4885 1903 4941 τὸ

257 4968 537 5045 στερέωμά
583 4991 745 5048 φησιν
792 4968 869 5033 ὡς
920 4970 1078 5043 μόνον
1130 4971 1431 5048 ὁρώμενον,
1482 4973 1560 5036 ὡς
1624 4974 1757 5029 εἶναι
1806 4972 1900 5030 τόν

256 5053 502 5134 δεύτερον
536 5058 725 5135 στίχον
750 5062 849 5114 τοῦ
879 5059 1101 5133 πρώτου
1131 5061 1538 5138 σαφηνιστικόν.

333 5169 361 5198 ‹‹
392 5146 620 5219 Ποίησιν
654 5144 712 5202 δὲ
741 5152 945 5225 χειρῶν
990 5147 1154 5204 αὐτου
1202 5147 1530 5226 ἀναγγέλλει
1577 5151 1640 5207 τὸ
1680 5151 1906 5230 στερέω-

262 5254 357 5308 μα.
395 5259 418 5287 ι
467 5266 535 5281 --
582 5235 647 5290 Εἰ
699 5241 795 5291 τοῦ
841 5236 1063 5312 πρώτου
1111 5236 1302 5314 στίχου
1357 5239 1449 5294 τὸν
1496 5236 1743 5316 δεύτερον
1805 5242 1904 5296 Λά-

256 5318 377 5387 ϐοις
430 5323 905 5403 ἐφερμηνευτικὸν,
965 5327 995 5380 ’ὀ
1054 5325 1106 5381 ἐν
1174 5325 1361 5400 ἐκείνῳ
1418 5326 1684 5400 κέκληκεν
1742 5329 1905 5406 οὐρα-

259 5411 404 5486 νοὺς,
434 5418 596 5470 τοῦτο
628 5414 771 5470 εἶπεν
803 5413 856 5470 ἐν
899 5413 1079 5489 τούτῳ
1122 5417 1426 5493 στερέωμα,
1449 5417 1539 5473 καὶ
1589 5416 1905 5494 διηγοῦνται

253 5506 437 5559 τοῦτο.
467 5502 793 5579 Ἀναγγελεῖ
820 5503 911 5559 καὶ
942 5500 1119 5575 δόξαν,
1147 5506 1247 5573 τὴν
1274 5504 1496 5577 ποίησιν
1530 5511 1731 5583 χειρῶν
1779 5505 1907 5578 ἤτοι

260 5589 528 5667 ἐργασίαν.
590 5592 888 5667 Συντόμως
940 5590 998 5648 δὲ
1045 5593 1236 5663 εἰπεῖν,
1283 5594 1444 5650 τοῦτό
1506 5615 1688 5674 φησιν,
1739 5594 1822 5652 ὅτι
1876 5596 1906 5652 6

260 5678 490 5756 οὐρανὸς
555 5677 714 5755 μόνον
776 5680 1096 5761 φαινόμενος
1152 5682 1424 5760 αὐτάρκης
1482 5683 1594 5739 ἐστὶ
1654 5681 1908 5742 διδάσκα-

260 5766 361 5835 λος
423 5775 527 5846 τῆς
588 5773 688 5828 τοῦ
734 5769 1102 5851 πεποιηκότος
1166 5769 1326 5831 αὐτὸν
1391 5777 1526 5834 Θεοῦ
1605 5771 1909 5860 μεγαλουρ-

2006 4793 2135 4846 τῶν.
2185 4812 2214 4841 ››
2266 4787 2385 4861 Καὶ,
2437 4788 2591 4866 φησὶ,
2637 4789 2891 4844 τοσοῦτόν
2942 4789 3094 4861 εἰσιν,
3139 4787 3222 4844 ὅτι
3286 4789 3376 4843 καὶ
3423 4794 3567 4845 πᾶσα
3614 4792 3651 4861 ἡ

2006 4882 2078 4954 γῆ
2126 4872 2486 4953 πεπλήρωται
2531 4881 2628 4931 τοῦ
2675 4877 2917 4955 φθόγγου
2967 4877 3164 4946 αὐτῶν,
3213 4877 3332 4941 καθ’
3381 4877 3439 4933 ὃν
3504 4877 3654 4954 εἰρή-

2008 4985 2176 5039 καμεν
2207 4964 2431 5042 τρόπον.
2462 4966 2634 5020 Ταυτὸ
2673 4962 2731 5020 δὲ
2760 4963 2977 5021 δύναται
3014 4990 3042 5018 ‹‹
3092 4964 3183 5020 καὶ
3214 4964 3290 5028 εἷς
3337 4966 3405 5020 τὰ
3447 4967 3653 5042 πέρατα

2008 5060 2109 5124 τῆς
2156 5053 2485 5126 οἰκουμένης
2545 5054 2612 5108 τὰ
2661 5054 2880 5132 ῥήματα
2924 5053 3121 5110 αὐτῶν·
3176 5078 3203 5107 ››
3248 5053 3658 5133 ἐπαλιλλόγησε

2008 5143 2111 5220 γὰρ
2163 5141 2443 5221 ἐμφάσεως
2507 5139 2702 5199 ἓνεκεψ
2772 5143 3072 5223 ἐμφαντικά
3132 5143 3234 5221 γὰρ
3306 5146 3516 5218 μήκους
3563 5144 3656 5199 καὶ

2011 5230 2252 5294 πλάτους
2336 5232 2403 5286 τὰ
2479 5231 2702 5310 πέρατα,
2772 5233 2952 5310 ὥσπερ
3031 5231 3097 5288 αὖ
3163 5231 3255 5289 καί
3325 5231 3495 5289 λαλιά
3564 5233 3657 5289 καὶ

2014 5320 2184 5399 λόγος
2211 5323 2424 5380 ταυτόν.
2458 5324 2618 5386 Ἐθος
2666 5321 2724 5378 δὲ
2767 5328 2884 5387 τοῖς
2934 5325 3235 5402 προφήταις
3288 5324 3379 5380 καὶ
3425 5321 3661 5397 μάλιστα

2011 5416 2092 5485 τῷ
2140 5409 2305 5466 Δαυῒδ
2346 5412 2408 5467 τὸ
2454 5411 2584 5467 αὐτὸ
2630 5413 2816 5487 νόημα
2864 5410 2934 5467 δι’
2980 5411 3167 5469 ἄλλων
3212 5414 3301 5469 καὶ
3345 5411 3531 5468 ἄλλων
3571 5412 3659 5468 ἐκ-

2015 5500 2192 5581 φέρειν
2226 5500 2530 5576 όνομάτων.
2567 5507 2719 5558 ’Ἐστι
2765 5500 2822 5557 δὲ
2867 5502 2958 5558 καὶ
3007 5501 3194 5566 ἄλλως
3241 5502 3407 5558 εἴπεῖν
3445 5501 3528 5556 ὅτι
3576 5499 3660 5556 δι-

2017 5589 2173 5666 δάξας
2222 5594 2250 5648 6
2294 5595 2582 5670 προφήτης
2633 5595 2707 5658 ὡς
2755 5595 2824 5650 τὰ
2885 5592 3200 5665 δηλωθέντα
3246 5594 3513 5666 κτίσματα
3562 5612 3663 5664 μο-

2014 5682 2238 5759 νονουχὶ
2281 5683 2461 5761 φωνὴν
2513 5682 2729 5763 ἀφιᾶσιν
2779 5682 2861 5740 ὅτι
2915 5679 3025 5740 ἔστι
3075 5683 3305 5759 πρόνοια
3351 5685 3506 5756 Θεοῦ,
3539 5678 3658 5737 δια-

2013 5771 2282 5832 τάττουσα
2320 5770 2411 5829 καὶ
2471 5773 2536 5829 τὸ
2594 5779 2698 5831 πᾶν
2760 5774 3080 5858 συνέχουσα,
3131 5772 3386 5869 βούλεται
3450 5789 3659 5862 προσας
