3988 6432
439 408 593 471 Mil

1690 396 2113 460 NIGEPHORI
2158 398 2594 461 BLEMMIDIE

3638 412 3753 476 1411

441 538 717 613 γορεῦσαι,
771 532 845 594 ὡς
921 526 1025 606 ἄρα
1100 528 1152 584 ἐν
1230 526 1393 583 παντὶ
1464 523 1603 591 ἔθνει
1670 523 1882 581 ἔσονταί
1953 544 2096 588 τινες
2126 528 2383 595 Ατεινὰς
2451 526 2705 603 δυνάμεις
2761 535 2871 587 τῶν
2928 531 3244 606 ἀσωμάτων·
3304 542 3448 613 φῶτα
3511 541 3597 617 γὰρ
3642 543 3752 599 οὗτοι

445 623 705 685 συνιέντες
755 627 855 690 τῆς
919 616 1180 688 τοιαύτης
1248 620 1357 671 τῶν
1433 614 1663 691 ἀψύχων
1735 621 1946 692 φωνῆς,
2002 614 2093 670 καὶ

441 710 807 789 ἀπαγγελοῦσι
869 707 1069 778 ταύτην
1148 703 1237 761 διὰ
1293 711 1392 775 τῆς
1461 704 1661 759 ἑαυτῶν
1731 706 1935 782 φωνῆς·
2007 700 2091 757 διό

444 788 624 881 φησιν,
658 824 688 853 ιι
746 798 857 854 Οὐκ
913 796 1017 853 εἷ’σὶ
1069 794 1259 853 λαλιαὶ
1316 791 1442 849 οὐδὲ
1499 790 1659 868 λόγοι
1718 815 1748 845 ››
1805 788 2090 848 διαλέκτου

442 889 588 951 τινὸς
617 888 857 958 ἐθνικῆς,
886 884 956 942 δι’
986 887 1061 941 ὧν
1085 884 1214 961 οὐχὶ
1259 882 1566 956 ἀκούονται,
1594 883 1893 953 τουτέστιν,
1925 881 2093 956 ἀπαγ-

443 976 738 1055 γέλλονται
822 973 1159 1039 ἀπλωθεῖσαι
1228 976 1336 1027 τῶν
1434 969 1743 1044 κτισμάτων
1817 967 2090 1039 ἀλάλητοι

442 1065 634 1147 φωναί.
668 1069 844 1124 Τοῦτο
888 1062 947 1119 66
988 1060 1321 1120 τελέλεσται·
1355 1062 1637 1135 πανταχοῦ
1684 1059 1788 1136 γὰρ
1834 1065 1934 1129 τῆς
1984 1061 2089 1134 γῆς

442 1157 495 1213 ἐν
555 1155 711 1213 παντὶ
769 1151 905 1211 ἔθνει
964 1154 1018 1209 οἱ
1083 1151 1346 1214 συνιέντες
1420 1148 1876 1226 ἀπαγγέλλουσιν·
1935 1149 2088 1203 Ἔστι

440 1246 673 1325 πρόνοια
729 1248 883 1302 Θεοῦ.
912 1242 1034 1299 Ἐπὶ
1086 1240 1270 1316 μέντοι
1316 1244 1413 1296 τοῦ
1464 1238 1731 1316 παρόντος
1783 1240 2086 1311 νοήματος,

440 1337 503 1393 τὸ
582 1334 866 1391 ἀκούονται
941 1331 1057 1387 ἀντὶ
1130 1335 1227 1386 τοῦ
1301 1329 1725 1399 ἀκουσθήσονται
1799 1328 2084 1400 νοήσωμεν

439 1426 556 1482 κατ’
612 1422 978 1498 ἀντιχρονίαν,
1010 1422 1046 1490 ἢ
1095 1420 1187 1476 καὶ
1229 1422 1310 1491 τῷ
1354 1418 1601 1473 ἐνεστῶτι
1666 1415 1940 1493 ἐχρήσατο
1998 1412 2089 1470 διὰ

439 1516 540 1586 τὴν
568 1510 902 1593 προφητείαν
932 1511 1008 1574 ὡς
1049 1506 1160 1579 ἤδη
1211 1506 1470 1583 γινόμενα
1514 1506 1583 1561 τὰ
1630 1502 1905 1579 μέλλοντα
1957 1501 2087 1580 βλέ-

444 1621 672 1659 πουσαν.

517 1714 548 1746 ιι
574 1696 660 1747 Ἐν
689 1693 772 1763 τῷ
827 1685 980 1762 ἡλίῳ
1037 1684 1186 1743 ἔθετο
1236 1685 1301 1741 τὸ
1357 1686 1625 1759 σκήνωμα
1651 1682 1838 1739 αὐτοῦ.
1871 1707 1900 1736 ››
1933 1715 2001 1725 -
2025 1683 2087 1741 Ὁ

446 1780 543 1856 μὶν
593 1783 720 1842 νοῦς
774 1781 873 1833 τοῦ
931 1775 1101 1853 ῥητοῦ
1156 1773 1404 1836 τοιοῦτός
1454 1773 1615 1844 ἐστιν,
1665 1771 1748 1827 ὅτι
1803 1775 1883 1844 τῷ
1936 1769 2087 1844 ἡλίῳ

442 1868 619 1943 ἔταξεν
672 1869 701 1923 6
742 1867 872 1929 Θεὸς
926 1863 1200 1921 κατοικίαν
1255 1863 1307 1919 ἐν
1360 1860 1442 1937 τῷ
1498 1861 1728 1937 οὐρανῷ·
1788 1861 1916 1938 φησὶ
1979 1861 2084 1937 γὰρ

439 1963 677 2027 Μωῦσῆς
723 1955 847 2032 περὶ
892 1957 1002 2011 τῶν
1051 1950 1147 2009 δύο
1196 1954 1499 2032 φωστήρων
1545 1954 1655 2006 τῶν
1692 1949 1969 2025 μεγάλων,
2002 1947 2088 2004 ὅτι

437 2048 527 2102 καὶ
575 2041 724 2110 ἔθετο
753 2042 949 2106 αὐτοὺς
992 2043 1021 2097 6
1061 2041 1192 2104 Θεὸς
1239 2041 1291 2096 ἐν
1340 2041 1422 2113 τῷ
1469 2040 1806 2117 στερεώματι
1834 2041 1932 2093 τοῦ
1990 2037 2084 2093 οὐ-

441 2139 625 2212 ρανοῦ,
677 2131 817 2188 ὥστε
875 2130 1076 2210 φαίνειν
1125 2129 1214 2185 ἐπὶ
1258 2132 1357 2199 τῆς
1403 2135 1531 2204 γῆς.
1600 2125 1790 2198 Ἔδοξε
1855 2124 1914 2182 66
1967 2131 2084 2191 τοῖς

437 2220 674 2285 πολλοῖς
731 2220 1079 2277 ἀσύντακτον.
1136 2224 1321 2293 Ἡμεῖς
1372 2215 1430 2272 66
1514 2216 1650 2290 μετὰ
1701 2216 1765 2271 τὸ
1822 2218 2088 2289 σκήνωμα

441 2309 819 2380 ὗποστίζοντες
897 2307 989 2364 καὶ
1066 2308 1132 2363 τὸ
1213 2305 1344 2362 αὐτὸ
1424 2309 1672 2368 νοοῦντες
1757 2305 1833 2379 μή
1919 2304 2088 2360 ἀντω-

441 2403 705 2474 νυμικῶς,
755 2395 882 2454 ἀλλ’
939 2395 1408 2474 ἐπιρῥηματικῶς,
1479 2393 1718 2471 εὐχερῶς
1800 2394 2085 2448 συντάττο-

446 2508 563 2564 μεν·
616 2488 731 2543 οἷον
773 2482 919 2542 ἔθετο
967 2486 1057 2542 καὶ
1100 2483 1326 2562 ὥρισται
1370 2485 1451 2557 τῷ
1502 2482 1650 2556 ἡλίῳ
1702 2482 1767 2538 τὸ
1825 2484 2089 2556 σκήνωμα

438 2577 532 2634 καὶ
578 2578 677 2646 τήν
721 2574 999 2632 κατοικίαν
1048 2573 1235 2645 αὐτοῦ,
1277 2573 1308 2629 ’ὀ
1356 2572 1494 2628 ἐστιν
1545 2571 1676 2644 ἐκεῖ,
1719 2567 1977 2641 δηλονότι
2030 2569 2083 2626 ἐν

438 2671 519 2740 τῷ
564 2665 897 2742 στερεώματι
946 2668 1044 2719 τοῦ
1083 2662 1335 2739 οὐρανοῦ,
1367 2667 1625 2737 περιττῆς
1675 2660 1931 2733 κειμένης
1985 2664 2087 2728 τῆς

440 2755 490 2811 ἐν
524 2756 831 2832 προθέσεως
876 2754 952 2814 ὡς
997 2752 1088 2807 καὶ
1132 2748 1277 2806 ἄλλα
1322 2749 1508 2806 πολλὰ
1553 2748 1602 2804 ἐν
1654 2747 1849 2811 ἄλλοις
1895 2747 2083 2824 ῥητοῖς

434 2845 977 2920 παρατετηρήκαμεν.
1014 2840 1112 2898 Καὶ
1144 2840 1172 2895 6
1202 2839 1364 2909 ἥλιος
1401 2839 1583 2895 τοίνυν
1637 2839 1713 2912 μή
1771 2834 2087 2911 ἀπολιμπά-

436 2952 539 2987 νων
588 2930 722 2986 ποτέ
764 2930 829 2985 τὸ
875 2928 1250 3008 ἀφωρισμένον
1320 2925 1466 2998 αὐτῴ
1514 2927 1801 2998 σκήνωμα,
1845 2923 1937 2979 τὸν
1992 2923 2085 2979 οὐ·

441 3040 617 3098 ρανον,
647 3018 817 3095 κῆρυξ
870 3017 1074 3095 γίνεται
1122 3016 1225 3086 τῆς
1270 3018 1370 3071 τοῦ
1419 3019 1552 3071 Θεοῦ
1602 3013 1760 3085 δόξης
1805 3013 1896 3069 καὶ
1951 3034 2084 3090 προ-

435 3107 604 3172 νοίας.

505 3221 532 3251 ιι
567 3196 672 3254 Καὶ
728 3195 888 3259 αὐτὸς
945 3195 1021 3258 ὡς
1077 3192 1309 3273 νυμφίος
1367 3190 1798 3269 ἐκπορευόμενος
1866 3189 1926 3246 ἐκ
1979 3211 2082 3245 πα-

434 3290 562 3341 στοῦ
593 3285 778 3342 αὐτοῦ.
815 3308 844 3337 ››
874 3316 945 3327 --
974 3267 1159 3338 Λείπει
1189 3267 1252 3337 τὸ
1291 3278 1452 3337 ἐστίν.
1487 3267 1700 3356 Ὦραῖός
1761 3279 1891 3351 ἐστι,
1925 3278 2079 3357 φησὶ,
2112 3267 2156 3334 C

435 3376 513 3446 τῷ
542 3371 737 3430 κάλλει
768 3377 874 3428 τῶν
906 3371 1326 3449 ἀστραπτουσῶν
1351 3369 1581 3425 ἀκτίνων
1634 3365 1788 3440 δίκην
1845 3367 2083 3446 νυμφίου

432 3456 820 3535 προϐαίνοντος
850 3463 955 3518 ἀπὸ
982 3466 1079 3518 τοῦ
1112 3460 1388 3534 θαλάμου.

513 3592 542 3621 ιι
571 3566 986 3645 ’Δγαλλιάσεται
1014 3568 1089 3630 ὡς
1121 3564 1278 3644 γίγας
1310 3563 1534 3642 δραμεῖν
1582 3561 1704 3619 ὁδὸν
1738 3561 1923 3619 αὐτοῦ.
1956 3585 1983 3615 »
2015 3593 2086 3605 —-

440 3656 718 3722 Κάνταῦθα
780 3650 1110 3731 νενοήκαμεν
1156 3653 1525 3731 ἀντιχρονίαν·
1576 3652 1756 3730 χαίρει
1804 3652 1908 3727 γὰρ
1958 3647 2085 3726 δρα-

445 3750 563 3820 μεῖν
624 3746 725 3814 τὴν
774 3743 1315 3822 ἀποκεκληρωμένην
1365 3743 1513 3816 αὐτῷ
1552 3741 1773 3819 πορείαν
1821 3740 1895 3802 ὡς
1932 3739 2086 3816 γίγας

432 3837 503 3909 τῇ
584 3831 809 3907 δυνάμει
881 3833 1253 3910 τεθαρρηκὼς,
1307 3830 1580 3888 τουτέστιν
1653 3826 1864 3903 ἀδάμας
1947 3826 2087 3883 ἐστὶν

434 3922 517 3980 ἀεὶ
544 3920 843 3985 τοσούτους
872 3921 1149 3985 ἐνιαυτοὺς
1180 3918 1455 3977 δουλεύων
1485 3924 1565 3993 τῷ
1609 3923 1707 3975 τοῦ
1740 3923 1872 3975 Θεοῦ
1917 3937 2086 3993 προσ-

434 4012 694 4088 τάγματι.
729 4033 758 4064 ››

508 4141 539 4171 ιι
570 4115 672 4173 Καὶ
730 4116 833 4173 οὐκ
887 4111 1027 4172 ἔστιν
1082 4116 1142 4178 ὃς
1193 4109 1631 4188 ἀποκρυϐήσεται
1703 4114 1802 4183 τὴν
1878 4113 2086 4188 θέρμην

436 4204 623 4263 αὐτοῦ.
654 4226 684 4261 ι
718 4237 786 4249 —
816 4210 908 4268 Ὃς
931 4202 1093 4267 τόκος
1120 4204 1157 4273 ἢ
1188 4204 1247 4266 ὃς
1279 4200 1581 4280 ἅνθρωπος·
1614 4201 1705 4258 καὶ
1735 4199 1824 4257 διὰ
1848 4206 1946 4256 τοῦ
1992 4200 2087 4256 τό-

438 4314 546 4350 που
599 4293 697 4368 μὶν
752 4292 823 4348 τὰ
868 4286 1017 4363 ὄντα,
1077 4289 1167 4346 διὰ
1208 4295 1306 4346 τοῦ
1354 4290 1642 4365 ἀνθρώπου
1681 4287 1738 4345 66
1791 4290 1859 4345 τὰ
1915 4292 2090 4358 ζῶντα

438 4376 861 4461 συμπεριέλαϐε·
891 4385 1054 4437 τοῦτο
1112 4381 1217 4457 γὰρ
1273 4381 1336 4436 τὸ
1380 4379 1852 4453 θαυμασιώτατον,
1883 4376 1966 4433 ὅτι
2007 4382 2089 4452 τῷ

434 4471 601 4527 αὐτοῦ
656 4470 1007 4545 ἀποστήματι
1062 4469 1155 4525 καὶ
1212 4468 1436 4548 φωτίζει
1492 4467 1582 4524 καὶ
1652 4466 1949 4545 θερμαίνει.
2009 4467 2088 4525 Τὸ

436 4556 497 4616 66
541 4561 669 4637 παρ’
715 4561 853 4634 ἡμῖν
901 4563 1010 4636 πῦρ
1064 4557 1286 4638 φωτίζει
1340 4558 1435 4631 μὶν
1498 4556 1802 4634 πόῤῥωθεν,
1852 4555 1915 4611 οὐ
1965 4556 2086 4632 θερ-

2203 612 2425 690 δεύτερα
2503 616 2773 695 λέγονται·
2835 612 3328 698 διαπορθμευούσας
3411 612 3649 699 ἀλλήλαις
3710 635 3755 688 τὰ

2200 704 2316 759 θεῖα
2373 705 2787 784 προστάγματα·
2852 709 3015 765 νύκτα
3084 708 3143 766 66
3181 712 3306 775 τοὺς
3375 715 3649 789 ἀνθρώπους
3695 718 3755 776 διὰ

2198 791 2290 847 τὸν
2348 792 2779 870 ἐπιπροσθοῦντα
2832 801 2901 871 τῇ
2959 802 3111 875 ψυχῇ
3171 801 3326 879 ζόφον
3407 812 3498 873 τῆς
3556 811 3752 881 σαρκικῇ

2198 881 2538 958 παχύτητος·
2594 886 2684 940 καὶ
2740 887 2808 941 τὰ
2864 887 2986 959 ἐξῆς
3041 888 3368 953 ἀκολούθως·
3422 891 3584 948 1666‘
3624 920 3648 947 «
3690 897 3752 958 Εἰς

2198 975 2370 1025 πᾶσαν
2423 974 2525 1042 τὴν
2576 980 2679 1049 γῆν
2727 973 2949 1045 ἐξῆλθεν
2998 977 3028 1030 6
3080 977 3311 1054 φθόγγος
3356 980 3536 1054 αὐτῶν,
3566 984 3647 1038 »ὁ

2198 1079 2299 1133 γας
2345 1061 2561 1124 Παῦλος
2618 1061 2671 1117 ἐν
2718 1067 2788 1137 τῇ
2836 1064 2975 1139 πρὸς
3021 1061 3300 1137 Ἐϐραίους
3347 1067 3583 1145 ἐπιστολῇ
3626 1072 3753 1127 εὐκαί-

2199 1166 2307 1223 ρως
2379 1146 2468 1203 ἐπὶ
2538 1149 2668 1212 τοὺς
2749 1150 3134 1227 εὐαγγελιστάς
3192 1154 3281 1209 καὶ
3346 1156 3645 1221 ἀποστόλους
3686 1165 3751 1215 τοῦ

2195 1240 2428 1313 Χριστοῦ
2487 1240 2760 1315 μετήγαγε
2813 1240 2904 1295 καὶ
2978 1244 3346 1318 προσήρμοσε.
3400 1248 3466 1300 Τὸ
3516 1244 3582 1318 66,
3629 1270 3653 1302 ι
3694 1251 3753 1303 Ἐν

2193 1330 2279 1413 τῶ
2331 1324 2480 1399 ἡΑίῳ
2536 1324 2683 1383 ἔθετο
2710 1327 2775 1385 τὸ
2805 1331 3073 1403 σκήνωμα
3127 1331 3309 1405 αὐτοῦ,
3340 1357 3368 1387 ››
3394 1336 3752 1413 τοιουτοτρόποις

2196 1411 2624 1492 ἀλληγοροῦσιν·
2684 1418 2762 1479 ὡς
2814 1418 2842 1472 6
2896 1420 3124 1494 Χριστὸς
3156 1418 3208 1474 ἐν
3238 1425 3316 1493 τῷ
3367 1411 3624 1499 ἀνθρώπῳ
3652 1425 3754 1481 οἴκεῖ

2193 1506 2274 1574 τῷ
2331 1503 2601 1578 λάμποντι
2657 1510 2779 1569 ταῖς
2849 1506 3055 1583 ἀρετῶν
3139 1508 3362 1566 ἀκτῖσιν·
3424 1536 3445 1565 ι
3497 1515 3615 1589 Ἐγὼ
3659 1516 3749 1590 γὲρ,

2195 1592 2351 1669 φησὶ,
2383 1592 2474 1648 καὶ
2514 1594 2543 1648 6
2573 1595 2761 1672 Πατὴρ
2808 1593 3161 1671 ἐλευσόμεθα,
3192 1598 3283 1654 καὶ
3340 1602 3493 1674 μονὴν
3544 1603 3649 1678 παρ’
3689 1603 3752 1658 αὐ·

2192 1684 2275 1752 τῷ
2330 1682 2658 1756 ποιήσομεν·
2717 1707 2748 1737 ››
2800 1684 2837 1754 ἢ
2895 1685 2987 1740 καὶ
3037 1689 3300 1760 σκήνωμα
3349 1693 3441 1744 τοῦ
3489 1688 3680 1765 Χριστοῦ
3725 1692 3751 1761 ἡ

2195 1767 2610 1848 προσληφθεῖσα
2638 1771 3015 1848 ἀνθρωπότης·
3056 1778 3119 1845 ἣν
3175 1777 3392 1848 οἰκήσας
3442 1775 3570 1834 ἔθετο
3617 1778 3659 1833 ἐν
3696 1783 3752 1850 τῷ

2195 1858 2357 1936 φωτὶ,
2413 1857 2845 1936 πολιτευόμενος
2904 1861 3009 1918 ὐπὸ
3063 1865 3156 1919 τὸν
3215 1863 3370 1935 ἥλιον
3421 1866 3504 1922 καὶ
3570 1871 3752 1945 φανερῶς

2199 1947 2333 2022 βιῶν
2389 1947 2480 2003 καὶ
2535 1948 2697 2012 αὐτὸς
2754 1950 2831 2013 ὡς
2860 1952 3117 2029 νυμφίος·
3152 1976 3181 2006 ιι
3211 1954 3416 2030 Ὧραῖος
3460 1955 3570 2029 γὰρ,
3610 1954 3749 2032 φησὶν,

2194 2033 2394 2091 κάλλει
2455 2038 2603 2113 παρά
2653 2037 2783 2102 τοὺς
2838 2039 2991 2103 υἱοὺς
3046 2046 3156 2097 τῶν
3210 2043 3563 2119 ἀνθρώπων,»
3606 2042 3749 2116 οἷάπερ

2194 2122 2685 2202 λελαμπρυσμένος
2713 2133 2832 2191 ταῖς
2886 2133 2994 2185 τῶν
3046 2131 3251 2206 ἀρετῶν
3297 2132 3564 2202 ἀκτῖσιν,ἤ
3612 2131 3747 2207 χάρις,

2193 2213 2253 2276 ὃς
2311 2213 2401 2270 καὶ
2456 2213 2829 2293 ἠγαλλιάσατο
2884 2215 3111 2295 δραμεῖν
3169 2221 3298 2299 ὑπὲρ
3372 2224 3516 2294 ἡμῶν
3562 2223 3642 2290 τὴν
3687 2218 3747 2274 ἐπὶ

2194 2303 2438 2360 θάνατον.
2497 2304 2621 2361 ’Δπ’
2677 2304 2846 2383 ἄκρου
2902 2303 2961 2361 66
3029 2313 3131 2363 τοῦ
3200 2308 3420 2385 οὐρανοῦ
3491 2309 3652 2364 κατιὼν
3693 2306 3748 2368 εἷς

2196 2390 2327 2446 αὐτὸ
2384 2391 2549 2449 πάλιν
2611 2392 2933 2465 ἐπανῆλθεν.
2991 2396 3183 2460 Οὐδεὶς
3236 2393 3623 2474 ἀποκρυϐήσεται
3676 2402 3746 2464 τῆς

2195 2482 2403 2554 θέρμης
2432 2485 2539 2537 τῶν
2571 2480 2754 2558 λόγων
2786 2484 2970 2540 αὐτοῦ·
3003 2485 3096 2541 καί
3141 2488 3192 2541 οἱ
3253 2489 3343 2561 μὲν
3399 2486 3742 2565 θαλφθήσονται,

2196 2570 2250 2624 οἱ
2282 2566 2340 2625 66
2392 2570 2483 2626 καὶ
2541 2573 2818 2645 θήσονται,
2851 2573 2935 2629 ὅτι
2984 2574 3134 2649 αὐτῷ
3160 2582 3264 2632 πᾶν
3295 2576 3415 2653 γόνυ
3440 2575 3628 2650 κάμψει,
3650 2573 3744 2628 κατᾶ

2193 2657 2286 2713 τὸν
2317 2658 2667 2716 Ἀπόστολον.

2269 2788 2296 2817 (ι
2324 2770 2379 2819 '0
2424 2766 2594 2839 νόμος
2641 2772 2737 2822 τοῦ
2783 2770 2985 2845 Κυρίου
3043 2772 3299 2846 ἄμωμος,
3352 2770 3636 2848 ἐπιστρέφων
3671 2770 3738 2841 ψδ-

2194 2853 2320 2930 χάςο
2355 2878 2385 2907 »ι
2437 2886 2510 2898 -
2565 2856 2769 2931 Ἀρκεῖ,
2825 2857 3008 2935 φησὶν,
3063 2860 3142 2924 είς
3201 2859 3528 2916 διδασκαλίαν
3574 2870 3732 2930 θεογνω.

2194 2943 2311 3006 σίας
2338 2941 2429 2998 καί
2458 2945 2486 2998 6
2516 2945 2758 3023 ἄγραφος
2788 2947 2975 3021 νόμος,
3009 2946 3100 3003 διὰ
3158 2949 3405 3027 μεγέθους
3446 2947 3526 3005 καὶ
3564 2943 3729 3003 κάλλους

2194 3032 2286 3087 καὶ
2352 3031 2593 3104 εὐταξίας
2645 3038 2753 3089 τῶν
2812 3037 3125 3109 κτισμάτων
3184 3036 3383 3096 λαλῶν.
3436 3039 3533 3094 Νῦν
3591 3033 3635 3089 66
3677 3029 3732 3085 ναὶ

2151 3123 2429 3198 ⁷γραπτὸν
2484 3119 2705 3178 δέδωκε·
2756 3120 2827 3178 δι’
2873 3125 2936 3180 οὗ
2982 3127 3287 3201 καταμάθοι
3347 3148 3425 3189 τις
3481 3126 3565 3194 τὴν
3624 3120 3735 3175 αὐτοῦ

2189 3210 2281 3265 καὶ
2328 3210 2586 3285 πρόνοιαν
2634 3212 2725 3267 καὶ
2771 3213 2984 3291 σοφίαν.
3015 3214 3304 3294 Διαφόροις
3360 3212 3415 3270 66
3460 3212 3645 3285 ὀνόμασι
3676 3227 3739 3262 κα-

2195 3296 2281 3354 λεῖ
2306 3298 2401 3354 τὸν
2427 3299 2616 3373 νόμον·
2657 3300 2827 3375 νόμος
2880 3303 2972 3376 μὲν
3016 3305 3121 3381 γὰρ
3152 3305 3226 3365 ὡς
3273 3303 3523 3380 ῥυθμίζων
3562 3299 3640 3367 τὴν
3672 3314 3743 3349 πο·

2193 3385 2417 3442 λιτείαν·
2475 3387 2745 3466 μαρτύρια
2800 3386 2859 3444 66
2923 3389 2999 3453 ὡς
3060 3392 3193 3455 τοὺς
3256 3391 3618 3466 ἁμαρτάνοντας
3661 3381 3743 3438 δια-

2197 3476 2661 3554 μαρτυρούμενος·
2722 3475 2995 3553 δικαίωμα
3051 3477 3112 3536 66
3169 3481 3246 3545 ὡς
3307 3479 3518 3550 δικάζων
3582 3476 3630 3530 τὸ
3690 3468 3746 3554 δί-

2192 3552 2596 3635 καιον·⁷ἐντολὴ
2629 3563 2687 3621 66
2715 3566 2789 3629 ὡς
2816 3568 2880 3623 τὸ
2910 3568 3176 3643 πρακτέον
3229 3568 3598 3641 ἐντελλόμενος·
3626 3552 3749 3639 φόϐος

2195 3650 2252 3709 66
2282 3654 2356 3716 ὡς
2393 3651 2761 3725 ἀδυσώτητος·
2807 3655 3046 3730 κρίματα
3087 3655 3146 3713 66
3193 3659 3265 3720 ὡς
3311 3660 3511 3734 ψήφους
3554 3649 3751 3729 ἐκφέρωνν

2194 3743 2269 3805 ὡς
2323 3738 2696 3817 προλαϐόντες
2759 3743 3097 3823 πλατύτερον
3160 3747 3441 3823 εἰρήκαμεν
3493 3744 3538 3799 ἐν
3591 3737 3658 3811 τῷ
3708 3738 3751 3823 μζ

2194 3829 2421 3906 ψαλμῷ.
2453 3833 2510 3885 '0
2546 3832 2715 3906 νόμος
2740 3832 2947 3907 Κυρίου
2976 3822 3236 3910 ἄμωμος,
3267 3834 3568 3910 ἐπιστρέφων
3603 3822 3753 3901 ψυχάς·

2192 3919 2247 3975 τί
2303 3920 2407 3997 γὰρ
2458 3917 2582 3997 ἔχοι
2626 3942 2712 3984 τις
2767 3921 2933 3978 αὐτοῦ
3000 3923 3347 4000 μέμψασθαι;
3395 3921 3520 3977 ὥστε
3574 3916 3645 3973 καὶ
3701 3910 3754 3971 είς

2196 4008 2527 4088 ἐπιστροφὴν
2576 4014 2772 4087 ψυχῶν
2811 4010 2989 4085 ἐτέθη,
3023 4010 3115 4069 διὰ
3158 4019 3264 4069 τῶν
3318 4015 3509 4088 μικρῶν
3548 4007 3606 4063 τὰ
3631 4001 3756 4077 μείζω

2196 4096 2465 4154 διδάσκων
2475 4142 2488 4157 .

2267 4231 2297 4260 ιι
2324 4211 2391 4263 Ἠ
2443 4205 2709 4284 μαρτυρία
2755 4207 2956 4284 Κυρίου
3002 4211 3193 4282 πιστὴ,
3242 4208 3518 4289 σοφίζουσα
3552 4202 3754 4289 νήπιαζ)

2195 4322 2266 4339 ά-
2311 4278 2677 4366 Ἀξιόπιστοζ
2736 4278 2851 4351 ἐπεί⁵
2898 4295 2989 4353 ἀαὶ
3044 4278 3191 4374 παρά
3244 4278 3387 4354 Θεοῦ.
3443 4295 3604 4364 Νήπια
3649 4283 3693 4340 66

2195 4381 2314 4437 καθ’
2357 4379 2606 4453 ἡλικίαν,
2657 4379 2838 4457 ὥσπερ
2886 4384 2979 4439 τὸν
3026 4365 3230 4453 Δανιὴλ
3281 4383 3367 4439 καὶ
3408 4380 3528 4442 τοὺς
3566 4378 3660 4431 κατ’
3691 4365 3758 4457 αὖ·

2194 4469 2309 4525 τόν·
2360 4469 2397 4540 ἢ
2447 4452 2597 4526 κατᾶν
2658 4452 2892 4545 ἀμαθίαν
2959 4472 3301 4549 ἀνθρωπίνης
3355 4469 3549 4548 σοφίας,
3588 4465 3617 4532 ἢ
3657 4452 3756 4514 κατὰ

2196 4557 2418 4614 ἀκακίαν
2428 4601 2443 4616 .

438 4635 628 4725 μαίνει
660 4645 742 4724 66,
803 4649 850 4704 εἰ
912 4635 989 4723 μὴ
1040 4635 1383 4718 πλησιάσεις·
1431 4644 1605 4708 οὕτως
1665 4642 1944 4707 ἐπαινέσας
1999 4642 2091 4699 καὶ
2119 4635 2167 4701 D
2267 4644 2514 4710 Ἄλλως.
2552 4679 2625 4723 _---
2666 4647 2738 4705 T6
2787 4652 3009 4724 Πνεῦμα
3050 4650 3115 4706 τὸ
3153 4649 3307 4726 ἅγιόν
3355 4648 3457 4704 ἐστι
3494 4643 3550 4700 τὸ
3600 4652 3754 4726 μαρτν-

437 4738 500 4794 τὸ
557 4735 766 4801 κάλλος
823 4735 990 4793 αὐτοῦ
1039 4736 1131 4792 καὶ
1185 4736 1284 4804 τὴν
1346 4733 1559 4810 ῥώμην,
1588 4734 1679 4789 καὶ
1729 4734 1819 4788 τὸν
1879 4730 2083 4811 δρόμον

441 4827 607 4883 αὐτοῦ
651 4826 743 4883 καὶ
797 4827 898 4897 τὴν
954 4825 1143 4904 χρείαν
1202 4821 1460 4893 δείκνυσι,
1508 4822 1783 4887 κάντεῦθεν
1842 4827 1939 4878 τοῦ
1996 4843 2089 4877 πε-

441 4916 743 4987 ποιηκότος
797 4914 958 4971 αὐτὸν
1015 4918 1113 4984 τὴν
1173 4911 1464 4992 φιλότιμον
1517 4911 1694 4988 ἰσχύν.
1728 4909 1952 4982 ³Αλλ’ἡ
1988 4913 2083 4985 μὲν

444 5005 605 5073 εὐθής
636 5003 892 5080 ἐξήγησις
926 5007 1034 5059 τῶν
1068 5001 1247 5080 ῥητῶν
1299 5000 1451 5068 αὕτη·
1482 5001 1625 5063 τινὲς
1678 4998 1737 5056 66
1783 4999 1857 5063 εἷς
1909 4998 2088 5071 ἀλλη-

442 5093 632 5170 γορίαν
677 5086 1050 5167 ἐμϐάλλοντες
1095 5091 1250 5165 αὐτὰ,
1300 5088 1453 5169 φασὶν
1510 5088 1735 5163 οὐρανὸν
1797 5090 1892 5163 μὲν
1952 5090 2088 5146 εἶναι

435 5184 505 5238 τὰ
534 5180 758 5246 οὐράνια
803 5185 913 5237 τῶν
964 5180 1265 5255 ἀσωμάτων
1312 5178 1562 5255 τάγματα
1608 5174 1698 5232 διὰ
1748 5178 1949 5241 παντὸς
1993 5179 2086 5234 τὸν

433 5270 565 5329 Θεὸν
626 5267 965 5338 δοκάζοντες,
1023 5269 1099 5332 ὡς
1160 5267 1427 5339 Ἰεζεκιήλ
1481 5268 1572 5323 καὶ
1624 5264 1841 5329 Ἡσαΐας
1923 5264 2089 5337 ἤκου-

435 5380 551 5426 σαν,
601 5356 638 5428 ἢ
695 5354 823 5420 τοὺς
884 5356 1306 5435 ὑπερκειμένους
1362 5361 1471 5412 τῶν
1523 5355 1727 5433 γηίνων
1783 5355 2085 5432 ἀνθρώπων

436 5447 528 5505 καὶ
589 5444 681 5519 διὰ
753 5444 853 5516 τῆς
937 5447 1274 5520 θεωρητικῆς
1352 5444 1677 5524 φιλοσοφίας
1732 5444 1808 5508 εἷς
1864 5445 2088 5523 οὐρανὸν

441 5535 890 5610 ἀνατεταμένους·
977 5538 1259 5609 στερέωμα
1329 5533 1387 5590 66
1455 5534 1582 5598 τοὺς
1668 5534 2087 5612 στερεουμένους

445 5624 536 5683 διὰ
589 5631 690 5695 τῆς
747 5631 1051 5700 πρακτικῆς
1109 5621 1307 5699 ἄνδρας
1362 5623 1452 5679 καὶ
1508 5623 1776 5700 ἀρρήτους
1811 5630 1929 5687 ταῖς
1977 5629 2083 5681 τῶν

442 5715 760 5803 πειρασμῶν
812 5707 1173 5795 προσϐολαῖς·
1232 5710 1442 5793 ἡμέραν
1502 5709 1561 5769 66
1608 5710 1773 5769 πάλιν
1823 5712 1918 5777 τὰς
1979 5735 2088 5801 φω.

2196 4739 2322 4813 ροῦν
2375 4737 2499 4813 περὶ
2552 4720 2660 4793 ’τοῦ
2708 4719 3146 4813 Κυρίου-Ἰησοῦ
3200 4719 3446 4817 Χριστοῦ·
3497 4728 3634 4789 αὐτὸς
3673 4719 3752 4817 γὰρ

2196 4811 2225 4880 6
2271 4811 2467 4902 Κύριος
2539 4821 2690 4901 λέγει
2750 4811 2870 4889 τοῖς
2921 4829 3189 4901 μαθηταῖς
3239 4811 3416 4894 αὐτοῦ,
3461 4817 3571 4897 περὶ
3609 4811 3756 4902 τούτου

2197 4897 2435 4994 φάσκων·
2487 4939 2515 4967 ιι
2573 4897 2733 4970 Ὅταν
2802 4897 2955 4990 ἔλθη,
3022 4897 3204 4994 φησὶν,
3270 4917 3298 4971 ὁ
3348 4897 3755 4994 Παράκλήτοςῌδν

2196 4992 2305 5079 ἐγὼ
2361 5003 2565 5077 πέμψω
2634 5003 2761 5078 ὑμῖν
2829 5007 2978 5079 παρὰ
3034 4992 3139 5060 τοῦ
3207 4999 3536 5089 Ila-1964,16
3591 4992 3757 5089 Ilvam“:

2193 5099 2295 5163 τῆς
2326 5090 2609 5167 ἀληθείας,
2639 5093 2668 5148 ὃ
2702 5093 2730 5147 ὁ
2770 5092 2979 5169 κόσμος
3027 5094 3091 5150 οὐ
3133 5080 3347 5150 δύναται
3391 5084 3578 5153 λαϐεῖν,
3604 5080 3668 5139 ὅτι
3711 5080 3754 5127 0'3

2197 5185 2392 5258 θεωρεῖ
2436 5180 2590 5249 αὐτὸ,
2638 5181 2842 5246 ἐκεῖνος
2894 5186 3224 5261 μαρτυρήσει
3271 5180 3390 5257 περὶ
3434 5179 3570 5251 ἐμοῦ.
3614 5172 3753 5261 »Μιλη-

2197 5248 2379 5326 λονότι
2436 5271 2472 5341 ἡ
2527 5269 2796 5347 μαρτυρία
2851 5248 3083 5347 Κυρίου¹
3118 5248 3181 5330 τὸ
3252 5248 3470 5343 Πνεῦμα-
3520 5264 3575 5318 τὸ
3642 5248 3755 5347 ἅγιτξν

2198 5358 2329 5414 ἐστι.
2378 5337 2626 5414 Τὸναύτὸ
2674 5337 2735 5415 66
2789 5337 2981 5431 νοῆσαι
3023 5362 3112 5418 καὶ
3155 5360 3207 5417 ἐν
3251 5365 3326 5433 τῷ
3355 5337 3571 5434 Ἰορδάνῃ
3605 5337 3755 5420 μικτή

2198 5468 2333 5526 Ριον⁹
2366 5447 2479 5504 ἐκεῖ
2521 5449 2624 5523 γὰρ
2656 5449 2685 5504 δ
2715 5449 3075 5524 Παράκλητος
3127 5451 3218 5506 τὸν
3264 5446 3382 5505 Υῖὸν
3434 5435 3751 5531 ἐμαρτύρησεγο

2196 5536 2465 5600 Ὡσαύτως
2520 5536 2693 5593 καὶέν
2721 5543 2800 5611 τῷ
2849 5540 3158 5615 βαπτισμῷ.
3210 5539 3353 5595 Ἐπεὶ
3406 5532 3488 5590 οὖν
3544 5530 3752 5615 vi???“

2196 5626 2395 5704 Κυρίου
2461 5627 2526 5682 τὸ
2606 5605 2860 5701 Πνεῦμα¹
2898 5628 2961 5683 τὸ
3040 5605 3192 5706 ἀγιον
3263 5624 3572 5700 ὀνομάζεται,
3604 5605 3749 5706 £5“?

2192 5690 2387 5791 νοῆσαι
2441 5717 2610 5790 νήπια
2658 5690 2785 5782 τοὺς
2867 5690 3224 5783 ἀποστόλους·
3293 5690 3470 5777 οτίτινες
3533 5700 3623 5785 πρὸ
3678 5690 3748 5751 τοδ
