3988 6452
169 465 328 526 ma

1397 456 1811 524 EXPOSITIO
1855 458 1934 521 IN
1976 458 2363 523 PSALMOS.

3422 456 3581 528 μη

171 592 421 666 δέξασθαι
473 592 540 648 τὸ
588 592 811 664 Πνεῦμα
854 590 918 645 τὸ
955 588 1129 664 ἅγιον,
1182 590 1370 661 νήπιοι
1446 595 1566 653 ταῖς
1644 588 1827 668 φρεσὶν
1859 590 1915 660 Α
1941 620 2013 634 -—
2040 590 2151 646 Οὐκ
2179 588 2231 645 έν
2258 594 2326 665 τῇ
2359 588 2639 667 μελλούσῃ
2683 596 2796 668 ζωῇ
2850 591 3034 667 μόνον,
3065 593 3213 650 ἀλλά
3257 594 3346 651 καὶ
3403 594 3457 651 ἐν
3509 598 3579 673 τῇ

170 682 467 759 ἐτύγχανον
515 678 605 736 διὰ
649 681 710 734 τὸ
759 677 947 740 ἀτελὲς
992 698 1210 740 τουτοις
1260 677 1549 755 ὑπάρχειν·
1601 678 1691 735 ὅτε
1734 678 1823 735 καὶ

170 768 223 825 ἐν
275 768 355 843 τῷ
403 769 636 844 ὑπερῴῳ
688 766 822 840 μετά
871 765 974 834 τήν
1024 767 1295 841 σωτήριον
1374 765 1658 822 ἀνάστασιν
1709 765 1826 822 ἐκα-

169 858 387 929 θέζοντο
431 858 484 913 οἱ
536 852 857 926 ἀπόστόλοι,
907 850 1187 909 κατελθὼν
1237 855 1265 909 6
1306 854 1666 929 Παράκλητος
1696 854 1825 918 τοὺς

173 946 563 1025 ἀγραμμάτους
616 944 708 1000 καὶ
760 942 936 1006 ἀλιεῖς
985 942 1187 1019 πρώην
1254 943 1600 1021 ὑπάρχοντας
1650 964 1826 1023 σοφω.

172 1036 362 1115 τέρους
412 1034 658 1113 ῥητόρων
708 1031 800 1090 καὶ
847 1032 1096 1088 ἀπάντων
1145 1031 1198 1086 έν
1235 1035 1494 1109 φρονήσει
1553 1035 1826 1107 θαυμαζο.

1941 678 2207 755 παρούσῃ,

2007 790 2036 819 ‹‹
2072 770 2495 843 Παραπτώματα
2539 769 2623 832 τίς
2655 772 2904 841 συνήσει;
2937 796 2964 824 ››
2998 804 3067 816 --
3096 772 3245 827 Ἐπεὶ
3276 776 3310 843 ἡ
3367 773 3575 830 τούτων

1935 854 2152 933 φυλακή
2209 855 2278 911 δι’
2326 859 2544 934 ἀποχῆς
2596 858 2800 931 γίνεται
2845 858 3369 935 πλημμελημάτων.
3408 868 3578 919 Τοῦτο

1936 942 1995 999 δὲ
2024 942 2463 1021 δυσκατόρθωτον
2493 946 2714 1009 εἰκότως
2763 944 3028 1024 διαπορεῖ·
3077 948 3160 1011 τίς
3208 949 3381 1013 οὕτως
3434 945 3581 1007 ἔσται

1938 1033 2176 1105 συνετὸς,
2247 1032 2441 1110 λέγων,
2504 1034 2583 1097 είς
2654 1032 2918 1112 διάκρισιν
2982 1041 3091 1092 τῶν
3153 1036 3586 1114 πλημμελημά-

182 1127 360 1202 μένων
409 1122 694 1194 ἐπέδειξεν·
741 1118 895 1178 οὐδὲν
941 1127 1067 1197 παρ’
1112 1120 1286 1177 αὐτῶν
1328 1122 1430 1191 τήν
1487 1121 1829 1194 ἀντιμισθίαν
1932 1136 2060 1194 των,
2121 1120 2257 1176 ὥστε
2309 1123 2385 1195 μὴ
2435 1122 2774 1195 περιπίπτειν
2824 1124 3046 1195 αὐτοῖς;
3095 1127 3217 1182 τινὰ
3260 1129 3362 1204 γὰρ
3404 1128 3579 1185 αὐτῶν

179 1214 492 1290 δεξάμενος,
555 1209 594 1282 ἤ
669 1210 848 1267 πίστιν
928 1209 1388 1287 εῗΛικρινεστάτην
1464 1208 1555 1266 καὶ
1633 1210 1825 1269 πόθον.

179 1305 410 1363 Δύναται
465 1300 522 1357 δὲ
568 1299 734 1376 λόγος
779 1297 869 1355 καὶ
917 1297 995 1361 εἷς
1039 1304 1109 1354 τὰ
1153 1300 1328 1370 νήπια
1388 1296 1566 1354 ἐκεῖνα
1629 1298 1826 1377 ἀναφέ-

181 1405 387 1471 ρεσθαι,
455 1391 590 1466 ἅπερ
661 1386 797 1463 μετά
856 1386 1022 1462 βειῒων
1087 1387 1394 1442 ὁπαντῶντα
1460 1387 1552 1442 τὸν
1627 1386 1827 1461 Κύριον

180 1483 524 1560 ἀνευφήμουν
575 1478 667 1533 καὶ
709 1474 979 1548 ἐδόξαζον·
1027 1476 1119 1532 καὶ
1167 1475 1273 1552 γάρ
1328 1474 1381 1532 οἳ
1430 1475 1587 1554 σοφοὶ
1633 1475 1723 1531 καὶ
1777 1473 1830 1531 οἱ

180 1573 524 1650 γραμματεῖς
574 1566 638 1622 οὐ
685 1572 917 1636 συνῆκαν
957 1567 1182 1635 ποιῆσαι
1228 1569 1419 1621 τοῦτον
1479 1566 1572 1620 τὸν
1637 1565 1830 1642 ἐλαχι-

185 1659 447 1716 στότατον
473 1676 488 1690 ·
519 1657 691 1728 νήπια
719 1656 825 1731 γὰρ
870 1655 972 1710 ὑπὸ
1018 1657 1116 1709 τοῦ
1147 1653 1302 1730 ἁγίου
1332 1652 1647 1728 Πνεύματος
1676 1672 1830 1732 σοφι-

189 1748 375 1806 σθέντα
404 1745 605 1817 πεποίή
612 1765 790 1802 κασιν.

259 1862 288 1892 ‹‹
318 1838 392 1892 Ta‘:
434 1834 779 1908 δικαιώματα
825 1831 1023 1906 Κυρίου
1070 1831 1244 1905 εὐθέα,
1294 1830 1643 1911 εὐφραίνοντα
1697 1851 1834 1906 καρ-

190 1924 327 1984 δίαν.
362 1950 392 1978 ››
423 1957 494 1969 --
522 1921 702 1995 Μηδὲν
734 1920 955 1977 σκολιὸν
983 1918 1204 1997 ἔχοντα,
1241 1918 1457 1995 μᾶλλον
1494 1922 1588 1996 μὶν
1622 1918 1713 1976 οὗν
1742 1921 1833 1976 καὶ

189 2014 279 2071 διὰ
301 2019 400 2070 τοῦ
447 2010 717 2069 διδάσκειν
766 2010 861 2074 τὰς
906 2007 1137 2086 καρδίας
1186 2009 1559 2088 εὐφραίνοντα*
1591 2008 1629 2080 ἤ
1662 2009 1835 2083 εὐθέα,

190 2106 263 2167 ὡς
293 2103 587 2173 εὐθύτητος
619 2099 687 2172 δη
698 2100 955 2177 μιουργά.

261 2216 292 2248 «
323 2195 386 2249 Ἡ
416 2189 612 2261 ἐντολὴ
662 2188 867 2266 Κύριου
913 2188 1219 2264 τηλαυγὴς,
1272 2187 1581 2266 φωτίζουσα
1639 2185 1841 2266 ὀφθαλσ

196 2281 354 2358 μούς.
388 2302 418 2333 ι(
448 2308 520 2324 --
546 2277 682 2342 Τοὺς
711 2280 811 2348 τῆς
842 2280 1052 2352 ψυχῆς,
1101 2274 1173 2331 δι’
1219 2276 1395 2332 αὐτῶν
1453 2268 1512 2331 δὲ
1565 2274 1655 2331 καὶ
1711 2276 1841 2340 τοὺς

190 2375 290 2429 τοῦ
319 2369 596 2444 σώματος,
638 2366 777 2422 ὣστε
809 2366 886 2440 μή
920 2365 1123 2442 βαίνειν
1155 2366 1232 2429 εἷς
1263 2364 1389 2422 ὁδόν
1413 2366 1677 2443 πονηράν.

267 2482 382 2533 «‘0
436 2470 606 2555 φόϐος
661 2471 865 2550 Κυρίου
922 2471 1104 2549 ἁγνὸς,
1180 2469 1448 2546 διαμένων
1523 2469 1600 2534 είς
1671 2471 1843 2527 αἰῶνα

195 2566 417 2628 αἰῶνος.
452 2588 481 2617 ››
530 2592 600 2608 σι·-
644 2561 837 2637 ⁶Δγνός
869 2602 882 2616 .
942 2561 1016 2624 ὡς
1060 2560 1292 2635 καθαρὸς
1338 2556 1626 2632 διαϐολῆς·
1661 2560 1690 2615 6
1735 2561 1839 2637 γὰρ

195 2656 532 2730 ἀνθρώπινος
582 2648 750 2730 φόϐος
800 2644 1179 2723 διαϐέϐληται,
1228 2647 1405 2705 δειλία
1429 2648 1838 2723 καλοαύμενος·

193 2742 231 2815 ή
289 2737 457 2823 φόϐον
512 2740 738 2796 ἐνταῦθα
788 2739 880 2795 τὸν
948 2737 1296 2794 τελειωτικὸν
1358 2733 1507 2814 λέγει
1558 2736 1618 2801 ὅς
1682 2736 1842 2812 μόνος

195 2832 307 2889 ἐστί
370 2831 625 2907 καθαρὸς,
691 2827 782 2883 διὰ
853 2826 1017 2900 μόνον
1064 2828 1128 2882 τὸ
1187 2828 1263 2901 μὴ
1312 2825 1552 2883 ἐκπεσεῖν
1599 2834 1701 2896 τῆς
1745 2829 1843 2881 τοῦ

196 2924 331 2979 Θεοῦ
380 2920 710 2980 οἰκειώσεως
760 2918 1146 2990 συνιστάμενος
1179 2935 1193 2950 ·
1251 2917 1279 2973 6
1339 2916 1441 2994 γὰρ
1508 2932 1845 2992 στοιχειωτι-

193 3012 288 3074 κὸς
322 3009 424 3068 οὐκ
465 3005 606 3064 ἔστιν
657 3005 837 3083 ἁγνός·
899 3004 1205 3061 συνίστατκι
1252 3004 1354 3082 γὰρ
1403 3002 1493 3060 διὰ
1542 3004 1611 3061 τά
1671 3005 1846 3060 οἰκεῖα

196 3096 663 3174 πλημμελήματα
706 3095 797 3152 καὶ
844 3093 1052 3151 τούτων
1102 3091 1313 3170 εἴρηται
1345 3114 1358 3127 ·
1425 3091 1464 3165 ἥ
1523 3092 1707 3170 ἁγνὸς,
1767 3095 1844 3155 ὡς

200 3188 413 3265 ἁγνείας
443 3184 752 3258 ποιητικός·
816 3182 974 3247 οὗτος
1021 3180 1079 3238 δὶ
1127 3181 1226 3238 οὐκ
1266 3179 1380 3239 ἔστι
1407 3181 1737 3259 πρόσκαιρος
1768 3182 1845 3244 ὡς

201 3277 539 3353 ἀνθρώπινος
578 3271 615 3343 ἤ
674 3274 748 3335 ὡς
795 3273 823 3328 6
871 3271 1304 3347 στοιχειωτικὸς,
1336 3268 1464 3327 ἀλλ’
1496 3269 1600 3347 ὅλῃ
1625 3274 1695 3346 τῇ
1729 3273 1843 3346 ζωῇ

201 3364 678 3443 παρατεινόμενος·
726 3361 790 3417 τὸ
841 3360 946 3437 γὰρ
987 3357 1201 3438 διαρκὲς
1248 3359 1413 3415 αὐτοῦ
1478 3364 1595 3429 νῦν,
1666 3359 1844 3435 οἶμαι,

206 3453 372 3526 δηλοῖ
406 3455 470 3509 τὸ
517 3452 594 3514 εἰς
644 3451 814 3506 αἰῶνα
857 3449 1093 3504 αἰώνων·
1136 3445 1174 3518 ἥ
1206 3448 1369 3525 ἁγνὸς
1404 3448 1499 3522 μὶν
1539 3446 1621 3505 ὅτι
1652 3448 1848 3524 κάθαρ-

207 3565 292 3607 σις
348 3542 662 3619 ἐπιγίνεται,
710 3536 979 3613 διαμένων
1036 3535 1095 3593 δὲ
1148 3536 1231 3593 ὅτι
1288 3536 1492 3600 ἐκεῖνος
1562 3538 1656 3612 μὲν
1718 3536 1851 3614 ἄχρι

203 3632 517 3710 κάθάρσεως
575 3630 812 3709 φθάνων,
880 3622 1202 3683 ἐκϐάλλεται
1277 3623 1367 3682 διὰ
1440 3633 1542 3698 τῆς
1615 3626 1847 3704 ἀγάπης·

207 3722 362 3783 οὗτος
392 3718 451 3775 δὲ
481 3715 851 3792 ἀντεισαχθεὶς
884 3712 1297 3785 συνδιαιωνίζει.

283 3848 305 3878 ε
336 3825 413 3881 Τὰ
456 3823 697 3900 κρίματα
743 3820 943 3897 Κυρίου
996 3817 1246 3892 ἀληθινά.
1292 3843 1321 3874 ››
1371 3853 1441 3865 —-
1480 3820 1744 3894 ’Δληθινά
1773 3821 1850 3885 ὡς

207 3914 344 3990 μόνα
398 3912 599 3990 κυρίως
645 3908 888 3980 ἀπλανῆ,
954 3910 1091 3986 πρὸς
1144 3908 1556 3982 ἀντιδιαστολήν
1605 3915 1713 3965 τῶν
1758 3910 1851 3965 ἀν-

200 4002 487 4081 θρωπίνων
544 3999 824 4077 χριμάτων
883 3998 918 4053 ἅ
970 3996 1314 4069 πεπλάνηται
1384 3997 1508 4054 ὅσον
1567 4001 1703 4077 πρὸς
1746 4001 1847 4070 τὴν

204 4090 368 4170 ἄκραν
404 4084 679 4168 ἀκρίϐειαν
714 4085 802 4143 διὰ
828 4087 930 4156 τήν
959 4090 1058 4141 τοῦ
1085 4090 1181 4142 νοῦ
1202 4084 1492 4144 ἀσθένειαν.

276 4204 307 4233 α
354 4176 760 4251 Δεδικαιωμένα
808 4173 897 4231 ἐπὶ
936 4174 1000 4231 τὸ
1041 4174 1190 4232 αὐτό.
1238 4196 1266 4230 ι
1319 4208 1390 4220 --
1438 4176 1523 4232 Ἐν
1569 4181 1749 4251 ταυτῷ
1793 4175 1852 4233 δὲ

205 4267 431 4325 δίκαια·
490 4266 555 4322 τὸ
611 4265 713 4344 γὰρ
768 4260 972 4341 κυρίως
1020 4261 1221 4336 ἀληθὲν
1297 4264 1410 4338 ἅμα
1484 4265 1574 4320 καὶ
1646 4263 1851 4323 δίκαιόν

205 4356 368 4415 ἔστιν·

280 4472 310 4500 (ε
340 4443 684 4518 Ἐπιθυμητά
731 4442 862 4516 ὑπὲρ
906 4441 1133 4519 χρυσίον
1182 4440 1271 4497 καὶ
1321 4438 1473 4497 λίθον
1526 4439 1710 4517 τίμιον
1750 4465 1853 4502 πο-

206 4534 392 4594 λύν.»
422 4565 488 4580 -
523 4531 681 4609 ’Υπὲρ
732 4532 801 4587 τὰ
854 4537 980 4608 παρ’
1034 4530 1341 4605 ἀνθρώποις
1398 4527 1661 4587 δοκοῦντα
1694 4532 1855 4607 τίμια

205 4629 315 4681 τῶν
366 4623 535 4680 ὑλῶν·
586 4622 616 4677 6
656 4621 761 4698 γάρ
810 4619 1037 4698 ὀρέξεως
1083 4618 1290 4675 τούτων
1336 4617 1573 4683 ἀποστάς
1616 4624 1725 4676 τῶν
1753 4626 1853 4678 τοῦ

206 4718 339 4775 Θεοῦ
395 4710 674 4789 κριμάτων
720 4710 1029 4787 ἀκορέστως
1081 4706 1428 4783 ἐπιθυμήσει,
1467 4710 1710 4765 τουτέστι
1754 4715 1854 4767 τοῦ

209 4803 356 4867 θείου
383 4802 579 4875 νόμου.

281 4915 311 4945 ‹‹
341 4891 442 4947 Καὶ
476 4887 781 4967 γλυκύτερα
827 4887 960 4964 ὑπὲρ
1012 4884 1138 4961 μέλι
1167 4886 1256 4942 καὶ
1286 4885 1503 4961 κηρίον.
1535 4909 1564 4940 »
1596 4921 1665 4931 —
1694 4889 1853 4967 Ὑπὲρ

206 4982 299 5037 τὸν
334 4975 567 5053 σίμϐλον
618 4976 749 5054 ὅπερ
793 4973 1059 5047 ἡδύτατόν
1109 4975 1250 5034 ἐστιν
1304 4975 1381 5038 εἷς
1423 4974 1548 5051 ὐψιν
1592 4976 1683 5031 καὶ
1729 4980 1855 5053 γεῦ-

211 5091 313 5126 σιν.
342 5070 441 5124 Διά
470 5066 529 5123 δὲ
562 5071 671 5122 τῶν
715 5066 1059 5141 τιμιωτέρων
1112 5062 1259 5119 ὑλῶν
1310 5063 1400 5119 καὶ
1446 5067 1544 5119 τοῦ
1589 5060 1857 5138 ἡδυτέρου

215 5159 507 5236 βρώματος
562 5154 784 5233 ἐνέφηνε
831 5155 931 5224 τὴν
1017 5150 1304 5227 ἐπιθυμίαν
1379 5150 1471 5206 καί
1542 5150 1859 5228 γλυκύτητα

209 5252 319 5304 τῶν
350 5246 507 5303 θείων
523 5265 613 5322 κρι
623 5243 828 5317 μάτων.

287 5358 316 5388 ι(
346 5332 447 5389 Καὶ
474 5333 577 5410 γὰρ
608 5333 638 5387 6
669 5328 867 5392 δοῦλός
897 5348 995 5384 σου
1026 5330 1309 5408 φυλάσσει.
1365 5354 1394 5382 ››
1435 5361 1505 5374 —-
1532 5328 1663 5404 Περί
1692 5329 1859 5386 αὐτοῦ

210 5427 375 5481 τοῦτο
434 5421 601 5477 εἶπεν·
631 5417 669 5491 ἤ
701 5419 785 5475 ὅτι
813 5424 921 5483 πᾶς
949 5416 1009 5481 ες
1034 5416 1146 5473 ἐστι
1194 5413 1394 5481 δοῦλός
1435 5439 1532 5473 σου
1577 5418 1713 5473 κατά
1756 5419 1858 5488 τὴν

213 5511 321 5568 ἀπὸ
349 5516 452 5582 τῆς
502 5511 701 5587 ἀρετῆς
745 5506 980 5564 διάθεσιν
1029 5505 1083 5577 ἆξ
1120 5506 1362 5582 ἀνάγκητ
1393 5505 1649 5586 φυλάσσει
1678 5506 1810 5562 αὐτά
1840 5522 1858 5540 '

215 5598 433 5673 δηλαδὴ
483 5602 553 5657 τά
598 5598 977 5677 προρρηθέντα
1022 5596 1194 5652 πάντα
1226 5615 1240 5629 ·
1298 5595 1559 5676 φυλάσσει
1624 5593 1683 5651 δὲ
1741 5596 1859 5653 ἀντὶ

210 5695 310 5748 τοῦ
340 5690 493 5770 φιλεῖ
518 5688 608 5746 καὶ
640 5687 865 5765 ἐνεργεῖ.

282 5803 315 5837 κ
344 5769 437 5841 Ἐν
493 5782 575 5855 τῷ
625 5775 894 5861 φυλάσσεν
948 5773 1087 5834 αὐτά
1139 5772 1497 5841 ἀνταπόδοσις
1564 5769 1777 5852 πολλή.
1825 5794 1859 5829 ιε

1936 1207 2109 1265 λεπτά
2163 1209 2252 1264 καὶ
2307 1209 2635 1275 λανθάνοντα
2686 1212 2776 1267 καὶ
2829 1211 3039 1287 μᾶλλον
3084 1215 3152 1270 τὰ
3206 1216 3342 1272 κατά
3396 1219 3582 1294 ψυχὴν

1936 1318 2029 1353 συν
2041 1297 2316 1371 ιστάμενα.

2009 1411 2037 1439 κ
2071 1388 2166 1442 Ἐκ
2191 1392 2298 1443 τῶν
2329 1388 2569 1467 κρυφίων
2605 1410 2709 1463 μου
2755 1389 3041 1465 καθάρισόν
3099 1414 3182 1466 με.
3213 1416 3241 1446 n
3275 1426 3343 1436 —-
3372 1394 3584 1474 Κρύφια

1938 1472 2087 1551 λέγει
2134 1475 2171 1545 ἢ
2217 1475 2284 1532 τὰ
2340 1476 2392 1531 ἐν
2434 1482 2613 1557 κρυφῇ
2662 1478 3003 1553 πραττόμενα
3029 1472 3513 1555 πλημμελήματα,
3544 1480 3584 1553 ἦ

1936 1564 2065 1627 τοὺς
2111 1565 2248 1620 κατά
2309 1562 2547 1621 διάνοιαν
2617 1569 3034 1641 συνισταμένους
3103 1569 3368 1645 αἰσχροὺς
3427 1569 3582 1647 λογι-

1940 1652 2132 1727 σμοὺς,
2180 1653 2304 1730 περὶ
2352 1655 2426 1709 ὧν
2497 1655 2721 1711 ἱκετεύει
2792 1661 3028 1733 θερμῶς·
3090 1658 3239 1713 οὗτοι
3294 1659 3396 1736 γὰρ
3455 1658 3580 1717 ὅσον

1941 1740 2073 1797 εἷ’σὶν
2129 1743 2368 1820 ἀφανεῖς,
2415 1748 2678 1799 τοσοῦτον
2743 1744 2835 1799 καὶ
2885 1742 3395 1821 δυσκαταγώνιστοι,
3450 1749 3589 1804 κατά

1940 1835 2112 1885 πᾶσαν
2164 1827 2343 1885 ἄδειαν
2396 1830 2744 1904 μολύνοντες·
2790 1838 2898 1888 τῶν
2949 1834 3052 1911 γάρ
3110 1839 3350 1912 φανερῶν
3407 1835 3589 1913 ἀμαρ-

1942 1920 2203 1992 τημάτων
2260 1921 2664 1996 περιγενήσεταί
2706 1942 2811 1993 τις,
2860 1921 2906 1976 εί
2961 1923 3037 1995 μὴ
3092 1922 3252 1979 παντὶ
3310 1922 3593 1996 ἐκδεδίκη-

1943 2027 2051 2063 ται·
2112 2008 2149 2077 ἢ
2201 2008 2443 2085 κρυφίων
2502 2011 2715 2080 νοήσεις
2764 2014 2870 2065 τῶν
2927 2008 2978 2065 έν
3035 2011 3223 2088 ἀγνοίᾳ
3258 2013 3590 2090 ἡμαρτημέά

1945 2116 2075 2153 νων.

2018 2209 2048 2238 ε(
2080 2184 2178 2240 Καὶ
2204 2186 2309 2241 ἀπὸ
2337 2182 2648 2263 ἀλλοτρίων
2683 2192 2858 2266 φεῖσαι
2911 2192 3009 2243 τοῦ
3066 2185 3267 2245 δούλου
3309 2211 3426 2248 σου.
3458 2215 3487 2245 »
3520 2224 3591 2237 —-

1946 2275 2047 2330 Καὶ
2104 2273 2158 2329 έν
2211 2279 2329 2337 τοῖς
2385 2272 2703 2351 ἀλλοτρίοις
2774 2276 3161 2353 ἁμαρτήμασιν
3233 2280 3411 2357 φεῖσαί
3461 2298 3591 2354 μου·

1949 2362 2190 2438 ἐνέχεται
2228 2364 2331 2439 γὰρ
2388 2363 2479 2418 καὶ
2540 2364 2795 2440 βασιλεὺς
2849 2365 3139 2443 ἁμαρτίαις
3192 2368 3472 2443 ὑπηκόων,
3502 2369 3595 2425 καὶ

1948 2450 2236 2527 ἀρχιερεὺς
2267 2456 2385 2515 ταῖς
2413 2457 2511 2507 τοῦ
2543 2450 2701 2525 λαοῦ,
2732 2453 2822 2508 καὶ
2852 2457 3034 2532 πατὴρ
3084 2460 3192 2512 τῶν
3244 2455 3474 2523 παίδων,
3504 2457 3596 2515 καὶ

1950 2537 2215 2611 δεσπότης
2245 2546 2365 2603 ταῖς
2402 2545 2510 2595 τῶν
2557 2538 2789 2597 δούλων·
2842 2541 2967 2598 ὅταν
3015 2544 3066 2615 ἐξ
3112 2543 3377 2618 ἀμελείας
3423 2547 3599 2603 αὐτῶν

1949 2630 2100 2684 οὗτοι
2159 2630 2558 2705 ἁμαρτάνωσιν·
2617 2629 2651 2699 ἢ
2711 2631 2800 2685 καῖ
2867 2630 3178 2709 ἀλλοτρίων
3263 2632 3412 2711 λέγει
3486 2640 3594 2693 τῶν

1947 2721 2207 2793 τυχηρῶν
2239 2718 2717 2793 παραπτωμάτων·
2750 2718 2783 2773 ἃ
2818 2720 2893 2792 μὴ
2924 2721 3061 2775 κατά
3089 2721 3424 2798 προαίρεσιν,
3450 2723 3597 2780 ἀλλά

1950 2805 2256 2882 περίστασιν
2286 2805 2545 2882 γίνονται·
2568 2807 2605 2876 ἢ
2636 2804 2943 2884 ἀλλοτρίων
2973 2811 3188 2879 νοήσεις
3217 2815 3325 2866 τῶν
3354 2812 3592 2889 ἐχθρῶν,

1952 2892 2058 2949 εἷίτε
2088 2895 2294 2970 ὁρατῶν
2329 2892 2436 2949 εἴτε
2461 2893 2724 2969 ἀοράτων.

2024 3007 2053 3036 ‹‹
2086 2984 2208 3039 Ἐἀν
2245 2985 2320 3057 μή
2353 3003 2459 3039 που
2506 2984 2985 3061 κατακυριεύσωσι,
3015 2987 3139 3044 τότε
3187 2985 3422 3063 ἄμωμος
3472 2988 3592 3044 ἔσο-

1958 3093 2074 3146 μαι.
2118 3096 2147 3124 »
2200 3105 2269 3115 -——-
2321 3073 2443 3129 Ἐἀν
2483 3072 2704 3129 ἐνταῦθα
2754 3076 2831 3148 μὴ
2887 3078 3175 3146 νικήσωσι,
3222 3076 3345 3133 τότε
3385 3077 3450 3133 τὸ
3505 3077 3597 3135 τέ-

1956 3161 2105 3218 λειον
2133 3157 2257 3234 ἔξω·
2289 3166 2377 3217 νῦν
2407 3164 2508 3240 γὰρ
2544 3162 2590 3218 εἰ
2618 3163 2708 3219 καὶ
2739 3164 2911 3243 φύλαξ
2940 3164 3057 3240 εἰμὶ
3085 3169 3182 3221 τοῦ
3226 3166 3419 3241 νόμου,
3451 3166 3602 3225 ἀλλά

1952 3255 2121 3306 ταῦτα
2148 3247 2361 3329 πεφόϐη
2372 3272 2489 3325 μαι.

2029 3340 2189 3395 «Καὶ
2243 3341 2707 3414 καθαρισθήσομαι
2777 3342 2884 3397 ἀπὸ
2941 3342 3206 3419 ἁμαρτίας
3268 3343 3535 3420 μεγάλης.
3567 3366 3598 3398 »

1957 3461 2028 3472 —
2056 3427 2309 3505 Μεγάλην
2343 3429 2606 3505 ἁμαρτίαν
2634 3431 2702 3485 τὰ
2730 3429 2848 3507 εἷ’ρη
2860 3430 2987 3504 μένα
3032 3430 3211 3499 καλεῖ,
3243 3432 3290 3487 εἰ
3347 3432 3438 3488 καί
3490 3452 3601 3489 τισι

1960 3515 2209 3573 δοκοῦσιν
2272 3517 2726 3595 εὐκαταφρόνητα·
2782 3519 2873 3574 καὶ
2932 3522 2960 3575 6
3023 3522 3160 3576 κατά
3215 3518 3448 3577 διάνοιαν
3494 3523 3601 3600 γὰρ

1963 3605 2247 3681 μολυσμὸς
2307 3604 2492 3662 διώκει
2544 3608 2645 3676 τήν
2698 3606 2860 3683 χάριν
2906 3613 3003 3664 τοῦ
3033 3606 3363 3685 Πνεύματος,
3392 3610 3482 3666 καὶ
3538 3611 3605 3668 τὸ

1958 3701 2197 3773 παρορᾷν
2223 3693 2352 3757 τοὺς
2385 3694 2488 3749 ὑπὸ
2518 3701 2678 3770 χεῖρα
2705 3695 3058 3769 πλημμελεῖν
3088 3705 3189 3768 τῆς
3239 3696 3361 3770 ἷ¹σης
3419 3698 3605 3763 αὐτοῖς

1960 3783 2070 3841 ἐστι
2101 3780 2395 3854 καταδίκης
2425 3783 2462 3852 ἢ
2488 3783 2578 3838 καὶ
2613 3783 2862 3856 μείζονος
2893 3781 3066 3856 ἄξιον.

2031 3898 2059 3926 ‹‹
2092 3872 2191 3929 Καὶ
2222 3868 2429 3928 ἔσονται
2458 3871 2535 3935 είς
2569 3869 2817 3928 εὐδοκίαν
2842 3874 2910 3929 τά
2956 3874 3121 3951 λόγια
3176 3879 3275 3932 τοῦ
3332 3876 3606 3951 στόματός

1964 3983 2088 4038 μου.
2148 3986 2178 4016 ››
2211 3993 2280 4004 --
2331 3956 2482 4032 Τότε,
2541 3962 2724 4040 φησὶν,
2774 3960 2983 4018 ἔσονται
3038 3964 3128 4019 καὶ
3179 3964 3231 4020 οἳ
3288 3964 3445 4043 λόγσι
3500 3973 3603 4038 τῆς

1957 4058 2274 4128 προσευχῆς
2334 4071 2439 4124 μου
2486 4050 2564 4113 εἷς
2621 4050 2989 4126 εὐαρέστησιν,
3020 4051 3111 4108 καὶ
3159 4051 3426 4130 προσδέξῃ
3480 4053 3606 4111 τού-

1956 4161 2103 4214 τους,
2132 4139 2222 4195 ὅτε
2246 4138 2336 4194 καὶ
2365 4137 2472 4194 ἀπὸ
2501 4143 2608 4193 τῶν
2634 4138 2935 4215 εἰρημένων
2961 4143 3376 4218 καθαρισθῶσιν.

2032 4253 2062 4283 ‹‹
2101 4229 2202 4283 Καὶ
2256 4229 2292 4298 ἡ
2355 4225 2555 4301 μελέτη
2612 4235 2711 4298 τῆς
2761 4227 2984 4301 καρδίας
3047 4250 3152 4303 μου
3212 4228 3441 4286 ἐνώπιόν
3501 4251 3599 4287 σου

1960 4314 2273 4379 διαπαντός.
2316 4340 2345 4368 ››
2374 4321 2661 4371 -Ἔσται
2719 4314 2888 4386 δῆλον
2948 4318 3054 4373 ὅτι·
3115 4319 3162 4375 εἰ
3217 4319 3322 4395 γὰρ
3368 4318 3460 4375 καὶ
3520 4320 3598 4394 μὴ

1961 4407 2215 4480 ἀπομάθη
2280 4403 2507 4479 μελετᾷν
2557 4404 2693 4474 αὕτη
2737 4406 2805 4460 τὰ
2853 4406 3075 4483 αἰσχρὰ,
3124 4406 3224 4463 οὐκ
3297 4406 3359 4463 ἂν
3419 4408 3487 4464 τὰ
3534 4409 3603 4465 σὰ

1964 4492 2255 4569 μελετήσοι
2285 4492 2376 4549 καὶ
2406 4494 2488 4556 οἷς
2519 4493 2735 4570 χαίροις
2761 4493 2941 4557 αὐτός.

2033 4605 2063 4635 ι(
2093 4580 2277 4657 Κύριε,
2311 4579 2479 4657 βοηθέ
2510 4601 2615 4654 μου
2643 4582 2733 4636 καὶ
2765 4582 3014 4659 λυτρωτά
3046 4602 3172 4656 μου.
3202 4608 3230 4636 ››
3264 4614 3336 4630 --
3390 4585 3468 4641 Σὺ
3496 4582 3602 4660 γάρ

1883 4695 1931 4761 D
1968 4692 2061 4761 μοι
2096 4671 2389 4761 βοηθήσεις
2422 4668 2766 4761 λυτρᾲωθῇναι
2794 4673 2883 4726 καὶ
2931 4671 3226 4761 λυτρώσεις
3281 4676 3390 4728 τῶν
3445 4673 3606 4761 εἷρη-ξ-

1967 4758 2159 4833 μένων·
2194 4759 2232 4828 ἢ
2264 4758 2428 4836 Κύριε
2457 4759 2486 4812 6
2542 4759 2756 4832 βοηθῶν
2820 4780 2912 4832 μοι
2972 4758 3024 4814 ἐν
3084 4761 3168 4822 οἷς
3214 4765 3484 4837 κατορθῶ,
3516 4760 3606 4817 καὶ

1964 4846 2331 4923 λυτρούμενος
2367 4846 2418 4901 ἐν
2453 4848 2534 4907 οἷς
2566 4845 2898 4921 περιπίπτω·
2948 4848 3010 4903 τὸ
3060 4849 3266 4923 μέντοι,
3298 4873 3330 4902 ‹‹
3362 4851 3454 4905 Ἐκ
3495 4853 3605 4904 τῶν

1961 4936 2202 5015 κρυφίων
2240 4957 2343 5009 μου
2373 4934 2660 5011 καθάρισόν
2696 4955 2781 5009 με,
2825 4959 2854 4988 ››
2883 4936 2973 4991 καὶ
2999 4938 3069 4993 τά
3096 4936 3215 5008 ἑξῆς
3247 4939 3452 4994 ἅπαντα
3477 4942 3608 4994 aria:

1963 5029 2181 5087 πιστοῖς
2215 5024 2514 5101 ἁρμόζουσι
2547 5022 2815 5099 λέγεσθαι.

2557 5152 2853 5204 ΨΔΛΜΟΣ
2894 5150 2995 5207 ῙΘ’.

2038 5263 2067 5291 ‹‹
2098 5236 2192 5300 Εἷς
2221 5235 2383 5299 τέλος
2415 5233 2634 5311 ψαλμὸς
2663 5235 2744 5310 τῷ
2774 5235 2960 5296 Δαυίδ.
2994 5262 3025 5290 ››
3056 5272 3127 5282 --
3182 5238 3277 5303 Εἷς
3331 5241 3394 5296 τὸ
3450 5240 3613 5305 τέλος

1964 5325 2055 5383 καὶ
2087 5324 2267 5388 οὗτος·
2310 5325 2385 5388 ὡς
2435 5324 2819 5402 προαγορεύων
2862 5327 2931 5381 τὰ
2981 5325 3258 5401 μέλλοντα
3300 5329 3462 5393 τέλος
3520 5327 3618 5385 λα-

1966 5410 2080 5471 ϐεῖν
2137 5413 2224 5470 ἐπὶ
2280 5412 2521 5483 Ἐζεκίου
2585 5412 2870 5489 βασιλέως·
2902 5420 3000 5471 τοῦ
3050 5417 3154 5493 γὰρ
3200 5418 3486 5495 Ἀσσυρίου
3516 5424 3615 5474 Σε-

1966 5503 2250 5580 ναχηρεὶμ
2296 5501 2385 5558 διὰ
2433 5503 2750 5577 Ῥαμψάκου
2801 5504 2868 5559 τά
2921 5502 3222 5585 βλάσφημα
3273 5507 3451 5563 ἐκεῖνα
3508 5529 3617 5583 μη-

1965 5592 2245 5663 νύσαντος,
2303 5590 2681 5667 περιαλγήσας
2752 5592 2994 5662 Ἑζεκίας
3078 5592 3305 5672 ἔδραμεν
3378 5596 3453 5659 εἷς
3525 5596 3620 5653 τὸν

1968 5684 2110 5739 θεῖον
2166 5682 2294 5737 ναὸν
2322 5681 2397 5743 ὡς
2424 5682 2460 5751 ἡ
2491 5684 2601 5736 τῶν
2674 5681 2962 5759 βασιλειῶν
3027 5678 3221 5759 βίϐλος
3272 5685 3491 5762 ἱστορεῖ·
3527 5683 3620 5742 καὶ

1970 5769 2261 5853 ἀνήγγειλε
2313 5771 2489 5828 πάντα
2570 5769 2654 5848 τῷ
2726 5773 2845 5847 Θεῷ
2915 5768 3123 5851 ἄμυναν
3197 5770 3622 5857 ἐκκαλούμενος.
