3988 6442
181 443 326 503 141⁷7

1390 439 1802 506 EXPOSITIO
1845 441 1923 504 IN
1969 439 2354 507 PSALMOS.

3420 447 3577 510 1H8

180 574 206 628 6
235 570 391 629 Δαυῒδ
436 575 599 630 τοῦτο
642 571 911 653 προϊδὼν,
960 571 1092 650 61:69
1143 572 1384 644 Ἐζεκίου
1441 576 1634 629 τοῦτον
1703 570 1812 643 ἐξε-
1842 577 1895 645 Α
1924 571 2008 645 τὸ,
2059 596 2088 625 ‹‹
2137 575 2255 629 "011
2317 570 2467 647 διίγης
2535 573 2683 648 αὑτῷ
2747 571 2996 651 εὐλογίαν
3063 573 3141 638 είς
3207 573 3381 630 αἰῶνα
3438 575 3573 631 αἰῶ.

179 664 438 744 φώνησεν.

247 777 273 805 ιι
301 752 488 830 Κύριε,
523 752 575 808 ἐν
627 757 697 828 τῇ
765 749 988 826 δυνάμει
1045 773 1142 807 σου
1199 752 1620 831 εὐφρανθήσεται
1657 752 1686 807 ὁ
1721 751 1814 827 βα-

178 840 372 904 σιλεύς.
410 865 439 894 ››
487 876 557 886 --
603 844 684 916 Τῇ
738 842 1012 918 βοηθούση
1063 840 1210 915 αὐτῷ
1255 841 1346 897 καὶ
1379 841 1455 904 είς
1483 841 1546 896 τὸ
1578 841 1699 911 ἑξῆς
1731 840 1814 895 εὐ-

174 932 540 1008 φρανθήσεται·
572 931 664 986 καὶ
720 935 879 986 τοῦτο
935 930 1259 1004 πιστεύομεν
1294 931 1398 985 ἀπὸ
1452 934 1559 985 τῶν
1600 927 1809 1006 προλα-

172 1015 365 1075 ϐόντων
399 1020 649 1096 εὐεργετη
660 1017 865 1094 μάτων.

242 1148 268 1180 11
296 1127 398 1183 Καὶ
429 1126 517 1182 ἐπὶ
541 1131 620 1198 τῷ
644 1126 903 1201 σωτηρίῳ
935 1147 1030 1180 σου
1077 1124 1466 1201 ἀγαλλιάσεται
1520 1121 1743 1204 σφόδρα.
1779 1149 1808 1180 ››

169 1247 234 1258 -
265 1216 384 1270 Ἐπὶ
413 1219 481 1288 τῇ
509 1216 656 1289 παρὰ
683 1219 778 1269 σοῦ
809 1214 1071 1290 σωτηρίᾳ.

239 1329 266 1356 ‹‹
295 1305 399 1373 Τήν
435 1301 722 1376 ἐπιθυμίαν
774 1306 873 1372 τῆς
924 1307 1111 1380 ψυχῆς
1153 1302 1316 1358 αὐτοῦ
1343 1299 1548 1366 ἔδωκας
1581 1302 1746 1376 αὐτῷ.
1781 1327 1803 1356 ε

168 1425 230 1436 -
262 1393 327 1448 Ἦ
349 1394 450 1462 τὴν
481 1393 618 1448 κατὰ
643 1396 752 1448 τῶν
785 1392 1000 1468 ἐχθρῶν
1056 1391 1235 1462 νίκην,
1262 1393 1301 1461 ἢ
1331 1393 1432 1462 τὴν
1489 1393 1805 1468 προσθήκην

166 1487 261 1551 τῆς
292 1485 460 1551 ζωῆς,
492 1481 529 1550 ἢ
563 1478 754 1543 ἁπλῶς
783 1485 954 1536 πᾶσαν
987 1479 1226 1551 ἀξίωσιν.

239 1612 266 1640 ‹‹
295 1587 394 1643 Καὶ
423 1587 521 1656 τὴν
555 1585 739 1658 δέησιν
788 1591 894 1641 τῶν
927 1584 1161 1663 χειλέων
1219 1587 1383 1643 αὐτοῦ
1443 1587 1542 1643 οὐκ
1593 1587 1810 1662 ἐστέρη-

171 1696 257 1738 σας
285 1675 460 1733 αὐτόν.
485 1700 517 1728 1)
551 1709 621 1718 ——
660 1677 732 1730 T6
781 1676 910 1731 αὐτὸ
952 1675 1117 1731 πάλιν
1158 1673 1470 1748 δεδήλωκεν
1520 1678 1634 1732 οἷον
1685 1676 1806 1748 ἐνη-

172 1763 390 1838 δόμενος
434 1768 505 1838 τῇ
555 1764 891 1841 εὐχαριστίᾳ·
940 1765 1002 1820 οὗ
1051 1767 1154 1842 γάρ
1199 1787 1284 1828 τις
1331 1766 1602 1840 ἐπιθυμεῖ,
1644 1769 1806 1822 τοῦτο

167 1853 252 1908 καὶ
300 1851 386 1908 διὰ
427 1857 538 1908 τῶν
586 1853 822 1929 χειλέων
873 1853 1030 1909 αἰτεῖ·
1062 1852 1284 1924 θέλησιν
1327 1855 1429 1931 γὰρ
1469 1859 1560 1909 νῦν
1591 1855 1690 1925 τήν
1722 1852 1806 1909 α’ί-

165 1963 314 2014 τησιν
338 1943 623 2016 νοήσομεν.

235 2034 405 2087 «Ὅτι
452 2032 798 2110 προέφθασας
847 2031 1006 2088 αὐτὸν
1059 2031 1112 2087 ἐν
1166 2032 1444 2108 εὐλογίαις
1491 2032 1809 2108 χρηστότη-

162 2141 270 2182 τος.
301 2143 330 2173 11
366 2150 433 2165 —-
465 2119 687 2190 Ἐπειδή
715 2120 805 2176 καὶ
863 2116 1166 2197 προέλαϐες
1214 2121 1371 2176 αὐτὸν
1417 2122 1524 2198 πρὸ
1570 2128 1671 2193 τῆς
1717 2122 1808 2177 αί-

161 2211 364 2280 τιςσεως
415 2209 708 2284 εὐεργετῶν
753 2208 1047 2272 πολλάκις·
1101 2209 1354 2287 εὐλογίαν
1403 2212 1504 2288 γὰρ
1549 2215 1643 2267 νῦν
1704 2212 1804 2282 τὴν

164 2295 461 2373 εὐεργεσίαν
489 2296 908 2373 ὑποληψόμεθα·
941 2297 1220 2376 εὐλογίαις
1267 2295 1328 2354 86
1375 2303 1494 2361 ταῖς
1546 2305 1650 2370 τῆς
1705 2306 1807 2371 σῆς

160 2385 553 2462 χρηστότητος.

233 2498 261 2528 ‹‹
287 2475 522 2547 Ἕθηκας
553 2474 642 2532 ἐπὶ
669 2476 770 2546 τήν
809 2476 1052 2556 κεφαλὴν
1081 2477 1245 2532 αὐτοῦ
1276 2476 1530 2555 στέφανον
1557 2476 1618 2533 ἐκ
1646 2475 1804 2542 λίθου

158 2563 364 2636 τιμίου.
427 2588 456 2616 11
521 2597 592 2608 -—-
647 2563 943 2640 Καταλέγει
998 2567 1095 2629 τὰς
1153 2565 1478 2643 εὐεργεσίας,
1539 2565 1621 2622 6'11
1697 2568 1803 2642 1:96

157 2653 368 2709 πάντων
399 2651 642 2732 ἐχαρίσω
665 2653 728 2710 τὸ
761 2651 1005 2730 διάδημα
1039 2653 1335 2730 βασιλείας.

232 2783 254 2814 ε
286 2761 438 2829 Ζωὴν
496 2761 739 2836 ᾐτήσατό
798 2783 875 2836 σε,
906 2762 995 2817 καὶ
1056 2759 1262 2826 ἔδωκας
1293 2761 1459 2836 αὐτῷ.
1491 2789 1519 2817 ››
1551 2796 1620 2808 -—
1643 2767 1803 2820 Ὥστε

158 2850 233 2922 μή
294 2850 380 2905 ὑπ’
425 2849 661 2926 ἐχθρῶν,
708 2852 849 2924 μήτε
897 2851 1000 2907 ὑπὸ
1048 2849 1222 2908 νόσων
1272 2850 1577 2910 ἀποθανεῖν·
1629 2853 1803 2934 ἀμφό-

152 2957 278 3015 τερα
296 2939 398 3015 γὰρ
430 2937 653 2994 ἐνταῦθα
681 2941 970 3015 νοήσομεν.

221 3069 251 3098 ‹‹
281 3047 607 3122 Μακρότητα
660 3049 882 3122 ἡμερῶν
929 3049 1008 3112 είς
1061 3047 1233 3105 αῗῶνα
1281 3049 1495 3112 αἰῶνος.
1529 3073 1558 3103 ››
1611 3083 1680 3092 -
1723 3050 1797 3107 Οὐ

155 3133 311 3207 μόνον
358 3135 548 3199 ἅπλῶς
600 3137 764 3208 ζωὴν,
824 3135 970 3193 ἀλλὰ
1029 3138 1120 3193 καὶ
1203 3137 1431 3214 μακράν.
1480 3138 1550 3194 T6
1607 3137 1666 3195 86

150 3223 319 3278 αἰῶνα
375 3224 570 3288 αἰῶνος
629 3226 657 3279 6
712 3227 1002 3303 προφήτης
1077 3227 1283 3301 κυρίως
1365 3227 1458 3301 μὶν
1536 3227 1624 3283 ἐπὶ
1699 3234 1795 3284 τοῦ

152 3310 456 3386 μέλλοντος
509 3314 600 3369 καὶ
649 3312 986 3370 ἀκαταλύτου
1041 3315 1234 3378 αἰῶνος
1293 3316 1528 3387 τίθησιν,
1577 3314 1690 3373 ἔστι
1749 3315 1796 3373 δ’

150 3400 238 3456 ὅτε
290 3402 380 3457 καὶ
455 3401 542 3457 ἐπὶ
613 3411 716 3474 τῆς
795 3409 1005 3479 μακρᾶς
1081 3411 1349 3480 χρονικῆς
1425 3405 1796 3483 παρατάσεως,

1921 681 2032 723 νος.
2067 684 2098 714 11

1999 772 2029 805 α
2059 748 2189 826 Περὶ
2237 757 2340 821 τῆς
2388 751 2664 828 εὐλογίας.
2701 776 2729 805 ››
2763 757 2824 808 Ἦ
2872 750 3095 830 εὐλογία
3132 753 3266 808 11016
3315 752 3410 829 μὲν
3470 773 3572 827 01)-

1926 837 2101 912 μαίνει
2149 841 2248 909 τήν
2299 840 2593 918 εὐφημίαν,
2624 841 2701 904 ὡς
2745 842 2830 909 τὸ,
2862 865 2892 895 ‹‹
2932 839 3162 919 Εὐλόγει
3189 845 3227 912 ἡ
3257 845 3412 920 ψυχή
3465 860 3570 918 μου

1918 927 2012 982 τὸν
2043 926 2261 1004 Κύριον·
2297 952 2326 981 ››
2354 927 2570 986 1101686
2597 930 2697 1000 τὴν
2737 931 2922 1007 γάριν,
2954 931 3030 994 ὡς
3075 931 3160 1005 τὸ,
3212 951 3243 985 11
3290 932 3569 1012 Προέφθα-

1920 1037 2016 1078 σας
2064 1015 2223 1071 αὐτὸν
2275 1017 2328 1073 ἐν
2379 1017 2653 1096 εὐλογίαις
2700 1019 3100 1095 χρηστότητος·
3148 1041 3180 1073 11
3226 1017 3308 1076 ἔτι
3357 1018 3418 1076 86
3475 1022 3568 1077 καὶ

1917 1106 2018 1175 τὴν
2071 1104 2353 1179 μετάδοσιν
2397 1112 2497 1162 τοί.»⁹
2545 1109 2837 1184 ἁγιασμοῦ,
2869 1107 2948 1172 ὡς
2994 1107 3085 1164 ἐπὶ
3129 1113 3229 1165 τοῦ
3274 1110 3566 1183 παρόντος·

1920 1191 2030 1249 ἔστι
2097 1191 2144 1250 δ’
2192 1193 2282 1250 ὅτε
2344 1195 2433 1250 καὶ
2500 1197 2602 1266 τήν
2677 1194 3050 1275 βλασφημίαν·
3101 1197 3199 1271 ὡς,
3251 1220 3282 1252 11
3323 1199 3396 1254 Ἦ
3456 1200 3564 1274 μὴν

1919 1281 1995 1344 είς
2061 1283 2354 1360 πρόσωπόν
2418 1305 2477 1340 σε
2541 1283 2850 1361 εὐλογήσει.
2915 1309 2946 1338 11
2991 1285 3095 1344 Καὶ
3146 1287 3255 1360 μὴν
3317 1286 3408 1344 καὶ
3459 1288 3562 1358 τὴν

1916 1371 2363 1449 προσαγόρευσιν,
2412 1373 2486 1436 ὡς
2534 1373 2586 1428 ἐν
2634 1377 2704 1448 τῇ
2761 1371 2808 1430 δ’
2862 1379 2973 1431 τῶν
3039 1373 3340 1432 Βασιλειῶν
3405 1391 3568 1455 φησιν

1917 1459 2228 1524 Ἐλισσαῖος
2267 1462 2404 1539 πρὸς
2451 1468 2631 1533 Γιεζῆ·
2665 1486 2695 1516 ‹‹
2728 1462 2850 1519 Ἐὰν
2897 1462 3058 1541 εὕρῃς
3105 1461 3294 1540 ἄνδρα,
3325 1464 3425 1522 οὐκ
3473 1466 3560 1521 εὐ-

1918 1548 2178 1626 λογήσεις
2236 1551 2419 1611 αὐτόν.
2485 1551 2589 1611 Καὶ
2653 1551 2742 1609 ἐὰν
2799 1551 3070 1631 εὐλογήσῃ
3133 1573 3193 1611 σε
3252 1553 3412 1632 ἀνὴρ,
3464 1553 3567 1612 οὐκ

1915 1637 2256 1715 ἀποκριθήσῃ
2283 1640 2450 1714 αὐτῷ.
2481 1664 2511 1694 n

1989 1752 2018 1782 ι(
2049 1727 2349 1807 Εὐφρανεῖς
2415 1729 2576 1785 αὐτὸν
2627 1728 2680 1786 ἐν
2726 1735 2873 1808 χαρᾷ
2922 1730 3058 1806 μετᾶ
3099 1734 3198 1788 τοῦ
3261 1733 3561 1810 προσώπου

1918 1837 2034 1874 σου.
2068 1839 2098 1869 ››
2127 1849 2197 1862 --
2227 1818 2283 1871 Ὁ
2315 1816 2627 1894 Σύμμαχος
2653 1821 2990 1896 ἡρμήνευσεν
3025 1844 3046 1873 ι
3096 1820 3202 1877 ἀπὸ
3247 1819 3346 1877 τοῦ
3389 1843 3561 1900 προσ»

1917 1906 2069 1960 ώπου
2125 1927 2242 1975 σου,
2270 1905 2572 1962 »τουτέστι
2624 1903 2714 1962 διὰ
2762 1913 2862 1978 τῆς
2922 1915 3022 1978 σῆς
3079 1905 3405 1981 ἐπισκοπῆς·
3447 1911 3565 1967 ἐπι-

1835 1953 1884 2020 Β
1917 1953 2150 2070 ξλὲῷειξ
2162 1953 2389 2073 Ep};
2400 1953 2602 2070 135;,
2627 1953 2719 2052 II:
2750 1953 3364 2074 έέεζειξὲιὶηζιξζξᾶῗτζῖζ

1987 2125 2017 2154 ε(
2048 2104 2167 2158 "011
2215 2103 2246 2156 6
2299 2101 2553 2178 βασιλεὺς
2607 2103 2817 2174 ἐλπίζει
2865 2102 2956 2160 ἐπὶ
2993 2103 3192 2180 Κύριον
3253 2105 3345 2161 καὶ
3391 2105 3447 2162 ἐν
3481 2095 3563 2181 τῷ

1913 2186 2057 2246 ἐλέει
2126 2193 2224 2246 τοῦ
2275 2190 2527 2267 Ὑψίστου
2579 2192 2643 2247 οὐ
2701 2194 2780 2266 μή
2813 2191 3072 2268 πλευθῇ.
3104 2217 3136 2247 ››
3185 2225 3255 2238 -ο
3303 2194 3420 2252 Οὐκ
3470 2194 3560 2253 ἐπὶ

1913 2279 2330 2356 στρατεύμασιν,
2397 2279 2512 2337 οὐδ’
2569 2280 2664 2337 ἐπὶ
2731 2280 2958 2357 πλούτῳ
3036 2282 3290 2340 πέποιθεν
3344 2280 3383 2354 ἤ
3448 2303 3540 2340 τισ

1917 2368 2211 2442 τοιούτοις,
2243 2367 2370 2426 ἀλλ’
2399 2368 2492 2426 ἐπὶ
2547 2366 2699 2444 μόνῳ
2725 2369 2809 2445 τῷ
2841 2372 3129 2448 βοηθοῦντι
3177 2376 3314 2447 θεῷ·
3369 2371 3458 2430 διὸ
3493 2373 3558 2432 οὐ

1909 2460 2212 2536 περιτραπή
2221 2477 2386 2516 σεται.

1985 2570 2015 2601 ‹‹
2044 2547 2303 2624 Εὐρεθείη
2333 2551 2370 2618 ἡ
2404 2549 2529 2626 χείρ
2559 2569 2657 2604 σου
2685 2553 2818 2605 πίσι
2852 2553 2970 2615 τοῖς
3009 2549 3240 2628 ’ἐχθροῖς
3431 2574 3462 2604 ›ι
3491 2579 3564 2598 -

1911 2639 2045 2691 Θεοῦ
2075 2635 2199 2712 χεὶρ
2229 2637 2264 2705 ἡ
2298 2635 2416 2691 θεία
2445 2634 2748 2711 δύναμις,ᾗ
2773 2644 3081 2713 περιπεσεῖν
3113 2634 3332 2716 εὔχεται
3357 2637 3563 2706 πάντας

1909 2723 2037 2786 τοὺς
2091 2725 2182 2780 τὸν
2245 2724 2440 2801 Κύριον
2513 2725 2993 2806 βλασφημοῦντας·
3043 2724 3286 2806 εὐρεθείη
3351 2728 3560 2804 αὐτοῖς,

1910 2811 2070 2892 φησὶν
2099 2811 2176 2876 εῗς
2201 2813 2496 2890 τιμωρίαν.

1979 2926 2009 2954 ‹‹
2040 2902 2104 2956 Ἥ
2134 2899 2279 2973 δεξιά
2307 2923 2403 2958 σου
2430 2899 2578 2979 εὕροι
2607 2902 2806 2968 πάντας
2833 2903 2964 2968 τοὺς
2997 2903 3284 2978 μισοῦντάς
3311 2926 3392 2965 σε.
3425 2930 3456 2961 η
3485 2935 3558 2953 -ι

1906 2991 2316 3066 Καταλήψαιτο.

1980 3103 2009 3134 ‹‹
2039 3081 2232 3152 Θήσεις
2289 3079 2484 3143 αὐτοὺς
2539 3080 2617 3144 ὡς
2669 3075 2928 3138 κλίϐανον
2984 3082 3156 3160 πυρὸς
3228 3080 3309 3146 εἷς
3364 3081 3553 3156 καιρὸν

1719 3138 1798 3244 εἶξ
1903 3173 2000 3224 τοῦ
2069 3168 2366 3246 προσώπου
2435 3181 2553 3228 σου.
2627 3187 2656 3223 1‘1
2706 3201 2777 3214 -ο
2830 3138 3162 3248 Ἐμπρήσεις
3217 3170 3412 3235 αὐτοὺς
3459 3138 3550 3244 Ιτῷ

1904 3259 2036 3334 πυρὶ
2063 3264 2164 3329 τῆς
2195 3258 2362 3337 ὀργῆς
2393 3277 2509 3314 σου·
2541 3254 2799 3315 κλίϐατον
2833 3257 2893 3314 86
2938 3261 3110 3337 πυρὸς
3156 3261 3219 3316 τὸ
3264 3259 3548 3316 ὀπτανεῖον

1826 3321 1870 3390 C
1905 3350 2013 3402 τῶν
2077 3321 2285 3423 ἄρτωνί
2357 3348 2433 3410 εἰς
2504 3349 2690 3426 καιρὸν
2767 3347 2826 3404 86
2885 3353 2983 3405 τοῦ
3017 3321 3368 3426 ιπροσώπου,
3433 3347 3552 3406 ἀντὶ

1905 3440 2004 3492 τοῦ
2034 3433 2086 3492 ἐν
2111 3440 2192 3509 τῷ
2220 3437 2396 3513 καιρῷ
2434 3440 2536 3507 τῆς
2583 3436 2906 3508 ἐπισκοπῆς,
2939 3437 3063 3494 ὅταν
3113 3436 3298 3513 ἐπίδῃς
3354 3436 3552 3502 αὐτοὺς

507 3493 520 3509 ‘
643 3493 658 3513 ‘
768 3497 796 3507 "'
993 3492 1005 3514 ’
1209 3493 1225 3514 \
1555 3495 1568 3516 ι
1739 3496 1753 3517 ε
1919 3487 1998 3492 ⁷⁷-
2038 3487 2077 3492 "
2124 3487 2188 3509 ’Τ
2223 3487 2390 3513 ""TT
2445 3487 2534 3507 "1‘-
2584 3487 2906 3508 """""‘r-y
2943 3487 3058 3494 *ππ
3114 3487 3296 3513 ν-ν-νιιτ
3355 3487 3551 3502 ν--ννντ

149 3489 389 3602 ἷωῗὲδῗ
434 3513 524 3595 "a'
572 3491 799 3602 émfou
851 3487 1226 3602 pfga'ou,n':a'
1284 3493 1678 3602 ἀμεῖατξτωξοιξ
1723 3518 1799 3560 ως
1911 3522 2204 3600 δυσμενής.
2253 3525 2553 3602 Πρόσωπον
2600 3523 2659 3582 86
2707 3527 2906 3601 Κυρίου
2963 3526 3055 3583 ἐπὶ
3109 3530 3397 3590 ποιοῦντας
3454 3540 3552 3582 καέ-

154 3579 245 3634 ἐπὶ
291 3585 388 3636 τοῦ
431 3581 816 3658 προκειμένου,
849 3583 985 3656 οἷον,
1019 3606 1046 3635 (ι
1080 3579 1327 3645 Ἔδωκας
1373 3582 1518 3657 αὐτῷ
1569 3586 1736 3659 ζωὴν,
1771 3609 1795 3641 ε

150 3668 241 3722 καὶ
293 3670 436 3738 ζωὴν
485 3671 692 3744 μακρὰν
733 3670 822 3726 καὶ
873 3666 1191 3748 μακρότητα
1225 3673 1450 3748 ἡμερῶν
1484 3667 1726 3748 βεϐαίαν·
1756 3672 1801 3728 εί

151 3753 210 3811 86
247 3757 338 3812 καὶ
369 3755 460 3813 διὰ
488 3760 586 3829 τὴν
620 3758 840 3815 αἰώνιον
876 3760 1024 3838 λέγει
1059 3761 1227 3834 ζωὴν,
1260 3759 1384 3816 ουδὲ
1412 3765 1573 3817 τοῦτο
1612 3761 1802 3840 πόῤῥω

148 3865 377 3902 σκοπου.

219 3977 250 4007 ‹‹
283 3952 514 4030 Μεγάλη
567 3958 602 4026 ἡ
649 3953 776 4028 δόξα
825 3956 992 4013 αὐτοῦ
1039 3957 1091 4012 ἐν
1134 3961 1213 4030 τῷ
1242 3957 1498 4032 σωτηρίῳ
1527 3979 1645 4016 σου.
1679 3982 1702 4012 ι
1733 3992 1804 4004 —

144 4044 297 4100 Μετὰ
325 4044 425 4120 γὰρ
452 4046 553 4115 τὴν
586 4044 726 4101 θείαν
757 4046 1074 4123 συμμαχίαν
1121 4047 1212 4102 καὶ
1273 4045 1574 4124 εὐεργεσίαν
1637 4049 1803 4126 μέγας

142 4132 295 4209 παρά
321 4132 532 4189 πάντων
554 4133 744 4210 γέγονε
769 4135 861 4191 καὶ
889 4131 1254 4210 περίϐλεπτος
1285 4135 1360 4198 ὡς
1407 4136 1499 4190 καὶ
1560 4137 1802 4212 βασιλεῖς

146 4217 627 4298 διαπρεσϐεύεσθαι
682 4225 810 4302 πρὸς
858 4225 1018 4281 αὐτὸν
1065 4225 1156 4280 καὶ
1221 4226 1484 4300 χρήματα
1547 4226 1801 4300 πέμπειν.

143 4315 320 4366 Τοῦτο
380 4309 440 4366 86
483 4310 676 4388 γέγονε
723 4312 812 4369 διὰ
850 4315 950 4385 τὴν
998 4313 1365 4392 γεγενημένην
1412 4313 1559 4388 αὐτῷ
1623 4315 1800 4382 θεόθεν

145 4398 476 4472 ἐπισκοπήν.

224 4528 256 4557 ‹‹
288 4505 450 4578 Δόξαν
485 4507 576 4562 καὶ
611 4507 1077 4586 μεγαλοπρέπειαν
1117 4509 1390 4581 ἐπιθήσεις
1445 4509 1529 4566 ἐπ’
1557 4511 1738 4571 αὐτόν.
1773 4536 1802 4566 )›

145 4625 223 4640 —~
254 4595 355 4650 Καὶ
388 4591 465 4650 ἔτι
492 4601 684 4652 τοῦτον
717 4596 977 4674 δοξάσεις,
1011 4599 1101 4656 καὶ
1160 4599 1378 4674 μείζονα
1419 4602 1668 4673 ποιήσεις
1717 4599 1808 4658 διὰ

144 4684 254 4752 τὴν
289 4683 637 4760 εὐαρέστησιν
668 4685 854 4744 αὐτοῦ.

230 4813 261 4843 ‹‹
297 4793 420 4846 "O11
477 4789 670 4858 δώσεις
719 4793 866 4870 αὐτῷ
917 4793 1165 4873 εὐλογίαν
1217 4796 1292 4860 εἰς
1326 4794 1496 4852 αἰῶνα
1523 4797 1742 4862 αίῶνος.
1779 4822 1808 4852 11

145 4911 222 4922 --
276 4878 522 4957 Εὐλογία
567 4883 651 4937 ναὶ
707 4884 816 4957 μὴν
861 4885 952 4940 καὶ
1017 4884 1434 4963 προαγόρευσις,
1484 4886 1558 4949 ὡς
1622 4885 1672 4942 ἐν
1739 4891 1808 4962 τῇ

143 4967 388 5044 τετάρτῃ
417 4974 523 5025 τῶν
555 4969 850 5029 Βασιλειῶν
893 4993 1053 5052 φησιν
1096 4973 1402 5037 Ἐλισσαῖος
1445 4976 1580 5051 πρὸς
1626 4981 1808 5047 Γιεζῆ,

150 5078 180 5112 α
214 5057 344 5112 Ἐὰν
404 5058 562 5136 εὕρῃς
605 5057 791 5137 ἄνδρα,
843 5061 942 5117 οὐκ
988 5060 1304 5139 εὐλογήσεις
1353 5063 1536 5137 αὐτὸν,
1585 5064 1673 5119 καὶ
1720 5064 1806 5121 ἐὰν

147 5144 438 5222 εὐλογήσῃ
501 5169 559 5202 σε
617 5149 776 5227 ἀνὴρ,
824 5151 924 5206 οὐκ
968 5151 1308 5228 ἀποκριθήσῃ
1364 5152 1532 5226 αὐτῷ,
1592 5177 1621 5205 ››
1679 5155 1812 5209 1:016

150 5236 254 5309 μὲν
291 5236 548 5310 σημαίνει
579 5239 670 5294 τὸν
703 5239 871 5312 αἶνον,
904 5241 1036 5295 1:016
1067 5237 1124 5295 86
1151 5243 1250 5310 τὴν
1296 5242 1482 5318 χάριν,
1511 5242 1611 5311 τήν
1663 5242 1810 5321 εὐερ-

143 5323 362 5400 γεσίαν,
423 5327 497 5388 ὡς
572 5328 634 5382 τὸ
696 5351 722 5378 ‹(
772 5329 1120 5407 Προέιρθασας
1190 5329 1346 5384 αὐτὸν
1415 5329 1466 5384 ἐν
1535 5329 1812 5406 εὐλογίαις

147 5413 568 5489 χρηστότητος,
623 5440 645 5466 ιι
693 5417 781 5472 καὶ
841 5419 939 5486 τήν
1012 5415 1295 5490 μετάδοσιν
1361 5423 1458 5472 τοῦ
1519 5419 1807 5495 ἀγιασμοῦ·

144 5503 291 5557 ποτε
352 5500 410 5558 86
455 5506 554 5574 τὴν
601 5506 786 5582 χάριν,
828 5507 901 5569 ὡς
949 5507 1035 5561 ἐπὶ
1085 5511 1182 5562 τοῦ
1233 5507 1519 5582 παρόντος·
1589 5505 1697 5563 ἔστι
1768 5507 1813 5564 δ’

143 5589 246 5644 ὅτε
304 5591 397 5646 καὶ
443 5594 542 5662 τὴν
589 5592 962 5672 βλασφημίαν,
997 5595 1070 5656 ὡς
1101 5594 1164 5648 τὸ
1195 5619 1208 5646 ‹
1270 5594 1303 5663 ἢ
1361 5595 1465 5668 μὴν
1517 5596 1592 5657 εἰς
1643 5596 1809 5672 πρόσ-

141 5679 306 5736 ωπόν
363 5701 420 5736 σε
465 5680 772 5759 εὐλογήσει.
807 5707 834 5736 ››
870 5685 1027 5756 Δῴης
1071 5681 1128 5737 86
1170 5683 1287 5738 ἀντὶ
1337 5689 1432 5739 τοῦ
1482 5681 1673 5749 δώσεις
1725 5685 1811 5742 εὐ·-

138 5770 345 5827 κτικὺν
388 5768 506 5826 ἀντὶ
559 5769 880 5845 μέλλοντος.
937 5774 1087 5826 ’Ἐστι
1142 5769 1200 5828 86
1248 5770 1338 5830 καὶ
1387 5770 1572 5840 ἄλλως
1617 5779 1810 5850 νοῆσαι

447 5899 714 5969 Ρηιιοι..
763 5901 874 5968 Gn.
919 5900 1149 5970 CXLII.

1907 3616 1996 3688 κὰ,
2027 3619 2124 3670 τοῦ
2181 3613 2557 3692 ἐξολοθρεῦσαι
2604 3613 2664 3671 ἐκ
2710 3617 2814 3692 γής
2858 3617 2923 3672 τὸ
2971 3616 3316 3692 μνημόσυνον
3352 3615 3554 3673 αὐτῶν.

1985 3745 2012 3773 ‹‹
2042 3720 2239 3796 Κύριος
2295 3720 2348 3777 ἐν
2407 3721 2544 3799 ὀργῇ
2601 3722 2767 3778 αὐτοῦ
2813 3723 3119 3799 συνταράξει
3189 3722 3406 3796 αὐτοὺς,
3463 3721 3555 3779 καὶ

1908 3812 2274 3890 καταφάγεται
2328 3809 2526 3874 αὐτοὺς
2580 3815 2709 3887 πῦρ.
2766 3813 2865 3868 Τὸν
2916 3813 3122 3888 καρπὸν
3196 3812 3372 3868 αὐτῶν
3447 3810 3556 3869 ἀπὸ

1909 3905 2016 3976 γῆς
2073 3899 2319 3974 ἀπολεῖς,
2349 3899 2439 3955 καὶ
2503 3901 2566 3957 16
2621 3899 2838 3978 σπέρμα
2891 3900 3067 3957 αὐτῶν
3126 3901 3232 3958 ἀπὸ
3295 3903 3426 3958 υἱῶν
3465 3901 3560 3957 ἆν-

1909 3990 2165 4066 θρώπων.
2196 4014 2228 4042 »
2259 4021 2330 4033 —-
2365 3995 2757 4070 Προαναφωνεῖ
2808 3991 2908 4060 τὴν
2967 3991 3075 4047 τῶν
3133 3984 3344 4069 ἐχθρῶν
3403 3991 3561 4047 ἁπώὸ

1913 4077 2083 4138 λειαν.
2161 4078 2263 4134 Καὶ
2335 4079 2718 4157 ἀπαριθμεῖται
2781 4080 2849 4136 τὰ
2915 4077 3033 4153 εἴδη
3102 4085 3214 4136 τῶν
3272 4083 3557 4157 τιμωριῶν

1910 4167 2108 4224 αὐτῶν·
2168 4167 2250 4225 6'11
2308 4168 2647 4246 πειραθέντες
2703 4175 2806 4239 τῆς
2863 4167 3008 4232 θείας
3065 4169 3236 4246 ὀργῆς
3293 4179 3561 4244 συνταραὲ-

1910 4258 2207 4335 χθήσονται
2286 4257 2543 4314 πάντοθεν
2623 4257 3065 4336 ἐξαπορούμενοι,
3117 4257 3208 4312 καὶ
3265 4255 3561 4332 πυρποληά

1909 4348 2187 4420 θήσονται,
2217 4346 2306 4402 καὶ
2357 4347 2386 4402 6
2431 4347 2638 4425 καρπὸς
2714 4353 2821 4404 τῶν
2865 4337 3140 4424 γεωργιῶν
3195 4345 3371 4402 αὐτῶν
3441 4341 3560 4400 διαΐ-

1911 4437 2260 4515 φθαρήσεται,
2289 4435 2380 4492 καὶ
2440 4435 2626 4500 ἁπλῶς
2683 4435 2853 4492 εἰπεῖν
2905 4435 3236 4494 ἀπολοῦνται
3268 4433 3560 4511 παγγενεί-

1911 4529 2072 4582 τοῦτο
2101 4525 2205 4603 γὰρ
2234 4530 2432 4581 νοεῖται
2461 4526 2525 4580 τὸ
2555 4524 2773 4604 σπέρμα
2796 4528 2909 4584 νῦν.
2941 4523 3099 4589 Υίοὺς
3149 4520 3207 4581 86
3258 4523 3557 4600 ἀνθρώπων

1910 4616 1973 4671 τὸ
2003 4616 2161 4691 γένος
2188 4619 2294 4670 τῶν
2328 4615 2626 4689 ἀνθρώπων
2655 4613 2927 4674 ἐκάλεσεν.

1836 4695 1884 4761 D
1988 4727 2016 4756 ‹‹
2047 4705 2166 4757 Ὅτι
2227 4699 2441 4757 ἔκλιναν
2499 4702 2578 4765 εἷς
2632 4703 2691 4758 c6
2742 4705 2896 4759 1101110'1.
2931 4727 2961 4758 υ
2993 4735 3064 4747 —
3118 4704 3299 4763 Ταῦτα
3344 4699 3561 4758 πείσονὲ-

1913 4813 2024 4862 ται,
2057 4788 2198 4847 διότι
2253 4793 2597 4862 κεκινήκασιν
2657 4791 2734 4855 είς
2792 4792 2850 4848 σε
2902 4793 3041 4848 κακὰ
3112 4790 3563 4871 βλασφημοῦντες

1914 4880 1978 4936 τὸ
2009 4881 2100 4937 σὸν
2156 4875 2336 4956 ὄνομα
2387 4880 2478 4937 καὶ
2534 4885 2650 4944 τοῖς
2708 4879 2929 4945 δούλοις
2995 4876 3440 4943 ἐπιϐουλεύοντες
3469 4877 3562 4935 καὶ

1917 4975 2353 5033 κακοποιοῦντες.

1992 5083 2021 5113 ‹‹
2052 5057 2435 5134 Διελογίσαντο
2481 5058 2685 5135 βουλὴν
2742 5060 2803 5130 ἢν
2862 5060 2924 5116 οὐ
2985 5060 3061 5135 μὴ
3119 5057 3382 5116 δύνωνται
3428 5063 3566 5128 στῆ-

1920 5169 2026 5203 σαι.
2060 5173 2089 5201 ››
2120 5183 2187 5192 -
2217 5149 2281 5203 El
2329 5150 2432 5224 γὰρ
2489 5148 2578 5203 καὶ
2627 5147 2812 5205 πολλᾶ
2855 5152 2990 5204 κατά
3038 5154 3132 5204 σοῦ
3169 5149 3259 5204 καὶ
3300 5153 3407 5204 τῶν
3459 5151 3566 5202 σῶν

1919 5237 2270 5311 ἐμελέτησαν,
2319 5236 2448 5294 ἀλλ’
2502 5236 2591 5293 οὖν
2643 5237 2742 5292 οὐκ
2788 5238 3101 5314 ἰσχύσουσιν
3151 5239 3405 5312 ἐμμεῖναι
3451 5240 3568 5299 τοῖς

1921 5325 2286 5403 δεδογμένοις·
2319 5329 2810 5402 περιτραπήσονται
2842 5327 2946 5404 γὰρ
2991 5329 3047 5383 αἱ
3085 5327 3292 5383 τούτων
3347 5325 3564 5402 βουλαί.

1995 5441 2023 5470 ‹‹
2050 5420 2166 5471 Ὅτι
2200 5419 2380 5487 θήσεις
2438 5414 2632 5477 αὐτοὺς
2681 5421 2872 5474 νῶτον.
2906 5442 2933 5469 ››
2965 5451 3032 5460 -—
3063 5421 3249 5480 Νῶτος
3305 5417 3505 5493 γίνεται
3537 5416 3567 5470 6

1922 5506 2154 5585 φεύγων·
2213 5502 2365 5560 οὐδὲν
2421 5505 2522 5581 γὰρ
2578 5501 2760 5581 ἕτερον
2840 5505 3003 5561 αὐτοῦ
3073 5505 3311 5584 φαίνεται
3370 5505 3406 5573 ἢ
3468 5502 3566 5577 μόο

1921 5618 2011 5651 νον
2038 5597 2066 5650 ὁ
2104 5599 2294 5657 νῶτος.

1997 5686 2141 5740 «Ἐν
2190 5689 2308 5747 τοῖς
2349 5681 2694 5763 περιλοίποις
2745 5705 2840 5741 σου
2891 5683 3193 5760 ἐτοιμάσεις
3240 5683 3303 5738 16
3353 5681 3569 5761 πρόσω-

1922 5796 2026 5835 πον
2082 5773 2278 5834 αὐτῶν.
2311 5798 2340 5830 ››
2380 5805 2450 5818 -—
2491 5776 2666 5834 Τοῦτο
2712 5774 2830 5832 καθ’
2879 5769 3177 5853 ὑπερϐατὸν
3218 5771 3569 5856 συντάξομεν,

3204 5907 3282 5976 45
