3988 6454
443 421 598 481 1419

1693 415 2113 479 NICEPHORI
2158 416 2595 478 BLEMMIDE

3671 93 3674 96 .
3701 86 3862 108 ‘le
3917 91 3934 100 I-

3712 419 3861 480 “20

441 551 489 608 εἷ
540 549 839 624 μέλλοιμεν
891 554 1220 622 συντηρῆσαι
1265 549 1365 618 τήν
1425 547 1748 605 ἀκολουθίαν
1805 555 1906 620 τῆς
1966 546 2081 604 δια·
2111 552 2166 618 Α
2195 569 2312 618 σου,
2345 548 2644 604 »τουτέστι
2690 552 2809 610 τοῖς
2858 546 2909 622 ἐξ
2950 547 3134 603 ἀὐτῶν
3179 545 3608 604 πεπιστευκόσιν
3673 549 3756 612 εἷς
3809 552 3865 606 σέ

436 640 604 702 νοίας·
637 641 748 694 οἷον
809 638 861 693 ἐν
917 643 1034 700 τοῖς
1090 635 1437 711 περιλοίποις
1479 637 1655 694 αὐτῶν
1688 637 1992 712 ἐτοιμάσεις
2023 640 2088 693 τὸ

435 729 753 806 πρόσωπον·
785 726 1056 782 τουτέστιν
1085 724 1199 782 οὐδ’
1229 727 1280 781 οἱ
1310 725 1736 806 περιλειφθέντες
1766 726 1873 782 ἀπὸ
1900 734 2000 796 τῆς
2032 726 2085 782 έν

435 821 516 890 τῷ
565 813 796 889 πολέμω
872 821 1108 894 σφαγῆς,
1166 815 1256 870 καὶ
1341 815 1416 878 εἰς
1501 817 1713 894 σφαγὴν
1796 820 2086 888 τραπέντες

439 906 797 977 σωθήσονται,
830 901 976 959 ἀλλὰ
1002 903 1092 958 καὶ
1121 905 1239 958 κατ’
1268 903 1441 958 αὐτῶν
1491 903 1791 974 ἐπισκοπὴν
1835 904 1934 973 τὴν
1985 905 2082 974 σήν

437 992 768 1068 εὖτρεπίσεις
797 990 934 1048 ὥστε
963 993 1038 1066 μὴ
1073 989 1346 1071 διαφυγεῖν
1376 991 1592 1056 αὐτούς,

422 1115 432 1124 ·
509 1124 541 1152 ‹‹
570 1099 866 1175 Ὑψώθητι,
899 1097 1081 1174 Κύριε,
1114 1097 1166 1154 ἐν
1197 1102 1266 1173 τῇ
1297 1096 1520 1173 δυνάμει
1566 1121 1682 1158 σου.
1719 1123 1748 1151 ››
1772 1131 1843 1142 --·
1870 1100 1956 1154 Ἐν
2005 1099 2086 1172 τῷ

438 1183 662 1263 ἐϐδόμῳ
691 1186 898 1263 ψαλμῷ
927 1189 1310 1265 σεσαφήνισται
1335 1187 1390 1242 τί
1419 1187 1671 1262 σημαίνει
1701 1188 1765 1244 τὸ
1815 1188 2083 1262 ὑψώθητι·

434 1277 500 1334 τὸ
527 1277 698 1354 παρὸν
724 1275 826 1353 γὰρ
858 1275 1023 1352 ῥητὸν
1050 1277 1244 1331 ταυτὸν
1293 1275 1510 1333 δύναται
1570 1281 1671 1349 τῷ,
1701 1276 1974 1351 Ὑψώθητι
2031 1274 2082 1331 ἐν

429 1371 552 1430 τοῖς
581 1367 776 1443 πέρασι
810 1368 920 1420 τῶν
954 1363 1162 1442 ἐχθρῶν
1191 1386 1305 1422 σου.

507 1471 802 1546 ιι¹ᾋσομεν
847 1471 937 1527 καὶ
993 1469 1273 1546 ψαλοῦμεν
1345 1473 1440 1534 τὰς
1515 1470 1818 1534 δυναστείας
1875 1492 1992 1530 σου.
2055 1497 2078 1525 ι

433 1595 505 1607 -
533 1563 620 1618 Ἐν
645 1565 726 1633 τῷ
756 1559 902 1616 τέλει
957 1564 1056 1616 τοῦ
1095 1557 1402 1616 δωδεκάτου
1449 1559 1676 1635 ψαλμοῦ
1722 1556 2083 1637 προδιελάϐο-

439 1673 534 1726 μεν
589 1649 646 1706 τί
695 1648 982 1726 βούλονται
1035 1649 1100 1705 τὸ
1157 1647 1271 1720 ᾅσω
1327 1650 1418 1704 καὶ
1465 1647 1648 1722 ψαλῶ.
1680 1649 1837 1713 Τινὲς
1879 1647 1939 1705 δὲ
1991 1650 2082 1706 καὶ

429 1739 526 1796 τὸν
582 1738 824 1814 παρόντα
864 1735 1084 1812 ψαλμὸν
1127 1742 1208 1810 τῷ
1254 1735 1417 1793 Δαυῒδ
1465 1738 1789 1813 ἀρμόζουσι·
1826 1738 2082 1814 λέγοντες

427 1829 568 1904 ’ὑπὲρ
625 1828 819 1883 ἑαυτοῦ
872 1831 1062 1882 τοῦτον
1121 1826 1264 1898 ᾆσαι.
1321 1827 1386 1883 Εἰ
1442 1824 1501 1882 δέ
1552 1831 1715 1883 τοῦτο
1799 1825 2080 1902 δεξόμεθα,

422 1917 636 1975 ’κωλύει
693 1917 798 1993 γάρ
856 1913 1030 1989 οὐδὲν,
1077 1914 1593 1992 μεθερμηνεύσωμεν
1646 1916 1715 1971 τὰ
1773 1916 1928 1993 ῥητά·
1988 1916 2078 1972 καὶ
2109 1927 2156 1993 Β
2187 1918 2362 1984 ἐλθεῖν
2424 1919 2570 1991 αὐτῷ
2623 1921 2769 1995 παρά
2820 1922 2918 1974 τοῦ
2971 1919 3182 1995 Πατρὸς
3237 1917 3289 1974 ἐν
3336 1923 3417 1991 τῷ
3484 1921 3672 1995 καιρῷ

431 2008 532 2082 γὰρ
585 2004 776 2060 αὐτίκα
826 2005 911 2076 τὸ,
945 2027 976 2057 ‹‹
1006 2004 1092 2059 Ἐν
1149 2007 1218 2077 τῇ
1283 2000 1506 2077 δυνάμει
1566 2025 1660 2058 σου
1717 2002 2077 2081 εὐφρανθήσε-

429 2115 518 2151 ται
575 2095 666 2149 καῖ
721 2093 809 2148 ἐπὶ
863 2097 944 2164 τῷ
999 2091 1256 2166 σωτηρίῳ
1312 2089 1726 2168 ἀγαλλιάσεται,
1757 2117 1786 2144 ›)
1847 2089 1939 2147 διὰ
1983 2093 2074 2147 τὸν

431 2184 660 2261 Χριστὸν
732 2182 978 2258 εἰρῆσθαι
1049 2185 1344 2255 νοήσομεν·
1413 2181 1528 2238 ἐπεὶ
1600 2182 1703 2260 γὰρ
1761 2183 1791 2238 6
1848 2184 2077 2258 Χριστὸς

429 2272 520 2329 καὶ
575 2277 710 2327 Θεοῦ
767 2271 877 2327 ἐστι
936 2269 1185 2345 δύναμις·
1218 2271 1352 2349 φησὶ
1404 2271 1508 2348 γὰρ
1541 2273 1568 2327 6
1604 2273 1773 2347 μέγας
1832 2271 2073 2335 Παῦλος·

429 2385 461 2415 ‹‹
493 2361 724 2438 Χριστὸς
780 2364 914 2417 Θεοῦ
967 2358 1217 2434 δύναμις,
1251 2385 1280 2413 ››
1328 2359 1417 2416 καὶ
1473 2359 1638 2415 πάλιν
1697 2362 1727 2416 6
1777 2360 1936 2423 αὐτὸς
1983 2360 2074 2415 καὶ

429 2451 614 2526 σωτήρ
691 2449 822 2506 ἐστι·
882 2449 1015 2528 φησὶ
1095 2450 1196 2526 γὰρ
1250 2451 1278 2506 6
1328 2448 1752 2526 Εὐαγγελιστής·
1813 2475 1842 2502 ι(
1899 2448 2074 2514 Δύτὸς

421 2539 534 2615 νγάρ
589 2538 753 2596 σώσει
801 2539 895 2594 τὸν
953 2538 1086 2595 λαὸν
1143 2537 1328 2594 αὐτοῦ·
1361 2561 1392 2591 ››
1423 2539 1560 2616 πρὸς
1624 2538 1718 2613 μὲν
1751 2539 1842 2594 τὸν
1903 2541 2074 2594 Πατέ-

429 2646 497 2703 ρα
555 2624 690 2700 εἶπε,
727 2649 756 2679 ι(
809 2625 994 2699 Κύριε,
1050 2625 1102 2681 ἐν
1159 2629 1230 2700 τῇ
1288 2623 1513 2700 δυνάμει
1568 2645 1684 2680 σου·
1735 2651 1757 2677 ι
1819 2626 1957 2698 πρὸς
2016 2622 2074 2681 δὲ

424 2715 516 2770 τὸν
575 2714 718 2788 Υίὸν,
755 2739 782 2768 ‹‹
837 2716 941 2774 Καὶ
999 2715 1087 2769 ἐπὶ
1140 2720 1220 2787 τῷ
1275 2715 1533 2790 σωτηρίῳ
1589 2736 1708 2785 σου,
1743 2739 1770 2767 ››
1829 2715 2071 2770 τουτέστι

425 2807 495 2878 τῇ
550 2805 698 2880 παρὰ
747 2809 844 2858 σοῦ
909 2803 1172 2881 γινομένῃ
1230 2803 1476 2880 σωτηρίᾳ
1553 2808 1661 2860 τῶν
1743 2803 2068 2880 ἀνθρώπων·

427 2891 571 2949 οὕτω
627 2891 685 2949 δὲ
729 2893 821 2948 καὶ
877 2893 952 2956 είς
1005 2893 1069 2949 τὸ
1125 2894 1270 2965 ἑξῆς·
1299 2893 1369 2949 τὰ
1400 2895 1494 2967 μὲν
1525 2893 1662 2970 πρὸς
1718 2894 1810 2948 τὸν
1837 2893 2070 2966 Πατέρα,

421 2980 492 3038 τὰ
521 2979 579 3038 δὲ
607 2983 743 3060 πρὸς
769 2982 862 3037 τὸν
902 2983 1020 3038 Υἱὸν
1080 2981 1284 3058 λέγοιτ’
1339 2981 1422 3039 ἄν.
1455 2982 1554 3037 Καὶ
1611 2976 1781 3044 ὅντως
1840 2980 2074 3060 ηὐφράν-

423 3069 490 3141 θη
550 3071 638 3126 καὶ
695 3070 1073 3148 ῆγαλλιάσατο
1131 3068 1296 3127 Δαυῒδ
1372 3071 1699 3145 θεασάμενος
1785 3070 1874 3126 καὶ
1936 3072 2071 3144 μετᾶ

424 3161 648 3226 θάνατον
703 3161 767 3216 τὸ
819 3168 922 3230 τῆς
978 3159 1124 3222 θείας
1200 3159 1659 3237 ἐνανθρωπήσεως
1747 3163 2066 3236 μυστήριον,

418 3248 486 3306 Εἴ
539 3251 642 3326 γὰρ
671 3251 772 3320 τὴν
804 3249 979 3325 ἀχλὺν
1006 3256 1107 3319 τῆς
1146 3250 1342 3326 σαρκὸς
1390 3249 1768 3326 περικείμενος
1816 3245 1898 3304 ἔτι
1953 3255 2069 3312 τοῖς

2194 638 2286 692 τὸν
2343 637 2464 692 Υίὸν
2519 637 2609 692 καὶ
2688 635 3058 715 ὑπολειφθεῖσί
3118 657 3224 709 σοι,
3284 635 3629 710 ἐτοιμασεις,
3692 635 3860 714 ἤγουν

2194 728 2492 798 κοσμήσεις
2545 726 2636 780 καὶ
2690 723 2927 796 δοξάσεις
2980 725 3044 779 τὸ
3101 725 3258 800 γένος
3317 724 3520 780 αὐτῶν·
3569 723 3710 797 δόξα
3765 727 3860 805 γάρ

2193 820 2308 876 τοῖς
2338 810 2612 890 Ἑϐραίοις
2638 815 2776 876 τέως
2804 813 2886 870 6'1:
2927 814 3154 888 πατέρες
3211 817 3317 868 τῶν
3372 813 3719 872 ἀποστόλων
3781 839 3860 891 γε·

2193 902 2430 979 γόνασιν.
2464 903 2528 958 Et
2558 903 2648 958 καὶ
2677 904 2795 967 καθ’
2846 901 3069 966 ἑαυτοὺς
3099 900 3280 974 ἄδοξοί
3320 903 3423 958 εἶσι
3487 904 3586 959 καὶ
3640 907 3856 983 φευκτοῖ

2194 992 2507 1068 ἀργιόζομεν
2537 992 2756 1066 ψαλμὸν
2786 997 2976 1048 τοῦτον
3005 991 3095 1047 καὶ
3123 996 3203 1064 τῷ
3238 990 3456 1068 βασιλεῖ
3508 996 3689 1066 ἡμῶν
3731 997 3857 1052 κατὰ

2192 1085 2302 1137 τῶν
2338 1077 2624 1158 βαρϐάρων
2656 1082 2730 1144 ὡς
2756 1081 2847 1137 καὶ
2874 1082 2964 1137 τὸν
2995 1080 3309 1156 πρότερον.]

2780 1243 3082 1300 ΨΑΛΜΟΣ
3122 1241 3246 1300 ΚΑ’.

2266 1409 2296 1439 ‹‹
2325 1385 2422 1448 Εἰς
2466 1385 2530 1441 τὸ
2577 1383 2758 1459 τέλος,
2791 1385 2923 1462 ὑπὲρ
2970 1391 3073 1454 τῆς
3129 1383 3477 1459 ἀντιλήψεως
3529 1391 3645 1456 τῆς
3705 1387 3853 1452 ἐωθι-

2193 1480 2308 1545 νῆς,
2339 1472 2560 1549 ψαλμὸς
2586 1479 2666 1547 τῷ
2694 1471 2881 1532 Δαυὶδ.
2917 1498 2939 1525 ι
2973 1507 3044 1518 --
3089 1475 3146 1528 '0
3191 1472 3412 1549 ψαλμὸς
3465 1471 3636 1538 οὗτος
3698 1498 3850 1554 φανε-

2194 1567 2303 1639 ρῶς
2355 1563 2434 1626 εἷς
2500 1562 2728 1639 Χριστὸν
2805 1564 3072 1640 ἀνάγεται·
3160 1562 3517 1640 προαγορεύει
3613 1566 3726 1641 γὰρ
3791 1565 3854 1620 τὶ

2189 1657 2287 1709 τοῦ
2333 1651 2773 1728 προσλήμματος
2801 1651 2891 1708 καὶ
2918 1651 2988 1707 τὸ.
3025 1656 3122 1707 τοῦ
3163 1652 3436 1727 σωτηρίου
3483 1655 3704 1716 πάθους
3761 1655 3850 1709 αύ-

2188 1745 2288 1796 τοῦ
2345 1741 2380 1794 ἃ
2432 1739 2592 1804 τέλος
2645 1740 2954 1819 εἰλήφασιν.
3013 1741 3171 1816 Ὑπὲρ
3229 1747 3330 1810 τῆς
3382 1741 3747 1816 ἀντιλήψεως
3797 1740 3850 1798 δέ

2190 1827 2582 1907 ἐπιγέγραπται
2635 1827 2726 1885 διὰ
2779 1829 2844 1885 τὸ
2904 1830 3177 1906 περιέχειν
3249 1828 3452 1885 ἱκεσίαν
3537 1831 3684 1907 ὑπὲρ
3757 1836 3850 1887 τοῦ

3756 1943 3848 1976 του

2185 2010 2387 2071 πάθους
2485 2006 2775 2082 ἀντίληψιν
2841 2006 3212 2084 ἐνισχύουσαν.
3286 2014 3397 2077 Τῆς
3468 2009 3713 2078 ἑωθινῆς
3795 2008 3849 2065 δέ

2184 2097 2522 2173 πρόσκειται,
2571 2097 2688 2151 ἀντὶ
2733 2101 2831 2152 τοῦ
2877 2103 2978 2165 τῆς
3014 2100 3113 2151 τοῦ
3173 2100 3425 2170 Χριστοῦ·
3475 2092 3688 2171 ὄρθρος
3748 2102 3847 2176 γὰρ

2186 2186 2343 2248 οὗτος
2385 2184 2730 2258 ὀνομάζεται,
2761 2184 2792 2239 6'
2820 2183 2960 2240 ἐστιν
3015 2185 3226 2260 ἡμέρας
3276 2185 3447 2260 ἀρχή·
3506 2180 3693 2249 ὄντως
3747 2191 3844 2263 γὶρ

2179 2273 2450 2330 ἀνέτειλεν
2484 2277 2620 2349 ἡμῖν
2649 2281 2753 2344 τῆς
2784 2273 2834 2328 ἐν
2865 2278 2945 2346 τῷ
3003 2272 3180 2328 σκότει
3235 2279 3337 2343 τῆς
3389 2272 3619 2344 πλάνης
3679 2279 3846 2345 καθη-

2188 2366 2372 2438 μένοις
2407 2363 2570 2434 ἥλιος
2637 2360 3008 2432 δικαιοσύνης,
3055 2363 3146 2417 καὶ
3207 2367 3323 2440 φῶς
3391 2365 3686 2438 γνώσεως·
3741 2367 3845 2421 ἱκε-

2181 2453 2322 2507 τεύει
2370 2450 2429 2507 δὲ
2473 2453 2550 2514 ὡς
2594 2449 2872 2528 ἄνθρωπος
2923 2448 3189 2506 διδάσκων
3239 2446 3494 2527 ε’ύχεσθαι
3553 2454 3700 2508 κατά
3756 2456 3843 2510 τὸν

2180 2545 2278 2596 τοῦ
2333 2539 2560 2596 θανάτου
2615 2540 2824 2615 καιρόν·
2883 2539 3035 2618 φύσει
3095 2540 3199 2615 γὰρ
3281 2539 3403 2594 τότε
3459 2542 3555 2595 καὶ
3619 2542 3651 2596 6
3709 2542 3847 2597 πάνυ

2183 2627 2390 2692 δίκαιος
2447 2627 2628 2700 δειλιᾷ
2679 2630 2743 2686 τὸ
2791 2630 2969 2685 καινὸν
3019 2635 3122 2698 τῆς
3171 2625 3511 2699 διαζεύξεως.
3563 2632 3723 2693 Τινὲς
3789 2629 3846 2686 δὲ

2181 2723 2430 2780 νοοῦντες
2460 2717 2712 2792 πρόθεσιν
2745 2718 2860 2773 ἀντὶ
2889 2718 3242 2791 προθέσεως,.
3275 2714 3395 2782 ἔθος
3420 2720 3524 2794 γάρ
3556 2720 3653 2774 καὶ
3681 2726 3839 2776 τοῦτο

2179 2813 2295 2869 τοῖς
2325 2807 2605 2878 παλαιοῖς,
2634 2807 2761 2886 φασὶ
2787 2809 2880 2863 τὸν
2913 2805 3131 2881 ψαλμὸν
3161 2811 3353 2862 τοῦτον
3385 2806 3523 2862 εἶναι
3554 2809 3686 2884 περὶ
3733 2815 3834 2864 τῶν

2180 2901 2364 2960 παθῶν
2393 2901 2489 2951 τοῦ
2518 2901 2771 2973 Χριστοῦ·
2803 2900 2971 2951 ταῦτα
3000 2895 3103 2971 γὰρ
3137 2895 3269 2950 εἰσιν
3297 2895 3500 2966 ἑωθινὴ
3542 2897 3831 2972 ἀντίληψις

2181 2983 2265 3040 6'1:
2293 2985 2417 3040 τότε
2449 2983 2659 3058 μᾶλλον
2694 2979 3016 3039 ἀντελάϐετο
3048 2986 3206 3057 ἡμῶν
3239 2984 3268 3038 6
3299 2980 3584 3054 δηλωθείς
3615 2981 3810 3061 ὄρθρος,

2181 3073 2211 3129 6'
2235 3074 2345 3128 ἐστι
2377 3073 2627 3150 Χριστός·
2660 3074 2871 3147 θανάτῳ
2902 3075 3127 3144 νικήσας
3161 3073 3252 3128 τὸν
3292 3072 3356 3127 τὸ
3385 3075 3594 3150 κράτος
3641 3071 3820 3151 ἔχοντα

2177 3168 2274 3219 τοῦ
2304 3162 2550 3220 θανάτου.

2253 3276 2282 3304 ‹‹
2323 3253 2380 3306 Ὀ
2457 3252 2609 3322 Θεὸς,
2669 3252 2698 3305 6
2771 3251 2901 3315 Θεός
2983 3272 3085 3325 μου
3160 3250 3436 3328 πρόσσχες
3517 3273 3640 3325 μοι·
3700 3252 3836 3308 ἱνατί

417 3345 521 3410 τῆς
551 3299 739 3415 ψυΓχῆς
769 3299 1648 3418 ἀφθαλμοῑέτεῖδεΙ-τὰῖμέλλοντά,
1684 3299 1884 3410 ποτλλῷ
1925 3299 2068 3412 μἰῖλΙ
2099 3299 2143 3366 C
2182 3299 2532 3417 ἐγκατέλιπές
2562 3299 2665 3413 ’με
2693 3360 2706 3412 ;
2763 3364 2792 3392 »
2849 3299 2919 3382 -Σ-
2976 3299 3229 3402 ΧειλίοιςΓ
3254 3299 3378 3413 μὲνὴ
3397 3299 3840 3416 ἀνθρΓωπίνης-.δ

420 3425 518 3484 λον
571 3426 770 3499 ταύτην
826 3426 1184 3502 ἀποθέμενος,
1230 3427 1604 3502 καθαρώτερον
1652 3427 1794 3502 ἐώρα
1841 3426 1930 3482 καὶ
1975 3447 2073 3498 τη-

421 3516 777 3593 λαυγέστερον
827 3539 839 3551 ·
887 3516 1203 3580 ἀκολούθως
1261 3515 1319 3572 δὲ
1364 3517 1454 3572 καὶ
1502 3515 1788 3590 ἐπιθυμίαν
1845 3513 2071 3593 καρδίας

424 3604 846 3680 ὖποληψόμεθα,
876 3607 966 3661 τὸν
999 3605 1165 3680 μόθον
1195 3610 1293 3661 τοῦ
1345 3604 1474 3661 ἰδεῖν
1518 3606 1618 3674 τήν
1663 3609 1762 3659 τοῦ
1812 3611 2071 3680 Σωτῆρος

427 3695 832 3769 ἐνανθρώπησιν
863 3698 930 3765 ἧς
959 3693 1178 3772 προεῖδε
1201 3695 1291 3751 τὸν
1329 3694 1518 3752 τύπον.
1571 3692 1802 3764 Θέλησις
1857 3691 1915 3748 δὲ
1959 3697 2068 3748 τῶν

425 3782 662 3860 χειλέῶν
690 3784 754 3839 τὸ
785 3782 959 3848 θέλειν
992 3783 1081 3840 διὰ
1108 3785 1305 3847 παντὸς
1345 3781 1488 3855 ᾅδειν
1545 3787 1678 3855 Θεῷ.
1740 3783 1842 3840 Καὶ
1889 3783 2069 3856 μέντοι

426 3871 518 3929 καὶ
575 3869 690 3944 ᾅδει
745 3874 993 3946 πάντοτε,
1051 3879 1168 3936 τοῖς
1220 3878 1330 3928 τῶν
1373 3876 1578 3928 πιστῶν
1608 3871 1817 3947 χείλεσι
1849 3873 2071 3948 χρώμε-

423 3983 518 4026 νος
549 3982 562 4000 ·
598 3964 741 4033 ζωὴν
801 3961 859 4018 δὲ
904 3963 1144 4038 ᾐτήσατο
1193 3963 1282 4018 καὶ
1334 3956 1516 4033 ἔλαϐε,
1566 3960 1839 4025 πολλάκις
1892 3959 2074 4016 κινδυ-

421 4051 614 4116 νεύσας
670 4052 954 4107 ἀποθανεῖν
1013 4051 1145 4128 ὑπὶρ
1203 4050 1414 4127 ἐχθρῶν
1471 4051 1560 4106 καὶ
1619 4048 1864 4126 διέὐχῆς
1914 4071 2067 4126 περι-

419 4141 639 4206 σωθείς.
700 4139 928 4218 Μεγάλη
989 4138 1048 4195 δὲ
1096 4143 1131 4210 ἠ
1191 4137 1316 4211 δόξα
1370 4139 1534 4195 αὐτοῦ
1591 4139 1642 4194 ἐν
1682 4145 1760 4212 τῷ
1788 4138 2065 4215 σωτηρίῳ,

417 4231 664 4286 τουτέστι
725 4227 814 4284 διὰ
867 4230 967 4298 τήν
1013 4229 1160 4306 παρὰ
1229 4233 1325 4284 σοῦ
1403 4228 1697 4303 σωτηρίαν.
1770 4227 2060 4302 Ἐδοξάσθη

414 4320 519 4397 γὰρ
577 4319 822 4391 ἀληθῶς,
878 4318 960 4374 6'1:
1019 4317 1080 4374 ἐκ
1130 4325 1232 4389 τῆς
1292 4317 1444 4395 ῥίζης
1505 4318 1668 4374 αὐτοῦ
1728 4321 1762 4388 ἠ
1821 4319 2067 4395 σωτηρία

412 4410 578 4483 ἡμῶν
629 4403 946 4482 ἐϐλάστησε,
997 4409 1087 4464 καὶ
1147 4409 1311 4485 μέγας
1381 4406 1568 4484 γέγονε
1636 4408 1726 4463 καὶ
1797 4404 2063 4485 περιϐόη-

411 4518 529 4560 τος.
560 4496 856 4576 Εύφρανεῖς
887 4495 945 4552 δὲ
974 4497 1132 4553 αὐτὸν
1184 4496 1236 4552 έν
1297 4502 1444 4574 χαρᾷ
1504 4498 1639 4570 μετά
1691 4501 1789 4552 τοῦ
1845 4499 2060 4553 πονσώ-

411 4605 519 4642 που
551 4607 668 4659 σου,
701 4587 817 4642 ἀντὶ
845 4591 943 4642 τοῦ
989 4587 1210 4664 τέρψτις
1253 4586 1412 4641 αὐτὸν
1468 4583 1558 4640 διὰ
1603 4589 1700 4640 τοῦ
1747 4587 1876 4641 Υἱοῦ
1918 4607 2014 4641 σου
2044 4605 2057 4620 ·

2182 3429 2364 3507 λόγος·
2421 3433 2705 3484 πιστοῦται
2760 3426 2818 3484 δὲ
2871 3433 3033 3484 τοῦτο
3099 3430 3196 3498 τὴν
3280 3428 3697 3506 ἐνανθρώηησιν
3761 3431 3844 3487 ὅτι

2177 3519 2386 3582 τέλειος
2447 3517 2519 3574 ὢν
2581 3520 2886 3594 ἅνθρωπος·
2939 3519 3029 3573 καὶ
3086 3522 3165 3591 τῷ
3220 3523 3431 3597 φυσικῷ
3507 3517 3673 3598 φόϐῳ
3755 3522 3848 3576 ῦπ-

2182 3607 2373 3664 έκειτο.
2463 3608 2707 3686 Πρόσχες
2787 3627 2899 3681 μοι·
2976 3607 3192 3671 εἰώθασι
3268 3609 3372 3684 γὰρ
3428 3608 3481 3662 οἱ
3565 3630 3846 3685 παραχω-

2183 3697 2400 3774 ροῦντές
2454 3719 2575 3753 τινα
2633 3695 2857 3771 δημίοις
2918 3697 3270 3774 ἀποστρέφειν
3333 3699 3430 3758 τὰς
3491 3691 3653 3770 ὄψεις
3717 3700 3844 3753 ἑαυ-

2177 3792 2308 3842 τῶν.
2366 3789 2482 3843 ’Ἰνα
2536 3787 2587 3842 τί
2650 3807 2717 3860 με
2773 3783 3139 3862 ἐγκατέλιπες·
3191 3787 3281 3840 καὶ
3369 3787 3479 3858 μὴν
3572 3784 3843 3843 οὐδέποτε

2181 3872 2364 3944 διέστη
2425 3874 2608 3946 αὐτοῦ,
2666 3874 2801 3944 ἅπαξ
2859 3872 3146 3938 ἐνωθέντος
3201 3877 3280 3946 τῷ
3354 3875 3464 3945 Υἱῷ
3529 3873 3634 3928 καί
3692 3881 3834 3949 Θεῷ·

2179 3960 2306 4018 ἀλλ’
2336 3960 2814 4040 ἐγκαταλελεῖφθαι
2871 3961 3020 4037 λέγει
3064 3959 3154 4016 διὰ
3196 3964 3294 4030 τήν
3345 3958 3582 4016 δειλίαν·
3626 3963 3674 4019 εί
3735 3966 3834 4040 γὰρ

2179 4052 2266 4124 σὺ,
2323 4052 2478 4130 φησὶ,
2534 4053 2633 4121 τήν
2703 4051 2840 4127 ααρᾶ
2913 4054 3010 4105 σοῦ
3081 4049 3333 4124 βοήθειαν
3413 4048 3675 4127 ἐπέσχες,
3740 4052 3838 4107 οὐκ

2177 4141 2236 4197 ἂν
2270 4141 2379 4217 ἐγὼ
2433 4141 2524 4197 τὸν
2566 4141 2790 4195 θάνατον
2849 4136 3140 4195 ἐδειλίασα·
3173 4137 3297 4211 περὶ
3353 4138 3562 4209 ταύτης
3615 4137 3675 4196 δὲ
3735 4147 3834 4211 τῆς

2176 4229 2384 4294 δειλίας
2438 4227 2526 4286 καί
2585 4230 2637 4284 οἱ
2693 4226 3062 4304 εὐαγγελισταὶ
3112 4223 3384 4297 διεξίασιν·
3417 4225 3502 4282 6'1:
3533 4227 3629 4283 καὶ
3657 4250 3830 4304 προσ-

2174 4321 2371 4393 ηύξατο
2427 4316 2717 4394 παρελθεῖν
2772 4318 2835 4372 τὸ
2888 4320 2986 4371 τοῦ
3055 4314 3284 4380 θανάτου
3358 4319 3654 4390 ποτήριον·
3737 4318 3826 4373 καὶ

2171 4411 2301 4466 αὐτὸ
2334 4407 2392 4464 δὲ
2423 4408 2538 4464 εἶπε
2562 4409 2624 4462 τὸ
2653 4411 2751 4462 τοῦ
2775 4404 2998 4481 ψαλμοῦ
3039 4404 3201 4481 ῥητὸν
3262 4403 3350 4459 ἐπὶ
3404 4409 3505 4460 τοῦ
3565 4411 3820 4483 σταυροῦ.

2173 4524 2200 4553 ‹‹
2233 4499 2327 4554 Θεέ
2360 4519 2465 4572 μου
2489 4495 2581 4552 τίνα
2603 4497 2657 4552 τί
2689 4495 3034 4572 ἐγκατέλιπες
3061 4520 3076 4565 ;
3104 4490 3275 4569 ἤγουν
3301 4490 3395 4548 τίνα
3421 4494 3477 4549 τί
3510 4515 3581 4568 με
3610 4495 3820 4571 ἐγκατέ-

2170 4586 2328 4650 λιπες
2361 4587 2434 4648 εἷς
2465 4584 2667 4642 δειλίαν
2695 4604 2708 4656 ;
2740 4581 2899 4646 εἰδὼς
2933 4581 3015 4638 6'1:
3046 4584 3108 4638 τὸ
3142 4583 3235 4656 μέν
3267 4586 3485 4656 πνεῦμα
3512 4583 3816 4660 πρόθυμον,

409 4675 703 4752 πρόσωπον
735 4675 840 4753 γὰρ
897 4676 1108 4752 Πατρὸς
1139 4677 1168 4731 6
1197 4670 1321 4738 Υἱός
1353 4693 1366 4707 ·
1399 4674 1530 4754 φησὶ
1587 4675 1712 4751 γὰρ,
1775 4698 1804 4728 (ι
1861 4682 1902 4730 Ο
1958 4675 2057 4731 έω-
2084 4669 2132 4735 D
2163 4680 2199 4748 ἡ
2233 4676 2290 4732 δὲ
2346 4675 2473 4752 σαρξ
2522 4674 2770 4745 ἀσθενής·
2810 4673 2872 4743 ἢ,
2913 4673 3010 4727 Διὰ
3054 4671 3108 4726 τί
3157 4693 3224 4746 με
3269 4674 3686 4749 παρεχώρησας
3741 4678 3817 4744 τῷ

409 4765 591 4839 ρακὼς
620 4765 718 4839 ἐμὲ
767 4765 974 4842 ἑώρακε
1020 4765 1113 4820 τὸν
1159 4764 1370 4839 Πατέρα
1405 4786 1508 4836 μου
1542 4782 1557 4797 ·
1591 4763 1821 4840 ἐχθροὺς
1871 4761 1928 4819 δὲ
1955 4768 2054 4820 τοῦ

408 4857 542 4908 Θεοῦ
591 4856 809 4925 νοὴσεις
864 4852 993 4917 τοῦς
1049 4853 1437 4931 μισοχρίστους
1499 4850 1792 4916 Ἰουδαίους
1851 4854 1932 4916 οἶς
1961 4855 2051 4908 καὶ

400 4942 472 4996 τὰ
527 4939 798 5019 δεινότερα
855 4942 1117 5019 ἐπαρᾶται
1171 4943 1260 4998 καὶ
1306 4941 2048 5020 προφητεύειᾶίπεπόνθασιν

401 5029 478 5084 ὧν
518 5029 582 5085 τὸ
640 5030 855 5106 σπέρμα
909 5031 1234 5108 πανολεθρίᾳ
1291 5029 1546 5110 διεφθάρη
1593 5073 1606 5086 .
1669 5029 1882 5102 δηλαδή
1938 5037 2046 5088 τῶν

399 5118 815 5191 σταυρωσάντων
875 5123 965 5176 τὸν
1019 5121 1214 5197 Κύριον
1246 5141 1259 5155 ·
1304 5121 1356 5175 o':
1412 5122 1515 5198 γὰρ
1569 5119 1620 5175 ἐν
1676 5127 1793 5182 ταῖς
1825 5119 2046 5177 διασπο-

399 5211 519 5280 ραῖς
578 5205 993 5287 διαπεφεύγασιν
1055 5210 1257 5266 ἐκεῖνον
1308 5210 1399 5264 τὸν
1462 5206 1709 5286 ὄλεθρον.
1770 5235 1798 5263 ι(
1852 5215 2043 5282 Θήσεις

398 5290 457 5362 δὲ
510 5294 704 5358 αὐτοὺς
756 5299 830 5361 ὡς
887 5289 1145 5355 κλίϐανον
1205 5301 1374 5376 πυρὸς
1433 5299 1484 5354 ἐν
1558 5298 1638 5372 τῷ
1705 5304 1880 5374 καιρῷ
1946 5305 2044 5355 τοῦ

394 5383 692 5459 προσώπου
750 5408 844 5441 σου
879 5408 891 5420 ο
945 5410 972 5440 ι)
1025 5386 1238 5460 δηλαδὴ
1283 5388 1380 5443 τοῦ
1432 5390 1559 5443 Υἱοῦ
1613 5410 1728 5458 σου,
1760 5391 1936 5452 καθὼς
1966 5390 2040 5445 εἶ-

394 5474 638 5547 ρῆκαμεν
683 5495 695 5508 ·
761 5476 893 5546 μετὰ
941 5478 1043 5552 γάρ
1098 5479 1196 5547 τήν
1253 5475 1546 5551 ἐπιδημίαν
1607 5478 1792 5551 αὐτοῦ,
1880 5484 2040 5534 τοῦτο

389 5563 703 5632 πεπόνθασι,
764 5565 851 5618 καὶ
909 5563 1142 5640 ἤρξαντο
1201 5568 1316 5621 κατ’
1393 5567 1566 5621 αὐτῶν
1645 5569 1899 5643 φύρεσθαι
1974 5569 2040 5623 τὰ

393 5649 540 5708 δεινά
575 5670 584 5682 °
622 5651 710 5730 ἀφ’
740 5652 800 5705 οὗ
859 5653 886 5706 ὁ
944 5654 1174 5729 Χριστὸς
1233 5655 1374 5710 εἶπεν
1422 5656 1628 5730 αὐτοῖς,
1695 5682 1716 5708 ι
1779 5658 2037 5732 ’Δρθήσε-

384 5760 470 5832 ται
502 5740 592 5836 ἀφ’
625 5741 777 5822 ὑμῶν
807 5742 842 5821 ἡ
879 5741 1134 5828 βασιλεία
1167 5762 1180 5776 ”
1218 5766 1246 5798 n
1277 5743 1328 5805 ἐν
1365 5742 1423 5804 δὶ
1449 5749 1566 5812 τοῖς
1611 5767 1633 5803 ι
1682 5743 2037 5827 περιλοίποις

2164 4765 2394 4839 θανάτῳ,
2420 4765 2704 4841 γινώσκων
2738 4762 2821 4818 ὅτι
2855 4759 3009 4817 οὐδὲν
3043 4761 3286 4836 ἥμαρτεν
3332 4759 3481 4832 ἄξιον
3540 4765 3808 4832 Gavi-:09;

2234 4856 2513 4932 «Μακράν
2571 4853 2677 4908 ἀπὸ
2730 4859 2832 4922 τῆς
2889 4850 3162 4927 σωτηρίας
3225 4872 3330 4923 μου
3388 4852 3442 4906 οἱ
3475 4849 3636 4929 λόγοι
3701 4856 3804 4908 τῶν

2159 4944 2616 5020 παραπτωμάτων
2652 4963 2778 5014 μου.
2814 4963 2843 4993 ››
2873 4972 2943 4984 --
2975 4941 3040 4995 Αἱ
3067 4939 3170 5016 γὰρ
3213 4939 3427 4994 εὖθύναι
3471 4945 3582 4995 τῶν
3634 4942 3806 5014 ἀμαρ-

2156 5039 2287 5089 τιῶν
2343 5055 2445 5106 μου
2483 5031 2673 5108 πόῤῥω
2731 5029 2832 5085 εἶσὶ
2887 5036 2988 5099 τῆς
3044 5029 3315 5103 σωτηρίας
3359 5049 3487 5101 μου,
3538 5030 3808 5084 τουτέστιν

2157 5122 2256 5179 οὐκ
2309 5118 2689 5195 ἐμποδίζουσιν
2739 5118 2896 5192 αὐτῇ·
2945 5115 3034 5173 διὰ
3086 5117 3147 5171 τὸ
3211 5114 3476 5190 μηδόλως
3525 5118 3663 5174 εἶναι
3719 5117 3806 5172 αὖ·

2153 5211 2269 5274 τάς·
2329 5210 2553 5283 ἀνομίαν
2615 5209 2740 5285 γὰρ,
2793 5208 2977 5286 φησὶν,
3033 5206 3132 5261 οὐκ
3181 5205 3424 5276 ἐποίησε·
3476 5211 3588 5262 τῶν
3633 5209 3805 5281 ἀμαρι

2151 5301 2419 5356 τανόντων
2477 5297 2536 5354 δὲ
2591 5299 2618 5352 ὁ
2679 5298 2906 5358 θάνατος
2961 5295 3257 5369 ἐπιτίμιον,
3291 5296 3327 5364 ἢ
3359 5295 3450 5350 καὶ
3494 5293 3688 5359 ἄλλως
3746 5295 3805 5351 τιῖ

2152 5390 2444 5465 πρόσωπον
2493 5395 2593 5458 τῆς
2641 5385 2779 5456 ὅλης
2827 5390 2935 5440 τῶν
2982 5385 3279 5460 ἀνθρώπων
3328 5384 3543 5462 φύσεως
3576 5386 3651 5448 ὡς
3685 5407 3804 5462 συγ-

2151 5480 2312 5554 γενὴς
2358 5481 2518 5551 ἡμῶν
2567 5474 2878 5547 ὑποδύεται,
2909 5474 2998 5529 καὶ
3051 5470 3140 5528 διὰ
3182 5472 3235 5528 τί
3287 5493 3375 5545 με,
3408 5473 3568 5551 φησὶ,
3601 5476 3662 5530 τὸ
3711 5495 3802 5530 κα-

2152 5568 2317 5632 θόλου
2431 5564 2717 5643 ἄνθρωπον
2803 5561 3111 5631 κατέλιπες,
3198 5561 3606 5633 ἀποθνήσκειν;
3689 5563 3797 5618 εἶτα

2149 5657 2386 5736 ἐπιφέρει
2441 5655 2530 5710 καὶ
2603 5655 2700 5723 τὴν
2785 5652 2978 5708 αἰτίαν·
3041 5649 3122 5706 δτι
3194 5652 3572 5728 μεμάκρυνται
3628 5673 3796 5723 σωτη-

2151 5746 2269 5832 ρίας
2318 5746 2373 5807 αἱ
2426 5741 2708 5807 καταδίκαι
2774 5763 2899 5824 μου,
2949 5741 3034 5810 αῖς
3093 5737 3196 5820 ἄρα
3249 5739 3403 5822 κάγὼ
3459 5741 3787 5825 συνάπτομαι
