3988 6474
203 434 352 497 1421

1420 432 1838 496 EXPOSITIO
1882 433 1958 496 ΙΝ
2003 431 2386 498 PSALMOS.

3448 439 3474 498 l
3485 438 3604 501 422

205 565 594 643 μεμάκρυσμαι
640 583 653 599 ο
690 564 736 620 εἰ
792 563 896 642 γὰρ
954 561 1210 641 ἤγγιζον,
1266 565 1552 640 ἐσωζόμην
1612 566 1672 621 ἄν
1739 566 1845 622 ἀπὸ
1875 575 1931 642 Α
1961 566 2065 643 γὰρ
2099 567 2127 621 6
2175 564 2394 637 σκώληξ
2445 561 2647 621 ἄνωθεν
2698 563 3060 640 ἐπελθόντοςς
3094 568 3248 624 ὑετοῦ
3275 570 3345 643 τῇ
3377 571 3451 645 γῇ
3481 567 3608 626 κυΐ-

196 663 293 713 τοῦ
324 655 572 722 θανάτου.

276 748 390 804 αὋ
423 745 552 808 Θεός
605 767 730 819 μου,
779 743 1109 822 κεκράξομαι
1157 743 1369 820 ἡμέρας
1423 744 1562 817 πρὸς
1617 745 1694 814 σὶ,
1752 744 1841 799 καὶ

200 835 300 892 ούκ
357 835 662 909 εἰσακούσῃ,
718 833 806 888 καὶ
880 833 1088 906 νυκτὸς,
1167 833 1257 888 καί
1332 832 1431 888 ούκ
1510 833 1585 896 εἷς
1662 831 1843 888 ἄνοιαν

196 924 347 1000 ἐμοί.
403 949 424 977 »
483 958 551 966 -
595 929 765 978 Τοῦτο
812 921 998 999 γέγονε
1043 923 1159 978 καθ’
1209 925 1275 992 ἡν
1325 922 1534 999 ἡμέραν
1587 921 1753 1001 ἔφαγε
1777 921 1842 977 τὸ

199 1017 394 1092 Πάσχα
454 1014 587 1088 μετὰ
639 1014 744 1068 τῶν
807 1016 1062 1086 μαθητῶν
1129 1033 1140 1046 ·
1189 1011 1271 1067 ὅτι
1319 1013 1420 1088 γὰρ
1473 1011 1524 1065 ἐν
1574 1015 1642 1085 τῇ
1689 1012 1842 1066 νυκτὶ

194 1105 319 1161 τότε
398 1103 741 1180 πρυσῃύχετο
827 1099 1200 1172 δεδηλώκασιν
1287 1101 1342 1155 υἱ
1444 1098 1840 1177 εύαγγελισταί.

198 1193 376 1265 Δῆλον
420 1191 477 1248 δὲ
527 1193 782 1264 ἐντεῦθεν,
833 1190 916 1246 ὅτι
973 1190 1063 1246 καὶ
1111 1189 1216 1265 πρό
1265 1196 1365 1259 τῆς
1414 1189 1639 1264 ἐσπέρας
1684 1186 1844 1260 ηὔξα-

195 1306 279 1341 το.
327 1284 417 1354 Μή
467 1281 672 1355 ξενίζου
722 1278 779 1335 δὲ
809 1285 925 1342 πῶς
956 1281 1018 1335 τὸ
1063 1284 1280 1354 πρῶτον
1311 1278 1538 1334 τέθεικεν
1571 1277 1788 1353 ὕστερον
1827 1300 1839 1313 ο

196 1376 419 1428 αοιαῦτα
465 1371 568 1446 γὰρ
622 1369 672 1424 ἐν
723 1367 959 1430 πολλοῖς
1012 1368 1079 1422 τὰ
1125 1369 1456 1446 προφητικά.
1507 1369 1570 1422 Ἦ
1622 1365 1668 1422 δ’
1697 1365 1843 1423 αἰτία

188 1459 282 1517 τίνα
343 1461 419 1533 μή
481 1456 690 1514 δοκοῖεν
741 1455 947 1513 οἷ’κοθεν
999 1455 1208 1530 λαλεῖν,
1255 1455 1380 1512 ἀλλ’
1427 1455 1458 1511 6'
1503 1458 1563 1512 ἄν
1605 1457 1696 1511 καὶ
1744 1455 1842 1511 ὅσα

195 1549 469 1604 ἀκούσειεν
531 1548 634 1602 ὑπὸ
684 1551 782 1602 τοῦ
841 1545 1170 1621 ένηχοῦντος
1244 1544 1566 1619 πνεύματος.
1627 1545 1728 1600 Καὶ
1787 1544 1840 1602 ἐν

194 1643 263 1713 τῇ
333 1638 536 1714 ἡμέρᾳ,
607 1635 760 1712 φησὶ,
823 1633 1185 1710 παρακαλέσω
1241 1632 1526 1710 παρελθεῖν
1592 1636 1683 1690 τὸν
1741 1637 1840 1689 τοῦ

199 1726 426 1793 θανάτου
471 1724 682 1800 καιρὸν,
731 1724 820 1778 καὶ
870 1723 1155 1798 εἰσακούσῃ
1207 1745 1331 1796 μου,
1379 1725 1469 1778 καὶ
1509 1723 1559 1778 ἐν
1587 1727 1657 1798 τῇ
1687 1722 1838 1780 νυκτὶ

194 1815 358 1872 πάλιν
413 1811 624 1888 ὁμοίως
657 1831 671 1846 ο
714 1813 857 1882 πκήν
918 1811 1018 1867 οὐκ
1068 1813 1145 1874 εἷς
1203 1811 1380 1867 ἄνοιαν
1443 1811 1568 1886 ἐμοὶ
1613 1813 1674 1867 τὸ
1720 1816 1838 1874 πῶς

195 1903 478 1978 εἰσακούσῃ
527 1922 541 1936 ·
591 1901 820 1973 νενόηκα
865 1901 966 1977 γὰρ
1016 1899 1100 1956 ὅτι
1150 1898 1241 1955 διὰ
1276 1901 1376 1969 τήν
1426 1900 1697 1978 σωτηρίαν
1727 1906 1834 1956 τῶν
1866 1945 1915 2010 Β

191 1993 487 2066 ἀνθρώπων
567 1993 635 2060 ἧς
709 1992 878 2060 ἡνεκα
947 1989 1038 2044 καὶ
1115 1989 1482 2065 σεσάρκωμαι.
1557 1991 1705 2053 Τινὲς
1780 1989 1839 2048 δὲ

192 2082 402 2159 ἡμέραν
446 2079 536 2137 καί
584 2079 751 2134 νύκτα
796 2079 886 2134 τὸν
926 2079 1114 2155 καιρὸν
1139 2085 1242 2149 τῆς
1275 2079 1630 2155 σταυρώσεώς
1659 2101 1834 2158 φασινο

194 2174 300 2229 ἀπὸ
355 2173 460 2248 γάρ
508 2169 654 2244 ὥρας
697 2165 860 2239 ἕκτης
912 2173 1022 2230 ἇως
1071 2167 1295 2238 έννάτης
1348 2168 1540 2231 σκότος
1606 2168 1838 2244 ἐγένετο,

194 2264 270 2325 ὡς
321 2261 566 2336 λέγεσθαι
610 2259 710 2328 τήν
757 2255 965 2333 ἡμέραν
1012 2255 1212 2328 ταύτην
1263 2256 1656 2331 ἡμερονύκτιον
1701 2279 1715 2292 .
1750 2254 1841 2315 ὅτε

192 2351 285 2408 καὶ
334 2351 593 2428 ἀφεθῆναι
649 2352 756 2419 τῖς,
814 2345 1174 2421 ἐσταυρωκόσι
1230 2347 1328 2415 τήν
1407 2346 1671 2423 ἁμαρτίαν
1731 2370 1840 2404 πα-

197 2439 455 2518 ρεκάλεσε
487 2437 606 2510 μὲν,
637 2434 737 2490 οὐκ
791 2433 1116 2506 εἰσηκούσθη
1178 2432 1234 2490 δὲ
1288 2434 1621 2512 πανολεθρίᾳ
1664 2458 1838 2514 παρα-

195 2527 478 2586 δοθέντων.
536 2523 738 2581 Τοὺτου
795 2521 854 2579 δὶ
934 2520 1106 2578 αἶ’τιον
1182 2520 1406 2579 είδὶέναι
1480 2529 1683 2603 σαφῶς,
1756 2521 1840 2582 ὅτι

194 2617 433 2692 ἔμελλον
494 2619 893 2691 συκοφαντῆσαι
926 2606 929 2609 ’
959 2612 1126 2682 αὐτὴν
1195 2614 1295 2682 τὴν
1377 2611 1684 2682 ἀνάστασιν,
1749 2615 1839 2670 καὶ

190 2709 421 2782 αὐξῆσαι
446 2705 546 2774 τήν
574 2701 859 2776 ἁμαρτίαν.

269 2821 297 2849 α
327 2795 403 2850 Σὺ
430 2792 488 2849 δὲ
517 2793 568 2849 ἐν
600 2792 740 2867 άγὶῳ
768 2794 1072 2859 πατοικεῖς,
1102 2791 1131 2844 6
1163 2789 1376 2853 ἕπαιονς
1404 2796 1504 2846 τοῦ
1535 2793 1776 2870 Ἰσραήλ.
1811 2818 1838 2847 ››

188 2920 260 2931 _
314 2888 508 2960 Ἅγιον
600 2878 761 2936 καλεῖ
827 2879 918 2933 τὸν
991 2879 1276 2953 ἡνωμένον
1340 2880 1480 2954 έατῷ
1556 2882 1680 2937 Υὶὸν
1749 2881 1840 2938 καὶ

189 2975 343 3032 Θεόν·
378 2971 485 3030 Καὶ
535 2970 586 3025 ἐν
644 2967 724 3041 τῷ
782 2966 1107 3043 Εὖαγγελίῳ
1163 2965 1222 3022 δέ
1277 2989 1440 3047 φησιν
1496 2989 1509 3002 ⁶
1545 2993 1574 3022 ι(
1616 2971 1754 3046 Ἐγὼ
1786 2970 1838 3026 ἐν

187 3069 270 3136 τῷ
298 3059 492 3137 Πατρὶ,
524 3057 614 3114 καὶ
663 3059 691 3112 ὁ
737 3056 924 3132 Πατὴρ
972 3055 1023 3110 ἐν
1075 3053 1218 3127 ἐμοί.
1271 3080 1301 3108 ›ι
1350 3062 1608 3120 ’Έπαινος
1658 3056 1716 3114 δέ
1741 3063 1840 3114 τοῦ

194 3150 421 3229 Ἰσραὴλ
451 3150 479 3203 ὁ
517 3147 703 3222 Πατὴρ
755 3163 769 3177 ³
822 3142 903 3199 ὅτι
954 3143 1006 3198 οἱ
1054 3141 1309 3199 Ἰουδαῖοι
1357 3156 1455 3214 την
1517 3147 1838 3224 θεογνωσίαν

199 3243 366 3316 μόνον
391 3238 784 3311 ένεκαυχῶντο.
823 3234 899 3306 μὴ
947 3235 1226 3295 ποιοῦντες
1269 3237 1443 3309 κρῖμα
1488 3234 1577 3289 καὶ
1629 3233 1836 3292 δικαιο-

195 3311 365 3400 σύνην
415 3323 545 3402 μηδ’
592 3322 810 3400 ἔχοντες
856 3322 954 3390 τὴν
1006 3321 1218 3397 ἀρετήν.
1270 3321 1368 3377 Διὰ
1415 3320 1473 3377 δὲ
1525 3329 1624 3378 τοῦ
1672 3324 1838 3380 εἰπεῖν
1871 3311 1917 3377 C
1955 3353 2017 3433 δρ

201 3420 230 3433 ..
423 3422 460 3433 τ.
653 3418 674 3429 υ
755 3411 769 3433 ⁷
862 3432 872 3433 ,
981 3412 1079 3433 ...με
1250 3408 1306 3433 ιω
1363 3412 1384 3433 .-
1497 3411 1523 3433 υ
1619 3412 1701 3433 nn
1820 3416 1833 3433 ε

197 3420 284 3476 ὅτι
344 3441 373 3471 ‹‹
423 3418 701 3475 Κατοικεῖς
752 3411 804 3466 ἐν
853 3432 934 3483 τῳ
981 3412 1110 3482 Υἱῷ,
1163 3434 1191 3462 »
1249 3408 1440 3483 ἔδειξεν
1492 3411 1576 3468 ὅτι
1619 3412 1764 3470 θέλει
1813 3416 1842 3470 6

200 3517 240 3566 Γ
243 3510 324 3570 ἱὸς
355 3507 452 3576 τὴν
508 3501 780 3578 σωτηρῖαν
824 3504 933 3555 τῶν
985 3499 1306 3573 ἀνθρώπων,
1354 3499 1446 3555 καὶ
1503 3501 1603 3558 οὐκ
1630 3502 1844 3559 ἀποσείε-

195 3618 313 3654 εται
352 3595 442 3651 τὸν
485 3592 704 3647 θάνατον
735 3593 833 3644 τοῦ
862 3586 1301 3663 προσλήμματος
1333 3609 1346 3624 ⁸
1378 3586 1434 3646 έν
1484 3591 1587 3666 γὰρ
1627 3592 1717 3648 καὶ
1764 3597 1844 3665 τῷ

188 3685 471 3760 Πνεύματι
500 3681 590 3736 καὶ
619 3683 700 3753 τῷ
727 3678 836 3750 Υίῷ
865 3676 1100 3752 θέλημα,

267 3820 296 3847 ‹‹
345 3791 469 3847 Ἐπὶ
516 3787 600 3844 σοὶ
648 3785 886 3857 ἤλπισαν
940 3785 993 3840 οἱ
1057 3785 1281 3862 πατέρες
1327 3787 1512 3858 ἡμῶν,
1578 3784 1839 3860 ἤλπισαν,

181 3883 280 3941 καὶ
340 3879 552 3958 ἐρῥύσω
599 3873 817 3936 αὐτούς·
868 3875 1010 3949 Πρὸς
1054 3874 1112 3928 σὲ
1160 3872 1440 3950 ἐκέκραξαν
1493 3875 1584 3931 καὶ
1641 3876 1844 3946 ἐσώθη-

183 3993 286 4028 σαν
339 3989 352 4002 ·
407 3967 499 4023 ἐπὶ
571 3961 657 4020 σοὶ
715 3961 953 4032 ἤλπισαν
1012 3962 1102 4016 καὶ
1157 3961 1224 4017 ού
1275 3963 1741 4039 κατῃσχύνθησαν.
1811 3989 1840 4018 ››

179 4094 261 4106 ..-.
311 4057 598 4134 Ζεύγνυσιν
648 4053 835 4108 ἑαυτὸν
879 4056 996 4114 τοῖς
1046 4050 1476 4127 ἐπαρηξαμένοις
1521 4053 1611 4109 καί
1654 4075 1838 4133 φησιν,

179 4152 268 4213 ὡς
317 4151 370 4205 οἱ
417 4145 554 4202 κατὰ
603 4144 775 4219 σάρκα
822 4138 1047 4214 πατέρες
1097 4141 1257 4212 ἡμῶν
1304 4141 1358 4195 οἱ
1398 4141 1505 4216 πρὸ
1550 4149 1651 4211 τῆς
1700 4141 1840 4216 ἐμῆς

180 4237 489 4312 ἐπιδημίας
536 4233 588 4288 ἐν
639 4236 720 4304 τῷ
773 4229 878 4306 βίῳ
939 4227 1250 4302 λάμψαντες
1314 4228 1402 4284 ἐπὶ
1445 4230 1530 4285 σοὶ
1575 4227 1837 4304 ἤλπισαν,

178 4329 283 4386 καὶ
345 4327 642 4404 βοήσαντες
697 4318 1028 4396 ἐρῥύσθησαν
1076 4322 1181 4373 τῶν
1233 4316 1492 4374 κινδύνων
1539 4338 1552 4351 ’
1605 4319 1840 4384 ἐκείνους

183 4417 286 4475 οὗν
326 4415 480 4491 κάγὼ
529 4408 869 4486 μιμούμενος
914 4407 989 4469 ὡς
1042 4406 1234 4480 ὅμοιος
1280 4406 1464 4470 αὐτοῖς
1495 4408 1705 4481 ὁμοίως
1751 4410 1841 4464 καὶ

183 4506 356 4568 αὐτὸς
382 4506 646 4575 ποιοῦμαι
676 4499 776 4566 τὴν
820 4495 1024 4568 δέησιν.
1078 4495 1316 4566 Σύνηθες
1361 4494 1418 4551 δὲ
1464 4501 1542 4570 τῷ
1587 4501 1842 4577 προφήτῃ

182 4597 293 4658 ora“;
341 4591 512 4665 λέξεις
560 4586 833 4648 πολλάκις
883 4583 1209 4640 άναδιπλοῦν
1258 4584 1348 4640 καὶ
1412 4583 1703 4660 τριπλοῦν,
1767 4587 1842 4650 εἰς

1953 675 2154 728 σκεται,
2211 655 2384 716 οὕτως
2458 655 2549 709 καὶ
2611 655 2640 708 6
2708 656 2942 732 Χριστὸς
3009 655 3207 712 ἄνωθεν
3285 655 3604 724 ἐπελθόντος

1956 744 2113 818 ἁγίου
2183 743 2496 815 Πνεύματος
2579 741 2651 818 τῇ
2733 745 2993 820 Παρθένῳ
3073 747 3413 821 γεγέννηται.
3499 747 3604 807 Καὶ

1951 830 2170 907 σκῳληξ
2205 831 2299 905 μέν
2347 833 2406 887 ἄν
2454 830 2668 908 λέγοιτο
2720 829 2809 888 διὰ
2853 837 3039 907 ταῦτα,
3099 833 3200 890 οὐκ
3227 834 3514 913 ἄνθρωπος
3541 835 3602 894 δὲ

1949 918 2113 975 πάλιν
2169 917 2257 975 διὰ
2300 920 2398 989 τὴν
2451 921 2693 996 ὑπερφυῆ
2745 919 3021 995 σύλληψιν
3077 923 3169 978 καὶ
3217 923 3467 1000 γέννησιν
3496 944 3512 959 ⁸
3558 927 3600 997 ἤ

1947 1013 2041 1064 καῖ
2096 1006 2283 1072 ἄλλως
2318 1027 2332 1041 °
2375 1007 2458 1064 ὅτι
2517 1006 2709 1086 δέλεαρ
2764 1015 2882 1072 τοῖς
2942 1009 3193 1084 δαίμοσιν
3253 1011 3432 1091 ἐφόρει
3493 1014 3596 1084 τὴν

1951 1099 2139 1173 σάρκα,
2173 1098 2260 1172 ὑφ’
2289 1099 2354 1168 ἡν
2385 1098 2447 1152 τὸ
2474 1104 2575 1168 τῆς
2625 1097 2881 1169 θεότητος
2934 1099 3227 1178 ἐκρύπτετο
3258 1103 3548 1179 ἄγκιστρον
3578 1121 3592 1139 ο

1952 1183 2140 1260 δέλεαρ
2197 1187 2301 1261 γὰρ
2353 1185 2559 1262 ἰχθύων
2607 1187 2636 1242 6
2685 1185 2904 1261 σκώληξ
2954 1187 3210 1266 ’ἐγένετο
3248 1191 3350 1268 γὰρ
3401 1188 3596 1271 δέλεαρ

1952 1276 2028 1338 εἷς
2080 1274 2280 1331 ἅλωσιν
2328 1279 2426 1330 τοῦ
2472 1280 2674 1348 νοητοῦ
2721 1278 2944 1350 κήτους,
2998 1282 3097 1333 τοῦ
3130 1283 3199 1353 τῇ
3231 1278 3470 1356 θαλάσσῃ
3495 1285 3595 1338 τοῦ

1949 1363 2216 1437 παρόντος
2269 1363 2390 1440 βίου
2440 1363 2828 1440 έννηχομένου,
2874 1370 2955 1439 τῷ
2999 1369 3099 1436 τῆς
3139 1367 3398 1438 θεότητος
3437 1369 3594 1446 ἀγκί-

1951 1473 2098 1528 στρῳ
2142 1458 2479 1529 περιτεθεῖσα
2527 1456 2562 1524 ἡ
2611 1454 2966 1528 ἂνθρωπότης
3017 1474 3031 1488 ⁸
3083 1454 3116 1511 6'
3158 1459 3347 1526 κῆτος,
3391 1457 3458 1514 τό
3506 1455 3596 1516 δὲ·

1951 1539 2082 1617 λεαρ
2139 1542 2448 1617 περιχανὶν,
2502 1546 2583 1614 τῷ
2640 1541 2916 1620 ἀγκίστρῳ
2961 1544 3286 1621 περιέ-χάρη,
3334 1547 3424 1601 καὶ
3496 1546 3598 1604 οὐκ

1950 1626 2234 1705 ἅνθρωπος
2281 1632 2347 1700 ἡν
2388 1628 2548 1708 φίλος
2602 1649 2620 1667 ο
2662 1630 2699 1701 ἡ
2746 1633 2837 1687 καὶ
2883 1630 2965 1688 ὅτι
3018 1633 3046 1688 ό
3096 1633 3316 1710 σκώληξ
3367 1634 3596 1708 εὐτελὴς

1951 1718 2046 1790 μὲν
2103 1716 2167 1774 τό
2211 1717 2374 1791 εἶδος,
2419 1718 2760 1795 ἀφανιστικὸν
2823 1718 2881 1776 δὲ
2916 1721 3015 1791 τὴς
3045 1721 3186 1795 ὕλης
3218 1743 3233 1758 ·
3269 1722 3414 1782 οὕτω
3443 1724 3534 1780 καὶ
3563 1725 3595 1782 6

1946 1807 2178 1882 Χριστὸς
2223 1805 2452 1877 εὐτελής
2506 1809 2602 1882 μὲν
2647 1809 2710 1864 τὸ
2756 1809 3101 1888 φαινόμενον,
3145 1810 3489 1890 ἀφανιστικὸν
3535 1813 3597 1871 δὶ

1943 1902 2043 1966 τῆς
2069 1895 2445 1970 ἀντικειμένης
2469 1893 2772 1970 δυνάμεως.

2020 2027 2048 2055 ‹‹
2081 1999 2300 2065 Ονειδος
2345 2001 2646 2080 ἀνθρώπων
2694 2005 2784 2060 καὶ
2832 2004 3162 2082 ἐξουθένημα
3216 2004 3372 2067 λαοῦ.
3434 2031 3467 2062 ››
3523 2041 3594 2056 --

1944 2095 2114 2147 Τοῦτο
2172 2091 2562 2169 προαγορεύσει
2619 2097 2826 2171 σαφῶς,
2887 2096 2922 2150 ἅ
2984 2095 3062 2158 εἷς
3117 2095 3276 2152 αὐτὸν
3333 2118 3593 2176 πεπαρῳ-

1947 2183 2142 2252 νήγασι
2197 2181 2334 2237 κατὰ
2385 2181 2478 2236 τὸν
2534 2186 2632 2236 τοῦ
2687 2182 2893 2248 πάθους
2948 2185 3157 2262 καιρὸν,
3233 2185 3593 2260 ἐμπαίζοντες

1947 2269 2036 2326 καὶ
2097 2269 2478 2346 χλευάζοντες.
2530 2271 2629 2326 Καὶ
2677 2273 2868 2327 ταυτὸν
2931 2273 3025 2348 μὲν
3082 2275 3143 2329 ἄν
3219 2272 3303 2345 εἴη
3383 2271 3592 2342 ὄνειδος

1948 2357 2248 2435 ἀνθρώπων
2298 2359 2362 2414 τὸ
2407 2358 2739 2434 ἐξουθένημα
2787 2359 2925 2416 λαοῦ
2956 2381 2970 2395 ⁸
3016 2359 3054 2431 ἡ
3099 2357 3308 2426 ὄνειδος
3358 2365 3453 2439 μὲν
3497 2363 3593 2421 ἀν-

1949 2449 2155 2524 θρώπῳ
2198 2452 2304 2504 τῶν
2353 2447 2413 2503 ἐκ
2471 2448 2688 2523 Ῥώμης
2734 2454 3097 2524 στρατιωτῶν,
3145 2451 3479 2528 ἐξουθένημα
3535 2449 3594 2509 δὲ

1949 2535 2087 2594 λαοῦ
2117 2541 2224 2592 τῶν
2257 2534 2551 2596 Ἰουδαίων.

2020 2650 2050 2678 ‹‹
2108 2625 2308 2688 Πάντες
2369 2627 2422 2681 οἱ
2498 2627 2812 2701 θεαροῦντές
2890 2649 2959 2702 με
3014 2627 3436 2704 ἐξεμυκτήρισάν
3503 2651 3591 2707 με,

1950 2712 2222 2785 ἐλάλησαν
2281 2713 2333 2769 ἐν
2384 2711 2650 2791 χείλεσιν,
2709 2715 2960 2787 ἐκίνησαν
3010 2715 3276 2796 κεφαλήν.
3329 2716 3454 2774 ⁹Ή)-
3553 2751 3590 2770 .-

1951 2802 2178 2860 ἐ“Κ’
2401 2802 2585 2858 ²’θ
2750 2805 2933 2860 ’όο
3098 2806 3131 2861 ά
3304 2806 3398 2863 ύὸ
3514 2811 3571 2846 ⁵⁷*-

1978 2825 2038 2858 πι
2155 2824 2322 2880 υριον,
2389 2825 2635 2879 ρυσασω
2706 2826 2866 2860 αυτν
2982 2827 3097 2861 σωσ
3132 2827 3210 2862 τω
3267 2828 3449 2872 ατν,
3534 2833 3592 2862 ›,ι

1950 2891 2094 2947 θέλει
2141 2891 2324 2949 αὐτόν.
2385 2915 2414 2945 ››
2473 2925 2543 2936 -—
2597 2894 2780 2950 Ταῦτα
2855 2898 3040 2973 σαφῶς
3096 2895 3343 2971 εὑρήσεις
3407 2894 3457 2951 ἐν
3515 2901 3598 2970 τῷ

1947 2979 2204 3054 Ματθαίῳ
2250 2979 2472 3056 κείμενα
2523 3025 2537 3039 .
2583 2981 2716 3061 φησὶ
2763 2981 2865 3060 γὰρ
2899 3000 2914 3016 ο
2947 3007 2977 3035 ‹‹
3008 2983 3073 3038 Οἱ
3120 2980 3179 3039 δὲ
3214 2984 3596 3061 παραπορευό-

1953 3090 2104 3144 μενοι
2160 3065 2548 3149 ἐϐλασφὴμουν
2602 3069 2761 3126 αὐτὸν
2825 3076 3094 3136 κινοῦντες
3161 3071 3257 3135 τὰς
3345 3070 3596 3152 κεφαλάς

1948 3158 2122 3214 αὐτῶν
2153 3158 2244 3214 καὶ
2276 3157 2542 3235 λέγοντες,
2573 3181 2601 3214 ιι
2637 3158 2730 3215 καῖ
2755 3159 2823 3216 τὰ
2844 3158 2989 3232 ἐξῆς.

2032 3287 2054 3318 α
2085 3268 2203 3320 Ὅτι
2253 3265 2315 3320 σὺ
2361 3265 2411 3320 εἶ
2455 3265 2482 3320 ό
2528 3266 2797 3331 έκσπάσας
2847 3289 2915 3342 με
2942 3266 3002 3324 ἐκ
3027 3269 3276 3345 γαστρός.
3308 3293 3340 3324 ››
3370 3302 3441 3314 -
3470 3270 3596 3326 Ἀν-

2025 3355 2081 3418 ὸς
2141 3355 2236 3429 μὲν
2296 3353 2494 3429 ὁμιλία
2543 3353 2796 3433 διανοίγει
2857 3359 3153 3434 παρθενικᾶ
3206 3357 3434 3436 κλεῖθρα
3495 3365 3598 3430 τῆς

1954 3443 2208 3521 λαστρός·
2312 3443 2698 3518 ἀκοντιζόμεον
2785 3441 2842 3500 δὲ
2922 3445 2986 3502 τὸ
3065 3444 3280 3523 σπέρμα
3359 3451 3599 3527 φυσικῶς

1953 3533 2158 3610 ἀνοίγει
2211 3535 2312 3604 τὴν
2363 3535 2571 3610 μήτραν
2607 3551 2620 3567 ⁸
2663 3533 2798 3605 αὕτη
2851 3530 2908 3589 δὲ
2957 3532 3151 3590 λοιπὸν
3202 3534 3430 3610 μύσασα,
3471 3558 3598 3593 συν-

1953 3622 2071 3700 έχει
2097 3627 2260 3678 τοῦτο
2299 3622 2495 3699 μέχρις
2527 3619 2587 3677 ἄν
2631 3622 2706 3686 εἷς
2761 3623 2960 3701 βρέφος
3007 3621 3456 3702 τελεσιουργηθῇ,
3507 3624 3598 3681 καὶ

1954 3708 2099 3768 οὕτω
2130 3715 2602 3787 στενοχωρηθεῖσα
2629 3715 2708 3784 τῷ
2757 3707 2925 3788 ὄγκῳ,
2976 3710 3141 3769 πάλιν
3186 3713 3456 3791 ἀνοίγεται
3506 3713 3597 3771 καὶ

1949 3804 2273 3877 παραχωρεῖ
2316 3803 2476 3854 τοῦτο
2526 3796 2555 3854 8
2604 3797 2947 3858 ολισθαίνειν.
2997 3800 3118 3856 Ἐπὶ
3164 3799 3224 3857 δὲ
3265 3807 3362 3857 τοῦ
3403 3809 3598 3874 Σωτῆ-

1953 3911 2044 3966 ρος
2095 3887 2276 3966 ὣσπερ
2325 3885 2447 3944 ἄνευ
2492 3885 2715 3962 ὁμιλίας
2757 3887 2948 3967 ἀνδρὸς
2993 3893 3028 3960 ἡ
3081 3889 3358 3966 σύλληψις
3390 3911 3405 3926 ⁸
3451 3888 3596 3951 οὕτω

1949 3980 2039 4036 καὶ
2087 3981 2124 4049 ἡ
2173 3975 2410 4054 πρόοδος
2457 3981 2556 4032 τοῦ
2605 3975 2839 4058 βρέφους
2879 3980 3178 4059 ὑπερφυὴς,
3205 3987 3310 4052 τῆς
3335 3985 3434 4038 τοῦ
3460 3985 3595 4038 Θεοῦ

1953 4066 2220 4145 δυνάρεως
2317 4063 2675 4139 ἐξελκυσάσης
2737 4066 2890 4140 αὐτὸ,
2954 4073 3064 4125 τῶν
3126 4066 3392 4146 κλείθρων
3467 4067 3597 4145 μηδ’

1949 4155 2079 4220 ὅλος
2110 4156 2456 4232 ὰνοιγέντων.

2021 4270 2052 4300 (ι
2085 4291 2099 4304 .
2134 4290 2147 4303 .
2184 4289 2199 4304 .
2237 4290 2250 4303 .
2278 4243 2708 4321 ἀρχιεπίσκοπος
2765 4246 2843 4310 εἷς
2899 4245 3080 4307 αὐτόν.
3132 4270 3162 4302 n
3221 4280 3290 4291 —-
3346 4247 3422 4303 Τὰ
3467 4247 3594 4323 περὶ

1948 4335 2078 4398 τοὺς
2131 4333 2335 4396 ἄλλους
2397 4334 2716 4410 ἀνθρώπους
2763 4334 2853 4390 καὶ
2898 4337 2968 4392 τὰ
3013 4334 3183 4392 λοιπά
3233 4340 3343 4405 ζῶα
3390 4334 3478 4391 ἐπὶ
3521 4339 3592 4412 τῇ

1951 4423 2186 4500 ἐξαρχῆς
2234 4423 2500 4500 σαρκώσει
2566 4428 2662 4478 τοῦ
2722 4427 2856 4480 Θεοῦ
2919 4423 3101 4500 Λόγου
3165 4423 3595 4501 παρηκολουθηη

1949 4514 2084 4569 κότα
2138 4510 2310 4568 ἔοικεν
2353 4514 2389 4582 ἡ
2438 4515 2676 4587 καροῦσα
2719 4510 2862 4586 λέξις
2923 4513 3224 4587 σημαίνειν·
3299 4518 3424 4570 οῦτε
3486 4515 3592 4592 γὰρ

1950 4602 2088 4658 κατά
2132 4602 2224 4657 τὸν
2277 4602 2496 4678 φυσικὸν
2545 4601 2714 4675 νόμον
2765 4603 2801 4672 ἡ
2860 4599 3134 4676 σύλληψις
3181 4601 3346 4657 αὐτοῦ
3400 4603 3451 4678 ἐξ
3500 4602 3596 4658 ἀν-

192 4682 434 4760 ἕμφασιν
481 4681 577 4733 τοῦ
625 4675 783 4769 τόνου
830 4679 932 4769 τῇς
970 4669 1193 4769 fuga?“
1228 4671 1634 4769 '_)\6"~IP_000'W_8_E
1661 4673 1846 4730 κινδῦ·
1876 4679 1922 4744 D
1956 4689 2082 4769 δρὸς
2131 4669 2441 4766 σπέρματος
2482 4709 2496 4724 ’
2549 4669 2640 4745 διά
2682 4669 2848 4745 τοῦτο
2896 4669 3154 4763 οὐδὲ-’τῷ
3199 4669 3450 4746 εἰωθότι.
3477 4696 3598 4756 τοῖς

193 4793 296 4828 νου
331 4769 582 4844 λέγουσιν
633 4766 685 4820 οἱ
733 4763 890 4842 σοφοὶ
931 4761 998 4817 τά
1053 4763 1169 4817 θεῖα
1220 4761 1280 4816 ού
1335 4762 1498 4836 μόνον
1539 4763 1627 4818 ἐπὶ
1659 4785 1848 4838 σωμα-

191 4881 335 4928 των,
369 4854 514 4913 ἀλλά
539 4853 629 4910 καὶ
661 4850 862 4925 πολλῷ
917 4849 1129 4925 μᾶλλον
1173 4849 1261 4905 ἐπὶ
1304 4854 1488 4927 ψυχῆς
1521 4873 1533 4886 ·
1565 4849 1690 4908 ὅταν
1732 4874 1848 4929 γεν-

191 4948 369 5010 ναίως
419 4946 708 5020 ἐνεγκοῦτα
773 4942 868 5002 τὰς
935 4937 1129 5001 ἀδύνας
1204 4937 1334 5012 μηδ’
1403 4940 1638 5006 ἐντεῦθεν
1707 4943 1851 5016 πάθῃ

193 5037 332 5110 περὶ
389 5037 490 5105 τήν
541 5033 793 5110 πρόθεσιν
842 5049 854 5062 ·
909 5029 1054 5084 οὕτω
1101 5029 1204 5104 γὰρ
1253 5028 1305 5082 οἱ
1339 5029 1604 5104 μάρτυρες
1634 5031 1852 5106 ἀναιρε-

199 5126 386 5195 θέντες
416 5125 726 5194 νενικήκασι
758 5117 846 5174 διᾶ
873 5119 937 5174 τὸ
966 5117 1238 5188 ἀήττητον
1266 5124 1369 5186 τῆς
1396 5120 1600 5193 ψυχῆς,

283 5258 311 5285 ‹‹
371 5232 515 5306 Ἐγὼ
573 5227 631 5283 δέ
687 5226 800 5300 εἰμι
857 5223 1078 5294 σκώληξ
1135 5223 1225 5278 καὶ
1287 5222 1386 5277 οὐκ
1451 5220 1753 5297 ἄνθρωπσς.
1825 5247 1853 5276 ››

200 5353 281 5366 --—
323 5325 494 5375 Τοῦτο
543 5317 660 5372 εἶπε
706 5317 971 5370 ταπεινῶν
1023 5311 1208 5366 ἑαυτόν
1266 5331 1279 5343 ·
1329 5311 1418 5366 καὶ
1469 5311 1631 5368 Δαυῒδ
1677 5315 1778 5389 γὰρ
1827 5313 1856 5367 6

202 5411 499 5486 προφήτης
545 5405 633 5460 καὶ
711 5401 965 5478 βασιλεὺς
1023 5401 1157 5455 κύνα
1201 5401 1498 5470 τεθνηκότα
1544 5401 1702 5458 καλεῖ
1740 5403 1858 5457 ἐαυ-

202 5500 303 5556 τὸν
356 5497 408 5552 ἐν
453 5501 525 5570 τῇ
577 5489 755 5572 βίϐλῳ
797 5495 904 5545 τῶν
949 5487 1266 5546 Βασιλειῶν.
1329 5491 1392 5544 Ei
1464 5488 1492 5544 8
1550 5491 1858 5563 ἀναμάρτη-

203 5607 304 5650 τος
351 5590 560 5658 Ἰησοῦς
611 5582 783 5643 οὕτως
836 5579 1020 5635 ἑαυτὸν
1074 5577 1345 5656 φαυλίζει,
1392 5579 1444 5634 τί
1494 5580 1554 5633 ἄν
1603 5582 1768 5652 ἡμεῖς
1808 5581 1861 5634 οἱ

208 5673 418 5759 φαῦλοι
465 5673 555 5732 καὶ
603 5667 925 5748 ἁμαρτωλοὶ
983 5671 1349 5759 ποιήσωμεν;
1422 5668 1559 5759 Φασὶ
1613 5665 1670 5723 δέ
1722 5689 1862 5759 τινες

210 5755 308 5826 διὰ
360 5766 461 5836 τὴν
510 5759 869 5821 ἀσυνδύαστον
917 5760 1080 5814 τοῦτο
1147 5755 1380 5835 ῥηθῆναι
1443 5757 1711 5839 γέννησιν.
1777 5757 1865 5825 Ὧς

1955 4779 2314 4858 γεννωμένοις
2363 4777 2620 4849 ἐξώλίσθε
2664 4777 2852 4855 τρόπῳ
2897 4782 3004 4834 τῶν
3069 4785 3172 4850 τῆς
3235 4780 3444 4858 μητρὸς
3509 4779 3600 4856 ἐγ-

1957 4869 2132 4924 κάτων
2181 4874 2282 4938 τῆς
2339 4871 2434 4922 τοῦ
2480 4867 2788 4941 σπέρματος
2847 4863 3188 4930 διαπλάσεως
3249 4868 3349 4937 τὴν
3415 4864 3598 4940 ἔξοδον

1959 4955 2402 5030 κατεπειγούσης
2462 4954 2589 5011 ἀλλ’
2652 4955 2712 5011 ἐκ
2787 4955 3098 5029 Πνεύματος
3172 4955 3328 5033 ἁγίου
3399 4956 3606 5028 συλλη-

1962 5045 2133 5124 φθεὶς,
2183 5044 2340 5099 αὐτὸν
2412 5045 2540 5100 Θεὸν
2607 5045 2819 5118 Πατέρα
2883 5044 2995 5099 οἱόν
3057 5066 3178 5100 τινα
3242 5045 3599 5122 μαιευόμενον

1959 5135 2022 5189 τὸ
2066 5135 2260 5205 κυηθὲν
2309 5133 2400 5188 καὶ
2456 5141 2557 5202 τῆς
2626 5135 2835 5208 μήτρας
2907 5131 3239 5204 ἐξέλκοντα·
3301 5133 3448 5191 ἀλλὰ
3511 5135 3602 5192 καὶ

1964 5220 2143 5300 ἕτερον
2206 5221 2361 5298 ἔσχεν
2405 5221 2670 5294 ἐξαίρετον
2720 5223 2866 5299 παρά
2911 5222 3037 5285 τοὺς
3087 5223 3404 5299 ἀνθρώπους
3451 5225 3603 5302 γενό-

1970 5333 2126 5386 μενος
2187 5328 2200 5343 ⁸
2260 5312 2448 5366 καθότι
2503 5313 2592 5366 καὶ
2621 5311 2740 5365 ’ἀπὸ
2796 5313 3010 5384 μασθῶν
3057 5316 3336 5389 μητρικῶν
3400 5319 3490 5369 καὶ
3554 5311 3608 5368 ἐν

1966 5401 2102 5474 αὐτῇ
2161 5402 2343 5476 μήτρᾳ
2397 5397 2628 5469 ἤλπισεν
2688 5400 2775 5454 ἐπὶ
2832 5400 2923 5454 τὸν
2982 5401 3108 5454 Θεὸν
3165 5400 3374 5476 Πατέρα
3419 5401 3605 5474 αύτοῦ,

1968 5489 1998 5544 6'
2060 5489 2220 5564 μόγις
2272 5487 2359 5543 ἐπὶ
2414 5494 2520 5543 τῶν
2580 5486 2766 5543 ἄλλων
2845 5488 3138 5565 ἀνθρώπων
3212 5488 3436 5564 γίνεται,
3511 5495 3609 5546 τοῦ

1970 5577 2136 5654 λόγου
2221 5577 2406 5640 αύτοῖς
2483 5577 2983 5652 συμπληρουμένου
3063 5597 3076 5609 °
3137 5578 3166 5632 ὅ
3221 5577 3310 5633 καὶ
3394 5580 3613 5643 Ἠσαϊας

1972 5664 2176 5739 ἐδήλου
2225 5664 2346 5742 περί
2391 5665 2554 5721 αὐτοῦ
2603 5665 2770 5722 εἰπών
2806 5685 2820 5699 ο
2857 5688 2877 5716 κ
2929 5665 3078 5722 Διότι
3123 5668 3284 5744 πρινή
3319 5671 3521 5743 γνῶναι
3550 5667 3614 5724 τὸ

1971 5752 2188 5816 παιδίον
2235 5755 2428 5837 ἀγαθὸν
2475 5754 2512 5828 ἥ
2561 5755 2724 5814 κακὸν
2773 5754 2981 5816 ἀπειθεῖ
3025 5755 3260 5837 πονηρίᾳ
3322 5758 3418 5814 τοῦ
3466 5753 3618 5818 ἐκλέ-
