3988 6436
217 472 374 540 ωδ

1437 474 1852 542 ΕΧΡΘΒΙΤΙΟ
1893 473 1974 536 IN
2017 465 2405 536 PSALMOS.

3469 469 3626 535 1426

214 607 333 681 χῶν
359 598 610 682 ἄγευστον
645 604 914 684 ἁμαρτίας
973 612 1106 666 εἶναι
1163 605 1254 665 καὶ
1310 605 1398 665 διὰ
1453 611 1515 665 τὸ
1567 607 1730 681 μόνον
1774 607 1865 663 τὸν
1894 609 1950 677 Α
1985 625 2110 679 μου.
2147 628 2175 657 ››
2203 638 2268 648 -
2298 602 2470 666 Εὐθὺς
2501 601 2553 662 ὲν
2581 606 2658 676 τῷ
2691 603 2820 682 βοᾷν
2857 621 2924 676 με
2951 598 3087 680 πρὸς
3126 598 3284 660 αὐτὸν
3343 600 3626 673 εἰσήκουσέ

217 693 340 749 Υίὸν
401 692 545 772 ἔχειν
604 697 888 771 ἡνωμένον
945 704 1060 763 καθ’
1119 697 1428 755 ὑπόστασιν.
1485 699 1617 774 Περὶ
1678 695 1736 753 δὲ
1761 703 1862 766 τῆς
1977 715 2106 769 μου.

213 783 407 839 ἑαυτοῦ
452 786 830 848 ταπεινώσεως
874 786 964 841 καὶ
1016 787 1177 849 αὐτὸς
1232 787 1284 843 ἐν
1335 792 1454 850 τοῖς
1486 789 1654 862 ἱεροῖς
1689 786 1857 862 Εύαγ-

3027 813 3094 823 -—
3140 785 3244 838 Οτε
3291 781 3444 860 φωνὴ
3494 802 3623 839 κατ-

2043 807 2072 834 ι(
2104 782 2256 858 Παρὰ
2297 787 2393 839 σοῦ
2440 784 2468 839 6
2507 781 2724 844 ἔπαινός
2793 803 2918 855 μου.
2956 804 2985 832 »

214 871 426 946 γελίοις
455 870 690 944 ἐδίδαξεν
724 874 890 929 εἰπών
917 895 930 909 ι
966 899 995 928 ‹‹
1025 877 1230 932 Μάθετε
1261 877 1350 931 ἀπ’
1383 876 1518 950 ἐμοῦ
1559 875 1641 931 ὅτι
1689 874 1862 952 πρᾶός
1971 871 2178 946 ηνέχθη
2213 870 2272 926 ἐκ
2298 877 2395 927 τοῦ
2427 872 2658 949 ούρανοῦ
2703 871 2956 947 λέγουσα·
2984 893 3012 921 ιι
3044 869 3216 934 Οὗτός
3272 870 3410 926 ἐστιν
3445 872 3472 926 ὁ
3497 871 3621 935 Υἱός

215 960 331 1034 εἰμι
359 962 451 1017 καὶ
475 963 722 1025 ταπεινὸς
751 967 820 1039 τῇ
857 962 1070 1039 καρδίᾳ.
1107 965 1320 1028 »Τίνος
1369 963 1426 1020 δὲ
1473 963 1646 1020 ἕνεκεν
1688 963 1862 1026 οὕτως
1975 981 2079 1032 μου
2135 961 2163 1014 6
2217 961 2517 1036 ἀγαπητὸς,
2551 960 2603 1015 ἐν
2661 962 2707 1034 ᾧ
2765 956 3054 1030 εὐδόκησα.
3086 983 3114 1010 υ
3164 993 3231 1004 -
3291 959 3389 1016 Καἶ
3447 959 3619 1024 αὖθις·

212 1046 418 1126 ηὔχετο
476 1054 900 1128 προειρήκαμεν,
963 1052 1040 1110 ἔτι
1094 1051 1152 1109 δὲ
1193 1053 1283 1110 καὶ
1327 1053 1519 1109 ὁποίαν
1551 1054 1728 1125 ἐζήτει
1761 1052 1858 1108 λύ-

212 1157 436 1212 τρωσιν.

282 1269 312 1297 ‹‹
339 1247 690 1321 Διηγήσομαι
746 1247 810 1302 τὸ
867 1243 1043 1322 ὄνομά
1089 1269 1186 1303 σου
1227 1252 1344 1311 τοῖς
1375 1247 1635 1328 ἀδελφοῖς
1669 1269 1794 1321 μου.
1831 1271 1854 1299 ι

211 1365 281 1378 --
311 1333 632 1408 Σημείωσαι
679 1340 799 1399 πῶς
845 1337 913 1391 τὰ
971 1339 1065 1410 μὲν
1114 1337 1190 1400 ὡς
1243 1335 1353 1410 ἤδη
1401 1337 1733 1416 γεγενημένα
1768 1335 1859 1393 λέ-

203 1442 288 1496 γει
343 1423 408 1478 τὸ
464 1429 606 1486 θεῖον
665 1428 889 1498 Πνεῦμα
944 1445 1050 1502 προ
1069 1430 1304 1502 θεωροῦν
1356 1425 1509 1500 αὐτὰ,
1547 1427 1616 1482 τὰ
1668 1424 1726 1480 δὲ
1781 1425 1856 1488 ὡς

209 1507 486 1584 μέλλοντα
540 1511 697 1586 νόμῳ
753 1513 1110 1592 προφητείας.
1158 1515 1373 1588 Ὀνομα
1423 1512 1480 1570 δέ
1509 1515 1730 1594 φησιτό
1758 1521 1858 1584 τῆς

206 1599 552 1674 πατρότητος
587 1619 598 1632 ·
660 1602 788 1657 Θεὸν
851 1602 944 1676 μὲν
1013 1605 1117 1679 γὰρ
1175 1603 1500 1681 ὡμολόγουν
1554 1599 1798 1678 Ἑϐραῖοι
1839 1623 1853 1637 ⁸

205 1690 416 1764 Πατέρα
471 1686 530 1745 δὲ
589 1690 718 1745 Υἱοῦ
777 1691 876 1747 οὐκ
932 1691 1224 1768 ἐγίνωσκον
1289 1692 1364 1756 ὡς
1443 1693 1494 1747 ἐν
1569 1697 1648 1764 τῷ
1719 1693 1857 1748 κατᾶ

207 1777 462 1849 Ἰωάννην
517 1778 840 1856 Εὖαγγελίῳ
890 1777 1074 1858 εἷ’ρηκε
1105 1798 1118 1814 ·
1166 1805 1195 1834 ‹‹
1263 1783 1612 1859 Πορευθεῖσαι
1672 1779 1856 1838 εἷ’πατε

205 1871 318 1929 τοῖς
349 1863 610 1946 ἀδελφοῖς
637 1891 766 1942 μου.
799 1892 829 1921 ››

1975 1072 1998 1099 ι
2031 1045 2286 1120 Ἐδόξασα
2316 1049 2404 1104 καὶ
2435 1046 2599 1104 πάλιν
2632 1046 2859 1119 δοξάσω.
2898 1070 2926 1100 ››

2040 1179 2071 1209 ‹‹
2106 1153 2402 1229 Ἐκκλησία
2453 1154 2684 1232 μεγάλῃ.
2749 1179 2777 1208 ››
2821 1187 2892 1198 --
2937 1153 3364 1232 Ἐξομολόγησιν
3439 1157 3620 1213 ἐνταῦ-

1969 1246 2033 1300 θα
2059 1246 2158 1314 τὴν
2196 1241 2394 1300 αἶ’νεσιν
2447 1243 2610 1322 λέγει.
2644 1243 2870 1319 Μεγάλη
2906 1240 2963 1300 δὲ
2993 1246 3029 1315 ἡ
3078 1248 3186 1299 τῶν
3235 1249 3455 1301 πιστῶν
3492 1247 3616 1306 Ἐχρ

1967 1333 2190 1406 κλησία,
2248 1335 2325 1396 ὡς
2384 1335 2551 1411 μέχρι
2593 1334 2839 1410 περάτων
2903 1339 3004 1403 τῆς
3077 1340 3182 1409 γῆς
3229 1333 3519 1406 φθάνουσα·
3575 1337 3614 1408 ἢ

1966 1422 2055 1479 καὶ
2113 1424 2187 1486 ὡς
2245 1423 2351 1479 ἀπὸ
2413 1423 2665 1500 μεγάλων
2724 1419 2930 1500 ἀνδρῶν
2979 1422 3354 1498 συνισταμένη.
3381 1423 3494 1480 Ἀεὶ
3555 1421 3617 1482 δὲ

1967 1508 2059 1567 διὰ
2107 1517 2206 1568 τοῦ
2254 1511 2582 1590 Εύοαγγελίου
2635 1511 2794 1586 μέσον
2843 1511 3011 1583 αὐτῆς
3045 1513 3200 1586 ὑμνεῖ
3225 1513 3316 1570 τὸν
3375 1515 3615 1586 Πατέρα.

1965 1606 2116 1658 Ἅνω
2179 1603 2271 1675 μὲν
2341 1603 2434 1657 οῦν
2508 1599 2695 1664 ἁπλῶς
2748 1599 3068 1672 Ἐκκλησίαν
3139 1601 3256 1658 εἶπε
3321 1603 3420 1674 τὴν
3497 1606 3608 1662 τῶν

1964 1687 2239 1746 Ἰουδαίων
2289 1692 2636 1767 συναγωγὴν,
2665 1691 2702 1760 ἢ
2750 1689 2840 1745 καὶ
2891 1691 2988 1760 τήν
3041 1689 3265 1762 ἐκάστην
3315 1693 3603 1769 παροικίαν

1966 1781 2193 1855 μερικὴν
2239 1783 2348 1836 τῶν
2405 1775 2656 1835 εὐσεϐῶν·
2705 1781 2794 1834 νῦν
2858 1777 2916 1835 δὲ
2979 1778 3216 1856 μεγάλην
3293 1779 3438 1860 λέγει
3502 1783 3601 1854 τὴν

1960 1869 2260 1940 καθολικὴν
2290 1872 2400 1926 τῶν
2426 1873 2652 1924 πιστῶν.

277 1995 305 2024 ι(
337 1974 422 2028 Ἐν
473 1973 622 2049 μέσῳ
668 1974 996 2047 Ἐκκλησίας
1042 1975 1275 2051 ὑμνήσω
1323 1998 1400 2036 σε.
1455 2000 1484 2030 ››
1535 2009 1606 2022 —-
1646 1976 1724 2036 Οὐ
1761 1972 1932 2053 μό-Β
2014 1981 2061 2053 _“
2090 1957 2223 2053 Τὰς.
2254 1956 2421 2053 633x01:
2472 1979 2606 2053 μου-
2633 1955 2902 2053 ἀποδῴσω
2929 1957 3185 2053 ,ἐνάξπιον
3231 1961 3347 2053 ica”
3399 1954 3602 2053 ‘P°6_°"'

201 2080 293 2117 νον
343 2062 448 2139 γὰρ
497 2060 610 2136 ῗδία
655 2063 783 2126 τοὺς
834 2063 1171 2126 ἀποστόλους
1217 2063 1648 2141 ἐδίδαξεν,.ἆλλᾶ
1673 2067 1764 2122 καὶ
1796 2067 1846 2124 ἐν

201 2153 320 2212 ταῖς
376 2157 710 2229 συναγωγαῖς
764 2156 871 2209 τῶν
926 2151 1205 2209 Ἰουδαίων
1257 2153 1682 2232 ἐπαρρησιάζετο
1723 2153 1848 2226 διη-

199 2237 466 2314 γούμενος
521 2241 588 2295 τὰ
647 2239 908 2317 μεγαλεῖα
956 2246 1054 2298 τοῦ
1105 2247 1237 2302 Θεοῦ
1287 2243 1378 2299 καὶ
1423 2244 1658 2320 Πατρός..
1715 2245 1848 2321 Περὶ

203 2325 409 2382 τούτων
453 2324 544 2382 οῦν
591 2330 628 2399 ἡ
677 2333 921 2406 παροῦσα
958 2329 1262 2409 προφητεία
1294 2336 1505 2388 ’τοῦτο
1561 2329 1737 2389 δὲκαὶ
1768 2334 1846 2396 εἰς

199 2410 274 2471 ἔτι
330 2421 480 2472 ποιεῖ
537 2414 626 2472 διὰ
679 2422 776 2474 τοῦ
834 2418 1172 2496 Εὖαγγελίου
1228 2419 1393 2476 αὐτοῦ
1449 2422 1538 2477 καὶ
1571 2419 1682 2494 ἰδίᾳ
1756 2422 1845 2479 καὶ

199 2499 443 2578 δημοσίᾳ
471 2505 968 2584 ἀναγινωσκομένη.

265 2634 298 2663 «
348 2611 412 2665 Οὶ
467 2607 800 2690 φοϐούμενοι
864 2613 1082 2690 Κύριον,
1155 2614 1400 2672 αἰνέσατε
1455 2615 1635 2674 αὐτόν.
1687 2640 1716 2669 η
1775 2649 1848 2662 -

203 2699 289 2761 Ὠς
346 2697 457 2769 ἤδη
503 2699 868 2764 εἰσακουσθεὶς
915 2702 1276 2778 προτρέπεται
1323 2702 1451 2766 τοὺς
1493 2703 1716 2766 πιστοὺς
1767 2704 1846 2768 εἷς

199 2787 564 2864 εὐχαριστίαν,
621 2789 713 2844 καὶ
770 2794 987 2867 πρῶτον
1047 2790 1175 2854 τοὺς
1226 2791 1278 2863 ἐξ
1336 2791 1496 2848 ἐθνῶν
1532 2812 1545 2827 ·
1614 2793 1698 2850 ὅτι
1749 2794 1841 2849 καὶ

198 2881 411 2952 πρῶτον
472 2876 549 2941 εἰς
603 2879 672 2934 τὰ
728 2872 852 2948 ἔθνη
909 2878 1040 2942 τοὺς
1095 2879 1432 2944 ἀποστόλους
1481 2883 1616 2954 μετὰ
1649 2883 1750 2951 τὴν
1781 2882 1842 2938 ἐκ

195 2969 398 3041 νεκρῶν
479 2965 760 3023 ἀνάστασιν
844 2966 1185 3039 ἐξαπέστειλε
1268 2988 1281 3003 ·
1373 2994 1402 3023 ι(
1483 2970 1840 3048 Πορευθέντες

197 3053 319 3129 γάρ,
371 3054 526 3133 φησὶ,
581 3057 947 3130 μαθητεύσατε
991 3058 1174 3114 πάντα·
1209 3058 1277 3113 τὰ
1316 3056 1440 3130 ἔθνη
1475 3080 1488 3094 ·
1547 3083 1578 3113 ››
1629 3059 1720 3122 οὕς
1749 3060 1836 3116 καὶ

197 3137 569 3220 φοϐουμένους
596 3145 704 3200 τὸντ
738 3145 938 3222 Κύριον
980 3146 1138 3203 καλεῖ
1176 3147 1597 3223 προσαγορεύων
1640 3147 1837 3213 αὐτούς

186 3229 290 3288 ἀπὸ
347 3238 460 3302 τῆς.
507 3232 726 3308 ἀρετῆς·
785 3233 876 3290 καὶ
934 3233 1140 3311 Πέτρος
1187 3237 1290 3312 γὰρ
1339 3235 1512 3299 οὕτως
1589 3235 1642 3292 ἐν
1717 3238 1835 3300 ταῖς

183 3320 446 3409 Πράξεσιν.
520 3321 809 3409 ὠνόμασεν
854 3322 1066 3386 αὐτούς·
1129 3348 1160 3379 «
1215 3321 1440 3402 Ἄνδρες
1496 3325 1830 3402 Ἰσραηλῖται
1861 3340 1906 3409 C

181 3408 270 3466 καὶ
329 3409 380 3464 οἰ
429 3409 482 3465 ἐν
529 3410 658 3484 ὑμῖν
707 3406 1044 3490 φοϐούμενοι
1103 3411 1200 3469 τὸν
1248 3413 1396 3470 Θεόν·
1447 3438 1478 3468 ››
1523 3412 1636 3470 ἐπεὶ
1688 3412 1746 3471 δὲ
1793 3417 1831 3486 ἡ

183 3495 483 3568 Ἐκκλησία
509 3504 622 3556 τῶν
651 3505 856 3558 πιστῶν
885 3501 985 3557 οῦκ
1014 3502 1066 3573 ἐξ
1098 3501 1266 3559 ἐθνῶν
1319 3502 1504 3577 μόνον,
1553 3501 1702 3560 ἀλλὰ
1740 3504 1830 3561 καὶ

183 3583 234 3657 ἐξ
262 3583 535 3643 Ἰουδαίων
566 3587 896 3663 συνίσταται,
927 3589 1020 3646 καὶ
1044 3589 1174 3654 τοὺς
1210 3590 1286 3654 εἷς
1319 3589 1636 3669 δοξολογίαν
1666 3597 1826 3648 κινεῖ·

183 3673 316 3754 Mc?
344 3676 466 3752 γάρ·

252 3796 280 3825 ‹‹
306 3774 486 3829 ’Ἂπαν
527 3774 592 3830 τὸ
637 3774 854 3849 σπέρμα
895 3771 1115 3848 Ἰακὼϐ,
1171 3774 1425 3848 δοξάσατε
1470 3776 1653 3836 αὐτόν.
1701 3802 1835 3832 ››--

182 3863 378 3924 Πάντες
411 3862 464 3917 οἱ
492 3860 543 3936 ἐξ
593 3861 879 3920 Ἰουδαίων.
905 3864 1341 3928 πεπιστευκότες·
1384 3866 1682 3944 προπάτωρ
1728 3867 1831 3944 γὰρ

181 3951 290 4004 τῶν
319 3949 508 4028 φυλῶν
539 3952 574 4008 ὁ·
597 3947 815 4012 Ἰακώϐ.

252 4078 284 4108 ‹‹
315 4051 722 4129 Φοϐηθήτωσαν
760 4057 919 4114 αὐτὸν
965 4059 1103 4115 ἅπαν
1149 4059 1215 4114 τὸ
1263 4059 1480 4136 σπέρμα
1527 4057 1770 4136 Ἰσραήλ.
1801 4083 1832 4114 ››

181 4174 254 4189 -
281 4145 541 4201 Ἐνταῦθα
609 4146 700 4202 καὶ
759 4148 935 4227 ἄμφω·
981 4148 1050 4203 τὰ
1112 4146 1249 4225 μέρη
1310 4146 1476 4226 λέγει,
1531 4145 1671 4204 διότι
1725 4153 1833 4212 πᾶς

182 4231 438 4310 ἐσαγνοὺς
534 4239 765 4312 Χριστὸν
861 4236 1084 4313 Ἰσραήλ
1159 4235 1322 4292 ἐστιν·
1417 4235 1639 4313 Ἰσραὴλ
1727 4238 1830 4314 γὰρ

183 4320 642 4397 μεθερμηνεύεται
716 4329 838 4387 νοῦς
916 4326 1057 4402 ὁρῶν
1129 4324 1279 4384 Θεόν.
1354 4322 1574 4381 Κελεύει
1647 4324 1830 4380 τοίνυν

175 4408 280 4465 καὶ·
318 4410 511 4483 ὑμνεῖν
555 4412 648 4467 τὸν
698 4413 830 4469 Θεὸν
887 4413 978 4469 καὶ
1042 4412 1126 4469 ἀεὶ
1193 4408 1472 4492 φοϐεῖσθαι
1530 4412 1688 4469 αὑτὸν
1754 4414 1829 4477 ὡς

176 4495 614 4574 παντοδύναμον·
662 4501 700 4572 ἢ
757 4501 850 4558 καὶ
912 4506 1033 4566 τοῖς
1098 4501 1295 4565 ἄλλοις
1351 4499 1632 4565 Ἰουδαίοις
1689 4521 1830 4578 παρ-

177 4584 439 4664 αγγέλλει
499 4583 777 4666 φοϐεῖσθαι
849 4588 1032 4664 αὐτὸν,
1091 4590 1168 4652 ὡς
1241 4587 1679 4663 παντοδύναμον,
1736 4589 1828 4645 καὶ

185 4675 446 4748 ἐπάξοντα
471 4676 688 4741 τούτοις
717 4676 1098 4754 πανολεθρίαν,
1130 4676 1219 4734 διὰ
1245 4681 1346 4748 τὴν
1379 4678 1534 4736 λύσιν
1561 4681 1661 4749 τὴν
1697 4681 1830 4753 μετὰ

179 4767 296 4819 τοῦ·
313 4764 441 4818 Ito?)
470 4764 655 4820 αὐτοῦ.

254 4893 284 4922 α
313 4871 437 4927 Ὅτι
514 4871 615 4926 οὐκ
704 4868 1053 4945 ἐξουδένωσεν
1138 4870 1264 4928 οὐδὲ
1343 4872 1693 4950 προσώχθισε
1757 4875 1828 4946 τῇ

183 4953 362 5028 δεήσει
418 4962 517 5013 τοῦ
570 4963 821 5034 πτωχοῦ.
880 4984 910 5012 ››
943 4959 1114 5018 -Ού
1167 4957 1416 5037 παρεῖδεν
1469 4957 1595 5015 οὐδὲ
1645 4980 1830 5038 φορτι-

178 5045 278 5101 κὸν
326 5047 578 5122 ἡγήσατο
625 5049 726 5117 τὴν
783 5047 945 5123 ἐμήν,
977 5049 1132 5128 φησὶ,
1167 5045 1368 5119 δέησιν,
1405 5049 1505 5118 τὴν
1557 5048 1679 5122 περὶ
1734 5048 1826 5102 τὸν

179 5128 440 5191 διάϐολον
499 5143 738 5207 νικῆσαι,
767 5137 859 5192 καὶ
917 5137 1044 5211 ὑμῖν
1101 5138 1200 5207 τὴν
1253 5159 1409 5207 νικην
1460 5135 1825 5214 δωρήσασθαι.

176 5225 414 5300 Πτωχὸν
471 5222 529 5280 δὲ
580 5224 859 5300 ὠνόμασεν
908 5226 1093 5282 ἑαυτὸν
1157 5223 1247 5281 διά
1295 5247 1354 5282 τε
1406 5227 1506 5295 τὴν
1556 5223 1825 5281 εὐτέλειαν

172 5318 278 5382 τῆς
328 5313 550 5390 σαρκὸς,
580 5315 671 5370 καὶ
728 5313 810 5370 ὅτι
859 5314 949 5371 καὶ
997 5313 1186 5378 ἄλλως
1233 5313 1402 5386 πένης
1439 5315 1531 5386 ἦν,
1577 5314 1702 5370 ὅσον
1747 5313 1826 5378 εἷς

173 5401 443 5478 χρήματα
469 5401 561 5458 καὶ
590 5402 922 5480 περιουσίαν.

255 5529 289 5560 ι(
313 5506 454 5566 Οὐδὲ
482 5507 780 5585 ἀπέστρεψε
806 5510 870 5565 τὸ
909 5509 1203 5586 πρόσωπον
1259 5509 1426 5566 αὐτοῦ
1483 5508 1574 5565 ἀπ’
1607 5509 1762 5584 ἐμοῦ.
1796 5531 1829 5562 ››

173 5626 248 5644 --
278 5597 410 5673 Περὶ
443 5593 500 5654 δὶ
525 5600 623 5653 τοῦ
655 5595 955 5672 ἰδιώματος
981 5597 1178 5654 τούτου
1208 5599 1612 5676 προειρήκαμεν
1666 5597 1718 5654 ἐν
1756 5601 1827 5672 τῇ

176 5683 437 5762 ἐξηγήσει
467 5691 564 5742 τοῦ
595 5681 719 5745 Ἰὼϐ
749 5687 994 5762 ψαλμοῦ.

260 5804 283 5835 ι
316 5781 418 5840 Καὶ
448 5782 501 5840 ἐν
539 5781 621 5861 τῷ
666 5785 981 5867 κεκραγέναι
1041 5806 1108 5862 με
1156 5785 1294 5866 πρὸς
1338 5784 1497 5845 αὐτὸν
1543 5781 1828 5860 εῗσήκουσέ

1965 2044 2138 2120 μένων
2166 2045 2345 2104 αὐτόν.
2378 2069 2408 2100 ››
2441 2079 2508 2090 ——-
2539 2046 2721 2124 Εύχάς
2751 2050 2842 2103 νῦν
2886 2045 2984 2109 τὰς
3041 2047 3384 2123 ὑποσχέστις-
3422 2046 3601 2119 καλεῖ,

1959 2131 2219 2204 δηλονότι
2246 2136 2309 2190 τὸ
2339 2133 2637 2211 διηγεῖσθαι
2666 2137 2728 2191 τὸ
2760 2129 2935 2209 ὄνομα
2958 2138 3060 2191 τοῦ
3107 2136 3320 2211 Πατρὸς
3366 2136 3455 2193 καὶ
3501 2142 3604 2194 τοῦ

1957 2224 2084 2279 Υῖοῦ
2117 2226 2325 2297 μνῆσαι.
2339 2223 2515 2280 αὐτόν.

2027 2335 2059 2365 ‹‹
2087 2313 2155 2370 Οἱ
2217 2311 2380 2390 μέχρι
2422 2311 2546 2369 τότε
2595 2313 2815 2380 πένητες
2875 2309 2999 2368 ὅσον
3067 2312 3146 2376 εἰς
3211 2308 3499 2388 εύσέϐειαν,
3558 2317 3597 2389 ἢ

1954 2399 2041 2456 καὶ
2101 2399 2224 2456 ὅσον
2271 2401 2348 2463 εἷς
2424 2401 2761 2477 ἀνθρώπινον
2828 2399 3090 2457 πλοῦτον·
3139 2401 3443 2477 ἀκτήμονες
3491 2405 3596 2482 γὰρ

1953 2489 2006 2544 οἱ
2079 2492 2217 2545 κατά
2292 2487 2548 2561 ἀλήθειαν
2637 2489 2972 2566 Χριστιανοί.
3038 2490 3312 2567 Φάγονται
3373 2489 3431 2549 δὲ
3493 2497 3592 2567 τὴν

1949 2579 2317 2653 πνευματικὴν
2369 2580 2574 2656 τροφὴν
2631 2581 2731 2648 τῆς
2814 2577 3177 2655 εὖαγγελικῆς
3246 2578 3595 2648 διδασκαλίας

1948 2668 2048 2737 τὴν
2077 2666 2334 2738 αὔξουσαν
2365 2668 2471 2737 τὴν.
2495 2669 2677 2744 ψυχήν
2689 2711 2703 2723 .

2020 2797 2051 2826 (ι
2081 2773 2356 2848 Φάγονται
2428 2771 2670 2845 πένητες,
2737 2773 2828 2828 καὶ
2912 2772 3416 2849 ἐμπλησθήσονται.
3492 2780 3594 2839 Καὶ

1947 2860 2212 2917 αἰνέσουσι
2242 2860 2438 2936 Κύριον
2472 2861 2524 2916 οἶ
2554 2861 2902 2934 ἐκζητοῦντες
2957 2862 3137 2921 αὐτόν.
3170 2887 3200 2917 ››
3226 2897 3296 2910 --
3323 2868 3447 2926 ’Ότι
3494 2870 3595 2926 οὐκ

1948 2949 2198 3028 ἐφείσατο
2226 2955 2323 3006 τοῦ
2351 2955 2687 3026 Μονογενοῦς
2717 2949 2894 3007 αὐτοῦ
2931 2949 3021 3008 διὰ
3045 2953 3146 3024 τὴν
3178 2954 3450 3032 σωτηρίαν
3481 2962 3590 3016 τῶν

1945 3037 2266 3114 ἀνθρώπων.
2315 3043 2565 3110 Ἐκζητεῖ
2619 3037 2677 3096 δὲ
2726 3044 2833 3102 πᾶς
2885 3039 2984 3096 τὸν.
3031 3041 3160 3097 Θεὸν
3218 3040 3420 3100 ὁδεύων
3488 3047 3596 3116 τήν

1942 3122 2128 3204 τρίϐον
2183 3131 2292 3182 τῶν
2348 3125 2578 3184 ἐντολῶν
2633 3127 2819 3202 αὐτοῦ,
2875 3133 3163 3205 φερουσῶν.
3209 3131 3462 3208 ἄντικρυς
3512 3133 3590 3198 εἷς

1944 3214 2126 3270 αὐτόν·
2158 3217 2194 3286 ἢ
2224 3215 2314 3271 καὶ
2345 3213 2534 3279 ἄλλως
2563 3217 2826 3295 φάγονται
2871 3219 2933 3272 τὸ
2980 3221 3140 3292 σῶμα
3173 3223 3271 3274 τοῦ
3328 3227 3590 3299 Σωτῆρος

1944 3305 1991 3378 ᾦ
2019 3303 2109 3360 καὶ
2138 3305 2201 3361 τὸ
2222 3305 2359 3379 αἷμα
2375 3300 3078 3382 συμπεριλαμϐάνεται,καὶ
3109 3306 3591 3382 ἐμπλησθήσονται

1942 3393 2256 3467 Πνεύματος
2302 3393 2479 3470 ἁγίου·
2533 3393 2624 3450 καὶ
2692 3393 2886 3468 ὕμνοις
2956 3394 3082 3472 περὶ
3151 3397 3250 3468 τὴν
3327 3401 3598 3471 μυστικὴν

1941 3484 2241 3559 χρήσονται
2295 3482 2582 3561 τράπεζαν·
2618 3482 2694 3545 ὡς
2751 3481 2880 3539 εἶναι
2931 3487 3094 3539 τοῦτο
3148 3487 3480 3562 προφητείαν
3525 3488 3591 3545 οὗ

1943 3570 2107 3646 μόνον
2166 3571 2290 3649 περὶ
2345 3575 2445 3628 τοῦ
2502 3569 2863 3648 Εὗαγγελίου,
2920 3570 3070 3629 ἀλλὰ
3122 3573 3213 3630 καὶ
3281 3574 3406 3651 περὶ
3487 3583 3591 3648 τῆς

1944 3666 2212 3734 μυστικῆς
2239 3659 2533 3737 τραπέζης.

2018 3770 2041 3800 ε
2073 3750 2335 3820 Ζήσονται
2392 3748 2449 3805 αἱ
2502 3744 2720 3823 καρδίαι
2793 3748 2967 3806 αὐτῶν
3049 3749 3126 3815 εἷς
3205 3751 3378 3809 αἰῶνα
3453 3752 3590 3810 αἰῶ-

1939 3858 2055 3900 νος.
2091 3862 2112 3890 ι
2149 3870 2216 3880 -
2247 3835 2421 3908 Φησὶν
2478 3835 2530 3892 ἐν
2586 3841 2666 3910 τῷ
2725 3835 3051 3914 Εὐαγγελίῳ
3079 3839 3107 3893 6
3138 3838 3356 3917 Κύριος·
3389 3865 3419 3894 ‹‹
3450 3843 3600 3920 Ἐγώ

1941 3926 2060 4001 εἰμι
2114 3925 2144 3981 6
2201 3926 2363 4000 ἄρτος
2417 3932 2520 3995 τῆς
2581 3926 2749 3996 ζωῆς·
2786 3949 2816 3978 ››
2856 3925 2949 3981 καὶ
3008 3925 3196 3983 πάλιν·
3249 3952 3284 3980 «μ
3331 3927 3460 3985 ’Ea'w
3504 3950 3592 3994 τις

1940 4013 2088 4092 φάγῃ
2145 4013 2205 4069 ἐκ
2248 4018 2346 4069 τοῦ
2397 4013 2533 4088 ἐμοῦ
2583 4010 2770 4091 ἄρτου,
2819 4017 3036 4087 ζήσεται
3067 4014 3144 4073 είς
3194 4018 3286 4074 τὸν
3336 4017 3525 4074 αἰῶνα·
3560 4041 3591 4072 ››

1941 4102 2226 4181 φυλάττων
2260 4099 2475 4174 δηλαδὴ
2507 4102 2600 4165 τὰς
2631 4102 2852 4166 ἐντολὰς
2900 4101 2991 4159 διὰ
3035 4110 3137 4174 τῆς
3178 4102 3402 4182 καρδίας
3457 4101 3589 4164 ὅλον

1937 4193 2001 4247 τὸ
2034 4195 2171 4262 ζῶον
2196 4188 2472 4262 ἐδήλωσεν
2504 4189 2610 4246 ἀπδ
2639 4195 2738 4247 τοῦ
2764 4189 3123 4268 καιριωτέρου
3153 4193 3372 4270 μέρους·
3407 4193 3454 4248 εἷ
3485 4195 3591 4270 γὰρ

1939 4279 2027 4336 καὶ
2057 4280 2362 4351 τιθνήξεται
2393 4280 2530 4335 κατᾶ
2557 4277 2734 4358 φύσιν,
2769 4276 2895 4335 ἀλλ’
2923 4278 3074 4342 αὖθις
3127 4279 3479 4352 ἀναστήσεται
3510 4281 3589 4346 εἷς

1942 4369 2088 4439 ζωὴν
2120 4367 2340 4423 αἰώνιον
2351 4411 2364 4424 .

2011 4479 2041 4509 ‹‹
2071 4457 2490 4526 Μνησθήσονται
2526 4453 2618 4510 καὶ
2666 4455 3156 4534 ἐπιστραφήσονται
3195 4457 3332 4532 πρὸς
3389 4455 3586 4534 Κύριον

1936 4543 2110 4600 πάντα
2162 4544 2232 4600 τὰ
2276 4544 2480 4620 πέρατα
2526 4550 2630 4614 τῆς
2684 4549 2813 4619 γῆς.
2844 4564 2876 4598 ι
2906 4575 2975 4586 -—-
3020 4545 3226 4618 Μνήμη
3275 4543 3364 4599 ἐπὶ
3420 4565 3587 4619 προε-

1937 4631 2251 4710 γνωσμένου
2281 4633 2606 4709 πράγματος
2649 4631 2884 4708 λέγεται.
2920 4631 3168 4688 Φαίνεται
3214 4631 3391 4688 τοίνυν
3442 4634 3520 4698 ὡς
3547 4637 3585 4706 ἡ

1937 4721 2232 4798 θεογνωσία
2282 4726 2399 4782 τοῖς
2454 4720 2759 4796 ἀνθρώποις
2825 4717 3062 4799 ἔμφυτός
3137 4719 3298 4776 ἐστιν·
3353 4719 3482 4777 ἀλλ’
3529 4722 3582 4779 ἐν

1933 4816 2051 4872 τοῖς
2077 4809 2278 4866 ἔθνεσιν
2310 4813 2345 4880 ἡ
2383 4812 2482 4878 τῆς
2513 4807 2728 4879 πλάνης
2755 4806 2934 4884 ἀχλὺς
2974 4807 3222 4865 ἐκάλεσεν
3255 4809 3444 4881 αύτήν.
3474 4813 3581 4882 Τῆς

1935 4896 2147 4974 ἆγλύος
2179 4895 2238 4952 δὲ
2268 4896 2738 4968 διασκεδασθείσης
2776 4901 2856 4968 τῷ
2895 4895 3044 4969 ἡλίῳ
3087 4895 3187 4972 τῇς
3236 4893 3584 4970 δικαιοσύνης

1934 4991 2149 5063 Χριστῷ
2181 4986 2547 5059 ἐμνήσθησαν,
2578 4989 2676 5041 τοῦ
2706 4983 3050 5061 δημιουργοῦ
3091 4984 3182 5040 καὶ
3227 4985 3366 5060 πρὸς
3423 4986 3584 5043 αὐτὸν

1935 5073 2332 5152 ἐπεστράφησαν
2390 5074 2426 5144 ἢ
2510 5075 2932 5148 μνησθήσονται,
2988 5071 3107 5128 ἀντὶ
3177 5075 3276 5129 τοῦ
3355 5075 3583 5148 μνήμης

1937 5164 2326 5237 ἂξιωθήσονται
2366 5161 2512 5238 παρά
2555 5162 2636 5234 τῷ
2681 5164 2796 5234 Θεῷ
2845 5158 3012 5237 μέχρι
3055 5159 3180 5218 τότε
3223 5163 3582 5239 παρεωραμέ-

1933 5271 2039 5310 νοι.
2089 5253 2227 5325 Ὅρα
2270 5248 2327 5306 δὲ
2377 5249 2528 5313 ὅπως
2575 5249 2849 5326 ἐχρήσατο
2906 5249 2978 5324 τῇ
3023 5250 3168 5323 τάξει
3236 5253 3581 5324 μνησθήσον-

1932 5361 2021 5396 ται
2103 5339 2292 5411 εἰπὼν,
2369 5338 2483 5396 εἶτα
2561 5338 3072 5417 ἐπιοτραφήσονται,
3148 5337 3262 5395 εἶτα
3341 5360 3585 5417 προσκυ-

1933 5430 2209 5500 νήσουσιν.

2010 5539 2040 5570 ‹‹
2070 5517 2170 5573 Καὶ
2238 5517 2703 5593 προσκυνήσουσιν
2768 5513 2996 5571 ἐνώπιον
3075 5513 3241 5572 αὐτοῦ
3298 5522 3482 5573 πᾶσαι.
3526 5517 3583 5575 αἱ

1935 5607 2157 5681 πατριαὶ
2213 5609 2320 5661 τῶν
2366 5606 2555 5671 ἐθνῶν.
2607 5627 2637 5657 ››
2684 5637 2754 5648 -
2808 5603 2908 5660 Καὶ
2961 5605 3070 5678 μὴν
3121 5601 3245 5662 οὔτε
3289 5607 3463 5662 πάντα
3515 5604 3586 5663 τὰ

1936 5695 2142 5773 πέρατα
2185 5697 2284 5765 τῆς
2336 5701 2442 5772 γῆς
2489 5693 2797 5750 ἐπίστευσαν
2845 5691 2972 5750 οὕτε
3023 5698 3186 5750 πᾶσαι
3248 5695 3306 5749 αἱ
3358 5694 3582 5772 πατριαὶ

1935 5789 2042 5844 τῶν
2076 5782 2260 5851 ἒθνῶν·
2295 5782 2421 5841 ἀλλ’
2479 5783 2594 5841 ἐπεὶ
2657 5783 2747 5839 καὶ
2799 5782 2874 5846 εἷς
2929 5779 3103 5839 πάντα
3154 5783 3223 5840 τὰ
3249 5782 3456 5861 πέρατα
3480 5789 3584 5858 τῆς
