  <div class='ocr_page' id='page_1' title='image "/cluster/home/n/w/nwhite01/storage/ocr_20150623/142/mdp.39015078384792/723.png"; bbox 0 0 3988 6446; ppageno 0'>
   <div class='ocr_carea' id='block_1_1' title="bbox 376 438 540 505">
    <p class='ocr_par' dir='ltr' id='par_1_1' title="bbox 376 438 540 505">
     <span class='ocr_line' id='line_1_1' title="bbox 376 438 540 505; baseline 0 0"><span class='ocrx_word' id='word_1_1' title='bbox 376 438 540 505; x_wconf 68' lang='grc' dir='ltr'>ιω</span> 
     </span>
    </p>
   </div>
   <div class='ocr_carea' id='block_1_2' title="bbox 1623 433 2537 508">
    <p class='ocr_par' dir='ltr' id='par_1_2' title="bbox 1623 433 2537 508">
     <span class='ocr_line' id='line_1_2' title="bbox 1623 433 2537 508; baseline 0 -1"><span class='ocrx_word' id='word_1_2' title='bbox 1623 435 2062 508; x_wconf 69' lang='grc' dir='ltr'>ΜΩΕΡΠΟΜ</span> <span class='ocrx_word' id='word_1_3' title='bbox 2094 433 2537 508; x_wconf 62' lang='grc' dir='ltr'>ΒΒΠΜΜΙΒΕ</span> 
     </span>
    </p>
   </div>
   <div class='ocr_carea' id='block_1_3' title="bbox 3677 62 3925 112">
    <p class='ocr_par' dir='ltr' id='par_1_3' title="bbox 3677 62 3925 112">
     <span class='ocr_line' id='line_1_3' title="bbox 3677 62 3925 112; baseline 0.016 -4"><span class='ocrx_word' id='word_1_4' title='bbox 3677 62 3925 112; x_wconf 42' lang='grc' dir='ltr'>ξαν-τετε</span> 
     </span>
    </p>
   </div>
   <div class='ocr_carea' id='block_1_4' title="bbox 3636 440 3815 508">
    <p class='ocr_par' dir='ltr' id='par_1_4' title="bbox 3636 440 3815 508">
     <span class='ocr_line' id='line_1_4' title="bbox 3636 440 3815 508; baseline 0.011 -2"><span class='ocrx_word' id='word_1_5' title='bbox 3636 440 3815 508; x_wconf 66' lang='grc' dir='ltr'>ιω</span> 
     </span>
    </p>
   </div>
   <div class='ocr_carea' id='block_1_5' title="bbox 379 567 3798 655">
    <p class='ocr_par' dir='ltr' id='par_1_5' title="bbox 379 567 3798 655">
     <span class='ocr_line' id='line_1_5' title="bbox 379 567 3798 655; baseline -0.001 -24"><span class='ocrx_word' id='word_1_6' title='bbox 379 570 586 644; x_wconf 81' lang='grc' dir='ltr'>λάσσης</span> <span class='ocrx_word' id='word_1_7' title='bbox 631 568 668 628; x_wconf 75' lang='grc' dir='ltr'>ἃ</span> <span class='ocrx_word' id='word_1_8' title='bbox 718 590 814 630; x_wconf 74' lang='grc' dir='ltr'>και</span> <span class='ocrx_word' id='word_1_9' title='bbox 847 567 1110 644; x_wconf 77' lang='grc' dir='ltr'>θιλάσσα,</span> <span class='ocrx_word' id='word_1_10' title='bbox 1153 567 1376 632; x_wconf 71' lang='grc' dir='ltr'>ἐκάλεσε</span> <span class='ocrx_word' id='word_1_11' title='bbox 1421 575 1502 648; x_wconf 81' lang='grc' dir='ltr'>τῷ</span> <span class='ocrx_word' id='word_1_12' title='bbox 1547 580 1646 633; x_wconf 90' lang='grc' dir='ltr'>τοῦ</span> <span class='ocrx_word' id='word_1_13' title='bbox 1697 573 1832 632; x_wconf 77' lang='grc' dir='ltr'>ὅλου</span> <span class='ocrx_word' id='word_1_14' title='bbox 1875 595 2022 651; x_wconf 83' lang='grc' dir='ltr'>χρη·</span> <span class='ocrx_word' id='word_1_15' title='bbox 2053 577 2108 643; x_wconf 71' lang='grc' dir='ltr'><strong>Α</strong></span> <span class='ocrx_word' id='word_1_16' title='bbox 2133 592 2242 629; x_wconf 81' lang='grc' dir='ltr'>των</span> <span class='ocrx_word' id='word_1_17' title='bbox 2287 573 2379 629; x_wconf 84' lang='grc' dir='ltr'>τὸν</span> <span class='ocrx_word' id='word_1_18' title='bbox 2421 573 2641 650; x_wconf 79' lang='grc' dir='ltr'>Κύριον.</span> <span class='ocrx_word' id='word_1_19' title='bbox 2704 575 2860 633; x_wconf 79' lang='grc' dir='ltr'>Ἤτοι</span> <span class='ocrx_word' id='word_1_20' title='bbox 2908 572 3266 655; x_wconf 58' lang='grc' dir='ltr'>ἀγαπώντων</span> <span class='ocrx_word' id='word_1_21' title='bbox 3321 571 3354 630; x_wconf 91' lang='lat'>6</span> <span class='ocrx_word' id='word_1_22' title='bbox 3402 573 3511 652; x_wconf 66' lang='grc' dir='ltr'>γὰρ</span> <span class='ocrx_word' id='word_1_23' title='bbox 3567 573 3798 652; x_wconf 79' lang='grc' dir='ltr'>ἀγαπῶν</span> 
     </span>
    </p>
   </div>
   <div class='ocr_carea' id='block_1_6' title="bbox 378 659 2032 743">
    <p class='ocr_par' dir='ltr' id='par_1_6' title="bbox 378 659 2032 743">
     <span class='ocr_line' id='line_1_6' title="bbox 378 659 2032 743; baseline 0.001 -24"><span class='ocrx_word' id='word_1_24' title='bbox 378 663 609 736; x_wconf 83' lang='grc' dir='ltr'>σάμενος</span> <span class='ocrx_word' id='word_1_25' title='bbox 665 659 914 737; x_wconf 79' lang='grc' dir='ltr'>ὅνόματιο</span> <span class='ocrx_word' id='word_1_26' title='bbox 973 665 1064 718; x_wconf 79' lang='grc' dir='ltr'>καὶ</span> <span class='ocrx_word' id='word_1_27' title='bbox 1123 665 1152 719; x_wconf 98' lang='lat'>6</span> <span class='ocrx_word' id='word_1_28' title='bbox 1209 667 1412 734; x_wconf 71' lang='grc' dir='ltr'>Μωσῆς</span> <span class='ocrx_word' id='word_1_29' title='bbox 1460 665 1560 742; x_wconf 88' lang='grc' dir='ltr'>γάρ</span> <span class='ocrx_word' id='word_1_30' title='bbox 1619 686 1752 743; x_wconf 75' lang='grc' dir='ltr'>φησι</span> <span class='ocrx_word' id='word_1_31' title='bbox 1819 664 1904 720; x_wconf 75' lang='grc' dir='ltr'>ὅτι</span> <span class='ocrx_word' id='word_1_32' title='bbox 1962 667 2032 720; x_wconf 80' lang='grc' dir='ltr'>τὰ</span> 
     </span>
    </p>
   </div>
   <div class='ocr_carea' id='block_1_7' title="bbox 379 750 2030 831">
    <p class='ocr_par' dir='ltr' id='par_1_7' title="bbox 379 750 2030 831">
     <span class='ocr_line' id='line_1_7' title="bbox 379 750 2030 831; baseline -0.001 -22"><span class='ocrx_word' id='word_1_33' title='bbox 379 753 698 824; x_wconf 74' lang='grc' dir='ltr'>συστήματα</span> <span class='ocrx_word' id='word_1_34' title='bbox 740 756 848 807; x_wconf 81' lang='grc' dir='ltr'>τῶν</span> <span class='ocrx_word' id='word_1_35' title='bbox 899 750 1106 808; x_wconf 78' lang='grc' dir='ltr'>ὑδάτων</span> <span class='ocrx_word' id='word_1_36' title='bbox 1155 751 1376 809; x_wconf 81' lang='grc' dir='ltr'>ἐκάλεσε</span> <span class='ocrx_word' id='word_1_37' title='bbox 1425 752 1716 817; x_wconf 81' lang='grc' dir='ltr'>θαλάσσας·</span> <span class='ocrx_word' id='word_1_38' title='bbox 1764 753 1887 828; x_wconf 83' lang='grc' dir='ltr'>περὶ</span> <span class='ocrx_word' id='word_1_39' title='bbox 1927 755 2030 831; x_wconf 79' lang='grc' dir='ltr'>γὰρ</span> 
     </span>
    </p>
   </div>
   <div class='ocr_carea' id='block_1_8' title="bbox 381 839 2030 919">
    <p class='ocr_par' dir='ltr' id='par_1_8' title="bbox 381 839 2030 919">
     <span class='ocr_line' id='line_1_8' title="bbox 381 839 2030 919; baseline 0 -22"><span class='ocrx_word' id='word_1_40' title='bbox 381 845 492 898; x_wconf 89' lang='grc' dir='ltr'>τῶν</span> <span class='ocrx_word' id='word_1_41' title='bbox 523 845 784 914; x_wconf 81' lang='grc' dir='ltr'>ποταμῶν</span> <span class='ocrx_word' id='word_1_42' title='bbox 814 841 867 896; x_wconf 87' lang='grc' dir='ltr'>τί</span> <span class='ocrx_word' id='word_1_43' title='bbox 913 843 1025 918; x_wconf 84' lang='grc' dir='ltr'>χρή</span> <span class='ocrx_word' id='word_1_44' title='bbox 1075 841 1276 916; x_wconf 87' lang='grc' dir='ltr'>λέγειν,</span> <span class='ocrx_word' id='word_1_45' title='bbox 1307 843 1456 906; x_wconf 79' lang='grc' dir='ltr'>ὅπως</span> <span class='ocrx_word' id='word_1_46' title='bbox 1499 839 1827 919; x_wconf 78' lang='grc' dir='ltr'>ὑποϐρὸχιοι</span> <span class='ocrx_word' id='word_1_47' title='bbox 1863 843 2030 918; x_wconf 86' lang='grc' dir='ltr'>μέχρι</span> 
     </span>
    </p>
   </div>
   <div class='ocr_carea' id='block_1_9' title="bbox 381 927 2031 1007">
    <p class='ocr_par' dir='ltr' id='par_1_9' title="bbox 381 927 2031 1007">
     <span class='ocr_line' id='line_1_9' title="bbox 381 927 2031 1007; baseline -0.001 -20"><span class='ocrx_word' id='word_1_48' title='bbox 381 927 604 988; x_wconf 73' lang='grc' dir='ltr'>πολλοῦ</span> <span class='ocrx_word' id='word_1_49' title='bbox 658 929 947 1007; x_wconf 83' lang='grc' dir='ltr'>φερόμενοι</span> <span class='ocrx_word' id='word_1_50' title='bbox 1015 929 1364 1001; x_wconf 88' lang='grc' dir='ltr'>ἀναδιδόασι;</span> <span class='ocrx_word' id='word_1_51' title='bbox 1435 933 1738 1005; x_wconf 85' lang='grc' dir='ltr'>θαυμαστὸν</span> <span class='ocrx_word' id='word_1_52' title='bbox 1801 930 1860 987; x_wconf 71' lang='grc' dir='ltr'>δὲ</span> <span class='ocrx_word' id='word_1_53' title='bbox 1915 936 2031 994; x_wconf 89' lang='grc' dir='ltr'>πῶς</span> 
     </span>
    </p>
   </div>
   <div class='ocr_carea' id='block_1_10' title="bbox 384 1015 2030 1097">
    <p class='ocr_par' dir='ltr' id='par_1_10' title="bbox 384 1015 2030 1097">
     <span class='ocr_line' id='line_1_10' title="bbox 384 1015 2030 1097; baseline -0.001 -22"><span class='ocrx_word' id='word_1_54' title='bbox 384 1017 449 1075; x_wconf 72' lang='grc' dir='ltr'>οὐ</span> <span class='ocrx_word' id='word_1_55' title='bbox 495 1020 757 1087; x_wconf 83' lang='grc' dir='ltr'>συνιζάνει</span> <span class='ocrx_word' id='word_1_56' title='bbox 803 1019 874 1074; x_wconf 74' lang='grc' dir='ltr'>τὰ</span> <span class='ocrx_word' id='word_1_57' title='bbox 917 1024 1222 1089; x_wconf 76' lang='grc' dir='ltr'>τηλικαῦτα</span> <span class='ocrx_word' id='word_1_58' title='bbox 1271 1019 1410 1096; x_wconf 83' lang='grc' dir='ltr'>βάρη</span> <span class='ocrx_word' id='word_1_59' title='bbox 1457 1027 1559 1090; x_wconf 84' lang='grc' dir='ltr'>τῆς</span> <span class='ocrx_word' id='word_1_60' title='bbox 1605 1028 1738 1096; x_wconf 79' lang='grc' dir='ltr'>γῆς·</span> <span class='ocrx_word' id='word_1_61' title='bbox 1777 1015 1878 1097; x_wconf 77' lang='grc' dir='ltr'>ὅρη</span> <span class='ocrx_word' id='word_1_62' title='bbox 1927 1021 2030 1096; x_wconf 73' lang='grc' dir='ltr'>γὰρ</span> 
     </span>
    </p>
   </div>
   <div class='ocr_carea' id='block_1_11' title="bbox 385 1106 2030 1186">
    <p class='ocr_par' dir='ltr' id='par_1_11' title="bbox 385 1106 2030 1186">
     <span class='ocr_line' id='line_1_11' title="bbox 385 1106 2030 1186; baseline 0.001 -23"><span class='ocrx_word' id='word_1_63' title='bbox 385 1107 491 1164; x_wconf 82' lang='grc' dir='ltr'>δλα</span> <span class='ocrx_word' id='word_1_64' title='bbox 515 1112 630 1170; x_wconf 90' lang='grc' dir='ltr'>τοῖς</span> <span class='ocrx_word' id='word_1_65' title='bbox 656 1107 929 1170; x_wconf 78' lang='grc' dir='ltr'>τοιούτοις</span> <span class='ocrx_word' id='word_1_66' title='bbox 961 1106 1143 1165; x_wconf 71' lang='grc' dir='ltr'>ὕδασιν</span> <span class='ocrx_word' id='word_1_67' title='bbox 1189 1107 1540 1186; x_wconf 76' lang='grc' dir='ltr'>έφήδρασται·</span> <span class='ocrx_word' id='word_1_68' title='bbox 1589 1110 1678 1165; x_wconf 85' lang='grc' dir='ltr'>καὶ</span> <span class='ocrx_word' id='word_1_69' title='bbox 1725 1109 1878 1182; x_wconf 77' lang='grc' dir='ltr'>ὅμως</span> <span class='ocrx_word' id='word_1_70' title='bbox 1935 1111 2030 1184; x_wconf 82' lang='grc' dir='ltr'>μέ-</span> 
     </span>
    </p>
   </div>
   <div class='ocr_carea' id='block_1_12' title="bbox 382 1197 2030 1274">
    <p class='ocr_par' dir='ltr' id='par_1_12' title="bbox 382 1197 2030 1274">
     <span class='ocr_line' id='line_1_12' title="bbox 382 1197 2030 1274; baseline -0.001 -21"><span class='ocrx_word' id='word_1_71' title='bbox 382 1217 458 1253; x_wconf 87' lang='grc' dir='ltr'>νει</span> <span class='ocrx_word' id='word_1_72' title='bbox 513 1198 952 1271; x_wconf 83' lang='grc' dir='ltr'>τεθεμελιωμένη</span> <span class='ocrx_word' id='word_1_73' title='bbox 1009 1199 1092 1253; x_wconf 82' lang='grc' dir='ltr'>ἐπ’</span> <span class='ocrx_word' id='word_1_74' title='bbox 1139 1198 1306 1270; x_wconf 81' lang='grc' dir='ltr'>αὐτῆς</span> <span class='ocrx_word' id='word_1_75' title='bbox 1353 1200 1442 1254; x_wconf 85' lang='grc' dir='ltr'>καὶ</span> <span class='ocrx_word' id='word_1_76' title='bbox 1495 1200 1830 1274; x_wconf 70' lang='grc' dir='ltr'>συνεχομένη</span> <span class='ocrx_word' id='word_1_77' title='bbox 1879 1197 2030 1272; x_wconf 96' lang='grc' dir='ltr'>μόνῳ</span> 
     </span>
    </p>
   </div>
   <div class='ocr_carea' id='block_1_13' title="bbox 385 1285 2030 1362">
    <p class='ocr_par' dir='ltr' id='par_1_13' title="bbox 385 1285 2030 1362">
     <span class='ocr_line' id='line_1_13' title="bbox 385 1285 2030 1362; baseline 0.001 -22"><span class='ocrx_word' id='word_1_78' title='bbox 385 1287 467 1358; x_wconf 79' lang='grc' dir='ltr'>τῷ</span> <span class='ocrx_word' id='word_1_79' title='bbox 520 1306 862 1362; x_wconf 88' lang='grc' dir='ltr'>προταγματι</span> <span class='ocrx_word' id='word_1_80' title='bbox 907 1290 1005 1342; x_wconf 89' lang='grc' dir='ltr'>τοῦ</span> <span class='ocrx_word' id='word_1_81' title='bbox 1060 1289 1411 1358; x_wconf 72' lang='grc' dir='ltr'>ποιήσαντος·</span> <span class='ocrx_word' id='word_1_82' title='bbox 1469 1288 1741 1361; x_wconf 82' lang='grc' dir='ltr'>ήτοίμαστ</span> <span class='ocrx_word' id='word_1_83' title='bbox 1799 1285 1857 1344; x_wconf 73' lang='grc' dir='ltr'>δὲ</span> <span class='ocrx_word' id='word_1_84' title='bbox 1914 1287 2030 1343; x_wconf 81' lang='grc' dir='ltr'>ἀντὶ</span> 
     </span>
    </p>
   </div>
   <div class='ocr_carea' id='block_1_14' title="bbox 385 1373 830 1449">
    <p class='ocr_par' dir='ltr' id='par_1_14' title="bbox 385 1373 830 1449">
     <span class='ocr_line' id='line_1_14' title="bbox 385 1373 830 1449; baseline -0.011 -17"><span class='ocrx_word' id='word_1_85' title='bbox 385 1379 484 1432; x_wconf 79' lang='grc' dir='ltr'>τοῦ</span> <span class='ocrx_word' id='word_1_86' title='bbox 513 1373 830 1449; x_wconf 79' lang='grc' dir='ltr'>ἐκόσμησεν,</span> 
     </span>
    </p>
   </div>
   <div class='ocr_carea' id='block_1_15' title="bbox 458 1458 2032 1541">
    <p class='ocr_par' dir='ltr' id='par_1_15' title="bbox 458 1458 2032 1541">
     <span class='ocr_line' id='line_1_15' title="bbox 458 1458 2032 1541; baseline 0.003 -25"><span class='ocrx_word' id='word_1_87' title='bbox 458 1487 490 1516; x_wconf 75' lang='grc' dir='ltr'>ιι</span> <span class='ocrx_word' id='word_1_88' title='bbox 521 1461 621 1526; x_wconf 88' lang='grc' dir='ltr'>Τίς</span> <span class='ocrx_word' id='word_1_89' title='bbox 651 1458 976 1534; x_wconf 78' lang='grc' dir='ltr'>ἀναϐήσεται</span> <span class='ocrx_word' id='word_1_90' title='bbox 1005 1462 1081 1528; x_wconf 70' lang='grc' dir='ltr'>εἷς</span> <span class='ocrx_word' id='word_1_91' title='bbox 1109 1465 1174 1520; x_wconf 81' lang='grc' dir='ltr'>τὸ</span> <span class='ocrx_word' id='word_1_92' title='bbox 1203 1462 1331 1541; x_wconf 76' lang='grc' dir='ltr'>ὅρος</span> <span class='ocrx_word' id='word_1_93' title='bbox 1375 1467 1474 1520; x_wconf 93' lang='grc' dir='ltr'>τοῦ</span> <span class='ocrx_word' id='word_1_94' title='bbox 1531 1463 1767 1540; x_wconf 88' lang='grc' dir='ltr'>Κυρίου;</span> <span class='ocrx_word' id='word_1_95' title='bbox 1813 1463 1902 1519; x_wconf 83' lang='grc' dir='ltr'>καὶ</span> <span class='ocrx_word' id='word_1_96' title='bbox 1949 1463 2032 1528; x_wconf 89' lang='grc' dir='ltr'>τίς</span> 
     </span>
    </p>
   </div>
   <div class='ocr_carea' id='block_1_16' title="bbox 387 1551 2032 1630">
    <p class='ocr_par' dir='ltr' id='par_1_16' title="bbox 387 1551 2032 1630">
     <span class='ocr_line' id='line_1_16' title="bbox 387 1551 2032 1630; baseline -0.002 -20"><span class='ocrx_word' id='word_1_97' title='bbox 387 1552 638 1624; x_wconf 68' lang='grc' dir='ltr'>στήσεται</span> <span class='ocrx_word' id='word_1_98' title='bbox 673 1551 724 1608; x_wconf 77' lang='grc' dir='ltr'>ἐν</span> <span class='ocrx_word' id='word_1_99' title='bbox 753 1551 908 1626; x_wconf 78' lang='grc' dir='ltr'>τόπῳ</span> <span class='ocrx_word' id='word_1_100' title='bbox 935 1551 1076 1628; x_wconf 86' lang='grc' dir='ltr'>ἀγίῳ</span> <span class='ocrx_word' id='word_1_101' title='bbox 1105 1552 1308 1622; x_wconf 82' lang='grc' dir='ltr'>αύτοῦ;</span> <span class='ocrx_word' id='word_1_102' title='bbox 1340 1577 1369 1605; x_wconf 86' lang='grc'><strong>››</strong></span> <span class='ocrx_word' id='word_1_103' title='bbox 1421 1585 1488 1596; x_wconf 74' lang='grc'>--</span> <span class='ocrx_word' id='word_1_104' title='bbox 1528 1557 1697 1608; x_wconf 86' lang='grc' dir='ltr'>Τοῦτο</span> <span class='ocrx_word' id='word_1_105' title='bbox 1744 1554 1868 1630; x_wconf 84' lang='grc' dir='ltr'>περὶ</span> <span class='ocrx_word' id='word_1_106' title='bbox 1923 1557 2032 1608; x_wconf 88' lang='grc' dir='ltr'>τῶν</span> 
     </span>
    </p>
   </div>
   <div class='ocr_carea' id='block_1_17' title="bbox 389 1639 2032 1722">
    <p class='ocr_par' dir='ltr' id='par_1_17' title="bbox 389 1639 2032 1722">
     <span class='ocr_line' id='line_1_17' title="bbox 389 1639 2032 1722; baseline -0.001 -24"><span class='ocrx_word' id='word_1_107' title='bbox 389 1640 578 1718; x_wconf 80' lang='grc' dir='ltr'>ἰερέων</span> <span class='ocrx_word' id='word_1_108' title='bbox 628 1640 780 1715; x_wconf 75' lang='grc' dir='ltr'>οἶμαι</span> <span class='ocrx_word' id='word_1_109' title='bbox 827 1641 1286 1719; x_wconf 87' lang='grc' dir='ltr'>προαγορεύεσθαι</span> <span class='ocrx_word' id='word_1_110' title='bbox 1334 1663 1362 1690; x_wconf 78' lang='grc' dir='ltr'>ο.</span> <span class='ocrx_word' id='word_1_111' title='bbox 1411 1639 1675 1722; x_wconf 77' lang='grc' dir='ltr'>διαφαίνει</span> <span class='ocrx_word' id='word_1_112' title='bbox 1721 1642 1844 1718; x_wconf 75' lang='grc' dir='ltr'>γὰρξ</span> <span class='ocrx_word' id='word_1_113' title='bbox 1885 1640 2032 1706; x_wconf 67' lang='grc' dir='ltr'>οἵους</span> 
     </span>
    </p>
   </div>
   <div class='ocr_carea' id='block_1_18' title="bbox 385 1726 2031 1808">
    <p class='ocr_par' dir='ltr' id='par_1_18' title="bbox 385 1726 2031 1808">
     <span class='ocr_line' id='line_1_18' title="bbox 385 1726 2031 1808; baseline -0.001 -21"><span class='ocrx_word' id='word_1_114' title='bbox 385 1728 584 1794; x_wconf 74' lang='grc' dir='ltr'>αὐτοὺς</span> <span class='ocrx_word' id='word_1_115' title='bbox 641 1729 777 1787; x_wconf 77' lang='grc' dir='ltr'>εἶναι</span> <span class='ocrx_word' id='word_1_116' title='bbox 827 1733 964 1807; x_wconf 78' lang='grc' dir='ltr'>χρή.</span> <span class='ocrx_word' id='word_1_117' title='bbox 1014 1729 1112 1787; x_wconf 81' lang='grc' dir='ltr'>Καὶ</span> <span class='ocrx_word' id='word_1_118' title='bbox 1159 1726 1287 1806; x_wconf 71' lang='grc' dir='ltr'>ὄρος</span> <span class='ocrx_word' id='word_1_119' title='bbox 1339 1732 1432 1805; x_wconf 81' lang='grc' dir='ltr'>μὲν</span> <span class='ocrx_word' id='word_1_120' title='bbox 1468 1731 1669 1808; x_wconf 82' lang='grc' dir='ltr'>Κυρίου</span> <span class='ocrx_word' id='word_1_121' title='bbox 1696 1733 1914 1803; x_wconf 74' lang='grc' dir='ltr'>νοήσεις</span> <span class='ocrx_word' id='word_1_122' title='bbox 1938 1731 2031 1787; x_wconf 90' lang='grc' dir='ltr'>τὸν</span> 
     </span>
    </p>
   </div>
   <div class='ocr_carea' id='block_1_19' title="bbox 385 1817 2034 1895">
    <p class='ocr_par' dir='ltr' id='par_1_19' title="bbox 385 1817 2034 1895">
     <span class='ocr_line' id='line_1_19' title="bbox 385 1817 2034 1895; baseline 0.001 -21"><span class='ocrx_word' id='word_1_123' title='bbox 385 1817 679 1883; x_wconf 83' lang='grc' dir='ltr'>καθολικὸν</span> <span class='ocrx_word' id='word_1_124' title='bbox 730 1819 955 1875; x_wconf 68' lang='grc' dir='ltr'>ἑκάστου</span> <span class='ocrx_word' id='word_1_125' title='bbox 1001 1818 1149 1875; x_wconf 83' lang='grc' dir='ltr'>ναόν⁶</span> <span class='ocrx_word' id='word_1_126' title='bbox 1201 1817 1293 1875; x_wconf 75' lang='grc' dir='ltr'>διὰ</span> <span class='ocrx_word' id='word_1_127' title='bbox 1342 1820 1406 1876; x_wconf 92' lang='grc' dir='ltr'>τὸ</span> <span class='ocrx_word' id='word_1_128' title='bbox 1450 1819 1880 1895; x_wconf 86' lang='grc' dir='ltr'>ὑπερανεστηκὸς</span> <span class='ocrx_word' id='word_1_129' title='bbox 1944 1819 2034 1876; x_wconf 85' lang='grc' dir='ltr'>καὶ</span> 
     </span>
    </p>
   </div>
   <div class='ocr_carea' id='block_1_20' title="bbox 387 1904 2030 1984">
    <p class='ocr_par' dir='ltr' id='par_1_20' title="bbox 387 1904 2030 1984">
     <span class='ocr_line' id='line_1_20' title="bbox 387 1904 2030 1984; baseline 0.001 -21"><span class='ocrx_word' id='word_1_130' title='bbox 387 1904 653 1979; x_wconf 84' lang='grc' dir='ltr'>διάδηλον</span> <span class='ocrx_word' id='word_1_131' title='bbox 709 1908 799 1964; x_wconf 81' lang='grc' dir='ltr'>καὶ</span> <span class='ocrx_word' id='word_1_132' title='bbox 842 1909 906 1963; x_wconf 90' lang='grc' dir='ltr'>τὸ</span> <span class='ocrx_word' id='word_1_133' title='bbox 957 1913 1326 1984; x_wconf 85' lang='grc' dir='ltr'>περιπνεῖσθαι</span> <span class='ocrx_word' id='word_1_134' title='bbox 1367 1913 1486 1971; x_wconf 87' lang='grc' dir='ltr'>ταῖς</span> <span class='ocrx_word' id='word_1_135' title='bbox 1535 1909 1866 1973; x_wconf 80' lang='grc' dir='ltr'>ἀντιπνοίαις</span> <span class='ocrx_word' id='word_1_136' title='bbox 1921 1913 2030 1965; x_wconf 91' lang='grc' dir='ltr'>τῶν</span> 
     </span>
    </p>
   </div>
   <div class='ocr_carea' id='block_1_21' title="bbox 389 1995 2046 2080">
    <p class='ocr_par' dir='ltr' id='par_1_21' title="bbox 389 1995 2046 2080">
     <span class='ocr_line' id='line_1_21' title="bbox 389 1995 2046 2080; baseline 0.002 -29"><span class='ocrx_word' id='word_1_137' title='bbox 389 1996 602 2080; x_wconf 75' lang='grc' dir='ltr'>ἐχθρῶν</span> <span class='ocrx_word' id='word_1_138' title='bbox 648 2003 750 2068; x_wconf 83' lang='grc' dir='ltr'>τῆς</span> <span class='ocrx_word' id='word_1_139' title='bbox 798 1995 1051 2060; x_wconf 67' lang='grc' dir='ltr'>πίστεως*</span> <span class='ocrx_word' id='word_1_140' title='bbox 1092 1997 1261 2053; x_wconf 86' lang='grc' dir='ltr'>τόπον</span> <span class='ocrx_word' id='word_1_141' title='bbox 1310 1995 1368 2053; x_wconf 78' lang='grc' dir='ltr'>δὲ</span> <span class='ocrx_word' id='word_1_142' title='bbox 1430 1999 1584 2074; x_wconf 76' lang='grc' dir='ltr'>ἅγιον</span> <span class='ocrx_word' id='word_1_143' title='bbox 1646 1997 1738 2054; x_wconf 78' lang='grc' dir='ltr'>τὸν</span> <span class='ocrx_word' id='word_1_144' title='bbox 1805 1998 2046 2055; x_wconf 87' lang='grc' dir='ltr'>ἐνώπιον.</span> 
     </span>
    </p>
   </div>
   <div class='ocr_carea' id='block_1_22' title="bbox 385 2084 2034 2163">
    <p class='ocr_par' dir='ltr' id='par_1_22' title="bbox 385 2084 2034 2163">
     <span class='ocr_line' id='line_1_22' title="bbox 385 2084 2034 2163; baseline 0 -21"><span class='ocrx_word' id='word_1_145' title='bbox 385 2089 485 2142; x_wconf 90' lang='grc' dir='ltr'>τοῦ</span> <span class='ocrx_word' id='word_1_146' title='bbox 541 2086 945 2160; x_wconf 85' lang='grc' dir='ltr'>θυσιαστηρίου.</span> <span class='ocrx_word' id='word_1_147' title='bbox 1005 2089 1140 2163; x_wconf 82' lang='grc' dir='ltr'>’Όρα</span> <span class='ocrx_word' id='word_1_148' title='bbox 1193 2084 1251 2143; x_wconf 68' lang='grc' dir='ltr'>δὲ</span> <span class='ocrx_word' id='word_1_149' title='bbox 1299 2092 1399 2157; x_wconf 84' lang='grc' dir='ltr'>τῆς</span> <span class='ocrx_word' id='word_1_150' title='bbox 1449 2085 1647 2160; x_wconf 86' lang='grc' dir='ltr'>λέξεως</span> <span class='ocrx_word' id='word_1_151' title='bbox 1723 2087 1822 2158; x_wconf 78' lang='grc' dir='ltr'>τήν</span> <span class='ocrx_word' id='word_1_152' title='bbox 1881 2086 2034 2160; x_wconf 83' lang='grc' dir='ltr'>ἀκρί-</span> 
     </span>
    </p>
   </div>
   <div class='ocr_carea' id='block_1_23' title="bbox 390 2169 2034 2253">
    <p class='ocr_par' dir='ltr' id='par_1_23' title="bbox 390 2169 2034 2253">
     <span class='ocr_line' id='line_1_23' title="bbox 390 2169 2034 2253; baseline 0.001 -23"><span class='ocrx_word' id='word_1_153' title='bbox 390 2169 540 2232; x_wconf 86' lang='grc' dir='ltr'>ϐειαν</span> <span class='ocrx_word' id='word_1_154' title='bbox 573 2193 589 2210; x_wconf 78' lang='grc'><strong><em>⁸</em></strong></span> <span class='ocrx_word' id='word_1_155' title='bbox 643 2169 967 2246; x_wconf 83' lang='grc' dir='ltr'>ἀναϐήσεται</span> <span class='ocrx_word' id='word_1_156' title='bbox 1023 2175 1145 2253; x_wconf 71' lang='grc' dir='ltr'>γὰρ,</span> <span class='ocrx_word' id='word_1_157' title='bbox 1208 2175 1342 2248; x_wconf 82' lang='grc' dir='ltr'>εἰπε,</span> <span class='ocrx_word' id='word_1_158' title='bbox 1398 2173 1538 2231; x_wconf 84' lang='grc' dir='ltr'>διότι</span> <span class='ocrx_word' id='word_1_159' title='bbox 1595 2176 1702 2253; x_wconf 93' lang='grc' dir='ltr'>πρὸ</span> <span class='ocrx_word' id='word_1_160' title='bbox 1767 2182 1868 2246; x_wconf 81' lang='grc' dir='ltr'>τῆς</span> <span class='ocrx_word' id='word_1_161' title='bbox 1927 2176 2034 2231; x_wconf 82' lang='grc' dir='ltr'>εἷσ-</span> 
     </span>
    </p>
   </div>
   <div class='ocr_carea' id='block_1_24' title="bbox 390 2260 2037 2340">
    <p class='ocr_par' dir='ltr' id='par_1_24' title="bbox 390 2260 2037 2340">
     <span class='ocr_line' id='line_1_24' title="bbox 390 2260 2037 2340; baseline 0.001 -20"><span class='ocrx_word' id='word_1_162' title='bbox 390 2261 521 2332; x_wconf 75' lang='grc' dir='ltr'>όδου</span> <span class='ocrx_word' id='word_1_163' title='bbox 587 2260 846 2340; x_wconf 86' lang='grc' dir='ltr'>βαθμίδες</span> <span class='ocrx_word' id='word_1_164' title='bbox 888 2264 1027 2327; x_wconf 76' lang='grc' dir='ltr'>τινὲς</span> <span class='ocrx_word' id='word_1_165' title='bbox 1085 2263 1305 2330; x_wconf 88' lang='grc' dir='ltr'>εἰώθασι</span> <span class='ocrx_word' id='word_1_166' title='bbox 1357 2263 1853 2334; x_wconf 83' lang='grc' dir='ltr'>κατασκευάζεσθαι.</span> <span class='ocrx_word' id='word_1_167' title='bbox 1885 2268 2037 2332; x_wconf 90' lang='lat' dir='ltr'>(Duo</span> 
     </span>
    </p>
   </div>
   <div class='ocr_carea' id='block_1_25' title="bbox 393 2349 2036 2430">
    <p class='ocr_par' dir='ltr' id='par_1_25' title="bbox 393 2349 2036 2430">
     <span class='ocr_line' id='line_1_25' title="bbox 393 2349 2036 2430; baseline -0.001 -20"><span class='ocrx_word' id='word_1_168' title='bbox 393 2353 518 2410; x_wconf 68' lang='lat' dir='ltr'>hac</span> <span class='ocrx_word' id='word_1_169' title='bbox 543 2353 722 2410; x_wconf 81' lang='lat' dir='ltr'><strong>verba</strong></span> <span class='ocrx_word' id='word_1_170' title='bbox 749 2353 868 2410; x_wconf 82' lang='lat' dir='ltr'>fere</span> <span class='ocrx_word' id='word_1_171' title='bbox 895 2354 1136 2410; x_wconf 87' lang='lat' dir='ltr'>omnino</span> <span class='ocrx_word' id='word_1_172' title='bbox 1175 2371 1344 2411; x_wconf 80' lang='lat' dir='ltr'><strong>erasa</strong></span> <span class='ocrx_word' id='word_1_173' title='bbox 1391 2356 1573 2427; x_wconf 87' lang='lat' dir='ltr'>sunt.)</span> <span class='ocrx_word' id='word_1_174' title='bbox 1617 2355 1763 2417; x_wconf 69' lang='grc' dir='ltr'>Τινὲς</span> <span class='ocrx_word' id='word_1_175' title='bbox 1805 2352 1863 2409; x_wconf 75' lang='grc' dir='ltr'>δὲ</span> <span class='ocrx_word' id='word_1_176' title='bbox 1910 2349 2036 2430; x_wconf 71' lang='grc' dir='ltr'>ὅρος</span> 
     </span>
    </p>
   </div>
   <div class='ocr_carea' id='block_1_26' title="bbox 396 2437 2040 2519">
    <p class='ocr_par' dir='ltr' id='par_1_26' title="bbox 396 2437 2040 2519">
     <span class='ocr_line' id='line_1_26' title="bbox 396 2437 2040 2519; baseline 0.001 -23"><span class='ocrx_word' id='word_1_177' title='bbox 396 2438 598 2516; x_wconf 81' lang='grc' dir='ltr'>Κυρίου</span> <span class='ocrx_word' id='word_1_178' title='bbox 649 2437 865 2516; x_wconf 89' lang='grc' dir='ltr'>λέγουσι</span> <span class='ocrx_word' id='word_1_179' title='bbox 921 2441 984 2495; x_wconf 90' lang='grc' dir='ltr'>τὸ</span> <span class='ocrx_word' id='word_1_180' title='bbox 1042 2439 1176 2515; x_wconf 72' lang='grc' dir='ltr'>ὕψος</span> <span class='ocrx_word' id='word_1_181' title='bbox 1233 2445 1339 2496; x_wconf 91' lang='grc' dir='ltr'>τῶν</span> <span class='ocrx_word' id='word_1_182' title='bbox 1395 2441 1599 2518; x_wconf 80' lang='grc' dir='ltr'>ἀρετῶν</span> <span class='ocrx_word' id='word_1_183' title='bbox 1649 2438 1708 2506; x_wconf 83' lang='grc' dir='ltr'>ἅς</span> <span class='ocrx_word' id='word_1_184' title='bbox 1741 2443 1771 2498; x_wconf 88' lang='lat'>6</span> <span class='ocrx_word' id='word_1_185' title='bbox 1810 2443 2040 2519; x_wconf 81' lang='grc' dir='ltr'>Χριστὸς</span> 
     </span>
    </p>
   </div>
   <div class='ocr_carea' id='block_1_27' title="bbox 399 2525 2042 2607">
    <p class='ocr_par' dir='ltr' id='par_1_27' title="bbox 399 2525 2042 2607">
     <span class='ocr_line' id='line_1_27' title="bbox 399 2525 2042 2607; baseline 0 -21"><span class='ocrx_word' id='word_1_186' title='bbox 399 2525 702 2586; x_wconf 75' lang='grc' dir='ltr'>ἐνετείλατο</span> <span class='ocrx_word' id='word_1_187' title='bbox 761 2526 850 2585; x_wconf 76' lang='grc' dir='ltr'>διὰ</span> <span class='ocrx_word' id='word_1_188' title='bbox 900 2534 999 2584; x_wconf 90' lang='grc' dir='ltr'>τοῦ</span> <span class='ocrx_word' id='word_1_189' title='bbox 1041 2528 1384 2606; x_wconf 82' lang='grc' dir='ltr'>Εύαγγελίου</span> <span class='ocrx_word' id='word_1_190' title='bbox 1417 2550 1430 2564; x_wconf 91' lang='grc'><strong>·</strong></span> <span class='ocrx_word' id='word_1_191' title='bbox 1509 2531 1675 2587; x_wconf 84' lang='grc' dir='ltr'>τόπον</span> <span class='ocrx_word' id='word_1_192' title='bbox 1755 2528 1813 2587; x_wconf 74' lang='grc' dir='ltr'>δὲ</span> <span class='ocrx_word' id='word_1_193' title='bbox 1887 2533 2042 2607; x_wconf 75' lang='grc' dir='ltr'>ἅγιον</span> 
     </span>
    </p>
   </div>
   <div class='ocr_carea' id='block_1_28' title="bbox 397 2614 2040 2697">
    <p class='ocr_par' dir='ltr' id='par_1_28' title="bbox 397 2614 2040 2697">
     <span class='ocr_line' id='line_1_28' title="bbox 397 2614 2040 2697; baseline 0.002 -25"><span class='ocrx_word' id='word_1_194' title='bbox 397 2614 492 2674; x_wconf 78' lang='grc' dir='ltr'>τὸν</span> <span class='ocrx_word' id='word_1_195' title='bbox 532 2622 633 2686; x_wconf 82' lang='grc' dir='ltr'>τῆς</span> <span class='ocrx_word' id='word_1_196' title='bbox 683 2615 1100 2694; x_wconf 78' lang='grc' dir='ltr'>ἐπηγγελμένης</span> <span class='ocrx_word' id='word_1_197' title='bbox 1148 2616 1426 2695; x_wconf 86' lang='grc' dir='ltr'>βασιλείας</span> <span class='ocrx_word' id='word_1_198' title='bbox 1488 2624 1596 2675; x_wconf 91' lang='grc' dir='ltr'>τῶν</span> <span class='ocrx_word' id='word_1_199' title='bbox 1665 2620 1906 2697; x_wconf 75' lang='grc' dir='ltr'>οὐρανῶν</span> <span class='ocrx_word' id='word_1_200' title='bbox 1935 2639 1949 2652; x_wconf 83' lang='grc'>⁶</span> <span class='ocrx_word' id='word_1_201' title='bbox 2003 2617 2040 2690; x_wconf 74' lang='grc' dir='ltr'><strong>ἤ</strong></span> 
     </span>
    </p>
   </div>
   <div class='ocr_carea' id='block_1_29' title="bbox 399 2703 2042 2786">
    <p class='ocr_par' dir='ltr' id='par_1_29' title="bbox 399 2703 2042 2786">
     <span class='ocr_line' id='line_1_29' title="bbox 399 2703 2042 2786; baseline 0.002 -24"><span class='ocrx_word' id='word_1_202' title='bbox 399 2705 492 2762; x_wconf 82' lang='grc' dir='ltr'>καὶ</span> <span class='ocrx_word' id='word_1_203' title='bbox 540 2703 729 2769; x_wconf 80' lang='grc' dir='ltr'>ἄλλως</span> <span class='ocrx_word' id='word_1_204' title='bbox 773 2705 902 2784; x_wconf 73' lang='grc' dir='ltr'>ὅρος</span> <span class='ocrx_word' id='word_1_205' title='bbox 948 2706 1013 2762; x_wconf 92' lang='grc' dir='ltr'>τὸ</span> <span class='ocrx_word' id='word_1_206' title='bbox 1051 2705 1184 2782; x_wconf 77' lang='grc' dir='ltr'>ὕψος</span> <span class='ocrx_word' id='word_1_207' title='bbox 1226 2715 1330 2778; x_wconf 81' lang='grc' dir='ltr'>τῆς</span> <span class='ocrx_word' id='word_1_208' title='bbox 1360 2707 1484 2786; x_wconf 87' lang='grc' dir='ltr'>περί</span> <span class='ocrx_word' id='word_1_209' title='bbox 1537 2713 1635 2764; x_wconf 88' lang='grc' dir='ltr'>τοῦ</span> <span class='ocrx_word' id='word_1_210' title='bbox 1665 2711 1899 2785; x_wconf 76' lang='grc' dir='ltr'>Χριστοῦ</span> <span class='ocrx_word' id='word_1_211' title='bbox 1927 2711 2042 2765; x_wconf 87' lang='grc' dir='ltr'>θεο-</span> 
     </span>
    </p>
   </div>
   <div class='ocr_carea' id='block_1_30' title="bbox 401 2793 2046 2874">
    <p class='ocr_par' dir='ltr' id='par_1_30' title="bbox 401 2793 2046 2874">
     <span class='ocr_line' id='line_1_30' title="bbox 401 2793 2046 2874; baseline 0.001 -23"><span class='ocrx_word' id='word_1_212' title='bbox 401 2793 593 2871; x_wconf 80' lang='grc' dir='ltr'>λογίας</span> <span class='ocrx_word' id='word_1_213' title='bbox 635 2794 728 2850; x_wconf 86' lang='grc' dir='ltr'>καὶ</span> <span class='ocrx_word' id='word_1_214' title='bbox 799 2799 907 2864; x_wconf 84' lang='grc' dir='ltr'>τῶν</span> <span class='ocrx_word' id='word_1_215' title='bbox 974 2797 1146 2872; x_wconf 78' lang='grc' dir='ltr'>ὀρθῶν</span> <span class='ocrx_word' id='word_1_216' title='bbox 1207 2793 1490 2874; x_wconf 81' lang='grc' dir='ltr'>δογμάτων</span> <span class='ocrx_word' id='word_1_217' title='bbox 1547 2800 1646 2867; x_wconf 76' lang='grc' dir='ltr'>τῆς</span> <span class='ocrx_word' id='word_1_218' title='bbox 1702 2796 2046 2874; x_wconf 78' lang='grc' dir='ltr'>ἐνανθρωπή-</span> 
     </span>
    </p>
   </div>
   <div class='ocr_carea' id='block_1_31' title="bbox 404 2882 757 2947">
    <p class='ocr_par' dir='ltr' id='par_1_31' title="bbox 404 2882 757 2947">
     <span class='ocr_line' id='line_1_31' title="bbox 404 2882 757 2947; baseline 0.006 -9"><span class='ocrx_word' id='word_1_219' title='bbox 404 2903 540 2947; x_wconf 78' lang='grc' dir='ltr'>σιως</span> <span class='ocrx_word' id='word_1_220' title='bbox 571 2882 757 2941; x_wconf 78' lang='grc' dir='ltr'>αὐτοῦ.</span> 
     </span>
    </p>
   </div>
   <div class='ocr_carea' id='block_1_32' title="bbox 473 2970 2045 3050">
    <p class='ocr_par' dir='ltr' id='par_1_32' title="bbox 473 2970 2045 3050">
     <span class='ocr_line' id='line_1_32' title="bbox 473 2970 2045 3050; baseline 0.004 -26"><span class='ocrx_word' id='word_1_221' title='bbox 473 2995 506 3024; x_wconf 86' lang='grc'>‹‹</span> <span class='ocrx_word' id='word_1_222' title='bbox 536 2972 748 3036; x_wconf 82' lang='grc' dir='ltr'>Ἀθῶος</span> <span class='ocrx_word' id='word_1_223' title='bbox 791 2970 971 3049; x_wconf 80' lang='grc' dir='ltr'>χερσὶ,</span> <span class='ocrx_word' id='word_1_224' title='bbox 1017 2973 1108 3029; x_wconf 85' lang='grc' dir='ltr'>καὶ</span> <span class='ocrx_word' id='word_1_225' title='bbox 1159 2974 1392 3049; x_wconf 83' lang='grc' dir='ltr'>καθαρὸς</span> <span class='ocrx_word' id='word_1_226' title='bbox 1431 2977 1501 3050; x_wconf 78' lang='grc' dir='ltr'>τῇ</span> <span class='ocrx_word' id='word_1_227' title='bbox 1551 2972 1760 3049; x_wconf 75' lang='grc' dir='ltr'>καρδίᾳ.</span> <span class='ocrx_word' id='word_1_228' title='bbox 1793 2998 1822 3028; x_wconf 89' lang='grc'>››</span> <span class='ocrx_word' id='word_1_229' title='bbox 1855 3008 1922 3018; x_wconf 92' lang='grc'><strong>-</strong></span> <span class='ocrx_word' id='word_1_230' title='bbox 1950 2974 2045 3040; x_wconf 87' lang='grc' dir='ltr'>Εἰς</span> 
     </span>
    </p>
   </div>
   <div class='ocr_carea' id='block_1_33' title="bbox 404 3058 2048 3140">
    <p class='ocr_par' dir='ltr' id='par_1_33' title="bbox 404 3058 2048 3140">
     <span class='ocr_line' id='line_1_33' title="bbox 404 3058 2048 3140; baseline 0 -22"><span class='ocrx_word' id='word_1_231' title='bbox 404 3058 670 3137; x_wconf 84' lang='grc' dir='ltr'>ἐρώτησιν</span> <span class='ocrx_word' id='word_1_232' title='bbox 721 3060 1064 3136; x_wconf 78' lang='grc' dir='ltr'>σχηματίσας</span> <span class='ocrx_word' id='word_1_233' title='bbox 1112 3061 1141 3117; x_wconf 90' lang='lat'>6</span> <span class='ocrx_word' id='word_1_234' title='bbox 1196 3065 1485 3139; x_wconf 74' lang='grc' dir='ltr'>προφήτης</span> <span class='ocrx_word' id='word_1_235' title='bbox 1543 3064 1607 3120; x_wconf 90' lang='grc' dir='ltr'>τὸ</span> <span class='ocrx_word' id='word_1_236' title='bbox 1635 3059 1914 3140; x_wconf 86' lang='grc' dir='ltr'>προλαϐὸν</span> <span class='ocrx_word' id='word_1_237' title='bbox 1951 3064 2048 3140; x_wconf 76' lang='grc' dir='ltr'>ῥη-</span> 
     </span>
    </p>
   </div>
   <div class='ocr_carea' id='block_1_34' title="bbox 400 3148 2046 3230">
    <p class='ocr_par' dir='ltr' id='par_1_34' title="bbox 400 3148 2046 3230">
     <span class='ocr_line' id='line_1_34' title="bbox 400 3148 2046 3230; baseline 0.002 -26"><span class='ocrx_word' id='word_1_238' title='bbox 400 3149 517 3220; x_wconf 78' lang='grc' dir='ltr'>τὸν,</span> <span class='ocrx_word' id='word_1_239' title='bbox 551 3149 666 3206; x_wconf 79' lang='grc' dir='ltr'>εἶτα</span> <span class='ocrx_word' id='word_1_240' title='bbox 707 3153 799 3204; x_wconf 91' lang='grc' dir='ltr'>νῦν</span> <span class='ocrx_word' id='word_1_241' title='bbox 846 3148 1212 3228; x_wconf 85' lang='grc' dir='ltr'>ἀποκρίνεται.</span> <span class='ocrx_word' id='word_1_242' title='bbox 1262 3152 1361 3208; x_wconf 87' lang='grc' dir='ltr'>Καὶ</span> <span class='ocrx_word' id='word_1_243' title='bbox 1407 3151 1496 3208; x_wconf 81' lang='grc' dir='ltr'>διὰ</span> <span class='ocrx_word' id='word_1_244' title='bbox 1545 3153 1639 3227; x_wconf 75' lang='grc' dir='ltr'>μὲν</span> <span class='ocrx_word' id='word_1_245' title='bbox 1687 3157 1793 3208; x_wconf 88' lang='grc' dir='ltr'>τῶν</span> <span class='ocrx_word' id='word_1_246' title='bbox 1843 3157 2046 3230; x_wconf 86' lang='grc' dir='ltr'>χειρῶν</span> 
     </span>
    </p>
   </div>
   <div class='ocr_carea' id='block_1_35' title="bbox 397 3234 2050 3318">
    <p class='ocr_par' dir='ltr' id='par_1_35' title="bbox 397 3234 2050 3318">
     <span class='ocr_line' id='line_1_35' title="bbox 397 3234 2050 3318; baseline 0.002 -24"><span class='ocrx_word' id='word_1_247' title='bbox 397 3239 495 3301; x_wconf 84' lang='grc' dir='ltr'>τὰς</span> <span class='ocrx_word' id='word_1_248' title='bbox 534 3237 751 3316; x_wconf 79' lang='grc' dir='ltr'>πράξεις</span> <span class='ocrx_word' id='word_1_249' title='bbox 793 3234 982 3310; x_wconf 86' lang='grc' dir='ltr'>δηλοῖ,</span> <span class='ocrx_word' id='word_1_250' title='bbox 1031 3235 1127 3294; x_wconf 79' lang='grc' dir='ltr'>διὰ.</span> <span class='ocrx_word' id='word_1_251' title='bbox 1165 3237 1223 3295; x_wconf 71' lang='grc' dir='ltr'>δὲ</span> <span class='ocrx_word' id='word_1_252' title='bbox 1263 3247 1366 3311; x_wconf 85' lang='grc' dir='ltr'>τῆς</span> <span class='ocrx_word' id='word_1_253' title='bbox 1409 3239 1636 3318; x_wconf 84' lang='grc' dir='ltr'>καρδίας</span> <span class='ocrx_word' id='word_1_254' title='bbox 1675 3241 1768 3304; x_wconf 76' lang='grc' dir='ltr'>τὰς</span> <span class='ocrx_word' id='word_1_255' title='bbox 1817 3240 2050 3316; x_wconf 81' lang='grc' dir='ltr'>ἐνθυμή-</span> 
     </span>
    </p>
   </div>
   <div class='ocr_carea' id='block_1_36' title="bbox 397 3311 2120 3406">
    <p class='ocr_par' dir='ltr' id='par_1_36' title="bbox 397 3311 2120 3406">
     <span class='ocr_line' id='line_1_36' title="bbox 397 3311 2120 3406; baseline 0 -24"><span class='ocrx_word' id='word_1_256' title='bbox 397 3345 508 3390; x_wconf 85' lang='grc' dir='ltr'>σεις</span> <span class='ocrx_word' id='word_1_257' title='bbox 567 3311 887 3402; x_wconf 83' lang='grc' dir='ltr'>ἀμέμπτους</span> <span class='ocrx_word' id='word_1_258' title='bbox 944 3322 1088 3406; x_wconf 75' lang='grc' dir='ltr'>ἔχων</span> <span class='ocrx_word' id='word_1_259' title='bbox 1133 3327 1224 3384; x_wconf 85' lang='grc' dir='ltr'>καὶ</span> <span class='ocrx_word' id='word_1_260' title='bbox 1271 3311 1524 3406; x_wconf 74' lang='grc' dir='ltr'>καθαράςο</span> <span class='ocrx_word' id='word_1_261' title='bbox 1591 3329 1763 3385; x_wconf 83' lang='grc' dir='ltr'>ἀθῶον</span> <span class='ocrx_word' id='word_1_262' title='bbox 1806 3331 1910 3406; x_wconf 78' lang='grc' dir='ltr'>γὰρ</span> <span class='ocrx_word' id='word_1_263' title='bbox 1948 3311 2042 3386; x_wconf 22' lang='grc' dir='ltr'>ἰένν-</span> <span class='ocrx_word' id='word_1_264' title='bbox 2073 3311 2120 3382; x_wconf 77' lang='grc'>0</span> 
     </span>
    </p>
   </div>
   <div class='ocr_carea' id='block_1_37' title="bbox 393 3414 2044 3494">
    <p class='ocr_par' dir='ltr' id='par_1_37' title="bbox 393 3414 2044 3494">
     <span class='ocr_line' id='line_1_37' title="bbox 393 3414 2044 3494; baseline 0.004 -24"><span class='ocrx_word' id='word_1_265' title='bbox 393 3416 562 3471; x_wconf 88' lang='grc' dir='ltr'>ταῦθα</span> <span class='ocrx_word' id='word_1_266' title='bbox 603 3414 711 3482; x_wconf 74' lang='grc' dir='ltr'>τὸν⁴</span> <span class='ocrx_word' id='word_1_267' title='bbox 749 3415 1056 3490; x_wconf 78' lang='grc' dir='ltr'>ἄμεμπτον·</span> <span class='ocrx_word' id='word_1_268' title='bbox 1105 3416 1182 3480; x_wconf 85' lang='grc' dir='ltr'>ὡς</span> <span class='ocrx_word' id='word_1_269' title='bbox 1229 3415 1320 3472; x_wconf 70' lang='grc' dir='ltr'>ὅτε</span> <span class='ocrx_word' id='word_1_270' title='bbox 1367 3419 1442 3494; x_wconf 77' lang='grc' dir='ltr'>μή</span> <span class='ocrx_word' id='word_1_271' title='bbox 1493 3422 1741 3482; x_wconf 91' lang='grc' dir='ltr'>τοιοῦτος</span> <span class='ocrx_word' id='word_1_272' title='bbox 1769 3416 1892 3475; x_wconf 67' lang='grc' dir='ltr'>οὔτε</span> <span class='ocrx_word' id='word_1_273' title='bbox 1922 3419 2044 3476; x_wconf 90' lang='grc' dir='ltr'>ἀνα-</span> 
     </span>
    </p>
   </div>
   <div class='ocr_carea' id='block_1_38' title="bbox 396 3497 2045 3581">
    <p class='ocr_par' dir='ltr' id='par_1_38' title="bbox 396 3497 2045 3581">
     <span class='ocr_line' id='line_1_38' title="bbox 396 3497 2045 3581; baseline 0.001 -19"><span class='ocrx_word' id='word_1_274' title='bbox 396 3497 589 3578; x_wconf 83' lang='grc' dir='ltr'>ϐαίνει,</span> <span class='ocrx_word' id='word_1_275' title='bbox 647 3500 764 3570; x_wconf 66' lang='grc' dir='ltr'>οὗθ’</span> <span class='ocrx_word' id='word_1_276' title='bbox 812 3500 1048 3578; x_wconf 76' lang='grc' dir='ltr'>Ιίσταται,</span> <span class='ocrx_word' id='word_1_277' title='bbox 1115 3505 1228 3561; x_wconf 62' lang='grc' dir='ltr'>κάν.</span> <span class='ocrx_word' id='word_1_278' title='bbox 1279 3509 1441 3561; x_wconf 89' lang='grc' dir='ltr'>τοῦτο</span> <span class='ocrx_word' id='word_1_279' title='bbox 1492 3502 1628 3581; x_wconf 77' lang='grc' dir='ltr'>δοκῇ</span> <span class='ocrx_word' id='word_1_280' title='bbox 1663 3523 1676 3539; x_wconf 87' lang='lat'><strong><em>°</em></strong></span> <span class='ocrx_word' id='word_1_281' title='bbox 1739 3505 1929 3564; x_wconf 89' lang='grc' dir='ltr'>σκόπει</span> <span class='ocrx_word' id='word_1_282' title='bbox 1986 3505 2045 3564; x_wconf 74' lang='grc' dir='ltr'>δὲ</span> 
     </span>
    </p>
   </div>
   <div class='ocr_carea' id='block_1_39' title="bbox 397 3589 2046 3676">
    <p class='ocr_par' dir='ltr' id='par_1_39' title="bbox 397 3589 2046 3676">
     <span class='ocr_line' id='line_1_39' title="bbox 397 3589 2046 3676; baseline 0.002 -28"><span class='ocrx_word' id='word_1_283' title='bbox 397 3595 518 3656; x_wconf 87' lang='grc' dir='ltr'>πῶς</span> <span class='ocrx_word' id='word_1_284' title='bbox 575 3589 743 3673; x_wconf 75' lang='grc' dir='ltr'>ἄμφω</span> <span class='ocrx_word' id='word_1_285' title='bbox 799 3594 1121 3665; x_wconf 73' lang='grc' dir='ltr'>συνέζευξενο</span> <span class='ocrx_word' id='word_1_286' title='bbox 1171 3592 1422 3671; x_wconf 68' lang='grc' dir='ltr'>ἑκάτερον</span> <span class='ocrx_word' id='word_1_287' title='bbox 1470 3595 1576 3672; x_wconf 82' lang='grc' dir='ltr'>γὰρ</span> <span class='ocrx_word' id='word_1_288' title='bbox 1630 3595 1888 3672; x_wconf 71' lang='grc' dir='ltr'>ἐκατέρου</span> <span class='ocrx_word' id='word_1_289' title='bbox 1925 3615 2046 3676; x_wconf 89' lang='grc' dir='ltr'>χω-</span> 
     </span>
    </p>
   </div>
   <div class='ocr_carea' id='block_1_40' title="bbox 401 3678 802 3758">
    <p class='ocr_par' dir='ltr' id='par_1_40' title="bbox 401 3678 802 3758">
     <span class='ocr_line' id='line_1_40' title="bbox 401 3678 802 3758; baseline 0 -22"><span class='ocrx_word' id='word_1_290' title='bbox 401 3681 486 3758; x_wconf 84' lang='grc' dir='ltr'>ρίς</span> <span class='ocrx_word' id='word_1_291' title='bbox 515 3678 802 3754; x_wconf 85' lang='grc' dir='ltr'>ἀδόκιμον.</span> 
     </span>
    </p>
   </div>
   <div class='ocr_carea' id='block_1_41' title="bbox 471 3764 2044 3850">
    <p class='ocr_par' dir='ltr' id='par_1_41' title="bbox 471 3764 2044 3850">
     <span class='ocr_line' id='line_1_41' title="bbox 471 3764 2044 3850; baseline 0.003 -28"><span class='ocrx_word' id='word_1_292' title='bbox 471 3793 503 3822; x_wconf 82' lang='grc' dir='ltr'>ιι</span> <span class='ocrx_word' id='word_1_293' title='bbox 533 3771 628 3832; x_wconf 89' lang='grc' dir='ltr'>’Ός</span> <span class='ocrx_word' id='word_1_294' title='bbox 659 3769 758 3827; x_wconf 81' lang='grc' dir='ltr'>οὐκ</span> <span class='ocrx_word' id='word_1_295' title='bbox 812 3764 1017 3825; x_wconf 75' lang='grc' dir='ltr'>ἔλαϐεν.</span> <span class='ocrx_word' id='word_1_296' title='bbox 1049 3769 1137 3825; x_wconf 75' lang='grc' dir='ltr'>ἐπὶ</span> <span class='ocrx_word' id='word_1_297' title='bbox 1190 3770 1404 3846; x_wconf 80' lang='grc' dir='ltr'>ματαίῳ</span> <span class='ocrx_word' id='word_1_298' title='bbox 1449 3773 1550 3844; x_wconf 73' lang='grc' dir='ltr'>τὴν</span> <span class='ocrx_word' id='word_1_299' title='bbox 1581 3775 1766 3850; x_wconf 71' lang='grc' dir='ltr'>ψυχὴν</span> <span class='ocrx_word' id='word_1_300' title='bbox 1798 3773 1981 3829; x_wconf 81' lang='grc' dir='ltr'>αὐτοῦ.</span> <span class='ocrx_word' id='word_1_301' title='bbox 2015 3799 2044 3828; x_wconf 87' lang='grc'>››</span> 
     </span>
    </p>
   </div>
   <div class='ocr_carea' id='block_1_42' title="bbox 401 3851 2049 3938">
    <p class='ocr_par' dir='ltr' id='par_1_42' title="bbox 401 3851 2049 3938">
     <span class='ocr_line' id='line_1_42' title="bbox 401 3851 2049 3938; baseline 0.004 -28"><span class='ocrx_word' id='word_1_302' title='bbox 401 3887 480 3910; x_wconf 80' lang='lat'>--—..</span> <span class='ocrx_word' id='word_1_303' title='bbox 500 3859 595 3918; x_wconf 77' lang='grc' dir='ltr'>’Ὀς</span> <span class='ocrx_word' id='word_1_304' title='bbox 625 3856 726 3916; x_wconf 85' lang='grc' dir='ltr'>ούκ</span> <span class='ocrx_word' id='word_1_305' title='bbox 752 3851 916 3914; x_wconf 80' lang='grc' dir='ltr'>ἔλαϐε</span> <span class='ocrx_word' id='word_1_306' title='bbox 945 3859 1090 3934; x_wconf 87' lang='grc' dir='ltr'>παρά</span> <span class='ocrx_word' id='word_1_307' title='bbox 1119 3863 1253 3914; x_wconf 89' lang='grc' dir='ltr'>Θεοῦ</span> <span class='ocrx_word' id='word_1_308' title='bbox 1283 3861 1383 3930; x_wconf 80' lang='grc' dir='ltr'>τήν</span> <span class='ocrx_word' id='word_1_309' title='bbox 1431 3863 1617 3938; x_wconf 77' lang='grc' dir='ltr'>ψυχὴν</span> <span class='ocrx_word' id='word_1_310' title='bbox 1663 3860 1827 3916; x_wconf 74' lang='grc' dir='ltr'>αὐτοῦ</span> <span class='ocrx_word' id='word_1_311' title='bbox 1875 3859 2049 3916; x_wconf 81' lang='grc' dir='ltr'>ἕνεκεν</span> 
     </span>
    </p>
   </div>
   <div class='ocr_carea' id='block_1_43' title="bbox 406 3943 2047 4028">
    <p class='ocr_par' dir='ltr' id='par_1_43' title="bbox 406 3943 2047 4028">
     <span class='ocr_line' id='line_1_43' title="bbox 406 3943 2047 4028; baseline -0.004 -28"><span class='ocrx_word' id='word_1_312' title='bbox 406 3943 658 4022; x_wconf 79' lang='grc' dir='ltr'>ματαίου,</span> <span class='ocrx_word' id='word_1_313' title='bbox 700 3943 794 4002; x_wconf 70' lang='grc' dir='ltr'>’ἰνα</span> <span class='ocrx_word' id='word_1_314' title='bbox 837 3946 1035 4022; x_wconf 86' lang='grc' dir='ltr'>ματαία</span> <span class='ocrx_word' id='word_1_315' title='bbox 1061 3949 1504 4024; x_wconf 73' lang='grc' dir='ltr'>μεταχειρίζηται</span> <span class='ocrx_word' id='word_1_316' title='bbox 1538 3969 1551 3982; x_wconf 79' lang='grc' dir='ltr'><strong>ο</strong></span> <span class='ocrx_word' id='word_1_317' title='bbox 1584 3947 1622 4020; x_wconf 77' lang='grc' dir='ltr'>ἤ</span> <span class='ocrx_word' id='word_1_318' title='bbox 1659 3949 1718 4013; x_wconf 81' lang='grc' dir='ltr'>ὅς</span> <span class='ocrx_word' id='word_1_319' title='bbox 1748 3949 1846 4008; x_wconf 74' lang='grc' dir='ltr'>οὐκ</span> <span class='ocrx_word' id='word_1_320' title='bbox 1875 3948 2047 4028; x_wconf 66' lang='grc' dir='ltr'>ἐχρή-</span> 
     </span>
    </p>
   </div>
   <div class='ocr_carea' id='block_1_44' title="bbox 402 4031 2049 4113">
    <p class='ocr_par' dir='ltr' id='par_1_44' title="bbox 402 4031 2049 4113">
     <span class='ocr_line' id='line_1_44' title="bbox 402 4031 2049 4113; baseline 0.004 -23"><span class='ocrx_word' id='word_1_321' title='bbox 402 4053 532 4094; x_wconf 77' lang='grc' dir='ltr'>σατο</span> <span class='ocrx_word' id='word_1_322' title='bbox 590 4031 666 4098; x_wconf 74' lang='grc' dir='ltr'>εἴς</span> <span class='ocrx_word' id='word_1_323' title='bbox 708 4034 948 4112; x_wconf 87' lang='grc' dir='ltr'>πονηρὸν</span> <span class='ocrx_word' id='word_1_324' title='bbox 995 4035 1097 4105; x_wconf 81' lang='grc' dir='ltr'>τήν</span> <span class='ocrx_word' id='word_1_325' title='bbox 1141 4037 1327 4113; x_wconf 67' lang='grc' dir='ltr'>ψυχὴν</span> <span class='ocrx_word' id='word_1_326' title='bbox 1378 4037 1544 4093; x_wconf 80' lang='grc' dir='ltr'>αὐτοῦ</span> <span class='ocrx_word' id='word_1_327' title='bbox 1603 4039 1901 4094; x_wconf 81' lang='grc' dir='ltr'>κτισθεῖσαν</span> <span class='ocrx_word' id='word_1_328' title='bbox 1965 4038 2049 4096; x_wconf 89' lang='grc' dir='ltr'>ἐπ’</span> 
     </span>
    </p>
   </div>
   <div class='ocr_carea' id='block_1_45' title="bbox 403 4121 650 4198">
    <p class='ocr_par' dir='ltr' id='par_1_45' title="bbox 403 4121 650 4198">
     <span class='ocr_line' id='line_1_45' title="bbox 403 4121 650 4198; baseline 0.008 -20"><span class='ocrx_word' id='word_1_329' title='bbox 403 4121 650 4198; x_wconf 78' lang='grc' dir='ltr'>ἀγαθοῖς.</span> 
     </span>
    </p>
   </div>
   <div class='ocr_carea' id='block_1_46' title="bbox 479 4208 2047 4288">
    <p class='ocr_par' dir='ltr' id='par_1_46' title="bbox 479 4208 2047 4288">
     <span class='ocr_line' id='line_1_46' title="bbox 479 4208 2047 4288; baseline -0.002 -18"><span class='ocrx_word' id='word_1_330' title='bbox 479 4212 636 4270; x_wconf 74' lang='grc' dir='ltr'>«Καὶ</span> <span class='ocrx_word' id='word_1_331' title='bbox 683 4208 784 4268; x_wconf 84' lang='grc' dir='ltr'>οὐκ</span> <span class='ocrx_word' id='word_1_332' title='bbox 831 4209 1043 4286; x_wconf 79' lang='grc' dir='ltr'>ὢμοσεν</span> <span class='ocrx_word' id='word_1_333' title='bbox 1084 4210 1172 4269; x_wconf 78' lang='grc' dir='ltr'>ἐπί</span> <span class='ocrx_word' id='word_1_334' title='bbox 1219 4210 1370 4288; x_wconf 88' lang='grc' dir='ltr'>δόλῳ</span> <span class='ocrx_word' id='word_1_335' title='bbox 1414 4218 1493 4288; x_wconf 81' lang='grc' dir='ltr'>τῷ</span> <span class='ocrx_word' id='word_1_336' title='bbox 1535 4213 1768 4286; x_wconf 84' lang='grc' dir='ltr'>πλησίον</span> <span class='ocrx_word' id='word_1_337' title='bbox 1799 4214 1985 4274; x_wconf 84' lang='grc' dir='ltr'>αύτοῦ.</span> <span class='ocrx_word' id='word_1_338' title='bbox 2017 4239 2047 4269; x_wconf 80' lang='grc'><strong>››</strong></span> 
     </span>
    </p>
   </div>
   <div class='ocr_carea' id='block_1_47' title="bbox 403 4299 2050 4382">
    <p class='ocr_par' dir='ltr' id='par_1_47' title="bbox 403 4299 2050 4382">
     <span class='ocr_line' id='line_1_47' title="bbox 403 4299 2050 4382; baseline 0.004 -27"><span class='ocrx_word' id='word_1_339' title='bbox 403 4333 474 4355; x_wconf 71' lang='grc' dir='ltr'>τ-</span> <span class='ocrx_word' id='word_1_340' title='bbox 501 4299 602 4358; x_wconf 84' lang='grc' dir='ltr'>Καὶ</span> <span class='ocrx_word' id='word_1_341' title='bbox 633 4300 733 4358; x_wconf 83' lang='grc' dir='ltr'>οὐκ</span> <span class='ocrx_word' id='word_1_342' title='bbox 759 4301 1096 4378; x_wconf 77' lang='grc' dir='ltr'>ἐπιώρκησεν</span> <span class='ocrx_word' id='word_1_343' title='bbox 1131 4321 1144 4337; x_wconf 77' lang='grc'><strong><em>⁸</em></strong></span> <span class='ocrx_word' id='word_1_344' title='bbox 1204 4303 1234 4360; x_wconf 90' lang='lat'>6</span> <span class='ocrx_word' id='word_1_345' title='bbox 1279 4305 1383 4380; x_wconf 80' lang='grc' dir='ltr'>γὰρ</span> <span class='ocrx_word' id='word_1_346' title='bbox 1432 4303 1698 4382; x_wconf 87' lang='grc' dir='ltr'>ἐπιορκῶν</span> <span class='ocrx_word' id='word_1_347' title='bbox 1747 4302 2050 4361; x_wconf 82' lang='grc' dir='ltr'>δολιεύεται</span> 
     </span>
    </p>
   </div>
   <div class='ocr_carea' id='block_1_48' title="bbox 339 4387 2046 4472">
    <p class='ocr_par' dir='ltr' id='par_1_48' title="bbox 339 4387 2046 4472">
     <span class='ocr_line' id='line_1_48' title="bbox 339 4387 2046 4472; baseline 0.003 -27"><span class='ocrx_word' id='word_1_348' title='bbox 339 4422 342 4425; x_wconf 96' lang='grc'><strong><em>-</em></strong></span> <span class='ocrx_word' id='word_1_349' title='bbox 397 4389 493 4446; x_wconf 68' lang='grc' dir='ltr'>ἵνα</span> <span class='ocrx_word' id='word_1_350' title='bbox 534 4387 573 4460; x_wconf 68' lang='grc' dir='ltr'>ἤ</span> <span class='ocrx_word' id='word_1_351' title='bbox 613 4390 783 4470; x_wconf 78' lang='grc' dir='ltr'>ἀφεθῇ</span> <span class='ocrx_word' id='word_1_352' title='bbox 831 4396 1148 4468; x_wconf 85' lang='grc' dir='ltr'>χρεωστῶν,</span> <span class='ocrx_word' id='word_1_353' title='bbox 1197 4391 1234 4463; x_wconf 73' lang='grc' dir='ltr'>ἤ</span> <span class='ocrx_word' id='word_1_354' title='bbox 1267 4387 1401 4468; x_wconf 73' lang='grc' dir='ltr'>λέϐη</span> <span class='ocrx_word' id='word_1_355' title='bbox 1449 4395 1525 4468; x_wconf 80' lang='grc' dir='ltr'>μὴ</span> <span class='ocrx_word' id='word_1_356' title='bbox 1575 4393 2046 4472; x_wconf 86' lang='grc' dir='ltr'>χρεωστούμενος·</span> 
     </span>
    </p>
   </div>
   <div class='ocr_carea' id='block_1_49' title="bbox 402 4479 2052 4556">
    <p class='ocr_par' dir='ltr' id='par_1_49' title="bbox 402 4479 2052 4556">
     <span class='ocr_line' id='line_1_49' title="bbox 402 4479 2052 4556; baseline 0.002 -21"><span class='ocrx_word' id='word_1_357' title='bbox 402 4483 628 4535; x_wconf 90' lang='grc' dir='ltr'>τοιαῦτα</span> <span class='ocrx_word' id='word_1_358' title='bbox 683 4479 800 4535; x_wconf 86' lang='grc' dir='ltr'>εἰπε</span> <span class='ocrx_word' id='word_1_359' title='bbox 855 4480 946 4536; x_wconf 82' lang='grc' dir='ltr'>καὶ</span> <span class='ocrx_word' id='word_1_360' title='bbox 996 4479 1049 4535; x_wconf 85' lang='grc' dir='ltr'>ἐν</span> <span class='ocrx_word' id='word_1_361' title='bbox 1105 4479 1185 4555; x_wconf 81' lang='grc' dir='ltr'>τῷ</span> <span class='ocrx_word' id='word_1_362' title='bbox 1243 4479 1308 4536; x_wconf 83' lang='grc' dir='ltr'>ιδ¹</span> <span class='ocrx_word' id='word_1_363' title='bbox 1363 4479 1588 4556; x_wconf 71' lang='grc' dir='ltr'>ψαλμῷ*</span> <span class='ocrx_word' id='word_1_364' title='bbox 1647 4482 1736 4537; x_wconf 87' lang='grc' dir='ltr'>καὶ</span> <span class='ocrx_word' id='word_1_365' title='bbox 1771 4485 1917 4554; x_wconf 75' lang='grc' dir='ltr'>ζήτει</span> <span class='ocrx_word' id='word_1_366' title='bbox 1940 4482 2052 4538; x_wconf 88' lang='grc' dir='ltr'>ἐκεῖ</span> 
     </span>
    </p>
   </div>
   <div class='ocr_carea' id='block_1_50' title="bbox 404 4565 2339 4677">
    <p class='ocr_par' dir='ltr' id='par_1_50' title="bbox 404 4565 2339 4677">
     <span class='ocr_line' id='line_1_50' title="bbox 404 4565 2327 4677; baseline 0.002 -13"><span class='ocrx_word' id='word_1_367' title='bbox 404 4568 529 4646; x_wconf 64' lang='grc' dir='ltr'>περὶ</span> <span class='ocrx_word' id='word_1_368' title='bbox 587 4566 754 4644; x_wconf 59' lang='grc' dir='ltr'>ὅρκου</span> <span class='ocrx_word' id='word_1_369' title='bbox 803 4565 1138 4645; x_wconf 56' lang='grc' dir='ltr'>πλατύτερον</span> <span class='ocrx_word' id='word_1_370' title='bbox 1183 4567 1308 4626; x_wconf 68' lang='grc' dir='ltr'>ἔνθα</span> <span class='ocrx_word' id='word_1_371' title='bbox 1351 4575 1525 4626; x_wconf 77' lang='grc' dir='ltr'>κεῖται</span> <span class='ocrx_word' id='word_1_372' title='bbox 1553 4572 1638 4642; x_wconf 81' lang='grc' dir='ltr'>τὸ,</span> <span class='ocrx_word' id='word_1_373' title='bbox 1679 4595 1708 4623; x_wconf 95' lang='grc'><strong>‹‹</strong></span> <span class='ocrx_word' id='word_1_374' title='bbox 1739 4572 1796 4625; x_wconf 75' lang='lat'>&#39;0</span> <span class='ocrx_word' id='word_1_375' title='bbox 1829 4570 2047 4645; x_wconf 75' lang='grc' dir='ltr'>ὀμνύων</span> 
     </span>
     <span class='ocr_line' id='line_1_51' title="bbox 442 4650 2339 4677; baseline -0.028 -5"><span class='ocrx_word' id='word_1_376' title='bbox 442 4661 470 4672; x_wconf 82' lang='grc'>..</span> <span class='ocrx_word' id='word_1_377' title='bbox 549 4653 570 4677; x_wconf 52' lang='grc' dir='ltr'><strong>κ</strong></span> <span class='ocrx_word' id='word_1_378' title='bbox 667 4656 680 4677; x_wconf 82' lang='grc'>,</span> <span class='ocrx_word' id='word_1_379' title='bbox 818 4657 832 4676; x_wconf 87' lang='grc'>,</span> <span class='ocrx_word' id='word_1_380' title='bbox 909 4662 935 4673; x_wconf 78' lang='lat'><strong><em>_</em></strong></span> <span class='ocrx_word' id='word_1_381' title='bbox 1043 4659 1059 4677; x_wconf 31' lang='grc' dir='ltr'>ἱ</span> <span class='ocrx_word' id='word_1_382' title='bbox 1125 4657 1138 4677; x_wconf 60' lang='grc'>,</span> <span class='ocrx_word' id='word_1_383' title='bbox 1221 4659 1271 4677; x_wconf 50' lang='grc' dir='ltr'>’Δ</span> <span class='ocrx_word' id='word_1_384' title='bbox 1341 4664 1369 4674; x_wconf 40' lang='grc' dir='ltr'><em>η</em></span> <span class='ocrx_word' id='word_1_385' title='bbox 2327 4650 2339 4662; x_wconf 35' lang='grc' dir='ltr'>ι</span> 
     </span>
    </p>
   </div>
   <div class='ocr_carea' id='block_1_51' title="bbox 402 4653 1493 4731">
    <p class='ocr_par' dir='ltr' id='par_1_51' title="bbox 402 4653 1493 4731">
     <span class='ocr_line' id='line_1_52' title="bbox 402 4653 1493 4731; baseline -0.004 -16"><span class='ocrx_word' id='word_1_386' title='bbox 402 4661 483 4731; x_wconf 79' lang='grc' dir='ltr'>τῷ</span> <span class='ocrx_word' id='word_1_387' title='bbox 506 4653 743 4729; x_wconf 85' lang='grc' dir='ltr'>πλησίον</span> <span class='ocrx_word' id='word_1_388' title='bbox 774 4657 938 4714; x_wconf 83' lang='grc' dir='ltr'>αὐτοῦ</span> <span class='ocrx_word' id='word_1_389' title='bbox 970 4659 1061 4714; x_wconf 85' lang='grc' dir='ltr'>καὶ</span> <span class='ocrx_word' id='word_1_390' title='bbox 1082 4657 1182 4714; x_wconf 85' lang='grc' dir='ltr'>ούκ</span> <span class='ocrx_word' id='word_1_391' title='bbox 1210 4659 1433 4716; x_wconf 84' lang='grc' dir='ltr'>ἀθετῶν.</span> <span class='ocrx_word' id='word_1_392' title='bbox 1474 4685 1493 4711; x_wconf 76' lang='grc' dir='ltr'><strong><em>ο</em></strong></span> 
     </span>
    </p>
   </div>
   <div class='ocr_carea' id='block_1_52' title="bbox 480 4762 2052 4843">
    <p class='ocr_par' dir='ltr' id='par_1_52' title="bbox 480 4762 2052 4843">
     <span class='ocr_line' id='line_1_53' title="bbox 480 4762 2052 4843; baseline 0.004 -28"><span class='ocrx_word' id='word_1_393' title='bbox 480 4786 509 4820; x_wconf 73' lang='grc' dir='ltr'><strong>«ς</strong></span> <span class='ocrx_word' id='word_1_394' title='bbox 538 4763 708 4826; x_wconf 83' lang='grc' dir='ltr'>Οὗτος</span> <span class='ocrx_word' id='word_1_395' title='bbox 736 4762 970 4838; x_wconf 75' lang='grc' dir='ltr'>λήψεται</span> <span class='ocrx_word' id='word_1_396' title='bbox 1019 4762 1272 4841; x_wconf 81' lang='grc' dir='ltr'>εὐλογίαν</span> <span class='ocrx_word' id='word_1_397' title='bbox 1317 4765 1464 4841; x_wconf 77' lang='grc' dir='ltr'>παρὰ</span> <span class='ocrx_word' id='word_1_398' title='bbox 1505 4764 1728 4843; x_wconf 86' lang='grc' dir='ltr'>Κυρίου.</span> <span class='ocrx_word' id='word_1_399' title='bbox 1782 4789 1811 4818; x_wconf 84' lang='grc'>››</span> <span class='ocrx_word' id='word_1_400' title='bbox 1841 4799 1911 4810; x_wconf 87' lang='lat'>—-</span> <span class='ocrx_word' id='word_1_401' title='bbox 1939 4768 2052 4823; x_wconf 80' lang='grc' dir='ltr'>Χά-</span> 
     </span>
    </p>
   </div>
   <div class='ocr_carea' id='block_1_53' title="bbox 403 4851 2048 4932">
    <p class='ocr_par' dir='ltr' id='par_1_53' title="bbox 403 4851 2048 4932">
     <span class='ocr_line' id='line_1_54' title="bbox 403 4851 2048 4932; baseline 0.002 -24"><span class='ocrx_word' id='word_1_402' title='bbox 403 4871 488 4929; x_wconf 87' lang='grc' dir='ltr'>ριν</span> <span class='ocrx_word' id='word_1_403' title='bbox 550 4851 754 4929; x_wconf 76' lang='grc' dir='ltr'>δωρεὰν</span> <span class='ocrx_word' id='word_1_404' title='bbox 811 4854 947 4912; x_wconf 74' lang='grc' dir='ltr'>κατᾶ</span> <span class='ocrx_word' id='word_1_405' title='bbox 990 4854 1083 4910; x_wconf 90' lang='grc' dir='ltr'>τὸν</span> <span class='ocrx_word' id='word_1_406' title='bbox 1131 4855 1373 4932; x_wconf 88' lang='grc' dir='ltr'>παρόντα</span> <span class='ocrx_word' id='word_1_407' title='bbox 1421 4853 1561 4932; x_wconf 90' lang='grc' dir='ltr'>βίον·</span> <span class='ocrx_word' id='word_1_408' title='bbox 1603 4855 1656 4929; x_wconf 84' lang='lat'>_6</span> <span class='ocrx_word' id='word_1_409' title='bbox 1713 4855 1804 4911; x_wconf 87' lang='grc' dir='ltr'>καὶ</span> <span class='ocrx_word' id='word_1_410' title='bbox 1858 4857 2048 4930; x_wconf 75' lang='grc' dir='ltr'>πρᾶξιν</span> 
     </span>
    </p>
   </div>
   <div class='ocr_carea' id='block_1_54' title="bbox 405 4939 2046 5020">
    <p class='ocr_par' dir='ltr' id='par_1_54' title="bbox 405 4939 2046 5020">
     <span class='ocr_line' id='line_1_55' title="bbox 405 4939 2046 5020; baseline 0.003 -24"><span class='ocrx_word' id='word_1_411' title='bbox 405 4940 605 5018; x_wconf 74' lang='grc' dir='ltr'>ἀγαθὸς</span> <span class='ocrx_word' id='word_1_412' title='bbox 653 4939 744 5002; x_wconf 78' lang='grc' dir='ltr'>καὶ</span> <span class='ocrx_word' id='word_1_413' title='bbox 802 4940 1094 5016; x_wconf 75' lang='grc' dir='ltr'>ἐνθύμησιν</span> <span class='ocrx_word' id='word_1_414' title='bbox 1149 4943 1405 5020; x_wconf 83' lang='grc' dir='ltr'>καθαρὸς,</span> <span class='ocrx_word' id='word_1_415' title='bbox 1477 4942 1568 5000; x_wconf 85' lang='grc' dir='ltr'>καί</span> <span class='ocrx_word' id='word_1_416' title='bbox 1636 4947 1743 5000; x_wconf 89' lang='grc' dir='ltr'>τῶν</span> <span class='ocrx_word' id='word_1_417' title='bbox 1806 4943 2046 5018; x_wconf 87' lang='grc' dir='ltr'>ματαίων</span> 
     </span>
    </p>
   </div>
   <div class='ocr_carea' id='block_1_55' title="bbox 402 5029 1568 5109">
    <p class='ocr_par' dir='ltr' id='par_1_55' title="bbox 402 5029 1568 5109">
     <span class='ocr_line' id='line_1_56' title="bbox 402 5029 1568 5109; baseline 0 -19"><span class='ocrx_word' id='word_1_418' title='bbox 402 5029 652 5109; x_wconf 61' lang='lat'>695016):</span> <span class='ocrx_word' id='word_1_419' title='bbox 672 5029 762 5090; x_wconf 84' lang='grc' dir='ltr'>καὶ</span> <span class='ocrx_word' id='word_1_420' title='bbox 794 5031 871 5105; x_wconf 80' lang='grc' dir='ltr'>μὴ</span> <span class='ocrx_word' id='word_1_421' title='bbox 903 5029 1169 5108; x_wconf 82' lang='grc' dir='ltr'>ἐπιορκῶν</span> <span class='ocrx_word' id='word_1_422' title='bbox 1199 5036 1280 5105; x_wconf 78' lang='grc' dir='ltr'>τῷ</span> <span class='ocrx_word' id='word_1_423' title='bbox 1307 5030 1568 5104; x_wconf 81' lang='grc' dir='ltr'>πλησίον.</span> 
     </span>
    </p>
   </div>
   <div class='ocr_carea' id='block_1_56' title="bbox 478 5134 2042 5216">
    <p class='ocr_par' dir='ltr' id='par_1_56' title="bbox 478 5134 2042 5216">
     <span class='ocr_line' id='line_1_57' title="bbox 478 5134 2042 5216; baseline 0.003 -28"><span class='ocrx_word' id='word_1_424' title='bbox 478 5135 635 5196; x_wconf 68' lang='grc' dir='ltr'>..Καὶ</span> <span class='ocrx_word' id='word_1_425' title='bbox 680 5134 1056 5210; x_wconf 72' lang='grc' dir='ltr'>ἐλεημοσύνην</span> <span class='ocrx_word' id='word_1_426' title='bbox 1101 5137 1250 5214; x_wconf 87' lang='grc' dir='ltr'>παρᾶ</span> <span class='ocrx_word' id='word_1_427' title='bbox 1304 5142 1438 5198; x_wconf 84' lang='grc' dir='ltr'>Θεοῦ</span> <span class='ocrx_word' id='word_1_428' title='bbox 1487 5137 1762 5216; x_wconf 85' lang='grc' dir='ltr'>σωτηρίου</span> <span class='ocrx_word' id='word_1_429' title='bbox 1795 5137 1983 5198; x_wconf 79' lang='grc' dir='ltr'>αὐτοῦ.</span> <span class='ocrx_word' id='word_1_430' title='bbox 2020 5163 2042 5192; x_wconf 75' lang='grc' dir='ltr'>ι</span> 
     </span>
    </p>
   </div>
   <div class='ocr_carea' id='block_1_57' title="bbox 403 5221 2047 5304">
    <p class='ocr_par' dir='ltr' id='par_1_57' title="bbox 403 5221 2047 5304">
     <span class='ocr_line' id='line_1_58' title="bbox 403 5221 2047 5304; baseline 0.006 -30"><span class='ocrx_word' id='word_1_431' title='bbox 403 5254 472 5274; x_wconf 69' lang='grc' dir='ltr'>π-</span> <span class='ocrx_word' id='word_1_432' title='bbox 501 5221 650 5282; x_wconf 80' lang='grc' dir='ltr'>Κατὰ</span> <span class='ocrx_word' id='word_1_433' title='bbox 691 5223 784 5283; x_wconf 85' lang='grc' dir='ltr'>τὸν</span> <span class='ocrx_word' id='word_1_434' title='bbox 837 5223 1132 5297; x_wconf 67' lang='grc' dir='ltr'>μέλλοντα·</span> <span class='ocrx_word' id='word_1_435' title='bbox 1174 5231 1279 5290; x_wconf 79' lang='grc' dir='ltr'>πᾶς</span> <span class='ocrx_word' id='word_1_436' title='bbox 1320 5227 1423 5304; x_wconf 78' lang='grc' dir='ltr'>γὰρ</span> <span class='ocrx_word' id='word_1_437' title='bbox 1465 5226 1556 5283; x_wconf 85' lang='grc' dir='ltr'>καὶ</span> <span class='ocrx_word' id='word_1_438' title='bbox 1596 5227 1626 5282; x_wconf 90' lang='lat'>6</span> <span class='ocrx_word' id='word_1_439' title='bbox 1667 5247 1806 5283; x_wconf 86' lang='grc' dir='ltr'>πανυ</span> <span class='ocrx_word' id='word_1_440' title='bbox 1839 5226 2047 5291; x_wconf 87' lang='grc' dir='ltr'>δίκαιος</span> 
     </span>
    </p>
   </div>
   <div class='ocr_carea' id='block_1_58' title="bbox 400 5307 2043 5393">
    <p class='ocr_par' dir='ltr' id='par_1_58' title="bbox 400 5307 2043 5393">
     <span class='ocr_line' id='line_1_59' title="bbox 400 5307 2043 5393; baseline 0.002 -26"><span class='ocrx_word' id='word_1_441' title='bbox 400 5308 588 5373; x_wconf 75' lang='grc' dir='ltr'>ἐλέους</span> <span class='ocrx_word' id='word_1_442' title='bbox 650 5307 819 5372; x_wconf 78' lang='grc' dir='ltr'>δεῖται</span> <span class='ocrx_word' id='word_1_443' title='bbox 874 5314 1021 5389; x_wconf 88' lang='grc' dir='ltr'>παρά</span> <span class='ocrx_word' id='word_1_444' title='bbox 1076 5318 1231 5372; x_wconf 83' lang='grc' dir='ltr'>Θεοῦ·</span> <span class='ocrx_word' id='word_1_445' title='bbox 1293 5315 1339 5370; x_wconf 82' lang='grc' dir='ltr'>εἰ</span> <span class='ocrx_word' id='word_1_446' title='bbox 1393 5317 1495 5393; x_wconf 81' lang='grc' dir='ltr'>γὰρ</span> <span class='ocrx_word' id='word_1_447' title='bbox 1557 5316 1634 5390; x_wconf 81' lang='grc' dir='ltr'>μή</span> <span class='ocrx_word' id='word_1_448' title='bbox 1690 5317 1790 5387; x_wconf 79' lang='grc' dir='ltr'>τήν</span> <span class='ocrx_word' id='word_1_449' title='bbox 1842 5317 2043 5373; x_wconf 76' lang='grc' dir='ltr'>οἰκείαν</span> 
     </span>
    </p>
   </div>
   <div class='ocr_carea' id='block_1_59' title="bbox 404 5398 2046 5476">
    <p class='ocr_par' dir='ltr' id='par_1_59' title="bbox 404 5398 2046 5476">
     <span class='ocr_line' id='line_1_60' title="bbox 404 5398 2046 5476; baseline 0.004 -21"><span class='ocrx_word' id='word_1_450' title='bbox 404 5398 699 5475; x_wconf 77' lang='grc' dir='ltr'>παραμίξιι</span> <span class='ocrx_word' id='word_1_451' title='bbox 754 5403 1107 5475; x_wconf 84' lang='grc' dir='ltr'>συμπάθειαν,</span> <span class='ocrx_word' id='word_1_452' title='bbox 1194 5403 1258 5461; x_wconf 88' lang='grc' dir='ltr'>ού</span> <span class='ocrx_word' id='word_1_453' title='bbox 1329 5401 1744 5476; x_wconf 80' lang='grc' dir='ltr'>δικαιωθήσεται</span> <span class='ocrx_word' id='word_1_454' title='bbox 1815 5405 2046 5462; x_wconf 86' lang='grc' dir='ltr'>ἐνώπιον</span> 
     </span>
    </p>
   </div>
   <div class='ocr_carea' id='block_1_60' title="bbox 391 5487 2048 5571">
    <p class='ocr_par' dir='ltr' id='par_1_60' title="bbox 391 5487 2048 5571">
     <span class='ocr_line' id='line_1_61' title="bbox 391 5487 2048 5571; baseline 0.003 -26"><span class='ocrx_word' id='word_1_455' title='bbox 391 5487 557 5548; x_wconf 77' lang='grc' dir='ltr'>αὐτοῦ</span> <span class='ocrx_word' id='word_1_456' title='bbox 610 5493 718 5552; x_wconf 83' lang='grc' dir='ltr'>πᾶς</span> <span class='ocrx_word' id='word_1_457' title='bbox 779 5493 903 5559; x_wconf 83' lang='grc' dir='ltr'>ζῶν.</span> <span class='ocrx_word' id='word_1_458' title='bbox 954 5491 1054 5554; x_wconf 83' lang='grc' dir='ltr'>Καὶ</span> <span class='ocrx_word' id='word_1_459' title='bbox 1128 5491 1316 5557; x_wconf 72' lang='grc' dir='ltr'>ἄλλως</span> <span class='ocrx_word' id='word_1_460' title='bbox 1375 5491 1433 5550; x_wconf 73' lang='grc' dir='ltr'>δὲ</span> <span class='ocrx_word' id='word_1_461' title='bbox 1479 5499 1612 5550; x_wconf 87' lang='grc' dir='ltr'>ποῖα</span> <span class='ocrx_word' id='word_1_462' title='bbox 1667 5492 1799 5571; x_wconf 75' lang='grc' dir='ltr'>ἔργα</span> <span class='ocrx_word' id='word_1_463' title='bbox 1826 5495 2048 5566; x_wconf 82' lang='grc' dir='ltr'>ἀναάξια</span> 
     </span>
    </p>
   </div>
   <div class='ocr_carea' id='block_1_61' title="bbox 390 5575 1254 5656">
    <p class='ocr_par' dir='ltr' id='par_1_61' title="bbox 390 5575 1254 5656">
     <span class='ocr_line' id='line_1_62' title="bbox 390 5575 1254 5656; baseline 0.001 -21"><span class='ocrx_word' id='word_1_464' title='bbox 390 5579 493 5648; x_wconf 71' lang='grc' dir='ltr'>τῆς</span> <span class='ocrx_word' id='word_1_465' title='bbox 526 5575 810 5654; x_wconf 87' lang='grc' dir='ltr'>βασιλείας.</span> <span class='ocrx_word' id='word_1_466' title='bbox 837 5582 942 5640; x_wconf 83' lang='grc' dir='ltr'>τῶν</span> <span class='ocrx_word' id='word_1_467' title='bbox 976 5579 1213 5656; x_wconf 80' lang='grc' dir='ltr'>οὐρανῶν</span> <span class='ocrx_word' id='word_1_468' title='bbox 1239 5600 1254 5652; x_wconf 87' lang='grc'><strong>;</strong></span> 
     </span>
    </p>
   </div>
   <div class='ocr_carea' id='block_1_62' title="bbox 476 5663 2042 5748">
    <p class='ocr_par' dir='ltr' id='par_1_62' title="bbox 476 5663 2042 5748">
     <span class='ocr_line' id='line_1_63' title="bbox 476 5663 1976 5726; baseline 0.003 -41"><span class='ocrx_word' id='word_1_469' title='bbox 476 5691 500 5717; x_wconf 64' lang='grc'><strong><em>⁸</em></strong></span> <span class='ocrx_word' id='word_1_470' title='bbox 536 5663 616 5726; x_wconf 72' lang='grc' dir='ltr'>Α)Ῑ</span> <span class='ocrx_word' id='word_1_471' title='bbox 950 5669 965 5686; x_wconf 82' lang='lat'><em>\</em></span> <span class='ocrx_word' id='word_1_472' title='bbox 1171 5668 1202 5704; x_wconf 55' lang='grc' dir='ltr'>Ι.</span> <span class='ocrx_word' id='word_1_473' title='bbox 1400 5671 1414 5690; x_wconf 83' lang='lat'><strong><em>\</em></strong></span> <span class='ocrx_word' id='word_1_474' title='bbox 1503 5678 1518 5688; x_wconf 75' lang='grc' dir='ltr'><strong><em>σ</em></strong></span> <span class='ocrx_word' id='word_1_475' title='bbox 1539 5671 1552 5691; x_wconf 77' lang='grc' dir='ltr'><strong><em>Ι</em></strong></span> <span class='ocrx_word' id='word_1_476' title='bbox 1943 5669 1976 5690; x_wconf 71' lang='grc'>,1</span> 
     </span>
     <span class='ocr_line' id='line_1_64' title="bbox 588 5669 2042 5748; baseline 0.003 -25"><span class='ocrx_word' id='word_1_477' title='bbox 588 5689 686 5739; x_wconf 88' lang='grc' dir='ltr'>υτη</span> <span class='ocrx_word' id='word_1_478' title='bbox 735 5669 772 5738; x_wconf 76' lang='grc' dir='ltr'><strong>ἡ</strong></span> <span class='ocrx_word' id='word_1_479' title='bbox 818 5688 976 5744; x_wconf 84' lang='grc' dir='ltr'>γενεα</span> <span class='ocrx_word' id='word_1_480' title='bbox 1025 5674 1330 5738; x_wconf 63' lang='grc' dir='ltr'>ζητούντων</span> <span class='ocrx_word' id='word_1_481' title='bbox 1360 5691 1451 5726; x_wconf 91' lang='grc' dir='ltr'>τον</span> <span class='ocrx_word' id='word_1_482' title='bbox 1482 5678 1698 5748; x_wconf 84' lang='grc' dir='ltr'>Κυριον.</span> <span class='ocrx_word' id='word_1_483' title='bbox 1737 5696 1765 5724; x_wconf 88' lang='grc'><em>‹‹</em></span> <span class='ocrx_word' id='word_1_484' title='bbox 1797 5705 1865 5715; x_wconf 91' lang='grc'><strong>-</strong></span> <span class='ocrx_word' id='word_1_485' title='bbox 1896 5678 2042 5744; x_wconf 83' lang='grc' dir='ltr'>Δυτη</span> 
     </span>
    </p>
   </div>
   <div class='ocr_carea' id='block_1_63' title="bbox 403 5752 2047 5836">
    <p class='ocr_par' dir='ltr' id='par_1_63' title="bbox 403 5752 2047 5836">
     <span class='ocr_line' id='line_1_65' title="bbox 403 5752 2047 5836; baseline 0.004 -25"><span class='ocrx_word' id='word_1_486' title='bbox 403 5757 440 5826; x_wconf 71' lang='grc' dir='ltr'><strong>ἡ</strong></span> <span class='ocrx_word' id='word_1_487' title='bbox 474 5755 629 5833; x_wconf 80' lang='grc' dir='ltr'>γενεὰ</span> <span class='ocrx_word' id='word_1_488' title='bbox 686 5759 721 5828; x_wconf 83' lang='grc' dir='ltr'><strong>ἡ</strong></span> <span class='ocrx_word' id='word_1_489' title='bbox 772 5752 944 5822; x_wconf 73' lang='grc' dir='ltr'>οὕτως</span> <span class='ocrx_word' id='word_1_490' title='bbox 995 5757 1187 5835; x_wconf 85' lang='grc' dir='ltr'>βιοῦσα</span> <span class='ocrx_word' id='word_1_491' title='bbox 1234 5759 1390 5833; x_wconf 83' lang='grc' dir='ltr'>γενεά</span> <span class='ocrx_word' id='word_1_492' title='bbox 1438 5758 1548 5815; x_wconf 83' lang='grc' dir='ltr'>ἐστι</span> <span class='ocrx_word' id='word_1_493' title='bbox 1578 5758 1782 5836; x_wconf 86' lang='grc' dir='ltr'>ἀνδρῶν</span> <span class='ocrx_word' id='word_1_494' title='bbox 1820 5761 2047 5832; x_wconf 86' lang='grc' dir='ltr'>ζητούν-</span> 
     </span>
    </p>
   </div>
   <div class='ocr_carea' id='block_1_64' title="bbox 2142 668 2312 733">
    <p class='ocr_par' dir='ltr' id='par_1_64' title="bbox 2142 668 2312 733">
     <span class='ocr_line' id='line_1_66' title="bbox 2142 668 2312 733; baseline 0 -15"><span class='ocrx_word' id='word_1_495' title='bbox 2142 668 2312 733; x_wconf 84' lang='grc' dir='ltr'>ζητεῖ.</span> 
     </span>
    </p>
   </div>
   <div class='ocr_carea' id='block_1_65' title="bbox 2211 750 3804 828">
    <p class='ocr_par' dir='ltr' id='par_1_65' title="bbox 2211 750 3804 828">
     <span class='ocr_line' id='line_1_67' title="bbox 2211 750 3804 828; baseline 0.003 -24"><span class='ocrx_word' id='word_1_496' title='bbox 2211 776 2239 804; x_wconf 87' lang='lat'><em>«</em></span> <span class='ocrx_word' id='word_1_497' title='bbox 2301 751 2616 822; x_wconf 88' lang='grc' dir='ltr'>Ζητούντων</span> <span class='ocrx_word' id='word_1_498' title='bbox 2660 755 2722 808; x_wconf 90' lang='grc' dir='ltr'>τὸ</span> <span class='ocrx_word' id='word_1_499' title='bbox 2778 753 3070 828; x_wconf 87' lang='grc' dir='ltr'>πρόσωπον</span> <span class='ocrx_word' id='word_1_500' title='bbox 3137 759 3235 810; x_wconf 89' lang='grc' dir='ltr'>τοῦ</span> <span class='ocrx_word' id='word_1_501' title='bbox 3296 759 3434 811; x_wconf 86' lang='grc' dir='ltr'>Θεοῦ</span> <span class='ocrx_word' id='word_1_502' title='bbox 3485 750 3721 810; x_wconf 86' lang='grc' dir='ltr'>Ἰακώϐ·</span> <span class='ocrx_word' id='word_1_503' title='bbox 3777 781 3804 809; x_wconf 72' lang='grc' dir='ltr'>ι)</span> 
     </span>
    </p>
   </div>
   <div class='ocr_carea' id='block_1_66' title="bbox 2137 837 3806 916">
    <p class='ocr_par' dir='ltr' id='par_1_66' title="bbox 2137 837 3806 916">
     <span class='ocr_line' id='line_1_68' title="bbox 2137 837 3806 916; baseline 0.004 -22"><span class='ocrx_word' id='word_1_504' title='bbox 2137 870 2208 882; x_wconf 90' lang='lat'>——</span> <span class='ocrx_word' id='word_1_505' title='bbox 2309 841 2440 902; x_wconf 87' lang='grc' dir='ltr'>Θεὸς</span> <span class='ocrx_word' id='word_1_506' title='bbox 2541 846 2638 896; x_wconf 91' lang='grc' dir='ltr'>τοῦ</span> <span class='ocrx_word' id='word_1_507' title='bbox 2705 837 2894 898; x_wconf 84' lang='grc' dir='ltr'>Ἰακὼϐ</span> <span class='ocrx_word' id='word_1_508' title='bbox 2963 845 2990 896; x_wconf 94' lang='lat'>6</span> <span class='ocrx_word' id='word_1_509' title='bbox 3059 845 3246 916; x_wconf 81' lang='grc' dir='ltr'>Πατὴρ</span> <span class='ocrx_word' id='word_1_510' title='bbox 3313 841 3597 899; x_wconf 78' lang='grc' dir='ltr'>ἐδείκνυτο</span> <span class='ocrx_word' id='word_1_511' title='bbox 3687 851 3806 908; x_wconf 80' lang='grc' dir='ltr'>τοῖς</span> 
     </span>
    </p>
   </div>
   <div class='ocr_carea' id='block_1_67' title="bbox 2140 923 3806 1009">
    <p class='ocr_par' dir='ltr' id='par_1_67' title="bbox 2140 923 3806 1009">
     <span class='ocr_line' id='line_1_69' title="bbox 2140 923 3806 1009; baseline 0.004 -27"><span class='ocrx_word' id='word_1_512' title='bbox 2140 923 2412 1004; x_wconf 84' lang='grc' dir='ltr'>Ἐϐραίοίς</span> <span class='ocrx_word' id='word_1_513' title='bbox 2449 947 2460 961; x_wconf 88' lang='grc'><strong>·</strong></span> <span class='ocrx_word' id='word_1_514' title='bbox 2495 929 2787 1005; x_wconf 87' lang='grc' dir='ltr'>πρόσωπον</span> <span class='ocrx_word' id='word_1_515' title='bbox 2833 929 2893 986; x_wconf 77' lang='grc' dir='ltr'>δὲ</span> <span class='ocrx_word' id='word_1_516' title='bbox 2941 932 3147 1006; x_wconf 86' lang='grc' dir='ltr'>Πατρὸς</span> <span class='ocrx_word' id='word_1_517' title='bbox 3199 933 3228 986; x_wconf 93' lang='lat'>6</span> <span class='ocrx_word' id='word_1_518' title='bbox 3258 931 3381 994; x_wconf 71' lang='grc' dir='ltr'>Υἱός</span> <span class='ocrx_word' id='word_1_519' title='bbox 3416 949 3428 962; x_wconf 77' lang='grc'><strong><em>⁸</em></strong></span> <span class='ocrx_word' id='word_1_520' title='bbox 3466 957 3495 984; x_wconf 80' lang='grc' dir='ltr'>(ι</span> <span class='ocrx_word' id='word_1_521' title='bbox 3531 934 3594 986; x_wconf 91' lang='grc' dir='ltr'>Ὀ</span> <span class='ocrx_word' id='word_1_522' title='bbox 3628 934 3806 1009; x_wconf 61' lang='lat' dir='ltr'>hapa-</span> 
     </span>
    </p>
   </div>
   <div class='ocr_carea' id='block_1_68' title="bbox 2138 1018 3805 1096">
    <p class='ocr_par' dir='ltr' id='par_1_68' title="bbox 2138 1018 3805 1096">
     <span class='ocr_line' id='line_1_70' title="bbox 2138 1018 3805 1096; baseline 0.002 -24"><span class='ocrx_word' id='word_1_523' title='bbox 2138 1018 2248 1080; x_wconf 84' lang='grc' dir='ltr'>κὼς</span> <span class='ocrx_word' id='word_1_524' title='bbox 2305 1019 2428 1093; x_wconf 75' lang='grc' dir='ltr'>γὰρ,</span> <span class='ocrx_word' id='word_1_525' title='bbox 2484 1018 2670 1096; x_wconf 77' lang='grc' dir='ltr'>φησὶν,</span> <span class='ocrx_word' id='word_1_526' title='bbox 2731 1018 2829 1092; x_wconf 73' lang='grc' dir='ltr'>ἐμὲ</span> <span class='ocrx_word' id='word_1_527' title='bbox 2886 1019 3091 1096; x_wconf 72' lang='grc' dir='ltr'>ἑώρακε</span> <span class='ocrx_word' id='word_1_528' title='bbox 3155 1020 3246 1074; x_wconf 91' lang='grc' dir='ltr'>τὸν</span> <span class='ocrx_word' id='word_1_529' title='bbox 3309 1020 3548 1096; x_wconf 70' lang='grc' dir='ltr'>Πατέρα.</span> <span class='ocrx_word' id='word_1_530' title='bbox 3617 1047 3646 1072; x_wconf 91' lang='grc'><strong>››</strong></span> <span class='ocrx_word' id='word_1_531' title='bbox 3707 1025 3805 1077; x_wconf 62' lang='grc' dir='ltr'>Τὸν</span> 
     </span>
    </p>
   </div>
   <div class='ocr_carea' id='block_1_69' title="bbox 2141 1101 3804 1184">
    <p class='ocr_par' dir='ltr' id='par_1_69' title="bbox 2141 1101 3804 1184">
     <span class='ocr_line' id='line_1_71' title="bbox 2141 1101 3804 1184; baseline 0.003 -24"><span class='ocrx_word' id='word_1_532' title='bbox 2141 1101 2332 1162; x_wconf 82' lang='grc' dir='ltr'>Ἰακὼϐ</span> <span class='ocrx_word' id='word_1_533' title='bbox 2391 1104 2448 1162; x_wconf 73' lang='grc' dir='ltr'>δὲ</span> <span class='ocrx_word' id='word_1_534' title='bbox 2505 1113 2746 1184; x_wconf 71' lang='grc' dir='ltr'>συνεχῶς</span> <span class='ocrx_word' id='word_1_535' title='bbox 2799 1107 2850 1163; x_wconf 87' lang='grc' dir='ltr'>ἐν</span> <span class='ocrx_word' id='word_1_536' title='bbox 2907 1114 3024 1172; x_wconf 85' lang='grc' dir='ltr'>τοῖς</span> <span class='ocrx_word' id='word_1_537' title='bbox 3086 1106 3346 1181; x_wconf 82' lang='grc' dir='ltr'>Ψαλμοῖς</span> <span class='ocrx_word' id='word_1_538' title='bbox 3422 1111 3670 1183; x_wconf 77' lang='grc' dir='ltr'>τίθησιν,</span> <span class='ocrx_word' id='word_1_539' title='bbox 3733 1112 3804 1174; x_wconf 77' lang='grc' dir='ltr'>ὡς</span> 
     </span>
    </p>
   </div>
   <div class='ocr_carea' id='block_1_70' title="bbox 2140 1191 3804 1273">
    <p class='ocr_par' dir='ltr' id='par_1_70' title="bbox 2140 1191 3804 1273">
     <span class='ocr_line' id='line_1_72' title="bbox 2140 1191 3804 1273; baseline 0.002 -23"><span class='ocrx_word' id='word_1_540' title='bbox 2140 1195 2343 1269; x_wconf 79' lang='grc' dir='ltr'>πατέρα</span> <span class='ocrx_word' id='word_1_541' title='bbox 2395 1200 2503 1252; x_wconf 88' lang='grc' dir='ltr'>τῶν</span> <span class='ocrx_word' id='word_1_542' title='bbox 2561 1191 2752 1256; x_wconf 84' lang='grc' dir='ltr'>Ἰακὼϐ</span> <span class='ocrx_word' id='word_1_543' title='bbox 2810 1196 3018 1273; x_wconf 78' lang='grc' dir='ltr'>φυλῶν.</span> <span class='ocrx_word' id='word_1_544' title='bbox 3079 1199 3150 1259; x_wconf 85' lang='grc' dir='ltr'><strong><em>Ἦ</em></strong></span> <span class='ocrx_word' id='word_1_545' title='bbox 3195 1197 3285 1253; x_wconf 85' lang='grc' dir='ltr'>καὶ</span> <span class='ocrx_word' id='word_1_546' title='bbox 3335 1196 3530 1261; x_wconf 80' lang='grc' dir='ltr'>ἂλλῶς</span> <span class='ocrx_word' id='word_1_547' title='bbox 3575 1201 3804 1270; x_wconf 76' lang='grc' dir='ltr'>ζητούν-</span> 
     </span>
    </p>
   </div>
   <div class='ocr_carea' id='block_1_71' title="bbox 2137 1281 3808 1359">
    <p class='ocr_par' dir='ltr' id='par_1_71' title="bbox 2137 1281 3808 1359">
     <span class='ocr_line' id='line_1_73' title="bbox 2137 1281 3808 1359; baseline 0.001 -17"><span class='ocrx_word' id='word_1_548' title='bbox 2137 1305 2246 1342; x_wconf 79' lang='grc' dir='ltr'>των</span> <span class='ocrx_word' id='word_1_549' title='bbox 2308 1281 2437 1341; x_wconf 85' lang='grc' dir='ltr'>ἰδεῖν</span> <span class='ocrx_word' id='word_1_550' title='bbox 2494 1287 2586 1341; x_wconf 89' lang='grc' dir='ltr'>τὸν</span> <span class='ocrx_word' id='word_1_551' title='bbox 2633 1286 2762 1342; x_wconf 87' lang='grc' dir='ltr'>Θεὸν</span> <span class='ocrx_word' id='word_1_552' title='bbox 2808 1287 2944 1342; x_wconf 72' lang='grc' dir='ltr'>κατὰ</span> <span class='ocrx_word' id='word_1_553' title='bbox 2981 1286 3070 1341; x_wconf 88' lang='grc' dir='ltr'>τὸν</span> <span class='ocrx_word' id='word_1_554' title='bbox 3129 1285 3402 1359; x_wconf 83' lang='grc' dir='ltr'>μέλλοντα</span> <span class='ocrx_word' id='word_1_555' title='bbox 3449 1286 3652 1342; x_wconf 72' lang='grc' dir='ltr'>αἰῶναο</span> <span class='ocrx_word' id='word_1_556' title='bbox 3719 1287 3808 1343; x_wconf 73' lang='grc' dir='ltr'>ὅτε</span> 
     </span>
    </p>
   </div>
   <div class='ocr_carea' id='block_1_72' title="bbox 2139 1367 3802 1452">
    <p class='ocr_par' dir='ltr' id='par_1_72' title="bbox 2139 1367 3802 1452">
     <span class='ocr_line' id='line_1_74' title="bbox 2139 1367 3802 1452; baseline 0.001 -24"><span class='ocrx_word' id='word_1_557' title='bbox 2139 1367 2431 1450; x_wconf 76' lang='grc' dir='ltr'>πρόσωπον</span> <span class='ocrx_word' id='word_1_558' title='bbox 2486 1377 2622 1449; x_wconf 84' lang='grc' dir='ltr'>πρὸς</span> <span class='ocrx_word' id='word_1_559' title='bbox 2680 1369 2973 1451; x_wconf 80' lang='grc' dir='ltr'>πρόσωπον</span> <span class='ocrx_word' id='word_1_560' title='bbox 3037 1371 3262 1451; x_wconf 73' lang='grc' dir='ltr'>ὄψονται</span> <span class='ocrx_word' id='word_1_561' title='bbox 3320 1375 3482 1432; x_wconf 79' lang='grc' dir='ltr'>αὐτὸν</span> <span class='ocrx_word' id='word_1_562' title='bbox 3545 1378 3607 1432; x_wconf 80' lang='grc' dir='ltr'>οἱ.</span> <span class='ocrx_word' id='word_1_563' title='bbox 3639 1376 3802 1452; x_wconf 66' lang='grc' dir='ltr'>ἄξιοι,</span> 
     </span>
    </p>
   </div>
   <div class='ocr_carea' id='block_1_73' title="bbox 2139 1463 2711 1541">
    <p class='ocr_par' dir='ltr' id='par_1_73' title="bbox 2139 1463 2711 1541">
     <span class='ocr_line' id='line_1_75' title="bbox 2139 1463 2711 1541; baseline 0.007 -22"><span class='ocrx_word' id='word_1_564' title='bbox 2139 1464 2278 1527; x_wconf 76' lang='grc' dir='ltr'>καθά</span> <span class='ocrx_word' id='word_1_565' title='bbox 2307 1484 2440 1541; x_wconf 78' lang='grc' dir='ltr'>φησι</span> <span class='ocrx_word' id='word_1_566' title='bbox 2471 1463 2711 1527; x_wconf 82' lang='grc' dir='ltr'>Παῦλος.</span> 
     </span>
    </p>
   </div>
   <div class='ocr_carea' id='block_1_74' title="bbox 2808 1581 3118 1657">
    <p class='ocr_par' dir='ltr' id='par_1_74' title="bbox 2808 1581 3118 1657">
     <span class='ocr_line' id='line_1_76' title="bbox 2808 1581 3118 1657; baseline 0.01 -21"><span class='ocrx_word' id='word_1_567' title='bbox 2808 1581 3016 1657; x_wconf 86' lang='grc' dir='ltr'>Διάψαλ</span> <span class='ocrx_word' id='word_1_568' title='bbox 3025 1603 3118 1654; x_wconf 84' lang='grc' dir='ltr'>μα.</span> 
     </span>
    </p>
   </div>
   <div class='ocr_carea' id='block_1_75' title="bbox 2213 1674 3808 1755">
    <p class='ocr_par' dir='ltr' id='par_1_75' title="bbox 2213 1674 3808 1755">
     <span class='ocr_line' id='line_1_77' title="bbox 2213 1674 3808 1755; baseline 0.001 -23"><span class='ocrx_word' id='word_1_569' title='bbox 2213 1675 2344 1753; x_wconf 85' lang='grc' dir='ltr'>Περί</span> <span class='ocrx_word' id='word_1_570' title='bbox 2395 1680 2492 1732; x_wconf 91' lang='grc' dir='ltr'>τοῦ</span> <span class='ocrx_word' id='word_1_571' title='bbox 2540 1674 2918 1752; x_wconf 74' lang='grc' dir='ltr'>διαψάλματος</span> <span class='ocrx_word' id='word_1_572' title='bbox 2965 1681 3161 1742; x_wconf 78' lang='grc' dir='ltr'>ἱκανῶς</span> <span class='ocrx_word' id='word_1_573' title='bbox 3209 1679 3259 1733; x_wconf 84' lang='grc' dir='ltr'>ἐν</span> <span class='ocrx_word' id='word_1_574' title='bbox 3303 1683 3422 1742; x_wconf 87' lang='grc' dir='ltr'>τοῖς</span> <span class='ocrx_word' id='word_1_575' title='bbox 3467 1680 3808 1755; x_wconf 73' lang='grc' dir='ltr'>προοιμίοις</span> 
     </span>
    </p>
   </div>
   <div class='ocr_carea' id='block_1_76' title="bbox 2144 1762 3048 1844">
    <p class='ocr_par' dir='ltr' id='par_1_76' title="bbox 2144 1762 3048 1844">
     <span class='ocr_line' id='line_1_78' title="bbox 2144 1762 3048 1844; baseline 0.004 -24"><span class='ocrx_word' id='word_1_576' title='bbox 2144 1762 2353 1842; x_wconf 88' lang='grc' dir='ltr'>εἰ¹ρηται</span> <span class='ocrx_word' id='word_1_577' title='bbox 2382 1771 2484 1836; x_wconf 81' lang='grc' dir='ltr'>τῆς</span> <span class='ocrx_word' id='word_1_578' title='bbox 2513 1766 2794 1841; x_wconf 88' lang='grc' dir='ltr'>παρούσης</span> <span class='ocrx_word' id='word_1_579' title='bbox 2829 1763 3048 1844; x_wconf 82' lang='grc' dir='ltr'>βίϐλου.</span> 
     </span>
    </p>
   </div>
   <div class='ocr_carea' id='block_1_77' title="bbox 2219 1855 3806 1933">
    <p class='ocr_par' dir='ltr' id='par_1_77' title="bbox 2219 1855 3806 1933">
     <span class='ocr_line' id='line_1_79' title="bbox 2219 1855 3806 1933; baseline 0.004 -26"><span class='ocrx_word' id='word_1_580' title='bbox 2219 1877 2248 1907; x_wconf 84' lang='grc' dir='ltr'>ι(</span> <span class='ocrx_word' id='word_1_581' title='bbox 2275 1858 2477 1930; x_wconf 72' lang='grc' dir='ltr'>’Ἄρατε</span> <span class='ocrx_word' id='word_1_582' title='bbox 2499 1855 2679 1918; x_wconf 90' lang='grc' dir='ltr'>πύλας</span> <span class='ocrx_word' id='word_1_583' title='bbox 2709 1857 2761 1911; x_wconf 70' lang='grc' dir='ltr'>οἱ</span> <span class='ocrx_word' id='word_1_584' title='bbox 2792 1855 3055 1933; x_wconf 75' lang='grc' dir='ltr'>ἄρχοντες</span> <span class='ocrx_word' id='word_1_585' title='bbox 3097 1857 3269 1929; x_wconf 85' lang='grc' dir='ltr'>ὑμῶν·</span> <span class='ocrx_word' id='word_1_586' title='bbox 3321 1882 3349 1910; x_wconf 88' lang='grc'><strong>››</strong></span> <span class='ocrx_word' id='word_1_587' title='bbox 3401 1891 3472 1901; x_wconf 88' lang='grc'><strong>-</strong></span> <span class='ocrx_word' id='word_1_588' title='bbox 3524 1859 3806 1914; x_wconf 80' lang='grc' dir='ltr'>Ἐντεῦθεν</span> 
     </span>
    </p>
   </div>
   <div class='ocr_carea' id='block_1_78' title="bbox 2064 1943 3801 2023">
    <p class='ocr_par' dir='ltr' id='par_1_78' title="bbox 2064 1943 3801 2023">
     <span class='ocr_line' id='line_1_80' title="bbox 2064 1943 3801 2023; baseline 0.003 -25"><span class='ocrx_word' id='word_1_589' title='bbox 2064 1945 2120 2012; x_wconf 44' lang='grc' dir='ltr'>Β,</span> <span class='ocrx_word' id='word_1_590' title='bbox 2140 1943 2492 2021; x_wconf 88' lang='grc' dir='ltr'>προαγορεύει</span> <span class='ocrx_word' id='word_1_591' title='bbox 2548 1944 2639 1999; x_wconf 83' lang='grc' dir='ltr'>καί</span> <span class='ocrx_word' id='word_1_592' title='bbox 2686 1945 2786 2014; x_wconf 75' lang='grc' dir='ltr'>τήν</span> <span class='ocrx_word' id='word_1_593' title='bbox 2853 1944 2929 2007; x_wconf 90' lang='grc' dir='ltr'>εἰς</span> <span class='ocrx_word' id='word_1_594' title='bbox 3005 1944 3266 2020; x_wconf 75' lang='grc' dir='ltr'>οὐρανοὺς</span> <span class='ocrx_word' id='word_1_595' title='bbox 3346 1949 3444 2000; x_wconf 82' lang='grc' dir='ltr'>τοῦ</span> <span class='ocrx_word' id='word_1_596' title='bbox 3520 1953 3801 2023; x_wconf 80' lang='grc' dir='ltr'>Σωτῆρος</span> 
     </span>
    </p>
   </div>
   <div class='ocr_carea' id='block_1_79' title="bbox 2143 2031 3800 2110">
    <p class='ocr_par' dir='ltr' id='par_1_79' title="bbox 2143 2031 3800 2110">
     <span class='ocr_line' id='line_1_81' title="bbox 2143 2031 3800 2110; baseline 0.002 -23"><span class='ocrx_word' id='word_1_597' title='bbox 2143 2031 2433 2107; x_wconf 79' lang='grc' dir='ltr'>ἀνάληψιν·</span> <span class='ocrx_word' id='word_1_598' title='bbox 2485 2031 2684 2107; x_wconf 77' lang='grc' dir='ltr'>εἰσάγει</span> <span class='ocrx_word' id='word_1_599' title='bbox 2735 2032 2840 2110; x_wconf 81' lang='grc' dir='ltr'>γὰρ</span> <span class='ocrx_word' id='word_1_600' title='bbox 2886 2034 3015 2096; x_wconf 82' lang='grc' dir='ltr'>τοὺς</span> <span class='ocrx_word' id='word_1_601' title='bbox 3063 2034 3114 2090; x_wconf 85' lang='grc' dir='ltr'>ἐν</span> <span class='ocrx_word' id='word_1_602' title='bbox 3157 2037 3372 2108; x_wconf 81' lang='grc' dir='ltr'>Χριστῷ</span> <span class='ocrx_word' id='word_1_603' title='bbox 3400 2031 3800 2098; x_wconf 76' lang='grc' dir='ltr'>διακονοῦντας</span> 
     </span>
    </p>
   </div>
   <div class='ocr_carea' id='block_1_80' title="bbox 2143 2121 3801 2200">
    <p class='ocr_par' dir='ltr' id='par_1_80' title="bbox 2143 2121 3801 2200">
     <span class='ocr_line' id='line_1_82' title="bbox 2143 2121 3801 2200; baseline 0.002 -24"><span class='ocrx_word' id='word_1_604' title='bbox 2143 2121 2232 2176; x_wconf 82' lang='grc' dir='ltr'>ἐπὶ</span> <span class='ocrx_word' id='word_1_605' title='bbox 2285 2127 2388 2190; x_wconf 88' lang='grc' dir='ltr'>τῆς</span> <span class='ocrx_word' id='word_1_606' title='bbox 2434 2127 2536 2197; x_wconf 81' lang='grc' dir='ltr'>γῆς</span> <span class='ocrx_word' id='word_1_607' title='bbox 2594 2121 2862 2198; x_wconf 85' lang='grc' dir='ltr'>ἀγγέλους</span> <span class='ocrx_word' id='word_1_608' title='bbox 2909 2122 3254 2186; x_wconf 82' lang='grc' dir='ltr'>συνανιόντας</span> <span class='ocrx_word' id='word_1_609' title='bbox 3318 2122 3467 2196; x_wconf 80' lang='grc' dir='ltr'>αὐτῷ</span> <span class='ocrx_word' id='word_1_610' title='bbox 3512 2125 3609 2179; x_wconf 84' lang='grc' dir='ltr'>καὶ</span> <span class='ocrx_word' id='word_1_611' title='bbox 3659 2145 3801 2200; x_wconf 79' lang='grc' dir='ltr'>προ-</span> 
     </span>
    </p>
   </div>
   <div class='ocr_carea' id='block_1_81' title="bbox 2144 2206 3810 2290">
    <p class='ocr_par' dir='ltr' id='par_1_81' title="bbox 2144 2206 3810 2290">
     <span class='ocr_line' id='line_1_83' title="bbox 2144 2206 3810 2290; baseline 0.001 -25"><span class='ocrx_word' id='word_1_612' title='bbox 2144 2211 2374 2285; x_wconf 87' lang='grc' dir='ltr'>ἀγοντας</span> <span class='ocrx_word' id='word_1_613' title='bbox 2435 2208 2526 2265; x_wconf 78' lang='grc' dir='ltr'>καὶ</span> <span class='ocrx_word' id='word_1_614' title='bbox 2573 2206 3056 2285; x_wconf 83' lang='grc' dir='ltr'>διακελευομένους</span> <span class='ocrx_word' id='word_1_615' title='bbox 3106 2217 3223 2273; x_wconf 89' lang='grc' dir='ltr'>τοῖς</span> <span class='ocrx_word' id='word_1_616' title='bbox 3295 2209 3637 2290; x_wconf 74' lang='grc' dir='ltr'>φυλάττουσι</span> <span class='ocrx_word' id='word_1_617' title='bbox 3708 2215 3810 2283; x_wconf 74' lang='grc' dir='ltr'>τήν</span> 
     </span>
    </p>
   </div>
   <div class='ocr_carea' id='block_1_82' title="bbox 2145 2295 3800 2375">
    <p class='ocr_par' dir='ltr' id='par_1_82' title="bbox 2145 2295 3800 2375">
     <span class='ocr_line' id='line_1_84' title="bbox 2145 2295 3800 2375; baseline 0.003 -23"><span class='ocrx_word' id='word_1_618' title='bbox 2145 2297 2222 2360; x_wconf 91' lang='grc' dir='ltr'>εἰς</span> <span class='ocrx_word' id='word_1_619' title='bbox 2277 2297 2500 2372; x_wconf 87' lang='grc' dir='ltr'>ούρανὸν</span> <span class='ocrx_word' id='word_1_620' title='bbox 2553 2295 2760 2354; x_wconf 72' lang='grc' dir='ltr'>εἷ’σοδον</span> <span class='ocrx_word' id='word_1_621' title='bbox 2809 2295 2977 2375; x_wconf 67' lang='grc' dir='ltr'>αἴρειν</span> <span class='ocrx_word' id='word_1_622' title='bbox 3024 2299 3121 2361; x_wconf 76' lang='grc' dir='ltr'>τὰς</span> <span class='ocrx_word' id='word_1_623' title='bbox 3169 2298 3366 2362; x_wconf 85' lang='grc' dir='ltr'>πύλας.</span> <span class='ocrx_word' id='word_1_624' title='bbox 3432 2303 3800 2357; x_wconf 74' lang='grc' dir='ltr'>Συντάσσιεται</span> 
     </span>
    </p>
   </div>
   <div class='ocr_carea' id='block_1_83' title="bbox 2147 2384 3796 2464">
    <p class='ocr_par' dir='ltr' id='par_1_83' title="bbox 2147 2384 3796 2464">
     <span class='ocr_line' id='line_1_85' title="bbox 2147 2384 3796 2464; baseline 0.002 -23"><span class='ocrx_word' id='word_1_625' title='bbox 2147 2384 2206 2442; x_wconf 74' lang='grc' dir='ltr'>δὲ</span> <span class='ocrx_word' id='word_1_626' title='bbox 2231 2388 2294 2442; x_wconf 89' lang='grc' dir='ltr'>τὸ</span> <span class='ocrx_word' id='word_1_627' title='bbox 2352 2386 2514 2463; x_wconf 79' lang='grc' dir='ltr'>ῥητὸν</span> <span class='ocrx_word' id='word_1_628' title='bbox 2559 2387 2753 2449; x_wconf 68' lang='grc' dir='ltr'>οὕτως’</span> <span class='ocrx_word' id='word_1_629' title='bbox 2806 2389 2867 2442; x_wconf 76' lang='grc' dir='ltr'>Οἱ</span> <span class='ocrx_word' id='word_1_630' title='bbox 2908 2389 3171 2464; x_wconf 76' lang='grc' dir='ltr'>ἄρχοντες</span> <span class='ocrx_word' id='word_1_631' title='bbox 3214 2387 3376 2464; x_wconf 82' lang='grc' dir='ltr'>ἄρατε</span> <span class='ocrx_word' id='word_1_632' title='bbox 3404 2387 3589 2453; x_wconf 85' lang='grc' dir='ltr'>πύλας</span> <span class='ocrx_word' id='word_1_633' title='bbox 3623 2391 3796 2464; x_wconf 80' lang='grc' dir='ltr'>ὑμῶν,</span> 
     </span>
    </p>
   </div>
   <div class='ocr_carea' id='block_1_84' title="bbox 2145 2474 3802 2555">
    <p class='ocr_par' dir='ltr' id='par_1_84' title="bbox 2145 2474 3802 2555">
     <span class='ocr_line' id='line_1_86' title="bbox 2145 2474 3802 2555; baseline 0.002 -25"><span class='ocrx_word' id='word_1_634' title='bbox 2145 2474 2312 2553; x_wconf 76' lang='grc' dir='ltr'>ἤγουν</span> <span class='ocrx_word' id='word_1_635' title='bbox 2373 2477 2425 2531; x_wconf 77' lang='grc' dir='ltr'>οἰ</span> <span class='ocrx_word' id='word_1_636' title='bbox 2478 2476 2871 2548; x_wconf 78' lang='grc' dir='ltr'>ἐξουσιάζοντες</span> <span class='ocrx_word' id='word_1_637' title='bbox 2923 2481 3031 2531; x_wconf 88' lang='grc' dir='ltr'>τῶν</span> <span class='ocrx_word' id='word_1_638' title='bbox 3086 2476 3275 2533; x_wconf 88' lang='grc' dir='ltr'>πυλῶν</span> <span class='ocrx_word' id='word_1_639' title='bbox 3341 2477 3577 2550; x_wconf 73' lang='grc' dir='ltr'>τοῦτ-ων,</span> <span class='ocrx_word' id='word_1_640' title='bbox 3643 2481 3802 2555; x_wconf 70' lang='grc' dir='ltr'>ἄρατε</span> 
     </span>
    </p>
   </div>
   <div class='ocr_carea' id='block_1_85' title="bbox 2146 2563 3803 2640">
    <p class='ocr_par' dir='ltr' id='par_1_85' title="bbox 2146 2563 3803 2640">
     <span class='ocr_line' id='line_1_87' title="bbox 2146 2563 3803 2640; baseline 0.001 -19"><span class='ocrx_word' id='word_1_641' title='bbox 2146 2564 2360 2628; x_wconf 85' lang='grc' dir='ltr'>ταύτας⁶</span> <span class='ocrx_word' id='word_1_642' title='bbox 2415 2565 2566 2638; x_wconf 79' lang='grc' dir='ltr'>ὑμῶν</span> <span class='ocrx_word' id='word_1_643' title='bbox 2617 2563 2674 2620; x_wconf 72' lang='grc' dir='ltr'>δὲ</span> <span class='ocrx_word' id='word_1_644' title='bbox 2718 2565 2834 2620; x_wconf 85' lang='grc' dir='ltr'>ἀντὶ</span> <span class='ocrx_word' id='word_1_645' title='bbox 2873 2569 2970 2620; x_wconf 88' lang='grc' dir='ltr'>τοῦ</span> <span class='ocrx_word' id='word_1_646' title='bbox 3019 2566 3093 2620; x_wconf 85' lang='grc' dir='ltr'>ὧν</span> <span class='ocrx_word' id='word_1_647' title='bbox 3140 2566 3356 2640; x_wconf 80' lang='grc' dir='ltr'>ἄρχετε.</span> <span class='ocrx_word' id='word_1_648' title='bbox 3407 2566 3520 2621; x_wconf 80' lang='grc' dir='ltr'>Οὐκ</span> <span class='ocrx_word' id='word_1_649' title='bbox 3569 2567 3689 2622; x_wconf 68' lang='grc' dir='ltr'>εἶπε</span> <span class='ocrx_word' id='word_1_650' title='bbox 3747 2566 3803 2622; x_wconf 75' lang='grc' dir='ltr'>δὲ</span> 
     </span>
    </p>
   </div>
   <div class='ocr_carea' id='block_1_86' title="bbox 2151 2651 3796 2732">
    <p class='ocr_par' dir='ltr' id='par_1_86' title="bbox 2151 2651 3796 2732">
     <span class='ocr_line' id='line_1_88' title="bbox 2151 2651 3796 2732; baseline 0.001 -23"><span class='ocrx_word' id='word_1_651' title='bbox 2151 2653 2411 2726; x_wconf 79' lang='grc' dir='ltr'>ἀνοίξατε,</span> <span class='ocrx_word' id='word_1_652' title='bbox 2461 2651 2588 2709; x_wconf 91' lang='grc' dir='ltr'>ἀλλ’</span> <span class='ocrx_word' id='word_1_653' title='bbox 2636 2653 2818 2730; x_wconf 81' lang='grc' dir='ltr'>ἄρατε,</span> <span class='ocrx_word' id='word_1_654' title='bbox 2868 2652 3154 2716; x_wconf 88' lang='grc' dir='ltr'>παντελῶς</span> <span class='ocrx_word' id='word_1_655' title='bbox 3200 2654 3441 2710; x_wconf 77' lang='grc' dir='ltr'>ἐντεῦθεν</span> <span class='ocrx_word' id='word_1_656' title='bbox 3489 2656 3553 2710; x_wconf 86' lang='grc' dir='ltr'>τὸ</span> <span class='ocrx_word' id='word_1_657' title='bbox 3587 2657 3796 2732; x_wconf 82' lang='grc' dir='ltr'>ἀχώρι-</span> 
     </span>
    </p>
   </div>
   <div class='ocr_carea' id='block_1_87' title="bbox 2152 2739 3794 2824">
    <p class='ocr_par' dir='ltr' id='par_1_87' title="bbox 2152 2739 3794 2824">
     <span class='ocr_line' id='line_1_89' title="bbox 2152 2739 3794 2824; baseline 0.003 -27"><span class='ocrx_word' id='word_1_658' title='bbox 2152 2763 2275 2798; x_wconf 89' lang='grc' dir='ltr'>στον</span> <span class='ocrx_word' id='word_1_659' title='bbox 2333 2749 2434 2812; x_wconf 78' lang='grc' dir='ltr'>τῆς</span> <span class='ocrx_word' id='word_1_660' title='bbox 2485 2739 2646 2814; x_wconf 90' lang='grc' dir='ltr'>δόξης</span> <span class='ocrx_word' id='word_1_661' title='bbox 2693 2747 2791 2797; x_wconf 91' lang='grc' dir='ltr'>τοῦ</span> <span class='ocrx_word' id='word_1_662' title='bbox 2843 2741 3146 2817; x_wconf 85' lang='grc' dir='ltr'>μέλλοντος</span> <span class='ocrx_word' id='word_1_663' title='bbox 3186 2742 3443 2800; x_wconf 81' lang='grc' dir='ltr'>εἰσελθεῖν</span> <span class='ocrx_word' id='word_1_664' title='bbox 3503 2744 3794 2824; x_wconf 70' lang='grc' dir='ltr'>ἐμφαίνων.</span> 
     </span>
    </p>
   </div>
   <div class='ocr_carea' id='block_1_88' title="bbox 2153 2829 3104 2910">
    <p class='ocr_par' dir='ltr' id='par_1_88' title="bbox 2153 2829 3104 2910">
     <span class='ocr_line' id='line_1_90' title="bbox 2153 2829 3104 2910; baseline 0 -24"><span class='ocrx_word' id='word_1_665' title='bbox 2153 2829 2338 2894; x_wconf 89' lang='grc' dir='ltr'>Πύλας</span> <span class='ocrx_word' id='word_1_666' title='bbox 2370 2829 2428 2887; x_wconf 76' lang='grc' dir='ltr'>δέ</span> <span class='ocrx_word' id='word_1_667' title='bbox 2453 2831 2553 2900; x_wconf 78' lang='grc' dir='ltr'>τὴν</span> <span class='ocrx_word' id='word_1_668' title='bbox 2589 2830 2835 2910; x_wconf 79' lang='grc' dir='ltr'>φυλακήν</span> <span class='ocrx_word' id='word_1_669' title='bbox 2868 2832 3104 2900; x_wconf 86' lang='grc' dir='ltr'>οἰητέον.</span> 
     </span>
    </p>
   </div>
   <div class='ocr_carea' id='block_1_89' title="bbox 2226 2918 3783 2994">
    <p class='ocr_par' dir='ltr' id='par_1_89' title="bbox 2226 2918 3783 2994">
     <span class='ocr_line' id='line_1_91' title="bbox 2226 2918 3783 2994; baseline 0.003 -23"><span class='ocrx_word' id='word_1_670' title='bbox 2226 2944 2255 2972; x_wconf 89' lang='grc'>‹‹</span> <span class='ocrx_word' id='word_1_671' title='bbox 2290 2919 2392 2978; x_wconf 81' lang='grc' dir='ltr'>Καὶ</span> <span class='ocrx_word' id='word_1_672' title='bbox 2451 2918 2719 2994; x_wconf 85' lang='grc' dir='ltr'>ἐπάρθητε</span> <span class='ocrx_word' id='word_1_673' title='bbox 2763 2919 2932 2976; x_wconf 91' lang='grc' dir='ltr'>πύλαι</span> <span class='ocrx_word' id='word_1_674' title='bbox 2989 2921 3228 2992; x_wconf 88' lang='grc' dir='ltr'>αἰώνιοι,</span> <span class='ocrx_word' id='word_1_675' title='bbox 3284 2919 3375 2976; x_wconf 83' lang='grc' dir='ltr'>καί</span> <span class='ocrx_word' id='word_1_676' title='bbox 3445 2921 3783 2979; x_wconf 74' lang='grc' dir='ltr'>εἰσελεύσεται</span> 
     </span>
    </p>
   </div>
   <div class='ocr_carea' id='block_1_90' title="bbox 2156 3008 3783 3088">
    <p class='ocr_par' dir='ltr' id='par_1_90' title="bbox 2156 3008 3783 3088">
     <span class='ocr_line' id='line_1_92' title="bbox 2156 3008 3783 3088; baseline 0.001 -24"><span class='ocrx_word' id='word_1_677' title='bbox 2156 3009 2184 3064; x_wconf 90' lang='lat'>6</span> <span class='ocrx_word' id='word_1_678' title='bbox 2237 3008 2490 3085; x_wconf 78' lang='grc' dir='ltr'>βασιλεὺς</span> <span class='ocrx_word' id='word_1_679' title='bbox 2537 3016 2639 3078; x_wconf 86' lang='grc' dir='ltr'>τῆς</span> <span class='ocrx_word' id='word_1_680' title='bbox 2689 3008 2869 3080; x_wconf 81' lang='grc' dir='ltr'>δόξης.</span> <span class='ocrx_word' id='word_1_681' title='bbox 2922 3033 2951 3061; x_wconf 86' lang='grc'>››</span> <span class='ocrx_word' id='word_1_682' title='bbox 3000 3044 3068 3052; x_wconf 95' lang='grc'><strong><em>-</em></strong></span> <span class='ocrx_word' id='word_1_683' title='bbox 3117 3011 3178 3066; x_wconf 86' lang='grc' dir='ltr'>Ἡ</span> <span class='ocrx_word' id='word_1_684' title='bbox 3225 3008 3446 3088; x_wconf 78' lang='grc' dir='ltr'>φυλακὴ</span> <span class='ocrx_word' id='word_1_685' title='bbox 3502 3015 3534 3081; x_wconf 81' lang='grc' dir='ltr'>ἡ</span> <span class='ocrx_word' id='word_1_686' title='bbox 3583 3012 3783 3072; x_wconf 75' lang='grc' dir='ltr'>αἷώνιος</span> 
     </span>
    </p>
   </div>
   <div class='ocr_carea' id='block_1_91' title="bbox 2157 3095 3788 3177">
    <p class='ocr_par' dir='ltr' id='par_1_91' title="bbox 2157 3095 3788 3177">
     <span class='ocr_line' id='line_1_93' title="bbox 2157 3095 3788 3177; baseline 0.002 -25"><span class='ocrx_word' id='word_1_687' title='bbox 2157 3095 2248 3166; x_wconf 75' lang='grc' dir='ltr'>διὰ</span> <span class='ocrx_word' id='word_1_688' title='bbox 2301 3098 2401 3166; x_wconf 84' lang='grc' dir='ltr'>τήν</span> <span class='ocrx_word' id='word_1_689' title='bbox 2460 3095 2745 3169; x_wconf 83' lang='grc' dir='ltr'>ἀϊδιότητα</span> <span class='ocrx_word' id='word_1_690' title='bbox 2797 3102 2905 3153; x_wconf 89' lang='grc' dir='ltr'>τῶν</span> <span class='ocrx_word' id='word_1_691' title='bbox 2959 3096 3340 3177; x_wconf 80' lang='grc' dir='ltr'>φυλαττόντων</span> <span class='ocrx_word' id='word_1_692' title='bbox 3409 3099 3700 3176; x_wconf 79' lang='grc' dir='ltr'>ἀγγέλων·</span> <span class='ocrx_word' id='word_1_693' title='bbox 3753 3097 3788 3168; x_wconf 69' lang='grc' dir='ltr'>ἦ</span> 
     </span>
    </p>
   </div>
   <div class='ocr_carea' id='block_1_92' title="bbox 2156 3183 3795 3265">
    <p class='ocr_par' dir='ltr' id='par_1_92' title="bbox 2156 3183 3795 3265">
     <span class='ocr_line' id='line_1_94' title="bbox 2156 3183 3795 3265; baseline 0 -24"><span class='ocrx_word' id='word_1_694' title='bbox 2156 3184 2368 3241; x_wconf 72' lang='grc' dir='ltr'>αἰώνιοι</span> <span class='ocrx_word' id='word_1_695' title='bbox 2429 3183 2518 3242; x_wconf 81' lang='grc' dir='ltr'>διὰ</span> <span class='ocrx_word' id='word_1_696' title='bbox 2571 3187 2633 3242; x_wconf 91' lang='grc' dir='ltr'>τὸ</span> <span class='ocrx_word' id='word_1_697' title='bbox 2695 3184 2968 3259; x_wconf 84' lang='grc' dir='ltr'>μηδέποτε</span> <span class='ocrx_word' id='word_1_698' title='bbox 3023 3187 3304 3265; x_wconf 86' lang='grc' dir='ltr'>ἀνοιγῆναι</span> <span class='ocrx_word' id='word_1_699' title='bbox 3339 3205 3352 3220; x_wconf 83' lang='grc'><strong><em>⁸</em></strong></span> <span class='ocrx_word' id='word_1_700' title='bbox 3403 3189 3795 3264; x_wconf 79' lang='grc' dir='ltr'>κεκλεισμένων</span> 
     </span>
    </p>
   </div>
   <div class='ocr_carea' id='block_1_93' title="bbox 2156 3274 3806 3360">
    <p class='ocr_par' dir='ltr' id='par_1_93' title="bbox 2156 3274 3806 3360">
     <span class='ocr_line' id='line_1_95' title="bbox 2156 3274 3806 3360; baseline 0.01 -40"><span class='ocrx_word' id='word_1_701' title='bbox 2156 3274 2262 3360; x_wconf 67' lang='grc' dir='ltr'>γὰρ</span> <span class='ocrx_word' id='word_1_702' title='bbox 2313 3274 2511 3345; x_wconf 82' lang='grc' dir='ltr'>αὐτῶν,</span> <span class='ocrx_word' id='word_1_703' title='bbox 2567 3274 2832 3345; x_wconf 74' lang='grc' dir='ltr'>κατῆλθεν</span> <span class='ocrx_word' id='word_1_704' title='bbox 2891 3275 2967 3339; x_wconf 87' lang='grc' dir='ltr'>εἰς</span> <span class='ocrx_word' id='word_1_705' title='bbox 3023 3283 3148 3353; x_wconf 64' lang='lat' dir='ltr'>ﬁv,</span> <span class='ocrx_word' id='word_1_706' title='bbox 3209 3275 3390 3332; x_wconf 85' lang='grc' dir='ltr'>λαθὼν</span> <span class='ocrx_word' id='word_1_707' title='bbox 3470 3279 3649 3341; x_wconf 85' lang='grc' dir='ltr'>πάσας</span> <span class='ocrx_word' id='word_1_708' title='bbox 3716 3279 3806 3339; x_wconf 69' lang='grc' dir='ltr'>τὰς</span> 
     </span>
    </p>
   </div>
   <div class='ocr_carea' id='block_1_94' title="bbox 2155 3361 2433 3438">
    <p class='ocr_par' dir='ltr' id='par_1_94' title="bbox 2155 3361 2433 3438">
     <span class='ocr_line' id='line_1_96' title="bbox 2155 3361 2433 3438; baseline 0.004 -18"><span class='ocrx_word' id='word_1_709' title='bbox 2155 3361 2433 3438; x_wconf 85' lang='grc' dir='ltr'>δυνάμεις.</span> 
     </span>
    </p>
   </div>
   <div class='ocr_carea' id='block_1_95' title="bbox 2225 3451 3807 3530">
    <p class='ocr_par' dir='ltr' id='par_1_95' title="bbox 2225 3451 3807 3530">
     <span class='ocr_line' id='line_1_97' title="bbox 2225 3451 3807 3530; baseline 0.003 -23"><span class='ocrx_word' id='word_1_710' title='bbox 2225 3477 2256 3507; x_wconf 86' lang='grc'>‹‹</span> <span class='ocrx_word' id='word_1_711' title='bbox 2288 3453 2380 3517; x_wconf 86' lang='grc' dir='ltr'>Τίς</span> <span class='ocrx_word' id='word_1_712' title='bbox 2411 3453 2551 3509; x_wconf 89' lang='grc' dir='ltr'>ἐστιν</span> <span class='ocrx_word' id='word_1_713' title='bbox 2603 3453 2760 3517; x_wconf 82' lang='grc' dir='ltr'>οὗτος</span> <span class='ocrx_word' id='word_1_714' title='bbox 2809 3453 2838 3508; x_wconf 98' lang='lat'>6</span> <span class='ocrx_word' id='word_1_715' title='bbox 2881 3453 3134 3530; x_wconf 76' lang='grc' dir='ltr'>βασιλεὺς</span> <span class='ocrx_word' id='word_1_716' title='bbox 3161 3461 3264 3524; x_wconf 86' lang='grc' dir='ltr'>τῆς</span> <span class='ocrx_word' id='word_1_717' title='bbox 3296 3451 3498 3526; x_wconf 84' lang='grc' dir='ltr'>δόξης;</span> <span class='ocrx_word' id='word_1_718' title='bbox 3532 3479 3562 3507; x_wconf 82' lang='lat'><strong><em>»</em></strong></span> <span class='ocrx_word' id='word_1_719' title='bbox 3603 3489 3676 3499; x_wconf 89' lang='lat'><strong><em>—</em></strong></span> <span class='ocrx_word' id='word_1_720' title='bbox 3705 3462 3807 3512; x_wconf 81' lang='grc' dir='ltr'>Βα-</span> 
     </span>
    </p>
   </div>
   <div class='ocr_carea' id='block_1_96' title="bbox 2155 3538 3809 3619">
    <p class='ocr_par' dir='ltr' id='par_1_96' title="bbox 2155 3538 3809 3619">
     <span class='ocr_line' id='line_1_98' title="bbox 2155 3538 3809 3619; baseline 0.002 -22"><span class='ocrx_word' id='word_1_721' title='bbox 2155 3538 2337 3604; x_wconf 88' lang='grc' dir='ltr'>σιλεύς</span> <span class='ocrx_word' id='word_1_722' title='bbox 2387 3549 2487 3613; x_wconf 87' lang='grc' dir='ltr'>τῆς</span> <span class='ocrx_word' id='word_1_723' title='bbox 2531 3540 2692 3613; x_wconf 84' lang='grc' dir='ltr'>δόξης</span> <span class='ocrx_word' id='word_1_724' title='bbox 2741 3541 2952 3618; x_wconf 86' lang='grc' dir='ltr'>λέγεται</span> <span class='ocrx_word' id='word_1_725' title='bbox 3000 3542 3090 3598; x_wconf 81' lang='grc' dir='ltr'>καὶ</span> <span class='ocrx_word' id='word_1_726' title='bbox 3146 3543 3335 3619; x_wconf 85' lang='grc' dir='ltr'>κύριος</span> <span class='ocrx_word' id='word_1_727' title='bbox 3381 3550 3482 3613; x_wconf 80' lang='grc' dir='ltr'>τῆς</span> <span class='ocrx_word' id='word_1_728' title='bbox 3517 3541 3706 3616; x_wconf 80' lang='grc' dir='ltr'>δόξης,</span> <span class='ocrx_word' id='word_1_729' title='bbox 3733 3545 3809 3607; x_wconf 84' lang='grc' dir='ltr'>ὡς</span> 
     </span>
    </p>
   </div>
   <div class='ocr_carea' id='block_1_97' title="bbox 2156 3628 3810 3709">
    <p class='ocr_par' dir='ltr' id='par_1_97' title="bbox 2156 3628 3810 3709">
     <span class='ocr_line' id='line_1_99' title="bbox 2156 3628 3810 3709; baseline 0.002 -24"><span class='ocrx_word' id='word_1_730' title='bbox 2156 3628 2526 3707; x_wconf 84' lang='grc' dir='ltr'>ὑπερένδοξος,</span> <span class='ocrx_word' id='word_1_731' title='bbox 2580 3630 2670 3685; x_wconf 83' lang='grc' dir='ltr'>καὶ</span> <span class='ocrx_word' id='word_1_732' title='bbox 2729 3631 2805 3695; x_wconf 85' lang='grc' dir='ltr'>ὡς</span> <span class='ocrx_word' id='word_1_733' title='bbox 2865 3630 3168 3709; x_wconf 83' lang='grc' dir='ltr'>βασιλεύων</span> <span class='ocrx_word' id='word_1_734' title='bbox 3213 3631 3303 3687; x_wconf 85' lang='grc' dir='ltr'>καί</span> <span class='ocrx_word' id='word_1_735' title='bbox 3350 3632 3623 3709; x_wconf 85' lang='grc' dir='ltr'>κυριεύων</span> <span class='ocrx_word' id='word_1_736' title='bbox 3675 3635 3810 3688; x_wconf 76' lang='grc' dir='ltr'>πάν-</span> 
     </span>
    </p>
   </div>
   <div class='ocr_carea' id='block_1_98' title="bbox 2153 3716 2680 3790">
    <p class='ocr_par' dir='ltr' id='par_1_98' title="bbox 2153 3716 2680 3790">
     <span class='ocr_line' id='line_1_100' title="bbox 2153 3716 2680 3790; baseline 0.002 -16"><span class='ocrx_word' id='word_1_737' title='bbox 2153 3738 2261 3774; x_wconf 89' lang='grc' dir='ltr'>των</span> <span class='ocrx_word' id='word_1_738' title='bbox 2290 3724 2398 3774; x_wconf 87' lang='grc' dir='ltr'>τῶν</span> <span class='ocrx_word' id='word_1_739' title='bbox 2431 3716 2680 3790; x_wconf 88' lang='grc' dir='ltr'>ἐνδόξων.</span> 
     </span>
    </p>
   </div>
   <div class='ocr_carea' id='block_1_99' title="bbox 2232 3805 3814 3886">
    <p class='ocr_par' dir='ltr' id='par_1_99' title="bbox 2232 3805 3814 3886">
     <span class='ocr_line' id='line_1_101' title="bbox 2232 3805 3814 3886; baseline 0.003 -26"><span class='ocrx_word' id='word_1_740' title='bbox 2232 3831 2261 3860; x_wconf 85' lang='grc'>‹‹</span> <span class='ocrx_word' id='word_1_741' title='bbox 2291 3806 2492 3884; x_wconf 91' lang='grc' dir='ltr'>Κύριος</span> <span class='ocrx_word' id='word_1_742' title='bbox 2523 3809 2777 3885; x_wconf 83' lang='grc' dir='ltr'>κραταιὸς</span> <span class='ocrx_word' id='word_1_743' title='bbox 2802 3808 2892 3862; x_wconf 79' lang='grc' dir='ltr'>καὶ</span> <span class='ocrx_word' id='word_1_744' title='bbox 2941 3805 3181 3880; x_wconf 76' lang='grc' dir='ltr'>δυνατὸς,</span> <span class='ocrx_word' id='word_1_745' title='bbox 3230 3807 3426 3886; x_wconf 82' lang='grc' dir='ltr'>Κύριος</span> <span class='ocrx_word' id='word_1_746' title='bbox 3476 3807 3708 3874; x_wconf 82' lang='grc' dir='ltr'>δυνατὸς</span> <span class='ocrx_word' id='word_1_747' title='bbox 3761 3811 3814 3867; x_wconf 82' lang='grc' dir='ltr'>έν</span> 
     </span>
    </p>
   </div>
   <div class='ocr_carea' id='block_1_100' title="bbox 2157 3895 3813 3975">
    <p class='ocr_par' dir='ltr' id='par_1_100' title="bbox 2157 3895 3813 3975">
     <span class='ocr_line' id='line_1_102' title="bbox 2157 3895 3813 3975; baseline 0.002 -23"><span class='ocrx_word' id='word_1_748' title='bbox 2157 3895 2409 3970; x_wconf 83' lang='grc' dir='ltr'>πολέμῳ.</span> <span class='ocrx_word' id='word_1_749' title='bbox 2444 3919 2473 3950; x_wconf 84' lang='grc'><strong>››</strong></span> <span class='ocrx_word' id='word_1_750' title='bbox 2505 3929 2575 3938; x_wconf 92' lang='grc'><strong><em>-</em></strong></span> <span class='ocrx_word' id='word_1_751' title='bbox 2622 3896 2975 3959; x_wconf 83' lang='grc' dir='ltr'>’Δκούσαντες</span> <span class='ocrx_word' id='word_1_752' title='bbox 3021 3898 3072 3951; x_wconf 81' lang='grc' dir='ltr'>οἱ</span> <span class='ocrx_word' id='word_1_753' title='bbox 3129 3895 3390 3975; x_wconf 80' lang='grc' dir='ltr'>ἄρχοντες</span> <span class='ocrx_word' id='word_1_754' title='bbox 3445 3904 3555 3954; x_wconf 86' lang='grc' dir='ltr'>τῶν</span> <span class='ocrx_word' id='word_1_755' title='bbox 3620 3899 3813 3956; x_wconf 79' lang='grc' dir='ltr'>πυλῶν</span> 
     </span>
    </p>
   </div>
   <div class='ocr_carea' id='block_1_101' title="bbox 2159 3983 3815 4064">
    <p class='ocr_par' dir='ltr' id='par_1_101' title="bbox 2159 3983 3815 4064">
     <span class='ocr_line' id='line_1_103' title="bbox 2159 3983 3815 4064; baseline 0.002 -24"><span class='ocrx_word' id='word_1_756' title='bbox 2159 3983 2593 4061; x_wconf 80' lang='grc' dir='ltr'>ἐξηπορήθησαν.</span> <span class='ocrx_word' id='word_1_757' title='bbox 2643 3985 2732 4040; x_wconf 80' lang='grc' dir='ltr'>οἶα</span> <span class='ocrx_word' id='word_1_758' title='bbox 2779 3983 2938 4058; x_wconf 88' lang='grc' dir='ltr'>μόνον</span> <span class='ocrx_word' id='word_1_759' title='bbox 2979 3985 3070 4040; x_wconf 87' lang='grc' dir='ltr'>τὸν</span> <span class='ocrx_word' id='word_1_760' title='bbox 3117 3986 3246 4041; x_wconf 82' lang='grc' dir='ltr'>Θεὸν</span> <span class='ocrx_word' id='word_1_761' title='bbox 3305 3983 3512 4050; x_wconf 82' lang='grc' dir='ltr'>εἰδότες</span> <span class='ocrx_word' id='word_1_762' title='bbox 3582 3987 3815 4064; x_wconf 84' lang='grc' dir='ltr'>βασιλέα</span> 
     </span>
    </p>
   </div>
   <div class='ocr_carea' id='block_1_102' title="bbox 2155 4071 3814 4154">
    <p class='ocr_par' dir='ltr' id='par_1_102' title="bbox 2155 4071 3814 4154">
     <span class='ocr_line' id='line_1_104' title="bbox 2155 4071 3814 4154; baseline 0.002 -25"><span class='ocrx_word' id='word_1_763' title='bbox 2155 4080 2256 4144; x_wconf 85' lang='grc' dir='ltr'>τῆς</span> <span class='ocrx_word' id='word_1_764' title='bbox 2308 4071 2491 4144; x_wconf 85' lang='grc' dir='ltr'>δόξης’</span> <span class='ocrx_word' id='word_1_765' title='bbox 2544 4073 2602 4128; x_wconf 81' lang='grc' dir='ltr'>ὅν</span> <span class='ocrx_word' id='word_1_766' title='bbox 2647 4072 2698 4129; x_wconf 82' lang='grc' dir='ltr'>ἐν</span> <span class='ocrx_word' id='word_1_767' title='bbox 2743 4074 2917 4150; x_wconf 76' lang='grc' dir='ltr'>τρισὶν</span> <span class='ocrx_word' id='word_1_768' title='bbox 2964 4073 3315 4130; x_wconf 80' lang='grc' dir='ltr'>ὑποστάσεσιν</span> <span class='ocrx_word' id='word_1_769' title='bbox 3342 4071 3490 4148; x_wconf 79' lang='grc' dir='ltr'>ὄντα,</span> <span class='ocrx_word' id='word_1_770' title='bbox 3522 4076 3616 4132; x_wconf 83' lang='grc' dir='ltr'>τὸν</span> <span class='ocrx_word' id='word_1_771' title='bbox 3656 4078 3814 4154; x_wconf 81' lang='grc' dir='ltr'>ὑπερ-</span> 
     </span>
    </p>
   </div>
   <div class='ocr_carea' id='block_1_103' title="bbox 2159 4159 3809 4238">
    <p class='ocr_par' dir='ltr' id='par_1_103' title="bbox 2159 4159 3809 4238">
     <span class='ocr_line' id='line_1_105' title="bbox 2159 4159 3809 4238; baseline 0.001 -20"><span class='ocrx_word' id='word_1_772' title='bbox 2159 4163 2407 4238; x_wconf 81' lang='grc' dir='ltr'>ουράνιον</span> <span class='ocrx_word' id='word_1_773' title='bbox 2447 4161 2616 4218; x_wconf 87' lang='grc' dir='ltr'>τόπον</span> <span class='ocrx_word' id='word_1_774' title='bbox 2665 4159 3009 4218; x_wconf 79' lang='grc' dir='ltr'>πύοσεδόκων</span> <span class='ocrx_word' id='word_1_775' title='bbox 3057 4162 3242 4221; x_wconf 85' lang='grc' dir='ltr'>οἰκεῖν.</span> <span class='ocrx_word' id='word_1_776' title='bbox 3290 4161 3518 4227; x_wconf 76' lang='grc' dir='ltr'>’Ἄλλως</span> <span class='ocrx_word' id='word_1_777' title='bbox 3563 4187 3628 4221; x_wconf 77' lang='grc' dir='ltr'>τε</span> <span class='ocrx_word' id='word_1_778' title='bbox 3655 4167 3743 4222; x_wconf 82' lang='grc' dir='ltr'>καὶ</span> <span class='ocrx_word' id='word_1_779' title='bbox 3775 4169 3809 4236; x_wconf 75' lang='grc' dir='ltr'><strong>ἡ</strong></span> 
     </span>
    </p>
   </div>
   <div class='ocr_carea' id='block_1_104' title="bbox 2157 4245 3813 4330">
    <p class='ocr_par' dir='ltr' id='par_1_104' title="bbox 2157 4245 3813 4330">
     <span class='ocr_line' id='line_1_106' title="bbox 2157 4245 3813 4330; baseline 0.003 -24"><span class='ocrx_word' id='word_1_780' title='bbox 2157 4245 2428 4328; x_wconf 82' lang='grc' dir='ltr'>περιϐολὴ</span> <span class='ocrx_word' id='word_1_781' title='bbox 2479 4257 2580 4320; x_wconf 80' lang='grc' dir='ltr'>τῆς</span> <span class='ocrx_word' id='word_1_782' title='bbox 2629 4252 2824 4327; x_wconf 88' lang='grc' dir='ltr'>σαρκὸς</span> <span class='ocrx_word' id='word_1_783' title='bbox 2872 4249 3165 4324; x_wconf 77' lang='grc' dir='ltr'>ἐξέπληττε</span> <span class='ocrx_word' id='word_1_784' title='bbox 3219 4251 3473 4325; x_wconf 84' lang='grc' dir='ltr'>τούτους,</span> <span class='ocrx_word' id='word_1_785' title='bbox 3521 4253 3648 4320; x_wconf 74' lang='grc' dir='ltr'>ὅθεν</span> <span class='ocrx_word' id='word_1_786' title='bbox 3676 4255 3813 4330; x_wconf 76' lang='grc' dir='ltr'>ἐρω-</span> 
     </span>
    </p>
   </div>
   <div class='ocr_carea' id='block_1_105' title="bbox 2155 4338 2887 4401">
    <p class='ocr_par' dir='ltr' id='par_1_105' title="bbox 2155 4338 2887 4401">
     <span class='ocr_line' id='line_1_107' title="bbox 2155 4338 2887 4401; baseline 0.001 -6"><span class='ocrx_word' id='word_1_787' title='bbox 2155 4343 2322 4396; x_wconf 87' lang='grc' dir='ltr'>τῶσιν</span> <span class='ocrx_word' id='word_1_788' title='bbox 2353 4339 2441 4395; x_wconf 85' lang='grc' dir='ltr'>καὶ</span> <span class='ocrx_word' id='word_1_789' title='bbox 2468 4338 2622 4401; x_wconf 82' lang='grc' dir='ltr'>αὖθις</span> <span class='ocrx_word' id='word_1_790' title='bbox 2651 4338 2887 4396; x_wconf 86' lang='grc' dir='ltr'>ἀκούειν.</span> 
     </span>
    </p>
   </div>
   <div class='ocr_carea' id='block_1_106' title="bbox 2231 4426 3810 4510">
    <p class='ocr_par' dir='ltr' id='par_1_106' title="bbox 2231 4426 3810 4510">
     <span class='ocr_line' id='line_1_108' title="bbox 2231 4426 3810 4510; baseline 0.005 -30"><span class='ocrx_word' id='word_1_791' title='bbox 2231 4453 2260 4480; x_wconf 89' lang='grc'>‹‹</span> <span class='ocrx_word' id='word_1_792' title='bbox 2290 4431 2492 4506; x_wconf 82' lang='grc' dir='ltr'>’Ἀρατε</span> <span class='ocrx_word' id='word_1_793' title='bbox 2519 4426 2719 4500; x_wconf 82' lang='grc' dir='ltr'>πύλας,</span> <span class='ocrx_word' id='word_1_794' title='bbox 2753 4430 2806 4483; x_wconf 72' lang='grc' dir='ltr'>οἱ</span> <span class='ocrx_word' id='word_1_795' title='bbox 2831 4427 3117 4505; x_wconf 79' lang='grc' dir='ltr'>ἄρχοντες,</span> <span class='ocrx_word' id='word_1_796' title='bbox 3150 4429 3328 4504; x_wconf 81' lang='grc' dir='ltr'>ὑμῶν,</span> <span class='ocrx_word' id='word_1_797' title='bbox 3377 4431 3469 4486; x_wconf 84' lang='grc' dir='ltr'>καὶ</span> <span class='ocrx_word' id='word_1_798' title='bbox 3519 4431 3810 4510; x_wconf 66' lang='grc' dir='ltr'>ἐπάρθηπ,</span> 
     </span>
    </p>
   </div>
   <div class='ocr_carea' id='block_1_107' title="bbox 2157 4515 3810 4595">
    <p class='ocr_par' dir='ltr' id='par_1_107' title="bbox 2157 4515 3810 4595">
     <span class='ocr_line' id='line_1_109' title="bbox 2157 4515 3810 4595; baseline 0.003 -23"><span class='ocrx_word' id='word_1_799' title='bbox 2157 4515 2327 4572; x_wconf 86' lang='grc' dir='ltr'>πύλαι</span> <span class='ocrx_word' id='word_1_800' title='bbox 2406 4515 2639 4589; x_wconf 86' lang='grc' dir='ltr'>αἰώνιοι,</span> <span class='ocrx_word' id='word_1_801' title='bbox 2707 4517 2797 4572; x_wconf 86' lang='grc' dir='ltr'>καὶ</span> <span class='ocrx_word' id='word_1_802' title='bbox 2855 4517 3214 4574; x_wconf 84' lang='grc' dir='ltr'>εἰσελεύσεται</span> <span class='ocrx_word' id='word_1_803' title='bbox 3269 4521 3297 4574; x_wconf 90' lang='lat'>6</span> <span class='ocrx_word' id='word_1_804' title='bbox 3379 4519 3639 4595; x_wconf 84' lang='grc' dir='ltr'>βασιλεὺς</span> <span class='ocrx_word' id='word_1_805' title='bbox 3711 4530 3810 4591; x_wconf 79' lang='grc' dir='ltr'>τῆς</span> 
     </span>
    </p>
   </div>
   <div class='ocr_carea' id='block_1_108' title="bbox 2403 4606 3814 4682">
    <p class='ocr_par' dir='ltr' id='par_1_108' title="bbox 2403 4606 3814 4682">
     <span class='ocr_line' id='line_1_110' title="bbox 2403 4606 3814 4682; baseline 0.004 -22"><span class='ocrx_word' id='word_1_806' title='bbox 2403 4630 2432 4660; x_wconf 71' lang='grc' dir='ltr'>›ι</span> <span class='ocrx_word' id='word_1_807' title='bbox 2492 4640 2558 4650; x_wconf 92' lang='grc'><strong>-</strong></span> <span class='ocrx_word' id='word_1_808' title='bbox 2614 4608 2672 4661; x_wconf 79' lang='grc' dir='ltr'>Ὀ</span> <span class='ocrx_word' id='word_1_809' title='bbox 2728 4606 2924 4680; x_wconf 88' lang='grc' dir='ltr'>Κύριός</span> <span class='ocrx_word' id='word_1_810' title='bbox 2983 4606 3124 4662; x_wconf 66' lang='grc' dir='ltr'>ἐστιν</span> <span class='ocrx_word' id='word_1_811' title='bbox 3175 4607 3235 4662; x_wconf 77' lang='grc' dir='ltr'>δν</span> <span class='ocrx_word' id='word_1_812' title='bbox 3285 4606 3468 4664; x_wconf 76' lang='grc' dir='ltr'>οἴδατε</span> <span class='ocrx_word' id='word_1_813' title='bbox 3497 4610 3814 4682; x_wconf 75' lang='grc' dir='ltr'>ὁκραταιὸς</span> 
     </span>
    </p>
   </div>
   <div class='ocr_carea' id='block_1_109' title="bbox 2083 4677 3811 4773">
    <p class='ocr_par' dir='ltr' id='par_1_109' title="bbox 2083 4677 3811 4773">
     <span class='ocr_line' id='line_1_111' title="bbox 2083 4677 3811 4773; baseline 0.001 -23"><span class='ocrx_word' id='word_1_814' title='bbox 2083 4677 2249 4750; x_wconf 58' lang='lat' dir='ltr'>Dxa}.</span> <span class='ocrx_word' id='word_1_815' title='bbox 2305 4693 2550 4757; x_wconf 89' lang='grc' dir='ltr'>δυνατός.</span> <span class='ocrx_word' id='word_1_816' title='bbox 2612 4695 2741 4750; x_wconf 80' lang='grc' dir='ltr'>Εἶτα</span> <span class='ocrx_word' id='word_1_817' title='bbox 2791 4677 2958 4751; x_wconf 84' lang='grc' dir='ltr'>πάλιν</span> <span class='ocrx_word' id='word_1_818' title='bbox 3019 4697 3048 4750; x_wconf 90' lang='lat'>6</span> <span class='ocrx_word' id='word_1_819' title='bbox 3105 4695 3303 4773; x_wconf 79' lang='grc' dir='ltr'>Κὸριος</span> <span class='ocrx_word' id='word_1_820' title='bbox 3362 4700 3391 4753; x_wconf 90' lang='lat'>6</span> <span class='ocrx_word' id='word_1_821' title='bbox 3474 4677 3701 4761; x_wconf 72' lang='grc' dir='ltr'>δυνατὸς</span> <span class='ocrx_word' id='word_1_822' title='bbox 3761 4699 3811 4755; x_wconf 77' lang='grc' dir='ltr'>ἐν</span> 
     </span>
    </p>
   </div>
   <div class='ocr_carea' id='block_1_110' title="bbox 2157 4782 3805 4865">
    <p class='ocr_par' dir='ltr' id='par_1_110' title="bbox 2157 4782 3805 4865">
     <span class='ocr_line' id='line_1_112' title="bbox 2157 4782 3805 4865; baseline 0.001 -25"><span class='ocrx_word' id='word_1_823' title='bbox 2157 4784 2448 4858; x_wconf 85' lang='grc' dir='ltr'>πολέμοις.</span> <span class='ocrx_word' id='word_1_824' title='bbox 2526 4785 2589 4844; x_wconf 84' lang='grc' dir='ltr'><strong>Ἦ</strong></span> <span class='ocrx_word' id='word_1_825' title='bbox 2662 4782 2720 4840; x_wconf 69' lang='grc' dir='ltr'>δὲ</span> <span class='ocrx_word' id='word_1_826' title='bbox 2783 4783 3155 4848; x_wconf 83' lang='grc' dir='ltr'>ἀναδίπλωσις</span> <span class='ocrx_word' id='word_1_827' title='bbox 3238 4786 3314 4848; x_wconf 87' lang='grc' dir='ltr'>εἰς</span> <span class='ocrx_word' id='word_1_828' title='bbox 3397 4787 3805 4865; x_wconf 80' lang='grc' dir='ltr'>ἀναγνωρισμὸν</span> 
     </span>
    </p>
   </div>
   <div class='ocr_carea' id='block_1_111' title="bbox 2157 4871 3806 4949">
    <p class='ocr_par' dir='ltr' id='par_1_111' title="bbox 2157 4871 3806 4949">
     <span class='ocr_line' id='line_1_113' title="bbox 2157 4871 3806 4949; baseline 0.001 -20"><span class='ocrx_word' id='word_1_829' title='bbox 2157 4872 2351 4935; x_wconf 74' lang='grc' dir='ltr'>αὐτοὺς</span> <span class='ocrx_word' id='word_1_830' title='bbox 2409 4871 2550 4949; x_wconf 79' lang='grc' dir='ltr'>ἄγει.</span> <span class='ocrx_word' id='word_1_831' title='bbox 2606 4877 2758 4946; x_wconf 77' lang='grc' dir='ltr'>’Ἅμα</span> <span class='ocrx_word' id='word_1_832' title='bbox 2815 4871 2876 4928; x_wconf 74' lang='grc' dir='ltr'>δὲ</span> <span class='ocrx_word' id='word_1_833' title='bbox 2901 4873 2992 4929; x_wconf 77' lang='grc' dir='ltr'>καὶ</span> <span class='ocrx_word' id='word_1_834' title='bbox 3045 4873 3259 4948; x_wconf 85' lang='grc' dir='ltr'>ἐξυμνεῖ</span> <span class='ocrx_word' id='word_1_835' title='bbox 3325 4877 3426 4944; x_wconf 74' lang='grc' dir='ltr'>τὴν</span> <span class='ocrx_word' id='word_1_836' title='bbox 3499 4878 3641 4932; x_wconf 75' lang='grc' dir='ltr'>κατὰ</span> <span class='ocrx_word' id='word_1_837' title='bbox 3710 4882 3806 4933; x_wconf 83' lang='grc' dir='ltr'>τοῦ</span> 
     </span>
    </p>
   </div>
   <div class='ocr_carea' id='block_1_112' title="bbox 2155 4959 3808 5040">
    <p class='ocr_par' dir='ltr' id='par_1_112' title="bbox 2155 4959 3808 5040">
     <span class='ocr_line' id='line_1_114' title="bbox 2155 4959 3808 5040; baseline 0.002 -22"><span class='ocrx_word' id='word_1_838' title='bbox 2155 4961 2414 5040; x_wconf 85' lang='grc' dir='ltr'>τυράννου</span> <span class='ocrx_word' id='word_1_839' title='bbox 2461 4962 2635 5033; x_wconf 82' lang='grc' dir='ltr'>νίκην·</span> <span class='ocrx_word' id='word_1_840' title='bbox 2684 4963 2731 5035; x_wconf 80' lang='grc' dir='ltr'>ᾧ</span> <span class='ocrx_word' id='word_1_841' title='bbox 2776 4961 3100 5036; x_wconf 66' lang='grc' dir='ltr'>πολεμήσας</span> <span class='ocrx_word' id='word_1_842' title='bbox 3147 4959 3541 5039; x_wconf 81' lang='grc' dir='ltr'>προσϐαλόντι,</span> <span class='ocrx_word' id='word_1_843' title='bbox 3590 4966 3808 5023; x_wconf 52' lang='lat' dir='ltr'>mhi}:</span> 
     </span>
    </p>
   </div>
   <div class='ocr_carea' id='block_1_113' title="bbox 2155 5049 3516 5128">
    <p class='ocr_par' dir='ltr' id='par_1_113' title="bbox 2155 5049 3516 5128">
     <span class='ocr_line' id='line_1_115' title="bbox 2155 5049 3516 5128; baseline 0.005 -23"><span class='ocrx_word' id='word_1_844' title='bbox 2155 5049 2246 5106; x_wconf 78' lang='grc' dir='ltr'>καὶ</span> <span class='ocrx_word' id='word_1_845' title='bbox 2271 5055 2351 5123; x_wconf 80' lang='grc' dir='ltr'>τῷ</span> <span class='ocrx_word' id='word_1_846' title='bbox 2379 5054 2593 5126; x_wconf 86' lang='grc' dir='ltr'>σταυρῷ</span> <span class='ocrx_word' id='word_1_847' title='bbox 2622 5050 2864 5126; x_wconf 78' lang='grc' dir='ltr'>καθάπερ</span> <span class='ocrx_word' id='word_1_848' title='bbox 2892 5049 3077 5128; x_wconf 82' lang='grc' dir='ltr'>δόρατι</span> <span class='ocrx_word' id='word_1_849' title='bbox 3109 5053 3516 5124; x_wconf 84' lang='grc' dir='ltr'>κατηκόντισεν.</span> 
     </span>
    </p>
   </div>
   <div class='ocr_carea' id='block_1_114' title="bbox 2228 5138 3808 5220">
    <p class='ocr_par' dir='ltr' id='par_1_114' title="bbox 2228 5138 3808 5220">
     <span class='ocr_line' id='line_1_116' title="bbox 2228 5138 3808 5220; baseline 0.003 -28"><span class='ocrx_word' id='word_1_850' title='bbox 2228 5164 2256 5191; x_wconf 91' lang='grc'><em>‹‹</em></span> <span class='ocrx_word' id='word_1_851' title='bbox 2288 5139 2378 5201; x_wconf 92' lang='grc' dir='ltr'>Τίς</span> <span class='ocrx_word' id='word_1_852' title='bbox 2410 5138 2547 5194; x_wconf 85' lang='grc' dir='ltr'>ἐστιν</span> <span class='ocrx_word' id='word_1_853' title='bbox 2581 5139 2762 5209; x_wconf 77' lang='grc' dir='ltr'>οὗτος,</span> <span class='ocrx_word' id='word_1_854' title='bbox 2816 5141 2844 5194; x_wconf 92' lang='lat'>6</span> <span class='ocrx_word' id='word_1_855' title='bbox 2896 5139 3151 5217; x_wconf 76' lang='grc' dir='ltr'>βασιλεὺς</span> <span class='ocrx_word' id='word_1_856' title='bbox 3195 5148 3310 5212; x_wconf 78' lang='grc' dir='ltr'>τῆς</span> <span class='ocrx_word' id='word_1_857' title='bbox 3349 5140 3554 5214; x_wconf 78' lang='grc' dir='ltr'>ὂόξης;</span> <span class='ocrx_word' id='word_1_858' title='bbox 3606 5143 3808 5220; x_wconf 73' lang='grc' dir='ltr'>Κύριος</span> 
     </span>
    </p>
   </div>
   <div class='ocr_carea' id='block_1_115' title="bbox 2153 5225 3806 5308">
    <p class='ocr_par' dir='ltr' id='par_1_115' title="bbox 2153 5225 3806 5308">
     <span class='ocr_line' id='line_1_117' title="bbox 2153 5225 3806 5308; baseline 0.001 -24"><span class='ocrx_word' id='word_1_859' title='bbox 2153 5231 2261 5284; x_wconf 90' lang='grc' dir='ltr'>τῶν</span> <span class='ocrx_word' id='word_1_860' title='bbox 2327 5225 2624 5302; x_wconf 82' lang='grc' dir='ltr'>δυνάμεων.</span> <span class='ocrx_word' id='word_1_861' title='bbox 2679 5251 2713 5280; x_wconf 66' lang='grc' dir='ltr'>η.</span> <span class='ocrx_word' id='word_1_862' title='bbox 2775 5260 2843 5273; x_wconf 92' lang='lat'><em>--</em></span> <span class='ocrx_word' id='word_1_863' title='bbox 2904 5229 3142 5303; x_wconf 82' lang='grc' dir='ltr'>Ὁμοίως</span> <span class='ocrx_word' id='word_1_864' title='bbox 3207 5230 3503 5308; x_wconf 85' lang='grc' dir='ltr'>ἀποροῦσιν</span> <span class='ocrx_word' id='word_1_865' title='bbox 3567 5233 3806 5292; x_wconf 74' lang='grc' dir='ltr'>κάκεῖνοι</span> 
     </span>
    </p>
   </div>
   <div class='ocr_carea' id='block_1_116' title="bbox 2153 5315 3248 5381">
    <p class='ocr_par' dir='ltr' id='par_1_116' title="bbox 2153 5315 3248 5381">
     <span class='ocr_line' id='line_1_118' title="bbox 2153 5315 3248 5381; baseline 0.003 -8"><span class='ocrx_word' id='word_1_866' title='bbox 2153 5317 2244 5373; x_wconf 76' lang='grc' dir='ltr'>καὶ</span> <span class='ocrx_word' id='word_1_867' title='bbox 2272 5315 2400 5380; x_wconf 78' lang='grc' dir='ltr'>τοὺς</span> <span class='ocrx_word' id='word_1_868' title='bbox 2429 5316 2790 5381; x_wconf 82' lang='grc' dir='ltr'>πυνθάνονται</span> <span class='ocrx_word' id='word_1_869' title='bbox 2817 5316 2907 5374; x_wconf 80' lang='grc' dir='ltr'>καὶ</span> <span class='ocrx_word' id='word_1_870' title='bbox 2937 5318 3248 5378; x_wconf 82' lang='grc' dir='ltr'>ἀκούουσιν.</span> 
     </span>
    </p>
   </div>
   <div class='ocr_carea' id='block_1_117' title="bbox 2225 5403 3804 5482">
    <p class='ocr_par' dir='ltr' id='par_1_117' title="bbox 2225 5403 3804 5482">
     <span class='ocr_line' id='line_1_119' title="bbox 2225 5403 3804 5482; baseline 0.002 -20"><span class='ocrx_word' id='word_1_871' title='bbox 2225 5403 2325 5464; x_wconf 77' lang='grc' dir='ltr'>κδ“.</span> <span class='ocrx_word' id='word_1_872' title='bbox 2363 5430 2384 5458; x_wconf 80' lang='grc' dir='ltr'>σ</span> <span class='ocrx_word' id='word_1_873' title='bbox 2439 5405 2612 5470; x_wconf 75' lang='grc' dir='ltr'>Αὐτός</span> <span class='ocrx_word' id='word_1_874' title='bbox 2662 5406 2800 5464; x_wconf 84' lang='grc' dir='ltr'>ἐστιν</span> <span class='ocrx_word' id='word_1_875' title='bbox 2852 5407 2882 5463; x_wconf 90' lang='lat'>6</span> <span class='ocrx_word' id='word_1_876' title='bbox 2931 5405 3187 5482; x_wconf 78' lang='grc' dir='ltr'>βασιλεὺς</span> <span class='ocrx_word' id='word_1_877' title='bbox 3233 5410 3338 5476; x_wconf 77' lang='grc' dir='ltr'>τῆς</span> <span class='ocrx_word' id='word_1_878' title='bbox 3367 5406 3556 5480; x_wconf 77' lang='grc' dir='ltr'>δόξης.</span> <span class='ocrx_word' id='word_1_879' title='bbox 3592 5433 3624 5463; x_wconf 91' lang='grc'><strong>››</strong></span> <span class='ocrx_word' id='word_1_880' title='bbox 3658 5443 3724 5456; x_wconf 91' lang='grc'><strong>--</strong></span> <span class='ocrx_word' id='word_1_881' title='bbox 3750 5410 3804 5465; x_wconf 78' lang='grc'>’0</span> 
     </span>
    </p>
   </div>
   <div class='ocr_carea' id='block_1_118' title="bbox 2157 5492 3800 5570">
    <p class='ocr_par' dir='ltr' id='par_1_118' title="bbox 2157 5492 3800 5570">
     <span class='ocr_line' id='line_1_120' title="bbox 2157 5492 3800 5570; baseline 0.001 -20"><span class='ocrx_word' id='word_1_882' title='bbox 2157 5492 2378 5556; x_wconf 87' lang='grc' dir='ltr'>δυνατὸς</span> <span class='ocrx_word' id='word_1_883' title='bbox 2429 5493 2632 5570; x_wconf 88' lang='grc' dir='ltr'>Κύριος</span> <span class='ocrx_word' id='word_1_884' title='bbox 2684 5496 2712 5551; x_wconf 89' lang='lat'>6</span> <span class='ocrx_word' id='word_1_885' title='bbox 2773 5493 3028 5570; x_wconf 74' lang='grc' dir='ltr'>βασιλεὺς</span> <span class='ocrx_word' id='word_1_886' title='bbox 3086 5500 3194 5552; x_wconf 87' lang='grc' dir='ltr'>τῶν</span> <span class='ocrx_word' id='word_1_887' title='bbox 3255 5493 3559 5569; x_wconf 83' lang='grc' dir='ltr'>δυνάμεων,</span> <span class='ocrx_word' id='word_1_888' title='bbox 3621 5496 3662 5569; x_wconf 69' lang='grc' dir='ltr'>ἤ</span> <span class='ocrx_word' id='word_1_889' title='bbox 3716 5498 3800 5556; x_wconf 78' lang='grc' dir='ltr'>καὶ</span> 
     </span>
    </p>
   </div>
   <div class='ocr_carea' id='block_1_119' title="bbox 2157 5579 3800 5663">
    <p class='ocr_par' dir='ltr' id='par_1_119' title="bbox 2157 5579 3800 5663">
     <span class='ocr_line' id='line_1_121' title="bbox 2157 5579 3800 5663; baseline 0.001 -23"><span class='ocrx_word' id='word_1_890' title='bbox 2157 5581 2422 5654; x_wconf 90' lang='grc' dir='ltr'>δεσπότης</span> <span class='ocrx_word' id='word_1_891' title='bbox 2482 5587 2588 5638; x_wconf 89' lang='grc' dir='ltr'>τῶν</span> <span class='ocrx_word' id='word_1_892' title='bbox 2639 5579 2892 5656; x_wconf 88' lang='grc' dir='ltr'>δυνατῶν,</span> <span class='ocrx_word' id='word_1_893' title='bbox 2943 5583 3102 5647; x_wconf 81' lang='grc' dir='ltr'>αὐτός</span> <span class='ocrx_word' id='word_1_894' title='bbox 3155 5583 3293 5639; x_wconf 86' lang='grc' dir='ltr'>ἐστιν</span> <span class='ocrx_word' id='word_1_895' title='bbox 3339 5586 3370 5640; x_wconf 81' lang='lat'>6</span> <span class='ocrx_word' id='word_1_896' title='bbox 3422 5585 3800 5663; x_wconf 73' lang='grc' dir='ltr'>καταγγελλόο</span> 
     </span>
    </p>
   </div>
   <div class='ocr_carea' id='block_1_120' title="bbox 2159 5669 3798 5751">
    <p class='ocr_par' dir='ltr' id='par_1_120' title="bbox 2159 5669 3798 5751">
     <span class='ocr_line' id='line_1_122' title="bbox 2159 5669 3798 5751; baseline 0 -22"><span class='ocrx_word' id='word_1_897' title='bbox 2159 5694 2320 5748; x_wconf 87' lang='grc' dir='ltr'>μενος</span> <span class='ocrx_word' id='word_1_898' title='bbox 2369 5673 2495 5748; x_wconf 86' lang='grc' dir='ltr'>παρ’</span> <span class='ocrx_word' id='word_1_899' title='bbox 2552 5674 2710 5745; x_wconf 83' lang='grc' dir='ltr'>ἡμῶν</span> <span class='ocrx_word' id='word_1_900' title='bbox 2766 5671 3021 5748; x_wconf 80' lang='grc' dir='ltr'>βασιλεὺς</span> <span class='ocrx_word' id='word_1_901' title='bbox 3060 5675 3158 5742; x_wconf 78' lang='grc' dir='ltr'>τῆς</span> <span class='ocrx_word' id='word_1_902' title='bbox 3211 5669 3391 5744; x_wconf 83' lang='grc' dir='ltr'>δόξης.</span> <span class='ocrx_word' id='word_1_903' title='bbox 3440 5677 3562 5749; x_wconf 72' lang='grc' dir='ltr'>Χρή</span> <span class='ocrx_word' id='word_1_904' title='bbox 3616 5674 3673 5734; x_wconf 67' lang='grc' dir='ltr'>δὶ</span> <span class='ocrx_word' id='word_1_905' title='bbox 3710 5697 3798 5751; x_wconf 77' lang='grc' dir='ltr'>γι-</span> 
     </span>
    </p>
   </div>
   <div class='ocr_carea' id='block_1_121' title="bbox 2155 5757 3792 5841">
    <p class='ocr_par' dir='ltr' id='par_1_121' title="bbox 2155 5757 3792 5841">
     <span class='ocr_line' id='line_1_123' title="bbox 2155 5757 3792 5841; baseline 0.003 -25"><span class='ocrx_word' id='word_1_906' title='bbox 2155 5763 2379 5819; x_wconf 85' lang='grc' dir='ltr'>νώσκειν</span> <span class='ocrx_word' id='word_1_907' title='bbox 2428 5761 2505 5824; x_wconf 87' lang='grc' dir='ltr'>ὡς</span> <span class='ocrx_word' id='word_1_908' title='bbox 2553 5761 2604 5817; x_wconf 81' lang='grc' dir='ltr'>οἱ</span> <span class='ocrx_word' id='word_1_909' title='bbox 2650 5757 2894 5837; x_wconf 71' lang='grc' dir='ltr'>Ἑϐραῖοι</span> <span class='ocrx_word' id='word_1_910' title='bbox 2942 5760 3031 5823; x_wconf 71' lang='grc' dir='ltr'>καὶ</span> <span class='ocrx_word' id='word_1_911' title='bbox 3068 5761 3160 5818; x_wconf 87' lang='grc' dir='ltr'>τὸν</span> <span class='ocrx_word' id='word_1_912' title='bbox 3189 5761 3683 5841; x_wconf 62' lang='grc' dir='ltr'>παρόντα,ψώμὸν</span> <span class='ocrx_word' id='word_1_913' title='bbox 3712 5763 3792 5824; x_wconf 58' lang='grc' dir='ltr'>καὶ</span> 
     </span>
    </p>
   </div>
  </div>
