3988 6436
311 450 469 518 "35

1545 455 1971 524 NICEPHORI
2013 457 2452 525 BLEMMIDE

3570 448 3744 514 M36

313 581 635 660 ἐπηγγείλω
689 579 739 641 ἐν
797 590 877 660 τῷ
929 582 1083 663 νόμῳ
1135 575 1266 652 τοῦς
1328 586 1644 668 εύαρεστοῦν
1702 590 1797 655 τάς
1873 614 1957 648 σοι
1988 594 2042 663 Α
2072 591 2256 649 αὐτοῦ.
2317 615 2346 645 ››
2407 626 2473 638 -
2523 591 2708 662 Σκηνῆ
2758 589 2794 660 ἠ
2845 585 2964 656 θεία
3007 583 3202 659 σκέπη,
3231 579 3322 641 καὶ
3349 579 3564 655 ταύτης
3599 581 3744 639 ἀπό·

323 672 491 730 ἐλεεῖν
502 719 516 731 .

395 787 416 817 ι
478 763 724 838 Νίψομαι
784 764 834 820 ἐν
893 766 1092 830 ἀθώοις
1148 770 1244 831 τὰς
1296 770 1486 846 χεῖράς
1541 791 1666 842 μου,
1721 769 1811 826 καὶ
1867 792 1962 826 κυ-

320 851 527 909 κλώσω
571 854 635 908 τὸ
678 854 1055 928 θυσιαστήριόν
1107 877 1224 925 σου,
1274 856 1456 932 Κύριε.
1515 881 1543 908 »
1590 891 1661 900 —
1700 859 1772 914 Τὸ
1801 861 1962 914 καθα-

321 942 412 1016 ρὸν
471 949 574 1012 τῆς
623 940 978 1014 συνειδήσεως
1032 945 1085 999 οἱ
1129 943 1355 1000 παλαιοὶ
1413 945 1761 1024 ἐμφαίνοντες
1834 947 1964 1003 ἀπε-

316 1029 570 1086 νίπτοντο
589 1032 684 1094 τάς
716 1038 905 1108 χεῖρας
938 1031 1108 1088 ἔναντι
1138 1039 1233 1089 τοῦ
1262 1033 1529 1105 πλήθους,
1575 1035 1739 1092 ὁπότε
1769 1034 1966 1110 διαμα-

321 1119 611 1196 ρτύρασθαι
694 1119 891 1190 ἤθελον
975 1123 1196 1184 ἑαυτοὺς
1263 1123 1532 1180 ἐναντίους
1608 1125 1743 1180 εἶναί
1822 1146 1966 1187 τινος

320 1209 658 1284 πράγματος.
710 1215 793 1280 Φη
806 1210 884 1264 σὶν
932 1211 1022 1264 οὗν
1061 1212 1089 1266 6
1121 1210 1284 1267 Δαυῒδ
1314 1211 1398 1268 ὅτι
1433 1214 1568 1286 μετά
1590 1213 1783 1278 ἀθώων
1813 1214 1963 1288 νίψο-

325 1318 420 1370 μαι
449 1299 542 1359 τὰς
592 1297 784 1374 χεῖράς
835 1321 940 1373 μου
973 1301 1418 1378 μαρτυρούμενος
1449 1301 1531 1358 ὅτι
1563 1303 1801 1367 ἀναίτιος
1832 1303 1964 1358 εἶναι

322 1387 534 1440 πάντων
567 1387 640 1440 ὧν
669 1387 836 1446 εἶπον.

397 1478 562 1529 «Τοῦ
609 1475 831 1531 ἀκοῦσαί
880 1498 948 1551 με
989 1485 1171 1556 φωνῆς
1243 1478 1494 1542 αἰνέσεως
1555 1480 1645 1535 καὶ
1699 1477 1965 1556 διηγήσα-

328 1575 450 1628 σθαι
497 1565 670 1619 πάντα
711 1566 777 1621 τά
825 1567 1096 1639 θαυμάσιά
1141 1589 1258 1626 σου.
1312 1593 1341 1620 ››
1389 1600 1460 1612 —-
1504 1573 1665 1625 ’Ώστε
1715 1570 1804 1624 καὶ
1853 1592 1967 1646 φωο

322 1654 420 1721 νήν
480 1653 700 1708 ἀκοῦσαι
745 1655 1087 1721 καλλόντων,
1135 1655 1282 1712 ἀλλά
1335 1657 1423 1712 καί
1462 1657 1620 1713 αὐτὸν
1684 1658 1781 1732 ἐμὲ
1849 1661 1967 1714 ἀνα-

326 1745 527 1816 γνῶναι
582 1741 663 1814 τῷ
721 1741 839 1816 λαῷ
893 1745 960 1799 τὰ
1011 1742 1101 1799 διὰ
1152 1750 1260 1800 τῶν
1319 1751 1543 1824 Γραφῶν
1592 1746 1970 1822 κηρυττόμενα

328 1829 833 1907 μεγαλουργήματά
881 1855 977 1888 σου
1022 1833 1112 1889 καὶ
1163 1834 1230 1888 τὰ
1282 1834 1358 1897 εἰς
1407 1833 1506 1908 ἐμὲ
1540 1836 1806 1912 γενόμενα
1835 1835 1966 1908 ἐξει-

320 1938 390 1974 πε
398 1940 464 1978 ιν.

399 2032 427 2059 ‹‹
458 2008 639 2085 Κύριε,
724 2011 982 2086 ἠγάπησα
1057 2011 1372 2089 εὐπρέπειαν
1455 2013 1607 2069 οἴκου
1683 2035 1798 2087 σου,
1877 2012 1967 2070 καί

323 2096 489 2152 τόπον
517 2101 875 2172 σκηνώματος
908 2099 1068 2172 δόξης
1103 2123 1218 2158 σου.
1273 2125 1302 2153 ››
1358 2136 1427 2145 -
1466 2105 1574 2174 Τήν
1623 2105 1828 2176 σκηνὴν
1878 2102 1968 2159 διὰ

321 2187 530 2242 τούτων
560 2185 726 2259 δηλοῖ
751 2187 816 2260 ἤν
845 2187 1099 2264 ἐπεθύμει
1134 2188 1287 2250 ἰδεῖν.

397 2298 426 2325 ‹‹
465 2277 554 2344 Μὴ
616 2275 978 2352 συναπολέσῃς
1018 2279 1154 2352 μετά
1207 2275 1414 2336 ἀσεϐῶν
1466 2282 1566 2350 τήν
1614 2283 1799 2358 ψυχήν
1861 2303 1968 2354 μου

323 2363 414 2420 καὶ
467 2365 600 2437 μετά
649 2363 854 2440 ἀνδρῶν
903 2367 1148 2440 αἰμάτων
1193 2370 1292 2438 τὴν
1328 2372 1470 2441 ζωήν
1507 2392 1631 2444 μου.
1667 2394 1696 2422 ››
1726 2403 1795 2413 —
1822 2369 1966 2432 Τοὺς

325 2451 453 2525 παρ’
482 2452 562 2512 οἷς
593 2447 856 2528 διέτριϐεν
884 2451 1234 2532 ἀλλνφύλους
1265 2453 1449 2526 δηλοῖ.

401 2561 429 2589 ι(
459 2541 553 2594 Ὧν
629 2539 681 2595 ἐν
755 2543 940 2618 χερσὶν
1007 2543 1064 2597 αἱ
1145 2543 1388 2616 ἀνομὶαι,
1441 2547 1478 2615 ἡ
1565 2543 1712 2616 δεξιά
1794 2545 1970 2601 αὐτῶν

327 2625 577 2698 ἐπλήσθη
637 2626 876 2704 δωρεῶν.
931 2654 962 2683 ››
1006 2663 1078 2676 -
1122 2634 1216 2687 Ὠν
1270 2633 1351 2688 ἀεὶ
1397 2633 1695 2711 πρόχειρον
1737 2635 1801 2689 τὸ
1849 2635 1970 2689 ἀνο-

330 2721 450 2789 μεῖν
459 2757 472 2771 .

399 2827 429 2856 ‹‹
459 2809 514 2860 '0
560 2809 696 2868 ποῦς
740 2828 845 2880 μου
893 2804 1019 2880 ἔστη
1072 2810 1122 2865 ἐν
1173 2809 1422 2880 εὐθύτητι
1458 2830 1470 2843 ·
1533 2811 1584 2867 ἐν
1653 2809 1970 2884 ἐκκλησίαις

329 2890 615 2971 εὐλογήσω
670 2917 748 2970 σε,
798 2893 981 2974 Κύρὶε.
1042 2923 1071 2950 ››
1127 2933 1197 2943 —
1251 2902 1307 2956 Ὀ
1363 2905 1498 2963 ποῦς
1541 2907 1643 2970 τῆς
1690 2900 1970 2963 πολιτείας

329 3002 441 3126 μου
499 2981 743 3060 ήδράσθη
804 2985 856 3042 ἐν
911 2986 1166 3064 ὀρθότητι
1227 2989 1305 3063 μὴ
1361 2993 1792 3066 περιπατοῦντος
1846 3010 1970 3046 σκο-

372 3093 488 3126 ιως·

372 3093 488 3134 ιως·

927 3241 1223 3292 Immo}:
1263 3241 1371 3308 κζ.

402 3399 433 3429 ι(
499 3375 735 3451 Ψαλμὸς
790 3381 868 3449 τῷ
919 3376 1083 3434 Δαυῒδ
1137 3381 1244 3456 πρὸ
1299 3385 1397 3436 τοῦ
1453 3388 1768 3457 χρισθῆναι.
1831 3405 1860 3434 »

331 3465 446 3541 Πρὸ
482 3473 585 3536 τῆς
615 3463 862 3544 δευτέρας
889 3470 1143 3544 χρήσεως
1184 3473 1282 3524 τοῦ
1336 3468 1498 3526 Δαυῒδ
1547 3471 1575 3525 6
1618 3471 1804 3545 παρὼν
1865 3491 1982 3525 συν-

330 3555 560 3610 τέθειται
611 3554 789 3629 τούτῳ
854 3557 1072 3631 ψαλμὸς
1130 3556 1467 3633 διωκομένου
1516 3560 1620 3614 ὑπὸ
1670 3558 1851 3616 Σαοὺλ
1891 3557 1982 3615 ὅτε

336 3645 389 3698 οἱ
419 3643 574 3718 ἄρτοι
612 3644 758 3717 αύτῷ
813 3653 914 3716 τῆς
971 3646 1276 3723 προθέσεως
1333 3648 1410 3710 εἷς
1473 3649 1670 3725 βρῶσιν
1730 3647 1982 3727 ἐλήφθη-

336 3752 453 3789 σαν.
501 3733 628 3808 Τρίς
675 3730 734 3788 δὲ
763 3732 989 3808 έχρίσθη
1023 3735 1052 3789 6
1111 3734 1296 3806 Δαυὶδ,
1327 3741 1542 3812 πρῶτον
1578 3738 1680 3793 ὑπὸ
1712 3736 1980 3810 Σαμουὴλ

339 3819 392 3876 ἐν
450 3819 721 3894 Βηθλεὲμ,
780 3819 1027 3899 δεύτερον
1088 3824 1166 3888 εἷς
1220 3821 1442 3902 Χεϐρὼν
1502 3826 1605 3882 ὑπὸ
1654 3833 1756 3897 τῆς
1805 3823 1984 3882 Ἰούδα

339 3908 518 3988 φυλῆς
580 3911 715 3981 μετᾶ
765 3911 864 3980 τὴν
925 3911 1189 3987 ἀναίρεσιν
1239 3919 1336 3969 τοῦ
1395 3914 1599 3988 Σαοὺλ,
1657 3913 1747 3970 καὶ
1803 3915 1981 3991 τρίτον

341 3997 446 4054 ὑπὸ
530 4002 714 4053 πασῶν
785 4004 894 4055 τῶν
977 3999 1152 4079 φιλῶν
1237 4004 1373 4076 μετά
1448 4003 1548 4074 τὴν
1636 3999 1986 4082 Μεμφιϐοσὶτ

337 4109 367 4143 τ
374 4086 563 4158 ελευτή
568 4109 594 4142 ν
603 4129 620 4158 ,

417 4200 446 4230 ‹‹
477 4178 564 4232 Ἐν
611 4181 691 4250 τῷ
737 4175 968 4255 ἐγγίζειν
1025 4177 1108 4234 ἐπ’
1151 4179 1250 4254 ἐμὲ
1289 4184 1604 4250 κακοῦντα),
1649 4185 1748 4237 τοῦ
1796 4185 1984 4255 φαγεῖν

340 4265 436 4328 τὰς
481 4265 681 4342 σὰρκας
731 4288 856 4341 μου.
909 4291 939 4320 ››
992 4296 1056 4317 =
1105 4266 1244 4339 ¹Ἠδη
1296 4269 1584 4347 φθάνοντές
1633 4290 1700 4343 με
1750 4270 1802 4324 οἱ
1831 4270 1989 4342 αἱμο-

344 4349 501 4432 ϐόροι
547 4355 738 4432 ἐχθροί
788 4377 894 4430 μου
924 4356 1026 4413 οὐκ
1051 4355 1395 4430 ἠδυνήθησαν
1428 4357 1632 4434 βλάψαι
1667 4377 1681 4391 ⁸
1737 4362 1836 4414 τοῦ
1866 4379 1990 4414 σκο-

343 4449 450 4500 ποῦ
481 4442 540 4499 δὲ
569 4443 833 4515 ἐξέπεσον.

419 4557 448 4586 ‹‹
479 4535 602 4590 Ἐὰν
653 4533 922 4609 ἐπαναστῇ
972 4533 1056 4590 ἐπ’
1100 4533 1199 4610 ἐμὲ
1243 4534 1512 4610 πόλεμος,
1560 4535 1613 4591 ἐν
1669 4533 1836 4606 ταύτη
1884 4535 1990 4612 ἐγὼ

347 4622 574 4693 ἐλπίζω·
647 4647 676 4677 ››
734 4657 803 4667 —
859 4625 944 4680 ’Ev
997 4624 1165 4700 ταύτῃ
1217 4629 1287 4699 τῇ
1345 4622 1542 4702 καρδίᾳ
1601 4645 1704 4698 μου
1773 4622 1987 4696 δηλαδὴ

347 4711 532 4790 θαῤῥῶ
589 4712 664 4776 ὡς
721 4710 1095 4790 δειλανδρήσει
1146 4714 1238 4770 τὸν
1307 4715 1434 4770 Θεὸν
1496 4713 1700 4790 ἐχούσῃ
1747 4713 1990 4791 ὑπέρμα-

345 4821 475 4879 χον.

420 4918 452 4946 ‹‹
493 4893 633 4951 Μίαν
683 4893 978 4970 ᾐτησάμην
1025 4893 1174 4970 παρά
1218 4892 1441 4969 Κυρίου,
1487 4892 1688 4960 ταύτην
1748 4893 1989 4963 ζητήσω,

345 4983 412 5039 τὸ
467 4989 731 5040 κατεικεῖν
787 5005 855 5058 με
901 4983 954 5038 ἐν
1002 4981 1137 5056 οἴκῳ
1187 4981 1391 5058 Κυρίου
1437 4982 1611 5044 πάσας
1656 4981 1754 5044 τὰς
1782 4982 1993 5058 ⁴ἡμέρας

346 5077 448 5142 τῆς
510 5077 656 5142 ζωῆς
701 5094 824 5147 μου.
876 5096 906 5126 ››
955 5104 1026 5117 -ο
1070 5072 1209 5129 Μίαν
1259 5068 1470 5143 αἷίτησιν
1500 5065 1759 5138 δηλονότι
1786 5069 1992 5146 ᾐτησά-

353 5181 485 5235 μην,
510 5160 600 5215 καὶ
631 5158 709 5215 ἔτι
735 5161 934 5232 ταύτην
965 5160 1282 5235 αἰτήσομαι.

424 5272 455 5303 ι(
509 5253 616 5304 Τοῦ
666 5255 886 5326 θεωρεῖν
939 5271 1007 5326 με
1050 5251 1150 5320 τὴν
1207 5248 1546 5327 τερπνότητα
1601 5247 1825 5323 Κυρίου,
1901 5247 1992 5304 καὶ

350 5338 758 5396 ἐπισκέπτεσθαι
814 5339 905 5394 τὸν
962 5339 1087 5396 ναὸν
1146 5338 1332 5395 αὐτοῦ.
1393 5362 1422 5391 ››
1477 5370 1548 5382 --
1602 5340 1720 5394 Ἵνα
1775 5336 1864 5393 διὰ
1890 5344 1994 5407 τῆς

350 5427 666 5504 εὐπρεπείας
695 5431 791 5482 τοῦ
821 5424 971 5484 οἷ’κου
1001 5428 1138 5504 πρὸς
1165 5429 1229 5484 τὸ
1271 5429 1411 5484 θεῖον
1460 5424 1666 5488 κάλλος
1716 5425 1809 5484 τδν
1866 5431 1992 5482 νοῦν

351 5516 498 5594 ἄγων
527 5516 834 5594 τέρπωμαι,
865 5517 954 5572 καὶ
1004 5519 1118 5590 ἅμα
1164 5517 1343 5595 ἐφορῶ
1396 5518 1470 5589 μή
1517 5536 1568 5570 τι
1616 5513 1993 5592 παραμελθείη

347 5614 455 5666 τῶν
487 5606 838 5680 καθηκόντων
868 5605 919 5662 ἐν
943 5610 1023 5678 τῷ
1051 5610 1180 5678 ναῷ.

429 5725 450 5750 ι
509 5701 629 5755 ’Ότι
678 5695 876 5774 ἔκρυψέ
938 5716 1004 5769 με
1070 5694 1121 5749 ἐν
1183 5698 1358 5768 σκηνῇ
1424 5693 1590 5750 αὐτοῦ
1623 5737 1636 5764 ,
1697 5693 1750 5749 ἐν
1814 5695 1998 5770 ἡμέρᾳ

347 5791 528 5848 κακῶν
588 5807 692 5863 μου
751 5783 1008 5844 ἐσκέπασέ
1067 5805 1134 5860 με
1181 5782 1232 5840 ἐν
1287 5781 1586 5864 ἀποκρύφῳ
1639 5784 1738 5854 τῆς
1795 5790 1997 5860 σκῇνῆς

2070 701 2272 760 κρυφον
2303 682 2365 737 τὸ
2396 682 2529 757 ἄγην
2559 677 2953 759 φυλακτήριον.

2144 795 2174 822 ‹‹
2207 777 2292 826 ’Ev
2349 775 2418 844 τῇ
2470 769 2640 845 πέτρᾳ
2694 767 2875 842 ῦψωσέ
2934 786 3024 839 με.
3079 788 3108 817 »

2075 860 2303 929 κατέστη
2312 880 2388 916 σε.

2147 972 2175 1000 ι(
2207 948 2306 1002 Καὶ
2353 951 2444 1001 νῦν
2493 945 2610 1003 ἰδοὺ
2660 945 2843 1021 ὕψωσε
2895 941 3138 1023 κεφαλήν
3192 963 3296 1016 μου
3345 941 3435 997 ἐπὶ
3485 941 3746 1016 ἐχθρούς

2079 1058 2203 1109 μου.
2263 1059 2285 1087 ι
2333 1034 2666 1114 Προφητεύει
2715 1034 2840 1111 περὶ
2895 1039 3002 1088 τῶν
3055 1032 3429 1109 γενησομένων
3488 1031 3574 1092 ὡς
3619 1027 3740 1100 ἤδη

2072 1125 2394 1202 γεγονότων,
2425 1125 2515 1180 καὶ
2545 1131 2742 1201 χρᾶται
2782 1128 2914 1177 πᾶσι
2960 1127 3078 1182 τοῖς
3125 1119 3564 1195 παρῳχημένοις
3619 1118 3745 1173 ἀντέ

2078 1212 2418 1287 μελλόντων.
2478 1214 2556 1271 Τὸ
2606 1213 2665 1268 δὲ
2711 1215 2926 1286 Ὗψωσε
2974 1209 3218 1287 κεφαλήν
3291 1229 3397 1282 μου
3465 1207 3593 1263 ἀντὶ
3643 1211 3747 1262 τοῦ

2075 1303 2362 1380 ὐπέρτερόν
2399 1323 2467 1376 με
2493 1307 2602 1358 τῶν
2630 1301 2843 1377 ἐχθρῶν
2886 1299 3126 1370 ἐποίησε.

2148 1416 2178 1445 ‹‹
2215 1392 2533 1448 Ἐκύκλωσα
2587 1391 2678 1446 καὶ
2737 1388 2896 1455 ἔθυσα
2947 1389 2999 1444 ἐν
3048 1387 3120 1463 τῇ
3175 1390 3350 1462 σκηνῇ
3407 1385 3584 1442 αὐτοῦ
3641 1387 3744 1440 θυ-

2075 1481 2190 1536 σίαν
2244 1480 2518 1552 αὶνέσεως,
2571 1478 2662 1534 καὶ
2703 1476 3030 1553 ἀλαλαγμοῦ
3063 1495 3078 1508 ’
3146 1473 3260 1547 ᾅσω
3305 1475 3396 1530 καὶ
3438 1473 3610 1548 ψαλῶ
3661 1478 3745 1545 τῷ

2076 1569 2283 1646 Κυρίῳο
2346 1594 2375 1622 ››
2433 1602 2504 1613 -ο
2558 1568 2747 1625 Θυσίαν
2806 1566 3222 1642 εὖχαριστήριον
3274 1565 3387 1637 ἅμα
3429 1563 3525 1618 καὶ
3561 1563 3746 1617 ἐπινί-

2075 1679 2193 1713 κιον
2229 1676 2242 1690 ·
2299 1656 2623 1734 ἀλαλαγμὸς
2682 1658 2786 1732 γὰρ
2843 1654 3121 1728 πολεμική
3177 1654 3280 1729 βοή
3339 1651 3427 1707 ἐπὶ
3483 1656 3560 1725 τῇ
3623 1656 3742 1707 τῶν

2076 1746 2328 1803 ἐναντίων
2353 1751 2553 1821 τροπῇ.

2147 1835 2498 1907 Είσάκουσον,
2556 1833 2739 1910 Κύριε,
2805 1835 2990 1910 φωνῆς
3069 1853 3173 1905 μου
3245 1833 3312 1899 ἧς
3391 1828 3660 1905 ἐκέκραξα
3719 1848 3734 1863 ⁸

2076 1923 2300 1995 ἐλέησόν
2355 1945 2441 1998 με,
2490 1923 2580 1979 καὶ
2633 1921 2942 1978 εἷσάκουσόν
2979 1941 3103 1995 μου.
3136 1943 3165 1973 ››
3197 1952 3266 1961 -
3295 1918 3428 1996 Περὶ
3456 1926 3562 1988 τῆς
3599 1923 3731 1993 μιᾶς

2079 2013 2284 2085 ἐκείνης
2313 2013 2580 2084 αἱτήσεώς
2611 2026 2771 2091 φησιν
2783 2056 2796 2068 .

2149 2125 2179 2154 ι(
2211 2101 2308 2158 Σοὶ
2361 2101 2504 2157 εἶπεν
2553 2103 2589 2170 ἡ
2630 2097 2825 2175 καρδία
2869 2119 2994 2174 μου,
3037 2097 3232 2173 Κύριον
3268 2097 3514 2167 ζητήσώ,
3547 2095 3746 2169 ἐξεζή-

2073 2189 2208 2260 τησέ
2265 2211 2323 2245 σε
2375 2192 2438 2246 τὸ
2487 2187 2780 2266 πρόσωπόν
2845 2208 2948 2260 μου
3002 2187 3066 2241 τὸ
3122 2184 3413 2262 πρόσωπόν
3475 2205 3602 2256 σου,
3638 2184 3743 2239 Κύ-

2077 2301 2178 2355 ριε,
2241 2281 2478 2350 ζητήσω.
2544 2303 2572 2330 ››
2624 2311 2691 2320 -
2729 2279 3144 2353 Πριφραστικῶς
3190 2274 3306 2329 ἀντὶ
3353 2277 3454 2328 τοῦ
3529 2273 3740 2344 ἐζήτη-

2076 2389 2142 2424 σα
2170 2389 2249 2426 σε.

2148 2482 2178 2510 ‹‹
2211 2457 2299 2526 Μὴ
2332 2456 2672 2534 ἀποστρέψῇς
2700 2455 2764 2510 τὸ
2787 2452 3078 2531 πρόσωπόν
3131 2473 3227 2506 σου
3284 2450 3379 2506 ἀπ’
3440 2450 3585 2523 ἐμοῦ
3646 2450 3737 2506 καὶ

2081 2547 2158 2621 μὴ
2191 2545 2436 2620 ἐκκλίνῃς
2471 2545 2523 2600 έν
2551 2545 2691 2621 ὀργῇ
2722 2544 2828 2599 ἀπὸ
2866 2547 2962 2598 τοῦ
3002 2539 3205 2596 δούλου
3254 2561 3372 2597 σου.
3425 2563 3456 2590 n
3503 2572 3577 2582 —
3637 2538 3735 2596 Καὶ

2081 2636 2158 2709 μὴ
2191 2635 2536 2710 ἀναχωρήσει
2564 2633 2657 2688 ἀπ’
2687 2631 2824 2706 ἐμοῦ
2854 2629 2925 2686 δι’
2953 2629 3117 2706 ὀργήν
3151 2649 3266 2684 σου.

2151 2746 2181 2776 ιι
2211 2721 2421 2792 Βοηθός
2457 2743 2561 2796 μου
2593 2723 2772 2796 γενοῦ,
2805 2719 2868 2775 οὗ
2894 2720 2970 2793 μή
3003 2714 3433 2791 ἀποσκοροδίσῃς
3479 2736 3568 2788 με.
3607 2740 3638 2766 ιδ
3671 2749 3736 2759 -

2078 2812 2168 2881 Μὴ
2191 2811 2520 2886 ἀποπέμψῃς
2540 2831 2608 2884 με
2625 2810 2762 2865 κατά
2793 2807 3097 2887 μεταφορὰν
3123 2812 3226 2876 τῆς
3255 2804 3731 2878 ἀποπεμπομένης

2078 2904 2175 2956 τοῦ
2205 2897 2433 2976 σιδήρου
2464 2898 2700 2975 σκωρίας
2729 2901 2797 2972 τῇ
2829 2895 3191 2975 σφυρηλασίᾳ.

2158 3009 2182 3040 ι
2213 2988 2313 3044 Καὶ
2347 2989 2424 3062 μὴ
2456 2985 2821 3062 ἐγκαταλίπῃς
2853 3007 2920 3059 με
2949 2985 2978 3040 ὁ
3006 2985 3135 3046 Θεὸς
3166 2984 3194 3038 6
3227 2983 3428 3057 Σωτήρ
3495 3003 3616 3056 μου,
3645 2977 3718 3035 ὅτι

2082 3078 2112 3133 6
2207 3078 2389 3153 πατήρ
2493 3097 2599 3150 μου
2699 3075 2789 3130 καὶ
2862 3075 2891 3144 ἢ
2961 3075 3146 3148 μήτηρ
3217 3092 3322 3146 μου
3373 3068 3722 3146 ἐγκατέλιπόν

2087 3186 2175 3239 με.
2211 3189 2241 3217 ››
2297 3197 2369 3209 -—
2427 3163 2527 3223 Καὶ
2579 3163 2749 3234 αὐτῆς
2796 3169 2899 3232 τῆς
2954 3161 3061 3217 ἀπὸ
3096 3164 3204 3216 τῶν
3249 3159 3456 3237 γονέων
3488 3179 3735 3235 παραμυο

2087 3253 2204 3320 θίας
2308 3253 2604 3328 ἐστέρημαι
2654 3267 2672 3285 “
2729 3249 3002 3307 δεδοίκασι
3101 3250 3204 3326 γὰρ
3308 3246 3540 3311 ἅπαντες
3647 3247 3734 3302 τὸν

3173 797 3245 809 -—
3300 765 3386 819 ’Ev
3449 760 3738 840 ἀσφαλείᾳ

1908 3413 1979 3426 __
2005 3334 2050 3403 θ
2091 3341 2298 3400 Σαούλ.

2158 3456 2188 3484 ι(
2249 3428 2631 3504 Νομοθέτησόν
2689 3451 2775 3504 με,
2831 3429 3015 3502 Κύριε,
3073 3426 3126 3482 ἐν
3186 3430 3255 3502 τῇ
3309 3423 3422 3498 ὁδῷ
3465 3447 3587 3498 σου,
3650 3425 3740 3480 καὶ

2087 3518 2359 3598 ὁδήγησόν
2422 3539 2491 3593 με
2536 3519 2588 3573 ἐν
2645 3513 2819 3593 τρίϐῳ
2876 3516 3052 3588 εὐθείᾳ
3107 3512 3264 3572 ἕνεκα
3327 3519 3434 3571 τῶν
3521 3513 3738 3590 ἐχθρῶν

2093 3631 2219 3684 μου.
2277 3632 2308 3661 ››
2365 3641 2436 3652 -
2489 3607 2554 3663 Εἰ
2610 3606 2702 3662 καὶ
2762 3607 2839 3680 μὴ
2897 3603 2986 3661 διὰ
3040 3606 3140 3674 τὴν
3168 3604 3306 3678 ἐμὴν
3361 3602 3742 3678 ἀγαθωσύνην,

2089 3696 2237 3754 ἀλλὰ
2293 3694 2382 3752 διὰ
2429 3698 2530 3767 τήν
2583 3700 2691 3752 τῶν
2752 3695 2963 3772 ἐχθρῶν
3023 3693 3254 3766 ἀδικίαν,
3336 3694 3413 3765 μὴ
3480 3689 3742 3766 παραδῷς

2093 3808 2160 3862 με
2261 3786 2598 3862 ὑποχείριον.
2701 3785 2771 3842 Οἱ
2871 3778 3155 3844 θλίϐοντές
3241 3801 3308 3854 με
3385 3781 3526 3836 κατὰ.
3590 3778 3745 3856 περί-

2165 3896 2302 3932 ασιν.

2089 3896 2314 4034 φρῖξᾛῆ
2353 3960 2610 4041 παραδῷς
2669 3983 2738 4036 με
2793 3960 2869 4023 εἰς
2925 3960 3105 4036 ψυχὰς
3147 3953 3450 4014 θλιϐόντων
3516 3977 3604 4032 με,
3659 3956 3747 4012 ὅτι

2091 4054 2453 4123 ἐπανέπησάν
2508 4075 2601 4127 μοι
2661 4051 2927 4127 μάρτυρες
2975 4047 3174 4122 ἄδικοι,
3232 4047 3324 4103 καὶ
3383 4045 3652 4121 ἐψεύσατο
3705 4049 3742 4116 ἡ

2093 4142 2277 4200 ἀδικία
2303 4143 2519 4213 ἑαυτήν.
2557 4164 2579 4194 ι
2615 4140 2678 4196 Οὶ
2709 4137 2888 4196 άδικοι
2923 4139 3186 4216 μάρτυρες
3223 4137 3325 4206 τήν
3354 4134 3416 4191 ἐκ
3456 4142 3561 4206 τῆς
3620 4139 3747 4210 ψευ-

2094 4229 2457 4308 δομαρτυρίας
2518 4225 2729 4306 βλάϐην
2788 4229 3002 4291 έαυτοῖς
3057 4225 3414 4300 προσένειμαν
3478 4225 3581 4293 τήν
3648 4224 3748 4293 σὴν

2095 4319 2264 4398 ὀργὴν
2292 4319 2736 4396 κληρωσάμενοι.

2167 4433 2198 4463 ι(
2227 4407 2472 4464 Πιστεύω
2495 4412 2592 4464 τοῦ
2624 4405 2754 4461 ἰδεῖν
2775 4406 2844 4460 τὰ
2862 4403 3036 4480 ἀγαθὰ
3053 4401 3253 4480 Κυρίου
3275 4401 3327 4457 ἐν
3350 4405 3426 4478 γῇ
3449 4402 3698 4471 ζώντων.
3718 4423 3744 4452 η

2095 4531 2166 4542 -—-
2192 4495 2663 4576 Πληροφοροῦμαι
2695 4493 2771 4556 εἷς
2795 4495 2896 4562 τήν
2929 4491 3273 4562 δικαιοσυνην
3317 4495 3417 4546 τοῦ
3464 4493 3603 4546 Θεοῦ
3664 4488 3744 4545 δτι

2097 4587 2149 4643 ἐν
2178 4591 2258 4659 τῷ
2285 4585 2481 4660 κόσμῳ
2515 4590 2616 4655 ζῶν
2649 4583 2726 4638 ἔτι
2756 4583 2824 4638 τὰ
2851 4581 3012 4654 ἔθιμα
3038 4581 3184 4657 παρά
3226 4583 3359 4637 Θεοῦ
3415 4578 3744 4652 κομίσομαι,

2021 4695 2068 4761 D
2095 4674 2134 4748 ἤ
2189 4676 2280 4731 καὶ
2336 4673 2389 4730 ἐν
2447 4677 2518 4748 τῇ
2551 4673 2737 4761 χώρᾳ
2775 4675 2880 4725 τῶν
2936 4670 3151 4739 ζώντων
3197 4667 3267 4724 τὰ
3310 4664 3462 4723 ἀῒδια
3491 4665 3748 4742 λήψομαι

2100 4765 2274 4840 ἀγαθά
2299 4767 2396 4818 τοῦ
2425 4760 2646 4838 Κυρίου.

2173 4877 2203 4906 ‹‹
2259 4851 2577 4926 Ὑπόμεινον
2651 4849 2742 4905 τὸν
2825 4846 3043 4923 Κύριον,
3119 4842 3392 4919 ἀνδρίζου,
3467 4843 3563 4899 καὶ
3620 4864 3751 4920 κρα-

2097 4941 2371 5006 ταιούσθω
2398 4941 2435 5011 ἡ
2483 4934 2684 4994 καπδία
2730 4958 2846 5012 σου,
2888 4935 2978 4992 καὶ
3010 4933 3306 5010 ὑπόμεινον
3336 4933 3429 4989 τὸν
3461 4932 3690 5010 Κύριον.
3726 4957 3748 4985 ι

2101 5063 2172 5076 —
2198 5033 2380 5090 Τοῦτο
2431 5028 2520 5085 καὶ
2561 5029 2625 5084 τὸ
2676 5027 2799 5098 ἐξῆς
2845 5025 2982 5099 πρὸς
3031 5023 3217 5080 ἑαυτὸν
3266 5022 3595 5100 θαρσοποιὸν
3634 5022 3754 5079 ἐπι-

2101 5121 2256 5200 φώνη
2267 5140 2358 5194 μα.

2697 5235 2997 5287 ΨΔΛΜΟΣ
3035 5228 3153 5285 KZ'.

2177 5330 2469 5406 «Ψαλμὸς
2498 5333 2576 5404 τῷ
2624 5325 2810 5387 Δαυΐδ.
2863 5351 2886 5380 ι
2939 5359 3011 5371 -ο
3054 5325 3345 5403 Προσευχή
3391 5328 3474 5397 τῷ
3517 5322 3754 5384 Δαυῒδ...

2101 5422 2193 5480 καὶ
2219 5425 2380 5478 τοῦτο
2423 5417 2758 5494 διωκόμενος
2817 5415 2921 5472 ὑπὸ
2975 5419 3072 5473 τοῦ
3130 5413 3315 5470 Σαοὺλ
3370 5414 3399 5468 6
3458 5415 3758 5495 προφήτης

2103 5511 2369 5578 συνέθετο.

2180 5625 2203 5654 ι
2266 5600 2411 5678 Πρός
2466 5618 2544 5668 σε,
2604 5596 2787 5674 Κύριε,
2838 5593 3188 5673 κεκράξομαι,
3239 5593 3271 5649 6
3327 5589 3460 5654 Θεός
3515 5612 3624 5665 μου
3677 5593 3752 5665 μὴ

2103 5689 2534 5767 παρασιωπήσῃς
2563 5687 2652 5742 ἀπ’
2700 5685 2859 5760 ἐμοῦ,
2911 5685 3126 5758 μήποτε
3172 5682 3610 5757 παρασιωπήσῇς
3660 5681 3751 5736 ἀπ’

2106 5781 2265 5858 ἐμοῦ.
2299 5801 2330 5832 ω
2357 5810 2428 5822 -
2480 5775 2570 5848 Μὴ
2626 5771 2970 5852 παρακούσῃς
3029 5793 3158 5851 μου.
3214 5771 3486 5830 Εἱώθασιν
3535 5771 3594 5828 οἱ
3620 5790 3754 5849 παρ·
