3988 6436
212 489 370 556 1437

1430 494 1845 561 EXPOSITIO
1886 495 1970 560 IN
2013 495 2400 564 PSALMOS.

3459 483 3621 555 1438

211 623 501 688 ακούοντες
563 619 732 700 μηδὲν
809 623 1131 706 φθέγγεσθαι
1197 627 1333 704 πρὸς
1401 627 1529 692 τοὺς
1604 627 1856 704 αἱτουμέ-
1888 628 2094 702 Αστὺν
2156 627 2300 707 λέγει
2356 629 2422 700 ἤν
2480 627 2569 685 καὶ
2630 618 2862 707 βροντὴν
2918 623 3096 698 καλεῖ,
3157 615 3230 688 ὥς
3279 622 3330 695 ἐξ
3361 621 3617 700 οὐρανοῦ,

212 734 359 778 νους.

287 828 315 856 ί(
348 803 454 860 Καὶ
515 804 934 878 ὁμοιωθήσομαι
989 811 1107 869 τοῖς
1162 803 1570 862 καταϐαίνουσιν
1603 807 1679 871 είς
1727 806 1861 864 λάκ-

211 913 330 950 κον,
366 917 395 943 ››
426 925 495 934 —
519 895 724 968 Ἥγουν
761 894 812 949 ἐν
844 899 961 957 τοῖς
991 900 1222 971 νεκροῖς.

294 980 690 1050 «Εἷσάκουσον,
766 983 946 1056 Κύριε,
1004 991 1106 1053 τῆς
1178 991 1361 1062 φωνῆς
1441 992 1543 1054 τῆς
1627 982 1863 1055 δεήσεως

221 1091 346 1144 μου,
407 1071 457 1124 ἐν
507 1075 586 1142 τῷ
651 1069 858 1135 δέεσθαί
918 1093 985 1144 με
1039 1072 1174 1149 πρὸς
1227 1074 1303 1147 σὲ,
1338 1073 1388 1128 ἐν
1446 1072 1526 1146 τῷ
1584 1070 1752 1146 αἶ’ρειν
1800 1093 1866 1146 με

215 1161 407 1236 χεῖράς
443 1181 549 1232 μου
578 1159 714 1236 πρὸς
743 1161 867 1216 ναὸν
901 1162 1048 1237 ἅγιόν
1082 1183 1196 1218 σου.
1232 1185 1262 1214 »
1290 1196 1356 1206 -—
1386 1161 1526 1217 Ναὸν
1586 1159 1730 1238 λέγει
1769 1159 1863 1216 τὸν

217 1247 463 1326 οὐρανόν.

292 1361 320 1388 ι(
351 1339 439 1407 Μὴ
475 1336 802 1414 συνελκύσῃς
827 1361 894 1412 με
929 1342 1061 1413 μετὰ
1090 1338 1455 1416 ἁμαρτωλῶν.
1490 1364 1518 1392 >›
1550 1372 1619 1382 -
1647 1341 1737 1409 Μὴ
1779 1337 1868 1394 διὰ

213 1426 277 1479 τὸ
326 1424 624 1503 συνδιάγειν
679 1449 746 1500 με
784 1435 900 1491 τοῖς
949 1429 1302 1505 ἁμαρτωλοῖς
1348 1427 1677 1503 συνελκύσῃς
1724 1428 1868 1501 κάμέ

221 1514 336 1588 μετ’
368 1514 542 1569 αὐτῶν
573 1517 649 1578 εἷς
678 1517 741 1571 τὸ
773 1515 951 1572 δοῦναι
985 1516 1157 1588 δίκην.

289 1627 317 1655 ‹‹
351 1606 504 1659 Κατᾶ
558 1607 625 1659 τὰ
683 1604 808 1682 ἔργα
864 1611 972 1661 τῶν
1040 1611 1240 1682 χειρῶν
1301 1607 1477 1662 αὐτῶν
1521 1605 1613 1669 δὸς
1663 1606 1862 1669 αὐτοῖς’

215 1689 418 1755 ἀπόδος
464 1695 527 1748 τὸ
577 1693 929 1768 ἀνταπόδομα
976 1695 1150 1750 αὐτῶν
1203 1695 1405 1757 αὐτοῖς.
1452 1719 1480 1747 ››
1511 1729 1580 1739 -
1625 1697 1731 1765 Τὴν
1779 1717 1867 1750 κεο

215 1781 646 1858 χρεωστημένην
675 1781 949 1855 ἐκδίκησιν
979 1783 1180 1847 ἀπόδος
1231 1784 1416 1846 αὐτοῖς
1461 1782 1555 1839 ’ίνα
1616 1783 1868 1861 βελτίους

219 1871 272 1926 οἱ
301 1872 457 1926 κακοὶ
486 1872 769 1948 γένωνται.

293 1984 323 2012 ι(
355 1962 472 2015 ’Ότι
522 1959 582 2015 οὐ
624 1969 855 2032 συνῆκαν
911 1962 987 2025 είς
1035 1963 1104 2017 τὰ
1148 1958 1276 2039 ἔργα
1324 1961 1544 2037 Κυρίου.
1580 1986 1609 2016 ›)
1643 1994 1713 2005 —-
1748 1965 1866 2017 Ὅτι

225 2047 323 2103 οὐκ
390 2047 623 2124 ἔγνωσαν
697 2050 793 2112 τὰς
859 2051 1017 2132 *θείας
1091 2050 1400 2125 οἴκονομίας
1475 2052 1549 2114 ὡς
1623 2050 1866 2126 ἀνέχεται

220 2136 392 2192 αὐτῶν
452 2138 480 2191 6
547 2140 696 2210 Θεὸς,
759 2141 945 2215 καιρὸν
1010 2137 1270 2217 ὑφαπλῶν
1342 2139 1555 2203 τούτοις
1617 2140 1866 2216 ἐπιστρο-

223 2228 350 2303 φῆς.

291 2339 320 2368 ‹‹
352 2316 450 2369 Καὶ
481 2316 556 2378 εἷς
584 2316 651 2372 τὰ
679 2313 807 2394 ἔργα
833 2322 940 2372 τῶν
970 2322 1170 2393 χειρῶν
1203 2317 1366 2373 αὐτοῦ
1395 2317 1642 2381 καθελεῖς
1671 2317 1869 2381 αὐτοὺς

217 2403 306 2458 καὶ
339 2403 402 2458 οὐ
437 2407 510 2476 μὴ
557 2403 942 2479 οἷκοδομήσεις
987 2407 1202 2470 αὐτούς.
1238 2431 1266 2459 ››
1299 2441 1368 2450 --
1398 2406 1734 2484 Προφητεύει
1783 2405 1866 2462 δτι

219 2491 471 2555 πεσόντες
502 2493 601 2548 οὐκ
623 2494 1109 2566 ἀνορθωθήσονται.

297 2582 450 2636 «Καὶ
524 2581 772 2638 ἀνέθαλεν
819 2587 853 2652 ὴ
905 2585 1031 2660 σάρξ
1081 2606 1206 2657 μου.
1263 2607 1284 2637 ι
1338 2617 1408 2627 ——-
1451 2587 1516 2640 Ἡ
1573 2585 1679 2661 πρὸ
1738 2584 1863 2639 τού-

219 2690 316 2724 του
385 2669 700 2742 ἐκτετηκυῖα
770 2677 888 2735 ταῖς
948 2674 1197 2751 φροντίσι
1275 2673 1364 2728 καὶ
1436 2679 1555 2736 ταῖς
1627 2693 1864 2729 κακοπα-

223 2759 406 2820 θείαις.

292 2872 321 2900 (ι
354 2847 453 2902 Καὶ
483 2847 543 2902 ἐκ
594 2845 902 2922 θελήματός
965 2873 1068 2924 μου
1112 2851 1589 2928 ἐξομολογήσομαι
1635 2850 1801 2922 αὐτῷ.
1837 2873 1866 2902 »

223 2967 291 2978 —
319 2937 647 3012 Προθύμως,
677 2937 776 2993 οὐκ
806 2941 1201 3016 ἀναγκαστικῶς
1257 2940 1637 3016 εὐχαριστήσω
1695 2938 1864 3011 αὐτῷ’

223 3023 468 3079 τοιοῦτόν
498 3025 608 3080 ἐστι
637 3028 721 3099 τὸ,
759 3051 781 3078 ι
818 3028 1111 3091 Ἑκουσίως
1140 3028 1284 3083 θύσω
1315 3050 1420 3087 σοι.
1456 3053 1486 3080 ››

295 3112 555 3186 «Κύριος
602 3115 922 3191 κραταίωμα
979 3122 1076 3172 τοῦ
1132 3117 1267 3173 λαοῦ
1328 3117 1491 3172 αὐτοῦ
1551 3117 1641 3172 καὶ
1706 3117 1868 3189 ὑπερ-

223 3201 486 3269 ασπιστὴς
515 3205 621 3256 τῶν
655 3203 938 3279 σωτηρίων
969 3210 1066 3259 τοῦ
1095 3209 1328 3282 Χριστοῦ
1356 3205 1520 3260 αὐτοῦ
1573 3203 1704 3260 ἐστι.
1742 3229 1764 3258 ιι
1802 3236 1872 3248 —-

223 3289 563 3366 Ὑπέρμαχος
613 3298 714 3360 τῆς
765 3294 1035 3369 σωτηρίας
1078 3299 1176 3350 τοῦ
1223 3293 1536 3370 χρισθέντο>
1584 3293 1868 3370 προστάξει

223 3374 386 3430 αὐτοῦ
417 3377 494 3439 εἷς
529 3378 770 3451 βασιλέα.

296 3487 326 3517 ‹‹
357 3470 542 3520 Σῶσον
588 3467 679 3521 τὸν
730 3466 860 3524 λαόν
907 3489 1023 3540 σου,
1064 3468 1154 3524 καὶ
1203 3469 1498 3546 εύλόγησον
1529 3471 1628 3540 τὴν
1658 3468 1871 3544 κληρο-

225 3552 419 3627 νομίαν
474 3577 589 3625 σου,
620 3557 711 3611 καῖ
759 3557 1024 3630 ποίμανον
1067 3558 1280 3628 αὐτοὺς,
1311 3559 1400 3614 καὶ
1429 3556 1628 3636 ἓπαρον
1676 3557 1872 3620 αὐτοὺς

223 3638 328 3704 ἕως
383 3647 482 3698 τοῦ
539 3644 754 3707 αἰῶνος.
803 3670 824 3696 ι
858 3679 927 3688 --
955 3647 1056 3702 Καὶ
1095 3646 1310 3722 ὕψωσον
1340 3653 1457 3710 τοῖς
1512 3649 1630 3703 κατ’
1659 3647 1868 3724 ἐχθρῶν

224 3732 510 3808 τροπαίοις
543 3733 708 3811 μέχρι
738 3735 958 3797 παντὸς.

813 3901 1108 3953 ΨΑΛΜΟΣ
1149 3899 1272 3954 KH’.

297 4033 536 4109 Ψαλμὸς
591 4041 670 4109 τῷ
725 4035 887 4093 Δαυῒδ
946 4036 1130 4110 ἐξόδου
1186 4046 1412 4112 σκηνῆς·
1448 4064 1478 4092 ››
1535 4072 1603 4082 -
1658 4041 1876 4116 Ἰστορι-

227 4128 336 4186 κῶς
371 4126 466 4198 μὶν
493 4125 863 4202 παραγγέλλει
908 4133 1024 4192 τοῖς
1073 4131 1270 4205 ἱερεῦσι
1316 4131 1406 4184 καὶ
1453 4128 1700 4192 Λευίταις
1749 4129 1873 4205 περὶ

227 4220 328 4284 τῆς
385 4213 702 4287 ἐξελεύσεως
746 4224 847 4287 τῆς
892 4216 950 4272 ἐκ
995 4220 1094 4287 τῆς
1144 4221 1376 4292 νομικῆς
1428 4221 1651 4289 σκηνῆς,
1699 4216 1872 4294 λέγων

226 4300 334 4375 ὅτι,
365 4301 719 4376 Ἑτοιμάσατε
775 4303 1074 4376 ἐξελθόντες
1119 4307 1186 4360 τὰ
1229 4306 1367 4380 πρὸς
1416 4305 1688 4382 λατρείαν,
1725 4305 1875 4369 υἱοὺς

225 4396 392 4468 κριῶν
424 4393 515 4447 καὶ
544 4392 642 4448 ὅσα
672 4393 748 4456 εἷς
777 4396 944 4468 τιμὴν
976 4395 1066 4449 καὶ
1094 4392 1246 4466 δόξαν
1279 4399 1432 4450 Θεοῦ.
1492 4396 1875 4472 Ἀναγωγικῶς

229 4476 288 4534 δὲ
335 4482 506 4552 σκηνή
565 4481 673 4536 ἐστι
719 4481 784 4536 τὸ
833 4487 1010 4556 σῶμα.
1064 4481 1301 4554 Ἐξόδιον
1351 4481 1409 4537 δέ
1467 4487 1736 4554 σκηνῆςὴ
1767 4483 1874 4539 ἀπὸ

223 4565 385 4624 τοῦδε
412 4573 508 4623 τοῦ
542 4569 660 4646 βίου
691 4569 1037 4646 ἀναχώρησις
1066 4572 1201 4641 πρὸς
1229 4573 1294 4642 ἣν
1325 4571 1814 4648 παρασκευάζεσθαι
1845 4573 1874 4627 6

226 4654 390 4734 λόγος
418 4659 565 4731 ἡμᾶς
595 4665 894 4736 παρεγγυᾷ.

297 4747 573 4824 Ἐνέγκατε
624 4752 706 4820 τῷ
762 4749 964 4825 Κυρίῳ,
997 4748 1107 4804 υἱοὶ
1165 4752 1319 4806 Θεοῦ.
1354 4775 1376 4804 ι
1433 4781 1502 4793 -
1560 4747 1870 4820 Κατέπειξιν
1905 4736 1954 4801 D

225 4835 255 4889 6
285 4832 450 4911 λόγος
507 4833 644 4911 ἔχει.
707 4836 868 4911 Λέγει
916 4839 1040 4914 γὰρ,
1071 4840 1140 4892 Ὢ
1186 4838 1296 4892 υἱοὶ
1345 4842 1443 4894 τοῦ
1487 4842 1642 4908 Θεοῦ,
1694 4835 1866 4914 ἤγουν

226 4922 546 4993 ἀπόστολοι,
580 4923 825 5001 ἐνέγκατε
846 4931 927 4997 τῷ
956 4927 1139 5001 Κυρίῳ
1169 4926 1297 4989 τοὺς
1328 4927 1479 4990 υἱοὺς
1508 4932 1616 4982 τῶν
1653 4925 1869 5004 ἀλόγων

225 5017 415 5088 κριῶν,
447 5010 618 5089 ἤγουν
647 5012 775 5076 τοὺς
795 5013 847 5085 ἐξ
879 5013 1065 5072 ἐθνῶν.

303 5122 327 5152 α
357 5100 642 5178 Ἐνέγκατε
698 5107 778 5175 τῷ
835 5103 1019 5179 Κυρίῳ
1065 5105 1216 5166 υἱοὺς
1262 5107 1455 5180 κριῶν,
1491 5103 1741 5180 ἐνέγκατε
1792 5103 1873 5179 τῷ

223 5189 408 5268 Κυρίῳ
439 5188 592 5264 δόξαν
621 5191 712 5246 καὶ
742 5194 934 5265 τιμήν.
969 5218 992 5247 ι
1053 5225 1099 5235 -
1129 5193 1264 5266 Δόξα
1312 5197 1408 5248 τοῦ
1460 5192 1728 5268 ὀνόματος
1775 5199 1871 5250 τοῦ

220 5283 458 5354 Χριστοῦ
488 5281 542 5334 αἱ
569 5279 839 5336 ἐπαινεταὶ
869 5281 1086 5358 πράξεις
1117 5285 1301 5356 ἡμῶν.

301 5367 639 5445 «Ἐνέγκατε
728 5370 806 5441 τῷ
885 5369 1068 5443 Κυρίῳ
1159 5367 1312 5443 δόξαν
1385 5368 1611 5444 ὀνόματι
1684 5369 1868 5441 αὐτοῦ,

222 5458 632 5532 προσκυνήσατε
659 5460 738 5529 τῷ
769 5457 950 5531 Κυρίῳ
1010 5457 1060 5513 ἐν
1113 5457 1256 5531 αὐλῇ
1317 5457 1446 5534 ἁγίᾳ
1491 5458 1674 5517 αὐτοῦ.
1727 5482 1756 5511 ››
1804 5493 1868 5502 -ι

217 5543 408 5613 Αύλὴν
465 5543 607 5622 λέγει
662 5545 760 5614 τὴν
823 5545 948 5618 μίαν
1005 5545 1326 5618 Ἐκκλησίαν
1383 5547 1473 5602 καὶ
1528 5549 1723 5616 πιστὴν
1765 5552 1874 5604 τῶν

219 5629 456 5690 εὐσεϐῶν
466 5676 479 5690 .

297 5748 320 5776 ι
356 5724 523 5792 Φωνὴ
571 5722 772 5798 Κυρίου
830 5721 918 5778 ἐπὶ
971 5727 1080 5779 τῶν
1135 5722 1367 5783 ὐδάτων.
1415 5749 1447 5780 ››
1479 5726 1685 5794 -Τὴν
1717 5744 1873 5780 κατε-

216 5813 499 5889 νιχθεῖσαν
561 5810 843 5890 οὐρανόθεν
901 5811 953 5867 ἐν
1010 5816 1091 5884 τῷ
1148 5810 1393 5892 Ἰορδάνῃ
1443 5815 1578 5893 πρὸς
1623 5814 1715 5872 τὸν
1744 5818 1872 5890 Χρι-

1971 720 2060 775 καὶ
2091 719 2427 793 ἐξάκουστον,
2462 721 2591 782 Θεὸς
2621 717 2680 774 δὲ
2710 717 2870 790 δόξης
2903 718 2931 773 6
2961 713 3196 786 ἔνδοξος.

2049 813 2154 862 «Ὀ
2193 810 2320 872 Θεὸς
2375 813 2474 878 τῆς
2533 807 2695 879 δόξης
2756 803 3049 884 ἐϐρόντησε
3105 804 3302 880 Κύριος
3361 802 3446 858 ἐπὶ
3489 800 3618 858 ὑδά-

1970 918 2079 952 των
2129 895 2377 953 πολλῶν.
2443 921 2471 949 ››
2529 899 2689 953 -Ὀ
2719 895 2949 972 Χριστὸς
3006 894 3056 949 έν
3116 898 3196 965 τῷ
3254 890 3499 968 Ἰορδάνῃ
3527 893 3618 948 καὶ

1975 982 2044 1039 δι’
2099 983 2304 1040 ἐκείνου
2359 985 2411 1040 ἐν
2463 992 2590 1041 πᾶσι
2643 990 2760 1048 τοῖς
2812 982 2994 1040 ὕδασιν
3042 984 3277 1057 ἁγιάζων
3310 981 3484 1036 αὐτῶν
3517 983 3618 1052 τὴν

1973 1071 2153 1151 φύσινο

2045 1164 2211 1231 Φωνὴ
2278 1163 2481 1238 Κυρίου
2536 1161 2586 1218 ἐν
2617 1162 2789 1238 ἰσχύϊ,
2823 1163 2972 1240 φωνὴ
3006 1159 3204 1236 Κυρίου
3261 1158 3313 1213 ἐν
3377 1155 3617 1236 μεγαλο-

1973 1251 2222 1327 πρεπείᾳ.
2256 1274 2286 1305 ››
2317 1283 2388 1295 -—-
2445 1253 2610 1321 Φωνὴ
2670 1251 2867 1324 Κυρίου
2908 1251 2998 1306 καὶ
3054 1251 3116 1304 τὸ
3169 1246 3494 1326 Εὐαγγέλιον
3529 1245 3620 1302 καὶ

1974 1345 2077 1395 πᾶν
2137 1340 2457 1418 πρόσταγμα
2510 1345 2607 1396 τοῦ
2664 1346 2818 1414 Θεοῦ,
2878 1339 2908 1395 6'
2961 1339 3051 1395 καὶ
3108 1337 3368 1415 ἰσχυροὺς
3403 1337 3493 1392 καὶ
3526 1357 3623 1410 με·

1973 1427 2337 1506 γαλοπρεπεῖς
2361 1429 2643 1506 ἐργάζεται
2674 1429 2800 1492 τοὺς
2833 1428 3035 1502 ἀξίους.

2048 1543 2076 1569 ‹‹
2137 1520 2301 1588 Φωνὴ
2341 1513 2563 1596 ’Κυρίου
2623 1515 3003 1594 συντρίϐοντος
3059 1515 3300 1590 κέδρους,
3354 1513 3444 1570 καὶ
3506 1534 3625 1568 συν-

1972 1606 2149 1682 τρίψει
2209 1607 2410 1682 Κύριος
2464 1607 2558 1669 τὰς
2608 1606 2832 1683 κέδρους
2886 1611 2984 1662 τοῦ
3038 1600 3292 1662 Λιϐάνου.
3342 1627 3370 1656 ››
3401 1635 3474 1646 -—
3525 1601 3621 1659 Κέ-

1977 1693 2136 1771 δρους
2193 1694 2341 1772 λέγει
2391 1695 2518 1758 τοὺς
2563 1695 2819 1770 δαίμονας
2865 1695 2956 1750 καὶ
3000 1695 3069 1750 τὰ
3107 1694 3313 1748 τούτων
3369 1691 3564 1764 τεμένη
3603 1731 3616 1746 .

1975 1783 2217 1858 ἐμνήσθη
2247 1785 2338 1840 καὶ
2366 1790 2462 1840 τοῦ
2493 1781 2652 1862 ὄρους
2699 1780 2959 1855 Λιϐάνου,
3008 1783 3090 1839 ὅτι
3139 1779 3327 1838 πολλᾶ
3364 1777 3620 1837 είδωλεῖα

1975 1873 2012 1943 ἦ
2044 1872 2095 1928 ἐν
2128 1872 2296 1947 αὐτῷ.

2052 1985 2079 2014 ‹‹
2112 1963 2210 2018 Καὶ
2243 1961 2494 2018 λεπτυνεῖ
2524 1962 2687 2026 αὐτὰς
2716 1963 2793 2024 ὡς
2819 1962 2910 2018 τὸν
2947 1961 3153 2038 μόσχον
3182 1960 3274 2016 τὸν
3305 1953 3564 2014 Λίϐανον.
3589 1979 3618 2009 ››

1975 2083 2046 2094 --
2099 2055 2363 2107 Λεπτυνεῖ
2412 2051 2630 2125 αὐτοὺς,
2691 2049 2836 2129 λέγω
2893 2049 2962 2121 δὴ
3019 2050 3109 2106 τὸν
3167 2042 3397 2104 Λίϐανον
3466 2044 3618 2120 ὅλον,

1976 2138 2157 2216 ὣσπερ
2189 2142 2216 2196 6
2246 2147 2484 2211 Μωϋσῆς
2512 2141 2606 2196 τὸν
2637 2141 2877 2218 γλυπτὸν
2915 2141 3145 2217 μόσχον.

2047 2254 2076 2282 ‹‹
2106 2229 2202 2284 Καὶ
2235 2231 2264 2284 6
2319 2230 2670 2306 ήγαπημένος
2728 2231 2772 2284 ὡ
2835 2228 2952 2291 υἳὸς
3013 2229 3425 2304 μονοκερώτων.
3489 2248 3519 2278 ››
3549 2255 3618 2270 -ι

1977 2316 2080 2374 Καὶ
2110 2317 2138 2372 6
2165 2318 2392 2394 Χριστὸς
2425 2316 2568 2373 ἔσται
2605 2315 2798 2392 μηδενὶ
2829 2318 3282 2392 ὑποτεταγμένϐς.

2055 2428 2082 2460 ιι
2111 2409 2276 2476 Φωνὴ
2310 2405 2509 2480 Κυρίου
2559 2404 2948 2468 διακόπτοντος
2996 2405 3176 2484 φλόγα
3225 2402 3415 2480 πυρός.
3473 2425 3502 2454 ››
3550 2433 3620 2445 —-

1975 2492 2100 2550 Εἴτε
2152 2496 2253 2571 γὰρ
2309 2495 2435 2559 τοὺς
2491 2501 2637 2571 τρεῖς
2694 2494 2892 2558 παῖδας
2945 2495 3035 2550 καὶ
3093 2494 3170 2557 εἷς
3206 2491 3453 2554 πολλοὺς
3489 2493 3622 2567 μάρ-

1976 2604 2139 2660 τυρας
2195 2586 2295 2654 τὴν
2353 2584 2651 2662 φλέγουσαν
2711 2583 2962 2659 διέκοψαν
3024 2585 3125 2653 τὴν
3199 2581 3461 2658 ἐνέργειαν
3519 2582 3617 2633 τοῦ

1976 2674 2146 2748 πυρὸς
2199 2674 2290 2728 καὶ
2347 2673 2400 2729 ἐν
2455 2677 2524 2747 τῇ
2579 2673 2749 2748 κρίσει
2806 2673 2896 2728 καὶ
2952 2673 3046 2734 τὰς
3115 2669 3385 2748 ἐνεργείας
3452 2667 3618 2723 αὐτοῦ

1977 2759 2170 2833 διέλοι,
2227 2763 2326 2831 τὴν
2387 2762 2716 2840 φωτιστικὴν
2781 2761 2858 2825 εἰς
2912 2760 3038 2824 τοὺς
3094 2757 3356 2832 δικαίους,
3387 2755 3464 2821 εἶς
3491 2754 3620 2819 τοὺς

1978 2848 2340 2925 ἁμαρτωλοὺς
2369 2851 2458 2905 καὶ
2487 2852 2586 2920 τὴν
2617 2853 2932 2921 καυστικὴν.

2050 2961 2079 2989 ››
2111 2940 2275 3008 Φωνὴ
2327 2939 2524 3015 Κυρίου
2579 2939 2918 3002 συσσείοντος
2964 2937 3191 3012 ἔρημον.
3259 2959 3288 2989 »
3340 2940 3618 2990 -Μετα-

1976 3030 2254 3090 κινοῦντος
2278 3027 2346 3084 τὰ
2375 3025 2499 3097 ἔθνη
2532 3028 2670 3105 πρὸς
2699 3032 2831 3083 Θεοῦ
2861 3031 3079 3102 γνῶσιν.

2050 3139 2080 3166 ‹‹
2111 3116 2210 3170 Καὶ
2268 3115 2429 3171 σείσει
2489 3115 2683 3194 Κύριος
2741 3118 2841 3186 τὴν
2898 3111 3104 3192 ἔρημον
3149 3111 3350 3184 Κάδης.
3389 3131 3418 3166 ι
3450 3142 3520 3154 -ι-
3548 3109 3622 3166 Οὐ

1978 3209 2148 3260 πᾶσαν
2198 3203 2422 3280 ἔρημον,
2477 3204 2624 3263 ἀλλὰ
2665 3207 2765 3276 τὴν
2813 3202 3015 3276 Κάδης,
3057 3201 3180 3273 ἤτοι
3209 3204 3310 3272 τὴν
3345 3199 3497 3278 ἁγίαν
3530 3197 3622 3256 καὶ

1980 3292 2364 3371 ἀφωρισμένην
2399 3293 2567 3367 αὐτῷ.

2054 3406 2084 3434 ‹‹
2145 3383 2307 3452 Φωνὴ
2365 3383 2566 3458 Κυρίου
2621 3380 3076 3460 καταρτιζομένου
3141 3377 3393 3458 ἐλάφους.
3471 3400 3501 3430 n
3558 3408 3630 3419 —

1979 3470 2114 3534 Τοὺς
2167 3475 2466 3534 πατοῦντας
2523 3471 2702 3527 ἐπάνω
2760 3466 2933 3550 ὄφεων
2992 3467 3331 3532 ἀποστόλους
3389 3466 3467 3529 εἷς
3496 3462 3622 3540 δρό-

1985 3579 2084 3633 μον
2138 3564 2236 3614 τοῦ
2290 3560 2644 3636 κηρύγματος
2713 3557 3127 3615 τελειοποιοῦσα
3349 3553 3616 3631 ἐνισχύσει

1978 3652 2075 3702 τοῦ
2104 3647 2242 3703 Πνεύ
2251 3669 2440 3722 ματος.

2058 3759 2080 3788 ι
2142 3736 2241 3791 Καὶ
2297 3735 2635 3810 ἀποκαλύψει
2693 3733 2954 3812 δρυμούς.
3009 3758 3037 3788 ››
3097 3768 3165 3778 -
3211 3733 3317 3790 Καὶ
3348 3731 3618 3809 ἐκκαθάρῃ

1977 3826 2075 3889 τὰς
2109 3824 2484 3899 ὑλομανούσας
2515 3825 2694 3903 ψυχὰς
2724 3830 2831 3881 τῶν
2863 3824 3051 3883 ἐθνῶν.

2053 3939 2084 3968 ‹‹
2112 3915 2213 3970 Καὶ
2267 3915 2320 3969 ἐν
2373 3914 2454 3989 τῷ
2509 3917 2622 3989 ναῷ
2663 3915 2829 3971 αὐτοῦ
2865 3920 2971 3978 πᾶς
2999 3935 3082 3978 τις
3116 3913 3261 3992 λέγει
3295 3911 3469 3985 δόξαν.
3504 3935 3534 3966 ››
3561 3943 3630 3955 --

1982 4003 2082 4059 Καὶ
2165 4001 2215 4058 ἐν
2273 4003 2431 4060 παντὶ
2513 4009 2626 4077 ναῷ
2705 4003 2868 4060 αὐτοῦ
2951 4003 3056 4067 πᾶς
3139 4003 3427 4066 πιστεύσας
3512 3997 3626 4074 ᾄσει

1983 4090 2170 4166 ὕμνον.

2056 4204 2085 4233 ‹‹
2144 4179 2341 4258 Κύριος
2396 4182 2486 4237 τὸν
2537 4181 2917 4256 κατακλυσμὸν
2975 4185 3238 4240 κατοικεῖ.
3295 4204 3324 4234 η
3385 4212 3454 4224 -
3521 4180 3629 4249 Τὴν

1981 4267 2318 4325 κλεισθεῖσαν
2417 4274 2486 4345 τῇ
2588 4269 2768 4345 πλάνῃ
2870 4272 3188 4347 συναγωγὴν
3261 4272 3369 4325 τῶν
3458 4267 3622 4332 ἐθνῶν

1985 4359 2308 4433 οἰκουμένην
2379 4362 2598 4431 ποιήσει
2670 4365 2787 4423 τοῖς
2886 4364 2984 4416 τοῦ
3058 4358 3371 4432 Πνεύματος
3463 4355 3624 4433 χαρί-

1984 4468 2168 4522 σμασι.

2059 4559 2081 4587 ι
2124 4535 2223 4591 Καὶ
2252 4537 2513 4592 καθιεῖται
2542 4536 2740 4610 Κύριος
2775 4535 3027 4613 βασιλεὺς
3077 4536 3151 4600 εἰς
3201 4535 3294 4591 τδν
3350 4533 3544 4591 αἰῶνα.
3597 4555 3626 4589 ι

1981 4657 2052 4670 -—
2078 4624 2150 4680 T6
2205 4630 2468 4689 καθιεῖται
2525 4625 2641 4682 ἀντὶ
2686 4630 2784 4681 τοῦ
2840 4632 2988 4700 μενεῖ
3027 4623 3115 4681 διὰ
3141 4626 3203 4680 τὸ
3230 4627 3329 4695 τῆς
3360 4618 3630 4686 εὐσεϐείας

1984 4712 2372 4788 ἀμετάπτωτον
2383 4757 2397 4771 .

2577 4833 2876 4884 ΨΔΛΜΟΣ
2915 4831 3034 4886 ΚΘ’.
3063 4815 3074 4832 '

2053 4950 2082 4978 «
2113 4925 2210 4988 Εἷς
2239 4927 2304 4981 τὸ
2331 4927 2510 4999 τέλος,
2540 4930 2619 4999 τῷ
2665 4923 2835 4982 Λαυῒδ
2880 4925 3101 5000 ψαλμὸς
3133 4924 3282 5000 ᾠδῆς
3307 4929 3404 4982 τοῦ
3443 4925 3624 5001 ἐγκαιο

1980 5019 2178 5088 νισμοῦ
2207 5019 2302 5069 τοῦ
2333 5011 2506 5072 οἷ’κου.
2542 5038 2572 5067 ››
2631 5048 2698 5058 -
2753 5010 3150 5091 ’Υπερϐατικῶς
3208 5014 3427 5090 ψαλμὸς
3480 5012 3627 5089 ᾠδῆς

1979 5107 2077 5158 τοῦ
2135 5101 2320 5162 Δαυΐδ.
2373 5104 2430 5157 '0
2487 5100 2546 5159 δὲ
2598 5107 2697 5158 τοῦ
2757 5101 2911 5158 οἷθιου
2955 5103 3305 5178 ἐγκαινισμὸς
3335 5101 3627 5177 δηλοῖμεν

1981 5191 2070 5247 καὶ
2127 5193 2225 5260 τὴν
2287 5191 2364 5255 εἷς
2416 5192 2480 5247 τὸ
2537 5191 2898 5271 προφητεύειν
2960 5191 3252 5268 ἐγκαίνισιν
3309 5195 3406 5262 τῆς
3443 5195 3629 5269 ψυχῆς

1979 5284 2076 5335 τοῦ
2126 5277 2289 5335 Δαυΐδ
2331 5300 2344 5314 ·
2401 5287 2502 5352 τῆς
2565 5279 2867 5356 γενομένης
2935 5277 3088 5337 οἷὸιου
3142 5286 3239 5337 τοῦ
3285 5286 3630 5362 προφητικοῦ

1981 5368 2319 5446 χαρίσματος
2349 5368 2472 5440 ¹ἥτις
2502 5368 2788 5446 ἐγκαίνισις
2821 5367 2910 5424 διὰ
2943 5369 3223 5443 μετανοίας
3255 5369 3446 5448 γέγονε
3497 5372 3632 5444 μετᾶ

1978 5460 2080 5527 τὴν
2113 5457 2199 5513 ἐπὶ
2225 5459 2318 5514 τὸν
2351 5457 2546 5535 Οὐρίαν
2578 5457 2938 5534 παρανομίαν·
2974 5457 3140 5530 δηλοῖ
3168 5457 3225 5515 δὲ
3252 5460 3342 5515 καὶ
3381 5461 3481 5529 τὴν
3526 5465 3631 5530 τῆς

1981 5545 2308 5617 Ἐκκλησίας
2335 5552 2442 5602 τῶν
2477 5551 2680 5603 πιστῶν
2706 5547 3053 5618 ἀνακαίνησιν
3086 5546 3176 5604 διὰ
3200 5555 3301 5620 τῆς
3346 5547 3632 5626 ἀναγεννή-

1981 5657 2118 5699 σεως
2145 5640 2242 5691 τοῦ
2277 5637 2674 5712 βαπτίσματος.

2053 5749 2083 5780 ‹‹
2113 5725 2339 5799 Ὑψώσω
2401 5747 2478 5799 σε,
2536 5726 2717 5801 Κύριε,
2780 5725 2865 5782 ὅτι
2924 5723 3190 5792 ὑπέλαϐές
3244 5749 3329 5803 με,
3385 5727 3478 5784 καὶ
3529 5727 3630 5785 οὐκ

1981 5811 2244 5896 εὔφρανας
2292 5814 2418 5880 τοὺς
2477 5815 2710 5894 ἐχθρούς
2769 5837 2877 5892 μου
2906 5815 2986 5874 ἐπ’
3012 5816 3129 5894 ἐμέ.
3163 5841 3194 5872 ››
3224 5850 3294 5865 --
3319 5812 3627 5898 Μεγαλυνῶ
