  <div class='ocr_page' id='page_1' title='image "/cluster/home/n/w/nwhite01/storage/ocr_20150623/142/mdp.39015078384792/728.png"; bbox 0 0 3988 6466; ppageno 0'>
   <div class='ocr_carea' id='block_1_1' title="bbox 202 482 352 544">
    <p class='ocr_par' dir='ltr' id='par_1_1' title="bbox 202 482 352 544">
     <span class='ocr_line' id='line_1_1' title="bbox 202 482 352 544; baseline -0.013 0"><span class='ocrx_word' id='word_1_1' title='bbox 202 482 352 544; x_wconf 59' lang='grc' dir='ltr'>λιιι</span> 
     </span>
    </p>
   </div>
   <div class='ocr_carea' id='block_1_2' title="bbox 1418 476 2383 549">
    <p class='ocr_par' dir='ltr' id='par_1_2' title="bbox 1418 476 2383 549">
     <span class='ocr_line' id='line_1_2' title="bbox 1418 476 2383 549; baseline 0.003 -6"><span class='ocrx_word' id='word_1_2' title='bbox 1418 476 1832 546; x_wconf 73' lang='lat' dir='ltr'>EXPOSITIO</span> <span class='ocrx_word' id='word_1_3' title='bbox 1870 481 1954 547; x_wconf 76' lang='grc' dir='ltr'>-ῙΝ</span> <span class='ocrx_word' id='word_1_4' title='bbox 1998 481 2383 549; x_wconf 69' lang='lat' dir='ltr'>PSALMOS.</span> 
     </span>
    </p>
   </div>
   <div class='ocr_carea' id='block_1_3' title="bbox 3448 491 3606 558">
    <p class='ocr_par' dir='ltr' id='par_1_3' title="bbox 3448 491 3606 558">
     <span class='ocr_line' id='line_1_3' title="bbox 3448 491 3606 558; baseline 0.025 -4"><span class='ocrx_word' id='word_1_5' title='bbox 3448 491 3606 558; x_wconf 66' lang='lat' dir='ltr'>i412</span> 
     </span>
    </p>
   </div>
   <div class='ocr_carea' id='block_1_4' title="bbox 205 597 3608 702">
    <p class='ocr_par' dir='ltr' id='par_1_4' title="bbox 205 597 3608 702">
     <span class='ocr_line' id='line_1_4' title="bbox 205 597 3608 702; baseline 0.003 -33"><span class='ocrx_word' id='word_1_6' title='bbox 205 632 370 688; x_wconf 84' lang='grc' dir='ltr'>νομον</span> <span class='ocrx_word' id='word_1_7' title='bbox 417 606 901 702; x_wconf 34' lang='grc' dir='ltr'>συμϐουλήν-καὶ</span> <span class='ocrx_word' id='word_1_8' title='bbox 948 597 1310 702; x_wconf 70' lang='grc' dir='ltr'>ὑπερηφανίαν</span> <span class='ocrx_word' id='word_1_9' title='bbox 1364 613 1457 687; x_wconf 73' lang='grc' dir='ltr'>μὶν</span> <span class='ocrx_word' id='word_1_10' title='bbox 1497 615 1604 684; x_wconf 80' lang='grc' dir='ltr'>τὴν</span> <span class='ocrx_word' id='word_1_11' title='bbox 1655 611 1938 684; x_wconf 61' lang='grc' dir='ltr'>ἀλαζοηλ</span> <span class='ocrx_word' id='word_1_12' title='bbox 1967 614 2086 692; x_wconf 87' lang='grc' dir='ltr'>ρίας</span> <span class='ocrx_word' id='word_1_13' title='bbox 2117 615 2195 679; x_wconf 81' lang='grc' dir='ltr'>είς</span> <span class='ocrx_word' id='word_1_14' title='bbox 2245 615 2548 689; x_wconf 80' lang='grc' dir='ltr'>ἀθλιότητα</span> <span class='ocrx_word' id='word_1_15' title='bbox 2601 619 2654 675; x_wconf 89' lang='grc' dir='ltr'>ἐν</span> <span class='ocrx_word' id='word_1_16' title='bbox 2707 623 2788 693; x_wconf 74' lang='grc' dir='ltr'>τῷ</span> <span class='ocrx_word' id='word_1_17' title='bbox 2837 618 3154 699; x_wconf 73' lang='grc' dir='ltr'>ἐμπαγῆναί</span> <span class='ocrx_word' id='word_1_18' title='bbox 3190 644 3282 697; x_wconf 87' lang='grc' dir='ltr'>μοι</span> <span class='ocrx_word' id='word_1_19' title='bbox 3311 624 3411 693; x_wconf 78' lang='grc' dir='ltr'>τὴν</span> <span class='ocrx_word' id='word_1_20' title='bbox 3441 626 3608 702; x_wconf 81' lang='grc' dir='ltr'>ἆμαρ·</span> 
     </span>
    </p>
   </div>
   <div class='ocr_carea' id='block_1_5' title="bbox 207 697 1175 777">
    <p class='ocr_par' dir='ltr' id='par_1_5' title="bbox 207 697 1175 777">
     <span class='ocr_line' id='line_1_5' title="bbox 207 697 1175 777; baseline 0.001 -20"><span class='ocrx_word' id='word_1_21' title='bbox 207 702 370 775; x_wconf 87' lang='grc' dir='ltr'>νείαν,</span> <span class='ocrx_word' id='word_1_22' title='bbox 405 699 748 773; x_wconf 79' lang='grc' dir='ltr'>ἐξουδὲνωσιν</span> <span class='ocrx_word' id='word_1_23' title='bbox 783 698 840 755; x_wconf 75' lang='grc' dir='ltr'>δὶ</span> <span class='ocrx_word' id='word_1_24' title='bbox 865 702 965 770; x_wconf 73' lang='grc' dir='ltr'>τὴν</span> <span class='ocrx_word' id='word_1_25' title='bbox 998 697 1175 777; x_wconf 77' lang='grc' dir='ltr'>ὕϐριν.</span> 
     </span>
    </p>
   </div>
   <div class='ocr_carea' id='block_1_6' title="bbox 282 787 1854 867">
    <p class='ocr_par' dir='ltr' id='par_1_6' title="bbox 282 787 1854 867">
     <span class='ocr_line' id='line_1_6' title="bbox 282 787 1854 867; baseline 0.001 -22"><span class='ocrx_word' id='word_1_26' title='bbox 282 814 310 844; x_wconf 85' lang='grc'>‹‹</span> <span class='ocrx_word' id='word_1_27' title='bbox 341 793 429 853; x_wconf 74' lang='grc' dir='ltr'>Ὠς</span> <span class='ocrx_word' id='word_1_28' title='bbox 467 789 614 845; x_wconf 79' lang='grc' dir='ltr'>πολὺ</span> <span class='ocrx_word' id='word_1_29' title='bbox 649 791 712 845; x_wconf 87' lang='grc' dir='ltr'>τὸ</span> <span class='ocrx_word' id='word_1_30' title='bbox 739 787 952 860; x_wconf 86' lang='grc' dir='ltr'>πλῆθος</span> <span class='ocrx_word' id='word_1_31' title='bbox 1001 797 1103 858; x_wconf 82' lang='grc' dir='ltr'>τῆς</span> <span class='ocrx_word' id='word_1_32' title='bbox 1159 791 1540 867; x_wconf 88' lang='grc' dir='ltr'>χρηστότητός</span> <span class='ocrx_word' id='word_1_33' title='bbox 1598 813 1715 862; x_wconf 88' lang='grc' dir='ltr'>σου,</span> <span class='ocrx_word' id='word_1_34' title='bbox 1747 790 1854 846; x_wconf 88' lang='grc' dir='ltr'>Κύ-</span> 
     </span>
    </p>
   </div>
   <div class='ocr_carea' id='block_1_7' title="bbox 213 873 1854 958">
    <p class='ocr_par' dir='ltr' id='par_1_7' title="bbox 213 873 1854 958">
     <span class='ocr_line' id='line_1_7' title="bbox 213 873 1854 958; baseline 0 -24"><span class='ocrx_word' id='word_1_35' title='bbox 213 899 311 956; x_wconf 90' lang='grc' dir='ltr'>ριε,</span> <span class='ocrx_word' id='word_1_36' title='bbox 342 883 411 949; x_wconf 75' lang='grc' dir='ltr'>ἧς</span> <span class='ocrx_word' id='word_1_37' title='bbox 442 875 677 956; x_wconf 77' lang='grc' dir='ltr'>ἔκρυψας</span> <span class='ocrx_word' id='word_1_38' title='bbox 728 885 846 941; x_wconf 87' lang='grc' dir='ltr'>τοῖς</span> <span class='ocrx_word' id='word_1_39' title='bbox 904 873 1267 958; x_wconf 76' lang='grc' dir='ltr'>φοϐουμένοις</span> <span class='ocrx_word' id='word_1_40' title='bbox 1322 901 1400 938; x_wconf 87' lang='grc' dir='ltr'>σε.</span> <span class='ocrx_word' id='word_1_41' title='bbox 1435 904 1465 933; x_wconf 88' lang='grc'><strong>››</strong></span> <span class='ocrx_word' id='word_1_42' title='bbox 1494 912 1563 924; x_wconf 87' lang='lat'><strong>--</strong></span> <span class='ocrx_word' id='word_1_43' title='bbox 1590 882 1687 936; x_wconf 85' lang='grc' dir='ltr'>Ἢν</span> <span class='ocrx_word' id='word_1_44' title='bbox 1721 879 1854 935; x_wconf 85' lang='grc' dir='ltr'>ἀπό-</span> 
     </span>
    </p>
   </div>
   <div class='ocr_carea' id='block_1_8' title="bbox 1968 883 2619 961">
    <p class='ocr_par' dir='ltr' id='par_1_8' title="bbox 1968 883 2619 961">
     <span class='ocr_line' id='line_1_8' title="bbox 1968 883 2619 961; baseline 0.003 -24"><span class='ocrx_word' id='word_1_45' title='bbox 1968 903 2072 954; x_wconf 88' lang='grc' dir='ltr'>μου</span> <span class='ocrx_word' id='word_1_46' title='bbox 2125 884 2225 939; x_wconf 85' lang='grc' dir='ltr'>οὐκ</span> <span class='ocrx_word' id='word_1_47' title='bbox 2280 883 2543 961; x_wconf 79' lang='grc' dir='ltr'>ἐκάλυψα.</span> <span class='ocrx_word' id='word_1_48' title='bbox 2589 911 2619 940; x_wconf 85' lang='lat'><strong>»</strong></span> 
     </span>
    </p>
   </div>
   <div class='ocr_carea' id='block_1_9' title="bbox 1958 704 2099 760">
    <p class='ocr_par' dir='ltr' id='par_1_9' title="bbox 1958 704 2099 760">
     <span class='ocr_line' id='line_1_9' title="bbox 1958 704 2099 760; baseline 0.014 -2"><span class='ocrx_word' id='word_1_49' title='bbox 1958 704 2099 760; x_wconf 82' lang='grc' dir='ltr'>τίαν.</span> 
     </span>
    </p>
   </div>
   <div class='ocr_carea' id='block_1_10' title="bbox 2035 796 3605 881">
    <p class='ocr_par' dir='ltr' id='par_1_10' title="bbox 2035 796 3605 881">
     <span class='ocr_line' id='line_1_10' title="bbox 2035 796 3605 881; baseline 0.008 -34"><span class='ocrx_word' id='word_1_50' title='bbox 2035 819 2063 846; x_wconf 79' lang='grc' dir='ltr'>ι(</span> <span class='ocrx_word' id='word_1_51' title='bbox 2095 796 2203 864; x_wconf 79' lang='grc' dir='ltr'>Τήν</span> <span class='ocrx_word' id='word_1_52' title='bbox 2273 797 2498 871; x_wconf 77' lang='grc' dir='ltr'>ἀνομίαν</span> <span class='ocrx_word' id='word_1_53' title='bbox 2556 820 2660 872; x_wconf 87' lang='grc' dir='ltr'>μου</span> <span class='ocrx_word' id='word_1_54' title='bbox 2717 799 2982 876; x_wconf 80' lang='grc' dir='ltr'>ἐγνώρισα</span> <span class='ocrx_word' id='word_1_55' title='bbox 3035 803 3127 856; x_wconf 88' lang='grc' dir='ltr'>καὶ</span> <span class='ocrx_word' id='word_1_56' title='bbox 3181 802 3279 871; x_wconf 79' lang='grc' dir='ltr'>τὴν</span> <span class='ocrx_word' id='word_1_57' title='bbox 3341 803 3605 881; x_wconf 74' lang='grc' dir='ltr'>ἁμαρτίαν</span> 
     </span>
    </p>
   </div>
   <div class='ocr_carea' id='block_1_11' title="bbox 2659 888 3612 967">
    <p class='ocr_par' dir='ltr' id='par_1_11' title="bbox 2659 888 3612 967">
     <span class='ocr_line' id='line_1_11' title="bbox 2659 888 3612 967; baseline 0.007 -25"><span class='ocrx_word' id='word_1_58' title='bbox 2659 921 2728 932; x_wconf 92' lang='grc'><strong><em>-</em></strong></span> <span class='ocrx_word' id='word_1_59' title='bbox 2779 888 2845 943; x_wconf 84' lang='grc' dir='ltr'><strong>Εἰ</strong></span> <span class='ocrx_word' id='word_1_60' title='bbox 2917 889 3005 944; x_wconf 82' lang='grc' dir='ltr'>καὶ</span> <span class='ocrx_word' id='word_1_61' title='bbox 3081 889 3442 967; x_wconf 75' lang='grc' dir='ltr'>αύθορμήτως</span> <span class='ocrx_word' id='word_1_62' title='bbox 3514 893 3612 949; x_wconf 80' lang='grc' dir='ltr'>οὐκ</span> 
     </span>
    </p>
   </div>
   <div class='ocr_carea' id='block_1_12' title="bbox 209 965 3612 1059">
    <p class='ocr_par' dir='ltr' id='par_1_12' title="bbox 209 965 3612 1059">
     <span class='ocr_line' id='line_1_12' title="bbox 209 965 3612 1059; baseline 0.003 -35"><span class='ocrx_word' id='word_1_63' title='bbox 209 979 358 1059; x_wconf 80' lang='grc' dir='ltr'>θετον</span> <span class='ocrx_word' id='word_1_64' title='bbox 419 966 711 1059; x_wconf 85' lang='grc' dir='ltr'>φυλάσσεις</span> <span class='ocrx_word' id='word_1_65' title='bbox 764 972 881 1031; x_wconf 83' lang='grc' dir='ltr'>τοῖς</span> <span class='ocrx_word' id='word_1_66' title='bbox 940 965 1160 1030; x_wconf 89' lang='grc' dir='ltr'>δούλοις</span> <span class='ocrx_word' id='word_1_67' title='bbox 1225 990 1326 1024; x_wconf 90' lang='grc' dir='ltr'>σου</span> <span class='ocrx_word' id='word_1_68' title='bbox 1401 970 1688 1046; x_wconf 82' lang='grc' dir='ltr'>γυμνάζων</span> <span class='ocrx_word' id='word_1_69' title='bbox 1755 969 1855 1038; x_wconf 79' lang='grc' dir='ltr'>τὴν</span> <span class='ocrx_word' id='word_1_70' title='bbox 1963 969 2256 1049; x_wconf 88' lang='grc' dir='ltr'>ἐφαύλισας</span> <span class='ocrx_word' id='word_1_71' title='bbox 2309 976 2407 1044; x_wconf 80' lang='grc' dir='ltr'>τήν</span> <span class='ocrx_word' id='word_1_72' title='bbox 2468 975 2608 1048; x_wconf 78' lang='grc' dir='ltr'>ἐμὴν</span> <span class='ocrx_word' id='word_1_73' title='bbox 2664 977 2952 1053; x_wconf 79' lang='grc' dir='ltr'>ἁμαρτίαν,</span> <span class='ocrx_word' id='word_1_74' title='bbox 3009 977 3134 1033; x_wconf 83' lang='grc' dir='ltr'>ἀλλ’</span> <span class='ocrx_word' id='word_1_75' title='bbox 3163 965 3251 1034; x_wconf 77' lang='grc' dir='ltr'>ὅτε</span> <span class='ocrx_word' id='word_1_76' title='bbox 3279 978 3612 1059; x_wconf 78' lang='grc' dir='ltr'>ἠλεγχόμην</span> 
     </span>
    </p>
   </div>
   <div class='ocr_carea' id='block_1_13' title="bbox 207 1057 749 1131">
    <p class='ocr_par' dir='ltr' id='par_1_13' title="bbox 207 1057 749 1131">
     <span class='ocr_line' id='line_1_13' title="bbox 207 1057 749 1131; baseline 0 -19"><span class='ocrx_word' id='word_1_77' title='bbox 207 1057 412 1113; x_wconf 72' lang='grc' dir='ltr'>τούτων</span> <span class='ocrx_word' id='word_1_78' title='bbox 445 1058 550 1112; x_wconf 89' lang='grc' dir='ltr'>ὑπο</span> <span class='ocrx_word' id='word_1_79' title='bbox 561 1059 749 1131; x_wconf 79' lang='grc' dir='ltr'>μονήν.</span> 
     </span>
    </p>
   </div>
   <div class='ocr_carea' id='block_1_14' title="bbox 278 1143 1858 1224">
    <p class='ocr_par' dir='ltr' id='par_1_14' title="bbox 278 1143 1858 1224">
     <span class='ocr_line' id='line_1_14' title="bbox 278 1143 1858 1224; baseline 0.001 -25"><span class='ocrx_word' id='word_1_80' title='bbox 278 1169 310 1199; x_wconf 74' lang='grc' dir='ltr'>(ι</span> <span class='ocrx_word' id='word_1_81' title='bbox 343 1144 665 1224; x_wconf 76' lang='grc' dir='ltr'>Ἐξειργάσω</span> <span class='ocrx_word' id='word_1_82' title='bbox 720 1152 837 1210; x_wconf 90' lang='grc' dir='ltr'>τοῖς</span> <span class='ocrx_word' id='word_1_83' title='bbox 895 1145 1207 1217; x_wconf 77' lang='grc' dir='ltr'>ἐλπίζουσιν</span> <span class='ocrx_word' id='word_1_84' title='bbox 1268 1143 1357 1202; x_wconf 70' lang='grc' dir='ltr'>ἐπί</span> <span class='ocrx_word' id='word_1_85' title='bbox 1387 1147 1445 1203; x_wconf 68' lang='grc' dir='ltr'>σὲ</span> <span class='ocrx_word' id='word_1_86' title='bbox 1475 1146 1709 1202; x_wconf 85' lang='grc' dir='ltr'>ἐναντίον</span> <span class='ocrx_word' id='word_1_87' title='bbox 1749 1149 1858 1201; x_wconf 89' lang='grc' dir='ltr'>τῶν</span> 
     </span>
    </p>
   </div>
   <div class='ocr_carea' id='block_1_15' title="bbox 1969 1059 3468 1143">
    <p class='ocr_par' dir='ltr' id='par_1_15' title="bbox 1969 1059 3468 1143">
     <span class='ocr_line' id='line_1_15' title="bbox 1969 1059 3468 1143; baseline 0.005 -25"><span class='ocrx_word' id='word_1_88' title='bbox 1969 1059 2071 1118; x_wconf 82' lang='grc' dir='ltr'>ὑπὸ</span> <span class='ocrx_word' id='word_1_89' title='bbox 2101 1061 2274 1117; x_wconf 83' lang='grc' dir='ltr'>Νάθαν</span> <span class='ocrx_word' id='word_1_90' title='bbox 2300 1063 2456 1128; x_wconf 72' lang='grc' dir='ltr'>εὐθὺς</span> <span class='ocrx_word' id='word_1_91' title='bbox 2495 1065 2832 1143; x_wconf 83' lang='grc' dir='ltr'>ὡμολόγησα</span> <span class='ocrx_word' id='word_1_92' title='bbox 2858 1066 2948 1121; x_wconf 81' lang='grc' dir='ltr'>καὶ</span> <span class='ocrx_word' id='word_1_93' title='bbox 2991 1067 3090 1123; x_wconf 79' lang='grc' dir='ltr'>οὐκ</span> <span class='ocrx_word' id='word_1_94' title='bbox 3118 1069 3468 1143; x_wconf 78' lang='grc' dir='ltr'>ἠρνησάμην.</span> 
     </span>
    </p>
   </div>
   <div class='ocr_carea' id='block_1_16' title="bbox 2044 1151 3621 1233">
    <p class='ocr_par' dir='ltr' id='par_1_16' title="bbox 2044 1151 3621 1233">
     <span class='ocr_line' id='line_1_16' title="bbox 2044 1151 3621 1233; baseline 0.007 -30"><span class='ocrx_word' id='word_1_95' title='bbox 2044 1151 2264 1224; x_wconf 62' lang='lat' dir='ltr'>«EI-na,</span> <span class='ocrx_word' id='word_1_96' title='bbox 2319 1153 2684 1229; x_wconf 82' lang='grc' dir='ltr'>Ἐξαγορεύσω</span> <span class='ocrx_word' id='word_1_97' title='bbox 2741 1157 2856 1210; x_wconf 83' lang='grc' dir='ltr'>κατ’</span> <span class='ocrx_word' id='word_1_98' title='bbox 2917 1155 3052 1229; x_wconf 81' lang='grc' dir='ltr'>ἐμοῦ</span> <span class='ocrx_word' id='word_1_99' title='bbox 3107 1157 3207 1226; x_wconf 76' lang='grc' dir='ltr'>τὴν</span> <span class='ocrx_word' id='word_1_100' title='bbox 3258 1157 3485 1232; x_wconf 80' lang='grc' dir='ltr'>ἀνομίαν</span> <span class='ocrx_word' id='word_1_101' title='bbox 3518 1181 3621 1233; x_wconf 89' lang='grc' dir='ltr'>μου</span> 
     </span>
    </p>
   </div>
   <div class='ocr_carea' id='block_1_17' title="bbox 211 1232 3627 1326">
    <p class='ocr_par' dir='ltr' id='par_1_17' title="bbox 211 1232 3627 1326">
     <span class='ocr_line' id='line_1_17' title="bbox 211 1232 3627 1326; baseline 0.004 -36"><span class='ocrx_word' id='word_1_102' title='bbox 211 1235 339 1326; x_wconf 56' lang='grc' dir='ltr'>ιιῖῶν</span> <span class='ocrx_word' id='word_1_103' title='bbox 381 1240 490 1326; x_wconf 78' lang='grc' dir='ltr'>τῶν</span> <span class='ocrx_word' id='word_1_104' title='bbox 535 1235 856 1326; x_wconf 73' lang='grc' dir='ltr'>ἀνθρώπων.</span> <span class='ocrx_word' id='word_1_105' title='bbox 892 1259 1020 1326; x_wconf 51' lang='lat'>»_-—</span> <span class='ocrx_word' id='word_1_106' title='bbox 1066 1232 1481 1326; x_wconf 72' lang='grc' dir='ltr'>Ἐξεπλήρωσας</span> <span class='ocrx_word' id='word_1_107' title='bbox 2103 1240 2306 1314; x_wconf 80' lang='grc' dir='ltr'>Κυρίῳ,</span> <span class='ocrx_word' id='word_1_108' title='bbox 2362 1240 2452 1296; x_wconf 87' lang='grc' dir='ltr'>καὶ</span> <span class='ocrx_word' id='word_1_109' title='bbox 2503 1242 2566 1296; x_wconf 77' lang='grc' dir='ltr'>σὺ</span> <span class='ocrx_word' id='word_1_110' title='bbox 2625 1244 2835 1320; x_wconf 77' lang='grc' dir='ltr'>ἀφῆκας</span> <span class='ocrx_word' id='word_1_111' title='bbox 2889 1245 2990 1314; x_wconf 80' lang='grc' dir='ltr'>τὴν</span> <span class='ocrx_word' id='word_1_112' title='bbox 3047 1240 3289 1300; x_wconf 83' lang='grc' dir='ltr'>ἀσὲϐειαν</span> <span class='ocrx_word' id='word_1_113' title='bbox 3345 1250 3443 1316; x_wconf 78' lang='grc' dir='ltr'>τῆς</span> <span class='ocrx_word' id='word_1_114' title='bbox 3498 1269 3627 1326; x_wconf 85' lang='grc' dir='ltr'>καρ-</span> 
     </span>
    </p>
   </div>
   <div class='ocr_carea' id='block_1_18' title="bbox 214 1321 1866 1401">
    <p class='ocr_par' dir='ltr' id='par_1_18' title="bbox 214 1321 1866 1401">
     <span class='ocr_line' id='line_1_18' title="bbox 214 1321 1866 1401; baseline -0.002 -21"><span class='ocrx_word' id='word_1_115' title='bbox 214 1322 380 1395; x_wconf 86' lang='grc' dir='ltr'>δηλον</span> <span class='ocrx_word' id='word_1_116' title='bbox 442 1323 676 1401; x_wconf 78' lang='grc' dir='ltr'>εἰργάσω</span> <span class='ocrx_word' id='word_1_117' title='bbox 726 1323 892 1392; x_wconf 79' lang='grc' dir='ltr'>αὐτὴν</span> <span class='ocrx_word' id='word_1_118' title='bbox 941 1323 993 1378; x_wconf 91' lang='grc' dir='ltr'>ἐν</span> <span class='ocrx_word' id='word_1_119' title='bbox 1031 1329 1147 1386; x_wconf 92' lang='grc' dir='ltr'>τοῖς</span> <span class='ocrx_word' id='word_1_120' title='bbox 1199 1323 1511 1394; x_wconf 81' lang='grc' dir='ltr'>ἐλπίζουσιν</span> <span class='ocrx_word' id='word_1_121' title='bbox 1540 1323 1628 1379; x_wconf 86' lang='grc' dir='ltr'>ἐπὶ</span> <span class='ocrx_word' id='word_1_122' title='bbox 1668 1324 1746 1395; x_wconf 74' lang='grc' dir='ltr'>σὲ,</span> <span class='ocrx_word' id='word_1_123' title='bbox 1773 1321 1866 1377; x_wconf 74' lang='grc' dir='ltr'>ὅτε</span> 
     </span>
    </p>
   </div>
   <div class='ocr_carea' id='block_1_19' title="bbox 209 1411 1864 1488">
    <p class='ocr_par' dir='ltr' id='par_1_19' title="bbox 209 1411 1864 1488">
     <span class='ocr_line' id='line_1_19' title="bbox 209 1411 1864 1488; baseline 0 -22"><span class='ocrx_word' id='word_1_124' title='bbox 209 1411 479 1484; x_wconf 68' lang='grc' dir='ltr'>⁴ἷιθέλησιις</span> <span class='ocrx_word' id='word_1_125' title='bbox 539 1411 768 1468; x_wconf 77' lang='grc' dir='ltr'>ἐνώπιον</span> <span class='ocrx_word' id='word_1_126' title='bbox 827 1411 1056 1469; x_wconf 83' lang='grc' dir='ltr'>πολλῶν</span> <span class='ocrx_word' id='word_1_127' title='bbox 1094 1411 1189 1468; x_wconf 76' lang='grc' dir='ltr'>’ίνα</span> <span class='ocrx_word' id='word_1_128' title='bbox 1240 1413 1483 1487; x_wconf 79' lang='grc' dir='ltr'>μάθωσιν</span> <span class='ocrx_word' id='word_1_129' title='bbox 1531 1411 1616 1468; x_wconf 76' lang='grc' dir='ltr'>ὅτι</span> <span class='ocrx_word' id='word_1_130' title='bbox 1667 1413 1864 1488; x_wconf 86' lang='grc' dir='ltr'>ὑπερα-</span> 
     </span>
    </p>
   </div>
   <div class='ocr_carea' id='block_1_20' title="bbox 210 1499 715 1571">
    <p class='ocr_par' dir='ltr' id='par_1_20' title="bbox 210 1499 715 1571">
     <span class='ocr_line' id='line_1_20' title="bbox 210 1499 715 1571; baseline 0.004 -15"><span class='ocrx_word' id='word_1_131' title='bbox 210 1499 415 1571; x_wconf 84' lang='grc' dir='ltr'>σπίζεις</span> <span class='ocrx_word' id='word_1_132' title='bbox 441 1504 551 1556; x_wconf 90' lang='grc' dir='ltr'>τῶν</span> <span class='ocrx_word' id='word_1_133' title='bbox 584 1504 692 1556; x_wconf 89' lang='grc' dir='ltr'>σῶν</span> <span class='ocrx_word' id='word_1_134' title='bbox 703 1543 715 1558; x_wconf 92' lang='grc'>.</span> 
     </span>
    </p>
   </div>
   <div class='ocr_carea' id='block_1_21' title="bbox 282 1588 1870 1670">
    <p class='ocr_par' dir='ltr' id='par_1_21' title="bbox 282 1588 1870 1670">
     <span class='ocr_line' id='line_1_21' title="bbox 282 1588 1870 1670; baseline 0.001 -27"><span class='ocrx_word' id='word_1_135' title='bbox 282 1614 311 1643; x_wconf 86' lang='grc'>‹‹</span> <span class='ocrx_word' id='word_1_136' title='bbox 344 1589 718 1666; x_wconf 82' lang='grc' dir='ltr'>Κατακρύψεις</span> <span class='ocrx_word' id='word_1_137' title='bbox 741 1588 944 1653; x_wconf 78' lang='grc' dir='ltr'>αὐτοὺς</span> <span class='ocrx_word' id='word_1_138' title='bbox 976 1589 1030 1646; x_wconf 84' lang='grc' dir='ltr'>ἐν</span> <span class='ocrx_word' id='word_1_139' title='bbox 1069 1590 1372 1670; x_wconf 77' lang='grc' dir='ltr'>ἀποκρύφῳ</span> <span class='ocrx_word' id='word_1_140' title='bbox 1419 1595 1515 1646; x_wconf 74' lang='grc' dir='ltr'>τοῦ</span> <span class='ocrx_word' id='word_1_141' title='bbox 1566 1591 1870 1667; x_wconf 84' lang='grc' dir='ltr'>προσώπου</span> 
     </span>
    </p>
   </div>
   <div class='ocr_carea' id='block_1_22' title="bbox 213 1677 1868 1758">
    <p class='ocr_par' dir='ltr' id='par_1_22' title="bbox 213 1677 1868 1758">
     <span class='ocr_line' id='line_1_22' title="bbox 213 1677 1868 1758; baseline -0.001 -23"><span class='ocrx_word' id='word_1_142' title='bbox 213 1698 330 1737; x_wconf 81' lang='grc' dir='ltr'>σου.</span> <span class='ocrx_word' id='word_1_143' title='bbox 364 1703 397 1732; x_wconf 83' lang='grc'>»</span> <span class='ocrx_word' id='word_1_144' title='bbox 423 1711 493 1723; x_wconf 93' lang='lat'><strong>—</strong></span> <span class='ocrx_word' id='word_1_145' title='bbox 522 1683 682 1736; x_wconf 79' lang='grc' dir='ltr'>’Ἤτοι</span> <span class='ocrx_word' id='word_1_146' title='bbox 710 1678 840 1742; x_wconf 81' lang='grc' dir='ltr'>τοὺς</span> <span class='ocrx_word' id='word_1_147' title='bbox 867 1679 1189 1749; x_wconf 71' lang='grc' dir='ltr'>’ἐλπίζοντας</span> <span class='ocrx_word' id='word_1_148' title='bbox 1235 1679 1324 1736; x_wconf 86' lang='grc' dir='ltr'>ἐπὶ</span> <span class='ocrx_word' id='word_1_149' title='bbox 1367 1681 1445 1753; x_wconf 74' lang='grc' dir='ltr'>σὲ,</span> <span class='ocrx_word' id='word_1_150' title='bbox 1478 1680 1532 1735; x_wconf 85' lang='grc' dir='ltr'>ἐν</span> <span class='ocrx_word' id='word_1_151' title='bbox 1564 1677 1868 1758; x_wconf 75' lang='grc' dir='ltr'>ἀποκρύφῳ</span> 
     </span>
    </p>
   </div>
   <div class='ocr_carea' id='block_1_23' title="bbox 213 1765 1870 1847">
    <p class='ocr_par' dir='ltr' id='par_1_23' title="bbox 213 1765 1870 1847">
     <span class='ocr_line' id='line_1_23' title="bbox 213 1765 1870 1847; baseline -0.001 -23"><span class='ocrx_word' id='word_1_152' title='bbox 213 1768 367 1842; x_wconf 79' lang='grc' dir='ltr'>τόπῳ</span> <span class='ocrx_word' id='word_1_153' title='bbox 397 1766 614 1839; x_wconf 78' lang='grc' dir='ltr'>δηλαδὴ</span> <span class='ocrx_word' id='word_1_154' title='bbox 640 1771 739 1824; x_wconf 71' lang='grc' dir='ltr'>τοῦ</span> <span class='ocrx_word' id='word_1_155' title='bbox 767 1765 1223 1846; x_wconf 73' lang='grc' dir='ltr'>προσώπου,ἤτοι</span> <span class='ocrx_word' id='word_1_156' title='bbox 1243 1774 1338 1824; x_wconf 76' lang='grc' dir='ltr'>σοῦ</span> <span class='ocrx_word' id='word_1_157' title='bbox 1357 1769 1494 1825; x_wconf 85' lang='grc' dir='ltr'>κατά</span> <span class='ocrx_word' id='word_1_158' title='bbox 1520 1768 1870 1847; x_wconf 78' lang='grc' dir='ltr'>περίφρασιν,</span> 
     </span>
    </p>
   </div>
   <div class='ocr_carea' id='block_1_24' title="bbox 218 1857 1348 1935">
    <p class='ocr_par' dir='ltr' id='par_1_24' title="bbox 218 1857 1348 1935">
     <span class='ocr_line' id='line_1_24' title="bbox 218 1857 1348 1935; baseline 0 -23"><span class='ocrx_word' id='word_1_159' title='bbox 218 1857 305 1913; x_wconf 82' lang='grc' dir='ltr'>καὶ</span> <span class='ocrx_word' id='word_1_160' title='bbox 336 1857 442 1935; x_wconf 82' lang='grc' dir='ltr'>οὑχ</span> <span class='ocrx_word' id='word_1_161' title='bbox 472 1857 790 1933; x_wconf 82' lang='grc' dir='ltr'>εὑρήσουσιν</span> <span class='ocrx_word' id='word_1_162' title='bbox 823 1857 1017 1920; x_wconf 79' lang='grc' dir='ltr'>αὐτοὺς</span> <span class='ocrx_word' id='word_1_163' title='bbox 1052 1859 1103 1912; x_wconf 79' lang='grc' dir='ltr'>οἱ</span> <span class='ocrx_word' id='word_1_164' title='bbox 1134 1858 1348 1934; x_wconf 88' lang='grc' dir='ltr'>ἐχθροί.</span> 
     </span>
    </p>
   </div>
   <div class='ocr_carea' id='block_1_25' title="bbox 290 1947 1878 2024">
    <p class='ocr_par' dir='ltr' id='par_1_25' title="bbox 290 1947 1878 2024">
     <span class='ocr_line' id='line_1_25' title="bbox 290 1947 1878 2024; baseline 0.004 -24"><span class='ocrx_word' id='word_1_165' title='bbox 290 1972 318 2000; x_wconf 77' lang='grc' dir='ltr'>(ι</span> <span class='ocrx_word' id='word_1_166' title='bbox 355 1948 492 2003; x_wconf 86' lang='grc' dir='ltr'>Ἀπὸ</span> <span class='ocrx_word' id='word_1_167' title='bbox 520 1947 768 2023; x_wconf 73' lang='grc' dir='ltr'>ταραχῆς</span> <span class='ocrx_word' id='word_1_168' title='bbox 797 1947 1116 2024; x_wconf 81' lang='grc' dir='ltr'>ἀνθρώπων.</span> <span class='ocrx_word' id='word_1_169' title='bbox 1145 1971 1174 2000; x_wconf 93' lang='grc'><strong>››</strong></span> <span class='ocrx_word' id='word_1_170' title='bbox 1205 1979 1275 1991; x_wconf 88' lang='lat'>--</span> <span class='ocrx_word' id='word_1_171' title='bbox 1304 1949 1392 2003; x_wconf 88' lang='grc' dir='ltr'>Ἐν</span> <span class='ocrx_word' id='word_1_172' title='bbox 1422 1951 1597 2024; x_wconf 81' lang='grc' dir='ltr'>καιρῷ</span> <span class='ocrx_word' id='word_1_173' title='bbox 1623 1947 1878 2023; x_wconf 73' lang='grc' dir='ltr'>ταραχῆς</span> 
     </span>
    </p>
   </div>
   <div class='ocr_carea' id='block_1_26' title="bbox 221 2034 1876 2112">
    <p class='ocr_par' dir='ltr' id='par_1_26' title="bbox 221 2034 1876 2112">
     <span class='ocr_line' id='line_1_26' title="bbox 221 2034 1876 2112; baseline -0.003 -19"><span class='ocrx_word' id='word_1_174' title='bbox 221 2036 609 2106; x_wconf 83' lang='grc' dir='ltr'>στασιαζόντων</span> <span class='ocrx_word' id='word_1_175' title='bbox 684 2036 984 2112; x_wconf 85' lang='grc' dir='ltr'>ἀνθρώπων</span> <span class='ocrx_word' id='word_1_176' title='bbox 1042 2036 1133 2092; x_wconf 88' lang='grc' dir='ltr'>καὶ</span> <span class='ocrx_word' id='word_1_177' title='bbox 1189 2036 1241 2093; x_wconf 88' lang='grc' dir='ltr'>ἐν</span> <span class='ocrx_word' id='word_1_178' title='bbox 1307 2041 1482 2109; x_wconf 81' lang='grc' dir='ltr'>καιρῷ</span> <span class='ocrx_word' id='word_1_179' title='bbox 1557 2034 1876 2110; x_wconf 83' lang='grc' dir='ltr'>ἀντιλογίας</span> 
     </span>
    </p>
   </div>
   <div class='ocr_carea' id='block_1_27' title="bbox 219 2123 1872 2203">
    <p class='ocr_par' dir='ltr' id='par_1_27' title="bbox 219 2123 1872 2203">
     <span class='ocr_line' id='line_1_27' title="bbox 219 2123 1872 2203; baseline -0.003 -21"><span class='ocrx_word' id='word_1_180' title='bbox 219 2125 502 2203; x_wconf 80' lang='grc' dir='ltr'>γλῶσσῶν.</span> <span class='ocrx_word' id='word_1_181' title='bbox 531 2126 690 2182; x_wconf 88' lang='grc' dir='ltr'>’Ήτοι</span> <span class='ocrx_word' id='word_1_182' title='bbox 716 2124 988 2189; x_wconf 84' lang='grc' dir='ltr'>ἀπειθείας</span> <span class='ocrx_word' id='word_1_183' title='bbox 1039 2125 1175 2182; x_wconf 78' lang='grc' dir='ltr'>λαοῦ</span> <span class='ocrx_word' id='word_1_184' title='bbox 1222 2124 1505 2188; x_wconf 83' lang='grc' dir='ltr'>σκεπάσεις</span> <span class='ocrx_word' id='word_1_185' title='bbox 1553 2123 1751 2188; x_wconf 75' lang='grc' dir='ltr'>αὐτοὺς</span> <span class='ocrx_word' id='word_1_186' title='bbox 1797 2123 1872 2186; x_wconf 85' lang='grc' dir='ltr'>ὡς</span> 
     </span>
    </p>
   </div>
   <div class='ocr_carea' id='block_1_28' title="bbox 225 2214 504 2289">
    <p class='ocr_par' dir='ltr' id='par_1_28' title="bbox 225 2214 504 2289">
     <span class='ocr_line' id='line_1_28' title="bbox 225 2214 504 2289; baseline 0.004 -18"><span class='ocrx_word' id='word_1_187' title='bbox 225 2214 275 2271; x_wconf 86' lang='grc' dir='ltr'>ἐν</span> <span class='ocrx_word' id='word_1_188' title='bbox 304 2219 504 2289; x_wconf 82' lang='grc' dir='ltr'>σκηνῇ.</span> 
     </span>
    </p>
   </div>
   <div class='ocr_carea' id='block_1_29' title="bbox 294 2296 1873 2380">
    <p class='ocr_par' dir='ltr' id='par_1_29' title="bbox 294 2296 1873 2380">
     <span class='ocr_line' id='line_1_29' title="bbox 294 2296 1873 2380; baseline 0 -23"><span class='ocrx_word' id='word_1_189' title='bbox 294 2327 322 2356; x_wconf 89' lang='grc'>‹‹</span> <span class='ocrx_word' id='word_1_190' title='bbox 355 2301 675 2380; x_wconf 80' lang='grc' dir='ltr'>Εὐλογητὸς</span> <span class='ocrx_word' id='word_1_191' title='bbox 732 2302 948 2380; x_wconf 82' lang='grc' dir='ltr'>Κύριος,</span> <span class='ocrx_word' id='word_1_192' title='bbox 1009 2302 1091 2360; x_wconf 75' lang='grc' dir='ltr'>ὅτι</span> <span class='ocrx_word' id='word_1_193' title='bbox 1161 2302 1544 2378; x_wconf 83' lang='grc' dir='ltr'>ἐθαυμάστωσε</span> <span class='ocrx_word' id='word_1_194' title='bbox 1597 2302 1660 2358; x_wconf 77' lang='grc' dir='ltr'>τὸ</span> <span class='ocrx_word' id='word_1_195' title='bbox 1719 2296 1873 2364; x_wconf 77' lang='grc' dir='ltr'>ἕλεος</span> 
     </span>
    </p>
   </div>
   <div class='ocr_carea' id='block_1_30' title="bbox 225 2389 1878 2471">
    <p class='ocr_par' dir='ltr' id='par_1_30' title="bbox 225 2389 1878 2471">
     <span class='ocr_line' id='line_1_30' title="bbox 225 2389 1878 2471; baseline -0.002 -23"><span class='ocrx_word' id='word_1_196' title='bbox 225 2391 386 2449; x_wconf 77' lang='grc' dir='ltr'>αὑτοῦ</span> <span class='ocrx_word' id='word_1_197' title='bbox 442 2391 495 2448; x_wconf 84' lang='grc' dir='ltr'>ἐν</span> <span class='ocrx_word' id='word_1_198' title='bbox 553 2389 714 2448; x_wconf 83' lang='grc' dir='ltr'>πόλει</span> <span class='ocrx_word' id='word_1_199' title='bbox 766 2399 1057 2470; x_wconf 79' lang='grc' dir='ltr'>περιοχῆς.</span> <span class='ocrx_word' id='word_1_200' title='bbox 1092 2417 1122 2446; x_wconf 75' lang='grc' dir='ltr'>ι)</span> <span class='ocrx_word' id='word_1_201' title='bbox 1162 2425 1232 2437; x_wconf 77' lang='grc' dir='ltr'>-ο</span> <span class='ocrx_word' id='word_1_202' title='bbox 1288 2391 1595 2471; x_wconf 82' lang='grc' dir='ltr'>Παράδοξον</span> <span class='ocrx_word' id='word_1_203' title='bbox 1651 2391 1878 2462; x_wconf 88' lang='grc' dir='ltr'>ἐποίησε</span> 
     </span>
    </p>
   </div>
   <div class='ocr_carea' id='block_1_31' title="bbox 224 2479 1874 2561">
    <p class='ocr_par' dir='ltr' id='par_1_31' title="bbox 224 2479 1874 2561">
     <span class='ocr_line' id='line_1_31' title="bbox 224 2479 1874 2561; baseline 0.002 -21"><span class='ocrx_word' id='word_1_204' title='bbox 224 2481 287 2540; x_wconf 86' lang='grc' dir='ltr'>τὸ</span> <span class='ocrx_word' id='word_1_205' title='bbox 333 2479 487 2544; x_wconf 80' lang='grc' dir='ltr'>ἔλεος</span> <span class='ocrx_word' id='word_1_206' title='bbox 537 2481 702 2539; x_wconf 58' lang='grc' dir='ltr'>αὐτοῖν⁹</span> <span class='ocrx_word' id='word_1_207' title='bbox 747 2481 801 2538; x_wconf 90' lang='grc' dir='ltr'>ἐν</span> <span class='ocrx_word' id='word_1_208' title='bbox 848 2480 996 2557; x_wconf 77' lang='grc' dir='ltr'>ἐμοὶ,</span> <span class='ocrx_word' id='word_1_209' title='bbox 1038 2483 1442 2561; x_wconf 81' lang='grc' dir='ltr'>χρηματίσαντι</span> <span class='ocrx_word' id='word_1_210' title='bbox 1487 2480 1757 2555; x_wconf 87' lang='grc' dir='ltr'>ἀναλώτῳ</span> <span class='ocrx_word' id='word_1_211' title='bbox 1799 2480 1874 2543; x_wconf 83' lang='grc' dir='ltr'>ὡς</span> 
     </span>
    </p>
   </div>
   <div class='ocr_carea' id='block_1_32' title="bbox 230 2571 937 2648">
    <p class='ocr_par' dir='ltr' id='par_1_32' title="bbox 230 2571 937 2648">
     <span class='ocr_line' id='line_1_32' title="bbox 230 2571 937 2648; baseline 0.003 -20"><span class='ocrx_word' id='word_1_212' title='bbox 230 2571 388 2628; x_wconf 89' lang='grc' dir='ltr'>πόλει</span> <span class='ocrx_word' id='word_1_213' title='bbox 415 2573 937 2648; x_wconf 79' lang='grc' dir='ltr'>περιτετειχισμένῃ.</span> 
     </span>
    </p>
   </div>
   <div class='ocr_carea' id='block_1_33' title="bbox 308 2657 1876 2738">
    <p class='ocr_par' dir='ltr' id='par_1_33' title="bbox 308 2657 1876 2738">
     <span class='ocr_line' id='line_1_33' title="bbox 308 2657 1876 2738; baseline -0.001 -23"><span class='ocrx_word' id='word_1_214' title='bbox 308 2685 330 2714; x_wconf 77' lang='grc' dir='ltr'>ι</span> <span class='ocrx_word' id='word_1_215' title='bbox 364 2661 508 2736; x_wconf 86' lang='grc' dir='ltr'>Ἐγὼ</span> <span class='ocrx_word' id='word_1_216' title='bbox 540 2658 597 2716; x_wconf 76' lang='grc' dir='ltr'>δὲ</span> <span class='ocrx_word' id='word_1_217' title='bbox 629 2660 750 2716; x_wconf 83' lang='grc' dir='ltr'>εἶπα</span> <span class='ocrx_word' id='word_1_218' title='bbox 779 2660 830 2716; x_wconf 85' lang='grc' dir='ltr'>ἐν</span> <span class='ocrx_word' id='word_1_219' title='bbox 860 2665 930 2737; x_wconf 76' lang='grc' dir='ltr'>τῇ</span> <span class='ocrx_word' id='word_1_220' title='bbox 961 2661 1200 2718; x_wconf 86' lang='grc' dir='ltr'>ἐκστάσει</span> <span class='ocrx_word' id='word_1_221' title='bbox 1231 2660 1742 2738; x_wconf 82' lang='grc' dir='ltr'>μου,Ἀπέῥριμμαι</span> <span class='ocrx_word' id='word_1_222' title='bbox 1770 2657 1876 2714; x_wconf 88' lang='grc' dir='ltr'>ἀπὸ</span> 
     </span>
    </p>
   </div>
   <div class='ocr_carea' id='block_1_34' title="bbox 231 2746 1875 2828">
    <p class='ocr_par' dir='ltr' id='par_1_34' title="bbox 231 2746 1875 2828">
     <span class='ocr_line' id='line_1_34' title="bbox 231 2746 1875 2828; baseline -0.002 -22"><span class='ocrx_word' id='word_1_223' title='bbox 231 2753 528 2828; x_wconf 84' lang='grc' dir='ltr'>προσώπου</span> <span class='ocrx_word' id='word_1_224' title='bbox 573 2753 680 2806; x_wconf 89' lang='grc' dir='ltr'>τῶν</span> <span class='ocrx_word' id='word_1_225' title='bbox 733 2748 1033 2828; x_wconf 73' lang='grc' dir='ltr'>ὀφθαλμῶν</span> <span class='ocrx_word' id='word_1_226' title='bbox 1079 2773 1196 2808; x_wconf 86' lang='grc' dir='ltr'>σου.</span> <span class='ocrx_word' id='word_1_227' title='bbox 1229 2775 1259 2804; x_wconf 87' lang='grc'>››</span> <span class='ocrx_word' id='word_1_228' title='bbox 1293 2785 1360 2795; x_wconf 92' lang='grc'><strong>-</strong></span> <span class='ocrx_word' id='word_1_229' title='bbox 1389 2752 1670 2806; x_wconf 87' lang='grc' dir='ltr'>Ἕκστασιν</span> <span class='ocrx_word' id='word_1_230' title='bbox 1731 2746 1875 2824; x_wconf 74' lang='grc' dir='ltr'>λέγει</span> 
     </span>
    </p>
   </div>
   <div class='ocr_carea' id='block_1_35' title="bbox 230 2835 1545 2913">
    <p class='ocr_par' dir='ltr' id='par_1_35' title="bbox 230 2835 1545 2913">
     <span class='ocr_line' id='line_1_35' title="bbox 230 2835 1545 2913; baseline 0 -17"><span class='ocrx_word' id='word_1_231' title='bbox 230 2840 327 2908; x_wconf 75' lang='grc' dir='ltr'>τὴν</span> <span class='ocrx_word' id='word_1_232' title='bbox 369 2837 635 2913; x_wconf 77' lang='grc' dir='ltr'>ἐντροπὴν</span> <span class='ocrx_word' id='word_1_233' title='bbox 674 2846 774 2910; x_wconf 81' lang='grc' dir='ltr'>τῆς</span> <span class='ocrx_word' id='word_1_234' title='bbox 805 2835 934 2894; x_wconf 77' lang='grc' dir='ltr'>ὀδοῦ</span> <span class='ocrx_word' id='word_1_235' title='bbox 956 2844 1064 2896; x_wconf 90' lang='grc' dir='ltr'>τῶν</span> <span class='ocrx_word' id='word_1_236' title='bbox 1099 2839 1256 2896; x_wconf 86' lang='grc' dir='ltr'>θείων</span> <span class='ocrx_word' id='word_1_237' title='bbox 1289 2840 1545 2896; x_wconf 81' lang='grc' dir='ltr'>ἐντολῶν.</span> 
     </span>
    </p>
   </div>
   <div class='ocr_carea' id='block_1_36' title="bbox 305 2924 1878 3008">
    <p class='ocr_par' dir='ltr' id='par_1_36' title="bbox 305 2924 1878 3008">
     <span class='ocr_line' id='line_1_36' title="bbox 305 2924 1878 3008; baseline 0.003 -26"><span class='ocrx_word' id='word_1_238' title='bbox 305 2951 335 2982; x_wconf 75' lang='grc' dir='ltr'>(ι</span> <span class='ocrx_word' id='word_1_239' title='bbox 366 2927 466 2984; x_wconf 85' lang='grc' dir='ltr'>Διά</span> <span class='ocrx_word' id='word_1_240' title='bbox 519 2932 680 2985; x_wconf 79' lang='grc' dir='ltr'>τοῦτο</span> <span class='ocrx_word' id='word_1_241' title='bbox 738 2927 1060 3000; x_wconf 78' lang='grc' dir='ltr'>εἰσήκουσας</span> <span class='ocrx_word' id='word_1_242' title='bbox 1113 2936 1214 2999; x_wconf 85' lang='grc' dir='ltr'>τῆς</span> <span class='ocrx_word' id='word_1_243' title='bbox 1273 2931 1456 3008; x_wconf 80' lang='grc' dir='ltr'>φωνῆς</span> <span class='ocrx_word' id='word_1_244' title='bbox 1512 2930 1610 2997; x_wconf 81' lang='grc' dir='ltr'>τῆς</span> <span class='ocrx_word' id='word_1_245' title='bbox 1641 2924 1878 2997; x_wconf 73' lang='grc' dir='ltr'>δεήσεώς</span> 
     </span>
    </p>
   </div>
   <div class='ocr_carea' id='block_1_37' title="bbox 234 3011 1875 3094">
    <p class='ocr_par' dir='ltr' id='par_1_37' title="bbox 234 3011 1875 3094">
     <span class='ocr_line' id='line_1_37' title="bbox 234 3011 1875 3094; baseline -0.003 -22"><span class='ocrx_word' id='word_1_246' title='bbox 234 3038 361 3093; x_wconf 85' lang='grc' dir='ltr'>μου,</span> <span class='ocrx_word' id='word_1_247' title='bbox 395 3015 449 3072; x_wconf 89' lang='grc' dir='ltr'>ἐν</span> <span class='ocrx_word' id='word_1_248' title='bbox 505 3020 586 3090; x_wconf 76' lang='grc' dir='ltr'>τῷ</span> <span class='ocrx_word' id='word_1_249' title='bbox 639 3018 955 3094; x_wconf 70' lang='grc' dir='ltr'>κεκραγέναι</span> <span class='ocrx_word' id='word_1_250' title='bbox 999 3039 1065 3092; x_wconf 67' lang='grc' dir='ltr'>με</span> <span class='ocrx_word' id='word_1_251' title='bbox 1118 3017 1257 3094; x_wconf 89' lang='grc' dir='ltr'>πρός</span> <span class='ocrx_word' id='word_1_252' title='bbox 1317 3037 1394 3073; x_wconf 79' lang='grc' dir='ltr'>σε.</span> <span class='ocrx_word' id='word_1_253' title='bbox 1430 3039 1458 3068; x_wconf 89' lang='grc'><strong>››</strong></span> <span class='ocrx_word' id='word_1_254' title='bbox 1509 3015 1658 3070; x_wconf 88' lang='grc' dir='ltr'>Διότι</span> <span class='ocrx_word' id='word_1_255' title='bbox 1711 3011 1875 3089; x_wconf 80' lang='grc' dir='ltr'>ἀπερ-</span> 
     </span>
    </p>
   </div>
   <div class='ocr_carea' id='block_1_38' title="bbox 237 3102 1877 3183">
    <p class='ocr_par' dir='ltr' id='par_1_38' title="bbox 237 3102 1877 3183">
     <span class='ocr_line' id='line_1_38' title="bbox 237 3102 1877 3183; baseline 0.001 -23"><span class='ocrx_word' id='word_1_256' title='bbox 237 3105 499 3183; x_wconf 83' lang='grc' dir='ltr'>ῥιμμένον</span> <span class='ocrx_word' id='word_1_257' title='bbox 533 3105 843 3182; x_wconf 81' lang='grc' dir='ltr'>ἡγούμενος</span> <span class='ocrx_word' id='word_1_258' title='bbox 881 3105 1113 3181; x_wconf 86' lang='grc' dir='ltr'>ἐμαυτὸν</span> <span class='ocrx_word' id='word_1_259' title='bbox 1146 3105 1252 3162; x_wconf 89' lang='grc' dir='ltr'>ἀπὸ</span> <span class='ocrx_word' id='word_1_260' title='bbox 1277 3112 1379 3176; x_wconf 76' lang='grc' dir='ltr'>τῆς</span> <span class='ocrx_word' id='word_1_261' title='bbox 1409 3102 1722 3182; x_wconf 75' lang='grc' dir='ltr'>ἐπιφανείας</span> <span class='ocrx_word' id='word_1_262' title='bbox 1775 3107 1877 3170; x_wconf 80' lang='grc' dir='ltr'>τῆς</span> 
     </span>
    </p>
   </div>
   <div class='ocr_carea' id='block_1_39' title="bbox 233 3188 1879 3273">
    <p class='ocr_par' dir='ltr' id='par_1_39' title="bbox 233 3188 1879 3273">
     <span class='ocr_line' id='line_1_39' title="bbox 233 3188 1879 3273; baseline 0.001 -23"><span class='ocrx_word' id='word_1_263' title='bbox 233 3195 530 3267; x_wconf 82' lang='grc' dir='ltr'>ἐπισκοπῆς</span> <span class='ocrx_word' id='word_1_264' title='bbox 589 3216 685 3252; x_wconf 90' lang='grc' dir='ltr'>σου</span> <span class='ocrx_word' id='word_1_265' title='bbox 751 3193 841 3252; x_wconf 81' lang='grc' dir='ltr'>διὰ</span> <span class='ocrx_word' id='word_1_266' title='bbox 892 3196 993 3266; x_wconf 83' lang='grc' dir='ltr'>τήν</span> <span class='ocrx_word' id='word_1_267' title='bbox 1052 3195 1317 3273; x_wconf 80' lang='grc' dir='ltr'>ἁμαρτίαν</span> <span class='ocrx_word' id='word_1_268' title='bbox 1376 3191 1616 3272; x_wconf 86' lang='grc' dir='ltr'>μεγάλης</span> <span class='ocrx_word' id='word_1_269' title='bbox 1682 3188 1879 3262; x_wconf 82' lang='grc' dir='ltr'>ὀδύνης</span> 
     </span>
    </p>
   </div>
   <div class='ocr_carea' id='block_1_40' title="bbox 231 3278 818 3362">
    <p class='ocr_par' dir='ltr' id='par_1_40' title="bbox 231 3278 818 3362">
     <span class='ocr_line' id='line_1_40' title="bbox 231 3278 818 3362; baseline 0.009 -24"><span class='ocrx_word' id='word_1_270' title='bbox 231 3280 471 3362; x_wconf 74' lang='grc' dir='ltr'>ἔπασχον</span> <span class='ocrx_word' id='word_1_271' title='bbox 505 3278 794 3362; x_wconf 81' lang='grc' dir='ltr'>συντριϐήν</span> <span class='ocrx_word' id='word_1_272' title='bbox 805 3329 818 3343; x_wconf 97' lang='grc'>.</span> 
     </span>
    </p>
   </div>
   <div class='ocr_carea' id='block_1_41' title="bbox 1969 1322 3630 1410">
    <p class='ocr_par' dir='ltr' id='par_1_41' title="bbox 1969 1322 3630 1410">
     <span class='ocr_line' id='line_1_41' title="bbox 1969 1322 3630 1410; baseline 0.005 -28"><span class='ocrx_word' id='word_1_273' title='bbox 1969 1322 2092 1390; x_wconf 78' lang='grc' dir='ltr'>δίας</span> <span class='ocrx_word' id='word_1_274' title='bbox 2155 1349 2279 1401; x_wconf 89' lang='grc' dir='ltr'>μου.</span> <span class='ocrx_word' id='word_1_275' title='bbox 2338 1352 2368 1382; x_wconf 76' lang='lat' dir='ltr'><strong>n</strong></span> <span class='ocrx_word' id='word_1_276' title='bbox 2424 1363 2494 1374; x_wconf 92' lang='lat'>—-</span> <span class='ocrx_word' id='word_1_277' title='bbox 2549 1330 2659 1386; x_wconf 79' lang='grc' dir='ltr'>Οὐκ</span> <span class='ocrx_word' id='word_1_278' title='bbox 2713 1328 3007 1403; x_wconf 82' lang='grc' dir='ltr'>ἐσεϐάσθην</span> <span class='ocrx_word' id='word_1_279' title='bbox 3043 1333 3154 1408; x_wconf 87' lang='grc' dir='ltr'>ἐγὼ</span> <span class='ocrx_word' id='word_1_280' title='bbox 3185 1335 3312 1397; x_wconf 79' lang='grc' dir='ltr'>τοὺς</span> <span class='ocrx_word' id='word_1_281' title='bbox 3343 1337 3467 1410; x_wconf 85' lang='grc' dir='ltr'>περὶ</span> <span class='ocrx_word' id='word_1_282' title='bbox 3501 1322 3630 1409; x_wconf 77' lang='grc' dir='ltr'>μοι-</span> 
     </span>
    </p>
   </div>
   <div class='ocr_carea' id='block_1_42' title="bbox 1974 1415 3631 1496">
    <p class='ocr_par' dir='ltr' id='par_1_42' title="bbox 1974 1415 3631 1496">
     <span class='ocr_line' id='line_1_42' title="bbox 1974 1415 3631 1496; baseline 0.006 -26"><span class='ocrx_word' id='word_1_283' title='bbox 1974 1415 2128 1490; x_wconf 89' lang='grc' dir='ltr'>χείας</span> <span class='ocrx_word' id='word_1_284' title='bbox 2184 1416 2275 1472; x_wconf 86' lang='grc' dir='ltr'>καὶ</span> <span class='ocrx_word' id='word_1_285' title='bbox 2332 1418 2498 1495; x_wconf 86' lang='grc' dir='ltr'>φόνου</span> <span class='ocrx_word' id='word_1_286' title='bbox 2539 1420 2746 1493; x_wconf 87' lang='grc' dir='ltr'>νόμους</span> <span class='ocrx_word' id='word_1_287' title='bbox 2778 1441 2872 1475; x_wconf 84' lang='grc' dir='ltr'>σου</span> <span class='ocrx_word' id='word_1_288' title='bbox 2907 1438 2919 1452; x_wconf 90' lang='grc'>·</span> <span class='ocrx_word' id='word_1_289' title='bbox 2980 1420 3127 1478; x_wconf 76' lang='grc' dir='ltr'>ἀλλὰ</span> <span class='ocrx_word' id='word_1_290' title='bbox 3155 1422 3217 1478; x_wconf 77' lang='grc' dir='ltr'>οὑ</span> <span class='ocrx_word' id='word_1_291' title='bbox 3245 1425 3343 1494; x_wconf 79' lang='grc' dir='ltr'>τὴν</span> <span class='ocrx_word' id='word_1_292' title='bbox 3369 1425 3631 1496; x_wconf 80' lang='grc' dir='ltr'>τοιαύτην</span> 
     </span>
    </p>
   </div>
   <div class='ocr_carea' id='block_1_43' title="bbox 1977 1499 3637 1585">
    <p class='ocr_par' dir='ltr' id='par_1_43' title="bbox 1977 1499 3637 1585">
     <span class='ocr_line' id='line_1_43' title="bbox 1977 1499 3637 1585; baseline 0.007 -27"><span class='ocrx_word' id='word_1_293' title='bbox 1977 1499 2218 1560; x_wconf 75' lang='grc' dir='ltr'>ἀσέϐειαν</span> <span class='ocrx_word' id='word_1_294' title='bbox 2272 1508 2680 1584; x_wconf 75' lang='grc' dir='ltr'>συνεχώρησας,</span> <span class='ocrx_word' id='word_1_295' title='bbox 2765 1509 2854 1564; x_wconf 82' lang='grc' dir='ltr'>καὶ</span> <span class='ocrx_word' id='word_1_296' title='bbox 2939 1509 3038 1565; x_wconf 81' lang='grc' dir='ltr'>οὐκ</span> <span class='ocrx_word' id='word_1_297' title='bbox 3085 1510 3444 1585; x_wconf 88' lang='grc' dir='ltr'>ἐθανάτωσας,</span> <span class='ocrx_word' id='word_1_298' title='bbox 3509 1512 3637 1569; x_wconf 88' lang='grc' dir='ltr'>ἀλλ’</span> 
     </span>
    </p>
   </div>
   <div class='ocr_carea' id='block_1_44' title="bbox 1977 1589 3628 1676">
    <p class='ocr_par' dir='ltr' id='par_1_44' title="bbox 1977 1589 3628 1676">
     <span class='ocr_line' id='line_1_44' title="bbox 1977 1589 3628 1676; baseline 0.007 -29"><span class='ocrx_word' id='word_1_299' title='bbox 1977 1589 2150 1656; x_wconf 79' lang='grc' dir='ltr'>οὕτως</span> <span class='ocrx_word' id='word_1_300' title='bbox 2181 1591 2518 1670; x_wconf 78' lang='grc' dir='ltr'>ἐπαίδευσας,</span> <span class='ocrx_word' id='word_1_301' title='bbox 2551 1595 2625 1658; x_wconf 86' lang='grc' dir='ltr'>ὡς</span> <span class='ocrx_word' id='word_1_302' title='bbox 2658 1596 2710 1651; x_wconf 72' lang='grc' dir='ltr'>εἷ’</span> <span class='ocrx_word' id='word_1_303' title='bbox 2751 1599 2828 1670; x_wconf 82' lang='grc' dir='ltr'>μή</span> <span class='ocrx_word' id='word_1_304' title='bbox 2892 1593 3345 1675; x_wconf 83' lang='grc' dir='ltr'>ὑπερϐαλλόντως</span> <span class='ocrx_word' id='word_1_305' title='bbox 3403 1600 3628 1676; x_wconf 79' lang='grc' dir='ltr'>ἠγόμη-</span> 
     </span>
    </p>
   </div>
   <div class='ocr_carea' id='block_1_45' title="bbox 1977 1701 2064 1739">
    <p class='ocr_par' dir='ltr' id='par_1_45' title="bbox 1977 1701 2064 1739">
     <span class='ocr_line' id='line_1_45' title="bbox 1977 1701 2064 1739; baseline 0.046 -5"><span class='ocrx_word' id='word_1_306' title='bbox 1977 1701 2064 1739; x_wconf 89' lang='grc' dir='ltr'>σα.</span> 
     </span>
    </p>
   </div>
   <div class='ocr_carea' id='block_1_46' title="bbox 2057 1769 3627 1851">
    <p class='ocr_par' dir='ltr' id='par_1_46' title="bbox 2057 1769 3627 1851">
     <span class='ocr_line' id='line_1_46' title="bbox 2057 1769 3627 1851; baseline 0.009 -29"><span class='ocrx_word' id='word_1_307' title='bbox 2057 1792 2084 1822; x_wconf 86' lang='grc'>‹‹</span> <span class='ocrx_word' id='word_1_308' title='bbox 2111 1769 2268 1847; x_wconf 74' lang='grc' dir='ltr'>Ὑπὲρ</span> <span class='ocrx_word' id='word_1_309' title='bbox 2323 1770 2526 1844; x_wconf 86' lang='grc' dir='ltr'>ταύτης</span> <span class='ocrx_word' id='word_1_310' title='bbox 2580 1775 2927 1850; x_wconf 82' lang='grc' dir='ltr'>προσεύξεται</span> <span class='ocrx_word' id='word_1_311' title='bbox 2979 1777 3114 1851; x_wconf 87' lang='grc' dir='ltr'>πρὸς</span> <span class='ocrx_word' id='word_1_312' title='bbox 3172 1779 3228 1832; x_wconf 82' lang='grc' dir='ltr'>σὲ</span> <span class='ocrx_word' id='word_1_313' title='bbox 3258 1784 3364 1842; x_wconf 87' lang='grc' dir='ltr'>πᾶς</span> <span class='ocrx_word' id='word_1_314' title='bbox 3395 1778 3542 1843; x_wconf 76' lang='grc' dir='ltr'>ὅσιος</span> <span class='ocrx_word' id='word_1_315' title='bbox 3573 1779 3627 1836; x_wconf 82' lang='grc' dir='ltr'>ἐν</span> 
     </span>
    </p>
   </div>
   <div class='ocr_carea' id='block_1_47' title="bbox 1979 1859 3630 1945">
    <p class='ocr_par' dir='ltr' id='par_1_47' title="bbox 1979 1859 3630 1945">
     <span class='ocr_line' id='line_1_47' title="bbox 1979 1859 3630 1945; baseline 0.007 -33"><span class='ocrx_word' id='word_1_316' title='bbox 1979 1863 2156 1934; x_wconf 83' lang='grc' dir='ltr'>καιρῷ</span> <span class='ocrx_word' id='word_1_317' title='bbox 2211 1859 2428 1933; x_wconf 68' lang='grc' dir='ltr'>εὐθέτῳ.</span> <span class='ocrx_word' id='word_1_318' title='bbox 2491 1885 2514 1913; x_wconf 69' lang='grc' dir='ltr'><strong><em>ι</em></strong></span> <span class='ocrx_word' id='word_1_319' title='bbox 2578 1895 2646 1905; x_wconf 92' lang='grc'>--</span> <span class='ocrx_word' id='word_1_320' title='bbox 2700 1864 2834 1920; x_wconf 88' lang='grc' dir='ltr'>Ἀπὸ</span> <span class='ocrx_word' id='word_1_321' title='bbox 2891 1863 3094 1934; x_wconf 89' lang='grc' dir='ltr'>ταύτης</span> <span class='ocrx_word' id='word_1_322' title='bbox 3159 1872 3260 1934; x_wconf 82' lang='grc' dir='ltr'>τῆς</span> <span class='ocrx_word' id='word_1_323' title='bbox 3341 1865 3630 1945; x_wconf 79' lang='grc' dir='ltr'>ἀφεθείσης</span> 
     </span>
    </p>
   </div>
   <div class='ocr_carea' id='block_1_48' title="bbox 1983 1946 3632 2024">
    <p class='ocr_par' dir='ltr' id='par_1_48' title="bbox 1983 1946 3632 2024">
     <span class='ocr_line' id='line_1_48' title="bbox 1983 1946 3632 2024; baseline 0.007 -23"><span class='ocrx_word' id='word_1_324' title='bbox 1983 1946 2109 2019; x_wconf 84' lang='grc' dir='ltr'>ἐμοὶ</span> <span class='ocrx_word' id='word_1_325' title='bbox 2169 1949 2432 2023; x_wconf 79' lang='grc' dir='ltr'>ἁμαρτίας</span> <span class='ocrx_word' id='word_1_326' title='bbox 2490 1951 2807 2024; x_wconf 89' lang='grc' dir='ltr'>κινούμενος</span> <span class='ocrx_word' id='word_1_327' title='bbox 2873 1959 2980 2015; x_wconf 90' lang='grc' dir='ltr'>πᾶς</span> <span class='ocrx_word' id='word_1_328' title='bbox 3035 1949 3290 2024; x_wconf 78' lang='grc' dir='ltr'>θεοσεϐὴς</span> <span class='ocrx_word' id='word_1_329' title='bbox 3346 1956 3446 2011; x_wconf 80' lang='grc' dir='ltr'>οὐκ</span> <span class='ocrx_word' id='word_1_330' title='bbox 3495 1957 3632 2013; x_wconf 88' lang='grc' dir='ltr'>ἀπο-</span> 
     </span>
    </p>
   </div>
   <div class='ocr_carea' id='block_1_49' title="bbox 1984 2035 3634 2118">
    <p class='ocr_par' dir='ltr' id='par_1_49' title="bbox 1984 2035 3634 2118">
     <span class='ocr_line' id='line_1_49' title="bbox 1984 2035 3634 2118; baseline 0.007 -28"><span class='ocrx_word' id='word_1_331' title='bbox 1984 2035 2272 2111; x_wconf 83' lang='grc' dir='ltr'>γνώσεται,</span> <span class='ocrx_word' id='word_1_332' title='bbox 2329 2037 2476 2094; x_wconf 85' lang='grc' dir='ltr'>ἀλλά</span> <span class='ocrx_word' id='word_1_333' title='bbox 2532 2039 2896 2117; x_wconf 71' lang='grc' dir='ltr'>παρακαλέσει</span> <span class='ocrx_word' id='word_1_334' title='bbox 2953 2040 3006 2097; x_wconf 89' lang='grc' dir='ltr'>ἐν</span> <span class='ocrx_word' id='word_1_335' title='bbox 3069 2048 3245 2117; x_wconf 81' lang='grc' dir='ltr'>καιρῷ</span> <span class='ocrx_word' id='word_1_336' title='bbox 3324 2044 3634 2118; x_wconf 84' lang='grc' dir='ltr'>μετανοίας.</span> 
     </span>
    </p>
   </div>
   <div class='ocr_carea' id='block_1_50' title="bbox 1981 2125 3028 2203">
    <p class='ocr_par' dir='ltr' id='par_1_50' title="bbox 1981 2125 3028 2203">
     <span class='ocr_line' id='line_1_50' title="bbox 1981 2125 3028 2203; baseline 0.008 -24"><span class='ocrx_word' id='word_1_337' title='bbox 1981 2125 2039 2180; x_wconf 80' lang='lat'>&#39;0</span> <span class='ocrx_word' id='word_1_338' title='bbox 2068 2126 2172 2200; x_wconf 80' lang='grc' dir='ltr'>γὰρ</span> <span class='ocrx_word' id='word_1_339' title='bbox 2206 2126 2444 2194; x_wconf 85' lang='grc' dir='ltr'>ἀνόσιος,</span> <span class='ocrx_word' id='word_1_340' title='bbox 2479 2126 2604 2184; x_wconf 77' lang='grc' dir='ltr'>οὐδὲ</span> <span class='ocrx_word' id='word_1_341' title='bbox 2644 2129 3028 2203; x_wconf 71' lang='grc' dir='ltr'>μεταμέλεται.</span> 
     </span>
    </p>
   </div>
   <div class='ocr_carea' id='block_1_51' title="bbox 2058 2213 3634 2297">
    <p class='ocr_par' dir='ltr' id='par_1_51' title="bbox 2058 2213 3634 2297">
     <span class='ocr_line' id='line_1_51' title="bbox 2058 2213 3634 2297; baseline 0.009 -33"><span class='ocrx_word' id='word_1_342' title='bbox 2058 2237 2086 2265; x_wconf 79' lang='grc' dir='ltr'>(ι</span> <span class='ocrx_word' id='word_1_343' title='bbox 2118 2213 2272 2284; x_wconf 79' lang='grc' dir='ltr'>Πλὴν</span> <span class='ocrx_word' id='word_1_344' title='bbox 2301 2215 2352 2271; x_wconf 80' lang='grc' dir='ltr'>ἐν</span> <span class='ocrx_word' id='word_1_345' title='bbox 2381 2215 2750 2291; x_wconf 81' lang='grc' dir='ltr'>κατακλυσμῷ</span> <span class='ocrx_word' id='word_1_346' title='bbox 2788 2216 2994 2274; x_wconf 84' lang='grc' dir='ltr'>ὑδάτων</span> <span class='ocrx_word' id='word_1_347' title='bbox 3053 2220 3283 2278; x_wconf 86' lang='grc' dir='ltr'>πολλῶν</span> <span class='ocrx_word' id='word_1_348' title='bbox 3341 2222 3480 2297; x_wconf 82' lang='grc' dir='ltr'>πρὸς</span> <span class='ocrx_word' id='word_1_349' title='bbox 3538 2223 3634 2278; x_wconf 82' lang='grc' dir='ltr'>αύ-</span> 
     </span>
    </p>
   </div>
   <div class='ocr_carea' id='block_1_52' title="bbox 1981 2302 3632 2390">
    <p class='ocr_par' dir='ltr' id='par_1_52' title="bbox 1981 2302 3632 2390">
     <span class='ocr_line' id='line_1_52' title="bbox 1981 2302 3632 2390; baseline 0.005 -33"><span class='ocrx_word' id='word_1_350' title='bbox 1981 2303 2074 2357; x_wconf 86' lang='grc' dir='ltr'>τὸν</span> <span class='ocrx_word' id='word_1_351' title='bbox 2132 2302 2233 2358; x_wconf 83' lang='grc' dir='ltr'>οὐκ</span> <span class='ocrx_word' id='word_1_352' title='bbox 2282 2302 2581 2380; x_wconf 78' lang='grc' dir='ltr'>ἐγγιοῦσιν.</span> <span class='ocrx_word' id='word_1_353' title='bbox 2634 2329 2662 2358; x_wconf 82' lang='grc'><strong>››</strong></span> <span class='ocrx_word' id='word_1_354' title='bbox 2695 2339 2764 2350; x_wconf 89' lang='lat'>--</span> <span class='ocrx_word' id='word_1_355' title='bbox 2791 2307 2862 2361; x_wconf 89' lang='grc' dir='ltr'>Τὸ</span> <span class='ocrx_word' id='word_1_356' title='bbox 2889 2306 3030 2377; x_wconf 80' lang='grc' dir='ltr'>κλὴν</span> <span class='ocrx_word' id='word_1_357' title='bbox 3057 2309 3176 2364; x_wconf 85' lang='grc' dir='ltr'>ἀντὶ</span> <span class='ocrx_word' id='word_1_358' title='bbox 3205 2314 3301 2365; x_wconf 76' lang='grc' dir='ltr'>τοῦ</span> <span class='ocrx_word' id='word_1_359' title='bbox 3330 2311 3419 2366; x_wconf 84' lang='grc' dir='ltr'>καὶ</span> <span class='ocrx_word' id='word_1_360' title='bbox 3453 2330 3466 2343; x_wconf 91' lang='grc'>·</span> <span class='ocrx_word' id='word_1_361' title='bbox 3499 2312 3632 2390; x_wconf 86' lang='grc' dir='ltr'>φησὶ</span> 
     </span>
    </p>
   </div>
   <div class='ocr_carea' id='block_1_53' title="bbox 1983 2391 3636 2474">
    <p class='ocr_par' dir='ltr' id='par_1_53' title="bbox 1983 2391 3636 2474">
     <span class='ocr_line' id='line_1_53' title="bbox 1983 2391 3636 2474; baseline 0.005 -28"><span class='ocrx_word' id='word_1_362' title='bbox 1983 2391 2087 2468; x_wconf 83' lang='grc' dir='ltr'>γάρ</span> <span class='ocrx_word' id='word_1_363' title='bbox 2120 2433 2134 2446; x_wconf 97' lang='grc'>.</span> <span class='ocrx_word' id='word_1_364' title='bbox 2197 2416 2226 2444; x_wconf 90' lang='grc'><strong>‹‹</strong></span> <span class='ocrx_word' id='word_1_365' title='bbox 2265 2394 2364 2448; x_wconf 89' lang='grc' dir='ltr'>Καὶ</span> <span class='ocrx_word' id='word_1_366' title='bbox 2421 2393 2472 2449; x_wconf 83' lang='grc' dir='ltr'>ἐν</span> <span class='ocrx_word' id='word_1_367' title='bbox 2525 2393 2842 2472; x_wconf 77' lang='grc' dir='ltr'>πλημμύρᾳ</span> <span class='ocrx_word' id='word_1_368' title='bbox 2893 2395 3120 2452; x_wconf 85' lang='grc' dir='ltr'>πολλῶν</span> <span class='ocrx_word' id='word_1_369' title='bbox 3175 2402 3488 2474; x_wconf 83' lang='grc' dir='ltr'>πειρασμῶν</span> <span class='ocrx_word' id='word_1_370' title='bbox 3535 2399 3636 2455; x_wconf 75' lang='grc' dir='ltr'>οὐκ</span> 
     </span>
    </p>
   </div>
   <div class='ocr_carea' id='block_1_54' title="bbox 1985 2479 3631 2560">
    <p class='ocr_par' dir='ltr' id='par_1_54' title="bbox 1985 2479 3631 2560">
     <span class='ocr_line' id='line_1_54' title="bbox 1985 2479 3631 2560; baseline 0.005 -25"><span class='ocrx_word' id='word_1_371' title='bbox 1985 2479 2228 2556; x_wconf 79' lang='grc' dir='ltr'>ἐγγιοῦσι</span> <span class='ocrx_word' id='word_1_372' title='bbox 2259 2482 2392 2559; x_wconf 87' lang='grc' dir='ltr'>πρὸς</span> <span class='ocrx_word' id='word_1_373' title='bbox 2424 2484 2581 2538; x_wconf 82' lang='grc' dir='ltr'>αὐτὸν</span> <span class='ocrx_word' id='word_1_374' title='bbox 2632 2485 2685 2538; x_wconf 79' lang='grc' dir='ltr'>οἱ</span> <span class='ocrx_word' id='word_1_375' title='bbox 2731 2485 3025 2560; x_wconf 83' lang='grc' dir='ltr'>πειρασμοὶ</span> <span class='ocrx_word' id='word_1_376' title='bbox 3075 2485 3212 2542; x_wconf 82' lang='grc' dir='ltr'>ὣστε</span> <span class='ocrx_word' id='word_1_377' title='bbox 3247 2487 3631 2544; x_wconf 65' lang='grc' dir='ltr'>καταποντίσαι</span> 
     </span>
    </p>
   </div>
   <div class='ocr_carea' id='block_1_55' title="bbox 1988 2570 3162 2652">
    <p class='ocr_par' dir='ltr' id='par_1_55' title="bbox 1988 2570 3162 2652">
     <span class='ocr_line' id='line_1_55' title="bbox 1988 2570 3162 2652; baseline 0.006 -28"><span class='ocrx_word' id='word_1_378' title='bbox 1988 2570 2274 2644; x_wconf 82' lang='grc' dir='ltr'>μακρόθεν,</span> <span class='ocrx_word' id='word_1_379' title='bbox 2305 2572 2397 2626; x_wconf 84' lang='grc' dir='ltr'>καὶ</span> <span class='ocrx_word' id='word_1_380' title='bbox 2421 2573 2714 2649; x_wconf 84' lang='grc' dir='ltr'>θροήσουσι</span> <span class='ocrx_word' id='word_1_381' title='bbox 2741 2575 2831 2629; x_wconf 83' lang='grc' dir='ltr'>καὶ</span> <span class='ocrx_word' id='word_1_382' title='bbox 2852 2575 3162 2652; x_wconf 70' lang='grc' dir='ltr'>ταράξωσι.</span> 
     </span>
    </p>
   </div>
   <div class='ocr_carea' id='block_1_56' title="bbox 2055 2657 3630 2741">
    <p class='ocr_par' dir='ltr' id='par_1_56' title="bbox 2055 2657 3630 2741">
     <span class='ocr_line' id='line_1_56' title="bbox 2055 2657 3630 2741; baseline 0.006 -29"><span class='ocrx_word' id='word_1_383' title='bbox 2055 2682 2085 2710; x_wconf 88' lang='grc'>‹‹</span> <span class='ocrx_word' id='word_1_384' title='bbox 2120 2663 2354 2714; x_wconf 86' lang='grc' dir='ltr'>Συνετιῶ</span> <span class='ocrx_word' id='word_1_385' title='bbox 2382 2681 2440 2715; x_wconf 90' lang='grc' dir='ltr'>σε</span> <span class='ocrx_word' id='word_1_386' title='bbox 2466 2661 2556 2716; x_wconf 84' lang='grc' dir='ltr'>καὶ</span> <span class='ocrx_word' id='word_1_387' title='bbox 2587 2657 2841 2735; x_wconf 85' lang='grc' dir='ltr'>συμϐιϐῶ</span> <span class='ocrx_word' id='word_1_388' title='bbox 2898 2684 2956 2718; x_wconf 89' lang='grc' dir='ltr'>σε</span> <span class='ocrx_word' id='word_1_389' title='bbox 3012 2663 3064 2718; x_wconf 83' lang='grc' dir='ltr'>ἐν</span> <span class='ocrx_word' id='word_1_390' title='bbox 3123 2662 3235 2737; x_wconf 80' lang='grc' dir='ltr'>ὁδῷ</span> <span class='ocrx_word' id='word_1_391' title='bbox 3257 2665 3423 2741; x_wconf 84' lang='grc' dir='ltr'>ταύτῃ</span> <span class='ocrx_word' id='word_1_392' title='bbox 3452 2669 3491 2736; x_wconf 75' lang='grc' dir='ltr'>ἧ</span> <span class='ocrx_word' id='word_1_393' title='bbox 3523 2688 3630 2722; x_wconf 80' lang='grc' dir='ltr'>πο-</span> 
     </span>
    </p>
   </div>
   <div class='ocr_carea' id='block_1_57' title="bbox 1987 2747 3632 2830">
    <p class='ocr_par' dir='ltr' id='par_1_57' title="bbox 1987 2747 3632 2830">
     <span class='ocr_line' id='line_1_57' title="bbox 1987 2747 3632 2830; baseline 0.005 -30"><span class='ocrx_word' id='word_1_394' title='bbox 1987 2747 2146 2823; x_wconf 77' lang='grc' dir='ltr'>ρεύσῃ</span> <span class='ocrx_word' id='word_1_395' title='bbox 2179 2768 2191 2781; x_wconf 91' lang='grc'>·</span> <span class='ocrx_word' id='word_1_396' title='bbox 2255 2747 2555 2824; x_wconf 88' lang='grc' dir='ltr'>ἐπιστηριῶ</span> <span class='ocrx_word' id='word_1_397' title='bbox 2610 2749 2700 2805; x_wconf 85' lang='grc' dir='ltr'>ἐπὶ</span> <span class='ocrx_word' id='word_1_398' title='bbox 2758 2751 2816 2806; x_wconf 73' lang='grc' dir='ltr'>σὲ</span> <span class='ocrx_word' id='word_1_399' title='bbox 2859 2753 2987 2814; x_wconf 82' lang='grc' dir='ltr'>τοὺς</span> <span class='ocrx_word' id='word_1_400' title='bbox 3047 2752 3365 2830; x_wconf 87' lang='grc' dir='ltr'>ὀφθαλμούς</span> <span class='ocrx_word' id='word_1_401' title='bbox 3417 2775 3544 2828; x_wconf 86' lang='grc' dir='ltr'>μου.</span> <span class='ocrx_word' id='word_1_402' title='bbox 3604 2778 3632 2808; x_wconf 71' lang='lat' dir='ltr'><strong><em>n</em></strong></span> 
     </span>
    </p>
   </div>
   <div class='ocr_carea' id='block_1_58' title="bbox 1985 2837 3632 2916">
    <p class='ocr_par' dir='ltr' id='par_1_58' title="bbox 1985 2837 3632 2916">
     <span class='ocr_line' id='line_1_58' title="bbox 1985 2837 3632 2916; baseline 0.005 -26"><span class='ocrx_word' id='word_1_403' title='bbox 1985 2867 2056 2879; x_wconf 79' lang='lat'>—--</span> <span class='ocrx_word' id='word_1_404' title='bbox 2110 2837 2197 2899; x_wconf 82' lang='grc' dir='ltr'>Ὡς</span> <span class='ocrx_word' id='word_1_405' title='bbox 2256 2837 2362 2892; x_wconf 87' lang='grc' dir='ltr'>ἀπὸ</span> <span class='ocrx_word' id='word_1_406' title='bbox 2417 2842 2549 2894; x_wconf 79' lang='grc' dir='ltr'>Θεοῦ</span> <span class='ocrx_word' id='word_1_407' title='bbox 2605 2840 2667 2894; x_wconf 90' lang='grc' dir='ltr'>τὸ</span> <span class='ocrx_word' id='word_1_408' title='bbox 2729 2839 2912 2916; x_wconf 75' lang='grc' dir='ltr'>ῥητὸν,</span> <span class='ocrx_word' id='word_1_409' title='bbox 2975 2842 3245 2896; x_wconf 87' lang='grc' dir='ltr'>Συνετίσω</span> <span class='ocrx_word' id='word_1_410' title='bbox 3305 2863 3361 2897; x_wconf 88' lang='grc' dir='ltr'>σε</span> <span class='ocrx_word' id='word_1_411' title='bbox 3410 2847 3529 2905; x_wconf 89' lang='grc' dir='ltr'>πῶς</span> <span class='ocrx_word' id='word_1_412' title='bbox 3570 2839 3632 2899; x_wconf 69' lang='grc' dir='ltr'>ἄν</span> 
     </span>
    </p>
   </div>
   <div class='ocr_carea' id='block_1_59' title="bbox 1987 2926 3634 3008">
    <p class='ocr_par' dir='ltr' id='par_1_59' title="bbox 1987 2926 3634 3008">
     <span class='ocr_line' id='line_1_59' title="bbox 1987 2926 3634 3008; baseline 0.005 -28"><span class='ocrx_word' id='word_1_413' title='bbox 1987 2926 2374 3003; x_wconf 78' lang='grc' dir='ltr'>ὑπερτερήσῃς,</span> <span class='ocrx_word' id='word_1_414' title='bbox 2431 2928 2522 2983; x_wconf 87' lang='grc' dir='ltr'>καὶ</span> <span class='ocrx_word' id='word_1_415' title='bbox 2573 2929 3023 3006; x_wconf 89' lang='grc' dir='ltr'>συμπορεύσομαί</span> <span class='ocrx_word' id='word_1_416' title='bbox 3080 2952 3163 2985; x_wconf 92' lang='grc' dir='ltr'>σοι</span> <span class='ocrx_word' id='word_1_417' title='bbox 3223 2930 3274 2986; x_wconf 85' lang='grc' dir='ltr'>ἐν</span> <span class='ocrx_word' id='word_1_418' title='bbox 3303 2935 3370 3005; x_wconf 85' lang='grc' dir='ltr'>τῇ</span> <span class='ocrx_word' id='word_1_419' title='bbox 3411 2953 3634 3008; x_wconf 90' lang='grc' dir='ltr'>προκει-</span> 
     </span>
    </p>
   </div>
   <div class='ocr_carea' id='block_1_60' title="bbox 1990 3014 2368 3093">
    <p class='ocr_par' dir='ltr' id='par_1_60' title="bbox 1990 3014 2368 3093">
     <span class='ocr_line' id='line_1_60' title="bbox 1990 3014 2368 3093; baseline 0.013 -24"><span class='ocrx_word' id='word_1_420' title='bbox 1990 3014 2121 3090; x_wconf 80' lang='grc' dir='ltr'>μένῃ</span> <span class='ocrx_word' id='word_1_421' title='bbox 2151 3015 2368 3093; x_wconf 77' lang='grc' dir='ltr'>πορείᾳ.</span> 
     </span>
    </p>
   </div>
   <div class='ocr_carea' id='block_1_61' title="bbox 2058 3104 3631 3182">
    <p class='ocr_par' dir='ltr' id='par_1_61' title="bbox 2058 3104 3631 3182">
     <span class='ocr_line' id='line_1_61' title="bbox 2058 3104 3631 3182; baseline 0.004 -25"><span class='ocrx_word' id='word_1_422' title='bbox 2058 3105 2198 3174; x_wconf 77' lang='grc' dir='ltr'>ιιΜή</span> <span class='ocrx_word' id='word_1_423' title='bbox 2257 3104 2466 3182; x_wconf 88' lang='grc' dir='ltr'>γίνεσθε</span> <span class='ocrx_word' id='word_1_424' title='bbox 2521 3105 2594 3170; x_wconf 84' lang='grc' dir='ltr'>ὡς</span> <span class='ocrx_word' id='word_1_425' title='bbox 2650 3104 2815 3170; x_wconf 69' lang='grc' dir='ltr'>ἵππος</span> <span class='ocrx_word' id='word_1_426' title='bbox 2861 3106 2950 3163; x_wconf 88' lang='grc' dir='ltr'>καὶ</span> <span class='ocrx_word' id='word_1_427' title='bbox 2999 3105 3232 3181; x_wconf 82' lang='grc' dir='ltr'>ἡμίονος</span> <span class='ocrx_word' id='word_1_428' title='bbox 3273 3110 3358 3170; x_wconf 80' lang='grc' dir='ltr'>οἷς</span> <span class='ocrx_word' id='word_1_429' title='bbox 3390 3105 3490 3164; x_wconf 87' lang='grc' dir='ltr'>ούκ</span> <span class='ocrx_word' id='word_1_430' title='bbox 3518 3105 3631 3164; x_wconf 81' lang='grc' dir='ltr'>ἔστι</span> 
     </span>
    </p>
   </div>
   <div class='ocr_carea' id='block_1_62' title="bbox 1981 3191 3629 3273">
    <p class='ocr_par' dir='ltr' id='par_1_62' title="bbox 1981 3191 3629 3273">
     <span class='ocr_line' id='line_1_62' title="bbox 1981 3191 3629 3273; baseline 0.002 -25"><span class='ocrx_word' id='word_1_431' title='bbox 1981 3191 2216 3256; x_wconf 84' lang='grc' dir='ltr'>σύνεσις.</span> <span class='ocrx_word' id='word_1_432' title='bbox 2246 3218 2274 3246; x_wconf 89' lang='grc'><strong>››</strong></span> <span class='ocrx_word' id='word_1_433' title='bbox 2306 3225 2375 3237; x_wconf 91' lang='lat'><strong>-</strong></span> <span class='ocrx_word' id='word_1_434' title='bbox 2397 3195 2492 3250; x_wconf 87' lang='grc' dir='ltr'>Ἐκ</span> <span class='ocrx_word' id='word_1_435' title='bbox 2544 3199 2642 3249; x_wconf 80' lang='grc' dir='ltr'>τοῦ</span> <span class='ocrx_word' id='word_1_436' title='bbox 2710 3192 2871 3252; x_wconf 75' lang='grc' dir='ltr'>Δαυίδ</span> <span class='ocrx_word' id='word_1_437' title='bbox 2929 3196 2959 3251; x_wconf 83' lang='grc' dir='ltr'>ὁ</span> <span class='ocrx_word' id='word_1_438' title='bbox 3009 3195 3174 3272; x_wconf 90' lang='grc' dir='ltr'>λόγος</span> <span class='ocrx_word' id='word_1_439' title='bbox 3207 3213 3220 3228; x_wconf 91' lang='grc'>·</span> <span class='ocrx_word' id='word_1_440' title='bbox 3250 3201 3500 3271; x_wconf 88' lang='grc' dir='ltr'>παραινεῖ</span> <span class='ocrx_word' id='word_1_441' title='bbox 3523 3197 3629 3273; x_wconf 80' lang='grc' dir='ltr'>γὰρ</span> 
     </span>
    </p>
   </div>
   <div class='ocr_carea' id='block_1_63' title="bbox 1989 3280 3633 3362">
    <p class='ocr_par' dir='ltr' id='par_1_63' title="bbox 1989 3280 3633 3362">
     <span class='ocr_line' id='line_1_63' title="bbox 1989 3280 3633 3362; baseline 0.002 -25"><span class='ocrx_word' id='word_1_442' title='bbox 1989 3282 2069 3356; x_wconf 81' lang='grc' dir='ltr'>.μή</span> <span class='ocrx_word' id='word_1_443' title='bbox 2134 3282 2377 3358; x_wconf 88' lang='grc' dir='ltr'>γίνεσθαι</span> <span class='ocrx_word' id='word_1_444' title='bbox 2431 3286 2579 3358; x_wconf 78' lang='grc' dir='ltr'>ἡμᾶς</span> <span class='ocrx_word' id='word_1_445' title='bbox 2629 3282 2962 3360; x_wconf 89' lang='grc' dir='ltr'>θηλυμανεῖς</span> <span class='ocrx_word' id='word_1_446' title='bbox 3027 3286 3116 3340; x_wconf 86' lang='grc' dir='ltr'>καὶ</span> <span class='ocrx_word' id='word_1_447' title='bbox 3192 3280 3424 3362; x_wconf 80' lang='grc' dir='ltr'>ἀγόνους</span> <span class='ocrx_word' id='word_1_448' title='bbox 3495 3286 3633 3361; x_wconf 84' lang='grc' dir='ltr'>πρὸς</span> 
     </span>
    </p>
   </div>
   <div class='ocr_carea' id='block_1_64' title="bbox 299 3366 2206 3451">
    <p class='ocr_par' dir='ltr' id='par_1_64' title="bbox 299 3366 2206 3451">
     <span class='ocr_line' id='line_1_64' title="bbox 299 3366 2206 3451; baseline 0.001 -25"><span class='ocrx_word' id='word_1_449' title='bbox 299 3397 327 3426; x_wconf 76' lang='grc' dir='ltr'>ι(</span> <span class='ocrx_word' id='word_1_450' title='bbox 357 3376 696 3450; x_wconf 71' lang='grc' dir='ltr'>Ἀγαπησατε</span> <span class='ocrx_word' id='word_1_451' title='bbox 721 3374 814 3430; x_wconf 88' lang='grc' dir='ltr'>τὸν</span> <span class='ocrx_word' id='word_1_452' title='bbox 845 3373 1064 3451; x_wconf 81' lang='grc' dir='ltr'>Κύριον,</span> <span class='ocrx_word' id='word_1_453' title='bbox 1096 3373 1291 3438; x_wconf 85' lang='grc' dir='ltr'>πάντες</span> <span class='ocrx_word' id='word_1_454' title='bbox 1323 3373 1376 3429; x_wconf 74' lang='grc' dir='ltr'>οἱ</span> <span class='ocrx_word' id='word_1_455' title='bbox 1401 3370 1543 3428; x_wconf 77' lang='grc' dir='ltr'>ὅσιοι</span> <span class='ocrx_word' id='word_1_456' title='bbox 1571 3370 1760 3440; x_wconf 79' lang='grc' dir='ltr'>αὐτοῦ,</span> <span class='ocrx_word' id='word_1_457' title='bbox 1793 3366 1876 3424; x_wconf 76' lang='grc' dir='ltr'>ὅτι</span> <span class='ocrx_word' id='word_1_458' title='bbox 1907 3368 1953 3436; x_wconf 81' lang='lat' dir='ltr'>C</span> <span class='ocrx_word' id='word_1_459' title='bbox 1993 3371 2206 3447; x_wconf 72' lang='grc' dir='ltr'>ἀρετήν.</span> 
     </span>
    </p>
   </div>
   <div class='ocr_carea' id='block_1_65' title="bbox 229 3458 1876 3536">
    <p class='ocr_par' dir='ltr' id='par_1_65' title="bbox 229 3458 1876 3536">
     <span class='ocr_line' id='line_1_65' title="bbox 229 3458 1876 3536; baseline 0.001 -18"><span class='ocrx_word' id='word_1_460' title='bbox 229 3460 488 3534; x_wconf 86' lang='grc' dir='ltr'>ἀληθείας</span> <span class='ocrx_word' id='word_1_461' title='bbox 539 3462 760 3534; x_wconf 79' lang='grc' dir='ltr'>ἐκζητεῖ</span> <span class='ocrx_word' id='word_1_462' title='bbox 815 3462 1036 3536; x_wconf 86' lang='grc' dir='ltr'>Κύριος.</span> <span class='ocrx_word' id='word_1_463' title='bbox 1088 3486 1118 3516; x_wconf 85' lang='lat'><strong>»</strong></span> <span class='ocrx_word' id='word_1_464' title='bbox 1167 3497 1232 3508; x_wconf 89' lang='lat'>—</span> <span class='ocrx_word' id='word_1_465' title='bbox 1285 3468 1441 3519; x_wconf 82' lang='grc' dir='ltr'>’Ἤτοι</span> <span class='ocrx_word' id='word_1_466' title='bbox 1496 3461 1593 3524; x_wconf 68' lang='grc' dir='ltr'>τὰς</span> <span class='ocrx_word' id='word_1_467' title='bbox 1649 3458 1876 3530; x_wconf 80' lang='grc' dir='ltr'>ἀληθεῖς</span> 
     </span>
    </p>
   </div>
   <div class='ocr_carea' id='block_1_66' title="bbox 229 3551 823 3630">
    <p class='ocr_par' dir='ltr' id='par_1_66' title="bbox 229 3551 823 3630">
     <span class='ocr_line' id='line_1_66' title="bbox 229 3551 823 3630; baseline 0.002 -22"><span class='ocrx_word' id='word_1_468' title='bbox 229 3552 368 3630; x_wconf 86' lang='grc' dir='ltr'>πρὸς</span> <span class='ocrx_word' id='word_1_469' title='bbox 397 3551 554 3607; x_wconf 77' lang='grc' dir='ltr'>αὐτὸν</span> <span class='ocrx_word' id='word_1_470' title='bbox 597 3551 823 3630; x_wconf 83' lang='grc' dir='ltr'>ἀγάπας.</span> 
     </span>
    </p>
   </div>
   <div class='ocr_carea' id='block_1_67' title="bbox 299 3638 1878 3716">
    <p class='ocr_par' dir='ltr' id='par_1_67' title="bbox 299 3638 1878 3716">
     <span class='ocr_line' id='line_1_67' title="bbox 299 3638 1878 3716; baseline -0.001 -22"><span class='ocrx_word' id='word_1_471' title='bbox 299 3665 329 3694; x_wconf 80' lang='grc' dir='ltr'>α</span> <span class='ocrx_word' id='word_1_472' title='bbox 360 3641 459 3696; x_wconf 84' lang='grc' dir='ltr'>Καὶ</span> <span class='ocrx_word' id='word_1_473' title='bbox 488 3639 892 3698; x_wconf 82' lang='grc' dir='ltr'>ἀνταποδίδωσι</span> <span class='ocrx_word' id='word_1_474' title='bbox 934 3646 1051 3705; x_wconf 88' lang='grc' dir='ltr'>τοῖς</span> <span class='ocrx_word' id='word_1_475' title='bbox 1099 3645 1367 3716; x_wconf 83' lang='grc' dir='ltr'>περισσῶς</span> <span class='ocrx_word' id='word_1_476' title='bbox 1407 3644 1657 3697; x_wconf 80' lang='grc' dir='ltr'>ποιοῦσιν</span> <span class='ocrx_word' id='word_1_477' title='bbox 1715 3638 1878 3713; x_wconf 87' lang='grc' dir='ltr'>ὑπερ-</span> 
     </span>
    </p>
   </div>
   <div class='ocr_carea' id='block_1_68' title="bbox 229 3725 1880 3809">
    <p class='ocr_par' dir='ltr' id='par_1_68' title="bbox 229 3725 1880 3809">
     <span class='ocr_line' id='line_1_68' title="bbox 229 3725 1880 3809; baseline -0.003 -23"><span class='ocrx_word' id='word_1_478' title='bbox 229 3729 484 3809; x_wconf 82' lang='grc' dir='ltr'>ηφανίαν.</span> <span class='ocrx_word' id='word_1_479' title='bbox 536 3755 568 3784; x_wconf 88' lang='grc'>››</span> <span class='ocrx_word' id='word_1_480' title='bbox 616 3764 686 3775; x_wconf 86' lang='lat'>-—</span> <span class='ocrx_word' id='word_1_481' title='bbox 743 3733 875 3795; x_wconf 87' lang='grc' dir='ltr'>Τοῖς</span> <span class='ocrx_word' id='word_1_482' title='bbox 925 3730 1032 3808; x_wconf 77' lang='grc' dir='ltr'>γὰρ</span> <span class='ocrx_word' id='word_1_483' title='bbox 1091 3729 1328 3807; x_wconf 86' lang='grc' dir='ltr'>μετρίως</span> <span class='ocrx_word' id='word_1_484' title='bbox 1395 3725 1880 3802; x_wconf 72' lang='grc' dir='ltr'>ἀλαζονευομένοις</span> 
     </span>
    </p>
   </div>
   <div class='ocr_carea' id='block_1_69' title="bbox 239 3818 1178 3897">
    <p class='ocr_par' dir='ltr' id='par_1_69' title="bbox 239 3818 1178 3897">
     <span class='ocr_line' id='line_1_69' title="bbox 239 3818 1178 3897; baseline 0.001 -21"><span class='ocrx_word' id='word_1_485' title='bbox 239 3822 603 3897; x_wconf 83' lang='grc' dir='ltr'>μακροθυμῶν</span> <span class='ocrx_word' id='word_1_486' title='bbox 637 3820 738 3876; x_wconf 80' lang='grc' dir='ltr'>οὐκ</span> <span class='ocrx_word' id='word_1_487' title='bbox 758 3818 1178 3877; x_wconf 84' lang='grc' dir='ltr'>ἀνταποδίδωσι.</span> 
     </span>
    </p>
   </div>
   <div class='ocr_carea' id='block_1_70' title="bbox 823 3939 1283 3993">
    <p class='ocr_par' dir='ltr' id='par_1_70' title="bbox 823 3939 1283 3993">
     <span class='ocr_line' id='line_1_70' title="bbox 823 3939 1283 3993; baseline 0.004 -2"><span class='ocrx_word' id='word_1_488' title='bbox 823 3939 1116 3993; x_wconf 84' lang='grc' dir='ltr'><strong>ΨΑΛΜΟΣ</strong></span> <span class='ocrx_word' id='word_1_489' title='bbox 1155 3942 1283 3993; x_wconf 79' lang='lat' dir='ltr'>AA&#39;.</span> 
     </span>
    </p>
   </div>
   <div class='ocr_carea' id='block_1_71' title="bbox 304 4030 1879 4110">
    <p class='ocr_par' dir='ltr' id='par_1_71' title="bbox 304 4030 1879 4110">
     <span class='ocr_line' id='line_1_71' title="bbox 304 4030 1879 4110; baseline 0 -24"><span class='ocrx_word' id='word_1_490' title='bbox 304 4058 334 4087; x_wconf 83' lang='lat'><strong>«</strong></span> <span class='ocrx_word' id='word_1_491' title='bbox 367 4031 603 4108; x_wconf 82' lang='grc' dir='ltr'>Ψαλμὸς</span> <span class='ocrx_word' id='word_1_492' title='bbox 658 4032 739 4107; x_wconf 83' lang='grc' dir='ltr'>τῷ</span> <span class='ocrx_word' id='word_1_493' title='bbox 790 4030 954 4089; x_wconf 71' lang='grc' dir='ltr'>Δαυῒδ</span> <span class='ocrx_word' id='word_1_494' title='bbox 1005 4033 1288 4096; x_wconf 71' lang='grc' dir='ltr'>συνέσεως.</span> <span class='ocrx_word' id='word_1_495' title='bbox 1337 4033 1606 4109; x_wconf 83' lang='grc' dir='ltr'>Μακάριοι</span> <span class='ocrx_word' id='word_1_496' title='bbox 1664 4031 1738 4085; x_wconf 81' lang='grc' dir='ltr'>ὦν</span> <span class='ocrx_word' id='word_1_497' title='bbox 1779 4031 1879 4110; x_wconf 84' lang='grc' dir='ltr'>ἀφ-</span> 
     </span>
    </p>
   </div>
   <div class='ocr_carea' id='block_1_72' title="bbox 227 4120 1881 4199">
    <p class='ocr_par' dir='ltr' id='par_1_72' title="bbox 227 4120 1881 4199">
     <span class='ocr_line' id='line_1_72' title="bbox 227 4120 1881 4199; baseline -0.002 -21"><span class='ocrx_word' id='word_1_498' title='bbox 227 4121 449 4194; x_wconf 70' lang='grc' dir='ltr'>είθησαν</span> <span class='ocrx_word' id='word_1_499' title='bbox 525 4123 580 4177; x_wconf 72' lang='grc' dir='ltr'>αἱ</span> <span class='ocrx_word' id='word_1_500' title='bbox 658 4122 900 4197; x_wconf 80' lang='grc' dir='ltr'>ἀνομίαι,</span> <span class='ocrx_word' id='word_1_501' title='bbox 971 4123 1061 4178; x_wconf 86' lang='grc' dir='ltr'>καὶ</span> <span class='ocrx_word' id='word_1_502' title='bbox 1134 4123 1208 4176; x_wconf 79' lang='grc' dir='ltr'>ὧν</span> <span class='ocrx_word' id='word_1_503' title='bbox 1286 4120 1730 4199; x_wconf 87' lang='grc' dir='ltr'>ἐπεκαλύφθησαν</span> <span class='ocrx_word' id='word_1_504' title='bbox 1825 4120 1881 4174; x_wconf 71' lang='grc' dir='ltr'>αἱ</span> 
     </span>
    </p>
   </div>
   <div class='ocr_carea' id='block_1_73' title="bbox 233 4207 1884 4289">
    <p class='ocr_par' dir='ltr' id='par_1_73' title="bbox 233 4207 1884 4289">
     <span class='ocr_line' id='line_1_73' title="bbox 233 4207 1884 4289; baseline -0.001 -23"><span class='ocrx_word' id='word_1_505' title='bbox 233 4211 513 4289; x_wconf 82' lang='grc' dir='ltr'>ἁμαρτίαι.</span> <span class='ocrx_word' id='word_1_506' title='bbox 543 4235 576 4264; x_wconf 69' lang='grc' dir='ltr'>π</span> <span class='ocrx_word' id='word_1_507' title='bbox 616 4242 686 4255; x_wconf 89' lang='lat'>--</span> <span class='ocrx_word' id='word_1_508' title='bbox 713 4212 1006 4284; x_wconf 89' lang='grc' dir='ltr'>Ζηλωτους</span> <span class='ocrx_word' id='word_1_509' title='bbox 1037 4209 1330 4268; x_wconf 84' lang='grc' dir='ltr'>ἀποκαλῶν</span> <span class='ocrx_word' id='word_1_510' title='bbox 1361 4210 1488 4272; x_wconf 80' lang='grc' dir='ltr'>τοὺς</span> <span class='ocrx_word' id='word_1_511' title='bbox 1528 4209 1744 4272; x_wconf 87' lang='grc' dir='ltr'>ἀπόνως</span> <span class='ocrx_word' id='word_1_512' title='bbox 1793 4207 1884 4264; x_wconf 75' lang='grc' dir='ltr'>διὰ</span> 
     </span>
    </p>
   </div>
   <div class='ocr_carea' id='block_1_74' title="bbox 226 4295 1879 4381">
    <p class='ocr_par' dir='ltr' id='par_1_74' title="bbox 226 4295 1879 4381">
     <span class='ocr_line' id='line_1_74' title="bbox 226 4295 1879 4381; baseline -0.002 -26"><span class='ocrx_word' id='word_1_513' title='bbox 226 4304 329 4356; x_wconf 77' lang='grc' dir='ltr'>τοῦ</span> <span class='ocrx_word' id='word_1_514' title='bbox 391 4300 762 4375; x_wconf 87' lang='grc' dir='ltr'>βαπτίσματος</span> <span class='ocrx_word' id='word_1_515' title='bbox 817 4302 910 4357; x_wconf 90' lang='grc' dir='ltr'>τὸν</span> <span class='ocrx_word' id='word_1_516' title='bbox 987 4300 1284 4381; x_wconf 85' lang='grc' dir='ltr'>ἀφανισμὸν</span> <span class='ocrx_word' id='word_1_517' title='bbox 1346 4303 1456 4354; x_wconf 86' lang='grc' dir='ltr'>τῶν</span> <span class='ocrx_word' id='word_1_518' title='bbox 1519 4295 1879 4374; x_wconf 80' lang='grc' dir='ltr'>ἐγκλημάτων</span> 
     </span>
    </p>
   </div>
   <div class='ocr_carea' id='block_1_75' title="bbox 223 4386 633 4465">
    <p class='ocr_par' dir='ltr' id='par_1_75' title="bbox 223 4386 633 4465">
     <span class='ocr_line' id='line_1_75' title="bbox 223 4386 633 4465; baseline 0.01 -20"><span class='ocrx_word' id='word_1_519' title='bbox 223 4386 633 4465; x_wconf 81' lang='grc' dir='ltr'>κερδαίνοντας.</span> 
     </span>
    </p>
   </div>
   <div class='ocr_carea' id='block_1_76' title="bbox 305 4475 1882 4555">
    <p class='ocr_par' dir='ltr' id='par_1_76' title="bbox 305 4475 1882 4555">
     <span class='ocr_line' id='line_1_76' title="bbox 305 4475 1882 4555; baseline -0.001 -24"><span class='ocrx_word' id='word_1_520' title='bbox 305 4500 336 4530; x_wconf 90' lang='grc'>‹‹</span> <span class='ocrx_word' id='word_1_521' title='bbox 367 4479 642 4555; x_wconf 82' lang='grc' dir='ltr'>Μακάριος</span> <span class='ocrx_word' id='word_1_522' title='bbox 676 4479 812 4555; x_wconf 82' lang='grc' dir='ltr'>ἀνὴρ</span> <span class='ocrx_word' id='word_1_523' title='bbox 840 4479 888 4553; x_wconf 80' lang='grc' dir='ltr'>ᾧ</span> <span class='ocrx_word' id='word_1_524' title='bbox 912 4478 975 4535; x_wconf 86' lang='grc' dir='ltr'>ού</span> <span class='ocrx_word' id='word_1_525' title='bbox 1017 4479 1092 4553; x_wconf 78' lang='grc' dir='ltr'>μή</span> <span class='ocrx_word' id='word_1_526' title='bbox 1143 4477 1428 4555; x_wconf 90' lang='grc' dir='ltr'>λογίσηται</span> <span class='ocrx_word' id='word_1_527' title='bbox 1466 4475 1664 4554; x_wconf 84' lang='grc' dir='ltr'>Κύριος</span> <span class='ocrx_word' id='word_1_528' title='bbox 1708 4477 1882 4550; x_wconf 82' lang='grc' dir='ltr'>ἁμαρ-</span> 
     </span>
    </p>
   </div>
   <div class='ocr_carea' id='block_1_77' title="bbox 227 4563 1883 4641">
    <p class='ocr_par' dir='ltr' id='par_1_77' title="bbox 227 4563 1883 4641">
     <span class='ocr_line' id='line_1_77' title="bbox 227 4563 1883 4641; baseline -0.004 -19"><span class='ocrx_word' id='word_1_529' title='bbox 227 4565 372 4637; x_wconf 85' lang='grc' dir='ltr'>τίαν,</span> <span class='ocrx_word' id='word_1_530' title='bbox 405 4565 532 4622; x_wconf 75' lang='grc' dir='ltr'>ούδὶ</span> <span class='ocrx_word' id='word_1_531' title='bbox 589 4565 730 4622; x_wconf 77' lang='grc' dir='ltr'>ἔστιν</span> <span class='ocrx_word' id='word_1_532' title='bbox 780 4567 834 4623; x_wconf 86' lang='grc' dir='ltr'>ἐν</span> <span class='ocrx_word' id='word_1_533' title='bbox 885 4572 968 4640; x_wconf 79' lang='grc' dir='ltr'>τῷ</span> <span class='ocrx_word' id='word_1_534' title='bbox 1025 4567 1252 4641; x_wconf 87' lang='grc' dir='ltr'>στόματι</span> <span class='ocrx_word' id='word_1_535' title='bbox 1311 4565 1474 4621; x_wconf 75' lang='grc' dir='ltr'>αὑτοῦ</span> <span class='ocrx_word' id='word_1_536' title='bbox 1533 4563 1719 4627; x_wconf 88' lang='grc' dir='ltr'>δόλος.</span> <span class='ocrx_word' id='word_1_537' title='bbox 1751 4588 1781 4617; x_wconf 83' lang='grc'><strong>››</strong></span> <span class='ocrx_word' id='word_1_538' title='bbox 1812 4595 1883 4608; x_wconf 77' lang='grc' dir='ltr'>-ο</span> 
     </span>
    </p>
   </div>
   <div class='ocr_carea' id='block_1_78' title="bbox 228 4651 1881 4733">
    <p class='ocr_par' dir='ltr' id='par_1_78' title="bbox 228 4651 1881 4733">
     <span class='ocr_line' id='line_1_78' title="bbox 228 4651 1881 4733; baseline -0.002 -21"><span class='ocrx_word' id='word_1_539' title='bbox 228 4655 472 4718; x_wconf 86' lang='grc' dir='ltr'>Ἐκεῖνος</span> <span class='ocrx_word' id='word_1_540' title='bbox 497 4653 556 4711; x_wconf 78' lang='grc' dir='ltr'>δὲ</span> <span class='ocrx_word' id='word_1_541' title='bbox 583 4655 662 4730; x_wconf 78' lang='grc' dir='ltr'>τῷ</span> <span class='ocrx_word' id='word_1_542' title='bbox 689 4651 804 4711; x_wconf 63' lang='grc' dir='ltr'>ἕντι</span> <span class='ocrx_word' id='word_1_543' title='bbox 839 4656 1168 4733; x_wconf 85' lang='grc' dir='ltr'>μακάριος,ὁ</span> <span class='ocrx_word' id='word_1_544' title='bbox 1186 4657 1254 4712; x_wconf 82' lang='grc' dir='ltr'>τὰ</span> <span class='ocrx_word' id='word_1_545' title='bbox 1271 4657 1370 4725; x_wconf 83' lang='grc' dir='ltr'>τὴν</span> <span class='ocrx_word' id='word_1_546' title='bbox 1396 4651 1486 4709; x_wconf 80' lang='grc' dir='ltr'>διὰ</span> <span class='ocrx_word' id='word_1_547' title='bbox 1508 4653 1881 4732; x_wconf 82' lang='grc' dir='ltr'>βαπτίσματος</span> 
     </span>
    </p>
   </div>
   <div class='ocr_carea' id='block_1_79' title="bbox 2058 3459 3635 3538">
    <p class='ocr_par' dir='ltr' id='par_1_79' title="bbox 2058 3459 3635 3538">
     <span class='ocr_line' id='line_1_79' title="bbox 2058 3459 3635 3538; baseline 0.004 -27"><span class='ocrx_word' id='word_1_548' title='bbox 2058 3483 2086 3511; x_wconf 94' lang='grc'>‹‹</span> <span class='ocrx_word' id='word_1_549' title='bbox 2150 3461 2232 3516; x_wconf 89' lang='grc' dir='ltr'>Ἐν</span> <span class='ocrx_word' id='word_1_550' title='bbox 2291 3481 2357 3532; x_wconf 87' lang='grc' dir='ltr'>κη</span> <span class='ocrx_word' id='word_1_551' title='bbox 2372 3464 2458 3534; x_wconf 84' lang='grc' dir='ltr'>μῷ</span> <span class='ocrx_word' id='word_1_552' title='bbox 2528 3461 2620 3516; x_wconf 82' lang='grc' dir='ltr'>καὶ</span> <span class='ocrx_word' id='word_1_553' title='bbox 2691 3459 2909 3538; x_wconf 82' lang='grc' dir='ltr'>χαλινῷ</span> <span class='ocrx_word' id='word_1_554' title='bbox 2971 3463 3068 3525; x_wconf 77' lang='grc' dir='ltr'>τὰς</span> <span class='ocrx_word' id='word_1_555' title='bbox 3130 3462 3378 3538; x_wconf 86' lang='grc' dir='ltr'>σιαγόνας</span> <span class='ocrx_word' id='word_1_556' title='bbox 3462 3461 3635 3518; x_wconf 81' lang='grc' dir='ltr'>αὐτῶν</span> 
     </span>
    </p>
   </div>
   <div class='ocr_carea' id='block_1_80' title="bbox 1987 3547 3634 3627">
    <p class='ocr_par' dir='ltr' id='par_1_80' title="bbox 1987 3547 3634 3627">
     <span class='ocr_line' id='line_1_80' title="bbox 1987 3547 3634 3627; baseline 0.004 -26"><span class='ocrx_word' id='word_1_557' title='bbox 1987 3547 2168 3623; x_wconf 78' lang='grc' dir='ltr'>ἄγξαις</span> <span class='ocrx_word' id='word_1_558' title='bbox 2223 3554 2331 3604; x_wconf 90' lang='grc' dir='ltr'>τῶν</span> <span class='ocrx_word' id='word_1_559' title='bbox 2387 3551 2462 3623; x_wconf 76' lang='grc' dir='ltr'>μὴ</span> <span class='ocrx_word' id='word_1_560' title='bbox 2520 3550 2838 3627; x_wconf 83' lang='grc' dir='ltr'>ἐγγιζόντων</span> <span class='ocrx_word' id='word_1_561' title='bbox 2895 3551 3032 3627; x_wconf 89' lang='grc' dir='ltr'>πρός</span> <span class='ocrx_word' id='word_1_562' title='bbox 3089 3572 3165 3607; x_wconf 84' lang='grc' dir='ltr'>σε.</span> <span class='ocrx_word' id='word_1_563' title='bbox 3201 3575 3230 3603; x_wconf 84' lang='lat'><strong>»</strong></span> <span class='ocrx_word' id='word_1_564' title='bbox 3261 3585 3331 3594; x_wconf 91' lang='lat'>-—</span> <span class='ocrx_word' id='word_1_565' title='bbox 3381 3551 3514 3607; x_wconf 79' lang='grc' dir='ltr'>Εἶτα</span> <span class='ocrx_word' id='word_1_566' title='bbox 3543 3547 3634 3607; x_wconf 69' lang='grc' dir='ltr'>εὔ-</span> 
     </span>
    </p>
   </div>
   <div class='ocr_carea' id='block_1_81' title="bbox 1989 3637 3636 3717">
    <p class='ocr_par' dir='ltr' id='par_1_81' title="bbox 1989 3637 3636 3717">
     <span class='ocr_line' id='line_1_81' title="bbox 1989 3637 3636 3717; baseline 0.003 -27"><span class='ocrx_word' id='word_1_567' title='bbox 1989 3654 2144 3710; x_wconf 86' lang='grc' dir='ltr'>χεται</span> <span class='ocrx_word' id='word_1_568' title='bbox 2200 3638 2336 3714; x_wconf 89' lang='grc' dir='ltr'>πρὸς</span> <span class='ocrx_word' id='word_1_569' title='bbox 2395 3637 2524 3694; x_wconf 80' lang='grc' dir='ltr'>Θεὸν</span> <span class='ocrx_word' id='word_1_570' title='bbox 2586 3638 2668 3694; x_wconf 80' lang='grc' dir='ltr'>ὅτι</span> <span class='ocrx_word' id='word_1_571' title='bbox 2725 3638 2919 3702; x_wconf 77' lang='grc' dir='ltr'>αὐτοὺς</span> <span class='ocrx_word' id='word_1_572' title='bbox 2988 3639 3306 3716; x_wconf 87' lang='grc' dir='ltr'>ἐγγίζοντας</span> <span class='ocrx_word' id='word_1_573' title='bbox 3361 3639 3498 3717; x_wconf 83' lang='grc' dir='ltr'>πρός</span> <span class='ocrx_word' id='word_1_574' title='bbox 3553 3660 3636 3709; x_wconf 81' lang='grc' dir='ltr'>σε,</span> 
     </span>
    </p>
   </div>
   <div class='ocr_carea' id='block_1_82' title="bbox 1990 3722 3638 3805">
    <p class='ocr_par' dir='ltr' id='par_1_82' title="bbox 1990 3722 3638 3805">
     <span class='ocr_line' id='line_1_82' title="bbox 1990 3722 3638 3805; baseline 0.004 -27"><span class='ocrx_word' id='word_1_575' title='bbox 1990 3722 2060 3778; x_wconf 89' lang='grc' dir='ltr'>δι’</span> <span class='ocrx_word' id='word_1_576' title='bbox 2089 3725 2416 3805; x_wconf 82' lang='grc' dir='ltr'>ἐπιστροφῆς</span> <span class='ocrx_word' id='word_1_577' title='bbox 2443 3727 2533 3782; x_wconf 86' lang='grc' dir='ltr'>καὶ</span> <span class='ocrx_word' id='word_1_578' title='bbox 2566 3725 2791 3791; x_wconf 79' lang='grc' dir='ltr'>ἄκοντας</span> <span class='ocrx_word' id='word_1_579' title='bbox 2822 3730 3118 3804; x_wconf 88' lang='grc' dir='ltr'>κατάσχοις</span> <span class='ocrx_word' id='word_1_580' title='bbox 3144 3735 3246 3799; x_wconf 78' lang='grc' dir='ltr'>τῆς</span> <span class='ocrx_word' id='word_1_581' title='bbox 3281 3729 3418 3804; x_wconf 86' lang='grc' dir='ltr'>πρὸς</span> <span class='ocrx_word' id='word_1_582' title='bbox 3446 3728 3638 3784; x_wconf 80' lang='grc' dir='ltr'>κακίαν</span> 
     </span>
    </p>
   </div>
   <div class='ocr_carea' id='block_1_83' title="bbox 1990 3812 2939 3892">
    <p class='ocr_par' dir='ltr' id='par_1_83' title="bbox 1990 3812 2939 3892">
     <span class='ocr_line' id='line_1_83' title="bbox 1990 3812 2939 3892; baseline 0.005 -23"><span class='ocrx_word' id='word_1_583' title='bbox 1990 3820 2158 3892; x_wconf 86' lang='grc' dir='ltr'>φορᾶς</span> <span class='ocrx_word' id='word_1_584' title='bbox 2187 3812 2257 3870; x_wconf 85' lang='grc' dir='ltr'>δι’</span> <span class='ocrx_word' id='word_1_585' title='bbox 2285 3815 2574 3892; x_wconf 82' lang='grc' dir='ltr'>ἐπαγωγῆς</span> <span class='ocrx_word' id='word_1_586' title='bbox 2601 3822 2939 3891; x_wconf 85' lang='grc' dir='ltr'>πειρασμῶν.</span> 
     </span>
    </p>
   </div>
   <div class='ocr_carea' id='block_1_84' title="bbox 2062 3903 3634 3983">
    <p class='ocr_par' dir='ltr' id='par_1_84' title="bbox 2062 3903 3634 3983">
     <span class='ocr_line' id='line_1_84' title="bbox 2062 3903 3634 3983; baseline 0.003 -26"><span class='ocrx_word' id='word_1_587' title='bbox 2062 3929 2089 3956; x_wconf 90' lang='grc'>‹‹</span> <span class='ocrx_word' id='word_1_588' title='bbox 2121 3903 2468 3982; x_wconf 66' lang='grc' dir='ltr'>Εὐφράνθητε</span> <span class='ocrx_word' id='word_1_589' title='bbox 2497 3904 2584 3960; x_wconf 84' lang='grc' dir='ltr'>ἐπὶ</span> <span class='ocrx_word' id='word_1_590' title='bbox 2629 3905 2847 3982; x_wconf 77' lang='grc' dir='ltr'>Κύριον,</span> <span class='ocrx_word' id='word_1_591' title='bbox 2892 3906 2984 3962; x_wconf 83' lang='grc' dir='ltr'>καὶ</span> <span class='ocrx_word' id='word_1_592' title='bbox 3030 3905 3364 3983; x_wconf 81' lang='grc' dir='ltr'>ἀγαλλιᾶσθε</span> <span class='ocrx_word' id='word_1_593' title='bbox 3412 3905 3634 3980; x_wconf 84' lang='grc' dir='ltr'>δίκαιοι,</span> 
     </span>
    </p>
   </div>
   <div class='ocr_carea' id='block_1_85' title="bbox 1986 3992 3632 4073">
    <p class='ocr_par' dir='ltr' id='par_1_85' title="bbox 1986 3992 3632 4073">
     <span class='ocr_line' id='line_1_85' title="bbox 1986 3992 3632 4073; baseline 0.003 -26"><span class='ocrx_word' id='word_1_594' title='bbox 1986 3992 2078 4048; x_wconf 85' lang='grc' dir='ltr'>καὶ</span> <span class='ocrx_word' id='word_1_595' title='bbox 2142 3997 2417 4069; x_wconf 79' lang='grc' dir='ltr'>καυχᾶσθε</span> <span class='ocrx_word' id='word_1_596' title='bbox 2469 3992 2662 4058; x_wconf 78' lang='grc' dir='ltr'>πάντες</span> <span class='ocrx_word' id='word_1_597' title='bbox 2719 3997 2772 4051; x_wconf 72' lang='grc' dir='ltr'>οἱ</span> <span class='ocrx_word' id='word_1_598' title='bbox 2825 3994 2995 4060; x_wconf 73' lang='grc' dir='ltr'>εὑθεῖς</span> <span class='ocrx_word' id='word_1_599' title='bbox 3034 4000 3104 4071; x_wconf 82' lang='grc' dir='ltr'>τῇ</span> <span class='ocrx_word' id='word_1_600' title='bbox 3134 3995 3350 4073; x_wconf 80' lang='grc' dir='ltr'>καρδίᾳ.</span> <span class='ocrx_word' id='word_1_601' title='bbox 3384 4020 3414 4050; x_wconf 90' lang='grc'>‹‹</span> <span class='ocrx_word' id='word_1_602' title='bbox 3444 4029 3514 4042; x_wconf 84' lang='lat'><strong>--</strong></span> <span class='ocrx_word' id='word_1_603' title='bbox 3540 3995 3632 4064; x_wconf 70' lang='grc' dir='ltr'>Μὴ</span> 
     </span>
    </p>
   </div>
   <div class='ocr_carea' id='block_1_86' title="bbox 1990 4080 3647 4166">
    <p class='ocr_par' dir='ltr' id='par_1_86' title="bbox 1990 4080 3647 4166">
     <span class='ocr_line' id='line_1_86' title="bbox 1990 4080 3647 4166; baseline 0.002 -30"><span class='ocrx_word' id='word_1_604' title='bbox 1990 4081 2079 4136; x_wconf 85' lang='grc' dir='ltr'>ἐπὶ</span> <span class='ocrx_word' id='word_1_605' title='bbox 2107 4088 2226 4146; x_wconf 88' lang='grc' dir='ltr'>ταῖς</span> <span class='ocrx_word' id='word_1_606' title='bbox 2258 4083 2469 4160; x_wconf 86' lang='grc' dir='ltr'>ἀρεταῖς</span> <span class='ocrx_word' id='word_1_607' title='bbox 2502 4085 2652 4158; x_wconf 89' lang='grc' dir='ltr'>ὑμῶν</span> <span class='ocrx_word' id='word_1_608' title='bbox 2685 4105 2698 4118; x_wconf 81' lang='grc'><strong>-</strong></span> <span class='ocrx_word' id='word_1_609' title='bbox 2758 4080 3005 4141; x_wconf 77' lang='grc' dir='ltr'>ἀϐἐϐαιοι</span> <span class='ocrx_word' id='word_1_610' title='bbox 3043 4087 3148 4163; x_wconf 82' lang='grc' dir='ltr'>γὰρ</span> <span class='ocrx_word' id='word_1_611' title='bbox 3199 4085 3245 4142; x_wconf 83' lang='grc' dir='ltr'>εί</span> <span class='ocrx_word' id='word_1_612' title='bbox 3308 4088 3382 4161; x_wconf 81' lang='grc' dir='ltr'>μὴ</span> <span class='ocrx_word' id='word_1_613' title='bbox 3443 4083 3647 4166; x_wconf 79' lang='grc' dir='ltr'>φυλάτ-</span> 
     </span>
    </p>
   </div>
   <div class='ocr_carea' id='block_1_87' title="bbox 1985 4171 2486 4231">
    <p class='ocr_par' dir='ltr' id='par_1_87' title="bbox 1985 4171 2486 4231">
     <span class='ocr_line' id='line_1_87' title="bbox 1985 4171 2486 4231; baseline 0.006 -4"><span class='ocrx_word' id='word_1_614' title='bbox 1985 4191 2166 4227; x_wconf 89' lang='grc' dir='ltr'>τοιντο</span> <span class='ocrx_word' id='word_1_615' title='bbox 2196 4171 2302 4227; x_wconf 86' lang='grc' dir='ltr'>ὐπὸ</span> <span class='ocrx_word' id='word_1_616' title='bbox 2331 4177 2486 4231; x_wconf 79' lang='grc' dir='ltr'>Θεοῦ.</span> 
     </span>
    </p>
   </div>
   <div class='ocr_carea' id='block_1_88' title="bbox 2581 4292 3039 4346">
    <p class='ocr_par' dir='ltr' id='par_1_88' title="bbox 2581 4292 3039 4346">
     <span class='ocr_line' id='line_1_88' title="bbox 2581 4292 3039 4346; baseline 0.002 -1"><span class='ocrx_word' id='word_1_617' title='bbox 2581 4293 2879 4346; x_wconf 75' lang='grc' dir='ltr'><strong>ΨΑΛΜΌΣ</strong></span> <span class='ocrx_word' id='word_1_618' title='bbox 2923 4292 3039 4346; x_wconf 87' lang='grc' dir='ltr'>ΛΒ’.</span> 
     </span>
    </p>
   </div>
   <div class='ocr_carea' id='block_1_89' title="bbox 2061 4381 3637 4467">
    <p class='ocr_par' dir='ltr' id='par_1_89' title="bbox 2061 4381 3637 4467">
     <span class='ocr_line' id='line_1_89' title="bbox 2061 4381 3637 4467; baseline 0.003 -26"><span class='ocrx_word' id='word_1_619' title='bbox 2061 4411 2091 4440; x_wconf 91' lang='grc'>‹‹</span> <span class='ocrx_word' id='word_1_620' title='bbox 2123 4386 2358 4462; x_wconf 88' lang='grc' dir='ltr'>Ψαλμὸς</span> <span class='ocrx_word' id='word_1_621' title='bbox 2387 4391 2466 4460; x_wconf 84' lang='grc' dir='ltr'>τῷ</span> <span class='ocrx_word' id='word_1_622' title='bbox 2497 4386 2681 4458; x_wconf 71' lang='grc' dir='ltr'>Δαυῒδ,</span> <span class='ocrx_word' id='word_1_623' title='bbox 2735 4388 3096 4467; x_wconf 85' lang='grc' dir='ltr'>ἀνεπίγραφος</span> <span class='ocrx_word' id='word_1_624' title='bbox 3159 4389 3284 4464; x_wconf 87' lang='grc' dir='ltr'>παρ’</span> <span class='ocrx_word' id='word_1_625' title='bbox 3337 4381 3637 4464; x_wconf 85' lang='grc' dir='ltr'>Ἑϐραίοις.</span> 
     </span>
    </p>
   </div>
   <div class='ocr_carea' id='block_1_90' title="bbox 1991 4474 3641 4554">
    <p class='ocr_par' dir='ltr' id='par_1_90' title="bbox 1991 4474 3641 4554">
     <span class='ocr_line' id='line_1_90' title="bbox 1991 4474 3641 4554; baseline 0.001 -24"><span class='ocrx_word' id='word_1_626' title='bbox 1991 4475 2368 4552; x_wconf 88' lang='grc' dir='ltr'>Ἀγαλλιᾶσθε,</span> <span class='ocrx_word' id='word_1_627' title='bbox 2401 4474 2622 4550; x_wconf 87' lang='grc' dir='ltr'>δίκαιοι,</span> <span class='ocrx_word' id='word_1_628' title='bbox 2673 4476 2724 4532; x_wconf 89' lang='grc' dir='ltr'>ἐν</span> <span class='ocrx_word' id='word_1_629' title='bbox 2774 4477 2956 4551; x_wconf 80' lang='grc' dir='ltr'>Κυρίῳ</span> <span class='ocrx_word' id='word_1_630' title='bbox 2990 4497 3002 4509; x_wconf 92' lang='grc'>·</span> <span class='ocrx_word' id='word_1_631' title='bbox 3051 4483 3168 4540; x_wconf 85' lang='grc' dir='ltr'>τοῖς</span> <span class='ocrx_word' id='word_1_632' title='bbox 3227 4477 3398 4532; x_wconf 83' lang='grc' dir='ltr'>εὑθέσι</span> <span class='ocrx_word' id='word_1_633' title='bbox 3441 4477 3641 4554; x_wconf 84' lang='grc' dir='ltr'>πρέπει</span> 
     </span>
    </p>
   </div>
   <div class='ocr_carea' id='block_1_91' title="bbox 1989 4562 3637 4643">
    <p class='ocr_par' dir='ltr' id='par_1_91' title="bbox 1989 4562 3637 4643">
     <span class='ocr_line' id='line_1_91' title="bbox 1989 4562 3637 4643; baseline 0.002 -25"><span class='ocrx_word' id='word_1_634' title='bbox 1989 4562 2206 4627; x_wconf 73' lang='grc' dir='ltr'>αἴνεσις.</span> <span class='ocrx_word' id='word_1_635' title='bbox 2267 4564 2721 4641; x_wconf 81' lang='grc' dir='ltr'>Ἐξομολογεῖσθε</span> <span class='ocrx_word' id='word_1_636' title='bbox 2784 4570 2861 4637; x_wconf 76' lang='grc' dir='ltr'>τῷ</span> <span class='ocrx_word' id='word_1_637' title='bbox 2927 4565 3145 4642; x_wconf 84' lang='grc' dir='ltr'>Κυρίῳ·</span> <span class='ocrx_word' id='word_1_638' title='bbox 3204 4566 3254 4620; x_wconf 90' lang='grc' dir='ltr'>ἐν</span> <span class='ocrx_word' id='word_1_639' title='bbox 3312 4562 3527 4643; x_wconf 82' lang='grc' dir='ltr'>κιθάρᾳ,</span> <span class='ocrx_word' id='word_1_640' title='bbox 3584 4565 3637 4621; x_wconf 90' lang='grc' dir='ltr'>ἐν</span> 
     </span>
    </p>
   </div>
   <div class='ocr_carea' id='block_1_92' title="bbox 1989 4651 3642 4731">
    <p class='ocr_par' dir='ltr' id='par_1_92' title="bbox 1989 4651 3642 4731">
     <span class='ocr_line' id='line_1_92' title="bbox 1989 4651 3642 4731; baseline 0.002 -23"><span class='ocrx_word' id='word_1_641' title='bbox 1989 4652 2302 4730; x_wconf 79' lang='grc' dir='ltr'>ψαλτηρίῳ,</span> <span class='ocrx_word' id='word_1_642' title='bbox 2337 4651 2656 4731; x_wconf 87' lang='grc' dir='ltr'>δεκαχόρδῳ</span> <span class='ocrx_word' id='word_1_643' title='bbox 2702 4653 2912 4727; x_wconf 81' lang='grc' dir='ltr'>ψάλατε</span> <span class='ocrx_word' id='word_1_644' title='bbox 2956 4654 3120 4727; x_wconf 78' lang='grc' dir='ltr'>αὐτῷ.</span> <span class='ocrx_word' id='word_1_645' title='bbox 3154 4680 3182 4707; x_wconf 85' lang='grc'>››</span> <span class='ocrx_word' id='word_1_646' title='bbox 3215 4687 3286 4697; x_wconf 92' lang='lat'>—-</span> <span class='ocrx_word' id='word_1_647' title='bbox 3313 4658 3496 4710; x_wconf 85' lang='grc' dir='ltr'>’Ἑοικε</span> <span class='ocrx_word' id='word_1_648' title='bbox 3542 4675 3642 4711; x_wconf 86' lang='grc' dir='ltr'>πε-</span> 
     </span>
    </p>
   </div>
   <div class='ocr_carea' id='block_1_93' title="bbox 229 4735 3643 4824">
    <p class='ocr_par' dir='ltr' id='par_1_93' title="bbox 229 4735 3643 4824">
     <span class='ocr_line' id='line_1_93' title="bbox 229 4735 3643 4824; baseline -0 -25"><span class='ocrx_word' id='word_1_649' title='bbox 229 4745 420 4824; x_wconf 74' lang='grc' dir='ltr'>ἄφεσιν</span> <span class='ocrx_word' id='word_1_650' title='bbox 458 4745 535 4819; x_wconf 79' lang='grc' dir='ltr'>μὴ</span> <span class='ocrx_word' id='word_1_651' title='bbox 566 4745 897 4820; x_wconf 78' lang='grc' dir='ltr'>ψευσάμενος</span> <span class='ocrx_word' id='word_1_652' title='bbox 939 4747 1036 4809; x_wconf 83' lang='grc' dir='ltr'>τὰς</span> <span class='ocrx_word' id='word_1_653' title='bbox 1087 4745 1163 4808; x_wconf 81' lang='grc' dir='ltr'>εἷς</span> <span class='ocrx_word' id='word_1_654' title='bbox 1215 4745 1345 4802; x_wconf 86' lang='grc' dir='ltr'>Θεὸν</span> <span class='ocrx_word' id='word_1_655' title='bbox 1391 4746 1683 4816; x_wconf 80' lang='grc' dir='ltr'>συνθήκας·</span> <span class='ocrx_word' id='word_1_656' title='bbox 1717 4737 1880 4805; x_wconf 87' lang='grc' dir='ltr'>δόλος</span> <span class='ocrx_word' id='word_1_657' title='bbox 1912 4735 1960 4802; x_wconf 87' lang='lat' dir='ltr'><strong>D</strong></span> <span class='ocrx_word' id='word_1_658' title='bbox 1989 4749 2252 4814; x_wconf 81' lang='grc' dir='ltr'>ποιῆσθαι</span> <span class='ocrx_word' id='word_1_659' title='bbox 2283 4743 2360 4806; x_wconf 79' lang='grc' dir='ltr'>εἷς</span> <span class='ocrx_word' id='word_1_660' title='bbox 2388 4745 2486 4813; x_wconf 76' lang='grc' dir='ltr'>τήν</span> <span class='ocrx_word' id='word_1_661' title='bbox 2517 4744 2653 4798; x_wconf 80' lang='grc' dir='ltr'>κατὰ</span> <span class='ocrx_word' id='word_1_662' title='bbox 2679 4744 2771 4798; x_wconf 90' lang='grc' dir='ltr'>τὸν</span> <span class='ocrx_word' id='word_1_663' title='bbox 2808 4744 3041 4813; x_wconf 86' lang='grc' dir='ltr'>Ἐζεκίαν</span> <span class='ocrx_word' id='word_1_664' title='bbox 3074 4742 3158 4799; x_wconf 78' lang='grc' dir='ltr'>ἐπὶ</span> <span class='ocrx_word' id='word_1_665' title='bbox 3185 4749 3304 4806; x_wconf 88' lang='grc' dir='ltr'>τοῖς</span> <span class='ocrx_word' id='word_1_666' title='bbox 3331 4742 3643 4820; x_wconf 83' lang='grc' dir='ltr'>’Δσσυρίοις</span> 
     </span>
    </p>
   </div>
   <div class='ocr_carea' id='block_1_94' title="bbox 228 4831 887 4914">
    <p class='ocr_par' dir='ltr' id='par_1_94' title="bbox 228 4831 887 4914">
     <span class='ocr_line' id='line_1_94' title="bbox 228 4831 887 4914; baseline 0.003 -25"><span class='ocrx_word' id='word_1_667' title='bbox 228 4834 339 4914; x_wconf 77' lang='grc' dir='ltr'>γὰρ</span> <span class='ocrx_word' id='word_1_668' title='bbox 364 4833 430 4890; x_wconf 90' lang='grc' dir='ltr'>τὸ</span> <span class='ocrx_word' id='word_1_669' title='bbox 459 4831 677 4909; x_wconf 76' lang='grc' dir='ltr'>ψεῦδος,</span> <span class='ocrx_word' id='word_1_670' title='bbox 707 4835 887 4913; x_wconf 84' lang='grc' dir='ltr'>φησίν.</span> 
     </span>
    </p>
   </div>
   <div class='ocr_carea' id='block_1_95' title="bbox 308 4921 1884 4999">
    <p class='ocr_par' dir='ltr' id='par_1_95' title="bbox 308 4921 1884 4999">
     <span class='ocr_line' id='line_1_95' title="bbox 308 4921 1884 4999; baseline 0.001 -24"><span class='ocrx_word' id='word_1_671' title='bbox 308 4945 338 4975; x_wconf 76' lang='grc' dir='ltr'>α</span> <span class='ocrx_word' id='word_1_672' title='bbox 368 4924 488 4979; x_wconf 75' lang='grc' dir='ltr'>’Ὀτι</span> <span class='ocrx_word' id='word_1_673' title='bbox 549 4922 794 4999; x_wconf 85' lang='grc' dir='ltr'>ἐσίγησα,</span> <span class='ocrx_word' id='word_1_674' title='bbox 841 4923 1157 4993; x_wconf 71' lang='grc' dir='ltr'>ἐπαλαιώθη</span> <span class='ocrx_word' id='word_1_675' title='bbox 1212 4925 1280 4978; x_wconf 82' lang='grc' dir='ltr'>τὰ</span> <span class='ocrx_word' id='word_1_676' title='bbox 1325 4921 1458 4979; x_wconf 82' lang='grc' dir='ltr'>ὀστᾶ</span> <span class='ocrx_word' id='word_1_677' title='bbox 1503 4937 1612 4997; x_wconf 79' lang='grc' dir='ltr'>μου</span> <span class='ocrx_word' id='word_1_678' title='bbox 1651 4921 1755 4977; x_wconf 85' lang='grc' dir='ltr'>ἀπὸ</span> <span class='ocrx_word' id='word_1_679' title='bbox 1786 4924 1884 4977; x_wconf 73' lang='grc' dir='ltr'>τοῦ</span> 
     </span>
    </p>
   </div>
   <div class='ocr_carea' id='block_1_96' title="bbox 225 5009 1885 5089">
    <p class='ocr_par' dir='ltr' id='par_1_96' title="bbox 225 5009 1885 5089">
     <span class='ocr_line' id='line_1_96' title="bbox 225 5009 1885 5089; baseline -0.001 -21"><span class='ocrx_word' id='word_1_680' title='bbox 225 5011 446 5089; x_wconf 82' lang='grc' dir='ltr'>κράζειν</span> <span class='ocrx_word' id='word_1_681' title='bbox 504 5033 578 5086; x_wconf 83' lang='grc' dir='ltr'>με</span> <span class='ocrx_word' id='word_1_682' title='bbox 623 5011 764 5084; x_wconf 77' lang='grc' dir='ltr'>ὅλην</span> <span class='ocrx_word' id='word_1_683' title='bbox 809 5014 910 5083; x_wconf 82' lang='grc' dir='ltr'>τήν</span> <span class='ocrx_word' id='word_1_684' title='bbox 955 5012 1189 5086; x_wconf 73' lang='grc' dir='ltr'>ἡμέραν.</span> <span class='ocrx_word' id='word_1_685' title='bbox 1239 5036 1272 5064; x_wconf 84' lang='grc'><strong>››</strong></span> <span class='ocrx_word' id='word_1_686' title='bbox 1301 5044 1372 5057; x_wconf 65' lang='grc'>«-</span> <span class='ocrx_word' id='word_1_687' title='bbox 1417 5012 1568 5067; x_wconf 83' lang='grc' dir='ltr'>Ἐπεὶ</span> <span class='ocrx_word' id='word_1_688' title='bbox 1601 5011 1700 5067; x_wconf 79' lang='grc' dir='ltr'>οὐκ</span> <span class='ocrx_word' id='word_1_689' title='bbox 1727 5009 1885 5075; x_wconf 72' lang='grc' dir='ltr'>εὐθὺς</span> 
     </span>
    </p>
   </div>
   <div class='ocr_carea' id='block_1_97' title="bbox 227 5097 1881 5178">
    <p class='ocr_par' dir='ltr' id='par_1_97' title="bbox 227 5097 1881 5178">
     <span class='ocr_line' id='line_1_97' title="bbox 227 5097 1881 5178; baseline -0.001 -23"><span class='ocrx_word' id='word_1_690' title='bbox 227 5103 335 5171; x_wconf 73' lang='grc' dir='ltr'>τὴν</span> <span class='ocrx_word' id='word_1_691' title='bbox 403 5101 667 5175; x_wconf 82' lang='grc' dir='ltr'>ἁμαρτίαν</span> <span class='ocrx_word' id='word_1_692' title='bbox 736 5097 1118 5176; x_wconf 86' lang='grc' dir='ltr'>ἐθριάμϐευσα,</span> <span class='ocrx_word' id='word_1_693' title='bbox 1187 5101 1401 5178; x_wconf 76' lang='grc' dir='ltr'>ἐτέρους</span> <span class='ocrx_word' id='word_1_694' title='bbox 1473 5099 1530 5156; x_wconf 72' lang='grc' dir='ltr'>δὲ</span> <span class='ocrx_word' id='word_1_695' title='bbox 1605 5101 1881 5174; x_wconf 87' lang='grc' dir='ltr'>ἀνέμενον,</span> 
     </span>
    </p>
   </div>
   <div class='ocr_carea' id='block_1_98' title="bbox 227 5185 1882 5266">
    <p class='ocr_par' dir='ltr' id='par_1_98' title="bbox 227 5185 1882 5266">
     <span class='ocr_line' id='line_1_98' title="bbox 227 5185 1882 5266; baseline 0 -22"><span class='ocrx_word' id='word_1_696' title='bbox 227 5185 444 5263; x_wconf 77' lang='grc' dir='ltr'>ἔλεγον,</span> <span class='ocrx_word' id='word_1_697' title='bbox 503 5190 881 5262; x_wconf 68' lang='grc' dir='ltr'>Ἑξησθένησεν</span> <span class='ocrx_word' id='word_1_698' title='bbox 939 5193 976 5260; x_wconf 83' lang='grc' dir='ltr'>ἡ</span> <span class='ocrx_word' id='word_1_699' title='bbox 1046 5188 1272 5264; x_wconf 85' lang='grc' dir='ltr'>δύναμίς</span> <span class='ocrx_word' id='word_1_700' title='bbox 1338 5210 1442 5263; x_wconf 87' lang='grc' dir='ltr'>μου</span> <span class='ocrx_word' id='word_1_701' title='bbox 1489 5188 1721 5245; x_wconf 76' lang='grc' dir='ltr'>ἀπὸτοῦ</span> <span class='ocrx_word' id='word_1_702' title='bbox 1753 5189 1882 5266; x_wconf 78' lang='grc' dir='ltr'>βοᾷν</span> 
     </span>
    </p>
   </div>
   <div class='ocr_carea' id='block_1_99' title="bbox 229 5276 1102 5356">
    <p class='ocr_par' dir='ltr' id='par_1_99' title="bbox 229 5276 1102 5356">
     <span class='ocr_line' id='line_1_99' title="bbox 229 5276 1102 5356; baseline 0.002 -22"><span class='ocrx_word' id='word_1_703' title='bbox 229 5299 304 5353; x_wconf 81' lang='grc' dir='ltr'>με</span> <span class='ocrx_word' id='word_1_704' title='bbox 334 5276 425 5334; x_wconf 78' lang='grc' dir='ltr'>διὰ</span> <span class='ocrx_word' id='word_1_705' title='bbox 452 5281 650 5343; x_wconf 87' lang='grc' dir='ltr'>παντὸς</span> <span class='ocrx_word' id='word_1_706' title='bbox 679 5281 770 5336; x_wconf 87' lang='grc' dir='ltr'>καὶ</span> <span class='ocrx_word' id='word_1_707' title='bbox 802 5277 1102 5356; x_wconf 86' lang='grc' dir='ltr'>ὀδύρεσθαι.</span> 
     </span>
    </p>
   </div>
   <div class='ocr_carea' id='block_1_100' title="bbox 308 5362 1883 5448">
    <p class='ocr_par' dir='ltr' id='par_1_100' title="bbox 308 5362 1883 5448">
     <span class='ocr_line' id='line_1_100' title="bbox 308 5362 1883 5448; baseline 0.003 -30"><span class='ocrx_word' id='word_1_708' title='bbox 308 5392 338 5419; x_wconf 84' lang='grc'>‹‹</span> <span class='ocrx_word' id='word_1_709' title='bbox 370 5370 487 5423; x_wconf 76' lang='grc' dir='ltr'>’Ότι</span> <span class='ocrx_word' id='word_1_710' title='bbox 545 5370 758 5448; x_wconf 73' lang='grc' dir='ltr'>ἡμέρας</span> <span class='ocrx_word' id='word_1_711' title='bbox 813 5370 903 5424; x_wconf 87' lang='grc' dir='ltr'>καὶ</span> <span class='ocrx_word' id='word_1_712' title='bbox 961 5369 1153 5431; x_wconf 83' lang='grc' dir='ltr'>νυκτὸς</span> <span class='ocrx_word' id='word_1_713' title='bbox 1211 5362 1474 5444; x_wconf 87' lang='grc' dir='ltr'>ἐϐαρύνθη</span> <span class='ocrx_word' id='word_1_714' title='bbox 1551 5365 1640 5422; x_wconf 65' lang='grc' dir='ltr'>ἐπὶ</span> <span class='ocrx_word' id='word_1_715' title='bbox 1696 5367 1794 5440; x_wconf 74' lang='grc' dir='ltr'>ἐμὲ</span> <span class='ocrx_word' id='word_1_716' title='bbox 1848 5369 1883 5437; x_wconf 81' lang='grc' dir='ltr'>ἡ</span> 
     </span>
    </p>
   </div>
   <div class='ocr_carea' id='block_1_101' title="bbox 229 5455 1883 5535">
    <p class='ocr_par' dir='ltr' id='par_1_101' title="bbox 229 5455 1883 5535">
     <span class='ocr_line' id='line_1_101' title="bbox 229 5455 1883 5535; baseline 0.001 -25"><span class='ocrx_word' id='word_1_717' title='bbox 229 5455 364 5532; x_wconf 89' lang='grc' dir='ltr'>χείρ</span> <span class='ocrx_word' id='word_1_718' title='bbox 423 5479 539 5516; x_wconf 91' lang='grc' dir='ltr'>σου.</span> <span class='ocrx_word' id='word_1_719' title='bbox 575 5484 598 5511; x_wconf 73' lang='grc' dir='ltr'>ι»</span> <span class='ocrx_word' id='word_1_720' title='bbox 660 5491 730 5502; x_wconf 89' lang='grc'><strong><em>-</em></strong></span> <span class='ocrx_word' id='word_1_721' title='bbox 786 5459 887 5514; x_wconf 83' lang='grc' dir='ltr'>Καὶ</span> <span class='ocrx_word' id='word_1_722' title='bbox 945 5458 1050 5535; x_wconf 79' lang='grc' dir='ltr'>γὰρ</span> <span class='ocrx_word' id='word_1_723' title='bbox 1083 5455 1152 5512; x_wconf 86' lang='grc' dir='ltr'>δι’</span> <span class='ocrx_word' id='word_1_724' title='bbox 1182 5456 1315 5513; x_wconf 79' lang='grc' dir='ltr'>ὅλου</span> <span class='ocrx_word' id='word_1_725' title='bbox 1367 5458 1576 5534; x_wconf 83' lang='grc' dir='ltr'>βαρέως</span> <span class='ocrx_word' id='word_1_726' title='bbox 1607 5456 1883 5532; x_wconf 84' lang='grc' dir='ltr'>ἐπηνέχθη</span> 
     </span>
    </p>
   </div>
   <div class='ocr_carea' id='block_1_102' title="bbox 224 5544 1886 5624">
    <p class='ocr_par' dir='ltr' id='par_1_102' title="bbox 224 5544 1886 5624">
     <span class='ocr_line' id='line_1_102' title="bbox 224 5544 1886 5624; baseline 0 -24"><span class='ocrx_word' id='word_1_727' title='bbox 224 5545 316 5600; x_wconf 81' lang='grc' dir='ltr'>ἐπ’</span> <span class='ocrx_word' id='word_1_728' title='bbox 349 5545 447 5620; x_wconf 73' lang='grc' dir='ltr'>ἐμὲ</span> <span class='ocrx_word' id='word_1_729' title='bbox 475 5550 510 5618; x_wconf 82' lang='grc' dir='ltr'>ἡ</span> <span class='ocrx_word' id='word_1_730' title='bbox 542 5547 785 5624; x_wconf 90' lang='grc' dir='ltr'>τιμωρία</span> <span class='ocrx_word' id='word_1_731' title='bbox 815 5569 910 5602; x_wconf 86' lang='grc' dir='ltr'>σου</span> <span class='ocrx_word' id='word_1_732' title='bbox 943 5570 956 5579; x_wconf 81' lang='grc'>·</span> <span class='ocrx_word' id='word_1_733' title='bbox 991 5546 1082 5602; x_wconf 85' lang='grc' dir='ltr'>καὶ</span> <span class='ocrx_word' id='word_1_734' title='bbox 1113 5544 1196 5602; x_wconf 83' lang='grc' dir='ltr'>ὅτι</span> <span class='ocrx_word' id='word_1_735' title='bbox 1251 5545 1350 5600; x_wconf 79' lang='grc' dir='ltr'>οὐκ</span> <span class='ocrx_word' id='word_1_736' title='bbox 1408 5544 1561 5609; x_wconf 79' lang='grc' dir='ltr'>εὐθὺς</span> <span class='ocrx_word' id='word_1_737' title='bbox 1624 5545 1886 5619; x_wconf 88' lang='grc' dir='ltr'>μετενόη-</span> 
     </span>
    </p>
   </div>
   <div class='ocr_carea' id='block_1_103' title="bbox 227 5653 322 5692">
    <p class='ocr_par' dir='ltr' id='par_1_103' title="bbox 227 5653 322 5692">
     <span class='ocr_line' id='line_1_103' title="bbox 227 5653 322 5692; baseline 0.042 -5"><span class='ocrx_word' id='word_1_738' title='bbox 227 5653 322 5692; x_wconf 89' lang='grc' dir='ltr'>σα.</span> 
     </span>
    </p>
   </div>
   <div class='ocr_carea' id='block_1_104' title="bbox 302 5721 1888 5802">
    <p class='ocr_par' dir='ltr' id='par_1_104' title="bbox 302 5721 1888 5802">
     <span class='ocr_line' id='line_1_104' title="bbox 302 5721 1888 5802; baseline -0.001 -23"><span class='ocrx_word' id='word_1_739' title='bbox 302 5723 612 5802; x_wconf 87' lang='grc' dir='ltr'>Ἐστράφην</span> <span class='ocrx_word' id='word_1_740' title='bbox 672 5725 748 5790; x_wconf 81' lang='grc' dir='ltr'>εἷς</span> <span class='ocrx_word' id='word_1_741' title='bbox 813 5723 1211 5801; x_wconf 88' lang='grc' dir='ltr'>ταλαιπωρίαν,</span> <span class='ocrx_word' id='word_1_742' title='bbox 1289 5721 1341 5778; x_wconf 88' lang='grc' dir='ltr'>ἐν</span> <span class='ocrx_word' id='word_1_743' title='bbox 1411 5727 1490 5796; x_wconf 80' lang='grc' dir='ltr'>τῷ</span> <span class='ocrx_word' id='word_1_744' title='bbox 1573 5722 1888 5799; x_wconf 80' lang='grc' dir='ltr'>ἐμπαγῆναί</span> 
     </span>
    </p>
   </div>
   <div class='ocr_carea' id='block_1_105' title="bbox 229 5809 1891 5895">
    <p class='ocr_par' dir='ltr' id='par_1_105' title="bbox 229 5809 1891 5895">
     <span class='ocr_line' id='line_1_105' title="bbox 229 5809 1891 5895; baseline 0.001 -27"><span class='ocrx_word' id='word_1_745' title='bbox 229 5829 334 5889; x_wconf 82' lang='grc' dir='ltr'>μοι</span> <span class='ocrx_word' id='word_1_746' title='bbox 368 5809 616 5876; x_wconf 78' lang='grc' dir='ltr'>ἄκανθαν,</span> <span class='ocrx_word' id='word_1_747' title='bbox 653 5838 682 5868; x_wconf 72' lang='lat' dir='ltr'><strong><em>n</em></strong></span> <span class='ocrx_word' id='word_1_748' title='bbox 722 5845 791 5860; x_wconf 76' lang='grc'>«-</span> <span class='ocrx_word' id='word_1_749' title='bbox 845 5811 1186 5895; x_wconf 77' lang='grc' dir='ltr'>Περιετράπη</span> <span class='ocrx_word' id='word_1_750' title='bbox 1259 5832 1355 5891; x_wconf 79' lang='grc' dir='ltr'>μοι</span> <span class='ocrx_word' id='word_1_751' title='bbox 1411 5813 1482 5869; x_wconf 80' lang='grc' dir='ltr'>τὰ</span> <span class='ocrx_word' id='word_1_752' title='bbox 1533 5816 1637 5889; x_wconf 86' lang='grc' dir='ltr'>τῆς</span> <span class='ocrx_word' id='word_1_753' title='bbox 1687 5812 1891 5887; x_wconf 71' lang='grc' dir='ltr'>εὐκλη-</span> 
     </span>
    </p>
   </div>
   <div class='ocr_carea' id='block_1_106' title="bbox 1993 4831 3644 4909">
    <p class='ocr_par' dir='ltr' id='par_1_106' title="bbox 1993 4831 3644 4909">
     <span class='ocr_line' id='line_1_106' title="bbox 1993 4831 3644 4909; baseline 0.001 -22"><span class='ocrx_word' id='word_1_754' title='bbox 1993 4832 2138 4887; x_wconf 87' lang='grc' dir='ltr'>θείαν</span> <span class='ocrx_word' id='word_1_755' title='bbox 2168 4833 2547 4909; x_wconf 83' lang='grc' dir='ltr'>τερατουργίαν</span> <span class='ocrx_word' id='word_1_756' title='bbox 2584 4835 2902 4908; x_wconf 73' lang='grc' dir='ltr'>προτρέπων</span> <span class='ocrx_word' id='word_1_757' title='bbox 2964 4835 3148 4906; x_wconf 85' lang='grc' dir='ltr'>ὑμνεῖν</span> <span class='ocrx_word' id='word_1_758' title='bbox 3200 4834 3292 4888; x_wconf 88' lang='grc' dir='ltr'>τὸν</span> <span class='ocrx_word' id='word_1_759' title='bbox 3339 4832 3466 4888; x_wconf 87' lang='grc' dir='ltr'>Θεὸν</span> <span class='ocrx_word' id='word_1_760' title='bbox 3514 4831 3644 4896; x_wconf 81' lang='grc' dir='ltr'>τοὺς</span> 
     </span>
    </p>
   </div>
   <div class='ocr_carea' id='block_1_107' title="bbox 1992 4919 3084 4998">
    <p class='ocr_par' dir='ltr' id='par_1_107' title="bbox 1992 4919 3084 4998">
     <span class='ocr_line' id='line_1_107' title="bbox 1992 4919 3084 4998; baseline 0.001 -22"><span class='ocrx_word' id='word_1_761' title='bbox 1992 4921 2190 4992; x_wconf 78' lang='grc' dir='ltr'>ἀξίους·</span> <span class='ocrx_word' id='word_1_762' title='bbox 2224 4921 2307 4992; x_wconf 69' lang='grc' dir='ltr'>εἴη</span> <span class='ocrx_word' id='word_1_763' title='bbox 2343 4919 2388 4976; x_wconf 88' lang='grc' dir='ltr'>δ’</span> <span class='ocrx_word' id='word_1_764' title='bbox 2418 4921 2477 4976; x_wconf 80' lang='grc' dir='ltr'>ἂν</span> <span class='ocrx_word' id='word_1_765' title='bbox 2509 4921 2599 4976; x_wconf 87' lang='grc' dir='ltr'>καὶ</span> <span class='ocrx_word' id='word_1_766' title='bbox 2631 4923 2766 4996; x_wconf 82' lang='grc' dir='ltr'>ἡμῖν</span> <span class='ocrx_word' id='word_1_767' title='bbox 2798 4919 3084 4998; x_wconf 84' lang='grc' dir='ltr'>ἁρμόδιος.</span> 
     </span>
    </p>
   </div>
   <div class='ocr_carea' id='block_1_108' title="bbox 2068 5009 3639 5088">
    <p class='ocr_par' dir='ltr' id='par_1_108' title="bbox 2068 5009 3639 5088">
     <span class='ocr_line' id='line_1_108' title="bbox 2068 5009 3639 5088; baseline 0 -24"><span class='ocrx_word' id='word_1_768' title='bbox 2068 5032 2097 5060; x_wconf 87' lang='grc'>‹‹</span> <span class='ocrx_word' id='word_1_769' title='bbox 2125 5010 2324 5081; x_wconf 79' lang='grc' dir='ltr'>ᾊσατε</span> <span class='ocrx_word' id='word_1_770' title='bbox 2381 5010 2527 5082; x_wconf 76' lang='grc' dir='ltr'>αὐτῷ</span> <span class='ocrx_word' id='word_1_771' title='bbox 2580 5009 2727 5084; x_wconf 79' lang='grc' dir='ltr'>ᾆσμα</span> <span class='ocrx_word' id='word_1_772' title='bbox 2772 5010 2976 5068; x_wconf 85' lang='grc' dir='ltr'>καινόν.</span> <span class='ocrx_word' id='word_1_773' title='bbox 3012 5034 3040 5063; x_wconf 88' lang='grc'><strong>››</strong></span> <span class='ocrx_word' id='word_1_774' title='bbox 3086 5044 3156 5054; x_wconf 90' lang='lat'>—-</span> <span class='ocrx_word' id='word_1_775' title='bbox 3199 5009 3323 5068; x_wconf 80' lang='grc' dir='ltr'>Ἐπὶ</span> <span class='ocrx_word' id='word_1_776' title='bbox 3368 5011 3470 5088; x_wconf 79' lang='grc' dir='ltr'>γὰρ</span> <span class='ocrx_word' id='word_1_777' title='bbox 3519 5015 3639 5074; x_wconf 82' lang='grc' dir='ltr'>τοῖς</span> 
     </span>
    </p>
   </div>
   <div class='ocr_carea' id='block_1_109' title="bbox 1992 5097 3639 5177">
    <p class='ocr_par' dir='ltr' id='par_1_109' title="bbox 1992 5097 3639 5177">
     <span class='ocr_line' id='line_1_109' title="bbox 1992 5097 3639 5177; baseline 0 -24"><span class='ocrx_word' id='word_1_778' title='bbox 1992 5099 2135 5161; x_wconf 85' lang='grc' dir='ltr'>νέοις</span> <span class='ocrx_word' id='word_1_779' title='bbox 2166 5099 2583 5175; x_wconf 75' lang='grc' dir='ltr'>εὐεργετήμασιν</span> <span class='ocrx_word' id='word_1_780' title='bbox 2617 5098 2907 5177; x_wconf 84' lang='grc' dir='ltr'>ὀφείλομεν</span> <span class='ocrx_word' id='word_1_781' title='bbox 2939 5101 3029 5154; x_wconf 85' lang='grc' dir='ltr'>καὶ</span> <span class='ocrx_word' id='word_1_782' title='bbox 3058 5101 3148 5155; x_wconf 83' lang='grc' dir='ltr'>νέα</span> <span class='ocrx_word' id='word_1_783' title='bbox 3180 5098 3471 5175; x_wconf 81' lang='grc' dir='ltr'>προσάγειν</span> <span class='ocrx_word' id='word_1_784' title='bbox 3522 5097 3639 5171; x_wconf 87' lang='grc' dir='ltr'>Θεῷ</span> 
     </span>
    </p>
   </div>
   <div class='ocr_carea' id='block_1_110' title="bbox 1995 5185 3642 5265">
    <p class='ocr_par' dir='ltr' id='par_1_110' title="bbox 1995 5185 3642 5265">
     <span class='ocr_line' id='line_1_110' title="bbox 1995 5185 3642 5265; baseline 0 -22"><span class='ocrx_word' id='word_1_785' title='bbox 1995 5190 2063 5243; x_wconf 85' lang='grc' dir='ltr'>τὰ</span> <span class='ocrx_word' id='word_1_786' title='bbox 2094 5187 2506 5264; x_wconf 77' lang='grc' dir='ltr'>εὐχαριστήρια·</span> <span class='ocrx_word' id='word_1_787' title='bbox 2540 5188 2629 5243; x_wconf 82' lang='grc' dir='ltr'>καὶ</span> <span class='ocrx_word' id='word_1_788' title='bbox 2660 5186 2847 5251; x_wconf 84' lang='grc' dir='ltr'>ἄλλως</span> <span class='ocrx_word' id='word_1_789' title='bbox 2881 5185 2938 5242; x_wconf 79' lang='grc' dir='ltr'>δὲ</span> <span class='ocrx_word' id='word_1_790' title='bbox 2963 5191 3031 5243; x_wconf 77' lang='grc' dir='ltr'>τὰ</span> <span class='ocrx_word' id='word_1_791' title='bbox 3077 5190 3428 5265; x_wconf 84' lang='grc' dir='ltr'>Χριστιανικά</span> <span class='ocrx_word' id='word_1_792' title='bbox 3471 5189 3642 5244; x_wconf 79' lang='grc' dir='ltr'>πάντα</span> 
     </span>
    </p>
   </div>
   <div class='ocr_carea' id='block_1_111' title="bbox 1991 5275 3008 5351">
    <p class='ocr_par' dir='ltr' id='par_1_111' title="bbox 1991 5275 3008 5351">
     <span class='ocr_line' id='line_1_111' title="bbox 1991 5275 3008 5351; baseline 0.002 -19"><span class='ocrx_word' id='word_1_793' title='bbox 1991 5277 2151 5332; x_wconf 78' lang='grc' dir='ltr'>καινὰ</span> <span class='ocrx_word' id='word_1_794' title='bbox 2181 5277 2316 5351; x_wconf 89' lang='grc' dir='ltr'>πρὸς</span> <span class='ocrx_word' id='word_1_795' title='bbox 2345 5277 2411 5330; x_wconf 83' lang='grc' dir='ltr'>τὰ</span> <span class='ocrx_word' id='word_1_796' title='bbox 2435 5276 2641 5331; x_wconf 89' lang='grc' dir='ltr'>παλαιά</span> <span class='ocrx_word' id='word_1_797' title='bbox 2669 5276 2759 5330; x_wconf 87' lang='grc' dir='ltr'>καὶ</span> <span class='ocrx_word' id='word_1_798' title='bbox 2789 5275 3008 5351; x_wconf 78' lang='grc' dir='ltr'>νομικοὶ.</span> 
     </span>
    </p>
   </div>
   <div class='ocr_carea' id='block_1_112' title="bbox 2070 5363 3384 5444">
    <p class='ocr_par' dir='ltr' id='par_1_112' title="bbox 2070 5363 3384 5444">
     <span class='ocr_line' id='line_1_112' title="bbox 2070 5363 3384 5444; baseline 0.001 -25"><span class='ocrx_word' id='word_1_799' title='bbox 2070 5363 2321 5427; x_wconf 83' lang='grc' dir='ltr'>«Καλῶς</span> <span class='ocrx_word' id='word_1_800' title='bbox 2379 5364 2586 5438; x_wconf 79' lang='grc' dir='ltr'>ψάλατε</span> <span class='ocrx_word' id='word_1_801' title='bbox 2651 5365 2797 5438; x_wconf 82' lang='grc' dir='ltr'>αύτῷ</span> <span class='ocrx_word' id='word_1_802' title='bbox 2851 5365 2903 5421; x_wconf 88' lang='grc' dir='ltr'>ἐν</span> <span class='ocrx_word' id='word_1_803' title='bbox 2963 5365 3292 5444; x_wconf 83' lang='grc' dir='ltr'>ἀλαλαγμῷ.</span> <span class='ocrx_word' id='word_1_804' title='bbox 3356 5392 3384 5420; x_wconf 88' lang='grc'>››</span> 
     </span>
    </p>
   </div>
   <div class='ocr_carea' id='block_1_113' title="bbox 1992 5451 3398 5532">
    <p class='ocr_par' dir='ltr' id='par_1_113' title="bbox 1992 5451 3398 5532">
     <span class='ocr_line' id='line_1_113' title="bbox 1992 5451 3398 5532; baseline 0.001 -21"><span class='ocrx_word' id='word_1_805' title='bbox 1992 5453 2202 5526; x_wconf 88' lang='grc' dir='ltr'>καλῶς,</span> <span class='ocrx_word' id='word_1_806' title='bbox 2235 5451 2400 5524; x_wconf 88' lang='grc' dir='ltr'>δηλοῖ</span> <span class='ocrx_word' id='word_1_807' title='bbox 2425 5454 2484 5508; x_wconf 86' lang='grc' dir='ltr'>τὸ</span> <span class='ocrx_word' id='word_1_808' title='bbox 2515 5454 2929 5531; x_wconf 87' lang='grc' dir='ltr'>ἀμετεωρίστως</span> <span class='ocrx_word' id='word_1_809' title='bbox 2958 5456 3046 5510; x_wconf 81' lang='grc' dir='ltr'>καὶ</span> <span class='ocrx_word' id='word_1_810' title='bbox 3080 5454 3398 5532; x_wconf 77' lang='grc' dir='ltr'>ὁλοψύχως.</span> 
     </span>
    </p>
   </div>
   <div class='ocr_carea' id='block_1_114' title="bbox 2069 5541 3644 5621">
    <p class='ocr_par' dir='ltr' id='par_1_114' title="bbox 2069 5541 3644 5621">
     <span class='ocr_line' id='line_1_114' title="bbox 2069 5541 3644 5621; baseline 0.002 -24"><span class='ocrx_word' id='word_1_811' title='bbox 2069 5569 2096 5598; x_wconf 85' lang='grc' dir='ltr'><strong>κ</strong></span> <span class='ocrx_word' id='word_1_812' title='bbox 2129 5545 2250 5601; x_wconf 74' lang='grc' dir='ltr'>’Ότι</span> <span class='ocrx_word' id='word_1_813' title='bbox 2311 5541 2463 5606; x_wconf 79' lang='grc' dir='ltr'>εὐθὺς</span> <span class='ocrx_word' id='word_1_814' title='bbox 2522 5544 2550 5597; x_wconf 91' lang='grc' dir='ltr'>ὁ</span> <span class='ocrx_word' id='word_1_815' title='bbox 2605 5541 2774 5618; x_wconf 90' lang='grc' dir='ltr'>λόγος</span> <span class='ocrx_word' id='word_1_816' title='bbox 2825 5549 2923 5599; x_wconf 76' lang='grc' dir='ltr'>τοῦ</span> <span class='ocrx_word' id='word_1_817' title='bbox 2979 5543 3178 5621; x_wconf 86' lang='grc' dir='ltr'>Κυρίου</span> <span class='ocrx_word' id='word_1_818' title='bbox 3231 5546 3321 5599; x_wconf 84' lang='grc' dir='ltr'>καὶ</span> <span class='ocrx_word' id='word_1_819' title='bbox 3378 5543 3644 5600; x_wconf 85' lang='grc' dir='ltr'>πάντατά</span> 
     </span>
    </p>
   </div>
   <div class='ocr_carea' id='block_1_115' title="bbox 1997 5630 3640 5708">
    <p class='ocr_par' dir='ltr' id='par_1_115' title="bbox 1997 5630 3640 5708">
     <span class='ocr_line' id='line_1_115' title="bbox 1997 5630 3640 5708; baseline 0 -20"><span class='ocrx_word' id='word_1_820' title='bbox 1997 5630 2126 5708; x_wconf 73' lang='grc' dir='ltr'>ἔργα</span> <span class='ocrx_word' id='word_1_821' title='bbox 2175 5631 2337 5687; x_wconf 79' lang='grc' dir='ltr'>αὐτοῦ</span> <span class='ocrx_word' id='word_1_822' title='bbox 2396 5630 2446 5685; x_wconf 87' lang='grc' dir='ltr'>ἐν</span> <span class='ocrx_word' id='word_1_823' title='bbox 2491 5631 2685 5687; x_wconf 87' lang='grc' dir='ltr'>πίστει.</span> <span class='ocrx_word' id='word_1_824' title='bbox 2730 5658 2759 5686; x_wconf 82' lang='grc'><strong>››</strong></span> <span class='ocrx_word' id='word_1_825' title='bbox 2792 5667 2859 5675; x_wconf 87' lang='lat'>—-</span> <span class='ocrx_word' id='word_1_826' title='bbox 2910 5632 3168 5705; x_wconf 84' lang='grc' dir='ltr'>Ἀληθεῖς</span> <span class='ocrx_word' id='word_1_827' title='bbox 3218 5634 3270 5687; x_wconf 77' lang='grc' dir='ltr'>ο⁹ι</span> <span class='ocrx_word' id='word_1_828' title='bbox 3319 5630 3478 5708; x_wconf 89' lang='grc' dir='ltr'>λόγοι</span> <span class='ocrx_word' id='word_1_829' title='bbox 3539 5639 3640 5688; x_wconf 81' lang='grc' dir='ltr'>Κυ-</span> 
     </span>
    </p>
   </div>
   <div class='ocr_carea' id='block_1_116' title="bbox 1998 5716 3640 5804">
    <p class='ocr_par' dir='ltr' id='par_1_116' title="bbox 1998 5716 3640 5804">
     <span class='ocr_line' id='line_1_116' title="bbox 1998 5716 3640 5804; baseline 0.002 -27"><span class='ocrx_word' id='word_1_830' title='bbox 1998 5722 2117 5800; x_wconf 87' lang='grc' dir='ltr'>ρίου</span> <span class='ocrx_word' id='word_1_831' title='bbox 2174 5720 2264 5776; x_wconf 84' lang='grc' dir='ltr'>καὶ</span> <span class='ocrx_word' id='word_1_832' title='bbox 2319 5720 2375 5776; x_wconf 74' lang='grc' dir='ltr'>αἱ</span> <span class='ocrx_word' id='word_1_833' title='bbox 2432 5716 2721 5788; x_wconf 84' lang='grc' dir='ltr'>ἀποϐάσεις</span> <span class='ocrx_word' id='word_1_834' title='bbox 2766 5726 2872 5779; x_wconf 89' lang='grc' dir='ltr'>τῶν</span> <span class='ocrx_word' id='word_1_835' title='bbox 2924 5719 3092 5804; x_wconf 81' lang='grc' dir='ltr'>ἔργων</span> <span class='ocrx_word' id='word_1_836' title='bbox 3152 5722 3314 5780; x_wconf 74' lang='grc' dir='ltr'>αὐτοῦ</span> <span class='ocrx_word' id='word_1_837' title='bbox 3360 5726 3640 5786; x_wconf 80' lang='grc' dir='ltr'>πιστοῦσιν</span> 
     </span>
    </p>
   </div>
   <div class='ocr_carea' id='block_1_117' title="bbox 1995 5809 2213 5878">
    <p class='ocr_par' dir='ltr' id='par_1_117' title="bbox 1995 5809 2213 5878">
     <span class='ocr_line' id='line_1_117' title="bbox 1995 5809 2213 5878; baseline 0.018 -9"><span class='ocrx_word' id='word_1_838' title='bbox 1995 5809 2213 5878; x_wconf 78' lang='grc' dir='ltr'>αὐτούς.</span> 
     </span>
    </p>
   </div>
   <div class='ocr_carea' id='block_1_118' title="bbox 3435 5365 3639 5439">
    <p class='ocr_par' dir='ltr' id='par_1_118' title="bbox 3435 5365 3639 5439">
     <span class='ocr_line' id='line_1_118' title="bbox 3435 5365 3639 5439; baseline 0.01 -20"><span class='ocrx_word' id='word_1_839' title='bbox 3435 5399 3504 5410; x_wconf 81' lang='grc'>.-</span> <span class='ocrx_word' id='word_1_840' title='bbox 3549 5365 3639 5439; x_wconf 84' lang='grc' dir='ltr'>Τὸ,</span> 
     </span>
    </p>
   </div>
  </div>
