3988 6446
380 419 407 479 1
418 418 536 480 M3

1629 407 2051 475 NICEPHORI
2094 409 2531 474 BLEMMID/E

3648 412 3807 475 un

458 571 488 604 ιι
518 552 716 625 Δγαπᾷ
767 545 1144 620 ἐλεημοσύνην
1201 545 1290 601 καὶ
1349 544 1543 622 κρίσιν.
1578 569 1602 597 1
1636 576 1708 588 -—
1735 540 2023 616 Ἐλεήμων
2057 548 2111 616 Α
2212 564 2241 596 α
2273 539 2490 612 Ψευδής
2542 540 2713 605 *ίππος
2771 541 2847 604 εἷς
2901 542 3194 613 σωτηρίαν.
3262 566 3284 595 ι
3344 577 3418 587 —-
3474 538 3806 608 Ἀϐέϐαιοςο

377 639 480 717 γὰρ
535 636 771 713 ὐπάρχει
827 637 919 691 καὶ
976 633 1203 698 δίκαιος.
1260 637 1381 689 Ὅτι
1429 655 1489 689 τε
1542 633 1760 710 κίρνησι
1814 636 1884 705 τῇ
1942 629 2023 686 δι-

377 726 638 802 καιοσύνῃ
690 726 783 782 τὸν
842 724 995 781 ἔλεον
1026 726 1062 795 ἢ
1094 724 1178 779 ὅτι
1240 724 1333 779 τὸν
1397 723 1489 797 μὲν
1548 719 1700 778 ἔλεον
1755 720 1891 776 κατὰ
1934 721 2028 775 τὸν

378 815 621 893 παρόντα
651 814 823 870 αίῶνα
854 813 1305 890 ὑπερεκχέειστήν
1340 810 1399 867 66
1429 810 1774 881 δικαιοσύνην
1810 807 2022 884 μᾶλλον

381 904 737 979 ἀποταμιεύει
767 902 843 966 είς
872 903 963 959 τὸν
995 901 1271 978 μέλλοντα
1298 902 1467 956 αῗῶνα
1501 901 1591 957 καὶ
1637 899 1761 955 τότε
1793 900 2021 975 ἄκρατον

375 999 588 1067 τοῦτον,
646 991 755 1051 ε’ίπ.
793 1039 804 1050 .
844 1037 856 1049 .
894 1037 906 1051 .
944 1035 957 1049 .
987 993 1078 1046 καὶ
1109 990 1191 1046 ὅτι
1224 990 1340 1066 (αλ.
1396 987 1647 1066 ἄκρατον,
1680 988 1714 1057 ἢ
1768 987 1858 1043 καὶ
1915 985 2023 1058 ὅτι)

372 1083 504 1146 τοὺς
584 1083 678 1157 μὶν
756 1079 1176 1156 διορθουμένους
1246 1076 1408 1152 ἐλεεῖ,
1464 1083 1581 1141 τοῖς
1662 1074 1721 1131 66
1792 1075 2017 1148 πάμπαν

375 1169 732 1247 ἀδιορθώτοις
759 1169 929 1227 κλείει
956 1169 1049 1225 τὸν
1081 1166 1256 1227 ἔλεον,

446 1291 476 1322 ‹‹
506 1272 613 1323 Τοῦ
662 1265 849 1330 ἐλέους
906 1263 1106 1342 Κυρίου
1163 1263 1388 1339 πλήρης
1443 1265 1479 1333 ἡ
1533 1268 1629 1338 γῆ.
1661 1285 1690 1314 ››
1729 1293 1799 1303 -
1845 1258 2021 1316 Ἐλεεῖ

368 1359 461 1414 καὶ
515 1356 643 1419 τοὺς
701 1356 912 1421 ἀθέους·
969 1359 1087 1417 πῶς
1145 1353 1247 1429 γὰρ
1309 1351 1370 1408 ἂν
1436 1351 1624 1413 ἄλλως
1697 1351 1766 1418 ἦν
1823 1348 2017 1411 αὐτοὺς

370 1448 466 1517 ζῇν
491 1463 507 1517 ;

399 1469 590 1606 ,εἶ’Τῷ
640 1532 791 1610 λόγῳ
834 1530 1032 1608 Κυρίου
1081 1531 1133 1585 οἱ
1191 1527 1412 1603 οὐρανοὶ
1473 1526 1869 1605 ἐστερεώθησαν
1926 1524 2017 1580 καὶ

364 1621 447 1697 τῷ
500 1621 764 1696 πνεύματι
817 1624 916 1677 τοῦ
971 1618 1241 1694 πόματος
1300 1618 1465 1675 αὐτοῦ
1511 1622 1656 1672 πᾶσα
1701 1618 1738 1686 ἡ
1787 1612 2016 1688 δύναμις

367 1712 566 1769 αὐτῶν.
601 1734 623 1763 ι
658 1744 728 1753 --
758 1713 853 1783 Τῷ
884 1708 934 1764 ἐν
968 1708 1256 1781 ὐποστάτῳ
1307 1706 1460 1784 λόγῳ
1506 1710 1604 1761 τοῦ
1660 1704 1872 1781 Πατρὸς
1926 1702 2017 1757 καὶ

362 1798 447 1874 τῷ
491 1799 775 1875 ὁμοουσίῳ
818 1797 984 1854 αὐτοῦ
1034 1795 1324 1871 Πνεύματι·
1376 1792 1466 1850 διὰ
1510 1798 1672 1849 τοῦτο
1740 1793 1846 1869 γὰρ
1902 1790 2019 1846 εἶπε

362 1893 462 1946 τοῦ
490 1888 761 1987 στόματος
1022 1880 1635 1987 ἐθεμελιιύθησανὶἤτοι
1691 1881 2013 1987 ἐκτίσθησαν
2046 1921 2094 1987 Β

362 1978 454 2035 καὶ
511 1979 565 2034 οἱ
614 1976 834 2055 οὐρανοὶ
881 1976 971 2032 καὶ
1020 1976 1075 2030 αἱ
1129 1972 1387 2048 δυνάμεις
1435 1972 1632 2029 αὐτῶνο
1681 1968 1807 2040 ἤτοι
1863 1970 1919 2024 αἱ
1962 1967 2014 2022 ἐν

365 2067 550 2130 αὐτοῖς
580 2065 741 2142 α’ίπερ
767 2065 900 2122 εἰσὶν
928 2065 985 2120 αἱ
1013 2062 1194 2140 νοεραὶ
1224 2063 1315 2118 καὶ
1345 2059 1528 2119 ἄῦλοι.

438 2190 467 2219 ιι
500 2162 760 2240 Συνάγων
794 2163 922 2218 ὡσεὶ
951 2161 1111 2217 ἀσκὸν
1159 2159 1327 2215 ὕδατα
1376 2158 1673 2229 θαλάσσης.
1707 2180 1737 2209 ››
1766 2191 1837 2200 -—
1892 2156 2020 2212 Λεί-

364 2274 457 2311 πει
503 2257 540 2325 ἠ
590 2253 667 2316 είς
713 2251 987 2329 πρόθεσις⁶
1037 2249 1181 2306 οὕτω
1243 2250 1366 2326 γὰρ,
1407 2249 1561 2327 φησὶ,
1590 2249 1659 2303 τὰ
1706 2244 1873 2302 ὕδατα
1916 2252 2017 2316 τῆς

372 2342 649 2415 θαλάσσης
673 2340 972 2419 περικλείει
1005 2340 1080 2403 εἷς
1108 2338 1237 2403 τοὺς
1265 2338 1466 2401 τόπους
1495 2336 1670 2392 αὐτῶν
1727 2335 1906 2411 ὥσπερ
1938 2334 2016 2397 εἷς

367 2430 556 2490 ἀσκόν.

445 2546 475 2576 ι(
505 2520 677 2583 Τιθεὶς
736 2518 788 2575 ἐν
844 2520 1137 2595 θησαυροῖς
1186 2512 1473 2580 ἀϐύσσους.
1525 2540 1555 2570 ››
1598 2549 1666 2558 -
1712 2512 2011 2569 Φυλάσσων

370 2608 423 2667 ἐν
479 2614 598 2671 τοῖς
649 2607 881 2670 κόλποις
937 2614 1037 2677 τῆς
1091 2613 1193 2684 ἧς
1230 2607 1331 2675 τὴν
1378 2610 1486 2661 τῶν
1539 2602 1746 2660 ὑδάτων
1799 2601 2013 2673 πληθὺν

366 2697 548 2775 ὥσπερ
609 2696 662 2752 ἐν
718 2701 1011 2771 θησαυροῖς
1065 2692 1156 2750 διὰ
1206 2696 1270 2751 τὸ
1334 2694 1731 2770 κεκρυμμένον,
1793 2690 1882 2747 διὰ
1951 2692 2015 2747 τὸ

365 2784 615 2862 δαψιλὲς,
645 2783 735 2841 διὰ
756 2784 820 2841 τὸ
848 2786 987 2841 κατὰ
1031 2783 1218 2861 ’χρείαν
1270 2781 1573 2861 ἀνοίγεσθαί
1621 2803 1680 2838 τε
1724 2781 1814 2837 καὶ
1862 2777 2014 2835 κλεί-

367 2878 538 2933 εσθαι.

436 2990 466 3018 ‹‹
498 2958 811 3036 Φοϐηθήτω
840 2963 930 3019 τὸν
972 2961 1168 3038 Κύριον
1218 2966 1361 3018 πᾶσα
1388 2964 1424 3031 ἡ
1453 2964 1548 3034 γῆ.
1581 2961 1699 3018 Ἀπ’
1744 2958 1909 3014 αὐτοῦ
1955 2957 2015 3013 66

367 3053 782 3124 σαλευθήτωσαν
839 3053 1029 3114 πάντες
1099 3052 1153 3106 οἱ
1225 3055 1598 3112 κατοικοῦντες
1658 3050 1758 3119 τήν
1826 3047 2011 3103 οἰκου-

369 3141 558 3218 μένην.
594 3164 624 3194 ››
652 3173 723 3184 --
751 3141 875 3196 Ἀπ’
902 3139 1068 3195 αὐτοῦ
1116 3136 1174 3194 66
1213 3136 1338 3208 ἤτοι
1386 3143 1483 3193 τοῦ
1532 3131 1706 3216 φόϐου
1749 3136 2014 3214 τρομαζέ-

362 3251 541 3287 τωσαν
598 3228 812 3292 πάντες·
874 3226 1111 3284 διδάσκει
1169 3224 1227 3282 66
1283 3224 1373 3281 διὰ
1437 3225 1632 3282 τούτου
1686 3227 1784 3295 τήν
1844 3224 2008 3300 ἄκραν

360 3315 644 3376 εὐλάϐειαν
673 3322 772 3375 τοῦ
801 3313 1158 3392 σεϐάσματος.

439 3438 463 3468 ι
496 3416 696 3494 Κύριος
772 3412 1105 3484 διασκεδάζει
1178 3412 1381 3490 βουλὰς
1455 3412 1643 3478 ἐθνῶν·
1703 3413 1879 3477 ἀθετεῖ
1954 3408 2013 3467 66

364 3506 670 3583 λογισμοὺς
724 3503 895 3574 λαῶν,
946 3504 1034 3559 καὶ
1098 3503 1275 3568 ἀθετεῖ
1346 3500 1548 3579 βουλὰς
1623 3501 1922 3579 ἀρχόντων.
1980 3523 2009 3552 ››

369 3629 440 3640 -
469 3593 652 3666 Βουλή
686 3593 826 3650 ἐστιν
873 3596 909 3663 ἠ
959 3593 1263 3669 κυρωθεῖσα
1306 3592 1528 3668 γνώμη,
1561 3590 1823 3667 λογισμὸς
1869 3587 1927 3645 66
1972 3592 2009 3659 ἠ

372 3681 563 3745 ἁπλῶς
594 3680 909 3754 ἐνθύμησις.

446 3792 479 3823 ‹‹
509 3769 791 3845 Μακάριον
844 3769 908 3824 τὸ
950 3765 1094 3831 ἔθνος
1142 3768 1205 3823 οὐ
1253 3766 1363 3823 ἐστι
1392 3767 1586 3840 Κύριος
1616 3766 1644 3820 6
1673 3765 1801 3828 Θεὸς
1825 3764 2008 3838 αὐτοῦ,

370 3856 503 3921 λαὸς
557 3858 616 3914 ὃν
674 3856 947 3928 ἐξελέξατο
1004 3857 1080 3920 εἷς
1155 3856 1534 3932 κληρονομίαν
1613 3856 1803 3928 ἐαυτῷ.
1863 3879 1891 3907 ))

364 3945 646 4022 Μακάριον
677 3945 740 4001 τὸ
770 3944 918 4009 ἔθνος
955 3946 1019 4001 τὸ
1046 3945 1428 4021 κυριευόμενον
1473 3944 1563 4001 καὶ
1612 3941 2011 4018 οἰκονομούμε-

361 4058 453 4094 νον
486 4036 589 4092 ὑπὸ
617 4039 716 4091 τοῦ
745 4032 889 4090 ῗδίου
916 4038 1068 4094 Θεοῦ.

435 4149 466 4180 (ι
497 4125 585 4197 Ἐξ
642 4122 875 4200 οὐρανοῦ
933 4117 1226 4198 ἐπέϐλεψεν
1277 4124 1306 4179 6
1352 4123 1570 4200 Κύριος·
1638 4118 1747 4176 εἶδε
1808 4119 2008 4184 πάντας

362 4213 491 4278 τοὺς
539 4212 690 4276 υἱοὺς
733 4216 842 4268 τῶν
885 4212 1205 4289 ἀνθρώπων.
1241 4237 1264 4267 ι
1301 4245 1368 4255 -
1398 4211 1498 4268 Διὰ
1541 4210 1746 4267 τούτων
1794 4209 1858 4265 τὸ
1885 4229 2012 4265 παν-

365 4302 690 4360 τεποπτικὸν
723 4301 1011 4358 αἰνίττεται
1041 4306 1137 4357 τοῦ
1167 4305 1319 4359 Θεοῦ.

443 4414 467 4445 ι
498 4394 586 4467 Ἐξ
634 4390 857 4465 ἑτοίμου
902 4390 1327 4465 κατοικητηρίου
1376 4389 1541 4445 αὐτοῦ
1590 4383 1880 4463 ἐπέϐλεψεν
1922 4387 2009 4445 ἐπὶ

365 4480 568 4544 πάντας
617 4480 745 4544 τοὺς
788 4484 1167 4542 κατοικοῦντας
1211 4480 1311 4550 τὴν
1355 4485 1486 4555 γῆν.
1543 4502 1574 4531 ››
1603 4512 1672 4522 —
1717 4483 1822 4534 Τοῦ
1879 4499 2012 4556 προ-

364 4570 559 4648 χείρου
589 4570 667 4634 εἰς
695 4570 758 4626 τὸ
787 4569 987 4632 πάντας
1018 4570 1254 4633 θεᾶσθαι.
1364 4600 1372 4608 ·

437 4691 466 4720 ι(
498 4670 555 4723 Ὃ
610 4666 822 4731 πλάσας
878 4667 1014 4723 κατᾶ
1070 4665 1235 4739 μόνας
1295 4667 1389 4728 τὰς
1448 4662 1671 4743 καρδίας
1732 4665 1931 4741 αὐτῶν,
1979 4666 2008 4720 6
2038 4658 2083 4725 D
2113 4672 2150 4741 ἡ
2182 4666 2383 4731 αἴνεσις
2411 4667 2575 4724 αὐτοῦ
2605 4667 2655 4721 ἐν
2706 4671 2786 4740 τῷ
2842 4666 3071 4741 στόματί
3130 4688 3258 4742 μου.
3293 4691 3323 4719 ››

1545 4752 1867 4830 -Καρδίας
1911 4756 2008 4819 τὰς
2114 4762 2290 4834 καιρῷ
2344 4758 2676 4832 προσήκοντι
2750 4756 2841 4811 καὶ
2927 4754 3214 4819 διαπαντὸς

367 4757 568 4821 συνιεὶς
617 4757 694 4821 εἷς
741 4758 915 4813 πάντα
952 4756 1021 4813 τὰ
1068 4754 1196 4833 ἔργα
1250 4755 1510 4813 αὐτῶν.»

370 4845 551 4924 ψυχάς
596 4867 758 4926 φησιν
805 4844 933 4916 ἤτοι
973 4844 1383 4922 κεχωρισμένας
1422 4848 1531 4900 τῶν
1570 4843 1778 4901 λοιπῶν
1831 4846 2006 4915 ζώων

371 4935 625 4999 ἀθάνατοι
653 4933 759 5010 γὰρ
786 4933 877 4990 καὶ
911 4933 1147 5010 λογικαί.
1172 4935 1230 4988 Ὀ
1260 4938 1389 5011 γοῦν
1427 4933 1523 4995 τὰς
1569 4935 1748 5011 ψυχὰς
1799 4933 2011 4998 πλάσας

370 5021 485 5079 οἶδε
512 5022 727 5087 πάντως
758 5022 848 5079 καί
874 5025 942 5079 τὰ
969 5023 1176 5080 τούτων
1206 5025 1483 5097 κινήματα
1529 5024 1727 5086 συνιεὶς
1780 5024 1953 5079 πάντα
1982 5024 2010 5079 6

367 5111 546 5189 χωρὶς
576 5112 813 5187 ὁράσεως
841 5114 876 5183 ἢ
911 5115 1079 5184 ἀκοῆς
1132 5113 1169 5184 ἢ
1209 5109 1391 5182 ἄλλης
1437 5112 1735 5183 αἰσθήσεως
1787 5108 2009 5168 ἕκαστον

362 5204 471 5256 τῶν
503 5201 888 5275 πραττομένων
919 5206 1211 5259 κατανοῶν.

435 5314 465 5342 ‹‹
498 5289 572 5345 Οὐ
633 5291 858 5346 σώσεται
921 5291 1174 5368 βασιλεὺς
1235 5289 1324 5347 διὰ
1376 5288 1596 5361 πολλὴν
1671 5288 1919 5365 δύναμιν.
1980 5315 2009 5344 ››

360 5410 431 5422 —-
484 5377 591 5447 Τὴν
662 5376 712 5433 ἐν
786 5376 990 5450 πλήθει
1064 5385 1431 5458 στρατιωτῶν,
1486 5380 1577 5435 καὶ
1649 5377 1834 5436 ’ίππων
1919 5380 2009 5436 καὶ

363 5464 551 5523 ὅπλων
562 5511 576 5524 .

437 5579 467 5608 ‹‹
498 5561 597 5610 Και
646 5555 805 5632 γίγας
860 5558 922 5613 οὐ
965 5561 1264 5630 σωθήσεται
1310 5559 1361 5614 ἐν
1414 5557 1616 5630 πλήθει
1675 5557 1867 5634 ίσχύος
1914 5556 2009 5614 αὐ-

362 5649 483 5704 τοῦ.
515 5668 545 5700 η
572 5677 642 5690 --
673 5645 830 5724 Γίγας
861 5645 1000 5705 ἐστὶν
1034 5649 1063 5705 6
1095 5648 1233 5705 κατὰ
1262 5652 1423 5725 σῶμα
1453 5645 1888 5729 ῥωμαλεώτατος
1919 5648 2008 5708 καὶ

363 5733 754 5838 γενναιότατος.

2135 629 2340 702 ἄδηλον
2372 634 2473 709 γὰρ
2505 631 2552 687 εἰ
2583 634 2744 688 σώσει
2771 634 2863 687 τὸν
2896 632 3179 703 ἐπιϐάτην.

2205 745 2236 773 ‹‹
2270 722 2354 777 Ἐν
2388 718 2446 775 66
2474 720 2675 792 πλήθει
2708 719 2985 795 δυνάμεως
3017 721 3180 777 αὐτοῦ
3210 720 3273 776 οὐ
3304 724 3653 793 σωθήσεται.
3684 746 3719 775 »
3746 758 3811 768 —

2132 809 2189 864 Ὁ
2212 806 2384 872 ’ίππος
2415 806 2691 881 δηλονότι.

2209 919 2232 949 ι
2266 898 2548 953 Ῥύσασθαι
2621 898 2681 953 ἐκ
2747 900 2979 963 θανάτου
3040 900 3136 962 τὰς
3209 900 3393 976 ψυχὰς
3471 900 3672 956 αὐτῶν
3724 901 3811 958 καὶ

2133 983 2413 1062 διαθρέψαι
2467 986 2661 1049 αὐτοὺς
2704 987 2756 1041 ἐν
2808 985 2978 1060 λιμῷ.
3026 1011 3054 1040 ››
3102 1021 3170 1031 --
3226 990 3420 1053 Καθὼς
3479 990 3623 1053 τοὺς
3684 992 3807 1068 περὶ

2127 1076 2367 1145 Ἐζεκίαν
2418 1075 2478 1131 ἐκ
2532 1081 2631 1131 τοῦ
2688 1077 2803 1131 καθ’
2834 1077 3043 1151 ἡμέραν
3098 1075 3577 1152 προσδοκωμένου
3641 1082 3804 1135 θανά-

2124 1185 2224 1220 του
2271 1164 2552 1241 ἐρῥύσατο,
2584 1165 2674 1220 καὶ
2731 1164 2783 1220 ἐν
2824 1170 2905 1238 τῷ
2954 1166 3060 1220 ἀπὸ
3107 1164 3437 1240 πολιορκίας
3476 1168 3645 1243 λιμῷ
3702 1169 3803 1241 ἐξὲο

2126 1255 2339 1329 θρεψεν.

2205 1364 2228 1394 ε
2261 1346 2378 1397 ’Ότι
2409 1342 2462 1397 ἐν
2509 1343 2656 1416 αὐτῷ
2704 1342 3124 1422 εὐφρανθήσεται
3153 1346 3188 1414 ἡ
3219 1343 3419 1421 καρδία
3473 1348 3515 1416 ἡ
3526 1351 3683 1420 μῶν,
3712 1348 3796 1404 καὶ

2125 1429 2177 1485 ἐν
2234 1431 2315 1504 τῷ
2373 1431 2598 1505 ὀνόματι
2649 1431 2787 1508 ἁγίῳ
2845 1432 3007 1486 αὐτοῦ
3064 1431 3399 1509 ἠλπίσαμεν.
3440 1460 3462 1486 ι
3521 1468 3602 1479 -
3661 1438 3799 1495 Ἀπὸ

2123 1524 2308 1575 κοινοῦ
2343 1521 2460 1593 μὶν,
2492 1520 2577 1575 ὅτι
2606 1520 2767 1583 αὐτὸς
2799 1521 3051 1599 εὐφρανεῖ
3075 1524 3242 1595 ἡμᾶς.

2199 1630 2229 1661 ιι
2259 1609 2498 1683 Γένοιτο,
2528 1607 2713 1686 Κύριε,
2742 1610 2805 1665 τὸ
2864 1604 3018 1671 ἔλεός
3066 1631 3161 1665 σου
3219 1610 3301 1689 ἐφ’
3330 1613 3512 1686 ἡμᾶς,
3547 1615 3794 1692 καθάπερ

2125 1697 2434 1772 ἠλπίσαμεν
2462 1697 2550 1753 ἐπὶ
2582 1696 2660 1757 σέ.
2694 1721 2723 1751 ››
2756 1732 2824 1742 -
2850 1698 3185 1772 Ἦλπίσαμεν
3237 1697 3296 1755 66
3353 1697 3505 1756 λίαν·
3573 1704 3794 1778 γένοιτο

2122 1785 2306 1842 τοίνυν
2333 1785 2497 1844 πολύ.

2718 1906 3012 1960 ΨΑΛΜΟΣ
3050 1906 3170 1962 ΛΓ.

2200 2024 2228 2052 ‹‹
2259 1996 2496 2074 Ψαλμὸς
2525 2004 2606 2073 τῷ
2664 1999 2850 2071 Δαυῒδ,
2883 1999 2972 2055 ὅτε
3027 2000 3311 2072 ἠλλοίωσε
3356 2004 3424 2060 τὸ
3485 2005 3788 2080 πρόσωπον

2125 2088 2290 2145 αὐτοῦ
2349 2088 2585 2144 ἐναντίον
2634 2085 2959 2165 Ἀϐιμέλεχ,
3008 2090 3097 2145 καὶ
3146 2088 3411 2147 ἀπέλυσεν
3467 2094 3643 2151 αὐτὸν
3705 2097 3790 2151 καὶ

2125 2176 2390 2250 ἀπῆλθεν.
2416 2202 2447 2230 ι(
2477 2210 2545 2222 -
2575 2177 2801 2253 Φεύγων
2857 2179 2948 2233 τὸν
3001 2177 3182 2233 Σαοὺλ
3210 2180 3238 2235 6
3269 2178 3458 2250 Δαυΐό,
3494 2183 3785 2260 ἆπήρχετο

2123 2268 2263 2345 πρὸς
2307 2267 2398 2323 τὸν
2449 2249 2763 2345 ἀλλόφυλον
2813 2266 3047 2343 ’Δγχοὺς
3099 2266 3323 2343 βασιλέα
3366 2249 3475 2340 τῆς
3527 2249 3784 2346 Γὲθ,“καὶ

2122 2358 2243 2422 καθ’
2289 2352 2419 2411 ὁδὸν
2481 2355 2731 2417 ἐκκλίνας
2786 2355 2925 2431 πρὸς
2984 2355 3295 2433 ’Δχιμελέχ
3343 2359 3439 2414 τὸν
3496 2359 3781 2437 ἀρχιερέα,

2122 2444 2213 2501 καὶ
2242 2444 2368 2508 τοὺς
2400 2442 2601 2522 ἄρτους
2645 2439 2829 2500 λαϐὼν
2873 2447 2972 2515 τῆς
3019 2446 3325 2520 προθέσεως
3378 2448 3476 2503 καὶ
3527 2451 3598 2504 τὸ
3657 2448 3781 2525 δόρυ

2122 2539 2218 2589 τοῦ
2248 2533 2446 2590 Γολιᾶθ
2475 2533 2505 2589 ’ὁ
2534 2534 2600 2603 ἦν
2648 2532 3054 2606 ἀνατεθειμένον
3107 2538 3189 2606 τῷ
3231 2540 3365 2607 Θεῷ,
3402 2537 3660 2607 ἀπῆλθεν
3708 2539 3779 2602 εἰς

2120 2624 2212 2678 τόν
2272 2622 2532 2699 Ἀγχούς.
2585 2622 2848 2685 Γνωσθείς
2910 2619 2969 2678 66
3024 2621 3171 2685 ὅστις
3233 2621 3317 2694 εἴη
3370 2622 3669 2693 ἠλλοίωτο-ε
3720 2628 3778 2681 τὸ

2121 2707 2413 2787 πρόσωπον
2497 2710 2660 2766 αὐτοῦ
2748 2710 2938 2784 μανίαν
3026 2712 3356 2787 ὑποκριθεὶς,
3429 2714 3518 2769 καὶ
3607 2715 3773 2778 οὕτως

2122 2800 2388 2872 ἀπελύθη.
2421 2801 2615 2856 Ἰστέον
2650 2797 2740 2854 οὗν
2774 2799 2856 2855 ὅτι
2888 2803 2950 2855 τὸ
2979 2795 3284 2878 ’Δϐιμελέχ
3314 2797 3493 2875 ὄνομα
3549 2804 3619 2873 ἦν
3672 2810 3767 2860 τῶν

2126 2888 2393 2967 βασιλέων
2445 2895 2547 2958 τῆς
2600 2888 2721 2959 1‘60,
2777 2887 2958 2965 ὥσπερ
3011 2890 3101 2944 καὶ
3159 2890 3212 2944 ὲν
3268 2895 3352 2962 τῷ
3407 2894 3621 2967 Φαραὼ
3671 2898 3761 2947 τῶν

2118 2986 2223 3050 τῆς
2280 2977 2573 3055 Δῗγύπτοω
2608 2980 2644 3048 ἡ
2695 2977 2964 3056 ἐπιγραφή
3020 2977 3199 3033 τοίνυν
3256 2982 3356 3032 τοῦ
3416 2977 3638 3054 ψαλμοό

2125 3067 2394 3144 βασιλικῷ
2449 3066 2675 3140 ὀνόματι
2733 3067 2824 3120 τὸν
2881 3066 3114 3143 Ἀγχοῦς
3163 3066 3535 3141 ὀνομάζουσα,
3561 3064 3756 3141 ’Δϐιμε-

2122 3156 2230 3233 λέχ
2280 3155 2548 3213 ἐκάλεσεν.
2609 3154 2670 3212 Εἴ
2747 3153 2805 3210 66
2874 3156 2965 3210 καὶ
3020 3157 3050 3209 6
3106 3155 3395 3232 ἀρχιερεὺς
3472 3153 3771 3235 ’Δϐιμελὶι

2124 3244 2582 3323 προσηγορεύετο,
2667 3245 2971 3318 θαυμαστὸν
3056 3242 3233 3315 οὐδὲν,
3299 3244 3412 3301 ἔστι
3495 3249 3606 3324 γὰρ
3687 3247 3770 3303 καὶ

2122 3336 2308 3411 κύριον
2366 3329 2539 3408 ὄνομα
2594 3332 2870 3411 βασιλεύς.
2928 3338 2984 3387 '0
3057 3333 3344 3410 ἀρχιερεὺς
3418 3332 3480 3390 66
3561 3334 3770 3409 μᾶλλον

2119 3422 2432 3501 Ἀχιμελὲχ
2486 3423 2539 3478 ἐν
2592 3428 2662 3497 τῇ
2717 3427 2826 3478 τῶν
2883 3421 3178 3480 Βασιλειῶν
3232 3418 3412 3498 βίϐλῳ
3443 3425 3772 3499 γέγραπται,

2118 3513 2209 3568 καὶ
2270 3512 2369 3568 οὐκ
2394 3507 2716 3586 Ἀϐιμελὲχ,
2747 3511 2843 3566 κᾶν
2903 3509 3108 3586 λέγωσί
3170 3533 3330 3579 τινες,
3370 3511 3455 3567 ὅτι
3512 3514 3586 3568 τὰ
3638 3535 3778 3569 στοι-

2120 3607 2247 3677 χεῖα
2299 3602 2428 3677 παρ’
2456 3595 2729 3675 Ἑϐραίοις
2773 3599 2837 3654 τὸ
2893 3599 3036 3677 Χᾶφ,
3064 3599 3129 3654 τὸ
3167 3600 3297 3669 Βὴθ,
3329 3599 3553 3669 πολλὴν
3618 3601 3784 3681 ἐμφέ-

2122 3712 2267 3768 ρειαν
2295 3686 2484 3765 ἔχουσι
2521 3688 2755 3764 βραχείᾳ
2788 3687 2926 3763 μόνῃ
2952 3688 3142 3764 κεραίᾳ
3187 3688 3294 3743 τινὶ
3350 3686 3780 3765 διαλλάττοντα,

2120 3778 2225 3835 οὐκ
2281 3780 2570 3854 ἀναγκαῖον
2628 3782 2794 3833 τοῦτο
2843 3778 2981 3853 πρὸς
3035 3774 3305 3847 ἀπόδειξιν
3356 3782 3456 3833 τοῦ
3492 3779 3784 3836 καλεῖσθαι

2118 3866 2211 3924 τὰν
2268 3863 2595 3942 Ἀϐιμελέχ’
2627 3865 2816 3922 πολλᾶ
2850 3866 2951 3943 γὰρ
3002 3865 3093 3921 καὶ
3142 3863 3286 3922 ἄλλα
3340 3873 3600 3942 στοιχεῖα
3645 3869 3784 3945 πρὸς

2123 3954 2349 4028 ἄλληλα
2405 3955 2657 4035 φέρουσιν
2721 3954 3028 4028 ὁμοιότητά
3096 3975 3216 4009 τινα
3292 3954 3384 4009 καὶ
3466 3955 3784 4034 ἐμφέρειαν,

2123 4044 2249 4103 ἀλλ’
2302 4044 2366 4100 οὐ
2422 4042 2513 4099 διὰ
2562 4047 2732 4099 τοῦτο
2792 4043 3113 4119 συγχέονται
3167 4041 3235 4098 τά
3267 4042 3526 4116 ὀνόματα·
3566 4044 3785 4117 μᾶλλον

2123 4136 2217 4211 μὲν
2304 4139 2396 4190 οῦν
2455 4133 2484 4188 6
2559 4131 2848 4209 ἀρχιερεὺς
2901 4130 3215 4208 ’Δχιμελέχ
3295 4131 3620 4206 ὠνομάζετο
3689 4134 3782 4189 καὶ

2119 4218 2379 4300 Ἀϐιάθαρ
2436 4222 2573 4277 κατὰ
2629 4218 2950 4294 διωνυμίαν·
2998 4221 3074 4284 ὡς
3131 4221 3276 4297 παρᾶ
3326 4225 3435 4276 τῶν
3497 4220 3785 4299 εὐαγγελι-

2116 4318 2226 4369 κῶν
2260 4309 2623 4387 δεδιδάγμεθα
2667 4306 3039 4384 παραδόσεων·
3075 4309 3123 4364 εἷ’
3151 4307 3209 4364 66
3262 4314 3360 4365 τοῦ
3415 4312 3495 4365 va’
3548 4312 3777 4387 πρώτου

2117 4402 2343 4478 ψαλμοῦ
2370 4404 2406 4471 ἠ
2437 4400 2711 4477 ἐπιγραφή
2759 4394 3066 4475 ’Δϐιμελὲχ
3120 4396 3280 4455 καλεῖ
3332 4399 3425 4456 τὸν
3488 4400 3773 4478 ἀρχιερέα,

2116 4491 2378 4570 γραφικὸν
2408 4490 2505 4545 κᾶν
2539 4487 2764 4567 σφάλμα
2796 4486 3031 4562 μάλιστα
3055 4492 3239 4545 τοῦτο.

2189 4605 2218 4633 ‹‹
2249 4579 2558 4655 Εὐλογήσω
2585 4580 2676 4634 τὸν
2704 4578 2899 4654 Κύριον
2928 4577 2978 4633 ἐν
3029 4578 3189 4634 παντὶ
3245 4583 3442 4656 καιρῷο
3478 4576 3772 4642 διαπαντὸς

3353 4701 3424 4710 —
3464 4670 3549 4724 Ἐν
3612 4669 3769 4725 παντὶ

3300 4757 3466 4813 ὁπότε
3544 4754 3771 4814 δυνατὸν

2119 4849 2348 4922 ὑμνήσω
2377 4846 2468 4901 τὸν
2498 4844 2718 4923 Κύριον,
2747 4850 2826 4918 τῷ
2857 4847 3067 4920 σώματι
3099 4845 3274 4924 κυρίῳ
3305 4847 3556 4920 στόματι·
3604 4852 3685 4919 τῷ
3712 4844 3775 4902 66

2117 4940 2291 5013 νοερῷ
2350 4933 2640 5005 διηνεκῶς⁹
2672 4934 3071 5009 μνημονευτέον
3131 4936 3232 5011 γὰρ
3289 4939 3423 4991 Θεοῦ
3485 4933 3702 5010 μᾶλλον
3734 4937 3772 5005 ἢ

2118 5025 2497 5082 ἀναπνευστέον
2508 5067 2521 5081 .

2192 5140 2221 5168 ‹‹
2251 5117 2337 5170 Ἐν
2368 5119 2448 5187 τῷ
2473 5113 2658 5190 Κυρίῳ
2688 5111 3085 5184 ἐπαινεθήσεται
3115 5115 3151 5183 ἡ
3182 5116 3338 5190 ψυχή
3376 5135 3503 5188 μου.
3538 5139 3560 5165 1
3597 5146 3672 5160 -—
3701 5113 3775 5168 Οὐ

2120 5203 2190 5259 δι’
2219 5204 2416 5278 ἀρετὴν
2441 5201 2641 5258 οἰκείαν
2681 5200 3176 5278 μιγαλυνθήσομαι,
3210 5202 3360 5259 ἀλλὰ
3391 5202 3481 5260 διὰ
3507 5205 3572 5260 τὸ
3630 5203 3775 5281 ἔχειν

2120 5293 2436 5370 ὑπέρμαχον
2462 5294 2553 5348 τὸν
2581 5292 2731 5350 Θεόν.

2191 5408 2219 5435 (ί
2253 5382 2661 5437 ’Δκουσάτωσαν
2720 5387 2933 5457 πραεῖς,
2962 5380 3053 5437 καὶ
3107 5380 3585 5459 εὐφρανθήτωσαν.
3618 5408 3649 5435 ››
3707 5413 3775 5425 -

2119 5471 2525 5528 Ἀκουσάτωσαν
2556 5468 2638 5525 ὅτι
2670 5468 2909 5541 ἐζήτησα
2935 5470 3024 5525 τὸν
3056 5468 3248 5544 Κύριον
3301 5470 3380 5532 εἰς
3438 5470 3771 5546 ἐπικουρίαν,

2116 5559 2205 5615 καὶ
2237 5558 2519 5630 εἷσήκουσέ
2553 5580 2679 5633 μου.
2712 5564 2909 5635 ΙΙραεῖς
2943 5556 2999 5615 δέ
3029 5580 3160 5637 φησι
3215 5558 3345 5622 τοὺς
3405 5559 3767 5633 ἆνεξικάκους·

2116 5652 2184 5722 ἧν
2216 5648 2398 5711 αὐτός.

2193 5763 2223 5794 ‹‹
2252 5736 2588 5822 Προσελθετε
2634 5737 2772 5818 πρὸς
2828 5736 2990 5798 αὐτὸν
3046 5736 3137 5799 καὶ
3188 5736 3529 5825 φωτίσθητε,
3566 5739 3657 5797 καὶ
3707 5734 3771 5798 τὶ

3538 6412 3568 6418 ._
3606 6408 3650 6418 ι...
3694 6407 3846 6420 ὴκ-‹
3921 6407 3962 6414 ἡ
