3988 6476
238 481 390 542 1445

241 701 474 775 εὐθυμία
519 701 611 757 τὸν
659 703 784 754 νοῦν
834 698 1200 768 ἐσκοτίσθητε,
1256 694 1590 774 προσφύγετε
1639 695 1716 757 είς
1761 694 1888 748 Θεὸν

241 792 332 846 καὶ
361 794 429 864 τῇ
463 788 692 864 εὐθυμία
731 786 1054 868 φωτίσθητε,
1105 786 1196 842 καὶ
1245 785 1308 842 οὐ
1360 787 1436 860 μή
1487 787 1888 858 καταισχυνθῇ-

240 901 302 936 τε
330 878 566 936 ἐλπίσιν.

316 994 345 1022 ι(
395 968 562 1031 Οὗτος
621 966 897 1043 ὁπτωγὸς
954 963 1222 1041 ἐκέκραξε,
1271 961 1363 1019 καὶ
1412 964 1441 1017 6
1483 960 1677 1035 Κύριος
1739 958 1888 1029 εῗσή-

244 1078 431 1114 κουσεν
481 1057 666 1129 αὐτοῦ,
717 1057 806 1112 καὶ
855 1053 915 1110 ἐκ
964 1057 1148 1109 πασῶν
1200 1052 1438 1126 θλίψεων
1491 1049 1655 1106 αὐτοῦ
1695 1047 1888 1103 ἔσωσεν

245 1146 422 1204 αὐτόν.
456 1168 486 1198 »
513 1178 585 1189 —-
614 1144 781 1207 Οὗτος
828 1142 934 1221 ἐγὼ
965 1144 993 1198 ὁ
1040 1140 1268 1218 πτωχός
1317 1139 1495 1210 πάσης
1544 1137 1889 1214 ἀνθρωπίνης

247 1233 582 1312 ἐπικουρίας.

321 1346 351 1376 «
379 1310 730 1399 Ιῐαρεμϐαλεῖ
777 1318 1003 1398 ἄγγελος
1051 1319 1250 1394 Κυρίου
1294 1316 1484 1390 κύκλῳ
1524 1320 1632 1372 τῶν
1687 1310 1888 1394 φοϐου-

249 1411 424 1486 μένων
480 1410 658 1480 αὗτὸν,
712 1410 804 1465 καὶ
853 1408 1066 1486 ῥύσεται
1110 1406 1328 1470 αὐτούς.
1383 1431 1404 1458 ι
1449 1439 1518 1450 --
1583 1413 1888 1482 Στρατοπε-

246 1499 422 1556 δεύσει
484 1500 638 1573 πέριξ
686 1497 909 1554 ἑκάστου
961 1515 975 1530 ⁶
1027 1501 1096 1573 τῇ
1164 1494 1389 1570 δυνάμει
1445 1494 1609 1550 αὐτοῦ
1655 1513 1891 1571 περιτει-

243 1588 416 1666 χίζων
474 1587 656 1644 αὐτόν.
715 1586 870 1661 ’Ὀλῳ
939 1588 1044 1664 γὰρ
1120 1589 1332 1663 στρατῷ
1405 1583 1716 1661 παρεικάζει
1788 1582 1887 1650 τὴν

241 1683 341 1734 τοῦ
396 1673 633 1753 ἀγγέλου
695 1673 943 1750 δύναμιν,
1000 1678 1098 1729 τοῦ
1169 1671 1413 1752 φύλακος
1487 1679 1587 1743 τῆς
1664 1670 1889 1727 ἑκάστου

248 1772 413 1837 ζωῆς.

319 1880 348 1906 ‹‹
379 1856 644 1919 Γεύσασθε
671 1854 762 1909 καὶ
793 1849 954 1925 ίδετε,
987 1850 1070 1907 ὅτι
1102 1851 1345 1926 χρηστὸς
1375 1852 1403 1905 ὁ
1447 1849 1665 1926 Κύριος.
1712 1848 1892 1905 Μακά-

1453 471 1869 536 EXPOSITIO
1913 469 1988 532 IN
2033 468 2426 534 PSALMOS.

236 610 504 684 πρόσωπα
536 610 688 682 ὑμῶν
738 605 802 663 οὖ
855 607 933 681 μὴ
976 604 1370 682 καταισχυνθῇ.
1425 629 1454 658 ››
1505 638 1574 649 -
1618 607 1772 659 Ὅσοι
1817 605 1885 676 τῇ
1915 605 1971 672 Α

3483 479 3640 541 1446

2071 599 2346 658 «Πολλαὶ
2401 601 2457 656 αἱ
2510 599 2721 676 θλίψεις
2779 606 2888 659 τῶν
2939 602 3182 679 δικαίων,
3240 605 3328 662 καὶ
3360 606 3422 663 ἐκ
3449 611 3638 666 πασῶν

1999 689 2171 745 αὐτῶν
2225 689 2438 766 ῥύσεται
2481 690 2676 754 αὐτοὺς
2721 692 2749 746 6
2797 691 3015 767 Κύριος.
3075 717 3104 747 ››
3155 727 3226 738 --
3255 696 3372 751 Ἔτι
3402 704 3638 774 κρατεῖς,

1999 776 2250 852 ἐπιδείξει
2279 779 2474 841 παντὸς
2502 780 2822 855 πειρασμός.

2069 893 2099 919 «
2131 867 2400 923 Φυλάσσει
2461 868 2654 942 Κύριος
2710 869 2882 924 πάντα
2930 871 2996 925 τὰ
3052 870 3183 926 ὀστᾶ
3228 872 3400 930 αὐτῶν
3435 892 3451 910 ·
3481 873 3532 932 ἕν
3590 877 3643 949 ἐξ

2000 955 2171 1011 αὐτῶν
2224 956 2286 1011 ού
2335 951 2764 1031 συντριϐήσεται.
2817 985 2840 1012 ι
2900 993 2968 1001 -
2999 961 3154 1015 Ὀστᾶ
3182 961 3340 1018 καλεῖ
3363 964 3494 1027 τοὺς
3523 988 3642 1022 στε-

2000 1049 2251 1122 ρεοῦντας
2277 1047 2376 1115 τὴν
2410 1046 2593 1120 ψυχὴν
2637 1043 2962 1120 λογισμοὺς,
3013 1048 3084 1103 ὧν
3137 1046 3310 1114 οὐδεὶς
3358 1049 3642 1129 συντριϐή-

1999 1154 2145 1189 σεται
2173 1138 2241 1208 τῇ
2278 1135 2369 1208 βίᾳ
2391 1141 2492 1204 τῆς
2525 1134 2812 1210 ἁμαρτίας,

2075 1247 2096 1274 ι
2149 1222 2383 1285 Θάνατος
2428 1223 2772 1297 ἁμαρτωλῶν
2826 1226 3091 1301 πονηρός.
3146 1252 3174 1279 ››
3222 1263 3292 1272 ——-
3334 1231 3641 1310 Ἀλγεινὸς,

1999 1311 2216 1385 ἐπείπερ
2277 1311 2442 1382 ὀξέως
2487 1311 2823 1376 αἰσθάνονται
2887 1315 3011 1370 τότε
3073 1323 3174 1386 τῆς
3241 1315 3638 1396 διαδεχομένης

1995 1398 2220 1463 τούτους
2251 1399 2548 1464 κολάσεως.

2075 1511 2102 1544 α
2131 1489 2233 1546 Καὶ
2288 1489 2338 1542 οἱ
2374 1493 2652 1562 μισοῦντες
2679 1490 2769 1545 τὸν
2821 1489 3028 1548 δίκαιον
3071 1492 3562 1568 πλημμελήσουσι.
3606 1525 3635 1554 ››

1996 1611 2066 1621 --
2095 1581 2362 1654 Ψυχικῶς
2391 1574 2812 1636 κινδυνεύουσιν.

2073 1690 2104 1719 ‹‹
2153 1667 2494 1742 Λυτρὼσεται
2564 1667 2760 1744 Κύριος
2807 1671 2986 1747 ψυχὰς
3037 1668 3249 1727 δούλων
3303 1673 3488 1748 αὐτοῦ,
3545 1677 3637 1733 καὶ

2001 1758 2064 1810 ού
2099 1756 2174 1828 μὴ
2208 1755 2677 1829 πλημμελήσουσι
2717 1759 2911 1813 πάντετ
2959 1759 3010 1814 οἱ
3060 1759 3367 1831 ἐλπίζοντες
3414 1764 3496 1820 ἐπ’
3541 1766 3644 1823 αὖ..

1996 1844 2176 1901 τόν.»
2226 1877 2281 1886 -—
2336 1849 2450 1900 Τῶν
2497 1845 2848 1917 ἀνθρωπίνων
2898 1842 3204 1904 ἐπιϐουλῶν
3253 1853 3342 1907 καὶ
3392 1851 3640 1931 δαιμονι-

249 1964 365 2022 ριος
395 1943 530 2018 ἀνὴρ
562 1941 623 2005 ὅς
653 1941 862 2010 ἐλπίζει
910 1939 993 1995 ἐπ’
1027 1938 1206 1994 αὐτόν.
1243 1963 1272 1991 ››
1303 1971 1373 1983 —-
1401 1937 1568 2014 Πείρᾳ
1595 1942 1770 2014 γνῶτε
1798 1937 1890 1991 καὶ
1920 1974 1969 2040 Β
1998 1938 2105 1989 κῶν
2138 1931 2194 1988 α⁹ί
2222 1936 2534 2004 ἡττήθησαν
2565 1937 2665 2004 τῆς
2694 1934 2902 1991 τούτων
2934 1936 3240 2010 ὑπομονῆς.

251 2032 442 2106 μάθετε
469 2032 569 2101 τὴν
598 2027 947 2107 ἀγαθωσύνην
977 2032 1076 2084 τοῦ
1105 2032 1260 2084 Θεοῦ.
1282 2027 1564 2082 Τουτέστιν
1597 2025 1894 2096 ἐκζητήσα-

245 2142 304 2176 τε
358 2122 447 2176 καὶ
506 2121 683 2194 ὑμεῖς,
739 2118 830 2173 καὶ
887 2114 1285 2194 προσδράμετε,
1343 2115 1434 2171 καὶ
1504 2117 1571 2169 τὰ
1645 2118 1890 2171 τοιαῦτα.

249 2208 550 2265 Αῗνίττεται
583 2205 640 2263 δὲ
669 2206 759 2262 καὶ
787 2207 879 2262 τὸν
923 2205 1011 2261 διὰ
1060 2203 1430 2282 βαπτίσματος
1475 2223 1754 2281 φωτισμον
1801 2201 1891 2257 καὶ

245 2301 346 2369 τὴν
401 2303 510 2354 τῶν
560 2297 718 2353 θείων
781 2295 1051 2372 υστηρίων
1107 2295 1436 2368 μετάληψιν,
1512 2290 1580 2347 δι’
1654 2293 1727 2347 ὧν
1801 2292 1894 2348 τὸν

249 2389 472 2464 σταυρὸν
503 2386 593 2443 καὶ
621 2386 714 2442 τὸν
743 2386 966 2440 θάνατον
1019 2381 1384 2458 διδασκόμεθα
1422 2382 1491 2437 τὰ
1533 2388 1634 2452 τῆς
1675 2382 1895 2458 ἀγαθω-

246 2477 411 2549 σύνης
439 2480 538 2532 τοῦ
565 2475 767 2552 Κύριου
791 2472 1181 2549 παραστατικά.

321 2591 349 2619 ‹‹
382 2560 674 2636 Φοϐήθητε
695 2565 786 2620 τὸν
827 2565 1046 2640 Κύριον,
1095 2563 1289 2624 πάντες
1330 2561 1384 2616 οἱ
1426 2561 1576 2637 ἅγιοι
1622 2559 1808 2616 αὐτοῦ.
1859 2583 1890 2614 ››

247 2689 319 2700 —
367 2655 579 2732 Ἃγίους
654 2652 812 2709 καλεῖ
881 2652 1009 2715 τοὺς
1084 2649 1466 2724 ἀνακειμένους
1541 2653 1620 2722 τῷ
1676 2647 1894 2724 καθαρῷ

250 2749 387 2818 Θεῷ.

320 2858 349 2886 ‹‹
381 2833 504 2890 ’Ότι
545 2830 645 2888 οὐκ
692 2825 832 2886 ἔστιν
885 2830 1164 2906 ὑστέρημα
1207 2833 1327 2891 τοῖς
1379 2822 1742 2906 φοϐουμένοις
1798 2826 1895 2882 αὐ-

248 2922 364 2978 τόν.
415 2947 446 2974 ››
495 2953 565 2963 —
606 2919 717 2975 Οὐκ
757 2917 896 2974 ἔστιν
948 2914 1194 2992 ἔλλειψις
1244 2915 1482 2986 ἀληθοῦς
1532 2915 1734 2992 ἀγαθοῦ
1776 2919 1895 2977 τοῖς

254 3005 620 3090 φοϐουμένοις
649 3003 832 3064 αὐτόν.

323 3124 352 3151 «ι
421 3096 686 3155 Πλούσιοι
744 3096 1114 3173 ἐπτώχευσαν,
1173 3094 1261 3150 καὶ
1321 3091 1599 3149 ἐπείνασαν
1657 3137 1671 3150 .
1731 3093 1782 3148 οἱ
1841 3089 1900 3147 δὲ

253 3187 598 3258 ἐκζητοῦντες
643 3186 735 3242 τὸν
784 3184 977 3262 Κύριον
1028 3183 1128 3239 οὐκ
1175 3182 1642 3254 ἐλαττωθήσονται
1692 3182 1897 3243 παντὸς

255 3278 476 3353 ἀγαθοῦ.
511 3300 542 3328 ››
573 3307 642 3318 --
670 3272 908 3332 Αἷωνίου
935 3271 1027 3328 καί
1059 3273 1354 3346 ἀμειώτου-

324 3398 354 3428 ‹‹
383 3372 473 3437 Τίς
523 3373 664 3428 ἐστιν
714 3370 999 3449 ἅνθρωπος
1049 3342 1298 3425 ὁνθέλων
1347 3371 1529 3441 ζωήν;
1567 3390 1595 3423 α
1626 3402 1693 3412 -
1725 3369 1894 3423 Ἐκεῖ·
1926 3342 1970 3410 C

252 3483 342 3525 νος
391 3462 670 3517 ἀκουσάτω
720 3464 820 3535 τῇς
867 3459 1006 3534 ἐμῆς
1066 3456 1299 3536 διδαχῆς
1343 3457 1492 3520 ὅστις
1527 3457 1766 3534 ὀρέγεται
1797 3457 1895 3526 τὴν

257 3547 423 3614 ὄντως
459 3551 624 3620 ζωήν.

329 3665 357 3691 ‹‹
398 3642 653 3715 ’Δγαπῶν
707 3638 918 3714 ἡμέρας
975 3634 1107 3692 ἰδεῖν
1164 3636 1404 3712 ἀγαθάς;
1465 3660 1495 3688 ››
1549 3669 1618 3678 —
1673 3635 1898 3712 Ἡμέραι

254 3728 384 3785 είσὶν
443 3727 638 3804 ἀγαθαὶ
680 3728 745 3783 τὸ
794 3724 966 3782 ἀίδιον
1020 3729 1134 3804 φῶς
1197 3726 1329 3800 μετά
1382 3726 1481 3797 τῇς
1539 3723 1782 3795 ἀλήκτου
1813 3722 1899 3779 εύ-

255 3816 528 3896 φροσύνης
558 3815 647 3872 καὶ
677 3813 1076 3886 ἀνεκλαλήτου.

328 3931 357 3959 ‹‹
390 3911 602 3962 Παῦσον
649 3906 748 3974 τήν
793 3902 1042 3980 γλῶσσάν
1094 3924 1191 3958 σου
1233 3902 1341 3958 ἀπὸ
1387 3906 1579 3970 κακοῦ,
1608 3901 1699 3956 καὶ
1729 3900 1897 3977 χείλη

259 4017 354 4051 σου
398 4000 496 4050 τοῦ
548 3995 625 4067 μή
677 3994 914 4063 λαλῆσαι
965 3990 1149 4051 δόλον.
1199 4016 1227 4043 ››
1258 4024 1326 4036 —-
1355 3992 1620 4046 Ἐντεῦθεν
1650 3989 1899 4046 ὑποτίθε-

253 4105 342 4140 ται
383 4083 452 4139 τὰ
507 4082 636 4160 ἔργα
679 4085 777 4138 τοῦ
814 4081 959 4136 θείου
1007 4076 1179 4159 φόϐου
1215 4084 1313 4136 τοῦ
1343 4083 1778 4155 στοιχειωτικοῦ,
1808 4077 1899 4134 καὶ

259 4172 580 4250 σωφρονίζει
608 4176 824 4248 πρῶτον
871 4169 1224 4246 τὴνγλῶσσαν
1267 4170 1330 4224 τὸ
1374 4167 1652 4232 εὐόλισθον
1710 4167 1901 4245 μόριον

255 4263 347 4319 καὶ
377 4260 803 4338 εροχπιρότατον
829 4255 1056 4336 ὄργανον
1084 4257 1160 4321 είς
1192 4259 1326 4312 ἅπαν
1358 4255 1541 4314 κακόν.

331 4375 360 4406 ‹‹
417 4350 706 4406 ’Έκκλινον
764 4349 870 4404 ἀπὸ
934 4352 1123 4419 κακοῦ,
1198 4347 1289 4402 καὶ
1346 4345 1576 4417 ποίησον
1632 4343 1826 4420 ἀγαθόν
1883 4366 1897 4381 ο

259 4442 496 4513 ζήτησον
531 4439 775 4513 εἰρήνην,
823 4439 915 4494 καὶ
968 4434 1160 4507 δίωξον
1219 4435 1408 4506 αὐτήν.
1456 4457 1484 4488 ››
1532 4467 1602 4477 —-
1643 4434 1773 4512 Περὶ
1801 4439 1901 4490 τοῦ

255 4526 425 4606 λόγου
456 4525 690 4600 διδάξας,
721 4528 796 4590 εἰς
827 4527 924 4595 τὴν
956 4525 1146 4601 πρᾶξιν
1175 4523 1444 4586 εὐτάκτως
1482 4523 1755 4599 ἐχώρησε.

330 4648 361 4678 α
396 4625 696 4702 Πρόσωπον
743 4625 944 4701 Κυρίου
986 4621 1074 4678 ἐπὶ
1122 4626 1412 4683 ποιοῦντας
1448 4622 1607 4690 κακὰ,
1645 4626 1742 4676 τοῦ
1790 4620 1902 4692 ἐξο-

2577 2098 2870 2152 ΨΑΛΜΟΣ
2909 2099 3030 2154 ΛΔ’.

2072 2260 2101 2287 ιι
2162 2234 2397 2309 Ψαλμὸς
2455 2240 2532 2308 τῷ
2587 2235 2771 2295 Δαυίδ.
2831 2265 2858 2292 ››
2918 2272 2988 2282 —-
3043 2241 3146 2297 Καὶ
3201 2247 3390 2299 τοῦτον
3447 2245 3574 2320 ᾖσεν
3615 2249 3644 2304 6

2001 2327 2298 2402 Προφήτης
2364 2322 2697 2397 διωκόμενος
2778 2327 2881 2383 ὑπὸ
2946 2334 3044 2384 τοῦ
3127 2332 3328 2391 Σαούλ.
3389 2336 3646 2411 Ἂρμόζει

2003 2411 2061 2468 δὲ
2115 2413 2206 2468 καὶ
2263 2419 2424 2469 πᾶσιν
2498 2413 2708 2488 ὁμοίως
2779 2423 2896 2479 τοῖς
2981 2417 3479 2495 καταδιωκομένοις
3556 2425 3646 2480 ὑπ’

2003 2502 2238 2578 ἐχθρῶν.

2077 2613 2105 2642 ‹‹
2147 2589 2392 2661 Δίκασον,
2451 2590 2632 2667 Κύριε,
2688 2591 2816 2656 τοὺς
2872 2591 3187 2659 ἀδικοῦντάς
3245 2621 3331 2671 με,
3389 2599 3644 2675 πολέμη-

2003 2698 2094 2733 σον
2126 2677 2251 2740 τοὺς
2270 2677 2647 2752 πολεμοῦντάς
2681 2702 2764 2754 με.
2803 2706 2832 2733 ››
2861 2716 2929 2726 -
2975 2682 3063 2757 Τῷ
3106 2687 3354 2762 σχήματι
3381 2696 3482 2759 τῆς
3509 2711 3644 2746 παν..

2004 2766 2200 2830 οπλίας
2230 2764 2548 2840 ἐκδειματοῦ
2577 2769 2704 2831 τοὺς
2733 2772 3028 2847 πονηρούς.

2075 2879 2105 2908 ‹‹
2139 2857 2365 2931 Ἔκχεον
2426 2855 2718 2935 ῥομφαίαν,
2778 2859 2866 2914 καὶ
2943 2858 3260 2935 σύγκλεισον
3347 2864 3646 2936 ἐξεναντίας

2001 2946 2110 3000 τῶν
2141 2941 2584 3000 καταδιωκόντων
2617 2967 2704 3020 με.
2757 2971 2784 3000 ››
2832 2980 2903 2992 -—-
2948 2948 3242 3022 Γύμνωσον
3284 2954 3383 3023 τὴν
3433 2957 3642 3027 σπάθην

2003 3031 2126 3104 ἥτις
2173 3032 2499 3107 ἐξελκομένη
2556 3039 2653 3090 τοῦ
2706 3034 2958 3111 κουλεοῦ,
3019 3035 3170 3094 δοκεῖ
3224 3039 3498 3116 ἐκχεῖσθαι
3555 3041 3646 3101 διὰ

2003 3124 2103 3193 τὴν
2137 3117 2414 3193 λειότητα.

2078 3236 2107 3265 ‹‹
2163 3211 2596 3287 Αίσχυνθείησαν
2649 3214 2740 3268 καὶ
2791 3213 3174 3291 ἐντραπείησαν
3229 3219 3281 3273 οἱ
3363 3225 3648 3291 ζητοῦντες

2004 3301 2104 3369 τὴν
2161 3303 2345 3376 ψυχήν
2419 3322 2544 3374 μου.
2607 3327 2630 3354 ι
2691 3335 2760 3345 -
2817 3304 3025 3380 Φράξον
3070 3303 3370 3384 ἔμπροσθεν
3401 3307 3539 3366 ὣστε
3572 3313 3648 3385 μὴ

2009 3387 2260 3453 δύνασθαι
2290 3388 2484 3452 αὐτοὺς
2512 3391 2605 3446 τὸν
2635 3391 2739 3446 ἀπὸ
2769 3397 2864 3447 σοῦ
2893 3391 3138 3450 κίνδυνον
3169 3395 3441 3474 ἐκφυγεῖν.

2080 3478 2578 3557 ’Λποστραφείησαν
2611 3479 2687 3541 εἷς
2714 3481 2782 3536 τὰ
2811 3481 2985 3536 ὀπίσω
3015 3484 3104 3538 καὶ
3129 3486 3644 3562 καταισχυνθείησαν

2007 3567 2059 3622 οἱ
2091 3565 2446 3643 λογιζόμεοοί
2479 3590 2570 3641 μοι
2610 3569 2765 3626 κακά.
2831 3593 2860 3621 ‹‹
2919 3605 2986 3616 —
3043 3573 3104 3626 Οἱ
3148 3575 3502 3650 σκεπτόμενοι
3559 3577 3650 3634 καὶ

2012 3655 2362 3730 μελετῶντες.

2080 3770 2109 3799 (ί
2141 3747 2528 3816 Γενηθήτωσαν
2586 3746 2714 3802 ὡσεὶ
2769 3753 2907 3824 χοῦς
2981 3750 3118 3806 κατὰ
3191 3752 3481 3829 πρόσωπον
3539 3755 3656 3813 ἀνέρ-

2012 3855 2137 3907 μου.
2174 3857 2202 3886 ››
2233 3867 2302 3878 -—
2330 3837 2490 3893 ’Όσον
2541 3834 2630 3891 ἐπί
2674 3835 2755 3908 τῷ
2805 3834 3276 3905 διασκεδάννυσθαι
3333 3842 3384 3898 ἐν
3411 3848 3491 3916 τῷ
3521 3844 3652 3923 φεύ-

2008 3943 2145 3998 γειν.

2081 4035 2111 4064 (ι
2140 4010 2239 4066 Καὶ
2271 4009 2503 4089 ἅγγελος
2534 4011 2732 4088 Κυρίου
2763 4009 3028 4078 ἐκθλίϐων
3060 4015 3275 4082 αύτούς.
3308 4043 3337 4073 ››
3369 4053 3440 4066 --
3467 4028 3648 4097 Προῦ-

2007 4101 2338 4156 πακουστέον
2367 4101 2429 4155 τὸ
2459 4097 2616 4157 ἔστω.

2081 4213 2111 4242 (ι
2141 4191 2428 4260 Υενηθήτω
2457 4193 2492 4260 ἡ
2542 4188 2667 4254 ὁδὸς
2721 4191 2895 4248 αὐτῶν
2942 4194 3134 4260 σκότος
3165 4197 3254 4252 καὶ
3285 4196 3584 4273 ὀλίσθημα.
3617 4221 3648 4254 ››

2005 4312 2077 4323 -
2106 4279 2310 4342 Σκότος
2341 4279 2430 4334 καὶ
2462 4277 2741 4354 ὀλίσθημα
2788 4284 2886 4351 τήν
2933 4283 3275 4340 κατάπτωσιν
3308 4285 3477 4362 λέγει·
3511 4286 3566 4343 οἵ
3591 4309 3653 4345 τε

2005 4367 2106 4444 γὰρ
2157 4367 2209 4423 ἐν
2268 4367 2444 4424 σκότει
2501 4369 2947 4444 πιροσπταίοντες
3005 4373 3094 4428 καὶ
3148 4376 3202 4429 οἱ
3257 4373 3655 4441 ὀλισθαίνοντες

2006 4457 2418 4515 καταπίπτουσι.

2082 4571 2105 4600 ι
2171 4547 2268 4601 Καὶ
2324 4546 2554 4624 ἅγγελος
2636 4548 2833 4625 Κυρίου
2911 4547 3262 4606 καταδιώκων
3345 4551 3562 4617 αύτούς.
3620 4578 3651 4608 ››

2009 4667 2078 4677 -
2133 4637 2285 4706 Μήτε
2341 4635 2629 4714 ὀφθαλμῷ,
2691 4639 2829 4710 μήτε
2882 4635 3010 4692 ποδὶ
3071 4640 3457 4715 βοηθούμενοι,
3501 4662 3654 4698 κατε-

257 4713 634 4803 λοθρεῦσαι-ἒκ
660 4719 766 4803 γῆς
792 4711 856 4768 τὸ
881 4711 1229 4803 μνημόσυνον
1256 4710 1458 4803 αύτῶν.
1498 4731 1521 4761 ι
1553 4743 1624 4753 -
1662 4712 1744 4803 ΪΉ
1790 4710 1902 4803 ἔξπι·
1928 4716 1979 4780 D
2007 4710 2396 4801 natyécﬂwcav'
2417 4725 2507 4780 καὶ
2553 4724 2656 4779 ὑπὸ
2702 4729 2799 4781 τοῦ
2848 4710 3082 4803 ἀγγέλου
3131 4710 3486 4793 ἐκδιῶκοντος
3535 4729 3656 4786 8m-

255 4803 433 4872 σκοπὴ
483 4801 573 4858 καὶ
619 4800 746 4864 τοὺς
793 4799 1090 4877 πονηροὺς,
1142 4797 1270 4855 ἀλλ’
1312 4795 1468 4854 ἓνεκα
1513 4803 1610 4854 τοῦ
1652 4798 1900 4878 ἀφανίσαι

253 4893 356 4961 τήν
393 4893 619 4965 μνήμην
651 4890 826 4946 αὐτῶν
857 4889 916 4944 ἐκ
939 4895 1039 4959 τῆς
1072 4889 1260 4965 χώρας
1288 4892 1397 4943 τῶν
1427 4888 1774 4962 σωζομένων.

329 5014 358 5042 ‹‹
388 4989 698 5064 Ἐκέκραξαν
753 4989 807 5043 οἱ
866 4985 1085 5059 δίκαιοι,
1142 4985 1232 5041 καὶ
1290 4985 1318 5040 6
1364 4985 1561 5061 Κύριος
1591 4985 1898 5054 είσὴκουσεν

255 5076 454 5149 αὐτῶν,
498 5078 589 5132 καὶ
637 5077 696 5132 ἐκ
745 5081 927 5131 πασῶν
973 5080 1080 5130 τῶν
1125 5073 1359 5148 θλίψεων
1409 5073 1584 5128 αὐτῶν
1643 5072 1902 5149 ἐρρύσατο

257 5166 475 5229 αύτούς.
540 5192 562 5218 ι
624 5198 694 5210 —-
751 5166 1001 5241 Κραυγὴν
1059 5164 1282 5235 νοητέον
1326 5163 1425 5231 τήν
1478 5161 1903 5237 ἐπιτεταγμένην

255 5256 444 5331 νοερὰν
478 5251 732 5325 ἔντευξιν,
763 5252 1032 5330 λύτρωσιν
1064 5253 1156 5308 καὶ
1199 5251 1435 5326 θλίψεων
1478 5252 1542 5306 τὸ
1589 5249 1900 5326 ἀκυρίευτον

258 5345 348 5400 ὑπ’
376 5343 553 5400 αὐτῶν
590 5349 769 5418 μεῖναι
795 5344 895 5413 τήν
929 5343 1113 5419 ψυχὴν
1146 5342 1235 5396 καὶ
1264 5341 1562 5412 ἀήττητον.

331 5465 362 5495 ‹‹
415 5441 613 5516 Ἐγγὺς
671 5439 869 5517 Κύριος
923 5446 1039 5503 τοῖς
1094 5438 1572 5514 συντετριμμένοις
1624 5440 1694 5511 τῇ
1770 5457 1900 5514 καρ-

257 5529 365 5603 δίᾳ.
424 5555 453 5583 ››
505 5563 576 5573 -
633 5534 757 5592 Τοῖς
823 5528 1293 5604 κατανενυγμένοις
1354 5526 1441 5582 ἐπὶ
1497 5530 1616 5589 τοῖς
1699 5525 1900 5581 ἐαυτῶν

258 5621 475 5696 ἀμαρτή
487 5639 638 5692 μασι.

329 5729 358 5758 ‹‹
390 5707 495 5761 Καὶ
523 5704 651 5767 τοὺς
680 5702 963 5767 ταπεινοὺς
993 5707 1072 5777 τῷ
1101 5703 1368 5780 πνεύματι
1397 5702 1578 5759 σώσει.
1613 5725 1642 5756 ››
1673 5735 1737 5745 —-
1766 5700 1902 5766 Τοὺς

255 5793 484 5876 ἔχοντας
511 5794 980 5873 τεταπεινωμένην
1012 5794 1224 5877 ψυχήν⁹

2011 4814 2126 4869 σθεν
2137 4857 2150 4871 .

2081 4904 2260 4957 «Ὅτι
2310 4898 2512 4978 δωρεὰν
2587 4901 2816 4978 ἔκρυψάν
2895 4925 2990 4978 μοι
3063 4902 3352 4984 διαφθορὰν
3423 4906 3653 4984 παγίδος

2010 4989 2206 5048 αὐτῶν.
2270 5014 2297 5042 ››
2347 5024 2415 5034 —
2465 4989 2749 5055 Ἀναιτίως
2793 4991 2883 5046 καὶ
2929 4990 3132 5056 ἀδίκως
3174 4993 3524 5066 ἐτεκτήναντό
3558 5017 3653 5069 μοι

2011 5075 2238 5156 ὅΛεθρον
2271 5077 2359 5134 διὰ
2388 5082 2642 5154 μηχανῆς
2674 5080 2870 5136 αὐτῶν·

2083 5170 2330 5238 «Μάτην
2373 5165 2647 5223 ὠνείδισαν
2700 5171 2798 5239 τήν
2856 5172 3040 5247 ψυχήν
3092 5191 3215 5245 μου.
3269 5196 3298 5225 ››
3330 5205 3397 5217 -
3427 5169 3655 5236 Ψευδῶς

2012 5254 2290 5311 ὠνείδισάν
2322 5277 2408 5330 με.

2087 5370 2109 5397 α
2144 5344 2378 5401 Ἐλθέτω
2427 5345 2574 5417 αὐτῷ
2622 5345 2786 5422 παγὶς
2828 5344 2893 5416 ἤν
2927 5347 2988 5401 οὗ
3018 5349 3294 5423 γινώσκει,
3330 5373 3359 5402 ››
3388 5383 3458 5394 -—-
3488 5351 3655 5408 Παντὶ

2007 5438 2088 5507 τῷ
2117 5439 2341 5490 τοιαῦτα
2368 5436 2484 5490 κατ’
2513 5435 2650 5508 ἐμοῦ
2709 5436 3086 5492 συσκευάσαντι
3145 5436 3350 5502 ἐλθέτω
3393 5441 3658 5520 συμφομά

2011 5523 2342 5601 ἀπρόοπτος.

2085 5639 2111 5666 ι(
2145 5613 2244 5668 Καὶ
2296 5615 2331 5683 ἡ
2399 5614 2539 5688 θήρα
2605 5610 2670 5682 ἤν
2742 5611 2938 5689 ἔκρυψε
3004 5611 3324 5671 συλλαϐέτω
3389 5611 3569 5675 αὐτόν,
3624 5640 3653 5671 ›)

2010 5735 2080 5745 —-
2113 5704 2290 5776 Θήραν
2324 5700 2474 5779 λέγει
2503 5703 2565 5756 τὸ
2597 5699 2810 5757 δίκτυον
2846 5721 2860 5734 '
2894 5701 2984 5758 διὰ
3009 5703 3204 5759 τούτου
3235 5703 3292 5760 δὲ
3319 5705 3409 5760 καὶ
3441 5703 3531 5761 διὰ
3555 5712 3659 5778 τῆς

2010 5787 2248 5871 παγίδος
2282 5791 2382 5870 τὴν
2441 5792 2702 5868 ωσκευὴν
2757 5791 3046 5857 αἰνίττεται
3097 5793 3189 5855 καὶ
3243 5795 3313 5873 τὴ
3371 5799 3657 5880 μηχανήν-
