3988 6428
172 450 332 510 1449

1393 444 1805 508 EXPOSITIO
1847 444 1924 504 IN
1971 443 2355 506 PSALMOS.

3419 447 3576 510 1450

240 603 271 632 ‹‹
302 580 653 654 Ἀνθρώπους
701 579 792 635 καὶ
839 582 1008 650 κτήνη
1068 580 1278 651 σώσεις,
1329 578 1509 656 Κύριε.
1561 602 1591 632 ››
1642 611 1706 620 -
1751 575 1821 630 Τὸ
1850 577 1906 643 Α
2009 598 2036 626 ‹‹
2071 575 2157 643 Μὴ
2197 573 2518 650 παραζήλου
2550 573 2603 628 έν
2631 578 2710 646 τῷ
2757 572 3202 648 κατευοδουμένῳ
3249 575 3299 630 ἐν
3347 579 3418 651 τῇ
3469 575 3582 652 ὀδῷ

166 669 362 730 σώσεις
395 668 513 722 ἀντὶ
541 672 638 722 τοῦ
670 669 887 738 σώζεις,
917 666 1164 723 τουτέστι
1196 673 1508 736 ζωοποιεῖς.

239 779 268 808 ‹‹
299 757 362 810 Οἱ
395 754 452 811 δὲ
490 756 598 811 υἱοὶ
648 761 756 812 τῶν
803 755 1099 831 ἅνθρώπων
1155 756 1208 811 ἐν
1257 756 1426 830 σκέπῃ
1470 758 1578 810 τῶν
1624 751 1820 828 πτερύ-

166 865 282 920 γων
337 865 432 900 σου
476 843 778 902 ἐλπιοῦσιν.
809 868 838 899 ιι
871 879 941 888 -
969 848 1122 900 Ὅσοι
1169 843 1372 921 κυρίως
1423 842 1554 898 εἰσὶν
1609 839 1819 920 ἅνθρω-

169 954 289 1007 ποι,
345 935 420 1009 μὴ
468 936 570 1004 τὴν
619 934 992 1011 προσηγορίαν
1035 935 1136 1003 τήν
1183 932 1447 1007 πονηρίαν
1496 931 1817 1007 παραχαρά-

169 1025 372 1096 ξαντες.

243 1137 272 1164 ‹‹
306 1114 746 1184 Μεθυσθήσονται
805 1111 912 1167 ἀπὸ
958 1111 1218 1182 πιότητος
1285 1110 1439 1166 οἷ’κου
1508 1130 1624 1168 σου.
1667 1131 1696 1162 ››
1749 1142 1819 1153 ——

169 1201 642 1280 Εὐφρανθήσονται
683 1199 787 1256 ἀπὸ
840 1206 938 1256 τοῦ
982 1201 1226 1257 πλούτου
1273 1221 1389 1256 σου.
1421 1201 1673 1256 Τουτέστι
1716 1202 1815 1269 τῆς

166 1289 430 1353 πλουσίας
462 1289 733 1368 χορηγίας
763 1294 868 1345 τῶν
901 1286 1186 1367 χρειωδῶν
1232 1294 1341 1345 τῶν
1385 1310 1444 1345 τε
1490 1292 1817 1362 σωματικῶν

165 1380 256 1434 καὶ
280 1383 388 1435 τῶν
419 1384 817 1454 πνευματικῶν.

239 1493 267 1522 ι(
299 1468 406 1525 Καὶ
451 1469 544 1524 τὸν
591 1469 930 1546 χειμάρρουν
999 1475 1103 1539 τῆς
1168 1475 1377 1547 τρυφῆς
1445 1489 1540 1523 σου
1605 1472 1812 1531 ποτιεῖς

165 1557 384 1621 αύτούς.
419 1582 442 1609 »
479 1591 546 1601 -
574 1558 676 1613 Τὸν
704 1554 937 1636 σφοδρὸν
971 1557 1120 1635 ῥοῦν.

233 1672 264 1700 ‹‹
297 1649 418 1702 ’Ότι
454 1648 603 1720 παρὰ
654 1647 738 1702 σοὶ
785 1649 939 1722 πηγὴ
994 1652 1158 1717 ζωῆς.
1188 1672 1216 1701 n
1250 1680 1320 1690 —
1357 1650 1474 1702 Ὅτι
1525 1646 1588 1702 σὺ
1624 1647 1811 1722 πηγά-

172 1743 279 1806 ζεις
304 1741 477 1791 πᾶσαν
507 1737 672 1806 ζωήν.

239 1849 267 1876 ‹‹
298 1831 383 1880 Ἐν
413 1829 495 1897 τῷ
527 1823 666 1900 φωτί
697 1845 793 1879 σου
827 1822 1074 1898 ὀψόμεθα
1102 1827 1237 1902 φῶς.
1274 1848 1296 1877 ι
1330 1857 1401 1868 -
1430 1825 1528 1879 Διὰ
1557 1827 1652 1880 τοῦ
1682 1824 1809 1879 Υῖοῦ

166 1935 261 1969 σου
290 1913 555 1989 ἐπιγνωσό
567 1925 702 1986 μεθα
731 1918 952 1986 Πνεῦμα
978 1913 1041 1968 τὸ
1071 1913 1250 1989 ἅγιον.

235 2027 265 2055 ‹‹
297 2004 621 2077 Παράτεινον
645 2003 707 2058 τὸ
737 1998 890 2065 ἔλεός
938 2023 1034 2057 σου
1075 2007 1192 2064 τοῖς
1241 2001 1567 2078 γινώσκουσί
1613 2022 1690 2074 σε,
1721 2001 1811 2056 καὶ

158 2093 258 2162 τὴν
310 2089 656 2161 δικαιοσύνην
685 2112 781 2146 σου
807 2096 927 2152 τοῖς
975 2089 1148 2145 εὐθέσι
1190 2095 1259 2165 τῇ
1307 2088 1518 2166 καρδίᾳ.
1554 2112 1582 2141 ››
1609 2121 1678 2132 --
1705 2089 1812 2158 Τὴν

164 2178 368 2236 δικαίαν
399 2179 729 2252 κηδεμονίαν
759 2201 873 2235 σου.

235 2294 263 2322 ‹‹
293 2271 382 2338 Μὴ
453 2268 653 2324 ἐλθέτω
723 2289 815 2341 μοι
881 2272 1019 2331 ποῦς
1083 2268 1472 2347 ὑπερηφανίας,
1529 2268 1619 2322 καὶ
1683 2267 1808 2343 χεὶρ

161 2355 492 2433 ἇμαρτωλοῦ
541 2359 615 2431 μὴ
667 2356 922 2412 σαλεύσαι
974 2378 1059 2431 με.
1092 2382 1121 2409 ››
1171 2390 1241 2400 —-
1285 2361 1725 2436 Περιφραστικῶς
1769 2357 1804 2427 ή

162 2444 502 2524 ὑπερηφανία
543 2445 632 2500 καὶ
682 2447 710 2500 6
755 2443 1105 2521 ἁμαρτωλός.
1147 2444 1501 2520 Ἀμαρτωλὸν
1554 2444 1611 2501 δὲ
1663 2444 1803 2519 μᾶλ-

158 2532 256 2590 λον
285 2533 506 2606 νοητέον
536 2535 627 2588 τὸν
663 2529 940 2591 διάϐολον.

228 2647 257 2676 ‹‹
291 2624 435 2679 Ἐκεῖ
463 2621 650 2700 ἔπεσον
682 2624 874 2685 πάντες
903 2624 961 2677 οἱ
991 2621 1346 2700 ἐργαζόμενοι
1378 2625 1477 2693 αήν
1509 2623 1754 2696 ἀνομίαν.
1774 2645 1801 2674 ››

157 2745 226 2755 —
255 2714 427 2766 Ὅπου
457 2711 742 2766 πίπτουσιν
770 2711 822 2765 οἱ
854 2708 1174 2784 ἄνομοι,καὶ
1206 2713 1458 2774 πεσόντες
1484 2711 1802 2782 ἐξωθοῦνται

155 2800 260 2855 ἀπὸ
281 2805 398 2870 σοῦ,
439 2801 529 2855 καὶ
562 2798 895 2873 ἐξωσθέντες,
927 2799 990 2856 ού
1023 2797 1346 2872 δυνήσονται
1373 2805 1471 2857 τοῦ
1509 2801 1802 2874 πτώματος

155 2887 466 2954 ἐπανελθεῖν
478 2932 490 2945 .

761 2999 1054 3052 ΨΑΛΜΟΣ
1096 2999 1206 3066 Λζ’.

229 3125 256 3151 ι(
288 3099 524 3175 Ψαλμὸς
555 3105 635 3173 τῷ
666 3099 849 3158 Δαυῒδ.
881 3103 970 3172 Μή
1024 3101 1345 3173 παραζήλου
1395 3102 1446 3156 ἐν
1495 3123 1803 3180 πονηρευο·

161 3192 363 3266 μένοις.
401 3215 430 3244 n
462 3225 532 3233 —
562 3188 959 3266 Παραζήλωσιν
991 3193 1090 3260 τὴν
1123 3191 1354 3265 μίμησιν
1383 3188 1613 3264 εἷ’ρηκεν.

226 3306 255 3333 ‹‹
287 3277 441 3352 Μηδὲ
491 3279 661 3351 ζήλου
707 3279 833 3343 τοὺς
881 3284 1175 3343 ποιοῦντας
1221 3281 1320 3350 τὴν
1372 3280 1621 3354 ἀνομίαν.
1671 3304 1700 3334 »
1735 3315 1804 3324 --

156 3366 308 3441 Μηδὲ
387 3367 669 3440 ζηλωτοὺς
736 3369 826 3423 καὶ
895 3367 1191 3443 μακαρίους
1257 3369 1383 3431 τοὺς
1465 3370 1801 3442 ἀνομοῦντας

142 3460 285 3536 ἡγοῦ
361 3456 449 3512 διὰ
524 3459 624 3528 τήν
713 3458 907 3534 μικρὰν
996 3456 1288 3532 εὐημερίαν
1369 3456 1459 3513 καί
1540 3458 1800 3531 πρόσκαι-

148 3569 265 3626 ρον.

220 3659 248 3688 ‹‹
280 3633 544 3690 Ἔλπισον
579 3632 668 3688 ἐπὶ
699 3631 914 3709 Κύριον,
946 3633 1036 3688 καὶ
1080 3633 1224 3689 ποίει
1267 3633 1638 3710 χρηστότητα.
1673 3657 1700 3688 η
1732 3667 1803 3678 —

141 3723 410 3779 Ἔλπισον
444 3722 526 3778 ὅτι
555 3723 685 3785 τοὺς
713 3721 910 3784 πόνους
936 3727 1043 3777 τῶν
1077 3721 1339 3798 ἐναρέτων
1370 3722 1432 3778 οὐ
1462 3722 1800 3798 περίόψεται,

144 3812 237 3869 καὶ
268 3813 411 3868 ποίει
441 3812 504 3867 τὸ
536 3810 758 3887 ἀγαθόν,

225 3926 254 3955 ‹‹
287 3901 382 3959 Καὶ
439 3902 780 3971 κατασκήνω
826 3901 927 3969 τήν
973 3907 1099 3975 γῆν,
1152 3902 1240 3956 καὶ
1297 3902 1648 3976 ποιμανθήσῃ
1714 3900 1802 3956 ἐπὶ

141 3995 226 4064 τῷ
255 3989 485 4063 πλούτῳ
515 3989 704 4059 αὐτῆς.
740 4013 768 4041 ››
800 4021 869 4031 —
916 3989 1074 4046 Οὕτω
1120 3993 1315 4061 ποιῶν,
1349 3985 1569 4067 ἀφόϐως
1619 3989 1801 4044 κατοί-

135 4101 226 4134 κει
268 4079 368 4147 τὴν
417 4086 542 4155 γῆν·
595 4079 944 4152 ποιμανθήοῃ
993 4079 1094 4154 γὰρ
1148 4079 1298 4155 παρά
1345 4083 1478 4133 Θεοῦ
1545 4077 1633 4133 ἐπὶ
1683 4083 1802 4140 τοῖς

138 4169 364 4244 ἀγαθοῖς
413 4167 606 4239 αὐτῆς,
660 4166 797 4222 ὥστε
838 4167 946 4220 τῶν
1006 4167 1100 4240 μὲν
1149 4167 1442 4242 χρησίμων
1485 4165 1800 4240 ἀπολαύειν,

135 4262 250 4311 τῶν
281 4254 338 4312 δὲ
371 4254 724 4333 βλαπτόντων
759 4255 1078 4331 ἀπέχεσθαι.

225 4369 248 4397 α
283 4344 706 4422 Κατατρύφησον
762 4349 860 4399 τοῦ
918 4344 1141 4421 Κυρίου,
1201 4345 1291 4399 καὶ
1361 4342 1519 4400 δώσει
1599 4367 1683 4400 σοι
1737 4348 1804 4402 τὰ

138 4434 424 4507 αἰτήματα
468 4440 572 4503 τῆς
615 4431 839 4510 καρδίας
883 4453 1002 4489 σου.
1049 4457 1077 4487 »
1120 4466 1189 4476 —
1239 4435 1337 4488 Διᾶ
1381 4436 1483 4504 τῆς
1531 4434 1605 4496 εἷς
1647 4435 1805 4491 αὑτὸν

143 4520 440 4596 ἀκορέστου
494 4520 710 4596 ἀγάπης
759 4519 992 4590 καὶτῆς
1054 4519 1338 4590 ἀπλήστου
1409 4520 1643 4595 μελέτης
1698 4528 1807 4579 τῶν

140 4610 311 4666 αὑτοῦ
336 4608 595 4666 ἐντολῶν.

218 4723 247 4751 ‹‹
283 4698 668 4774 Ἀποκάλυψον
721 4699 858 4776 πρὸς
918 4697 1121 4772 Κύριον
1169 4699 1269 4769 τήν
1321 4696 1446 4755 ὁδόν
1495 4721 1610 4758 σου.
1667 4725 1697 4754 ››
1743 4733 1815 4746 -
1843 4693 1890 4759 D

141 4787 326 4860 Ἀξίαν
404 4788 550 4850 θείας
630 4787 930 4858 ἐπισκοπῆς
1025 4809 1254 4858 ποιησον
1332 4789 1432 4858 τὴν
1526 4787 1804 4847 πολιτείαν

151 4898 270 4934 σου.

222 4990 253 5018 ‹‹
288 4966 392 5022 Καὶ
436 4964 658 5021 ἔλπισον
710 4965 793 5021 ἐπ’
840 4963 1022 5038 αὑτὸν,
1050 4965 1140 5021 καὶ
1186 4965 1344 5029 αὑτὸς
1404 4968 1646 5038 ποιήσει.
1680 4992 1711 5021 »
1740 5002 1810 5012 —

151 5057 384 5125 Ποιήσει
413 5054 446 5108 ἃ
476 5054 758 5133 συμφέρει.

219 5166 248 5195 ‹‹
280 5145 380 5197 Καὶ
411 5143 602 5216 ἐξοίσει
635 5145 709 5207 ὡς
755 5149 868 5222 φῶς
911 5145 1009 5214 τὴν
1064 5141 1411 5216 δικαιοσύνην
1457 5167 1571 5218 σου,
1608 5147 1698 5201 καὶ
1747 5146 1809 5201 τὸ

139 5231 317 5308 κρίμα
344 5254 438 5287 σου
470 5232 544 5296 ὡς
581 5228 942 5308 μεσημϐρίαν.
970 5257 999 5286 ››
1037 5267 1102 5277 -
1133 5234 1485 5306 Δικαιοσύνην
1519 5235 1608 5290 καὶ
1637 5241 1811 5312 κρῖμα

136 5322 240 5390 τήν
297 5319 509 5376 δικαίαν
570 5322 745 5398 κρίσιν
815 5319 1086 5388 ἐκάλεσεν,
1156 5322 1217 5390 ἣν
1289 5323 1317 5377 6
1385 5323 1514 5385 Θεὸς
1580 5324 1807 5400 φανερὰν

145 5408 420 5486 ἐξενέγκαι
448 5416 566 5473 τοῖς
595 5411 672 5474 εἷς
701 5411 860 5466 αὐτὸν
896 5411 1119 5473 ἑαυτοὺς
1150 5409 1486 5488 έπιρῥίψασιο
1517 5417 1678 5467 τοῦτο
1708 5413 1808 5489 γὰρ

145 5500 183 5568 ἡ
219 5495 437 5570 ἀληθὴς
471 5498 643 5562 ἐλπίς.

220 5611 250 5639 ‹‹
295 5590 628 5664 Ὑποτάγηθι
659 5593 738 5661 τῷ
771 5589 956 5664 Κυρίῳ
1006 5587 1096 5643 καὶ
1141 5587 1409 5642 ἱκέτευσον
1463 5588 1645 5647 αὐτόν.
1681 5614 1708 5643 ››
1741 5624 1810 5635 —

143 5677 236 5746 Μὴ
292 5675 570 5752 ἀντιλέξῃς
619 5681 700 5750 τῷ
746 5677 943 5732 τούτου
999 5675 1334 5753 βουλήματι,
1383 5677 1474 5732 καὶ
1537 5677 1807 5736 ἱκέτευσον

145 5765 308 5822 αὑτὸν
343 5763 484 5824 ὥστε
513 5763 803 5840 ἐλεηθῆναι
835 5767 926 5823 καὶ
958 5768 1344 5838 σκεπασθῆναι.

436 5895 703 5959 Ρλτιιοι..
753 5897 862 5958 Gn.
911 5894 1139 5958 CXLII.

1840 1951 1889 2018 B

1935 661 2097 717 αὑτοῦ
2147 663 2199 718 ἐν
2251 664 2515 737 ἀνθρώπῳ
2576 667 2820 718 ποιοῦντι
2879 663 3240 740 παρανομίαν.
3287 687 3316 716 ››
3363 698 3434 709 --
3482 666 3582 722 Εἶ-

1929 752 2048 806 πὼν
2082 775 2110 804 ‹‹
2147 751 2196 806 ἐν
2228 756 2307 824 τῷ
2363 749 2806 826 κατευοδουμένῳ
2850 774 2872 803 ι
2935 749 3196 809 διέστειλε
3242 754 3367 829 περὶ
3414 757 3578 812 ποίου

1932 839 2101 897 λέγει.

2034 861 2101 897 ει.

1995 861 2270 985 ἶΠαῦσαι
2317 930 2424 987 ἀπὸ
2484 928 2655 1007 ὀργῆς
2715 930 2806 986 καὶ
2867 929 3192 1008 ἐγκατάλιπε
3251 933 3442 1008 θυμόν·
3497 937 3574 1010 μὴ

1927 1017 2250 1094 παραζήλου
2333 1016 2473 1074 ὥστε
2534 1021 2947 1095 πονηρεύεσθαι.
3015 1045 3044 1074 ››
3112 1055 3183 1064 -
3243 1023 3332 1092 Μὴ
3406 1024 3574 1098 μόνον

1927 1108 2100 1184 ἄπεχε
2150 1112 2248 1162 τοῦ
2318 1110 2596 1182 μιμεῖσθαι
2665 1108 2792 1172 τοὺς
2841 1109 3118 1184 πονηροὺς
3156 1111 3574 1189 εὖπραγοῦντας,

1927 1194 2072 1252 ἀλλὰ
2103 1198 2178 1269 μὴ
2236 1195 2461 1272 ὀργίζου
2495 1195 2636 1271 μηδὲ
2683 1199 2858 1273 θυμοῦ
2907 1199 2958 1254 ἐν
3007 1203 3086 1273 τῷ
3132 1199 3329 1265 αὐτοὺς
3377 1203 3576 1280 εὐπρα-

1923 1307 1984 1363 γε
1994 1307 2057 1341 ιν.

1998 1399 2027 1427 κ
2057 1377 2177 1431 Ὅτι
2208 1375 2258 1430 οὶ
2305 1374 2737 1452 πονηρευόμενοι
2787 1374 3359 1456 ἐξολοθρευθήσονταιο
3416 1383 3470 1437 οἱ
3517 1380 3576 1440 δὶ

1927 1465 2280 1538 ὑπομένοντες
2309 1466 2398 1520 τὸν
2430 1466 2646 1542 Κύριον,
2673 1465 2826 1522 αὐτοὶ
2855 1471 3341 1546 κληρονομήσουσι
3387 1475 3508 1549 γῆν.
3544 1497 3575 1527 ι)

1921 1553 1988 1608 Ei’
2015 1552 2104 1608 καὶ
2162 1556 2238 1627 μή
2287 1553 2483 1617 πάντες
2530 1560 2876 1630 σωματικῶς,
2907 1556 3042 1621 τέως
3091 1557 3136 1614 δ’
3187 1558 3280 1616 οῦν
3341 1562 3572 1625 ἅπαντες

1920 1645 2193 1718 ψυχικῶς.

1992 1754 2022 1784 ‹‹
2053 1732 2151 1786 Καὶ
2209 1728 2289 1788 ἔτι
2345 1730 2536 1809 ὀλίγον
2593 1735 2683 1790 καὶ
2739 1735 2804 1790 οὐ
2851 1738 2926 1810 μή
2988 1738 3201 1815 ὑπάρξει
3245 1741 3275 1796 6
3307 1743 3569 1820 ἀμαρτω-

1919 1818 2036 1906 λός.
2093 1844 2117 1873 ι
2168 1854 2240 1864 -—-
2294 1822 2465 1878 Πόσον
2543 1824 2759 1894 ζήσεται
2823 1825 2915 1880 καὶ
2972 1831 3006 1896 ῆ
3060 1829 3301 1906 πονηρία
3371 1818 3569 1891 τούτου

1919 1905 2114 1982 σϐεσθή
2124 1931 2289 1966 σεται.

1993 1997 2149 2056 «Καί
2181 2002 2433 2070 ζητήσεις
2488 2001 2579 2056 τὸν
2629 2002 2794 2058 τόπον
2844 2003 3026 2077 αὐτοῦ,
3075 2005 3166 2061 καὶ
3207 2007 3270 2062 οὐ
3341 2011 3417 2084 μὴ
3481 2010 3567 2068 εὕ-

1922 2107 2038 2164 ρῃς.
2072 2113 2101 2141 ››
2136 2121 2205 2132 -ο
2235 2089 2296 2144 Εἰ
2329 2091 2585 2160 ζητήσεις
2616 2088 2673 2146 δὲ
2706 2091 2753 2145 εἴ
2783 2087 2900 2167 ἔχει
2931 2093 3122 2169 τόπον,
3156 2095 3218 2151 ού
3278 2099 3356 2171 μὴ
3414 2099 3571 2176 εὕρῃς

1916 2177 2009 2231 τὸν
2065 2177 2233 2232 τόπον
2285 2177 2469 2233 αὐτοῦ·
2529 2183 2637 2234 τῶν
2695 2180 2797 2257 γὰρ
2856 2185 3182 2257 σωζομένων
3241 2186 3342 2242 εἰσὶ
3371 2189 3566 2254 πάντες

1918 2265 1971 2319 οἱ
2012 2265 2196 2334 τόποι,
2227 2266 2317 2320 καὶ
2376 2268 2431 2321 αἱ
2491 2267 2651 2341 μοναὶ
2701 2273 2800 2323 τοῦ
2851 2275 3006 2326 Θεοῦ·
3050 2276 3157 2329 τῶν
3209 2271 3268 2329 δὲ
3319 2276 3565 2333 ἀπολλυ-

1922 2352 2095 2427 μένων
2137 2357 2173 2424 ἡ
2223 2355 2427 2432 γέεννα,
2459 2353 2581 2425 ἥτις
2625 2354 2750 2412 οὐδὲ
2798 2357 2886 2414 καὶ
2932 2359 3103 2424 τόπος
3147 2361 3380 2440 λέγεται,
3422 2364 3568 2422 ἀλλὰ

1916 2442 2182 2500 ἀπώλεια.

1985 2557 2015 2585 ‹‹
2049 2534 2112 2587 Οἱ
2170 2530 2227 2587 δὲ
2283 2538 2472 2610 πραεῖς
2519 2533 3001 2612 κληρονομήσουσι
3059 2542 3186 2614 γῆν,
3243 2542 3333 2597 καὶ
3398 2564 3562 2602 κατα-

1913 2623 2274 2700 τρυφήσουσιν
2334 2622 2420 2677 ἐπὶ
2478 2623 2677 2694 πλήθει
2737 2625 2984 2702 εἰρήνης.
3053 2652 3083 2681 ››
3115 2663 3184 2672 ——
3238 2631 3339 2687 Καὶ
3395 2655 3562 2690 κατα-

1911 2709 2372 2802 πολαύσουσιΑτῆς
2394 2719 2506 2802 γῆς
2537 2711 2743 2802 ἐκείνης
2775 2713 2827 2769 έν
2858 2715 3046 2791 πολλῇ
3078 2716 3285 2795 εἷ’ρήνῃ·
3318 2721 3408 2777 καὶ
3454 2726 3557 2802 γὰρ

1914 2797 2111 2863 ἐκεῖθεν
2144 2798 2350 2876 ἀπέδρα
2383 2799 2572 2875 ὀδύνη,
2605 2800 2753 2873 λύπη
2784 2803 2875 2858 καὶ
2914 2807 3237 2882 στεναγμός.

1987 2907 2095 2960 «Ὁ
2143 2907 2346 2984 Κύριος
2389 2905 2734 2983 ἐκγελάσεται
2815 2909 2997 2982 αὐτὸν,
3070 2911 3152 2968 ὅτι
3231 2911 3559 2992 προϐλέπει,

1911 2994 1996 3050 ὅτι
2031 2994 2146 3066 ἥξει
2186 2997 2221 3065 ἡ
2269 2996 2452 3070 ἡμέρα
2497 2996 2683 3054 αὐτοῦ.
2716 3020 2746 3050 ››
2775 3030 2846 3041 -—
2887 3004 3108 3076 Προορᾷ
3150 3002 3254 3079 γὰρ
3301 3003 3377 3067 ὡς
3424 3006 3558 3070 Θεὸς

1913 3083 2221 3161 ἐρχομένην
2311 3085 2412 3154 τήν
2505 3085 2715 3159 ἡμέραν
2811 3087 2912 3157 τῆς
2989 3098 3368 3172 καταστροφῆς
3462 3095 3560 3150 αὖ-

1909 3193 2028 3231 του.

1985 3286 2012 3314 ‹‹
2046 3261 2340 3341 Ῥομιραίαν
2381 3261 2677 3320 ἐσπάσαντο
2722 3264 3067 3343 ἁμαρτωλοὶ,
3097 3267 3356 3326 ἐνέτειναν
3405 3270 3558 3343 τόξον

1913 3350 2109 3439 αὐτῶν.
2142 3376 2170 3404 »
2221 3385 2290 3395 —
2330 3351 2407 3427 Τῇ
2459 3352 2690 3432 διαφορᾷ
2733 3359 2841 3410 τῶν
2895 3354 3084 3413 ὅπλων
3131 3360 3226 3422 τὰς
3271 3356 3564 3439 διαφόρους

1912 3435 2206 3504 ἐπιϐουλὰς
2238 3440 2546 3500 αἰνίττεται.

1985 3554 2013 3582 ‹‹
2045 3535 2300 3605 Κρεῖσσον
2332 3528 2521 3605 ὀλίγον
2551 3536 2630 3604 τῷ
2661 3529 2854 3606 δικαίῳ
2907 3534 3038 3610 ὑπὲρ
3087 3533 3327 3593 πλοῦτον
3383 3540 3559 3616 ἁμαρ-

1909 3617 2101 3674 τωλῶν
2159 3616 2356 3677 πολύν.
2406 3643 2435 3672 ››
2479 3653 2549 3663 -
2595 3626 2681 3693 Τῷ
2728 3619 2922 3696 δικαίῳ
2981 3623 3255 3699 ἀνθρώπῳ
3315 3633 3560 3703 κρεῖττον

1909 3708 2185 3782 νομίζεται
2240 3709 2303 3763 τὸ
2361 3706 2551 3784 ὀλίγον
2617 3711 2752 3784 μετὰ
2807 3709 3152 3784 δικαιοσύνης
3196 3719 3292 3770 τοῦ
3339 3714 3559 3773 πολλοῦ

1913 3797 2048 3870 μετᾶ
2075 3795 2362 3873 ἀμαρτίας.

1987 3909 2014 3938 (ι
2042 3888 2164 3941 Ὅτι
2196 3885 2484 3962 βραχίονες
2530 3886 2874 3964 ἁμαρτωλῶν
2922 3886 3394 3966 συντριϐήσονται.
3427 3915 3456 3949 ο
3494 3927 3564 3938 —-

1910 3974 2218 4049 Βραχίονας
2246 3975 2340 4037 τὰς
2369 3973 2627 4048 δυνάμεις
2656 3976 2834 4035 καλεῖ.

1989 4085 2012 4114 ι
2044 4063 2420 4139 Ὑποστηρίζει
2468 4062 2527 4119 δὲ
2580 4065 2706 4129 τοὺς
2755 4064 2998 4131 δικαίους
3055 4070 3084 4124 6
3148 4070 3368 4148 Κύριος.
3420 4096 3451 4126 κ
3495 4107 3564 4118 -

1910 4153 2039 4207 Ὑπὸ
2071 4150 2345 4226 δαιμόνων
2375 4153 2464 4208 καὶ
2494 4160 2750 4231 πονηρῶν
2805 4157 3102 4234 ἀνθρώπων
3159 4159 3458 4234 ὠθούμενοι
3501 4161 3563 4217 ού

1911 4262 2010 4317 περ
2022 4243 2215 4318 ιτραπή
2225 4263 2428 4300 σονται.

1987 4354 2015 4383 ‹‹
2046 4331 2304 4386 Γινώσκει
2363 4331 2562 4407 Κύριος
2600 4333 2695 4396 τὰς
2743 4333 2902 4398 ὁδοὺς
2945 4340 3055 4392 τῶν
3099 4335 3375 4410 ἀμώμων,
3404 4337 3494 4392 καὶ
3524 4341 3560 4409 ἡ

1914 4418 2264 4496 κληρονομία
2309 4420 2483 4476 αὐτῶν
2536 4422 2611 4484 εἰς
2657 4421 2830 4478 αἰῶνα
2877 4421 3045 4482 ἔσται.
3074 4445 3102 4479 ω
3157 4458 3228 4469 --
3277 4426 3384 4495 Τήν
3429 4426 3563 4482 αῗώ-

1913 4530 2028 4563 νιον
2086 4509 2190 4586 γὰρ
2252 4508 2525 4583 βασιλείαν
2603 4515 2711 4567 τῶν
2787 4511 3026 4588 οὐρανῶν
3103 4512 3562 4591 κληρονομήσου-

1915 4619 2019 4657 σιν.

2000 4711 2029 4740 ι(
2061 4686 2135 4741 Ού
2190 4689 2746 4763 καταισχυνθήσονται
2803 4688 2853 4744 έν
2911 4695 3086 4768 καιρῷ
3141 4697 3386 4770 πονηρῷ.
3418 4719 3447 4747 ››
3501 4728 3569 4738 —-

1920 4778 2009 4834 Ἐν
2065 4781 2238 4852 καιρῷ
2296 4776 2560 4850 ἐπιπόνῳ,
2619 4781 2894 4835 τουτέστιν
2971 4780 3022 4834 ἐν
3098 4788 3444 4857 πειρασμοῖς,
3505 4783 3569 4838 οὗ

1919 4867 2437 4941 καταισχυνθήσεται
2519 4868 2792 4941 ἡττηθεὶς,
2851 4869 2978 4925 οὕτε
3035 4870 3142 4944 μὴν
3202 4872 3255 4927 ἐν
3306 4876 3387 4944 τῷ
3467 4879 3568 4943 τῆς

1917 4953 2146 5031 κρίσεως
2177 4958 2349 5030 καιρῷ
2369 4959 2447 5026 τῷ
2476 4955 2865 5030 ἐπιπονωτάτῳ
2893 4965 3012 5021 τοῖς
3042 4961 3420 5038 ἁμαρτωλοῖς.

1993 5085 2021 5113 ‹‹
2051 5061 2149 5115 Καὶ
2206 5060 2257 5115 ἐν
2316 5061 2499 5136 ἡμέρᾳ
2555 5060 2723 5136 λιμοῦ
2779 5069 3268 5140 χορτασθήσονται.
3303 5092 3333 5120 ››
3363 5102 3433 5112 -
3461 5075 3562 5124 Λι-

1922 5149 2021 5223 μὸν
2082 5147 2427 5220 ὑποληπτέον
2475 5151 2575 5220 τήν
2626 5148 2828 5208 ἔνδειαν
2874 5157 2972 5224 τῆς
3030 5156 3298 5228 ἀληθινῆς
3365 5157 3568 5236 εὖφρο-

1919 5239 2104 5310 σύνης,
2137 5239 2198 5294 οὗ
2231 5236 2297 5308 δὴ
2331 5237 2500 5312 λιμοῦ
2532 5239 2592 5294 ού
2623 5245 3040 5317 πειρασθήσεται
3072 5247 3100 5301 6
3132 5244 3367 5310 δίκαιος.

1989 5330 2162 5382 «Ὅτι
2221 5329 2274 5382 οἱ
2329 5326 2649 5405 ἁμαρτωλοὶ
2708 5330 3059 5394 ἀπολοῦνται.
3093 5360 3121 5389 ››
3154 5369 3222 5379 --
3283 5335 3564 5393 Ἀπώλεια

1919 5417 2119 5493 κυρίως
2148 5419 2183 5486 ἡ
2217 5415 2484 5479 ἔκπτωσις
2512 5425 2614 5488 τῆς
2644 5420 2916 5495 σωτηρίας
2948 5421 3111 5480 ἐστίν.

1997 5530 2023 5556 ‹‹
2053 5506 2122 5562 Οἱ
2175 5503 2232 5560 δὲ
2280 5505 2471 5582 ἐχθροὶ
2515 5512 2617 5561 τοῦ
2665 5509 2882 5584 Κυρίου,
2952 5512 3065 5585 ἅμα
3109 5517 3188 5587 τῷ
3249 5512 3570 5588 δοξασθῆναι

1929 5594 2148 5667 αὐτοὺς,
2181 5595 2270 5649 καὶ
2331 5595 2631 5669 ὑψωθῆναι,
2665 5595 2980 5664 ἐκλιπόντες
3033 5602 3163 5658 ὡσεὶ
3208 5604 3411 5666 καπνὸς
3469 5603 3574 5678 ἐξέ-

1922 5682 2101 5740 λιπον.
2138 5707 2166 5736 ››
2203 5715 2264 5727 -
2313 5687 2482 5739 Τοῦτο
2540 5686 2628 5740 καὶ
2682 5692 2797 5750 τοῖς
2857 5687 3138 5754 Ἰουδαίοις
3194 5692 3420 5767 ἁρμόζει
3482 5693 3574 5748 καὶ

1917 5777 2033 5840 τοῖς
2063 5769 2319 5836 εἰδώλοις
2354 5775 2488 5850 μετὰ
2514 5777 2622 5831 τῶν
2655 5773 3007 5836 ἐνοικούντων
3041 5780 3247 5843 αὐτοῖς.
3477 5817 3480 5819 λ
3545 5785 3568 5800 "

3209 5913 3288 5972 46
