3988 6480
138 528 277 588 M53

1337 525 1749 592 EXPOSITIO
1792 526 1870 590 IN
1917 527 2303 592 PSALMOS.

3363 529 3522 589 1454

139 656 289 717 λωσε.
320 659 389 713 Τὸ
422 655 480 713 δὲ
508 654 613 721 ἓως
671 655 877 738 σφόδρα
936 654 1051 713 ἀντὶ
1106 661 1204 712 τοῦ
1263 657 1430 736 μέχρι
1478 664 1576 716 τοῦ
1631 681 1765 715 παν-
1794 663 1850 730 Α
1957 681 1978 711 «ι
2011 660 2172 729 Είπα,
2223 659 2456 732 Φυλάξω
2502 657 2597 721 τὰς
2649 657 2806 721 ὁδούς
2859 680 2987 732 μου,
3015 663 3113 715 τοῦ
3158 660 3235 731 μὴ
3281 659 3523 736 ἁμαρτά-

134 746 333 811 τελοῦς.

206 862 231 890 ‹‹
263 837 536 913 Ὠρυόμην
585 836 691 893 ἀπὸ
742 841 1040 913 στεναγμοῦ
1085 844 1186 907 τῆς
1235 835 1454 914 καρδίας
1507 860 1668 912 μου.»
1699 871 1768 880 ——-

140 927 199 980 Ἡ
224 925 472 1002 ἀγριότης
503 930 600 980 τοῦ
645 925 750 981 ἀπὸ
780 925 1000 1002 καρδίας
1031 931 1356 1002 στεναγμοῦ,
1383 926 1625 982 τουτέστι
1666 931 1768 982 τοῦ

141 1013 196 1069 ἐκ
227 1015 436 1089 βάθους,
471 1013 784 1092 βρυχηθμῷ
813 1013 1033 1078 λέοντος
1065 1015 1241 1088 ἐῴκει.

206 1128 231 1156 ‹‹
262 1103 444 1180 Κύριε,
481 1102 718 1160 ἐναντίον
769 1125 864 1158 σου
921 1109 1064 1159 πᾶσα
1091 1107 1128 1174 ἡ
1161 1103 1418 1178 ἐπιθυμία
1457 1125 1581 1178 μου·
1615 1104 1703 1160 καὶ
1737 1106 1766 1160 6

138 1193 418 1268 στεναγμός
480 1214 585 1267 μου
637 1193 743 1248 ἀπὸ
819 1197 914 1248 σοῦ
982 1193 1083 1249 ούκ
1144 1188 1448 1268 ἀπεκρύϐη.
1492 1219 1521 1246 ››
1581 1227 1650 1236 -—-
1697 1195 1768 1250 Ἦ

143 1281 264 1354 μετά
285 1283 380 1351 τὴν
414 1282 677 1356 ἁμαρτίαν
711 1281 980 1358 σωτηρίας
1029 1281 1294 1356 ἐπιθυμῶ.
1329 1283 1427 1338 Καὶ
1482 1284 1764 1359 γινώσκεις

137 1375 304 1440 τοῦτο,
336 1371 424 1425 καὶ
453 1375 550 1425 τοῦ
582 1375 880 1448 στεναγμοῦ
916 1392 1021 1444 μου
1051 1371 1286 1434 ἀκούεις.

205 1484 230 1510 ‹‹
263 1462 322 1514 Ἡ
397 1457 590 1535 καρδία
669 1480 773 1532 μου
845 1459 1140 1535 ἐταράχθη·
1220 1458 1536 1536 ἐγκατέλιπέ
1607 1481 1674 1534 με
1728 1463 1763 1530 ἡ

134 1547 280 1623 ἰσχύς
326 1569 448 1620 μου.
504 1571 535 1599 ››
583 1580 654 1592 -ο
696 1554 757 1604 Ἠ
802 1546 995 1626 καρδία
1047 1570 1151 1622 μου
1199 1548 1469 1627 ἐταράχθη
1521 1551 1624 1604 ὑπὸ
1668 1554 1766 1604 τοῦ

134 1633 443 1699 συνειδότος·
495 1639 530 1707 ἠ
584 1637 742 1713 ἰσχύς
803 1659 906 1711 μου
961 1637 1218 1695 κατέλιπέ
1279 1659 1347 1712 με
1388 1639 1493 1693 ἀπὸ
1527 1645 1628 1709 τῆς
1673 1660 1766 1694 κα-

133 1725 369 1802 κουχίας.

201 1839 226 1866 ‹‹
257 1815 350 1868 Καὶ
409 1815 471 1868 τὸ
522 1819 636 1893 φῶς
683 1820 789 1870 τῶν
833 1815 1129 1894 ὀφθαλμῶν
1180 1837 1283 1888 μου
1327 1817 1417 1870 καὶ
1481 1817 1612 1871 αὐτὸ
1671 1816 1769 1872 οὐκ

133 1901 236 1958 ἔστι
270 1905 380 1977 μετ’
410 1903 565 1977 ἐμοῦ.
602 1927 631 1955 »
665 1937 730 1948 —-
761 1906 897 1962 Ἀπὸ
925 1909 1024 1959 τοῦ
1055 1909 1293 1980 συνεχῶς
1327 1903 1596 1981 δακρύειν.

1876 770 1984 805 νειν
2050 771 2118 822 με
2167 748 2219 804 ἐν
2263 747 2486 824 γλώσσῃ
2538 769 2663 820 μου.
2715 749 2950 820 Ἐθέμην
2997 750 3078 802 τῶ
3131 746 3358 820 στόματί
3419 768 3526 822 μου

1876 839 2146 918 φυλακήν.
2212 862 2242 890 ››
2297 870 2370 882 -
2425 834 2614 900 Ὁδοὺς
2672 836 2918 908 ἐνταῦθα,
2970 834 3100 900 τοὺς
3172 834 3375 914 λόγους
3427 860 3530 918 φη-

1876 927 1976 984 σίν.

1950 1039 1980 1070 ‹‹
2012 1018 2096 1072 Ἐν
2127 1020 2207 1072 τῶ
2240 1021 2494 1086 συστῆναι
2538 1015 2630 1071 τὸν
2677 1014 3004 1092 ἁμαρτωλὸν
3045 1012 3278 1071 ἐναντίον
3332 1037 3460 1089 μου.
3491 1040 3524 1071 ››

1873 1139 1944 1148 -
1973 1111 2242 1175 Συστῆναι
2271 1105 2334 1160 τὸ
2361 1103 2757 1181 παρατάξασθαι
2788 1100 3021 1178 εἷ’ρηκεν.

1946 1219 1975 1248 ‹‹
2009 1194 2337 1273 Ἐκωφώθην
2369 1192 2458 1248 καὶ
2489 1193 2850 1261 ἐταπεινώθην
2892 1192 2982 1247 καὶ
3012 1190 3239 1267 ἐσίγησα
3285 1192 3334 1267 ἐξ
3382 1193 3523 1269 ἀγα-

1875 1288 2003 1348 θῶν.
2049 1307 2077 1337 ››
2128 1316 2198 1325 -
2235 1282 2568 1360 Ἐκωφώθην
2629 1280 2764 1336 ἐκὼν
2819 1281 2909 1336 καὶ
2960 1280 3348 1354 ἐταπεινώθην,
3405 1281 3523 1339 ἐπεὶ

1877 1371 2177 1445 ἐμνήσθην,
2211 1370 2296 1426 ὅτι
2327 1368 2415 1425 διὰ
2439 1371 2535 1432 τὰς
2567 1369 2830 1446 ἁμαρτίας
2881 1390 2986 1443 μου
3041 1374 3228 1428 ταῦτα.
3261 1370 3524 1448 Ἐσίγησα

1873 1459 1963 1515 καὶ
2030 1459 2130 1515 οὐκ
2183 1459 2478 1536 ἀπεκρίθην
2536 1463 2614 1513 τῶ
2666 1455 2939 1532 ὑϐρίζοντι
2999 1457 3051 1529 ἐξ
3107 1458 3318 1536 ἀγαθῶν
3392 1457 3519 1530 ἤτοι

1875 1548 2245 1626 ἀγαθωσύνης,
2278 1548 2309 1602 6'
2348 1547 2488 1603 ἐστιν
2525 1546 2880 1618 ἀνεξικακίας.

1948 1661 1977 1690 ‹‹
2008 1639 2107 1692 Καὶ
2136 1639 2199 1694 τὸ
2230 1635 2374 1713 ἄλγη
2385 1637 2460 1710 μά
2493 1657 2596 1710 μου
2644 1635 3002 1706 ἀνεκαινίσθή.
3034 1659 3063 1689 ››
3096 1668 3167 1679 ——
3211 1637 3312 1692 Kal
3354 1637 3383 1692 6
3432 1635 3524 1694 διὰ

1872 1728 1967 1789 τὰς
1997 1726 2264 1802 ἀμαρτίας
2292 1727 2457 1788 πόνος
2486 1729 2555 1800 τῇ
2600 1727 2792 1800 μνήμῃ
2820 1725 3185 1798 ἀνεκαινίσθη.

1950 1813 2342 1892 «Ἐθερμάνθή
2403 1818 2438 1884 ἡ
2505 1812 2699 1890 καρδία
2779 1836 2885 1887 μου
2966 1813 3112 1877 ἐντός
3191 1836 3318 1889 μου,
3375 1838 3404 1868 ››
3453 1847 3525 1859 -ι

1870 1898 2245 1980 Ὑϐριζόμενος
2324 1901 2667 1981 ἀνεφλέχθην
2728 1902 2832 1957 ὑπὸ
2891 1906 3088 1976 θυμοῦ’
3147 1903 3294 1972 πλὴν
3351 1903 3524 1968 ἐντός.

204 2016 229 2044 «
258 1993 314 2046 Ol
346 1991 498 2071 φίλοι
548 2014 674 2066 μου,
705 1993 795 2048 καὶ
847 1994 901 2047 οἱ
943 1992 1178 2063 πλησίον
1231 2015 1336 2066 μου
1386 1993 1616 2064 ἐξέναντί
1663 2016 1766 2068 μου
1797 2029 1844 2095 Β
1875 1993 1937 2048 ού
1967 1995 2067 2070 γὰρ
2099 1992 2326 2070 ἐξέφήνα
2351 1997 2542 2047 τοῦτον
2575 1992 2926 2067 χρησάμενος
2961 1991 3327 2068 μακροθυμίᾳ.

129 2080 364 2158 ἤγγισαν,
393 2082 484 2136 καὶ
514 2080 764 2153 ἔστησαν.
797 2107 824 2134 ››
857 2114 926 2125 —-
955 2081 1385 2156 Ἐναντιούμενοι
1436 2080 1768 2153 ἐπλησιασάν

133 2191 223 2242 μοι
249 2167 668 2232 καταδιώκοντες
697 2169 786 2224 καὶ
819 2168 1041 2240 ἔστησαν
1071 2171 1188 2224 κατ’
1218 2169 1372 2243 ἐμοῦ.

204 2284 222 2311 ι
257 2259 351 2313 Καὶ
383 2260 436 2314 οἱ
478 2256 700 2335 ἔγγιστά
732 2280 836 2333 μου
885 2258 991 2314 ἀπὸ
1043 2258 1305 2335 μακρόθεν
1354 2255 1602 2331 ἔστησαν.
1638 2284 1668 2312 ››
1700 2292 1768 2304 -ο

126 2349 222 2403 Καὶ
253 2349 302 2402 οἱ
331 2346 453 2421 ἐμοὶ
486 2347 771 2425 σύμμαχοι
807 2346 998 2424 πόῤῥω
1029 2346 1228 2425 ἔφυγον
1260 2347 1352 2402 ἀπ’
1385 2348 1541 2422 ἐμοῦ.

199 2459 226 2488 ‹‹
254 2437 349 2490 Καὶ
379 2431 717 2507 ἐξεϐιάζοντο
750 2438 803 2491 οἱ
837 2441 1122 2508 ζητοῦντες
1149 2438 1248 2506 τὴν
1282 2439 1467 2512 ψυχήν
1501 2459 1627 2511 μου.
1646 2463 1673 2491 ››
1699 2471 1766 2482 -

121 2525 221 2580 Καὶ
251 2520 559 2581 συνέθλιϐόν
596 2547 663 2598 με
693 2527 744 2581 οἱ
775 2523 1021 2588 θέλοντες
1047 2524 1250 2581 ἀνελεῖν
1288 2547 1372 2600 με.

198 2614 350 2669 «Καὶ
409 2615 461 2669 οἱ
513 2619 796 2684 ζητοῦντες
843 2614 911 2669 τὰ
955 2612 1095 2670 κακά
1161 2636 1254 2688 μοι
1325 2613 1596 2686 ἐλάλησαν
1663 2637 1766 2688 μα-

118 2702 426 2773 ταιότητας.
465 2726 493 2754 ››
547 2736 593 2746 -
623 2702 722 2756 Καὶ
753 2703 805 2756 οἱ
853 2700 1100 2766 θέλοντες
1145 2703 1456 2774 κακωθῆναί
1509 2725 1602 2778 μοι
1655 2702 1767 2760 διε-

122 2789 474 2868 λοιδοροῦντά
538 2813 654 2865 μοι,
700 2791 790 2846 καὶ
853 2790 905 2846 ἐν
972 2791 1155 2854 αὐτοῖς
1223 2788 1580 2849 ἐπεϐούλευον
1651 2795 1768 2849 κατ’

121 2881 147 2935 ἐ
157 2885 276 2954 μοῦ.

195 2994 222 3022 ‹‹
249 2970 389 3045 Ἐγώ
435 2968 494 3025 δὲ
541 2969 670 3024 ὡσεὶ
720 2969 903 3047 κωφὸς
949 2969 1051 3026 οὐκ
1092 2967 1314 3043 ἤκουον,
1345 2971 1436 3026 καὶ
1465 2971 1594 3026 ὡσεὶ
1629 2968 1762 3027 ἅλα-

118 3057 220 3121 λος
268 3058 364 3114 οὐκ
414 3058 647 3135 ἀνοίγων
692 3058 756 3114 τὸ
815 3059 990 3133 στόμα
1041 3058 1226 3117 αὐτοῦ.
1278 3084 1307 3114 ››
1353 3093 1424 3103 —-
1469 3059 1654 3116 Λείπει
1702 3062 1765 3117 τὸ

115 3145 293 3222 ἤμηνο

197 3261 225 3289 ‹‹
257 3238 353 3292 Καὶ
402 3236 668 3312 ἐγενόμην
722 3235 849 3292 ὡσεὶ
915 3234 1196 3314 ἅνθρωπος
1265 3238 1364 3293 οὐκ
1407 3236 1616 3292 ἀκούων
1675 3238 1764 3293 καὶ

117 3325 222 3381 οὐκ
249 3323 390 3402 ἔχων
424 3325 477 3382 ἐν
503 3331 583 3399 τῷ
620 3325 849 3399 στόματι
895 3325 1058 3381 αὐτοῦ
1102 3325 1389 3403 ἐλεγμούς.
1419 3351 1448 3379 ››
1481 3361 1549 3371 --
1576 3327 1765 3403 Ἐλεγ-

1947 2125 1977 2153 ‹‹
2008 2100 2107 2155 Καὶ
2139 2100 2191 2155 ἐν
2217 2103 2285 2174 τῇ
2321 2097 2520 2173 μελέτῃ
2555 2121 2659 2174 μου
2690 2097 3073 2170 ἐκκαυθήσεται
3104 2102 3233 2176 πῦρ.
3275 2122 3306 2152 ››
3335 2132 3406 2144 -—-
3433 2100 3521 2156 Ἐν

1872 2193 1953 2244 τῶ
1998 2189 2224 2262 μελετᾷν
2277 2211 2344 2262 με
2387 2186 2475 2243 καί
2524 2185 2839 2259 ἀναπολεῖν,
2869 2187 2960 2242 καὶ
3007 2189 3266 2264 πέπραχα
3310 2186 3527 2264 πονηρά

1874 2277 1964 2334 καὶ
1994 2277 2028 2332 ἃ
2056 2276 2254 2354 πάσχω
2282 2275 2449 2350 δεινὰ,
2481 2276 2562 2332 ἀεὶ
2592 2275 3025 2356 ἀναφλεγήσεταί
3059 2297 3152 2350 μοι
3183 2281 3290 2354 πῦρ
3341 2275 3524 2348 λύπης

1875 2366 2206 2443 ἐμπιμπρῶν
2236 2367 2336 2436 τὴν
2359 2363 2583 2441 καρδίαν
2618 2386 2745 2439 μου.

1948 2480 1977 2509 ‹‹
2009 2453 2292 2526 Ἐλάλησα
2320 2455 2371 2510 ἐν
2403 2455 2624 2532 γλώσσῃ
2670 2472 2795 2528 μου⁶
2855 2452 3127 2530 Γνώρισόν
3191 2475 3307 2528 μοι,
3338 2454 3522 2532 Κύριε,

1872 2547 1936 2601 τὸ
1963 2544 2129 2622 πέρας
2167 2567 2291 2620 μου.
2316 2568 2344 2597 ››
2377 2577 2448 2587 -
2475 2545 2618 2621 Πρὸς
2652 2544 2744 2618 μὲν
2770 2545 2862 2598 τὸν
2892 2542 3087 2619 ἐχθρὸν
3117 2541 3361 2621 ἐσίγησα,
3385 2545 3522 2622 πρὸς

1876 2631 1933 2689 δέ
1960 2633 2051 2689 τὸν
2110 2633 2238 2688 Θεὸν
2295 2630 2540 2703 ἐλάλησα
2568 2633 2771 2709 ἠρέμα.
2817 2631 2996 2702 Δῆλόν
3051 2652 3144 2706 μοι
3188 2632 3416 2704 ποίησον
3461 2633 3526 2688 τὸ

1872 2720 2035 2785 τέλος
2060 2725 2160 2792 τῆς
2196 2727 2362 2792 ζωῆς*
2396 2719 2603 2799 σφόδρα
2631 2721 2735 2796 γὰρ
2771 2719 2989 2798 ἐφίεμαι
3015 2727 3118 2791 τῆς
3146 2719 3406 2793 τελευτῆς
3438 2719 3527 2778 διὰ

1872 2813 1972 2882 τὴν
2005 2815 2112 2866 τῶν
2143 2810 2405 2887 λυπηρῶν
2434 2808 2784 2884 ἀπαλλαγήν.

1948 2923 1975 2952 (ί
2009 2898 2112 2957 Καὶ
2169 2899 2260 2954 τὸν
2319 2897 2550 2974 ἀριθμὸν
2603 2901 2711 2953 τῶν
2771 2900 2992 2973 ἡμερῶν
3057 2918 3162 2972 μου
3218 2897 3303 2961 τίς
3359 2897 3522 2974 ἐστιν,

1868 2987 1962 3044 ’ίνα
2016 2992 2125 3065 γνῶ
2178 2987 2231 3043 τί
2290 2989 2495 3064 ὑστερῶ
2551 2985 2682 3063 ἐγώ.
2718 3010 2746 3039 ››
2804 3019 2874 3030 —-
2920 2986 3020 3042 Kal
3075 2992 3180 3042 πᾶν
3237 2987 3301 3042 τὸ
3355 2989 3523 3044 ποσὸν

1871 3082 1970 3132 τοῦ
2025 3075 2159 3132 ὅλου
2210 3076 2415 3153 χρόνου
2457 3079 2556 3146 τῆς
2614 3081 2760 3146 ζωῆς
2814 3097 2919 3150 μου
2953 3073 3008 3132 τί
3053 3074 3216 3146 ἐστιν,
3245 3073 3332 3130 l'va
3369 3075 3421 3147 ἐξ
3451 3077 3527 3132 ὧν

1875 3166 2007 3221 ἐτῶν
2041 3164 2227 3237 ἔζησα,
2260 3164 2512 3242 γνωρίσω
2540 3165 2603 3220 τὸ
2633 3162 2822 3220 λεῖπον
2858 3167 2927 3238 τῇ
2958 3161 3187 3234 ὁλότητι
3229 3169 3329 3233 τῆς
3379 3167 3526 3234 ζωῆς

1878 3277 2145 3400 μοίίιἹδοὺ
2190 3341 2491 3406 παλαιστὰς
2550 3338 2674 3398 ἔθου
2729 3342 2825 3405 τὰς
2901 3338 3112 3416 ἡμέρας
3182 3361 3308 3414 μου.
3367 3365 3398 3394 υ
3455 3373 3526 3385 -

118 3396 408 3508 μοὺςητᾶις
467 3396 806 3492 ἀντ-ιρῥήάεις
863 3415 994 3494 φησὶ
1039 3413 1109 3470 δι’
1139 3396 1349 3479 CBV-"IK
1405 3414 1621 3493 ἐλέγχει
1670 3396 1762 3471 τδν
1795 3396 1838 3463 C‘
1879 3396 2385 3494 Ἰδοὺνπαλαι-στάςί
2411 3396 2753 3494 H1610
2788 3396 3026 3507 ῆμέράςι
3069 3396 3195 3504 μου,
3249 3396 3524 3508 ὀλιγαρίθ-

110 3508 297 3566 κακῶς
329 3502 580 3580 λέγοντα.

1881 3543 2017 3597 μους
2086 3519 2323 3592 δηλαδή·
2372 3521 2462 3575 καὶ
2510 3522 2538 3574 6
2586 3519 2889 3588 παλαιστὴς
2937 3520 3036 3595 γὰρ
3092 3516 3381 3594 ἐλάχιστον
3431 3518 3527 3593 μέ-

192 3617 219 3645 “
252 3595 368 3647 Ὅτι
420 3593 594 3690 εἷτξοἨ
786 3614 920 3690 ςποτε
967 3592 1276 3690 ἐπιχαρξδσί
1327 3595 1520 3690 μοι-ξῖ
1575 3593 1768 3690 ἐχθροί
1875 3592 2008 3690 τρου
2051 3611 2183 3684 ἐστὶ,
2231 3610 2322 3666 καὶ
2371 3609 2503 3686 ὅπερ
2549 3610 2600 3664 οἱ
2646 3608 2899 3684 τέσσαρες
2947 3592 3209 3662 δάκτυλοι
3267 3611 3336 3682 τῇ
3387 3592 3526 3681 συμ-

118 3704 251 3757 μου.
283 3705 312 3735 »
343 3715 414 3725 —
449 3683 614 3737 Εἶπον
674 3681 726 3736 ἐν
783 3681 1002 3756 ἐμαυτῷ
1059 3682 1381 3757 εὐχόμενος,
1421 3685 1511 3752 Μὴ
1573 3683 1766 3759 ἐπιχα-

117 3772 345 3848 ρείησάν
385 3793 475 3847 μοι
509 3773 566 3825 οἱ
597 3771 786 3847 ἐχθροί
821 3792 946 3845 μου.

202 3885 229 3916 α
258 3862 358 3916 Καὶ
421 3861 472 3917 ἐν
521 3864 602 3932 τῷ
650 3859 978 3929 σαλευθῆναι
1025 3857 1197 3923 πόδας
1250 3882 1352 3934 μου
1392 3861 1599 3935 ἐπ’ἐμέ
1646 3860 1770 3933 ἐμε-

712 3973 734 4000 ι
796 3981 865 4040 —_“
921 3949 1019 4040 KP!“
1076 3948 1132 4040 ἐν
1207 3954 1286 4040 τξῖ)
1358 3950 1773 4026 παρατραπῆναι
1885 3964 2132 4040 ὀνόματι,
2183 3964 2260 4025 ὡς
2318 3948 2552 4038 λέγομεν
2623 3961 2773 4017 σίτου
2853 3948 3130 4036 μέδιμνον.
3191 3961 3283 4017 καὶ
3349 3969 3536 4039 πῆχυν

119 4060 194 4114 με
220 4044 323 4109 τῆς
357 4038 564 4115 βάσεως
591 4043 697 4094 τῶν
749 4037 904 4103 θείων
953 4036 1186 4093 ἐντολῶν
1238 4037 1609 4115 ἐκαυχήσαντο
1657 4041 1774 4094 κατ’

115 3949 372 4027 γαλορῥη
385 3948 646 4022 μόνησαν.

115 4128 280 4202 ἐμοῦ.

195 4241 224 4269 ‹‹
256 4219 379 4271 ’Ὀτι
409 4217 520 4293 ἐγὼ
549 4217 625 4280 εἷς
661 4218 921 4294 μάστιγας
952 4215 1193 4289 ἕτοιμος.
1223 4241 1246 4269 ιο
1272 4250 1342 4261 —-
1371 4216 1676 4295 Πρόχειρόν
1711 4239 1778 4291 με

113 4309 242 4367 ταῖς
274 4305 567 4381 τιμωρίαις
597 4308 632 4374 ἡ
668 4305 904 4381 ἁμαρτία
933 4303 1175 4377 ἐποίησε.

201 4418 230 4448 ‹‹
263 4394 437 4464 Καὶὴ
489 4391 744 4469 ἀλγηδών
808 4415 912 4468 μου
963 4393 1194 4450 ἐνώπιον
1245 4392 1351 4468 μού
1402 4393 1515 4449 ἐστι
1559 4391 1779 4450 διαπαν-

117 4483 245 4546 τός.
283 4506 313 4535 ››
344 4517 412 4526 --
444 4483 546 4540 Καὶ
577 4485 612 4553 ἡ
643 4489 744 4553 τῆς
801 4483 1067 4560 ἀμαρτιας
1130 4485 1322 4558 μνήμη
1382 4480 1670 4547 διαπαντὸς
1727 4483 1778 4539 ἐν

124 4571 284 4648 ἐμοὶ,
315 4572 576 4628 νύττουσα
604 4571 693 4627 καὶ
724 4571 1052 4648 ἀλγύνουσα.

1878 3702 2038 3773 πήξει
2100 3698 2512 3768 ἀποτελέσουσι,
2563 3697 2923 3774 τριτημόριον
2969 3697 3027 3751 ὃν
3081 3703 3378 3770 σπιθαμῆς.
3429 3697 3530 3752 Λέ-

1878 3812 1959 3866 γει
2020 3787 2078 3844 δὲ
2126 3786 2215 3843 διὰ
2255 3788 2352 3850 τὰς
2393 3785 2714 3848 ἐπιλοίπους
2763 3785 2975 3862 ἡμέρας
3025 3784 3216 3842 αύαοῦ.
3256 3787 3448 3841 Ἰστέον
3477 3783 3536 3840 δέ

1883 3876 1968 3932 ὅτι
2026 3876 2116 3930 καὶ
2170 3875 2235 3930 τὸ
2291 3873 2656 3950 μετρούμενον
2711 3876 2792 3944 τῷ
2843 3876 2939 3927 τοῦ
3019 3872 3218 3950 μέτρου
3290 3872 3538 3929 καλεῖται

1889 4054 2220 4130 ὑφάσματος.

1959 4168 1988 4196 ι(
2020 4141 2120 4198 Καὶ
2157 4144 2191 4211 ἡ
2227 4139 2520 4203 ὑπόστασίς
2553 4160 2658 4213 μου
2699 4138 2827 4194 ὡσεὶ
2877 4138 3028 4195 οὐθὲν
3077 4137 3308 4196 ἐνώπιόν
3366 4160 3484 4198 σου.
3509 4162 3537 4192 ››

1887 4264 1957 4275 __.
1988 4229 2091 4289 Kal
2121 4231 2255 4308 πρὸς
2285 4231 2384 4300 τῆν
2415 4230 2513 4298 σὴν
2553 4226 2840 4300 αϊδιότητα
2887 4234 3033 4284 πᾶσα
3077 4231 3114 4299 ἡ
3164 4228 3270 4302 ἐμή
3321 4227 3544 4302 ὕπαρξις

1889 4323 1964 4384 ὡς
1994 4320 2143 4376 οὐθέν
2156 4367 2168 4378 .

1963 4435 1992 4464 ‹‹
2023 4409 2180 4479 Πλήτ
2235 4407 2304 4464 τὰ
2359 4407 2645 4481 σύμπαντα
2706 4405 3022 4480 ματαιότής.
3057 4430 3088 4460 ››
3143 4439 3214 4450 -
3268 4403 3544 4478 Ἀληθῶς,

1893 4499 2048 4578 φησὶ,
2077 4497 2145 4553 τὰ
2174 4497 2459 4571 σύμπαντα
2487 4496 2799 4572 ἀνθρώπινα
2828 4495 3004 4571 ἀγαθὰ
3031 4491 3250 4569 ψεῦδος.

1968 4611 1997 4641 ‹‹
2025 4591 2138 4650 Πᾶς
2179 4587 2461 4662 ἄνθρωπος
2512 4588 2637 4654 ζῶν.
2674 4607 2704 4637 ››
2735 4617 2804 4627 --
2847 4584 3097 4639 Τουτέστι
3147 4587 3291 4639 πᾶσα
3335 4581 3544 4659 ἀνθρω-

201 4686 232 4713 ‹‹
257 4665 380 4717 Ὅτι
405 4662 507 4731 τήτ
537 4660 761 4736 ἀνομίαν
793 4682 895 4735 μου
918 4661 1023 4738 ἐγὼ
1044 4661 1327 4737 ἀναγγελῶ
1349 4661 1439 4717 καὶ
1463 4663 1784 4736 μεριμνήσω
1895 4676 2024 4747 πίνη
2063 4677 2174 4746 ζωή
2193 4717 2206 4734 ,

125 4751 275 4827 ὑπὲρ
333 4757 432 4821 τῆς
491 4750 759 4825 ἁμαρτίας
822 4772 946 4825 μου.
981 4775 1010 4802 ››

117 4847 196 4909 τῆ
208 4861 233 4902 ς
271 4839 558 4916 θεραπείας
589 4837 778 4909 αὐτῆς.

1057 4783 1127 4793 -
1181 4749 1459 4822 Τουτέστι,
1517 4751 1789 4829 φροντίσω
1821 4767 1868 4834 D

1972 4789 2000 4818 «
2031 4765 2230 4821 Μέντοι
2260 4784 2324 4840 γε
2349 4762 2401 4819 ἐν
2433 4760 2600 4818 είκόνι
2649 4758 3022 4838 διαπορεύεται
3073 4761 3374 4838 ἄνθρωπος.
3409 4782 3436 4811 ››
3478 4788 3549 4800 -—

1902 4854 1972 4909 T6
2007 4852 2190 4927 μέντοι
2221 4873 2286 4928 γε
2312 4852 2402 4906 καὶ
2430 4852 2493 4907 τὸ
2529 4854 2720 4924 μενοῦν
2742 4872 2802 4927 γε
2830 4852 2892 4906 τὸ
2923 4846 3078 4913 ὄντος
3110 4847 3359 4917 δηλοῦσι·
3398 4847 3461 4902 τὸ
3492 4843 3551 4902 δέ

208 4952 239 4981 ι(
273 4929 344 4984 οἳ
376 4926 434 4984 δὲ
464 4927 653 5004 ἐχθροί
707 4949 810 5002 μου
860 4933 989 4998 ζωσι
1045 4928 1135 4983 καὶ
1182 4927 1602 5006 κεκραταίωνται
1660 4929 1791 5006 ὑπὲρ
1905 4943 1956 4998 ἐν
1990 4926 2157 4998 εἰκόνι
2190 4926 2305 4996 ἀντὶ
2333 4944 2431 4995 τοῦ
2463 4937 2532 4994 δι’
2561 4926 2768 5002 εἰκόνος
2797 4961 2857 4994 τε
2885 4939 2975 4995 καὶ
3004 4945 3176 5001 σκιᾶς.

123 5016 258 5093 ἐμέ.
298 5041 328 5069 ››
357 5017 427 5072 Τὸ
459 5021 620 5087 ζῶσιν
649 5016 768 5072 ἀντὶ
795 5021 893 5072 τοῦ
922 5019 1206 5086 σώζονται.

211 5127 238 5157 σ
277 5101 538 5161 Διέϐαλόν
603 5127 689 5180 με,
757 5105 871 5162 ἐπεὶ
943 5105 1273 5162 κατεδίωκον
1337 5105 1708 5183 ἀγαθωσύνην.
1760 5132 1788 5160 ››

1659 5195 1795 5269 ἐμοῦ

1365 5283 1522 5338 αὐτοὶ
1572 5279 1796 5340 διέϐαλ-

117 5228 202 5239 —-
286 5195 668 5271 Ἀγαθωσύνην
761 5195 907 5272 λέγει
972 5198 1073 5266 τήν
1149 5195 1502 5266 ἀνεξικακίαν·
1571 5221 1598 5248 ‹‹

117 5284 266 5361 γὰρ,
324 5283 511 5361 φησὶν,
560 5283 998 5354 ἀνεξικακοῦντος
1049 5283 1252 5357 αὐτοῖς,
1295 5309 1322 5337 ››

121 5373 233 5430 λόν
275 5393 364 5446 με.

743 5476 1038 5527 ΨΑΛΜΟΣ
1078 5473 1205 5530 ΑΠ’.

208 5609 242 5638 ‹‹
287 5585 384 5648 Εἰς
439 5586 501 5641 τὸ
547 5585 709 5650 τέλος
758 5592 835 5659 τῷ
880 5586 1123 5661 Ἰδιθοὺμ
1337 5590 1416 5659 τῷ
1454 5583 1636 5645 Δαυίδ.
1670 5610 1700 5638 ››
1732 5619 1801 5629 -—

116 5677 410 5731 Ἐνταῦθα
465 5673 740 5751 τραγῳδεῖ
800 5678 829 5730 ὁ
897 5678 1193 5754 Προφήτης
1275 5681 1375 5746 τῆς
1458 5675 1801 5752 ἀνθρωπίνης

123 5763 364 5843 φύσεως
395 5763 484 5818 καὶ
512 5765 609 5833 τῆν
640 5764 908 5820 εὐτέλειαν
943 5764 1292 5840 μεμνημένος
1348 5762 1437 5820 καὶ
1488 5764 1560 5820 ῶν
1610 5760 1804 5829 ἔπαθεν

127 5852 250 5911 ὑπὸ
294 5847 612 5914 Ἀϐεσσαλὼ
619 5875 660 5931 μ
689 5850 855 5910 διωκό
865 5874 1042 5931 μενος.

1981 5071 2008 5105 α
2040 5048 2195 5118 Πλὴν
2249 5049 2422 5122 μάτην
2471 5048 2810 5122 ταράσσεται,
2858 5045 3168 5123 θησαυρίζει
3221 5042 3311 5100 καί
3355 5043 3417 5100 οὗ
3463 5064 3554 5120 γι-

1902 5140 2098 5194 νώσκει
2141 5137 2246 5193 τίνι
2295 5135 2500 5207 συνάξει
2544 5134 2694 5192 αὐτά.
2732 5158 2762 5188 ››
2811 5167 2879 5178 η-
2916 5135 3118 5190 Λοιπὸν
3173 5130 3345 5208 ψευδῆ
3400 5151 3554 5208 περι-

1905 5234 2099 5283 σπᾶται
2110 5273 2122 5286 .

1988 5341 2011 5370 ι
2045 5316 2148 5374 Καὶ
2203 5319 2292 5370 νῦν
2338 5312 2420 5369 τίς
2468 5313 2504 5384 ἡ
2557 5312 2808 5386 ὑπομονή
2859 5333 2962 5387 μου
2993 5340 3008 5382 ;
3040 5311 3152 5388 είχὶ
3200 5311 3435 5386 Κύριος;
3468 5306 3557 5365 καὶ

1910 5411 1946 5478 ἡ
1972 5403 2262 5467 ὑπόστασίς
2297 5424 2400 5478 μου
2430 5401 2576 5479 παρὰ
2605 5406 2701 5456 σοῦ
2733 5401 2895 5458 ἐστιν.
2928 5425 2958 5454 ››
2987 5433 3057 5445 —
3094 5401 3193 5456 Kal
3240 5399 3434 5456 λοιπὸν
3479 5396 3562 5458 τίς

1910 5499 1946 5568 ἡ
1979 5493 2135 5557 ἐλπίς
2169 5514 2273 5568 μου
2297 5512 2311 5562 ;

1984 5571 2012 5638 ί(
2042 5583 2378 5661 Ἐκωφώθην
2437 5580 2528 5635 καὶ
2578 5579 2676 5634 οὐκ
2723 5577 2913 5651 ἤνοιξα
2955 5580 3017 5636 τὸ
3073 5579 3250 5654 στόμα
3300 5599 3427 5653 μου,
3478 5573 3562 5630 ὅτι

1916 5674 1978 5731 σὺ
2010 5673 2292 5740 ἐποίησας.
2324 5696 2351 5724 ››
2384 5703 2453 5713 -—-
2476 5671 2600 5727 Ὅτι
2659 5669 2719 5724 σὺ
2776 5671 3180 5748 παρεχώρησας
3214 5662 3563 5735 ὀνειδίζεσθαί

1920 5785 1986 5840 με
2016 5758 2252 5832 δηλαδή.

1991 5877 2020 5908 ‹‹
2054 5853 2140 5910 Ἐν
2196 5848 2450 5930 ἐλεγμοῖς
2535 5848 2668 5930 ὑπὲρ
2718 5848 2946 5928 ἀνομίας
2995 5845 3307 5912 ἐπαίδευσας
3364 5841 3573 5927 ἄνθρωο
