3988 6440
456 461 615 531 1455

1709 458 2132 522 NICEPHORI
2179 459 2615 522 BLEMMIDE

3712 459 3834 520 ιλιι

454 609 577 646 πον.
609 612 639 642 ››
674 617 737 636 =
794 595 878 644 Ἐν
933 592 1051 651 τοῖς
1111 585 1201 644 διὰ
1255 588 1443 661 πείρας
1500 586 1753 664 ἐλέγχοις
1810 610 1908 644 σου
1963 587 2104 644 ἐσω-
2131 588 2355 664 Απρὸς
2438 589 2661 654 θυσίαν·
2732 585 2917 666 εἷ’ρηκε
2990 589 3115 665 γὰρ,
3187 612 3210 641 ι
3281 590 3482 668 Πάτερ,
3543 587 3759 667 ἤγγικεν
3807 591 3834 661 ἦ

458 676 710 754 φρόνισας
786 678 1092 754 ἄνθρωπον,
1165 677 1202 747 ἢ
1273 678 1348 739 ὡς
1416 675 1515 751 ἐμὲ
1585 674 1759 733 ἕνεκεν
1860 676 2106 751 ἀνομίας*

459 763 700 839 ἠνόμισα
727 764 854 841 γάρ.

532 878 562 907 ‹‹
597 854 693 909 Καὶ
724 853 971 925 έξέτηξας
1000 855 1077 918 ὡς
1117 854 1362 932 ἀράχνην
1389 857 1489 925 τήν
1523 856 1708 931 ψυχὴν
1766 854 1951 912 αὐτοῦ.
1986 879 2016 908 ››
2042 887 2112 898 -

462 943 548 1000 Ἐν
577 948 694 1005 τοῖς
722 948 1046 1019 πειρασμοῖς
1073 940 1365 1006 ἐλέπτυνας
1395 943 1553 999 αὐτὸν
1586 944 1662 1006 ὡς
1713 945 1815 1013 τήν
1864 941 2108 1020 ἀράχνην

460 1034 526 1088 τὸ
557 1030 789 1110 ζωύφιον
800 1076 812 1088 .

539 1146 567 1175 ‹‹
598 1120 755 1190 Πλὴν
806 1120 982 1194 μάτην
1031 1124 1352 1198 ταράσσεται
1380 1128 1487 1186 πᾶς
1517 1119 1825 1199 ἄνθρωπος.
1858 1146 1889 1174 ››
1920 1154 1989 1164 -—
2014 1123 2113 1179 Διά

462 1216 625 1269 τοῦτο
671 1207 883 1285 ψευδῶς
948 1216 1054 1274 πᾶς
1100 1211 1383 1287 ἄνθρωπος
1446 1210 1661 1268 σπεύδει
1709 1209 1965 1279 δηλονότι
2019 1212 2111 1267 καὶ

466 1300 804 1379 ἀγωνίζεται.

536 1413 567 1443 ‹‹
596 1389 928 1449 Εἰσάκουσον
977 1394 1078 1457 τῆς
1125 1394 1440 1465 προσευχῆς
1493 1409 1625 1462 μου,
1668 1387 1850 1465 Κύριε,
1881 1388 1971 1445 καὶ
2008 1390 2109 1458 τῆς

463 1476 700 1549 δεήσεώς
735 1499 861 1552 μου,
885 1477 1129 1532 ἐνώτισαι
1157 1480 1265 1533 τῶν
1299 1474 1546 1553 δακρύων
1582 1498 1710 1551 μου,
1736 1479 1813 1552 μή
1838 1498 2111 1553 τιαρασιιυ·⁵

459 1569 660 1642 πήσῃς.
695 1590 727 1619 ι)
753 1598 825 1610 —-
850 1565 998 1621 ’Δντὶ
1025 1570 1124 1621 τοῦ
1152 1564 1405 1644 παρίδῃς·
1437 1562 1734 1645 ἀδιάφορος
1772 1566 2043 1632 κάνταῦθα
2070 1568 2106 1636 ἡ

463 1657 703 1729 σύνταξις
732 1655 809 1717 ὠς
838 1652 1155 1731 πολλαχοῦ,

534 1769 564 1799 ‹‹
596 1748 715 1800 ’Ότι
745 1746 1009 1821 πάροικος
1040 1743 1149 1819 ἐγώ
1193 1742 1308 1818 εἶμι
1362 1745 1509 1820 παρά
1563 1744 1671 1817 σοὶ,
1728 1746 1818 1800 καὶ
1874 1745 2105 1822 παρεπί-

463 1832 665 1909 δημος,
702 1834 882 1898 καθὼς
940 1831 1133 1893 πάντες
1181 1832 1234 1888 οἱ
1289 1832 1513 1909 πατέρες
1572 1855 1699 1907 μου.
1758 1859 1788 1887 ››
1850 1868 1917 1878 -
1968 1836 2105 1891 Κάτ-

466 1943 616 1987 οικος
676 1923 771 2000 μέν
828 1921 941 1996 εἶμι
998 1921 1137 1997 πρὸς
1190 1920 1318 1983 τοὺς
1374 1922 1695 1999 ἀνθρώπους
1733 1924 1880 2000 παρά
1934 1923 2020 1979 σοὶ
2050 1921 2109 1979 δὲ

464 2015 750 2090 πάροικοςσ
782 2015 879 2066 σοῦ
906 2012 1012 2088 γὰρ
1062 2008 1416 2073 κελεύσαντος
1450 2015 1549 2068 τοῦ
1606 2010 1805 2089 Κυρίού
1854 2019 1955 2083 τῆς
2009 2020 2113 2091 γῆς

468 2101 870 2178 μετοικίζομαι.

538 2215 569 2245 ‹‹
599 2194 754 2252 "Ave:
816 2209 932 2263 μοι,
958 2185 1048 2243 ἵνα
1099 2187 1347 2263 ἀναψύξω
1403 2189 1511 2267 πρὸ
1564 2193 1662 2245 τοῦ
1720 2211 1789 2264 με
1834 2189 2113 2264 ἀπελθέῖν,

465 2280 555 2337 καὶ
584 2278 762 2334 οὐκέτι
792 2277 856 2332 οὐ
890 2278 965 2352 μή
1001 2276 1244 2354 ὑπάρξω.
1283 2301 1314 2330 ››
1340 2311 1411 2322 —-
1440 2278 1526 2334 Ἐν
1552 2278 1632 2353 τῷ
1673 2279 1781 2354 βίῳ
1808 2279 1986 2356 τούτῳ
2016 2278 2119 2349 δη-

467 2366 633 2440 λαδή.

1062 2479 1357 2530 ΨΔΛΜΟΣ
1396 2480 1519 2531 ΛΘ’.

540 2608 569 2637 (ι
600 2582 697 2646 Εἰς
724 2583 790 2637 τὸ
842 2578 1022 2652 τέλος,
1050 2584 1133 2653 τῷ
1173 2578 1337 2637 Δαυῒδ
1394 2579 1638 2656 ψαλμός.
1672 2604 1703 2634 ››
1732 2615 1802 2626 -
1830 2585 2119 2662 Προσώπῳ

464 2679 565 2742 τῆς
596 2669 920 2738 Ἐκκλησίας
972 2675 1082 2725 τῶν
1138 2675 1475 2746 Χριστιανῶν
1534 2670 1966 2748 εύχαριστούσης
2023 2674 2118 2748 μὲν

467 2760 548 2836 ἐφ’
578 2762 661 2823 οἷς
715 2759 925 2833 ἠξιώθη
984 2765 1083 2828 τῆς
1137 2758 1287 2822 θοίας
1345 2764 1595 2835 χάριτος,
1629 2757 1892 2834 δεομένης
1920 2760 1977 2817 δὲ
2026 2764 2116 2819 καί

466 2849 591 2925 περὶ
619 2853 728 2906 τῶν
759 2845 1196 2921 ἐπανισταμένων
1224 2846 1362 2921 αὐτῇ
1386 2846 1678 2925 τυράννων.

542 2962 573 2992 α
602 2935 911 3012 Ὑπομένων
989 2933 1251 3009 ὑπέμεινα
1321 2935 1415 2991 τὸν
1490 2936 1708 3011 Κύριον,
1784 2938 1873 2993 καὶ
1948 2959 2116 3015 προσ-

469 3029 601 3104 έσχε
628 3048 745 3101 μοι,
773 3024 864 3082 καὶ
894 3024 1179 3095 εἶσήκουσε
1229 3030 1331 3094 τῆς
1380 3020 1616 3095 δεήσεώς
1666 3047 1792 3099 μου.
1828 3051 1857 3078 ››
1886 3060 1954 3072 —-
1981 3028 2116 3092 Τοὺς

474 3116 761 3193 μεγίστους
826 3111 1108 3176 κινδύνους
1187 3112 1459 3176 τοιούτοις
1515 3115 1568 3168 οἱ
1626 3116 1780 3171 παιοὶ
1857 3117 2116 3191 ὀνόμασιν

473 3205 641 3278 ὑπεσή
652 3223 863 3280 μαινον.

541 3320 563 3349 ι
599 3293 706 3402 Καὶ
753 3292 990 3402 ἀνήγαγε
1044 3310 1112 3364 με
1168 3288 1230 3346 ἐκ
1302 3288 1503 3402 λιάκκευ
1552 3293 1948 3402 Ἴταλαιειτωρὲας
2021 3297 2111 3353 καὶ
2145 3334 2189 3402 C

465 3383 571 3440 ἀπὸ
600 3379 787 3450 πηλοῦ
819 3380 995 3443 ἰλύος.
1028 3403 1058 3433 »
1091 3412 1161 3422 ——
1187 3380 1437 3435 Τουτέστι
1468 3380 1655 3448 πηλοῦ
1714 3381 1985 3448 ἰλυώδους
2021 3387 2112 3442 καὶ

466 3469 767 3535 δυσώδους.

543 3585 571 3618 α
600 3561 698 3617 Καὶ
727 3558 947 3627 ἔστησεν
976 3557 1067 3613 ἐπὶ
1097 3559 1291 3613 πέτναν
1318 3559 1444 3621 τοὺς
1472 3557 1643 3623 πόδας
1676 3583 1802 3634 μου.
1832 3585 1861 3614 ››
1896 3596 1962 3608 -
1993 3563 2114 3618 Ἐπὶ

459 3653 560 3722 τὴν
590 3648 884 3730 ἀσφάλειαν
910 3655 1013 3718 τῆς
1059 3647 1295 3711 πίστεως
1337 3649 1426 3703 καὶ
1472 3646 1678 3725 ἥδρασέ
1728 3671 1815 3724 με,
1848 3649 1987 3707 ὥστε
2035 3653 2113 3727 μὴ

460 3737 771 3796 κλονεῖσθαι
795 3742 912 3800 τοῖς
942 3740 1270 3814 πειρασμοῖς
1282 3780 1295 3793 .

529 3852 561 3882 ι(
592 3826 695 3883 Καὶ
748 3824 1041 3889 κατεύθυνε
1087 3826 1157 3881 τὰ
1186 3820 1501 3900 διαϐήματά
1535 3849 1659 3902 μου.
1694 3851 1724 3881 υ
1753 3861 1825 3871 -
1850 3830 1865 3850 ⁸
1905 3827 2116 3901 πέδειξέ

466 3938 563 3995 μοι
588 3917 690 3986 τὴν
715 3922 815 3986 τῆς
843 3913 1119 3990 σωτηρίας
1150 3912 1296 3972 ὀδόν.

533 4030 563 4060 ‹‹
594 4004 695 4061 Καὶ
724 3999 973 4060 ἐνέϐαλεν
1005 4003 1082 4067 είς
1111 4004 1174 4058 τὸ
1203 4003 1379 4077 στόμα
1407 4025 1512 4078 μου
1543 4005 1690 4080 ᾆσμα
1717 4007 1925 4077 καινὸν,
1945 4006 2111 4082 ὕμνον

460 4100 541 4170 τῷ
569 4098 687 4168 Θεῷ
711 4095 893 4168 ἡμῶν.
928 4115 959 4145 ι)
984 4124 1053 4137 --
1080 4095 1157 4167 Τῇ
1187 4091 1344 4167 καινῇ
1374 4093 1561 4170 χάριτι
1607 4095 1691 4149 κεὶ
1735 4101 1857 4159 ταῖς
1901 4102 2114 4159 καιναῖς

465 4183 793 4264 εὐεργεσίαις
818 4186 917 4238 τοῦ
950 4187 1211 4258 Σωτῆρος
1240 4179 1558 4258 ἐπιπρεπὲς.

536 4298 565 4328 (ι
593 4276 859 4349 “Οψονται
888 4268 1117 4341 πολλοὶ,
1145 4269 1236 4326 καὶ
1283 4265 1708 4349 φοϐηθήσονται,
1757 4273 1847 4328 καὶ
1893 4271 2114 4330 ἐλπιοῦ-

459 4386 542 4422 σιν
568 4363 658 4420 ἐπὶ
687 4361 906 4439 Κύριον.
938 4384 968 4414 ››
1001 4393 1070 4405 -
1095 4362 1356 4434 Ὄψονται
1384 4360 1450 4416 τὰ
1476 4362 1730 4437 τεράστια
1753 4366 1853 4418 τοῦ
1909 4363 2111 4439 Κυρίου

458 4455 550 4511 κάὶ
580 4448 984 4533 φοϐηθήσονται
1013 4450 1105 4505 τὸν
1136 4448 1458 4527 ἐνεργοῦντα
1486 4455 1673 4509 ταῦτα.

529 4541 868 4619 «Μακάριος
922 4540 1083 4616 ἀνὴρ,
1142 4539 1205 4595 οὗ
1266 4538 1375 4595 ἐστι
1433 4540 1496 4595 τὸ
1553 4536 1728 4615 ὄνομα
1784 4541 1986 4617 Κυρίου
2016 4540 2109 4598 ἐλ-

456 4634 551 4697 πὶς
597 4632 789 4691 αὐτοῦ.
833 4654 857 4684 ι
890 4630 1058 4684 -Τὸ
1109 4624 1283 4703 ὄνομα
1339 4628 1537 4706 Κυρίου
1585 4629 1703 4686 ἀντὶ
1755 4635 1875 4700 τοῦ,
1925 4632 1956 4688 ὁ
2004 4631 2109 4691 Κύ-

494 4743 599 4786 ιος.

458 4742 942 4887 ρι(ίῗζΔπήγγειλα
1013 4807 1105 4864 καὶ
1168 4807 1434 4881 ἐλάλησα,
1503 4806 1914 4877 ἐπληθύνθησαν
1973 4810 2108 4887 ὑπὲρ

459 4899 711 4976 ἀριθμόν.
744 4922 775 4952 »
804 4931 875 4941 —-
924 4895 1285 4974 Διηγησάμην
1334 4894 1524 4952 πολλά
1568 4919 1670 4952 σου
1721 4899 2011 4972 θαυμάσια,
2044 4898 2108 4955 ού

462 4991 570 5065 μὴν
596 4991 664 5045 τὰ
690 4986 883 5045 πάντα·
913 4992 1034 5050 πῶς
1061 4988 1163 5064 γὰρ
1193 4984 1228 5040 ἃ
1255 4986 1346 5042 καὶ
1390 4986 1521 5063 ὑπὲρ
1567 4988 1667 5057 τὴν
1717 4986 1966 5064 ἀπειρίαν
2008 4993 2107 5045 τοῦ

457 5079 694 5157 ἀριθμοῦ
722 5076 1152 5145 ἐπληθύνθησαν.

532 5167 782 5223 «Θυσίαν
840 5166 931 5222 καὶ
997 5166 1308 5244 προσφορὰν
1370 5164 1471 5219 οὐκ
1526 5163 1816 5235 ἠθέλησας·
1873 5168 1985 5224 ὦτα
2049 5165 2108 5224 δὲ

455 5256 764 5333 κατηρτίσω
798 5277 913 5329 μοι.
933 5280 953 5307 ι
970 5288 1041 5299 --
1068 5255 1144 5309 Τά
1172 5252 1408 5319 ἐντεῦθεν
1440 5254 1719 5329 προσώπῳ
1744 5258 1843 5310 τοῦ
1872 5258 2106 5332 Χριστοῦ

452 5346 589 5423 πρὸς
640 5346 733 5401 τὸν
792 5344 1003 5422 Πατέρα
1081 5342 1355 5419 λέγοντος,
1410 5365 1440 5394 ‹‹
1499 5339 1931 5416 Ἃπεδοκίμασας
2001 5347 2103 5416 τὴν

448 5435 686 5510 νομικὴν
746 5433 951 5499 θυσίαν,
982 5437 1141 5505 σῶμα
1198 5429 1255 5486 δέ
1314 5452 1407 5505 μοι
1464 5430 1856 5497 κατεσκεύασας
1910 5432 1971 5488 ἐκ
1996 5439 2106 5490 τῶν

447 5526 783 5603 παρθενικῶν
828 5521 1093 5596 αίμάτων.
1133 5544 1161 5572 ››
1216 5524 1379 5576 ⁹Ὠστε
1433 5524 1597 5576 τοῦτο
1652 5520 1784 5598 ὑπὲρ
1841 5529 1942 5592 τῆς
1994 5527 2103 5579 τῶν

450 5614 756 5690 ἀνθρώπων
783 5613 1005 5681 τυθῆναι
1037 5609 1334 5683 σωτηρίας.

494 5729 552 5759 ιι(
582 5703 713 5759 Τότε
766 5701 937 5757 εἶπον·
994 5696 1136 5757 Ἰδοὺ
1190 5696 1332 5767 ἥκω.
1359 5720 1388 5747 ››
1445 5727 1517 5740 —-
1567 5695 1700 5752 Τότε
1754 5696 1843 5754 ὅτε
1895 5701 1964 5756 τὰ
2018 5723 2104 5758 νο-

450 5796 589 5879 μικὰ
645 5790 858 5871 θύματα
912 5785 1292 5864 ἐπηυδόκησας
1366 5784 1515 5842 εἶπον
1574 5784 1709 5869 ἐγώ·
1767 5785 1907 5844 Ἰδοὺ
1976 5788 2100 5864 ἤκω

2232 675 2259 698 ﬂ

2220 698 2356 753 ωρα.
2392 703 2419 731 >)

2291 790 2319 818 ‹‹
2350 770 2433 821 Ἑν
2467 764 2719 844 κεφαλίδι
2762 761 2980 843 βιϐλίου
3032 766 3325 844 γέγραπται
3372 769 3505 845 περὶ
3554 767 3713 842 ἐμοῦ.
3738 794 3764 821 »
3789 802 3835 812 —

2219 849 2414 910 Βιϐλία
2492 854 2741 931 λέγονται
2814 856 2884 911 τά
2954 855 3370 931 συγίράμματα·
3447 855 3739 936 κεφαλίδες
3796 856 3837 913 ἃ

2216 943 2288 998 τὰ
2315 943 2622 1017 είλητάρια,
2653 943 2703 1000 ἐν
2740 946 2822 1009 οἷς
2868 946 2921 1000 οὶ
2969 940 3213 1021 Ἑϐραῖοι
3262 945 3586 1002 συνέταττον
3635 947 3703 1002 τὰ
3740 968 3838 1023 σεγο

2218 1034 2517 1108 γράμματα
2541 1038 2646 1088 τῶν
2680 1032 2953 1090 παλαιῶν.
2982 1033 3156 1104 Φησὶν
3206 1031 3298 1089 οὗν
3342 1036 3431 1091 Ἑν
3479 1032 3737 1115 κεφαλίδι
3775 1036 3835 1110 βι-

2219 1115 2401 1194 ϐλίου,
2434 1119 2693 1193 δηλονότι
2732 1127 3111 1201 προφητικῶς,
3142 1147 3171 1175 ‹‹
3200 1124 3327 1200 περὶ
3372 1131 3477 1194 τῆς
3532 1123 3676 1197 ἐμῆς
3718 1124 3837 1179 οἰκο-

2218 1208 2413 1284 νομίας
2443 1210 2764 1287 γέγραπται·
2798 1236 2828 1264 ››
2852 1216 3208 1284 περιεκτικῶς
3235 1214 3338 1290 γὰρ
3366 1213 3459 1269 καὶ
3507 1217 3733 1290 γενικῶς
3766 1214 3836 1277 τὶς

2216 1298 2511 1378 κεφαλίδας
2537 1298 2802 1378 κεφαλίδα
2828 1298 3042 1378 εἴρηκεν
3053 1344 3067 1359 .

2292 1412 2321 1440 ‹‹
2350 1393 2456 1444 Τοῦ
2485 1392 2711 1459 ποιῆσαι
2736 1390 2799 1446 τὸ
2830 1388 3049 1465 θέλημά
3077 1411 3195 1463 σου,
3229 1392 3260 1447 ὁ
3288 1391 3418 1455 Θεός
3474 1414 3615 1466 μου,
3644 1386 3840 1462 ἐϐουλή·

2219 1489 2339 1548 θην.
2391 1502 2420 1529 ››
2468 1511 2538 1521 --
2584 1478 2682 1535 Καὶ
2736 1479 2802 1535 τὸ
2867 1484 2969 1535 τοῦ
3020 1480 3271 1556 περιττὸν
3329 1480 3541 1537 τίθεται
3610 1481 3845 1544 κάνταῦθα

2218 1565 2399 1643 ὥσπερ
2428 1568 2520 1622 καὶ
2548 1565 2867 1644 πολλαχοῦ.

2290 1681 2317 1707 ‹‹
2350 1658 2448 1711 Καὶ
2477 1657 2569 1711 τὸν
2600 1657 2767 1730 νόμον
2800 1679 2895 1712 σου
2928 1656 2981 1712 ἐν
3012 1657 3161 1731 μέσῳ
3188 1664 3290 1727 τῆς
3316 1656 3544 1721 κοιλίας
3591 1679 3714 1731 μου.
3743 1682 3769 1710 ιν
3794 1688 3846 1700 -ο

2218 1745 2316 1800 Καὶ
2344 1746 2439 1808 τὰς
2467 1744 2692 1808 ἐντολάς
2721 1767 2819 1801 σου
2843 1746 2897 1801 ἐν
2932 1745 3082 1820 μέσῳ
3108 1753 3208 1817 τῆς
3236 1744 3461 1823 καρδίας
3501 1769 3637 1823 μου,
3667 1745 3843 1804 τουτέσ-

2213 1855 2320 1905 τιν,
2355 1832 2654 1911 ὀλοψύχως
2681 1829 3005 1906 ἠϐουλήθην
3037 1841 3287 1905 ποιῆσαι.

2290 1921 2746 1999 Εύηγγελισάμην
2779 1921 3127 1995 δικαιοσύνην
3158 1923 3212 1980 ἐν
3252 1924 3527 1999 ἐκκλησίᾳ
3580 1926 3797 2002 μεγάλῃ.
3820 1949 3837 1980 ι

2221 2044 2291 2055 -
2319 2011 2677 2083 Δικαιοσύνην
2724 2013 2787 2068 τὸ
2834 2011 3164 2089 Εύαγγέλιον
3210 2012 3424 2091 εἴρηκεν
3498 2015 3584 2078 ὡς
3639 2013 3842 2071 δικαιοῦν

2220 2101 2350 2163 τοὺς
2404 2100 2777 2165 πιστεύοντας*
2835 2102 2897 2157 τὸ
2970 2099 3019 2157 δ’
3090 2100 3224 2160 αὐτὸ
3291 2102 3382 2158 καὶ
3455 2102 3725 2176 ἀλήθειαν
3776 2104 3843 2161 καὶ

2222 2192 2492 2264 σωτήριον
2520 2187 2699 2253 ἕλεος.

2299 2303 2328 2332 ‹‹
2360 2278 2435 2334 Σὺ
2503 2277 2581 2350 δὲ,
2648 2278 2832 2357 Κύριε,
2881 2281 2958 2353 μή
3024 2278 3300 2356 μακρύνῃς
3356 2282 3491 2345 τοὺς
3566 2282 3848 2359 οἰκτιρμοᾶ

2224 2390 2321 2425 σου
2353 2369 2445 2424 ἀπ’
2474 2368 2632 2442 ἐμοῦ.
2665 2393 2695 2421 ››
2725 2402 2795 2414 -
2820 2369 2897 2424 Τὰ
2923 2367 3163 2425 ἐντεῦθεν
3193 2372 3481 2447 προσώπῳ
3510 2374 3621 2443 τῆς
3644 2377 3745 2428 τῶν
3777 2393 3847 2425 m-

2225 2461 2362 2513 στῶν
2397 2456 2598 2529 Ἐκκλη
2608 2457 2746 2521 σίας.

2297 2568 2328 2598 ι(
2360 2539 2671 2602 Κατέλαϐόν
2727 2566 2795 2619 με
2838 2546 2896 2599 αἱ
2938 2543 3161 2619 ἀνομίαι
3207 2567 3338 2619 μου,
3383 2547 3476 2602 καὶ
3527 2547 3632 2604 οὐκ
3684 2546 3851 2619 ἠδυνή-

2227 2634 2326 2704 θην
2368 2638 2467 2712 τρῦ
2514 2632 2754 2710 βλέπειν.
2789 2657 2819 2686 υ
2849 2667 2920 2677 --
2964 2634 3280 2706 Σκοτίζουσι
3327 2636 3434 2712 γὰρ
3480 2638 3541 2692 οἱ
3586 2637 3853 2715 πειρασμοὶ

2223 2722 2357 2787 τοὺς
2385 2724 2606 2798 νοεροὺς
2636 2721 2979 2802 ὀφθαλμούς.

2297 2836 2326 2864 ‹‹
2361 2814 2423 2867 Ἥ
2470 2810 2664 2889 καρδία
2712 2833 2817 2886 μου
2866 2810 3185 2889 ἐγκατέλιπέ
3240 2835 3328 2887 με.
3382 2839 3413 2866 ››
3443 2848 3515 2856 —
3560 2815 3707 2870 Οὕτω
3748 2820 3849 2876 τοῖς

2223 2908 2551 2977 πειρασμοῖς
2619 2900 2969 2974 ἐξησθένησα,
3035 2902 3111 2964 ὡς
3194 2899 3373 2960 δοκεῖν
3450 2902 3597 2978 μηδὲ
3651 2901 3838 2976 καρδίαν

2227 3013 2393 3049 εγειν.

2294 3013 2393 3049 ειν.

2253 3012 2327 3133 χα
2358 3078 2692 3151 Εύδόκησον.
2746 3080 2928 3157 Κύριε,
2975 3085 3074 3135 τοῦ
3123 3079 3383 3157 ῥύσασθαί
3447 3103 3535 3155 με.
3584 3106 3603 3133 ι
3649 3112 3712 3124 -
3746 3078 3832 3137 Θέ-

2227 3170 2398 3241 λησον
2456 3167 2830 3245 λυτρώσασθαί
2880 3190 2948 3244 με
2992 3176 3092 3240 τῆς
3134 3173 3242 3224 τῶν
3286 3176 3613 3245 πειρασμῶν
3638 3189 3844 3225 κατω-

2227 3259 2503 3337 ριεύσεως.

2298 3372 2327 3401 ‹‹
2355 3348 2884 3425 Καταισχυνθείησαν
2929 3348 3019 3403 καὶ
3066 3347 3458 3425 ἐντραπείησαν
3510 3350 3631 3423 ἅμα
3674 3350 3724 3405 οἱ
3770 3354 3859 3418 ζη-

2224 3441 2443 3500 τοῦντες
2472 3438 2572 3505 τὴν
2632 3438 2816 3513 ψυχήν
2876 3456 2981 3509 μου
3028 3441 3125 3491 τοῦ
3175 3435 3354 3513 ἐξᾶραι
3407 3437 3609 3509 αὐτήν.
3642 3465 3671 3491 υ
3702 3436 3864 3495 -Ἰὸ

2226 3528 2341 3600 ἅμα
2367 3524 2486 3581 ἀντὶ
2513 3529 2634 3596 τοῦ,
2664 3526 2779 3580 κατ’
2810 3524 2971 3580 αὐτὸν
3001 3523 3215 3588 πάντες.

2299 3638 2328 3666 ‹‹
2359 3613 2459 3669 Καὶ
2513 3614 2815 3670 εἰπάτωσαν
2874 3612 3183 3686 διαπαντὸς,
3214 3613 3634 3692 Πεγαλυνθήτω
3690 3617 3724 3671 ὁ
3776 3615 3867 3671 Κύ-

2225 3724 2364 3779 ριος,
2416 3704 2469 3758 οἱ
2516 3702 2829 3780 ἀγαπῶντες
2860 3705 2924 3758 τὸ
2971 3702 3243 3778 σωτήριόν
3291 3725 3412 3763 σου.
3448 3729 3479 3757 n
3510 3739 3593 3750 —
3640 3708 3709 3762 Οἱ
3749 3707 3872 3781 ἀγι-

2222 3798 2433 3857 πῶντες
2478 3793 2578 3863 τήν
2626 3792 2751 3869 περὶ
2800 3797 2898 3847 σοῦ
2945 3792 3218 3871 σωτηρίαν
3279 3793 3370 3849 καὶ
3439 3796 3522 3869 μὴ
3590 3797 3701 3866 τὴν
3760 3794 3868 3870 παρ’

2221 3881 2540 3959 ἀνθρώπων.

2293 3996 2323 4024 «
2354 3970 2562 4043 Βοηθός
2623 3991 2730 4045 μου
2808 3969 2900 4027 καὶ
2984 3970 3384 4047 ὗπερασπιστής
3449 3993 3566 4047 μου
3616 3974 3671 4030 εἶ
3719 3974 3799 4046 σὺ,
3846 3972 3872 4026 ὁ

2222 4060 2353 4123 Θεός
2406 4082 2531 4134 μου,
2566 4062 2642 4133 μή
2697 4060 2978 4136 χρονίσῃς.
3028 4085 3057 4113 ››
3106 4093 3176 4103 -
3224 4063 3313 4130 Μὴ
3367 4060 3656 4138 βραδύνῃς
3706 4062 3784 4125 εἷς
3822 4061 3873 4116 τὸ

2226 4151 2327 4226 βοη
2338 4156 2491 4220 θῆναι
2526 4170 2645 4223 μοι.

2832 4314 3127 4369 ΨΔΛΜΟΣ
3166 4311 3253 4368 Μ’.

2292 4476 2323 4504 ‹‹
2350 4451 2445 4515 Εἰς
2480 4452 2545 4507 τὸ
2590 4449 2754 4514 τέλος
2798 4450 3018 4526 ψαλμὸς
3061 4455 3141 4525 τῷ
3187 4448 3374 4509 Δαυίδ.
3408 4476 3433 4508 ι
3469 4486 3544 4495 —-
3589 4454 3874 4511 Φιλοπτω-

2217 4541 2343 4619 χίαν
2376 4539 2616 4597 διδάσκει
2642 4541 2733 4596 καὶ
2763 4539 2844 4596 είσ
2872 4541 3101 4618 Χριστὸν
3123 4540 3597 4621 ἀναφέρεται,’καὶ
3626 4545 3755 4622 περὶ
3790 4548 3875 4612 τῆς

2216 4634 2313 4686 τοῦ
2343 4627 2519 4686 Ἰούδα
2546 4626 2806 4707 προλέγει
2837 4627 3188 4693 ἀποστασίας.

2136 4708 2183 4774 ἶ.)
2286 4744 2316 4773 ‹‹
2347 4719 2625 4795 Μακάριος
2680 4719 2709 4773 ὁ
2766 4718 2961 4775 συνιὼν
3012 4717 3102 4774 ἐπὶ
3157 4720 3384 4797 πτωχὸν
3446 4720 3543 4777 καὶ
3594 4724 3824 4795 πένητα.
3847 4742 3870 4773 ι

2216 4842 2284 4852 -
2313 4809 2385 4864 Τὸ
2439 4809 2633 4864 συνιὼν
2688 4812 2861 4863 κεῖται
2920 4806 3145 4864 ἐνταῦθα
3201 4808 3320 4864 ἀντὶ
3378 4814 3499 4883 τοῦ,
3565 4808 3703 4869 δέον
3755 4824 3873 4890 φρῦ-
3986 4814 3988 4881 ῗ

2214 4919 2319 4954 νων
2329 4941 2343 4955 .

2288 5012 2318 5040 ‹‹
2351 4988 2437 5042 Ἐν
2493 4985 2678 5063 ἡμέρᾳ
2729 4988 2944 5061 πονηρᾷ
3000 4985 3211 5063 ῥύσεται
3266 4985 3427 5042 αὐτὸν
3484 4988 3514 5043 ὁ
3582 4991 3815 5068 Κύριος.
3856 5012 3878 5039 ι

2214 5110 2285 5120 --
2314 5075 2548 5152 Ἥμέραν
2607 5075 2851 5152 πονηρὰν
2908 5073 3158 5149 ὀνομάζει
3199 5075 3330 5139 τούς
3378 5096 3438 5132 τε
3485 5080 3736 5155 καιροὺς
3786 5082 3873 5133 τῶν

2214 5169 2552 5242 πειρασμῶν,
2602 5164 2693 5220 καὶ
2751 5165 2851 5233 τὴν
2902 5170 3005 5233 τῆς
3057 5162 3375 5237 μελλούσης
3426 5165 3681 5243 κρίσεως
3726 5166 3874 5245 ὥραν

2211 5257 2311 5325 τήν
2345 5254 2597 5311 ἐπίπονον
2629 5258 2745 5316 τοῖς
2778 5251 3154 5328 ἁμαρτωλοῖς.

2291 5369 2311 5396 ι
2346 5344 2542 5418 Κύριος
2587 5340 2815 5420 φυλάξαι
2866 5342 3026 5397 αὐτὸν
3073 5342 3164 5397 καὶ
3206 5344 3363 5414 ζήσαι
3409 5341 3607 5415 αὐτὸν,
3642 5346 3742 5401 καὶ
3794 5364 3877 5418 μσ-

2211 5433 2426 5510 καρίσαι
2457 5430 2615 5487 αύτὸν
2645 5431 2696 5486 ἐν
2743 5434 2813 5505 τῇ
2860 5435 2931 5507 γῇ
2976 5432 3066 5486 καὶ
3118 5434 3194 5506 μὴ
3243 5429 3523 5509 παραδοίη
3586 5433 3765 5491 αὐτὸν
3813 5432 3875 5490 εἷς

2213 5527 2406 5598 χεῖρας
2438 5519 2649 5596 ἐχθρῶν
2696 5517 2881 5578 αὐτοῦ.
2922 5544 2944 5572 ι
2977 5552 3049 5564 --
3072 5520 3145 5574 Τὸ
3197 5522 3354 5592 ζήσαι
3402 5520 3525 5576 ἀντὶ
3576 5527 3691 5578 τοῦ
3754 5527 3876 5592 ζωο-

2212 5612 2460 5682 ποιήσαι·
2504 5615 2606 5685 γῆν
2662 5605 2720 5663 δὲ
2785 5606 2972 5664 πολλά
3035 5611 3129 5665 τὸν
3194 5610 3450 5686 οὐράνιον
3515 5614 3720 5689 χῶρον
3792 5630 3876 5665 uo

2214 5701 2321 5758 λεῖ.

2286 5812 2317 5842 ι(
2344 5785 2543 5866 Κύριος
2599 5786 2867 5866 βοηθήσαι
2914 5786 3063 5862 αύτῷ
3106 5787 3195 5846 ἐπὶ
3261 5787 3465 5862 κλίνης
3531 5784 3750 5861 ὀδύνης
3794 5785 3882 5842 αὖ·
