3988 6442
182 394 341 485 ua":

1414 417 1831 485 EXPOSITIO
1873 419 1954 484 IN
1995 417 2384 487 PSALMOS.

3446 424 3605 492 1458

178 555 303 610 τοῦ.
349 573 381 605 η
423 580 498 596 --
538 545 748 620 Κλίνην
793 544 995 621 ὀδύνης
1051 547 1185 629 φησὶ
1241 549 1342 622 τὴν
1417 549 1834 629 ὑποδεχομένην
1865 558 1922 624 Α
1952 555 2243 630 Προσώπῳ
2318 559 2426 611 τῶν
2514 554 3067 633 αἰχμαλωτισθέντων
3145 555 3225 621 είς
3303 552 3603 617 Βαϐυλῶνα

180 642 276 699 τὸν
311 637 676 715 ὀδυνώμενον.

254 754 285 784 κ
316 730 490 801 ’Ὀλην
541 731 643 799 τήν
691 726 882 796 κοίτην
931 727 1099 784 αὐτοῦ
1148 726 1409 804 ἔστρεψας
1455 730 1508 785 ἐν
1558 734 1627 805 τῇ
1657 729 1839 808 ἀῤῥω-

676 850 747 863 ---
791 817 991 889 Κοίτην
1049 817 1180 896 φησί
1231 818 1330 888 τήν
1382 817 1720 876 κατάκλισιν⁶
1775 819 1839 875 τὸ
1949 819 2324 879 ἐπισπεύδονττ
2383 825 2443 881 ’ὸν
2502 823 2739 883 ὀνειδί...
2798 847 2852 881 σι
2912 826 3127 899 μᾶλλον
3186 828 3237 882 οἱ
3313 825 3593 903 δαίμονες.

183 905 245 964 δὲ
302 906 561 984 ἔστρεψας
614 905 733 963 ἀντὶ
815 910 914 962 τοῦ
982 907 1250 983 στρέψεις,
1311 903 1483 962 εἶ’τουν
1558 905 1838 978 ἀλλάξεις,

180 819 308 893 στίᾳ
360 819 542 876 αὐτοῦ.
595 842 627 872 ››

1953 640 2219 708 θεοσεϐῶν
2300 642 2509 722 ἀνδρῶν
2594 645 2988 726 ἐκπεφώνηται·
3075 647 3302 725 ἁρμόζει
3382 647 3441 707 δὲ
3507 649 3599 707 καὶ

1949 733 2110 788 παντὶ
2166 737 2562 792 κακοπαθοῦντι
2618 739 2710 791 τὸν
2791 738 2919 793 Θεὸν
2996 736 3085 793 καὶ
3155 739 3255 809 τὴν
3339 738 3596 796 ἀνάλυσιν

1949 909 2229 987 Ἰορδάνης
2268 911 2327 969 δὲ
2358 913 2705 992 ἑρμηνεύεται
2735 922 2805 992 γῆ
2834 915 3119 988 κατωτάτη
3150 917 3242 973 καὶ
3272 918 3597 994 Ἐρμονιεὶμ

183 996 292 1054 ἀπὸ
341 1003 565 1073 νοσερᾶς
613 996 691 1059 εἷς
741 997 1002 1071 ὑγιεινήν.
1034 994 1219 1058 Οὕτως
1271 993 1329 1051 δέ
1374 997 1711 1053 συντακτέον.
1746 997 1834 1054 Ἐν
1943 999 2112 1064 τόπος
2143 999 2346 1073 λύπης.

181 1086 254 1162 τῇ
309 1085 589 1164 ἀρρωστίᾳ
642 1085 808 1140 αὐτοῦ
863 1085 1000 1140 κατὰ
1056 1085 1150 1141 τὸν
1225 1085 1412 1160 καιρὸν
1480 1090 1584 1155 τῆς
1656 1084 1835 1161 ἀρῥω-

2021 1091 2168 1144 «Ὃν
2224 1091 2426 1166 τρόπον
2486 1090 2739 1158 ἐπιποθεῖ
2791 1096 2825 1163 ἡ
2880 1090 3080 1175 ἔλαφος
3136 1093 3225 1151 ἐπὶ
3280 1095 3379 1160 τὰς
3408 1099 3594 1174 πηγὰς
3668 1158 3671 1165 ,

185 1174 336 1261 οτίας
393 1174 560 1231 αὐτοῦ
606 1174 683 1238 εἷς
725 1174 790 1228 τὸ
834 1173 1095 1236 παντελὲς
1138 1175 1241 1244 τὴν
1303 1172 1618 1229 κατάκλισιν
1670 1173 1834 1229 αὐτοῦ
1940 1182 2051 1235 τῶν
2112 1176 2342 1253 ὑδάτων,
2403 1180 2575 1243 οὕτως
2620 1180 2871 1247 ἐπιποθεῖ
2924 1184 2960 1253 ἡ
2995 1172 3173 1259 ⁷ψυχή
3209 1204 3315 1257 μου
3343 1183 3483 1261 πρὸς
3507 1172 3591 1254 σὲ,

183 1260 456 1338 ἀλλάξεις.

1942 1267 1971 1321 6
2023 1267 2176 1331 Θεός.
2239 1293 2262 1324 n
2325 1301 2394 1314 —
2447 1270 2518 1325 Τὸ
2575 1268 2844 1341 ἐπιποθεῖ,
2904 1270 3021 1327 ἀντὶ
3072 1277 3173 1326 τοῦ
3229 1269 3447 1329 σπεύδει
3500 1271 3590 1328 καὶ

253 1376 284 1405 ‹‹
317 1354 458 1430 Ἐγὼ
489 1352 632 1408 εἶπα.
664 1350 848 1429 Κύριε,
881 1350 1105 1422 ἐλέησόν
1169 1373 1256 1425 με,
1291 1348 1434 1407 ῗασαι
1485 1352 1585 1421 τὴν
1643 1353 1830 1428 ψυχήν
1942 1354 2231 1433 ἐπείγεται.
2292 1360 2434 1435 Πρὸς
2489 1360 2548 1414 σὲ
2604 1356 2681 1430 δὲ,
2743 1360 2836 1415 τὸν
2887 1361 3139 1417 οἰκοῦντα
3169 1358 3375 1433 δηλαδὶ
3405 1361 3457 1416 ἐν
3488 1363 3591 1417 ’[ε-

181 1461 309 1515 μου,
341 1440 425 1497 ὅτι
453 1438 703 1517 ἤμαρτόν
736 1461 842 1497 σοι.
876 1462 906 1493 ›)
936 1472 1007 1483 --
1033 1442 1115 1498 Τὰ
1163 1440 1400 1506 ἐντεῦθεν
1448 1442 1623 1496 πάντα
1663 1461 1830 1521 προσ-

178 1531 315 1604 ώπῳ
381 1534 483 1588 τοῦ
550 1534 787 1607 Χριστοῦ
861 1527 1267 1606 ἀναδεχομένου
1338 1530 1414 1593 εἷς
1491 1529 1677 1585 ἑαυτὸν
1728 1530 1825 1592 τὰς

177 1618 448 1696 ἁμαρτίας
476 1621 657 1693 ἡμῶν.

248 1733 278 1762 ‹‹
311 1709 374 1764 Οἱ
426 1706 618 1786 ἐχθροί
668 1728 774 1782 μου
825 1707 976 1763 εἶπον
1022 1707 1162 1763 κακά
1213 1729 1326 1782 μοι.
1381 1732 1411 1760 ››
1459 1741 1528 1751 -
1555 1712 1660 1763 Τοῦ
1716 1715 1819 1764 Κυ-

180 1797 298 1874 ρίου
325 1796 518 1876 ἐχθροὶ
550 1796 603 1852 οἱ
635 1792 910 1853 Ἰουδαῖοι·
940 1797 1080 1853 κακὰ
1109 1793 1186 1870 δὲ,
1221 1796 1439 1874 ῥήματα
1468 1794 1725 1868 δηλονότι
1752 1797 1822 1852 τὰ

177 1906 409 1958 πονηρα.

250 1907 277 1941 ν
355 1907 409 1944 α.

250 1907 453 2035 «ηΙςότε
495 1974 865 2047 ἀποθανεῖται,
915 1974 1008 2030 καὶ
1053 1973 1340 2031 ἀπολεῖται
1387 1975 1452 2030 τὸ
1500 1973 1677 2049 ὄνομα
1729 1973 1823 2030 αὐ-

172 2068 272 2129 τοῦ
297 2083 313 2135 ;
341 2062 442 2120 Καὶ
497 2065 546 2119 εὶ
594 2062 963 2141 εἰσεπορεύετο
1011 2067 1109 2120 τοῦ
1160 2061 1311 2120 ἰδεῖν.
1359 2087 1390 2118 ››
1440 2096 1508 2108 -
1556 2063 1686 2138 Περὶ
1726 2068 1825 2119 τοῦ

174 2151 354 2211 Ἰούδα
400 2153 562 2232 φησὶν
595 2151 677 2208 ὅτι
714 2177 737 2205 ι
787 2154 1098 2230 Ελσήρχετο
1146 2148 1270 2210 ἔνθα
1310 2152 1655 2230 κατηγόμην,
1686 2151 1825 2208 ὥστε

177 2239 308 2299 ἰδεῖν
339 2243 387 2298 εἰ
416 2239 558 2298 ἔστιν
590 2240 835 2319 εὐκαιρία
857 2239 947 2297 ἵνα
980 2262 1049 2316 με
1075 2239 1322 2319 παραδῷ.
1364 2267 1392 2295 ››

248 2331 495 2402 «Μάτην
553 2327 762 2388 ἐλάλει.
793 2354 823 2385 ›ι
874 2362 943 2375 -
1001 2332 1187 2403 Μάτην
1247 2330 1481 2407 ἐμελέτα
1535 2332 1571 2401 ἡ
1628 2328 1823 2408 καρδία

168 2420 335 2477 αὐτοῦ
366 2419 549 2485 λαθεῖν
582 2440 651 2493 με
677 2419 768 2475 τὸν
790 2417 1251 2497 καρδιογνώστην.

242 2534 272 2563 α
303 2511 367 2570 Ἦ
394 2510 589 2590 καρδία
625 2510 793 2567 αὐτοῦ
839 2513 1136 2587 συνήγαγεν
1185 2511 1410 2584 ἀνομίαν
1461 2510 1657 2583 ἐαυτῷ.
1689 2532 1718 2563 ››
1751 2542 1821 2554 -

169 2599 339 2659 Οὐδὲν
395 2601 575 2681 ἔτερον
631 2603 692 2658 ἐκ
742 2609 844 2672 τῆς
899 2596 1201 2670 ἐπιϐουλῆς
1274 2597 1581 2677 ἐκέρδησεν,
1642 2600 1678 2668 ἢ
1734 2598 1817 2655 ὅτι

170 2687 515 2768 ἐθησαύρισεν
549 2692 628 2755 εἰς
659 2691 847 2747 ἑαυτὸν
878 2688 1127 2763 ἀνομίαν.

249 2801 280 2833 ιι
308 2779 689 2858 Ἐξοπορεύετο
720 2776 824 2852 ἔξω
859 2781 951 2835 καὶ
982 2777 1167 2834 ἐλάλει
1198 2776 1287 2832 ἐπὶ
1313 2778 1376 2833 τὸ
1400 2776 1551 2835 αὐτό.
1588 2800 1618 2831 »
1650 2810 1720 2822 ικ-
1746 2777 1818 2833 Τὸ

170 2866 257 2924 ἐπὶ
281 2868 349 2924 τό
380 2869 511 2926 αὐτὸ
540 2871 659 2926 ἀντὶ
686 2873 805 2942 τοῦ,
837 2869 980 2941 ὁμοῦ
1008 2866 1192 2930 αὐτοῖς
1221 2871 1338 2930 τοῖς
1364 2866 1610 2943 ἐχθροῖς.

241 2982 270 3009 ‹‹
302 2960 426 3015 Κατ’
458 2958 594 3032 ἐμοῦ
620 2956 926 3035 ἐψιθύριζον
968 2956 1161 3018 πάντες
1194 2956 1247 3010 oi
1276 2954 1468 3032 ἐχθροί
1517 2977 1643 3029 μου.
1677 2980 1706 3009 ››
1749 2990 1817 3002 -

171 3047 243 3102 Τὸ
274 3045 592 3122 ἐλογίζοντο
616 3046 735 3103 ἀντὶ
762 3051 861 3103 τοῦ
889 3042 1163 3119 ἐμελέτων
1191 3044 1281 3099 καὶ
1313 3040 1690 3101 ἐϐουλεύοντο.

247 3156 272 3186 ι
300 3135 476 3213 Λόγον
548 3135 864 3213 παράνομον
929 3132 1208 3191 κατέθεντο
1254 3133 1371 3189 κατ’
1444 3133 1601 3208 ἐμοῦ.
1651 3158 1682 3189 ››
1747 3168 1818 3179 -

1939 1444 2249 1519 ρουσαλήμ.
2312 1448 2398 1503 Ἐν
2456 1442 2747 1505 Βαϐυλῶνι
2795 1450 2900 1526 γὰρ
2957 1449 3057 1505 οὐκ
3111 1445 3286 1523 ᾤοντο
3343 1450 3586 1527 ἐντυχεῖν

1939 1538 2019 1607 τῷ
2046 1534 2161 1608 θεῷ
2195 1532 2285 1591 διὰ
2310 1537 2409 1606 τὴν
2437 1539 2538 1607 τῆς
2569 1538 2759 1613 χώρας
2790 1535 3268 1615 εἷδωλολατρείαν.

2008 1664 2038 1694 ‹‹
2070 1639 2355 1717 Ἐδίψησεν
2387 1645 2422 1714 ἡ
2453 1645 2607 1720 ψυχή
2646 1664 2755 1720 μου
2801 1646 2939 1719 πρὸς
2976 1647 3069 1702 τὸν
3112 1646 3241 1703 Θεὸν
3293 1645 3388 1702 τὸν
3450 1650 3583 1717 ζῶν-

1928 1751 2016 1812 τα.
2052 1754 2074 1782 ι
2110 1764 2178 1775 -
2206 1731 2278 1786 Τὸ
2308 1728 2585 1808 ἐδίψησεν,
2616 1732 2737 1789 ἀντὶ
2772 1739 2871 1790 τοῦ
2927 1734 3339 1810 ἐπιθυμητικῶς
3397 1734 3578 1812 ἔσχεν.

1922 1805 2176 1897 ’ἰσχυρὸν
2213 1817 2274 1877 δὲ
2333 1805 2508 1891 ζῶντα
2563 1821 2710 1900 λέγει
2758 1824 2849 1879 τὸν
2910 1824 3038 1881 Θεὸν
3234 1824 3363 1889 τοὺς
3420 1805 3576 1891 ἀσθε-

1855 1914 2042 1994 Βνεῖς
2097 1909 2189 1965 καὶ
2239 1910 2462 1989 νεκροὺς
2519 1912 2675 1976 θεοὺς
2727 1916 2835 1969 τῶν
2894 1909 3281 1972 Βαϐυλῶνίῶν.
3352 1913 3466 1973 Μία
3522 1912 3583 1971 δὲ

1932 1996 2023 2053 καὶ
2053 2000 2090 2070 ἡ
2144 1998 2280 2070 αὐτή
2338 1996 2515 2056 ἔννοια
2567 2005 2667 2057 τοῦ
2721 2022 2781 2057 τε
2832 2001 3097 2080 παρόντος
3146 2002 3335 2081 ῥητοῦ,
3366 2004 3458 2060 καὶ
3483 2007 3582 2060 τοῦ

1932 2084 2135 2153 ἅνῶθεν
2184 2087 2513 2167 ὁπ’ἀγγέλου
2571 2085 2957 2167 δεδιδαγμένου
3012 2091 3148 2167 ἡμὶν
3206 2092 3381 2167 ὕμνου
3436 2113 3585 2170 τρισ-

1930 2172 2087 2251 αγίου
2118 2175 2197 2240 είς
2226 2177 2377 2233 Θεόν.

2004 2288 2034 2317 ‹‹
2090 2264 2232 2322 Ηότε
2311 2263 2427 2338 ἥξω
2499 2269 2590 2324 καὶ
2650 2267 2960 2347 ὀφθήσομαι
3016 2274 3097 2342 τῷ
3152 2272 3433 2348 προσώπῳ
3482 2275 3580 2327 τοῦ

1930 2357 2084 2411 Θεοῦ.
2120 2378 2248 2406 ››-
2303 2355 2444 2412 Πότε
2497 2356 2612 2428 ἥξω
2668 2357 2807 2435 πρὸς
2863 2359 2954 2414 τὸν
3012 2360 3160 2428 ναὸν,
3216 2357 3308 2416 καὶ
3352 2359 3576 2439 ἐμφανι-

1928 2444 2199 2517 σθήσομαι
2227 2448 2308 2518 τῷ
2337 2444 2478 2518 Θεῷ.

2001 2553 2031 2585 ιι
2062 2533 2321 2610 Ἐγενήθη
2351 2534 2421 2588 τὰ
2475 2530 2681 2611 δάκρυά
2735 2556 2839 2608 μου
2894 2535 3021 2609 ἐμοὶ
3078 2534 3261 2614 ἄρτος.
3323 2560 3353 2590 ››
3392 2539 3579 2601 -Ὠς

1928 2620 1957 2675 6
1987 2616 2148 2695 ἄρτος
2176 2627 2289 2684 τοῖς
2318 2622 2647 2699 ἀνθρώποις,
2681 2623 2856 2687 οὕτως
2878 2625 3048 2698 κάμοὶ
3082 2626 3151 2681 τὰ
3180 2623 3385 2704 δάκρυα
3438 2628 3574 2698 ἦσαν

1929 2709 2123 2787 ὀρεκτά
2151 2708 2242 2766 καῖ
2272 2712 2633 2787 ἀπαραίτητα.

1998 2823 2027 2851 ‹‹
2057 2803 2231 2856 Ταῦτα
2283 2800 2558 2873 ἐμνήσθην
2613 2801 2704 2856 καὶ
2762 2801 2948 2879 ἐξέχεα
3005 2803 3189 2877 ἐπ’ἐμὶ
3242 2806 3343 2875 τῆν
3388 2808 3574 2883 ψυχήν

1930 2908 2120 2961 μου.»
2152 2921 2218 2932 -
2272 2893 2447 2945 Ταῦτα
2502 2891 2568 2945 τὰ
2619 2887 2801 2962 ὀνείδη
2861 2895 2966 2946 τῶν
3019 2890 3202 2968 ἐχθρῶ
3233 2891 3567 2968 ἐνεθυμήθην

1925 2974 2015 3031 καί
2044 2977 2329 3054 ἐχαύνῶσα
2356 2976 2408 3033 ἐν
2466 2978 2589 3052 ἐμοὶ
2645 2980 2745 3048 τήν
2803 2982 2988 3056 ψυχήν
3037 3002 3162 3055 μου,
3192 2981 3574 3058 παραλελυμέ-

1924 3086 2022 3135 νην
2054 3067 2145 3120 καὶ
2176 3066 2287 3121 οἷον
2320 3063 2666 3143 διαρῥέουσαν
2697 3070 2929 3140 ποιήσας
2956 3067 3142 3140 αὐτήν.

2004 3176 2027 3205 α
2059 3156 2176 3210 Ὅτι
2208 3152 2555 3229 διελεύσομαι
2614 3155 2665 3211 ἐν
2721 3155 2877 3231 τόπῳ
2930 3163 3159 3228 σκηνῆς.
3216 3182 3244 3210 ››
3294 3159 3457 3216 -Τὸ
3485 3155 3570 3216 ὅτι

173 3224 514 3323 ἕατῖιγορξαν
530 3222 716 3323 ᾖξυδῆ
748 3223 1130 3323 συνξσκεέσξῗαγ
1178 3223 1294 3278 κατ(
1324 3221 1481 3297 ἐμοῖν
1533 3222 1680 3278 εἶπον
1710 3224 1814 3299 γὰρ
1846 3293 1889 3323 η
1930 3238 2285 3321 βεϐαιωτικρν
2335 3263 2348 3277 ·
2407 3221 2738 3323 προφητεύει
2814 3221 2918 3323 γάρ
2973 3221 3103 3316 τῆν’
3133 3244 3409 3305 ἐπάνοδον.
3470 3249 3570 3304 Καὶ

169 3309 251 3367 ὅτι
275 3313 374 3369 ἆ...
403 3315 495 3370 τὸν
527 3308 701 3390 ὄχλον
730 3313 867 3369 κατᾶ
892 3315 990 3367 τοῦ
1020 3309 1304 3386 Καίσαρος.

238 3424 270 3454 (ι
300 3402 389 3472 Μὴ
422 3403 453 3457 ὁ
496 3404 845 3476 κοιμώμενος
899 3399 1033 3475 οὐχὶ
1080 3400 1374 3476 προσθήσει
1420 3402 1519 3455 τοῦ
1568 3398 1811 3470 ἀποστῆ-

164 3508 290 3561 ναι;
323 3513 354 3544 ››
385 3524 454 3536 --
510 3493 673 3567 'Apa,
732 3489 977 3569 φησὶν,ὁ
1028 3489 1209 3545 ὑπνῶν
1269 3487 1370 3544 οὐκ
1423 3487 1809 3564 ἐγερθήσεται;

162 3579 318 3656 κάγὼ
373 3581 568 3652 θανὼν,
600 3578 773 3643 οὕτως
832 3576 1075 3641 εὐκόλως
1110 3576 1579 3659 ἐξαναστήσομαι,
1630 3577 1812 3656 ὥσπερ

163 3667 512 3743 ἐκοιμώμην.
1538 3693 1540 3695 ’

237 3781 266 3812 ‹‹
296 3756 398 3815 Καί
451 3760 553 3835 γὰρ
602 3758 631 3814 6
681 3758 966 3835 ἄνθρωπος
1008 3759 1113 3826 τῆς
1194 3754 1419 3832 εἷρῆνης
1472 3777 1578 3830 μου
1626 3755 1710 3835 ἐφ’
1751 3757 1810 3813 ὃν

171 3842 395 3916 ἤλπισα.
432 3871 462 3899 »
495 3879 563 3890 —
606 3847 678 3901 T6
726 3846 830 3923 γὰρ
878 3843 1175 3922 παρέλκον·
1221 3845 1354 3923 φησὶ
1406 3842 1483 3917 δὲ,
1523 3845 1597 3901 Οὐ
1647 3846 1810 3920 μόνον

166 3935 220 3991 οἱ
249 3934 437 4012 ἐχθροί
469 3957 594 4010 μου,
630 3934 777 3991 ἀλλὰ
803 3934 893 3990 καὶ
923 3934 953 3989 6
983 3934 1268 4011 ἄνθρωπος
1295 3940 1398 4004 τῆς
1437 3933 1624 4014 φιλίας
1683 3955 1809 4009 μου,

165 4021 337 4099 ἤγουν
369 4026 399 4080 6
447 4019 726 4102 ἀγαπητός
786 4044 911 4099 μου,
970 4023 1028 4078 ὃν
1086 4018 1406 4101 ἀπέτρεφον,
1462 4022 1808 4101 ἐμεγάλυνεν,

163 4110 294 4184 ἤτοι
326 4115 490 4190 μέγαν
519 4113 800 4191 εἰργάσατο
837 4113 954 4168 κατ’
984 4112 1120 4186 ἐμοῦ
1150 4109 1336 4169 δόλον.

239 4226 269 4255 ‹‹
301 4203 379 4257 Σὺ
427 4202 504 4273 δὲ,
552 4201 733 4278 Κύριε,
782 4200 1008 4273 ἐλέησόν
1074 4221 1159 4276 με,
1211 4200 1302 4257 καὶ
1368 4198 1662 4273 ἀνάστησόν
1721 4222 1808 4276 με,

162 4293 255 4348 καὶ
308 4288 682 4349 ἀνταποδώσω
730 4289 935 4354 αὐτοῖς.
971 4314 1002 4343 ››
1031 4321 1102 4334 -ο
1126 4291 1197 4345 Τὸ
1253 4288 1479 4361 ἐλέησον
1533 4291 1625 4347 καὶ
1681 4290 1808 4346 ἀνά-

162 4400 363 4453 στησον
448 4379 930 4457 ἀνθρωποπριπές*
1002 4380 1066 4434 τὸ
1128 4376 1187 4434 δὲ
1251 4377 1620 4436 ἀνταποδώσω
1695 4382 1811 4436 θεο-

158 4470 383 4546 πρεπές.

234 4581 265 4613 ‹‹
295 4559 382 4615 Ἐν
431 4557 612 4632 τούτῳ
663 4556 829 4635 ἔγνων
883 4555 969 4612 ὅτι
1012 4555 1310 4629 τεθέληκάς
1361 4578 1449 4631 με,
1482 4556 1567 4613 ὅτι
1615 4556 1678 4612 οὐ
1729 4559 1804 4632 μὴ

1922 3327 2088 3387 τόπον
2153 3333 2247 3407 μὲν
2307 3340 2511 3404 σκηνῆς
2563 3334 2654 3389 τὸν
2710 3335 2835 3390 ναὸν
2885 3333 3064 3409 καλεῖ,
3135 3341 3268 3392 Θεοῦ
3327 3333 3385 3392 δὲ
3419 3342 3569 3394 οῖκον

1918 3422 1988 3476 τὰ
2015 3419 2202 3480 ἄδυτα.

1999 3533 2022 3562 ι
2054 3517 2232 3589 ’Ήχου
2265 3510 2649 3588 ἑορταζόντωνο
2684 3534 2714 3564 ››
2740 3545 2809 3555 -
2835 3513 2907 3568 Τὸ
2937 3513 3296 3591 ἑορταζόντων
3328 3514 3445 3571 ἀντὶ
3473 3520 3571 3572 τοῦ

1923 3599 2293 3678 ἐορταστικοῦ.

2000 3711 2023 3740 ι
2057 3692 2340 3765 Σωτήριον
2372 3694 2470 3745 τοῦ
2498 3691 2795 3768 προσώπου
2830 3712 2957 3765 μου,
2985 3691 3076 3747 καὶ
3108 3693 3137 3748 6
3184 3691 3319 3757 Θεός
3377 3715 3504 3768 μου.
3539 3718 3569 3747 ››

1924 3811 1990 3821 -
2017 3783 2125 3848 Τῆς
2154 3777 2372 3854 ὕστερον
2407 3777 2704 3855 εὐεργεσίας
2730 3784 2827 3834 τοῦ
2885 3784 3019 3835 Θεοῦ
3080 3782 3334 3854 μνησθεὶς
3390 3779 3569 3853 ἡδέως

1921 3864 2257 3923 ἐπικαλεῖται
2310 3866 2495 3936 αὐτὸν,
2523 3867 2717 3945 λέγων·
2784 3889 2807 3918 ι
2840 3869 2907 3922 Ὦ
2965 3868 3207 3946 σωτηρία
3268 3892 3373 3945 μου
3402 3872 3492 3927 καὶ
3522 3871 3569 3926 ὦ

1920 3955 2051 4018 Θεός
2085 3977 2212 4028 μου.
2246 3979 2277 4008 ››

1993 4067 2023 4096 ‹‹
2054 4045 2197 4121 Πρὸς
2248 4043 2478 4116 ἐμαυτὸν
2524 4046 2560 4114 ἡ
2608 4047 2763 4122 ψυχή
2813 4066 2918 4120 μου
2966 4045 3262 4124 ἐταράχθη.
3302 4072 3324 4100 ο
3368 4081 3438 4093 --
3482 4055 3566 4106 Ἐν

1919 4133 2158 4207 ἐμαυτῷ,
2193 4135 2266 4208 μή
2298 4153 2447 4197 τινος
2474 4137 2585 4190 τῶν
2631 4131 2736 4208 ἕξω
2789 4136 2890 4205 τήν
2947 4133 3130 4207 λύπην
3184 4138 3567 4212 γινώσκοντος.

1920 4222 2230 4298 Ἐταράχθη
2289 4219 2349 4278 δὲ
2396 4219 2487 4277 διά
2532 4243 2592 4278 τε
2619 4223 2716 4287 τὰς
2774 4223 3040 4300 ἁμαρτίας
3072 4246 3201 4299 μου,
3231 4226 3322 4281 καὶ
3351 4223 3442 4282 διὰ
3465 4227 3566 4297 τῆν

1923 4308 2232 4388 βραδυτῆτα
2258 4318 2359 4381 τῆς
2388 4309 2517 4368 ἐπαν
2526 4309 2675 4370 όδου.

1989 4399 2147 4455 «Διὰ
2199 4403 2362 4455 τοῦτο
2412 4401 2767 4475 μνηθήσομαί
2821 4422 2917 4457 σου
2987 4402 3049 4458 ἐκ
3128 4408 3233 4478 γῆς
3289 4400 3566 4480 Ἰορδάνου

1916 4488 2007 4542 καὶ
2064 4488 2386 4565 Ἐρμονιεὶμ
2440 4489 2546 4545 ἀπὸ
2602 4484 2766 4566 ὅρους
2823 4495 3043 4567 μικροῦ.
3077 4516 3102 4547 ι
3134 4524 3206 4536 -
3253 4490 3352 4547 Διᾶ
3402 4496 3565 4549 τοῦτο

1916 4580 2010 4632 νῦν
2037 4572 2366 4652 θλιϐόμενος
2397 4579 2755 4652 μνημονεύσω
2782 4586 2887 4649 τῆς
2933 4578 3058 4657 περὶ
3115 4582 3267 4653 ἡμᾶς
3320 4578 3564 4655 κηδεμο-

160 4646 429 4744 ἒπιᾉαρῇῌ
451 4646 507 4744 δ’
537 4646 732 4744 ἒγθρό(
787 4667 891 4744 PP”
949 4644 1030 4744 af“
1238 4668 1267 4744 ’ζ
1293 4645 1809 4744 -ς--ξΐὸγτξθέληδξαξ
1842 4659 1887 4724 D
1916 4664 2033 4728 νίας
2090 4644 2217 4721 σου.
2242 4666 2330 4744 ἀφ’
2357 4644 2432 4721 (ἶέν
2596 4668 2668 4740 τῇ
2722 4670 2796 4743 γῇ
2824 4644 2925 4738 τῆς
2956 4644 3284 4743 ἐπαγγελίας
3318 4644 3566 4739 ἀπηλαύ-

161 4733 283 4791 ἀντὶ
331 4738 433 4790 τοῦ
478 4734 787 4813 ἠγάπησας
821 4733 1020 4810 ἐχθρὸς
1072 4731 1132 4789 δέ
1175 4733 1267 4789 καὶ
1308 4734 1337 4789 6
1364 4730 1626 4796 Ἰουδαῖος
1656 4735 1747 4790 καὶ
1778 4736 1808 4791 6

161 4818 445 4888 διάϐολος.

239 4934 269 4968 ι
297 4914 469 4988 Ἐμοῦ
499 4909 558 4969 δὲ
584 4910 677 4969 διὰ
721 4914 821 4983 τήν
872 4911 1092 4969 ἀκακίαν
1139 4906 1458 4969 ἀντελάϐου.
1493 4936 1523 4965 ››
1551 4944 1622 4956 --
1650 4913 1809 4970 Ἀκα-

159 5002 284 5060 κίαν
312 5003 413 5072 τὴν
439 5001 706 5080 ἁμαρτίαν
737 5003 902 5060 εἶπεν.

241 5116 265 5146 ι
296 5091 397 5149 Καὶ
429 5086 759 5155 ἐϐεϐαίωσάς
793 5112 860 5166 με
890 5089 1120 5148 ἐνώπιόν
1168 5112 1263 5147 σου
1312 5089 1387 5155 εἷς
1429 5091 1521 5147 τὸν
1554 5091 1744 5148 αἰῶνα.
1780 5115 1811 5146 ››

159 5214 234 5226 —-
263 5179 513 5256 Ἴδρυσας
543 5183 690 5256 παρᾶ
716 5184 924 5253 σεαυτῷ
953 5180 1054 5238 ἁεί.

240 5293 272 5325 ιι
300 5269 621 5347 Εὐλογητὸς
654 5269 851 5347 Κύριος
883 5270 912 5325 6
941 5270 1071 5334 Θεὸς
1106 5268 1324 5348 Ἰσραὴλ
1355 5269 1462 5326 ἀπὸ
1488 5274 1587 5325 τοῦ
1615 5269 1813 5334 αἶ’ῶνος

157 5359 256 5416 καὶ
307 5358 384 5423 εἰς
438 5379 532 5416 τον
578 5358 771 5416 αἰῶνα.
818 5358 1058 5432 Γένοιτο,
1103 5357 1336 5435 γένοιτο.
1370 5382 1400 5412 ››
1425 5390 1496 5403 -—
1542 5360 1599 5414 Ὀ
1648 5357 1811 5415 Δαυϊδ

166 5450 328 5522 ὑμνεῖ
393 5452 493 5504 τοῦ
564 5447 836 5504 Δεπότου
926 5449 1025 5518 τὴν
1107 5442 1520 5526 συγκατάϐασιν,
1590 5448 1653 5518 ἣν
1721 5449 1813 5504 καὶ

165 5536 568 5612 ἐπιτεταμένως
599 5536 909 5614 ἐπεύχεται.

745 5655 1040 5710 ΨΑΛΜΟΣ
1079 5653 1209 5709 MA'.

243 5772 276 5805 ι(
304 5748 404 5814 Εἰς
445 5749 511 5807 τὸ
547 5742 708 5815 τέλος
756 5748 835 5815 εἲς
884 5747 1092 5806 σύνεσιν
1140 5753 1258 5815 τοῖς
1307 5749 1449 5814 υἱοῖς
1496 5751 1655 5829 Κορέ.
1686 5774 1717 5805 ››
1746 5785 1816 5796 -

1919 4774 2085 4829 σαμεν
2162 4756 2389 4831 ἀγαθῶν·
2456 4756 2561 4811 ἀπὸ
2631 4755 2734 4832 γὰρ
2798 4759 2897 4812 τοῦ
2967 4754 3241 4833 Ἰορδάνου
3309 4756 3400 4812 καὶ
3464 4761 3564 4813 τοῦ

1920 4842 2244 4920 Ἐρμονιεὶμ
2313 4838 2497 4921 ὄρους,
2552 4840 2678 4915 ἤτοι
2739 4848 2839 4901 τοῦ
2909 4845 3162 4922 Δυρμὼν,
3217 4849 3390 4901 πᾶσαν
3462 4845 3564 4917 τὴν

1916 4930 2177 4988 Ἰουδαίαν
2209 4931 2505 5005 ἐδήλωσεν.

1992 5044 2021 5073 ‹‹
2051 5017 2323 5085 ’Ἁϐυσσος
2400 5017 2628 5078 ἄϐυσσον
2682 5021 3016 5078 ἐπικαλεῖται
3074 5022 3152 5087 εἷς
3216 5024 3402 5102 φωνὴν
3456 5026 3565 5080 τῶν

1920 5109 2303 5188 καταῤῥακτῶν
2360 5131 2479 5169 σου.
2532 5135 2562 5164 ››
2593 5144 2663 5155 —-
2691 5109 3129 5184 Ἀλλεπάλληλα
3181 5116 3275 5169 νῦν
3329 5113 3398 5168 τὰ
3454 5110 3563 5169 δει-

1919 5198 2002 5255 νά’
2043 5202 2078 5270 ἡ
2130 5199 2232 5276 γάρ
2289 5195 2521 5263 ἄϐυσσος
2576 5204 2686 5255 τῶν
2743 5204 3035 5279 συμφορῶν
3095 5201 3277 5278 ἐτέραν
3334 5196 3564 5258 ἄϐυσσον

1918 5286 2304 5365 προσκαλεῖται
2362 5288 2439 5352 εἷς
2490 5286 2727 5363 ὀδυρμὸν
2792 5291 2979 5364 ὑμῶν,
3034 5294 3143 5346 τῶν
3201 5289 3568 5370 κατεῤῥαγμέ-

1919 5398 2028 5434 νων
2061 5396 2177 5433 σου·
2211 5375 2320 5433 ἔστι
2361 5378 2464 5454 γὰρ
2497 5378 2673 5433 εὐθεῖα
2700 5378 2730 5433 ὁ
2757 5377 3148 5456 καταῤῥακτός.

1994 5508 2024 5538 ‹‹
2058 5484 2257 5546 Πάντες
2304 5484 2361 5538 οἱ
2413 5483 2776 5558 μετεωρισμοί
2813 5507 2930 5556 σου,
2960 5485 3051 5542 καὶ
3094 5487 3161 5542 τὰ
3203 5485 3418 5563 κύματά
3472 5507 3569 5543 σου

1924 5572 2007 5630 ἐπ’
2034 5572 2131 5648 ἐμὲ
2156 5571 2405 5644 διῆλθον.
2436 5596 2464 5627 ››
2496 5606 2566 5616 -—
2594 5573 3015 5653 Μετεωρισμοὺς
3045 5576 3135 5633 καὶ
3165 5574 3381 5652 κύματα
3424 5575 3569 5654 λέγει

1921 5664 2019 5727 τὰς
2050 5661 2426 5725 ἐπαναστάσεις
2453 5665 2563 5719 τῶν
2589 5668 2924 5741 πειρασμῶν,

1998 5776 2029 5808 ι(
2058 5753 2295 5831 Ἠμέρας
2355 5750 2643 5810 ἐντελεῖται
2713 5752 2907 5833 Κύριος
2966 5754 3032 5811 τὸ
3104 5753 3258 5821 ἔλεος
3321 5754 3508 5817 αὐτοῦ.
3538 5780 3572 5812 ››
