3998 6432
503 352 667 422 “59

3660 50 3815 81 ἰι-π-
3830 49 3904 186 ’Ἄ

1760 354 2183 424 NICEPHORI
2226 353 2668 421 BLEMMIDE
3683 368 3778 432 1m

503 522 574 536 —-
602 489 675 547 T6
701 488 911 567 ἡμέρας
937 486 1056 547 ἀντὶ
1081 494 1207 563 τοῦ,
1235 486 1288 547 ἐν
1319 488 1525 568 ἡμέρᾳ,
1578 490 1825 549 τουτέστι
1882 492 2149 571 φανερῶς.
2179 491 2236 558 Α
2262 486 2627 565 ἐργασάμενος
2683 488 2842 555 αὐτὸς
2905 490 2951 548 εἴ
2993 489 3089 548 καὶ
3145 495 3263 562 νῦν,
3305 488 3499 567 ὁμοίως
3551 495 3777 575 βασιλεύων,

504 581 577 636 Τὸ
608 578 666 636 δὲ
693 577 986 636 ἐντελεῖται
1008 580 1125 637 ἀντὶ
1154 585 1252 637 τοῦ
1281 580 1591 640 ἀποστελεῖ.

583 668 739 725 «Καὶ
792 670 954 726 νυκτὸ
1062 666 1122 726 ’δ
1263 669 1277 691 ²
1350 674 1379 686 ”
1674 678 1688 700 ’
2088 673 2117 683 ⁸

959 691 985 733 ς
1043 692 1089 744 ῳ
1125 672 1160 740 ὴ
1218 691 1404 729 αυτου.
1465 694 1495 723 ››
1551 703 1621 715 --
1690 677 1759 727 Εν
1835 669 1984 726 νυκτὶ
2059 690 2149 723 νυν

505 756 691 834 ὖμνῶν
743 758 836 814 τὸν
885 756 1017 816 Θεὸν
1064 757 1155 815 διὰ
1196 761 1260 816 τὸ
1307 759 1359 817 ἐν
1404 761 1587 835 ἡμέρᾳ
1628 764 1728 831 τῆς
1760 758 2011 822 δουλείας
2041 756 2156 813 ἐπί-

510 868 699 921 μονον.

578 961 609 991 ‹‹
639 939 727 993 Ἐν
780 936 860 1011 τῷ
904 937 1279 1017 καταφλᾶσθαι
1335 938 1404 994 τὰ
1452 939 1585 994 ὀστᾶ
1617 960 1743 1013 μου,
1774 935 2050 1006 ὠνείδιζόν
2088 957 2156 1010 με

507 1027 563 1083 οἱ
590 1026 781 1103 ἐχθροὶ
815 1048 941 1100 μου.
975 1051 1006 1080 »
1033 1059 1104 1071 —
1162 1022 1612 1103 Σοντριϐομένων
1670 1032 1779 1083 τῶν
1814 1027 1987 1082 ὀστῶν
2049 1045 2154 1097 μου

508 1111 600 1170 διὰ
653 1118 753 1185 τῆς
829 1116 1162 1195 ἀχθοφορίας
1218 1116 1308 1173 καὶ
1368 1117 1757 1190 μαστιγώσεως
1834 1112 2156 1184 ὀνειδίζουσί

510 1223 579 1277 με
623 1204 676 1259 οἱ
725 1202 917 1281 ἐχθροί
972 1226 1077 1279 μου
1125 1204 1399 1281 λέγοντες,
1426 1209 1540 1260 Ποῦ
1571 1204 1710 1261 ἐστιν
1762 1206 1791 1260 6
1840 1203 1971 1266 Θεός
2018 1221 2152 1272 σου;

1095 1307 1391 1361 ΨΑΛΜΟΣ
1431 1308 1558 1360 MB’.

581 1415 611 1443 «
642 1390 880 1464 Ψαλμὸς
930 1396 1010 1465 τῷ
1059 1389 1246 1448 Δαυῒδ.
1279 1416 1309 1444 ››
1359 1424 1426 1436 —-
1456 1388 1679 1463 Συνᾴδει
1709 1394 1788 1462 τῷ
1813 1390 1922 1466 πρὸ
1969 1389 2155 1462 αὐτοῦ,

507 1487 609 1552 τῆς
638 1479 807 1550 αὐτῆς
836 1479 1046 1544 ἐννοίας
1078 1480 1365 1557 ἐχόμενος.

585 1592 615 1623 ‹‹
644 1569 838 1645 Κρῖνόν
899 1592 985 1644 με,
1017 1570 1047 1625 6
1072 1570 1226 1640 Θεὸς,
1254 1570 1346 1625 καὶ
1413 1567 1632 1625 δίκασον
1686 1570 1787 1639 τήν
1834 1566 1992 1640 δίκην
2026 1585 2155 1642 μου*

508 1658 561 1733 ἑξ
591 1657 776 1724 ἔθνους
823 1657 931 1736 ούχ
984 1658 1155 1731 ὀσίου,
1187 1658 1295 1714 ἀπὸ
1350 1658 1639 1733 ἀνθρώπου
1695 1654 1884 1712 ἀδίκου
1938 1658 2029 1713 καὶ
2067 1654 2160 1713 δο-

509 1747 635 1805 λίου
691 1747 845 1824 ῥῦσαί
905 1769 993 1821 με.
1050 1750 1170 1802 Ὅτι
1229 1746 1293 1803 σὺ
1337 1748 1387 1802 εἴ
1433 1748 1461 1803 6
1490 1748 1620 1810 Θεὸς
1666 1744 1989 1823 κραταίωμά
2030 1766 2166 1820 μου;

510 1842 629 1894 Ἵνα
669 1835 724 1893 τί
766 1836 972 1893 ἀπώσω
1020 1856 1125 1910 με;
1153 1835 1244 1892 καὶ
1286 1834 1380 1891 ἵνα
1422 1836 1476 1890 τί
1504 1837 1909 1911 σκυθωρπάζων
1966 1833 2162 1912 πορεύ-

511 1946 665 2000 ομαι,
716 1924 770 1980 ἐν
813 1926 893 1998 τῷ
939 1920 1208 1981 ἐκθλίϐειν
1251 1923 1343 1980 τὸν
1392 1924 1588 2002 ἐχυρόν
1625 1943 1762 1999 μου;
1804 1947 1833 1976 »
1864 1957 1932 1968 —
1962 1925 2164 1999 Κριτής

506 2018 667 2093 γενοῦ
727 2032 821 2088 μοι
873 2014 1009 2087 μετὰ
1065 2010 1249 2077 ἔθνους
1303 2012 1537 2069 ἀνοσίου·
1570 2016 1606 2083 ἡ
1636 2014 1740 2090 γὰρ
1792 2013 1844 2085 ἐξ
1896 2011 2013 2068 ἀντὶ
2060 2019 2165 2084 τῆς

517 2104 654 2179 μετᾶ
706 2101 907 2165 ἔθνους·
960 2102 1052 2157 καὶ
1108 2101 1316 2157 ἀνόσιοι
1372 2101 1424 2157 οἷ
1482 2097 1828 2159 Βαϐυλώνιοι
1855 2101 1945 2157 καὶ
1977 2099 2166 2176 δαίμο-

511 2212 621 2256 νες.
683 2193 1005 2269 ’Ἄνθρωπος
1072 2187 1131 2246 δὲ
1187 2187 1376 2254 ἄδικος
1425 2190 1455 2246 ὁ
1512 2185 2018 2267 Ναϐουχοδονῶσορ
2074 2190 2164 2246 καὶ

512 2281 543 2337 6
573 2276 857 2344 διάϐολος.

584 2393 615 2423 ‹‹
646 2368 1059 2441 Ἐξαπόστειλον
1086 2369 1150 2424 τὸ
1180 2372 1300 2448 φῶς
1328 2390 1425 2425 σου
1454 2368 1547 2425 καὶ
1576 2370 1677 2439 την
1708 2367 1965 2440 ἀλήθειάν
2000 2390 2165 2441 σου.»

511 2489 583 2503 --
611 2463 738 2521 Φῶς
772 2459 866 2533 μὶν
905 2456 1066 2515 καλεῖ
1098 2460 1199 2529 τὴν
1245 2458 1390 2514 θείαν
1439 2450 2057 2529 ἐπισκοπὴν,,ἀλήθειαν
2109 2455 2168 2514 δὲ

507 2550 609 2618 τὴν
667 2547 933 2619 ἀληθινὴν
991 2548 1270 2625 βοήθειαν.
1324 2544 1704 2624 Ἀναγωγικῶς
1764 2543 1822 2601 δὲ
1886 2550 2003 2625 φῶς
2076 2546 2167 2601 καὶ

511 2635 752 2708 ἀλήθειά
779 2635 918 2693 ἐστιν
950 2635 980 2691 6
1008 2635 1261 2711 Χριστός.

585 2749 617 2778 ››
651 2724 797 2781 Δύτά
827 2746 895 2799 με
922 2721 1213 2802 ὦδήγησαν
1246 2722 1339 2780 καὶ
1369 2721 1578 2802 ἤγαγόν
1614 2745 1682 2799 με
1712 2723 1789 2787 εἰς
1840 2718 1967 2792 ὅρος
2011 2721 2166 2801 ἅγιόν

511 2835 639 2884 σου,
665 2815 757 2871 καὶ
787 2813 863 2877 εἷς
890 2812 959 2870 τὸ,
1004 2812 1340 2889 σκηνώματά
1390 2834 1510 2871 σου.
1543 2837 1573 2867 ››
1601 2847 1671 2856 --
1720 2815 2167 2890 Ἀντιχρονικῶς,

514 2928 545 2957 ‹‹
575 2902 726 2962 Αύτά
757 2924 845 2979 με,
877 2903 1063 2983 φησὶν,
1096 2903 1173 2966 εἰς
1207 2904 1350 2959 Σιὼν
1392 2903 1483 2958 καὶ
1528 2903 1606 2966 εἷς
1651 2903 1743 2958 τὸν
1791 2902 1913 2959 ναὸν
1965 2903 2171 2958 ἀποκα-

515 2993 895 3064 ταστήσουσιν.
927 3016 958 3045 ››
991 2993 1378 3068 ’Δναγωγικῶς
1408 2989 1467 3047 δὲ
1496 2991 1524 3047 6
1555 2992 1784 3068 Χριστὸς
1814 2991 1892 3054 εἷς
1941 2990 2168 3068 οὐρανὸν

519 3079 807 3160 ὁδηγήσει,
838 3082 874 3152 ἢ
907 3077 1016 3154 ἄξει
1044 3079 1171 3142 τοὺς
1200 3078 1445 3143 πιστούς.

588 3194 620 3222 ‹‹
651 3168 753 3225 Καὶ
784 3167 1161 3242 εἰσελεύσομαι
1192 3168 1331 3246 πρὸς
1359 3167 1423 3223 τὸ
1453 3168 1830 3245 θυσιαστήριον
1847 3172 1945 3224 τοῦ
1969 3172 2168 3226 Θεοῦ.»

518 3291 589 3306 -
615 3257 934 3337 Λατρεύσων
964 3256 1112 3332 αύτῷ
1140 3257 1232 3313 καὶ
1261 3257 1458 3314 θύσων.

590 3372 620 3402 ‹‹
652 3347 797 3422 Πρὸς
880 3347 973 3403 τὸν
1046 3347 1175 3403 Θεὸν
1231 3347 1323 3402 τὸν
1377 3345 1733 3426 εὐφραίνοντα
1784 3348 1885 3417 τήν
1943 3346 2174 3419 νεότητά

522 3459 650 3512 μου,
684 3460 715 3490 ιι
751 3469 821 3482 -
864 3434 1111 3509 Νεότητα
1163 3437 1264 3506 τὴν
1317 3436 1498 3509 ἀκμὴν
1544 3443 1649 3507 τῆς
1699 3436 2008 3514 προθυμίας
2057 3436 2175 3492 ἐκά-

519 3524 663 3583 λεσε·
708 3530 1146 3605 περιφραστικῶς
1195 3522 1253 3581 δὲ
1303 3522 1506 3602 εἴρηκε,
1555 3523 1694 3603 πρὸς
1746 3527 1839 3581 τὸν
1898 3526 2027 3581 Θεὸν
2080 3526 2170 3581 τὸν

521 3613 871 3693 εὐφραίνοντα
926 3611 1025 3688 ἐμὲ
1081 3613 1174 3669 τὸν
1227 3610 1541 3685 ἀκμάζοντα
1604 3615 1675 3685 τῇ
1738 3611 2020 3687 προθυμίᾳ
2073 3617 2173 3682 τῆς

519 3701 685 3759 αὐτοῦ
733 3699 1008 3777 λατρείας.
1057 3700 1232 3774 Δηλοῖ
1276 3697 1337 3756 δὲ
1381 3701 1472 3756 καὶ
1514 3701 1614 3771 τήν
1662 3697 1752 3756 διὰ
1803 3700 2174 3777 βαπτίσματος

523 3788 834 3850 ἀνανέωσιν.

988 3868 997 3875 ’
1111 3883 1409 3935 ΨΑΛΜΟΣ
1449 3878 1577 3935 MI".

597 4019 627 4049 «
659 3994 751 4058 Είς
799 3993 865 4051 τὸ
914 3992 1076 4058 τέλος
1122 3998 1241 4057 τοῖς
1282 3993 1423 4056 υἱοῖς
1469 3994 1607 4067 Κορὲ
1654 3992 1731 4056 εἰς
1782 3993 2015 4050 σύνεσιν.
2053 4016 2081 4046 ››
2110 4025 2181 4036 --

524 4085 634 4155 Τὴν
686 4084 993 4162 ἐπιγραφὴν
1053 4085 1083 4139 6
1141 4083 1329 4160 παρὼν
1401 4081 1625 4156 ψαλμὸς
1694 4083 1844 4161 φέρει
1919 4086 2016 4137 τοῦ
2095 4078 2183 4155 μα’

525 4172 771 4248 ψαλμοῦ·
820 4173 1099 4249 προσώπῳ
1137 4169 1197 4227 δὲ
1237 4168 1451 4246 εἷ’ρηται
1494 4175 1603 4227 τῶν
1652 4165 2039 4239 Μακκαϐαίων,
2070 4176 2180 4227 τῶν

527 4260 929 4341 ἀνδρισαμένων
959 4264 1096 4318 κατὰ
1121 4265 1219 4317 τοῦ
1250 4259 1540 4335 Ἀντιόχου
1567 4258 1658 4315 καὶ
1696 4264 1805 4315 τῶν
1860 4256 2181 4316 Μακεδόνων

525 4353 846 4425 πεποιθήσει
970 4350 1047 4414 εἰς
1077 4349 1230 4407 Θεόν.

598 4465 629 4494 ‹‹
660 4441 717 4495 Ὁ
773 4441 924 4513 Θεὸς,
983 4440 1036 4495 ἐν
1088 4444 1208 4503 τοῖς
1281 4435 1411 4493 ὠσῖν
1488 4439 1651 4512 ἡμῶν
1729 4436 2061 4512 ἠκούσαμεν,
2131 4439 2184 4493 οἱ

2264 577 2472 651 ὁμοίως
2500 583 2731 655 κρατῶν.

2335 688 2367 717 (ι
2393 666 2448 719 ’0
2478 665 2872 741 ἐντελλόμενος
2925 668 3020 732 τὰς
3070 669 3338 745 σωτηρίας
3384 667 3575 730 Ἰακώϐ.
3596 696 3619 725 ››
3643 707 3694 718 -
3724 681 3780 732 Διὶ

2258 754 2456 810 τούτου
2509 757 2608 825 τήν
2659 756 2907 813 εὐκολίαν
2953 765 3059 828 τῆς
3106 754 3359 829 ϐοηθείας
3394 757 3647 831 ἐδήλωσεν·
3690 764 3783 840 cipue?

2261 844 2389 920 γὰρ,
2420 845 2575 922 φησί,
2608 843 2774 922 λόγος
2806 867 2901 902 σου
2934 847 3101 921 μόνος
3133 848 3213 911 είς
3256 849 3318 903 τὸ
3363 852 3576 919 σωθῆναι
3616 853 3682 907 τὸν
3714 852 3784 909 ἐπι-

2261 932 2598 1008 γινώσκοντα
2629 932 2780 990 λαόν.

2336 1044 2366 1073 ‹‹
2398 1022 2482 1076 Ἐν
2539 1023 2629 1077 σοὶ
2667 1021 2796 1086 τοὺς
2851 1022 3080 1100 ἐχθροὺς
3134 1027 3296 1098 ἡμῶν
3350 1031 3671 1102 κερατιοῦμεν.
3708 1056 3783 1082 »-

2262 1108 2335 1163 Τὸ
2389 1115 2741 1186 κερατιοῦμεν
2799 1111 2914 1167 ἀντὶ
2969 1117 3068 1167 τοῦ
3148 1113 3609 1189 καταγωνισάμεθα,
3654 1116 3699 1171 ἐκ
3735 1140 3784 1190 με-

2263 1204 2500 1275 ταφορᾶς
2529 1203 2636 1254 τῶν
2664 1206 2782 1263 τοῖς
2810 1200 2994 1277 κέρασι
3026 1200 3331 1278 χρωμένων
3366 1204 3505 1272 ζώων
3533 1203 3595 1265 εἰς
3619 1206 3692 1274 τήν
3722 1211 3783 1261 tim

2266 1287 2577 1344 ἀντιπάλων
2608 1290 2939 1366 καθαίρεσιν.

2343 1401 2366 1429 ιι
2400 1377 2499 1432 Καὶ
2555 1377 2608 1432 ἐν
2664 1383 2745 1452 τῷ
2773 1358 2783 1366 Ι
2815 1378 3048 1453 ὀνόματί
3121 1402 3217 1436 σου
3289 1381 3660 1456 ἐξουδενώσομεν
3712 1386 3787 1445 τοὺς

2269 1462 2721 1537 ἐπανισταμένους
2778 1468 2937 1539 ἡμῖν.
3003 1492 3031 1518 n
3081 1500 3153 1509 —
3210 1466 3383 1523 Μόνον
3433 1468 3654 1541 εἰπόντες,
3696 1495 3716 1522 ιε
3753 1472 3787 1527 ’0

2268 1553 2400 1614 Θεὸς
2453 1557 2556 1607 τοῦ
2587 1554 2829 1629 Ἰσραὴλ,
2860 1578 2891 1608 ››
2925 1554 3420 1635 εὐκαταφρονήτους
3446 1560 3693 1631 ποιήσομεν
3714 1557 3791 1618 τοὺς

2270 1639 2524 1716 ἐχθρούς.

2341 1753 2371 1782 ‹‹
2402 1731 2488 1784 Ἐν
2516 1734 2598 1804 τῷ
2624 1732 2738 1805 Θεῷ
2768 1731 3265 1808 ἐπαινεσθησόμεθα
3291 1734 3420 1806 ὅλην
3464 1735 3549 1804 τὴν
3588 1735 3791 1811 ἡμέραν.-

2268 1850 2338 1862 —-
2364 1818 2486 1874 Ἐπὶ
2514 1818 2595 1893 τῷ
2623 1820 2809 1897 Κυρίῳ
2838 1821 3241 1898 καυχησόμεθα
3274 1820 3561 1886 διαπαντός.

2348 1948 2372 1977 ι
2409 1926 2508 1981 Καὶ
2537 1925 2590 1981 ἐν
2620 1926 2701 2001 τῷ
2730 1927 2959 2002 ὀνόματί
3001 1950 3101 1984 σου
3142 1927 3618 2006 ἐξομολοῃσόμεθα
3650 1929 3705 1990 είς
3740 1929 3795 1982 τὸν

2272 2012 2460 2072 αἰῶνα.
2495 2038 2524 2067 ››
2552 2049 2623 2058 -
2649 2017 2714 2072 Ἦ
2742 2016 2794 2073 ἐν
2844 2017 3100 2093 πρόθεσις
3159 2020 3402 2095 περιττὴ
3432 2019 3549 2097 φησί
3587 2017 3681 2094 γὰρ,
3702 2042 3723 2069 α
3741 2021 3794 2087 Τῷ

2273 2101 2502 2177 ὀνόματί
2533 2126 2629 2161 σου
2659 2107 3131 2183 εύχαριστήσομεν
3166 2104 3256 2163 διὰ
3280 2107 3488 2170 παντός.
3518 2131 3543 2157 n

2352 2214 2381 2248 ι
2409 2192 2512 2250 Καὶ
2564 2194 2665 2250 ούκ
2710 2193 2996 2269 ἐξελεύσει,
3030 2197 3060 2251 6
3091 2196 3244 2260 Θεός.
3296 2222 3320 2251 ι
3362 2229 3425 2239 -
3466 2198 3792 2272 Ἀντιχρονικῶς,

2274 2304 2305 2334 ‹‹
2335 2281 2435 2337 Καὶ
2467 2282 2566 2338 οὐκ
2592 2283 2807 2361 ἐξέρχῃ,
2836 2286 2991 2363 φησὶ,
3021 2286 3091 2341 τὰ
3121 2285 3493 2364 στρατεύματα.
3525 2308 3550 2337 ››

2346 2396 2376 2425 ‹‹
2402 2372 2764 2448 Ἀπέστρεψας
2830 2373 2979 2448 ἡμᾶς
3060 2375 3140 2438 εἷς
3215 2374 3278 2430 τὸ
3343 2374 3501 2429 ὀπίσω
3560 2371 3672 2448 παρὰ
3716 2368 3795 2431 τοὺς

2274 2460 2507 2538 ἐχθροὺς
2560 2464 2743 2535 ἡμῶν.
2776 2486 2806 2515 ››
2856 2496 2925 2507 -
2980 2463 3236 2537 Εἶωθὼς,
3297 2466 3341 2519 ὧ
3394 2462 3615 2533 Δέσποτα,
3656 2460 3794 2535 1pm“

2273 2550 2401 2614 τοὺς
2433 2549 2663 2627 ἐχθροὺς
2691 2553 2850 2625 ἡμῶν
2876 2551 2966 2608 καὶ
2996 2553 3151 2627 ἡμᾶς
3179 2552 3553 2631 κρατύνειν,νῦν
3572 2547 3622 2605 τὸ
3636 2547 3792 2604 ἐναντίον

2275 2639 2606 2710 πεποίηκας.

2348 2753 2378 2781 ‹‹
2411 2731 2719 2805 Διήρπαζον
2747 2731 2981 2793 ἑαυτοῖς.
3010 2754 3031 2781 ι
3064 2763 3143 2774 —
3162 2733 3459 2809 Διήρπαζον
3486 2727 3541 2785 τὰ
3559 2726 3742 2801 ἡμέτερα.

2355 2840 2385 2875 α
2412 2815 2659 2882 Ἐδωκας
2696 2821 2847 2894 ἡμᾶς
2895 2819 2973 2882 ὡς
3013 2814 3271 2897 πρόϐατα
3314 2821 3559 2897 βρώσεως.
3584 2840 3605 2870 η
3628 2848 3675 2858 -
3694 2811 3783 2880 Ἒξέ⁶

2280 2904 2457 2971 δωκας
2487 2909 2639 2981 ἡμᾶς
2669 2907 2746 2971 εἰς
2778 2910 3002 2987 σφαγήν.

2357 3019 2386 3053 α
2412 2996 2512 3051 Καὶ
2560 2995 2613 3051 ἐν
2657 3001 2774 3061 τοῖς
2831 2993 3003 3053 ἔθνεσι
3051 2995 3364 3074 διέσπειρας
3405 2992 3778 3071 ἠμᾶςΑ-Ὂσοι

2276 3086 2369 3141 τὸν
2426 3086 2647 3151 θάνατον
2706 3083 3056 3166 διεφύγομεν,
3115 3086 3249 3163 τῇδε
3301 3087 3502 3143 κάκεῖσε
3546 3074 3786 3155 ἀπεμπολώ-

2283 3195 2453 3249 μενοι,
2486 3172 2760 3231 δουλεύειν
2794 3176 3236 3252 ἀναγκαζόμεθα.

2352 3288 2383 3317 ‹‹
2415 3261 2646 3320 ’Δπέδου
2700 3264 2794 3321 τὸν
2852 3262 2983 3321 λαόν
3043 3287 3145 3322 σου
3214 3264 3338 3323 ἄνευ
3403 3266 3625 3337 τιμῆς.»
3664 3253 3799 3311 -Ὦς

2281 3352 2593 3429 ἀχρήστους
2618 3352 2709 3409 καὶ
2744 3353 2971 3428 ἀτίμους
3026 3352 3263 3418 δούλους
3316 3334 3543 3410 ἐκδίδωσί
3563 3369 3628 3410 τις
3648 3341 3802 3429 δωρεᾶν.

2278 3425 2470 3518 κέβδος
2495 3442 2801 3519 ἡγούμενος
2981 3442 3193 3500 τούτων
3253 3440 3567 3517 ἀπαλλαγὴν,
3606 3434 3712 3490 οὕτω
3742 3425 3803 3482 καὶ

2282 3530 2347 3586 σὺ
2374 3527 2634 3602 ἐξέδωκας
2662 3533 2809 3605 ἡμᾶς
2835 3537 2952 3595 τοῖς
2981 3532 3236 3610 ἐχθροῖς.

2358 3643 2388 3672 ι(
2418 3618 2521 3676 Καὶ
2554 3618 2656 3675 οὐκ
2677 3621 2744 3690 ἦν
2774 3618 2989 3691 πλῆθος
3018 3620 3071 3676 ἐν
3110 3627 3231 3686 τοῖς
3275 3617 3604 3697 ωανάγμασιν
3635 3612 3768 3697 ἧμδδέδο
3789 3626 3803 3654 ’

2284 3740 2355 3752 -
2382 3709 2628 3784 Ἐχθρῶν
2660 3707 2712 3763 ἐν
2743 3712 2823 3782 τῷ
2852 3711 2970 3765 καθ’
2997 3710 3032 3781 ἠ
3043 3714 3162 3784 μῶν
3217 3695 3491 3778 ἀλαλάζειν
3532 3704 3590 3760 τὰ
3632 3695 3806 3756 ἐπινίκιαν

2286 3793 2414 3853 ἀλλ’
2443 3797 2532 3852 ὑπ’
2561 3795 2767 3874 ὀλίγων
2794 3797 3339 3875 ᾗχμαλωτεύθημεν.

2357 3910 2388 3939 (ι
2414 3887 2579 3944 Ἔθου
2624 3888 2773 3961 ἡμᾶς
2828 3882 3036 3951 ὄνειδος
3115 3894 3235 3950 τοῖς
3309 3885 3522 3963 γείτοσιν
3570 3880 3708 3952 ἡμῶν,
3750 3890 3810 3963 PT

2287 3975 2591 4052 κτηρισμὸν
2619 3956 2711 4031 καὶ
2750 3975 3041 4052 χλεύασμα
3093 3983 3215 4040 τοῖς
3255 3956 3435 4048 κύκλῳ
3476 3973 3629 4045 ἡμῶν.
3656 3956 3811 4052 »μήΤά
3910 3974 3911 3981 “

2290 4049 2410 4136 ἔθνή
2444 4063 2496 4121 ἐν
2527 4065 2611 4129 οῖς
2650 4049 2982 4141 δουλεύομεν
3015 4067 3305 4140 (repetitio
3358 4065 3529 4122 exstat
3569 4059 3618 4115 in
3656 4049 3811 4111 duobus
3909 4060 3911 4141 λ

2290 4154 2529 4300 οοξὶὲθὸῦ
2571 4244 2719 4316 ἡμᾶς
2763 4241 2838 4305 εἰς
2882 4237 3209 4320 παραϐολὴν
3256 4242 3307 4298 ἐν
3352 4245 3459 4302 τοῖς
3499 4233 3656 4320 ἔθνεσι,
3677 4220 3812 4320 κῖῆῖῖν

2290 4329 2535 4409 κεφαλῆς
2564 4309 2627 4387 ἐν.
2644 4336 2763 4394 τοῖς
2811 4309 2986 4394 λαοῖς.
3010 4354 3039 4385 »
3070 4364 3141 4376 —
3166 4309 3244 4388 ‘ra
3288 4327 3407 4401 ἔθνη
3452 4327 3499 4382 ἐν
3537 4325 3608 4410 οἷς
3640 4309 3813 4410 800166.0-

2297 4408 2392 4494 μεν
2448 4416 2797 4497 παράδειγμα
2852 4419 3071 4496 ἔχουσιν
3124 4423 3271 4495 ἡμᾶς
3332 4419 3383 4473 ἐν
3437 4420 3508 4489 τῷ
3554 4408 3710 4480 πλήθει
3746 4408 3812 4453 τῶν

527 4529 755 4608 πατέρες
810 4512 972 4605 ἡμῶν
1047 4525 1389 4603 ἀπήγγειλαν
1444 4528 1606 4600 ἡμῖν,
1658 4524 1819 4603 ἔργον
1866 4527 1896 4582 ’ὀ
1946 4526 2184 4605 εἰργάσω
2220 4597 2254 4608 _
2293 4512 2612 4608 συμφριῖξν·

526 4618 581 4675 ἐν
629 4597 746 4682 ταῖς
811 4597 1043 4696 ἡμέραις
1110 4597 1285 4673 αύτίῦν
1355 4615 1408 4670 ἐν
1467 4597 1701 4689 ἡμέραις
1736 4597 2080 4692 ἀρχαίαις...»
2116 4649 2184 4661 —
2215 4597 2261 4664 Ι)

529 4709 863 4783 Ἥκούσαμεν
909 4708 974 4763 τὸ
1019 4706 1111 4762 σὸν
1163 4702 1321 4782 ἔργον
1368 4706 1516 4781 παρὰ
1556 4708 1662 4759 τῶν
1716 4705 1961 4782 πατέρων
1994 4706 2179 4778 ἡμῶν,

529 4796 677 4869 ὅτι-ἧ
710 4795 938 4872 δύναμίς
996 4816 1092 4850 σου
1149 4790 1273 4865 ἔθνη
1332 4793 1590 4871 ἠφάνισεν
1650 4792 1710 4846 ἐκ
1735 4800 1837 4863 τῆς
1889 4791 2179 4850 Παλαιστίσ

528 4906 652 4960 νης,
681 4886 772 4942 καὶ
825 4884 953 4949 τοὺς
1004 4881 1238 4958 πατέρας
1296 4884 1457 4957 ἡμῶν
1511 4879 1822 4944 κατοικίσας
1876 4878 2180 4958 ἠδραίωσεν

531 4974 669 5032 αὐτῆ
678 5020 691 5032 .

608 5089 632 5117 ι
666 5066 723 5119 ‘O
773 5064 1018 5142 βραχίων
1069 5060 1246 5118 αὐτῶν
1286 5061 1386 5117 ούκ
1428 5055 1627 5116 ἔσωσεν
1670 5058 1888 5124 αὐτούς.
1922 5084 1953 5113 ››
1983 5093 2054 5104 -
2090 5062 2185 5117 Ἐκ

529 5156 630 5210 τοῦ
657 5150 911 5227 πολέμου
937 5157 1047 5209 τῶν
1078 5149 1438 5230 ἀλλοφύλων.

605 5264 635 5295 ι(
667 5239 843 5299 Ἀλλὰ
896 5244 933 5312 ἡ
984 5238 1131 5313 δεξιά
1169 5261 1267 5296 σου
1314 5238 1403 5295 καὶ
1462 5239 1492 5295 6
1552 5236 1799 5315 βραχίων
1842 5259 1963 5308 σου,
2013 5238 2105 5294 καὶ
2153 5239 2182 5294 6

534 5328 819 5412 φωτισμιὴ
871 5334 969 5387 τοῦ
1027 5330 1325 5407 προσώπου
1382 5349 1500 5386 σου.
1530 5348 1557 5382 ιι
1591 5360 1663 5370 -—
1692 5327 1873 5399 Δεξιὰν
1924 5328 2014 5383 καὶ
2050 5330 2184 5404 βρα-

534 5418 700 5498 χίονα
727 5418 933 5495 Κυρίου
957 5419 1059 5489 τὴν
1085 5418 1225 5484 θείαν
1260 5417 1515 5491 ὀνομάζει
1559 5415 1739 5493 ἰσχύνο
1791 5418 2070 5496 φωτισμὸν
2128 5415 2187 5473 δὲ

536 5509 834 5585 προσώπου
861 5508 961 5578 τὴν
994 5506 1292 5576 ἐπισκοπὴν
1327 5507 1419 5561 καὶ
1450 5504 1761 5580 ἀντίληψιν
1793 5508 1828 5576 ἡ
1882 5503 2100 5561 εὐδοκία
2128 5502 2188 5561 δὲ

538 5596 792 5673 σημαίνει
817 5596 879 5652 τὸ
907 5595 1101 5672 ἀγαθὸν
1131 5592 1332 5670 δόγμα.

620 5710 648 5746 α
677 5684 753 5743 Σὺ
812 5685 859 5742 εἶ
903 5683 1064 5749 αὐτὸς
1114 5683 1143 5739 6
1193 5679 1450 5761 βασιλεύς
1515 5702 1643 5758 μου.
1694 5705 1724 5737 ››
1774 5716 1842 5730 —
1889 5684 1946 5739 Ὀ
2012 5683 2189 5741 ἐκεῖνα

2365 4620 2394 4649 ››
2424 4598 2564 4653 Ἀπὸ
2594 4600 2776 4676 φωνῆς
2806 4594 3163 4669 ὀνειδίζοντος
3202 4599 3292 4654 καὶ
3320 4591 3709 4651 καταλαλοῦντοςι
3732 4600 3751 4629 ν
3769 4600 3812 4615 ’⁸

2287 4684 2359 4740 Τὸ
2383 4683 2819 4748 καταλαλοῦντος
2848 4685 2965 4742 ἀντὶ
2995 4692 3092 4744 τοῦ
3126 4687 3570 4766 βλασφημοῦντος.

2362 4799 2393 4828 κ
2425 4775 2563 4829 Ἀπὸ
2619 4776 2918 4851 προσώπου
2974 4775 3176 4853 ἐχθροῦ
3228 4776 3316 4832 καὶ
3371 4770 3699 4860 ἐπιδιώκοντοςί
3722 4780 3739 4807 υ

2292 4858 2536 4941 Σοϐαρὸν
2589 4846 2694 4942 γάέ,
2752 4865 2949 4942 ὁρῶσιν
3004 4846 3088 4929 ξιξ
3140 4865 3236 4940 ἐμὲ
3288 4864 3340 4919 οἱ
3392 4857 3581 4938 ἐχθροὶ,
3630 4846 3702 4907 καὶ
3741 4846 3800 4896 οὐδ

2290 4947 2633 5009 ἀντιϐλέπειν
2663 4952 2880 5018 τούτοις
2911 4954 3112 5030 ἴσχύω,
3541 5032 3548 5033 7
3637 5026 3649 5033 _
3707 5020 3721 5033 η
3758 5012 3794 5033 Α,

2366 5065 2396 5096 ι(
2423 5045 2599 5098 Ταῦτα
2639 5041 2814 5098 πάντα
2851 5017 3016 5113 ἦλθεν
3071 5043 3151 5120 ἐφ’
3179 5043 3341 5118 ἡμᾶς,
3370 5039 3453 5096 καὶ
3502 5032 3588 5090 οὐκ
3633 5017 3812 5085 ἐπάαθὸ·

2296 5129 2432 5206 μεθά
2460 5152 2580 5186 σου.
2614 5154 2644 5183 ››
2672 5164 2744 5174 —-
2761 5134 2923 5188 Ὥστε
2953 5131 3218 5206 ὀνομάσαι
3247 5130 3371 5188 Θεὸν
3393 5125 3576 5201 ἕτερον.

2370 5259 2398 5292 α
2424 5238 2527 5293 Καὶ
2580 5237 2680 5294 οὐκ
2738 5235 3076 5314 ἠδικήσαμεν
3131 5239 3182 5295 ἐν
3226 5236 3441 5309 διαθήκῃ
3478 5250 3578 5287 σου.
3621 5206 3808 5314 »1-ίῆ

2291 5321 2607 5417 παρέϐημεν
2634 5327 2726 5417 τὸν
2751 5295 2917 5401 νόμον
2945 5295 3069 5384 σὸυ·
3104 5328 3179 5393 είς
3219 5327 3308 5383 τὸν
3347 5295 3497 5398 νόμον
3532 5317 3616 5394 γὰρ
3655 5295 3810 5365 ἀδίκίῖδ
3902 5366 3907 5417 γ

2294 5411 2641 5491 παραϐαίνων
2671 5416 2855 5474 αὐτόν.

2367 5486 2398 5559 ί(
2429 5505 2527 5560 Καὶ
2557 5504 2656 5561 οὐκ
2682 5505 2885 5578 ἀπέστη
2918 5505 2994 5571 εἷς
3036 5508 3105 5562 τὰ
3152 5506 3320 5563 ὀπίσω
3362 5503 3394 5572 ἡ
3441 5492 3609 5574 καρδία
3906 5488 3907 5535 ἶ

2296 5626 2364 5638 -·
2393 5595 2654 5671 Ὥσπερὸ
2682 5560 2885 5669 νόμος.
2907 5560 2991 5657 εἷς,
3157 5560 3445 5668 ἔμπροσθεν
3496 5560 3611 5660 ἀγει,
3642 5571 3766 5631 οὕτως
3784 5560 3803 5626 ἦ

2295 5682 2607 5759 παρανομία
2636 5683 2712 5748 εἷς
2739 5683 2808 5741 τὰ
2835 5682 3013 5741 ὀπίσω
3040 5684 3362 5761 μεθίστησιν.
