3998 6456
193 433 358 500 1461

1423 431 1839 500 EXPOSITIO
1883 432 1962 498 IN
2006 433 2392 500 PSALMOS.

3457 437 3614 501 1462

272 594 303 624 ‹‹
334 565 441 627 Καὶ
498 565 600 625 οὐκ
651 563 921 642 ἐξείκλινας
975 565 1074 630 τὰς
1125 559 1346 644 τρίϐους
1405 567 1564 639 ἡμῶν
1597 565 1702 621 ἀπὸ
1748 572 1849 634 τῆς
1877 567 2128 637 Ατήτου
2214 567 2397 632 οὐσίας
2485 589 2578 624 σου
2653 567 2752 639 τὴν
2823 563 3112 648 τυραννίδα
3183 572 3280 627 τοῦ
3348 563 3610 629 διαϐόλου

189 657 332 715 ὁδοῦ
379 681 495 715 σου.
529 683 560 712 )›
604 693 674 702 -
716 659 850 718 Ἀπὸ
896 661 1082 712 κοινοῦ
1125 655 1190 711 τὸ
1236 655 1522 732 ἀρνητικόν
1550 675 1562 688 ·
1611 654 1844 718 πολλοῖς

196 750 301 824 μὲν
353 747 624 826 ἀλγεινοῖς
679 751 825 822 ἡμᾶς
882 744 1214 808 ἐπαίδευσας·
1277 745 1339 800 οὐ
1397 743 1730 821 παρέτρεψας
1791 740 1848 798 δὲ

183 859 299 908 την
333 835 610 914 διαγωγὴν
640 840 800 910 ἡμῶν
823 836 926 891 ἀπὸ
957 839 1052 890 τοῦ
1079 834 1252 908 νόμου
1275 853 1392 888 σου’
1426 833 1488 888 οὐ
1517 835 1618 909 γάρ
1660 832 1844 888 τέλεον

187 929 352 1000 ἡμᾶς
383 925 747 1003 ἐγκατέλιπες.

273 1040 304 1069 ‹‹
336 1017 434 1071 Καὶ
464 1015 794 1090 ἐπεκάλυψεν
826 1017 994 1089 ἡμᾶς.
1031 1037 1059 1065 ››
1089 1047 1156 1056 -
1187 1015 1250 1068 Ἡ
1281 1017 1404 1067 σκιᾶ
1457 1010 1702 1086 μιμεῖταί
1732 1032 1847 1073 πως

184 1104 256 1160 τὸ
287 1103 666 1180 πρωτότυπον.

273 1218 303 1245 ‹‹
334 1195 470 1248 Σκιὰ
523 1192 772 1250 θανάτου.
831 1217 858 1245 ›)

192 1280 416 1357 θλίψεις
450 1280 718 1338 ἐκάλεσεν.

268 1396 300 1423 ‹‹
334 1371 474 1446 Οὐχὶ
506 1373 534 1426 ὁ
564 1373 694 1433 Θεὸς
725 1371 1009 1440 ἐκζητήσει
1040 1373 1207 1424 ταῦτα
1239 1387 1252 1437 ;
1286 1368 1446 1430 αὐτὸς
1467 1369 1570 1444 γὰρ
1593 1368 1847 1442 γινώσκει

187 1463 259 1517 τὰ
290 1461 492 1541 κρύφια
541 1469 643 1532 τῆς
693 1459 994 1532 καρδίας.»
1046 1495 1115 1504 —
1155 1462 1227 1516 T6
1270 1460 1574 1530 ἐκζητήσει,
1607 1457 1722 1512 ἀντὶ
1752 1459 1848 1512 τοῦ

191 1550 450 1622 ἐξετάσει.

269 1665 300 1695 ι(
332 1641 455 1698 ’Ότι
483 1638 660 1696 ἕνεκέν
693 1662 790 1696 σου
839 1638 1212 1713 θανατούμεθα
1256 1638 1392 1707 ὅλην
1423 1639 1520 1706 τήν
1553 1637 1784 1712 ἡμέραν.
1821 1658 1848 1686 ››

189 1762 264 1772 ——
342 1731 641 1804 Δυνάμενοι
718 1730 994 1793 συνθέσθαι
1063 1733 1179 1789 τοῖς
1257 1724 1684 1801 εἰδωλολάτραις
1757 1723 1847 1778 καὶ

192 1817 503 1894 εὐπραγεῖν,
558 1817 648 1874 διὰ
705 1819 762 1874 σὲ
810 1818 1220 1890 ἀποθνήσκομεν
1272 1820 1342 1890 τῇ
1400 1815 1710 1890 προαιρέσει
1761 1811 1850 1868 διὰ

193 1909 423 1971 παντός.

272 2020 300 2049 ‹‹
330 1997 727 2072 Ἐλογίσθημεν
779 1997 854 2060 ὡς
904 1991 1152 2071 πρόϐατα
1201 2002 1434 2073 σφαγῆς.
1485 2016 1514 2045 ››
1545 2025 1615 2035 —-
1646 1994 1744 2048 Διά
1783 1992 1846 2048 τὸ

196 2087 337 2163 πρὸς
366 2086 634 2161 ἀναίρεσιν
667 2085 909 2162 εὐχερές.

272 2199 302 2228 ‹‹
333 2173 690 2250 Ἐπιλανθάνῃ
738 2178 836 2244 τῆς
880 2173 1158 2249 πτωχείας
1207 2175 1366 2247 ἡμῶν
1421 2171 1510 2226 καὶ
1566 2177 1668 2239 τῆς
1722 2168 1846 2225 θλέ-

197 2267 345 2339 ψεως
374 2268 555 2338 ἡμῶν.
594 2289 624 2316 ››
649 2297 717 2307 -
749 2263 1007 2340 Πτωχεία
1037 2263 1252 2338 λέγεται
1290 2263 1379 2317 καὶ
1408 2263 1444 2330 ἡ
1490 2257 1760 2334 κακουχία
1790 2258 1850 2314 ἐκ

193 2358 293 2408 τοῦ
325 2353 612 2428 ἑπομένου.

270 2468 299 2495 ‹‹
329 2447 448 2499 Ὅτι
506 2443 836 2514 ἐταπεινώθη
896 2443 971 2504 εἷς
1023 2447 1158 2518 χοῦν
1203 2444 1238 2511 ἡ
1286 2441 1438 2516 ψυχή
1488 2443 1670 2514 ἡμῶν.
1717 2463 1745 2491 ››
1777 2470 1847 2481 -·

195 2537 638 2611 Περιφραστικῶς
675 2550 688 2563 ·
753 2533 918 2608 μέχρι
971 2539 1071 2601 τῆς
1145 2537 1251 2603 γῆς
1322 2529 1491 2599 αὐτῆς
1547 2530 1789 2602 κατεκάμ
1819 2560 1843 2571 -

198 2623 434 2700 φθημεν,
465 2622 540 2684 ὡς
585 2622 675 2676 καὶ
721 2622 822 2690 τήν
862 2621 1093 2696 γαστέρα
1138 2621 1298 2692 ἡμῶν
1349 2619 1484 2692 αὐτῇ
1515 2615 1744 2673 πελάσαι
1776 2624 1842 2687 τῆ

198 2718 270 2787 γῆ
305 2751 319 2766 .
371 2711 469 2765 Διά
524 2710 730 2766 τούτων
787 2707 844 2764 δὲ
893 2708 956 2764 τὸ
1013 2709 1160 2765 πολὺ
1223 2710 1387 2784 βάρος
1439 2707 1687 2786 ἐμφαίνει
1741 2710 1846 2761 τῶν

201 2798 460 2874 θλίψεων.
519 2799 847 2872 ’Δρμόζουσι
904 2796 962 2854 δὲ
1017 2799 1069 2853 οἱ
1127 2797 1288 2873 λόγοι
1343 2796 1432 2852 καὶ
1497 2803 1612 2858 τοῖς
1667 2795 1844 2871 ἁγίοις

207 2888 454 2965 μάρτυσι,
485 2887 575 2943 καὶ
606 2893 735 2944 πᾶσι
765 2893 881 2950 τοῖς
914 2887 1368 2962 ἐπηρεαζομένοις
1399 2883 1488 2940 διὰ
1517 2883 1770 2962 Χριστόν.

919 1223 988 1234 -—
1043 1192 1144 1253 Τὰς
1213 1194 1291 1262 τῷ
1347 1191 1558 1262 θανάτῳ
1611 1187 1846 1250 ἐοικυίας

786 3049 1083 3105 ΨΑΛΜΟΣ
1124 3047 1256 3103 ΜΔ’.

275 3215 302 3243 ‹‹
331 3191 424 3254 Εἰς
473 3192 536 3246 τὸ
581 3189 759 3264 τέλος,
808 3189 941 3265 ὑπὲρ
986 3194 1093 3245 τῶν
1144 3187 1675 3261 ἀλλοιωθησομένων
1725 3192 1844 3249 τοῖς

1957 651 2246 712 κατάλαϐε.

2030 769 2059 796 ‹‹
2094 745 2193 802 Καὶ
2249 745 2476 802 ἔντεινον
2531 747 2619 803 καὶ
2678 745 2972 804 κατευοδοῦ
3025 749 3114 804 καὶ
3169 747 3438 825 βασίλευε.
3477 774 3504 802 ››
3537 783 3607 796 -

1958 833 2253 889 Ἐπίτεινον
2299 836 2398 904 τὴν
2448 835 2625 912 ὁρμήν
2687 857 2802 910 σου,
2862 837 3129 914 κατόρθου
3185 843 3286 893 πᾶν
3334 838 3363 894 ’ὁ
3405 838 3602 910 θέλεις,

1956 921 2048 976 καὶ
2113 923 2324 996 κυρίευε
2385 930 2493 980 τῶν
2544 925 2929 1002 ἐπερχομένων
2978 948 3062 981 σοι
3120 924 3208 982 διὰ
3259 927 3355 990 τάς
3413 928 3604 1002 ἀρετάς

1957 1032 2073 1070 σου.

2035 1126 2056 1153 ιι
2093 1103 2189 1157 Καὶ
2242 1100 2502 1179 ὁδηγήσει
2556 1126 2611 1160 σε
2659 1109 2979 1178 θαυμαστῶς
3029 1108 3064 1175 ἡ
3117 1104 3260 1178 δεξιά
3306 1128 3422 1163 σου.
3476 1131 3506 1160 ››
3538 1141 3608 1153 -ι

1957 1191 2064 1246 Καὶ
2097 1190 2286 1267 ἀγάγει
2326 1213 2382 1247 σε
2431 1192 2517 1248 ἐπὶ
2563 1198 2729 1248 ταῦτα
2772 1195 2839 1250 τὰ
2883 1195 3281 1272 κατορθώματα
3317 1199 3344 1265 ἡ
3378 1194 3606 1270 δύναμίς

1960 1301 2078 1351 σου,
2113 1278 2345 1352 μηδενὸς
2377 1279 2552 1338 ἄλλοι)
2599 1281 2874 1357 δεόμενον.
2932 1289 3263 1357 Θαυμαστῶς
3310 1283 3367 1342 δέ
3405 1285 3487 1341 δτι
3519 1284 3610 1341 διὰ

1959 1376 2060 1439 τῆς
2090 1369 2322 1446 κατάρας
2351 1373 2450 1440 τὴν
2483 1371 2714 1449 κατάραν
2747 1373 3099 1452 ἐξαφανίσεις,
3138 1376 3227 1429 καὶ
3260 1372 3350 1430 διὰ
3379 1376 3606 1432 θανάτου

1958 1461 2315 1535 καταργήσεις
2337 1460 2428 1515 τὸν
2460 1459 2700 1517 θάνατον.

2031 1591 2059 1618 ‹‹
2091 1568 2165 1621 Τὰ
2197 1566 2329 1643 βέλη
2387 1589 2482 1622 σου
2530 1569 2865 1642 ἠκονημένα,
2915 1567 3122 1625 δυνατέ·
3171 1570 3295 1626 λαοὶ
3352 1571 3604 1628 ὑποκάτω

1959 1676 2055 1710 σου
2083 1660 2368 1711 πεσοῦνται
2401 1656 2452 1711 ἐν
2483 1654 2679 1732 καρδίᾳ
2723 1663 2829 1713 τῶν
2855 1653 3072 1734 ’ἐχθρῶν
3121 1663 3217 1714 τοῦ
3251 1657 3540 1736 βασιλέως.
3575 1685 3606 1714 ››

1958 1777 2027 1785 -—-
2083 1740 2458 1820 Ὑπερϐατῶς,
2514 1745 2581 1800 τὰ
2641 1745 2777 1822 βέλη
2841 1768 2935 1802 σου
2993 1749 3356 1822 ἠκονημένα,
3414 1771 3544 1805 τουτ
3577 1783 3600 1794 -

1959 1833 2070 1889 ἐστι
2100 1835 2153 1888 οἱ
2203 1834 2548 1910 εὐαγγελικοί
2597 1857 2679 1890 σοι
2729 1835 2908 1912 λόγοι.
2942 1837 3198 1912 Λαμπροὶ
3243 1835 3302 1893 δὲ
3341 1839 3603 1912 τμητικοὶ

1877 1937 1926 2002 Β
1957 1921 2008 1978 ἐν
2057 1920 2253 1998 καρδίᾳ
2297 1928 2403 1978 τῶν
2455 1923 2668 2000 ἐχθρῶν
2712 1930 2808 1981 τοῦ
2861 1925 3130 2002 βασιλέως
3178 1948 3294 1996 σου,
3342 1931 3450 1981 τῶν
3505 1929 3599 2001 μὲν

1958 2009 2233 2084 δαιμόνων
2285 2013 2424 2088 πρὸς
2469 2014 2750 2087 νέκρωσιν,
2797 2019 2900 2070 τῶν
2935 2013 2992 2070 δὲ
3040 2015 3114 2077 είς
3145 2013 3598 2091 εἰδωλολατρείαν

1955 2099 2300 2156 ἀποστάντων
2344 2101 2636 2178 ἀνθρώπῶν
2702 2104 2838 2178 πρὸς
2882 2101 3126 2174 αἴσθησιν
3175 2103 3264 2158 καὶ
3312 2102 3598 2180 ἐπίγνωσιν

1952 2193 2051 2243 τοῦ
2108 2189 2398 2245 Δεσπότου.
2456 2190 2576 2246 Εἶεν
2633 2188 2680 2246 δ’
2737 2191 2796 2246 ἂν
2854 2193 2944 2247 καὶ
3003 2193 3055 2248 οἱ
3113 2190 3410 2248 ἀπόστολοι
3462 2193 3598 2270 βέλη

1954 2283 2209 2352 Χριστοῦ.

2033 2388 2055 2417 ι
2087 2367 2144 2420 Ὁ
2175 2365 2365 2441 θρόνος
2397 2389 2513 2439 σου,
2547 2370 2576 2422 6
2607 2369 2842 2437 Θεὸς,είς
2877 2370 2967 2424 τὸν
2988 2369 3158 2425 αἰῶνα
3185 2374 3287 2425 τοῦ
3317 2370 3534 2433 αἰῶνος.
3569 2394 3598 2422 ι»

1953 2487 2023 2497 --
2054 2455 2200 2511 Ἐπεὶ
2235 2453 2465 2519 διπλοῦς
2499 2457 2526 2511 6
2555 2458 2806 2533 Χριστὸς,
2838 2459 2972 2513 ποτὲ
3021 2460 3115 2532 μὲν
3167 2459 3290 2536 περὶ
3328 2466 3429 2529 τῆς
3459 2459 3603 2524 θείας

1952 2544 2116 2600 αὐτοῦ
2147 2545 2354 2622 φύσεως
2383 2548 2418 2616 ἡ
2473 2546 2779 2624 προφητεία
2825 2544 3148 2625 διαλέγεται,
3196 2549 3337 2603 ποτά
3385 2546 3441 2603 δὲ
3477 2548 3600 2623 περὶ

1949 2641 2050 2704 τῆς
2083 2633 2445 2707 ἀνθρωπίνης.

2028 2747 2054 2774 ‹‹
2086 2724 2182 2778 Καὶ
2213 2725 2248 2793 ἡ
2284 2718 2484 2800 ῥάϐδος
2511 2731 2611 2794 τῆς
2644 2723 2934 2796 εὐθύτητος
2964 2721 3163 2802 ῥάϐδος
3190 2733 3289 2796 τῆς
3324 2725 3601 2802 βασιλείας

1952 2831 2066 2865 σου.
2104 2834 2133 2861 ››
2165 2843 2234 2853 -—-
2263 2812 2319 2864 Ὀ
2347 2811 2535 2887 θρόνος
2566 2812 2628 2867 τὸ
2659 2811 2945 2868 Βασιλικὸν
2967 2813 3307 2888 παρίστησιν·
3340 2815 3374 2882 ἡ
3400 2809 3599 2889 ῥάϐδος

1953 2897 2010 2955 δὲ
2038 2901 2099 2955 τὸ
2130 2897 2455 2958 δικαστικόν.

2025 3013 2052 3042 ‹‹
2087 2989 2185 3044 Διά
2212 2994 2372 3044 τοῦτο
2405 2985 2588 3066 ἕχρισέ
2636 3011 2694 3044 σε
2744 2992 2772 3046 6
2803 2989 2954 3063 Θεός,
3005 2992 3033 3046 ὁ
3081 2992 3209 3054 Θεὸς
3261 3011 3375 3064 σου,
3410 2990 3592 3048 ἔλαιον

1953 3076 2328 3153 ἀγαλλιάσεως
2371 3081 2518 3154 παρὰ
2559 3079 2690 3143 τοὺς
2744 3079 3014 3155 μετόχους
3063 3101 3180 3138 σου.
3213 3105 3240 3134 ››
3272 3115 3341 3124 —
3386 3081 3598 3137 Ἀκούει

1950 3168 2040 3221 καὶ
2088 3167 2150 3222 τὸ
2183 3167 2547 3242 πρόσλημμα,
2601 3165 2740 3224 διότι
2789 3170 3062 3226 τεθέωται.
3118 3168 3262 3240 Φησὶ
3303 3174 3452 3246 γοῦν,
3502 3170 3601 3225 Διά

202 3280 339 3342 υἱοῖς
388 3281 529 3356 Κορέ
575 3279 652 3342 εἷς
710 3255 937 3350 σύνεσιν,
986 3277 1102 3352 ᾠδὴ
1149 3278 1281 3354 ὑπὲρ
1331 3281 1428 3332 τοῦ
1474 3278 1776 3352 ἀγαπητοῦ.
1811 3299 1839 3327 ››
1872 3299 1915 3366 C
1951 3261 2111 3366 ’ξοῗπο
2169 3256 2249 3366 ὡῗ
2297 3258 2446 3366 θεξδς»
2502 3262 2570 3332 τῇ
2600 3259 2818 3366 ,θεώσει
2877 3255 3150 3366 ξηλαδὴη
3187 3255 3384 3366 ἔχρισέ,
3425 3280 3483 3314 σε
3530 3258 3601 3366 τῆ

200 3401 270 3412 -
324 3367 901 3442 Ἀλλοιωθησομένους
959 3369 1089 3446 φησὶ
1142 3366 1268 3429 τοὺς
1325 3365 1706 3442 Χριστιανοὺς,
1766 3365 1841 3426 ὡς

207 3457 736 3530 μεταποιησομένους
784 3454 874 3511 διὰ
926 3463 1026 3525 τῆς
1071 3453 1487 3530 παλιγγενεσίας
1545 3459 1639 3508 τοῦ
1697 3454 1844 3507 θείου

207 3546 595 3622 βαπτίσματοςο
665 3546 938 3622 ἀγαπητὸν
990 3543 1048 3599 δὲ
1094 3545 1186 3599 τὸν
1237 3545 1492 3618 Χριστὸν,
1545 3541 1625 3615 τῷ
1675 3541 1842 3618 Πατρὶ

206 3636 298 3709 μὶν
326 3635 402 3696 ὡς
439 3635 581 3704 Υἱὸν,
612 3637 748 3708 ἡμῖν
778 3631 835 3688 δὲ
864 3634 938 3696 ὡς
970 3634 1182 3710 Πατέρα
1208 3630 1736 3704 κηδεμονικώτατον.

277 3748 298 3776 ι
334 3723 682 3800 Ἐξηρεύξατο
731 3726 766 3793 ἡ
815 3721 1008 3799 καρδία
1059 3744 1162 3796 μου
1212 3717 1378 3796 λόγον
1428 3720 1649 3796 ἀγαθόν.
1706 3743 1734 3771 ››
1777 3753 1845 3762 -

205 3811 623 3888 Προοιμιάζεται
681 3812 709 3866 ὁ
767 3813 1063 3890 Προφήτης
1130 3809 1212 3866 ὅτι
1278 3808 1438 3886 λόγον
1499 3809 1697 3884 ἀγαθὸν
1755 3807 1844 3863 καὶ

205 3902 469 3977 σωτήριον
503 3899 633 3976 ἐρεῖ,
670 3898 882 3974 μεγάλα
911 3897 1300 3974 προαγορεύσει
1328 3897 1452 3972 περὶ
1483 3899 1736 3973 Χριστοῦ.

277 4012 304 4042 ι(
334 3991 490 4065 Λέγω
523 3988 627 4065 ἐγὼ
654 3988 720 4043 τὰ
751 3986 879 4064 ἔργα
913 4009 1016 4061 μου
1047 3991 1124 4059 τῷ
1168 3986 1400 4063 βασιλεῖ.
1425 4009 1542 4036 ››-
1583 3991 1845 4063 Προσφω-

205 4083 302 4151 νεῖ,
351 4078 508 4156 φησὶ,
557 4082 636 4150 τῷ
689 4075 905 4153 βασιλεῖ
949 4077 1166 4153 Χριστῷ
1212 4076 1280 4130 τὰ
1323 4071 1451 4151 ἔργα
1483 4096 1588 4148 μου
1628 4071 1759 4150 ἔργα
1791 4072 1849 4128 δὲ

205 4169 487 4244 προφήτου
519 4167 574 4221 αἱ
599 4170 946 4244 προφητεῖαι.

276 4280 303 4308 ιι
360 4257 424 4311 Ἡ
469 4253 695 4329 γλῶσσά
745 4275 849 4328 μου
902 4250 1152 4327 κάλαμος
1207 4252 1574 4329 γραμματέως
1625 4251 1846 4328 ὀξυγρά-

206 4366 326 4424 φου.
377 4367 408 4396 ››
453 4376 524 4387 -
571 4345 633 4400 Ἦ
689 4342 913 4420 γλῶσσά
973 4363 1076 4416 μου
1134 4342 1396 4416 ὑπουργεῖ
1448 4345 1528 4414 τῷ
1583 4339 1848 4414 πνεύματι

207 4434 291 4489 οἶα
346 4434 375 4488 6
429 4431 680 4506 κάλαμος
755 4430 951 4510 γράφει
1017 4432 1358 4508 ταχυγράφῳ
1393 4476 1407 4500 ,
1462 4429 1704 4505 εὐχερῶς
1758 4429 1848 4484 καὶ

207 4521 556 4596 ἀμελετήτως
602 4520 774 4576 ἐκεῖνα
823 4520 1192 4600 φθεγγομένη,
1241 4520 1376 4596 πρὸς
1409 4517 1442 4572 ἃ
1467 4523 1688 4573 κινεῖται
1723 4519 1850 4593 παρ’

207 4632 385 4669 αυτου.

1952 3344 2167 3416 θεότητι
2228 3346 2256 3400 6
2309 3345 2460 3424 φύσει
2515 3347 2644 3409 Θεός
2703 3369 2820 3418 σου,
2877 3344 2962 3401 ἵνα
3017 3349 3259 3418 ποιήσης
3314 3348 3486 3402 πάντα
3537 3349 3605 3402 τὰ

1953 3434 2231 3510 εἰρημένα.
2266 3441 2492 3510 ’Έχρισε
2544 3433 2602 3490 δὲ
2651 3436 2708 3490 σὲ
2752 3439 2898 3512 παρὰ
2927 3435 3126 3498 πάντας
3172 3435 3297 3499 τοὺς
3333 3437 3602 3512 μετόχους

1950 3520 2079 3593 ἤτοι
2109 3524 2406 3587 κοινωνούς
2451 3545 2546 3579 σου
2593 3524 2728 3579 κατὰ
2763 3525 2826 3579 τὸ
2858 3526 3085 3600 Χριστὸς
3135 3520 3330 3599 ὄνομα,
3360 3526 3602 3580 τουτέστι

1953 3614 2098 3688 παρά
2153 3613 2356 3674 πάντας
2432 3611 2674 3687 βασιλεῖς
2748 3614 2836 3667 καὶ
2894 3613 3056 3689 ἱερεῖς
3131 3613 3219 3668 καὶ
3272 3616 3554 3692 προφήτας
3588 3656 3603 3670 .

1954 3701 2075 3759 Τίνι
2133 3702 2237 3777 γὰρ
2298 3700 2472 3756 αὐτῶν
2527 3699 2729 3770 ἥνωται
2786 3703 2905 3765 καθ’
2975 3698 3263 3757 ὑπόστασιν
3321 3705 3349 3758 6
3404 3703 3530 3765 Θεός
3593 3723 3607 3773 ;

1954 3788 2178 3845 Ἐλαιὸν
2229 3788 2287 3845 δὲ
2326 3792 2426 3860 τήν
2477 3789 2658 3866 χρίσιν
2707 3789 2993 3846 ἐκάλεσενο
3046 3789 3429 3865 ἀγαλλιάσεως
3481 3790 3538 3847 δὲ
3573 3795 3608 3862 ἡ

1955 3879 2157 3954 χρίσις
2193 3878 2308 3934 ἐπεὶ
2357 3880 2661 3955 χαροποιὸς
2710 3882 2745 3950 ἡ
2795 3879 2909 3935 θεία
2958 3879 3114 3958 φύσις
3155 3880 3244 3936 καὶ
3279 3880 3612 3960 εὐφροσύνης

1955 3965 2330 4039 ἀνεκλαλήτου
2361 3971 2682 4044 παρεκτική.

2031 4080 2060 4107 ‹‹
2092 4056 2337 4134 Σμύρνα,
2384 4057 2473 4111 καὶ
2523 4059 2748 4131 στακτὴ,
2788 4057 2879 4114 καὶ
2934 4058 3095 4115 κασία
3152 4059 3258 4115 ἀπὸ
3313 4064 3419 4116 τῶν
3477 4061 3606 4133 ’ίμα-

1954 4145 2086 4201 τίων
2145 4166 2280 4200 σου.
2334 4169 2363 4199 ››
2424 4178 2493 4189 —
2551 4144 2857 4221 Ἐνδύματα
2911 4152 3009 4203 τοῦ
3067 4147 3247 4223 Λόγου
3305 4149 3457 4224 ψυχή
3517 4149 3608 4204 καὶ

1958 4233 2105 4311 σὰρξ,
2139 4235 2272 4311 ἅπερ
2304 4233 2522 4311 ἐφόρεσε
2552 4231 2622 4289 δι’
2670 4238 2840 4309 ἡμᾶς.
2876 4236 2968 4291 Ἐκ
3019 4237 3112 4308 μὲν
3164 4234 3256 4292 οῦν
3284 4243 3385 4306 τῆς
3415 4236 3608 4312 σαρκὸς

1956 4322 2216 4396 νέκρωσις
2266 4321 2456 4395 ἔσταῖ,
2517 4323 2699 4401 φησὶν,
2759 4323 2820 4380 ἐκ
2875 4321 2933 4379 δὲ
2986 4332 3086 4394 τῆς
3144 4328 3328 4400 ψυχῆς
3375 4321 3607 4387 κάθοδος

1961 4410 2036 4473 εἷς
2069 4407 2226 4482 ᾅδηνο
2285 4413 2592 4490 κατωφερὲς
2645 4414 2748 4488 γάρ
2801 4415 2836 4482 ἡ
2895 4415 3116 4484 στακτή·
3177 4411 3228 4484 ἐξ
3286 4413 3607 4491 ἀμφοτέρων

1959 4497 2017 4555 δὲ
2064 4503 2099 4571 ἡ
2156 4498 2354 4556 εὐωδία
2393 4508 2494 4571 τῆς
2552 4501 2969 4578 ἀναμαρτησίας·
3025 4501 3354 4576 ἀρωματίζει
3409 4502 3510 4578 γὰρ
3570 4504 3606 4572 ἡ

1958 4589 2139 4662 κασία,
2170 4588 2293 4659 ἥτις
2323 4590 2412 4644 καὶ
2444 4587 2533 4645 διὰ
2560 4589 2624 4645 τὸ
2655 4587 2889 4661 ξυλῶδες
2918 4587 3196 4661 ὐποδηλοῖ
3236 4611 3356 4652 πως
3394 4591 3484 4645 καὶ
3511 4588 3604 4646 τόν

276 4724 303 4752 ‹‹
334 4701 548 4777 Ὠραῖος
577 4697 769 4754 κάλλει
800 4699 947 4774 παρά
990 4696 1118 4760 τοὺς
1148 4695 1298 4759 υἱοὺς
1327 4700 1432 4751 τῶν
1464 4695 1786 4773 ἀνθρώπων,
1819 4719 1848 4747 ››
1880 4667 1925 4732 D
1957 4677 2203 4777 παυρέν·

207 4822 273 4833 -
317 4789 462 4865 Πρὸς
525 4788 755 4866 Χριστὸν
832 4785 940 4858 ἤδη
1014 4786 1349 4842 ἀποτείνεται
1405 4786 1495 4840 καὶ
1559 4786 1684 4862 περὶ
1737 4788 1846 4840 τῶν

206 4877 406 4953 ἀρετῶν
440 4874 653 4948 διέξεισι
681 4880 779 4931 τοῦ
799 4873 1015 4951 προσλή
1029 4895 1260 4949 μματος,
1284 4899 1313 4926 ‹‹
1339 4875 1575 4948 ⁸Ωραῖος,
1607 4873 1844 4952 φάσκων,

211 4965 257 5021 εἶ
307 4967 407 5035 τήν
461 4967 645 5041 ψυχὴν
703 4965 851 5041 παρὰ
904 4964 1105 5027 πάντας
1153 4963 1494 5040 ἀνθρῶπους,
1553 4986 1582 5015 ››
1632 4962 1714 5018 ὅτι
1757 4961 1845 5018 καὶ

211 5054 370 5130 μόνος
400 5054 803 5131 ἀναμάρτητος.

276 5168 304 5197 ‹‹
334 5143 593 5222 Ἔξεχύθη
628 5145 665 5213 ἡ
697 5141 860 5220 χάρις
890 5141 941 5198 ἐν
972 5138 1182 5218 χείλεσί
1207 5162 1323 5196 σου.
1357 5163 1387 5192 ››
1417 5173 1487 5184 --
1516 5139 1762 5216 Χαρίτων
1795 5141 1847 5195 οἱ

207 5231 356 5311 λόγοι
390 5254 484 5288 σου
509 5232 788 5308 γέμουσιν.

275 5345 304 5375 ‹‹
335 5323 433 5377 Διὰ
479 5325 642 5377 τοῦτο
691 5318 956 5397 εὐλόγησέ
1005 5340 1063 5374 σε
1111 5320 1140 5374 6
1183 5319 1312 5382 Θεὸς
1344 5319 1422 5380 εἷς
1462 5319 1553 5374 τὸν
1593 5318 1781 5376 αἰῶνα.
1820 5342 1841 5371 ιι

205 5443 272 5454 -
299 5412 396 5466 Διὰ
419 5409 617 5473 ταύτας
647 5409 740 5464 οὗν
773 5429 868 5464 σου
897 5408 992 5471 τὰς
1019 5408 1211 5483 ἀρετάς
1259 5408 1497 5482 ὑμνητὸν
1531 5405 1620 5463 διὰ
1648 5407 1844 5470 παντὸς

207 5499 422 5572 ἐποίησέ
442 5521 500 5554 σε
525 5501 553 5555 6
579 5493 732 5562 Θεός.

278 5612 305 5641 (ι
358 5588 660 5664 Περίζωσαι
716 5589 815 5657 τήν
873 5585 1142 5665 ῥομφαίαν
1219 5608 1314 5641 σου
1371 5585 1458 5641 ἐπὶ
1513 5586 1604 5640 τὸν
1670 5585 1844 5660 μηρόν

206 5698 316 5748 σου,
350 5677 558 5735 δυνατέ.
592 5701 620 5730 )›
651 5710 721 5721 --
767 5677 875 5746 Τὴν
923 5675 1251 5744 κολαστικὴν
1305 5697 1401 5730 σου
1459 5673 1680 5748 δύναμιν
1719 5675 1846 5730 ἀνα-

209 5762 408 5826 λαϐοῦν
455 5766 508 5823 ἐν
556 5774 626 5840 τῆ
675 5766 838 5847 ἀρετῆ
879 5785 994 5822 σου·
1045 5763 1308 5840 τουτέστι,
1341 5762 1431 5821 διὰ
1473 5766 1572 5834 τῆς
1601 5763 1845 5841 ἀναμαρ-

2029 4792 2058 4820 ι(
2093 4768 2227 4825 Ἀπὸ
2279 4766 2486 4843 βάρεων
2537 4766 2915 4846 ἐλεφαντίνων.
2967 4790 2997 4820 ››
3027 4800 3098 4809 —
3143 4768 3249 4837 Τὴν
3299 4769 3469 4843 σάρκα
3517 4768 3606 4824 καὶ

1954 4857 2055 4925 τὴν
2103 4858 2287 4933 ψυχὴν
2340 4855 2432 4911 καὶ
2484 4857 2666 4933 βάρεις
2718 4855 2988 4928 ἐκάλεσεν,
3039 4854 3221 4919 οἷ’κους
3254 4853 3469 4927 δηλαδή
3507 4863 3610 4927 τῆς

1958 4945 2213 5017 θεότητος
2250 4989 2262 5002 .
2323 4947 2421 5000 Διά
2496 4943 2554 5000 δὲ
2624 4944 2970 5024 ἐλεφαντίνου
3015 4951 3117 5015 τῆς
3178 4944 3376 5022 ἀρετῆς
3427 4945 3602 5002 αὐτῶν

1870 5088 1912 5108 χ
1954 5033 2171 5109 ᾐνίξατο
2198 5035 2296 5103 τὴν
2330 5032 2713 5107 λαμπρότητα.

2027 5146 2055 5174 ‹‹
2092 5123 2177 5194 Ἐξ
2234 5123 2308 5176 ὧν
2367 5120 2628 5200 εὔφρανάν
2686 5143 2744 5178 σε
2790 5122 3070 5199 θυγατέρες
3126 5121 3393 5199 βασιλέων
3455 5123 3506 5179 ἐν
3533 5124 3606 5194 τῆ

1953 5217 2089 5283 τιμῆ
2151 5231 2270 5268 σου.
2306 5233 2334 5261 ››
2369 5244 2433 5253 ——
2480 5211 2575 5264 Ὧν
2632 5207 2803 5282 ἕνεκα,
2859 5217 2961 5280 τῆς
3019 5213 3330 5288 νεκρώσεως
3385 5208 3599 5282 δηλαδὴ

1954 5299 2043 5354 καὶ
2072 5305 2172 5369 τῆς
2203 5299 2279 5361 εἷς
2330 5296 2464 5370 ᾅδην
2510 5296 2742 5364 καθόδου
2785 5298 2873 5354 καὶ
2924 5298 3022 5354 ὅσα
3067 5299 3191 5377 περὶ
3235 5301 3299 5355 τὸ
3331 5302 3598 5376 σωτήριον

1953 5387 2144 5457 πάθος,
2196 5387 2514 5466 εὐφρανοῦσί
2557 5409 2615 5442 σε
2662 5387 2713 5442 ἐν
2762 5392 2841 5460 τῷ
2889 5383 3133 5453 σέϐεσθαί
3163 5410 3220 5444 σε
3245 5393 3354 5444 τῶν
3393 5393 3600 5444 πιστῶν

1957 5477 2009 5530 αἱ
2036 5476 2231 5552 ψυχαὶ,
2257 5475 2316 5540 ἃς
2350 5474 2439 5532 διὰ
2484 5481 2582 5532 τοῦ
2630 5477 3004 5552 βαπτίσματος
3053 5479 3105 5532 οἱ
3153 5473 3600 5554 συγκληρονόμοι

1955 5571 2053 5635 τῆς
2086 5572 2184 5635 σῆς
2222 5565 2496 5642 βασιλείας
2528 5564 2826 5620 ἀπόστολοί
2855 5587 2950 5620 σου
2977 5568 3315 5643 γεννήσουσι.

2027 5697 2054 5725 ‹‹
2089 5674 2333 5750 Παρέοτη
2365 5676 2400 5743 ἡ
2437 5670 2723 5749 βασίλισσα
2770 5671 2828 5727 ἐκ
2877 5671 3062 5744 δεξιῶν
3113 5695 3206 5730 σου
3238 5673 3290 5728 ἐν
3321 5674 3604 5746 ἱματισμῷ

1955 5762 2238 5841 διαχρύσῳ
2291 5757 2790 5841 περιϐεϐλημένη,
2847 5761 3271 5838 πεποικιλμένη.
3319 5786 3349 5816 ››
3425 5794 3494 5805 --
3534 5762 3604 5819 Ἥ
