3998 6338
383 375 539 442 “83

381 596 599 672 Χριστῷ
682 595 1097 674 ἐνυμφεύσατο,
1156 598 1191 665 ἢ
1278 601 1675 673 παραστήσεται
1761 601 1832 671 τῇ
1900 595 2028 671 δόξῃ

378 685 546 741 αὐτοῦ
599 680 1044 759 περιϐεϐλημένη
1102 691 1182 757 τῷ
1236 685 1365 758 θείῳ
1427 687 1756 762 βαπτίσματι
1811 686 1900 742 καὶ
1956 693 2024 754 τῆ

376 780 476 831 τοῦ
544 775 856 848 Πνεύματος
932 774 1117 851 χάριτι
1173 822 1189 848 ,
1265 777 1354 831 καὶ
1431 775 1834 849 πεποικιλμένη
1907 781 2026 836 ταῖς

381 865 618 942 ἀρεταῖς.

451 977 482 1005 ‹‹
513 956 801 1024 Ἄκουσον,
843 953 1094 1030 θύγατερ,
1140 957 1229 1010 καὶ
1281 953 1383 1027 ἴδε,
1441 957 1531 1010 καὶ
1587 955 1773 1011 κλῖνον
1819 957 1882 1010 τὸ
1940 953 2031 1016 οῦς

381 1063 500 1098 σου.
560 1068 588 1095 »
643 1075 713 1085 —
770 1042 870 1098 Καὶ
924 1044 1165 1120 θύγατρα
1215 1045 1307 1099 καὶ
1363 1044 1580 1123 νύμφην
1639 1047 1873 1119 Χριστοῦ
1929 1047 2028 1112 τήν

380 1135 491 1187 τῶν
549 1129 853 1207 ὁρθοδόξων
914 1130 1239 1203 Ἐκκλησίαν
1303 1135 1332 1188 6
1389 1136 1685 1210 Προφήτης
1739 1140 1919 1204 καλεῖ,
1968 1134 2031 1188 τὸ

386 1221 480 1294 μὶν
531 1221 606 1282 ὡς
657 1222 1098 1298 ἀναγεννηθεῖσαν
1147 1222 1293 1295 αύτῷ
1341 1220 1430 1277 διὰ
1477 1228 1574 1278 τοῦ
1636 1223 2030 1298 βαπτίσματος,

378 1309 443 1365 τὸ
465 1307 512 1365 δ’
541 1310 616 1372 ὡς
647 1312 1006 1384 ἁρμοσθεῖσαν
1057 1308 1147 1366 διὰ
1191 1315 1289 1366 τοῦ
1344 1312 1673 1388 ΕὐαγγεΑίου
1706 1355 1720 1368 .
1763 1314 2031 1367 ’Ἄκουσον

382 1397 498 1470 οὖν,
547 1397 730 1477 φησῖν,
780 1399 814 1452 ἃ
873 1399 1038 1476 λέγω,
1098 1401 1188 1454 καὶ
1247 1397 1327 1455 ἴδε
1379 1402 1447 1455 τά
1504 1398 1594 1455 διὰ
1650 1401 2034 1474 σέπαθήματά

377 1508 441 1543 τε
478 1489 569 1543 καὶ
626 1489 874 1561 θαύματα
925 1493 1023 1544 τοῦ
1079 1489 1370 1544 Δεσπότου·
1428 1489 1518 1543 καὶ
1569 1489 1763 1553 ὑπόθες
1820 1491 1883 1544 τὸ
1940 1489 2032 1551 οῦς

382 1575 432 1633 ἐν
459 1581 576 1639 ταῖς
606 1575 772 1632 αὐτοῦ
803 1574 1071 1647 ἐντολαῖς,
1117 1578 1210 1633 καὶ
1257 1577 1517 1634 ἐπιλάθου
1561 1583 1659 1633 τοῦ
1699 1576 1880 1641 ἔθνους
1912 1597 2028 1634 σου·

375 1664 619 1721 τουτέστι
647 1672 747 1731 τῆς
786 1672 1030 1742 πονηρᾶς
1059 1667 1342 1729 πολιτείας
1400 1667 1574 1722 αὐτῶν
1622 1667 1711 1722 καὶ
1756 1672 1853 1722 τοῦ
1899 1672 2032 1723 ναοῦ

378 1759 476 1810 τοῦ
505 1754 631 1830 πρὶν
662 1755 864 1830 πατρὸς
890 1759 988 1810 τοῦ
1019 1750 1302 1812 διαϐόλου.

1619 376 2046 440 NIGEPHORI
2088 375 2530 443 BLEMMIDE

384 505 700 584 βασίλισσαν
762 503 907 584 λέγει
963 507 1064 576 τήν
1125 508 1447 583 συναγωγὴν
1493 513 1602 564 τῶν
1650 503 1904 579 εὐσεϐῶν,
1962 509 2030 577 ἢν
2059 510 2113 576 Α

3651 379 3807 442 14θᾶ

2727 517 3020 569 ΨΑΛΜΟΣ
3059 510 3194 572 ME'.

2214 600 2362 661 «Εἰς
2389 598 2546 663 τέλος
2605 602 2736 674 ὑπὲρ
2777 608 2882 657 τῶν
2944 603 3074 656 υἱῶν
3129 600 3285 673 Κορὲ,
3338 600 3477 676 ὑπὲρ
3525 603 3643 655 τῶν
3679 621 3811 676 κρυ-

2136 685 2293 762 φίων.
2330 712 2358 740 ››
2389 721 2457 732 -ο
2509 691 2579 745 Τὸ
2792 691 2924 766 ὑπὲρ
2979 695 3085 744 τῶν
3136 691 3267 744 υἱῶν
3326 691 3475 764 Κορὲ
3539 689 3668 744 ἀντὶ
3716 696 3808 744 τοῦ

2138 772 2230 830 διά
2253 781 2360 832 τῶν
2388 779 2517 832 υἱῶν
2558 780 2699 855 Κορὲ
2729 777 2984 849 δηλονότι
3018 777 3243 851 ἔψαλται
3287 777 3368 850 τῷ
3419 776 3620 848 Δαυίδ,
3653 779 3722 833 τὸ
3753 777 3807 834 δὲ

2140 865 2271 940 ὑπὲρ
2320 871 2428 921 τῶν
2479 868 2719 945 κρυφίων
2769 868 2885 923 ἀντὶ
2929 873 3025 922 τοῦ
3074 868 3197 942 περὶ
3241 871 3350 922 τῶν
3399 866 3807 942 κεκρυμμένων

2135 960 2255 1016 τοῖς
2283 955 2517 1018 πολλοῖς
2554 976 2567 990 ⁸
2619 953 2998 1032 αἰνιγματώδη
3049 958 3153 1031 γάρ
3204 956 3257 1012 ἐν
3305 955 3458 1028 αύτῷ
3485 959 3564 1010 τὰ
3596 956 3802 1014 πολλά.

2141 1039 2366 1116 Εἴρηται
2401 1040 2457 1097 δὲ
2489 1045 2516 1098 6
2560 1043 2780 1116 ψαλμὸς
2826 1044 3107 1119 προσώπῳ
3159 1047 3266 1097 τῶν
3326 1042 3670 1098 ἀποστόλων
3721 1046 3806 1098 καὶ

2146 1132 2428 1207 μαρτύρων
2491 1178 2505 1203 ,
2565 1133 2952 1206 προαγορεύων
3045 1130 3171 1193 τοὺς
3271 1138 3372 1200 τῆς
3465 1129 3802 1198 ’ὦικλησίας

2143 1217 2419 1295 διωγμοὺς
2466 1219 2556 1275 καὶ
2584 1222 2682 1290 τὴν
2729 1220 2932 1291 ταύτης
2981 1220 3263 1292 ὑπομονήν
3313 1220 3404 1274 καὶ
3449 1221 3560 1288 τὴν
3617 1219 3808 1297 ἐφεξῆς

2143 1309 2390 1384 εἰρήνην.

2213 1440 2241 1467 ‹‹
2273 1417 2403 1478 Θεὸς
2432 1419 2592 1488 ἡμῶν
2625 1417 2902 1494 καταφυγή
2935 1416 3023 1470 καὶ
3055 1413 3301 1489 δύναμις,
3339 1417 3557 1491 βοηθὸς
3601 1415 3656 1470 ἐν
3693 1415 3810 1470 θλί-

2141 1506 2264 1576 ψεσι
2299 1509 2417 1566 ταῖς
2468 1503 2745 1580 εύρούσαις
2789 1507 2937 1578 ἡμᾶς
2982 1503 3207 1582 σφόδρα.
3261 1528 3291 1556 ››
3340 1538 3412 1547 -
3459 1506 3545 1562 Τὸ
3599 1505 3810 1582 σφόδρα

2140 1593 2276 1668 πρὸς
2305 1593 2367 1648 τὸ
2401 1594 2604 1668 βοηθὸς
2643 1593 2959 1651 ἀποδοτέον.

2212 1705 2242 1732 κ
2274 1684 2372 1736 Διά
2406 1687 2569 1738 τοῦτο
2617 1682 2680 1738 ού
2730 1678 3156 1758 φοϐηθησόμεθα
3201 1683 3255 1739 ἐν
3309 1688 3389 1755 τῷ
3435 1683 3805 1756 ταράσσεσθαι

2138 1771 2235 1840 τήν
2265 1778 2387 1847 γῆν.
2439 1795 2567 1822 ››-
2621 1773 2771 1829 Ἐπεὶ
2824 1777 3068 1828 τοιοῦτον
3134 1773 3330 1848 βοηθὸν
3385 1771 3636 1848 ἔχομεν,
3695 1770 3808 1828 οὐδ’

451 1867 481 1894 τί
534 1844 635 1898 καὶ
716 1845 1181 1918 προσκυνήσουσιν
1260 1843 1408 1916 αὖτῷ
1480 1844 1766 1920 θυγατέρες
1846 1846 2029 1922 Τύρου
2060 1869 2108 1936 Β
2139 1860 2197 1913 ἂν
2231 1843 2403 1914 πάντα
2469 1857 2580 1915 ἅνω
2637 1862 2726 1916 καὶ
2783 1861 2931 1917 κάτω
2987 1861 3207 1936 γένηται
3268 1860 3654 1934 δειλιάσομεν.
3713 1864 3807 1917 Διά

380 1930 432 1989 ἐν
467 1928 690 2008 δώροις.
744 1956 775 1985 ιι
820 1965 890 1975 -
933 1933 1032 1988 Καὶ
1082 1935 1118 2002 ἡ
1162 1936 1262 2003 τῆς
1315 1931 1769 2008 εἰδωλολατρείας
1823 1935 2028 2011 μητρό-

376 2018 544 2084 πολις
565 2020 737 2096 Τύρος
767 2019 820 2076 ἐν
854 2019 1054 2097 δώροις
1083 2019 1208 2091 ἤτοι
1245 2022 1380 2095 μετά
1429 2021 1620 2099 δώρων
1671 2026 2031 2099 προσκυνήσει

378 2114 615 2184 Χριστῷ.

451 2224 481 2251 ιι
512 2200 583 2253 Τὸ
612 2195 902 2274 πρόσωπόν
935 2219 1032 2254 σου
1077 2197 1478 2256 λιτανεύσουσιν
1530 2203 1586 2256 οἱ
1632 2201 1888 2257 πλούσιοι
1933 2207 2031 2257 τοῦ

379 2285 540 2345 λαοῦ.
572 2311 602 2339 »
631 2321 702 2330 —
731 2287 1031 2364 ΙΙρόσωπον
1081 2286 1206 2357 ἤτοι
1251 2290 1460 2368 κεφαλή
1507 2298 1608 2361 τῆς
1636 2291 1960 2363 Έκκλησίας
2000 2293 2028 2346 6

379 2376 613 2452 Χριστὸς
645 2422 661 2449 ,
723 2377 780 2432 ὃν
832 2376 1200 2433 λιτανεύσουσι
1232 2425 1247 2451 ,
1318 2379 1562 2435 τουτέστι
1626 2385 1878 2454 τιμῶσι,
1938 2381 2026 2436 καὶ

379 2464 730 2539 διετεύσουσι,
760 2466 849 2520 καὶ
881 2466 1172 2541 ἡγεμόνες,
1197 2468 1286 2522 καὶ
1321 2467 1582 2544 βασιλεῖς.

453 2593 482 2628 α
537 2578 693 2629 Πᾶσα
764 2577 800 2643 ἡ
878 2571 1004 2644 δόξα
1074 2582 1176 2644 τῆς
1255 2577 1520 2652 θυγατρὸς
1577 2581 1677 2630 τοῦ
1757 2577 2025 2650 βασιλέως

378 2658 593 2719 ἔσωθεν.
629 2685 658 2714 ››
690 2696 759 2706 -
787 2660 1367 2737 Κεκαλλωπισμένους,
1422 2665 1608 2743 φησὶν,
1658 2665 1873 2720 ἀκούων
1922 2674 2022 2736 τῆς

374 2757 475 2820 τῆς
508 2749 790 2825 βασιλίδος
820 2750 1166 2827 Έκκλησίας,
1218 2752 1411 2810 ἔσωθεν
1462 2755 1595 2810 εἶναι
1638 2755 1863 2818 τούτους
1909 2755 2021 2810 νόει

379 2859 475 2912 μοι
503 2839 593 2894 καὶ
625 2839 700 2902 εἰς
733 2841 941 2915 ψυχὴν.

447 2952 478 2980 ι(
509 2929 596 2984 Ἐν
636 2935 970 3006 κροσσωτοῖς
1019 2936 1248 3006 χρυσοῖς
1294 2927 1738 3006 περιϐεϐλημένη
1764 2981 1780 3006 ,
1830 2954 2022 2989 πεποι-

372 3016 631 3091 κιλμένη.
691 3043 720 3070 ››
780 3051 848 3062 -
899 3018 1251 3095 Κροσσωτοὺς
1305 3019 1433 3090 ἤτοι
1485 3021 1710 3095 κρόσσια
1754 3023 1865 3077 νόει
1925 3044 2019 3096 μοι

372 3107 470 3168 τὰς
492 3103 804 3169 πολυειδεῖς
828 3106 1042 3182 ἀρετὰς,
1073 3109 1163 3162 καὶ
1189 3110 1256 3162 τὰ
1287 3105 1517 3187 διάφορα
1563 3114 1661 3164 τοῦ
1703 3110 2021 3184 ΙΙνεύματος

374 3195 710 3272 χαρίσματα,
742 3195 815 3250 ὥν
847 3197 910 3251 τὸ
937 3197 1121 3269 τίμιον
1153 3197 1437 3253 αἰνίττεται
1469 3201 1497 3254 6
1523 3201 1750 3275 χρυσός.

440 3308 470 3336 ‹‹
527 3285 1023 3361 ’Δπενεχθήσονται
1096 3291 1176 3358 τῷ
1257 3287 1473 3362 βασιλεῖ
1527 3289 1779 3362 παρθένοι
1843 3289 2020 3346 ὀπίσω

367 3373 557 3444 αὐτῆς.
618 3397 648 3427 n
705 3406 776 3417 ——
829 3374 983 3432 Μετᾶ
1034 3375 1135 3444 τήν
1193 3375 1442 3432 σύστασιν
1493 3385 1594 3448 τῆς
1653 3377 2017 3451 Ἐκκλησίας,

367 3462 586 3539 ὕστερον
645 3463 735 3518 καὶ
809 3464 844 3533 ἡ
901 3465 1159 3541 παρθενία
1187 3510 1202 3534 ,
1261 3466 1422 3544 φησὶν
1456 3513 1472 3538 ,
1529 3470 1564 3536 ἡ
1627 3468 1702 3540 μή
1758 3467 2021 3542 πρότερον

370 3549 594 3622 ζηλωτή
625 3550 1094 3626 πολιτευθήσεται,
1143 3554 1232 3609 καὶ
1278 3555 1363 3609 σοὶ
1408 3553 1488 3628 τῷ
1523 3555 1738 3632 βασιλεῖ
1761 3555 2016 3632 παρθένοι

365 3640 540 3714 ψυχαὶ
595 3643 1039 3718 προσαχήσονται
1095 3642 1425 3718 χαίρουσαι,
1483 3645 1574 3699 καὶ
1633 3643 1800 3717 μηδὲν
1850 3647 2018 3721 ἡγού-

369 3747 521 3800 μεναι
548 3727 613 3782 τὸ
663 3731 762 3797 τῆς
809 3730 1099 3806 παρθενίας
1147 3731 1425 3804 ἐπίπονον,
1473 3730 1668 3788 διάτὸν
1707 3733 1797 3788 σὸν
1819 3731 2011 3806 ἔρωτα.

366 3813 610 3885 Πλησίον
663 3814 722 3872 δὲ
775 3814 930 3873 αὗται
958 3826 1059 3888 τῆς
1093 3818 1417 3892 Ἐκκλησίας
1456 3826 1535 3894 τῷ
1578 3821 1769 3897 τρόπῳ
1817 3819 1908 3876 διὰ
1951 3822 2016 3876 τὸ

366 3902 688 3977 ὁμόπιστον,
740 3903 942 3969 αἶ’τινος
991 3907 1065 3970 εἰς
1112 3910 1204 3964 τὸν
1254 3909 1503 3986 οὐράνιον
1548 3912 1676 3966 ναὸν
1725 3912 1801 3974 ὡς
1831 3910 2013 3967 θυσίαν

369 3993 513 4069 ἀχθή
520 4013 702 4049 σονται
713 4036 726 4051 .

441 4105 472 4134 ‹‹
506 4081 654 4138 ’Δντὶ
697 4088 806 4139 τῶν
853 4085 1098 4160 πατέρων
1153 4107 1249 4142 σου
1297 4085 1652 4162 ἐγεννήθησαν
1698 4088 1807 4144 υἱοί
1844 4110 1950 4146 σοι.
1986 4113 2015 4141 »

367 4201 438 4214 --
465 4171 611 4246 Πρὸς
656 4173 759 4242 τὴν
808 4173 1131 4244 Ἐκκλησίαν
1177 4177 1205 4230 6
1249 4173 1436 4253 λόγος.
1489 4176 1809 4250 Ἐπελάθου,
1859 4179 2015 4256 φησὶ,

364 4263 474 4315 τῶν
505 4261 752 4336 πατέρων
801 4282 922 4317 σουο
971 4263 1062 4318 καὶ
1112 4264 1230 4319 ἀντὶ
1276 4265 1484 4321 τούτων
1533 4261 1742 4321 ἔσονται
1789 4268 2015 4344 πατέρες

365 4347 594 4404 πολλῶν
625 4351 679 4406 οἱ
705 4351 1040 4427 γεννηθέντες
1072 4352 1132 4408 ἐκ
1160 4357 1256 4409 σοῦ
1287 4351 1378 4409 διὰ
1403 4360 1499 4410 τοῦ
1535 4355 1927 4431 βαπτίσματος.

443 4480 464 4506 ιι
513 4459 874 4528 Καταστήσεις
951 4459 1144 4522 αὐτοὺς
1213 4462 1484 4538 ἄρχοντας
1544 4461 1630 4517 ἐπὶ
1687 4468 1858 4517 πᾶσαν
1916 4463 2015 4532 τὴν

363 4549 488 4619 γῆν.
524 4571 546 4599 ιι
583 4549 814 4622 -Ὄρα
867 4551 967 4617 τήν
1027 4548 1266 4620 ἐξουσίαν
1322 4557 1422 4621 τῆς
1481 4549 1806 4622 Ἐκκλησίας
1861 4550 1960 4621 ὅση
1998 4569 2011 4581 ⁸

2139 1949 2346 2004 τούτων
2375 1946 2433 2004 δὲ
2478 1954 2586 2004 τῶν
2640 1949 2820 2026 ῥητῶν
2859 1952 2959 2020 τὴν
3009 1946 3324 2026 ὑπερϐολὴν
3372 1955 3487 2006 τῶν
3534 1949 3803 2006 κινδύνων

2141 2037 2384 2111 ᾐνίξατο.

2213 2151 2242 2178 κ
2275 2132 2526 2202 ’Ἦχησαν
2579 2127 2670 2182 καὶ
2735 2127 3106 2204 ἐταράχθησαν
3157 2130 3229 2184 τὰ
3271 2126 3445 2184 ὕδατα
3500 2129 3686 2184 αὐτῶν
3732 2173 3746 2184 .
3783 2155 3808 2180 ι»

2140 2247 2208 2258 -
2239 2213 2662 2290 ΙΙαντοδύναμος
2707 2219 2737 2272 6
2789 2217 2993 2293 βοηθὸς
3258 2217 3538 2280 πολλάκις
3588 2219 3696 2293 γὰρ
3746 2221 3811 2273 τά

2139 2302 2304 2359 ὕδατα
2331 2309 2440 2359 τῶν
2474 2304 2753 2368 θαλασσῶν
2805 2302 3180 2382 ἐϐρυχήσαντό
3232 2309 3322 2362 καὶ
3364 2303 3796 2381 ἀνεϐράσθησαν,

2138 2395 2226 2448 καὶ
2255 2395 2322 2448 τά
2351 2389 2453 2469 ὄρη
2485 2394 2792 2464 ἐσείσθησαν
2923 2393 3146 2468 δυνάμει
3174 2395 3359 2453 αὐτοῦ.

2209 2506 2238 2536 ‹‹
2297 2487 2402 2537 Τοῦ
2457 2488 2708 2556 ποταμοῦ
2774 2485 2841 2539 τὰ
2916 2485 3218 2560 όρμήματα
3271 2485 3626 2562 εὐφραίνουσι
3695 2490 3796 2556 τήν

2134 2570 2297 2626 πόλιν
2326 2577 2424 2625 τοῦ
2454 2577 2609 2628 Θεοῦ.
2643 2597 2672 2625 ››
2703 2606 2773 2616 -
2802 2573 3063 2646 Ποταμὸς
3109 2575 3176 2628 τὸ
3224 2577 3454 2646 Πνεῦμα
3498 2577 3563 2629 τὸ
3614 2577 3794 2650 ἅγιον⁸

2134 2660 2430 2735 ὁρμήματά
2477 2661 2641 2716 αὐτοῦ
2686 2663 2755 2716 τά
2806 2659 3036 2740 διάφορα
3084 2663 3439 2740 χαρίσματα’
3481 2664 3652 2726 πόλις
3695 2669 3791 2718 τοῦ

2132 2753 2267 2805 Θεοῦ
2295 2750 2358 2804 τὸ
2388 2749 2642 2822 σύστημα
2666 2755 2772 2804 τῶν
2804 2756 3030 2809 πιστῶν.

2208 2863 2230 2889 ι
2262 2838 2481 2912 Ἠγίασε
2533 2839 2598 2894 τὸ
2646 2840 2912 2914 σκήνωμα
2968 2840 3133 2896 αὐτοῦ
3191 2841 3220 2894 6
3288 2843 3571 2914 Ὕψιστος.
3629 2866 3662 2893 ιι
3710 2874 3782 2885 —

2127 2928 2481 3002 Ἡγιασμένον
2555 2930 2820 3002 σκήνωμα
2895 2935 3028 2984 Θεοῦ
3084 2931 3119 2998 ἡ
3181 2929 3529 3000 Ἐκκλησία,
3584 2933 3646 2997 ἧς
3716 2929 3766 2982 ἐν

2134 3017 2282 3088 μέσῳ
2339 3015 2478 3070 ἐστὶν
2538 3017 2568 3071 6
2625 3017 2874 3088 Χριστὸς,
2933 3017 3326 3094 ἀπερίτρεπτον
3379 3019 3542 3087 αὐτὴν
3589 3016 3772 3095 διαφυ-

2130 3103 2338 3160 λάττων
2365 3109 2482 3167 τοῖς
2513 3112 2860 3181 πειρασμοῖς.

2203 3218 2232 3245 ‹‹
2273 3195 2544 3264 Βοηθήσει
2601 3194 2738 3269 αὐτῇ
2794 3196 2824 3250 6
2881 3196 3010 3257 Θεὸς
3063 3195 3126 3250 τὸ
3185 3198 3323 3273 πρὸς
3371 3198 3523 3272 πρωῒ
3559 3193 3728 3270 πρωί,
3763 3219 3792 3246 ιι

2129 3284 2218 3338 Ἐν
2244 3288 2362 3345 ταῖς
2409 3283 2746 3357 περιστάσεσι
2802 3286 3062 3359 βοηθήσει
3105 3285 3245 3360 αὐτῇ
3274 3286 3412 3340 κατά
3439 3286 3504 3340 τό
3535 3287 3688 3361 πρωὶ
3721 3308 3793 3339 ων

2127 3371 2509 3446 πρωϊαίτερον,
2540 3369 2707 3449 ἤγουν
2738 3373 2874 3428 κατὰ
2899 3372 3070 3449 τάχος
3101 3377 3307 3450 τάχους
3327 3374 3660 3451 τάχύτερον.

2206 3483 2234 3515 ι
2263 3460 2670 3536 Ἐταράχθησαν
2719 3459 2864 3532 ἔθνη.
2900 3485 2928 3513 ››
2961 3495 3029 3506 —
3058 3468 3164 3517 Τοῦ
3192 3462 3538 3538 Εὐαγγελίου
3579 3484 3800 3537 κηρυσ-

2127 3550 2359 3623 σομὲνου
2390 3552 2806 3621 συνεκινήθησαν
2855 3551 3071 3623 πάντες,
3121 3553 3178 3606 οἱ.
3212 3553 3306 3625 μὶν
3354 3553 3798 3629 προστρέχοντες

2123 3642 2192 3708 τῇ
2224 3638 2422 3710 πίστει,
2455 3640 2508 3693 οἱ
2539 3636 2595 3694 δὲ
2624 3639 2792 3708 αὐτῆς
2822 3640 3270 3716 κατατρέχοντες.

2204 3725 2516 3783 σ’Ἕὶκλιναν
2580 3725 2873 3803 βασιλεῖαι.
2920 3749 2948 3782 ι
3001 3761 3072 3770 -
3119 3728 3284 3792 Τίνὲς
3345 3731 3439 3803 μὲν
3519 3731 3800 3807 βασιλεῖαι

2123 3815 2465 3889 πολεμοῦσαι
2538 3823 2607 3886 τῆ
2689 3815 2988 3888 Ἐκκλησία
3059 3819 3378 3889 ἡττήθησαν
3439 3838 3454 3851 ⁶
3524 3821 3679 3883 τινες
3740 3819 3797 3876 δὲ

2126 3903 2464 3978 ὑπετάγησαν
2490 3903 2629 3974 αύτῆ
2662 3901 2751 3959 διὰ
2778 3903 3033 3969 πίστεως.

2199 4017 2221 4044 ι
2255 3988 2491 4047 Ἔδωκεν
2547 3993 2729 4068 φωνην
2787 3991 2951 4046 αὐτοῦ
3012 3993 3039 4047 6
3098 3996 3382 4066 Ὕψιστος·
3440 3992 3717 4067 ἐσαλεύθη
3759 3998 3794 4065 ἠ

2123 4087 2218 4156 γῆ.
2252 4102 2282 4131 ››
2313 4112 2383 4122 -
2412 4078 2630 4134 Κελεύει
2664 4080 2830 4154 μόνον
2867 4081 2896 4134 6
2953 4080 3104 4155 Θεὸς,
3136 4082 3228 4137 καὶ
3262 4082 3460 4138 σείεται
3521 4087 3560 4154 ἡ
3618 4092 3716 4159 γῆ,
3739 4085 3795 4139 ὃν

2129 4167 2316 4244 βούλει
2349 4168 2594 4242 σεισμόν.

2201 4282 2222 4309 ι
2259 4257 2461 4334 Κύριος
2510 4261 2615 4312 τῶν
2667 4255 2945 4332 δυνάμεων
2985 4259 3101 4332 μεθ’
3149 4261 3340 4334 ἡμῶν.
3374 4284 3405 4313 ››
3459 4289 3528 4309 =

2123 4345 2326 4416 κλησία
2353 4346 2523 4401 ταῦτά
2551 4368 2704 4424 φησι.

2196 4434 2413 4505 «Τὸξον
2470 4434 2768 4512 συντρίψει,
2819 4435 2909 4490 καὶ
2961 4433 3257 4511 συγκλάσει
3319 4436 3524 4511 ὅπλον,
3581 4439 3791 4495 καίθυ-

2125 4521 2278 4597 ρεοῦς
2307 4524 2626 4578 κατακαύσει
2661 4523 2712 4579 ἐν
2762 4524 2911 4599 πυρί.
2967 4549 2996 4576 ››
3027 4558 3096 4567 —
3134 4525 3348 4582 Ὅπλον
3411 4525 3570 4604 λέγει
3597 4535 3703 4584 πᾶν
3732 4532 3792 4584 τὸ

3579 4267 3643 4318 Ἡ
3676 4263 3794 4317 Ἐκ-

364 4606 669 4708 ’ὲειροτονεῖ
700 4606 826 4698 τόὺς
877 4637 1027 4700 υἱοὺς
1077 4637 1212 4708 αύτῆ
1280 4642 1584 4714 προστάτας
1633 4642 1724 4695 καὶ
1773 4642 2014 4716 ἡγουμὲ-
2051 4606 2097 4671 D
2126 4612 2452 4716 aYXéfa'X‘o‘f
2485 4612 2738 4716 ὄργανον;

364 4740 491 4783 νους
523 4720 574 4775 ἐν
596 4721 739 4797 πάσῃ
785 4727 852 4798 τῇ
1039 4727 1100 4780 Οἱ
1151 4728 1252 4804 γάρ
1308 4733 1414 4782 τῶν
1475 4726 1810 4784 διδασκάλων
1852 4729 2014 4802 νόμοι

367 4807 460 4861 καί
513 4810 580 4866 τά
632 4811 840 4867 τούτων
918 4811 1167 4889 δόγματα
1239 4818 1338 4885 τήν
1405 4817 1733 4892 οἰκουμένην
1807 4818 2014 4872 ἅπασαν

373 4891 707 4974 διειλήφασι,
766 4900 855 4956 καὶ
917 4903 1132 4972 ζώντων
1192 4903 1367 4960 αύτῶν
1422 4907 1512 4960 καὶ
1579 4906 1847 4971 θανόντων
1876 4953 1890 4979 ,
1950 4905 2017 4961 τά

369 4983 577 5040 τούτων
607 4987 884 5064 ἐνεργοῦσι
915 4991 1188 5068 ἐνεργοῦσι
1219 4994 1573 5068 θεσπίσματα.

446 5096 475 5161 κ
508 5075 915 5153 Μνησθήσομαι
962 5085 1060 5136 τοῦ
1109 5081 1377 5155 ὀνόματός
1425 5105 1521 5138 σου
1564 5084 1615 5140 ἐν
1665 5086 1808 5160 πάσῃ
1866 5090 2020 5161 γενεᾷ

371 5158 466 5253 καί
493 5169 669 5253 γενεᾷ.
705 5189 734 5253 υ
764 5199 834 5209 -
862 5169 924 5224 Ἡ
954 5172 1306 5245 Χριστιανικὴ
1349 5171 1648 5244 Ἐκκλησία
1693 5158 1856 5229 ταυτά
1881 5158 2016 5253 φησι

371 5247 509 5322 πρὸς
536 5249 627 5304 τὸν
661 5252 877 5326 Κύριον.

445 5336 600 5390 «Διὰ
644 5343 804 5396 τοῦτο
880 5341 1006 5400 λαοὶ
1072 5345 1572 5424 ἐξομολογήσονταί
1644 5374 1727 5407 σοι
1787 5352 1865 5414 εἰς
1923 5354 2014 5407 τὸν

371 5420 560 5494 αἰῶνα,
614 5427 704 5480 καὶ
760 5429 836 5491 εἰς
892 5433 982 5486 τὸν
1038 5435 1208 5490 αἰῶνα
1263 5443 1360 5492 τοῦ
1417 5441 1634 5502 αἰῶνος.
1693 5467 1712 5492 ι
1749 5475 1817 5484 —
1867 5443 2013 5497 Διότι

367 5509 632 5600 τοσαύτης
695 5537 760 5588 με
814 5522 1155 5594 προμηθείας
1221 5527 1458 5597 ἠξίωσας
1492 5575 1506 5599 ,
1564 5528 1750 5600 πλήθη
1808 5535 2012 5586 πιστῶν

373 5594 808 5671 εύχαριστίσουσί
835 5628 942 5680 σοι,
974 5610 1062 5664 καὶ
1112 5610 1162 5665 ἐν
1211 5615 1370 5668 παντὶ
1417 5621 1495 5688 τῷ
1536 5622 1622 5672 νῦν
1657 5619 1808 5673 αἰῶνι
1840 5619 1927 5674 καὶ
1960 5620 2012 5675 ἐν

372 5685 452 5752 τῷ
486 5683 763 5755 μέλλοντι.

2201 4722 2229 4754 ιι
2261 4700 2600 4776 Σχολάσατε,
2651 4702 2741 4758 καὶ
2789 4707 2960 4778 γνῷτε
3002 4702 3090 4758 ὅτι
3132 4704 3244 4780 ἐγώ
3295 4706 3411 4780 εἰμι
3465 4709 3495 4762 6
3546 4707 3729 4771 Θεόςς.
3762 4733 3789 4759 ι»

2127 4820 2197 4832 ——
2248 4790 2580 4866 Ἡσυχάσατε
2654 4791 2760 4846 ἀπὸ
2832 4796 2938 4864 τῶν
3014 4792 3260 4870 στυνεχῷν
3321 4797 3628 4869 πολέμων,
3686 4801 3789 4869 τῶν

2127 4877 2400 4950 αἰσθητῶν
2462 4878 2552 4932 καὶ
2606 4880 2844 4953 νοητῷν,
2905 4878 2993 4935 καὶ
3047 4881 3148 4950 τὴν
3201 4881 3344 4957 ἐμὴν
3402 4883 3675 4962 ἐπίγνωτε
3704 4883 3790 4940 δύο

2125 4987 2306 5039 ναμιν.

2729 5081 3024 5132 ΨΑΑΜΟΣ
3063 5083 3180 5146 ut.

2200 5202 2229 5231 «
2259 5178 2355 5242 Εἰς
2393 5179 2552 5242 τέλος
2601 5180 2734 5257 ὑπὲρ
2779 5187 2888 5236 τῶν
2923 5183 3054 5237 υἱῶν
3103 5184 3266 5255 Κορέ.
3323 5209 3355 5237 »
3385 5220 3460 5232 —
3502 5192 3792 5263 Προσώπφ

2123 5271 2232 5323 τῶν
2263 5267 2583 5324 ἀποστόλων
2608 5270 2995 5347 προαγορεύων
3026 5271 3091 5327 τὸ
3135 5273 3420 5346 ἀήττητον
3469 5280 3672 5356 κράτος
3702 5285 3792 5334 τοῦ

2126 5355 2478 5433 εύαγγελικοῦ
2505 5378 2572 5428 κη
2583 5357 2882 5432 ρύγματος.

2196 5447 2442 5500 «Πάντα
2499 5446 2565 5500 τὰ
2632 5444 2752 5516 ἔθνη
2813 5450 3114 5521 κροτήσατε
3172 5457 3373 5528 χεῖρας
3409 5499 3425 5526 ,
3487 5456 3787 5528 ἀλαλάξατε

2122 5537 2345 5621 τῷ-Θεῷ
2378 5534 2429 5588 ἐν
2481 5541 2633 5611 φωνῆ
2684 5532 3085 5608 ἀγαλλιάσεως.
3119 5541 3243 5593 Ὅτι
3286 5542 3495 5619 Κύριος
3547 5546 3784 5621 ὕψιστος,

2124 5619 2373 5698 φοϐερὸς,
2437 5621 2689 5696 βασιλεὺς
2746 5623 2910 5700 μέγας
2964 5623 3051 5679 ἐπὶ
3113 5632 3294 5683 πᾶσαν
3344 5633 3452 5702 τήν
3666 5661 3687 5686 ι
3721 5665 3784 5678 --

2124 5711 2330 5766 Διότιὸ
2359 5713 2587 5788 Χριστὸς
2632 5711 2857 5788 ὕψιστος
2907 5715 3042 5770 κατὰ
3087 5717 3187 5785 τὴν
3239 5717 3509 5797 θεότητα,
3557 5719 3782 5803 φοϐερὸς
