3998 6430
226 424 388 491 μοις

1442 428 1858 495 EXPOSITIO
1900 428 1982 494 IN
2028 431 2418 498 PSALMOS.

3479 425 3639 490 1466

224 563 316 616 νῦν
345 558 453 616 ἀπὸ
508 561 613 616 τῶν
665 559 906 634 σημείων
956 556 1030 615 ὧν
1082 561 1200 616 καθ’
1257 561 1480 634 ἑκάστην
1527 567 1878 640 τερατουργεῖ
1906 566 1959 632 Α
1986 565 2050 619 τὸ
2077 559 2205 641 ὅρος
2252 565 2343 621 καὶ
2372 565 2473 636 τήν
2504 563 2686 621 πόλιν.
2733 559 2952 640 Πλευρὰ
2999 556 3058 616 δὲ
3108 557 3252 638 λέγει
3300 556 3368 615 τὰ
3408 554 3640 634 πλάγια.

225 649 319 706 καὶ
381 649 636 725 βασιλεὺς
697 652 865 726 μέγας
923 649 1065 721 ὅλης
1119 657 1218 720 τῆς
1273 659 1402 726 γῆς.
1453 658 1620 708 Τοῦτο
1676 651 1733 708 δὲ
1763 654 1880 707 εἶπε

231 737 324 794 διὰ
349 739 476 802 τοὺς
521 739 884 815 προσκαίρους
933 740 1198 816 βασιλεῖς,
1247 741 1336 796 καὶ
1364 745 1468 818 γῆς
1508 745 1714 820 μικρῶν
1747 762 1878 818 κρα-

229 832 458 889 τοῦντας
497 833 695 906 μερῶν.

306 940 335 970 ‹‹
363 913 607 988 Ὑπέταξε
656 916 822 980 λαοὺς
866 921 1022 992 ἡμῖν,
1069 919 1159 974 καὶ
1209 917 1335 989 ἔθνη
1387 920 1490 976 ὑπὸ
1537 919 1663 982 τοὺς
1710 917 1880 982 πόδας

230 1009 414 1079 ἡμῶν.
471 1030 500 1058 ››
549 1039 617 1049 —
661 1008 836 1070 Ααοὺς
887 1005 1033 1083 λέγει
1084 1008 1210 1071 τοὺς
1259 1009 1310 1079 ἐξ
1361 1007 1634 1065 Ἰουδαίων
1667 1008 1881 1064 πιστεύ-

235 1115 449 1158 σανταςο
509 1095 636 1166 ἔθνη
695 1096 823 1158 τοὺς
880 1096 940 1151 ἐκ
986 1102 1094 1152 τῶν
1142 1096 1350 1154 λοιπῶν
1389 1102 1583 1172 γενῶν·
1632 1099 1722 1153 καὶ
1770 1097 1882 1152 πά-

232 1182 320 1238 λιν
375 1183 749 1260 κληρονομίαν
819 1186 1009 1240 ὲαυτοῦ
1082 1186 1211 1248 τοὺς
1287 1187 1337 1259 ἐξ
1399 1186 1584 1241 ἐθνῶψ
1641 1185 1768 1248 τοὺς
1828 1185 1880 1256 ἐξ

227 1270 505 1330 Ἰουδαίων
559 1270 617 1327 δὲ
665 1271 944 1342 καλλονῆν
993 1271 1206 1332 Ἰακὼϐ.
1261 1275 1544 1346 Καλλονήν
1602 1271 1660 1330 δέ
1717 1297 1878 1352 φησιν

231 1362 307 1424 ὼς
338 1361 690 1435 κατάλειμμα
718 1362 808 1417 καί
857 1363 931 1424 ὡς
977 1362 1236 1439 ἐκλογήνο
1284 1366 1352 1419 τὰ
1398 1367 1502 1440 γάρ
1551 1365 1882 1441 ὑπερέχοντα

227 1453 338 1506 τῶν
370 1449 556 1507 ἄλλων
587 1451 900 1507 καταλείπει
932 1453 1106 1525 ἑαυτῷ
1144 1454 1418 1529 βασιλεύς.

302 1564 332 1592 ‹‹
365 1538 671 1611 Ἐξελέξατο
738 1544 873 1615 ἡμῖν
929 1544 1028 1611 τήν
1086 1540 1456 1620 κληρονομίαν
1515 1543 1727 1614 ἑαυτοῦ,
1780 1545 1879 1612 τὴν

227 1625 509 1698 καλλονὴν
543 1624 738 1686 Ἰακὼϐ
766 1631 827 1700 ἣν
877 1632 1176 1706 ἠγάπησεν.
1209 1653 1237 1684 »
1271 1663 1340 1675 —--
1367 1631 1438 1686 T6
1467 1633 1602 1704 ἡμῖν
1641 1631 1757 1686 ἀντὶ
1786 1635 1882 1686 τοῦ

232 1714 304 1772 δι’
332 1720 514 1792 ἡμῶν.

250 1857 255 1863 .
304 1831 334 1860 ‹‹
367 1805 562 1880 Ἀνέϐη
622 1811 651 1864 6
709 1810 837 1872 Θεὸς
897 1809 949 1864 ἐν
1007 1808 1366 1886 ἀλαλαγμῷ,
1426 1810 1514 1866 καὶ
1570 1809 1769 1887 Κύριος
1828 1809 1879 1866 ἐν

1990 655 2109 709 Εἶεν
2146 652 2191 709 δ’
2221 653 2280 709 ἂν
2313 651 2414 731 ὅρη
2466 655 2607 709 Σιὼν
2656 652 2746 708 καὶ
2795 651 2845 706 οί
2895 648 3234 722 διδάσκαλοι,
3287 648 3337 720 ἐξ
3386 649 3460 702 ὦν
3492 645 3640 702 πλα-

1985 743 2180 820 γιάζει,
2226 743 2498 799 τουτέστιν
2550 741 2809 809 ἐκκλίνει,
2856 742 2884 795 6
2937 739 3176 815 βορῥᾶς,
3225 735 3349 808 ἤτοι
3384 739 3411 792 6
3462 743 3638 792 Σατα-

1985 838 2102 896 νᾶς.
2135 831 2303 894 Πόλις
2333 831 2391 888 δὲ
2421 837 2555 889 Θεοῦ
2584 835 2619 902 ἡ
2651 831 2939 906 συναγωγὴ
2969 834 3076 884 τῶν
3107 832 3334 886 πιστῶν.

2060 947 2088 974 ‹‹
2122 923 2179 977 Ὁ
2229 920 2358 984 Θεὸς
2417 922 2468 976 ἐν
2526 927 2646 984 ταῖς
2706 919 2920 996 βάρεσιν
2972 918 3145 972 αὐτῶν
3202 917 3542 992 γινώσκεται.
3604 938 3634 967 »

1987 1043 2058 1054 —-
2091 1011 2531 1087 Ἐπιγινώσκεται
2581 1012 2609 1066 6
2658 1009 2859 1085 Κύριος
2907 1008 2960 1064 ἐν
3007 1011 3125 1069 τοῖς
3172 1005 3502 1081 πυργώμασι
3531 1011 3634 1074 τῆς

1988 1100 2202 1163 πόλεως
2251 1100 2312 1156 ἐκ
2365 1099 2566 1169 ταύτης
2625 1092 3109 1172 ἀντιλαμϐάνεσθαι
3164 1095 3253 1150 καὶ
3315 1092 3581 1172 διαφυλάτ
3617 1124 3636 1136 -

1987 1211 2096 1245 τειν
2129 1190 2295 1258 αὐτὴν
2325 1189 2662 1266 ἀπόρθητον.

2061 1304 2092 1332 ‹‹
2141 1283 2260 1333 Ὅτι
2315 1277 2434 1334 ἰδοὺ
2496 1280 2549 1333 οἱ
2619 1277 2860 1354 βασιλεῖς
2913 1283 3016 1346 τῆς
3071 1281 3178 1350 γῆς
3235 1275 3584 1348 συνήχθησαν
3625 1291 3638 1305 ·

1991 1366 2285 1440 διήλθοσαν
2345 1368 2433 1424 ἐπὶ
2487 1369 2552 1423 τὸ
2605 1367 2756 1425 αὐτό.
2818 1391 2846 1417 ››
2895 1363 3288 1441 -Παρῆλθον
3337 1360 3420 1418 ἐπ’
3471 1360 3642 1430 αὐτὴν

1991 1460 2154 1533 ὁμοῦ.

2063 1572 2092 1600 ‹‹
2123 1546 2290 1605 Αὐτοὶ
2339 1545 2545 1609 ἰδόντες
2592 1545 2766 1609 οὕτως
2813 1542 3135 1618 ἐθαύμασαν.
3184 1565 3213 1594 ››
3246 1541 3409 1594 -Τὸ
3457 1538 3632 1601 οὕτως

1991 1637 2108 1693 ἀντὶ
2134 1641 2252 1708 τοῦ,
2291 1637 2425 1710 μετᾶ
2449 1636 2513 1692 τὸ
2545 1633 2699 1692 ἰδεῖν.

2063 1750 2092 1779 ‹‹
2151 1727 2296 1782 Ἐκεῖ
2348 1723 2540 1788 ὠδῖνες
2591 1725 2668 1787 ὡς
2715 1720 3004 1792 τικτούσης
3038 1766 3052 1781 ,
3107 1744 3137 1772 ››
3194 1749 3266 1764 —-
3308 1723 3396 1775 Ἐν
3447 1715 3634 1778 αὐτοῖς

1991 1814 2216 1892 ἀγωνίαι
2248 1815 2338 1870 καὶ
2371 1814 2593 1889 ὑποψίαι
2624 1810 2886 1868 κινδύνων
2918 1807 3168 1888 σφοδραί.

233 1905 388 1978 φωνῆ
447 1897 768 1974 σάλπιγγος.
803 1922 833 1951 ››
876 1931 948 1942 —
997 1897 1350 1976 ’ΔλαΑαγμὸν
1394 1899 1484 1954 καὶ
1515 1901 1700 1978 φωνην
1747 1898 1884 1956 σάλ-
1914 1935 1963 2001 Β
2065 1928 2093 1956 ‹‹
2126 1905 2211 1958 Ἐν
2251 1901 2513 1976 πνεύματι
2558 1901 2722 1979 βιαίῳ
2769 1899 3074 1975 συντρίψεις
3114 1895 3286 1951 πλοῖα
3329 1898 3574 1969 Θαρσεῖς.
3609 1915 3638 1942 )›

519 1988 533 2001 .
753 1987 767 2001 .
856 1987 911 2001 ..
1087 1993 1114 2001 _
1405 1987 1416 2001 .
1628 1993 1655 2001 _
1699 1995 1737 2001 __
1821 1987 1833 2001 .
2164 1993 2222 2001 _.
2294 1998 2310 2001 _
2455 1995 2479 2001 _
2759 1988 2772 2001 .
2914 1987 2928 2001 .
3086 1985 3099 2001 .
3139 1983 3158 2001 ς
3376 1984 3432 2001 ,κ
3517 1980 3528 2001 1

231 2009 432 2064 πιγγος
477 1988 572 2050 τὰς
625 1987 806 2066 φωνὰς
856 1987 1004 2064 λέγει
1047 1993 1157 2044 τῶν
1203 1987 1558 2044 συνανιόντων
1588 1993 1669 2062 τῷ
1699 1987 1884 2065 Κυρίῳ
1914 1980 1963 2001 υ
1992 2025 2062 2034 --
2100 2017 2129 2044 α
2163 1993 2234 2046 Τὸ
2282 1995 2506 2067 Θαρσεῖς
2552 1988 2811 2066 τροπικὸν
2842 1987 2932 2045 καὶ
2966 1983 3333 2060 μονόκλητον.
3376 1980 3638 2060 Ἐφοίτων

233 2077 475 2154 ἀγγέλων
532 2078 669 2131 κατὰ
714 2078 815 2147 τήν
872 2077 1070 2133 τούτου
1125 2077 1420 2152 ἀνάληψιν,
1479 2079 1554 2141 ὡς
1611 2076 1882 2157 εὐφημίας

243 2166 541 2228 ἐπινικίους
576 2163 1123 2242 μεγαληγορούντων.

309 2280 338 2310 (ι
370 2254 594 2311 Ψάλατε
639 2260 721 2327 τῷ
768 2261 886 2328 Θεῷ
933 2259 1116 2330 ἡμῶν,
1165 2254 1392 2330 ψάλατε·
1440 2256 1649 2330 ψάλατε
1676 2261 1755 2328 τῷ
1787 2257 1884 2333 βα-

237 2345 383 2400 σιλεῖ
405 2348 586 2417 ἡμῶν,
616 2343 842 2419 ψάλατε.
879 2367 908 2397 ››
938 2378 1008 2388 --
1035 2347 1122 2415 Μὴ
1153 2343 1375 2421 γλώττῃ
1404 2345 1587 2419 μόνον,
1623 2344 1768 2402 ἀλλᾶ
1795 2345 1886 2402 καὶ

239 2455 346 2492 νοι.

319 2548 348 2576 ‹‹
383 2518 759 2580 Ἐϐασίλευσεν
816 2525 844 2579 6
901 2525 1030 2586 Θεὸς
1077 2523 1166 2580 ἐπὶ
1215 2525 1280 2578 τὰ
1325 2521 1473 2596 ἔθνη.
1513 2549 1535 2576 ιι
1570 2557 1638 2568 -
1669 2519 1886 2580 Ἐϐασί-

245 2616 400 2669 λευσε
445 2613 537 2668 καὶ
581 2615 718 2668 κατὰ
752 2613 815 2668 τὸ
861 2614 1058 2669 τούτου
1097 2614 1456 2690 ἀνθρώπινον,
1503 2613 1593 2668 καὶ
1631 2614 1766 2668 κατὰ
1791 2615 1891 2683 τὴν

243 2700 486 2757 ἐκούσιον
514 2706 622 2756 τῶν
656 2701 1092 2779 βασιλευομένων
1124 2704 1418 2778 ὑποταγήν.

321 2814 350 2842 (ί
379 2792 436 2843 '0
476 2791 606 2853 Θεὸς
650 2790 880 2862 κάθηται
929 2791 1016 2846 ἐπὶ
1064 2792 1256 2866 θρόνου
1309 2790 1466 2868 ἁγίου
1505 2792 1692 2850 αὐτοῦ.
1743 2818 1771 2846 ››
1822 2825 1892 2835 --

235 2882 296 2930 '0
326 2878 514 2951 θρόνος
568 2875 736 2948 δηλοῖ
779 2879 842 2933 τὸ
898 2877 1180 2955 βασιλικὸν
1233 2881 1323 2935 καὶ
1368 2881 1434 2936 τὸ
1481 2879 1808 2949 δικαστικὸν,
1852 2883 1886 2951 ἡ

242 2965 477 3042 καθέδρα
524 2967 586 3022 τὸ
637 2963 878 3042 βέϐαιον,
923 2971 958 3038 ἡ
1017 2964 1244 3045 ἁγιότης
1310 2969 1375 3025 τὸ
1421 2971 1653 3048 καθαρὸν
1713 2973 1891 3043 πάσης

248 3076 320 3133 πρ
328 3076 510 3112 οσωπο
518 3055 633 3130 ληψ
643 3057 722 3120 ίας
737 3099 750 3115 .

317 3167 345 3199 a
372 3147 675 3221 ’Ἄρχοντες
751 3145 898 3202 λαῶν
978 3149 1326 3223 συνήχθησαν
1407 3147 1542 3222 μετᾶ
1588 3153 1688 3205 τοῦ
1753 3156 1886 3207 Θεοῦ

1995 2079 2054 2138 δὲ
2108 2081 2198 2138 καὶ
2255 2078 2345 2136 διὰ
2395 2084 2504 2136 τῶν
2561 2077 2771 2136 πλοίων
2829 2081 2936 2132 τῶν
2984 2079 3207 2152 Θαρσεῖς
3251 2071 3511 2145 πολέμιοι
3566 2073 3636 2144 τῇ

1992 2169 2387 2248 Ἰερουσαλήμ.
2437 2173 2696 2226 Νοοῦνται
2742 2166 2800 2223 δὲ
2843 2166 3015 2222 πλοῖα
3069 2169 3314 2239 Θαρσεῖς,
3365 2158 3637 2217 τουτέστιν

1995 2260 2342 2328 ἀποστασίας,
2394 2258 2486 2314 καὶ
2544 2258 2597 2314 οἱ
2656 2255 2906 2330 δαίμονες
2960 2258 3040 2326 τῷ
3096 2249 3315 2330 σφοδρῷ
3375 2251 3635 2322 κινήματι

1991 2357 2092 2421 τῆς
2120 2349 2263 2412 θείας
2300 2349 2468 2425 ὀργῆς
2497 2341 2932 2422 συντριϐόμενοι.

2067 2462 2099 2493 (ι
2128 2439 2376 2512 Καθάπερ
2431 2436 2764 2509 ἠκούσαμεν,
2824 2433 2998 2495 οὕτως
3065 2431 3156 2486 καὶ
3217 2427 3451 2503 εἴδομεν.
3501 2451 3522 2481 ι
3574 2459 3644 2470 ~—

1997 2528 2330 2600 Ἠκούσαμεν
2405 2524 2768 2601 τερατουργὸν
2831 2521 3068 2599 γενέσθαι
3135 2520 3228 2576 τὸν
3303 2519 3431 2574 Θεὸν
3509 2517 3645 2591 ὑπὲρ

1995 2620 2094 2672 τοῦ
2150 2615 2286 2672 λαοῦ
2347 2613 2529 2670 αὐτοῦ.
2588 2617 2758 2668 Τοῦτο
2813 2611 2903 2666 καὶ
2960 2607 3142 2686 ἔργοις
3201 2605 3416 2682 εἷ’δομεν
3461 2609 3550 2660 νῦν
3592 2604 3643 2659 ἐν

1998 2706 2032 2774 ἡ
2043 2709 2150 2778 μῖν.

2069 2817 2098 2846 ‹‹
2130 2793 2186 2846 Ὁ
2243 2791 2374 2854 Θεὸς
2419 2788 2776 2864 έθεμελίωσεν
2833 2788 2998 2856 αὐτὴν
3055 2785 3133 2848 εἷς
3189 2784 3282 2841 τὸν
3339 2783 3553 2840 αἰῶνα.
3618 2805 3646 2834 κ

1998 2883 2270 2938 --Τοῦτο
2327 2883 2569 2958 φανερῶς
2624 2877 2748 2955 περῖ
2804 2879 2904 2948 τῆς
2961 2872 3316 2945 Ἐκκλησίας,
3357 2873 3429 2942 ἧς
3475 2869 3644 2927 πύλαι

1999 2965 2132 3042 ᾅδου
2163 2967 2225 3024 οὓ
2255 2968 2697 3044 κατισχύσουσιν.

2071 3081 2102 3113 κ
2131 3058 2277 3114 Κατὰ
2302 3058 2367 3114 τὸ
2422 3053 2597 3131 ὄνομά
2649 3077 2766 3125 σου,
2826 3055 2855 3112 6
2910 3055 3061 3127 Θεὸς,
3111 3052 3284 3115 οὕτως
3330 3051 3421 3106 καὶ
3469 3044 3644 3122 ὄνομά

2001 3167 2098 3203 σου
2145 3145 2232 3202 ἐπί
2279 3146 2348 3202 τὰ
2391 3146 2598 3222 πέρατα
2640 3152 2741 3215 τῆς
2791 3151 2919 3220 γῆς.
2972 3167 3002 3196 ››
3028 3174 3098 3185 --
3125 3145 3327 3216 ’Ὠσπερ
3370 3139 3434 3194 τὸ
3471 3132 3648 3210 ὄνομά

243 3229 495 3311 Δϐραάμ.
527 3260 550 3289 ι
584 3267 652 3278 -
683 3235 756 3290 Οὑ
790 3235 952 3308 μόνον
1009 3234 1242 3310 ἰδιῶται,
1291 3236 1438 3294 ἀλλᾶ
1483 3239 1572 3294 καὶ
1625 3237 1892 3316 βασιλεῖςῖ
1930 3306 1964 3316 _
2002 3258 2100 3292 σου
2146 3235 2460 3307 ἐξάκουστον
2501 3235 2724 3312 γεγονὸς
2770 3233 2831 3289 ἐκ
2883 3237 2991 3288 τῶν
3039 3228 3350 3304 θαυμασίων
3408 3249 3504 3283 σου
3554 3225 3644 3316 καὶ

241 3306 588 3398 συνήχθησαν
637 3306 912 3397 μετὰντοῦ
960 3306 1237 3401 Χριστοῦ,
1279 3330 1377 3396 τῆς
1425 3306 1645 3405 μερίδος
1690 3327 1892 3384 τούτου
1923 3306 1966 3374 Ο
2006 3325 2084 3389 εἰς
2132 3306 2296 3388 αύτὰς
2339 3325 2434 3388 τὰς
2477 3306 2731 3399 ἐσχατιὰς
2778 3344 2879 3392 της
2924 3328 3026 3398 γῆς
3075 3319 3394 3397 κηρύττεται
3429 3336 3443 3351 °
3501 3315 3647 3405 οὕτω

245 3412 554 3488 γενόμενοι,
605 3413 665 3475 ὃς
715 3411 780 3482 δὴ
834 3414 1064 3488 Χριστὸς
1111 3415 1200 3470 καὶ
1249 3420 1347 3470 τοῦ
1388 3412 1638 3493 Ἀϐραὰμ
1665 3417 1795 3481 Θεὸς
1825 3419 1887 3488 ἣν

243 3501 452 3570 καὶτῆς
485 3498 728 3566 Παλαιᾶς
759 3503 1061 3574 νομοθέτης
1091 3503 1166 3566 ὡς
1189 3511 1290 3574 τῆς
1314 3512 1532 3576 Καινῆς.

317 3613 346 3641 κ
383 3593 502 3644 Ὅτι
573 3594 671 3645 τοῦ
745 3595 880 3646 Θεοῦ
955 3593 1008 3647 οἱ
1063 3594 1312 3669 κραταιοὶ
1374 3597 1474 3664 τῆς
1525 3601 1630 3670 γῆς
1685 3593 1892 3674 σφόδρα

250 3676 578 3752 ἐπήρθησαν.
615 3702 643 3731 ››
690 3711 761 3722 --
807 3679 923 3735 Ὀτι
981 3685 1061 3753 τῷ
1116 3687 1234 3755 Θεῷ
1285 3685 1421 3739 κατά
1471 3684 1744 3761 τυράννων
1801 3685 1890 3740 καὶ

244 3769 382 3820 κατὰ
440 3764 714 3840 δαιμόνων
771 3772 1231 3844 κεκραταιωμένοι
1303 3771 1622 3844 ἀπόστολοι,
1679 3773 1892 3829 πάντων

243 3858 351 3910 τῶν
379 3853 585 3931 γηίνων
637 3855 757 3912 λίαν
813 3858 1259 3933 ὑπερυψώθησαν.
1309 3861 1396 3940 ὑφ’
1425 3862 1498 3917 ὦν
1547 3863 1602 3917 οἱ
1631 3860 1892 3939 ἄρχοντες

247 3947 353 3998 τῶν
386 3942 556 4018 λαῶν,
591 3942 848 4016 δηλονότι
875 3947 966 4002 καὶ
997 3949 1053 4002 οἱ
1101 3950 1428 4025 ἀρχὸμενοι,
1477 3952 1615 4026 πρὸς
1662 3954 1890 4030 Χριστὸν

250 4029 770 4110 ἐχειραγωγήθησαν
782 4078 794 4092 .

846 4148 1142 4199 ΨΑΛΜΟΣ
1181 4146 1305 4201 MZ'.

320 4269 348 4297 «
381 4245 618 4320 Ψαλμὸς
656 4246 806 4321 ᾠδῆς
849 4254 966 4312 τοῖς
1037 4251 1178 4313 υἱοῖς
1221 4252 1362 4323 Κορέ
1409 4250 1631 4330 δευτέρᾳ
1680 4250 1894 4310 Σαϐϐά-

247 4355 364 4392 του.
397 4359 425 4388 ››
458 4368 528 4378 --
557 4339 635 4406 Tr”;
687 4335 908 4414 δευτέρᾳ
947 4338 1130 4415 ἡμέρᾳ
1156 4347 1255 4410 τῆς
1293 4335 1599 4416 ἑϐδομάδος
1647 4345 1676 4398 6
1706 4347 1892 4420 παρὼν

249 4422 580 4496 ἐμελῳδήθη
640 4423 882 4500 ψαλμός·
939 4423 1218 4484 Σάϐϐατσν
1292 4431 1394 4507 γὰρ
1449 4432 1540 4486 καὶ
1596 4434 1695 4502 τὴν
1755 4433 1891 4506 ὅλην

249 4508 526 4587 ἑϐδομάδα
579 4513 836 4571 καλοῦσιν
883 4513 1147 4592 Ἑϐραῖοι.
1203 4519 1566 4596 Εὐχαριστίαν
1612 4519 1670 4577 δὲ
1710 4521 1892 4600 περιέ-

251 4621 341 4678 χει
373 4603 401 4657 6
435 4601 654 4678 ψαλμὸς
683 4605 818 4680 πρὸς
847 4607 974 4661 Θεὸν
1005 4608 1285 4683 προσώπῳ
1313 4613 1420 4665 τῶν
1449 4609 1511 4665 ἐκ
1553 4617 1657 4680 τῆς
1686 4611 1896 4689 αἰχμα-

251 4689 459 4755 λωσίας
519 4691 919 4750 ἐπανελθόντων
980 4696 1055 4759 είς
1107 4697 1509 4776 Ἰερουσαλήμ·
1565 4699 1791 4777 ἁρμόζει
1841 4699 1899 4758 δέ

251 4781 486 4845 καὶτοῖς
518 4782 569 4853 ἐξ
612 4783 1000 4859 αἲχμαλωσίας
1045 4791 1153 4841 τῶν
1205 4784 1478 4862 δαιμόνων
1520 4786 1694 4844 εἶθ-εουν
1744 4787 1900 4846 εἰδω-

251 4866 573 4946 λολατρείας
604 4870 955 4928 ἐπανελθοῦσι
982 4875 1120 4950 πρὸς
1149 4863 1493 4951 θεογνωσίαν.

321 4982 351 5010 ‹‹
383 4958 570 5035 Μέγας
601 4959 796 5038 Κύριος
845 4962 934 5017 καὶ
983 4963 1192 5026 αἰνετὸς
1242 4959 1448 5042 σφόδρα
1487 4964 1540 5020 ἐν
1589 4964 1748 5023 πόλει
1800 4972 1898 5024 τοῦ

249 5053 384 5103 Θεοῦ
427 5051 588 5123 ἡμῶν
635 5049 686 5104 ἐν
737 5046 849 5127 ὄρει
905 5050 1050 5127 ἁγίῳ
1105 5052 1289 5108 αὐτοῦ.
1342 5049 1372 5105 ἓ)
1400 5087 1470 5097 —
1517 5055 1700 5128 ’Δξιος
1729 5055 1895 5112 αῗνεῖ-

247 5148 368 5202 σθαι
403 5137 456 5193 ἐν
488 5137 852 5216 Ἰερουσαλὴμ
898 5141 989 5196 καὶ
1041 5140 1092 5197 ἐν
1132 5146 1212 5216 τῷ
1251 5137 1367 5219 ὄρει
1408 5145 1572 5210 Σιὼν,
1603 5149 1683 5218 τῷ
1712 5145 1895 5210 καλῶς

247 5224 615 5304 ἐῤῥιζωμένῳ,
654 5229 897 5285 τουτέστι
947 5226 1183 5305 βεϐαίως
1230 5219 1588 5310 πεπηγμένῳ,
1647 5238 1726 5306 τῷ
1786 5229 1896 5290 ὄντι

248 5314 544 5394 εὐφροσύνῃ
599 5316 778 5389 πάσης
834 5324 938 5389 τῆς
989 5319 1354 5394 οἰκουμένης.
1399 5325 1575 5377 Ταῦτα
1633 5319 1691 5378 δέ
1733 5345 1896 5403 φησιν

249 5403 468 5482 ἐπείπερ
519 5407 555 5476 ἡ
612 5403 855 5462 εὐσέϐεια
907 5409 1141 5484 πρώτως
1201 5409 1278 5474 είς
1337 5408 1700 5487 Ἰερουσαλὴμ
1754 5411 1897 5489 ἐῤῥί-

250 5498 438 5567 ζωται,
493 5494 735 5552 κάκεῖθεν
795 5495 1089 5569 ἐξελήλυθε
1139 5498 1207 5554 τὰ
1257 5505 1360 5570 τῆς
1408 5500 1752 5576 παγκοσμίου
1791 5521 1896 5578 χα-

250 5587 346 5658 ρᾶς
377 5583 691 5661 εὐαγγέλια.

321 5696 349 5724 ‹‹
382 5673 517 5749 Ὄρη
553 5675 696 5730 Σιὼν
745 5674 812 5731 τὰ
860 5672 1072 5752 πλευρᾶ
1114 5679 1211 5732 τοῦ
1260 5676 1460 5754 βοῤῥᾶ,
1500 5679 1536 5748 ἡ
1585 5676 1748 5740 πόλις
1798 5678 1896 5755 βα-

247 5757 446 5826 σιλέως
492 5767 590 5818 τοῦ
653 5761 916 5843 μεγάλου.
951 5789 982 5818 ››
1038 5798 1107 5809 -
1163 5769 1494 5845 Ῑῐεριχαρῶς
1551 5765 1896 5824 ἀνακαλεῖται

1998 3414 2277 3472 συνέπεται
2309 3413 2397 3470 καὶ
2430 3415 2459 3470 ὁ
2491 3414 2580 3476 σὸς
2606 3412 2771 3488 ὕμνος
2800 3415 2870 3486 τῇ
2902 3408 3151 3488 διηγήσει
3194 3412 3302 3464 τῶν
3329 3404 3640 3481 θαυμασίων

2000 3525 2116 3563 σου.

2070 3618 2100 3647 ‹‹
2134 3591 2489 3664 Δικαιοσύνης
2519 3591 2743 3667 πλήρης
2763 3593 2800 3660 ἡ
2822 3587 2969 3661 δεξιά
2997 3608 3114 3646 σου.
3153 3610 3175 3640 ιι
3207 3619 3276 3632 —-
3303 3587 3391 3648 Ὡς
3420 3581 3644 3646 δικαίως

1999 3681 2312 3757 ἀμυνομένη
2343 3680 2470 3743 τοὺς
2495 3678 2812 3742 ἀδικοῦντας
2842 3681 3012 3753 ἡμᾶς.

2075 3795 2105 3825 ι(
2134 3771 2502 3848 Εὐφρανθήτω
2549 3765 2678 3843 ὅρος
2728 3768 2890 3841 Σιὼν,
2940 3765 3032 3822 καὶ
3095 3763 3548 3842 ἆγαλλιάσθωσαν
3591 3762 3649 3817 αἱ

1998 3859 2283 3938 θυγατέρες
2339 3865 2440 3928 τῆς
2498 3855 2778 3920 Ἰουδαίας.
2817 3881 2839 3908 ι
2875 3889 2945 3898 --
2996 3858 3158 3930 Ὅρος
3217 3857 3359 3909 Σιῶν
3401 3854 3437 3923 ἡ
3484 3853 3651 3938 καθο-

2002 3948 2132 4020 λική
2190 3947 2492 4020 Ἐκκλησία
2523 3965 2536 3980 ’
2598 3945 2882 4024 θυγατέρες
2940 3942 2999 4000 δὲ
3051 3951 3155 4015 τῆς
3214 3940 3478 4005 Ἰουδαίας
3525 3937 3649 4010 ἤτοι

1999 4045 2104 4109 τῆς
2151 4036 2606 4115 ἐξομολογήσεως
2653 4035 2744 4091 καὶ
2781 4035 3016 4096 πίστεως
3057 4034 3115 4088 αἱ
3161 4031 3298 4088 κατὰ
3347 4029 3510 4106 μέρος
3563 4028 3650 4084 ἐκ-

2001 4126 2226 4200 κλησίαι
2258 4126 2348 4182 καὶ
2375 4127 2431 4181 αἱ
2458 4123 2633 4202 ψυχάὶ
2660 4129 2768 4181 τῶν
2801 4127 3030 4180 πιστῶν.

2075 4241 2106 4272 α
2137 4217 2479 4292 Διηγήσασθε
2534 4215 2586 4270 ἐν
2640 4219 2757 4277 τοῖς
2809 4212 3036 4290 πύργοις
3090 4210 3278 4281 αὐτῆς.
3317 4234 3338 4263 ιι
3390 4242 3461 4252 --
3519 4216 3650 4280 Διη-

2002 4308 2242 4384 γήσασθε
2311 4306 2381 4360 τὰ
2449 4304 2846 4380 κατορθώματα
2917 4305 3014 4357 τοῦ
3069 4303 3303 4374 Χριστοῦ
3339 4343 3352 4356 .
3413 4298 3534 4354 Εἰσὶ
3595 4296 3653 4353 δέ

2003 4394 2204 4471 πύργοι
2259 4393 2349 4450 καὶ
2432 4395 2612 4468 βάρεις
2683 4399 2783 4463 τῆς
2859 4389 3160 4459 καθολικῆς
3215 4385 3540 4458 Ἐκκλησίας
3599 4387 3654 4442 αἱ

2009 4483 2246 4561 μερικαὶ,
2279 4483 2330 4540 ἐν
2363 4483 2447 4545 αἷς
2492 4485 2602 4538 τῶν
2645 4485 2744 4536 τοῦ
2791 4482 3024 4557 Χριστοῦ
3058 4477 3499 4554 κατορθωμάτων
3526 4474 3654 4537 τούς

2006 4573 2208 4647 λόγους
2266 4573 2595 4644 ποιήσασθαι
2672 4567 3032 4648 προτρέπεται
3103 4566 3166 4621 τὸ
3241 4569 3462 4638 Πνεῦμα
3526 4561 3653 4626 τοὺς

1929 4670 1977 4738 D
2004 4661 2365 4724 ἀποστόλους.

2083 4776 2106 4804 ι
2139 4750 2302 4816 Θέσθε
2353 4751 2449 4813 τὰς
2505 4745 2728 4824 καρδίας
2787 4746 2937 4820 ὑμῶν
2997 4744 3072 4807 εἷς
3111 4743 3210 4813 τὴν
3265 4739 3492 4815 δύναμιν
3553 4740 3653 4796 αύ-

2005 4847 2127 4912 τῆς.
2161 4863 2191 4892 ››
2223 4873 2292 4884 -
2343 4836 2671 4912 Φροντίσατε
2727 4835 2804 4898 εἷς
2858 4836 2958 4905 τὴν
3018 4839 3118 4904 τῆς
3174 4830 3499 4902 Ἐκκλησίας
3549 4829 3653 4885 ἐνί-

2006 4950 2197 5007 σχυσιν
2209 4972 2222 4986 ι

2081 5042 2111 5071 ‹‹
2159 5018 2259 5074 Καὶ
2315 5012 2695 5072 καταδιέλεσθε
2737 5013 2832 5076 τὰς
2899 5011 3082 5090 βάρεις
3139 5010 3325 5082 αὐτοῦ,
3385 5008 3534 5072 ὅπως
3594 5009 3655 5064 ἂν

2007 5105 2346 5182 διηγήσησθε
2403 5104 2480 5168 εἷς
2538 5103 2722 5179 γενεὰν
2783 5101 2989 5178 ἐτέραν.
3051 5124 3081 5154 ››
3140 5134 3210 5144 -
3262 5099 3657 5176 Ἀπομερίσατε

2007 5197 2224 5259 ἑαυτοῖς
2278 5192 2504 5258 ἕκαστος
2561 5192 2636 5256 εἷς
2684 5191 3050 5268 καταρτισμὸν
3108 5189 3202 5252 τὰς
3258 5191 3395 5245 κατὰ
3453 5187 3656 5251 τόπους

2007 5283 2173 5357 ἐκκλη
2183 5283 2321 5348 σίας.

2592 5389 2896 5447 ΨΔΛΜΟΣ
2937 5388 3069 5443 MH'.

2082 5524 2103 5552 ι
2138 5497 2232 5562 Εἲς
2260 5497 2324 5554 τὸ
2350 5495 2533 5568 τέλος,
2584 5502 2702 5560 τοῖς
2750 5496 2892 5558 υἱοῖς
2935 5494 3094 5570 Κορέ.
3128 5492 3421 5550 ’Δκούσατε
3463 5497 3650 5566 ταῦτα,

2003 5590 2177 5645 πάντα
2232 5589 2301 5644 τὰ
2353 5584 2503 5659 ἔθνη’
2563 5584 2885 5642 ἐνωτίσασθε
2915 5631 2932 5658 ,
2988 5584 3180 5647 πάντες
3237 5585 3291 5638 οἱ
3341 5586 3655 5638 κατοικοῦν-

2001 5698 2091 5741 τες
2135 5679 2237 5748 τὴν
2287 5676 2636 5751 οἰκουμένην.
2691 5699 2720 5726 ››
2768 5707 2836 5716 -
2885 5672 3284 5748 Διαλεγόμενος
3333 5672 3470 5747 πρὸς
3503 5671 3653 5744 ἡμᾶς

2003 5766 2178 5825 κλινῶ
2203 5767 2267 5825 τὸ
2323 5767 2415 5830 οὖς
2465 5772 2567 5839 τῆς
2597 5766 2780 5841 ψυχῆς
2845 5785 2951 5840 μου
3002 5765 3079 5827 εἷς
3126 5765 3226 5832 τὴν
3277 5760 3651 5837 ἐνηχουμένην
