3998 6418
437 406 593 474 1467

1685 411 2109 477 NIGEPHORI
2151 411 2588 480 BLEMMIDIE

446 563 540 618 μοι
595 544 742 620 παρᾶ
795 547 892 599 τοῦ
946 541 1098 620 άγίου
1154 542 1468 620 Πνεύματος
1517 541 1860 622 παραϐολῆνο
1900 547 2084 602 τουτέ-
2116 555 2169 617 Α
2199 543 2288 601 διὰ
2317 552 2412 602 τοῦ
2464 547 2734 621 στόματος
2779 544 2951 602 αὐτῶν
2999 544 3373 620 ἀρεσθήσονται
3413 549 3518 610 τοῖς
3559 567 3734 626 πεπραγ-

443 655 556 690 στιν
587 634 662 696 εἰς
706 633 1013 710 ἀπόκρυφον
1073 635 1258 712 γόγον’
1316 639 1539 690 τοιαῦτα
1594 636 1697 711 γὰρ
1748 637 1815 690 τά
1870 656 2086 714 προφη-

438 723 582 779 τικά.

515 836 545 864 ι(
577 812 798 882 Ἀνοίξω
855 813 905 866 ἐν
964 811 1254 889 ψαλτηρίῳ
1307 814 1370 868 τὸ
1416 809 1720 888 πρόϐλημά
1771 834 1896 886 μου.
1949 838 1976 866 ››
2019 846 2089 856 -

439 903 746 977 Φανερώσω
802 899 890 956 διὰ
946 901 1276 979 ψαλτηρίου,
1331 903 1574 957 τουτέστι
1635 902 1766 976 μετᾶ
1827 907 2086 976 μουσικοῦ

446 989 649 1064 μέλους
678 991 768 1045 τὸν
801 989 966 1064 λόγον
1003 1013 1127 1064 μου.

518 1100 540 1130 ι
573 1083 686 1137 Ἵνα
713 1081 764 1134 τί
797 1076 1070 1158 φοϐοῦμαι
1105 1081 1155 1135 έν
1184 1083 1366 1156 ἡμέρᾳ
1395 1086 1644 1156 πονηρᾷς
1683 1104 1710 1131 ››
1740 1114 1808 1123 -—-
1839 1080 2088 1156 Πονηράν

438 1169 596 1224 καλεῖ
622 1171 720 1238 τήν
748 1169 847 1243 τῇς
877 1170 1123 1245 κρίσεως.

507 1283 535 1310 ‹‹
568 1259 631 1314 Ἡ
663 1257 862 1330 ἀνομία
906 1265 1008 1328 τῆς
1056 1258 1290 1334 πτέρνης
1332 1279 1435 1332 μου
1492 1257 1764 1313 κυκλώσει
1819 1279 1904 1330 με.
1962 1281 1983 1307 ι
2019 1290 2087 1298 -

438 1347 537 1402 Διὸ.
579 1347 631 1400 τί
680 1343 952 1424 φοϐοῦμαι
989 1367 1002 1415 ;
1035 1345 1117 1402 ὅτι
1167 1346 1230 1401 τὸ
1279 1350 1376 1416 τῆς
1433 1345 1704 1402 κυκλώσει
1766 1366 1832 1418 με
1887 1345 2088 1418 ἀνομία

434 1443 537 1504 τῆς
569 1436 780 1505 ἀπάτης
823 1457 927 1508 μου
961 1453 973 1465 °
1022 1435 1198 1506 ἀπάτη
1233 1432 1290 1489 δὲ
1340 1435 1575 1509 ἁμαρτία
1605 1435 1682 1496 ὡς
1709 1434 1968 1489 ἀπατῶσα
1995 1435 2088 1489 τὸν

439 1524 816 1599 ἁμαρτάνοντα
871 1529 1314 1602 Περιφραστικῶς
1373 1521 1431 1578 δὲ
1488 1523 1631 1578 εἶπεν
1689 1523 1805 1578 ἀντὶ
1859 1528 1988 1593 τοῦ,
2049 1526 2084 1593 ἡ

440 1615 676 1691 ἁμαρτία
709 1636 834 1688 μου.

513 1705 625 1758 «Οἱ
672 1704 989 1765 πεποιθότες
1045 1703 1132 1758 ἐπὶ
1191 1703 1261 1777 τῇ
1319 1700 1544 1776 δυνάμει
1603 1700 1800 1757 αὐτῶν
1858 1701 1949 1756 καὶ
1999 1700 2085 1756 ἐπὶ

434 1797 513 1865 τῷ
560 1791 762 1864 πλήθει
816 1798 914 1848 τοῦ
965 1790 1214 1848 πλούτου
1271 1791 1446 1847 αὐτῶν
1500 1792 1872 1866 καυχώμενοι.
1933 1814 1961 1842 ››
2020 1822 2087 1832 --

434 1879 948 1959 Προσυπακουστέον
975 1883 1037 1937 τὸ
1068 1882 1465 1936 ἀκουσάτωσαν.

508 2014 537 2040 (ί
571 1986 835 2066 ’Δδελφὸς
865 1989 926 2043 ού
958 1987 1268 2064 λυτροῦται·
1326 1987 1660 2063 λυτρώσεται
1717 1988 2019 2061 ἄνθρωπος.
2056 2009 2084 2037 ››

437 2112 508 2121 —
540 2080 859 2154 ’Ἄνθρωπος
887 2077 1184 2154 ἀλλότριος
1217 2074 1454 2147 δηλαδή.

510 2166 642 2222 ((ού
703 2165 864 2222 δώσει
917 2171 996 2238 τῷ
1052 2171 1168 2238 Θεῷ
1228 2165 1492 2239 ἐξίλασμα
1549 2165 1760 2223 ἑαυτοῦ.
1821 2190 1850 2217 n
1909 2200 1960 2209 --
2014 2165 2087 2222 Οὐ

439 2253 604 2312 δώσει
635 2276 685 2310 τι
715 2253 895 2332 ἕτερον
929 2255 1004 2318 είς
1034 2255 1231 2331 λύτρον
1257 2260 1337 2327 τῷ
1365 2259 1480 2327 Θεῷ
1510 2255 1699 2310 ἑαυτοῦ
1730 2255 1781 2310 ἐν
1812 2259 1880 2330 τῇ
1914 2255 2089 2333 κρίσει

437 2347 466 2402 6
505 2346 592 2400 ἐπὶ
621 2348 692 2414 τῇ
721 2342 940 2418 δυνάμει
976 2344 1138 2400 αὐτοῦ
1166 2345 1463 2408 πεποιθώς.

508 2458 537 2486 ‹‹
569 2433 668 2489 Καὶ
715 2434 814 2502 τήν
873 2435 1042 2508 τιμὴν
1094 2441 1196 2504 τῆς
1255 2433 1576 2510 λυτρώσεως
1621 2440 1724 2502 τῆς
1770 2435 1952 2509 ψυχῆς
2001 2435 2092 2490 αὐ-

434 2527 552 2578 τοῦ·
585 2549 615 2576 ››
643 2556 715 2566 —-
743 2522 868 2578 Νόει
929 2543 1024 2596 μοι
1077 2521 1347 2598 λύτρωσιν
1393 2523 1492 2591 τήν
1544 2520 1870 2593 ἐλευθερίαν.
1920 2523 2087 2595 τιμὴν

439 2609 498 2667 δὲ
524 2613 588 2666 τὸ
617 2612 856 2685 τίμημα.
892 2610 1034 2681 Φησί
1069 2609 1127 2667 δὲ
1167 2607 1251 2666 ὅτι
1301 2611 1400 2666 οὐκ
1447 2609 1767 2682 ἐξωνήσεται
1818 2611 2088 2688 σωτηρίαν

440 2700 612 2774 ἐαυτῷ
643 2701 671 2756 ὁ
699 2702 1059 2777 καυχώμενος
1089 2701 1142 2756 ἐν
1172 2698 1420 2773 πλνύτῳ.

513 2813 540 2841 ‹‹
574 2790 674 2844 Καὶ
725 2788 1006 2845 ἐκοπίασεν
1069 2789 1145 2852 είς
1201 2791 1292 2844 τὸν
1350 2789 1539 2846 αἰῶνα.
1596 2814 1624 2841 ‹‹
1683 2821 1753 2832 —-
1801 2791 1893 2853 Ὃς
1926 2787 1984 2844 δὲ
2014 2789 2089 2852 εἰς

436 2878 529 2934 τὸν
563 2878 732 2933 αἰῶνα
757 2880 948 2934 τοῦτον
999 2878 1252 2934 ἐκοπίασε
1294 2875 1384 2933 διά
1430 2879 1577 2950 Θεὸν,
1625 2881 1724 2948 τῆς
1777 2878 2092 2952 μελλούσης

446 2972 590 3036 ζωῆς
623 2966 971 3037 ἒπιτεύξεται.

517 3080 538 3107 ε
573 3055 638 3111 0,
737 3051 762 3072 ’Ῐ
1261 3055 1277 3076 \
1393 3055 1400 3072 Ι
1549 3053 1602 3076 ιη
1837 3055 1850 3092 ξ

617 3078 682 3110 υκ
734 3059 920 3130 οψεται
973 3068 1314 3135 καταφθοράν
1369 3057 1496 3111 ὅταν
1553 3075 1638 3129 ιοῇ
1698 3077 1897 3134 σοφούς
1955 3055 2093 3112 ἀπο-

440 3146 789 3215 θνήσκοντας.
828 3170 848 3196 ι
885 3177 954 3187 --
1002 3146 1354 3223 Καταφθοράν
1415 3143 1671 3218 ὀνομάζει
1722 3144 1947 3200 ἐνταῦθα
1990 3146 2090 3215 τήν

439 3233 716 3290 ἀπώλειαν
769 3235 871 3302 τῆς
928 3237 1134 3310 ψυχῆς,
1191 3234 1290 3302 τὴν
1352 3232 1430 3295 είς
1480 3233 1543 3287 τὸ
1575 3229 1819 3303 διηνεκὲς
1858 3238 2095 3289 κακοπά-

443 3335 610 3394 θειαν,
669 3325 730 3392 ἢν
792 3323 892 3378 οὐκ
949 3321 1037 3398 ἴδῃ
1096 3321 1170 3384 εἷς
1225 3321 1383 3377 αὐτὸν
1437 3322 1466 3376 ὁ
1515 3321 1650 3376 κατά
1678 3323 1806 3377 Θεὸν
1843 3343 2094 3378 κεκοπια-

443 3412 575 3485 κὼς,
627 3409 717 3466 ὅτε
774 3411 1015 3467 θεάσεται
1062 3410 1192 3475 τοὺς
1247 3415 1347 3465 τοῦ
1404 3409 1614 3483 κόσμου
1672 3410 1908 3489 σοφοὺς.
1965 3411 2094 3475 τοὺς

445 3501 760 3577 περιέργους
791 3502 1112 3578 ἀνθρώπους
1142 3499 1399 3570 δηλονότι
1443 3500 1533 3554 καὶ
1561 3500 1858 3576 πονηροὺς,
1895 3499 1987 3555 τὸν
2041 3500 2093 3556 ἐν

445 3590 628 3664 γεέννῃ
656 3591 876 3644 θάνατον
909 3589 1372 3661 ἀποθνήσκοντας.

478 3673 480 3676 ’
526 3702 546 3729 ι
608 3679 926 3734 Ἐπιτοαυτὸ
977 3677 1160 3756 ἄφρων
1219 3678 1308 3734 καὶ
1366 3679 1520 3740 ἄνους
1579 3677 1958 3750 ἀπολοῦνται,
2005 3679 2095 3733 καὶ

443 3765 858 3840 καταλείψουσιν
913 3767 1236 3844 ἀλλοτρίοις
1281 3767 1372 3822 τὸν
1431 3765 1669 3823 πλοῦτον
1723 3767 1921 3826 αὐτῶν.
1966 3791 1994 3820 ››
2026 3800 2098 3812 --

441 3857 540 3910 Τὸν
569 3859 639 3929 τῇ
672 3853 891 3926 δοκήσει
939 3857 1103 3929 σοφὸν
1151 3857 1226 3918 εἷς
1274 3857 1482 3935 ἄφρονα
1527 3857 1618 3911 καὶ
1667 3854 1822 3912 ἄνουν
1875 3854 2091 3933 διαιρεῖ·

442 3944 533 3999 καὶ
569 3941 774 4022 ἄφρονα
803 3945 898 4016 μὲν
947 3943 1105 4000 καλεῖ
1143 3946 1234 4000 τὸν
1286 3947 1362 4017 μή
1396 3942 1576 4000 εἰδότα
1603 3945 1693 4000 τὸν
1737 3940 1908 4008 ὅντως
1942 3948 2094 4017 Θεὸν,

444 4033 602 4088 ἄνουν
636 4031 694 4088 δὲ
719 4034 810 4088 τὸν
838 4033 1173 4107 ἐπτοημένον
1221 4033 1347 4110 περὶ
1397 4035 1463 4088 τά
1498 4037 1677 4110 γήϊνα·
1729 4035 1782 4090 οἳ
1813 4036 1954 4110 ὁμοῦ
1996 4042 2096 4106 τῆς

441 4126 549 4178 τῶν
583 4122 908 4196 σωζομένων
944 4120 1168 4199 μερίδος
1198 4121 1675 4200 ἀφανισθήσονται.

519 4226 679 4283 «Καὶ
739 4229 791 4283 οἱ
845 4229 1006 4306 τάφοι
1066 4227 1238 4282 αὐτῶν
1301 4227 1466 4284 οἱκίαι
1520 4229 1694 4284 αὐτῶν
1756 4229 1832 4291 εἰς
1871 4230 1962 4284 τὸν
2012 4229 2096 4284 al-

449 4321 579 4374 ῶνα.
640 4342 668 4370 ››
711 4351 778 4362 -
836 4317 1011 4372 Οίκίαι
1071 4316 1242 4372 αὐτῶν
1301 4318 1390 4372 καὶ
1433 4319 1867 4389 κατασκηνώσεις
1922 4317 2095 4373 αὐτῶν

449 4404 654 4462 ἔσονται
733 4404 839 4469 ἕως
904 4413 1002 4476 τῆς
1073 4406 1377 4469 συντελείας
1444 4408 1496 4462 οἱ
1551 4409 1715 4486 τάφοι
1771 4407 1944 4463 αὐτῶν
2005 4407 2094 4463 καὶ

447 4495 555 4572 οὐχ
612 4495 645 4550 ἂ
692 4495 1080 4552 κατεσκεύασαν
1137 4495 1414 4570 οἰκήματα
1472 4493 1702 4572 λαμπρὰ
1755 4496 1846 4552 καὶ
1901 4495 2046 4554 πολυ
2074 4529 2098 4541 -

445 4585 578 4656 τελῆ
590 4629 604 4642 .

2201 634 2404 709 μένοις,
2462 635 2609 710 ἤτοι,
2665 634 2863 698 Καλῶς
2919 635 3272 707 ἐποιήσαμεν,
3331 635 3512 712 ἐροῦσι,
3574 637 3644 692 καὶ
3693 639 3735 694 τὸ

2195 726 2358 780 κακὸν
2390 725 2472 781 αἷν
2481 726 2708 782 έσουσιν.

2269 838 2298 867 ‹‹
2349 815 2434 876 Ὠς
2492 810 2738 890 πρόϐατα
2798 813 2848 869 ἐν
2904 809 3002 886 ᾅδῃ
3058 811 3203 867 ἔθετο
3255 834 3267 846 ·
3317 811 3518 875 θάνατος
3553 821 3742 886 ποιμαίεῖ

2197 903 2413 966 αὐτούς.
2473 928 2502 957 ››
2560 938 2629 946 -
2688 904 2835 958 Ἐπεὶ
2895 903 3364 973 ἀπεκτηνώθησαν,
3420 913 3553 973 θησει
3602 901 3739 966 αότοῦς

2196 993 2224 1047 ὁ
2257 993 2386 1054 Θεὸς
2438 992 2488 1047 έν
2537 992 2617 1065 τῷ
2659 993 2812 1065 τόπῳ
2862 995 2962 1060 τῆς
3007 989 3282 1052 κολάσεως
3321 991 3390 1052 ὠς
3417 987 3627 1066 πρόϐατα
3648 995 3740 1067 πρό-

2195 1102 2358 1158 χειρα
2425 1083 2499 1144 εἲς
2557 1081 2856 1154 ἀπώλειαν,
2914 1080 3003 1135 καὶ
3061 1079 3246 1155 γέεννα
3288 1080 3637 1154 κατακυριεύσει
3684 1081 3745 1136 αὖ·

2194 1176 2302 1225 τῶν
2315 1215 2326 1226 .

2269 1283 2297 1311 ‹‹
2377 1261 2478 1318 Καὶ
2549 1259 3056 1336 κατακυριεύσουσιν
3145 1257 3316 1312 αὐτῶν
3389 1258 3436 1310 οἱ
3507 1257 3646 1320 εὖθεῖς
3703 1258 3743 1312 τὸ

2195 1348 2362 1426 πρωί.
2397 1374 2425 1401 ››
2456 1383 2524 1392 -
2581 1349 2679 1404 Καὶ
2737 1346 3015 1424 κρείττους
3069 1346 3243 1401 αὐτῶν
3291 1342 3484 1400 ἔσονται
3506 1347 3551 1400 οἱ
3576 1346 3744 1420 ένάρετοι

2194 1439 2445 1514 τάχιστα,
2507 1439 2583 1501 ὡς
2631 1435 2884 1493 δεσπόται
2937 1437 3074 1514 πρὸς
3130 1433 3378 1504 δούλους,
3418 1435 3502 1488 κᾶν
3547 1439 3673 1488 τοῦτο
3713 1434 3745 1489 ἐν

2194 1532 2273 1599 τῷ
2296 1523 2488 1600 κόσμῳ
2518 1527 2616 1582 οὐκ
2647 1528 2738 1596 ἧν.

2269 1641 2297 1668 ‹‹
2357 1615 2455 1672 Καὶ
2532 1619 2567 1686 ἡ
2652 1617 2880 1692 βοήθεια
2931 1613 3108 1668 αὐτῶν
3167 1611 3574 1682 παλαιωθήσεται
3618 1611 3656 1664 ἐν
3693 1616 3746 1681 τῷ

2196 1702 2319 1780 ᾃδῃ.
2354 1730 2383 1758 ››
2423 1738 2492 1748 -
2521 1705 2802 1760 Τουτέστιν
2836 1704 3275 1782 ἀφανισθήσεται.

2267 1819 2296 1846 ‹‹
2331 1795 2424 1850 Ἐκ
2477 1801 2578 1863 τῆς
2636 1792 2797 1866 δόξης
2845 1792 3020 1848 αὐτῶν
3072 1790 3390 1862 ἐξώσθησαν.
3439 1813 3464 1841 ››
3513 1821 3570 1831 -
3607 1786 3748 1857 Τῆςὲι

2118 1915 2166 1981 Β
2197 1881 2440 1938 πλούτου
2468 1883 2558 1936 καὶ
2607 1880 3073 1955 οὶκοδομημάτων
3122 1877 3282 1950 δόξης
3332 1877 3489 1933 αὐτῶν
3536 1879 3744 1950 ἀποπαρ-

2198 1973 2453 2042 θήσονται
2483 1973 2620 2047 πρὸς
2653 1967 2786 2042 ᾅδην
2822 1970 3104 2045 ἀγόμενοι.

2271 2085 2300 2112 ‹‹
2339 2058 2494 2129 Πλήν
2550 2061 2578 2115 ὁ
2636 2060 2766 2122 Θεὸς
2826 2058 3164 2136 λυτρώσεται
3219 2058 3316 2128 τήν
3374 2057 3537 2132 ψυχήν
3583 2076 3661 2127 μου
3706 2053 3746 2107 ὲκ

2201 2150 2392 2226 χειρὸς
2421 2147 2574 2222 ᾅδου,
2606 2143 2731 2203 ὅταν
2765 2143 3020 2222 λαμϐάνῃ
3055 2168 3146 2221 με.
3179 2170 3208 2200 ››
3260 2180 3326 2187 —
3372 2142 3653 2222 Προφήτεύει
3689 2142 3744 2196 δτι

2208 2240 2238 2295 6
2269 2239 2398 2301 Θεὸς
2455 2237 2651 2314 Λόγος,
2697 2233 2821 2293 ὅταν
2875 2231 3016 2310 λάϐῃ
3063 2238 3164 2306 τὴν
3215 2233 3528 2312 ἀνθρωπίνην
3573 2233 3743 2308 μορφὴν,

2196 2328 2294 2390 τὰς
2323 2332 2429 2382 τῶν
2460 2327 2760 2404 ἀνθρώπων
2791 2327 2972 2402 ψυχάς
3004 2324 3068 2380 ἐκ
3107 2326 3209 2394 τὴς
3253 2329 3347 2379 τοῦ
3394 2319 3509 2394 ᾅδου
3551 2319 3745 2394 namq}-

2200 2438 2335 2480 σεως
2370 2415 2604 2492 ῥύσεται.

2271 2530 2299 2558 ‹‹
2331 2508 2449 2560 Ὅτι
2481 2507 2516 2574 ἡ
2548 2506 2701 2580 ψυχὴ
2734 2502 2898 2559 αὐτοῦ
2931 2503 2982 2559 ἐν
3031 2507 3106 2577 τῇ
3161 2507 3274 2577 ζωῇ
3323 2501 3474 2557 αὐτοῦ
3521 2498 3744 2573 εὐλογηθή·

2200 2615 2368 2653 σεται.
2432 2617 2461 2646 ››
2520 2627 2589 2638 --
2647 2594 2750 2650 Καὶ
2797 2592 2898 2669 γὰρ
2952 2591 3116 2655 αὐτὸς
3167 2589 3275 2654 ἕως
3324 2593 3378 2645 ἅν
3441 2594 3586 2664 ζῶμεν
3633 2605 3745 2662 119'.-

2201 2687 2300 2755 σθή
2311 2704 2480 2740 σεται.

2275 2796 2304 2827 ι(
2360 2769 2859 2846 Ἑξομολογήσεταί
2907 2791 2992 2825 σοι
3061 2768 3188 2824 ὅταν
3245 2767 3493 2844 ἀγαθύνῃς
3548 2764 3671 2834 αὒτῷ,
3722 2785 3740 2811 ν

2199 2893 2268 2906 —
2299 2861 2440 2936 Ηρὸς
2469 2862 2560 2915 τὸν
2588 2861 2716 2916 Θεὸν
2777 2861 2804 2915 ὁ
2862 2859 3040 2935 Λόγος
3105 2858 3473 2935 εὖχαριστήσει
3525 2849 3618 2909 ὅταν

2201 2952 2315 3013 θοῖς
2342 2949 2540 3024 ἐντύχῃ
2572 2971 2586 2983 ο
2621 2948 2744 3004 ὅταν
2777 2946 2834 3004 δὲ
2863 2947 3139 3023 λυπηροῖς

2277 3080 2306 3110 ‹‹
2362 3055 2738 3112 Εἷσελεύσεται
2786 3052 2893 3117 ἕως
2942 3061 3134 3130 γενεᾶς
3187 3053 3427 3128 πατέρων
3473 3050 3732 3105 06105.»—

2202 3148 2350 3202 Ἐκεῖ
2400 3147 2716 3217 καταντήσει
2777 3145 2935 3220 γενεᾶ
2978 3149 3088 3198 τῶν
3135 3141 3417 3218 προγόθων
3460 3139 3596 3194 αὐτοῦ
3633 3130 3739 3194 εὶςτδ

2203 3233 2460 3311 ἐξώτερον
2496 3233 2686 3297 σκότος
2717 3234 2782 3288 τὸ
2810 3233 3047 3289 αἰώνιον.

2282 3346 2302 3374 ε
2339 3324 2436 3378 Καὶ
2469 3322 2752 3399 ἄνθρωπος
2785 3321 2835 3377 ἐν
2868 3325 3006 3395 τιμῇ
3039 3319 3115 3376 ὢν
3149 3321 3212 3377 οὗ
3244 3327 3451 3389 συνῆκε.
3483 3341 3508 3369 ››
3548 3347 3603 3357 -—

2201 3407 2538 3487 ναλαμόάνει
2572 3411 2934 3488 σχετλιάζων.

2795 3505 3102 3578 Immo:
3136 3501 3266 3556 mea

2278 3616 2306 3644 (ι
2336 3590 2574 3664 Ψαλμὸς
2622 3595 2701 3661 τῷ
2759 3591 2946 3668 Ἀσάφ.
2999 3612 3027 3642 ››
3210 3588 3308 3643 Καὶ
3352 3584 3499 3646 οὗτος
3539 3583 3562 3636 6
3599 3575 3759 3668 ψαλμὸς

2204 3679 2327 3757 περὶ
2356 3687 2457 3749 τῆς
2487 3686 2678 3749 κοινῆς
2710 3679 2938 3754 κρίσεως
2974 3695 2987 3710 ·
3020 3677 3171 3747 πλὴν
3194 3678 3243 3734 ἐν
3272 3682 3346 3749 νῷ
3369 3675 3468 3752 πρὸ
3494 3669 3655 3727 τούτου

2203 3750 2586 3844 κατηγορεῖται
2639 3750 2756 3830 πᾶς⁷
2799 3767 3064 3844 πονηρὸς,
3123 3767 3176 3822 ἐν
3230 3750 3419 3838 τούτῳν
3448 3761 3499 3818 δὲ
3547 3755 3696 3814 ἰδικῶς
3727 3750 3764 3804 οἳ

2205 3855 2457 3916 Ἰουδαῖοι
2493 3854 2836 3932 ἐλέγχονται.

2279 3970 2308 3999 (ι
2349 3946 2481 4008 Θεὸς
2529 3950 2664 4010 θεῶν
2715 3946 2912 4018 Κύριος
2963 3942 3205 4015 έλάλησε
3252 3943 3339 3998 καὶ
3369 3937 3567 3997 ἐκάλεσε
3589 3934 3669 4002 τὴν
3692 3934 3762 4004 γῆν

2206 4035 2312 4090 ἀπὸ
2337 4033 2615 4090 ἀνατολῶν
2647 4031 2812 4103 ἡλίου
2849 4032 3014 4110 μέχρι
3070 4030 3312 4105 δυσμων.
3353 4055 3380 4083 ››
3425 4060 3490 4071 -
3528 4028 3575 4079 Ὀ
3622 4019 3766 4092 Κύριος

2205 4123 2295 4179 καὶ
2326 4123 2454 4186 Θεὸς
2486 4122 2576 4178 καὶ
2627 4120 2964 4198 δημιουργὸς
3010 4125 3118 4176 τῶν
3173 4116 3566 4194 ὀνομαζομένων
3606 4110 3763 4198 πάντῳν

2204 4214 2337 4268 θεῶν
2386 4211 2616 4284 λαλήσει
2667 4209 2993 4274 δικαστικῶς
3052 4209 3143 4265 καί
3188 4209 3402 4266 καλέσει
3444 4205 3533 4274 τήν
3575 4206 3656 4276 γῆν
3695 4197 3766 4248 Tri-

2205 4322 2323 4374 σαν,
2351 4299 2433 4357 ὅτι
2463 4300 2553 4354 καὶ
2581 4299 2927 4376 παγκόσμιον
2957 4299 3021 4354 τὸ
3050 4301 3354 4374 κριτήριον.

2277 4414 2306 4443 ‹‹
2337 4391 2434 4445 Ἐκ
2463 4391 2603 4444 Σιὼν
2652 4391 2687 4458 ἡ
2723 4388 3014 4465 εὐπρέπεια
3057 4395 3159 4458 τῆς
3212 4384 3534 4463 ὡραιότητος
3578 4376 3722 4465 αὖτνῦ.
3749 4390 3769 4417 ν’

2203 4511 2274 4525 _
2331 4479 2601 4534 Ἐντεῦθεν
2666 4475 2773 4540 ἕως
2818 4482 2915 4532 τοῦ
2965 4479 3233 4533 ’Δκουσον
3289 4473 3418 4536 λαός
3472 4491 3584 4546 μου,
3634 4463 3768 4558 μέσον,

2209 4566 2554 4646 βουλήματα.
2617 4567 2762 4638 Φησὶ
2808 4565 2866 4621 δὲ
2912 4569 3002 4622 νῦν
3055 4564 3139 4621 ὅτι
3192 4564 3252 4620 ὲκ
3291 4571 3387 4632 τῆς
3437 4561 3565 4616 Σιὼν
3584 4554 3708 4646 Δἔσται
3727 4554 3770 4646 ξδ

523 4699 553 4726 ‹‹
604 4673 1026 4730 Ἐπεκαλέσαντο
1109 4674 1177 4728 τὰ
1253 4673 1494 4747 ὀνόματα
1561 4673 1736 4729 αὐτῶν
1819 4672 1906 4729 ἐπὶ
1988 4679 2096 4730 τῶν
2127 4652 2176 4719 D
2206 4654 2554 4734 πρόσλημμα
2606 4660 2702 4711 τοῦ
2750 4655 2950 4732 Λόγου,
3005 4653 3138 4731 ὅπερ
3179 4653 3292 4710 ἔστί
3327 4651 3448 4714 ναὸς
3473 4647 3554 4703 καὶ
3580 4641 3682 4712 δόξα
3701 4653 3771 4702 της

452 4769 643 4840 γαιῶν.
679 4788 708 4815 ››
737 4796 808 4806 -—-
837 4762 1188 4836 Ἐπωνύμους
1245 4762 1457 4826 έαυτοῖς
1515 4762 1840 4835 ἐποιήσαντο
1883 4758 2096 4835 πόλεις,

451 4852 541 4908 καὶ
573 4853 783 4930 χώρας,
805 4853 896 4908 καὶ
924 4851 1141 4930 ἀγρούς.

529 4941 686 5000 «Καὶ
741 4943 1022 5018 ἄνθρωπος
1080 4941 1105 4996 ἐ
1150 4944 1287 5014 τιμῇ
1336 4938 1410 4995 ὢν
1459 4939 1521 4995 οὗ
1565 4946 1783 5013 συνῆκε,
1831 4961 2098 5018 παρασυν-

456 5026 666 5101 εϐλήθη
699 5035 815 5094 τοῖς
864 5032 1114 5102 ἀνοήτοις
1157 5032 1374 5101 κτήνεσι
1403 5028 1493 5084 καὶ
1541 5029 1807 5103 ὡμοιώθη
1840 5029 2044 5092 αὐτοῖς.
2069 5054 2098 5082 ››

451 5119 650 5174 -Καὶ
705 5125 812 5182 πᾶς
863 5141 946 5181 τις
1006 5119 1180 5174 αὐτῶν
1237 5116 1520 5192 ἄνθρωπος
1577 5115 1650 5173 ὢν
1709 5116 1761 5173 ἐν
1811 5122 1949 5192 τιμῇ
2002 5122 2100 5174 τοῦ

452 5210 569 5264 κατ’
619 5207 818 5280 εἶκόνα,
863 5207 1100 5284 ἠγνόησε
1144 5211 1307 5263 τοῦτο
1356 5207 1511 5281 ἑκὼν,
1542 5206 1633 5261 καὶ
1681 5205 1946 5282 συνετάγη
1982 5211 2098 5268 τοῖς

453 5299 725 5367 κτήνεσιν.

528 5411 556 5439 ‹‹
594 5384 738 5454 Αὕτη
772 5386 806 5454 ἡ
841 5381 964 5447 ὁδὸς
995 5383 1169 5439 αὐτῶν
1199 5381 1496 5440 σκάνδαλον
1530 5383 1735 5446 αὐτοῖς.
1767 5406 1798 5436 ››
1844 5415 1916 5426 -
1950 5381 2099 5454 Αὕτη

457 5477 493 5545 ἡ
526 5471 774 5550 διαγωγὴ
808 5472 1000 5544 αὐτῶν,
1031 5470 1202 5548 ἤγουν
1235 5475 1270 5542 ἡ
1300 5473 1437 5548 πρὸς
1483 5474 1550 5527 τά
1596 5474 1769 5544 κτήνη
1815 5473 2101 5547 ὁμοίωσις,

459 5560 722 5638 ἐμπόδιον
749 5560 962 5622 τούτοις
993 5561 1067 5623 εἷς
1098 5561 1314 5637 ἀρετήν.

528 5650 690 5707 «Καὶ
751 5649 885 5724 μετὰ
928 5655 1096 5704 ταῦτα
1152 5650 1203 5703 ἐν
1261 5654 1339 5722 τῷ
1384 5649 1614 5724 στόματι
1662 5649 1834 5706 αὐτῶν
1868 5648 2106 5722 εὐδοκή-

459 5762 662 5801 σουσιν.
696 5763 725 5794 ››
758 5773 826 5782 --
875 5739 973 5795 Καὶ
1026 5739 1161 5816 μετὰ
1206 5738 1267 5793 τὸ
1325 5738 1658 5813 ὁμοιωθῆναι
1705 5745 1820 5805 τοῖς
1862 5742 2104 5815 κτήνεσι,

2209 4747 2375 4802 αὐτοῦ
2405 4744 2744 4821 ὡραιότητος
2763 4742 2888 4814 ἤτοι
2921 4743 3204 4814 θεότητος.

2282 4876 2311 4905 ‹‹
2342 4853 2398 4906 ’0
2428 4851 2557 4915 Θεὸς
2600 4851 2854 4931 ἐμφανῶς
2884 4851 3022 4921 ἥξει.
3057 4874 3086 4904 ‹‹
3135 4881 3207 4893 -
3254 4850 3338 4904 Ἐν
3387 4845 3476 4931 μὲν
3526 4843 3586 4931 τῇ
3635 4831 3774 4930 πρώτῃ

2207 4939 2476 5019 παρουσίᾳ
2500 4927 2744 5019 κρυφίως
2789 4938 3055 5011 ἐλήλυθεν
3087 4957 3100 4971 ο
3133 4938 3185 4994 ἐν
3233 4935 3290 4992 δὲ
3329 4939 3396 5009 τῇ
3443 4927 3638 5004 δευτέρᾳ
3681 4927 3776 4995 μετὰ

2209 5027 2492 5103 δυνάμεως
2521 5028 2612 5084 καὶ
2647 5026 2812 5100 δόξης
2841 5026 2974 5102 ἔλθῃ
3001 5024 3244 5097 πολλῆς.

2280 5143 2310 5172 ‹‹
2342 5120 2399 5173 Ὀ
2455 5117 2585 5180 Θεὸς
2641 5119 2828 5192 ἡμῶν,
2893 5115 2975 5172 κεὶ
3034 5116 3097 5171 ού
3160 5111 3632 5190 παρασιωπήσεται.
3661 5121 3774 5194 ,ι’-ς

2209 5207 2321 5265 Ούκ
2373 5189 2772 5280 ἀνεξικακήσει,
2810 5189 2955 5263 ἀλλ’
3002 5189 3270 5262 ἀποδώσει
3329 5200 3519 5271 ἑκάστῳ
3567 5189 3680 5249 κατὰ
3731 5189 3778 5236 τιὶ

2211 5293 2346 5374 ἔργα
2374 5295 2560 5355 αὐτοῦ.
3548 5369 3559 5376 _
3595 5368 3611 5376 _
3741 5357 3752 5376 ,

2281 5408 2313 5438 “
2351 5388 2464 5460 Ηῦρ
2522 5383 2752 5442 ἐνιιῖνιτιον
2801 5382 2968 5440 αὐτοῦ
3015 5383 3334 5454 καυθήσεται
3381 5377 3465 5434 καὶ
3503 5368 3662 5462 κύκλῳ
3709 5368 3774 5462 13:

2208 5477 2306 5530 τοῦ
2360 5473 2617 5542 καταιγὶς
2667 5470 2893 5550 σφόδρα.
2942 5493 2965 5526 ι
3022 5505 3089 5514 -
3162 5471 3230 5526 Τὸ
3279 5457 3774 5556 φρικτὸνιαῦτοῦικαι

2213 5561 2578 5618 ἀνυπόστατον
2609 5558 2700 5618 διὰ
2715 5548 2932 5617 ίτοῦτων
2967 5557 3154 5632 δηλοῖ*
3184 5555 3424 5628 καταιγὶς
3453 5549 3509 5607 δέ
3534 5548 3631 5603 ἐστι
3676 5548 3773 5614 ραγ-

2214 5649 2339 5708 δαία
2362 5651 2666 5726 πνεύματος
2698 5650 2845 5728 ῥύμη
2879 5650 3174 5730 ἀφόρητος·
3509 5727 3519 5730 _
3609 5721 3620 5730 .
3731 5714 3749 5726 .

2291 5738 2783 5821 ιΠροσκαλὲσεται
2829 5721 2939 5797 τὸν.
2980 5738 3204 5817 οὐρανὸν
3262 5737 3390 5807 ἄνω,
3443 5727 3525 5787 καὶ
3570 5721 3653 5792 τὴν
3698 5726 3772 5786 γην

3622 359 3880 540 καί
