3998 6406
268 396 427 463 1469

1485 401 1906 469 EXPOSITIO
1949 404 2028 469 IN
2069 403 2454 472 PSALMOS.

2699 295 2735 322 α

3515 399 3676 466 1470

264 535 364 588 τοῦ
410 529 678 610 διακρῖναι
719 529 811 589 τὸν
862 530 991 589 λαὸν
1039 532 1224 593 αὐτοῦ.
1262 558 1285 587 ι
1316 568 1384 580 —-
1428 532 1783 613 Ὑπερϐατῶς,
1813 538 1905 592 τὸν
1936 543 1992 610 Α
2021 533 2175 612 δείξω
2229 544 2309 612 τῷ
2366 539 2539 603 οῧτως
2594 538 2771 596 θύοντι
2834 539 2935 609 τήν
3005 560 3114 616 παρ
3173 535 3308 613 ἐμοῦ
3377 535 3669 615 σωτηρίαν.

270 621 385 677 ἄνω
422 619 551 679 ὄντα
598 621 822 699 οὐρανὸν
869 621 1295 699 προσκαλέσεται
1343 626 1433 680 καὶ
1482 627 1579 695 τὴν
1631 634 1734 702 γῆν
1764 624 1917 682 ἕνεκα

267 714 366 767 τοῦ
395 711 608 787 ἐλέγξαι
636 713 728 767 τὸν
762 712 890 768 λαὸν
920 710 1085 767 αὐτοῦ
1114 714 1205 769 τὸν
1233 712 1551 772 Ἰουδαϊκόν.

346 843 374 871 ‹‹
408 818 746 895 Συναγάγετε
778 818 925 892 αὐτῷ
953 819 1081 883 τοὺς
1111 820 1291 884 ὁσίους
1323 821 1506 879 αὐτοῦ.
1543 845 1573 874 ››
1615 855 1679 865 -
1708 821 1918 885 Ὀσίους

274 906 423 985 λέγει
512 907 639 971 τοὺς
718 903 1023 985 Ἐϐραίους,
1094 910 1168 972 ὡς
1261 910 1660 989 ἀφοσιωθέντας
1748 912 1914 984 αὐτῷ.

344 996 533 1059 «Τοὺς
580 995 976 1071 διατιθεμένους
1022 999 1122 1068 τήν
1173 996 1437 1071 διαθήκην
1487 1001 1652 1055 αὐτοῦ
1696 999 1783 1055 ἐπὶ
1832 1013 1920 1064 θυ-

273 1085 432 1149 σίαις.
468 1110 496 1138 ››
548 1119 616 1130 -
660 1086 798 1149 Τοὺς
846 1085 1184 1151 διοικοῦντας
1231 1089 1321 1144 καὶ
1366 1086 1773 1163 ἐκπληροῦντας
1824 1088 1916 1144 τὸν

269 1175 434 1250 νόμον
468 1175 631 1232 αὐτοῦ
658 1175 748 1231 ἐπὶ
778 1175 984 1240 θυσίαις
1021 1177 1202 1251 μόνον.

347 1288 376 1318 ‹‹
406 1264 509 1322 Καὶ
587 1264 974 1339 ἀναγγελοῦσιν
1022 1267 1074 1320 οἱ
1121 1265 1340 1343 οὐρανοὶ
1403 1269 1501 1337 τήν
1572 1265 1915 1338 δικαιοσύνην

272 1353 457 1425 αὐτοῦ,
489 1352 573 1408 ὅτι
610 1354 640 1407 6
689 1353 817 1415 Θεὸς
862 1356 1054 1429 κριτής
1105 1354 1331 1412 ἐστιν.»
1373 1389 1440 1399 -
1487 1355 1818 1430 Κηρύξουσιν
1864 1357 1920 1411 οἱ

274 1441 492 1518 οὐρανοὶ
519 1444 621 1511 τὴν
652 1440 991 1509 δικαιοσύνην
1023 1443 1208 1515 αὐτοῦ,
1241 1444 1324 1499 ὅτι
1356 1439 1525 1508 ὅντως
1562 1447 1754 1521 κριτής
1785 1445 1918 1519 ἐστι,

273 1530 427 1609 φύσει
455 1531 791 1605 κεκτημένος
820 1531 883 1586 τὸ
915 1528 1146 1590 δίκαιον.

340 1643 369 1672 ‹‹
404 1620 692 1691 Ἄκουσον,
727 1619 859 1682 λαός
913 1642 1039 1694 μου,
1070 1621 1161 1676 καὶ
1212 1619 1443 1692 λαλήσω
1494 1644 1600 1680 σοι.
1636 1647 1665 1675 ››
1698 1657 1765 1667 -
1804 1625 1919 1679 Ἐν-

266 1709 445 1763 τεῦθεν
478 1709 533 1763 οἱ
562 1706 717 1785 λόγοι
754 1713 854 1764 τοῦ
883 1713 1038 1766 Θεοῦ.
1070 1710 1142 1765 Τὸ
1181 1708 1239 1765 δὲ
1288 1707 1747 1788 διαμαρτύρομαι,
1780 1712 1918 1785 ἀντὶ,

264 1795 545 1873 παρρησίᾳ
574 1796 819 1873 λεχθήσο
829 1818 945 1871 μαι.

341 1907 370 1937 ‹‹
397 1887 651 1961 Ἔγνωκα
716 1884 892 1941 πάντα
958 1887 1025 1941 τὰ
1088 1886 1306 1942 πετεινὰ
1364 1892 1465 1943 τοῦ
1530 1888 1781 1965 ούρανοῦ,
1828 1889 1917 1945 καὶ
1947 1916 2053 1992 Βτ

420 1973 432 1992 Ι
580 1974 595 1992 9
706 1979 733 1989 ω
883 1976 895 1992 ﬁ
929 1974 944 1992 1
1030 1978 1058 1990 ὐ
1096 1975 1111 1992 9
1408 1977 1463 1992 Ω--
1579 1978 1590 1992 1
1757 1980 1771 1992 II
1882 1983 1908 1992 αι

265 1973 537 2047 ὡραιότης
569 1974 738 2052 ἀγροῦ
781 1976 895 2048 μετ’
926 1974 1062 2048 ἐμοῦ
1092 1975 1224 2033 ἐστι.
1250 1999 1278 2029 ››
1313 2008 1380 2019 -
1408 1977 1695 2054 Ὦραιότης
1747 1980 1912 2055 ἀγροῦ

263 2063 317 2118 οἱ
345 2066 483 2120 κατά
509 2064 733 2139 καιροὺς
764 2064 1029 2143 φυόμενοι
1056 2063 1278 2140 καρποίο
1300 2065 1364 2120 τὸ
1400 2062 1457 2121 δὲ
1484 2068 1598 2123 κατ’
1632 2066 1768 2140 ἐμοῦ
1798 2068 1915 2122 ἀντὶ

261 2157 381 2226 τοῦ,
412 2154 540 2230 παρ’
569 2152 713 2227 ἐμοί.

342 2267 364 2295 α
394 2242 515 2298 Ἐἀν
567 2240 909 2313 πεινάσω,ού
962 2244 1036 2315 μή
1092 2263 1175 2297 σοι
1225 2239 1383 2299 εἷ’πω.
1430 2267 1461 2295 ››

270 2350 377 2407 ρων
386 2329 522 2388 ικόν.

345 2442 372 2474 α
399 2424 565 2476 Θῦσον
596 2424 676 2493 τῷ
705 2424 822 2493 Θεῷ
853 2419 1035 2485 θυσίαν
1086 2419 1361 2484 αἰνέσεως.
1399 2444 1429 2473 ››
1458 2453 1529 2465 -ο
1563 2419 1776 2479 Αἷ¹νεσιν
1819 2424 1918 2492 τήν

273 2508 622 2586 εὐχαριστίαν
656 2509 839 2588 φησίν.

346 2621 375 2650 ‹‹
406 2598 506 2654 Καὶ
554 2596 760 2661 ἀπόδος
802 2603 882 2671 τῷ
926 2598 1160 2673 Ὑψίστῳ
1214 2600 1310 2662 τὰς
1377 2598 1542 2676 εὐχάς
1603 2622 1722 2658 σου.
1772 2624 1801 2652 ››
1851 2635 1919 2645 .-

269 2685 453 2762 Εύχάς
504 2684 656 2763 λέγει
694 2687 792 2750 τὰς
848 2688 1168 2763 ὑποσχέσεις
1232 2695 1335 2758 τῆς
1396 2689 1817 2766 εύαρεστήσεως*
1868 2690 1919 2762 ἐξ

270 2775 434 2832 αὐτοῦ
498 2778 603 2853 γὰρ
653 2780 751 2832 τοῦ
805 2774 994 2833 δοῦλοι
1042 2776 1323 2834 καλεῖσθαι
1373 2782 1511 2834 Θεοῦ
1552 2776 1632 2851 τῷ
1682 2778 1921 2853 Δεσπότῃ

272 2864 567 2940 εὐαρεστεῖν
602 2865 812 2944 ὑποσχό
820 2868 976 2940 μεθα.

344 2978 374 3006 ‹‹
401 2960 489 3028 Τῷ
545 2952 604 3011 δὲ
660 2953 976 3032 ἁμαρτωλῷ
1034 2955 1178 3011 εἶπεν
1231 2957 1260 3011 6
1316 2956 1467 3018 Θεός.
1523 2979 1554 3009 ››
1610 2988 1679 3000 -
1724 2961 1917 3031 Αμαρ-

266 3041 447 3099 τωλόν
501 3065 633 3123 φησι
682 3044 773 3099 τὸν
824 3048 930 3099 τῶν
982 3044 1173 3122 ἱερέων
1239 3044 1329 3099 καὶ
1386 3043 1754 3121 γραμματέων
1817 3064 1920 3121 χο-

270 3132 360 3207 ρόν
371 3174 383 3188 .

342 3246 371 3275 ‹‹
402 3221 466 3277 Εἰ
538 3221 787 3299 ἐθεώρεις
862 3221 1120 3295 κλέπτην,
1195 3222 1512 3299 συνέτρεχες
1586 3221 1753 3295 αὐτῷ,
1828 3223 1918 3278 καὶ

274 3313 410 3384 μετὰ
462 3315 676 3389 μοιχῶν
711 3313 810 3381 τὴν
865 3309 1059 3388 μερίδα
1106 3332 1202 3367 σου
1251 3310 1460 3375 ἐτίθεις.
1506 3334 1538 3364 ››
1584 3341 1655 3354 —-
1702 3312 1914 3388 Μοιχὸν

273 3399 497 3465 ἐνταῦθά
552 3422 683 3479 φησι
736 3406 987 3457 παντοῖον
1064 3399 1365 3457 ἀκόλαστον
1446 3405 1567 3464 ταῖς
1640 3406 1920 3477 σαρκικαῖς

271 3488 606 3563 ἐπιθυμίαις.

344 3578 475 3633 «Τὸ
531 3576 708 3653 στόμα
760 3598 857 3634 σου
925 3576 1217 3635 ἐπλεόνασε
1271 3577 1451 3650 κακίᾳ.
1511 3599 1542 3630 ››
1591 3610 1661 3619 -
1707 3574 1920 3647 Ἐπλη-

273 3668 423 3744 ρώθη
473 3665 725 3742 ψεύδους.
777 3665 1099 3747 ’Δδιάφορος
1147 3665 1205 3723 δὲ
1260 3670 1295 3737 ἡ
1347 3667 1590 3741 σύνταξις
1656 3665 1923 3722 κάνταῦθα

271 3754 347 3817 ὡς
376 3753 691 3831 πολλαχοῦ·

344 3867 374 3897 ‹‹
427 3844 747 3917 Καθήμενος
801 3844 938 3898 κατὰ
986 3848 1085 3899 τοῦ
1144 3841 1382 3922 ἀδελφοῦ
1435 3865 1531 3899 σου
1580 3841 1919 3911 κατελάλεις,

270 3932 393 3988 κατὶ
423 3934 560 3989 κατὰ
585 3936 685 3988 τοῦ
714 3933 836 3989 υἱοῦ
882 3940 982 4003 τῆς
1034 3933 1240 4010 μητρός
1295 3954 1391 3988 σου
1448 3931 1640 3995 ἐτίθεις
1696 3929 1923 3987 σκάνδα-

272 4019 390 4078 λον.
452 4045 481 4074 ››
514 4055 581 4066 -
612 4019 978 4097 Συνεδριάζων
1032 4022 1193 4076 ’τισίνο
1252 4019 1485 4101 ἀδελφὸν
1547 4017 1605 4076 δὲ
1657 4020 1747 4076 καὶ
1804 4020 1918 4076 υἱὸν

274 4111 482 4187 μητρὸς
508 4109 569 4167 ἐκ
594 4110 962 4188 παραλλήλου
992 4110 1128 4188 φηαὶ
1154 4110 1245 4166 τὸν
1302 4117 1405 4181 τῆς
1461 4106 1630 4180 αύτῆς
1687 4109 1922 4188 φύσειως

272 4195 387 4273 ἅμα
412 4199 503 4255 καὶ
532 4198 767 4263 πίστεως
812 4199 1095 4255 κοινωνόνι
1131 4197 1441 4255 Σκάνδαλον
1484 4197 1542 4254 δὲ
1568 4200 1666 4269 τὴν
1698 4196 1920 4275 παγίδα,

268 4288 512 4345 τουτέστι
540 4290 639 4359 τὴν
672 4284 995 4360 ἐπιϐουλήν.

345 4419 375 4447 ‹‹
415 4399 591 4450 Ταῦτα
655 4393 938 4469 ἐποίησας,
995 4395 1086 4451 καί
1144 4393 1386 4471 ἐσίγησα.
1449 4418 1478 4447 ‹‹

274 4482 513 4558 θύμησα.

352 4593 375 4624 ι
400 4568 692 4636 ’Υπέλαϐες
723 4572 949 4647 ἀνομίαν
983 4567 1065 4628 ὅτι
1118 4570 1310 4647 ἔσομαί
1365 4595 1456 4628 σοι
1512 4568 1727 4647 ὅμοιος.
1792 4597 1820 4626 ››
1852 4606 1919 4617 -

1510 2280 1521 2286 ι
1536 2276 1579 2286 -
1621 2248 1789 2299 Τοῦτο
1839 2244 1913 2300 εἱ-

1534 4427 1604 4438 --
1658 4395 1713 4449 Ἐ
1723 4415 1922 4472 μακρο-

2641 661 2935 713 ΨΑΛΜΟΣ
2977 658 3056 713 Ν’.

2099 788 2127 815 ‹‹
2161 762 2254 825 Είς
2282 764 2344 818 τὸ
2370 763 2530 826 τέλος
2590 762 2810 837 ψαλμὸς
2867 768 2945 836 τῷ
3003 760 3192 821 Λαυῖδ.
3245 763 3329 817 Ἐν
3379 766 3460 835 τῷ
3492 760 3666 818 ἐλθεῖν

2025 853 2162 928 πρὸς
2218 850 2377 907 αὐτὸν
2429 851 2603 908 Νάθαν
2660 852 2752 908 τὸν
2823 854 3133 931 προφήτην·
3212 852 3375 922 ἡνίκα
3449 848 3671 920 είσῆλθε

2026 942 2162 1017 πρὸς
2220 936 2511 1017 Βηρσαϐεέ.
2576 966 2604 994 ››
2660 976 2729 984 -
2779 943 2849 997 Τὸ
2921 942 3084 1012 ἡνίκα
3159 941 3378 996 ἐνταῦθα
3451 941 3671 1016 ὑστερο-

2027 1029 2252 1106 χρονίαν
2285 1028 2488 1100 δηλοῦν
2521 1030 2667 1109 ἐφτιν
2701 1032 2816 1086 cisz
2845 1036 2942 1086 τοῦ
2985 1027 3152 1104 μεθ’ὄ.

2107 1148 2129 1178 ι
2164 1126 2420 1199 Ἐλέησόν
2486 1150 2572 1202 με,
2633 1130 2660 1184 ὁ
2710 1130 2859 1200 Θεὸν,
2906 1131 3041 1184 κατά
3082 1129 3146 1183 τὸ
3199 1129 3340 1204 μέγα
3368 1124 3521 1190 ἔλεός
3555 1149 3673 1197 σου,

2030 1217 2119 1271 καὶ
2152 1217 2286 1272 κατά
2312 1217 2376 1272 τὸ
2406 1217 2621 1287 πλῆθος
2649 1222 2756 1273 τῶν
2790 1217 3088 1294 οῗκτιρμῶν
3121 1237 3237 1288 σου,
3286 1215 3564 1288 ἐξάλειψον
3616 1215 3679 1269 τὸ

2031 1305 2295 1378 ἀνόμημά
2355 1328 2479 1379 μου.
2535 1331 2557 1360 ι
2612 1339 2681 1349 -
2728 1305 2922 1378 Ἀξίως
2968 1310 3065 1361 τοῦ
3101 1305 3339 1382 μεγάλου
3366 1326 3461 1360 σου
3489 1303 3677 1367 ἐλέους

2029 1392 2256 1462 ἐλέησόν
2292 1416 2358 1468 με
2390 1394 2644 1470 μεγάλως
2678 1394 3037 1467 ἡμαρτηκότα
3062 1415 3168 1450 σοι.

2101 1516 2130 1544 ‹‹
2173 1491 2293 1547 Ἐπὶ
2350 1490 2539 1547 πλεῖον
2589 1490 2792 1547 πλῦνόν
2853 1512 2918 1566 με
2961 1492 3066 1547 ἀπὸ
3110 1494 3208 1562 τῆς
3265 1490 3495 1564 ἀνομίας
3547 1510 3673 1563 μου,

2028 1581 2119 1636 κιοὶ
2149 1581 2254 1635 ἀπὸ
2291 1588 2391 1651 τῆς
2422 1581 2691 1658 ἀμαρτίας
2726 1603 2829 1655 μου
2858 1581 3145 1657 καθάρισόν
3182 1602 3269 1653 με.
3325 1603 3348 1632 ο
3408 1611 3480 1623 -η
3537 1585 3670 1633 Συν-

2030 1672 2288 1746 εχωρήθη
2320 1672 2423 1746 γὰρ
2453 1670 2544 1725 καί
2585 1668 2675 1725 διὰ
2704 1671 2900 1725 Νάθαν.
2935 1675 3122 1726 Κεῖται
3183 1667 3241 1725 δὲ
3268 1671 3331 1725 τὸ
3382 1667 3663 1725 ἐπιπλεῖον

2029 1758 2142 1814 ἀντὶ
2167 1764 2265 1813 τοῦ
2297 1755 2451 1834 ἄγαν.

2103 1872 2131 1899 ‹‹
2166 1849 2282 1902 ’Ὁτι
2312 1850 2410 1918 τὴν
2446 1848 2670 1922 ἀνομίαν
2705 1870 2808 1922 μου
2857 1847 2963 1925 ἐγὼ
2991 1849 3268 1924 γινώσκω,
3298 1846 3388 1903 καὶ
3427 1849 3463 1917 ἡ
3497 1847 3674 1920 ἀμαρ-

2062 1936 2113 1991 ία
2139 1956 2244 2010 μου
2284 1936 2513 1992 ἐνώπιόν
2576 1936 2681 2011 μού
2730 1935 2841 1992 ἐστι
2890 1935 3199 2000 διαπαντός.
3257 1961 3283 1989 ››
3314 1970 3385 1979 —-
3412 1935 3675 2007 Ἐλέησόν

2028 2047 2114 2099 με,
2149 2025 2333 2101 φησὶν,
2365 2022 2446 2080 ὅτι
2480 2026 2579 2082 ούκ
2608 2023 2954 2101 ἐπελαθόμην
2980 2034 3080 2097 τῆς
3113 2026 3379 2101 ἀμαρτίας
3418 2047 3544 2100 μου,
3576 2044 3673 2080 κα-

2021 2117 2362 2193 ταφρονήσας
2434 2115 2624 2188 αὐτῆς,
2697 2113 2825 2170 ἀλλ’
2899 2115 2952 2171 ἐν
3027 2115 3105 2189 νῷ
3175 2116 3373 2186 ταύτην
3460 2113 3673 2193 στρέφω

2026 2202 2129 2262 ἀεί.
3258 2218 3271 2275 \

2104 2314 2126 2344 α
2160 2291 2258 2347 Σοὶ
2293 2293 2443 2367 μόνω
2484 2292 2750 2369 ἥμαρτον,
2782 2295 2870 2350 καὶ
2917 2293 2979 2350 τὸ
3008 2295 3248 2371 πονηρὸν
3306 2287 3536 2349 ἐνώπιόν
3566 2313 3666 2348 σου

2027 2379 2276 2452 ἐποίησα.
2337 2406 2366 2433 ››
2409 2414 2479 2424 --
2519 2382 2781 2446 Βασιλεὺς
2828 2383 2901 2438 ὢν
2955 2383 3044 2439 καὶ
3094 2384 3178 2439 σοὶ
3238 2383 3388 2457 μόνῳ
3444 2380 3670 2456 δικαστῇ

2028 2470 2404 2545 ὑποκεὶμενος,
2460 2476 2549 2526 σοῖ
2605 2471 2757 2546 μόνῳ
2814 2470 3084 2549 ἥμαρτον.
3142 2471 3371 2533 ’Ἄλλως
3425 2468 3504 2540 δὲ,
3563 2471 3670 2529 Κόίν

2024 2558 2118 2614 τὸν
2179 2559 2375 2634 Οὺρίρν
2432 2558 2690 2632 ἠδίκησα.
2745 2559 2871 2616 ἀλλ’
2930 2562 3064 2633 αὕτη
3134 2561 3372 2638 ἁμαρτία
3453 2559 3540 2615 ἐπὶ
3618 2561 3677 2614 σε

2029 2643 2294 2704 διαϐαίνει
2328 2669 2342 2682 ·
2387 2649 2514 2713 τοὺς
2572 2650 2700 2714 σοὺς
2756 2650 2955 2724 νόμους
3011 2652 3112 2727 γὰρ
3170 2644 3547 2728 παραϐέϐηκα.
3599 2654 3672 2705 ’Ἠ

2028 2732 2289 2811 ὅτι,τοί›ς
2320 2736 2527 2801 ἄλλους
2558 2736 2759 2811 λαθὼν,
2808 2740 2893 2794 σοὶ
2956 2739 3107 2814 μόνῳ
3163 2735 3437 2816 ἕγνωσμαι
3491 2741 3674 2815 ἦμαρ-

2026 2826 2235 2898 τηκώς.

2101 2939 2131 2968 ‹‹
2158 2917 2343 2979 Ὅπως
2370 2916 2429 2971 ἄν
2463 2914 2760 2991 δικαιωθῇς
2792 2917 2844 2973 ἐν
2887 2922 3005 2980 τοῖς
3050 2916 3241 2993 λόγοις
3291 2938 3408 2975 σου.
3447 2940 3477 2969 ››
3507 2949 3577 2959 -
3604 2914 3675 2972 Τὸ

2028 3004 2178 3068 ὅπως
2210 3004 2310 3060 ούκ
2339 3003 2451 3061 ἔστι
2475 3010 2567 3061 νῦν
2597 3004 2772 3069 αἰτίας
2811 3004 3142 3078 δηλωτικὸν,
3202 3004 3328 3062 ἀλλ’
3383 3000 3675 3068 ἐκϐάσεως.

2029 3094 2175 3165 Φησὶ
2231 3095 2356 3171 γὰρ,
2419 3094 2685 3167 Ἐποίησα
2739 3096 2801 3150 τὸ
2852 3097 3015 3151 κακὸν
3079 3094 3216 3151 κατὰ
3287 3096 3385 3165 τῆς
3445 3093 3682 3167 ἐμαυτοῦ

2028 3181 2271 3261 κεφαλῆς
2310 3180 2435 3239 ’ίν⁹έν
2492 3190 2611 3247 ταῖς
2660 3181 3063 3261 δικαιολογίαις
3109 3206 3208 3239 ,οου
3250 3187 3369 3247 ταῖς
3412 3184 3549 3261 πρὸς
3582 3183 3681 3256 ἐμὲ

1949 3284 1992 3352 C
2031 3270 2094 3326 σὺ
2128 3272 2222 3345 μέν
2282 3269 2701 3346 δεδικαιωμένος
2759 3273 2928 3351 ὀφθῇς
2985 3270 3075 3327 καὶ
3122 3270 3515 3343 ἀνεπίληπτος,
3566 3270 3676 3348 ἐγὼ

2032 3359 2090 3416 δὲ
2144 3359 2665 3436 καταδεδικασμένος
2718 3366 2809 3417 καὶ
2869 3361 3136 3432 ὑπαίτιος,
3192 3361 3283 3416 καὶ
3341 3359 3503 3433 ἐντῷ
3534 3357 3677 3437 ἄγειν

2031 3450 2251 3505 σεαυτὸν
2310 3450 2388 3514 εἰς
2441 3451 2617 3527 κρίσιν
2681 3456 2794 3525 μετ’
2840 3449 2998 3524 ἐμοῦ,
3049 3449 3111 3505 σὺ
3164 3450 3259 3523 μὲν
3289 3450 3534 3524 νικήσῃς,
3568 3448 3674 3527 ἐγὼ

2032 3535 2090 3594 δὲ
2144 3541 2386 3611 ἡττηθω.
2437 3540 2683 3614 Κρίνεται
2740 3536 2798 3595 δὲ
2854 3540 2883 3595 6
2941 3539 3070 3603 Θεὸς
3133 3540 3248 3613 μεθ’
3302 3539 3485 3612 ἡμῶν,
3545 3533 3670 3594 ὅταν

2031 3625 2231 3704 ἐλέγχῃ
2260 3629 2430 3701 ἡμᾶς.

2101 3739 2131 3767 ‹‹
2187 3714 2328 3774 Ἰδοὺ
2385 3717 2488 3794 γὰρ
2550 3717 2601 3773 έν
2676 3716 2928 3792 ἀνομίαις
3003 3715 3373 3795 συνελήφθην,
3455 3716 3546 3771 καὶ
3621 3714 3674 3771 ἐν

2030 3803 2318 3880 ἁμαρτίαις
2349 3805 2597 3877 ἐκίσσησέ
2632 3828 2699 3881 με
2728 3809 2762 3879 ή
2799 3808 2984 3884 μήτηρ
3018 3827 3144 3880 μου.
3180 3830 3209 3858 υ
3239 3838 3310 3850 -
3339 3806 3676 3882 Συνεσχέθην

2029 3899 2148 3956 ταῖς
2178 3894 2456 3969 ἀνομίαις’
2488 3898 2524 3966 ἡ
2589 3898 2774 3973 μήτηρ
2822 3917 2947 3970 μου,
2980 3896 3057 3959 ὡς
3086 3892 3279 3969 ἔοικεν,
3310 3895 3388 3959 εἷς
3417 3894 3578 3951 τοῦτό
3613 3915 3680 3961 με

2031 3980 2341 4056 ἀγέννησεν,
2404 3984 2480 4047 είς
2532 3984 2596 4039 τὸ
2652 3983 2997 4061 ἁμαρτάνειν’
3068 3984 3131 4039 τὸ
3205 3984 3310 4061 γὰρ
3395 3981 3673 4053 ἐκίσσησεν

2032 4069 2307 4146 ἐγέννησεν
2342 4072 2485 4128 εἶπεν
2519 4074 2547 4129 6
2581 4072 2910 4151 Σύμμαχος.

2102 4200 2132 4230 ‹‹
2160 4175 2299 4233 Ἰδοὺ
2326 4178 2427 4255 γὰρ
2484 4178 2743 4250 ἀλήθειαν
2794 4178 3103 4256 ἠγάπησας.
3172 4202 3201 4230 ››
3257 4211 3327 4222 ——
3382 4179 3675 4252 Ὀμολογῶ

2027 4267 2123 4329 τὰς
2155 4265 2385 4341 ἀνομίας
2421 4289 2545 4342 μου,
2580 4264 2718 4322 διότι
2750 4268 2955 4343 ἀγαπᾷς
2981 4268 3081 4336 τήν
3113 4267 3390 4343 ἀγήθειαν.

2102 4397 2133 4427 κ
2161 4374 2236 4429 Τὰ
2262 4371 2443 4445 ἄδηλα
2495 4371 2585 4429 καί
2638 4373 2707 4428 τὰ
2761 4375 2962 4452 κρύφια
3016 4375 3115 4443 τῆς
3173 4371 3362 4450 σοφίας
3416 4391 3512 4425 σου
3552 4366 3679 4441 έδή-

2030 4460 2212 4526 λωσάς
2275 4483 2390 4536 μοι.
2424 4486 2454 4516 »
2509 4496 2578 4507 —
2632 4463 2776 4538 Πρὸς
2824 4462 3024 4519 οἷκείαν
3076 4461 3340 4538 αἰσχύνην
3376 4458 3537 4516 τοῦτό
3570 4481 3677 4537 φη-

2031 4571 2133 4609 σιν.

275 4662 445 4735 Ἐμοῦ
503 4640 1001 4739 μακροθυμοῦντος,
1080 4640 1347 4725 ὑπέλαϐες
1428 4640 1761 4719 συνευδοκεῖν
1855 4684 1923 4737 με
1949 4654 1997 4719 D
2070 4664 2128 4739 “‘
2199 4642 2468 4739 :pa‘m‘k
2520 4661 2626 4739 ,μῆ
2687 4640 2936 4739 ξδσσώπψν
2989 4641 3079 4739 δίξῖ
3154 4640 3623 4739 καρίξρισθήσομαι
3654 4657 3668 4670 ’

272 4757 390 4814 τοῖς
421 4749 841 4828 ἁμαρτάνουσιν.

352 4863 375 4893 ιι
410 4838 606 4897 Σύνετε
635 4836 702 4909 δὴ
732 4844 919 4911 ταῦτα,
956 4841 1007 4894 οἳ
1047 4837 1527 4915 ἐπιλανθανόμενοι
1574 4840 1672 4897 τδῦ
1702 4845 1856 4897 Θεοῦ.
1888 4864 1919 4894 ››

273 4960 345 4972 —-
372 4929 436 4985 Οἱ
464 4928 911 5005 ἀμνημονοῦντες
939 4933 1037 4985 τοῦ
1067 4933 1201 4986 Θεοῦ
1250 4927 1340 4985 διὰ
1384 4931 1483 5000 τὴν
1546 4931 1917 5008 μακροθυμίαν

272 5039 638 5180 αυτιοζάήποτε
668 5109 898 5185 ἁρπασῃ,
929 5106 1020 5163 καὶ
1051 5107 1113 5164 οὐ
1148 5109 1225 5182 μὴ
1252 5107 1291 5183 ῇ
1324 5108 1353 5164 6
1410 5108 1694 5187 ῥυόμενος.
1766 5134 1787 5161 ι
1848 5141 1920 5153 --

269 5199 500 5269 Μήποτε
526 5196 740 5275 ἁρπάσῃ
774 5196 872 5260 τὰς
928 5195 1109 5273 ψυχὰς
1157 5199 1318 5271 ήμῶν
1368 5193 1440 5253 δι’
1485 5197 1732 5276 ἀγγέλων
1781 5198 1915 5253 ἀπο-

269 5286 569 5434 τόεαΘνύσία
598 5374 850 5439 αἰνέσεως
883 5372 1093 5447 δοξάσει
1124 5397 1212 5451 με.
1271 5399 1301 5428 ››
1349 5410 1419 5420 -
1464 5378 1572 5447 Τὴν
1624 5375 1695 5432 δι’
1751 5376 1919 5453 εὐχα-

275 5464 483 5544 ριστίας
564 5466 746 5531 θυσίαν
802 5464 919 5541 ἔχω
975 5462 1129 5539 δόξαν
1189 5465 1328 5540 ἐμὴν
1385 5466 1475 5522 καὶ
1532 5466 1593 5521 ού
1657 5467 1756 5536 τὴν
1832 5463 1921 5521 δια

277 5560 539 5700 ζωίῗνίζαὶ
597 5643 708 5703 ἐκεῖ
772 5640 897 5707 όδὸς
950 5642 1018 5714 ἥν
1087 5641 1245 5716 δείξω
1299 5644 1447 5719 αύτῷ
1518 5645 1582 5700 τὸ
1652 5644 1920 5721 σωτήριόν

2025 4728 2248 4792 πλυνεῖς
2305 4750 2392 4803 με,
2448 4728 2537 4784 καὶ
2605 4728 2745 4805 ὑπὰρ
2803 4729 2964 4805 χιόνα
3019 4728 3471 4802 λευκανθήσομαι.
3528 4750 3557 4779 ››
3604 4759 3672 4771 ~—

2025 4822 2200 4874 Ταῦτα
2255 4815 2481 4891 δύναμιν
2535 4814 2651 4894 ἔχει
2710 4817 2898 4894 εὐχῆς.
2957 4819 3237 4873 Ὗσσωπον
3279 4813 3338 4871 δὲ
3386 4819 3662 4892 τροπικῶς

2028 4907 2285 4982 ὀνομάζει
2332 4908 2433 4978 τὴν
2465 4908 2671 4984 ἄφεσιν.

2105 5019 2133 5052 σ
2163 4997 2175 5019 ’
2206 5000 2490 5059 Δκουτιεῖς
2569 5017 2636 5069 με
2703 4993 3024 5071 ἀγαλλίασιν
3082 4994 3173 5049 καὶ
3230 4992 3583 5071 εὸφροσύνην.
3643 5018 3672 5047 »

2022 5116 2097 5131 —
2123 5088 2260 5148 Ταῖς
2318 5085 2505 5147 ἀκοαῖς
2557 5087 2659 5154 τῆτ
2705 5087 2893 5159 ψυχῆς
2925 5105 3030 5159 μου
3078 5081 3365 5159 ἐνηχήσεις
3397 5083 3570 5160 χαρὰν
3604 5087 3675 5157 τῇ

2023 5172 2377 5254 πληροφορίᾳ
2401 5180 2504 5245 τῆς
2535 5174 2797 5250 συγχωρή
2808 5194 2964 5236 πως*

2101 5295 2124 5325 ι
2204 5271 2303 5326 Καὶ
2376 5269 2801 5347 ἀγαλλιάσονται
2883 5269 3040 5326 ὀστέα
3110 5269 3567 5343 τεταπεινωμένα.
3641 5291 3671 5320 ››

2024 5392 2096 5404 -
2123 5361 2228 5416 Λιᾶ
2255 5363 2362 5416 τῶν
2394 5360 2564 5415 ὀστῶν
2597 5355 2727 5415 ὅλον
2760 5356 2928 5431 δηλοῖ
2975 5359 3160 5415 ἑαυτὸν
3227 5358 3675 5438 κατακαμφθέντα

2024 5454 2103 5522 τῷ
2132 5449 2339 5527 φορτίῳ
2366 5452 2465 5518 τῆς
2493 5448 2780 5527 ἁμαρτίας.

2099 5580 2129 5611 ‹‹
2158 5554 2521 5631 Ἀπόστρεψον
2578 5556 2641 5611 τὸ
2696 5553 2990 5633 πρόσωπόν
3045 5577 3142 5611 σου
3201 5554 3306 5611 ἀπὸ
3359 5557 3468 5610 τῶν
3501 5555 3673 5630 ἀμαρ-

2026 5649 2157 5701 τιῶν
2193 5668 2317 5720 μου,
2374 5645 2463 5701 καὶ
2520 5646 2692 5708 πάσας
2747 5646 2842 5708 τὰς
2890 5642 3119 5721 ἀνομίας
3173 5666 3277 5719 μου
3309 5643 3610 5720 ἐξάλειψον.
3640 5663 3668 5699 υ

281 5756 409 5810 μου.
441 5758 471 5790 ››
502 5767 572 5778 -
600 5735 700 5792 Καὶ
756 5732 810 5791 ἐν
862 5730 1032 5810 ἐκείνῃ
1074 5736 1145 5808 τῇ
1189 5733 1346 5811 θυσίᾳ
1389 5734 1533 5792 ἔστὶν
1580 5731 1706 5799 όδὸς
1754 5731 1825 5790 δι’
1853 5735 1925 5808 ής
2029 5768 2099 5779 —-
2126 5732 2329 5814 Πάριδέ
2360 5756 2466 5810 μου
2493 5734 2562 5791 τὰ
2592 5735 2976 5811 ἁμαρτήματα.
