3998 6410
446 417 598 482 ηπ

1689 419 2116 491 NIGEPBORI
2158 420 2601 487 BLEMMIDE

3634 423 3744 487 ma

517 574 550 605 «
604 546 839 626 Καρδίαν
912 551 1146 630 καθαρὰν
1202 554 1385 611 κτίσον
1444 552 1498 610 ἐν
1551 554 1701 630 ἐμοὶ,
1760 555 1789 611 ὸ
1845 557 1997 621 Θεός.
2056 580 2084 609 ››
2117 556 2174 624 Α
2203 549 2473 631 Ἐϐραϊκῷ
2547 551 2638 609 διὰ
2710 553 2811 623 τήν
2879 549 3096 622 πολλὴν
3178 546 3449 630 ἐμφέρειαν
3505 554 3597 609 τῶν
3660 556 3749 632 παρ’

445 673 514 683 --
546 637 777 717 Καρδίαν
835 641 934 710 τὴν
991 645 1173 720 ψυχὴν
1235 642 1404 720 λέγει.
1460 645 1652 701 Κτίσον
1705 642 1763 701 δὲ
1789 648 1851 702 τὸ
1889 645 2093 701 ἀποκα-

443 729 729 800 τάστησον.

516 842 545 870 ‹‹
579 817 677 874 Καὶ
733 824 948 895 πνεῦμα
1003 821 1148 885 εύθὲς
1206 822 1502 898 ἐγκαίνισον
1569 824 1622 880 ἐν
1670 829 1789 887 τοῖς
1842 824 2090 900 ἐγκάτοις

442 928 571 976 μου.
622 932 651 960 ››
709 941 780 953 -
830 914 1051 983 Πνεῦμα
1108 910 1253 973 εύθές
1302 913 1366 967 τὸ
1420 914 1783 987 πτευματικὸν
1843 915 2092 989 χάρισμα

436 1003 540 1066 τῆς
589 996 898 1067 εὐθύτητος.
958 1000 1030 1055 Τὸ
1087 998 1145 1055 δὲ
1189 1000 1511 1076 ἐγκαίνισον,
1568 1002 1687 1058 ἀντὶ
1737 1007 1859 1073 τοῦ,
1888 1008 2091 1063 καινῶς

442 1080 651 1157 ἔμϐαλε
679 1083 872 1162 ἔγκατα
919 1085 978 1144 δὲ
1023 1087 1184 1145 καλεῖ
1210 1090 1276 1146 τὰ
1320 1090 1480 1168 κρύια
1532 1099 1632 1162 τῆς
1680 1089 1940 1165 διανοίας,
1999 1092 2087 1147 καὶ

433 1174 500 1230 τὰ
533 1175 670 1250 βάθη
702 1180 812 1230 τῶν
841 1174 1144 1252 λογισμῶν.

506 1287 535 1315 ‹‹
563 1261 797 1327 ’Δπόδος
831 1287 923 1339 μοι
952 1268 1055 1337 τήν
1114 1266 1440 1343 ἀγαλλίασιν
1468 1274 1567 1325 τοῦ
1597 1270 1872 1346 σωτηρίου
1903 1292 2020 1328 σου.
2055 1293 2085 1323 ››

434 1384 504 1395 —-
532 1354 639 1421 Τήν
670 1355 843 1431 χαρὰν
875 1354 943 1425 ἥν
975 1356 1123 1433 εἶχον
1157 1356 1217 1412 ἐκ
1242 1362 1339 1413 τοῦ
1368 1359 1629 1427 σώζεσθαι
1663 1356 1752 1414 διὰ
1779 1363 1897 1414 σοῦ.

508 1464 538 1494 α
593 1445 695 1498 Καὶ
767 1444 1036 1518 πνεύματι
1101 1447 1414 1522 ἡγεμονικῷ
1468 1441 1717 1523 στήριξόν
1781 1468 1867 1521 με.
1928 1471 1957 1499 ››

440 1531 787 1607 Κραταίωσόν
847 1554 915 1606 με
970 1533 1271 1611 χαρίσματι
1329 1540 1652 1611 κυριευτικῷ
1703 1540 1811 1592 τῶν
1875 1537 2083 1608 παθῶν,

429 1620 521 1676 καὶ
560 1618 751 1697 ὁδηγῶ
779 1623 915 1699 πρὸς
944 1622 1012 1678 τὰ
1039 1623 1338 1701 κρείττονα.

506 1732 537 1762 ‹‹
565 1708 781 1783 Λιδάξω
837 1711 1079 1786 ἀνόμους
1132 1713 1231 1775 τὰς
1285 1710 1446 1776 όδούς
1488 1734 1605 1786 σου,
1636 1714 1725 1769 καὶ
1752 1710 1962 1778 ἀσεϐεῖς
1995 1714 2084 1770 ἐπὶ

435 1800 494 1854 σὲ
543 1798 970 1877 ἐπιστρέφουσιν.
1004 1824 1033 1853 ››
1060 1835 1129 1844 -
1158 1805 1293 1865 Τοῖς
1337 1801 1532 1865 ἄλλοις
1564 1800 1916 1879 ἁμαρτωλοῖς
1971 1799 2086 1860 ἔσο-

440 1909 537 1963 μαι
563 1890 735 1952 τύπος
767 1889 1053 1963 μετανοίας
1080 1891 1171 1945 καὶ
1193 1890 1545 1970 ἐπιστροφῆς·

2016 1480 2088 1491 —

506 2001 535 2030 ι(
568 1978 748 2033 Ῥῢσαί
806 2000 873 2054 με
929 1978 981 2051 ἐξ
1036 1979 1306 2053 αἱμάτων,
1364 1979 1394 2035 ό
1433 1980 1585 2054 Θεὸς,
1643 1979 1825 2045 όΘεὸς
1850 1988 1951 2053 τῆς
1980 2002 2085 2038 σω-

431 2066 624 2143 τηρίας
659 2087 783 2141 μου.
813 2090 842 2119 »
875 2101 944 2109 —
974 2065 1191 2141 Αἵματα
1221 2066 1463 2144 λέγονται
1494 2069 1584 2125 καὶ
1613 2070 1666 2126 οἱ
1696 2067 1871 2126 ἄδικοι
1903 2071 2082 2151 φόνοι,

434 2157 524 2211 καὶ
556 2156 608 2210 οἱ
637 2155 851 2219 τούτοις
884 2155 1254 2232 ἐπιχαίροντες
1294 2153 1570 2232 δαίμονες.

511 2268 542 2298 ‹‹
576 2243 992 2322 ’Δγαλλιάσεται
1040 2247 1075 2315 ἡ
1124 2245 1348 2321 γλῶσσά
1401 2269 1505 2321 μου
1570 2249 1669 2319 τήν
1740 2246 2081 2320 δικαιοσύνην

432 2354 551 2391 σου.
604 2356 632 2385 ››
675 2365 746 2377 -—-
799 2335 881 2408 Τῇ
930 2333 1235 2411 ἀπαγγελίᾳ
1278 2342 1379 2405 τῆς
1434 2339 1580 2414 παρά
1634 2342 1730 2393 σοῦ
1786 2333 2083 2415 γενομένης

437 2443 531 2498 μοι
563 2419 895 2486 δικαιώσεως
927 2421 1101 2478 εἷ’τουν
1160 2422 1469 2501 ἐλευθερίας
1501 2427 1607 2481 ἀπὸ
1658 2433 1759 2497 τῆς
1820 2426 2084 2505 ἁμαρτίας

441 2532 570 2585 μου.

512 2623 535 2653 ι
570 2599 751 2676 Κύριε,
783 2600 851 2655 τὰ
876 2598 1041 2677 χείλη
1079 2623 1186 2675 μου
1235 2602 1484 2674 ἀνοίξεις,
1515 2605 1606 2659 καὶ
1643 2607 1707 2660 τὸ
1754 2604 1931 2679 στόμα
1979 2627 2085 2680 μου

439 2686 734 2765 ἀναγγελεῖ
784 2689 884 2759 τήν
943 2686 1137 2745 αἶ’νεσίν
1170 2712 1287 2747 σου.
1320 2716 1349 2744 ››
1382 2723 1450 2736 —-
1480 2692 1737 2765 ’Δνοίξεις
1792 2695 1929 2772 πρὸς
1983 2695 2085 2765 τὴν

435 2778 534 2848 σὴν
569 2775 881 2855 δοξολογίαν
902 2778 993 2834 καὶ
1015 2778 1244 2853 ίίμνησιν
1276 2779 1633 2855 κεκλεισμένα
1659 2786 1728 2857 τῇ
1752 2784 2081 2860 καταγνώσει

440 2864 533 2923 διὰ
558 2868 659 2936 τήν
692 2866 979 2944 ἁμαρτίαν.

509 2979 539 3007 ι(
569 2958 689 3010 Ὅτι
738 2954 785 3010 εί
823 2952 1100 3028 ἠθέλησας
1157 2955 1363 3030 θυσίαν,
1411 2954 1589 3014 ἔδωκα
1634 2960 1717 3015 ἄν’
1769 2961 2084 3017 ὁλοκαυτώ-

442 3065 585 3118 ματα
622 3043 722 3100 ούκ
767 3041 1100 3116 εὐδοκήσεις.
1144 3070 1174 3099 ››
1203 3079 1274 3090 --
1321 3047 1400 3106 Τὸ
1439 3045 1772 3122 εὐδοκήσεις,
1819 3049 1939 3105 ἀντὶ
1985 3054 2083 3106 τοῦ

434 3131 684 3209 ἀποδέξῃ.

507 3247 536 3275 ι(
568 3223 735 3280 Θυσία
792 3227 873 3296 τῷ
938 3228 1052 3297 Θεῷ
1118 3228 1334 3299 πνεῦμα
1395 3227 1873 3304 συντετριμμένον.
1927 3252 1957 3281 ››

435 3312 728 3375 Ἑκουσίως
755 3313 1189 3387 τεταπεινωμένη
1221 3315 1400 3390 ψυχή.

507 3400 801 3479 «Καρδίαν
856 3404 1316 3480 συντετριμμένην
1368 3404 1397 3459 6
1440 3404 1569 3468 Θεὸς
1629 3404 1728 3461 οὐκ
1793 3402 2085 3477 ἐξουδενώ-

444 3511 543 3546 σει.
602 3513 631 3544 ››
699 3523 771 3534 --
825 3490 936 3547 Ούκ
1008 3488 1424 3568 ἀποδοκιμάσει,
1497 3493 1597 3550 οὐκ
1670 3495 2085 3574 ἀποστραφήσε-

440 3600 551 3637 ται.

511 3692 542 3721 ‹‹
571 3669 888 3745 Ἀγάθυνον,
917 3669 1099 3745 Κύριε,
1132 3669 1186 3726 ἐν
1216 3675 1285 3746 τῇ
1318 3669 1535 3745 εὐδοκία
1563 3694 1660 3728 σου
1713 3674 1814 3744 τὴν
1855 3674 2021 3730 Σιών.
2058 3697 2087 3725 ››

440 3789 512 3801 —-
540 3757 827 3834 Ἀγάθυνον
877 3759 973 3833 μὲν
1042 3760 1105 3816 τὸ
1173 3759 1600 3837 ἀγαθοποίησον,
1658 3762 1801 3818 Σιὼν
1863 3760 1923 3819 δὲ
1998 3760 2088 3818 καί

439 3848 475 3918 ἡ
506 3849 615 3901 τῶν
674 3851 881 3903 πιστῶν
941 3851 1230 3926 συναγωγὴ
1286 3850 1378 3906 καὶ
1437 3851 1534 3925 μία
1591 3851 1786 3922 ἐκάστη
1820 3852 1974 3929 ψυχὴ
2001 3850 2087 3908 εὖ·

439 3930 624 4007 σεόἠς,
654 3934 812 4011 τάχω
863 3932 922 3991 δὲ
966 3937 1057 3992 καὶ
1088 3940 1124 4008 ἠ
1172 3944 1273 4009 τῆς
1319 3937 1651 4012 Ἓκκλησίας
1694 3941 2087 4017 προϊσταμένη,

438 4022 529 4078 καὶ
587 4024 641 4078 οἱ
707 4024 806 4092 τήν
877 4027 1062 4101 ψυχὴν
1135 4024 1462 4103 ὀχυροῢντες
1527 4026 1741 4106 στεῤῥοὶ
1805 4026 2087 4106 λογισμοί’

440 4110 596 4167 θυσία
641 4108 700 4168 δὲ
743 4110 1080 4185 δικαιοσύνη,
1109 4112 1233 4185 ἤτοι
1283 4112 1467 4171 δικαία
1493 4118 1529 4188 ἡ
1561 4116 1751 4194 ἀρετή.
1803 4116 1903 4173 Καὶ
1959 4116 2093 4172 ἀνα-

444 4201 588 4279 φορὰ
644 4201 762 4275 μὶν,
816 4200 990 4259 εἷ’τουν
1044 4201 1405 4284 ἀναφαίρεμα,
1453 4208 1489 4276 ἠ
1554 4208 1748 4280 μερικὴ
1811 4207 1996 4282 ἀρετή-
2053 4208 2089 4276 ἡ

447 4288 505 4345 δὲ
534 4290 771 4347 καθόλου
818 4291 909 4347 καὶ
953 4291 1137 4349 τελεία
1191 4292 1576 4369 ὀλοκαύτωμαο
1635 4293 1837 4372 μόσχοι
1877 4291 1936 4350 δὲ
1972 4292 2092 4350 ὅσοι

447 4375 537 4434 διὰ
580 4380 825 4456 πράξεως
881 4380 971 4436 καὶ
1024 4380 1254 4459 θεωρίας
1299 4383 1637 4459 κερατίζουσι
1676 4385 1768 4439 τὸν
1810 4377 2090 4455 διάϐολον,

445 4468 533 4522 καὶ
596 4469 671 4533 είς
742 4468 920 4545 ὀσμὴν
984 4469 1214 4535 εὐωδίας
1292 4473 1653 4551 προσάγουσιν
1719 4473 1940 4536 ἑαυτοὺς
2014 4477 2094 4545 τῷ

447 4561 583 4630 Θεῷ.

1046 4661 1337 4716 ΨΑΛΜΟΣ
1370 4661 1495 4717 ΝΔ’.

527 4794 557 4825 (ι
587 4772 685 4837 Εἰς
711 4774 775 4829 τὸ
803 4773 985 4845 τέλος,
1018 4773 1279 4838 συνέσεως
1322 4779 1402 4848 τῷ
1457 4772 1643 4845 Δαυῒδ,
1675 4776 1729 4832 ἐν
1783 4779 1865 4849 τῷ
1923 4774 2096 4832 ἐλθεῖν

456 4863 619 4931 Δωήκ
643 4863 735 4918 τὸν
783 4861 1113 4937 Ἰδουμαῖον,
1143 4865 1235 4919 καὶ
1283 4863 1600 4941 ἀναγγεῖλαι
1648 4867 1730 4937 τῷ
1777 4861 1961 4920 Σαοὺλ
2007 4862 2098 4919 καὶ

452 4950 620 5007 εἰπεῖν
653 4950 818 5025 αὐτῷ*
850 4952 1021 5017 Ἦλθε
1051 4950 1214 5008 Δαυῗδ
1264 4953 1342 5016 εἷς
1389 4955 1480 5010 τὸν
1531 4954 1678 5009 οἶκον
1706 4951 2037 5031 Ἀχιμέλεχ.
2068 4976 2091 5008 ι

444 5069 517 5086 --
546 5038 768 5117 Φεύγων
820 5040 982 5097 Δαυῒδ
1031 5041 1214 5100 Σαοὺλ
1264 5041 1523 5116 ἐπείνασε,
1572 5043 1661 5098 καὶ
1713 5043 1962 5099 ἀπελθὼν
2021 5041 2099 5104 είς

449 5123 646 5203 Νομϐἁ
672 5128 834 5186 πόλιν
860 5136 967 5187 τῶν
1000 5132 1186 5209 ἱερέων
1236 5133 1374 5209 πρὸς
1420 5127 1727 5208 ’Δϐιμελέχ
1769 5131 1862 5187 τὸν
1908 5131 2098 5209 ἀρχιε-

451 5220 567 5296 ρέα,
631 5218 974 5292 κατεμηνύθη
1070 5227 1148 5295 τῶ
1248 5219 1429 5278 Σαοὺλ
1521 5220 1669 5299 παρᾶ
1755 5223 1918 5291 Δωήκ
2000 5225 2099 5276 τοῦ

452 5304 793 5381 ἐπιμελητοῦ
862 5313 972 5364 τῶν
1028 5307 1324 5387 βασιλικῶν
1376 5310 1644 5386 ἡμιόνων.
1691 5310 1977 5385 Ἐκμανεὶς
2043 5306 2102 5364 δὲ

451 5397 481 5451 6
527 5393 707 5452 Σαοὺλ
783 5395 1018 5475 ἠγάγετο
1082 5399 1173 5454 καὶ
1228 5398 1520 5479 κατέσφαξε
1566 5398 1693 5462 τοὺς
1754 5397 2100 5477 τριακοσίους

453 5487 791 5556 πεντήκοντα
859 5487 1023 5560 ἱερεῖς
1071 5484 1161 5542 διὰ
1210 5489 1391 5562 Δωήκ,
1429 5489 1520 5543 καὶ
1561 5494 1732 5543 πᾶσαν
1780 5488 1878 5557 τὴν
1938 5485 2034 5543 πό)
2056 5507 2102 5543 ιν

456 5574 631 5630 αὐτῶν
677 5573 1027 5648 πανωλεθρίᾳ
1069 5575 1402 5653 παρέδωκεν,
1434 5578 1464 5632 ὃ
1499 5579 1684 5652 μαθὼν
1719 5577 1748 5633 6
1797 5574 1961 5632 Δαυῒδ
2007 5576 2098 5633 τὸν

456 5664 694 5739 παρόντα
740 5664 961 5740 ψαλμὸν
1008 5664 1305 5722 συντέθεικε
1337 5709 1351 5723 .
1388 5706 1400 5719 .
1438 5710 1451 5724 .
1489 5709 1502 5722 .
1549 5664 1698 5723 στέον
1743 5666 1832 5721 καὶ
1899 5665 1982 5722 ὅτι
2037 5667 2101 5722 τὸ

457 5744 742 5831 Αϐιμέλεχ
778 5752 1005 5835 σφάλμα
1066 5751 1216 5811 δοκεῖ
1266 5754 1551 5834 γραφικὸν,
1611 5755 1854 5834 γεγονὼς
1912 5753 1965 5812 ἐν
2022 5758 2104 5830 τῷ

2204 638 2474 719 Ἑϐραίοις
2507 642 2820 719 στοιχείων,
2850 646 2945 697 τοῦ
2972 663 3033 697 τε
3080 642 3197 719 χάφ
3238 641 3328 696 καὶ
3376 641 3491 716 βήθ·
3516 642 3747 722 Ἀχιμέλεχ

2200 732 2304 808 γὰρ
2335 734 2398 788 τὸ
2418 728 2593 805 ὄνομα
2603 737 2705 788 τοῦ
2722 731 3017 809 ἀρχιερέως
3045 731 3099 785 αἱ
3120 728 3387 786 Βασιλεῖαι
3409 727 3745 807 διαγορεύουσιν.

2277 844 2306 876 α
2332 821 2394 877 Τί
2423 822 2664 899 ἐγκαυχᾷ
2693 821 2745 877 ἐν
2776 820 2971 893 κακίᾳε
3005 843 3036 872 ››
3065 853 3136 864 --
3164 817 3391 881 Δυνατὸς
3437 819 3485 875 ἐν
3524 821 3653 891 κακίᾳ
3686 825 3745 877 καὶ

2200 912 2387 981 Διωήκ
2412 912 2502 967 καὶ
2532 912 2562 966 6
2589 907 2866 987 προδότης
2897 906 3122 981 Ἰούδας,
3152 908 3242 963 καὶ
3272 909 3301 963 6
3331 902 3562 971 διάϐολος
3589 909 3743 983 μᾶλλον

2196 999 2286 1054 καὶ
2311 1007 2416 1063 πᾶς
2451 1000 2726 1075 ὑπηρέτης
2754 998 2939 1057 αὐτοῦ.

2269 1113 2299 1141 ‹‹
2329 1091 2386 1143 Ὁ
2433 1087 2670 1161 δυνατὸς,
2713 1088 2935 1161 ἀνομίαν
3004 1087 3143 1158 ὅλην
3204 1088 3298 1156 τὴν
3346 1085 3553 1162 ἡμέραν,
3594 1084 3744 1143 ἀδικίαν

2197 1175 2477 1253 ἐλογίσατο
2526 1181 2561 1248 ἠ
2610 1176 2835 1253 γλῶσσά
2881 1198 2997 1233 σου.
3046 1200 3075 1228 ››
3106 1208 3177 1218 —
3205 1169 3518 1237 Ἀσυνδέτως
3560 1175 3742 1248 ἀνομίαν,

2194 1264 2405 1323 ἀδικίαν
2437 1265 2721 1329 διαπαντὸς
2751 1265 3040 1344 ἐφθέγξατο
3070 1266 3105 1334 ἡ
3138 1263 3359 1339 γλῶσσά
3383 1285 3491 1319 σου.

2267 1380 2297 1409 ι‹
2326 1355 2467 1413 Ὡσεὶ
2527 1357 2681 1433 ξυρὸν
2740 1355 3086 1427 ἠκονημένον
3155 1351 3405 1423 ἐποίησας
3448 1349 3605 1408 δόλον.
3642 1376 3668 1405 ι
3700 1385 3746 1395 -

2191 1445 2394 1517 Ὀξεῖαν
2424 1445 2515 1501 καὶ
2547 1443 2870 1521 δραστηρίαν
2900 1440 3289 1505 κατεσκεύασας
3319 1440 3498 1518 βολήν.

2270 1558 2293 1587 ι
2355 1536 2667 1611 ’Πγάπησας
2761 1534 2937 1588 πάντα
3052 1532 3274 1609 ῥήματα
3373 1533 3743 1600 ωταποντισμοῦ,

2192 1622 2441 1699 γλῶσσαν
2490 1620 2700 1680 δολίαν.
2743 1647 2772 1676 ››
2824 1655 2892 1666 -
2939 1620 3152 1698 Λόγους
3194 1617 3650 1679 καταποντιστικοὺς
3683 1617 3744 1673 καὶ

2193 1711 2573 1791 ἀφανιστικοὺς
2601 1712 2923 1789 ἀνθρώπων.

2266 1824 2295 1851 ‹‹
2325 1801 2424 1856 Διὰ
2462 1806 2623 1857 τοῦτο
2675 1801 2703 1855 6
2754 1799 2886 1863 Θεὸς
2931 1796 3159 1864 καθέλοι
3202 1818 3261 1852 σε
3287 1796 3360 1860 είς
3388 1794 3549 1858 τέλος.
3574 1821 3599 1849 ››
3623 1797 3742 1849 -Τὰ

2114 1925 2163 1992 Β
2191 1888 2409 1945 εὐκτικὰ
2453 1891 2570 1945 ἀντὶ
2630 1887 2946 1963 μελλόντων
3003 1889 3310 1963 ὁριστικῶν·
3357 1890 3634 1964 προφητεῖαι
3669 1884 3737 1959 γάρ

2193 1978 2325 2035 εἰσιν
2353 1978 2405 2034 ἐν
2434 1978 2593 2052 τύπῳ
2624 1980 2777 2055 ἀρᾶς.

2264 2091 2294 2121 (ι
2323 2065 2562 2125 Ἐκτίλαι
2595 2089 2671 2141 σε,
2693 2067 2783 2123 καὶ
2817 2063 3233 2141 μεταναστεύσαι
3258 2084 3316 2120 σε
3341 2064 3437 2119 ἀπὸ
3462 2059 3739 2134 σκηνώματός

2193 2177 2311 2214 σου.
2346 2180 2370 2210 ι
2399 2190 2469 2200 —
2498 2158 2774 2228 Σκήνωμα
2799 2163 2900 2226 τῆς
2920 2158 3113 2230 ψυχῆς
3137 2155 3201 2211 τὸ
3228 2158 3397 2227 σῶμα·
3424 2155 3511 2207 τοῦ
3547 2149 3594 2206 δὲ
3616 2149 3738 2205 Σατᾶν

2192 2249 2228 2318 ἡ
2260 2246 2387 2321 παρ’
2416 2248 2551 2319 ἡμῖν
2579 2242 2895 2321 προσεδρία.

2268 2358 2297 2388 ‹‹
2326 2334 2427 2390 Καὶ
2455 2335 2517 2390 τὸ
2549 2334 2764 2411 ῥίζωμά
2793 2354 2889 2389 σου
2943 2332 3003 2388 ἐκ
3040 2339 3147 2410 γῆς
3179 2333 3406 2402 ζώντων.
3435 2354 3459 2381 ››
3488 2361 3545 2372 -
3567 2326 3738 2399 Ῥίζωμα

2190 2423 2254 2480 τὸ
2281 2427 2437 2500 γένος
2464 2422 2555 2479 καί
2584 2426 2619 2493 ἡ
2649 2426 2747 2492 τῆς
2778 2419 3105 2498 προσεδρίας
3134 2418 3428 2496 ἐδραίωσις.

2264 2537 2295 2566 ‹‹
2328 2514 2583 2588 Ὄψονται
2609 2510 2810 2567 δίκαιοι
2838 2509 2929 2566 καὶ
2959 2505 3383 2590 φοϐηθήσονται.
3412 2530 3438 2562 ››
3468 2537 3528 2549 -
3553 2507 3736 2590 ’Ὀψονξαι

2191 2606 2290 2657 τοῦ
2320 2585 2564 2677 πονηροῦ
2594 2585 2993 2678 καταστροφὴν,
3023 2598 3117 2656 καὶ
3150 2595 3510 2677 ἀσφαλέστεραι
3549 2591 3611 2663 τῷ
3630 2585 3735 2666 φόϐῳ

2194 2690 2435 2768 ἀφύκτου
2466 2688 2621 2761 δίκης
2640 2690 2980 2766 γενήσονται.

2271 2805 2293 2832 ε
2328 2781 2428 2835 Καὶ
2484 2779 2568 2836 ἐπ’
2622 2764 2781 2834 αύτὸν
2853 2774 3180 2853 γελάσονται
3247 2775 3336 2830 καὶ
3402 2773 3592 2850 ἐροῦσιν
3634 2764 3728 2823 Ἰδοὺ

2192 2867 2472 2946 ἄνθρωπος
2527 2868 2586 2930 ’ὸς
2632 2866 2733 2923 ούκ
2778 2862 2925 2922 ἔθετο
2972 2865 3069 2921 τὸν
3122 2864 3249 2920 Θεὸν
3318 2864 3499 2940 βοηθὸν
3559 2858 3722 2946 αὐτῷ.»

2192 2990 2264 3002 --
2290 2941 2606 3033 Ἄνθρωπος
2636 2955 2848 3034 λέγεται
2877 2954 2969 3010 καὶ
2999 2954 3030 3010 6
3057 2948 3314 3015 διάϐολος
3360 2950 3443 3007 διὰ
3478 2950 3532 3004 τὸ
3567 2941 3714 3026 φιλήδο-

2190 3068 2278 3104 νον
2304 3046 2490 3104 αὐτοῦ.

2269 3157 2292 3187 ι
2323 3134 2481 3192 Ἀλλ’
2511 3133 2808 3205 ἐπήλπισεν
2840 3132 2929 3188 ἐπὶ
2956 3132 3019 3187 τὸ
3061 3131 3273 3202 πλῆθος
3311 3133 3401 3185 τοῦ
3439 3124 3629 3183 πλούτου
3661 3117 3721 3173 αὖ·

2193 3230 2312 3297 τοῦ,
2346 3225 2436 3281 καὶ
2467 3221 2845 3297 ἐνεδυναμώθη
2881 3221 2970 3278 ἐπὶ
2997 3221 3071 3296 τῇ
3123 3219 3435 3295 ματαιότητι
3481 3214 3624 3271 αὐτοῦ.
3648 3232 3732 3259 ›)-·

2117 3294 2160 3361 C
2196 3319 2440 3371 ΠΛοῦτον
2467 3312 2626 3369 καλεῖ
2650 3312 2742 3368 καὶ
2770 3313 2868 3381 τήν
2894 3312 3087 3380 κτῆσιν
3117 3316 3219 3380 τῆς
3244 3307 3442 3369 κακίας.

2267 3428 2298 3457 α
2328 3404 2468 3480 Ἐγὼ
2508 3400 2566 3458 δὲ
2614 3401 2743 3457 ὡσεὶ
2791 3397 2949 3455 ἐλαία
2989 3401 3333 3476 κατάκαρπος
3376 3396 3424 3451 ἐν
3458 3386 3738 3480 1660136105

2195 3497 2351 3551 Θεοῦ.
2401 3475 2437 3546 ἰ
2501 3524 2573 3534 -
2625 3488 2965 3568 Προφητεύει
3036 3487 3125 3544 ὅτι
3189 3488 3428 3564 ἀκέραιος
3478 3475 3742 3568 φυλαχθήσξ·

2193 3603 2283 3639 ται
2341 3580 2392 3637 ἐν
2577 3559 2872 3653 σκέπῃ-τοῖ’)
2928 3582 3086 3651 Θεοῦ,
3144 3559 3377 3652 καθάπερ
3410 3559 3634 3639 animi:
3677 3559 3744 3615 οὗκ

2195 3669 2437 3749 ἀπεῤῥύη
2472 3668 2757 3747 ὁκαρπός.
3410 3745 3433 3749 ν,
3501 3747 3511 3749 _
3589 3741 3629 3749 ,.

2267 3741 2849 3834 (ίἚξομολογήσομαί
2878 3776 2962 3811 σοι
2993 3755 3071 3819 είς
3101 3755 3195 3811 τὸν
3223 3754 3387 3810 αἰῶνα
3404 3745 3476 3805 ὅτι
3497 3741 3742 3812 ἐποίησαω

2197 3882 2267 3893 -
2296 3847 2615 3920 Ἐποίησας,
2646 3843 2921 3916 ἐκδίκησιν
2954 3842 3196 3916 δηλαδή.

2269 3962 2299 3992 ‹‹
2332 3936 2430 3993 Καὶ
2474 3937 2732 4010 ὑπομενῶ
2759 3935 2822 3990 τὸ
2868 3929 3043 4007 ὄνομά
3090 3953 3208 3990 σου.
3243 3955 3272 3986 ››
3299 3962 3367 3976 ——-
3398 3926 3488 3984 Καὶ
3523 3920 3587 3979 ἔτι
3625 3934 3747 3993 προσ·

2200 4024 2421 4098 δοκήσω
2450 4047 2529 4097 σε,
2562 4023 2823 4097 δηλονότι
2855 4020 3170 4095 ἐκδικητήν.

2274 4139 2305 4169 ‹‹
2331 4119 2450 4170 ’Ὀτι
2489 4113 2729 4192 χρηστὸν
2779 4111 3017 4168 ἐναντίον
3061 4115 3172 4167 τῶν
3218 4107 3374 4165 ὁσίων
3414 4123 3516 4159 σου.
3541 4123 3566 4152 »
3590 4093 3745 4192 fro“

2200 4180 2687 4285 cbcpéltpovuéoﬁto
2736 4201 2884 4279 παρὰ
2924 4205 3045 4264 τοῖς
3107 4195 3498 4280 ἀφωσιωμένοις
3549 4186 3623 4243 καὶ
3656 4180 3744 4236 ἂνα-

2199 4293 2470 4369 κειμένοις
2500 4314 2606 4348 σοι.

2806 4392 3108 4445 ΨΑΛΜΟΣ
3145 4386 3264 4443 NB’.

2276 4530 2305 4560 «
2335 4507 2429 4569 Εἰς
2456 4503 2618 4568 τέλος
2649 4504 2780 4592 ὑπέρ
2837 4500 3051 4568 Μαελὶθ
3101 4502 3354 4592 συνέσξως
3390 4482 3639 4592 τῷ,θ²⁰ἶδ⁸

2203 4594 2270 4653 ET
2290 4595 2379 4652 καὶ
2406 4566 2487 4667 τῷ
2511 4566 2939 4671 τρισκαιδεκάτῳ
2978 4566 3116 4648 κατὰ
3144 4592 3244 4661 τὴν
3270 4579 3563 4671 ἐπαγγελίαν
3589 4575 3611 4629 ὁ
3633 4566 3747 4671 αξτός

2127 4663 2175 4729 D
2205 4683 2369 4757 ἐστιν,
2609 4682 2816 4759 ὀλίγων
2873 4656 3060 4754 τὶνῶν,
3118 4656 3263 4737 ἀλλὰ
3452 4656 3746 4765 avom}?

2208 4771 2468 4853 διαφορὰν
2498 4766 3025 4849 μυπηριώδηοόλος
3052 4770 3155 4849 γὰρ
3182 4775 3281 4839 τῆς
3308 4764 3434 4822 κατὰ
3459 4763 3653 4836 Χριστοῦ
3673 4763 3747 4801 των

2207 4860 2482 4920 Ἰουδαίων
2514 4860 2717 4932 λύττης
2745 4864 3060 4937 κατηγορεῖ.

2280 4918 2310 5004 «ξ
2341 4918 2521 5009 Εἶπεν
2562 4918 2746 5030 ἄφρων
2797 4948 2848 5004 ἐν
2871 4918 3094 5026 ⁹κοίρδίᾳ
3147 4944 3325 5016 αὐτοῦ,
3372 4938 3481 5030 Οὐκ.
3510 4931 3602 5030 ἔστι
3639 4918 3747 4982 Θεό(

2208 5017 2755 5119 διεφθάρησαν,”καὶ
2854 5017 3256 5114 ἐϐδελύχθησαν
3335 5031 3382 5086 ἐν
3442 5017 3680 5119 Αάνομίαις.

2208 5163 2277 5175 ...
2304 5107 2361 5185 ³ο
2391 5107 2586 5209 δίφρων,
2605 5125 2900 5190 Ἰουδαϊκὸς
2943 5107 3097 5190 λαὸς.
3132 5107 3404 5200 ἐλογίσατσ
3536 5112 3603 5210 τῇ.

2207 5219 2392 5291 αὐτοῦ,
2423 5195 2513 5273 καὶ
2542 5214 2863 5294 ἐδογμάτισε
2888 5215 3014 5292 περὶ
3041 5218 3139 5271 τοῖ’)
3168 5195 3408 5292 Χριστοῦ,
3435 5201 3510 5260 ὅτι
3555 5195 3636 5253 οὐκ
3670 5195 3746 5245 ἔστι

2207 5309 2360 5381 Θεὸς,
2391 5306 2518 5364 ἀλλ’
2548 5304 2833 5384 ἄνθρωπος
2861 5303 3047 5380 ψιλός.

2283 5420 2314 5450 ‹‹
2340 5374 2460 5453 ἆΟτι
2516 5374 2659 5459 Θεὸς.
2702 5374 3072 5472 διεσκόρπισεν
3123 5392 3250 5499 ἄστεά
3288 5374 3746 5499 ἀγθρωτῑαρέωὶζὶνᾷαέ

2208 5520 2279 5531 --
2307 5455 2820 5562 Ἀνθρωπαρέσκους
2851 5455 3107 5558 ὀνομάζει
3161 5479 3287 5542 τοὺς
3311 5455 3584 5562 Ἰουδαίους,
3599 5455 3653 5562 ’.οἳ

2207 5542 2609 5652 τὸνὟΚοίίσαρά
2675 5542 3085 5649 θεραπεύοντεςο
3144 5564 3326 5626 ἐϐόων·
3372 5587 3401 5617 cc

2214 5626 2620 5741 βασιλέα
2649 5626 2904 5736 Ιξαίσαρω
3100 5656 3420 5733 διεσκόρπισε
3440 5648 3500 5706 τὰ
3525 5626 3739 5705 ὄστᾶ,ἤτ⁰⁶

2209 5751 2307 5819 τὰς
2336 5750 2512 5831 φυλὰς
2543 5748 2615 5808 δι’
2644 5750 2719 5807 ὧν
2752 5748 3057 5809 συνίστατο.
