3998 6414
432 446 591 513 1475

1686 392 2589 504 Νιοεηιοιιίθωιιιιιιωε
3628 456 3735 519 me

505 602 535 629 «
570 578 660 632 Εν⁵
687 581 768 648 τῷ
797 573 934 647 οἷ’κῳ
960 577 1058 629 τοῦ
1087 578 1223 629 Θεοῦ
1250 571 1620 649 ἐπορεύθημεν
1666 572 1718 627 ἐν
1764 570 2015 644 ὁμονοίᾳ.
2050 594 2079 622 ι)
2110 578 2164 642 Α
2193 573 2416 649 φθορᾶς.
2451 598 2480 625 »
2511 607 2578 617 —
2609 574 2790 650 Φρέαρ
2835 573 3129 653 διαφθορίς
3174 576 3237 632 τὸ
3283 577 3410 654 βαθὺ
3449 582 3530 636 καὶ
3568 580 3735 663 ἄφυκτον

435 700 503 711 -
558 666 653 728 Εἰς
736 667 799 719 τὸ
855 665 999 740 ἱερὸν
1058 663 1430 739 ἐπορεύθημεν
1500 661 1909 737 ὁμογνωμόνως
1942 681 1957 693 ο
1993 659 2080 715 ἐπὶ

426 754 689 811 τοσοῦτόν
718 774 777 809 σε
804 753 1114 830 ἀχώριστον
1143 752 1292 828 εἶχον
1326 752 1416 807 καὶ
1448 754 1697 826 γνήσιον.

2190 667 2292 729 τῆς
2347 662 2619 738 τιμωρίας
2675 663 2945 735 ἐκάλεσεν,
3007 664 3131 721 ἔνθα
3177 666 3305 729 τοῦς
3375 665 3738 736 ἐπιϐουλεύοντας

2187 755 2306 812 τοῖς
2339 752 2536 814 ἀθώοις
2566 751 2777 823 κατάξει
2808 754 2838 808 6
2868 754 3084 830 Κύριος⁶
3109 754 3235 809 ὅταν
3266 754 3562 814 ἀποδίδωσιν

505 869 535 896 ‹‹
567 841 806 898 Ἐλθέτω
837 840 905 910 δὴ
935 841 1160 903 θάνατος
1200 841 1281 896 ἐπ’
1326 841 1522 903 αύτούς
1558 860 1571 872 °
1616 841 1708 895 καὶ
1764 834 2083 909 καταϐήτω-
2188 838 2257 893 τά
2284 839 2424 914 πρὸς
2455 839 2627 910 ἀξίαν.

430 954 527 988 σαν
557 931 634 994 εἷς
663 926 794 1002 ᾅδου
854 934 1072 1000 ζῶντες.
1124 953 1154 983 ιι
1209 961 1279 972 --
1333 933 1508 983 Ταῦτα
1563 929 1771 1005 προϊὼν
1833 929 1861 982 ὁ
1910 926 2079 982 Λαυῖδ

432 1021 692 1097 ἐπαρᾶται
747 1024 827 1092 τῷ
876 1016 1116 1095 προδότῃ
1173 1019 1263 1072 καὶ
1316 1024 1433 1080 τοῖς
1486 1017 1708 1079 λοιποῖς
1754 1016 2078 1093 χριστοκτό-

427 1132 544 1172 νοις
574 1111 641 1165 τά
672 1106 948 1182 μέλλοντα
979 1107 1207 1169 τούτους
1258 1105 1407 1163 δεινὰ
1450 1104 1854 1180 καταλήψεσθαι
1915 1147 1929 1160 .
1987 1105 2078 1160 καὶ

426 1198 651 1255 θάνάτον
715 1198 810 1271 μὲν
860 1197 952 1251 τὸν
1012 1197 1103 1251 ἀπ’
1158 1195 1407 1270 ἀγχόνης
1465 1195 1611 1271 λέγει
1665 1195 1757 1250 καὶ
1803 1193 2076 1267 πολέμου,

427 1290 517 1343 καὶ
543 1285 601 1342 εἷ’
619 1308 705 1348 τις
734 1284 906 1348 ἄλλος
937 1286 1133 1359 πικρός
1165 1304 1179 1317 ·
1220 1282 1354 1356 ᾅδην
1398 1282 1456 1340 δὲ
1483 1284 1611 1347 τοῦς
1657 1283 1939 1361 κρημνοὺς
1986 1282 2078 1338 καί

423 1375 552 1439 τοῦς
585 1374 840 1445 λάκκους,
872 1376 954 1437 οἷς
986 1374 1207 1435 ἐαυτοὸς
1242 1378 1444 1443 ζῶντας
1472 1380 1714 1442 καθῆκαν
1744 1374 1796 1425 οἱ
1834 1367 2076 1445 Ἑϐραῖοι

422 1466 483 1519 έκ
508 1467 606 1533 τῆς
637 1464 875 1539 ἀνάγκης
902 1468 999 1518 τοῦ
1022 1465 1333 1538 Ῥωμαϊκοῦ
1360 1461 1633 1535 πολέμου.

496 1594 527 1623 α
555 1573 674 1625 ’Ότι
704 1570 943 1641 πονηρία
972 1569 1024 1623 ἐν
1065 1575 1186 1631 ταῖς
1242 1568 1554 1646 παροικίαις
1612 1567 1811 1638 αὐτῶν,
1870 1565 1922 1621 ἐν
1984 1568 2078 1639 μέ-

424 1681 507 1731 σῳ
554 1659 750 1716 αὐτῶν.
787 1684 809 1711 ι
862 1692 933 1703 -ο
985 1657 1282 1734 Παροικίας
1338 1658 1590 1730 ὠνόμασε
1639 1657 1735 1717 τὰς
1792 1657 2071 1717 κατοικίας

423 1748 600 1803 αὐτῶν
659 1746 749 1802 διὰ
801 1750 865 1803 τὸ
918 1748 1250 1823 πρόσκαιρον
1308 1747 1476 1819 αὐτῷ’
1538 1746 1590 1800 ἐν
1648 1745 1797 1818 μέσῳ
1827 1742 1886 1798 δὲ
1931 1744 2074 1798 εἶπεν

425 1837 542 1892 ἀντὶ
569 1841 689 1912 τοῦ,
719 1836 792 1899 εἷς
826 1838 987 1913 βάθος
1015 1838 1105 1892 καὶ
1136 1837 1236 1892 οὐκ
1264 1835 1626 1904 ἐπιπολαίως,
1671 1834 1797 1890 ἀλλ’
1844 1833 1895 1889 ἐν
1951 1838 2069 1895 ταῖς

420 1924 667 2003 καρδίαις
697 1926 895 1984 αὐτῶν.

496 2041 518 2067 ι
554 2016 818 2091 Ἐσπέρας
855 2016 946 2071 καὶ
975 2016 1124 2091 πρωῒ
1177 2015 1267 2069 καὶ
1329 2009 1672 2090 μεσημϐρίας
1726 2010 2066 2088 διηγήσομαι

420 2105 511 2159 καὶ
540 2103 854 2181 ἀπαγγελῶ,
912 2104 1002 2160 καὶ
1053 2102 1418 2159 εἱσακούσεται
1472 2110 1575 2174 τῆς
1626 2109 1815 2181 φωνῆς
1873 2123 1999 2174 μου.
2035 2124 2064 2152 ››

434 2227 504 2236 -
529 2192 604 2248 Τὰ
630 2197 727 2248 τοῦ
755 2198 888 2248 Θεοῦ
918 2194 1187 2266 θαυμάσια
1215 2191 1452 2264 οηλαδή.

496 2306 524 2336 ‹‹
558 2284 903 2359 Λυτρώσεται
958 2281 1011 2337 ἐν
1070 2282 1259 2356 εἲρήνῃ
1311 2283 1412 2351 τήν
1467 2284 1651 2358 ψυχήν
1686 2302 1791 2353 μου
1822 2279 1927 2335 άπὸ
1953 2283 2063 2334 τῶν

426 2370 747 2447 ἐγγιζόντων
778 2392 894 2443 μοι.
931 2394 959 2421 ››
990 2404 1059 2411 -
1086 2371 1345 2441 Ῥύσεται,
1378 2371 1532 2448 φησὶ,
1562 2371 1663 2439 την
1712 2372 1896 2444 ψυχήν
1959 2389 2063 2441 μου

422 2458 603 2536 χωρὶς
632 2457 884 2532 πολέμου
919 2457 1026 2513 ἀπὸ
1080 2464 1188 2513 τῶν
1240 2460 1509 2535 συγγενῶν
1574 2478 1679 2532 μου
1714 2478 1725 2489 ·
1764 2457 2065 2533 βαρύτητος

425 2546 485 2603 δὲ
536 2549 565 2603 6
623 2546 806 2623 λόγνς.
870 2547 985 2604 Εἶεν
1046 2544 1152 2603 δ’ἄν
1212 2548 1511 2624 ἐγγίζοντες
1564 2547 1655 2602 καὶ
1713 2548 1767 2601 οἱ
1795 2545 2065 2619 ἐπικείμε-

413 2633 639 2708 νοιῆδη
699 2637 980 2713 πογέμιοι.
1038 2638 1108 2692 Τὸ
1163 2634 1221 2692 δέ
1278 2635 1329 2691 ἐν
1390 2635 1648 2705 πολλοῖς,
1705 2635 1822 2690 ἀντῖ
1843 2639 1938 2690 τοῦ
1968 2633 2059 2691 σῦν

416 2725 642 2796 πλήθει.
673 2726 746 2780 Τὸ
776 2724 867 2781 σὺν
899 2725 1024 2800 ἐμοὶ
1064 2724 1121 2780 δὲ
1170 2726 1269 2795 τήν
1331 2726 1419 2779 ὑπ’
1470 2725 1680 2801 ἐχθρῶν
1742 2724 1903 2779 οἱονεὶ
1963 2745 2059 2779 κα-

412 2813 652 2888 τάληψιν
711 2813 982 2892 ἐμφαίνει,
1038 2814 1128 2869 καὶ
1182 2815 1243 2869 τὸ
1302 2814 1353 2869 ἐν
1410 2813 1556 2886 αὖτῷ
1612 2813 1857 2889 γενέσθαι
1899 2812 2059 2868 αὐτόν

414 2924 475 2960 τε
501 2903 592 2958 καὶ
621 2903 748 2966 τοὺς
779 2900 1097 2967 διὼκοντας.

496 3014 517 3042 ι
551 2991 625 3046 Ού
655 2991 757 3068 γάρ
789 2992 929 3047 ἐστιν
986 2992 1171 3055 αὐτοῖς
1229 2990 1606 3068 ἄντάλλαγςια,
1663 2993 1754 3047 καὶ
1811 2991 1910 3047 οὐκ
1939 2992 2060 3070 ἐφο-

416 3077 671 3153 ϐήσησαα
723 3082 814 3137 τὸν
869 3080 1018 3138 Θεόν.
1072 3107 1094 3134 ι
1146 3114 1216 3124 --
1252 3080 1362 3135 Οὐκ
1392 3080 1529 3136 ἐστιν
1566 3080 1748 3143 αὐτοῖς
1779 3078 2055 3155 ἐνάλλαγὴ

419 3171 527 3225 ἀπὸ
552 3178 652 3241 τῆς
680 3169 891 3234 κακίας.

486 3283 515 3313 ‹‹
547 3258 802 3330 Ἐξέτεινε
850 3260 950 3328 τήν
1010 3264 1173 3335 χεῖρα
1202 3258 1368 3313 αὐτοῦ
1426 3259 1476 3314 ἐν
1524 3257 1604 3332 τῷ
1653 3255 1991 3316 ἀποδιδόναι.
2028 3283 2056 3311 ››

407 3380 478 3392 --
507 3347 608 3403 Λιὸ
635 3348 725 3404 καὶ
754 3345 863 3419 ἤδη
897 3346 1169 3421 ἐξέτεινεν,
1198 3346 1369 3423 ἤγουν
1430 3347 1629 3403 ἐκτενεῖ
1685 3349 1713 3402 6
1770 3349 1901 3410 Θεὸς
1954 3349 2053 3416 τήν
2086 3322 2129 3391 C

402 3434 730 3506 κολαπικήν
766 3436 930 3492 αὐτοῦ
962 3435 1213 3510 δύναμιν,
1255 3436 1343 3491 ἐπὶ
1397 3442 1478 3510 τῷ
1509 3434 1826 3492 ἀποδιδόναι
1873 3435 2055 3499 αὐτοῖς

405 3526 505 3595 τὴν
538 3524 971 3603 ἐποφειλομένην
1002 3525 1293 3601 τιμωρίαν.

481 3638 509 3665 ‹‹
543 3609 928 3685 Ἐϐεϐήλωσαν
959 3615 1057 3682 τήν
1093 3612 1356 3686 διαθήκην
1406 3614 1591 3672 αὐτοῦ.
1650 3639 1677 3666 ››
1756 3648 1808 3657 -—
1864 3621 2052 3690 Περιε-

413 3699 688 3780 φρόνησαν
746 3704 851 3778 γάρ
905 3703 997 3758 τὸν
1054 3703 1222 3776 νόμον
1282 3703 1446 3759 αὐτοῦ
1520 3704 1609 3759 καὶ
1683 3705 1748 3758 τὸ
1818 3704 2054 3779 Εύαγγέ-

409 3788 553 3846 λιον.

481 3902 511 3930 ‹‹
543 3877 969 3954 Λιεμερίσθησαν
1000 3879 1105 3934 ἀπὸ
1149 3879 1316 3957 ὀργῆς
1351 3886 1449 3936 τοῦ
1475 3882 1773 3957 προσώπου
1806 3881 1988 3940 αὐτοῦ.
2023 3908 2050 3936 ››

406 3999 475 4010 —
508 3967 605 4021 Ἐκ
649 3973 752 4036 τῆς
810 3966 983 4044 ὀργῆς
1040 3967 1204 4023 αὐτοῦ
1262 3966 1700 4045 διεμερίσθησαν,
1758 3969 2056 4046 αἰχμαλω-

407 4054 688 4129 τιζόμενοι
743 4055 835 4110 καὶ
890 4060 1174 4132 πανταχοῦ
1231 4053 1754 4132 διασκεδαννύμενοι,
1817 4059 1907 4113 καὶ
1961 4057 2058 4135 ἤγ-

409 4164 566 4219 γισαν
596 4143 653 4199 αί
683 4141 898 4219 καρδίαι
929 4143 1125 4216 αὐτῶν,
1158 4143 1295 4200 ὣστε
1350 4144 1636 4222 ἐπιγνῶναι
1689 4148 1780 4202 τὸν
1835 4149 2054 4225 Κύριον,

408 4232 658 4310 λέγοντες
688 4253 703 4266 ’
742 4235 974 4305 Μήποτε
1003 4230 1092 4288 διὰ
1131 4233 1221 4289 τὸν
1265 4234 1476 4306 Ἰησοῦν
1530 4239 1700 4290 ταῦτα
1749 4237 2053 4312 πάσχομεν·

409 4321 473 4377 οὐ
508 4322 615 4395 μὴν
647 4322 958 4398 ἀπέγνωσαν
991 4320 1233 4392 ἀληθῶς.

2262 951 2292 979 ‹‹
2321 925 2546 1005 ’Ἄνδρες
2572 930 2818 1003 αἱμάτων
2858 932 2947 986 καὶ
2997 930 3318 1003 δολιότητος
3361 936 3420 990 οὗ
3467 938 3534 1009 μὴ
3573 940 3739 1013 ἡμισεύ-

2188 1037 2321 1070 σωσι
2350 1017 2447 1080 τὰς
2476 1019 2691 1093 ἡμέρας
2721 1019 2916 1079 αὐτῶν.
2950 1046 2978 1072 ››
3008 1054 3076 1064 -
3102 1026 3270 1078 Τοῦτο
3302 1021 3369 1078 δι’
3397 1022 3644 1103 ἐκφόϐησιν
3676 1032 3737 1086 καὶ

2185 1112 2285 1175 τῆς
2311 1105 2503 1169 κακίας
2532 1107 2836 1177 ἀναστολὴν
2876 1109 2982 1165 ἀπὸ
3018 1115 3116 1165 τοῦ
3156 1110 3529 1183 πλεονάζοντος
3567 1115 3735 1193 εἴρηται·

2183 1194 2327 1256 τινές
2356 1195 2461 1271 γάρ
2489 1200 2557 1270 τῇ
2588 1197 2749 1269 κακίᾳ
2776 1201 3272 1275 συγκατεγήρασαν.

2257 1308 2286 1336 ‹‹
2319 1283 2543 1359 ’Δνδρες
2574 1286 2818 1359 αἱμάτων
2848 1287 2938 1342 καὶ
2969 1284 3311 1359 δολιότητος.
3344 1314 3371 1342 ››
3394 1324 3459 1334 -
3485 1293 3541 1346 Οἱ
3562 1294 3735 1372 αίμοχα-

2185 1378 2297 1445 ρεῖς
2326 1375 2416 1427 καὶ
2447 1374 2500 1428 οἱ
2526 1372 2725 1430 δόλιοι.

2777 1488 3075 1539 ΨΔΛΜΟΞ
3115 1487 3205 1543 ΝΕ
3223 1529 3236 1541 .

2259 1610 2281 1638 ε
2314 1586 2409 1649 Είς
2437 1588 2501 1642 τὸ
2527 1586 2710 1658 τέλος,
2741 1589 2873 1666 ὑπὲρ
2901 1594 2999 1645 τοῦ
3033 1588 3171 1646 λαοῦ
3208 1596 3302 1647 τοῦ
3344 1592 3442 1648 ἀπὸ
3482 1598 3573 1650 τῶν

2185 1677 2670 1750 μεμακρυμμένου,
2727 1682 2807 1750 τῷ
2864 1677 3029 1733 Δαυῒδ
3081 1680 3160 1742 εἰς
3204 1681 3589 1759 στηλογραφίαν,
3615 1683 3728 1739 ὁπότε

2181 1762 2479 1839 ἐκράτησαν
2534 1765 2692 1820 αὐτὸν
2737 1768 2791 1820 οἱ
2838 1762 3152 1843 ἀλλόφυλοι
3199 1768 3249 1822 ἐν
3298 1768 3409 1826 Γέθ.
3437 1770 3646 1842 Ἐλέησόν
3668 1796 3728 1846 με,

2181 1852 2210 1905 ὸ
2240 1852 2392 1915 Θεός.
2426 1877 2455 1906 ››
2487 1888 2555 1895 -
2583 1854 2774 1910 Ὁπότε
2801 1856 2937 1930 πρὸς
2976 1857 3109 1919 τοὺς
3159 1858 3351 1934 ἀγροὺς
3392 1860 3513 1936 πρὸς
3551 1862 3623 1915 τὸν
3658 1861 3726 1916 ἆλ-

2095 1952 2145 2017 Β
2178 1938 2419 2019 λόφυλον
2479 1942 2727 1999 ἀπελθὼν
2796 1943 2981 2016 Δαυῖδ,
3026 1945 3270 2023 ἐγνώσθη
3334 1949 3419 2003 καὶ
3464 1948 3600 2021 ἑάλω,
3651 1949 3728 2004 εἶτα

2180 2029 2367 2103 μανίαν
2432 2032 2743 2110 ὑποκριθεὶς
2786 2031 3029 2112 διέφυγε,
3078 2036 3203 2090 τότε
3244 2037 3333 2091 τὸν
3390 2037 3594 2114 παρόντα
3628 2036 3724 2112 ψαλ-

2179 2119 2278 2191 μὸν
2339 2121 2604 2179 συνέθετο.
2666 2121 3013 2196 Βουλόμενος
3069 2121 3129 2179 δὲ
3190 2125 3287 2195 τὴν
3353 2125 3423 2189 είς
3464 2126 3592 2181 αὐτὸν
3625 2127 3723 2181 θείαν

2176 2206 2473 2286 εὐεργεσίαν
2545 2209 2979 2286 ἐκκηρύττεσθαι,
3063 2213 3142 2275 εἷς
3225 2212 3585 2292 στηλογραφίαν
3644 2214 3726 2269 ἐπέ-

2172 2301 2365 2383 γραψε,
2419 2299 2691 2355 τουτέστιν
2760 2301 2836 2363 εἷς
2902 2299 3255 2358 ἀνέκλειπτον
3317 2306 3523 2383 γραφήν·
3563 2303 3610 2358 ἐκ
3658 2324 3722 2375 με·

2170 2394 2410 2463 ταφορᾶς
2454 2394 2561 2444 τῶν
2608 2387 2841 2453 λιθίναις
2886 2391 2924 2460 ἢ
2974 2390 3217 2467 χαλκαῖς
3266 2391 3475 2463 στήλαις
3507 2392 3720 2471 ἐγγραφόν-

2169 2496 2277 2529 των
2356 2475 2576 2552 ῥήματά
2632 2498 2753 2533 τινα
2813 2479 2891 2541 εἷς
2960 2482 3191 2555 μνήμην
3260 2478 3484 2553 διηνεκῆ.
3537 2481 3716 2557 Ἀρμόζει

2171 2560 2230 2618 δὲ
2281 2562 2411 2627 ὅλος
2465 2565 2554 2620 καὶ
2638 2571 2719 2639 τῷ
2789 2566 3293 2643 αἰχμαλωτισθέντι
3365 2570 3469 2642 λαῷ
3524 2568 3716 2639 αἰσθητως

2168 2673 2227 2707 τε
2256 2654 2345 2707 καὶ
2375 2658 2605 2724 νοητῶς⁶
2636 2659 2717 2727 τῷ
2759 2656 3167 2732 μεμακρυμὲνῳ
3194 2663 3301 2713 τῶν
3350 2657 3499 2735 ἁγίων
3539 2656 3617 2714 εἴτε
3647 2660 3712 2711 τοῦ

2170 2741 2222 2798 ἐν
2270 2742 2681 2819 Ἰεροσολύμοις
2746 2748 2877 2799 ναοῦ
2924 2747 3063 2801 κατὰ
3111 2751 3290 2821 σῶμα,
3340 2746 3440 2803 εἴτε
3480 2751 3565 2803 τῶν
3596 2747 3712 2822 ἁγίων

2168 2829 2379 2908 ἀνδρῶν
2406 2833 2542 2887 κατὰ
2571 2830 2872 2907 διαγωγήν.

2241 2945 2269 2972 ‹‹
2303 2923 2424 2976 Ὅτι
2451 2920 2788 2993 κατεπάτησέ
2819 2942 2886 2995 με
2933 2922 3239 2999 ἄνθρωπος,
3270 2923 3401 2996 ὅλην
3445 2925 3528 2994 τήν
3566 2924 3698 2996 ἡμέραν

2166 3007 2427 3082 πολεμῶν
2488 3005 2678 3084 ἔθλιψέ
2727 3031 2814 3083 με.
2868 3035 2896 3063 ››
2947 3044 3019 3054 -·
3065 3015 3382 3090 ’Ἀνθρωπος
3439 3018 3597 3068 νοεῖται
3639 3007 3695 3062 καὶ

2167 3099 2197 3152 6
2246 3095 2449 3171 Σαοὺλ,
2487 3099 2578 3154 καὶ
2627 3101 2656 3154 ὁ
2704 3094 3055 3164 Βαϐυλώνιος
3107 3101 3357 3175 βασιλεὺς
3400 3100 3480 3157 διὰ
3502 3103 3553 3156 τὸ
3572 3099 3700 3170 ἂνθρω-

2165 3188 2441 3261 ποπρεπὲς
2496 3187 2662 3243 αὐτοῦ
2698 3188 2788 3243 καὶ
2842 3186 3166 3266 φιλήδονον.
3223 3190 3293 3247 T6
3352 3189 3406 3247 δὲ
3462 3188 3705 3256 κατεπάτησε

2169 3274 2337 3347 δηλοῖ
2383 3276 2446 3332 τό
2492 3297 2551 3333 τε
2594 3278 2984 3357 κατεφρόνησε,
3012 3280 3079 3334 τὸ
3119 3280 3411 3358 συνέτριψε,
3436 3278 3584 3335 καὶτὸ
3603 3274 3709 3330 κατέ-

2169 3361 2305 3421 λαϐε
2335 3363 2548 3422 διώκων
2580 3366 2669 3421 καὶ
2703 3368 2873 3423 οἱονεὶ
2906 3368 3288 3441 συνεπάτησεν.

2236 3480 2263 3508 ι(
2300 3456 2435 3513 ’Δπὸ
2492 3454 2682 3530 ὕψους.
2734 3479 2761 3507 ››
2812 3489 2879 3499 —
2926 3459 2997 3511 T6
3044 3457 3185 3533 ὕψος
3244 3461 3341 3531 τήν
3393 3478 3446 3513 τε
3486 3450 3713 3511 δυναστείαν

2164 3541 2351 3615 δηλοῖ,
2399 3544 2489 3599 καὶ
2546 3546 2644 3615 τὴν
2714 3544 3018 3623 εὐστοχίαν·
3074 3547 3105 3601 ὁ
3151 3549 3255 3623 γάρ
3322 3547 3493 3621 ὑψόθεν
3553 3540 3714 3618 βάλλων

2162 3640 2535 3709 κατευστοχεῖ.

2238 3704 2531 3799 «Ἡμέρας
2585 3722 2649 3778 ού
2699 3718 3115 3801 φοϐηθήσομαι·
3164 3726 3247 3781 ὅτι
3310 3725 3411 3799 ἐγὼ
3465 3723 3606 3779 ἐλπιῶ
3653 3704 3715 3772 ἐπὶ

2164 3812 2239 3868 σέ,
2275 3835 2303 3862 ››
2336 3844 2406 3853 —-
2436 3812 2672 3887 Ἡμέρας
2697 3812 2795 3873 τὰς
2826 3812 3119 3888 εὐημερίας
3152 3814 3282 3892 φησί
3306 3817 3405 3869 τῶν
3450 3811 3639 3887 ἐχθρῶν.

2234 3924 2262 3951 ‹‹
2294 3901 2381 3954 Ἐν
2425 3904 2505 3972 τῷ
2555 3904 2671 3972 Θεῷ
2716 3899 2979 3957 ἐπαινέσω
3006 3902 3137 3966 τοὺς
3171 3902 3363 3979 λόγους
3395 3923 3504 3975 μου.
3536 3923 3559 3950 ›ι
3583 3927 3637 3939 --
3658 3895 3717 3947 Ἐν

2159 3994 2241 4061 τῷ
2266 3988 2390 4063 περὶ
2423 3993 2556 4044 Θεοῦ
2588 3987 2784 4067 λέγειν,
2818 3989 3133 4052 ἐπαινετοὺς
3163 3994 3372 4063 ποιήσω
3414 3989 3524 4051 τοὺς
3572 3984 3718 4059 λόγους

2211 4100 2295 4136 Ου.

2211 4100 2295 4136 ου.

2167 4100 2208 4153 μ
2235 4193 2265 4221 ‹‹
2298 4166 2419 4223 Ἐπὶ
2467 4172 2547 4240 τῷ
2592 4172 2709 4241 Θεῷ
2747 4166 2977 4238 ἤλπισω
3012 4171 3073 4226 οὗ
3105 4166 3478 4250 φοϐηθήσομαι
3516 4164 3559 4220 τί
3599 4158 3716 4226 ποιτῖ·

2164 4280 2245 4313 σει
2279 4278 2371 4331 μοι
2403 4257 2553 4333 σάρξ.
2590 4282 2619 4310 »
2648 4291 2719 4300 —
2746 4258 2929 4335 Σάρκα
2961 4258 3105 4337 λέγει
3135 4263 3224 4317 τὸν
3258 4260 3480 4334 ἐμπαθῆ.

2237 4371 2266 4399 ‹‹
2297 4345 2469 4417 Ὅλην
2501 4347 2601 4416 τὴν
2632 4348 2842 4425 ἡμέραν
2886 4348 3015 4411 τοὺς
3064 4344 3265 4425 λόγους
3314 4369 3411 4422 μου
3446 4338 3719 4400 έϐδελύσσον·

480 4452 511 4481 ‹‹
539 4427 953 4500 Ἦπαλύνθησαν
986 4430 1039 4484 οἱ
1070 4428 1224 4506 λόγοι
1283 4429 1458 4485 αὐτῶν
1517 4430 1649 4507 ὑπὲρ
1709 4429 1889 4488 ἔλαιον
1921 4451 1933 4464 ⁸
1966 4433 2056 4488 καὶ
2162 4455 2247 4492 το.
2277 4456 2305 4490 υ
2342 4467 2409 4478 -
2441 4436 2885 4515 Ἀπεστρέφοντο,
2916 4439 3315 4516 περιεφρόνουν.

410 4517 569 4575 αὐτοί
613 4518 715 4574 εἶσι
770 4515 1014 4595 βολίδες.
1052 4541 1079 4574 ιι
1109 4552 1175 4562 -
1217 4521 1307 4589 Μὴ
1358 4522 1509 4592 ζήτει
1538 4519 1875 4597 πραγμάτων
1930 4522 2059 4578 ἀκο-

410 4607 631 4663 λουθίαν
689 4606 780 4663 καὶ
835 4608 981 4679 τάξιν
1042 4607 1095 4664 ἐν
1143 4609 1262 4671 τοὶς
1316 4616 1700 4688 προφητικοῖς.
1761 4608 1902 4666 Ἰδοὺ
1954 4614 2055 4688 γάρ

2240 4548 2269 4575 ‹‹
2300 4525 2424 4578 Κατ’
2472 4523 2609 4597 ἐμοῦ
2652 4526 2703 4579 οἱ
2755 4523 3104 4603 διαλογισμοὶ
3146 4526 3317 4582 αὐτῶν
3366 4523 3437 4586 εἰς
3476 4516 3604 4576 κακά.
3629 4536 3720 4566 »θ

2165 4613 2262 4677 Εἰς
2289 4614 2353 4669 τὸ
2380 4616 2622 4668 κακῶσαί
2657 4635 2744 4687 με.

404 4699 574 4751 τοῦτο
630 4694 695 4750 τὸ
754 4694 917 4772 ῥητὸν
973 4694 1102 4759 τοὺς
1159 4696 1296 4772 πρὸς
1360 4698 1589 4771 Χριστὸν
1674 4698 2055 4773 ὑποκριτικοὺς
2086 4692 2133 4759 Ι)
2235 4726 2266 4755 ‹‹
2298 4703 2721 4778 Παροικήσουσι,
2770 4703 2858 4758 καὶ
2923 4704 3365 4780 κατακρύψουσιν.
3415 4724 3442 4751 »
3489 4730 3547 4740 -·
3588 4697 3717 4763 Ha?"

408 4782 615 4859 λόγους
660 4789 769 4839 τῶν
801 4782 1080 4840 Ἰουδαίωτ
1109 4783 1475 4862 προαγγέλλει
1509 4806 1521 4819 ·
1559 4785 1760 4863 λόγους
1790 4788 1890 4864 γὰρ
1922 4789 2056 4843 ἀπα-

414 4872 546 4935 λοὺς
600 4873 932 4951 προσέφερον
988 4876 1134 4946 αύτῷ
1186 4874 1293 4950 πρὸ
1359 4874 1516 4930 αὐτὸν
1575 4875 1804 4947 ἀνελεῖν,
1872 4872 2054 4931 Ῥαϐϐὶ

410 4961 729 5033 καλοῦντες,
762 4962 850 5017 καὶ
882 4961 964 5018 ὅτι
996 4962 1207 5034 ἀληθὴς
1238 4963 1303 5037 εἴ,
1354 4963 1628 5040 λέγοντες,
1678 4965 1769 5020 καὶ
1827 4972 1894 5021 τὰ
1948 4988 2059 5021 τοι-

408 5055 564 5106 αῦτα·
627 5048 773 5106 ἔνδον
834 5048 892 5106 δὲ
942 5052 1077 5122 ἦσαν
1129 5054 1447 5127 ἠκονημένα
1508 5054 1642 5130 βέλη
1700 5059 1796 5109 οοῦ
1826 5052 2056 5126 αἶ’ματος

408 5139 671 5214 διψῶντες
700 5139 888 5198 αὐτοῦ.

540 5230 595 5284 ’F
647 5227 729 5282 ί¹λ
996 5230 1008 5246 ⁸
1086 5232 1133 5253 "
1364 5232 1378 5249 ‘
1692 5233 1702 5250 '
2040 5234 2056 5254 ‘

478 5254 507 5283 (ι
579 5250 637 5284 απ
668 5232 862 5305 ρριψον
924 5228 1013 5285 ἐπι
1063 5238 1257 5308 Κυριον
1317 5253 1416 5302 την
1475 5232 1735 5305 μέριμναν
1792 5253 1908 5304 σου,
1966 5255 2057 5289 και

406 5317 571 5380 αὐτός
605 5339 663 5371 σε
694 5314 990 5395 διαθρέψει.
1024 5345 1051 5373 ‹‹
1083 5354 1152 5363 ——
1184 5325 1353 5377 Τοῦτο
1411 5322 1568 5390 κοινή
1629 5321 1766 5396 πρὸς
1823 5320 2056 5386 ἅπαντας

408 5402 935 5481 ἐπιϐουλευομένους
975 5410 1307 5485 παραίνεσις.

473 5523 503 5553 ››
539 5495 614 5552 Οὐ
647 5494 808 5551 δὼσει
839 5496 914 5558 εἷς
942 5498 1035 5551 τὸν
1066 5497 1237 5553 αἰῶνα
1275 5499 1439 5554 σάλον
1491 5502 1571 5571 τῷ
1629 5495 1840 5573 δικαίῳ.
1905 5524 1932 5551 ››
1988 5534 2058 5543 --

410 5586 483 5643 Οὐ
513 5588 910 5664 παραχωρήσει
942 5587 1107 5661 μέχρι
1138 5585 1330 5651 τέλους
1390 5586 1676 5663 ἐπάγεσθαι
1730 5593 1809 5661 τῷ
1864 5586 2057 5663 δικαίῳ

410 5674 759 5750 πλεονασμὸν
788 5680 1115 5754 πειρασμοῦ.

486 5789 515 5828 κ
547 5765 625 5823 Σὺ
657 5762 733 5842 δὲ,
770 5765 798 5823 ὀ
854 5766 1004 5845 Θεὸς,
1066 5764 1309 5840 κατάξεις
1356 5763 1548 5828 αὐτοὺς
1604 5764 1680 5831 εἴς
1739 5767 1907 5849 φρέαρ
1947 5767 2061 5827 δια-

2170 4795 2389 4865 μενοῦσι
2416 4791 2505 4846 καὶ
2535 4791 2937 4866 κατακρύψουσί
2970 4814 3062 4866 μοι
3094 4790 3322 4867 ἐνέδρας.

2238 4906 2266 4934 ‹‹
2300 4881 2469 4937 Αὐτοὶ
2498 4882 2597 4951 τήν
2635 4882 2862 4957 πτέρναν
2899 4903 3003 4956 μου
3051 4881 3356 4962 φυλάξουσι.
3391 4902 3417 4930 »
3445 4909 3504 4919 -
3529 4872 3616 4940 Τῆν
3656 4882 3724 4919 π⁰’

2167 4968 2311 5045 ρείαν
2349 4990 2456 5042 μου
2488 4968 2909 5046 ἐπιτηρήσουσιν
2938 4970 3077 5026 ὥστε
3104 4967 3411 5046 παγιδεῦσαί
3441 4985 3516 5038 με.

2238 5082 2267 5111 ‹‹
2301 5057 2552 5134 Καθάπερ
2586 5057 2872 5133 ὑπέμειναν
2903 5060 3001 5129 τήν
3058 5061 3240 5136 ψυχήν
3288 5078 3403 5132 μου.
3427 5076 3453 5107 »
3484 5081 3543 5093 --

2168 5145 2319 5202 αὐτοὶ
2352 5144 2715 5221 ἐνεδρεύοντες
2745 5148 3089 5225 περιέμειναν
3121 5170 3205 5223 με,
3236 5146 3370 5202 οὕτω
3415 5140 3494 5197 καὶ
3536 5135 3587 5190 σὺ

2168 5236 2351 5298 λάσεις
2394 5213 2588 5299 αὐτοὺς
2638 5236 2751 5291 ἀντ’
2793 5213 3030 5311 οὐδενὸς,
3064 5238 3093 5292 ’ὸ
3280 5232 3480 5312 ῥᾳδίως,
3509 5226 3569 5286 ὡς
3608 5213 3718 5274 οὐδὲν

2167 5320 2346 5387 ὄντας·
2379 5327 2414 5395 ἡ
2446 5325 2547 5401 γάρ
2581 5324 2712 5402 ὑπὲρ
2743 5325 2966 5382 ἐνταῦθα
2994 5326 3113 5382 ἀντὶ
3137 5333 3235 5397 τῆς
3264 5322 3392 5379 ἁντί.
3518 5404 3531 5409 _
3686 5389 3697 5409 γ

2239 5438 2268 5465 ‹‹
2301 5415 2384 5470 Ἐν
2432 5412 2572 5491 ὀργῇ
2623 5414 2790 5478 λαοὺς
2835 5415 3099 5487 κατάξεις.
3133 5439 3161 5469 ››
3186 5447 3254 5458 —-
3296 5411 3458 5469 Μόνον
3510 5404 3719 5478 ὀργισθείς

2168 5502 2273 5559 ὅλα
2297 5502 2484 5574 πλήθη
2517 5504 2846 5578 συντρίψεις.
2882 5529 2911 5557 ››
3638 5567 3688 5583 _‘

2240 5616 2267 5645 (ί
2303 5592 2359 5645 Ὀ
2389 5592 2542 5661 Θεὸς.
2569 5575 2670 5663 τὴλθ
2721 5575 2869 5664 ζωήν
2927 5616 3032 5669 μου
3071 5589 3345 5670 ἐξήγγειλά
3388 5607 3483 5642 σοι.
3515 5604 3540 5632 »
3565 5575 3713 5633 -Τῆν

2166 5680 2447 5738 πολιτείαν
2486 5703 2591 5756 μου
2621 5682 2930 5760 ἐφανέρωσά
2960 5706 3064 5744 σοι,

2243 5795 2273 5828 κ
2302 5742 2584 5830 Ἐθουιτὰ
2632 5742 2837 5851 δάκρυά
2887 5794 2991 5852 μου
3039 5742 3261 5831 ἐνώπιόν
3305 5787 3410 5843 σου,
3454 5762 3519 5823 ὡς
3563 5749 3632 5812 καῖ
3670 5742 3707 5800 έν
