3998 6412
211 437 358 501 1477

212 659 522 736 ἐπηγγείλω
553 659 606 714 ἐν
655 658 812 733 νόμῳ
860 680 954 714 σου
1001 658 1126 734 περὶ
1166 662 1264 713 τοῦ
1314 655 1692 733 ἀδικουμένου·
1733 679 1851 714 στε-

209 747 379 819 νάζων
439 748 583 825 λέγει
630 748 765 826 πρός
815 769 882 823 με
927 747 1017 804 καὶ
1066 746 1441 823 ἐπακούσομαι
1483 747 1668 805 αὐτοῦ·
1699 747 1854 819 ἐλεή-

216 859 328 913 μων
361 840 465 915 γάρ
496 838 630 911 εἰμι.

284 949 313 979 ‹‹
344 926 782 1004 Ἐπιστρέψουσιν
835 927 888 982 οἱ
946 923 1137 1002 ἐχθροί
1198 947 1303 1000 μου
1360 923 1436 989 εἰς
1475 924 1542 981 τὰ
1571 924 1765 996 ὁπίσω,
1799 923 1852 979 ἐν

210 1016 248 1089 ᾖ
272 1015 332 1071 ἂν
378 1015 560 1092 ἡμέρα
606 1012 1014 1090 ἐπικαλέσωμαί
1044 1034 1119 1070 σε.
1155 1037 1185 1067 ››
1214 1047 1284 1059 --
1329 1014 1586 1072 Τουτέστι
1635 1012 1856 1093 φεύξον-

209 1124 316 1161 ται.

282 1216 310 1245 ‹‹
333 1189 472 1248 Ἰδοὺ
503 1188 665 1269 ἔγνω,
698 1191 780 1249 ὅτι
820 1193 951 1255 Θεός
983 1214 1088 1266 μου
1119 1193 1169 1248 εἴ
1189 1192 1272 1248 σύο
1307 1216 1337 1245 ››
1371 1225 1438 1236 -
1480 1189 1623 1263 ’Ἤδη
1684 1188 1855 1268 ἔγνων

214 1280 385 1337 εἰτουν
417 1281 573 1345 εὐθὺς
602 1281 853 1359 γινώσκω
883 1280 1294 1356 εἰσακουόμενος
1345 1280 1427 1338 ὅτι
1473 1281 1603 1343 Θεός
1655 1303 1759 1354 μου
1812 1281 1864 1335 εἴ

210 1390 293 1428 συ.

281 1483 311 1512 ‹‹
344 1458 584 1532 Ἐπὶτῷ
639 1463 752 1532 Θεῷ
809 1459 1004 1516 αἰνέσω
1062 1458 1236 1537 ῥῆμα,
1268 1458 1357 1516 ἐπὶ
1394 1462 1474 1532 τῷ
1527 1457 1711 1536 Κυρίῳ
1771 1458 1857 1514 αἷ-

207 1546 345 1603 νέσω
378 1546 568 1625 λόγον.
598 1571 629 1603 ››
662 1581 733 1592 -
761 1548 860 1604 Καὶ
906 1545 1014 1603 ὧδε
1055 1548 1118 1604 τὸ
1170 1548 1387 1619 αἰνέσω,
1413 1548 1527 1604 ἀντὶ
1567 1551 1665 1603 τοῦ
1713 1548 1855 1603 αἰνε-

206 1636 299 1691 τὸν
327 1637 567 1706 ποιήσω,
597 1637 689 1692 καὶ
722 1635 873 1713 ῥῆμα
906 1637 1001 1711 μὲν
1031 1637 1060 1691 6
1111 1635 1321 1713 βραχὺς
1371 1635 1561 1713 λόγος,
1595 1635 1758 1713 λόγος
1801 1632 1859 1690 δὲ

318 1745 342 1779 ε
484 1769 499 1782 .

213 1727 241 1780 ὁ
276 1747 315 1867 ἶ
493 1818 574 1887 τῷ
602 1818 718 1888 Θεῷ
744 1812 975 1885 ἤλπισαθ
1008 1814 1070 1869 οὐ
1101 1809 1489 1893 φοϐηθήσομαι
1535 1813 1591 1870 τί
1638 1816 1855 1886 ποιήσει

1421 430 1836 502 EXPOSITIO
1878 430 1957 501 IN
2004 431 2389 500 PSALMOS.

207 569 275 646 τῇ
306 569 608 646 ἐπαγγελίᾳ
654 590 772 629 σου.
805 593 834 623 ››
863 602 932 612 -—
964 565 1205 631 Ἐπεῖδες
1251 567 1321 624 τὰ
1365 566 1569 646 δάκρυά
1620 591 1725 645 μου
1776 569 1853 632 ὡς
1880 572 1935 640 Α

3453 440 3610 508 M78

2037 592 2067 621 ‹‹
2097 568 2370 643 Ὑψώθητι
2431 566 2518 625 ἐπὶ
2573 568 2701 632 τοὺς
2758 569 3038 646 οὐρανοὺς,
3095 572 3123 628 6
3180 572 3331 637 Θεός’
3363 574 3454 630 καὶ
3519 573 3610 632 ἐπὶ

1961 664 2132 713 πᾶσαν
2179 660 2278 728 τήν
2321 665 2424 734 γῆν
2456 661 2491 729 ἡ
2524 655 2652 729 δόξα
2694 679 2810 715 σου.
2845 683 2875 712 ››
2912 692 2981 703 —
3026 661 3260 736 Ὑψηλὸς
3308 662 3398 718 καὶ
3449 663 3608 720 ἐπου-

1964 745 2145 822 ράνιος
2172 747 2442 822 γνώσθητι
2472 746 2563 803 καὶ
2591 751 2707 810 τοῖς
2754 750 2829 821 μή
2885 745 3053 805 εἶδόσι
3103 771 3180 820 σε,
3209 751 3300 807 καὶ
3354 749 3607 829 δραμέτω

1962 834 2050 890 ἐπὶ
2078 840 2249 890 πᾶσαν
2281 836 2381 905 τὴν
2412 842 2514 912 γῆν
2544 837 2579 906 ἠ
2615 835 2980 911 μεγαλειότης
3010 859 3123 893 σου.

2034 946 2064 977 ‹‹
2097 920 2306 1000 Παγίδα
2332 925 2635 998 ἡτοίμασαν
2665 930 2782 988 τοῖς
2813 925 2942 981 ποσί
2977 948 3101 1000 μου’
3133 928 3224 983 καὶ
3261 930 3606 1004 κατέκαμψαν

1962 1012 2061 1081 τὴν
2143 1013 2329 1087 ψυχήν
2405 1034 2531 1087 μου.
2592 1036 2623 1065 ››
2683 1046 2752 1058 -
2807 1015 3059 1093 Θήρατρά
3133 1038 3226 1088 μοι
3302 1013 3610 1076 ἐπιϐουλῶν

1964 1099 2351 1157 κατεσκεύασαν
2382 1100 2473 1157 καὶ
2504 1101 2842 1158 ἐθανάτωσάν
2880 1125 2969 1178 με.

2036 1214 2066 1244 ‹‹
2095 1190 2324 1267 ’Ὠρυξαν
2354 1191 2462 1267 πρὸ
2490 1196 2788 1268 προσώπου
2823 1213 2926 1267 μου
2980 1192 3175 1271 βόθρον
3224 1193 3315 1251 καί
3366 1195 3616 1254 ἐνέπεσαν

1966 1278 2044 1341 εἰς
2074 1277 2253 1336 αὐτόν.
2278 1301 2308 1332 ››
2338 1311 2407 1321 -
2436 1278 2771 1356 Πύτρέπισάν
2817 1302 2910 1354 μοι
2965 1282 3157 1359 βόθρον
3203 1283 3476 1349 ἀπωλείας
3528 1284 3619 1345 διὰ

1967 1366 2165 1444 λόγων·
2198 1366 2350 1423 αὐτοὶ
2376 1365 2435 1423 δέ
2463 1366 2850 1428 ἐκινδύνευσαν.

2043 1481 2065 1509 ι
2100 1456 2329 1531 Έτοίμη
2361 1459 2396 1528 ἡ
2435 1455 2630 1534 καρδία
2679 1479 2804 1532 μου,
2838 1460 2866 1514 6
2912 1461 3064 1530 Θεὸς,
3097 1460 3287 1535 ἐτοίμη
3339 1465 3374 1533 ἡ
3420 1462 3616 1542 καρδία

1970 1564 2100 1621 μου’
2139 1543 2339 1619 ᾄσομαι
2369 1546 2459 1601 καὶ
2491 1546 2672 1622 ψαλῶ.
2707 1571 2737 1600 ››
2769 1581 2839 1591 -
2876 1549 2982 1618 Τήν
3038 1550 3136 1620 σὴν
3186 1549 3277 1605 οὖν
3326 1550 3470 1629 ἔχων
3520 1554 3612 1608 ἀν-

1965 1631 2189 1708 τίληψιν
2235 1630 2457 1709 ἕτοιμός
2501 1635 2618 1710 εἰμι
2664 1636 2803 1710 πρὸς
2859 1637 3028 1694 πάντα
3093 1641 3391 1717 πειρασμὸν
3458 1641 3615 1720 ἐπερ-

1965 1722 2038 1799 χό
2047 1744 2222 1799 μενον.

2043 1833 2067 1863 ι
2100 1813 2186 1869 Ἐν
2207 1815 2278 1887 τῇ
2308 1809 2435 1888 δόξῃ
2467 1834 2594 1887 μου.
2629 1838 2658 1867 ››
2690 1848 2758 1858 -
2787 1815 2951 1888 Δόξαν
2983 1814 3130 1893 λέγει
3161 1819 3260 1888 τὴν
3303 1816 3510 1874 σύνεσιν
3540 1816 3616 1876 δι’

219 1923 311 1977 μοι
341 1904 648 1980 ἅνθρωπος.
677 1926 708 1956 ››
737 1935 808 1947 --
834 1907 924 1957 ‘0v
967 1902 1110 1959 εἶπεν
1138 1898 1422 1980 ἄνθρωπον
1470 1901 1521 1958 ἐν
1555 1902 1703 1980 ἀρχῇ
1758 1906 1856 1958 τοῦ
1885 1941 1935 2009 Β
1964 1900 2027 1970 ἣν
2058 1897 2358 2009 ἐδοξάζετο.

214 1990 460 2066 ψαλμοῦ,
487 1995 678 2047 τοῦτον
710 1990 976 2047 κάνταῦθά
1005 2012 1190 2070 φησιν.

286 2104 316 2134 (ι
348 2081 435 2137 Ἐν
494 2078 639 2154 ἐμοὶ,
674 2080 703 2134 6
734 2080 885 2152 Θεὸς,
937 2078 1117 2155 εὐχαὶ,
1157 2078 1222 2142 ἃς
1287 2076 1558 2135 ἀποδώσω
1606 2078 1854 2141 αἰνέσεώς

213 2189 327 2226 σου.
357 2192 387 2221 ›ι
417 2200 488 2213 -
518 2169 603 2224 Ἐν
631 2172 701 2243 τῇ
736 2170 927 2243 μνήμῃ
959 2167 1065 2242 μού
1103 2167 1235 2223 εἷ’σιν
1282 2169 1338 2223 αἱ
1389 2168 1709 2244 ὑποσχέσεις
1756 2171 1855 2223 τοῦ

211 2257 502 2331 ἐπαινέσαι,
534 2256 599 2321 ἃς
627 2256 718 2313 καὶ
749 2256 1112 2334 ἐκπληρώσω.

283 2371 312 2400 ‹‹
341 2350 447 2401 Τοῦ
503 2345 853 2424 εύαρεστῆσαί
915 2366 982 2419 με
1036 2344 1264 2401 ἐνώπιον
1346 2345 1547 2423 Κυρίου
1607 2345 1660 2400 ἐν
1717 2344 1855 2424 φωτὶ

214 2435 452 2504 ζώντων.
485 2459 515 2489 ››
563 2468 635 2479 --
682 2434 954 2512 Εύάρεστα
1000 2438 1080 2508 τῷ
1127 2434 1310 2510 Κυρίῳ
1355 2436 1542 2511 πράξω
1566 2430 1668 2496 ἕως
1702 2433 1761 2489 ἂν
1792 2434 1856 2489 τὸ

212 2528 326 2601 φῶς
353 2528 515 2581 τοῦτο
552 2523 739 2600 βλέπω
766 2525 830 2579 τὸ
861 2527 1048 2602 φαῖνον
1078 2528 1197 2587 τοῖς
1230 2527 1414 2593 ζῶσιν.

805 2644 1103 2696 ΨΑΛΜΟΣ
1143 2643 1254 2709 Νζθ.

283 2762 311 2790 ‹‹
343 2737 439 2800 Εἰς
496 2735 558 2792 τὸ
602 2735 782 2810 τέλος,
859 2737 934 2811 μὴ
1015 2733 1349 2815 διαφθείρῃς,
1406 2740 1486 2809 τῷ
1557 2734 1720 2792 Δαυὶδ
1780 2735 1856 2800 εἰς

212 2824 642 2904 στηλογραφίαν,
670 2824 722 2880 ἐν
750 2830 832 2899 τῷ
859 2825 1017 2882 αὐτὸν
1051 2823 1464 2903 ἀποδιδράσκειν
1525 2826 1631 2880 ἀπὸ
1686 2846 1854 2903 προσ-

216 2917 367 2972 ώπου
426 2914 609 2971 Σαοὺλ
658 2914 734 2977 εἰς
800 2915 862 2970 τὸ
910 2914 1205 2986 σπήλαιον.
1260 2912 1517 2986 Ἐλέησόν
1567 2935 1655 2989 με,
1703 2916 1856 2986 Θεὸς,

213 3003 435 3075 ἐλεησόν
473 3020 557 3078 με·
587 3001 672 3058 ὅτι
702 3002 790 3060 ἐπὶ
840 3004 925 3059 σοὶ
970 3003 1221 3060 πέποιθεν
1270 3006 1306 3073 ἡ
1355 3005 1508 3080 ψυχή
1570 3025 1696 3077 μου.
1731 3028 1760 3057 ››
1789 3038 1860 3047 -

215 3091 349 3166 Ἰδίᾳ
401 3093 521 3148 καθ’
569 3094 726 3148 ἑαυτὸ
787 3092 1176 3168 ἀναγνωστέον·
1226 3092 1559 3167 κοιμωμένῳ
1615 3093 1716 3170 γὰρ
1777 3097 1858 3167 τῷ

212 3180 392 3238 Σαοὺλ
451 3180 690 3238 ἐπελθὼν
748 3182 981 3259 ξιφήρης
1014 3181 1066 3236 ἐν
1125 3179 1205 3255 τῷ
1261 3178 1522 3253 σπηλαίῳ
1576 3184 1739 3236 τοῦτο
1795 3181 1858 3236 τὸ

212 3271 513 3348 πρόρῥημα
589 3268 905 3343 κατεπᾴδων
980 3271 1170 3327 ἑαυτοῦ
1244 3269 1623 3346 συνεχέστερον
1700 3271 1855 3325 κατέ-

213 3358 393 3416 στειλε
426 3361 517 3415 τὸν
565 3360 735 3433 θυμὸν
781 3359 871 3414 καὶ
903 3359 1001 3415 οὐκ
1029 3356 1236 3414 ἀνεῖλεν
1271 3359 1453 3417 αὐτόν.
1494 3364 1753 3436 Παραινεῖ
1799 3356 1858 3415 δὶ

212 3447 304 3504 καὶ
332 3451 480 3523 ἡμᾶς
514 3448 590 3523 μή
632 3445 953 3527 διαφθείρειν
999 3449 1100 3518 τήν
1140 3446 1487 3519 ἀνεξικακίαν.
1519 3447 1858 3527 Προφητεύει

213 3534 272 3593 δὲ
299 3537 389 3593 καὶ
419 3537 671 3614 περὶτῆς
726 3541 835 3592 τῶν
886 3536 1049 3592 ἐθνῶν
1101 3534 1448 3609 Ἐκκλησίας.
1483 3537 1747 3608 Συνετέθη
1800 3534 1858 3592 δὲ

208 3627 238 3683 6
271 3624 494 3701 ψαλμὸς
547 3626 680 3700 μετᾶ
722 3626 784 3682 τὸ
833 3624 1060 3697 ἐξελθεῖν
1105 3629 1200 3682 τόν
1246 3628 1544 3705 Προφήτην
1588 3629 1685 3681 τοῦ
1715 3647 1857 3698 σπη-

211 3713 395 3774 λαίου.

278 3829 308 3856 ‹‹
343 3804 442 3859 Καὶ
492 3802 544 3859 ἐν
593 3807 663 3878 τῇ
713 3807 837 3876 σκιᾷ
878 3808 987 3860 τῶν
1034 3802 1317 3880 πτερύγων
1366 3825 1461 3860 σου
1504 3801 1700 3877 ἐλπιῶ,
1749 3801 1858 3866 ἓως

209 3892 272 3948 οὗ
302 3891 545 3967 παρέλθῃ
572 3894 608 3962 ἡ
641 3889 861 3965 ἀνομία.
886 3915 916 3944 ››
951 3925 1017 3935 -
1048 3897 1185 3964 Σκιᾷ
1210 3892 1491 3969 πτερύγων
1519 3892 1619 3961 τὴν
1657 3892 1860 3962 σκέπην

209 3981 393 4061 φησίν
427 3980 653 4055 ἀνομίαν
689 3978 746 4035 δὲ
767 3981 867 4051 τὴν
921 3977 1221 4051 ἐπιϐουλὴν
1268 3981 1368 4049 τήν
1418 3980 1470 4052 ἐξ
1517 3980 1726 4058 ὁρατῶν
1769 3980 1860 4035 καὶ

212 4068 456 4147 ἀοράτων
489 4068 868 4147 ἐχθρῶνήῆτις
895 4069 1020 4125 τότε
1042 4067 1467 4147 παρέλθοι,δταν
1499 4064 1628 4144 ἔλθῃ
1654 4071 1691 4140 ἡ
1723 4069 1862 4145 πρὸς

211 4158 436 4224 θάνατον
466 4156 742 4221 ἀνάλυσις.

282 4271 311 4300 ι(
341 4245 743 4318 Ἐξαπέστειλεν
774 4245 824 4320 ἐξ
864 4246 1095 4324 ούρανοῦ
1141 4247 1231 4303 καὶ
1274 4245 1441 4303 ἔσωσε
1492 4267 1577 4321 με.
1610 4270 1641 4300 ››
1672 4279 1742 4291 -—
1770 4246 1860 4320 Ἐξ

210 4334 382 4413 ὕψους
412 4334 697 4392 ἀπέστειλε
726 4331 977 4410 δύναμιν.

281 4450 311 4479 ‹‹
342 4424 579 4481 Ἔδωκεν
612 4423 690 4488 εἰς
722 4418 932 4489 ὄνειδος
959 4423 1086 4488 τοὺς
1141 4425 1579 4489 καταπατοῦντάς
1612 4446 1699 4501 με.
1733 4448 1762 4478 »
1792 4457 1862 4469 —-

206 4511 451 4577 Ὀνειδος
479 4515 580 4584 τὴν
609 4511 875 4589 αἰσχύνην
907 4513 1093 4593 φησίν,

288 4628 310 4657 ιι
351 4600 747 4674 Ἐξακέστειλεν
806 4603 835 4657 ὁ
883 4603 1013 4666 Θεὸς
1059 4602 1125 4659 τὸ
1181 4599 1336 4666 ἔλεος
1383 4602 1568 4677 αὐτοῦ,
1617 4603 1708 4659 καὶ
1759 4603 1860 4672 τὴν

2037 2012 2066 2041 ‹‹
2098 1988 2457 2066 Ἐξεγέρθητι,
2504 1993 2540 2061 ἡ
2583 1988 2709 2063 δόξα
2762 2013 2888 2067 μου.
2930 2016 2958 2046 »

1965 2098 2095 2155 φησι
2125 2078 2189 2133 τὸ
2212 2077 2550 2157 προφητικὸν
2582 2080 2849 2156 χάρισμα.

2037 2190 2067 2220 ‹‹
2099 2167 2456 2244 Ἐξεγέρθητι,
2507 2170 2812 2247 ψαλτήριον
2863 2172 2951 2226 καὶ
2995 2173 3211 2250 κιθάρα.
3245 2197 3274 2225 ››
3303 2207 3368 2218 —
3396 2175 3467 2230 T6
3517 2177 3613 2250 μὲν

1964 2253 2269 2330 ψαλτήριον
2320 2256 2570 2331 ἀνάγεται
2608 2256 2686 2319 εἰς
2732 2258 2940 2332 ψυχὴν,
2987 2260 3023 2328 ἡ
3070 2258 3264 2335 κιθάρα
3307 2257 3364 2315 δὲ
3411 2260 3490 2325 εἰς
3551 2263 3616 2318 τὸ

2990 2026 3060 2037 -—-
3094 1994 3257 2067 Δόξαν
3315 1993 3405 2051 οὖν
3461 1995 3612 2063 αὖθίς

1918 2360 1923 2365 '
1966 2347 2145 2418 σῶμα.

2037 2456 2066 2486 ‹‹
2092 2433 2550 2541 ,Ἐξεγερθήσομαι
2583 2430 2804 2511 ὄρθρου.
2839 2459 2866 2487 ››
2898 2469 2967 2481 -
2993 2437 3062 2491 Τὸ
3111 2432 3330 2514 ὄρθρου,
3363 2438 3479 2495 ἀντὶ
3516 2445 3613 2495 τοῦ

1962 2541 2202 2596 ταχεως.

2562 2672 2860 2723 ΨΔΛΜΟΣ
2900 2668 3018 2725 ΝΖ’.

2040 2848 2068 2876 ‹‹
2097 2823 2194 2886 Εἰς
2221 2824 2285 2880 τὸ
2311 2823 2498 2899 τέλος,
2536 2825 2612 2895 μὴ
2654 2822 2982 2904 διαφθείρῃς·
3029 2831 3109 2899 τῷ
3158 2824 3322 2883 Δαυῖδ
3372 2828 3450 2892 εἰς
3488 2851 3618 2901 στη-

1967 2911 2288 2991 λογραφίκν.
2324 2936 2353 2965 ››
2383 2947 2453 2956 -
2480 2918 2586 2985 Τῆς
2618 2913 2786 2985 αὐτῆς
2828 2911 3011 2991 ἔχεται
3046 2915 3348 2981 ὑποθέσεως
3376 2922 3458 2990 τῷ
3506 2918 3613 2994 πρὸ

1966 3001 2132 3057 αὐτοῦ
2193 3002 2309 3076 μετ’
2366 3001 2567 3059 ἐκεῖνόν
2623 3023 2685 3058 τε
2732 3004 3030 3080 γέγραπται
3079 3004 3218 3081 πρὸς
3265 3006 3355 3061 τὸν
3407 3005 3618 3076 Σαοὺλ,

1967 3086 2397 3167 προηγουμένως
2449 3090 2539 3147 καὶ
2598 3091 2727 3155 τοὺς
2771 3091 2895 3169 περὶ
2955 3092 3114 3148 αὐτὸν
3173 3093 3616 3169 ἀποτεινόμενος,

1970 3178 2251 3253 ἐπομένως
2282 3176 2340 3235 δὲ
2366 3179 2460 3236 καί
2487 3181 2625 3258 πρὸς
2654 3182 2857 3244 πάντας
2902 3182 3029 3245 τοὺς
3081 3183 3456 3257 μιμουμένους
3515 3186 3615 3255 τήν

1967 3266 2233 3343 πονηρίαν
2267 3267 2463 3325 αὐτῶν.

2046 3379 2068 3407 ι
2100 3355 2166 3410 Εἰ
2197 3354 2418 3428 ἀληθῶς
2469 3354 2572 3433 ἄρα
2613 3354 2954 3430 δικαιοσύνην
3001 3358 3240 3432 λαλεῖτε,
3272 3358 3451 3433 εὐθεῖα
3495 3361 3614 3437 κρί-

1965 3464 2105 3518 νατε,
2138 3445 2190 3499 οἱ
2247 3446 2357 3500 υἱοὶ
2403 3449 2511 3501 τῶν
2551 3447 2867 3523 ἀνθρώπων.
2902 3471 2931 3500 ››
2960 3481 3027 3492 —-
3059 3447 3119 3503 Εἰ
3151 3447 3373 3520 ἀληθῶς
3434 3446 3617 3505 δίκαια

1968 3531 2174 3609 λέγετε,
2207 3533 2290 3590 ὅτι
2322 3529 2614 3591 ἐπίϐουλον
2649 3537 2774 3609 ὑμῖν
2806 3535 2904 3610 ἐμὲ
2958 3536 3249 3612 γενόμενον
3292 3534 3623 3594 καταδιώκε-

1963 3643 2045 3696 τε,
2077 3622 2242 3701 ὁρθὰς
2298 3624 2592 3703 ἀποφάσεις
2655 3623 2957 3702 ἐξενέγκατε
3013 3625 3066 3682 ἐν
3111 3626 3215 3682 τίνι
3265 3648 3331 3701 με
3377 3627 3618 3702 πονηρὸν

1969 3712 2254 3789 ἐγνώκατε.

2043 3824 2065 3853 ι
2100 3800 2205 3857 Καὶ
2233 3800 2335 3877 γὰρ
2365 3799 2417 3855 ἐν
2445 3797 2643 3876 καρδίᾳ
2672 3801 2898 3875 ἀνομίας
2930 3801 3231 3880 ἐργάζεσθε.
3266 3826 3295 3861 υ
3326 3838 3396 3848 -
3432 3804 3617 3861 Λείπει

1966 3889 2050 3962 16,
2078 3888 2205 3946 ἀλλ’
2246 3889 2308 3944 ού
2368 3887 2591 3945 δύνασθε
2642 3889 2819 3966 ὀρθῶς
2876 3897 3077 3966 κρῖναι’
3135 3895 3225 3948 καὶ
3281 3895 3385 3971 γὰρ
3444 3891 3617 3969 ὄνομα

1972 3976 2281 4053 μελετᾶται.
2314 3977 2635 4053 Πρόσκειται
2667 3976 2725 4035 δὲ
2751 3980 2814 4035 τὸ
2846 3979 2898 4036 ἐν
2928 3984 2998 4056 τῇ
3028 3985 3121 4058 γῇ,
3155 3980 3237 4038 ὅτι
3286 3981 3339 4038 ἐν
3385 3987 3466 4056 τῷ
3513 3978 3615 4059 ᾅδῃ

1969 4066 2079 4144 οὐχ
2107 4065 2282 4130 οὕτως
2312 4064 2458 4123 ἔσται
2484 4067 2692 4131 αὐτοῖς.

2043 4179 2075 4210 ιι
2102 4161 2188 4213 Ἐν
2241 4159 2312 4232 τῇ
2371 4160 2445 4233 γῇ
2500 4153 2708 4214 ἀδικίαν
2766 4157 2821 4213 αἰ
2879 4163 3063 4236 χεῖρες
3093 4159 3245 4235 ὑμῶν
3279 4156 3626 4234 συμπλέκου-

1971 4266 2140 4304 σιν.»
2173 4278 2243 4289 -—-
2294 4243 2711 4320 Συμπλέκουσιν
2772 4247 2889 4302 εἶπε
2944 4244 3033 4304 διὰ
3085 4249 3148 4304 τὸ
3202 4246 3455 4305 ποικίλον
3512 4252 3625 4305 τῶν

1971 4332 2225 4411 ἐπιχειρη
2237 4335 2442 4408 μάτων.

2042 4446 2072 4477 ‹‹
2105 4422 2667 4501 Ἀπηλλοτριώθησαν
2701 4425 2754 4481 οἱ
2785 4422 3106 4503 ἁμαρτωλοί
3156 4425 3261 4482 ἀπὸ
3321 4427 3554 4502 μήτρας.
3589 4448 3620 4479 »

1969 4545 2040 4557 —
2070 4510 2277 4589 Σχεδὸν
2339 4510 2417 4568 ἔτι
2456 4514 2809 4589 γεννώμενοι,
2869 4512 3192 4591 ἀλλοτρίους
3251 4513 3472 4578 ἑαυτοὺς
3519 4518 3620 4571 τοῖ’»

1971 4605 2105 4658 Θεοῦ
2155 4603 2507 4677 πεποιήκασι,
2565 4601 2863 4681 σύντροφον
2914 4603 3016 4674 τὴν
3076 4601 3343 4674 πονηρίαν
3419 4603 3624 4674 κτησά-

210 4689 469 4763 ἀλήθειαν
530 4687 714 4765 αὐτοῦ,
767 4690 858 4747 καὶ
914 4689 1177 4769 ἐρρύσατο
1231 4693 1331 4762 τήν
1385 4693 1569 4768 ψυχήν
1643 4712 1749 4765 μου
1806 4690 1865 4747 ἐκ
1894 4681 1940 4746 D
1978 4711 2152 4766 μενοι.

217 4780 385 4856 μέσου
433 4779 707 4854 σκύμνων.
738 4803 767 4831 ››
816 4812 887 4823 -
934 4776 1228 4851 Ἀλήθειαν
1279 4778 1574 4856 πολλαχοῦ
1623 4782 1721 4850 τήν
1782 4777 1864 4835 δι-

207 4868 502 4941 καιοσύνην
562 4867 725 4947 φησὶν
780 4868 843 4937 ἣν
889 4866 1256 4939 ἐξαπέστειλεν
1316 4870 1344 4925 ὁ
1374 4869 1523 4937 Θεὸς,
1550 4866 1644 4925 ’ίνα
1700 4889 1862 4925 κατα-

208 4956 402 5033 δικάσῃ
428 4956 559 5020 τοὺς
590 4954 929 5021 ἀδικοῦντας·
979 4957 1043 5014 τὸ
1074 4955 1132 5013 δὲ
1176 4956 1351 5032 ἕλεος,
1384 4958 1471 5013 ἶνα
1527 4956 1725 5033 ἐλεήσῃ
1771 4960 1862 5015 τὸν

206 5045 587 5121 ἀδικούμενον’
645 5044 735 5101 διὰ
786 5044 845 5101 δὲ
890 5051 998 5102 τῶν
1055 5046 1304 5122 σκύμνων
1336 5050 1371 5118 ἡ
1419 5048 1649 5119 ἀπήνεια
1705 5044 1866 5119 δεδή-

211 5135 390 5192 λωται
418 5140 527 5191 τῶν
561 5134 798 5212 ἐχθρῶν.

290 5251 312 5279 α
347 5227 681 5298 Ἐκοιμήθην
730 5223 1145 5302 τεταραγμένος.
1184 5249 1207 5278 ιι
1241 5258 1310 5268 --
1354 5226 1441 5281 Ἐν
1478 5230 1559 5281 τῶ
1607 5223 1869 5298 σπηλαίῳ

211 5313 725 5390 συγκεκλεισμένος,
755 5313 791 5384 ἢ
820 5313 871 5369 ἐν
902 5321 1020 5377 ταῖς
1049 5319 1384 5392 νυκτεριναῖς
1443 5313 1708 5379 ἐπιθέσεσι
1761 5317 1871 5370 τῶν

213 5401 487 5478 δαιμόνων
521 5397 946 5480 στροϐούμενος.

288 5517 318 5547 ‹‹
349 5493 467 5549 Υἱοὶ
495 5491 795 5569 ἀνθρώπων
832 5489 1045 5556 ὀδόντες
1075 5492 1273 5548 αὐτῶνθ
1305 5492 1452 5549 ὅπλα
1489 5492 1580 5547 καὶ
1642 5490 1803 5568 βέλη.
1839 5514 1869 5543 ››

216 5614 287 5625 -
319 5583 418 5637 Διά
442 5581 649 5637 τούτων
676 5580 803 5644 τοὺς
842 5579 1045 5659 λόγους
1077 5579 1325 5653 ἐδήλωσε
1376 5585 1485 5637 τῶν
1541 5575 1867 5640 ἐπιϐουλῶν.

211 5671 340 5731 Εἶεν
373 5669 420 5726 δ’
448 5669 509 5726 ἂν
540 5670 631 5726 καὶ
684 5666 953 5746 δαιμόνων
1012 5668 1227 5735 ὀδόντες
1284 5670 1375 5729 καὶ
1429 5668 1653 5749 γλῶσσα
1683 5670 1736 5726 οἰ
1762 5690 1868 5726 πο·-

210 5760 379 5842 νηροὶ
408 5760 692 5841 λογισμοί.

2045 4779 2246 4834 «Ὦσεὶ
2284 4776 2511 4842 ἀσπίδος
2569 4779 2762 4858 κωφῆς
2809 4780 2900 4834 καὶ
2957 4778 3192 4854 βυούσης
3238 4779 3307 4836 τὰ
3360 4781 3476 4835 ὦτα
3530 4779 3627 4836 αὖ-

1971 4875 2094 4939 τῆς.
2130 4892 2160 4921 ››
2194 4901 2264 4913 -
2310 4869 2490 4942 Θυμὸς
2544 4867 2709 4924 πάλιν
2760 4867 2944 4931 αὐτοῖς
2997 4868 3127 4923 ὡσεὶ
3175 4865 3400 4931 ἀσπίδος
3443 4866 3629 4925 ἐθελο-

1972 4957 2231 5037 κωφούση
2241 4979 2284 5020 ς.

2046 5070 2076 5099 ‹‹
2109 5047 2263 5108 Ἦτις
2322 5044 2420 5100 οὐκ
2473 5043 2837 5100 εἷσακούσεται
2893 5047 3078 5123 φωνῆς
3136 5043 3467 5117 ἐπᾳδόντων,
3532 5044 3626 5101 καὶ

1976 5138 2264 5214 φαρμακοῦ
2292 5154 2352 5189 τε
2381 5133 2840 5212 φαρμακουμένου
2886 5133 3033 5210 παρὰ
3076 5138 3267 5212 σοφοῦ.
3303 5157 3332 5186 ιο
3362 5167 3432 5177 --
3462 5134 3633 5205 Ἐπᾴ-

1977 5223 2139 5280 δοντα
2173 5222 2263 5278 καὶ
2319 5223 2601 5301 φαρμακὸν
2655 5219 2779 5292 ἤτοι
2842 5220 3038 5296 γόητα,
3070 5222 3161 5277 καὶ
3219 5223 3403 5302 σοφὸν,
3455 5219 3624 5299 ἤγουν

1974 5311 2250 5389 τεχνίτην,
2309 5312 2398 5367 τὸν
2456 5307 2777 5386 θηρεπῳδὸν
2864 5310 3206 5384 ὀνομάζεται,
3265 5312 3324 5374 ’ὀς
3393 5308 3630 5385 ἐπῳδαῖς

1975 5422 2086 5458 τισι
2139 5397 2480 5476 καταθέλγων
2524 5399 2593 5454 τὰ
2644 5398 2863 5476 ἐρπετά,
2896 5397 3156 5475 ἐξημεροῖ
3196 5398 3287 5455 καὶ
3318 5399 3458 5476 πρὸς
3487 5406 3633 5477 χρῆ-

1977 5512 2059 5547 σιν
2094 5488 2324 5564 ἰατρείας
2381 5482 2671 5562 λαμϐάνει.
2704 5487 2899 5562 Τούτῳ
2954 5490 3054 5558 τήν
3105 5483 3295 5567 ἔφοδον
3329 5488 3419 5543 ὅτε
3446 5493 3562 5564 γνῷ
3590 5489 3628 5559 ἡ

1981 5578 2141 5642 ἀσπὶς
2179 5575 2511 5656 ἀποφράττει
2562 5574 2651 5632 διὰ
2693 5575 3046 5653 πανουργίας,
3074 5575 3169 5633 ’ἱνα
3214 5579 3289 5651 μὴ
3340 5578 3633 5652 θελχθεῖσα

2054 5691 2669 5835 ίῗέΕξουδενωθήσονται
2699 5754 2830 5813 ὡσεὶ
2888 5752 3036 5840 ὕδωρ
3086 5751 3561 5839 διαπορευόμενον.
3597 5780 3629 5815 ››
