3998 6418
361 426 522 488 H79
1616 400 2037 469 NICEPHORI
2081 399 2519 464 BLEMMIDE
3631 393 3772 458 MBO

361 591 430 602 -—-
459 551 934 630 Εύκαταφρόνητοι
993 548 1305 624 γενήσονται
1362 543 1438 606 ὡς
1493 543 1556 598 τὸ
1611 539 1877 618 χεόμενον
1932 535 2007 598 ὡς
2038 547 2190 612 Α-
2267 533 2681 606 Ἐπισκέψασθαι
2759 527 2998 586 δυσωπεῖ
3067 526 3157 584 διὰ
3230 535 3332 598 τῆς
3423 527 3775 600 ἐνανθρωπή.

368 643 557 720 ἔτυχεν
592 640 737 717 ὕδωρ
769 638 858 694 καί
890 635 1334 708 σκεδαννύμενον.

435 760 463 787 ‹‹
498 715 773 788 Ἐντείνων
808 729 1008 784 ἐντενεῖ
1033 726 1096 782 τὸ
1123 725 1275 796 τόξον
1335 721 1520 791 αὺτοῦ,
1579 718 1684 782 ἓως
1741 717 1803 772 οὗ
1855 715 2010 771 ἀσθε-

364 827 592 894 νήσειεν.
627 844 755 872 ››-
812 816 885 871 Ού
943 814 1200 872 παύσεται
1263 810 1486 888 βάλλων
1543 815 1664 871 ταῖς
1717 803 2011 879 τιμωρίαις

367 911 583 983 αὐτοὺς,
613 906 718 970 ἕως
750 907 812 962 οὗ
842 903 1130 961 καταλύσει
1161 901 1366 958 τούτων
1393 902 1493 970 τήν
1516 896 1759 971 δύναμιν.

434 1026 463 1054 ιι
523 1003 721 1055 Ἕπεσε
793 1001 900 1071 πῦρ
986 991 1290 1061 ἐπάύτοὸς,
1361 990 1451 1045 καὶ
1528 987 1628 1044 οὐκ
1703 982 1841 1040 εἶδον
1913 981 2006 1037 τὸν

360 1089 546 1161 ἥλιον.
581 1112 611 1140 ››
642 1119 711 1130 —
738 1070 928 1141 Ἔλθοι
959 1084 987 1138 6
1047 1080 1312 1153 θεήλατος
1361 1080 1532 1153 θυμὸς
1582 1073 1886 1143 ἐπάύτοὺς,
1918 1070 2009 1127 καὶ

358 1187 461 1251 τῆς
496 1180 639 1248 ζωῆς
663 1175 1103 1252 στερηθήσονται.

431 1293 459 1320 α
512 1247 627 1342 Πρὸ
682 1247 780 1320 τοῦ
836 1263 1063 1318 συνιέναι
1119 1261 1215 1322 τάς
1271 1256 1503 1322 ἀκάνθας
1563 1255 1714 1328 ὑμῶν
1766 1254 1866 1320 τὴν
1921 1247 2009 1324 ῥά-

366 1379 520 1432 μνον.
713 1355 942 1426 Ῥάμνος
991 1349 1102 1406 ἐστὶ
1162 1349 1324 1428 φυτὸν
1384 1342 1689 1406 ἀκανθῶδες
1748 1341 1888 1432 μέγα
1915 1359 2008 1432 Δτε

363 1427 454 1503 καὶ
515 1442 778 1518 σκληρόν,
836 1427 1338 1517 Ἀποστρεφόμενος
1397 1433 1488 1492 οῦν
1544 1434 1682 1510 πρὸς
1733 1430 1861 1518 τοὺς
1912 1427 2010 1504 ἐχ·-

358 1535 524 1612 θρούς
582 1517 738 1612 φησι,
799 1532 910 1606 Πρὸ
962 1533 1060 1584 τοῦ
1111 1530 1206 1590 τάς
1267 1527 1416 1600 ὑμῶν
1467 1525 1694 1587 ἀκάνθας
1751 1517 1874 1590 ἤτοι
1916 1519 2008 1580 τὰς

361 1606 626 1700 ἁμαρτία-ς
683 1621 976 1695 ἐπιγνῶναι
1033 1618 1134 1685 τήν
1185 1615 1384 1692 ῥάμνον
1433 1614 1743 1687 πρακτικῶς
1794 1606 1892 1663 δτά
1944 1607 2008 1661 τὸ

358 1712 657 1782 αὐξηθῆναι
710 1709 800 1763 καὶ
865 1706 1247 1782 μεγεθυνθῆναι
1299 1701 1485 1773 αὐτὰς,
1540 1704 1700 1755 τοῦτο
1769 1701 2009 1752 πεσεῖται

353 1802 420 1857 τὸ
450 1805 576 1876 πῦρ.

431 1915 460 1943 ‹‹
507 1888 650 1944 Ὡσεὶ
709 1889 934 1956 ζῶντας,
996 1883 1125 1938 ὡσεὶ
1183 1882 1324 1957 ὀργῇ
1377 1878 1693 1934 καταπίεται
1753 1876 1914 1948 ὑμᾶς.
1977 1896 2006 1925 ››

356 2012 426 2024 -
455 1979 534 2037 Τὸ
593 1977 751 2052 ῥηθὲν
807 1970 1021 2044 δηλαδή
1074 1975 1203 2045 πῦρ.
1264 1969 1344 2027 Τὸ
1378 1969 1473 2041 μὶν
1506 1967 1599 2022 οὗν
1627 1965 1754 2020 ὡσεὶ
1788 1969 2010 2033 ζῶντας,

356 2068 472 2123 ἀντὶ
522 2070 621 2121 τοῦ
677 2063 753 2118 ἔτι
811 2066 1010 2131 ζῶντας
1044 2079 1059 2094 ο
1090 2059 1154 2114 τὸ
1201 2055 1258 2112 δὲ
1301 2056 1430 2112 ὡσεὶ
1478 2055 1530 2112 ἐν
1572 2055 1731 2130 ὁρτῇ,
1763 2053 1880 2107 ἀντὶ
1908 2053 2010 2106 τοῦ

357 2155 673 2230 ἀποτόμως.
734 2153 812 2210 Τὸ
871 2148 928 2205 δὲ
985 2146 1301 2203 καταπίεται
1343 2146 1408 2200 τὸ
1454 2143 1672 2220 εὐχερὲς
1721 2138 1886 2211 δηλοῖ
1912 2143 2010 2194 τοῦ

360 2245 496 2323 ἀφαν
509 2246 690 2315 ισμοῦ.

437 2331 932 2409 «Εύφρανθήσεται
980 2323 1185 2387 δίκαιος
1243 2322 1367 2379 ὅταν
1428 2319 1515 2396 ἴδῃ
1573 2317 1844 2388 ἐκδίκησιν
1894 2316 2012 2370 ἀσε-

359 2418 492 2478 ϐῶν.
527 2445 556 2474 ››
590 2451 658 2462 --
695 2418 807 2473 Οὐκ
853 2416 939 2471 ἐπὶ
983 2419 1052 2489 τῇ
1090 2415 1293 2470 πτώσει
1340 2416 1435 2468 τοῦ
1465 2413 1732 2484 πονηροῦ,
1765 2404 1892 2462 ἀλλ’
1923 2403 2010 2460 ἐπὶ

357 2516 425 2585 τῇ
461 2507 828 2584 δικαιοκρισίᾳ
854 2510 952 2560 τοῦ
983 2509 1138 2560 Θεοῦ.

436 2624 465 2652 ‹‹
493 2599 597 2660 Ta:
665 2602 856 2673 χεῖρας
930 2593 1092 2649 αὐτοῦ
1148 2593 1357 2666 νίψεται
1424 2590 1476 2646 έν
1532 2592 1611 2660 τῷ
1668 2584 1856 2660 αἵματι
1916 2587 2012 2638 τοῦ

360 2672 715 2765 ἀμαρτωλοῦ.
775 2710 804 2738 ››
867 2717 933 2726 ——
973 2682 1047 2737 Ού
1102 2680 1182 2754 τῷ
1235 2678 1425 2753 αἵματι
1480 2679 1674 2738 ταύτας
1734 2672 2010 2749 μολύνων,

358 2764 486 2832 ἀλλ’
544 2775 595 2830 ἐν
643 2775 725 2845 τῴ
781 2772 995 2847 ὀλέθρῳ
1045 2775 1143 2825 τοῦ
1190 2768 1522 2845 ἀμαρτωλοῦ
1570 2765 1728 2828 αὐτὸς
1779 2764 2009 2837 νίψεται.

357 2863 641 2920 Τουτέστιν
672 2863 849 2923 ἀθῶος
872 2865 970 2916 τοῦ
1000 2858 1252 2914 τοιούτου
1285 2855 1513 2930 ὀλέθρου
1536 2852 1900 2930 δειχθήσεται.

431 2979 458 3006 ι(
493 2952 592 3008 Καὶ
651 2951 762 3027 ἐρεῖ
819 2949 1122 3024 ἅνθρωπος·
1181 2948 1320 3022 Ἀρά
1376 2946 1483 3000 ἐστι
1541 2943 1748 3020 καρπὸς
1802 2945 1880 3012 τῷ
1928 2936 2009 2994 δι-

359 3042 498 3115 καίῳ
533 3061 545 3075 °
580 3040 684 3117 ἆρά
741 3040 880 3095 ἐστιν
941 3039 970 3093 6
1018 3037 1146 3099 Θεὸς
1188 3035 1385 3110 κρίνων
1432 3033 1626 3096 αὐτοὺς
1659 3032 1711 3087 ἐν
1741 3033 1810 3104 τῇ
1841 3033 1946 3106 ﬁ;
1980 3053 2008 3080 »

360 3165 430 3176 -—
471 3112 583 3186 -Καὶ
618 3112 671 3186 ’ὁ
729 3129 944 3190 συνετὸς
1005 3124 1289 3201 ἅνθρωπος
1365 3122 1492 3200 ἐρεῖ·
1571 3145 1600 3174 ‹‹
1672 3112 2012 3196 Περίκαρπός

360 3220 471 3275 ἐστι
500 3224 579 3291 τῷ
631 3216 826 3289 δικαίῳ
881 3219 917 3286 ἡ
977 3212 1251 3284 ἐκδίκησις
1287 3231 1301 3248 ο
1330 3211 1499 3272 ὅντως
1555 3211 1582 3264 6
1631 3209 1758 3270 Θεὸς
1807 3204 2008 3275 δικάζει

361 3309 454 3363 τὸν
488 3306 694 3362 δίκαιον
729 3305 938 3361 καὶτὸν
973 3301 1156 3358 ἄδικον
1190 3300 1241 3356 ἐν
1270 3305 1350 3373 τῷ
1377 3299 1591 3374 κόσμῳ.

945 3423 1239 3477 ΨΑΛΜΟΣ
1289 3422 1381 3473 NH
1401 3459 1414 3472 .

439 3545 468 3578 ι
507 3521 601 3585 Είς
629 3523 692 3577 τὸ
716 3517 876 3581 τέλος
909 3519 984 3592 μή
1019 3514 1318 3595 διαφείρῃςι
1350 3519 1430 3586 τῷ
1458 3509 1628 3569 Λαυῖδ
1686 3511 1764 3574 εἷς
1817 3508 2016 3580 στηλο-

363 3610 624 3689 γραφίαν,
683 3608 846 3664 ὁπότε
905 3604 1186 3662 ἀπέστειλε
1240 3601 1446 3668 Σαοῦλ,
1502 3602 1591 3656 καὶ
1649 3599 1878 3689 ἐφύλαξε
1921 3599 2012 3653 τὸν

369 3687 517 3754 οἶκον
577 3697 765 3770 αὐτοῦ,
812 3700 910 3751 τοῦ
965 3697 1261 3750 θανατῶσαι
1320 3692 1500 3748 αὐτόν.
1560 3688 1780 3764 Ἐξελοῦ
1837 3707 1905 3762 με
1959 3687 2019 3742 ἐκ

365 3791 475 3843 τῶν
532 3785 744 3862 ἐχθρῶν
807 3805 933 3858 μου,
985 3785 1014 3838 6
1065 3782 1213 3840 Θεός.
1265 3805 1294 3834 ››
1327 3813 1394 3824 —-
1424 3783 1710 3855 Παρεγγυᾷ
1741 3778 1769 3831 ὁ
1801 3775 2020 3850 ψαλμὸς

365 3876 442 3938 εἰς
470 3876 536 3930 τὸ
594 3873 755 3936 τέλος
811 3878 917 3928 τῶν
975 3875 1291 3947 πειρασμῶν
1342 3871 1472 3947 ὸρᾷν
1519 3868 1609 3923 καὶ
1663 3868 1739 3940 μή
1779 3864 2018 3943 διαφθεί-

365 3985 478 4041 ρειν
535 3963 636 4032 τήν
697 3963 980 4035 ὑπομονήν
1015 3981 1028 3994 σ
1087 3959 1380 4028 πεποίηται
1441 3957 1499 4013 δέ
1536 3956 1614 4020 εἷς
1670 3953 2019 4010 ἀνέκλειπτον

369 4056 591 4128 μνήμην
648 4055 756 4106 τῶν
812 4050 1194 4126 γεγενημένων
1251 4046 1384 4111 ὅλος
1439 4044 1500 4103 τέ
1556 4045 1666 4102 ἐστι
1723 4045 1860 4099 κατὰ
1913 4046 2019 4097 τῶν

369 4141 685 4208 θεοκτόνων.

443 4255 472 4285 ι‹
527 4230 626 4286 Καὶ
684 4228 743 4284 ἐκ
795 4233 903 4284 τῶν
964 4225 1397 4300 ἐπανισταμένων
1460 4223 1537 4280 ἐπ’
1593 4224 1692 4298 ἐμὲ
1746 4220 2023 4298 λύτρωσαί

373 4341 460 4394 με.
521 4345 550 4373 ››
604 4351 674 4362 -
745 4317 1228 4389 Ἐπανισταμένους
1281 4313 1410 4377 τοὺς
1467 4312 1872 4385 ἐπιτιθεμένους
1931 4309 2020 4365 καὶ

371 4408 721 4488 ἐφορμῶντάς
754 4427 935 4486 φησιν.

444 4504 623 4553 «Ὅτι
681 4494 802 4551 ἰδοὺ
849 4495 1138 4571 ἐθήρευσαν
1187 4495 1286 4564 τὴν
1343 4494 1527 4568 ψυχήν
1591 4513 1718 4565 μου,
1771 4490 2022 4546 ἐπέθεντο

371 4587 437 4642 ἐπ
487 4585 585 4660 ἐμὲ
613 4584 882 4662 κραταιοί.
917 4608 946 4637 »
980 4617 1050 4628 —-
1076 4586 1234 4638 Ὃσον
1264 4583 1328 4639 τὸ
1358 4581 1647 4644 ἐπάὐτοῖς.

2118 644 2276 685 σεως.

2193 735 2222 764 ι(
2251 713 2341 780 Μὴ
2397 711 2739 786 οἰκτειρήσῃς
2792 708 2991 772 πάντας
3043 709 3171 771 τοῦς
3227 707 3648 785 ἐργαζομένους
3692 709 3775 774 τήν

2117 800 2367 874 ἀνομίαν.
2418 822 2446 855 ι
2522 833 2593 843 --
2665 799 2806 862 Τοὺς
2868 799 3270 876 ἀνεπιστρόφως
3342 794 3619 873 ἔχοντας,
3689 794 3780 851 εἴτε

2115 889 2245 953 τοὺς
2273 891 2398 966 περὶ
2428 891 2517 946 τὸν
2553 887 2737 944 Σαοὺλ
2767 885 2872 943 εἴτε
2923 887 3049 950 τοὺς
3104 887 3447 960 θεοκτόνους,
3489 884 3610 942 ε’ίτε
3664 886 3780 944 τοῦς

2120 977 2400 1054 δαίμονας.

2189 1094 2219 1121 ‹(
2255 1066 2691 1146 Ἐπιστρέφουσιν
2727 1068 2804 1130 εἷς
2864 1065 3107 1141 ἑσπέραν.
3144 1091 3172 1118 ››
3202 1099 3272 1109 —
3301 1067 3438 1121 ’Δπὸ
3507 1071 3620 1133 τῆς
3681 1060 3779 1117 3&1-

2119 1165 2322 1236 σπορᾶς
2381 1158 2785 1236 ἐπιστρέφουσιν
2848 1157 2948 1231 ὀψὲ
3003 1157 3092 1212 ναὶ
3152 1156 3312 1229 μόλις
3368 1156 3447 1218 εἷς
3512 1157 3776 1229 Ἰερουσα-

2119 1249 2260 1322 λὴμ,
2290 1248 2380 1304 καὶ
2439 1245 2562 1304 οὔτε
2615 1252 2831 1326 τροφῶν
2888 1247 3298 1320 εὐπορήσουσιν,
3351 1243 3516 1300 ἀλλὰ
3563 1245 3660 1300 καὶ
3715 1246 3779 1305 ὡς

2117 1335 2248 1413 ἄγος
2309 1337 2740 1408 πελασθήσονται
2795 1336 2884 1391 καὶ
2939 1333 3128 1407 κύκλῳ
3190 1342 3291 1404 τῆς
3371 1334 3614 1395 πόλεως
3689 1333 3778 1404 ἔξω

2114 1448 2220 1483 που
2249 1426 2476 1497 αὖλισθή
2486 1447 2665 1482 σονται
2677 1469 2690 1483 .

2189 1539 2219 1567 α
2251 1514 2350 1568 Καὶ
2408 1513 2742 1586 λιμώξουσιν
2797 1511 2871 1574 ὡς
2922 1511 3088 1584 κύων,
3119 1514 3207 1567 καὶ
3262 1513 3630 1569 κυκλώσουσι
3686 1511 3774 1580 τήν

2116 1602 2304 1660 πόλιν.
2334 1627 2363 1654 ››
2394 1633 2463 1647 -
2505 1601 2601 1664 Εἷς
2646 1599 2995 1678 παράδειγμα
3040 1603 3131 1657 τὸν
3180 1602 3313 1658 κύνα
3358 1597 3662 1678 παρέλαῦε
3699 1597 3779 1654 διᾶ.

2115 1694 2179 1748 τὸ
2227 1690 2522 1765 λιμώττειν
2575 1692 2702 1768 ἄγαν
2752 1696 2911 1746 τοῦτο
2971 1691 3032 1745 τὸ
3080 1696 3214 1760 ζῶον
3245 1690 3334 1746 καὶ
3367 1689 3459 1745 διὰ
3493 1693 3605 1760 τήν
3638 1691 3778 1745 ἀναί-

2119 1779 2284 1838 δειαν.

2189 1896 2218 1924 (ι
2251 1869 2391 1928 Ἰδοὺ
2421 1869 2574 1927 αὐτοὶ
2605 1869 3033 1950 ἀποφθέγξονται
3064 1870 3116 1926 ἐν
3141 1868 3222 1942 τῷ
3250 1870 3491 1944 στόματι
3524 1871 3732 1925 αὐτῶν.
3753 1895 3776 1918 ι

2119 1993 2187 2004 -
2241 1960 2313 2015 Τὸ
2364 1958 2536 2014 αἶ’τιον
2597 1958 2680 2014 ὅτι
2739 1958 2892 2015 αύτοὶ
2957 1959 3298 2034 ἐξενέγκωσιν
3353 1959 3638 2034 ἀπόφασιν
3698 1957 3778 2014 διά

2116 2053 2215 2104 τοῦ
2271 2049 2474 2104 οἰκείου
2524 2048 2792 2122 στόματος
2839 2049 2975 2104 κατὰ
3032 2053 3132 2104 τοῦ
3195 2053 3432 2125 Χριστοῦ
3504 2047 3772 2124 λέγοντες,

2119 2140 2520 2213 Σταυρωθήτω.

2197 2250 2225 2283 ι
2254 2227 2353 2282 Καὶ
2385 2227 2627 2306 ῥομφαία
2682 2229 2734 2284 ἐν
2792 2234 2912 2292 τοῖς
2939 2227 3178 2305 χείλεσιν
3210 2228 3411 2286 αὐτῶν.
3449 2253 3478 2279 ››
3510 2260 3590 2275 —-
3620 2230 3773 2300 Ῥομ-

2120 2317 2276 2394 φαίαν
2331 2317 2491 2373 καλεῖ
2538 2319 2637 2386 τὴν
2682 2319 3048 2395 θανατηφόρον
3107 2318 3368 2395 ἀπόφασιν
3434 2320 3504 2387 ἣν
3569 2319 3774 2392 ἐξήνε-το

2120 2425 2235 2478 κον,
2267 2406 2342 2469 ὡς
2376 2403 2609 2478 μηδενὸς
2641 2406 2930 2470 ἀκούοντος
2961 2408 2995 2476 ἢ
3028 2407 3352 2485 ἐφορῶντος.

2193 2515 2373 2567 ‹‹⁹Ὀτι
2429 2511 2512 2574 τίς
2568 2511 2851 2583 ἤκουσεν;
2917 2537 2945 2565 ››
3003 2546 3072 2556 —
3130 2517 3246 2568 ’Ότι
3306 2510 3488 2574 οὐδεὶς
3550 2511 3773 2582 ἤκουσεν

2123 2600 2398 2675 ἐνόμισαν.

2193 2715 2223 2742 ‹‹
2256 2690 2355 2744 Καὶ
2403 2689 2488 2760 σὺ,
2547 2689 2730 2766 Κύριε,
2788 2689 3054 2766 ἐκγελάσῃ
3121 2689 3336 2762 αὐτοὺς,
3403 2689 3770 2760 ἐξουδενώσεις

2120 2776 2294 2834 πάντα
2347 2778 2415 2834 τὰ
2470 2778 2618 2850 ἔθνη.
2655 2803 2677 2833 ι
2713 2814 2780 2824 -
2827 2782 2992 2850 Ἕθνη
3051 2779 3213 2858 φησὶν
3262 2779 3490 2835 ἐνταῦθα
3541 2779 3610 2834 τὰ
3662 2785 3769 2840 107.;

2119 2868 2289 2930 θείοις
2343 2867 2536 2942 νόμοις
2590 2868 3008 2943 ἀντιναττόμενο.
3051 2868 3142 2923 καὶ
3207 2870 3275 2924 τὰ
3329 2874 3443 2924 τῶν
3506 2866 3756 2941 δαιμόνων

2121 2959 2284 3028 συστή
2298 2978 2456 3030 ματα.

2199 3071 2219 3098 ι
2255 3047 2330 3102 Τὸ
2358 3048 2555 3122 κράτος
2590 3068 2694 3121 μου
2724 3049 2859 3124 πρὸς
2917 3048 2975 3102 σέ
3005 3045 3243 3125 φυλάξω·
3278 3045 3366 3101 ὅτι
3427 3046 3562 3118 σῦ,ὁ
3607 3044 3743 3114 Θεὸς,

2121 3133 2472 3211 ἀντιλήπτωρ
2534 3157 2637 3209 μου
2698 3136 2760 3193 εἶ.
2797 3161 2826 3188 ››
2858 3169 2927 3178 —-
2980 3137 3087 3205 Τὴν
3151 3133 3432 3210 βασιλείαν
3491 3135 3631 3209 παρὸ.
3680 3130 3756 3186 σοὶ

2121 3224 2261 3281 ἐάσω
2291 3223 2429 3280 ὥστε
2458 3223 2722 3299 λήψεσθαι
2751 3225 2950 3296 ταύτην
2985 3225 3043 3280 ἐκ
3072 3229 3188 3282 σοῦ.

2196 3319 2306 3368 «'0
2364 3313 2493 3376 Θεός
2553 3336 2678 3388 μου,
2722 3314 2786 3370 τὸ
2837 3312 2990 3376 ἔλεος
3052 3313 3214 3368 αὐτοῦ
3271 3315 3579 3392 προφθάσει
3631 3333 3771 3386 με.»

2121 3435 2191 3446 -
2221 3398 2480 3478 Προλάὗῃ
2506 3404 2604 3472 τὴν
2641 3403 2778 3477 ἐμὴν
2815 3400 3046 3473 αἶ’τησιψ
3100 3402 3242 3458 οὕτω
3286 3404 3464 3478 ταχύς
3503 3402 3650 3458 ἐστιν
3707 3402 3778 3462 εἷς

2127 3492 2404 3568 βοήθειαν.

2196 3605 2225 3632 ‹‹
2257 3581 2314 3633 Ὀ
2344 3579 2473 3635 Θεός
2508 3601 2611 3654 μου
2643 3577 2799 3654 δείξει
2832 3601 2924 3654 μοι
2957 3579 3008 3635 ἐν
3048 3585 3164 3643 τοῖς
3210 3579 3435 3656 ἐχθροῖς
3490 3602 3624 3654 μου.
3658 3605 3686 3634 ιι
3718 3611 3784 3621 —-

2127 3668 2310 3724 Λείπει
2339 3669 2402 3724 τὸ
2433 3667 2531 3723 ὅσα
2565 3669 2862 3745 βούλομαι.

2201 3759 2350 3827 «Μή
2410 3759 2734 3828 ἀποκτείνης
2792 3757 3008 3820 αὐτούς·
3081 3761 3155 3832 μή
3217 3780 3349 3814 ποτε
3414 3758 3784 3814 ἐπιλάθωνται

2125 3851 2223 3904 τοῦ
2285 3845 2461 3920 νόμου
2531 3867 2647 3903 σου.
2683 3871 2712 3899 n
2742 3880 2812 3891 —-
2857 3849 2913 3902 Ὁ
2960 3847 3184 3911 θάνατος
3225 3848 3330 3924 γὰρ
3386 3847 3615 3923 ἀφαιρεῖ
3690 3851 3785 3917 τὴν

2133 3938 2381 4010 μνήμην.

2205 4021 2653 4101 ιΔιασκύρπισον
2737 4025 2930 4088 αὐτοὺς
2990 4025 3042 4082 ἐν
3097 4031 3166 4101 τῇ
3255 4024 3479 4100 δυνάμει
3539 4049 3645 4082 σου
3702 4029 3789 4083 καὶ

2129 4115 2394 4191 κατάγαγε
2437 4114 2632 4177 αὐτοὺς
2665 4115 2694 4168 6
2728 4115 3127 4190 ὑπερασπιστής
3179 4138 3306 4189 μου,
3337 4116 3522 4190 Κύριε.
3561 4141 3591 4169 ››
3625 4151 3696 4160 —-
3725 4119 3790 4172 T6

2129 4205 2401 4280 κατάγαγε
2432 4200 2600 4274 δηλοῖ
2626 4204 2687 4258 τὸ
2714 4205 3068 4263 ταπείνωσον.

2203 4317 2232 4344 ‹‹
2262 4291 2560 4369 ’Δμαρτίαν
2615 4291 2882 4366 στόματος
2933 4293 3130 4364 αὐτῶν,
3191 4291 3355 4370 λόγον
3405 4292 3655 4368 χειλέων
3705 4294 3794 4349 αὖε

2129 4386 2262 4439 τῶν.
2333 4406 2363 4433 ››
2427 4382 2490 4436 Ἡ
2565 4382 2804 4458 ἁμαρτία
2874 4389 2974 4452 τῆς
3044 4383 3458 4458 χριστοκτονίας
3527 4381 3625 4438 διὰ
3700 4388 3790 4440 τοῦ

2131 4470 2398 4544 στόματος
2455 4469 2628 4525 αὐτῶν
2691 4469 2966 4542 ἐτελέσθη,
3015 4471 3111 4528 κᾶν
3157 4471 3258 4527 ούκ
3302 4471 3632 4549 αὐτόχειρες
3683 4475 3792 4548 ἐγέ-

2130 4580 2280 4616 νοντο
2338 4559 2425 4615 ἐπὶ
2473 4560 2552 4632 τῷ
2601 4561 2812 4634 θανάτῳ
2854 4565 2950 4616 τοῦ
2982 4561 3200 4637 Κυρίου·
3235 4561 3264 4616 ὁ
3296 4560 3463 4637 λόγος
3508 4563 3569 4617 ’ὸν
3622 4563 3790 4630 εἶπον,

442 4699 470 4727 ‹‹
503 4671 638 4730 Οὔτε
697 4676 732 4744 ἡ
783 4672 983 4747 ἀνομία
1039 4693 1163 4744 μου,
1217 4668 1340 4726 οὔτε
1385 4673 1421 4740 ἡ
1476 4668 1711 4745 ἁμαρτία
1762 4689 1888 4742 μου,
1921 4667 2029 4723 Κύ-
2059 4662 2106 4728 D
2135 4651 2328 4724 Ἀρον.
2368 4648 2519 4725 ἆρον,
2567 4647 2874 4747 σταύρωσον
2920 4650 3100 4722 αὐτὸν,
3135 4649 3296 4713 αὐτὸς
3345 4651 3414 4720 ἦν
3460 4653 3496 4720 ἦ
3548 4652 3794 4725 ἁμαρτία

376 4785 536 4841 ριε.»
567 4795 639 4805 —
695 4760 883 4817 Λείπει
941 4761 1003 4815 τὸ
1054 4759 1218 4815 αἰτία·
1276 4757 1399 4814 οὔτε
1444 4759 1545 4835 γὰρ
1599 4757 1876 4830 ἠνόμησα,
1908 4754 2031 4811 οὔτε

377 4852 673 4928 ἡμάρτηκα
757 4849 833 4912 εἷς
913 4848 1125 4911 αὐτούς·
1208 4845 1353 4903 ἀλλά
1436 4845 1614 4922 χωρὶς
1690 4845 2029 4918 πταίσματος

381 4938 844 5012 ἐπολιτευσάμην,
900 4939 991 4994 καὶ
1049 4935 1137 4992 διὰ
1191 4942 1354 4992 τοῦτο
1417 4935 1628 5010 μεγάλα
1674 4935 2028 5009 κατώρθωσα.

373 5035 549 5086 Ταῦτα
608 5026 654 5082 δ’
709 5029 768 5082 ἄν
825 5027 1049 5103 ἁρμόζει
1103 5025 1313 5100 μᾶλλον
1364 5029 1444 5096 τῷ
1499 5025 1865 5100 ἀναμαρτήτῳ
1895 5025 2028 5097 Χρι-

382 5122 513 5190 στῷ,
547 5113 746 5178 ἀδίκως
783 5111 1258 5189 ἐπιϐουλευομένῳ
1287 5113 1434 5189 παρὰ
1461 5117 1565 5168 τῶν
1601 5109 1896 5168 Ἰουδαίων.

449 5228 477 5257 ‹‹
512 5205 851 5280 Ἐξεγέρθητι
914 5204 991 5266 εἷς
1049 5203 1364 5274 συνάντησίν
1429 5223 1534 5275 μου
1589 5201 1679 5256 καὶ
1739 5198 1839 5256 ἴδε.
1899 5224 1928 5254 »
1963 5231 2033 5243 —

375 5294 643 5363 Κινὴθητι
700 5294 838 5368 πρὸς
899 5294 962 5347 τὸ
1034 5291 1354 5363 συναντῆσαί
1421 5313 1516 5364 μοι
1594 5289 1870 5368 φεύγοντι,
1940 5289 2031 5345 καὶ

376 5380 674 5460 ἐπιῤῥῶσαί
709 5402 795 5454 με,
822 5381 911 5435 καὶ
945 5379 1024 5436 ἴδε
1053 5385 1142 5437 οἷα
1170 5381 1389 5457 πάσχω.

451 5497 480 5524 ‹‹
515 5469 612 5526 Καὶ
646 5468 730 5538 σὺ,
766 5470 924 5545 Κύριε
955 5471 982 5524 6
1014 5471 1141 5533 Θεὸς
1188 5475 1296 5526 τῶν
1356 5468 1658 5542 δυνάμεων,
1690 5469 1718 5522 ὁ
1749 5468 1879 5531 Θεὸς
1935 5472 2032 5523 τοῦ

381 5559 624 5639 Ἰσραήλ.
660 5583 687 5612 >›
723 5591 792 5601 —
824 5560 878 5612 Ὀ
931 5564 1038 5615 τῶν
1097 5559 1340 5636 ἀγγέλων
1401 5560 1531 5620 Θεὸς
1588 5556 1623 5626 ἤ
1658 5559 1686 5612 ὁ
1718 5555 1963 5631 δυνατὸς,
1995 5555 2031 5627 ἤ

390 5647 670 5723 δυνάμεως
701 5646 974 5723 χορηγός.

455 5763 486 5797 ις
539 5735 822 5822 Πρόσσχες
878 5740 973 5794 τοῦ
1034 5734 1414 5814 ἐπισκέψασθαι
1470 5735 1644 5793 πάττα
1697 5735 1766 5794 τὰ
1822 5734 1970 5810 ἔθνη.
2002 5762 2032 5790 ››

2139 4746 2239 4809 τῆς
2269 4737 2707 4814 χριστοκτονίας,
2736 4737 2897 4801 αὐτὸς
2929 4738 3105 4794 ἀνεῖλε
3133 4740 3223 4794 τὸν
3257 4739 3479 4813 Κύριον.

2211 4847 2371 4901 «Καὶ
2416 4844 2883 4923 συλληφθήτωσαν
2934 4845 2986 4900 ἐν
3035 4850 3102 4920 τῇ
3153 4846 3494 4922 ὑπερηφανίᾳ
3534 4847 3736 4905 αὐτῶν,
3769 4872 3796 4899 ιι

2137 4935 2485 5012 -Ἐπείπερ
2554 4934 3010 5008 ἀλαζονευόμενοι
3070 4937 3205 4990 κατὰ
3275 4941 3512 5012 Χριστοῦ
3577 4936 3794 5011 ἔλεγον,

2141 5051 2170 5078 ((
2202 5025 2313 5080 Οὐκ
2355 5021 2554 5100 ἔχομεν
2613 5022 2837 5098 βασιλέα
2881 5021 3062 5100 ἕτερον
3105 5024 3149 5080 εἷ
3204 5027 3283 5097 μὴ
3340 5026 3506 5097 μόνον
3539 5027 3634 5081 τὸν
3668 5027 3798 5081 Καί-

2141 5134 2306 5190 σαρας
2370 5139 2397 5165 ››
2464 5111 2927 5190 παραδοθήτωσαν
2996 5115 3067 5184 τῇ
3127 5118 3226 5168 τοῦ
3293 5114 3563 5191 Καίσαρος
3645 5117 3797 5192 βασι-

2143 5201 2284 5274 λείᾳ.

2217 5316 2246 5345 ι(
2276 5291 2374 5347 Καὶ
2425 5291 2476 5363 ἐξ
2531 5291 2664 5367 ἀρᾶς
2709 5291 2799 5346 καὶ
2848 5289 3080 5365 ψεύδους
3146 5289 3613 5368 διαγγελήσονται
3674 5316 3792 5348 συν-

2139 5380 2367 5438 τέλειαι.
2397 5403 2423 5436 ι
2459 5413 2529 5423 -
2583 5380 2679 5435 Καὶ
2713 5380 2773 5434 ἐκ
2799 5389 2897 5450 τῆς
2954 5377 3161 5457 ὕϐρεως
3188 5383 3277 5436 καὶ
3305 5390 3408 5453 τῆς
3441 5383 3796 5461 συκοφαντίας

2141 5468 2266 5540 ἤτοι
2315 5468 2405 5524 διὰ
2458 5471 2556 5538 τήν
2613 5470 2748 5524 κατὰ
2804 5471 3034 5546 Χριστὸν
3091 5466 3246 5546 ὕϐριν
3291 5473 3382 5527 καὶ
3436 5471 3789 5548 συκοφαντίαν

2145 5558 2366 5636 διάγγελ
2377 5579 2450 5632 μα
2474 5560 2563 5613 καὶ
2584 5556 2857 5633 περιλάλη
2868 5581 2942 5632 μα
2957 5562 3270 5635 γενήσονται
3293 5560 3382 5616 ἐπὶ
3403 5565 3473 5635 τῇ
3499 5561 3789 5631 συντελείᾳ,

2141 5649 2384 5706 τουτέστι
2417 5649 2783 5723 καταστροφή.

2219 5763 2248 5794 ιι
2280 5741 2365 5798 Ἐν
2420 5737 2559 5816 ὀργῇ
2594 5733 2898 5801 συντελείας
2944 5739 3033 5794 καὶ
3082 5737 3143 5794 οὗ
3195 5739 3272 5815 μή
3309 5738 3635 5818 ὑπάρξωσιν.
3665 5763 3694 5794 υ
3723 5769 3788 5784 -ιο
