3998 6432
144 471 295 542 “BI

1362 462 1773 540 EXPOSITIO
1818 475 1895 538 IN
1939 475 2324 539 PSALMOS.

3383 479 3538 539 1482

138 609 251 665 Ὀὔκ
302 602 415 666 ἐπί
446 606 636 673 ἅπλῶς
692 607 988 682 συντελείᾳ,
1048 607 1174 665 ἀλλ’
1230 608 1319 664 ἐπὶ
1386 613 1544 681 θυμῷ
1601 629 1782 662 συντεο
1814 624 1867 689 Α
1895 628 1978 662 νοι
2007 608 2142 677 ἦσαν
2189 610 2242 662 οἱ
2287 602 2622 686 φοϐούμενοί
2670 629 2727 662 σε
2772 608 2862 662 καὶ
2909 607 3009 662 οὐκ
3050 607 3397 684 ἀνῃρέθησαν
3449 605 3540 662 διὰ

145 697 310 772 λείας,
369 697 459 754 καί
516 699 707 754 λοιπὸν
772 698 871 754 οὐκ
925 695 1002 754 ἔτι
1033 697 1197 753 πάλιν
1256 697 1336 760 εἰς
1381 694 1659 752 πολιτείαν
1694 717 1787 749 συ-

142 790 431 859 στήσονται
475 806 491 820 ⁸
566 786 875 844 συντέλειαν
945 786 1049 864 γὰρ
1124 786 1187 841 οὐ
1253 788 1353 856 τήν
1411 784 1784 862 πανωλεθρίαν

144 874 355 955 ἔφησεν,
413 875 559 935 ἀλλᾶ
609 878 710 947 τὴν
771 884 874 947 τῆς
931 875 1210 937 πολιτείας
1265 876 1665 952 καταστροφὴν,
1722 874 1785 942 ἢν

143 965 248 1042 οὐχ
301 964 492 1029 ἁπλῶς
546 967 733 1022 παθεῖν
795 964 927 1029 τοὺς
986 963 1430 1041 γριστοκτόνους,
1491 962 1636 1018 ἀλλά
1692 961 1784 1016 σὺν

145 1054 401 1132 ἐπαγωγῇ
450 1059 737 1131 ,τιμωριῶν
781 1052 1154 1132 προαγγέλλει
1223 1052 1451 1109 πολλῶν
1505 1051 1597 1106 καὶ
1653 1071 1783 1129 σφο-

147 1141 311 1220 δρῶν.

212 1232 370 1289 «καὶ
423 1233 724 1309 γνώσονται
779 1231 862 1288 ὅτι
918 1233 1050 1295 Θεὸς
1103 1230 1350 1301 δεσπόζει
1409 1235 1509 1286 τοῦ
1565 1223 1781 1301 Ἰακὼϐ,

138 1320 363 1377 καὶτῶν
393 1320 639 1398 περάτων
693 1328 794 1392 τῆς
848 1328 976 1397 γῆς.
1032 1342 1060 1375 ι
1116 1354 1186 1363 -
1230 1321 1360 1377 Θεὸν
1414 1318 1638 1382 ἐνταῦθα
1689 1317 1781 1373 τὸν

144 1408 372 1486 Χριστόν
405 1431 588 1489 φησιν.
917 1412 920 1416 λ
1644 1404 1647 1405 ν

214 1521 244 1551 ιι
274 1496 436 1555 Αὐτοὶ
509 1496 1085 1577 διασκορπισθήσονται
1140 1503 1238 1555 τοῦ
1288 1502 1472 1576 φαγεῖν
1506 1515 1520 1529 ·
1581 1496 1668 1551 ἐὰν
1726 1492 1784 1549 δὲ

143 1587 224 1660 μὴ
282 1588 622 1664 χορταοθῶσι
677 1589 767 1643 καὶ
822 1587 1187 1665 γογγύσωσιν.
1248 1612 1278 1641 »
1326 1621 1395 1631 -—
1450 1593 1781 1661 Λιασκορπι-

142 1676 426 1747 σθήσονται
481 1681 897 1752 προσαιτοῦντες
931 1723 946 1749 ,
1012 1674 1168 1733 ἕνεκα
1220 1680 1317 1732 τοῦ
1374 1680 1555 1755 φαγεῖν
1594 1693 1607 1706 ·
1665 1672 1780 1728 ἐπεὶ

142 1761 206 1820 δὲ
261 1763 324 1820 οὗ
378 1767 864 1843 χορτασθήσονται,
922 1765 985 1821 ού
1041 1768 1430 1839 μετανοήσουσι
1485 1764 1621 1840 πρὸς
1676 1760 1780 1817 Κύ-

135 1873 278 1930 ριον,
310 1852 456 1928 ἀλλᾶ
481 1853 836 1931 γογγύσουσιν
877 1854 954 1917 ὡς
1004 1855 1056 1909 οἱ
1105 1853 1365 1931 πρόγονοι
1405 1852 1633 1908 τούτων.
1682 1856 1782 1906 Πε-

134 1943 318 2019 ριττὸς
350 1939 408 1999 δέ
436 1943 704 1999 κάνταῦθα
732 1942 761 1998 6
789 1942 880 1998 καὶ
912 1940 1231 2017 σύνδεσμος.

730 2071 1029 2123 ΨΔΛΜΟΣ
1069 2073 1187 2124 ΝΘ¹.

210 2155 366 2219 «Εἷς
418 2155 483 2211 τὸ
537 2152 721 2226 τέλος,
769 2161 888 2218 τοῖς
947 2152 1509 2229 ἀλλοιωθησομένοις,
1565 2149 1644 2207 ἔτι
1701 2150 1778 2214 εἰς

130 2243 532 2323 στηλογραγίαν
588 2248 669 2317 τῷ
710 2241 873 2300 Δαυῒδ
932 2243 1009 2307 εἰς
1065 2241 1318 2320 διδαχὴν,
1377 2242 1541 2298 ὁπότε
1590 2241 1777 2296 ἐνεπύ-

132 2355 255 2412 ρισε
279 2335 379 2404 τὴν
408 2332 823 2407 Μεσοποταμίαν
869 2332 1089 2409 Συρίας,
1134 2333 1225 2388 καὶ
1271 2333 1372 2402 τὴν
1425 2330 1620 2407 Συρίαν
1656 2337 1776 2384 Σω-

130 2419 266 2496 ϐάλ,
309 2421 400 2478 καὶ
444 2420 760 2499 ἐπέστρεψεν
809 2415 991 2491 Ἰωὰϐ,
1037 2421 1127 2476 καὶ
1176 2419 1400 2491 ἐπάταξε
1442 2420 1536 2475 τὸν
1595 2416 1780 2492 Ἐδὼμ

131 2511 193 2568 ἐν
221 2515 289 2587 τῇ
320 2510 554 2591 φάραγγι
580 2515 688 2566 τῶν
739 2509 887 2568 Ἀλῶ
933 2507 1143 2565 δώδεκα
1190 2507 1470 2587 χιλιάδας.
1518 2539 1587 2550 -
1627 2509 1776 2562 Ἔστι

130 2599 201 2658 δὲ
250 2599 355 2675 εἶ¹ς⁴
385 2598 789 2678 στηλογραφίαν
845 2603 926 2671 τῷ
978 2596 1141 2655 Δαυῒδ
1193 2599 1271 2662 εἰς
1315 2596 1565 2674 διδαχὴν,
1615 2595 1779 2651 ὁπότε

131 2689 415 2767 ἐνεπύρισε
458 2689 559 2760 τήν
608 2684 1029 2763 Μεσοποταμίαν
1092 2688 1313 2765 Συρίας,
1371 2687 1462 2742 καὶ
1515 2687 1616 2756 τὴν
1671 2692 1777 2739 Συ-

133 2779 254 2855 ρίαν
304 2772 528 2847 Σωϐἂλ,
585 2777 676 2832 καὶ
733 2776 1052 2852 ἐπέστρεψεν
1108 2775 1162 2831 ἐν
1205 2770 1366 2832 Ἰωὰϐ
1403 2776 1494 2830 καὶ
1523 2771 1775 2844 ἐπάταξεν

131 2867 189 2923 ἐν
237 2868 304 2942 τῇ
360 2865 600 2944 φάραγγι
652 2869 761 2920 τῶν
810 2863 989 2920 ’Δλῶν
1041 2861 1250 2920 δώδεκα
1297 2860 1573 2940 χιλιάδας.
1604 2861 1778 2923 Τόπος

129 2955 275 3011 ἐστὶν
371 2953 574 3032 φάραγξ
599 2956 710 3009 τῶν
763 2952 961 3025 ’Δλῶν,
1012 2950 1081 3008 δι’
1126 2955 1193 3023 ἧς
1219 2951 1346 3015 τοὺς
1393 2954 1774 3011 κατοικοῦντας

129 3043 430 3116 ἐδήλωσεν.
490 3040 1074 3116 ’Δλλοιωθησομένους
1147 3039 1206 3097 δὲ
1279 3042 1427 3117 Λέγει
1486 3038 1612 3101 τοὺς
1669 3039 1776 3094 ἀπὸ

130 3137 236 3203 τῆς
288 3137 395 3189 τῶν
452 3131 1015 3208 αἰχμαλωτευσάντων
1096 3127 1343 3191 δουλείας
1414 3129 1491 3192 εἰς
1563 3128 1774 3192 ἐλευθε-

135 3220 255 3299 ρίαν
311 3221 563 3283 ἐλθόντας
623 3217 937 3290 Ἰουδαίους,
999 3218 1211 3294 μᾶλλον
1271 3216 1331 3274 δὲ
1381 3216 1510 3281 τοὺς
1559 3216 1619 3272 ἐκ
1671 3223 1773 3287 τῆς

135 3309 454 3385 δαιμονικῆς
500 3305 813 3387 τυραννίδος
871 3307 1321 3386 ἐλευθερωθέντας
1387 3304 1477 3362 διὰ
1526 3310 1624 3361 τοῦ
1676 3306 1772 3382 βα-

132 3398 453 3474 πτίσματος,
512 3393 743 3474 διδαχὴν
799 3394 858 3453 δὲ
914 3398 1063 3474 λέγει
1122 3395 1428 3474 εὐεργεσίας
1483 3396 1520 3466 ἢ
1569 3394 1774 3468 ὑπομο-

131 3509 258 3560 νης.

205 3591 235 3630 α
266 3576 396 3640 Θεὸς
429 3620 444 3648 ,
493 3576 698 3631 ἀπώσω
740 3574 889 3649 ἡμὰς
934 3575 1025 3632 καὶ
1080 3574 1327 3640 καθεῖλες
1384 3576 1571 3647 ἡμᾶς,
1630 3571 1778 3648 ἀργί-

128 3668 287 3738 σθης,
333 3665 426 3722 καὶ
474 3665 814 3743 οἰκτείρησας
863 3667 1035 3739 ἡμᾶς.
1088 3688 1117 3717 ››
1147 3697 1217 3707 -—
1265 3664 1496 3736 Σεισμὸν
1543 3662 1633 3717 καὶ
1680 3682 1775 3716 τα-

132 3756 312 3831 ραχὴν
361 3755 649 3831 ἱστορικῶς
703 3754 799 3826 μὲν
847 3754 950 3824 τῆς
993 3759 1098 3831 γῆς
1127 3757 1233 3808 τῶν
1283 3750 1554 3808 Ἰουδαίων
1587 3750 1776 3830 φησὶν,

130 3839 251 3914 ήως
293 3845 392 3914 τὴν
436 3844 813 3922 καςαστροφὴν
859 3847 968 3898 τῶν
1010 3841 1062 3898 ἐν
1111 3842 1247 3916 αὐτῇ
1298 3837 1480 3913 πόλει,
1528 3840 1619 3896 καὶ
1672 3841 1773 3909 τὴν

132 3930 425 4004 λεηλασίαν
482 3933 572 3988 καὶ
626 3934 727 4003 τὴν
788 3931 1052 4009 σύγχυσιν
1108 3934 1217 3987 τῶν
1276 3931 1599 4008 ἀνθρώπων,
1647 3929 1774 3984 ἀνα-

124 4025 388 4098 γωγικῶς
441 4018 499 4077 δὲ
551 4022 653 4091 τήν
707 4027 808 4091 τῆς
866 4018 1192 4094 οἰκουμένης
1254 4018 1533 4092 μετάθεσιν
1589 4017 1641 4088 ἐξ
1694 4017 1773 4072 εἰ·

128 4106 538 4187 δωλολατρείας
610 4108 688 4172 εἷς
763 4109 1085 4186 θεογνωσίαν
1138 4107 1228 4163 καὶ
1295 4108 1401 4164 ἀπὸ
1446 4111 1544 4162 τοῦ
1599 4106 1773 4180 νόμου

123 4198 266 4274 πρὸς
290 4199 356 4254 τὸ
409 4197 742 4275 Εύαγγέλιον
796 4197 889 4254 τόν
944 4218 1005 4253 τε
1055 4192 1284 4273 θόρυϐον
1333 4197 1393 4252 ’ὸν
1442 4191 1677 4273 ἔπασχον
1721 4197 1772 4250 οἱ

123 4285 408 4365 ἅνθρωποι
439 4287 500 4342 ἐκ
537 4293 638 4358 τῆς
684 4288 879 4364 φήμης
920 4290 1029 4341 τῶν
1078 4284 1654 4361 θαυματουργημάτων
1682 4285 1771 4340 καὶ

117 4381 237 4433 τῶν
291 4373 633 4454 διδαγμάτων
690 4379 787 4431 τοῦ
844 4379 1078 4453 Χριστοῦ
1132 4375 1249 4430 καθ’
1294 4375 1352 4430 ’ὸν
1399 4374 1555 4437 οὗτος
1584 4375 1770 4450 καιρὸν

116 4464 474 4522 ἐπολιτεύετο
506 4464 595 4521 ἐπὶ
624 4471 732 4541 γῆς
744 4508 756 4523 .

199 4558 432 4612 «νιασαι
484 4555 554 4610 τὰ
607 4553 984 4630 συντρίμματα
1045 4552 1214 4623 αὐτῆς
1271 4552 1355 4608 ὅτι
1410 4549 1693 4624 ἐσαλεύθη.
1742 4576 1772 4605 ››

108 4676 187 4689 -
223 4644 529 4720 Ἱστορικῶς
601 4643 694 4716 μὲν
766 4642 1146 4719 συντρίμματά
1223 4661 1357 4721 φησι
1411 4642 1510 4710 τὴν
1565 4646 1769 4697 πτῶσιν

104 4740 227 4804 τῆς
285 4731 645 4809 Ἰερουσαλὴμ
698 4733 790 4787 καὶ
838 4736 946 4787 τῶν
996 4731 1120 4808 περὶ
1180 4730 1346 4802 αὐτὴν
1388 4728 1603 4786 πόλεων
1650 4731 1773 4786 ἀνα-
1801 4727 1849 4792 D

101 4825 376 4898 γωγικῶς
424 4818 483 4877 δὶ
526 4821 623 4884 τὰς
653 4820 894 4897 ψυχικὰς
935 4821 1267 4884 ἀντιστάσεις
1316 4826 1423 4876 τῶν
1473 4820 1770 4896 ἀνθρώπων

100 4909 329 4987 Κυρίῳ,
354 4910 444 4966 καὶ
468 4908 632 4966 σάλον
658 4910 759 4980 τὴν
782 4910 1134 4986 παρατροπήν
1165 4913 1264 4965 τοῦ
1296 4906 1539 4973 δέοντος.

189 5020 226 5053 α
257 4995 502 5070 Ἔδειξας
558 5002 638 5071 τῷ
690 4998 811 5071 λαῴ
858 5019 954 5053 σου
1009 4996 1239 5075 σκληρά.
1287 5021 1316 5051 ››
1372 5031 1441 5041 -
1492 5003 1615 5061 Τοῖς
1678 4999 1770 5081 μὲν

106 5085 411 5150 Ἰουδαίοις
482 5088 551 5144 τὰ
621 5094 722 5158 τῆς
777 5086 1161 5163 αἰχμαλωσίας
1212 5086 1439 5142 ἐπίπονα
1469 5130 1487 5158 ,
1544 5093 1658 5150 τοῖς
1716 5084 1774 5141 δὲ

102 5174 439 5233 πιστεύσασι
492 5177 592 5245 τήν
638 5182 741 5247 τῆς
788 5176 982 5251 ἀρετῆς
1032 5176 1216 5245 στενὴν
1266 5176 1357 5230 καὶ
1401 5174 1771 5250 τεθλιμμένην

103 5264 275 5322 ὁδόν.

193 5379 225 5408 ι(
256 5353 542 5418 Ἐπότισας
598 5356 748 5428 ἡμᾶς
806 5354 950 5409 οἶνον
1008 5353 1362 5424 κατανύξεως.
1413 5375 1439 5407 ι
1493 5386 1562 5396 -—
1618 5355 1776 5418 Οἶνος

98 5443 458 5515 κατανύξεως
516 5444 571 5499 αἱ
629 5443 842 5518 θλίψεις
897 5443 953 5497 αἱ
1010 5441 1266 5520 φέρουσαι
1317 5446 1426 5498 τῶν
1481 5464 1775 5519 προεπται-

99 5534 339 5605 σμένων
402 5530 708 5607 μετάμελον
743 5579 756 5606 ,
816 5531 906 5588 καὶ
977 5532 1042 5587 τὸ
1115 5529 1464 5608 εὐαγγελικὸν
1522 5535 1777 5610 κήρυγμα

99 5621 410 5701 εὐφραῖνον
442 5623 584 5696 ὁμοῦ
611 5623 701 5678 καὶ
730 5622 866 5697 πρὸς
900 5620 1180 5695 μετάνοιαν
1214 5621 1366 5695 ἄγον.

193 5730 227 5764 ιι
257 5707 505 5774 Ἐδωκας
531 5716 651 5774 τοῖς
699 5704 1061 5789 φοϐουμένοις
1110 5728 1167 5763 σε
1197 5709 1494 5783 σημείωσιν
1536 5714 1633 5767 τοῦ
1676 5733 1775 5790 φυ-

88 5804 235 5884 γεῖν
262 5799 370 5857 ἀπὸ
415 5800 714 5878 προσώπου
757 5797 938 5872 τόξου.
974 5823 1003 5850 υ

418 5929 684 5993 Ριτιιοι..
732 5929 843 5992 Gn.
893 5926 1120 5991 CXLII.

1036 5830 1105 5841 —-
1152 5798 1329 5855 Οίονεὶ
1382 5798 1778 5878 ἐνσεσημασμέ-

1893 701 1990 751 τοῦ
2019 697 2177 766 τόξου
2237 694 2292 751 δὲ
2345 704 2448 752 πᾶν
2509 694 2810 769 πολεμικὸν
2867 696 3020 766 τόξον
3081 694 3381 767 δεδήλωκε.
3426 704 3540 767 Ση-

1900 785 2122 858 μείωσις
2156 783 2213 840 δὲ
2242 785 2423 847 αὐτοῖς
2453 786 2512 840 ἃν
2564 786 2788 864 σφραγὶς
2835 790 2932 840 τοῦ
2976 785 3134 861 ἁγίου
3169 786 3541 862 βαπτίσματος

1893 873 1982 928 καὶ
2017 875 2044 929 6
2093 873 2263 937 τύπος
2310 880 2408 930 τοῦ
2459 875 2745 952 ζωηφόρου
2789 879 3038 951 σταυροῦ.
3093 872 3161 930 δι’
3211 877 3284 929 ὧν
3338 874 3534 954 φεύγο-

1899 984 1991 1036 μεν
2026 962 2086 1018 ἐκ
2112 969 2210 1018 τοῦ
2237 970 2342 1019 τῶν
2379 961 2651 1038 δαιμόνων
2683 963 2939 1020 ποικίλου
2966 963 3145 1035 τόξου.

1906 1106 1911 1112 ,
1972 1073 1993 1101 ι
2026 1056 2210 1115 Ὅπως
2259 1053 2318 1107 ἃν
2372 1052 2633 1129 ῥυσθῶσιν
2684 1054 2736 1108 οἱ
2783 1052 3053 1129 ἀγαπητοί
3102 1074 3218 1111 σου.
3253 1076 3283 1105 ››
3312 1086 3382 1096 -
3419 1055 3534 1124 Τὴν

1892 1140 2065 1196 αἰτίαν
2100 1139 2245 1217 λέγει
2272 1142 2438 1196 πάλιν
2464 1148 2565 1211 τῆς
2596 1142 2970 1216 σημειώσεως.

1967 1252 1996 1281 ‹‹
2027 1233 2210 1284 Σῶσον
2267 1234 2335 1305 τῇ
2395 1228 2540 1301 δεξιᾷ
2596 1236 2712 1304 σου,
2762 1232 2851 1286 καὶ
2900 1230 3194 1287 ἐπάκουσόν
3245 1253 3372 1305 μου.
3405 1256 3434 1284 ››
3465 1266 3535 1275 -

1890 1318 2072 1388 Δεξιάν
2108 1317 2255 1393 λέγει
2287 1323 2377 1374 νῦν
2408 1321 2506 1389 τὴν
2541 1316 2788 1394 δύναμιν.

1963 1431 1993 1459 ‹‹
2022 1412 2076 1461 ‘0
2104 1408 2229 1469 Θεὸς
2253 1404 2516 1478 ἐλάλησεν
2570 1407 2621 1462 ἐν
2668 1412 2749 1481 τῷ
2791 1408 2932 1485 ἀγίῳ
2976 1408 3161 1467 αὑτοῦ.
3193 1433 3222 1463 ››
3253 1443 3322 1453 —
3362 1413 3531 1466 Τοῦτο

1888 1497 2166 1573 προσώπῳ
2225 1496 2409 1569 οἰκείῳ
2466 1498 2626 1573 φησὶν
2686 1499 2713 1552 6
2771 1496 2955 1567 Δαυίδ,
3005 1498 3202 1573 λέγων,
3252 1524 3280 1552 ‹‹
3308 1501 3364 1553 Ὁ
3404 1500 3533 1563 Θεὸς

1890 1583 2127 1655 ἐλάλησε
2173 1582 2262 1641 διᾶ
2309 1591 2407 1641 τοῦ
2455 1586 2611 1661 ἁγίου
2657 1587 2820 1642 αὑτοῦ
2856 1587 3190 1661 Πνεύματος,
3235 1613 3262 1640 υ
3290 1585 3532 1660 δηλαδὴ,

1892 1673 2327 1750 Ἀγαλλιάσομαι
2355 1676 2426 1746 τῇ
2454 1674 2729 1751 εὐαρεστίᾳ
2774 1680 2871 1731 τοῦ
2904 1676 3038 1749 ἐμοῦ
3068 1668 3240 1746 λαοῦ,
3272 1677 3363 1732 καὶ
3391 1675 3533 1748 κλη-

1893 1759 2176 1839 ροδοτήσω
2231 1763 2413 1826 αὐτοῖς
2487 1765 2584 1832 τήν
2643 1764 2804 1821 πόλιν
2856 1768 2953 1835 τῆς
3010 1764 3189 1844 φυλῆς
3247 1763 3530 1845 Ἐφραίμ⁹

1887 1853 1986 1921 τήν
2043 1850 2384 1924 καλουμένην
2445 1851 2648 1925 Σίκιμα
2696 1852 2786 1907 καὶ
2841 1852 2903 1907 τὸ
2959 1853 3065 1928 πρὸ
3119 1858 3227 1908 τῶν
3282 1852 3527 1928 Σικίμων

1887 1938 2133 2014 κείμενον
2187 1939 2419 2017 χωρίον,
2476 1941 2505 1995 ὃ
2562 1945 2784 2011 Σκηνῶν
2838 1942 3082 1998 καλεῖται
3137 1941 3328 2006 κοιλάς
3361 1986 3372 1997 .
3433 1945 3533 1999 Διά

1885 2027 2091 2086 τούτων
2124 2027 2180 2085 δὲ
2209 2029 2490 2104 σύμπασαν
2516 2032 2614 2100 τήν
2649 2027 2907 2087 Ἰουδαίαν
2947 2028 3243 2102 ἐδήλωσεν.

1959 2160 1987 2188 ‹‹
2015 2127 2184 2209 Ἔμός
2234 2135 2344 2191 ἐστι
2402 2133 2615 2192 Γαλαὰδ
2661 2137 2751 2191 καὶ
2800 2136 2929 2209 ἐμός
2974 2137 3083 2192 ἐστι
3131 2142 3418 2209 Μανασσῆς
3446 2184 3460 2198 ,
3493 2161 3521 2193 ο

1886 2257 1955 2266 —
2003 2225 2101 2280 Διά
2144 2229 2251 2280 τῶν
2307 2224 2583 2298 ὀνομάτων
2629 2225 2837 2281 τούτων
2885 2227 3057 2291 πάσας
3106 2224 3385 2299 δεδήλωκε
3429 2229 3527 2291 τὰς

1887 2312 2078 2392 φυλὰς,
2140 2312 2200 2376 ἃς
2259 2315 2552 2369 οἰκειοῦται
2607 2316 2635 2369 6
2687 2316 2815 2377 Θεὸς
2861 2314 3048 2387 πάλιν,
3078 2314 3174 2371 κᾶν
3235 2314 3302 2370 δι’
3350 2319 3526 2392 ἁμαρ-

1884 2402 1999 2458 τίαν
2060 2405 2333 2458 ἀπώσατο.
2393 2403 2551 2460 Καὶὸ
2586 2404 2814 2481 Χριστὸς
2872 2402 3023 2481 λέγοι
3081 2403 3139 2459 ἂν
3196 2410 3383 2464 ταῦτα.
3443 2406 3525 2462 οἰ-

1885 2491 2201 2565 κειούμενος
2246 2491 2373 2555 τοὺς
2432 2492 2596 2547 αὑτοῦ
2649 2493 2786 2548 κατά
2829 2491 2998 2570 σάρκα
3038 2493 3406 2571 προπάτορας,
3437 2495 3529 2552 καί

1890 2579 2100 2654 μᾶλλον
2135 2579 2223 2636 διὰ
2245 2579 2372 2644 τοὺς
2404 2580 2787 2644 πιστεύσαντας
2809 2581 2860 2652 ἐξ
2892 2582 3085 2641 αὐτῶν.

1958 2694 1987 2722 ‹‹
2036 2670 2132 2724 Καὶ
2183 2668 2420 2748 Ἐφραίμ
2472 2671 2795 2747 κραταίωσις
2847 2677 2948 2740 τῆς
3004 2672 3247 2750 κεφαλῆς
3309 2695 3432 2747 μου.
3498 2698 3520 2727 »

1885 2790 1954 2801 —
1996 2760 2246 2833 Κεφαλήν
2288 2761 2388 2828 τήν
2435 2761 2625 2836 ἀρχὴν
2666 2759 2921 2833 ὀνομάζει
2967 2760 3056 2815 καὶ
3109 2761 3410 2837 βασιλείαν,
3462 2764 3524 2833 ἣν

1886 2847 2157 2903 οἰκοῦνται
2187 2845 2276 2903 διὰ
2303 2848 2392 2903 τὸν
2425 2846 2581 2904 λαόν.

1960 2961 1982 2988 ι
2016 2932 2170 2991 Μοάϐ
2221 2932 2388 3007 λέϐης
2435 2944 2536 3007 τῆς
2586 2935 2808 3000 ἐλπίδος
2862 2959 2987 3011 μου.
3022 2962 3049 2990 ››
3081 2972 3151 2980 --
3179 2935 3350 2996 Μωάϐ
3398 2936 3525 3009 ἤτοι

1882 3027 1944 3081 τὸ
1993 3020 2296 3081 Μωαϐιτῶν
2343 3025 2511 3093 ἔθνος,
2556 3020 2725 3097 λέϐης
2772 3022 2940 3099 ἔσται,
2997 3024 3162 3104 ἤγουν
3226 3029 3524 3104 ὑπηρέτης

1886 3116 2205 3189 ὑπηρετικὸν
2264 3117 2368 3191 γὰρ
2427 3120 2614 3177 σκεῦος
2667 3116 2695 3170 6
2744 3111 2934 3186 λέϐης·
2987 3117 3259 3191 ὑπηρέτης
3314 3115 3372 3171 δὲ
3427 3124 3526 3188 τῆς

1885 3200 2105 3265 ἐλπίδος
2140 3225 2266 3276 μου,
2296 3203 2539 3259 τουτέστι
2568 3207 2674 3259 τῶν
2694 3202 3023 3274 ἐλπιζόντων
3050 3205 3126 3267 εἷς
3158 3205 3275 3278 ἐμέ.

1956 3334 1983 3362 ‹‹
2018 3309 2137 3365 Ἐπὶ
2183 3311 2282 3379 τὴν
2331 3307 2639 3384 Ἰδουμαίαν
2689 3309 2886 3365 ἐκτενῶ
2929 3312 2993 3365 τὸ
3041 3307 3299 3383 ὑπόδημά
3332 3332 3457 3384 μου.
3490 3334 3521 3363 ››

1885 3431 1952 3442 -
2002 3395 2287 3472 Ὑπόδημα
2340 3400 2438 3468 τήν
2492 3399 2711 3475 πορείαν
2770 3398 2937 3475 λέγει.
2996 3399 3139 3470 Φησὶ
3194 3397 3250 3454 δὲ
3295 3398 3380 3455 ὅτι
3429 3401 3520 3455 καὶ

1882 3487 2011 3550 τοὺς
2060 3484 2397 3560 Ἰδουμαίους
2453 3488 2699 3561 ὑποτάξω
2745 3492 2823 3559 τῷ
2867 3491 2985 3561 Λαῷ
3036 3509 3160 3561 μου,
3210 3509 3525 3565 συνεκστρα-

1882 3575 2071 3639 τεύσας
2144 3576 2333 3648 αὐτῷ.
2395 3578 2611 3653 Λέγεται
2693 3574 2751 3631 δέ
2804 3576 2894 3631 καὶ
2967 3584 3067 3646 τῆς
3120 3581 3217 3632 τοῦ
3292 3582 3527 3654 Χριστοῦ

1883 3664 2137 3734 θεότητος
2198 3662 2456 3739 ὑπόδημα
2509 3668 2544 3735 ἡ
2604 3664 2860 3743 θεοφόρος
2917 3665 3080 3720 αὑτοῦ
3139 3665 3286 3741 σὰρξ,
3346 3664 3417 3721 δι’
3456 3669 3528 3737 ἧς

1884 3751 2222 3827 ἐπιδημῆσαι
2274 3754 2364 3809 καὶ
2430 3760 2546 3816 τοῖς
2600 3753 2941 3832 ἀλλοφύλοις
2998 3749 3257 3825 εὐδόκησε
3297 3801 3311 3829 ,
3371 3777 3526 3812 τουτ-

1882 3842 2021 3898 έστιν
2052 3842 2263 3918 ἀγαγεῖν
2296 3842 2491 3905 αὐτοὺς
2520 3841 2656 3918 πρὸς
2688 3842 2973 3919 ἐπίγνωσιν
3002 3841 3212 3901 ἐαυτοῦ.

1954 3956 1983 3984 ‹‹
2012 3932 2170 4005 Ἐμοὶ
2202 3929 2510 4010 ἀλλόφυλοι
2544 3932 2897 4008 ὑπετάγησαν.
2927 3955 2958 3985 ››
2989 3966 3056 3976 -
3084 3932 3155 3987 Τὸ
3182 3933 3521 4009 ὑπετάγησαν

1881 4020 1998 4077 ἀντὶ
2026 4024 2121 4076 τοῦ
2148 4020 2392 4097 ὑποταγή
2400 4042 2602 4079 σονται.

1953 4133 1982 4162 ‹‹
2013 4109 2103 4171 Τίς
2156 4109 2343 4180 ἀπάξει
2392 4131 2458 4183 με
2507 4111 2572 4182 εἰ,
2623 4110 2784 4166 πόλιν
2833 4118 3103 4186 περιοχῆς
3138 4130 3152 4180 ;
3184 4134 3214 4163 »
3240 4145 3310 4155 —
3342 4117 3517 4186 Προσ-

1883 4201 2017 4272 ώπῳ
2046 4199 2139 4273 μὲν
2170 4203 2277 4253 τῶν
2326 4197 2700 4274 αἰχμαλώτων
2748 4200 2846 4268 τήν
2897 4198 3261 4275 Ἰερουσαλὴμ
3308 4200 3336 4253 6
3382 4205 3523 4276 Προ-

1881 4290 2060 4366 φήτης
2109 4286 2493 4356 ἀνακαλεῖται,
2542 4287 2702 4343 πόλιν
2752 4291 3018 4365 περιοχῆς
3071 4288 3351 4361 ὀνομάζων
3400 4288 3527 4343 ταύ-

1877 4398 2002 4448 την,
2061 4375 2151 4432 διὰ
2194 4377 2257 4432 τὸ
2313 4376 2663 4453 εὖτείχιστον.
2719 4377 2919 4451 Οἱκείῳ
2974 4374 3032 4432 δὲ
3088 4377 3366 4453 προσώπῳ
3419 4377 3519 4444 τήν

1880 4463 2203 4537 Ἐκκλησίαν
2265 4463 2395 4521 ἰδεῖν
2454 4466 2704 4540 ἐπιθυμεῖ
2756 4471 2862 4521 τῶν
2917 4470 3143 4539 πιστῶν,
3199 4466 3299 4535 τὴν
3352 4486 3523 4520 τετει-

1881 4555 2147 4629 χισμένην
2218 4560 2336 4617 ταῖς
2392 4554 2605 4630 ἀρεταῖς
2661 4555 2750 4610 καὶ
2803 4560 2919 4617 τοῖς
2975 4559 3362 4627 πνευματικοῖς
3415 4574 3522 4631 χα-

1884 4642 2105 4719 ρίσμασι
2132 4643 2223 4699 καὶ
2250 4643 2347 4706 τὰς
2379 4644 2546 4707 θείαις
2577 4641 2883 4717 δυνάμεσιν.

1955 4755 1983 4783 ‹‹
2012 4732 2081 4786 Ἢ
2132 4731 2214 4794 τίς
2271 4729 2531 4809 ὁδηγήσει
2592 4754 2658 4805 με
2701 4730 2807 4796 ἕως
2855 4740 2953 4802 τῆς
3005 4730 3309 4807 Ἰδουμαίας
3341 4752 3356 4801 ;
3392 4755 3421 4784 ››
3455 4765 3527 4774 -—-

1881 4820 2116 4894 Ὁμοίως
2171 4820 2262 4876 καὶ
2313 4821 2412 4889 τήν
2472 4820 2693 4876 ἄπιστον
2772 4818 3031 4877 Ἰουδαίαν
3103 4818 3525 4876 καταδουλώσα-

1882 4911 2001 4964 σθαι
2057 4909 2149 4982 μὲν
2207 4908 2434 4986 ἐφίενται
2493 4910 2544 4964 οἱ
2590 4908 2990 4985 αἰχμάλωτοι·
3036 4911 3063 4964 6
3113 4907 3172 4965 δὲ
3221 4912 3525 4988 Προφήτης

1879 4998 2235 5053 πιστεύσασαν
2269 4998 2357 5052 καὶ
2386 4997 2585 5067 ταύτην
2620 4996 2749 5052 ἰδεῖν
2782 4998 3014 5069 ἐκζητεῖ.

1957 5111 1985 5140 ‹‹
2011 5086 2149 5163 Οὐχὶ
2175 5086 2260 5152 σὺ,
2293 5088 2320 5141 6
2349 5088 2496 5155 Θεὸς,
2529 5089 2555 5142 ὁ
2587 5087 2941 5161 ἀπωσάμενος
2985 5090 3132 5162 ἡμᾶς
3165 5107 3179 5157 ;
3215 5110 3243 5139 )›
3270 5121 3339 5129 —
3367 5088 3524 5142 ’Πτοι

1880 5177 1970 5231 τὸν
2005 5172 2295 5231 Ἰουδαῖκὸν
2330 5174 2459 5231 λαὸν
2488 5178 2886 5252 ἁμαρτήσαντα.

1957 5289 1985 5317 ‹‹
2018 5264 2115 5320 Καὶ
2174 5264 2273 5319 οὐκ
2328 5262 2594 5338 ἐξελεύσῃ,
2654 5266 2682 5318 ὁ
2734 5266 2901 5338 Θεὸς,
2958 5265 3011 5320 ἐν
3062 5270 3182 5328 ταῖς
3239 5262 3527 5338 δυνάμεσιν

1883 5357 2043 5428 ἡμῶν
2074 5373 2088 5423 ;
2124 5380 2150 5406 ››
2187 5387 2254 5397 -
2286 5353 2542 5430 Ἀρμόζει
2590 5358 2757 5409 ταῦτα
2804 5355 2894 5409 καὶ
2937 5354 3006 5429 τῇ
3036 5359 3143 5411 τῶν
3174 5359 3378 5409 πιστῶν
3413 5354 3533 5409 Ἐκ-

1882 5443 2102 5515 κλησίᾳ.

1957 5556 1985 5584 ‹‹
2018 5532 2118 5594 Δὸς
2150 5533 2283 5605 ἡμῖν
2347 5533 2598 5607 βοήθειαν
2652 5532 2703 5588 ἐν
2754 5531 2990 5608 θλίψεσι,
3032 5534 3121 5588 καὶ
3174 5532 3374 5607 ματαία
3420 5552 3529 5586 σω-

1882 5620 2047 5697 τηρία
2102 5621 2409 5696 ἀνθρώπου.
2446 5646 2570 5671 ››--
2626 5625 2688 5678 Ἡ
2743 5623 2887 5700 παρά
2944 5624 3231 5700 ἀνθρώπου
3290 5619 3532 5695 σωτηρία

1887 5707 2114 5786 ψευδής.

1961 5827 1988 5856 ‹‹
2021 5803 2107 5859 Ἑν
2148 5798 2226 5876 τῷ
2278 5803 2393 5874 Θεῷ
2441 5802 2747 5877 ποιήσομεν
2804 5799 3109 5878 δύναμιν.»
3159 5830 3228 5842 --
3285 5797 3383 5854 Διὰ
3434 5802 3533 5854 τοῦ

3174 5927 3251 5997 47
