3998 6412
607 421 635 478 1
647 417 764 478 483

3679 98 3790 136 εμπ.

1848 427 2270 490 NICEPHORI
2314 430 2754 495 BLEMMIDIE
3739 452 3818 515 H84

601 553 735 643 Θεοῦ
782 547 980 643 δυνατὰ
1032 545 1176 627 ἔργα,
1235 550 1502 608 τουτέστιν
1567 552 1774 630 μεγάλα
1823 559 2240 634 κατορθώματα,
2269 564 2326 631 Α
2357 563 2523 635 ζωὴν,
2557 560 2825 638 διαμενεῖν
2876 563 3028 622 αὐτὸν
3086 565 3256 643 λέγων
3303 565 3540 640 διηνεκῶς
3582 572 3748 632 ἐνώπιον
3774 586 3817 635 τη]

601 637 793 713 ἐργασό
802 651 956 712 μεθα.

1211 806 1503 857 ΨΔΛΜΟΣ
1541 804 1627 860 Ξ’.

671 966 699 993 (ι
732 941 824 1004 Εἷς
852 943 913 997 τὸ
960 941 1141 1015 τέλος,
1187 943 1240 998 ἐν
1289 943 1482 1017 ὕμνοις
1528 946 1608 1018 τῷ
1656 944 1840 1004 Δαυῗδ.
1889 948 2242 1019 Εἷσάκουσον,

597 1029 626 1083 6
657 1031 805 1102 Θεὸς,
861 1031 959 1098 τῆς
1021 1028 1257 1100 δεήσεως
1317 1053 1442 1104 μου,
1502 1033 1775 1109 πρόσσχες
1830 1039 1899 1109 τῇ
1958 1041 2240 1112 προσευχῇ

599 1139 727 1192 μου.
761 1141 790 1171 ››
821 1151 890 1161 -
916 1119 1014 1174 Τὸν
1048 1119 1248 1174 σκοπὸν
1277 1121 1304 1175 ὁ
1353 1122 1539 1198 παρὼν
1584 1121 1804 1196 ψαλμὸς
1855 1122 1970 1200 ἔχει
2007 1130 2104 1180 τοῦ
2134 1127 2241 1202 πρὸ

594 1206 783 1266 αὑτοῦ.
813 1215 897 1264 Ἐν
947 1207 1138 1282 ὕμνοις
1189 1207 1266 1280 δὲ,
1317 1208 1399 1264 ὅτι
1453 1211 1610 1284 ὑμνεῖ
1654 1213 1746 1268 τὸν
1791 1212 2095 1290 εὐεργέτην,
2143 1217 2239 1278 τὰς

595 1297 894 1375 εὐεργεσίας
927 1297 1090 1353 αὐτοῦ
1121 1295 1506 1373 διηγούμενος.

669 1430 696 1457 ‹‹
729 1407 862 1462 Ἀπὸ
891 1409 998 1460 τῶν
1047 1406 1294 1480 περάτων
1345 1413 1446 1475 τῆς
1496 1410 1600 1482 γῆς
1630 1411 1765 1485 πρὸς
1814 1411 1871 1464 σὲ
1901 1409 2173 1488 ἐκέκραξα.
2207 1436 2236 1465 »

592 1529 663 1538 —-
693 1494 838 1548 ’Δντὶ
895 1499 1012 1565 τοῦ,
1066 1494 1123 1548 ἐκ
1169 1502 1271 1564 τῆς
1318 1491 1680 1559 Βαϐυλῶνος·
1736 1497 1940 1574 πέρατα
1985 1501 2088 1576 γάρ
2136 1508 2238 1570 τῆς

593 1592 697 1660 γῆς
753 1584 841 1638 καὶ
898 1586 933 1648 ἡ
994 1579 1256 1640 Βαϐυλὼν
1317 1583 1520 1660 λέγοιτ’
1577 1585 1673 1655 ἂν,
1733 1588 1806 1649 ὡς
1865 1587 2088 1664 ἐσχατιὰ
2136 1597 2237 1659 τῆς

589 1673 858 1749 ἡμετέρας
915 1672 1259 1745 οἰκουμένης·
1321 1673 1356 1741 ἢ
1419 1673 1534 1727 ἀντὶ
1591 1680 1688 1728 τοῦ
1748 1677 2012 1753 μακρόθεν
2057 1723 2068 1733 .
2128 1685 2238 1733 Μα-

589 1764 720 1836 κρὰν
777 1760 833 1816 δέ
887 1761 994 1816 ἐστι
1049 1766 1146 1815 τοῦ
1202 1767 1336 1816 Θεοῦ
1384 1763 1412 1816 6
1464 1764 1540 1836 μή
1590 1761 2014 1839 πολιτευόμενος
2062 1768 2237 1841 ὀρθῶς

589 1852 678 1906 καὶ
711 1849 1002 1929 θεοφιλῶς.

2354 655 2488 706 Θεοῦ
2517 652 2606 707 καὶ
2637 653 2872 730 Πατρός.

2425 767 2455 793 ‹‹
2485 741 2676 806 Ἔλεος
2720 745 2811 799 καὶ
2858 743 3114 816 ἀλήθειαν
3160 747 3321 803 αὐτοῦ
3363 748 3438 812 τίς
3483 749 3734 824 ἐκζητήσεις
3761 780 3817 809 ι-

2354 828 2548 894 Πύδεῖς
2580 831 2866 905 ἐκζητήσει
2897 833 3031 891 ὥστε
3063 841 3268 909 μαθεῖν·
3301 839 3602 911 ἀκατανόητα
3625 845 3715 917 γάρ.

2430 941 2453 970 σ
2485 920 2668 984 Οὕτως
2691 921 2852 998 ψαλῶ
2898 927 2976 996 τῷ
3024 921 3251 999 ὀνόματί
3297 948 3389 982 σου
3416 928 3484 990 είς
3522 930 3626 993 τοὺς
3650 932 3822 996 αἰῶνιςη

2352 1042 2420 1050 -
2475 1013 2676 1086 Ὥσπερ
2731 1017 2845 1086 νῦν,
2904 1013 3068 1085 οὕτω,
3127 1015 3316 1091 φησιν,
3374 1018 3573 1090 ὑμνήσω
3619 1041 3664 1075 σε
3703 1019 3826 1076 διαπιν-

2348 1120 2461 1160 τος.

2427 1211 2456 1244 σ
2481 1194 2586 1245 Τοῦ
2643 1189 2936 1247 ἀποδοῦναί
2987 1214 3052 1265 με
3127 1194 3222 1256 τὰς
3280 1193 3434 1272 εὐχάς
3496 1219 3585 1270 μου
3625 1199 3770 1275 ἡμέραν
3799 1200 3824 1270 ἐξ

2348 1278 2580 1354 ἡμέρας.
2616 1304 2645 1331 ››
2675 1313 2744 1323 -
2773 1283 2930 1336 Ὥστε
2977 1280 3271 1338 ἀποδοῦναί
3321 1283 3385 1356 μέ
3412 1306 3487 1339 σοι
3524 1287 3602 1348 τὰς
3631 1295 3705 1356 τῆς
3727 1289 3826 1361 ὑμνη-

2347 1387 2482 1430 σεως
2562 1369 2880 1445 ὑποσχέσεις
2960 1392 3066 1442 μου
3123 1373 3239 1426 καθ’
3317 1373 3508 1449 ἡμέραν
3569 1375 3610 1448 ἐξ
3665 1378 3824 1450 ἡμέρας,

2346 1455 2512 1532 ἤγουν
2561 1457 2612 1512 ἐν
2651 1455 2897 1536 ’διαδοχῇ
2950 1461 3195 1536 ἡμερῶν·
3256 1461 3530 1538 ὑπέσχηται
3579 1464 3661 1538 γὰρ
3700 1463 3825 1518 πολλά-

2345 1567 2430 1608 κις
2498 1545 2549 1600 ἐν
2599 1553 2714 1610 τοῖς
2776 1545 3118 1624 προλαϐοῦσι
3183 1549 3417 1624 ψαλμοῖς
3471 1551 3541 1607 ἀεὶ
3598 1553 3730 1626 ὑμνεῖν
3775 1555 3823 1606 τὸν

2343 1635 2471 1689 Θεόν
2482 1681 2495 1692 .

2929 1752 3225 1801 ΨΑΛΜΟΣ
3261 1747 3386 1804 ΞΝ.

2417 1873 2445 1902 (ι
2475 1851 2568 1912 Εἷς
2597 1851 2659 1905 τὸ
2687 1848 2868 1918 τέλος,
2920 1852 3056 1928 ὑπὲρ
3089 1850 3324 1926 Ἰδιθοὺμ
3356 1852 3548 1927 ψαλμὸς
3587 1857 3650 1925 τῷ
3671 1849 3820 1908 A1013.-

665 1983 691 2009 ‹‹
722 1959 808 2014 Ἐν
867 1956 945 2030 τῷ
999 1955 1284 2028 ἄκηδιάσαι
1332 1960 1431 2027 τὴν
1491 1958 1713 2034 καρδίαν
1764 1982 1904 2034 μου,
1965 1963 2016 2018 ἐν
2067 1965 2236 2038 πέτρᾳ
2268 1943 2312 2008 Β
2344 1971 2431 2038 T"
2462 1939 2826 2038 Προβγερξύει
2861 1941 2914 2038 ..δ
2989 1939 3212 2015 ψαλμδς
3279 1943 3372 2012 τὴν
3583 1936 3817 2038 Μικκξιδξίυξσ

589 2047 806 2122 ὕψωσάς
865 2068 950 2119 με.
979 2072 1007 2099 ››
1039 2080 1107 2089 —
1159 2050 1283 2102 Ὅτε
1338 2047 1613 2121 ἀπέκαμον
1671 2055 1792 2112 ταῖς
1839 2049 2106 2125 θλίψεσιν,
2144 2051 2233 2107 ἐπὶ

583 2138 647 2191 τὸ
705 2136 838 2210 ὕψος
916 2135 1004 2189 καὶ
1076 2137 1176 2204 τὴν
1250 2134 1516 2210 ἀσφάλεια
1589 2145 1686 2208 τῆς
1743 2139 1818 2201 εἰς
1894 2141 1952 2194 σε
2010 2139 2230 2204 ἐλπίδος

585 2226 849 2302 ἀνήγαγές
911 2245 995 2297 με,
1051 2227 1125 2298 μή
1185 2224 1340 2287 ἐάσας
1408 2234 1793 2303 συγχωσθῆναι
1850 2235 1970 2291 ταῖς
2026 2251 2233 2308 συμφο-

585 2320 724 2392 ραῖς.

657 2401 1022 2480 «Ὥδήγησάς
1079 2424 1189 2477 με,
1239 2402 1321 2459 ὅτι
1375 2404 1635 2479 ἐγενήθης
1683 2405 1837 2462 ἐλπίς
1895 2428 2020 2481 μου.
2079 2429 2107 2460 ι
2160 2441 2222 2451 -

584 2489 889 2570 Ὠδήγησάς
943 2514 1010 2566 με
1039 2491 1126 2547 ἐπὶ
1163 2493 1232 2547 τὰ
1259 2492 1401 2548 καλά
1428 2493 1518 2548 καὶ
1549 2497 1812 2571 σωτήρια,
1847 2494 2034 2565 ἐπειδή
2067 2492 2228 2573 ἔσχον

583 2597 780 2654 ἐλπίδα
806 2599 1098 2676 σωτηρίας.

658 2730 686 2758 ‹‹
713 2705 925 2783 Πύργος
968 2705 1159 2782 ἰσχύος
1205 2706 1310 2762 άπὸ
1360 2709 1656 2784 προσώπου
1687 2708 1905 2785 ἐχθροῦ.
1935 2736 1963 2762 ››
1993 2746 2061 2752 -
2094 2714 2226 2770 Ἀπὸ

581 2800 768 2852 κοινοῦ
797 2797 879 2868 τὸ,
913 2798 1242 2872 Ἐγεννήθης
1269 2795 1477 2872 πύργος
1509 2796 1733 2872 ἰσχυρὸς
1763 2799 1991 2855 ἐνώπιον
2024 2801 2226 2879 ἐχθροῦ

581 2885 718 2940 ὥστε
745 2883 976 2941 κωλύειν
1010 2884 1186 2940 αὐτόν.

646 3018 675 3044 ‹‹
709 2994 1036 3069 Παροικήσω
1083 2991 1135 3046 ἐν
1181 2995 1261 3064 τῷ
1308 2993 1628 3067 σκηνώματί
1679 3016 1774 3050 σου
1835 2995 1911 3058 εἷς
1963 2998 2054 3052 τὸν
2086 2998 2217 3053 αἰῶ-

573 3103 658 3139 να.
711 3106 742 3133 ››
780 3114 852 3124 —
900 3083 1178 3154 Σκήνωμα
1222 3085 1353 3136 Θεοῦ
1404 3083 1432 3135 6
1482 3084 1628 3145 θεῖος
1677 3085 1802 3147 ναὸς
1852 3085 1940 3140 καὶ
1990 3088 2019 3140 6
2068 3087 2222 3164 οὐρά-

571 3192 688 3234 νιος
743 3175 950 3246 χῶρος.
1004 3170 1073 3224 Τὸ
1131 3167 1189 3224 δὲ
1247 3170 1322 3232 εἰς
1379 3170 1506 3234 τοὺς
1565 3173 1764 3236 αἰῶνας
1833 3175 1896 3229 τὸ
1955 3172 2218 3246 διηνεκῶς

573 3257 760 3332 δηλοῖ.

646 3374 675 3402 ι(
705 3346 951 3412 Ἕδωκας
996 3347 1368 3425 κληρονομίαν
1417 3355 1534 3413 τοῖς
1585 3347 1939 3426 «οϐουμένοις
1987 3354 2051 3409 τὸ
2098 3350 2219 3410 ὅνο-

579 3439 654 3512 μά
678 3460 795 3498 σου.
830 3462 859 3491 ››
890 3470 960 3481 -
1016 3443 1174 3494 Δεῦτε
1227 3439 1350 3514 γὰρ,
1409 3440 1564 3517 φησὶ,
1618 3439 2075 3518 κληρονομήσατε
2115 3446 2215 3514 τήν

573 3527 984 3602 ἡτοιμασμένην
1033 3528 1158 3602 ὑμῖν
1207 3526 1504 3603 βασιλείαν.
1554 3530 1863 3604 Ἱστορικῶς
1903 3528 1960 3586 δὲ
1986 3533 2086 3601 τήν
2113 3536 2214 3609 γῆν

571 3619 672 3685 τῆς
703 3615 1020 3694 ἐπαγγελίας
1054 3613 1195 3671 εἷ’ποι
1223 3637 1308 3679 τις
1330 3617 1410 3673 ἂν.

647 3747 676 3777 ‹‹
703 3723 936 3799 Ἡμέρας
967 3722 1047 3801 ἐφ’
1094 3722 1301 3798 ἡμέρας
1347 3728 1446 3779 τοῦ
1497 3723 1764 3800 βασιλέως
1800 3730 2148 3804 προσθήσεις.
2187 3754 2209 3781 ι

573 3845 644 3856 -.
675 3810 894 3874 Πολλὰς
942 3814 1154 3888 ἡμέρας
1201 3816 1525 3888 προσθήσεις
1583 3814 1669 3869 ἐπὶ
1703 3815 1800 3878 τὰς
1845 3816 2076 3891 ἡμέρας,
2109 3840 2213 3896 φη-

573 3902 646 3972 σὶ,
699 3905 795 3956 τοῦ
829 3901 1094 3978 βασιλέως
1153 3899 1241 3956 διά
1293 3903 1392 3970 τὴν
1443 3903 1746 3981 θεοφίλειαν
1807 3904 1990 3960 αὐτοῦ.
2053 3907 2211 3983 Λέγει

572 3988 630 4046 δὲ
672 3991 762 4046 τὸν
809 3985 1117 4066 Ζοροϐάϐελ
1167 3992 1194 4045 6
1242 3988 1526 4054 Ἰουδαῖος.
1563 3991 1736 4048 Ἀλλᾶ
1786 3995 1848 4048 τὸ
1880 3993 2001 4066 ἐξῆς
2035 3994 2210 4052 οὐδενὶ

569 4077 727 4153 ἄλλῳ
757 4079 983 4157 ἁρμόζει
1011 4079 1158 4149 πλὴν
1183 4084 1280 4135 τοῦ
1335 4078 1576 4155 μεγάλου
1629 4081 1899 4146 Βασιλέως
1953 4090 2208 4161 Χριστοῦ.

567 4170 642 4224 Οὗ
690 4169 777 4225 ἐπὶ
822 4170 917 4231 τὰς
964 4169 1270 4245 ἀριθμητὰς
1317 4169 1527 4245 ἡμέρας
1569 4177 1670 4240 τῆς
1715 4169 1767 4225 ἐν
1817 4172 2009 4246 κόσμῳ
2064 4179 2210 4246 ζωῆς

565 4260 750 4316 αὐτοῦ·
797 4259 1007 4336 ἡμέρας
1053 4258 1454 4335 ἀναριθμήτους
1499 4258 1588 4314 οῦν
1638 4258 1810 4314 αὐτῶν
1864 4261 2026 4316 οἰκῶν
2077 4264 2207 4326 Θεὸς

565 4350 744 4426 Λόγος
815 4347 1108 4426 προσέθετο
1182 4349 1316 4402 κατὰ
1394 4348 1493 4416 τὴν
1565 4348 1927 4426 ὑπερκόσμιον
2011 4352 2206 4408 τούτου

566 4443 732 4510 ζωήν·
793 4436 878 4493 διὸ
933 4437 1021 4493 καὶ
1077 4438 1169 4500 τὰς
1215 4436 1594 4514 προστεθείσας
1645 4440 1857 4514 ἡμέρας
1899 4441 2207 4518 σαφηνίζων

562 4528 591 4582 ὁ
650 4529 969 4606 Προφήτης,
1029 4526 1268 4602 ἐπήγαγε
1311 4527 1379 4581 τὰ
1435 4524 1578 4596 ἐξῆς,
1629 4527 1717 4581 καὶ
1770 4529 1933 4600 μήτις
1982 4533 2062 4602 τῷ
2102 4537 2202 4601 τῆς

558 4619 880 4694 προσθήκης
953 4616 1358 4691 ταραταττέσθω
1441 4615 1667 4688 ὀνόματι
1724 4635 1737 4648 ·
1813 4614 2029 4674 δύναται
2100 4621 2200 4697 γάρ

555 4679 635 4779 τῶ
680 4679 1073 4782 πεπερασμένη)
1118 4705 1477 4780 προστεθῆναι
1524 4709 1697 4778 ποσῷ·
1745 4705 1808 4760 τὸ
1863 4709 2000 4762 κατά
2043 4679 2200 4773 τέλος
2231 4679 2278 4744 D

557 4793 798 4872 ἄπειρον,
857 4793 1028 4850 εἶτουν
1088 4795 1150 4849 τὸ
1201 4792 1557 4865 ἀτελεύτητον
1593 4813 1603 4824 ·
1668 4794 1729 4848 οὐ
1793 4796 1899 4868 μὴν
1953 4798 2018 4852 τὸ
2073 4797 2198 4854 ἀνά-

553 4883 743 4942 παλιν.

627 4999 654 5025 ‹‹
686 4975 760 5028 Τὰ
791 4969 882 5045 ἔτη
937 4974 1100 5029 αὐτοῦ
1147 4971 1251 5036 ἓως
1302 4973 1571 5050 ἡμετέρας
1616 4974 1818 5049 γενέἆς.
1853 4998 1881 5026 ››
1914 5009 1984 5017 -
2027 4981 2195 5033 Τοῦτο

553 5065 928 5140 σαφηνιστικὸν
983 5070 1084 5134 τῆς
1142 5064 1499 5139 προσθήκης·
1553 5063 1622 5117 τὰ
1677 5061 1768 5134 ἔτη
1853 5063 2015 5120 αὐτοῦ
2070 5067 2192 5143 γάρ,

552 5153 732 5231 φησὶν,
767 5149 872 5215 ἕως
915 5159 1016 5222 τῆς
1061 5150 1373 5214 τελευταίας
1417 5153 1626 5228 ἡμέρας
1673 5157 1779 5206 τῶν
1822 5149 1916 5208 δύο
1969 5160 2187 5229 γενεῶν,

548 5245 644 5295 τοῦ
672 5261 731 5295 τε
758 5241 994 5297 παλαιοῦ
1023 5241 1111 5296 καὶ
1140 5245 1238 5297 τοῦ
1285 5242 1402 5297 νέου
1449 5240 1605 5312 λαοῦ,
1652 5242 1921 5296 τουτέστιν
1960 5240 2065 5306 ἓως
2093 5247 2192 5314 τῆς

546 5326 850 5392 συντελείας
885 5350 896 5362 ·
954 5335 1051 5385 τοῦ
1122 5330 1226 5406 γὰρ
1275 5333 1340 5399 ἦν
1392 5330 1456 5385 τὸ
1512 5329 1765 5404 δεόμενον
1828 5332 2140 5395 πιστώσεως
2176 5353 2190 5367 ·

549 5419 685 5493 μετὰ
711 5417 813 5494 γὰρ
840 5419 938 5488 τήν
989 5418 1290 5474 συντέλειαν
1343 5416 1510 5488 δῆλον
1567 5420 1758 5473 ἅπασιν
1807 5417 1838 5473 6'
1873 5439 1924 5473 τι
1975 5423 2188 5491 ζήσεται

544 5507 854 5569 διαπαντός·
905 5506 1004 5562 οὐκ
1057 5506 1132 5562 ἔτι
1183 5509 1286 5582 γὰρ
1335 5507 1567 5584 κυριεύει
1623 5507 1651 5561 ὸ
1709 5508 1928 5571 θάνατος
1987 5507 2037 5564 ἐν
2096 5509 2187 5564 οὐ·

544 5595 668 5653 δενὶ.

620 5709 647 5736 ‹‹
695 5682 930 5760 Διάγένει
980 5684 1055 5747 εἷς
1098 5684 1366 5740 τὸυαῖῶνα
1413 5683 1642 5739 ἐνώπιον
1684 5689 1782 5740 τοῦ
1826 5689 1982 5741 Θεοῦ.
2043 5709 2072 5738 ››
2119 5719 2189 5730 .—

543 5782 858 5856 Σαφτοτατα
911 5774 1036 5852 χίαν
1087 5776 1116 5831 ὁ
1165 5771 1326 5830 Δαυϊδ
1366 5774 1466 5844 τήν
1515 5777 1616 5829 τοῦ
1662 5772 1891 5848 χριστοῦ
1949 5771 2184 5832 διδάσκει

2345 2028 2476 2104 ὑπὲρ
2533 2023 2801 2091 εὐσεϐείας
2860 2027 3102 2085 ἔνστασιν
3131 2051 3144 2064 ·
3207 2031 3598 2107 προτρεπόμενος
3643 2031 3709 2084 καὶ
3747 2031 3815 2100 ήμῖν

2343 2117 2626 2190 ὑπομονήν
2653 2117 2740 2172 καὶ
2771 2115 2968 2174 ἐλπίδα
3008 2121 3111 2189 τήν
3161 2119 3238 2182 εἷς
3284 2120 3420 2176 Θεόν.
3447 2119 3654 2196 ’Δρμόζει
3689 2116 3811 2172 δὲπὶτε

2339 2211 2453 2267 τοῖς
2485 2205 2616 2279 ὑπὲρ
2649 2203 2918 2269 εὐσεϐείας
2950 2209 3391 2282 ἀγωνισαμένοις.

2411 2318 2441 2346 ‹‹
2482 2293 2622 2370 Οὐχί
2670 2300 2750 2368 τῷ
2785 2301 2901 2368 Θεῷ
2949 2298 3343 2373 ὑποταγήσεται
3386 2299 3417 2367 ἡ
3458 2298 3584 2374 ψυχή
3623 2294 3816 2369 ιιουὶπῆ

2337 2383 2502 2438 αὐτοῦ
2532 2386 2634 2460 γὰρ
2682 2385 2746 2440 16
2783 2386 3055 2462 σωτήριόν
3111 2409 3236 2461 μου.
3268 2409 3294 2443 ι
3328 2421 3392 2430 —
3417 2386 3481 2441 Οὐ
3517 2392 3607 2448 τοῖς
3629 2386 3744 2444 θείοις
3762 2383 3816 2452 ἐμ·

2342 2476 2486 2545 μενῶ
2515 2470 2893 2548 διατάγμασιν.

2413 2586 2434 2613 ι
2471 2561 2850 2639 Ἀντιλήπτωρ
2895 2584 3019 2637 μου,
3075 2564 3138 2620 οὐ
3195 2566 3270 2639 μή
3299 2562 3518 2620 σαλευθῶ
3553 2561 3619 2617 ἐπὶ
3641 2559 3812 2615 πλεῖον.η

2337 2683 2405 2692 —
2436 2649 2611 2706 Σάλον
2641 2653 2740 2720 τὴν
2773 2651 2977 2708 δειλίαν
3009 2653 3192 2710 καλεῖ.

2408 2764 2436 2792 (ί
2467 2743 2613 2803 Ἕως
2658 2739 2790 2796 πότε
2854 2741 3155 2806 ἐπιτίθεσθε
3203 2742 3284 2798 ἐπ’
3341 2742 3580 2819 ἄνθρωπον
3616 2759 3626 2808 ;
3657 2735 3806 2815 φονεύετε

2333 2828 2527 2892 πάντες
2557 2831 2720 2904 ἡμεῖς
2747 2849 2760 2900 ;
2798 2855 2826 2882 ››
2857 2863 2925 2872 -
2969 2826 3383 2909 Ὑπερϐατικῶς,
3431 2835 3552 2892 Ἕως
3699 2823 3799 2891 ἐπεμ·

2333 2913 2542 2973 ϐαίνετε
2595 2917 2787 2981 πάντες
2867 2921 3032 2993 ἡμεῖς
3109 2920 3192 2976 ἐπ’
3250 2919 3510 2998 ἄνθρωπον
3564 2915 3709 2983 ἀσθενῆ,
3745 2909 3791 2998 ὡς

2334 3002 2644 3084 ὑπερϐαίνει
2696 3029 2779 3070 τις
2829 3008 3004 3084 τοίχῳ
3061 2994 3367 3083 κεκλιμένῲ
3432 3008 3501 3070 εἷς
3543 3009 3696 3068 πτῶσιν,
3729 2994 3782 3049 καὶ

2331 3101 2568 3174 φραγμῷ
2637 3095 3058 3174 ἐκτετιναγμὲνφ
3136 3100 3219 3154 ἶνα
3289 3097 3464 3154 τέλεον
3510 3090 3782 3164 κατα-τραφῶσιν

2328 3185 2482 3259 αὐτά,
2513 3182 2620 3248 ἓως
2647 3185 2778 3242 πότε
2799 3185 3047 3264 φονεύετε
3080 3206 3094 3257 ;

2399 3300 2428 3327 κ
2461 3273 2616 3345 Πλὴν
2645 3277 2744 3345 τήν
2775 3278 2942 3349 τιμήν
2992 3298 3101 3350 μου
3145 3271 3510 3334 ἐϐουλεύσαντο
3538 3267 3757 3327 ἀπώσασθαι.
3783 3282 3796 3309 ι

2327 3395 2398 3406 -ο
2453 3359 2876 3419 Ἐϐουλεύσαντο
2931 3365 2984 3420 οἱ
3039 3365 3230 3442 ἐχθροὶ
3305 3363 3576 3420 ἀπώσασθαι
3628 3355 3688 3411 ἀπ’
3725 3350 3805 3422 ἐμοῦ

2324 3455 2424 3523 τὴν
2457 3447 2746 3508 εὐσέϐειαν·
2781 3453 2951 3517 ὐντως
2982 3453 3089 3532 γὰρ
3119 3457 3256 3530 τιμή
3285 3456 3345 3510 τὸ
3375 3451 3600 3538 δουλεύειν
3783 3523 3790 3538 Ι

2402 3567 2423 3594 ιι
2459 3539 2730 3617 Ἐδραμον
2781 3541 2834 3598 ἐν
2885 3541 3048 3618 δίψει.
3084 3569 3116 3597 ››
3156 3577 3224 3588 --
3270 3546 3535 3600 Ἐσπευσαν
3573 3537 3612 3591 ἐν
3646 3533 3810 3599 ἐπιθυμίὲ

2323 3630 2512 3706 πολλῇ
2543 3632 2678 3708 πρὸς
2707 3636 2889 3689 τοῦτο.
3761 3700 3790 3716 υ
3882 3623 3883 3636 ὕ

2395 3746 2424 3773 ‹‹
2455 3719 2543 3793 Τῷ
2599 3721 2826 3796 στόματι
2883 3720 3056 3776 αὐτῶν
3116 3723 3386 3799 ηὐλόγουν
3424 3769 3439 3795 ,
3489 3716 3562 3774 καὶ
3603 3716 3653 3786 τῇ
3690 3719 3809 3799 διψίῗ
3880 3775 3881 3780 η

2323 3809 2496 3865 αὐτῶν
2527 3815 2862 3887 κατηρῶπο.
2898 3835 2926 3865 ››
2953 3843 3022 3854 -—-
3051 3798 3387 3885 Χείλεσιμὲν
3416 3805 3691 3864 ἐκολάκευον.
3717 3798 3803 3868 ψλχῦ

2323 3896 2380 3954 δὲ
2411 3895 2651 3976 ὕϐριζον.

2393 4013 2422 4041 ι(
2453 3992 2572 4044 Ὅτι
2600 3991 2726 4064 παρ’
2766 3988 2928 4044 αὐτοῦ
2971 3991 3006 4060 ἠ
3055 3990 3304 4065 ὑπομονή
3350 4009 3462 4063 μου,
3493 4011 3512 4041 ι
3544 4014 3598 4026 --
3631 3971 3734 4032 Αὐτά
3752 3987 3799 4041 μετ
3875 3995 3877 4065 γ

2321 4074 2510 4132 δίδωσι
2537 4079 2638 4148 τήν
2667 4078 2717 4133 ἐν
2749 4077 2964 4153 θλίψεσι
2993 4079 3291 4157 καρτερίαν.
3658 4151 3668 4157 Α
3701 4152 3709 4157 Δ
3873 4127 3875 4157 λ

2389 4192 2419 4221 (ι
2450 4170 2568 4222 ’Ότι
2598 4147 2756 4230 αὐτὸς
2788 4147 2918 4232 Θεὸς
2953 4147 3080 4243 μου,
3109 4147 3200 4224 καὶ
3231 4170 3403 4243 σωτήρ
3432 4151 3796 4250 μουίάντιλήπῖωξ
3873 4147 3875 4207 1

2319 4279 2446 4331 μου,
2478 4258 2540 4313 οὗ
2588 4259 2662 4332 μή
2715 4259 3108 4331 μεταναστεύω,
3141 4283 3170 4312 ››
3204 4293 3268 4303 -
3297 4258 3365 4313 οὐ
3416 4245 3711 4329 μεταϐήσομαι
3744 4251 3798 4289 σπῦ

2313 4354 2411 4417 τῆς
2441 4347 2516 4408 εἰς
2545 4349 2671 4402 Θεὸν
2705 4345 2945 4411 δουλίας.

2387 4461 2416 4488 ‹‹
2447 4437 2569 4493 Ἐπὶ
2597 4441 2676 4508 τῷ
2703 4441 2818 4510 Θεῷ
2843 4438 2906 4492 16
2952 4438 3219 4515 σωτήριόν
3273 4457 3370 4511 μου
3397 4432 3477 4489 καὶ

2311 4560 2380 4570 -
2419 4527 2539 4581 Ἐπὶ
2569 4531 2648 4598 τῷ
2676 4531 2810 4599 Θεῷ,
2843 4527 2942 4582 οὐκ
2969 4527 3052 4582 ἐπ’
3074 4528 3353 4605 ἀνθρώπῳ,
3381 4522 3460 4579 καὶ
3487 4520 3541 4575 τὸ
3563 4509 3743 4581 σώζεσθαί
3763 4517 3796 4570 με

2310 4615 2400 4670 καὶ
2430 4617 2491 4670 τὸ
2524 4613 2852 4686 δοξάζεσθαι.
3751 4676 3759 4688 .
3785 4672 3794 4690 ε

2387 4728 2416 4757 “
2445 4711 2499 4759 Ὀ
2530 4705 2659 4768 θεὸς
2688 4711 2788 4774 τῆς
2842 4705 3093 4779 βοηθείας
3145 4727 3269 4780 μου,
3311 4701 3453 4770 καὶὴ
3497 4693 3624 4753 ἐλπίς
3661 4694 3790 4760 μουετλ

2305 4798 2384 4867 τῷ
2411 4799 2550 4867 Θεῷ,
2587 4818 2615 4846 ››
2647 4827 2717 4838 -
2745 4796 2802 4848 Ὀ
2832 4795 2962 4857 Θεὸς
2993 4795 3021 4849 ὁ
3053 4795 3259 4865 Βοηθός
3295 4814 3410 4867 μου.
3598 4869 3603 4870 γ
3666 4868 3673 4870 Α
3747 4854 3756 4870 ,

2377 4909 2406 4936 ‹‹
2439 4883 2728 4939 Ἐλπίσατε
2773 4882 2855 4939 ἐπ’
2892 4884 3073 4957 αὐτὸν,
3123 4890 3262 4938 πᾶσα
3303 4875 3553 4954 συναγωγῆ
3595 4868 3790 4957 λαῶὴῗ

2305 4972 2467 5049 χέατε
2497 4972 2722 5028 ἐνώπιον
2769 4972 2933 5028 αὐτοῦ
2981 4975 3077 5036 τὰς
3124 4969 3340 5048 καρδίας
3386 4969 3536 5041 ὑμῶν·
3579 4958 3642 5013 ὅτι
3676 4952 3791 5056 ὁΙΘῗξ

2307 5048 2507 5139 βοηθὸς
2566 5064 2726 5136 ἡμῶν
2801 5063 2876 5125 εἷς
2952 5063 3043 5117 τὸν
3125 5061 3306 5117 αἰῶνα,
3364 5082 3390 5110 ››
3447 5088 3499 5097 -

2304 5151 2529 5208 ἐνώπιον
2589 5151 2752 5207 αὐτοῦ
2810 5151 3011 5214 πάντας
3065 5151 3188 5212 τοὺς
3236 5143 3505 5224 λογισμοὺς
3548 5137 3787 5234 Spfw-ngf:

2303 5242 2509 5318 ρώσατε
2561 5241 2787 5304 τούτους
2843 5240 2990 5314 αὐτῷ
3042 5241 3132 5296 καὶ
3186 5237 3441 5315 διχόνοιαν
3495 5229 3556 5305 μὴ
3605 5235 3713 5295 εχετε
3747 5226 3784 5259 ⁵1⁵

2301 5330 2478 5387 αὐτόν.

3659 5395 3781 5413 ηιμ..

2371 5443 2401 5473 “
2433 5417 2587 5489 Πλὴν
2646 5419 2863 5493 μάταιοι
2911 5418 3021 5474 υἱοὶ
3072 5423 3177 5474 τῶν
3205 5416 3495 5492 ἀνθρώπων.
3525 5428 3561 5455 τ»
3585 5430 3638 5493 -ῖ

2297 5507 2515 5578 ἀνόητοί
2545 5485 2678 5562 εἰσιν
2709 5508 2762 5562 οἱ
2808 5513 2922 5568 τοῖς
2970 5485 3318 5582 ἀνθρωπίνοις
3360 5485 3702 5577 προστετηκότα
3731 5487 3777 5524 ’σί

2301 5599 2376 5671 μὴ
2407 5596 2482 5659 εἷς
2514 5597 2641 5651 Θεὸν
2674 5596 2753 5651 ἀεὶ
2791 5595 3103 5671 βλέποντες.

2368 5711 2396 5739 ‹‹
2429 5682 2658 5748 Ψευδεῖς
2699 5684 2808 5739 υἱοὶ
2838 5690 2945 5740 τῶν
2996 5686 3283 5762 ἀνθρώπων
3331 5679 3377 5736 ἐν
3424 5675 3571 5751 ζυγοῖς
3607 5683 3630 5718 τ

2301 5779 2482 5847 κῆσαι.
2537 5800 2565 5828 ››
2595 5809 2662 5817 -
2707 5775 2809 5838 Τὰς
2858 5774 3060 5854 κρίσεις
3104 5772 3255 5832 καλεῖ
3297 5768 3378 5827 καί
3422 5780 3597 5850 φησνιτ

3632 5661 3675 5716 οὗ
3710 5645 3774 5705 i6:-

3632 5736 3774 5803 Ψενδεῖς
