3998 6430
151 467 306 531 1485
1364 459 1779 526 EXPOSITIO

1945 459 2334 525 PSALMOS.
3391 470 3545 529 1486

148 600 420 676 κρίνουσιν
480 596 889 675 ἀνθαιρούμενοι
942 595 1051 651 τῶν
1116 595 1361 651 ἐστώτων
1439 596 1508 650 τὰ
1574 589 1790 665 ἅστατα,
1823 590 2063 667 Αὸρκον
2095 597 2362 649 ποιεῖσθαι
2420 597 2518 665 τὴν
2576 595 2846 673 σωτηρίαν
2903 602 2999 651 τοῦ
3058 596 3345 674 βασιλέως.
3379 599 3543 671 Δοξά-

151 688 293 746 ὥστε
335 686 587 759 ἀδικῆσαι
641 688 731 743 καὶ
796 685 1017 748 ἑαυτοὺς
1097 688 1347 761 ψυχικῶς
1414 684 1505 739 καὶ
1578 682 1791 756 ἐτέρους
1902 687 2043 751 ζεται
2104 680 2162 738 δὲ
2223 684 2434 756 μᾶλλον
2466 686 2495 740 6
2529 682 2744 759 ὀμνύων
2798 686 2849 740 ἐν
2910 691 2989 759 τῷ
3042 692 3177 760 Θεῷ,
3207 688 3480 746 τουτέστιν
3514 692 3542 746 ὁ

153 781 571 856 πραγματικῶς,
1904 766 2135 846 βεϐαιῶν
2189 773 2278 827 καὶ
2336 771 2571 848 ἐδράζων
2629 775 2813 830 ἑαυτὸν
2886 774 2936 829 ἐν
2997 775 3078 849 τῷ
3133 781 3266 849 Θειῖν
3323 779 3386 833 τὸ
3439 780 3541 856 γὰρ

228 865 453 925 «Αὐτοὶ
503 864 564 922 ἐκ
611 863 972 939 ματαιότητος
1037 861 1126 919 ἐπὶ
1170 863 1233 918 τὸ
1282 860 1434 917 αὐτό.
1482 884 1504 912 ι
1560 890 1627 904 -
1671 856 1789 912 Ἐπὶ
1904 858 2122 933 ὀμνύειν
2208 857 2484 936 σύμϐολόν
2570 862 2680 918 ἐστι
2761 858 3104 940 βεϐαιώσεως
3183 866 3272 921 καὶ
3357 865 3543 945 ἐδρασ-

150 956 216 1013 τὸ
244 954 374 1011 αύτό
405 954 560 1024 εῒσιν,
584 950 750 1031 ἤγουν
782 953 1074 1027 ὁμονοοῦσι
1105 948 1195 1006 διὰ
1226 948 1580 1025 ματαιότητα.
1905 952 2031 1022 μοῦ.

227 1070 257 1100 ιι
288 1042 531 1107 Πλοῦτος
589 1041 676 1099 ἐὰν
727 1041 843 1119 ῥέῃ,
876 1042 951 1116 μὴ
1000 1038 1349 1114 προστίθεσθε
1382 1035 1630 1112 καρδίαν.
1665 1058 1694 1087 ››
1725 1068 1792 1078 -
2498 1065 2793 1115 ΨΑΛΜΟΣ
2831 1064 2955 1117 ΞΓι,

154 1134 276 1192 Ἐὰν
308 1133 535 1213 φέρηται
561 1132 697 1188 κατᾶ
725 1131 850 1209 ῥοῦν
869 1131 899 1187 6
917 1129 1156 1192 πλοῦτος
1176 1129 1325 1203 ὑμῖν,
1343 1129 1418 1202 μή
1451 1123 1795 1201 προσηλοῦτε

153 1222 301 1296 αὐτῷ
327 1222 427 1291 τὴν
457 1218 701 1298 καρδίαν.

228 1335 259 1365 ιι
287 1309 464 1381 ’Δπαξ
519 1307 782 1380 ἐλάλησεν
815 1308 845 1363 6
873 1306 1023 1370 Θεός’
1059 1304 1155 1361 δύο
1210 1309 1378 1361 ταῦτα
1404 1301 1631 1375 ἤκουσα.
1666 1325 1695 1354 ››
1726 1333 1795 1343 -

151 1400 224 1456 Τὸ
279 1400 415 1473 ἅπαξ
476 1396 594 1453 ἀντὶ
638 1400 737 1454 τοῦ
788 1390 1020 1473 βεϐαίως
1086 1395 1176 1451 καὶ
1222 1394 1399 1471 χωρὶς
1448 1390 1794 1465 δισσολογίας

151 1488 327 1553 τινός.

222 1602 253 1633 ιι
282 1580 403 1633 Ὅτι
456 1574 522 1632 τὰ
562 1577 759 1653 κράτος
806 1578 905 1631 τοῦ
971 1578 1128 1645 Θεοῦ,
1178 1572 1268 1630 καὶ
1316 1575 1437 1642 σοῦ,
1485 1569 1680 1647 Κύριος
1733 1568 1797 1624 τὸ

151 1666 324 1731 ἔλεος.
359 1690 390 1719 »
418 1697 489 1709 —-
530 1668 648 1721 Ὀτι
698 1664 727 1719 6
774 1664 905 1726 Θεὸς
967 1662 1130 1736 μόνος
1179 1660 1455 1736 κραταιὸς,
1500 1658 1591 1715 καὶ
1638 1657 1721 1714 ὅτι
1769 1658 1797 1711 6

151 1756 284 1817 Θεὸς
336 1754 497 1831 μόνος
554 1753 829 1829 ἐλεήμων,
875 1752 967 1808 καὶ
1017 1753 1094 1815 ὡς
1146 1751 1240 1825 μὲν
1289 1748 1543 1827 κραταιὸς
1586 1747 1798 1803 ἀπώσε-

150 1866 241 1902 ται
292 1843 421 1908 τοῦς
500 1842 732 1920 ἐχθροὺς
790 1844 971 1916 ἡμῶν·
1033 1841 1109 1903 ὡς
1178 1838 1430 1913 ἐλεήμων
1483 1835 1541 1893 66
1586 1834 1799 1907 ἐλεήσει

156 1936 307 2009 ἡμᾶς
333 1933 427 1990 καὶ
456 1926 861 2011 προσλάϐηται.

1976 1187 2004 1215 ιι
2035 1162 2129 1225 Εἷς
2185 1164 2247 1218 τὸ
2299 1163 2478 1237 τέλος,
2509 1164 2726 1238 ψαλμὸς
2780 1171 2858 1239 τῷ
2915 1166 3096 1224 Δαυίδ.
3132 1169 3478 1244 Είσάκουσον,
3511 1175 3540 1228 6

1904 1252 2051 1321 Θεὸς,
2085 1260 2270 1330 φωνῆς
2332 1274 2436 1327 μου
2496 1253 2548 1309 ἐν
2605 1260 2684 1327 τῷ
2723 1253 2929 1321 δέεσθαί
2984 1279 3050 1331 με
3105 1260 3242 1335 πρὸς
3300 1262 3375 1316 σέ.
3410 1287 3439 1315 ››
3470 1294 3543 1307 --

1905 1340 2007 1399 Καί
2059 1342 2215 1404 οὗτος
2262 1347 2340 1415 τῷ
2395 1343 2502 1417 πρὸ
2558 1343 2722 1399 αὐτοῦ
2782 1345 3089 1418 ἀκολουθεῖ,
3121 1350 3215 1411 τὰς
3261 1354 3368 1405 τῶν
3398 1352 3543 1406 ἀνω-

1902 1429 2044 1507 τέρω
2076 1430 2346 1507 ῥηθέντων
2375 1431 2584 1508 ἐχθρῶν
2620 1429 2913 1497 ἐπιϐουλὰς
2943 1434 3328 1513 διηγούμενος.

1980 1543 2008 1572 ιι
2039 1520 2313 1575 Σκέπασόν
2396 1541 2462 1595 με
2536 1522 2641 1576 ἀπὸ
2716 1531 3019 1603 συστροφῆς
3076 1529 3543 1603 πονηρευομένων,

1908 1609 2013 1696 ἀπὸ
2068 1608 2315 1680 πλήθους
2363 1608 2736 1685 ἐργαζομένων
2783 1609 3015 1672 ἀδικίαν.
3048 1637 3076 1667 ››
3109 1648 3180 1659 -
3229 1619 3545 1696 Συστροφήν

1909 1695 2058 1772 λέγει
2086 1697 2149 1752 τὸ
2178 1697 2449 1771 σύστημα.

1982 1809 2013 1838 ιι
2046 1786 2336 1842 Ἐνέτειναν
2366 1788 2429 1843 τὸ
2482 1787 2636 1859 τόξον
2685 1789 2882 1861 αὐτῶν,
2940 1797 3169 1868 πρᾶγμα
3223 1794 3438 1871 πικρὸν,
3469 1801 3548 1869 τῷ

1910 1874 2261 1960 ἀποτοξεῦσαι
2318 1874 2369 1931 ἐν
2448 1878 2783 1956 ἀποκρύφοις
2850 1876 3098 1954 ἄμωμον.
3161 1907 3184 1936 ι
3235 1916 3306 1927 -
3359 1885 3546 1960 Ὑπερ-

1830 1967 1878 2032 Β
1908 1958 2143 2026 ϐατικῶς
2197 1963 2522 2041 ηὖτρέπισαν
2573 1969 2671 2038 τήν
2729 1967 2981 2044 γλῶσσαν
3040 1970 3215 2027 αὐτῶν
3265 1972 3340 2035 ὡς
3368 1958 3546 2044 τόξον

740 2059 1037 2111 ΨΔΛΜΟΣ
1075 2056 1205 2111 ΞΒ.
1911 2051 2049 2108 ὥστε
2105 2050 2175 2107 δι’
2222 2053 2389 2123 αὐτῆς
2436 2054 2782 2132 ἐπιχειρῆσαι
2830 2057 3001 2135 λάθρα
3039 2060 3174 2115 κατὰ
3230 2066 3327 2116 τοῦ
3398 2063 3549 2118 ἀναι-

229 2172 258 2202 ιι
290 2145 528 2222 Ψαλμὸς
555 2149 635 2218 τῷ
661 2141 850 2215 Δαυῒδ,
881 2142 934 2199 ἐν
964 2147 1045 2216 τῷ
1072 2142 1203 2199 εἶναι
1253 2141 1410 2197 αὐτὸν
1460 2140 1513 2197 ἐν
1558 2144 1627 2215 τῇ
1672 2140 1803 2216 ἐρήο
1908 2142 2050 2197 τίου’
2084 2140 2215 2219 ὅπερ
2247 2141 2355 2197 ἐστὶ
2385 2148 2614 2219 πρᾶγμα
2641 2146 2855 2218 πικρόν.

162 2259 251 2313 μῳ
294 2243 417 2308 τῆς.
448 2232 734 2298 Ἰουδαίας,
767 2232 901 2298 Θεὸς
931 2234 960 2288 6
988 2231 1118 2295 Θεός
1170 2253 1296 2307 μου,
1345 2231 1482 2306 πρὸς
1522 2231 1580 2285 c6
1618 2228 1802 2306 ὀρθρί·
1984 2255 2011 2284 ιι
2046 2230 2297 2302 Ἐξάπινα
2350 2233 2788 2304 κατατοξεύουσιν
2848 2236 3030 2307 αὐτὸν,
3089 2239 3178 2293 καὶ
3244 2238 3307 2294 οὐ
3382 2234 3551 2319 φοϐη-

161 2332 256 2398 ζω.
307 2359 376 2369 -
422 2323 607 2387 Οὕτως
648 2323 701 2379 ἐν
747 2321 916 2398 ταύτῃ
972 2325 1040 2396 τῇ
1086 2320 1304 2398 ἐρήμῳ,
1349 2320 1439 2375 καὶ
1509 2319 1644 2393 μετὰ
1702 2323 1803 2387 τῆς
1911 2321 2187 2391 θήσονται.
2220 2344 2249 2374 ››
2281 2354 2349 2364 -
2383 2322 2453 2376 Τὸ
2505 2322 2724 2393 ἐξάπινα
2777 2325 2838 2379 τὸ
2894 2325 3194 2404 αἴφνηδίως
3252 2326 3436 2401 δηλοῖ·
3488 2330 3551 2386 ού

153 2415 423 2487 τοσαύτης
475 2411 765 2478 διαθέσεως
821 2409 1170 2491 ἐνεφανίσθην
1226 2430 1333 2483 σοι,
1392 2408 1444 2464 ἐν
1502 2411 1572 2483 τῇ
1631 2409 1804 2481 σκηνῇ
1915 2404 2317 2485 φοϐηθήσονται
2351 2408 2533 2479 δὲτὴν
2567 2412 2708 2467 θείαν
2742 2413 2930 2489 ὀργήν.
3260 2414 3269 2419 ’

163 2504 437 2584 λατρεύων
465 2524 572 2560 σοι.
987 2582 997 2584 Α
1453 2583 1456 2584 ν
1684 2583 1687 2584 ν
1990 2521 2020 2550 ιι
2051 2498 2442 2575 Ἐκραταίωσαν
2516 2500 2727 2564 ἑαυτοῖς
2806 2502 2968 2579 λόγον
3043 2506 3283 2583 πονηρόν
3311 2551 3324 2564 .
3383 2532 3407 2562 ι
3486 2539 3553 2553 -

234 2582 378 2650 «λεν
426 2596 501 2668 γῇ
553 2591 748 2668 ἐρήμῳ
795 2589 887 2645 καὶ
935 2582 1121 2662 ἀϐάτῳ
1185 2589 1277 2643 καὶ
1340 2583 1578 2661 ἀνύδρῳ,
1630 2583 1805 2647 οὕτως
1917 2587 2221 2663 Ἐκύρωσαν
2309 2594 2437 2664 παρ’
2520 2590 2728 2652 ἑαυτοῖς
2803 2591 2895 2647 τὸν
2979 2591 3139 2669 λόγον
3196 2582 3334 2665 τῆς
3438 2598 3556 2653 ἐπι-

161 2683 216 2740 ἐν
269 2687 349 2757 τῷ
394 2681 533 2758 ἁγίῳ
581 2678 766 2758 ὤφθην
812 2700 917 2751 σοι,
965 2683 1062 2734 τοῦ
1102 2675 1235 2732 ἰδεῖν
1282 2677 1381 2745 τήν
1445 2673 1673 2748 δύναμίν
1711 2695 1807 2729 σου
1917 2670 2147 2748 ϐουλῇς.

159 2773 251 2829 καὶ
307 2772 407 2842 τὴν
463 2768 618 2841 δόξαν
651 2789 767 2826 σου.
801 2791 831 2822 »
860 2800 930 2811 -—
958 2768 1016 2821 '0
1063 2766 1328 2844 ὀρθρίζων
1393 2764 1450 2821 δέ
1507 2786 1591 2820 σοι
1651 2762 1810 2840 παρί-
1990 2789 2019 2818 ιι
2050 2768 2387 2841 Διηγήσαντο
2415 2770 2512 2821 τοῦ
2541 2766 2740 2844 κρύψαι
2770 2768 3022 2846 παγίδας¹
3047 2771 3216 2827 εἶπον.
3249 2762 3339 2837 τίς
3370 2770 3557 2849 ὄψεται

163 2880 385 2936 σταμαι,
416 2856 557 2915 ὥστε
585 2855 716 2912 ἰδεῖν
745 2849 845 2926 τὴν
874 2856 1011 2912 κατὰ
1055 2859 1164 2910 τῶν
1212 2853 1422 2931 ἐχθρῶν
1485 2875 1591 2927 μου
1648 2850 1805 2908 δύνα-
1917 2854 2145 2924 αὐτούς;
2178 2877 2207 2906 ››
2234 2887 2303 2897 -
2334 2854 2725 2932 Εἰσηγήσαντο,
2760 2853 3202 2918 συνεϐούλευσαν.

168 2950 256 3026 μίν
312 2969 412 3005 σου
464 2946 555 3003 καὶ
608 2947 708 3015 τήν
768 2941 922 3016 δόξαν
979 2963 1096 3000 σου·
1145 2944 1181 3013 ἢ
1235 2940 1537 3018 δοξασθήσῃ
1584 2941 1658 3003 ὡς
1702 2944 1810 2996 τῶν
1992 2966 2021 2996 ιι
2049 2942 2437 3015 Ἐξηρεύνησαν
2512 2945 2760 3018 ἀνομίαν.
2818 2971 2848 3000 ››
2913 2981 2982 2990 -
3056 2949 3353 3022 Ἐζήτησαν
3419 2951 3560 3007 ὥστε

165 3037 498 3109 ἐλπιζόντων
532 3032 621 3091 ἐπί
649 3035 708 3089 σὲ
740 3032 965 3108 βοηθός.
1917 3033 2222 3110 χρήσασθαι
2256 3032 2439 3090 αὐτοῦ.

239 3129 417 3183 ιι’¹Οτι
472 3129 718 3200 κρεῖσσον
773 3122 838 3177 τὸ
889 3119 1044 3183 ἔλεός
1099 3140 1194 3175 σου
1254 3118 1386 3195 ὑπὲρ
1445 3118 1607 3187 ζωάς.
1657 3140 1680 3169 ι
1744 3149 1811 3159 -
1991 3145 2021 3175 ιι
2053 3119 2353 3193 Ἐξέλιπον,
2456 3121 2827 3199 ἐξερευνῶντες
2911 3124 3306 3203 ἐξερευνήσεις.
3381 3154 3411 3182 ››
3492 3164 3560 3175 -

171 3217 320 3279 Ζωὰς
369 3213 519 3291 λέγει
573 3213 669 3275 τὰς
727 3209 1011 3291 τρυφηλᾶς
1076 3209 1167 3265 καὶ
1228 3205 1625 3267 ἀπολαυπικᾶς
1692 3205 1809 3282 βιο-
1918 3210 2229 3282 Ἠτόνησαν,
2264 3215 2543 3281 ζητοῦντες
2576 3214 2825 3285 ζητήσεις
2857 3211 3102 3289 δολεράς.

169 3307 288 3368 τάς,
574 3388 594 3401 “
933 3387 949 3401 .
1535 3384 1562 3401 Ν
1793 3383 1809 3401 ‘
1841 3334 1885 3401 Ο
1993 3299 2478 3401 ιιῐξροσελεύσεται
2553 3298 2832 3376 ἄνθρωπος
2913 3304 3003 3358 καὶ
3085 3304 3280 3383 καρδίᾳ
3355 3307 3558 3383 βαθείᾳ·

246 3416 275 3451 α
302 3392 484 3456 Οὕτως
513 3388 799 3469 εὐλογήσω
827 3409 886 3445 σε
931 3387 983 3445 ἐν
1027 3392 1140 3463 ζωῇ
1177 3408 1303 3463 μου.
1337 3410 1366 3440 ››
1393 3419 1462 3430 -
1488 3384 1673 3448 Οὕτως
1721 3383 1811 3439 καὶ
1844 3383 1885 3401 ν
1920 3390 2011 3444 καὶ
2071 3390 2411 3463 ὑψωθήσεται
2458 3390 2487 3444 ὁ
2535 3390 2682 3453 Θεός.
2730 3416 2759 3445 ››
2807 3425 2876 3435 -
2925 3391 3203 3469 Προσέλθῃ
3259 3394 3443 3460 αὐτοῖς
3488 3397 3565 3459 εἷς

168 3487 277 3558 νῦν,
306 3483 580 3539 τουτέστιν
609 3480 661 3552 ἐξ
691 3477 830 3551 ὅλης
861 3482 1066 3555 ψυχῆς.
1925 3478 2216 3551 ὑπηρεσίαν
2275 3486 2375 3547 τῆς
2433 3486 2685 3555 μηχανῆς
2743 3481 3044 3557 ἄνθρωπος,
3100 3483 3190 3538 καὶ
3248 3485 3404 3547 οὗτος
3472 3482 3562 3540 6o-

247 3595 270 3625 ι
304 3574 389 3628 Ἐν
417 3575 496 3645 τῷ
529 3569 758 3645 ὀνόματί
787 3590 882 3625 σου
912 3568 1029 3646 ἀρῶ
1058 3570 1155 3631 τὰς
1186 3565 1378 3644 χεῖράς
1413 3587 1539 3640 μου.
1566 3590 1595 3618 ››
1628 3598 1687 3607 -
1721 3564 1815 3626 Εἰς
1923 3566 2215 3630 λιώτατοςο
2271 3572 2364 3621 καῖ
2420 3564 2589 3641 μηδὲν
2639 3568 2802 3624 αὐτοῦ
2862 3568 3180 3646 ἰσχύσαντος
3241 3570 3566 3646 δοξασθήσε-

171 3662 230 3719 o6
258 3660 424 3737 μόνον
457 3658 775 3716 ἀναπετάσω
803 3659 898 3720 τὰς
926 3657 1118 3734 χεῖράς
1155 3677 1279 3731 μου.
1923 3678 2011 3713 ται
2044 3658 2072 3712 6
2103 3656 2253 3719 Θεός.

245 3757 387 3814 ιιὮς
417 3749 479 3806 ἐκ
507 3747 727 3811 στέατος
764 3746 856 3802 καὶ
903 3745 1167 3817 πιότητος
1219 3742 1558 3819 ἐμπλησθείη
1592 3745 1629 3814 ἡ
1662 3743 1813 3818 ψυχή
1998 3771 2028 3799 ιι
2061 3745 2163 3803 Καὶ
2220 3745 2577 3817 ἐζησθένησαν
2628 3746 2711 3802 ἐπ’
2772 3746 2967 3812 αὐτοὺς
3036 3751 3090 3804 αἱ
3162 3751 3405 3828 γλῶσσαι
3476 3753 3571 3809 αύ-

180 3861 302 3915 μου.
334 3863 365 3894 »
397 3872 467 3884 —
494 3840 697 3914 Ὥσπερ
724 3835 785 3892 ἐκ
811 3836 1029 3898 στέατος
1060 3834 1150 3890 καὶ
1182 3833 1376 3897 λίπους
1422 3831 1676 3903 ἡδύνεταί
1714 3852 1817 3903 τις,
1927 3840 2058 3893 τῶν.
2093 3859 2122 3887 ››
2152 3867 2222 3877 --
2252 3832 2509 3897 Γλώσσας
2541 3833 2685 3912 λέγει
2715 3836 2810 3898 τὰς
2837 3839 3115 3902 συσκευάς.

179 3929 351 3993 οὕτως
378 3928 534 4004 κάγὼ
563 3926 624 3983 ἐκ
643 3930 742 3982 τοῦ
773 3925 956 3999 ὑμνεῖν
989 3945 1064 3980 σε.
2002 3949 2032 3978 ιι
2065 3925 2468 4001 Ἐταράχθησαν
2521 3926 2716 3988 πάντες
2781 3927 2834 3981 οἱ
2895 3931 3219 4005 θεωροῦντες
3288 3930 3503 3994 αύτούς.
3541 3955 3572 3984 ››

254 4041 284 4073 ιι
313 4016 416 4076 Καὶ
446 4013 614 4093 χείλη
645 4012 1022 4093 ἀγαλλιάσεως
1054 4011 1249 4068 αἰνέσει
1296 4011 1358 4066 τὸ
1408 4010 1585 4085 στόμα
1633 4031 1757 4084 μου.
1796 4033 1817 4060 ι
1931 4048 2000 4058 -
2029 4007 2395 4089 Ἐθορύϐησαν
2452 4014 2504 4068 οἱ
2563 4019 2887 4088 θεωροῦντες
2947 4016 3159 4090 αὐτοὺς,
3197 4023 3304 4074 τῶν
3362 4019 3574 4096 ἐπιχει-

176 4140 250 4153 _..
277 4107 377 4163 Καὶ
409 4105 636 4180 στόματι
667 4101 1068 4181 ἀγαλλιωμὲνῳ
1095 4099 1290 4157 α’ίνέσω
1321 4121 1379 4156 σε
1934 4124 1999 4180 ρη
2012 4103 2193 4177 μάτων
2240 4101 2733 4179 ἀποτυγχάνοντας*
2783 4106 2837 4158 οἱ
2883 4107 3283 4183 παρῳχημένοι
3351 4106 3409 4163 66
3456 4108 3572 4177 ἀντὶ

255 4222 283 4250 ιι
314 4195 381 4252 Εἰ
429 4192 802 4270 ἐμνημόνευόν
842 4212 938 4249 σου
985 4190 1073 4247 ἐπὶ
1114 4197 1214 4261 τῆς
1262 4192 1552 4265 στρωμνῆς
1605 4210 1730 4262 μου,
1771 4185 1823 4242 ἐν
1938 4190 2274 4267 μελλόντων,

177 4291 297 4349 τοῖς
348 4280 568 4363 ὄρθροις
625 4280 897 4357 ἐμελέτων
945 4280 1022 4344 εἰς
1071 4278 1146 4335 σέ·
1200 4278 1283 4335 ὅτι
1317 4277 1575 4356 ἐγενήθης
1631 4275 1828 4353 βοηθός
2007 4305 2037 4334 ιι
2069 4280 2168 4335 Καὶ
2208 4280 2534 4356 ἀνήγγειλάν
2560 4283 2628 4336 τὰ
2675 4280 2803 4359 ἔργά
2841 4287 2939 4338 τοῦ
2982 4288 3116 4339 Θεοῦ
3162 4285 3251 4339 καὶ
3298 4287 3583 4358 ποιήματα

184 4396 314 4451 μου.
357 4398 388 4427 ››
444 4406 515 4417 -
567 4374 1015 4449 Ἀντιχρονικῶς,
1072 4369 1188 4426 ἐπεὶ
1251 4367 1534 4444 μέμνημαί
1590 4388 1686 4422 σου
1739 4365 1829 4421 καὶ
1937 4370 2101 4425 αὐτοῦ
2152 4376 2407 4439 συνῆκαν.
2467 4394 2496 4423 »
2557 4404 2626 4414 —
2674 4372 2951 4447 Ἔγνωσαν
3021 4373 3109 4427 οἷα
3167 4379 3316 4429 ποιεῖ
3365 4374 3581 4450 βοηθῶν

181 4465 391 4536 ὑπνῶν,
423 4462 514 4519 διὰ
556 4465 719 4518 τοῦτο
749 4460 903 4523 εὐθὺς
935 4461 1049 4534 ἅμα
1094 4463 1174 4532 τῷ
1229 4460 1625 4537 ἀφυπνισθῆναι
1674 4454 1829 4532 λογί-
1939 4464 2054 4522 τοῖς
2080 4456 2299 4522 δούλοις
2332 4459 2515 4517 αὐτοῦ.

179 4560 247 4625 ζο
254 4574 351 4629 μαι
379 4552 504 4629 περὶ
528 4554 648 4610 σοῦ.

259 4623 288 4696 ιι
319 4623 631 4713 Ἐκολλήθη
674 4640 710 4710 ἡ
758 4640 912 4715 ψυχή
967 4659 1073 4713 μου
1120 4637 1297 4694 ὀπίσω
1343 4657 1449 4693 σοι.
1482 4658 1511 4689 ››
1551 4665 1624 4679 -
1652 4631 1837 4706 Ἐδεή-
1870 4707 1905 4715 _
2532 4626 2827 4678 ΨΑΛΜΟΣ
2866 4623 2993 4680 ΞΝ.

176 4735 286 4804 θην
317 4707 673 4787 ὄπισθέν-σου
948 4707 1049 4798 ἧς
1105 4727 1321 4805 ἀγάπης
1360 4723 1563 4799 δεσμῷ·
1616 4721 1700 4779 διὸ
1748 4723 1837 4779 καὶ
1868 4707 1916 4773 D
2020 4752 2048 4781 ιι
2079 4727 2174 4791 Εἷς
2222 4727 2283 4782 τὸ
2320 4726 2500 4801 τέλος,
2533 4726 2752 4802 ψαλμὸς
2789 4730 2870 4801 τῷ
2910 4727 3095 4800 Δαυῒδ,
3129 4728 3247 4804 ᾠδὴ
3296 4730 3586 4805 Ἰερεμίου,

179 4815 489 4879 ἀντελάϐου
522 4839 649 4893 μου.
1946 4818 2037 4874 καὶ
2067 4817 2328 4887 Ἰεζεκιήλ
2358 4816 2439 4890 τῷ
2467 4815 2586 4889 λαῷ
2615 4824 2716 4887 τῆς
2744 4819 3054 4895 παροικίας,
3086 4819 3176 4875 ὅτε
3216 4816 3452 4894 ἔμελλον
3501 4819 3590 4875 ἐκ-

267 4932 297 4963 ιι
326 4906 800 4986 Παραδοθήσονται
874 4906 953 4969 εἷς
1039 4910 1233 4983 χεῖρας
1320 4903 1613 4984 ῥομφαίας.
1684 4927 1714 4955 ››
1783 4935 1841 4946 -
1948 4905 2288 4980 πορεύεσθαι.
2345 4929 2373 4957 ››
2420 4938 2490 4947 —
2536 4907 2599 4960 Ἡ
2651 4906 2745 4979 μὲν
2793 4909 3079 4983 προσθήκη
3126 4911 3229 4978 τῆς
3286 4907 3592 4987 ἐπιγραφῆς

181 5002 390 5075 Χεῖρας
448 4994 720 5076 ῥομφαίας
764 4994 853 5050 ἐπὶ
900 4998 1005 5051 τῶν
1054 4995 1300 5071 ἀοράτων
1357 4995 1571 5070 ἐχθρῶν
1593 4993 1658 5048 τὸ
1706 4989 1840 5070 ἄφυ-
1950 5001 2110 5051 πᾶσιν
2149 4994 2285 5065 ἅπαξ
2344 4991 2535 5056 ἁπλῶς
2594 4989 2886 5050 ὠϐέλισται
2936 5001 3053 5058 τοῖς
3106 4995 3415 5073 ἐξηγηταῖς.
3467 4996 3598 5052 Φαί-

183 5108 324 5146 κτον
368 5090 468 5143 τοῦ
516 5085 720 5165 ξίφους,
764 5084 801 5153 ἢ
849 5083 948 5154 τὴν
1002 5081 1313 5157 πολεμικὴν
1366 5079 1537 5153 δεξιὰν
1594 5080 1839 5152 νοητέον⁶
1951 5105 2093 5140 νεται
2154 5080 2212 5138 66
2268 5080 2512 5154 δηλοῦσα
2568 5079 2645 5138 ἔτι
2702 5084 2961 5161 πρότερον
3025 5086 3118 5159 μὲν
3168 5085 3397 5160 στόματι
3447 5086 3600 5161 μόνῳ

192 5178 291 5236 ἐπὶ
344 5173 402 5232 66
444 5178 553 5231 τῶν
620 5173 867 5251 ἀοράτων
912 5173 1013 5243 τὴν
1069 5171 1361 5250 τιμωρίαν⁸
1418 5172 1728 5227 κατώτατον
1789 5166 1847 5224 66
1956 5171 2046 5228 διὰ
2106 5192 2265 5226 τινων
2343 5168 2612 5247 στιχάδων
2671 5172 2935 5249 Ἱερεμίου
2995 5174 3085 5228 καὶ
3145 5174 3409 5244 Ἰεζεκιήλ
3476 5175 3606 5245 ἧσεν

189 5274 302 5339 τῆς
328 5272 430 5343 γῆς
459 5264 548 5320 τὸν
580 5262 870 5340 τάρταρον.
1959 5262 1987 5316 6
2044 5262 2342 5339 Προφήτης
2397 5260 2488 5315 τὸν
2540 5261 2780 5336 παρόντα
2843 5257 3088 5336 ψαλμόν·
3145 5262 3364 5341 ὕστερον
3426 5260 3484 5318 66
3536 5260 3610 5318 δι’

275 5379 305 5410 ιι
337 5350 564 5430 Μερίδες
624 5350 925 5408 ἀλωπέκων
1005 5348 1235 5409 ἔσονται.
1288 5373 1318 5403 ››
1363 5382 1434 5395 --
1479 5351 1549 5404 Ἦ
1598 5347 1681 5403 ὅτι
1731 5352 1851 5409 τοῖς
1959 5348 2149 5403 ἐαυτοῦ
2220 5349 2248 5402 6
2311 5349 2608 5425 Προφήτης
2690 5347 2781 5403 σὺν
2867 5348 3084 5425 ὀργάνῳ
3153 5349 3446 5429 ψαλτηρίῳ
3519 5351 3610 5406 τὸν

197 5444 416 5523 θηρίοις
477 5442 617 5519 βορὰ
669 5441 1068 5517 προκείσονται,
1102 5440 1137 5510 ἢ
1187 5438 1270 5495 ὅτι
1323 5439 1414 5494 καὶ
1463 5438 1565 5494 ὑπὸ
1618 5435 1850 5523 εὐτελῶν
1959 5441 2206 5493 τοιοῦτον
2309 5434 2527 5510 ψαλμὸν
2632 5435 2936 5512 ἐψαλτῴδει
3035 5441 3312 5515 προσώπῳ
3403 5439 3612 5517 αἰχμα-

196 5520 294 5590 καῖ
353 5529 658 5607 ἐλαχίστων
734 5527 1194 5605 ἀναιρεθήσονται·
1254 5531 1363 5583 τῶν
1441 5524 1712 5599 δαιμόνων
1796 5520 1854 5579 66
1963 5523 2145 5581 λώτου
2203 5524 2358 5596 λαοῦ,
2418 5525 2500 5580 ὅτι
2580 5525 2686 5581 ἀπὸ
2756 5534 2855 5598 τῆς
2925 5526 2977 5582 ἐν
3057 5523 3341 5585 Βαϐυλῶνι
3414 5549 3609 5606 παροι-

200 5620 475 5698 ἀναίρεσις
503 5619 540 5689 ἠ
570 5619 706 5687 ἧττα
736 5616 827 5672 καὶ
855 5614 1138 5677 παντελῶς
1169 5610 1520 5686 ἁπεσόϐησις.
1963 5612 2082 5676 κίας
2165 5611 2383 5688 ⁴ἤμελλε
2464 5615 2602 5690 πρὸς
2703 5617 2802 5686 τήν
2890 5616 3197 5692 Ἰερουσαλὴ
3209 5639 3249 5691 μ
3332 5617 3614 5695 ἐκπορεύε-

279 5708 782 5779 ιι-Ἐπαινεθήσεται
826 5709 930 5768 πᾶς
980 5705 1010 5759 6
1051 5703 1268 5778 ὀμνύων
1319 5703 1372 5761 ἐν
1422 5703 1589 5779 αὐτῷ,
1620 5701 1703 5759 ὅτι
1746 5702 1857 5759 ἐνε-
1967 5704 2107 5759 σθαι·
2168 5701 2495 5783 προφητεύει
2568 5700 2626 5759 66
2699 5705 2822 5782 περί
2892 5727 2952 5762 τε
3021 5709 3119 5777 τῆς
3188 5704 3451 5763 ἐπανόδου
3502 5707 3612 5763 τὼν

207 5795 423 5882 σφράγη
481 5796 544 5855 τὸ
582 5795 757 5873 στόμα
806 5792 1113 5852 λελούντων
1173 5788 1342 5854 ἔδικα.
1377 5818 1407 5847 ››
1457 5826 1524 5838 -—
1578 5794 1737 5858 Ἔθος
1789 5795 1855 5865 ἦν
1968 5791 2019 5850 ἐν
2068 5786 2375 5863 Βαϐυλῶνι,
2424 5793 2512 5850 καὶ
2560 5795 2683 5875 περὶ
2752 5802 2850 5867 τῆς
2914 5791 3183 5859 εὐσεϐείας
3246 5802 3349 5854 τῶν
3424 5795 3612 5857 ἐθνῶν.
