3998 6506
8 902 57 971 Ξῖ
64 916 71 925 ἰ

8 956 98 1065 3V"

24 1166 41 1195 ρ

402 464 557 527 1487
1631 457 2057 525 NIGEPHORI
2100 458 2540 522 Βωιιιιιωε
3648 454 3796 519 illi

471 619 501 647 «
534 595 631 650 Σοὶ
662 595 853 672 πρέπει
884 593 1075 669 ὕμνος,
1106 596 1137 652 6
1165 594 1319 668 Θεὸς,
1349 593 1402 651 ἐν
1436 595 1603 651 Σιών·
1634 595 1726 650 καὶ
1773 591 1860 649 σοὶ
1906 591 2047 646 ἀποο
2072 593 2129 660 Α
2153 601 2256 671 τῆς
2329 592 2398 648 τὰ
2472 589 2612 667 βάθη
2704 594 2813 645 τῶν
2894 586 3160 665 καρδιῶνθ
3230 589 3552 665 γαν-ἤματα
3626 586 3687 644 ἃ
3748 590 3799 645 ἀ

400 680 685 754 δοθήσεται
739 685 879 761 εὐχὴ
937 683 991 739 έν
1048 682 1433 762 Ἰερουσαλήμ.
1467 708 1499 737 ιο
1526 717 1596 727 -
1625 708 1655 736 α
1712 681 2042 739 Εἰσάκουσον

398 780 715 848 προσευχῆς
747 795 872 847 μου.
903 774 1041 850 πρὸς
1085 774 1146 829 σὶ
1180 779 1326 828 πᾶσα
1374 773 1503 850 σὰρξ
1530 770 1669 844 ἥξει.
1719 794 1751 824 κ
1779 802 1851 813 —
1874 773 2043 826 Τοῦτο

400 862 705 938 προφητεία
730 862 855 939 περὶ
884 865 982 933 τῆς
1013 862 1334 938 θεογνωσίας
1369 863 1461 917 καὶ
1510 860 1725 936 μᾶλλον
1769 866 1872 930 τῆς
1917 857 2043 934 περὶ

398 951 496 1018 τήν
529 950 835 1007 συντέλειαν
861 954 1263 1027 γενησομένης.

473 1073 503 1100 ι(
532 1048 701 1125 Λόγοι
745 1048 964 1123 ἀνόμων
1016 1048 1502 1126 ὗπερεδυνάμωσαν
1752 1071 1782 1099 κ
1812 1079 1879 1091 -·
1916 1050 2043 1109 Τοῖς

403 1136 591 1211 λόγοις
615 1142 724 1192 τῶν
755 1137 970 1213 ἀνόμων
1003 1138 1104 1193 οὐκ
1131 1139 1504 1212 ἠσθενήσαμεν
1534 1139 1635 1206 τήν
1654 1137 1732 1200 εἰς
1759 1137 1818 1191 σὲ
1844 1136 2043 1209 πίστιν,

402 1224 549 1282 ἀλλά
591 1225 683 1282 καὶ
731 1227 853 1282 λίαν
901 1224 1400 1301 ἐνεδυναμώθημεν’
1447 1224 1534 1281 διὸ
1581 1231 1700 1289 ταῖς
1754 1226 2044 1302 προτέραις

401 1309 670 1377 ἀσεϐείαις
696 1317 857 1389 ἡμῶν
890 1314 1184 1392 σύγγνωθι.

474 1428 506 1456 ‹‹
535 1405 958 1475 Κατασκηνώσει
1008 1403 1060 1459 ἒν
1115 1409 1236 1467 ταῖς
1292 1403 1485 1467 αὐλαῖς
1541 1418 1660 1460 σου.
1692 1427 1723 1457 ιι
1750 1435 1821 1446 -
1866 1399 2043 1459 Δύλαὶ

398 1496 530 1547 Θεοῦ
593 1491 863 1564 αἰσθητῶς
912 1492 1009 1567 μὲν
1052 1492 1104 1547 οἱ
1151 1494 1288 1548 θεῖοι
1334 1493 1477 1565 ναοὶ,
1519 1496 1733 1563 νοητῶς
1764 1488 1824 1546 δὲ
1849 1492 1907 1546 αἱ
1931 1492 2044 1546 ἄνω

408 1586 590 1654 μοναί.

472 1694 505 1723 κ
536 1668 973 1745 Πλησθησόμεθα
1018 1670 1072 1726 ἐν
1120 1675 1238 1734 τοῖς
1282 1670 1502 1747 ἀγαθοῖς
1548 1674 1646 1725 τοῦ
1676 1667 1833 1725 οἴκου
1862 1691 1979 1725 σου.
2013 1694 2044 1723 ››

400 1791 470 1803 -
497 1759 661 1822 Οἶκος
707 1765 840 1820 Θεοῦ
888 1762 918 1816 6
966 1759 1213 1837 οὐράνιος
1271 1764 1481 1837 χῶρος,
1521 1759 1612 1815 καὶ
1665 1759 1841 1836 ἀγαθά
1879 1758 2045 1815 αὐτοῦ

401 1849 459 1902 αῖ
505 1847 634 1911 τοὺς
695 1845 940 1911 δικαίους
1005 1849 1256 1923 μένουσαι
1320 1846 1668 1912 ἀπολαύσεις’
1715 1850 1807 1904 καὶ
1848 1851 1885 1919 ἡ
1928 1850 2047 1905 Ἐκ-

2223 702 2361 739 εται.

2423 774 2544 832 ταῖς
2616 766 2863 845 σταγόσιν
2945 766 3112 836 αὐτῆς
3681 766 3797 823 ἆνε-

2148 859 2439 916 τέλΛουσα.
2490 882 2521 911 n
2568 890 2640 901 —
2697 855 2964 932 Σταγόνες
3013 856 3069 911 αἱ
3123 855 3231 911 ἀπὸ
3290 859 3403 911 τῶν
3454 853 3794 912 διδωωάλων

2150 950 2441 1018 στάζουσαι
2483 943 2714 1022 ψεκάδες
2759 953 2861 1015 τῆς
2909 942 3162 1020 διδαχῆς,
3195 945 3281 1022 ὑφ’
3314 943 3391 1000 ὧν
3446 943 3799 1015 ταανθήσιται

2150 1038 2429 1095 θάλλουσά
2471 1058 2533 1093 τε
2572 1036 2663 1092 καὶ
2714 1034 2963 1108 αὔξουσα.
2992 1035 3065 1091 T6
3106 1031 3167 1090 δὲ
3209 1034 3379 1105 αὐτῆς
3424 1034 3494 1089 τὸ
3535 1031 3613 1089 δι’
3640 1034 3794 1103 ὠπήν

2152 1127 2283 1183 εἶναι
2310 1128 2408 1189 τὰς
2433 1125 2701 1203 σταγόνας
2731 1122 2919 1194 δηλοῖ.

2226 1239 2250 1269 ι
2284 1213 2620 1292 Εὐλογήσεις
2706 1213 2801 1269 τὸν
2869 1212 3124 1291 στέφανον
3193 1217 3294 1268 τοῦ
3375 1211 3635 1269 ἔνιαιτοῦ
3705 1220 3798 1283 τῆς

2151 1303 2532 1382 χρηστότητός
2595 1323 2714 1361 σου.
2767 1326 2797 1353 η
2842 1334 2915 1345 -
2958 1302 3145 1377 Ἀγιον
3205 1300 3461 1372 ποιήσεις
3506 1301 3607 1357 καὶ
3656 1300 3798 1357 ἐπαι-

2150 1394 2410 1467 νούμενον
2465 1393 2558 1448 τὸν
2607 1390 2811 1448 κύκλον
2856 1394 2957 1446 τοῦ
3000 1389 3244 1446 ἐνιαυτοῦ
3282 1397 3386 1460 τῆς
3448 1397 3559 1461 σῆς
3606 1390 3802 1466 ἀγαθό-

2148 1504 2337 1555 τητος.
2390 1482 2666 1545 Ἐνιαυτὸς
2722 1478 2783 1535 δὶ
2822 1482 2923 1549 τῆς
2984 1483 3083 1534 τοῦ
3130 1479 3333 1555 Κυρίου
3774 1479 3806 1534 δ

2150 1573 2252 1643 τῆς
2281 1568 2576 1644 ἐπιδημίας
2602 1568 2805 1625 τούτου
2831 1567 3042 1642 καιρός.

2226 1685 2258 1715 σι
2286 1660 2388 1716 Καὶ
2426 1660 2496 1716 τὰ
2534 1657 2698 1714 πεδία
2742 1678 2839 1713 σου
2878 1654 3284 1729 πλησθήσονται
3339 1656 3645 1727 πιότητος.
3679 1680 3801 1710 »-

2153 1751 2253 1807 Διὰ
2303 1753 2411 1806 τῶν
2458 1745 2660 1805 πεδίων
2705 1746 2798 1803 καὶ
2840 1751 2950 1802 τῶν
3002 1747 3210 1822 βου-ρῶν
3252 1746 3344 1802 καὶ
3385 1750 3501 1802 τῶν
3524 1745 3803 1803 mulam

2154 1838 2392 1919 ἐκφαίνει
2420 1839 2496 1901 ὡς
2528 1839 2668 1900 ἅπας
2688 1835 2860 1899 τόπος
2889 1833 3200 1908 ὑποδέξεται
3225 1834 3354 1899 τοὺς
3382 1835 3653 1898 πιστούς.

396 1936 599 2029 κλησία
629 1935 703 2029 *δὲ
745 1942 853 2029 τῶν
901 1942 1105 1994 πιστῶν
1153 1938 1302 2001 οἶκος
1349 1942 1504 2012 Θεοῦ,
1549 1939 1641 1994 καὶ
1698 1939 1873 2015 ἀγαθᾶ
1914 1940 2045 1996 ταύ-
2073 1962 2125 2029 Β
2182 2019 2199 2029 .
2231 1928 2686 2029 ...Πιανθήσοντιυἰ
2706 1927 2776 1981 τὰ
2802 1924 2978 2003 ὡραῖα
3000 1923 3457 2029 τοῦοξρῆξονξαῖ

396 2046 497 2097 της
525 2026 594 2081 τὰ
620 2026 738 2082 θεῖα
765 2023 1030 2105 δόγματα.

472 2118 721 2190 σ’Λγιος
770 2116 800 2170 6
846 2116 974 2178 ναός
1022 2136 1138 2188 σου,
1188 2113 1496 2190 θαυμαστὸς
1544 2115 1598 2172 έν
1644 2113 1969 2193 δικαιοσύνῃ.
2007 2141 2040 2172 κ

397 2236 464 2246 -
496 2204 796 2280 ’Δγιασμοῦ
851 2203 1075 2280 πλήρης
1103 2204 1133 2259 6
1163 2204 1255 2266 σὸς
1307 2203 1455 2267 ναός.
1488 2206 1546 2258 Ὀ
1600 2205 1749 2260 κάτω
1795 2206 1885 2261 καὶ
1930 2208 2042 2262 ἅνω

396 2290 486 2346 καὶ
534 2290 587 2346 ἒν
632 2295 705 2366 τῇ
752 2295 821 2367 σῇ
888 2290 1195 2368 δικαιοσύνῃ
1258 2292 1603 2366 θαυμάζεταιο
1657 2295 1686 2349 6
1731 2295 1879 2350 κάτω
1948 2296 2045 2370 μὲν

397 2377 490 2436 διὰ
552 2384 661 2435 τῶν
737 2382 843 2436 σῶν
916 2380 1117 2458 λογίων
1169 2378 1435 2438 διδάσκων
1487 2382 1666 2439 αὐτόν·
1724 2384 1753 2439 6
1810 2383 1922 2440 ἄνω
1982 2381 2043 2441 δὲ

394 2474 705 2546 πρακτικῶς
759 2469 925 2540 αὐτὴν
985 2467 1349 2546 διηγούμενος
1407 2469 1497 2526 διὰ
1549 2478 1649 2543 τῆς
1718 2475 1836 2529 κατ’
1892 2471 2041 2545 ἀξίαν

398 2558 603 2632 ἑκάστῳ
632 2556 901 2634 διανομῆς
928 2564 1035 2614 τῶν
1066 2557 1177 2615 ἐκεῖ
1205 2560 1574 2617 ἀναπαύσεων.

472 2681 494 2708 ι
527 2656 856 2713 Ἐπάκουσον
886 2636 922 2727 ἦ
932 2660 1067 2730 μῶν,
1090 2658 1120 2713 6
1151 2658 1348 2733 Σωτήρ
1396 2661 1582 2731 ἡμῶν,
1612 2661 1648 2729 ἡ
1691 2658 1849 2723 έλπὶς
1905 2661 2039 2715 πάν-

392 2765 503 2800 των
558 2750 667 2801 τῶν
713 2746 958 2822 περάτων
1004 2753 1107 2817 τῆς
1155 2753 1262 2823 γῆς
1304 2746 1395 2802 καὶ
1417 2752 1527 2803 τῶν
1558 2747 1610 2803 έν
1642 2746 1883 2824 θαλάσσῃ
1932 2771 2034 2823 μα-

393 2833 547 2910 κράν.
582 2858 612 2886 »
641 2867 712 2878 -
738 2834 809 2890 T6
842 2835 1049 2911 μακρὰν
1074 2836 1139 2890 τὸ
1167 2835 1357 2912 πόρῥω
1411 2843 1512 2906 τῆς
1563 2836 1794 2911 ἠπείρου
1845 2835 2036 2910 δηλοῖ,

395 2919 485 2977 διὰ
515 2921 574 2979 δέ
600 2931 704 2995 τῆς
733 2921 1009 2995 θαλάσσης
1036 2924 1133 2987 τὰς
1162 2927 1363 2996 νήσους
1395 2923 1685 2999 ἐσήμανεν.

463 3045 493 3072 ‹‹
525 3022 859 3095 Ἐτοιμάζων
908 3016 1011 3097 ὅρη
1059 3021 1111 3076 έν
1157 3026 1227 3096 τῇ
1259 3021 1414 3098 ἰσχύϊ
1441 3022 1625 3079 αὐτοῦ.
1661 3046 1691 3075 ››
1725 3057 1792 3067 -
1847 3025 2032 3098 Συνεξ-

390 3110 639 3165 ακούεται
669 3110 734 3165 τὸ
761 3108 891 3166 ἔστι·
922 3111 987 3166 τὸ
1016 3110 1317 3185 έτοιμάζων
1350 3108 1409 3167 δὲ
1452 3112 1517 3167 τὸ
1559 3109 1796 3189 έδράζων
1845 3111 2031 3184 δηλοῖ.

466 3224 488 3251 ιι
522 3198 961 3277 Περιεζωσμένος
1030 3198 1083 3255 ἐν
1151 3196 1449 3272 δυναστείᾳ.
1509 3224 1539 3254 ››
1595 3234 1665 3245 -
1715 3208 2036 3280 Περικεκυκ-

388 3287 639 3363 λωμένος
662 3292 734 3363 τῇ
764 3288 972 3364 ἀπείρῳ
1001 3284 1243 3362 δυνάμει.

460 3402 491 3431 «
521 3377 966 3455 Ταραχθήσονται
1032 3378 1099 3432 τὰ
1157 3376 1310 3449 ἔθνη,
1356 3378 1448 3434 καὶ
1504 3373 1908 3457 φοϐηθήσονται
1977 3383 2033 3437 οἰ

387 3472 764 3530 κατοικοῦντες
814 3468 883 3523 τὰ
935 3466 1139 3543 πέρατα
1186 3467 1294 3523 ἀπὸ
1365 3472 1473 3524 τῶν
1530 3468 1774 3542 σημείων
1823 3491 1941 3527 σου.
2000 3494 2032 3525 ιι

387 3590 458 3600 -—
488 3556 587 3613 Διά
610 3558 674 3612 τὸ
704 3552 985 3627 ἄηθεςκαὶ
1011 3558 1155 3628 ξένον
1183 3561 1283 3613 τοῦ
1333 3556 1685 3634 εὐαγγεκικοῦ
1734 3558 2030 3636 κηρύγμα-

386 3666 500 3709 τος.

459 3759 490 3788 ‹‹
522 3732 769 3807 Ἐξόδους
843 3732 1055 3813 πρωΐας
1127 3734 1218 3792 καὶ
1301 3734 1527 3810 ἑσπέρας
1580 3736 1819 3814 τέρψεις.
1878 3762 1909 3793 »
1958 3771 2031 3783 --

387 3823 486 3879 Καὶ
542 3825 639 3887 τὰς
695 3821 909 3898 ἐξόδους
962 3831 1064 3895 τῆς
1134 3822 1349 3902 πρωίας
1420 3823 1594 3902 ¹ἤγουν
1678 3826 1797 3883 ὅθεν
1883 3827 2025 3906 ἐξέρ-

384 3932 540 3989 χεται
596 3911 687 3968 καὶ
744 3913 971 3990 ἄρχεται
1026 3914 1061 3984 ἠ
1119 3911 1326 3987 πρωΐα,
1364 3915 1454 3969 καὶ
1509 3914 1605 3978 τὰς
1654 3913 1870 3989 ἐξόδους
1924 3923 2026 3987 τῆς

382 3999 627 4092 ἑσπέρας,
685 3999 857 4092 ἤγουν
912 4001 1004 4092 καὶ
1057 4004 1157 4092 τὴν
1219 4000 1486 4073 ἀνατολὴν
1547 4003 1668 4092 καὶ-
1694 4006 1793 4075 τὴν
1855 4002 2027 4092 δύσιν,

380 4088 506 4163 ἤτοι
552 4097 724 4147 πᾶσαν
780 4091 879 4161 τὴν
939 4090 1285 4165 οἰκουμένην,
1317 4091 1594 4171 εὐφρανεῖς
1650 4090 1743 4149 διὰ
1794 4096 1894 4165 τῆς

381 4181 694 4257 ένανθρωπή
702 4201 854 4243 σεως.

456 4296 485 4326 ιι
515 4271 827 4345 Ἐπεσκέψω
877 4271 978 4340 τὴν
1030 4276 1135 4345 γῆν
1188 4268 1279 4325 καὶ
1336 4268 1597 4343 έμέθυσας
1656 4270 1841 4344 αὐτήν.
1879 4296 1909 4325 »
1954 4305 2023 4319 —

377 4359 690 4435 Ἐπεσκέψω
740 4358 869 4421 τοὺς
920 4357 1010 4414 έπί
1037 4365 1144 4435 γῆς
1200 4362 1270 4433 τῇ
1330 4363 1398 4433 σῇ
1444 4359 1729 4437 παρουσίᾳ,
1777 4362 1867 4416 καὶ
1915 4362 2023 4419 ἐνέ-

376 4448 595 4522 πλησας
624 4446 819 4510 αὐτοὺς
846 4455 948 4518 τῆς
980 4446 1310 4527 εὐφροσύνης
1344 4444 1695 4512 διδασκαλίας
1726 4471 1843 4508 σου.

450 4570 480 4600 ‹‹
508 4544 847 4618 Ἐπλήθυνας
902 4549 1001 4602 τοῦ
1058 4544 1365 4614 πλουτῆσαι
1421 4544 1610 4617 αὐτήν.
1643 4569 1668 4599 ν
1701 4579 1771 4590 -—
1813 4545 2021 4620 Ἐπλή-

2151 2019 2205 2075 οἱ
2255 2017 2443 2095 βουνοὶ
2488 2016 2899 2093 περιζώσονται.
2934 2037 2965 2066 ιο
2993 2046 3063 2061 --
3102 2016 3290 2090 Ὡραῖα
3330 2020 3441 2083 τῆς
3488 2014 3718 2089 ἐρήμου
3751 2015 3807 2069 τὲ

2146 2106 2348 2179 ταύτης
2379 2103 2661 2178 ἐπιτήδεια
2690 2106 2830 2181 μέρη
2860 2109 2982 2167 ταῖς
3009 2102 3178 2181 ὥραις
3203 2107 3302 2159 τοῦ
3329 2102 3620 2175 ἐνιαυτοῦ,
3639 2100 3801 2179 ἤγουν

2146 2198 2215 2254 τὰ
2239 2196 2581 2275 καρποφόρα.
2615 2195 2713 2250 Διά
2755 2193 2961 2249 τούτων
3014 2192 3074 2249 δὲ
3115 2191 3244 2255 τοὺς
3294 2191 3349 2247 ἐν
3398 2191 3602 2255 αὐτοῖς
3632 2213 3808 2248 κατοι-

2146 2291 2375 2348 κοῦντας
2405 2282 2735 2355 δεδήλωκεν.

2218 2400 2249 2428 ‹‹
2276 2371 2620 2430 Ἐνεδύσαντο
2668 2371 2721 2427 οἱ
2768 2369 2915 2448 κριοὶ
2956 2375 3068 2426 τῶν
3106 2364 3421 2446 προϐάτων.
3456 2394 3495 2423 »
3522 2402 3603 2416 -
3652 2370 3807 2449 Κριοῖ

2143 2468 2253 2520 τῶν
2311 2457 2602 2541 προϐάτων
2657 2462 2710 2516 οἱ
2762 2465 2869 2516 τῶν
2929 2465 3135 2515 πιστῶν
3194 2459 3483 2537 ἡγεμόνες,
3516 2457 3807 2535 ἐνδεδυμέ-

2143 2575 2229 2610 νοι
2257 2555 2359 2623 τὴν
2383 2552 2545 2629 χάριν
2573 2555 2673 2607 τοῦ
2702 2548 3039 2625 Πνεύματος.

2216 2667 2245 2696 ‹‹
2278 2641 2378 2697 Καὶ
2436 2643 2493 2696 αἱ
2547 2636 2803 2702 κοιλάδες
2864 2659 2965 2693 σου
3022 2636 3368 2709 πληθυνοῦσι
3427 2642 3609 2697 σῖτον.
3659 2663 3689 2690 ιι
3742 2670 3812 2683 -

2145 2731 2306 2788 Σῖτόν
2336 2751 2470 2809 φησι
2498 2734 2605 2784 τῶν
2633 2732 2857 2806 καρπῶν
2886 2730 2996 2783 τῶν
3027 2726 3256 2803 ἀρετῶν.

2214 2844 2245 2874 ι(
2274 2819 2631 2897 Κεκράξονται
2673 2818 2765 2873 καὶ
2820 2817 2925 2893 γὰρ
2976 2817 3307 2890 ὑμνήσουσι.
3355 2836 3390 2869 ι
3442 2848 3516 2859 --
3560 2817 3789 2885 Boiam-

2140 2931 2223 2966 σιν
2286 2907 2622 2985 εὐχαρίστως
2697 2906 2835 2982 πρὸς
2909 2904 3105 2980 Κύριον
3176 2904 3268 2959 καὶ
3335 2905 3435 2958 τὸν
3501 2904 3763 2980 εὐεργέτην

2142 3000 2462 3074 ὑμνήσουσιο
2496 2996 2747 3072 περιττὸς
2779 2993 2838 3050 δὲ
2859 2995 2923 3050 τὸ
2949 2992 3072 3071 γάρ.

2724 3120 3026 3177 ΨΑΔΜΟΣ
3063 3120 3196 3177 EE'.

2211 3237 2242 3265 «
2271 3211 2368 3275 Εἲς
2419 3212 2485 3267 τὸ
2539 3207 2721 3278 τέλος,
2769 3205 2887 3281 ᾠδὴ
2950 3206 3176 3282 ψαλμοῦ
3232 3207 3596 3269 ἀναστάσεως.
3638 3230 3673 3258 ιι
3711 3236 3780 3250 --

2141 3302 2213 3359 Τὸ
2280 3302 2616 3362 ἀναστάσεως
2697 3297 2813 3353 ἀντὶ
2883 3301 2983 3353 τοῦ
3053 3296 3178 3373 περῖ
3251 3298 3353 3365 τῆς
3434 3296 3786 3359 ἀναστάσεως·

2140 3392 2430 3469 ἱστορικῶς
2489 3389 2584 3464 μὶν
2630 3395 2734 3458 τῆς
2778 3381 3111 3449 Βαϐυλῶνος
3151 3389 3264 3441 τῶν
3318 3385 3799 3461 αἰχμαλωτισθένι

2135 3499 2267 3536 των·
2318 3480 2666 3556 ἀναγωγικῶς
2724 3474 2783 3532 δὲ
2829 3482 2930 3545 τῆς
2973 3472 3027 3546 ἐξ
3073 3473 3341 3549 ἁμαρτίας
3386 3478 3500 3529 τῶν
3548 3474 3800 3551 ἐπιδ-ιρι.

2139 3569 2368 3649 φόντων·
2399 3564 2731 3645 προφητεύει
2759 3564 2863 3642 γὰρ
2893 3564 2924 3618 6
2951 3562 3173 3638 ψαλμὸς
3207 3562 3338 3639 περὶ
3392 3563 3499 3632 τῆς
3560 3563 3797 3627 πίστεως

2134 3662 2243 3714 τῶν
2284 3657 2472 3729 έθνῶν,
2533 3654 2613 3712 ἔτι
2663 3675 2725 3710 τε
2777 3653 2905 3730 περὶ
2958 3656 3067 3708 τῶν
3121 3656 3222 3707 τοῦ
3274 3656 3515 3727 Χριστοῦ
3590 3652 3804 3729 μαρτύο

2173 3768 2269 3806 ιον.

2138 3767 2605 3904 ρωῒᾌλαλάζατε
2647 3831 2731 3907 τῷ
2757 3834 2897 3905 Θεῷ,
2925 3836 3071 3886 πᾶσσ
3099 3832 3136 3901 ἡ
3295 3826 3530 3886 Ψάλατε
3590 3828 3669 3900 δὴ
3724 3835 3803 3904 τῷ

2139 3920 2368 3998 ὀνόματι
2423 3922 2608 3979 αὐτοῦ.
2644 3946 2674 3975 »
2705 3953 2775 3965 —
2821 3919 2953 3976 Δότε
3007 3916 3163 3993 δόξαν
3216 3922 3290 3993 τῇ
3342 3917 3553 3975 αἷνέσει
3604 3919 3799 3992 αὐτοῦ,

2132 4014 2425 4086 τουτέστιν,
2458 4008 2687 4082 ἂνδόξως
2712 4008 2951 4065 αἰνέσατε
2978 4007 3157 4066 αὐτόν.

2213 4125 2235 4154 ι
2265 4109 2351 4158 Ἐν
2406 4106 2487 4174 τῷ
2539 4098 2742 4171 πλήθει
2793 4102 2896 4170 τῆς
2974 4094 3255 4171 δυνάμεώς
3323 4115 3423 4151 σου
3497 4096 3799 4171 ψεύσονταί

2134 4213 2220 4248 σοι
2270 4193 2325 4247 οἱ
2369 4189 2561 4268 ἐχθροί
2605 4210 2722 4245 σου.
2752 4211 2784 4243 »
2814 4220 2887 4231 —
2915 4188 2978 4242 Οἱ
3021 4193 3126 4257 τῆς
3173 4184 3431 4257 ἀληθείας
3463 4183 3669 4263 έχθροὶ
3698 4189 3792 4257 τὴν

2132 4282 2210 4345 εἰς
2260 4282 2321 4337 σὲ
2376 4280 2557 4335 πίστιν
2611 4274 2824 4353 ψευδῶς
2872 4276 3329 4353 δποκριθήσονται
3371 4272 3593 4330 διὰτὸν
3622 4272 3797 4354 φόὸοη

2128 4376 2233 4441 τῆς
2260 4366 2483 4439 πολλῆς
2527 4364 2809 4442 δυνάμεώς
2855 4385 2970 4438 σου,
2998 4370 3106 4435 τῆς
3151 4362 3207 4419 ἂν
3246 4367 3318 4438 τῇ
3380 4362 3646 4439 βασιλείᾳ
3688 4368 3800 4421 τῦν

2131 4454 2385 4515 εὐσεϐῶν.

2200 4572 2230 4599 ι(
2264 4550 2422 4602 Δεῦτε
2468 4545 2559 4601 καὶ
2616 4542 2761 4600 ἴδετε
2793 4544 2881 4599 -τὰ
2928 4540 3060 4618 ἔργα
3114 4545 3213 4598 τοῦ
3258 4545 3416 4615 Θεοῦ,
3447 4542 3528 4605 ὡς
3558 4537 3797 4621 φοϐερὸς

375 4638 529 4698 θυνας
581 4637 681 4706 τήν
740 4632 1095 4711 εὐαγγελικήν
1150 4631 1383 4712 ἀρδείαν,
1420 4632 1515 4689 ’ίνα
1567 4636 1666 4705 τήν
1719 4636 2014 4712 εἰρημένην
2053 4699 2090 4712 ἢ
2130 4634 2184 4692 έν
2220 4632 2447 4712 βουλαῖς
2480 4633 2613 4709 ὑπὲρ
2640 4633 2770 4696 τοὺς
2801 4630 2954 4696 υἱοὺς
2977 4635 3084 4687 τῶν
3134 4631 3456 4706 ἀνθρώπων.
3486 4654 3519 4683 ι
3550 4663 3626 4676 -—
3653 4632 3787 4687 Δίαν

373 4732 477 4801 γῆν
507 4723 807 4798 πλουτίσῃς
832 4729 953 4787 ταῖς
981 4724 1222 4801 ἀρεταῖς.

449 4839 472 4866 α
511 4819 567 4869 '0
613 4814 858 4887 ποταμὸς
904 4816 1003 4868 τοῦ
1049 4816 1182 4868 Θεοῦ
1230 4810 1527 4887 ἐπληρώθη
1585 4808 1818 4871 ὑδάτων.
1869 4837 1899 4867 ››
1950 4848 2021 4858 -

375 4904 626 4978 Ποταμὸς
673 4907 771 4958 τοῦ
828 4906 962 4959 Θεοῦ
1018 4901 1048 4955 6
1097 4899 1293 4978 Κύριος
1350 4901 1585 4971 Ἰησοῦς’
1646 4899 1815 4957 ὕδατα
1865 4899 1923 4958 δὲ
1951 4904 2022 4959 τὰ

372 4992 568 5047 τούτου
613 4989 938 5068 διδάγματα.
986 4990 1152 5052 Οὗτος
1213 4988 1443 5065 ὀχετοὺς
1494 4987 1622 5052 τοὺς
1689 4990 2020 5055 ἀποστέλους

375 5080 668 5157 ἀπέῤῥευσε
750 5081 839 5136 καὶ
920 5086 1091 5135 πᾶσαν
1190 5079 1290 5148 τὴν
1391 5077 1716 5151 οἰκουμένην
1816 5083 2019 5158 κατήρο

378 5168 557 5225 δευσεν
567 5212 580 5225 .

449 5283 478 5312 ‹‹
508 5257 834 5331 Ἦτοίμασας
907 5259 1005 5328 τήν
1079 5257 1287 5335 τροφὴν
1346 5255 1539 5311 αὐτῶν*
1599 5256 1682 5312 δτι
1750 5257 1923 5322 οὕτως
1979 5263 2017 5330 ἡ

375 5345 659 5420 ἐτοιμασία
705 5368 823 5406 σου.
870 5370 900 5399 ››
953 5380 1020 5390 -
1060 5345 1391 5419 Ἣτοίμασας
1435 5346 1535 5414 τὴν
1605 5344 1834 5423 λογικὴν
1892 5368 2019 5425 τρο.

372 5438 477 5512 φὴν
526 5440 633 5490 τῶν
685 5435 869 5491 ἐθνῶν·
925 5435 1009 5491 δτι
1052 5434 1225 5498 οὕτως
1276 5432 1561 5508 έτοιμασία
1612 5437 1711 5504 τῆς
1753 5435 2020 5507 ἀληθινῆς

366 5531 601 5603 τροφῆς,
647 5523 738 5579 καὶ
813 5523 914 5579 οὐκ
986 5521 1192 5585 ἄλλωςσ
1248 5523 1555 5591 τουτέστιν,
1612 5519 1801 5600 ἄριστα
1847 5545 2020 5601 παρε-

368 5614 627 5675 σκεύασας
660 5610 1080 5689 διδαχθῆναιτᾶ
1109 5610 1231 5681 ἔθνη
1263 5613 1362 5681 τήν
1404 5605 1706 5669 εὐσέϐειαν.

441 5728 471 5757 ‹‹
505 5702 648 5764 Τοὺς
729 5699 970 5765 αὔλακας
1038 5699 1205 5770 αὐτῆς
1274 5700 1521 5773 μέθυσον,
1600 5698 1876 5772 πλήθυνον
1950 5701 2020 5759 τὰ

366 5786 679 5879 γεννήματα
732 5791 921 5867 αὐτῆς.
990 5817 1020 5844 »
1079 5822 1148 5833 —
1225 5784 1470 5852 Δῦλακες
1544 5796 1648 5860 τῆς
1724 5790 2018 5871 εἰρημένης

2048 4699 2097 4765 D
2127 4699 2361 4803 φοϐερὸς
2391 4724 2481 4780 καὶ
2706 4720 2849 4778 έστὶν
2880 4719 2933 4777 έν
2979 4699 3241 4794 μεθόδοις
3270 4720 3362 4776 καὶ
3412 4719 3785 4795 οἰκονομίαις,

2129 4813 2255 4869 ὅταν
2280 4814 2413 4888 θέλῃ
2444 4816 2613 4867 σῶσαι
2641 4812 2734 4866 τὸν
2766 4810 2898 4867 λαὸν
2928 4810 3116 4867 αὐτοῦ.

2200 4926 2230 4955 ‹‹
2259 4903 2345 4958 Ἐν
2401 4904 2635 4975 ποταμῷ
2685 4898 3048 4956 διελεύσονται
3103 4895 3253 4955 ποδί.
3280 4920 3311 4951 »
3341 4928 3413 4942 ——-
3438 4898 3513 4954 Τὸ
3568 4894 3785 4955 διελεύ-

2126 5010 2307 5046 σονται
2358 4989 2476 5045 ἀντὶ
2512 4992 2610 5043 τοῦ
2654 4985 2951 5059 διήλθοσαν
3001 4988 3055 5043 οἱ
3096 4986 3354 5063 πρόγονοι
3401 4988 3591 5060 ἡμῶν.
3641 4985 3788 5043 Ποόἱ

2127 5077 2188 5136 δὲ
2242 5078 2361 5135 ἀντὶ
2413 5082 2514 5134 τοῦ
2568 5081 2707 5152 πεζῇ
2763 5077 2855 5133 καὶ
2911 5076 2974 5131 οὐ
3031 5077 3165 5151 μετὰ
3220 5073 3444 5133 πλοίου.
3488 5077 3626 5153 Περὶ
3679 5079 3787 5133 τοῦ

2128 5165 2397 5244 Ἰορδάνου
2447 5163 2505 5223 δέ
2558 5187 2720 5245 φησιν
2770 5164 2856 5222 δτι
2904 5161 3056 5236 διέϐη
3105 5163 3266 5221 αὐτὸν
3313 5167 3351 5235 ἡ
3397 5160 3638 5229 κιϐωτὸς
3690 5163 3787 5220 διὰ

2127 5256 2315 5328 ξηρᾶς.

2231 5277 2264 5311 α
2301 5301 2315 5315 .

2197 5275 2405 5400 fflqu
2456 5342 2936 5422 εὐφρανθησόμεθα
2981 5342 3062 5398 ἐπ’
3107 5342 3275 5416 αὐτῷ,
3319 5347 3400 5416 τῷ
3460 5340 3785 5413 δεσπόζοντι

2126 5431 2179 5489 ἐν
2226 5436 2296 5508 τῇ
2346 5429 2625 5504 δυναστείᾳ
2676 5437 2775 5487 τοῦ
2825 5432 3040 5494 αἰῶνος.
3070 5452 3099 5485 ν
3131 5464 3201 5476 -
3240 5431 3315 5487 T6
3360 5430 3473 5488 ἐκεῖ
3516 5432 3637 5489 ἀντὶ
3680 5436 3789 5488 τοῦ

2127 5521 2181 5577 ἐν
2236 5525 2354 5584 τοῖς
2410 5519 2680 5583 τοιούτοις
2753 5519 3014 5595 θαύμασιν
3088 5519 3469 5598 εὐφράνθημεν
3540 5520 3630 5576 ἐπὶ
3701 5524 3791 5593 τῷ

2126 5615 2263 5685 Θεῷ,
2291 5615 2371 5683 τῷ
2427 5607 2740 5679 δεσπόζοντι
2796 5610 2995 5672 παντὸς
3048 5609 3269 5671 αἰῶνος.
3301 5612 3391 5666 Ἐν
3443 5612 3515 5684 τῇ
3568 5610 3787 5686 ἀπείρῳ

2125 5697 2347 5774 δυνάμει
2402 5697 2568 5755 αὐτοῦ
2624 5697 2915 5756 οἰκειοῦται
2973 5697 3063 5755 καὶ
3127 5698 3229 5771 τὴν
3307 5703 3419 5755 τῶν
3489 5698 3781 5778 προγόνων

2127 5787 2462 5871 εὐφροσύνην
2475 5831 2488 5847 .
