3998 6430
209 431 370 499 “89

1427 434 1840 501 EXPOSITIO
1881 434 1962 499 IN
2004 435 2389 503 PSALMOS.

3455 443 3616 506 M90

278 592 310 623 «
341 566 406 623 Οἱ
435 564 710 648 ὀφθαλμοὶ
738 564 906 628 αὐτοῦ
934 563 1022 625 ἐπὶ
1052 568 1119 625 τὰ
1137 563 1260 639 ἔθνη
1294 563 1704 630 ἐπιϐλέπουσιν,
1738 593 1854 623 »—-
1880 571 1937 641 Α
1968 567 2151 627 Δαυίδ.
2181 596 2208 624 »
2241 604 2312 615 —-
2361 571 2475 642 Τήν
2527 572 2624 629 τοῦ
2669 565 2871 650 Κυρίου
2920 569 3321 647 ἐνανθρώπησιν
3369 594 3616 652 προαγο-

205 660 307 714 Τὸν
340 658 392 730 ἐξ
423 657 584 714 ἐθνῶν
615 658 746 716 λαὸν
777 658 940 716 αὐτοῦ
969 658 1361 716 ἐπισκέπτεται.

289 774 318 802 (ι
352 749 416 804 Οἱ
445 749 962 825 παραπικραίνοντες
1005 751 1083 822 μὴ
1141 747 1486 824 ὑψούσθωσαν
1513 749 1566 805 ἐν
1598 749 1800 804 αὐτοῖς.
1834 772 1863 801 ››

209 869 280 884 --
313 839 378 894 Οἱ
407 839 705 915 γογγυσταί
755 835 1012 895 Ἰουδαῖοι
1061 839 1136 912 μὴ
1193 839 1332 914 μέγα
1374 839 1734 917 φρονείτωσαν
1786 839 1862 902 ὡς

213 924 350 989 λαὸς
379 926 711 1002 περιούσιος.

281 1041 310 1069 ι(
342 1015 654 1093 Εὐλογεῖτε,
686 1015 833 1089 ἔθνη,
881 1017 973 1072 τὸν
1014 1016 1140 1072 Θεὸν
1191 1018 1375 1091 ἡμῶν,
1415 1016 1504 1072 καὶ
1545 1015 1861 1072 ἀκουτίσατε

206 1107 308 1175 τὴν
367 1107 548 1184 φωνὴν
606 1113 707 1176 τῆς
763 1106 1015 1168 αἰνέσεως
1076 1105 1242 1162 αὐτοῦ
1275 1150 1288 1162 .
1350 1130 1380 1158 ››
1437 1139 1507 1149 -
1563 1106 1858 1174 Ἀκουστήν

206 1197 494 1266 ποιήσατε,
522 1195 816 1268 τουτέστιν,
849 1195 1066 1271 ἐξάρατε
1098 1192 1506 1274 μεγαλοφώνως
1547 1194 1736 1269 αὐτὴν,
1769 1194 1858 1250 καὶ

205 1283 337 1347 τοὺς
369 1282 576 1347 ἄλλους
603 1289 770 1341 ταῦτα
795 1282 1063 1355 διδάξατε.

280 1397 313 1426 «
367 1378 473 1429 Τοῦ
531 1374 755 1447 θεμένου
809 1375 909 1442 τήν
964 1375 1147 1450 ψυχὴν
1209 1373 1285 1436 εἷς
1359 1375 1503 1443 ζωὴν
1537 1418 1552 1445 ,
1614 1373 1705 1428 καὶ
1781 1374 1855 1446 μὴ

207 1460 400 1526 δόντος
452 1463 527 1525 εἷς
578 1463 741 1518 σάλον
786 1463 914 1525 τοὺς
962 1461 1131 1526 πόδας
1185 1484 1310 1536 μου.
1362 1485 1392 1514 »
1438 1493 1508 1504 —-
1555 1467 1660 1516 T06
1691 1460 1858 1538 ῥυσα-

209 1550 370 1624 μένου
422 1573 489 1625 με
534 1551 640 1607 ἀπὸ
695 1551 922 1608 θανάτου
967 1554 1207 1627 ψυχικοῦ
1254 1550 1344 1606 καὶ
1396 1551 1473 1623 μή
1513 1552 1858 1627 παραχωρή-

205 1660 400 1703 σαντος
427 1643 524 1710 τῆς
555 1635 828 1702 εὐσεϐείας
856 1639 1272 1717 παρατραπῆναι
1307 1661 1393 1713 με.

279 1752 310 1781 ‹‹
339 1731 458 1784 Ὅτι
499 1726 825 1803 ἐδοκίμασας
867 1729 1036 1802 ἡμᾶς,
1087 1729 1116 1783 6
1165 1730 1318 1799 Θεὸς,
1361 1726 1640 1802 ἐπύρωσας
1685 1729 1854 1801 ἡμᾶς,

206 1819 284 1882 ὡς
307 1822 570 1895 πυροῦται
589 1819 655 1874 τὸ
683 1817 962 1895 ἀργύριον.
1000 1842 1031 1871 ››
1061 1845 1126 1866 =
1158 1819 1319 1873 Οὗτοι
1351 1817 1403 1872 οἱ
1434 1815 1590 1894 λόγοι
1619 1821 1725 1871 τῶν
1755 1823 1856 1887 τῆς

206 1903 478 1970 εὐσεϐείας
534 1909 848 1984 ἀγωνιστῶν
883 1954 898 1979 ,

209 1997 360 2061 ὅπως
389 1995 594 2074 ἔχομεν
627 1996 862 2059 πίστεως
891 1995 983 2052 καὶ
1015 1997 1321 2070 ὑπομονῆς.

276 2109 306 2139 (ι
337 2087 638 2163 Είσήγαγες
697 2089 846 2160 ἡμᾶς
906 2085 982 2150 εἰς
1039 2087 1138 2155 τήν
1197 2082 1414 2162 παγίδα.
1448 2107 1477 2136 ››
1527 2116 1598 2128 -
1651 2081 1859 2160 Παγίδα

210 2174 362 2252 λέγει
391 2175 570 2246 πάσης
599 2176 889 2237 κακώσεως
917 2176 1178 2252 συνοχήν.

277 2287 306 2317 ‹‹
336 2265 500 2322 Ἕθου
554 2263 768 2338 θλίψεις
828 2263 917 2319 ἐπὶ
973 2263 1034 2318 τὸ
1091 2267 1260 2318 νῶτον
1321 2265 1508 2335 ἡμῶν.
1558 2285 1586 2314 ››
1633 2295 1696 2306 -
1749 2261 1854 2326 Τὰς

209 2352 474 2429 μάστιγάς
503 2375 636 2430 φησι
664 2353 755 2408 καὶ
785 2353 853 2408 τὰ
885 2351 1025 2430 βάρη
1055 2357 1162 2408 τῶν
1195 2355 1532 2429 πειρασμῶν.

279 2467 308 2495 ‹‹
338 2437 698 2505 Ἐπεϐίϐασας
740 2442 1057 2512 ἀνθρώπους
1088 2442 1176 2496 ἐπὶ
1216 2441 1313 2504 τὰς
1340 2441 1580 2520 κεφαλὰς
1825 2464 1855 2494 ››

135 2569 139 2574 .
207 2564 276 2577 —
303 2531 589 2602 Ὑπέταξας
616 2535 764 2606 ἡμᾶς
792 2536 911 2594 τοῖς
942 2531 1188 2606 ἐχθροῖς.

283 2643 313 2674 ‹‹
343 2618 654 2694 Διήλθομεν
707 2617 800 2676 διὰ
841 2621 1011 2698 πυρὸς
1051 2621 1140 2675 καὶ
1194 2616 1409 2682 ὕδατος·
1468 2619 1562 2674 καὶ
1605 2618 1856 2696 ἐξήγαγες

210 2712 358 2783 ἡμᾶς
417 2709 495 2772 είς
548 2710 854 2787 ἀναψυχήν.
916 2733 946 2762 ››
1003 2741 1072 2752 -
1143 2713 1258 2784 Πῦρ
1313 2712 1708 2782 καταπιμπρῶν
1765 2707 1854 2763 ναὶ

210 2797 358 2875 ὕδωρ
414 2797 718 2874 συμπνίγον
800 2800 836 2868 ἡ
916 2796 1221 2876 σφοδρότης
1292 2801 1400 2852 τῶν
1469 2800 1786 2874 πειρασμῶν
1847 2847 1852 2852 ,

206 2885 460 2964 ἀνοψυχὴ
489 2885 548 2943 δὲ
573 2890 609 2957 ἡ
643 2888 958 2950 ἀνάπαυσις.

278 3001 307 3030 ‹‹
357 2973 754 3050 Εἱσελεύσομαι
807 2976 883 3039 είς
923 2978 1014 3032 τὸν
1075 2976 1223 3032 οἶκόν
1277 2997 1372 3031 σου
1439 2975 1491 3030 ἐν
1545 2975 1855 3032 ὁλοκαυτώ-

213 3087 392 3140 μασιν.
453 3089 482 3118 ››
522 3097 592 3108 -
645 3068 808 3128 Οἶκος
869 3063 950 3136 εἴη
1016 3065 1075 3120 ἂν
1131 3070 1233 3120 τοῦ
1291 3069 1426 3121 Θεοῦ
1484 3065 1514 3119 6
1572 3063 1803 3138 οὐρανός
1835 3081 1852 3098 ⁸

206 3155 641 3229 ὁλοκαυτώματα
697 3152 756 3211 δὲ
813 3155 867 3209 αἱ
925 3151 1205 3216 ὁλοτελεῖς
1269 3153 1512 3230 ἐργασίαι
1562 3157 1672 3208 τῶν
1732 3154 1852 3230 ἀρε-

207 3265 336 3301 των.

274 3358 305 3386 ‹‹
337 3329 637 3392 Ἀποδώσω
695 3353 782 3387 σοι
845 3332 942 3394 τὰς
999 3330 1163 3408 εὐχάς
1215 3353 1320 3406 μου
1367 3331 1429 3394 ἃς
1457 3328 1754 3387 διέστειλαν
1784 3330 1852 3386 τὰ
1881 3317 1926 3385 C

204 3420 369 3499 χείλη
405 3442 530 3494 μου.
565 3445 594 3473 ›)
647 3454 714 3464 —
764 3419 940 3497 Εὐχαὶ
989 3422 1045 3476 αἱ
1096 3420 1418 3497 ὑποσχέσεις
1451 3463 1464 3476 .
1508 3425 1614 3476 Τοῦ
1646 3417 1703 3476 δὲ
1750 3417 1856 3476 διέ-

206 3509 412 3568 στειλεν
444 3508 899 3588 ἐφερμηνευτικὸν
929 3510 993 3566 τὸ
1024 3507 1310 3580 ἐλάλησεν.

281 3621 322 3659 ιι
359 3596 822 3672 Ὀλοκαυτώματα
900 3596 1306 3673 μεμυαλωμένα
1378 3596 1579 3654 ἀνοίσω
1636 3619 1768 3656 σοι.
1827 3622 1856 3651 ››

212 3721 280 3732 --
309 3686 772 3761 Ὀλοκαιγτώματα
822 3686 1248 3762 μεμυαλωμένα,
1295 3688 1538 3743 τουτέστι
1584 3687 1762 3761 πίονα,
1802 3689 1859 3743 αἱ

211 3776 470 3854 ἐξαίρετοι
499 3775 739 3854 ἐργασίαι
769 3780 877 3832 τῶν
911 3777 1138 3853 ἀρετῶν.

285 3889 314 3917 ‹‹
345 3868 490 3920 Μετά
546 3866 888 3939 θυμιάματος
943 3865 1034 3920 καὶ
1089 3870 1282 3942 κριῶν.
1324 3889 1352 3917 ››
1385 3896 1456 3908 -ο
1509 3865 1769 3940 Θυμίαμα
1820 3869 1856 3936 ἡ

211 3955 422 4030 ψυχική
484 3951 702 4010 εὐωδία’
757 3953 902 4030 κριοὶ
951 3951 1010 4009 δὲ
1061 3954 1115 4008 οἱ
1158 3953 1479 4030 ἡγεμονικοὶ
1528 3961 1628 4025 τῆς
1674 3957 1859 4031 ψυχῆς

213 4040 480 4120 λογισμοὶ
508 4043 881 4120 κερατίζοντες
910 4042 978 4098 τὰ
1006 4043 1175 4114 πάθη.

286 4156 316 4188 (ι
346 4133 572 4203 Ποιήσω
621 4153 705 4186 σοι
757 4131 888 4208 βόας
940 4132 1075 4206 μετὰ
1120 4133 1397 4208 χιμάρων.
1452 4155 1481 4184 n
1524 4165 1594 4176 —
1639 4132 1766 4196 Βόες
1805 4133 1862 4187 αἱ

216 4219 474 4297 ἐνέργειαι
528 4224 631 4275 τοῦ
686 4221 941 4294 σώματος
976 4239 989 4252 ·
1047 4226 1153 4296 γῆς
1229 4221 1323 4294 μὲν
1377 4220 1480 4296 γὰρ
1547 4219 1776 4297 ἐργάτης
1833 4222 1862 4277 6

219 4311 368 4387 βοῦς,
427 4309 488 4365 ἐκ
544 4315 648 4386 γῆς
707 4307 766 4364 δὲ
817 4311 878 4364 τὸ
933 4312 1140 4383 σῶμα·
1194 4309 1428 4387 χίμαροι
1504 4307 1562 4365 δὲ
1615 4311 1672 4365 αἱ
1729 4311 1862 4388 ὑπὲρ

215 4395 482 4475 ἁμαρτίας
557 4395 736 4460 δόσεις
795 4415 808 4429 ⁸
881 4397 1054 4454 πάλαι
1127 4398 1229 4475 γὰρ
1300 4399 1328 4452 6
1403 4397 1647 4476 χίμαρος
1730 4399 1862 4475 ὑπὲρ

214 4485 481 4562 ὁμαρτίας
512 4485 717 4552 ἐθύετο.

291 4599 320 4628 ι(
380 4575 525 4652 Πρὸς
593 4575 754 4630 αὐτὸν
825 4573 906 4646 τῷ
979 4573 1208 4647 στόματί
1291 4595 1395 4648 μου
1465 4573 1718 4652 ἐκέκραξα
1773 4575 1864 4631 καί

221 4664 414 4739 ὕψωσα
471 4663 574 4718 ὑπὸ
629 4664 729 4732 τὴν
781 4662 1031 4738 γλῶσσάν

219 4754 406 4832 φωνήν
464 4774 569 4826 μου
631 4749 875 4823 δηλαδή·
928 4753 991 4807 τὸ
1048 4748 1107 4807 δέ
1161 4751 1265 4807 ὑπὸ
1306 4753 1404 4821 τήν
1455 4751 1703 4828 γλῶσσάν
1763 4774 1866 4827 μου

214 4841 335 4898 ἀντὶ
366 4845 484 4914 τοῦ,
517 4839 570 4895 ἐν
595 4845 667 4915 τῇ
697 4838 923 4916 γλώσσῃ
956 4861 1084 4913 μου.

290 4953 320 4983 ‹‹
352 4927 590 4996 ’Δδικίαν
649 4929 695 4984 εἱ
753 4928 1016 5004 ἐθεώρουν
1073 4928 1126 4984 ἐν
1183 4926 1382 5006 καρδίᾳ
1440 4950 1564 5003 μου,
1627 4932 1702 5003 μή
1756 4929 1864 4985 εἱσ-

215 5012 498 5075 ακουσάτω
559 5039 664 5091 μου
720 5017 997 5094 Κύριος.»
1039 5050 1110 5062 ——
1165 5016 1378 5073 ’Δδικία
1435 5017 1649 5092 λέγεται
1691 5019 1781 5074 καὶ
1828 5022 1864 5090 ἡ

217 5106 410 5170 ἁπλῶς
438 5107 621 5180 κακία,
654 5106 832 5183 ὥσπερ
882 5107 973 5162 καὶ
1025 5105 1336 5176 δικαιοσύνη
1367 5110 1402 5176 ἡ
1434 5106 1625 5170 ἁπλῶς
1677 5109 1863 5184 ἀρετή.

215 5193 572 5260 Παιδευτικδς
645 5193 704 5252 δὲ
761 5197 790 5252 6
847 5195 1014 5272 λόγος
1065 5196 1129 5251 τὸ
1184 5200 1302 5258 πῶς
1373 5193 1456 5250 δεῖ
1513 5193 1719 5260 δέεσθαι
1767 5202 1866 5252 τοῦ

218 5291 375 5344 Θεοῦ.

289 5399 319 5429 «
350 5374 673 5452 Εὐλογητὸς
702 5375 732 5430 6
779 5373 946 5447 Θεὸς,
975 5375 1036 5437 ὃς
1080 5373 1179 5429 οὐκ
1226 5371 1508 5428 ἀπέστειλε
1549 5374 1647 5442 τήν
1696 5394 1865 5448 προσ-

217 5466 391 5542 ευχήν
428 5485 553 5538 μου,
601 5465 692 5520 καὶ
741 5464 806 5520 τὸ
853 5459 1008 5527 ἕλεος
1057 5462 1221 5518 αὐτοῦ
1269 5462 1360 5518 ἀπ’
1391 5461 1547 5536 ἐμοῦ.
1589 5486 1620 5514 ››
1652 5496 1720 5505 -
1750 5465 1867 5518 Ἐπ’

219 5553 385 5610 αὐτοῦ
415 5551 693 5625 δηλονότι.

815 5661 1107 5717 ΨΑΑΜΟΣ
1146 5658 1262 5728 Ξξ.

296 5788 324 5818 α
377 5765 474 5831 Εἰς
527 5767 592 5822 τὸ
644 5764 802 5830 τέλος
837 5809 853 5839 ,
913 5764 964 5821 ἐν
1023 5762 1216 5839 ὕμνοις
1290 5760 1509 5837 ψαλμὸς
1581 5761 1728 5837 ᾠδῆς
1785 5770 1864 5840 τῷ

1972 661 2113 734 ρεύει
2145 661 2232 717 καὶ
2263 668 2450 718 τοῦτον
2479 662 2662 737 ὐμνεῖν
2695 660 3137 742 παρακελεύεται.

2045 775 2074 802 ‹‹
2126 751 2183 806 Ὃ
2265 753 2396 814 Θεὸς
2477 753 2810 829 οἷκτειρήσαι
2913 754 3060 826 ἡμᾶς
3153 752 3243 809 καὶ
3323 753 3615 831 εὐλογῆσαι

1970 841 2140 912 ὑμᾶς,
2201 838 2450 918 ἐπιφάναι
2504 841 2567 895 τὸ
2621 840 2913 917 πρόσωπον
2972 840 3136 895 αὐτοῦ
3195 841 3274 919 ἐφ’
3312 844 3458 915 ἡμᾶς
3526 843 3615 898 καὶ

1971 927 2190 1000 ἐλεήσαι
2239 931 2409 1002 ἡμᾶς.
2441 952 2470 981 ››
2501 963 2568 972 -
2605 927 2836 1006 Εὒχεται
2886 930 2914 984 6
2962 932 3258 1008 Προφήτης
3304 931 3617 1007 πληρωθῆ-

1968 1038 2056 1072 ναι
2112 1025 2213 1088 τῆς
2269 1017 2412 1080 θείας
2487 1017 2937 1095 ἐνανθρωπήσεως
3007 1020 3068 1074 τὸ
3151 1021 3446 1096 μυστήριον
3523 1020 3611 1076 καὶ

1970 1107 2361 1184 οἰκτηρηθῆναι
2451 1109 2548 1177 τήν
2652 1108 2984 1183 ἀνθρωπείαν
3090 1108 3244 1188 φύσιν
3294 1157 3310 1184 ,
3395 1130 3557 1187 τυραν
3590 1144 3614 1153 -

1967 1197 2233 1270 νουμένην
2299 1197 2402 1252 ὑπὸ
2475 1201 2572 1252 τοῦ
2643 1193 2924 1253 διαϐόλου·
3001 1197 3115 1253 εἶτα
3187 1198 3276 1252 καὶ
3348 1200 3610 1274 ἁγιασθῆ-

1967 1306 2075 1344 ναι.

2037 1399 2067 1428 (ι
2099 1380 2204 1430 Τοῦ
2232 1379 2431 1452 γνῶναι
2483 1374 2534 1430 ἐν
2582 1379 2651 1450 τῇ
2700 1380 2773 1450 γῇ
2821 1377 2920 1446 τήν
2973 1373 3096 1432 ὁδόν
3147 1398 3327 1433 σου.»
3358 1380 3612 1433 -Ὥστε

1965 1469 2166 1541 γνῶναι
2220 1464 2347 1527 τοὺς
2408 1463 2460 1520 ἐν
2516 1469 2586 1538 τῇ
2668 1469 2740 1540 γῇ
2796 1467 2896 1534 τήν
2970 1465 3262 1540 ἐπιδημίαν
3323 1489 3418 1521 σου
3451 1515 3466 1539 ,
3520 1468 3610 1522 καὶ

1964 1555 2092 1617 τοὺς
2150 1555 2202 1610 ἐν
2259 1561 2416 1609 πᾶσιν
2475 1553 2646 1610 ἔθνεσι
2700 1557 2798 1624 τήν
2859 1557 3128 1625 σωστικῆν
3207 1555 3608 1631 ἐνανθρώπησίν

1967 1666 2084 1702 σου.

2039 1736 2213 1788 «Ὅτι
2269 1734 2610 1809 παρέστησας
2664 1731 2880 1796 αὐτούς.
2942 1757 2971 1785 ››
3035 1765 3104 1776 --
3153 1737 3272 1788 Ὅτι
3328 1755 3556 1811 κατακρι
3587 1768 3610 1778 -

1963 1826 2072 1884 νεῖς
2105 1823 2200 1894 μὲν
2233 1818 2453 1884 δικαίως
2498 1821 2624 1884 τοὺς
2671 1821 2910 1884 ἀπειθεῖς
2955 1826 3065 1878 τῶν
3109 1819 3384 1878 Ἰουδαίων
3419 1822 3608 1885 λαούς·

959 1907 1248 2012 ἱΕξήτασας
1308 1907 1456 1980 ἡμᾶς
1491 1952 1505 1978 ,
1568 1905 1854 1982 λεγόντων,
1884 1947 1934 2012 Β
1962 1911 2031 1966 τὰ
2075 1911 2467 1967 πεπιστευκότα
2535 1909 2594 1966 δὲ
2644 1907 2766 1982 ἔθνη
2818 1909 3108 1987 ὁδηγήσεις
3165 1911 3218 1966 ἐν
3265 1916 3334 1986 τῇ
3383 1911 3457 1988 γῇ
3503 1915 3609 1966 τῶν

1962 2000 2178 2078 πραέων
2188 2045 2202 2058 .

2039 2114 2068 2144 ‹‹
2097 2097 2173 2160 Γῆ
2208 2088 2378 2147 ἔδωκε
2403 2091 2496 2146 τὸν
2527 2089 2731 2167 καρπὸν
2762 2089 2950 2161 αὐτῆς.
2982 2114 3011 2143 ››
3043 2119 3112 2134 -
3141 2093 3354 2168 Καρπὸς
3379 2097 3482 2161 τῆς
3509 2097 3611 2167 γῆς

1966 2179 1996 2234 6
2023 2178 2276 2255 Χριστός.
3013 2233 3023 2248 .

2037 2291 2066 2320 ‹‹
2096 2266 2406 2344 Εὐλογήσαι
2437 2269 2584 2342 ἡμᾶς
2617 2269 2646 2323 6
2677 2268 2828 2340 Θεὸς,
2870 2269 2898 2323 6
2929 2268 3056 2331 Θεὸς
3096 2269 3279 2342 ἡμῶν.
3319 2292 3348 2319 ››
3371 2300 3440 2312 —-
3475 2272 3611 2344 Ὅρα

1962 2357 2025 2412 τὸ
2057 2359 2187 2420 Θεὸς
2235 2353 2406 2431 ὄνομα
2451 2355 2869 2434 τριπλασιασθὲν
2921 2357 3012 2413 καὶ
3058 2358 3157 2426 τήν
3207 2357 3384 2413 αὐτῶν
3434 2358 3608 2414 ἀντω-

1962 2447 2154 2521 νυμίαν
2183 2447 2369 2510 ἐνικῶς
2402 2446 2745 2522 ἐπαγθεῖσαν.

2555 2572 2854 2628 ΨΑΛΜΟΣ
2894 2571 3016 2628 ΞΖ’.

2039 2681 2066 2709 ‹‹
2097 2658 2193 2721 Εἷς
2245 2659 2310 2713 τὸ
2367 2653 2548 2731 τέλος,
2603 2655 2684 2730 τῷ
2739 2655 2900 2712 Δαυῒδ
2958 2657 3176 2732 ψαλμὸς
3234 2656 3404 2731 ᾠδῆς.
3462 2683 3491 2710 ››
3544 2693 3612 2703 -

1963 2747 2135 2810 Οὗτος
2193 2745 2552 2823 ἐκδηλότερον
2612 2745 2974 2823 προκηρύττει
3039 2749 3138 2817 τήν
3194 2753 3290 2802 τοῦ
3351 2755 3610 2825 Σωτῆρος

1964 2835 2294 2915 ἐπιφάνειαν.

2039 2948 2067 2976 ‹‹
2097 2926 2408 2996 ’Δναστήτω
2466 2925 2494 2979 6
2553 2925 2680 2986 Θεὸς
2709 2970 2725 2997 ,
2783 2925 2872 2978 καὶ
2931 2922 3500 3002 διασκορπισθήτωσαν
3557 2927 3610 2980 οἱ

1963 3013 2153 3091 ἐχθροὶ
2208 3013 2371 3068 αὐτοῦ
2404 3055 2419 3070 .
2477 3036 2506 3066 »
2565 3046 2633 3056 —
2688 3018 2747 3067 'H
2808 3011 3088 3076 ἀνάστασις
3145 3011 3315 3084 δηλοῖ
3367 3017 3466 3084 τήν
3531 3015 3608 3077 εἰς

1962 3101 2236 3174 ἐκδίκησιν
2259 3101 2492 3172 κίνησιν.

2033 3215 2063 3245 ι(
2096 3192 2194 3246 Καὶ
2239 3190 2550 3269 φυγέτωσαν
2595 3191 2648 3245 οἱ
2701 3195 2979 3263 μισοῦντες
3027 3190 3186 3247 αὐτὸν
3233 3191 3337 3247 ἀπὸ
3384 3194 3603 3268 προσώ-

1961 3303 2067 3337 που
2096 3281 2282 3338 αὖτοῦ.
2317 3304 2346 3333 ››
2375 3313 2445 3323 —-
2475 3281 2799 3356 Φυγέτωσαν
2831 3280 2937 3336 ἀπὸ
2969 3288 3073 3357 γῆς
3105 3281 3410 3360 ἐπιφανείας
3440 3283 3605 3337 αὐτοῦ

1962 3371 2015 3425 οἱ
2043 3369 2425 3444 ἀντικείμενοι.

2036 3483 2065 3512 ‹‹
2093 3465 2179 3521 Ὠς
2225 3456 2461 3514 ἐκλείπει
2509 3457 2730 3532 καπνὸς,
2781 3457 3194 3514 ἐκλειπέτωσαν·
3257 3459 3334 3522 ὡς
3387 3462 3610 3531 τήκεται

1963 3548 2132 3624 κηρὸς
2181 3547 2286 3603 ἀπὸ
2341 3547 2639 3624 προσώπου
2695 3547 2888 3623 πυρὸς,
2948 3546 3122 3611 οὕτως
3172 3548 3502 3604 ἀπολοῦνται
3559 3551 3614 3604 οἱ

1967 3635 2286 3714 ἁμαρτωλοὶ
2336 3635 2444 3691 ἀπὸ
2490 3636 2784 3710 προσώπου
2831 3640 2929 3691 τοῦ
2977 3641 3130 3693 Θεοῦ.
3165 3663 3193 3692 ››
3226 3672 3296 3680 -
3343 3625 3436 3699 Εἷς
3483 3637 3613 3716 ἀέρα

1967 3721 2216 3780 σκεδαννύ
2225 3745 2405 3798 μενος.

2039 3837 2069 3866 ‹‹
2099 3811 2199 3868 Καὶ
2255 3813 2308 3866 οἱ
2357 3809 2554 3867 δίκαιοι
2612 3812 3062 3889 εὐφρανθήτωσαν
3091 3857 3105 3883 ,
3164 3813 3616 3891 ἀγαλλιάσθωσαν

1966 3902 2192 3958 ἐνώπιον
2249 3905 2347 3956 τοῦ
2415 3905 2567 3972 Θεοῦ,
2636 3904 3026 3978 τερφθήσονται
3079 3902 3129 3958 ἐν
3180 3903 3478 3982 εὐφροσύνῃ
3510 3947 3524 3962 .
3585 3929 3614 3956 ››

1967 4025 2036 4035 --
2092 3992 2155 4044 Οἱ
2215 3987 2588 4054 δικαιωθέντες
2640 3988 2730 4046 διὰ
2798 3998 2899 4061 τῆς
2965 3992 3041 4054 εἷς
3102 3994 3328 4067 Χριστὸν
3389 3993 3618 4056 πίστεως

1967 4077 2359 4149 καταλυθείσης
2414 4086 2518 4150 τῆς
2572 4084 2677 4135 τῶν
2740 4077 3016 4136 Ἰουδαίων
3065 4078 3379 4158 τυραννίδος
3438 4083 3618 4157 χαρή-

1967 4190 2167 4225 τωσαν.

2041 4254 2494 4329 «Ὃδοποιήσατε
2565 4262 2644 4330 τῷ
2720 4253 3050 4332 ἐμϐεϐηκότι
3129 4258 3181 4314 ἐν
3260 4257 3477 4332 δυσμῶν
3511 4302 3524 4315 .
3583 4281 3610 4313 ο

1970 4381 2039 4391 -
2094 4348 2236 4425 Πρὸς
2285 4345 2410 4410 τοὺς
2469 4342 2807 4410 ἀποστόλους
2865 4349 2894 4403 6
2952 4347 3116 4425 λόγος
3177 4369 3190 4382 ⁸
3257 4347 3622 4425 Εὑτρεπίσατε

1973 4435 2063 4491 διὰ
2102 4440 2200 4491 τοῦ
2245 4435 2598 4512 κηρύγματος
2639 4438 2740 4506 τήν
2793 4435 2916 4492 ὁδὸν
2967 4441 3076 4492 τῶν
3125 4435 3470 4512 ἀνθρωπίνων
3521 4440 3622 4510 ψυ-

1971 4530 2089 4602 χῶν
2145 4525 2196 4581 ἐν
2255 4529 2333 4599 τῷ
2390 4525 2571 4602 Κυρίῳ
2621 4525 2696 4589 εἷς
2757 4524 3122 4604 ἐπιφοίτησιν,
3172 4527 3232 4588 ὃς
3282 4523 3426 4601 ἔχων
3463 4523 3625 4597 δόξης

1975 4614 2262 4692 ἀπρόσιτον
2294 4619 2409 4692 φῶς
2444 4609 2609 4686 ἐπέϐη
2645 4610 2811 4684 ἐπέϐη
2847 4615 2936 4670 ἐπὶ
2982 4612 3202 4688 δυσμῶν
3219 4620 3319 4684 τῆς
3346 4615 3624 4690 ἡμετέρας

1093 4683 1219 4736 μου·
1278 4686 1306 4715 ))
1366 4696 1433 4706 —
1488 4666 1711 4736 Ὕψωσα
1763 4666 1861 4719 τ’ῗνν
1978 4666 2254 4724 ἸΤ’”’”
2305 4666 2407 4724 In:
2449 4666 2609 4686 ““”““¹
2649 4666 2811 4684 ””’“”¹
2850 4666 2934 4670 ""
3233 4666 3244 4668 -
3277 4666 3317 4684 ιν
3355 4666 3622 4720 'Ir;"-r-vv

1093 4763 1101 4776 ι
1162 4751 1257 4776 .‹-ι
1308 4753 1404 4776 ,λη
1459 4751 1699 4776 ij”,
1766 4699 1843 4776 Μ’,
1897 4687 2244 4766 Ι)ευτελείας
2299 4724 2388 4758 και
2463 4703 2849 4776 ταπεινότητος
2883 4745 2896 4758 .
2975 4711 3073 4758 Rw.
3130 4700 3318 4764 αλλως
3386 4701 3444 4757 δε
3500 4701 3628 4758 δυσ-

1977 4799 2106 4867 μαῖς
2162 4791 2411 4847 ἐοίκαμεν
2464 4789 2553 4846 διὰ
2607 4793 2670 4848 τὸ
2749 4793 2940 4854 σκότος
2995 4799 3096 4861 τῆς
3169 4791 3408 4862 πλάνης.
3470 4791 3627 4864 Αὐτῷ

1975 4879 2032 4937 δέ
2090 4881 2230 4936 ἐστιν
2285 4876 2462 4954 ὄνομα
2517 4880 2736 4956 Κύριος,
2796 4880 2985 4943 ἀπλῶς
3031 4881 3245 4935 πάντων
3309 4879 3339 4935 6'
3397 4879 3538 4936 ἐστιν
3595 4883 3622 4935 ὁ

1974 4970 2126 5032 Θεός.

2048 5082 2077 5110 ‹‹
2121 5060 2555 5133 Ταραχθήτωσαν
2609 5051 2715 5112 ἀπὸ
2772 5058 3070 5131 προσώπου
3127 5056 3310 5130 αὐτοῦ,
3368 5063 3466 5113 τοῦ
3525 5079 3623 5113 πα-

1970 5146 2099 5216 τρὸς
2128 5151 2236 5200 τῶν
2294 5147 2540 5224 ὀρφανῶν
2590 5146 2678 5201 καὶ
2725 5150 2915 5223 κριτοῦ
2963 5150 3070 5201 τῶν
3123 5151 3339 5222 χηρῶν’
3375 5171 3404 5198 ››
3440 5181 3509 5189 —
3559 5147 3624 5202 Οἱ

1975 5231 2226 5308 δαίμονες
2258 5231 2498 5305 δηλαδή.

2048 5329 2149 5378 «Ὁ
2179 5323 2309 5385 Θεὸς
2368 5322 2421 5378 ἐν
2477 5322 2630 5396 τόπῳ
2687 5321 2823 5398 ἁγίῳ
2881 5321 3066 5381 αὐτοῦ,
3126 5346 3257 5375 ››-ο
3314 5322 3501 5378 Λείπει
3555 5325 3620 5380 τὸ

1972 5411 2102 5466 ἐστί·
2150 5411 2316 5474 τόπος
2363 5410 2421 5468 δὲ
2467 5412 2618 5486 ἅγιος
2665 5416 2760 5466 τοῦ
2809 5415 2946 5468 Θεοῦ
2993 5411 3083 5466 καὶ
3114 5413 3142 5466 6
3193 5412 3421 5488 οὐρανὸς
3467 5413 3558 5468 καὶ
3590 5414 3619 5468 6

1970 5501 2118 5569 ναὸς,
2147 5501 2237 5555 καὶ
2263 5506 2369 5563 πΞις
2400 5500 2685 5576 ἅνθρωπος
2716 5499 2998 5578 θεοφιλής.
3060 5529 3062 5531 “

2044 5613 2072 5641 ‹‹
2104 5589 2162 5643 Ὁ
2219 5590 2348 5652 Θεὸς
2403 5589 2697 5658 κατοικίζει
2761 5588 3132 5664 μονοτρόπους
3189 5587 3242 5643 ἐν
3292 5584 3449 5662 οἷθιῳ,
3493 5613 3623 5641 »—-

1973 5676 2358 5752 Μονοτρόπους
2416 5679 2548 5752 φησί
2604 5677 2728 5741 τοὺς
2789 5679 2958 5743 εὐθεῖς
3015 5677 3106 5731 καὶ
3176 5675 3445 5752 μηδεμίαν
3508 5677 3622 5733 ἐπι-

1972 5765 2186 5838 πλοκὴν
2259 5766 2443 5832 κακίας
2502 5763 2728 5844 ἔχοντας
2767 5785 2778 5799 ·
2840 5767 2934 5830 οὓς
2988 5764 3279 5834 κατοικίζει
3339 5766 3368 5820 6
3425 5767 3620 5844 Κύριος
