3998 6414
396 3074 401 3077 ι
502 3044 602 3117 μίᾳ
650 3064 767 3101 σου.
802 3067 830 3094 ››

490 395 641 462 1491

1734 396 2161 463 NICEPBORI
2203 396 2638 463 BLEMMIDE

3632 407 3733 475 1492

491 527 570 591 εἷς
627 528 775 583 οἷκον
841 518 1303 605 ἀχειροποίητον·
1340 524 1557 586 αἰώνιον
1632 530 1685 587 ἐν
1771 537 1888 595 τοῖς
1965 532 2130 609 οὐρα·-
2158 533 2212 601 Α
2243 531 2288 585 ώ
2362 530 2666 605 ἀποθάνητε
2741 529 2898 604 μέσον
2966 536 3073 589 τῶν
3158 527 3603 609 κληρεδοτηθέντων
3655 540 3735 614 ὖμῖν

488 639 625 681 νοις.

566 732 598 761 ι(
633 708 871 785 Ἓξάγων
926 705 1333 782 πεπεδημένους
1382 709 1435 763 ἐν
1486 708 1692 789 ἀνδρίᾳ.
1749 736 1776 761 ››
1829 744 1896 753 -
1950 709 2134 766 Ἑλευ-

493 798 661 873 θερῶν
713 796 852 852 ἐστὶν
907 796 959 852 ἐν
1014 795 1201 871 πολλῇ
1261 796 1483 872 δυνάμει
1542 802 1668 862 τοὺς
1723 798 2134 873 πεπεδημένους

492 891 609 948 τοῖς
646 890 752 940 τῶν
785 883 1058 959 δαιμόνων
1091 884 1329 960 δεσμοῖς,
1361 885 1528 965 ἤγουν
1558 890 1685 952 τοὺς
1830 888 2009 963 πλάνῃ
2034 896 2135 959 τῆς

495 973 951 1052 εἷδωλολατρείας
977 977 1396 1051 κατεχομένους.

567 1098 595 1125 ‹‹
625 1073 862 1147 Ὁμοίως
909 1073 1037 1136 τοὺς
1084 1076 1607 1153 παραπικραίνοντας
1654 1078 1783 1141 τοὺς
1818 1082 2135 1133 κατοικοῦν-

490 1183 587 1225 τας
646 1162 698 1218 ἐν
749 1164 960 1241 τάφοις.
997 1187 1025 1215 ››
1073 1198 1144 1206 -
1192 1164 1265 1219 Οὐ
1320 1164 1483 1238 μόνον
1535 1165 1761 1229 τούτους
1816 1166 1945 1229 τοὺς
2001 1166 2136 1221 ἐθνι-

494 1250 671 1322 κοὺς,
731 1250 858 1306 ἀλλ’
926 1251 1136 1326 ὁμοίως
1208 1252 1424 1315 τούτοις
1492 1254 1580 1309 καὶ
1634 1256 1761 1317 τοὺς
1835 1258 2135 1332 γογγυστάς

496 1338 812 1405 Ἰουδαίους,
859 1341 949 1395 καὶ
994 1342 1123 1404 τοὺς
1173 1346 1554 1405 κατοικοῦντας
1603 1342 1655 1398 ἐν
1702 1344 1915 1422 τάφοις,
1956 1342 2131 1419 ἤγουν

492 1428 623 1491 τοῦς
678 1429 767 1484 ἀπ’
822 1428 1033 1485 αἰώνων
1093 1430 1335 1506 νεκρούς·
1383 1432 1586 1495 πάντας
1631 1434 1736 1509 γάρ
1774 1433 1914 1503 ἦλθε
1942 1438 2131 1501 σῶσαι,

492 1518 620 1581 τούς
644 1539 704 1574 τε
732 1518 785 1575 ἐν
814 1524 894 1591 τῷ
921 1519 1132 1593 κόσμῳ,
1179 1520 1305 1582 τούς
1331 1542 1391 1575 τε
1436 1521 1489 1576 ἐν
1515 1526 1595 1594 τῷ
1624 1517 1724 1597 ᾅδῃ
1752 1522 2135 1585 πιστεύσαντας

497 1607 573 1671 εἷς
603 1607 785 1666 αὐτόν.

566 1721 597 1750 α
628 1699 685 1753 Ὁ
741 1699 870 1760 Θεὸς
929 1698 980 1753 ἐν
1049 1704 1129 1771 τῷ
1186 1698 1563 1774 ἐκπορεύεσθαί
1636 1721 1695 1755 σε
1758 1700 1982 1756 ἐνώπιον
2038 1706 2137 1757 τοῦ

498 1784 635 1842 λαοῦ
692 1809 807 1860 σου,
862 1787 914 1842 ἐν
969 1792 1049 1860 τῷ
1099 1783 1391 1844 διαϐαίνειν
1424 1810 1482 1844 σε
1538 1788 1591 1845 ἐν
1623 1794 1689 1864 τῇ
1751 1790 1966 1867 ἐρήμῳ.
2002 1817 2025 1845 ι
2068 1825 2138 1834 —

498 1877 584 1951 Ἐν
626 1881 706 1949 τῷ
753 1875 1062 1954 ἐξέρχεσθαί
1110 1898 1167 1933 σε
1225 1882 1321 1932 τοῦ
1360 1876 1654 1934 Ἰουδαϊκοῦ
1702 1879 1858 1949 λαοῦ,
1910 1880 2138 1936 ἐνώπιον

499 1962 624 2034 ἤτοι
665 1970 908 2043 φανερῶς
945 1966 996 2021 ἐν
1046 1971 1127 2039 τῷ
1178 1962 1469 2023 διαϐαίνειν
1510 1989 1569 2022 σε
1616 1967 1667 2023 ἐν
1708 1972 1777 2042 τῇ
1811 1973 1919 2024 τῶν
1978 1969 2141 2025 ἐθνῶν

498 2058 805 2131 συναγωγῇ,
858 2059 928 2129 τῇ
986 2054 1180 2131 ἐρήμῳ
1235 2056 1437 2119 παντὸς
1485 2056 1769 2132 ἀγαθοῦ,ἠ
1818 2065 1888 2134 γῆ
1929 2059 2139 2130 ἐσείσθη

495 2146 632 2199 κατὰ
660 2145 753 2199 τὸν
782 2143 969 2221 καιρόν
1018 2149 1117 2200 τοῦ
1162 2144 1364 2208 πάθους
1394 2146 1484 2200 καὶ
1521 2153 1620 2215 τῆς
1651 2146 1987 2210 ἀναστάσεώς
2017 2169 2138 2215 σου,

494 2233 585 2287 καὶ
628 2233 680 2286 οἳ
725 2232 939 2309 οὐρανοὶ
988 2231 1204 2303 ἕσταξαν
1247 2234 1346 2302 τὴν
1390 2238 1487 2288 τοῦ
1534 2235 1797 2311 παναγίου
1829 2236 2144 2309 Πνεύματος

495 2319 721 2376 καθόδον
753 2326 821 2396 τῇ
853 2322 1035 2397 ἡμέρᾳ
1062 2329 1165 2392 τῆς
1195 2326 1596 2393 Πεντηκοστῆς.

573 2442 595 2470 ι
638 2420 771 2476 Ἀπὸ
809 2420 1105 2496 προσώπου
1151 2424 1248 2475 τοῦ
1296 2425 1429 2476 Θεοῦ
1473 2425 1571 2476 τοῦ
1620 2428 1771 2494 Σινᾶ,
1823 2423 1928 2478 ἀπὸ
1974 2443 2142 2499 προσ-

498 2509 651 2562 ώπου
704 2513 801 2563 τοῦ
855 2502 986 2567 δεοῦ
1044 2507 1285 2583 Ἰσραήλ.
1346 2534 1373 2561 ››
1417 2544 1487 2552 -
1513 2515 1688 2566 Ταῦτα
1744 2508 1802 2566 δὲ
1857 2506 2140 2587 γεγόνασιν

497 2596 557 2652 ἐκ
585 2601 680 2652 τοῦ
737 2592 893 2659 ὄντος
946 2597 1035 2652 καὶ
1089 2602 1187 2653 τοῦ
1216 2605 1349 2653 Σινᾶ
1391 2594 1551 2674 ὄρους
1595 2604 1692 2654 τοῦ
1739 2605 1874 2656 Θεοῦ
1919 2601 2008 2656 καὶ
2048 2606 2143 2655 τοῦ

500 2683 716 2745 Ἰακὼϐ.
767 2688 1042 2760 Ἐμνήσθη
1094 2685 1151 2742 δὲ
1194 2688 1422 2759 τούτων,
1467 2688 1560 2743 ἵνα
1605 2687 1747 2764 δείξῃ
1798 2690 1879 2745 ὅτι
1923 2691 1952 2745 6
1983 2690 2034 2744 ἐν
2063 2692 2144 2763 τῷ

498 2772 611 2852 ὄρει
644 2774 770 2839 δοὺς
800 2776 891 2831 τὸν
923 2776 1111 2849 νόμον,
1143 2777 1232 2832 καὶ
1281 2783 1358 2850 τῷ
1389 2773 1581 2833 Ἰακὼϐ
1619 2777 1951 2857 φαντασθείς,
1985 2779 2143 2843 αὐτὸς

496 2866 587 2920 καὶ
614 2870 781 2921 ταῦτα
808 2870 974 2923 ποιεῖ.

568 2978 598 3007 (ι
630 2955 847 3031 Βροχήν
902 2954 1142 3010 ἐκούσιον
1194 2956 1457 3033 ἀφοριεῖς,
1490 2956 1519 3009 6
1561 2955 1709 3025 Θεὸς,
1757 2960 1827 3030 τῇ
1875 2954 2146 3032 κληρονο-

859 3045 1145 3120 -Βροχή
1204 3045 1232 3098 6
1289 3042 1641 3119 εὐαγγελικὸς
1702 3041 1887 3119 λόγος,
1946 3045 1991 3099 ὡ
2053 3046 2148 3117 ἀρ-

497 3131 666 3188 δεύων
717 3133 920 3208 ψυχάς·
973 3131 1218 3194 ἑκούσιος
1269 3130 1327 3186 δὲ
1370 3130 1602 3207 εἷ’ρηται,
1653 3130 1742 3186 διὰ
1787 3134 1879 3187 τὸν
1926 3140 2147 3188 Μωσαϊ-

496 3222 590 3278 κὸν
649 3221 839 3295 νόμον,
902 3221 964 3275 οὐ
1021 3220 1157 3275 κατὰ
1210 3219 1452 3292 θέλησιν,
1501 3218 1648 3276 ἀλλά
1674 3222 1790 3275 κατ’
1830 3221 2144 3295 οἰκονομίαν

2241 619 2428 693 ἐθνῶν,
2488 620 2563 676 ὥν
2619 620 2877 699 πτέρυγες
2926 626 3022 678 τοῦ
3085 620 3383 696 Πνεύματος
3434 625 3480 679 οἱ
3523 625 3739 703 ὁπρηρμέ.

2240 729 2323 763 νοι
2351 714 2457 763 τῶν
2505 714 2740 787 γεηρῶν,
2790 711 2843 765 οῖ
2888 714 2954 784 τῇ
3000 708 3341 787 λαμπρότητι
3381 717 3466 767 τοῦ
3490 715 3741 791 κηρύγματος

2242 801 2754 876 περιηργυρωμένοι
2787 846 2803 872 ,
2861 800 2950 855 καὶ
2999 799 3390 876 κεχρυσωμένοι
3444 806 3505 876 τῇ
3552 804 3742 876 τιμιότητι

2239 891 2341 958 τῆς
2378 891 2633 964 γνώσεως
2679 894 2789 946 τῶν
2836 889 3161 968 ἀποκρύφων
3205 888 3487 966 μυστηρίων
3524 896 3600 947 τοῦ
3634 895 3745 950 [Inﬁ-

2245 999 2435 1050 ματος.

2317 1090 2347 1119 ‹‹
2378 1068 2463 1123 Ἐν
2510 1072 2591 1140 τῷ
2640 1065 2974 1123 διαστέλλειν
3018 1067 3107 1122 τὸν
3156 1065 3447 1142 ἐπουράνιον
3496 1068 3667 1145 βασιλέα
3696 1070 3745 1127 ἐπ’

2244 1154 2431 1225 αὐτῆς.
2482 1180 2511 1208 ››
2561 1189 2629 1200 -
2675 1157 2810 1218 Τοὺς
2856 1155 3051 1219 αὐτοὺς
3102 1154 3421 1219 ἀποστόλους
3460 1157 3537 1212 καὶ
3582 1158 3747 1233 βασιλεξ

2245 1244 2500 1318 ὀνομάζει
2546 1246 2625 1308 ὡς
2674 1244 2952 1321 ἡγεμόνας
2992 1250 3099 1301 τῶν
3149 1243 3308 1300 ἐθνῶν
3349 1244 3433 1300 καὶ
3472 1246 3747 1320 κληρονόμους

2240 1340 2343 1404 τῆς
2379 1332 2655 1409 βασιλείας
2688 1340 2943 1410 Χριστοῦ.
2995 1333 3168 1405 Φησὶν
3211 1333 3296 1389 οῦν
3340 1334 3387 1390 ἐν
3428 1339 3497 1408 τῷ
3522 1333 3746 1409 διαστεῖλσι,

2243 1424 2485 1479 τουτέστι
2558 1428 2639 1496 τῷ
2690 1421 2964 1499 διαιρῆσαι
3033 1423 3124 1479 καὶ
3173 1422 3436 1501 κληρῶσαι
3477 1424 3551 1479 τὸν
3596 1426 3749 1501 Χριστὸν

2244 1511 2372 1575 τοὺς
2411 1510 2746 1575 ἀποστόλους
2792 1512 2876 1569 ἐπ’
2922 1512 3088 1582 αὐτῆς
3124 1519 3224 1583 τῆς
3268 1512 3530 1589 εἰρημένης
3564 1511 3750 1589 κληρονο-

2250 1601 2376 1674 μίας
2403 1606 2511 1657 τῶν
2556 1601 2736 1675 ἐθνῶν,
2785 1604 3214 1679 χιονωθήσονται
3259 1603 3309 1657 οἱ
3351 1600 3617 1674 ἀπόστολοι,
3648 1623 3749 1658 τουτο

2246 1688 2355 1744 ἐστι
2394 1732 2409 1758 ,
2493 1689 2949 1761 λευκανθήσονται
3040 1691 3131 1746 καὶ
3228 1690 3655 1768 λαμπρυνθήσονται
3710 1696 3752 1764 τῇ

2245 1775 2413 1853 αἴγλῃ
2437 1783 2535 1834 τοῦ
2581 1778 2892 1853 Πνεύματος
2933 1778 2987 1835 ἐν
3154 1777 3370 1853 Σελμὼν
3406 1776 3591 1853 ἤτοι-τῇ
3625 1781 3755 1854 Ἰερου-

2171 1907 2220 1973 B
2248 1866 2457 1973 “ME.

2322 1980 2353 2008 «
2383 1958 2544 2032 Ὄρος
2601 1960 2698 2013 τοῦ
2753 1961 2909 2025 Θεοῦ,
2953 1951 3085 2034 ὄρος
3129 1961 3273 2015 πῖον.
3317 1980 3339 2009 ι
3378 1989 3439 2001 -
3473 1958 3561 2026 Τὴν
3599 1955 3756 2026 Ἐκκλη-

2252 2045 2366 2100 σίαν
2425 2044 2587 2101 καλεῖ
2632 2041 2760 2123 ὅρος
2812 2047 2907 2121 μὶν
2957 2048 3038 2110 ὡς
3088 2045 3455 2124 ὑπερκειμένην
3490 2049 3575 2101 τῶν
3596 2048 3756 2120 γεηρῶν,

2249 2139 2348 2190 τοῦ
2376 2140 2510 2191 Θεοῦ
2554 2133 2613 2190 δέ
2658 2136 2733 2199 ὡς
2785 2136 3146 2209 ᾤκειωμένην
3197 2133 3358 2209 αὐτῷ.
3398 2139 3510 2190 Πῖον
3551 2130 3597 2188 ὸὶ
3631 2132 3695 2188 διὰ
3720 2134 3759 2187 τὸ

2252 2222 2477 2298 δαψιλὲς
2548 2225 2639 2279 καὶ
2713 2223 3015 2301 εὔχρηστον
3068 2232 3169 2295 τῆς
3224 2223 3275 2280 ἐν
3326 2222 3447 2297 αὐτῇ
3495 2228 3758 2296 πνευματικῆς

2249 2321 2449 2387 νομῆς.
2499 2315 2873 2390 Τετυρωμένοι
2922 2311 2981 2369 δὲ
3031 2312 3123 2369 διὰ
3165 2315 3229 2369 τὸ
3274 2313 3508 2374 συνεστὼς
3527 2310 3756 2386 mia-rape?»

2248 2405 2357 2456 τῶν
2390 2400 2441 2457 ἐν
2473 2401 2609 2476 αὐτῇ
2638 2400 2927 2478 δογμάτων
2952 2409 3058 2473 τῆς
3086 2402 3334 2465 πίστεως.

2323 2523 2353 2551 (ι
2383 2500 2498 2555 Ἰνα
2550 2500 2605 2555 τί
2663 2495 3074 2574 ὑπολαμϐάνετε
3129 2499 3231 2576 ὅρη
3287 2499 3584 2575 τετυρωμένα
3623 2516 3633 2566 ;
3667 2521 3757 2547 »-

2253 2588 2397 2665 Πρὸς
2423 2587 2554 2651 τοῦς
2583 2586 2933 2660 κακοδόξους,
2980 2588 3127 2646 διατί
3175 2583 3546 2662 ὑπολομὸάνετε
3564 2584 3672 2663 ἕτερα
3688 2582 3750 2659 ὄρη

2250 2678 2597 2754 τετυρωμένα
2622 2680 2769 2753 παρά
2792 2677 3016 2750 ταύτην.

2326 2791 2354 2818 ‹‹
2410 2767 2481 2822 Τὸ
2553 2764 2682 2844 ὄρος
2756 2768 2787 2823 ’ὸ
2860 2764 3166 2839 ηὐδόκησεν
3225 2768 3253 2823 6
3302 2766 3423 2828 Θεὸς
3486 2767 3671 2819 κατοικεῖν
3712 2756 3747 2813 ἐν

2253 2856 2418 2928 αὐτῷ.
2449 2879 2479 2910 ››
2512 2889 2583 2899 -
2607 2860 2800 2927 Τοῦτο,
2851 2856 3006 2936 φησὶ,
3051 2857 3115 2912 τὸ
3163 2852 3290 2934 ὄρος
3339 2853 3467 2911 ἐστὶν
3495 2853 3555 2915 εἷς
3578 2852 3596 2907 ὃ

2256 2946 2285 3000 6
2315 2945 2447 3008 Θεὸς
2493 2950 2785 3001 κατοικεῖν·
2834 2946 2926 3001 καὶ
2972 2947 3080 3022 γάρ
3130 2944 3183 3000 ἐν
3228 2944 3370 3017 αὐτῷ
3414 2932 3737 3009 κατασκηνώσειὸ

2257 3033 2455 3111 Κύριος
2487 3031 2800 3097 διαπαντός.

2332 3154 2362 3183 ‹‹
2418 3131 2490 3187 Τὸ
2566 3133 2714 3209 ἅρμα
2785 3136 2883 3187 τοῦ
2957 3137 3092 3188 Θεοῦ
3152 3130 3523 3209 μυριοπλάσιον
3549 3173 3561 3197 ,
3598 3117 3748 3209 χιλιάδες

2260 3218 2653 3289 εὐθηνούντων.
2693 3244 2722 3273 ››
2755 3253 2823 3264 -—
2853 3222 3035 3296 Ἄρμα
3061 3225 3162 3277 τοῦ
3209 3225 3338 3277 Θεοῦ
3381 3219 3497 3276 εἰσὶν
3523 3217 3565 3272 οἱ
3582 3221 3651 3283 τῆς
3668 3206 3756 3267 θεία(

498 3270 907 3385 ἐξενηνεξμέύον
969 3309 1073 3364 ὑπὸ
1149 3313 1283 3364 Θεοῦ
1330 3270 1493 3385 Ι’πρὸς
1550 3310 1649 3378 τήν
1702 3314 1809 3364 τῶν
1870 3270 2146 3366 Ἰουδζίων
2175 3270 2219 3339 C
2256 3302 2554 3372 ἐπιϐάσεως
2597 3306 2758 3380 ἄξιοι.
2809 3270 3095 3385 Συγζιέίνει
3148 3308 3240 3365 οῦν
3288 3309 3351 3364 τὸ
3384 3307 3567 3376 πλῆθος
3598 3296 3762 3370 τῶντρό

500 3396 963 3477 σκληροκαρδίαν.

573 3513 604 3541 ‹‹
648 3488 748 3543 Καὶ
804 3488 1110 3559 ἠσθένησε,
1169 3486 1233 3541 σὺ
1287 3484 1344 3542 δὲ
1397 3486 1707 3563 κατηρτίσω
1764 3487 1954 3558 αὐτήν.
2016 3513 2044 3539 ››
2078 3522 2149 3533 —-

501 3578 815 3648 Ἦσθένησεν
881 3579 917 3646 ἡ
987 3578 1272 3652 συναγωγή
1337 3597 1443 3631 των
1495 3575 1660 3640 ἐθνῶν
1721 3575 1892 3632 πάλαι
2070 3577 2146 3633 εἷ-

504 3663 898 3742 δωλολατρείᾳ·
934 3664 997 3720 σὺ
1029 3662 1085 3719 δὲ
1133 3665 1315 3741 ἀρτίαν
1364 3664 1644 3735 ἐποίησας,
1696 3666 2033 3729 ἀνακαινίσας
2069 3671 2149 3739 τῷ

501 3754 632 3828 θείῳ
666 3753 1014 3829 βαπτίσματι.

576 3867 605 3895 ‹‹
637 3843 713 3897 Τά
768 3842 877 3912 ζῶά
936 3864 1032 3897 σου
1085 3848 1425 3898 κατοικοῦσιν
1470 3843 1521 3897 ἐν
1569 3842 1723 3917 αὐτῇ.
1757 3865 1788 3894 ››
1817 3875 1886 3885 -—
1927 3844 1990 3898 Οἱ
2046 3845 2145 3913 τὴν

500 3930 553 3987 ἐν
581 3931 666 3986 σοὶ
713 3932 857 4001 ζωὴν
929 3935 1123 4000 ζῶντες
1173 3930 1492 4004 ἀπόστολοι,
1540 3937 1912 3995 κατοικοῦντες
1968 3931 2020 3988 ἐν
2074 3938 2144 4009 τῇ

496 4018 847 4096 κληρονομίᾳ
874 4040 992 4077 σου.

570 4134 599 4162 ‹‹
646 4109 971 4183 Ἦτοίμασας
1021 4109 1073 4164 ἐν
1129 4114 1198 4183 τῇ
1255 4109 1594 4185 χρηστότητί
1647 4131 1742 4165 σου
1797 4116 1878 4183 τῷ
1934 4117 2146 4188 πτωχῷ

497 4200 526 4255 6
556 4198 707 4261 Θεός.
744 4222 771 4249 ››
813 4231 879 4241 -
908 4198 1236 4272 Ἡτοίμασας
1266 4200 1357 4253 τὸν
1411 4198 1759 4274 εὐαγγελικὸν
1786 4198 2021 4255 πλοῦτον
2054 4199 2144 4255 καὶ

492 4289 563 4343 τά
618 4285 826 4365 ἅρῥητα
885 4287 1057 4362 ἀγαθά
1109 4292 1190 4360 τῷ
1245 4292 1456 4364 πτωχῷ
1510 4289 1709 4351 παντὸς
1770 4288 1971 4364 ἀγαθοῦ
2025 4287 2143 4363 λαῷ

498 4378 661 4434 ἐθνῶν
692 4375 781 4432 διὰ
806 4378 905 4447 τὴν
935 4376 1237 4452 ἀγαθότητά
1265 4398 1380 4435 σου.

575 4467 850 4543 «Κύριος
945 4463 1105 4521 δώσει
1205 4466 1356 4543 ῥῆμα
1432 4471 1550 4528 τοῖς
1634 4464 2140 4542 εὐαγγελιζομένοις

502 4554 727 4630 δυνάμει
782 4554 991 4629 πολλῇ.
1044 4579 1073 4606 ››
1124 4588 1191 4598 -
1246 4560 1369 4617 Τοῖς
1429 4552 1672 4618 ἰδιώταις
1727 4555 2057 4618 ἀποστόλοις
2113 4558 2141 4611 6

502 4646 689 4723 Πατὴρ
722 4642 883 4701 δώσει
917 4644 1077 4721 λόγον
1111 4642 1163 4699 ἐν
1214 4641 1437 4717 δυνάμει
1480 4642 1691 4719 πολλῇ,
1733 4645 1998 4715 τουτέστι,
2059 4643 2146 4701 δυ·
2176 4638 2221 4703 D

498 4734 690 4797 νατοὺς
722 4732 989 4806 ἀποδείξει
1014 4733 1066 4789 ἐν
1100 4732 1249 4810 λόγῳ
1278 4731 1494 4794 αὐτούς,

572 4857 601 4886 ‹‹
634 4835 690 4887 Ὁ
744 4831 995 4907 βασιλεὺς
1041 4836 1149 4886 τῶν
1200 4828 1477 4905 δυνάμεων
1525 4834 1622 4885 τοῦ
1667 4830 1949 4907 ἀγαπητοῦ
1982 4873 1997 4899 ,
2043 4835 2142 4886 τοῦ

499 4923 803 4998 ἀγαπητοῦ.
857 4948 885 4974 ιι
948 4953 1013 4963 -
1063 4921 1326 4993 Δυνάμεις
1392 4923 1490 4974 τοῦ
1553 4919 1839 4994 ἀγαπητοῦ
1889 4920 2017 4975 Υἱοῦ
2074 4922 2142 4976 τά

496 5010 717 5087 οὐράνια
771 5011 1023 5086 τάγματα
1067 5009 1156 5065 καὶ
1222 5010 1416 5071 πάντες
1468 5009 1520 5062 οἱ
1569 5010 1687 5063 κατ’
1727 5009 1941 5085 ἐχθρῶν
1975 5008 2139 5065 αὐτοῦ

493 5097 767 5173 δαιμόνων
798 5099 1284 5175 παραταττόμενοι.

705 5188 720 5205 \
807 5191 834 5202 ὐ
900 5188 913 5208 ε
1292 5191 1315 5201 ν
1404 5185 1431 5221 ,γ
1579 5183 1603 5202 ἢ
1952 5191 1976 5202 υ

566 5212 593 5241 ι(
622 5194 723 5242 Και
768 5209 838 5261 τῃ
884 5186 1181 5263 ωραιότητι
1222 5207 1320 5241 του
1371 5207 1524 5240 ο.κου
1575 5184 1845 5241 οιελέσθαι
1883 5185 2077 5243 σκυλα.
2113 5210 2135 5238 ι

490 5310 559 5321 .-
616 5277 784 5331 Δώσει
847 5275 996 5351 ῥῆμα
1033 5274 1109 5337 εἷς
1148 5275 1212 5330 τὸ
1263 5272 1718 5349 διαμετρήσασθαι
1759 5275 1941 5337 αὐτοις
1980 5275 2066 5330 τά.
2112 5299 2140 5326 ››

488 5366 708 5445 λάφυρα
754 5368 851 5418 τοῦ
906 5359 1190 5436 διαϐόλου,
1247 5363 1492 5418 τουτέστι
1538 5363 1605 5417 τά
1665 5360 1789 5433 ἔῦνη
1843 5363 1892 5417 ἐν
1933 5368 2002 5437 τῇ
2043 5368 2142 5419 τοῦ

493 5452 806 5515 Πνεύματος
848 5451 1077 5526 χάριτι·
1129 5450 1265 5521 αὕτη
1322 5450 1423 5527 γάρ
1476 5450 1749 5528 ὡραιότης
1784 5451 1874 5505 καὶ
1919 5450 2140 5507 καλλω-

494 5541 699 5615 πισμὸς
736 5546 836 5608 τῆς
880 5536 1202 5608 Ἐκκλησίας
1244 5538 1402 5596 ἐστίν.

574 5663 602 5692 ‹‹
643 5639 764 5694 Ἐάν
801 5638 1107 5711 κοιμηθῆτε
1144 5636 1407 5710 ἀναμέσον
1442 5642 1549 5692 τῶν
1590 5636 1834 5713 κληρῶν.
1871 5662 1898 5689 ››
1938 5640 2141 5709 -Δή-

500 5730 664 5804 ψευθε
706 5723 762 5782 δὲ
798 5728 862 5781 τὰ
906 5725 1119 5805 λάφυρα
1155 5730 1251 5779 τοῦ
1308 5720 1605 5799 διαϐόλου,
1643 5726 1728 5780 ἐὰν
1788 5725 2144 5801 ἐγχρονίσητε

2253 3404 2355 3467 τῆς
2430 3398 2752 3472 σαρκώσεως
2823 3403 2921 3453 τοῦ
2975 3403 3212 3472 Χριστοῦ
3284 3395 3486 3453 δικαίων
3537 3396 3599 3465 τῷ
3636 3385 3768 3472 amt}

2253 3491 2361 3542 τῶν
2425 3470 2559 3559 μετά
2611 3487 2711 3557 τὴν
2765 3470 3032 3561 σάρκωσιν
3089 3492 3188 3544 τοῦ
3245 3489 3464 3564 Χριστοῦ
3503 3470 3769 3564 δικαίωνξκαὶ

2256 3595 2390 3653 φησι
2416 3574 2479 3630 τὸ
2508 3577 2656 3650 ἅρμα
2700 3579 2799 3630 τοῦ
2848 3579 2983 3631 Θεοῦ
3028 3579 3120 3630 νῦν
3174 3562 3555 3653 μυριοπλάσιον,
3590 3562 3773 3653 τοῦτόξε

2257 3647 2518 3739 ἀρματος,
2545 3647 2657 3719 καὶ
2704 3667 2823 3727 πῶς
2859 3663 2983 3719 τότε
3028 3665 3127 3738 μὲν
3177 3647 3374 3741 όλίγοι,
3416 3666 3496 3717 νῦν
3536 3647 3773 3731 δὸχιλιάδες

2256 3752 2388 3806 εἰσὶν
2460 3750 2585 3809 ὅλαι
2661 3757 2767 3808 τῶν
2845 3752 3218 3823 εὐθηνούντων
3274 3757 3341 3827 τῇ
3393 3742 3674 3827 καρποφορίφ
3707 3741 3775 3794 τίη

2253 3839 2457 3917 ἀρετῶν
2467 3884 2480 3897 .

2326 3954 2353 3984 ‹‹
2387 3931 2444 3984 Ὀ
2500 3930 2696 4005 Κύριος
2756 3929 2808 3985 ἐν
2866 3929 3053 3994 αὐτοῖς
3109 3930 3162 3987 ἐν
3224 3929 3353 3986 Σινά
3400 3928 3448 3984 ἐν
3496 3928 3565 3998 τῷ
3759 3935 3774 3964 ⁹

2255 4050 2323 4062 -ι
2352 4018 2453 4073 Καὶ
2483 4016 2573 4073 διὰ
2612 4017 2818 4074 τούτων
2848 4019 2940 4075 τὸν
2997 4018 3160 4075 αὐτὸν
3204 4019 3447 4095 κηρύττει
3487 4019 3571 4083 τῆς
3610 4005 3776 4095 Παλαιᾷ

2252 4106 2341 4161 καὶ
2394 4114 2494 4178 τῆς
2548 4106 2685 4171 Νέας
2743 4107 2893 4164 Θεόν’
2954 4114 3154 4184 Κυριος
3208 4091 3329 4185 γᾶῥ,
3382 4103 3545 4184 φησὶν»
3591 4091 3777 4185 ad”?

2252 4196 2392 4251 ἐστὶν
2450 4175 2510 4260 ὸς
2569 4196 2620 4251 ἓν
2684 4196 2817 4252 Σινᾶ
2865 4200 2931 4267 ἦν
2984 4175 3066 4270 τῷ
3123 4175 3505 4273 ἀγίὲρζἈέίπει
3539 4189 3591 4244 τὸ
3626 4186 3692 4273 ὃς.
3722 4175 3777 4232 καὶ

2251 4283 2508 4359 παρέλκει
2564 4288 2599 4355 ἡ
2644 4285 2742 4360 μία
2794 4287 3067 4362 προθέσις.
3131 4269 3355 4356 ’Ᾰνέόης
3407 4281 3476 4343 εἷς
3514 4278 3642 4353 ὕψος,
3679 4269 3778 4362 δίων

2252 4375 2383 4438 σίως
2440 4368 2640 4438 ἀναϐὰς
2691 4374 2769 4439 είς
2822 4360 2959 4450 ὕψος
3014 4380 3111 4430 τοῦ
3170 4376 3409 4451 σταυροῦ’
3461 4368 3545 4430 οὓς
3584 4360 3780 4451 mm

2252 4462 2449 4540 ἐχθρὰς
2504 4462 2934 4539 ᾐχμαλώτευσεν
2986 4464 3092 4520 ἀπὸ
3148 4467 3243 4519 σοῦ
3270 4509 3286 4536 ,
3341 4458 3543 4519 τούτους
3592 4450 3643 4508 σὺ
3683 4454 3782 4507 καθί-

2251 4550 2364 4608 λὼν
2396 4552 2553 4607 αὐτὸν
2585 4550 3113 4629 ἀντῃχμαλώτευσας
3153 4551 3206 4624 ἐξ
3234 4550 3411 4607 αὐτοῦ.

2323 4674 2353 4702 α
2386 4650 2490 4707 Καὶ
2547 4649 2650 4726 γὰρ
2709 4650 3048 4712 ἀπειθοῦντες
3093 4653 3192 4706 τοῦ
3246 4646 3619 4714 κατασκψῶσαι
3643 4653 3655 4668 ’

2251 4758 2367 4809 ριος
2407 4739 2435 4793 6
2484 4716 2632 4800 Θεὸς.
2658 4736 2982 4813 εὐλογητός.
3036 4761 3065 4790 ››
3119 4771 3183 4781 -
3219 4730 3522 4819 Ἐρμηνεύει
3561 4729 3668 4819 ποῖα
3701 4716 3781 4819 δόγ-

2253 4848 2395 4901 ματα
2450 4828 2478 4882 ὁ
2544 4826 2742 4904 Κύριος
2801 4822 2985 4896 ἔλαϐε,
3040 4827 3132 4882 καί
3189 4846 3362 4905 φησι.
3418 4817 3507 4877 Καὶ
3565 4814 3648 4889 γὰρ
3697 4814 3782 4905 τοῗί

2250 4891 2598 4979 ἀπειθοῦντας
2626 4891 2635 4904 Ι
2667 4910 2858 4979 ἔλαϐες
2904 4914 3147 4979 ἐθνικοὺς
3169 4891 3212 4989 ,⁸
3240 4910 3374 4969 ὥστε
3441 4909 3707 4973 κατοικῆσαι
3749 4891 3782 4946 εν

2251 5004 2432 5069 αὐτοῖς
2443 5050 2455 5062 .

2325 5094 2708 5171 «Εὐλογητὸς
2767 5093 2963 5171 Κύριος
3022 5092 3229 5171 ἡμέραν
3283 5090 3394 5147 καθ’
3691 5099 3786 5127 ³³⁸·

2249 5184 2501 5261 Ἡμέραν,
2556 5170 2659 5239 ἀνά
2711 5170 2881 5239 πᾶσαν
2942 5170 3220 5254 δηλονότι.
3275 5178 3466 5236 Τούτου
3531 5170 3583 5227 δὲ
3623 5180 3783 5242 σαφηνι-

2251 5275 2429 5329 στικὸν
2459 5274 2522 5328 τὸ
2552 5274 2670 5329 καθ’
2701 5272 2910 5350 ἡμέραν
2943 5272 3077 5329 ἐστί.
3580 5351 3596 5353 η
3663 5345 3675 5353 _
3723 5341 3745 5353 ,

2324 5387 2353 5415 (ι
2385 5345 2754 5418 Κατευοδώσει
2791 5345 2927 5434 ημῖν
2977 5362 3006 5417 ὁ
3053 5361 3183 5423 Θεὸς
3228 5361 3334 5414 τῶν
3382 5351 3631 5426 cummi"

2251 5486 2319 5497 —
2346 5453 2445 5507 T6v
2515 5448 2718 5528 δρόμον
2781 5429 2878 5506 τοῦ
2924 5449 3275 5526 κηρύγματος
3337 5439 3626 5508 εὐωδοθῆναι
3656 5429 3786 5486 dmi:

2252 5538 2502 5618 εὔχονται
2534 5541 2587 5594 οἱ
2618 5536 2939 5596 ἀπόστολοι.
3762 5611 3780 5621 ⁸

2327 5617 2355 5691 (ι
2411 5638 2468 5691 '0
2523 5638 2652 5699 Θεὸς
2706 5638 2865 5709 ἡμῶν
2891 5682 2906 5708 ,
2966 5637 2995 5691 6
3053 5636 3182 5698 Θεὸς
3232 5636 3326 5689 τοῦ
3363 5630 3552 5700 σώζειν,
3599 5617 3672 5676 καὶ

2253 5726 2449 5802 Κυρίου
2505 5725 2706 5802 Κυρίου
2733 5705 2818 5780 "ad
2866 5705 3093 5796 διέξοδοι
3152 5727 3246 5781 τοῦ
3297 5721 3523 5778 θανάτου,
3568 5735 3593 5764 ››
3621 5738 3675 5753 --
3706 5705 3780 5769 Τῆς
