3998 6434
175 415 334 482 “93

1386 419 1802 488 EXPOSITIO
1844 417 1925 484 IN
1970 417 2356 484 PSALMOS.

3416 421 3574 486 1494

168 555 270 608 τοῦ
325 549 528 631 Κυρίου
576 545 856 630 δυνάμεώς
911 552 1021 612 ἐστι
1060 553 1122 612 τὸ
1171 551 1427 635 διεξάγειν
1475 557 1536 613 ἐκ
1589 555 1817 612 Θανάτου
1847 557 1902 624 Α
1932 572 2026 628 χοι
2074 551 2163 609 καὶ
2232 549 2532 609 ἀπόλεκτοι
2606 550 2709 623 τῆς
2765 543 3068 623 Ἰουδαϊκῆς
3127 547 3327 631 φυλῆς,
3385 551 3461 617 ὡς
3518 552 3572 610 οἰ

173 641 251 705 εἰς
314 644 478 714 ζωήν·
529 644 693 717 μόνου
748 647 849 722 γὰρ
906 645 1068 702 αύτοῦ
1121 646 1338 724 γέγονεν
1392 649 1428 717 ἡ
1477 643 1659 717 ἔξοδος
1714 648 1815 699 τοῦ

180 733 410 787 θανάτου
439 734 528 788 καὶ
559 731 899 804 διεξέλευσις.

249 852 273 882 ιι
309 827 462 899 Πλὴν
521 832 550 886 6
605 832 736 894 Θεὸς
792 832 1077 897 συνθλάσει
1152 833 1391 913 κεφαλὰς
1449 835 1658 910 ἐχθρῶν
1717 833 1810 888 αύ-

169 923 289 974 τοῦ.
316 942 346 971 ››
375 951 445 962 -
473 918 723 999 Κεφαλάς
769 920 932 977 ἐθνῶν
988 923 1083 985 τὰς
1141 924 1500 1001 καιριωτάτας
1558 921 1811 996 δυνάμεις

168 1011 279 1063 τῶν
314 1004 585 1082 δαιμόνων
618 1009 772 1088 φησί.

246 1099 558 1177 «Κορυφὴν
643 1100 839 1175 τριχὸς
941 1100 1413 1178 διαπορευομένων
1489 1101 1539 1156 ἐν
1619 1099 1811 1176 πλημ-

173 1184 414 1260 μελείαις
500 1186 692 1246 αὐτῶν.
753 1212 782 1240 ››
837 1221 908 1232 --
969 1194 1082 1244 Τῶν
1169 1187 1638 1267 διαπορευομένων
1721 1190 1810 1246 καὶ

169 1274 575 1350 ἐξιχνιαζόντων
630 1277 680 1333 ἐν
737 1282 856 1341 ταῖς
912 1278 1326 1354 πλημμελείαις
1383 1279 1558 1334 αὐτῶν
1617 1279 1808 1354 πλημ-

172 1362 486 1437 μελούντων
571 1366 867 1444 ἀνθρώπων
953 1368 1044 1422 καὶ
1126 1369 1226 1438 τήν
1307 1369 1579 1447 κορυφὴν,
1653 1389 1808 1424 τουτ-

167 1454 277 1508 έστι
333 1454 397 1510 τὸ
455 1453 745 1530 ἀκρότατον
803 1463 903 1527 τῆς
960 1456 1177 1534 τριχός’
1209 1454 1376 1534 ἤγουν
1441 1462 1548 1512 τῶν
1606 1456 1808 1534 ἐξερευ-

166 1542 386 1598 νώντων
436 1542 488 1598 ἐν
545 1548 624 1616 τῷ
677 1543 852 1619 καιρῷ
898 1550 995 1600 τοῦ
1025 1543 1321 1622 λογοθέτου
1349 1553 1449 1617 τῆς
1482 1549 1688 1622 ψυχῆς,
1721 1545 1808 1602 καί

160 1630 229 1685 τὰ
258 1630 379 1686 λίαν
411 1636 516 1687 τῶν
549 1633 958 1708 ἁμαρτημάτων
990 1634 1376 1712 σμικρότητος.

233 1728 420 1784 «Εἶπε
476 1727 698 1806 Κύριος·
759 1731 844 1802 Ἐξ
905 1731 1070 1807 βασάν
1131 1731 1454 1810 ἐπιστρέφω.
1501 1755 1530 1783 »
1577 1765 1646 1774 —
1701 1739 1807 1789 Βα-

161 1819 255 1873 σάν
287 1817 535 1894 αἰσχύνει
591 1819 964 1893 ἑρμηνεύεται.
999 1821 1349 1897 Ἐπέστρεψεν
1397 1822 1489 1876 οὗν
1535 1823 1564 1877 6
1611 1822 1806 1899 Κύριος

1922 640 2148 722 ἀδελφοὶ
2204 647 2300 698 τοῦ
2359 643 2557 717 Κυρίου
2609 644 2698 697 καὶ
2757 643 2807 697 οἱ
2864 645 2960 697 τοῦ
3017 637 3306 700 Ζαϐουλὼν
3348 642 3438 698 καί
3465 649 3568 715 τῆς

1920 736 2018 786 τοῦ
2069 731 2400 809 Νεφθαλεὶμ,
2449 729 2575 809 ἤωςλ
2631 732 2683 786 οἱ
2737 731 2843 786 ἀπὸ
2893 729 3188 794 Γαλιλαίας
3245 731 3564 790 ἀπόστολοι*

1922 823 1957 892 ἡ
2006 806 2273 877 Γαλιλαία
2327 822 2431 897 γὰρ
2476 806 2586 892 τῷ⁸
2608 815 2896 876 Ζαϐουλὼν
2954 818 3419 896 κεκληροδότηται
3476 823 3566 878 καὶ

1921 915 2000 983 τῷ
2028 908 2362 989 Νεφθαλείμ.

1991 1023 2022 1051 ‹‹
2053 999 2348 1073 Ἔντειλαι,
2381 1001 2409 1055 6
2452 1001 2600 1070 Θεὸς,
2658 1003 2726 1074 τῇ
2786 997 3004 1073 δυνάμει
3064 1021 3180 1054 σου.
3217 1024 3246 1052 ››
3277 1033 3346 1043 -
3394 1005 3562 1058 Τοῦτο

1919 1089 2055 1166 πρὸς
2110 1089 2201 1144 τὸν
2263 1090 2494 1168 Πατέρα,
2520 1089 2609 1144 τίνα
2661 1086 2963 1159 ἐντείληται
3018 1090 3098 1161 τῷ
3153 1090 3265 1163 1⁸ἰῷ
3318 1091 3386 1146 τὰ
3438 1093 3563 1168 περὶ

1916 1181 2015 1232 τοῦ
2069 1176 2418 1254 κηρύγματος
2476 1178 2549 1241 ὡς
2611 1178 2673 1232 τὸ
2731 1174 3070 1254 διαγγέλλων
3125 1178 3187 1233 τὸ
3243 1178 3564 1258 πρόσταγμα

1916 1270 2013 1322 τοῦ
2044 1267 2264 1342 Κυρίου.

1990 1398 2020 1427 ι(
2053 1376 2402 1449 Δυνάμωσον,
2438 1375 2466 1430 6
2498 1375 2648 1445 Θεὸς,
2679 1377 2840 1429 τοῦτο
2872 1375 2900 1428 ὃ
2925 1376 3257 1452 κατειργάσω
3281 1373 3332 1430 έν
3356 1377 3514 1448 ἡμῖν.
3535 1399 3558 1430 ι

1917 1497 1985 1506 -
2031 1468 2200 1519 Τοῦτο
2272 1465 2408 1539 πρὸς
2462 1464 2554 1519 τὸν
2613 1463 2758 1535 Υίὸν,
2810 1465 3154 1540 Κραταίωσον
3214 1463 3265 1520 ἐν
3315 1467 3450 1538 ἡμῖν
3499 1465 3562 1521 τὸ

1915 1554 2193 1628 κήρυγμα,
2219 1552 2351 1630 ὅπερ
2384 1555 2684 1630 ἀπήρτισας
2715 1550 2803 1608 διά
2829 1557 2927 1608 τοῦ
2966 1557 3096 1608 ναοῦ
3143 1574 3259 1624 σου,
3291 1551 3416 1623 ἤτοι
3465 1559 3562 1610 τοῦ

1914 1641 2354 1718 προσλήμματός
2385 1665 2500 1714 σου,
2533 1642 2620 1698 ἐπὶ
2646 1643 2746 1711 τήν
2779 1645 2880 1718 γῆν
2931 1649 3034 1712 τῆς
3079 1642 3441 1719 Ἰερουσαλὴμ
3487 1645 3562 1708 ὡς

1913 1731 1975 1786 τὸ
2007 1731 2093 1786 ἐπὶ
2121 1732 2262 1786 Σιὼν
2295 1725 2422 1808 ὅρος
2450 1732 2514 1786 τὸ
2545 1732 2693 1808 ἅγιον
2727 1730 2913 1791 αύτοῦ.
3547 1724 3552 1728 ”

1988 1862 2017 1891 ‹‹
2049 1837 2146 1894 Σοὶ
2195 1836 2400 1894 0’1'00601
2449 1835 2694 1913 βασιλεῖς
2741 1835 2972 1915 δῶρα.»
3012 1870 3082 1880 -
3129 1837 3307 1896 Ναούς
3363 1860 3421 1895 τε
3471 1840 3560 1896 καὶ

159 1908 295 1982 πρὸς
325 1908 607 2001 ἑαυτὸν-τὰ
636 1905 760 2001 ἔθνη
792 1908 854 2001 ἐκ
880 1910 977 1978 τῆς
1005 1912 1114 1965 τῶν
1146 1907 1390 1965 εἰδώλων
1422 1909 1686 1987 αἰσχύνης
1718 1910 1806 1966 καὶ
1837 1930 1886 1997 Β
1916 1928 2253 2001 ἀναθήματα,

155 2002 261 2066 τῆς
288 2001 396 2052 τῶν
426 1999 615 2052 παθῶν
646 1997 886 2073 ἀτιμίας.

231 2109 260 2138 ι(
293 2086 630 2164 Ἐπιστρέφω
687 2085 738 2142 ἐν
803 2087 989 2163 βυθοῖς
1066 2086 1360 2158 θαλάσσης.
1423 2111 1453 2141 ››
1528 2120 1598 2131 -
1655 2088 1805 2146 Ἐπέ-

154 2177 353 2250 στρεψε
405 2175 495 2230 καὶ
551 2174 679 2239 τοὺς
738 2174 791 2231 ἐν
855 2177 1039 2252 βυθοῖς
1104 2175 1393 2248 θαλάσσης·
1451 2175 1618 2255 ἤγουν
1675 2177 1802 2241 τοὺς

153 2263 210 2320 ἐν
257 2268 336 2336 τῷ
389 2265 541 2340 βάθει
596 2271 699 2334 τῆς
753 2263 1181 2328 πολυκλύδωνος
1238 2264 1504 2340 ἁμαρτίας
1551 2265 1703 2329 ὅπως
1741 2267 1800 2322 ἂν

159 2353 308 2430 βαφῇ
365 2355 394 2408 6
451 2353 586 2416 πούς
642 2374 758 2410 σου.
813 2357 1014 2427 Τοῦτο,
1071 2354 1226 2432 φησὶ,
1275 2358 1542 2426 ποιήσεις,
1614 2355 1800 2432 Κύριε,

153 2440 306 2504 ὅπως
364 2439 548 2497 τέλεον
607 2444 830 2518 νικήσῃς
885 2441 1012 2505 τοὺς
1071 2440 1353 2517 δαίμονας.
1407 2445 1465 2498 Ὀ
1523 2443 1685 2522 λόγος
1745 2441 1802 2500 δὲ

159 2527 544 2609 μεταφορικός.

232 2643 259 2674 ιι
286 2623 349 2679 Ἦ
396 2620 619 2698 γλῶσσα
672 2626 778 2678 τῶν
835 2626 1010 2677 κυνῶν
1067 2643 1162 2677 σου
1248 2621 1300 2694 ἐξ
1385 2622 1619 2699 ἐχθρῶν,
1673 2623 1800 2698 παρ’

154 2709 340 2766 αὐτοῦ.
377 2733 406 2762 »
438 2743 508 2752 —
539 2709 708 2766 Πάλιν
743 2712 778 2780 ἡ
820 2710 1046 2786 γλῶσσα
1098 2715 1205 2766 τῶν
1264 2715 1436 2766 κυνῶν
1495 2733 1591 2766 σου
1652 2712 1797 2790 βαφὴ

153 2800 282 2874 παρ’
339 2798 524 2866 αὐτοῦ,
579 2797 850 2855 τουτέστιν
939 2801 1030 2854 ἀπ’
1087 2799 1252 2855 016106
1325 2805 1422 2855 106
1481 2800 1532 2872 ἐξ
1591 2799 1800 2877 ἐχθρῶν

155 2883 310 2950 ὄντος
354 2885 589 2962 αἶ’ματος
645 2886 882 2960 δηλαδή.
931 2888 1095 2952 Κύνες
1145 2887 1205 2944 δὲ
1253 2894 1351 2946 τοῦ
1408 2885 1800 2963 παμϐασιλέως

152 2979 386 3052 Χριστοῦ
446 2977 498 3031 οἱ
557 2978 694 3032 θεῖοι
747 2976 1026 3051 ποιμένες,
1057 2979 1109 3032 οἱ
1164 2977 1294 3041 τοὺς
1349 2977 1582 3054 ἐχθροὺς
1634 2977 1799 3034 αὐτοῦ

154 3065 232 3128 ὡς
285 3065 507 3142 ἀγρίους
562 3067 727 3141 θῆρας
782 3066 1134 3143 ταράσσοντες
1187 3067 1278 3122 καὶ
1331 3067 1559 3140 μονονοὺ
1587 3072 1684 3122 τοῦ
1714 3066 1798 3122 α’ί-

162 3173 326 3227 ματος
380 3153 576 3209 τούτου
645 3156 1098 3230 ἀπογευσάμενοι.
1159 3154 1304 3218 Ποὺς
1357 3153 1416 3210 δὲ
1471 3160 1703 3232 Χριστοῦ
1760 3157 1796 3226 ἡ

157 3241 470 3315 Ἐκκλησία,
501 3246 568 3312 ἧς
597 3243 760 3306 αὐτὸς
787 3243 1022 3322 κεφαλή.

230 3332 695 3408 «Ἐθεωρήθησιον
749 3333 805 3387 αἱ
859 3331 1074 3408 πορεῖαί
1130 3353 1246 3405 σου,
1287 3333 1316 3388 6
1362 3334 1511 3396 Θεός.
1547 3357 1576 3384 ››
1606 3366 1674 3377 -
1726 3332 1797 3389 Δί’

154 3419 480 3499 ἀναστροφαί
553 3423 654 3491 τῆς
723 3421 983 3494 ἐνσάρκου
1059 3419 1338 3484 πολιτείας
1415 3443 1530 3491 σου,
1587 3427 1684 3478 τοῦ
1741 3422 1794 3478 ἐν

150 3507 232 3583 τῷ
289 3509 429 3586 ἁγίῳ
485 3510 655 3587 Πατρὶ
727 3504 884 3573 ὄντος
953 3510 1099 3583 Υὶοῦ,
1159 3506 1412 3590 ὤφθησαν
1482 3517 1598 3573 τοῖς
1677 3517 1794 3574 σοῖς

151 3597 464 3662 αύτόπταις.

226 3714 255 3742 ‹‹
286 3690 632 3766 Προέφθασαν
687 3689 947 3765 ἄρχοντες
1030 3689 1290 3766 ἐχόμενοι
1357 3687 1702 3764 ψαλλόντων.
1764 3713 1793 3742 ››

156 3811 222 3822 -
251 3773 564 3854 [προέλαϐον
621 3779 820 3839 πάντας
878 3777 930 3832 οἰ
987 3779 1250 3854 ἄρχοντες
1303 3782 1411 3832 τῶν
1458 3777 1618 3833 ἐθνῶν
1659 3779 1795 3835 ἀπό-

152 3865 340 3923 στολοι
450 3871 662 3943 πρῶτοι
761 3865 1134 3929 πιστεύσαντες
1211 3866 1469 3943 ἐχόμενα,
1550 3870 1792 3924 τουτέστι

152 3956 408 4034 σύνεγγυς
437 3960 544 4012 τῶν
575 3950 898 4030 ψαλλόντων
935 3955 1054 4024 ἤτοι
1113 3954 1496 4032 έκφωνούντων
1551 3956 1620 4012 τὰ
1668 3957 1792 4034 περὶ

144 4049 245 4100 τοῦ
328 4048 585 4120 Χριστοῦ,
651 4043 893 4100 τουτέστι
976 4047 1083 4098 τῶν
1163 4049 1457 4122 προφητῶν
1543 4044 1632 4100 καὶ
1711 4051 1792 4120 τῷ

144 4132 335 4212 χρόνῳ
361 4132 452 4188 καὶ
480 4132 561 4206 τῷ
591 4131 899 4210 κηρύγματι
932 4131 1354 4197 ἀκολουθοῦντες
1383 4133 1586 4197 αὐτοῖς.

219 4256 248 4285 ‹‹
279 4234 372 4288 Ἐν
450 4232 600 4306 μέσῳ
657 4229 914 4287 νεανίδων
967 4236 1428 4307 τυμπανιστριῶν.
1491 4255 1521 4284 ››
1577 4264 1646 4274 -
1703 4233 1789 4290 Ἐν

150 4321 302 4395 μέσῳ
359 4318 617 4392 δηλονότι
674 4320 1051 4382 πιστεύσαντες
1105 4324 1212 4375 τῶν
1275 4317 1580 4375 Ἰουδαϊκῶν
1633 4341 1790 4376 συνα-

143 4414 367 4486 γωγῶν,
398 4409 454 4463 αἱ
493 4406 724 4471 νεάνιδες
757 4407 846 4464 διὰ
883 4409 948 4464 τὸ
995 4408 1182 4471 ἀτελὲς
1227 4415 1330 4478 τῆς
1375 4407 1656 4472 πολιτείας
1701 4409 1792 4464 αύ-

139 4503 272 4554 τῶν·
299 4497 717 4573 τυμπανίστριαι
768 4496 846 4572 δὲ,
879 4496 968 4552 διὰ
1016 4499 1080 4552 τὸ
1135 4499 1442 4571 σωματικὸν
1497 4505 1597 4567 τῆς
1654 4499 1789 4576 πρὸς

147 4584 282 4644 Θεὸν
310 4585 585 4664 λατρείας.

222 4698 251 4727 ι(
286 4675 372 4730 Ἐν
430 4673 746 4746 ἐκκλησίαις
801 4673 1079 4750 εὐλογεῖτε
1130 4675 1221 4730 τὸν
1279 4676 1406 4731 Θεὸν
1467 4675 1661 4752 Κύριον
1731 4677 1791 4731 ἐκ
1820 4669 1866 4734 Ι)

142 4767 342 4840 πηγῶν
400 4761 641 4840 Ἰσραήλ.
677 4787 706 4814 ››
737 4795 808 4807 -
857 4763 1042 4838 Πηγὰς
1098 4763 1320 4841 Ἰσραήλ
1377 4785 1508 4842 φησι
1553 4764 1649 4828 τάς
1678 4770 1784 4820 τῶν

137 4855 442 4930 προφητῶν
471 4850 562 4906 καί
617 4856 717 4907 τοῦ
771 4850 945 4925 νόμου
1002 4852 1236 4930 Γραφάς,
1267 4854 1353 4916 αῖς
1401 4851 1642 4926 συνᾴδειν
1697 4855 1785 4910 τὸν

139 4940 222 5004 εἰς
255 4940 383 4996 Θεὸν
417 4939 586 5014 ὕμνον
623 4938 1010 4997 διακελεύεται.

218 5063 247 5092 ‹‹
279 5041 424 5095 Ἐκεῖ
473 5039 727 5108 Βενιαμὶν
784 5039 1066 5115 νεώτερος.
1101 5063 1130 5093 ››
1162 5073 1230 5082 --
1257 5043 1400 5096 Ἐκεῖ
1447 5040 1498 5095 ἐν
1558 5047 1676 5104 ταῖς
1708 5040 1792 5096 ἐκ-

130 5127 418 5200 κλησίαις,
471 5125 687 5198 δηλαδή
749 5129 778 5182 6
836 5127 1111 5202 Βενιαμὶν,
1145 5127 1272 5198 ἤτοι
1303 5131 1331 5184 6
1363 5130 1522 5206 ἅγιος
1574 5129 1790 5191 Παῦλος

134 5217 171 5272 ὁ
202 5215 264 5272 ἐκ
291 5214 473 5295 φυλῆς
530 5213 906 5290 Βενιαμίτιδος
961 5216 1243 5293 νεώτερος,
1275 5216 1402 5287 ἤτοι
1436 5223 1544 5273 τῶν
1604 5216 1790 5274 ἄλλων

132 5303 464 5362 ἀποστόλων
498 5303 716 5382 ὕστερον
747 5304 1060 5370 πιστεύσας.

214 5417 245 5446 ‹‹
271 5396 358 5452 Ἐν
412 5393 674 5452 ἐκστάσει.
709 5419 739 5448 ››
767 5427 834 5439 -
864 5395 962 5450 Διά
1013 5395 1113 5465 τὴν
1170 5394 1275 5460 ἕως
1320 5395 1507 5474 τρίτου
1559 5396 1789 5473 ούρανοῦ

143 5484 420 5562 ἁρπαγήν.

217 5595 249 5624 ‹‹
279 5573 581 5649 Ἀρχοντες
661 5570 836 5628 Ἰούδα
913 5571 1184 5648 ἡγεμόνες
1269 5572 1462 5630 αύτῶψ
1531 5575 1792 5651 ἄρχοντες

150 5655 466 5734 Ζαϐουλῶε,
539 5663 804 5739 ἄρχοντες
878 5657 1188 5740 Νεφθαλίμ.
1265 5687 1294 5714 ››
1370 5697 1439 5706 --
1505 5662 1792 5740 Ἡγεμόνες

151 5749 330 5810 αὐτῶν
385 5755 495 5810 τῶν
555 5749 1017 5826 έκκλησιαστικῶν
1072 5751 1125 5805 0'1
1182 5748 1443 5830 ἄρχοντες
1475 5749 1792 5824 5610011580-

1990 2016 2404 2091 αἘπιτίμησον
2458 2021 2574 2079 τοῖς
2634 2015 2852 2092 θηρίοις
2905 2021 3001 2072 τοῦ
3069 2017 3342 2092 καλάμου.
3400 2039 3428 2072 ι
3491 2050 3562 2063 -

1914 2106 2174 2180 Φίμωσον
2241 2105 2369 2169 τοὺς
2435 2105 2634 2178 νοητὰς
2701 2104 2945 2180 λέοντας,
2993 2105 3123 2169 τοὺς
3184 2105 3408 2184 ἀγρίους
3469 2109 3560 2164 καὶ

1912 2194 2143 2266 ἀπηνεῖς
2171 2192 2454 2270 δαίμονας.

1986 2290 2105 2340 «Ἡ
2163 2285 2449 2362 συναγωγή
2501 2289 2610 2340 τῶν
2675 2283 2888 2362 ταύρων
2963 2284 3014 2340 ἐν
3091 2291 3211 2348 ταῖς
3295 2283 3561 2360 δαμάλεσι

1909 2377 2019 2430 τῶν
2053 2371 2223 2430 λαῶν.
2255 2394 2283 2427 ο
2332 2405 2386 2416 σε
2431 2374 2494 2428 Οἱ
2531 2379 2636 2429 τῶν
2673 2372 2944 2430 Ἰουδαίων
2993 2375 3290 2450 ἡγούμενοι
3341 2375 3392 2431 ἐν
3439 2381 3564 2440 ταῖς

1912 2459 2176 2536 δαμάλεσι
2218 2467 2326 2518 τῶν
2378 2460 2546 2536 λαῶν,
2587 2461 2858 2518 τουτέστιν
2911 2462 2962 2518 ἐν
3017 2462 3166 2536 μέσῳ
3207 2468 3316 2518 τῶν
3366 2463 3559 2520 ὑποτε-

1908 2551 2184 2628 ταγμένων
2243 2550 2415 2620 λαῶν,
2468 2551 2704 2628 ἐγίνοντο
2755 2549 3041 2622 δηλονότι,
3090 2551 3229 2608 ὥστε
3272 2552 3400 2616 τοὺς
3467 2551 3558 2610 δο-

1909 2640 2105 2715 κίμους
2137 2645 2215 2713 τῷ
2271 2638 2592 2716 Εύαγγελίῳ
2646 2639 2772 2703 τοὺς
2831 2640 3170 2705 ἀποστόλους
3226 2640 3552 2718 ἐγκλεισθῆ-

1907 2750 2016 2798 ναι,
2065 2728 2307 2784 τουτέστι
2366 2727 2681 2799 κωλυθῆναι
2735 2729 3020 2806 κηρύττειν
3077 2751 3137 2786 τε
3192 2731 3282 2786 καὶ
3339 2731 3556 2809 εὐαγγε-

1911 2817 2171 2888 λίζεσθαι.

1983 2931 2016 2961 ιι
2043 2906 2433 2984 Διασκόρπισον
2465 2903 2590 2977 ἔθνη
2623 2908 2690 2962 τὰ
2717 2906 2842 2969 τοὺς
2886 2905 3170 2981 πολέμους
3216 2907 3490 2972 ἐθέλοντα.
3525 2934 3554 2961 ››

1907 3028 1977 3038 --
2021 2996 2156 3059 Τοὺς
2215 2994 2506 3067 αἰσθητούς
2551 3017 2611 3050 τε
2675 2996 2763 3050 καὶ
2821 2996 3052 3066 νοητοὺς
3103 2995 3405 3071 πολεμίους
3452 3005 3555 3069 τῆς

1908 3082 2258 3156 Ἐκκλησίας.

1985 3198 2006 3226 ι
2039 3175 2262 3244 ’Ήξουσι
2306 3169 2558 3251 πρέσϐεις
2619 3174 2668 3249 ἐξ
2730 3173 3026 3251 Αἰγύπτου.
3075 3196 3104 3229 ι)
3157 3208 3226 3218 —-
3275 3173 3556 3230 Ἐλευσαν-

1826 3299 1868 3367 G
1904 3283 1990 3318 ται
2046 3264 2225 3318 πιστοὶ
2284 3259 2665 3340 πρεσϐεύοντες
2720 3263 2852 3340 ὑπὲρ
2906 3269 3004 3318 τοῦ
3059 3264 3268 3338 κόσμου
3351 3265 3550 3329 παντὸς

1909 3350 1958 3367 ...
2029 3353 2080 3367 ..
2139 3351 2152 3367 ,
2514 3351 2524 3367 .
2745 3354 2755 3367 .
2980 3361 3008 3367 -
3124 3352 3167 3367 ._
3271 3359 3298 3367 η
3419 3351 3446 3367 ,ι

1906 3350 1958 3424 ἐξ
2013 3351 2317 3428 Αἰγύπτου,
2374 3351 2616 3408 τουτέστι
2685 3354 2861 3424 πάσης
2937 3361 3044 3428 γῆς
3120 3352 3356 3426 ἐθνικῆς,
3416 3351 3550 3426 ὅσης

1903 3439 2168 3517 ἐκυρίευεν
2198 3442 2226 3496 6
2255 3443 2455 3513 νοητὸς
2488 3442 2713 3517 Φαραώ.

1975 3572 2005 3601 «
2040 3547 2294 3604 Αἰθιοπία
2347 3549 2642 3628 προφθάσει
2699 3554 2860 3625 χεῖρα
2914 3548 3082 3619 αὐτῆς
3119 3549 3200 3620 τῷ
3252 3554 3385 3621 Θεῷ.
3422 3575 3444 3605 ι
3480 3582 3550 3594 -ο

1903 3637 2052 3693 ’Δντὶ
2106 3643 2203 3692 τοῦ
2257 3639 2576 3716 προφθάσει,
2625 3636 2870 3693 τουτέστι
2927 3640 3147 3708 ποιήσει
3205 3639 3400 3714 φθάσαι
3456 3640 3547 3694 καὶ

1902 3724 2310 3798 πλησιάσαιτῷ
2347 3731 2463 3799 Θεῷ
2494 3723 2582 3781 διὰ
2619 3729 2931 3803 προσευχῆς
2986 3727 3077 3780 καὶ
3138 3723 3326 3802 δώρων
3380 3748 3550 3804 προσ·-

1902 3822 2126 3891 αγωγῆς
2175 3815 2270 3878 τὰς
2318 3820 2509 3892 χεῖρας
2558 3814 2748 3885 αὐτῆς.
2800 3816 2898 3870 Διά
2945 3814 3134 3887 αὐτῆς,
3177 3812 3267 3870 διὰ
3308 3823 3410 3886 τῆς
3452 3815 3550 3873 Δί-

1901 3903 2113 3966 θιοπίας
2171 3901 2230 3958 δὲ
2285 3904 2352 3959 τὰ
2405 3911 2506 3974 τῆς
2562 3910 2664 3980 γῆς
2721 3903 2942 3978 ᾐνίξατο
2997 3902 3224 3980 πέρατα,
3276 3905 3368 3960 καὶ
3445 3905 3547 3982 γὰρ

1902 3989 2122 4068 ἔσχατοι
2154 3991 2364 4047 πάντων
2414 3992 2714 4067 ἀνθρώπων
2767 3990 2819 4047 έν
2866 3991 3104 4066 ἀνατολῇ
3149 4013 3209 4048 τε
3262 3994 3352 4050 καὶ
3399 3991 3547 4049 δύσει

1899 4086 2241 4136 κατοικοῦσιν
2271 4080 2551 4146 Αἰθιόπες.

1978 4208 2002 4238 ι
2035 4187 2103 4243 Αἰ
2163 4187 2434 4263 βασιλεῖαι
2485 4195 2586 4258 τῆς
2643 4194 2767 4262 γῆς,
2799 4185 2959 4260 ᾅσατε
3014 4193 3092 4261 τῷ
3147 4193 3283 4262 Θεῷο
3341 4188 3549 4264 ψάλατε

1897 4281 1977 4348 τῷ
2022 4276 2205 4350 Κυρίῳ
2250 4279 2331 4349 τῷ
2375 4271 2725 4349 έπιϐεϐηκότι
2775 4277 2862 4333 ἐπὶ
2908 4278 2998 4332 τὸν
3050 4277 3274 4351 ούρανὸν
3317 4281 3415 4332 τοῦ
3454 4277 3548 4332 o6-

1901 4370 2064 4440 ρανοῦ
2121 4367 2258 4421 κατὰ
2309 4363 2592 4429 ἀνατολάς.
2626 4391 2655 4419 ››
2688 4367 2843 4442 -ξΗ
2881 4367 3074 4442 πρώτη
3134 4367 3220 4422 ἐπὶ
3277 4365 3394 4421 ἀντὶ
3444 4368 3543 4436 τῆς

1897 4453 2020 4525 ἀνά,
2048 4459 2129 4526 τῷ
2159 4449 2519 4526 ἀναϐεϐηκότι
2575 4454 2662 4510 ἐπὶ
2716 4455 2807 4510 τὸν
2859 4455 3126 4531 ἀνώτερον
3155 4454 3378 4530 οὐρανὸν
3411 4456 3545 4510 κατὰ

1899 4540 2186 4615 ἀνατολὰς,
2217 4541 2336 4612 ἤως
2377 4544 2452 4606 εἰς
2513 4545 2608 4606 τὰς
2653 4540 2938 4612 ἀνατολὰς,
2985 4542 3255 4598 τουτέστιν
3313 4542 3388 4606 εἰς
3440 4545 3540 4612 τήν

1898 4632 2162 4708 προτέραν
2195 4631 2359 4687 016106
2389 4629 2543 4703 δόξαν
2573 4653 2633 4687 τε
2662 4635 2752 4687 καί
2783 4631 3166 4708 λαμπρότητα.

1969 4762 1998 4790 (ί
2029 4735 2170 4794 Ἰδοὺ
2203 4735 2363 4794 δώσει
2390 4743 2458 4812 τῇ
2489 4743 2643 4816 φωνῇ
2675 4738 2837 4794 αὐτοῦ
2863 4740 3045 4818 φωνὴν
3079 4735 3380 4812 δυνάμεως.
3414 4765 3442 4793 ››
3474 4774 3542 4783 -

1894 4832 2018 4889 Τοῖς
2047 4826 2374 4890 ἀποστόλοις
2410 4825 2570 4882 δώσει
2600 4826 2762 4904 λόγον
2797 4825 3110 4901 ένδύναμον.

1971 4958 1998 4985 ει
2034 4933 2137 4988 Επὶ
2196 4934 2285 4988 τὸν
2348 4933 2568 5010 Ἰσραήλ
2599 4935 2634 5004 ἡ
2672 4934 3108 5010 μεγαλοπρέπεια
3163 4933 3346 4991 016106.
3398 4958 3426 4986 ››
3476 4969 3546 4979 —

1899 5027 1987 5094 Τῷ
2035 5027 2354 5098 θεωρητικῷ
2397 5020 2550 5098 ἀνδρὶ
2595 5023 2662 5076 τὰ
2703 5026 2802 5077 106
2851 5026 2984 5078 Θεοῦ
3036 5021 3296 5099 μεγαλεῖα
3351 5024 3546 5100 γνωρί-

1904 5117 2104 5181 ζονται,
2149 5111 2238 5166 καὶ
2296 5113 2331 5181 ἡ
2390 5109 2616 5184 δύναμις
2674 5110 2838 5166 016106
2889 5109 2968 5183 τῷ
3017 5111 3384 5188 ὑπαρηρμένῳ
3437 5117 3545 5167 τῶν

1900 5204 2138 5276 γεηρῶν.

1978 5313 2000 5340 ι
2035 5290 2350 5363 Θαυμαστὸς
2397 5289 2425 5343 6
2482 5288 2613 5351 Θεὸς
2666 5287 2715 5343 ἐν
2773 5295 2891 5351 τοῖς
2946 5288 3123 5366 ἀγίοις
3170 5289 3355 5348 αὐτοῦ.
3409 5314 3438 5343 ››
3480 5324 3552 5334 —-

1903 5378 2240 5451 Θαυμάζεται
2291 5378 2318 5431 6
2365 5375 2495 5439 Θεὸς
2530 5377 2619 5431 ἐπὶ
2665 5382 2782 5439 τοῖς
2832 5377 3008 5454 ἀγίοις
3058 5377 3244 5451 αύτοῦ,
3295 5376 3412 5448 ἤως
3461 5378 3550 5435 ἐπὶ

1901 5469 1970 5541 τῇ
2010 5463 2262 5539 πολιτείᾳ
2289 5465 2496 5521 τούτων
2529 5464 2618 5520 καὶ
2647 5469 2717 5540 τῇ
2749 5468 3122 5543 τερατουργίᾳ.

1983 5597 2002 5624 ι
2038 5574 2095 5628 Ὃ
2143 5573 2270 5635 Θεὸς
2321 5571 2546 5648 Ισραήλ,
2600 5571 2760 5636 αὐτὸς
2811 5571 2970 5628 δώσει
3023 5572 3245 5649 δύναμιν
3277 5574 3366 5630 καὶ
3415 5593 3544 5650 κρα-

1902 5661 2124 5716 ταίωσιν
2176 5660 2256 5734 τῷ
2314 5661 2430 5733 λαῷ
2487 5661 2671 5718 016106.
2704 5688 2731 5714 ››
2775 5695 2843 5704 ——
2904 5662 2996 5718 Εἰς
3052 5664 3115 5718 τὸ
3174 5663 3426 5739 ἐμμένειν
3477 5663 3550 5739 τῇ

1905 5750 2197 5827 ἀμωμήτῳ
2224 5750 2398 5808 πίστει
2430 5750 2618 5811 016106.
