3998 6442
257 432 417 503 “91

1464 433 1876 501 EXPOSITIO
1916 434 1996 500 IN
2040 434 2428 502 PSALMOS.

3487 429 3647 497 1498

251 569 373 626 Ὀτι
429 567 490 626 ὃν
542 560 608 625 σὺ
651 564 997 647 παταχθῆναι
1060 567 1459 645 παρεσκεύασας
1521 568 1675 625 αὐτοὶ
1738 567 1894 626 κατέ·
1924 573 1979 640 Α
2006 572 2228 627 καὶτῶν
2258 569 2442 627 ἄλλων
2475 564 2783 627 ἐπιϐουλῶν
2812 570 2922 626 τῶν
2968 588 3027 625 τε
3072 562 3219 645 παρᾶ
3272 568 3378 621 τῶν
3429 576 3640 638 νοητῶν

259 656 491 737 δραμον,
522 656 683 737 ἄχρις
715 659 773 715 ἂν
806 658 1111 738 ἐφόνευσαν.

1998 661 2211 739 ἐχθρῶν
2268 664 2358 718 καὶ
2412 667 2519 717 τῶν
2582 662 2875 733 αἰσθητῶν,
2920 655 3045 729 ἤτοι
3104 659 3374 735 σωτηρίαν
3434 656 3495 713 ἐκ
3546 661 3644 712 τοῦ

333 771 357 803 ι
389 747 490 805 Καὶ
546 747 633 805 ἐπὶ
672 751 738 805 τὸ
784 747 949 826 ἄλγος
994 753 1101 805 τῶν
1145 748 1465 826 τραυμάτων
1533 771 1636 822 μου
1690 747 1891 825 προσέ-
1999 758 2153 820 Θεοῦ,
2209 752 2498 829 χρώμενος
2551 755 2631 824 τῷ
2681 749 2916 823 τοιούτῳ
2971 749 3177 823 ψαλμῷ
3251 748 3341 803 καὶ
3390 747 3479 820 οίᾳ
3542 746 3646 802 τινὶ

256 839 446 910 θηκαν.
482 860 506 891 ι
541 872 609 883 -
639 836 881 911 Ηῧξησάν
932 860 1027 912 μοι
1070 839 1133 893 τὸ
1177 837 1348 914 ἄλγος
1395 843 1501 894 τῶν
1545 839 1889 915 τραυμάτων,

257 931 329 1003 τῇ
393 930 673 1003 προσθήκῃ
730 934 829 985 τοῦ
878 926 1205 1001 ὀνειδισμοῦ·
1251 929 1287 998 ἢ
1332 933 1425 984 καῖ
1483 935 1583 998 τῆς
1632 948 1892 1006 συκοφαν-

255 1017 394 1090 τίας,
424 1016 508 1072 δτι
535 1018 720 1096 ταφεὶς
752 1016 1016 1089 ἐκλάπην,
1048 1014 1174 1073 ἀλλ’
1206 1016 1304 1072 ούκ
1330 1016 1575 1087 ἀνέστην·

329 1130 352 1159 ιι
388 1105 624 1182 Πρόσθες
671 1106 898 1180 ἀνομὶαν
966 1106 1055 1162 ἐπὶ
1109 1107 1208 1175 τήν
1260 1105 1486 1180 ἀνομίαν
1534 1104 1730 1162 αὐτῶν.
1764 1130 1795 1158 ››
1826 1138 1891 1149 -

251 1195 356 1259 Τάς
403 1195 649 1270 αὐξήσεις
706 1194 965 1272 προλέγει
1029 1199 1136 1250 τῶν
1197 1189 1627 1268 συμϐησομένων
1691 1215 1895 1273 συμφο-

255 1289 364 1359 ρῶν
424 1290 542 1348 τοῖς
597 1282 882 1348 Ἰουδαίοις
943 1304 956 1317 ·
1015 1283 1238 1359 ἀνομίαν
1293 1286 1395 1360 γὰρ
1426 1283 1651 1340 ἐνταῦθα
1693 1285 1790 1353 νήν
1824 1282 1895 1339 δι’

254 1373 522 1451 ἁμαρτίαν
554 1373 893 1451 ἐπαγομένην
922 1373 1193 1448 τιμωρίαν
1223 1374 1377 1452 φησί.

331 1483 355 1515 ι
386 1462 487 1521 Καὶ
518 1462 619 1520 ούκ
672 1464 1055 1520 εἱσελθέτωσαν
1109 1462 1162 1518 ἐν
1217 1460 1525 1537 δικαιοσύνῃ
1580 1484 1696 1518 σου.
1750 1486 1778 1513 ››
1826 1496 1896 1507 --

258 1551 360 1607 Καὶ
415 1551 478 1607 ού
541 1553 617 1626 μὴ
674 1540 902 1609 ἔλθωσιν
961 1552 1039 1615 είς
1092 1552 1155 1607 τὸ
1214 1549 1570 1622 δικαιωθῆναι
1624 1551 1770 1628 παρά
1798 1557 1894 1606 σοῦ

257 1640 351 1697 καὶ
378 1646 565 1717 τυχεῖν
598 1640 805 1705 ἐλέους.

327 1750 359 1783 ιι
391 1727 861 1808 Ἐζαλειφήτωσαν
918 1729 979 1787 ἐκ
1039 1725 1234 1806 βίϐλου
1292 1731 1526 1801 ζώντων.
1590 1754 1619 1783 ››
1647 1760 1719 1774 —
1746 1735 1896 1785 Ζῶν-

249 1838 347 1880 τας
402 1815 547 1895 λέγει
602 1817 732 1881 τοὺς
786 1817 1176 1896 κληρονόμους
1230 1820 1329 1888 τήν
1388 1818 1440 1874 ἐν
1498 1817 1569 1893 τῇ
1648 1818 1897 1895 βασιλείᾳ

250 1911 359 1963 τῶν
389 1907 629 1983 οὐρανῶν
681 1910 825 1979 ζωὴν
874 1911 972 1979 κήν
1022 1908 1263 1967 αἰώνιον.
1295 1904 1498 1966 Βίϐλον
1532 1907 1591 1964 δὲ
1616 1914 1891 1984 τροπικῶς
1925 1944 1975 2009 Β

252 1996 351 2066 τὴν
381 1995 525 2053 θείαν
556 2001 756 2073 γνῶσιν
787 1996 964 2054 καλεῖ.

325 2108 357 2139 ιι
406 2086 507 2143 Καὶ
570 2087 703 2159 μετὰ
756 2084 976 2143 δικαίων
1034 2088 1110 2162 μὴ
1167 2089 1552 2167 γραφήτωσαν.
1610 2120 1678 2131 -
1727 2092 1895 2144 Τοῦτο

249 2177 353 2230 τοῦ,
378 2175 489 2230 ἅνω
519 2173 644 2254 ἐφέρ
653 2196 855 2250 μηνευτ
864 2176 995 2233 ικόν.

337 2263 603 2327 «Πτωχὸς
652 2265 742 2320 καὶ
797 2263 981 2341 ἀλγῶν
1026 2264 1141 2339 εἰμὶ
1199 2264 1330 2341 ἐγώ.
1376 2289 1406 2318 ››
1435 2299 1503 2308 -
1532 2267 1765 2342 Ητωχὸς
1801 2266 1894 2341 μὶν

259 2351 289 2407 6
344 2351 543 2428 Κύριος
590 2354 727 2410 κατά
773 2353 943 2430 σάρκα
985 2354 1076 2409 καὶ
1120 2358 1228 2410 τῶν
1280 2352 1369 2409 ἐπὶ
1422 2357 1525 2430 γῆς
1584 2353 1897 2411 εὐτελέστα-

248 2461 344 2504 τος
378 2459 393 2474 ·
453 2438 634 2518 ἀλγῶν
691 2440 751 2498 δὲ
803 2447 921 2506 τοῖς
976 2443 1048 2498 δι’
1102 2444 1249 2517 ἡμᾶς
1292 2444 1479 2499 πάθεσι
1507 2448 1604 2500 τοῦ
1632 2443 1897 2518 παναγίου

252 2529 349 2586 αύτ
358 2534 419 2589 οῦ
452 2533 724 2604 σώματος.

330 2642 360 2674 ιι
390 2620 454 2676 Ἠ
502 2619 747 2698 σωτηρία
794 2642 912 2692 σου,
964 2622 993 2676 6
1041 2622 1192 2693 Θεὸς,
1238 2617 1562 2679 ἀντελάϐετό
1610 2644 1736 2696 μου.
1770 2646 1799 2675 ››
1829 2655 1899 2665 -

252 2709 329 2764 Τὰ
383 2707 619 2774 ἐντεῦθεν
670 2711 952 2787 προσώπῳ
989 2712 1089 2781 τῆς
1134 2710 1479 2785 Ἐκκλησίας,
1527 2713 1590 2768 Ἡ
1636 2711 1742 2767 ἀπὸ
1802 2715 1898 2767 σοῦ

257 2796 519 2870 σωτηρία,
552 2794 841 2875 λεγοὺσης,
870 2798 1212 2877 ἠλευθέρωσέ
1245 2820 1313 2873 με
1338 2802 1439 2869 τῆς
1467 2798 1700 2871 πλάνης.

324 2910 355 2940 ιι
392 2886 491 2943 Καὶ
543 2885 723 2964 ἀρέσει
773 2892 853 2961 τῷ
908 2889 1025 2962 Θεῷ
1084 2889 1216 2965 ὑπὲρ
1277 2888 1485 2966 μόσχον
1538 2890 1652 2946 νέον
1702 2889 1898 2966 κέρατα

252 2973 546 3054 ἐκφέροντα
590 2975 683 3033 καὶ
718 2974 916 3040 ὁπλάς.
969 3001 998 3031 ››
1043 3011 1113 3020 -
1162 2983 1418 3041 Τοιοῦτος
1446 2978 1552 3055 γὰρ
1584 2980 1612 3034 6
1642 2980 1766 3034 κατᾶ
1804 2979 1894 3035 νό-

253 3085 353 3138 μον
405 3064 670 3139 θυόμενος
729 3066 959 3140 μόσχος,
1019 3068 1250 3141 ἀκμαῖος
1294 3064 1405 3138 ἤδη
1458 3087 1472 3099 ⁸
1518 3072 1682 3123 τοῦτο
1724 3070 1826 3145 γάρ
1856 3071 1892 3138 ἦ

248 3151 503 3233 ἀρτιφυΐα
527 3158 636 3215 τῶν
666 3153 902 3232 κεράτων
933 3155 1023 3212 κσὶ
1048 3160 1155 3211 τῶν
1208 3154 1424 3232 ὀνύχων
1482 3154 1650 3213 δπλοῖ
1678 3176 1693 3189 ο
1755 3156 1894 3230 μᾶλ-

248 3237 347 3298 λον
396 3240 456 3299 δὲ
508 3243 607 3314 τὴν
636 3250 739 3314 τῆς
769 3251 1003 3319 νομικῆς
1030 3244 1276 3322 λατρείας
1332 3244 1591 3322 νέκρωσιν
1652 3244 1741 3302 διὰ
1789 3253 1890 3317 τῆς

250 3335 359 3388 τῶν
416 3332 654 3407 κεράτων
711 3332 803 3390 καὶ
886 3330 1073 3390 ὅπλων
1132 3333 1449 3411 νεκρότητος
1506 3335 1534 3389 6
1592 3337 1889 3413 Προφήτης

250 3418 488 3495 ᾐνίξατο.

324 3532 349 3563 ι
382 3507 686 3567 Είδέτωσαν
755 3512 977 3588 πτωχοὶ
1040 3510 1130 3567 καὶ
1209 3510 1678 3591 εύφρανθήτωσαν.
1730 3537 1759 3565 »
1822 3546 1892 3557 --—

249 3597 315 3652 Οἱ
343 3600 564 3675 πτωχοὶ
590 3598 775 3656 πιστοὶ
801 3598 1059 3656 ίδέτωσαν
1090 3599 1191 3656 ὅσα
1218 3601 1248 3656 6
1293 3601 1490 3678 Κύριος
1537 3602 1776 3659 πέπονθε
1822 3599 1891 3657 δι’

248 3685 442 3743 αὐτοὺς
474 3688 566 3742 καὶ
594 3685 695 3743 ὅσα
715 3690 1060 3766 κατώρθωσε.

315 3799 346 3829 ιι
375 3777 497 3833 ’Ὅτι
526 3776 809 3849 εἶσήκουσε
842 3782 951 3834 τῶν
995 3780 1245 3849 πενήτων
1301 3779 1330 3835 6
1386 3779 1608 3855 Κύριος,
1648 3780 1739 3835 καὶ
1796 3800 1891 3834 πε-

242 3862 583 3939 πεδημένους
618 3864 784 3922 αὐτοῦ
839 3865 938 3923 οὐκ
992 3864 1331 3938 ἐξουδένωσε.
1365 3891 1396 3919 ››
1425 3901 1495 3911 -
1525 3870 1607 3925 Ἐν
1651 3873 1731 3941 τῷ
1785 3868 1892 3945 πρὸ

244 3952 440 4009 τούτου
468 3953 678 4029 ψαλμῷ
704 3954 831 4032 περὶ
857 3976 967 4011 των
998 3953 1204 4024 πεπεδη
1217 3955 1390 4029 μένων
1423 3953 1757 4026 διείληπται.

314 4066 346 4096 ιι
384 4045 506 4099 Ὅτι
545 4044 574 4100 6
619 4044 749 4107 Θεὸς
807 4045 971 4100 σώσει
1003 4045 1103 4113 τὴν
1153 4045 1320 4117 Σιὼν,
1367 4044 1457 4100 καὶ
1522 4043 1892 4119 οἰκοδομηθή-

244 4152 427 4187 σονται
457 4132 513 4187 αἱ
542 4130 731 4196 πόλεις
777 4140 877 4205 τῆς
923 4130 1207 4197 Ἰουδαίας.
1240 4158 1270 4188 ››
1300 4167 1369 4177 —
1399 4135 1541 4189 Σιὼν
1592 4132 1737 4210 λέγει
1786 4140 1890 4191 τῶν

244 4224 452 4276 πιστῶν
490 4220 817 4292 Ἐκκλησίαν
869 4223 971 4292 τήν
1022 4221 1345 4293 καθολικήν·
1404 4222 1598 4285 πόλεις
1646 4220 1705 4278 δὲ
1760 4224 1892 4278 Ἰου-

247 4305 398 4372 δαίας
442 4310 537 4372 τὰς
582 4310 720 4366 κατᾶ
769 4309 931 4389 μέρος
983 4313 1320 4387 συναγωγὰς,
1351 4310 1407 4366 αἳ
1455 4308 1522 4366 δι’
1553 4310 1891 4389 ἐξομολογή-

240 4417 378 4460 σεως
458 4398 858 4475 προσέρχονται
911 4402 993 4472 τῷ
1049 4403 1283 4475 Χριστῷ·
1332 4396 1567 4456 Ἰουδαία
1622 4400 1725 4477 γὰρ
1779 4400 1892 4474 ἐξο-

245 4484 548 4564 μολόγησις
575 4486 634 4563 ἐρ
642 4487 957 4562 μηνεύεται.

315 4598 347 4628 ιι
373 4576 476 4631 Καὶ
532 4579 946 4648 κατοικήσουσιν
1016 4577 1127 4633 ἐκεῖ
1202 4577 1291 4633 καὶ
1375 4577 1886 4654 κληρονομήσουσιν
1955 4616 1961 4633 .

240 4663 431 4741 αὑτήν.
464 4689 496 4721 υ
523 4697 594 4709 —-
622 4665 689 4720 Οἱ
718 4663 909 4739 δοῦλοί
956 4688 1053 4722 σου
1102 4663 1344 4738 δηλαδὴ,
1371 4666 1615 4723 τουτέστι
1664 4668 1719 4723 οἱ
1765 4668 1895 4723 ἀπό-

245 4751 434 4809 στολοι
464 4752 554 4810 καὶ
591 4754 644 4808 οἱ
698 4754 983 4829 ποιμένες,
1012 4756 1087 4811 ὧν
1145 4755 1363 4831 σπέρμα,
1414 4755 1466 4811 οἶ
1513 4756 1748 4830 μαθηταὶ
1804 4756 1894 4812 αύ-

243 4845 356 4915 τῶν
381 4840 712 4920 Χριστιανοί.
1347 4841 1358 4881 θ

844 4954 1139 5022 mmo:
1176 4952 1303 5010 30'.
1398 4930 1403 4933 ’

322 5081 353 5112 ιι
388 5057 485 5122 Εἰς
537 5058 602 5114 τὸ
654 5057 815 5120 τέλος
858 5062 939 5131 τῷ
995 5055 1161 5115 Δαυῖδ
1219 5058 1295 5122 εἰς
1352 5058 1671 5133 ἀνάμνησιν,
1702 5059 1779 5123 εἷς
1805 5060 1896 5116 ’τὸ

243 5144 417 5206 σῶσαί
446 5168 515 5221 με
545 5147 765 5223 Κύριον.
797 5147 950 5219 Θεὸς,
981 5146 1061 5211 εἰς
1087 5147 1190 5217 τὴν
1252 5147 1506 5224 βοήθειάν
1567 5170 1671 5223 μου
1724 5148 1898 5224 πρόσ-

245 5255 403 5315 σχες·
446 5235 626 5313 Κύριε,
672 5234 751 5299 εἰς
794 5237 860 5292 τὸ
913 5235 1186 5313 βοηθῆσαί
1237 5258 1331 5311 μοι
1378 5241 1629 5295 σπεῦσον.
1663 5263 1691 5291 ››
1730 5271 1800 5282 —
1826 5238 1897 5293 T6

238 5330 310 5401 τῇ
370 5325 641 5406 ἐπιγραφῇ
707 5326 1065 5400 προκείμενον
1114 5326 1177 5382 τὸ
1227 5326 1304 5390 εἷς
1350 5327 1413 5382 τὸ
1463 5325 1632 5382 σῶσαί
1685 5348 1752 5400 με
1799 5326 1899 5381 Κύ-

242 5434 363 5492 ριον.
418 5412 657 5487 δηλαδὴ,
714 5419 837 5478 τοῖς
893 5413 1187 5491 ἐξηγηταῖς
1253 5410 1568 5472 ώϐέλισται’
1630 5413 1799 5486 δηλοῖ
1841 5413 1899 5471 δὲ

243 5504 399 5579 ὅμως
458 5504 511 5561 ἐν
562 5505 762 5581 βραχεῖ
807 5505 900 5560 τὸν
950 5504 1151 5561 σκοπὸν
1193 5509 1291 5561 τοῦ
1338 5507 1581 5580 ψαλμοῦο
1640 5505 1899 5579 συνθέμε-

244 5613 337 5656 νος
360 5594 466 5671 γᾶρ
498 5595 528 5649 6
553 5596 852 5673 Προφήτης
896 5592 989 5649 τὸν
1047 5594 1285 5671 παρόντα
1338 5593 1556 5669 ψαλμὸν
1610 5594 1663 5666 ἐξ
1712 5596 1785 5650 ὧν
1844 5594 1896 5650 ἐν

246 5685 328 5755 τῷ
356 5681 440 5743 λθῗ
468 5681 793 5760 προείρηκα,
826 5681 1126 5759 πρόχειρον
1177 5681 1322 5760 εἶχεν
1366 5683 1450 5739 ἀεὶ
1494 5682 1585 5739 καὶ
1635 5680 1705 5738 δι’
1734 5682 1899 5739 αὑτοῦ

245 5776 349 5841 τῆς
388 5770 524 5827 κατὰ
567 5771 661 5827 τὸν
705 5770 901 5849 οὐρίαν
950 5770 1289 5849 παρανομίας
1348 5771 1898 5847 ἀναμιμνησκόμενος

2000 839 2188 918 ἐπῳδῇ
2218 843 2355 898 κατά
2382 840 2558 911 πάσης
2587 836 2904 917 προσϐολῆς
2930 840 3199 894 παντοίων
3230 838 3443 915 ἐχθρῶν
3464 880 3478 894 .

2612 971 2907 1023 ΨΑΛΜΟΣ
2947 966 3022 1021 Ο’.

2075 1080 2102 1108 ‹‹
2127 1061 2214 1129 Τῷ
2263 1053 2424 1111 Δαυῗδ
2472 1055 2711 1130 ψαλμὸς,
2747 1060 2852 1109 τῶν
2914 1054 3044 1109 υἱῶν
3092 1047 3374 1133 Ἰωναδάϐ,
3402 1053 3491 1108 καί
3533 1056 3643 1108 τῶν

2002 1146 2233 1221 πρώτων
2264 1142 2870 1221 λαίχμαλωτισθέντων.
2924 1166 2953 1195 ››
3003 1174 3073 1183 —-
3129 1142 3414 1215 Προσώπῳ
3470 1138 3644 1197 τῶνδε

2003 1233 2323 1289 συντέθειται
2357 1235 2384 1288 6
2423 1232 2666 1307 ψαλμὸς,
2699 1230 2922 1306 ἁρμόζει
2956 1228 3014 1285 δὲ
3055 1235 3169 1292 τοῖς
3217 1236 3320 1299 τῆς
3376 1224 3644 1292 εὐσεϐείας

2002 1324 2349 1398 ἀγωνισταῖς,
2401 1323 2503 1377 ὑπὸ
2553 1321 2824 1392 αἰσθητῶν
2879 1318 3301 1394 πολεμουμένης
3365 1318 3455 1375 καὶ
3520 1339 3644 1375 νοου

2008 1413 2100 1486 μέν
2108 1435 2180 1468 ων
2211 1413 2421 1489 ἐχθρῶν
2433 1457 2445 1469 .

2075 1526 2103 1555 ιι
2137 1502 2259 1558 Ἐπὶ
2289 1503 2394 1573 σοὶ,
2432 1501 2612 1578 Κύριε,
2665 1498 2894 1572 ἤλπισα,
2933 1500 3008 1573 μή
3060 1496 3509 1574 καταισχυνθείην
3567 1497 3645 1561 είς

2001 1592 2094 1647 τὸν
2147 1591 2336 1647 αἰῶνα.
2400 1615 2428 1642 ››
2479 1623 2546 1633 -
2602 1592 2753 1663 ’Ἅμα
2807 1593 2886 1661 τῷ
2939 1590 3203 1664 τεχθῆναι
3252 1585 3340 1642 ἐπί
3389 1588 3448 1643 σὲ
3474 1584 3643 1662 ήδρά-

2004 1683 2134 1752 σθην
2167 1681 2241 1743 ὡς
2275 1680 2362 1735 ἐπὶ
2394 1679 2672 1758 ἔρῥεισμα.

2076 1795 2105 1824 ιι
2136 1771 2223 1827 Ἐν
2255 1771 2338 1825 σοὶ
2369 1772 2404 1838 ἡ
2435 1768 2663 1843 ὕμνησίς
2725 1790 2829 1843 μου
2884 1765 3194 1829 διαπαντός.
3232 1791 3254 1818 ι
3289 1800 3359 1809 -
3403 1767 3495 1839 Σὲ,
3542 1789 3647 1846 φη-

2006 1860 2109 1931 σὶν,
2144 1861 2225 1915 ἀεὶ
2259 1860 2430 1933 ὑμνῶ·
2462 1860 2525 1914 τὸ
2557 1863 2686 1934 γοῦν
2720 1857 2771 1913 ἐν
2804 1858 2911 1928 σοὶ,
2944 1857 3061 1912 ἀντὶ
3084 1860 3182 1912 τοῦ
3213 1856 3288 1918 εἰς
3318 1856 3393 1913 σέ.

2076 1973 2105 2001 ι(
2136 1948 2277 2003 Ὡσεὶ
2358 1949 2523 2025 τέρας
2585 1946 2846 2021 ἐγενήθην
2915 1950 3035 2009 τοῖς
3108 1944 3364 2008 πολλοῖς
3422 1944 3511 2001 καὶ
3583 1943 3646 2000 σὺ

2008 2037 2206 2114 βοηθός
2268 2059 2371 2111 μου
2426 2036 2701 2114 κραταιός.
2734 2058 2761 2091 ιι
2806 2067 2875 2079 —-
2932 2036 3218 2098 Συντακεὶς
3260 2034 3362 2090 ὑπὸ
3400 2033 3649 2106 νηστείας

2004 2127 2095 2183 καὶ
2127 2124 2515 2198 σακκενδυτῶν,
2547 2125 2638 2181 καὶ
2685 2123 2938 2202 είδεχθής
2996 2124 3057 2180 ἐκ
3110 2122 3317 2194 λύπης,
3349 2123 3649 2203 φερόμενος

2006 2216 2173 2272 οἱονεὶ
2224 2217 2381 2292 τέρας
2432 2214 2722 2290 ἐνομίσθην
2778 2220 2895 2277 τοῖς
2953 2211 3224 2291 χυδαίοις,
3257 2211 3477 2270 ἀλλ”ού
3532 2217 3649 2276 τοῖς

2006 2303 2257 2361 ἔιωοοσι.

2037 2326 2500 2473 μῖριέλζρωθήτω
2571 2394 2635 2450 τὸ
2704 2393 2878 2466 στόμα
2951 2414 3055 2466 μου
3140 2392 3416 2462 αἰνέσεως,
3500 2389 3648 2454 ὅπως

2008 2485 2236 2558 ὑμνήσω
2284 2486 2383 2553 τὴν
2434 2482 2586 2555 δόξαν
2637 2504 2753 2555 σου,
2787 2481 2922 2553 ὅλην
2963 2484 3061 2551 τὴν
3102 2482 3311 2557 ἡμέραν
3339 2482 3438 2550 τὴν
3488 2502 3649 2557 μεγα-

2007 2571 2333 2647 λοπρέπειάν
2370 2595 2485 2629 σου.
2523 2595 2552 2624 ››
2583 2606 2649 2615 -
2676 2574 2746 2626 Τὸ
2794 2572 3147 2647 πληρωθήτω
3196 2570 3312 2626 ἀντὶ
3359 2574 3458 2626 τοῦ
3504 2568 3649 2642 πλη-

2008 2662 2228 2738 ρωθείη,
2262 2662 2335 2724 ὡς
2364 2661 2424 2716 ἂν
2458 2662 2706 2735 ὑμνήσω,
2739 2660 2890 2739 φησὶ,
2934 2662 3033 2730 τὴν
3099 2657 3470 2736 μεγαλοσύνην
3529 2680 3647 2734 σου,
3756 2656 3759 2661 ⁴

2006 2752 2095 2807 καὶ
2147 2751 2255 2827 οὐχ
2310 2750 2467 2822 ἅπαξ,
2498 2748 2625 2805 ἀλλ’
2681 2747 2819 2821 ὅλην
2866 2750 2966 2818 τὴν
2997 2748 3225 2825 ἡμέραν,
3256 2747 3497 2805 τουτέστι
3531 2746 3646 2805 δια-

2004 2840 2227 2903 παντός.

2077 2954 2106 2982 ιι
2138 2930 2227 2999 Μὴ
2303 2927 2606 3006 ἀποῤῥίψῃς
2685 2948 2753 3000 με
2820 2926 2894 2989 είς
2948 2927 3132 3000 καιρὸν
3191 2928 3398 3001 γήρως
3459 2925 3511 2982 ἐν
3566 2930 3648 2999 τῷ

2004 3015 2270 3073 ἐκλείπειν
2318 3018 2418 3088 τήν
2462 3015 2643 3094 ἰσχὺν,
2679 3017 2754 3090 μή
2807 3012 3165 3092 ἐγκαταλίπῃς
3218 3036 3306 3088 με.
3342 3037 3371 3065 ››
3403 3048 3473 3058 -
3500 3016 3558 3068 Ὀ
3587 3012 3648 3070 ἐκ

2000 3107 2257 3179 νεότητος
2292 3107 2505 3183 βοηθῶν
2543 3126 2635 3175 μοι
2670 3105 2745 3179 μὴ
2779 3105 2967 3179 ἀπώσῃ
3001 3125 3067 3177 με
3096 3102 3149 3159 ἐν
3191 3107 3270 3176 τῷ
3321 3108 3495 3179 καιρῷ
3547 3108 3645 3159 τοῦ

2000 3199 2203 3275 γήρως·
2252 3204 2424 3273 γῆρας
2473 3192 2532 3250 δέ
2568 3199 2767 3251 νοεῖται
2815 3192 2905 3249 καὶ
2944 3195 2980 3264 ἡ
3012 3192 3247 3269 ἁμαρτίιο
3286 3189 3375 3248 διὰ
3418 3193 3517 3262 τὴν
3546 3194 3643 3269 ψυ-

1922 3313 1965 3380 C
2004 3287 2184 3380 χικὴν
2201 3285 2326 3340 ἀτον
2337 3284 2438 3380 ίαν.

2074 3399 2104 3428 ιι
2134 3377 2252 3429 Ὅτι
2315 3373 2461 3429 εἶπον
2522 3374 2574 3428 οἱ
2631 3371 2819 3448 ἐχθροί
2879 3392 2984 3445 μου
3042 3370 3187 3445 ἐμοί.
3220 3371 3448 3427 ››-Τὸ
3495 3369 3644 3445 ἐμοὶ,

2000 3464 2117 3520 ἀντὶ
2170 3467 2267 3518 νοῦ
2324 3460 2407 3519 ἐπ’
2453 3461 2599 3536 ἐμοὶ,
2630 3480 2873 3516 τουτεστι
2925 3457 2995 3515 δι’
3045 3458 3162 3533 ἐμέο
3217 3460 3364 3516 εἶπον
3398 3456 3457 3517 δὲ
3511 3460 3648 3538 πρὸς

2002 3553 2147 3625 ἀλλή
2157 3552 2310 3615 λους.

2076 3666 2105 3696 ιι
2136 3642 2236 3698 Καὶ
2268 3642 2321 3697 οἱ
2351 3640 2710 3720 φυλάσσοννες
2738 3639 2838 3708 τὴν
2870 3639 3055 3715 ψυχήν
3108 3658 3213 3711 μου
3259 3632 3645 3695 ἐϐουλεύσαντο

2003 3731 2091 3787 ἐπὶ
2118 3731 2182 3786 τὸ
2210 3730 2407 3785 αὐτό.»
2426 3762 2493 3772 -
2514 3727 2895 3789 Φυλάσσοντας
2927 3725 3075 3803 λέγει
3098 3726 3229 3789 τοὺς
3259 3725 3646 3805 ἐπιτηροῦντάς

2000 3841 2061 3874 τε
2087 3819 2177 3875 καὶ
2207 3813 2674 3879 ἐπιϐουλεύοντας.

2077 3931 2106 3960 ι(
2148 3909 2205 3963 '0
2245 3907 2375 3970 Θεός
2434 3928 2560 3980 μου,
2614 3906 2690 3980 μὴ
2750 3903 3022 3983 μακρύνῃς
3072 3906 3162 3961 ἀπ’
3219 3903 3375 3980 ἐμοῦ
3436 3907 3465 3961 6
3522 3904 3652 3967 Θεός

2010 4018 2134 4070 μου,
2166 3995 2244 4059 εἷς
2277 3998 2377 4065 τὴν
2429 3993 2682 4070 βοήθειάν
2737 4016 2842 4068 μου
2891 3993 3185 4070 πρόσσχες.
3223 4017 3253 4046 ››
3284 4026 3353 4039 -
3381 3993 3648 4069 Μακρύνει

2004 4086 2032 4140 6
2090 4085 2219 4147 Θεὸς
2279 4084 2342 4139 οὐ
2391 4084 2508 4139 κατ’
2563 4082 2770 4151 οὐσίαν,
2817 4082 3065 4159 ἀόριστος
3124 4083 3253 4159 γὰρ,
3311 4082 3457 4139 ἀλλὰ
3518 4085 3656 4139 κατὰ

2000 4173 2277 4250 πρόνοιαν,
2336 4173 2460 4229 ὅταν
2523 4170 2626 4228 ὑπὸ
2700 4179 2801 4242 τῆς
2872 4169 3138 4233 δυσωδιας
3210 4169 3475 4242 διώκηται
3547 4175 3654 4227 τῶν

2001 4262 2277 4339 ἀμαρτιῶν
2309 4265 2490 4336 ἡμῶν.

2074 4377 2102 4404 ι(
2136 4352 2275 4429 Ἐγὼ
2329 4349 2387 4406 δὲ
2435 4349 2721 4413 διαπαντὸς
2768 4347 2945 4405 ἐλπιῶ
2991 4348 3081 4405 ἐπὶ
3128 4350 3208 4418 σὲ,
3238 4346 3329 4404 καὶ
3355 4349 3648 4425 προσθήσω

2003 4439 2091 4496 ἐπὶ
2138 4447 2309 4495 πᾶσαν
2360 4440 2458 4509 τὴν
2527 4436 2727 4494 αἷᾭεσίν
2778 4460 2893 4494 σου.
2948 4462 2978 4490 ››
3027 4470 3097 4480 —
3143 4443 3321 4494 Πᾶσαν
3371 4437 3515 4494 εἶπεν
3564 4436 3648 4493 ὅτι

2001 4529 2064 4584 ού
2096 4526 2187 4583 διὰ
2213 4528 2396 4603 λόγων
2433 4527 2620 4601 μόνον,
2651 4526 2797 4583 ἀλλὰ
2841 4526 2931 4582 καὶ
2981 4523 3051 4581 δι’
3100 4520 3268 4603 ἔργων
3319 4523 3460 4581 ἐστίν
3510 4522 3651 4580 αἶ’νε-

2001 4635 2105 4681 σις’
2167 4616 2297 4696 φησὶ
2351 4617 2455 4693 γὰρ
2515 4617 2543 4671 6
2605 4617 2823 4692 Σωτὴρ,
2866 4638 2896 4668 ιι
2944 4618 3132 4678 Ὅπως
3188 4612 3345 4670 ἴδωσι
3386 4615 3456 4670 τὰ
3507 4614 3650 4671 καλὰ

1924 4681 1973 4746 D
2003 4702 2132 4783 ἔργα
2163 4681 2313 4780 ὑμῶν
2469 4703 2731 4776 δοξάζωσι
2883 4704 3095 4781 Πατέρα
3150 4705 3302 4779 ὑμῶν
3327 4703 3418 4760 τὸν
3453 4702 3507 4761 ἐν
3535 4709 3653 4767 τοῖς

2005 4793 2271 4871 οὐρανοῖς.
2303 4817 2331 4845 ››

2077 4907 2107 4937 ιι
2148 4885 2266 4938 Ὅτι
2340 4881 2439 4937 ούκ
2500 4879 2670 4957 ἔγνων
2731 4878 3126 4957 γραμματείας.
3178 4905 3201 4934 ι
3261 4911 3333 4922 -
3386 4878 3647 4956 Ὑποσχό-

2008 4993 2169 5046 μενος
2225 4969 2541 5047 ἀναγγεῖλαι
2591 4970 2692 5039 τὴν
2744 4973 2841 5024 τοῦ
2896 4972 3029 5025 Θεοῦ
3058 4966 3404 5040 δικαιοσύνην
3431 4968 3521 5025 καὶ
3547 4970 3649 5040 τὴν

2004 5062 2131 5138 παρ’
2191 5060 2354 5115 αὐτοῦ
2408 5058 2699 5132 σωτηρίαν*
2764 5056 2877 5113 εἶτα
2931 5056 3103 5120 συνεὲς
3176 5055 3258 5112 ὅτι
3335 5056 3434 5114 ούκ
3510 5055 3649 5114 ἔστιν

2003 5149 2210 5221 ἱκανὸς,
2246 5151 2602 5226 μετροφρονεῖ
2658 5144 2857 5222 λέγων’
2920 5145 3066 5202 Διότι
3124 5145 3223 5202 οὐκ
3264 5144 3464 5221 ἔμαθον
3498 5168 3650 5226 σοφι-

2007 5236 2184 5300 στείας
2265 5238 2520 5312 τεχνικάς
2578 5233 2643 5290 l’v’
2698 5234 2931 5290 ἐντεῦθεν
3006 5232 3216 5306 δυνηθῶ
3273 5236 3433 5308 ἀξίως
3488 5236 3650 5314 ἀναγο

2006 5326 2206 5404 γελεῖν·
2254 5322 2345 5380 διὰ
2386 5329 2551 5380 τοῦτο
2630 5323 3005 5398 εἰσελεύσομαι
3050 5324 3126 5388 εἷς
3186 5326 3286 5395 τὴν
3359 5325 3649 5403 ὑπόσχεσιν

2007 5415 2058 5471 ἐν
2109 5419 2178 5489 τῇ
2233 5419 2329 5470 τοῦ
2361 5418 2495 5470 Θεοῦ
2526 5411 2771 5488 δυνάμει,
2819 5413 2910 5469 καὶ
2949 5414 3117 5489 ταύτῃ
3168 5414 3380 5493 θαρῥῶν
3442 5415 3652 5492 ἐπιχει-

2009 5505 2160 5580 ρήσω
2187 5500 2267 5575 τῷ
2296 5499 2639 5577 ἀναγγεῖλαι.

2084 5615 2106 5643 ι
2143 5591 2330 5667 Κύριεο
2395 5593 2783 5665 μνησθήσομαι
2837 5598 2938 5661 τῆς
2999 5590 3345 5671 δικαιοσςινης
3396 5613 3492 5649 σου
3549 5593 3650 5666 μό-

2006 5702 2119 5737 νου.
2177 5704 2206 5733 ››
2238 5713 2308 5723 -
2339 5680 2515 5737 Μόνου
2572 5680 2713 5735 εἶπεν
2765 5679 2945 5754 ὥσπερ
3003 5681 3049 5738 εί
3104 5680 3284 5760 έλεγε,
3344 5681 3420 5739 Σὺ
3483 5682 3651 5757 μόνος

2011 5768 2246 5833 δικάσεις
2276 5772 2411 5845 ἡμῖν
2439 5791 2499 5826 τε
2528 5769 2618 5826 καὶ
2646 5776 2765 5833 τοῖς
2793 5769 3037 5849 ἐχθροῖς.
