3998 6470
350 387 377 451 1
389 390 508 457 499

1597 389 2022 457 NICEPHOBI
2063 389 2501 456 BLEMMIDE

3563 391 3683 458 i500

425 550 448 577 ι
480 528 538 581 Ὁ
571 523 722 596 Θεὸς,
753 520 993 598 ἐδίδαξάς
1055 548 1122 600 με
1179 526 1237 583 ἐκ
1291 525 1546 598 νεοτητός
1597 547 1702 601 μου
1749 526 1837 582 καὶ
1897 525 1991 598 μέ·
2023 529 2079 596 Α
2108 524 2270 582 Δαυὶδ
2321 523 2449 583 ὄντα
2499 527 2634 584 υἱόν.
2668 526 2852 602 Κρῖμα
2899 521 2957 581 δὲ
2993 522 3245 601 ὠνόμασε
3300 523 3399 595 τῆν
3449 523 3615 602 κρίσιν,
3639 526 3684 582 οὗ

352 633 450 690 χρι
507 620 597 669 νῦν
658 614 951 692 ἀπαγγελῶ
1004 617 1070 672 τά
1128 616 1398 690 θαυμάσιά
1450 637 1566 673 σου.
1611 641 1640 667 ››
1683 649 1752 658 -
1800 616 1990 689 Ὑπερ-

353 699 608 773 ϐατικῶς,
641 707 702 761 Ὀ
731 705 859 767 Θεός
905 726 1028 779 μου,
1073 705 1371 780 ἀπαγγελῶ
1422 707 1489 760 τά
1544 705 1820 778 θαυμάσιά
1874 724 1993 771 σου,

351 793 384 846 ἃ
415 791 652 864 ἐδίδαξάς
685 815 750 867 με
785 794 843 850 ἐκ
880 795 1133 866 νεότητός
1197 817 1299 869 μου
1350 795 1440 850 καὶ
1502 795 1666 871 μέχρι
1723 797 1821 847 τοῦ
1873 797 1984 863 νῦν,

349 885 418 938 τά
444 904 502 938 τε
532 883 583 937 ἐν
629 879 842 958 βίϐλοις
893 885 1264 960 γεγραμμένα,
1295 885 1384 938 καὶ
1423 882 1521 938 ὅσα
1576 883 1628 938 ἐν
1683 886 1802 944 ταῖς
1863 881 1996 954 ἡμέο

357 992 476 1048 ραις
511 994 614 1044 μου
641 973 938 1050 γεγόνασιν.

423 1086 452 1114 (ί
484 1063 582 1116 Καὶ
631 1060 736 1124 ἕως
786 1065 972 1139 γήρως
1016 1062 1105 1117 καὶ
1156 1057 1464 1136 πρεσϐείου,
1499 1063 1528 1116 6
1569 1060 1697 1122 Θεός
1752 1080 1878 1132 μου,
1917 1058 1995 1130 μή

353 1151 718 1226 ἐγκαταλίπῃς
783 1173 867 1225 με.
916 1173 944 1206 ι
997 1185 1064 1194 -
1119 1153 1194 1208 Τὸ
1248 1150 1350 1213 ἓως
1409 1150 1676 1224 ἀόριστον,
1738 1145 1996 1220 ἰδιώματι

355 1246 623 1319 γραφικῷ.
655 1236 946 1316 Πρεσϐεῖον
1002 1238 1060 1296 δέ
1107 1241 1170 1296 τὸ
1199 1236 1430 1316 ἔσχατον
1457 1239 1632 1314 γῆράς
1683 1236 1844 1304 ἐστιν,
1876 1233 1994 1299 ὅθεν

356 1331 442 1384 καί
475 1325 800 1406 πρεσϐύτης.

425 1444 454 1472 ‹‹
485 1422 592 1489 Τὴν
637 1417 940 1475 δυναστείαν
983 1441 1078 1474 σου
1125 1419 1215 1474 καὶ
1260 1419 1358 1488 τήν
1408 1414 1753 1485 δικαιοσύνην
1813 1434 1932 1470 σου.
1970 1435 1992 1464 ι

360 1542 429 1551 ——
463 1510 600 1564 Ἀπὸ
655 1514 840 1564 κοινοῦ
886 1511 968 1581 τὸ,
1003 1533 1031 1560 ‹‹
1061 1505 1164 1570 ἓῶς
1221 1508 1280 1562 ἂν
1325 1505 1665 1581 ἀπαγγείλω.
1700 1528 1728 1556 ››
1760 1505 1913 1558 Ἐστι
1943 1498 2001 1556 δὲ

358 1600 394 1667 ἡ
445 1594 717 1653 δυναστεία
787 1597 1238 1675 ἐφερμηνευτικὸν
1296 1601 1392 1652 τοῦ
1466 1595 1782 1671 βραχίονος.
1831 1592 1902 1646 Τὸ
1954 1588 2002 1645 δ’

362 1688 484 1760 ἐξῆς
543 1682 875 1760 ὑπερϐατῶς,
913 1690 1012 1757 τὴν
1068 1683 1174 1748 ’ἑως
1220 1690 1325 1740 τῶν
1386 1685 1622 1758 ὑψίστων
1655 1679 1998 1749 δικαιοσύνην

362 1797 479 1834 σου.
510 1780 753 1850 Ὕψιστοι
784 1775 861 1849 δὲ,
892 1776 1164 1831 τουτέστιν
1195 1774 1551 1850 ὑψηλότατοι,
1583 1773 1635 1828 οἱ
1669 1769 1910 1846 οὐρανοί.

437 1891 458 1918 ι
492 1869 548 1920 Ὁ
577 1866 726 1939 Θεὸς,
758 1863 863 1928 ἓως
892 1870 999 1920 τῶν
1033 1864 1267 1939 ὑψίστων
1300 1865 1335 1918 ’ἀ
1357 1862 1615 1933 ἐποίησας
1649 1859 1932 1936 μεγαλεῖα.
1968 1882 1990 1909 ο

362 1989 431 2000 --
458 1957 530 2012 Τὸ
560 1957 591 2012 ἃ
617 1957 705 2011 καὶ
734 1957 797 2011 τὸ
828 1954 956 2018 ὅσας
986 1958 1192 2025 ἠθικῶς
1221 1952 1582 2030 ἀναγνωστέον
1609 1950 1715 2006 ἀπὸ
1755 1946 1997 2026 καρδίας·

364 2046 479 2100 εἶτα
533 2045 837 2101 ἐπενεκτέον
891 2046 954 2100 τὸ
985 2043 1129 2116 ἐξῆς,
1161 2042 1245 2099 ὅτι
1292 2041 1507 2104 πολλὰς
1554 2040 1645 2095 καὶ
1697 2037 2004 2099 κακωτικάς

367 2131 537 2189 εἷ’τουν
574 2135 811 2212 βαρείας.

441 2226 658 2286 «Ὅσας
714 2221 914 2294 ἔδειξάς
977 2244 1069 2296 μοι
1127 2220 1338 2295 θλίψεις
1396 2217 1610 2280 πολλάς
1679 2217 1770 2272 καὶ
1839 2215 2007 2276 κακὰς

364 2313 454 2367 καὶ
485 2313 806 2386 ἐπιστρέψας
835 2311 1174 2381 ἐζωποίησάς
1226 2329 1310 2382 με·
1343 2308 1432 2363 καὶ
1492 2305 1550 2362 ἐκ
1603 2310 1710 2360 τῶν
1761 2299 2006 2360 ἀϐύσσων

373 2408 474 2470 τῆς
502 2407 605 2476 γῆς
636 2400 898 2476 ἀνήγαγές
962 2421 1046 2474 με.
1098 2423 1126 2450 ››
1157 2433 1223 2442 -
1252 2397 1471 2470 Θανάτῳ
1526 2396 1631 2472 γὰρ
1661 2396 1716 2449 αἱ
1748 2390 2008 2472 σφροδραὶ

371 2490 581 2564 θλίψεις
610 2489 866 2547 ἐοίκασιν.

439 2604 468 2631 ‹‹
498 2578 854 2642 Ἐπλεόνασας
907 2579 987 2634 ἐπ’
1042 2579 1140 2653 ἐμὲ
1176 2579 1275 2647 τὴν
1313 2573 1710 2651 μεγαλωσύνην
1740 2593 1856 2630 σου.
1883 2595 1912 2624 ι)
1943 2602 2012 2614 -

378 2666 524 2724 Ἀντί
552 2672 650 2724 τοῦ
679 2665 1103 2742 ἐπεδαψιλεύσω.

446 2782 474 2808 ‹‹
507 2755 605 2812 Καὶ
651 2758 752 2833 γὰρ
803 2757 911 2832 ἐγὼ
961 2754 1440 2832 ἐξομολογήσομαί
1479 2774 1563 2809 σοι
1595 2752 1646 2808 ἐν
1680 2752 1857 2820 λαοῖς,
1910 2748 2014 2804 Κύ-

375 2865 475 2922 ριε’
512 2870 540 2898 ››
571 2880 639 2888 —
665 2852 720 2900 Ὁ
747 2847 847 2923 γάρ
878 2843 1172 2919 σύνδεσμος
1201 2842 1480 2921 παρέλκει.

446 2960 471 2988 ι’
509 2937 593 2991 Ἐν
625 2938 830 2991 σκεύεσι
862 2935 1086 3010 ψαλμοῦ
1140 2936 1239 3004 τήν
1288 2933 1544 3004 ἀλήθειάν
1576 2952 1694 3003 σου,
1728 2935 1756 2985 6
1799 2929 1951 2990 Θέος.
1985 2948 2014 2978 ››

373 3057 442 3067 -
473 3025 647 3096 Σκεύη
704 3023 938 3098 ψαλμῶν
995 3026 1063 3079 τά
1120 3021 1351 3101 διάφορα
1407 3019 1525 3091 εἷ’δη
1579 3024 1688 3075 τῶν
1741 3018 2014 3092 μουσικῶν

375 3112 641 3190 ὀργάνων,
673 3115 708 3184 ἢ
740 3114 830 3169 καὶ
860 3113 993 3169 αὑτᾶ
1018 3115 1086 3168 τά
1119 3111 1404 3187 ψάλλοντα
1455 3105 1660 3186 ὄργανα
1714 3104 2013 3185 φωνητικά·

372 3203 460 3259 καὶ
493 3201 678 3266 ἄλλως
712 3201 770 3258 δὲ
796 3205 862 3257 τὰ
885 3199 1001 3272 εἷ’δη
1034 3202 1122 3257 καὶ
1153 3203 1208 3256 οἱ
1241 3206 1584 3277 χαρακτῆρες
1641 3200 1750 3251 τῶν
1809 3194 2014 3268 ὕμνων·

379 3292 725 3370 ἀναγωγικῶς
760 3289 817 3346 δὲ
845 3291 932 3346 καὶ
961 3295 1066 3345 τῶν
1099 3293 1299 3345 πιστῶν
1332 3289 1388 3342 αἱ
1411 3284 1605 3362 ψυχαί.

451 3407 479 3434 ‹‹
512 3380 688 3436 Ψαλῶ
716 3402 802 3436 σοι
831 3380 882 3435 ἐν
913 3379 1125 3454 κιθάρᾳ,
1157 3380 1185 3433 ὁ
1217 3379 1372 3453 ἅγιος
1401 3381 1499 3431 τοῦ
1531 3370 1773 3451 Ἰσραήλ.
1802 3397 1830 3423 ››
1860 3403 1929 3414 ——
1957 3372 2019 3424 Ἠ

381 3473 573 3548 κιθάρα
602 3472 851 3546 ἀνάγεται
897 3469 974 3532 εἷς
1003 3470 1102 3539 τήν
1127 3469 1348 3544 ’ψυχήνο
1380 3467 1534 3541 ἅγιος
1564 3461 1623 3519 δὲ
1648 3467 1746 3519 τοῦ
1777 3457 2020 3539 Ἰσραὴλ,

384 3562 412 3616 6
444 3562 680 3636 ἁγιάζων
710 3562 801 3616 τὸν
831 3557 1070 3633 Ἰσραήλ.

458 3673 485 3700 ‹‹
516 3647 935 3724 Ἀγαλλιάσεται
966 3648 1033 3703 τὰ
1061 3646 1224 3724 χείλη
1261 3667 1365 3720 μου
1397 3645 1520 3700 ὅταν
1553 3640 1715 3717 ψαλῶ
1747 3658 1850 3696 σοι·
1875 3637 1965 3694 καὶ
1987 3640 2022 3707 ἡ

385 3740 537 3814 ψυχή
575 3759 678 3811 μου
706 3740 767 3807 ἣν
798 3737 1110 3814 ἐλυτρώσω.
1142 3762 1170 3790 ››
1204 3769 1273 3778 -
1302 3735 1387 3806 Ἐξ
1418 3735 1624 3810 ὁρατῶν
1671 3727 1886 3800 δηλαδὴ
1935 3727 2026 3783 καὶ

388 3828 630 3903 ἀοράτων
665 3826 895 3903 ἐχθρῶν.

463 3941 490 3968 ‹‹
519 3917 638 3970 Ἔτι
669 3913 727 3970 δέ
756 3915 844 3969 καὶ
875 3916 910 3984 ἡ
940 3912 1159 3991 γλῶσσά
1192 3935 1295 3987 μου
1327 3911 1464 3983 ὅλην
1511 3911 1610 3980 τὴν
1665 3908 1872 3984 ἡμέραν
1935 3926 2029 3980 με-

394 4003 610 4075 λετήσει
639 4006 736 4072 τήν
771 4001 1120 4073 δικαιοσύνην
1153 4023 1270 4057 σου.
1303 4027 1330 4056 ››
1364 4035 1433 4043 -
1454 4001 1524 4055 Τὸ
1575 3996 1881 4074 μελετήσει,
1913 3993 2032 4050 ἀντὶ

389 4099 486 4149 τοῦ
518 4093 792 4167 ἐπιμόνως
825 4091 1073 4163 λαλήσει.

467 4209 496 4235 ‹‹
525 4186 686 4238 Ὅταν
744 4181 1074 4256 αἰσχυνθῶσι
1129 4180 1219 4234 καὶ
1275 4179 1601 4256 ἐντραπῶσιν
1660 4175 1713 4230 οἱ
1748 4177 2031 4244 ζητοῦντες

392 4274 462 4328 τὰ
514 4271 654 4327 κακά
702 4292 816 4343 μοι.
850 4293 878 4322 ››
918 4303 988 4312 —-
1024 4268 1219 4325 Τέλεον
1263 4269 1365 4344 γὰρ
1413 4263 1746 4339 ἀπαλλαγεὶς
1792 4266 1901 4318 τῶν
1943 4259 2035 4336 ἐχ-

395 4363 535 4438 θρῶν
592 4358 1003 4435 ἀπερισπάστως
1053 4355 1378 4434 ἐνδιατρίψω
1432 4355 1522 4410 καὶ
1582 4351 2034 4432 έμφιλοχωρήσω

394 4456 510 4514 τοῖς
543 4449 735 4524 ὕμνοις
765 4471 881 4506 σου.

979 4630 1272 4685 ΨΑΛΜΟΣ
1320 4629 1442 4680 ΟΑ¹.

474 4801 502 4829 (ι
532 4775 628 4838 Εἰς
683 4772 1039 4846 Σολομῶντα.
1085 4793 1113 4821 »
1163 4801 1233 4812 —
1273 4767 1440 4830 Οὗτος
1487 4767 1516 4822 6
1563 4765 1782 4840 ψαλμὸς
1836 4757 2042 4838 προδή-

401 4865 514 4929 λως
565 4865 641 4927 εἰς
695 4864 786 4918 τὸν
845 4859 1262 4935 εἰρηνικώτατον
1317 4856 1508 4933 ἐρῥέθη
1566 4852 1813 4930 Χριστόν’
1849 4853 1877 4907 6
1936 4854 2041 4925 γὰρ

403 4953 671 5027 Σολομῶν
700 4949 822 5007 οὕτε
850 4949 1252 5022 συμπαρέμεινε
1295 4950 1374 5019 τῷ
1417 4942 1565 5016 ἡλίῳ
1619 4940 1743 4998 οὕτε
1789 4940 1894 5017 πρὸ
1939 4943 2040 5007 τῆς

403 5044 640 5114 σελήνης
697 5042 783 5112 ἧν,
815 5037 938 5094 οὔτε
991 5034 1332 5112 κατεκυρίευε
1384 5037 1491 5089 τῶν
1518 5032 1762 5108 περάτων
1790 5036 1887 5100 τῆς
1917 5030 2043 5104 γῆς,

406 5130 529 5188 οὔτε
555 5132 661 5207 πρὸ
689 5134 785 5185 τοῦ
815 5126 979 5198 ἡλίου
1005 5126 1069 5181 τὸ
1097 5120 1272 5198 ὄνομα
1300 5121 1484 5178 αὐτοῦ.

481 5245 510 5272 ‹‹
540 5220 689 5287 Θεὸς,
719 5218 782 5273 τὸ
809 5215 981 5293 κρῖμά
1009 5237 1104 5270 σου
1138 5211 1353 5291 βασιλεῖ
1382 5209 1494 5280 δὸς,
1543 5210 1632 5266 καὶ
1689 5209 1787 5279 τὴν
1847 5204 2049 5263 δικαιο-

406 5329 568 5380 συνην
621 5311 702 5377 τῷ
753 5307 854 5378 υἱῷ
901 5309 998 5358 τοῦ
1059 5301 1409 5380 βασιλέως.»
1463 5332 1534 5343 —
1587 5298 1962 5376 Προεωρακὼς
2021 5295 2049 5350 ὁ

409 5395 574 5456 Δαυῖδ
629 5396 697 5449 τά
750 5393 885 5449 κατά
935 5392 1159 5468 Χριστὸν
1218 5391 1522 5466 παρακαλεῖ
1576 5393 1807 5465 ταχῦναι
1861 5389 2048 5453 ταῦτα,

407 5489 498 5545 καὶ
545 5484 769 5554 δοθῆναι
812 5481 957 5553 αὐτῷ
1022 5481 1097 5542 ὡς
1142 5481 1412 5556 ἀνθρώπῳ
1470 5479 1504 5533 ἃ
1544 5479 1688 5554 εἶχεν
1754 5478 1828 5539 ὡς
1900 5473 2049 5536 Θεός.

411 5573 648 5635 Βασιλέα
707 5570 764 5626 δὲ
818 5569 907 5624 καὶ
972 5567 1240 5641 βασιλέως
1295 5568 1410 5622 υἱὸν
1457 5566 1703 5623 ἐκάλεσεν
1764 5565 1921 5621 αὑτὸν
1977 5564 2052 5625 ὡς

415 5664 543 5721 Θεὸν
595 5661 684 5716 καὶ
741 5663 870 5718 Θεοῦ
934 5657 1076 5727 Υἰὸν,
1128 5656 1217 5710 καὶ
1290 5657 1424 5710 κατά
1493 5657 1556 5710 τὸ
1611 5656 1946 5732 ἀνθρώπινον
1997 5651 2057 5706 ἐκ

421 5746 708 5831 βασιλικῆς
785 5744 963 5825 φυλῆς
1032 5741 1415 5821 καταγόμενον,
1463 5744 1553 5798 καὶ
1621 5747 1718 5799 τοῦ
1789 5739 2056 5817 βασιλέως

2034 1909 2084 1974 Β

2104 615 2227 695 ἐφερ
2237 617 2557 690 μηνευτικὸν
2589 618 2625 687 ἡ
2659 613 2967 688 δικαιοσύνη
2981 661 2994 675 .

2176 730 2202 756 ‹‹
2233 705 2438 780 Κρίνειν
2493 706 2585 761 τὸν
2642 703 2772 761 λαόν
2835 728 2930 760 σου
2983 705 3032 759 ἐν
3079 704 3414 780 δικαιοσύνῃ,
3469 704 3548 759 καὶ
3593 705 3690 767 τοὺς

2103 795 2362 872 πτωχούς
2420 818 2512 850 σου
2557 795 2608 850 ἐν
2657 795 2850 872 κρίσει.
2901 819 2930 848 »
2975 829 3042 837 —
3083 796 3220 858 Τοὺς
3273 793 3402 850 λαὸν
3458 796 3540 867 μὲν
3569 791 3690 857 ὄντας

2104 891 2236 940 Θεοῦ
2265 889 2351 939 νῦν
2383 882 2473 940 διὰ
2500 887 2597 954 τήν
2639 885 2836 954 πίστιν,
2867 885 3122 961 πτωχοὺς
3172 882 3232 939 δὲ
3275 882 3364 938 διά
3405 885 3496 952 τὴν
3542 884 3696 958 προτέ⁴

2105 995 2199 1050 ραν
2259 974 2503 1029 ἀπιστίαν
2555 975 2748 1050 κρίνει,
2795 973 2947 1052 φησὶ,
2982 975 3113 1048 μετά
3158 978 3259 1028 τοῦ
3311 968 3571 1028 διαϐόλου·
3618 975 3696 1042 τήν

2103 1063 2274 1139 κρίσιν
2330 1065 2432 1139 γάρ
2483 1070 2655 1118 πᾶσαν
2704 1065 2732 1118 ὁ
2785 1065 2970 1138 Πατὴρ
3021 1061 3225 1118 δέδωκε
3265 1067 3345 1134 τῷ
3401 1064 3516 1133 Υὶῴ,
3555 1063 3696 1124 καθὼς

2105 1155 2134 1208 6
2165 1153 2361 1229 Κύριος
2409 1150 2610 1228 εἴρηκε.
2659 1153 2757 1208 Καὶ
2804 1152 2992 1223 πάλιν,
3043 1177 3070 1205 ‹‹
3121 1157 3230 1207 Νῦν
3280 1150 3451 1228 κρίσις
3489 1151 3694 1207 ἐστίτοῦ

2103 1242 2331 1316 κόσμου.
2364 1267 2392 1296 »

2178 1356 2206 1384 «
2240 1326 2582 1389 Ἀναλαϐέτω
2656 1331 2724 1386 τά
2793 1326 2893 1407 ὄρη
2957 1330 3176 1406 εἰρήνην
3229 1333 3310 1401 τῷ
3362 1326 3492 1400 λαῷ,
3539 1327 3615 1383 καὶ
3658 1328 3698 1382 οἱ

2111 1421 2294 1498 βουνοί
2345 1419 2709 1492 δικαιοσύνην.
2747 1446 2774 1472 ››
2807 1425 3017 1476 -Τῶν
3072 1420 3123 1475 ἐν
3187 1417 3330 1495 ἔρεσι
3388 1417 3472 1472 καὶ
3527 1419 3697 1492 βουνοῖς

2105 1510 2436 1584 τιμωμένων
2485 1515 2810 1566 στασιαστῶν
2855 1509 2945 1565 καὶ
2994 1507 3193 1564 ἀδίκων
3247 1505 3506 1580 δαιμόνων
3565 1503 3698 1561 ἀπελ-

2109 1601 2330 1665 θόντων.
2383 1602 2440 1655 Ὀ
2485 1600 2646 1662 αὐτός
2704 1599 2812 1655 ἐστι
2863 1600 3202 1677 συκοφάντης
3250 1599 3343 1652 καὶ
3389 1598 3416 1650 6
3462 1590 3697 1660 διάϐολος,

2109 1691 2138 1744 6
2181 1695 2279 1745 τοῦ
2317 1689 2515 1766 Κυρίου
2562 1690 3048 1763 καταψευσάμενος,
3097 1686 3182 1741 ὅτι
3235 1683 3326 1740 διά
3371 1684 3546 1762 φθόνον
3583 1682 3696 1750 ἀπη-

2109 1779 2336 1856 γόρευσε
2363 1783 2460 1834 τοῦ
2492 1783 2660 1857 φυτοῦ
2687 1780 2784 1847 τήν
2822 1777 3125 1852 μετάληψιν
3142 1820 3155 1833 .

2188 1909 2217 1942 ι
2246 1891 2426 1962 Κρινεῖ
2461 1885 2588 1948 τοὺς
2634 1884 2892 1961 πτωχοὺς
2939 1888 3035 1940 τοῦ
3084 1881 3246 1955 λαοῦ,
3280 1881 3370 1937 καὶ
3417 1880 3558 1934 σώσει
3601 1875 3700 1938 τοὺς

2114 1975 2264 2039 υἱοὺς
2321 1981 2428 2030 τῶν
2497 1977 2762 2046 πενήτων,
2821 1974 2911 2029 καὶ
2989 1973 3317 2029 ταπεινώσει
3399 1969 3701 2046 συκοφάντην.

2115 2065 2218 2123 Καὶ
2277 2069 2688 2139 συμπαραμενεῖ
2732 2069 2809 2136 τῷ
2854 2063 3001 2135 ἡλίῳ
3048 2062 3142 2118 καὶ
3192 2061 3301 2138 πρὸ
3363 2062 3454 2128 τῆς
3514 2056 3704 2126 σελήνης

2115 2161 2300 2231 γενεᾶς
2346 2158 2562 2230 γενεῶν.
2617 2177 2646 2206 ››
2693 2186 2763 2196 -
2811 2154 2910 2208 Διά
2955 2156 3052 2207 τοῦ
3095 2152 3194 2224 μὲν
3228 2149 3607 2224 συμπαραμενεῖ
3647 2147 3705 2214 τῷ

2114 2228 2264 2317 ήλίῳ
2310 2228 2373 2298 τὸ
2421 2241 2778 2314 ἀτελεύτητον
2821 2246 2918 2296 τοῦ
2966 2239 3170 2317 Κυρίου
3238 2236 3492 2309 ἐδήλωσε·
3545 2231 3616 2289 διὰ
3664 2228 3706 2286 δὲ

2115 2333 2223 2410 πρὸ
2275 2340 2379 2402 τῆς
2435 2331 2671 2403 σελήνης
2728 2332 2792 2386 τὸ
2842 2332 3101 2408 ἄναρχον·
3168 2329 3409 2403 ἐπήγαγε
3473 2325 3562 2398 γὰρ
3603 2322 3703 2397 πρὸς

2118 2422 2399 2500 ἀμφότερα
2445 2423 2508 2477 τὸ
2559 2427 2744 2496 γενεᾶς
2785 2425 3005 2497 γενεῶν,
3047 2416 3077 2473 6'
3121 2419 3238 2473 ἐστι
3287 2420 3382 2471 τοῦ
3411 2413 3602 2485 ἀπείρου
3637 2408 3700 2463 καὶ

2118 2510 2295 2566 ἀϊδίου
2325 2509 2673 2588 ἐμφαντικόν.

2190 2625 2219 2653 ‹‹
2252 2595 2622 2671 Καταϐήσεται
2695 2600 2771 2660 ὡς
2839 2598 2989 2660 ὑετὸς
3057 2596 3148 2652 ἐπὶ
3219 2594 3409 2664 πόκον,
3471 2588 3549 2646 καί
3605 2585 3694 2641 ὡσεὶ

2121 2692 2327 2767 σταγὼν
2379 2693 2415 2760 ἡ
2472 2690 2739 2759 στάζουσα
2787 2686 2873 2742 ἐπὶ
2918 2688 3018 2756 τὴν
3068 2687 3198 2761 γῆν.
3255 2709 3284 2737 ››
3334 2688 3480 2736 -Ἦ
3521 2680 3594 2753 μὲν
3627 2678 3690 2729 τοῦ

2124 2780 2278 2836 ὑετοῦ
2332 2778 2469 2854 πρὸς
2528 2778 2619 2833 τὸν
2670 2775 2836 2832 πόκον
2881 2769 3178 2836 κατάϐασις
3227 2774 3329 2841 τὴν
3379 2771 3430 2825 ἒν
3479 2771 3539 2842 τῇ
3567 2767 3688 2838 μήτρᾳ

2119 2876 2221 2940 τῆς
2270 2851 2540 2944 Παρθένου
2585 2863 2814 2920 κάθοδον
2861 2868 2958 2919 τοῦ
3006 2863 3188 2939 Λόγου
3241 2851 3679 2944 ὑποδηλοῖ

2119 2963 2218 3014 τοῦ
2266 2954 2630 3025 πλανηθέντος
2680 2948 2954 3027 προϐάτου
3000 2952 3097 3020 τὴν
3146 2951 3356 3026 γένεσιν
3389 2939 3675 3022 ἐσγηκυας·ἡ

2126 3045 2184 3102 δὲ
2211 3053 2312 3116 τῆς
2344 3044 2604 3119 σταγόνος
2645 3026 2780 3118 πρὸς
2823 3049 2950 3117 γῆν,
2981 3042 3079 3110 τήν
3130 3037 3386 3114 δευτέραν
3428 3039 3516 3090 τοῦ
3551 3026 3679 3119 Κνρῖξιν

2123 3137 2260 3212 πρὸς
2302 3136 2401 3204 τήν
2450 3133 2778 3206 οἴκουμένην
2825 3128 3123 3186 ἐπέλευσιν’
3181 3128 3294 3182 ἐκεῖ
3345 3127 3438 3199 μὲν
3479 3122 3562 3198 γὰρ
3599 3113 3689 3171 πολὺ

2123 3205 2189 3282 τὸ
2221 3223 2484 3294 λεληθὸς,
2514 3205 2736 3277 ἐνταῦθα
2765 3218 2823 3276 δὲ
2860 3219 2921 3275 τὸ
2971 3217 3253 3288 ἀλάθητον
3305 3213 3483 3270 οὐδένα
3524 3205 3696 3294 λανθάνξξ

2047 3278 2092 3347 C
2128 3319 2296 3394 φορᾶς
2345 3313 2620 3387 σταγόνων
2667 3311 2803 3387 πρὸς
2854 3311 2954 3379 τὴν
2995 3306 3293 3363 ἀντίτυποι)
3363 3306 3480 3380 γῆν.
3527 3302 3632 3372 Ὅρα
3665 3289 3703 3394 ξε

2129 3380 2220 3460 καὶ
2265 3403 2364 3472 τὴν
2407 3380 2514 3456 τῶν
2566 3380 2858 3471 συμϐόλων
2899 3397 3197 3474 ἐνάργειαν·
3257 3388 3556 3470 πρότερονὸ
3596 3380 3704 3474 ὑετὸς

2131 3493 2184 3548 ἐν
2217 3470 2391 3564 πόκιρ,
2432 3490 2522 3545 καὶ
2569 3470 2692 3544 τότε
2735 3487 2787 3542 ἐν
2834 3491 2928 3564 γῇ,
2961 3470 3050 3541 δέαὲ
3097 3483 3192 3539 ὅτε
3244 3485 3339 3556 μὲν
3388 3479 3435 3535 ἐν
3483 3482 3550 3548 τῷ
3594 3470 3705 3564 ῖόκφ

2134 3581 2234 3638 οὐκ
2261 3580 2312 3636 ἐν
2440 3584 2534 3655 γῇ,
2568 3578 2657 3634 ὅτε
2687 3575 2732 3632 δ’
2771 3577 2822 3632 ἐν
2951 3578 3025 3651 γῇ
3055 3571 3224 3628 πάλιν
3256 3570 3355 3626 οὐκ
3383 3569 3432 3624 ἐν
3473 3570 3540 3638 τῷ
3569 3560 3704 3655 πόκῳ.

2207 3696 2235 3723 ‹‹
2266 3667 2542 3725 Ἀνατελεῖ
2593 3667 2644 3722 ἐν
2694 3670 2812 3728 ταῖς
2867 3665 3100 3738 ἡμέραις
3150 3661 3318 3716 αὐτοῦ
3366 3652 3651 3738 δικαιοσύνη.
3687 3668 3707 3693 ﬂ

2136 3793 2206 3804 ““·’
2250 3756 2471 3828 Ἐπειδῆ
2518 3760 2619 3827 τῆς
2669 3737 2923 3830 δευτέραςί
2967 3753 3215 3825 ἐμνήσθη
3265 3753 3362 3805 τοῦ
3405 3743 3599 3830 Κυρίου,

2138 3849 2378 3926 φανείας,
2429 3846 2573 3924 λέγει
2615 3846 2736 3901 τίνα
2800 3828 2944 3898 ἔσται
2992 3841 3132 3896 τότε.
3187 3838 3363 3910 Φησὶν
3415 3832 3498 3890 οὖν
3549 3828 3709 3926 λάμψαι

2139 3941 2419 4013 πανταχοῦ
2467 3937 2566 4004 τὴν
2629 3932 3000 4002 δικαιοσύνην,
3050 3927 3173 3999 ἥτις
3235 3927 3372 3983 ἐστὶν
3429 3926 3460 3992 ἡ
3507 3925 3591 3988 τῆς

2144 4002 2411 4104 μιουργνοῦ
2455 4002 2680 4100 Τρ-ιάδος
2730 4021 3024 4097 ἐπίγνωσις
3069 4017 3158 4074 καὶ
3209 4002 3710 4092 προσκύνησις,καῖἦ

2141 4121 2237 4172 τοῦ
2266 4117 2382 4173 κατ’
2415 4114 2560 4186 ἀξίαν
2594 4111 2816 4168 ἐκάστου
2848 4108 3107 4182 διανομή.

2216 4247 2246 4276 ‹‹
2275 4222 2377 4280 Καὶ
2406 4221 2625 4290 πλῆθος
2655 4219 2900 4291 εἰρήνης.
2933 4239 2963 4268 >>
2995 4244 3065 4258 -
3089 4212 3223 4268 Τότε
3267 4210 3366 4288 γὰρ
3410 4204 3606 4291 τελείως
3644 4211 3712 4250 Αυ·

2144 4315 2366 4384 θήσεται
2411 4310 2474 4364 τὸ
2528 4315 2628 4378 τῆς
2693 4303 2894 4382 ἔχθρας
2947 4301 3288 4378 μεσότειχαν,
3331 4298 3526 4353 πάντων
3572 4289 3714 4344 ὑποτε-

2140 4399 2420 4480 ταγμένων
2445 4403 2524 4470 τῷ
2551 4395 2838 4452 πλάσαντι.
2874 4407 2876 4409 ’

2216 4459 2247 4544 ί(
2277 4493 2421 4551 Ἕως
2452 4485 2514 4542 οὗ
2539 4481 2893 4558 ἀνταναιρεδῇ
2923 4485 2959 4552 ἡ
2991 4479 3220 4551 σελήνη.
3252 4502 3281 4532 ››
3313 4507 3378 4522 —
3408 4475 3559 4529 Τοῦτο
3594 4459 3718 4558 317,103-

2143 4582 2244 4651 τήν
2299 4585 2400 4648 τῆς
2458 4576 2680 4653 εἰρήνης
2735 4552 3060 4644 δ-ιηνέκτιανο
3111 4569 3178 4624 τὰ
3235 4566 3336 4644 γὰρ
3377 4552 3715 4653 ποιήματατοῦ

2145 4644 2279 4727 Θεοῦ
2307 4644 2779 4735 ἀλλοιώθήσονται
2815 4661 2906 4736 μὲν
2935 4659 3000 4714 τὸ
3027 4662 3270 4733 κρεῖττον
3299 4653 3386 4711 καὶ
3416 4644 3714 4717 ἐνδοξότερον

2147 4758 2209 4815 οὑ
2239 4758 2346 4832 μὴν
2374 4755 2814 4831 ἀναιρεθήσονται
2843 4751 3085 4806 πώποτε.

2222 4820 2250 4899 (ἰ
2283 4846 2382 4901 Καὶ
2429 4820 2832 4917 κατακυριεύσει
2879 4838 2986 4893 ἀπὸ
3034 4835 3307 4905 θαλάσσης
3351 4827 3450 4891 ἕως
3479 4820 3716 4918 θαλάσσηέὶ

2149 4935 2239 4992 καὶ
2270 4935 2375 4990 ἀπὸ
2404 4934 2666 5005 ποταμῶν
2691 4926 2798 4991 ἕως
2826 4932 2932 4983 τῶν
2962 4927 3207 5002 περάτων
3254 4925 3349 4990 τῆς
3391 4925 3504 4996 γῆς.
3533 4937 3556 4966 ››
3583 4939 3639 4952 -—-

2150 5029 2248 5081 τοῦ
2278 5023 2516 5078 ὠκεανοῦ
2552 5018 2689 5096 μέρη
2715 5021 2812 5073 τοῦ
2840 5020 3171 5076 κυκλοῦντος
3201 5017 3365 5068 πᾶσαν
3403 5008 3493 5076 τὴν
3534 5006 3619 5096 γῆν
3658 5006 3722 5047 δια

2158 5114 2251 5189 μὶν
2302 5114 2390 5168 τὸν
2441 5108 2767 5182 πληθυσμὸν
2821 5109 2928 5160 τῶν
2976 5101 3180 5159 ὑδάτων
3231 5099 3482 5165 θαλάσσας
3509 5086 3721 5186 ὠνόμασξι

2157 5171 2247 5258 διὰ
2305 5198 2363 5256 δέ
2401 5199 2466 5254 τὸ
2513 5171 2731 5253 ἀένναιον
2780 5191 3082 5268 ποταμούς.
3115 5189 3386 5268 Κυρίευσιν
3420 5181 3473 5238 δὲ
3501 5179 3621 5254 λέγει
3650 5171 3722 5235 τήν

2159 5291 2276 5348 κατ’
2305 5288 2591 5364 ἐπίγνωσιν
2602 5331 2614 5343 .
3646 5345 3698 5364 _‘

2233 5403 2262 5432 ι(
2294 5378 2556 5434 Ἐνώπιον
2589 5373 2755 5430 αὑτοῦ
2783 5373 3209 5448 προσπεσοῦνται
3238 5365 3495 5430 Αἰθίοπες.
3517 5379 3542 5412 ι
3569 5352 3723 5448 ῖ-υτήν

2164 5469 2439 5546 ὑποταγὴν
2499 5466 2678 5536 πάσης
2735 5436 2836 5532 τῆς
2894 5457 3216 5532 οἰκουμένης
3274 5454 3358 5510 διὰ
3406 5454 3500 5506 τῶν
3546 5443 3600 5497 τὰ
3622 5436 3721 5510 ἄκρα

2159 5557 2362 5628 ταύτης
2393 5553 2686 5610 οἰκούντων
2718 5550 2988 5628 ἐνέφηνεν.

2238 5609 2475 5702 αῖίάὶοὶ
2521 5641 2706 5720 ἐχθροὶ
2757 5609 2922 5695 αὑτοῦ
2969 5641 3100 5714 χοῦν
3153 5633 3393 5706 λείξουσι.
3425 5609 3716 5698 »σξοὶδαί-

2169 5757 2349 5816 μονες,
2381 5731 2536 5816 φησὶ,
2566 5729 2791 5796 τελείως
2820 5722 3340 5801 καταϐληθήσονται.

3893 4368 3895 4515 1
