3998 6432
227 423 379 492 1501

1441 426 1854 493 EXPOSITIO
1894 427 1974 491 IN
2019 426 2402 492 PSALMOS.

3461 418 3615 487 1502

307 585 330 614 α
364 554 615 619 Βασιλεῖ)
673 562 897 637 Θαρσεῖς
949 555 1038 618 καὶ
1094 562 1249 631 νῆσοι
1301 557 1448 639 δῶρα
1492 560 1864 639 προσοίσουσι·
1898 564 1954 632 Α
1984 558 2167 632 Δαυΐδ,
2196 561 2469 616 τουτέστιν
2515 558 2569 614 οἱ
2617 556 2738 630 ἑξῆς
2788 550 3000 634 ψαλμοὶ
3058 549 3164 635 οὑχ
3221 549 3618 631 ὑμνῳδήθησαν

231 647 479 728 βασιλεῖς
531 646 778 727 ’Δράϐων
831 651 921 707 καὶ
980 645 1131 707 Σαϐἆ
1158 648 1306 727 δῶρα
1332 650 1708 728 προσάξουσιν.
1742 674 1769 704 »
1802 685 1870 693 —
1976 651 2121 723 παρὰ
2170 655 2266 705 τοῦ
2324 646 2506 704 Δαυίδ·
2587 646 2670 702 διὸ
2726 648 2815 703 καὶ
2873 647 2979 724 οὐχ
3035 647 3086 702 οἱ
3139 645 3373 721 ψαλμοὶ,
3434 644 3621 724 φησὶν,

225 746 451 815 Θαρσεῖς
475 742 574 811 τὴν
603 744 705 811 τῆς
733 735 939 811 Λιϐύης
988 737 1318 817 Καρχηδόνα
1360 738 1545 815 φησὶν,
1598 734 1748 794 Σαϐἆ
1814 738 1871 794 δὲ
1979 738 2222 810 ἐξέλιπον
2284 744 2382 794 τοῦ
2449 735 2631 809 Δαυΐδ,
2685 736 2810 793 ἀλλ’
2860 738 2911 791 οἱ
2955 736 3137 810 ὕμνοι.
3189 736 3621 811 Ἐσχημάτισται

220 828 387 885 πόλιν
421 826 612 893 Ἰνδίας
642 836 932 907 περιφανῆ.
966 829 1065 883 Διά
1091 835 1192 898 τῆς
1224 830 1592 904 προσαγωγῆς
1624 826 1715 883 οὑν
1759 832 1866 882 τῶν

1979 827 2036 885 δὲ
2086 830 2113 883 6
2160 830 2345 904 παρὼν
2409 827 2630 902 ψαλμὸς
2699 828 2973 904 πρεσώπῳ
3047 830 3142 880 τοῦ
3213 824 3264 880 έν
3335 819 3619 882 Βαϐυλῶνι

132 913 141 918 ’
223 915 441 995 δώρων,
486 923 588 988 τῆς
638 917 724 974 ὑπ’
772 917 946 973 αὐτῶν
1009 939 1069 973 τε
1111 917 1201 972 καὶ
1250 921 1358 972 τῶν
1405 916 1541 971 κατά
1606 915 1870 972 θάλασσαν
1978 915 2327 995 δορυαλώτου
2388 915 2547 972 λαοῦ·
2603 918 2828 993 ἁρμὸζει
2875 914 2933 971 δὲ
2977 915 3067 971 καὶ
3123 915 3279 970 παντὶ
3352 916 3621 990 μικροψυ-

221 1009 425 1079 νήσων,
480 1013 581 1077 τῆς
656 1007 867 1078 ἀπάσης
936 1012 1041 1081 γῆς
1117 1007 1208 1061 καὶ
1262 1003 1537 1077 Θαλάσσης
1593 1003 1865 1076 ἐδήλωσεν

222 1096 466 1167 ὑπακοήν
496 1094 747 1152 ἀκούσιον
779 1095 854 1158 εἷς
880 1094 1132 1172 Χριστόν.

291 1209 321 1238 α
354 1187 472 1239 Ὅτι
504 1183 763 1262 έρῥύσατο
791 1184 1009 1260 πτωχὶν
1040 1183 1099 1239 ἐκ
1129 1181 1413 1255 δονάστου,
1444 1184 1533 1239 καὶ
1583 1184 1792 1253 πένητα
1821 1185 1867 1256 ᾧ

220 1273 329 1351 οὐχ
379 1273 596 1351 ὑπῆρχε
642 1272 860 1350 βοηθός.
897 1298 919 1328 ι
955 1307 1025 1316 -—-
1054 1273 1283 1349 Πτωχὸν
1331 1272 1423 1328 καὶ
1470 1274 1677 1342 πένητα
1722 1272 1865 1349 λέγει

212 1362 311 1417 ’τὸν
345 1361 396 1434 ἐξ
427 1361 591 1427 ἐθνῶν
624 1361 775 1417 λαόν*
815 1358 1079 1432 δυνάστην
1134 1359 1194 1417 δὲ
1232 1362 1325 1417 τὸν
1371 1366 1868 1438 κατατυραννοῦντα

213 1450 414 1508 τούτου
442 1450 611 1507 πάλαι
644 1448 672 1506 δ
683 1445 927 1507 ιάϐολου.

221 1540 471 1597 Φείσεται
515 1543 743 1615 πτωχοῦ
784 1536 873 1594 καί
933 1536 1166 1611 πένητος
1229 1537 1321 1595 καί
1388 1540 1567 1617 ψυχὰς
1616 1543 1864 1612 πενήτων

219 1629 403 1687 σώσει.
457 1653 486 1682 ››
533 1661 602 1673 -
645 1628 787 1684 Ποτὲ
836 1628 931 1702 μὲν
975 1633 1105 1705 περῖ
1147 1635 1249 1699 τῆς
1293 1626 1539 1706 δευτέρας
1569 1627 1864 1702 ἐπιδημίας

215 1724 318 1775 τοῦ
374 1716 635 1796 Σωτῆρός
683 1736 836 1797 φησι’
886 1718 1020 1773 ποτὲ
1067 1715 1124 1774 δὲ
1160 1718 1284 1795 περὶ
1313 1724 1414 1789 τῆς
1443 1719 1668 1792 πρώτης
1702 1739 1863 1792 μετα-

219 1803 421 1864 ϐαίνων
466 1813 548 1881 τῷ
604 1805 754 1883 λόγῳ
807 1805 898 1861 καὶ
947 1808 1046 1877 τήν
1114 1807 1259 1882 τάξιν
1314 1804 1697 1881 μεταλλάττων
1766 1810 1862 1877 τῆς

218 1895 552 1974 διηγήσεως,
583 1894 691 1962 ἔθει
727 1900 1068 1973 προφητικῷ.

1976 1012 2189 1084 χοῦντι,
2231 1008 2310 1085 ἐφ’
2354 1008 2435 1070 οἷς
2484 1009 2534 1061 οἱ
2580 1005 2811 1082 πονηροὶ
2870 1006 3198 1080 εὐπραγοῦσι
3245 1003 3335 1059 καὶ
3385 1001 3620 1078 δυσπρα-

1976 1101 2160 1172 γοῦσιν
2221 1097 2271 1151 οἳ
2331 1097 2669 1173 ἀγαθοὶ,τὴν
2723 1095 2977 1166 τοιαύτην
3035 1091 3399 1170 μικροψυχίαν
3448 1112 3621 1168 παρα-

1980 1186 2151 1259 μυθού
2160 1205 2336 1260 μενος.
2927 1206 2932 1210 ·

2051 1298 2073 1326 α
2104 1276 2191 1337 Ὡς
2247 1275 2442 1351 ἀγαθὸς
2491 1274 2519 1327 6
2568 1274 2697 1336 Θεὸς
2743 1272 2824 1346 τῷ
2875 1272 3118 1349 Ἰσραὴλ,
3164 1278 3281 1335 τοῖς
3328 1271 3504 1337 εὐθέσι
3548 1274 3617 1344 τῇ

1973 1361 2186 1441 καρδίᾳ.
2240 1387 2268 1416 ››
2320 1396 2389 1406 —-
2439 1362 2570 1417 Λίαν
2636 1364 2831 1440 ἀγαθὸς
2882 1363 2909 1417 6
2960 1363 3088 1425 Θεὸς
3142 1367 3220 1417 τῶ
3275 1360 3512 1437 Ἰσραήλ·
3571 1359 3618 1415 εἷ

1973 1450 2216 1509 παιδεύει
2266 1455 2391 1530 γὰρ,
2445 1451 2569 1509 ἀλλ’
2623 1451 2675 1523 ἐξ
2719 1453 2929 1529 ἀγάπης
2976 1452 3065 1507 καὶ
3127 1446 3263 1528 πρός
3307 1450 3615 1527 διόρθωσιν.

1975 1543 2150 1598 Τοῦτο
2184 1539 2241 1596 δὲ
2271 1539 2343 1596 ὢν
2375 1542 2606 1617 κρίνεται
2636 1543 2782 1618 παρὰ
2808 1546 2924 1603 τοῖς
2976 1540 3153 1617 ὀρθῶς
3211 1538 3616 1615 λογιζομένοιςο

1972 1627 2167 1707 καρδίᾳ
2194 1632 2297 1706 γὰρ
2326 1630 2417 1686 τὸν
2454 1629 2722 1705 λογισμὸν
2756 1629 2978 1685 ἐνταῦθα
3010 1628 3374 1699 ὑποληπτέον.

2048 1760 2076 1789 ‹‹
2108 1738 2275 1810 Ἐμοῦ
2325 1737 2383 1794 δὲ
2427 1739 2572 1814 παρά
2621 1737 2811 1814 μικρὸν
2866 1736 3225 1808 ἐσαλεύθησαν
3274 1736 3328 1791 οἱ
3374 1733 3556 1798 πόδες.
3587 1758 3610 1789 ι

1972 1859 2043 1869 ——
2070 1824 2246 1889 Πόδας
2277 1824 2437 1882 καλεῖ
2463 1826 2591 1888 τοὺς
2623 1824 2998 1903 ὑπερείδοντας
3026 1827 3126 1895 τήν
3175 1828 3358 1903 ψυχὴν
3383 1821 3616 1888 εὐσεϐεῖς

1894 1936 1942 2001 Β
1974 1915 2292 1992 Λογισμοῦς.
2328 1916 2473 1986 Φησὶ
2507 1914 2583 1988 δὲ,
2614 1920 2823 1990 Μικροῦ
2850 1914 3196 1991 παρετράπην
3221 1915 3312 1969 καὶ
3343 1913 3612 1991 ὑπεσύρην

292 2010 322 2039 ί(
351 1988 452 2081 TE“
477 2075 491 2081 _
534 1986 699 2081 τόκου
791 1983 897 2081 καὶ-
945 1988 996 2062 ἐξ
1026 2075 1041 2081 _
1066 1984 1277 2081 ᾀδικίαξ
1369 1984 1703 2081 λξδτρῴσξται
1743 1985 1863 2081 ,τὰς
1897 1983 1941 2001 υ
1975 2004 2053 2067 εἰς
2111 2000 2350 2076 ὄλισθον,
2382 2010 2479 2061 τοῦ
2529 2006 2605 2079 μὴ
2644 2005 2736 2060 τὸν
2792 2004 2921 2061 Θεὸν
2967 2001 3166 2059 οἷέσθαι
3213 2009 3464 2081 προνοεῖν
3517 2007 3615 2059 τοῦ

221 2076 404 2153 ψυχάς
433 2075 631 2134 αὐτῶν.
666 2100 696 2129 ››
732 2111 802 2121 -
829 2078 996 2134 Τόκον
1026 2075 1177 2152 λέγει
1205 2077 1303 2146 τήν
1339 2077 1454 2131 καθ’
1491 2077 1652 2149 ἡμῶν
1699 2074 1866 2130 πλεο-

219 2164 393 2236 νεξίαν
451 2169 548 2221 τοῦ
607 2173 819 2223 Σατανᾶ
871 2168 961 2223 καὶ
1010 2164 1238 2236 ἀδικίαν,
1270 2167 1370 2234 τὴν
1424 2165 1513 2220 ὑπ’
1559 2164 1722 2219 αὐτοῦ
1769 2185 1866 2219 κα-

219 2251 586 2327 ταδούλωσιν,
617 2255 668 2327 ἐξ
699 2256 773 2311 ὧν
811 2255 939 2320 τοὺς
980 2254 1363 2316 πιστεύσαντας
1421 2253 1450 2308 6
1494 2252 1689 2328 Κύριος
1742 2252 1865 2308 ἐλυ-

214 2343 484 2418 τρώσατο.

293 2455 322 2484 ‹‹
353 2431 452 2487 Καὶ
486 2433 702 2504 ζήσεται
749 2434 839 2488 καὶ
889 2430 1171 2505 δοθήσεται
1218 2431 1381 2504 αὐτῷ.
1416 2456 1438 2486 ι)
1476 2464 1544 2473 -
1573 2430 1719 2488 Μετά
1765 2431 1866 2500 τὴν

219 2522 518 2597 τριήμερόν
548 2523 723 2601 ταφὴν
753 2523 970 2594 ζήσεται
1001 2522 1079 2584 εἷς
1107 2523 1197 2577 τὸν
1230 2520 1419 2577 αἲῶνα.

292 2633 323 2662 ‹‹
352 2610 448 2666 Ἐκ
474 2614 571 2665 τοῦ
599 2610 828 2686 χρυσίου
855 2617 958 2682 τῆς
989 2605 1268 2688 Ἀραϐίας.
1295 2633 1324 2663 ››
1350 2643 1417 2652 -
1440 2607 1611 2665 Πάλιν
1645 2607 1733 2664 διὰ
1760 2616 1861 2678 τῆς

226 2697 569 2778 δωροφορίας
597 2700 696 2769 τὴν
732 2700 1008 2776 ὑποταγὴν
1039 2699 1313 2773 σημαίνει.

293 2813 321 2841 ‹‹
354 2787 461 2844 Καὶ
507 2787 890 2865 προσεύξονται
946 2787 1070 2866 περὶ
1137 2787 1302 2844 αὑτοῦ
1352 2784 1663 2849 διαπαντός.
1717 2810 1745 2838 ››
1794 2820 1863 2829 --

214 2879 284 2933 Τὸ
345 2876 469 2953 περὶ
525 2876 691 2932 αὑτοῦ
737 2876 854 2933 ἀντὶ
890 2881 989 2932 τοῦ
1034 2876 1159 2954 περὶ
1201 2884 1300 2947 τῆς
1348 2877 1475 2952 παρ’
1525 2874 1688 2931 αὑτοῦ
1754 2897 1860 2931 σω-

216 2964 434 3043 τηρίας.

293 3078 321 3109 ιι
350 3060 538 3111 Ἔσται
563 3057 840 3132 στήριγμα
868 3053 922 3111 ἐν
957 3055 1025 3130 τῇ
1055 3058 1128 3130 γῇ
1160 3053 1243 3109 ἐπ’
1272 3055 1449 3132 ἄκρων
1478 3052 1811 3130 τῶνξόρέων.
1830 3078 1858 3106 ››

219 3149 502 3200 -Ἔσται
561 3144 590 3198 6
636 3145 869 3219 Χριστὸς
922 3145 1203 3219 στήριγμα
1258 3142 1310 3198 ἐν
1365 3146 1434 3217 τῇ
1491 3146 1586 3218 γῇ,
1616 3143 1857 3197 τουτέστι

216 3237 328 3296 τοῖς
384 3233 438 3289 ὲν
483 3236 555 3307 τῇ
604 3236 701 3309 γῇ,
742 3230 913 3309 ἤγουν
963 3236 1033 3306 τῇ
1083 3231 1381 3304 Ἐκκλησίᾳ
1425 3230 1611 3301 αὐτοῦ,
1654 3233 1722 3305 τῇ
1773 3229 1856 3286 ἐπ’

1974 2092 2204 2168 κόσμου.

2051 2208 2072 2235 ιι
2108 2185 2240 2261 Παρ’
2291 2182 2480 2259 ὀλίγον
2533 2183 2758 2260 ἐξεχύθη
2802 2185 2876 2247 τὰ
2925 2178 3239 2257 διαϐήματά
3288 2204 3410 2258 μου.
3462 2207 3491 2237 ››
3545 2214 3616 2225 --

1972 2272 2277 2344 Τουτέστιν,
2308 2273 2592 2349 ἐχαυνώθη
2618 2273 2687 2328 τὰ.
2715 2270 3051 2346 διανοήματά
3084 2294 3207 2347 μου.

2048 2381 2224 2434 «Ὅτι
2272 2378 2519 2451 ἐζήλωςα
2569 2378 2656 2435 ἐπὶ
2711 2386 2829 2442 τοῖς
2877 2379 3122 2453 ἀνόμοις,
3173 2379 3391 2454 εἰρήνην
3442 2381 3614 2454 ἁμαρ-

1970 2471 2163 2523 τωλῶν
2195 2470 2434 2545 θεωρῶν.
2470 2492 2498 2519 ››
2536 2501 2606 2511 --
2652 2470 2767 2524 Ὀτι
2816 2469 2902 2523 ἐπὶ
2950 2475 3064 2531 τοῖς
3110 2469 3336 2543 ἀνόμοις
3394 2468 3615 2545 ἐχθροῖς

1973 2555 2282 2630 ἐθυμώθην,
2349 2556 2569 2619 δικαίως
2638 2558 2711 2620 ὡς
2770 2554 3177 2631 ὑπελάμϐανον,
3241 2558 3292 2614 ἐν
3359 2556 3616 2633 ἀταραξίᾳ

1969 2645 2225 2701 παντελεῖ
2253 2644 2535 2722 διάγοντας
2571 2644 2786 2723 βλέπων
2823 2647 3034 2709 αὐτούς.

2046 2775 2074 2804 ‹‹
2102 2754 2219 2807 Ὅτι
2277 2752 2376 2807 οὐκ
2423 2751 2562 2808 ἔστιν
2612 2752 2883 2816 ἀνάνευσις
2920 2752 2971 2808 ἐν
3003 2758 3083 2825 τῷ
3112 2755 3322 2826 θανατῷ
3348 2753 3546 2811 αὐτῶν.
3580 2778 3610 2807 ››

1968 2871 2036 2884 --
2067 2842 2369 2904 Ἀνάνευσις
2417 2844 2452 2912 ἡ
2503 2842 2878 2919 ἀπαγόρευσις.
2921 2842 3066 2913 Φησὶ
3114 2847 3262 2917 γοῦν·
3313 2842 3423 2898 Οὐκ
3469 2840 3608 2898 ἔστιν

1969 2930 2230 2993 ἀπευκτὸς
2276 2931 2303 2985 ὁ
2356 2932 2579 2995 θάνατος
2626 2931 2823 3002 αὐτῶν,
2874 2932 2967 2986 ἅτε
3012 2933 3148 2987 κατά
3192 2930 3348 3011 φύσιν
3392 2931 3482 2987 καὶ
3530 2934 3607 3007 μὴ

1972 3017 2163 3094 βιαίως
2194 3018 2583 3096 ἐπερχόμενος.

2038 3149 2067 3176 ‹‹
2101 3127 2199 3180 Καὶ
2255 3126 2536 3201 στερέωμα
2587 3126 2639 3182 ἐν
2684 3131 2753 3201 τῇ
2808 3129 3029 3203 μάστιγι
3075 3126 3270 3184 αὐτῶν.
3307 3150 3336 3179 ››
3366 3161 3435 3170 -
3483 3124 3607 3182 Οὐδ’

1966 3212 2204 3286 ἐπιμονὴ
2238 3214 2290 3269 ἐν
2320 3219 2389 3288 τῇ
2420 3215 2613 3291 πληγῇ
2645 3215 2840 3271 αὐτῶν·
2876 3215 2921 3270 εἰ
2970 3216 3074 3293 γάρ
3122 3236 3253 3271 ποτε
3297 3217 3606 3289 κακωθεῖεν,

217 3318 391 3398 ἄκρων
438 3301 547 3377 τῶν
601 3301 948 3399 όρέωνξῆως
1114 3301 1395 3400 περιφανεῖ
1437 3320 1528 3376 καὶ
1578 3301 1859 3397 περιόπτῳ
1889 3303 1932 3372 (Ϊι
1966 3301 2108 3378 ταχὺ
2136 3310 2236 3373 τῆς
2268 3302 2505 3378 θλίψεως
2536 3304 2987 3361 ἀπαλλάττονται.

212 3414 332 3474 ταῖς
358 3410 597 3488 ἀρεταῖς.

285 3522 310 3554 σ
365 3501 816 3578 Ὑπεραρθήσεται
895 3499 1031 3577 ὑπὲρ
1108 3499 1202 3555 τὸν
1277 3493 1509 3555 Αἷϐανον
1569 3498 1598 3553 6
1652 3497 1856 3574 καρπός

212 3588 396 3646 αὑτοῦ.
433 3614 455 3641 ι
507 3622 578 3633 —-
620 3591 678 3644 Ὁ
718 3588 946 3665 καρπὸς,
978 3585 1144 3665 ἤγουν
1203 3590 1238 3657 ἠ
1293 3584 1614 3644 διδασκαλία
1668 3587 1853 3661 αὑτοῦ,

211 3677 454 3734 τουτέστι
481 3678 546 3735 τὸ
576 3673 939 3754 Εὖαγγέλιον,
968 3676 1059 3733 καὶ
1094 3677 1226 3754 ὑπὲρ
1253 3675 1317 3732 :6
1366 3675 1499 3752 ὕψος
1546 3681 1644 3732 τοῦ
1687 3672 1853 3732 Λιϐά-

212 3787 307 3823 νου
331 3766 694 3842 ὑψωθήσεταν
724 3770 887 3821 τοῦτο
918 3761 976 3821 δὲ
1014 3766 1148 3838 εἶπε,
1190 3763 1280 3821 διὰ
1321 3764 1385 3821 τὸ
1431 3763 1653 3839 μέλλειν
1705 3766 1853 3841 ὑψω-

215 3857 372 3927 θῆναι
416 3856 507 3912 καὶ
555 3853 874 3927 δοξασθῆναι
921 3856 984 3910 τὸ
1027 3857 1286 3932 κήρυγμα
1327 3858 1425 3909 τοῦ
1469 3858 1704 3929 Χριστοῦ
1763 3854 1854 3910 καὶ

211 3946 393 4016 πάσης
415 3941 872 4021 εἷδωλολατρείας
900 3947 1200 4021 κυριεῦσαι,
1230 3939 1559 3999 κατείδωλον
1591 3943 1694 4020 γὰρ
1726 3943 1852 4019 ὅρος

213 4034 242 4090 6
278 4029 535 4097 Λίϐανος.

285 4146 307 4174 ι
343 4122 444 4181 Καὶ
495 4120 870 4196 ἐξανθήσουσιν
924 4120 984 4176 ἐκ
1036 4119 1251 4183 πόλεως
1309 4120 1437 4175 ώσεῖ
1494 4119 1695 4196 χόρτος
1751 4126 1854 4190 τῆς

208 4213 331 4287 γῆς.
365 4234 396 4264 »
423 4242 495 4254 --
524 4211 932 4283 Ἐξανθήσουσιν
963 4209 1023 4265 ἐκ
1048 4208 1266 4273 πόλεως
1312 4209 1523 4279 ἀπάσης
1570 4209 1622 4264 οἱ
1668 4209 1851 4264 πιστοὶ

209 4298 363 4372 δίκην
390 4299 599 4377 χόρτου
629 4296 719 4356 διὰ
743 4301 807 4355 τὸ
835 4299 1051 4370 πλῆθος
1079 4299 1168 4355 καὶ
1195 4300 1296 4369 τήν
1327 4296 1583 4354 ἐπίδοσιν.

280 4411 310 4443 ιι
339 4388 439 4445 Καὶ
496 4385 1029 4466 ἐνευλογισθήσονται
1089 4386 1140 4443 ἐν
1194 4386 1339 4461 αὗτῷ
1380 4392 1545 4443 πᾶσαι
1593 4389 1645 4443 οἱ
1685 4385 1850 4465 φυλαὶ

204 4480 303 4550 τῆς
343 4484 468 4557 γῆς.
502 4501 533 4531 ››
562 4510 633 4523 -
676 4477 748 4533 Τὸ
796 4476 1339 4555 ἐνευλογηθήσονται,
1387 4476 1505 4532 ἀντὶ
1551 4481 1649 4532 :06
1691 4476 1848 4553 ἀγια-

210 4568 306 4640 σθή
314 4587 497 4623 σονται
507 4612 521 4627 .

2038 3435 2065 3462 ‹‹
2097 3411 2185 3467 Ἐν
2213 3409 2409 3473 κόποις
2437 3411 2733 3486 ἀνθρώπων
2777 3408 2877 3467 ούκ
2922 3411 3045 3481 εἷ’σι,
3077 3410 3166 3467 καὶ
3219 3412 3353 3485 μετά
3398 3410 3608 3489 ἀνθρώ-

1963 3519 2079 3553 πων
2135 3499 2197 3554 06
2260 3502 2780 3576 μαστιγωθήσονται.
2847 3499 3028 3555 »Οὐκ
3112 3499 3243 3555 εἰσὶν
3297 3499 3348 3556 ἐν
3409 3500 3602 3564 κόποις

1965 3586 2041 3649 ὡς
2090 3588 2141 3641 οἱ
2190 3585 2379 3643 λοιποὶ
2427 3593 2533 3643 τῶν
2585 3588 2906 3665 ἀνθρώπων’
2955 3588 3018 3643 τὸ
3058 3589 3161 3665 γὰρ
3207 3594 3402 3661 κοπιᾷν
3464 3587 3604 3645 ἴδιον

1966 3674 2285 3750 ἀνθρώπων·
2312 3676 2435 3733 ἀλλ’
2467 3675 2680 3740 ἀπόνως
2711 3682 2940 3732 κτῶνται
2972 3677 3039 3732 τὰ
3083 3677 3254 3753 ἀγαθά
3297 3679 3387 3733 καὶ
3433 3680 3608 3741 καθὼς

1965 3765 2018 3819 οἱ
2073 3763 2261 3820 λοιποὶ
2316 3766 2613 3841 ἅνθρωποι,
2670 3765 2731 3820 06
2805 3767 3234 3840 κακωθήσονται,
3292 3768 3368 3830 ὡς
3417 3765 3609 3845 ἔμοιγε

1964 3852 2208 3932 φαίνεται
2221 3897 2233 3912 .

2042 3966 2069 3997 α
2098 3944 2195 3997 Διά
2221 3947 2382 3998 τοῦτο
2416 3943 2703 4020 ἐκράτησεν
2748 3943 2940 4007 αὐτοὺς
2972 3947 3006 4015 ἡ
3043 3944 3377 4024 ὑπερηφανία
3429 3945 3604 4000 αὐτῶν

1964 4031 2041 4094 εἷς
2069 4029 2248 4105 τέλος,
2280 4031 2606 4103 ἐξελεύσεται
2637 4033 2710 4096 ὡς
2744 4031 2803 4089 ἐκ
2829 4033 3046 4097 στέατος
3076 4037 3113 4104 ἡ
3142 4032 3324 4089 ἀδικία
3353 4033 3548 4092 αὐτῶν.
3574 4057 3604 4086 ››

1960 4153 2031 4163 -—
2060 4122 2275 4195 Λιπαρὰ
2302 4122 2391 4177 καὶ
2422 4119 2675 4195 δαψιλής·
2709 4126 2953 4178 τοιοῦτον
2984 4125 3085 4200 γὰρ
3122 4124 3185 4178 τὸ
3231 4121 3496 4200 ἀπορρέον
3546 4121 3606 4178 ἐκ

1962 4208 2201 4273 στέατος.

2036 4322 2059 4351 ι
2095 4297 2395 4370 Διήλθοσαν
2464 4299 2541 4362 εἷς
2610 4297 2843 4364 διάθεσιν
2906 4297 3151 4375 καρδίας.
3202 4322 3232 4351 ››
3281 4331 3351 4342 -——
3400 4296 3600 4354 *Ηλθον

1960 4386 2037 4448 εἷς
2090 4385 2197 4459 ἕξιν
2254 4396 2356 4459 τῆς
2411 4386 2643 4451 ἀδικίας·
2704 4385 2813 4459 ’έξις
2869 4388 2974 4465 γὰρ
3014 4390 3049 4458 ἡ
3082 4387 3206 4465 περί
3260 4409 3314 4442 τι
3372 4387 3605 4460 μένουσα

1961 4472 2225 4551 διάθεσις,
2255 4475 2381 4547 ἤτοι
2413 4479 2598 4554 σχέσις
2626 4480 2724 4548 τῆς
2753 4475 2998 4555 καρδίας.

2030 4607 2060 4636 ‹‹
2091 4586 2453 4656 Διενοήθησαν
2511 4585 2601 4639 καί
2645 4582 2916 4656 ἐλάλησαν
2961 4582 3012 4639 ἐν
3056 4582 3313 4659 πονηρίᾳ.
3353 4605 3385 4634 ››
3413 4613 3484 4624 -
3509 4586 3603 4636 Ἐκ

279 4680 309 4709 ί(
341 4654 663 4749 Ὲῖὖλογητὸς
730 4654 1023 4749 Κύριοςρ
1079 4655 1207 4749 θεθς
1273 4652 1515 4749 ’ξσρίξήλρ
1583 4654 1612 4709 δ
1674 4659 1846 4749 πίξιῷν
1878 4675 1925 4741 D
1960 4670 2194 4744 μελέτης
2222 4652 2312 4729 καὶ
2341 4652 2582 4748 σκέψεως
2636 4652 2908 4745 ἐλάλησαν
2966 4652 3322 4749 πονηράξκαὶ
3371 4669 3434 4726 06
3465 4671 3601 4726 κατά

203 4745 472 4820 θαυμάσια
518 4743 704 4819 μόνος.
742 4768 765 4795 ι
798 4776 869 4786 -
895 4740 1035 4802 Ἰδοὺ
1084 4742 1173 4798 καὶ
1213 4742 1342 4798 Θεὸν
1390 4741 1638 4799 ἐκάλεσεν
1683 4742 1842 4799 αὐτὸν

207 4837 450 4914 φανερῶν
482 4834 573 4890 καὶ
607 4832 774 4909 μόνον
796 4832 935 4910 πρὸς
966 4829 1376 4902 ἀντιδιαστολήν
1426 4836 1534 4887 τῶν
1578 4830 1849 4907 ψευδωνύ-

209 4944 325 4999 μων
358 4925 519 4982 θεῶν.

273 5036 303 5066 ‹‹
335 5012 435 5068 Καὶ
462 5009 890 5089 πληρωθήσεται
935 5016 1034 5079 τῆς
1068 5006 1230 5082 δόξης
1267 5009 1431 5066 αὑτοῦ
1478 5015 1622 5066 πᾶσα
1667 5013 1703 5080 ἡ
1748 5018 1845 5086 γῆ·

198 5101 427 5180 γένοιτο,
458 5100 695 5178 γένοιτο.
725 5124 748 5156 ι
783 5131 854 5143 -
880 5096 1145 5176 Προλέγει
1192 5100 1284 5156 καὶ
1327 5103 1489 5155 τοῦτο
1525 5100 1626 5169 τὴν
1667 5098 1843 5154 πίστιν

200 5190 451 5248 ἀπάντων
479 5189 641 5247 ἐθνῶν
652 5233 666 5247 .

789 5353 1081 5407 ΨΔΛΜΟΣ
1122 5349 1244 5406 ΟΒ’.

277 5514 301 5546 ι
335 5489 614 5566 Ἐξέλιπον
669 5489 723 5545 οἱ
797 5488 961 5564 ὕμνοι
1033 5486 1196 5545 Δαυίδ
1269 5493 1367 5545 τοῦ
1441 5490 1562 5545 υἱοῦ
1630 5490 1843 5548 Ἰεσσαί.

197 5579 434 5657 Ψαλμὸς
492 5584 571 5653 τῷ
626 5578 818 5655 Ἀσάφ.
870 5599 900 5632 η
973 5611 1042 5621 --
1098 5580 1300 5642 Πάντες
1356 5576 1450 5652 μέν
1506 5580 1557 5634 οἱ
1630 5576 1843 5654 ψαλμοὶ

197 5673 483 5745 ποιήματα
530 5671 631 5724 τοῦ
703 5664 889 5741 Δαυΐδ,
958 5666 1021 5723 06
1075 5668 1271 5730 πάντες
1330 5664 1389 5723 δὲ
1445 5664 1841 5742 ὑμνῳδήθησαν

201 5760 328 5838 παρ’
375 5758 561 5816 αὐτοῦ.
614 5760 714 5814 Καὶ
759 5761 918 5815 τοῦτο
954 5753 1134 5829 δηλοῖ
1176 5756 1239 5813 τὸ
1285 5754 1527 5830 ἐξέλιπον
1581 5758 1633 5813 οἱ
1681 5756 1843 5832 ὕμνοι

1960 4765 2326 4837 συναρπαγήν.

2029 4848 2324 4907 «Ἀδικίαν
2375 4851 2451 4914 εἷς
2499 4852 2560 4906 τὸ
2609 4851 2742 4926 ὕψος
2790 4849 2835 4907 ἐ)
2856 4850 3080 4921 άλησαν.
3137 4874 3165 4903 ››
3214 4851 3454 4905 -Κατά
3500 4853 3598 4905 τοῦ

1957 4938 2181 5013 ὑψίστου
2212 4944 2345 4996 Θεοῦ
2376 4935 2617 5019 ἐϐλασφή
2630 4962 2827 5015 μησαν,
2859 4938 3111 5016 λέγοντες
3146 4940 3222 5013 μὴ
3254 4940 3385 4994 εἶναι
3437 4937 3594 4995 αὐτὸν

1955 5026 2082 5083 Θεόν
2094 5071 2107 5085 .

2031 5138 2059 5171 ιι
2089 5119 2306 5173 Ἔθεντο
2330 5118 2405 5180 εἰς
2435 5117 2657 5194 οὐρανὸν
2687 5118 2749 5173 τὸ
2781 5118 2956 5191 στόμα
2983 5117 3281 5192 αὐτῶν,καὶ
3304 5119 3339 5188 ἡ
3371 5117 3596 5193 γλῶσσα

1956 5203 2176 5275 διῆλθεν
2228 5206 2315 5261 ἐπὶ
2361 5213 2463 5277 τῆς
2506 5213 2632 5281 γῆς.
2687 5231 2715 5259 ››
2763 5204 3110 5284 -Ὕϐριζον
3164 5208 3258 5282 μὶν
3302 5208 3393 5263 τὸν
3442 5206 3590 5268 Θεόνο

1953 5291 2297 5367 κατεπῴδουν
2329 5292 2388 5350 δὲ
2413 5293 2540 5356 τοὺς
2571 5294 2908 5373 ἀνθρώπους.

2026 5425 2054 5453 ι(
2087 5401 2185 5456 Διά
2223 5404 2384 5457 τοῦτο
2433 5400 2736 5478 ἐπιστρέψει
2767 5403 2795 5456 6
2853 5400 2986 5465 λαός
3038 5424 3142 5476 μου
3191 5402 3431 5461 ἐνταῦθα.
3466 5426 3497 5456 ι»
3528 5437 3595 5448 -

1955 5489 2053 5544 Διά
2104 5491 2201 5559 τὴν
2259 5489 2447 5545 κακίαν
2505 5487 2595 5544 οὖν
2653 5494 2761 5545 τῶν
2849 5489 3084 5568 ἐχθρῶν,
3143 5492 3304 5571 φησὶν
3360 5494 3388 5549 6
3445 5494 3594 5566 Θεὸς,

1952 5577 2257 5656 ἐπιστρέψει
2288 5579 2316 5633 ὁ
2347 5577 2399 5634 ἐν
2426 5576 2784 5656 αἰχμαλωσίᾳ
2813 5577 2945 5644 λαός
2979 5602 3084 5655 μου
3124 5581 3211 5637 ἐπὶ
3258 5582 3358 5652 τὴν
3406 5582 3597 5639 ἑαυτοῦ

1951 5665 2203 5743 πατρίδα.

2024 5782 2053 5811 ‹‹
2084 5758 2182 5813 Καὶ
2240 5755 2443 5835 ἡμέραι
2501 5755 2734 5836 πλήρεις
2782 5757 3158 5836 εὑρεθήσονται
3217 5760 3269 5817 ἐν
3323 5759 3524 5826 αὐτοῖς.
3563 5784 3593 5816 η
