3998 6432
185 435 352 500 1505

1408 420 1820 494 EXPOSITIO
1863 431 1940 493 ιΝ
1986 419 2370 492 PSALMOS.

3425 428 3582 496 1506

187 566 328 622 εστι.
386 565 624 630 τίθεσθαι
674 565 726 622 έν
778 568 858 638 τῷ
912 561 1094 640 Κυρίῳ
1147 556 1246 632 τήν
1299 560 1495 618 ἐλπίδα
1548 583 1672 635 μου.
1708 585 1736 613 »
1768 593 1836 604 —
1863 559 2109 634 Αθύρας
2137 563 2245 613 τῶν
2273 559 2458 614 οίκιῶν
2513 560 2602 614 καὶ
2645 557 2742 614 ὅσα
2788 557 2838 612 ἐν
2884 552 3090 630 ξύλοις,
3141 557 3192 616 ἐν
3243 561 3583 640 λαξεοτηρίῳ

193 654 614 731 Προσκολλᾶταί
640 676 724 718 τις
753 659 831 726 τῷ
860 658 976 725 Θεῷ
1022 649 1092 707 δι’
1144 652 1308 728 ὀρθῆς
1346 651 1578 712 πίστεως
1605 651 1831 707 καὶ......

189 743 433 800 ἐντολῶν
466 742 730 823 φυλακῆς.

274 859 296 886 α
329 838 434 888 Τοῦ
492 832 795 910 έξαγγεῖλαί
860 852 928 905 με
973 831 1146 894 πάσας
1201 831 1295 892 τὰς
1337 828 1562 892 αἱνέσεις
1608 827 1659 884 ἐν
1715 832 1833 888 ταῖς

185 921 395 985 πύλαις
449 930 548 992 τῆς
607 921 868 996 θυγατρὸς
919 921 1084 976 Σιών.
1127 943 1156 974 ››
1215 953 1285 961 —
1331 918 1451 974 Εἰσὶ
1500 919 1589 973 καὶ
1645 916 1836 986 νοηταὶ

184 1011 364 1066 πύλαι
396 1011 561 1083 Σιὼν,
594 1010 648 1064 αἱ
677 1009 812 1064 κατά
855 1007 1057 1070 τύπους
1102 1005 1384 1077 ἐκκλησίαι
1418 1004 1486 1060 δι’
1521 1007 1594 1060 ὧν
1625 1004 1724 1058 εἶσί
1750 1024 1834 1066 τις

186 1100 270 1163 εἰς
299 1101 400 1170 τήν
429 1095 538 1156 ἅνω
570 1099 736 1156 Σιών.

788 1209 1082 1260 ΨΑΛΜΟΣ
1123 1204 1242 1261 Ol".

270 1337 299 1370 α
331 1313 605 1376 Συνέσεως
646 1317 726 1385 τῷ
773 1312 964 1390 Ἀσάφ.
1017 1335 1046 1364 ››
1078 1343 1144 1353 -
1193 1307 1556 1386 Ἀπαγγέλλει
1602 1308 1699 1371 τὰς
1727 1311 1835 1363 τῶν

186 1399 471 1462 Ἰουδαίων
538 1401 818 1480 συμφορὰς
873 1402 966 1462 τὰς
1018 1401 1156 1454 κατά
1210 1400 1310 1468 τὴν
1387 1399 1490 1454 ὑπὸ
1553 1396 1836 1472 Ῥωμαίων

184 1492 505 1550 τελευταίαν
555 1491 782 1564 ἅλωσιν,
843 1487 1243 1567 εὐαγγελίζεται
1303 1485 1362 1544 δὲ
1415 1487 1506 1543 καὶ
1551 1490 1654 1558 τὴν
1699 1489 1838 1562 ἡμε-

193 1587 356 1656 τέραν
390 1579 683 1655 σωτηρίαν.
917 1589 923 1596 ’

271 1693 301 1722 ι(
333 1673 451 1725 Ἵνα
476 1668 552 1742 τί,
586 1669 613 1724 6
645 1669 794 1741 Θεὸς,
819 1668 1022 1723 ἀπώσω
1070 1666 1148 1729 εἷς
1189 1665 1350 1729 τέλος
1381 1686 1394 1735 ;
1431 1691 1453 1717 ι
1479 1665 1638 1720 -Τὸ
1675 1663 1764 1720 ἵνα
1789 1664 1842 1720 τί

194 1756 576 1829 δυσωπητικὸν
607 1757 828 1813 ἐνταῦθα
856 1756 946 1812 καὶ
997 1756 1233 1832 οἰκτρόν·
1265 1757 1328 1811 τὸ
1359 1753 1417 1810 δὲ
1447 1755 1523 1818 εἰς
1551 1752 1710 1817 τέλος
1739 1755 1840 1824 τὴν

193 1847 437 1917 παντελῆ
472 1845 638 1918 δηλοῖ
669 1845 1073 1922 ἐγκατάλειψιν.

1944 645 2001 703 δὲ
2027 649 2096 702 τὰ
2127 647 2287 722 τείχη
2339 647 2428 702 καὶ
2473 645 2599 708 τοὺς
2637 646 2862 722 τοίχους
2907 649 2996 704 καὶ
3040 648 3139 704 ὅσα
3191 650 3242 705 ἐν
3293 651 3488 718 λίθοις⁸
3522 655 3585 708 τὸ

1944 733 2294 811 λαξευτήριον
2323 737 2424 812 γὰρ
2458 735 2806 812 λιθουργικόν
2837 735 2976 791 ἐστιν
3003 732 3251 814 ὄργανον.

2016 868 2045 896 ‹‹
2105 842 2448 918 Ἐνεπύρισαν
2508 840 2559 897 ἐν
2618 842 2748 917 πυρὶ
2804 843 2866 898 τὸ
2921 843 3267 922 ἀγιαστήριόν
3335 870 3453 920 σου,
3505 851 3584 914 εἷς

1942 935 2041 1002 τήν
2073 940 2178 1007 γῆν
2209 926 2557 1002 ἐϐεϐήλωσαν
2583 932 2646 987 τὸ
2677 934 2941 1006 σκήνωμα
2965 939 3064 988 τοῦ
3103 935 3371 1009 ὀνόματός
3406 960 3521 997 σου.
3555 964 3584 992 ι)

1944 1054 2014 1065 -—-
2068 1021 2140 1076 Τὸ
2189 1015 2534 1092 ἐϐεϐήλωσαν
2587 1020 2703 1075 ἀντὶ
2748 1026 2844 1076 τοῦ
2894 1018 3147 1098 βεϐήλως
3212 1028 3301 1080 καὶ
3358 1027 3586 1092 ἀνοσίως

1943 1109 2266 1187 κατέρριψαν
2305 1132 2318 1145 ο
2379 1110 2732 1187 ἀγιαστήριον
2787 1109 2844 1166 δὲ
2899 1113 2987 1168 καὶ
3045 1117 3310 1190 σκήνωμα
3367 1123 3501 1173 Θεοῦ
3559 1121 3587 1174 6

1943 1198 2091 1261 ναός.

2019 1313 2048 1343 (ι
2079 1288 2245 1346 Εἶπον
2295 1287 2346 1342 ἐν
2397 1291 2464 1362 τῇ
2513 1285 2705 1364 καρδίᾳ
2750 1288 2925 1344 αὐτῶν
2971 1291 3025 1345 αἱ
3068 1294 3369 1368 συγγένειαι
3416 1296 3588 1352 αὐτῶν

1946 1377 2033 1433 ἐπὶ
2061 1378 2124 1433 τὸ
2152 1377 2303 1432 αὐτό.
2335 1401 2364 1429 ››
2397 1409 2467 1420 -
2511 1377 2677 1432 Εἶπον
2731 1380 2868 1452 πρὸς
2916 1377 3198 1450 ἀλλήλους
3247 1384 3387 1457 ὁμοῦ
3425 1392 3592 1441 πᾶσαι

1948 1469 2003 1522 αἱ
2033 1459 2330 1543 συγγένειαι
2356 1470 2464 1521 τῶν
2501 1465 2666 1522 ἐθνῶν
2718 1466 2769 1522 ἐν
2819 1467 2922 1542 ὅλῃ
2963 1467 3156 1546 καρδίᾳ
3196 1471 3390 1543 αὐτῶν,
3440 1496 3598 1531 τουτ-

1949 1557 2090 1612 έστιν
2165 1556 2271 1610 ἀπὸ
2343 1553 2566 1631 καρδίας
2619 1575 2632 1587 ·
2695 1561 2854 1612 Δεῦτε
2947 1559 3035 1613 καὶ
3108 1559 3432 1637 ἀργήσωμεν
3507 1567 3604 1628 τάς

1949 1645 2183 1718 νομικὰς
2252 1643 2504 1717 λατρείας
2579 1647 2677 1700 τοῦ
2751 1650 2884 1701 Θεοῦ
2960 1648 3156 1704 τούτου
3214 1649 3272 1704 ὅν
3340 1651 3596 1710 Ἰουδαῖοι

1950 1729 2220 1807 σέϐουσιν,
2268 1733 2614 1811 ἀφανίσαντες
2657 1733 2784 1797 τοὺς
2829 1734 3032 1809 νόμους
3073 1738 3290 1802 καὶτὰς
3319 1740 3601 1806 πολιτείας

1951 1823 2124 1878 αὐτῶν
2135 1868 2147 1881 .

277 1963 299 1989 ι
335 1910 586 2012 Ὠργίσθη
639 1937 668 1990 ὁ
711 1910 883 2010 θυμός
933 1910 1028 1989 σου
1059 1933 1145 1989 ἐπὶ
1186 1928 1433 2011 πρόϐατα
1459 1941 1633 2007 νομῆς
1664 1954 1780 1989 σου.
1813 1955 1843 1985 ››
1874 1936 1922 2002 Β
1959 2001 1980 2012 κ
2028 1934 2061 2012 τι
2088 1914 2176 2012 ΪΓά
2205 1917 2406 2012 σημεῖτέι
2637 1912 2735 2012 ξῦκ
2790 1910 3026 2012 εἷίδομμεν·
3048 1939 3089 2012 _”
3120 1950 3186 1960 —
3219 1917 3293 1973 Τά
3347 1919 3606 2012 τεράστιε

196 2060 268 2070 --
299 2026 437 2083 Ἀπὸ
465 2029 653 2081 κοινοῦ
698 2025 762 2080 τὸ
799 2021 892 2078 τίνα
937 2022 1013 2080 τί.
1065 2024 1167 2080 Καὶ
1213 2017 1462 2099 πρόϐατα
1513 2023 1606 2096 μὲν
1635 2024 1663 2076 ὁ
1695 2021 1846 2085 λαός·

197 2116 346 2190 νομὴ
379 2112 438 2170 δὲ
464 2114 532 2170 τὰ
554 2115 674 2191 ἱερᾶ
705 2113 870 2189 λόγια
895 2119 996 2183 τῆς
1029 2111 1385 2167 θεοπνεύστου
1416 2117 1652 2190 Γραφῆς.

273 2230 301 2257 ‹‹
355 2205 635 2275 Μνήσθητι
693 2209 796 2272 τῆς
853 2207 1174 2278 συναγωγῆς
1233 2221 1329 2256 σου
1385 2202 1451 2270 ἧς
1499 2201 1708 2272 ἐκτήσω
1760 2200 1851 2256 ἀπ’

201 2293 403 2369 ἀρχῆς.
462 2317 490 2345 ››
547 2323 616 2335 —-
673 2291 772 2346 Διὰ
825 2295 923 2344 τοῦ
965 2291 1188 2364 πρώτου
1245 2290 1332 2344 καὶ
1387 2287 1565 2361 ἄλλην
1631 2290 1850 2367 ὑστέραν

205 2379 530 2438 ἐνδείκνυται
562 2377 816 2450 δηλονότι
847 2383 950 2434 τῶν
974 2378 1026 2449 ἐξ
1056 2376 1238 2433 ἐθνῶν.

278 2495 308 2524 ‹‹
363 2469 691 2545 Ἐλυτρώσω
763 2463 958 2545 ῥάϐδον
1027 2465 1402 2544 κληρονομίας
1475 2489 1572 2523 σου
1623 2511 1635 2525 .

210 2557 528 2621 Ἀπολύτως
581 2559 948 2633 ἀναγνωστέον
1008 2576 1021 2589 ⁸
1085 2554 1410 2630 Ἐλυτρώσω
1459 2557 1519 2612 ἐκ
1590 2557 1851 2631 πολέμων

209 2647 298 2704 καὶ
357 2644 754 2722 αἰχμαλωσιῶν
812 2645 911 2714 τὴν
992 2637 1229 2720 ῥάϐδον,
1280 2644 1405 2712 ἤτοι
1459 2645 1524 2699 τὸ
1581 2647 1852 2721 σκῆπτρον

208 2737 297 2793 καὶ
327 2735 426 2805 τήν
459 2734 760 2811 βασιλείαν,
788 2733 1030 2789 τουτέστι
1087 2732 1180 2787 τὸν
1252 2733 1671 2808 βασιλευόμενον
1726 2732 1856 2788 λαὸν

209 2835 309 2898 τῆς
338 2824 715 2898 κληρονομίας
764 2843 886 2895 σου,
936 2821 1053 2892 ἤως
1104 2823 1162 2877 ’ὸν
1213 2818 1370 2900 ἔσχες
1421 2825 1495 2887 ὡς
1527 2824 1733 2901 κλῆρον
1764 2825 1854 2879 καὶ

210 2923 402 2988 κτῆμα
433 2911 568 2968 ἷ¹διον
584 2957 596 2972 .

279 3028 306 3056 ‹‹
339 3005 499 3080 Ὄρος
551 3003 692 3057 Σιὼν
738 3005 900 3058 τοῦτο
948 3003 979 3057 ὃ
1025 3005 1441 3073 κατεσκήνωσας
1492 3001 1546 3056 ἐν
1604 3001 1772 3074 αὐτῷ.
1826 3027 1855 3055 ››

213 3126 282 3136 --
337 3093 407 3147 Τὸ
461 3087 589 3166 ὅρος
648 3093 791 3146 Σιὼν
842 3092 905 3146 τὸ
974 3090 1364 3164 πολυύμνητον
1417 3089 1577 3145 τοῦτό
1637 3089 1774 3146 ἐστιν
1825 3090 1857 3146 6'

214 3183 621 3252 κατεσκήνωσας
659 3181 750 3235 τὸν
803 3178 933 3234 λαόν
986 3201 1102 3253 σου,
1135 3179 1172 3249 ἢ
1204 3179 1268 3234 σὺ
1317 3179 1496 3242 αὐτός.
1527 3179 1598 3234 Τὸ
1627 3178 1678 3234 ἐν
1711 3179 1858 3254 αὐτῷ

218 3267 274 3324 δὲ
303 3269 374 3330 ὡς
403 3266 675 3345 παρέλκον
703 3265 970 3340 κείμενον,
999 3261 1294 3342 βεϐαίωσιν
1312 3265 1580 3345 ἐμφαίνει.

284 3382 312 3410 ‹‹
344 3361 581 3431 ’Έπαρον
635 3356 730 3418 τὰς
795 3356 987 3431 χεῖράς
1045 3376 1140 3410 σου
1191 3354 1278 3410 ἐπὶ
1335 3355 1431 3417 τὰς
1492 3354 1855 3433 ὑπερηφανίας

209 3446 381 3502 αὐτῶν
430 3445 508 3508 εἰς
557 3443 737 3506 τέλος.
795 3468 816 3496 ι
869 3477 938 3487 —
985 3439 1272 3501 Κατάϐαλε
1315 3445 1411 3506 τὰς
1462 3442 1709 3522 ἐπάρσεις
1746 3448 1854 3500 τῶν

215 3535 430 3612 ἐχθρῶν
458 3533 666 3591 τέλεον.

288 3648 310 3676 α
371 3625 507 3678 Ὅσα
582 3621 977 3700 ἐπονηρεύσατο
1052 3623 1080 3677 6
1157 3621 1350 3698 ἐχθρὸς
1440 3623 1493 3676 έν
1564 3626 1646 3695 τῷ
1720 3621 1855 3699 ἁγίῳ

218 3731 348 3782 σου;
384 3734 414 3764 ››
444 3743 514 3758 -ο
565 3709 935 3785 Ἐνδιαθέτως,
983 3716 1092 3766 Φεῦ
1122 3713 1134 3767 ί
1166 3711 1309 3766 πόσα
1350 3711 1566 3788 πονηρά
1605 3710 1852 3782 ἐποίησεν

217 3803 244 3857 6
275 3801 469 3877 ἐχθρὸς
500 3800 552 3856 ἐν
601 3805 680 3872 τῷ
723 3800 836 3870 ναῷ
883 3819 998 3854 σου·
1049 3799 1267 3876 καὶγὰρ
1313 3798 1498 3855 πολλά
1524 3801 1855 3876 παροινήσας

221 3889 296 3952 είς
323 3887 483 3944 αὐτὸν
515 3887 876 3964 πολυτρόπως
903 3893 1093 3944 τοῦτον
1126 3888 1414 3964 ἐξέτριψεν.

291 4002 318 4031 ‹‹
349 3980 571 4033 Ἔθεντο
624 3977 690 4032 τὰ
759 3982 960 4051 σημεῖα
1025 3977 1200 4032 αὐτῶν
1276 3983 1476 4052 σημεῖα
1524 4025 1540 4052 ,
1593 3968 1682 4034 καὶ
1757 3978 1857 4034 οὐκ

223 4063 458 4143 ἔγνωσαν
490 4067 564 4129 ὡς
611 4066 687 4129 είς
733 4068 832 4136 τὴν
873 4064 1054 4139 ἔξοδον
1084 4066 1351 4143 ὑπεράνω.
1385 4089 1412 4120 η
1447 4100 1515 4109 -
1541 4068 1617 4122 Τὰ
1655 4073 1856 4140 σημεῖα

220 4155 390 4212 αὐτων
438 4153 563 4226 ἤτοι
610 4156 704 4218 τὰς
771 4155 1008 4230 σημαίας
1063 4152 1261 4226 ἔθεντο,
1309 4156 1580 4211 τουτέστιν
1631 4153 1856 4226 ἔστησαν

218 4245 288 4307 ὡς
319 4244 395 4308 εἰς
422 4246 524 4314 τὴν
554 4243 754 4318 ἔξοδον,
803 4243 928 4314 ἦτοι
971 4245 1108 4322 πρὸς
1138 4244 1232 4306 τὰς
1282 4243 1456 4308 πύλας
1486 4251 1586 4315 τῆς
1616 4244 1854 4317 πόλεως,

217 4333 391 4389 ἐπάνω
442 4333 640 4404 αὐτῶν,
686 4331 854 4410 ἤγουν
905 4334 981 4396 εἷς
1025 4334 1086 4389 τὸ
1114 4339 1323 4409 τεῖχος.
1354 4335 1424 4389 Τὸ
1471 4334 1546 4397 ὡς
1595 4331 1653 4389 δὲ
1699 4334 1856 4390 ποιό-

215 4443 350 4494 τητα
397 4420 566 4495 δηλοῖ
610 4423 832 4494 ταύτης.
885 4425 1148 4495 Ἐστησαν
1199 4424 1252 4478 οἱ
1303 4424 1602 4496 Ῥωμαῖοι,
1656 4429 1859 4497 σημεῖα

214 4511 369 4584 νίκης
449 4514 817 4589 πορθήσαντες
897 4513 996 4582 τήν
1080 4512 1459 4588 Ἰερουσαλὴμ,
1541 4512 1632 4567 καὶ
1704 4512 1858 4568 οὕπω

218 4596 445 4678 ἔγνωσαν
472 4603 523 4656 οἱ
554 4597 704 4657 ἔνδον
737 4599 814 4658 ἔτι
845 4601 969 4678 περὶ
1002 4602 1192 4676 ἑορτὴν
1225 4599 1648 4678 ἀσχολούμενοι.

1694 2492 1855 2521 ﬂ—

1959 2001 1993 2056 ἃ
2043 2000 2260 2078 λέγουσι
2341 2002 2434 2056 τὸν
2501 2003 2707 2073 Ἰησοῦν
2789 2002 2962 2058 αὐτῶν
3044 2007 3465 2084 θαυματουργεῖν
3532 2007 3602 2064 δι’

1959 2091 2175 2159 αὐτοὺς,
2215 2093 2381 2164 ἡμεῖς
2409 2091 2546 2152 τέως
2579 2089 2687 2166 οὐχ
2718 2091 3031 2167 ἑωράκαμεν
3065 2094 3140 2157 εἷς
3175 2095 3412 2160 ἑαυτούς.

2033 2203 2062 2233 (ι
2092 2179 2200 2233 Οὐκ
2226 2175 2367 2234 ἔστιν
2412 2176 2491 2234 ἔτι
2537 2181 2846 2257 προφήτης’
2890 2181 2979 2235 καὶ
3025 2184 3172 2256 ἡμᾶς
3225 2184 3287 2238 οὐ
3337 2187 3601 2261 γνώσεται

1960 2266 2113 2326 ἔτι.»
2145 2301 2214 2311 —
2242 2266 2352 2322 Οὐκ
2399 2265 2538 2323 ἔστιν
2592 2267 2693 2337 ἔτι,
2744 2267 2912 2346 ἤγουν
2957 2270 3032 2334 είς
3078 2272 3140 2327 τὸ
3189 2273 3332 2345 ἑξῆς,
3383 2279 3601 2355 προφή-

1957 2379 2058 2430 της
2108 2356 2159 2412 ἐν
2209 2355 2414 2429 αὐτοῖς,
2466 2357 2542 2420 εἷς
2589 2357 2650 2413 τὸ
2696 2356 3000 2432 προειδέναι
3049 2383 3100 2416 τι
3151 2364 3268 2416 καθ’
3321 2366 3480 2438 ἡμῶν
3516 2367 3607 2420 καὶ

1961 2445 2134 2524 λέγειν
2179 2444 2270 2501 καί
2319 2445 2599 2522 θαρρύνειν
2654 2445 2873 2510 αύτούς.
2925 2453 3094 2504 Τοῦτο
3142 2451 3245 2528 γὰρ
3313 2450 3480 2524 δηλοῖ
3545 2456 3606 2510 τὸ

1960 2539 2108 2610 ἡμᾶς
2138 2536 2200 2592 ού
2229 2537 2512 2610 γνώσεται,
2546 2535 2696 2599 ὅπως
2746 2535 2929 2610 ἕξομεν
2987 2536 3226 2610 δηλαδὴ,
3257 2541 3318 2597 τὸ
3361 2540 3606 2620 δεύτερον

1964 2623 2022 2681 δὲ
2051 2622 2128 2682 ἔτι
2159 2625 2276 2680 ἀντὶ
2305 2629 2403 2680 τοῦ
2434 2623 2648 2683 λοιπόν.

2039 2739 2060 2766 ε
2095 2717 2239 2776 Ἕως
2270 2713 2420 2786 πότε,
2471 2714 2499 2768 ὁ
2543 2715 2692 2786 Θεὸς,
2749 2713 2968 2770 ὀνειδιεῖ
3013 2718 3041 2772 6
3087 2717 3320 2792 έχθρός;
3369 2723 3601 2798 παροξυ-

1961 2810 2039 2859 νεῖ
2069 2805 2098 2858 ὁ
2130 2803 2436 2865 ὑπεναντίος
2465 2805 2526 2858 τὸ
2557 2799 2732 2877 ὄνομά
2759 2825 2854 2859 σου
2883 2805 2959 2867 εἷς
2988 2804 3147 2868 τέλος
3172 2827 3186 2877 ;
3214 2833 3242 2861 ››
3275 2843 3343 2851 -
3371 2816 3424 2864 Ὁ
3473 2814 3602 2875 Θεὸς

1964 2889 2183 2948 ὀνειδιεῖ
2206 2888 2264 2946 δὲ
2292 2891 2380 2946 καὶ
2409 2894 2558 2965 ἡμᾶς
2583 2891 2672 2946 καὶ
2703 2893 2782 2960 σὲ,
2812 2896 3173 2970 παροξυντικά
3203 2896 3419 2973 ματα
3464 2903 3600 2957 κατά

1963 2986 2060 3038 σοῦ
2091 2979 2474 3059 φθεγγόμενος,
2508 2980 2554 3034 εί
2601 2979 2691 3036 καί
2729 2980 2793 3036 σὺ
2839 2986 3206 3060 μακροθυμεῖς
3255 2995 3603 3065 παραχωρῶν

1963 3069 2146 3132 αὐτοῖς
2178 3065 2268 3123 διὰ
2287 3069 2382 3131 τὰς
2417 3069 2682 3143 ἁμαρτίας
2716 3072 2895 3143 ἡμῶν.

2039 3179 2210 3232 «Ἵνα
2271 3174 2324 3230 τί
2393 3174 2745 3254 ἀποστρέφεις
2813 3179 2912 3247 τῆν
2979 3181 3141 3257 χεῖρά
3200 3202 3296 3237 σου
3362 3183 3452 3238 καὶ
3507 3186 3607 3255 τήν

1887 3299 1930 3367 C
1969 3263 2140 3336 δεξιάν
2192 3285 2286 3318 σου
2333 3261 2393 3318 ἐκ
2442 3265 2606 3338 μέσου
2651 3269 2749 3319 τοῦ
2795 3265 3007 3322 κόλπου
3046 3290 3140 3323 σου
3171 3269 3216 3324 εί
3246 3271 3444 3342 τέλος;
3477 3296 3504 3325 »
3539 3307 3609 3318 —-

1967 3354 2182 3416 Κόλπος
2225 3357 2358 3408 Θεοῦ
2405 3353 2434 3408 6
2479 3357 2584 3408 τῶν
2627 3353 2837 3430 ἀγαθῶν
2895 3357 3182 3433 θησαυρὸς,
3233 3362 3356 3437 χεὶρ
3412 3358 3470 3416 δὲ
3515 3363 3606 3417 καὶ

1967 3441 2111 3518 δεξιᾶ
2175 3445 2210 3512 ἡ
2285 3439 2607 3516 μεταδοτική
2682 3447 2788 3497 τῶν
2857 3444 3068 3520 ἀγαθῶν
3138 3445 3394 3524 ἐνέργεια.
3459 3449 3606 3521 Φησί

1962 3537 2115 3610 γοῦν,
2163 3531 2260 3586 Διά
2304 3531 2357 3586 τί
2401 3535 2508 3585 τῶν
2559 3531 2769 3606 ἀγαθῶν
2819 3532 2880 3587 οὐ
2949 3533 3246 3608 μεταδίδως
3309 3540 3465 3612 ἡμῖν,
3526 3541 3602 3603 ὡς

1963 3621 2264 3698 πρότεοον;
2315 3620 2384 3674 Τὸ
2435 3616 2492 3674 δὲ
2547 3619 2625 3683 εἷς
2669 3619 2828 3684 τέλος
2874 3623 2972 3692 τὴν
3023 3621 3244 3696 διηνεκῆ
3285 3624 3452 3698 δηλοῖ
3497 3631 3606 3686 τῶν

1965 3707 2238 3768 Ἰουδαίων
2272 3703 2588 3782 παρόρασιν.

2037 3801 2152 3853 «Ὁ
2200 3795 2258 3852 δὲ
2304 3797 2434 3859 Θεὸς
2483 3795 2736 3872 βασιλεὺς
2787 3801 2947 3873 ἡμῶν
3009 3803 3114 3877 πρὸ
3175 3803 3366 3868 αἰῶνος
3433 3808 3612 3885 εἰργά-

1965 3909 2093 3945 σατο
2125 3885 2396 3962 σωτηρίαν
2447 3885 2498 3940 ἐν
2557 3886 2703 3961 μέσῳ
2743 3894 2842 3958 τῆς
2890 3895 3010 3966 γῆς,
3054 3914 3083 3943 »
3117 3925 3183 3936 _.
3211 3895 3282 3949 Τὸ
3330 3895 3437 3972 πρὸ
3475 3897 3616 3952 am)-

1961 4001 2071 4051 νος,
2129 3975 2243 4032 ἀντί
2297 3980 2394 4032 τοῦ
2453 3975 2504 4047 ἐξ
2555 3975 2756 4052 ἀρχῆς·
2804 3979 2867 4033 τὸ
2916 3975 2974 4034 δὲ
3020 3979 3072 4036 ἐν
3125 3981 3271 4056 μέσῳ
3333 3987 3431 4055 τῆς
3475 3993 3600 4062 γῆς,

1963 4068 2077 4124 ἀντὶ
2142 4070 2238 4121 τοῦ
2295 4065 2346 4119 έν
2424 4063 2570 4138 μέσῳ
2632 4070 2739 4121 τῶν
2801 4068 3116 4144 ἀνθρώπων,
3174 4069 3297 4140 ἤτοι
3357 4079 3604 4151 φανερῶς

1963 4154 2109 4212 λίαν.
2177 4153 2460 4228 Σωτηρίαν
2540 4155 2688 4230 λέγει
2766 4157 2864 4226 τῆν
2934 4157 2992 4213 ἐκ
3062 4167 3162 4229 τῆς
3234 4161 3605 4239 Αἰγυπτιακῆς

1965 4243 2212 4306 δουλείας
2262 4242 2565 4319 ἐλευθερίαν
2617 4246 2724 4300 τῶν
2791 4244 3086 4320 Ἰουδαίων,
3141 4249 3350 4322 μᾶλλον
3401 4250 3458 4307 δὲ
3501 4255 3604 4323 τὴν

1961 4341 2062 4406 τῆς
2087 4339 2290 4404 νοητῆς
2323 4329 2573 4396 δουλείας
2616 4333 2941 4411 ἀπαλλαγὴν
2974 4339 3133 4410 ἡμῶν
3174 4335 3263 4393 διὰ
3305 4347 3408 4410 τῆς
3459 4341 3606 4406 θείας

1964 4424 2437 4498 ένανθρωπήσεως.

2037 4537 2066 4567 ‹‹
2098 4511 2174 4567 Σὺ
2205 4509 2564 4586 ἐκραταίωσας
2615 4509 2667 4566 ἐν
2720 4516 2788 4586 τῇ
2839 4509 3061 4588 δυνάμει
3115 4537 3209 4571 σου
3258 4518 3356 4588 τήν
3403 4517 3605 4575 θάλασ-

1967 4623 2084 4660 σαν,
2135 4623 2162 4654 ι
2215 4632 2285 4642 —--
2335 4598 2689 4674 Ἐπερέωσας
2758 4603 2824 4656 τά
2891 4599 3220 4680 διαιρεθέντα
3288 4605 3424 4682 μέρη
3505 4615 3606 4678 τῆς

286 4713 316 4743 ‹‹
348 4689 450 4748 Καὶ
482 4665 927 4768 ἐνεκαυχήσαντο.
953 4692 1006 4745 οἱ
1052 4665 1334 4765 μισοῦντές
1382 4711 1440 4745 σε
1469 4665 1522 4746 ἐν
1570 4689 1719 4764 μέσῳ
1757 4697 1857 4761 τῆς
1892 4665 1939 4731 D
1970 4691 2248 4768 Ἐρυθρᾶς,
2297 4688 2332 4759 ἢ
2384 4665 2638 4764 κραταιὰν
2689 4691 2824 4746 κατὰ
2867 4665 3138 4766 δαιμόνων
3193 4665 3450 4766 ἐποίησας

219 4779 410 4856 ἑορτῆς
457 4801 572 4836 σου.
628 4804 656 4832 ››
687 4813 754 4824 -—
801 4782 1023 4855 Ἐορτήν
1071 4781 1170 4849 τήν
1225 4784 1317 4835 τοῦ
1360 4781 1552 4857 Πάσχα
1597 4782 1715 4844 καθ’
1759 4781 1862 4850 ἣνὸ

220 4874 375 4930 Τῖτος
406 4868 766 4944 ἐπολιόρκησε
811 4869 899 4924 καὶ
947 4867 1313 4945 ᾐχμαλώτισε
1357 4868 1482 4931 τοὺς
1525 4868 1577 4922 ἐν
1604 4867 1770 4944 ταύτῃ
1790 4872 1860 4944 τῇ

219 4958 380 5034 ἑορτῇ
409 4959 500 5012 τὸν
536 4965 768 5033 Σωτῆρα
797 4959 1224 5034 σταυρώσαντας.

289 5071 317 5099 ‹‹
348 5049 436 5109 Ὡς
468 5046 520 5102 ἐν
553 5045 746 5124 δρυμῷ
795 5046 970 5119 ξύλων
1017 5047 1213 5118 ἀξίναις
1262 5046 1512 5122 ἐξέκοψαν
1560 5048 1656 5109 τάς
1696 5046 1860 5123 θύρας

218 5136 380 5206 αὐτῆς
441 5136 530 5192 ἐπὶ
584 5137 648 5192 τὸ
705 5137 854 5192 αὐτό.
891 5161 920 5188 ››
951 5169 1020 5179 -
1058 5135 1271 5212 Δρυμός
1330 5135 1469 5190 ἐστιν
1527 5138 1562 5205 ἡ
1614 5135 1664 5190 ἐν
1714 5135 1857 5211 ὄρεσι

218 5225 516 5304 ξυλοφόρος
553 5234 648 5302 γῆ.
701 5228 873 5298 Φησίν
927 5224 1017 5281 οῦν
1069 5225 1151 5280 ὅτι
1199 5224 1497 5299 κατέκοψαν
1539 5225 1634 5287 τὰς
1683 5224 1858 5288 πύλας

216 5321 316 5384 τῆς
366 5315 605 5378 πόλεως’
677 5315 764 5370 ἐπὶ
825 5317 888 5370 τὸ
937 5316 1086 5388 αὐτὸ,
1133 5313 1403 5370 τουτέστιν
1464 5314 1606 5388 ὁμοῦ
1662 5313 1856 5384 πάσας,

224 5403 400 5479 ὥσπερ
435 5403 522 5460 ἐὰν
550 5402 769 5460 ’ίσταντο
798 5403 849 5460 ἐν
881 5401 1074 5480 δρυμῷ
1104 5401 1301 5474 ξύλων,
1335 5405 1387 5458 οἱ
1434 5402 1857 5466 κατακόπτοντες

219 5492 368 5566 αὐτὰ,
401 5492 491 5548 καὶ
517 5492 742 5549 ἔκοπτον
778 5491 1037 5566 δηλονότι
1077 5492 1210 5564 ξύλα
1239 5490 1446 5555 ἁπλῶς.

290 5608 319 5637 (ι
393 5584 480 5638 Ἐν
583 5583 798 5641 πελέκει
905 5583 996 5638 καὶ
1097 5581 1434 5658 λαξευτηρίῳ
1531 5580 1852 5656 κατέρῥαξαν

217 5672 402 5744 αὐτήν.
466 5698 493 5723 ››
551 5707 621 5718 —-
648 5673 854 5747 Αὐτὴν,
893 5671 1064 5748 ἤγουν
1111 5672 1210 5740 τήν
1268 5670 1454 5744 πόλιν,
1511 5669 1852 5746 κατέῤῥαξαν,

219 5759 338 5838 ἤτοι
385 5756 703 5839 κατέϐαλον,
761 5761 814 5819 έν
872 5760 1094 5820 πελέκοι
1154 5760 1249 5838 μὲν
1304 5759 1370 5816 τὰ
1427 5757 1588 5840 στέγη
1637 5757 1852 5827 καὶτὰς

501 5965 528 5993 1r

1973 4777 2238 4844 θάλασσαν
2276 4781 2372 4834 τοῦ
2413 4777 2803 4852 βαπτίσματος.

2047 4891 2070 4921 ι
2104 4868 2180 4923 Σὺ
2219 4865 2535 4944 συνέτριψας
2581 4868 2677 4930 τὰς
2723 4867 2961 4947 κεφαλὰς
3006 4874 3110 4925 τῶν
3163 4868 3467 4948 δρακόντων
3518 4873 3608 4930 ἐπὶ

1967 4962 2064 5014 τοῦ
2094 4956 2304 5018 ὕδατος.
2341 4981 2369 5008 ››
2402 4988 2470 4999 -
2510 4955 2650 5019 Τοὺς
2703 4956 3014 5032 Αἰγυπτίων
3067 4960 3412 5037 ταξιάρχους,
3445 4963 3480 5032 ἢ
3513 4964 3606 5026 τάς

1970 5045 2286 5120 δαιμονικάς
2311 5043 2505 5120 ἀρχάς.

2040 5160 2068 5187 ‹‹
2103 5135 2177 5189 Σὺ
2210 5132 2530 5194 συνέθλασας
2557 5133 2656 5202 τήν
2698 5132 2938 5210 κεφαλὴν
2992 5142 3088 5191 τοῦ
3137 5136 3444 5214 δράκοντος.
3481 5166 3510 5192 ››
3541 5174 3609 5187 -

1965 5226 2023 5280 Ὁ
2072 5221 2280 5296 δράκων
2339 5221 2522 5284 ἐνικῶς
2572 5223 2600 5276 6
2648 5221 2902 5292 αἰσθητὸς
2967 5228 3167 5303 Φαραὼ
3232 5230 3320 5283 καὶ
3389 5231 3605 5302 νοητὸς,

1967 5313 2157 5378 θλάσις
2188 5309 2246 5366 δὲ
2273 5308 2513 5388 κεφαλῆς
2558 5313 2594 5380 ἡ
2635 5307 2893 5387 συντριϐἠ
2939 5320 3039 5384 τῆς
3087 5316 3264 5392 ἀρχῆς
3313 5318 3401 5373 καὶ
3449 5319 3605 5395 βασι-

1965 5402 2114 5465 λείας
2143 5401 2340 5457 αὐτῶν.

2036 5517 2064 5544 ‹‹
2100 5488 2342 5552 Ἕδωκας
2373 5487 2530 5544 αὐτὸν
2587 5490 2782 5564 βρῶμα
2832 5489 2986 5555 λαοῖς
3034 5499 3150 5556 τοῖς
3200 5496 3439 5570 Αἰθίοψι.
3474 5519 3501 5547 ››
3546 5531 3606 5542 -

1961 5582 2031 5636 Τὸ
2084 5578 2292 5642 ἔδωκας
2340 5578 2456 5633 ἀντὶ
2504 5583 2600 5634 τοῦ
2647 5577 2908 5649 ἐξέδωκας
2957 5584 3054 5638 Διά
3128 5582 3185 5639 δὲ
3240 5590 3337 5639 τοῦ
3403 5586 3604 5662 Φαραὼ

1961 5670 2052 5726 καὶ
2101 5675 2272 5724 πᾶσαν
2333 5667 2431 5737 τῆν
2497 5668 2586 5722 ὑπ’
2632 5667 2790 5724 αὐτὸν
2852 5672 3040 5750 χώραν
3092 5671 3380 5745 ὑποδηλοῖ·
3428 5675 3496 5745 ἢν
3553 5677 3607 5733 οἱ

1965 5758 2219 5823 Αὶθίοπες
2268 5755 2463 5840 ὅμοροι
2511 5761 2628 5824 τοῖς
2675 5757 2999 5840 Αἰγυπτίοις
3059 5758 3211 5829 ὄντες
3282 5763 3371 5821 καὶ
3435 5762 3606 5859 ιιιάλαι
