3998 6446
222 441 381 510 1509

1439 439 1857 506 EXPOSITIO
1901 439 1978 503 IN
2021 435 2402 504 PSALMOS.

3463 438 3620 501 1510

303 577 466 635 «Καὶ
523 577 696 633 πάντα
759 575 826 632 τὰ
895 577 1091 652 κέρατα
1163 579 1270 631 τῶν
1346 574 1688 651 ἁμαρτωλῶν
1753 593 1869 629 συν-
1894 575 1950 643 Α
2050 598 2079 625 ‹‹
2111 574 2206 628 Ἐκ
2256 576 2354 628 τοῦ
2413 571 2642 648 ούρανοῦ
2698 569 2986 641 ἡκούτισας
3045 571 3243 649 κρίσιν,
3306 595 3334 623 ››
3389 605 3458 614 —
3512 575 3620 643 Τὴν

224 667 431 726 θλάσω.
482 691 511 719 ››
564 699 629 710 —-
674 670 788 721 Τῶν
833 665 986 729 αὖθις
1051 662 1482 740 πολεμησόντων
1551 686 1620 738 με
1672 661 1870 737 δυσμε-

228 761 361 813 νῶν.

303 870 332 897 ‹‹
364 844 462 900 Καὶ
523 846 862 919 ὑψωθήσεται
916 843 984 898 τά
1035 842 1232 917 κέρατα
1302 846 1398 897 τοῦ
1457 840 1686 898 δικαίου.
1736 866 1757 892 ι
1805 873 1875 883 -

227 934 445 991 Δίκαιον
503 932 662 988 καλεῖ
717 930 889 989 πάντα
958 926 1174 1003 εὐσεϐῆ.
1223 932 1434 1010 Κυρίως
1481 929 1540 986 δὲ
1588 929 1794 993 δίκαιος
1845 931 1874 984 6

228 1023 456 1098 Χριστὸς
491 1023 564 1085 ὡς
595 1021 997 1099 ἀναμάρτητος.

838 1151 1134 1203 ΨΑΛΜΟΣ
1175 1147 1290 1201 OE’.

311 1262 331 1288 α
365 1236 460 1299 Εἰς
497 1237 560 1291 τὸ
606 1233 783 1308 τέλος,
817 1235 869 1291 ἐν
919 1235 1109 1309 ὕμνοις
1158 1233 1378 1309 ψαλμὸς
1425 1239 1504 1308 τῷ
1536 1235 1722 1314 Ἀσάφ,
1756 1231 1872 1307 ᾠδῆ

229 1325 368 1399 πρὸς
400 1327 489 1381 τὸν
522 1323 824 1398 Ἀσσύριον.
860 1348 888 1376 ››
919 1358 986 1367 -
1014 1324 1084 1378 Τὸ
1113 1324 1251 1400 πρὸς
1299 1324 1389 1379 τὸν
1425 1323 1730 1400 Ἀσσύριον,
1758 1323 1876 1378 ἀντὶ

227 1419 328 1470 τοῦ
383 1415 518 1490 πρὸς
565 1415 634 1468 τὰ
689 1413 823 1469 κατά
866 1413 957 1468 τὸν
1017 1413 1295 1490 ’Δσσύριον
1358 1413 1722 1489 Σεναχηρείμ·
1775 1415 1875 1483 τὴν

233 1499 524 1580 συντριϐἠν
555 1503 658 1578 γὰρ
689 1502 850 1557 αὐτοῦ
881 1502 1229 1580 προφητεύει,
1248 1500 1460 1576 μᾶλλον
1486 1500 1543 1557 δὲ
1562 1507 1658 1558 τοῦ
1676 1506 1878 1572 νοητοῦ

231 1591 524 1668 Ἀσσυρίου
551 1597 648 1646 τοῦ
679 1586 959 1647 διαϐόλου.
994 1586 1359 1665 Διαλαμϐάνει
1388 1589 1445 1646 δὲ
1473 1593 1562 1646 καὶ
1592 1591 1716 1666 περὶ
1780 1597 1879 1662 τῆς

241 1678 554 1754 μελλούσης
584 1677 832 1755 κρίσεως.
871 1679 956 1732 Ἐν
989 1677 1182 1750 ὕμνοις
1215 1675 1292 1752 δὲ,
1325 1676 1406 1732 ὅτι
1461 1677 1878 1755 εὑχαριστήριος

239 1769 268 1822 6
300 1768 544 1844 ψαλμός.

313 1879 343 1910 ιι
373 1857 617 1919 Γνωστὸς
667 1855 720 1912 ἐν
768 1860 838 1930 τῇ
884 1853 1117 1928 Ἰουδαίᾳ
1159 1857 1187 1910 6
1228 1856 1378 1920 Θεός.
1422 1881 1452 1909 ››
1501 1890 1570 1901 -ν
1619 1853 1878 1912 Ἰουδαίαν

1985 658 2319 731 δηλωθεῖσαν
2355 658 2644 737 ἀπόφανσιν
2678 659 2942 730 ἀκουστήν
3005 681 3096 733 μοι
3146 660 3205 714 ἐκ
3248 665 3343 715 τοῦ
3391 661 3621 736 ούρανοῦ

1982 749 2284 819 πεποίηκας
2318 749 2392 811 ὡς
2437 750 2742 826 προφήτης,
2780 746 2991 822 μᾶλλον
3043 747 3100 804 δὲ
3145 750 3244 818 τὴν
3289 751 3624 826 παγκόσμιον

1983 838 2156 915 κρίσιν
2214 838 2480 907 ἀκουστὴν
2541 837 2800 908 ἐποίησας
2857 843 3015 892 πᾶσιν
3059 839 3360 914 ἀνθρώποις
3412 837 3500 894 διὰ
3523 845 3623 909 τῆς

1983 927 2128 1004 παρά
2155 931 2249 981 σοῦ
2281 927 2478 981 ἄνωθεν
2511 924 2929 998 ἐμπνευσθείσης
2956 926 3110 1001 ἀγίας
3143 933 3378 1005 Γραφῆς.

2059 1039 2086 1068 ‹‹
2119 1018 2196 1085 Γῆ
2220 1010 2463 1093 ἐφοϐήθη
2495 1014 2586 1070 καὶ
2617 1014 2908 1090 ἡσύχασεν.
2943 1039 2972 1067 ››
3002 1048 3071 1057 —
3100 1021 3204 1085 Γῆν
3255 1014 3414 1071 καλεῖ
3457 1018 3627 1072 πάντα

1982 1112 2189 1182 γηγενῆ
2259 1105 2349 1160 καὶ
2439 1103 2650 1177 μᾶλλον
2719 1103 2848 1167 τοὺς
2921 1109 3242 1182 φρονοῦντας
3296 1107 3364 1160 τά
3439 1108 3622 1182 γήϊνα.

1983 1195 2285 1270 Ἡσύχασαν
2339 1191 2396 1248 δὲ
2461 1194 2516 1247 οἱ
2589 1191 2886 1269 ἄνθρωποι,
2958 1192 3387 1270 καταργηθέντος
3462 1194 3623 1271 ἔργου

1983 1285 2180 1345 παντὸς
2209 1282 2261 1337 ἐν
2290 1281 2370 1356 τῷ
2413 1284 2692 1353 κινηθῆναι
2747 1282 2822 1345 εἰς
2867 1283 2966 1351 τήν
3013 1282 3260 1358 ῥηθεῖσαν
3311 1285 3485 1358 κρίσιν
3535 1286 3626 1340 τὸν

1985 1373 2113 1430 Θεὸν
2175 1371 2311 1427 ὥστε
2368 1376 2532 1426 σῶσαι
2588 1373 2788 1434 πάντας
2831 1369 2958 1434 τοὺς
3017 1369 3271 1435 δικαίους’
3330 1371 3464 1428 ἴδιον
3520 1376 3621 1451 γὰρ

1987 1458 2195 1516 δικαίου
2224 1459 2417 1522 παντὸς
2447 1461 2482 1528 ἡ
2515 1459 2778 1536 πραότης.

2059 1592 2088 1621 ‹‹
2127 1571 2244 1622 Ὅτι
2293 1565 2542 1639 ἐνθύμιον
2592 1566 2878 1642 ἀνθρώπου
2927 1567 3387 1643 ἐξομολογήσεταὶ
3435 1591 3541 1627 σοι.
3595 1593 3623 1621 ››

1986 1690 2056 1700 --
2082 1656 2232 1728 Τότε,
2265 1654 2418 1734 φησὶ,
2449 1657 2552 1709 πάν
2583 1654 2830 1728 ἐνθύμιον
2882 1656 3238 1732 ἀνθρώπινον,
3270 1657 3398 1713 αὐτὸ
3458 1659 3614 1714 ἑαυτὸ

1987 1743 2326 1819 ἀποκαλύψει
2356 1765 2439 1799 σοι
2472 1741 2765 1814 δικάζοντι.

2065 1833 2225 1892 «Καὶ
2283 1832 2685 1909 ἐγκατάλημμα
2746 1833 3000 1908 ὲνθυμίου
3059 1835 3296 1912 ἑορτάσει
3348 1859 3453 1895 σοι.
3507 1862 3535 1890 ››
3567 1873 3633 1883 -

232 1947 324 2002 καὶ
383 1943 605 2020 Ἰσραὴλ
658 1946 749 2000 καὶ
804 1920 903 2014 τὴν
984 1920 1264 2014 ἱουδαϊκήν
1336 1946 1424 2000 καὶ
1499 1944 1880 2022 ἶσραηλιτικήν
1913 1949 1962 2015 Β
1995 1923 2094 2022 If“!
2150 1923 2214 2022 ’ξὸ
2267 1921 2554 2022 λείψαῬξ
2577 1920 2635 1977 δὲ
2674 1927 2799 2022 ,τθῦ
2858 1922 3225 2022 ἑψήματος,
3277 1927 3535 2022 τουέτστι,
3573 1928 3636 1982 τὸ

241 2034 588 2105 ὑποληπτέον
648 2036 888 2111 Γραφὴν,
921 2033 973 2089 ἐν
1069 2034 1348 2110 γνώριμός
1414 2034 1552 2090 ἐστιν
1581 2035 1610 2090 6
1657 2035 1884 2112 Χριστὸς

237 2125 328 2179 καὶ
377 2124 517 2200 μέγα
553 2123 644 2178 καὶ
694 2119 901 2194 ἔνδοξον
950 2122 1014 2178 τὸ
1062 2123 1236 2196 δνομα
1283 2123 1447 2179 αὑτοῦ
1488 2121 1890 2201 προκαταγγέλ-

241 2213 414 2271 λεται.
448 2214 678 2288 Λέγοιτο
729 2209 774 2267 δ’
806 2211 864 2267 ἂν
912 2213 1002 2266 καὶ
1049 2210 1279 2268 Ἰουδαία
1308 2213 1399 2268 νέα
1427 2213 1516 2268 καὶ
1547 2212 1768 2289 Ἰσραὴλ
1797 2211 1888 2267 καὶ

247 2305 284 2373 ἡ
317 2302 367 2374 ἐξ
398 2301 561 2355 ἐθνῶν
592 2299 906 2372 Ἐκκλησία.
1189 2340 1192 2342 ~

323 2415 352 2443 «
385 2390 484 2445 Καὶ
516 2389 741 2466 ἐγενήθη
775 2389 826 2445 ἐν
857 2389 1046 2466 εἰρήνῃ
1066 2391 1093 2445 6
1121 2390 1291 2454 τόπος
1321 2390 1504 2448 αὑτοῦ.
1523 2415 1633 2444 »—
1652 2391 1888 2467 Εἰρήνην

250 2479 386 2559 φησί
415 2480 506 2534 τὸν
535 2479 880 2554 εἴρηνεύοντα
900 2480 1202 2556 ἄνθρωπον,
1234 2481 1370 2556 πρὸς
1398 2480 1524 2543 τοὺς
1575 2480 1892 2557 ἀνθρώπους

258 2569 353 2643 μὲν
386 2567 438 2622 ἐν
479 2573 557 2640 τῷ
604 2569 808 2644 ἀγαπᾷν
864 2567 1078 2640 αὐτοὺς,
1109 2571 1243 2646 πρὸς
1299 2569 1368 2624 τὰ
1412 2570 1556 2640 πάθη
1609 2567 1666 2625 δὲ
1714 2569 1766 2626 ἐν
1815 2573 1895 2642 τῷ

256 2657 568 2713 ὑποτάττειν
635 2656 786 2712 αὑτά.
843 2659 926 2714 Ἐν
1011 2662 1092 2730 τῷ
1167 2657 1402 2732 τοιούτῳ
1459 2656 1516 2714 δὲ
1573 2657 1775 2735 γίνεται
1831 2659 1894 2713 τὸ

255 2747 726 2825 προσχωριστικὸν
783 2751 880 2801 τοῦ
939 2751 1092 2804 Θεοῦ.
1155 2749 1296 2802 Σιὼν
1372 2745 1428 2802 δὲ
1502 2749 1892 2825 σκοπευτήριον

255 2837 629 2914 ἑρμηνεύεται,
671 2836 760 2890 καὶ
811 2835 894 2906 εἴη
945 2835 1005 2891 ἃν
1054 2837 1194 2891 Σιὼν
1246 2838 1274 2891 6
1322 2836 1600 2914 πόρῥωθεν
1647 2838 1740 2900 τὰς
1786 2841 1892 2893 τῶν

258 2923 534 3000 δυσμενῶν
565 2922 870 2986 ἐπελεύσεις
897 2925 1388 3000 κατασκεπόμενος.

333 3038 361 3068 ‹‹
393 3016 535 3070 Ἐκεῖ
565 3015 845 3090 συνέτριψε
872 3013 939 3068 τά
989 3013 1157 3091 κράτη
1207 3020 1318 3070 τῶτ
1363 3015 1554 3089 τόξων,
1583 3014 1778 3088 ὅπλον,
1810 3017 1900 3071 καὶ

259 3103 546 3182 ῥομφαίαν,
573 3103 662 3158 καὶ
693 3102 959 3174 πόλεμον.
995 3127 1023 3156 ››
1055 3136 1124 3146 -
1154 3109 1296 3159 Ἐκεῖ
1325 3103 1375 3159 ἐν
1407 3110 1483 3178 τῷ
1522 3105 1796 3182 εἷρήνευόν
1848 3126 1900 3159 τι

269 3193 534 3270 ἀνθρώπῳ
564 3193 870 3269 συνέτριψεν
901 3189 1027 3262 ἤτοι
1054 3194 1366 3269 κατήργησε
1395 3195 1566 3250 πάντα
1593 3198 1689 3249 τοῦ
1709 3193 1902 3269 Βελίαρ

265 3281 331 3336 τὰ
362 3283 582 3357 μηχανή
595 3301 752 3355 ματα.

339 3395 366 3422 ‹‹
400 3369 660 3439 Φωτίζεις
691 3369 754 3424 σὺ
785 3374 1104 3444 θαυμαστῶς
1139 3371 1244 3426 ἀπὸ
1271 3371 1438 3449 ὁρέων
1491 3372 1745 3432 αἰωνίων.
1779 3398 1809 3427 ››
1838 3407 1907 3418 -—

269 3459 532 3528 Φωτίζεις
573 3459 713 3537 φωτί
743 3464 918 3535 χαρᾶς
946 3459 1034 3514 καὶ
1093 3458 1437 3535 ἀντιλήψεως
1488 3461 1614 3526 τοὺς
1645 3462 1697 3519 ἐν
1730 3463 1906 3519 σκότει

273 3546 453 3619 λύπης
480 3549 571 3604 καὶ
617 3549 1000 3624 ἀπογνώσεως.
1032 3551 1169 3626 ’Ὀρη
1221 3547 1277 3605 δὲ
1324 3550 1516 3607 αἰώνια
1561 3549 1906 3625 ὑποληπτέον

268 3637 396 3701 τοὺς
445 3636 705 3714 οὐρανοὺς
764 3635 853 3692 διά
905 3636 968 3692 τδ
1027 3636 1162 3712 ὕψος
1207 3639 1296 3694 καὶ
1337 3641 1401 3696 τὸ
1432 3639 1664 3719 διαρκὲς,
1696 3641 1907 3716 μᾶλλον

279 3725 336 3782 δὲ
388 3728 483 3790 τὰς
528 3725 816 3803 ἀγγελικὰς
871 3723 1123 3800 δυνάμεις
1171 3726 1240 3783 δι’
1268 3731 1342 3784 ὧν
1385 3731 1523 3806 πρὸς
1567 3733 1630 3787 τὸ
1668 3737 1912 3809 κρεῖττον

273 3813 744 3891 καθοδηγούμεθα.

346 3928 375 3958 ‹‹
407 3905 811 3980 Έταράχθησαν
835 3903 1026 3968 πάντες
1059 3907 1110 3960 οἱ
1140 3905 1378 3962 ἀσύνετοι
1425 3912 1491 3983 τῇ
1537 3907 1749 3986 καρδίᾳ.
1785 3935 1814 3964 ››
1845 3944 1913 3954 -

276 3993 680 4069 Ἐταράχθησαν
715 3994 767 4047 οἱ
788 3993 1058 4070 Ἀσσύριοι
1082 3994 1569 4072 ἀναιρούμενοικαὶ
1589 3999 1639 4054 οὶ
1661 3996 1913 4073 δαίμονες

273 4080 792 4158 κατατροπούμενοι,
823 4083 875 4136 οἱ
901 4083 990 4138 καὶ
1022 4082 1185 4162 ἄμφω
1215 4085 1290 4148 ὡς
1349 4087 1616 4164 θεομάχοι
1671 4089 1916 4147 ἀσύνετοι

276 4171 364 4226 καὶ
396 4165 642 4243 ἀνόητοι.

347 4285 376 4312 ‹‹
407 4264 683 4316 Ὕπνωσαν
743 4261 904 4317 ὕπνον
963 4262 1158 4318 αὐτῶν·
1216 4265 1306 4320 καὶ
1357 4265 1466 4342 οὐχ
1539 4269 1694 4345 εὗρον
1765 4268 1915 4327 οὐδὲν

279 4346 468 4412 πάντες
495 4351 547 4404 οἱ
578 4347 766 4426 ἄνδρες
795 4355 890 4406 τοῦ
919 4351 1160 4408 πλούτου
1189 4360 1307 4417 ταῖς
1337 4355 1520 4432 χερσὶν
1553 4357 1749 4418 αὐτῶν.
1790 4385 1819 4413 ››
1851 4394 1921 4403 -

277 4439 682 4511 Ἐκοιμήθησαν
712 4436 908 4503 πάντες
938 4442 990 4495 οἱ
1021 4439 1209 4520 ἄνδρες
1241 4443 1328 4499 καὶ
1359 4445 1466 4522 οὐχ
1496 4447 1647 4522 εὗρον
1692 4447 1744 4504 ἐν
1801 4455 1920 4514 ταῖς

279 4527 466 4603 χερσὶν
525 4523 678 4582 οὐδὲν
732 4533 832 4583 τοῦ
887 4528 1130 4585 πλούτου
1187 4533 1244 4587 ὃν
1277 4529 1676 4607 προσεδόκησαν
1711 4532 1919 4596 λαϐεῖν.

281 4614 514 4692 Ἄνδρας
565 4613 622 4670 δὲ
669 4616 891 4687 νοητέον
945 4619 1034 4674 καὶ
1080 4619 1207 4683 τοὺς
1246 4616 1643 4698 Βαϐυλωνίους,
1675 4625 1921 4691 καὶτοὺς

283 4701 564 4777 δαίμονας
591 4703 754 4768 ὕπνος
785 4703 842 4760 δὲ
869 4711 976 4762 τῶν
1010 4705 1283 4784 δαιμόνων
1311 4714 1346 4780 ἡ
1372 4712 1652 4789 ἀργία,καὶ
1683 4714 1922 4780 πλοῦτος

281 4793 342 4847 τὸ
373 4795 680 4867 ἀμαστῆσαι
709 4796 879 4867 ἡμᾶς.

358 4906 386 4934 ι(
417 4883 552 4938 Ἀπὸ
585 4882 952 4957 ἐπιτιμήσεώς
986 4907 1102 4957 σου,
1136 4888 1164 4942 6
1223 4890 1350 4952 Θεὸς
1395 4887 1611 4965 Ἰακὼϐ,
1645 4893 1924 4966 ἐνύσταξαν

287 4972 337 5026 οἱ
381 4966 767 5042 ἐπιϐεϐηκότες
823 4980 940 5037 τοῖς
966 4973 1180 5039 ἵπποις.
1216 5002 1245 5028 ››
1271 5011 1339 5020 -
1373 4979 1720 5054 Ἐπιτίμησιν
1779 4979 1926 5058 λέγει

285 5061 382 5130 τὴν
416 5063 550 5115 κατά
577 5066 684 5117 τῶν
717 5061 998 5136 πολεμίων
1031 5065 1318 5142 ἀπόφασιν·
1365 5071 1670 5146 νυσταγμὸν
1722 5069 1780 5127 δὲ
1827 5075 1926 5142 τὴν

288 5150 508 5226 πάρεσιν
553 5157 653 5221 τῆς
687 5148 986 5226 δυνάμεως·
1037 5150 1430 5226 ἐπιϐεοηκότας
1480 5155 1536 5212 δὲ
1582 5165 1696 5222 τοῖς
1737 5159 1930 5226 τίπποις

287 5237 414 5300 τοὺς
472 5238 725 5316 ἐχθροὺς,
787 5237 1164 5313 ἐπιϐεϐηκέναι
1226 5241 1284 5298 δὲ
1327 5250 1446 5307 τοῖς
1489 5243 1681 5310 ’ίπποις
1739 5252 1829 5305 καὶ
1879 5253 1931 5306 οἱ

292 5323 541 5400 δαίμονες
599 5326 844 5405 λέγονται
902 5327 991 5386 διὰ
1043 5333 1106 5386 τὸ
1157 5333 1328 5408 τάχος
1399 5335 1488 5390 καὶ
1557 5338 1654 5406 τὴν
1715 5337 1767 5393 ἐν
1815 5346 1930 5403 τοῖς

293 5414 659 5489 θηλυμανέσιν
692 5419 1002 5478 ἀνάπαυσιν.

363 5529 392 5557 ‹‹
427 5505 502 5560 Σὺ
533 5501 760 5585 φοϐερὸς
792 5509 857 5564 εἴ·
889 5510 979 5565 καὶ
1009 5511 1091 5573 τίς
1123 5511 1493 5585 ἀντιστήσεταί
1523 5535 1605 5571 σοι
1632 5535 1646 5586 ;
1680 5518 1786 5573 ἀπὸ
1813 5520 1936 5577 τότε

291 5596 326 5665 ἡ
359 5593 644 5684 ὀργήλσου.
677 5621 706 5650 ››
739 5631 808 5641 -—
837 5599 906 5654 T6
937 5599 1043 5655 ἀπὸ
1067 5601 1190 5656 τότε
1219 5602 1254 5672 ἢ
1290 5601 1554 5678 ἀορίστως
1583 5606 1697 5662 ἀντὶ
1740 5609 1934 5684 πάλαι,

291 5684 398 5772 πρὸ
426 5682 661 5758 πολλοῦ,
688 5687 725 5756 ἢ
776 5688 892 5744 ἀντὶ
939 5693 1057 5762 τοῦ,
1089 5691 1178 5772 ἀφ’
1218 5689 1300 5763 οὗ,
1355 5689 1612 5766 δηλονότι
1659 5700 1794 5754 κατά
1841 5682 1938 5757 σοῦ

296 5767 353 5832 ἐϐ
360 5771 538 5856 λασφή
549 5797 624 5849 μη
633 5797 725 5832 σαν
735 5820 748 5834 .

1997 2011 2335 2090 βραχύτατον
2395 2010 2560 2066 αὑτοῦ
2617 2011 2832 2087 μόριον,
2883 2011 3121 2089 ἑορτάσει
3167 2036 3270 2088 σοι,
3321 2023 3489 2091 ἤγουν
3518 2015 3638 2071 ἐπι-

1996 2100 2153 2175 δείξίς
2213 2100 2321 2157 ἐστι
2379 2105 2475 2156 τοῦ
2532 2099 2923 2176 ἐορταζομένου
2988 2105 3307 2180 πράγματος
3362 2106 3451 2160 καὶ
3517 2108 3637 2161 θεα-

1995 2190 2246 2268 τρισμός.
3485 2231 3506 2248 .

2070 2306 2098 2334 ‹‹
2159 2278 2408 2354 Εὕξασθε,
2464 2280 2553 2334 καὶ
2601 2278 2833 2335 ἀπόδοτε
2880 2281 3068 2358 Κυρίῳ
3109 2288 3186 2355 τῷ
3220 2289 3334 2357 Θεῷ
3381 2287 3563 2359 ἡμῶν.
3612 2312 3640 2339 ››

1998 2404 2069 2414 -
2116 2369 2329 2425 Τούτων
2404 2367 2494 2424 οὖν
2561 2369 2733 2432 οὕτως
2801 2369 3038 2446 ἐχόντων
3100 2373 3418 2449 ὑποσχέσεις
3478 2397 3643 2447 μετα-

1998 2459 2150 2522 τοίας
2206 2461 2469 2530 ποιήσατε
2523 2458 2658 2534 πρὸς
2714 2457 2807 2513 τὸν
2857 2459 3007 2533 Θεὸν,
3059 2461 3148 2516 καὶ
3192 2461 3422 2520 ἀπόδοτε
3449 2465 3643 2528 ταύτας

2001 2549 2146 2622 αύτῷ
2177 2549 2251 2610 ὡς
2283 2546 2447 2624 χρέος
2479 2547 2913 2622 ἀναγκαιότατον.

2075 2663 2104 2690 ‹‹
2162 2637 2359 2698 Πάντες
2416 2636 2469 2690 οἱ
2527 2635 2715 2708 κύκλῳ
2771 2637 2935 2692 αὑτοῦ
2995 2635 3198 2695 οἴσουσι
3269 2640 3434 2720 δῶρα.
3501 2671 3522 2697 ι
3575 2679 3644 2690 —-

2005 2753 2034 2782 α
2067 2724 2268 2799 Κύκλῳ
2321 2729 2418 2780 τοῦ
2475 2729 2607 2780 Θεοῦ
2659 2725 2715 2779 οἱ
2769 2724 3083 2800 ἀγαπῶντες
3136 2728 3293 2785 αὐτὸν
3350 2731 3402 2786 ο⁹ί
3446 2734 3640 2798 πάντες

2008 2814 2211 2872 οἷ’σουσι
2237 2813 2417 2887 τούτῳ
2447 2811 2618 2890 δῶρα,
2647 2813 2743 2876 τὰς
2775 2815 2982 2889 ἀρετάς.

2085 2930 2106 2957 ι
2137 2909 2224 2976 Τῷ
2279 2897 2494 2982 φοϐερῷ
2547 2902 2636 2957 καὶ
2691 2903 3076 2981 ἀφαιρουμένῳ
3131 2907 3410 2983 πνεύματα
3439 2912 3640 2989 ἀρχόν-

2008 3017 2138 3067 των,
2191 3017 2219 3046 ‹‹
2251 3025 2320 3036 —-
2349 2991 2634 3064 Πνεύματα
2676 2993 2773 3054 τὰς
2818 2996 3020 3069 ψυχὰς,
3072 2993 3218 3072 λέγει
3254 3021 3265 3032 .
3298 3000 3539 3075 βασιλεῖς
3591 3002 3646 3060 δὲ

2010 3092 2108 3156 τῆς
2137 3091 2240 3160 γῆς
2270 3083 2360 3137 τὸν
2391 3082 2590 3158 Φαραὼ
2619 3082 2710 3136 καὶ
2741 3081 2966 3154 ἄλλους,
2999 3083 3114 3139 ὅσοι
3146 3091 3252 3142 τῶν
3285 3089 3440 3146 θείων
3488 3089 3645 3170 τερά-

2013 3195 2216 3251 τουργη
2229 3175 2408 3248 μάτων
2439 3172 2810 3248 πεπείρανται.

2609 3391 2904 3443 ΨΑΛΜΟΣ
2943 3389 3052 3458 02:.

2091 3596 2120 3625 «
2153 3569 2244 3632 Εἷς
2269 3568 2332 3624 16
2360 3565 2540 3655 τέλος.
2570 3565 2706 3655 ,ὑπὲρ
2752 3562 3012 3655 Ἰῗδιθοὺμη
3044 3566 3264 3642 ψαλμὸς
3292 3575 3372 3645 τῷ
3404 3575 3590 3655 Ἀσάφ,
3624 3603 3652 3632 ››

2019 3693 2088 3703 -
2115 3659 2186 3714 Τὸ
2215 3658 2372 3744 Ὑπὲρ
2400 3652 2645 3744 Ἰδιθοὺμ
2670 3655 2733 3709 τὸ
2779 3654 2881 3709 ὑπὸ
2907 3654 3149 3731 Ἰδιθοὺμ
3178 3656 3360 3729 δηλοῖ·
3419 3669 3498 3736 τῷ
3547 3652 3656 3744 ⁷γὰρ

2021 3747 2261 3820 Ἰδιθοὺμ
2289 3743 2448 3816 ἐδόθη
2484 3744 2512 3798 6
2538 3742 2755 3818 ψαλμὸς
2784 3745 2919 3820 πρὸς
2962 3746 3025 3800 τὸ
3083 3747 3529 3822 ψαλτῳδηθῆναι”
3560 3742 3658 3811 τοῦ

2023 3835 2080 3894 δὲ
2139 3838 2214 3912 μὴ
2275 3835 2694 3910 εύκαιρήσαντος
2751 3833 2778 3886 6
2810 3833 2976 3912 Ἀσᾶφ
3032 3835 3191 3892 αὑτὸν
3253 3838 3658 3916 ἐψαλτῴδησεν.

2023 3925 2452 4002 Ἐσχημάτισται
2485 3919 2542 3977 δὲ
2569 3922 2850 3998 προσώπῳ
2878 3927 2975 3977 τοῦ
3014 3924 3552 4001 αἷχμαλωτισθέντος
3583 3933 3659 3997 εἷς

2021 4010 2318 4072 Βαϐυλῶνα
2347 4011 2502 4069 λαοῦ.

2098 4127 2127 4156 ‹‹
2157 4107 2318 4178 Φωνῇ
2377 4123 2480 4175 μου
2537 4102 2671 4175 πρὸς
2730 4101 2924 4179 Κύριον
2996 4103 3266 4180 ἐκέκραξα
3326 4115 3478 4187 φωνῇ
3555 4134 3658 4186 μου

2024 4195 2159 4272 πρὸς
2205 4193 2354 4262 Θεὸν,
2385 4191 2474 4246 καὶ
2518 4189 2790 4268 προσέσχε
2839 4213 2954 4265 μοι.
3002 4217 3023 4245 ι
3077 4227 3144 4238 —-
3191 4197 3320 4253 Ἀπὸ
3365 4206 3551 4255 κοινοῦ
3595 4205 3658 4258 τὸ

2025 4282 2297 4360 ἐκέκραξα.

2105 4371 2258 4426 «Τὸν
2316 4370 2440 4424 Θεὸν
2497 4367 2808 4440 ἐξεζήτησα.
2873 4397 2896 4425 ι
2958 4404 3027 4413 --
3079 4375 3148 4427 Τὸ
3199 4373 3491 4447 ἐξεζήτησα
3563 4381 3663 4450 τὴν

2031 4457 2322 4516 σπουδαίαν
2356 4460 2578 4529 ζήτησιν
2608 4454 2792 4528 δηλοῖ.

2107 4575 2128 4602 α
2162 4553 2287 4611 Ταῖς
2356 4547 2512 4622 χερσί
2593 4568 2698 4618 μου
2765 4547 2956 4610 νυκτὸς
3030 4549 3278 4609 ἐναντίον.
3340 4577 3369 4606 ››
3421 4589 3491 4599 --
3533 4558 3672 4613 Ἀπὸ

2030 4643 2216 4696 κοινοῦ
2243 4638 2305 4693 τὸ
2347 4635 2658 4710 ἐξεζήτησα.
2690 4641 2815 4698 Ταῖς
2871 4638 3026 4714 χερσὶ
3086 4637 3143 4694 δὲ
3188 4640 3303 4696 ἀντὶ
3356 4648 3472 4717 τοῦ,
3506 4646 3672 4723 αἶ’ρων

2033 4730 2127 4791 τὰς
2178 4732 2366 4803 χεῖρας
2439 4725 2516 4787 εἲς
2566 4728 2902 4801 προσευχήν.
2960 4729 3164 4791 Νυκτὸς
3219 4728 3294 4803 δὲ,
3353 4729 3492 4788 διότι
3548 4735 3672 4793 τότε

2036 4815 2372 4891 πανταχόθεν
2433 4811 2602 4870 ἄδεια.
2657 4815 2924 4870 Ἐναντίον
2985 4813 3043 4871 δὲ
3095 4815 3223 4888 ἤτοι
3278 4819 3507 4878 ἐνώπιον
3585 4825 3679 4880 αύ-

2033 4910 2152 4978 τοῦ,
2187 4905 2260 4966 ὡς
2310 4905 2481 4958 πάντα
2542 4901 2866 4977 βλέποντος,
2918 4904 3017 4960 οὐκ
3073 4907 3358 4980 ἠπατήθην
3419 4918 3513 4967 καῖ
3559 4920 3676 4977 ταῖς

2040 4993 2271 5063 ἐλπίσιν,
2305 4990 2472 5068 ἤγουν
2505 4993 2603 5047 οὐκ
2647 4993 2936 5069 ἠστόχησα
2985 4995 3182 5070 βοηθὸν
3238 4997 3460 5064 ἐλπίσας
3509 5002 3681 5079 εὑρεῖν

2040 5083 2219 5139 αὐτόν.

2111 5195 2141 5224 ‹‹
2176 5172 2510 5241 Ἀπηνήνατο
2568 5169 2986 5246 παρακληθῆναι
3045 5175 3080 5242 ἡ
3143 5176 3293 5252 ψυχή
3359 5200 3485 5251 μου,
3539 5205 3561 5232 ι,
3615 5215 3684 5224 ..-

2041 5259 2409 5336 ’Δπηγόρευσε
2462 5260 2910 5336 παρηγορηθῆναι
2972 5260 3022 5333 ἐξ
3077 5262 3366 5339 ἀνθρώπου
3426 5267 3545 5324 λίαν
3593 5272 3686 5347 βα-

2045 5361 2175 5428 ρυθυ
2183 5353 2377 5422 μοῦσα.

2115 5439 2421 5512 Ἐμνήσθην
2471 5441 2568 5492 τοῦ
2621 5440 2756 5492 Θεοῦ
2811 5437 2902 5492 καὶ
2959 5438 3280 5518 εὐφράνθην.
3314 5470 3343 5497 ››
3389 5480 3454 5492 --
3509 5448 3683 5505 Μόνον

2040 5526 2164 5582 τότε
2193 5527 2611 5603 παρηγορήθην,
2636 5525 2800 5580 ὁπότε
2829 5525 3104 5600 ἐμνήσθην
3133 5529 3216 5585 ὅτι
3251 5530 3465 5590 δύναται
3499 5536 3527 5590 ὁ
3556 5537 3686 5600 Θεὸς

2049 5615 2320 5694 βοηθῆσαί
2353 5636 2418 5688 με
2437 5637 2472 5673 ι.

2119 5729 2148 5760 ‹‹
2178 5702 2578 5783 Ἥδολέσχησα,
2609 5705 2699 5761 καὶ
2730 5703 3124 5785 ὠλιγοψύχησε
3150 5711 3211 5766 τὸ
3241 5717 3416 5788 πνεῦμ
3500 5736 3625 5790 μου.
3662 5741 3689 5769 ››

2049 5828 2119 5842 -
2157 5793 2463 5874 Ἐμελέτων
2523 5794 2575 5852 ἐν
2635 5795 2811 5874 ἐαυτῷ
2861 5795 2949 5855 καὶ
2997 5795 3304 5880 ἐφρόντιζον
3353 5807 3470 5869 πῶς
3517 5804 3696 5866 ἀπαλς
