3998 6428
132 433 281 495 1513

1332 430 1746 494 EXPOSITIO
1788 429 1868 490 IN
1914 428 2299 491 PSALMOS.

3354 430 3518 491 1514

192 565 362 640 Ἦχσς
403 568 504 633 τῆς
552 561 656 619 ὑπὸ
703 566 798 618 σοῦ
845 561 1154 634 κτισθείσης
1209 563 1479 640 βροντῆς,
1531 562 1583 616 ἐν
1634 560 1756 617 ἑκά-
1787 568 1845 634 Α
1884 554 2291 634 ἐϐεϐαιώθημεν
2364 558 2454 613 καὶ
2512 558 3068 638 ἐπληροφορήθημεν.
3126 557 3384 615 Βούλεται
3459 557 3521 616 δὲ

128 675 232 726 στῳ
260 650 459 729 ἅρματι
485 655 574 723 ἦν’
603 653 808 728 τροχὸς
836 652 942 728 γὰρ
970 651 1076 706 ἀπὸ
1112 650 1306 727 μέρους
1334 653 1397 706 τὸ
1429 650 1557 707 ὅλον
1609 652 1757 726 ἅρμα

125 742 387 812 κληθῆναι
419 740 658 811 δύναται,
692 742 778 819 ὑφ’
807 743 871 810 ἧς
902 738 968 811 δὴ
998 748 1097 811 τῆς
1133 742 1363 817 βροντῆς
1404 739 1756 815 ἐκταραχθέν-

124 852 226 886 των
254 835 358 887 τῶν
384 829 569 886 ’ίππων
619 827 963 900 συνεδέθησαν
1000 829 1275 900 ἀλλήλοις
1323 831 1375 885 οἰ
1418 828 1598 903 ἄξονες
1644 832 1752 884 τῶν

121 924 330 996 τροχῶν
376 919 466 975 καὶ
516 917 685 995 ἤγετο
737 919 870 993 μετᾶ
918 918 1039 995 βίας
1084 921 1121 989 ἡ
1170 918 1472 994 Αἰγύπτιος
1511 917 1752 993 στρατιά.

125 1009 281 1078 Φωνὴ
358 1006 417 1064 δὲ
489 1009 722 1086 βροντῆς
779 1007 869 1063 καὶ
921 1008 985 1062 τὸ
1042 1005 1390 1084 εύαγγελικὸν
1444 1008 1706 1083 κήρυγμα
1737 1053 1753 1079 ,

124 1096 195 1160 ὡς
232 1096 281 1169 ἐξ
327 1097 558 1174 ούρανοῦ
606 1098 740 1167 ἧκον
787 1096 877 1152 καὶ
926 1096 1002 1159 ὡς
1044 1097 1254 1173 στερεὸν
1300 1097 1392 1152 καὶ
1439 1095 1750 1167 ἐξάκουστον

118 1191 270 1242 πᾶσιν
297 1186 625 1264 ἀνθρώποις.
655 1186 867 1263 Τροχὸς
898 1183 955 1240 δὲ
987 1185 1015 1239 6
1043 1185 1253 1260 κόσμος
1301 1183 1393 1240 διὰ
1435 1185 1497 1239 τὸ
1528 1181 1750 1239 ἄστατον

119 1274 275 1330 αὐτοῦ
288 1320 300 1333 .

186 1387 215 1417 ‹‹
258 1370 489 1442 Ἔφαναν
547 1365 604 1419 αἱ
654 1361 921 1440 ἀστραπαί
974 1384 1069 1419 σου
1123 1362 1193 1438 τῇ
1249 1362 1562 1437 οἰκουμένῃ.
1611 1385 1642 1415 »
1683 1393 1754 1403 —-

70 1474 74 1479 '
118 1476 147 1505 «
174 1452 463 1532 Ἐφάνηςαν
514 1453 705 1509 ἅπασιν
757 1453 812 1507 αἱ
860 1450 1247 1529 λαμπρότητες
1289 1456 1399 1507 τῶν
1440 1450 1750 1526 θαυμασίων

118 1562 230 1599 σου.
262 1565 290 1595 ))

184 1655 212 1683 ‹‹
244 1629 539 1702 Ἐσαλεύθη
595 1632 685 1687 καὶ
751 1629 1013 1708 ἔντρομος
1070 1630 1295 1706 ἐγενήθη
1356 1633 1392 1700 ἡ
1596 1653 1625 1680 )›
1682 1663 1750 1672 ——

120 1743 142 1773 ι
174 1715 541 1799 Ἐφοϐήθησαν
572 1721 764 1782 πάνσες
793 1718 1070 1794 ἄνθρωποι
1100 1720 1205 1775 ἀπὸ
1232 1724 1329 1773 τοῦ
1361 1718 1620 1794 μεγέθους
1640 1722 1748 1773 τῶν

111 1807 394 1884 τεραστίων
426 1830 544 1868 σου.
578 1833 609 1861 ››

182 1921 210 1950 ι(
259 1898 347 1953 Ἐν
399 1901 468 1972 τῇ
523 1896 764 1972 θαλάσσῃ
799 1899 835 1969 ή
869 1895 993 1959 ὁδός
1049 1918 1165 1970 σου,
1195 1897 1285 1952 καὶ
1314 1898 1370 1951 αἱ
1419 1890 1598 1973 τρίϐοι
1652 1918 1749 1952 σου

114 1983 165 2040 ἐν
195 1983 342 2040 ὕδασι
388 1984 645 2048 πολλοῖς
694 1986 785 2041 καὶ
829 1986 899 2041 τὰ
927 1982 1052 2061 ἴχνη
1099 2006 1195 2041 σου
1252 1986 1681 2061 γνωσθήσονται.
1712 2010 1742 2039 ››

110 2073 347 2129 -Ἐπεὶ
387 2073 782 2149 προεπορεύετο
833 2072 1029 2151 Κύριος
1074 2078 1171 2128 τοῦ
1224 2072 1361 2129 λαοῦ
1407 2073 1603 2128 αὐτοῦ’
1658 2070 1746 2128 διὰ

107 2169 205 2232 τῆς
234 2159 507 2234 θαλάσσης
539 2160 597 2217 δέ
644 2161 965 2234 διελήλυθεν
1025 2163 1053 2216 6
1084 2160 1237 2233 λαὸς,
1290 2161 1379 2218 διὰ
1407 2169 1510 2233 τῆς
1540 2161 1745 2226 θαλάσ-

111 2272 209 2321 σης
264 2247 489 2307 ὥδευσεν
547 2251 576 2305 ὁ
629 2251 848 2324 Κύριος.
908 2250 984 2306 Τὰ
1039 2248 1170 2327 ἴχνη
1231 2248 1290 2306 δὲ
1340 2257 1440 2320 τῆς
1486 2250 1747 2323 τοιαύτης

103 2337 319 2415 πορείας
350 2361 446 2394 σου
496 2339 559 2395 οὗ
608 2341 986 2416 γινώσκονται,
1028 2337 1117 2395 διὰ
1154 2340 1217 2395 τὸ
1266 2346 1602 2415 συναχθῆναι
1647 2340 1748 2394 πά-

105 2426 192 2483 λιν
242 2429 303 2483 τὸ
359 2425 505 2505 ὕδωρ
564 2430 726 2501 ὁμοῦ,
774 2428 866 2484 καὶ
915 2430 1177 2499 ένωθῆναι
1220 2430 1320 2498 τὴν
1365 2429 1655 2486 θάλασσαν.
1687 2429 1745 2482 Ὀ

104 2516 330 2593 Χριστὸς
374 2513 432 2572 δὲ
470 2516 522 2572 ἐν
565 2520 636 2591 τῇ
685 2517 925 2593 θαλάσσῃ
966 2519 1067 2588 τὴν
1126 2515 1249 2573 ὁδὸν
1306 2517 1599 2588 ἐποιήσατο
1656 2515 1747 2573 ὅτε

102 2603 309 2674 ἀπῆλθε
365 2605 502 2682 πρὸς
555 2605 685 2668 τοὺς
746 2606 990 2678 μαθητὰς
1025 2651 1039 2677 ,
1095 2605 1332 2676 πεζεύων
1403 2604 1578 2661 ἐπάνω
1642 2613 1742 2675 τῆς

100 2691 392 2765 θαλάσσης.
424 2697 501 2748 Τὰ
538 2690 670 2769 ἷ¹χνη
699 2696 818 2749 καθ’
846 2692 1039 2758 ὕδατος
1069 2695 1132 2749 ού
1161 2695 1513 2752 συνίστανται.

174 2779 525 2859 «Ὡδήγησας
576 2783 654 2847 ὡς
708 2779 958 2859 πρόϐατα
1008 2785 1100 2840 τὸν
1156 2782 1288 2839 λαόν
1339 2805 1434 2838 σου
1492 2782 1545 2839 ἐν
1595 2784 1744 2860 χειρὶ

101 2877 301 2942 Μωϋσῆ
358 2871 449 2927 καὶ
506 2872 740 2949 ³Ααρών.
798 2896 829 2926 ››
884 2906 955 2917 -
998 2874 1086 2936 Ὡς
1141 2868 1388 2949 πρόϐατα
1444 2873 1580 2944 εἶπε,
1639 2894 1744 2942 ση-

110 2959 312 3033 μαίνων
363 2961 461 3030 τήν
509 2960 585 3022 εἰς
613 2960 810 3024 αὐτοὺς
856 2960 1192 3035 ἐπιμέλειαν,
1227 2961 1341 3017 ἐπεὶ
1384 2962 1476 3017 καί
1512 2961 1746 3034 ποιμαί-

98 3069 208 3103 νων
257 3048 351 3103 τὸν
402 3047 624 3125 Ἰσραὴλ
675 3048 1015 3123 ὀνομάζεται.
1069 3050 1362 3129 Στρέφεται
1412 3046 1471 3105 δὲ
1521 3052 1558 3120 ἡ
1616 3049 1745 3104 ἀνα-

99 3137 258 3213 γωγὴ
308 3141 406 3192 τοῦ
453 3141 622 3214 ρητοῦ
666 3138 805 3213 πρὸς
870 3138 934 3193 τὸ
980 3139 1271 3214 πρόσωπον
1313 3142 1412 3193 τοῦ
1464 3140 1598 3193 Θεοῦ
1652 3136 1742 3192 καὶ

103 3225 330 3301 ΙΙατρὸς,
363 3225 425 3281 οὗ
454 3225 568 3281 νέος
615 3225 747 3289 λαὸς
796 3228 825 3282 6
858 3226 1268 3309 .szcnmvac.
1299 3226 1428 3303 Χεὶρ
1477 3223 1535 3281 δὲ
1558 3229 1594 3296 ἠ
1628 3245 1747 3301 χει-

1877 650 2356 725 ἆπαριθμήσασθαι
2434 646 2530 711 τὰς
2619 651 2725 703 τῶν
2804 645 3081 704 Ἰουδαίων
3169 647 3468 726 εὺεργεσίας
3495 694 3516 718 ,

1871 737 1999 799 τοὺς
2055 736 2227 791 αὐτῶν
2286 735 2698 813 παροργισμοὺς
2754 736 2832 799 εἰς
2882 736 2974 792 τὸν
3034 735 3313 815 εὐεργέτην
3347 781 3362 808 ,
3418 739 3516 801 τὰς

1864 823 2101 889 ἐντεῦθεν
2134 823 2426 903 διαφόρους
2472 823 2718 888 παιδείας
2762 825 2852 880 καὶ
2881 825 3142 902 ἱατρείας,
3181 826 3266 903 ὑφ’
3304 827 3378 882 ὧν
3408 833 3511 896 τῆς

1860 913 2051 977 κακίας
2114 916 2187 987 μὴ
2250 909 2583 991 ἐκτριϐείσης
2639 913 2938 990 ἀναγκαίως
2997 911 3256 984 δηλονότι
3299 914 3365 970 τὸ
3408 922 3512 985 τῆς

1861 1002 2005 1066 θείας
2062 1002 2517 1080 ἐνανθρωπήσεως
2574 999 2747 1059 αἶ’τιον
2812 1002 2876 1059 τὸ
2933 1007 3163 1068 συνετῶς
3222 1001 3508 1079 παραδεί-

1861 1112 1920 1147 κν
1927 1113 2045 1147 υται
2053 1135 2067 1149 .

1935 1222 1964 1251 «
1994 1198 2093 1253 Καὶ
2150 1200 2204 1253 οἱ
2256 1200 2482 1276 πατέρες
2536 1202 2697 1274 ἡμῶν
2763 1196 3093 1276 διηγήσαντο
3150 1201 3310 1274 ἡμῖν.
3366 1222 3398 1254 ››
3434 1232 3507 1244 -

1861 1289 1925 1342 Οἱ
1984 1289 2081 1362 μὲν
2151 1289 2376 1365 πατέρες
2452 1287 2786 1365 διηγήσαντο
2854 1287 2990 1344 αὐτὰ
3040 1293 3157 1351 τοῖς
3213 1292 3509 1366 προσεχῶς

1857 1375 2066 1440 τέκνοις
2117 1376 2309 1432 αὐτῶν·
2356 1379 2425 1433 τὰ
2471 1375 2530 1433 δὲ
2563 1375 2724 1433 τέκνα
2767 1377 2868 1434 οὐκ
2907 1372 3140 1453 ἔκρυψαν
3190 1378 3323 1452 ἅπερ
3365 1374 3505 1452 ἔμα-

1861 1476 1952 1529 θον
2010 1466 2148 1542 πρὸς
2204 1466 2386 1542 ἑτέραν
2442 1468 2557 1540 μετ’
2614 1465 2809 1529 αὐτοὺς
2881 1465 3090 1542 γενεὰν,
3147 1465 3274 1524 ἀλλ’
3327 1465 3507 1541 ὁμοίω

1861 1551 2189 1631 διηγήσαντο
2237 1554 2371 1609 αὐτὰ
2416 1559 2535 1617 τοῖς
2578 1556 2717 1618 υἱοῖς
2765 1555 2962 1629 αὐτῶν,
3013 1555 3104 1610 καὶ
3155 1553 3299 1610 οὕτω
3346 1556 3507 1611 καθε-

1858 1645 1968 1715 ξῆς·
2002 1643 2173 1717 νόμος
2222 1645 2323 1722 γὰρ
2370 1648 2435 1713 ἦν
2479 1643 2677 1720 λέγων·
2718 1666 2741 1694 ι
2774 1641 3011 1715 Διδάξεις
3070 1643 3204 1699 αύτᾶ
3228 1649 3343 1707 τοῖς
3363 1645 3506 1707 υἱοῖς

1857 1751 1975 1802 σου,
2004 1731 2094 1786 καὶ
2116 1736 2234 1794 τοῖς
2264 1732 2402 1794 υἱοῖς
2434 1735 2540 1787 τῶν
2573 1733 2705 1786 υἱῶν
2736 1753 2854 1790 σου.
2882 1757 2913 1785 ››

1933 1869 1962 1897 ‹‹
2015 1845 2485 1924 Ἀπαγγέλλοντες
2554 1849 2653 1911 τὰς
2707 1848 2935 1912 αἰνέσεις
2986 1851 3086 1904 τοῦ
3152 1847 3357 1924 Κυρίου
3407 1849 3499 1905 καὶ

1776 1935 1949 2001 Βτᾶς
2002 1933 2313 1999 δυναστείας
2385 1935 2549 1991 αὐτοῦ
2619 1935 2711 1992 καὶ
2781 1938 2853 1993 τὰ
2919 1938 3191 2011 θαυμάσια
3244 1935 3410 1992 αὐτοῦ
3462 1936 3500 1993 ἃ

1854 2021 2103 2094 ἐποίησεν
2157 2066 2173 2081 .
2237 2025 2310 2080 Τὸ
2354 2069 2370 2096 ,
2422 2049 2453 2077 ‹‹
2523 2026 2577 2080 οἱ
2646 2026 2873 2102 πατέρες
2924 2028 3086 2099 ἡμῶν
3168 2023 3497 2103 διηγήσαντο

1852 2114 2012 2186 ἡμῖν,
2063 2136 2093 2165 ››
2150 2117 2230 2185 τῷ
2284 2110 2727 2190 ἀπαγγέλλοντες
2785 2113 3121 2171 συντάττεται
3172 2115 3289 2170 καθ’
3340 2115 3503 2194 ὑπερ-

1853 2194 2014 2256 ϐατόν
2075 2244 2088 2258 .
2150 2201 2391 2264 Δίνέσεις
2464 2199 2522 2257 δέ
2595 2224 2725 2280 φησι
2801 2203 2869 2258 τὰ
2939 2202 3122 2258 αἰνετᾶ
3195 2198 3328 2280 ἔργα
3398 2207 3499 2259 τοῦ

1854 2294 2009 2347 Θεοῦ.

1925 2402 1956 2448 ἔ(
1985 2395 2100 2453 Υἱοὶ
2156 2395 2552 2473 τεχθησόμενοι
2609 2397 2700 2453 καὶ
2746 2397 3138 2470 ἀναστήσονται
3192 2398 3282 2454 καὶ
3330 2402 3504 2477 ἀπαγ-

1851 2483 2107 2559 γελοῦσιν
2155 2485 2291 2541 αὐτὰ
2337 2490 2453 2549 τοῖς
2501 2487 2644 2550 υἱοῖς
2691 2486 2888 2545 αὐτῶν.
2936 2511 2964 2541 ››
3015 2520 3087 2531 --
3138 2487 3212 2542 Τὸ
3263 2487 3505 2561 ἀναστή-

1853 2593 2038 2628 σονται
2066 2574 2183 2629 ἀντὶ
2212 2577 2657 2651 γεννηθήσονται.

1924 2704 1953 2732 ‹‹
1986 2682 2103 2736 Ἵνα
2130 2685 2328 2736 αῶνται
2359 2680 2448 2737 ἐπὶ
2477 2682 2569 2738 τὸν
2616 2683 2745 2737 Θεὸν
2790 2683 2891 2752 τὴν
2941 2679 3139 2738 ἐλπίδα
3181 2682 3379 2755 αὐτῶν,
3409 2682 3500 2738 καὶ

1857 2769 1932 2841 μὴ
1965 2767 2327 2847 ἐπιλάθωνται
2378 2775 2484 2826 τῶν
2535 2766 2703 2849 ἔργων
2751 2776 2850 2827 τοῦ
2896 2776 3033 2827 Θεοῦ
3079 2772 3170 2827 καὶ
3216 2773 3316 2835 τὰς
3354 2771 3505 2828 ἐντο-

1852 2855 1953 2919 λὰς
1998 2856 2162 2913 αὐτοῦ
2209 2858 2599 2931 ἐκζητήσωσιν.
2648 2884 2681 2913 ››
2725 2892 2799 2905 -ο
2841 2858 3213 2924 Μανθάνοντες
3262 2858 3504 2934 δηλαδὴ,

1851 2943 1955 3000 ὅσα
2005 2947 2037 3001 6
2090 2946 2221 3009 Θεὸς
2277 2946 2644 3024 ἐπηγγείλατο
2706 2952 2824 3012 τοῖς
2897 2947 3209 3019 ἐλπίζουσιν
3272 2948 3354 3005 ἐπ’
3409 2948 3505 3005 αὖ·

1851 3033 1967 3092 τόν.

1926 3165 1956 3195 ‹‹
1988 3144 2145 3198 Γενεὰ
2169 3143 2293 3214 ήτις
2340 3132 2403 3199 ού
2454 3143 2752 3215 κατηύθυνε
2797 3146 2899 3215 τὴν
2948 3142 3173 3223 καρδίαν
3222 3143 3437 3216 ἐαυτῆς.
3471 3168 3502 3198 ››

1853 3260 1925 3273 —-
1951 3229 2062 3286 Οὐκ
2089 3226 2312 3306 ὤρθωσε
2360 3233 2460 3301 τὴν
2505 3230 2727 3309 καρδίαν
2769 3234 2986 3305 ἑαυτῆς,
3016 3233 3155 3290 ὥστε
3183 3231 3372 3297 ἁπλῶς
3404 3233 3496 3289 καὶ

107 3313 347 3391 ραγωγία
389 3314 479 3370 καὶ
526 3312 793 3391 ὁδήγησις
836 3302 934 3371 τοῦ
981 3320 1234 3392 Χριστοῦ’
1285 3314 1343 3378 ὅς
1390 3302 1500 3371 ἐστι
1542 3321 1745 3385 Μωώς
1777 3302 1820 3370 C
1861 3313 2094 3395 βεϐαίως
2118 3302 2405 3395 πιστεύειν,
2437 3302 2887 3399 ἀλλ”ἐσχολίαζε
2916 3302 3260 3392 διστάζουσα.

108 3401 205 3476 μέν
229 3402 302 3465 ὡς
330 3404 632 3477 νομοθέτης
659 3408 758 3459 τοῦ
788 3402 1145 3481 εὐαγγελικοῦ
1185 3404 1381 3480 νόμου,
1425 3405 1631 3482 Ἀαρὼν
1665 3402 1744 3474 δέ,

103 3491 183 3554 ὠς
225 3492 388 3569 μέγας
431 3493 740 3569 ἀρχιερεὺς,
800 3493 964 3558 θύσας
1021 3494 1205 3549 ἐαυτὸν
1263 3494 1395 3568 ὑπὲρ
1454 3497 1551 3549 τοῦ
1609 3491 1745 3550 λαοῦ

98 3600 286 3637 αυτου.

690 3692 989 3748 ΨΔΛΜΟΣ
1029 3695 1141 3748 OZ’.

175 3818 204 3849 «
236 3794 508 3858 Συνέσεως
557 3796 745 3874 Ἀσάφ.
785 3820 807 3848 ι
840 3830 910 3840 -
936 3796 1208 3860 Συνέσεως
1254 3797 1358 3873 γὰρ
1407 3794 1491 3853 δεῖ
1517 3797 1654 3875 πρὸς
1681 3798 1744 3852 τὸ

100 3888 303 3961 γνῶναι
335 3883 418 3940 ὅτι
450 3886 479 3940 6
501 3882 663 3940 Δαυῖδ
683 3886 963 3959 προσώπῳ
985 3890 1218 3961 Χριστοῦ
1238 3883 1394 3942 τόνδε
1411 3887 1503 3942 τὸν
1525 3885 1741 3961 ψαλμὸν

105 3974 250 4051 λέγει
279 3975 416 4050 πρὸς
443 3972 571 4037 τοὺς
598 3974 840 4037 πιστούς.

179 4064 565 4140 «Προσέχετε,
600 4062 730 4126 λαός
763 4085 887 4137 μου,
933 4069 1014 4137 τῷ
1057 4062 1215 4139 νόμῳ
1265 4086 1393 4139 μου,
1439 4063 1657 4120 κλίνατε
1684 4065 1745 4119 τὸ

103 4153 199 4215 οῦς
218 4140 381 4226 ὑμῶν
416 4153 491 4216 εἰς
521 4154 589 4208 τὰ
697 4173 838 4226 ματα
853 4158 951 4209 τοῦ
972 4153 1239 4227 στόματός
1264 4175 1388 4228 μου.
1414 4179 1442 4206 ››
1473 4187 1543 4197 -—-
1562 4153 1743 4228 Νόμον

102 4239 256 4317 λέγει
282 4242 376 4296 τὸν
405 4239 777 4318 εὐάγγελικόν.

178 4354 207 4384 ‹‹
239 4330 467 4402 ’Δνοίξω
518 4330 572 4386 ἐν
629 4326 971 4406 παραϐολαῖς
1026 4331 1090 4387 τὸ
1144 4330 1322 4406 στόμα
1380 4353 1488 4406 μου
1520 4351 1534 4364 '
1592 4330 1748 4410 φθέγ-

99 4418 265 4492 ξομαι
312 4414 684 4496 προϐλήματα
729 4420 820 4475 ἀπ’
864 4419 1065 4496 ἀρχῆς.
1115 4445 1144 4473 ››
1193 4453 1263 4463 —
1307 4421 1410 4483 Τὰς
1452 4418 1696 4498 εὐαγγελι
1728 4454 1752 4464 -

95 4508 200 4571 κάς
248 4502 567 4583 παραϐολὰς
616 4508 867 4583 ὠνόμασε
911 4509 1000 4564 καὶ
1047 4504 1454 4585 προϐλήματα.
1503 4509 1748 4581 Ληλοῦσι

96 4594 160 4651 δὲ
217 4597 309 4651 καὶ
363 4598 528 4676 ἄμφω
570 4599 635 4653 τὸ
693 4595 1106 4674 αἷνιγματῶδες’
1169 4597 1381 4672 μαλλον
1445 4599 1628 4673 μέντοι
1683 4599 1752 4653 τὰ

92 4675 479 4763 προϐλήματα
540 4686 766 4751 ἐνταῦθα
810 4687 946 4743 αὐτὰ
1001 4686 1254 4763 σημαίνει
1308 4688 1377 4743 τὰ
1429 4687 1753 4765 προκαλύμ-
1781 4675 1831 4738 D

97 4794 294 4848 ματα.
378 4773 681 4846 Δηλοῦνται
767 4773 825 4831 δέ
908 4774 997 4831 διὰ
1078 4776 1283 4832 τούτων
1370 4775 1756 4851 κεκαλυμμένα

92 4863 191 4920 καὶ
253 4863 540 4942 ἀπόκρυφα
595 4863 905 4940 πράγματα’
966 4864 1108 4920 οὕτω
1164 4866 1268 4940 γὰρ
1323 4866 1414 4921 καὶ
1463 4868 1492 4922 6
1532 4865 1757 4942 εὐαγγε-

94 4951 301 5022 λιστής
360 4954 640 5016 Ματθαῖος
686 4955 1017 5028 ἡρμήνευσε’
1072 4977 1100 5005 ‹‹
1164 4955 1473 5030 Φθέγξομαι
1525 4976 1758 5032 κεκρυμ-

98 5039 240 5115 μένα
296 5038 404 5095 άπὸ
459 5036 771 5111 καταϐολῆς
827 5042 1038 5116 κόσμου
1071 5062 1084 5075 ·
1146 5068 1173 5095 ››
1233 5043 1300 5098 τὰ
1366 5048 1467 5100 τοῦ
1524 5048 1757 5121 Χριστοῦ

91 5131 203 5205 γὰρ
266 5130 685 5204 οἷκονομήματά
727 5152 786 5186 τε
830 5132 919 5186 καὶ
968 5133 1365 5209 κατορθώματα
1412 5133 1759 5208 κεκρυμμένα

91 5219 240 5288 ἦσαν
303 5218 395 5274 ἀπ’
451 5218 662 5283 αἰῶνος
718 5224 880 5276 τοῦτο
934 5223 1036 5298 γὰρ
1093 5221 1346 5296 σημαίνει
1403 5223 1466 5277 τὸ
1522 5221 1613 5277 ἀπ’
1673 5222 1763 5296 ἀρ·

90 5313 233 5383 χῆς·
278 5306 315 5361 ἆ
364 5304 432 5377 δὴ
492 5307 655 5371 αὐτὸς
702 5309 731 5364 6
777 5310 1008 5385 Χριστὸς
1060 5309 1341 5387 ἐσθέγξατο
1390 5310 1481 5365 καὶ
1531 5309 1759 5386 εὐηγγε-

94 5394 324 5452 λίσατο.

176 5506 207 5534 ‹‹
234 5486 374 5540 ’Ὀσα
402 5483 712 5560 ἠκούσαμεν
760 5484 849 5540 καί
897 5487 1139 5562 ἐγνωμεν
1190 5485 1342 5545 αὐτά.
1378 5510 1407 5539 ››
1446 5519 1517 5531 --
1543 5486 1614 5542 Τὸ
1661 5484 1762 5542 ὅσα

87 5573 218 5628 καθ’
278 5572 465 5628 ἑαυτὸν
520 5573 890 5649 ἀναγνωστέον
964 5578 1340 5649 θαυμαστικῶς
1369 5622 1383 5649 ,
1451 5575 1592 5631 ώσάν
1625 5595 1638 5608 °
1696 5578 1762 5629 Ὢ

89 5660 250 5717 πόσα
293 5660 605 5737 ἠκούσαμεν
657 5665 804 5739 παρά
848 5685 906 5718 τε
950 5668 1057 5719 τῶν
1092 5663 1249 5719 θείων
1291 5669 1536 5743 Γραφῶνο
1567 5663 1760 5720 Ἠκού-

91 5770 276 5831 σαμεν
329 5748 388 5807 δὲ
435 5751 552 5806 εἶπε
597 5749 687 5807 διὰ
726 5753 790 5807 τὸ
838 5751 1201 5831 πρόσλημμα·
1233 5750 1471 5832 ἔγνωμεν
1531 5750 1589 5809 δὲ
1644 5751 1762 5810 ἀντὶ

401 5880 666 5947 Ριτιιοι.
715 5881 825 5945 Gn.
872 5880 1100 5947 CXLII.

1929 3458 1959 3489 «
1988 3437 2087 3491 Καὶ
2144 3436 2243 3492 ούκ
2302 3436 2574 3509 ἐπιστώθη
2639 3438 2773 3513 μετὰ
2824 3442 2923 3494 τοῦ
2987 3443 3122 3494 Θεοῦ
3170 3440 3235 3495 τὸ
3289 3442 3506 3514 πνεῦμα

1854 3524 2044 3596 αὐτῆς.
2077 3550 2106 3579 ››
2140 3560 2208 3570 -
2237 3526 2311 3582 Οὐ
2336 3528 2501 3596 πιστή
2533 3525 2743 3603 ἐγένετο
2773 3530 2808 3599 ἡ
2841 3529 2994 3605 ψυχὴ
3043 3527 3207 3584 αὐτοῦ
3243 3528 3380 3608 πρὸς
3406 3530 3499 3586 τὸν

1854 3615 1981 3670 Θεὸν
2012 3614 2102 3671 καὶ
2130 3614 2257 3697 τοὺς
2288 3613 2491 3692 λόγους
2522 3615 2707 3675 αὐτοῦ.

1928 3744 1957 3775 ‹‹
1985 3722 2107 3776 Υἱοὶ
2160 3722 2399 3800 Ἐφραῒμ
2452 3721 2772 3786 ἐντείνοντες
2844 3724 2936 3779 καὶ
2997 3722 3292 3801 βάλλοντες
3338 3723 3493 3801 τόξον

1854 3811 2188 3889 ἐστράφησαν
2246 3811 2298 3866 έν
2352 3812 2535 3888 ἡμέρᾳ
2598 3811 2847 3887 πολέμου
2879 3853 2894 3868 .
2952 3814 3017 3867 Οἱ
3089 3813 3343 3891 ἀπόγονοι
3396 3816 3499 3871 τοῦ

1852 3900 2090 3976 Ἐφραὶμ
2117 3900 2169 3954 οἱ
2201 3898 2521 3964 ἐντείνοντες
2564 3900 2693 3974 τόξα
2737 3900 2826 3957 καί
2878 3900 3171 3978 βάλλοντες
3214 3904 3275 3959 ἐκ
3299 3904 3495 3975 τόξων,

1854 3988 2208 4067 ἐστράφησαν,
2239 3986 2502 4045 δεδώκασι
2543 3993 2688 4045 νῶτα
2733 3989 3040 4070 φεύγοντες.
3089 3990 3267 4069 Δηλοῖ
3313 3989 3372 4048 δὲ
3410 3990 3502 4048 διὰ

1852 4084 1954 4148 τῆς
1998 4082 2096 4133 τοῦ
2145 4079 2383 4156 Ἐφραῖμ
2428 4085 2607 4157 φυλῆς
2654 4078 2747 4135 καὶ
2793 4080 2890 4144 τὰς
2938 4079 3114 4144 ἄλλας
3162 4079 3335 4160 φυλὰς
3380 4077 3501 4137 ὅσαι

1857 4163 2396 4244 εἰδωλολατρήσασαι
2441 4165 2812 4245 παρεδόθησαν
2872 4174 2991 4233 τοῖς
3048 4169 3268 4247 ἐχθροῖς
3304 4169 3501 4226 αὐτῶν·

1855 4257 1891 4324 ἡ
1922 4256 2025 4331 γὰρ
2057 4255 2203 4334 φυλή
2231 4260 2329 4312 τοῦ
2360 4255 2596 4333 Ἐφραίμ
2640 4259 2760 4313 υἱοῦ
2790 4259 2994 4338 Ἰωσὴφ
3039 4257 3366 4334 τοξικωτέρα
3391 4262 3507 4315 τῶν

1858 4339 2044 4399 ἄλλων
2064 4345 2132 4414 ἦν
2163 4346 2253 4400 καὶ
2283 4344 2334 4400 ἐν
2362 4344 2631 4420 πολέμοις
2660 4347 3074 4424 χρησιμωτέρα.

1935 4471 1959 4501 ι
1989 4449 2100 4506 Ούκ
2123 4450 2385 4530 ἐφύλαξαν
2412 4453 2512 4523 τὴν
2565 4449 2826 4524 διαθήκην
2875 4457 2972 4508 τοῦ
3019 4457 3173 4511 Θεοῦ.
3207 4477 3237 4507 ››
3270 4486 3340 4496 —
3380 4453 3507 4509 Ἐν-

1856 4541 2022 4595 ταῦθα
2074 4541 2139 4595 τὸ
2189 4548 2291 4610 τῆς
2345 4540 2519 4613 ἥττης
2574 4539 2745 4598 αἴτιον
2804 4539 3071 4621 διασαφεῖ.
3118 4543 3389 4613 Διαθήκην
3447 4538 3508 4597 δὲ

1861 4627 2006 4704 λέγει
2058 4629 2153 4692 τὰς
2205 4632 2469 4702 συνθήκας
2502 4677 2516 4704 ,
2573 4630 2635 4694 ἃς
2689 4628 2961 4710 διαφόρως
3019 4622 3310 4701 ἐποιήσατο
3373 4629 3510 4705 μετὰ

1859 4722 1967 4773 τῶν
1993 4713 2257 4794 Ἐϐραίων
2308 4721 2336 4775 6
2383 4720 2535 4794 Θεὸς,
2584 4721 2730 4796 ἄγων
2777 4720 2970 4783 αὐτοὺς
3025 4719 3101 4782 εἰς
3126 4721 3225 4789 τὴν
3279 4726 3383 4796 γῆν
3408 4721 3509 4789 τῆς

1862 4805 2208 4883 ἐπαγγελίας
2240 4807 2407 4881 νόμον
2441 4805 2500 4863 δὲ
2526 4808 2624 4871 τὰς
2656 4807 2898 4872 ἐντολάς.

1942 4936 1964 4966 ι
1997 4914 2096 4969 Καὶ
2146 4913 2476 4980 ἐπελάθοντο
2524 4920 2632 4970 τῶν
2687 4914 3002 4992 εὐεργεσιῶν
3052 4914 3219 4971 αὐτοῦ
3268 4913 3358 4970 καὶ
3401 4917 3512 4970 τῶν

1864 5002 2175 5077 θαυμασίων
2226 5002 2411 5077 αὐτοῦ,
2458 5005 2530 5058 ῶν
2582 5000 2774 5076 ἔδειξεν
2826 5002 3034 5067 αὐτοῖς.
3084 5027 3112 5057 ››
3164 5037 3236 5048 —
3281 5002 3516 5078 Θαυμά-

1867 5113 1956 5147 σια
2002 5091 2147 5168 λέγει
2195 5092 2292 5154 τὰς
2336 5097 2444 5147 τῶν
2494 5092 2810 5168 Αἰγυπτίων
2861 5091 3080 5170 πληγὰς
3129 5092 3221 5149 καὶ
3265 5093 3357 5148 τὸν
3391 5090 3515 5148 ὄλε-

1865 5182 1991 5256 θρον
2023 5179 2222 5238 αὐτῶν.
2281 5178 2487 5252 Ἔδειξε
2536 5179 2595 5236 δὲ
2644 5181 2830 5244 αὐτοῖς
2876 5186 3045 5237 ταῦτα
3095 5178 3185 5237 διὰ
3229 5188 3332 5253 τῆς
3377 5181 3516 5256 πρὸς

1865 5267 2061 5332 αὐτοὺς
2087 5266 2437 5332 διδασκαλίας
2463 5274 2571 5325 τῶν
2600 5270 2848 5347 πατέρων
2877 5272 3077 5330 αὑτῶν.

1942 5400 1971 5429 ‹‹
2016 5375 2286 5432 Ἐναντίον
2343 5381 2451 5432 τῶν
2501 5378 2747 5450 πατέρων
2804 5378 2978 5433 αὑτῶν
3039 5377 3074 5433 ἃ
3123 5376 3345 5450 ἐποίησε
3394 5379 3518 5433 θαυ-

1874 5465 2038 5540 μάσια
2084 5466 2136 5521 ἐν
2185 5468 2256 5540 γῇ
2303 5465 2563 5543 Αἰγύπτῳ
2618 5465 2671 5521 έν
2725 5464 2898 5540 πεδίῳ
2943 5466 3177 5531 Τάνεως.
3238 5492 3270 5521 ››
3323 5500 3394 5511 —-
3447 5468 3513 5522 Ἣ

1866 5557 2024 5617 Τάνις
2091 5554 2258 5617 πόλις
2320 5557 2386 5625 ἦν
2456 5556 2798 5632 Αἰγυπτιακὴ
2865 5556 2917 5612 ἐν
3056 5563 3155 5614 τοῦ
3201 5557 3404 5634 Φαραὼ
3450 5556 3521 5612 τὰ

1875 5642 2143 5720 βασίλεια.

1946 5776 1976 5806 (ι
2025 5750 2363 5830 Παρέστησεν
2417 5750 2584 5814 ὕδατα
2612 5796 2625 5811 .
2680 5778 2708 5807 ››
2766 5787 2837 5799 --
2882 5754 2953 5811 Τὸ
3010 5755 3342 5837 παρέστησεν
3402 5749 3525 5812 ἀντὶ

3157 5882 3237 5954 48
