3998 6440
119 474 276 536 1517

1334 470 1749 579 ΕΧΡρΞῙΤΙΟ
1789 473 1868 535 ΙΝ
1912 470 2298 535 PSALMOS.

3354 470 3513 534 1518

185 628 216 657 ‹‹
249 603 360 660 Οὔκ
412 600 753 675 ἐμνήσθησαν
806 608 908 674 τῆς
967 604 1153 680 χειρὸς
1214 602 1398 674 αὐτοῦ,
1430 603 1640 681 ἡμέρας
1686 606 1754 673 ἧς
1783 605 1935 678 Αρα
1992 603 2164 666 οὕτως
2219 604 2552 678 ὠνόμασται,
2610 602 2929 679 προπάτορα
2993 601 3111 677 εἶχε
3187 602 3280 657 τὸν
3359 602 3508 676 Χάμ.

115 692 462 769 ἐλυτρώσατο
502 691 698 755 αὐτοὺς
741 692 800 747 ἐκ
851 692 1039 768 χειρὸς
1089 686 1396 755 θλίϐοντος.
1452 716 1481 744 ››
1530 726 1600 736 --
1655 690 1765 746 Ούκ

114 781 460 856 ἐμνήσθησαν
535 788 637 851 τῆς
722 779 998 854 δυνάμεως
1064 779 1249 854 αὐτοῦ,
1309 779 1399 835 καί
1463 787 1563 850 ἧς
1623 779 1763 853 ἡμέ-

113 891 209 947 ρας
261 870 378 924 καθ’
423 870 486 939 ἣν
537 868 880 946 ἐλυτρώσατο
929 866 1123 931 αὐτοὺς
1192 867 1251 924 ἐκ
1295 875 1397 939 τῆς
1447 865 1762 945 τυραννίδος

113 962 213 1014 τοῦ
244 957 468 1033 Φαραώ.

187 1070 217 1100 ‹‹
248 1048 337 1109 Ὧς
384 1044 532 1110 ἔθετο
582 1044 633 1101 ἐν
681 1044 943 1120 Αἰγύπτῳ
988 1044 1055 1099 τὰ
1099 1050 1301 1119 σημεῖα
1350 1044 1515 1099 αὐτοῦ
1559 1045 1650 1099 καὶ
1696 1043 1764 1099 τὰ

116 1133 311 1212 τέρατα
355 1133 518 1189 αὐτοῦ
567 1132 618 1189 ἐν
668 1130 840 1206 πεδίῳ
884 1132 1115 1195 Τάνεως.
1150 1157 1179 1185 ››
1222 1164 1292 1176 —-
1334 1132 1444 1188 Οὐκ
1489 1131 1763 1205 ἐμνήσθη-

114 1243 208 1279 σαν
265 1227 386 1286 πῶς
439 1221 590 1278 ἔθετο
651 1222 703 1277 ἐν
760 1221 1019 1299 Δῗγύπτῳ
1075 1222 1141 1277 τὰ
1192 1227 1396 1295 σημεῖα
1450 1220 1615 1277 αὐτοῦ
1670 1221 1761 1276 καὶ

119 1311 469 1389 μετέστρεψεν
500 1312 578 1376 εἰς
610 1313 762 1386 αἷμα·
793 1310 886 1367 τὰν
917 1311 1113 1368 Νεῖλον
1139 1310 1229 1368 καί
1262 1311 1332 1367 τά
1379 1312 1578 1367 ἐκεῖθεν
1634 1331 1761 1384 μετ-

117 1400 509 1476 οχετευόμενος
569 1399 755 1478 ῥεῖθρα
808 1399 1093 1474 ποταμούς
1161 1420 1342 1478 φησιν’
1430 1394 1768 1473 ὀμϐρήματσ.

116 1486 174 1545 δὲ
194 1489 288 1553 τὰς
320 1486 629 1563 δεξαμενάς.
659 1489 841 1545 Εἰπὼν
884 1486 944 1553 δὲ
996 1488 1047 1544 ἐν
1103 1488 1362 1565 Αἰγύπτῳ
1417 1488 1657 1564 ἐπήγαγε
1699 1487 1762 1543 τὸ

111 1578 287 1635 αὐτῶν
319 1576 445 1649 ἤτοι
476 1583 581 1634 τῶν
616 1578 951 1654 Αἰγυπτίων.

185 1709 214 1738 ‹‹
245 1682 644 1756 Ἐξαπέστειλεν
699 1684 774 1747 εἷς
831 1684 1025 1746 αὐτοὺς
1082 1684 1402 1758 κυνόμυιαν,
1464 1683 1554 1740 καὶ
1603 1682 1766 1739 κατέ-ι

115 1794 279 1852 φαγεν
341 1772 559 1837 αὐτούς.
611 1798 641 1826 ››
699 1808 767 1819 -
822 1774 895 1829 Οὐ
951 1774 1134 1845 τίθησι
1188 1775 1286 1837 τὰς
1343 1772 1570 1849 πληγὰς
1622 1773 1761 1828 κατὰ

109 1864 279 1936 τάξιν.
310 1864 375 1919 Ἦ
426 1862 695 1937 κυνόμυιά
752 1862 892 1918 ἐστιν
949 1862 1112 1939 ἀγρία
1171 1867 1303 1936 μυῖα
1358 1862 1447 1917 καὶ
1504 1858 1754 1932 ἀναιδής.

109 1952 180 2005 Τὸ
229 1948 290 2006 δὲ
339 1950 612 2029 κατέφαγε
666 1955 1122 2027 καταχρηστικῶς
1203 1948 1413 2026 εἷ’ρηκεν
1481 1949 1600 2005 ἀντὶ
1663 1952 1759 2004 τοῦ
1787 1969 1837 2034 Β

112 2038 396 2097 κατέδακεν
409 2085 423 2098 .

184 2154 213 2184 ‹‹
242 2130 343 2185 Καὶ
377 2130 669 2205 βάτραχον,
700 2128 790 2185 καὶ
842 2126 1135 2207 διέφθειρεν
1185 2126 1400 2190 αὐτούς.
1442 2149 1474 2180 ››
1506 2160 1575 2171 —
1602 2124 1757 2182 Ἐλυ-

114 2220 323 2293 μήνατο
355 2215 561 2273 δάκνων
591 2217 681 2273 καὶ
728 2215 889 2281 αὒτὸς
936 2218 1026 2272 καὶ
1075 2217 1168 2280 τὰς
1215 2216 1343 2293 ῥοὰς
1389 2214 1750 2293 προαρπάζων

109 2308 202 2364 καὶ
230 2306 407 2378 πάσης
438 2306 633 2377 ἀηδίας
666 2305 977 2380 ἐμπιπλῶν.

185 2395 349 2454 «Καὶ
407 2393 602 2450 ἔδωκεν
659 2398 729 2469 τῇ
788 2389 1008 2469 ἐρυσίϐῃ
1062 2392 1189 2455 τοὺς
1245 2392 1488 2468 καρποὺς
1551 2394 1748 2465 αὐτῶν,

105 2486 201 2542 καὶ
275 2484 403 2548 τοὺς
484 2483 680 2547 πόνους
758 2483 931 2541 αὐτῶν
996 2487 1065 2558 τῇ
1122 2481 1324 2560 ἀκρίδι.
1383 2508 1413 2537 ››
1473 2517 1540 2527 -
1595 2478 1750 2560 Ἐρυ-

104 2570 235 2646 σίϐη
293 2576 440 2629 ποιεῖ
490 2573 566 2636 ὡς
620 2570 956 2649 κονιορτώδη
1007 2571 1206 2650 φθορὰν
1245 2593 1352 2628 των
1401 2570 1745 2649 σπερμάτωνο

99 2664 167 2720 τὸ
221 2664 320 2740 γὰρ
378 2660 684 2731 ἐπικαθίζον
740 2666 861 2724 τοῖς
904 2665 1132 2736 καρποῖς
1160 2658 1450 2736 παχνῶδες
1506 2660 1597 2716 καὶ
1651 2681 1747 2715 κα-

97 2756 319 2808 τακαῖον
378 2750 593 2824 αὐτοὺς,
655 2750 828 2806 ἐκεῖνό
884 2770 1046 2827 φησιν
1103 2750 1131 2804 ὁ
1174 2747 1504 2827 Ἡρωδιανὸς
1566 2748 1744 2825 ἐρυσί-

105 2836 209 2913 ϐην
219 2884 234 2900 .

175 2954 205 2983 ιι
239 2928 575 2985 Ἀπέκτεινεν
612 2926 664 2984 ἐν
720 2926 938 3003 χαλάζῃ
992 2930 1091 2999 τὴν
1148 2927 1394 2997 ἄμπελον
1425 2926 1623 2997 αὐτῶν,
1652 2925 1742 2981 καὶ

97 3019 195 3082 τὰς
250 3016 579 3092 συκαμίνους
635 3016 809 3073 αὐτῶν
868 3016 921 3072 ἐν
975 3016 1046 3092 τῇ
1100 3017 1301 3092 πάχνῃ.
1334 3040 1365 3070 ››
1398 3048 1469 3060 -—-
1524 3018 1743 3071 Ἐναπε-

98 3108 358 3184 νέκρωσεν
393 3106 469 3170 εἰς
497 3105 880 3182 καρπογονίαν.
988 3111 990 3115 ⁷

178 3221 207 3251 ‹‹
253 3196 352 3252 Καὶ
409 3193 720 3272 παρέδωκεν
778 3194 854 3257 εἰς
908 3192 1152 3269 χάλαζαν
1207 3193 1276 3250 τὰ
1333 3194 1506 3264 κτήνη
1565 3191 1740 3248 αὐτῶν

103 3285 196 3343 καὶ
243 3285 340 3354 τήν
400 3282 621 3360 ὕπαρξιν
680 3283 854 3338 αὐτῶν
913 3282 1063 3359 πυρί.
1097 3306 1126 3336 ››
1164 3315 1235 3325 —
1286 3283 1540 3357 Ὕπαρξιν
1594 3279 1738 3358 λέγει

108 3375 209 3444 τήν
238 3381 426 3444 κτῆσιν
455 3374 555 3442 τήν
588 3370 917 3444 ὁθενδήποτε
944 3376 1246 3448 προσοῦσαν
1277 3370 1481 3435 αὐτοῖς.

182 3505 212 3534 ‹‹
244 3478 637 3551 Ἐξαπέστειλεν
671 3477 746 3541 εῗς
791 3477 986 3541 αὐτοὺς
1046 3478 1216 3555 ὀργὴν
1266 3480 1442 3552 θυμοῦ
1497 3476 1679 3534 αὐτοῦ.
1716 3501 1745 3530 ››

105 3603 180 3614 —-
208 3570 404 3646 Ὀργήν
437 3572 611 3641 θυμοῦ
650 3567 817 3623 εἰπὼν
860 3569 962 3637 τὴν
1010 3565 1242 3646 σφοδράν
1291 3565 1563 3639 ἐδήλωσεν
1612 3566 1746 3642 ἀγα-

102 3659 379 3731 νάκτησιν,
437 3657 526 3713 καὶ
586 3654 656 3711 δι’
712 3655 877 3725 αὐτῆς
921 3657 1018 3719 τάς
1074 3655 1345 3731 τιμωρίας
1400 3653 1557 3731 α’ίπερ
1614 3655 1748 3724 ἦσαν

100 3750 203 3817 τῆς
231 3746 375 3808 θείας
406 3745 817 3823 ἀγανακτήσεως
846 3743 1212 3817 ἀποτέλεσμα.

180 3859 204 3887 α
237 3834 416 3908 Θυμόν
449 3834 539 3889 καὶ
592 3834 761 3910 ὀργήν
805 3834 894 3888 καὶ
944 3832 1155 3907 θλίψιν,
1182 3830 1493 3902 ἀποστολὴν
1547 3829 1599 3887 δι
1654 3832 1749 3907 ἀγ-

100 3922 274 4000 γέλων
324 3927 597 3997 πονηρῶν.
634 3946 656 3975 ι
708 3956 776 3966 —
818 3923 998 3997 Θυμὸν
1051 3923 1144 3995 μὶν
1192 3943 1352 3993 ηττον
1405 3919 1747 3993 κολαζούσης

102 4011 373 4087 τιμωρίας
431 4009 664 4089 εἴρηκεν,
727 4010 893 4087 ὀργὴν
950 4008 1008 4065 δὲ
1070 4011 1167 4073 τάς
1249 4008 1461 4083 μᾶλλον
1536 4007 1746 4084 θλίψεις

105 4100 461 4175 έμποιούσας,
492 4098 676 4175 θλίψιν
740 4097 799 4155 δὲ
851 4100 948 4163 τάς
1003 4096 1082 4155 ἔτι
1138 4097 1520 4178 σφοδροτέρας·
1576 4119 1747 4169 πονη-

110 4188 235 4266 ροὺς
268 4186 324 4245 δὲ
351 4186 634 4264 ξάγγέλους
678 4188 808 4251 τοὺς
860 4188 1060 4251 πόνους
1114 4187 1474 4262 ἐμποιοῦντας
1531 4186 1745 4266 ἔφησεν,

104 4275 231 4347 ἤτοι
260 4276 396 4342 τοὺς
423 4274 802 4340 κολαστικούς.

181 4390 210 4419 (ι
241 4366 350 4421 Οὐκ
405 4364 652 4444 ἐφείσατο
702 4365 808 4421 ἀπὸ
849 4364 1075 4422 θανάτου
1104 4369 1212 4420 τῶν
1244 4368 1436 4440 ψυχῶν
1491 4363 1684 4419 αὐτῶν.
1719 4386 1749 4415 ››

102 4486 178 4502 -
231 4455 340 4511 Οὐκ
390 4453 635 4534 ἐφείσατο
687 4460 794 4511 τῶν
851 4459 1042 4532 ψυχῶν
1104 4454 1276 4510 αὐτῶν
1351 4454 1457 4509 ἀπὸ
1524 4450 1751 4508 θανάτου

103 4543 246 4601 ὥστε
298 4546 373 4619 μὴ
422 4546 746 4601 θανατῶσαι.
801 4543 961 4619 Λέγει
1016 4539 1074 4598 δὲ
1129 4542 1254 4619 περὶ
1311 4547 1418 4598 τῶν
1476 4541 1755 4619 πρωτοτό-

104 4656 223 4690 κων
236 4678 249 4693 ι

1942 717 1971 744 ‹‹
2004 693 2103 748 Καὶ
2159 692 2361 767 ἀπῆρεν
2412 693 2487 756 ὡς
2543 687 2789 767 πρόϐατα
2842 690 2933 747 τὸν
2993 690 3122 746 λαὸν
3174 690 3359 747 αὐτοῦ.
3408 691 3512 746 Καὶ

1872 781 2131 857 ἀνήγαγεν
2210 780 2404 843 αὐτοὺς
2502 780 2633 835 ὡσεὶ
2706 780 2961 854 ποίμνιον
3050 778 3102 834 ἐν
3184 778 3399 855 ἐρήμῳ.
3478 802 3509 833 ››

1869 902 1940 911 —
1966 871 2270 946 ’Δπήγαγεν
2301 867 2496 932 αύτούς
2551 868 2611 925 ἐκ
2664 875 2767 939 τῆς
2828 865 3101 945 Αἰγύπτου
3157 864 3373 944 ὁδηγῶν
3418 867 3514 924 καὶ

1869 956 2139 1033 περιέπων
2172 957 2247 1020 ὡς
2276 959 2491 1032 ποιμὴν
2524 951 2788 1032 πρόϐατα.

1942 1070 1970 1103 ιι
2004 1046 2106 1103 Καὶ
2151 1043 2437 1123 ὡδήγησεν
2482 1045 2678 1109 αὐτοὺς
2722 1046 2805 1102 ἐπ’
2849 1043 3053 1117 ἐλπίδι,
3094 1044 3186 1101 καὶ
3233 1042 3333 1101 οὐκ
3384 1041 3519 1101 ἐδει-

1872 1133 2082 1191 λίασαν’
2142 1138 2233 1191 καὶ
2287 1136 2414 1198 τοὺς
2472 1134 2702 1212 ἐχθροὺς
2756 1134 2931 1190 αὐτῶν
3006 1133 3244 1209 ἐκάλυψε
3316 1131 3516 1190 θάλασ-

1872 1244 1955 1282 σα.
2017 1247 2047 1275 ››
2104 1223 2521 1301 -¹Ὧδήγησεν
2580 1223 2774 1287 αὐτοὺς
2847 1223 3238 1301 ἐξερχομένους
3317 1221 3373 1277 ἐν
3446 1227 3514 1293 τῆ

1869 1312 2060 1388 πρώτῃ
2112 1313 2281 1369 νυκτί·
2360 1312 2443 1368 ἐπ’
2518 1310 2702 1368 ἐλπίδι
2772 1310 2830 1368 δὲ
2900 1318 3004 1383 τῆς
3069 1312 3207 1389 πρὸς
3264 1305 3519 1388 ’Δϐραὰμ

1872 1400 2213 1478 ἐπαγγελίας.
2264 1402 2376 1458 Οὐκ
2438 1400 2741 1459 ἐδειλίασαν
2791 1399 2851 1457 δὲ
2898 1401 2951 1456 ἐν
2995 1407 3064 1471 τῆ
3114 1399 3263 1457 νυκτῖ
3318 1399 3514 1475 ἐκείνῃ·

1871 1489 2088 1565 ὕστερον
2119 1492 2223 1568 γὰρ
2252 1490 2343 1547 καὶ
2370 1491 2510 1547 πάνυ
2540 1489 2849 1549 ἐδεδίεισαν.

1945 1601 1974 1631 (ι
2005 1579 2101 1634 Καὶ
2149 1580 2426 1657 εἰσήγαγεν
2477 1579 2671 1643 αὐτοὺς
2719 1579 2798 1642 εἰς
2856 1574 2985 1656 ὄρος
3038 1578 3369 1655 ἀγιάσμαιτος

1867 1672 1985 1724 τοῦ.
2017 1691 2047 1722 ››
2081 1701 2150 1711 —-
2178 1674 2340 1744 Ὅρος
2395 1669 2541 1745 λέγει
2593 1670 2657 1724 τὸ
2705 1673 2872 1724 Σιῶνο
2931 1667 3262 1745 ἀγιάσματος
3318 1664 3377 1721 δὲ
3432 1667 3511 1730 ὡς

1868 1754 2339 1830 ἀπονενεμημένον
2412 1763 2480 1827 τῆ
2556 1752 2797 1813 κιϐωτῶ·
2864 1756 3066 1826 ταύτην
3114 1757 3220 1833 γὰρ
3279 1754 3509 1813 ἐκάλουν

1870 1844 2131 1920 ἀγίασμα.

1943 1957 1966 1984 ι
1999 1934 2163 2009 Ὄρος
2191 1938 2355 1989 τοῦτο
2394 1934 2424 1989 ὃ
2471 1932 2731 2005 ἐκτήσατο
2777 1936 2813 2004 ἡ
2865 1930 3009 2004 δεξιᾶ
3050 1933 3235 1991 αὐτοῦ.
3265 1956 3295 1986 ››
3325 1965 3396 1978 -—
3440 1933 3511 1993 Ἦ

1869 2020 2127 2094 ἐκτήσατο
2158 2021 2267 2098 οὐχ
2294 2025 2329 2093 ἡ
2362 2020 2553 2100 ἀνδρία
2579 2026 2676 2079 τοῦ
2705 2021 2863 2092 λαοῦ,
2895 2020 3024 2078 ἀλλ’
3050 2025 3088 2093 ἡ
3133 2019 3362 2097 δύναμις
3411 2024 3512 2077 τοῦ

1865 2116 2020 2167 Θεοῦ.

1934 2225 1965 2253 ‹‹
1997 2198 2096 2256 Kal
2167 2196 2410 2272 ἐξέλαϐεν
2490 2201 2595 2256 ἀπὸ
2669 2200 2966 2277 προσώπου
3032 2198 3205 2256 αὐτῶν
3264 2196 3414 2270 ἔθνη.
3479 2221 3510 2251 ››

1862 2323 1931 2335 -
1994 2291 2160 2345 Ἐπτά
2233 2286 2383 2361 ἔθνη,
2455 2289 2794 2360 Χειτταίους,
2865 2287 3235 2365 Γεργεσαίους,
3308 2286 3512 2365 ’Δμορ-

1862 2378 2069 2455 ῥσέους,
2120 2379 2471 2453 Χαναναίους,
2505 2377 2852 2455 Φερεζαίους,
2883 2376 3110 2441 Εὖαίους
3160 2376 3251 2434 καὶ
3300 2371 3508 2435 Ἰεϐου-

1857 2467 2066 2531 σαίους.

1927 2580 1958 2610 ‹‹
1987 2557 2085 2612 Καὶ
2138 2551 2567 2633 ὰληροδότησεν
2622 2554 2816 2618 αὐτοὺς
2875 2553 2927 2610 ἐν
2984 2553 3217 2631 σχοινίῳ
3290 2552 3498 2629 κληρο-

1857 2642 2058 2707 δοσίας.
2092 2668 2122 2697 ››
2152 2678 2221 2689 -
2266 2643 2451 2707 Οὕτως
2499 2641 2795 2705 ἀκωλύτως
2837 2641 3101 2717 διένειμεν
3168 2642 3353 2707 αὐτοῖς
3397 2644 3500 2712 τὴν

1851 2740 1953 2810 γῆν
1998 2737 2105 2789 τῶν
2154 2732 2342 2803 ἐθνῶν,
2371 2733 2446 2795 ὡς
2492 2728 2548 2788 εἷ’
2582 2753 2668 2795 τις
2710 2732 2891 2805 πατὴρ
2933 2730 2985 2785 έν
3019 2730 3254 2807 σχοινίῳ
3287 2731 3489 2808 μετρή-

1853 2844 1931 2878 σει
1958 2828 2074 2884 τοῖς
2101 2823 2282 2878 παισὶν
2314 2822 2479 2878 αὐτοῦ
2507 2820 2749 2898 κλήρους
2775 2827 2877 2897 γῆς
2909 2821 3120 2877 ἑαυτοῦ.

1921 2954 1952 2983 ‹‹
1982 2928 2082 2984 Καὶ
2138 2928 2470 3005 ἀπέστρεψαν
2520 2928 2610 2983 καὶ
2668 2926 2959 2999 ἠθέτησαν.
3009 2951 3040 2980 ››
3088 2958 3160 2970 -·
3205 2924 3491 3003 ’Δπέστρε-

1849 3018 2088 3094 ψαν’ἀπὸ
2116 3023 2248 3074 Θεοῦ
2302 3018 2391 3073 καὶ
2450 3015 2924 3094 εἰδωλολάτρησαν
2965 3016 3057 3071 καὶ
3102 3014 3367 3087 ἠθέτησαν
3394 3015 3488 3072 τὸν

1850 3107 2002 3166 Θεόν.
3256 3121 3260 3125 ’

1920 3221 1950 3250 ‹‹
1981 3198 2168 3259 Καθὼς
2245 3197 2299 3251 οἱ
2360 3196 2587 3271 πατέρες
2651 3192 2826 3250 αὐτῶν
2908 3191 3344 3272 μετεστράφησαν
3410 3192 3490 3257 είς

1850 3286 2003 3357 τόξον
2050 3280 2330 3362 στρεϐλόν.
2384 3309 2413 3337 ››
2443 3317 2512 3327 -
2558 3281 3004 3362 Μετεστράφησαν
3046 3282 3153 3339 ἀπὸ
3200 3289 3301 3353 τῆς
3346 3279 3493 3359 εὔερ-

1852 3374 2031 3450 γεσίας
2076 3374 2153 3437 εἰς
2201 3367 2506 3429 δυσσέϐειαν
2558 3370 2711 3443 δίκην
2761 3366 2919 3443 τόξου
2968 3366 3255 3448 στρεϐλοῦο
3309 3371 3489 3433 καθὼς

1852 3462 1953 3538 γὰρ
2004 3462 2065 3516 τὸ
2108 3459 2528 3535 διεστραμμένον
2592 3459 2745 3531 τόξον
2822 3459 2922 3515 οὐκ
2986 3459 3161 3533 ὀρθῶς
3228 3459 3299 3514 τά
3350 3458 3484 3535 βέλη

1855 3548 2096 3628 ἀφίησιν,
2146 3547 2289 3604 οὕτω
2331 3549 2421 3603 καὶ
2479 3548 2507 3603 6
2550 3551 2674 3610 νοῦς
2746 3547 2920 3603 αὐτῶν
2981 3545 3323 3626 διαστραφεὶς
3391 3546 3491 3603 οὐκ

1860 3637 2032 3714 ὀρθῶς
2079 3638 2221 3717 ἀφίει
2264 3638 2360 3700 τὰς
2407 3635 2532 3714 περί
2573 3640 2708 3695 Θεοῦ
2751 3635 2973 3700 ἐννοίας.
3025 3638 3206 3692 Ἔστιν
3256 3634 3348 3693 οὖν
3401 3636 3488 3693 ἐν·

1853 3729 2021 3783 ταῦθα
2046 3728 2110 3782 τὸ
2141 3725 2214 3788 εἰς
2243 3725 2361 3781 ἀντὶ
2389 3729 2486 3780 τοῦ
2516 3725 2613 3788 ὡς.

1927 3840 1957 3869 ‹‹
1989 3816 2091 3874 Καὶ
2140 3817 2487 3891 παρώργισαν
2540 3813 2698 3870 αὐτὸν
2743 3813 2794 3870 ἐν
2833 3819 2951 3878 τοῖς
2984 3815 3202 3890 βουνοῖς
3230 3813 3426 3872 αὐτῶν.
3456 3840 3481 3871 ι

1856 3937 1925 3947 -
1951 3906 2026 3960 Τά
2077 3904 2180 3981 γὰρ
2233 3902 2352 3974 ἔθνη
2413 3902 2464 3958 ἐν
2515 3907 2633 3966 τοῖς
2694 3904 2910 3979 βουνοῖς
2966 3901 3138 3963 ἔθυον.
3179 3901 3402 3960 Γλυπτά
3430 3901 3490 3960 δὲ

1854 3994 1988 4063 ἦσαν
2040 3993 2108 4048 τὰ
2156 3988 2358 4047 εἷ’δωλα
2412 3990 2604 4050 αὐτῶν.
2637 3993 2717 4049 Τὸ
2774 3989 2832 4046 δὲ
2880 3990 3274 4068 παρεζήλωσαν
3326 3993 3487 4050 αὐτὸν

1857 4082 1974 4138 ἀντὶ
2029 4085 2148 4151 τοῦ,
2208 4078 2599 4155 παραζηλῶσαι
2675 4079 2957 4155 ἐποίησαν,
3013 4081 3045 4137 6'
3099 4081 3211 4138 ἐστι
3270 4079 3491 4145 δικαίως

1859 4171 2171 4247 ὀργισθῆναι
2203 4167 2295 4225 διὰ
2341 4170 2411 4224 τά
2462 4168 2696 4246 γλυπτά,
2752 4171 2843 4225 καὶ
2902 4170 3067 4227 οἱονεὶ
3117 4171 3493 4243 ζηλοτυπῆσαι

1857 4261 1932 4323 ὡς
1981 4264 2078 4315 τοῦ
2140 4260 2437 4330 ἀνήκονυος
2494 4257 2642 4331 αὐτῷ
2706 4253 3042 4333 σεϐάσματος
3117 4260 3493 4336 άρπαζομένου

1857 4349 1947 4406 καὶ
1979 4346 2268 4423 διδομένου
2298 4352 2415 4410 τοῖς
2443 4347 2856 4425 παραγράπτοις
2888 4351 3053 4412 θεοῖς.

1932 4462 1961 4492 ‹‹
1993 4439 2252 4493 Ἤκουσεν
2303 4437 2332 4491 6
2384 4437 2512 4500 Θεὸς
2586 4437 2677 4492 καὶ
2734 4435 2998 4515 ὑπερεῖδε.
3059 4461 3089 4489 ››
3141 4469 3212 4481 --
3268 4437 3502 4493 Ἤκουσε

1864 4528 2080 4604 βοώσης
2138 4528 2236 4595 τῆς
2282 4520 2526 4588 ἀσεϐείας
2573 4523 2768 4598 αὐτῶν,
2799 4525 2888 4581 καὶ
2944 4524 3237 4600 ὑπερεῖδεν,
3270 4523 3300 4580 6'
3328 4523 3499 4593 ἐστιν,

1862 4614 2175 4693 ἀπεστράφη
2207 4612 2301 4670 τὰν
2331 4611 2574 4689 Ἰσραήλ.

178 4749 207 4777 (ι
239 4718 565 4792 Ὠδοποίησε
588 4716 777 4799 τρίϐον
801 4720 873 4795 τῇ
908 4719 1047 4796 ὀργῇ
1079 4720 1265 4778 αὐτοῦ.
1304 4744 1326 4772 ι
1361 4752 1431 4763 -
1475 4723 1553 4795 Τῇ
1612 4720 1751 4796 ὀργῇ
1781 4709 1829 4774 D
1869 4791 1894 4799 ﬂ
1938 4727 1961 4757 ι
1992 4704 2092 4760 Καὶ
2139 4700 2460 4799 έξουδένωσε
2507 4700 2713 4799 σφόδρα
2758 4704 2848 4799 ἶὸν
2884 4703 3149 4799 ,Ἰσρατῼη
3183 4725 3315 4799 »ι-
3342 4706 3499 4799 "ﬁt-0;

102 4813 272 4870 αὐτοῦ
343 4811 606 4889 πρότερον
665 4811 949 4888 ἠρεμούσῃ
1026 4808 1114 4865 διὰ
1165 4807 1573 4888 φιλανθρωπίαν
1632 4807 1756 4864 ὁδὸν

103 4900 508 4970 κατεσκεύασεν,
554 4898 693 4955 ὥστε
760 4894 995 4975 βαδίζειν
1055 4900 1191 4953 κατά
1262 4902 1370 4953 τῶν
1442 4897 1753 4974 Αἰγυπτίων

107 4991 252 5061 σκλη
261 5010 384 5065 ρυνο
393 4990 568 5064 μένων
580 5032 592 5045 .

185 5105 214 5133 ‹‹
245 5079 345 5134 Καὶ
400 5079 468 5132 τὰ
522 5079 691 5148 κτήνη
749 5075 923 5131 αὐτῶν
975 5074 1050 5138 εἰς
1086 5076 1309 5130 θάνατον
1370 5074 1695 5131 συνέκλεισε.
1730 5098 1758 5125 ιι

108 5201 183 5213 --
235 5168 333 5223 Διά
377 5170 473 5222 τοῦ
526 5165 858 5222 συνέκλεισεν
913 5165 977 5220 τὸ
1042 5166 1275 5241 ἄφυκτον
1331 5170 1433 5233 τῆς
1493 5163 1759 5240 τιμωρίας

112 5255 419 5328 δεδήλωκε.

187 5369 216 5397 ‹‹
249 5346 349 5401 Kal
407 5343 633 5415 ἐπάταξε
686 5348 790 5399 πᾶν
840 5343 1191 5419 πρωτότοκον
1251 5342 1302 5396 ἐν
1343 5344 1416 5419 γῆ
1476 5340 1761 5418 Αἰγύπτῳ,

110 5436 371 5511 ἀπαρχὴν
421 5432 619 5496 παντὸς
676 5433 842 5489 πόνου
902 5433 1073 5487 αὐτῶν
1133 5432 1184 5487 ἐν
1262 5436 1380 5492 τοῖς
1445 5432 1762 5505 σκηνώμασι

107 5523 241 5597 Χάμ
296 5547 326 5575 ››
375 5555 445 5566 -
492 5524 779 5599 Ἀπαρχήν
829 5520 979 5597 λέγει
1023 5522 1085 5576 τὸ
1134 5519 1397 5596 ἐξαίρετον
1430 5521 1519 5574 καὶ
1565 5520 1764 5593 τιμιώ-

106 5633 297 5668 τατον·
350 5610 513 5667 πόνον
593 5608 651 5665 δέ
734 5612 834 5680 τὴν
917 5616 1128 5680 κτῆσιν
1183 5616 1375 5679 κτῆσις
1444 5606 1502 5663 δὲ
1555 5607 1643 5663 καὶ
1698 5611 1767 5663 τά

68 5686 79 5701 ’
109 5704 297 5758 τέκνα.
333 5698 507 5770 Δῆλοῖ
564 5696 622 5754 δὲ
676 5699 841 5755 πάλιν
901 5699 967 5754 τὰ
1032 5697 1373 5776 πρωτότοκα⁸
1435 5698 1768 5772 σκηνώματα

68 5778 73 5859 ἶ
118 5791 181 5849 δὲ
218 5789 347 5872 Χὰμ
373 5791 409 5865 ἡ
442 5786 738 5869 Δί’γυπτοςο
773 5791 803 5844 6
841 5790 945 5868 γὰρ
996 5785 1289 5867 Αἴγυπτος,
1322 5785 1410 5871 ἀφ’
1457 5786 1520 5842 οὗ
1567 5788 1603 5859 ἡ
1654 5788 1768 5865 χώ..

1864 4791 2055 4868 ἄτιμον
2112 4793 2203 4847 καὶ
2257 4790 2715 4869 εὐκαταφρόνητον
2775 4790 3015 4863 ὲποίτὶε⁵³ε⁶
3071 4790 3353 4870 διαφόροις
3397 4792 3501 4866 γὰρ

1864 4880 2034 4948 ἔθνεσι
2067 4879 2342 4959 διαφόρως
2369 4876 2680 4954 παρέδωκεν
2713 4880 2788 4942 εἰς
2816 4879 3227 4956 αῗχμαλωσίαν.

1941 5012 1970 5041 (ι
2000 4987 2098 5042 Καὶ
2146 4986 2399 5042 ἀπώσατο
2444 4986 2543 5055 τὴν
2598 4987 2801 5056 σκηνὴν
2854 4983 3089 5061 Σηλώμ.
3139 5010 3168 5039 ››
3212 5019 3281 5032 --
3330 4984 3509 5041 ’Δπώ-

1867 5099 1994 5134 σατο
2021 5078 2120 5146 τήν
2153 5075 2428 5131 κατοικίαν
2458 5076 2558 5143 τὴν
2592 5073 2644 5129 ἐν
2692 5075 2927 5149 Σηλὼμ,
2958 5072 3075 5145 ἤως
3124 5075 3223 5131 οὐκ
3270 5074 3512 5145 ἠθέλησε

1870 5167 1961 5223 διὰ
1984 5174 2084 5237 τῆς
2114 5160 2353 5221 κιϐωτοῦ
2381 5167 2647 5244 κατοικεῖν
2683 5162 2760 5218 ἔτι
2789 5164 2841 5219 έν
2874 5162 3111 5240 Σηλώμο
3149 5164 3248 5221 οὐκ
3293 5163 3353 5220 ἂν
3405 5163 3511 5241 γάρ

1871 5254 2017 5326 ἄλλη
2050 5256 2125 5317 ὡς
2154 5249 2392 5316 κιϐωτὸς
2417 5250 2640 5330 ἐλείφθη
2666 5257 2785 5315 τοῖς
2812 5253 3127 5328 πολεμίοις.

1947 5370 1968 5397 ι
2005 5345 2304 5417 Σκήνωμα,
2365 5342 2427 5398 οῦ
2484 5343 2883 5413 κατεσκήνωσεν
2959 5342 3012 5399 ἐν
3083 5344 3413 5418 ἀνθρώποις.
3480 5363 3509 5396 ιι

1873 5465 1942 5476 —-
1968 5434 2076 5502 Τὴν
2118 5432 2320 5501 σκηνὴν
2350 5431 2412 5495 ἣν
2442 5430 2814 5501 κατεσκήνωσε
2860 5428 2951 5486 διὰ
2996 5438 3098 5503 τῆς
3154 5427 3399 5489 κιϐωτοῦ
3458 5428 3510 5486 ἐν

1872 5521 2195 5598 ἀνθρὼποις’
2268 5518 2319 5573 ἐν
2381 5516 2597 5591 Σηλὼμ
2649 5518 2753 5595 γάρ
2809 5520 3071 5597 πρότερον
3123 5523 3416 5595 κατῴκισεν
3467 5519 3506 5584 ἡ

1873 5606 2129 5673 κιϐωτός.
2163 5608 2380 5681 Σηλὼμ
2409 5604 2467 5662 δὲ
2492 5609 2592 5677 τὴν
2618 5608 2976 5684 Ἰερουσαλὴμ
3007 5608 3299 5684 ἐξελέξατο.

1951 5724 1974 5753 ι
2009 5697 2111 5755 Καὶ
2168 5693 2477 5774 παρέδωκεν
2529 5696 2606 5759 εἰς
2663 5698 3047 5775 αἰχμαλωσίαν
3099 5702 3199 5769 τήν
3235 5697 3391 5774 ἰσχὺν
3422 5694 3516 5751 a6-

1877 5792 2006 5848 τῶν.
2040 5812 2069 5844 ››
2100 5820 2169 5831 —
2214 5786 2393 5867 ’ἰσχὺν
2440 5786 2530 5843 καὶ
2578 5785 2853 5862 καλλονὴν
2899 5788 3073 5846 αὐτῶν
3124 5788 3373 5875 ὀνομάζει
3413 5784 3514 5859 τήν
