  <div class='ocr_page' id='page_1' title='image "/cluster/home/n/w/nwhite01/storage/ocr_20150623/142/mdp.39015078384792/767.png"; bbox 0 0 3998 6402; ppageno 0'>
   <div class='ocr_carea' id='block_1_1' title="bbox 492 422 646 484">
    <p class='ocr_par' dir='ltr' id='par_1_1' title="bbox 492 422 646 484">
     <span class='ocr_line' id='line_1_1' title="bbox 492 422 646 484; baseline -0.032 0"><span class='ocrx_word' id='word_1_1' title='bbox 492 422 646 484; x_wconf 78' lang='grc'>1519</span> 
     </span>
    </p>
   </div>
   <div class='ocr_carea' id='block_1_2' title="bbox 1736 411 2635 476">
    <p class='ocr_par' dir='ltr' id='par_1_2' title="bbox 1736 411 2635 476">
     <span class='ocr_line' id='line_1_2' title="bbox 1736 411 2635 476; baseline -0.003 0"><span class='ocrx_word' id='word_1_2' title='bbox 1736 411 2157 476; x_wconf 76' lang='lat' dir='ltr'>NICEPHORI</span> <span class='ocrx_word' id='word_1_3' title='bbox 2201 411 2635 475; x_wconf 66' lang='lat' dir='ltr'>BLEMMIDE</span> 
     </span>
    </p>
   </div>
   <div class='ocr_carea' id='block_1_3' title="bbox 3449 35 3998 161">
    <p class='ocr_par' dir='ltr' id='par_1_3' title="bbox 3449 35 3998 161">
     <span class='ocr_line' id='line_1_3' title="bbox 3449 35 3998 161; baseline 0.002 -52"><span class='ocrx_word' id='word_1_4' title='bbox 3921 35 3998 146; x_wconf 72' lang='grc' dir='ltr'>⁵ιι</span> 
     </span>
    </p>
   </div>
   <div class='ocr_carea' id='block_1_4' title="bbox 3745 423 3886 484">
    <p class='ocr_par' dir='ltr' id='par_1_4' title="bbox 3745 423 3886 484">
     <span class='ocr_line' id='line_1_4' title="bbox 3745 423 3886 484; baseline 0.014 -2"><span class='ocrx_word' id='word_1_5' title='bbox 3745 423 3886 484; x_wconf 75' lang='grc'>1520</span> 
     </span>
    </p>
   </div>
   <div class='ocr_carea' id='block_1_5' title="bbox 487 542 3886 627">
    <p class='ocr_par' dir='ltr' id='par_1_5' title="bbox 487 542 3886 627">
     <span class='ocr_line' id='line_1_5' title="bbox 487 542 3886 627; baseline -0.003 -23"><span class='ocrx_word' id='word_1_6' title='bbox 487 545 719 605; x_wconf 76' lang='grc' dir='ltr'>κιϐωτὸν</span> <span class='ocrx_word' id='word_1_7' title='bbox 762 551 838 612; x_wconf 85' lang='grc' dir='ltr'>ὡς</span> <span class='ocrx_word' id='word_1_8' title='bbox 889 547 1226 626; x_wconf 82' lang='grc' dir='ltr'>ῥωννύουσαν</span> <span class='ocrx_word' id='word_1_9' title='bbox 1274 545 1406 625; x_wconf 71' lang='grc' dir='ltr'>ἄχρι</span> <span class='ocrx_word' id='word_1_10' title='bbox 1478 547 1599 602; x_wconf 88' lang='grc' dir='ltr'>τότε</span> <span class='ocrx_word' id='word_1_11' title='bbox 1663 547 1752 602; x_wconf 85' lang='grc' dir='ltr'>καὶ</span> <span class='ocrx_word' id='word_1_12' title='bbox 1818 549 2122 619; x_wconf 76' lang='grc' dir='ltr'>κοσμοῦσαν</span> <span class='ocrx_word' id='word_1_13' title='bbox 2154 551 2212 616; x_wconf 74' lang='grc' dir='ltr'><strong>Α</strong></span> <span class='ocrx_word' id='word_1_14' title='bbox 2313 543 2466 598; x_wconf 88' lang='lat' dir='ltr'><em>«Kal</em></span> <span class='ocrx_word' id='word_1_15' title='bbox 2511 543 2793 617; x_wconf 89' lang='grc' dir='ltr'>ἐποίμανεν</span> <span class='ocrx_word' id='word_1_16' title='bbox 2853 542 3046 607; x_wconf 79' lang='grc' dir='ltr'>αὐτοὺς</span> <span class='ocrx_word' id='word_1_17' title='bbox 3103 545 3154 600; x_wconf 88' lang='grc' dir='ltr'>έν</span> <span class='ocrx_word' id='word_1_18' title='bbox 3213 552 3283 616; x_wconf 82' lang='grc' dir='ltr'>τῆ</span> <span class='ocrx_word' id='word_1_19' title='bbox 3342 546 3548 621; x_wconf 81' lang='grc' dir='ltr'>ἆκακίᾳ</span> <span class='ocrx_word' id='word_1_20' title='bbox 3603 557 3710 619; x_wconf 80' lang='grc' dir='ltr'>τῆς</span> <span class='ocrx_word' id='word_1_21' title='bbox 3766 573 3886 627; x_wconf 61' lang='grc' dir='ltr'>παρ-</span> 
     </span>
    </p>
   </div>
   <div class='ocr_carea' id='block_1_6' title="bbox 487 657 704 700">
    <p class='ocr_par' dir='ltr' id='par_1_6' title="bbox 487 657 704 700">
     <span class='ocr_line' id='line_1_6' title="bbox 487 657 704 700; baseline 0.005 -8"><span class='ocrx_word' id='word_1_22' title='bbox 487 657 704 700; x_wconf 82' lang='grc' dir='ltr'>αυτους.</span> 
     </span>
    </p>
   </div>
   <div class='ocr_carea' id='block_1_7' title="bbox 561 724 2119 802">
    <p class='ocr_par' dir='ltr' id='par_1_7' title="bbox 561 724 2119 802">
     <span class='ocr_line' id='line_1_7' title="bbox 561 724 2119 802; baseline 0.001 -23"><span class='ocrx_word' id='word_1_23' title='bbox 561 751 594 790; x_wconf 48' lang='grc'>‹‹,</span> <span class='ocrx_word' id='word_1_24' title='bbox 649 725 746 781; x_wconf 82' lang='grc' dir='ltr'>Καὶ</span> <span class='ocrx_word' id='word_1_25' title='bbox 823 727 880 781; x_wconf 76' lang='grc' dir='ltr'>αἱ</span> <span class='ocrx_word' id='word_1_26' title='bbox 958 727 1212 802; x_wconf 75' lang='grc' dir='ltr'>παρθένοι</span> <span class='ocrx_word' id='word_1_27' title='bbox 1295 725 1467 780; x_wconf 82' lang='grc' dir='ltr'>αὐτῶν</span> <span class='ocrx_word' id='word_1_28' title='bbox 1542 724 1642 780; x_wconf 79' lang='grc' dir='ltr'>οὐκ</span> <span class='ocrx_word' id='word_1_29' title='bbox 1721 724 2028 796; x_wconf 83' lang='grc' dir='ltr'>ἐπενθήσαν.</span> <span class='ocrx_word' id='word_1_30' title='bbox 2090 745 2119 774; x_wconf 86' lang='lat'><strong>»</strong></span> 
     </span>
    </p>
   </div>
   <div class='ocr_carea' id='block_1_8' title="bbox 486 811 2120 890">
    <p class='ocr_par' dir='ltr' id='par_1_8' title="bbox 486 811 2120 890">
     <span class='ocr_line' id='line_1_8' title="bbox 486 811 2120 890; baseline -0.002 -20"><span class='ocrx_word' id='word_1_31' title='bbox 486 815 807 887; x_wconf 81' lang='grc' dir='ltr'>-Ἑκάστη</span> <span class='ocrx_word' id='word_1_32' title='bbox 847 818 954 870; x_wconf 89' lang='grc' dir='ltr'>τῶν</span> <span class='ocrx_word' id='word_1_33' title='bbox 1005 815 1189 877; x_wconf 83' lang='grc' dir='ltr'>αὐταῖς</span> <span class='ocrx_word' id='word_1_34' title='bbox 1242 818 1555 890; x_wconf 87' lang='grc' dir='ltr'>προσγενῶν</span> <span class='ocrx_word' id='word_1_35' title='bbox 1600 815 1724 890; x_wconf 88' lang='grc' dir='ltr'>περὶ</span> <span class='ocrx_word' id='word_1_36' title='bbox 1771 815 1866 876; x_wconf 80' lang='grc' dir='ltr'>τὰς</span> <span class='ocrx_word' id='word_1_37' title='bbox 1917 811 2120 874; x_wconf 75' lang='grc' dir='ltr'>οἰκείας</span> 
     </span>
    </p>
   </div>
   <div class='ocr_carea' id='block_1_9' title="bbox 487 903 1210 982">
    <p class='ocr_par' dir='ltr' id='par_1_9' title="bbox 487 903 1210 982">
     <span class='ocr_line' id='line_1_9' title="bbox 487 903 1210 982; baseline 0.004 -23"><span class='ocrx_word' id='word_1_38' title='bbox 487 905 770 982; x_wconf 80' lang='grc' dir='ltr'>συμφορὰς</span> <span class='ocrx_word' id='word_1_39' title='bbox 799 903 1210 980; x_wconf 85' lang='grc' dir='ltr'>ἀσχολουμένη.</span> 
     </span>
    </p>
   </div>
   <div class='ocr_carea' id='block_1_10' title="bbox 563 989 2120 1072">
    <p class='ocr_par' dir='ltr' id='par_1_10' title="bbox 563 989 2120 1072">
     <span class='ocr_line' id='line_1_10' title="bbox 563 989 2120 1072; baseline -0.001 -26"><span class='ocrx_word' id='word_1_40' title='bbox 563 1018 585 1046; x_wconf 75' lang='grc' dir='ltr'>ι</span> <span class='ocrx_word' id='word_1_41' title='bbox 619 993 682 1048; x_wconf 75' lang='grc' dir='ltr'>Οἱ</span> <span class='ocrx_word' id='word_1_42' title='bbox 730 993 892 1069; x_wconf 77' lang='grc' dir='ltr'>ἱερεῖς</span> <span class='ocrx_word' id='word_1_43' title='bbox 941 992 1114 1048; x_wconf 79' lang='grc' dir='ltr'>αὐτῶν</span> <span class='ocrx_word' id='word_1_44' title='bbox 1155 991 1207 1047; x_wconf 92' lang='grc' dir='ltr'>ἐν</span> <span class='ocrx_word' id='word_1_45' title='bbox 1254 991 1495 1072; x_wconf 75' lang='grc' dir='ltr'>ῥομφαίᾳ</span> <span class='ocrx_word' id='word_1_46' title='bbox 1542 989 1750 1048; x_wconf 82' lang='grc' dir='ltr'>ἔπεσον.</span> <span class='ocrx_word' id='word_1_47' title='bbox 1787 1015 1815 1044; x_wconf 82' lang='grc'>››</span> <span class='ocrx_word' id='word_1_48' title='bbox 1843 1024 1915 1035; x_wconf 91' lang='grc'><strong><em>--</em></strong></span> <span class='ocrx_word' id='word_1_49' title='bbox 1943 989 2120 1069; x_wconf 87' lang='grc' dir='ltr'>Ὀφνεὶ</span> 
     </span>
    </p>
   </div>
   <div class='ocr_carea' id='block_1_11' title="bbox 485 1079 2119 1145">
    <p class='ocr_par' dir='ltr' id='par_1_11' title="bbox 485 1079 2119 1145">
     <span class='ocr_line' id='line_1_11' title="bbox 485 1079 2119 1145; baseline -0.001 -8"><span class='ocrx_word' id='word_1_50' title='bbox 485 1081 576 1137; x_wconf 85' lang='grc' dir='ltr'>καὶ</span> <span class='ocrx_word' id='word_1_51' title='bbox 631 1082 759 1138; x_wconf 81' lang='grc' dir='ltr'>Φνεὶ</span> <span class='ocrx_word' id='word_1_52' title='bbox 814 1082 905 1137; x_wconf 81' lang='grc' dir='ltr'>καὶ</span> <span class='ocrx_word' id='word_1_53' title='bbox 963 1082 1144 1144; x_wconf 77' lang='grc' dir='ltr'>Φινεὲς</span> <span class='ocrx_word' id='word_1_54' title='bbox 1202 1081 1311 1138; x_wconf 76' lang='grc' dir='ltr'>υἱοὶ</span> <span class='ocrx_word' id='word_1_55' title='bbox 1368 1087 1465 1138; x_wconf 93' lang='grc' dir='ltr'>τοῦ</span> <span class='ocrx_word' id='word_1_56' title='bbox 1501 1081 1652 1138; x_wconf 87' lang='grc' dir='ltr'>Ἡλεὶ</span> <span class='ocrx_word' id='word_1_57' title='bbox 1682 1081 1735 1136; x_wconf 83' lang='grc' dir='ltr'>οἳ</span> <span class='ocrx_word' id='word_1_58' title='bbox 1785 1079 2119 1145; x_wconf 87' lang='grc' dir='ltr'>συνδεθέντες</span> 
     </span>
    </p>
   </div>
   <div class='ocr_carea' id='block_1_12' title="bbox 484 1166 2118 1249">
    <p class='ocr_par' dir='ltr' id='par_1_12' title="bbox 484 1166 2118 1249">
     <span class='ocr_line' id='line_1_12' title="bbox 484 1166 2118 1249; baseline -0.002 -22"><span class='ocrx_word' id='word_1_59' title='bbox 484 1175 554 1244; x_wconf 80' lang='grc' dir='ltr'>τῇ</span> <span class='ocrx_word' id='word_1_60' title='bbox 605 1166 824 1245; x_wconf 71' lang='grc' dir='ltr'>κιϐωτῷ</span> <span class='ocrx_word' id='word_1_61' title='bbox 870 1171 960 1226; x_wconf 83' lang='grc' dir='ltr'>καὶ</span> <span class='ocrx_word' id='word_1_62' title='bbox 1013 1170 1212 1242; x_wconf 90' lang='grc' dir='ltr'>ταύτην</span> <span class='ocrx_word' id='word_1_63' title='bbox 1278 1170 1660 1249; x_wconf 76' lang='grc' dir='ltr'>ἐπιφερόμενοι</span> <span class='ocrx_word' id='word_1_64' title='bbox 1725 1172 1866 1244; x_wconf 86' lang='grc' dir='ltr'>ὁμοῦ</span> <span class='ocrx_word' id='word_1_65' title='bbox 1931 1169 2118 1246; x_wconf 77' lang='grc' dir='ltr'>ἀνῃρέ-</span> 
     </span>
    </p>
   </div>
   <div class='ocr_carea' id='block_1_13' title="bbox 487 1272 675 1330">
    <p class='ocr_par' dir='ltr' id='par_1_13' title="bbox 487 1272 675 1330">
     <span class='ocr_line' id='line_1_13' title="bbox 487 1272 675 1330; baseline 0.021 -16"><span class='ocrx_word' id='word_1_66' title='bbox 487 1272 554 1330; x_wconf 88' lang='grc' dir='ltr'>θη</span> <span class='ocrx_word' id='word_1_67' title='bbox 562 1282 675 1318; x_wconf 89' lang='grc' dir='ltr'>σαν.</span> 
     </span>
    </p>
   </div>
   <div class='ocr_carea' id='block_1_14' title="bbox 558 1346 2119 1426">
    <p class='ocr_par' dir='ltr' id='par_1_14' title="bbox 558 1346 2119 1426">
     <span class='ocr_line' id='line_1_14' title="bbox 558 1346 2119 1426; baseline 0.001 -25"><span class='ocrx_word' id='word_1_68' title='bbox 558 1374 586 1401; x_wconf 84' lang='grc'>‹‹</span> <span class='ocrx_word' id='word_1_69' title='bbox 630 1348 731 1406; x_wconf 81' lang='grc' dir='ltr'>Καὶ</span> <span class='ocrx_word' id='word_1_70' title='bbox 777 1350 834 1404; x_wconf 76' lang='grc' dir='ltr'>αἱ</span> <span class='ocrx_word' id='word_1_71' title='bbox 871 1353 1039 1426; x_wconf 76' lang='grc' dir='ltr'>χῆραι</span> <span class='ocrx_word' id='word_1_72' title='bbox 1087 1349 1262 1405; x_wconf 82' lang='grc' dir='ltr'>αὐτῶν</span> <span class='ocrx_word' id='word_1_73' title='bbox 1312 1349 1375 1404; x_wconf 81' lang='grc' dir='ltr'>ού</span> <span class='ocrx_word' id='word_1_74' title='bbox 1421 1346 1835 1420; x_wconf 73' lang='grc' dir='ltr'>κλαυθήσονται.</span> <span class='ocrx_word' id='word_1_75' title='bbox 1866 1370 1893 1402; x_wconf 73' lang='grc' dir='ltr'>ι</span> <span class='ocrx_word' id='word_1_76' title='bbox 1937 1381 2005 1390; x_wconf 91' lang='lat'>—-</span> <span class='ocrx_word' id='word_1_77' title='bbox 2051 1347 2119 1405; x_wconf 77' lang='grc' dir='ltr'><strong>Αἱ</strong></span> 
     </span>
    </p>
   </div>
   <div class='ocr_carea' id='block_1_15' title="bbox 486 1437 2120 1516">
    <p class='ocr_par' dir='ltr' id='par_1_15' title="bbox 486 1437 2120 1516">
     <span class='ocr_line' id='line_1_15' title="bbox 486 1437 2120 1516; baseline -0.001 -23"><span class='ocrx_word' id='word_1_78' title='bbox 486 1443 732 1514; x_wconf 87' lang='grc' dir='ltr'>γυναῖκες</span> <span class='ocrx_word' id='word_1_79' title='bbox 806 1438 981 1494; x_wconf 83' lang='grc' dir='ltr'>αὐτῶν</span> <span class='ocrx_word' id='word_1_80' title='bbox 1046 1445 1218 1516; x_wconf 82' lang='grc' dir='ltr'>χῆραι</span> <span class='ocrx_word' id='word_1_81' title='bbox 1283 1444 1554 1516; x_wconf 82' lang='grc' dir='ltr'>γεγονυῖαι</span> <span class='ocrx_word' id='word_1_82' title='bbox 1628 1438 1728 1493; x_wconf 76' lang='grc' dir='ltr'>οὐκ</span> <span class='ocrx_word' id='word_1_83' title='bbox 1784 1437 1944 1514; x_wconf 86' lang='grc' dir='ltr'>ἔσχον</span> <span class='ocrx_word' id='word_1_84' title='bbox 1995 1437 2120 1500; x_wconf 82' lang='grc' dir='ltr'>τοὺς</span> 
     </span>
    </p>
   </div>
   <div class='ocr_carea' id='block_1_16' title="bbox 486 1524 2011 1603">
    <p class='ocr_par' dir='ltr' id='par_1_16' title="bbox 486 1524 2011 1603">
     <span class='ocr_line' id='line_1_16' title="bbox 486 1524 2011 1603; baseline -0.001 -21"><span class='ocrx_word' id='word_1_85' title='bbox 486 1524 819 1591; x_wconf 84' lang='grc' dir='ltr'>κλαύσοντας</span> <span class='ocrx_word' id='word_1_86' title='bbox 848 1525 972 1597; x_wconf 73' lang='grc' dir='ltr'>ἤτοι</span> <span class='ocrx_word' id='word_1_87' title='bbox 1003 1528 1386 1599; x_wconf 88' lang='grc' dir='ltr'>πενθήσοντας.</span> <span class='ocrx_word' id='word_1_88' title='bbox 1406 1530 1557 1584; x_wconf 85' lang='grc' dir='ltr'><strong>’Ἐστι</strong></span> <span class='ocrx_word' id='word_1_89' title='bbox 1589 1527 1648 1582; x_wconf 73' lang='grc' dir='ltr'>δὲ</span> <span class='ocrx_word' id='word_1_90' title='bbox 1678 1525 2011 1603; x_wconf 85' lang='grc' dir='ltr'>ἀντιχρονία.</span> 
     </span>
    </p>
   </div>
   <div class='ocr_carea' id='block_1_17' title="bbox 559 1631 2124 1710">
    <p class='ocr_par' dir='ltr' id='par_1_17' title="bbox 559 1631 2124 1710">
     <span class='ocr_line' id='line_1_17' title="bbox 559 1631 2124 1710; baseline 0.001 -24"><span class='ocrx_word' id='word_1_91' title='bbox 559 1657 589 1686; x_wconf 84' lang='grc'>‹‹</span> <span class='ocrx_word' id='word_1_92' title='bbox 618 1632 718 1692; x_wconf 86' lang='grc' dir='ltr'>Καὶ</span> <span class='ocrx_word' id='word_1_93' title='bbox 767 1633 1026 1710; x_wconf 86' lang='grc' dir='ltr'>ἐξηγέρθη</span> <span class='ocrx_word' id='word_1_94' title='bbox 1077 1635 1152 1697; x_wconf 87' lang='grc' dir='ltr'>ὡς</span> <span class='ocrx_word' id='word_1_95' title='bbox 1196 1636 1224 1690; x_wconf 99' lang='lat'>6</span> <span class='ocrx_word' id='word_1_96' title='bbox 1269 1635 1445 1690; x_wconf 86' lang='grc' dir='ltr'>ὑπνῶν</span> <span class='ocrx_word' id='word_1_97' title='bbox 1501 1635 1724 1710; x_wconf 85' lang='grc' dir='ltr'>Κύριος,</span> <span class='ocrx_word' id='word_1_98' title='bbox 1772 1635 1847 1696; x_wconf 86' lang='grc' dir='ltr'>ὡς</span> <span class='ocrx_word' id='word_1_99' title='bbox 1902 1631 2124 1695; x_wconf 90' lang='grc' dir='ltr'>δυνατὸς</span> 
     </span>
    </p>
   </div>
   <div class='ocr_carea' id='block_1_18' title="bbox 486 1719 2122 1798">
    <p class='ocr_par' dir='ltr' id='par_1_18' title="bbox 486 1719 2122 1798">
     <span class='ocr_line' id='line_1_18' title="bbox 486 1719 2122 1798; baseline 0 -21"><span class='ocrx_word' id='word_1_100' title='bbox 486 1719 938 1798; x_wconf 85' lang='grc' dir='ltr'>κεκραιπαληκὼς</span> <span class='ocrx_word' id='word_1_101' title='bbox 993 1721 1047 1794; x_wconf 80' lang='grc' dir='ltr'>ἐξ</span> <span class='ocrx_word' id='word_1_102' title='bbox 1112 1720 1281 1778; x_wconf 83' lang='grc' dir='ltr'>οἷ’νου.</span> <span class='ocrx_word' id='word_1_103' title='bbox 1345 1748 1369 1778; x_wconf 75' lang='grc' dir='ltr'><strong><em>ι</em></strong></span> <span class='ocrx_word' id='word_1_104' title='bbox 1425 1755 1495 1765; x_wconf 94' lang='lat'>—</span> <span class='ocrx_word' id='word_1_105' title='bbox 1553 1725 1748 1778; x_wconf 81' lang='grc' dir='ltr'>Ὕπνον</span> <span class='ocrx_word' id='word_1_106' title='bbox 1816 1722 1904 1777; x_wconf 86' lang='grc' dir='ltr'>καὶ</span> <span class='ocrx_word' id='word_1_107' title='bbox 1953 1721 2122 1794; x_wconf 89' lang='grc' dir='ltr'>μέθην</span> 
     </span>
    </p>
   </div>
   <div class='ocr_carea' id='block_1_19' title="bbox 490 1811 2122 1889">
    <p class='ocr_par' dir='ltr' id='par_1_19' title="bbox 490 1811 2122 1889">
     <span class='ocr_line' id='line_1_19' title="bbox 490 1811 2122 1889; baseline 0 -23"><span class='ocrx_word' id='word_1_108' title='bbox 490 1811 715 1888; x_wconf 79' lang='grc' dir='ltr'>ἰσχυρᾶν</span> <span class='ocrx_word' id='word_1_109' title='bbox 745 1813 846 1882; x_wconf 80' lang='grc' dir='ltr'>τὴν</span> <span class='ocrx_word' id='word_1_110' title='bbox 879 1811 955 1874; x_wconf 82' lang='grc' dir='ltr'>εἰς</span> <span class='ocrx_word' id='word_1_111' title='bbox 1000 1811 1127 1875; x_wconf 78' lang='grc' dir='ltr'>τοὺς</span> <span class='ocrx_word' id='word_1_112' title='bbox 1175 1811 1406 1888; x_wconf 82' lang='grc' dir='ltr'>ἐχθροὺς</span> <span class='ocrx_word' id='word_1_113' title='bbox 1455 1811 1700 1887; x_wconf 82' lang='grc' dir='ltr'>μεγάλην</span> <span class='ocrx_word' id='word_1_114' title='bbox 1751 1811 2122 1889; x_wconf 76' lang='grc' dir='ltr'>μακροθυμίαν</span> 
     </span>
    </p>
   </div>
   <div class='ocr_carea' id='block_1_20' title="bbox 488 1921 642 1977">
    <p class='ocr_par' dir='ltr' id='par_1_20' title="bbox 488 1921 642 1977">
     <span class='ocr_line' id='line_1_20' title="bbox 488 1921 642 1977; baseline 0.013 -22"><span class='ocrx_word' id='word_1_115' title='bbox 488 1921 642 1977; x_wconf 88' lang='grc' dir='ltr'>φησι.</span> 
     </span>
    </p>
   </div>
   <div class='ocr_carea' id='block_1_21' title="bbox 565 1988 2122 2066">
    <p class='ocr_par' dir='ltr' id='par_1_21' title="bbox 565 1988 2122 2066">
     <span class='ocr_line' id='line_1_21' title="bbox 565 1988 2122 2066; baseline 0 -22"><span class='ocrx_word' id='word_1_116' title='bbox 565 2013 589 2043; x_wconf 75' lang='grc' dir='ltr'>ι</span> <span class='ocrx_word' id='word_1_117' title='bbox 623 1989 722 2045; x_wconf 83' lang='grc' dir='ltr'>Καὶ</span> <span class='ocrx_word' id='word_1_118' title='bbox 773 1989 998 2062; x_wconf 86' lang='grc' dir='ltr'>ἐπάταξε</span> <span class='ocrx_word' id='word_1_119' title='bbox 1043 1988 1170 2052; x_wconf 79' lang='grc' dir='ltr'>τοὺς</span> <span class='ocrx_word' id='word_1_120' title='bbox 1215 1989 1444 2066; x_wconf 84' lang='grc' dir='ltr'>ἐχθροὺς</span> <span class='ocrx_word' id='word_1_121' title='bbox 1483 1990 1648 2046; x_wconf 87' lang='grc' dir='ltr'>αὐτοῦ</span> <span class='ocrx_word' id='word_1_122' title='bbox 1697 1989 1772 2052; x_wconf 83' lang='grc' dir='ltr'>είς</span> <span class='ocrx_word' id='word_1_123' title='bbox 1819 1990 1887 2046; x_wconf 77' lang='grc' dir='ltr'>τὰ</span> <span class='ocrx_word' id='word_1_124' title='bbox 1927 1989 2122 2045; x_wconf 74' lang='grc' dir='ltr'>ὀπίσω*</span> 
     </span>
    </p>
   </div>
   <div class='ocr_carea' id='block_1_22' title="bbox 489 2073 2126 2152">
    <p class='ocr_par' dir='ltr' id='par_1_22' title="bbox 489 2073 2126 2152">
     <span class='ocr_line' id='line_1_22' title="bbox 489 2073 2126 2152; baseline 0.002 -20"><span class='ocrx_word' id='word_1_125' title='bbox 489 2073 692 2141; x_wconf 78' lang='grc' dir='ltr'>ὄνειδος</span> <span class='ocrx_word' id='word_1_126' title='bbox 749 2078 966 2134; x_wconf 76' lang='grc' dir='ltr'>αἰώνιον</span> <span class='ocrx_word' id='word_1_127' title='bbox 1033 2076 1228 2134; x_wconf 80' lang='grc' dir='ltr'>ἔδωκεν</span> <span class='ocrx_word' id='word_1_128' title='bbox 1295 2078 1497 2142; x_wconf 79' lang='grc' dir='ltr'>αὐτοῖς.</span> <span class='ocrx_word' id='word_1_129' title='bbox 1548 2103 1577 2131; x_wconf 87' lang='grc'>››</span> <span class='ocrx_word' id='word_1_130' title='bbox 1632 2111 1703 2122; x_wconf 89' lang='grc'>--</span> <span class='ocrx_word' id='word_1_131' title='bbox 1763 2080 1832 2134; x_wconf 90' lang='grc' dir='ltr'>Τὸ</span> <span class='ocrx_word' id='word_1_132' title='bbox 1903 2078 2126 2152; x_wconf 84' lang='grc' dir='ltr'>ἐπάταξε</span> 
     </span>
    </p>
   </div>
   <div class='ocr_carea' id='block_1_23' title="bbox 486 2163 2124 2241">
    <p class='ocr_par' dir='ltr' id='par_1_23' title="bbox 486 2163 2124 2241">
     <span class='ocr_line' id='line_1_23' title="bbox 486 2163 2124 2241; baseline 0.001 -19"><span class='ocrx_word' id='word_1_133' title='bbox 486 2167 618 2222; x_wconf 75' lang='grc' dir='ltr'>ποτὲ</span> <span class='ocrx_word' id='word_1_134' title='bbox 649 2167 742 2241; x_wconf 73' lang='grc' dir='ltr'>μὶν</span> <span class='ocrx_word' id='word_1_135' title='bbox 775 2163 940 2238; x_wconf 87' lang='grc' dir='ltr'>δηλοῖ</span> <span class='ocrx_word' id='word_1_136' title='bbox 965 2168 1027 2222; x_wconf 90' lang='grc' dir='ltr'>τὸ</span> <span class='ocrx_word' id='word_1_137' title='bbox 1059 2165 1255 2239; x_wconf 86' lang='grc' dir='ltr'>ἀνεῖλε,</span> <span class='ocrx_word' id='word_1_138' title='bbox 1285 2169 1417 2224; x_wconf 75' lang='grc' dir='ltr'>ποτὲ</span> <span class='ocrx_word' id='word_1_139' title='bbox 1448 2165 1504 2223; x_wconf 77' lang='grc' dir='ltr'>δὲ</span> <span class='ocrx_word' id='word_1_140' title='bbox 1537 2169 1600 2223; x_wconf 88' lang='grc' dir='ltr'>τὸ</span> <span class='ocrx_word' id='word_1_141' title='bbox 1647 2168 1836 2230; x_wconf 81' lang='grc' dir='ltr'>ἁπλῶς</span> <span class='ocrx_word' id='word_1_142' title='bbox 1873 2165 2124 2239; x_wconf 83' lang='grc' dir='ltr'>ἔπληξεν,</span> 
     </span>
    </p>
   </div>
   <div class='ocr_carea' id='block_1_24' title="bbox 490 2253 2122 2334">
    <p class='ocr_par' dir='ltr' id='par_1_24' title="bbox 490 2253 2122 2334">
     <span class='ocr_line' id='line_1_24' title="bbox 490 2253 2122 2334; baseline 0.001 -24"><span class='ocrx_word' id='word_1_143' title='bbox 490 2253 669 2331; x_wconf 80' lang='grc' dir='ltr'>ὥσπερ</span> <span class='ocrx_word' id='word_1_144' title='bbox 715 2255 804 2310; x_wconf 83' lang='grc' dir='ltr'>καὶ</span> <span class='ocrx_word' id='word_1_145' title='bbox 850 2260 955 2310; x_wconf 83' lang='grc' dir='ltr'>νῦν’</span> <span class='ocrx_word' id='word_1_146' title='bbox 1009 2257 1086 2318; x_wconf 80' lang='grc' dir='ltr'>εἷς</span> <span class='ocrx_word' id='word_1_147' title='bbox 1133 2256 1201 2311; x_wconf 78' lang='grc' dir='ltr'>τὰ</span> <span class='ocrx_word' id='word_1_148' title='bbox 1248 2255 1422 2311; x_wconf 82' lang='grc' dir='ltr'>ὀπίσω</span> <span class='ocrx_word' id='word_1_149' title='bbox 1473 2253 1530 2311; x_wconf 76' lang='grc' dir='ltr'>δὲ</span> <span class='ocrx_word' id='word_1_150' title='bbox 1574 2253 1690 2325; x_wconf 75' lang='grc' dir='ltr'>ἤως</span> <span class='ocrx_word' id='word_1_151' title='bbox 1735 2257 1812 2319; x_wconf 82' lang='grc' dir='ltr'>εἷς</span> <span class='ocrx_word' id='word_1_152' title='bbox 1840 2257 1936 2319; x_wconf 82' lang='grc' dir='ltr'>τὰς</span> <span class='ocrx_word' id='word_1_153' title='bbox 1963 2253 2122 2334; x_wconf 70' lang='grc' dir='ltr'>ἕδρας</span> 
     </span>
    </p>
   </div>
   <div class='ocr_carea' id='block_1_25' title="bbox 487 2339 2124 2422">
    <p class='ocr_par' dir='ltr' id='par_1_25' title="bbox 487 2339 2124 2422">
     <span class='ocr_line' id='line_1_25' title="bbox 487 2339 2124 2422; baseline 0.001 -24"><span class='ocrx_word' id='word_1_154' title='bbox 487 2339 696 2407; x_wconf 68' lang='grc' dir='ltr'>ὄνειδος</span> <span class='ocrx_word' id='word_1_155' title='bbox 745 2343 966 2400; x_wconf 77' lang='grc' dir='ltr'>αἰώνιον</span> <span class='ocrx_word' id='word_1_156' title='bbox 1015 2343 1230 2400; x_wconf 76' lang='grc' dir='ltr'>ἔδωκεν·</span> <span class='ocrx_word' id='word_1_157' title='bbox 1279 2342 1487 2408; x_wconf 72' lang='grc' dir='ltr'>ὄνειδος</span> <span class='ocrx_word' id='word_1_158' title='bbox 1533 2345 1634 2422; x_wconf 80' lang='grc' dir='ltr'>γὰρ</span> <span class='ocrx_word' id='word_1_159' title='bbox 1679 2346 1746 2415; x_wconf 81' lang='grc' dir='ltr'>ἧν</span> <span class='ocrx_word' id='word_1_160' title='bbox 1789 2346 1852 2400; x_wconf 91' lang='grc' dir='ltr'>τὸ</span> <span class='ocrx_word' id='word_1_161' title='bbox 1910 2345 1961 2401; x_wconf 90' lang='grc' dir='ltr'>ἐν</span> <span class='ocrx_word' id='word_1_162' title='bbox 2003 2351 2124 2408; x_wconf 89' lang='grc' dir='ltr'>ταῖς</span> 
     </span>
    </p>
   </div>
   <div class='ocr_carea' id='block_1_26' title="bbox 488 2429 2122 2510">
    <p class='ocr_par' dir='ltr' id='par_1_26' title="bbox 488 2429 2122 2510">
     <span class='ocr_line' id='line_1_26' title="bbox 488 2429 2122 2510; baseline 0.001 -22"><span class='ocrx_word' id='word_1_163' title='bbox 488 2429 666 2508; x_wconf 76' lang='grc' dir='ltr'>ἕδραις</span> <span class='ocrx_word' id='word_1_164' title='bbox 710 2430 1010 2509; x_wconf 77' lang='grc' dir='ltr'>πληγῆναι,</span> <span class='ocrx_word' id='word_1_165' title='bbox 1060 2431 1436 2510; x_wconf 86' lang='grc' dir='ltr'>ἐλεγχομένης</span> <span class='ocrx_word' id='word_1_166' title='bbox 1485 2435 1723 2499; x_wconf 86' lang='grc' dir='ltr'>ἐντεῦθεν</span> <span class='ocrx_word' id='word_1_167' title='bbox 1775 2441 1874 2504; x_wconf 84' lang='grc' dir='ltr'>τῆς</span> <span class='ocrx_word' id='word_1_168' title='bbox 1921 2435 2122 2491; x_wconf 85' lang='grc' dir='ltr'>ἀκολά-</span> 
     </span>
    </p>
   </div>
   <div class='ocr_carea' id='block_1_27' title="bbox 489 2521 1530 2599">
    <p class='ocr_par' dir='ltr' id='par_1_27' title="bbox 489 2521 1530 2599">
     <span class='ocr_line' id='line_1_27' title="bbox 489 2521 1530 2599; baseline 0.003 -21"><span class='ocrx_word' id='word_1_169' title='bbox 489 2543 616 2578; x_wconf 83' lang='grc' dir='ltr'>στου</span> <span class='ocrx_word' id='word_1_170' title='bbox 643 2521 733 2578; x_wconf 87' lang='grc' dir='ltr'>καὶ</span> <span class='ocrx_word' id='word_1_171' title='bbox 758 2521 1076 2599; x_wconf 79' lang='grc' dir='ltr'>ἀσχήμονος</span> <span class='ocrx_word' id='word_1_172' title='bbox 1107 2522 1280 2578; x_wconf 81' lang='grc' dir='ltr'>αὐτῶν</span> <span class='ocrx_word' id='word_1_173' title='bbox 1318 2525 1530 2599; x_wconf 84' lang='grc' dir='ltr'>βιοτῆς.</span> 
     </span>
    </p>
   </div>
   <div class='ocr_carea' id='block_1_28' title="bbox 563 2611 2120 2692">
    <p class='ocr_par' dir='ltr' id='par_1_28' title="bbox 563 2611 2120 2692">
     <span class='ocr_line' id='line_1_28' title="bbox 563 2611 2120 2692; baseline 0 -26"><span class='ocrx_word' id='word_1_174' title='bbox 563 2633 592 2666; x_wconf 76' lang='grc' dir='ltr'>α</span> <span class='ocrx_word' id='word_1_175' title='bbox 620 2611 719 2667; x_wconf 87' lang='lat' dir='ltr'><em>Kal</em></span> <span class='ocrx_word' id='word_1_176' title='bbox 774 2611 1028 2667; x_wconf 85' lang='grc' dir='ltr'>ἀπώσατο</span> <span class='ocrx_word' id='word_1_177' title='bbox 1084 2611 1147 2666; x_wconf 85' lang='grc' dir='ltr'>τὸ</span> <span class='ocrx_word' id='word_1_178' title='bbox 1205 2614 1467 2686; x_wconf 78' lang='grc' dir='ltr'>σκήνωμα</span> <span class='ocrx_word' id='word_1_179' title='bbox 1524 2614 1742 2692; x_wconf 82' lang='grc' dir='ltr'>Ἰωσήφ.</span> <span class='ocrx_word' id='word_1_180' title='bbox 1810 2637 1831 2664; x_wconf 70' lang='grc' dir='ltr'>η</span> <span class='ocrx_word' id='word_1_181' title='bbox 1891 2646 1960 2655; x_wconf 96' lang='grc'><strong>-</strong></span> <span class='ocrx_word' id='word_1_182' title='bbox 2013 2613 2120 2682; x_wconf 79' lang='grc' dir='ltr'>Τὴν</span> 
     </span>
    </p>
   </div>
   <div class='ocr_carea' id='block_1_29' title="bbox 490 2699 2122 2778">
    <p class='ocr_par' dir='ltr' id='par_1_29' title="bbox 490 2699 2122 2778">
     <span class='ocr_line' id='line_1_29' title="bbox 490 2699 2122 2778; baseline 0.001 -23"><span class='ocrx_word' id='word_1_183' title='bbox 490 2702 759 2772; x_wconf 89' lang='grc' dir='ltr'>σκήνωσιν</span> <span class='ocrx_word' id='word_1_184' title='bbox 803 2701 902 2769; x_wconf 82' lang='grc' dir='ltr'>τὴν</span> <span class='ocrx_word' id='word_1_185' title='bbox 954 2699 1006 2756; x_wconf 89' lang='grc' dir='ltr'>ἐν</span> <span class='ocrx_word' id='word_1_186' title='bbox 1050 2702 1272 2778; x_wconf 81' lang='grc' dir='ltr'>Ἰωσὴφ,</span> <span class='ocrx_word' id='word_1_187' title='bbox 1319 2699 1490 2757; x_wconf 62' lang='grc' dir='ltr'>είετουν</span> <span class='ocrx_word' id='word_1_188' title='bbox 1539 2703 1637 2770; x_wconf 80' lang='grc' dir='ltr'>τὴν</span> <span class='ocrx_word' id='word_1_189' title='bbox 1689 2701 1741 2757; x_wconf 89' lang='grc' dir='ltr'>ἐν</span> <span class='ocrx_word' id='word_1_190' title='bbox 1783 2707 1901 2764; x_wconf 90' lang='grc' dir='ltr'>τοῖς</span> <span class='ocrx_word' id='word_1_191' title='bbox 1947 2701 2122 2778; x_wconf 83' lang='grc' dir='ltr'>ὁρίοις</span> 
     </span>
    </p>
   </div>
   <div class='ocr_carea' id='block_1_30' title="bbox 489 2787 1704 2869">
    <p class='ocr_par' dir='ltr' id='par_1_30' title="bbox 489 2787 1704 2869">
     <span class='ocr_line' id='line_1_30' title="bbox 489 2787 1704 2869; baseline 0.004 -25"><span class='ocrx_word' id='word_1_192' title='bbox 489 2791 588 2859; x_wconf 74' lang='grc' dir='ltr'>τῆς</span> <span class='ocrx_word' id='word_1_193' title='bbox 618 2789 794 2869; x_wconf 76' lang='grc' dir='ltr'>φυλῆς</span> <span class='ocrx_word' id='word_1_194' title='bbox 820 2791 1041 2868; x_wconf 82' lang='grc' dir='ltr'>Ἰωσήφ.</span> <span class='ocrx_word' id='word_1_195' title='bbox 1074 2788 1232 2866; x_wconf 90' lang='grc' dir='ltr'>Λέγει</span> <span class='ocrx_word' id='word_1_196' title='bbox 1264 2787 1322 2845; x_wconf 69' lang='grc' dir='ltr'>δὲ</span> <span class='ocrx_word' id='word_1_197' title='bbox 1343 2791 1442 2860; x_wconf 75' lang='grc' dir='ltr'>τὴν</span> <span class='ocrx_word' id='word_1_198' title='bbox 1469 2788 1704 2862; x_wconf 83' lang='grc' dir='ltr'>Σηλώμ.</span> 
     </span>
    </p>
   </div>
   <div class='ocr_carea' id='block_1_31' title="bbox 561 2876 2121 2957">
    <p class='ocr_par' dir='ltr' id='par_1_31' title="bbox 561 2876 2121 2957">
     <span class='ocr_line' id='line_1_31' title="bbox 561 2876 2121 2957; baseline 0.003 -26"><span class='ocrx_word' id='word_1_199' title='bbox 561 2903 590 2931; x_wconf 85' lang='grc'>‹‹</span> <span class='ocrx_word' id='word_1_200' title='bbox 623 2878 726 2936; x_wconf 89' lang='lat' dir='ltr'>Kal</span> <span class='ocrx_word' id='word_1_201' title='bbox 745 2879 845 2948; x_wconf 80' lang='grc' dir='ltr'>τὴν</span> <span class='ocrx_word' id='word_1_202' title='bbox 873 2878 1050 2956; x_wconf 77' lang='grc' dir='ltr'>φυλὴν</span> <span class='ocrx_word' id='word_1_203' title='bbox 1081 2876 1318 2957; x_wconf 73' lang='grc' dir='ltr'>Ἐφραίμ</span> <span class='ocrx_word' id='word_1_204' title='bbox 1358 2878 1455 2935; x_wconf 78' lang='grc' dir='ltr'>οὐκ</span> <span class='ocrx_word' id='word_1_205' title='bbox 1510 2879 1802 2951; x_wconf 72' lang='grc' dir='ltr'>ἐξελέξατο.</span> <span class='ocrx_word' id='word_1_206' title='bbox 1836 2903 1864 2933; x_wconf 86' lang='lat'><strong>»</strong></span> <span class='ocrx_word' id='word_1_207' title='bbox 1896 2912 1965 2922; x_wconf 89' lang='lat'>-—</span> <span class='ocrx_word' id='word_1_208' title='bbox 1994 2883 2121 2935; x_wconf 86' lang='grc' dir='ltr'>Ὥσ-</span> 
     </span>
    </p>
   </div>
   <div class='ocr_carea' id='block_1_32' title="bbox 486 2965 2120 3046">
    <p class='ocr_par' dir='ltr' id='par_1_32' title="bbox 486 2965 2120 3046">
     <span class='ocr_line' id='line_1_32' title="bbox 486 2965 2120 3046; baseline 0.001 -22"><span class='ocrx_word' id='word_1_209' title='bbox 486 2988 546 3024; x_wconf 87' lang='grc' dir='ltr'>τε</span> <span class='ocrx_word' id='word_1_210' title='bbox 605 2965 918 3043; x_wconf 88' lang='grc' dir='ltr'>βασιλεῦσαι</span> <span class='ocrx_word' id='word_1_211' title='bbox 981 2967 1169 3039; x_wconf 74' lang='grc' dir='ltr'>αὐτὴν,</span> <span class='ocrx_word' id='word_1_212' title='bbox 1220 2969 1310 3024; x_wconf 85' lang='grc' dir='ltr'>καὶ</span> <span class='ocrx_word' id='word_1_213' title='bbox 1375 2967 1643 3041; x_wconf 75' lang='grc' dir='ltr'>ἐξελέξατο</span> <span class='ocrx_word' id='word_1_214' title='bbox 1706 2970 1784 3032; x_wconf 79' lang='grc' dir='ltr'>εἰς</span> <span class='ocrx_word' id='word_1_215' title='bbox 1843 2968 2120 3046; x_wconf 87' lang='grc' dir='ltr'>βασιλείαν</span> 
     </span>
    </p>
   </div>
   <div class='ocr_carea' id='block_1_33' title="bbox 489 3054 730 3128">
    <p class='ocr_par' dir='ltr' id='par_1_33' title="bbox 489 3054 730 3128">
     <span class='ocr_line' id='line_1_33' title="bbox 489 3054 730 3128; baseline 0 -16"><span class='ocrx_word' id='word_1_216' title='bbox 489 3054 704 3128; x_wconf 85' lang='grc' dir='ltr'>δηλαδή</span> <span class='ocrx_word' id='word_1_217' title='bbox 718 3100 730 3112; x_wconf 93' lang='grc'>.</span> 
     </span>
    </p>
   </div>
   <div class='ocr_carea' id='block_1_34' title="bbox 559 3143 2120 3224">
    <p class='ocr_par' dir='ltr' id='par_1_34' title="bbox 559 3143 2120 3224">
     <span class='ocr_line' id='line_1_34' title="bbox 559 3143 2120 3224; baseline 0.002 -25"><span class='ocrx_word' id='word_1_218' title='bbox 559 3170 588 3199; x_wconf 85' lang='grc' dir='ltr'>ι(</span> <span class='ocrx_word' id='word_1_219' title='bbox 620 3145 723 3204; x_wconf 89' lang='lat' dir='ltr'>Kal</span> <span class='ocrx_word' id='word_1_220' title='bbox 779 3143 1052 3220; x_wconf 70' lang='grc' dir='ltr'>ἐξελέξατο</span> <span class='ocrx_word' id='word_1_221' title='bbox 1100 3146 1201 3215; x_wconf 78' lang='grc' dir='ltr'>τήν</span> <span class='ocrx_word' id='word_1_222' title='bbox 1275 3144 1452 3223; x_wconf 78' lang='grc' dir='ltr'>φυλὴν</span> <span class='ocrx_word' id='word_1_223' title='bbox 1511 3144 1706 3217; x_wconf 81' lang='grc' dir='ltr'>Ἰούδα,</span> <span class='ocrx_word' id='word_1_224' title='bbox 1759 3148 1823 3202; x_wconf 88' lang='grc' dir='ltr'>τὸ</span> <span class='ocrx_word' id='word_1_225' title='bbox 1881 3143 2006 3224; x_wconf 79' lang='grc' dir='ltr'>ὅρος</span> <span class='ocrx_word' id='word_1_226' title='bbox 2056 3148 2120 3204; x_wconf 86' lang='grc' dir='ltr'>τὸ</span> 
     </span>
    </p>
   </div>
   <div class='ocr_carea' id='block_1_35' title="bbox 487 3235 2114 3311">
    <p class='ocr_par' dir='ltr' id='par_1_35' title="bbox 487 3235 2114 3311">
     <span class='ocr_line' id='line_1_35' title="bbox 487 3235 2114 3311; baseline 0.002 -22"><span class='ocrx_word' id='word_1_227' title='bbox 487 3235 629 3290; x_wconf 89' lang='grc' dir='ltr'>Σιὼν</span> <span class='ocrx_word' id='word_1_228' title='bbox 659 3236 690 3290; x_wconf 83' lang='lat'>&#39;6</span> <span class='ocrx_word' id='word_1_229' title='bbox 719 3236 986 3311; x_wconf 76' lang='grc' dir='ltr'>ἠγάπησε.</span> <span class='ocrx_word' id='word_1_230' title='bbox 1020 3258 1141 3286; x_wconf 85' lang='grc'>››-</span> <span class='ocrx_word' id='word_1_231' title='bbox 1169 3235 1310 3292; x_wconf 84' lang='grc' dir='ltr'>’Δντὶ</span> <span class='ocrx_word' id='word_1_232' title='bbox 1361 3236 1455 3308; x_wconf 77' lang='grc' dir='ltr'>μὶν</span> <span class='ocrx_word' id='word_1_233' title='bbox 1507 3243 1607 3306; x_wconf 82' lang='grc' dir='ltr'>τῆς</span> <span class='ocrx_word' id='word_1_234' title='bbox 1656 3235 1872 3310; x_wconf 87' lang='grc' dir='ltr'>Σηλὼμ</span> <span class='ocrx_word' id='word_1_235' title='bbox 1914 3243 2015 3306; x_wconf 84' lang='grc' dir='ltr'>τῆς</span> <span class='ocrx_word' id='word_1_236' title='bbox 2063 3237 2114 3293; x_wconf 86' lang='grc' dir='ltr'>ἐν</span> 
     </span>
    </p>
   </div>
   <div class='ocr_carea' id='block_1_36' title="bbox 485 3290 2191 3402">
    <p class='ocr_par' dir='ltr' id='par_1_36' title="bbox 485 3290 2191 3402">
     <span class='ocr_line' id='line_1_36' title="bbox 485 3290 2191 3402; baseline 0.001 -23"><span class='ocrx_word' id='word_1_237' title='bbox 485 3328 565 3396; x_wconf 80' lang='grc' dir='ltr'>τῷ</span> <span class='ocrx_word' id='word_1_238' title='bbox 594 3321 706 3400; x_wconf 75' lang='grc' dir='ltr'>δρει</span> <span class='ocrx_word' id='word_1_239' title='bbox 743 3290 992 3402; x_wconf 44' lang='grc' dir='ltr'>’Ἐφραὶμ</span> <span class='ocrx_word' id='word_1_240' title='bbox 1037 3290 1308 3395; x_wconf 71' lang='grc' dir='ltr'>ἐξελέξατο</span> <span class='ocrx_word' id='word_1_241' title='bbox 1356 3290 1434 3386; x_wconf 80' lang='grc' dir='ltr'>έῖς</span> <span class='ocrx_word' id='word_1_242' title='bbox 1478 3290 1776 3380; x_wconf 64' lang='grc' dir='ltr'>κατοικίαν</span> <span class='ocrx_word' id='word_1_243' title='bbox 1801 3290 1900 3394; x_wconf 52' lang='grc' dir='ltr'>τέῆς</span> <span class='ocrx_word' id='word_1_244' title='bbox 2148 3290 2191 3357; x_wconf 77' lang='lat' dir='ltr'>C</span> 
     </span>
    </p>
   </div>
   <div class='ocr_carea' id='block_1_37' title="bbox 491 3411 2121 3489">
    <p class='ocr_par' dir='ltr' id='par_1_37' title="bbox 491 3411 2121 3489">
     <span class='ocr_line' id='line_1_37' title="bbox 491 3411 2121 3489; baseline 0.001 -21"><span class='ocrx_word' id='word_1_245' title='bbox 491 3417 611 3484; x_wconf 91' lang='grc' dir='ltr'>τοῦ,</span> <span class='ocrx_word' id='word_1_246' title='bbox 649 3413 679 3468; x_wconf 82' lang='grc' dir='ltr'><strong>’ὀ</strong></span> <span class='ocrx_word' id='word_1_247' title='bbox 725 3412 816 3468; x_wconf 83' lang='grc' dir='ltr'>καῖ</span> <span class='ocrx_word' id='word_1_248' title='bbox 869 3414 1210 3488; x_wconf 83' lang='grc' dir='ltr'>ἀγαπηθῆναι</span> <span class='ocrx_word' id='word_1_249' title='bbox 1260 3412 1430 3488; x_wconf 91' lang='grc' dir='ltr'>λέγει,</span> <span class='ocrx_word' id='word_1_250' title='bbox 1480 3411 1568 3468; x_wconf 82' lang='grc' dir='ltr'>διὰ</span> <span class='ocrx_word' id='word_1_251' title='bbox 1612 3415 1676 3469; x_wconf 90' lang='grc' dir='ltr'>τὸ</span> <span class='ocrx_word' id='word_1_252' title='bbox 1725 3414 2121 3489; x_wconf 87' lang='grc' dir='ltr'>μεγαλυνθῆναι</span> 
     </span>
    </p>
   </div>
   <div class='ocr_carea' id='block_1_38' title="bbox 494 3497 2123 3580">
    <p class='ocr_par' dir='ltr' id='par_1_38' title="bbox 494 3497 2123 3580">
     <span class='ocr_line' id='line_1_38' title="bbox 494 3497 2123 3580; baseline 0.001 -23"><span class='ocrx_word' id='word_1_253' title='bbox 494 3501 585 3557; x_wconf 76' lang='grc' dir='ltr'>καὶ</span> <span class='ocrx_word' id='word_1_254' title='bbox 620 3500 916 3576; x_wconf 76' lang='grc' dir='ltr'>ὀνομαστὸν</span> <span class='ocrx_word' id='word_1_255' title='bbox 947 3503 1188 3578; x_wconf 89' lang='grc' dir='ltr'>γενέσθαι</span> <span class='ocrx_word' id='word_1_256' title='bbox 1221 3503 1308 3580; x_wconf 84' lang='grc' dir='ltr'>ἀφ’</span> <span class='ocrx_word' id='word_1_257' title='bbox 1339 3499 1400 3556; x_wconf 80' lang='grc' dir='ltr'>οὗ</span> <span class='ocrx_word' id='word_1_258' title='bbox 1436 3503 1536 3571; x_wconf 83' lang='grc' dir='ltr'>τήν</span> <span class='ocrx_word' id='word_1_259' title='bbox 1587 3497 1820 3558; x_wconf 76' lang='grc' dir='ltr'>κιϐωτὸν</span> <span class='ocrx_word' id='word_1_260' title='bbox 1874 3501 2123 3577; x_wconf 79' lang='grc' dir='ltr'>ὑπεδέξα-</span> 
     </span>
    </p>
   </div>
   <div class='ocr_carea' id='block_1_39' title="bbox 490 3587 2127 3670">
    <p class='ocr_par' dir='ltr' id='par_1_39' title="bbox 490 3587 2127 3670">
     <span class='ocr_line' id='line_1_39' title="bbox 490 3587 2127 3670; baseline 0.001 -25"><span class='ocrx_word' id='word_1_261' title='bbox 490 3610 574 3645; x_wconf 91' lang='grc' dir='ltr'>το.</span> <span class='ocrx_word' id='word_1_262' title='bbox 607 3590 750 3647; x_wconf 81' lang='grc' dir='ltr'>Ἀντὶ</span> <span class='ocrx_word' id='word_1_263' title='bbox 782 3587 840 3645; x_wconf 78' lang='grc' dir='ltr'>δὲ</span> <span class='ocrx_word' id='word_1_264' title='bbox 897 3597 997 3660; x_wconf 86' lang='grc' dir='ltr'>τῆς</span> <span class='ocrx_word' id='word_1_265' title='bbox 1047 3587 1446 3668; x_wconf 84' lang='grc' dir='ltr'>ἀνδρικωτάτης</span> <span class='ocrx_word' id='word_1_266' title='bbox 1495 3589 1686 3669; x_wconf 81' lang='grc' dir='ltr'>φωλῆς</span> <span class='ocrx_word' id='word_1_267' title='bbox 1735 3596 1831 3646; x_wconf 91' lang='grc' dir='ltr'>τοῦ</span> <span class='ocrx_word' id='word_1_268' title='bbox 1889 3593 2127 3670; x_wconf 63' lang='grc' dir='ltr'>Ἐφραὶμ</span> 
     </span>
    </p>
   </div>
   <div class='ocr_carea' id='block_1_40' title="bbox 493 3675 2122 3757">
    <p class='ocr_par' dir='ltr' id='par_1_40' title="bbox 493 3675 2122 3757">
     <span class='ocr_line' id='line_1_40' title="bbox 493 3675 2122 3757; baseline 0.002 -25"><span class='ocrx_word' id='word_1_269' title='bbox 493 3675 762 3749; x_wconf 75' lang='grc' dir='ltr'>ἐξελέξατο</span> <span class='ocrx_word' id='word_1_270' title='bbox 830 3679 907 3741; x_wconf 84' lang='grc' dir='ltr'>εἷς</span> <span class='ocrx_word' id='word_1_271' title='bbox 967 3676 1242 3755; x_wconf 89' lang='grc' dir='ltr'>βασιλείαν</span> <span class='ocrx_word' id='word_1_272' title='bbox 1295 3680 1396 3750; x_wconf 75' lang='grc' dir='ltr'>τὴν</span> <span class='ocrx_word' id='word_1_273' title='bbox 1450 3677 1626 3735; x_wconf 80' lang='grc' dir='ltr'>Ἰούδα</span> <span class='ocrx_word' id='word_1_274' title='bbox 1689 3679 1890 3757; x_wconf 76' lang='grc' dir='ltr'>φυλήν,</span> <span class='ocrx_word' id='word_1_275' title='bbox 1941 3684 2007 3750; x_wconf 74' lang='grc' dir='ltr'>ἧς</span> <span class='ocrx_word' id='word_1_276' title='bbox 2055 3682 2122 3752; x_wconf 79' lang='grc' dir='ltr'>ἦν</span> 
     </span>
    </p>
   </div>
   <div class='ocr_carea' id='block_1_41' title="bbox 491 3766 2126 3848">
    <p class='ocr_par' dir='ltr' id='par_1_41' title="bbox 491 3766 2126 3848">
     <span class='ocr_line' id='line_1_41' title="bbox 491 3766 2126 3848; baseline 0.001 -24"><span class='ocrx_word' id='word_1_277' title='bbox 491 3769 524 3824; x_wconf 84' lang='lat'>6</span> <span class='ocrx_word' id='word_1_278' title='bbox 547 3766 730 3824; x_wconf 73' lang='grc' dir='ltr'>Δαυίδο</span> <span class='ocrx_word' id='word_1_279' title='bbox 760 3769 830 3823; x_wconf 81' lang='grc' dir='ltr'>τὰ</span> <span class='ocrx_word' id='word_1_280' title='bbox 855 3769 958 3845; x_wconf 79' lang='grc' dir='ltr'>γὰρ</span> <span class='ocrx_word' id='word_1_281' title='bbox 987 3769 1123 3824; x_wconf 81' lang='grc' dir='ltr'>κατὰ</span> <span class='ocrx_word' id='word_1_282' title='bbox 1147 3769 1239 3824; x_wconf 88' lang='grc' dir='ltr'>τὸν</span> <span class='ocrx_word' id='word_1_283' title='bbox 1275 3766 1454 3824; x_wconf 77' lang='grc' dir='ltr'>Σαοὺλ</span> <span class='ocrx_word' id='word_1_284' title='bbox 1515 3767 1573 3823; x_wconf 85' lang='grc' dir='ltr'>ἐκ</span> <span class='ocrx_word' id='word_1_285' title='bbox 1615 3775 1718 3839; x_wconf 83' lang='grc' dir='ltr'>τῆς</span> <span class='ocrx_word' id='word_1_286' title='bbox 1764 3767 1941 3848; x_wconf 77' lang='grc' dir='ltr'>φυλῆς</span> <span class='ocrx_word' id='word_1_287' title='bbox 1997 3766 2126 3827; x_wconf 71' lang='grc' dir='ltr'>ὄντα</span> 
     </span>
    </p>
   </div>
   <div class='ocr_carea' id='block_1_42' title="bbox 493 3854 2126 3933">
    <p class='ocr_par' dir='ltr' id='par_1_42' title="bbox 493 3854 2126 3933">
     <span class='ocr_line' id='line_1_42' title="bbox 493 3854 2126 3933; baseline 0.001 -19"><span class='ocrx_word' id='word_1_288' title='bbox 493 3859 743 3933; x_wconf 86' lang='grc' dir='ltr'>Βενιαμὶν</span> <span class='ocrx_word' id='word_1_289' title='bbox 811 3859 1215 3932; x_wconf 88' lang='grc' dir='ltr'>παρεσιώπησε,</span> <span class='ocrx_word' id='word_1_290' title='bbox 1275 3854 1364 3912; x_wconf 81' lang='grc' dir='ltr'>διὰ</span> <span class='ocrx_word' id='word_1_291' title='bbox 1432 3859 1497 3913; x_wconf 91' lang='grc' dir='ltr'>τὸ</span> <span class='ocrx_word' id='word_1_292' title='bbox 1574 3855 1715 3930; x_wconf 80' lang='grc' dir='ltr'>μηδὲ</span> <span class='ocrx_word' id='word_1_293' title='bbox 1785 3859 1921 3914; x_wconf 87' lang='grc' dir='ltr'>κατᾶ</span> <span class='ocrx_word' id='word_1_294' title='bbox 1982 3859 2126 3924; x_wconf 87' lang='grc' dir='ltr'>θείαν</span> 
     </span>
    </p>
   </div>
   <div class='ocr_carea' id='block_1_43' title="bbox 490 3943 2120 4025">
    <p class='ocr_par' dir='ltr' id='par_1_43' title="bbox 490 3943 2120 4025">
     <span class='ocr_line' id='line_1_43' title="bbox 490 3943 2120 4025; baseline -0.001 -20"><span class='ocrx_word' id='word_1_295' title='bbox 490 3947 716 4018; x_wconf 71' lang='grc' dir='ltr'>ἐντολὴν</span> <span class='ocrx_word' id='word_1_296' title='bbox 759 3947 1014 4025; x_wconf 87' lang='grc' dir='ltr'>γενέσεως</span> <span class='ocrx_word' id='word_1_297' title='bbox 1059 3951 1129 4020; x_wconf 80' lang='grc' dir='ltr'>τῇ</span> <span class='ocrx_word' id='word_1_298' title='bbox 1186 3943 1434 4022; x_wconf 84' lang='grc' dir='ltr'>βασιλείᾳ</span> <span class='ocrx_word' id='word_1_299' title='bbox 1478 3945 1662 4019; x_wconf 76' lang='grc' dir='ltr'>αὐτοῦ,</span> <span class='ocrx_word' id='word_1_300' title='bbox 1702 3943 1849 4002; x_wconf 81' lang='grc' dir='ltr'>ἀλλὰ</span> <span class='ocrx_word' id='word_1_301' title='bbox 1890 3945 1979 4003; x_wconf 81' lang='grc' dir='ltr'>διὰ</span> <span class='ocrx_word' id='word_1_302' title='bbox 2021 3949 2120 4018; x_wconf 80' lang='grc' dir='ltr'>τὴν</span> 
     </span>
    </p>
   </div>
   <div class='ocr_carea' id='block_1_44' title="bbox 484 4035 986 4093">
    <p class='ocr_par' dir='ltr' id='par_1_44' title="bbox 484 4035 986 4093">
     <span class='ocr_line' id='line_1_44' title="bbox 484 4035 986 4093; baseline 0 -1"><span class='ocrx_word' id='word_1_303' title='bbox 484 4035 584 4093; x_wconf 81' lang='grc' dir='ltr'>τοῦ</span> <span class='ocrx_word' id='word_1_304' title='bbox 614 4036 748 4093; x_wconf 88' lang='grc' dir='ltr'>λαοῦ</span> <span class='ocrx_word' id='word_1_305' title='bbox 776 4035 986 4092; x_wconf 88' lang='grc' dir='ltr'>κακίαν.</span> 
     </span>
    </p>
   </div>
   <div class='ocr_carea' id='block_1_45' title="bbox 563 4121 2122 4201">
    <p class='ocr_par' dir='ltr' id='par_1_45' title="bbox 563 4121 2122 4201">
     <span class='ocr_line' id='line_1_45' title="bbox 563 4121 2122 4201; baseline 0.002 -23"><span class='ocrx_word' id='word_1_306' title='bbox 563 4151 584 4178; x_wconf 78' lang='grc' dir='ltr'>ι</span> <span class='ocrx_word' id='word_1_307' title='bbox 620 4126 719 4181; x_wconf 87' lang='lat' dir='ltr'>Kal</span> <span class='ocrx_word' id='word_1_308' title='bbox 766 4121 1116 4199; x_wconf 86' lang='grc' dir='ltr'>ᾠκοδόμησεν</span> <span class='ocrx_word' id='word_1_309' title='bbox 1159 4123 1235 4187; x_wconf 88' lang='grc' dir='ltr'>ὡς</span> <span class='ocrx_word' id='word_1_310' title='bbox 1304 4125 1678 4201; x_wconf 90' lang='grc' dir='ltr'>μονοκέρωτος</span> <span class='ocrx_word' id='word_1_311' title='bbox 1749 4125 1813 4180; x_wconf 89' lang='grc' dir='ltr'>τὸ</span> <span class='ocrx_word' id='word_1_312' title='bbox 1881 4124 2122 4200; x_wconf 86' lang='grc' dir='ltr'>ἁγίασμα</span> 
     </span>
    </p>
   </div>
   <div class='ocr_carea' id='block_1_46' title="bbox 484 4211 2113 4291">
    <p class='ocr_par' dir='ltr' id='par_1_46' title="bbox 484 4211 2113 4291">
     <span class='ocr_line' id='line_1_46' title="bbox 484 4211 2113 4291; baseline -0.002 -19"><span class='ocrx_word' id='word_1_313' title='bbox 484 4217 650 4272; x_wconf 82' lang='grc' dir='ltr'>αὐτοῦ</span> <span class='ocrx_word' id='word_1_314' title='bbox 678 4215 728 4270; x_wconf 89' lang='grc' dir='ltr'>ἐν</span> <span class='ocrx_word' id='word_1_315' title='bbox 756 4218 824 4289; x_wconf 81' lang='grc' dir='ltr'>τῇ</span> <span class='ocrx_word' id='word_1_316' title='bbox 871 4217 965 4291; x_wconf 78' lang='grc' dir='ltr'>γῇ,</span> <span class='ocrx_word' id='word_1_317' title='bbox 994 4211 1345 4287; x_wconf 88' lang='grc' dir='ltr'>ἐθεμελίωσεν</span> <span class='ocrx_word' id='word_1_318' title='bbox 1390 4212 1555 4284; x_wconf 73' lang='grc' dir='ltr'>αὐτὴν</span> <span class='ocrx_word' id='word_1_319' title='bbox 1606 4213 1682 4275; x_wconf 83' lang='grc' dir='ltr'>εἰς</span> <span class='ocrx_word' id='word_1_320' title='bbox 1725 4215 1816 4268; x_wconf 89' lang='grc' dir='ltr'>τὸν</span> <span class='ocrx_word' id='word_1_321' title='bbox 1866 4215 2054 4272; x_wconf 84' lang='grc' dir='ltr'>αἰῶνα.</span> <span class='ocrx_word' id='word_1_322' title='bbox 2091 4240 2113 4268; x_wconf 73' lang='grc' dir='ltr'>ι</span> 
     </span>
    </p>
   </div>
   <div class='ocr_carea' id='block_1_47' title="bbox 489 4302 2115 4381">
    <p class='ocr_par' dir='ltr' id='par_1_47' title="bbox 489 4302 2115 4381">
     <span class='ocr_line' id='line_1_47' title="bbox 489 4302 2115 4381; baseline -0.004 -18"><span class='ocrx_word' id='word_1_323' title='bbox 489 4305 593 4364; x_wconf 83' lang='grc' dir='ltr'>Καὶ</span> <span class='ocrx_word' id='word_1_324' title='bbox 643 4302 993 4378; x_wconf 85' lang='grc' dir='ltr'>ᾠκοδόμησεν</span> <span class='ocrx_word' id='word_1_325' title='bbox 1042 4303 1119 4366; x_wconf 84' lang='grc' dir='ltr'>ὡς</span> <span class='ocrx_word' id='word_1_326' title='bbox 1163 4302 1576 4378; x_wconf 88' lang='grc' dir='ltr'>ἀντιχρονικῶς·</span> <span class='ocrx_word' id='word_1_327' title='bbox 1627 4302 1954 4381; x_wconf 80' lang='grc' dir='ltr'>προφητεύει</span> <span class='ocrx_word' id='word_1_328' title='bbox 2013 4305 2115 4380; x_wconf 79' lang='grc' dir='ltr'>γὰρ</span> 
     </span>
    </p>
   </div>
   <div class='ocr_carea' id='block_1_48' title="bbox 478 4389 2114 4472">
    <p class='ocr_par' dir='ltr' id='par_1_48' title="bbox 478 4389 2114 4472">
     <span class='ocr_line' id='line_1_48' title="bbox 478 4389 2114 4472; baseline -0.002 -21"><span class='ocrx_word' id='word_1_329' title='bbox 478 4399 567 4451; x_wconf 91' lang='grc' dir='ltr'>νῦν</span> <span class='ocrx_word' id='word_1_330' title='bbox 594 4393 718 4472; x_wconf 88' lang='grc' dir='ltr'>περὶ</span> <span class='ocrx_word' id='word_1_331' title='bbox 745 4398 842 4449; x_wconf 88' lang='grc' dir='ltr'>τοῦ</span> <span class='ocrx_word' id='word_1_332' title='bbox 874 4392 925 4448; x_wconf 92' lang='grc' dir='ltr'>ἐν</span> <span class='ocrx_word' id='word_1_333' title='bbox 954 4391 1358 4469; x_wconf 87' lang='grc' dir='ltr'>Ἰεροσολύμοις</span> <span class='ocrx_word' id='word_1_334' title='bbox 1386 4396 1538 4448; x_wconf 90' lang='grc' dir='ltr'>ναοῦ.</span> <span class='ocrx_word' id='word_1_335' title='bbox 1569 4391 1648 4449; x_wconf 87' lang='grc' dir='ltr'>Τὸ</span> <span class='ocrx_word' id='word_1_336' title='bbox 1679 4389 1736 4446; x_wconf 76' lang='grc' dir='ltr'>δὲ</span> <span class='ocrx_word' id='word_1_337' title='bbox 1765 4392 1840 4454; x_wconf 86' lang='grc' dir='ltr'>ὡς</span> <span class='ocrx_word' id='word_1_338' title='bbox 1893 4392 2114 4466; x_wconf 85' lang='grc' dir='ltr'>μονοκέ-</span> 
     </span>
    </p>
   </div>
   <div class='ocr_carea' id='block_1_49' title="bbox 479 4482 2114 4561">
    <p class='ocr_par' dir='ltr' id='par_1_49' title="bbox 479 4482 2114 4561">
     <span class='ocr_line' id='line_1_49' title="bbox 479 4482 2114 4561; baseline -0.002 -21"><span class='ocrx_word' id='word_1_339' title='bbox 479 4504 641 4561; x_wconf 89' lang='grc' dir='ltr'>ρατος</span> <span class='ocrx_word' id='word_1_340' title='bbox 695 4483 1198 4559; x_wconf 89' lang='grc' dir='ltr'>προσυπακουστέον</span> <span class='ocrx_word' id='word_1_341' title='bbox 1252 4482 1314 4536; x_wconf 89' lang='grc' dir='ltr'>τὸ</span> <span class='ocrx_word' id='word_1_342' title='bbox 1369 4482 1550 4557; x_wconf 86' lang='grc' dir='ltr'>κέρας.</span> <span class='ocrx_word' id='word_1_343' title='bbox 1597 4483 1800 4558; x_wconf 83' lang='grc' dir='ltr'>Ὥσπερ</span> <span class='ocrx_word' id='word_1_344' title='bbox 1858 4482 1960 4559; x_wconf 82' lang='grc' dir='ltr'>γὰρ</span> <span class='ocrx_word' id='word_1_345' title='bbox 2017 4486 2114 4537; x_wconf 90' lang='grc' dir='ltr'>τοῦ</span> 
     </span>
    </p>
   </div>
   <div class='ocr_carea' id='block_1_50' title="bbox 480 4567 2110 4649">
    <p class='ocr_par' dir='ltr' id='par_1_50' title="bbox 480 4567 2110 4649">
     <span class='ocr_line' id='line_1_50' title="bbox 480 4567 2110 4649; baseline -0.001 -21"><span class='ocrx_word' id='word_1_346' title='bbox 480 4573 856 4649; x_wconf 90' lang='grc' dir='ltr'>μονοκέρωτος</span> <span class='ocrx_word' id='word_1_347' title='bbox 883 4571 948 4626; x_wconf 92' lang='grc' dir='ltr'>τὸ</span> <span class='ocrx_word' id='word_1_348' title='bbox 972 4570 1128 4648; x_wconf 89' lang='grc' dir='ltr'>κέρας</span> <span class='ocrx_word' id='word_1_349' title='bbox 1155 4567 1211 4626; x_wconf 77' lang='grc' dir='ltr'>ἓν</span> <span class='ocrx_word' id='word_1_350' title='bbox 1249 4568 1381 4642; x_wconf 89' lang='grc' dir='ltr'>ἐστι,</span> <span class='ocrx_word' id='word_1_351' title='bbox 1411 4570 1501 4624; x_wconf 80' lang='grc' dir='ltr'>καὶ</span> <span class='ocrx_word' id='word_1_352' title='bbox 1544 4569 1790 4646; x_wconf 87' lang='grc' dir='ltr'>μέγιστον</span> <span class='ocrx_word' id='word_1_353' title='bbox 1840 4570 1930 4626; x_wconf 86' lang='grc' dir='ltr'>καὶ</span> <span class='ocrx_word' id='word_1_354' title='bbox 1976 4570 2110 4627; x_wconf 84' lang='grc' dir='ltr'>κάλ-</span> 
     </span>
    </p>
   </div>
   <div class='ocr_carea' id='block_1_51' title="bbox 2231 629 3885 714">
    <p class='ocr_par' dir='ltr' id='par_1_51' title="bbox 2231 629 3885 714">
     <span class='ocr_line' id='line_1_51' title="bbox 2231 629 3885 714; baseline 0.007 -28"><span class='ocrx_word' id='word_1_355' title='bbox 2231 629 2345 694; x_wconf 90' lang='grc' dir='ltr'>δίας</span> <span class='ocrx_word' id='word_1_356' title='bbox 2401 633 2586 688; x_wconf 85' lang='grc' dir='ltr'>αὐτοῦ·</span> <span class='ocrx_word' id='word_1_357' title='bbox 2637 631 2727 687; x_wconf 89' lang='grc' dir='ltr'>καὶ</span> <span class='ocrx_word' id='word_1_358' title='bbox 2778 631 2826 688; x_wconf 89' lang='grc' dir='ltr'>ἐν</span> <span class='ocrx_word' id='word_1_359' title='bbox 2874 639 2993 695; x_wconf 89' lang='grc' dir='ltr'>ταῖς</span> <span class='ocrx_word' id='word_1_360' title='bbox 3047 635 3288 690; x_wconf 89' lang='grc' dir='ltr'>συνέσεσι</span> <span class='ocrx_word' id='word_1_361' title='bbox 3314 641 3425 692; x_wconf 91' lang='grc' dir='ltr'>τῶν</span> <span class='ocrx_word' id='word_1_362' title='bbox 3455 643 3674 714; x_wconf 83' lang='grc' dir='ltr'>χειρῶν</span> <span class='ocrx_word' id='word_1_363' title='bbox 3736 640 3885 696; x_wconf 66' lang='grc' dir='ltr'>αὐτοῦ</span> 
     </span>
    </p>
   </div>
   <div class='ocr_carea' id='block_1_52' title="bbox 2231 719 3884 805">
    <p class='ocr_par' dir='ltr' id='par_1_52' title="bbox 2231 719 3884 805">
     <span class='ocr_line' id='line_1_52' title="bbox 2231 719 3884 805; baseline 0.004 -30"><span class='ocrx_word' id='word_1_364' title='bbox 2231 719 2518 797; x_wconf 83' lang='grc' dir='ltr'>ὡδήγησεν</span> <span class='ocrx_word' id='word_1_365' title='bbox 2570 720 2786 784; x_wconf 81' lang='grc' dir='ltr'>αὐτούς.</span> <span class='ocrx_word' id='word_1_366' title='bbox 2832 745 2860 775; x_wconf 86' lang='grc'>››</span> <span class='ocrx_word' id='word_1_367' title='bbox 2909 755 2977 765; x_wconf 91' lang='grc'><strong>-</strong></span> <span class='ocrx_word' id='word_1_368' title='bbox 3008 723 3262 779; x_wconf 84' lang='grc' dir='ltr'>Ἀκακίαν</span> <span class='ocrx_word' id='word_1_369' title='bbox 3313 726 3408 798; x_wconf 86' lang='grc' dir='ltr'>μέν</span> <span class='ocrx_word' id='word_1_370' title='bbox 3459 748 3634 805; x_wconf 79' lang='grc' dir='ltr'>φησιν</span> <span class='ocrx_word' id='word_1_371' title='bbox 3687 727 3884 801; x_wconf 75' lang='grc' dir='ltr'>ἀπόνηο</span> 
     </span>
    </p>
   </div>
   <div class='ocr_carea' id='block_1_53' title="bbox 2230 809 3879 895">
    <p class='ocr_par' dir='ltr' id='par_1_53' title="bbox 2230 809 3879 895">
     <span class='ocr_line' id='line_1_53' title="bbox 2230 809 3879 895; baseline 0.004 -32"><span class='ocrx_word' id='word_1_372' title='bbox 2230 830 2344 886; x_wconf 92' lang='grc' dir='ltr'>ρον,</span> <span class='ocrx_word' id='word_1_373' title='bbox 2398 810 2486 865; x_wconf 85' lang='grc' dir='ltr'>καὶ</span> <span class='ocrx_word' id='word_1_374' title='bbox 2539 809 2772 881; x_wconf 84' lang='grc' dir='ltr'>ἁπλοῦν,</span> <span class='ocrx_word' id='word_1_375' title='bbox 2819 811 2910 866; x_wconf 83' lang='grc' dir='ltr'>καὶ</span> <span class='ocrx_word' id='word_1_376' title='bbox 2983 817 3179 887; x_wconf 80' lang='grc' dir='ltr'>πρᾶον·</span> <span class='ocrx_word' id='word_1_377' title='bbox 3248 813 3488 878; x_wconf 88' lang='grc' dir='ltr'>συνέσεις</span> <span class='ocrx_word' id='word_1_378' title='bbox 3557 813 3620 871; x_wconf 76' lang='grc' dir='ltr'>δὲ</span> <span class='ocrx_word' id='word_1_379' title='bbox 3689 823 3879 895; x_wconf 63' lang='grc' dir='ltr'>χειρῶν,</span> 
     </span>
    </p>
   </div>
   <div class='ocr_carea' id='block_1_54' title="bbox 2225 898 3015 977">
    <p class='ocr_par' dir='ltr' id='par_1_54' title="bbox 2225 898 3015 977">
     <span class='ocr_line' id='line_1_54' title="bbox 2225 898 3015 977; baseline 0.003 -24"><span class='ocrx_word' id='word_1_380' title='bbox 2225 899 2321 962; x_wconf 80' lang='grc' dir='ltr'>τὰς</span> <span class='ocrx_word' id='word_1_381' title='bbox 2354 898 2748 975; x_wconf 87' lang='grc' dir='ltr'>λελογισμένας</span> <span class='ocrx_word' id='word_1_382' title='bbox 2777 900 3015 977; x_wconf 84' lang='grc' dir='ltr'>πράξεις.</span> 
     </span>
    </p>
   </div>
   <div class='ocr_carea' id='block_1_55' title="bbox 2813 1065 3268 1120">
    <p class='ocr_par' dir='ltr' id='par_1_55' title="bbox 2813 1065 3268 1120">
     <span class='ocr_line' id='line_1_55' title="bbox 2813 1065 3268 1120; baseline 0.009 -4"><span class='ocrx_word' id='word_1_383' title='bbox 2813 1068 3104 1118; x_wconf 82' lang='grc' dir='ltr'>ΨΑΛΜΟΣ</span> <span class='ocrx_word' id='word_1_384' title='bbox 3145 1065 3268 1120; x_wconf 84' lang='grc' dir='ltr'>ΟΗ’.</span> 
     </span>
    </p>
   </div>
   <div class='ocr_carea' id='block_1_56' title="bbox 2305 1201 3877 1282">
    <p class='ocr_par' dir='ltr' id='par_1_56' title="bbox 2305 1201 3877 1282">
     <span class='ocr_line' id='line_1_56' title="bbox 2305 1201 3877 1282; baseline 0.008 -30"><span class='ocrx_word' id='word_1_385' title='bbox 2305 1226 2327 1251; x_wconf 78' lang='grc' dir='ltr'>ι</span> <span class='ocrx_word' id='word_1_386' title='bbox 2363 1201 2597 1274; x_wconf 82' lang='grc' dir='ltr'>Ψαλμὸς</span> <span class='ocrx_word' id='word_1_387' title='bbox 2645 1208 2722 1274; x_wconf 82' lang='grc' dir='ltr'>τῷ</span> <span class='ocrx_word' id='word_1_388' title='bbox 2753 1203 2943 1282; x_wconf 80' lang='grc' dir='ltr'>’Δσὰφ.</span> <span class='ocrx_word' id='word_1_389' title='bbox 2974 1227 3002 1256; x_wconf 82' lang='lat'><strong>»</strong></span> <span class='ocrx_word' id='word_1_390' title='bbox 3035 1237 3101 1247; x_wconf 92' lang='lat'>—-</span> <span class='ocrx_word' id='word_1_391' title='bbox 3131 1208 3297 1280; x_wconf 89' lang='grc' dir='ltr'>Ὅπερ</span> <span class='ocrx_word' id='word_1_392' title='bbox 3346 1207 3722 1282; x_wconf 72' lang='grc' dir='ltr'>ἑρμηνεύεται</span> <span class='ocrx_word' id='word_1_393' title='bbox 3771 1209 3877 1265; x_wconf 65' lang='lat' dir='ltr'>sul-</span> 
     </span>
    </p>
   </div>
   <div class='ocr_carea' id='block_1_57' title="bbox 2232 1290 3875 1376">
    <p class='ocr_par' dir='ltr' id='par_1_57' title="bbox 2232 1290 3875 1376">
     <span class='ocr_line' id='line_1_57' title="bbox 2232 1290 3875 1376; baseline 0.005 -30"><span class='ocrx_word' id='word_1_394' title='bbox 2232 1290 2507 1366; x_wconf 83' lang='grc' dir='ltr'>λέγοντος.</span> <span class='ocrx_word' id='word_1_395' title='bbox 2543 1299 2932 1371; x_wconf 87' lang='grc' dir='ltr'>Προαναφωνεῖ</span> <span class='ocrx_word' id='word_1_396' title='bbox 2983 1296 3081 1363; x_wconf 76' lang='grc' dir='ltr'>τήν</span> <span class='ocrx_word' id='word_1_397' title='bbox 3149 1299 3246 1350; x_wconf 92' lang='grc' dir='ltr'>τοῦ</span> <span class='ocrx_word' id='word_1_398' title='bbox 3292 1301 3635 1376; x_wconf 71' lang='grc' dir='ltr'>Ἐπιφανοῦς</span> <span class='ocrx_word' id='word_1_399' title='bbox 3690 1301 3875 1356; x_wconf 76' lang='grc' dir='ltr'>Ἀντιό-</span> 
     </span>
    </p>
   </div>
   <div class='ocr_carea' id='block_1_58' title="bbox 2230 1379 3877 1464">
    <p class='ocr_par' dir='ltr' id='par_1_58' title="bbox 2230 1379 3877 1464">
     <span class='ocr_line' id='line_1_58' title="bbox 2230 1379 3877 1464; baseline 0.006 -30"><span class='ocrx_word' id='word_1_400' title='bbox 2230 1399 2335 1456; x_wconf 90' lang='grc' dir='ltr'>χου</span> <span class='ocrx_word' id='word_1_401' title='bbox 2407 1381 2543 1435; x_wconf 81' lang='grc' dir='ltr'>κατὰ</span> <span class='ocrx_word' id='word_1_402' title='bbox 2612 1386 2717 1436; x_wconf 89' lang='grc' dir='ltr'>τῶν</span> <span class='ocrx_word' id='word_1_403' title='bbox 2800 1379 3074 1438; x_wconf 83' lang='grc' dir='ltr'>Ἰουδαίων</span> <span class='ocrx_word' id='word_1_404' title='bbox 3139 1383 3412 1458; x_wconf 81' lang='grc' dir='ltr'>ἀπόνοιαν,</span> <span class='ocrx_word' id='word_1_405' title='bbox 3486 1390 3877 1464; x_wconf 67' lang='grc' dir='ltr'>σχηματισθεὶς</span> 
     </span>
    </p>
   </div>
   <div class='ocr_carea' id='block_1_59' title="bbox 2231 1464 3877 1554">
    <p class='ocr_par' dir='ltr' id='par_1_59' title="bbox 2231 1464 3877 1554">
     <span class='ocr_line' id='line_1_59' title="bbox 2231 1464 3877 1554; baseline 0.007 -32"><span class='ocrx_word' id='word_1_406' title='bbox 2231 1469 2308 1531; x_wconf 81' lang='grc' dir='ltr'>εἷς</span> <span class='ocrx_word' id='word_1_407' title='bbox 2362 1464 2652 1546; x_wconf 80' lang='grc' dir='ltr'>πρόσωπον</span> <span class='ocrx_word' id='word_1_408' title='bbox 2708 1474 2815 1526; x_wconf 91' lang='grc' dir='ltr'>τῶν</span> <span class='ocrx_word' id='word_1_409' title='bbox 2875 1470 2925 1525; x_wconf 86' lang='grc' dir='ltr'>ἐν</span> <span class='ocrx_word' id='word_1_410' title='bbox 2984 1472 3168 1535; x_wconf 83' lang='grc' dir='ltr'>αὐτοῖς</span> <span class='ocrx_word' id='word_1_411' title='bbox 3231 1473 3354 1529; x_wconf 89' lang='grc' dir='ltr'>τότε</span> <span class='ocrx_word' id='word_1_412' title='bbox 3430 1471 3877 1554; x_wconf 72' lang='grc' dir='ltr'>θεοσεϐεπέρων.</span> 
     </span>
    </p>
   </div>
   <div class='ocr_carea' id='block_1_60' title="bbox 2229 1557 3879 1640">
    <p class='ocr_par' dir='ltr' id='par_1_60' title="bbox 2229 1557 3879 1640">
     <span class='ocr_line' id='line_1_60' title="bbox 2229 1557 3879 1640; baseline 0.004 -25"><span class='ocrx_word' id='word_1_413' title='bbox 2229 1557 2486 1635; x_wconf 80' lang='grc' dir='ltr'>Ἂρμόζει</span> <span class='ocrx_word' id='word_1_414' title='bbox 2537 1557 2594 1614; x_wconf 75' lang='grc' dir='ltr'>δὲ</span> <span class='ocrx_word' id='word_1_415' title='bbox 2650 1561 2740 1615; x_wconf 81' lang='grc' dir='ltr'>καὶ</span> <span class='ocrx_word' id='word_1_416' title='bbox 2793 1565 2914 1623; x_wconf 93' lang='grc' dir='ltr'>τοῖς</span> <span class='ocrx_word' id='word_1_417' title='bbox 2990 1561 3091 1616; x_wconf 82' lang='grc' dir='ltr'>ὑπὸ</span> <span class='ocrx_word' id='word_1_418' title='bbox 3157 1563 3430 1638; x_wconf 78' lang='grc' dir='ltr'>τυράννων</span> <span class='ocrx_word' id='word_1_419' title='bbox 3524 1562 3879 1640; x_wconf 74' lang='grc' dir='ltr'>διωκομένοις</span> 
     </span>
    </p>
   </div>
   <div class='ocr_carea' id='block_1_61' title="bbox 2232 1654 2594 1725">
    <p class='ocr_par' dir='ltr' id='par_1_61' title="bbox 2232 1654 2594 1725">
     <span class='ocr_line' id='line_1_61' title="bbox 2232 1654 2594 1725; baseline 0.006 -22"><span class='ocrx_word' id='word_1_420' title='bbox 2232 1654 2594 1725; x_wconf 82' lang='grc' dir='ltr'>Χριστιανοῖς.</span> 
     </span>
    </p>
   </div>
   <div class='ocr_carea' id='block_1_62' title="bbox 2305 1739 3880 1822">
    <p class='ocr_par' dir='ltr' id='par_1_62' title="bbox 2305 1739 3880 1822">
     <span class='ocr_line' id='line_1_62' title="bbox 2305 1739 3880 1822; baseline 0.006 -30"><span class='ocrx_word' id='word_1_421' title='bbox 2305 1739 2422 1792; x_wconf 87' lang='grc' dir='ltr'>«Ὁ</span> <span class='ocrx_word' id='word_1_422' title='bbox 2471 1741 2622 1808; x_wconf 82' lang='grc' dir='ltr'>Θεὸς,</span> <span class='ocrx_word' id='word_1_423' title='bbox 2678 1739 2918 1810; x_wconf 72' lang='grc' dir='ltr'>ἤλθοσαν</span> <span class='ocrx_word' id='word_1_424' title='bbox 2986 1740 3103 1814; x_wconf 84' lang='grc' dir='ltr'>ἔθνη</span> <span class='ocrx_word' id='word_1_425' title='bbox 3177 1744 3252 1807; x_wconf 86' lang='grc' dir='ltr'>εἷς</span> <span class='ocrx_word' id='word_1_426' title='bbox 3321 1746 3423 1814; x_wconf 78' lang='grc' dir='ltr'>τήν</span> <span class='ocrx_word' id='word_1_427' title='bbox 3502 1745 3880 1822; x_wconf 72' lang='grc' dir='ltr'>κληρονομίαν</span> 
     </span>
    </p>
   </div>
   <div class='ocr_carea' id='block_1_63' title="bbox 2235 1829 3761 1911">
    <p class='ocr_par' dir='ltr' id='par_1_63' title="bbox 2235 1829 3761 1911">
     <span class='ocr_line' id='line_1_63' title="bbox 2235 1829 3761 1911; baseline 0.004 -29"><span class='ocrx_word' id='word_1_428' title='bbox 2235 1848 2350 1885; x_wconf 90' lang='grc' dir='ltr'>σου.</span> <span class='ocrx_word' id='word_1_429' title='bbox 2385 1852 2416 1880; x_wconf 83' lang='grc'><strong>››</strong></span> <span class='ocrx_word' id='word_1_430' title='bbox 2445 1861 2515 1872; x_wconf 95' lang='grc'><strong><em>-</em></strong></span> <span class='ocrx_word' id='word_1_431' title='bbox 2542 1829 2642 1884; x_wconf 90' lang='grc' dir='ltr'>Τὸν</span> <span class='ocrx_word' id='word_1_432' title='bbox 2674 1829 2749 1892; x_wconf 74' lang='grc' dir='ltr'>εἷς</span> <span class='ocrx_word' id='word_1_433' title='bbox 2774 1829 2979 1907; x_wconf 79' lang='grc' dir='ltr'>κλῆρόν</span> <span class='ocrx_word' id='word_1_434' title='bbox 3008 1853 3092 1886; x_wconf 92' lang='grc' dir='ltr'>σοι</span> <span class='ocrx_word' id='word_1_435' title='bbox 3121 1831 3563 1911; x_wconf 85' lang='grc' dir='ltr'>ἀποτεταγμένον</span> <span class='ocrx_word' id='word_1_436' title='bbox 3594 1833 3761 1894; x_wconf 88' lang='grc' dir='ltr'>λαόν.</span> 
     </span>
    </p>
   </div>
   <div class='ocr_carea' id='block_1_64' title="bbox 2154 1917 3882 1996">
    <p class='ocr_par' dir='ltr' id='par_1_64' title="bbox 2154 1917 3882 1996">
     <span class='ocr_line' id='line_1_64' title="bbox 2154 1917 3882 1996; baseline 0.006 -28"><span class='ocrx_word' id='word_1_437' title='bbox 2154 1930 2202 1995; x_wconf 84' lang='grc' dir='ltr'><strong>Β</strong></span> <span class='ocrx_word' id='word_1_438' title='bbox 2302 1941 2332 1968; x_wconf 78' lang='grc' dir='ltr'>ι(</span> <span class='ocrx_word' id='word_1_439' title='bbox 2364 1917 2618 1990; x_wconf 90' lang='grc' dir='ltr'>Ἐμίαναν</span> <span class='ocrx_word' id='word_1_440' title='bbox 2644 1919 2734 1973; x_wconf 90' lang='grc' dir='ltr'>τὸν</span> <span class='ocrx_word' id='word_1_441' title='bbox 2780 1921 2903 1974; x_wconf 88' lang='grc' dir='ltr'>ναὸν</span> <span class='ocrx_word' id='word_1_442' title='bbox 2945 1921 3037 1976; x_wconf 87' lang='grc' dir='ltr'>τὸν</span> <span class='ocrx_word' id='word_1_443' title='bbox 3089 1921 3238 1996; x_wconf 77' lang='grc' dir='ltr'>ἅγιόν</span> <span class='ocrx_word' id='word_1_444' title='bbox 3286 1943 3403 1979; x_wconf 90' lang='grc' dir='ltr'>σου.</span> <span class='ocrx_word' id='word_1_445' title='bbox 3441 1955 3508 1967; x_wconf 78' lang='grc' dir='ltr'>σ-</span> <span class='ocrx_word' id='word_1_446' title='bbox 3541 1924 3721 1978; x_wconf 79' lang='grc' dir='ltr'>Ποσὶν</span> <span class='ocrx_word' id='word_1_447' title='bbox 3769 1925 3882 1978; x_wconf 61' lang='lat' dir='ltr'>avi-</span> 
     </span>
    </p>
   </div>
   <div class='ocr_carea' id='block_1_65' title="bbox 2231 2008 3878 2087">
    <p class='ocr_par' dir='ltr' id='par_1_65' title="bbox 2231 2008 3878 2087">
     <span class='ocr_line' id='line_1_65' title="bbox 2231 2008 3878 2087; baseline 0.005 -27"><span class='ocrx_word' id='word_1_448' title='bbox 2231 2027 2380 2081; x_wconf 90' lang='grc' dir='ltr'>γνοις</span> <span class='ocrx_word' id='word_1_449' title='bbox 2406 2011 2595 2062; x_wconf 91' lang='grc' dir='ltr'>τοῦτον</span> <span class='ocrx_word' id='word_1_450' title='bbox 2644 2011 2977 2079; x_wconf 83' lang='grc' dir='ltr'>πατήσαντες</span> <span class='ocrx_word' id='word_1_451' title='bbox 3023 2008 3110 2064; x_wconf 80' lang='grc' dir='ltr'>καὶ</span> <span class='ocrx_word' id='word_1_452' title='bbox 3162 2012 3357 2087; x_wconf 75' lang='grc' dir='ltr'>μιαρᾶς</span> <span class='ocrx_word' id='word_1_453' title='bbox 3400 2011 3600 2075; x_wconf 82' lang='grc' dir='ltr'>θυσίας</span> <span class='ocrx_word' id='word_1_454' title='bbox 3645 2012 3878 2068; x_wconf 78' lang='grc' dir='ltr'>ἐπιτελέ-</span> 
     </span>
    </p>
   </div>
   <div class='ocr_carea' id='block_1_66' title="bbox 2232 2095 3880 2175">
    <p class='ocr_par' dir='ltr' id='par_1_66' title="bbox 2232 2095 3880 2175">
     <span class='ocr_line' id='line_1_66' title="bbox 2232 2095 3880 2175; baseline 0.005 -26"><span class='ocrx_word' id='word_1_455' title='bbox 2232 2116 2424 2157; x_wconf 89' lang='grc' dir='ltr'>σαντας</span> <span class='ocrx_word' id='word_1_456' title='bbox 2457 2095 2508 2150; x_wconf 91' lang='grc' dir='ltr'>ἐν</span> <span class='ocrx_word' id='word_1_457' title='bbox 2537 2095 2702 2169; x_wconf 76' lang='grc' dir='ltr'>αὐτῷ’</span> <span class='ocrx_word' id='word_1_458' title='bbox 2733 2097 2822 2152; x_wconf 82' lang='grc' dir='ltr'>καὶ</span> <span class='ocrx_word' id='word_1_459' title='bbox 2863 2097 3232 2175; x_wconf 78' lang='grc' dir='ltr'>εἰσαγαγόντες</span> <span class='ocrx_word' id='word_1_460' title='bbox 3282 2097 3513 2174; x_wconf 74' lang='grc' dir='ltr'>εἴδωλα,</span> <span class='ocrx_word' id='word_1_461' title='bbox 3542 2102 3641 2156; x_wconf 79' lang='grc' dir='ltr'>καὶ</span> <span class='ocrx_word' id='word_1_462' title='bbox 3704 2100 3880 2163; x_wconf 73' lang='grc' dir='ltr'>ἄλλως</span> 
     </span>
    </p>
   </div>
   <div class='ocr_carea' id='block_1_67' title="bbox 2231 2184 3879 2265">
    <p class='ocr_par' dir='ltr' id='par_1_67' title="bbox 2231 2184 3879 2265">
     <span class='ocr_line' id='line_1_67' title="bbox 2231 2184 3879 2265; baseline 0.004 -26"><span class='ocrx_word' id='word_1_463' title='bbox 2231 2185 2607 2248; x_wconf 86' lang='grc' dir='ltr'>κοινώσαντες.</span> <span class='ocrx_word' id='word_1_464' title='bbox 2639 2188 2789 2244; x_wconf 83' lang='grc' dir='ltr'>Ἐστι</span> <span class='ocrx_word' id='word_1_465' title='bbox 2821 2184 2878 2242; x_wconf 75' lang='grc' dir='ltr'>δὲ</span> <span class='ocrx_word' id='word_1_466' title='bbox 2907 2189 2937 2242; x_wconf 92' lang='lat'>6</span> <span class='ocrx_word' id='word_1_467' title='bbox 2966 2188 3093 2251; x_wconf 89' lang='grc' dir='ltr'>ναὸς</span> <span class='ocrx_word' id='word_1_468' title='bbox 3134 2193 3266 2244; x_wconf 91' lang='grc' dir='ltr'>Θεοῦ</span> <span class='ocrx_word' id='word_1_469' title='bbox 3316 2192 3590 2265; x_wconf 81' lang='grc' dir='ltr'>πανάγιον</span> <span class='ocrx_word' id='word_1_470' title='bbox 3644 2191 3879 2265; x_wconf 77' lang='grc' dir='ltr'>τέμενος.</span> 
     </span>
    </p>
   </div>
   <div class='ocr_carea' id='block_1_68' title="bbox 2301 2274 3883 2356">
    <p class='ocr_par' dir='ltr' id='par_1_68' title="bbox 2301 2274 3883 2356">
     <span class='ocr_line' id='line_1_68' title="bbox 2301 2274 3883 2356; baseline 0.004 -28"><span class='ocrx_word' id='word_1_471' title='bbox 2301 2275 2514 2329; x_wconf 86' lang='grc' dir='ltr'>Ἔθεντο</span> <span class='ocrx_word' id='word_1_472' title='bbox 2589 2274 2951 2351; x_wconf 78' lang='grc' dir='ltr'>Ἰερουσαλὴμ</span> <span class='ocrx_word' id='word_1_473' title='bbox 3024 2277 3100 2339; x_wconf 85' lang='grc' dir='ltr'>ὡς</span> <span class='ocrx_word' id='word_1_474' title='bbox 3173 2278 3669 2356; x_wconf 77' lang='grc' dir='ltr'>ὀπωροφυλάκιον,</span> <span class='ocrx_word' id='word_1_475' title='bbox 3726 2306 3757 2332; x_wconf 74' lang='grc' dir='ltr'>υ</span> <span class='ocrx_word' id='word_1_476' title='bbox 3822 2313 3883 2324; x_wconf 89' lang='lat'>-—</span> 
     </span>
    </p>
   </div>
   <div class='ocr_carea' id='block_1_69' title="bbox 2230 2361 3880 2443">
    <p class='ocr_par' dir='ltr' id='par_1_69' title="bbox 2230 2361 3880 2443">
     <span class='ocr_line' id='line_1_69' title="bbox 2230 2361 3880 2443; baseline 0.004 -26"><span class='ocrx_word' id='word_1_477' title='bbox 2230 2363 2300 2417; x_wconf 83' lang='lat' dir='ltr'>T6</span> <span class='ocrx_word' id='word_1_478' title='bbox 2381 2362 2833 2443; x_wconf 84' lang='grc' dir='ltr'>ὀπωροφυλάκιον</span> <span class='ocrx_word' id='word_1_479' title='bbox 2908 2361 3122 2437; x_wconf 74' lang='grc' dir='ltr'>καλύϐη</span> <span class='ocrx_word' id='word_1_480' title='bbox 3215 2367 3353 2422; x_wconf 84' lang='grc' dir='ltr'>ἐστὶν</span> <span class='ocrx_word' id='word_1_481' title='bbox 3429 2370 3467 2438; x_wconf 78' lang='grc' dir='ltr'><strong>ἢ</strong></span> <span class='ocrx_word' id='word_1_482' title='bbox 3565 2371 3769 2440; x_wconf 69' lang='grc' dir='ltr'>σκηνή,</span> <span class='ocrx_word' id='word_1_483' title='bbox 3837 2369 3880 2424; x_wconf 77' lang='grc' dir='ltr'>ἐν</span> 
     </span>
    </p>
   </div>
   <div class='ocr_carea' id='block_1_70' title="bbox 2229 2453 3884 2534">
    <p class='ocr_par' dir='ltr' id='par_1_70' title="bbox 2229 2453 3884 2534">
     <span class='ocr_line' id='line_1_70' title="bbox 2229 2453 3884 2534; baseline 0.005 -28"><span class='ocrx_word' id='word_1_484' title='bbox 2229 2453 2269 2523; x_wconf 72' lang='grc' dir='ltr'>ᾗ</span> <span class='ocrx_word' id='word_1_485' title='bbox 2320 2456 2491 2525; x_wconf 89' lang='grc' dir='ltr'>μένων</span> <span class='ocrx_word' id='word_1_486' title='bbox 2561 2475 2644 2516; x_wconf 92' lang='grc' dir='ltr'>τις</span> <span class='ocrx_word' id='word_1_487' title='bbox 2715 2453 2972 2533; x_wconf 73' lang='grc' dir='ltr'>φυλάσσει</span> <span class='ocrx_word' id='word_1_488' title='bbox 3047 2456 3140 2518; x_wconf 78' lang='grc' dir='ltr'>τὰς</span> <span class='ocrx_word' id='word_1_489' title='bbox 3206 2456 3565 2530; x_wconf 81' lang='grc' dir='ltr'>ἀκμαζούσας</span> <span class='ocrx_word' id='word_1_490' title='bbox 3649 2459 3884 2534; x_wconf 73' lang='grc' dir='ltr'>ὀπώρας.</span> 
     </span>
    </p>
   </div>
   <div class='ocr_carea' id='block_1_71' title="bbox 2231 2540 3878 2622">
    <p class='ocr_par' dir='ltr' id='par_1_71' title="bbox 2231 2540 3878 2622">
     <span class='ocr_line' id='line_1_71' title="bbox 2231 2540 3878 2622; baseline 0.005 -27"><span class='ocrx_word' id='word_1_491' title='bbox 2231 2540 2413 2604; x_wconf 77' lang='grc' dir='ltr'>Οὕτως</span> <span class='ocrx_word' id='word_1_492' title='bbox 2500 2541 2617 2612; x_wconf 83' lang='grc' dir='ltr'>οῦν,</span> <span class='ocrx_word' id='word_1_493' title='bbox 2694 2543 2846 2622; x_wconf 85' lang='grc' dir='ltr'>φησὶ,</span> <span class='ocrx_word' id='word_1_494' title='bbox 2931 2544 3020 2599; x_wconf 85' lang='grc' dir='ltr'>καὶ</span> <span class='ocrx_word' id='word_1_495' title='bbox 3110 2546 3209 2615; x_wconf 80' lang='grc' dir='ltr'>τήν</span> <span class='ocrx_word' id='word_1_496' title='bbox 3293 2547 3671 2621; x_wconf 82' lang='grc' dir='ltr'>Ἰερουσαλὴμ</span> <span class='ocrx_word' id='word_1_497' title='bbox 3741 2549 3878 2603; x_wconf 73' lang='grc' dir='ltr'>ἐποί-</span> 
     </span>
    </p>
   </div>
   <div class='ocr_carea' id='block_1_72' title="bbox 2231 2631 3878 2712">
    <p class='ocr_par' dir='ltr' id='par_1_72' title="bbox 2231 2631 3878 2712">
     <span class='ocr_line' id='line_1_72' title="bbox 2231 2631 3878 2712; baseline 0.005 -28"><span class='ocrx_word' id='word_1_498' title='bbox 2231 2651 2364 2701; x_wconf 88' lang='grc' dir='ltr'>ησαν</span> <span class='ocrx_word' id='word_1_499' title='bbox 2421 2631 2682 2706; x_wconf 83' lang='grc' dir='ltr'>έρείπιον,</span> <span class='ocrx_word' id='word_1_500' title='bbox 2727 2639 2922 2708; x_wconf 83' lang='grc' dir='ltr'>σχῆμα</span> <span class='ocrx_word' id='word_1_501' title='bbox 2997 2634 3158 2707; x_wconf 91' lang='grc' dir='ltr'>μόνον</span> <span class='ocrx_word' id='word_1_502' title='bbox 3224 2634 3448 2698; x_wconf 88' lang='grc' dir='ltr'>πόλεως</span> <span class='ocrx_word' id='word_1_503' title='bbox 3507 2632 3767 2712; x_wconf 78' lang='grc' dir='ltr'>ἔχουσαν,</span> <span class='ocrx_word' id='word_1_504' title='bbox 3808 2637 3878 2697; x_wconf 82' lang='grc' dir='ltr'>ὡς</span> 
     </span>
    </p>
   </div>
   <div class='ocr_carea' id='block_1_73' title="bbox 2232 2718 3871 2802">
    <p class='ocr_par' dir='ltr' id='par_1_73' title="bbox 2232 2718 3871 2802">
     <span class='ocr_line' id='line_1_73' title="bbox 2232 2718 3871 2802; baseline 0.004 -30"><span class='ocrx_word' id='word_1_505' title='bbox 2232 2718 2402 2782; x_wconf 85' lang='grc' dir='ltr'>οἷ’κίας</span> <span class='ocrx_word' id='word_1_506' title='bbox 2469 2718 2618 2796; x_wconf 84' lang='grc' dir='ltr'>φέρει</span> <span class='ocrx_word' id='word_1_507' title='bbox 2692 2727 2888 2796; x_wconf 83' lang='grc' dir='ltr'>σχῆμα</span> <span class='ocrx_word' id='word_1_508' title='bbox 2954 2723 3018 2777; x_wconf 86' lang='grc' dir='ltr'>τὸ</span> <span class='ocrx_word' id='word_1_509' title='bbox 3087 2722 3571 2802; x_wconf 78' lang='grc' dir='ltr'>ὀπωροφυλάκιον.</span> <span class='ocrx_word' id='word_1_510' title='bbox 3643 2725 3871 2781; x_wconf 77' lang='grc' dir='ltr'>Καλοῖτο</span> 
     </span>
    </p>
   </div>
   <div class='ocr_carea' id='block_1_74' title="bbox 2231 2804 3492 2888">
    <p class='ocr_par' dir='ltr' id='par_1_74' title="bbox 2231 2804 3492 2888">
     <span class='ocr_line' id='line_1_74' title="bbox 2231 2804 3492 2888; baseline 0.004 -27"><span class='ocrx_word' id='word_1_511' title='bbox 2231 2804 2279 2861; x_wconf 86' lang='grc' dir='ltr'>δ’</span> <span class='ocrx_word' id='word_1_512' title='bbox 2309 2807 2366 2861; x_wconf 77' lang='grc' dir='ltr'>ἂν</span> <span class='ocrx_word' id='word_1_513' title='bbox 2399 2807 2618 2884; x_wconf 75' lang='grc' dir='ltr'>Ἰσραὴλ</span> <span class='ocrx_word' id='word_1_514' title='bbox 2649 2809 2738 2864; x_wconf 83' lang='grc' dir='ltr'>καὶ</span> <span class='ocrx_word' id='word_1_515' title='bbox 2763 2815 2908 2864; x_wconf 80' lang='grc' dir='ltr'>πᾶσα</span> <span class='ocrx_word' id='word_1_516' title='bbox 2935 2810 3098 2874; x_wconf 89' lang='grc' dir='ltr'>πόλις</span> <span class='ocrx_word' id='word_1_517' title='bbox 3133 2817 3492 2888; x_wconf 84' lang='grc' dir='ltr'>Χριστιανῶν.</span> 
     </span>
    </p>
   </div>
   <div class='ocr_carea' id='block_1_75' title="bbox 2306 2898 3857 2977">
    <p class='ocr_par' dir='ltr' id='par_1_75' title="bbox 2306 2898 3857 2977">
     <span class='ocr_line' id='line_1_75' title="bbox 2306 2898 3857 2977; baseline 0.003 -25"><span class='ocrx_word' id='word_1_518' title='bbox 2306 2919 2333 2951; x_wconf 82' lang='grc' dir='ltr'>(ι</span> <span class='ocrx_word' id='word_1_519' title='bbox 2361 2898 2580 2960; x_wconf 84' lang='grc' dir='ltr'>Ἐθεντο</span> <span class='ocrx_word' id='word_1_520' title='bbox 2608 2900 2674 2952; x_wconf 79' lang='grc' dir='ltr'>τὰ</span> <span class='ocrx_word' id='word_1_521' title='bbox 2698 2899 2992 2972; x_wconf 89' lang='grc' dir='ltr'>θνησιμαῖα</span> <span class='ocrx_word' id='word_1_522' title='bbox 3037 2904 3144 2954; x_wconf 90' lang='grc' dir='ltr'>τῶν</span> <span class='ocrx_word' id='word_1_523' title='bbox 3194 2899 3415 2956; x_wconf 88' lang='grc' dir='ltr'>δούλων</span> <span class='ocrx_word' id='word_1_524' title='bbox 3462 2923 3558 2957; x_wconf 86' lang='grc' dir='ltr'>σου</span> <span class='ocrx_word' id='word_1_525' title='bbox 3602 2903 3857 2977; x_wconf 75' lang='grc' dir='ltr'>βρώματα</span> 
     </span>
    </p>
   </div>
   <div class='ocr_carea' id='block_1_76' title="bbox 2226 2987 3840 3065">
    <p class='ocr_par' dir='ltr' id='par_1_76' title="bbox 2226 2987 3840 3065">
     <span class='ocr_line' id='line_1_76' title="bbox 2226 2987 3840 3065; baseline 0 -23"><span class='ocrx_word' id='word_1_526' title='bbox 2226 2991 2343 3048; x_wconf 90' lang='grc' dir='ltr'>τοῖς</span> <span class='ocrx_word' id='word_1_527' title='bbox 2393 2992 2658 3049; x_wconf 86' lang='grc' dir='ltr'>πετεινοῖς</span> <span class='ocrx_word' id='word_1_528' title='bbox 2704 2991 2799 3042; x_wconf 90' lang='grc' dir='ltr'>τοῦ</span> <span class='ocrx_word' id='word_1_529' title='bbox 2867 2987 3118 3064; x_wconf 83' lang='grc' dir='ltr'>οὐρανοῦ,</span> <span class='ocrx_word' id='word_1_530' title='bbox 3158 2989 3255 3052; x_wconf 78' lang='grc' dir='ltr'>τὰς</span> <span class='ocrx_word' id='word_1_531' title='bbox 3305 2989 3508 3065; x_wconf 76' lang='grc' dir='ltr'>σάρκας</span> <span class='ocrx_word' id='word_1_532' title='bbox 3551 2996 3646 3045; x_wconf 76' lang='grc' dir='ltr'>τῶν</span> <span class='ocrx_word' id='word_1_533' title='bbox 3686 2991 3840 3043; x_wconf 79' lang='grc' dir='ltr'>ὁσίων</span> 
     </span>
    </p>
   </div>
   <div class='ocr_carea' id='block_1_77' title="bbox 2227 3076 3834 3154">
    <p class='ocr_par' dir='ltr' id='par_1_77' title="bbox 2227 3076 3834 3154">
     <span class='ocr_line' id='line_1_77' title="bbox 2227 3076 3834 3154; baseline 0.002 -24"><span class='ocrx_word' id='word_1_534' title='bbox 2227 3097 2322 3130; x_wconf 90' lang='grc' dir='ltr'>σου</span> <span class='ocrx_word' id='word_1_535' title='bbox 2376 3081 2491 3138; x_wconf 89' lang='grc' dir='ltr'>τοῖς</span> <span class='ocrx_word' id='word_1_536' title='bbox 2548 3076 2761 3152; x_wconf 83' lang='grc' dir='ltr'>θηρίοις</span> <span class='ocrx_word' id='word_1_537' title='bbox 2814 3083 2917 3140; x_wconf 66' lang='grc' dir='ltr'>τίς</span> <span class='ocrx_word' id='word_1_538' title='bbox 2943 3085 3066 3153; x_wconf 85' lang='grc' dir='ltr'>γῆς.</span> <span class='ocrx_word' id='word_1_539' title='bbox 3098 3102 3128 3130; x_wconf 83' lang='grc'>››</span> <span class='ocrx_word' id='word_1_540' title='bbox 3157 3111 3227 3122; x_wconf 95' lang='lat'><strong><em>—</em></strong></span> <span class='ocrx_word' id='word_1_541' title='bbox 3253 3082 3557 3154; x_wconf 82' lang='grc' dir='ltr'>Θνησιμαῖα</span> <span class='ocrx_word' id='word_1_542' title='bbox 3576 3080 3639 3135; x_wconf 73' lang='grc' dir='ltr'>τὶ</span> <span class='ocrx_word' id='word_1_543' title='bbox 3661 3091 3834 3148; x_wconf 73' lang='grc' dir='ltr'>τεθνη-</span> 
     </span>
    </p>
   </div>
   <div class='ocr_carea' id='block_1_78' title="bbox 2226 3163 2818 3237">
    <p class='ocr_par' dir='ltr' id='par_1_78' title="bbox 2226 3163 2818 3237">
     <span class='ocr_line' id='line_1_78' title="bbox 2226 3163 2818 3237; baseline 0.007 -18"><span class='ocrx_word' id='word_1_544' title='bbox 2226 3163 2358 3219; x_wconf 89' lang='grc' dir='ltr'>κότα</span> <span class='ocrx_word' id='word_1_545' title='bbox 2389 3165 2614 3237; x_wconf 88' lang='grc' dir='ltr'>σώματα</span> <span class='ocrx_word' id='word_1_546' title='bbox 2640 3163 2818 3223; x_wconf 89' lang='grc' dir='ltr'>καλεῖ.</span> 
     </span>
    </p>
   </div>
   <div class='ocr_carea' id='block_1_79' title="bbox 2305 3254 3854 3335">
    <p class='ocr_par' dir='ltr' id='par_1_79' title="bbox 2305 3254 3854 3335">
     <span class='ocr_line' id='line_1_79' title="bbox 2305 3254 3854 3335; baseline 0.006 -30"><span class='ocrx_word' id='word_1_547' title='bbox 2305 3275 2328 3303; x_wconf 76' lang='grc' dir='ltr'>ι</span> <span class='ocrx_word' id='word_1_548' title='bbox 2360 3254 2602 3329; x_wconf 78' lang='grc' dir='ltr'>Ἐξέχεαν</span> <span class='ocrx_word' id='word_1_549' title='bbox 2673 3254 2736 3309; x_wconf 88' lang='grc' dir='ltr'>τὸ</span> <span class='ocrx_word' id='word_1_550' title='bbox 2810 3256 2947 3328; x_wconf 82' lang='grc' dir='ltr'>αἷμα</span> <span class='ocrx_word' id='word_1_551' title='bbox 3009 3254 3180 3311; x_wconf 80' lang='grc' dir='ltr'>αὐτῶν</span> <span class='ocrx_word' id='word_1_552' title='bbox 3259 3257 3391 3312; x_wconf 85' lang='grc' dir='ltr'>ὡσεὶ</span> <span class='ocrx_word' id='word_1_553' title='bbox 3467 3258 3638 3335; x_wconf 75' lang='grc' dir='ltr'>ὕδωρ,</span> <span class='ocrx_word' id='word_1_554' title='bbox 3682 3258 3854 3329; x_wconf 72' lang='grc' dir='ltr'>κύκλῳ</span> 
     </span>
    </p>
   </div>
   <div class='ocr_carea' id='block_1_80' title="bbox 2229 3340 3861 3418">
    <p class='ocr_par' dir='ltr' id='par_1_80' title="bbox 2229 3340 3861 3418">
     <span class='ocr_line' id='line_1_80' title="bbox 2229 3340 3861 3418; baseline 0.002 -20"><span class='ocrx_word' id='word_1_555' title='bbox 2229 3340 2608 3418; x_wconf 83' lang='grc' dir='ltr'>Ἰερουσαλήμ·</span> <span class='ocrx_word' id='word_1_556' title='bbox 2641 3343 2729 3398; x_wconf 88' lang='grc' dir='ltr'>καὶ</span> <span class='ocrx_word' id='word_1_557' title='bbox 2785 3342 2884 3398; x_wconf 84' lang='grc' dir='ltr'>ούκ</span> <span class='ocrx_word' id='word_1_558' title='bbox 2924 3344 2990 3414; x_wconf 79' lang='grc' dir='ltr'>ἦν</span> <span class='ocrx_word' id='word_1_559' title='bbox 3041 3345 3068 3398; x_wconf 89' lang='lat'>6</span> <span class='ocrx_word' id='word_1_560' title='bbox 3115 3343 3347 3408; x_wconf 80' lang='grc' dir='ltr'>θάπτων.</span> <span class='ocrx_word' id='word_1_561' title='bbox 3387 3373 3416 3396; x_wconf 84' lang='grc'><strong>››</strong></span> <span class='ocrx_word' id='word_1_562' title='bbox 3451 3381 3524 3390; x_wconf 92' lang='lat'><strong><em>—</em></strong></span> <span class='ocrx_word' id='word_1_563' title='bbox 3573 3350 3650 3405; x_wconf 87' lang='grc' dir='ltr'>Τὸ</span> <span class='ocrx_word' id='word_1_564' title='bbox 3695 3346 3861 3418; x_wconf 72' lang='grc' dir='ltr'>κύκλῳ</span> 
     </span>
    </p>
   </div>
   <div class='ocr_carea' id='block_1_81' title="bbox 2229 3429 3854 3509">
    <p class='ocr_par' dir='ltr' id='par_1_81' title="bbox 2229 3429 3854 3509">
     <span class='ocr_line' id='line_1_81' title="bbox 2229 3429 3854 3509; baseline 0.001 -23"><span class='ocrx_word' id='word_1_565' title='bbox 2229 3433 2292 3486; x_wconf 90' lang='grc' dir='ltr'>τὸ</span> <span class='ocrx_word' id='word_1_566' title='bbox 2330 3436 2608 3507; x_wconf 79' lang='grc' dir='ltr'>πανταχοῦ</span> <span class='ocrx_word' id='word_1_567' title='bbox 2655 3429 2840 3503; x_wconf 88' lang='grc' dir='ltr'>δηλοῖ.</span> <span class='ocrx_word' id='word_1_568' title='bbox 2891 3431 3001 3487; x_wconf 78' lang='grc' dir='ltr'>Οὐκ</span> <span class='ocrx_word' id='word_1_569' title='bbox 3045 3434 3111 3503; x_wconf 79' lang='grc' dir='ltr'>ἦν</span> <span class='ocrx_word' id='word_1_570' title='bbox 3162 3431 3221 3488; x_wconf 77' lang='grc' dir='ltr'>δὲ</span> <span class='ocrx_word' id='word_1_571' title='bbox 3262 3435 3292 3488; x_wconf 94' lang='lat'>6</span> <span class='ocrx_word' id='word_1_572' title='bbox 3334 3436 3591 3507; x_wconf 76' lang='grc' dir='ltr'>θάπτων,</span> <span class='ocrx_word' id='word_1_573' title='bbox 3632 3442 3734 3492; x_wconf 82' lang='grc' dir='ltr'>τῶν</span> <span class='ocrx_word' id='word_1_574' title='bbox 3786 3438 3854 3509; x_wconf 70' lang='grc' dir='ltr'>μὲν</span> 
     </span>
    </p>
   </div>
   <div class='ocr_carea' id='block_1_82' title="bbox 2231 3519 3436 3599">
    <p class='ocr_par' dir='ltr' id='par_1_82' title="bbox 2231 3519 3436 3599">
     <span class='ocr_line' id='line_1_82' title="bbox 2231 3519 3436 3599; baseline 0.003 -23"><span class='ocrx_word' id='word_1_575' title='bbox 2231 3520 2600 3599; x_wconf 90' lang='grc' dir='ltr'>πεφευγότων,</span> <span class='ocrx_word' id='word_1_576' title='bbox 2624 3522 2731 3576; x_wconf 84' lang='grc' dir='ltr'>τῶν</span> <span class='ocrx_word' id='word_1_577' title='bbox 2766 3519 2823 3576; x_wconf 72' lang='grc' dir='ltr'>δὲ</span> <span class='ocrx_word' id='word_1_578' title='bbox 2851 3521 3436 3597; x_wconf 76' lang='grc' dir='ltr'>αἰχμαλωτισθέντων.</span> 
     </span>
    </p>
   </div>
   <div class='ocr_carea' id='block_1_83' title="bbox 2305 3605 3841 3690">
    <p class='ocr_par' dir='ltr' id='par_1_83' title="bbox 2305 3605 3841 3690">
     <span class='ocr_line' id='line_1_83' title="bbox 2305 3605 3841 3690; baseline 0.006 -29"><span class='ocrx_word' id='word_1_579' title='bbox 2305 3612 2725 3686; x_wconf 83' lang='grc' dir='ltr'>«Ἐγενήθημεν</span> <span class='ocrx_word' id='word_1_580' title='bbox 2801 3605 3005 3673; x_wconf 74' lang='grc' dir='ltr'>ὄνειδος</span> <span class='ocrx_word' id='word_1_581' title='bbox 3085 3617 3202 3674; x_wconf 91' lang='grc' dir='ltr'>τοῖς</span> <span class='ocrx_word' id='word_1_582' title='bbox 3285 3613 3524 3688; x_wconf 87' lang='grc' dir='ltr'>γείτοσιν</span> <span class='ocrx_word' id='word_1_583' title='bbox 3829 3637 3841 3661; x_wconf 77' lang='grc' dir='ltr'><strong><em>ο</em></strong></span> 
     </span>
    </p>
   </div>
   <div class='ocr_carea' id='block_1_84' title="bbox 2232 3698 3846 3782">
    <p class='ocr_par' dir='ltr' id='par_1_84' title="bbox 2232 3698 3846 3782">
     <span class='ocr_line' id='line_1_84' title="bbox 2232 3698 3846 3782; baseline 0.002 -29"><span class='ocrx_word' id='word_1_584' title='bbox 2232 3732 2301 3742; x_wconf 83' lang='lat'>—-—</span> <span class='ocrx_word' id='word_1_585' title='bbox 2332 3699 2575 3762; x_wconf 89' lang='grc' dir='ltr'>Γείτονας</span> <span class='ocrx_word' id='word_1_586' title='bbox 2604 3698 2747 3776; x_wconf 86' lang='grc' dir='ltr'>λέγει</span> <span class='ocrx_word' id='word_1_587' title='bbox 2775 3700 2842 3754; x_wconf 76' lang='grc' dir='ltr'>τὰ</span> <span class='ocrx_word' id='word_1_588' title='bbox 2895 3699 3302 3776; x_wconf 86' lang='grc' dir='ltr'>ἐγγειτονοῦντα</span> <span class='ocrx_word' id='word_1_589' title='bbox 3349 3701 3546 3765; x_wconf 79' lang='grc' dir='ltr'>αὐτοῖς</span> <span class='ocrx_word' id='word_1_590' title='bbox 3601 3701 3846 3782; x_wconf 57' lang='grc' dir='ltr'>ἀλλόφυὶι</span> 
     </span>
    </p>
   </div>
   <div class='ocr_carea' id='block_1_85' title="bbox 2233 3785 3854 3869">
    <p class='ocr_par' dir='ltr' id='par_1_85' title="bbox 2233 3785 3854 3869">
     <span class='ocr_line' id='line_1_85' title="bbox 2233 3785 3854 3869; baseline -0.001 -25"><span class='ocrx_word' id='word_1_591' title='bbox 2233 3785 2380 3858; x_wconf 77' lang='grc' dir='ltr'>ἔθνη.</span> <span class='ocrx_word' id='word_1_592' title='bbox 2411 3789 2570 3861; x_wconf 86' lang='grc' dir='ltr'>Ἡμῖν</span> <span class='ocrx_word' id='word_1_593' title='bbox 2604 3785 2662 3842; x_wconf 75' lang='grc' dir='ltr'>δὲ</span> <span class='ocrx_word' id='word_1_594' title='bbox 2691 3787 2924 3864; x_wconf 86' lang='grc' dir='ltr'>γείτονες</span> <span class='ocrx_word' id='word_1_595' title='bbox 2952 3787 3005 3842; x_wconf 61' lang='grc' dir='ltr'>ο²ί</span> <span class='ocrx_word' id='word_1_596' title='bbox 3033 3810 3090 3844; x_wconf 93' lang='grc' dir='ltr'>τε</span> <span class='ocrx_word' id='word_1_597' title='bbox 3137 3787 3392 3844; x_wconf 88' lang='grc' dir='ltr'>Ἰουδαῖοι</span> <span class='ocrx_word' id='word_1_598' title='bbox 3446 3793 3541 3846; x_wconf 84' lang='grc' dir='ltr'>καί</span> <span class='ocrx_word' id='word_1_599' title='bbox 3598 3795 3654 3848; x_wconf 85' lang='grc' dir='ltr'>οἱ</span> <span class='ocrx_word' id='word_1_600' title='bbox 3704 3796 3854 3869; x_wconf 65' lang='grc' dir='ltr'>αἱρεῖ.-</span> 
     </span>
    </p>
   </div>
   <div class='ocr_carea' id='block_1_86' title="bbox 2231 3875 3750 3952">
    <p class='ocr_par' dir='ltr' id='par_1_86' title="bbox 2231 3875 3750 3952">
     <span class='ocr_line' id='line_1_86' title="bbox 2231 3875 3750 3952; baseline 0.004 -20"><span class='ocrx_word' id='word_1_601' title='bbox 2231 3881 2339 3950; x_wconf 78' lang='grc' dir='ltr'>κοὲ,</span> <span class='ocrx_word' id='word_1_602' title='bbox 2372 3878 2448 3939; x_wconf 88' lang='grc' dir='ltr'>ὡς</span> <span class='ocrx_word' id='word_1_603' title='bbox 2477 3878 2611 3932; x_wconf 84' lang='grc' dir='ltr'>κατά</span> <span class='ocrx_word' id='word_1_604' title='bbox 2632 3898 2685 3932; x_wconf 89' lang='grc' dir='ltr'>τι</span> <span class='ocrx_word' id='word_1_605' title='bbox 2715 3875 3106 3947; x_wconf 83' lang='grc' dir='ltr'>πλησιάζοντες</span> <span class='ocrx_word' id='word_1_606' title='bbox 3135 3880 3268 3952; x_wconf 80' lang='grc' dir='ltr'>ἡμῖν</span> <span class='ocrx_word' id='word_1_607' title='bbox 3300 3879 3376 3941; x_wconf 81' lang='grc' dir='ltr'>εἷς</span> <span class='ocrx_word' id='word_1_608' title='bbox 3409 3883 3514 3950; x_wconf 76' lang='grc' dir='ltr'>τὴν</span> <span class='ocrx_word' id='word_1_609' title='bbox 3551 3882 3750 3938; x_wconf 81' lang='grc' dir='ltr'>πίστιν.</span> 
     </span>
    </p>
   </div>
   <div class='ocr_carea' id='block_1_87' title="bbox 2303 3966 3852 4046">
    <p class='ocr_par' dir='ltr' id='par_1_87' title="bbox 2303 3966 3852 4046">
     <span class='ocr_line' id='line_1_87' title="bbox 2303 3966 3852 4046; baseline 0.001 -25"><span class='ocrx_word' id='word_1_610' title='bbox 2303 3991 2331 4018; x_wconf 90' lang='grc'>‹‹</span> <span class='ocrx_word' id='word_1_611' title='bbox 2373 3967 2759 4042; x_wconf 83' lang='grc' dir='ltr'>Μυκτηρισμὸς</span> <span class='ocrx_word' id='word_1_612' title='bbox 2789 3966 2878 4022; x_wconf 83' lang='grc' dir='ltr'>καὶ</span> <span class='ocrx_word' id='word_1_613' title='bbox 2909 3966 3222 4043; x_wconf 86' lang='grc' dir='ltr'>χλευασμὸς</span> <span class='ocrx_word' id='word_1_614' title='bbox 3245 3973 3367 4031; x_wconf 89' lang='grc' dir='ltr'>τοῖς</span> <span class='ocrx_word' id='word_1_615' title='bbox 3398 3969 3604 4044; x_wconf 84' lang='grc' dir='ltr'>κύκλῳ</span> <span class='ocrx_word' id='word_1_616' title='bbox 3644 3975 3804 4046; x_wconf 76' lang='grc' dir='ltr'>ἡμων.</span> <span class='ocrx_word' id='word_1_617' title='bbox 3833 3995 3852 4020; x_wconf 77' lang='grc'><strong>1</strong></span> 
     </span>
    </p>
   </div>
   <div class='ocr_carea' id='block_1_88' title="bbox 2229 4052 3851 4136">
    <p class='ocr_par' dir='ltr' id='par_1_88' title="bbox 2229 4052 3851 4136">
     <span class='ocr_line' id='line_1_88' title="bbox 2229 4052 3851 4136; baseline 0.003 -26"><span class='ocrx_word' id='word_1_618' title='bbox 2229 4087 2298 4098; x_wconf 89' lang='grc'><strong>-</strong></span> <span class='ocrx_word' id='word_1_619' title='bbox 2354 4056 2743 4131; x_wconf 86' lang='grc' dir='ltr'>Μυκτηρισμὸς</span> <span class='ocrx_word' id='word_1_620' title='bbox 2819 4056 2914 4128; x_wconf 74' lang='grc' dir='ltr'>μὲν</span> <span class='ocrx_word' id='word_1_621' title='bbox 2985 4052 3124 4112; x_wconf 77' lang='grc' dir='ltr'>ἔστιν</span> <span class='ocrx_word' id='word_1_622' title='bbox 3184 4058 3212 4111; x_wconf 88' lang='grc' dir='ltr'><strong>ὁ</strong></span> <span class='ocrx_word' id='word_1_623' title='bbox 3269 4057 3621 4135; x_wconf 82' lang='grc' dir='ltr'>κατάγελως,</span> <span class='ocrx_word' id='word_1_624' title='bbox 3681 4060 3851 4136; x_wconf 71' lang='grc' dir='ltr'>χλευαο</span> 
     </span>
    </p>
   </div>
   <div class='ocr_carea' id='block_1_89' title="bbox 2229 4141 3300 4218">
    <p class='ocr_par' dir='ltr' id='par_1_89' title="bbox 2229 4141 3300 4218">
     <span class='ocr_line' id='line_1_89' title="bbox 2229 4141 3300 4218; baseline 0.003 -20"><span class='ocrx_word' id='word_1_625' title='bbox 2229 4144 2366 4218; x_wconf 88' lang='grc' dir='ltr'>σμὸς</span> <span class='ocrx_word' id='word_1_626' title='bbox 2395 4141 2452 4199; x_wconf 71' lang='grc' dir='ltr'>δὲ</span> <span class='ocrx_word' id='word_1_627' title='bbox 2479 4145 2577 4214; x_wconf 75' lang='grc' dir='ltr'>τήν</span> <span class='ocrx_word' id='word_1_628' title='bbox 2609 4141 2906 4218; x_wconf 83' lang='grc' dir='ltr'>κωμῳδίαν</span> <span class='ocrx_word' id='word_1_629' title='bbox 2939 4144 3300 4215; x_wconf 84' lang='grc' dir='ltr'>ὑποληπτέον.</span> 
     </span>
    </p>
   </div>
   <div class='ocr_carea' id='block_1_90' title="bbox 2299 4232 3855 4310">
    <p class='ocr_par' dir='ltr' id='par_1_90' title="bbox 2299 4232 3855 4310">
     <span class='ocr_line' id='line_1_90' title="bbox 2299 4232 3855 4310; baseline 0.003 -25"><span class='ocrx_word' id='word_1_630' title='bbox 2299 4257 2328 4285; x_wconf 90' lang='grc'>‹‹</span> <span class='ocrx_word' id='word_1_631' title='bbox 2363 4236 2508 4295; x_wconf 87' lang='grc' dir='ltr'>Ἕως</span> <span class='ocrx_word' id='word_1_632' title='bbox 2570 4232 2720 4305; x_wconf 89' lang='grc' dir='ltr'>πότε,</span> <span class='ocrx_word' id='word_1_633' title='bbox 2770 4232 2949 4310; x_wconf 87' lang='grc' dir='ltr'>Κύριε,</span> <span class='ocrx_word' id='word_1_634' title='bbox 3001 4235 3302 4310; x_wconf 78' lang='grc' dir='ltr'>ὁργισθήσῃ</span> <span class='ocrx_word' id='word_1_635' title='bbox 3367 4235 3452 4299; x_wconf 80' lang='grc' dir='ltr'>εἰς</span> <span class='ocrx_word' id='word_1_636' title='bbox 3496 4236 3682 4301; x_wconf 85' lang='grc' dir='ltr'>τέλος.</span> <span class='ocrx_word' id='word_1_637' title='bbox 3736 4264 3757 4290; x_wconf 77' lang='grc' dir='ltr'>ι</span> <span class='ocrx_word' id='word_1_638' title='bbox 3800 4269 3855 4278; x_wconf 93' lang='grc'><strong><em>-</em></strong></span> 
     </span>
    </p>
   </div>
   <div class='ocr_carea' id='block_1_91' title="bbox 2222 4319 3717 4403">
    <p class='ocr_par' dir='ltr' id='par_1_91' title="bbox 2222 4319 3717 4403">
     <span class='ocr_line' id='line_1_91' title="bbox 2222 4319 3717 4403; baseline 0.005 -26"><span class='ocrx_word' id='word_1_639' title='bbox 2222 4323 2293 4378; x_wconf 90' lang='grc' dir='ltr'>Τὸ</span> <span class='ocrx_word' id='word_1_640' title='bbox 2325 4322 2402 4384; x_wconf 88' lang='grc' dir='ltr'>εἰς</span> <span class='ocrx_word' id='word_1_641' title='bbox 2424 4319 2582 4384; x_wconf 88' lang='grc' dir='ltr'>τέλος</span> <span class='ocrx_word' id='word_1_642' title='bbox 2613 4321 2730 4376; x_wconf 83' lang='grc' dir='ltr'>ἀντὶ</span> <span class='ocrx_word' id='word_1_643' title='bbox 2757 4326 2855 4378; x_wconf 90' lang='grc' dir='ltr'>τοῦ</span> <span class='ocrx_word' id='word_1_644' title='bbox 2883 4320 3164 4386; x_wconf 82' lang='grc' dir='ltr'>παντελῶς</span> <span class='ocrx_word' id='word_1_645' title='bbox 3189 4321 3316 4393; x_wconf 75' lang='grc' dir='ltr'>ἤτοι</span> <span class='ocrx_word' id='word_1_646' title='bbox 3349 4323 3717 4403; x_wconf 83' lang='grc' dir='ltr'>σφοδρότατα.</span> 
     </span>
    </p>
   </div>
   <div class='ocr_carea' id='block_1_92' title="bbox 2301 4410 3852 4491">
    <p class='ocr_par' dir='ltr' id='par_1_92' title="bbox 2301 4410 3852 4491">
     <span class='ocr_line' id='line_1_92' title="bbox 2301 4410 3852 4491; baseline 0.007 -30"><span class='ocrx_word' id='word_1_647' title='bbox 2301 4431 2322 4460; x_wconf 78' lang='grc' dir='ltr'>ι</span> <span class='ocrx_word' id='word_1_648' title='bbox 2349 4414 2467 4465; x_wconf 79' lang='grc' dir='ltr'>’Ότι</span> <span class='ocrx_word' id='word_1_649' title='bbox 2537 4410 2818 4489; x_wconf 86' lang='grc' dir='ltr'>κατέφαγε.</span> <span class='ocrx_word' id='word_1_650' title='bbox 2889 4434 2916 4463; x_wconf 82' lang='lat'><strong>»</strong></span> <span class='ocrx_word' id='word_1_651' title='bbox 2990 4444 3060 4454; x_wconf 92' lang='lat'>—</span> <span class='ocrx_word' id='word_1_652' title='bbox 3129 4413 3442 4491; x_wconf 84' lang='grc' dir='ltr'>Κατέφαγον</span> <span class='ocrx_word' id='word_1_653' title='bbox 3520 4415 3579 4470; x_wconf 83' lang='grc' dir='ltr'>ἐν</span> <span class='ocrx_word' id='word_1_654' title='bbox 3655 4417 3852 4489; x_wconf 72' lang='grc' dir='ltr'>στόματτ</span> 
     </span>
    </p>
   </div>
   <div class='ocr_carea' id='block_1_93' title="bbox 2223 4498 3850 4581">
    <p class='ocr_par' dir='ltr' id='par_1_93' title="bbox 2223 4498 3850 4581">
     <span class='ocr_line' id='line_1_93' title="bbox 2223 4498 3850 4581; baseline 0.005 -29"><span class='ocrx_word' id='word_1_655' title='bbox 2223 4498 2492 4578; x_wconf 70' lang='grc' dir='ltr'>ῥομφαῖας</span> <span class='ocrx_word' id='word_1_656' title='bbox 2521 4499 2726 4574; x_wconf 78' lang='grc' dir='ltr'>οἱπερὶ</span> <span class='ocrx_word' id='word_1_657' title='bbox 2756 4501 2846 4555; x_wconf 89' lang='grc' dir='ltr'>τὸν</span> <span class='ocrx_word' id='word_1_658' title='bbox 2887 4500 3171 4577; x_wconf 83' lang='grc' dir='ltr'>’Δντίοχον</span> <span class='ocrx_word' id='word_1_659' title='bbox 3221 4502 3314 4556; x_wconf 89' lang='grc' dir='ltr'>τὸν</span> <span class='ocrx_word' id='word_1_660' title='bbox 3355 4502 3602 4561; x_wconf 89' lang='grc' dir='ltr'>παλαιὸν</span> <span class='ocrx_word' id='word_1_661' title='bbox 3639 4503 3850 4581; x_wconf 68' lang='grc' dir='ltr'>Ἰσραήλ,</span> 
     </span>
    </p>
   </div>
   <div class='ocr_carea' id='block_1_94' title="bbox 2221 4584 3555 4668">
    <p class='ocr_par' dir='ltr' id='par_1_94' title="bbox 2221 4584 3555 4668">
     <span class='ocr_line' id='line_1_94' title="bbox 2221 4584 3555 4668; baseline 0.006 -26"><span class='ocrx_word' id='word_1_662' title='bbox 2221 4588 2274 4642; x_wconf 76' lang='grc' dir='ltr'>οἱ</span> <span class='ocrx_word' id='word_1_663' title='bbox 2306 4586 2528 4643; x_wconf 88' lang='grc' dir='ltr'>διῶκται</span> <span class='ocrx_word' id='word_1_664' title='bbox 2557 4584 2615 4642; x_wconf 74' lang='grc' dir='ltr'>δὲ</span> <span class='ocrx_word' id='word_1_665' title='bbox 2641 4594 2744 4657; x_wconf 79' lang='grc' dir='ltr'>τῆς</span> <span class='ocrx_word' id='word_1_666' title='bbox 2772 4587 3006 4651; x_wconf 85' lang='grc' dir='ltr'>πίστεως</span> <span class='ocrx_word' id='word_1_667' title='bbox 3037 4591 3126 4644; x_wconf 91' lang='grc' dir='ltr'>τὸν</span> <span class='ocrx_word' id='word_1_668' title='bbox 3158 4592 3258 4660; x_wconf 78' lang='grc' dir='ltr'>τῆς</span> <span class='ocrx_word' id='word_1_669' title='bbox 3293 4593 3555 4668; x_wconf 84' lang='grc' dir='ltr'>χάριτος.</span> 
     </span>
    </p>
   </div>
   <div class='ocr_carea' id='block_1_95' title="bbox 475 4657 3843 4756">
    <p class='ocr_par' dir='ltr' id='par_1_95' title="bbox 475 4657 3843 4756">
     <span class='ocr_line' id='line_1_95' title="bbox 475 4657 3843 4756; baseline 0.001 -39"><span class='ocrx_word' id='word_1_670' title='bbox 475 4659 659 4756; x_wconf 75' lang='grc' dir='ltr'>λιστον</span> <span class='ocrx_word' id='word_1_671' title='bbox 683 4659 772 4756; x_wconf 73' lang='grc' dir='ltr'>καὶ</span> <span class='ocrx_word' id='word_1_672' title='bbox 806 4660 1051 4756; x_wconf 66' lang='grc' dir='ltr'>ἰσχυρὸν,</span> <span class='ocrx_word' id='word_1_673' title='bbox 1085 4658 1229 4756; x_wconf 63' lang='grc' dir='ltr'>οὕτω</span> <span class='ocrx_word' id='word_1_674' title='bbox 1256 4658 1345 4756; x_wconf 61' lang='grc' dir='ltr'>καὶ</span> <span class='ocrx_word' id='word_1_675' title='bbox 1376 4659 1403 4712; x_wconf 90' lang='lat'>6</span> <span class='ocrx_word' id='word_1_676' title='bbox 1434 4658 1680 4756; x_wconf 69' lang='grc' dir='ltr'>ναὸςτοῦ</span> <span class='ocrx_word' id='word_1_677' title='bbox 1721 4663 1854 4714; x_wconf 90' lang='grc' dir='ltr'>Θεοῦ</span> <span class='ocrx_word' id='word_1_678' title='bbox 1876 4657 2104 4756; x_wconf 28' lang='grc' dir='ltr'>,ᾠκοδο-</span> <span class='ocrx_word' id='word_1_679' title='bbox 2136 4664 2183 4729; x_wconf 84' lang='grc' dir='ltr'>Ι)</span> <span class='ocrx_word' id='word_1_680' title='bbox 2291 4701 2314 4732; x_wconf 63' lang='grc' dir='ltr'>ι</span> <span class='ocrx_word' id='word_1_681' title='bbox 2348 4678 2437 4746; x_wconf 67' lang='grc' dir='ltr'>Μὴ</span> <span class='ocrx_word' id='word_1_682' title='bbox 2490 4683 2736 4750; x_wconf 69' lang='grc' dir='ltr'>μνησθῇς</span> <span class='ocrx_word' id='word_1_683' title='bbox 2783 4679 2944 4751; x_wconf 63' lang='grc' dir='ltr'>ἡμῶν</span> <span class='ocrx_word' id='word_1_684' title='bbox 2993 4657 3233 4751; x_wconf 56' lang='grc' dir='ltr'>ἀνομιῶς,</span> <span class='ocrx_word' id='word_1_685' title='bbox 3278 4657 3558 4756; x_wconf 40' lang='grc' dir='ltr'>ἆρχέαίων,</span> <span class='ocrx_word' id='word_1_686' title='bbox 3598 4710 3621 4735; x_wconf 85' lang='grc'>,</span> <span class='ocrx_word' id='word_1_687' title='bbox 3656 4717 3724 4727; x_wconf 89' lang='lat'><em>_</em></span> <span class='ocrx_word' id='word_1_688' title='bbox 3746 4685 3843 4755; x_wconf 56' lang='grc' dir='ltr'>Ἃρ.</span> 
     </span>
    </p>
   </div>
   <div class='ocr_carea' id='block_1_96' title="bbox 486 4747 2112 4824">
    <p class='ocr_par' dir='ltr' id='par_1_96' title="bbox 486 4747 2112 4824">
     <span class='ocr_line' id='line_1_96' title="bbox 486 4747 2112 4824; baseline -0.001 -19"><span class='ocrx_word' id='word_1_689' title='bbox 486 4751 636 4824; x_wconf 88' lang='grc' dir='ltr'>μήθη</span> <span class='ocrx_word' id='word_1_690' title='bbox 667 4749 791 4805; x_wconf 82' lang='grc' dir='ltr'>τότε</span> <span class='ocrx_word' id='word_1_691' title='bbox 822 4748 874 4804; x_wconf 85' lang='grc' dir='ltr'>έν</span> <span class='ocrx_word' id='word_1_692' title='bbox 909 4747 1012 4823; x_wconf 77' lang='grc' dir='ltr'>ὅλῃ</span> <span class='ocrx_word' id='word_1_693' title='bbox 1056 4752 1124 4822; x_wconf 82' lang='grc' dir='ltr'>τῇ</span> <span class='ocrx_word' id='word_1_694' title='bbox 1156 4747 1229 4823; x_wconf 72' lang='grc' dir='ltr'>γῇ</span> <span class='ocrx_word' id='word_1_695' title='bbox 1259 4747 1354 4819; x_wconf 80' lang='grc' dir='ltr'>εἷς,</span> <span class='ocrx_word' id='word_1_696' title='bbox 1387 4747 1476 4802; x_wconf 88' lang='grc' dir='ltr'>καὶ</span> <span class='ocrx_word' id='word_1_697' title='bbox 1511 4748 1769 4822; x_wconf 87' lang='grc' dir='ltr'>μέγιστος</span> <span class='ocrx_word' id='word_1_698' title='bbox 1803 4747 1892 4802; x_wconf 80' lang='grc' dir='ltr'>καὶ</span> <span class='ocrx_word' id='word_1_699' title='bbox 1913 4748 2112 4804; x_wconf 80' lang='grc' dir='ltr'>κάλλι-</span> 
     </span>
    </p>
   </div>
   <div class='ocr_carea' id='block_1_97' title="bbox 471 4836 2103 4915">
    <p class='ocr_par' dir='ltr' id='par_1_97' title="bbox 471 4836 2103 4915">
     <span class='ocr_line' id='line_1_97' title="bbox 471 4836 2103 4915; baseline -0.002 -20"><span class='ocrx_word' id='word_1_700' title='bbox 471 4860 594 4902; x_wconf 87' lang='grc' dir='ltr'>στος</span> <span class='ocrx_word' id='word_1_701' title='bbox 618 4841 707 4894; x_wconf 83' lang='grc' dir='ltr'>καὶ</span> <span class='ocrx_word' id='word_1_702' title='bbox 741 4837 964 4915; x_wconf 82' lang='grc' dir='ltr'>ἰσχυρὸς</span> <span class='ocrx_word' id='word_1_703' title='bbox 990 4836 1060 4912; x_wconf 74' lang='grc' dir='ltr'>τῇ</span> <span class='ocrx_word' id='word_1_704' title='bbox 1090 4839 1392 4906; x_wconf 81' lang='grc' dir='ltr'>κατασκευῆ</span> <span class='ocrx_word' id='word_1_705' title='bbox 1417 4836 1508 4891; x_wconf 85' lang='grc' dir='ltr'>καὶ</span> <span class='ocrx_word' id='word_1_706' title='bbox 1557 4837 1719 4910; x_wconf 87' lang='grc' dir='ltr'>μόνος</span> <span class='ocrx_word' id='word_1_707' title='bbox 1753 4837 1919 4911; x_wconf 86' lang='grc' dir='ltr'>μόνου</span> <span class='ocrx_word' id='word_1_708' title='bbox 1951 4843 2103 4894; x_wconf 90' lang='grc' dir='ltr'>Θεοῦ.</span> 
     </span>
    </p>
   </div>
   <div class='ocr_carea' id='block_1_98' title="bbox 465 4923 2102 5003">
    <p class='ocr_par' dir='ltr' id='par_1_98' title="bbox 465 4923 2102 5003">
     <span class='ocr_line' id='line_1_98' title="bbox 465 4923 2102 5003; baseline -0.001 -20"><span class='ocrx_word' id='word_1_709' title='bbox 465 4961 536 4970; x_wconf 89' lang='grc'><strong>-</strong></span> <span class='ocrx_word' id='word_1_710' title='bbox 561 4929 668 4998; x_wconf 74' lang='grc' dir='ltr'>Τὴν</span> <span class='ocrx_word' id='word_1_711' title='bbox 697 4932 794 4983; x_wconf 89' lang='grc' dir='ltr'>τοῦ</span> <span class='ocrx_word' id='word_1_712' title='bbox 825 4925 998 4982; x_wconf 88' lang='grc' dir='ltr'>Ἰούδα</span> <span class='ocrx_word' id='word_1_713' title='bbox 1027 4926 1202 5003; x_wconf 73' lang='grc' dir='ltr'>φυλὴν</span> <span class='ocrx_word' id='word_1_714' title='bbox 1231 4923 1531 5002; x_wconf 79' lang='grc' dir='ltr'>ἡδραίωσεν</span> <span class='ocrx_word' id='word_1_715' title='bbox 1565 4926 1640 4988; x_wconf 81' lang='grc' dir='ltr'>εἷς</span> <span class='ocrx_word' id='word_1_716' title='bbox 1678 4926 1768 4982; x_wconf 92' lang='grc' dir='ltr'>τὸν</span> <span class='ocrx_word' id='word_1_717' title='bbox 1825 4926 1995 4982; x_wconf 79' lang='grc' dir='ltr'>αἰῶνα</span> <span class='ocrx_word' id='word_1_718' title='bbox 2050 4929 2102 4983; x_wconf 87' lang='grc' dir='ltr'>έν</span> 
     </span>
    </p>
   </div>
   <div class='ocr_carea' id='block_1_99' title="bbox 461 5014 2101 5092">
    <p class='ocr_par' dir='ltr' id='par_1_99' title="bbox 461 5014 2101 5092">
     <span class='ocr_line' id='line_1_99' title="bbox 461 5014 2101 5092; baseline 0.001 -22"><span class='ocrx_word' id='word_1_719' title='bbox 461 5018 535 5086; x_wconf 78' lang='grc' dir='ltr'>τῆ</span> <span class='ocrx_word' id='word_1_720' title='bbox 575 5019 669 5092; x_wconf 78' lang='grc' dir='ltr'>γῆ,</span> <span class='ocrx_word' id='word_1_721' title='bbox 721 5017 963 5072; x_wconf 85' lang='grc' dir='ltr'>τουτέστι</span> <span class='ocrx_word' id='word_1_722' title='bbox 1026 5016 1124 5084; x_wconf 81' lang='grc' dir='ltr'>τήν</span> <span class='ocrx_word' id='word_1_723' title='bbox 1184 5014 1504 5084; x_wconf 87' lang='grc' dir='ltr'>Ἐκκλησίαν</span> <span class='ocrx_word' id='word_1_724' title='bbox 1584 5020 1686 5069; x_wconf 89' lang='grc' dir='ltr'>τῶν</span> <span class='ocrx_word' id='word_1_725' title='bbox 1759 5021 1984 5072; x_wconf 78' lang='grc' dir='ltr'>πιστῶν·</span> <span class='ocrx_word' id='word_1_726' title='bbox 2035 5021 2101 5086; x_wconf 74' lang='grc' dir='ltr'>ἧς</span> 
     </span>
    </p>
   </div>
   <div class='ocr_carea' id='block_1_100' title="bbox 464 5099 2102 5182">
    <p class='ocr_par' dir='ltr' id='par_1_100' title="bbox 464 5099 2102 5182">
     <span class='ocr_line' id='line_1_100' title="bbox 464 5099 2102 5182; baseline 0.001 -22"><span class='ocrx_word' id='word_1_727' title='bbox 464 5099 596 5175; x_wconf 73' lang='grc' dir='ltr'>ᾅδου</span> <span class='ocrx_word' id='word_1_728' title='bbox 643 5105 813 5161; x_wconf 86' lang='grc' dir='ltr'>πύλαι</span> <span class='ocrx_word' id='word_1_729' title='bbox 861 5106 921 5160; x_wconf 86' lang='grc' dir='ltr'>οὐ</span> <span class='ocrx_word' id='word_1_730' title='bbox 970 5105 1376 5179; x_wconf 75' lang='grc' dir='ltr'>κατισχύσουσιο</span> <span class='ocrx_word' id='word_1_731' title='bbox 1428 5103 1575 5182; x_wconf 88' lang='grc' dir='ltr'>φυλὴ</span> <span class='ocrx_word' id='word_1_732' title='bbox 1635 5104 1737 5179; x_wconf 84' lang='grc' dir='ltr'>γὰρ</span> <span class='ocrx_word' id='word_1_733' title='bbox 1802 5105 1934 5176; x_wconf 79' lang='grc' dir='ltr'>αὕτη</span> <span class='ocrx_word' id='word_1_734' title='bbox 2005 5111 2102 5161; x_wconf 90' lang='grc' dir='ltr'>τοῦ</span> 
     </span>
    </p>
   </div>
   <div class='ocr_carea' id='block_1_101' title="bbox 460 5191 2099 5269">
    <p class='ocr_par' dir='ltr' id='par_1_101' title="bbox 460 5191 2099 5269">
     <span class='ocr_line' id='line_1_101' title="bbox 460 5191 2099 5269; baseline 0 -20"><span class='ocrx_word' id='word_1_735' title='bbox 460 5193 580 5250; x_wconf 86' lang='grc' dir='ltr'>νέου</span> <span class='ocrx_word' id='word_1_736' title='bbox 610 5191 785 5248; x_wconf 88' lang='grc' dir='ltr'>Ἰούδα</span> <span class='ocrx_word' id='word_1_737' title='bbox 842 5197 1093 5269; x_wconf 73' lang='grc' dir='ltr'>Χριστοῦο</span> <span class='ocrx_word' id='word_1_738' title='bbox 1151 5197 1249 5248; x_wconf 92' lang='grc' dir='ltr'>τοῦ</span> <span class='ocrx_word' id='word_1_739' title='bbox 1303 5192 1407 5269; x_wconf 80' lang='grc' dir='ltr'>γὰρ</span> <span class='ocrx_word' id='word_1_740' title='bbox 1464 5191 1765 5262; x_wconf 79' lang='grc' dir='ltr'>παλαιοῦὴ</span> <span class='ocrx_word' id='word_1_741' title='bbox 1798 5192 1943 5268; x_wconf 87' lang='grc' dir='ltr'>φυλή</span> <span class='ocrx_word' id='word_1_742' title='bbox 1994 5198 2099 5249; x_wconf 90' lang='grc' dir='ltr'>ποῦ</span> 
     </span>
    </p>
   </div>
   <div class='ocr_carea' id='block_1_102' title="bbox 459 5279 1398 5356">
    <p class='ocr_par' dir='ltr' id='par_1_102' title="bbox 459 5279 1398 5356">
     <span class='ocr_line' id='line_1_102' title="bbox 459 5279 1398 5356; baseline 0.002 -21"><span class='ocrx_word' id='word_1_743' title='bbox 459 5280 570 5337; x_wconf 84' lang='grc' dir='ltr'>ἐστὶ</span> <span class='ocrx_word' id='word_1_744' title='bbox 599 5281 1040 5356; x_wconf 86' lang='grc' dir='ltr'>τεθεμελιωμένη</span> <span class='ocrx_word' id='word_1_745' title='bbox 1071 5279 1359 5344; x_wconf 89' lang='grc' dir='ltr'>διαπαντός</span> <span class='ocrx_word' id='word_1_746' title='bbox 1384 5301 1398 5351; x_wconf 87' lang='grc'>;</span> 
     </span>
    </p>
   </div>
   <div class='ocr_carea' id='block_1_103' title="bbox 530 5386 2094 5461">
    <p class='ocr_par' dir='ltr' id='par_1_103' title="bbox 530 5386 2094 5461">
     <span class='ocr_line' id='line_1_103' title="bbox 530 5386 2094 5461; baseline 0.003 -21"><span class='ocrx_word' id='word_1_747' title='bbox 530 5411 560 5441; x_wconf 90' lang='grc'>‹‹</span> <span class='ocrx_word' id='word_1_748' title='bbox 618 5387 719 5445; x_wconf 85' lang='grc' dir='ltr'>Καὶ</span> <span class='ocrx_word' id='word_1_749' title='bbox 776 5387 1046 5460; x_wconf 81' lang='grc' dir='ltr'>ἐξελέξατο</span> <span class='ocrx_word' id='word_1_750' title='bbox 1122 5386 1284 5443; x_wconf 67' lang='grc' dir='ltr'>Δαυῗδ</span> <span class='ocrx_word' id='word_1_751' title='bbox 1361 5388 1450 5443; x_wconf 91' lang='grc' dir='ltr'>τὸν</span> <span class='ocrx_word' id='word_1_752' title='bbox 1511 5386 1706 5444; x_wconf 89' lang='grc' dir='ltr'>δοῦλον</span> <span class='ocrx_word' id='word_1_753' title='bbox 1764 5387 1948 5461; x_wconf 80' lang='grc' dir='ltr'>αὐτοῦ,</span> <span class='ocrx_word' id='word_1_754' title='bbox 2006 5391 2094 5444; x_wconf 86' lang='grc' dir='ltr'>καὶ</span> 
     </span>
    </p>
   </div>
   <div class='ocr_carea' id='block_1_104' title="bbox 453 5472 2090 5555">
    <p class='ocr_par' dir='ltr' id='par_1_104' title="bbox 453 5472 2090 5555">
     <span class='ocr_line' id='line_1_104' title="bbox 453 5472 2090 5555; baseline -0.001 -21"><span class='ocrx_word' id='word_1_755' title='bbox 453 5472 712 5534; x_wconf 78' lang='grc' dir='ltr'>ἀνέλαϐεν</span> <span class='ocrx_word' id='word_1_756' title='bbox 769 5476 924 5532; x_wconf 80' lang='grc' dir='ltr'>αὐτὸν</span> <span class='ocrx_word' id='word_1_757' title='bbox 984 5477 1042 5532; x_wconf 90' lang='grc' dir='ltr'>ἐκ</span> <span class='ocrx_word' id='word_1_758' title='bbox 1093 5483 1201 5532; x_wconf 89' lang='grc' dir='ltr'>τῶν</span> <span class='ocrx_word' id='word_1_759' title='bbox 1262 5478 1534 5551; x_wconf 89' lang='grc' dir='ltr'>ποιμνίων</span> <span class='ocrx_word' id='word_1_760' title='bbox 1591 5483 1698 5532; x_wconf 92' lang='grc' dir='ltr'>τῶν</span> <span class='ocrx_word' id='word_1_761' title='bbox 1780 5474 2090 5555; x_wconf 73' lang='grc' dir='ltr'>προϐάτωνο</span> 
     </span>
    </p>
   </div>
   <div class='ocr_carea' id='block_1_105' title="bbox 451 5562 2088 5642">
    <p class='ocr_par' dir='ltr' id='par_1_105' title="bbox 451 5562 2088 5642">
     <span class='ocr_line' id='line_1_105' title="bbox 451 5562 2088 5642; baseline 0 -19"><span class='ocrx_word' id='word_1_762' title='bbox 451 5567 727 5642; x_wconf 82' lang='grc' dir='ltr'>ἐξόπισθεν</span> <span class='ocrx_word' id='word_1_763' title='bbox 778 5570 887 5620; x_wconf 92' lang='grc' dir='ltr'>τῶν</span> <span class='ocrx_word' id='word_1_764' title='bbox 934 5565 1317 5642; x_wconf 86' lang='grc' dir='ltr'>λοχευομένων</span> <span class='ocrx_word' id='word_1_765' title='bbox 1364 5562 1554 5621; x_wconf 76' lang='grc' dir='ltr'>ἔλαϐεν</span> <span class='ocrx_word' id='word_1_766' title='bbox 1601 5567 1777 5626; x_wconf 82' lang='grc' dir='ltr'>αὐτόν.</span> <span class='ocrx_word' id='word_1_767' title='bbox 1815 5594 1839 5619; x_wconf 87' lang='lat'><em>»</em></span> <span class='ocrx_word' id='word_1_768' title='bbox 1886 5602 1954 5611; x_wconf 92' lang='lat'><strong>—</strong></span> <span class='ocrx_word' id='word_1_769' title='bbox 1987 5569 2088 5624; x_wconf 82' lang='grc' dir='ltr'>Οὖ-</span> 
     </span>
    </p>
   </div>
   <div class='ocr_carea' id='block_1_106' title="bbox 450 5653 2090 5734">
    <p class='ocr_par' dir='ltr' id='par_1_106' title="bbox 450 5653 2090 5734">
     <span class='ocr_line' id='line_1_106' title="bbox 450 5653 2090 5734; baseline 0.001 -22"><span class='ocrx_word' id='word_1_770' title='bbox 450 5655 510 5712; x_wconf 72' lang='grc' dir='ltr'>δέ</span> <span class='ocrx_word' id='word_1_771' title='bbox 563 5656 744 5718; x_wconf 88' lang='grc' dir='ltr'>τέλος’</span> <span class='ocrx_word' id='word_1_772' title='bbox 785 5655 1018 5731; x_wconf 79' lang='grc' dir='ltr'>καὶγὰρ</span> <span class='ocrx_word' id='word_1_773' title='bbox 1069 5655 1134 5724; x_wconf 81' lang='grc' dir='ltr'>ἦν</span> <span class='ocrx_word' id='word_1_774' title='bbox 1185 5655 1415 5728; x_wconf 84' lang='grc' dir='ltr'>ποιμήν,</span> <span class='ocrx_word' id='word_1_775' title='bbox 1466 5653 1592 5709; x_wconf 82' lang='grc' dir='ltr'>ἀλλ’</span> <span class='ocrx_word' id='word_1_776' title='bbox 1639 5657 1770 5734; x_wconf 73' lang='grc' dir='ltr'>ὑπὲρ</span> <span class='ocrx_word' id='word_1_777' title='bbox 1831 5657 2090 5732; x_wconf 89' lang='grc' dir='ltr'>ποιμένος</span> 
     </span>
    </p>
   </div>
   <div class='ocr_carea' id='block_1_107' title="bbox 441 5739 1618 5836">
    <p class='ocr_par' dir='ltr' id='par_1_107' title="bbox 441 5739 1618 5836">
     <span class='ocr_line' id='line_1_107' title="bbox 441 5739 1618 5836; baseline 0.001 -32"><span class='ocrx_word' id='word_1_778' title='bbox 441 5752 558 5817; x_wconf 80' lang='grc' dir='ltr'>τοῖς</span> <span class='ocrx_word' id='word_1_779' title='bbox 587 5747 831 5826; x_wconf 65' lang='grc' dir='ltr'>τίκτουσι</span> <span class='ocrx_word' id='word_1_780' title='bbox 861 5749 969 5808; x_wconf 84' lang='grc' dir='ltr'>τῶν</span> <span class='ocrx_word' id='word_1_781' title='bbox 1001 5739 1289 5836; x_wconf 81' lang='grc' dir='ltr'>προϐάτων</span> <span class='ocrx_word' id='word_1_782' title='bbox 1324 5742 1618 5824; x_wconf 77' lang='grc' dir='ltr'>ἑπόμενος.</span> 
     </span>
    </p>
   </div>
   <div class='ocr_carea' id='block_1_108' title="bbox 2219 4761 3379 4845">
    <p class='ocr_par' dir='ltr' id='par_1_108' title="bbox 2219 4761 3379 4845">
     <span class='ocr_line' id='line_1_108' title="bbox 2219 4761 3379 4845; baseline 0.003 -24"><span class='ocrx_word' id='word_1_783' title='bbox 2219 4768 2381 4842; x_wconf 87' lang='grc' dir='ltr'>χαίας</span> <span class='ocrx_word' id='word_1_784' title='bbox 2410 4765 2638 4839; x_wconf 80' lang='grc' dir='ltr'>ἀνομίας</span> <span class='ocrx_word' id='word_1_785' title='bbox 2665 4767 2760 4828; x_wconf 81' lang='grc' dir='ltr'>τὰς</span> <span class='ocrx_word' id='word_1_786' title='bbox 2788 4761 3168 4840; x_wconf 76' lang='grc' dir='ltr'>προλαϐούσας</span> <span class='ocrx_word' id='word_1_787' title='bbox 3199 4769 3379 4845; x_wconf 83' lang='grc' dir='ltr'>φησίν.</span> 
     </span>
    </p>
   </div>
   <div class='ocr_carea' id='block_1_109' title="bbox 2286 4849 3843 4936">
    <p class='ocr_par' dir='ltr' id='par_1_109' title="bbox 2286 4849 3843 4936">
     <span class='ocr_line' id='line_1_109' title="bbox 2286 4849 3843 4936; baseline 0.003 -28"><span class='ocrx_word' id='word_1_788' title='bbox 2286 4881 2314 4908; x_wconf 90' lang='grc'>‹‹</span> <span class='ocrx_word' id='word_1_789' title='bbox 2341 4854 2490 4930; x_wconf 82' lang='grc' dir='ltr'>Ταχὺ</span> <span class='ocrx_word' id='word_1_790' title='bbox 2519 4849 3074 4930; x_wconf 77' lang='grc' dir='ltr'>προκαταλαϐέτωσαν</span> <span class='ocrx_word' id='word_1_791' title='bbox 3108 4859 3257 4929; x_wconf 75' lang='grc' dir='ltr'>ἡμᾶς</span> <span class='ocrx_word' id='word_1_792' title='bbox 3311 4859 3362 4912; x_wconf 78' lang='grc' dir='ltr'>οἱ</span> <span class='ocrx_word' id='word_1_793' title='bbox 3414 4859 3703 4936; x_wconf 80' lang='grc' dir='ltr'>οἰκτιρμοί</span> <span class='ocrx_word' id='word_1_794' title='bbox 3753 4881 3843 4920; x_wconf 56' lang='grc' dir='ltr'>σου,</span> 
     </span>
    </p>
   </div>
   <div class='ocr_carea' id='block_1_110' title="bbox 2213 4941 3838 5025">
    <p class='ocr_par' dir='ltr' id='par_1_110' title="bbox 2213 4941 3838 5025">
     <span class='ocr_line' id='line_1_110' title="bbox 2213 4941 3838 5025; baseline 0 -28"><span class='ocrx_word' id='word_1_795' title='bbox 2213 4942 2399 5018; x_wconf 90' lang='grc' dir='ltr'>Κύριε,</span> <span class='ocrx_word' id='word_1_796' title='bbox 2433 4942 2514 4997; x_wconf 82' lang='grc' dir='ltr'>ὅτι</span> <span class='ocrx_word' id='word_1_797' title='bbox 2570 4941 2985 5018; x_wconf 87' lang='grc' dir='ltr'>ἐπτωχεύσαμεν</span> <span class='ocrx_word' id='word_1_798' title='bbox 3044 4943 3269 5022; x_wconf 86' lang='grc' dir='ltr'>σφόδρα.</span> <span class='ocrx_word' id='word_1_799' title='bbox 3331 4971 3360 4998; x_wconf 76' lang='grc' dir='ltr'>υ</span> <span class='ocrx_word' id='word_1_800' title='bbox 3422 4981 3492 4992; x_wconf 88' lang='lat'><strong>—</strong></span> <span class='ocrx_word' id='word_1_801' title='bbox 3556 4949 3838 5025; x_wconf 64' lang='grc' dir='ltr'>Ἑπτωχεύ-</span> 
     </span>
    </p>
   </div>
   <div class='ocr_carea' id='block_1_111' title="bbox 2211 5030 3836 5115">
    <p class='ocr_par' dir='ltr' id='par_1_111' title="bbox 2211 5030 3836 5115">
     <span class='ocr_line' id='line_1_111' title="bbox 2211 5030 3836 5115; baseline 0.002 -30"><span class='ocrx_word' id='word_1_802' title='bbox 2211 5053 2375 5104; x_wconf 84' lang='grc' dir='ltr'>σαμεν</span> <span class='ocrx_word' id='word_1_803' title='bbox 2455 5031 2761 5086; x_wconf 80' lang='grc' dir='ltr'>ἐκπεσόντες</span> <span class='ocrx_word' id='word_1_804' title='bbox 2812 5033 2886 5086; x_wconf 82' lang='grc' dir='ltr'>ὧν</span> <span class='ocrx_word' id='word_1_805' title='bbox 2936 5030 3181 5108; x_wconf 67' lang='grc' dir='ltr'>εἴχομεν,</span> <span class='ocrx_word' id='word_1_806' title='bbox 3232 5035 3267 5103; x_wconf 67' lang='grc' dir='ltr'><strong>ἢ</strong></span> <span class='ocrx_word' id='word_1_807' title='bbox 3317 5033 3408 5090; x_wconf 78' lang='grc' dir='ltr'>καί</span> <span class='ocrx_word' id='word_1_808' title='bbox 3469 5043 3579 5093; x_wconf 88' lang='grc' dir='ltr'>τῶν</span> <span class='ocrx_word' id='word_1_809' title='bbox 3645 5041 3836 5115; x_wconf 68' lang='grc' dir='ltr'>ἀρετ-ὗν.</span> 
     </span>
    </p>
   </div>
   <div class='ocr_carea' id='block_1_112' title="bbox 2211 5118 3836 5196">
    <p class='ocr_par' dir='ltr' id='par_1_112' title="bbox 2211 5118 3836 5196">
     <span class='ocr_line' id='line_1_112' title="bbox 2211 5118 3836 5196; baseline 0.006 -21"><span class='ocrx_word' id='word_1_810' title='bbox 2211 5128 2443 5196; x_wconf 85' lang='grc' dir='ltr'>Σωτῆρα</span> <span class='ocrx_word' id='word_1_811' title='bbox 2487 5118 2543 5174; x_wconf 72' lang='grc' dir='ltr'>δὲ</span> <span class='ocrx_word' id='word_1_812' title='bbox 2580 5122 2671 5175; x_wconf 91' lang='grc' dir='ltr'>τὸν</span> <span class='ocrx_word' id='word_1_813' title='bbox 2723 5121 2849 5176; x_wconf 88' lang='grc' dir='ltr'>Θεὸν</span> <span class='ocrx_word' id='word_1_814' title='bbox 2898 5121 3181 5194; x_wconf 88' lang='grc' dir='ltr'>καλοῦσιν,</span> <span class='ocrx_word' id='word_1_815' title='bbox 3214 5123 3289 5185; x_wconf 86' lang='grc' dir='ltr'>ὡς</span> <span class='ocrx_word' id='word_1_816' title='bbox 3349 5125 3637 5192; x_wconf 75' lang='grc' dir='ltr'>πολλάκις</span> <span class='ocrx_word' id='word_1_817' title='bbox 3689 5150 3836 5196; x_wconf 64' lang='lat' dir='ltr'>smn;-</span> 
     </span>
    </p>
   </div>
   <div class='ocr_carea' id='block_1_113' title="bbox 2209 5209 2900 5286">
    <p class='ocr_par' dir='ltr' id='par_1_113' title="bbox 2209 5209 2900 5286">
     <span class='ocr_line' id='line_1_113' title="bbox 2209 5209 2900 5286; baseline 0.003 -22"><span class='ocrx_word' id='word_1_818' title='bbox 2209 5211 2328 5286; x_wconf 88' lang='grc' dir='ltr'>ρίας</span> <span class='ocrx_word' id='word_1_819' title='bbox 2359 5209 2551 5272; x_wconf 78' lang='grc' dir='ltr'>αὐτοὺς</span> <span class='ocrx_word' id='word_1_820' title='bbox 2582 5210 2900 5280; x_wconf 84' lang='grc' dir='ltr'>ἀξιώσαντα.</span> 
     </span>
    </p>
   </div>
   <div class='ocr_carea' id='block_1_114' title="bbox 2279 5301 3823 5381">
    <p class='ocr_par' dir='ltr' id='par_1_114' title="bbox 2279 5301 3823 5381">
     <span class='ocr_line' id='line_1_114' title="bbox 2279 5301 3823 5381; baseline 0.006 -28"><span class='ocrx_word' id='word_1_821' title='bbox 2279 5302 2620 5370; x_wconf 80' lang='grc' dir='ltr'>«Βοήθησον</span> <span class='ocrx_word' id='word_1_822' title='bbox 2680 5302 2832 5372; x_wconf 84' lang='grc' dir='ltr'>ἡμῖν,</span> <span class='ocrx_word' id='word_1_823' title='bbox 2866 5301 2894 5354; x_wconf 91' lang='lat'>6</span> <span class='ocrx_word' id='word_1_824' title='bbox 2947 5301 3076 5363; x_wconf 89' lang='grc' dir='ltr'>Θεὸς</span> <span class='ocrx_word' id='word_1_825' title='bbox 3121 5302 3150 5355; x_wconf 90' lang='lat'>6</span> <span class='ocrx_word' id='word_1_826' title='bbox 3211 5306 3408 5380; x_wconf 79' lang='grc' dir='ltr'>Σωτὴρ</span> <span class='ocrx_word' id='word_1_827' title='bbox 3459 5308 3654 5381; x_wconf 80' lang='grc' dir='ltr'>ἡμῶν·</span> <span class='ocrx_word' id='word_1_828' title='bbox 3693 5307 3823 5362; x_wconf 59' lang='grc' dir='ltr'>ἔνθα*</span> 
     </span>
    </p>
   </div>
   <div class='ocr_carea' id='block_1_115' title="bbox 2201 5386 3822 5466">
    <p class='ocr_par' dir='ltr' id='par_1_115' title="bbox 2201 5386 3822 5466">
     <span class='ocr_line' id='line_1_115' title="bbox 2201 5386 3822 5466; baseline 0.003 -23"><span class='ocrx_word' id='word_1_829' title='bbox 2201 5395 2302 5459; x_wconf 85' lang='grc' dir='ltr'>τῆς</span> <span class='ocrx_word' id='word_1_830' title='bbox 2335 5386 2494 5459; x_wconf 87' lang='grc' dir='ltr'>δόξης</span> <span class='ocrx_word' id='word_1_831' title='bbox 2523 5393 2620 5444; x_wconf 89' lang='grc' dir='ltr'>τοῦ</span> <span class='ocrx_word' id='word_1_832' title='bbox 2654 5388 2918 5462; x_wconf 83' lang='grc' dir='ltr'>ὀνόματός</span> <span class='ocrx_word' id='word_1_833' title='bbox 2948 5410 3044 5444; x_wconf 90' lang='grc' dir='ltr'>σου</span> <span class='ocrx_word' id='word_1_834' title='bbox 3082 5389 3238 5466; x_wconf 73' lang='grc' dir='ltr'>ῥῦσαι</span> <span class='ocrx_word' id='word_1_835' title='bbox 3291 5395 3468 5464; x_wconf 76' lang='grc' dir='ltr'>ἡμᾶς.</span> <span class='ocrx_word' id='word_1_836' title='bbox 3498 5417 3528 5446; x_wconf 75' lang='lat' dir='ltr'><strong>n</strong></span> <span class='ocrx_word' id='word_1_837' title='bbox 3565 5428 3642 5438; x_wconf 86' lang='lat'>-——</span> <span class='ocrx_word' id='word_1_838' title='bbox 3670 5397 3727 5451; x_wconf 84' lang='grc' dir='ltr'>Εἰ</span> <span class='ocrx_word' id='word_1_839' title='bbox 3765 5393 3822 5447; x_wconf 64' lang='grc' dir='ltr'>υἱ</span> 
     </span>
    </p>
   </div>
   <div class='ocr_carea' id='block_1_116' title="bbox 2201 5475 3818 5558">
    <p class='ocr_par' dir='ltr' id='par_1_116' title="bbox 2201 5475 3818 5558">
     <span class='ocr_line' id='line_1_116' title="bbox 2201 5475 3818 5558; baseline 0.007 -28"><span class='ocrx_word' id='word_1_840' title='bbox 2201 5477 2405 5548; x_wconf 84' lang='grc' dir='ltr'>ἀνάξιοι</span> <span class='ocrx_word' id='word_1_841' title='bbox 2463 5476 2668 5548; x_wconf 83' lang='grc' dir='ltr'>ἐλέους,</span> <span class='ocrx_word' id='word_1_842' title='bbox 2729 5475 2871 5532; x_wconf 86' lang='grc' dir='ltr'>ἀλλά</span> <span class='ocrx_word' id='word_1_843' title='bbox 2926 5499 2985 5554; x_wconf 88' lang='grc' dir='ltr'>γε</span> <span class='ocrx_word' id='word_1_844' title='bbox 3044 5478 3201 5555; x_wconf 74' lang='grc' dir='ltr'>ῥῦσαι</span> <span class='ocrx_word' id='word_1_845' title='bbox 3254 5483 3426 5554; x_wconf 81' lang='grc' dir='ltr'>ἡμᾶς,</span> <span class='ocrx_word' id='word_1_846' title='bbox 3467 5481 3564 5538; x_wconf 66' lang='grc' dir='ltr'>τίνα</span> <span class='ocrx_word' id='word_1_847' title='bbox 3614 5487 3690 5558; x_wconf 73' lang='grc' dir='ltr'>μὴ</span> <span class='ocrx_word' id='word_1_848' title='bbox 3735 5482 3818 5551; x_wconf 64' lang='grc' dir='ltr'>δέῇ</span> 
     </span>
    </p>
   </div>
   <div class='ocr_carea' id='block_1_117' title="bbox 2198 5561 3815 5648">
    <p class='ocr_par' dir='ltr' id='par_1_117' title="bbox 2198 5561 3815 5648">
     <span class='ocr_line' id='line_1_117' title="bbox 2198 5561 3815 5648; baseline 0.003 -26"><span class='ocrx_word' id='word_1_849' title='bbox 2198 5569 2260 5622; x_wconf 91' lang='grc' dir='ltr'>τὸ</span> <span class='ocrx_word' id='word_1_850' title='bbox 2315 5567 2404 5621; x_wconf 90' lang='grc' dir='ltr'>σὸν</span> <span class='ocrx_word' id='word_1_851' title='bbox 2462 5561 2633 5639; x_wconf 70' lang='grc' dir='ltr'>ὄνομα</span> <span class='ocrx_word' id='word_1_852' title='bbox 2688 5567 2831 5643; x_wconf 85' lang='grc' dir='ltr'>παρά</span> <span class='ocrx_word' id='word_1_853' title='bbox 2887 5573 3002 5630; x_wconf 89' lang='grc' dir='ltr'>τοῖς</span> <span class='ocrx_word' id='word_1_854' title='bbox 3056 5566 3263 5632; x_wconf 84' lang='grc' dir='ltr'>ἔθνεσιν</span> <span class='ocrx_word' id='word_1_855' title='bbox 3329 5569 3729 5648; x_wconf 81' lang='grc' dir='ltr'>όνειδιζόμενον</span> <span class='ocrx_word' id='word_1_856' title='bbox 3768 5571 3815 5627; x_wconf 73' lang='grc' dir='ltr'>ὡς</span> 
     </span>
    </p>
   </div>
   <div class='ocr_carea' id='block_1_118' title="bbox 2199 5653 3811 5733">
    <p class='ocr_par' dir='ltr' id='par_1_118' title="bbox 2199 5653 3811 5733">
     <span class='ocr_line' id='line_1_118' title="bbox 2199 5653 3811 5733; baseline -0.001 -22"><span class='ocrx_word' id='word_1_857' title='bbox 2199 5656 2426 5729; x_wconf 74' lang='grc' dir='ltr'>ἀσθενὲς,</span> <span class='ocrx_word' id='word_1_858' title='bbox 2476 5656 2566 5711; x_wconf 86' lang='grc' dir='ltr'>καὶ</span> <span class='ocrx_word' id='word_1_859' title='bbox 2638 5657 2713 5729; x_wconf 73' lang='grc' dir='ltr'>μή</span> <span class='ocrx_word' id='word_1_860' title='bbox 2791 5653 3082 5733; x_wconf 83' lang='grc' dir='ltr'>δυνάμενον</span> <span class='ocrx_word' id='word_1_861' title='bbox 3156 5658 3426 5732; x_wconf 78' lang='grc' dir='ltr'>έξελέσθαι</span> <span class='ocrx_word' id='word_1_862' title='bbox 3493 5663 3590 5718; x_wconf 88' lang='grc' dir='ltr'>τὸν</span> <span class='ocrx_word' id='word_1_863' title='bbox 3659 5665 3811 5719; x_wconf 55' lang='lat'>01:52::</span> 
     </span>
    </p>
   </div>
   <div class='ocr_carea' id='block_1_119' title="bbox 2199 5743 2353 5806">
    <p class='ocr_par' dir='ltr' id='par_1_119' title="bbox 2199 5743 2353 5806">
     <span class='ocr_line' id='line_1_119' title="bbox 2199 5743 2353 5806; baseline -0.013 -4"><span class='ocrx_word' id='word_1_864' title='bbox 2199 5743 2353 5806; x_wconf 87' lang='grc' dir='ltr'>λαόν.</span> 
     </span>
    </p>
   </div>
  </div>
