3998 6438
153 437 304 502 1521

1368 437 1780 504 EXPOSITIO
1821 440 1900 503 IN
1944 439 2330 507 PSALMOS.

3386 438 3542 501 1522

223 595 251 624 ‹‹
283 569 585 637 Εἰσελθέτω
641 571 869 628 ἐνώπιόν
927 593 1022 629 σου
1078 571 1108 627 6
1136 573 1429 649 στεναγμὸς
1472 577 1578 627 τῶν
1622 593 1783 628 πεπε-
1817 577 1872 644 Α
1900 575 2060 647 ναμίν
2095 596 2188 629 σου
2238 576 2314 638 εἱς
2365 572 2651 649 ἀντίληψιν
2696 575 2881 648 ἡμῶν·
2928 574 2998 647 τῇ
3033 567 3378 649 μακροθυμίᾳ
3426 571 3538 625 οἷον

152 658 423 736 δημένων.
475 685 505 713 »
536 667 748 717 -Τῶν
798 663 872 725 εἰς
922 661 1302 738 αἰχμαλωσίαν
1349 661 1704 739 ἀπαγομένων
1754 662 1790 731 ἢ

150 753 256 805 τῶν
285 750 335 806 ἐν
368 749 633 830 φυλακαῖς
663 754 752 807 καὶ
784 749 1027 825 δεσμοῖς.

222 842 428 896 «Κατά
471 841 569 910 τὴν
622 839 1011 916 μεγαλωσύνην
1058 846 1154 895 τοῦ
1206 841 1502 916 βραχίονός
1551 862 1646 896 σου
1693 861 1786 895 πε-

153 929 432 1005 ριποίησαι
486 928 613 992 τοὺς
683 929 833 992 υἱοὺς
903 933 1010 984 τῶν
1077 929 1527 1001 τεθανατωμένων
1563 970 1574 982 .

151 1016 419 1095 Βραχίονα
444 1019 543 1088 τὴν
573 1017 728 1094 ἰσχὺν
763 1016 931 1093 λέγει.
963 1019 1042 1075 Τὸ
1072 1015 1129 1073 δὲ
1149 1016 1500 1094 περιποίησαι
1532 1015 1700 1088 δηλοῖ
1725 1017 1788 1072 τὸ

151 1104 413 1163 διάσωσον
424 1150 436 1164 .

218 1219 248 1249 ‹‹
277 1194 507 1259 Ἀπόδος
560 1201 678 1259 τοῖς
737 1196 970 1272 γείτοσιν
1030 1198 1193 1270 ἡμῶν
1253 1195 1653 1252 ἑπταπλασίονα
1710 1194 1788 1258 εἰς

145 1283 235 1338 τὸν
277 1279 484 1340 κόλπον
535 1283 728 1342 αὐτῶν.
777 1309 798 1337 n
855 1317 925 1327 —
972 1283 1404 1342 Ἐπταπλασίονα
1447 1287 1536 1340 τὸν
1591 1281 1785 1339 ὀνειδι-

147 1374 306 1446 σμὸν,
335 1371 460 1442 ἤτοι
490 1371 941 1428 πολλαπλασίονα
985 1375 1084 1442 τήν
1145 1372 1506 1444 ἐξουδένωσιν.
1557 1373 1651 1435 Εἷς
1696 1373 1788 1427 τὸν

144 1461 348 1517 κόλπον
401 1459 459 1516 δὲ
514 1461 678 1517 εἰπὼν
735 1457 1116 1534 ἀναπόϐλητον
1187 1463 1401 1538 ᾐνίξατο
1449 1463 1634 1525 αὐτοῖς
1687 1463 1786 1531 τὴν

141 1550 408 1628 τιμωρίαν
436 1556 539 1607 τοῦ
570 1552 645 1614 εἰς
676 1552 802 1608 Θεὸν
839 1549 1170 1625 ὀνειδισμοῦ,
1202 1554 1291 1608 καὶ
1320 1553 1403 1608 ἀεὶ
1437 1553 1783 1626 ἐπικειμένην

146 1640 348 1704 αὐτοῖς.

219 1753 241 1782 ιι
274 1732 464 1803 Ἡμεῖς
524 1728 582 1786 δὲ
637 1729 769 1793 λαός
824 1752 942 1802 σου,
997 1733 1088 1786 καὶ
1145 1726 1392 1807 πρόϐατα
1445 1738 1624 1805 νομῆς
1667 1752 1782 1805 σου,

143 1818 696 1896 ἀνθομολογησάμεθά
741 1841 827 1876 σοι
879 1819 957 1883 εἷς
1011 1821 1102 1876 τὸν
1156 1821 1348 1877 αἰῶνα.
1400 1845 1429 1872 ››
1477 1854 1547 1864 -—
1597 1823 1783 1894 Ἡμεῖς

1636 952 1790 980 >)-·

1899 663 2274 722 καθεύδουσαν.

1976 757 2086 812 «Ὀ
2145 755 2275 817 Θεὸς
2345 754 2660 832 ἐπίπρεψον
2737 756 2885 827 ἡμᾶς
2920 799 2934 826 ,
2993 750 3084 807 καὶ
3163 748 3416 828 ἐπίφανον
3470 748 3534 804 τὸ

1897 842 2188 918 πρόσωπόν
2247 865 2362 915 σου,
2421 843 2511 898 καὶ
2564 842 2940 915 σωθησόμεθα.
2974 864 3004 893 ››
3036 873 3104 884 -
3157 864 3179 892 ι
3242 837 3377 894 Ἀπὸ
3431 842 3538 893 τῶν

1900 929 2160 1008 λυπηρῶν
2190 932 2266 994 εἰς
2309 933 2376 987 τὰ
2423 930 2649 1006 εῦθυμα,
2700 933 2736 1002 ἢ
2788 932 2924 1008 πρὸς
2956 930 3014 985 σε
3046 927 3362 1005 ἐπίπρεψον
3389 929 3538 1002 ἡμᾶς

1897 1025 2162 1097 συνεργῶν
2198 1021 2272 1083 εἷς
2300 1023 2369 1077 τὰ
2397 1023 2462 1076 σὰ
2489 1021 2791 1095 θελήματα.

1974 1130 1997 1159 ι
2035 1108 2197 1184 Κύριε
2244 1111 2272 1164 ὁ
2328 1111 2457 1173 Θεὸς
2513 1115 2618 1166 τῶν
2670 1108 2967 1184 δυνάμεων,
3014 1106 3118 1170 ἕως
3160 1107 3294 1164 πότε
3343 1105 3537 1184 ὀργίζῃ

1897 1197 1983 1252 ἐπὶ
2012 1200 2110 1268 τὴν
2142 1201 2454 1275 προσευχὴν
2483 1204 2580 1255 τοῦ
2611 1197 2813 1256 δούλου
2845 1220 2963 1255 σου.
2998 1223 3027 1251 ››
3051 1231 3119 1242 --
3145 1196 3290 1255 Ἀντὶ
3319 1201 3417 1252 τοῦ
3438 1195 3538 1251 οὐκ

1896 1285 2206 1368 ἐπιστρέφῃ.

1969 1401 1998 1429 (ι
2028 1383 2280 1451 Ψωμιεῖς
2312 1381 2459 1452 ἡμᾶς
2492 1380 2652 1454 ἄρτον
2702 1375 2946 1452 δακρύων
2995 1375 3084 1432 καὶ
3133 1381 3341 1438 ποτιεῖς
3388 1378 3537 1447 ἡμᾶς

1896 1465 1947 1521 ἐν
1980 1463 2230 1543 δάκρυσιν
2263 1467 2315 1521 ἐν
2353 1469 2555 1541 μέτρῳ.
2590 1490 2618 1518 ››
2651 1499 2720 1509 --
2743 1469 2888 1528 Ἕως
2927 1465 3059 1520 πότε
3106 1470 3293 1543 φαγεῖν
3346 1461 3538 1526 δώσεις

1891 1555 1981 1609 τὸν
2010 1556 2169 1631 ἄρτον
2202 1555 2253 1610 ἐν
2289 1553 2532 1629 δάκρυσι,
2565 1558 2655 1610 καὶ
2701 1560 2843 1610 πιεῖν
2887 1555 2950 1610 τὸ
2982 1553 3131 1628 πόμα
3160 1552 3323 1608 πάλιν
3358 1552 3410 1608 ἐν
3443 1551 3536 1608 δά-

1893 1663 2099 1718 κρυσιν·
2131 1645 2167 1714 ἢ
2217 1644 2334 1700 ἀντὶ
2385 1646 2678 1721 βρώματος
2721 1645 2809 1699 καὶ
2858 1644 3104 1717 πόματος
3155 1641 3347 1705 δώσεις
3404 1645 3540 1716 ἡμῖν

1894 1727 2098 1807 δάκρυα
2151 1736 2292 1786 πιεῖν
2349 1753 2409 1786 τε
2463 1733 2553 1787 καὶ
2609 1737 2818 1810 φαγεῖν.
2877 1733 2946 1786 Τὸ
2991 1728 3047 1786 δὲ
3094 1731 3145 1786 ἐν
3199 1732 3381 1807 μέτρῳ
3423 1730 3538 1786 ἀντὶ

1889 1824 1988 1875 τοῦ
2015 1822 2151 1896 πρὸς
2215 1820 2431 1898 μέτρον,
2475 1819 2506 1876 6'
2563 1821 2701 1877 ἐστιν
2758 1819 3036 1898 ἀναλόγως
3081 1825 3201 1883 ταῖς
3249 1819 3537 1898 ἁμαρτίαις

143 1904 200 1963 δὲ
229 1905 358 1971 λαός
391 1908 486 1963 σού
517 1908 696 1983 ἐσμεν,
747 1909 793 1964 εἰ
839 1908 929 1965 καὶ
978 1908 1324 1984 ἐπταίσαμεν.
1356 1911 1514 1983 Νομή
1549 1907 1606 1965 δὲ
1648 1914 1782 1966 Θεοῦ
1812 1943 1862 2010 Β
1890 1909 2074 1982 ἡμῶν.

139 1998 206 2051 τά
234 2001 348 2060 θεῖα
379 1995 702 2071 ἐντάλματα.
737 1997 1202 2075 Ἀνθομολόγησις
1232 2000 1331 2068 τὴν
1374 1997 1456 2054 ἐπ’
1509 1998 1785 2075 εὐεργεσίᾳ

142 2084 482 2161 εὐχαριστίαν
517 2085 581 2158 δη
590 2087 700 2144 λοῖ.

744 2254 1038 2304 ΨΔΛΜΟΣ
1071 2255 1186 2305 ΟΘ’.

210 2390 302 2452 Εἰς
331 2391 394 2445 τὸ
422 2389 741 2468 τέλος,ὑπὶρ
761 2395 868 2446 τῶν
891 2391 1449 2465 ἁλλοιωθησομένων,
1487 2391 1780 2468 μαρτύριον

138 2484 217 2550 τῷ
232 2481 422 2557 ’Δσὰφ,
445 2478 664 2554 ψαλμὸς
689 2481 820 2555 ὑπὲρ
838 2484 937 2535 τοῦ
960 2481 1262 2558 Ἀσσυρίου.
1292 2504 1320 2533 ››
1341 2515 1411 2523 -
1429 2481 1500 2535 Τὸ
1523 2481 1653 2558 ὑπὲρ
1674 2486 1779 2536 τῶν

141 2567 673 2642 ἀλλοιωθησομένων
751 2565 1060 2642 μεταϐολὴν
1120 2569 1454 2646 πραγμάτων
1527 2571 1782 2643 σημαίνει

139 2662 436 2732 πανταχοῦ.
467 2657 538 2712 Τὸ
587 2656 644 2712 δὲ
696 2657 987 2734 μαρτύριον
1044 2656 1210 2730 δηλοῖ
1236 2660 1299 2714 τὸ
1339 2657 1780 2734 διαμαρτύρεται,

139 2744 253 2816 ῆως
310 2744 633 2822 ἀναγγέλλει
689 2748 785 2810 τὰς
835 2746 1091 2821 ἐσομένας
1140 2753 1255 2810 τοῖς
1305 2746 1588 2811 Ἰουδαίοις
1645 2771 1782 2823 συμ-

139 2835 304 2913 φορὰς
347 2833 439 2889 τίνοι
490 2837 915 2913 σωφρονέστεροι
958 2835 1236 2913 γένωνται.
1285 2837 1364 2894 Τὸ
1417 2835 1474 2892 δὲ
1525 2838 1654 2911 ὑπὲρ
1685 2843 1781 2893 τοῦ

137 2923 421 2999 Ἀσσυρίου
478 2925 593 2979 ἀντὶ
649 2928 749 2980 τοῦ
813 2925 936 2999 περὶ
991 2930 1087 2979 τοῦ
1145 2926 1430 3002 Ἀσσυρίου
1465 2971 1479 2998 ,
1537 2927 1780 2981 τουτέστι

137 3012 258 3087 περὶ
313 3014 386 3067 ὧν
437 3011 720 3075 Ἰουδαίοις
767 3015 1044 3084 ποιήσειεν
1095 3015 1123 3068 6
1169 3009 1522 3077 Βαϐυλώνιος
1569 3010 1780 3070 Ναϐου-

136 3098 455 3177 χοδονόσορ,
489 3102 518 3156 6
570 3101 620 3173 ἐξ
669 3101 962 3178 Ἀσσυρίων
1009 3100 1187 3158 ἕλκων
1229 3103 1294 3157 τὸ
1341 3105 1520 3178 γένος.
1573 3104 1778 3180 Ἃρμό-

140 3195 215 3258 ζει
268 3187 326 3244 δὲ
379 3191 408 3245 6
454 3188 673 3264 ψαλμὸς
719 3192 810 3245 καὶ
853 3195 970 3253 τοῖς
1015 3191 1119 3246 ὑπὸ
1173 3196 1280 3246 τῶν
1341 3191 1624 3264 πολεμίων
1679 3198 1781 3262 τῆς

135 3277 362 3340 πίστεως
422 3281 786 3334 κακοπαθοῦσι
847 3285 1208 3356 Χριστιανοῖς.
1272 3281 1357 3335 Ἐν
1412 3285 1490 3352 τῷ
1535 3280 1682 3337 τέλει
1721 3277 1778 3336 δὲ
1808 3311 1852 3378 C

135 3367 256 3443 περὶ
283 3373 384 3437 τῆς
413 3367 556 3432 θείας
585 3365 954 3444 προαγγέλλει
979 3368 1395 3444 ἀνθρωπήσεως.

207 3479 234 3507 ι(
267 3455 324 3510 Ὀ
371 3456 674 3529 ποιμαίνων
723 3456 816 3512 τὸν
864 3455 1085 3534 Ἰσραὴλ
1134 3457 1428 3534 πρόσσχες,
1481 3459 1509 3512 6
1559 3455 1774 3534 ὁδηγῶν

134 3543 261 3598 ὡσεὶ
292 3540 561 3618 πρόϐατον
615 3546 839 3624 Ἰωσήφ.
889 3570 917 3599 ››
970 3578 1040 3589 -
1069 3547 1493 3623 Ἀντιχρονικῶς
1525 3547 1642 3601 ἀντὶ
1679 3551 1778 3602 τοῦ

136 3632 164 3686 ὀ
221 3632 490 3707 ποιμάνας
547 3633 638 3688 καὶ
691 3631 971 3710 ὁδηγήσας
1013 3679 1028 3703 ,
1084 3639 1163 3708 τῷ
1227 3635 1320 3708 μὲν
1376 3635 1595 3712 Ἰσραὴλ
1651 3632 1779 3705 ἤτοι

128 3720 210 3794 τῷ
266 3716 460 3778 Ἰακὼϐ
536 3721 802 3798 ὑπέσχετο
877 3729 1138 3794 συνεῖναι,
1191 3723 1281 3800 καὶ
1340 3722 1625 3802 φυλάττειν
1681 3723 1775 3779 αὐ-

128 3808 240 3864 τόν’
299 3810 392 3865 τὸν
447 3811 643 3884 Ἰωσὴρ
686 3809 853 3866 πάλιν
908 3818 1009 3880 τῆς
1065 3808 1374 3886 θηριώδους
1412 3814 1641 3886 γνώμης
1686 3811 1775 3867 καὶ

135 3897 326 3970 μανίας
385 3897 698 3969 ἀπαλλάξας
740 3903 848 3954 τῶν
907 3897 1180 3977 ἀδελφῶν,
1217 3897 1503 3976 ὡδήγησεν
1550 3900 1626 3963 εἷς
1675 3902 1773 3970 τήν

130 3983 405 4062 Αἴγυπτον
454 3988 544 4042 καὶ
590 3989 750 4042 πᾶσιν
804 3988 870 4056 ἧν
921 3988 1398 4064 χειραγωγῶν,καὶ
1451 3994 1558 4043 τῶν
1617 3989 1772 4066 ἐπερ-

129 4075 384 4152 χομένων
441 4072 702 4130 κινδύνων
763 4075 1154 4151 λυτρούμενος.
1205 4076 1438 4151 Λέγοιτο
1498 4074 1544 4131 δ’
1592 4077 1650 4131 ἂν
1687 4078 1774 4132 καὶ

130 4165 158 4217 6
197 4163 248 4234 ἐξ
305 4163 504 4218 ἐκείνου
559 4164 898 4239 κατηγμένος
957 4164 1088 4227 λαὸς
1146 4165 1366 4242 Ἰσραὴλ
1412 4167 1502 4220 καὶ
1551 4168 1772 4244 Ἰωσήφ*

130 4251 392 4308 ἀλλὰκαὶ
439 4254 468 4308 6
516 4252 567 4324 ἐξ
617 4252 778 4318 ἐθνῶν
830 4253 962 4315 λαὸς
1009 4258 1106 4308 τοῦ
1133 4259 1389 4330 Χριστοῦ,
1423 4255 1497 4318 ὡς
1546 4256 1775 4331 ὁρῶντες

122 4341 216 4396 τὸν
245 4341 372 4397 Θεὸν
418 4342 506 4396 καὶ
555 4340 734 4418 ὥσπερ
783 4341 1187 4418 προτεθειμένοι
1235 4349 1352 4406 τοῖς
1401 4343 1452 4414 ἐξ
1499 4343 1771 4401 Ἰουδαίων

123 4435 384 4492 πιστοῖς.
443 4432 546 4487 Καὶ
605 4429 751 4486 ἄλλα
822 4427 1069 4507 πρόϐατα
1114 4431 1231 4508 ἔχω
1273 4479 1287 4503 ,
1346 4432 1530 4511 φησὶν,
1587 4433 1620 4488 ἃ
1677 4435 1775 4488 οὐκ

123 4517 268 4574 ἔστιν
339 4520 400 4574 ἐκ
452 4526 554 4589 τῆς
612 4519 786 4590 αὐλῆς
832 4519 1032 4592 ταύτης
1065 4566 1079 4578 .
1134 4521 1334 4597 Ἰωσὴφ
1407 4519 1464 4576 δὲ
1519 4521 1773 4599 πρόθεσις

124 4607 502 4685 ἑρμηνεύεται.

1969 2023 1997 2051 ‹‹
2031 1999 2196 2056 ’Ἐθου
2225 2001 2372 2073 ἡμᾶς
2400 1999 2707 2076 ἀντιλογίαν
2756 2005 2871 2064 τοῖς
2920 1998 3151 2076 γείτοσιν
3191 2001 3374 2072 ἡμῶν.
3407 2021 3436 2053 n
3469 2031 3542 2043 -—

1892 2087 2237 2165 ’ΔντιΑογίαν
2268 2088 2490 2144 ἐνταῦθα
2515 2090 2578 2144 τὸ
2608 2084 2816 2153 ὄνειδός
2847 2111 3032 2169 φησιν.

1961 2201 1991 2228 ‹‹
2051 2175 2332 2250 ’Ἄμπελον
2391 2177 2443 2251 ἐξ
2500 2177 2784 2254 Δῗγύπτου
2845 2181 3082 2256 μετῆρας
3107 2223 3122 2239 .
3182 2202 3211 2231 ››
3271 2211 3338 2222 -
3387 2183 3535 2253 ’Ἅμα

1889 2263 2056 2320 πελον
2131 2267 2355 2337 νοητέον
2403 2265 2494 2322 καὶ
2549 2268 2649 2336 τήν
2722 2272 2830 2323 τῶν
2887 2265 3161 2324 Ἰουδαίων
3221 2268 3530 2345 συναγωγὴν

1892 2351 1980 2409 διὰ
2019 2354 2083 2410 τὸ
2131 2353 2372 2426 εὐθαλὲς,
2423 2355 2569 2411 ἀλλὰ
2616 2356 2706 2412 καὶ
2750 2357 2850 2426 τήν
2901 2357 2951 2430 ἐξ
3001 2357 3164 2413 ἐθνῶν
3211 2355 3531 2429 Ἐκκλησίαν

1891 2443 2120 2517 ὁμοίως,
2169 2444 2230 2499 ἐκ
2271 2451 2371 2514 τῆς
2423 2449 2701 2515 σκοτεινῆς
2749 2445 3027 2522 Αἰγύπτου
3073 2446 3338 2523 ἀγνωσίας
3387 2468 3536 2521 μετε-

1888 2531 2219 2609 νηνεγμένην
2254 2533 2342 2589 ἐπὶ
2369 2535 2468 2604 τήν
2502 2536 2708 2610 ἀγαθὴν
2737 2542 2839 2605 τῆς
2871 2530 3162 2598 εὐσεϐείας.

1965 2663 1994 2692 (ί
2045 2635 2321 2712 Ἐξέϐαλες
2400 2638 2524 2712 ἔθνη
2594 2643 2684 2696 καὶ
2757 2642 3146 2720 κατεφύτευσας
3219 2643 3387 2714 αὐτήν
3428 2688 3443 2700 .
3505 2667 3534 2695 ››

1889 2761 1960 2771 -—
1988 2729 2153 2798 ’Ἐθνη
2201 2725 2259 2782 δὲ
2298 2734 2390 2784 καῖ
2433 2727 2745 2807 ἀλλόφυλοι
2789 2731 2880 2785 καὶ
2918 2731 2972 2785 οἱ
3020 2728 3290 2804 δαίμονες·
3344 2730 3434 2787 διὰ
3479 2729 3538 2786 δὲ

1888 2821 1984 2872 τοῦ
2034 2816 2426 2888 κατεφύτευσας
2476 2818 2575 2887 τήν
2644 2816 2857 2895 ἑδραίαν
2932 2820 3247 2889 κατοίκησιν
3310 2818 3478 2893 ὑπεδή
3513 2855 3537 2866 -

1889 2901 2061 2960 λωσεν
2073 2949 2084 2962 .

1964 3017 1993 3046 ‹‹
2021 2992 2383 3066 Ὠδοποίησας
2433 2991 2732 3073 ἔμπροσθεν
2790 2995 2957 3067 αὐτῆς
3008 2998 3100 3052 καὶ
3146 2997 3534 3077 κατεφύτευσας

1887 3081 1985 3144 τὰς
2042 3082 2192 3160 ῥίζας
2248 3083 2437 3154 αὐτῆς,
2496 3085 2586 3140 καὶ
2661 3083 2951 3162 ἐπλήρωσε
3001 3087 3101 3156 τήν
3161 3093 3264 3161 γῆν
3300 3128 3314 3142 .

1886 3168 2034 3226 Ὁδὸν
2106 3172 2364 3242 ἐποίησας
2444 3171 2638 3247 ἐξελὼν
2687 3173 2756 3228 τὰ
2823 3171 2945 3245 ἔθνη
2987 3220 3000 3244 ,
3060 3172 3216 3246 δίκην
3289 3175 3528 3240 ἀκανθῶν

1887 3260 1977 3315 καὶ
2038 3259 2250 3316 σκύλων
2310 3260 2526 3338 ἐτέρων,
2574 3263 2610 3332 ἢ
2641 3257 2808 3337 νόμον
2861 3260 2988 3326 δοὺς
3033 3261 3103 3318 δι’
3149 3263 3210 3319 οὗ
3245 3261 3537 3340 βαδιεῖται,-

3375 3111 3535 3140 »-

1888 3349 2130 3404 τουτέστι
2189 3348 2565 3406 πολιτεύσεται
2620 3353 2656 3421 ἡ
2713 3355 2822 3406 τῶν
2899 3349 3172 3409 Ἰουδαίων
3246 3355 3532 3430 συναγωγὴ

1885 3439 1957 3507 ἧς
1989 3437 2109 3514 ῥίζα
2137 3440 2172 3508 ἡ
2209 3436 2474 3514 βασιλεία.
2524 3446 2631 3509 Γῆν
2682 3437 2740 3494 δὲ
2783 3440 3006 3510 νοητέον
3036 3442 3136 3510 τήν
3183 3443 3282 3511 τῆς
3315 3440 3535 3519 ἐπαγγε-

1888 3525 2008 3588 λίας
2061 3533 2162 3596 τῆς
2219 3526 2270 3598 ἐξ
2323 3525 2490 3582 ἐθνῶν
2553 3526 2899 3600 Έκκλησίας.
2949 3526 3294 3599 Ὁδοποίησις
3329 3531 3424 3604 μὲν
3467 3533 3536 3586 τὰ

1887 3615 2206 3692 εὐαγγελικά
2235 3613 2596 3692 διατάγματα,
2631 3616 2775 3694 ῥίζαι
2825 3614 2883 3672 δὲ
2932 3617 3100 3687 αὐτῆς
3141 3618 3210 3674 τὰ
3244 3619 3369 3695 περὶ
3399 3625 3534 3676 Θεοῦ

1887 3701 2154 3778 δόγματα.
2183 3710 2290 3774 Γῆν
2324 3702 2372 3760 δ’
2423 3704 2645 3770 ἐνταῦθα
2691 3708 2906 3776 νοήσεις
2953 3706 3044 3761 καὶ
3073 3709 3172 3778 τὴν
3208 3707 3534 3782 οἱκουμένην

1885 3791 1974 3847 καὶ
2009 3790 2282 3868 βασιλείαν
2312 3796 2421 3848 τῶν
2453 3793 2718 3870 οὐρανῶν.

1957 3923 1986 3950 ‹‹
2020 3896 2315 3974 Ἐκάλυψεν
2375 3895 2474 3975 ὅρη
2538 3902 2574 3970 ἡ
2627 3902 2751 3956 σκιὰ
2805 3902 2995 3972 αὐτῆς·
3056 3903 3147 3958 καὶ
3207 3905 3264 3960 αἱ
3314 3902 3532 3960 ἀναδεν-

1887 3985 2076 4064 δράδες
2147 3988 2316 4059 αὐτῆς
2379 3990 2476 4052 τὰς
2551 3987 2776 4067 κέδρους
2851 3997 2948 4046 τοῦ
3026 3996 3160 4048 Θεοῦ
3194 4036 3207 4049 .
3270 4017 3299 4045 ››
3344 4025 3417 4039 -
3470 3995 3534 4050 Ἡ

1885 4077 2010 4131 σκιά
2061 4084 2162 4146 τῆς
2218 4076 2523 4148 Ἰουδαϊκῆς
2583 4088 2900 4156 συναγωγῆς
2955 4083 2990 4150 ἡ
3035 4082 3172 4136 κατὰ
3215 4081 3382 4156 νόμον
3439 4081 3533 4139 λα-

1880 4165 2052 4240 τρεία·
2085 4161 2186 4239 ὅρη
2221 4164 2278 4221 δὲ
2305 4167 2369 4222 τὸ
2416 4167 2467 4222 ἐν
2502 4167 2719 4242 Σηλὼμ
2744 4170 2834 4224 καὶ
2885 4171 3050 4241 Σιὼν,
3082 4171 3135 4224 ἐν
3168 4171 3249 4234 οἷς
3278 4173 3532 4244 κατῴκη-

1883 4275 1968 4308 σεν
2007 4256 2043 4324 ἡ
2091 4257 2285 4326 σκηνή.
2317 4257 2380 4310 Ἡ
2411 4257 2536 4311 σκιά
2586 4256 2680 4328 μὲν
2727 4259 2762 4326 ἠ
2813 4257 3024 4328 ἐξουσία
3062 4257 3152 4314 καὶ
3182 4261 3218 4329 ἡ
3250 4257 3532 4315 δυναστεία

1882 4347 1918 4414 ἡ
1951 4341 2252 4408 ἐπιτεθεῖσα
2300 4344 2509 4414 αὐτοῖς,
2557 4341 2656 4422 ὅρη
2718 4343 2777 4401 δὲ
2818 4347 2887 4402 τὰ
2915 4345 3094 4423 ὅμορα
3140 4345 3285 4418 ἔθνη·
3317 4346 3407 4402 καὶ
3435 4349 3529 4403 κέ-

1884 4430 2002 4509 δροι
2056 4434 2149 4506 μὲν
2197 4434 2251 4487 οἱ
2300 4431 2562 4510 ἄρχοντες
2608 4440 2714 4490 τῶν
2766 4434 2929 4500 ἐθνῶν
2966 4440 3065 4490 τοῦ
3094 4440 3228 4492 Θεοῦ
3257 4430 3407 4499 ὄντες
3436 4437 3528 4491 καὶ

1881 4522 2056 4594 αὐτοὶ,
2088 4523 2163 4585 ὡς
2197 4523 2300 4578 ὑπὸ
2330 4528 2464 4579 Θεοῦ
2509 4524 2572 4580 τὸ
2621 4525 2807 4601 ἄρχειν
2857 4523 3161 4604 εἰληφότες⁶
3215 4522 3530 4600 ἀναδενδρά-

1885 4609 1970 4674 δες
2029 4609 2088 4666 δὲ
2145 4613 2196 4667 οἱ
2249 4616 2356 4667 τῶν
2437 4611 2710 4668 Ἰουδαίων
2785 4614 2965 4689 κριταὶ
3033 4613 3122 4669 καὶ
3173 4613 3476 4689 ἡγούμενοι
3508 4633 3524 4647 ⁸

195 4679 225 4749 ι(
258 4679 314 4750 Ὅ
363 4698 670 4770 καθήμενος
731 4696 817 4752 ἐπὶ
873 4703 981 4753 τῶν
1036 4695 1338 4772 Χερουϐὶμ,
1399 4699 1689 4778 ἐμφάνηθι.
1739 4725 1768 4754 ››
1803 4679 1850 4742 D
1885 4702 2147 4775 κλήματα
2202 4700 2262 4756 δὲ
2314 4701 2382 4756 τὰ
2435 4700 2624 4773 πλήθη
2676 4707 2774 4758 τοῦ
2823 4679 2970 4758 ’λαοῦ
3003 4743 3018 4758 .
3073 4679 3334 4758 Θάλασσα·
3385 4700 3443 4758 δὲ
3492 4706 3529 4775 ἡ

121 4787 279 4841 -ὛΟ
329 4785 805 4859 ἐπαναπαυόμενος
854 4787 903 4842 ἐν
953 4793 1071 4850 τοῖς
1119 4785 1421 4865 Χερουϐὶμ,
1480 4789 1769 4867 ἐμφάνηθι,

117 4875 367 4932 τουτέστι
393 4877 668 4952 γνώσθητι
697 4875 780 4930 ὅτι
811 4875 978 4945 ἦλθες
1031 4878 1229 4952 βοηθὸς
1283 4876 1496 4949 δηλαδὴ
1539 4879 1767 4933 ἐνώπιον

117 4971 219 5020 τοῦ
282 4963 420 5020 λαοῦ
479 4983 596 5020 σου·
659 4966 763 5020 ἀπὸ
815 4966 915 5041 γὰρ
967 4970 1074 5020 τῶν
1129 4972 1292 5043 τριῶν
1348 4966 1770 5046 ἐπιφανεστέρων

119 5055 246 5109 τότε
305 5052 493 5132 φυλῶν
553 5055 615 5109 τὸ
675 5053 887 5127 σύμπαν
935 5055 1328 5131 Ἰσραηλιτικὸν
1389 5056 1625 5129 ἐσήματε
1679 5059 1765 5132 γέ-

115 5165 236 5206 νος,
271 5144 494 5218 Λέγεται
527 5141 585 5198 δὲ
615 5143 704 5199 καὶ
755 5145 783 5198 6
830 5145 1205 5220 Χριστιανικὸς
1253 5145 1382 5208 λαὸς
1426 5148 1662 5223 Ἐφραὶμ
1692 5147 1766 5208 ὡς

114 5227 472 5311 καρποφόρος
500 5237 619 5295 ταῖς
653 5233 889 5309 ἀρεταῖς,
945 5234 1201 5307 Βενιαμὶν
1254 5235 1327 5296 ὡς
1375 5233 1545 5308 δεξιὸς
1595 5235 1646 5289 ἐν
1696 5240 1765 5310 τῇ

114 5321 317 5378 πίστει’
378 5329 666 5392 Μανασσῆς
724 5319 782 5376 δὲ
832 5322 907 5385 ὡς
963 5324 1141 5394 λήθην
1197 5319 1381 5379 λαϐὼν
1429 5331 1530 5394 τῆς
1569 5327 1765 5399 προτέ-

118 5432 219 5486 ρας
275 5411 513 5481 πλάνης.
573 5410 994 5484 Ἐρμηνεύονται
1051 5410 1109 5467 δὲ
1181 5413 1524 5492 καρποφορία
1584 5415 1677 5486 μὲν
1738 5416 1766 5470 6

115 5501 383 5578 Ἐφραῖμ,
437 5501 555 5563 υἱὸς
613 5497 784 5571 δεξιᾶς
833 5501 860 5555 6
907 5501 1184 5574 Βενιαμὶν,
1234 5501 1620 5576 ἐπιπλησμονὴ
1651 5501 1707 5558 δὲ
1737 5505 1766 5558 6

116 5591 435 5660 Μανασσῆς.

192 5701 222 5729 ‹‹
259 5677 556 5753 Ἐξέγειρον
599 5679 698 5748 τῆν
749 5675 1055 5733 δυναστείαν
1109 5699 1225 5750 σου,
1274 5679 1363 5734 καὶ
1412 5675 1536 5744 ἕλθε
1584 5680 1659 5742 εἷς
1703 5681 1766 5735 τὸ

115 5769 292 5823 σῶσαι
581 5791 610 5820 n
662 5800 732 5812 -—
791 5767 1177 5841 Ἐξανάστησον
1231 5769 1331 5840 τὴν
1381 5770 1624 5849 ὑπερφυῆ
1676 5767 1765 5825 δύ-

1883 4788 2104 4861 Ἰνδική’
2138 4789 2482 4869 παραφυάδες
2531 4788 2589 4845 δὲ
2636 4793 2687 4846 οἱ
2737 4790 2788 4861 ἐξ
2833 4789 3146 4866 ἀλλογενῶν
3190 4789 3529 4868 προσήλυτοι

1880 4880 2016 4953 πρὸς
2076 4879 2437 4954 θεογνωσίαν’
2496 4879 2738 4953 ποταμυὶ
2806 4877 2864 4935 δὲ
2921 4879 3208 4958 Εὐφράτης
3262 4878 3530 4952 πληθυν-

1877 4972 2065 5029 τικῶς’
2121 4975 2220 5036 τῆς
2275 4966 2596 5038 Ἐκκλησίας
2647 4968 2770 5023 σκιὰ
2815 4971 2849 5038 ἡ
2900 4966 3027 5039 δόξα
3071 4969 3160 5023 καὶ
3208 4972 3244 5039 ἡ
3285 4968 3526 5024 ἐπισκιά-

1883 5063 2042 5124 ζουσα
2090 5055 2290 5127 ταύτην
2342 5058 2506 5133 χάρις
2552 5062 2648 5111 τοῦ
2697 5057 3031 5129 Πνεύματοςο
3083 5053 3183 5133 ὅρη
3224 5056 3282 5113 δὲ
3311 5059 3364 5112 οἱ
3392 5059 3529 5113 κατά

1875 5147 2176 5222 πρακτικὴν
2209 5146 2403 5222 ἀρετὴν
2435 5145 2657 5220 ὑψηλοί·
2689 5143 2870 5219 κέδροι
2921 5144 2978 5201 δὲ
3008 5147 3059 5201 οἱ
3100 5147 3235 5202 κατά
3259 5149 3357 5217 τήν
3391 5150 3524 5202 θεω-

1879 5239 2130 5310 ρητικήν·
2165 5232 2550 5309 ἀναδενδράδες
2599 5233 2656 5289 δὲ
2701 5235 2769 5289 τὰ
2814 5236 2939 5311 περί
2970 5234 3228 5307 θεότητος
3259 5233 3524 5312 δόγματα.

1875 5321 2141 5378 θάλασσαν
2193 5322 2250 5378 δὲ
2295 5325 2518 5393 νοητέον
2568 5329 2739 5378 πᾶσαν
2786 5324 2876 5380 καὶ
2904 5325 3185 5399 ποταμοὺς
3215 5327 3414 5390 πάντας
3458 5323 3528 5382 δι’

1877 5413 1949 5467 ὧν
1980 5410 2242 5483 δηλοῦται
2342 5413 2659 5486 οἰκουμένη.

1956 5504 2128 5556 ιιἼνα
2182 5501 2234 5556 τί
2285 5501 2532 5566 καθεῖλες
2585 5504 2676 5558 τὸν
2734 5503 2980 5582 φραγμὸν
3039 5503 3207 5575 αὐτῆς
3263 5506 3351 5560 καὶ
3395 5525 3524 5582 τρυ-

1875 5595 2043 5666 γῶσιν
2075 5589 2241 5659 αὐτὴν
2271 5590 2466 5654 πάντες
2517 5593 2570 5646 οἱ
2620 5593 3124 5672 παραπορευόμενοι
3153 5595 3250 5663 τὴν
3288 5591 3410 5648 ὀδόν
3444 5613 3459 5663 ;
3491 5617 3522 5647 ››

1873 5713 1944 5725 -
1999 5681 2259 5756 ψραγμὸν
2315 5680 2457 5757 λέγει
2526 5683 2624 5752 τὴν
2695 5688 3031 5762 φρουροῦσαν
3107 5682 3306 5745 αὐτοὺς
3359 5683 3515 5738 ’θείαν

1877 5771 2177 5840 ἑπισκοπήν
2213 5791 2225 5803 ³
2289 5775 2482 5848 τρυγᾷν
2541 5769 2600 5827 δὲ
2671 5773 2733 5827 τὸ
2791 5771 3183 5848 λυμαίνεσθαι’
3241 5793 3458 5849 παραπο
3490 5806 3515 5818 -
