3998 6446
148 424 303 488 1895

1361 422 1780 486 EXPOSITIO
1823 421 1902 484 ΙΝ
1945 419 2331 484 PSALMOS.

3392 418 3550 481 1526

149 589 216 602 --
270 554 557 634 Παῤῥησίᾳ
617 557 733 633 βοῶ
790 577 875 610 σοι
938 555 1028 612 καὶ
1101 554 1461 632 ἐμμαρτύρως
1535 555 1641 617 ὅτι.
1702 555 1786 610 ἐὰν
1821 556 1868 622 Α
1907 553 2170 630 ρεύονται.
2233 577 2261 605 ››
2321 585 2391 594 —-
2447 549 2516 606 T6
2575 549 2638 605 οῦ
2691 556 2922 620 συνῆκαν
3000 548 3341 629 σαφηνισμός
3415 549 3548 608 ἐστι.

147 646 378 720 ἀκούσῃς
435 643 526 699 τδν
580 645 745 721 λόγον
811 667 915 719 μου
968 644 1057 699 καί
1104 644 1393 720 πιστεύσῃς
1444 645 1518 708 εἰς
1552 645 1649 719 ἐμὲ
1702 644 1790 700 καὶ

147 739 367 812 γνωσθῇ
400 734 528 798 Θεὸς
563 734 614 790 ἐν
648 735 730 789 σοὶ
761 742 874 790 κατ’
918 734 1232 810 ἐπίγνωσιν,
1268 735 1366 789 οὐκ
1411 731 1558 789 ἔσται
1604 734 1655 788 ἐν
1707 734 1792 789 σοὶ

146 825 266 889 θεός
298 846 379 887 τις
410 823 531 886 νέος
564 821 736 886 ἄλλος
762 825 908 899 παρά
934 823 1024 877 τὸν
1073 822 1289 899 πρῶτόν
1341 844 1436 878 σου
1484 825 1636 894 Θεὸν,
1668 819 1793 877 οὐδέ

146 914 525 988 προσκυνήσας
613 911 737 986 ἐμοὶ
821 911 952 984 ξένῳ
1039 913 1431 989 προσκυνήσεις
1509 914 1615 984 Θεῷ
1667 913 1792 983 παρ’

145 1005 204 1059 ’ὸν
262 1001 623 1076 προσεκύνουν
682 1002 734 1056 οἱ
782 1001 1007 1077 πατέρες
1059 1021 1174 1056 σου⁹
1227 1001 1385 1062 αὐτὸς
1447 1001 1546 1076 γὰρ
1612 999 1717 1076 ἐγὼ
1763 1001 1790 1055 6

142 1096 230 1147 νῦν
291 1092 366 1154 εἰς
413 1092 512 1161 τήν
567 1090 702 1164 ἐμὴν
772 1089 1058 1166 ἐπίγνωσίν
1110 1111 1169 1146 τε
1210 1090 1301 1145 καὶ
1356 1088 1534 1144 πίστιν
1588 1089 1786 1165 ἐνάγων

142 1202 220 1253 σε,
252 1178 414 1242 αὐτός
444 1179 559 1252 εἰμι
589 1181 807 1255 πρῶτος
847 1178 976 1242 Θεός
1009 1199 1126 1252 σου,
1158 1177 1216 1241 ὃς
1268 1199 1344 1248 σε,
1374 1179 1617 1234 τουτέστι
1663 1177 1790 1240 τοὸς

141 1268 269 1332 σοὺς
325 1267 560 1343 πατέρας
616 1268 676 1323 ἐκ
745 1271 843 1338 τῆς
921 1267 1203 1342 Αἰγύπτου
1277 1268 1559 1342 ἀναγαγὼν
1634 1266 1792 1329 αὐτός

143 1356 258 1429 εἰμι
314 1356 405 1412 καὶ
466 1356 574 1433 οὐχ
640 1355 846 1434 ἕτερος,
906 1356 953 1411 εἴ
1024 1357 1114 1411 καὶ
1198 1355 1368 1432 σάρκα
1448 1355 1794 1434 προσείληφα

146 1443 236 1500 διὰ
265 1447 340 1500 σέ.

215 1557 246 1587 ιι
278 1532 558 1590 Πλάτυνον
614 1534 677 1590 τὸ
725 1533 902 1608 στόμα
951 1555 1068 1604 σου,
1101 1532 1191 1590 καί
1239 1533 1522 1610 πληρώσω
1573 1533 1721 1589 αὐτό.
1756 1555 1782 1587 ι

141 1655 211 1666 —-
256 1623 503 1696 ’Ἃνοιξον
557 1623 621 1678 τὸ
688 1622 864 1696 στόμα
917 1627 1013 1678 τοῦ
1071 1622 1196 1685 νοός
1255 1643 1371 1698 σου,
1429 1622 1518 1677 καὶ
1580 1630 1789 1700 τροφῆς

141 1711 415 1785 ἐμπλήσω
472 1715 633 1767 τοῦτο
688 1715 1081 1789 πνευματικῆς,
1141 1709 1315 1767 εἷ”τουν
1377 1712 1565 1790 σοφίας
1630 1711 1788 1776 θείων

141 1800 452 1873 νοημάτων,
485 1801 522 1870 ἢ
570 1802 661 1856 καὶ
708 1802 771 1856 τὸ
816 1801 1073 1872 αἰσθητόν
1123 1823 1219 1856 σου
1252 1801 1428 1875 στόμα
1455 1807 1556 1871 τῆς
1585 1799 1789 1856 καταλ-

1899 645 1970 699 Τὸ
2054 643 2152 699 οὐκ
2232 641 2462 717 ἔγνωσαν
2549 639 2791 695 ἀσύνετοι
2876 640 3062 715 φησὶν,
3121 637 3340 714 ἔμειναν
3416 643 3552 718 πρὸς

1899 732 2027 795 τοὺς
2094 731 2268 796 θείους
2336 728 2537 806 λόγους
2601 727 2827 791 τούτους
2902 727 3426 808 ἐθελοκωφήσαντες·
3494 727 3546 786 ἐν

1899 821 2076 895 πλάνῃ
2109 822 2212 896 γὰρ
2242 816 2644 877 πολιτεύονται.

1978 935 2000 962 ιι
2029 909 2458 980 Σαλευθήτωσαν
2506 911 2680 964 πάντα
2735 905 2803 962 τὰ
2851 905 3078 982 θεμέλια
3107 915 3206 978 τῆς
3259 911 3384 984 γῆς.
3420 935 3444 964 ι
3480 943 3549 952 -

1899 1003 2341 1076 Ἀγανακτήσεως
2373 999 2400 1053 ὁ
2450 997 2636 1075 λόγος,
2669 997 2782 1052 οἷον
2846 994 2986 1071 μηδέ
3041 999 3076 1066 ἡ
3136 1003 3206 1072 γῆ
3265 998 3546 1073 ἀνασχέτω

1906 1087 2076 1161 μένειν
2110 1087 2401 1150 ἀσάλευτος
2441 1087 2582 1143 οὕτω
2629 1086 3088 1163 παρανομούντων
3129 1090 3238 1141 τῶν
3289 1083 3542 1142 διδασκά-

1903 1176 2012 1233 λων
2041 1174 2281 1253 Ἰσραήλ.

1972 1289 2002 1319 ιι
2031 1266 2173 1342 Ἐγὼ
2224 1265 2368 1321 εἶπα·
2427 1264 2548 1321 Θεοί
2613 1262 2730 1321 ἐστε
2788 1265 2878 1320 καὶ
2937 1265 3045 1319 υἱοὶ
3111 1263 3359 1339 Ὑψίστου
3407 1267 3544 1321 ’πάν-

1897 1376 2007 1418 τες.
2045 1379 2067 1408 ι
2095 1388 2163 1399 --
2193 1356 2331 1432 Ἐγὼ
2384 1355 2524 1429 ὑμᾶς
2575 1353 2702 1416 τοὺς
2760 1352 2949 1430 κριτὰς
3008 1353 3161 1419 θεοὺς
3193 1354 3454 1428 ὠνόμασα
3492 1355 3544 1411 ἐν

1897 1449 1967 1518 τῇ
2052 1439 2231 1520 βίϐλῳ
2302 1451 2403 1513 τῆς
2461 1442 2701 1517 Ἐξόδου,
2771 1445 2945 1521 φήσας
3012 1443 3147 1520 πρὸς
3218 1443 3310 1499 τὸν
3388 1441 3546 1514 λαὸν,

1903 1556 1932 1586 ιι
1961 1532 2125 1596 Θεοὺς
2158 1533 2218 1588 06
2251 1531 2645 1608 κακολογήσεις
2673 1530 2867 1595 ἱύίους·
2909 1529 2944 1602 ἢ
2986 1529 3151 1587 πάλιν
3201 1532 3353 1596 υἱοὺς
3397 1532 3545 1608 Ὑψί-

1900 1644 2027 1678 στου
2057 1620 2107 1678 ἐν
2141 1621 2220 1695 τῷ
2254 1622 2444 1694 εἰπεῖν,
2483 1644 2510 1676 ι
2537 1620 2662 1684 Υἱὸς
2693 1619 3042 1698 πρωτότοκός
3103 1642 3208 1696 μου
3238 1621 3478 1698 Ἰσραήλ.
3518 1648 3540 1674 ιι

1977 1733 2004 1765 ιι
2031 1713 2212 1785 Ὑμεῖς
2245 1709 2304 1766 δὲ
2332 1712 2408 1773 ὡς
2437 1708 2718 1787 ἄνθρωπος
2765 1709 3132 1780 ἀποθνήσκετε
3175 1711 3266 1766 καὶ
3312 1713 3389 1773 εἷς
3433 1716 3542 1768 τῶν

1901 1800 2176 1877 ἀρχόντων
2235 1800 2476 1856 πίπτετε.
2511 1823 2540 1852 ››
2573 1832 2641 1841 --
2669 1800 2866 1870 Θνητοὶ
2927 1798 3088 1873 μόνον
3135 1797 3225 1854 καὶ
3277 1798 3446 1874 μηδὲν
3475 1802 3545 1856 τὰ

144 1887 322 1961 λήλου
363 1889 635 1964 ἐμπλήσω
676 1897 906 1969 τροφῆς,
938 1890 973 1959 ἢ
1023 1889 1114 1945 καὶ
1163 1892 1334 1953 πάσας
1381 1891 1476 1952 τὰς
1515 1891 1789 1962 αἰσθήσεις
1823 1929 1871 1994 Β
1899 1892 2067 1964 γήϊνα
2135 1887 2338 1951 εἰδότες
2423 1887 2596 1950 οὕτως
2681 1889 3062 1958 ἀποθνήσκετε,
3112 1887 3409 1962 τουτέστιν,
3468 1891 3545 1954 ὡς

146 1999 242 2033 σου
269 1983 488 2055 περανῶ
514 1981 612 2042 τὰς
638 1979 725 2034 ἐπὶ
758 1978 1088 2058 συμφέροντι
1119 1976 1355 2050 δηλαδή.

219 2090 248 2120 ιι
277 2068 378 2122 Καὶ
463 2065 808 2140 ἐξαπέστειλα
893 2066 1086 2129 αὐτοὺς
1160 2069 1298 2122 κατὰ
1361 2069 1429 2123 τὰ
1509 2065 1794 2137 ἐπιτηδεύ-

146 2175 290 2228 ματα
343 2160 451 2210 τῶν
510 2154 750 2234 καρδιῶν¹
802 2156 998 2211 αὐτῶν.
1034 2179 1063 2208 ››
1093 2189 1162 2198 -
1211 2155 1311 2210 Καὶ
1369 2155 1553 2234 ἀφῆκα
1601 2155 1795 2218 αὐτοὺς

146 2246 397 2323 φέρεσθαι
449 2229 592 2300 κατὰ.
624 2247 692 2299 τὰ
741 2229 1026 2317 θελήματα
1072 2244 1162 2298 καὶ
1207 2246 1308 2306 τὰς’
1355 2229 1650 2320 ἐπικρίσεις
1690 2245 1798 2298 τῶν

147 2332 359 2388 οἰκείων
395 2333 681 2410 λογισμῶν
727 2334 803 2396 ὡς
845 2333 1103 2398 ἀπειθεῖς.
1138 2333 1280 2409 Ἐγὼ
1321 2330 1379 2388 δὲ
1429 2328 1660 2407 μετέϐην
1709 2332 1797 2388 ἐπὶ

152 2423 220 2478 τὰ
247 2419 369 2494 ἔθνη
383 2467 395 2478 .

221 2536 248 2564 ιι
283 2513 369 2567 Ἐν
420 2515 501 2584 τῷ
555 2507 749 2584 μηδενὶ
800 2510 860 2566 ἂν
908 2510 1054 2574 τοὸς⁴
1081 2510 1309 2588 ἐχθροὺς
1357 2511 1530 2567 αὐτῶν
1594 2509 1800 2566 ἐταπεί-

158 2621 324 2656 νωσα.
379 2625 406 2652 ››
440 2635 507 2644 -
535 2601 606 2656 Τὸ
660 2599 713 2655 ἐν
757 2603 837 2673 τῷ
890 2597 1083 2672 μηδενὶ
1129 2601 1192 2656 τὸ
1244 2600 1456 2664 ἀπόνως
1503 2601 1592 2656 καὶ
1641 2600 1798 2677 εύχε-

167 2694 276 2766 ρῶς
326 2687 510 2760 δηλοῖ.
563 2687 827 2766 Ἐχθροὺς
882 2687 940 2744 δὲ
983 2689 1108 2752 τοὺς
1156 2688 1445 2761 αἰσθητοὺς
1495 2687 1643 2766 λέγει
1710 2689 1799 2745 καὶ

163 2776 414 2849 νοητούς.

233 2890 260 2919 ιι
290 2866 354 2920 Οἱ
403 2865 593 2943 ἐχθροῖ
641 2865 841 2941 Κυρίου
891 2865 1180 2940 ἐψεύσαντο
1228 2867 1395 2940 αὐτῷ.
1439 2891 1469 2922 ››
1499 2900 1569 2910 --
1613 2862 1801 2922 Ῥαϐϐὶ

160 2955 262 3032 γὰρ
291 2953 580 3018 καλοῦντες
607 2956 699 3011 καὶ
749 2952 1074 3012 διδάσκαλον
1123 2955 1322 3031 ἀγαθὸν
1371 2956 1654 3012 ἀπώσαντο
1700 2957 1799 3025 τὴν

162 3041 509 3100 διδασκαλίαν
561 3043 745 3102 αὐτοῦ.
797 3045 886 3114 Μὴ
937 3044 1101 3118 μόνον
1151 3043 1227 3118 δέ,
1267 3043 1414 3100 ἀλλὰ
1458 3045 1549 3100 καὶ
1594 3044 1803 3118 θανάτῳ

157 3136 348 3189 τοῦτον
375 3130 809 3210 παραδεδώκασι.

231 3247 259 3276 ιι
293 3223 391 3277 Καὶ
451 3221 595 3277 ἔσται
645 3223 673 3277 6
721 3221 908 3297 καιρὸς
960 3220 1133 3276 αὐτῶν
1180 3221 1259 3285 εἰς
1313 3223 1404 3277 τὸν
1450 3222 1640 3280 αἰῶνα.
1674 3246 1704 3274 ››
1733 3255 1804 3264 -

162 3311 253 3366 Διὸ
297 3309 388 3366 καὶ
442 3307 731 3372 διαπαντὸς
780 3307 991 3366 ἔσονται
1037 3310 1241 3365 τούτων
1269 3311 1324 3366 αἱ
1356 3310 1647 3390 συμφοραί·
1682 3332 1799 3366 και-
1833 3297 1876 3364 C

164 3401 253 3475 ρὸν
280 3401 379 3477 γὰρ
413 3401 465 3455 οἳ
496 3395 739 3474 Ἑϐραῖοι
787 3401 876 3454 καὶ
916 3400 1082 3474 Σύροι
1123 3401 1217 3463 τὰς
1267 3401 1548 3479 συμφορὰς
1599 3399 1799 3474 ὀνομά-

166 3493 334 3558 ζουσι.

238 3601 265 3629 ιι
294 3578 392 3633 Καὶ
441 3578 716 3652 ἐψώμισεν
764 3577 978 3641 αύτούς.
1018 3602 1040 3630 ι
1095 3611 1160 3621 -
1211 3584 1366 3633 ’Ήτοι
1416 3579 1685 3654 παρέσχεν
1731 3577 1806 3639 εἰς

160 3667 368 3742 τροφὴν
397 3666 460 3722 τὸ
495 3668 684 3739 μάννα.

235 3780 263 3807 ιι
294 3757 387 3810 Ἐκ
411 3756 628 3818 στέατος
658 3758 833 3832 πυροῦ
862 3755 951 3810 καὶ
983 3755 1042 3811 ἐκ
1087 3753 1286 3831 πέτρας
1341 3753 1467 3829 μέλι
1517 3755 1806 3831 ἐχόρτασεν

162 3844 377 3906 αὐτούς.
404 3869 433 3896 ››
462 3878 531 3886 —
578 3847 643 3899 "0
687 3844 799 3900 ἐστι
845 3846 909 3900 τὸ
956 3849 1054 3899 τοῦ
1103 3844 1255 3899 σίτου
1308 3843 1478 3915 ἐντὸς,
1513 3844 1544 3898 6'
1587 3844 1696 3898 ἐστι
1743 3845 1805 3898 τὸ

163 3930 487 3988 λεπτότατον
573 3931 820 4010 ἄλευρον,
887 3935 922 4002 ἠ
1003 3931 1304 4006 σεμίδαλιςο
1381 3937 1624 3988 τοιοῦτον
1700 3933 1804 4008 γὰρ

162 4019 309 4092 ἔδοξε
360 4027 480 4085 τοῖς
541 4019 825 4084 Ἰουδαίοις
879 4022 943 4077 τὸ
1025 4023 1193 4095 μάννα
1261 4020 1561 4098 σιλιγνίτης
1621 4022 1801 4096 ἄρτος·

161 4108 340 4187 ὥσπερ
370 4112 460 4166 καὶ
489 4113 554 4166 τὸ
584 4108 730 4188 ὕδωρ
766 4109 894 4184 μέλι
923 4109 1278 4187 γλυκύτατον.

745 4239 1036 4292 ΨΑΛΜΟΣ
1078 4236 1207 4293 ΠΑ’.

251 4322 486 4398 Ψαλμὸς
541 4328 620 4396 τῷ
669 4324 857 4402 Ἀσάφ.
907 4348 936 4375 ››
990 4356 1060 4366 ——
1107 4322 1470 4398 Προαγορεύει
1513 4323 1605 4377 τὸν
1663 4323 1808 4397 παρά

158 4419 254 4470 τοῦ
309 4419 544 4490 Χριστοῦ
590 4413 726 4468 κατᾶ
769 4418 876 4468 τῶν
927 4413 1294 4489 γραμματέων
1334 4412 1425 4466 καὶ
1463 4414 1570 4466 τῶν
1630 4417 1805 4488 Φαρι-

161 4503 326 4558 σαίων
359 4497 604 4579 ἔλεγχον.

234 4615 264 4644 ιι
294 4592 424 4655 Θεὸς
455 4588 582 4660 ἔστη
644 4588 695 4644 ἐν
745 4591 1032 4667 συναγωγῇ
1081 4591 1237 4646 θεῶν.
1271 4612 1300 4642 n
1333 4621 1403 4630 —
1442 4587 1577 4652 Τοὺς
1625 4609 1804 4665 γραμ-

1901 1979 2036 2054 πρὸς
2091 1979 2154 2033 τὸ
2213 1978 2498 2033 ἀποθανεῖν
2562 1976 2725 2050 μόνον
2785 1982 3015 2046 ζητεῖτε,
3068 1978 3159 2032 καὶ
3199 1977 3261 2033 o6
3293 1977 3429 2055 πρὸς
3483 1979 3546 2034 τὸ

1900 2069 2000 2137 τήν
2033 2067 2262 2145 κρείττω
2307 2067 2398 2122 καὶ
2444 2061 2610 2129 ὅντως
2657 2071 2814 2136 ζῆσαι
2874 2067 3040 2139 ζωὴν,
3073 2066 3164 2130 καὶ
3219 2067 3551 2123 ἀποπίιττετε

1901 2163 2001 2228 τῆς
2033 2157 2158 2230 ὑμῖν
2190 2158 2576 2236 ἀφωρισμένης
2605 2162 2774 2229 τιμῆς
2807 2155 2882 2218 ὠς
2914 2157 2990 2218 εἷς
3027 2159 3135 2212 τῶν
3184 2155 3234 2212 ἐν
3295 2154 3553 2234 ἀγγέλοις

1905 2245 2206 2322 ἀρχόντων,
2268 2249 2376 2301 τῶν
2441 2247 2516 2319 μὴ
2598 2243 2987 2322 προσηκόντως
3065 2245 3430 2322 χρησαμένων
3484 2251 3554 2320 τῇ

1905 2333 2053 2411 ἀρχῇ
2085 2332 2175 2389 διά
2205 2332 2402 2404 οἴησιν.

1979 2448 2008 2477 ιι
2041 2423 2290 2494 Ἀνάστα,
2322 2425 2350 2478 ὁ
2381 2423 2531 2494 Θεὸς,
2592 2427 2776 2498 κρῖνον
2834 2423 2932 2491 τὴν
2995 2425 3121 2498 γῆν.
3155 2447 3184 2476 »
3217 2456 3287 2466 —
3343 2424 3556 2480 Ἐντεῦ-

1909 2522 1993 2576 θεν
2028 2513 2056 2566 ὁ
2106 2514 2403 2590 Προφήτης
2458 2511 2647 2584 οἰκείῳ
2705 2512 2988 2585 προσώπῳ
3041 2511 3134 2566 τὸν
3193 2511 3355 2585 μόνον
3414 2509 3552 2569 ἰ¹διον

1910 2599 2131 2656 ἱκετεύει
2188 2603 2378 2677 κριτήν
2436 2600 2760 2678 ἐπιφανῆναι
2841 2601 3058 2676 ταχέως
3106 2601 3195 2656 καὶ
3247 2607 3420 2673 κρῖναι
3480 2597 3555 2657 δι-

1907 2691 2076 2752 καίως
2133 2690 2224 2745 καὶ
2279 2689 2407 2752 τοὺς
2455 2688 2673 2751 ἀδίκους
2729 2692 2928 2744 παῦσαι
2979 2687 3324 2765 κριτάς.Εἰίη
3387 2685 3434 2746 δ’
3491 2689 3551 2746 ἂν

1906 2779 1996 2834 καὶ
2053 2778 2175 2852 περὶ
2230 2785 2330 2848 τῆς
2381 2775 2438 2832 ἐκ
2492 2780 2693 2854 νεκρῶν
2744 2778 3082 2840 ἀναστάσεως
3139 2781 3236 2833 τοῦ
3289 2783 3552 2856 Σωτῆρος

1907 2866 2212 2944 πρόρρησις
2239 2866 2303 2921 τὸ
2332 2865 2518 2943 ῥητόν.

1986 2977 2013 3010 ιι
2040 2958 2158 3010 ’Ὁτι
2213 2956 2276 3010 σὺ
2323 2954 2903 3030 κατακληρονομήσεις
2960 2951 3011 3008 ἐν
3057 2959 3187 3009 πᾶσι
3232 2960 3349 3017 τοῖς
3405 2950 3550 3010 ἔθνε-

1911 3064 2015 3101 σιν.
2052 3068 2074 3096 ιι
2103 3076 2174 3088 -
2202 3044 2302 3100 Καὶ
2332 3045 2435 3121 γάρ
2467 3044 2530 3098 σὺ
2560 3041 2936 3121 κληρονομίαν
2963 3038 3098 3116 ’ἐξεις
3149 3040 3202 3098 ἐν
3255 3045 3384 3099 πᾶσι
3434 3047 3554 3106 τοῖς

1910 3130 2134 3190 ἔθνεσιν.

2498 3245 2795 3295 ΨΑΛΜΟΣ
2834 3243 2958 3296 ΠΒ’.

1991 3370 2020 3399 ιι
2053 3345 2182 3416 Ὠδὴ
2240 3350 2464 3422 ψαλμοῦ
2517 3350 2596 3418 τῷ
2651 3345 2841 3423 ’Λσάφ.
2900 3368 2931 3396 ››
2981 3377 3051 3388 --
3110 3345 3396 3420 Προσώπῳ
3449 3351 3558 3402 τῶν

1914 3429 2308 3491 ἐπανελθόντων
2384 3435 2444 3490 ἐκ
2497 3429 2821 3496 Βαϐυλῶνος
2895 3433 2971 3496 εἰς
3030 3432 3390 3510 Ἰερουσαλὴμ
3458 3457 3560 3490 πο-

1915 3524 2269 3599 λεμουμένων
2319 3523 2502 3603 φθόνῳ
2563 3523 2666 3578 ὑπὸ
2713 3527 2820 3578 τῶν
2871 3520 3257 3598 γειτονούντω“ν
3304 3523 3394 3577 καὶ
3441 3521 3561 3579 λοι-

1913 3618 2028 3669 πῶν
2089 3608 2373 3690 βαρϐάρων
2434 3611 2596 3674 ἐθνῶν
2656 3610 2690 3665 ἆ
2757 3609 2823 3680 δὴ
2903 3611 2993 3666 καὶ
3076 3612 3558 3687 κατετροπώσαντο

1915 3706 2345 3779 στρατηγοῦντος
2416 3695 2748 3778 Ζοροϐάϐελ.
2799 3698 3054 3775 Ἀρμόζει
3118 3696 3176 3754 δὲ
3234 3700 3262 3754 ὁ
3336 3699 3556 3775 ψαλμὸς

1913 3791 2002 3846 καὶ
2030 3796 2145 3852 τοῖς
2176 3788 2534 3862 δοωκομένοις
2564 3789 2696 3864 ὑπὲρ
2729 3792 2983 3865 Χριστοῦ.

1985 3903 2014 3931 ιι
2047 3881 2103 3934 'O
2133 3879 2284 3948 Θεὸς,
2314 3877 2399 3941 τίς
2443 3878 2846 3951 ὁμοιωθήσεται
2878 3898 2962 3932 σοι
2991 3896 3005 3949 ;
3037 3901 3066 3930 ››
3097 3910 3166 3920 --
3193 3877 3264 3932 Τὸ
3301 3877 3386 3941 τίς
3441 3875 3558 3934 δια-

1914 3967 2208 4046 πορητικὸν
2240 3967 2358 4022 ἀντὶ
2387 3971 2488 4022 τοῦ
2519 3963 2716 4028 οὐδείς.

1986 4082 2015 4109 ιι
2050 4059 2138 4126 Μὴ
2195 4058 2442 4132 σιγήσῃς,
2505 4052 2647 4129 μηδέ
2702 4066 3101 4131 καταπραΰνῃς,
3159 4055 3188 4110 ὁ
3227 4054 3379 4119 Θεός.
3430 4081 3454 4112 ι
3488 4089 3560 4101 -ο

1915 4171 1946 4199 ιι
1977 4147 2066 4215 Μὴ
2103 4147 2549 4221 μακροθυμήσῃς,
2587 4140 2726 4217 μηδέ
2755 4135 3154 4220 ἀνεξικακήσῃς.
3190 4168 3219 4196 ››

1986 4259 2015 4287 ιι
2045 4237 2165 4288 ’Ὀτι
2219 4229 2340 4288 ἰδοὺ
2389 4234 2443 4287 οἱ
2489 4231 2682 4308 ἐχθροί
2731 4253 2827 4287 σου
2871 4230 3113 4309 ἤχησαν*
3145 4233 3234 4287 καὶ
3261 4234 3315 4288 οἱ
3348 4235 3556 4308 μισοῦν·

1912 4325 2000 4386 τές
2051 4345 2108 4379 σε
2162 4323 2298 4399 ἦραν
2348 4320 2614 4400 κεφαλήν.
2655 4345 2677 4374 ι
2721 4355 2791 4365 -
2836 4323 2991 4378 Ἤτοι
3039 4323 3173 4396 μετά
3223 4323 3358 4397 βοῆς
3401 4320 3558 4398 ἔδρα-

1919 4435 2018 4486 μον
2065 4414 2184 4476 καθ’
2229 4413 2408 4485 ἡμῶν,
2439 4411 2511 4466 Τὸ
2564 4408 2620 4466 δέ
2661 4411 2797 4486 ἦραν
2827 4410 3069 4489 κεφαλὴν
3104 4407 3359 4482 δηλοῖτὸ
3390 4409 3559 4490 ἐπήρ-

1917 4504 2109 4574 θησαν.

1989 4615 2018 4644 ιι
2050 4589 2172 4646 Ἐπὶ
2201 4591 2291 4645 τὸν
2325 4584 2456 4644 λαόν
2508 4611 2602 4644 σου
2658 4587 3250 4665 κατεπανουργεύσαντο
3305 4587 3559 4663 γνώμην,

164 4686 351 4754 ματεῖς
375 4681 467 4735 καὶ
499 4678 830 4756 Φαρισαίους
861 4660 899 4737 δ’
916 4660 1210 4757 Προφήτης
1250 4677 1401 4740 θεοὺς
1441 4660 1690 4752 ὠνόμασε
1721 4660 1808 4732 διᾶ
1837 4660 1884 4725 D
1913 4681 2001 4736 καὶ
2060 4675 2450 4735 ἐϐουλεύσαντο
2504 4679 2641 4734 κατὰ
2694 4681 2801 4733 τῶν
2860 4660 3028 4752 ἆγίων
3075 4697 3192 4733 σου.
3230 4700 3258 4729 ››
3300 4660 3368 4721 ὲ
3415 4660 3561 4732 Κατᾶ

157 4770 221 4825 τὸ
253 4770 482 4846 ἀρχικὸν
513 4768 604 4824 καὶ
636 4768 939 4823 δικαστικὸν
970 4768 1200 4842 ἀξίωμα.

232 4882 263 4912 ιι
297 4860 383 4914 Ἐν
433 4857 582 4932 μέσῳ
632 4855 691 4912 δὲ
735 4856 886 4918 θεοὺς
925 4854 1212 4932 διακρινεῖ.
1249 4879 1280 4908 ››
1304 4888 1373 4898 --
1401 4855 1673 4926 Τουτέστι,
1705 4877 1803 4934 φα-

156 4951 327 5025 νερῶς
357 4945 558 5024 ἐλέγξει
590 4945 771 5001 ὁποῖοί
811 4945 960 5002 εἰσιν.

233 5060 263 5089 ιι
303 5040 448 5099 Ἕως
494 5035 627 5091 πότε
671 5035 880 5111 κρίνετε
925 5031 1132 5089 ἀδικίαν
1181 5034 1271 5090 καὶ
1317 5033 1583 5110 πρόσωπα
1630 5034 1804 5109 ἁμαρ-

155 5125 354 5182 τωλῶν
415 5120 756 5199 λαμϐάνετε;
805 5148 834 5178 ››
892 5157 961 5166 -——
1001 5128 1170 5179 Τοῦτο
1215 5123 1279 5178 τὸ
1327 5122 1581 5200 ἔλεγχος.
1630 5123 1701 5177 Τὸ
1748 5121 1806 5177 δέ

160 5210 470 5289 λαμϐάνετε
537 5213 655 5270 ἀντὶ
728 5218 830 5268 τοῦ
901 5208 1236 5270 εὐλαϐεῖσθε.
1298 5210 1690 5288 Ἀμαρτωλοὸς
1749 5209 1807 5266 δέ

157 5307 248 5357 νῦν
281 5301 407 5365 τοὺς
431 5299 654 5365 ἀδίκους
681 5302 842 5381 φησὶν
878 5299 1050 5364 ἰδίως.

235 5417 257 5445 α
294 5391 526 5468 Κρίνατε
572 5391 786 5470 ὀρφανῷ
831 5389 922 5446 καί
968 5395 1199 5467 πτωχῷ,
1256 5389 1505 5444 ταπεινὸν
1562 5390 1653 5443 καὶ
1709 5388 1804 5444 πέ-

156 5500 298 5550 νητα
353 5477 697 5538 δικαιώσατε.
733 5503 761 5531 ››
793 5513 860 5523 -
901 5480 970 5534 Τὸ
1019 5476 1342 5534 δικαιώσατε
1391 5477 1509 5532 ἀντὶ
1561 5482 1657 5532 τοῦ
1720 5476 1807 5532 δι-

157 5569 313 5624 καίαν
373 5572 553 5647 ψῆφον
603 5568 928 5644 ἐξενέγκατε.
976 5572 1143 5623 Τοῦτο
1195 5565 1250 5622 δὲ
1300 5564 1640 5646 σαφηνισμός
1695 5565 1806 5620 ἐστι

158 5662 259 5714 τοῦ
289 5657 586 5734 κρίνοντος.
614 5719 619 5724 _

235 5745 408 5804 «Οὐκ
462 5743 722 5823 ἔγνωσαν,
785 5743 910 5802 οὐδὲ
965 5752 1218 5820 συνῆκαν·
1279 5744 1332 5802 ἐν
1386 5743 1563 5800 σκότει
1615 5741 1803 5800 διαπο-

1915 4773 2042 4843 [τῶν
2077 4768 2242 4846 ἀγίων
2273 4772 2391 4842 σου]
2422 4772 2724 4844 πανοῦργον
2755 4765 2844 4822 καὶ
2887 4765 3264 4841 δολερωτάτην
3322 4763 3557 4840 μελέτην

1915 4879 2004 4913 συν
2015 4859 2366 4913 εσκευάσαντο
2375 4900 2388 4913 .

1986 4971 2015 4999 ιι
2047 4947 2236 5001 Εἶπαν·
2323 4949 2499 5017 Δεῦτε,
2567 4944 2658 5000 καὶ
2731 4941 3202 5018 ἐξολοθρεύσωμεν
3261 4941 3455 5006 αὐτοὺς
3505 4942 3558 5014 ἐξ

1915 5034 2123 5097 ἔθνους.
2176 5059 2206 5086 ››
2252 5066 2324 5078 -
2365 5037 2534 5088 Τοῦτο
2565 5035 2601 5103 ἡ
2632 5033 2850 5109 γνώμη.
2881 5033 2951 5087 Τὸ
2999 5029 3057 5087 δέ
3104 5031 3154 5104 ἐξ
3203 5027 3387 5096 ἔθνους
3443 5031 3558 5087 ἀντὶ

1911 5129 2009 5180 τοῦ
2039 5123 2099 5180 ἐκ
2127 5129 2220 5178 τοῦ
2247 5123 2379 5178 εἶναι
2412 5117 2580 5184 ἔθνος.

2002 5213 2151 5268 ιιΚαί
2201 5213 2262 5267 06
2316 5215 2391 5285 μὴ
2442 5214 2653 5285 μνησθῇ
2681 5210 2744 5265 τὸ
2775 5205 2950 5282 ὄνομα
2993 5207 3212 5284 Ἰσραὴλ
3281 5205 3381 5266 ἔτι.
3414 5235 3436 5264 ι
3490 5243 3561 5254 --

1915 5326 1944 5355 ιι
1977 5301 2049 5357 O6
2092 5303 2168 5373 μὴ
2202 5302 2578 5374 μνημονευθῇ,
2609 5299 2708 5354 οὐκ
2736 5295 2812 5354 ἔτι
2845 5299 2992 5362 ὅλως
3025 5297 3332 5373 ὀνομασθῆ.
3370 5322 3398 5350 ››

1987 5415 2016 5444 ιι
2045 5393 2162 5446 Ὅτι
2228 5385 2617 5446 ἐϐουλεύσαντο
2674 5387 2724 5443 ἐν
2786 5388 3018 5462 ὁμονοίᾳ
3074 5387 3163 5444 ἐπὶ
3219 5389 3280 5443 τὸ
3339 5387 3490 5445 αὐτό.
3526 5411 3554 5441 ››

1915 5513 1982 5522 -
2011 5481 2080 5534 Τὸ
2112 5479 2200 5534 ἐπί
2227 5480 2290 5534 τὸ
2318 5479 2447 5534 αὐτὸ
2484 5480 2583 5548 τὴν
2615 5479 2755 5552 ὁμοῦ
2814 5475 2983 5550 δηλοῖ
3039 5477 3130 5533 καὶ
3191 5477 3270 5540 εἰς
3324 5474 3414 5532 ἕνα
3467 5476 3562 5532 τό·-

1912 5590 2013 5623 πον
2053 5569 2365 5644 συναγωγὴν
2398 5573 2504 5622 τῶν
2540 5567 2724 5624 ἐθνῶν.

1987 5683 2016 5710 ιι
2051 5659 2194 5712 Κατά
2225 5662 2322 5712 σοῦ
2382 5655 2646 5729 διαθήκην
2699 5655 2949 5716 διέθεντο.
2975 5679 3004 5710 ιι
3035 5689 3104 5700 -
3135 5655 3405 5726 Δεαθήκην
3462 5653 3559 5724 τὴν

1917 5748 2183 5821 συνθήκην
2213 5747 2366 5826 φησί.
