3998 6464
393 412 547 477 1527

1622 414 2050 480 NICEPHORI
2092 414 2531 481 BLEMMIDAE

3788 60 3937 177 Ἶ

3661 413 3813 477 1528

462 571 493 599 ‹‹
521 545 598 602 Τὰ
626 543 960 621 σκηνώματα
984 550 1093 602 τῶν
1136 544 1458 622 Ἰδουμαίων
1501 548 1589 603 καὶ
1642 549 1694 603 οἳ
1746 545 2031 621 Ἰσμαηλῖ-
2062 550 2118 617 Α
2149 559 2292 611 θειαν
2349 548 2545 624 Κύριος
2600 549 2945 623 ἀνομάζεται,
2977 550 3006 604 6
3060 546 3327 625 κυριεύων
3387 547 3686 619 ἁπάντων,
3730 546 3815 602 καὶ

390 656 478 691 ται
535 630 705 691 Μωάϐ
754 634 846 691 καὶ
902 635 955 690 οὶ
1012 637 1330 713 ’Δγαρηνοί.
1365 661 1394 690 ››
1427 673 1497 683 -
1551 640 1623 695 Αἱ
1682 636 1874 699 πόλεις
1927 640 2035 691 τῶν

392 722 736 798 Ἰδουμαίων,
776 722 893 795 ἤως
953 727 1007 781 οἱ
1064 726 1364 798 Ἰδουμαῖοι
1425 726 1756 805 ἀλλόφυλοι,
1790 729 1844 781 οἱ
1874 725 2043 783 Φιλι-

391 819 590 870 στιαῖοι
638 813 729 869 καὶ
777 815 830 869 οἱ
875 814 1329 888 Παλαιστηναῖοι,
1376 816 1452 878 ὡς
1495 820 1880 891 παροικοῦντες
1921 820 2037 878 τοῖς

389 900 675 966 Ἰουδαίοις
712 902 997 980 ἐγγύτατα,
1030 896 1394 981 διαφερόντως
1454 903 1748 961 ἐκαλοῦντο
1802 903 2041 983 ἀλλόφυ-

393 990 509 1049 λοι.

467 1104 497 1133 ‹‹
528 1079 628 1136 Καὶ
681 1082 783 1159 γάρ
850 1082 942 1137 καὶ
998 1081 1193 1158 Ἀσοῦρ
1270 1084 1722 1159 συμτιαρεγένετο⁸
1776 1084 1890 1156 μετ’
1948 1082 2041 1137 αὖ·

390 1173 522 1227 τῶν.
558 1194 687 1224 ››-
731 1171 1039 1246 Περιττεύει
1088 1180 1152 1228 τό
1205 1174 1332 1248 γάρ.
1392 1171 1551 1247 Λέγει
1607 1169 1666 1226 δὲ
1722 1171 2039 1247 ’Δσσυρίους

393 1257 523 1322 τοὺς
583 1260 918 1334 Σαμαρείτας
985 1260 1060 1323 ὡς
1138 1260 1401 1323 ἀποίκους
1461 1261 1655 1316 αὐτῶν·
1733 1261 1870 1334 μετὰ
1935 1261 2039 1336 γὰρ

391 1349 496 1418 τὴν
533 1347 920 1425 αἰχμαλωσίαν
962 1353 1070 1405 τῶν
1126 1347 1337 1405 δώδεκα
1382 1348 1566 1428 φυλῶν
1611 1354 1729 1411 ταῖς
1773 1354 1881 1404 τῶν
1912 1351 2037 1405 Ἀσ-

396 1437 593 1513 συρίων
624 1435 841 1511 ᾤκησαν
868 1437 1091 1494 πόλεσιν
1103 1481 1115 1496 .

468 1550 499 1581 ‹‹
528 1527 882 1603 Ἐγενήθησαν
941 1526 1022 1589 εἶς
1074 1525 1365 1601 ἀντίληψιν
1424 1532 1539 1589 τοῖς
1610 1527 1750 1589 υἱοῖς
1802 1527 1949 1584 Λώτ.
2007 1547 2035 1580 υ

397 1648 469 1659 -
498 1613 820 1691 Ἀντίληψιν
850 1614 1170 1692 συμμαχίαν
1200 1616 1381 1695 φησίνο
1433 1615 1585 1678 υἱοὺς
1631 1612 1691 1671 δὲ
1738 1616 1864 1670 Λὼτ
1915 1614 2043 1677 τοὺς

399 1701 691 1768 Μωαϐίτας
721 1704 811 1760 καὶ
837 1704 1153 1778 Ἀμανίτας.

466 1835 500 1865 ‹‹
528 1809 766 1882 Ποίησον
813 1810 1009 1875 αὐτοὺς
1039 1810 1115 1874 ὡς
1160 1816 1230 1881 τῆ
1280 1809 1506 1885 Μαδιάμ
1550 1811 1639 1867 καὶ
1684 1816 1765 1884 τῷ
1816 1810 2041 1887 Σισάρᾳ,

2149 636 2310 700 αὐτὸς
2358 638 2519 711 μόνος
2572 637 2834 710 ἀληθινὸς
2881 639 3011 701 Θεὸς
3052 635 3267 709 ἀπάσης
3312 644 3424 707 τῆς
3480 639 3619 712 γῆς’
3668 639 3815 711 Ὑψι·

2148 747 2270 782 στον
2296 729 2398 804 γὰρ
2427 726 2521 782 τὸν
2549 729 2677 784 Θεὸν
2709 726 2935 783 ἐκάλουν
2960 728 3036 790 ὡς
3068 728 3372 804 ὗπερουράν
3384 748 3501 784 ιον.

2739 857 3037 909 ΨΑΛΜΟΣ
3076 854 3200 908 III".

2220 964 2249 992 «
2279 940 2374 1003 Εἰς
2415 942 2481 996 τὸ
2528 940 2687 1004 τέλος
2738 942 2870 1018 ὑπὲρ
2914 946 3022 997 τῶν
3070 940 3252 1011 ληνῶν
3292 945 3419 1002 τοῖς
3455 941 3620 1003 υἱοῖς
3670 942 3813 1015 Κορὲ,

2148 1029 2388 1104 ψαλμός.
2413 1035 2499 1092 Ὠς
2536 1031 2791 1107 ἀγαπητά
2834 1032 2903 1086 τὰ
2948 1031 3281 1103 σκηνώματά
3329 1051 3460 1086 σου.
3496 1054 3531 1081 ιι
3566 1063 3642 1072 -
3682 1036 3811 1099 Σκη-

2146 1120 2372 1193 νώματα
2439 1119 2663 1184 ἐνταῦθα
2728 1121 2825 1183 τάς
2889 1122 3025 1175 κατά
3081 1119 3283 1181 τόπους
3345 1118 3675 1190 ἐκκλησίας
3734 1141 3810 1173 u-

2149 1207 2253 1264 λεῖ.

2221 1323 2252 1350 ‹‹
2292 1297 2455 1375 Κύριε
2512 1303 2657 1374 τῶν,
2695 1296 2996 1371 δυνάμεων·
3064 1298 3313 1363 ἐπιποθεῖ
3380 1298 3482 1352 καὶ
3584 1295 3807 1352 ἐκλείπει

2148 1389 2184 1456 ἡ
2234 1390 2387 1463 ψυχή
2445 1408 2549 1461 μου
2598 1388 2675 1450 εἰς
2730 1388 2826 1450 τάς
2874 1387 3043 1450 αὐλὰς
3101 1391 3199 1442 τοῦ
3262 1388 3508 1461 Κυρίου.
3558 1411 3590 1437 ››
3640 1419 3711 1428 -
3752 1390 3810 1440 Τὸ

2152 1472 2389 1530 ἐκλείπει
2447 1473 2536 1529 ἐπὶ
2590 1480 2699 1529 τῶν
2744 1477 2956 1549 θερμῶν
3016 1475 3225 1551 λέγεται
3275 1475 3564 1550 ἐραστῶν,
3602 1477 3682 1548 μὴ
3728 1472 3811 1528 δυ·

2149 1564 2395 1636 ναμένων
2456 1565 2743 1637 ὑπομεῖναι
2795 1568 2905 1619 τῶν
2956 1566 3305 1639 ποθουμένων
3362 1565 3461 1620 τὸν
3499 1562 3811 1641 χωρισμόν.

2153 1651 2430 1708 Ἐκλύεται
2459 1657 2606 1730 γοῦν,
2638 1654 2823 1732 φησὶν,
2848 1656 2884 1724 ἡ
2915 1656 3067 1729 ψυχή
3104 1675 3208 1728 μου
3237 1659 3317 1727 τῷ
3355 1654 3503 1730 πυρὶ
3564 1657 3672 1709 τοῦ
3728 1653 3815 1708 πό-

2152 1742 2268 1795 θου·
2304 1740 2447 1797 εἷ’ποι
2497 1739 2544 1797 δ’
2600 1741 2661 1796 ἂν
2714 1746 2882 1798 ταῦτα
2936 1743 3025 1798 καὶ
3078 1749 3183 1806 πᾶς
3214 1744 3244 1798 6
3272 1750 3379 1812 τῆς
3412 1741 3685 1818 οὐρανίου
3734 1763 3814 1796 κα-

2151 1828 2465 1892 ταπαύσεως
2503 1829 2662 1907 ἐρῶν.
2694 1832 3001 1895 Ἐπιποθεῖν
3056 1828 3113 1886 δέ
3162 1830 3275 1887 ἐστι
3326 1832 3394 1886 τὸ
3452 1831 3515 1902 ἐξ
3576 1830 3810 1885 ἐπιτετα-

398 1901 474 1994 ὡς
498 1905 579 1973 τῷ
604 1895 784 1994 Ἱαϐὶμ
812 1899 865 1955 ἐν
1371 1903 1605 1994 Κξσσῶν·
1637 1924 1669 1994 >ξ
1700 1932 1770 1994 —_"
1795 1901 1918 1994 T91:
1946 1900 2040 1973 μὲν
2073 1922 2121 1988 Β
2155 1917 2318 1991 μένου
2340 1918 2511 1974 πόθου
2532 1895 2621 1980 ἐἵς
2649 1939 2700 1972 τι
2733 1918 3056 1994 ἐπείγεσθαι.

398 1991 505 2067 γὰρ
553 1989 802 2067 στρατιὰν
851 1993 962 2045 τῶν
1012 1986 1365 2059 Μαδιηναίων
1418 1988 1797 2065 ἀπειροπληθῆ
1859 1988 2042 2062 οὖσαν,

401 2078 568 2154 μόνον
620 2076 953 2154 τριακοσίοις
1009 2076 1258 2155 ἀνδράσιν
1313 2079 1342 2133 6
1398 2076 1601 2134 Γεδεὼν
1662 2077 2042 2155 έξωλόθρευσε.

2232 2031 2255 2059 α
2286 2008 2350 2063 Ἦ
2394 2005 2592 2085 καρδία
2645 2029 2748 2081 μου
2804 2008 2895 2063 καὶ
2950 2011 2987 2079 ἡ
3046 2008 3174 2085 σάρξ
3233 2005 3808 2083 μου-ἠγαλλιάσΜο

2152 2095 2242 2150 ἐπὶ
2279 2096 2408 2152 Θεὸν
2457 2101 2648 2166 ζῶντα.
2682 2120 2711 2150 ››
2744 2129 2815 2140 -
2842 2098 2943 2151 Καὶ
2998 2098 3060 2152 τὸ
3115 2102 3277 2171 σῶμα
3326 2094 3390 2152 δὲ
3417 2104 3530 2167 τῆς
3568 2100 3807 2172 ψυχικῆς

397 2170 491 2262 ’ξδν
615 2166 847 2245 Σισάραν
879 2169 1177 2262 στρατηγὸν
1220 2162 1348 2262 δ’ξπξα
1385 2170 1485 2237 τῆς
1534 2164 1814 2262 διξνάμεως
1863 2163 2045 2262 ’Ῑαβῖἕςι
2151 2162 2517 2255 κεκοινώνηκε
2545 2181 2818 2258 θυμηδίας
2844 2193 2945 2256 τῆς
2977 2185 3065 2241 ἐπὶ
3088 2189 3171 2259 τῷ
3194 2162 3437 2262 ξριστῷ.

404 2253 673 2332 βασιλέως
757 2256 967 2311 Χαναὰν
1048 2253 1492 2329 κατεπολέμησεν
1566 2257 1594 2311 6
1673 2256 1881 2333 Βαράχ,
1936 2259 2042 2313 ἀπὸ

397 2343 650 2420 Δεϐώρας
679 2342 987 2408 κελευσθεὶς
1016 2349 1116 2413 τῆς
1145 2344 1434 2417 κρινούσης
1478 2343 1601 2400 τότε
1648 2345 1739 2400 τὸν
1798 2346 2038 2419 Ἰσραήλ.

394 2433 665 2497 Ὡσαύτως
694 2431 756 2490 δὲ
784 2434 813 2489 6
843 2432 1004 2496 αὐτὸς
1049 2434 1233 2510 Βαράκ
1272 2435 1363 2489 καὶ
1398 2433 1491 2489 τὸν
1520 2431 1771 2510 ίβασιλέα
1828 2429 2042 2509 Ναϐεἰμ

392 2527 726 2597 πανστρατιᾷ
781 2519 1074 2598 διέφθειρεν
1144 2523 1197 2577 έν
1250 2522 1404 2597 τόπῳ
1482 2522 1854 2599 ἐπιλεγομένῳ
1924 2544 2040 2600 χει-

395 2610 503 2688 μάρ
511 2610 591 2688 ῥῳ
622 2614 853 2669 Κισσῶν.

461 2724 491 2752 ‹‹
525 2697 1029 2776 Ἐξωλοθρεύθησαν
1088 2699 1139 2755 ἐν
1193 2698 1450 2773 Ἀενδώρ.
1482 2721 1513 2751 »
1551 2732 1622 2742 —
1677 2700 1745 2755 Ἠ
1799 2698 2036 2778 ’Δενδὼρ

388 2788 557 2852 τόπος
590 2787 731 2844 ἐστὶν
765 2789 817 2844 έν
845 2789 892 2861 ᾦ
920 2788 1348 2863 κατεπολεμήθη
1382 2789 1411 2844 6
1442 2786 1669 2864 Σισάρα.

462 2900 493 2930 ι(
521 2877 886 2953 Ἐγενήθησαν
940 2876 1068 2933 ὡσεὶ
1124 2876 1330 2952 κόπρος
1382 2881 1455 2948 τῆ
1509 2880 1604 2952 γῆ.
1658 2902 1681 2932 ι
1753 2911 1820 2922 —
1879 2880 2038 2937 Ἀτα-

386 2987 483 3046 φοι
506 2965 754 3040 κείμενοι
781 2966 916 3037 ἦσαν
946 2964 1141 3028 πάντες
1170 2966 1261 3021 καὶ
1293 2963 1652 3028 διαλυθέντες.
1684 2999 1753 3009 -

461 3098 491 3126 ‹‹
524 3078 660 3130 Θεοῦ
715 3071 846 3135 τοὺς
902 3070 1172 3149 ἄρχοντας
1218 3071 1391 3127 αὐτῶν
1441 3072 1518 3135 ὡς
1579 3073 1672 3128 τὸν
1731 3068 1902 3150 Ὦρὴϐ
1946 3074 2037 3130 καὶ

387 3158 526 3236 Ζὴϐ,
554 3163 645 3218 καὶ
676 3158 833 3218 Ζεϐεὲ
868 3161 958 3217 καὶ
1008 3159 1324 3234 Σαλμανάν.
1352 3185 1381 3214 »
1423 3194 1491 3203 —
1517 3160 1753 3225 Τούτους
1800 3164 2036 3226 ἅπαντας

387 3250 599 3309 ἀνεῖλεν
630 3252 659 3306 6
688 3248 892 3307 Γεδεών
903 3294 916 3307 .
1292 3309 1296 3312 ἠ

460 3365 491 3395 ‹‹
519 3343 729 3403 Πάντας
775 3339 906 3403 τοὺς
974 3335 1244 3416 ἄρχοντας
1320 3338 1518 3410 αὐτῶν,
1578 3336 1773 3403 οἷ’τινες
1856 3342 2031 3413 εἶπον,

386 3427 909 3507 Κληρονομήσωμεν
958 3430 1167 3492 ἑαυτοῖς
1213 3429 1277 3484 τὸ
1315 3428 1661 3505 ἀγιαστήριον
1689 3434 1787 3485 τοῦ
1815 3436 1969 3488 Θεοῦ.
2005 3456 2028 3485 α

385 3516 457 3562 ἓ·-
484 3519 821 3593 Κτησώμεθα
845 3519 937 3574 τὸν
981 3517 1133 3592 ναὸν,
1191 3516 1353 3594 χάριν
1406 3517 1657 3594 ἁρπαγῆς
1698 3523 1806 3574 τῶν
1867 3520 2027 3594 ἱερῶν

385 3611 590 3663 σκευῶν
621 3608 711 3663 καὶ
740 3607 1125 3682 ἀναθημάτων.

459 3719 491 3748 ‹‹
518 3697 576 3750 ‘0
606 3694 736 3758 Θεός
786 3716 913 3770 μου,
946 3700 1042 3760 θοῦ
1087 3694 1282 3758 αὐτοὺς
1332 3694 1408 3757 ὠς
1455 3695 1658 3771 τροχὸν
1695 3694 1785 3751 καὶ
1814 3696 1889 3758 ὡς
1936 3717 2030 3751 κα-

386 3782 571 3859 λάμην
610 3784 748 3841 κατά
799 3780 1093 3859 πρόσωπον
1145 3782 1365 3857 ἀνέμου.
1426 3808 1456 3836 ››
1512 3817 1582 3827 --
1642 3786 2028 3848 Ἀστατοῦντας

388 3871 471 3929 ἀεὶ
499 3873 588 3929 καὶ
615 3874 1140 3952 περιστρεφομένους
1170 3878 1292 3935 ταῖς
1344 3877 1451 3928 τῶν
1511 3877 1808 3952 συμφορῶν
1868 3872 2029 3929 ἀλλε-

386 3960 705 4034 παλλήλοις
734 3958 1084 4037 μεταϐολαῖς.

458 4075 488 4104 ‹‹
520 4050 705 4115 Οὕτως
761 4048 1111 4122 καταδιώξεις
1158 4049 1353 4113 αὐτοὺς
1400 4050 1451 4106 έν
1498 4053 1570 4120 τῆ
1606 4049 1879 4127 καταιγίδι
1909 4072 2026 4107 σου·

381 4140 476 4217 καὶ
526 4140 580 4196 έν
632 4146 700 4211 τῆ
763 4139 899 4218 ὀργῆ
954 4161 1049 4194 σου
1102 4140 1440 4216 συνταράξεις
1483 4139 1698 4203 αὐτούς.
1733 4164 1763 4193 ››
1812 4173 1880 4184 ‹-
1926 4148 2029 4196 Ka-

381 4228 599 4308 ταιγίδα
635 4227 787 4307 λέγει
831 4229 932 4298 τὴν
992 4227 1137 4300 ἀξίαν
1190 4228 1398 4299 κίνησιν
1464 4236 1567 4299 τῆς
1627 4228 1815 4305 ὀργῆς.
1874 4229 2028 4286 Οὕτω

385 4315 465 4393 δὲ,
522 4320 678 4399 φησὶ,
735 4315 1085 4395 καταδιώξεις
1142 4315 1359 4389 αὐτοὺς,
1418 4317 1493 4381 ὡς
1547 4315 1869 4374 καταδιώκει
1926 4320 2025 4390 τὴν

383 4404 521 4480 ὅλην
551 4408 616 4464 τὸ
644 4411 773 4486 πῦρ.

457 4520 489 4551 ‹‹
518 4495 825 4574 Πλήρωσον
880 4494 950 4551 τά
1029 4493 1299 4573 πρόσωπα
1366 4493 1542 4550 αὐτῶν
1627 4494 1866 4570 ἀτιμίας,
1936 4498 2026 4552 καὶ

2223 2273 2379 2332 «Καὶ
2430 2275 2534 2351 γὰρ
2600 2274 2879 2351 στρουθίον
2963 2274 3109 2351 εὗρεν
3194 2274 3373 2346 ἑαυτῷ
3456 2274 3671 2348 οὶκίαν,
3727 2276 3808 2329 καὶ

2147 2363 2358 2438 τρυγὼν
2417 2362 2631 2417 νοσσιὰν
2693 2363 2877 2434 ἑαυτῆ,
2936 2362 2999 2417 οὗ
3031 2365 3182 2434 θήσει
3211 2362 3280 2417 τὰ
3305 2362 3508 2418 νοσσία
3536 2363 3755 2432 ἑαυτῆς.
3780 2388 3807 2413 a

2148 2450 2351 2507 -Καὶ
2406 2450 2511 2527 γὰρ
2568 2453 2603 2521 ἡ
2663 2450 2713 2525 ἐξ
2772 2453 2937 2515 έθνῶν
2993 2449 3348 2525 κληρονομία
3407 2472 3537 2522 σου,
3573 2454 3612 2522 ἡ
3657 2449 3803 2522 δίκην

2147 2538 2434 2616 στρουθίου
2466 2540 2555 2594 καὶ
2592 2544 2873 2617 τρυγῶνος
2903 2538 3233 2613 πλανωμένη
3276 2540 3411 2616 πρὶν
3472 2540 3531 2596 έν
3596 2539 3800 2616 ἐρήμῳ,

2147 2628 2293 2691 θείας
2323 2625 2677 2691 διδασκαλίας
2716 2629 2837 2703 εὗρε
2864 2634 2979 2686 νῦν.

2217 2717 2349 2772 «Τὰ
2410 2716 2765 2794 θυσιαστήριά
2822 2739 2938 2789 σου,
2996 2716 3166 2794 Κύριε
3225 2722 3339 2772 τῶν
3407 2716 3712 2792 δυνάμεων,
3766 2721 3793 2775 6

2149 2804 2400 2883 βασιλεύς
2434 2827 2539 2881 μου
2568 2806 2657 2862 καὶ
2690 2808 2718 2862 6
2752 2805 2885 2869 Θεός
2919 2828 3046 2881 μου.
3079 2830 3109 2859 ››
3137 2839 3208 2850 -—
3245 2807 3414 2863 Ἤτοι
3455 2809 3557 2870 τὰς
3604 2807 3787 2877 ἐκκλη-

2146 2893 2261 2958 σίας
2315 2916 2411 2951 σου
2465 2895 2556 2951 καὶ
2615 2894 2788 2950 οἰκίαν
2848 2895 2939 2950 καὶ
2994 2896 3232 2965 νοσσιὰν,
3274 2895 3371 2950 καὶ
3431 2902 3533 2965 τῆς
3578 2892 3775 2965 πλάνης

2144 2983 2500 3055 κατέπαυσας,
2553 2983 2689 3040 ὅπου
2749 2982 2815 3053 δὴ
2856 2983 2946 3040 καὶ
2991 2985 3060 3040 τὰ
3114 2986 3468 3059 πνευματικά
3492 2986 3766 3060 γεννήματα
3848 3037 3859 3047 ,

2146 3073 2363 3146 ἑαυτῆς,
2411 3073 2536 3143 ἤτοι
2600 3073 2699 3136 τάς
2755 3072 2950 3151 ἀρετὰς
3013 3076 3187 3145 θήσει,
3235 3069 3523 3130 τουτέστιν
3578 3074 3772 3149 ἐνεργής

2147 3182 2247 3220 σει.

2219 3275 2249 3304 ι(
2281 3252 2558 3326 Μακάριος
2612 3250 2750 3329 ἀνὴρ
2799 3251 2863 3305 οῦ
2910 3250 3049 3307 ἐστὶν
3118 3249 3417 3325 ἀντίληψις
3463 3251 3616 3325 αὖτῷ
3657 3249 3791 3327 παρά

2142 3343 2261 3396 σοῦ.
2319 3334 2633 3402 ’Δναϐάσεις
2692 3340 2745 3394 έν
2802 3343 2872 3414 τῇ
2926 3336 3123 3415 καρδίᾳ
3168 3339 3335 3395 αὐτοῦ
3399 3337 3637 3405 διέθετο.
3676 3364 3705 3391 ιι
3730 3372 3795 3381 -—

2140 3428 2276 3485 Ἀπὸ
2324 3433 2528 3501 κοινοῦ,
2580 3427 2859 3504 Μακάριος
2905 3429 2965 3491 ’ὸς
3010 3429 3110 3497 τὴν
3154 3425 3395 3485 κοιλάδα
3442 3433 3546 3485 τοῦ
3590 3428 3794 3493 Κλαυθ-

2142 3521 2345 3591 μῶνος,
2376 3514 2494 3587 ἤως
2538 3519 2675 3572 κατά
2720 3519 2812 3573 τὸν
2877 3516 3119 3593 παρόντα
3182 3516 3483 3594 χθαμαλὸν
3547 3518 3646 3572 καὶ
3710 3517 3793 3573 ἐς·

2139 3603 2345 3661 ώδυνον
2410 3606 2525 3680 βίον
2581 3605 2679 3661 οὐκ
2731 3606 2994 3685 ἐφρόνησε
3038 3606 3266 3661 ταπεινά
3308 3627 3369 3661 τε
3396 3607 3493 3661 καὶ
3523 3609 3714 3683 γήϊνα·
3746 3606 3789 3662 ἐν

2138 3698 2205 3769 τῇ
2249 3697 2405 3770 ψυχῇ
2454 3693 2619 3750 αὐτοῦ
2666 3693 2964 3769 ἐμελέτησε
3010 3692 3317 3770 λογισμοὺς
3365 3690 3794 3766 ἀναϐιϐάζοντες

2137 3783 2295 3839 αὐτὸν
2354 3784 2493 3858 πρὸς
2548 3784 2702 3842 Θεόν.
2753 3785 3031 3861 Μακάριος
3082 3781 3140 3839 δὲ
3188 3784 3216 3838 ὁ
3255 3788 3541 3847 τοιοῦτος·
3575 3786 3671 3840 καὶ
3700 3783 3789 3855 δῇ·

2137 3870 2259 3927 λον·
2287 3877 2448 3928 τοῦτο
2481 3871 2585 3949 γὰρ
2612 3874 2640 3928 6
2668 3875 2976 3946 νομοθετῶν
3016 3872 3167 3946 αὐτὸ,
3200 3870 3421 3943 δηλαδὴ
3476 3873 3789 3953 ἀφίστασθαι

2134 3965 2242 4016 τῶν
2271 3958 2504 4037 γηΐνων,
2533 3960 2785 4038 εὐλογίας
2815 3960 2975 4017 δώσει
3024 3966 3105 4034 τῷ
3149 3961 3429 4038 ἀνθρώπῳ
3476 3963 3665 4037 τούτῳ
3705 3962 3788 4018 καὶ

2137 4049 2216 4113 είς
2259 4051 2353 4106 τὸν
2400 4051 2567 4106 τόπον
2617 4052 2733 4106 καθ’
2784 4052 2842 4107 ὃν
2898 4047 3069 4123 ἔθετο,
3102 4049 3153 4105 ἐν
3191 4054 3261 4125 τῇ
3301 4048 3509 4126 καρδίᾳ
3535 4050 3787 4123 δηλονότι

2136 4137 2301 4194 αὐτοῦ
2359 4138 2487 4202 τοὺς
2552 4137 2898 4209 δηλωθέντας
2966 4137 3292 4215 λογισμούς·
3344 4139 3441 4194 καὶ
3508 4141 3655 4197 κατὰ
3702 4140 3783 4195 τὸν

2136 4226 2375 4303 παρόντα
2399 4227 2500 4303 γὰρ
2530 4227 2735 4301 κόσμον
2774 4227 3093 4303 έμακάρισεν
3124 4229 3153 4283 6
3200 4228 3434 4304 Χριστὸς
3485 4228 3625 4293 τοὺς
3672 4250 3789 4285 ποι-

2134 4314 2308 4378 κίλως
2360 4316 2757 4393 ἀνερχομένους
2824 4315 2876 4371 έν
2950 4315 3115 4390 αὐτῷ.
3175 4318 3513 4393 Ἐμακάρισε
3582 4316 3644 4374 δὲ
3709 4317 3793 4373 διά

2132 4408 2242 4460 τῶν
2302 4403 2660 4481 εὐαγγελικῶν
2725 4404 2994 4462 ποικίλων
3076 4410 3462 4482 μακαρισμῶν·
3511 4408 3671 4463 οὗτοι
3744 4408 3791 4463 οἱ

2134 4493 2230 4556 τάς
2269 4488 2553 4557 ἀναϐάσεις
2603 4492 2655 4549 έν
2700 4497 2771 4569 τῇ
2820 4490 3016 4570 καρδίᾳ
3061 4492 3427 4568 διατιθέμενοι
3496 4495 3551 4567 ἐξ
3605 4498 3793 4571 ἀρετῆς

384 4589 681 4658 ζητήσουσι
718 4586 783 4640 τὸ
831 4579 1010 4659 ὄνομά
1068 4605 1185 4657 σου,
1218 4583 1405 4658 Κύριε.
1438 4606 1468 4636 ››
1501 4616 1572 4627 -
1598 4585 1739 4640 Ἀπὸ
1778 4593 1881 4655 τῆς
1918 4608 2028 4641 πα-
2063 4654 2095 4663 Α
2137 4577 2551 4656 μεταϐήσονταιο
2606 4579 2837 4657 δύναμις
2900 4584 3006 4661 γὰρ
3072 4586 3257 4660 ψυχῆς
3344 4583 3601 4660 ῥωστικὴ
3669 4606 3787 4663 τυγ-

384 4654 612 4752 ράδόξου
676 4674 780 4751 γάρ
843 4654 1017 4743 ἥττης
1079 4654 1475 4747 αἴσχυνθέντες,
1525 4654 1866 4748 έρωτήσουσι
1911 4676 2026 4747 μετ’
2058 4654 2104 4719 D
2134 4654 2292 4747 χάνει
2322 4674 2357 4740 ἠ
2391 4670 2580 4746 ἀρετή.

382 4762 719 4837 ἐκπλήξεως,
775 4761 865 4824 Τίς
920 4759 1079 4824 οὗτος
1138 4761 1167 4816 6
1217 4759 1346 4822 Θεὸς
1384 4761 1413 4815 6
1462 4765 1686 4816 τοιαῦτα
1733 4782 2023 4839 τερατουρ-

380 4857 492 4931 γῶν
519 4871 536 4926 ;

454 4966 484 4996 «
533 4942 988 5018 Δίσχυνθήτωσαν
1090 4939 1180 5012 καὶ
1271 4940 1697 5014 ταραχθήτωσαν
1784 4940 1859 5002 εἰς
1934 4940 2027 4995 τὸν

382 5032 552 5088 αῖῶνα
604 5036 703 5087 τοῦ
761 5030 975 5093 αἰῶνοςο
1033 5028 1123 5084 καὶ
1183 5027 1600 5105 έκτραπήτωσαν
1673 5029 1764 5083 καὶ
1822 5029 2025 5085 ἀπολέ-

379 5123 610 5179 σθωσαν.
646 5145 675 5173 ››
704 5154 774 5163 —-
827 5122 990 5192 Τύπῳ
1048 5118 1177 5195 ἀρᾶς
1231 5117 1487 5194 προλέγει
1545 5119 1610 5172 τὰ
1666 5118 2023 5193 γενησόμενα,

378 5209 464 5265 ὅτι
519 5210 654 5265 κατά
697 5208 788 5263 τὸν
839 5206 1114 5282 μέλλοντα
1157 5205 1326 5261 αἰῶνα
1374 5206 1431 5259 οἱ
1475 5204 1639 5282 μέχρι
1685 5203 1881 5268 τέλους
1913 5206 2025 5279 μεί-

373 5320 553 5361 ναντες
642 5297 873 5374 πονηροὶ
960 5295 1454 5371 αἶ’σχυνθήσονται,
1539 5293 2017 5368 δημοσιευομένων

370 5393 479 5445 τῶν
538 5391 790 5463 πονηρῶν
840 5385 1015 5441 αὐτῶν
1060 5385 1324 5461 πράξεων,
1357 5384 1447 5439 καὶ
1494 5392 1563 5453 τῆ
1614 5384 1883 5457 ἀπονομίᾳ
1924 5390 2019 5439 τοῦ

371 5472 627 5535 δικαστοῦ
683 5477 1145 5552 ταραχθήσονται,
1206 5474 1320 5529 εἶτα
1403 5472 1496 5528 σὺν
1553 5473 1746 5546 ἀτιμίᾳ
1828 5472 2014 5544 πολλῆ

364 5572 464 5625 τοῦ
513 5567 726 5645 κλήρου
783 5571 891 5619 τῶν
956 5560 1176 5618 δικαίων
1236 5560 1696 5639 διακριθήσονται,
1753 5563 1843 5617 καὶ
1919 5565 2017 5633 τὴν

366 5657 421 5715 ἐν
474 5658 569 5729 τῆη
602 5654 791 5731 γεέννῃ
847 5650 1123 5708 ἀπώλειαν
1181 5653 1687 5727 κατακρισήσονται,
1730 5652 1821 5706 καὶ
1877 5652 2018 5727 γνώ-

361 5767 561 5805 σωνται
604 5740 786 5821 ἔργοις
835 5739 1019 5802 αὐτοῖς
1068 5735 1151 5792 ὅτι
1204 5735 1366 5811 μόνος
1414 5738 1443 5793 6
1496 5738 1625 5801 Θεὸς
1686 5740 1822 5794 κατὰ
1867 5738 2012 5812 ἀλή-

504 6382 1941 6464 ——-

2208 4784 2236 4812 «
2269 4759 2629 4833 Πορεύσονται
2679 4759 2739 4816 ἐκ
2790 4757 3069 4835 δυνάμεως
3120 4760 3195 4823 εἷς
3248 4757 3483 4833 δύναμιν
3555 4762 3790 4842 ὀφθήσε-

2131 4870 2219 4903 ται
2251 4850 2280 4903 ὸ
2310 4849 2442 4911 Θεὸς
2489 4853 2596 4904 τῶν
2645 4851 2777 4905 θεῶν
2823 4850 2875 4905 έν
2920 4850 3087 4907 Σιών.
3118 4873 3149 4902 ››
3187 4882 3252 4892 -—-
3300 4855 3429 4913 Φῶς
3478 4851 3535 4906 έν
3570 4858 3659 4927 τῷ
3701 4852 3789 4909 κό-

2134 4960 2281 5012 σμῳ,
2330 4938 2514 5016 φησίν.
2576 4937 2901 5016 Εὐλογήσει,
2943 4939 3187 4994 τουτέστι
3249 4939 3547 5013 μακαρίσει
3593 4944 3625 4997 6
3674 4943 3794 5003 Θεὸς

2132 5025 2261 5088 τοὺς
2306 5028 2375 5082 τὰ
2439 5023 2663 5105 οὐράνια
2722 5032 3053 5106 φρονοῦντας
3111 5026 3173 5082 οὖ
3221 5024 3312 5082 διὰ
3358 5033 3687 5108 προφήτου,
3734 5032 3794 5086 οὗ

2134 5113 2205 5170 δι’
2235 5115 2468 5192 ἀγγέλου
2513 5123 2722 5194 φωνῆς,
2755 5114 2881 5173 ἀλλ’
2927 5116 3089 5179 αὐτὸς
3138 5115 3469 5192 ὀραθήσεται
3522 5118 3579 5174 ἐν
3632 5123 3793 5187 Σιὼν,

2134 5206 2565 5277 σεσαρκωμένος,
2618 5205 2707 5260 καὶ
2757 5203 2900 5260 οὕτω
2949 5201 3109 5259 δώσει
3157 5203 3255 5267 τὰς
3303 5204 3574 5282 εὐλογίας
3628 5209 3795 5267 εἶτον-ι

2130 5295 2413 5363 ποιήσεται
2443 5292 2571 5356 τοὺς
2603 5292 2999 5370 μακαρισμοῦς.

2207 5407 2227 5432 σ
2263 5383 2654 5457 Ὑπερασπιστά
2700 5386 2884 5457 ἡμῶν,
2938 5380 3035 5455 ἴδε,
3084 5383 3111 5436 ὁ
3160 5384 3315 5455 Θεὸς,
3347 5384 3441 5440 καὶ
3494 5383 3794 5464 έπίϐλεψσν

2130 5470 2205 5533 εἷς
2261 5472 2324 5525 τὸ
2384 5471 2674 5548 πρόσωπον
2755 5476 2853 5527 τοῦ
2918 5476 3149 5546 Χριστοῦ
3207 5493 3328 5529 σου.
3384 5500 3415 5525 ››
3466 5509 3542 5519 —-
3590 5483 3790 5534 Νεῦσον

2127 5560 2204 5622 εἷς
2247 5562 2346 5630 τήν
2396 5560 2695 5630 ἐπισκοπὴν
2735 5565 2832 5616 τοῦ
2873 5559 3010 5617 λαοῦ
3059 5581 3175 5633 σου,
3206 5559 3329 5630 ﬁn):
3379 5564 3457 5627 εἷς
3506 5566 3576 5621 τὸ
3603 5567 3791 5645 ἐπιφα-

2124 5655 2278 5719 νῆναι
2324 5654 2403 5722 τῷ
2440 5647 2558 5721 λαῷ
2606 5669 2725 5723 σου,
2771 5654 2850 5722 τῷ
2898 5650 3035 5704 κατά
3083 5650 3377 5721 μετουσίαν
3424 5652 3521 5709 σὺν
3574 5660 3788 5733 Χριστῷ

2122 5736 2467 5813 καλουμένῳ,
2496 5738 2733 5817 καθάπερ
2766 5736 2833 5809 δὴ
2863 5737 2951 5793 καὶ
2981 5741 3119 5809 Θεῷ.
3226 5779 3235 5787 ς
