3998 6454
246 444 403 511 1529

1452 449 1868 514 EXPOSITIO
1910 447 1986 510 IN
2030 444 2422 510 PSALMOS.

3475 437 3634 502 1530
3673 499 3680 506 .

311 583 434 636 Ὅτι
498 580 756 656 κρείσσων
821 583 1002 659 ἡμέρα
1070 581 1166 657 μία
1224 583 1274 638 ἐν
1343 588 1460 647 ταῖς
1529 582 1718 645 αὐλαῖς
1787 603 1881 637 σου
1913 580 2237 654 Ασωτηρία
2274 582 2308 650 ἠ
2351 578 2425 642 εἰς
2481 577 2608 640 τοὺς
2664 574 2822 633 αὐτὸν
2882 569 3254 654 φοϐουμένους
3315 569 3440 642 ἤτοι
3505 552 3635 634 τοὺς

248 670 380 746 ὑπὲρ
410 669 688 746 χιλιάδας.
723 696 752 723 ››
782 705 852 715 —
895 676 1009 726 Τῶν
1060 672 1165 728 ἀπὸ
1219 671 1584 747 Σολομῶντος
1626 676 1722 727 106
1763 671 1878 726 κτί-

247 780 438 822 σαντος
491 759 582 814 τὸν
636 761 757 816 ναὸν
813 760 942 816 ἐτῶν
993 761 1195 837 χιλίων
1250 759 1420 817 ὄντων
1479 758 1584 823 ἕως
1629 763 1729 830 τῆς
1788 762 1885 828 σῆς

245 847 559 922 παρουσίας,
656 849 894 904 Δέσποτα
1003 851 1217 926 Χριστὲ,
1313 850 1570 927 κρείσσων
1677 848 1882 903 τούτων

252 938 498 992 ἁπάντων
569 945 666 1008 τῆς
741 937 792 993 ἐν
868 943 946 1011 τῷ
1015 943 1125 1010 ναῷ
1197 946 1515 1013 σωματικῆς
1589 935 1884 1015 παρουσίας

256 1047 370 1082 σου.

321 1138 349 1166 ‹‹
381 1112 734 1187 Ἐξελεξάμην
792 1114 1270 1192 παραῤῥιπτεῖσθαι
1331 1115 1383 1170 ἐν
1437 1121 1514 1188 τῷ
1571 1112 1707 1189 οἰειῳ
1790 1118 1886 1170 106

249 1206 382 1256 Θεοῦ
416 1223 519 1275 μου
573 1200 783 1275 μᾶλλον
818 1205 852 1272 ἢ
887 1204 1050 1258 οἰκεῖν
1100 1226 1165 1276 με
1211 1203 1262 1258 ἐν
1309 1204 1657 1276 σκηνώμασιν
1709 1205 1882 1279 ἁμαρ-

243 1286 464 1347 τωλῶν.
512 1313 542 1341 ››
589 1322 660 1333 -
714 1290 1220 1367 Παραρῥιπτεῖσθαι,
1270 1290 1514 1346 τουτέστι
1586 1289 1888 1366 παρερῥιμ-

247 1377 405 1450 μένος
465 1378 598 1433 εἶναι
648 1379 724 1440 ὡς
774 1377 962 1455 ἔτυχεν
1015 1379 1095 1434 ἐπ’
1140 1377 1389 1456 ἐδάφους,
1420 1381 1456 1448 ἢ
1505 1379 1671 1434 οἰκεῖν
1704 1374 1886 1456 ἀϐρῶς

240 1466 330 1522 καὶ
365 1465 544 1544 ὥσπερ
572 1465 958 1538 οἰκοδεσπότης
995 1470 1126 1541 μετᾶ
1161 1469 1530 1546 ἁμαρτωλῶν.

325 1578 347 1605 α
380 1551 497 1611 Ὅτι
546 1552 696 1620 ἕλεος
753 1559 844 1612 καὶ
891 1556 1151 1629 ἀλήθειαν
1218 1560 1400 1633 ἀγαπᾷ
1449 1558 1477 1612 6
1537 1558 1686 1620 Θεός.
1739 1582 1768 1610 »
1820 1591 1884 1600 -

245 1643 510 1717 Ἐλεήσας
565 1647 663 1722 γὰς
714 1649 860 1721 ἡμᾶς
918 1647 1302 1724 ένηνθρώπησε
1357 1647 1445 1703 καὶ
1497 1647 1697 1718 ἀληθὲς
1757 1645 1887 1717 ἐκή-

253 1737 400 1811 ρυξεν
433 1734 790 1812 Εὐαγγέλιον.

321 1847 352 1875 ‹‹
383 1826 548 1898 Χάριν
597 1825 687 1879 καὶ
734 1823 887 1896 δόξαν
942 1823 1100 1880 δώσει
1149 1827 1368 1902 Κύριος.
1403 1849 1432 1878 »
1461 1859 1531 1868 —-
1577 1824 1742 1900 Χάριν
1786 1824 1886 1892 τὴν

1993 669 2377 730 πιστεύσαντας
2415 665 2531 738 ἥξει
2579 667 2671 721 καὶ
2720 663 2782 720 οὐ
2839 669 3071 741 χρονιεῖ,
3124 662 3260 718 ὥστε
3315 664 3634 730 κατοικῆσαι

1994 758 2046 814 ἐν
2087 764 2152 827 τῆ
2204 765 2275 832 γῆ
2317 759 2477 829 ἡμῶν
2528 752 2703 826 δόξαν.
2736 755 2803 810 Εἰ
2853 755 2946 828 μὲν
2985 751 3074 808 06v
3133 759 3237 828 γῆν
3291 753 3503 822 νοήσεις
3533 752 3632 820 τὴν

1992 845 2376 922 Ἰερουσαλὴμ,
2446 843 2583 900 ὅπου
2648 844 2959 916 κατῴκησεν
3027 843 3056 897 6
3123 841 3300 917 Λόγος
3362 861 3635 912 σωματω-

1995 935 2126 1008 θεὶς,
2168 933 2321 1006 δόξαν
2366 935 2561 1006 νόησον
2631 931 2856 988 διπλοῦν
2916 931 3144 1010 Χριστὸν
3201 930 3277 992 ὡς
3325 924 3492 991 ὅντως
3555 927 3636 983 ἕν-

1995 1021 2146 1095 δοξον
2197 1022 2287 1078 διὰ
2330 1025 2428 1093 τὴν
2471 1023 2611 1078 θείαν
2662 1022 2817 1101 φύσιν
2867 1019 3052 1094 αὐτοῦ,
3103 1017 3191 1074 διὸ.
3236 1019 3335 1088 τήν
3385 1017 3632 1092 ἀναμαρ-

1994 1113 2182 1186 τησίαν
2245 1117 2344 1168 106
2413 1109 2871 1189 προσλήμματος,
2932 1110 3020 1165 διὰ
3092 1109 3160 1164 τὰ
3235 1102 3634 1186 ὑπερφυέστατα

1997 1203 2260 1276 θαύματα·
2297 1202 2343 1257 εἰ
2389 1199 2446 1257 δὲ
2493 1203 2592 1270 τὴν
2648 1199 3042 1276 ἀνθρωπότητα
3088 1200 3303 1268 νοήσεις
3350 1204 3476 1271 γῆν,
3507 1195 3635 1251 ἀκο-

1998 1291 2211 1356 λούθως
2251 1291 2447 1361 νόησον
2488 1289 2642 1362 δόξαν
2674 1292 2772 1360 τὴν
2813 1293 2912 1345 106
2960 1286 3136 1364 Λόγου
3188 1285 3358 1361 μόνην
3407 1285 3636 1342 ὑπόστα-

1998 1403 2098 1439 σιν.

2067 1495 2096 1523 (ι
2131 1469 2322 1533 Ἔλεος
2375 1470 2463 1525 καὶ
2516 1469 2746 1540 ἀλήθεια
2804 1469 3154 1539 συνήντησαν·
3190 1463 3499 1536 δικαιοσύνη
3551 1465 3640 1520 καὶ

1999 1561 2189 1636 εἰρήνη
2242 1558 2631 1636 κατεφίλησαν.
2693 1582 2722 1610 ››
2783 1590 2852 1600 -
2899 1557 2970 1610 Τὸ
3016 1556 3350 1626 συνήντησαν
3425 1553 3514 1608 καὶ
3577 1554 3639 1608 τὸ

1995 1647 2358 1726 κατεφίλησαν
2429 1649 2528 1717 τὴν
2597 1646 2685 1703 ἐπὶ
2756 1650 2973 1723 Χριστῷ
3038 1648 3339 1717 παριστῶσι
3401 1642 3637 1719 συνδρο-

2000 1739 2108 1811 μὴν
2144 1739 2234 1792 καὶ
2269 1734 2456 1792 ἕνωσιν
2496 1740 2603 1792 τῶν
2638 1733 2988 1809 δηλουμένων
3025 1733 3247 1810 ἀρετῶν.

2075 1824 2372 1897 «Αλήθεια
2430 1826 2489 1880 ἐκ
2532 1832 2632 1896 τῆς
2702 1831 2808 1900 γῆς
2875 1821 3164 1879 ἀνέτειλεν’
3215 1822 3304 1876 καὶ
3362 1818 3635 1876 δικαιοσύ-

245 1916 354 1966 τῶν
413 1915 689 1989 ἁμαρτιῶν
748 1916 956 1990 ἄφεσιν,
1005 1915 1104 1984 τὴν
1155 1914 1442 1987 υἱοθεσίαν,
1489 1914 1557 1970 τὰ
1619 1913 1883 1987 θαύματα,
1916 1954 1964 2020 Β
1996 1937 2060 1988 νη
2106 1915 2165 1971 ἐκ
2219 1919 2314 1970 106
2372 1914 2602 1992 οὐρανοῦ
2646 1912 2916 1988 διέκυψεν.
2971 1937 2998 1964 ››
3030 1945 3098 1954 -—
3143 1908 3403 1981 ’Δλήθεια
3432 1910 3460 1965 6
3499 1913 3635 1986 Χρι-

254 1997 342 2020 δι’
486 2005 498 2020 1
653 2003 668 2020 9
771 2008 828 2020 κ-
972 2005 987 2020 \
1097 2001 1206 2020 ἱκα-
1281 2002 1336 2020 \l
1469 2005 1483 2020 \
1546 2003 1560 2020 ἲ
1656 2003 1669 2020 9
1811 2007 1834 2018 υ
2074 2003 2086 2020 Ι
2193 2006 2252 2020 ιη
2305 2005 2318 2020 \
2432 2003 2443 2020 Ι
2560 2004 2574 2020 ῒ
2831 2002 2846 2020 \
2958 2003 2972 2020 ι
3042 1999 3089 2020 ’Χ
3125 2001 3171 2020 In
3351 1996 3380 2017 ν
3437 1999 3455 2020 Ἰν
3518 1997 3604 2020 νκκθ

252 1997 406 2071 δόξαν
431 2005 530 2072 τήν
559 2023 620 2057 τε
650 2003 873 2068 ἐνταῦθα
900 2005 990 2059 καὶ
1019 2001 1219 2076 πολλῷ
1238 2002 1402 2060 πλέον
1422 2005 1521 2073 τὴν
1542 2003 1592 2057 ἐν
1615 2003 1884 2079 οὐρανοῖς,

246 2089 336 2145 καὶ
367 2091 539 2167 ἀγαθά
567 2093 634 2147 τὰ
661 2092 1015 2173 ἀνέκφραστα.

837 2222 1129 2275 ΨΑΛΜΟΣ
1171 2225 1292 2275 ΠΔ’.

323 2327 352 2358 ‹‹
383 2305 478 2368 Εἰς
507 2307 569 2362 τὸ
597 2306 909 2380 τέλος,τοῖς
937 2309 1077 2370 υἱοῖς
1111 2310 1250 2384 Κορὲ
1279 2306 1519 2381 ψαλμός.
1539 2328 1561 2359 ι
1596 2339 1664 2349 --
1686 2312 1890 2383 Προσα-

245 2394 460 2470 γορεύει
508 2400 748 2458 τοπικῶς
799 2398 893 2470 μὲν
939 2399 1038 2466 τήν
1101 2397 1160 2452 ἐκ
1206 2392 1526 2459 Βαϐυλῶνος
1586 2395 1890 2471 ἐλευθερίαν

244 2487 352 2538 τῶν
430 2483 979 2561 αἰχμαλωτισθέντων
1051 2481 1336 2562 Ἑϐραίων,
1414 2485 1765 2561 ἀναγωγικῶς
1831 2482 1888 2539 δὲ

245 2573 345 2641 τήν
380 2572 440 2628 ἐκ
465 2581 567 2644 τῆς
597 2573 820 2649 ἀγνοίας
854 2573 1177 2652 ἀπαλλαγὴν
1208 2579 1313 2629 τῶν
1342 2574 1530 2631 ἐθνῶν.

320 2687 349 2714 ‹‹
380 2660 720 2739 Εὐλόγησας,
780 2665 958 2740 Κύριε,
1015 2666 1112 2733 τήν
1169 2672 1270 2741 γῆν
1332 2685 1448 2721 σου.
1482 2687 1511 2714 ››
1563 2695 1631 2706 -
1683 2665 1886 2739 Ἀγαθᾶ

251 2749 526 2822 ἠθέλησας
573 2757 642 2827 τῇ
689 2757 759 2829 γῇ
809 2773 923 2808 σου·
975 2751 1092 2823 ἤως
1167 2752 1530 2829 εὐηργέτησας
1595 2751 1721 2815 τοὺς
1791 2752 1881 2808 ἀν-

246 2841 516 2916 θρώπους,
549 2843 611 2896 τὸ
665 2840 894 2916 πλάσμα
941 2864 1058 2902 σου.
1101 2843 1174 2898 Τὰ
1223 2841 1499 2916 μέλλοντα
1540 2839 1600 2896 δὲ
1645 2842 1718 2903 ὡς
1774 2839 1883 2912 ἤδη

246 2929 512 3004 γεγονότα
538 2925 692 3003 νόμῳ
719 2931 1052 3010 προφητείας
1082 2932 1264 3010 φησίν.

318 3017 738 3094 «Ἀπέστρεψας
809 3021 906 3089 τὴν
984 3019 1368 3096 αἰχμαλωσίαν
1436 3014 1646 3075 Ἰακώϐ.
1719 3044 1742 3072 ι
1817 3053 1886 3062 -

247 3106 613 3184 Ἀπέστρεψας
650 3110 742 3164 τὸν
792 3107 1149 3185 αἰχμάλωτον
1201 3107 1330 3164 λαὸν
1379 3113 1475 3163 106
1523 3102 1714 3163 Ἰακὼϐ
1782 3108 1885 3163 ἀπὸ

243 3202 345 3264 τῆς
387 3197 725 3272 κατεχούσης
770 3197 930 3253 αὐτὸν
981 3195 1314 3274 τυραννίδος.
1363 3192 1558 3255 Ἰακὼϐ
1612 3194 1670 3252 δὲ
1724 3197 1812 3252 καὶ
1857 3198 1884 3251 6

241 3287 619 3361 Χριστιανικὸς
649 3285 782 3349 λαὸς
814 3285 1088 3365 διαφόρως
1119 3285 1347 3362 εἶ’ρηται.

313 3396 342 3425 ‹‹
378 3379 619 3452 Ἀφῆκας
679 3376 776 3437 τὰς
843 3374 1073 3448 ἀνομίας
1139 3379 1219 3447 τῷ
1269 3375 1386 3447 λαῷ
1439 3395 1554 3430 σου’
1614 3373 1881 3450 ἐκάλυψας

240 3461 415 3525 πάσας
457 3465 552 3526 τάς
604 3464 869 3538 ἁμαρτίας
915 3464 1112 3523 αὐτῶν.
1147 3487 1178 3516 ››
1209 3497 1276 3507 —
1305 3463 1544 3537 Ὁμοίως
1573 3468 1672 3539 τῷ,
1706 3487 1734 3516 ι(
1767 3467 1886 3522 Μα-

242 3551 424 3628 κάριοι
456 3553 528 3606 ὧν
561 3552 827 3629 ἀφέθησαν
861 3553 914 3608 αἱ
946 3551 1187 3628 ἀνομίαι.
1223 3577 1252 3605 ››

315 3664 344 3691 ‹‹
376 3641 718 3703 Κατέπαυσας
780 3647 952 3696 πᾶσαν
999 3643 1098 3710 τήν
1164 3641 1337 3718 ὀργήν
1385 3659 1500 3696 σου·
1551 3641 1888 3719 ἀπέστρεψας

255 3727 360 3783 ἀπὸ
417 3728 587 3804 ὀργῆς
645 3731 820 3803 θυμοῦ
878 3752 994 3788 σου.
1027 3753 1056 3783 ››
1089 3763 1159 3774 --
1216 3731 1597 3806 Ἀνεχώρησας
1654 3730 1758 3786 ἀπό
1790 3739 1888 3801 τῆς

254 3815 489 3896 σφοδρᾶς
517 3819 632 3873 καθ’
662 3821 821 3892 ἡμῶν
850 3821 1258 3895 ἀγανακτήσεως
1287 3819 1374 3874 ἐπὶ
1402 3818 1698 3892 εὐμένειαν.

324 3931 353 3960 ι(
384 3905 736 3984 Ἐπίστρεψον
773 3910 943 3982 ἡμᾶς,
976 3909 1004 3962 6
1037 3908 1166 3970 Θεύς
1203 3911 1312 3962 τῶν
1336 3908 1620 3984 σωτηρίων
1647 3912 1830 3982 ἡμῶν.
1861 3934 1890 3962 ››

250 4027 320 4038 —-
349 3995 552 4051 Λοιπὸν
579 3997 860 4071 προσώπῳ
887 4000 984 4050 106
1029 3994 1166 4050 λαοῦ
1213 4001 1446 4051 ποιεῖται
1492 3996 1619 4060 τοὺς
1667 3996 1886 4073 λόγους.

248 4082 602 4160 Ἐπίστρεψον
653 4082 731 4156 δὲ,
782 4084 965 4164 φησὶν,
1016 4083 1120 4138 ἀπὸ
1167 4092 1269 4154 τῆς
1320 4084 1534 4140 οἰασοῦν
1595 4085 1888 4161 αἰχμαλω-

251 4171 364 4234 σίας
394 4173 470 4235 εἰς
500 4174 599 4243 τὴν
629 4175 894 4251 προτέραν
923 4172 1212 4249 εὐγένειαν.

323 4285 352 4313 ‹‹
383 4263 473 4330 Μὴ
506 4262 581 4325 εἰς
611 4261 742 4325 τοὺς
800 4262 996 4324 αἰῶνας
1046 4261 1304 4337 ὀργισθῇς
1352 4265 1508 4337 ἡμῖν,
1545 4287 1574 4315 ››
1610 4297 1680 4308 -—
1711 4265 1782 4319 T6
1813 4265 1888 4328 εἰς

246 4350 376 4414 τοὺς
399 4351 595 4414 αἰῶνας
623 4351 739 4406 ἀντὶ
762 4355 858 4406 106
881 4350 1190 4413 διαπαντός.

323 4464 352 4493 ‹‹
383 4441 452 4496 Ἦ
510 4438 770 4503 διατενεῖς
818 4441 916 4510 τήν
969 4440 1135 4518 ὀργήν
1184 4462 1280 4495 σου
1328 4440 1434 4496 ἀπὸ
1467 4447 1648 4518 γενεᾶς
1679 4442 1754 4506 εἰς
1801 4465 1891 4520 γε·

247 4530 406 4599 νεάν;
442 4554 464 4581 ι
499 4562 570 4574 -ο
596 4531 666 4585 Τὸ
724 4528 983 4592 διατενεῖς
1040 4529 1156 4585 ἀντὶ
1207 4534 1304 4585 τοῦ
1361 4536 1696 4606 παρατενεῖς.
1730 4534 1800 4587 Τὸ
1835 4531 1893 4588 δὲ

248 4615 355 4672 ἀπὸ
385 4624 573 4693 γενεᾶς
605 4619 680 4681 εἰς
707 4618 884 4696 γενεὰν
914 4618 1031 4673 ἀντὶ
1059 4623 1156 4674 106
1185 4618 1272 4673 ἐπὶ
1306 4621 1590 4692 μήκιστον.

323 4732 350 4758 ‹‹
384 4688 438 4760 ’Θ
492 4708 640 4780 Θεὸς,
691 4688 776 4770 06
810 4708 1132 4782 ἐπιστρέψας
1183 4688 1422 4777 ζωώνσεις
1497 4711 1667 4783 ἡμᾶς·
1725 4710 1814 4766 καὶ
1863 4712 1892 4767 6
1922 4688 1968 4752 D

249 4795 383 4858 λαός
443 4819 538 4852 σου
581 4797 1000 4876 εὐφρανθήσεται
1050 4796 1138 4852 ἐπὶ
1186 4796 1292 4855 σοί.
1344 4822 1374 4850 ››
1421 4831 1488 4841 --
1532 4799 1604 4852 T6
1654 4800 1891 4868 ζωώσεις

248 4884 367 4939 ἀντὶ
388 4890 486 4940 τοῦ
518 4887 782 4955 ζωώσαις.

320 4998 350 5026 ‹‹
383 4975 717 5048 ’Δκούσομαι
769 4973 822 5029 τί
881 4972 1110 5045 λαλήσει
1159 4974 1210 5029 ἐν
1239 4973 1361 5048 ἐμοὶ
1391 4975 1590 5051 Κύριος
1621 4977 1648 5031 6
1675 4976 1824 5040 θεός.
1861 5001 1890 5028 ››

246 5095 317 5106 ...
373 5065 430 5116 Ὁ
506 5067 809 5143 ’Προφήτης
895 5063 1078 5142 φησίνο
1160 5063 1413 5140 Ὑπόσχω
1494 5066 1558 5120 τὸ
1632 5064 1722 5127 οὗς
1792 5073 1890 5136 τῆς

247 5155 456 5229 ψυχῆς,
486 5153 576 5208 καὶ
635 5153 1067 5227 ένωτισθήσομαι
1119 5152 1172 5206 τί
1231 5152 1373 5207 εἶπεν
1433 5153 1484 5208 ἐν
1527 5153 1651 5228 ἐμοὶ
1681 5154 1708 5208 6
1738 5154 1886 5217 Θεός’

247 5241 364 5297 εἶτα
420 5241 748 5312 ἐνωτισθεὶς,
809 5240 960 5321 φησί,
1011 5241 1155 5318 λέγει
1203 5243 1232 5296 6
1279 5244 1407 5305 Θεὸς
1470 5240 1552 5298 ὅτι
1611 5242 1888 5320 εὐαγγελί-

246 5351 390 5385 σεται
441 5331 664 5408 εἰρήνην
706 5331 794 5387 ἐπὶ
838 5331 964 5394 τοὺς
1020 5329 1405 5394 πιστεύσαντας
1473 5331 1549 5394 εἰς
1592 5332 1749 5388 αὐτὸν
1798 5334 1887 5388 καὶ

243 5425 344 5490 τῆς
376 5420 614 5484 παλαιᾶς
641 5425 842 5498 ἔχθρας
874 5418 1186 5478 κατάλυσιν.

322 5530 344 5560 ι
380 5508 534 5579 Πλήν
595 5509 750 5588 ἐγγὺς
808 5514 912 5565 τῶν
972 5503 1321 5587 φοϐουμένων
1381 5510 1539 5565 αὐτον
1589 5511 1651 5565 τὸ
1708 5514 1888 5582 σωτή-

246 5616 360 5673 ριον
421 5598 604 5654 αὐτοῦ·
658 5604 757 5654 106
837 5601 1244 5670 κατασκηνῶσαι
1324 5596 1475 5672 δόξαν
1552 5599 1604 5654 ἐν
1679 5604 1745 5674 τῇ
1812 5607 1883 5675 γῆ

245 5689 428 5760 ἡμῶν.
511 5712 540 5740 ››
624 5722 694 5732 -
775 5687 928 5759 Πλὴν
1006 5689 1069 5742 τὸ
1177 5690 1445 5764 σωτήριον
1526 5688 1690 5744 αὐτοῦ
1776 5694 1884 5744 τῶν

245 5770 597 5854 φοϐουμένων
685 5776 848 5834 αὐτόν
952 5775 1129 5858 ἐγγὺς,
1207 5773 1324 5849 ἤως
1407 5780 1442 5849 ἡ
1519 5779 1645 5857 παρ’
1677 5832 1682 5835 ,
1719 5778 1886 5836 αὐτοῦ

1995 2003 2141 2067 στόςο
2193 2005 2337 2080 Ἐγὼ
2382 2003 2482 2081 γάρ
2531 2004 2666 2078 εἰμι,
2717 2002 2900 2082 φησὶν,
2947 2003 2983 2071 ἡ
3031 1999 3276 2072 ἀλήθεια·
3319 1996 3381 2054 06
3427 1997 3634 2053 ἀνατεί-

1911 2151 1919 2158 ,
1997 2092 2188 2157 λαντος
2246 2094 2304 2149 ἐκ
2340 2100 2441 2164 τῆς
2495 2099 2622 2170 γῆς,
2678 2091 2812 2147 κατᾶ
2860 2092 2957 2160 τὴν
3016 2087 3162 2144 κάτω
3200 2086 3447 2163 γέννησιν
3480 2089 3516 2157 ἡ
3557 2084 3637 2142 δι-

1994 2182 2276 2255 καιοσύνη,
2341 2184 2589 2238 τϐυτέστι
2655 2183 2682 2236 6
2742 2180 2970 2258 Χριστὸς
3037 2173 3327 2252 ἐπέϐλεψεν
3393 2175 3474 2255 ἐφ’
3546 2175 3637 2238 οὓς

1997 2271 2344 2350 ἐπεστρέφετο
2376 2271 2636 2348 πρότερον
2667 2273 2940 2345 γηγενεῖς.

2069 2386 2097 2414 (ί
2133 2361 2230 2416 Καὶ
2260 2361 2362 2438 γὰρ
2404 2361 2432 2414 ὁ
2473 2359 2672 2435 Κύριος
2720 2356 2880 2413 δώσει
2930 2355 3300 2433 χρηστότητα·
3343 2353 3434 2409 καὶ
3479 2355 3514 2423 ἡ
3563 2356 3635 2428 γῆ

1995 2452 2155 2523 ἡμῶν
2190 2448 2350 2505 δώσει
2386 2451 2476 2505 τὸν
2529 2449 2732 2525 καρπὸν
2783 2447 2972 2516 αὐτῆς.
3009 2470 3038 2497 ››
3076 2477 3146 2487 —-
3191 2442 3508 2517 Χρηστότης
3534 2446 3631 2497 106

1994 2538 2194 2612 Κυρίου
2232 2541 2266 2609 ἠ
2320 2536 2389 2594 δι’
2429 2541 2575 2612 ἡμᾶς
2638 2536 2852 2598 αὐτούς·
2906 2529 3293 2612 συγκατάϐασις
3337 2539 3438 2602 τῆς
3491 2533 3630 2604 ἠμε-

1993 2627 2150 2704 τέρας
2181 2635 2284 2703 γῆς
2345 2626 2514 2682 εἷ’τουν
2580 2632 2778 2702 γεηρᾶς
2846 2624 3030 2686 οὐσίας
3058 2623 3262 2700 καρπὸς
3307 2626 3404 2677 106
3434 2618 3636 2697 Κυρίου

1994 2718 2251 2792 πανάγιον
2291 2715 2656 2793 πρόσλημμα.

2066 2830 2093 2858 ‹‹
2135 2806 2457 2876 Δικαιοσύνη
2519 2804 2746 2860 ἐνώπιον
2806 2803 2972 2858 αὐτοῦ
3026 2800 3476 2878 προπορεύσεται.
3510 2822 3539 2852 ››
3569 2832 3640 2843 -

1995 2893 2310 2964 Δικαιοσύνη
2354 2892 2576 2949 ἐνταῦθα
2610 2894 2710 2962 τῆν
2741 2889 2974 2955 καθόλον
3007 2889 3166 2968 φησὶν
3199 2889 3416 2966 ἀρετήν.

2072 3007 2092 3034 ι
2130 2982 2231 3040 Καὶ
2289 2984 2444 3053 θήσει
2496 2979 2618 3037 ὁδὸν
2675 2982 2743 3036 τὰ
2801 2975 3114 3053 διαϐήματα
3152 2977 3334 3036 αὐτοῦ.
3366 2998 3393 3030 η
3430 3009 3499 3019 —
3533 2976 3630 3034 Καὶ

1995 3069 2188 3126 λοιπὸν
2223 3072 2250 3126 6
2284 3071 2512 3145 Χριστὸς
2557 3070 2623 3125 τὰ
2679 3065 2989 3143 διαϐήματα
3043 3066 3226 3138 αὐτοῦ,
3258 3065 3501 3120 τουτέστι
3530 3065 3630 3133 τὴν

1995 3159 2238 3237 ἐνάρετον
2305 3158 2583 3215 πολιτείαν
2647 3159 2833 3231 αὐτοῦ,
2899 3159 3051 3228 θήσει
3113 3155 3188 3217 εἰς
3243 3154 3306 3208 τὸ
3336 3153 3468 3209 εἶναι
3508 3149 3632 3208 ὁδὸν

1990 3254 2110 3311 τοῖς
2187 3245 2549 3326 βουλομένοις
2609 3248 2926 3324 ἀνέρχεσθαι
3000 3245 3136 3320 πρὸς
3193 3243 3349 3299 αὐτὸν
3407 3239 3479 3297 δι’
3542 3240 3635 3297 αὐ-

1913 3318 1956 3386 C
1992 3345 2113 3410 τῆς,

2578 3445 2876 3501 ΨΑΛΜΟΣ
2917 3443 3042 3498 HE’.

2071 3577 2098 3606 «
2131 3554 2418 3629 Προσευχή
2451 3557 2530 3625 τῷ
2569 3548 2754 3608 Δαυίδ.
2795 3548 3013 3622 Κλῖνον,
3046 3547 3212 3624 Κύριε
3240 3548 3302 3602 τὸ
3377 3544 3468 3609 οὖς
3537 3566 3636 3601 σου

1996 3641 2085 3697 καὶ
2116 3640 2409 3697 ἐπάκουσόν
2453 3660 2578 3715 μου·
2640 3638 2722 3696 ὅτι
2770 3639 3001 3714 πτωχὸσ
3028 3637 3118 3692 καὶ
3156 3635 3321 3706 πένης
3354 3635 3468 3710 εἰμὶ
3500 3634 3630 3710 ἐγώ.

2000 3728 2245 3801 Φύλαξον
2274 3731 2373 3800 τὴν
2405 3731 2590 3805 ψυχήν
2635 3749 2739 3801 μου
2769 3726 2851 3782 ὅτι
2892 3725 3040 3788 ὅσιός
3071 3725 3207 3799 εἰμι.
3245 3749 3266 3776 ι
3329 3757 3398 3767 -
3451 3727 3634 3786 Ὅσιος

2001 3818 2211 3896 εἷ’ρηται
2270 3821 2297 3874 ὁ
2374 3821 2764 3895 ἀφωσιωμένος
2816 3817 2907 3873 καὶ
2965 3814 3366 3890 ἀνατεθειμένος
3404 3819 3518 3886 Θεῷ
3545 3811 3634 3869 καὶ

1999 3915 2167 3964 πᾶσαν
2201 3907 2394 3965 ἐλπίδα
2425 3908 2568 3985 ἔχων
2602 3907 2678 3970 εἰς
2705 3903 2885 3965 αὐτόν.

2072 4023 2101 4050 ‹‹
2135 3997 2392 4068 Ἐλέησόν
2457 4019 2542 4072 με,
2605 3997 2785 4072 Κύριε,
2848 3995 2930 4052 ὅτι
2995 3996 3131 4071 πρὸς
3197 3993 3256 4050 σὲ
3309 3993 3634 4070 κεκράξομαι

2001 4084 2136 4158 ὅλην
2184 4088 2284 4156 τήν
2324 4087 2555 4162 ἡμέραν.
2599 4111 2627 4139 ››
2661 4113 2725 4134 ==
2764 4085 2835 4140 T6
2883 4083 3017 4156 ὅλην
3067 4085 3166 4153 τήν
3215 4080 3422 4158 ἡμέραν
3472 4077 3638 4151 δηλοῖ

1998 4176 2062 4231 τὸ
2092 4173 2399 4239 διαπαντός.

2077 4267 2255 4320 «Ὅτι
2331 4264 2415 4334 σὺ,
2467 4264 2651 4341 Κύριε,
2709 4262 2949 4340 χρηστὸς
3013 4261 3102 4316 καὶ
3169 4259 3431 4328 ἐπιεικής.
3487 4280 3508 4308 υ
3570 4288 3637 4300 --

2002 4355 2279 4423 Ἐπιεικής
2327 4351 2494 4424 δηλοῖ
2539 4353 2631 4409 τὸν
2669 4358 2916 4430 προσηνῆ
2962 4371 3024 4406 τε
3058 4348 3146 4405 καὶ
3175 4347 3404 4422 ἥμερον,
3455 4344 3636 4401 ἐνταῦ-

2000 4444 2066 4498 θα
2093 4441 2151 4498 δὲ
2176 4443 2266 4498 τὸν
2291 4441 2466 4500 τίλεον.

2075 4531 2236 4589 «Καὶ
2287 4530 2584 4594 πολυέλεος
2630 4536 2758 4585 πᾶσι
2817 4533 2936 4591 τοῖς
2981 4524 3450 4601 ἐπικαλουμένοις.
3503 4547 3532 4576 ››
3571 4556 3639 4568 -

1999 4627 2124 4685 Τοῖς
2156 4621 2603 4695 ἐπικαλουμένοις
2637 4619 2700 4675 οὐ
2738 4616 2999 4696 χείλεσιν,
3033 4615 3156 4672 ἀλλ’
3195 4614 3296 4689 ὅλῃ
3323 4616 3496 4689 ψυχῇ.

2075 4736 2102 4763 ‹‹
2135 4712 2219 4768 Ἐν
2269 4712 2451 4786 ἡμέρᾳ
2501 4709 2740 4784 θλίψεως
2791 4729 2896 4781 μου
2946 4704 3200 4781 ἐκέκραξα
3227 4704 3364 4781 πρὸς
3395 4701 3471 4759 σέ.
3503 4724 3530 4757 n
3572 4735 3642 4744 —

1998 4797 2231 4877 Ἥμέραν
2259 4799 2495 4874 θλίψεως
2527 4800 2625 4868 τὴν
2661 4795 2949 4853 ἐνεστῶσάν
2991 4816 3176 4872 φησιν.

2070 4915 2099 4942 ‹‹
2129 4892 2246 4944 Ὃτι
2305 4888 2607 4959 ἐπήκουσάς
2669 4908 2793 4960 μου.
2825 4906 2852 4938 υ
2887 4918 2956 4927 -
2985 4883 3084 4939 Καὶ
3146 4881 3315 4937 πάλαι
3372 4883 3475 4956 γὰρ
3524 4881 3634 4937 ἱκε-

1994 4978 2240 5034 τεύσαντί
2277 4999 2368 5050 μοι
2399 4978 2498 5046 τήν
2529 4974 2740 5047 αἴτησιν
2773 4973 3030 5034 δέδωκας.

2072 5092 2100 5120 ‹‹
2131 5066 2312 5123 Πάντα
2354 5066 2422 5122 τὰ
2468 5064 2591 5136 ἔθνη
2643 5063 2740 5119 ὅσα
2787 5063 3044 5132 ἐποίησας
3090 5062 3298 5132 ἥξουσι,
3329 5060 3420 5116 καὶ
3467 5080 3636 5134 προσ-

1994 5159 2287 5227 κυνήσουσι
2353 5153 2579 5210 ἐνώπιόν
2648 5175 2763 5225 σου,
2819 5153 3000 5228 Κύριε.
3062 5173 3089 5203 »
3146 5184 3214 5193 —
3268 5155 3436 5205 T0610
3512 5150 3636 5226 περὶ

1993 5252 2093 5315 τῆς
2143 5242 2355 5306 τελείας
2404 5241 2487 5314 εἰ¹η
2545 5242 2604 5298 ἂν
2673 5243 2947 5317 ὑποταγῆς
2987 5239 3234 5295 ἁπάντων
3284 5239 3448 5303 ἐθνῶν
3497 5237 3634 5315 πρὸς

1993 5332 2085 5390 τὸν
2130 5332 2325 5407 Κύριον
2384 5331 2434 5386 ἐν
2485 5337 2564 5405 τῷ
2615 5330 2759 5386 τέλει
2807 5335 2904 5385 106
2942 5329 3212 5406 παρόντος
3244 5329 3440 5391 αἰῶνος
3473 5349 3632 5404 γενη-

1996 5423 2253 5496 σομένης.
2315 5426 2419 5476 Νὖν
2489 5420 2546 5476 δέ
2611 5417 2764 5476 οὔπω
2836 5422 3048 5496 ὁρῶμεν
3127 5419 3272 5492 αὐτῷ
3335 5418 3402 5474 τὰ
3463 5419 3635 5473 πάντα

1997 5512 2263 5587 ὁποτεταγ
2272 5512 2423 5585 μένα.

2071 5626 2092 5652 α
2137 5598 2433 5678 Ὁδήγησόν
2488 5621 2574 5674 με,
2622 5597 2803 5676 Κύριε,
2856 5599 2908 5653 ἐν
2957 5603 3024 5674 τῇ
3075 5596 3184 5671 ὁδῷ
3230 5619 3346 5669 σου,
3390 5594 3480 5650 καὶ
3530 5617 3630 5651 πο-

1996 5690 2254 5765 ρεύσομαι
2304 5688 2355 5743 ἐν
2395 5692 2464 5760 τῇ
2507 5685 2739 5760 ἀληθείᾳ
2793 5709 2908 5743 σου.
2963 5712 2992 5740 ››
3034 5720 3103 5730 -
3147 5685 3294 5742 Ὀδὸν
3346 5684 3489 5760 λέγει
3533 5684 3628 5746 τὰς

1995 5776 2217 5842 ἐντολὰς
2288 5783 2385 5834 106
2450 5777 2671 5855 Κυρίου·
2731 5777 2990 5851 ἀλήθειαν
3054 5774 3111 5832 δέ
3173 5779 3280 5832 τῶν
3339 5771 3628 5851 δογμάτων
