3998 6430
324 403 479 469 εδει

1574 415 1996 483 NIGEPHORI
2037 415 2474 482 BLEMMIDB

3567 416 3732 481 1832

333 536 620 617 ὀρθότητα·
670 540 760 596 καὶ
827 539 1019 607 ἁπλῶς
1056 543 1195 601 αἰτεῖ
1245 550 1344 618 τῆς
1389 569 1450 604 τε
1497 558 1799 624 πρακτικῆς
1850 553 1973 626 ἀρε·
2000 553 2057 620 Α
2086 548 2317 626 ράδοξα;
2368 550 2562 607 Μνείαν
2629 552 2930 622 ποιήσομαι
2996 549 3048 606 ἐν
3091 554 3208 613 τοῖς
3252 548 3585 626 γινώσκουσὶ
3633 564 3724 623 με,

326 636 430 699 τῆς
495 630 585 685 καὶ
642 637 740 700 τῆς
816 642 1155 708 θεωρητικῆς
1228 638 1329 706 τὴν
1398 633 1693 714 ἀκρίϐειαν.
1746 640 1816 695 Τὸ
1872 661 1968 695 πο-

331 717 590 795 ρεύσομαι
620 717 679 775 δὲ
708 720 824 776 ἀντὶ
850 727 946 777 τοῦ
975 725 1292 801 πορευθείην
1329 728 1579 785 τέθειται.

406 831 436 861 ι(
466 808 833 887 Εὐφρανθήτω
893 814 929 882 ἡ
977 812 1172 889 καρδία
1239 836 1344 888 μου
1405 822 1504 871 τοῦ
1571 813 1848 895 φοϐεῖσθαι
1905 823 1967 875 τὸ

324 892 498 971 ὄνομά
562 919 679 984 σου.
738 920 765 953 ι
836 934 903 944 —
949 902 1011 957 Ἡ
1067 903 1166 979 γάρ
1226 902 1438 975 ἀληθὴς
1496 892 1797 984 εὐφροσύνη
1869 913 1967 963 τοῦ

325 984 472 1051 θείου
523 982 695 1065 φόϐου
743 988 882 1043 ἐστὶν
929 992 1306 1066 ἀπογέννημα,
1339 988 1511 1072 φόϐου
1560 982 1819 1066 δηλονότι
1868 1001 1967 1051 τοῦ

320 1075 694 1133 τελειωτικοῦ.
762 1077 1126 1156 Εὐφρανθήτω
1205 1085 1352 1157 γοῦν,
1412 1082 1593 1159 φησίν,
1662 1087 1697 1153 ἡ
1772 1083 1969 1160 καρδίᾳ

326 1186 432 1238 μου
463 1166 521 1220 ἐκ
556 1171 654 1220 τοῦ
701 1162 980 1245 φοϐεῖσθαί
1026 1190 1105 1239 σε,
1134 1169 1281 1226 ἀλλά
1329 1173 1405 1245 μὴ
1447 1171 1505 1227 ἔκ
1533 1194 1681 1236 τινος
1709 1179 1818 1229 τῶν
1867 1179 1966 1230 τοῦ

320 1254 532 1329 κόσμου
559 1260 822 1333 τερπνῶν.

396 1366 426 1397 ιι
457 1347 576 1399 ’Ότι
612 1344 675 1399 τὸ
729 1343 879 1408 ἔλεός
937 1367 1035 1401 σου
1086 1347 1223 1424 μέγα
1293 1349 1376 1404 ἐπ’
1437 1349 1551 1424 ἐμέ·
1602 1351 1691 1406 καὶ
1758 1350 1966 1428 ἐρῥύσω

319 1433 421 1501 τὴν
478 1436 662 1509 ψυχήν
721 1455 825 1508 μου
939 1431 1070 1506 ᾅδου
1099 1439 1431 1495 κατωτάτου.
1471 1463 1492 1490 ι
1530 1472 1597 1482 --
1628 1437 1801 1512 ’ᾍδην
1837 1440 1968 1495 ὑπο-

322 1518 559 1592 ληπτέον
615 1525 923 1579 κατώτατον
990 1526 1164 1581 πάντα
1208 1525 1453 1583 κίνδυνον
1516 1528 1740 1605 ἰσχυρὸν
1778 1550 1965 1602 σωμα-

320 1610 471 1667 τικόν
511 1633 570 1667 τε
596 1611 686 1668 καὶ
715 1613 975 1689 ψυχικόν.

394 1725 424 1752 ι(
454 1707 509 1756 Ὁ
536 1701 687 1771 Θεὸς,
719 1700 1027 1779 παράνομοι
1086 1703 1446 1777 ἐπανέστησαν
1480 1706 1560 1762 ἐπ’
1599 1706 1717 1781 ἐμέ.
1752 1732 1779 1759 ››
1811 1740 1881 1750 -
1905 1708 1970 1762 Οἱ

325 1786 527 1852 ἀδίκως
563 1789 935 1864 πολεμοῦντες
973 1792 1221 1863 αἰσθητοὶ
1250 1796 1341 1850 καὶ
1371 1797 1562 1866 νοητοὶ
1595 1794 1896 1871 δυσμενεῖς.

2074 641 2315 696 τουτέστι
2365 646 2479 704 τοῖς
2523 640 2894 696 πιστεύσουσιν
2938 639 3016 702 εἲς
3065 639 3165 712 ἐμὲ
3202 639 3294 695 καὶ
3339 634 3593 716 ’Δράϐων
3636 639 3729 693 καὶ

2075 724 2460 785 Βαϐυλωνίων·
2510 729 2602 785 καί
2649 729 2983 785 Φιλιοτιαῖοι
3029 728 3120 784 καὶ
3164 728 3349 805 Τύριοι
3400 728 3492 782 καὶ
3533 728 3732 783 Αἰθίο-

2074 840 2171 882 πες
2214 821 2282 874 τά
2329 814 2680 875 εὐσεϐέστατα
2728 817 2858 890 ἔθνη
2904 820 3260 895 τεχθήσονται
3309 815 3401 872 διὰ
3443 819 3550 886 τῆς
3590 818 3726 871 ἀνα-

2073 911 2375 984 γεννήσεως
2420 913 2517 963 τοῦ
2563 908 2706 964 θείου
2774 907 3147 984 βαπτίσματος
3196 906 3326 979 ἐκεῖ,
3374 904 3496 976 ἤως
3558 906 3613 961 ἐν
3661 910 3734 980 τῇ

2076 999 2243 1070 Σιὼν,
2278 997 2451 1061 οὕτως
2481 1003 2649 1053 ταῦτα
2675 994 2972 1072 παράδοξα.

2151 1111 2179 1138 ‹‹
2210 1090 2412 1162 Μήτηρ
2478 1088 2621 1142 Σιὼν
2701 1086 2830 1159 ἐρεῖ·
2889 1087 3210 1159 Ἀνθρωπος
3285 1084 3376 1140 καὶ
3444 1082 3733 1161 ἄνθρωπος

2074 1176 2329 1250 ἐγεννήθη
2400 1175 2451 1230 ἐν
2518 1175 2675 1251 αὐτῇ.
2740 1199 2771 1227 ››
2838 1208 2905 1219 -
2969 1179 3139 1229 Τοῦτο
3205 1174 3329 1249 περὶ
3395 1179 3498 1242 τῆς
3591 1174 3736 1228 Σιὼν

2074 1264 2157 1321 ὅτι
2196 1266 2477 1341 ἄνθρωπος
2527 1264 2589 1320 ἐκ
2632 1263 2834 1328 παντὸς
2879 1263 3063 1326 ἔθνους
3139 1261 3250 1339 ἐρεῖ
3309 1260 3395 1317 ὅτι
3456 1264 3650 1335 μήτηρ
3693 1264 3733 1331 ἡ

2076 1355 2243 1424 Σιὼν,
2306 1350 2424 1422 ἤως
2494 1354 2702 1427 μητέρα
2769 1352 3028 1426 ὀνομάσει
3085 1352 3186 1420 τὴν
3251 1351 3419 1406 Σιών.
3472 1351 3579 1405 Διά
3640 1349 3734 1420 τί;

2075 1442 2224 1498 Διότι
2274 1441 2538 1517 ἐγεννήθη
2590 1441 2642 1498 ἐν
2692 1440 2828 1517 αὐτῇ
2878 1439 2998 1512 ἤως
3045 1441 3098 1496 ἐν
3141 1445 3260 1502 τοῖς
3307 1440 3481 1517 ὁρίοις
3560 1440 3731 1495 αὑτοῦ

2077 1528 2361 1608 ἅνθρωπος
2390 1526 2556 1587 ὄντωι
2582 1532 2648 1587 τὸ
2689 1538 2790 1601 τῆς
2820 1530 3238 1608 ἀνθρωπότητος
3287 1528 3529 1608 φυλάξας
3570 1529 3731 1599 ἀξίω-

2079 1638 2174 1693 μα,
2220 1620 2311 1675 καὶ
2355 1620 2514 1681 αὐτὸς
2562 1620 2591 1675 ὁ
2636 1619 2905 1696 γεννηθεὶς
2958 1618 3009 1674 ἐν
3042 1617 3177 1692 αὐτῇ
3221 1619 3532 1694 ἄνθρωπος,
3563 1617 3731 1680 αὐτὸς

2076 1706 2430 1782 ἐθεμελίωσεν
2482 1708 2649 1778 αὐτὴν
2698 1709 2815 1763 κατ’
2864 1707 3058 1783 ἀρχάς,
3110 1707 3186 1770 ὡς
3253 1707 3493 1777 ποιητὴς
3562 1706 3733 1782 οὐρι-

2074 1802 2171 1852 νοῦ
2216 1798 2307 1853 καὶ
2352 1804 2478 1874 γῆς,
2528 1798 2557 1852 ὁ
2608 1794 2683 1851 ὣν
2733 1796 2959 1871 ὕψιστος
3010 1796 3086 1859 ὡς
3133 1794 3286 1859 Θεός.
3333 1795 3544 1849 Τούτου
3601 1800 3732 1870 γοῦν

396 1879 553 1935 «Καὶ
619 1879 704 1954 σὺ,
761 1880 923 1957 Κύριε
988 1884 1017 1938 ὁ
1078 1884 1207 1947 Θεός
1298 1906 1424 1956 μου,
1501 1886 1819 1962 οἰκτίρμων,
1875 1885 1966 1940 καὶ
1996 1886 2423 1989 Βγεννηθέντος
2479 1885 2532 1941 ἐν
2596 1885 2733 1960 αὐτῇ
2799 1886 2891 1941 καὶ
2957 1892 3056 1954 τῆς
3125 1884 3203 1947 εἰς
3270 1882 3429 1939 αὐτὸν
3490 1882 3736 1945 πίστεως

325 1966 601 2043 ἐλεήμων,
638 1970 987 2045 μακρόθυμος
1015 1972 1105 2027 καὶ
1143 1972 1444 2036 πολυέλεος
1488 1974 1579 2029 καὶ
1617 1973 1901 2044 ἀληθινός.
1939 1999 1961 2025 υ

323 2090 395 2100 -
440 2056 513 2111 Οὐ
570 2056 739 2133 ψεύδῃ
792 2060 893 2136 γὰρ
948 2060 1011 2115 τὸ
1078 2061 1212 2116 εἶναι
1269 2062 1417 2129 Θεὸς,
1476 2063 1547 2125 ὡς
1599 2064 1653 2117 οἱ
1707 2062 1819 2118 θεοὶ
1855 2066 1962 2118 τῶν

325 2145 503 2202 ἐθνῶν·
538 2143 623 2201 διὸ
652 2147 741 2202 καὶ
771 2149 960 2217 σώζεις
994 2147 1124 2212 τοὺς
1162 2148 1480 2221 ἐλπίζοντας
1511 2150 1598 2207 ἐπὶ
1628 2151 1705 2207 σέ.

396 2258 426 2288 ››
468 2229 797 2311 Ἐπίϐλεψον
864 2236 947 2291 ἐπ’
1000 2237 1098 2311 ἐμὲ
1161 2240 1251 2294 καὶ
1308 2239 1531 2311 ἐλέησόν
1605 2259 1691 2315 με·
1752 2238 1841 2302 δὸς
1902 2241 1965 2295 τὸ

326 2325 522 2400 κράτος
566 2345 661 2379 σου
716 2330 795 2397 τῷ
849 2324 1002 2382 παιδί
1057 2349 1153 2382 σου
1200 2328 1289 2383 καὶ
1344 2333 1514 2385 σῶσον
1562 2331 1653 2385 τὸν
1705 2331 1818 2385 υἱὸν
1866 2337 1967 2399 τῆς

326 2410 619 2485 παιδίσκης
676 2435 792 2471 σου.
832 2438 862 2468 ››
910 2449 975 2459 -
1016 2416 1221 2480 Δοῦλός
1269 2438 1364 2473 σου
1411 2420 1512 2495 γάρ
1569 2418 1684 2493 εἶμι
1729 2418 1818 2474 καὶ
1866 2426 1968 2489 τῆς

329 2510 430 2573 σῆς
483 2503 811 2579 θεραπαίνης
877 2504 1014 2577 υἱὸς,
1051 2506 1350 2577 τουτέστιν,
1395 2504 1591 2563 ἄνωθεν
1659 2508 1718 2563 ἐκ
1773 2503 1970 2584 προγό-

325 2612 433 2647 νων
476 2592 579 2647 ὑπὸ
608 2593 708 2662 τήν
741 2594 839 2661 σὴν
881 2590 1190 2650 δεσποτείαν
1215 2593 1381 2653 τελῶ.

406 2705 427 2732 ι
463 2681 699 2751 Ποίησον
758 2685 873 2755 μετ’
917 2682 1052 2756 ἐμοῦ
1117 2691 1343 2758 σημεῖον
1408 2685 1483 2748 εἰς
1540 2686 1752 2762 ἀγαθόν.
1822 2708 1851 2737 ››
1899 2717 1968 2729 -

328 2774 443 2826 Τῶν
493 2770 595 2846 γάρ
635 2771 877 2845 σημείων
914 2774 983 2828 τὰ
1027 2773 1122 2846 μέν
1181 2773 1283 2828 εἶσι
1328 2775 1545 2852 πονηρά
1589 2775 1678 2831 καὶ
1724 2774 1965 2850 ὀλέθρια,

327 2861 600 2915 τουτέστιν
661 2860 890 2916 ἐπίπονα
949 2862 1040 2917 καὶ
1085 2862 1425 2941 ἀφανιστικά,
1473 2865 1548 2927 ὡς
1606 2863 1657 2919 ἐν
1706 2869 1824 2926 τοῖς
1871 2863 1969 2921 Αἱ-

328 2949 598 3027 γυπτίοις,
626 2951 695 3005 τὰ
731 2947 790 3005 δὲ
827 2950 1002 3026 ἀγαθά
1039 2951 1129 3008 καὶ
1167 2956 1433 3029 σωτήρια,
1472 2955 1508 3023 ἢ
1540 2954 1615 3016 ὡς
1640 2952 1972 3029 ἀγαθύνοντα

330 3037 421 3093 καὶ
448 3038 711 3108 σώζοντα.

406 3149 436 3180 ‹‹
466 3127 565 3183 Καὶ
624 3125 879 3185 ἷδέτωσαν
926 3131 977 3185 οἱ
1029 3132 1311 3204 μισοῦντές
1370 3153 1457 3206 με.
1517 3156 1546 3183 ››
1599 3164 1670 3175 -
1716 3125 1972 3208 Ὑπερϐά-

330 3218 463 3286 τῶς,
523 3216 622 3272 Καὶ
674 3214 928 3274 ίδέτωσαν
969 3220 1020 3273 οἱ
1083 3220 1361 3294 μισοῦντές
1409 3242 1475 3295 με
1520 3220 1602 3277 ὅτι
1653 3221 1737 3294 σὺ,
1786 3219 1969 3295 Κύριε,

334 3302 635 3376 ἐϐοήθησάς
671 3327 764 3379 μοι
802 3305 893 3362 καῖ
921 3307 1289 3385 παρεκάλεσάς
1332 3331 1419 3384 με.

406 3419 436 3447 ιι
477 3394 576 3450 Καὶ
617 3394 1081 3473 αίσχυνθήτωσαν,
1151 3396 1232 3454 ὅτι
1299 3398 1384 3467 σὺ,
1435 3400 1615 3474 Κύριε,
1665 3393 1972 3470 ἐϐοήθησάς

341 3504 434 3557 μοι
488 3484 579 3538 καὶ
626 3484 998 3561 παρεκάλεσάς
1042 3507 1127 3560 με.
1157 3511 1186 3539 ›)
1228 3520 1295 3531 -
1350 3486 1699 3563 Παράκλησιν
1737 3490 1837 3557 τήν
1878 3490 1976 3561 ψυ-

337 3570 617 3649 χαγωγίαν
683 3572 843 3628 καλεῖ
897 3580 1099 3648 σημεῖα
1137 3573 1195 3630 δὲ
1245 3575 1321 3639 εἷς
1368 3576 1564 3652 ἀγαθὸν
1615 3577 1681 3631 τὰ
1733 3580 1831 3632 τοῦ
1869 3580 1977 3631 Πα-

341 3657 616 3737 ρακλήτου
646 3661 960 3737 χαρίσματά
988 3663 1127 3718 ἐστιν
1167 3660 1354 3727 ὅντως·
1385 3669 1554 3720 ταῦτα
1600 3664 1703 3741 γὰρ
1756 3665 1808 3719 οἳ
1858 3662 1974 3720 δαί-

342 3769 503 3823 μονες
531 3748 765 3823 μάλιστα
790 3748 1124 3829 [φοϐοῦνται]
1137 3796 1148 3807 .

930 3882 1227 3934 ΨΑΛΜΟΣ
1267 3880 1380 3948 112:.

417 3984 437 4013 ι
480 3966 605 4025 Τοῖς
671 3963 812 4026 υἱοῖς
875 3966 1033 4041 Κορὲ,
1087 3964 1307 4040 ψαλμὸς
1370 3964 1541 4040 ᾠδῆς.
1602 4000 1670 4012 -
1736 3972 1980 4043 Προαγο-

342 4049 482 4127 ρεύει
528 4050 627 4121 τὴν
667 4053 916 4127 γέννησιν
964 4059 1061 4109 τοῦ
1100 4060 1334 4130 Χριστοῦ
1381 4057 1472 4112 καὶ
1517 4057 1616 4125 τὴν
1661 4061 1769 4112 τῶν
1817 4055 1977 4111 ἐθνῶν

339 4139 630 4218 σωτηρίαν.

412 4255 441 4282 ι(
482 4232 547 4285 Οἱ
623 4228 867 4305 θεμέλιοι
940 4231 1104 4287 αὐτοῦ
1181 4233 1231 4287 ἐν
1302 4238 1416 4296 τοῖς
1482 4230 1628 4309 ὄρεσι
1695 4233 1895 4309 ἀγίοις.
1952 4258 1973 4285 ι

340 4318 693 4393 -Θεμέλιοι
759 4319 936 4391 αὐτεῦ,
984 4319 1223 4376 τουτέστι
1289 4326 1384 4376 τοῦ
1443 4327 1675 4399 Χριστοῦ
1734 4324 1801 4377 τὰ
1856 4323 1979 4397 περὶ

341 4408 505 4465 αὐτοῦ
554 4406 815 4486 δόγματα·
853 4414 1022 4466 ταῦτα
1058 4411 1162 4487 γὰρ
1222 4406 1501 4488 ὑπόϐαθρα
1546 4412 1636 4466 καὶ
1705 4414 1982 4487 στήριγμα

340 4499 430 4555 καὶ
480 4497 601 4575 ῥίζα
646 4506 746 4569 τῆς
794 4499 870 4563 εἷς
919 4499 1077 4555 αὐτὸν
1119 4500 1377 4562 πίστεως.
1426 4502 1561 4577 ’Όρη
1632 4498 1691 4556 δὲ
1756 4502 1880 4577 ἅγια
1928 4501 1979 4555 οἱ

343 4586 639 4644 ἀπόστολοι
697 4589 773 4651 ὡς
821 4588 1034 4667 στεῤῥοὶ
1082 4591 1180 4660 τὴν
1228 4589 1408 4646 πίστιν
1454 4591 1545 4646 καὶ
1593 4590 1979 4668 ἐπερηρεισμέ-

342 4697 425 4732 νοι
470 4682 673 4753 γεηρᾶς
721 4663 960 4754 σχέσεως
1019 4679 1109 4735 καὶ
1154 4679 1229 4742 ὡς
1280 4678 1649 4758 ἀφωρισμένοι
1690 4663 1839 4751 Θεῷ,
1888 4663 1983 4735 καὶ
2014 4663 2062 4728 D

342 4765 656 4839 Πνεύματος
689 4767 846 4843 ἁγίου
875 4767 1325 4843 πεπληρωμένοι.

416 4880 446 4909 ‹‹
477 4853 810 4930 Δεδοξαμένα
839 4856 1084 4929 ἐλαλήθη
1114 4857 1239 4933 περὶ
1271 4860 1438 4929 σοῦ,ἠ
1469 4857 1634 4921 πόλις
1665 4861 1760 4913 τοῦ
1782 4861 1983 4915 Θεοῦ.»

341 4976 412 4986 -
468 4942 749 5020 Παράδοξα
797 4944 1042 5018 ἐλαλήθη
1099 4966 1192 5020 μοι
1241 4946 1388 5023 παρά
1433 4946 1636 5024 Κυρίου
1702 4947 1828 5021 περὶ
1887 4951 1985 5001 σοῦ

339 5039 441 5103 τῆς
470 5028 576 5087 ἄνω
617 5034 783 5089 Σιών.

416 5144 446 5174 ι(
478 5122 686 5196 Ἀγαπᾷ
761 5124 957 5191 Κύριος
1022 5124 1117 5187 τὰς
1179 5123 1356 5187 πύλας
1416 5126 1557 5179 Σιὼν
1617 5124 1749 5199 ὐπὶρ
1813 5123 1987 5180 πάντα

340 5214 410 5269 τὰ
459 5213 790 5286 σκηνώματα
829 5210 1040 5272 Ἰακώϐ.
1101 5238 1131 5266 ››
1170 5248 1239 5257 -
1284 5215 1387 5277 Τὰς
1435 5215 1570 5270 κατά
1616 5214 1782 5269 τόπον
1833 5214 1986 5289 ἁγίας

342 5300 635 5372 ἐκκλησίας
682 5300 859 5365 πύλας
914 5301 1085 5359 εἱίτουν
1152 5301 1392 5365 εἰσόδους
1466 5299 1649 5379 εἶ’ρηκε
1715 5311 1813 5374 τῆς
1876 5304 1988 5358 ἅνω

346 5393 515 5462 Σιών,
582 5391 879 5467 Ἀγαπήσει
945 5394 1059 5465 (ΔΙ.
1140 5393 1412 5469 ἀγαπήσῃ(
1470 5395 1599 5456 Θεὸς
1666 5394 1773 5463 (ΑΙ.
1850 5395 1986 5468 Θεῷ)

343 5483 491 5559 παρά
540 5481 711 5544 πάσας
759 5481 853 5543 τὰς
901 5480 1092 5543 πόλεις
1151 5487 1258 5537 τῶν
1309 5480 1612 5538 Ἰουδαίων.
1664 5481 1988 5553 Ἐκκλησίας

342 5572 432 5629 καὶ
472 5571 663 5634 πόλεις
690 5572 787 5633 τὰς
809 5572 1120 5646 συναγωγὰς
1163 5571 1273 5626 νόει
1310 5593 1402 5645 μοι
1432 5577 1538 5627 τῶν
1568 5570 1738 5629 λαῶν.

416 5688 445 5717 ι(
477 5664 868 5735 Μνησθήσομαι
929 5655 1089 5716 Ῥαὰϐ
1139 5660 1228 5715 καὶ
1278 5656 1599 5723 Βαϐυλῶνος
1662 5667 1779 5723 τοῖς
1826 5662 1990 5739 γινώ-

343 5753 534 5811 σκουσί
568 5775 654 5830 με.
690 5777 720 5807 ››
745 5785 815 5797 ——-
852 5750 979 5807 Τίνα
1013 5750 1081 5805 τὰ
1131 5747 1429 5824 λαληθέντα
1476 5747 1580 5805 ὐπὸ
1629 5750 1831 5827 Κυρίου
1884 5770 1990 5806 πα-

2075 1974 2128 2030 ἐν
2195 1975 2331 2049 αὐτῇ
2401 1970 2682 2045 λαϐούσης
2751 1975 2853 2044 τήν
2926 1975 3150 2049 πρώτην
3217 1972 3420 2049 ἀρχὴν,
3497 1967 3732 2035 εἲκότως

2076 2064 2323 2119 ἁπάντων
2350 2068 2455 2119 τῶν
2488 2069 2692 2119 πιστῶν
2724 2065 2909 2139 μήτηρ
2940 2062 3078 2133 αὐτή
3112 2061 3251 2118 ἐστιν
3283 2064 3321 2132 ἡ
3352 2062 3521 2118 Σιών.

2149 2176 2177 2205 ‹‹
2209 2152 2405 2229 Κύριος
2458 2150 2779 2228 διηγήσεται
2827 2151 2879 2207 ἐν
2922 2155 3106 2229 γραφῇ
3158 2149 3326 2223 λαῶν,
3372 2149 3464 2204 καὶ
3515 2151 3725 2227 ἀρχόν-

2072 2262 2180 2296 των
2246 2242 2451 2297 τούτων
2518 2246 2624 2296 τῶν
2693 2239 3074 2317 γεγενημένων
3141 2238 3192 2294 ἐν
3260 2238 3420 2313 αὐτῇ.
3471 2262 3499 2291 »ι
3553 2272 3624 2281 -
3671 2240 3729 2294 ’0

2074 2328 2304 2405 Χριστὸς
2374 2327 2570 2401 διδάξει
2642 2330 2711 2385 τὰ
2782 2329 2905 2404 περὶ
2986 2329 3149 2385 αὐτοῦ
3207 2327 3257 2383 ἐν
3318 2333 3499 2405 γραφῆ
3555 2325 3727 2401 λαῶν,

2072 2414 2189 2489 ﬁt»;
2240 2415 2329 2474 διὰ
2372 2423 2471 2488 τῆς
2519 2425 2735 2496 γραφῆς
2778 2422 2886 2473 τῶν
2940 2416 3087 2473 λαῶν
3134 2421 3243 2472 τῶν
3313 2415 3616 2492 τεχθέντων
3668 2416 3722 2472 ἐν

2075 2508 2232 2578 αὐτῆ,
2263 2506 2380 2578 ἤως
2406 2509 2475 2578 τὴ
2527 2509 2670 2563 Σιὼν
2715 2508 2806 2562 καὶ
2853 2511 2960 2562 τῶν
3006 2506 3288 2583 ἀρχόντων
3338 2505 3539 2560 αὐτῶν.
3571 2504 3723 2581 Λέγω

2077 2594 2136 2652 δὲ
2176 2598 2358 2675 γραφή
2406 2598 2506 2667 τὴν
2554 2597 2924 2675 προφητικὴν,
2965 2596 3064 2665 τήν
3118 2593 3300 2670 ὥσπερ
3346 2593 3469 2649 τινὰ
3512 2592 3724 2669 κλῆρον

2078 2683 2319 2741 δοθεῖσαν
2380 2692 2499 2748 τοῖς
2572 2682 2851 2747 Ἰουδαίοις
2921 2685 3135 2740 ἅπασιν.
3186 2680 3524 2759 Ἐπληρώθη
3590 2679 3650 2737 δὲ
3687 2686 3723 2753 ἠ

2077 2774 2379 2854 πρόρρησις
2425 2774 2584 2848 αὕτη,
2632 2773 2723 2830 ὅτε
2788 2770 3018 2845 ἐπεδόθη
3086 2776 3166 2845 τῷ
3230 2776 3452 2848 Χριστῷ
3512 2766 3717 2846 βιϐλίον

2077 2863 2299 2920 Ἡσαΐου
2343 2868 2441 2919 τοῦ
2486 2865 2793 2942 προφήτου,
2839 2862 2930 2917 καὶ
2998 2862 3209 2933 ἀνοίξας
3253 2861 3319 2917 τὸ
3374 2855 3589 2936 βιϐλίον
3631 2859 3710 2914 ἔνο

2074 2955 2257 3008 τεῦθεν
2300 2951 2505 3024 ἐδίδαξε
2546 2953 2671 3029 περὶ
2722 2951 2933 3023 ἐαυτοῦ,
2977 2951 3069 3005 καὶ
3126 2949 3218 3006 ὅτε
3281 2950 3613 3027 ἡρμήνευσεν
3654 2947 3706 3002 ἐν

2078 3045 2275 3105 πάσαις
2304 3047 2423 3105 ταῖς
2452 3046 2688 3121 Γραφαῖς
2713 3040 2781 3097 τά
2806 3041 2930 3117 περὶ
2961 3041 3171 3096 ἑαυτοῦ.

2153 3156 2182 3184 ‹‹
2212 3133 2300 3194 Ὠς
2348 3129 2780 3210 εὐφραινομένων
2826 3129 3035 3185 πάντων
3085 3129 3121 3197 ἡ
3170 3126 3425 3183 κατοικία
3475 3125 3524 3182 ἐν
3562 3124 3659 3183 σοί.
3688 3150 3715 3177 ιι

2084 3254 2153 3264 --
2178 3225 2345 3276 Τοῦτο
2392 3218 2557 3276 πάλιν
2582 3226 2683 3289 τῆς
2714 3216 2825 3273 ἄνω
2875 3220 3042 3291 Σιὼν,
3071 3215 3163 3272 καί
3204 3236 3367 3296 φησιν
3417 3213 3504 3272 ὅτι
3532 3220 3726 3277 ιὌντως

2004 3293 2048 3362 C
2086 3309 2139 3365 ἐν
2196 3308 2279 3364 σοὶ
2340 3304 2483 3363 ἔσται
2530 3311 2566 3378 ἠ
2634 3309 2772 3381 μονὴ
2841 3306 2932 3361 καὶ
2989 3293 3283 3367 ἀνάπαυσις
3353 3305 3574 3360 πάντων
3627 3308 3728 3359 τῶν

2082 3397 2535 3477 εὐφραινομένων·
2570 3396 2772 3471 ἀθυμία
2797 3396 2899 3473 γὰρ
2925 3392 3129 3470 ἀπέδρα
3159 3400 3304 3449 πᾶσα
3332 3393 3442 3449 ἀπὸ
3472 3397 3594 3449 σοῦ’.

2673 3558 2977 3614 ΨΔΛΜΟΣ
3018 3557 3139 3612 Πῖ.

2159 3725 2188 3755 ιι
2219 3699 2350 3781 ’ῼδή
2376 3698 2600 3775 ψαλμοῦ
2623 3704 2741 3761 τοῖς
2771 3699 2911 3761 υἱοῖς
2960 3698 3119 3773 Κορὲ,
3152 3697 3228 3759 εὶς
3273 3697 3338 3751 τὸ
3383 3696 3548 3759 τέλος
3599 3696 3740 3771 ὐπὶρ

2084 3790 2296 3849 Μαελέθ
2342 3793 2439 3845 τοῦ
2488 3789 2847 3864 ἀποκριθῆναι
2899 3784 3061 3863 λόγον
3111 3786 3377 3848 συνέσεως
3429 3784 3621 3859 Αἷμάν
3665 3790 3744 3857 τῷ

2085 3877 2417 3958 Ἰσραηλίτῃ.
2454 3901 2477 3929 ι
2512 3877 2591 3935 Τὸ
2622 3876 2754 3953 ὑπὲρ
2784 3874 2999 3933 Μαελὶθ
3046 3874 3165 3930 ἀντὶ
3211 3878 3311 3929 τοῦ
3355 3870 3451 3929 διὰ
3496 3894 3738 3949 χορευ...

2087 3966 2227 4024 εἶδον
2274 3968 2376 4045 γὰρ
2420 3965 2511 4021 καὶ
2560 3965 2611 4021 ἐν
2657 3969 2740 4037 τῷ
2784 3964 3148 4040 ἀποκριθῆναι
3192 3963 3330 4039 πρὸς
3380 3962 3486 4031 τὴν
3538 3959 3616 4017 δι’
3648 3963 3737 4037 ὀρ-

2085 4058 2247 4134 γάνου
2311 4056 2574 4129 μουσικὴν
2626 4052 2908 4130 ἐχόρευον.
2960 4051 3135 4126 Δίμὰν
3200 4048 3258 4107 δὲ
3320 4049 3403 4107 ὅτι
3455 4050 3521 4106 οὐ
3581 4051 3745 4123 μόνον

2084 4150 2204 4209 τοῖς
2259 4145 2399 4207 υἱοῖς
2455 4143 2593 4220 Κορὲ
2642 4144 2670 4198 ὁ
2734 4140 2959 4216 ψαλμὸς
3021 4137 3406 4214 παραδέδοται,
3456 4136 3611 4196 ἀλλὰ
3654 4141 3745 4195 καὶ

2087 4234 2272 4312 ἐτερ...
2324 4229 2568 4309 ἀρχῳδῷ
2614 4231 2815 4305 Δίμάν,
2866 4229 3047 4304 ὥσπερ
3097 4230 3126 4285 ὁ
3181 4227 3316 4302 μετὰ
3359 4232 3559 4284 τοῦτον
3593 4228 3739 4302 μόνῳ

2086 4328 2165 4396 τῷ
2209 4322 2411 4397 Αἶθάμ.
2465 4320 2797 4398 Ἰσραηλῖται
2847 4322 2940 4375 καὶ
2984 4320 3151 4397 ἄμφω
3181 4317 3491 4397 ἐγράφησαν
3548 4315 3646 4373 διὰ
3680 4318 3747 4372 τὸ

2087 4412 2363 4468 καλεῖσθαι
2393 4411 2482 4466 καὶ
2526 4408 2867 4488 ἀλλοφύλοις
2910 4413 3029 4471 τοῖς
3071 4407 3301 4481 ὀνόμασι
3331 4406 3579 4469 τούτοις.
3613 4413 3747 4461 Συν-

2089 4502 2254 4565 έσεως
2306 4498 2364 4555 δὲ
2412 4497 2494 4554 δεῖ
2548 4500 2639 4553 καὶ
2709 4497 2933 4555 ἐνταῦθα
2998 4503 3285 4571 μυστικῆς,
3339 4492 3512 4566 οὔσης
3568 4516 3745 4572 προα-

2088 4589 2395 4666 γορεύσεως
2425 4589 2551 4665 περὶ
2583 4590 2811 4653 θανάτου
2834 4591 2932 4642 τοῦ
2962 4589 3219 4663 Χριστοῦ.

2163 4702 2192 4734 ‹‹
2226 4678 2392 4755 Κύριε
2423 4680 2450 4733 ὁ
2478 4685 2611 4740 Θεος
2639 4684 2740 4747 τῆς
2771 4676 3044 4751 σωτηρίας
3080 4692 3209 4749 μου,
3239 4670 3455 4752 ἡμέρας
3487 4673 3747 4751 ἐκέκραξα

2090 4770 2181 4825 καὶ
2210 4768 2262 4824 ἐν
2292 4768 2443 4823 νυκτὶ
2476 4765 2706 4822 ἐνώπιόν
2759 4788 2879 4823 σου.
2913 4789 2942 4819 ﬁ
2982 4799 3052 4807 _
3079 4766 3138 4820 t0
3187 4763 3466 4834 Δεσπότης
3511 4765 3749 4837 Χριστὸς

2091 4857 2287 4934 Κύριον
2343 4856 2472 4912 Θεὸν
2541 4855 2633 4910 καὶ
2705 4862 2940 4929 Σωτῆρα
2981 4853 3143 4910 καλεῖ
3212 4854 3306 4909 τὸν
3380 4853 3604 4929 Πατέρα
3672 4853 3747 4915 ὡς

2094 4944 2397 5023 ἅνθρωπος.
2433 4946 2531 5001 Διά
2569 4942 2625 5001 δὲ
2669 4949 2767 5000 τοῦ
2808 4944 2991 5020 ἡμέρα
3030 4942 3121 4998 καὶ
3172 4941 3224 4999 ἐν
3266 4940 3419 4999 νυκτὶ
3467 4938 3643 5013 δηλοῖ
3685 4942 3747 4997 τὸ

2095 5034 2410 5098 διαπαντός.

2170 5148 2193 5176 ι
2225 5125 2342 5179 Ὃτι
2405 5119 2654 5193 ἐπλήσθη
2702 5126 2878 5177 κακῶν
2930 5123 2966 5191 ἡ
3013 5122 3167 5196 ψυχή
3222 5137 3350 5194 μου·
3403 5118 3495 5175 καὶ
3542 5121 3581 5189 ἡ
3635 5121 3749 5190 ζωή

2099 5234 2204 5288 μου
2253 5211 2332 5285 τῷ
2369 5209 2470 5287 ᾅδῃ
2524 5208 2745 5287 ἤγγισε.
2804 5235 2833 5263 ››
2884 5242 2954 5253 —-
3001 5213 3192 5265 Κακῶν
3237 5206 3369 5279 ἤτοι
3427 5213 3748 5265 κακωτικῶν

2096 5302 2384 5375 λυπηρῶν⁴
2419 5325 2448 5353 ‹‹
2481 5298 2786 5377 Περίλυπος
2817 5300 2943 5377 γὰρ,
2975 5297 3163 5376 φησὶν,
3194 5301 3233 5369 ἡ
3262 5300 3419 5376 ψυχή
3483 5317 3589 5373 μου
3645 5296 3751 5359 ἓως

2096 5390 2339 5448 θανάτου·
2374 5414 2402 5443 ››
2435 5387 2569 5461 ᾅδην
2599 5391 2703 5467 γὰρ
2733 5393 2825 5445 νῦν
2856 5389 2946 5445 τὸν
2976 5390 3200 5443 θάνατον
3239 5388 3617 5461 ὑποληπτέον.

2169 5506 2198 5533 ‹‹
2230 5478 2671 5556 Προσελογίσθην
2741 5473 2884 5552 μετὰ
2954 5481 3059 5533 τῶν
3144 5471 3585 5533 καταϐαινόντων
3676 5476 3749 5536 εἷς

2100 5570 2320 5627 λάκκον.
2374 5592 2404 5621 ››
2454 5601 2519 5610 -
2579 5569 3009 5644 Συνηριθμήθην
3073 5566 3209 5639 μετά
3290 5571 3401 5622 τῶν
3476 5566 3746 5640 θαπτομέ-

2098 5680 2223 5716 νων·
2255 5660 2446 5721 πάντες
2475 5656 2576 5735 γὰρ
2607 5657 2828 5737 ἀφέντες
2856 5655 3016 5712 αὐτὸν
3049 5652 3269 5735 ἔφυγον.

2172 5773 2203 5803 ‹‹
2235 5748 2553 5826 Ἐγεννήθην
2611 5747 2743 5804 ὡσεὶ
2816 5743 3101 5823 ἄνθρωπος
3177 5740 3500 5821 ἀϐοήθητος
3565 5745 3617 5805 ἐν
3668 5764 3745 5801 νε-
