3998 6418
227 440 382 506 1833

1431 444 1843 510 EXPOSITIO
1883 441 1964 506 ΙΝ
2008 442 2398 507 PSALMOS.

3463 440 3621 504 1834

225 578 381 651 κροῖς
454 572 732 653 ἐλεύθερος
787 621 799 636 .
859 601 884 631 ι
960 608 1029 620 --
1099 579 1197 640 Ἥς
1279 579 1412 651 μετά
1480 582 1585 635 τῶν
1660 580 1861 654 νεκρῶν
1895 578 1950 644 Α
1979 574 2110 648 ὑπὲρ
2137 576 2295 648 ἡμῶν
2321 579 2428 630 τῶν
2455 573 2579 652 πρὶν
2630 569 3048 653 ἀπερριμμένων
3079 571 3168 629 καὶ
3209 572 3557 650 ὠργισμένων
3590 574 3621 630 6

228 661 510 741 ἐλεύθερος
560 671 683 735 ἦτοι
733 664 987 729 ἀναίτιοςο
1042 664 1316 741 ἐπιτίμιον
1364 670 1464 745 γὰρ
1521 665 1785 744 ἁμαρτίας
1843 664 1871 718 6

232 750 483 817 θάνατος.

304 863 335 893 ‹‹
385 841 526 896 Ὧσεὶ
604 841 926 919 τραυματίαι
981 840 1325 908 κατεόδοντες
1389 843 1440 899 ἐν
1496 842 1669 919 τάφῳ.
1724 867 1752 895 ››
1804 874 1874 885 -

235 929 558 1005 Ἐγεννήθην
626 931 699 993 ὡς
805 931 1328 1005 τετραυματισμένος
1391 977 1406 1003 ,
1490 933 1737 1005 κείμενος
1820 931 1871 987 ἐν

228 1018 385 1096 τάφῳ
433 1016 525 1073 καὶ
583 1020 674 1073 τὸν
726 1017 891 1074 ὕπνον
937 1024 1035 1074 τοῦ
1094 1021 1317 1084 θανάτου
1381 1021 1689 1092 ὑπνώττων,
1757 1019 1873 1090 ἥως

233 1106 288 1160 οἱ
339 1105 388 1178 ἐξ
447 1106 763 1183 ἀναιρέσεως
820 1115 918 1179 τῆς
984 1108 1043 1163 ἐκ
1096 1108 1419 1183 τραυμάτων
1489 1106 1579 1164 καὶ
1645 1108 1871 1186 πληγῶν

234 1193 664 1266 ἀποθνήσκοντες
685 1198 775 1251 καὶ
810 1199 885 1270 μή
918 1202 1176 1275 φυσικῶς.

304 1307 334 1335 ‹‹
364 1285 459 1338 Ὧν
512 1284 613 1339 οὐκ
660 1284 933 1359 ἐμνήσθης
973 1282 1071 1358 ἔτι,
1121 1285 1211 1341 καὶ
1260 1286 1414 1342 αὐτοὶ
1460 1286 1520 1343 ἐκ
1557 1293 1659 1358 τῆς
1688 1286 1876 1364 χειρός

234 1392 336 1426 σου
382 1371 710 1443 ἀπώσθησαν
741 1417 754 1430 .
816 1397 845 1426 ››
897 1406 969 1417 --
1039 1382 1137 1429 ’Ὠν
1206 1374 1446 1449 ἐμνήσθη
1520 1372 1673 1431 οὔπω
1742 1375 1879 1432 ὥστε

236 1463 452 1529 ζωῶσαι
499 1459 711 1532 αὐτοὺς,
769 1461 858 1517 καὶ
908 1460 998 1518 διὰ
1051 1466 1212 1519 τοῦτο
1270 1463 1512 1535 ἐξέπεσον
1578 1463 1733 1520 αὐτοὶ
1776 1472 1877 1536 τῆς

234 1551 334 1618 σῆς
384 1547 754 1625 ἀντιλήψεως,
825 1550 940 1606 ἐπεὶ
1006 1550 1273 1609 ἐπελάθου
1338 1553 1512 1609 αὐτῶν
1557 1597 1568 1613 .
1634 1554 1733 1608 Καὶ
1792 1552 1881 1610 διὰ

229 1642 340 1693 τῶν
380 1638 645 1695 τοιούτων
710 1636 767 1695 δέ
831 1639 1012 1716 λόγων
1073 1641 1318 1721 ἐμφαίνει
1369 1644 1467 1713 τὴν
1524 1643 1877 1718 οἰκονομικὴν

232 1725 605 1804 ἐγκατάλειψιν
615 1773 628 1786 .

311 1838 341 1868 ι(
397 1815 621 1880 Ἔθεντό
675 1838 740 1891 με
798 1816 851 1871 ἐν
932 1818 1121 1891 Λάκκῳ
1174 1817 1468 1893 κατωτάτῳ
1498 1864 1514 1892 ,
1573 1820 1626 1876 ἐν
1669 1822 1881 1895 σκοτείᾳ

1979 663 2252 732 Δεσπότης
2283 663 2433 742 φησί.
2606 732 2611 735 _

2054 776 2082 804 ‹‹
2113 752 2345 829 Πτωχός
2405 752 2520 825 εἰμι
2573 752 2678 829 ἐγὼ
2735 751 2824 807 καὶ
2890 752 2942 807 ἐν
3000 750 3191 814 κόποις
3249 751 3311 807 ἐκ
3366 751 3621 823 νεότητός

1985 861 2114 914 μου.
2152 864 2181 893 ››
2219 875 2288 883 -
2341 839 2505 896 Τόσον
2564 840 2663 917 γὰρ
2722 841 2789 909 ἦν
2847 839 3012 911 πένης
3068 840 3096 895 6
3152 838 3351 916 Κύριος
3405 840 3481 903 ὡς
3543 842 3620 914 μῆ

1980 925 2128 1006 ἔχειν
2183 931 2281 999 τὴν
2340 928 2583 1007 κεφαλὴν
2640 934 2746 985 ποῦ
2796 927 3020 1000 κλίνειν,
3077 929 3165 984 καὶ
3222 927 3393 991 οὕτως
3450 931 3517 999 ἢν
3568 928 3619 985 ἐν

1981 1019 2172 1081 κόποις
2232 1019 2283 1090 ἐξ
2342 1018 2507 1089 αὐτῆς
2562 1025 2662 1088 τῆς
2719 1016 2847 1094 ἄγαν
2904 1017 3180 1089 νεότητος,
3242 1018 3318 1080 ὡς
3370 1017 3420 1088 ἐξ
3452 1017 3624 1073 αὐτῶν

1984 1109 2303 1185 σπαργάνων
2332 1103 2819 1181 ἐπιϐουλευόμενός
2847 1128 2907 1162 τε
2933 1106 3024 1162 καὶ
3056 1104 3390 1181 διωκόμενος
3439 1104 3629 1163 διόλου

1981 1195 2345 1274 ταλαιπωρῶν
2356 1242 2368 1253 .

2056 1308 2086 1338 ‹‹
2118 1286 2378 1361 Ὑψωθεὶς
2437 1285 2495 1340 δέ
2541 1285 2929 1356 ἐταπεινώθην.
2993 1308 3015 1337 η
3078 1317 3148 1326 ——
3202 1287 3440 1358 ’Ύψωσιν
3498 1306 3629 1356 νοη-

1983 1373 2101 1430 τέον
2136 1374 2195 1429 ἐκ
2225 1380 2332 1430 τῶν
2391 1375 2676 1449 θαυμάτων
2724 1374 2815 1429 καὶ
2862 1375 2960 1444 τὴν
3002 1372 3090 1428 ἐπὶ
3141 1377 3392 1449 σταυροῦ·
3440 1373 3627 1430 ταπεί-

1985 1483 2147 1518 νωσιν
2178 1464 2278 1532 τὴν
2305 1462 2365 1518 ἐκ
2388 1468 2495 1519 τῶν
2525 1463 2851 1539 ἐμπαιγμῶν
2878 1462 2967 1517 καὶ
2999 1459 3310 1539 λοιδοριῶν,
3340 1460 3430 1518 καὶ
3460 1462 3627 1532 αὐτὴν

1983 1552 2084 1621 τὴν
2117 1552 2281 1628 μέχρι
2313 1551 2539 1616 θανάτου
2567 1552 2657 1607 καὶ
2683 1555 2876 1630 ταφῆς.

2060 1663 2090 1692 ‹‹
2118 1642 2217 1696 Καὶ
2249 1640 2617 1716 ἐξηπορήθην.
2652 1665 2680 1694 ››
2710 1675 2780 1684 -
2828 1640 2961 1712 Δόξα
3004 1642 3077 1715 (?)
3127 1639 3218 1695 καὶ
3267 1641 3468 1718 ἄπορος
3503 1639 3634 1716 βοη-

1987 1726 2244 1793 θείαςοδιὸ
2300 1731 2389 1786 καὶ
2447 1728 2670 1806 ἔλεγονο
2740 1752 2768 1786 ι
2821 1731 2990 1809 ’Ἄφες
3057 1725 3259 1803 ἴδωμεν
3315 1728 3361 1785 εἰ
3412 1727 3630 1807 ἔρχεται

1987 1818 2178 1881 Ἠλίας
2205 1820 2392 1875 σώσων
2421 1819 2601 1877 αὐτόν.
2636 1845 2663 1873 ››

234 1905 325 1960 καὶ
369 1903 421 1959 ἐν
469 1909 594 1977 σκιᾷ
652 1905 901 1971 θανάτου.
950 1930 982 1959 ››
1012 1939 1081 1950 -
1128 1907 1227 1963 Τὸν
1268 1911 1435 1987 τάφον
1488 1911 1620 1987 φησὶ
1680 1910 1876 1967 λάκκον
1914 1948 1962 2014 Β
2062 1932 2092 1960 (‹
2122 1909 2238 1963 Ἐπ’
2294 1907 2393 1981 ἐμὲ
2449 1906 2673 1979 διῆλθον
2724 1909 2780 1963 αἱ
2826 1907 2981 1985 ὀργαί
3029 1928 3146 1980 σου,
3194 1909 3245 1963 οἰ
3302 1902 3633 1987 φοϐερισμοί

233 1994 537 2070 κατώτερον
583 1994 673 2050 καὶ
728 1994 932 2058 τόπους
997 1996 1298 2060 σκοτεινοὺς
1336 1999 1427 2053 καὶ
1477 1998 1644 2054 νύκτα
1699 1998 1831 2065 θανά
1859 2035 1882 2045 -

234 2100 353 2150 του,
390 2081 683 2154 τουτέστιν,
716 2084 783 2154 ἢν
814 2083 843 2137 6
875 2084 1101 2148 θάνατος
1122 2087 1387 2161 προξενεῖ.

314 2212 338 2240 ι
373 2190 489 2244 Ἐπ’
547 2189 645 2264 ἐμέ
695 2188 994 2267 ἐστηρίχθη
1056 2192 1085 2246 6
1140 2191 1312 2266 θυμός
1369 2215 1484 2267 σου,
1544 2198 1634 2251 καὶ
1687 2196 1885 2260 πάντας

244 2275 371 2339 τοὺς
423 2279 829 2356 μετεωρισμούς
901 2301 998 2334 σου
1062 2279 1333 2357 ἐπήγαγες
1410 2282 1492 2337 ἐπ’
1565 2283 1682 2358 ἐμέ.
1733 2308 1763 2337 >>
1819 2318 1890 2327 -

243 2363 425 2437 Θυμὸν
478 2369 612 2421 Θεοῦ
673 2365 783 2422 νόει
845 2387 939 2439 μοι
997 2367 1096 2436 τὴν
1174 2367 1541 2444 ἐπενεχθεῖσαν
1603 2376 1683 2443 τῷ
1749 2371 1889 2448 γένει

240 2456 349 2508 τῶν
401 2454 702 2531 ἀνθρώπων
741 2459 841 2509 τοῦ
888 2454 1116 2510 θανάτυυ
1167 2456 1420 2533 κατάραν,
1474 2457 1536 2527 ἢν
1596 2459 1624 2513 6
1655 2459 1891 2537 Χριστὸς

249 2540 327 2604 εἰς
359 2541 544 2598 ἐαυτὸν
594 2541 662 2598 δι’
711 2546 860 2616 ἡμᾶς
913 2539 1256 2615 κατεδέξατο.
1291 2545 1368 2602 Τὸ
1417 2543 1475 2601 δέ
1523 2546 1889 2625 ἐπεστηρίχθη

250 2627 367 2685 ἀντί
420 2636 518 2686 τοῦ
573 2627 875 2709 ἐπεϐάρησε
931 2631 1184 2707 τέθειται,
1240 2630 1329 2689 διὰ
1371 2639 1468 2690 τοῦ
1515 2636 1740 2692 θανάτου
1794 2641 1893 2692 τοῦ

251 2726 539 2793 σταυρικοῦ
566 2719 702 2797 βαρὺ
732 2720 821 2776 καὶ
854 2718 1134 2794 ἐπίμονον.

321 2832 352 2862 ‹‹
386 2809 723 2884 Ἐμάκρυνας
767 2808 895 2871 τοὺς
948 2810 1219 2886 γνωστούς
1283 2833 1387 2886 μου
1442 2813 1534 2868 ἀπ’
1578 2814 1733 2889 ἐμοῦ.
1768 2838 1797 2867 ››
1826 2847 1897 2858 --

246 2903 332 2973 Τῷ
362 2894 519 2979 φόϐῳ
550 2904 897 2976 σταυρωτῶν.

320 3012 350 3041 ‹‹
377 2987 601 3046 Ἒθεντό
664 3010 731 3063 με
764 2986 1046 3067 βδέλυγμα
1084 2990 1314 3051 ἑαυτοῖς.
1357 3014 1387 3044 ››
1434 3024 1505 3033 -
1533 2992 1597 3047 Οἱ
1642 2989 1897 3048 Ἰουδαῖοι

252 3073 533 3148 δηλονότι.

325 3189 355 3219 ‹‹
386 3164 701 3240 Παρεδόθην
758 3167 849 3222 καὶ
898 3167 997 3222 οὐκ
1041 3167 1469 3246 ἐξεπορευόμην.
1525 3193 1555 3221 ››
1603 3202 1673 3212 -
1722 3176 1895 3245 Παρε-

248 3252 414 3327 δόθην
475 3260 591 3319 τοῖς
656 3254 939 3318 Ἰουδαίοις
998 3257 1103 3313 ὑπὸ
1164 3259 1549 3334 Ἰσκαριώτου,
1605 3259 1696 3314 καὶ
1736 3257 1894 3316 δυνά-

320 3314 339 3320 ,
368 3314 379 3327 ,
577 3314 587 3319 -
925 3314 935 3318 -
1311 3314 1321 3334 ι
1533 3314 1549 3331 ,
1748 3314 1755 3315 ,
1812 3314 1815 3315 ν
1842 3314 1864 3316 η

254 3365 413 3417 μενος
476 3344 866 3421 ἐκπορευθῆναι
937 3346 1026 3401 ὑπ’
1074 3345 1248 3403 αὐτῶν
1302 3347 1403 3404 οὐκ
1454 3346 1674 3405 ἐποίουν
1712 3354 1893 3423 τοῦτο,
1925 3314 1970 3383 G

249 3431 373 3489 ἀλλ’
402 3433 452 3487 ἐν
460 3432 791 3511 εκαρτέρησα
820 3435 980 3493 ἐκών.

322 3544 351 3574 ‹‹
382 3523 446 3575 Οἱ
508 3521 787 3601 ὀφθαλμοί
842 3545 947 3597 μου
1005 3524 1300 3596 ἠσθένησαν
1359 3526 1464 3580 ἀπὸ
1518 3526 1816 3603 πτωχείας.
1860 3549 1887 3581 ιι

250 3641 319 3655 --
348 3612 632 3686 Πτωχείαν
664 3611 884 3668 ἐνταῦθα
918 3614 1018 3683 τὴν
1063 3618 1160 3669 τοῦ
1192 3615 1442 3689 σώματός
1472 3637 1604 3693 φησι
1657 3615 1892 3672 κάκωσίν

248 3720 307 3755 τε
334 3699 424 3754 καὶ
454 3695 691 3772 ἔκτηξιν.

322 3812 352 3841 ‹‹
380 3790 470 3859 Μὴ
521 3794 640 3852 τοῖς
679 3794 894 3865 νεκροῖς
951 3794 1200 3863 ποιήσεις
1249 3791 1520 3867 θαυμάσια
1568 3812 1584 3865 ;
1632 3793 1668 3864 ἢ
1722 3794 1896 3871 ἰατροὶ

247 3875 626 3951 ἆναστήσουσι,
649 3877 740 3933 καὶ
789 3877 1282 3956 ἐξομολογήσονταί
1333 3902 1441 3940 σοι.
1474 3905 1505 3934 ››
1539 3914 1607 3926 --
1635 3884 1728 3952 Μὴ
1776 3888 1894 3945 τοῖς

249 3967 594 4038 ἀναισθήτοις
655 3972 869 4044 νεκραῖς
940 3971 1189 4040 ποιήσεις
1259 3972 1540 4045 θαυμαστᾶ
1606 3970 1734 4048 ἔργα
1783 4019 1799 4043 ,
1856 3972 1892 4041 ἢ

250 4053 425 4130 ἰατροὶ
492 4056 851 4127 ἀναστήσουσι
908 4056 1035 4120 τοὺς
1081 4056 1305 4135 νεκροὺς
1348 4059 1438 4114 καὶ
1492 4058 1666 4123 οὕτως
1711 4059 1847 4136 εὗχα
1874 4094 1896 4103 -

250 4143 563 4220 ριστήσουσί
642 4165 725 4199 σοι
792 4145 843 4199 οἱ
907 4146 1054 4222 παρὰ
1134 4151 1242 4202 τῶν
1302 4146 1498 4221 ἰατρῶν
1575 4148 1893 4213 ἀναστάντες

246 4232 474 4306 νεκροί;
514 4236 688 4288 Ταῦτα
742 4230 799 4287 δὲ
863 4235 915 4288 οἱ
968 4233 1060 4307 μέν
1136 4256 1262 4312 φασι
1320 4232 1494 4312 λέγειν
1551 4238 1643 4292 τὸν
1693 4238 1890 4315 Κύριον

249 4320 559 4396 ἀνθρωπίνῃ
616 4319 793 4392 δειλίᾳ
847 4325 915 4396 τῇ
959 4323 1097 4399 πρὸς
1129 4323 1351 4388 θάνατον
1383 4325 1635 4380 αἰτοῦντα
1680 4326 1741 4381 τὸ
1775 4331 1890 4400 ζῇν,

249 4410 303 4464 οἱ
334 4407 391 4464 δὲ
418 4409 514 4473 τὰς
541 4409 716 4473 αἰτίας
767 4412 903 4483 ἡμῖν
949 4411 1207 4487 γνωρίσαι
1264 4411 1599 4489 βουλόμενον
1634 4411 1702 4469 δι’
1734 4414 1795 4479 ἂς
1824 4417 1891 4486 ἦν

247 4497 509 4575 ἀναγκαία
535 4501 572 4569 ἡ
604 4499 741 4575 πρὸς
769 4499 862 4554 τὸν
895 4494 1029 4572 ᾅδην
1058 4500 1223 4557 αὐτοῦ
1251 4500 1501 4566 κάθοδος.

320 4611 350 4639 ‹‹
380 4587 470 4656 Μὴ
522 4584 837 4663 διηγήσεταί
884 4610 970 4652 τις
1026 4588 1077 4644 ἐν
1131 4594 1211 4663 τῷ
1265 4592 1421 4669 τάφῳ
1475 4591 1539 4647 τὸ
1577 4588 1732 4668 ἔλεός
1773 4612 1890 4666 σου,

1994 2017 2089 2051 σου
2137 1995 2443 2073 ἐξετάραξάν
2495 2019 2579 2071 με.
2631 2022 2756 2050 »—
2801 1997 2904 2060 Τὰς
2953 1996 3054 2073 γὰρ
3101 1998 3237 2052 κατᾶ
3279 2003 3379 2066 τῆς
3428 1996 3632 2073 ἄνθρω-

1992 2084 2230 2155 πότητος
2281 2085 2622 2160 ἐπιτιμήσεις
2667 2086 2757 2141 καὶ
2805 2084 3031 2148 ἀπειλὰς
3076 2084 3246 2158 ἐαυτῷ
3275 2085 3635 2162 προσενέγκας

1996 2171 2087 2230 διὰ
2113 2179 2297 2239 παθῶν
2328 2173 2663 2246 κατεδέξατο.

2072 2287 2095 2314 ι
2127 2261 2472 2319 Ἐκύκλωσάν
2523 2285 2591 2337 με
2645 2262 2771 2319 ὡσεὶ
2829 2261 2977 2340 ὕδωρ
3011 2284 3025 2299 ο
3084 2262 3222 2335 ὅλην
3274 2264 3374 2332 τήν
3427 2261 3637 2340 ἡμέραν

1996 2352 2287 2430 περιέσχον
2345 2374 2412 2427 με
2468 2354 2600 2426 ἅμα.
2631 2377 2661 2406 ››
2705 2386 2773 2396 -
2829 2354 2893 2407 Οἱ
2946 2350 3199 2409 Ἰουδαῖοι
3253 2351 3637 2426 κατακλυσμοῦ

1999 2438 2155 2514 δίκην
2187 2440 2646 2519 περιεκύκλωσαν,
2695 2442 2786 2497 καὶ
2815 2438 3137 2517 περιέλαόόν
3164 2463 3230 2516 με
3259 2442 3393 2515 ὁμοῖ
3420 2443 3636 2504 πάντες.

1988 2531 2228 2608 ⁴⁸11μέραν
2262 2529 2320 2585 δέ
2345 2532 2444 2601 τὴν
2470 2535 2567 2586 τοῦ
2594 2530 2796 2593 πάθους
2828 2530 3010 2608 φησίν.

2074 2643 2102 2672 cc
2160 2619 2492 2696 Ἐμάκρυνας
2551 2621 2641 2675 ἀπ’
2696 2620 2832 2693 ἐμοῦ
2897 2618 3055 2698 φίλον
3114 2619 3203 2675 καὶ
3260 2618 3493 2690 πλησίον
3550 2619 3640 2675 καὶ

2000 2708 2126 2771 τοὺς
2182 2708 2457 2783 γνωστούς
2507 2729 2612 2781 μου
2671 2709 2776 2763 ἀπὸ
2831 2707 3227 2785 ταλαιπωρίας.
3278 2733 3301 2765 ι
3336 2742 3407 2752 --
3460 2714 3640 2784 Παρα-

2001 2799 2359 2875 χωρήσαντος
2386 2797 2549 2853 τοῦτό
2577 2818 2672 2852 σου
2704 2797 3088 2871 οἰκονομικῶς.

2595 2919 2888 2970 ΨΔΛΜΟΣ
2927 2915 3059 2971 IIH'.

2079 3034 2107 3063 (ί
2137 3009 2409 3075 Συνέσεως
2456 3012 2640 3086 Δίθᾶμ
2683 3016 2764 3085 τῷ
2810 3010 3143 3087 Ἰσραηλίτῃ.
3176 3036 3206 3065 ››
3252 3043 3322 3054 -
3370 3012 3644 3074 Συνέσεως

2003 3098 2211 3173 Αἰθάμ,
2263 3102 2361 3170 τῆς
2411 3098 2484 3162 εἷς
2541 3094 2832 3155 Βαϐυλῶνα
2878 3098 3098 3177 ἀγωγῆς
3136 3102 3243 3154 τῶν
3296 3096 3644 3175 αἰχμαλωτι-

2005 3187 2232 3244 σθέντων
2261 3188 2351 3243 καὶ
2379 3188 2503 3264 περὶ
2523 3192 2619 3244 τοῦ
2650 3192 2889 3263 Χριστοῦ
2913 3186 3324 3265 προαγόρευσις.

2084 3300 2107 3331 ι
2135 3277 2209 3332 Τὰ
2239 3276 2365 3347 ἐλέη
2417 3298 2533 3349 σου,
2585 3277 2766 3352 Κύριε,
2814 3276 2892 3340 εἰς
2936 3277 3029 3332 τὸν
3079 3276 3249 3332 αἰῶνα
3294 3273 3517 3351 ᾄσομαι,
3568 3276 3646 3338 εἰς

2006 3367 2187 3443 γενεὰν
2242 3366 2332 3421 καὶ
2387 3366 2569 3442 γενεάν
2629 3366 2922 3442 ἀπαγγελῶ
2977 3367 3075 3435 τήν
3138 3363 3395 3435 ἀλήθειάν
3448 3386 3542 3419 σου
3591 3363 3642 3419 ἐν

2002 3453 2082 3528 τῷ
2138 3454 2366 3529 στόματί
2413 3476 2537 3529 μου.
2573 3478 2601 3505 ››
2626 3487 2696 3497 -
2726 3454 2887 3526 ἘΛέη
2936 3458 3070 3509 Θεοῦ
3098 3453 3188 3508 καὶ
3226 3450 3484 3524 ἀλήθειάν
3513 3475 3647 3531 φησι

2001 3545 2102 3613 τὴν
2134 3544 2271 3621 πρὸς
2301 3543 2459 3599 αὐτὸν
2492 3543 2633 3608 θείαν
2678 3542 2993 3619 ὑπόσχεσιν,
3024 3543 3085 3598 τὸ
3117 3542 3175 3598 ἐκ
3201 3546 3298 3598 τοῦ
3338 3540 3645 3619 σπέρματος

2004 3632 2168 3688 αὐτοῦ
2199 3630 2380 3689 δοῦναι
2417 3636 2536 3695 τοῖς
2579 3628 2887 3709 ἀνθρώποις
2930 3633 3029 3701 τὴν
3074 3630 3344 3709 σωτηρίαν
3394 3627 3464 3687 δι’
3492 3629 3645 3695 ἔλεος

2005 3720 2201 3801 ἄφατον
2212 3765 2226 3779 .

2078 3836 2106 3861 σι
2138 3813 2257 3866 Ὅτι
2307 3809 2481 3873 εἶπαςο
2512 3809 2610 3872 Εἰς
2653 3811 2746 3866 τὸν
2795 3809 2967 3865 αἰῶνα
3015 3808 3169 3873 ἕλεος
3219 3806 3649 3885 οἰκοδομηθήσεο

2003 3922 2111 3959 ται.
2146 3924 2176 3953 ››
2221 3933 2291 3943 —
2346 3897 2714 3978 ᾩκοδόμηται
2767 3899 2871 3975 γὰρ
2929 3898 2989 3954 ἐκ
3041 3898 3366 3975 παρθενικῆς
3419 3896 3558 3970 ὕλης
3618 3898 3647 3954 6

2004 3990 2153 4051 οἶκος
2205 3995 2307 4056 τῆς
2377 3986 2733 4044 ἐνυποστάτου
2791 3988 2970 4065 Λόγου
3022 3987 3210 4066 σοφίας
3264 3993 3417 4059 Θεοῦ,
3445 3985 3563 4057 ἤως
3618 3989 3646 4043 6

2004 4078 2214 4147 Ἰησοῦς
2248 4073 2401 4140 ἔλεος
2432 4074 2504 4132 ὢν
2536 4076 2619 4132 ἀεὶ
2642 4083 2761 4140 τοῖς
2790 4076 3133 4133 πιστεύουσιν
3168 4077 3246 4139 εἰς
3270 4075 3451 4134 αὐτόν.

2077 4191 2106 4219 ‹‹
2165 4167 2252 4221 ’Κν
2308 4172 2426 4238 τοῖς
2483 4165 2734 4243 οὐρανοῖς
2819 4166 3269 4240 ἐτοιμασθήσεται
3326 4169 3362 4236 ἡ
3421 4163 3651 4237 ἀλήθειά

2004 4276 2120 4313 σου.
2161 4280 2181 4306 ι
2217 4287 2285 4297 —-
2315 4257 2377 4310 Ἡ
2437 4254 2669 4326 ἀλήθεια
2724 4259 2822 4310 τοῦ
2877 4252 3033 4326 Θεοῦ,
3065 4256 3094 4309 6
3140 4255 3370 4331 Χριστὸς
3428 4252 3479 4308 ἐν
3530 4260 3647 4317 τοῖς

2003 4344 2255 4417 οὐρανοῖς
2282 4341 2549 4417 ἡδράσθηο
2580 4341 2800 4418 ἕτοιμον
2828 4343 2929 4421 γὰρ
2952 4343 3245 4421 πολλαχοῦ
3274 4344 3336 4399 τὸ
3368 4340 3580 4415 ἐδραῖον
3611 4346 3648 4413 ἡ

2001 4429 2220 4511 Ἑϐραῒς
2251 4431 2364 4489 οἶδε
2390 4436 2592 4512 γραφή.

2076 4546 2105 4576 ‹‹
2163 4523 2425 4597 Διεθέμην
2484 4521 2749 4594 διαθήκην
2797 4527 2911 4584 τοῖς
2972 4519 3246 4584 ἐκλεκτοῖς
3309 4542 3433 4594 μου.
3495 4546 3523 4573 ››
3581 4554 3651 4564 —

2001 4612 2290 4687 Προσώπῳ
2338 4616 2473 4668 Θεοῦ
2515 4616 2703 4668 ταῦτα.
2753 4610 2853 4666 Καὶ
2897 4608 3162 4681 διαθήκην
3215 4610 3311 4683 μὲν
3360 4607 3508 4683 λέγει
3547 4611 3647 4678 τὴν

246 4676 339 4777 κτξῖ
365 4678 467 4777 τὴν
518 4674 773 4777 ἀλῇθξιάν
802 4698 898 4732 σου
919 4678 971 4777 ἐγ
1001 4682 1071 4777 τῇ
1096 4677 1345 4777 ἀπξυξείίξ
1375 4700 1389 4750 ἓ
1430 4704 1467 4777 ’1
1502 4714 1566 4725 "'
1590 4681 1894 4777 Ἀξπώλειαν
1925 4688 1972 4753 D
2004 4674 2326 4777 ἐπαγγελίαν
2365 4717 2381 4736 ⁶
2435 4699 2723 4763 ἐκλεκτοὺς
2802 4697 2860 4755 δὲ
2928 4699 3017 4754 τὸν
3045 4674 3323 4775 ι’Ᾰϐραὰμ
3375 4674 3465 4753 καὶ
3519 4674 3647 4762 τοῦς

244 4764 339 4821 τόν
378 4764 545 4844 τάφον
582 4765 883 4841 ὠνόμασεν,
927 4768 1003 4830 ὡς
1040 4766 1089 4824 ἐν
1131 4768 1277 4842 αύτῷ
1315 4766 1760 4849 διαφθειρομένου
1797 4776 1894 4827 τοῦ

247 4853 558 4931 ἐγκειμένου
595 4860 790 4931 νεκροῦ
803 4899 816 4915 .

319 4967 351 4997 ‹‹
378 4945 470 5012 Μὴ
517 4946 885 5020 γνωσθήσεται
934 4944 988 4999 ἐν
1028 4950 1109 5019 τῷ
1158 4946 1333 5002 σκότει
1376 4948 1446 5002 τὰ
1474 4948 1747 5023 θαυμάσιά
1775 4969 1891 5016 σου,

242 5034 335 5088 καὶ
360 5035 396 5103 ἡ
448 5030 758 5109 δικαιοσύνῃ
803 5054 900 5088 σου
948 5033 1000 5089 ἐν
1049 5038 1123 5110 γῇ
1164 5033 1595 5110 ἐπιλελησμένη.
1628 5058 1658 5088 ››
1687 5068 1757 5079 -
1785 5037 1889 5094 Τὸν

243 5122 414 5199 τάφον
472 5121 607 5200 φησὶ
660 5121 754 5177 καὶ
811 5121 1004 5184 σκότος
1072 5124 1161 5178 καὶ
1227 5132 1333 5200 γῆν
1395 5124 1830 5199 ἐπιλελησμένην
1872 5142 1888 5161 ο

243 5208 678 5266 ἐπιλανθάνονται
734 5211 836 5288 γὰρ
909 5210 1080 5282 αὐτῆς
1119 5212 1171 5267 οἱ
1216 5217 1410 5283 ζῶντες
1442 5259 1457 5287 ,
1523 5214 1598 5277 ὡς
1633 5210 1888 5289 ἔμπλεων

241 5295 561 5378 διαφθορᾶς.

318 5411 348 5441 ‹‹
390 5390 554 5464 Κάγὼ
592 5390 729 5466 πρὸς
764 5390 841 5463 σὲ,
900 5392 1088 5463 Κυριε,
1149 5391 1426 5469 ἐκέκραξα,
1482 5393 1573 5448 καὶ
1628 5393 1690 5448 τὸ
1740 5390 1888 5468 πρωΐ

239 5478 278 5545 ἡ
318 5480 600 5554 προσευχή
631 5499 738 5553 μου
756 5480 1051 5556 προφθάσει
1093 5500 1169 5537 σε.
1194 5504 1224 5533 ››
1246 5514 1313 5524 -
1333 5482 1404 5536 Τὸ
1423 5482 1573 5558 πρωῒ
1607 5481 1701 5555 μὲν
1723 5478 1890 5553 δηλοῖ

240 5566 306 5621 τὸ
323 5569 560 5643 ταχέωςο
586 5567 661 5630 εἰς
682 5564 815 5623 δὲτὸ
835 5570 1131 5647 προφθάσει
1149 5570 1447 5647 περιττεύει
1468 5574 1503 5641 ἡ
1526 5571 1813 5648 πρόθεσις.

325 5694 353 5728 α
380 5675 494 5729 Ἵνα
546 5671 623 5745 τί,
670 5672 851 5750 Κύριε,
900 5673 1138 5740 ἀπωθεῖς
1202 5678 1302 5748 τήν
1355 5679 1699 5755 προσευχήνσ
1732 5698 1837 5751 μου
1869 5722 1885 5750 ,

243 5760 598 5841 ἀποστρέφεις
646 5762 710 5819 τὸ
754 5757 1047 5840 πρόσωπόν
1095 5785 1191 5819 σου
1241 5765 1332 5821 ἀπ’
1379 5765 1516 5841 ἐμοῦ
1562 5784 1579 5840 ;
1630 5788 1659 5819 »
1713 5769 1887 5823 Ταῦτα

2003 4790 2031 4845 6
2039 4789 2424 4863 μοίουςξαύτῷ.

2076 4903 2103 4930 ‹‹
2133 4880 2345 4952 Ὥμοσα
2391 4875 2554 4933 Δαυῒδ
2599 4882 2680 4950 τῷ
2727 4875 2928 4951 δούλῳ.
2964 4901 2993 4930 ››
3024 4910 3093 4919 -
3136 4878 3194 4930 Ὀ
3240 4875 3399 4951 ὅρκος
3436 4877 3502 4936 τὸ
3555 4877 3643 4952 βέ-

2002 4961 2156 5022 ϐαιον
2184 4974 2283 5037 τῆν
2315 4964 2643 5042 ἐπαγγελίας
2677 4964 2861 5037 δηλοῖ.

2075 5078 2104 5107 ‹‹
2133 5062 2276 5119 Ἕως
2302 5059 2399 5110 τοῦ
2429 5055 2633 5119 αἰῶνος
2680 5054 2953 5128 ἐτοιμάσω
3000 5055 3064 5109 τὸ
3104 5053 3319 5130 σπέρμα
3366 5075 3482 5111 σου.
3515 5079 3544 5107 ›)
3576 5087 3644 5098 -

1998 5144 2055 5197 Ὁ
2104 5145 2206 5220 γὰρ
2263 5144 2491 5220 Χριστὸς
2549 5140 2778 5220 ἥδρασεν
2838 5143 2914 5206 εἰς
2968 5143 3062 5198 τὸν
3120 5142 3293 5198 αἰῶνα
3323 5184 3338 5213 ,
3393 5147 3497 5213 ζῶν
3553 5142 3642 5199 καὶ

2001 5230 2301 5309 βασιλεύων
2335 5230 2619 5302 διηνεκῶς.

2072 5344 2101 5375 ‹‹
2131 5322 2233 5379 Καὶ
2291 5318 2647 5395 οἰκοδομήσω
2724 5321 2800 5384 εἰς
2872 5322 3057 5397 γενεὰν
3128 5320 3219 5378 καί
3286 5323 3468 5399 γενεὰν
3549 5322 3641 5378 τὸν

1998 5410 2185 5487 θρόνον
2237 5430 2352 5467 σου.
2412 5434 2440 5462 ››
2494 5441 2564 5453 -
2614 5407 2925 5484 Οἰκοδομήν
2984 5412 3082 5480 τὴν
3134 5410 3432 5488 ἀπάρτησιν
3474 5408 3638 5486 λέγει’

1997 5499 2186 5575 θρόνον
2219 5496 2276 5554 δὲ
2303 5500 2402 5568 τὴν
2454 5496 2751 5575 βασιλείαν.
2802 5504 2906 5555 Τοῦ
2952 5504 3186 5567 Χριστοῦ
3234 5497 3293 5556 δέ
3331 5501 3433 5569 τὴν
3489 5500 3639 5575 βασι-

2753 5589 2776 5617 ἒ.
2803 5590 2862 5617 -1
2916 5590 2965 5617 2k
3000 5589 3054 5617 ...ἲ

1993 5676 2242 5755 Χριστόν.

2070 5791 2099 5821 ‹‹
2129 5764 2661 5846 Ἐξομολογήσονται
2713 5768 2764 5823 οἱ
2817 5767 3035 5846 οὐρανοὶ
3082 5771 3150 5824 τὰ
3196 5766 3467 5845 θαυμάσιά
3511 5786 3636 5841 σου,
