3998 6426
340 428 500 494 1535

1576 431 2001 499 NICEPHORI
2043 431 2483 499 BLEMMIDIE

3564 428 3736 497 1536

336 562 521 639 Κύριε.
555 586 586 615 κ
615 596 685 607 -
739 561 1005 633 Ούρανοὺς
1052 563 1204 641 λέγει
1245 564 1374 629 τοὺς
1425 563 1477 621 ἐν
1520 565 1765 642 οὐρανοῖς
1822 586 1972 632 νοας,
2002 567 2059 634 Α
2085 567 2315 641 ἡμέραν.
2348 589 2376 621 ι
2409 601 2478 610 —
2509 567 2593 623 Ἐν
2627 565 2711 621 σοὶ
2758 564 3216 645 εὐφρανθήσονται
3264 559 3357 619 διὰ
3381 561 3610 633 παντὸς,
3639 560 3732 617 καὶ

337 653 427 707 καί
483 652 611 715 τοὺς
662 655 763 722 τήν
818 652 1062 731 οὐράνιον
1128 656 1493 729 κεκτημένους
1550 654 1828 731 διαγωγὴν
1888 655 1975 711 ἐπὶ

338 745 465 816 γῆς,
522 743 576 796 οἳ
605 788 621 815 ,
680 745 811 821 φησί
842 792 858 817 ,
921 743 1278 822 μεγαλυνοῦσι
1353 747 1449 808 τὰς
1523 747 1830 819 θαυμαστὰς
1885 745 1976 800 καὶ

341 828 601 901 ἀληθινὰς
647 830 967 907 ἐπαγγελίας
1023 855 1119 889 σου
1175 835 1227 890 ἐν
1283 839 1353 909 τῇ
1419 837 1704 911 συναγωγῇ
1753 839 1861 889 τῶν
1919 834 1979 889 ἐκ

338 917 586 995 οὐρανοῖς
618 920 781 997 ἁγίων
807 943 903 976 σου
930 921 1019 978 καὶ
1048 928 1154 978 τῶν
1185 924 1273 980 ἐπὶ
1303 925 1430 999 γῆς.

410 1050 439 1076 «
469 1026 589 1081 ’Ότι
639 1026 722 1090 τίς
791 1027 843 1082 ἐν
915 1027 1163 1107 νεφέλαις
1234 1031 1561 1101 ἰσωθήσεται
1603 1032 1685 1103 τῷ
1742 1031 1923 1107 Κυρίῳ
1955 1078 1972 1104 ,

339 1114 741 1186 ὁμοιωθήσεται
794 1122 873 1189 τῷ
943 1119 1126 1194 Κυρίῳ
1182 1119 1237 1174 ἐν
1289 1121 1427 1182 υἱοῖς
1487 1126 1621 1177 Θεοῦ
1672 1140 1685 1189 ;
1734 1154 1805 1163 —
1854 1123 1973 1176 ’Ὁτι

341 1201 521 1266 οὐδεὶς
560 1203 611 1259 ἐν
637 1210 717 1278 τῷ
746 1205 867 1281 ὕψει
893 1209 928 1276 ἢ
959 1208 1035 1270 ὡς
1066 1204 1298 1285 ἄγγελος
1339 1211 1658 1281 ἶσωθήσεται
1686 1215 1767 1283 τῷ
1794 1210 1976 1288 Κυρίῳ

339 1288 463 1347 οὔτε
490 1292 542 1347 ἐν
566 1293 741 1369 ἁγίοις
768 1295 1071 1372 ἀνθρώποις
1102 1299 1524 1371 ὁμοιωθήσεται.

412 1401 530 1455 «'0
585 1401 714 1464 Θεὸς
781 1399 1199 1477 ἐνδυξαζόμενος
1249 1405 1299 1459 ἐν
1359 1405 1535 1481 βουλῇ
1594 1406 1782 1482 ἁγίων.
1831 1432 1854 1461 ι
1908 1442 1977 1450 -

341 1490 426 1544 Ἐν
511 1494 796 1566 συναγωγῇ
876 1489 1149 1564 δοξάζεται
1233 1491 1402 1555 ὅντως
1476 1495 1566 1550 καὶ
1649 1497 1890 1568 ὑμνεῖται
1947 1498 1977 1551 6

340 1577 492 1641 Θεός.

411 1691 441 1719 (ι
470 1668 648 1745 Μέγας
693 1670 785 1725 καὶ
831 1666 1063 1748 φοϐερός
1113 1673 1253 1727 ἐστιν
1301 1670 1389 1727 ἐπί
1434 1671 1636 1735 πάντας
1682 1672 1811 1735 τοὺς
1853 1673 1978 1749 περὶ

336 1756 529 1829 κύκλῳ
557 1756 743 1815 αὑτοῦ.
777 1781 807 1810 κ
836 1793 906 1802 -
933 1761 998 1814 Οἱ
1046 1761 1189 1837 ἅγιοι
1235 1761 1388 1835 πέριξ
1436 1758 1746 1816 διοικοῦσιν.
1788 1761 1977 1837 ἁγίους

340 1843 400 1901 δὲ
424 1845 553 1909 τοὺς
599 1867 657 1903 τε
699 1869 759 1903 τε
805 1848 1072 1925 ἀγγέλους
1118 1855 1234 1905 νοεῖ
1272 1850 1363 1904 καὶ
1404 1849 1531 1912 τοὺς
1578 1850 1631 1906 ἐν
1672 1851 1978 1926 ἀνθρώποις

2086 654 2139 710 ἐν
2163 661 2242 728 τῷ
2270 657 2380 729 Υἱῷ
2410 678 2508 712 σου
2539 655 2979 731 δοξασθήσονται.

2162 788 2183 815 ι
2216 765 2334 818 Ὅτι
2391 762 2657 841 καύχημα
2708 770 2811 833 τῆς
2867 760 3146 835 δυνάμεως
3189 762 3367 817 αὑτῶν
3400 760 3464 816 σὺ
3497 761 3567 817 εἶ.
3598 785 3631 813 »
3663 793 3734 803 —

2085 851 2323 926 Δύναμις
2367 858 2475 907 τῶν
2528 856 2858 929 Χριστιανῶν
2907 852 2937 905 6
2982 852 3234 926 Χριστὸς,
3285 850 3347 905 οὗ
3397 850 3734 926 καύχημαὸ

2084 943 2271 1015 Πατήρ
2330 941 2409 1020 ἐφ’
2457 943 2505 1015 ᾧ
2559 942 2895 1015 σεμνύνεται,
2952 940 3042 996 καὶ
3096 939 3144 1012 ᾧ
3194 941 3367 995 πάντα
3410 940 3481 995 τὰ
3538 940 3735 994 ἑαυτοῦ

2083 1029 2363 1101 ἀνατίθησι
2392 1032 2812 1107 κατορθώματα.

2156 1144 2186 1171 ‹‹
2218 1119 2316 1174 Καὶ
2376 1119 2427 1175 ἐν
2485 1118 2701 1190 εύδοκίᾳ
2755 1140 2851 1174 σου
2908 1120 3249 1193 ὑψωθήσεται
3298 1117 3365 1172 τὸ
3422 1117 3589 1191 κέρας
3636 1115 3732 1171 αὑ·

2082 1213 2211 1265 τῶν.
2249 1232 2278 1259 n
2310 1243 2379 1251 —
2416 1206 2650 1264 Εύδοκία
2692 1212 2791 1263 τοῦ
2838 1208 3048 1284 Πατρὸς
3093 1210 3128 1276 ἡ
3179 1206 3589 1283 ἐνανθρώπησις
3635 1209 3735 1260 τοῦ

2084 1299 2235 1354 Ποῦ.

2153 1411 2183 1439 ι(
2239 1391 2358 1443 ⁶Ὀτι
2414 1391 2512 1443 τοῦ
2567 1387 2766 1463 Κυρίου
2816 1390 2853 1456 ἡ
2907 1385 3219 1459 ἀντίληψις,
3266 1384 3359 1439 καὶ
3411 1390 3514 1440 τοῦ
3572 1383 3735 1459 ἁγίου

2084 1473 2306 1551 Ἰσραὴλ
2367 1475 2635 1551 βασιλέως
2908 1498 2937 1527 »
2987 1506 3058 1516 —
3110 1474 3182 1527 T6
3233 1468 3735 1546 ἀντιλαμϐάνεσθαι

2084 1568 2243 1637 ἡμῶν
2269 1563 2426 1641 ’έργον
2471 1564 2581 1620 ἐστὶ
2625 1569 2724 1619 τοῦ
2770 1564 2968 1637 Κυρίου
3013 1562 3105 1619 καὶ
3152 1559 3421 1638 βασιλέως
3450 1565 3640 1635 ἡμῶν,
3672 1559 3734 1623 δς

2083 1653 2222 1709 ἐστιν
2253 1658 2444 1731 ’Ἄγιος
2469 1659 2567 1709 τοῦ
2597 1655 2841 1729 Ἰσραήλ.

2158 1761 2347 1816 «Τότε
2400 1758 2677 1830 ἐλάλησας
2733 1760 2786 1814 ἐν
2839 1760 3022 1835 ὁράσει
3068 1758 3188 1822 τοὶς
3243 1758 3385 1820 υἱοῖς
3429 1778 3553 1813 σου.
3582 1782 3611 1809 η
3664 1790 3738 1800 -

2084 1850 2243 1912 Υἱοὺς
2302 1851 2397 1923 μέν
2468 1855 2602 1906 Θεοῦ
2672 1850 2802 1912 τοὺς
2856 1850 3140 1927 προφήτας
3202 1847 3425 1903 ἐνταῦθά
3476 1868 3612 1925 φησι
3665 1845 3737 1921 τῇ

337 1930 490 2010 φιλεῖ
529 1935 615 1998 οἷς
659 1935 827 2011 μέγας
871 1937 962 1993 καὶ
1009 1933 1245 2015 φοϐερὸς
1291 1939 1320 1993 6
1367 1940 1515 2012 Θεὸς,
1566 1939 1643 2001 ὡς
1671 1941 1770 2009 τὴν
1817 1939 1980 1995 αὑτοῦ
2007 1936 2057 2002 Β
2086 1936 2177 1994 διὰ
2203 1946 2303 2008 τῆς
2350 1938 2545 2015 ἀρετῆς
2592 1937 2883 1994 οἶκειώσει.
2931 1938 3003 1992 Τὸ
3055 1934 3115 1992 δὲ
3160 1936 3212 1991 ἃ
3256 1934 3440 2012 ὁράσει
3488 1934 3608 1989 ἀντὶ
3635 1938 3738 1988 τοῦ

332 2017 573 2099 ἀκριϐῶς
604 2023 976 2108 ἐπισταμένοις
1006 2026 1309 2102 ὑπεροχήν.

406 2129 627 2207 «Κύριε
679 2132 709 2185 6
765 2131 895 2193 Θεὸς
947 2136 1055 2187 τῶν
1110 2129 1408 2206 δυνάμιων,
1459 2132 1544 2197 τίς
1602 2133 1795 2208 ὅμοιός
1839 2154 1972 2205 σοι;

334 2216 556 2281 δύνατος
604 2218 672 2292 εἷ,
722 2220 903 2295 Κύριε,
950 2220 1039 2276 καὶ
1087 2224 1123 2291 ἡ
1173 2221 1405 2293 ἀλήθειά
1451 2244 1546 2278 σου
1574 2222 1763 2297 κύκλῳ
1793 2245 1911 2280 σου.
1945 2247 1974 2275 ι)

331 2339 403 2350 -—
449 2308 524 2362 Ού
582 2303 745 2382 μόνον
823 2306 1048 2372 δυνατὸς
1124 2310 1173 2365 εἴ
1243 2314 1468 2380 ποιῆσαι
1528 2312 1562 2367 ἃ
1610 2310 1926 2388 ἐπαγγέλλῃ
1955 2359 1973 2384 ,

334 2394 481 2453 ἀλλᾶ
553 2397 644 2452 καὶ
717 2400 752 2467 ὴ
828 2397 1057 2469 ἀλήθεια
1147 2397 1406 2456 οὐδέποτε
1498 2402 1791 2480 ἀφέστηκεν
1867 2402 1974 2458 ἀπὸ

335 2505 453 2543 σου.

411 2599 433 2627 ιι
470 2573 545 2630 Σὺ
595 2572 871 2646 δεσπόζεις
920 2581 1019 2632 τοῦ
1060 2576 1291 2654 κράτους
1344 2586 1445 2649 τῆς
1502 2578 1797 2651 θαλάσσης.
1847 2603 1877 2632 ››
1907 2611 1977 2623 -

333 2663 540 2739 Κράτος
561 2664 835 2736 θαλάσσης
861 2667 961 2735 τὴν
997 2666 1116 2742 βίαν
1144 2671 1252 2722 τῶν
1298 2668 1549 2741 κυμάτων
1591 2668 1744 2746 φησὶ,
1777 2666 1975 2746 λέγων,

332 2754 404 2809 Τὸ
432 2753 524 2809 σὸν
562 2758 734 2827 νεῦμα
778 2752 1023 2832 διεγείρει
1069 2758 1169 2825 τήν
1217 2754 1482 2813 θάλασσαν
1525 2756 1618 2813 καί
1664 2756 1828 2814 πάλιν
1875 2759 1974 2827 τήν

333 2844 580 2918 γαλήνην
617 2840 914 2919 ἐργάζεται.

407 2955 438 2983 ‹‹
472 2929 548 2986 Σὺ
605 2930 960 2996 ἐταπείνωσας
1017 2932 1091 2996 ὦς
1122 2932 1474 3009 ’τραυματίαν
1530 2936 1888 3014 ὑπερήφανον.
1946 2960 1975 2988 ››

335 3053 405 3063 —-
432 3023 638 3084 ’Ὀντως
670 3020 810 3077 ἐστὶν
843 3023 871 3077 6
904 3018 1182 3086 διάϐολος.
1214 3025 1302 3086 Ὠς
1350 3025 1680 3100 τραυματίαν
1723 3022 1781 3079 δὲ
1810 3025 1975 3098 εἶπεν,

336 3107 554 3184 ἐπείπερ
598 3110 651 3164 οἱ
699 3110 1218 3188 τετραυματισμένοι
1263 3112 1509 3168 ταπεινοί
1540 3113 1664 3186 εἰσι,
1710 3112 1790 3187 τῷ
1820 3111 1977 3190 ἄλγει

324 3201 425 3253 τοῦ
452 3196 761 3274 τραύματος
790 3200 1300 3276 συγκαμπτόμενοι.

406 3304 561 3359 «Τὸν
625 3304 825 3381 βοῤῥᾶν
878 3304 970 3361 καί
1021 3307 1120 3377 τὴν
1170 3306 1436 3364 θάλασσαν
1487 3307 1549 3363 σὺ
1589 3307 1818 3371 ἔκτισας.
1851 3301 2049 3370 »—-C

336 3389 542 3469 Βορῥὰν
567 3392 630 3448 τὸ
664 3392 878 3471 βόρειον
906 3393 1065 3471 μέρος
1090 3395 1270 3473 φησίν’
1298 3396 1563 3452 θάλασσαν
1596 3394 1655 3452 δὲ
1682 3396 1744 3452 τὰ
1774 3397 1971 3453 νότιον·

339 3478 373 3535 ἃ
399 3480 491 3535 καὶ
516 3479 721 3558 κυρίως
752 3479 889 3557 ἄκρα
915 3487 1012 3538 τοῦ
1035 3483 1244 3557 κόσμου
1275 3484 1398 3542 εἲσί.

411 3610 441 3640 ‹‹
472 3582 665 3662 Θαϐὼρ
694 3589 784 3643 καὶ
830 3590 1047 3666 Ἑρμὼν
1092 3590 1145 3646 ἐν
1188 3595 1269 3664 τῷ
1323 3591 1551 3665 ὀνόματί
1582 3613 1677 3649 σου
1708 3592 1975 3670 ἀγαλλιά-

340 3696 542 3731 σονται.
602 3700 630 3729 ››
690 3710 756 3720 -
815 3679 913 3733 Διὰ
958 3683 1066 3735 τῶν
1127 3679 1268 3755 ὀρῶν
1325 3681 1532 3737 τούτων
1595 3682 1758 3757 ὁρίων
1809 3680 1977 3739 ὄντων

336 3769 438 3834 τῆς
470 3766 572 3840 γῆς
599 3764 921 3843 ἐπαγγελίαν
953 3775 1053 3839 τῆς
1100 3769 1236 3845 πρὸς
1282 3771 1382 3840 τήν
1429 3770 1683 3842 τοιαύτην
1735 3769 1983 3843 ἐδήλωσε

338 3859 465 3928 γῆν,
522 3853 614 3908 καὶ
669 3852 751 3909 ὅτι
806 3855 903 3919 τὰς
961 3856 1183 3921 πλείους
1239 3854 1517 3935 διατριϐὰς
1573 3861 1601 3914 ὁ
1648 3860 1878 3936 Χριστὸς
1931 3860 1983 3915 ἐν

335 3940 553 4004 τούτοις
606 3941 842 3999 ἐποιεῖτο
896 3950 1015 4008 τοῖς
1076 3945 1258 4023 μέρεσι
1293 3991 1306 4005 .
1363 3949 1460 4003 Καὶ
1518 3948 1570 4004 ἐν
1632 3944 1825 4022 Θαϐὼρ
1886 3949 1979 4022 μὶν

343 4032 736 4111 μετεμορφώθη
772 4079 787 4106 ,
846 4032 898 4088 ἐν
950 4038 1160 4110 Ἐρμὼν
1222 4034 1280 4092 δὲ
1331 4038 1423 4092 τὸν
1483 4039 1596 4094 υἱὸν
1654 4045 1754 4108 τῆς
1805 4040 1983 4115 χήρας

342 4121 646 4191 ἀνέστησεν’
677 4121 900 4178 ἐνταῦθα
925 4124 1026 4200 γὰρ
1056 4126 1091 4194 ἡ
1124 4122 1286 4187 πόλις
1316 4125 1483 4199 Ναῗμ.

414 4251 444 4280 α
478 4228 582 4291 Σὸς
613 4228 642 4283 6
676 4228 919 4306 βραχίων
975 4231 1109 4304 μετὰ
1154 4228 1484 4296 δυναστείας.
1520 4256 1549 4284 ››
1597 4267 1667 4276 -
1714 4235 1860 4311 Πρὸς
1886 4235 1980 4291 τὸν

338 4315 550 4392 Πατέρα
580 4318 608 4374 6
659 4315 849 4394 λόγος,
890 4324 946 4373 Ὁ
982 4320 1074 4383 σὸς
1127 4319 1371 4396 βραχίων
1416 4321 1541 4392 ἤτοι
1587 4319 1816 4397 δύναμις
1848 4326 1983 4397 μετά

342 4401 668 4468 δυναστείας.
704 4405 735 4461 6'
764 4407 903 4463 ἐστιν
936 4406 1279 4481 δυνατωτάτη
1313 4411 1403 4467 καὶ
1433 4411 1653 4490 ἰσχυρά.
2005 4482 2009 4485 _

420 4533 443 4563 ι
502 4515 905 4589 Κραταιωθήτω
960 4518 996 4587 ἡ
1054 4517 1180 4594 χείρ
1237 4538 1352 4573 σου’
1426 4518 1698 4592 ὑψωθήτω
1744 4522 1781 4589 ἡ
1840 4517 1986 4591 δεξιά

342 4622 460 4659 σου.
494 4625 524 4655 ››
558 4604 756 4673 -Τήν
808 4600 1031 4678 δύναμιν
1079 4603 1243 4661 πάλιν
1294 4605 1515 4662 ἐκάλεσε
1558 4607 1647 4662 καὶ
1696 4612 1857 4684 χεῖρα
1892 4608 1983 4664 καὶ

343 4686 541 4762 δεξιὰν,
587 4692 1015 4767 κραταιουμένην
1068 4694 1163 4767 μὲν
1211 4695 1328 4750 κατ’
1373 4694 1625 4771 ἐχθρῶν,
1676 4696 1983 4770 ὑψουμένην

343 4777 420 4853 δέ,
455 4779 531 4843 εἷς
561 4775 762 4852 σκέπην
815 4786 922 4837 τῶν
972 4782 1209 4840 οἰκείων.
1261 4782 1499 4857 Δύναμις
1544 4781 1603 4840 δὲ
1647 4790 1744 4840 τοῦ
1772 4786 1985 4862 Πατρὸς

342 4869 370 4924 6
401 4868 547 4932 Υἱός.

414 4984 445 5013 ‹‹
498 4960 819 5033 Δικαιοσύνη
884 4962 974 5017 καὶ
1050 4967 1223 5038 κρῖμα
1297 4963 1580 5037 ἓτοιμασία
1635 4968 1733 5019 τοῦ
1790 4963 1985 5041 θρόνου

347 5072 461 5106 σου.
517 5075 538 5101 ι»
593 5084 662 5093 -
717 5051 838 5107 Ἐπὶ
884 5050 1193 5128 δικαιοσύνη
1238 5052 1328 5108 καὶ
1376 5051 1549 5129 κρίσει
1595 5050 1722 5124 ἤτοι
1775 5051 1983 5117 δικαίας

341 5138 572 5216 κρίσεως
648 5141 677 5195 6
750 5139 1055 5205 δικαστικός
1133 5164 1227 5197 σου
1284 5141 1475 5219 θρόνος
1530 5140 1840 5215 ἥδρασται·
1901 5140 1985 5198 διὸ

340 5228 433 5286 καὶ
519 5231 653 5303 μετὰ
752 5235 847 5286 τοῦ
946 5234 1358 5310 τυραννήματος
1460 5238 1658 5309 κρινεῖς
1763 5230 1986 5296 δικαίως

337 5323 509 5395 ἡμᾶς·

343 5429 347 5433 ·
414 5434 443 5464 ‹‹
473 5410 752 5486 Μακάριος
793 5410 822 5466 6
867 5410 1020 5479 λαὸς,
1075 5413 1104 5467 6
1151 5413 1433 5488 γινώσκων
1481 5410 1822 5488 ἀλαλαγμόν.
1858 5435 1887 5464 ››
1917 5444 1986 5454 —

337 5497 638 5576 Μακαρίζει
668 5496 796 5561 τοὺς
847 5495 1056 5561 εἰδότας
1098 5504 1248 5571 νικᾷν
1296 5498 1422 5560 τοὺς
1468 5497 1730 5575 ἆοράτους
1756 5496 1987 5575 ἐχθροὺς

336 5589 425 5645 καὶ
458 5588 575 5645 κατ’
605 5585 780 5642 αὐτῶν
829 5583 1142 5657 ἀλαλάζειν,
1188 5586 1278 5642 καί
1319 5606 1502 5665 φησιν·
1559 5587 1718 5642 Οὗτοι
1766 5585 1816 5643 έν
1865 5593 1984 5649 ταῖς

338 5676 583 5742 ἐντολαῖς
612 5681 710 5732 τοῦ
741 5677 869 5731 Υἱοῦ
904 5697 997 5732 σου
1028 5674 1534 5747 πολιτευθήσονται.

416 5793 443 5827 ιι
473 5767 577 5827 Καὶ
636 5767 689 5829 ἐν
764 5764 991 5843 ὀνόματί
1048 5786 1142 5822 σου
1208 5763 1631 5843 ἀγαλλιάσονται
1687 5763 1824 5837 ὅλην
1883 5765 1982 5836 τήν

2083 2027 2345 2105 ἐναργῶς·
2378 2030 2414 2098 ἡ
2446 2027 2549 2102 γάρ
2582 2026 2771 2105 ὅρασις
2816 2026 3170 2103 ἐναργέα-τέρα
3211 2029 3319 2079 τῶν
3361 2022 3507 2080 ὅλων
3541 2023 3737 2092 αἰσθή-

2083 2138 2240 2172 σεων.
2270 2117 2342 2172 Τὸ
2365 2116 2489 2172 τότε
2535 2114 2595 2172 δὲ
2638 2116 2730 2171 τὸν
2781 2116 2983 2192 χρόνον
3033 2113 3201 2185 δηλοῖ
3245 2114 3362 2169 καθ’
3391 2114 3452 2168 ὃν
3492 2110 3740 2168 ἐνεπνεύ-

2083 2208 2285 2276 σθησαν
2314 2206 2367 2261 οἱ
2394 2208 2669 2284 προφῆται
2698 2205 2767 2261 τὰ
2795 2205 2922 2282 περὶ
2949 2207 3047 2259 τοῦ
3077 2209 3330 2280 Χριστου.

2156 2336 2185 2365 ‹‹
2216 2313 2315 2366 Καὶ
2371 2312 2525 2375 εἶπας
2556 2332 2571 2346 ’
2628 2312 2859 2385 Ἐθέμην
2906 2313 3175 2388 ’βοήθειαν
3234 2309 3323 2364 ἐπὶ
3379 2306 3645 2365 δυνατόν.
3707 2331 3737 2359 ιο

2082 2434 2152 2444 --
2181 2401 2410 2457 Δυνατὸν
2468 2401 2615 2477 λέγει
2666 2401 2787 2455 τὸνο
2820 2402 3028 2472 Ἰησοῦν
3081 2399 3157 2461 ὡς
3213 2397 3416 2474 ἔχοντα
3461 2397 3515 2453 ἐν
3565 2397 3738 2469 ἑαυτῷ

2080 2491 2180 2560 τήν
2237 2494 2335 2545 τοῦ
2391 2494 2526 2546 Θεοῦ
2581 2487 2833 2562 δύναμιν,
2889 2485 3015 2557 ἤτοι
3070 2486 3162 2542 τὸν
3217 2487 3339 2541 Υἱὸν
3398 2490 3498 2541 τοῦ
3555 2493 3689 2541 Θεου
3720 2503 3734 2516 ·

2080 2583 2272 2633 τοῦτον
2297 2579 2400 2655 γὰρ
2429 2578 2518 2633 καὶ
2556 2580 2807 2653 βοήθειαν
2858 2574 3008 2652 λέγει
3056 2575 3463 2652 παρεσχηκέναι
3509 2575 3617 2630 ὑπὸ
3641 2578 3736 2630 τοῦ

2083 2666 2316 2743 Πατρός’
2350 2666 2467 2723 ἐπεὶ
2498 2664 2717 2738 εύδοκίᾳ
2764 2671 2862 2721 τοῦ
2908 2666 3121 2741 Πατρὸς
3150 2671 3358 2734 ἥνωται
3394 2664 3424 2718 6
3455 2662 3635 2739 Λόγος
3660 2667 3735 2733 τῷ

2089 2757 2288 2827 Ἰησοῦ.

2158 2869 2187 2897 ‹‹
2213 2848 2436 2919 ’Ύψωσα
2491 2842 2742 2899 ἐκλεκτόν
2796 2842 2857 2898 ἐκ
2906 2846 3005 2898 τοῦ
3060 2839 3199 2897 λαοῦ
3256 2861 3388 2914 μου.
3437 2863 3468 2891 ι»
3512 2873 3583 2882 -
3633 2838 3718 2893 Τὸν

2084 2934 2245 2990 αὑτὸν
2306 2933 2450 3010 λέγει
2507 2933 2598 2988 καὶ
2656 2930 2931 3004 ἐκλεκτὸν,
2993 2930 3071 2993 ὠς
3120 2929 3211 2985 καὶ
3259 2927 3714 3006 ἐκλεγόμενονείς

2082 3027 2183 3093 τήν
2234 3024 2350 3078 καθ’
2406 3022 2694 3078 ὑπόστασιν
2742 3017 2932 3076 ἕνωσιν
2988 3024 3087 3074 τοῦ
3139 3020 3270 3073 Υἱοῦ
3315 3017 3413 3073 καὶ
3466 3016 3714 3092 ὕψι-’θέντα

2087 3111 2157 3167 δι’
2185 3111 2374 3183 αὑτήν·
2403 3111 2497 3166 τὸν
2530 3108 2659 3166 λαὸν
2692 3108 2752 3165 δὲ
2779 3107 2931 3184 λέγει
2959 3109 3051 3165 τὸν
3081 3104 3406 3163 Ἰουδαῖκόνο
3442 3106 3503 3162 ἐκ
3545 3105 3715 3161 τούτου

2086 3201 2190 3275 γὰρ
2227 3202 2256 3270 ἡ
2281 3204 2471 3255 τοῦτον
2501 3201 2820 3275 γεννήσασα.

2158 3314 2187 3342 ‹‹
2220 3289 2392 3366 Εὗρον
2448 3284 2611 3343 Δαυῗδ
2664 3289 2756 3344 τὸν
2816 3284 3014 3343 δοῦλόν
3072 3306 3201 3359 μου.
3248 3309 3280 3338 »
3312 3317 3380 3328 —-
3423 3282 3537 3342 Τὸν
3584 3283 3732 3339 αὐτὸν

2092 3377 2242 3454 λέγει
2272 3378 2362 3433 καὶ
2393 3375 2578 3449 Δαυῖδ,
2620 3375 2694 3439 ὠς
2724 3375 2784 3431 ἐκ
2813 3372 2978 3431 Δαυΐδ
3004 3372 3401 3450 καταγόμενον.

2159 3491 2188 3520 ‹‹
2219 3468 2307 3522 Ἐν
2342 3465 2510 3539 ἐλαίῳ
2539 3465 2681 3540 ἁγίῳ
2728 3485 2833 3539 μου
2883 3462 3076 3540 ἔχρισα
3123 3462 3308 3520 αὐτόν.
3346 3485 3377 3514 »
3408 3495 3483 3505 —
3509 3466 3663 3523 ’Ήως
3694 3461 3744 3516 ἐν

2084 3560 2165 3629 τῷ
2194 3555 2336 3631 ἁγίῳ
2366 3554 2657 3629 Ηνεύματι·

2159 3669 2190 3698 ‹‹
2221 3646 2285 3700 Ἣ
2337 3645 2438 3720 γὰρ
2494 3642 2620 3720 χείρ
2684 3664 2793 3717 μου
2851 3640 3304 3715 συναντιλήψεται
3360 3639 3533 3712 αὐτῷ,
3584 3637 3676 3694 καί
3718 3640 3744 3693 ὂ

2093 3732 2336 3812 βραχίων
2393 3754 2498 3806 μου
2549 3732 2865 3808 κατισχύσει
2913 3725 3096 3788 αὐτόν.
3130 3754 3160 3782 ››
3190 3762 3262 3772 —
3309 3729 3442 3805 Χεὶρ
3489 3728 3585 3783 καὶ
3618 3729 3743 3805 βρα-

2089 3822 2227 3900 χίων
2283 3826 2417 3878 Θεοῦ
2468 3824 2504 3891 ἡ
2559 3819 2791 3894 δύναμις
2847 3819 3034 3891 αὑτοῦ,
3092 3820 3130 3888 ἢ
3179 3817 3255 3880 ὠς
3305 3818 3334 3872 6
3376 3816 3533 3880 Υἱός.
3589 3818 3660 3871 Τὸ
3689 3814 3744 3871 δὲ

2087 3910 2402 3987 κατισχύσει
2451 3909 2570 3965 ἀντὶ
2620 3913 2719 3965 τοῦ
2778 3908 3116 3985 ἷσχυρότητα
3168 3909 3433 3977 ποιήσει·
3490 3905 3589 3962 καὶ
3642 3907 3734 3982 γάρ

2089 4000 2142 4056 ἐν
2195 4005 2312 4062 τοῖς
2364 3997 2635 4060 τοιούτοις
2691 4000 2725 4067 ἡ
2782 3997 2918 4052 κατᾶ
2972 3995 3223 4072 πρόθεσις
3267 3993 3514 4051 ἐπίτασιν
3558 3993 3733 4065 δηλοῖ·

2090 4089 2165 4153 ὠς
2195 4089 2286 4145 καὶ
2315 4089 2367 4143 ἐν
2397 4087 2478 4161 τῷ
2506 4089 2856 4164 καταργήσει,
2884 4085 3000 4141 ἀντὶ
3021 4088 3120 4141 τοῦ
3150 4083 3503 4161 ἀνενέργητον
3526 4087 3732 4155 ποιήσει

2088 4177 2332 4246 τελείως,
2363 4178 2453 4232 καὶ
2480 4176 2531 4232 ἐν
2556 4182 2674 4239 τοῖς
2704 4176 2942 4249 ὁμοίοις.

2165 4309 2195 4338 ‹‹
2222 4284 2333 4340 Ούκ
2374 4283 2648 4362 ὠφελήσει
2695 4282 2891 4360 ἐχθρὸς
2941 4281 2994 4336 ἐν
3045 4280 3211 4354 αύτῷ.
3248 4304 3270 4333 ι
3304 4312 3377 4323 ——
3403 4279 3519 4335 Οὐκ
3562 4278 3735 4334 ἀνύσει

2089 4375 2119 4431 6
2151 4368 2411 4436 διάϐολος
2438 4372 2491 4427 ἐν
2523 4372 2670 4444 αύτῷ
2697 4372 2989 4447 πειράζων.

2163 4505 2192 4534 ‹‹
2248 4479 2369 4535 Καὶ·
2405 4479 2522 4541 υίὸς
2576 4478 2806 4551 ἀνομίας
2865 4478 2926 4533 οὗ
2981 4476 3279 4551 προσθήσει
3349 4479 3449 4530 τοῦ
3501 4479 3733 4530 κακιῖισαι

2090 4568 2269 4625 αὐτόν.
2302 4591 2351 4645 »_
2379 4600 2449 4610 -—-
2495 4569 2551 4622 Ὀ
2595 4567 2755 4628 αὐτὸς
2805 4565 2895 4621 καὶ
2937 4565 3056 4627 υίὸς
3102 4563 3334 4638 ἀνομίας
3381 4560 3623 4639 λέγεται,
3649 4563 3735 4617 καὶ

2018 4659 2317 4738 Βᾶνομος,
2375 4656 2434 4718 ’ὸς
2489 4655 2552 4711 ού
2609 4656 3133 4732 προσεπιχειρήσει,
3187 4651 3456 4729 πειράζων
3509 4653 3735 4721 ἡττῆααι

2093 4747 2249 4802 αὐτὸν
2277 4793 2292 4819 ,
2345 4744 2735 4822 ἀποκρουσθεὶς
2789 4744 2923 4800 κατὰ
2973 4743 3067 4799 τὸν
3125 4743 3311 4820 καιρὸν
3368 4744 3583 4818 πρῶτον
3639 4743 3732 4795 τοῦ

2091 4840 2418 4914 πειρασμοῦ.

2165 4950 2196 4979 ‹‹
2226 4923 2326 4980 Καὶ
2355 4923 2613 5000 συγκόψω
2643 4923 2748 4979 ἀπὸ
2790 4922 3087 4999 προσώπου
3135 4920 3301 4977 αὑτοῦ
3343 4919 3470 4983 τοὺς
3499 4917 3729 4995 ἐχθροὺς

2092 5014 2277 5070 αὑτοῦ.
2312 5038 2340 5066 ››
2372 5047 2443 5055 -
2470 5013 2549 5070 Τὸ
2602 5012 2861 5088 συγκόψω
2910 5008 3076 5081 δηλοῖ
3101 5011 3166 5065 τὸ
3194 5007 3394 5066 ἆνελῶ.
3442 5009 3514 5064 Τὸ
3544 5005 3605 5063 δὲ
3630 5007 3729 5061 ἀπὸ

2092 5104 2390 5179 προσώπου
2413 5102 2477 5156 τὸ
2522 5101 2614 5157 ἀπ’
2656 5100 2911 5158 ἐνώπιον.
2962 5099 3183 5177 Ἐχθροὶ
3229 5096 3289 5154 δέ
3315 5097 3406 5153 καὶ
3458 5100 3731 5171 μισοῦντες

2092 5190 2251 5248 αὑτὸν
2279 5191 2331 5246 οἱ
2358 5212 2417 5246 τε
2446 5188 2699 5264 δαίμονες
2726 5189 2815 5245 καὶ
2846 5185 3120 5246 Ἰουδαῖοι.

2167 5323 2196 5350 ‹‹
2225 5298 2324 5354 Καὶ
2353 5301 2388 5369 ἡ
2422 5296 2654 5369 ἀλήθειά
2685 5318 2790 5371 μου
2818 5295 2909 5351 καὶ
2935 5296 2999 5350 τὸ
3029 5290 3185 5357 ἔλεός
3216 5314 3321 5368 μου
3354 5292 3470 5364 μετ’
3496 5291 3676 5348 αὑτοῦ.
3700 5312 3729 5343 ιε

2093 5423 2162 5432 —
2193 5386 2455 5459 ’Δλήθεια
2483 5386 2572 5442 καὶ
2605 5384 2759 5448 ἔλεος
2790 5383 3050 5461 πατρικὸν
3084 5384 3113 5438 6
3144 5383 3289 5445 Υἱός.

2166 5519 2195 5549 ι(
2235 5494 2335 5550 Καὶ
2383 5494 2435 5549 ἐν
2484 5495 2564 5566 τῷ
2612 5490 2835 5568 ὀνόματί
2888 5512 2994 5565 μου
3064 5491 3408 5567 ὑψωθήσεται
3452 5488 3515 5544 τὸ
3576 5488 3730 5565 κέρας

2084 5584 2278 5643 ἀύτοῦ.
2314 5608 2343 5636 »
2371 5616 2442 5626 ——
2482 5582 2580 5637 Καὶ
2638 5581 2690 5637 ἐν
2743 5586 2823 5654 τῷ
2876 5577 3153 5636 καλεῖσθαι
3208 5583 3289 5652 τῷ
3344 5577 3462 5654 ἐμῷ
3514 5575 3726 5652 ὀνόματι

2092 5674 2211 5745 ἤως
2271 5674 2468 5750 Κύριος
2517 5672 2609 5727 καὶ
2663 5671 2815 5742 Θεὸς,
2877 5666 3337 5746 μεγαλυνθήσεται
3365 5670 3423 5739 ⁹ἡ
3473 5666 3597 5739 δόξα
3637 5663 3723 5741 a6-

2091 5768 2208 5822 τοῦ.
2266 5760 2507 5836 Ἐκλήθη
2569 5757 2628 5817 δὲ
2690 5764 2771 5836 τῷ
2842 5758 3079 5835 τοιούτῳ
3159 5756 3386 5835 ὀνόματι
3438 5758 3468 5813 6
3523 5757 3722 5829 Ἰησοῦς
