3998 6418
242 434 391 504 1541

1451 436 1863 502 EXPOSITIO
1906 441 1983 500 IN
2030 436 2172 501 PSA
2183 436 2414 502 LMOS.

3468 438 3623 507 {5&2

309 597 338 624 ‹‹
370 572 469 629 Καὶ
517 571 746 628 ἀπὸτοῦ
793 564 964 651 φόϐου
1013 592 1106 625 σου
1152 571 1242 625 τὸν
1293 569 1464 642 θυμόν
1509 590 1604 623 σου
1648 569 1870 644 ἐξαριθ-
1899 572 1956 638 Α
1986 568 2356 645 Ἀπαγομένου
2422 565 2529 623 εἴτε
2603 567 2654 638 ἐξ
2734 567 3033 645 ἀνθρώπων
3112 568 3216 624 εἶ’τε
3289 569 3348 625 ἐκ
3425 569 3621 649 δαιμό-

245 662 510 735 μήσασθαι
543 680 558 731 ;
589 683 620 714 »
663 693 734 705 --
786 662 885 715 Καὶ
942 658 1104 715 πάλιν
1161 658 1242 720 τίς
1300 658 1553 732 γινώσκει
1617 664 1874 734 μετρῆσαι

238 749 328 804 τὸν
382 749 551 824 θυμόν
610 771 727 819 σου,
782 747 1024 804 τουτέστι
1084 745 1374 823 διαγνῶναι
1432 747 1551 810 οἶός
1609 746 1750 807 ἐστιν
1793 747 1873 816 Hi

239 839 452 901 πάντως
503 836 797 910 οὐδεὶς,διά
848 838 911 893 τὸ
969 836 1102 892 εἶναί
1157 857 1216 891 σε
1270 830 1500 915 φοϐερὸν
1552 832 1705 911 δίγαν,
1759 835 1873 906 ἐξα-

242 928 596 1002 ριθμήσασθαι
650 928 749 997 τήν
808 924 979 999 δεξιάν
1037 947 1132 980 σου
1191 924 1384 988 οὕτως·
1440 921 1556 994 ἤως
1606 923 1659 985 ἐν
1704 924 1873 1000 πραό-

238 1036 361 1086 τητι
409 1012 677 1071 παιδεύων
731 1036 798 1088 με
844 1013 1081 1085 δηλαδὴ,
1134 1011 1227 1076 δός
1280 1035 1371 1087 μοι
1413 1018 1610 1090 γνῶναι
1655 1015 1754 1082 τὴν
1796 1010 1877 1067 δε-

242 1103 350 1174 ξιάν
401 1125 497 1160 σου
553 1104 614 1160 ἐκ
664 1110 761 1160 τοῦ
818 1105 1002 1174 στῆναί
1062 1124 1128 1176 με
1177 1103 1230 1157 ἐν
1274 1102 1435 1177 αὐτῇ,
1481 1103 1570 1157 καὶ
1600 1102 1729 1165 τοὺς
1778 1123 1873 1157 πε-

239 1192 576 1266 πεδημένους
632 1195 731 1263 τήν
792 1195 975 1269 ψυχήν
1044 1191 1095 1247 ἐν
1152 1190 1231 1265 τῷ
1288 1185 1444 1272 φόϐῳ
1515 1212 1609 1247 σου
1665 1191 1724 1246 ἐκ
1777 1196 1874 1247 τοῦ

240 1289 561 1359 συνταγῆναι
592 1282 796 1345 αὐτοῖς.

311 1370 753 1449 «Ἐπίστρεψον,
813 1370 993 1447 Κύριε·
1051 1368 1154 1433 ἕως
1207 1369 1339 1426 πότε
1370 1390 1384 1441 ;
1416 1371 1507 1426 καὶ
1560 1369 1813 1447 παρακλή
1848 1403 1871 1412 -

236 1460 359 1530 θητι
413 1458 501 1514 ἐπὶ
554 1465 671 1522 τοῖς
712 1457 931 1522 δούλοις
982 1480 1098 1514 σου.
1132 1483 1162 1511 ››
1191 1494 1261 1502 -
1289 1458 1555 1531 Δηλονότι
1614 1458 1713 1514 οὐκ
1762 1458 1875 1513 ἐπι-

236 1548 500 1624 στρέφεις’
532 1547 937 1625 παρακλήθητι,
970 1545 1343 1620 δυσωπήθητι.

308 1661 337 1691 ι(
368 1637 811 1711 Ἐνεπλήσθημεν
854 1638 918 1692 τὸ
963 1638 1113 1714 πρωῒ
1137 1642 1236 1693 τοῦ
1265 1636 1450 1701 ἐλέους
1482 1659 1598 1710 σου,
1630 1637 1809 1712 Κύριε.
1840 1659 1870 1692 ι

236 1726 477 1782 -Ἀντὶ
523 1731 620 1782 τοῦ
676 1724 1143 1801 ἐμπλησθείημεν,
1192 1729 1281 1782 καὶ
1328 1728 1396 1782 τὰ
1442 1726 1609 1783 λοιπά
1665 1725 1873 1800 ὁμοίως

239 1814 350 1871 ἀντὶ
381 1814 658 1873 εὐκτικῶν.

312 1927 341 1957 ‹‹
370 1904 470 1960 Καὶ
518 1902 599 1960 ἴδε
642 1904 731 1960 ἐπὶ
774 1904 901 1977 τούς
949 1902 1180 1967 δούλους
1230 1924 1326 1958 σου
1373 1904 1463 1958 καὶ
1511 1904 1599 1959 ἐπὶ
1650 1904 1716 1958 τά
1744 1899 1875 1980 ἔργα

240 2013 355 2051 σου.
384 2017 415 2045 ››
461 2026 531 2037 -
575 1992 897 2068 Ἐπίσκεψον
947 1996 1118 2067 ἡμᾶς,
1176 1992 1267 2048 καὶ
1318 1991 1444 2056 τοὺς
1492 1992 1641 2055 υἱοὺς
1688 1994 1872 2065 ἡμῶν,

240 2079 344 2137 εἴτε
373 2081 682 2159 σαρκικοὺς,
731 2080 840 2139 εἷ’-τε
878 2080 1298 2156 πνευματικοὺς,
1348 2079 1621 2158 ὸδήγησον
1674 2080 1725 2135 ἐν
1756 2085 1874 2143 ταῖς

239 2169 481 2234 ἐντολαῖς
513 2192 627 2226 σου.

311 2283 340 2312 ‹‹
368 2259 471 2317 Καὶ
500 2256 641 2315 έστω
691 2261 727 2328 ἡ
776 2257 1100 2335 λαμπρότης
1148 2257 1352 2334 Κυρίου
1398 2262 1495 2313 τοῦ
1542 2262 1677 2314 Θεοῦ
1715 2261 1877 2331 ἡμῶν

238 2346 318 2427 ἐφ’
362 2351 528 2423 ἡμᾶς.
580 2374 609 2402 ››
665 2381 733 2391 -
779 2346 1115 2424 Λαμπρότης
1159 2351 1292 2403 Θεοῦ
1335 2349 1371 2418 ἡ
1416 2348 1476 2403 ἐκ
1523 2352 1656 2404 Θεοῦ
1688 2347 1874 2423 χάρις,

237 2439 275 2513 ἡ
327 2435 719 2514 λαμπρύνουσα
768 2437 860 2492 τὸν
913 2440 1037 2492 νοῦν
1087 2436 1178 2492 καὶ
1226 2437 1294 2492 τὰ
1339 2435 1471 2511 ἔργα
1514 2441 1621 2492 τῶν
1674 2441 1877 2513 χειρῶν

237 2529 420 2602 ἡμῶν.
477 2528 650 2603 Ἔργα
693 2528 895 2602 χειρῶν
938 2526 993 2580 αἱ
1046 2524 1282 2600 πράξεις.
1340 2522 1493 2596 Καλή
1553 2523 1611 2580 δὲ
1650 2530 1747 2581 τοῦ
1795 2525 1875 2604 ἐφ’

238 2619 386 2690 ἡμᾶς
413 2617 451 2688 ἡ
480 2615 789 2692 προσθήκη·
835 2613 925 2670 καὶ
975 2615 1079 2690 γὰρ
1127 2612 1390 2690 ἡμέτερον
1432 2614 1496 2670 τὸ
1542 2612 1731 2690 κέρδος
1778 2617 1877 2685 τῆς

242 2706 455 2782 ἀρετῆς.
487 2710 657 2780 Ἔργα
687 2701 745 2761 δὲ
773 2706 973 2779 χειρῶν
996 2704 1032 2773 ἠ
1056 2701 1116 2771 ἐκ
1141 2702 1383 2780 πράξεων
1417 2698 1878 2777 ἐπισυμϐαίνουσα

238 2797 454 2872 γνῶσις.
488 2789 797 2869 Παρακαλεῖ
824 2794 951 2867 γοῦν
985 2792 1013 2846 6
1035 2793 1331 2869 Προφήτης
1366 2794 1505 2866 μήτε
1532 2793 1667 2848 κατά
1684 2793 1874 2869 πρᾶξιν

244 2885 382 2957 μήτε
409 2881 542 2937 κατά
582 2884 779 2957 γνῶσιν
823 2878 1196 2957 παρεγκλίνειν
1239 2886 1341 2951 τῆς
1389 2880 1699 2953 εὐθύτητος,
1749 2878 1874 2951 ἤτοι

237 2974 333 3028 τοῦ
362 2969 687 3047 πρέποντος.

856 3132 1149 3185 ΨΑΑΜΟΣ
1190 3128 1260 3205 ιί.

311 3294 341 3325 ιι
368 3269 529 3333 Αἶνος
577 3265 726 3343 ᾤδῆς
775 3274 856 3342 τῷ
902 3268 1087 3329 Δαυίδ.
1136 3302 1207 3314 -·
1251 3270 1418 3333 Οὗτος
1468 3272 1496 3324 6
1542 3270 1759 3346 ψαλμὸς
1790 3270 1869 3329 δι-

234 3367 334 3432 τῆς
366 3358 443 3424 εἴς
472 3360 600 3416 Θεὸν
630 3357 854 3422 ἐλπίδος
884 3361 945 3416 τὸ
976 3360 1215 3436 ἄμα-γον.

310 3474 341 3503 ‹‹
370 3451 427 3504 Ὁ
481 3452 748 3505 κατοικῶν
808 3447 858 3503 ἐν
914 3448 1140 3524 βοηθείᾳ
1183 3452 1281 3503 τοῦ
1320 3448 1566 3524 Ὑψίστου
1615 3449 1667 3506 ἐν
1709 3452 1879 3527 σκέπῃ

235 3542 333 3600 τοῦ
361 3542 494 3593 Θεοῦ
534 3541 632 3592 τοῦ
678 3535 908 3610 οὐρανοῦ
958 3534 1362 3608 αὐλισθήσεται.
1394 3560 1425 3590 ››
1466 3572 1535 3580 -
1575 3540 1631 3594 Ὀ
1678 3539 1878 3614 ἐπίμο-

236 3648 328 3683 νον
359 3625 503 3703 ἔχων
544 3626 637 3681 τὸν
685 3630 806 3681 νοῦν
857 3628 926 3699 τῇ
963 3624 1187 3701 βοηθείᾳ
1212 3630 1281 3700 τῇ
1315 3625 1375 3681 ἐκ
1401 3632 1554 3700 Θεοῦ,
1588 3627 1676 3684 διὰ
1706 3631 1771 3685 τὸ
1800 3630 1876 3692 εἷς

244 3715 407 3789 μόνον
461 3715 554 3770 τὸν
615 3714 740 3770 Θεὸν
800 3711 1059 3784 ἐλπίζειν,
1111 3713 1191 3768 ἀεὶ
1253 3712 1311 3770 δὲ
1365 3713 1520 3778 οὗτος
1585 3721 1653 3791 τῇ
1712 3717 1878 3791 σκέπῃ

237 3809 336 3859 τοῦ
394 3802 646 3881 οὐρανίου
719 3807 853 3859 Θεοῦ
932 3801 1095 3874 διάξει
1145 3848 1164 3877 ,
1236 3802 1509 3861 τουτέστιν
1577 3807 1680 3861 ὑπὸ
1744 3811 1877 3862 Θεοῦ

239 3890 646 3972 φυλαχθήσεται
677 3890 922 3949 πάντοτε.

310 4006 340 4035 ‹‹
374 3984 520 4059 Ἐρεῖ
565 3985 646 4055 τῷ
698 3978 907 4058 Κυρίῳ,
954 3981 1333 4057 ’Δντιλήπτῳρ
1395 4004 1501 4056 μου
1548 3983 1613 4053 εί,
1662 3985 1752 4039 καὶ
1780 4005 1875 4040 κα-

232 4072 443 4149 ταφυγή
501 4090 626 4143 μου.
677 4093 705 4121 ››
756 4102 826 4112 -
870 4070 1015 4145 Ἐρεῖ
1044 4073 1125 4142 τῷ
1154 4075 1270 4143 Θεῷ
1315 4073 1449 4144 μετά
1507 4071 1738 4149 θάρῥους
1786 4074 1876 4130 καὶ

232 4156 558 4237 παρρησίας.

306 4271 337 4301 ‹‹
365 4249 425 4302 Ὁ
453 4246 584 4311 Θεός
634 4269 759 4321 μου,
809 4246 984 4303 ἐλπιῶ
1028 4246 1108 4303 ἐπ’
1135 4248 1315 4305 αὐτόν.
1368 4272 1397 4302 ››
1428 4282 1497 4293 —-
1526 4251 1671 4328 Ἐρεῖ
1713 4251 1878 4307 πάλιν

234 4336 463 4393 ἐνώπιον
496 4334 732 4392 πάντων
766 4336 895 4399 Θεός
929 4358 1033 4410 μου
1064 4337 1221 4401 οὗτός
1252 4337 1413 4395 ἐστιν.

306 4450 337 4480 ιι
367 4428 485 4482 Ὅτι
530 4424 688 4489 αὐτὸς
741 4424 953 4502 ῥύσεταί
1013 4447 1071 4482 σε
1118 4425 1179 4482 ἐκ
1232 4426 1456 4504 παγίδος
1504 4434 1800 4505 θηρευτῶν.
1847 4454 1876 4482 ››

230 4547 303 4561 --
335 4515 393 4569 ’0
424 4513 591 4590 λόγος
645 4513 877 4593 ἐστράφη
927 4516 1063 4592 πρὸς
1107 4516 1199 4570 τὸν
1248 4514 1539 4587 ἐλπίζοντα
1584 4519 1662 4582 εἷς
1714 4518 1875 4592 μόνον

229 4604 324 4660 τὸν
369 4602 519 4659 Θεόν.
581 4603 853 4679 Θηρευτᾶς
914 4600 973 4659 δὲ
1028 4601 1176 4679 λέγει
1232 4604 1361 4668 τοὺς
1417 4605 1704 4678 αἰσθητοὺς
1761 4609 1876 4663 έπι-

232 4688 471 4756 ϐούλους
499 4691 589 4748 καὶ
620 4691 867 4763 νοητούς.

308 4806 337 4834 ι(
370 4780 474 4839 Καὶ
520 4780 625 4836 ἀπὸ
673 4778 842 4857 λόγου
890 4780 1278 4858 ταραχώδους.
1310 4806 1338 4836 ››
1372 4816 1442 4827 --
1493 4783 1670 4859 Λόγον
1713 4804 1879 4860 ταρα-

230 4867 397 4947 χώδη
427 4870 518 4925 τὸν
567 4876 665 4939 τῆς
714 4869 1068 4948 συκοφαντίας
1119 4871 1250 4948 φησὶ
1278 4870 1367 4926 καὶ
1416 4868 1701 4943 διαϐολῆς
1734 4872 1878 4928 πολὺ

229 4961 337 5037 γὰρ
367 4958 523 5020 οὗτος
553 4955 667 5013 οἶδε
693 4958 973 5034 ταράσσειν
1000 4959 1099 5028 τήν
1128 4961 1334 5036 ψυχήν.

306 5072 337 5099 ‹‹
370 5049 458 5103 Ἐν
513 5051 632 5110 τοῖς
695 5048 1048 5124 μεταφρένοις
1106 5047 1269 5104 αὐτοῦ
1328 5049 1622 5106 ἐπισκιάσει
1680 5072 1786 5108 σοι.
1847 5076 1875 5103 )›

228 5169 305 5181 --
331 5136 530 5197 Ἑσνὼς
555 5130 857 5211 ἔμπροσθέν
906 5157 1002 5190 σου
1044 5138 1336 5214 πρόμαχος
1385 5139 1474 5194 καὶ
1505 5139 1787 5219 φυλάττων
1822 5161 1881 5195 σε

227 5224 374 5281 πολε
381 5223 484 5299 μού
492 5244 669 5299 μενον.

305 5339 336 5368 ‹‹
370 5314 471 5369 Καὶ
502 5313 604 5369 ὑπὸ
655 5312 753 5375 τὰς
804 5313 1074 5391 πτέρυγας
1120 5315 1285 5371 αὐτοῦ
1317 5315 1545 5381 έλπιεῖς.
1580 5342 1610 5370 ››
1641 5351 1709 5361 --
1740 5324 1879 5373 Σκε-

224 5404 390 5461 πάσει
420 5402 525 5480 γὰρ
556 5424 614 5457 σε
642 5402 732 5458 καὶ
762 5402 839 5465 ὠς
867 5403 1104 5460 νεοσσόν.

305 5518 334 5546 ‹‹
369 5491 565 5564 Ὅπλῳ
613 5489 883 5547 κυκλώσει
942 5513 1001 5547 σε
1056 5494 1090 5563 ἠ
1141 5492 1372 5566 ἀλήθεια
1421 5494 1603 5552 αὐτοῦ.
1638 5518 1668 5547 »
1698 5499 1881 5566 -Τῷ

229 5578 398 5655 ὅπλῳ
450 5580 612 5636 αὐτοῦ
661 5577 779 5650 ἤως
832 5586 912 5653 τῷ
968 5588 1181 5659 σταυρῷ
1251 5586 1670 5662 περιφρουρήσει
1733 5605 1789 5638 σε
1843 5585 1877 5653 ἠ

231 5669 494 5742 ἀλήθεια,
524 5670 796 5724 τουτέστιν
830 5670 858 5723 6
887 5671 1136 5744 Χριστός.

1982 680 2085 713 νων
2092 703 2105 715 .

2056 771 2085 799 ι(
2118 747 2254 802 Ἀπὸ
2308 745 2502 821 βέλους
2547 745 2845 820 πετομένου
2892 747 3123 822 ἡμέρας.
3168 773 3197 800 »
3227 782 3296 793 ——-
3343 752 3475 808 Ἀπὸ
3530 755 3618 830 βέ-

1985 836 2113 898 λους
2160 835 2448 913 ἀφιεμένου
2496 835 2547 890 ἐν
2592 835 2794 910 ἡμέρᾳ,
2840 832 2946 891 εἷπε
2988 836 3281 910 αἰσθητῶς,
3332 837 3437 897 εἷίιε
3491 864 3625 916 νοη-

1979 946 2108 987 τως.

2055 1038 2083 1065 ‹‹
2116 1014 2250 1071 Ἀπὸ
2309 1012 2622 1089 πράγματος
2696 1012 2748 1067 ἐν
2817 1012 2991 1069 σκότει
3060 1012 3540 1089 διαπορευομένου.
3592 1042 3621 1072 ››

1982 1135 2051 1144 -——
2098 1102 2195 1156 Διά
2248 1107 2345 1157 τοῦ
2388 1102 2704 1178 πράγματος
2768 1099 3035 1172 ἐδήλωσεν
3067 1105 3156 1158 καὶ
3210 1102 3340 1167 τοὺς
3384 1106 3620 1184 κακούρ-

1979 1212 2105 1267 γους
2135 1191 2474 1265 ἀνθρώπους,
2504 1192 2594 1245 καὶ
2644 1190 2772 1255 τοὺς
2817 1189 3101 1266 δαίμονας,
3132 1193 3221 1248 καὶ
3262 1197 3330 1249 τὰ
3369 1197 3510 1268 πάθη
3555 1197 3622 1252 τὰ

1982 1278 2033 1334 ἐν
2060 1279 2208 1335 νυκτὶ
2238 1279 2600 1355 ἐπερχόμενα.

2051 1392 2081 1421 ι(
2115 1368 2246 1424 Ἀπὸ
2296 1369 2721 1442 συμπτώματος.
2772 1393 2800 1422 ))
2847 1402 2917 1412 --
2960 1370 3283 1445 Σύμπτωμα
3348 1375 3442 1447 μὲν
3508 1374 3619 1433 ἔστι

1976 1457 2041 1512 τὸ
2071 1455 2493 1533 ἀπροσδοκήτως
2520 1453 2816 1531 συμϐαῖνον
2847 1454 3173 1531 ἀϐούλητον.

2051 1571 2080 1599 ‹‹
2113 1547 2211 1601 Καὶ
2263 1544 2548 1619 δαιμονίου
2601 1543 2998 1624 μεσημϐρινοῦ.
3059 1572 3089 1601 ››
3142 1583 3213 1595 ν·-
3259 1557 3368 1607 Πᾶν
3446 1555 3623 1619 πάθος

1984 1635 2116 1711 ὅπερ
2147 1634 2484 1691 ἐπανίσταται
2519 1636 2652 1709 μετά
2673 1638 2901 1714 τροφήν.

2062 1746 2088 1780 ιι
2116 1729 2361 1779 Πεσεῖται
2432 1723 2491 1779 ἐκ
2552 1729 2650 1779 τοῦ
2700 1723 2921 1787 κλίτους
2962 1747 3076 1781 σου.
3128 1751 3158 1780 ››
3201 1762 3271 1773 -
3316 1727 3513 1794 Κλῖτος
3557 1732 3624 1788 τὸ

1981 1812 2259 1889 ἀριστερὸν
2293 1811 2516 1868 ἐκάλεσε
2549 1814 2734 1890 μέρος.

2055 1926 2083 1954 ‹‹
2115 1900 2312 1964 Χιλιάς
2366 1902 2456 1957 καὶ
2517 1903 2713 1979 μυριὰς
2760 1903 2821 1959 ἐκ
2867 1902 3050 1975 δεξιῶν
3101 1927 3218 1976 σου,
3270 1909 3407 1983 πρὸς
3458 1908 3515 1964 σὲ
3563 1907 3624 1965 δὲ

1984 1990 2083 2046 οὐκ
2138 1990 2326 2067 ἐγγιεῖ.
2385 2015 2413 2043 ››
2472 2026 2537 2033 -
2576 1991 2761 2047 Βελῶν
2809 1990 3086 2063 δηλονότι’
3148 1998 3443 2071 τοξευθήσῃ
3495 1999 3621 2074 γὰρ,

1984 2080 2135 2157 φησὶ,
2188 2081 2332 2156 παρά
2400 2085 2506 2136 τῶν
2571 2085 2782 2151 νοητῶν
2844 2081 3149 2156 πολεμίων,
3194 2083 3380 2141 πολλά
3423 2086 3516 2159 μὲν
3569 2085 3620 2160 ἐξ

1942 2168 2299 2244 -ἀριστερῶν,
2332 2166 2507 2224 πλείω
2565 2166 2623 2223 δὲ
2675 2168 2734 2225 ἐκ
2777 2174 2882 2224 τῶν
2934 2168 3143 2244 δεξιῶν,
3194 2172 3320 2229 ἀλλ’
3378 2171 3624 2252 ἄπρακτα

1982 2261 2260 2312 πεσοῦνται
2308 2259 2374 2312 τὰ
2423 2257 2581 2332 βέλη,
2628 2259 2711 2313 σοὶ
2760 2256 2818 2313 δὲ
2865 2257 2989 2314 οὐδέ
3034 2260 3418 2332 πλησιάσουσν
3455 2264 3618 2337 μόνον

1984 2340 2042 2399 δὲ
2085 2351 2201 2407 τοῖς
2248 2351 2457 2422 νοεροῖς
2506 2367 2600 2401 σου
2651 2346 2956 2425 ὀφθαλμοῖς
2982 2350 3162 2425 γνώσῃ
3191 2350 3343 2424 αὐτὰ,
3373 2352 3461 2407 καὶ
3516 2354 3617 2423 τὴν

1980 2433 2247 2509 τιμωρίαν
2278 2438 2384 2489 τῶν
2433 2434 2773 2510 ἀμαρτωλῶν
2824 2433 3096 2509 δαιμόνων
3142 2439 3320 2514 θεάσῃ.
3359 2440 3449 2503 Τίς
3496 2439 3553 2497 δὲ

1982 2520 2223 2598 τιμωρία
2248 2550 2261 2591 ;
2291 2524 2361 2577 T6
2385 2528 2489 2577 τῶν
2522 2518 2813 2600 προϐολῶν
2847 2525 3019 2581 αὐτῶν
3051 2527 3423 2604 ἀνενέργητον.

2057 2614 2233 2666 «Ὅτι
2289 2610 2372 2684 σὺ,
2432 2611 2612 2688 Κύριε,
2666 2615 2701 2682 ἡ
2764 2610 2920 2675 ἐλπίς
2981 2635 3110 2688 μου,
3182 2617 3274 2672 τὸν
3349 2619 3618 2693 ”Ψψιστον

1984 2699 2104 2754 ἔθου
2134 2702 2447 2777 καταφυγήν
2480 2722 2595 2757 σου.
2628 2725 2655 2753 ››
2688 2735 2758 2743 —
2787 2701 2968 2757 Δείπει
2994 2704 3057 2758 τὸ
3088 2709 3262 2767 εἶπας.

2060 2811 2089 2844 ιι
2143 2788 2215 2843 Οὐ
2270 2789 2685 2865 προσελεύσεται
2758 2792 2894 2866 πρὸς
2949 2793 3007 2846 σὲ
3061 2795 3215 2850 κακά.
3272 2818 3302 2847 ››
3355 2828 3425 2839 --
3480 2799 3624 2853 Κνκὰ

1984 2877 2128 2954 λέγει
2184 2878 2311 2940 τοὺς
2365 2878 2720 2955 πειρασμοὺς,
2778 2878 2903 2935 οὐδὲ
2957 2888 3060 2951 τῆς
3114 2885 3299 2959 ψυχῆς
3359 2887 3435 2957 μὴ
3465 2907 3626 2945 κατα.

1981 2972 2168 3044 κρατεῖ
2194 2968 2514 3043 πειρασμὸς,
2546 2967 2608 3022 οὐ
2639 2966 2787 3025 δοκεῖ
2819 2970 2999 3043 τούτῳ
3027 2970 3451 3048 προσέρχεσθαι.

2056 3080 2084 3109 ιι
2117 3056 2214 3110 Καὶ
2266 3056 2454 3130 μάστιξ
2514 3056 2625 3147 οὐδε
2659 3055 2824 3133 ἐγγιεῖ
2871 3057 2923 3112 ἐν
2969 3063 3048 3130 τῷ
3095 3062 3410 3147 σκηνώματι
3440 3083 3557 3122 σου.
3591 3087 3623 3117 »

1985 3178 2050 3187 -
2080 3144 2153 3199 Οὐ
2207 3144 2308 3221 γὰρ
2367 3142 2807 3220 ὑπολαμϐάνεταί
2877 3169 2929 3203 τι
3004 3147 3249 3226 ἀλγεινὸν
3303 3142 3622 3222 ’πλησιάσαι

1981 3238 2060 3305 τῷ
2135 3235 2348 3308 σώματι
2414 3238 2511 3289 τοῦ
2591 3236 2668 3309 μή
2750 3235 2986 3302 ἐντεῦθεν
3068 3236 3450 3314 βλαπτομένου
3521 3242 3620 3311 τήν

1906 3308 1951 3375 C
1988 3324 2191 3399 ψυχήν.

2056 3436 2085 3464 ‹‹
2117 3414 2234 3466 ’Ότι
2289 3417 2403 3475 τοῖς
2453 3411 2709 3489 ἀγγέλοις
2776 3413 2939 3470 αὐτοῦ
2998 3413 3284 3472 ἐντελεῖται
3332 3417 3456 3494 περὶ
3503 3422 3622 3492 σοῦ,

1982 3504 2078 3555 τοῦ
2139 3498 2458 3580 διαφυλάξαί
2510 3522 2568 3556 σε
2616 3502 2666 3558 ἐν
2717 3503 2911 3567 πάσαις
2960 3509 3076 3567 ταῖς
3127 3502 3279 3570 ὁδοῖς
3325 3527 3442 3564 σου.
3483 3532 3514 3560 »
3553 3540 3625 3552 -—

1982 3587 2167 3653 Ὁδοὺς
2195 3592 2292 3653 τὰς
2317 3592 2533 3666 πράξεις
2564 3592 2717 3669 φησί.

2058 3705 2085 3733 ι(
2116 3681 2235 3736 Ἐπὶ
2283 3685 2482 3757 χειρῶν
2537 3680 2725 3756 ἀροῦσί
2772 3703 2847 3736 σε.
2884 3705 2914 3734 ››
2939 3714 3008 3725 --
3047 3687 3237 3761 Χεῖρες
3285 3683 3535 3762 ἀγγέλων
3568 3685 3625 3745 αἱ

1984 3769 2241 3825 σωστικαὶ
2273 3766 2529 3842 δυνάμεις
2559 3769 2751 3827 αὐτῶν.

2056 3883 2083 3911 ‹‹
2117 3860 2344 3929 Μήποτε
2393 3858 2705 3933 προσκόψῃς
2761 3860 2897 3936 πρὸς
2945 3857 3095 3925 λίθον
3144 3863 3236 3918 τὸν
3267 3861 3410 3920 πόδα
3443 3886 3560 3924 σου.
3591 3889 3622 3919 ››

1984 3980 2053 3990 -
2081 3946 2245 4009 Λίθος
2274 3948 2310 4016 ἡ
2343 3945 2597 4023 ἁμαρτία’
2630 3946 2765 4010 ποὺς
2797 3951 2832 4018 ἡ
2862 3946 3134 4007 πολιτεία.

2056 4060 2085 4088 ‹‹
2119 4036 2241 4090 Ἐπὶ
2289 4032 2486 4090 ἀσπίδα
2526 4036 2615 4091 καὶ
2670 4034 2987 4111 βασιλίσκον
3037 4034 3289 4116 ὲπιϐήσῃ,
3325 4040 3415 4097 καὶ
3460 4060 3625 4097 κατα-

1984 4126 2242 4195 πατήσεις
2297 4122 2490 4179 λέοντα
2553 4125 2643 4180 καὶ
2701 4123 2981 4202 δράκοντα.
3029 4151 3058 4181 ››
3108 4161 3175 4172 -
3218 4134 3392 4185 Ταῦτα
3453 4131 3627 4185 πάντα

1984 4214 2012 4268 6
2040 4210 2299 4275 διάϐολος
2335 4213 2673 4287 ὀνομάζεται.

2058 4326 2086 4356 ι(
2116 4305 2233 4357 Ὅτι
2289 4302 2372 4357 ἐπ’
2416 4302 2513 4376 ἐμὲ
2558 4300 2783 4372 ἤλπισε,
2828 4305 2919 4359 καὶ
2970 4304 3203 4380 ῥύσομαι
3250 4304 3427 4361 αὐτόν.
3483 4330 3505 4358 ι
3578 4338 3628 4350 «-

1984 4391 2197 4469 Εἰσάγει
2244 4392 2334 4446 τὸν
2380 4391 2510 4447 Θεὸν
2552 4393 2580 4446 6
2627 4395 2922 4470 Προφήτης
2972 4388 3288 4469 βεϐαιοῦντα
3348 4393 3476 4457 τοὺς
3526 4393 3625 4450 λό-

1982 4502 2111 4558 γους
2141 4480 2325 4538 αὐτοῦ.

2058 4593 2087 4622 ‹‹
2120 4568 2380 4624 Σκεπάσω
2433 4568 2613 4640 αὐτὸν,
2646 4568 2729 4625 ὅτι
2787 4567 2927 4645 ἔγνω
2982 4572 3044 4626 τὸ
3100 4566 3271 4644 ὄνομά
3323 4592 3450 4645 μου.
3499 4594 3529 4624 ››
3560 4604 3629 4616 —

1907 4680 1955 4745 Β
1986 4659 2245 4714 Γινώσκει
2274 4657 2355 4713 ὅτι
2388 4659 2416 4713 ὁ
2446 4659 2575 4721 Θεὸς
2606 4660 2634 4713 6
2665 4658 2825 4731 ἀξίως
2855 4659 3314 4738 προσφερόμενος.

2060 4770 2089 4801 ‹‹
2119 4747 2447 4823 Μακρόοητα
2500 4750 2723 4825 ἡμερῶν
2765 4746 3036 4821 ἐμπλήσω
3085 4748 3267 4804 αὐτόν.
3326 4771 3354 4801 ››
3403 4781 3473 4791 —-
3517 4750 3625 4818 Τὴν

1984 4835 2205 4891 αἰωνίαν
2238 4834 2383 4911 λέγει
2418 4836 2581 4905 ζωὴν.

2588 4963 2879 5017 ΨΑΑΜΟΣ
2922 4960 3037 5038 ιιΑο.

2062 5074 2083 5101 ιι
2119 5047 2351 5122 Ψαλμὸς
2383 5047 2529 5121 ᾠδῆς
2560 5048 2635 5110 εἷς
2665 5050 2762 5117 τήν
2790 5047 2999 5125 ἡμέραν
3032 5053 3128 5103 τοῦ
3160 5044 3468 5107 Σαϐϐάτου.
3503 5074 3532 5103 ››
3563 5083 3635 5095 -σ

1988 5134 2265 5193 Σάϐϐατον
2326 5137 2548 5201 ἐνταῦθα
2600 5138 2690 5192 τὸν
2755 5136 3045 5210 μέλλοντα¹
3079 5137 3250 5192 αἰῶνα
3292 5140 3537 5208 νοητέον,
3570 5138 3631 5202 ὅς

1986 5225 2126 5281 ἐστιν
2184 5225 2343 5303 ἀργία
2400 5223 2674 5294 παντελὴς
2727 5225 2818 5279 καὶ
2869 5227 3200 5289 κατάπαυσις
3256 5231 3365 5282 τῶν
3423 5227 3636 5304 ἀνθρω-

1984 5316 2151 5371 πείων
2184 5317 2397 5370 πάντων
2426 5314 2783 5391 πραγμάτων.

2058 5430 2086 5457 ‹‹
2120 5405 2340 5480 Ἀγαθὸν
2372 5405 2434 5459 τὸ
2465 5401 2905 5479 ἐξομολογεῖσθαι
2934 5401 3014 5477 τῷ
3045 5404 3252 5479 Κυρίῳ,
3283 5404 3372 5460 καὶ
3403 5402 3635 5478 ψάλλειν

1985 5498 2064 5567 τῷ
2120 5493 2345 5566 ὀνόματί
2402 5514 2516 5564 σου,
2576 5496 2811 5566 ’Ύψιστε.
2872 5517 2901 5544 ››
2953 5527 3021 5535 —
3052 5494 3148 5547 Διά
3198 5497 3293 5549 τοῦ
3341 5493 3490 5568 πρωῒ
3540 5493 3631 5547 καὶ

1985 5588 2084 5650 τῆς
2136 5581 2326 5643 νυκτὸς
2382 5581 2553 5635 πάντα
2611 5580 2701 5634 τὸν
2771 5580 2971 5657 χρόνον
3054 5578 3323 5652 ἐδήλωσε*
3388 5580 3478 5634 καὶ
3542 5577 3633 5637 διὰ

1993 5671 2086 5743 μὲν
2142 5675 2239 5725 τοῦ
2316 5668 2502 5731 ἐλέους
2569 5670 2667 5731 τὰς
2740 5670 2866 5745 περὶ
2938 5672 3084 5743 ἡμᾶς
3157 5668 3481 5746 εὐεργεσίας,
3541 5665 3632 5728 διὰ

311 5783 341 5815 ιι
401 5758 474 5815 Οὐ
551 5752 839 5837 φοϐηθήσῃ
916 5758 1022 5816 ἀπὸ
1078 5754 1251 5847 φόϐου
1306 5767 1618 5845 νυκτερινοῦ
1652 5804 1667 5819 .
1728 5785 1757 5814 ››
1814 5793 1884 5805 -
1992 5758 2052 5817 δὲ
2122 5767 2222 5834 τῆς
2283 5757 2493 5825 ἀδικίας
2566 5760 2665 5833 τὴν
2740 5759 2877 5816 κατά
2945 5762 3053 5815 τῶν
3135 5756 3462 5817 ἀδικούντων
3534 5756 3632 5818 63h
