3998 6344
463 358 617 426 1543

1703 357 2121 424 NICEPHORI
2168 359 2600 425 BLEMMIDE
3624 370 3729 436 15M

462 490 692 564 δίκησιν·
755 491 1024 554 πολλάκις
1098 489 1198 567 γὰρ
1278 491 1533 562 ἀλήθειαν
1593 492 1692 560 τήν
1751 489 2096 562 δικαιοσύνην
2126 493 2181 560 Α
2208 513 2362 554 καιος
2391 492 2460 567 τῇ
2490 490 2696 565 αἰωνίῳ
2729 495 2862 565 ζωῇ³
2896 490 3259 562 πολυπληθὴς
3287 491 3342 550 δὲ
3456 499 3636 573 ἀφθονίᾳ
3658 509 3730 559 τῶν

460 582 637 640 καλεῖ.

537 697 558 724 ι
591 677 709 726 Ὅτι
742 669 1002 750 εὕφρανάς
1047 691 1133 744 με,
1166 669 1352 746 Κύριε,
1383 668 1433 725 ἐν
1482 674 1561 741 τῷ
1606 670 1874 744 ποιήματί
1919 691 2034 726 σου.
2064 694 2092 721 ››

456 796 526 806 -
574 761 798 834 Ποίημα
873 757 1023 834 λέγει
1081 761 1180 828 τὴν
1259 759 1537 832 σύμπασαν
1602 759 1861 830 αἰσθητήν
1921 759 2088 815 κτίσιν

706 851 770 904 Τς
837 846 880 868 ἢκ
971 845 1020 888 τηε
1196 847 1208 868 Ι
1407 849 1422 866 \
1597 850 1608 866 \
1712 852 1720 868 ι
1945 849 1958 868 \
2034 850 2047 868 \

631 872 675 912 ς.
750 872 779 904 α
835 865 891 904 οε
943 867 1058 917 ε.οη
1115 869 1314 919 ταυτης
1365 870 1431 903 τα
1486 869 1620 903 κατα
1663 869 1824 924 μερος
1872 870 1961 903 και
1988 871 2088 917 την

455 941 775 1015 συντήρησιν
836 939 925 992 καὶ
1001 935 1262 1010 διαμονὴν
1339 937 1427 991 καὶ
1503 937 1776 1008 πρόνοιαν,
1833 937 1922 991 καὶ
1992 938 2089 999 τὰς

454 1029 723 1106 ἀρρήτους
751 1026 1066 1100 οἰκονομίας
1093 1031 1191 1081 τοῦ
1221 1030 1353 1081 Θεοῦ
1384 1030 1585 1102 χειρῶν
1616 1023 1744 1100 ἔργα
1772 1023 1925 1103 φησί.

517 1137 666 1198 «Ὡς
727 1133 1067 1210 ἐμεγαλύνθη
1121 1133 1188 1189 τὰ
1259 1131 1392 1209 ἔργα
1465 1153 1582 1200 σου,
1642 1131 1824 1207 Κύριε,
1883 1128 2088 1208 σφόδρα

441 1220 804 1294 ἐϐαθύνθησαν
866 1225 917 1278 οἱ
1001 1220 1346 1298 διαλογισμοί
1409 1243 1522 1278 σου.
1586 1245 1608 1270 ι
1687 1253 1756 1262 —-
1831 1217 2080 1294 Διαλογι-

440 1313 612 1387 σμούς
669 1335 799 1391 φησι
851 1314 946 1374 τὰς
1004 1310 1208 1388 βουλὰς
1256 1311 1345 1365 καὶ
1392 1311 1490 1378 τήν
1545 1309 1733 1387 σοφίαν
1782 1313 1878 1363 τοῦ
1927 1312 2080 1362 Θεοῦ’

439 1401 530 1459 διὰ
571 1402 630 1458 δὲ
670 1407 766 1458 τοῦ
808 1397 1172 1470 ἐϐαθύνθησαν
1220 1401 1283 1456 τὸ
1326 1399 1606 1478 ἀνέφικτον
1662 1397 1866 1452 τούτων
1919 1394 2085 1467 δηλοῖ

435 1493 526 1554 καὶ
555 1491 984 1568 ἀνεξερεύνητον.

507 1606 537 1633 ‹‹
569 1581 733 1657 Ἀνὴρ
792 1577 973 1657 ἄφρων
1060 1577 1122 1633 ού
1200 1579 1481 1653 γνώσεται,
1539 1577 1629 1632 καὶ
1705 1575 1950 1636 ἀσύνετος
2017 1575 2080 1628 ού

436 1673 654 1740 συνήσει
705 1673 889 1724 ταῦτα.
935 1693 964 1720 ››
1013 1700 1081 1710 -—
1127 1673 1236 1737 Τῆς
1285 1667 1428 1729 θείας
1479 1667 1789 1744 φρονήσεως
1848 1666 2077 1740 ἄμοιρος

435 1759 500 1814 ού
554 1761 738 1828 νοήσει
793 1762 980 1829 ταῦτα,
1031 1755 1114 1811 ὅτι
1163 1753 1378 1826 δηλαδή
1464 1753 1670 1831 μεγάλα
1723 1754 1812 1808 καὶ
1870 1765 2077 1825 θαυμα-

435 1844 534 1902 στά
588 1868 684 1902 σου
725 1846 793 1902 τά
840 1844 968 1922 ἔργα
1011 1845 1100 1900 καὶ
1149 1847 1185 1914 ἡ
1237 1842 1414 1920 βουλή
1457 1843 1546 1898 καὶ
1593 1843 1753 1921 σοφία
1781 1863 1876 1898 σου
1907 1841 2077 1914 ἀνεξε-
2105 1879 2154 1944 Β

435 1936 716 2012 ρεύνητος.

507 2067 534 2094 ‹‹
565 2045 649 2098 Ἐν
706 2046 785 2114 τῷ
832 2039 1104 2097 ἀνατεῖλαι
1165 2039 1294 2102 τοὺς
1361 2037 1722 2115 ἁμαρτωλοὺς
1769 2039 1896 2092 ὡσεὶ
1944 2032 2077 2113 χόρ-

426 2153 542 2205 τον,
590 2133 680 2187 καὶ
731 2129 983 2205 διέκοψαν
1044 2131 1238 2190 πάντες
1293 2130 1345 2182 οὶ
1399 2127 1747 2204 ἐργαζόμενοι
1795 2129 1893 2197 τήν
1953 2129 2076 2181 ἀνο-

436 2223 583 2294 μίαν.
649 2247 670 2272 ι
715 2255 783 2267 --
837 2223 894 2274 Ὁ
951 2220 1040 2274 καὶ
1097 2218 1370 2294 περιττός.
1409 2219 1479 2272 Τὸ
1537 2215 1594 2272 δὲ
1654 2215 1904 2291 διέκυψαν
1959 2216 2074 2270 ἀντὶ

430 2317 530 2366 τοῦ
587 2306 946 2381 ἐϐλάστησαν,
1005 2306 1222 2386 ἔφυσαν,
1284 2305 1536 2380 διέκυψαν
1589 2313 1688 2376 τῆς
1746 2314 1866 2382 γῆς.
1929 2306 2074 2374 Φησὶ

433 2406 587 2476 γοῦν,
621 2398 1061 2469 Ἐπληθύνθησαν
1121 2399 1172 2451 οἳ
1223 2396 1455 2473 πονηροὶ
1512 2395 1752 2464 ἐνταῦθα,
1795 2393 1886 2448 ’ἱνα
1940 2395 2075 2448 κατά

429 2491 522 2545 τὸν
588 2487 862 2562 μέλλοντα
919 2487 1084 2541 αἰῶνα
1138 2488 1238 2555 την
1295 2486 1344 2540 ἐν
1413 2485 1598 2560 γεέννῃ
1674 2484 2070 2557 κληρώσωνται

429 2578 730 2634 ἀπώλειαν·
791 2581 825 2648 ἡ
882 2577 982 2653 γάρ
1034 2573 1253 2646 αὔξησις
1311 2582 1410 2644 τῆς
1483 2573 1749 2650 πονηρίας
1823 2578 2070 2627 τοιοῦτον

429 2663 546 2744 ἔχει
577 2667 640 2722 τὸ
668 2664 849 2729 τέλος.

504 2783 525 2809 ι
563 2756 638 2811 Σὺ
671 2753 728 2810 δὲ
757 2755 978 2828 ὕψιστος
1018 2753 1094 2816 εἰς
1135 2754 1226 2808 τὸν
1277 2753 1467 2820 αἰῶνα,
1501 2751 1680 2826 Κύριε.
1719 2775 1740 2803 ι
1775 2784 1843 2793 —
1894 2750 1967 2805 Σὺ
2014 2747 2072 2804 δὲ

421 2847 484 2901 τὸ
513 2846 649 2920 ὕψος
675 2849 773 2900 τοῦ
801 2845 1032 2920 κράτους
1061 2843 1282 2897 αἰώνιον
1319 2841 1487 2917 ἔχεις.

496 2977 526 3005 ‹‹
558 2953 675 3006 ’Ότι
711 2948 827 3005 ἰδοῦ
859 2951 910 3004 οἱ
943 2947 1133 3025 ἐχθροί
1183 2970 1298 3020 σου,
1331 2949 1512 3024 Κύριε,
1547 2947 1629 3002 ὅτι
1660 2949 1712 3002 οἱ
1744 2946 1930 3022 ἐχθροί
1974 2968 2070 3002 σου

429 3039 758 3096 ἀπολοῦνται
873 3039 962 3094 καὶ
1064 3035 1638 3113 διασκορπισθήσονται
1738 3037 1930 3098 πάντες
2017 3037 2068 3090 οἰ

429 3129 784 3206 ἐργαζόμενοι
828 3127 1078 3201 ἀνομίαν.
1129 3150 1157 3179 ››
1209 3158 1277 3170 -
1326 3125 1550 3201 Ἐχθροὶ
1616 3124 1812 3201 Κυρίου
1876 3123 2067 3186 πάντες

426 3220 479 3274 οἱ
527 3223 607 3291 τῷ
665 3218 934 3291 ἀποστάτῃ
991 3212 1234 3288 διαϐόλῳ
1287 3214 1622 3287 πειθόμενοι,
1682 3212 1872 3275 οἷ’τινες
1931 3213 2064 3268 ἀπο-

425 3308 642 3364 λοῦνται
691 3307 742 3362 ἐν
787 3305 972 3383 γεέννῃ
1033 3305 1122 3360 καὶ
1194 3305 1268 3367 εἰς
1323 3305 1420 3366 τάς
1479 3301 1766 3380 διαφόρους
1815 3302 2068 3365 κολάσεις

423 3395 916 3473 διασκορπίσονται.

497 3501 652 3558 «Καί
731 3503 1070 3576 ὑψωθήσεται
1161 3501 1235 3563 ὡς
1317 3500 1692 3575 μονοκέρωτες
1774 3501 1836 3553 τὸ
1905 3499 2064 3573 κέρας

431 3615 555 3667 μου.
589 3616 617 3645 »
650 3625 720 3635 —
748 3593 917 3666 Κέρας
973 3595 1071 3646 τοῦ
1122 3587 1285 3644 Δαυῖδ
1317 3591 1345 3644 6
1402 3589 1651 3665 Χριστὸς,
1685 3588 1742 3650 ’ὃς
1804 3587 2066 3663 μεγαλυν-

427 3683 647 3752 θήσεται
704 3682 838 3735 κατὰ
893 3680 986 3735 τὸν
1041 3680 1225 3755 καιρὸν
1278 3681 1378 3748 τῆς
1442 3676 1782 3753 παγκοσμίου
1839 3676 2068 3751 κρίσεως

430 3764 886 3845 ὑπερϐαλλόντως
941 3769 1154 3823 πάντων
1209 3772 1314 3822 τῶν
1375 3766 1585 3844 ἐχθρῶν
1651 3765 1813 3820 αὐτοῦ
1879 3785 2065 3819 ταπει-

426 3857 698 3914 νωθέντων
730 3857 896 3930 αὐτῷ.

501 3986 524 4016 α
556 3963 653 4018 Καὶ
706 3964 770 4018 τὸ
815 3963 988 4040 γῆράς
1040 3984 1143 4037 μου
1191 3962 1241 4017 ἐν
1292 3960 1460 4034 ἐλαίῳ
1508 3962 1677 4018 πίονι.
1709 3984 1738 4013 ››
1772 3993 1840 4002 --
1879 3959 2062 4014 Λείπει

417 4053 480 4110 τὸ
511 4051 676 4109 ἔσται’
711 4052 823 4108 ἐπεὶ
854 4053 979 4128 γὰρ,
1013 4052 1197 4128 φησὶν,
1230 4049 1394 4126 ἔγνων
1448 4049 1531 4106 ὅτι
1580 4049 1752 4112 οὕτως
1799 4049 1862 4104 τὸ
1905 4048 2065 4122 κέρας

424 4166 528 4217 μου
587 4144 948 4218 ὑψωθήσεται,
999 4143 1062 4196 τὸ
1117 4142 1287 4217 γῆράς
1348 4161 1451 4214 μου
1501 4134 1802 4194 διαϐιϐάσει
1848 4137 1900 4193 ἐν
1945 4136 2066 4192 ἱλα-

423 4233 610 4308 ρότητι
640 4230 850 4305 πολλῇ.

493 4347 522 4375 ‹‹
555 4321 653 4376 Καὶ
721 4319 924 4376 ἐπεῖδεν
972 4321 1000 4374 6
1053 4318 1332 4398 ὀφθαλμός
1382 4339 1485 4390 μου
1542 4317 1594 4371 ἐν
1659 4321 1773 4378 τοῖς
1845 4314 2064 4392 ἐχθροῖς

426 4433 548 4484 μου.
591 4435 620 4462 ››
666 4411 736 4465 Τὸ
790 4407 994 4466 ἐπεῖδεν
1043 4408 1159 4462 ἀντὶ
1206 4413 1302 4463 τοῦ
1351 4407 1625 4480 ἐπόψεται.
1678 4403 1952 4459 Ἐλλείπει
2006 4402 2063 4459 δὲ

418 4501 499 4574 τῷ
557 4499 708 4576 ῥητῷ
752 4501 852 4570 τήν
898 4496 1192 4568 ἐκδίκησιν.
1235 4494 1497 4573 Ἐχθροῦς
1542 4492 1599 4550 δὲ
1639 4494 1896 4564 νοητέους
1933 4492 2060 4556 τοὺς

421 4587 682 4663 δαίμονας
713 4585 801 4643 καί
832 4585 959 4649 τοὺς
989 4581 1222 4648 ἀσεϐεῖς.

493 4719 522 4748 ι(
549 4694 648 4750 Καὶ
709 4693 760 4749 ἐν
805 4699 924 4756 τοῖς
993 4690 1438 4765 ἐπανισταμένοις
1489 4689 1569 4746 ἐπ’
1617 4690 1714 4764 ἐμὲ
1768 4711 2064 4766 πονηρευο-

423 4784 604 4858 μένοις
644 4783 926 4838 ἀκούσεται
983 4782 1046 4836 τὸ
1105 4781 1196 4844 οῦς
1258 4802 1384 4854 μου.
1420 4804 1448 4832 ››
1480 4814 1544 4826 —
1580 4779 1748 4836 Πάλιν
1805 4779 1931 4842 τοὺς
1976 4779 2066 4834 αύ-

419 4872 546 4934 τοὺς
604 4872 754 4948 λέγει
811 4869 1264 4944 ἐπανισταμένους
1324 4869 1408 4924 ἐπ’
1465 4870 1622 4924 αὑτὸν
1678 4869 1765 4924 καὶ
1833 4889 2064 4944 πορευο-

427 4964 615 5036 μένους
649 4958 967 5023 ἀσυνδέτως,
1000 4959 1311 5015 Ἀκούσεται
1363 4956 1420 5013 δὲ
1460 4959 1558 5028 τήν
1611 4959 1728 5012 κατ’
1756 4957 1918 5012 αὑτοῦ
1966 4962 2063 5012 τοῦ

423 5049 692 5105 Δεσπότου
750 5051 1034 5128 ἀπόφασιν·
1095 5054 1253 5104 τοῦτο
1305 5048 1406 5124 γὰρ
1491 5045 1732 5101 ἐλλείπει
1786 5044 1924 5119 τῶδε
1986 5051 2065 5119 τῷ

425 5139 595 5217 ῥητῷ.

493 5271 521 5299 ‹‹
554 5245 769 5308 Δίκαιος
823 5246 897 5300 ὡς
973 5249 1141 5326 φοῖνιξ
1201 5246 1436 5316 ἀνθήσει·
1499 5244 1626 5298 ὡσεὶ
1673 5241 1863 5320 κέδρος
1915 5245 1949 5313 ἠ
2010 5243 2061 5298 ἐν

417 5340 498 5408 τῷ
557 5330 771 5406 Λιϐάνῳ
830 5334 1292 5407 πληθυνθήσεται.
1329 5357 1358 5386 ››
1414 5367 1482 5376 -
1537 5335 1606 5388 Τὸ
1656 5334 2066 5408 ταχυμάραντον

418 5432 522 5481 τῶν
558 5422 900 5500 ἁμαρτωλῶν
934 5423 1022 5480 διὰ
1048 5430 1146 5479 τοῦ
1192 5421 1400 5501 χόρτου
1459 5421 1737 5494 δηλώσας,
1766 5424 1829 5478 τὸ
1886 5423 2066 5487 ἀειθα-

421 5514 510 5578 λὲς
537 5519 635 5570 τοῦ
689 5511 898 5568 δικαίου
947 5511 1035 5568 διά
1080 5517 1178 5568 τοῦ
1227 5514 1469 5591 φοίνικος
1512 5510 1811 5583 δεδήλωκε·
1865 5510 1954 5566 διὰ
2007 5509 2065 5566 δὲ

419 5611 518 5674 τῆς
592 5601 790 5680 κέδρου
862 5601 924 5656 τὸ
997 5598 1373 5672 πολυπληθές·
1441 5601 1870 5676 πεπληθυσμένη
1959 5602 2062 5678 γὰρ

422 5693 558 5778 αὕτη
614 5698 732 5761 ταῖς
791 5689 1007 5770 κόμαις.
1069 5689 1359 5763 ’Δειθαλής
1421 5692 1514 5769 μὲν
1575 5688 1665 5748 οῦν
1722 5688 1864 5748 ἔσται
1913 5691 1941 5749 ὁ
1987 5689 2064 5748 δί-

2205 583 2414 657 ἀγαθῶν
2425 626 2438 639 .

2275 696 2302 722 ‹‹
2335 669 2734 749 Πεφυτευμένοι
2787 670 2837 724 ἐν
2888 675 2967 742 τῷ
3027 668 3164 743 οἰειῳ
3219 674 3410 748 Κυρίου
3460 675 3504 730 ἐν
3553 684 3641 740 ταῖς
3673 682 3734 736 αὖ.

2202 758 2325 822 λαῖς
2372 765 2468 814 τοῦ
2517 765 2650 816 Θεοῦ
2696 761 2856 832 ήμῶν
2906 759 3296 831 ἐξανθήσουσιν.
3330 789 3354 814 ››
3388 797 3446 807 -
3479 771 3733 842 Περιζωννύ.

2203 871 2352 922 μενοι
2412 849 2462 905 ἐν
2520 854 2587 923 τῇ
2644 849 2936 921 Ἐκκλησία
2991 855 3094 903 τῶν
3152 848 3366 921 ἀληθῶς
3416 860 3604 923 πιστῶν,
3640 861 3733 912 κατὰ

2195 940 2286 992 τὸν
2321 936 2594 1011 μέλλοντα
2622 938 2786 992 αἰῶνα
2813 937 2864 992 ἐν
2905 944 3024 1000 ταῖς
3071 937 3338 1014 ούρανίαις
3372 948 3535 1014 μοναῖς
3566 943 3620 999 τὰ
3641 944 3732 1016 ἄνθη

2195 1031 2300 1080 τῶν
2332 1027 2532 1102 ἀρετῶν
2565 1024 2909 1098 ἐνδείξονται,
2939 1026 3034 1089 τὰς
3064 1027 3313 1090 ποικίλας
3340 1030 3622 1094 ἀπολαύσεις
3657 1039 3730 1089 τῶν

2195 1113 2496 1170 πολυειδῶν
2528 1116 2736 1192 ἀγαθῶν
2747 1160 2759 1172 .

2270 1229 2298 1256 ‹‹
2325 1207 2441 1260 Ἔτι
2473 1203 2945 1276 πληθυνθήσονται
2987 1204 3037 1258 ἐν
3085 1207 3240 1281 γήρει
3289 1205 3446 1265 πίονι.
3474 1234 3499 1262 ››
3526 1241 3586 1253 -
3607 1217 3732 1287 ripa;

2192 1295 2315 1350 πῖόν
2344 1316 2476 1372 φησι
2503 1295 2564 1349 τὸ
2599 1294 2914 1370 βαθύτατον.
2963 1296 3061 1348 Διά
3104 1294 3296 1351 τούτου
3339 1294 3394 1351 δὲ
3434 1299 3521 1366 τήν
3559 1296 3737 1371 μέλλον·

2193 1405 2283 1438 σαν
2342 1381 2701 1459 παρεδήλωσε
2762 1381 3079 1454 τελειότητα
3110 1431 3124 1456 ,
3184 1384 3234 1439 ἐν
3411 1385 3737 1442 πολλαπλάσιοι

2191 1473 2319 1549 ἄγαν
2349 1471 2587 1542 δέξονται
2632 1473 2723 1526 τὸν
2767 1475 2866 1540 τῆς
2915 1471 3257 1542 δικαιοσύνης
3296 1475 3484 1547 καρπὸν
3523 1476 3567 1529 οἱ
3591 1473 3737 1530 δίκαιοι

2187 1563 2277 1616 καὶ
2309 1563 2364 1616 εὗ
2395 1561 2602 1615 πάθωσι
2632 1562 2726 1623 τάς
2772 1560 3041 1636 ἀρρήτους
3095 1559 3413 1624 ἀπολαύσεις
3439 1561 3736 1639 κερδήσαντες,

2188 1649 2325 1706 ὥστε
2356 1651 2522 1706 εἰπεῖν
2553 1649 2816 1726 γεγηθυίᾳ
2856 1653 3034 1725 ψυχῇ,
3084 1656 3284 1713 Ὄντως
3333 1649 3521 1714 δίκαιος
3546 1654 3570 1706 6
3596 1653 3738 1730 Κύριος

2189 1741 2218 1795 6
2248 1737 2541 1802 ἀποδιδοὺς
2566 1740 2773 1813 ἑκάστῳ
2801 1741 2937 1794 κατά
2966 1737 3092 1816 ἔργα
3120 1739 3301 1798 αὐτοῦ.

2527 1931 2531 1937 1
2759 1869 3052 1919 ΨΑΛΜΟΣ
3094 1865 3203 1941 ιιΒκ

2257 1977 2285 2004 ‹‹
2317 1953 2408 2015 Εἰς
2451 1955 2550 2022 τήν
2595 1952 2802 2029 ἡμέραν
2845 1958 2942 2008 τοῦ
2993 1949 3390 2029 προσαϐϐάτου,
3443 1955 3522 2010 ὅτε
3560 1958 3735 2030 κατῴκι-

2183 2063 2275 2096 στο
2308 2053 2342 2110 ή
2401 2049 2493 2118 γῆ,
2545 2042 2692 2103 αἶνος
2740 2039 2886 2114 ᾠδῆς
2934 2046 3014 2114 τῷ
3063 2040 3248 2097 Δαυΐδ.
3299 2045 3480 2119 Κύριος
3519 2039 3735 2100 ἐϐασίλευ-

2185 2151 2291 2187 σεν.
2330 2155 2350 2182 ι
2385 2163 2456 2173 --
2497 2133 2553 2184 Ὁ
2584 2131 2813 2206 Χριστὸς
2865 2129 3166 2205 βασιλεύων
3219 2133 3295 2194 ὡς
3336 2135 3456 2195 Θεὸς
3499 2129 3737 2188 ἐϐασίλευσε

2182 2219 2271 2274 καὶ
2331 2220 2405 2282 ὡς
2463 2217 2747 2296 ἅνθρωπος
2805 2219 2938 2292 μετά
2990 2221 3089 2289 τήν
3149 2220 3450 2276 ἀνάστασιν*
3574 2221 3738 2296 βασιλέα

2184 2306 2528 2378 ὑποληπτέον
2557 2309 2648 2362 τὸν
2679 2309 2794 2363 κατ’
2826 2307 3130 2383 ἐπίγνωσιν.

2253 2422 2282 2449 ‹‹
2314 2397 2648 2473 Εύπρέπειαν
2709 2395 3013 2468 ἐνεδύσατο,
3072 2395 3356 2453 ἐνεδύσατο
3411 2399 3585 2472 Κύριος
3623 2397 3735 2453 δύνει-

2185 2507 2274 2558 μιν
2322 2486 2411 2540 καὶ
2459 2488 2841 2562 περιεζώσατο.
2875 2511 2904 2538 ››
2935 2519 3005 2528 ——
3049 2487 3154 2554 Τήν
3215 2487 3292 2549 ὡς
3351 2492 3459 2559 Θεῷ
3509 2489 3737 2564 πρέπουσαν

2180 2573 2324 2647 αύτῷ
2380 2572 2532 2647 δόξαν
2582 2575 2668 2629 καὶ
2716 2573 3019 2630 δυναστείαν
3063 2575 3153 2630 καὶ
3211 2575 3443 2646 ἐξουσίαν
3493 2575 3731 2652 ἐφανέρωσε,

2179 2664 2267 2718 καὶ
2321 2665 2420 2733 τήν
2479 2663 2739 2740 πρότερον
2793 2663 3170 2740 κρυπτομένην
3232 2665 3375 2720 θείαν
3432 2663 3564 2738 δόξαν
3604 2665 3731 2734 αὑτοῦ,

2178 2753 2243 2820 ἢν
2297 2754 2387 2808 καὶ
2460 2753 2824 2829 περιεζώσατο
2859 2799 2874 2822 ,
2927 2752 3169 2808 τουτέστι
3250 2753 3583 2830 ηὑτρεπίσατο
3639 2753 3729 2829 πῇς

2177 2843 2482 2914 καθαίρεσιν
2507 2846 2614 2896 τῶν
2648 2841 3016 2896 ἀποστατικῶν
3049 2840 3349 2914 δυνάμεων.

2251 2957 2279 2984 ‹‹
2338 2931 2436 2987 Καὶ
2491 2931 2591 3006 γάρ
2649 2929 2936 3004 ἐστερέωσε
2981 2933 3079 3001 τήν
3139 2931 3466 3006 οἰκουμένην
3498 2977 3511 3003 ,
3559 2931 3648 3000 ﬁta;
3681 2929 3716 2984 αἱ

2177 3019 2583 3092 σαλευθήσεται.
2618 3045 2638 3071 ι
2689 3054 2760 3062 --
2805 3020 3140 3094 Οἰκουμένην
3190 3023 3326 3099 φησί
3373 3023 3466 3091 τὴν
3509 3021 3554 3076 ἐν
3580 3020 3720 3092 ὅλῳτῷ

2176 3111 2368 3184 κόσμῳ
2396 3109 2692 3179 καθολικὴν
2727 3114 2823 3164 τοῦ
2853 3114 3087 3185 Χριστοῦ
3119 3109 3468 3182 Ἐκκλησίαν.

2252 3224 2281 3253 ιε
2308 3204 2566 3271 Ἕτοιμος
2602 3200 2630 3254 ὁ
2674 3198 2860 3275 θρόνος
2909 3221 3004 3253 σου
3053 3199 3157 3254 ἀπὸ
3204 3200 3352 3270 τότε,
3402 3199 3501 3254 ἀπὸ
3539 3203 3617 3254 τοῦ
3653 3197 3733 3251 1'26-

2175 3310 2267 3352 νος
2326 3288 2389 3343 σὺ
2447 3288 2511 3346 εἴ.
2549 3312 2577 3340 ››
2635 3320 2704 3331 —
2757 3286 2975 3365 Ἑδραία
3020 3291 3056 3358 ἡ
3120 3289 3375 3364 βασιλεία
3428 3311 3514 3344 σου
3563 3289 3633 3342 ἀπ’
3671 3286 3736 3360 ἆρ-

2177 3385 2308 3453 χῆςο

2248 3491 2276 3518 ‹‹
2310 3467 2541 3542 Ἐπῆραν
2584 3467 2636 3521 οἱ
2686 3466 2950 3540 ποταμοὶ,
3002 3465 3183 3542 Κύριε,
3241 3468 3444 3544 ἐπῆραν
3486 3469 3530 3522 οἱ
3570 3463 3743 3535 ποταμοὶ

2175 3560 2350 3634 φωνὰς
2409 3555 2604 3612 αὐτῶν.
2664 3580 2692 3608 ››
2762 3589 2830 3598 -
2887 3555 3176 3630 Ποταμοὺς
3235 3556 3457 3622 ἐνταῦθά
3506 3555 3614 3634 φησί
3655 3551 3744 3611 τοὺς

2174 3644 2531 3716 ἀποστόλους,
2585 3643 2780 3706 οἵτινες
2833 3643 3047 3718 ὕψωσαν
3097 3646 3196 3707 τὰς
3231 3648 3412 3724 φωνάς
3454 3646 3602 3701 αὐτῶν
3625 3641 3684 3704 εἰς
3703 3639 3744 3694 τὸ

2173 3735 2449 3810 κήρυγμα·

2245 3848 2272 3875 ‹‹
2335 3824 2579 3897 Ἀροῦσιν
2639 3822 2689 3876 οἰ
2747 3823 2985 3896 ποταμοὶ
3046 3822 3350 3900 ἐπιτρίψεις
3404 3825 3651 3901 αὐτῶνην
3694 3849 3741 3860 -·

2174 3910 2464 3986 Ποταμοὺς
2515 3916 2601 3966 νῦν
2652 3933 2782 3990 φησι
2831 3913 2959 3974 τοὺς
3016 3911 3236 3988 ὕστερον
3298 3911 3642 3977 διδασκάλους,
3685 3907 3738 3961 οἵ·

2171 4023 2310 4064 τινες
2365 4006 2484 4063 ταῖς
2537 3998 2686 4063 ὁδοῖς
2739 4009 2838 4076 τῆς
2909 4005 3014 4055 τῶν
3092 4001 3416 4058 ἀποστόλων
3473 3997 3739 4056 διδασκαλίας

2173 4088 2636 4161 ἐπηκολούθησαν·
2716 4088 3015 4166 ἐπιτρίψεις
3073 4092 3176 4166 γάρ
3237 4091 3370 4145 εἰσιν
3429 4093 3481 4145 αἱ
3530 4087 3662 4163 τομαὶ
3702 4085 3741 4142 εἱς

2173 4181 2528 4256 χαράττουσιν
2578 4179 2629 4233 οἱ
2682 4180 2941 4253 ποταμοὶ,
2993 4174 3359 4256 ἐπιτρίϐοντες
3400 4181 3495 4249 τήν
3519 4176 3741 4254 γῆνέντῷ

2172 4270 2442 4348 φέρεσθαι.
2499 4269 2568 4323 Τὸ
2616 4265 2674 4324 δὲ
2727 4270 2942 4345 ἀροῦσιν
2993 4268 3220 4324 ἐνταῦθα
3267 4267 3436 4340 δηλοῖ
3483 4271 3539 4323 τὸ
3591 4265 3741 4338 λήψον-

2169 4380 2278 4412 ται.

2246 4471 2272 4497 ‹‹
2304 4447 2438 4503 Ἀπὸ
2467 4451 2658 4524 φωνῶν
2706 4443 2910 4501 ὑδάτων
2959 4444 3210 4503 πολλῶν.
3251 4472 3280 4498 ››
3313 4481 3382 4490 -—-
3411 4445 3590 4501 "1'6u1u
3612 4438 3745 4497 πολλᾶ

2171 4534 2391 4607 νοητέον
2443 4534 2570 4596 τοὺς
2625 4535 2963 4596 ἀποστόλους
3017 4535 3108 4590 καὶ
3157 4534 3390 4599 λοιποὺς
3436 4531 3744 4590 διδασκάλους·

2093 4609 2138 4675 D
2169 4626 2345 4703 φωνὰς
2397 4621 2453 4679 δὲ
2500 4623 2674 4679 αὑτῶν
2723 4624 2820 4686 τὰς
2868 4621 3239 4688 διδασκαλίας·
3298 4625 3553 4690 θάλασσαν
3597 4619 3641 4675 δὲ
3677 4617 3746 4684 τήν

2177 4709 2391 4782 πληθὺν
2451 4715 2556 4765 τῶν
2615 4712 3008 4766 πιστευσάντων
3069 4710 3255 4766 ἐθνῶν·
3313 4707 3680 4788 μετεωρισμοῦς
3711 4701 3750 4758 δῖ

2174 4801 2271 4863 τὰς
2301 4800 2435 4876 πρὸς
2469 4800 2596 4855 Θεὸν
2626 4800 2857 4874 ὑψώσεις
2886 4805 2990 4855 τῶν
3024 4798 3295 4859 διανοιῶν.

2251 4914 2271 4940 ι
2306 4890 2617 4962 Θαυμαστὸν
2671 4889 2722 4944 ἐν
2773 4889 3006 4964 ὑψηλοῖς
3047 4892 3074 4945 6
3124 4890 3345 4966 Κύριος.
3398 4917 3425 4943 ››
3475 4923 3537 4932 —
3576 4881 3749 4943 Μᾶλλον

2175 4976 2231 5033 δέ
2286 4977 2336 5032 ἐν
2392 4984 2508 5040 τοῖς
2567 4976 2803 5053 ὑψηλοῖς
2879 4980 3187 5054 πράγμασιν
3255 4978 3375 5049 ἤως
3428 4984 3538 5040 τοῖς
3589 4976 3747 5051 ῥηθεῖετἰ

2177 5071 2571 5142 μετεωρισμοῖς
2621 5066 2926 5139 θαυμαστὸς
2976 5068 3003 5120 6
3053 5066 3270 5144 Κύριος,
3303 5070 3332 5123 6
3380 5066 3685 5140 κατορθώσας
3706 5057 3752 5113 τἆ

2173 5158 2472 5228 θαυμαστά.

2248 5269 2274 5294 (ι
2330 5245 2404 5299 Τὰ
2465 5243 2731 5319 μαρτύριά
2787 5265 2881 5299 σου
2947 5243 3320 5316 ἐπιστώθησαν
3377 5244 3587 5325 σφόδρα.
3637 5266 3659 5292 »
3706 5266 3752 5278 —-

2174 5335 2241 5389 Αἱ
2272 5333 2395 5408 περὶ
2426 5337 2521 5388 σοῦ
2579 5335 2900 5408 μαρτυρικαὶ
2948 5341 3273 5413 προφητεῖαι
3327 5335 3443 5391 λίαν
3494 5332 3750 5407 ἐδείχθησαν

2173 5423 2418 5494 ἀληθεῖς.

2248 5513 2372 5566 «Τὸ
2422 5509 2558 5584 οἴκῳ
2615 5533 2710 5566 σου
2767 5515 2959 5588 πρέπει
3019 5513 3272 5590 άγίασμα,
3336 5514 3509 5591 Κύριε,
3563 5511 3629 5570 εἷς
3677 5524 3749 5578 μι-

2171 5603 2410 5680 κρότητα
2466 5603 2711 5676 ἡμερῶν.
2741 5625 2767 5652 ››
2798 5635 2866 5645 ——
2914 5602 3075 5665 Οἶκος
3124 5608 3258 5658 Θεοῦ
3289 5605 3324 5674 ἡ
3360 5598 3630 5671 Ἐκκλησία
3674 5594 3750 5647 τῶν

2171 5695 2376 5750 πιστῶν
2527 5689 2717 5769 πρέπει
2775 5691 2839 5746 τὸ
2896 5690 3027 5749 εἶναι
3085 5691 3208 5775 ἀγία
3265 5690 3522 5768 διηνεκῶς
3564 5685 3638 5743 καὶ
3672 5699 3747 5760 μα·
