3998 6414
98 414 261 479 1545
823 497 829 502 ρ
1327 418 1736 481 EXPOSITIO
1782 417 1857 479 IN
1904 416 2287 479 PSALMOS.
3343 419 3501 477 1546

102 546 319 622 λυσμου
368 546 737 621 καθαρότητος
788 550 987 611 παντὸς
1040 550 1112 610 ὡς
1171 547 1376 605 ἕνοικον
1423 550 1624 625 ἐχούσῃ
1649 550 1738 604 τὸν
1772 553 1824 618 Α
1933 573 1952 599 α
1990 548 2051 603 Εἰ
2106 550 2181 621 μὴ
2227 548 2308 603 ὅτι
2360 546 2554 622 Κύριος
2605 540 2872 617 ἐϐοήθησέ
2932 564 3056 619 μοι·
3117 546 3261 622 παρὰ
3320 546 3498 622 βραχὺ

100 632 275 699 ὅντως
304 636 476 712 ἅγιον.
1849 638 2142 710 παρῴκησε
2188 638 2267 708 τῷ
2319 632 2418 709 ᾅδῃ
2459 638 2495 705 ἡ
2545 636 2694 711 ψυχή
2734 656 2858 708 μου.
2894 658 2922 685 ››
2946 667 3015 676 -—
3044 635 3194 689 ’Δντὶ
3234 639 3332 689 τοῦ
3358 633 3497 706 ἐνῴ-

701 747 994 801 ΨΑΛΜΟΣ
1036 745 1143 821 LJV.
1847 745 2030 821 κησεν,
2065 722 2237 796 ’ᾼδην
2287 722 2344 779 δὲ
2393 723 2540 821 λέγει
2570 724 2659 779 τὸν
2699 720 2966 793 κίνδυνον,
2998 719 3104 778 εἷίτε
3130 722 3222 777 τὸν
3251 743 3492 796 σωματι-

1847 814 1940 868 κὸν
1973 811 2078 869 εἴτε
2105 814 2196 868 τὸν
2228 813 2481 890 ψυχικόν.

1926 902 2049 957 «Εἰ
2106 898 2317 978 ἔλεγον,
2377 900 2703 973 Σεσάλευται
2761 901 2789 955 6
2835 899 2972 961 πούς
3035 917 3160 972 μου·
3218 902 3282 956 τὸ
3338 898 3491 964 ἔλεός

1783 1017 1788 1021 π
1850 1012 1969 1060 σου,
2027 990 2206 1068 Κύριε,
2268 978 2484 1062 ἐϐοήθει
2539 1012 2653 1064 μοι.
2716 1014 2744 1041 ››
2792 1022 2861 1033 -—-
2912 989 2977 1044 Εί
3026 989 3491 1065 ἐξωμολογούμην

1847 1079 1947 1147 τὴν
1998 1076 2133 1133 ἰδίαν
2185 1079 2453 1135 ἀσθένειαν
2499 1086 2601 1148 τῆς
2650 1086 2748 1149 σῆς
2799 1076 3209 1156 φιλανθρωπίας
3258 1078 3493 1155 ἐτύγχα-

1851 1189 1962 1223 νον.

1928 1280 1957 1307 ‹‹
1988 1256 2132 1311 Κατὰ
2159 1256 2223 1311 τὸ
2266 1254 2483 1327 πλῆθος
2530 1262 2635 1312 τῶν
2687 1253 2892 1311 ὀδυνῶν
2943 1277 3047 1329 μου
3095 1256 3147 1312 ἐν
3194 1260 3263 1330 τῇ
3305 1255 3502 1334 καρδίᾳ

1859 1366 1963 1417 μου
1993 1346 2049 1399 αἱ
2077 1343 2449 1421 παρακλήσεις
2480 1368 2575 1401 σου
2626 1341 2883 1423 εὕφραναν
2932 1346 3031 1414 τήν
3078 1347 3263 1422 ψυχήν
3310 1368 3435 1420 μου.
3467 1367 3496 1401 ι

1855 1465 1924 1477 -
1955 1433 2355 1509 ’Δναλογυῦσαν
2398 1440 2518 1497 ταῖς
2572 1431 2785 1497 ὀδύναις
2837 1455 2940 1507 μου
2968 1439 3086 1497 ταῖς
3118 1434 3169 1489 ἐν
3216 1438 3283 1509 τῇ
3308 1432 3504 1512 καρδίᾳ

1861 1543 1965 1595 μου
1994 1523 2140 1599 παρὰ
2170 1526 2267 1577 σοῦ
2298 1521 2572 1598 ἐδεχόμην
2595 1525 2951 1600 παραψυχήν.

1930 1636 1957 1662 ‹‹
1992 1613 2080 1681 Μὴ
2130 1611 2523 1687 συμπροσέστω
2570 1632 2653 1666 σοι
2703 1611 2895 1687 θρόνος
2928 1612 3175 1685 ἀνομίας.
3205 1634 3232 1665 ι
3268 1646 3338 1654 ——
3367 1613 3503 1689 Θρό-

1857 1720 1948 1754 νον
1998 1700 2224 1773 ἀνομίας
2268 1701 2357 1754 τὸν
2409 1697 2723 1774 δαιμονικὸν
2786 1699 3042 1773 ὀνομάζει
3104 1699 3267 1774 ἐσμὸν
3316 1698 3406 1756 διὰ
3443 1703 3507 1757 τὸ

1859 1790 1957 1857 τὴν
2006 1788 2234 1862 ἀνομίαν
2282 1788 2333 1843 ἐν
2380 1788 2564 1851 αὐτοῖς
2609 1788 2698 1844 καὶ
2751 1788 3053 1865 βασιλεύειν
3110 1790 3200 1844 καὶ
3251 1790 3509 1846 ἀναπαύε-

1864 1889 2006 1942 σθαι.
2042 1874 2278 1953 Εῦχεται
2327 1875 2403 1951 δὲ,
2452 1876 2666 1951 μᾶλλον
2705 1876 2762 1933 δὲ
2793 1878 3123 1956 προφητεύει
3152 1878 3307 1951 τύπῳ
3338 1879 3508 1955 εὐχῆς

1865 1967 1941 2040 μὴ
1973 1965 2105 2029 τοὺς
2148 1964 2407 2039 δαίμονας
2457 1972 2812 2043 συμπαρεῖναι
2858 1966 3094 2042 κρίνοντι
3142 1971 3221 2039 τῷ
3269 1972 3506 2045 Χριστῷ,

1862 2053 2011 2110 ἀλλὰ
2065 2055 2172 2131 πρὸ
2220 2057 2320 2123 τῆς
2386 2053 2549 2109 αὐτοῦ
2615 2050 2848 2119 καθόδου
2922 2057 3019 2125 τὴν
3096 2056 3507 2129 ἡτοιμασμένην

1863 2142 2097 2205 ἐκείνοις
2162 2142 2545 2219 κληρώσασθαι
2606 2142 2841 2219 γέενναν,
2897 2142 2989 2198 ’ίνα
3050 2145 3125 2217 μὴ
3188 2143 3306 2200 λίαν
3364 2139 3512 2207 ὄντες

1872 2231 2249 2306 μισάνθρωποι
2276 2236 2629 2306 κατηγορῶσι
2658 2236 2766 2286 τῶν
2797 2229 3041 2303 δικαίων,
3075 2227 3129 2285 εἷ’
3148 2252 3199 2286 τι
3231 2232 3321 2286 καὶ
3368 2233 3515 2309 παρὰ

1866 2320 2092 2396 γνώμην
2123 2319 2339 2382 τούτοις
2368 2321 2704 2394 ἡμάρτηται.

1940 2432 1969 2461 ι(
2021 2410 2078 2463 Ὀ
2134 2405 2390 2462 πλάσσων
2445 2408 2612 2463 κόπον
2676 2407 2763 2462 ἐπὶ
2821 2409 3143 2484 πρόσταγμα
3174 2450 3187 2462 .
3249 2432 3278 2460 »
3333 2441 3404 2452 ——
3460 2411 3518 2464 Ὃ

1869 2494 2187 2571 δαιμονικὸς
2246 2495 2409 2570 ἐσμὸς
2469 2495 2556 2550 ἐπὶ
2620 2497 2684 2551 τὸ
2744 2494 2975 2574 ἐλαφρὸν
3046 2496 3368 2573 πρόσταγμα
3419 2502 3518 2553 τοῦ

1868 2590 2101 2664 Χριστοῦ
2154 2584 2322 2640 κόπον
2380 2582 2605 2640 πλάσσει
2639 2632 2655 2658 ,
2715 2584 3118 2654 κατασκευάζων
3189 2584 3271 2661 ἐφ’
3328 2586 3517 2649 ἑαυτὰς

1868 2676 1963 2737 τὰς
2007 2675 2265 2751 κυριακᾶς
2314 2672 2533 2736 ἐντολὰς
2581 2673 2892 2743 ἐπιπόνους,
2942 2675 3019 2737 ὡς
3067 2673 3302 2730 ἐντεῦθεν
3352 2674 3515 2739 αὐτὰς

1871 2762 2325 2839 παραιτουμένου.
3122 2750 3124 2753 ν

1948 2875 1976 2903 ‹‹
2024 2850 2382 2926 Θηρεύσουσιν
2433 2850 2520 2906 ἐπὶ
2569 2852 2751 2926 ψυχὴν
2804 2848 3033 2908 δικαίου.
3085 2875 3115 2903 ››
3164 2885 3233 2893 —
3277 2854 3383 2921 Τὴν
3434 2853 3517 2908 αἶ-

1870 2939 1987 2995 τίαν
2042 2937 2190 3014 λέγει
2245 2936 2314 2993 δι’
2358 2940 2427 3008 ἣν
2476 2937 2768 3015 ἀπεύχεται
2834 2939 2925 2994 τὸν
2979 2936 3290 3013 δαιμονικὸν
3349 2940 3513 3015 ἐσμὸν

1874 3034 2123 3106 παρεῖναι
2179 3032 2259 3099 τῷ
2313 3028 2582 3104 κριτηρίῳ
2638 3032 2735 3083 τοῦ
2792 3032 3047 3105 Χριστοῦ·
3106 3030 3322 3106 πάρεισι
3369 3030 3513 3106 γὰρ,

1878 3118 2063 3196 φησὶν,
2120 3117 2172 3171 οἱ
2230 3114 2504 3190 δαίμονες·
2564 3119 2732 3193 θήραν
2792 3120 3076 3189 στήσουσιν
3144 3118 3232 3172 ἐπὶ
3287 3118 3378 3173 τὸν
3441 3115 3522 3173 δί-

1877 3228 2049 3276 καιον,
2109 3211 2542 3281 κακηγοροῦντες
2601 3206 2872 3268 παντοίως
2930 3203 3311 3283 διαμισοῦντας
3370 3207 3531 3283 ὑπερ-

1803 3286 1847 3353 C
1884 3290 2077 3365 ϐολήν.

1961 3408 1991 3436 ‹‹
2050 3382 2146 3438 Καὶ
2206 3384 2342 3458 αἷμα
2415 3385 2585 3439 ἀθῶον
2660 3381 3102 3439 καταδικάσονται
3149 3427 3162 3440 .
3220 3405 3247 3437 ιι
3312 3416 3382 3427 --
3433 3385 3534 3439 Τὸν

1893 3467 2064 3527 ἆθῶόν
2123 3493 2254 3550 φησι
2323 3476 2761 3550 περιφραστικῶς
2794 3518 2807 3543 ,
2868 3473 2926 3527 ’ὀν
2972 3517 2986 3544 ,
3046 3473 3092 3527 εἰ
3169 3471 3412 3548 πάρεισιν
3489 3473 3543 3527 οἱ

1897 3559 2149 3634 δαίμονες
2180 3607 2195 3632 ,
2279 3558 2565 3616 κατάδικον
2616 3564 2936 3632 ποιήσουσιν
2997 3560 3120 3615 ὅσον
3194 3562 3257 3616 τὸ
3321 3561 3404 3616 ἐπ’
3457 3560 3549 3616 αύ-

1894 3654 2032 3712 τοῖς.

1973 3762 2001 3790 ‹‹
2036 3738 2135 3795 Καὶ
2186 3736 2389 3813 ἐγένετό
2443 3759 2537 3810 μοι
2589 3737 2787 3814 Κύριος
2835 3739 2912 3801 εἷς
2956 3741 3290 3819 καταφυγήν.
3327 3764 3356 3792 ››
3402 3773 3468 3783 -
3496 3744 3552 3793 '0

1906 3826 2261 3903 παρῳχηκὼς
2292 3825 2409 3880 ἀντί
2444 3825 2765 3898 μέλλοντος.

1988 3939 2015 3971 α
2046 3915 2147 3972 Καὶ
2198 3916 2226 3969 6
2276 3914 2407 3976 Θεός
2461 3935 2565 3987 μου
2616 3915 2690 3978 εἷς
2741 3917 2941 3993 βοηθὸν
2991 3914 3213 3980 ἐλπίδος
3265 3939 3389 3991 μου.
3428 3942 3555 3971 »-

1910 4005 2113 4075 Βοηθὸς
2143 4011 2244 4074 τῆς
2290 4001 2513 4066 ἐλπίδος
2548 4025 2652 4077 μου
2680 4002 2807 4075 ἤτοι
2861 4006 3060 4081 βοηθὸς
3092 4004 3228 4080 ἐμοῦ
3263 4011 3361 4062 τοῦ
3392 4005 3555 4062 ἐλπί-

1913 4100 2099 4164 ζοντος
2131 4092 2214 4148 ἐπ’
2242 4092 2423 4149 αὐτόν.

1984 4182 2143 4239 «Καὶ
2200 4179 2469 4237 ἀποδώσει
2527 4182 2710 4246 αὐτοῖς
2765 4182 2964 4260 Κύριος
3019 4186 3119 4254 τὴν
3178 4183 3403 4257 ἀνομίαν
3461 4183 3561 4239 αύ-

1910 4276 2041 4345 τῶν,
2101 4271 2189 4326 καὶ
2240 4272 2337 4341 τὴν
2396 4271 2659 4346 πονηρίαν
2720 4272 2915 4327 αὐτῶν·
2977 4272 3191 4351 ἆφανιεῖ
3235 4272 3430 4335 αὐτοὺς
3454 4272 3562 4327 Κύ-

1918 4380 2035 4436 ριος
2093 4360 2121 4413 ὁ
2178 4360 2308 4421 Θεὸς
2365 4361 2547 4432 ἡμῶν.
2582 4383 2711 4411 ››-
2757 4357 3013 4434 Ούδαμοῦ
3069 4362 3173 4436 γάρ
3234 4363 3561 4439 φανήσονται

1920 4446 2012 4504 διὰ
2082 4448 2145 4503 τὸ
2227 4452 2637 4523 κατακεχῶσθαι
2717 4453 2796 4522 τῷ
2879 4447 3270 4522 ἡτοιμασμένῳ
3351 4447 3570 4510 τούτοις

167 873 195 899 ‹‹
225 847 459 921 Ψαλμὸς
496 853 577 921 τῷ
624 847 787 905 Δαυΐδ
820 848 1054 926 ,τετράδι
1112 846 1416 908 Σαϐϐάτου.
1476 852 1606 913 Θεὸς
1660 850 1741 905 ἐκ·

95 935 364 1009 δικήσεων
424 937 642 1014 Κόριος.
705 962 734 989 ››
789 971 859 981 -
916 940 1043 1000 Θεὸς
1108 937 1397 1009 ἐκδικητής
1458 940 1487 994 ὁ
1545 939 1741 1015 Κύριός

98 1027 232 1084 ἐστι.
293 1027 633 1103 Παρηγορίαν
689 1027 717 1081 6
755 1027 977 1101 ψαλμὸς
1031 1034 1149 1090 τοῖς
1206 1025 1583 1102 ἀδικουμένοις
1630 1028 1743 1083 εἰσ-

101 1114 274 1193 φέρει.

173 1228 203 1257 ‹‹
234 1205 366 1267 Θεὸς
414 1201 738 1275 ἐκδικήσεων
786 1203 1242 1281 ἐπαῤῥησιάσατο.
1285 1230 1314 1257 ››
1360 1238 1429 1248 —-
1465 1208 1535 1261 T6
1578 1205 1744 1283 ἐπαρ-

105 1293 400 1369 ῥησιάσατο
448 1293 566 1349 ἀντὶ
639 1297 736 1348 τοῦ
815 1293 1237 1371 παρρησιάζεται
1277 1340 1291 1365 ,
1347 1296 1587 1351 τουτέστι
1645 1297 1744 1365 τήν

103 1382 296 1436 ἑαυτοῦ
323 1382 610 1457 σανερώσει
640 1378 1055 1458 δικαιοκρισίαν.

175 1494 203 1522 ‹‹
234 1471 506 1544 ’Δψώθητι
555 1471 583 1523 6
624 1469 821 1544 κρίνων
869 1472 968 1540 τήν
1014 1478 1117 1547 γῆν
1146 1494 1157 1506 ·
1203 1470 1404 1535 ἀπόδος
1453 1469 1746 1527 ἀνταπόδο-

100 1580 184 1614 σιν
207 1564 322 1621 τοῖς
376 1558 760 1637 ὑπερηφάνοις.
796 1584 824 1610 υ
856 1593 925 1604 —
970 1561 1371 1640 Ὑπερηφάνους
1425 1559 1576 1638 λέγει
1620 1560 1748 1623 τοὺς

102 1645 361 1710 δυνάστας
395 1649 469 1710 ὡς
498 1652 604 1703 τῶν
635 1651 880 1720 πενήτων
908 1655 1394 1727 καταφρονοῦντας.

184 1760 211 1792 α
241 1736 560 1814 Φθέγξονται
618 1739 707 1792 καὶ
769 1736 1101 1809 λαλήσουσιν
1162 1737 1393 1797 ἀδικίαν.
1448 1763 1571 1792 ››-
1616 1740 1752 1794 Ἀπὸ

100 1831 293 1881 κοινοῦ
348 1826 429 1897 τὸ,
482 1850 512 1878 ‹‹
560 1828 705 1889 Ἕως
751 1826 884 1882 πότε
927 1827 1231 1899 λαλήσουσι
1276 1830 1491 1891 πάντες.
1546 1853 1574 1881 ››
1618 1828 1751 1886 Ἀπὸ

102 1918 295 1970 κοινοῦ
321 1914 385 1969 τὸ
403 1911 635 1973 ἀδικίαν.

187 2027 209 2055 ι
245 2005 425 2079 Χήραν
475 2002 564 2058 καί
615 2003 845 2083 ὀρφανὸν
906 2004 1215 2061 ἀπέκτειναν
1244 2025 1257 2037 ·
1310 2006 1399 2061 καὶ
1448 2006 1753 2081 προσήλυ-

103 2114 202 2147 τον
260 2091 579 2170 ἐφόνευσαν.
636 2118 656 2143 ι
736 2126 779 2136 -
835 2094 1147 2150 Ἀποκτενεῖ
1198 2095 1289 2149 καὶ
1348 2095 1592 2173 φονεύσει
1647 2101 1754 2159 πᾶς

108 2182 138 2235 6
198 2181 451 2256 ἁρπάζων
504 2181 570 2235 τὰ
630 2178 913 2258 ἀλλότρια·
973 2181 1320 2258 προσήλυτος
1378 2180 1436 2238 δὲ
1480 2185 1627 2260 παρὰ
1659 2184 1753 2256 μὲν

102 2267 392 2331 Ἰουδαίοις
425 2270 453 2324 6
486 2270 537 2340 ἐξ
568 2268 730 2334 ἐθνῶν
762 2274 842 2342 τῷ
874 2267 1201 2344 Ἰουδαϊσμῷ
1245 2269 1582 2347 προσελθὼν,
1632 2273 1757 2349 παρ’

107 2361 246 2432 ἡμῖν
279 2356 337 2413 δὲ
366 2359 395 2413 6
424 2360 708 2435 πάροικος.
836 2376 841 2379 ‘

189 2472 210 2499 ι
246 2446 351 2503 Καὶ
410 2446 560 2501 εἶπαν
597 2467 610 2479 ·
670 2446 780 2502 Ούκ
834 2443 1024 2521 ὄψεται
1082 2448 1300 2525 Κύριος,
1366 2447 1491 2505 οὐδὲ
1541 2452 1758 2521 συνήσει

108 2538 138 2591 6
172 2537 300 2598 Θεὸς
346 2540 445 2591 τοῦ
493 2531 709 2593 Ἰακώϐ.
748 2561 778 2588 ››
817 2570 886 2580 —
929 2538 1001 2592 T6
1051 2540 1266 2610 συνήσει
1314 2537 1432 2593 ἀντὶ
1482 2543 1579 2594 τοῦ
1620 2539 1761 2615 γνώ-

109 2646 281 2683 σεται.

190 2739 218 2766 ‹‹
250 2712 445 2769 Σὸνετε
493 2711 560 2783 δὴ
610 2711 835 2792 ἄφρονες
886 2713 938 2771 ἐν
984 2719 1063 2787 τῷ
1110 2713 1247 2788 λαῷ,
1297 2716 1386 2771 καὶ
1429 2716 1605 2793 μωροί
1633 2736 1766 2771 ποτε

116 2804 439 2883 φρονήσατε.
467 2827 497 2855 ››
524 2834 594 2845 -—-
625 2802 917 2879 Ἐπίγνωτε
943 2803 1011 2858 τὰ
1038 2809 1166 2858 πᾶσι
1196 2805 1467 2881 γνώριμα.

195 2916 225 2945 ‹‹
254 2894 311 2945 '0
341 2889 602 2970 φυτεῦσας
628 2892 691 2946 τὸ
722 2890 814 2954 οῦς
866 2892 995 2968 οὐχὶ
1036 2892 1216 2948 ἆκοῦει
1242 2913 1255 2963 ;
1286 2893 1323 2964 ἢ
1357 2895 1386 2949 6
1433 2893 1643 2957 πλάσας
1671 2893 1763 2949 τὸν

123 2978 407 3060 ὀφθαλμὸν
444 2979 573 3056 οὐχὶ
611 2986 861 3036 κατανοεῖ
891 3000 905 3051 ;
942 3005 972 3033 ››
1000 3014 1071 3023 —
1098 2982 1168 3037 T6
1211 2989 1464 3039 κατανοεῖ
1509 2983 1625 3038 ἀντὶ
1669 2986 1767 3037 τοῦ

124 3074 249 3148 ὁρᾷ.

205 3182 233 3212 ‹‹
261 3159 318 3213 Ὀ
368 3156 637 3214 παιδεῦων
687 3156 807 3229 ἔθνη
860 3158 989 3235 οὐχὶ
1040 3156 1286 3235 ἐλέγξει;
1320 3184 1348 3214 ››
1385 3193 1451 3204 -—
1478 3163 1549 3215 ’Ἃ
1586 3159 1771 3216 καὶτὰ

131 3250 227 3323 μὲν
284 3248 452 3322 νόμον
503 3246 759 3321 δεξάμενα
808 3254 950 3313 θεῖον
1001 3247 1122 3318 ἔθνη
1172 3246 1441 3304 παιδεὸων
1489 3250 1579 3304 καὶ
1630 3269 1771 3303 συνε-

124 3338 291 3407 τίζων
326 3334 414 3392 διὰ
454 3342 560 3392 τῶν
611 3338 736 3414 παρ’
784 3336 967 3399 αὐτοῖς
1005 3337 1186 3411 νόμων
1238 3335 1309 3393 δι’
1358 3339 1432 3392 ὧν
1465 3339 1518 3393 οἱ
1557 3337 1774 3393 πταίον-

122 3448 214 3489 τες
258 3425 604 3499 κολάζονται,
658 3426 787 3502 οὐχὶ
837 3424 1066 3502 ἐλέγξει,
1112 3425 1355 3482 τουτέστι
1404 3426 1627 3483 κολάσει
1672 3447 1781 3482 πα-

130 3536 258 3592 ρανο
266 3519 497 3589 μοῦντας
532 3516 671 3588 ὑμᾶς
707 3535 721 3585 ;

213 3628 234 3656 α
268 3605 324 3657 '0
354 3601 618 3659 διδάσκων
672 3604 954 3680 ἄνθρωπον
1003 3609 1225 3679 γνῶσιν.
1280 3630 1309 3658 ››
1340 3639 1407 3648 -
1456 3610 1511 3659 Ὁ
1540 3603 1787 3680 χορηγὸς

134 3693 234 3760 τῆς
293 3692 542 3766 γνώσεως
593 3692 721 3754 Θεὸς
770 3692 983 3755 πάντως
1038 3693 1293 3768 γινώσκει
1355 3693 1481 3756 τοὺς
1539 3691 1786 3768 διαλογι-

138 3778 313 3853 σμοὺς
342 3783 449 3833 τῶν
497 3779 566 3833 τὰ
612 3779 923 3856 ἀνθρώπινα
967 3780 1312 3857 φρονοῦντων
1358 3782 1447 3837 καὶ
1487 3784 1672 3857 γήῖνα,
1703 3782 1792 3836 καὶ

143 3867 235 3922 διὰ
262 3871 422 3922 τοῦτο
456 3868 580 3940 περὶ
626 3869 726 3938 τὴν
773 3867 916 3923 θείαν
949 3869 1203 3945 πρόνοιαν
1259 3870 1675 3947 ἁμαρτανόντων
1712 3869 1794 3924 ὅτι

144 3958 248 4013 εἶσὶ
276 3954 490 4031 ψευδεῖς
521 3956 611 4012 καὶ
642 3955 991 4035 ἐσφαλμένοι.

220 4071 247 4098 ‹‹
280 4047 557 4122 Μακάριος
589 4046 898 4121 ἄνθρωπος,
930 4048 989 4102 ’ὀν
1022 4046 1081 4102 ἃν
1109 4045 1420 4123 παιδεὺσῃς,
1456 4047 1638 4125 Κὺριε.
1671 4070 1700 4100 ››
1732 4081 1800 4093 -

150 4138 244 4189 "Ov
276 4134 335 4189 ἂν
364 4134 637 4209 συνετίσῃς
665 4138 735 4209 τῇ
765 4135 911 4207 παρὰ
941 4140 1035 4198 ςοῦ
1067 4132 1407 4208 διδασκαλίᾳ.

232 4246 253 4275 ι
287 4222 391 4281 Καὶ
423 4223 483 4279 ἐκ
526 4229 624 4279 τοῦ
670 4223 842 4297 νόμου
893 4245 989 4279 σου
1038 4222 1252 4299 διδάξῃς
1296 4225 1475 4282 αὐτόν.
1507 4249 1537 4277 ››
1565 4258 1634 4268 -
1680 4222 1806 4280 Εἴτε

152 4317 252 4368 τοῦ
281 4317 508 4391 φυσικοῦ
542 4310 649 4368 εἴτε
674 4317 770 4368 τοῦ
799 4316 1067 4388 γραπτοῦ.

235 4425 255 4453 ιι
289 4405 395 4455 Τοῦ
442 4405 673 4474 πραῦναι
720 4400 878 4456 αὐτὸν
932 4402 1021 4479 ἀφ’
1068 4402 1289 4476 ἡμερῶν
1352 4406 1631 4479 πονηρῶν.
1680 4424 1708 4455 ››
1741 4434 1809 4443 —

156 4492 248 4552 '8:
306 4491 381 4563 μή
442 4488 782 4566 σχετλιάζειν
844 4490 1029 4564 αὐτὸν,
1084 4496 1159 4565 μή
1221 4491 1531 4567 ἀγανακτεῖν
1592 4490 1653 4545 ἐκ
1702 4494 1809 4545 τῶν

179 4536 246 4552 ν’
306 4536 381 4563 ΓἾ
444 4536 777 4566 ’Λι⁷“”””δ“”
846 4536 1029 4564 “’⁷“””’9
1084 4536 1159 4565 I'"!
1223 4536 1527 4567 ’Ἰ“”“’”””
1592 4536 1653 4545 ’”“
1714 4536 1804 4545 ’“’”’
1922 4558 1994 4592 πυ
2039 4536 2073 4591 ί.

157 4578 430 4634 ἐπιπόνων
488 4581 732 4655 ἡμερῶν,
785 4578 869 4634 ὅτι
927 4587 961 4649 ἧ
1020 4579 1180 4635 κακία
1236 4579 1630 4656 κατακυριεὺει,
1690 4576 1815 4635 ἀλλ’
2001 4557 2030 4613 ρ

164 4668 449 4741 ὑπομένειν
504 4689 566 4723 τε
611 4668 701 4724 καὶ
765 4670 1134 4745 μακροθυμεῖν
1188 4665 1294 4733 ἓως
1354 4669 1414 4724 ἂν
1447 4655 1576 4731 νπᾶς
1636 4670 1664 4723 6
1710 4662 1819 4725 τῶν
1852 4655 1897 4720 D
2524 4684 2820 4736 ΨΑΑΜΟΣ
2862 4680 2973 4745 μιν,

163 4739 325 4812 θείων
352 4755 587 4812 ἐντολῶν
628 4739 949 4832 παραϐάτης
1003 4739 1082 4820 εἰς
1135 4757 1333 4833 βόθρον
1366 4752 1611 4832 ἐκϐληθῇ
1642 4755 1818 4813 ἀϊδίου
2882 4739 2898 4756 ⁵

170 4846 485 4908 κακώσεως.
2005 4864 2030 4890 ί(
2089 4838 2245 4902 Αἶνος
2303 4837 2451 4913 ᾠδῆς
2507 4841 2587 4913 τῷ
2641 4838 2824 4895 Δαυῒδ.
2886 4845 3043 4896 Δεῦτε
3114 4838 3579 4917 ἀγαλλιασώμεθα

246 4959 274 4987 ‹‹
317 4936 461 4997 Ἕως
494 4934 556 4989 οὗ
590 4934 759 5012 ὀρυγῇ
788 4940 868 5008 τῷ
909 4932 1221 5012 ἁμαρτωλῷ
1271 4935 1486 5012 βόθρος.
1518 4959 1547 4989 ››
1581 4968 1649 4979 -
1678 4938 1823 4998 Ἕως
1930 4932 2008 5001 τῷ
2066 4927 2249 5005 Κυρίῳ
2283 4950 2295 4962 ·
2348 4926 2704 5002 ἀλαλάξωμεν
2777 4928 2858 5002 τῷ
2932 4933 3048 5001 Θεῷ
3103 4934 3184 5001 τῷ
3252 4934 3460 5001 σωτῆρι
3516 4928 3581 4996 ἢ·

168 5023 230 5079 ἂν
263 5024 298 5095 ἠ
348 5021 802 5095 αύτοδικαιοσὺνη
842 5024 1072 5100 Χριστὸς
1114 5023 1173 5078 ἐκ
1208 5030 1308 5093 τῆς
1349 5028 1439 5078 νῦν
1489 5023 1696 5101 ἀνοχῆς
1737 5023 1857 5079 ἐπὶ.
1937 5021 2071 5091 μῶν.
2105 5043 2133 5070 ››
2186 5050 2251 5059 -
2309 5023 2393 5078 Ὠς
2446 5017 2758 5088 νενικηκότα
2804 5017 2933 5081 τοὺς
2988 5021 3377 5094 τυραννοῦντας
3435 5013 3524 5071 δαί
3557 5045 3581 5058 -

166 5113 270 5181 τὴν
335 5110 645 5185 μέλλουσαν
704 5112 881 5189 κρίσιν
930 5114 1111 5186 τραπῇ
1154 5110 1244 5167 καί
1310 5112 1548 5188 ἐχομένη
1609 5112 1828 5188 (ἐχόμε-
1938 5126 2100 5179 μονας
2131 5104 2413 5184 ἐπιφαίνει.

172 5202 283 5274 νοι)
313 5201 403 5256 καὶ
437 5200 598 5277 ἐγγὺς
631 5200 794 5257 αὐτοῦ
818 5202 1015 5264 πάντες
1046 5202 1097 5256 οἱ
1129 5198 1346 5256 δίκαιοι.
2011 5219 2038 5246 ‹‹
2072 5195 2475 5273 Προφθάσωμεν
2533 5196 2595 5249 τὸ
2651 5195 2942 5272 πρόσωπον
2998 5194 3163 5250 αὐτοῦ
3220 5193 3271 5249 ἐν
3319 5192 3585 5268 ἐξομολο-

253 5315 281 5342 ‹‹
312 5290 404 5353 Τίς
456 5290 805 5361 ἀναστήσεταί
857 5312 951 5364 μοι
995 5290 1081 5345 ἐπὶ
1131 5290 1591 5365 πονηρευομένοις
1640 5308 1717 5360 ;››
1762 5323 1833 5334 ρ-
1937 5286 2118 5359 γήσει.
2149 5312 2177 5337 ››
2220 5317 2289 5327 --
2343 5279 2717 5360 Προλάϐωμεν
2772 5286 2872 5353 τὴν
2942 5282 3190 5362 δευτέραν
3246 5283 3410 5339 αὐτοῦ
3464 5303 3591 5338 πα-

172 5380 269 5441 Τίς
327 5380 586 5455 βοηθήσει
646 5401 741 5453 μοι
794 5381 930 5435 κατὰ
983 5385 1090 5435 τῶν
1150 5384 1402 5456 πονηρῶν
1462 5379 1675 5457 ἐχθρῶν
1723 5385 1830 5433 τῶν
1942 5372 2158 5449 ρουσίαν
2204 5371 2534 5448 ἐξαγορεύσει
2585 5377 2690 5427 τῶν
2727 5372 3317 5446 πεπλημμελημένων,
3347 5371 3594 5457 τουτέστι

175 5470 455 5538 αἰσθητῶν
486 5490 543 5525 τε
570 5470 662 5524 καὶ
693 5474 905 5540 νοητῶν
930 5497 944 5535 ς
1569 5455 1575 5457 ν
1942 5463 2050 5539 πρὸ
2082 5463 2309 5516 θανάτου
2363 5463 2801 5534 μετανοήσωμενο
2834 5462 2924 5516 τὸν
2970 5461 3073 5538 γὰρ
3114 5461 3454 5525 ’ἀποθανόντα
3483 5455 3593 5528 ἤδη

255 5582 276 5609 ι
314 5558 383 5611 Ἦ
431 5558 515 5621 τίς
555 5557 1073 5635 συμπαραστησεταί
1142 5578 1236 5630 μοι
1285 5557 1373 5611 ἐπὶ
1419 5556 1549 5619 τοῦς
1598 5556 1788 5632 ἐργαζο
1813 5589 1835 5598 -
1944 5545 2236 5607 κατέλαϐεν
2265 5551 2301 5618 ἡ
2413 5545 2622 5611 ἓλευσις
2650 5554 2748 5604 τοῦ
2777 5555 3030 5625 Χριστοῦ.

187 5648 387 5721 μένους
420 5649 521 5718 τὴν
568 5634 848 5722 ἆνομαίαν,
882 5670 910 5700 ››
949 5680 1013 5695 -
1059 5645 1531 5721 Παραταττομένῳ
1558 5644 1694 5701 κατὰ.
1728 5650 1837 5702 τῶν
2019 5664 2047 5693 α
2108 5642 2227 5695 Ὅτι
2283 5640 2413 5699 Θεὸς
2470 5636 2635 5714 μέγας
2694 5637 2890 5714 Κύριος
2969 5639 3058 5695 καὶ
3121 5636 3372 5716 βασιλεὺς
3435 5634 3601 5711 μέγας

190 5734 438 5815 δυσμῶν.
1950 5729 2038 5788 ἐπὶ
2068 5729 2170 5786 πάν
2184 5748 2279 5792 τας
2329 5724 2456 5791 τοὺς
2488 5726 2665 5792 θεοὺς.
2698 5753 2725 5783 ››
2753 5762 2822 5776 -
2868 5729 2933 5788 Εἰ
2983 5750 3073 5786 και
3121 5725 3403 5807 ἄνθρωπος
3432 5723 3604 5807 ἐφάνη

473 5866 743 5932 ΡΑτιιοι.
791 5867 902 5930 Gn.
947 5863 1179 5933 CXLII.
3242 5855 3328 5936 40
