3998 6418
433 455 590 515 1547

1678 446 2100 511 NICEPHORI
2145 441 2582 512 BLEMMIDE

3680 416 3830 507 iéié

431 585 459 638 ὁ
491 583 708 656 Κύριος,
755 579 990 635 πέπονθε
1037 575 1104 633 δι’
1150 578 1319 652 ἡμᾶς,
1370 577 1514 634 ἀλλά
1560 578 1689 640 Θεὸς
1743 578 1909 652 μέγας
1939 577 2072 646 ἐστῖ,
2102 583 2153 649 Α
2187 577 2383 655 Κύριος
2435 579 2563 644 τοὺς
2613 580 2872 657 οὐρανοὺς
2920 567 3188 650 ἐποίησεν.
3241 603 3270 632 ››
3304 611 3372 622 -—
3402 559 3499 635 Ἕκ
3544 578 3653 633 τῶν
3688 563 3830 654 ούραο

432 672 522 729 καὶ
552 672 765 726 πάντων
799 669 1141 742 ἐξουσιαστῂ
1169 668 1259 722 καὶ
1292 665 1644 744 δημιουργός.

505 784 534 813 ‹‹
564 763 681 814 Ὅτι
714 758 764 813 ἐν
812 761 881 832 τῇ
931 756 1078 832 χειρὶ
1127 756 1294 812 αὐτοῦ
1335 758 1402 812 τὰ
1423 758 1626 832 πέρατα
1660 761 1762 827 τῆς
1792 759 1914 834 γῆς.
1947 783 1976 810 ››
2008 789 2078 799 -

435 851 518 907 Ἐν
546 853 615 923 τῇ
648 846 862 920 ἐξουσίᾳ
892 847 1074 904 αὐτοῦ.

506 961 533 990 ‹‹
567 939 664 992 Καὶ
711 937 779 991 τά
815 937 924 1010 ὕψη
973 939 1079 990 τῶν
1129 935 1297 1011 ὀρέων
1340 935 1508 990 αὐτοῦ
1557 934 1704 993 εἰσίν.
1739 960 1766 988 ››
1797 969 1863 979 -
1900 935 2078 992 Αὐτοῦ

432 1027 535 1084 εἶσὶ
565 1026 835 1100 κτίσματα
864 1021 1075 1095 δηλαδή
1089 1070 1100 1080 .

506 1142 536 1168 ‹‹
595 1120 755 1171 Δεῦτε
829 1117 1291 1190 προσκυνήσωμεν
1371 1113 1516 1186 αύτῷ
1587 1113 1676 1169 καὶ
1753 1112 2075 1186 κλαύσωμεν

434 1205 672 1262 ἐναντίον
724 1204 922 1280 Κυρίου
969 1208 1066 1258 τοῦ
1121 1205 1446 1274 ποιήσαντος
1505 1209 1674 1276 ημᾶς.
1732 1229 1751 1254 ο
1786 1236 1856 1246 --
1901 1209 2076 1278 Προσ-

433 1294 750 1366 κυνήσωμεν
812 1291 887 1354 ὡς
947 1288 1158 1359 δοῦλοι,
1217 1291 1606 1367 προσπέσωμεν
1665 1292 1739 1353 ὡς
1787 1297 1886 1360 τῆς
1916 1291 2080 1346 αὐτοῦ

438 1382 692 1460 βοηθείας
723 1379 993 1454 δεόμενοι,
1026 1379 1346 1453 κλαύσωμεν
1379 1379 1454 1442 ὡς
1485 1378 1828 1456 ἁμαρτωλοί.

513 1497 539 1522 u.
569 1476 688 1526 Ὅτι
735 1469 894 1532 αὐτός
940 1470 1076 1524 ἐστιν
1121 1471 1148 1524 ὁ
1199 1469 1330 1531 Θεὸς
1376 1470 1560 1542 ἡμῶν,
1609 1469 1702 1524 καὶ
1748 1471 1912 1542 ἡμεῖς
1952 1469 2081 1530 λαὸς

436 1568 613 1636 νομῆς
667 1559 849 1615 αὐτοῦ.
912 1584 938 1610 ››
998 1591 1067 1600 —-
1119 1559 1224 1620 ¹Ως’
1279 1557 1743 1636 παρατρεφόμενοι
1801 1559 1889 1612 καὶ
1947 1579 2082 1634 προ-

431 1649 744 1724 νοούμενοι.

513 1739 661 1794 «Καὶ
715 1731 960 1814 πρόϐατα
1008 1736 1193 1812 χειρὸς
1244 1736 1427 1793 αὐτοῦ.
1462 1761 1490 1788 ››
1519 1769 1588 1779 -ο
1630 1742 1717 1798 Ὠς
1767 1743 1891 1813 παρ’
1920 1735 2083 1792 αὐτοῦ

435 1827 744 1901 ἱθυνόμενοι
775 1827 863 1881 καὶ
896 1823 1288 1900 διεξαγόμενοι.

512 1941 541 1970 ‹‹
574 1920 824 1992 Σήμερον
885 1915 971 1970 ἐάν
1022 1917 1118 1984 τῆς
1175 1921 1362 1993 φωνῆς
1419 1914 1583 1969 αὐτοῦ
1639 1915 1942 1986 ἀκοῦσητε,
2006 1916 2079 1988 μὴ
2115 1953 2162 2021 Β

512 2007 527 2021 \
632 2005 645 2021 Ι
861 2003 876 2021 ἱ
1078 2000 1126 2021 δ’
1258 2003 1272 2021 ο
1333 2008 1360 2018 ~
1714 2005 1783 2021 m\
1903 2005 1916 2021 Ι

439 2005 766 2082 σκληρύνετε
818 2003 914 2065 τάς
970 2000 1190 2080 καρδίας
1253 2003 1403 2076 ὑμῶν
1439 2048 1450 2060 .

441 2097 705 2172 ἀορίστως
734 2097 832 2149 τοῦ
863 2092 915 2148 έν
948 2090 1049 2164 οἵῳ
1081 2090 1287 2163 δήποτε
1316 2096 1511 2168 καιρῷ,

518 2210 546 2237 ‹‹
603 2186 693 2246 Ὧς
751 2183 802 2238 ἐν
861 2185 1302 2259 παραπικρασμῷ
1359 2182 1495 2236 κατά
1566 2183 1665 2251 τὴν
1724 2181 1931 2258 ἡμέραν
1991 2187 2087 2236 τοῦ

444 2276 748 2351 πειρασμοῦ
800 2269 849 2325 ἐν
900 2275 967 2344 τῇ
1021 2269 1232 2343 ἐρήμῳ.
1284 2295 1310 2322 ››
1363 2303 1433 2313 ——-
1485 2271 1942 2347 Παραπικρασμὸν
1986 2272 2084 2340 τήν

445 2361 750 2437 ἀντιλογίαν
783 2360 914 2438 φησὶ
942 2358 1031 2414 καὶ
1062 2360 1342 2430 ἀπήνειαν.

520 2476 548 2504 ‹‹
578 2448 652 2505 Οῦ
709 2447 988 2525 ἐπείρασαν
1047 2468 1113 2521 με
1165 2449 1217 2503 οἱ
1272 2448 1496 2524 πατέρες
1548 2450 1718 2522 ὑμῶν,
1764 2445 2084 2523 ἐδοκίμασάν

450 2561 516 2615 με
538 2540 628 2596 καὶ
660 2536 799 2594 εἶδον
829 2539 895 2592 τά
925 2534 1054 2613 ἔργα
1089 2559 1212 2610 μου.
1246 2563 1274 2588 ››
1311 2565 1372 2585 =
1405 2541 1576 2592 Ὅπου
1625 2533 1960 2607 διστάζοντες
1989 2538 2088 2607 τήν

445 2627 582 2704 ἐμὴν
643 2626 866 2700 δύναμιν
918 2623 1260 2698 ἐδοκίμαζον.
1319 2625 1617 2702 Εῗσήγαγεν
1678 2625 1835 2681 αύτὸν
1892 2625 2084 2702 Κύριον

445 2715 824 2793 διαλεγόμενον
858 2716 885 2770 ὁ
921 2712 1101 2769 Δαυίδ.

519 2830 549 2860 (ι
595 2806 993 2882 Τεσσαράκοντα
1048 2802 1139 2873 ἔτη
1199 2805 1556 2880 προσώχθισα
1609 2808 1678 2878 τῇ
1737 2809 1894 2880 γενεᾷ
1954 2803 2088 2859 ἐκεί-

445 2918 580 2971 νῃ.»
613 2894 781 2949 -Τὸ
837 2893 1192 2970 προσώχθισα
1248 2892 1362 2947 ἀντὶ
1417 2897 1515 2948 τοῦ
1574 2893 1825 2970 ἐπαχθῶς
1883 2889 2042 2968 ἔσχον
2071 2936 2086 2962 ,

449 2983 876 3061 δυσηρεστήθην.

519 3097 549 3125 ‹‹
613 3071 710 3127 Καὶ
769 3071 891 3126 εἶπα
922 3089 935 3102 ·
1001 3069 1109 3128 ’Δεῖ
1160 3069 1468 3125 πλανῶνται
1521 3074 1590 3145 τῇ
1659 3067 1873 3146 καρδίᾳ.
1935 3095 1962 3122 ››
2021 3103 2089 3113 -

448 3164 604 3218 Ἤτοι
636 3160 948 3214 ἀστατοῦσιν
998 3159 1171 3231 αὐτοὶ,
1206 3157 1305 3213 οὐκ
1354 3157 1611 3235 ἔγνωσαν,
1659 3160 1729 3215 Τὸ
1761 3157 1817 3215 δὲ
1847 3161 1963 3215 ἀντὶ
1992 3164 2089 3216 τοῦ

447 3252 572 3327 γάρ.
605 3252 805 3304 Γνῶσιν
839 3245 896 3303 δέ
943 3245 1085 3323 λέγει
1131 3248 1231 3316 τὴν
1287 3245 1373 3302 διά
1402 3247 1666 3322 πράξεως⁸
1704 3247 1862 3312 ὀδοὺς
1895 3247 1952 3304 δὲ
1992 3249 2088 3312 τάς

450 3338 693 3401 ἐντολάς.

522 3453 552 3482 ι(
583 3430 669 3490 Ὠς
699 3424 892 3500 ὤμοσα
934 3423 984 3480 έν
1034 3429 1102 3499 τῇ
1153 3425 1287 3502 ὀργῇ
1339 3448 1462 3499 μου,
1496 3426 1541 3480 εἰ
1587 3425 1977 3483 εἰσελεύσονται
2009 3427 2086 3490 εἷς

447 3519 547 3587 τὴν
602 3515 928 3572 κατάπαυσίν
994 3535 1119 3588 μου.
1156 3540 1176 3565 ι
1221 3546 1290 3558 --
1345 3515 1474 3569 Λίαν
1532 3511 1762 3591 βεϐαίως
1811 3516 2086 3594 ἀπεφηνά-

454 3629 561 3680 μην
611 3605 662 3660 ἐν
711 3610 790 3676 τῷ
843 3604 1155 3680 ὀργισθῆναί
1202 3625 1288 3676 με,
1336 3605 1446 3660 Ἀεὶ
1506 3603 1813 3660 εἲσέλθωσιν
1865 3605 1941 3667 εἰς
1988 3607 2086 3676 τήν

451 3696 578 3770 παρ’
632 3693 768 3766 ἐμοῦ
824 3691 1238 3768 ἐπηγγελμένην
1289 3691 1472 3755 αὐτοῖς
1519 3700 1644 3768 γῆν,
1693 3695 1791 3763 τὴν
1835 3714 2092 3770 τεσσαρα-

451 3785 766 3844 κονταετοῦς
802 3776 1143 3854 μεταϐάσεως
1172 3781 1262 3835 καὶ
1292 3779 1504 3851 πλάνης
1533 3783 1884 3840 κατάπαυσιν.

1050 3909 1343 3960 Immo:
1385 3905 1495 3980 ιε’.

532 4017 560 4045 ‹‹
589 3991 717 4074 ᾩδή
748 3998 828 4066 τῷ
874 3991 1058 4065 Δαυίδ,
1097 3993 1186 4048 ὅτε
1225 3993 1253 4047 ὁ
1283 3993 1430 4056 οἶκος
1461 3991 1788 4068 ᾠκοδόμητο
1835 3997 1967 4070 μετά
1993 3997 2092 4066 την

460 4081 843 4160 αἰχμαλωσίαν
895 4126 910 4140 .
970 4084 1168 4153 ’¹ᾼσατε
1233 4087 1312 4154 τῷ
1389 4084 1571 4159 Κυρίῳ
1645 4083 1790 4157 ᾆσμα
1863 4080 2046 4139 καινόν
2081 4103 2094 4116 ·

457 4171 619 4245 ᾅσατε
663 4177 743 4245 τῷ
790 4171 990 4248 Κυρίῳ,
1035 4177 1179 4226 πᾶσα
1230 4172 1264 4240 ἡ
1314 4178 1406 4246 γῆ·
1460 4167 1620 4242 ᾅσατε
1662 4176 1742 4244 τῷ
1772 4171 1982 4249 Κυρίῳ,
2017 4172 2100 4227 εύ-

457 4260 728 4338 λογήσατε
771 4260 833 4316 τι)
882 4256 1056 4333 ὄνομα
1104 4259 1284 4316 αὐτοῦ.
1336 4285 1363 4311 ››
1401 4293 1464 4303 -
1515 4262 1636 4316 Ἐλιὶ
1677 4267 1883 4324 καινοῖς
1922 4261 2096 4338 πράγ-

461 4372 592 4425 μασι
637 4357 827 4420 καινῆς
873 4350 1034 4426 χρεία
1073 4355 1172 4418 τῆς
1220 4346 1516 4422 ὑμνῳδίας,
1567 4349 1654 4404 καὶ
1706 4349 1789 4405 ὅτι
1845 4352 1910 4405 τά
1966 4357 2098 4428 Χρι-

458 4440 700 4494 στιανικά
745 4438 920 4495 πάντα
962 4439 1132 4509 καινά,
1184 4438 1320 4513 πρὸς
1367 4438 1434 4492 τά
1463 4438 1669 4494 παλαιά
1722 4436 1978 4510 δηλονότι
2009 4439 2098 4494 καὶ

456 4531 676 4602 νομικά.

529 4643 557 4670 ι(
609 4615 1027 4694 Εὐαγγελίζεσθε
1075 4615 1283 4692 ἡμέραν
1345 4616 1395 4687 ἐξ
1453 4615 1662 4691 ἡμέρας
1718 4620 1780 4672 τὸ
1831 4621 2097 4693 σωτήριον

456 4706 621 4762 αὐτοῦ
655 4751 668 4764 .

1512 2029 1539 2055 ››
1571 2037 1640 2046 --
1714 2005 1793 2060 Τὸ
1851 2005 2088 2081 σήμερον

455 4798 584 4870 παρ’
613 4795 777 4851 αὐτοῦ
807 4795 1102 4870 γενομένην
1125 4798 1204 4866 τῷ
1224 4795 1415 4869 κόσμῳ
1436 4795 1703 4871 σωτηρίαν
1725 4793 1811 4850 διὰ
1838 4796 1938 4865 τὴς
1959 4796 2100 4858 θείας

458 4885 932 4962 ἐνανθρωπήσεως.

536 5000 556 5026 ι
595 4972 972 5050 Ἀναγγείλατε
1025 4972 1075 5027 ἐν
1123 4978 1240 5034 τοῖς
1293 4969 1459 5027 ἔθνεσι
1503 4975 1603 5043 τήν
1650 4972 1802 5044 δόξαν
1833 4972 2016 5046 αὐτοῦ,
2048 4972 2099 5028 ἐν

459 5068 590 5118 πᾶσι
635 5069 751 5126 τοῖς
801 5062 957 5124 λαοῖς
1001 5062 1068 5116 τά
1119 5061 1387 5131 θαυμάσια
1430 5061 1616 5120 αὐτοῦ.
1667 5089 1693 5114 ››
1735 5096 1802 5105 --
1847 5063 1981 5134 Δόξα
2024 5067 2102 5135 τῷ

462 5148 692 5225 δεσπότῃ
716 5153 776 5206 τὸ
809 5151 939 5226 ὑπὲρ
972 5149 1182 5205 δούλων
1219 5156 1428 5213 παθεῖν.

537 5265 558 5291 ι
592 5243 708 5293 Ὅτι
765 5241 928 5314 μέγας
973 5239 1292 5315 Κύριος,καὶ
1339 5237 1545 5300 αἷνετὸς
1600 5236 1822 5314 σφόδρα·
1871 5238 2101 5316 φοϐερός

459 5327 599 5383 ἐστιν
660 5329 790 5402 ὑπὲρ
848 5329 1046 5390 πάντας
1099 5327 1227 5389 τοὺς
1286 5327 1462 5390 θεούς.
1521 5351 1549 5380 ι)
1611 5360 1679 5368 -
1729 5328 1954 5383 Δύναται
1999 5328 2100 5404 γάρ

456 5415 546 5470 καὶ
577 5416 627 5470 ἐν
659 5421 737 5487 τῷ
765 5421 855 5470 νῦν
883 5417 1035 5470 αἰῶνι
1066 5416 1337 5486 κολάζειν,
1371 5416 1457 5471 καὶ
1507 5415 1558 5470 ἐν
1588 5421 1666 5489 τῷ
1701 5415 1982 5490 μέλλοντι,
2011 5418 2102 5472 καὶ

457 5504 518 5559 ού
552 5509 709 5577 σῶμα
743 5505 905 5577 μόνον
932 5503 1075 5560 ἀλλὰ
1120 5505 1208 5559 καὶ
1241 5507 1447 5580 ψυχῆνσ
1494 5507 1544 5559 0'1
1574 5503 1630 5560 δὲ
1659 5506 1769 5560 θεοὶ
1799 5511 1905 5560 τῶν
1939 5505 2101 5560 ἐθνῶν

455 5591 733 5666 ούδαμῶς’
767 5594 795 5647 ὃ
825 5594 922 5667 γάρ
976 5591 1191 5647 δοκοῦσι
1244 5591 1518 5664 δύνασθαι,
1571 5593 1830 5670 φαντασία
1861 5593 1972 5650 ἐστὶ
2013 5595 2102 5649 καὶ

457 5682 556 5738 οὐκ
586 5680 835 5752 ἀλήθεια.

529 5795 559 5826 κ
590 5774 705 5824 Ὅτι
755 5772 947 5833 πάντες
995 5772 1047 5825 0'1
1097 5770 1208 5833 θεοὶ
1259 5773 1364 5826 τῶν
1420 5769 1584 5825 ἐθνῶν
1637 5768 1913 5846 δαιμόνια.
1958 5777 2012 5826 '0
2057 5769 2104 5828 3‘

2186 690 2290 722 νων
2323 671 2410 724 καὶ
2435 672 2533 739 τήν
2567 669 2847 743 σύμπασαν
2879 669 3050 724 κτίσιν
3083 666 3380 740 ἐδήλωσεν.

2260 781 2288 810 ‹‹
2318 758 2745 835 Ἐξομολόγησις
2794 759 2882 814 καὶ
2930 758 3204 835 ὡραιότης
3256 757 3489 812 ἐνώπιον
3553 757 3748 814 αὐτοῦ.
3801 782 3823 808 η

2197 879 2255 889 -
2285 848 2348 902 Οἱ
2397 846 2443 903 δ’
2487 846 2984 924 ἐξομολογούμενοι
3043 847 3138 909 τάς
3204 843 3470 922 ἁμαρτίας
3522 843 3706 901 αὐτῶν
3752 847 3829 901 καὶ

2188 933 2277 990 διὰ
2328 944 2430 1008 τῆς
2486 937 2698 993 ἐκείνων
2777 935 3094 999 ἀπολύσεως
3149 937 3341 1012 ὡραῖοι
3382 927 3690 1013 ,γινόμενοι
3749 935 3830 998 τὶς

2186 1025 2364 1101 ψυχὰς
2413 1026 2682 1080 οίκείωσιν
2729 1023 2919 1101 ’έχουσι
2969 1026 3106 1100 πρὸς
3152 1025 3311 1080 αὐτὸν
3361 1023 3449 1079 διά
3495 1027 3608 1080 τῶν
3658 1022 3828 1094 ἕξεων.

2186 1113 2322 1177 Τοὺς
2353 1111 2578 1189 ἔχοντας
2610 1113 2981 1187 ὑπεδήλωσεν.
3695 1188 3700 1192 _

2259 1228 2287 1254 «
2325 1203 2625 1279 ’Δγιωσύνη
2682 1205 2771 1259 καὶ
2835 1201 3269 1279 μεγαλοπρέπεια
3327 1199 3376 1257 ἐν
3435 1207 3518 1275 τῷ
3569 1195 3834 1278 15710011:-

2186 1313 2238 1347 11
2269 1291 2454 1350 αὐτοῦ.
2490 1317 2512 1346 ι
2549 1324 2619 1336 -
2663 1291 2964 1368 Ἀγιασμός
3014 1291 3151 1347 ἐστιν
3201 1289 3230 1347 ὁ
3280 1293 3405 1355 ναὸς
3454 1291 3652 1363 αὐτοῦ,
3700 1283 3755 1347 δν
3783 1281 3832 1348 Ex

2187 1385 2292 1434 τῶν
2327 1382 2662 1455 παρθενικῶν
2709 1380 2954 1454 αἱμάτων
3003 1379 3273 1454 ἐδείματο,
3333 1379 3393 1436 ὃς
3447 1375 3568 1456 ἔχει
3612 1369 3836 1455 καθαρό-

2189 1489 2328 1539 τητα
2359 1471 2468 1543 (καὶ
2489 1471 2592 1546 γάρ
2616 1469 3013 1544 ἀναμάρτητος)
3034 1469 3121 1524 καὶ
3150 1467 3653 1546 μεγαλοπρέπειαν.
3676 1472 3838 1546 Ἔργα

2191 1554 2248 1612 δὲ
2279 1557 2561 1634 εῗργάσατο
2595 1555 2825 1634 μεγάλα,
2857 1555 3023 1620 ὄντως
3055 1557 3348 1635 ἐπιπρεπῆ.

2263 1690 2289 1715 ‹‹
2345 1665 2620 1740 Ἐνέγκατε
2675 1669 2755 1738 τῷ
2812 1665 3011 1742 Κυρίῳ,
3069 1666 3125 1720 αἱ
3179 1665 3401 1742 πατριαί
3455 1671 3570 1721 τῶν
3633 1658 3842 1740 ἐθνῶν,

2193 1751 2435 1829 ἐνέγκατε
2479 1758 2559 1826 τῷ
2609 1751 2795 1830 Κυρίῳ
2843 1751 2995 1824 δόξαν
3045 1755 3133 1808 καὶ
3177 1757 3370 1827 τιμήν.
3406 1779 3434 1806 υ
3464 1788 3540 1798 —
3585 1749 3699 1818 Τάς
3745 1756 3842 1810 τῶν

2190 1842 2376 1918 ἱερέων
2433 1843 2522 1897 καὶ
2582 1840 2919 1898 διδασκάλων
2980 1842 3278 1919 ὁμηγύρεις
3330 1843 3566 1919 πατριάς
3627 1838 3847 1917 οἴδαμεν

2191 1932 2552 2004 πνευματικὰς
2579 1937 2686 1986 τῶν
2720 1931 2883 1996 ἐθνῶν
2897 1975 2908 1988 .

2269 2045 2297 2072 ‹‹
2332 2019 2614 2095 Ἐνέγκατε
2658 2024 2736 2094 τῷ
2780 2019 2964 2097 Κυρίῳ
3014 2018 3166 2092 δόξαν
3215 2019 3442 2094 ὀνόματι
3494 2019 3692 2076 αὐτοῦ.
3730 2046 3760 2072 ιι
3789 2055 3848 2065 -

2199 2107 2332 2179 Δόξα
2365 2110 2456 2181 μὲν
2485 2109 2574 2163 καὶ
2607 2107 2675 2164 δι’
2708 2107 3038 2185 ύμνολογίας
3067 2111 3424 2187 προσφέρεται
3445 2106 3530 2182 τῷ
3553 2115 3700 2183 Θεῷ,
3722 2113 3851 2182 τιμὴ

2197 2195 2255 2252 δὲ
2286 2194 2372 2252 διά
2400 2205 2500 2268 τῆς
2533 2205 2736 2272 σεμνῆς
2767 2198 3048 2262 πολιτείας
3077 2201 3259 2272 ἡμῶν.

2270 2289 2525 2362 «Ἄρατε
2582 2286 2788 2354 θυσίας,
2834 2288 2924 2342 καὶ
2977 2287 3347 2364 είσπορεύεσθε
3409 2289 3486 2351 εἷς
3534 2287 3638 2350 τάς
3692 2282 3854 2352 αύλάς

2197 2375 2379 2432 αὐτοῦ.
2415 2400 2444 2427 ››
2484 2409 2550 2419 -
2589 2377 2774 2431 Θυσίαι
2835 2373 3006 2439 ὅντως
3053 2378 3110 2430 αἱ
3157 2378 3363 2454 ἀρεταὶ,
3413 2377 3584 2434 αύλαὶ
3647 2373 3710 2432 δέ
3766 2380 3851 2433 τοῦ

2196 2469 2329 2519 Θεοῦ
2387 2465 2440 2518 αἱ
2499 2468 2602 2519 τῶν
2661 2469 2865 2519 πιστῶν
2929 2465 3257 2538 ἐκκλησίαι,
3317 2464 3535 2522 πολλαὶ
3612 2459 3710 2541 μὲν
3783 2471 3855 2538 τῷ

2197 2554 2432 2630 ἀριθμῷ,
2483 2554 2579 2626 μία
2627 2551 2683 2609 δὲ
2729 2558 2796 2628 τῇ
2845 2553 3042 2609 πίστειο
3090 2559 3250 2609 τοῦτο
3299 2553 3404 2630 γάρ
3456 2545 3554 2610 διά
3598 2551 3702 2611 τοῦ
3732 2557 3850 2610 ἑπα-

2196 2643 2472 2718 γομένου.
2530 2639 2806 2712 Ἐδήλωσε
2850 2640 2906 2698 δὲ
2957 2645 2984 2698 ὁ
3047 2646 3336 2721 προφήτης
3388 2644 3614 2715 ἁπάσης
3663 2644 3849 2720 09:77:;

2198 2730 2324 2785 εἶναι
2381 2731 2507 2793 τοὺς
2565 2727 2923 2794 διδασκάλους
2983 2733 3262 2808 ἀρχέτυπά
3325 2754 3386 2788 τε
3442 2733 3539 2788 καὶ
3601 2729 3842 2807 ὗποδείγ·

2201 2841 2360 2894 ματα.

2267 2934 2296 2962 ‹‹
2332 2909 2657 2980 Σαλευθήτω
2704 2897 2810 2964 ἀπὸ
2857 2912 3152 2986 προσώπου
3201 2910 3366 2966 αὐτοῦ
3416 2917 3569 2966 πᾶσα
3614 2906 3646 2981 ἦ
3802 2935 3826 2961 ι

2198 3032 2266 3042 -
2320 2999 2841 3070 Μετακινηθήτωσαν
2895 3002 2965 3072 τῇ
3024 2998 3304 3076 ἐπιφανείᾳ
3359 2999 3539 3055 αὐτοῦ
3594 2995 3686 3054 άπὸ
3731 3005 3820 3067 τῆς

2198 3088 2414 3157 πλάνης
2461 3087 2547 3142 ἐπὶ
2629 3089 2728 3156 τῆν
2811 3087 3069 3159 ἀλήθειαν
3150 3089 3202 3144 οἱ
3285 3094 3666 3151 κατοικοῦντες
3733 3089 3822 3156 τὴν

2200 3183 2325 3252 γῆν.

2271 3290 2300 3318 ‹‹
2359 3263 2456 3320 Καὶ
2513 3266 2614 3342 γάρ
2688 3267 3013 3341 κατώρθωσε
3065 3266 3164 3336 τῆν
3222 3264 3561 3341 οἰκουμένην
3620 3269 3738 3338 ἥτις
3786 3263 3841 3321 ού

2199 3353 2605 3426 σαλευθήσεται.
2642 3378 2670 3407 ››
2700 3388 2767 3396 -
2796 3351 2936 3429 Τῇδε
2983 3355 3196 3410 κάκεῖσε
3242 3355 3592 3430 πλανωμένη
3643 3357 3847 3433 πρώην,

2196 3447 2287 3497 νῦν
2339 3441 2414 3504 εἷς
2462 3443 2561 3511 τῆν
2608 3441 2807 3496 εὐθεῖαν
2863 3440 3067 3520 ἤδρασε
3116 3443 3295 3498 πίστιν
3346 3446 3452 3514 τὴν
3508 3445 3841 3524 παγκόσμιον

2200 3529 2521 3600 Ἐκκλησίαν
2588 3530 2771 3601 αὐτοῦ,
2846 3534 2912 3602 ῆς
2987 3529 3117 3602 ’ᾁδου
3191 3532 3359 3590 πύλαι

2200 3640 2370 3674 σουσι.

2273 3734 2300 3760 ‹‹
2335 3710 2519 3784 Κρινεῖ
2556 3706 2722 3769 λαοὺς
2770 3709 2820 3765 ἐν
2871 3709 3143 3783 εύθύτητι.
3175 3733 3204 3767 ι
3245 3745 3315 3756 -
3358 3711 3513 3770 Κατά
3566 3716 3673 3785 τὴν

2204 3797 2400 3852 λουσαν
2433 3797 2630 3873 κρίσιν.

2280 3911 2302 3938 ι
2336 3885 2809 3964 Εὐφραινέσθωσαν
2861 3889 2913 3942 οἱ
2964 3888 3208 3964 οὐρανοὶ,
3258 3889 3348 3944 καὶ
3410 3877 3780 3966 ἀγαλλιάσθω

2203 3982 2299 4051 γῆ.
2332 3999 2360 4027 ››
2396 4007 2461 4021 -
2491 3977 2547 4028 Ὀ
2577 3978 2680 4052 γὰρ
2730 3976 3002 4052 οὐράνιος,
3056 3977 3168 4033 εἶτα
3219 3975 3462 4054 ἐπίγειος
3511 3985 3598 4054 τῷ
3628 3981 3850 4058 οὐρανίῳ

2204 4065 2293 4118 καὶ
2321 4069 2400 4136 τῷ
2431 4063 2652 4140 ἐπιγείῳ
2682 4064 2875 4138 κόσμῳ
2905 4066 3175 4144 σωτηρίαν
3206 4067 3528 4144 ἐχαρίσατο.

2278 4196 2306 4222 ‹‹
2341 4168 2671 4242 Σαλευθήτω
2727 4174 2762 4242 ἡ
2823 4172 3064 4237 θάλασσα
3125 4174 3214 4230 καὶ
3272 4176 3336 4230 τὸ
3401 4175 3697 4252 πλήρωμα
3746 4177 3851 4232 αὖ·

2204 4267 2320 4329 τῆς.
2359 4284 2388 4310 ››
2419 4292 2489 4302 -
2517 4261 2614 4314 Διὰ
2642 4267 2743 4330 τῆς
2791 4261 3061 4334 θαλάσσης
3105 4263 3232 4326 τοὺς
3278 4265 3560 4333 νησιώτας
3595 4264 3849 4335 ἐδήλωσε·

2209 4348 2298 4404 διὰ
2323 4353 2429 4403 τῶν
2462 4345 2661 4404 πεδίων
2705 4347 2763 4403 δὲ
2809 4351 2898 4404 καὶ
2949 4356 3056 4406 τῶν
3107 4347 3279 4424 ξύλων
3326 4357 3427 4408 τοῦ
3471 4350 3691 4430 δρυμοῦ
3737 4353 3849 4414 τοὺς

2210 4437 2261 4492 ἐν
2293 4434 2500 4500 πεδίοις
2533 4437 2810 4501 οἶκοῦντας
2863 4441 2950 4494 καὶ
2997 4440 3124 4502 τοὺς
3177 4441 3229 4495 ἐν
3279 4437 3481 4518 ὄρεσιν’
3540 4445 3758 4499 εῗώθασι
3802 4441 3849 4496 δὶ

2211 4528 2263 4582 οἱ
2320 4534 2592 4605 προφῆται
2649 4527 2737 4582 καὶ
2794 4534 2910 4592 τοῖς
2950 4529 3187 4605 ἀψύχοις
3246 4533 3578 4608 περιτιθέναι
3639 4533 3848 4609 χαράν,

2210 4615 2332 4670 ὅταν
2395 4610 2834 4691 ὑπερϐάλλουσαν
2897 4617 3227 4695 εὐφροσύνην
3303 4618 3543 4698 ἐμφῆναι
3617 4620 3848 4696 βούλων-

3438 3535 3501 3590 οὖ
3564 3557 3670 3590 κατ
3680 3535 3800 3612 ισχύ
3826 3567 3842 3577 -

729 4689 776 4758 λί
814 4738 886 4749 -
940 4689 1298 4782 Διαγγέλλετε
1355 4706 1435 4760 ἀεὶ
1501 4689 1596 4761 καὶ
1654 4707 1948 4782 κηρύσσετε
1984 4689 2099 4777 ’τῆν
2132 4689 2314 4762 D101.
2347 4705 2417 4758 Τὸ
2473 4689 2791 4770 σαλεύεσθαι
2851 4703 2906 4761 δὲ
2956 4689 3063 4761 ποῦ
3116 4689 3213 4780 μὶν
3257 4689 3534 4779 δηλοῖτό

2211 4795 2329 4848 σθαι
2376 4792 2463 4847 καὶ
2511 4789 2974 4866 μεταϐάλλεσθαι,
3024 4801 3129 4850 ποῦ
3173 4794 3231 4851 δὲ
3277 4798 3341 4852 τὸ
3391 4798 3492 4852 ὑπὸ
3549 4793 3727 4876 φόϐου
3773 4818 3849 4854 τα-

2214 4883 2512 4958 ράττεσθαι,
2561 4886 2668 4937 ποῦ
2716 4880 2774 4937 δὲ
2817 4883 2881 4938 τὸ
2931 4885 3018 4962 ὑφ’
3064 4882 3273 4955 ἡδονῆς
3322 4891 3540 4962 σκιρτᾷν
3570 4931 3586 4958 ,
3647 4888 3730 4950 ὡς
3781 4885 3852 4941 ἐν·

2209 4972 2395 5029 ταῦθα.

2285 5060 2478 5114 «Ἀπὸ
2525 5061 2820 5132 προσώπου
2864 5061 3088 5138 Κυρίου,
3139 5062 3222 5119 ὅτι
3265 5061 3505 5140 ἔρχεται.
3560 5087 3591 5116 ›ι
3620 5095 3693 5107 --
3738 5059 3856 5120 Ἐὗ-

2211 5149 2356 5220 ξουσι
2405 5151 2472 5204 τά
2527 5148 2811 5222 σύμπαντα
2866 5147 3064 5220 ἡδονὴν
3119 5151 3179 5206 ἐκ
3235 5159 3336 5222 τῆς
3404 5151 3721 5231 ἐπιφανείας
3769 5155 3848 5207 τοΞ

2210 5243 2440 5313 Χριστοῦ
2475 5282 2488 5308 ,
2547 5237 2631 5292 ὅτι
2712 5235 2925 5314 ἔρχεται
3002 5243 3340 5316 κατορθῶσαι
3415 5243 3511 5311 τὴν
3586 5242 3849 5315 οἰκουμέ-

2210 5350 2328 5398 νην.

2287 5441 2314 5469 ι(
2344 5420 2463 5470 Ὅτι
2518 5413 2732 5492 ἔρχεται
2790 5418 2989 5492 κρίνειν
3048 5420 3147 5487 τήν
3194 5427 3321 5495 γῆν.
3353 5443 3381 5473 ›ι
3415 5453 3482 5463 -
3521 5423 3623 5475 Διά
3663 5420 3844 5475 τούτω

2209 5507 2308 5575 τήν
2361 5503 2607 5577 δευτέραν
2667 5504 2874 5560 ἕλευσιν
2932 5512 3030 5562 τοῦ
3087 5510 3289 5584 Κυρίου
3339 5509 3606 5583 ἐσήμανε,
3650 5510 3841 5574 καθ’ἧν

2215 5591 2482 5649 ἀποδώσει
2517 5595 2722 5667 ἑκάστῳ
2752 5594 2886 5649 κατά
2917 5592 3048 5672 ἔργα
3079 5597 3262 5653 αὐτοῦ.

2285 5709 2313 5736 ‹‹
2345 5689 2533 5758 Κρινεῖ
2564 5685 2663 5751 τὴν
2697 5683 3023 5757 οἰκουμένην
3070 5685 3121 5741 ἐν
3177 5683 3506 5762 δικαιοσύνῃ,
3556 5688 3645 5742 καὶ
3696 5683 3846 5744 λαοῖκ

2213 5772 2264 5829 ἐν
2313 5777 2381 5848 τῇ
2430 5770 2659 5848 ἀληθείᾳ
2703 5773 2896 5832 αὐτοῦ.
2952 5799 2980 5826 ››
3029 5809 3096 5820 -—
3146 5777 3233 5832 Ἐν
3281 5773 3590 5852 δικαιοσύνῃ
3639 5777 3735 5850 μὲν
3773 5774 3842 5835 ὥς
