3998 6430
178 421 339 492 ἆ549

1397 430 1809 494 EXPOSI’I‘IO
1855 432 1930 491 IN
1979 431 2362 506 PSALMUS.

3430 431 3450 488 1
3465 429 3582 489 550

173 528 715 637 ἀπροσωπόληπτος,
762 560 814 617 ἐν
874 559 1104 632 ἀληθείᾳ
1151 558 1230 630 δὲ,
1281 561 1355 623 ὡς
1412 562 1587 616 πάντα
1634 557 1819 629 εἰδὼς,
1850 559 2160 633 Ατίληψις
2212 558 2339 621 τοὺς
2419 557 2957 635 αἰχμαλωτισθέντας
3033 557 3136 612 ὑπὸ
3204 562 3301 612 τοῦ
3375 555 3577 632 ἐχθροῦ

169 650 262 705 καὶ
288 647 376 705 διὰ
405 655 565 705 τοῦτο
594 649 1046 727 ἀπαραλογίστως
1076 651 1274 728 κρίνων
1312 650 1406 705 τὸν
1435 647 1670 707 δίκαιον.

787 788 1083 847 mnum:
1124 791 1223 868 ιιζ.

244 923 274 953 ‹‹
307 897 544 972 Ψαλμὸς
598 902 678 971 τῷ
731 895 918 967 Δαυ²ιδ,
951 897 1040 954 ὅτε
1082 900 1117 968 ἠ
1174 903 1244 974 γῆ
1302 897 1467 954 αὐτοῦ
1513 884 1822 953 καθίστατο.

173 987 377 1065 Κύριος
434 978 796 1043 ἐϐασίλευσεν’
860 984 1215 1062 ἆγαλλιάσθω
1282 987 1318 1056 ἡ
1375 991 1467 1062 γῆ*
1529 985 1825 1063 εὐφρανθή-

168 1097 346 1132 τωσαν
395 1078 550 1146 νῆσοι
596 1073 826 1148 πολλαὶ,
871 1074 1071 1154 νεφέλη
1114 1075 1204 1130 καὶ
1246 1074 1446 1153 γνόφος
1499 1071 1690 1146 κύκλῳ
1730 1072 1824 1128 αὐ-

170 1168 292 1223 τοῦ.
328 1189 357 1217 ››
388 1197 458 1209 --
488 1162 702 1243 Νεφέλη
735 1165 826 1220 καὶ
884 1162 1083 1243 γνόφος
1127 1165 1162 1233 ἡ
1206 1160 1625 1241 προσληφθεῖσα
1673 1162 1825 1240 σὰρξ,

171 1252 250 1318 ὡς
283 1251 707 1332 ὑποκρύπτουσα
733 1254 832 1323 τήν
866 1252 1117 1323 θεότητα.

248 1367 277 1395 ‹‹
312 1342 634 1414 Δικαιοσύνη
687 1340 777 1397 καὶ
829 1346 1002 1416 κρῖμα
1057 1340 1390 1418 κατόρθωσις
1465 1344 1564 1397 τοῦ
1634 1339 1824 1418 θρόνου

172 1431 359 1490 αὐτοῦ.
394 1455 423 1484 ››
454 1464 520 1476 -—
551 1430 608 1486 Ὀ
662 1429 851 1508 θρόνος
906 1431 1031 1507 γὰρ,
1061 1427 1231 1507 ἤγουν
1291 1432 1326 1501 ἡ
1362 1431 1479 1486 κατ’
1536 1428 1822 1505 ἐπίγνωσιν

172 1519 338 1577 αὐτοῦ
410 1517 678 1596 βασιλεία,
735 1517 1079 1590 δικαιοσύνην
1136 1520 1227 1575 καὶ
1279 1519 1456 1596 κρίσιν
1513 1515 1822 1590 ἀδέκαστον,

168 1613 270 1665 τοῦ
330 1607 423 1683 μὶν
477 1609 742 1686 τυράννου
791 1607 1118 1685 καθαίρεσιν,
1179 1613 1286 1662 τῶν
1349 1604 1407 1663 δὲ
1461 1606 1824 1685 τυραννουμέ-

171 1718 280 1753 νων
316 1695 647 1775 ἐλευθερίαν,

247 1790 418 1862 «Πῦρ
476 1785 705 1841 ἐνώπιον
763 1785 927 1841 αὐτοῦ
982 1785 1432 1863 προπορεύσεται.
1465 1809 1493 1837 ››

167 1879 268 1930 τοῦ
293 1878 486 1952 καιροῦ
513 1881 612 1945 τῆς
648 1873 992 1952 παγκοσμίου
1022 1874 1271 1950 κρίσεως.

244 1988 273 2016 ‹‹
307 1964 410 2021 Καὶ
467 1962 683 2042 φλογιεῖ
739 1963 928 2037 κύκλῳ
981 1962 1111 2026 τοὺς
1168 1961 1401 2038 ἐχθροὺς
1461 1962 1644 2021 αὐτοῦ.
1691 1988 1718 2015 ››
1752 1997 1821 2007 -

172 2055 248 2109 Γὸ
275 2051 466 2126 κύκλῳ
496 2050 614 2110 ἀντὶ
632 2056 730 2108 τοῦ
760 2057 1066 2128 πανταχοῦ.

251 2165 280 2196 ‹‹
309 2140 544 2221 Ἔφαναν
596 2143 650 2196 αἱ
709 2140 974 2219 ἀστραπαὶ
1020 2141 1184 2196 αὐτοῦ
1228 2146 1298 2215 τῇ
1344 2141 1654 2216 οἰκουμένῃ.
1702 2162 1724 2192 ιι
1754 2174 1819 2184 -

168 2228 476 2308 ’Δστραπάς
520 2226 665 2307 λέγει
712 2232 811 2301 τὴν
871 2230 923 2285 έν
972 2229 1076 2305 ὅλῃ
1128 2235 1197 2305 τῇ
1264 2229 1558 2305 οἰκουμένῃ
1615 2228 1820 2287 διελευ-

172 2319 409 2395 σομένην
440 2312 593 2391 δόξαν
624 2319 788 2375 αὐτοῦ
818 2320 907 2375 καὶ
938 2317 1321 2394 λαμπρότητα.

255 2433 278 2464 ι
312 2407 459 2479 Εἶδε,
489 2408 578 2465 καὶ
627 2406 886 2480 ἐσαλεὺθη
918 2409 953 2478 ἡ
992 2415 1088 2484 γῆ.
1122 2432 1152 2461 ››
1185 2442 1253 2451 —
1296 2405 1516 2471 Ἰδόντες
1562 2409 1654 2464 τὸν
1704 2429 1822 2486 κρι-

170 2501 275 2569 τὴν
305 2496 639 2576 τρομάζουσι
668 2499 864 2561 πάντες
893 2498 944 2553 οἰ.
971 2501 1243 2574 γηγενεῖς.

248 2612 277 2640 ‹‹
305 2586 382 2642 Τὰ
435 2585 536 2664 ὄρη
596 2585 724 2641 ὡσεὶ
809 2587 977 2660 κηρὸς
1038 2584 1301 2657 ἐτάκησαν
1361 2586 1469 2641 ἀπὸ
1523 2586 1821 2662 προσώπου

170 2675 405 2752 Κυρίου.
452 2699 481 2727 ››
531 2708 601 2717 -
649 2674 755 2731 Καὶ
814 2674 967 2731 αὐτοὶ
1012 2675 1064 2729 οἱ
1124 2675 1388 2751 ἄρχοντες
1440 2675 1529 2730 καὶ
1580 2671 1823 2751 βασιλεῖς

170 2768 351 2839 κηροῦ
395 2761 550 2835 δίκην
585 2764 717 2841 πυρὶ
759 2761 1087 2833 πελάζοντος
1133 2767 1213 2836 τῷ
1259 2758 1416 2842 φόϐῳ
1466 2761 1821 2835 διαλυθήσον-

173 2874 286 2909 ται.

257 2962 288 2996 α
329 2942 779 3018 Ᾱίσχυνθήτωσαν
837 2940 1031 3004 πάντες
1109 2941 1161 2996 οἱ
1229 2946 1655 3015 προσκυνοῦντες
1710 2946 1826 3002 τοῖς

171 3030 469 3107 γλυπτοῖς.
517 3054 547 3083 ››
583 3064 651 3074 ——
695 3031 800 3088 Καὶ
847 3032 904 3108 γᾶ
920 3050 949 3107 ρ
996 3031 1086 3086 τὸν
1136 3027 1395 3102 ἀληθινὸν
1444 3027 1649 3093 ἰδόντες
1695 3029 1823 3087 Θεὸν

173 3119 413 3198 ἄρρητον
443 3118 826 3197 κληρώσανται
854 3120 955 3189 τὴν
992 3119 1259 3196 αἰσχύνην
1295 3119 1348 3174 οί
1393 3124 1510 3182 τοῖς
1569 3116 1824 3182 εἰδώλοις

140 3264 149 3274 ,
178 3208 586 3287 λατρεύσαντες.

1526 1819 1592 1829 -
1649 1789 1825 1841 Ταῦτα

1939 645 2188 711 δούλους.

2012 761 2041 790 ‹‹
2073 739 2362 814 Ἐγνώριζε
2390 738 2586 813 Κύριος
2614 737 2679 791 τὸ
2721 738 2989 812 σωτήριον
3041 735 3225 791 αὐτοῦ.
3263 758 3291 787 ››
3323 767 3390 777 -
3418 740 3580 814 Ἐφα-

1934 827 2137 904 νέρωσε
2181 828 2279 895 τὴν
2329 826 2455 903 παρ’
2499 825 2663 881 αὐτοῦ
2710 823 2982 899 σωτηρίαν
3022 824 3112 879 καὶ
3157 825 3257 893 τήν
3307 821 3585 880 δικαιοσύ-

1934 935 2030 986 νην
2087 912 2177 969 διά
2220 919 2327 970 τῶν
2377 912 2699 970 ἀποστόλων
2747 913 2799 968 ἐν
2867 918 2995 967 πᾶσι
3058 918 3175 975 τοῖς
3221 908 3449 986 ἔθνεσιν,
3498 911 3581 969 6'1:

1935 1001 2076 1073 ἦλθε
2105 1007 2273 1058 σῶσαι
2308 1003 2402 1077 μὶν
2433 1006 2601 1078 ἡμᾶς,
2632 1001 2880 1059 καθελεῖν
2913 999 2971 1056 δὲ
2999 1003 3089 1057 τὸν
3117 999 3412 1075 πολέμιον.

2007 1115 2037 1145 ‹‹
2070 1093 2345 1165 Ἐμνήσθη
2393 1094 2489 1148 τοῦ
2534 1090 2720 1154 ἐλέους
2766 1090 2928 1146 αὐτοῦ
2971 1095 3050 1163 τῷ
3101 1085 3319 1159 Ἰακὼϐ,
3350 1089 3439 1146 καί
3479 1096 3581 1160 τῆς

1936 1180 2191 1251 ἀληθείας
2238 1180 2405 1237 αὐτοῦ
2456 1186 2537 1253 τῷ
2577 1176 2712 1252 οἷ’κῳ
2745 1177 2986 1257 Ἰσραήλ.
3020 1202 3049 1232 ››
3082 1212 3152 1221 -
3182 1178 3359 1235 Πάλαι
3391 1179 3420 1233 6
3451 1179 3582 1242 Θεὸς

1935 1266 2393 1346 ἐπαγγειλάμενος
2432 1267 2512 1343 τῷ
2556 1264 2806 1343 Ἀϐραὰμ
2855 1267 3073 1339 ἐλεῆσαι
3136 1268 3200 1323 τὸ
3264 1266 3419 1344 γένος
3482 1267 3581 1324 αὐ-

1931 1362 2051 1428 τοῦ,
2100 1358 2343 1415 τουτέστι
2399 1358 2527 1421 τοὺς
2579 1356 2630 1429 ἐξ
2679 1352 2893 1412 Ἰακώϐ·
2946 1357 2975 1412 6
3021 1358 3126 1433 γὰρ
3190 1358 3355 1414 Ἡσαῦ
3421 1354 3583 1431 μεμί-

1933 1466 2091 1515 σηται
2148 1447 2238 1502 καὶ
2287 1442 2682 1518 ἀποϐέϐληται·
2732 1443 2801 1501 δι’
2850 1445 3015 1522 ὅρκου
3054 1467 3113 1501 τε
3145 1440 3448 1523 βεϐαιώσας
3496 1444 3579 1501 6'1:

1934 1532 2223 1605 ἀληθεύσει
2321 1534 2541 1612 ὕστερον
2647 1535 2888 1609 ἐμνήσθη
2984 1539 3083 1590 τοῦ
3158 1532 3578 1612 ἐπαγγελθέντος

1934 1620 2141 1697 ἐλέους,
2172 1624 2261 1679 καὶ
2287 1630 2386 1693 τῆς
2422 1617 2811 1701 βεϐαιωθείσ-ης
2844 1622 3126 1694 ἀληθείας,
3158 1621 3208 1677 ἐν
3252 1628 3333 1696 τῷ
3379 1616 3578 1680 Ἰακὼϐ

1932 1713 2196 1788 γενέσθαι,
2246 1712 2334 1768 καὶ
2385 1712 2438 1768 ὲν
2481 1718 2562 1769 τῶ
2608 1710 2745 1785 οἷ’κῳ
2790 1711 2954 1767 αὐτοῦ
3011 1711 3210 1777 ἐκεῖθεν
3259 1710 3577 1787 ἀναλάμψαι

1931 1800 2020 1855 καὶ
2072 1805 2240 1857 σῶσαι
2308 1799 2511 1865 πάντας
2584 1799 2710 1864 τοὺς
2777 1800 3163 1864 πιστεύσαντας
3228 1799 3450 1872 ἀληθῶς
3500 1799 3578 1863 εἰς

1932 1888 2113 1945 αὐτόν·
2148 1889 2297 1946 οὗτοι
2354 1889 2458 1966 γὰρ
2515 1890 2605 1944 καὶ
2654 1883 2848 1945 Ἰακὼϐ
2896 1887 2985 1944 καὶ
3029 1888 3179 1952 οἶκος
3222 1887 3444 1966 Ἰσραὴλ
3488 1886 3580 1944 διὰ

1928 1980 2028 2049 τήν
2074 1978 2211 2053 πρὸς
2260 1979 2485 2056 Χριστὸν
2533 1977 2626 2033 τὸν
2680 1977 2731 2049 ἐξ
2780 1970 2974 2034 Ἰακὼϐ
3025 1977 3296 2034 οἰκείωσιν
3341 1980 3440 2047 τὴν
3492 1974 3583 2032 διὰ

1928 2067 2188 2130 πίστεως.

2005 2180 2032 2207 ‹‹
2064 2153 2293 2211 Εἴδοσαν
2322 2157 2495 2211 πάντα
2542 2157 2607 2211 τὰ
2645 2156 2852 2232 πέρατα
2894 2162 2996 2226 τῆς
3040 2158 3141 2231 γῆς
3190 2156 3253 2211 τὸ
3308 2157 3579 2232 σωτήριον

1927 2248 2024 2300 τοῦ
2070 2249 2205 2301 Θεοῦ
2252 2247 2432 2318 ἡμῶν.
2467 2269 2498 2298 ››
2540 2277 2609 2288 —-
2656 2245 2922 2300 Ἐνώπιον
2976 2244 3149 2299 αὐτῶν
3199 2243 3577 2322 ἀποκαλυφθὲν

1930 2331 2019 2388 διὰ
2044 2338 2152 2389 τῶν
2180 2331 2525 2391 ἀποστόλων.

2003 2445 2033 2473 ‹‹
2062 2420 2286 2478 Ψάλατε
2356 2426 2436 2495 τῷ
2511 2421 2696 2498 Κυρίῳ
2755 2421 2806 2476 ἐν
2855 2423 3071 2495 κιθᾶρᾳ,
3122 2421 3174 2477 ἐν
3225 2421 3416 2497 κιθάρᾳ
3486 2419 3578 2476 καὶ

1930 2514 2085 2590 φωνῇ
2116 2508 2360 2585 ψαλμοῦ.
2392 2533 2420 2561 ››
2452 2541 2522 2553 --
2551 2509 2771 2565 Ψάλλει
2800 2509 2853 2565 ἐν
2886 2522 3082 2587 κιθαρᾳ
3112 2513 3141 2566 6
3176 2508 3267 2565 διὰ
3288 2512 3390 2581 τῆς
3438 2529 3577 2587 πρα-

1933 2605 2120 2670 κτικῆς
2152 2597 2386 2670 δοξάζων
2428 2598 2580 2655 Θεόν·
2614 2599 2643 2654 6
2688 2595 2746 2653 δὲ
2794 2596 2883 2653 διὰ
2929 2597 3157 2675 θεωρίας
3207 2597 3374 2672 ὕμνος
3423 2599 3577 2677 φωνή

1932 2685 2159 2762 ψαλμοῦ
2191 2685 2275 2759 εἴη
2310 2685 2396 2745 ἄν.

2004 2801 2033 2831 ι(
2064 2778 2152 2832 Ἐν
2226 2774 2508 2853 σάλπιγξιν
2580 2775 2818 2849 έλαταῖς,
2891 2777 2983 2832 καὶ
3045 2780 3200 2855 φωνῇ
3269 2775 3578 2852 σάλπιγγος

1930 2863 2244 2941 καρατίνης.
2295 2890 2323 2919 ››
2374 2898 2441 2908 -
2483 2866 2552 2922 Αἱ
2598 2863 2848 2942 τέσσαρες
2897 2865 2999 2941 γὰρ
3049 2864 3388 2942 εὐαγγελικαὶ
3442 2863 3583 2921 σάλ-

1931 2975 2124 3030 πιγγες
2173 2951 2346 3009 εἷ’τουν
2392 2950 2757 3025 διδασκαλίαι,
2809 2953 2912 3008 ὑπὸ
2960 2958 3058 3009 τοῦ
3123 2952 3279 3030 ἀγίου
3333 2955 3585 3028 Πνεύμα-

1930 3064 2030 3108 τος
2071 3041 2453 3119 χαλκευθεῖσαι
2523 3042 2613 3097 καὶ
2676 3043 3181 3097 κατασκευασθεῖσαι
3246 3041 3322 3106 ὡς
3390 3039 3589 3118 εῦηχοι

1932 3132 2067 3208 πρὸς
2142 3130 2266 3204 μίαν
2332 3131 2685 3185 συνάπτονται
2751 3129 3059 3206 κερατίνην,
3115 3127 3282 3206 ἤγουν
3349 3132 3584 3206 ζωηράν·

1937 3220 1997 3277 ἐκ
2028 3221 2169 3291 ζώου
2206 3221 2308 3296 γὰρ
2356 3219 2418 3274 τὸ
2465 3218 2644 3294 κέρας.
2680 3220 2877 3289 Φωνὴν
2921 3216 2980 3275 δὲ
3024 3219 3248 3289 νοητέον
3294 3221 3394 3290 τὴν
3448 3240 3584 3295 συμ-

256 3322 285 3351 (ί
312 3300 727 3388 ῌροσκννήσαῖε
781 3297 927 3388 αὐτῷ
975 3296 1168 3388 πάγτες
1219 3297 1273 3351 οἱ
1293 3293 1544 3388 -.ἄγγελοι
1574 3295 1758 3388 “617°?-
1794 3318 1822 3348 ”
1856 3300 1900 3367 (ξ’.
1939 3308 2141 3388 φωνίαν
2171 3293 2390 3378 την-ἐπὶ
2418 3293 2537 3370 ταῖς
2569 3306 2815 3371 ἐντολαῖς
2843 3308 2934 3364 καὶ
2963 3313 3081 3371 τοῖς
3113 3305 3370 3383 δόγμασι.

178 3417 253 3428 --
282 3384 444 3458 Αὐτῷ
472 3386 576 3463 γὰρ
614 3384 816 3459 κάμψει
848 3385 981 3460 γόνυ
1022 3382 1234 3455 πλῆθος
1281 3384 1418 3438 ἅπαν
1470 3381 1828 3461 ἐπουρανίων,

175 3473 268 3529 καὶ
298 3473 571 3550 ἐπιγείων,
600 3474 690 3529 καὶ
718 3472 1115 3550 καταχθονίων.

250 3586 280 3616 ι(
313 3564 543 3619 Ἤκουσε
570 3564 661 3618 καὶ
695 3561 961 3638 εὐφράνθη
998 3562 1163 3634 Σιών,
1196 3570 1321 3618 κτΑ.
1347 3585 1375 3613 ››
1409 3594 1475 3605 -
1508 3562 1651 3616 Σιὼν
1685 3560 1832 3638 λέγει

174 3653 278 3722 τὴν
325 3651 622 3722 καθολικὴν
676 3650 1024 3723 Ἐκκλησίαν·
1074 3648 1364 3729 θυγατέρας
1428 3648 1484 3706 δὲ
1544 3652 1642 3720 τῆς
1690 3651 1830 3706 Ἰου-

175 3739 333 3803 δαίας
394 3742 491 3804 τὰς
557 3742 694 3796 κατᾶ
755 3740 960 3804 τόπους
1052 3740 1275 3818 μερικὰς
1346 3739 1660 3816 συναγωγὰς
1724 3743 1831 3794 τῶν

187 3829 451 3888 ἀπίστων.
511 3833 777 3893 Ἤκουσε,
814 3826 873 3884 δὲ
946 3830 1044 3898 τὴν
1124 3826 1373 3905 δευτέραν
1457 3825 1668 3884 ἔλευσιν
1736 3832 1835 3882 τοῦ

193 3923 457 3995 Σωτῆρος
507 3921 762 3994 Χριστοῦ,
805 3916 896 3973 καὶ
940 3916 1206 3995 εὐφράνθη
1255 3912 1430 3972 ἕνεκεν
1473 3923 1574 3986 τῆς
1626 3914 1837 3979 δικαίας

190 4006 359 4062 αὐτοῦ
412 4006 666 4084 κρίσεως,
723 4005 806 4062 6'1:
867 4003 1137 4061 ἀποδώσει
1194 4011 1310 4069 τοῖς
1370 4006 1464 4079 μὲν
1526 4000 1697 4067 ὅντως
1751 4026 1841 4059 πι-

192 4101 340 4158 στοῖς
399 4096 689 4150 ἀνάπαυσιν
750 4095 991 4167 αἰώνιον,
1049 4099 1166 4157 τοῖς
1219 4091 1276 4149 δὲ
1322 4095 1570 4157 ἀπίστοις
1628 4093 1839 4167 ὁμοίως

187 4183 416 4240 κόλασιν
441 4184 688 4241 αἰώνιον.

271 4297 293 4324 σι
329 4274 423 4328 Ἐκ
476 4273 665 4350 χειρὸς
729 4270 1061 4348 ἁμαρτωλοῦ
1135 4271 1349 4349 ῥύσεται
1417 4270 1630 4335 αὐτούς.
1693 4294 1721 4323 ››
1773 4302 1842 4315 -ι

192 4360 557 4439 ’Δμαρτωλὸς
597 4361 801 4438 κυρίως
831 4364 859 4416 6
903 4356 1186 4433 διάϐολος,
1232 4360 1309 4424 ὡς
1350 4361 1527 4432 πάσης
1576 4359 1842 4435 ἁμαρτίας

190 4446 560 4526 δημιουργός.

271 4561 300 4591 ι(
332 4542 459 4602 Φῶς
519 4537 760 4594 ἀνέτειλε
811 4543 891 4612 τῷ
949 4537 1166 4611 δικαίῳ,
1222 4538 1312 4594 καὶ
1366 4544 1482 4601 τοῖς
1546 4538 1718 4594 εὐθέσι
1775 4541 1845 4612 τῇ

188 4625 389 4704 καρδίᾳ
445 4627 772 4707 εὐφροσύνη.
824 4650 853 4680 ιι
908 4660 980 4672 --
1037 4626 1408 4704 ’Δντιχρονίεν

190 4718 321 4794 γὰρ,
355 4717 510 4796 φησὶ,
544 4717 744 4773 δίκαιοι
774 4717 850 4779 ὡς
883 4717 912 4771 6
943 4714 1129 4786 ἥλιος.
1164 4739 1194 4768 »

269 4829 299 4859 «
329 4804 676 4884 Εὐφράνθητε
725 4803 925 4861 δίκαιοι
962 4804 1013 4860 ἐν
1056 4809 1136 4877 τῷ
1182 4803 1386 4881 Κυρίῳ,
1431 4805 1521 4860 καὶ
1588 4802 1849 4877 ἐξομολο-

192 4896 374 4973 γεῖσθε
426 4892 496 4968 τῇ
544 4896 739 4969 μνήμῃ
779 4901 880 4965 τῆς
922 4892 1239 4970 ἁγιωσύνης
1285 4893 1471 4952 αὐτοῦ.
1506 4917 1535 4947 »
1569 4925 1636 4938 —-
1664 4893 1846 4971 Εὐχα-

199 4988 431 5058 ριστεῖτε
465 4982 519 5037 ἐν
565 4988 646 5057 τῷ
698 4983 1080 5058 μνημονεύειν,
1112 4982 1195 5038 6'1:
1245 4983 1547 5058 ἡγιάσθητε
1601 4983 1729 5060 παρ’
1757 4981 1851 5038 αὐ-

194 5093 316 5130 του.

799 5192 1094 5243 mmo}:
1133 5184 1246 5262 γε’.

276 5328 304 5357 ‹‹
338 5302 574 5379 Ψαλμὸς
602 5308 682 5376 τῷ
708 5301 893 5359 Δαυΐδ.
945 5308 1146 5358 ’Άσατε
1188 5305 1268 5374 τῷ
1316 5300 1502 5379 Κυρίῳ
1550 5302 1696 5376 ᾆσμα
1739 5323 1854 5357 και-

198 5386 315 5448 νόν’
390 5392 472 5449 ὅτι
551 5393 833 5465 θαυμαστᾶ
891 5391 1142 5461 ἐποίησεν
1210 5392 1238 5445 6
1306 5389 1524 5466 Κύριος.
1590 5414 1620 5443 ››
1682 5424 1751 5433 -
1791 5394 1851 5445 Ti

202 5481 634 5557 θαυμαστότερον
718 5485 815 5536 τοῦ
897 5479 989 5535 τὸν
1074 5479 1201 5534 Θεὸν
1288 5478 1696 5555 ἐνανθρωπῆσαι
1763 5478 1852 5533 καὶ

196 5567 382 5626 τᾶλλα
406 5573 744 5647 κατορθῶσαι
776 5568 875 5624 ὅσα
906 5565 1143 5624 διδάσκει
1172 5568 1235 5622 τὸ
1265 5566 1601 5643 Εὐαγγέλιον
1628 5588 1644 5636 ;

278 5683 308 5713 «
336 5662 582 5718 ’Έσωσαν
627 5658 775 5732 αὐτῷ
822 5661 858 5728 ἡ
908 5654 1054 5729 δεξιά
1103 5655 1288 5729 αὐτοῦ,
1321 5656 1412 5712 καὶ
1463 5656 1491 5710 6
1545 5656 1791 5734 βραχίων
1825 5657 1854 5712 6

199 5750 355 5828 ἅγιος
397 5747 584 5809 αὐτοῦ.
624 5771 655 5802 ››
688 5781 755 5793 -
803 5747 1210 5806 Ἐπανεσώσατο
1259 5743 1405 5820 αὐτῷ
1453 5746 1489 5816 ἡ
1542 5743 1718 5802 οἰκεία
1763 5746 1854 5802 ἀν-

1474 4652 1496 4679 α
1556 4626 1845 4702 Λάμψουσι
1876 4664 1924 4730 D

2009 3423 2039 3452 «
2073 3395 2403 3469 Σαλευθήτω
2432 3399 2468 3467 ἡ
2502 3397 2744 3453 θάλασσα
2770 3397 2861 3453 καὶ
2891 3395 2953 3453 τὸ
3000 3396 3284 3472 πλήρωμα
3334 3397 3525 3467 αὐτῆς.
3560 3420 3588 3449 ››

1939 3521 2009 3531 -
2055 3488 2126 3542 Τὸ
2172 3484 2489 3550 σαλεύεσθαι
2529 3487 2662 3543 ποτὲ
2711 3486 2805 3559 μέν
2858 3483 3026 3555 δηλοῖ
3096 3485 3443 3560 μετακίνησιν
3495 3484 3588 3541 καὶ

1945 3570 2279 3649 μεταϐολὴν,
2311 3574 2443 3630 ποτε
2475 3572 2532 3629 δὲ
2560 3574 2836 3651 σκίρτησιν
2869 3573 2928 3630 ἐκ
2976 3581 3176 3651 χαρᾶς,
3208 3572 3410 3631 ἄλλοτε
3457 3573 3588 3648 τρό-

1946 3686 2045 3739 μον
2079 3663 2138 3720 ἐκ
2167 3658 2358 3742 φόϐου,
2391 3663 2480 3718 ὁτὲ
2510 3660 2569 3718 δὲ
2607 3662 2846 3720 ἔκστασιν
2900 3663 2960 3719 ἐκ
3006 3658 3248 3738 θάμϐους
3295 3657 3591 3739 θορύϐησίν

1942 3774 2001 3809 τε
2036 3754 2126 3809 καὶ
2157 3750 2303 3815 ὅλως
2333 3754 2603 3829 ταραχήν.

2017 3867 2045 3896 ‹‹
2086 3842 2333 3915 Ποταμοὶ
2394 3844 2723 3917 κροτήσουσι
2783 3842 2932 3920 χειρὶ
3006 3841 3095 3899 ἐπὶ
3163 3843 3226 3897 τὸ
3302 3840 3454 3898 αὐτό.
3527 3874 3595 3885 -

1948 3929 2233 4004 Ποταμοὺς
2284 3928 2627 4001 ὑποληπτέον
2667 3929 2796 3993 τοὺς
2839 3931 2908 3986 τὰ
2958 3931 3147 4008 ῥεῖθρα
3187 3938 3287 4001 τῆς
3337 3928 3591 3986 διδασκα-

1948 4021 2070 4084 λίας
2114 4020 2472 4097 προχέοντας,
2505 4018 2596 4082 οὓς
2632 4025 2843 4096 κροτεῖν
2904 4020 2956 4076 ἐν
3013 4020 3163 4097 χειρὶ
3224 4018 3591 4076 διακελεύεται

1945 4112 2009 4166 τὸ
2047 4109 2264 4183 Πνεῦμα
2317 4108 2381 4165 τὸ
2438 4110 2612 4185 ἅγιον,
2640 4110 2884 4166 τουτέστι
2935 4111 3026 4166 τὸν
3078 4117 3181 4180 τῆς
3239 4107 3590 4172 διδασκαλίας

1947 4202 2090 4275 ἦχον
2137 4197 2188 4253 ἐν
2232 4197 2420 4274 πράξει
2468 4196 2800 4254 ἀποστελεῖν·
2864 4200 3127 4275 μακάριος
3175 4199 3278 4274 γὰρ
3326 4199 3388 4260 ὃς
3434 4198 3594 4267 amns.

1952 4308 2030 4343 σει
2061 4286 2150 4343 καὶ
2173 4286 2347 4349 οὕτως
2376 4283 2596 4358 διδάξει.

2025 4402 2054 4429 ι(
2085 4378 2160 4431 Τὰ
2213 4374 2315 4452 ὅρη
2356 4373 2779 4451 ἀγαλλιάσονται
2846 4376 2952 4431 ἀπὸ
3034 4376 3330 4453 προσώπου
3397 4373 3596 4452 Κυρίου

1955 4464 2038 4522 6'1:
2069 4463 2309 4541 ἔρχεται,
2342 4462 2424 4519 6'1:
2470 4462 2592 4533 ἥκει
2640 4470 2820 4542 κρῖναι
2856 4464 2956 4534 τὴν
3005 4472 3132 4541 γῆν.
3170 4488 3198 4517 »
3229 4495 3299 4508 —
3329 4463 3465 4539 Ὀρη
3512 4460 3601 4517 λέ-

1958 4577 2042 4632 γει
2069 4558 2163 4609 νῦν
2192 4552 2320 4617 τοὺς
2353 4550 2600 4628 ὑψηλοὺς
2626 4556 2726 4622 τήν
2758 4550 3021 4612 διάνοιαν.

2031 4648 2272 4720 «Κρινεῖ
2319 4643 2417 4712 τὴν
2469 4642 2794 4715 οἰκουμένην
2847 4642 2900 4697 ἐν
2950 4638 3262 4715 δικαιοσύνῃ
3298 4640 3390 4695 καὶ
3437 4638 3604 4701 λαοὺς

1956 4732 2010 4788 ἐν
2038 4731 2311 4803 εὐθύτητι.
2349 4755 2376 4782 ι)

1957 4822 2048 4878 καὶ
2078 4819 2316 4878 σκολιόν.

2406 4763 2474 4773 —
2502 4731 2573 4786 T6
2604 4731 2805 4800 ἀληθὲς
2860 4731 2950 4786 καὶ
3000 4730 3167 4797 εὐθὲς,
3193 4731 3257 4785 16
3308 4726 3365 4784 δὶ
3409 4726 3604 4803 ψεῦδος

2548 4929 2842 4981 Immo}:
2884 4924 3003 5002 ιιΗκ

2036 5057 2060 5090 ι
2093 5030 2326 5106 Ψαλμὸς
2375 5036 2451 5105 τῷ
2499 5029 2684 5103 Δαυῗδ,
2736 5031 2935 5106 Κύριος
2982 5025 3342 5102 ἐϐασίλευσεν,
3401 5028 3610 5107 ὀργιζέ-

1961 5124 2170 5179 σθωσαν
2220 5120 2365 5178 λαοί.
2401 5146 2431 5173 ››
2460 5154 2529 5164 --
2559 5122 2669 5178 Τοῦ
2719 5125 2957 5198 Χριστοῦ
3009 5118 3425 5195 βασιλεύσαντος
3471 5120 3608 5175 Ἰου-

1962 5210 2106 5267 δαῖοι
2160 5213 2254 5285 μὲν
2301 5209 2753 5283 ἐκμαινέσθωσαν,
2795 5212 2831 5280 ἡ
2880 5207 2938 5264 δὲ
2984 5208 3280 5282 οἰκουμένη
3335 5205 3610 5281 μετατιθέ-

1962 5303 2072 5357 σθω
2099 5300 2238 5376 πρὸς
2264 5300 2363 5369 τήν
2397 5294 2688 5354 εὐσέϐειαν.

2037 5413 2067 5443 ι(
2094 5393 2212 5443 "O1:
2244 5383 2475 5466 φοϐερὸν
2518 5389 2609 5443 καὶ
2654 5386 2802 5465 ἅγιόν
2844 5386 3005 5443 ἐστιν.
3044 5413 3066 5439 ιι
3103 5421 3173 5430 —
3219 5381 3463 5461 Φοϐερὸν
3517 5384 3611 5459 μὲν

1961 5485 2077 5542 τοῖς
2121 5478 2360 5555 ἐχθροῖς,
2385 5475 2610 5532 ἐλαῦνον
2652 5477 2743 5532 καὶ
2796 5477 3055 5549 μαστίζον
3109 5474 3324 5547 αὐτοὺς,
3358 5476 3507 5551 ἅγιον
3555 5470 3615 5528 δὲ

1962 5573 2080 5631 τοῖς
2114 5566 2356 5636 οἰκείοις,
2386 5564 2606 5641 ἁγιάζον
2639 5566 2728 5621 καὶ
2758 5570 3014 5641 καθαῖρον
3046 5564 3261 5628 αὐτούς.

2038 5682 2067 5711 ‹‹
2100 5655 2198 5712 Καὶ
2228 5656 2366 5729 τιμὴ
2402 5651 2669 5732 βασιλέως
2699 5655 2872 5728 κρίσιν
2916 5655 3121 5730 ἀγαπᾷ.
3158 5679 3185 5706 ››
3217 5687 3286 5697 -—
3332 5652 3403 5707 T6
3453 5651 3619 5722 ἀξίω-

1970 5768 2045 5823 μα
2099 5749 2195 5803 τοῦ
2248 5741 2514 5827 βασιλέως
2561 5741 2909 5819 δικαιοσύνην
2953 5744 3148 5823 ἀγαπᾷ-
3210 5741 3294 5799 διὸ
3354 5742 3620 5819 βοηθήσει
