3998 6412
423 416 573 476 1551

1654 416 1702 473 Ν
1710 413 2078 475 ICEPHORI
2122 413 2560 476 BLEMMIDE

3666 404 3813 471 1552

422 546 519 619 μὲν
573 550 691 607 τοῖς
745 544 1219 620 τυραννουμένοις,
1276 537 1573 600 καταϐαλεῖ
1618 541 1676 598 δὲ
1728 544 1821 599 τὸν
1872 564 2066 621 τυραν-
2094 548 2150 614 Α
2178 544 2356 617 τούτῳ
2386 545 2449 600 ού
2493 545 2797 615 συνήσθιον.
2828 566 2859 596 η
2887 543 3066 604 -Ὡς
3113 538 3335 611 ἀλαζόνι
3378 539 3472 596 καὶ
3520 538 3813 616 πλεονέκτῃ

418 638 616 689 νοῦντα
642 626 922 691 διάϐολον.

489 746 518 774 ‹‹
555 722 630 776 Σὺ
686 721 991 794 ἡτοίμασας
1047 720 1356 793 εύθύτητας.
1390 745 1420 775 ››
1454 755 1521 766 —
1553 721 1629 777 Σὺ
1688 720 1927 785 δέδωκας
1966 722 2057 777 τὸν

414 810 584 883 νόμον
608 809 660 863 ἐν
693 810 738 881 ᾦ
770 809 1108 882 εύθετήθητι.

483 924 513 952 ‹‹
547 901 773 974 Ὑψοῦτε
826 899 1019 977 Κύριον
1063 901 1155 955 τὸν
1206 901 1334 956 Θεὸν
1382 904 1544 974 ἡμῶν
1593 901 1683 956 καὶ
1739 905 2057 979 προσκυνεῖ-

410 1009 470 1044 τε
496 992 576 1062 τῷ
608 985 892 1062 ὑποποδίῳ
921 994 1028 1044 τῶν
1055 987 1240 1045 ποδῶν
1272 989 1455 1044 αὑτοῦ·
1489 989 1573 1045 ὅτι
1620 990 1770 1067 ἅγιός
1830 989 1992 1047 ἐστιν.
2026 1013 2055 1041 υ

410 1074 831 1133 -Ὑποπόδιον
881 1082 979 1133 τοῦ
1028 1082 1264 1155 Χριστοῦ
1305 1079 1442 1133 κατά
1493 1078 1587 1152 μὶν
1634 1080 1733 1148 τὴν
1779 1078 1919 1133 θείαν
1960 1077 2055 1132 αύ-

411 1171 507 1222 τοῦ
555 1165 710 1243 φύσιν
759 1168 795 1235 ἠ
846 1166 971 1242 ἁγία
1018 1167 1145 1242 σὰρξ
1195 1166 1379 1239 αὑτοῦ,
1409 1166 1545 1222 κατά
1588 1164 1646 1221 δὲ
1698 1168 1799 1237 τὴν
1856 1166 2057 1242 ἀνθρω-

409 1256 573 1326 πίνην
629 1255 659 1310 6
705 1256 955 1330 σταυρὸς,
1013 1255 1094 1333 ἐφ’
1162 1254 1225 1311 οὗ
1281 1254 1507 1327 ἔστησαν
1562 1257 1613 1311 οἱ
1670 1253 1835 1318 πόδες
1890 1256 2056 1311 αὑτοῦ

408 1365 585 1419 προση
594 1343 879 1406 λωθέντες.

481 1457 509 1483 ‹‹
540 1431 637 1487 Καὶ
699 1431 925 1488 ἐκδικῶν
983 1432 1068 1487 ἐπὶ
1123 1433 1294 1489 πάντα
1348 1436 1416 1488 τά
1483 1431 1886 1507 ἐπιτηδεύματα
1958 1433 2053 1488 αύ-

403 1527 533 1580 τῶν.
568 1546 596 1574 ››
630 1555 699 1563 ——
729 1518 859 1596 Εἵγε
883 1543 967 1584 τις
1000 1520 1277 1599 εὑρίσκετο
1308 1523 1713 1595 ἀνθιστάμενος.

477 1635 506 1663 ‹‹
538 1612 762 1685 Ὑψοῦτε
812 1610 1006 1688 Κύριον
1054 1611 1145 1666 τὸν
1197 1611 1326 1666 Θεὸν
1369 1614 1530 1684 ἡμῶν
1565 1612 1655 1667 καὶ
1703 1617 2053 1686 προσκυνεῖτε

407 1700 483 1763 εἰς
517 1695 645 1776 ὅρος
678 1700 828 1776 ἅγιον
861 1699 1047 1770 αὐτοῦ,
1080 1699 1164 1755 ὅτι
1197 1701 1347 1776 ἅγιος
1380 1700 1577 1777 Κύριος
1609 1701 1637 1755 6
1659 1701 1789 1763 Θεὸς
1817 1704 2046 1774 ἡμῶν..

405 1820 475 1835 -
533 1789 632 1844 Καὶ
689 1793 1063 1866 προσκυνεῖτε,
1123 1786 1381 1860 δηλονότι
1449 1790 1541 1844 τὸν
1598 1788 1817 1865 Κύριον,
1875 1788 1927 1843 ἐν
1973 1792 2053 1861 τῷ

406 1876 542 1955 ἁγίῳ
595 1876 708 1953 ὅρει
765 1877 950 1934 αὑτοῦ.
983 1879 1143 1953 Ὄρος
1192 1875 1251 1931 δὲ
1292 1879 1441 1954 ἅγιον
1471 1880 1506 1947 ἡ
1540 1879 1681 1932 Σιὼν
1713 1878 1803 1932 καὶ
1828 1878 1858 1932 ὑ
1887 1877 2048 1951 ούρα-

404 1967 495 2029 νὸς
527 1966 618 2022 καὶ
647 1969 683 2036 ἡ
718 1964 1034 2037 Ἐκκλησία,
1057 1966 1148 2021 καὶ
1178 1967 1239 2021 τὸ
1269 1966 1405 2041 ὕψος
1437 1974 1538 2037 τῆς
1571 1965 1919 2043 θεογνωσίας.

1003 2112 1297 2165 ΨΔΛΜΟΣ
1336 2107 1448 2186 ιβ’.

484 2237 512 2264 ‹‹
543 2210 777 2287 Ψαλμὸς
829 2212 905 2275 εἷς
949 2210 1366 2288 ἐξομολόγησιν.
1400 2211 1734 2283 Ἀλαλάξατε
1779 2217 1859 2285 τῷ
1913 2212 2051 2284 Θεῷ,

411 2308 554 2356 πᾶσα
583 2304 618 2371 ἡ
650 2309 746 2376 γῆ⁶
779 2298 1104 2357 δουλεύσατε
1130 2306 1210 2374 τῷ
1249 2301 1430 2374 Κυρίῳ
1473 2300 1525 2355 ἐν
1576 2300 1890 2380 εὐφροσύνῃ.
1927 2325 1956 2353 ››
1986 2334 2053 2343 -

409 2395 497 2463 Τῷ
547 2389 913 2461 ἀπαλλάξαντι
972 2393 1122 2465 ἡμᾶς
1178 2398 1279 2460 τῆς
1333 2397 1531 2467 πικρᾶς
1592 2390 1906 2465 τυραννίδος
1958 2394 2054 2445 τοῦ

412 2474 695 2537 διαϐόλου,

486 2593 513 2619 (ι
546 2568 720 2631 Αὐτὸς
749 2567 1001 2640 ἐποίησεν
1031 2572 1202 2643 ἡμᾶς,
1232 2569 1322 2624 καὶ
1370 2569 1477 2646 οὐχ
1517 2572 1704 2644 ἡμεῖς.
1739 2594 1769 2622 ››
1793 2603 1863 2612 -
1889 2575 2056 2625 Τουτ-

414 2656 547 2730 έστι,
573 2662 708 2713 Θεοῦ
737 2657 895 2732 ἐσμὲν
945 2658 1164 2732 ποίημα
1210 2659 1301 2714 καὶ
1350 2657 1449 2714 ούκ
1489 2658 1806 2735 ἀνθρώπωνο
1860 2659 1906 2714 εἰ
1949 2659 2054 2735 γὰρ

412 2746 503 2802 καὶ
562 2744 814 2801 δοκοῦσιν
874 2748 926 2802 οἱ
986 2746 1214 2824 πατέρες
1255 2754 1434 2803 ποιεῖν
1485 2748 1552 2803 τά
1589 2750 1771 2821 τέκνα,
1804 2746 1931 2804 ἀλλ’
1959 2747 2051 2802 οὗν

413 2836 442 2890 6
472 2834 604 2898 Θεὸς
639 2839 810 2890 ταῦτα
838 2841 1001 2892 ποιεῖ.
1036 2835 1099 2890 Οἱ
1130 2833 1189 2891 δὲ
1233 2836 1460 2913 πατέρες
1521 2836 1688 2909 μόνον
1748 2834 2052 2893 διακονοῦσι

409 2928 491 2997 τῷ
530 2924 657 2997 θείῳ
681 2923 1077 3000 προστάγματι.

488 3034 511 3064 ι
545 3011 830 3077 Εἷσέλθετε
886 3014 962 3075 είς
1015 3013 1111 3076 τάς
1164 3013 1341 3076 πύλας
1398 3014 1563 3069 αὑτοῦ
1613 3014 1663 3070 ἐν
1715 3014 2053 3091 ἐξομολογή-

413 3123 514 3173 σει,
564 3102 641 3164 είς
697 3102 793 3164 τὰς
852 3100 1021 3165 αύλάς
1077 3102 1242 3157 αὑτοῦ
1300 3102 1351 3158 ἐν
1397 3103 1609 3178 ὕμνοις,
1652 3128 1682 3156 ››
1729 3102 1913 3166 Πύλας
1964 3105 2053 3159 καὶ

410 3190 581 3253 αύλάς
610 3195 744 3246 Θεοῦ
768 3191 864 3253 τὰς
894 3193 1031 3247 κατὰ
1057 3191 1261 3255 τόπους
1290 3192 1579 3264 ἐκκλησίας
1617 3192 1794 3252 καλεῖ.

491 3305 519 3337 α
548 3280 754 3360 Αἰνεῖτε
794 3282 858 3336 τὸ
907 3276 1082 3354 ὄνομα
1139 3281 1322 3336 αὑτοῦ·
1384 3281 1468 3337 ὅτι
1522 3284 1763 3359 χρηστὸς
1822 3283 2044 3360 Κύριος·
2083 3284 2127 3351 C

415 3369 492 3433 εἷς
537 3369 629 3425 τὸν
682 3369 852 3424 αἰῶνα
895 3371 960 3425 τὸ
991 3367 1141 3433 ἔλεος
1169 3371 1354 3444 αὑτοῦ,
1385 3372 1475 3426 καὶ
1524 3369 1626 3434 ἕως
1668 3372 1757 3427 καὶ
1805 3372 1988 3448 γενεάς
2018 3374 2054 3442 ἡ

2169 632 2463 708 ἀνθρώπιν’
2499 634 2606 689 ἀπὸ
2638 634 2836 709 μέρους
2863 632 2928 687 τὸ
2958 628 3111 688 ελον.

2242 746 2270 773 ‹‹
2292 723 2355 776 Οἱ
2387 721 2665 801 ὀφθαλμοί
2706 741 2811 794 μου
2850 718 2937 774 ἐπὶ
2963 717 3090 781 τοῦς
3120 716 3347 781 πιστοὺς
3371 726 3477 790 τῆς
3533 721 3661 796 γῆς.
3694 745 3717 775 ι
3750 754 3813 764 -

2168 810 2428 874 Ἐκείνοις
2481 815 2796 888 προσεῖχον,
2854 808 2943 864 καὶ
3016 804 3294 883 συνέδροις
3368 807 3645 885 ἐχρώμην
3706 816 3814 873 τοῖς

2166 906 2384 963 πιστοῖς
2441 898 2900 973 ἐπιδεικνυμένοις
2951 901 3032 970 τῷ
3088 896 3206 968 Θεῷ
3262 895 3324 951 ἐκ
3364 904 3471 967 τῆς
3521 896 3813 977 θεοφιλοῦς

2168 989 2449 1054 πολιτείας
2477 990 2677 1047 αὑτῶν.

2239 1104 2267 1132 ‹‹
2298 1079 2494 1136 Λαλῶν
2588 1077 2749 1134 ἄδικα
2840 1077 2902 1133 ού
2985 1075 3298 1141 κατεύθυνεν
3386 1075 3628 1132 ἐνώπιον
3707 1081 3807 1131 τῶν

2167 1166 2468 1247 ὀφθαλμῶν
2531 1190 2657 1242 μου.
2698 1194 2726 1221 ››
2757 1199 2828 1210 -
2884 1166 3066 1242 Δέγων
3123 1161 3281 1220 ἄδικα
3333 1164 3397 1220 ού
3443 1162 3668 1222 κατευδ.
3696 1206 3714 1224 .
3749 1211 3763 1222 .
3794 1210 3808 1222 .

2161 1258 2225 1312 τὸ
2264 1257 2493 1313 ἐνώπιόν
2530 1279 2635 1330 μου
2665 1258 2748 1334 ἐφ’
2776 1259 2858 1319 οἷς
2887 1252 3179 1324 ἐσπούδαζε
3216 1251 3458 1326 δηλαδή·
3484 1251 3621 1309 ἀλλ’
3648 1253 3806 1330 ἠλέγ-

2163 1365 2294 1421 χετο
2324 1342 2581 1417 δηλονότι
2613 1344 2701 1400 καὶ
2729 1348 2829 1400 τοῦ
2856 1348 3061 1399 σκοποῦ
3091 1338 3479 1420 διημάρτανεν.

2235 1459 2263 1485 ‹‹
2296 1434 2389 1495 Εἷς
2428 1436 2525 1496 τὰς
2581 1432 2795 1511 πρωίας
2852 1432 3160 1487 ἀπέκτεινον
3207 1432 3406 1493 πάντας
3447 1432 3585 1494 τοὺς
3636 1434 3806 1508 ἀμαρ-

2159 1522 2375 1585 τωλοῦς
2398 1530 2499 1593 τῆς
2530 1525 2655 1598 γῆς,
2690 1547 2717 1574 ››
2748 1524 3145 1596 -Ἰστορικῶς
3184 1522 3275 1594 μὲν
3309 1521 3338 1575 6
3373 1520 3649 1597 μακάριος
3700 1522 3811 1578 Ἰωο

2162 1611 2279 1674 σίας
2310 1610 2439 1674 τοὺς
2487 1610 2538 1666 ἐν
2582 1614 2653 1683 τῇ
2694 1612 2780 1667 ὑπ’
2827 1610 3027 1666 ἐκεῖνον
3074 1613 3144 1686 γῇ
3190 1604 3345 1672 ὄντας
3396 1609 3567 1686 ἱερεῖς
3606 1613 3719 1664 τῶν
3748 1609 3813 1665 εί-

2162 1697 2356 1756 δώλων
2413 1700 2671 1756 ἀπέκτανε
2723 1701 2813 1756 καὶ
2870 1699 3069 1761 πάντας
3121 1697 3251 1761 τοὺς
3313 1700 3390 1770 μὴ
3441 1699 3589 1774 πρὸς
3634 1697 3811 1753 θεοσέο

2162 1783 2309 1843 ϐειαν
2352 1788 2763 1867 ἐπιστρέφοντας
2810 1789 2869 1845 ἐκ
2914 1790 3013 1858 τῆς
3063 1785 3424 1861 Ἰερουσαλήμ
3481 1786 3810 1864 ἐξωλόθρευε

2160 1877 2297 1932 κατὰ
2337 1878 2434 1941 τὰς
2482 1876 2715 1955 πρωίας,
2755 1884 2853 1934 τοῦ
2903 1878 3154 1934 τοιοὺτου
3214 1877 3419 1950 μύσους
3477 1876 3807 1952 ἐκκαθαίρων

2161 1968 2261 2035 τήν
2296 1968 2441 2044 ἱερὰν
2471 1965 2658 2038 πόλιν,
2690 1967 2815 2023 ὅταν
2853 1969 2954 2037 τῆς
3008 1964 3246 2029 διανοίας
3300 1967 3589 2043 νηφούσης
3646 1966 3808 2042 ἀσφα-

2166 2053 2433 2132 λεστέρως
2486 2058 2540 2111 αἱ
2594 2056 2813 2132 πράξεις
2868 2056 3142 2132 γίνωνται.
3198 2056 3343 2110 Κατά
3409 2051 3469 2109 δὲ
3524 2054 3807 2130 ἀναγωγὴν

2164 2142 2373 2219 πρωίαν
2435 2144 2804 2219 ὑποληπτέον,
2854 2144 2979 2201 ὅταν
3029 2148 3065 2216 ἠ
3102 2149 3199 2200 τοῦ
3254 2143 3522 2220 παναγίου
3574 2142 3813 2215 Πνεύμαο

2162 2252 2255 2295 τος
2314 2234 2462 2296 ἀκτὶς
2519 2231 2802 2309 ἐπιλάμπῃ
2875 2237 2945 2309 τῇ
3018 2230 3243 2307 διανοίᾳ,
3296 2232 3386 2287 καὶ
3448 2229 3815 2308 ἁμαρτωλοὺς

2164 2325 2266 2398 γῆς
2348 2322 2850 2396 ἀποκτεινομένους,
2910 2319 3083 2378 εἷ’τουν
3169 2318 3630 2398 ἀφανιζομένους,
3692 2320 3815 2383 τοὺς

2165 2411 2425 2483 ἐμπαθεῖς
2453 2409 2757 2486 λογισμοὺς
2784 2410 2914 2473 τοὺς
2944 2410 3003 2466 ἐκ
3029 2414 3125 2465 τοῦ
3153 2406 3397 2485 γεώδους
3438 2409 3704 2481 σώματος
3731 2408 3815 2463 καὶ

2162 2504 2270 2554 τῶν
2298 2498 2505 2575 γηίνων
2552 2498 2741 2563 ἁπλῶς
2790 2499 3113 2579 φυομένους,
3144 2498 3307 2555 πόλιν
3355 2495 3417 2553 δὲ
3467 2496 3676 2571 Κυρίου
3719 2498 3813 2566 τήν

2165 2583 2357 2659 εὐσεϐῆ
2415 2592 2622 2666 ψυχήν.
2681 2588 2857 2660 Δηλοῖ
2913 2586 2971 2644 δὲ
3025 2592 3060 2659 ἡ
3114 2587 3300 2665 πρωία
3343 2586 3439 2643 καὶ
3491 2586 3562 2642 τὸ
3606 2586 3815 2661 ταχέως

2165 2677 2253 2733 καὶ
2281 2678 2345 2733 τὸ
2375 2683 2639 2755 φανερῶς.

2750 2790 3044 2841 ΨΔΛΜΟΣ
3084 2786 3204 2843 ΡΑ’.

2239 2916 2266 2943 ‹‹
2298 2892 2587 2967 Προσευχὴ
2618 2895 2699 2963 τῷ
2725 2896 2956 2967 πτωχῷ,
2988 2890 3111 2946 ὅταν
3162 2889 3458 2968 ἀκηδιάσῃ,
3490 2897 3590 2952 καὶ
3644 2896 3791 2953 ἔναντι

2165 2982 2365 3059 Κυρίου
2395 2980 2560 3057 ἐκχέῃ
2586 2982 2685 3050 τήν
2714 2977 2896 3050 δέησιν
2930 2980 3112 3038 αὐτοῦ.
3140 3004 3170 3033 ››
3204 3014 3269 3024 -—
3298 2985 3543 3061 Πτωχὸν
3596 2985 3794 3050 ἐνταῦθα

2165 3092 2295 3149 φησι
2362 3071 2453 3125 τὸν
2529 3068 2674 3134 θείας
2748 3068 3057 3146 ἐπικουρίας
3123 3066 3401 3144 δεόμενον,
3462 3072 3795 3146 ἀκηδιάσαντι

2164 3164 2242 3231 τῷ
2286 3157 2521 3232 πολέμῳ
2561 3163 2669 3213 τῶν
2721 3155 2828 3213 εἷ’τε
2872 3159 3077 3235 ὁρατῶν
3126 3156 3232 3214 εἴτε
3272 3159 3532 3228 ἀοράτων

2168 3254 2475 3324 Ἔγκεινται
2507 3246 2566 3303 δὲ
2594 3252 2671 3320 τῷ
2698 3244 2905 3321 ψαλμῷ
2932 3246 3023 3303 καί
3049 3254 3376 3324 προφητεῖαι
3409 3253 3545 3327 περὶ
3566 3258 3813 3329 Χριστοῦ.

2241 3362 2269 3389 ‹‹
2302 3337 2483 3413 Κύριε,
2555 3336 2863 3391 εἰσάκουσον
2933 3340 3004 3411 τῇ
3076 3341 3357 3413 προσευχῇ
3439 3361 3575 3413 μου·
3637 3341 3727 3396 καὶ
3780 3344 3815 3410 ἡ

414 3424 645 3531 ἀλήθεια
691 3457 875 3517 αὑτοῦ.
914 3424 955 3512 ἦ
1004 3424 2056 3535 ὲίΑλήθείανήεἴρηκεν*νέντάῦθνατῖτό
2164 3429 2369 3504 κραυγή
2429 3447 2539 3535 μου
2590 3426 2733 3535 ς
2789 3424 3181 3535 σὲ,,ἐλθέτξ⁰⁶,”
3215 3459 3284 3532 Τ
3336 3427 3429 3489 Ὧς
3490 3429 3602 3484 ὑπὸ
3627 3431 3819 3535 ,πυξὸς

412 3552 519 3603 τῶν
549 3547 706 3613 θείων
739 3546 1077 3625 ἐπαγγελιῶν
1109 3546 1352 3623 ἀψευδές.

1019 3675 1317 3731 ΨΑΛΜΟΣ
1360 3675 1431 3731 Ρ’.

482 3803 510 3831 ‹‹
539 3783 628 3853 Τῷ
659 3776 823 3835 Δαυ³ιδ
852 3779 1093 3854 ψαλμός.
1124 3778 1317 3836 ’Έλεον
1349 3781 1439 3835 καὶ
1469 3781 1642 3858 κρίσιν
1691 3780 1892 3855 ᾅσομαί
1941 3803 2046 3854 σοι,

409 3866 596 3945 Κύριε.
644 3893 665 3920 ι
700 3870 1125 3942 -Ὑπομνήσω
1181 3891 1277 3925 σου
1338 3872 1454 3944 μετ’
1505 3868 1673 3944 ᾠδῆς,
1723 3870 1902 3948 Κύριε,
1959 3871 2051 3926 τὸν

402 3955 556 4013 ἔλεον
585 3957 675 4012 καὶ
704 3959 804 4027 τὴν
835 3958 1031 4035 κρίσιν·
1068 3957 1319 4033 ἐλεήμων
1371 3960 1473 4036 γάρ
1525 3960 1788 4036 ὑπάρχεις
1834 3960 1925 4015 καὶ
1973 3958 2050 4015 δίο

402 4066 581 4109 καιος.

475 4159 503 4187 ‹‹
535 4133 712 4190 Ψαλῶ
739 4136 829 4191 καὶ
860 4138 1077 4206 συνήσω
1121 4137 1173 4192 ἐν
1221 4134 1333 4210 ὁδῷ
1380 4138 1620 4212 ἀμώμῳ.
1655 4162 1684 4190 ››
1715 4172 1785 4181 —-
1814 4136 2043 4194 Ὀδεύων

398 4223 828 4299 πολιτευόμενος
872 4225 1146 4300 ἀμώμως,
1175 4226 1336 4301 ψαλῶ
1398 4248 1503 4298 σοι,
1560 4227 1650 4283 καὶ
1707 4230 1923 4299 συνήσω
1978 4229 2046 4284 τά

398 4311 738 4388 ψαλλόμενα,
772 4314 1037 4387 τουτέστι,
1070 4313 1229 4386 ψαλῶ
1265 4316 1399 4389 μετά
1429 4316 1710 4378 συνέσεως.

469 4425 499 4454 ‹‹
532 4402 671 4458 Πότε
720 4400 868 4473 ἥξεις
919 4402 1055 4479 πρός
1090 4422 1193 4477 με;
1221 4428 1248 4456 ››
1281 4438 1350 4447 -
1380 4404 1665 4482 Διαπύρως
1714 4404 2040 4479 ἐπιθυμοῦν-

395 4511 464 4546 τα
490 4496 587 4546 τοῦ
618 4489 793 4556 ἐλθεῖν
824 4513 882 4547 σε
911 4491 1048 4568 πρός
1108 4513 1174 4565 με
1227 4492 1317 4548 καὶ
1374 4494 1542 4567 μονὴν
1604 4495 1738 4567 μετά
1776 4499 1875 4549 τοῦ
1932 4501 2041 4550 Πα-

396 4579 525 4654 τρός
556 4601 652 4635 σου
680 4582 1005 4651 ποιήσασθαι
1037 4582 1163 4656 παρ’
1193 4580 1340 4653 ἐμοί.

2162 3516 2539 3594 πεφρυγμένον
2600 3512 2781 3586 ξύλον,
2814 3512 2957 3569 οὕτω
3010 3514 3078 3570 τὰ
3132 3514 3263 3570 ὀστᾶ
3323 3536 3432 3589 μου
3482 3521 3816 3595 κατεξηράν-

2165 3608 2355 3676 θησαν
2388 3608 2423 3674 ἡ
2452 3605 2555 3681 γὰρ
2584 3603 2785 3677 ἀθυμία
2811 3604 2911 3674 τὴν
2962 3602 3015 3659 ἐν
3068 3603 3253 3668 αὐτοῖς
3313 3608 3555 3684 φυσικὴν
3616 3606 3816 3683 ἰκμάδα

2161 3693 2499 3765 κατεδαπάνη
2509 3714 2612 3750 σεν.

2235 3808 2261 3835 ‹‹
2293 3780 2575 3857 Ἐπλήγην
2631 3781 2758 3837 ὡσεὶ
2815 3782 3040 3857 χόρτος,
3069 3781 3159 3836 καὶ
3211 3782 3476 3860 ἐξηράνθη
3543 3787 3582 3855 ἡ
3624 3783 3812 3862 καρδία

2162 3893 2286 3945 μου.
2325 3895 2348 3925 ι
2379 3905 2447 3915 —
2474 3874 2677 3946 ’Ὠσπερ
2708 3872 2738 3926 6
2767 3870 2970 3947 χόρτος
2998 3870 3232 3947 πληγεὶς
3291 3872 3642 3948 μαραίνεται,
3668 3876 3806 3930 οὕτω

2156 3962 2309 4038 κάγὼ
2338 3959 2572 4038 πληγεὶς
2619 3965 2735 4023 τοῖς
2781 3965 3103 4036 πειρασμοῖς
3154 3959 3469 4038 ἐμαράνθην
3531 3965 3635 4032 τὴν
3681 3982 3805 4036 καρ-

2158 4048 2300 4109 δίαν.

2231 4164 2259 4192 ‹‹
2290 4143 2411 4194 Ὅτι
2449 4136 2793 4211 ἐπελαθόμην
2839 4142 2937 4194 τοῦ
2968 4143 3155 4216 φαγεῖν
3185 4140 3278 4194 τὸν
3311 4140 3475 4215 ἄρτον
3527 4162 3657 4212 μου.
3693 4164 3716 4191 ι
3741 4169 3809 4184 -

2153 4231 2217 4284 Οἱ
2272 4227 2499 4284 παλαιοὶ
2552 4227 2651 4296 τήν
2715 4222 2887 4301 ὄρεξιν
2961 4228 3182 4302 μνήμην
3261 4226 3494 4285 καλοῦσι
3575 4236 3808 4307 τροφῆς,

2150 4320 2248 4389 τὴν
2280 4316 2339 4374 δέ
2359 4314 2633 4393 ἀνορεξίαν
2666 4313 2845 4386 λήθην
2876 4323 3105 4395 τροφῆς.

2227 4431 2249 4458 ι
2284 4406 2419 4462 Ἀπὸ
2477 4410 2662 4482 φωνῆς
2707 4409 2805 4459 τοῦ
2862 4410 3165 4481 στεναγμοῦ
3238 4426 3341 4478 μου
3410 4406 3699 4479 ἐκοΑλήθη
3747 4408 3804 4461 τὸ

2154 4496 2343 4551 ὀστοῦν
2381 4515 2486 4567 μου
2532 4496 2602 4567 τῇ
2650 4492 2806 4568 σαρκί
2839 4514 2963 4567 μου.
3003 4518 3025 4546 ι
3069 4526 3140 4536 —
3169 4495 3227 4548 Ὃ
3272 4496 3373 4572 γὰρ
3425 4492 3648 4567 ἀληθὴς
3697 4516 3806 4551 στε-

2150 4584 2360 4659 ναγμὸς
2416 4578 2694 4637 ἀναλίσκει
2751 4582 2850 4651 τὴν
2904 4582 3198 4659 παχύτητα
3261 4587 3369 4638 τῶν
3445 4589 3644 4661 κρεῶν,
3702 4588 3805 4638 τῶν

473 4690 500 4723 α
530 4668 604 4723 Ού
660 4669 1030 4746 προετιθέμην
1082 4654 1189 4746 πρὸ
1264 4668 1562 4747 ὀφθαλμῶν
1636 4692 1739 4744 μου
1819 4654 2119 4748 πρᾶγμαῙ)
2155 4654 2497 4747 μεσαζόντων
2561 4669 2705 4743 ὀστῷ
2755 4670 2847 4726 καὶ
2896 4654 3147 4748 δέρματν
3178 4672 3242 4727 τὸ
3299 4654 3494 4748 δέρμα·
3525 4654 3639 4750 γὰρ⁷
3674 4673 3807 4727 ὦνόο

394 4758 735 4835 παράνομον.
795 4782 822 4809 ››

392 4848 431 4917 ἢ
494 4852 727 4921 νοητῶς,
788 4846 1063 4902 τουτέστιν
1155 4847 1497 4920 ἐνθυμεῖσθαι
1558 4848 1749 4923 πρᾶξιν
1812 4848 2043 4925 παράνο-

400 4957 500 5010 μον
511 4981 524 4994 .

463 5050 491 5078 (ι
525 5030 817 5089 Ποιοῦντας
865 5020 1194 5103 παραϐάσεις
1246 5024 1500 5099 ἐμίσησα.
1555 5050 1576 5079 ι
1633 5060 1701 5069 —
1758 5025 1894 5090 Τοὺς
1939 5048 2040 5082 πα-

392 5108 743 5192 ραϐαίνοντας
793 5116 888 5178 τάς
941 5114 1082 5177 θείας
1134 5114 1378 5188 ἐντολὰς,
1429 5114 1535 5170 εἷ’τε
1589 5117 1683 5178 τὰς
1747 5117 1883 5193 πρὸς
1952 5116 2042 5171 ἀν-

388 5203 642 5281 θρώπους
673 5206 953 5277 συνθήκας,
986 5203 1423 5283 ἀπεστρεφόμην.

461 5316 491 5345 ‹‹
524 5290 895 5354 Ἐκκλίνοντος
943 5293 1032 5347 ἀπ’
1071 5291 1205 5367 ἐμοῦ
1263 5297 1361 5348 τοῦ
1407 5299 1649 5371 πονηροῦ
1698 5293 1796 5349 ούκ
1849 5292 2037 5368 ἐγίνω-

389 5403 539 5439 σκον.
594 5409 623 5434 »
681 5414 750 5423 —
790 5381 939 5437 Ἀντὶ
986 5386 1084 5437 τοῦ
1139 5382 1522 5461 κατεφρόνουν,
1565 5382 1654 5438 καὶ
1704 5383 1779 5445 ὡς
1833 5384 1908 5456 μή
1953 5403 2040 5458 γε·

386 5476 604 5550 γονυῖαν
660 5470 917 5546 ἡγούμην
967 5472 1066 5539 τήν
1130 5471 1295 5526 αὑτοῦ
1364 5472 1741 5547 ὑποχώρησιν·
1793 5471 1854 5527 ού
1920 5473 2032 5548 χρὴ

385 5563 491 5640 γὰρ
545 5568 648 5632 τῆς
692 5564 790 5614 τοῦ
839 5563 1080 5635 πονηροῦ
1129 5558 1540 5637 φιλανθρωπίας
1598 5559 1937 5636 ἀντέχεσθαι,
1988 5559 2033 5614 εἰ

387 5654 462 5731 μὴ
500 5645 838 5727 μεταϐάλλοι
869 5649 960 5704 τὸν
991 5648 1216 5723 τρόπον.

453 5768 483 5796 ι(
515 5738 871 5821 Ὑπερηφάνῳ
968 5736 1240 5818 ὀφθαλμῷ
1314 5739 1405 5794 καὶ
1495 5737 1763 5814 ἀπλήστῳ
1837 5737 2035 5816 καρδίᾳ

873 4791 942 4800 ——
988 4758 1097 4813 Οὐκ
1144 4758 1454 4834 ἠνειχόμην
1518 4760 1644 4834 ὸρᾷν
1691 4761 1725 4829 ἢ
1776 4760 2049 4829 αἰσθητῶς

2163 4783 2298 4837 μασε
2326 4760 2517 4836 σάρκα.

2228 4850 2593 4923 «Ὡμοιώθην
2672 4848 2924 4905 πελεκᾶνι
2989 4848 3261 4925 ἐρημικῷ·
3342 4851 3606 4924 ἐγενήθην
3683 4849 3807 4905 ὡσεὶ

2153 4937 2468 5012 νυκτικόραξ
2496 4937 2568 4992 «ἐν
2610 4934 2902 5009 οίκοπέδῳ.
2937 4961 2965 4989 ››
2996 4969 3066 4978 -
3095 4938 3174 4990 Δι’
3222 4935 3447 4992 ἑκάστου
3493 4942 3605 4992 τῶν
3654 4938 3805 5014 είρηο

2156 5027 2330 5100 μένων
2385 5026 2608 5102 ὀρνίθων
2659 5028 2757 5097 τήν
2809 5025 2999 5080 ἐαυτοῦ
3048 5022 3298 5080 δουλείαν
3343 5026 3635 5105 ὑπέφηνεν’
3669 5027 3705 5081 ὅ
3750 5046 3805 5080 τε

2149 5116 2251 5193 γάρ
2309 5114 2541 5171 πελεκὰν
2602 5116 2706 5171 ὑπὸ
2764 5112 2972 5177 δειλίας
3028 5120 3148 5177 τοῖς
3187 5112 3419 5189 ἐρήμοις
3452 5112 3799 5181 ἐνδιαιτᾶται,

2148 5203 2238 5257 καὶ
2288 5205 2317 5258 6
2364 5202 2680 5279 νυκτικόραξ
2730 5201 2937 5275 ὁμοίως
2982 5206 3099 5263 τοῖς
3160 5200 3418 5274 ἐρειπίοις
3474 5204 3797 5280 προστρέχει

2147 5296 2253 5348 τῶν
2323 5290 2665 5365 οἷ’κημάτων,
2717 5292 2808 5347 καὶ
2861 5291 2925 5345 τὸ
2980 5290 3265 5367 στρουθίον
3324 5288 3381 5345 δέ
3447 5287 3543 5347 διὰ
3598 5288 3796 5347 δειλίαν

2146 5382 2407 5458 ἀγρυπνεῖ
2460 5382 2550 5437 καὶ
2611 5381 2773 5455 μόνον
2832 5380 2976 5453 μένει
3037 5378 3127 5434 ἐπῖ
3184 5383 3284 5435 τοῦ
3315 5376 3596 5453 δώματος,
3628 5379 3658 5435 ὅ
3690 5380 3794 5435 ἐστι

2143 5471 2206 5527 τὸ
2237 5469 2349 5526 ἅνω
2376 5473 2476 5541 τῆς
2509 5472 2708 5546 στέγης
2738 5471 2828 5525 καὶ
2859 5468 3143 5545 ὕπαιθρον.

2219 5584 2249 5613 ‹‹
2277 5559 2449 5631 Ὅλην
2475 5560 2573 5629 τήν
2623 5560 2833 5639 ἡμέραν
2880 5555 3156 5627 ὠνείδιζόν
3213 5580 3280 5632 με
3322 5560 3374 5612 οἱ
3415 5556 3609 5635 ἐχθροί
3669 5578 3790 5633 μου.

2141 5650 2231 5705 καὶ
2264 5651 2317 5704 οἱ
2347 5648 2689 5712 ἐπαινοῦντές
2741 5668 2809 5722 με
2857 5648 2975 5702 κατ’
3003 5647 3141 5723 ἐμοῦ
3179 5643 3421 5722 ὤμνυον.
3469 5672 3499 5700 »ι
3529 5680 3604 5691 -
3628 5649 3691 5702 Οἱ
3731 5646 3792 5701 τά

2142 5738 2249 5814 ἐμὰ
2307 5739 2678 5812 θαυμάζοντες
2741 5736 3003 5815 πρότερον
3083 5731 3298 5810 ὤμνυον
3371 5735 3591 5815 ὕστερον
3660 5735 3789 5792 κειτὲ
