3998 6436
202 446 358 512 1553

1418 447 1832 512 EXPOSITIO
1874 447 1954 509 IN
1999 447 2385 511 PSALMOS.

3447 443 3607 504 i554

199 584 307 636 τῶν
365 578 510 654 ἐμῶν
571 584 880 659 συμφορῶν,
912 581 1000 651 Μὴ
1058 582 1347 655 πάθοιμεν,
1407 579 1679 656 λέγοντες,
1720 579 1753 634 ’ἀ
1811 580 1839 633 6
1868 582 2203 648 Α-Ὥστε
2249 579 2405 634 λῦσαι
2454 583 2549 635 τοῦ
2599 575 2802 652 δεσμοῦ
2847 583 2954 646 τῆς
2997 573 3105 632 τῶν
3156 569 3423 650 δαιμόνων
3477 571 3600 629 δου-

198 666 368 739 δεῖνα,
400 670 435 740 ἢ
469 668 662 746 ὅρκους
692 666 992 740 ἐπιϐουλῆς
1028 666 1241 745 ὤμνυον
1272 672 1386 726 κατ’
1418 670 1574 744 ἐμοῦ.

271 783 301 810 ‹‹
331 761 451 814 Ὅτι
499 757 697 814 σποδὸν
764 760 891 814 ὡσεὶ
941 757 1099 832 ἄρτον
1169 757 1389 838 ἔφαγον,
1437 760 1525 814 καὶ
1585 759 1647 814 τὸ
1689 759 1842 832 πόμα

201 869 308 922 μου
344 849 477 922 μετὰ
505 847 788 921 κλαυθμοῦ
818 847 1062 924 ἐκίρνων.
1098 872 1126 900 ››
1157 883 1226 890 -
1262 849 1361 903 Καὶ
1409 848 1556 924 παρά
1600 848 1692 902 τὸν
1740 854 1842 916 τῆς

191 944 404 1014 τροφῆς
448 937 635 1012 καιρὸν
688 938 776 991 ἐπὶ
820 937 1110 1014 πρόσωπον
1162 936 1510 1014 ἐρριμμένος,
1563 936 1652 990 ἐπὶ
1709 957 1840 990 σπο-

195 1024 294 1081 δοῦ
343 1026 434 1080 καὶ
490 1027 718 1097 πενθῶν,
774 1029 844 1100 τῇ
895 1023 1036 1101 ἄχνῃ
1089 1030 1186 1080 τοῦ
1259 1024 1564 1098 πνεύματος
1641 1022 1839 1079 σποδὸν

193 1111 369 1170 ἔσπων
419 1113 536 1170 ἀντὶ
584 1121 811 1191 τροφῆς,
863 1115 1083 1194 ἐφύρετο
1139 1113 1197 1170 δέ
1259 1137 1362 1188 μου
1403 1115 1466 1168 τὸ
1526 1113 1679 1188 πόμα
1724 1117 1840 1174 τοῖς

193 1201 476 1282 δάκρυσιν.

266 1317 296 1347 ‹‹
323 1294 462 1348 Ἀπὸ
511 1294 809 1365 προσώπου
855 1300 956 1363 τῆς
1005 1293 1176 1368 ὀργῆς
1218 1314 1313 1347 σου
1355 1293 1443 1346 καὶ
1503 1296 1600 1346 τοῦ
1665 1294 1840 1365 θυμοῦ

193 1403 309 1439 σου.
345 1406 374 1435 ››
405 1414 476 1425 —-
502 1383 678 1437 Ταῦτά
712 1403 806 1456 μοι
845 1377 1138 1453 συνέϐησαν
1171 1381 1277 1436 ἀπὸ
1333 1387 1434 1452 τῆς
1490 1382 1660 1457 ὀργῆς
1719 1401 1837 1451 σου,

199 1475 654 1549 περιφραστικῶς.

265 1586 295 1614 ‹‹
325 1563 448 1621 ’Ότι
509 1560 707 1637 ἐπάρας
767 1560 1091 1639 κατέῤῥαξάς
1154 1583 1240 1634 με.
1277 1585 1394 1612 9——
1446 1562 1562 1614 Ὅτι
1625 1560 1841 1633 ὑψώσας

192 1650 480 1728 πρότερον,
530 1655 845 1705 καταπεσεῖν
926 1648 1143 1716 ὕστερον
1219 1648 1308 1703 καὶ
1366 1643 1714 1724 συντριϐῆναί
1776 1667 1841 1720 με

189 1740 621 1816 παρεχώρησας.

264 1853 292 1881 ‹‹
327 1829 396 1884 Δὶ
424 1827 629 1902 ἡμέραι
671 1849 775 1901 μου
827 1827 956 1882 ὡσεὶ
1003 1829 1127 1882 σκιὰ
1176 1825 1491 1898 ἐκλίθησαν·
1523 1826 1674 1901 κάγὼ
1713 1825 1844 1884 ὡσεὶ

1953 666 2101 730 λείας
2175 667 2302 730 τοὺς
2375 668 2678 744 ἀπογόνους
2735 671 2843 724 τῶν
2914 665 3289 722 ἀποθανόντων
3348 668 3417 738 τῇ
3476 663 3603 718 ἀπι-

1953 755 2090 828 στίᾳ.

2023 871 2052 898 ‹‹
2083 851 2186 902 Τοῦ
2220 846 2533 922 ἀναγγεῖλαι
2585 845 2635 900 ἐν
2671 847 2813 900 Σιὼν
2865 845 2928 900 τὸ
2989 840 3166 918 ὄνομα
3213 843 3432 920 Κυρίου.
3469 865 3497 894 η
3530 877 3599 886 -

1948 936 2020 990 Τὸ
2046 941 2142 992 τοῦ
2173 936 2402 1012 Πατρός’
2447 936 2790 1014 Έφανέρωσα
2820 935 2920 1010 γάρ
2984 955 3078 988 σου
3135 934 3198 988 τὸ
3250 929 3425 1006 ὄνομα
3481 939 3598 996 τοῖς

1950 1024 2277 1101 ἀνθρώποις.

2162 1114 2176 1135 \
2254 1115 2268 1136 κ
2375 1111 2401 1135 »1
2613 1113 2625 1132 ν
2702 1117 2728 1128 ~
2770 1113 2784 1130 ν
2869 1113 2883 1132 ε
3445 1113 3465 1132 ν

2020 1139 2049 1166 ‹‹
2080 1121 2179 1168 Και
2207 1135 2305 1183 την
2341 1135 2535 1169 αινεσιν
2570 1134 2732 1168 αυτου
2767 1134 2817 1168 εν
2887 1111 3250 1188 Ιερουσαλήμ.
3291 1136 3311 1162 ιο
3347 1145 3416 1155 -—
3470 1118 3595 1168 Ηνει

1946 1204 2046 1279 γὰρ
2101 1205 2192 1258 τὸν
2252 1202 2460 1280 Πατέρα
2519 1207 2778 1279 συνεχῶς,
2838 1201 2985 1275 αὐτῷ
3032 1201 3099 1256 τὰ
3166 1201 3339 1257 πάντα
3413 1202 3593 1258 ἀνατι-

1951 1292 2080 1355 θείς.

2024 1404 2050 1436 ι
2079 1383 2165 1437 Ἐν
2194 1387 2274 1455 τῷ
2302 1382 2727 1457 ἐπισυναχθῆναι
2758 1380 2925 1444 λαοὺς
2958 1379 3044 1436 ἐπὶ
3092 1381 3152 1435 τὸ
3193 1379 3322 1435 αὐτὸ
3370 1381 3459 1435 καὶ
3493 1383 3590 1457 βα-

1947 1467 2117 1531 σιλεῖς
2144 1475 2240 1525 τοῦ
2289 1467 2561 1526 δουλεύειν
2608 1475 2687 1542 τῷ
2739 1470 2938 1546 Κυρίῳ.
2971 1494 2998 1521 ››
3029 1502 3098 1512 -—
3128 1470 3331 1524 Ἑποίει
3383 1467 3441 1524 86
3487 1470 3586 1538 τήν

1947 1555 2144 1613 αἰ¹νεσιν
2197 1564 2292 1614 τοῦ
2349 1560 2582 1635 Πατρὸς,
2628 1558 2718 1614 ὅτε
2777 1561 3077 1632 συνήγοντο
3130 1559 3265 1633 πρὸς
3325 1558 3481 1612 αὐτὸν
3535 1561 3588 1612 οἱ

1951 1647 2074 1704 λαοὶ
2132 1649 2221 1704 καὶ
2275 1650 2326 1703 οἱ
2375 1645 2639 1726 ἄρχοντες
2687 1649 2860 1703 αὐτῶν
2888 1646 3006 1717 ήως
3039 1645 3335 1704 ἀπόστολοι
3365 1647 3452 1702 ἐπὶ
3509 1650 3589 1720 τῷ

1949 1737 2326 1800 πιστεύσαντες
2363 1735 2552 1794 δοῦλοι
2602 1737 2734 1792 εἶναι
2778 1737 2962 1808 αὐτοῦ,
2997 1737 3190 1814 Κύριον
3242 1731 3408 1799 ὅντως
3457 1739 3594 1792 κατὰ

1949 1826 2049 1894 τήν
2081 1826 2330 1897 θεότητα.

188 1916 394 1995 χόρτος
444 1916 759 1992 ἐξηράνθην,
821 1940 842 1969 ι
895 1948 964 1959 --
1012 1916 1233 1993 Ταχέως
1283 1915 1634 1992 παρήλθοσαν
1689 1911 1840 1982 δίκην
1874 1955 1922 2020 Β
2027 1939 2056 1967 ‹‹
2089 1913 2382 1989 Ἀπεκρίθη
2414 1915 2560 1988 αὐτῷ
2598 1915 2648 1969 ἐν
2699 1913 2809 1987 ὁδῷ
2848 1915 3038 1991 ἰσχύος
3076 1915 3260 1972 αὐτοῦ.
3295 1939 3324 1967 ››
3354 1948 3423 1958 --
3453 1921 3599 1988 Συμ-

189 2012 363 2069 σκιᾶς·
416 2009 452 2076 ἡ
502 2007 625 2060 σκιά
663 2006 766 2082 γὰρ
826 2007 1057 2082 τάχιστα
1107 2005 1422 2079 μεταπίπτει
1468 2025 1527 2059 τε
1565 2003 1654 2058 καὶ
1702 2023 1838 2078 παρ-

190 2096 411 2172 έρχεται
422 2139 435 2150 .

265 2207 294 2237 ‹‹
327 2183 402 2238 Σὺ
462 2183 688 2246 ἀναστὰς
743 2183 1102 2260 οἷ’κτειρήσεις
1158 2185 1256 2252 τήν
1317 2183 1488 2240 Σιών.
1530 2203 1560 2236 ι
1591 2213 1658 2224 —-
1699 2181 1842 2235 Κατὰ

199 2275 294 2348 μὲν
344 2274 406 2328 τὸ
452 2272 750 2350 πρόχειρον
809 2274 908 2343 τὴν
967 2273 1228 2343 αἰσθητὴν
1283 2272 1667 2346 Ἰερουσαλὴμ,
1709 2269 1844 2324 κατὰ

198 2360 257 2418 86
284 2361 347 2417 16
381 2361 669 2438 βαθύτερον
701 2362 797 2430 τήν
844 2365 952 2416 τῶν
993 2362 1198 2415 πιστῶν
1235 2358 1556 2428 Ἐκκλησίαν
1610 2356 1697 2413 διὰ
1743 2365 1842 2426 τῆς

198 2451 258 2507 ἐκ
283 2455 483 2526 νεκρῶν
513 2451 865 2512 ἀναστάσεως.

270 2544 444 2594 «Ὅτι
518 2541 706 2614 καιρὸς
771 2544 869 2594 τοῦ
927 2539 1260 2616 οἷκτειρῆσαι
1319 2538 1506 2609 αὐτὴν,
1567 2535 1648 2591 ὅτι
1723 2536 1845 2605 ἥκει

151 2641 156 2644 ’
205 2627 414 2706 καιρός.
445 2650 472 2682 n
508 2662 575 2672 —
605 2629 672 2683 Ἦ
696 2627 778 2683 ὅτι
803 2629 830 2683 6
875 2629 945 2700 τῇ
973 2627 1330 2703 αἰχμαλωσίᾳ
1376 2625 1677 2702 ὡρισμένος
1727 2646 1846 2680 και-

207 2719 321 2792 ρὸς,
371 2718 642 2772 τουτέστιν
700 2719 742 2771 0'
799 2715 891 2788 ἔτη
958 2715 1365 2790 πεπλήρωνται,
1423 2717 1458 2784 ἢ
1512 2714 1594 2770 ὅτι
1652 2713 1844 2777 πάντες

204 2806 618 2862 συνεπιτίθενται
649 2805 740 2861 καὶ
769 2804 1079 2879 πολεμοῦσι
1109 2809 1177 2880 τῇ
1211 2804 1526 2876 Ἐκκλησίᾳ.

279 2936 300 2963 ε
334 2915 455 2966 Ὅτι
484 2909 791 2983 ηὐδόκησαν
826 2912 878 2967 οἱ
905 2909 1096 2968 δοῦλοί
1127 2933 1222 2966 σου
1250 2910 1376 2972 τοὺς
1419 2910 1606 2974 λίθους
1656 2907 1842 2978 1619;4-

204 3001 293 3056 καὶ
342 3003 434 3056 τὸν
489 3006 623 3076 χοῦν
668 3001 836 3071 αὐτῆς
878 3000 1327 3077 οἰκτειρήσουσιν.
1357 3024 1383 3051 ››
1417 3033 1483 3042 -
1515 3001 1583 3054 Ἢ
1627 2997 1707 3053 ὅτι
1757 2997 1846 3052 καὶ

201 3090 330 3153 τοὺς
384 3089 858 3164 καταλελυμένους
917 3089 1104 3154 λίθους
1159 3097 1260 3159 τῆς
1286 3086 1648 3162 Ἰερουσαλὴμ
1703 3088 1848 3162 ἠγά-

201 3200 377 3250 πησαν
409 3181 462 3234 οἱ
494 3179 552 3234 ἐκ
577 3186 678 3248 τῆς
720 3177 1109 3255 αἰχμαλωσίας
1157 3178 1534 3246 ἀνασωθέντες,
1574 3176 1664 3230 καὶ
1713 3177 1740 3229 6
1790 3175 1849 3229 ἐκ

199 3269 300 3338 τῆς
340 3270 662 3344 πορθήσεως
715 3273 851 3343 χοῦς
900 3267 1077 3323 οἶκτον
1129 3266 1310 3328 αὐτοῖς
1358 3265 1643 3336 ἐντίθησινο
1683 3267 1718 3334 ἢ
1761 3264 1844 3319 ὅτι

205 3359 258 3412 οἱ
284 3355 549 3412 ἀπστολοι
597 3355 723 3419 τοὺς
782 3355 1172 3433 στερεωτέρους
1234 3356 1327 3429 μὶν
1385 3355 1521 3430 πρὸς
1573 3348 1842 3408 εὐσέϐειαν

205 3447 282 3508 εἰς
353 3444 652 3520 οἰκοδομὴν
730 3452 830 3516 τῆς
914 3444 1239 3516 Ἐκκλησίας
1316 3443 1640 3517 ἡτοίμασαν,
1719 3442 1845 3504 τοὺς

207 3535 614 3611 ἀσθενεστέρους
674 3533 734 3589 86
803 3534 1114 3610 πρεπούσης
1192 3532 1508 3607 ἐπιμελείας
1593 3532 1850 3603 ἀξιώσου-

213 3645 314 3678 σιν.

284 3738 306 3766 ι
337 3714 437 3769 Καὶ
467 3708 874 3792 φοϐηθήσονται
905 3713 974 3768 τά
1002 3709 1128 3782 ἔθνη
1173 3711 1238 3766 τὸ
1297 3707 1470 3784 ὄνομα
1516 3731 1633 3778 σου,
1666 3709 1846 3783 Κύριε,

206 3803 296 3858 καὶ
325 3803 519 3865 πάντες
552 3803 605 3856 οἱ
634 3800 878 3864 ϐασιλεῖς
917 3809 1020 3872 τῆς
1065 3808 1166 3878 γῆς
1207 3802 1307 3870 τὴν
1340 3797 1492 3870 δόξαν
1540 3820 1656 3855 σου.
1706 3822 1734 3848 ››
1781 3831 1851 3840 --

208 3893 276 3948 Ἦ
334 3889 423 3946 διὰ
472 3892 571 3960 τήν
626 3890 713 3945 ἐπὶ
770 3891 832 3945 τὸ
878 3896 1118 3965 κρεῖττον
1193 3889 1459 3958 τοσαύτην
1541 3883 1852 3961 μεταϐολὴν

207 3985 312 4036 τῶν
341 3979 920 4058 αἰχμαλωτισθέντων,
948 3980 983 4048 ἢ
1036 3977 1126 4033 διὰ
1170 3978 1238 4032 τά
1288 3975 1592 4050 τελούμενα
1650 3981 1851 4049 σημεῖα

208 4070 295 4125 καὶ
337 4068 534 4144 τέρατα
573 4069 632 4124 ἐκ
679 4069 850 4142 μόνης
893 4075 993 4138 τῆς
1041 4071 1136 4122 τοῦ
1195 4070 1427 4142 Χριστοῦ
1487 4064 1848 4137 ἐπικλήσεως,

210 4156 424 4230 μᾶλλον
457 4156 515 4212 86
545 4157 787 4234 ὕστερον,
819 4156 909 4212 ὅτε
947 4154 1063 4227 ἥξει
1124 4154 1318 4231 Κύριος
1380 4155 1516 4227 μετά
1571 4152 1852 4226 δυνάμεως

206 4247 296 4301 καὶ
329 4244 489 4318 δόξης
517 4244 760 4316 πολλῆς.

281 4359 305 4388 α
339 4337 608 4412 Γραφήτω
666 4334 800 4406 αὕτη
863 4335 940 4397 εἰς
997 4333 1182 4410 γενεὰν
1238 4333 1437 4407 ἑτέραν.
1474 4356 1502 4383 ››
1562 4364 1630 4373 -
1688 4332 1851 4410 Ἀφο-

209 4426 448 4500 ρισθήτω
504 4423 639 4495 αὕτη
671 4426 706 4493 ἡ
739 4425 1043 4500 προσευχὴ,
1074 4422 1346 4477 τουτέστιν
1404 4422 1432 4475 6
1489 4422 1675 4496 παρὼν
1708 4419 1850 4494 ψαλ-

211 4514 334 4587 μὸς,
367 4513 444 4576 εἷς
473 4515 571 4582 τήν
603 4517 699 4568 τοῦ
728 4513 852 4567 νέου
901 4512 1040 4567 λαοῦ
1096 4511 1301 4587 γενεάν*
1337 4507 1522 4579 ἐπειδή
1563 4513 1592 4564 ὁ
1621 4507 1852 4569 παλαιὸς

204 4608 324 4664 ταῖς
383 4601 719 4678 ἐγκειμέναις
776 4601 912 4675 αὐτῇ
971 4601 1094 4676 περὶ
1173 4603 1410 4676 Χριστοῦ
1496 4597 1849 4676 προφητείαις

208 4690 410 4763 ἠπίστη
421 4713 530 4749 σεν.

279 4805 310 4832 ‹‹
340 4781 440 4836 Καὶ
484 4779 616 4842 λαὸς
662 4781 689 4835 ὁ
742 4778 1054 4852 κτιζόμενος
1103 4777 1294 4833 αἰνέσει
1343 4778 1432 4832 τὸν
1475 4776 1688 4852 Κύριον.
1742 4801 1851 4827 ›--

207 4871 266 4924 Ὀ
293 4869 614 4943 κτιζόμενος
673 4865 859 4945 εἷ’ρηκε
918 4865 1008 4923 διὰ
1061 4869 1161 4936 τήν
1220 4865 1351 4943 ἄχρι
1401 4865 1708 4926 συντελείας
1740 4863 1852 4919 ἐπί-

207 4957 356 5014 δοσιν
402 4961 510 5012 τῶν
549 4956 932 5013 πιστευόντων.
983 4957 1161 5011 Κτίσιν
1211 4953 1268 5010 δέ
1319 4976 1409 5029 μοι
1457 4955 1568 5010 νόει
1622 4955 1697 5026 μή
1750 4955 1849 5022 τὴν

207 5046 486 5116 οὐσίωσιν,
521 5043 667 5101 ἀλλά
694 5047 793 5114 τὴν
828 5043 916 5100 ἐπὶ
944 5045 1006 5099 16
1034 5049 1276 5120 κρεῖττον
1313 5039 1646 5116 μεταϐολήν.

284 5157 307 5185 ιι
340 5138 460 5189 Ὅτι
543 5133 787 5209 ἐξέκυψεν
849 5133 900 5204 ἐξ
957 5133 1125 5208 ὕψους
1205 5133 1364 5208 ἁγίου
1449 5131 1635 5187 αὐτοῦ.
1695 5154 1723 5183 η
1785 5165 1852 5173 --

203 5227 359 5283 ’Ἀνω
392 5223 576 5298 μείνας
603 5223 693 5279 καὶ
721 5225 869 5278 κάτω
900 5223 1104 5301 φανείς.

276 5337 306 5366 ‹‹
334 5312 531 5390 Κύριος
565 5313 618 5383 ἐξ
674 5311 904 5390 οὐρανοῦ
959 5310 1048 5366 ἐπὶ
1096 5311 1195 5380 τὴν
1258 5318 1361 5386 γῆν
1411 5306 1695 5386 ἐπέϐλεφε.
1726 5334 1748 5364 ι
1785 5341 1854 5351 -—-

203 5401 303 5456 Διά
329 5407 431 5471 τῆς
461 5400 765 5470 ἐπισκοπῆς
789 5401 888 5468 τήν
917 5399 1208 5476 παρουσίαν
1241 5398 1480 5478 ἐνέφηνε.

278 5531 308 5560 ‹‹
341 5509 454 5564 Τοῦ
484 5508 714 5562 ἀκοῦσαι
741 5510 840 5561 τοῦ
870 5511 1174 5581 στεναγμοῦ
1223 5511 1330 5560 τῶν
1375 5502 1580 5572 πεπεδη
1592 5503 1786 5576 μένων.
1823 5527 1850 5554 ››

203 5628 275 5639 -—-
301 5600 408 5650 Τοῦ
439 5599 743 5670 στεναγμοῦ
772 5595 830 5650 ’ὀν
864 5593 1141 5663 ἐστέναζον
1192 5595 1242 5649 οἱ
1301 5591 1497 5648 δίκαιοι
1555 5593 1685 5668 ὑπὲρ
1741 5596 1849 5646 τῶν

205 5681 413 5754 πεπεδη
424 5685 599 5758 μένων
632 5689 749 5746 ταῖς
775 5687 882 5738 τῶν
914 5682 1324 5758 ἀμαρτημὰτων
1353 5687 1574 5756 σειραῖς.

282 5798 310 5826 ι(
344 5777 449 5829 Τοῦ
506 5773 664 5830 λῦσαι
738 5772 865 5834 τοὺς
923 5771 1074 5833 υἱοὺς
1134 5776 1240 5827 τῶν
1295 5769 1766 5844 τεθανατωμένων.
1825 5796 1844 5821 η

1950 2005 2181 2081 περάνας
2237 2004 2435 2075 ταύτην
2488 2006 2586 2073 τὴν
2640 2003 2991 2082 προφητείαν,
3033 2003 3215 2080 ἔχεται
3271 2003 3436 2060 πάλιν
3495 2012 3596 2074 τῆς

1949 2094 2173 2170 πρώτης
2249 2093 2595 2166 ἀκολουθίας,
2654 2093 2744 2148 καί
2817 2115 2978 2170 φησιν
3047 2092 3335 2167 ἀπεκρίθη,
3399 2091 3430 2147 6'
3488 2092 3597 2148 ἐστι

1947 2187 2040 2236 νῦν
2101 2183 2217 2237 ἀντὶ
2267 2187 2365 2238 τοῦ
2423 2181 2685 2253 ἐλάλησεν
2734 2181 2923 2244 ἁπλῶς
2955 2181 3120 2255 αὐτῷ,
3151 2181 3277 2252 ἤτοι
3323 2187 3403 2255 τῷ
3459 2183 3597 2254 Θεῷ,

1951 2272 2088 2348 πρὸς
2143 2273 2200 2326 ὃν
2261 2274 2296 2341 ἡ
2356 2273 2636 2348 προσευχὴ
2692 2275 2789 2325 τοῦ
2837 2270 3105 2346 παρόντος
3164 2270 3409 2345 ψαλμοῦ.
3446 2270 3601 2326 Ἐλά-

1953 2359 2090 2430 λησε
2143 2359 2200 2415 86
2250 2362 2278 2415 6
2311 2361 2552 2436 πτωχὸς,
2606 2356 2820 2430 δηλαδή
2876 2361 2904 2412 ὁ
2959 2358 3280 2430 ἀκηδιάσας.
3332 2357 3483 2414 e086v
3541 2357 3599 2414 86

1957 2449 2146 2525 ἰσχύος
2206 2449 2550 2520 ὑποληπτέον
2576 2450 2669 2504 τὸν
2697 2449 2883 2523 καιρὸν
2936 2448 2987 2504 ἐν
3049 2451 3094 2520 ᾧ
3136 2445 3211 2504 ἔτι
3245 2448 3480 2520 δύναται,
3506 2447 3596 2503 καὶ

1956 2539 2107 2594 οὕπω
2135 2537 2319 2594 τέλεον
2354 2539 2458 2593 ὑπὸ
2479 2545 2581 2608 τῆς
2627 2534 2856 2608 ἀκηδίας
2913 2539 3204 2608 ἠσθένησεν
3261 2535 3385 2592 0686
3434 2558 3596 2592 κατα-

1956 2622 2219 2697 ϐέϐληται
2252 2625 2556 2688 παντελῶς.

2028 2739 2057 2767 ‹‹
2086 2717 2193 2784 Τὴν
2252 2714 2549 2792 όλιγότητα
2602 2720 2707 2770 τῶν
2788 2719 3010 2790 ἡμερῶν
3092 2737 3195 2789 μου
3273 2714 3594 2793 ἀνάγγειλόν

1959 2826 2072 2878 μοι,
2105 2828 2134 2856 ››
2168 2837 2234 2846 -
2263 2806 2368 2873 Τὴν
2424 2802 2621 2879 ὀλίγην
2681 2804 2956 2875 ποσότητα
3002 2809 3106 2858 τῶν
3173 2803 3595 2882 ὑπολειφθεισῶν

1958 2913 2050 2964 μοι
2081 2897 2180 2960 τῆς
2207 2897 2351 2961 ζωῆς
2395 2894 2618 2966 ἡμερῶν
2678 2889 2930 2962 δήλωσόν
2989 2913 3103 2964 μοι,
3131 2890 3224 2946 ’ίνα
3277 2894 3615 2948 συντονωτέ-“

1956 3001 2048 3056 ραν
2081 2982 2232 3050 θήσω
2263 2981 2360 3049 τήν
2395 2979 2709 3054 ἐπιμέλειαν
2738 2984 2839 3050 τῆς
2869 2985 3077 3056 ψυχῆς.

2027 3093 2057 3121 ι(
2088 3071 2176 3138 Μὴ
2210 3069 2480 3145 ἀναγάγῃς
2509 3091 2576 3142 με
2606 3068 2658 3124 ἐν
2690 3070 2879 3142 ἡμίσει
2911 3073 3134 3146 ἡμερῶν
3172 3091 3297 3143 μου.
3318 3094 3346 3121 ››
3367 3072 3605 3126 -Ἂνα-

1953 3159 2136 3235 γωγὴν
2169 3157 2316 3233 λέγει
2346 3159 2444 3227 τήν
2479 3156 2741 3232 ἐκδημίαν
2772 3162 2873 3228 τῆς
2902 3162 3088 3235 ψυχῆς
3147 3159 3207 3214 ἐκ
3259 3163 3356 3214 τοῦ
3415 3161 3602 3233 σώμα-

1955 3265 2068 3310 τος·
2102 3247 2275 3320 ἥμισυ
2307 3245 2364 3302 86
2411 3250 2634 3321 ἡμερῶν
2693 3247 2786 3302 τὸν
2845 3248 2950 3324 πρὸ
3004 3252 3102 3302 τοῦ
3157 3249 3346 3324 γήρως
3393 3247 3598 3324 καιρόν.

1875 3321 1918 3388 C
1958 3337 2130 3407 Φησίν
2191 3334 2305 3390 οῦν·
2366 3336 2465 3398 Δός
2519 3358 2612 3409 μοι
2659 3337 2759 3404 τήν
2823 3321 2988 3412 μέχρι
3045 3321 3247 3413 γήρως
3291 3337 3458 3405 ζωήν,
3489 3321 3602 3391 ⁷τίνα

1956 3427 2172 3496 ποιήσω
2202 3424 2442 3500 καρποὺς
2474 3424 2764 3500 σωτηρίας.

2035 3539 2055 3566 α
2089 3520 2175 3569 Ἐν
2233 3518 2390 3588 γενεᾷ
2445 3519 2639 3589 γενεῶν
2696 3515 2764 3568 τὰ
2817 3511 2912 3584 ἕτη
2973 3535 3089 3570 σου.
3127 3537 3156 3564 ››
3204 3547 3273 3556 --
3331 3512 3597 3592 Παρέλκει

1955 3607 2024 3676 τῇ
2082 3607 2386 3679 προσευχῇ
2427 3603 2517 3657 καὶ
2577 3602 2818 3679 ὸόγματα
2873 3603 2962 3656 καὶ
3016 3602 3193 3678 γενεὰν
3257 3603 3350 3676 μὲν
3409 3606 3602 3677 γενεῶν

1957 3692 2019 3746 τὸ
2050 3691 2131 3746 ἀεί
2164 3712 2348 3767 φησιν,
2381 3687 2472 3761 ἔτη
2511 3687 2567 3744 86
2595 3689 2685 3744 καὶ
2715 3694 2810 3743 τοῦ
2842 3689 2975 3744 εἶναι
2997 3689 3316 3765 παράτασιν.

2030 3805 2058 3832 ‹‹
2091 3781 2216 3836 Κατ’
2264 3780 2438 3855 ἀρχὰς
2492 3778 2574 3850 σὺ,
2610 3777 2790 3852 Κύριε,
2825 3780 2927 3847 ,τήν
2982 3785 3086 3854 γῆν
3149 3776 3536 3851 ἐθεμελίωσας.
3573 3801 3607 3830 »η

1959 3900 2028 3911 --
2051 3865 2298 3942 Ἐδραίαν
2333 3866 2614 3936 ἐποίησας.

2031 3982 2058 4009 ‹‹
2091 3957 2189 4012 Καὶ
2221 3955 2353 4033 ἔργα
2379 3961 2487 4012 τῶν
2520 3960 2721 4032 ’χειρῶν
2755 3955 2850 4010 σού
2901 3955 3032 4010 εἰσιν
3083 3957 3136 4010 οἱ
3181 3955 3420 4030 οὐρανοί.
3465 3980 3494 4007 ››
3538 3987 3607 3999 --

1959 4050 2064 4116 Τῆς
2117 4046 2470 4121 ἐνεργητικῆς
2525 4067 2620 4100 σου
2679 4043 2961 4118 δυνάμεως
3003 4047 3288 4119 ποιήματα
3318 4047 3346 4099 6
3377 4044 3605 4119 οὐρανὸς

1958 4135 2048 4190 καὶ
2076 4135 2139 4189 16
2166 4134 2468 4211 στερέωμα.

2033 4247 2063 4275 (ι
2094 4222 2258 4278 Αὐτοὶ
2289 4221 2640 4279 ἀπολοῦνται.
2674 4247 2702 4274 ››
2732 4257 2800 4266 ——
2831 4222 3252 4296 Ἀλλοιούμενοι
3310 4221 3385 4284 ὡς
3439 4223 3608 4292 ποιή-

1965 4333 2124 4386 ματα.

2037 4426 2058 4453 ι
2095 4399 2171 4455 Σὺ
2228 4399 2284 4455 86
2330 4397 2623 4474 διαμένεις.
2659 4424 2688 4451 ››
2717 4430 2788 4442 μ-
2846 4397 3252 4460 Ἀναλλοίωτος
3311 4398 3384 4460 ὠς
3439 4419 3605 4470 ποιη-

1958 4491 2080 4560 τής.

2033 4601 2062 4630 ι(
2089 4579 2187 4632 Καὶ
2243 4575 2438 4640 πάντες
2499 4579 2573 4639 ὡς
2628 4578 2846 4651 ἱμάτιον
2905 4575 3408 4647 παλαιωθήσονται.
3445 4600 3472 4628 ››
3533 4609 3603 4620 -

1882 4691 1928 4756 D
1961 4667 2421 4744 Ἐφερμηνευτικά
2473 4671 2638 4721 ταῦτα
2694 4670 2799 4720 τῶν
2859 4665 3160 4742 ἀνωτέρων.
3193 4662 3352 4720 T086
3403 4663 3600 4736 έλίξεις

1961 4756 2077 4810 ἀντὶ
2122 4761 2220 4810 τοῦ
2267 4753 2561 4828 συπελεῖς,
2593 4754 2997 4816 παλαιωθέντας
3050 4752 3325 4826 δηλονότι,
3370 4755 3460 4808 καὶ
3511 4776 3601 4828 με-

1957 4847 2273 4915 ταποιήσεις
2304 4844 2438 4919 πρὸς
2470 4844 2781 4913 καινότητα.

2031 4958 2058 4984 ‹‹
2093 4935 2154 4986 Οἱ
2183 4934 2290 4987 υἱοὶ
2320 4938 2425 4988 τῶν
2460 4930 2669 4988 δούλων
2703 4953 2798 4987 σου
2828 4932 3361 5002 κατασκηνώσουσιν.
3391 4956 3418 4982 ››
3441 4963 3507 4972 -
3538 4931 3602 4986 Οἱ

1959 5022 2069 5076 υἰοὶ
2099 5027 2204 5076 τῶν
2236 5019 2554 5076 ἀποστόλων
2587 5021 3092 5091 κατασκηνώσουσιν
3151 5019 3202 5075 ἐν
3256 5024 3325 5094 τῇ
3371 5017 3607 5090 Ἐκκλη-

1960 5111 2069 5182 σίᾳ.
2103 5112 2200 5165 Καὶ
2254 5112 2316 5166 τὸ
2370 5112 2584 5186 σπέρμα
2637 5109 2834 5177 αὐτῶν,
2891 5107 3017 5178 ἤτοι
3073 5110 3135 5163 16
3183 5111 3445 5185 κήρυγμα
3474 5107 3604 5163 αἰω-

1957 5199 2084 5262 νίως
2118 5202 2445 5270 κατευθυνθή
2455 5220 2598 5254 σεται
2632 5195 3007 5270 εὐοδούμενον.

2549 5324 2852 5380 ΨΑΛΜΟΣ
2903 5323 3018 5379 ΡΒ’.

2031 5437 2060 5464 ‹‹
2092 5410 2327 5485 Ψαλμὸς
2380 5415 2459 5484 τῷ
2515 5406 2703 5466 Δαϐίδ.
2739 5433 2767 5461 ››
2799 5443 2868 5458 -ε
2895 5411 2982 5482 Τῷ
3040 5410 3224 5487 Κυρίῳ
3277 5411 3603 5488 εὐχαριστή-

1963 5521 2097 5577 ριος.

2033 5614 2062 5642 ‹‹
2093 5588 2343 5664 Εὐλόγει,
2371 5591 2405 5658 ἡ
2435 5591 2587 5664 ψυχή
2643 5610 2768 5662 μου,
2798 5589 2889 5643 τὸν
2936 5589 3153 5664 Κύριον,
3186 5590 3274 5644 καὶ
3321 5587 3491 5643 πάντα
3535 5588 3604 5640 10‘:

1961 5678 2104 5742 ἐντός
2161 5699 2264 5751 μου
2313 5679 2376 5733 τὸ
2429 5674 2607 5751 ὄνομα
2677 5679 2741 5734 16
2815 5681 2964 5754 ἅγιον
3025 5678 3207 5734 αὐτοῦ·
3270 5676 3506 5748 εὐλόγει,
3565 5679 3600 5745 ἡ

1961 5772 2110 5846 ψυχή
2150 5789 2274 5843 μου,
2306 5769 2396 5824 τὸν
2427 5767 2644 5845 Κύριον,
2675 5767 2764 5823 καὶ
2795 5769 2966 5823 πάντα
2995 5769 3059 5823 τὰ
3099 5768 3246 5830 ἐντός
3299 5789 3423 5840 μου.
3462 5792 3482 5816 υ
3531 5798 3600 5808 -ο
