3998 6356
386 430 541 492 1555

382 559 550 621 Εντὸς
607 556 751 638 λέγει
810 559 938 625 τοὺς
998 560 1318 639 λογισμοὺς,
1376 565 1470 626 τὶς

385 649 560 711 πάσας
592 647 850 723 δυνάμεις
881 655 1092 729 ψυχῆς.

459 738 619 792 «Καὶ
680 741 756 811 μὴ
816 738 1168 795 ἐπιλανθάνου
1252 743 1423 804 πάσας
1495 743 1589 805 τὰς
1650 739 2032 803 ἀνταποδόσεις

389 826 574 884 αὐτοῦ.
633 852 660 878 ››
717 862 786 870 —
845 827 1262 893 ’Δνταποδόσεις
1347 832 1478 908 φησί
1553 834 1650 894 τὰς
1709 831 2029 908 εὐεργεσίας·

391 910 650 978 λαϐόντες
705 918 807 993 γὰρ
863 918 1005 973 καλά
1057 917 1412 993 ἀπεδώκαμεν
1497 922 1708 996 πονηρά
1791 919 1879 976 διὰ
1932 928 2034 989 τῆς

387 1009 687 1080 παρακοῆς·
721 1007 880 1069 αὐτὸς
942 1005 999 1062 δέ
1055 1007 1206 1070 αὖθις
1262 1008 1632 1065 ἀνταπέδωκεν
1685 1011 1871 1086 ἀγαθά.
1907 1011 2035 1064 Εἶτα

385 1093 670 1170 καταλέγει
707 1096 801 1157 τὰς
834 1094 1220 1160 ἀνταποδόσεις
1253 1098 1464 1177 ἐφεξῆς.

459 1208 487 1234 ‹‹
519 1186 628 1242 Τὸν
662 1183 1029 1261 λυτρούμενον
1064 1186 1123 1241 ἐκ
1152 1189 1350 1264 φθορᾶς
1398 1190 1497 1257 τήν
1559 1192 1703 1259 ζωήν
1755 1211 1870 1246 σου.
1907 1213 1936 1240 ››
1967 1222 2034 1232 --

385 1273 483 1328 Τὸν
543 1275 809 1352 ἄφθαρτον
873 1277 1016 1345 ζωήν
1075 1297 1157 1330 σοι
1219 1274 1564 1352 δωρούμενον
1597 1277 1648 1332 ἐν
1699 1282 1768 1351 τῇ
1815 1278 2035 1333 ἀναστά-

389 1383 489 1418 σει.

468 1475 495 1506 ιι
525 1453 622 1507 Τὸν
657 1450 1014 1530 στεφανοῦντά
1044 1473 1100 1509 σε
1131 1453 1182 1509 ἐν
1244 1453 1416 1510 ἐλέεσι
1473 1456 1561 1510 καὶ
1621 1455 1975 1533 οἷ’κτειρμοίς,
2005 1483 2034 1509 ››

394 1543 590 1596 -Τὸν
650 1539 855 1616 δρόμον
909 1541 1195 1598 τελέσασαν
1253 1544 1342 1598 καὶ
1398 1546 1497 1613 τήν
1555 1545 1732 1600 πίστιν
1792 1549 2034 1622 τηρήσα·

393 1651 503 1685 σαν.
538 1631 623 1684 Ἐν
658 1629 797 1686 ἐλέει
831 1628 888 1685 δὲ
918 1629 1153 1707 εἷ’ρηκεν,
1185 1632 1267 1686 ὅτι
1325 1631 1500 1695 οὐδεὶς
1558 1633 1608 1704 ἐξ
1638 1631 1806 1710 ἔργων
1873 1636 2031 1707 μόνον

395 1717 717 1791 δικαιοῦται,
751 1720 796 1774 εἰ
850 1722 925 1792 μή
984 1722 1074 1775 τὸν
1136 1719 1286 1776 ἔλεον
1347 1723 1650 1799 παραμίξας
1685 1726 1712 1778 6
1758 1721 2034 1794 Δεσπότης

392 1808 778 1884 ἀναπληρώσει
806 1810 870 1864 τὸ
906 1809 1181 1865 ἐλλεῖπον.

464 1923 490 1950 ‹‹
521 1899 620 1952 Τὸν
655 1895 1016 1970 ἐμπιπλῶντα
1045 1897 1098 1953 ἐν
1133 1901 1353 1974 ἀγαθοῖς
1381 1903 1478 1969 τὴν
1513 1900 1794 1974 ἐπιθυμίαν
1850 1923 1966 1960 σου.
2004 1927 2031 1954 ››
2065 1933 2112 1998 Β

391 2020 459 2030 —
488 1987 595 2056 Τὴν
629 1986 680 2041 ἐν
739 1989 963 2062 ἀγαθοῖς
996 1984 1276 2058 δηλονότι,
1310 1990 1550 2045 τουτέστι
1610 1991 1700 2045 τὸν
1758 1991 2036 2067 κορεννύν-

386 2096 454 2130 τα
482 2097 539 2130 σε
579 2077 808 2152 ἀγαθῶν,
839 2079 1107 2131 πεινῶντα
1137 2076 1375 2151 ἀγαθῶν.

459 2190 488 2216 ‹‹
521 2166 1046 2234 Ἀνακαινισθήσεται
1107 2164 1183 2227 ὡς
1233 2165 1389 2220 ἀετοῦ
1437 2169 1471 2236 ἡ
1504 2167 1694 2238 νεότης
1760 2189 1876 2225 σου.
1913 2192 1942 2220 ι
1969 2201 2037 2212 —-

387 2256 457 2310 Τὸ
516 2254 574 2309 ἐκ
626 2258 734 2309 τῶν
792 2255 973 2308 παθῶν
1007 2261 1182 2330 γῆρας
1236 2254 1697 2331 ἀπορῥιπτούσης,
1730 2259 1804 2320 ὡς
1834 2257 2036 2322 ἐκεῖνος

385 2343 449 2398 τὸ
481 2343 540 2398 ἐκ
566 2347 673 2397 τῶν
716 2348 950 2418 πτερῶν,
983 2343 1069 2397 καὶ
1125 2341 1214 2397 διὰ
1273 2345 1557 2416 μετανοίας
1615 2346 2034 2420 ἀνανεουμένης,

389 2433 462 2493 ὡς
492 2431 695 2494 ἐκεῖνος
729 2429 817 2486 διὰ
846 2429 1190 2510 παλιμφυίας
1222 2438 1456 2509 πετρῶν.

460 2525 694 2576 «Ποιῶν
756 2520 1124 2594 ἐλεημοσύνας
1183 2523 1212 2576 6
1273 2522 1489 2598 Κύριος,
1536 2523 1625 2578 καὶ
1683 2530 1856 2600 κρῖμα
1906 2532 2037 2582 πᾶσι

385 2615 502 2673 τοῖς
529 2607 931 2683 ἀδικουμένοις.
969 2634 996 2661 n
1029 2642 1098 2652 —
1127 2610 1313 2666 Λείπει
1346 2612 1408 2666 τὸ
1441 2612 1602 2670 ἐστίν.

460 2743 488 2769 ‹‹
521 2720 638 2773 Ὅτι
702 2718 837 2790 μετά
889 2716 950 2771 τὸ
985 2717 1119 2790 ὕψος
1177 2722 1272 2771 τοῦ
1331 2717 1558 2793 ούρανοῦ
1616 2721 1720 2775 ἀπὸ
1775 2729 1872 2792 τῆς
1931 2731 2036 2798 γῆς

390 2806 717 2882 ἐκραταίωσε
765 2805 965 2880 Κύριος
1013 2807 1075 2860 τὸ
1127 2803 1279 2868 ἔλεος
1330 2807 1493 2863 αὐτοῦ
1543 2807 1629 2862 ἐπὶ
1675 2816 1793 2873 τοῖς
1841 2807 2037 2889 φοϐου-

393 2895 576 2968 μένοις
637 2894 816 2949 αὐτόν.
850 2920 879 2948 ››
912 2927 978 2938 -
1023 2897 1115 2950 Ἐκ
1169 2900 1266 2949 τοῦ
1319 2896 1564 2968 μείζονος
1626 2897 1678 2953 ἐν
1731 2901 1865 2972 ἡμῖν
1927 2898 2038 2956 δια-

387 2986 663 3057 στήματος
748 2981 1227 3060 παραδειγματίζει
1289 2986 1350 3039 τὸ
1410 2982 1640 3061 ἄμετρον
1715 2986 1866 3050 ἔλεος
1940 2994 2038 3044 τοῦ

385 3079 540 3142 Θεοῦ,
600 3074 689 3129 καί
745 3094 924 3148 φησιν.
985 3076 1145 3128 Ὅσον
1207 3074 1269 3128 τὸ
1327 3071 1602 3148 διάστημα
1657 3081 1754 3131 τοῦ
1808 3077 2037 3153 ούρανοῦ

388 3163 495 3218 ἀπὸ
522 3169 621 3232 τῆς
649 3169 770 3239 γῆς,
795 3166 1051 3217 τοσοῦτον
1084 3162 1146 3216 τὸ
1193 3158 1345 3224 ἕλεος
1401 3162 1566 3218 αὐτοῦ
1617 3164 1888 3241 ἐστήριξεν
1949 3166 2035 3222 ἐπὶ

385 3251 518 3314 τοὺς
550 3247 920 3329 φοϐουμένους
950 3249 1109 3304 αὐτὸν
1137 3251 1164 3304 ὁ
1197 3251 1414 3325 Κύριος.

460 3365 488 3392 ‹‹
518 3343 636 3395 Ὅτι
665 3339 822 3401 αὐτὸς
878 3338 1018 3414 ἔγνω
1042 3340 1105 3393 τὸ
1135 3339 1364 3412 πλάσμα
1419 3343 1601 3413 ἡμῶν.
1637 3366 1666 3394 ››
1697 3377 1764 3386 -
1791 3343 2031 3408 Εἰκότως

388 3429 637 3505 ἀνέχεται
668 3427 757 3484 καί
787 3427 1306 3506 φιλανθρωπεύεται’
1339 3429 1428 3483 καὶ
1484 3430 1587 3506 γὰρ
1645 3431 1802 3494 αὐτὸς
1833 3434 1862 3487 ὁ
1891 3433 2032 3489 πλά-

392 3538 485 3581 σας
520 3515 633 3574 οἶδε
659 3518 722 3573 τὸ
770 3518 888 3582 καθ’
918 3519 1066 3590 ἡμᾶς
1122 3517 1369 3589 πλάσμα,
1400 3519 1641 3574 τουτέστι
1696 3521 1794 3589 τήν
1857 3521 2032 3599 φύσιν,

395 3606 477 3662 ὅτι
509 3605 729 3675 πολλὴν
760 3603 874 3682 ἔχει
906 3605 1198 3670 ἀσθένειαν.

467 3719 495 3747 ‹‹
530 3697 808 3767 Ἐμνήσθη
870 3695 953 3750 ὅτι
1012 3699 1146 3770 χοῦς
1207 3693 1386 3767 ἐσμέν.
1423 3719 1450 3745 ››
1491 3729 1559 3739 -
1615 3699 2033 3776 Ἐφερμηνευτι-

391 3784 484 3838 κὸν
516 3789 614 3838 τοῦ
643 3784 1072 3859 προῤῥηθέντος·
1107 3780 1220 3837 οἶδε
1271 3783 1393 3858 γάρ,
1427 3785 1616 3862 φησὶν,
1647 3786 1730 3841 ὅτι
1783 3785 1841 3841 ἐκ
1897 3791 2032 3861 χοὸς

392 3871 630 3941 ἐπλάσθη
642 3893 735 3946 μεν
767 3872 984 3928 αὐτόθεν
1017 3873 1287 3936 ἀσθενοῦς.

463 3986 490 4012 ‹‹
524 3963 840 4037 Ἀνθρωπος
897 3961 1021 4016 ὡσεὶ
1079 3961 1279 4036 χόρτος
1341 3963 1393 4015 αἱ
1451 3961 1652 4036 ἡμέραι
1689 3964 1871 4022 αὐτοῦ.
1907 3990 1935 4018 ››
1965 4000 2033 4008 -

391 4049 732 4125 Εὐμάραντοι
788 4049 878 4104 καὶ
952 4049 1295 4124 πρόσκαιρον
1355 4049 1564 4126 ἡμέραν
1624 4049 1682 4107 δὲ
1739 4052 1880 4130 λέγει
1935 4056 2035 4124 τὴν

394 4141 558 4209 ζωήν.

463 4253 491 4279 ι(
525 4229 665 4283 Ὠσεὶ
725 4226 883 4292 ἄνθος
936 4233 1033 4282 τοῦ
1092 4229 1257 4304 ἀγροῦ
1315 4227 1486 4290 οὕτως
1548 4227 1843 4301 ἐξανθήσει.
1899 4256 1920 4282 ι
1968 4265 2037 4274 -—

390 4322 496 4372 Νῦν
560 4319 654 4389 μὲν
705 4318 905 4394 ὡραῖος
964 4313 1060 4387 ὢν,
1095 4317 1310 4393 ὕστερον
1372 4313 1429 4372 δὲ
1487 4319 1880 4393 μαραινόμενος
1945 4322 2034 4376 καὶ

392 4407 746 4483 φθειρόμενος
777 4407 911 4462 κατά
938 4407 1036 4475 τὴν
1066 4404 1350 4476 διάζευξιν.

466 4518 584 4569 Ὅτι
641 4518 859 4586 πνεῦμα
912 4510 1131 4582 διῆλθεν
1192 4514 1242 4568 ἐν
1278 4513 1441 4586 αύτῷ,
1472 4516 1561 4568 καὶ
1592 4515 1699 4590 οὑχ
1731 4515 1969 4591 ὑπάρξει.
2008 4540 2029 4568 ι

389 4636 459 4645 —
487 4607 605 4658 Ὅτι
638 4602 688 4657 ἐν
734 4603 880 4675 αὐτῷ
937 4607 1169 4675 πνεῦμα,
1201 4603 1472 4658 τουτέστιν
1509 4606 1542 4672 ἡ
1578 4605 1753 4678 ψυχὴ,
1789 4601 2032 4676 διῆλθεν,

387 4689 514 4761 ἤτοι
569 4690 838 4765 παρῆλθε,
867 4693 956 4747 καὶ
1015 4691 1167 4754 εὐθὺς
1225 4691 1329 4767 ούχ
1391 4693 1607 4766 ὑπάρξει
1664 4694 1692 4746 ὁ
1752 4690 2033 4766 ἄνθρωπος

388 4782 524 4838 κατὰ
551 4783 642 4836 τὸν
669 4782 908 4858 παρόντα
945 4780 1077 4857 βίον.
1112 4785 1285 4835 Ταῦτα
1317 4778 1373 4835 δὲ
1432 4782 1519 4835 καὶ
1575 4783 1643 4835 τὰ
1697 4782 2032 4856 προειρημέ-

389 4892 453 4925 να
483 4868 572 4925 διὰ
590 4872 653 4926 τὸ
685 4875 844 4944 σῶμα
870 4868 1195 4945 ἐλέχθησαν.

466 4981 493 5014 α
523 4960 620 5014 Καὶ
652 4959 751 5015 οὐκ
781 4959 1126 5035 ἐπιγνώσεται
1155 4958 1244 5014 καὶ
1278 4957 1354 5013 ἔτι
1409 4960 1500 5013 τὸν
1557 4958 1723 5013 τόπον
1781 4958 1967 5016 αὐτοῦ.
2005 4985 2032 5010 ››

390 5044 658 5103 -Τόπον
691 5048 854 5104 αὐτοῦ
901 5049 1001 5116 τήν
1054 5048 1272 5102 ἐνταῦθα
1322 5046 1468 5123 λέγει
1525 5048 1876 5122 θνητοπρεπῆ
1930 5069 2032 5102 πο-

390 5137 592 5192 λιτείαν
622 5158 678 5191 τε
713 5138 801 5191 καὶ
829 5135 1170 5192 κατάστασιν.

522 5226 581 5278 T‘
626 5223 677 5256 λλ
951 5230 976 5240 α’
1126 5225 1137 5244 Ι
1247 5226 1260 5243 Ἰ
1318 5226 1330 5242 \
1453 5228 1474 5239 ν
1569 5224 1620 5244 ’ν
1857 5223 1871 5244 \
1930 5223 1942 5242 Ρ

466 5249 491 5274 ‹‹
565 5246 592 5278 ο
623 5245 679 5278 οε
705 5258 727 5278 ι’.
771 5246 854 5286 εος
885 5246 980 5280 του
1009 5232 1203 5300 Κυριου
1237 5246 1340 5280 απο
1380 5246 1478 5278 του
1531 5245 1728 5286 αιωνος
1785 5245 1874 5278 και
1932 5223 2033 5286 έως

389 5318 486 5367 τοῦ
531 5311 722 5372 αἰῶνος
772 5312 858 5366 ἐπὶ
898 5319 1012 5374 τοῖς
1063 5310 1424 5388 φοϐουμένοις
1473 5309 1655 5370 αὐτόν.
1703 5338 1729 5363 »
1780 5347 1846 5356 —
1895 5313 2032 5368 Ἀπὸ

389 5405 484 5453 τοῦ
515 5400 778 5474 παρόντος
819 5401 907 5454 καὶ
935 5398 1040 5462 ἕως
1070 5407 1165 5456 τοῦ
1200 5401 1522 5474 μέλλοντος,
1553 5401 1722 5478 ἤγουν
1773 5399 1881 5456 ὦδε
1937 5403 2032 5456 κά-

389 5493 492 5542 κεῖ·
555 5489 666 5562 χρὴ
726 5489 829 5562 γὰρ
887 5489 1040 5543 κάκεῖ
1092 5496 1186 5544 τοῦ
1236 5492 1381 5544 θείου
1413 5491 1598 5553 ἐλέους
1629 5493 1765 5567 πρὸς
1794 5493 1892 5560 τήν
1923 5497 2030 5547 τῶν

393 5573 768 5648 κολαστηρίων
801 5575 1107 5652 ἀποφυγήν.

467 5689 492 5712 ‹‹
531 5663 625 5715 Καὶ
656 5666 690 5730 ἡ
725 5659 1030 5731 δικαιοσύνη
1064 5666 1224 5719 αὐτοῦ
1259 5667 1342 5720 ἐπὶ
1403 5670 1552 5730 υἱοὺς
1583 5675 1688 5723 τῶν
1723 5671 1870 5724 υἱῶν.
1908 5694 1934 5720 ››
1967 5703 2034 5712 --

399 5751 744 5819 Δικαιοσύνην
781 5749 922 5826 λέγει
968 5755 1063 5820 την
1118 5750 1353 5826 ἀμοιϐὴν
1409 5761 1514 5809 τῶν
1569 5758 2032 5832 κατορθωμάτων,

1634 432 2055 497 NICEPHORI
2099 431 2535 495 BLEMMIDE

1555 563 1874 638 ἐνθυμήσεις
1933 563 2022 618 καὶ
2053 565 2106 631 Α
2136 562 2170 630 ἢ
2201 567 2444 626 καὶτοὺς
2476 566 2606 620 κατὸ
2638 566 2708 638 (7)
2753 561 2995 635 διηνεκὲς
3041 563 3346 642 ἀπογόνους
3395 563 3612 624 ἔσεσθαί
3663 586 3792 644 φησι

3641 431 3790 497 1556

2139 654 2247 704 τῶν
2298 650 2676 728 φυλασσόντων
2719 654 2813 708 τὰς
2860 659 2956 708 τοῦ
2994 659 3128 709 Θεοῦ
3177 654 3422 724 ἐντολάς,
3468 656 3561 711 καὶ
3619 654 3673 709 ἐν
3722 659 3792 725 νῷ

2142 740 2476 815 στρεφόντων
2510 741 2691 812 αύτάς,
2727 741 2861 797 ὥστε
2907 743 3138 818 ἐνεργεῖν
3180 745 3269 798 καὶ
3308 744 3593 820 πληροῦν.
3633 745 3790 798 Ἀπο-

2142 827 2336 902 γόνους
2401 827 2457 884 δὲ
2521 829 2768 900 νοητέον,
2820 831 2925 887 εἷ’τε
2980 833 3270 908 σαρκικοὺς
3321 833 3427 888 εἴτε
3493 853 3791 905 πνευματι-

2141 917 2292 989 κοῦς,
2330 917 2456 980 τοὺς
2487 920 2585 987 τήν
2617 919 2752 994 πρὸς
2802 920 2927 982 τοὺς
2972 922 3273 997 προγόνους
3320 923 3665 998 γνησῖότητα
3713 920 3792 976 διὰ

2140 1011 2236 1060 τοῦ
2265 1007 2472 1079 τρόπου
2503 1007 2945 1080 ἐπαληθίζοντας.

2214 1120 2242 1147 ‹‹
2276 1094 2564 1172 Εὐλογεῖτε
2591 1100 2681 1154 τὸν
2735 1099 2927 1175 Κύριον
2979 1101 3170 1162 πάντες
3221 1102 3278 1154 οἱ
3324 1098 3559 1177 ἄγγελοι
3613 1100 3793 1173 αὐτοῦ,

2144 1181 2358 1240 δυνατοὶ
2412 1186 2582 1262 ἰσχύϊ.
2636 1211 2664 1239 ››
2708 1221 2777 1231 —-
2830 1188 3095 1250 Δυνατοὺς
3145 1188 3193 1243 ἐν
3246 1189 3402 1265 ἴσχύῖ
3451 1190 3611 1264 λέγει
3675 1191 3792 1251 τοῦς

2145 1273 2380 1335 ἀσθενεῖς
2392 1318 2403 1329 .

2213 1387 2242 1413 ‹‹
2278 1368 2562 1426 Ποιοῦντες
2602 1365 2691 1419 τὸν
2748 1364 2909 1442 λόγον
2959 1365 3142 1424 αὐτοῦ.
3179 1391 3207 1418 ››
3239 1401 3304 1411 -—
3335 1369 3399 1423 Οἱ
3447 1368 3795 1443 πληροῦντες

2142 1458 2243 1506 πᾶν
2311 1452 2634 1528 πρόσταγμα
2697 1454 2860 1509 αὐτοῦ
2905 1456 3016 1529 ἅμα
3059 1456 3138 1526 τῷ
3185 1456 3413 1512 ἀκοῦσαι
3462 1457 3797 1534 ἀγγελοπρε·

2143 1545 2259 1602 πῶς
2316 1549 2418 1611 τῆς
2485 1550 2669 1620 φωνῆς
2741 1548 2846 1598 τῶν
2913 1545 3049 1599 κατά
3127 1545 3290 1620 μέρος
3355 1547 3794 1622 προσταγμάτων

2143 1629 2335 1688 αὑτοῦ.

2218 1743 2245 1770 ‹‹
2277 1718 2570 1794 Εὐλογεῖτε
2613 1722 2705 1775 τὸν
2752 1720 2946 1796 Κύριον
2993 1728 3158 1776 πᾶσαι
3199 1724 3254 1776 αἱ
3301 1720 3564 1796 δυνάμεις
3607 1723 3795 1795 αὐτοῦ,

2145 1803 2448 1884 λειτουργοὶ
2493 1809 2658 1863 αὐτοῦ
2709 1815 2988 1872 ποιοῦντες
3038 1812 3097 1865 τὸ
3149 1810 3366 1884 θέλημα
3417 1812 3614 1869 αὐτοῦ.
3654 1836 3684 1864 κ
3733 1846 3794 1855 -

2143 1895 2325 1950 Εἰπὼν
2371 1898 2496 1959 τοὺς
2548 1897 2829 1974 ἀγγέλους,
2862 1896 3012 1972 λέγει
3061 1899 3148 1953 καί
3188 1900 3284 1962 τὰς
3337 1897 3516 1963 ἄλλας
3571 1899 3796 1976 πράξεις

2143 1989 2252 2039 τῶν
2277 1985 2578 2058 ἀσωμάτων
2621 1983 2917 2060 δυνάμεων.

2224 2096 2244 2122 α
2281 2075 2365 2128 Ἐν
2412 2076 2569 2129 παντὶ
2633 2075 2787 2148 τόπῳ
2838 2083 2939 2146 τῆς
3005 2073 3313 2138 δεσποτείας
3364 2075 3555 2133 αὐτοῦ.
3608 2109 3682 2122 -—
3741 2078 3800 2133 ΕΞ

2145 2164 2356 2218 πάντων
2409 2161 2653 2233 δεσπόζει
2701 2166 2728 2219 6
2768 2163 2983 2240 Κύριος,
3033 2167 3122 2219 καὶ
3170 2172 3273 2227 πᾶς
3329 2166 3505 2227 τόπος
3559 2173 3669 2236 τῆς
3722 2164 3802 2221 δε-

2147 2252 2396 2314 σποτείας
2450 2252 2632 2310 αὐτοῦ.
2683 2253 2747 2308 Εἰ
2808 2251 2854 2307 δ’
2904 2252 2954 2308 ἐν
3007 2254 3163 2309 παντὶ
3227 2255 3382 2328 τόπῳ
3427 2253 3805 2328 διδασκόμεθα

2143 2342 2234 2396 τὸν
2268 2342 2462 2417 Κύριον
2493 2341 2755 2418 εὐλογεῖν,
2789 2340 2957 2412 δῆλον
3002 2344 3078 2406 ὡς
3125 2344 3178 2398 οἱ
3229 2345 3304 2416 μὴ
3360 2342 3657 2416 δυνάμενοι
3705 2349 3800 2414 τήν

2146 2427 2292 2502 ᾠδὴν
2344 2429 2543 2505 Κυρίου
2606 2427 2749 2501 ᾅδειν
2818 2430 2905 2486 ἐπὶ
2962 2439 3062 2507 γῆς
3126 2431 3426 2509 ἀλλοτρίας
3501 2428 3800 2488 ἐκϐάλλον-

2144 2540 2252 2575 ται.

2743 2633 3035 2683 ΨΔΛΜΟΣ
3078 2633 3155 2683 ΡΓ
3176 2671 3189 2682 .

2219 2758 2246 2784 ‹‹
2281 2732 2514 2806 Ψαλμὸς
2570 2737 2648 2805 τῷ
2699 2731 2862 2788 Δαυῒδ
2926 2734 3057 2811 ὑπὲρ
3121 2741 3220 2803 τῆς
3300 2739 3400 2790 τοῦ
3475 2735 3713 2808 κόσμου.
3767 2762 3790 2788 n

2147 2856 2216 2867 ....
2261 2824 2316 2876 το
2372 2822 2479 2897 πρὸ
2536 2821 2731 2877 τούτου
2813 2824 2904 2894 μὲν
2984 2823 3406 2899 εὐχαριστήριος
3464 2829 3552 2896 τῷ
3611 2825 3784 2901 κυρίῳ

2143 2909 2300 2967 ἕνεκα
2325 2915 2432 2965 τῶν
2473 2910 2548 2971 εἷς
2594 2913 2743 2983 ἡμᾶς
2792 2913 2906 2965 καθ’
2936 2911 3163 2981 ἑκάστην
3215 2910 3534 2986 γινομένων
3593 2914 3779 2987 εὐεργε-

2148 3005 2300 3054 σιῶνο
2344 2999 2498 3060 οὗτος
2549 2997 2606 3053 δὲ
2647 2996 2799 3055 ἕνεκα
2843 3004 2948 3053 τῶν
2997 3001 3304 3074 κτισμάτων
3359 3000 3535 3056 αὐτοῦ
3592 2998 3776 3071 δοξάζει

2145 3090 2236 3144 τὸν
2269 3087 2397 3144 Θεόν

2222 3201 2250 3230 ‹‹
2281 3175 2532 3252 Εύλόγει,
2565 3179 2599 3246 ἡ
2648 3179 2799 3254 ψυχή
2855 3198 2979 3249 μου,
3013 3177 3100 3232 τὸν
3151 3175 3377 3251 Κύριον,
3411 3176 3586 3254 Κύριε
3613 3179 3643 3233 ὁ
3673 3177 3789 3238 Θεός

2151 3289 2275 3339 μου,
2327 3264 2697 3341 ἐμεγαλύνθης
2756 3263 2979 3343 σφόδρα.
3037 3290 3058 3316 ι
3115 3265 3290 3341 Μέγας
3342 3263 3468 3320 λίαν
3521 3267 3794 3342 ἐγνώσθης

2143 3358 2280 3429 ἡμῖν
2326 3356 2430 3409 ἀπὸ
2472 3355 2572 3422 τῆς
2625 3353 3021 3430 μεγαλουργίας
3063 3355 3151 3408 καὶ
3207 3355 3474 3429 προνοίας
3525 3361 3636 3412 τῶν
3690 3377 3794 3411 κτι-

2142 3443 2378 3518 σμάτων.

2215 3557 2242 3584 ‹‹
2273 3530 2701 3606 Ἐξομολόγησιν
2750 3532 2839 3585 καὶ
2884 3530 3200 3607 εὐπρέπειαν
3235 3529 3496 3589 ἐνεδύσω.
3537 3558 3566 3585 ιι
3598 3567 3669 3576 -
3701 3534 3796 3590 Εὖ·

2142 3621 2421 3699 χαριστίαν
2471 3620 2560 3674 καὶ
2613 3619 3127 3696 μεγαλοπρέπουσαν
3169 3622 3337 3693 τιμὴν
3389 3623 3655 3692 περιέθου
3710 3624 3790 3678 σὺν

2141 3733 2241 3783 τῳ,
2272 3712 2334 3765 τὸ
2394 3710 2489 3783 μὲν
2551 3707 2634 3765 ὅτι
2683 3706 2752 3764 δι’
2801 3711 2951 3782 ἡμᾶς
2996 3709 3086 3765 τὸν
3120 3709 3325 3782 κόσμον
3358 3715 3712 3789 παρήγαγες,
3739 3715 3792 3767 τὸ

2146 3797 2193 3855 δ’
2217 3798 2304 3854 ὅτι
2359 3802 2604 3853 τοιοῦτον
2653 3794 2811 3873 ἔργον
2863 3796 3095 3874 εἰργάσω
3151 3797 3291 3873 μέγα
3337 3799 3430 3853 καὶ
3465 3801 3788 3874 θαυμαστόν.

2216 3911 2245 3938 ‹‹
2277 3882 2745 3961 ’Δναϐαλλόμενος
2797 3891 2910 3963 φῶς
2961 3887 3034 3949 ὡς
3079 3887 3317 3959 ἱμάτιον.
3353 3912 3384 3938 ››
3427 3922 3498 3930 —
3551 3888 3788 3944 Διδάσκει

2145 3974 2235 4032 διὰ
2279 3975 2484 4031 τούτων
2531 3975 2605 4037 ὡς
2654 3978 2688 4045 ἡ
2740 3976 2855 4030 θεία
2896 3975 3054 4053 φύσις
3104 3974 3502 4051 ὑπέρλαμπρος
3553 3979 3644 4033 καί
3691 3983 3785 4031 τῶν

2145 4065 2289 4122 ὅλων
2340 4063 2455 4142 ἔχει
2504 4065 2603 4134 τὴν
2648 4069 2869 4140 γνῶσιν,
2899 4064 2990 4120 καὶ
3021 4063 3104 4119 ὅτι
3137 4063 3370 4140 ἀόρατος
3424 4065 3663 4143 ὑπάρχει
3706 4066 3785 4120 καὶ

2143 4155 2542 4225 ἀκατάληπτος.

2217 4269 2243 4293 ‹‹
2280 4242 2562 4298 Ἐκτείνων
2605 4241 2699 4296 τὸν
2747 4241 2972 4316 οὐρανὸν
3019 4241 3148 4296 ὡσεὶ
3193 4238 3395 4318 δέρῥιν.
3441 4266 3469 4295 n
3507 4276 3578 4288 —
3615 4243 3787 4303 Οὕτως

2144 4331 2404 4409 εὐχερῶς,
2437 4332 2511 4393 ὡς
2544 4330 2763 4386 ἐκτείνει
2793 4351 2875 4392 τις
2909 4328 3102 4406 δέρμα.

2217 4423 2334 4474 «Ὀ
2406 4421 2673 4494 στεγάζων
2735 4419 2787 4475 ἐν
2864 4417 3014 4475 ὕδατι
3091 4421 3158 4474 τὰ
3235 4421 3455 4495 ὑπερῷα
3530 4422 3716 4478 αὐτοῦ.
3765 4448 3786 4470 ι»

2143 4543 2212 4552 --
2237 4509 2311 4563 Τά
2343 4506 2529 4583 ὑψηλά
2558 4507 2742 4580 αὐτοῦ,
2775 4505 2899 4576 ἤτοι
2931 4508 2993 4563 τὸ
3025 4508 3324 4582 στερέωμα.

2216 4623 2243 4650 ‹‹
2273 4603 2326 4651 Ὁ
2357 4597 2524 4661 τιθεὶς
2553 4598 2697 4675 νέφει
2736 4597 2834 4665 τήν
2883 4591 3125 4652 ἐπίϐασιν
3175 4597 3364 4654 αὐτοῦ.
3400 4624 3428 4648 ››
3462 4631 3535 4641 -
3577 4601 3637 4658 Ὁ
3685 4600 3792 4654 ἐπι-

2065 4666 2111 4729 Ῐ)
2143 4682 2340 4742 ϐαίνων
2416 4686 2627 4764 νέφους,
2677 4686 2752 4747 ὡς
2803 4686 2890 4741 ἐπὶ
2941 4689 3039 4740 τοῦ
3098 4692 3251 4756 Σινᾶ,
3309 4686 3400 4740 καὶ
3461 4685 3556 4742 διά
3603 4688 3794 4743 τούτου

2145 4774 2290 4832 δὲτὸ
2327 4775 2554 4851 ἀόρατον
2601 4782 2699 4844 τῆς
2750 4773 2892 4836 θείας
2945 4771 3223 4844 ὑποδηλοῖ
3263 4775 3473 4853 φύσεως
3525 4778 3618 4831 καὶ
3668 4781 3790 4831 ἀκα-

2142 4863 2443 4937 τάληπτον.

2215 4980 2243 5008 ‹‹
2273 4959 2328 5008 Ὀ
2391 4956 2701 5030 περιπατῶν
2770 4951 2856 5006 ἐπὶ
2901 4951 3180 5029 πτερύγων
3233 4953 3465 5026 ἀνέμων.
3532 4979 3555 5006 ι
3621 4987 3693 4997 -
3745 4955 3794 5005 Ὀ

2143 5049 2261 5106 ταῖς
2309 5041 2524 5119 πτέρυξι
2571 5045 2678 5096 τῶν
2721 5040 2932 5114 ἀνέμων
2995 5039 3393 5117 ἐποχούμενος.
3439 5042 3542 5098 Διά
3603 5043 3793 5098 τούτου

2145 5130 2202 5188 δὲ
2227 5133 2291 5188 τὸ
2321 5134 2602 5205 πανταχοῦ
2632 5135 2878 5204 παρεῖναι
2908 5129 2999 5184 τὸν
3033 5129 3161 5184 Θεὸν
3197 5130 3365 5201 ὑπεσή
3377 5152 3572 5203 μηνεν.

2216 5222 2327 5275 «Ὁ
2382 5223 2554 5273 ποιῶν
2611 5217 2739 5279 τοὺς
2799 5215 3070 5292 ἀγγέλους
3127 5218 3295 5275 αὐτοῦ
3348 5219 3651 5293 πνεύματα,
3712 5221 3794 5274 καὶ

2141 5309 2267 5371 τους
2319 5306 2670 5383 λειτουργοὺς
2717 5306 2882 5361 αὐτοῦ
2932 5311 3039 5382 πῦρ
3090 5307 3313 5385 φλέγον.
3370 5336 3392 5362 ι
3430 5343 3498 5352 —-
3540 5311 3640 5365 Καὶ
3701 5317 3792 5378 τῆς

2143 5399 2375 5473 ἀοράτου
2405 5395 2630 5456 κτίσεως
2674 5395 2913 5463 ποιητὴν
2962 5395 3218 5471 κηρύττει
3260 5397 3351 5452 τὸν
3400 5397 3546 5454 Θεόν·
3597 5397 3687 5453 διὰ
3741 5395 3792 5452 ‘3‘:

2140 5493 2238 5542 τοῦ
2268 5486 2569 5558 πνεύματος
2596 5485 2657 5538 τὸ
2693 5483 3004 5554 ὀξυκίνητον
3054 5488 3162 5538 τῶν
3225 5484 3469 5561 ἀγγέλων
3520 5484 3788 5557 ἐδήλωσε,

2145 5574 2233 5632 διὰ
2259 5581 2356 5631 τοῦ
2387 5576 2555 5648 πυρὸς
2593 5571 2758 5628 πάλιν
2813 5572 2876 5627 τὸ
2930 5569 3215 5648 δραστικὸν
3263 5575 3352 5629 καὶ
3399 5574 3786 5652 ἐνεργέστατον.

2223 5690 2247 5720 ιι
2279 5667 2335 5718 Ὁ
2369 5663 2636 5736 θεμελιῶν
2665 5663 2764 5729 τήν
2809 5669 2912 5734 γῆν
2975 5661 3060 5716 ἐπὶ
3118 5664 3217 5730 την
3276 5664 3566 5741 ἀσφάλειαν
3627 5664 3786 5732 αὐτῆς

2146 5755 2205 5809 ου
2263 5754 2574 5822 κλιθήσεται
2637 5751 2712 5812 εἷς
2770 5752 2861 5804 τὸν
2901 5749 3090 5804 αἰῶνα
3139 5756 3237 5805 τοῦ
3288 5752 3502 5814 αἶῶνος.
3541 5779 3570 5805 ››
3601 5788 3668 5797 -
3717 5753 3784 5805 0'3
