3998 6428
203 394 362 493 ιββτ

1417 397 1835 498 Exposmo
1877 396 1957 469 IN
1998 392 2390 463 PSALMOS.

3449 396 3608 479 i558

202 527 662 610 περιτραπήσεταί
708 550 860 603 ποτε,
912 528 958 587 εί
996 528 1085 601 καὶ
1131 527 1536 602 σαλευθήσεται,
1568 529 1691 587 οὕτε
1736 531 1843 604 μὴν
1874 536 1929 605 Α
1959 535 2105 585 σῖτον
2166 528 2330 607 ἄρτου
2386 526 2695 602 ποιητικὸν,
2754 523 2843 584 καὶ
2900 518 3065 585 πάλιν
3123 525 3419 591 ἀσυνδέτως
3470 527 3608 587 ὥστε

199 616 304 687 τῆς
334 616 471 674 κατᾶ
494 618 557 674 τὸ
578 614 743 692 μέσον
775 619 963 697 χώρας
994 621 1428 691 μετατεθήσεται.

277 747 309 777 ‹‹
339 719 610 789 Ἀϐυσσος
662 726 736 788 ὡς
787 725 1002 800 ἱμάτιον
1059 727 1123 782 τὸ
1176 722 1526 802 περιϐόλαιον
1587 725 1776 795 αὐτῆς.
1819 749 1848 778 n

199 843 276 858 —
302 812 525 884 Πλῆθος
556 811 760 870 ὑδάτων
804 816 985 891 ὥσπερ
1034 812 1257 889 ἔνδυμα,
1307 817 1343 885 ἡ
1383 809 1654 893 περιϐολὴ
1686 814 1849 870 αὐτοῦ

194 905 302 973 ,τοῦ
333 902 630 981 στοιχείου,
659 901 831 978 ἤγουν
877 904 978 974 τῆς
1025 911 1149 981 γῆς’
1202 905 1230 959 ὁ
1261 905 1365 979 γὰρ
1418 903 1652 966 ὠκεανὸς
1698 901 1849 978 περί-

198 990 375 1071 κειται
431 991 769 1069 πανταχόθεν
817 992 953 1068 αὐτῇ
982 1039 998 1066 ,
1055 992 1146 1048 καὶ
1224 991 1405 1068 ὥσπερ
1461 988 1624 1061 νῆσος
1680 990 1847 1047 ἔνεστι

198 1078 583 1157 πῶφὴῆ·

276 1193 308 1222 α
350 1169 473 1226 Ἐπὶ
527 1174 635 1239 τῶν
691 1172 860 1247 ὀρέων
911 1173 1161 1242 στήσεται
1216 1167 1401 1228 ὕδατα.
1461 1195 1488 1222 υ
1556 1202 1626 1212 --
1682 1169 1846 1241 Δίκην

199 1261 310 1314 τῶν
369 1259 576 1334 βουνῶν
633 1258 931 1331 ἀνάστησον
984 1254 1085 1329 τῆς
1144 1258 1418 1330 θαλάσσης
1477 1257 1690 1332 κύματα
1724 1278 1847 1333 μετ-

204 1347 562 1424 εωριζόμενα.

278 1455 304 1486 α
337 1430 477 1493 Ἀπὸ
525 1435 894 1512 ἐπιτιμήσεώς
967 1458 1064 1493 σου
1120 1436 1396 1516 φεύξονται
1427 1481 1441 1494 .
1493 1462 1523 1491 »
1584 1470 1653 1480 —
1711 1437 1847 1493 Ἀπὸ

199 1525 303 1594 τῆς
351 1531 452 1597 σῆς
500 1523 735 1605 σφοδρᾶς
778 1526 1077 1609 κελεύσεως
1122 1527 1198 1590 εἰς
1243 1526 1485 1582 τούπίσω
1539 1528 1846 1603 τραπήσον-

199 1633 314 1672 ται.

273 1726 304 1755 «ι
337 1702 473 1761 Ἀπὸ
529 1711 715 1782 φωνῆς
760 1705 992 1782 βροντῆς
1050 1727 1146 1761 σου
1202 1702 1552 1762 δειλιάσουσι.
1605 1728 1636 1757 ››
1662 1736 1730 1748 -—
1774 1704 1845 1759 Τὸ

198 1790 440 1849 αἰτιατὸν
489 1792 632 1850 εἶπεν
690 1793 807 1850 ἀντὶ
881 1799 981 1851 τοῦ
1035 1794 1211 1851 αἰτίου
1244 1814 1258 1827 ·
1318 1794 1378 1850 ἐκ
1430 1794 1535 1871 γὰρ
1590 1797 1687 1850 τοῦ
1741 1794 1841 1863 τὴν

1956 615 2239 696 φαιδρῦναι
2291 618 2582 696 πρόσωπον
2635 617 2921 694 ἀνθρώπου
2970 616 3021 673 ἐν
3074 616 3280 692 ἐλαίῳ·
3330 619 3490 675 τοῦτο
3549 616 3609 676 δὶ

1955 707 2091 762 κατὰ
2143 715 2342 785 χρῆσιν
2403 707 2654 785 ἀρχαίαψ
2717 707 2937 772 εἰώθασι
2996 708 3100 783 γὰρ
3158 709 3210 762 οἱ
3260 706 3488 763 παλαιοὶ
3515 709 3607 764 καὶ

1954 796 2053 865 τὴν
2112 796 2351 876 κεφαλὴν
2400 796 2490 851 καὶ
2538 796 2602 851 τὸ
2650 794 2939 871 πρόσωπον
2990 794 3230 874 ἀλείφειν
3275 795 3466 870 ἐλαίῳ.
3502 796 3605 855 Καὶ

1957 886 1986 941 ὁ
2018 887 2165 948 οἶνος
2198 882 2276 953 δὲ,
2309 886 2492 964 φησὶν,
2541 883 2601 940 ἐκ
2642 892 2744 962 γῆς
2795 881 2894 953 ὣν,
2946 883 3220 962 εὐφραίνει
3266 883 3486 962 καρδίαν
3510 888 3608 943 ἀν-

1956 975 2198 1050 θρώπου,
2228 974 2316 1029 καὶ
2348 974 2376 1029 ὁ
2426 971 2586 1049 ἄρτος
2631 972 2692 1029 ἐκ
2736 979 2838 1050 γῆς
2888 970 2961 1027 ὢν
3012 971 3217 1047 δυαμοῖ
3252 974 3351 1043 τὴν
3380 979 3477 1030 τοῦ
3511 975 3603 1030 ἀν-

1956 1064 2178 1139 θρώπου
2206 1060 2452 1140 καρδίαν.

2027 1193 2057 1221 ‹‹
2087 1171 2552 1245 Χορτασθήσονται
2596 1170 2665 1225 τὰ
2711 1166 2848 1241 ξύλα
2892 1172 2989 1224 τοῦ
3036 1166 3250 1225 πεδίου.
3299 1192 3329 1222 ››
3358 1201 3429 1213 —-
3473 1170 3604 1248 Ἀρ-

1957 1256 2103 1322 δείας
2147 1257 2556 1330 πλησθήσονται
2597 1257 2771 1314 πάντα
2811 1258 2880 1314 τὰ
2926 1258 3067 1336 φυτά
3112 1258 3203 1313 καὶ
3269 1256 3462 1334 δένδρα
3499 1265 3605 1329 τῆς

2032 1368 2080 1412 ς.

1954 1368 2157 1492 “TN.
2204 1433 2385 1512 κέδροι
2432 1441 2530 1492 τοῦ
2574 1430 2831 1509 Λιϐάνου,
2877 1435 2937 1500 ἃς
2987 1436 3295 1515 ἐφύτευσας.
3330 1461 3359 1490 ››
3389 1470 3459 1481 —-
3504 1437 3604 1495 Διὰ

1951 1530 2054 1599 τοῦ
2083 1520 2320 1582 Λιϐάνου
2352 1525 2440 1582 καὶ
2470 1530 2580 1581 τῶν
2609 1524 2661 1581 ἐν
2711 1525 2856 1598 αύτῷ
2902 1523 3135 1602 δένδρων
3184 1528 3274 1582 καὶ
3320 1527 3388 1585 τὰ
3433 1520 3604 1586 λοιπά

1955 1610 2262 1687 δεδήλωκεν
2294 1610 2395 1692 ὅρη
2431 1615 2521 1671 καὶ
2553 1612 2762 1693 δένδρα.
2808 1616 2878 1671 Τὸ
2926 1614 3212 1692 ἐφύτευσας
3260 1613 3319 1672 δὲ
3358 1616 3475 1671 ἀντὶ
3502 1620 3599 1671 τοῦ

1953 1702 2152 1774 ἀνῆκας
2181 1705 2582 1782 προστάγματι.

2027 1816 2057 1845 ‹‹
2088 1794 2233 1849 Ἐκεῖ
2279 1792 2536 1871 στρουθία
2582 1792 3000 1850 ἐννοσσεύσουσι.
3051 1816 3080 1846 ››
3122 1825 3193 1838 --
3220 1795 3306 1850 Ἐν
3351 1798 3473 1858 τοῖς
3502 1815 3599 1874 φυ-

198 1882 386 1960 φωνὴν
444 1880 570 1952 ἤτοι
624 1883 717 1941 τὸν
774 1882 948 1963 ψόφον
1005 1890 1107 1954 τῆς
1178 1878 1412 1957 βροντῆς
1487 1881 1603 1954 θείᾳ
1667 1879 1841 1937 νεύσει
1874 1910 1922 1979 Β
1950 1885 2066 1945 τοῖς
2098 1878 2364 1959 δένδροις,
2397 1882 2449 1938 ἐν
2474 1888 2594 1945 ταῖς
2624 1881 2878 1989 νκέδροις
2913 1879 3002 1937 διὰ
3048 1879 3107 1938 δὲ
3151 1887 3257 1938 τῶν
3300 1883 3596 1961 στρουθίων

194 1972 481 2045 ποιοῦντος
532 1970 843 2045 πνεύματος
887 1972 1075 2028 καὶτᾶ
1118 1969 1286 2028 ὕδατα
1311 1971 1499 2048 τρέμει
1538 1969 1628 2026 καὶ
1658 1969 1845 2047 στερεὰ

194 2056 285 2113 καὶ
344 2058 596 2133 σώματος
666 2058 941 2124 πολλάκις
1022 2058 1285 2117 διίσταται
1338 2064 1437 2116 τοῦ
1505 2056 1846 2131 δηλωθέντος

194 2144 500 2221 πνεύματος
527 2148 930 2227 προσπίπτονος
979 2148 1186 2212 αὑτοῖς.
1234 2149 1333 2205 Τὸν
1380 2148 1587 2225 τρόμον
1637 2145 1697 2204 δὲ
1734 2152 1844 2203 τῶν

197 2232 404 2315 ὑδάτων
432 2234 639 2294 δειλίαν
665 2237 939 2296 ἐκάλεσεν.

273 2346 304 2377 α
361 2321 767 2384 Ἀναϐαίνουσιν
840 2322 943 2404 ὅρη
980 2373 996 2399 ,
1071 2327 1161 2383 καὶ
1233 2321 1611 2384 καταϐαίνουσι
1690 2324 1847 2383 πεδία

200 2411 279 2476 εἷς
333 2414 426 2490 ⁸ιςὸν
474 2414 651 2489 ⁴τόπον
705 2417 762 2472 ’ὀν
822 2415 1184 2491 ἐθεμελίωσας
1231 2416 1384 2475 αύτά.
1416 2440 1446 2470 »
1494 2448 1565 2460 -—
1594 2411 1845 2479 Ἀναϐαί-

198 2521 347 2573 νουσι
402 2502 469 2569 τᾷ
518 2501 685 2581 ὕδατα
740 2505 815 2568 ὡς
872 2506 1021 2582 ὁρμῇ
1080 2505 1377 2580 ὑψούμενα,
1435 2504 1526 2560 καὶ
1588 2499 1846 2561 καταϐαί-

202 2610 384 2665 νουσιν
409 2591 484 2658 ὡς
513 2591 673 2659 πεδία
692 2593 1109 2669 ταπεινούμενα,
1130 2594 1205 2657 εἰς
1226 2594 1319 2649 τὸν
1339 2593 1503 2649 τόπον
1528 2594 1585 2649 ὃν
1606 2591 1847 2671 ἤδρασας

201 2677 386 2757 αὑτοῖς
420 2726 437 2752 ,
493 2678 621 2755 ήτοι
699 2682 751 2739 ἐν
823 2688 943 2755 ταῖς
1016 2682 1413 2762 ἀφορισθείσαις
1482 2686 1551 2758 τῇ
1607 2681 1846 2756 θαλάσσῃ

198 2768 486 2848 κοιλότησι
517 2778 617 2842 τῆς
648 2779 776 2847 γῆς·

275 2879 301 2929 ᾳ
334 2860 522 2936 Ὅριον
578 2859 702 2935 ἔθου
751 2861 781 2917 ’ὁ
829 2860 893 2917 οὗ
936 2859 1325 2937 ¹παρελεύσεται
1360 2904 1375 2931 ,
1430 2857 1556 2916 οὐδὲ
1601 2859 1845 2937 ἐπιστρέ-

201 2966 360 3026 φουσι
416 2945 655 3023 καλύψαι
700 2950 800 3019 τὴν
845 2956 972 3025 γῆν.
1005 2972 1035 3002 ››
1068 2981 1136 2993 -—
1163 2949 1234 3004 Τὸ
1280 2949 1383 3023 γὰρ
1438 2948 1712 3025 ὀροθέσιον
1745 2954 1843 3018 τῆς

199 3034 478 3111 θαλάσσης
533 3037 597 3093 οὐ
652 3037 1075 3113 παρελεύσονται
1129 3040 1198 3107 τά
1248 3035 1417 3094 ὕδατα
1466 3038 1691 3108 ταύτης,
1733 3034 1846 3092 οὐδ’

194 3123 708 3204 ἐπιστραφήσονται,
741 3125 860 3199 ὅθεν
916 3127 1034 3182 κατ’
1064 3127 1241 3203 ἀρχὰς
1272 3127 1658 3203 ὑπεχώρησαν,
1708 3121 1845 3182 ὥστε

196 3212 361 3287 πάλιν
388 3210 631 3290 καλύψαι
659 3216 758 3286 τὴν
794 3222 918 3291 γῆν,
966 3216 1106 3281 καθὰ
1144 3214 1346 3286 ταύτην
1390 3214 1689 3271 ἐκάλυπτον
1735 3215 1842 3292 πρὸ

188 3305 291 3377 ,τοῦ
320 3304 651 3380 συναχθῆναι
681 3303 759 3368 εἰς
787 3304 883 3367 τὰς
914 3302 1225 3383 συναγωγὰς
1268 3303 1441 3359 αὐτῶν
1490 3303 1581 3359 καὶ
1612 3303 1841 3382 ὀφθῆναι

194 3390 294 3461 τὴν
325 3391 512 3466 ξηράν.

268 3504 298 3534 α
325 3485 581 3554 Ποτιοῦσι
637 3483 811 3549 πάντα
863 3481 931 3539 τὰ
981 3481 1146 3557 θηρία
1197 3486 1294 3537 τοῦ
1350 3481 1551 3558 ἀγροῦ’
1612 3479 1841 3559 προσδέ-

196 3568 372 3640 ξονται
401 3564 617 3647 ὅναγροι
645 3571 722 3639 εἷς
748 3568 909 3647 δίψαν
933 3570 1131 3639 αὐτῶν.
1167 3595 1195 3623 ››
1226 3602 1297 3613 ο-ο
1333 3565 1757 3647 Προσλάϐωνται
1789 3571 1842 3627 οἱ

197 3656 416 3737 δναγροι
463 3660 532 3716 τὰ
577 3656 763 3730 ὕδατα,
812 3658 936 3716 ὅταν
992 3657 1210 3736 διψῶσι.
1263 3657 1503 3734 Διψῶδες
1554 3657 1611 3714 δὲ
1642 3663 1778 3730 ζῶον
1812 3660 1840 3714 ὁ

193 3736 391 3827 ὄναγρο
399 3769 443 3821 ς,
476 3749 552 3812 ὡς
578 3736 901 3827 κατάξηρον.
1334 3742 1337 3745 ’

260 3856 296 3913 ιιι
325 3834 442 3892 Ἐπ’
466 3835 602 3905 αύτά
627 3839 697 3893 τά
725 3838 943 3894 πετεινὰ
967 3841 1066 3909 τοῦ
1095 3838 1325 3912 ούρανοῦ
1354 3838 1779 3908 κατασκηνώσει.
1809 3861 1837 3889 ››

193 3958 261 3969 —-
289 3926 402 3995 Ἐπ’
448 3923 583 3982 αὐτὰ
624 3926 690 3982 τὰ
735 3923 923 3999 ὕδατα,
971 3927 1215 3983 τουτέστι
1272 3926 1418 4003 παρὰ
1468 3930 1586 3987 ταῖς
1644 3919 1838 4001 ὄχθαις

202 4013 398 4088 αὐτῶν,
428 4016 497 4071 τὰ
525 4012 762 4097 φίλυδρα
789 4016 1057 4087 σκηνώσει
1083 4020 1191 4072 τῶν
1220 4014 1443 4097 ὀρνέων.

264 4146 294 4174 ‹‹
326 4122 421 4178 Ἐκ
451 4121 617 4196 μέσου
662 4126 771 4180 τῶν
820 4126 1031 4199 πετρῶν
1077 4120 1310 4179 δώσουσι
1358 4126 1565 4203 φωνήν.
1610 4147 1638 4176 ››
1666 4155 1737 4166 —
1764 4122 1838 4177 Τὰ

192 4206 361 4285 ίξδατα
407 4208 668 4284 δηλονότι
718 4212 852 4287 μετά
898 4210 1077 4289 ῥύμης
1135 4210 1225 4267 καὶ
1270 4208 1420 4289 ἤχου
1465 4216 1574 4268 τῶν
1624 4215 1833 4288 πετρῶν

191 4294 539 4379 ἐξερχόμενα.

196 4380 199 4385 ’
266 4412 288 4440 ι
315 4389 561 4459 Ποτίζων
622 4384 723 4466 ὅρη
782 4388 842 4445 ἐκ
894 4393 1003 4445 τῶν
1064 4390 1322 4466 ὑπερῴων
1369 4388 1553 4446 αὑτοῦ.
1586 4413 1614 4440 ››
1646 4422 1713 4434 -
1741 4391 1837 4446 Ἐκ

186 4479 294 4547 τῶν
344 4475 602 4557 νεφελῶν.
639 4477 705 4532 Εἰ
754 4474 812 4532 δὲ
857 4478 925 4533 τὰ
973 4472 1075 4555 ὅρη
1124 4475 1456 4550 ποτίζονται,
1504 4478 1594 4533 καὶ
1628 4484 1767 4533 πᾶσα
1794 4481 1829 4549 ἡ

163 4571 259 4645 ,γῆ
295 4561 529 4639 δηλαδή.
566 4565 786 4645 Ἐπάγει
818 4564 876 4622 δὲ
904 4566 993 4622 καὶ
1022 4568 1120 4638 τὴν
1151 4567 1339 4645 χρείαν
1369 4570 1477 4622 τῶν
1528 4568 1715 4638 ὑετῶν,
1749 4569 1832 4625 ὅτι

1953 1969 2044 2025 καὶ
2074 1968 2252 2027 τάλλα
2282 1969 2591 2043 δεδήλωκεν
2622 1966 2801 2047 ὄρνεα.

2027 2082 2058 2112 ‹‹
2088 2065 2193 2115 Τοῦ
2224 2057 2455 2138 ἐρωδιοῦ
2482 2060 2732 2117 κατοικία
2777 2063 2989 2138 ἡγεῖται
3036 2060 3234 2117 αὑτῶν.
3270 2084 3298 2111 ››
3328 2093 3397 2103 -
3430 2061 3600 2139 Ἐρωε-

1956 2143 2074 2211 διὸς
2105 2145 2247 2231 εἶδος
2283 2148 2471 2228 ὀρνέου
2500 2150 2805 2228 πηγνύντος
2834 2150 3056 2226 πρώτου
3084 2151 3184 2219 τὴν
3217 2148 3432 2206 καλιάν.

2034 2277 2062 2310 ι
2090 2260 2225 2333 ’Όρη
2283 2256 2351 2312 τὰ
2397 2255 2585 2332 ὑψηλᾶ
2637 2261 2754 2320 τοῖς
2787 2255 3029 2336 ἐλάφοις,
3096 2255 3267 2333 πέτρα
3320 2257 3602 2333 καταφυγὴ

1952 2348 2072 2406 τοῖς
2128 2343 2606 2422 χοιρογρυλλίοις.
2646 2370 2668 2398 ι
2700 2347 2875 2401 -Τά
2935 2347 3030 2420 μὲν
3088 2345 3196 2420 ὕψη
3254 2348 3363 2401 τῶν
3432 2344 3601 2421 ὀρέων

1954 2434 2232 2511 καταφυγὴ
2280 2438 2402 2497 ταῖς
2451 2433 2673 2512 ἐλάφοις
2728 2435 2832 2490 ὑπὸ
2876 2437 2976 2504 τῆς
3026 2433 3293 2508 Προνοίας
3328 2433 3602 2511 γεγόνασι·

1955 2519 2072 2577 αἳδὲ
2098 2526 2205 2577 τῶν
2228 2528 2438 2600 πετρῶν
2468 2521 2784 2587 καταδύσεις
2814 2529 2934 2586 τοῖς
2964 2523 3228 2599 λαγωοῖς.

2028 2653 2057 2680 ‹‹
2093 2628 2349 2699 Ἐποίησε
2397 2629 2634 2701 σελήνην
2681 2631 2757 2692 εἱς
2805 2629 3050 2706 καιρούς.
3083 2652 3111 2680 )›
3162 2628 3396 2707 Καιροὺς
3448 2627 3603 2706 λέγοι

1956 2714 2016 2771 ἃν
2074 2715 2201 2780 τοὺς
2259 2725 2358 2788 τῆς
2416 2718 2647 2782 νυκτός’
2704 2719 2740 2788 ἢ
2801 2717 2885 2774 ὅτι
2942 2716 3033 2773 διὰ
3085 2719 3185 2787 τὴν
3238 2722 3347 2773 τῶν
3400 2721 3604 2795 καιρῶν

1956 2802 2306 2862 διδασκαλίαν
2336 2809 2372 2877 ἡ
2404 2804 2607 2879 σελήνη
2657 2807 2963 2884 γεγένηται·
3015 2804 3106 2862 διὰ
3147 2807 3249 2884 γὰρ
3290 2811 3400 2863 τῶν
3434 2807 3601 2878 αὐτῆς

1954 2893 2227 2969 αύξήσεων
2257 2895 2347 2951 καὶ
2380 2896 2657 2971 μειώσεων
2686 2897 2738 2952 οἱ
2772 2903 2939 2970 μῆνες
2973 2899 3315 2973 μετροῦνται,
3361 2893 3452 2952 διά
3490 2901 3595 2952 τῶν

1959 2987 2142 3057 μηνῶν
2170 2985 2199 3039 ὁ
2227 2984 2441 3059 σύμπας
2469 2984 2732 3047 ἐνιαυτός.

2027 3093 2058 3123 ‹‹
2087 3076 2142 3127 ‘0
2171 3070 2333 3143 ηλίος
2364 3072 2503 3151 ἔγνω
2530 3076 2630 3144 τὴν
2656 3072 2804 3129 δύσιν
2837 3073 3022 3130 αὑτοῦ.
3084 3106 3151 3116 -
3187 3078 3492 3150 Μεταφορι-

1953 3180 2064 3240 κῶς
2095 3175 2342 3250 ἐδήλωσε
2389 3180 2488 3249 τήν
2537 3176 2784 3257 εὔκαιρον
2831 3184 2928 3235 τοῦ
2974 3177 3141 3250 ἡλίου
3190 3178 3321 3255 ὑπὲρ
3367 3184 3469 3256 γῆν
3496 3199 3598 3236 πο-

1873 3272 1916 3340 C
1954 3264 2096 3342 ρείαν
2128 3267 2351 3340 καὶ-ὑπὸ
2379 3274 2501 3343 γῆν.

2023 3379 2055 3407 ‹‹
2084 3356 2249 3421 Ἐθου
2305 3357 2495 3421 σκότος
2530 3402 2543 3428 ,
2602 3357 2693 3413 καὶ
2737 3357 2944 3435 ἐγένετο
3000 3355 3112 3428 νύξ.
3170 3379 3192 3408 ι
3253 3388 3324 3400 --
3375 3359 3598 3434 ’Ὠρισας

1951 3442 2143 3507 σκότος
2172 3451 2481 3524 παρυφιστᾷ
2527 3446 2951 3523 ὑποχωροῦντος
2996 3450 3094 3500 τοῦ
3123 3442 3359 3515 ἡλιακοῦ
3396 3445 3599 3523 φωτὸς,

1949 3532 2039 3587 καὶ
2075 3533 2139 3588 τὸ
2162 3538 2407 3591 τοιοῦτον
2437 3535 2629 3598 σκότος
2661 3533 2881 3591 ἐκάλεσε
2902 3534 3119 3597 νύκτας.

2021 3663 2051 3692 ‹‹
2085 3639 2323 3714 Σκύμνοι
2384 3641 2687 3715 ὠρυόμενοι
2755 3646 2853 3696 τοῦ
2924 3640 3160 3717 ἁρπάσαι
3210 3638 3301 3696 καί
3368 3643 3599 3713 ζητῆσαι

1948 3728 2200 3805 παράτῷ
2228 3728 2346 3803 Θεῷ
2390 3732 2587 3807 βρῶσιν
2632 3730 2836 3793 αὐτοῖς.
2891 3755 2912 3782 ι
2964 3762 3035 3773 --
3087 3730 3185 3786 Διά
3227 3733 3388 3785 τοῦτο
3435 3726 3596 3801 δεδή-

1950 3815 2123 3873 λωκεν
2157 3817 2242 3874 ὅτι
2270 3819 2360 3873 καὶ
2387 3824 2506 3882 τοῖς
2538 3820 2751 3896 θηρίοις
2781 3822 2817 3889 ἡ
2851 3818 3087 3895 Πρόνοια
3114 3818 3344 3895 παρέχει
3386 3820 3591 3897 τροφήν

1947 3906 2017 3961 Τὸ
2048 3903 2107 3961 δὲ
2129 3909 2275 3982 παρὰ
2300 3912 2379 3980 τῷ
2410 3913 2526 3980 Θεῷ
2552 3907 2669 3963 ἀντὶ
2718 3912 2815 3963 τοῦ
2861 3907 3014 3984 ππρά
3057 3911 3155 3963 τοῦ
3206 3910 3341 3962 Θεοῦ
3382 3906 3418 3976 ἢ
3448 3908 3595 3984 παρά

1944 3998 2026 4066 τῷ
2055 4000 2170 4068 Θεῷ
2201 3993 2379 4053 οὖσαν.

2021 4106 2051 4136 ‹‹
2080 4084 2411 4161 Ἐπληρώθη
2444 4088 2478 4156 ἡ
2505 4093 2577 4162 γῆ
2627 4092 2727 4156 τῆς
2774 4083 3001 4148 κτίσεώς
3050 4104 3167 4143 σου.
3200 4106 3232 4136 »
3260 4116 3329 4126 —-
3358 4081 3591 4159 Πλήρης

1944 4171 2036 4226 καὶ
2061 4174 2097 4242 ἡ
2126 4176 2202 4248 γῆ
2227 4173 2317 4229 καὶ
2346 4176 2382 4245 ἡ
2411 4174 2652 4231 θάλασσα
2681 4179 2786 4229 σῶν
2818 4172 3150 4248 κτισμάτων.

2018 4304 2047 4331 ‹‹
2080 4281 2299 4354 Δράκων
2358 4281 2540 4350 οὗτος,
2590 4282 2649 4338 ’ὀν
2704 4275 2943 4343 ἔπλασας
2996 4277 3276 4354 ἐμπαίζειν
3330 4277 3499 4351 αὑτῷ.
3559 4300 3592 4331 ››

1944 4400 2012 4411 -
2053 4371 2326 4444 Δράκοντα
2377 4371 2440 4427 τὸ
2496 4370 2663 4440 κὴτός
2712 4391 2872 4449 φησιν
2933 4369 3008 4432 ὡς
3067 4368 3119 4424 ἐν
3175 4373 3293 4430 τοῖς
3351 4365 3589 4430 ἐναλίοις

1945 4456 2303 4534 ὑπερμέγεθες
2337 4503 2352 4528 ,
2403 4458 2583 4535 ὥσπερ
2641 4459 2693 4513 ἐν
2749 4464 2866 4521 τοῖς
2924 4456 3204 4533 χερσαίοις
3256 4456 3286 4511 ὁ
3354 4452 3586 4531 δράκων.

1940 4549 2110 4601 Τοῦτο
2142 4543 2199 4601 δὲ
2224 4548 2288 4601 τὸ
2314 4554 2502 4618 κῆτος,
2551 4547 2732 4625 φησὶν,
2784 4542 2995 4607 ἔκτισας
3020 4544 3293 4619 ἐνσκιρτᾷν
3325 4544 3378 4599 ἐν
3419 4543 3588 4616 αὐτῷ,

180 4650 277 4725 ,διὰ
315 4656 416 4725 τήν
457 4640 665 4735 τροφήν
717 4655 868 4711 οὗτοι
919 4660 1026 4713 τῶν
1078 4630 1396 4733 ἀνθρώπων,
1440 4655 1530 4711 καὶ
1576 4657 1674 4726 τὴν
1720 4660 1827 4712 τῶν
1861 4643 1909 4708 D
1940 4630 2200 4735 δηλοχεξτι
2229 4640 2309 4708 τῷ
2340 4632 2514 4735 ῧῖδατι·

190 4742 343 4812 ζώων
372 4762 431 4797 νο
439 4744 569 4816 μήν.

259 4853 289 4882 ‹‹
317 4831 454 4898 Ἀπὸ
499 4836 712 4907 καρποῦ
764 4835 873 4887 τῶν
924 4827 1097 4909 ἔργων
1157 4852 1253 4886 σου
1308 4834 1738 4908 χορτασθήσεται
1789 4835 1825 4903 ἡ

312 4942 343 4971 ››
394 4950 467 5001 -τ-
520 4920 738 4997 Καρπὸς
790 4924 898 4976 τῶν
956 4916 1128 4996 ἔργων
1184 4924 1281 4975 τοῦ
1338 4925 1472 4977 Θεοῦ
1529 4922 1582 4977 οἱ
1627 4919 1826 4996 καρποὶ

172 4998 486 5082 ,σύμπαντες
509 5028 524 5042 ο
575 5004 706 5086 ἔργα
744 5009 848 5085 γάρ
895 5005 1024 5079 ἤτοι
1069 5010 1354 5084 ποιήματα
1409 5014 1505 5064 τοῦ
1556 5014 1689 5065 Θεοῦ
1738 5009 1826 5064 καὶ

183 5097 220 5167 ἡ
248 5104 322 5174 γῆ
354 5096 443 5154 καὶ
470 5097 539 5154 τὰ
566 5096 701 5170 ξύλα
728 5098 819 5153 καὶ
846 5098 915 5153 τὰ
944 5102 1075 5169 ζῶα,
1110 5096 1226 5154 ἐπεὶ
1253 5096 1343 5153 καὶ
1373 5099 1547 5154 πάντα
1573 5099 1639 5153 τά
1679 5093 1823 5155 ὄντα.

178 5190 287 5258 Γῆν
320 5182 379 5242 δὶ
403 5183 555 5263 λέγει
583 5187 828 5258 συνήθως
858 5185 983 5250 τνὺς
1013 5185 1101 5244 ἐπὶ
1132 5193 1261 5263 γῆς.

166 5273 175 5276 ’
216 5262 280 5329 ἀ
306 5278 363 5334 '0
391 5262 759 5355 ἐξανατέλλων
807 5274 1011 5353 χόρτον
1052 5262 1170 5339 τοῖς
1215 5278 1459 5348 κτήνεσι,
1504 5276 1595 5331 καὶ
1643 5274 1823 5353 χλόην

174 5361 247 5441 τῇ
295 5359 519 5438 δουλείᾳ
567 5368 675 5420 τῶν
721 5364 1039 5439 ἀνθρώπων.
1078 5388 1107 5417 ››
1148 5397 1220 5409 --
1270 5364 1527 5422 Δουλείαν
1576 5371 1683 5421 τῶν
1732 5366 1824 5421 ἀν-

177 5452 411 5533 θρώπων
444 5453 577 5532 φησὶ
604 5453 674 5510 τὰ
696 5458 816 5517 τοῖς
845 5452 1151 5531 ἀνθρώποις
1182 5451 1506 5511 δουλεύοντα
1538 5459 1664 5524 ζῶα.

172 5538 185 5544 ’
256 5564 280 5594 ι
312 5538 720 5619 Τοῦέξαγαγεῖν
765 5542 925 5620 ἄρτον
969 5541 1030 5599 ἐκ
1070 5545 1169 5612 τῆς
1217 5550 1342 5618 γῆς.
1376 5566 1405 5595 »
1449 5576 1516 5586 —
1547 5544 1668 5599 Ἐπὶ
1704 5548 1827 5599 τοῦ·

177 5650 265 5701 το,
298 5632 451 5708 φησὶ,
483 5631 692 5702 ποτίζει
720 5632 789 5687 τὰ
837 5626 939 5706 ὅρη
989 5632 1080 5687 καὶ
1127 5632 1228 5701 τὴν
1275 5630 1452 5702 ἄλλην
1499 5639 1601 5707 γῆν
1636 5633 1663 5688 ὁ
1695 5634 1821 5697 Θεὸς

176 5710 299 5803 ἑοῖς
344 5718 541 5801 ὑετοῖς,
589 5719 728 5776 ὥστε
771 5719 831 5776 ἐκ
875 5728 975 5799 γῆς
1023 5719 1289 5800 ἐξαγαγεῖν
1339 5720 1427 5775 καὶ
1476 5716 1658 5799 ἄρτον,
1698 5719 1823 5793 ἤτοι

2009 4746 2038 4775 ιι
2072 4725 2249 4780 Πάντα
2293 4724 2429 4800 πρὸς
2489 4724 2547 4779 σὲ
2593 4721 2940 4798 προσδοκῶσι
2989 4721 3173 4779 δοῦναι
3219 4724 3316 4793 τὴν
3372 4727 3582 4805 τροφὴν

1935 4810 2119 4875 αὐτοῖς
2151 4810 2415 4890 εὔκαιρον.
2448 4836 2477 4865 »
2504 4845 2575 4856 —-
2602 4813 2690 4869 Ἐν
2717 4817 2891 4891 καιρῷ
2918 4812 3131 4888 χρείας.

2011 4941 2039 4967 α
2072 4918 2266 4981 Δόντος
2299 4940 2393 4973 σου
2435 4918 2641 4990 αὐτοῖς,
2694 4915 3044 4989 συλλέξουσιν
3069 4936 3083 4950 ·
3135 4913 3443 4989 ἀνοίξαντός
3486 4939 3584 4974 σου

1932 5007 2032 5077 τὴν
2064 5012 2225 5085 χεῖρα
2251 5007 2319 5063 τὸ.
2346 5006 2625 5079 σύμπαντα
2650 5004 3058 5077 πλήσθὴσονται
3116 5006 3517 5083 χρηστότητος.
3554 5030 3585 5061 »

1935 5129 2005 5140 -
2041 5101 2203 5173 χεῖρα
2251 5094 2401 5171 λέγει
2447 5096 2546 5164 τὴν
2596 5096 2836 5173 χορηγὸν
2896 5092 3121 5169 δύναμιν
3157 5116 3170 5129 ’
3232 5097 3588 5173 ’χρηστότητα

1936 5182 1995 5242 δὲ
2035 5186 2135 5256 τὴν
2186 5183 2510 5262 εὐεργεσίαν.
2568 5185 2640 5241 Τὸ
2679 5184 2738 5240 δὲ
2790 5184 3116 5257 ἀνοίξαντος,
3172 5183 3290 5240 ἀντί
3337 5189 3437 5242 τοῦ
3484 5206 3585 5266 φα-

1934 5275 2288 5351 νερώσαντος.

2013 5386 2035 5417 ι
2067 5362 2539 5439 Ἀποστρέψαντός
2594 5384 2689 5419 σου
2746 5362 2810 5417 τὸ
2865 5362 3157 5438 πρόσωπον
3205 5365 3585 5441 ταραχθήσον-

1935 5474 2041 5509 ται.
2078 5477 2107 5505 ››
2138 5485 2207 5496 -
2267 5452 2564 5528 Πρόσωπόν
2607 5473 2737 5530 φησι
2784 5452 2884 5522 τήν
2942 5451 3277 5524 ἐπισκοπήν’
3334 5452 3580 5528 ταραχὴν

1936 5540 1995 5599 δὲ
2021 5543 2122 5612 τήν
2155 5542 2385 5614 ἀθυμίαν
2433 5541 2524 5595 καὶ
2568 5541 2667 5609 τὴν
2721 5537 2950 5596 δειλίαν·
3008 5540 3134 5596 ὅταν
3177 5542 3281 5618 γὰρ
3324 5539 3359 5611 ἢ
3410 5542 3583 5615 θυμοῦ

1939 5632 2201 5709 βρασμὸς,
2234 5630 2269 5699 ἢ
2300 5626 2513 5685 κλύδων
2574 5630 2824 5704 ἀθυμίας,
2874 5630 2909 5700 ἢ
2953 5629 3148 5692 κλόνος
3196 5623 3366 5708 φόϐου
3402 5650 3462 5684 τε
3490 5628 3580 5705 καί

1937 5719 2164 5794 δειλίας,
2214 5719 2249 5790 ἢ
2298 5717 2559 5796 τρικυμία
2606 5717 2889 5796 λογισμῶν
2935 5716 3270 5796 ἀνεδράστων
3329 5716 3419 5771 καὶ
3471 5717 3578 5792 άμ-
