3998 6426
457 413 616 477 i559
1707 416 2129 481 NICEPHORI
2172 416 2614 480 BLEMMIDE
3620 430 3726 493 1560

452 540 698 625 φιϐόλων
728 539 763 616 ἢ
796 542 936 637 ἄλλο
963 566 1015 601 τι
1045 545 1218 637 πάθος
1247 544 1438 619 ὅμοιον
1467 545 1671 624 ἐνοχλῇ
1694 553 1764 623 τῇ
1795 549 2099 624 ψυχῇ-τότε
2129 555 2183 618 Α
2212 549 2396 607 αὐτοῦ.
2432 576 2460 600 ιι
2510 584 2581 592 —
2627 552 2916 621 Μνήσθητε
2964 550 3071 607 ἀπὸ
3117 555 3296 608 κοινοῦ
3346 555 3467 610 κατά
3509 553 3728 637 ἀόιαρορὼ

448 638 796 713 ταράττεσθαι
828 634 1041 711 λέγεται
1073 636 1229 706 αὕτη.
2211 639 2506 710 συντάξεως
2540 684 2554 695 .
2612 639 2814 715 Τὲρατα
2890 642 2985 712 μὲν
3058 639 3152 696 οὖν
3208 640 3345 717 λέγει
3405 646 3486 705 τὶς
3534 634 3733 726 ὑπερ-,βίῃ

524 751 553 776 ‹‹
587 724 919 786 Ἀντανελεῖς
970 725 1033 779 τὸ
1103 730 1317 798 πνεῦμα
1372 725 1545 780 αὐτῶν
1575 772 1590 797 ,
1644 727 1733 781 καὶ
1791 726 2101 801 ἐκλείψουσι

452 816 545 870 καὶ
570 814 645 877 εἷς
670 816 761 870 τὸν
811 819 946 890 χοῦν
997 814 1170 869 αὐτῶν
1223 814 1620 890 ἐπιστρέφουσι.
1676 842 1704 867 ››
1749 849 1820 859 -
1857 815 2106 894 Ἀφελεῖς

456 905 556 973 τὴν
605 905 792 979 ψυχὴν
842 903 1041 975 αὐτῶν,
1088 902 1176 957 καί
1228 903 1636 960 ἀποθανοῦνται.
1684 905 1813 980 Περὶ
1856 910 1965 960 τῶν
2014 905 2108 960 ἀν-

459 994 694 1068 θρώπων
726 992 973 1077 ὁ⁴λόγος.

534 1107 564 1133 ι(
598 1080 1004 1152 Ἐξαποστελεῖς
1031 1081 1094 1136 τὸ
1126 1081 1344 1153 Πνεῦμά
1371 1103 1487 1153 σου,
1518 1081 1607 1136 καὶ
1647 1085 2047 1154 κτισθήσονται.
2079 1107 2107 1139 ι

462 1203 535 1216 --
588 1171 659 1225 T6
714 1173 855 1226 θεῖον
914 1169 1063 1246 λέγει
1122 1176 1360 1242 Πνεῦμα,
1413 1172 1475 1225 τὸ
1528 1173 1819 1243 ζωοποιὸν,
1869 1175 1933 1228 τὸ
1986 1173 2114 1236 τοῦς

465 1261 782 1337 ἀνθρώπους
812 1260 1092 1329 ἀνακτίζον
1127 1257 1216 1315 διὰ
1243 1267 1341 1329 τῆς
1374 1261 1734 1323 ἀναστάσεως.

539 1374 569 1401 ‹‹
603 1350 702 1405 Καὶ
732 1349 1058 1410 ἀνακαινιεῖς
1104 1349 1167 1403 τὸ
1215 1348 1508 1425 πρόσωπον
1556 1357 1658 1420 τῆς
1697 1357 1825 1425 γῆς,
1860 1375 1889 1401 )›
1922 1384 1986 1394 -
2016 1352 2114 1406 Καὶ

469 1438 726 1512 σύμπασα
752 1440 857 1513 γάρ
887 1441 922 1506 ἡ
954 1446 1026 1512 γῆ
1057 1435 1504 1514 ἀπαλλαγήσεται
1534 1446 1634 1508 τῆς
1674 1447 1899 1514 φθορᾶς.

547 1551 570 1581 ι
605 1527 1038 1605 Εὐφρανθήσεται
1081 1526 1274 1602 Κύριος
1320 1526 1408 1581 ἐπὶ
1454 1534 1570 1590 τοῖς
1630 1525 1809 1603 ἔργοις
1868 1528 2053 1586 αύτοῦ.
2088 1554 2117 1581 ››

472 1648 544 1661 -—
570 1622 694 1679 Τοῖς
739 1617 1313 1691 κατορθωθησομένοις
1365 1613 1454 1671 διὰ
1499 1624 1599 1686 τῆς
1647 1618 1811 1672 αὐτοῦ
1860 1617 2122 1695 ἐνανθρω-

474 1709 715 1778 πήσεως.

550 1801 665 1849 «'0
723 1791 1033 1850 ἐπιϐλέπων
1088 1794 1175 1849 ἐπὶ
1230 1796 1329 1863 τὴν
1387 1802 1511 1870 γῆν,
1569 1794 1659 1850 καὶ
1729 1800 1902 1851 ποιῶν
1956 1795 2123 1866 αὐτὴν

478 1885 717 1960 τρέμειν.
746 1908 774 1935 ι)
805 1916 875 1926 --
930 1885 995 1939 Εῗ
1044 1884 1145 1959 γὰρ
1200 1884 1290 1939 καὶ
1349 1884 1451 1938 ὑπὸ
1508 1884 1816 1957 πνεύματος
1861 1886 2063 1961 γίνεται
2095 1887 2125 1940 6

481 1972 682 2035 κλόνος
726 1980 828 2043 τῆς
888 1980 1014 2047 γῆς,
1069 1971 1196 2028 ἀλλ’
1247 1970 1338 2026 οὖν
1387 1974 1450 2027 τὸ
1494 1978 1707 2045 πνεῦμα
1775 1974 1949 2028 νεύσει
1996 1978 2129 2035 Θεοῦ

484 2063 810 2133 συνίσταται,
851 2061 942 2117 καὶ
995 2060 1167 2123 οὕτως
1218 2061 1458 2137 ἰσχυρῶς
1501 2067 1619 2123 ταῖς
1662 2062 1917 2138 σήραγξιν
1966 2061 2128 2135 ἐμπί-

482 2172 602 2206 πτει
632 2157 733 2220 τῆς
779 2153 904 2226 γῆς,
953 2149 1091 2204 ὥστε
1137 2148 1402 2218 κλονῆσαι
1450 2149 1518 2204 τά
1564 2148 1614 2203 ἐν
1661 2151 1744 2212 οἷς
1793 2149 1854 2204 71v
1903 2149 2130 2223 ἐμπέσοι

488 2242 626 2315 μέρη
658 2240 847 2309 αὐτῆς.
878 2240 941 2294 Ἱ]
973 2236 1031 2294 δὲ
1076 2238 1192 2293 θεία
1237 2238 1505 2308 ἐπισκοπή
1552 2244 1658 2292 ποῦ
1707 2240 1801 2311 μὲν
1852 2240 2127 2313 εὐμένειαν

483 2329 758 2402 σημαίνει,
789 2332 895 2383 ποῦ
925 2326 983 2382 δὲ
1012 2328 1205 2404 ὀργὴν,
1238 2328 1313 2389 ὡς
1343 2327 1432 2382 καὶ
1464 2326 1707 2391 ἐνταῦθα.

556 2443 584 2470 ‹‹
615 2424 669 2471 Ὀ
727 2417 1027 2490 ἀπτόμενος
1083 2421 1190 2472 τῶν
1251 2416 1419 2492 ὀρέων
1450 2461 1464 2486 ,
1518 2417 1608 2471 καὶ
1669 2417 2017 2486 καπνίζονται
2097 2442 2126 2471 ››

484 2540 554 2551 --
583 2508 680 2562 Καὶ
731 2506 1075 2575 καπνίζονται
1122 2506 1189 2561 τὰ
1235 2501 1337 2581 ὅρη
1384 2503 1538 2576 δίκην
1596 2505 1761 2575 ξύλου
1806 2506 1936 2582 πυρὶ
1981 2504 2129 2576 πλη-

486 2598 784 2658 σιάσαντος.
813 2597 982 2673 ’Δφήν
1010 2593 1068 2649 δὲ
1093 2594 1237 2670 λέγει
1268 2594 1495 2649 ἐνταῦθα
1512 2596 1610 2663 την
1640 2593 1882 2670 ἀμυδρὰν
1914 2602 2013 2664 τῆς
2034 2600 2130 2650 τοῦ

486 2690 619 2742 Θεοῦ
651 2682 929 2758 δυνάμεως
961 2682 1203 2754 ἔνδειξιν.

560 2799 590 2826 ‹‹
622 2776 772 2846 ’ᾼσω
799 2779 878 2846 τῷ
906 2774 1089 2849 Κυρίῳ
1142 2773 1192 2827 ἐν
1240 2772 1310 2847 τῇ
1362 2776 1475 2847 ζωῇ
1522 2793 1648 2844 μου,
1694 2771 1856 2846 ψαλῶ
1899 2772 1979 2846 τῷ
2018 2778 2133 2847 Θεῷ

494 2884 598 2938 μου
625 2859 731 2925 ἕως
763 2863 1014 2939 ὑπάρχω.
1050 2886 1079 2913 ››
1110 2894 1179 2903 —
1209 2868 1352 2923 Ἕως
1386 2862 1445 2916 ἃν
1481 2866 1573 2931 ζῶ.

565 2977 595 3007 ‹‹
625 2949 902 3023 Ἦδυνθείη
934 2951 1081 3024 αὐτῷ
1110 2954 1145 3021 ἠ
1179 2948 1412 3025 διαλογή
1437 2972 1561 3023 μου.
1588 2977 1611 3004 ι
1651 2983 1718 2993 —-
1749 2951 1963 3026 Ἀρέσοι
1985 2951 2134 3024 αὖτῷ

495 3044 533 3111 ἡ
567 3042 699 3118 πρὸς
732 3041 889 3097 αὐτὸν
924 3040 1119 3115 ὁμιλία
1151 3061 1277 3113 μου.
1307 3039 1510 3095 Τούτου
1538 3041 1849 3116 γινομένου,
1896 3040 2005 3117 ἐγὼ
2033 3043 2134 3110 τὴν

496 3129 729 3186 ἐντεῦθεν
761 3130 1013 3203 εὐθυμίαν
1042 3130 1299 3201 καρπώσο
1309 3150 1426 3202 μαι.

558 3244 587 3271 ‹‹
622 3217 927 3275 Ἐκλίποιεν
964 3219 1015 3273 οἱ
1059 3215 1380 3291 ἁμαρτωλοὶ
1429 3218 1535 3273 ἀπὸ
1581 3225 1682 3288 τῆς
1731 3222 1833 3293 γῆς
1861 3219 1952 3273 καὶ
2005 3221 2127 3274 ἄνο-

486 3330 580 3383 μοι
603 3306 743 3364 ὤστε
775 3310 851 3382 μὴ
885 3308 1146 3384 ὑπάρχειν
1180 3306 1395 3370 αὐτούς.
1438 3306 1688 3384 Εὐλόγει,
1739 3310 1774 3377 ἡ
1812 3310 1964 3384 ψυχή
2001 3330 2126 3381 μου,

473 3398 567 3453 τὸν
618 3397 840 3474 Κύριον.
893 3421 921 3450 ››
971 3429 1041 3439 --
1088 3399 1248 3451 "Qa-cs
1301 3397 1376 3469 μή
1430 3396 1692 3472 ὑπάρχειν
1742 3397 1964 3466 αὐτοὺς,
2018 3399 2128 3453 οἷοῖ

472 3486 625 3559 εἰσιν,
658 3484 803 3543 ἀλλά
836 3481 1241 3559 μεταϐληθῆναι
1290 3490 1398 3540 τῶν
1449 3481 1617 3547 ὅντως
1649 3485 1990 3561 ἁμαρτωλῶν
2037 3488 2127 3541 καὶ

471 3574 690 3649 ἀνόμων
765 3572 1040 3648 δαιμόνων
1111 3573 1296 3631 τέλεον
1366 3574 1806 3651 καταργηθέντων
1849 3619 1863 3644 ,
1923 3576 1977 3629 οἳ
2034 3576 2124 3630 καὶ

468 3663 520 3719 ἐν
576 3664 892 3740 ἀνθρώποις
939 3666 1043 3733 τὴτ
1092 3664 1283 3719 κακίαν
1340 3663 1634 3740 ἐνεργοῦσι.
1693 3668 1869 3719 Ταῦτα
1921 3662 1979 3719 δὲ
2034 3684 2127 3739 γε·

472 3754 728 3823 νήσονται
758 3753 882 3829 περὶ
909 3754 1009 3822 τὴν
1042 3750 1293 3829 δευτέραν
1320 3751 1532 3808 ’ἑλευσιν
1560 3756 1656 3808 τοῦ
1688 3758 1941 3829 Χριστοῦ.

1077 3879 1369 3932 ΨΑΛΜΟΣ
1411 3876 1525 3931 ΡΔ’.

546 3990 574 4018 ι(
634 3962 1004 4036 Ἀλληλούϊα.
1072 3988 1093 4015 ι
1155 3997 1216 4007 -
1274 3964 1345 4018 Τὸ
1419 3963 1735 4035 ἀλληλούῖα
1786 3964 1983 4019 αἱνεῖτε
2033 3966 2123 4020 τὸν

474 4051 605 4110 ὅντα
663 4053 1025 4130 ἑρμηνεύεται
1057 4095 1070 4109 .
1134 4055 1227 4107 Ὠν
1282 4050 1340 4108 δὲ
1415 4053 1443 4106 6
1500 4053 1630 4114 Θεὸς
1701 4052 1903 4129 κυρίως
1962 4052 2124 4110 ἐστίν.

475 4146 561 4200 Ἐν
594 4141 743 4205 ὅσοις
773 4141 863 4198 οῦν
913 4141 1161 4216 ψαλμοῖς
1205 4140 1504 4214 εὑρίσκεται
1552 4142 1613 4196 τὸ
1664 4140 1979 4212 ἀλληλούϊα
2010 4142 2125 4197 ἐπι-

474 4231 873 4309 γεγραμμένον,
902 4232 1239 4307 αἰνετηρίους
1285 4235 1364 4302 τῷ
1410 4235 1526 4302 Θεῷ
1566 4228 1733 4301 δηλοῖ
1776 4231 1906 4292 τοὺς
1950 4232 2127 4287 τοιού-

470 4343 600 4386 τους
627 4322 759 4378 εἷναι
791 4319 1068 4396 ψαλμοὺς.
1106 4325 1211 4375 Νῦν
1262 4316 1320 4374 δέ
1367 4320 1503 4395 πρὸς
1545 4319 1673 4382 τοὺς
1728 4318 2064 4383 ἀποστόλους
2097 4321 2125 4374 6

474 4409 661 4488 λόγος.

528 4508 575 4553 ⁷‹‹
638 4497 1090 4574 Ἐξομολογεῖσθε
1142 4502 1221 4569 τῷ
1278 4496 1460 4570 Κυρίῳ
1511 4497 1608 4573 μαὶ
1666 4496 2009 4562 ἐπικαλεῖσθε
2064 4500 2125 4553 τὸ

475 4586 648 4664 ὄνομα
704 4589 888 4645 αὐτοῦ·
949 4587 1310 4664 ἀπαγγείλατε
1365 4586 1415 4641 ἐν
1471 4591 1589 4649 τοῖς
1649 4584 1817 4641 ἔθνεσι
1850 4589 1941 4642 ατὰ
1998 4583 2125 4663 ἔργα

478 4678 663 4736 αὐτοῦ.
697 4700 723 4731 ιι
760 4711 830 4721 -
860 4671 1012 4752 Μέγα
1058 4682 1319 4754 φρονεῖτε,
1370 4676 1640 4751 καυχᾶσθε
1691 4674 1742 4730 ἐν
1793 4679 1872 4747 τῷ
1927 4676 2129 4748 ὀνομά-

485 4772 661 4838 ζεσθαι
690 4764 1021 4844 Χριστιανοί.

557 4881 585 4908 ‹‹
620 4856 948 4912 Ἐπαινεῖσθε
996 4853 1048 4910 ἐν
1095 4858 1175 4926 τῷ
1225 4852 1449 4927 ὀνόματι
1498 4858 1576 4925 τῷ
1631 4852 1771 4928 ἁγίῳ
1802 4852 1987 4908 αὐτοῦ.
2021 4854 2131 4909 Εὐ-

486 4947 778 5025 φρανθήτω
823 4941 1018 5020 καρδία
1071 4942 1376 5013 ζητούντων
1425 4942 1517 4997 τὸν
1560 4941 1779 5019 Κύριον.
1815 4965 1843 4994 ››
1876 4975 1942 4985 -
1974 4945 2129 5014 Ζήτει

481 5035 573 5090 τὸν
606 5034 818 5111 Κὺριον,
868 5035 895 5089 6
944 5031 1034 5089 διὰ
1080 5033 1178 5103 τῆς
1210 5029 1338 5087 ὁδοῦ
1386 5037 1493 5087 τῶν
1527 5030 1689 5087 αὐτοῦ
1719 5031 2017 5109 φερόμενος
2049 5032 2129 5087 ἐν·

479 5122 683 5195 τολῶν,
714 5131 812 5193 τῆς
861 5121 1103 5199 ἀγούσης
1146 5121 1280 5198 πρὸς
1331 5120 1512 5192 αὐτὸν,
1562 5119 1650 5176 καί
1703 5119 2131 5193 ἐπικαλούμενος

479 5213 638 5270 αὐτὸν
673 5213 750 5275 εἰς
784 5211 1163 5288 βοήθειαν,καὶ
1196 5205 1471 5283 ἐπιμόνως
1498 5210 1645 5282 αὐτῷ
1671 5210 1967 5271 πεποιθώς.

556 5327 585 5355 ιι
635 5304 913 5374 Ζητήσατε
964 5301 1055 5356 τὸν
1115 5300 1309 5374 Κύριον
1367 5300 1459 5355 καὶ
1514 5300 1912 5376 κραταιώθητε.
1975 5322 2005 5350 ››
2061 5332 2131 5340 -

472 5392 907 5471 Ἑκραταιώθητε
959 5389 1033 5452 εἰς
1090 5388 1152 5444 τὸ
1212 5394 1467 5459 ζητῆσαι,
1525 5387 1826 5457 τουτέστιν,
1883 5387 2129 5463 ἰσχυρῶς

480 5486 617 5557 ζητή
629 5502 752 5537 σατε
781 5479 963 5536 αὐτόν.

556 5599 584 5629 ι(
617 5574 902 5644 Μνήσθητε
931 5572 1039 5624 τῶν
1070 5565 1380 5639 θαυμασίων
1414 5567 1576 5623 αὐτοῦ
1602 5567 1676 5621 ὧν
1701 5565 1978 5637 ἐποίησεν.
2012 5586 2042 5616 ››
2063 5596 2134 5608 -

480 5665 607 5721 Ἐπὶ
640 5662 719 5737 τῷ
751 5658 980 5730 διδάξαι.

557 5783 583 5807 ‹‹
619 5755 691 5809 Τὰ
734 5750 928 5829 τέρατα
984 5746 1143 5802 αὖτυῦ
1191 5744 1277 5799 καὶ
1328 5745 1392 5798 τὲι
1439 5744 1673 5817 κρίματα
1719 5749 1815 5799 τοῦ
1867 5743 2134 5818 στόματος

2215 727 2674 803 θαυματουργίας,
2727 729 2963 804 κρίματα
3014 729 3073 784 δὲ
3112 733 3209 792 τάς
3260 728 3345 784 διά
3367 738 3454 786 τοῦ
3494 734 3632 807 νόμου
3651 738 3737 793 ἄτῃ.

2216 837 2454 894 φανσεις.

2292 947 2321 971 ‹‹
2379 923 2606 996 Σπέρμα
2682 920 2934 1000 ’Δϐραάμ
2987 923 3189 980 δούλου
3260 925 3429 982 αὐτοῖν
3480 929 3572 983 υἱοὶ
3612 930 3740 989 ’[ικὼε

2221 1012 2467 1068 ἐκλεκτοὶ
2522 1012 2725 1070 αὐτοῦ.
2788 1037 2818 1065 ιι
2874 1048 2945 1056 -
3000 1018 3201 1090 "ao-np
3258 1011 3507 1091 Ἀϐραάμ,
3555 1018 3679 1074 καλεῖ
3712 1021 3747 1078 εἰ

2219 1102 2347 1163 τοὺς
2401 1102 2742 1164 ἀποστόλους
2798 1103 3099 1178 ἀπογόνους
3159 1099 3402 1179 ’Δϐραάμ
3465 1106 3544 1159 καὶ
3585 1105 3747 1183 Ἰαὼϐ,

2224 1187 2458 1253 δούλους
2503 1212 2563 1245 τε
2609 1196 2744 1245 Θεοῦ
2790 1191 3013 1262 ἀληθεῖς
3061 1193 3151 1246 καὶ
3198 1192 3257 1247 ἐκ
3300 1196 3392 1247 τοῦ
3434 1193 3610 1265 κόσμου
3657 1196 3749 1252 E1):-

2225 1277 2529 1355 λεγμένους
2561 1280 2649 1334 ὑπ’
2678 1278 2865 1336 αὐτοῦ.

2299 1411 2329 1437 ‹‹
2363 1384 2534 1446 Αύτὸς
2584 1384 2782 1461 Κύριος
2833 1387 2862 1440 6
2891 1387 3019 1448 Θεὸς
3278 1412 3307 1439 n
3343 1421 3407 1428 —
3435 1387 3583 1450 Αὐτὸς
3620 1391 3642 1444 6
3677 1397 3759 1465 Χρι-

2233 1473 2376 1536 στός.

2304 1588 2333 1613 ‹‹
2366 1564 2452 1619 Ἐν
2488 1562 2630 1638 πάσῃ
2675 1567 2746 1637 τῇ
2920 1564 2988 1619 τά
3029 1565 3267 1640 κρίματα
3313 1565 3486 1622 αὐτοῦ.
3518 1592 3542 1616 n
3567 1599 3623 1609 --
3654 1568 3766 1629 Αὐτὸς

2232 1649 2436 1707 δικασει
2467 1658 2638 1707 πᾶσαν
2669 1653 2770 1722 τήν
2803 1660 2932 1728 γῆν.

2305 1783 2335 1810 ‹‹
2366 1759 2644 1832 Ἐμνήσθη
2703 1759 2779 1822 εἷς
2852 1760 2946 1814 τὸν
3015 1761 3184 1815 αἰῶνα
3253 1759 3507 1831 διαθήκης
3556 1762 3714 1817 αὐτοῦ.
3754 1789 3771 1811 n

2236 1880 2306 1889 _
2358 1850 2474 1916 Τῆς
2532 1847 2608 1909 εἷς
2660 1848 2751 1901 τὸν
2810 1848 2983 1903 αἰῶνα
3031 1850 3376 1925 ὑποσχέσεως
3420 1850 3583 1919 αὐτῶν
3620 1857 3694 1919 τῆς
3721 1851 3772 1904 αἱ,

2156 1925 2422 2006 Βωνίου,
2476 1944 2576 2006 τῆς
2626 1936 3046 2011 ἀμετακινήτου,
3098 1937 3342 2011 ἐμνήσθη
3393 1938 3474 1993 ἐπὶ
3520 1943 3588 2011 τῷ
3632 1937 3770 2006 Exuit,-

2238 2030 2430 2102 ρῶσαι.

2312 2140 2339 2165 ‹‹
2382 2115 2564 2191 Λόγου
2619 2115 2683 2169 οῦ
2733 2113 3031 2171 ἐνετείλατο
3093 2115 3169 2178 εἷς
3227 2115 3416 2192 χιλίας
3466 2117 3636 2193 γενεάς.
3678 2139 3700 2170 ι
3740 2148 3782 2158 -

2237 2205 2518 2277 Ἐμνήσθη
2547 2209 2645 2259 τοῦ
2667 2203 2833 2280 λόγου
2861 2203 2923 2259 οὗ
2955 2204 3216 2276 ἐθέσπισε,
3246 2210 3345 2260 τοῦ
3366 2205 3438 2267 εἰς
3465 2204 3625 2281 χιλίας
3638 2204 3780 2279 γενεὶς,

2235 2292 2480 2347 τουτέστι
2516 2293 2681 2368 μέχρι
2709 2291 2937 2348 πολλῶν
2962 2293 3094 2349 ἐτῶν
3123 2294 3515 2367 ἐξικνουμένου.

2315 2424 2337 2450 ι
2373 2399 2470 2453 Καὶ
2529 2393 2749 2470 ἔστησεν
2808 2399 2973 2469 αὐτην
3029 2404 3109 2472 τῷ
3183 2395 3379 2456 Ἰακὼϐ
3432 2400 3502 2462 εἷς
3546 2400 3784 2472 πρόσταγμα

2237 2487 2327 2542 καὶ
2374 2493 2454 2560 τῷ
2500 2486 2716 2563 Ἰσραὴλ
2768 2488 2843 2550 εἷς
2893 2486 3157 2559 διαθήκην
3206 2491 3451 2547 αἱώνιον.
3498 2513 3605 2541 ››-
3638 2490 3708 2541 Ὃν
3740 2486 3782 2554 δή

2243 2576 2407 2651 λόγον
2459 2574 2761 2651 ὑπέσχηται
2807 2577 2889 2648 τῷ
2947 2572 3211 2652 Ἀϐραάμ.
3274 2577 3374 2632 Καὶ
3426 2578 3575 2632 πάλιν
3615 2575 3781 2648 ἐμνήσθη

2237 2669 2336 2720 τοῦ
2366 2664 2530 2739 ὅρκου
2568 2665 2731 2720 αὐτοῦ
2780 2664 2837 2719 δν
2887 2660 3071 2734 ὤμοσε
3122 2671 3201 2738 τῷ
3245 2668 3446 2737 Ἰσαάκ,
3482 2666 3563 2720 καὶ
3602 2663 3785 2737 ἀμετακί-

2240 2775 2403 2824 νητον
2460 2752 2612 2818 ἔθετο
2668 2754 2826 2810 αὐτὸν
2881 2760 2962 2827 τῷ
3016 2750 3209 2811 Ἰακὼϐ
3282 2756 3363 2817 είς
3416 2757 3476 2811 τὸ
3527 2755 3637 2810 εἶναι
3676 2752 3784 2826 πρός-

2241 2864 2426 2917 ταγμα
2459 2890 2474 2914 ,
2550 2844 2795 2898 τουτέστι
2872 2845 3141 2916 θέσπισμα
3228 2843 3507 2918 βασιλικὸν

2241 2953 2357 2987 τον.

2320 3043 2344 3073 ι
2378 3019 2580 3097 Λέγων·
2636 3021 2733 3075 Σοὶ
2782 3017 2941 3075 δώσω
2982 3021 3081 3089 τὴν
3129 3028 3231 3097 γῆν
3292 3022 3499 3076 Χαναὰν
3527 3067 3540 3090 ,
3588 3018 3784 3094 quivng

2244 3107 2617 3185 κληρονομίας
2662 3112 2845 3182 ἡμῶν.
2907 3134 2936 3161 ››
2965 3144 3036 3152 -
3082 3111 3188 3179 Τὴν
3247 3109 3601 3180 Παλαιστίνην
3639 3109 3686 3176 ἦν
3705 3125 3786 3159 κατ-

2246 3200 2422 3272 ῴκουν
2481 3199 2532 3253 οἱ
2592 3204 2902 3268 Χαναναῖοι,
2960 3198 3161 3275 λέγων.
3192 3224 3219 3251 ‹‹
3268 3201 3373 3254 Σοὶ
3421 3196 3571 3254 δώσω
3605 3195 3791 3270 κληρωθο

2165 3288 2208 3354 θ
2250 3287 2376 3361 μίας
2424 3287 2740 3363 σχοίνισμα,
2793 3312 2820 3339 ››
2850 3284 3019 3363 ἤγουν
3075 3286 3336 3364 μέτρημά
3362 3308 3423 3343 τε
3462 3287 3544 3341 καὶ
3571 3283 3795 3361 σχοίνων-1-

2240 3379 2421 3452 Λέγων
2473 3373 2531 3431 δὲ
2575 3381 2761 3443 ταῦτα,
2814 3376 3252 3451 ὑπισχνούμενος
3284 3424 3299 3449 ,
3355 3377 3445 3431 ὅτε
3484 3378 3603 3445 ἦσαν
3645 3374 3685 3429 οἱ
3720 3369 3800 3442 περὶ

2234 3465 2325 3520 τὸν
2362 3459 2610 3540 Ἀϐραάμ
2635 3464 2724 3519 καὶ
2757 3465 2934 3522 Ἰσαὰκ
2978 3464 3069 3519 καὶ
3119 3460 3318 3520 Ἰακὼϐ
3350 3465 3525 3541 ὀλίγοι
3563 3467 3630 3534 τῷ
3652 3461 3803 3536 ἀριθμῷ

2235 3553 2326 3607 καὶ
2355 3550 2732 3629 παρεπίδημοι
2760 3556 2828 3626 τῇ
2859 3557 2932 3627 γῇ
2962 3557 3071 3607 τῶν
3105 3554 3444 3610 Χαναναίων.

2312 3682 2339 3712 ι(
2368 3660 2466 3713 Καὶ
2516 3656 2733 3729 διῆλθεν
2793 3658 2844 3729 ἐξ
2896 3654 3076 3722 ἔθνους
3134 3658 3209 3721 εἷς
3263 3658 3442 3731 ἔθνος,
3487 3659 3569 3714 καὶ
3615 3656 3665 3710 ἐκ

2238 3746 2385 3811 λείας
2442 3747 2520 3810 εἷς
2569 3745 2698 3803 λαὸν
2740 3744 2950 3823 ἕτερον.
2997 3769 3024 3801 ι
3078 3781 3148 3790 --
3203 3753 3429 3811 Πυκνῶς
3483 3741 3807 3821 μεταναστεύον-

2234 3857 2323 3899 τες
2356 3836 2446 3891 καὶ
2473 3836 2678 3899 τόπους
2725 3835 2785 3891 ἐκ
2828 3836 3010 3891 τόπων
3061 3832 3387 3910 ἀμείϐοντες
3437 3837 3486 3893 οἷ
3532 3834 3808 3909 πατριάρχαι,

2236 3923 2661 4003 διεπορεύθησαν
2704 3925 2763 3981 ἐκ
2806 3922 2968 3981 τοῦδε
3011 3930 3109 3980 τοῦ
3158 3924 3345 3990 ἔθνους
3400 3927 3475 3988 εἱς
3522 3922 3649 3993 τόδε,
3687 3918 3811 3975 aii!

2240 4014 2668 4092 βασιλευομένου
2700 4013 2837 4070 λαοῦ
2868 4015 2944 4076 εἰς
2975 4011 3516 4091 δημοκρατούμενον.

2311 4145 2339 4173 ((
2370 4120 2479 4176 Οὐκ
2550 4122 2753 4200 ἀφῆκεν
2833 4122 3119 4197 ἄνθρωπον
3183 4118 3442 4192 ἀδικῆσαι
3502 4117 3709 4187 αὐτοὺς,
3748 4108 3809 4165 καὶ

2234 4207 2457 4287 ἤλεγξεν
2493 4211 2625 4285 ὑπὲρ
2674 4209 2850 4265 αὐτῶν
2905 4209 3170 4286 βασιλεῖς.
3226 4234 3254 4261 ››
3309 4244 3383 4253 -
3411 4210 3561 4264 Οὕτω
3605 4208 3690 4281 γὰρ
3720 4200 3815 4287 πλαέ

2234 4286 2493 4374 νωμένων
2572 4303 2679 4354 τῶν
2755 4303 2919 4375 τριῶν
2987 4298 3192 4354 τούτων
3249 4302 3642 4376 πατριαρχῶν,
3692 4286 3817 4346 οὖξενὶ

2235 4390 2632 4466 παρεχώρησεν
2692 4389 2721 4442 6
2779 4388 2909 4450 Θεὸς
2982 4385 3237 4457 ἀδικῆσαι
3302 4388 3503 4450 αὐτοὺς
3535 4433 3549 4459 ,
3606 4380 3724 4439 ἀλλᾶ
3761 4376 3819 4431 ιιιῖ

2244 4476 2487 4554 βασιλεῖς
2536 4477 2830 4549 ἐπηρεάσαι
2895 4476 3241 4553 πειραθέντας
3300 4476 3489 4538 αὐτοῖς
3544 4475 3614 4536 ὡς
3662 4466 3819 4525 ἀδίκως

2234 4567 2434 4642 ἤλεγξε
2463 4567 2553 4623 καὶ
2603 4567 2911 4642 κατῄσχυνε
2952 4566 3043 4621 καὶ
3092 4560 3382 4644 ἐφόϐησεν,
3437 4567 3513 4628 ὡς
3559 4563 3641 4618 τὸν
3675 4554 3820 4644 φιριρ

2161 4658 2207 4723 D
2238 4657 2326 4712 καὶ
2355 4639 2447 4712 τὸν
2482 4639 2818 4732 Ἀϐιμέλεχ,
2836 4655 2928 4710 τὸν
2964 4656 3058 4728 μὲν
3093 4639 3371 4731 Α’ἶγύπτου
3427 4651 3661 4729 βασιλέα.
3692 4646 3762 4702 τὸν
3784 4639 3821 4696 δὲ

2242 4746 2512 4822 Γεράρων.

2313 4858 2341 4886 ‹‹
2373 4836 2462 4904 Μὴ
2495 4835 2723 4898 ἅπτεσθε
2770 4838 2877 4889 τῶν
2930 4839 3170 4909 χριστῶν
3228 4854 3354 4907 μου,
3388 4834 3479 4887 καὶ
3530 4829 3578 4885 ἐν
3605 4832 3707 4887 τοῖς
3731 4841 3822 4896 προ·

2241 4926 2436 5001 φήταις
2500 4944 2604 4995 μου
2667 4924 2742 4996 μὴ
2800 4922 3181 4999 πονηρεύεσθε.
3231 4946 3257 4973 υ
3313 4918 3667 4995 -Χριστούς
3708 4930 3823 4987 φησιν

2241 5011 2453 5085 αὐτοὺς,
2506 5012 2583 5074 ὡς
2637 5016 2717 5083 τῷ
2764 5016 3090 5086 προφητικῷ
3135 5011 3533 5087 κεχρ-σμένους
3561 5004 3823 5083 χαρίσματι·

2239 5100 2424 5157 πολλὰ
2452 5102 2555 5177 γὰρ
2582 5103 3007 5179 προεφήτευσαν.

2313 5229 2341 5257 ι(
2372 5207 2471 5261 Καὶ
2529 5204 2747 5261 ἐκάλεσε
2803 5204 2968 5278 λιμὸν
3032 5204 3119 5259 ἐπὶ
3173 5204 3272 5272 τὴν
3325 5210 3457 5278 γῆν·
3516 5207 3614 5255 πᾶν
3662 5196 3827 5269 στήριγ-

2245 5316 2319 5369 μα
2374 5295 2537 5372 ἄρτου
2596 5294 2927 5370 συνέτριψεν.
2981 5316 3010 5345 ››
3069 5325 3139 5334 -
3196 5298 3304 5347 Πᾶν
3360 5290 3554 5367 ἷσχύον
3611 5282 3828 5378 διαθρξψιιι

2241 5384 2489 5440 σπανίσαι
2537 5384 2854 5454 πεποίηκεν,
2912 5382 2974 5437 οὐ
3036 5381 3197 5454 μόνον
3253 5378 3471 5451 δηλαδή
3531 5378 3688 5442 σὶτον,
3726 5367 3827 5425 ἀλλά

2239 5474 2328 5529 καὶ
2358 5474 2563 5548 κριθάς,
2589 5474 2680 5528 καὶ
2720 5469 2936 5544 ὄσπρια,
2985 5472 3076 5526 καὶ
3126 5468 3180 5525 εἷ’
3215 5474 3268 5525 τι
3321 5468 3464 5525 ἄλλο
3517 5466 3716 5523 δύναται
3741 5456 3828 5531 τρέ-

2241 5584 2377 5643 φειν.

2313 5677 2341 5705 ‹‹
2404 5651 2740 5707 Ἀπέστειλεν
2817 5648 3116 5727 ἔμπροσθεν
3193 5648 3365 5703 αὐτῶν
3447 5646 3713 5722 ἄνθρωπον
3753 5681 3766 5694 .
3808 5659 3824 5681 ιδ

2241 5774 2310 5784 —
2342 5744 2682 5817 Ἐμπροσθεν
2740 5744 2849 5794 τῶν
2906 5737 3030 5815 περὶ
3082 5735 3174 5794 τὸν
3234 5733 3427 5792 Ἰακὼϐ
3480 5731 3736 5792 ἀπέστειλε
3758 5744 3823 5780 τον
