3998 6410
241 472 391 540 1561

1354 462 1359 469 ’
1447 474 1861 540 EXPOSITIO
1904 473 1984 538 IN
2031 474 2416 574 PSALMOS.

3472 468 3637 534 1562

241 608 466 686 Ἰωσὴφ,
496 610 565 682 τῇ
594 604 835 684 πονηρίᾳ
860 611 967 663 τῶν
1013 603 1260 686 ἀδελφῶν
1302 607 1377 670 είς
1431 605 1548 663 δέον
1598 605 1880 684 ’χρησάμε-
1910 609 1966 677 Α
1994 612 2110 669 τοῖς
2156 607 2327 684 ὁρίοις
2381 605 2578 663 αὐτῶν.
2612 630 2641 661 ››
2688 638 2757 650 —-
2810 605 2874 661 Ἠ
2930 600 3128 675 αἱθάλη
3187 600 3638 678 μετεστοιχείωτο

243 720 356 761 νος.

315 812 344 840 ‹‹
376 787 468 849 Εἰς
501 784 696 843 δοῦλον
745 786 947 863 ἐπράθη
1004 789 1226 865 Ἰωσήφ.
1260 811 1288 838 ››
1321 822 1388 829 —
1419 788 1572 864 Παρὰ
1625 788 1717 862 μὶν
1769 793 1876 842 τῶν

244 873 492 954 ἀδελφῶν
560 875 724 932 αὐτοῦ
795 881 918 939 τοῖς
993 875 1383 949 Ἰσμαηλίταις,
1436 876 1582 953 παρὰ
1657 874 1714 931 δὲ
1769 881 1876 931 τῶν

244 963 604 1039 Ἰσμαηλιτῶν
638 966 713 1026 εἷς
746 963 1018 1040 Αἴγυπτον
1049 963 1128 1037 τῷ
1158 969 1460 1043 Πενταφρῇ,

315 1096 343 1127 ιι
377 1071 767 1127 Ἐταπείνωσαν
822 1071 874 1126 ἐν
932 1069 1118 1133 πέδαις
1152 1070 1308 1134 τοὺς
1376 1068 1546 1133 πόδας
1629 1072 1812 1128 αὐτοῦ.
1847 1096 1876 1124 ))

241 1195 310 1204 -
342 1163 405 1216 Οἱ
441 1161 567 1237 περὶ
611 1162 703 1215 τὸν
760 1159 1022 1231 δεσπότην
1075 1160 1242 1215 αὐτοῦ
1287 1159 1556 1215 ἐκάκωσαν
1606 1160 1731 1222 τοὺς
1777 1161 1878 1216 πό-

242 1247 336 1312 δας
367 1249 532 1305 αὐτοῦ
563 1249 615 1304 ἐν
648 1247 888 1323 δεσμοῖς.
957 1308 961 1312 μ

315 1361 343 1391 ‹‹
377 1336 611 1414 Σίδηρον
663 1335 884 1408 διῆλθεν
932 1340 966 1407 ὴ
1008 1340 1159 1414 ψυχή
1212 1337 1394 1394 αὐτοῦ.
1432 1362 1461 1390 ››
1491 1372 1561 1381 —-—
1600 1338 1881 1393 Τουτέστιν

243 1426 425 1490 αὐτός.
485 1425 720 1501 Σίδηρον
779 1424 837 1481 δὲ
887 1426 1032 1503 λέγει
1094 1427 1185 1483 τὸν
1255 1425 1515 1503 σιδηροῦν
1574 1425 1785 1494 κλοιὸν,
1843 1428 1877 1495 ἢ

241 1517 303 1571 τὸ
333 1515 481 1593 ξίφος
512 1516 542 1570 ’ὁ
581 1513 825 1593 διέφυγεν
871 1519 907 1585 ἡ
952 1517 1104 1592 ψυχή
1152 1516 1315 1571 αὐτοῦ
1363 1517 1493 1592 ἄχρι
1540 1516 1740 1571 τούτου
1789 1514 1878 1571 ἐλ-

244 1607 429 1664 θοῦσα.

318 1720 348 1748 ‹‹
379 1695 565 1770 Μέχρι
591 1699 688 1749 τοῦ
719 1693 891 1750 ἐλθεῖν
920 1695 1011 1749 τὸν
1040 1692 1207 1771 λόγον
1257 1695 1442 1752 αὐτοῦ.
1477 1718 1506 1747 ››
1539 1727 1605 1737 -·
1633 1697 1741 1765 Τὴν
1786 1717 1881 1750 σο-

245 1783 365 1861 φίαν
397 1783 560 1837 αὐτοῦ
588 1785 704 1838 καθ’
731 1785 791 1852 ἣν
823 1780 981 1838 ἔλυσε
1006 1783 1133 1843 τοὺς
1196 1783 1454 1858 ὀνείρους,
1485 1785 1520 1853 ἢ
1559 1785 1659 1852 τὴν
1718 1804 1880 1862 φρον-

243 1871 366 1927 τίδα
393 1874 455 1942 ἣν
484 1872 788 1951 ἐφρόντισεν
820 1872 982 1927 αὐτοῦ
1009 1873 1037 1926 6
1062 1871 1213 1934 Θεός.

1989 696 2065 758 εἰς
2111 702 2358 759 σκνῖπας.
2405 695 2646 775 Ζωΰφιον
2696 693 2754 751 δὲ
2800 690 3178 754 κωνωποειδές
3229 690 3367 747 ἐστιν
3395 694 3423 747 6
3455 692 3640 767 σκνίψ.

2061 809 2089 837 ‹‹
2120 786 2218 840 Καὶ
2267 785 2515 862 ἐξήγαγεν
2564 784 2758 847 αὐτοὺς
2800 784 2849 839 ἐν
2905 783 3144 860 ἀργυρίῳ
3191 782 3280 837 καὶ
3329 780 3563 857 χρυσίῳ.
3601 805 3632 832 ››

1992 882 2149 930 ι--Ἃ
2199 874 2505 951 ἐχρήσαντο
2554 875 2699 950 παρά
2765 879 2873 928 τῶν
2939 871 3275 948 Αἰγυπτίων,
3322 870 3467 925 οὕτω
3534 875 3630 926 τοῦ

1988 969 2121 1019 Θεοῦ
2183 963 2552 1034 κελεύσαντος,
2617 962 2755 1017 ὥστε
2819 962 3139 1037 λογισθῆναι
3201 964 3369 1014 ταῦτα
3442 959 3633 1033 μισθὸν

1986 1060 2087 1123 τῆς
2117 1051 2417 1115 πολυετοῦς
2450 1052 2742 1128 ὑπηρεσίας
2772 1050 2969 1108 αὐτῶν.

2060 1166 2089 1193 ‹‹
2124 1141 2221 1196 Καὶ
2278 1141 2377 1197 οὐκ
2422 1142 2488 1211 ἦν
2543 1141 2594 1195 ἐν
2643 1146 2763 1203 ταῖς
2814 1137 3013 1210 φυλαῖς
3079 1138 3252 1193 αὐτῶν
3321 1139 3638 1195 ἀσθενῶν.»

1990 1263 2055 1273 -
2085 1233 2199 1285 ’Ίνα
2249 1227 2438 1303 μηδεὶς
2492 1229 2795 1307 ὑπολειφθῇ
2848 1226 2937 1283 διὰ
3002 1228 3176 1284 νόσον.
3226 1231 3396 1283 Τοῦτο
3453 1224 3512 1281 δὲ
3562 1228 3639 1300 μὴ

1989 1319 2461 1395 ἀναγεγραμμένον
2504 1318 2556 1374 ἐν
2602 1322 2672 1393 τῇ
2727 1315 2929 1390 Ἐξόδῳ
2977 1317 3136 1395 φησὶν
3186 1317 3214 1370 ὁ
3262 1313 3449 1384 Δαυῒδ,
3489 1317 3636 1390 παρὰ

1988 1413 2084 1463 τοῦ
2138 1408 2450 1481 Πνεύματος
2508 1406 2806 1482 διδαχθεὶς,
2859 1406 3038 1482 ὥσπερ
3084 1406 3174 1461 καὶ
3226 1403 3368 1462 ἄλλα
3423 1402 3633 1461 πολλά.

2066 1523 2086 1549 α
2123 1496 2401 1575 Εὐφράνθη
2439 1494 2707 1572 Δῖίγυπτος
2740 1495 2790 1550 ἐν
2822 1499 2890 1568 τῇ
2922 1493 3090 1568 ἐξόδῳ
3128 1494 3327 1550 αὐτῶν.
3362 1517 3391 1545 ››
3422 1527 3491 1536 —
3537 1492 3632 1551 Αί-

1989 1585 2190 1659 γυπτόν
2224 1607 2357 1664 φησι
2382 1584 2510 1648 τοὺς
2543 1583 2961 1663 ὑπολειφθέντας
2999 1584 3351 1659 Αἰγυπτίους.

2063 1678 2233 1730 «Ὅτι
2306 1674 2553 1730 ἐπέπεσεν
2604 1676 2632 1729 ὁ
2696 1669 2864 1752 φόϐος
2945 1672 3120 1727 αὐτῶν
3189 1672 3273 1727 ἐπ’
3336 1670 3550 1733 αὐτούς.
3609 1694 3638 1723 ››

1989 1796 2059 1806 —-
2104 1766 2161 1817 ⁸0
2216 1759 2383 1842 φόϐος
2446 1768 2553 1818 τῶν
2597 1758 2860 1837 Ἑϐραίων
2928 1757 3109 1816 ’ἐπεσεν
3161 1760 3248 1816 ἐπὶ
3294 1761 3420 1822 τοὺς
3470 1759 3635 1835 Δίγυ-

1988 1852 2198 1925 πτίους,
2265 1853 2557 1925 τουτέστιν,
2620 1846 2961 1930 ἐφοϐήθησαν
3030 1852 3082 1905 οἱ
3148 1849 3441 1926 Αἰγύπτιοι
3503 1850 3636 1911 τοὺς

317 1986 345 2013 ‹‹
376 1936 447 2016 T6
496 1936 681 2037 λόγιον
727 1962 927 2038 Κυρίου
975 1961 1246 2037 ἐπύρωσεν
1294 1960 1472 2018 αὐτόν.
1526 1985 1556 2013 ››
1606 1967 1755 2016 -Ὁ
1781 1984 1879 2040 φυ-
1912 1981 1961 2046 Β
1994 1937 2272 2019 Ἐϐραίους
2356 1939 2445 1997 διὰ
2509 1942 2604 2004 τὰς
2675 1942 2808 2017 ὑπὲρ
2867 1939 3042 1996 αὐτῶν
3096 1936 3394 2009 θεηλάτους
3443 1937 3635 2012 μάστι·

247 2052 395 2113 σικὸς
448 2050 615 2124 νόμος
660 2051 779 2105 καθ’
821 2051 880 2104 ὃν
927 2048 1253 2120 ἐδιδάπετο,
1284 2050 1534 2127 γυναικὸς
1588 2050 1882 2128 ἀλλοτρίας

251 2140 325 2212 μή
384 2140 662 2210 ἅπτεσθαι,
720 2138 1108 2215 παρεσκεύασεν
1188 2139 1342 2193 αὐτὸν
1424 2146 1741 2216 πυρωθῆναι
1817 2144 1883 2215 τῇ

243 2226 458 2301 καμίνῳ
486 2232 594 2282 τῶν
627 2232 963 2304 πειρασμῶν.

317 2341 346 2368 ι(
378 2317 477 2370 Καὶ
523 2315 769 2381 εῗσῆλθεν
817 2316 1035 2392 Ἰσραὴλ
1084 2316 1161 2379 εἷς
1207 2314 1505 2392 Αἴγυπτον·
1554 2317 1644 2372 καὶ
1695 2312 1887 2372 Ἰακὼϐ

246 2405 567 2480 παρῴκησεν
626 2403 678 2459 ἐν
737 2405 807 2481 γῇ
866 2406 1007 2479 Χάμ.
1042 2429 1071 2457 υ
1105 2439 1172 2448 —-—
1218 2405 1554 2482 Παλιλλογεῖ
1599 2406 1886 2475 κάνταῦθα,

249 2495 323 2567 γῇ
355 2494 459 2569 γὰρ
490 2494 616 2565 Χάμ
646 2496 681 2562 ἡ
716 2490 1007 2570 Αἴγυπτος.

324 2604 353 2632 ‹‹
383 2582 483 2636 Καὶ
530 2578 734 2653 ηὔξησε
778 2583 870 2637 τὸν
913 2583 1041 2639 λαὸν
1084 2583 1248 2639 αὐτοῦ
1294 2582 1520 2663 σφόδρα.
1557 2609 1584 2637 ››
1615 2618 1683 2627 --
1712 2581 1887 2655 H651)-

255 2668 362 2742 σθ,
395 2670 424 2724 ὁ
469 2671 597 2733 Θεὸς
657 2669 895 2742 δηλαδή.
943 2674 1014 2727 Τὸ
1071 2671 1128 2727 δὲ
1184 2672 1347 2728 αὐτοῦ
1397 2679 1597 2728 νοεῖται
1654 2673 1744 2727 καὶ
1803 2672 1890 2727 ἐπὶ

255 2764 410 2833 Θεοῦ,
441 2765 641 2814 νοεῖται
668 2761 757 2815 καὶ
787 2760 874 2815 ἐπὶ
903 2767 1000 2817 τοῦ
1029 2758 1243 2819 Ἰακώϐ.

325 2872 355 2901 ‹‹
381 2850 479 2903 Καὶ
522 2848 876 2925 ἐκραταίωσεν
927 2851 1083 2906 αὐτὸν
1132 2853 1263 2929 ὑπὲρ
1310 2852 1436 2915 τοὺς
1503 2852 1733 2929 ἐχθροὺς
1801 2852 1891 2907 a16—

247 2942 365 2995 τοῦ,
408 2961 437 2989 ››
494 2939 746 3014 -Ὑπὲρ
803 2938 933 3003 τοὺς
1005 2942 1357 3017 Αἰγυπτίους,
1417 2938 1613 3004 οἴετινες
1697 2942 1888 3019 ἐχθροὶ

244 3026 379 3095 ἦσαν
408 3027 497 3081 καὶ
526 3031 641 3089 τοῖς
668 3028 1027 3104 Ἰσραηλίταις
1055 3030 1143 3084 καὶ
1182 3035 1261 3103 τῷ
1288 3029 1424 3103 Θεῷ.

317 3139 345 3167 ι(
377 3116 711 3190 Μετέστρεψε
768 3118 869 3186 τὴν
942 3118 1159 3192 καρδίαν
1237 3118 1410 3174 αὐτῶν
1485 3124 1583 3174 τοῦ
1661 3126 1884 3192 μισῆσαι

243 3205 334 3259 τὸν
396 3205 524 3259 λαὸν
583 3204 767 3262 αὐτοῦ.
799 3229 829 3259 »
861 3241 931 3248 —
959 3207 1069 3262 Ούκ
1124 3206 1284 3270 αὐτὸς
1340 3203 1683 3281 μεταϐαλὼν,
1740 3207 1888 3265 ἀλλὰ

240 3296 320 3364 τῷ
381 3292 707 3367 αὐτεξουσίῳ
770 3301 1139 3372 παραχωρῶν.
1208 3298 1465 3361 Ἐνταῦθα
1540 3294 1597 3352 δὲ
1646 3297 1708 3351 τὸ
1789 3298 1881 3370 μὲν

239 3386 457 3458 πρῶτον
514 3381 679 3437 016106
729 3380 1035 3453 δηλωτικόν
1085 3384 1193 3440 ἐστι
1242 3390 1338 3439 τοῦ
1397 3387 1620 3462 Φαραὼ,
1670 3386 1732 3440 06
1786 3392 1884 3442 τοῦ

242 3470 560 3544 ἀγαπῶντος
590 3468 681 3525 16v
729 3472 948 3550 Ἰωσὴφ,
982 3470 1108 3528 ἀλλ’
1142 3472 1344 3549 ἐτέρουο
1400 3475 1463 3528 τὸ
1522 3472 1580 3529 δὲ
1636 3471 1882 3551 δεύτερον

243 3557 408 3612 αὐτοῦ
441 3559 734 3632 μηνυτικόν
764 3560 873 3615 ἐστι
902 3566 1001 3616 τοῦ
1027 3566 1182 3619 Θεοῦ.

316 3671 346 3699 ‹‹
378 3650 491 3704 Τοῦ
545 3645 855 3703 δολιοῦσθαι
914 3648 966 3704 ἐν
1026 3656 1154 3705 πᾶσι
1205 3656 1323 3714 τοῖς
1382 3650 1601 3714 δούλοις
1635 3651 1817 3708 αὐτοῦ.
1853 3675 1882 3704 ››

241 3740 445 3790 -Τοῦ
505 3731 899 3794 ἐπιϐουλεύειν’
960 3738 1251 3815 προσέταξε
1315 3741 1418 3816 γάρ
1498 3746 1617 3803 ταῖς
1698 3740 1883 3815 μαίαις

243 3825 478 3900 ἀναιρεῖν
509 3827 577 3880 τὰ
604 3823 798 3903 ἄρσενα
824 3831 932 3882 τῶν
963 3824 1261 3905 Ἑϐραϊκῶν
1299 3830 1534 3907 βρεφῶν.

314 3955 343 3983 (ι
369 3933 559 3996 ’Έθετο
590 3932 642 3987 ἐν
674 3932 857 3996 αὐτοῖς
895 3933 1021 3996 τοὺς
1078 3933 1279 4011 λόγους
1334 3941 1438 3989 τῶν
1497 3935 1740 4010 σημείων
1786 3939 1880 3994 αὖ-

234 4023 334 4075 τοῦ
388 4021 479 4075 καὶ
522 4025 628 4076 τῶν
693 4023 929 4098 τεράτων
989 4022 1153 4078 αὐτοῦ
1201 4023 1253 4079 έν
1418 4023 1561 4099 Χάμ.
1613 4049 1642 4078 ››
1693 4059 1763 4070 -—-
1806 4029 1883 4083 Τά

234 4109 628 4184 προστάγματα
680 4111 806 4187 περὶ
858 4115 967 4167 τῶν
1016 4112 1066 4166 ἐν
1124 4116 1196 4187 γῇ
1250 4113 1376 4186 Χάμ
1442 4112 1878 4188 ένεργηθησομέ-

234 4219 342 4252 νων
400 4198 641 4272 σημείων
690 4200 781 4254 καὶ
835 4202 1071 4277 τεράτων
1126 4201 1308 4257 αὐτοῦ·
1342 4202 1629 4280 ἐνεργῆσαι
1679 4206 1783 4281 γὰρ
1824 4206 1875 4261 ἐν

238 4286 498 4363 Δΐγύπτῳ
553 4288 868 4363 προσέταξεν
918 4290 1100 4353 αὐτοῖς
1148 4288 1341 4346 τοσάδε
1403 4293 1493 4347 καὶ
1547 4291 1731 4349 τοιάδε
1779 4316 1876 4364 ση-

241 4381 386 4451 μεῖα.
448 4379 649 4455 ’Ὠσπερ
708 4375 765 4433 δὲ
816 4377 867 4433 ἐν
924 4383 1004 4451 τῷ
1062 4381 1138 4449 οζ¹
1192 4379 1398 4454 ψαλμῷ
1450 4383 1548 4451 τὴν
1610 4384 1757 4455 τάξιν
1815 4384 1877 4438 o6

236 4465 491 4543 φυλάττει
546 4470 654 4521 τῶν
709 4467 1084 4544 Αἰγυπτιακῶν
1143 4468 1395 4544 πληγῶν,
1459 4470 1602 4526 οὕτω
1649 4472 1738 4526 καὶ
1792 4472 1874 4528 ἐν-

232 4556 443 4613 ταυθοῖ.

306 4668 335 4696 ι(
371 4645 743 4717 Ἐξαπέστειλε
825 4645 1037 4713 σκότος,
1096 4647 1186 4702 καὶ
1256 4646 1527 4721 ἐσκότασε,
1587 4650 1679 4704 καὶ
1738 4671 1874 4726 παρ-

234 4732 521 4808 επίκραναν
569 4733 698 4798 τοὺς
744 4732 944 4811 λόγους
992 4734 1178 4794 αὐτοῦ.
1212 4760 1241 4789 ››
1280 4770 1349 4779 ——
1395 4739 1494 4793 Διά
1537 4742 1642 4793 τῶν
1693 4737 1873 4815 λόγων

233 4819 516 4893 δεδήλωκε
559 4823 651 4878 τὸν
705 4822 933 4901 λέγοντα
980 4826 1131 4895 Θεὸν,
1185 4826 1242 4880 ’ὀν
1293 4825 1703 4901 παρελύπησαν,
1747 4828 1875 4892 τοὺς

232 4909 434 4986 λόγους
526 4911 690 4968 αὐτοῦ
774 4914 1098 4983 ἀθετοῦντες,
1157 4916 1209 4969 οἱ
1276 4914 1586 4991 Αἰγύπτιοι·
1652 4917 1713 4972 o6
1773 4919 1873 4995 γὰρ

227 4997 466 5069 ἤκουσαν
494 5005 628 5058 Θεοῦ
656 5000 970 5064 κελεύοντος
1027 5002 1297 5059 ἀπολῦσαι
1349 5004 1440 5058 τὸν
1501 5002 1631 5059 λαὸν
1686 5005 1869 5075 αὐτοῦ,

225 5088 542 5153 κελεύοντος
620 5087 678 5145 δὲ
745 5094 907 5146 τοῦτο
985 5088 1074 5145 610‘1
1140 5092 1380 5155 Μωσέως
1454 5089 1713 5163 δηλονότι
1781 5095 1871 5150 καὶ

225 5177 462 5254 Ἀαρών.

297 5290 326 5319 ‹‹
375 5267 630 5345 Εξεῖρψεν
671 5270 706 5338 ἡ
755 5274 827 5343 γῆ
881 5267 1057 5324 αὐτῶν
1125 5269 1455 5345 βατράχους.
1487 5296 1516 5323 ››
1548 5303 1618 5314 ·-
1673 5272 1743 5326 Τὸ
1789 5270 1870 5343 ἐξ·

221 5352 407 5431 εῖρψεδ
437 5356 552 5412 ἀντὶ
580 5361 677 5413 τοῦ
708 5354 961 5431 ἐξέδωκεν
995 5357 1370 5433 ἐρπυστικούς.

294 5469 323 5498 ‹‹
355 5446 438 5502 Ἐν
486 5451 602 5509 τοῖς
652 5447 920 5520 ταμιείοις
946 5452 1055 5502 τῶν
1091 5446 1358 5523 βασιλέων
1390 5447 1582 5506 αὐτῶν.
1634 5472 1665 5501 ››
1696 5482 1765 5492 -
1794 5450 1867 5505 O6

226 5533 390 5607 μόνον
445 5534 499 5589 ἐν
555 5540 672 5598 τοῖς
728 5534 924 5599 ἄλλοις
979 5535 1190 5608 τόποις,
1222 5535 1368 5591 ἀλλά
1418 5537 1508 5592 καὶ
1541 5537 1592 5592 ἐν
1622 5544 1737 5600 τοῖς
1793 5540 1869 5602 εἷς

222 5623 290 5678 τὰ
320 5623 569 5699 βασίλεια
592 5624 882 5700 ταμιείοις,
914 5624 1040 5689 ἔνθα
1089 5623 1277 5695 πολλὴ
1336 5624 1550 5704 φυλακή
1581 5626 1672 5682 καί
1699 5627 1867 5706 ἀσφά-

226 5709 367 5766 λεια.

301 5824 330 5854 ι(
360 5802 512 5874 Εἶπε,
562 5796 654 5859 καῖ
702 5803 837 5874 ἦλθε
884 5804 1152 5879 κυνάμυια
1208 5804 1297 5860 καὶ
1368 5810 1583 5870 σκνῖπες
1636 5806 1686 5861 ἐν
1736 5812 1866 5863 πᾶσι

2028 2052 2110 2093 ας.

2028 2053 2058 2085 α
2098 2075 2110 2087 .

1992 2053 2026 2108 γ
2064 2053 2379 2196 ῑΔιέῤῥηξε
2428 2120 2648 2196 πέτραν,
2698 2117 2787 2175 καί
2857 2117 3121 2195 ἐρρύησαν
3171 2115 3355 2172 ὕδατα·
3409 2115 3632 2191 ἐπορεύ-

1997 2210 2162 2279 θησαν
2221 2209 2271 2263 ἐν
2323 2207 2574 2284 ἀνύδροις
2630 2207 2890 2282 ποταμοί.
2936 2233 2964 2259 n
3023 2241 3091 2250 —
3140 2206 3426 2278 Ποταμοὺς
3491 2203 3636 2281 λέγει

1993 2297 2121 2361 τοὺς
2152 2297 2211 2353 ἐκ
2235 2301 2330 2366 τῆς
2359 2297 2556 2373 πέτρας
2587 2295 3014 2373 διαρῥηχθείσης
3067 2293 3297 2371 ὀχετοὺς
3348 2298 3455 2348 τῶν
3509 2289 3634 2348 ὑδά-

1995 2407 2103 2441 των
2136 2385 2328 2449 ο⁹ίτινες
2361 2386 2412 2441 έν
2442 2383 2691 2462 ἀνύδροις
2718 2385 2909 2447 τόποις
2940 2383 3315 2461 κπέρῥευσαν.

2070 2478 2247 2530 «Ὅτι
2300 2476 2541 2548 ἐμνήσθη
2599 2479 2693 2529 τοῦ
2746 2472 2917 2549 λόγου
2972 2478 3068 2528 τοῦ
3128 2472 3286 2548 ἁγίου
3324 2471 3509 2541 αὐτοῦ,
3541 2476 3640 2527 τοῦ

1998 2565 2134 2641 πρὸς
2189 2559 2437 2642 ’Δϐραὰμ
2480 2564 2571 2619 τὸν
2622 2561 2817 2618 δοῦλον
2869 2562 3050 2619 αὐτοῦ.
3082 2586 3110 2613 ››
3142 2595 3209 2605 -
3254 2566 3375 2617 Ὅτι
3420 2558 3636 2631 πληθυ-

1998 2659 2081 2707 νεῖ
2122 2655 2184 2708 τὸ
2233 2655 2448 2730 σπέρμα
2490 2654 2675 2726 αὐτοῦ,
2705 2653 2794 2707 καὶ
2844 2650 2929 2707 6'11
2977 2649 3136 2707 δώσει
3184 2650 3330 2723 αὐτῷ
3373 2657 3475 2727 γῆν
3527 2655 3639 2705 Χα-

2000 2763 2144 2799 νααν.

2070 2855 2100 2883 ‹‹
2132 2832 2231 2887 Καὶ
2280 2829 2476 2887 ἔδωκεν
2537 2830 2716 2893 αὐτοῖς
2782 2831 2971 2907 χώρας
3041 2828 3221 2883 ἐθνῶν’
3289 2827 3379 2882 καὶ
3443 2826 3640 2890 πόνους

2000 2919 2145 2976 λαῶν
2194 2915 2768 2998 κατεκληρονόμησαν.
2814 2944 2843 2971 ››
2894 2952 2962 2962 -κ-
3001 2916 3134 2979 Τούς
3198 2938 3257 2971 τε
3322 2916 3643 2979 ἀθετοῦντας

1997 3010 2191 3073 αὐτοὺς
2242 3010 2476 3073 κολάσας
2528 3007 2750 3071 ἐνδίκως
2799 3008 2887 3063 καὶ
2936 3008 3032 3070 τὰς
3081 3006 3283 3068 οῗκείας
3322 3002 3641 3079 ἐμπεδώσεις

1998 3098 2322 3171 ὁμολογίας.

2069 3191 2307 3251 «Ὅπως
2385 3188 2446 3243 ἂν
2540 3186 2814 3267 φυλάξωσι
2889 3187 2956 3242 τά
3031 3183 3374 3258 δικαιώματα
3449 3183 3636 3255 αὐτοῦ,

1993 3278 2082 3331 καὶ
2123 3278 2211 3332 τὸν
2260 3277 2427 3351 νόμον
2482 3276 2645 3332 αὐτοῦ
2699 3274 3091 3345 ἐκζητήσωσιν.
3137 3297 3165 3325 ››
3219 3306 3287 3315 -
3336 3271 3485 3328 Ἀντὶ
3542 3276 3641 3326 τοῦ

1916 3347 1958 3413 CI
1995 3347 2338 3437 auerso-100w"
2360 3368 2389 3421 ὃ
2418 3367 2522 3442 γάρ
2548 3367 2705 3421 ποθεῖ
2731 3385 2814 3426 τις
2841 3363 2930 3418 καὶ
2963 3363 3196 3434 ἐκζητεῖ.

2581 3493 2874 3544 ΨΔΛΜΟΣ
2918 3489 3036 3543 ΡΕ’.

2065 3604 2093 3632 ‹‹
2130 3578 2492 3649 Ἀλληλούϊα.
2527 3577 2973 3653 Ἐξομολογεῖσθε
2997 3579 3077 3648 τῷ
3123 3574 3325 3651 Κυρίῳ,
3357 3573 3441 3629 6'11
3488 3593 3640 3649 χρη-

1994 3669 2137 3732 στός·
2191 3669 2272 3724 6'11
2324 3669 2398 3729 είς
2446 3668 2537 3722 τὸν
2600 3666 2769 3721 αἰῶνα
2813 3667 2876 3721 τὸ
2922 3662 3074 3727 ἔλεος
3106 3664 3290 3720 αὐτοῦ.
3326 3687 3355 3715 ››
3385 3695 3456 3705 —
3485 3664 3634 3733 Ἐξο-

1996 3757 2319 3831 μολογεῖσθε
2373 3757 2455 3812 ἀεὶ
2506 3760 2584 3829 τῷ
2639 3760 2755 3827 Θεῷ
2820 3755 2916 3817 τὰς
2990 3752 3254 3831 ἁμαρτίας
3312 3753 3485 3825 ὑμῶν,
3545 3750 3628 3806 6'11

1991 3848 2190 3922 ἀγαθὸς
2220 3848 2309 3902 καὶ
2340 3846 2727 3920 ἀμνησίκακος,
2759 3842 2843 3898 ὅτι
2886 3843 3104 3897 αἰώνιον
3152 3843 3214 3896 τὸ
3263 3838 3415 3903 ἕλεος
3466 3839 3628 3895 αὐτοῦ

1989 3938 2079 3992 καὶ
2112 3935 2372 4007 διηνεκές*
2406 3935 2487 3990 ἀεὶ
2515 3935 2616 4011 γὰρ
2650 3932 2792 3989 ἐλεεῖ
2816 3931 2942 3994 τοὺς
2976 3935 3385 4005 μετανοοῦντας.

2062 4026 2212 4087 «Τίς
2254 4023 2483 4095 λαλήσει
2526 4024 2622 4085 τὰς
2671 4020 2980 4082 δυναστείας
3044 4024 3141 4075 τοῦ
3205 4018 3423 4093 Κυρίου,
3466 4018 3626 4073 ἀκου-

1988 4115 2112 4177 στάς
2167 4116 2385 4184 ποιήσει
2443 4114 2614 4174 πάσας
2672 4111 2767 4173 τὰς
2809 4110 3013 4172 ἀνέσεις
3045 4108 3244 4176 αύτοῦ;
3279 4131 3308 4159 ››
3338 4140 3407 4150 -
3435 4104 3627 4168 Οὐδεὶς

1988 4204 2091 4280 γὰρ
2123 4204 2341 4279 ἀπόχρη
2375 4201 2545 4277 λόγος
2575 4201 2650 4262 εἷς
2683 4197 2958 4273 ὑμνῳδίαν
2987 4202 3085 4253 τοῦ
3117 4201 3270 4253 Θεοῦ.

2062 4315 2090 4342 ‹‹
2121 4293 2387 4368 Μακάριοι
2438 4291 2491 4344 οἱ
2545 4288 2903 4367 φυλάσσοντες
2952 4286 3128 4361 κρίσιν
3187 4284 3278 4339 καὶ
3347 4288 3628 4345 ποιοῦντες

1987 4379 2325 4451 δικαιοσύνην
2377 4379 2429 4435 ἐν
2475 4378 2633 4434 παντὶ
2679 4382 2873 4451 καιρῷ.
2905 4398 2934 4427 ›)
2965 4408 3034 4417 -
3085 4373 3385 4449 Μακαρίζει
3414 4374 3443 4426 ὁ
3485 4392 3628 4448 προ-

1986 4473 2167 4550 φήτης
2224 4469 2285 4525 o6
2332 4467 2460 4531 τοὺς
2521 4468 2674 4540 ἅπαξ,
2715 4465 2862 4522 ἀλλά
2926 4466 3054 4527 τοὺς
3116 4461 3377 4533 διηνεκῶς
3450 4461 3627 4550 ὀρθῶς

1985 4549 2264 4636 κρίναντας
2310 4557 2400 4613 καὶ
2441 4555 2662 4618 δικαίως
2699 4555 2789 4610 καὶ
2841 4554 3042 4629 ἑτέροις
3085 4551 3175 4607 καὶ
3224 4552 3457 4623 ἑαυτοῖς,
3489 4549 3628 4605 ὥστε

1992 4651 2068 4723 μή
2161 4652 2510 4725 παραχωρεῖν
2582 4643 3051 4717 κατεξανίστασθαι
3128 4641 3189 4695 τὸ
3259 4645 3444 4716 χεῖρον
3526 4643 3625 4694 τοῦ

1909 4715 1953 4779 D
1984 4738 2310 4812 κρείττονος.

2057 4852 2086 4881 (ι
2116 4829 2397 4898 Μνήσθητι
2428 4828 2612 4899 ὗμῶν,
2642 4823 2824 4900 Κύριε,
2862 4823 2913 4877 ἐν
2960 4826 3030 4896 τῇ
3081 4817 3300 4892 εὐδοκίᾳ
3341 4823 3440 4875 τοῦ
3488 4817 3623 4874 λαοῦ

1982 4937 2102 4972 σου’
2155 4916 2436 4991 ἐπίσκεψαι
2486 4914 2537 4969 ἐν
2586 4913 2665 4987 τῷ
2717 4912 2974 4988 σωτηρίῳ
3018 4932 3138 4991 σου.
3188 4933 3217 4961 ››
3267 4941 3335 4951 --
3379 4907 3622 4964 Ἰκετεύει

1983 5007 2011 5061 ὁ
2067 5008 2357 5084 προφήτης
2422 5004 2604 5077 μνείαν
2663 5001 2904 5077 γενέσθαι
2958 5000 3046 5055 καὶ
3105 4998 3269 5054 αύτσῦ
3326 4997 3378 5052 ἐν
3409 5001 3479 5070 τῇ
3536 4993 3625 5052 διὰ

1978 5101 2077 5164 τῆς
2150 5094 2294 5156 θείας
2372 5092 2827 5169 ἐνανθρωπήσεως
2903 5087 3178 5165 εὐεργεσίᾳ
3232 5086 3324 5141 καὶ
3381 5085 3625 5161 σωτηρίᾳ

1977 5187 2074 5238 τοῦ
2122 5181 2244 5237 νέου
2301 5181 2457 5238 λαοῦ.
2488 5181 2557 5237 Αἱ
2597 5183 2841 5235 τοιαῦται
2891 5174 2949 5232 δὲ
2992 5176 3190 5232 ἱκεσίαι
3221 5173 3467 5252 δόγματά
3519 5174 3621 5229 εἱσι

1977 5273 2308 5348 προφητικά·
2371 5268 2552 5346 ὥσπερ
2626 5273 2712 5322 νῦν
2782 5264 3095 5343 δαγματίζει
3171 5263 3528 5341 προφητεύων
3592 5263 3621 5317 6

1979 5358 2140 5416 Δαυῒδ
2202 5361 2278 5433 μὴ
2342 5358 2504 5433 μόνον
2544 5362 2661 5419 τοῖς
2695 5360 2874 5426 ζῶσιν,
2908 5352 3054 5409 ἀλλὰ
3080 5354 3314 5416 καὶτοῖς
3368 5354 3618 5408 τεθνεῶσι

1974 5451 2037 5504 τὸ
2094 5451 2362 5526 σωτήριον
2434 5446 2730 5514 ἐπισκοπὴν
2816 5445 3134 5515 ποιήσεσθαι
3218 5443 3309 5497 τὸν
3389 5439 3615 5517 Χριστὸν

1978 5537 2067 5593 διὰ
2093 5545 2193 5608 τῆς
2225 5537 2275 5592 ἐν
2306 5542 2387 5609 τῷ
2412 5532 2511 5611 ᾅδῃ
2539 5532 2772 5599 καθόδου
2806 5533 2987 5589 αὐτοῦ.

2049 5652 2077 5679 ‹‹
2108 5632 2212 5683 Τοῦ
2244 5624 2375 5681 ἰδεῖν
2418 5625 2468 5680 ἐν
2514 5629 2583 5699 τῇ
2627 5623 2967 5701 χρηστόοητι
3013 5628 3121 5678 τῶν
3173 5619 3436 5677 ἐκλεκτῶν
3496 5639 3642 5689 σου,

1974 5722 2072 5772 τοῦ
2100 5718 2457 5796 εὐφρανθῆναι
2502 5714 2552 5770 ἐν
2602 5719 2672 5788 τῇ
2721 5713 3020 5791 εὐφροσύνῃ
3064 5717 3160 5767 τοῦ
3208 5710 3389 5770 ἔθνους
3433 5728 3549 5765 σου.
3585 5731 3615 5759 ››

1979 5810 2234 5863 -Ὥστε
2293 5804 2420 5864 ἰδεῖν
2480 5804 2569 5860 καὶ
2626 5807 2794 5878 ἡμᾶς,
2834 5801 3006 5879 ἤγουν
3062 5802 3219 5877 πείρᾳ
3273 5802 3469 5877 γνῶναι
3524 5798 3614 5857 καὶ
