3998 6424
425 383 589 472 Αββὸ

433 524 621 587 παθεῖν
678 518 776 588 τήν
830 506 1059 594 γαθωσιν
1116 520 1205 596 καὶ
1289 519 1553 596 θυμηδίαν
1610 527 1707 578 τοῦ
1759 530 2066 600 Χριστιανι-

434 614 531 671 κοῦ
560 608 695 664 λαοῦ
726 630 840 668 σου.

507 724 534 750 ‹‹
567 697 906 773 Ἡμάρτομεν
945 699 1077 772 μετὰ
1140 705 1246 756 τῶν
1313 703 1556 779 πατέρων
1625 706 1802 777 ἡμῶν*
1854 705 2069 775 ἠνομή-

438 809 624 860 σαμεν,
651 784 1011 862 ἠδικήσαμεν.
1048 813 1077 841 )›
1108 824 1176 832 -
1205 790 1275 845 Ού
1319 799 1546 862 συνῆκαν
1593 794 1659 847 τά
1711 793 1762 847 ἐν
1817 793 2073 868 Αἰγύπτῳ

434 875 705 950 Θαυμάσιά
759 898 874 947 σου,
909 875 1033 934 οὐδὲ
1090 878 1431 952 ἐμνήσθησαν
1488 887 1585 936 τοῦ
1639 883 1716 944 εἰς
1748 882 1941 944 αὐτοὺς
1987 904 2075 957 γε-

434 965 666 1038 νομένου
725 964 911 1027 ἐλέους
970 987 1085 1032 σου,
1123 965 1250 1023 ἀλλ’
1308 966 1508 1032 ἰδόντες
1557 970 1685 1033 τοὺς
1746 971 2072 1046 Αἰγυπτίους

437 1054 612 1109 ὀπίσω
660 1055 856 1126 αὐτῶν,
907 1051 1248 1130 ἐφοϐήθησαν
1324 1058 1411 1113 καὶ
1477 1058 1791 1136 ἐγόγγυζον,
1843 1062 1919 1134 μὴ
1985 1082 2074 1115 πι-

437 1143 713 1204 στεύοντες
740 1147 806 1217 τῇ
841 1141 1063 1218 δυνάμει
1096 1166 1209 1203 σου.

509 1275 536 1302 ‹‹
570 1251 666 1305 Καὶ
718 1250 1114 1327 παρεπίκραναν
1183 1248 1554 1318 ἀναϐαίνοντες
1614 1255 1665 1310 ἐν
1724 1261 1790 1330 τῇ
1850 1259 2079 1334 Ἐρυθρᾷ

437 1339 694 1414 θαλάσσῃ.
751 1362 779 1394 ι
842 1374 908 1384 —
975 1337 1374 1405 Ἀναϐαίνοντες
1454 1344 1616 1414 εἶπεν,
1675 1345 1756 1402 ὅτι
1814 1344 2072 1422 χθαμαλή

441 1427 578 1484 ἐστιν
639 1432 674 1498 ἡ
722 1425 1014 1504 Αἴγυπτος·
1069 1429 1186 1496 ὅθεν
1233 1427 1508 1488 ἀνέϐαινον
1577 1435 1713 1510 πρὸς
1775 1437 1873 1506 τῆν
1926 1440 2078 1512 Ἐρυ-

447 1519 574 1594 θραν
607 1515 897 1586 θάλασσαν,
931 1518 981 1574 ἐν
1032 1518 1394 1596 ὑψηλοτέροις
1457 1521 1637 1598 μέρεσι
1695 1523 1946 1598 κειμένην
1988 1526 2077 1581 καὶ

445 1603 849 1676 πλησιάζουσαν
881 1607 948 1682 τῇ
979 1607 1194 1683 ἐρήμῳ.

519 1717 542 1747 ι
577 1695 676 1749 Καὶ
705 1693 898 1750 ἔσωσεν
928 1696 1125 1760 αὐτοὺς
1157 1695 1328 1754 ἕνεκεν
1375 1705 1471 1754 τοῦ
1522 1699 1786 1772 ὀνόματος
1833 1700 2018 1758 αὑτοῦ.
2052 1725 2081 1753 ››

443 1815 510 1824 --
556 1785 670 1838 Ἳνα
733 1786 807 1858 μὴ
877 1784 1252 1862 βλασφημηθῇ
1314 1789 1387 1851 ὡς
1448 1789 1698 1860 ἀσθενής·
1764 1789 1915 1844 αὑτοὶ
1979 1792 2081 1866 γάρ

431 1871 645 1945 ⁹ἀνάξιοι
677 1873 812 1943 ἦσαν
839 1875 1132 1948 σωτηρίας.

521 1983 548 2016 α
575 1966 678 2016 Τοῦ
715 1962 973 2038 γνωρίσαι
1030 1966 1128 2033 τήν
1187 1962 1491 2026 δυναστείαν
1550 1965 1734 2023 αὑτοῦ.
1769 1991 1797 2018 ››
1828 1999 1900 2010 -
1927 1975 2083 2023 Ὢστε

437 2052 720 2126 ,γνώριμον
783 2058 1062 2129 πανταχοῦ
1119 2057 1338 2123 ποιῆσαι
1385 2055 1448 2110 τὸ
1490 2053 1938 2131 μεγαλοδύναμον
1990 2057 2081 2112 αὖ·

440 2143 559 2197 τοῦ.

515 2252 544 2281 ‹‹
578 2229 674 2286 Καὶ
706 2227 1014 2286 ἐπίστευσαν
1057 2236 1137 2304 τῷ
1169 2231 1316 2308 λόγῳ
1347 2233 1535 2291 αὐτοῦ,
1579 2257 1607 2286 ››
1641 2268 1701 2278 --
1753 2239 1879 2297 Ταῖς
1926 2235 2084 2312 ἐπαγ-

442 2315 649 2393 γελίαις
677 2318 860 2374 αὐτοῦ.

512 2429 541 2458 ι(
570 2406 669 2461 Καὶ
716 2407 906 2481 ᾕνεσαν
948 2411 1045 2478 τὴν
1091 2406 1285 2465 αἴνεσιν
1331 2411 1513 2468 αὑτοῦ.
1559 2435 1590 2465 ››
1641 2446 1710 2480 ε·
1751 2415 1856 2483 Τὴν
1923 2413 2083 2475 ἐπινί-

443 2513 558 2550 κιον
591 2493 739 2568 ᾠδὴν
770 2498 831 2564 ἣν
867 2497 1230 2574 ὑπηγόρευσεν
1262 2501 1446 2563 αὐτοῖς
1477 2509 1730 2574 Μωϋσῆς.

518 2607 547 2634 ‹‹
576 2585 892 2661 Ἐτάχυναν,
953 2587 1275 2644 ἐπελάθοντο
1331 2595 1440 2644 τῶν
1507 2588 1682 2667 ἔργων
1760 2591 1944 2648 αὐτοῦ·
1993 2593 2082 2649 καὶ

441 2671 549 2748 οὐχ
587 2672 873 2747 ὑπέμειναν
903 2677 1002 2745 τὴν
1058 2677 1264 2752 βουλὴν
1311 2678 1495 2736 αὐτοῦ.
1531 2703 1559 2730 ››
1590 2714 1659 2722 -
1687 2683 1910 2757 Ταχέως
1960 2681 2080 2738 ἐπε-

439 2759 669 2817 λάθοντο
723 2768 828 2818 τῶν
917 2765 1230 2841 εὐεργεσιῶν
1318 2767 1501 2823 αὐτοῦ.
1551 2771 1669 2824 ’Ὀτι
1744 2772 2080 2834 πεινάσαντες

438 2848 526 2904 καὶ
573 2854 680 2905 τῶν
731 2851 782 2906 ἐν
831 2852 1094 2928 Αἰγύπτῳ
1147 2856 1452 2930 βρωμάτων
1503 2858 1820 2932 μνησθέντες
1871 2857 2078 2936 διεγόγ-

439 2943 624 3013 γυζον,
653 2939 752 2994 οὐκ
781 2939 1058 3014 ἀνέμειναν
1109 2943 1205 3012 τὴν
1255 2944 1512 3020 πρόνοιαν
1561 2946 1724 3002 αὑτοῦ
1775 2947 1869 3002 ’ίνα
1921 2949 2081 3024 γένη-

437 3047 524 3081 ται
553 3026 628 3090 εἰς
654 3027 867 3100 αὐτοὺς,
897 3029 1027 3106 ὅπερ
1059 3027 1316 3088 ἐϐούλετο
1346 3036 1374 3088 6
1405 3035 1555 3098 Θεός.

516 3140 538 3167 ι
571 3115 669 3172 Καί
723 3117 1067 3193 ἐπεθύμησαν
1128 3119 1415 3196 ἐπιθυμίαν
1475 3123 1527 3179 ἐν
1582 3130 1650 3200 τῇ
1703 3125 1918 3201 ἐρήμῳ.
1951 3151 1980 3179 »
2011 3161 2081 3171 --

435 3204 750 3280 Βρωμάτων
784 3205 1020 3280 δηλαδή.

508 3317 538 3346 α
571 3294 668 3350 Καὶ
722 3293 1000 3370 ἐπείρασαν
1052 3299 1142 3353 τὸν
1197 3300 1325 3356 Θεὸν
1385 3301 1435 3356 ἐν
1495 3301 1725 3378 ἀνύδρῳ.
1779 3328 1807 3357 ››
1865 3337 1934 3350 -ο
1991 3309 2076 3363 Ἐν

438 3380 653 3458 ἀνύδρῳ
707 3385 862 3458 τόπῳ
911 3387 946 3456 ἢ
993 3391 1063 3464 γῇ
1120 3384 1377 3460 δηλονότι
1438 3389 1759 3466 ἐδοκίμασαν
1807 3382 2077 3466 τὸνΘεὸν,

436 3466 684 3548 λέγοντες
746 3475 879 3548 μετὰ
935 3473 1259 3552 δισταγμοῦ,
1302 3478 1532 3556 Πότερον
1594 3479 1810 3538 δύναται
1869 3482 2077 3562 διαθρέ-

435 3563 530 3632 ψαι
563 3563 712 3634 ἡμᾶς
745 3562 1027 3634 ἐνταυθοῖ;

509 3673 538 3701 κ
571 3649 668 3704 Καί
725 3649 920 3707 ἔδωκεν
977 3653 1159 3717 αὐτοῖς
1218 3657 1280 3712 τὸ
1333 3655 1542 3731 αἶ’τημα
1588 3658 1783 3718 αὐτῶν.
1820 3687 1846 3714 ››
1880 3694 1948 3703 -
1978 3659 2074 3720 Αἴ-

433 3738 789 3827 τημαᾼλέγει
846 3743 944 3810 τὴν
1005 3742 1311 3817 ἐπιθυμίαν,
1344 3748 1406 3801 τὸ
1466 3750 1688 3819 ζήτημα
1740 3756 1840 3818 τῆς
1890 3753 2076 3827 ψυχῆς

435 3824 568 3903 ὅπερ
597 3825 702 3901 ᾖτή
713 3850 891 3886 σαντο.

507 3939 537 3967 ‹‹
571 3916 942 3992 Ἐξαπέστειλε
968 3919 1296 3996 πλησμονήν
1330 3924 1406 3987 εἰς
1437 3927 1532 3988 τὰς
1579 3929 1760 4003 ψυχάς
1820 3928 2010 3983 αὐτῶν.
2047 3956 2070 3985 ι

435 4035 504 4046 -
533 4003 606 4060 Ού
651 4006 754 4082 γὰρ
803 4006 994 4072 ἁπλῶς
1042 4008 1209 4066 ἔδωκε
1249 4013 1346 4082 τήν
1409 4014 1819 4091 ὀρτυγομήτραν
1873 4017 1960 4072 καὶ
2014 4019 2076 4074 τὸ

437 4092 608 4166 μάννα
663 4095 751 4150 καὶ
798 4097 860 4152 τὸ
919 4095 1064 4174 ὕδωρ
1118 4101 1242 4156 τότε
1296 4101 1346 4156 ἐν
1406 4103 1590 4180 Μερῥᾷ
1639 4103 1935 4181 γλυκανθέν
1987 4107 2076 4162 καὶ

431 4183 495 4237 τὸ
527 4182 587 4238 ἐκ
612 4184 809 4262 πέτρας
841 4185 984 4262 ῥυὲν,
1015 4185 1142 4245 ἀλλ’
1170 4187 1300 4266 ἄχρι
1329 4191 1516 4268 κόρου.

2109 3258 2152 3326 C

511 4310 534 4340 α
567 4292 664 4346 Καὶ
739 4294 1086 4370 παρώργισαν
1151 4298 1241 4352 τὸν
1323 4305 1554 4370 Μωϋσῆν
1614 4299 1666 4354 ἐν
1740 4305 1808 4375 τῇ
1871 4323 2077 4378 παρεμ-

435 4373 599 4454 ϐολῇ,
633 4381 841 4460 Ἀαρὼν
872 4384 960 4438 τὸν
1022 4386 1170 4462 ἅγιον
1227 4387 1446 4463 Κυρίου.
1486 4413 1506 4440 ι
1546 4421 1612 4430 -
1641 4373 1793 4445 Κατά-
1839 4373 2076 4454 Μωσέως

438 4470 532 4555 μὲν
590 4471 690 4548 γὰρ
748 4471 1078 4545 ἐμελέτησαν
1130 4474 1420 4552 τυραννίδα
1479 4479 1531 4531 οἱ
1587 4479 1709 4555 περὶ
1760 4480 1929 4544 Δαθάν
1986 4481 2074 4535 καὶ

433 4553 718 4635 Ἀϐειρών·
753 4563 803 4616 οἱ
835 4563 957 4637 περὶ
990 4563 1128 4640 Κορέ
1167 4565 1224 4619 δὲ
1261 4566 1361 4635 τῆν
1413 4571 1510 4621 τοῦ
1560 4567 1769 4642 Ἀαρὼν
1824 4573 1920 4624 τοῦ
1977 4591 2071 4624 κα-

431 4649 762 4724 θηρωμένου
818 4652 897 4723 τῷ
955 4656 1069 4724 Θεῷ
1123 4653 1422 4730 ἱερωσύνην
1497 4639 1728 4730 ἁρπάσαι
1794 4639 2149 4733 ἐπειράθη-Π

428 4759 543 4797 σαν.

501 4852 528 4880 ‹‹
563 4829 821 4905 Ἠνοίχθη
879 4833 914 4900 ἡ
972 4831 1066 4908 γῆ,
1123 4832 1212 4888 καὶ
1287 4834 1505 4889 κατέπιε
1560 4836 1748 4900 Δαθάψ
1801 4835 1891 4891 καὶ
1950 4836 2071 4892 ἐκάο

428 4914 595 4990 λυψεν
654 4918 739 4973 ἐπὶ
794 4920 893 4988 τήν
955 4923 1272 4997 συναγωγὴν
1329 4917 1612 4999 Ἀϐειρών.
1645 4949 1674 4976 ››
1705 4958 1748 4967 -—
1806 4924 2072 4999 Ἐκάλυψε

425 5006 524 5076 τήν
583 5009 904 5084 συναγωγὴν
959 5014 1055 5064 τοῦ
1114 5005 1394 5088 Ἀϐειρων·
1432 5013 1537 5067 ἀπὸ
1593 5019 1778 5069 κοινοῦ
1831 5012 1889 5070 δέ
1915 5015 1978 5070 τὸ
2033 5018 2068 5085 ἡ

499 5208 529 5237 α
558 5184 659 5242 Καὶ
715 5185 966 5259 ἐξεκαύθη
1045 5193 1151 5264 πῦρ
1225 5188 1275 5244 ἐν
1349 5193 1418 5265 τῇ
1491 5195 1781 5266 συναγωγῇ
1869 5190 2066 5264 αὐτῶν,

424 5273 560 5356 φλὸξ
591 5275 907 5355 κατέφλεξεν
940 5276 1328 5352 ἁμαρτωλούς.
1366 5304 1394 5330 ››
1425 5313 1494 5321 -
1525 5281 1608 5334 Ἐν
1650 5284 1717 5355 τῇ
1777 5285 2068 5357 συναγωγῇ

419 5370 526 5423 τῶν
587 5364 711 5441 περὶ
776 5367 912 5441 Κορέ
969 5371 1074 5442 πῦρ
1128 5367 1353 5447 ἀναφθὲν
1405 5370 1696 5424 κατέκαυσε
1749 5374 1817 5443 τῇ
1873 5370 2068 5426 τούτου

421 5455 586 5534 φλογὶ
644 5453 772 5516 τοὺς
827 5457 870 5505 ν’
916 5458 1004 5509 καὶ
1052 5463 1093 5510 σ¹
1123 5455 1340 5529 ἄνδρας,
1369 5459 1494 5519 τοὺς
1550 5460 1949 5536 προσφέροντας
2006 5461 2068 5516 τὸ

423 5546 672 5624 θυμίαμα
736 5545 840 5607 Οὓς
901 5543 1261 5619 ἁμαρτωλοὺς
1322 5546 1488 5615 εἶπεν,
1557 5548 1633 5610 ὡς
1693 5547 1925 5624 ἁρπάσαι
1971 5549 2069 5619 τὴν

423 5637 716 5713 ιερωσύνην
751 5635 975 5706 ἀναξίως
1008 5634 1482 5709 ἐπιχειρήσαντας.

489 5753 516 5782 ‹‹
553 5727 648 5787 Καὶ
710 5723 1018 5801 ἠλλάξαντο
1073 5725 1170 5794 τῆν
1222 5720 1375 5796 δόξαν
1434 5724 1597 5782 αὐτοῦ
1639 5725 1689 5781 ἐν
1751 5728 2066 5803 ὁμοιώματι

1678 387 2101 468 NIGEPHOBI
2141 389 2580 486 pannum

3619 403 3729 500 ‘59!

2185 524 2395 602 μόσχου
2454 525 2724 597 ἐσθίοντος
2782 527 3002 606 χόρτον.
3036 553 3065 580 ››
3097 562 3166 572 -
3205 529 3521 610 Μετέστησαν
3561 533 3639 603 τὴν
3675 557 3729 591 τι-

2182 615 2288 687 μὴν
2315 620 2411 670 τοῦ
2442 620 2574 671 Θεοῦ
2606 616 2683 678 εἷς
2715 614 2946 673 εἴδωλον
2983 616 3197 693 μόσχου
3247 613 3590 698 ’χορτοφάγου.
3615 629 3731 679 Τοῦτο

2181 699 2237 758 δὲ
2293 703 2379 759 ἐπὶ
2437 702 2723 780 διασυρμῷ
2779 713 2880 776 τῆς
2936 711 3044 762 τῶν
3084 702 3341 782 Ἐϐραίων
3365 708 3574 792 ἀλογίας
3620 732 3736 788 προσ-

2179 791 2430 850 τέθειται.

2255 924 2284 952 ‹‹
2317 901 2412 955 Καὶ
2463 901 2578 956 εἰπε
2633 907 2729 959 τοῦ
2783 902 3158 980 ἐξολοθρεῦσαι
3215 903 3423 967 αὐτούς.
3478 929 3505 957 ››
3555 939 3610 950 -
3647 907 3740 964 Εἴτε

2183 989 2282 1064 γάρ
2315 989 2343 1043 6
2373 991 2501 1052 Θεὸς
2551 991 2687 1066 πρὸς
2748 999 3005 1060 Μωυσῆν.
3041 1017 3069 1045 α
3101 992 3294 1048 ’Έασόν
3353 989 3438 1066 με,
3485 993 3562 1048 καί
3609 997 3741 1068 θυμω·

2185 1077 2312 1143 θεὶς,
2347 1077 2580 1154 ἐκτρίψω
2632 1079 2847 1143 αύτούς.
2879 1104 2904 1135 η
2937 1081 3076 1136 Εἶπε
3129 1086 3256 1156 γοῦν
3311 1081 3428 1158 περὶ
3483 1087 3570 1136 τοῦ
3620 1081 3744 1154 ἐξολο-

2188 1170 2400 1240 θρεῦσαι
2433 1167 2646 1232 αὐτούς.

2263 1274 2384 1330 «Εἰ
2441 1276 2516 1348 μή
2577 1277 2782 1346 Μωσῆς
2841 1278 2870 1332 6
2926 1275 3180 1350 ἐκλεκτὸς
3235 1277 3396 1334 αὐτοῦ
3459 1274 3574 1354 ἔστη
3621 1277 3662 1335 ἐν
3699 1281 3746 1350 τῇ

2186 1362 2408 1438 θραύσει
2459 1363 2686 1422 ἐνώπιον
2753 1365 2938 1424 αὐτοῦ.
2997 1389 3026 1418 ›)
3078 1398 3148 1409 -
3203 1367 3344 1444 Ἔφη
3417 1366 3543 1442 πρὸς
3606 1367 3746 1442 Κύριον

2189 1453 2222 1517 _6
2252 1459 2510 1526 Μωϋσῆς,
2559 1478 2587 1506 (ι
2646 1454 2711 1510 Εἴ
2769 1455 2862 1528 μὲν
2947 1455 3088 1533 ἀφῇς
3143 1454 3324 1518 αὐτοῖς
3379 1456 3473 1524 τήν
3525 1454 3750 1540 ἀμαρτίαν,

2193 1541 2338 1617 ἄφες·
2365 1541 2409 1596 εἰ
2441 1540 2498 1597 δὲ
2531 1544 2630 1615 μή,
2661 1542 2938 1617 ἐξάλειψόν
2975 1565 3041 1616 με
3070 1544 3130 1599 ἐκ
3153 1546 3251 1612 τῆς
3301 1537 3488 1619 βίϐλου
3537 1537 3593 1612 ἧς
3639 1542 3750 1620 ἔγρα-

2190 1633 2310 1704 ψας.
2348 1655 2376 1683 ››
3682 1623 3686 1626 Ὺ

2265 1744 2292 1770 ‹‹
2322 1721 2428 1778 Καὶ
2471 1717 2791 1792 ἐξουδένωσε
2829 1727 2932 1796 γῆν
2982 1720 3342 1797 ἐπιθυμητήν.
3381 1745 3408 1772 ››
3437 1752 3502 1764 --
3528 1722 3606 1782 Ὠς
3643 1719 3753 1776 ούδὶν

2189 1807 2355 1877 αὐτὴν
2388 1807 2760 1884 λογισάμενοι,
2793 1809 2883 1866 ὅτε
2916 1807 3173 1880 δηλονότι
3213 1811 3266 1866 οἱ
3317 1808 3668 1874 ἀποσταλέντες
3703 1811 3757 1872 εἰς

2111 1894 2287 1966 Βτήν
2342 1897 2634 1974 εἰρημένην
2692 1906 2794 1974 γῆν
2854 1900 3183 1956 κατάσκοποι
3253 1899 3645 1974 ὑποστρέψαντες
3687 1901 3756 1967 τὴν

2193 1983 2397 2044 δειλίαν
2455 1985 2646 2057 ἐνῆκαν
2705 1991 2783 2059 τῷ
2842 1985 2978 2060 λαῷ,
3037 1989 3315 2064 γενναίους
3388 1987 3602 2048 εἰπόντες
3664 1987 3757 2044 εἶναι

2190 2073 2316 2136 τοὺς
2375 2079 2755 2137 κατοικοῦντας
2813 2073 2863 2130 ἐν
2923 2074 3082 2145 αὐτῆ⁸
3140 2077 3263 2132 τότε
3320 2077 3422 2151 γὰρ
3476 2078 3508 2144 ἡ
3537 2077 3758 2152 συναγωγή

2191 2167 2286 2218 τοῦ
2337 2162 2471 2218 λαοῦ
2529 2169 2663 2218 πᾶσε
2716 2160 2930 2219 ἔκλαιον
2991 2164 3043 2220 ἐν
3097 2171 3216 2228 ταῖς
3271 2170 3493 2235 σκηναῖς
3530 2164 3758 2220 αὐτῶνκαὶ

2191 2252 2485 2329 ἐγόγγυζον
2496 2298 2509 2311 .

2264 2367 2293 2395 ι(
2324 2342 2434 2398 Οὐκ
2483 2341 2792 2398 ἐπίστευσαν
2839 2347 2917 2415 τῷ
2973 2339 3124 2422 λόγῳ
3176 2343 3366 2402 αὐτοῦ.
3399 2345 3642 2400 »--“¹Οτι
3687 2338 3761 2420 δώ·

2191 2451 2270 2486 σει
2302 2430 2485 2494 αὐτοῖς
2517 2431 2704 2502 αὐτήν.

2266 2563 2294 2590 ‹‹
2323 2539 2422 2596 Καὶ
2477 2537 2774 2615 ἐγόγγυσαν
2834 2538 2886 2594 ἐν
2939 2544 3058 2600 τοῖς
3101 2539 3456 2612 σκηνώμασιν
3505 2537 3670 2594 αὐτῶν·
3695 2536 3763 2590 οὐκ

2194 2626 2514 2698 εἰσήκουσαν
2569 2634 2669 2698 τῆς
2712 2635 2893 2706 φωνῆς
2950 2628 3168 2704 Κυρίου.
3231 2652 3261 2679 n
3320 2662 3391 2670 —
3428 2627 3533 2684 Οὑκ
3583 2625 3764 2694 ἐπίθη-

2191 2738 2282 2772 σαν
2341 2721 2420 2788 τῷ
2461 2721 2577 2789 Θεῷ
2621 2719 3055 2792 παρεγγυήσαντι
3101 2723 3206 2786 τῆς
3250 2715 3647 2792 ἐπηγγελμένης
3680 2713 3760 2774 ἐτι-

2191 2801 2352 2876 ϐῆναι
2382 2813 2505 2882 γῆς.

2262 2921 2290 2948 ‹‹
2323 2896 2419 2952 Καὶ
2450 2894 2619 2972 ἐπῆρε
2644 2896 2744 2964 τήν
2774 2900 2938 2970 χεῖρα
2986 2893 3149 2952 αὐτοῦ
3193 2893 3274 2949 ἐπ’
3328 2893 3537 2958 αύτούς.
3568 2917 3593 2944 ››
3620 2924 3672 2934 —
3693 2889 3757 2948 Καὶ

2191 2984 2403 3056 ἐκίνησε
2459 2985 2558 3054 τῆν
2615 2981 2945 3053 κολαστικὴν
2999 2982 3162 3038 αὐτοῦ
3219 2981 3450 3057 δύναμιν
3507 2981 3579 3038 ἐπ’
3604 2977 3755 3040 αύτούς.

2266 3100 2286 3126 α
2321 3078 2426 3129 Τοῦ
2458 3067 2779 3130 καταϐαλεῖν
2819 3070 3013 3134 αὐτοὺς
3060 3070 3111 3126 ἐν
3158 3078 3227 3141 τῆ
3263 3070 3490 3147 ἐρήμῳ.
3523 3095 3550 3121 ››
3577 3072 3758 3124 -Ὧπε

2185 3166 2485 3225 θανατῶσαι
2517 3161 2728 3224 αύτούς.

2267 3276 2294 3308 ι
2324 3253 2421 3308 Καὶ
2476 3255 2572 3306 τοῦ
2623 3245 2945 3308 καταϐαλεῖν
3000 3251 3064 3306 τὸ
3120 3251 3342 3327 σπέρμα
3397 3249 3562 3315 αὐτῶν
3605 3247 3653 3311 ,ἐν
3683 3250 3762 3303 τοῖς
3916 3321 3917 3332 γ

2188 3340 2375 3400 ἔθνεσι·
2436 3341 2526 3396 καὶ
2583 3337 2957 3414 διασκορπίσαι
3017 3338 3210 3402 αὐτοὺς
3260 3337 3315 3395 ἐν
3372 3344 3486 3403 ταῖς
3537 3337 3764 3414 χώραις.»

2187 3461 2257 3474 -
2285 3429 2419 3493 Τοὺς
2451 3430 2544 3504 μὲν
2579 3427 2810 3501 πατέρας
2843 3428 2919 3491 ὡς
2947 3429 3185 3490 ἀπειθεῖς
3232 3427 3399 3500 ἄλλῳ
3441 3427 3614 3504 τρόπῳ
3655 3422 3767 3478 κατέ-

2187 3515 2342 3592 ϐαλε,
2389 3524 2468 3591 τῷ
2525 3517 2737 3590 θανάτῳ
2784 3519 2909 3594 γὰρ,
2953 3519 3021 3574 τὰ
3069 3516 3226 3574 τέκνα
3271 3513 3338 3578 δὲ
3388 3507 3770 3590 κατέσπειρεν,δ

2187 3608 2319 3680 ἐστι,
2351 3608 2618 3680 κατῴκισε
2664 3610 2968 3681 πανταχοῦ,
3003 3605 3054 3662 ἐν
3111 3610 3229 3668 τοῖς
3279 3602 3679 3677 ἕθνεσιν,ἧγουν
3722 3606 3768 3664 τῆ

2185 3704 2258 3773 γῆ
2312 3701 2418 3752 τῶν
2483 3695 2648 3752 ἐθνῶν
2706 3701 2772 3765 τῆ
2841 3693 3244 3771 ἐπηγγελμένῃ.
3279 3694 3405 3759 Ἐπ’
3437 3693 3608 3768 ἀγαθῷ
3656 3687 3702 3743 δὲ
3724 3684 3772 3740 εἴ·

2188 3808 2348 3864 ρηται
2402 3786 2492 3840 καὶ
2547 3786 2610 3841 τὸ
2675 3782 3073 3859 διασκορπίσαιο
3123 3780 3285 3853 δίκην
3359 3785 3460 3860 γὰρ
3522 3781 3770 3855 σπέρματος

2187 3874 2324 3932 ὥστε
2370 3874 2724 3950 ἐκριζωθῆναι
2772 3873 2861 3929 καὶ
2923 3872 3222 3951 αὐξηθῆναι
3287 3872 3385 3927 καὶ
3461 3867 3766 3940 πληθυνθῆναι

2187 3965 2238 4022 ἐν
2295 3970 2414 4027 ταῖς
2473 3965 2687 4040 χώραις
2735 3966 2845 4018 τῶν
2895 3962 3058 4032 ἐθνῶν
3122 3961 3382 4039 ἀπάσαις,
3431 3957 3586 4040 ἤγουν
3631 3963 3682 4023 τῆ
3718 3959 3765 4027 κρῖ

2183 4055 2286 4125 τῆς
2316 4052 2662 4130 ἐπαγγελίας.

2259 4186 2287 4214 ‹‹
2316 4161 2415 4216 Καὶ
2464 4157 2811 4228 ἐτελέσθησαν
2855 4155 2935 4230 τῷ
2980 4155 3316 4234 Βεελφεγώρ,
3374 4180 3402 4206 n
3449 4187 3517 4199 -
3559 4151 3659 4223 Βὴλ
3704 4147 3767 4204 καὶ

2187 4248 2334 4310 Βάαλ
2365 4249 2455 4305 καὶ
2485 4248 2622 4306 Βέελ
2649 4248 2712 4303 τὸ
2745 4246 2873 4304 αὑτό
2925 4245 3086 4316 ἐστιν,
3119 4242 3353 4310 εἴδωλον
3412 4249 3508 4300 τοῦ
3555 4242 3766 4317 Πριάπρυο

2187 4339 2306 4396 λίᾶν
2364 4339 2868 4414 ἀσγημονέστατον.
2902 4337 3094 4415 Φεγὼρ
3148 4331 3207 4390 δέ
3259 4334 3488 4401 τοπικὸν
3536 4326 3768 4403 avom.“

2183 4427 2504 4506 Βεελφεγὼρ
2553 4425 2643 4483 οὖν
2702 4425 2952 4490 σύνθετος
3012 4421 3157 4494 λέξις
3213 4422 3351 4492 ἐστὶ,
3383 4424 3446 4484 τό
3501 4442 3555 4476 τε
3585 4415 3767 4506 Δεἶ’ἶῖιιλλξπξ

2185 4499 2433 4587 δηλοῦσα
2476 4499 2575 4570 ⁷καὶ
2628 4514 2720 4570 τὸν
2776 4513 2942 4569 τόπον
3004 4512 3056 4567 ἐν
3093 4512 3139 4584 ᾧ
3168 4511 3228 4566 τὸ
3261 4509 3493 4567 εἴδωλον
3523 4510 3605 4578 ἦν.
3632 4507 3690 4563 Τὸ
3730 4499 3771 4557 δὶ

2183 4603 2532 4676 ἐτελέσθησαν
2637 4601 2803 4674 δηλοῖ
2879 4602 2941 4658 τὸ
3025 4600 3368 4675 ἐμυήθησαν,
3455 4598 3768 4680 ᾠκειοῦθησαν,

2177 4691 2554 4773 ἀφιερώθησαν
2565 4736 2578 4750 .

2253 4808 2280 4835 ‹‹
2310 4769 2411 4838 Καὶ
2468 4779 2660 4861 ἔφαγον
2722 4779 2904 4845 θυσίας
2957 4781 3185 4855 νεκρῶν,
3222 4802 3264 4842 ν»
3315 4810 3385 4822 —-
3433 4776 3610 4853 ¹Νεκρὰ
3663 4769 3771 4843 λὲγιι

2177 4873 2246 4928 τὰ
2273 4869 2480 4928 εἴδωλα
2505 4872 2578 4933 ὡς
2609 4868 2923 4939 ἀναίσθητα.

2252 5004 2281 5031 ‹‹
2312 4979 2410 5033 Καὶ
2486 4977 2802 5054 παρώξυναν
2855 4975 3016 5032 αὑτὸν
3083 4974 3138 5031 ἐν
3204 4979 3320 5038 τοῖς
3405 4967 3769 5043 ἐπιτηδεύμασιν

2180 5068 2364 5126 αὐτοῦ.
2398 5092 2427 5121 ››
2457 5101 2528 5111 -
2557 5069 2642 5124 Ἐν
2675 5071 2792 5129 τοῖς
2820 5064 3094 5128 τοιούτοις
3124 5059 3308 5141 ἔργοις
3339 5062 3534 5120 αὐτῶν.

2251 5201 2280 5230 ‹‹
2309 5176 2409 5232 Καὶ
2429 5173 2738 5246 ἐπληθύνθη
2772 5172 2824 5230 ἐν
2851 5172 3037 5235 αὐτοῖς
3061 5173 3096 5242 ἡ
3143 5175 3372 5254 πτῶσις.
3409 5195 3438 5224 ››
3471 5201 3539 5213 —
3566 5165 3773 5242 Ἀποθνη·

2177 5265 2414 5322 σκόντων
2445 5262 2699 5320 πολλῶν.

2247 5397 2275 5424 ‹‹
2308 5371 2406 5428 Καὶ
2459 5367 2582 5442 ἔοτη
2635 5368 2825 5445 φινεὶς
2871 5367 2963 5424 καὶ
3010 5367 3308 5446 ἐξιλάσατῳ
3340 5365 3434 5446 καὶ
3473 5355 3768 5446 ,ἐκόπασπῆ

2175 5453 2414 5538 θραῦσις.
2450 5485 2477 5512 ››
2511 5493 2580 5502 -
2619 5459 2839 5527 Ἀνέστη
2871 5451 2961 5512 καὶ
3021 5445 3340 5528 ἐξιλεώσατο
3378 5445 3500 5511 τὸν
3544 5449 3681 5544 Θεὸν,
3707 5445 3769 5500 καὶ

2177 5531 2442 5606 ἐπαύσατο
2469 5552 2504 5620 ἡ
2547 5547 2912 5626 θανατοφόρος
2967 5543 3160 5622 πληγή
3217 5548 3312 5600 τοῦ
3346 5543 3512 5626 λαοῦ·
3544 5531 3648 5618 ’τὸν
3693 5535 3764 5611 γᾶξ

2177 5635 2401 5712 Ζαμϐρῆ
2450 5622 2772 5715 μιγνύμενον
2821 5622 3076 5714 φανερῶς
3127 5641 3194 5703 τῆ
3251 5622 3604 5720 Μαδιανίτιδι.
3635 5629 3766 5714 ζήλου

2177 5727 2439 5802 πλησθεὶς
2473 5729 2500 5784 6
2551 5727 2735 5790 Φινεὲς
2790 5724 2877 5782 καὶ
2921 5719 3103 5784 λαϐὼν
3162 5721 3311 5797 δόρυ,
3342 5719 3657 5788 συνεῖλεντὴ
3689 5735 3763 5791 γδ-

3701 6359 3824 6378 «mm:
3851 6359 3887 6366 ‘-
